Trd, 000001.367, 200
Trd, 000002.183, 141
Trd, 000003.017, 196
Trd, 000004.167, 160
Trd, 000004.600, 160
Trd, 000004.967, 160
Trd, 000006.283, 149
Trd, 000006.350, 158
Trd, 000006.817, 148
Trd, 000007.033, 154
Trd, 000007.233, 147
Trd, 000007.467, 147
Trd, 000009.167, 150
Trd, 000009.967, 146
Trd, 000010.017, 146
Trd, 000010.633, 145
Trd, 000011.233, 143
Trd, 000012.033, 143
Trd, 000012.733, 146
Trd, 000013.617, 142
Trd, 000013.717, 147
Trd, 000014.433, 146
Trd, 000014.883, 146
Trd, 000015.100, 144
Trd, 000015.133, 144
Trd, 000015.367, 144
Trd, 000015.967, 145
Trd, 000016.233, 144
Trd, 000016.917, 146
Trd, 000017.517, 144
Trd, 000017.833, 144
Trd, 000018.033, 143
Trd, 000018.133, 151
Trd, 000018.350, 143
Trd, 000019.450, 156
Trd, 000020.650, 148
Trd, 000021.000, 152
Trd, 000021.717, 148
Trd, 000021.783, 150
Trd, 000022.033, 148
Trd, 000023.317, 145
Trd, 000023.467, 133
Trd, 000024.067, 143
Trd, 000025.183, 138
Trd, 000025.200, 132
Trd, 000025.667, 137
Trd, 000025.833, 136
Trd, 000026.133, 138
Trd, 000027.000, 143
Trd, 000027.017, 137
Trd, 000029.133, 147
Trd, 000029.483, 144
Trd, 000029.583, 144
Trd, 000029.667, 141
Trd, 000031.117, 142
Trd, 000031.217, 144
Trd, 000031.733, 143
Trd, 000031.817, 142
Trd, 000032.567, 143
Trd, 000032.667, 142
Trd, 000032.983, 141
Trd, 000033.967, 143
Trd, 000034.017, 144
Trd, 000034.517, 145
Trd, 000034.583, 146
Trd, 000035.300, 140
Trd, 000035.667, 140
Trd, 000036.033, 147
Trd, 000036.650, 140
Trd, 000036.800, 146
Trd, 000037.683, 143
Trd, 000037.833, 147
Trd, 000037.867, 148
Trd, 000039.600, 149
Trd, 000040.067, 145
Trd, 000040.450, 145
Trd, 000041.533, 150
Trd, 000041.667, 160
Trd, 000041.850, 146
Trd, 000042.517, 147
Trd, 000042.800, 155
Trd, 000042.900, 147
Trd, 000043.633, 151
Trd, 000045.333, 151
Trd, 000046.067, 151
Trd, 000046.383, 149
Trd, 000046.600, 151
Trd, 000047.200, 147
Trd, 000047.817, 136
Trd, 000048.350, 148
Trd, 000048.567, 151
Trd, 000048.733, 147
Trd, 000049.883, 146
Trd, 000050.617, 148
Trd, 000050.950, 147
Trd, 000050.967, 146
Trd, 000051.217, 147
Trd, 000051.717, 148
Trd, 000052.350, 148
Trd, 000052.767, 146
Trd, 000053.033, 146
Trd, 000053.733, 147
Trd, 000053.917, 148
Trd, 000054.383, 145
Trd, 000054.483, 150
Trd, 000055.167, 145
Trd, 000056.083, 146
Trd, 000056.183, 143
Trd, 000057.250, 145
Trd, 000057.317, 148
Trd, 000057.433, 139
Trd, 000058.667, 148
Trd, 000059.017, 147
Trd, 000059.633, 144
Trd, 000059.700, 149
Trd, 000060.167, 149
Trd, 000060.583, 150
Trd, 000062.300, 144
Trd, 000062.567, 144
Trd, 000062.983, 145
Trd, 000063.683, 144
Trd, 000064.183, 143
Trd, 000064.267, 137
Trd, 000064.883, 148
Trd, 000065.650, 143
Trd, 000066.050, 149
Trd, 000066.500, 143
Trd, 000066.550, 150
Trd, 000067.017, 151
Trd, 000067.500, 160
Trd, 000068.300, 153
Trd, 000069.433, 151
Trd, 000070.283, 151
Trd, 000070.767, 156
Trd, 000070.867, 158
Trd, 000071.567, 151
Trd, 000071.783, 158
Trd, 000072.233, 155
Trd, 000073.217, 153
Trd, 000073.317, 155
Trd, 000073.800, 152
Trd, 000075.417, 153
Trd, 000075.550, 152
Trd, 000075.967, 152
Trd, 000076.050, 150
Trd, 000076.433, 153
Trd, 000076.983, 154
Trd, 000077.350, 158
Trd, 000078.217, 157
Trd, 000080.000, 153
Trd, 000080.367, 154
Trd, 000081.067, 154
Trd, 000081.300, 156
Trd, 000081.500, 154
Trd, 000082.350, 156
Trd, 000082.383, 158
Trd, 000082.917, 153
Trd, 000083.583, 152
Trd, 000084.583, 158
Trd, 000084.717, 163
Trd, 000085.833, 156
Trd, 000085.883, 167
Trd, 000086.633, 156
Trd, 000087.083, 158
Trd, 000087.267, 157
Trd, 000087.483, 157
Trd, 000088.200, 161
Trd, 000089.433, 157
Trd, 000089.867, 157
Trd, 000090.050, 158
Trd, 000090.283, 156
Trd, 000090.300, 154
Trd, 000090.850, 158
Trd, 000091.867, 157
Trd, 000092.817, 155
Trd, 000093.150, 158
Trd, 000093.350, 155
Trd, 000093.400, 154
Trd, 000093.417, 154
Trd, 000093.900, 154
Trd, 000094.750, 151
Trd, 000095.317, 150
Trd, 000096.717, 138
Trd, 000096.783, 146
Trd, 000096.817, 147
Trd, 000096.950, 140
Trd, 000098.117, 147
Trd, 000099.117, 147
Trd, 000099.917, 156
Trd, 000100.033, 148
Trd, 000100.350, 151
Trd, 000100.517, 151
Trd, 000100.867, 150
Trd, 000100.983, 148
Trd, 000101.400, 152
Trd, 000103.883, 150
Trd, 000104.067, 149
Trd, 000104.650, 149
Trd, 000104.717, 149
Trd, 000105.783, 151
Trd, 000105.983, 150
Trd, 000106.267, 151
Trd, 000106.450, 148
Trd, 000106.800, 153
Trd, 000106.983, 148
Trd, 000107.900, 149
Trd, 000108.317, 152
Trd, 000108.633, 149
Trd, 000109.283, 150
Trd, 000110.267, 149
Trd, 000110.400, 150
Trd, 000111.267, 152
Trd, 000112.583, 152
Trd, 000112.700, 153
Trd, 000113.033, 162
Trd, 000113.083, 152
Trd, 000113.267, 151
Trd, 000114.967, 152
Trd, 000115.267, 152
Trd, 000115.333, 151
Trd, 000115.867, 151
Trd, 000116.550, 151
Trd, 000116.983, 152
Trd, 000118.067, 151
Trd, 000118.667, 151
Trd, 000118.833, 151
Trd, 000119.183, 151
Trd, 000119.483, 150
Trd, 000120.467, 153
Trd, 000121.367, 156
Trd, 000121.533, 154
Trd, 000121.600, 153
Trd, 000122.617, 154
Trd, 000122.783, 156
Trd, 000123.017, 152
Trd, 000123.117, 152
Trd, 000123.767, 158
Trd, 000124.667, 166
Trd, 000125.850, 158
Trd, 000127.633, 159
Trd, 000128.000, 165
Trd, 000128.017, 158
Trd, 000128.117, 156
Trd, 000129.433, 163
Trd, 000129.517, 165
Trd, 000129.650, 163
Trd, 000130.183, 160
Trd, 000130.300, 168
Trd, 000130.400, 160
Trd, 000130.617, 168
Trd, 000131.867, 169
Trd, 000132.433, 163
Trd, 000132.767, 159
Trd, 000134.317, 157
Trd, 000134.783, 157
Trd, 000134.800, 156
Trd, 000134.933, 158
Trd, 000135.683, 158
Trd, 000135.883, 158
Trd, 000136.000, 156
Trd, 000136.217, 156
Trd, 000136.800, 157
Trd, 000137.183, 154
Trd, 000137.500, 154
Trd, 000138.617, 154
Trd, 000139.417, 154
Trd, 000140.167, 156
Trd, 000140.417, 156
Trd, 000140.867, 156
Trd, 000141.133, 155
Trd, 000141.433, 154
Trd, 000141.917, 154
Trd, 000142.850, 156
Trd, 000143.033, 155
Trd, 000143.933, 154
Trd, 000144.533, 157
Trd, 000144.750, 158
Trd, 000145.283, 154
Trd, 000145.617, 161
Trd, 000146.150, 165
Trd, 000146.817, 154
Trd, 000146.933, 154
Trd, 000147.700, 156
Trd, 000147.717, 157
Trd, 000147.883, 154
Trd, 000148.167, 164
Trd, 000150.083, 153
Trd, 000150.500, 152
Trd, 000151.117, 153
Trd, 000151.400, 157
Trd, 000151.917, 154
Trd, 000152.883, 155
Trd, 000152.967, 155
Trd, 000153.117, 157
Trd, 000154.833, 157
Trd, 000155.000, 156
Trd, 000155.600, 158
Trd, 000155.900, 158
Trd, 000156.050, 159
Trd, 000156.750, 166
Trd, 000156.767, 159
Trd, 000157.183, 170
Trd, 000157.433, 161
Trd, 000157.750, 160
Trd, 000157.833, 157
Trd, 000159.883, 162
Trd, 000159.983, 160
Trd, 000160.683, 161
Trd, 000160.700, 160
Trd, 000160.950, 159
Trd, 000161.600, 159
Trd, 000162.083, 159
Trd, 000162.300, 160
Trd, 000162.700, 158
Trd, 000163.667, 158
Trd, 000163.800, 157
Trd, 000163.833, 158
Trd, 000164.017, 157
Trd, 000164.667, 157
Trd, 000165.117, 159
Trd, 000165.867, 157
Trd, 000165.967, 157
Trd, 000166.800, 161
Trd, 000167.750, 161
Trd, 000167.767, 195
Trd, 000167.950, 196
Trd, 000168.483, 161
Trd, 000168.550, 169
Trd, 000171.100, 164
Trd, 000171.117, 163
Trd, 000171.417, 169
Trd, 000171.617, 169
Trd, 000172.700, 169
Trd, 000172.733, 171
Trd, 000173.300, 172
Trd, 000173.550, 165
Trd, 000174.367, 164
Trd, 000174.833, 164
Trd, 000175.117, 170
Trd, 000176.250, 165
Trd, 000176.833, 165
Trd, 000177.700, 166
Trd, 000177.733, 165
Trd, 000178.283, 164
Trd, 000178.683, 164
Trd, 000178.933, 163
Trd, 000179.367, 162
Trd, 000179.567, 165
Trd, 000179.800, 164
Trd, 000181.233, 165
Trd, 000181.350, 165
Trd, 000181.917, 166
Trd, 000182.433, 164
Trd, 000183.367, 165
Trd, 000184.283, 163
Trd, 000184.367, 160
Trd, 000184.467, 159
Trd, 000184.833, 163
Trd, 000185.633, 162
Trd, 000185.700, 161
Trd, 000186.167, 161
Trd, 000187.033, 157
Trd, 000187.733, 161
Trd, 000188.083, 160
Trd, 000189.283, 160
Trd, 000189.317, 162
Trd, 000189.567, 159
Trd, 000189.900, 161
Trd, 000190.767, 160
Trd, 000191.133, 161
Trd, 000191.200, 159
Trd, 000192.283, 168
Trd, 000193.283, 161
Trd, 000193.600, 164
Trd, 000194.167, 164
Trd, 000195.483, 161
Trd, 000195.850, 165
Trd, 000195.917, 161
Trd, 000196.017, 161
Trd, 000196.850, 161
Trd, 000196.933, 164
Trd, 000197.517, 164
Trd, 000197.717, 160
Trd, 000199.283, 161
Trd, 000199.333, 161
Trd, 000200.167, 161
Trd, 000200.283, 161
Trd, 000200.600, 161
Trd, 000200.833, 161
Trd, 000200.917, 159
Trd, 000201.733, 161
Trd, 000203.250, 161
Trd, 000203.267, 163
Trd, 000203.667, 164
Trd, 000205.017, 162
Trd, 000205.150, 166
Trd, 000205.450, 159
Trd, 000206.767, 164
Trd, 000207.567, 163
Trd, 000208.050, 163
Trd, 000209.433, 164
Trd, 000209.483, 165
Trd, 000209.767, 164
Trd, 000210.117, 166
Trd, 000210.550, 164
Trd, 000210.617, 164
Trd, 000211.183, 165
Trd, 000211.283, 163
Trd, 000211.750, 167
Trd, 000213.850, 167
Trd, 000213.883, 166
Trd, 000214.283, 165
Trd, 000214.550, 174
Trd, 000216.500, 168
Trd, 000216.583, 168
Trd, 000216.917, 168
Trd, 000217.833, 167
Trd, 000218.350, 166
Trd, 000218.733, 167
Trd, 000219.333, 167
Trd, 000219.367, 168
Trd, 000219.817, 169
Trd, 000220.267, 165
Trd, 000220.783, 165
Trd, 000221.217, 163
Trd, 000221.417, 177
Trd, 000222.683, 164
Trd, 000222.817, 169
Trd, 000224.017, 165
Trd, 000224.050, 165
Trd, 000224.417, 163
Trd, 000224.583, 149
Trd, 000224.833, 164
Trd, 000225.033, 143
Trd, 000226.017, 166
Trd, 000226.450, 166
Trd, 000226.767, 177
Trd, 000227.417, 166
Trd, 000227.467, 164
Trd, 000229.450, 166
Trd, 000229.950, 167
Trd, 000230.150, 167
Trd, 000230.233, 166
Trd, 000230.650, 165
Trd, 000230.983, 165
Trd, 000231.817, 166
Trd, 000232.350, 167
Trd, 000232.850, 171
Trd, 000233.217, 165
Trd, 000233.800, 165
Trd, 000233.950, 164
Trd, 000234.433, 164
Trd, 000235.467, 164
Trd, 000235.683, 164
Trd, 000236.233, 164
Trd, 000236.333, 163
Trd, 000236.767, 164
Trd, 000238.600, 164
Trd, 000238.983, 163
Trd, 000239.150, 165
Trd, 000239.200, 166
Trd, 000239.317, 154
Trd, 000239.367, 168
Trd, 000241.000, 167
Trd, 000241.167, 159
Trd, 000241.300, 168
Trd, 000241.683, 162
Trd, 000241.950, 166
Trd, 000242.250, 163
Trd, 000243.733, 162
Trd, 000244.233, 165
Trd, 000244.583, 164
Trd, 000244.917, 163
Trd, 000245.100, 163
Trd, 000245.250, 164
Trd, 000245.267, 161
Trd, 000245.967, 165
Trd, 000246.100, 170
Trd, 000246.450, 169
Trd, 000246.767, 168
Trd, 000246.900, 163
Trd, 000247.333, 172
Trd, 000248.300, 171
Trd, 000248.367, 172
Trd, 000248.567, 172
Trd, 000249.083, 173
Trd, 000250.017, 171
Trd, 000250.867, 171
Trd, 000250.900, 173
Trd, 000251.767, 178
Trd, 000252.000, 172
Trd, 000252.300, 179
Trd, 000252.350, 170
Trd, 000254.600, 176
Trd, 000254.767, 177
Trd, 000255.750, 175
Trd, 000255.800, 176
Trd, 000256.200, 177
Trd, 000256.433, 178
Trd, 000256.950, 174
Trd, 000257.467, 178
Trd, 000257.700, 174
Trd, 000258.783, 175
Trd, 000258.800, 177
Trd, 000259.000, 173
Trd, 000259.583, 174
Trd, 000259.783, 178
Trd, 000260.417, 181
Trd, 000260.650, 181
Trd, 000261.150, 173
Trd, 000261.233, 173
Trd, 000261.367, 169
Trd, 000261.917, 177
Trd, 000262.250, 174
Trd, 000262.667, 177
Trd, 000263.433, 178
Trd, 000263.517, 174
Trd, 000263.650, 178
Trd, 000263.817, 173
Trd, 000263.933, 167
Trd, 000264.867, 158
Trd, 000266.983, 172
Trd, 000267.217, 174
Trd, 000267.300, 174
Trd, 000267.450, 174
Trd, 000268.233, 174
Trd, 000268.950, 178
Trd, 000269.483, 177
Trd, 000269.667, 178
Trd, 000270.483, 175
Trd, 000270.600, 175
Trd, 000271.083, 174
Trd, 000271.267, 173
Trd, 000271.317, 170
Trd, 000271.550, 175
Trd, 000272.583, 175
Trd, 000272.983, 182
Trd, 000274.000, 176
Trd, 000274.250, 183
Trd, 000274.483, 184
Trd, 000274.967, 177
Trd, 000275.183, 178
Trd, 000275.317, 185
Trd, 000275.350, 174
Trd, 000275.400, 190
Trd, 000275.667, 175
Trd, 000275.983, 174
Trd, 000276.783, 181
Trd, 000277.050, 175
Trd, 000278.317, 176
Trd, 000278.633, 177
Trd, 000278.883, 176
Trd, 000279.467, 173
Trd, 000279.883, 174
Trd, 000280.067, 178
Trd, 000280.300, 179
Trd, 000280.700, 178
Trd, 000281.333, 174
Trd, 000282.367, 178
Trd, 000282.917, 176
Trd, 000283.483, 179
Trd, 000284.067, 176
Trd, 000284.500, 174
Trd, 000284.567, 177
Trd, 000284.600, 182
Trd, 000285.300, 174
Trd, 000285.533, 177
Trd, 000285.733, 175
Trd, 000285.833, 181
Trd, 000286.283, 174
Trd, 000287.150, 178
Trd, 000287.283, 173
Trd, 000288.400, 172
Trd, 000289.433, 172
Trd, 000289.450, 174
Trd, 000289.750, 174
Trd, 000290.917, 173
Trd, 000291.300, 173
Trd, 000291.750, 175
Trd, 000292.350, 172
Trd, 000292.417, 171
Trd, 000292.517, 171
Trd, 000292.650, 172
Trd, 000292.717, 171
Trd, 000292.833, 173
Trd, 000293.833, 173
Trd, 000294.367, 173
Trd, 000295.317, 173
Trd, 000295.350, 171
Trd, 000296.400, 174
Trd, 000296.700, 172
Trd, 000297.000, 171
Trd, 000297.017, 170
Trd, 000297.633, 173
Trd, 000297.883, 173
Trd, 000298.317, 170
Trd, 000298.533, 171
Trd, 000298.783, 173
Trd, 000299.133, 170
Trd, 000299.183, 169
Trd, 000299.667, 174
Trd, 000299.700, 175
