Trd, 000001.650, 186
Trd, 000002.733, 179
Trd, 000003.233, 182
Trd, 000003.550, 175
Trd, 000004.067, 164
Trd, 000004.900, 174
Trd, 000005.367, 158
Trd, 000005.933, 162
Trd, 000006.233, 152
Trd, 000007.450, 143
Trd, 000007.967, 153
Trd, 000008.467, 153
Trd, 000008.800, 153
Trd, 000008.867, 154
Trd, 000009.183, 144
Trd, 000009.583, 155
Trd, 000011.333, 153
Trd, 000011.700, 149
Trd, 000013.267, 153
Trd, 000013.433, 153
Trd, 000013.900, 151
Trd, 000014.583, 150
Trd, 000015.233, 147
Trd, 000015.483, 145
Trd, 000016.383, 148
Trd, 000016.600, 148
Trd, 000018.117, 148
Trd, 000018.583, 149
Trd, 000018.967, 148
Trd, 000019.017, 151
Trd, 000019.917, 148
Trd, 000020.950, 148
Trd, 000021.583, 147
Trd, 000021.633, 147
Trd, 000022.850, 147
Trd, 000023.317, 147
Trd, 000023.617, 149
Trd, 000024.217, 149
Trd, 000024.767, 150
Trd, 000024.950, 150
Trd, 000025.150, 148
Trd, 000025.350, 146
Trd, 000025.833, 153
Trd, 000026.033, 146
Trd, 000027.150, 149
Trd, 000027.267, 151
Trd, 000028.917, 148
Trd, 000030.200, 151
Trd, 000030.367, 152
Trd, 000030.433, 150
Trd, 000031.033, 151
Trd, 000031.200, 154
Trd, 000031.333, 154
Trd, 000031.400, 148
Trd, 000033.300, 153
Trd, 000034.017, 152
Trd, 000034.100, 151
Trd, 000034.200, 153
Trd, 000034.917, 152
Trd, 000035.367, 151
Trd, 000035.617, 151
Trd, 000036.233, 149
Trd, 000036.683, 150
Trd, 000039.800, 164
Trd, 000039.833, 154
Trd, 000040.117, 162
Trd, 000040.517, 164
Trd, 000040.717, 159
Trd, 000040.867, 156
Trd, 000041.250, 155
Trd, 000042.800, 155
Trd, 000042.967, 149
Trd, 000043.133, 156
Trd, 000043.950, 156
Trd, 000043.967, 148
Trd, 000044.533, 153
Trd, 000045.217, 151
Trd, 000045.283, 151
Trd, 000045.333, 152
Trd, 000045.600, 149
Trd, 000046.033, 151
Trd, 000047.433, 144
Trd, 000047.750, 151
Trd, 000049.267, 166
Trd, 000049.550, 155
Trd, 000050.183, 157
Trd, 000050.300, 163
Trd, 000050.850, 161
Trd, 000051.850, 160
Trd, 000052.183, 159
Trd, 000052.517, 161
Trd, 000053.383, 160
Trd, 000053.450, 162
Trd, 000053.700, 162
Trd, 000053.800, 160
Trd, 000054.333, 162
Trd, 000054.867, 164
Trd, 000056.850, 163
Trd, 000056.933, 163
Trd, 000057.450, 160
Trd, 000058.417, 157
Trd, 000058.783, 150
Trd, 000059.350, 149
Trd, 000059.500, 157
Trd, 000059.683, 158
Trd, 000060.667, 156
Trd, 000062.233, 154
Trd, 000062.483, 156
Trd, 000062.833, 154
Trd, 000063.083, 153
Trd, 000063.833, 149
Trd, 000064.517, 150
Trd, 000065.583, 149
Trd, 000065.917, 150
Trd, 000066.067, 157
Trd, 000066.883, 167
Trd, 000067.133, 165
Trd, 000067.650, 168
Trd, 000067.850, 164
Trd, 000069.100, 167
Trd, 000069.550, 161
Trd, 000070.617, 165
Trd, 000071.250, 164
Trd, 000072.250, 164
Trd, 000073.850, 163
Trd, 000073.917, 164
Trd, 000074.167, 157
Trd, 000075.633, 160
Trd, 000076.233, 156
Trd, 000076.450, 155
Trd, 000076.717, 151
Trd, 000078.367, 154
Trd, 000078.400, 150
Trd, 000078.500, 153
Trd, 000079.683, 157
Trd, 000080.917, 153
Trd, 000081.217, 153
Trd, 000081.967, 155
Trd, 000082.483, 153
Trd, 000084.017, 155
Trd, 000084.250, 158
Trd, 000084.467, 157
Trd, 000084.500, 159
Trd, 000085.883, 162
Trd, 000086.317, 162
Trd, 000086.617, 163
Trd, 000087.067, 162
Trd, 000087.283, 160
Trd, 000087.617, 167
Trd, 000088.267, 162
Trd, 000088.950, 159
Trd, 000089.617, 160
Trd, 000090.417, 159
Trd, 000091.067, 157
Trd, 000091.117, 157
Trd, 000091.467, 158
Trd, 000092.450, 156
Trd, 000092.667, 159
Trd, 000092.850, 154
Trd, 000094.367, 158
Trd, 000094.417, 160
Trd, 000095.683, 159
Trd, 000096.583, 162
Trd, 000096.650, 160
Trd, 000096.883, 163
Trd, 000099.067, 163
Trd, 000099.150, 163
Trd, 000099.267, 162
Trd, 000099.450, 164
Trd, 000101.200, 168
Trd, 000102.333, 165
Trd, 000102.933, 165
Trd, 000103.250, 164
Trd, 000103.667, 161
Trd, 000103.883, 159
Trd, 000104.800, 167
Trd, 000105.767, 158
Trd, 000106.067, 156
Trd, 000107.083, 159
Trd, 000108.317, 157
Trd, 000108.583, 155
Trd, 000108.850, 157
Trd, 000109.200, 159
Trd, 000109.517, 160
Trd, 000111.333, 159
Trd, 000111.517, 160
Trd, 000111.550, 160
Trd, 000111.750, 159
Trd, 000111.833, 162
Trd, 000112.267, 163
Trd, 000113.767, 161
Trd, 000114.550, 159
Trd, 000114.617, 158
Trd, 000114.950, 157
Trd, 000115.717, 158
Trd, 000115.817, 157
Trd, 000116.183, 156
Trd, 000116.267, 157
Trd, 000116.283, 146
Trd, 000116.733, 160
Trd, 000117.100, 163
Trd, 000118.983, 159
Trd, 000120.633, 163
Trd, 000121.417, 163
Trd, 000122.633, 163
Trd, 000122.717, 162
Trd, 000122.817, 163
Trd, 000123.100, 162
Trd, 000123.500, 162
Trd, 000123.833, 162
Trd, 000124.100, 161
Trd, 000125.667, 160
Trd, 000126.567, 160
Trd, 000127.500, 159
Trd, 000127.867, 160
Trd, 000128.817, 159
Trd, 000130.450, 160
Trd, 000130.583, 161
Trd, 000131.150, 160
Trd, 000132.083, 161
Trd, 000132.267, 164
Trd, 000133.533, 165
Trd, 000134.183, 163
Trd, 000135.783, 162
Trd, 000135.850, 162
Trd, 000136.300, 162
Trd, 000136.633, 161
Trd, 000136.783, 161
Trd, 000137.133, 157
Trd, 000138.517, 156
Trd, 000139.250, 175
Trd, 000139.317, 158
Trd, 000140.683, 172
Trd, 000141.000, 172
Trd, 000141.517, 172
Trd, 000141.850, 159
Trd, 000142.200, 174
Trd, 000143.150, 166
Trd, 000143.183, 172
Trd, 000143.283, 171
Trd, 000145.150, 168
Trd, 000145.217, 176
Trd, 000145.717, 167
Trd, 000146.167, 167
Trd, 000146.333, 169
Trd, 000147.050, 169
Trd, 000147.117, 167
Trd, 000147.650, 171
Trd, 000147.733, 165
Trd, 000150.200, 167
Trd, 000150.617, 167
Trd, 000150.683, 166
Trd, 000150.833, 169
Trd, 000151.267, 171
Trd, 000152.133, 166
Trd, 000152.200, 165
Trd, 000153.000, 163
Trd, 000154.300, 169
Trd, 000156.383, 166
Trd, 000156.483, 165
Trd, 000156.583, 164
Trd, 000156.717, 165
Trd, 000156.833, 164
Trd, 000157.133, 165
Trd, 000157.783, 166
Trd, 000158.383, 164
Trd, 000158.933, 164
Trd, 000158.967, 168
Trd, 000159.217, 161
Trd, 000159.950, 167
Trd, 000160.850, 167
Trd, 000160.917, 168
Trd, 000162.100, 162
Trd, 000162.950, 162
Trd, 000163.367, 162
Trd, 000163.617, 164
Trd, 000163.767, 160
Trd, 000164.033, 157
Trd, 000166.517, 161
Trd, 000166.733, 161
Trd, 000167.350, 162
Trd, 000167.367, 163
Trd, 000167.767, 168
Trd, 000168.517, 160
Trd, 000169.183, 175
Trd, 000169.450, 169
Trd, 000169.817, 169
Trd, 000170.517, 170
Trd, 000170.850, 177
Trd, 000171.317, 178
Trd, 000171.450, 171
Trd, 000174.250, 175
Trd, 000174.333, 179
Trd, 000175.083, 176
Trd, 000175.533, 176
Trd, 000175.550, 177
Trd, 000175.950, 174
Trd, 000177.900, 174
Trd, 000178.200, 177
Trd, 000178.500, 176
Trd, 000178.950, 174
Trd, 000179.300, 173
Trd, 000179.383, 174
Trd, 000179.867, 174
Trd, 000180.350, 166
Trd, 000180.917, 172
Trd, 000182.283, 163
Trd, 000182.417, 162
Trd, 000182.483, 163
Trd, 000182.783, 169
Trd, 000182.817, 158
Trd, 000184.767, 166
Trd, 000184.783, 164
Trd, 000185.333, 166
Trd, 000185.650, 167
Trd, 000186.017, 165
Trd, 000187.450, 170
Trd, 000188.367, 172
Trd, 000189.350, 165
Trd, 000189.400, 171
Trd, 000190.283, 171
Trd, 000190.450, 172
Trd, 000191.050, 173
Trd, 000191.083, 170
Trd, 000191.583, 177
Trd, 000191.683, 181
Trd, 000191.883, 169
Trd, 000191.983, 164
Trd, 000193.167, 163
Trd, 000193.633, 172
Trd, 000193.767, 163
Trd, 000194.133, 172
Trd, 000195.567, 164
Trd, 000195.717, 164
Trd, 000195.817, 167
Trd, 000195.867, 169
Trd, 000196.050, 163
Trd, 000197.167, 162
Trd, 000198.900, 168
Trd, 000199.150, 181
Trd, 000199.500, 181
Trd, 000199.883, 167
Trd, 000199.983, 161
Trd, 000201.733, 178
Trd, 000202.150, 177
Trd, 000203.283, 177
Trd, 000203.783, 176
Trd, 000203.800, 177
Trd, 000205.200, 175
Trd, 000205.300, 173
Trd, 000205.517, 172
Trd, 000205.750, 168
Trd, 000206.933, 171
Trd, 000206.983, 160
Trd, 000208.017, 162
Trd, 000209.067, 164
Trd, 000210.200, 155
Trd, 000210.367, 162
Trd, 000211.850, 161
Trd, 000212.383, 162
Trd, 000212.667, 162
Trd, 000213.117, 163
Trd, 000213.600, 163
Trd, 000213.967, 163
Trd, 000215.617, 172
Trd, 000215.967, 167
Trd, 000216.150, 180
Trd, 000216.250, 166
Trd, 000216.667, 184
Trd, 000216.983, 183
Trd, 000219.417, 176
Trd, 000219.933, 180
Trd, 000220.333, 177
Trd, 000220.467, 178
Trd, 000220.750, 177
Trd, 000220.917, 178
Trd, 000221.333, 175
Trd, 000222.317, 174
Trd, 000223.250, 174
Trd, 000223.350, 175
Trd, 000223.367, 173
Trd, 000223.433, 175
Trd, 000223.617, 176
Trd, 000224.683, 173
Trd, 000226.033, 182
Trd, 000226.067, 178
Trd, 000227.167, 177
Trd, 000228.050, 176
Trd, 000228.417, 180
Trd, 000229.200, 177
Trd, 000229.517, 183
Trd, 000230.617, 177
Trd, 000231.067, 177
Trd, 000231.317, 180
Trd, 000231.533, 178
Trd, 000232.550, 175
Trd, 000233.100, 175
Trd, 000233.117, 174
Trd, 000233.133, 171
Trd, 000233.800, 176
Trd, 000234.917, 171
Trd, 000235.167, 171
Trd, 000235.617, 174
Trd, 000236.917, 174
Trd, 000237.900, 174
Trd, 000238.333, 171
Trd, 000238.433, 171
Trd, 000239.550, 173
Trd, 000239.617, 170
Trd, 000240.067, 173
Trd, 000240.167, 174
Trd, 000240.817, 174
Trd, 000241.317, 173
Trd, 000242.000, 180
Trd, 000242.283, 176
Trd, 000242.400, 175
Trd, 000243.200, 172
Trd, 000243.750, 169
Trd, 000245.183, 170
Trd, 000245.533, 169
Trd, 000245.950, 170
Trd, 000246.417, 176
Trd, 000247.483, 183
Trd, 000248.000, 181
Trd, 000248.200, 175
Trd, 000249.117, 179
Trd, 000249.150, 177
Trd, 000249.467, 177
Trd, 000249.983, 178
Trd, 000250.083, 175
Trd, 000250.250, 173
Trd, 000250.317, 169
Trd, 000250.700, 155
Trd, 000251.383, 176
Trd, 000251.633, 173
Trd, 000252.617, 173
Trd, 000252.717, 168
Trd, 000252.800, 169
Trd, 000252.850, 172
Trd, 000253.300, 174
Trd, 000254.350, 176
Trd, 000254.750, 172
Trd, 000255.267, 176
Trd, 000255.400, 175
Trd, 000255.900, 178
Trd, 000256.067, 170
Trd, 000256.333, 170
Trd, 000257.250, 170
Trd, 000257.850, 173
Trd, 000258.017, 170
Trd, 000258.317, 171
Trd, 000258.900, 172
Trd, 000259.783, 172
Trd, 000259.883, 172
Trd, 000260.233, 171
Trd, 000260.733, 169
Trd, 000260.917, 171
Trd, 000261.800, 170
Trd, 000262.267, 173
Trd, 000263.150, 172
Trd, 000264.467, 173
Trd, 000264.500, 171
Trd, 000264.817, 175
Trd, 000264.850, 181
Trd, 000265.250, 185
Trd, 000265.433, 184
Trd, 000265.667, 185
Trd, 000265.900, 180
Trd, 000266.333, 181
Trd, 000267.117, 179
Trd, 000267.217, 177
Trd, 000267.850, 181
Trd, 000267.950, 179
Trd, 000269.433, 177
Trd, 000269.500, 180
Trd, 000269.750, 175
Trd, 000269.817, 181
Trd, 000269.917, 171
Trd, 000270.467, 175
Trd, 000271.500, 176
Trd, 000272.033, 174
Trd, 000272.200, 180
Trd, 000272.817, 180
Trd, 000272.883, 174
Trd, 000273.983, 175
Trd, 000274.100, 179
Trd, 000274.250, 175
Trd, 000274.333, 177
Trd, 000274.900, 172
Trd, 000275.317, 173
Trd, 000276.167, 175
Trd, 000276.850, 172
Trd, 000277.433, 172
Trd, 000277.550, 171
Trd, 000277.850, 175
Trd, 000278.283, 173
Trd, 000278.367, 176
Trd, 000279.250, 170
Trd, 000279.667, 177
Trd, 000280.033, 171
Trd, 000280.583, 170
Trd, 000281.200, 171
Trd, 000281.650, 172
Trd, 000282.217, 171
Trd, 000282.517, 171
Trd, 000282.633, 172
Trd, 000282.700, 174
Trd, 000282.767, 174
Trd, 000283.467, 179
Trd, 000283.733, 177
Trd, 000284.133, 177
Trd, 000284.617, 173
Trd, 000285.200, 168
Trd, 000285.300, 161
Trd, 000285.317, 159
Trd, 000285.500, 156
Trd, 000286.000, 162
Trd, 000286.017, 163
Trd, 000286.150, 165
Trd, 000286.833, 172
Trd, 000287.367, 158
Trd, 000287.800, 169
Trd, 000289.517, 167
Trd, 000289.533, 167
Trd, 000289.950, 172
Trd, 000290.167, 190
Trd, 000290.267, 187
Trd, 000290.767, 187
Trd, 000290.917, 193
Trd, 000291.483, 187
Trd, 000291.517, 187
Trd, 000291.667, 194
Trd, 000292.617, 186
Trd, 000292.950, 180
Trd, 000293.433, 189
Trd, 000293.500, 177
Trd, 000295.333, 179
Trd, 000295.433, 189
Trd, 000296.883, 192
Trd, 000297.683, 189
Trd, 000298.033, 191
Trd, 000298.267, 191
Trd, 000298.800, 188
Trd, 000299.100, 188
Trd, 000299.383, 191
Trd, 000299.700, 189
Trd, 000299.883, 187
