Trd, 000002.200, 196
Trd, 000003.100, 175
Trd, 000003.683, 169
Trd, 000003.767, 168
Trd, 000004.133, 183
Trd, 000004.867, 165
Trd, 000005.550, 148
Trd, 000006.067, 164
Trd, 000006.600, 166
Trd, 000006.950, 151
Trd, 000007.183, 165
Trd, 000007.783, 153
Trd, 000007.983, 163
Trd, 000008.617, 159
Trd, 000010.550, 151
Trd, 000011.850, 140
Trd, 000011.983, 141
Trd, 000012.083, 147
Trd, 000012.600, 136
Trd, 000012.850, 148
Trd, 000014.267, 145
Trd, 000014.750, 146
Trd, 000014.883, 148
Trd, 000015.217, 145
Trd, 000015.350, 146
Trd, 000015.950, 150
Trd, 000016.183, 153
Trd, 000017.000, 160
Trd, 000017.033, 166
Trd, 000017.667, 153
Trd, 000018.250, 156
Trd, 000018.300, 151
Trd, 000018.933, 154
Trd, 000020.533, 154
Trd, 000020.750, 154
Trd, 000022.550, 137
Trd, 000023.083, 154
Trd, 000023.167, 157
Trd, 000025.050, 147
Trd, 000025.367, 150
Trd, 000025.917, 149
Trd, 000025.967, 151
Trd, 000025.983, 151
Trd, 000026.683, 149
Trd, 000027.033, 145
Trd, 000027.617, 149
Trd, 000027.850, 150
Trd, 000028.033, 154
Trd, 000028.850, 158
Trd, 000028.900, 161
Trd, 000029.333, 152
Trd, 000030.417, 152
Trd, 000030.783, 168
Trd, 000031.100, 176
Trd, 000031.467, 151
Trd, 000032.183, 156
Trd, 000032.317, 155
Trd, 000032.383, 159
Trd, 000032.900, 162
Trd, 000034.600, 159
Trd, 000034.917, 160
Trd, 000035.067, 168
Trd, 000035.950, 149
Trd, 000037.000, 150
Trd, 000037.650, 151
Trd, 000037.900, 154
Trd, 000038.900, 153
Trd, 000039.167, 155
Trd, 000039.467, 155
Trd, 000039.617, 158
Trd, 000039.800, 159
Trd, 000040.617, 154
Trd, 000040.850, 162
Trd, 000042.167, 156
Trd, 000042.333, 161
Trd, 000042.550, 155
Trd, 000043.333, 152
Trd, 000044.050, 152
Trd, 000044.617, 155
Trd, 000046.017, 153
Trd, 000046.233, 155
Trd, 000046.333, 156
Trd, 000047.950, 155
Trd, 000048.150, 156
Trd, 000048.867, 158
Trd, 000049.783, 154
Trd, 000049.800, 159
Trd, 000050.250, 160
Trd, 000050.283, 163
Trd, 000050.517, 153
Trd, 000050.683, 170
Trd, 000050.850, 165
Trd, 000052.067, 157
Trd, 000052.083, 154
Trd, 000052.117, 158
Trd, 000053.517, 154
Trd, 000053.550, 153
Trd, 000053.950, 159
Trd, 000054.700, 150
Trd, 000054.917, 156
Trd, 000055.683, 153
Trd, 000055.733, 154
Trd, 000057.833, 146
Trd, 000058.100, 140
Trd, 000058.483, 148
Trd, 000058.500, 149
Trd, 000059.300, 149
Trd, 000059.317, 150
Trd, 000060.733, 148
Trd, 000061.033, 150
Trd, 000061.800, 152
Trd, 000062.550, 153
Trd, 000063.417, 154
Trd, 000063.650, 153
Trd, 000063.933, 157
Trd, 000064.067, 161
Trd, 000064.267, 164
Trd, 000065.050, 157
Trd, 000066.783, 154
Trd, 000067.133, 152
Trd, 000067.367, 155
Trd, 000067.750, 153
Trd, 000067.833, 162
Trd, 000068.467, 165
Trd, 000069.550, 165
Trd, 000070.550, 152
Trd, 000070.633, 153
Trd, 000070.950, 155
Trd, 000071.083, 155
Trd, 000072.717, 156
Trd, 000072.917, 156
Trd, 000073.317, 157
Trd, 000073.667, 155
Trd, 000074.067, 156
Trd, 000074.233, 158
Trd, 000074.517, 165
Trd, 000075.517, 155
Trd, 000076.050, 150
Trd, 000076.883, 156
Trd, 000077.667, 144
Trd, 000079.050, 147
Trd, 000079.300, 142
Trd, 000079.617, 149
Trd, 000080.150, 148
Trd, 000080.633, 147
Trd, 000080.717, 149
Trd, 000082.117, 149
Trd, 000082.233, 159
Trd, 000082.800, 146
Trd, 000083.150, 163
Trd, 000083.383, 140
Trd, 000084.050, 164
Trd, 000084.350, 165
Trd, 000085.367, 156
Trd, 000085.517, 158
Trd, 000085.750, 159
Trd, 000085.767, 159
Trd, 000086.517, 157
Trd, 000088.033, 157
Trd, 000088.533, 159
Trd, 000088.967, 159
Trd, 000090.083, 157
Trd, 000090.133, 156
Trd, 000090.250, 160
Trd, 000090.750, 139
Trd, 000090.800, 134
Trd, 000091.800, 149
Trd, 000092.833, 156
Trd, 000092.983, 157
Trd, 000093.467, 164
Trd, 000093.717, 167
Trd, 000093.900, 174
Trd, 000094.750, 154
Trd, 000095.267, 156
Trd, 000095.383, 137
Trd, 000095.417, 160
Trd, 000095.750, 167
Trd, 000095.950, 178
Trd, 000096.150, 168
Trd, 000098.717, 148
Trd, 000098.883, 162
Trd, 000099.567, 158
Trd, 000100.700, 158
Trd, 000100.917, 157
Trd, 000101.300, 155
Trd, 000101.767, 157
Trd, 000101.783, 153
Trd, 000102.033, 160
Trd, 000102.717, 161
Trd, 000103.633, 163
Trd, 000105.767, 157
Trd, 000106.217, 158
Trd, 000106.433, 158
Trd, 000106.667, 161
Trd, 000107.083, 164
Trd, 000107.817, 164
Trd, 000108.750, 158
Trd, 000110.200, 160
Trd, 000110.350, 160
Trd, 000110.467, 159
Trd, 000111.067, 157
Trd, 000111.333, 161
Trd, 000111.617, 162
Trd, 000115.367, 156
Trd, 000115.500, 156
Trd, 000115.783, 157
Trd, 000116.067, 159
Trd, 000116.183, 154
Trd, 000116.300, 161
Trd, 000116.333, 166
Trd, 000117.433, 163
Trd, 000118.467, 162
Trd, 000119.217, 165
Trd, 000119.617, 169
Trd, 000120.283, 167
Trd, 000120.950, 162
Trd, 000121.750, 168
Trd, 000122.983, 161
Trd, 000123.150, 161
Trd, 000123.250, 162
Trd, 000123.383, 160
Trd, 000125.367, 163
Trd, 000125.550, 163
Trd, 000126.233, 163
Trd, 000126.450, 158
Trd, 000126.683, 164
Trd, 000126.833, 167
Trd, 000128.183, 163
Trd, 000128.467, 161
Trd, 000129.783, 161
Trd, 000130.950, 161
Trd, 000131.067, 158
Trd, 000132.633, 159
Trd, 000132.733, 160
Trd, 000133.700, 161
Trd, 000133.867, 164
Trd, 000134.000, 164
Trd, 000135.067, 156
Trd, 000135.200, 161
Trd, 000135.500, 168
Trd, 000135.900, 171
Trd, 000136.717, 150
Trd, 000136.883, 165
Trd, 000138.383, 161
Trd, 000139.383, 161
Trd, 000139.567, 162
Trd, 000139.583, 152
Trd, 000139.750, 162
Trd, 000140.083, 161
Trd, 000141.017, 164
Trd, 000141.217, 150
Trd, 000141.567, 169
Trd, 000142.500, 168
Trd, 000144.117, 162
Trd, 000144.400, 177
Trd, 000144.450, 178
Trd, 000144.783, 178
Trd, 000144.833, 179
Trd, 000145.267, 188
Trd, 000145.333, 169
Trd, 000145.617, 162
Trd, 000147.050, 149
Trd, 000147.150, 171
Trd, 000147.700, 176
Trd, 000148.233, 188
Trd, 000148.400, 182
Trd, 000149.233, 180
Trd, 000149.950, 182
Trd, 000150.600, 173
Trd, 000150.967, 151
Trd, 000154.200, 161
Trd, 000154.233, 161
Trd, 000154.517, 160
Trd, 000155.933, 160
Trd, 000156.017, 162
Trd, 000156.033, 151
Trd, 000156.233, 163
Trd, 000156.817, 178
Trd, 000157.900, 155
Trd, 000158.083, 166
Trd, 000158.233, 171
Trd, 000158.633, 171
Trd, 000158.750, 174
Trd, 000159.383, 164
Trd, 000161.067, 166
Trd, 000161.800, 166
Trd, 000162.000, 167
Trd, 000163.017, 163
Trd, 000163.817, 166
Trd, 000164.183, 164
Trd, 000165.450, 166
Trd, 000165.800, 167
Trd, 000167.233, 167
Trd, 000167.450, 167
Trd, 000167.617, 168
Trd, 000167.867, 171
Trd, 000168.317, 167
Trd, 000168.867, 167
Trd, 000169.533, 165
Trd, 000169.617, 168
Trd, 000171.517, 161
Trd, 000172.333, 163
Trd, 000172.500, 164
Trd, 000173.783, 162
Trd, 000173.950, 162
Trd, 000174.817, 162
Trd, 000175.000, 157
Trd, 000176.833, 160
Trd, 000176.850, 165
Trd, 000178.967, 164
Trd, 000179.533, 165
Trd, 000179.717, 166
Trd, 000179.733, 156
Trd, 000180.817, 157
Trd, 000181.867, 157
Trd, 000182.267, 160
Trd, 000183.267, 159
Trd, 000183.367, 157
Trd, 000184.383, 169
Trd, 000185.317, 169
Trd, 000185.550, 171
Trd, 000185.850, 172
Trd, 000186.000, 168
Trd, 000186.017, 171
Trd, 000187.483, 170
Trd, 000187.650, 154
Trd, 000187.700, 170
Trd, 000189.750, 155
Trd, 000190.150, 157
Trd, 000190.283, 155
Trd, 000190.300, 153
Trd, 000190.483, 160
Trd, 000191.333, 167
Trd, 000192.100, 168
Trd, 000193.083, 167
Trd, 000194.617, 166
Trd, 000194.750, 166
Trd, 000194.800, 165
Trd, 000195.267, 167
Trd, 000195.367, 170
Trd, 000195.667, 174
Trd, 000196.017, 184
Trd, 000196.067, 165
Trd, 000196.433, 181
Trd, 000197.150, 181
Trd, 000197.717, 181
Trd, 000197.733, 182
Trd, 000198.167, 184
Trd, 000199.083, 172
Trd, 000200.200, 171
Trd, 000200.217, 170
Trd, 000200.650, 174
Trd, 000201.583, 169
Trd, 000202.833, 169
Trd, 000203.350, 170
Trd, 000203.367, 171
Trd, 000203.383, 175
Trd, 000203.583, 178
Trd, 000204.800, 167
Trd, 000205.583, 181
Trd, 000206.117, 157
Trd, 000206.150, 171
Trd, 000206.350, 183
Trd, 000207.267, 174
Trd, 000207.950, 169
Trd, 000209.550, 165
Trd, 000209.683, 168
Trd, 000210.217, 163
Trd, 000210.600, 166
Trd, 000211.600, 163
Trd, 000212.333, 164
Trd, 000213.100, 175
Trd, 000214.133, 175
Trd, 000214.967, 173
Trd, 000216.017, 172
Trd, 000216.333, 177
Trd, 000216.567, 169
Trd, 000217.033, 170
Trd, 000218.267, 169
Trd, 000218.933, 170
Trd, 000219.567, 169
Trd, 000220.517, 171
Trd, 000220.567, 172
Trd, 000220.617, 173
Trd, 000221.367, 174
Trd, 000221.950, 173
Trd, 000222.100, 171
Trd, 000222.250, 177
Trd, 000222.283, 180
Trd, 000222.467, 180
Trd, 000223.083, 171
Trd, 000223.550, 186
Trd, 000224.333, 186
Trd, 000225.367, 184
Trd, 000225.633, 185
Trd, 000226.233, 185
Trd, 000226.267, 186
Trd, 000226.583, 184
Trd, 000227.017, 188
Trd, 000228.033, 173
Trd, 000228.233, 185
Trd, 000229.183, 174
Trd, 000229.417, 181
Trd, 000230.167, 173
Trd, 000230.400, 184
Trd, 000231.700, 172
Trd, 000232.217, 175
Trd, 000232.267, 176
Trd, 000233.033, 176
Trd, 000233.100, 157
Trd, 000234.367, 175
Trd, 000235.467, 173
Trd, 000236.617, 173
Trd, 000236.950, 175
Trd, 000237.533, 175
Trd, 000238.217, 177
Trd, 000238.600, 176
Trd, 000238.900, 178
Trd, 000240.033, 171
Trd, 000240.650, 173
Trd, 000240.800, 174
Trd, 000241.167, 174
Trd, 000241.233, 175
Trd, 000241.383, 178
Trd, 000241.567, 175
Trd, 000242.100, 176
Trd, 000242.367, 175
Trd, 000242.717, 174
Trd, 000243.183, 175
Trd, 000243.533, 175
Trd, 000243.600, 179
Trd, 000244.233, 182
Trd, 000244.383, 179
Trd, 000245.433, 187
Trd, 000245.967, 185
Trd, 000246.483, 174
Trd, 000247.733, 175
Trd, 000248.183, 173
Trd, 000248.200, 178
Trd, 000248.517, 175
Trd, 000249.100, 176
Trd, 000249.117, 178
Trd, 000249.250, 175
Trd, 000249.433, 177
Trd, 000249.567, 172
Trd, 000251.100, 172
Trd, 000251.450, 171
Trd, 000252.517, 172
Trd, 000252.967, 171
Trd, 000253.783, 170
Trd, 000254.467, 171
Trd, 000255.083, 170
Trd, 000255.250, 173
Trd, 000255.650, 176
Trd, 000256.367, 175
Trd, 000256.783, 178
Trd, 000257.617, 181
Trd, 000258.067, 181
Trd, 000258.117, 181
Trd, 000258.333, 188
Trd, 000258.817, 189
Trd, 000259.867, 189
Trd, 000259.917, 188
Trd, 000259.983, 190
Trd, 000260.400, 181
Trd, 000261.233, 183
Trd, 000261.567, 174
Trd, 000261.750, 176
Trd, 000262.917, 170
Trd, 000263.333, 171
Trd, 000264.117, 163
Trd, 000264.467, 165
Trd, 000264.583, 169
Trd, 000264.817, 172
Trd, 000264.867, 173
Trd, 000265.050, 170
Trd, 000265.200, 174
Trd, 000265.583, 175
Trd, 000265.650, 177
Trd, 000265.800, 170
Trd, 000266.050, 181
Trd, 000266.733, 179
Trd, 000266.800, 184
Trd, 000267.517, 186
Trd, 000267.533, 191
Trd, 000268.200, 197
Trd, 000269.100, 176
Trd, 000269.217, 165
Trd, 000271.217, 172
Trd, 000271.300, 173
Trd, 000271.517, 171
Trd, 000272.083, 166
Trd, 000272.167, 165
Trd, 000272.900, 164
Trd, 000273.250, 161
Trd, 000273.500, 167
Trd, 000273.817, 168
Trd, 000274.100, 171
Trd, 000275.683, 176
Trd, 000275.900, 172
Trd, 000276.200, 178
Trd, 000276.783, 184
Trd, 000277.050, 181
Trd, 000277.183, 185
Trd, 000277.383, 193
Trd, 000277.400, 198
Trd, 000278.150, 176
Trd, 000278.183, 179
Trd, 000278.333, 190
Trd, 000278.567, 182
Trd, 000279.200, 178
Trd, 000279.400, 182
Trd, 000279.650, 189
Trd, 000280.500, 188
Trd, 000281.000, 188
Trd, 000281.117, 178
Trd, 000281.417, 177
Trd, 000282.033, 176
Trd, 000283.300, 184
Trd, 000283.817, 183
Trd, 000284.000, 183
Trd, 000284.550, 183
Trd, 000284.800, 186
Trd, 000285.117, 186
Trd, 000285.133, 176
Trd, 000285.600, 175
Trd, 000285.683, 177
Trd, 000285.983, 164
Trd, 000287.100, 177
Trd, 000287.117, 177
Trd, 000287.333, 166
Trd, 000287.350, 175
Trd, 000288.133, 178
Trd, 000288.550, 177
Trd, 000289.833, 176
Trd, 000290.267, 175
Trd, 000290.317, 174
Trd, 000290.550, 172
Trd, 000290.833, 177
Trd, 000291.350, 163
Trd, 000291.650, 180
Trd, 000291.933, 177
Trd, 000292.333, 180
Trd, 000292.750, 166
Trd, 000292.883, 187
Trd, 000292.933, 201
Trd, 000293.633, 189
Trd, 000293.767, 193
Trd, 000293.783, 177
Trd, 000294.717, 187
Trd, 000296.217, 167
Trd, 000296.350, 165
Trd, 000296.883, 173
Trd, 000297.617, 176
Trd, 000298.300, 174
Trd, 000298.783, 177
Trd, 000299.733, 175
Trd, 000299.900, 178
