Trd, 000001.350, 183
Trd, 000001.617, 122
Trd, 000002.583, 134
Trd, 000002.633, 124
Trd, 000002.833, 155
Trd, 000002.900, 158
Trd, 000004.517, 147
Trd, 000004.967, 151
Trd, 000005.150, 153
Trd, 000006.150, 152
Trd, 000006.633, 158
Trd, 000007.450, 151
Trd, 000007.717, 151
Trd, 000007.767, 152
Trd, 000008.350, 151
Trd, 000008.667, 157
Trd, 000010.033, 156
Trd, 000010.917, 152
Trd, 000011.217, 158
Trd, 000011.917, 152
Trd, 000012.683, 159
Trd, 000013.767, 157
Trd, 000014.050, 157
Trd, 000014.167, 152
Trd, 000014.850, 154
Trd, 000015.500, 153
Trd, 000015.517, 151
Trd, 000015.817, 149
Trd, 000016.300, 163
Trd, 000017.133, 153
Trd, 000017.200, 147
Trd, 000017.350, 142
Trd, 000018.667, 151
Trd, 000018.867, 149
Trd, 000020.083, 154
Trd, 000020.650, 145
Trd, 000020.717, 141
Trd, 000021.217, 141
Trd, 000022.583, 144
Trd, 000022.633, 145
Trd, 000023.083, 146
Trd, 000023.717, 153
Trd, 000025.917, 151
Trd, 000026.067, 151
Trd, 000026.817, 150
Trd, 000027.033, 151
Trd, 000027.383, 154
Trd, 000027.783, 152
Trd, 000028.567, 147
Trd, 000028.850, 150
Trd, 000030.167, 150
Trd, 000031.167, 147
Trd, 000031.217, 151
Trd, 000031.550, 152
Trd, 000032.217, 149
Trd, 000032.317, 154
Trd, 000033.250, 152
Trd, 000034.283, 154
Trd, 000035.233, 153
Trd, 000035.683, 151
Trd, 000036.600, 144
Trd, 000037.333, 131
Trd, 000038.767, 147
Trd, 000039.267, 146
Trd, 000040.067, 148
Trd, 000040.217, 147
Trd, 000040.500, 148
Trd, 000040.850, 146
Trd, 000041.183, 145
Trd, 000042.100, 144
Trd, 000042.600, 143
Trd, 000043.500, 145
Trd, 000043.617, 148
Trd, 000043.717, 147
Trd, 000044.133, 155
Trd, 000044.367, 146
Trd, 000044.533, 145
Trd, 000045.383, 152
Trd, 000045.517, 159
Trd, 000047.533, 161
Trd, 000047.750, 162
Trd, 000049.400, 158
Trd, 000049.900, 159
Trd, 000049.950, 156
Trd, 000052.067, 160
Trd, 000052.117, 160
Trd, 000052.650, 156
Trd, 000053.050, 163
Trd, 000054.533, 156
Trd, 000055.067, 160
Trd, 000055.183, 160
Trd, 000055.650, 149
Trd, 000055.750, 156
Trd, 000056.467, 147
Trd, 000056.633, 150
Trd, 000057.150, 157
Trd, 000058.617, 154
Trd, 000059.233, 158
Trd, 000059.650, 153
Trd, 000059.800, 158
Trd, 000060.333, 154
Trd, 000061.483, 153
Trd, 000062.083, 157
Trd, 000062.400, 156
Trd, 000062.867, 157
Trd, 000063.250, 156
Trd, 000064.117, 157
Trd, 000064.717, 161
Trd, 000064.817, 156
Trd, 000065.067, 154
Trd, 000065.083, 164
Trd, 000066.050, 164
Trd, 000067.350, 157
Trd, 000067.967, 156
Trd, 000067.983, 148
Trd, 000068.050, 158
Trd, 000068.933, 152
Trd, 000069.117, 166
Trd, 000069.183, 168
Trd, 000069.433, 153
Trd, 000069.967, 169
Trd, 000070.917, 163
Trd, 000072.567, 165
Trd, 000072.617, 167
Trd, 000072.850, 164
Trd, 000073.167, 158
Trd, 000074.233, 162
Trd, 000075.550, 159
Trd, 000075.833, 161
Trd, 000076.000, 157
Trd, 000076.400, 158
Trd, 000077.267, 157
Trd, 000077.300, 159
Trd, 000077.450, 159
Trd, 000077.750, 168
Trd, 000078.633, 157
Trd, 000079.850, 166
Trd, 000080.967, 156
Trd, 000081.300, 158
Trd, 000081.867, 156
Trd, 000081.883, 167
Trd, 000082.033, 165
Trd, 000083.850, 158
Trd, 000084.200, 159
Trd, 000084.417, 162
Trd, 000084.933, 159
Trd, 000085.283, 158
Trd, 000085.483, 161
Trd, 000085.600, 158
Trd, 000086.167, 149
Trd, 000087.567, 153
Trd, 000088.117, 155
Trd, 000088.750, 158
Trd, 000089.150, 152
Trd, 000090.483, 160
Trd, 000090.667, 154
Trd, 000092.600, 161
Trd, 000092.717, 158
Trd, 000093.617, 160
Trd, 000094.133, 162
Trd, 000094.233, 161
Trd, 000094.400, 164
Trd, 000095.183, 160
Trd, 000096.000, 160
Trd, 000096.200, 161
Trd, 000097.150, 165
Trd, 000097.217, 160
Trd, 000097.467, 168
Trd, 000097.867, 164
Trd, 000099.133, 163
Trd, 000100.133, 162
Trd, 000101.233, 161
Trd, 000101.333, 165
Trd, 000104.000, 162
Trd, 000104.717, 162
Trd, 000104.883, 165
Trd, 000105.283, 161
Trd, 000105.800, 163
Trd, 000105.967, 162
Trd, 000106.117, 168
Trd, 000107.167, 160
Trd, 000107.667, 161
Trd, 000107.983, 160
Trd, 000109.067, 158
Trd, 000109.467, 162
Trd, 000109.833, 154
Trd, 000109.900, 172
Trd, 000110.200, 171
Trd, 000110.483, 159
Trd, 000111.917, 164
Trd, 000112.267, 154
Trd, 000112.733, 159
Trd, 000112.767, 171
Trd, 000112.850, 152
Trd, 000113.100, 135
Trd, 000114.267, 159
Trd, 000116.500, 156
Trd, 000117.500, 156
Trd, 000117.900, 157
Trd, 000118.350, 157
Trd, 000118.517, 157
Trd, 000118.550, 155
Trd, 000119.550, 155
Trd, 000119.900, 157
Trd, 000120.350, 159
Trd, 000121.967, 160
Trd, 000122.350, 158
Trd, 000123.233, 157
Trd, 000124.050, 160
Trd, 000124.083, 156
Trd, 000124.133, 160
Trd, 000124.650, 156
Trd, 000124.700, 163
Trd, 000125.567, 169
Trd, 000127.317, 163
Trd, 000127.883, 160
Trd, 000128.433, 163
Trd, 000128.600, 159
Trd, 000129.150, 164
Trd, 000129.283, 168
Trd, 000129.483, 162
Trd, 000129.783, 170
Trd, 000129.883, 162
Trd, 000130.400, 163
Trd, 000131.900, 163
Trd, 000131.950, 164
Trd, 000132.017, 169
Trd, 000132.383, 167
Trd, 000132.833, 154
Trd, 000134.783, 164
Trd, 000134.800, 161
Trd, 000134.817, 161
Trd, 000134.883, 159
Trd, 000135.067, 157
Trd, 000136.167, 169
Trd, 000136.300, 154
Trd, 000136.683, 170
Trd, 000137.117, 137
Trd, 000137.867, 160
Trd, 000138.533, 141
Trd, 000138.933, 150
Trd, 000139.933, 158
Trd, 000140.783, 164
Trd, 000141.250, 158
Trd, 000142.217, 160
Trd, 000142.883, 161
Trd, 000143.083, 160
Trd, 000143.600, 161
Trd, 000143.967, 163
Trd, 000144.367, 159
Trd, 000144.983, 160
Trd, 000145.283, 161
Trd, 000145.367, 160
Trd, 000147.700, 162
Trd, 000148.633, 165
Trd, 000149.133, 164
Trd, 000149.667, 166
Trd, 000149.767, 170
Trd, 000150.233, 165
Trd, 000150.950, 166
Trd, 000151.400, 169
Trd, 000152.100, 166
Trd, 000152.633, 170
Trd, 000153.067, 174
Trd, 000153.333, 164
Trd, 000153.817, 166
Trd, 000153.983, 174
Trd, 000154.233, 176
Trd, 000155.167, 166
Trd, 000157.267, 167
Trd, 000157.417, 166
Trd, 000157.900, 170
Trd, 000158.383, 166
Trd, 000158.533, 166
Trd, 000160.200, 167
Trd, 000160.400, 166
Trd, 000160.617, 168
Trd, 000160.733, 165
Trd, 000160.833, 169
Trd, 000161.200, 164
Trd, 000161.817, 169
Trd, 000162.650, 167
Trd, 000163.317, 163
Trd, 000163.450, 171
Trd, 000163.550, 174
Trd, 000163.750, 178
Trd, 000164.600, 154
Trd, 000166.083, 164
Trd, 000166.117, 178
Trd, 000166.967, 172
Trd, 000167.100, 166
Trd, 000167.400, 163
Trd, 000168.817, 169
Trd, 000169.583, 167
Trd, 000169.817, 168
Trd, 000170.483, 170
Trd, 000172.400, 172
Trd, 000173.200, 170
Trd, 000173.433, 169
Trd, 000173.683, 168
Trd, 000174.050, 177
Trd, 000174.533, 171
Trd, 000175.983, 170
Trd, 000176.767, 169
Trd, 000177.400, 160
Trd, 000178.200, 166
Trd, 000178.383, 158
Trd, 000178.800, 147
Trd, 000179.217, 153
Trd, 000179.400, 167
Trd, 000181.000, 166
Trd, 000181.383, 164
Trd, 000182.183, 167
Trd, 000182.933, 168
Trd, 000183.733, 162
Trd, 000184.217, 169
Trd, 000184.933, 162
Trd, 000185.150, 172
Trd, 000186.100, 168
Trd, 000186.817, 167
Trd, 000187.567, 170
Trd, 000188.050, 172
Trd, 000188.100, 173
Trd, 000188.217, 165
Trd, 000188.983, 181
Trd, 000191.267, 170
Trd, 000191.283, 173
Trd, 000191.433, 174
Trd, 000192.017, 171
Trd, 000192.100, 177
Trd, 000192.267, 178
Trd, 000192.867, 178
Trd, 000194.100, 170
Trd, 000194.667, 168
Trd, 000195.000, 176
Trd, 000195.817, 175
Trd, 000196.517, 177
Trd, 000196.550, 171
Trd, 000196.833, 181
Trd, 000197.717, 179
Trd, 000197.800, 171
Trd, 000197.817, 170
Trd, 000198.083, 168
Trd, 000198.900, 172
Trd, 000199.383, 173
Trd, 000199.883, 181
Trd, 000200.733, 167
Trd, 000201.217, 181
Trd, 000201.950, 169
Trd, 000202.483, 161
Trd, 000202.800, 157
Trd, 000203.000, 140
Trd, 000203.117, 183
Trd, 000204.067, 162
Trd, 000204.250, 181
Trd, 000205.750, 179
Trd, 000206.133, 172
Trd, 000207.117, 171
Trd, 000207.450, 176
Trd, 000208.117, 171
Trd, 000208.433, 170
Trd, 000209.833, 171
Trd, 000209.883, 168
Trd, 000210.617, 170
Trd, 000211.083, 171
Trd, 000211.483, 176
Trd, 000211.883, 183
Trd, 000212.617, 182
Trd, 000213.033, 180
Trd, 000213.100, 172
Trd, 000214.383, 172
Trd, 000214.550, 172
Trd, 000215.517, 172
Trd, 000215.950, 173
Trd, 000216.067, 175
Trd, 000216.083, 176
Trd, 000218.283, 172
Trd, 000218.517, 159
Trd, 000219.950, 172
Trd, 000219.967, 173
Trd, 000221.383, 170
Trd, 000221.483, 172
Trd, 000221.617, 174
Trd, 000221.717, 168
Trd, 000222.783, 173
Trd, 000223.117, 175
Trd, 000223.583, 180
Trd, 000224.967, 176
Trd, 000225.117, 175
Trd, 000226.150, 175
Trd, 000226.850, 175
Trd, 000227.317, 178
Trd, 000227.833, 174
Trd, 000227.917, 177
Trd, 000228.650, 173
Trd, 000228.700, 164
Trd, 000228.750, 182
Trd, 000230.000, 178
Trd, 000230.083, 180
Trd, 000230.283, 172
Trd, 000230.650, 172
Trd, 000230.933, 183
Trd, 000232.317, 174
Trd, 000232.633, 180
Trd, 000232.800, 174
Trd, 000232.850, 170
Trd, 000233.083, 180
Trd, 000234.533, 172
Trd, 000234.933, 173
Trd, 000235.900, 171
Trd, 000236.233, 172
Trd, 000236.883, 174
Trd, 000237.817, 175
Trd, 000238.633, 171
Trd, 000239.250, 172
Trd, 000239.300, 175
Trd, 000239.883, 171
Trd, 000240.583, 176
Trd, 000241.017, 177
Trd, 000241.600, 172
Trd, 000241.967, 177
Trd, 000242.133, 176
Trd, 000242.617, 174
Trd, 000242.967, 182
Trd, 000243.650, 178
Trd, 000244.583, 177
Trd, 000245.017, 182
Trd, 000245.067, 180
Trd, 000245.450, 175
Trd, 000245.633, 175
Trd, 000245.967, 172
Trd, 000246.250, 175
Trd, 000246.300, 165
Trd, 000247.300, 175
Trd, 000247.350, 173
Trd, 000247.650, 173
Trd, 000247.717, 176
Trd, 000248.183, 174
Trd, 000248.367, 179
Trd, 000249.417, 187
Trd, 000249.450, 179
Trd, 000249.833, 178
Trd, 000251.367, 179
Trd, 000251.683, 180
Trd, 000251.750, 181
Trd, 000251.817, 178
Trd, 000251.867, 166
Trd, 000253.083, 176
Trd, 000253.183, 174
Trd, 000253.533, 176
Trd, 000253.683, 177
Trd, 000254.167, 178
Trd, 000254.817, 176
Trd, 000255.067, 173
Trd, 000255.650, 177
Trd, 000256.267, 174
Trd, 000257.167, 177
Trd, 000257.250, 178
Trd, 000257.400, 175
Trd, 000258.217, 176
Trd, 000258.417, 179
Trd, 000258.567, 181
Trd, 000258.683, 181
Trd, 000258.950, 183
Trd, 000259.900, 187
Trd, 000260.417, 190
Trd, 000260.450, 181
Trd, 000260.683, 183
Trd, 000262.350, 188
Trd, 000262.517, 181
Trd, 000262.750, 188
Trd, 000262.933, 184
Trd, 000263.450, 186
Trd, 000264.200, 182
Trd, 000265.017, 181
Trd, 000265.050, 182
Trd, 000265.200, 179
Trd, 000265.250, 177
Trd, 000265.500, 174
Trd, 000266.317, 167
Trd, 000266.433, 171
Trd, 000266.517, 172
Trd, 000267.067, 177
Trd, 000267.800, 175
Trd, 000268.183, 177
Trd, 000268.633, 180
Trd, 000269.583, 174
Trd, 000269.950, 167
Trd, 000270.150, 177
Trd, 000270.367, 169
Trd, 000270.833, 178
Trd, 000271.067, 175
Trd, 000272.033, 175
Trd, 000272.317, 178
Trd, 000273.083, 179
Trd, 000273.150, 182
Trd, 000274.100, 175
Trd, 000274.783, 179
Trd, 000275.067, 178
Trd, 000275.150, 175
Trd, 000275.283, 178
Trd, 000275.500, 185
Trd, 000275.783, 184
Trd, 000276.600, 173
Trd, 000276.700, 174
Trd, 000276.900, 173
Trd, 000277.500, 168
Trd, 000277.533, 160
Trd, 000278.250, 179
Trd, 000278.683, 164
Trd, 000278.933, 180
Trd, 000279.433, 172
Trd, 000279.567, 172
Trd, 000279.800, 175
Trd, 000280.417, 171
Trd, 000280.767, 177
Trd, 000280.900, 180
Trd, 000281.367, 190
Trd, 000281.583, 179
Trd, 000282.367, 177
Trd, 000282.717, 184
Trd, 000282.800, 181
Trd, 000283.200, 190
Trd, 000283.467, 192
Trd, 000284.050, 179
Trd, 000285.850, 183
Trd, 000285.900, 182
Trd, 000286.050, 191
Trd, 000286.117, 182
Trd, 000286.283, 186
Trd, 000286.400, 180
Trd, 000287.083, 194
Trd, 000287.700, 180
Trd, 000288.017, 170
Trd, 000288.600, 185
Trd, 000289.450, 174
Trd, 000289.583, 183
Trd, 000289.667, 173
Trd, 000289.883, 166
Trd, 000290.683, 177
Trd, 000290.733, 180
Trd, 000290.967, 183
Trd, 000291.100, 184
Trd, 000291.317, 175
Trd, 000292.033, 181
Trd, 000292.250, 181
Trd, 000292.550, 174
Trd, 000292.917, 184
Trd, 000293.183, 184
Trd, 000293.217, 187
Trd, 000293.333, 171
Trd, 000294.383, 172
Trd, 000294.600, 193
Trd, 000294.633, 170
Trd, 000295.033, 177
Trd, 000296.100, 179
Trd, 000296.167, 177
Trd, 000296.217, 174
Trd, 000296.783, 173
Trd, 000296.933, 176
Trd, 000297.567, 179
Trd, 000297.850, 171
Trd, 000297.883, 180
Trd, 000297.950, 197
Trd, 000298.800, 171
Trd, 000298.850, 166
Trd, 000299.283, 192
Trd, 000299.717, 161
Trd, 000299.833, 194
