Trd, 000001.750, 157
Trd, 000002.533, 170
Trd, 000003.167, 165
Trd, 000003.367, 146
Trd, 000003.667, 145
Trd, 000003.733, 136
Trd, 000004.083, 123
Trd, 000004.267, 124
Trd, 000004.467, 133
Trd, 000005.200, 141
Trd, 000005.333, 140
Trd, 000005.450, 156
Trd, 000005.850, 135
Trd, 000005.967, 155
Trd, 000006.433, 152
Trd, 000006.583, 152
Trd, 000006.733, 151
Trd, 000006.933, 142
Trd, 000007.250, 164
Trd, 000008.683, 162
Trd, 000008.750, 141
Trd, 000009.483, 168
Trd, 000009.817, 170
Trd, 000011.450, 171
Trd, 000012.033, 167
Trd, 000012.250, 163
Trd, 000013.183, 166
Trd, 000014.250, 166
Trd, 000014.633, 165
Trd, 000014.817, 170
Trd, 000015.700, 166
Trd, 000016.767, 165
Trd, 000016.950, 169
Trd, 000018.533, 166
Trd, 000018.667, 164
Trd, 000019.767, 166
Trd, 000020.817, 163
Trd, 000021.783, 165
Trd, 000022.283, 162
Trd, 000022.467, 160
Trd, 000022.650, 162
Trd, 000023.083, 157
Trd, 000023.983, 160
Trd, 000024.150, 161
Trd, 000024.200, 160
Trd, 000024.683, 178
Trd, 000024.750, 161
Trd, 000024.817, 160
Trd, 000025.867, 163
Trd, 000026.883, 158
Trd, 000027.050, 149
Trd, 000027.433, 162
Trd, 000028.383, 162
Trd, 000029.100, 162
Trd, 000029.283, 163
Trd, 000029.383, 161
Trd, 000029.800, 160
Trd, 000030.783, 173
Trd, 000031.000, 166
Trd, 000031.633, 165
Trd, 000031.650, 164
Trd, 000032.650, 165
Trd, 000033.067, 158
Trd, 000033.550, 157
Trd, 000034.450, 156
Trd, 000035.183, 160
Trd, 000035.800, 156
Trd, 000036.233, 157
Trd, 000037.467, 154
Trd, 000037.800, 146
Trd, 000038.133, 143
Trd, 000038.417, 153
Trd, 000038.867, 152
Trd, 000039.150, 152
Trd, 000040.033, 147
Trd, 000040.333, 153
Trd, 000041.400, 147
Trd, 000041.533, 145
Trd, 000041.800, 140
Trd, 000042.717, 150
Trd, 000042.917, 138
Trd, 000043.100, 153
Trd, 000043.450, 139
Trd, 000043.833, 151
Trd, 000044.783, 151
Trd, 000044.933, 152
Trd, 000045.367, 155
Trd, 000046.083, 160
Trd, 000046.300, 156
Trd, 000047.267, 156
Trd, 000047.333, 155
Trd, 000047.767, 144
Trd, 000047.983, 158
Trd, 000048.367, 159
Trd, 000048.617, 168
Trd, 000049.367, 152
Trd, 000049.733, 153
Trd, 000050.667, 156
Trd, 000052.217, 156
Trd, 000052.600, 162
Trd, 000052.933, 162
Trd, 000052.967, 144
Trd, 000053.200, 163
Trd, 000053.850, 160
Trd, 000054.400, 156
Trd, 000054.617, 152
Trd, 000055.267, 161
Trd, 000055.417, 160
Trd, 000056.450, 160
Trd, 000056.667, 154
Trd, 000056.767, 160
Trd, 000057.367, 161
Trd, 000057.517, 154
Trd, 000057.733, 153
Trd, 000058.750, 157
Trd, 000059.600, 159
Trd, 000060.050, 149
Trd, 000060.200, 159
Trd, 000060.567, 152
Trd, 000060.833, 151
Trd, 000060.900, 159
Trd, 000061.450, 158
Trd, 000061.750, 163
Trd, 000062.233, 161
Trd, 000062.983, 166
Trd, 000063.283, 173
Trd, 000063.633, 181
Trd, 000063.967, 168
Trd, 000064.133, 158
Trd, 000064.450, 169
Trd, 000064.900, 161
Trd, 000065.883, 160
Trd, 000066.483, 160
Trd, 000067.300, 159
Trd, 000067.383, 158
Trd, 000067.400, 142
Trd, 000067.783, 161
Trd, 000068.267, 156
Trd, 000068.367, 149
Trd, 000069.150, 160
Trd, 000069.483, 181
Trd, 000070.033, 147
Trd, 000070.500, 146
Trd, 000070.967, 167
Trd, 000071.400, 152
Trd, 000071.467, 167
Trd, 000072.767, 163
Trd, 000073.500, 165
Trd, 000075.117, 161
Trd, 000075.150, 164
Trd, 000075.250, 164
Trd, 000076.317, 162
Trd, 000076.783, 163
Trd, 000077.083, 161
Trd, 000078.067, 164
Trd, 000078.583, 175
Trd, 000079.217, 173
Trd, 000079.500, 169
Trd, 000079.933, 176
Trd, 000080.233, 169
Trd, 000080.283, 159
Trd, 000080.400, 147
Trd, 000080.717, 148
Trd, 000081.133, 152
Trd, 000081.483, 178
Trd, 000082.267, 179
Trd, 000082.483, 163
Trd, 000082.967, 161
Trd, 000083.233, 166
Trd, 000084.750, 164
Trd, 000084.967, 165
Trd, 000085.067, 167
Trd, 000085.750, 170
Trd, 000086.233, 182
Trd, 000086.500, 171
Trd, 000086.850, 171
Trd, 000087.250, 172
Trd, 000087.617, 171
Trd, 000087.667, 168
Trd, 000087.717, 164
Trd, 000088.950, 171
Trd, 000089.517, 172
Trd, 000089.667, 161
Trd, 000089.867, 166
Trd, 000091.733, 161
Trd, 000092.067, 171
Trd, 000092.517, 170
Trd, 000093.233, 164
Trd, 000093.567, 162
Trd, 000093.850, 167
Trd, 000094.717, 162
Trd, 000094.967, 167
Trd, 000095.150, 161
Trd, 000095.317, 167
Trd, 000096.117, 160
Trd, 000097.150, 164
Trd, 000097.433, 158
Trd, 000098.117, 164
Trd, 000099.033, 164
Trd, 000099.733, 162
Trd, 000099.817, 163
Trd, 000100.250, 164
Trd, 000100.283, 161
Trd, 000101.533, 160
Trd, 000101.800, 165
Trd, 000102.317, 160
Trd, 000102.483, 163
Trd, 000102.917, 180
Trd, 000104.117, 177
Trd, 000104.700, 178
Trd, 000104.833, 172
Trd, 000106.067, 175
Trd, 000106.117, 174
Trd, 000107.033, 172
Trd, 000108.267, 170
Trd, 000108.350, 171
Trd, 000109.267, 166
Trd, 000110.167, 162
Trd, 000110.417, 161
Trd, 000111.683, 160
Trd, 000112.567, 158
Trd, 000112.967, 157
Trd, 000113.217, 157
Trd, 000113.667, 156
Trd, 000114.100, 155
Trd, 000114.200, 157
Trd, 000114.583, 156
Trd, 000114.833, 163
Trd, 000115.133, 152
Trd, 000115.483, 174
Trd, 000115.567, 151
Trd, 000116.033, 146
Trd, 000117.483, 162
Trd, 000118.400, 161
Trd, 000119.017, 163
Trd, 000119.667, 163
Trd, 000120.133, 164
Trd, 000120.450, 162
Trd, 000120.633, 164
Trd, 000120.900, 164
Trd, 000120.917, 165
Trd, 000120.967, 166
Trd, 000121.617, 163
Trd, 000122.133, 162
Trd, 000122.850, 174
Trd, 000123.483, 174
Trd, 000123.567, 181
Trd, 000124.417, 170
Trd, 000126.233, 170
Trd, 000126.633, 171
Trd, 000126.883, 173
Trd, 000127.100, 170
Trd, 000127.433, 172
Trd, 000127.467, 172
Trd, 000128.600, 170
Trd, 000129.483, 168
Trd, 000129.500, 167
Trd, 000129.817, 168
Trd, 000130.583, 167
Trd, 000130.967, 164
Trd, 000131.133, 159
Trd, 000131.517, 166
Trd, 000132.350, 166
Trd, 000133.000, 188
Trd, 000133.367, 152
Trd, 000133.667, 147
Trd, 000134.100, 171
Trd, 000134.233, 168
Trd, 000134.500, 150
Trd, 000134.583, 163
Trd, 000135.500, 167
Trd, 000135.850, 162
Trd, 000136.417, 164
Trd, 000136.450, 167
Trd, 000136.783, 173
Trd, 000137.350, 170
Trd, 000137.767, 170
Trd, 000138.300, 170
Trd, 000139.467, 171
Trd, 000139.783, 171
Trd, 000140.500, 169
Trd, 000140.633, 160
Trd, 000140.983, 170
Trd, 000141.250, 162
Trd, 000141.317, 165
Trd, 000141.733, 172
Trd, 000142.883, 174
Trd, 000144.567, 171
Trd, 000144.967, 172
Trd, 000145.783, 175
Trd, 000145.800, 185
Trd, 000146.050, 175
Trd, 000146.233, 174
Trd, 000146.617, 169
Trd, 000146.850, 169
Trd, 000147.483, 176
Trd, 000148.367, 170
Trd, 000148.467, 161
Trd, 000148.933, 152
Trd, 000149.267, 166
Trd, 000149.500, 173
Trd, 000151.217, 170
Trd, 000151.417, 176
Trd, 000152.100, 177
Trd, 000152.167, 184
Trd, 000152.667, 183
Trd, 000153.167, 178
Trd, 000153.617, 176
Trd, 000153.683, 171
Trd, 000154.767, 170
Trd, 000155.083, 175
Trd, 000156.483, 169
Trd, 000157.050, 172
Trd, 000157.083, 166
Trd, 000157.433, 172
Trd, 000157.683, 173
Trd, 000158.217, 171
Trd, 000158.883, 174
Trd, 000159.000, 167
Trd, 000160.817, 171
Trd, 000161.150, 171
Trd, 000161.817, 169
Trd, 000162.583, 170
Trd, 000162.700, 168
Trd, 000162.950, 164
Trd, 000163.433, 158
Trd, 000163.867, 157
Trd, 000164.217, 163
Trd, 000164.567, 158
Trd, 000164.933, 156
Trd, 000164.967, 163
Trd, 000165.083, 164
Trd, 000166.383, 166
Trd, 000166.883, 166
Trd, 000166.950, 167
Trd, 000167.500, 155
Trd, 000168.050, 154
Trd, 000168.067, 168
Trd, 000168.767, 168
Trd, 000169.050, 173
Trd, 000170.300, 171
Trd, 000170.550, 170
Trd, 000170.650, 167
Trd, 000171.467, 158
Trd, 000171.567, 183
Trd, 000172.017, 158
Trd, 000172.633, 185
Trd, 000173.550, 176
Trd, 000173.967, 173
Trd, 000173.983, 168
Trd, 000174.517, 169
Trd, 000174.583, 157
Trd, 000175.600, 173
Trd, 000175.950, 172
Trd, 000176.117, 173
Trd, 000176.467, 155
Trd, 000176.550, 153
Trd, 000176.683, 177
Trd, 000177.717, 170
Trd, 000177.917, 176
Trd, 000178.817, 177
Trd, 000179.783, 178
Trd, 000179.967, 177
Trd, 000180.383, 180
Trd, 000180.767, 173
Trd, 000180.917, 171
Trd, 000180.950, 193
Trd, 000181.817, 173
Trd, 000181.950, 170
Trd, 000183.317, 175
Trd, 000183.517, 176
Trd, 000184.033, 176
Trd, 000184.800, 171
Trd, 000185.450, 176
Trd, 000185.750, 171
Trd, 000185.817, 178
Trd, 000185.867, 175
Trd, 000186.217, 170
Trd, 000186.450, 169
Trd, 000187.400, 155
Trd, 000187.817, 173
Trd, 000187.983, 168
Trd, 000189.433, 172
Trd, 000189.733, 172
Trd, 000189.817, 156
Trd, 000190.850, 171
Trd, 000192.083, 168
Trd, 000192.350, 169
Trd, 000192.533, 159
Trd, 000192.600, 156
Trd, 000192.817, 169
Trd, 000193.000, 170
Trd, 000193.350, 170
Trd, 000194.667, 171
Trd, 000195.683, 172
Trd, 000196.100, 190
Trd, 000196.633, 175
Trd, 000197.717, 173
Trd, 000198.350, 176
Trd, 000199.817, 173
Trd, 000199.983, 176
Trd, 000200.033, 173
Trd, 000200.233, 176
Trd, 000200.567, 172
Trd, 000200.700, 172
Trd, 000200.850, 175
Trd, 000201.317, 171
Trd, 000201.867, 175
Trd, 000202.617, 175
Trd, 000202.833, 171
Trd, 000203.500, 172
Trd, 000203.667, 171
Trd, 000203.883, 172
Trd, 000204.017, 160
Trd, 000204.600, 157
Trd, 000205.400, 168
Trd, 000206.367, 165
Trd, 000206.717, 160
Trd, 000206.733, 159
Trd, 000206.967, 163
Trd, 000207.033, 164
Trd, 000207.250, 169
Trd, 000209.033, 164
Trd, 000209.367, 163
Trd, 000209.583, 158
Trd, 000210.500, 157
Trd, 000211.033, 162
Trd, 000211.083, 156
Trd, 000211.350, 162
Trd, 000211.517, 167
Trd, 000211.917, 170
Trd, 000212.850, 170
Trd, 000213.550, 160
Trd, 000214.100, 157
Trd, 000214.383, 169
Trd, 000214.750, 155
Trd, 000214.850, 172
Trd, 000215.867, 166
Trd, 000216.350, 165
Trd, 000216.850, 160
Trd, 000217.433, 157
Trd, 000217.650, 159
Trd, 000218.200, 159
Trd, 000218.667, 158
Trd, 000219.300, 185
Trd, 000219.317, 175
Trd, 000219.650, 162
Trd, 000219.867, 175
Trd, 000220.883, 175
Trd, 000221.633, 170
Trd, 000221.867, 175
Trd, 000223.233, 173
Trd, 000223.533, 166
Trd, 000223.883, 173
Trd, 000224.567, 162
Trd, 000224.717, 169
Trd, 000224.733, 161
Trd, 000225.433, 170
Trd, 000225.567, 160
Trd, 000226.417, 171
Trd, 000226.767, 172
Trd, 000227.000, 160
Trd, 000227.267, 173
Trd, 000227.900, 174
Trd, 000228.333, 159
Trd, 000228.567, 158
Trd, 000229.183, 157
Trd, 000230.117, 157
Trd, 000230.950, 158
Trd, 000231.200, 157
Trd, 000232.517, 158
Trd, 000232.633, 157
Trd, 000232.767, 158
Trd, 000233.950, 159
Trd, 000234.683, 160
Trd, 000235.183, 174
Trd, 000235.567, 174
Trd, 000237.133, 172
Trd, 000237.300, 179
Trd, 000237.567, 193
Trd, 000237.617, 180
Trd, 000237.933, 205
Trd, 000237.983, 180
Trd, 000239.217, 185
Trd, 000239.583, 177
Trd, 000240.300, 167
Trd, 000240.683, 181
Trd, 000241.533, 178
Trd, 000241.600, 176
Trd, 000241.733, 177
Trd, 000241.883, 178
Trd, 000242.300, 175
Trd, 000243.067, 192
Trd, 000243.117, 175
Trd, 000244.033, 176
Trd, 000245.333, 180
Trd, 000245.517, 179
Trd, 000245.683, 185
Trd, 000245.717, 187
Trd, 000246.117, 187
Trd, 000247.117, 182
Trd, 000247.250, 182
Trd, 000247.483, 181
Trd, 000247.800, 171
Trd, 000249.017, 174
Trd, 000249.817, 174
Trd, 000249.850, 171
Trd, 000250.233, 170
Trd, 000250.833, 173
Trd, 000251.150, 174
Trd, 000251.950, 173
Trd, 000252.100, 176
Trd, 000252.500, 176
Trd, 000253.283, 183
Trd, 000253.817, 197
Trd, 000254.217, 189
Trd, 000254.667, 186
Trd, 000255.267, 185
Trd, 000255.750, 186
Trd, 000256.000, 184
Trd, 000256.300, 183
Trd, 000256.667, 187
Trd, 000257.100, 185
Trd, 000257.133, 181
Trd, 000257.217, 176
Trd, 000257.400, 174
Trd, 000257.417, 165
Trd, 000257.433, 187
Trd, 000257.833, 188
Trd, 000257.883, 197
Trd, 000258.700, 187
Trd, 000259.017, 177
Trd, 000260.250, 181
Trd, 000260.500, 173
Trd, 000261.200, 175
Trd, 000261.683, 177
Trd, 000261.983, 174
Trd, 000262.417, 174
Trd, 000262.483, 174
Trd, 000263.067, 175
Trd, 000263.150, 179
Trd, 000263.433, 183
Trd, 000263.683, 176
Trd, 000263.783, 175
Trd, 000264.950, 175
Trd, 000265.050, 174
Trd, 000265.167, 176
Trd, 000265.433, 177
Trd, 000265.917, 166
Trd, 000266.100, 161
Trd, 000266.850, 175
Trd, 000266.883, 177
Trd, 000266.983, 178
Trd, 000268.067, 169
Trd, 000268.133, 174
Trd, 000268.250, 176
Trd, 000268.833, 186
Trd, 000268.950, 179
Trd, 000269.067, 178
Trd, 000269.217, 185
Trd, 000269.833, 166
Trd, 000269.983, 166
Trd, 000270.233, 179
Trd, 000270.833, 169
Trd, 000270.950, 163
Trd, 000271.633, 173
Trd, 000272.117, 175
Trd, 000273.033, 162
Trd, 000273.583, 163
Trd, 000273.883, 162
Trd, 000273.950, 168
Trd, 000274.700, 167
Trd, 000274.800, 162
Trd, 000275.400, 165
Trd, 000275.867, 168
Trd, 000276.083, 169
Trd, 000276.483, 168
Trd, 000277.017, 185
Trd, 000277.183, 179
Trd, 000277.650, 180
Trd, 000278.017, 186
Trd, 000278.117, 179
Trd, 000278.917, 165
Trd, 000279.517, 187
Trd, 000280.150, 193
Trd, 000280.817, 184
Trd, 000281.650, 185
Trd, 000281.683, 186
Trd, 000281.750, 184
Trd, 000281.767, 191
Trd, 000282.200, 189
Trd, 000282.483, 186
Trd, 000283.283, 185
Trd, 000283.600, 184
Trd, 000284.083, 183
Trd, 000284.600, 179
Trd, 000284.783, 190
Trd, 000285.050, 174
Trd, 000285.567, 177
Trd, 000286.367, 184
Trd, 000286.500, 183
Trd, 000286.700, 183
Trd, 000286.750, 183
Trd, 000286.767, 180
Trd, 000287.033, 186
Trd, 000287.867, 183
Trd, 000289.017, 182
Trd, 000289.267, 182
Trd, 000289.367, 177
Trd, 000289.583, 182
Trd, 000289.683, 187
Trd, 000290.517, 180
Trd, 000291.033, 181
Trd, 000291.050, 186
Trd, 000291.567, 182
Trd, 000291.733, 185
Trd, 000292.383, 199
Trd, 000292.583, 191
Trd, 000293.217, 194
Trd, 000293.417, 198
Trd, 000294.167, 196
Trd, 000295.417, 196
Trd, 000296.550, 191
Trd, 000296.600, 188
Trd, 000296.750, 197
Trd, 000296.933, 185
Trd, 000297.267, 197
Trd, 000297.717, 185
Trd, 000297.750, 184
Trd, 000297.833, 181
Trd, 000297.883, 201
Trd, 000298.950, 188
Trd, 000299.150, 185
Trd, 000299.950, 184
