Trd, 000000.633, 113
Trd, 000000.733, 131
Trd, 000001.600, 144
Trd, 000002.483, 127
Trd, 000002.550, 129
Trd, 000002.583, 130
Trd, 000003.717, 133
Trd, 000005.683, 134
Trd, 000006.267, 136
Trd, 000006.883, 135
Trd, 000006.900, 147
Trd, 000007.267, 148
Trd, 000007.600, 163
Trd, 000009.000, 150
Trd, 000009.217, 149
Trd, 000009.467, 145
Trd, 000009.950, 151
Trd, 000010.017, 151
Trd, 000010.083, 152
Trd, 000011.067, 150
Trd, 000011.300, 148
Trd, 000011.500, 145
Trd, 000011.867, 173
Trd, 000012.383, 144
Trd, 000014.583, 148
Trd, 000015.167, 148
Trd, 000015.200, 145
Trd, 000015.433, 142
Trd, 000015.500, 148
Trd, 000015.967, 147
Trd, 000015.983, 144
Trd, 000017.117, 146
Trd, 000017.417, 147
Trd, 000017.483, 145
Trd, 000018.583, 148
Trd, 000019.317, 132
Trd, 000019.433, 126
Trd, 000019.483, 133
Trd, 000020.467, 150
Trd, 000020.883, 146
Trd, 000020.917, 148
Trd, 000021.583, 150
Trd, 000021.850, 143
Trd, 000023.983, 155
Trd, 000024.133, 156
Trd, 000024.300, 146
Trd, 000024.933, 156
Trd, 000025.733, 174
Trd, 000025.800, 148
Trd, 000026.083, 161
Trd, 000027.850, 148
Trd, 000028.100, 145
Trd, 000028.200, 146
Trd, 000028.317, 147
Trd, 000028.433, 150
Trd, 000028.883, 140
Trd, 000029.083, 139
Trd, 000029.883, 151
Trd, 000030.283, 163
Trd, 000030.650, 175
Trd, 000031.700, 152
Trd, 000032.433, 150
Trd, 000032.500, 156
Trd, 000032.650, 159
Trd, 000032.883, 146
Trd, 000033.150, 157
Trd, 000033.950, 155
Trd, 000034.967, 152
Trd, 000035.283, 151
Trd, 000035.450, 152
Trd, 000035.900, 153
Trd, 000036.483, 147
Trd, 000036.767, 153
Trd, 000036.867, 150
Trd, 000037.450, 137
Trd, 000037.533, 133
Trd, 000039.250, 135
Trd, 000039.333, 136
Trd, 000040.017, 138
Trd, 000040.250, 136
Trd, 000040.383, 138
Trd, 000040.667, 152
Trd, 000042.033, 166
Trd, 000043.050, 165
Trd, 000043.067, 143
Trd, 000043.150, 166
Trd, 000043.567, 160
Trd, 000044.050, 175
Trd, 000045.117, 152
Trd, 000045.483, 157
Trd, 000046.150, 152
Trd, 000046.467, 154
Trd, 000046.850, 154
Trd, 000046.867, 155
Trd, 000047.367, 141
Trd, 000048.600, 147
Trd, 000048.850, 158
Trd, 000048.867, 159
Trd, 000051.117, 160
Trd, 000051.283, 161
Trd, 000051.417, 152
Trd, 000051.483, 175
Trd, 000052.567, 162
Trd, 000052.683, 163
Trd, 000052.717, 160
Trd, 000052.983, 159
Trd, 000053.100, 163
Trd, 000053.617, 163
Trd, 000054.867, 161
Trd, 000055.033, 158
Trd, 000056.750, 151
Trd, 000057.300, 159
Trd, 000058.467, 156
Trd, 000059.100, 149
Trd, 000059.167, 155
Trd, 000059.667, 140
Trd, 000059.917, 139
Trd, 000060.350, 145
Trd, 000060.433, 152
Trd, 000061.250, 175
Trd, 000061.467, 152
Trd, 000062.033, 177
Trd, 000063.067, 178
Trd, 000063.517, 153
Trd, 000063.833, 166
Trd, 000064.567, 155
Trd, 000064.583, 164
Trd, 000064.900, 164
Trd, 000064.933, 165
Trd, 000065.950, 157
Trd, 000066.617, 161
Trd, 000067.433, 163
Trd, 000067.767, 157
Trd, 000068.383, 158
Trd, 000069.233, 158
Trd, 000069.383, 157
Trd, 000069.650, 160
Trd, 000070.200, 161
Trd, 000070.733, 151
Trd, 000072.317, 144
Trd, 000072.667, 154
Trd, 000073.167, 155
Trd, 000073.533, 155
Trd, 000073.667, 148
Trd, 000074.000, 155
Trd, 000074.567, 155
Trd, 000075.317, 146
Trd, 000075.900, 146
Trd, 000077.200, 147
Trd, 000077.850, 155
Trd, 000078.117, 155
Trd, 000079.600, 153
Trd, 000080.033, 156
Trd, 000080.367, 151
Trd, 000080.633, 151
Trd, 000081.200, 150
Trd, 000081.867, 149
Trd, 000082.300, 147
Trd, 000082.550, 150
Trd, 000082.650, 151
Trd, 000084.333, 147
Trd, 000084.383, 149
Trd, 000084.983, 142
Trd, 000085.250, 148
Trd, 000086.417, 150
Trd, 000086.517, 151
Trd, 000086.733, 152
Trd, 000087.533, 149
Trd, 000087.800, 177
Trd, 000089.050, 147
Trd, 000089.533, 156
Trd, 000089.800, 153
Trd, 000090.333, 149
Trd, 000090.983, 153
Trd, 000091.500, 149
Trd, 000091.567, 154
Trd, 000091.900, 148
Trd, 000092.583, 147
Trd, 000093.950, 171
Trd, 000093.983, 175
Trd, 000094.050, 176
Trd, 000094.117, 164
Trd, 000094.317, 157
Trd, 000094.433, 166
Trd, 000096.000, 155
Trd, 000097.183, 159
Trd, 000097.950, 155
Trd, 000098.583, 155
Trd, 000098.767, 157
Trd, 000098.817, 158
Trd, 000099.900, 158
Trd, 000099.917, 160
Trd, 000100.517, 157
Trd, 000100.717, 155
Trd, 000101.267, 158
Trd, 000101.350, 155
Trd, 000101.700, 153
Trd, 000102.900, 147
Trd, 000103.567, 159
Trd, 000103.617, 178
Trd, 000103.950, 158
Trd, 000104.317, 152
Trd, 000104.550, 153
Trd, 000105.783, 177
Trd, 000106.083, 172
Trd, 000107.100, 167
Trd, 000108.250, 165
Trd, 000108.483, 163
Trd, 000109.050, 161
Trd, 000109.883, 162
Trd, 000110.133, 163
Trd, 000110.517, 163
Trd, 000110.850, 161
Trd, 000110.950, 165
Trd, 000111.117, 159
Trd, 000111.650, 155
Trd, 000112.000, 153
Trd, 000112.200, 148
Trd, 000113.317, 150
Trd, 000114.233, 157
Trd, 000114.517, 156
Trd, 000115.450, 154
Trd, 000115.633, 153
Trd, 000115.817, 156
Trd, 000115.867, 157
Trd, 000116.967, 159
Trd, 000117.733, 157
Trd, 000117.933, 156
Trd, 000118.217, 159
Trd, 000118.350, 153
Trd, 000120.217, 157
Trd, 000120.800, 157
Trd, 000121.017, 158
Trd, 000121.333, 153
Trd, 000121.500, 149
Trd, 000123.100, 157
Trd, 000123.300, 158
Trd, 000124.567, 154
Trd, 000124.583, 153
Trd, 000124.883, 156
Trd, 000125.200, 160
Trd, 000125.317, 150
Trd, 000125.767, 150
Trd, 000126.467, 175
Trd, 000127.650, 161
Trd, 000128.267, 162
Trd, 000128.483, 176
Trd, 000128.967, 175
Trd, 000130.200, 164
Trd, 000130.383, 155
Trd, 000133.133, 160
Trd, 000133.550, 159
Trd, 000133.567, 156
Trd, 000133.917, 155
Trd, 000133.950, 150
Trd, 000134.450, 157
Trd, 000134.950, 159
Trd, 000135.067, 155
Trd, 000135.417, 155
Trd, 000136.067, 158
Trd, 000136.150, 158
Trd, 000136.450, 158
Trd, 000137.117, 161
Trd, 000137.533, 159
Trd, 000139.033, 176
Trd, 000139.267, 161
Trd, 000140.467, 171
Trd, 000140.750, 163
Trd, 000140.983, 162
Trd, 000142.500, 164
Trd, 000142.517, 166
Trd, 000142.550, 173
Trd, 000143.233, 173
Trd, 000143.467, 169
Trd, 000144.367, 164
Trd, 000144.400, 162
Trd, 000144.767, 157
Trd, 000145.550, 167
Trd, 000147.167, 164
Trd, 000147.783, 165
Trd, 000147.833, 163
Trd, 000147.983, 164
Trd, 000149.033, 160
Trd, 000150.283, 159
Trd, 000150.733, 161
Trd, 000150.767, 162
Trd, 000150.867, 167
Trd, 000150.967, 161
Trd, 000151.450, 177
Trd, 000151.500, 170
Trd, 000154.067, 173
Trd, 000154.467, 172
Trd, 000154.517, 171
Trd, 000154.817, 173
Trd, 000154.883, 183
Trd, 000155.250, 193
Trd, 000156.900, 166
Trd, 000157.517, 170
Trd, 000157.567, 178
Trd, 000158.850, 170
Trd, 000159.967, 175
Trd, 000160.317, 170
Trd, 000160.433, 176
Trd, 000161.383, 175
Trd, 000161.417, 168
Trd, 000161.467, 179
Trd, 000161.633, 177
Trd, 000161.950, 164
Trd, 000162.783, 176
Trd, 000163.317, 168
Trd, 000164.017, 176
Trd, 000164.717, 168
Trd, 000165.033, 177
Trd, 000165.133, 167
Trd, 000166.750, 172
Trd, 000166.767, 178
Trd, 000167.467, 194
Trd, 000168.467, 172
Trd, 000168.517, 181
Trd, 000168.633, 165
Trd, 000170.300, 181
Trd, 000170.650, 184
Trd, 000170.917, 179
Trd, 000171.567, 173
Trd, 000172.300, 173
Trd, 000172.800, 179
Trd, 000173.600, 178
Trd, 000174.483, 173
Trd, 000174.667, 179
Trd, 000175.733, 174
Trd, 000176.400, 174
Trd, 000176.750, 172
Trd, 000177.117, 172
Trd, 000177.317, 166
Trd, 000177.633, 165
Trd, 000177.983, 171
Trd, 000178.833, 155
Trd, 000179.167, 168
Trd, 000179.433, 158
Trd, 000179.533, 169
Trd, 000179.600, 176
Trd, 000179.900, 172
Trd, 000179.950, 185
Trd, 000182.000, 178
Trd, 000183.050, 166
Trd, 000185.367, 173
Trd, 000185.417, 171
Trd, 000185.550, 167
Trd, 000186.283, 176
Trd, 000187.033, 181
Trd, 000187.750, 169
Trd, 000189.033, 178
Trd, 000189.517, 170
Trd, 000189.783, 180
Trd, 000189.983, 181
Trd, 000190.433, 184
Trd, 000190.700, 171
Trd, 000192.067, 182
Trd, 000192.167, 170
Trd, 000193.283, 181
Trd, 000195.100, 174
Trd, 000195.217, 176
Trd, 000195.533, 172
Trd, 000196.100, 168
Trd, 000196.283, 176
Trd, 000196.917, 173
Trd, 000197.000, 167
Trd, 000197.333, 174
Trd, 000197.800, 154
Trd, 000197.983, 175
Trd, 000198.917, 159
Trd, 000198.967, 154
Trd, 000199.600, 164
Trd, 000199.850, 166
Trd, 000200.333, 169
Trd, 000201.467, 165
Trd, 000202.283, 164
Trd, 000202.450, 168
Trd, 000203.267, 154
Trd, 000203.333, 164
Trd, 000203.850, 163
Trd, 000204.033, 162
Trd, 000204.133, 168
Trd, 000205.233, 188
Trd, 000205.467, 182
Trd, 000207.017, 181
Trd, 000207.283, 185
Trd, 000207.900, 175
Trd, 000207.983, 175
Trd, 000209.200, 180
Trd, 000209.883, 185
Trd, 000209.933, 169
Trd, 000210.483, 181
Trd, 000210.567, 165
Trd, 000211.717, 175
Trd, 000212.883, 171
Trd, 000214.250, 167
Trd, 000214.883, 166
Trd, 000215.033, 163
Trd, 000215.267, 162
Trd, 000215.367, 190
Trd, 000216.000, 186
Trd, 000218.600, 180
Trd, 000219.233, 177
Trd, 000220.083, 175
Trd, 000220.300, 176
Trd, 000220.450, 172
Trd, 000220.817, 175
Trd, 000221.183, 174
Trd, 000221.983, 174
Trd, 000222.433, 177
Trd, 000223.350, 172
Trd, 000223.433, 177
Trd, 000223.467, 178
Trd, 000223.967, 170
Trd, 000224.817, 175
Trd, 000224.933, 175
Trd, 000225.583, 165
Trd, 000225.617, 176
Trd, 000227.700, 173
Trd, 000227.967, 160
Trd, 000228.583, 169
Trd, 000229.150, 166
Trd, 000229.200, 170
Trd, 000229.633, 164
Trd, 000230.567, 169
Trd, 000231.150, 170
Trd, 000231.383, 168
Trd, 000231.917, 170
Trd, 000232.117, 171
Trd, 000232.417, 194
Trd, 000233.467, 185
Trd, 000234.783, 179
Trd, 000235.100, 174
Trd, 000235.667, 174
Trd, 000236.417, 177
Trd, 000236.633, 177
Trd, 000236.667, 178
Trd, 000237.367, 175
Trd, 000237.850, 174
Trd, 000237.950, 175
Trd, 000238.200, 176
Trd, 000240.100, 175
Trd, 000240.133, 173
Trd, 000240.800, 174
Trd, 000240.833, 174
Trd, 000241.083, 174
Trd, 000241.450, 175
Trd, 000241.683, 173
Trd, 000241.967, 175
Trd, 000242.233, 175
Trd, 000242.850, 172
Trd, 000243.083, 172
Trd, 000243.783, 172
Trd, 000244.367, 172
Trd, 000244.683, 166
Trd, 000245.200, 174
Trd, 000245.250, 179
Trd, 000245.783, 173
Trd, 000246.100, 176
Trd, 000246.250, 174
Trd, 000246.967, 189
Trd, 000247.967, 176
Trd, 000248.350, 179
Trd, 000248.700, 173
Trd, 000248.833, 177
Trd, 000249.350, 177
Trd, 000249.583, 180
Trd, 000250.567, 177
Trd, 000250.650, 176
Trd, 000250.967, 176
Trd, 000251.033, 178
Trd, 000251.967, 169
Trd, 000252.233, 169
Trd, 000252.367, 179
Trd, 000252.850, 179
Trd, 000253.067, 187
Trd, 000253.550, 177
Trd, 000253.683, 194
Trd, 000254.000, 179
Trd, 000254.300, 178
Trd, 000254.333, 181
Trd, 000254.500, 176
Trd, 000254.717, 195
Trd, 000255.700, 177
Trd, 000255.833, 167
Trd, 000256.233, 162
Trd, 000256.833, 157
Trd, 000256.967, 160
Trd, 000257.717, 158
Trd, 000257.750, 183
Trd, 000257.850, 187
Trd, 000258.500, 153
Trd, 000258.867, 182
Trd, 000259.133, 183
Trd, 000260.383, 179
Trd, 000261.000, 177
Trd, 000262.150, 177
Trd, 000262.283, 176
Trd, 000262.500, 178
Trd, 000262.800, 179
Trd, 000263.083, 176
Trd, 000263.183, 175
Trd, 000263.367, 178
Trd, 000264.267, 178
Trd, 000264.833, 178
Trd, 000264.983, 181
Trd, 000265.083, 175
Trd, 000265.267, 181
Trd, 000266.167, 192
Trd, 000266.517, 186
Trd, 000266.833, 174
Trd, 000267.150, 174
Trd, 000268.533, 189
Trd, 000268.583, 192
Trd, 000269.483, 193
Trd, 000270.350, 185
Trd, 000270.567, 178
Trd, 000271.100, 181
Trd, 000271.183, 183
Trd, 000271.367, 176
Trd, 000271.400, 161
Trd, 000271.517, 185
Trd, 000272.050, 181
Trd, 000272.550, 175
Trd, 000272.783, 175
Trd, 000272.950, 176
Trd, 000273.500, 177
Trd, 000273.600, 173
Trd, 000274.117, 176
Trd, 000274.867, 189
Trd, 000275.117, 170
Trd, 000275.800, 183
Trd, 000276.950, 174
Trd, 000277.483, 181
Trd, 000277.967, 176
Trd, 000278.633, 175
Trd, 000278.767, 175
Trd, 000279.317, 172
Trd, 000279.517, 171
Trd, 000279.917, 175
Trd, 000280.017, 177
Trd, 000280.167, 174
Trd, 000280.500, 165
Trd, 000280.800, 169
Trd, 000281.733, 171
Trd, 000281.967, 172
Trd, 000282.383, 176
Trd, 000282.850, 168
Trd, 000283.250, 178
Trd, 000283.483, 190
Trd, 000283.833, 189
Trd, 000284.317, 187
Trd, 000284.633, 187
Trd, 000284.883, 188
Trd, 000284.900, 196
Trd, 000285.250, 183
Trd, 000285.467, 177
Trd, 000285.850, 183
Trd, 000285.933, 187
Trd, 000286.483, 188
Trd, 000287.033, 188
Trd, 000287.383, 179
Trd, 000287.400, 201
Trd, 000287.983, 191
Trd, 000288.250, 182
Trd, 000289.300, 190
Trd, 000289.600, 191
Trd, 000289.983, 183
Trd, 000290.650, 180
Trd, 000292.100, 183
Trd, 000292.333, 177
Trd, 000292.367, 183
Trd, 000292.617, 177
Trd, 000293.217, 173
Trd, 000293.450, 172
Trd, 000293.533, 186
Trd, 000294.317, 186
Trd, 000294.750, 177
Trd, 000295.200, 184
Trd, 000295.433, 195
Trd, 000296.083, 197
Trd, 000296.300, 192
Trd, 000296.583, 188
Trd, 000296.933, 198
Trd, 000297.050, 181
Trd, 000297.217, 167
Trd, 000298.867, 185
Trd, 000298.983, 182
Trd, 000299.100, 196
Trd, 000299.783, 175
