Trd, 000001.650, 168
Trd, 000004.150, 158
Trd, 000004.217, 172
Trd, 000005.017, 173
Trd, 000005.583, 152
Trd, 000005.867, 143
Trd, 000006.100, 153
Trd, 000007.283, 160
Trd, 000007.433, 159
Trd, 000007.733, 160
Trd, 000008.000, 159
Trd, 000008.300, 156
Trd, 000008.933, 158
Trd, 000010.183, 154
Trd, 000011.333, 154
Trd, 000011.733, 155
Trd, 000013.233, 155
Trd, 000013.667, 155
Trd, 000014.100, 156
Trd, 000014.550, 162
Trd, 000014.767, 152
Trd, 000015.150, 148
Trd, 000016.033, 148
Trd, 000016.183, 149
Trd, 000016.467, 151
Trd, 000016.750, 145
Trd, 000017.400, 152
Trd, 000019.083, 150
Trd, 000019.717, 162
Trd, 000019.750, 160
Trd, 000021.350, 154
Trd, 000021.817, 156
Trd, 000022.433, 153
Trd, 000023.417, 151
Trd, 000023.733, 151
Trd, 000025.000, 146
Trd, 000025.517, 146
Trd, 000025.767, 146
Trd, 000026.483, 148
Trd, 000027.717, 148
Trd, 000029.000, 148
Trd, 000029.217, 149
Trd, 000029.900, 150
Trd, 000031.133, 158
Trd, 000031.283, 155
Trd, 000032.533, 155
Trd, 000033.183, 157
Trd, 000033.217, 157
Trd, 000033.450, 157
Trd, 000033.767, 156
Trd, 000034.133, 158
Trd, 000034.283, 151
Trd, 000035.033, 151
Trd, 000035.683, 161
Trd, 000035.750, 162
Trd, 000036.567, 160
Trd, 000036.833, 165
Trd, 000037.733, 148
Trd, 000037.917, 172
Trd, 000038.217, 161
Trd, 000039.817, 150
Trd, 000040.050, 151
Trd, 000040.533, 148
Trd, 000042.683, 150
Trd, 000042.967, 149
Trd, 000044.500, 149
Trd, 000044.850, 150
Trd, 000045.350, 150
Trd, 000045.583, 148
Trd, 000046.150, 151
Trd, 000046.417, 151
Trd, 000046.700, 151
Trd, 000046.983, 149
Trd, 000047.133, 153
Trd, 000048.133, 153
Trd, 000048.567, 152
Trd, 000050.233, 151
Trd, 000051.083, 152
Trd, 000051.733, 158
Trd, 000051.900, 150
Trd, 000053.033, 151
Trd, 000053.617, 152
Trd, 000054.033, 153
Trd, 000054.733, 155
Trd, 000055.783, 153
Trd, 000056.150, 155
Trd, 000056.500, 160
Trd, 000058.433, 162
Trd, 000059.400, 161
Trd, 000059.867, 160
Trd, 000060.200, 154
Trd, 000060.233, 163
Trd, 000060.417, 153
Trd, 000060.450, 152
Trd, 000060.533, 167
Trd, 000060.833, 164
Trd, 000061.133, 157
Trd, 000061.350, 166
Trd, 000061.817, 158
Trd, 000063.817, 153
Trd, 000064.250, 153
Trd, 000064.600, 154
Trd, 000065.350, 153
Trd, 000065.633, 151
Trd, 000066.500, 154
Trd, 000067.233, 152
Trd, 000067.483, 154
Trd, 000067.517, 162
Trd, 000068.400, 153
Trd, 000068.467, 154
Trd, 000069.083, 153
Trd, 000069.250, 155
Trd, 000070.783, 170
Trd, 000073.783, 157
Trd, 000073.933, 153
Trd, 000074.100, 157
Trd, 000074.667, 151
Trd, 000076.033, 152
Trd, 000076.717, 153
Trd, 000076.750, 155
Trd, 000077.200, 154
Trd, 000079.017, 156
Trd, 000079.183, 154
Trd, 000079.433, 149
Trd, 000079.867, 153
Trd, 000080.067, 155
Trd, 000080.967, 155
Trd, 000081.267, 158
Trd, 000082.133, 167
Trd, 000083.417, 168
Trd, 000083.567, 169
Trd, 000083.983, 167
Trd, 000084.667, 166
Trd, 000085.550, 165
Trd, 000085.917, 165
Trd, 000086.917, 153
Trd, 000088.783, 158
Trd, 000089.000, 157
Trd, 000089.217, 159
Trd, 000089.583, 157
Trd, 000090.150, 157
Trd, 000090.233, 158
Trd, 000090.417, 159
Trd, 000091.500, 155
Trd, 000092.717, 156
Trd, 000093.000, 156
Trd, 000093.633, 156
Trd, 000094.267, 155
Trd, 000094.650, 156
Trd, 000094.883, 154
Trd, 000096.867, 158
Trd, 000097.967, 163
Trd, 000098.333, 164
Trd, 000099.183, 165
Trd, 000099.500, 159
Trd, 000100.483, 159
Trd, 000101.083, 160
Trd, 000101.100, 162
Trd, 000101.667, 161
Trd, 000102.817, 161
Trd, 000103.000, 163
Trd, 000103.533, 161
Trd, 000104.050, 163
Trd, 000104.650, 161
Trd, 000104.683, 162
Trd, 000105.717, 159
Trd, 000106.633, 163
Trd, 000108.517, 162
Trd, 000108.833, 161
Trd, 000109.867, 165
Trd, 000110.417, 165
Trd, 000110.750, 161
Trd, 000112.117, 162
Trd, 000112.767, 161
Trd, 000112.950, 160
Trd, 000113.617, 160
Trd, 000113.817, 161
Trd, 000114.550, 158
Trd, 000115.117, 159
Trd, 000116.033, 161
Trd, 000116.450, 162
Trd, 000117.783, 158
Trd, 000118.400, 180
Trd, 000119.317, 172
Trd, 000119.450, 171
Trd, 000120.550, 181
Trd, 000120.750, 170
Trd, 000121.233, 179
Trd, 000122.133, 180
Trd, 000123.000, 177
Trd, 000123.350, 173
Trd, 000124.483, 172
Trd, 000125.150, 171
Trd, 000125.667, 171
Trd, 000125.917, 171
Trd, 000126.000, 173
Trd, 000126.167, 170
Trd, 000126.383, 170
Trd, 000128.533, 160
Trd, 000129.067, 160
Trd, 000129.283, 160
Trd, 000129.617, 161
Trd, 000130.633, 161
Trd, 000131.867, 162
Trd, 000131.950, 161
Trd, 000132.567, 162
Trd, 000132.700, 167
Trd, 000133.083, 168
Trd, 000134.900, 167
Trd, 000136.817, 165
Trd, 000137.333, 164
Trd, 000137.833, 166
Trd, 000138.633, 166
Trd, 000139.017, 165
Trd, 000139.167, 167
Trd, 000139.933, 163
Trd, 000140.083, 167
Trd, 000140.650, 158
Trd, 000140.950, 162
Trd, 000141.433, 168
Trd, 000142.733, 162
Trd, 000142.817, 160
Trd, 000143.200, 169
Trd, 000144.350, 168
Trd, 000145.400, 159
Trd, 000146.817, 160
Trd, 000146.883, 161
Trd, 000147.483, 165
Trd, 000147.517, 170
Trd, 000148.167, 162
Trd, 000148.717, 176
Trd, 000148.933, 164
Trd, 000150.267, 166
Trd, 000150.850, 164
Trd, 000151.017, 163
Trd, 000151.767, 163
Trd, 000151.967, 162
Trd, 000152.700, 154
Trd, 000153.650, 159
Trd, 000154.117, 160
Trd, 000156.700, 158
Trd, 000156.883, 160
Trd, 000157.033, 159
Trd, 000158.417, 158
Trd, 000158.550, 156
Trd, 000159.017, 157
Trd, 000159.583, 163
Trd, 000159.733, 164
Trd, 000160.367, 158
Trd, 000160.533, 164
Trd, 000160.700, 171
Trd, 000160.850, 178
Trd, 000162.617, 169
Trd, 000163.333, 181
Trd, 000164.167, 169
Trd, 000164.867, 170
Trd, 000165.283, 174
Trd, 000165.517, 176
Trd, 000166.033, 176
Trd, 000166.083, 174
Trd, 000166.100, 179
Trd, 000167.433, 174
Trd, 000168.083, 172
Trd, 000168.133, 171
Trd, 000169.267, 169
Trd, 000169.517, 170
Trd, 000169.817, 169
Trd, 000170.117, 164
Trd, 000171.517, 165
Trd, 000172.200, 164
Trd, 000173.167, 166
Trd, 000173.717, 165
Trd, 000174.217, 166
Trd, 000174.550, 162
Trd, 000175.883, 162
Trd, 000177.500, 165
Trd, 000179.033, 166
Trd, 000179.233, 168
Trd, 000179.300, 166
Trd, 000179.683, 165
Trd, 000181.017, 168
Trd, 000181.383, 165
Trd, 000181.567, 166
Trd, 000181.750, 162
Trd, 000183.067, 165
Trd, 000183.433, 164
Trd, 000184.383, 166
Trd, 000185.167, 167
Trd, 000185.700, 168
Trd, 000186.100, 171
Trd, 000186.500, 172
Trd, 000187.033, 170
Trd, 000187.717, 171
Trd, 000188.550, 173
Trd, 000188.633, 171
Trd, 000188.983, 174
Trd, 000189.367, 163
Trd, 000190.283, 168
Trd, 000193.250, 172
Trd, 000193.450, 169
Trd, 000193.467, 168
Trd, 000193.650, 167
Trd, 000194.167, 171
Trd, 000196.000, 168
Trd, 000196.767, 170
Trd, 000196.967, 168
Trd, 000197.017, 167
Trd, 000197.317, 170
Trd, 000198.167, 171
Trd, 000198.633, 173
Trd, 000200.567, 175
Trd, 000200.683, 175
Trd, 000201.200, 174
Trd, 000201.683, 172
Trd, 000201.867, 175
Trd, 000202.733, 176
Trd, 000203.183, 164
Trd, 000204.500, 177
Trd, 000205.100, 168
Trd, 000205.933, 170
Trd, 000206.167, 169
Trd, 000207.433, 172
Trd, 000207.617, 168
Trd, 000208.467, 169
Trd, 000209.300, 167
Trd, 000209.383, 168
Trd, 000209.750, 169
Trd, 000211.083, 167
Trd, 000211.250, 164
Trd, 000211.467, 175
Trd, 000212.333, 171
Trd, 000212.633, 170
Trd, 000213.033, 169
Trd, 000214.000, 167
Trd, 000214.650, 168
Trd, 000214.850, 167
Trd, 000215.000, 167
Trd, 000215.283, 166
Trd, 000215.300, 165
Trd, 000216.167, 174
Trd, 000219.400, 162
Trd, 000219.550, 163
Trd, 000220.767, 162
Trd, 000221.367, 163
Trd, 000221.683, 163
Trd, 000221.917, 164
Trd, 000222.367, 170
Trd, 000223.883, 165
Trd, 000225.150, 182
Trd, 000225.483, 169
Trd, 000226.050, 169
Trd, 000226.200, 177
Trd, 000227.150, 168
Trd, 000227.417, 169
Trd, 000228.183, 171
Trd, 000228.567, 171
Trd, 000228.817, 175
Trd, 000231.200, 173
Trd, 000232.783, 170
Trd, 000233.317, 169
Trd, 000233.467, 171
Trd, 000233.567, 173
Trd, 000235.183, 173
Trd, 000235.617, 178
Trd, 000237.550, 173
Trd, 000238.317, 173
Trd, 000238.400, 171
Trd, 000238.483, 169
Trd, 000238.583, 168
Trd, 000238.733, 161
Trd, 000240.100, 169
Trd, 000240.500, 171
Trd, 000240.683, 170
Trd, 000240.817, 169
Trd, 000240.900, 170
Trd, 000241.267, 169
Trd, 000241.467, 169
Trd, 000241.667, 168
Trd, 000241.800, 166
Trd, 000241.933, 165
Trd, 000243.383, 167
Trd, 000244.033, 167
Trd, 000244.117, 170
Trd, 000244.650, 167
Trd, 000244.750, 168
Trd, 000244.817, 168
Trd, 000245.667, 172
Trd, 000246.500, 170
Trd, 000247.183, 173
Trd, 000247.250, 174
Trd, 000247.467, 175
Trd, 000248.550, 181
Trd, 000248.633, 180
Trd, 000248.767, 181
Trd, 000249.383, 181
Trd, 000249.450, 180
Trd, 000250.117, 180
Trd, 000250.450, 181
Trd, 000250.900, 183
Trd, 000251.483, 173
Trd, 000252.500, 178
Trd, 000252.517, 177
Trd, 000252.817, 176
Trd, 000253.383, 179
Trd, 000254.150, 178
Trd, 000254.817, 180
Trd, 000254.917, 181
Trd, 000255.150, 187
Trd, 000255.183, 181
Trd, 000256.033, 180
Trd, 000256.200, 184
Trd, 000256.483, 175
Trd, 000258.100, 188
Trd, 000258.467, 187
Trd, 000258.500, 188
Trd, 000259.117, 185
Trd, 000259.533, 188
Trd, 000259.683, 183
Trd, 000260.083, 195
Trd, 000260.133, 194
Trd, 000260.283, 169
Trd, 000260.450, 170
Trd, 000260.700, 179
Trd, 000261.650, 185
Trd, 000261.883, 184
Trd, 000263.733, 175
Trd, 000264.317, 176
Trd, 000264.533, 189
Trd, 000265.883, 189
Trd, 000265.933, 180
Trd, 000266.300, 192
Trd, 000266.333, 192
Trd, 000266.800, 190
Trd, 000266.867, 187
Trd, 000267.183, 183
Trd, 000267.850, 187
Trd, 000268.650, 190
Trd, 000269.633, 186
Trd, 000269.650, 187
Trd, 000270.067, 186
Trd, 000270.567, 185
Trd, 000270.700, 185
Trd, 000270.833, 187
Trd, 000271.450, 190
Trd, 000271.533, 188
Trd, 000272.167, 190
Trd, 000272.300, 187
Trd, 000272.767, 175
Trd, 000272.867, 176
Trd, 000273.200, 190
Trd, 000274.217, 173
Trd, 000275.317, 168
Trd, 000275.633, 168
Trd, 000276.283, 175
Trd, 000276.483, 178
Trd, 000277.350, 182
Trd, 000278.383, 174
Trd, 000278.533, 180
Trd, 000279.467, 175
Trd, 000279.533, 173
Trd, 000279.617, 181
Trd, 000280.200, 191
Trd, 000280.433, 190
Trd, 000280.650, 182
Trd, 000280.950, 176
Trd, 000281.133, 188
Trd, 000281.933, 179
Trd, 000282.233, 179
Trd, 000282.317, 178
Trd, 000282.800, 172
Trd, 000283.417, 176
Trd, 000284.700, 175
Trd, 000284.983, 176
Trd, 000285.417, 176
Trd, 000285.633, 175
Trd, 000285.750, 177
Trd, 000286.050, 183
Trd, 000286.500, 174
Trd, 000286.567, 179
Trd, 000287.350, 181
Trd, 000287.433, 191
Trd, 000288.800, 183
Trd, 000289.500, 193
Trd, 000290.050, 200
Trd, 000290.150, 196
Trd, 000290.317, 195
Trd, 000290.400, 186
Trd, 000291.017, 191
Trd, 000291.150, 201
Trd, 000291.283, 186
Trd, 000291.617, 177
Trd, 000291.917, 171
Trd, 000292.900, 181
Trd, 000293.050, 164
Trd, 000293.450, 180
Trd, 000293.800, 179
Trd, 000293.950, 170
Trd, 000294.150, 166
Trd, 000294.700, 181
Trd, 000295.633, 177
Trd, 000295.800, 181
Trd, 000296.567, 183
Trd, 000296.667, 174
Trd, 000297.100, 170
Trd, 000297.250, 169
Trd, 000297.317, 202
Trd, 000297.417, 204
Trd, 000297.783, 205
Trd, 000298.683, 204
Trd, 000298.817, 185
Trd, 000299.433, 189
Trd, 000299.700, 198
