Trd, 000001.450, 153
Trd, 000001.967, 172
Trd, 000001.983, 193
Trd, 000002.000, 146
Trd, 000003.233, 144
Trd, 000003.567, 142
Trd, 000004.400, 147
Trd, 000004.883, 180
Trd, 000005.200, 142
Trd, 000005.850, 165
Trd, 000005.950, 159
Trd, 000006.900, 176
Trd, 000007.283, 154
Trd, 000007.367, 146
Trd, 000008.117, 152
Trd, 000008.700, 146
Trd, 000009.383, 160
Trd, 000010.117, 148
Trd, 000010.217, 152
Trd, 000010.467, 161
Trd, 000010.717, 145
Trd, 000011.683, 157
Trd, 000012.367, 151
Trd, 000013.917, 151
Trd, 000014.083, 158
Trd, 000014.650, 159
Trd, 000014.750, 145
Trd, 000016.017, 152
Trd, 000016.400, 154
Trd, 000016.650, 150
Trd, 000017.333, 153
Trd, 000017.467, 156
Trd, 000017.750, 162
Trd, 000018.567, 154
Trd, 000018.600, 160
Trd, 000018.933, 155
Trd, 000019.717, 158
Trd, 000020.833, 157
Trd, 000020.867, 158
Trd, 000021.283, 158
Trd, 000022.267, 160
Trd, 000022.717, 160
Trd, 000023.433, 164
Trd, 000024.000, 159
Trd, 000024.083, 158
Trd, 000025.517, 159
Trd, 000025.583, 154
Trd, 000025.600, 148
Trd, 000025.900, 146
Trd, 000027.300, 156
Trd, 000028.033, 151
Trd, 000028.533, 156
Trd, 000028.567, 157
Trd, 000028.833, 151
Trd, 000028.917, 157
Trd, 000029.367, 158
Trd, 000030.000, 166
Trd, 000030.050, 151
Trd, 000030.633, 160
Trd, 000030.967, 175
Trd, 000031.233, 148
Trd, 000031.467, 147
Trd, 000031.783, 147
Trd, 000033.167, 161
Trd, 000033.750, 156
Trd, 000035.983, 156
Trd, 000036.167, 157
Trd, 000036.550, 158
Trd, 000036.750, 155
Trd, 000037.117, 157
Trd, 000037.150, 158
Trd, 000038.533, 159
Trd, 000038.883, 159
Trd, 000039.617, 155
Trd, 000040.967, 155
Trd, 000041.100, 148
Trd, 000041.483, 146
Trd, 000042.117, 146
Trd, 000042.567, 145
Trd, 000042.667, 144
Trd, 000043.050, 146
Trd, 000043.150, 146
Trd, 000043.533, 148
Trd, 000044.083, 169
Trd, 000045.283, 150
Trd, 000045.550, 149
Trd, 000045.683, 146
Trd, 000045.800, 145
Trd, 000046.950, 148
Trd, 000047.883, 149
Trd, 000048.467, 149
Trd, 000049.700, 149
Trd, 000050.650, 149
Trd, 000051.200, 149
Trd, 000051.433, 150
Trd, 000051.967, 147
Trd, 000052.650, 149
Trd, 000052.900, 149
Trd, 000053.100, 147
Trd, 000053.367, 150
Trd, 000054.117, 158
Trd, 000054.233, 153
Trd, 000054.817, 153
Trd, 000057.250, 150
Trd, 000057.400, 152
Trd, 000058.250, 150
Trd, 000058.617, 152
Trd, 000059.067, 153
Trd, 000059.333, 153
Trd, 000059.950, 166
Trd, 000060.100, 164
Trd, 000060.850, 165
Trd, 000060.867, 171
Trd, 000061.033, 164
Trd, 000061.117, 165
Trd, 000062.300, 181
Trd, 000063.300, 166
Trd, 000063.717, 167
Trd, 000063.783, 165
Trd, 000064.017, 164
Trd, 000064.133, 162
Trd, 000064.883, 166
Trd, 000067.617, 165
Trd, 000068.450, 165
Trd, 000068.550, 166
Trd, 000068.883, 166
Trd, 000068.917, 166
Trd, 000069.033, 160
Trd, 000070.067, 165
Trd, 000070.283, 165
Trd, 000070.400, 163
Trd, 000071.033, 166
Trd, 000071.900, 154
Trd, 000072.417, 153
Trd, 000072.600, 167
Trd, 000072.767, 151
Trd, 000074.767, 161
Trd, 000074.867, 156
Trd, 000075.933, 160
Trd, 000075.967, 161
Trd, 000076.450, 160
Trd, 000076.483, 158
Trd, 000076.650, 162
Trd, 000077.567, 157
Trd, 000078.000, 162
Trd, 000079.083, 157
Trd, 000079.117, 158
Trd, 000079.467, 155
Trd, 000080.383, 153
Trd, 000080.650, 158
Trd, 000080.817, 152
Trd, 000081.083, 152
Trd, 000081.167, 158
Trd, 000081.750, 171
Trd, 000082.400, 159
Trd, 000082.683, 160
Trd, 000082.867, 150
Trd, 000084.533, 152
Trd, 000084.683, 155
Trd, 000085.017, 156
Trd, 000085.250, 149
Trd, 000085.700, 145
Trd, 000086.083, 144
Trd, 000086.800, 153
Trd, 000087.350, 153
Trd, 000088.950, 152
Trd, 000089.117, 152
Trd, 000089.417, 153
Trd, 000089.817, 153
Trd, 000090.183, 152
Trd, 000090.433, 153
Trd, 000092.600, 154
Trd, 000092.933, 153
Trd, 000093.133, 154
Trd, 000093.650, 153
Trd, 000095.200, 154
Trd, 000095.250, 153
Trd, 000095.550, 154
Trd, 000095.733, 153
Trd, 000095.833, 152
Trd, 000095.983, 154
Trd, 000096.633, 155
Trd, 000097.533, 172
Trd, 000097.717, 154
Trd, 000097.800, 172
Trd, 000097.933, 168
Trd, 000098.217, 150
Trd, 000098.483, 175
Trd, 000098.933, 158
Trd, 000099.033, 168
Trd, 000100.167, 168
Trd, 000100.517, 162
Trd, 000100.967, 162
Trd, 000102.017, 164
Trd, 000102.067, 161
Trd, 000102.083, 168
Trd, 000102.783, 154
Trd, 000103.100, 166
Trd, 000103.283, 182
Trd, 000104.183, 169
Trd, 000104.217, 164
Trd, 000104.417, 172
Trd, 000106.350, 172
Trd, 000107.400, 174
Trd, 000107.683, 169
Trd, 000107.900, 169
Trd, 000107.933, 171
Trd, 000107.983, 169
Trd, 000108.150, 167
Trd, 000110.250, 169
Trd, 000112.217, 170
Trd, 000113.067, 171
Trd, 000113.083, 170
Trd, 000113.450, 169
Trd, 000113.883, 168
Trd, 000114.250, 169
Trd, 000114.950, 168
Trd, 000115.433, 168
Trd, 000115.817, 169
Trd, 000116.383, 168
Trd, 000117.350, 165
Trd, 000118.433, 158
Trd, 000118.617, 155
Trd, 000118.650, 160
Trd, 000118.883, 161
Trd, 000119.183, 156
Trd, 000120.000, 159
Trd, 000120.050, 173
Trd, 000121.950, 161
Trd, 000123.400, 162
Trd, 000124.283, 174
Trd, 000124.667, 165
Trd, 000125.983, 166
Trd, 000126.150, 176
Trd, 000126.350, 166
Trd, 000126.533, 168
Trd, 000126.867, 166
Trd, 000127.400, 163
Trd, 000128.417, 164
Trd, 000128.667, 163
Trd, 000128.733, 164
Trd, 000129.050, 165
Trd, 000129.117, 157
Trd, 000129.283, 155
Trd, 000131.900, 162
Trd, 000132.067, 161
Trd, 000132.467, 164
Trd, 000133.033, 164
Trd, 000133.950, 164
Trd, 000134.800, 163
Trd, 000135.450, 161
Trd, 000136.083, 163
Trd, 000136.683, 160
Trd, 000136.833, 163
Trd, 000137.167, 159
Trd, 000137.650, 170
Trd, 000138.333, 163
Trd, 000138.367, 164
Trd, 000138.733, 166
Trd, 000138.833, 160
Trd, 000140.867, 167
Trd, 000141.683, 167
Trd, 000142.383, 165
Trd, 000142.533, 160
Trd, 000142.867, 177
Trd, 000143.817, 166
Trd, 000144.450, 166
Trd, 000144.900, 168
Trd, 000144.917, 165
Trd, 000145.667, 170
Trd, 000145.783, 159
Trd, 000146.117, 171
Trd, 000146.217, 159
Trd, 000146.733, 158
Trd, 000146.933, 165
Trd, 000147.033, 179
Trd, 000147.517, 186
Trd, 000148.833, 169
Trd, 000149.450, 173
Trd, 000149.517, 163
Trd, 000150.200, 184
Trd, 000150.633, 184
Trd, 000151.467, 168
Trd, 000151.500, 178
Trd, 000152.000, 173
Trd, 000152.633, 176
Trd, 000154.600, 176
Trd, 000154.800, 175
Trd, 000155.117, 176
Trd, 000155.167, 177
Trd, 000155.483, 173
Trd, 000155.733, 173
Trd, 000156.150, 177
Trd, 000157.917, 177
Trd, 000158.567, 174
Trd, 000158.667, 176
Trd, 000158.800, 177
Trd, 000159.667, 162
Trd, 000160.217, 167
Trd, 000160.267, 160
Trd, 000161.283, 174
Trd, 000161.517, 174
Trd, 000161.733, 175
Trd, 000163.617, 164
Trd, 000163.900, 173
Trd, 000164.233, 172
Trd, 000165.117, 163
Trd, 000165.200, 157
Trd, 000165.617, 167
Trd, 000165.783, 172
Trd, 000165.800, 161
Trd, 000166.433, 161
Trd, 000167.100, 170
Trd, 000168.067, 169
Trd, 000168.300, 163
Trd, 000168.800, 169
Trd, 000169.167, 170
Trd, 000169.317, 160
Trd, 000169.917, 170
Trd, 000170.417, 171
Trd, 000170.650, 161
Trd, 000171.133, 161
Trd, 000171.667, 171
Trd, 000172.200, 172
Trd, 000172.250, 163
Trd, 000172.267, 179
Trd, 000173.200, 172
Trd, 000173.400, 164
Trd, 000174.733, 165
Trd, 000175.783, 165
Trd, 000176.417, 168
Trd, 000176.483, 164
Trd, 000176.717, 168
Trd, 000176.900, 169
Trd, 000177.133, 161
Trd, 000177.217, 172
Trd, 000178.683, 179
Trd, 000179.617, 174
Trd, 000179.850, 166
Trd, 000180.067, 162
Trd, 000180.317, 162
Trd, 000180.817, 171
Trd, 000181.533, 171
Trd, 000181.617, 180
Trd, 000182.217, 182
Trd, 000183.417, 183
Trd, 000184.500, 183
Trd, 000184.717, 179
Trd, 000185.583, 181
Trd, 000185.633, 178
Trd, 000185.900, 182
Trd, 000186.083, 176
Trd, 000186.267, 183
Trd, 000186.517, 183
Trd, 000186.817, 163
Trd, 000186.950, 184
Trd, 000187.583, 165
Trd, 000189.233, 173
Trd, 000190.567, 177
Trd, 000190.650, 179
Trd, 000191.250, 177
Trd, 000191.317, 176
Trd, 000192.100, 179
Trd, 000192.383, 180
Trd, 000193.183, 177
Trd, 000193.217, 169
Trd, 000195.683, 171
Trd, 000195.833, 169
Trd, 000196.167, 170
Trd, 000196.300, 168
Trd, 000196.717, 168
Trd, 000197.267, 168
Trd, 000198.100, 167
Trd, 000198.350, 166
Trd, 000198.450, 170
Trd, 000198.717, 171
Trd, 000198.800, 179
Trd, 000200.083, 165
Trd, 000200.150, 165
Trd, 000201.433, 170
Trd, 000201.650, 165
Trd, 000201.833, 168
Trd, 000202.600, 167
Trd, 000203.417, 167
Trd, 000203.667, 167
Trd, 000204.000, 165
Trd, 000204.050, 167
Trd, 000204.400, 165
Trd, 000204.517, 164
Trd, 000204.900, 182
Trd, 000205.167, 178
Trd, 000205.500, 185
Trd, 000206.250, 170
Trd, 000207.217, 176
Trd, 000208.550, 174
Trd, 000208.900, 171
Trd, 000209.300, 171
Trd, 000209.733, 171
Trd, 000209.833, 171
Trd, 000210.017, 172
Trd, 000210.383, 173
Trd, 000210.467, 173
Trd, 000211.917, 173
Trd, 000212.050, 173
Trd, 000212.267, 170
Trd, 000213.467, 166
Trd, 000214.500, 178
Trd, 000214.650, 180
Trd, 000216.117, 170
Trd, 000216.367, 183
Trd, 000216.600, 171
Trd, 000216.667, 165
Trd, 000217.167, 163
Trd, 000217.367, 178
Trd, 000218.017, 179
Trd, 000219.300, 179
Trd, 000219.917, 176
Trd, 000219.933, 184
Trd, 000220.783, 181
Trd, 000221.700, 179
Trd, 000221.750, 180
Trd, 000221.900, 173
Trd, 000222.283, 173
Trd, 000222.800, 171
Trd, 000223.850, 180
Trd, 000224.100, 180
Trd, 000224.950, 180
Trd, 000225.500, 175
Trd, 000225.633, 179
Trd, 000226.200, 175
Trd, 000229.217, 174
Trd, 000229.300, 173
Trd, 000229.500, 164
Trd, 000229.767, 174
Trd, 000230.267, 170
Trd, 000230.450, 170
Trd, 000230.467, 172
Trd, 000230.583, 178
Trd, 000232.917, 174
Trd, 000233.933, 172
Trd, 000234.017, 178
Trd, 000234.500, 171
Trd, 000234.567, 167
Trd, 000235.750, 173
Trd, 000235.800, 174
Trd, 000236.150, 173
Trd, 000236.333, 174
Trd, 000236.933, 182
Trd, 000238.333, 185
Trd, 000239.383, 180
Trd, 000239.817, 183
Trd, 000240.033, 179
Trd, 000240.367, 178
Trd, 000240.667, 178
Trd, 000240.817, 176
Trd, 000241.067, 175
Trd, 000241.133, 179
Trd, 000241.700, 175
Trd, 000241.733, 172
Trd, 000242.467, 173
Trd, 000242.800, 172
Trd, 000242.933, 171
Trd, 000243.367, 174
Trd, 000244.117, 173
Trd, 000244.417, 171
Trd, 000244.517, 182
Trd, 000245.233, 173
Trd, 000245.583, 174
Trd, 000245.683, 173
Trd, 000245.850, 175
Trd, 000246.350, 175
Trd, 000246.883, 180
Trd, 000247.200, 179
Trd, 000247.850, 183
Trd, 000248.833, 178
Trd, 000248.967, 175
Trd, 000249.833, 173
Trd, 000250.850, 177
Trd, 000251.117, 176
Trd, 000251.267, 178
Trd, 000251.750, 178
Trd, 000252.417, 179
Trd, 000252.850, 177
Trd, 000252.867, 181
Trd, 000252.883, 183
Trd, 000253.517, 178
Trd, 000253.717, 176
Trd, 000253.817, 169
Trd, 000254.717, 175
Trd, 000254.800, 176
Trd, 000254.850, 178
Trd, 000255.117, 174
Trd, 000256.317, 171
Trd, 000257.133, 175
Trd, 000258.100, 175
Trd, 000258.183, 176
Trd, 000258.483, 177
Trd, 000258.567, 176
Trd, 000258.667, 173
Trd, 000258.833, 172
Trd, 000259.233, 174
Trd, 000259.733, 171
Trd, 000260.300, 176
Trd, 000260.567, 170
Trd, 000260.767, 173
Trd, 000261.017, 167
Trd, 000261.517, 167
Trd, 000261.833, 167
Trd, 000262.633, 162
Trd, 000262.833, 163
Trd, 000263.167, 163
Trd, 000263.200, 164
Trd, 000263.567, 163
Trd, 000264.067, 167
Trd, 000264.783, 168
Trd, 000265.050, 181
Trd, 000265.100, 170
Trd, 000265.483, 174
Trd, 000266.467, 173
Trd, 000266.550, 171
Trd, 000266.850, 172
Trd, 000267.350, 167
Trd, 000267.750, 172
Trd, 000268.567, 175
Trd, 000268.733, 184
Trd, 000269.317, 177
Trd, 000270.067, 183
Trd, 000270.683, 179
Trd, 000271.000, 179
Trd, 000271.617, 180
Trd, 000271.967, 180
Trd, 000272.033, 182
Trd, 000272.667, 180
Trd, 000272.783, 183
Trd, 000273.533, 183
Trd, 000273.600, 183
Trd, 000274.100, 181
Trd, 000274.317, 181
Trd, 000274.517, 185
Trd, 000274.750, 185
Trd, 000275.233, 188
Trd, 000275.350, 185
Trd, 000275.367, 183
Trd, 000275.517, 163
Trd, 000275.650, 186
Trd, 000275.917, 175
Trd, 000276.483, 176
Trd, 000277.017, 179
Trd, 000278.117, 172
Trd, 000278.533, 169
Trd, 000278.683, 181
Trd, 000279.150, 172
Trd, 000280.283, 167
Trd, 000280.467, 175
Trd, 000280.483, 176
Trd, 000281.000, 174
Trd, 000281.017, 173
Trd, 000281.333, 176
Trd, 000281.517, 177
Trd, 000281.767, 190
Trd, 000282.050, 183
Trd, 000282.400, 174
Trd, 000282.633, 174
Trd, 000282.917, 164
Trd, 000283.200, 181
Trd, 000283.217, 186
Trd, 000283.600, 184
Trd, 000285.267, 171
Trd, 000285.517, 172
Trd, 000285.783, 170
Trd, 000286.083, 180
Trd, 000286.100, 182
Trd, 000286.417, 183
Trd, 000286.583, 186
Trd, 000286.733, 190
Trd, 000287.283, 182
Trd, 000287.367, 173
Trd, 000287.700, 172
Trd, 000288.333, 171
Trd, 000288.883, 175
Trd, 000289.267, 174
Trd, 000289.800, 177
Trd, 000290.833, 174
Trd, 000291.017, 178
Trd, 000291.400, 174
Trd, 000291.583, 179
Trd, 000291.667, 184
Trd, 000291.833, 187
Trd, 000292.033, 184
Trd, 000292.117, 173
Trd, 000292.700, 183
Trd, 000292.783, 170
Trd, 000292.817, 183
Trd, 000293.333, 184
Trd, 000294.217, 163
Trd, 000294.483, 166
Trd, 000295.067, 169
Trd, 000295.350, 170
Trd, 000295.367, 180
Trd, 000295.883, 181
Trd, 000295.900, 180
Trd, 000296.167, 180
Trd, 000296.283, 179
Trd, 000296.850, 185
Trd, 000296.867, 187
Trd, 000297.500, 173
Trd, 000298.767, 174
Trd, 000298.800, 183
Trd, 000299.217, 182
Trd, 000299.983, 183
