Trd, 000001.917, 200
Trd, 000002.483, 196
Trd, 000002.500, 193
Trd, 000003.200, 167
Trd, 000003.283, 151
Trd, 000003.950, 142
Trd, 000005.267, 155
Trd, 000005.467, 154
Trd, 000006.633, 163
Trd, 000008.283, 143
Trd, 000008.867, 151
Trd, 000009.133, 145
Trd, 000009.317, 139
Trd, 000010.083, 152
Trd, 000010.800, 147
Trd, 000011.050, 142
Trd, 000011.133, 155
Trd, 000011.183, 162
Trd, 000011.517, 162
Trd, 000011.533, 151
Trd, 000013.500, 159
Trd, 000013.633, 160
Trd, 000013.783, 152
Trd, 000013.983, 152
Trd, 000014.033, 151
Trd, 000014.617, 147
Trd, 000015.500, 145
Trd, 000015.633, 150
Trd, 000016.717, 143
Trd, 000016.883, 142
Trd, 000017.350, 144
Trd, 000018.017, 146
Trd, 000018.067, 153
Trd, 000018.483, 144
Trd, 000019.383, 149
Trd, 000019.817, 164
Trd, 000020.600, 170
Trd, 000020.633, 174
Trd, 000021.067, 153
Trd, 000021.617, 164
Trd, 000021.717, 165
Trd, 000021.883, 152
Trd, 000022.683, 173
Trd, 000023.567, 152
Trd, 000024.450, 165
Trd, 000024.933, 165
Trd, 000025.183, 153
Trd, 000025.950, 153
Trd, 000026.083, 155
Trd, 000028.117, 153
Trd, 000028.250, 149
Trd, 000028.400, 148
Trd, 000028.733, 144
Trd, 000029.600, 133
Trd, 000029.917, 149
Trd, 000029.950, 139
Trd, 000030.083, 151
Trd, 000030.267, 153
Trd, 000030.700, 153
Trd, 000031.117, 142
Trd, 000031.950, 143
Trd, 000032.467, 141
Trd, 000032.517, 147
Trd, 000033.033, 151
Trd, 000033.583, 151
Trd, 000034.117, 156
Trd, 000035.083, 160
Trd, 000035.500, 146
Trd, 000035.917, 160
Trd, 000035.933, 144
Trd, 000036.850, 150
Trd, 000036.900, 141
Trd, 000037.317, 158
Trd, 000038.283, 161
Trd, 000038.450, 165
Trd, 000038.933, 148
Trd, 000040.017, 172
Trd, 000041.383, 155
Trd, 000042.017, 166
Trd, 000042.550, 154
Trd, 000042.583, 160
Trd, 000043.633, 160
Trd, 000044.433, 155
Trd, 000044.600, 149
Trd, 000045.233, 148
Trd, 000045.983, 154
Trd, 000046.117, 162
Trd, 000046.733, 152
Trd, 000047.467, 152
Trd, 000048.117, 157
Trd, 000048.200, 158
Trd, 000049.667, 158
Trd, 000049.867, 159
Trd, 000049.883, 163
Trd, 000050.100, 152
Trd, 000050.183, 168
Trd, 000050.250, 152
Trd, 000050.867, 170
Trd, 000051.117, 171
Trd, 000051.800, 163
Trd, 000051.983, 152
Trd, 000052.117, 146
Trd, 000052.917, 146
Trd, 000053.100, 146
Trd, 000053.383, 165
Trd, 000053.767, 151
Trd, 000055.300, 154
Trd, 000055.483, 149
Trd, 000055.550, 145
Trd, 000055.600, 164
Trd, 000057.050, 150
Trd, 000058.850, 158
Trd, 000058.967, 168
Trd, 000059.017, 152
Trd, 000059.700, 157
Trd, 000060.033, 146
Trd, 000060.050, 171
Trd, 000060.283, 172
Trd, 000060.683, 136
Trd, 000061.600, 154
Trd, 000061.667, 167
Trd, 000061.683, 169
Trd, 000062.783, 150
Trd, 000064.083, 162
Trd, 000064.117, 164
Trd, 000064.583, 150
Trd, 000065.450, 165
Trd, 000065.583, 166
Trd, 000065.733, 149
Trd, 000065.750, 149
Trd, 000065.883, 149
Trd, 000066.167, 151
Trd, 000066.500, 168
Trd, 000067.700, 161
Trd, 000068.333, 160
Trd, 000068.500, 161
Trd, 000068.617, 166
Trd, 000070.800, 165
Trd, 000071.017, 151
Trd, 000071.783, 165
Trd, 000072.517, 155
Trd, 000072.700, 160
Trd, 000073.333, 154
Trd, 000073.983, 157
Trd, 000074.100, 158
Trd, 000074.417, 158
Trd, 000074.633, 154
Trd, 000075.083, 151
Trd, 000075.383, 158
Trd, 000076.217, 160
Trd, 000076.417, 144
Trd, 000076.467, 165
Trd, 000076.917, 166
Trd, 000077.617, 152
Trd, 000078.100, 152
Trd, 000079.033, 151
Trd, 000080.067, 164
Trd, 000080.967, 164
Trd, 000081.017, 153
Trd, 000081.667, 167
Trd, 000082.083, 163
Trd, 000082.650, 164
Trd, 000083.033, 161
Trd, 000083.800, 160
Trd, 000084.333, 160
Trd, 000084.383, 164
Trd, 000085.417, 162
Trd, 000085.600, 162
Trd, 000086.033, 155
Trd, 000086.650, 163
Trd, 000086.833, 166
Trd, 000087.400, 166
Trd, 000089.033, 168
Trd, 000089.050, 169
Trd, 000089.450, 156
Trd, 000089.967, 157
Trd, 000090.650, 156
Trd, 000090.683, 162
Trd, 000091.333, 156
Trd, 000091.733, 162
Trd, 000092.400, 163
Trd, 000092.783, 163
Trd, 000093.067, 161
Trd, 000093.933, 167
Trd, 000094.067, 160
Trd, 000094.500, 157
Trd, 000094.533, 169
Trd, 000096.417, 153
Trd, 000096.833, 160
Trd, 000098.217, 159
Trd, 000098.567, 158
Trd, 000098.633, 159
Trd, 000099.500, 158
Trd, 000099.683, 158
Trd, 000100.183, 155
Trd, 000101.217, 158
Trd, 000101.350, 164
Trd, 000101.817, 167
Trd, 000102.117, 168
Trd, 000102.350, 156
Trd, 000102.367, 155
Trd, 000103.350, 175
Trd, 000103.750, 154
Trd, 000103.983, 153
Trd, 000105.633, 165
Trd, 000105.800, 158
Trd, 000106.733, 172
Trd, 000107.650, 172
Trd, 000107.733, 173
Trd, 000108.000, 177
Trd, 000108.117, 173
Trd, 000108.450, 164
Trd, 000109.183, 152
Trd, 000110.000, 152
Trd, 000110.767, 159
Trd, 000111.083, 171
Trd, 000111.900, 163
Trd, 000112.100, 166
Trd, 000112.400, 158
Trd, 000112.533, 164
Trd, 000112.767, 158
Trd, 000113.150, 153
Trd, 000113.533, 152
Trd, 000114.400, 169
Trd, 000115.817, 170
Trd, 000116.883, 158
Trd, 000117.333, 171
Trd, 000118.483, 173
Trd, 000119.133, 158
Trd, 000119.600, 156
Trd, 000119.633, 153
Trd, 000120.017, 171
Trd, 000120.150, 172
Trd, 000120.167, 158
Trd, 000121.050, 168
Trd, 000121.333, 172
Trd, 000121.350, 161
Trd, 000122.717, 155
Trd, 000122.900, 153
Trd, 000123.167, 156
Trd, 000124.283, 162
Trd, 000124.300, 167
Trd, 000125.150, 157
Trd, 000125.217, 168
Trd, 000125.583, 169
Trd, 000125.900, 170
Trd, 000127.000, 157
Trd, 000127.433, 173
Trd, 000127.683, 174
Trd, 000129.383, 152
Trd, 000129.483, 175
Trd, 000129.600, 176
Trd, 000129.867, 156
Trd, 000130.467, 155
Trd, 000131.767, 175
Trd, 000131.817, 175
Trd, 000132.417, 176
Trd, 000132.917, 177
Trd, 000133.250, 158
Trd, 000134.050, 156
Trd, 000134.133, 177
Trd, 000134.583, 155
Trd, 000134.917, 155
Trd, 000135.750, 155
Trd, 000135.800, 157
Trd, 000136.933, 161
Trd, 000137.217, 164
Trd, 000137.350, 155
Trd, 000137.400, 167
Trd, 000137.533, 171
Trd, 000140.033, 157
Trd, 000140.083, 155
Trd, 000140.767, 154
Trd, 000141.800, 153
Trd, 000142.917, 161
Trd, 000143.417, 151
Trd, 000144.017, 158
Trd, 000144.150, 157
Trd, 000145.333, 155
Trd, 000146.000, 164
Trd, 000146.967, 154
Trd, 000147.300, 159
Trd, 000147.450, 159
Trd, 000147.783, 162
Trd, 000148.300, 166
Trd, 000148.417, 177
Trd, 000148.617, 174
Trd, 000149.050, 165
Trd, 000149.167, 176
Trd, 000150.000, 159
Trd, 000150.867, 164
Trd, 000151.533, 163
Trd, 000151.733, 161
Trd, 000152.217, 163
Trd, 000152.333, 161
Trd, 000152.633, 157
Trd, 000154.250, 157
Trd, 000154.433, 175
Trd, 000154.450, 177
Trd, 000154.567, 178
Trd, 000157.050, 166
Trd, 000157.550, 166
Trd, 000157.733, 157
Trd, 000157.933, 166
Trd, 000157.950, 169
Trd, 000158.050, 188
Trd, 000158.483, 160
Trd, 000158.550, 191
Trd, 000158.783, 154
Trd, 000159.050, 153
Trd, 000159.600, 160
Trd, 000161.217, 176
Trd, 000161.567, 178
Trd, 000162.133, 182
Trd, 000162.167, 184
Trd, 000162.967, 170
Trd, 000163.383, 170
Trd, 000164.033, 176
Trd, 000164.217, 178
Trd, 000165.433, 177
Trd, 000165.600, 172
Trd, 000165.967, 171
Trd, 000166.433, 172
Trd, 000167.267, 163
Trd, 000167.300, 174
Trd, 000168.450, 167
Trd, 000169.050, 173
Trd, 000169.183, 175
Trd, 000169.700, 167
Trd, 000169.817, 158
Trd, 000170.067, 159
Trd, 000170.583, 182
Trd, 000171.167, 161
Trd, 000171.700, 172
Trd, 000171.933, 164
Trd, 000172.100, 184
Trd, 000173.300, 183
Trd, 000173.433, 151
Trd, 000173.967, 152
Trd, 000174.217, 151
Trd, 000174.683, 154
Trd, 000174.800, 161
Trd, 000175.967, 159
Trd, 000176.017, 160
Trd, 000176.183, 165
Trd, 000177.417, 154
Trd, 000177.667, 156
Trd, 000177.933, 167
Trd, 000178.800, 184
Trd, 000178.817, 185
Trd, 000179.117, 187
Trd, 000180.717, 178
Trd, 000180.800, 162
Trd, 000182.300, 165
Trd, 000182.883, 171
Trd, 000183.217, 164
Trd, 000183.450, 170
Trd, 000183.467, 175
Trd, 000184.183, 176
Trd, 000184.633, 172
Trd, 000184.767, 167
Trd, 000184.817, 176
Trd, 000186.667, 161
Trd, 000186.750, 162
Trd, 000187.167, 163
Trd, 000188.133, 172
Trd, 000188.700, 166
Trd, 000189.417, 165
Trd, 000189.433, 186
Trd, 000189.717, 190
Trd, 000190.200, 191
Trd, 000191.183, 164
Trd, 000192.233, 175
Trd, 000192.267, 160
Trd, 000192.400, 176
Trd, 000192.483, 177
Trd, 000192.767, 158
Trd, 000194.333, 160
Trd, 000194.917, 169
Trd, 000195.050, 169
Trd, 000195.550, 170
Trd, 000195.950, 162
Trd, 000197.533, 163
Trd, 000197.800, 164
Trd, 000197.883, 163
Trd, 000198.750, 164
Trd, 000199.817, 165
Trd, 000200.233, 165
Trd, 000200.700, 166
Trd, 000200.983, 164
Trd, 000201.033, 171
Trd, 000201.133, 177
Trd, 000201.300, 182
Trd, 000202.033, 184
Trd, 000202.717, 164
Trd, 000203.450, 167
Trd, 000203.700, 163
Trd, 000203.783, 172
Trd, 000204.250, 177
Trd, 000204.333, 178
Trd, 000204.533, 181
Trd, 000205.733, 164
Trd, 000205.833, 162
Trd, 000206.617, 181
Trd, 000207.550, 166
Trd, 000207.850, 180
Trd, 000208.183, 179
Trd, 000209.117, 162
Trd, 000209.133, 180
Trd, 000209.817, 184
Trd, 000210.817, 168
Trd, 000210.967, 166
Trd, 000211.633, 182
Trd, 000212.500, 168
Trd, 000213.400, 168
Trd, 000213.700, 180
Trd, 000213.917, 172
Trd, 000214.183, 159
Trd, 000214.450, 180
Trd, 000214.600, 162
Trd, 000215.267, 176
Trd, 000215.533, 179
Trd, 000215.650, 160
Trd, 000216.000, 182
Trd, 000216.633, 183
Trd, 000216.650, 166
Trd, 000218.750, 177
Trd, 000218.800, 180
Trd, 000219.567, 181
Trd, 000220.200, 171
Trd, 000220.933, 181
Trd, 000221.267, 170
Trd, 000221.767, 174
Trd, 000222.633, 176
Trd, 000223.033, 172
Trd, 000223.650, 169
Trd, 000224.050, 175
Trd, 000224.333, 174
Trd, 000224.883, 165
Trd, 000226.967, 168
Trd, 000227.650, 165
Trd, 000228.433, 165
Trd, 000228.650, 167
Trd, 000228.817, 163
Trd, 000229.650, 162
Trd, 000229.800, 169
Trd, 000230.483, 173
Trd, 000230.650, 161
Trd, 000230.733, 161
Trd, 000231.900, 167
Trd, 000232.500, 164
Trd, 000232.783, 163
Trd, 000233.017, 176
Trd, 000233.433, 181
Trd, 000234.467, 173
Trd, 000235.867, 171
Trd, 000236.000, 170
Trd, 000236.817, 168
Trd, 000237.250, 180
Trd, 000237.450, 174
Trd, 000238.600, 173
Trd, 000238.750, 180
Trd, 000239.583, 175
Trd, 000239.600, 181
Trd, 000239.783, 181
Trd, 000239.817, 174
Trd, 000241.867, 177
Trd, 000241.883, 170
Trd, 000242.567, 169
Trd, 000242.900, 168
Trd, 000243.800, 165
Trd, 000244.067, 163
Trd, 000244.133, 171
Trd, 000244.250, 161
Trd, 000244.267, 154
Trd, 000245.100, 165
Trd, 000245.117, 168
Trd, 000245.233, 186
Trd, 000245.950, 180
Trd, 000246.183, 183
Trd, 000247.433, 182
Trd, 000248.450, 182
Trd, 000248.683, 182
Trd, 000248.733, 183
Trd, 000249.167, 179
Trd, 000249.350, 179
Trd, 000250.450, 171
Trd, 000250.483, 176
Trd, 000250.533, 177
Trd, 000251.667, 173
Trd, 000252.650, 175
Trd, 000253.750, 174
Trd, 000254.033, 176
Trd, 000254.200, 173
Trd, 000254.467, 173
Trd, 000254.933, 185
Trd, 000255.167, 171
Trd, 000255.733, 185
Trd, 000256.350, 186
Trd, 000257.200, 175
Trd, 000257.533, 177
Trd, 000258.267, 179
Trd, 000258.400, 174
Trd, 000258.467, 183
Trd, 000259.250, 179
Trd, 000260.433, 176
Trd, 000260.733, 179
Trd, 000260.783, 183
Trd, 000260.800, 182
Trd, 000261.367, 176
Trd, 000262.500, 175
Trd, 000262.550, 173
Trd, 000263.050, 172
Trd, 000263.867, 183
Trd, 000264.183, 185
Trd, 000265.133, 176
Trd, 000265.650, 175
Trd, 000265.950, 171
Trd, 000266.017, 177
Trd, 000266.317, 178
Trd, 000266.450, 183
Trd, 000266.700, 168
Trd, 000268.067, 181
Trd, 000268.133, 171
Trd, 000268.467, 171
Trd, 000268.700, 176
Trd, 000270.100, 171
Trd, 000270.683, 170
Trd, 000271.033, 172
Trd, 000271.067, 177
Trd, 000271.233, 169
Trd, 000271.317, 185
Trd, 000271.817, 189
Trd, 000273.600, 173
Trd, 000274.000, 179
Trd, 000274.600, 180
Trd, 000274.650, 172
Trd, 000274.733, 168
Trd, 000275.850, 177
Trd, 000275.933, 181
Trd, 000276.000, 182
Trd, 000276.233, 185
Trd, 000277.067, 179
Trd, 000277.250, 182
Trd, 000277.300, 172
Trd, 000278.267, 180
Trd, 000279.500, 187
Trd, 000280.317, 188
Trd, 000280.433, 183
Trd, 000280.467, 183
Trd, 000280.533, 185
Trd, 000280.983, 183
Trd, 000281.050, 175
Trd, 000281.467, 181
Trd, 000281.700, 180
Trd, 000281.983, 188
Trd, 000283.233, 169
Trd, 000283.400, 165
Trd, 000283.450, 184
Trd, 000284.283, 168
Trd, 000284.317, 162
Trd, 000285.567, 170
Trd, 000285.867, 171
Trd, 000286.067, 172
Trd, 000286.500, 176
Trd, 000286.683, 170
Trd, 000286.867, 179
Trd, 000287.850, 169
Trd, 000287.917, 169
Trd, 000287.967, 181
Trd, 000288.700, 166
Trd, 000289.000, 186
Trd, 000289.033, 188
Trd, 000289.483, 197
Trd, 000289.517, 179
Trd, 000291.017, 189
Trd, 000291.617, 188
Trd, 000292.167, 191
Trd, 000292.933, 187
Trd, 000293.083, 182
Trd, 000293.650, 180
Trd, 000293.700, 179
Trd, 000293.950, 189
Trd, 000295.083, 188
Trd, 000295.333, 176
Trd, 000295.800, 174
Trd, 000295.933, 180
Trd, 000296.550, 167
Trd, 000297.133, 167
Trd, 000297.267, 180
Trd, 000297.400, 185
Trd, 000297.750, 173
Trd, 000298.017, 172
Trd, 000298.133, 188
Trd, 000298.683, 174
Trd, 000298.867, 173
Trd, 000299.167, 188
Trd, 000299.483, 189
Trd, 000299.633, 171
