Trd, 000002.383, 136
Trd, 000002.733, 135
Trd, 000002.767, 141
Trd, 000003.583, 147
Trd, 000004.317, 130
Trd, 000006.467, 144
Trd, 000007.717, 148
Trd, 000007.750, 140
Trd, 000007.833, 155
Trd, 000007.867, 158
Trd, 000008.900, 149
Trd, 000010.050, 149
Trd, 000010.867, 145
Trd, 000011.683, 144
Trd, 000012.033, 144
Trd, 000012.450, 145
Trd, 000013.050, 143
Trd, 000013.533, 144
Trd, 000013.633, 142
Trd, 000014.517, 144
Trd, 000016.400, 144
Trd, 000016.533, 144
Trd, 000017.100, 143
Trd, 000018.383, 145
Trd, 000019.733, 145
Trd, 000020.133, 144
Trd, 000020.583, 144
Trd, 000020.967, 146
Trd, 000021.117, 147
Trd, 000021.167, 143
Trd, 000022.700, 144
Trd, 000023.500, 141
Trd, 000024.083, 141
Trd, 000024.167, 142
Trd, 000024.333, 144
Trd, 000024.567, 145
Trd, 000025.983, 146
Trd, 000026.667, 142
Trd, 000029.683, 144
Trd, 000029.900, 144
Trd, 000029.983, 144
Trd, 000030.183, 144
Trd, 000031.417, 144
Trd, 000032.983, 144
Trd, 000033.383, 143
Trd, 000033.517, 145
Trd, 000033.800, 147
Trd, 000034.567, 147
Trd, 000035.200, 146
Trd, 000035.750, 144
Trd, 000036.217, 145
Trd, 000037.233, 146
Trd, 000037.767, 152
Trd, 000039.033, 157
Trd, 000039.183, 155
Trd, 000039.200, 152
Trd, 000039.700, 153
Trd, 000040.583, 152
Trd, 000041.067, 152
Trd, 000041.733, 150
Trd, 000042.717, 149
Trd, 000042.800, 153
Trd, 000043.083, 152
Trd, 000043.250, 151
Trd, 000044.083, 149
Trd, 000045.133, 150
Trd, 000045.467, 150
Trd, 000045.683, 148
Trd, 000048.050, 148
Trd, 000048.217, 147
Trd, 000048.517, 147
Trd, 000049.883, 148
Trd, 000051.017, 149
Trd, 000051.100, 149
Trd, 000051.233, 148
Trd, 000051.800, 144
Trd, 000053.183, 146
Trd, 000053.750, 148
Trd, 000054.317, 147
Trd, 000054.633, 148
Trd, 000055.183, 149
Trd, 000056.050, 146
Trd, 000056.800, 148
Trd, 000057.417, 148
Trd, 000057.967, 146
Trd, 000059.750, 147
Trd, 000060.233, 147
Trd, 000061.067, 147
Trd, 000061.167, 148
Trd, 000062.183, 146
Trd, 000062.200, 148
Trd, 000062.367, 148
Trd, 000062.717, 147
Trd, 000063.600, 149
Trd, 000065.250, 148
Trd, 000065.600, 149
Trd, 000065.833, 148
Trd, 000066.250, 148
Trd, 000066.867, 149
Trd, 000068.000, 151
Trd, 000068.400, 152
Trd, 000070.317, 151
Trd, 000070.467, 154
Trd, 000072.100, 151
Trd, 000072.333, 152
Trd, 000072.650, 151
Trd, 000072.967, 153
Trd, 000074.267, 152
Trd, 000074.783, 151
Trd, 000075.100, 150
Trd, 000075.950, 145
Trd, 000077.717, 151
Trd, 000077.817, 152
Trd, 000078.417, 155
Trd, 000078.833, 148
Trd, 000080.217, 153
Trd, 000080.650, 151
Trd, 000081.167, 150
Trd, 000081.850, 149
Trd, 000081.917, 150
Trd, 000082.483, 152
Trd, 000083.667, 151
Trd, 000084.300, 152
Trd, 000085.700, 151
Trd, 000085.733, 150
Trd, 000086.617, 149
Trd, 000087.700, 150
Trd, 000087.733, 153
Trd, 000088.233, 151
Trd, 000088.433, 150
Trd, 000088.667, 151
Trd, 000088.800, 149
Trd, 000090.867, 152
Trd, 000092.233, 152
Trd, 000093.133, 151
Trd, 000093.617, 151
Trd, 000093.867, 152
Trd, 000094.283, 153
Trd, 000095.617, 152
Trd, 000095.833, 157
Trd, 000096.650, 153
Trd, 000097.633, 153
Trd, 000097.700, 155
Trd, 000098.567, 156
Trd, 000099.450, 154
Trd, 000100.533, 155
Trd, 000101.000, 156
Trd, 000101.750, 158
Trd, 000101.800, 159
Trd, 000102.017, 159
Trd, 000103.100, 158
Trd, 000103.800, 156
Trd, 000104.117, 154
Trd, 000105.083, 154
Trd, 000106.117, 154
Trd, 000106.250, 155
Trd, 000106.717, 154
Trd, 000106.900, 155
Trd, 000107.467, 154
Trd, 000107.733, 155
Trd, 000108.833, 157
Trd, 000108.917, 160
Trd, 000109.283, 154
Trd, 000109.983, 166
Trd, 000110.467, 152
Trd, 000111.367, 159
Trd, 000111.617, 170
Trd, 000113.433, 156
Trd, 000113.933, 155
Trd, 000113.967, 153
Trd, 000114.167, 157
Trd, 000115.200, 157
Trd, 000116.183, 154
Trd, 000116.300, 155
Trd, 000118.250, 154
Trd, 000119.650, 153
Trd, 000119.983, 153
Trd, 000120.517, 154
Trd, 000120.867, 152
Trd, 000121.250, 152
Trd, 000122.283, 151
Trd, 000122.700, 154
Trd, 000123.000, 155
Trd, 000123.083, 156
Trd, 000124.450, 151
Trd, 000124.633, 156
Trd, 000126.283, 153
Trd, 000127.550, 153
Trd, 000128.067, 153
Trd, 000128.817, 153
Trd, 000129.850, 154
Trd, 000130.000, 154
Trd, 000130.133, 157
Trd, 000132.200, 157
Trd, 000132.833, 154
Trd, 000134.267, 153
Trd, 000134.417, 154
Trd, 000134.683, 153
Trd, 000135.000, 155
Trd, 000135.800, 154
Trd, 000136.283, 154
Trd, 000136.300, 155
Trd, 000137.450, 155
Trd, 000137.800, 155
Trd, 000138.183, 156
Trd, 000139.250, 155
Trd, 000139.883, 156
Trd, 000140.017, 158
Trd, 000141.150, 156
Trd, 000141.850, 155
Trd, 000142.550, 153
Trd, 000142.667, 158
Trd, 000143.150, 158
Trd, 000144.133, 162
Trd, 000146.450, 156
Trd, 000146.900, 158
Trd, 000147.083, 157
Trd, 000147.417, 158
Trd, 000147.700, 158
Trd, 000148.717, 159
Trd, 000149.017, 158
Trd, 000149.600, 157
Trd, 000150.383, 163
Trd, 000151.033, 160
Trd, 000151.250, 160
Trd, 000151.483, 160
Trd, 000152.833, 160
Trd, 000152.917, 159
Trd, 000153.150, 161
Trd, 000153.233, 159
Trd, 000155.250, 158
Trd, 000155.700, 159
Trd, 000156.433, 160
Trd, 000157.200, 159
Trd, 000157.417, 154
Trd, 000157.567, 159
Trd, 000158.033, 155
Trd, 000158.183, 158
Trd, 000159.450, 160
Trd, 000161.417, 159
Trd, 000162.050, 159
Trd, 000162.667, 159
Trd, 000163.183, 158
Trd, 000164.050, 156
Trd, 000164.067, 157
Trd, 000164.617, 158
Trd, 000165.383, 158
Trd, 000166.233, 160
Trd, 000167.750, 160
Trd, 000168.317, 160
Trd, 000168.383, 161
Trd, 000168.933, 161
Trd, 000169.600, 163
Trd, 000171.067, 161
Trd, 000171.683, 162
Trd, 000172.217, 161
Trd, 000172.467, 162
Trd, 000174.117, 164
Trd, 000174.150, 165
Trd, 000175.683, 168
Trd, 000175.900, 167
Trd, 000176.783, 167
Trd, 000177.150, 166
Trd, 000177.500, 167
Trd, 000179.517, 165
Trd, 000179.650, 166
Trd, 000179.783, 164
Trd, 000180.950, 164
Trd, 000181.067, 165
Trd, 000181.133, 167
Trd, 000182.117, 168
Trd, 000182.750, 162
Trd, 000183.350, 166
Trd, 000183.700, 165
Trd, 000183.800, 168
Trd, 000184.267, 166
Trd, 000184.417, 167
Trd, 000185.283, 165
Trd, 000185.783, 164
Trd, 000186.050, 165
Trd, 000187.483, 160
Trd, 000187.833, 161
Trd, 000188.233, 160
Trd, 000188.317, 162
Trd, 000189.233, 163
Trd, 000190.767, 160
Trd, 000191.167, 160
Trd, 000192.683, 160
Trd, 000192.750, 161
Trd, 000194.183, 159
Trd, 000194.267, 163
Trd, 000195.333, 160
Trd, 000196.300, 160
Trd, 000197.733, 161
Trd, 000198.333, 160
Trd, 000198.483, 162
Trd, 000198.733, 159
Trd, 000200.000, 162
Trd, 000200.850, 161
Trd, 000201.250, 159
Trd, 000201.450, 160
Trd, 000201.800, 161
Trd, 000203.600, 161
Trd, 000203.867, 160
Trd, 000205.167, 163
Trd, 000205.333, 161
Trd, 000206.117, 164
Trd, 000206.500, 164
Trd, 000206.550, 168
Trd, 000206.983, 165
Trd, 000207.367, 165
Trd, 000207.617, 165
Trd, 000208.817, 167
Trd, 000209.517, 167
Trd, 000209.817, 165
Trd, 000210.967, 167
Trd, 000211.567, 165
Trd, 000213.217, 166
Trd, 000213.783, 167
Trd, 000213.900, 169
Trd, 000214.167, 178
Trd, 000214.333, 179
Trd, 000216.033, 172
Trd, 000216.467, 171
Trd, 000217.583, 169
Trd, 000217.933, 168
Trd, 000218.333, 170
Trd, 000218.800, 167
Trd, 000219.200, 167
Trd, 000219.833, 168
Trd, 000221.467, 167
Trd, 000221.500, 167
Trd, 000221.717, 168
Trd, 000222.433, 169
Trd, 000223.817, 168
Trd, 000224.617, 169
Trd, 000225.400, 165
Trd, 000225.633, 166
Trd, 000225.900, 168
Trd, 000226.383, 168
Trd, 000226.633, 165
Trd, 000226.900, 169
Trd, 000227.100, 167
Trd, 000227.200, 169
Trd, 000228.367, 165
Trd, 000229.967, 164
Trd, 000230.000, 165
Trd, 000230.567, 165
Trd, 000230.767, 164
Trd, 000230.983, 167
Trd, 000231.233, 167
Trd, 000233.667, 165
Trd, 000233.783, 167
Trd, 000234.117, 167
Trd, 000234.783, 168
Trd, 000236.117, 165
Trd, 000236.967, 166
Trd, 000238.867, 165
Trd, 000239.017, 165
Trd, 000239.150, 168
Trd, 000240.383, 164
Trd, 000240.533, 166
Trd, 000240.950, 167
Trd, 000241.033, 166
Trd, 000241.117, 170
Trd, 000241.400, 170
Trd, 000241.667, 170
Trd, 000242.217, 169
Trd, 000242.267, 171
Trd, 000242.467, 172
Trd, 000242.767, 172
Trd, 000243.100, 175
Trd, 000243.567, 178
Trd, 000243.583, 176
Trd, 000243.767, 177
Trd, 000244.333, 178
Trd, 000245.083, 180
Trd, 000246.100, 178
Trd, 000246.433, 179
Trd, 000246.867, 175
Trd, 000247.667, 175
Trd, 000248.083, 174
Trd, 000248.950, 173
Trd, 000249.117, 174
Trd, 000249.333, 175
Trd, 000249.533, 176
Trd, 000249.550, 172
Trd, 000250.383, 171
Trd, 000250.550, 173
Trd, 000250.917, 172
Trd, 000251.250, 173
Trd, 000251.350, 173
Trd, 000251.617, 172
Trd, 000252.083, 169
Trd, 000252.100, 173
Trd, 000252.600, 171
Trd, 000254.283, 170
Trd, 000254.333, 171
Trd, 000254.533, 172
Trd, 000254.650, 172
Trd, 000254.750, 173
Trd, 000255.000, 175
Trd, 000255.400, 174
Trd, 000255.667, 175
Trd, 000256.100, 176
Trd, 000257.783, 182
Trd, 000258.117, 181
Trd, 000258.133, 183
Trd, 000258.333, 183
Trd, 000259.567, 181
Trd, 000260.367, 181
Trd, 000260.533, 182
Trd, 000261.133, 183
Trd, 000261.700, 183
Trd, 000261.950, 183
Trd, 000261.983, 180
Trd, 000262.367, 180
Trd, 000262.550, 184
Trd, 000263.817, 181
Trd, 000263.900, 182
Trd, 000264.583, 180
Trd, 000264.700, 183
Trd, 000264.833, 181
Trd, 000265.233, 179
Trd, 000265.733, 186
Trd, 000266.783, 181
Trd, 000267.317, 185
Trd, 000267.983, 183
Trd, 000268.533, 181
Trd, 000269.233, 184
Trd, 000269.433, 184
Trd, 000270.217, 182
Trd, 000271.300, 182
Trd, 000271.467, 183
Trd, 000271.800, 179
Trd, 000272.367, 183
Trd, 000272.383, 183
Trd, 000272.400, 178
Trd, 000272.467, 175
Trd, 000272.833, 181
Trd, 000273.200, 181
Trd, 000273.733, 171
Trd, 000275.450, 175
Trd, 000275.567, 178
Trd, 000276.050, 179
Trd, 000276.583, 177
Trd, 000278.017, 177
Trd, 000278.300, 179
Trd, 000278.417, 179
Trd, 000279.050, 177
Trd, 000279.500, 176
Trd, 000279.533, 176
Trd, 000279.667, 177
Trd, 000280.183, 175
Trd, 000280.667, 174
Trd, 000280.933, 175
Trd, 000280.950, 176
Trd, 000281.450, 176
Trd, 000281.633, 172
Trd, 000281.717, 169
Trd, 000281.967, 177
Trd, 000282.650, 177
Trd, 000283.100, 177
Trd, 000283.767, 176
Trd, 000284.817, 175
Trd, 000285.383, 175
Trd, 000285.450, 175
Trd, 000286.150, 176
Trd, 000286.200, 176
Trd, 000286.433, 180
Trd, 000287.283, 175
Trd, 000287.633, 183
Trd, 000287.800, 187
Trd, 000288.367, 179
Trd, 000288.833, 178
Trd, 000289.233, 178
Trd, 000289.267, 183
Trd, 000289.667, 182
Trd, 000292.017, 180
Trd, 000292.283, 181
Trd, 000292.533, 177
Trd, 000292.550, 180
Trd, 000293.317, 177
Trd, 000293.617, 177
Trd, 000293.700, 179
Trd, 000294.500, 180
Trd, 000294.517, 180
Trd, 000295.083, 181
Trd, 000295.817, 180
Trd, 000295.900, 179
Trd, 000296.750, 180
Trd, 000297.300, 179
Trd, 000297.433, 181
Trd, 000297.550, 181
Trd, 000297.867, 179
Trd, 000298.217, 180
Trd, 000298.633, 182
Trd, 000298.650, 178
Trd, 000298.817, 183
Trd, 000298.950, 187
Trd, 000299.067, 179
Trd, 000299.850, 189
