Trd, 000001.117, 179
Trd, 000001.533, 136
Trd, 000002.333, 131
Trd, 000003.083, 144
Trd, 000003.117, 109
Trd, 000003.467, 140
Trd, 000004.967, 146
Trd, 000005.850, 158
Trd, 000005.983, 145
Trd, 000006.183, 144
Trd, 000006.667, 145
Trd, 000007.683, 144
Trd, 000008.400, 158
Trd, 000008.583, 159
Trd, 000008.750, 138
Trd, 000009.350, 143
Trd, 000010.050, 157
Trd, 000011.100, 158
Trd, 000011.317, 160
Trd, 000011.417, 149
Trd, 000012.050, 157
Trd, 000012.317, 158
Trd, 000012.733, 158
Trd, 000012.917, 157
Trd, 000013.750, 156
Trd, 000014.483, 154
Trd, 000014.967, 153
Trd, 000016.883, 155
Trd, 000016.950, 161
Trd, 000017.550, 152
Trd, 000017.733, 146
Trd, 000017.967, 149
Trd, 000018.050, 146
Trd, 000019.167, 146
Trd, 000019.817, 151
Trd, 000019.950, 149
Trd, 000020.333, 151
Trd, 000021.533, 151
Trd, 000021.567, 144
Trd, 000021.900, 144
Trd, 000022.117, 143
Trd, 000023.983, 152
Trd, 000024.617, 152
Trd, 000024.950, 150
Trd, 000025.117, 153
Trd, 000025.183, 160
Trd, 000025.350, 164
Trd, 000026.250, 157
Trd, 000026.683, 164
Trd, 000027.700, 161
Trd, 000028.667, 161
Trd, 000029.067, 161
Trd, 000029.333, 161
Trd, 000029.633, 161
Trd, 000029.800, 160
Trd, 000030.183, 160
Trd, 000030.283, 159
Trd, 000031.200, 158
Trd, 000031.883, 162
Trd, 000032.900, 161
Trd, 000033.533, 160
Trd, 000033.883, 161
Trd, 000033.900, 160
Trd, 000034.000, 159
Trd, 000034.183, 161
Trd, 000034.700, 162
Trd, 000034.783, 158
Trd, 000035.000, 165
Trd, 000035.300, 144
Trd, 000035.667, 134
Trd, 000035.967, 136
Trd, 000036.200, 147
Trd, 000037.133, 151
Trd, 000037.333, 149
Trd, 000037.750, 148
Trd, 000037.800, 146
Trd, 000039.350, 160
Trd, 000039.650, 159
Trd, 000039.733, 166
Trd, 000039.850, 150
Trd, 000041.250, 172
Trd, 000041.350, 161
Trd, 000042.983, 161
Trd, 000043.950, 159
Trd, 000045.450, 150
Trd, 000046.183, 156
Trd, 000046.317, 152
Trd, 000046.917, 156
Trd, 000046.983, 155
Trd, 000047.250, 162
Trd, 000048.050, 161
Trd, 000048.417, 161
Trd, 000048.867, 160
Trd, 000049.233, 157
Trd, 000049.667, 148
Trd, 000049.717, 142
Trd, 000049.867, 149
Trd, 000051.233, 138
Trd, 000052.217, 144
Trd, 000052.417, 142
Trd, 000053.117, 167
Trd, 000053.467, 153
Trd, 000053.900, 141
Trd, 000054.133, 149
Trd, 000054.817, 146
Trd, 000055.050, 147
Trd, 000056.467, 149
Trd, 000057.050, 149
Trd, 000057.350, 148
Trd, 000057.567, 150
Trd, 000057.650, 147
Trd, 000058.300, 162
Trd, 000058.350, 145
Trd, 000058.700, 144
Trd, 000058.917, 164
Trd, 000060.267, 162
Trd, 000060.750, 163
Trd, 000061.133, 162
Trd, 000061.300, 165
Trd, 000061.533, 161
Trd, 000061.950, 143
Trd, 000062.717, 140
Trd, 000062.950, 162
Trd, 000064.600, 155
Trd, 000064.683, 154
Trd, 000064.750, 150
Trd, 000065.033, 155
Trd, 000065.083, 156
Trd, 000065.583, 138
Trd, 000065.933, 151
Trd, 000067.150, 148
Trd, 000067.200, 147
Trd, 000067.300, 164
Trd, 000067.417, 144
Trd, 000067.900, 140
Trd, 000069.583, 147
Trd, 000069.683, 148
Trd, 000069.983, 147
Trd, 000071.250, 149
Trd, 000072.000, 156
Trd, 000073.283, 160
Trd, 000073.467, 164
Trd, 000073.700, 161
Trd, 000073.717, 160
Trd, 000074.033, 165
Trd, 000074.350, 161
Trd, 000074.433, 161
Trd, 000074.517, 144
Trd, 000075.650, 162
Trd, 000075.767, 151
Trd, 000076.417, 158
Trd, 000076.567, 157
Trd, 000076.850, 147
Trd, 000078.450, 148
Trd, 000078.917, 154
Trd, 000079.767, 150
Trd, 000080.267, 148
Trd, 000080.800, 155
Trd, 000081.033, 156
Trd, 000081.650, 156
Trd, 000082.817, 156
Trd, 000083.267, 152
Trd, 000083.400, 139
Trd, 000083.983, 141
Trd, 000084.167, 146
Trd, 000084.333, 138
Trd, 000085.017, 136
Trd, 000085.283, 148
Trd, 000086.917, 149
Trd, 000087.733, 153
Trd, 000087.817, 167
Trd, 000087.867, 149
Trd, 000088.300, 151
Trd, 000088.867, 153
Trd, 000089.450, 152
Trd, 000089.983, 152
Trd, 000090.350, 152
Trd, 000090.900, 152
Trd, 000091.583, 146
Trd, 000093.133, 151
Trd, 000093.150, 153
Trd, 000093.667, 152
Trd, 000094.217, 150
Trd, 000094.250, 148
Trd, 000094.300, 138
Trd, 000094.483, 153
Trd, 000094.667, 154
Trd, 000096.617, 161
Trd, 000096.783, 160
Trd, 000097.300, 170
Trd, 000097.467, 174
Trd, 000097.533, 156
Trd, 000098.650, 159
Trd, 000100.183, 165
Trd, 000100.817, 167
Trd, 000101.217, 166
Trd, 000102.333, 164
Trd, 000102.350, 164
Trd, 000102.450, 167
Trd, 000102.900, 161
Trd, 000103.217, 147
Trd, 000103.617, 167
Trd, 000104.267, 162
Trd, 000104.617, 145
Trd, 000105.133, 147
Trd, 000105.733, 151
Trd, 000105.883, 150
Trd, 000106.817, 168
Trd, 000107.600, 160
Trd, 000107.867, 147
Trd, 000108.117, 147
Trd, 000108.400, 145
Trd, 000108.717, 155
Trd, 000109.067, 153
Trd, 000109.150, 153
Trd, 000111.533, 152
Trd, 000112.017, 149
Trd, 000113.200, 152
Trd, 000113.483, 169
Trd, 000114.167, 161
Trd, 000114.517, 149
Trd, 000114.900, 166
Trd, 000114.983, 156
Trd, 000115.183, 172
Trd, 000116.167, 159
Trd, 000116.733, 167
Trd, 000116.817, 163
Trd, 000117.600, 161
Trd, 000117.650, 167
Trd, 000119.150, 169
Trd, 000119.233, 169
Trd, 000119.733, 170
Trd, 000119.900, 170
Trd, 000120.467, 185
Trd, 000121.183, 169
Trd, 000121.283, 166
Trd, 000121.433, 163
Trd, 000121.717, 166
Trd, 000122.800, 154
Trd, 000123.200, 155
Trd, 000124.200, 152
Trd, 000125.283, 151
Trd, 000126.133, 151
Trd, 000126.367, 150
Trd, 000127.883, 151
Trd, 000128.233, 153
Trd, 000128.267, 152
Trd, 000128.350, 150
Trd, 000128.467, 149
Trd, 000128.883, 156
Trd, 000130.283, 154
Trd, 000130.733, 156
Trd, 000130.867, 157
Trd, 000132.833, 154
Trd, 000133.150, 153
Trd, 000133.217, 153
Trd, 000133.417, 155
Trd, 000133.550, 152
Trd, 000133.617, 157
Trd, 000134.150, 151
Trd, 000134.700, 155
Trd, 000135.333, 156
Trd, 000135.517, 154
Trd, 000136.067, 150
Trd, 000136.317, 157
Trd, 000137.500, 170
Trd, 000137.883, 175
Trd, 000138.183, 169
Trd, 000139.117, 167
Trd, 000140.750, 172
Trd, 000140.783, 168
Trd, 000140.867, 181
Trd, 000141.683, 169
Trd, 000141.933, 169
Trd, 000143.033, 169
Trd, 000143.250, 170
Trd, 000143.533, 167
Trd, 000143.583, 171
Trd, 000143.917, 167
Trd, 000144.433, 151
Trd, 000144.767, 158
Trd, 000145.233, 169
Trd, 000145.800, 163
Trd, 000147.100, 162
Trd, 000147.650, 161
Trd, 000148.817, 152
Trd, 000150.233, 158
Trd, 000150.567, 158
Trd, 000150.967, 158
Trd, 000151.433, 157
Trd, 000151.467, 159
Trd, 000151.667, 160
Trd, 000152.017, 158
Trd, 000153.450, 158
Trd, 000153.583, 159
Trd, 000153.667, 158
Trd, 000154.183, 162
Trd, 000154.467, 173
Trd, 000154.650, 173
Trd, 000155.233, 183
Trd, 000155.900, 174
Trd, 000156.450, 178
Trd, 000156.767, 175
Trd, 000157.283, 174
Trd, 000157.333, 173
Trd, 000157.900, 182
Trd, 000158.633, 171
Trd, 000158.783, 182
Trd, 000159.517, 175
Trd, 000160.917, 175
Trd, 000161.650, 174
Trd, 000162.800, 177
Trd, 000162.917, 175
Trd, 000163.400, 174
Trd, 000163.633, 173
Trd, 000164.817, 172
Trd, 000165.067, 155
Trd, 000165.533, 169
Trd, 000165.767, 169
Trd, 000166.733, 168
Trd, 000166.817, 167
Trd, 000167.600, 172
Trd, 000168.133, 173
Trd, 000168.967, 175
Trd, 000169.050, 171
Trd, 000169.150, 168
Trd, 000169.717, 154
Trd, 000170.817, 172
Trd, 000171.567, 168
Trd, 000172.433, 173
Trd, 000172.450, 169
Trd, 000172.750, 175
Trd, 000172.833, 170
Trd, 000174.233, 172
Trd, 000174.750, 172
Trd, 000175.667, 171
Trd, 000177.167, 173
Trd, 000177.200, 174
Trd, 000178.367, 175
Trd, 000178.750, 175
Trd, 000179.217, 175
Trd, 000179.433, 176
Trd, 000179.450, 174
Trd, 000179.500, 173
Trd, 000180.233, 176
Trd, 000181.317, 173
Trd, 000182.067, 172
Trd, 000182.350, 176
Trd, 000182.433, 171
Trd, 000183.750, 174
Trd, 000184.000, 173
Trd, 000184.100, 175
Trd, 000184.833, 163
Trd, 000184.850, 155
Trd, 000185.017, 149
Trd, 000185.833, 163
Trd, 000186.233, 160
Trd, 000186.600, 180
Trd, 000187.050, 162
Trd, 000187.133, 168
Trd, 000188.600, 176
Trd, 000188.817, 174
Trd, 000189.867, 173
Trd, 000190.783, 172
Trd, 000191.467, 159
Trd, 000192.183, 172
Trd, 000192.517, 174
Trd, 000192.733, 177
Trd, 000193.900, 177
Trd, 000193.933, 157
Trd, 000194.117, 178
Trd, 000194.717, 163
Trd, 000196.383, 166
Trd, 000196.667, 165
Trd, 000196.967, 168
Trd, 000197.350, 164
Trd, 000197.400, 167
Trd, 000197.983, 161
Trd, 000198.683, 157
Trd, 000199.333, 165
Trd, 000200.350, 164
Trd, 000201.050, 160
Trd, 000201.233, 164
Trd, 000201.533, 161
Trd, 000202.467, 162
Trd, 000202.500, 161
Trd, 000203.483, 161
Trd, 000204.217, 164
Trd, 000205.167, 165
Trd, 000205.517, 165
Trd, 000205.750, 163
Trd, 000205.833, 165
Trd, 000207.517, 176
Trd, 000207.717, 177
Trd, 000208.233, 170
Trd, 000208.267, 163
Trd, 000208.283, 157
Trd, 000208.700, 162
Trd, 000209.417, 178
Trd, 000210.433, 178
Trd, 000210.467, 177
Trd, 000211.167, 176
Trd, 000211.683, 179
Trd, 000212.567, 177
Trd, 000212.583, 176
Trd, 000213.000, 180
Trd, 000214.217, 176
Trd, 000214.250, 173
Trd, 000214.333, 158
Trd, 000214.783, 176
Trd, 000215.400, 173
Trd, 000215.867, 181
Trd, 000216.050, 170
Trd, 000216.750, 173
Trd, 000216.883, 172
Trd, 000217.017, 160
Trd, 000217.467, 179
Trd, 000218.317, 171
Trd, 000218.500, 154
Trd, 000219.267, 173
Trd, 000219.433, 155
Trd, 000219.933, 173
Trd, 000220.917, 159
Trd, 000222.550, 166
Trd, 000223.433, 167
Trd, 000223.550, 166
Trd, 000223.967, 167
Trd, 000224.033, 168
Trd, 000224.283, 166
Trd, 000224.717, 166
Trd, 000224.833, 180
Trd, 000224.850, 184
Trd, 000225.333, 160
Trd, 000228.283, 169
Trd, 000228.333, 170
Trd, 000228.933, 170
Trd, 000229.117, 167
Trd, 000229.250, 166
Trd, 000229.533, 170
Trd, 000230.433, 167
Trd, 000230.700, 161
Trd, 000230.983, 167
Trd, 000231.317, 163
Trd, 000231.433, 169
Trd, 000232.383, 162
Trd, 000232.683, 162
Trd, 000234.900, 164
Trd, 000235.217, 167
Trd, 000235.467, 168
Trd, 000235.900, 168
Trd, 000236.267, 179
Trd, 000236.367, 167
Trd, 000236.650, 168
Trd, 000238.133, 185
Trd, 000239.767, 186
Trd, 000240.083, 198
Trd, 000240.617, 191
Trd, 000240.783, 189
Trd, 000241.033, 189
Trd, 000241.167, 189
Trd, 000241.267, 188
Trd, 000241.333, 187
Trd, 000241.900, 188
Trd, 000242.417, 182
Trd, 000242.650, 164
Trd, 000244.017, 163
Trd, 000244.350, 161
Trd, 000244.717, 168
Trd, 000245.183, 167
Trd, 000245.633, 166
Trd, 000245.917, 170
Trd, 000246.217, 170
Trd, 000246.267, 183
Trd, 000246.450, 178
Trd, 000247.450, 175
Trd, 000247.550, 176
Trd, 000248.950, 175
Trd, 000249.700, 176
Trd, 000249.833, 173
Trd, 000250.517, 176
Trd, 000250.617, 177
Trd, 000251.183, 178
Trd, 000252.300, 178
Trd, 000252.483, 178
Trd, 000252.800, 177
Trd, 000253.167, 180
Trd, 000253.533, 177
Trd, 000253.900, 178
Trd, 000254.250, 177
Trd, 000254.967, 183
Trd, 000255.167, 183
Trd, 000255.200, 180
Trd, 000255.600, 180
Trd, 000256.233, 181
Trd, 000256.317, 183
Trd, 000256.433, 187
Trd, 000256.783, 180
Trd, 000257.917, 177
Trd, 000258.183, 177
Trd, 000258.600, 177
Trd, 000259.017, 177
Trd, 000259.267, 181
Trd, 000259.833, 184
Trd, 000260.017, 185
Trd, 000260.150, 176
Trd, 000261.300, 183
Trd, 000261.867, 188
Trd, 000262.217, 186
Trd, 000262.283, 183
Trd, 000263.183, 186
Trd, 000263.650, 194
Trd, 000264.083, 186
Trd, 000264.233, 185
Trd, 000264.600, 181
Trd, 000266.117, 182
Trd, 000266.217, 183
Trd, 000266.250, 185
Trd, 000266.567, 181
Trd, 000266.883, 182
Trd, 000267.150, 186
Trd, 000267.567, 185
Trd, 000267.650, 178
Trd, 000268.233, 180
Trd, 000268.467, 182
Trd, 000269.400, 177
Trd, 000270.417, 179
Trd, 000270.983, 179
Trd, 000271.200, 184
Trd, 000271.267, 182
Trd, 000271.533, 177
Trd, 000271.917, 175
Trd, 000272.650, 178
Trd, 000273.067, 180
Trd, 000273.467, 181
Trd, 000273.667, 181
Trd, 000273.883, 180
Trd, 000274.767, 180
Trd, 000275.067, 179
Trd, 000275.267, 181
Trd, 000275.550, 180
Trd, 000275.567, 179
Trd, 000276.117, 181
Trd, 000276.567, 179
Trd, 000277.000, 184
Trd, 000278.667, 183
Trd, 000279.200, 181
Trd, 000279.300, 180
Trd, 000279.467, 180
Trd, 000279.500, 178
Trd, 000279.767, 176
Trd, 000279.900, 165
Trd, 000280.983, 172
Trd, 000281.200, 166
Trd, 000281.383, 172
Trd, 000282.533, 173
Trd, 000282.650, 171
Trd, 000282.867, 173
Trd, 000283.000, 180
Trd, 000283.500, 176
Trd, 000283.883, 171
Trd, 000285.017, 176
Trd, 000285.167, 186
Trd, 000285.600, 177
Trd, 000286.167, 179
Trd, 000286.267, 180
Trd, 000286.650, 174
Trd, 000286.850, 173
Trd, 000287.733, 165
Trd, 000288.017, 171
Trd, 000288.267, 160
Trd, 000288.733, 171
Trd, 000289.717, 162
Trd, 000289.950, 169
Trd, 000290.433, 170
Trd, 000290.517, 168
Trd, 000291.050, 173
Trd, 000291.383, 167
Trd, 000291.500, 175
Trd, 000291.667, 173
Trd, 000291.767, 180
Trd, 000291.883, 184
Trd, 000292.383, 191
Trd, 000293.133, 166
Trd, 000293.417, 185
Trd, 000293.667, 186
Trd, 000294.050, 185
Trd, 000294.733, 187
Trd, 000295.533, 181
Trd, 000296.017, 184
Trd, 000296.050, 180
Trd, 000296.900, 181
Trd, 000297.167, 180
Trd, 000297.183, 181
Trd, 000297.667, 179
Trd, 000298.033, 178
Trd, 000298.883, 177
Trd, 000299.133, 181
Trd, 000299.717, 174
Trd, 000299.817, 174
