Trd, 000001.450, 162
Trd, 000001.600, 165
Trd, 000002.000, 130
Trd, 000002.733, 157
Trd, 000002.867, 159
Trd, 000003.833, 143
Trd, 000004.750, 117
Trd, 000005.150, 124
Trd, 000005.567, 124
Trd, 000005.667, 148
Trd, 000006.633, 142
Trd, 000006.983, 138
Trd, 000007.300, 138
Trd, 000007.633, 139
Trd, 000008.750, 142
Trd, 000009.883, 142
Trd, 000009.933, 141
Trd, 000010.917, 141
Trd, 000011.367, 140
Trd, 000011.550, 141
Trd, 000011.733, 143
Trd, 000011.933, 148
Trd, 000012.283, 149
Trd, 000013.417, 149
Trd, 000014.717, 145
Trd, 000015.200, 145
Trd, 000016.300, 145
Trd, 000016.517, 145
Trd, 000016.750, 146
Trd, 000017.433, 149
Trd, 000017.700, 145
Trd, 000018.283, 147
Trd, 000018.950, 146
Trd, 000019.950, 147
Trd, 000020.200, 148
Trd, 000020.600, 150
Trd, 000020.867, 153
Trd, 000021.450, 149
Trd, 000022.883, 152
Trd, 000023.167, 153
Trd, 000023.583, 159
Trd, 000023.733, 160
Trd, 000023.883, 146
Trd, 000025.600, 145
Trd, 000025.867, 145
Trd, 000026.883, 145
Trd, 000027.267, 147
Trd, 000027.317, 147
Trd, 000027.383, 148
Trd, 000027.617, 144
Trd, 000027.817, 147
Trd, 000029.517, 144
Trd, 000030.183, 144
Trd, 000031.900, 146
Trd, 000033.400, 144
Trd, 000033.517, 145
Trd, 000034.083, 151
Trd, 000034.683, 143
Trd, 000034.783, 144
Trd, 000035.250, 144
Trd, 000035.300, 146
Trd, 000035.517, 142
Trd, 000036.167, 144
Trd, 000036.317, 149
Trd, 000036.567, 147
Trd, 000036.667, 143
Trd, 000037.133, 147
Trd, 000037.783, 151
Trd, 000038.000, 142
Trd, 000038.333, 154
Trd, 000039.683, 152
Trd, 000040.200, 144
Trd, 000040.333, 152
Trd, 000040.767, 153
Trd, 000041.250, 152
Trd, 000043.217, 147
Trd, 000043.600, 151
Trd, 000043.800, 152
Trd, 000043.867, 146
Trd, 000043.983, 159
Trd, 000044.733, 162
Trd, 000045.317, 160
Trd, 000046.500, 155
Trd, 000046.700, 153
Trd, 000046.883, 156
Trd, 000047.333, 156
Trd, 000047.383, 152
Trd, 000049.083, 153
Trd, 000049.467, 153
Trd, 000049.867, 154
Trd, 000049.950, 155
Trd, 000050.333, 163
Trd, 000050.483, 151
Trd, 000051.950, 155
Trd, 000052.267, 154
Trd, 000052.517, 152
Trd, 000053.367, 154
Trd, 000053.500, 156
Trd, 000053.550, 165
Trd, 000055.067, 151
Trd, 000055.367, 151
Trd, 000055.733, 155
Trd, 000055.967, 155
Trd, 000056.000, 156
Trd, 000059.167, 154
Trd, 000060.133, 153
Trd, 000060.317, 152
Trd, 000061.250, 154
Trd, 000061.400, 151
Trd, 000061.917, 151
Trd, 000061.967, 153
Trd, 000062.683, 153
Trd, 000064.300, 150
Trd, 000064.783, 153
Trd, 000064.833, 155
Trd, 000066.117, 154
Trd, 000067.100, 151
Trd, 000067.717, 152
Trd, 000068.967, 153
Trd, 000069.500, 154
Trd, 000070.100, 154
Trd, 000070.200, 151
Trd, 000070.367, 149
Trd, 000070.967, 152
Trd, 000072.733, 151
Trd, 000072.817, 149
Trd, 000073.167, 152
Trd, 000073.217, 155
Trd, 000073.467, 149
Trd, 000074.717, 152
Trd, 000075.583, 148
Trd, 000075.883, 151
Trd, 000076.900, 150
Trd, 000077.000, 153
Trd, 000077.750, 148
Trd, 000077.967, 155
Trd, 000078.033, 158
Trd, 000078.667, 149
Trd, 000079.267, 149
Trd, 000080.683, 152
Trd, 000081.800, 149
Trd, 000082.100, 149
Trd, 000082.300, 148
Trd, 000083.017, 149
Trd, 000083.117, 150
Trd, 000083.450, 149
Trd, 000083.800, 150
Trd, 000085.417, 149
Trd, 000085.583, 151
Trd, 000085.917, 156
Trd, 000086.883, 150
Trd, 000087.000, 157
Trd, 000087.350, 156
Trd, 000087.417, 155
Trd, 000090.067, 164
Trd, 000090.167, 166
Trd, 000090.317, 162
Trd, 000090.783, 167
Trd, 000090.817, 167
Trd, 000091.483, 160
Trd, 000091.967, 165
Trd, 000093.133, 159
Trd, 000093.150, 158
Trd, 000093.183, 158
Trd, 000093.900, 157
Trd, 000094.400, 160
Trd, 000094.817, 162
Trd, 000095.050, 156
Trd, 000095.400, 158
Trd, 000095.500, 167
Trd, 000096.433, 162
Trd, 000096.717, 164
Trd, 000097.767, 185
Trd, 000098.233, 182
Trd, 000099.100, 155
Trd, 000099.550, 168
Trd, 000099.833, 157
Trd, 000100.000, 166
Trd, 000100.517, 160
Trd, 000100.550, 164
Trd, 000100.883, 151
Trd, 000102.133, 160
Trd, 000102.483, 160
Trd, 000102.617, 147
Trd, 000102.683, 161
Trd, 000103.917, 158
Trd, 000104.067, 155
Trd, 000104.400, 152
Trd, 000105.200, 155
Trd, 000105.850, 155
Trd, 000106.350, 155
Trd, 000107.650, 154
Trd, 000108.600, 154
Trd, 000109.633, 155
Trd, 000110.350, 158
Trd, 000110.533, 159
Trd, 000110.850, 161
Trd, 000110.950, 155
Trd, 000111.667, 158
Trd, 000111.867, 154
Trd, 000112.267, 159
Trd, 000112.583, 154
Trd, 000112.600, 160
Trd, 000112.667, 162
Trd, 000112.917, 152
Trd, 000113.267, 149
Trd, 000113.433, 166
Trd, 000113.917, 167
Trd, 000115.350, 164
Trd, 000116.450, 158
Trd, 000117.200, 163
Trd, 000117.333, 163
Trd, 000118.950, 161
Trd, 000119.450, 162
Trd, 000120.633, 159
Trd, 000120.900, 158
Trd, 000121.400, 160
Trd, 000121.700, 160
Trd, 000122.450, 159
Trd, 000122.500, 158
Trd, 000122.950, 158
Trd, 000123.000, 153
Trd, 000123.667, 154
Trd, 000124.200, 160
Trd, 000124.567, 162
Trd, 000124.700, 162
Trd, 000125.400, 162
Trd, 000125.583, 163
Trd, 000126.167, 165
Trd, 000127.100, 172
Trd, 000129.650, 160
Trd, 000130.183, 159
Trd, 000130.300, 160
Trd, 000130.933, 159
Trd, 000132.183, 159
Trd, 000132.267, 160
Trd, 000132.400, 159
Trd, 000132.467, 158
Trd, 000132.917, 158
Trd, 000133.233, 154
Trd, 000135.083, 160
Trd, 000135.800, 159
Trd, 000135.817, 160
Trd, 000136.217, 157
Trd, 000136.617, 161
Trd, 000137.167, 156
Trd, 000137.867, 156
Trd, 000137.883, 161
Trd, 000138.083, 161
Trd, 000139.017, 162
Trd, 000139.350, 162
Trd, 000139.883, 163
Trd, 000140.417, 161
Trd, 000140.700, 159
Trd, 000140.800, 173
Trd, 000141.333, 179
Trd, 000141.983, 200
Trd, 000142.683, 177
Trd, 000143.133, 164
Trd, 000144.967, 163
Trd, 000145.283, 168
Trd, 000145.933, 165
Trd, 000146.567, 162
Trd, 000147.183, 161
Trd, 000147.267, 155
Trd, 000147.917, 160
Trd, 000148.567, 158
Trd, 000148.933, 159
Trd, 000149.200, 159
Trd, 000150.283, 159
Trd, 000150.433, 160
Trd, 000151.283, 161
Trd, 000151.367, 160
Trd, 000152.467, 159
Trd, 000152.517, 161
Trd, 000152.717, 158
Trd, 000153.183, 158
Trd, 000153.267, 163
Trd, 000154.283, 160
Trd, 000154.333, 160
Trd, 000155.517, 161
Trd, 000155.717, 162
Trd, 000156.200, 163
Trd, 000156.233, 159
Trd, 000156.900, 157
Trd, 000157.300, 157
Trd, 000157.417, 163
Trd, 000157.617, 164
Trd, 000157.733, 167
Trd, 000160.267, 166
Trd, 000160.317, 158
Trd, 000160.367, 167
Trd, 000161.800, 179
Trd, 000164.017, 162
Trd, 000164.367, 165
Trd, 000165.050, 164
Trd, 000166.267, 162
Trd, 000166.317, 161
Trd, 000166.383, 164
Trd, 000166.417, 160
Trd, 000167.233, 161
Trd, 000167.317, 163
Trd, 000167.583, 164
Trd, 000168.183, 162
Trd, 000168.683, 163
Trd, 000168.733, 161
Trd, 000169.300, 163
Trd, 000169.967, 163
Trd, 000170.633, 162
Trd, 000171.217, 161
Trd, 000172.117, 162
Trd, 000173.867, 163
Trd, 000173.900, 162
Trd, 000174.717, 161
Trd, 000175.117, 162
Trd, 000175.550, 163
Trd, 000176.350, 165
Trd, 000176.683, 168
Trd, 000177.333, 161
Trd, 000177.600, 159
Trd, 000179.117, 159
Trd, 000179.517, 160
Trd, 000179.917, 158
Trd, 000180.383, 161
Trd, 000180.517, 160
Trd, 000180.617, 162
Trd, 000180.767, 158
Trd, 000181.517, 163
Trd, 000183.717, 157
Trd, 000183.800, 160
Trd, 000184.633, 160
Trd, 000185.733, 160
Trd, 000185.983, 161
Trd, 000186.017, 162
Trd, 000186.500, 159
Trd, 000186.550, 166
Trd, 000187.683, 157
Trd, 000187.900, 164
Trd, 000188.600, 161
Trd, 000188.883, 162
Trd, 000190.100, 161
Trd, 000190.317, 160
Trd, 000190.650, 162
Trd, 000191.967, 160
Trd, 000192.483, 161
Trd, 000193.450, 166
Trd, 000193.750, 167
Trd, 000194.833, 163
Trd, 000194.933, 163
Trd, 000194.967, 160
Trd, 000195.733, 164
Trd, 000195.967, 160
Trd, 000196.200, 165
Trd, 000197.217, 168
Trd, 000197.650, 171
Trd, 000198.417, 162
Trd, 000199.267, 167
Trd, 000200.117, 164
Trd, 000200.717, 165
Trd, 000200.750, 164
Trd, 000200.933, 166
Trd, 000201.833, 166
Trd, 000202.317, 165
Trd, 000202.817, 165
Trd, 000204.117, 165
Trd, 000204.267, 164
Trd, 000204.367, 166
Trd, 000205.250, 163
Trd, 000205.317, 168
Trd, 000206.533, 162
Trd, 000207.517, 166
Trd, 000207.717, 167
Trd, 000207.833, 164
Trd, 000208.950, 167
Trd, 000209.217, 162
Trd, 000209.400, 166
Trd, 000210.717, 164
Trd, 000211.000, 165
Trd, 000212.000, 162
Trd, 000212.100, 163
Trd, 000212.800, 169
Trd, 000212.817, 162
Trd, 000213.567, 162
Trd, 000213.633, 169
Trd, 000214.217, 161
Trd, 000214.333, 167
Trd, 000214.733, 167
Trd, 000215.267, 166
Trd, 000216.167, 160
Trd, 000216.683, 166
Trd, 000217.200, 172
Trd, 000217.250, 175
Trd, 000218.417, 173
Trd, 000219.217, 167
Trd, 000220.533, 165
Trd, 000220.833, 165
Trd, 000221.100, 166
Trd, 000221.350, 164
Trd, 000221.650, 163
Trd, 000221.817, 168
Trd, 000222.383, 170
Trd, 000222.900, 170
Trd, 000224.250, 167
Trd, 000224.483, 166
Trd, 000224.733, 166
Trd, 000225.583, 169
Trd, 000225.633, 168
Trd, 000226.400, 166
Trd, 000226.483, 165
Trd, 000226.783, 164
Trd, 000227.533, 169
Trd, 000228.633, 168
Trd, 000229.000, 169
Trd, 000229.917, 168
Trd, 000230.633, 168
Trd, 000231.083, 164
Trd, 000231.500, 167
Trd, 000232.483, 164
Trd, 000232.683, 169
Trd, 000233.167, 168
Trd, 000233.183, 169
Trd, 000233.367, 171
Trd, 000233.733, 164
Trd, 000234.150, 171
Trd, 000234.283, 174
Trd, 000235.417, 164
Trd, 000236.367, 178
Trd, 000236.933, 175
Trd, 000236.967, 168
Trd, 000238.183, 170
Trd, 000239.350, 172
Trd, 000239.467, 173
Trd, 000240.100, 172
Trd, 000240.350, 173
Trd, 000240.400, 175
Trd, 000240.433, 172
Trd, 000240.717, 175
Trd, 000241.767, 172
Trd, 000242.033, 171
Trd, 000242.217, 169
Trd, 000242.483, 172
Trd, 000243.283, 170
Trd, 000243.450, 171
Trd, 000243.483, 172
Trd, 000243.567, 172
Trd, 000244.283, 174
Trd, 000244.517, 172
Trd, 000244.833, 174
Trd, 000245.117, 172
Trd, 000246.100, 174
Trd, 000246.417, 173
Trd, 000247.950, 176
Trd, 000248.233, 173
Trd, 000248.400, 175
Trd, 000248.650, 177
Trd, 000248.967, 174
Trd, 000249.817, 173
Trd, 000250.033, 177
Trd, 000250.150, 183
Trd, 000251.400, 182
Trd, 000251.483, 183
Trd, 000251.767, 173
Trd, 000253.383, 176
Trd, 000253.833, 175
Trd, 000254.033, 176
Trd, 000254.067, 177
Trd, 000254.683, 177
Trd, 000254.867, 179
Trd, 000255.217, 174
Trd, 000255.483, 178
Trd, 000255.600, 174
Trd, 000255.900, 175
Trd, 000256.083, 178
Trd, 000256.883, 177
Trd, 000257.050, 176
Trd, 000257.583, 178
Trd, 000258.317, 177
Trd, 000258.650, 175
Trd, 000258.833, 174
Trd, 000259.417, 174
Trd, 000259.467, 176
Trd, 000260.000, 173
Trd, 000260.433, 161
Trd, 000260.817, 177
Trd, 000261.217, 171
Trd, 000261.300, 160
Trd, 000261.950, 167
Trd, 000262.417, 175
Trd, 000263.117, 174
Trd, 000263.300, 175
Trd, 000263.417, 174
Trd, 000264.200, 171
Trd, 000265.583, 168
Trd, 000265.617, 175
Trd, 000265.817, 175
Trd, 000266.233, 173
Trd, 000266.483, 167
Trd, 000266.583, 168
Trd, 000267.483, 172
Trd, 000269.050, 173
Trd, 000269.067, 175
Trd, 000269.783, 171
Trd, 000269.933, 171
Trd, 000270.950, 170
Trd, 000271.000, 173
Trd, 000271.033, 169
Trd, 000271.217, 174
Trd, 000271.750, 173
Trd, 000272.517, 171
Trd, 000273.283, 170
Trd, 000273.383, 168
Trd, 000273.417, 175
Trd, 000273.950, 189
Trd, 000274.383, 167
Trd, 000274.650, 185
Trd, 000275.350, 179
Trd, 000275.500, 174
Trd, 000275.700, 179
Trd, 000275.800, 190
Trd, 000275.900, 168
Trd, 000276.633, 191
Trd, 000276.833, 185
Trd, 000277.000, 186
Trd, 000277.567, 187
Trd, 000277.833, 184
Trd, 000279.650, 185
Trd, 000279.800, 183
Trd, 000279.833, 183
Trd, 000280.283, 185
Trd, 000280.300, 193
Trd, 000280.817, 187
Trd, 000281.017, 182
Trd, 000281.733, 178
Trd, 000281.750, 169
Trd, 000281.833, 179
Trd, 000282.117, 180
Trd, 000282.350, 184
Trd, 000282.850, 189
Trd, 000282.917, 190
Trd, 000283.467, 183
Trd, 000285.867, 181
Trd, 000285.900, 183
Trd, 000286.033, 178
Trd, 000286.167, 175
Trd, 000286.283, 169
Trd, 000286.417, 177
Trd, 000286.433, 184
Trd, 000286.517, 185
Trd, 000287.000, 185
Trd, 000287.483, 186
Trd, 000287.650, 189
Trd, 000288.433, 177
Trd, 000289.000, 178
Trd, 000289.067, 177
Trd, 000289.250, 176
Trd, 000289.950, 166
Trd, 000290.200, 181
Trd, 000290.367, 180
Trd, 000290.600, 166
Trd, 000290.700, 180
Trd, 000291.017, 180
Trd, 000291.183, 174
Trd, 000291.333, 181
Trd, 000291.467, 182
Trd, 000291.583, 191
Trd, 000291.800, 173
Trd, 000291.900, 185
Trd, 000292.600, 189
Trd, 000292.967, 190
Trd, 000293.300, 188
Trd, 000294.783, 179
Trd, 000294.833, 185
Trd, 000295.267, 182
Trd, 000295.433, 181
Trd, 000295.533, 179
Trd, 000295.817, 183
Trd, 000295.833, 179
Trd, 000296.300, 187
Trd, 000296.800, 191
Trd, 000296.900, 179
Trd, 000296.967, 192
Trd, 000297.250, 194
Trd, 000297.650, 178
Trd, 000299.450, 187
Trd, 000299.767, 178
Trd, 000299.883, 177
