Trd, 000000.967, 141
Trd, 000001.783, 143
Trd, 000002.700, 139
Trd, 000003.017, 143
Trd, 000003.517, 135
Trd, 000003.900, 144
Trd, 000004.217, 168
Trd, 000005.350, 139
Trd, 000005.883, 152
Trd, 000007.333, 144
Trd, 000007.733, 142
Trd, 000008.033, 141
Trd, 000008.083, 149
Trd, 000009.400, 144
Trd, 000009.533, 145
Trd, 000010.350, 144
Trd, 000010.817, 145
Trd, 000011.000, 145
Trd, 000011.533, 144
Trd, 000012.300, 145
Trd, 000012.450, 145
Trd, 000012.467, 146
Trd, 000012.617, 145
Trd, 000014.383, 148
Trd, 000015.300, 143
Trd, 000015.950, 142
Trd, 000017.000, 141
Trd, 000017.083, 145
Trd, 000017.500, 140
Trd, 000017.700, 142
Trd, 000018.950, 141
Trd, 000019.183, 143
Trd, 000019.233, 141
Trd, 000019.650, 140
Trd, 000020.117, 146
Trd, 000020.933, 153
Trd, 000021.117, 170
Trd, 000021.667, 151
Trd, 000022.533, 151
Trd, 000023.450, 150
Trd, 000023.917, 154
Trd, 000024.467, 158
Trd, 000025.433, 152
Trd, 000025.917, 152
Trd, 000026.933, 150
Trd, 000027.550, 149
Trd, 000027.667, 149
Trd, 000028.450, 144
Trd, 000028.617, 139
Trd, 000029.033, 147
Trd, 000030.000, 147
Trd, 000030.417, 148
Trd, 000030.517, 149
Trd, 000030.700, 140
Trd, 000033.017, 144
Trd, 000033.483, 143
Trd, 000033.800, 146
Trd, 000033.817, 143
Trd, 000033.850, 147
Trd, 000034.167, 147
Trd, 000034.433, 154
Trd, 000035.233, 168
Trd, 000035.700, 168
Trd, 000036.050, 155
Trd, 000037.817, 159
Trd, 000037.933, 163
Trd, 000038.017, 164
Trd, 000038.233, 160
Trd, 000039.533, 163
Trd, 000040.000, 162
Trd, 000040.483, 161
Trd, 000042.267, 152
Trd, 000042.467, 155
Trd, 000043.117, 153
Trd, 000043.217, 152
Trd, 000043.350, 152
Trd, 000043.917, 152
Trd, 000044.017, 151
Trd, 000044.400, 145
Trd, 000044.483, 152
Trd, 000044.550, 153
Trd, 000046.350, 145
Trd, 000046.517, 148
Trd, 000046.550, 149
Trd, 000046.900, 148
Trd, 000047.533, 148
Trd, 000049.217, 147
Trd, 000049.583, 154
Trd, 000049.650, 147
Trd, 000051.200, 151
Trd, 000051.383, 151
Trd, 000051.417, 152
Trd, 000051.667, 151
Trd, 000052.567, 149
Trd, 000053.283, 147
Trd, 000053.633, 145
Trd, 000053.783, 124
Trd, 000054.000, 145
Trd, 000054.167, 145
Trd, 000054.217, 146
Trd, 000054.467, 148
Trd, 000054.517, 131
Trd, 000055.883, 146
Trd, 000057.250, 140
Trd, 000057.783, 146
Trd, 000058.250, 142
Trd, 000059.017, 142
Trd, 000059.383, 140
Trd, 000059.717, 143
Trd, 000059.867, 140
Trd, 000060.650, 125
Trd, 000060.667, 132
Trd, 000061.167, 143
Trd, 000061.983, 144
Trd, 000062.200, 150
Trd, 000062.617, 142
Trd, 000062.800, 141
Trd, 000063.533, 143
Trd, 000064.183, 150
Trd, 000065.317, 149
Trd, 000065.433, 148
Trd, 000065.450, 149
Trd, 000065.833, 150
Trd, 000066.117, 149
Trd, 000066.217, 152
Trd, 000066.317, 147
Trd, 000066.667, 158
Trd, 000067.300, 180
Trd, 000067.417, 181
Trd, 000068.317, 176
Trd, 000068.417, 155
Trd, 000068.683, 164
Trd, 000071.433, 164
Trd, 000072.167, 162
Trd, 000072.300, 162
Trd, 000072.433, 162
Trd, 000073.317, 161
Trd, 000073.900, 158
Trd, 000074.083, 159
Trd, 000074.183, 158
Trd, 000074.533, 160
Trd, 000075.283, 154
Trd, 000076.183, 160
Trd, 000076.700, 155
Trd, 000077.250, 155
Trd, 000078.567, 156
Trd, 000079.250, 156
Trd, 000079.383, 155
Trd, 000079.550, 160
Trd, 000079.733, 176
Trd, 000081.150, 164
Trd, 000081.467, 163
Trd, 000081.867, 159
Trd, 000082.150, 144
Trd, 000082.317, 142
Trd, 000082.750, 159
Trd, 000083.083, 160
Trd, 000083.467, 159
Trd, 000083.600, 149
Trd, 000084.633, 146
Trd, 000084.767, 161
Trd, 000084.967, 180
Trd, 000087.150, 149
Trd, 000088.750, 157
Trd, 000088.967, 157
Trd, 000089.050, 155
Trd, 000089.467, 158
Trd, 000089.983, 155
Trd, 000090.150, 153
Trd, 000090.500, 154
Trd, 000090.800, 156
Trd, 000090.850, 157
Trd, 000090.883, 160
Trd, 000092.350, 154
Trd, 000092.367, 160
Trd, 000092.450, 150
Trd, 000093.767, 156
Trd, 000094.033, 151
Trd, 000094.133, 156
Trd, 000094.617, 154
Trd, 000095.017, 150
Trd, 000096.683, 154
Trd, 000096.767, 157
Trd, 000097.217, 178
Trd, 000097.683, 151
Trd, 000098.300, 164
Trd, 000098.433, 184
Trd, 000099.050, 157
Trd, 000099.833, 169
Trd, 000100.033, 168
Trd, 000100.817, 174
Trd, 000101.800, 169
Trd, 000101.983, 168
Trd, 000102.467, 170
Trd, 000103.483, 170
Trd, 000103.567, 167
Trd, 000103.883, 166
Trd, 000104.400, 166
Trd, 000105.667, 157
Trd, 000106.317, 152
Trd, 000106.383, 152
Trd, 000106.450, 151
Trd, 000106.617, 151
Trd, 000107.717, 152
Trd, 000107.733, 152
Trd, 000109.467, 176
Trd, 000109.667, 160
Trd, 000110.283, 155
Trd, 000110.383, 153
Trd, 000110.667, 168
Trd, 000110.817, 152
Trd, 000111.567, 152
Trd, 000111.600, 168
Trd, 000112.283, 168
Trd, 000113.183, 156
Trd, 000113.633, 155
Trd, 000114.733, 162
Trd, 000116.183, 158
Trd, 000116.400, 158
Trd, 000116.467, 159
Trd, 000116.817, 159
Trd, 000117.333, 157
Trd, 000118.350, 147
Trd, 000118.850, 157
Trd, 000119.633, 154
Trd, 000119.700, 154
Trd, 000120.017, 154
Trd, 000120.567, 155
Trd, 000120.800, 156
Trd, 000121.950, 156
Trd, 000122.167, 157
Trd, 000122.317, 163
Trd, 000122.367, 155
Trd, 000124.067, 158
Trd, 000124.867, 157
Trd, 000124.933, 159
Trd, 000125.533, 158
Trd, 000125.667, 158
Trd, 000126.333, 156
Trd, 000126.367, 155
Trd, 000126.450, 153
Trd, 000126.550, 154
Trd, 000127.600, 130
Trd, 000127.750, 152
Trd, 000127.800, 153
Trd, 000127.850, 157
Trd, 000128.283, 164
Trd, 000130.333, 161
Trd, 000130.867, 157
Trd, 000131.100, 156
Trd, 000131.550, 156
Trd, 000131.717, 156
Trd, 000132.300, 155
Trd, 000132.683, 157
Trd, 000132.750, 153
Trd, 000132.983, 157
Trd, 000133.233, 165
Trd, 000133.300, 181
Trd, 000134.567, 156
Trd, 000135.383, 159
Trd, 000135.650, 173
Trd, 000135.833, 154
Trd, 000137.200, 167
Trd, 000137.550, 165
Trd, 000138.333, 156
Trd, 000138.550, 154
Trd, 000138.617, 154
Trd, 000138.650, 153
Trd, 000139.083, 149
Trd, 000139.700, 148
Trd, 000139.733, 153
Trd, 000140.017, 153
Trd, 000142.433, 157
Trd, 000142.583, 156
Trd, 000143.467, 154
Trd, 000143.600, 153
Trd, 000145.383, 156
Trd, 000145.533, 158
Trd, 000145.633, 154
Trd, 000145.750, 160
Trd, 000146.233, 155
Trd, 000146.517, 161
Trd, 000147.117, 161
Trd, 000147.517, 160
Trd, 000147.900, 161
Trd, 000148.567, 161
Trd, 000148.683, 162
Trd, 000149.133, 160
Trd, 000149.750, 161
Trd, 000151.233, 161
Trd, 000151.317, 164
Trd, 000151.967, 166
Trd, 000152.350, 162
Trd, 000152.983, 162
Trd, 000153.600, 162
Trd, 000153.650, 164
Trd, 000154.117, 161
Trd, 000154.667, 160
Trd, 000155.100, 159
Trd, 000155.333, 163
Trd, 000155.800, 167
Trd, 000157.150, 182
Trd, 000157.483, 183
Trd, 000157.967, 161
Trd, 000158.250, 162
Trd, 000159.017, 186
Trd, 000159.867, 170
Trd, 000160.400, 181
Trd, 000160.567, 167
Trd, 000162.233, 171
Trd, 000162.333, 172
Trd, 000162.500, 172
Trd, 000163.350, 168
Trd, 000163.467, 164
Trd, 000163.950, 162
Trd, 000163.983, 158
Trd, 000164.233, 169
Trd, 000165.517, 169
Trd, 000166.500, 170
Trd, 000166.717, 165
Trd, 000167.000, 177
Trd, 000168.250, 172
Trd, 000168.567, 172
Trd, 000168.617, 170
Trd, 000169.067, 170
Trd, 000169.100, 170
Trd, 000169.467, 171
Trd, 000170.717, 177
Trd, 000170.833, 167
Trd, 000170.917, 165
Trd, 000170.983, 164
Trd, 000173.067, 177
Trd, 000173.133, 177
Trd, 000173.650, 168
Trd, 000175.067, 174
Trd, 000175.350, 176
Trd, 000175.533, 173
Trd, 000175.800, 172
Trd, 000175.883, 170
Trd, 000176.133, 165
Trd, 000176.400, 175
Trd, 000176.850, 164
Trd, 000176.867, 154
Trd, 000177.167, 159
Trd, 000177.217, 160
Trd, 000177.850, 139
Trd, 000178.383, 158
Trd, 000180.317, 155
Trd, 000180.583, 154
Trd, 000180.733, 155
Trd, 000180.900, 155
Trd, 000180.950, 162
Trd, 000181.867, 183
Trd, 000183.317, 166
Trd, 000183.950, 164
Trd, 000184.050, 160
Trd, 000184.283, 169
Trd, 000184.717, 170
Trd, 000184.833, 181
Trd, 000186.167, 168
Trd, 000186.250, 167
Trd, 000187.067, 164
Trd, 000187.650, 162
Trd, 000187.733, 159
Trd, 000187.767, 168
Trd, 000188.733, 166
Trd, 000189.017, 167
Trd, 000189.533, 169
Trd, 000189.817, 165
Trd, 000190.283, 170
Trd, 000190.833, 181
Trd, 000191.550, 179
Trd, 000192.100, 173
Trd, 000192.967, 183
Trd, 000194.033, 179
Trd, 000195.067, 170
Trd, 000195.700, 165
Trd, 000195.850, 164
Trd, 000196.683, 164
Trd, 000196.883, 164
Trd, 000197.417, 168
Trd, 000197.450, 169
Trd, 000197.900, 171
Trd, 000199.383, 166
Trd, 000199.950, 171
Trd, 000200.017, 168
Trd, 000200.683, 167
Trd, 000201.333, 171
Trd, 000201.467, 170
Trd, 000201.917, 167
Trd, 000202.183, 168
Trd, 000203.183, 161
Trd, 000203.550, 150
Trd, 000204.500, 160
Trd, 000205.250, 157
Trd, 000205.383, 159
Trd, 000205.867, 160
Trd, 000206.600, 161
Trd, 000206.950, 162
Trd, 000208.250, 162
Trd, 000208.517, 162
Trd, 000208.933, 171
Trd, 000209.000, 189
Trd, 000210.133, 181
Trd, 000210.200, 182
Trd, 000210.283, 165
Trd, 000211.050, 157
Trd, 000211.183, 147
Trd, 000212.067, 154
Trd, 000212.317, 168
Trd, 000213.400, 181
Trd, 000214.650, 178
Trd, 000214.683, 184
Trd, 000214.783, 173
Trd, 000215.367, 171
Trd, 000216.000, 175
Trd, 000216.033, 178
Trd, 000216.133, 175
Trd, 000216.983, 175
Trd, 000217.217, 175
Trd, 000217.417, 174
Trd, 000217.567, 175
Trd, 000219.367, 172
Trd, 000219.583, 173
Trd, 000220.133, 176
Trd, 000220.283, 173
Trd, 000220.450, 173
Trd, 000220.617, 169
Trd, 000220.633, 163
Trd, 000221.133, 175
Trd, 000221.933, 173
Trd, 000222.667, 147
Trd, 000224.983, 166
Trd, 000225.733, 165
Trd, 000225.767, 165
Trd, 000226.200, 165
Trd, 000226.217, 167
Trd, 000226.400, 173
Trd, 000226.583, 178
Trd, 000227.983, 164
Trd, 000228.117, 165
Trd, 000228.433, 163
Trd, 000228.733, 165
Trd, 000229.783, 166
Trd, 000229.950, 166
Trd, 000231.167, 165
Trd, 000231.267, 166
Trd, 000231.283, 167
Trd, 000232.633, 175
Trd, 000232.750, 177
Trd, 000233.300, 172
Trd, 000233.417, 174
Trd, 000235.100, 187
Trd, 000235.533, 180
Trd, 000235.883, 180
Trd, 000236.200, 179
Trd, 000237.017, 185
Trd, 000237.133, 182
Trd, 000237.667, 184
Trd, 000238.583, 185
Trd, 000238.817, 184
Trd, 000239.317, 178
Trd, 000239.400, 184
Trd, 000239.633, 184
Trd, 000240.400, 180
Trd, 000240.467, 175
Trd, 000240.517, 182
Trd, 000241.000, 178
Trd, 000241.133, 176
Trd, 000241.333, 183
Trd, 000242.067, 180
Trd, 000242.367, 180
Trd, 000242.833, 177
Trd, 000242.950, 175
Trd, 000243.250, 172
Trd, 000243.717, 171
Trd, 000243.967, 178
Trd, 000244.167, 170
Trd, 000244.367, 165
Trd, 000245.217, 179
Trd, 000245.433, 179
Trd, 000245.750, 180
Trd, 000245.800, 181
Trd, 000246.567, 177
Trd, 000247.367, 178
Trd, 000247.400, 180
Trd, 000247.583, 179
Trd, 000247.833, 180
Trd, 000248.517, 175
Trd, 000248.933, 175
Trd, 000249.000, 171
Trd, 000249.350, 161
Trd, 000249.450, 174
Trd, 000250.000, 171
Trd, 000250.283, 171
Trd, 000250.317, 171
Trd, 000250.800, 172
Trd, 000251.700, 170
Trd, 000251.833, 180
Trd, 000252.117, 166
Trd, 000253.417, 166
Trd, 000253.467, 165
Trd, 000253.600, 167
Trd, 000254.050, 167
Trd, 000254.450, 167
Trd, 000254.833, 167
Trd, 000255.717, 173
Trd, 000255.733, 165
Trd, 000255.817, 164
Trd, 000255.867, 176
Trd, 000256.467, 183
Trd, 000256.683, 175
Trd, 000257.600, 182
Trd, 000257.633, 190
Trd, 000258.533, 190
Trd, 000258.617, 189
Trd, 000258.717, 193
Trd, 000258.817, 184
Trd, 000259.583, 195
Trd, 000260.167, 195
Trd, 000260.200, 197
Trd, 000260.350, 192
Trd, 000260.833, 191
Trd, 000262.233, 184
Trd, 000262.350, 183
Trd, 000262.417, 185
Trd, 000262.433, 182
Trd, 000262.550, 185
Trd, 000263.400, 181
Trd, 000263.833, 183
Trd, 000264.417, 183
Trd, 000265.467, 183
Trd, 000265.983, 182
Trd, 000266.333, 186
Trd, 000266.900, 185
Trd, 000267.000, 180
Trd, 000267.600, 182
Trd, 000267.733, 185
Trd, 000267.833, 181
Trd, 000267.933, 185
Trd, 000268.517, 180
Trd, 000268.917, 184
Trd, 000269.450, 180
Trd, 000269.683, 185
Trd, 000270.117, 177
Trd, 000270.667, 185
Trd, 000271.150, 183
Trd, 000271.933, 181
Trd, 000272.917, 184
Trd, 000273.700, 181
Trd, 000273.750, 182
Trd, 000274.450, 180
Trd, 000274.483, 184
Trd, 000274.517, 185
Trd, 000275.050, 180
Trd, 000275.283, 180
Trd, 000275.550, 184
Trd, 000275.567, 180
Trd, 000275.900, 178
Trd, 000275.917, 182
Trd, 000276.783, 183
Trd, 000277.150, 178
Trd, 000277.917, 175
Trd, 000278.083, 175
Trd, 000278.500, 179
Trd, 000278.600, 174
Trd, 000278.667, 181
Trd, 000279.000, 175
Trd, 000279.483, 181
Trd, 000279.833, 180
Trd, 000280.383, 179
Trd, 000280.733, 178
Trd, 000281.000, 177
Trd, 000281.167, 176
Trd, 000281.250, 177
Trd, 000281.583, 183
Trd, 000282.167, 184
Trd, 000282.833, 176
Trd, 000282.883, 203
Trd, 000283.650, 194
Trd, 000284.117, 193
Trd, 000284.417, 195
Trd, 000284.950, 185
Trd, 000284.967, 183
Trd, 000285.433, 185
Trd, 000286.083, 180
Trd, 000286.333, 180
Trd, 000286.617, 180
Trd, 000286.783, 184
Trd, 000286.850, 180
Trd, 000287.900, 180
Trd, 000288.550, 180
Trd, 000288.617, 181
Trd, 000288.883, 192
Trd, 000289.500, 186
Trd, 000289.767, 187
Trd, 000289.900, 197
Trd, 000290.500, 184
Trd, 000290.600, 176
Trd, 000290.767, 170
Trd, 000291.250, 173
Trd, 000292.000, 181
Trd, 000292.283, 182
Trd, 000292.667, 181
Trd, 000292.750, 181
Trd, 000292.967, 181
Trd, 000293.517, 191
Trd, 000293.717, 201
Trd, 000293.850, 201
Trd, 000293.983, 194
Trd, 000294.117, 180
Trd, 000294.667, 188
Trd, 000294.867, 189
Trd, 000295.100, 171
Trd, 000295.417, 170
Trd, 000296.533, 171
Trd, 000297.283, 187
Trd, 000297.417, 176
Trd, 000297.800, 186
Trd, 000298.850, 184
