Trd, 000001.050, 182
Trd, 000002.200, 148
Trd, 000003.517, 146
Trd, 000003.633, 145
Trd, 000004.233, 144
Trd, 000004.900, 145
Trd, 000005.033, 142
Trd, 000006.067, 142
Trd, 000006.083, 147
Trd, 000006.133, 151
Trd, 000007.833, 148
Trd, 000008.167, 149
Trd, 000008.617, 147
Trd, 000009.650, 149
Trd, 000010.050, 148
Trd, 000010.767, 149
Trd, 000011.267, 149
Trd, 000011.600, 150
Trd, 000011.667, 151
Trd, 000013.200, 151
Trd, 000013.467, 149
Trd, 000013.867, 151
Trd, 000014.483, 149
Trd, 000014.850, 147
Trd, 000015.200, 152
Trd, 000015.217, 153
Trd, 000015.700, 151
Trd, 000017.633, 148
Trd, 000017.717, 153
Trd, 000017.900, 147
Trd, 000018.967, 153
Trd, 000019.500, 152
Trd, 000019.617, 160
Trd, 000020.533, 153
Trd, 000020.800, 150
Trd, 000023.067, 158
Trd, 000023.333, 159
Trd, 000024.000, 151
Trd, 000024.467, 159
Trd, 000024.733, 151
Trd, 000024.900, 150
Trd, 000025.517, 157
Trd, 000026.367, 151
Trd, 000026.567, 150
Trd, 000026.583, 157
Trd, 000026.733, 147
Trd, 000026.817, 147
Trd, 000026.867, 158
Trd, 000027.067, 156
Trd, 000027.883, 155
Trd, 000028.950, 151
Trd, 000030.850, 154
Trd, 000031.000, 153
Trd, 000031.017, 151
Trd, 000032.067, 153
Trd, 000032.383, 154
Trd, 000032.817, 153
Trd, 000033.100, 150
Trd, 000033.517, 151
Trd, 000033.750, 151
Trd, 000034.567, 150
Trd, 000035.283, 154
Trd, 000035.783, 150
Trd, 000036.750, 149
Trd, 000037.550, 150
Trd, 000037.600, 149
Trd, 000037.850, 151
Trd, 000038.983, 149
Trd, 000039.883, 152
Trd, 000040.933, 150
Trd, 000041.167, 148
Trd, 000041.517, 151
Trd, 000041.833, 151
Trd, 000041.850, 149
Trd, 000043.050, 150
Trd, 000043.583, 151
Trd, 000043.900, 149
Trd, 000045.550, 149
Trd, 000046.817, 150
Trd, 000047.733, 151
Trd, 000047.833, 149
Trd, 000049.083, 149
Trd, 000049.417, 150
Trd, 000049.650, 153
Trd, 000050.067, 150
Trd, 000050.183, 156
Trd, 000050.317, 149
Trd, 000050.517, 163
Trd, 000050.550, 148
Trd, 000051.450, 163
Trd, 000052.767, 148
Trd, 000053.600, 150
Trd, 000053.667, 153
Trd, 000053.933, 163
Trd, 000055.133, 152
Trd, 000056.067, 153
Trd, 000056.500, 152
Trd, 000057.500, 155
Trd, 000058.667, 156
Trd, 000060.050, 158
Trd, 000060.300, 158
Trd, 000060.383, 154
Trd, 000060.633, 154
Trd, 000060.700, 154
Trd, 000061.317, 159
Trd, 000061.783, 158
Trd, 000061.833, 159
Trd, 000061.867, 164
Trd, 000063.067, 157
Trd, 000063.233, 174
Trd, 000065.233, 164
Trd, 000065.433, 163
Trd, 000065.617, 162
Trd, 000066.317, 157
Trd, 000066.367, 157
Trd, 000067.550, 157
Trd, 000067.700, 158
Trd, 000068.467, 156
Trd, 000068.767, 157
Trd, 000069.033, 159
Trd, 000070.067, 159
Trd, 000070.283, 157
Trd, 000071.067, 158
Trd, 000071.217, 158
Trd, 000071.550, 160
Trd, 000072.467, 157
Trd, 000072.483, 160
Trd, 000073.317, 158
Trd, 000073.667, 155
Trd, 000074.333, 157
Trd, 000074.483, 161
Trd, 000074.717, 157
Trd, 000075.917, 157
Trd, 000077.583, 158
Trd, 000077.933, 156
Trd, 000078.983, 156
Trd, 000079.500, 155
Trd, 000079.883, 156
Trd, 000080.000, 157
Trd, 000080.467, 156
Trd, 000080.500, 159
Trd, 000081.167, 156
Trd, 000083.033, 156
Trd, 000083.117, 159
Trd, 000084.133, 155
Trd, 000084.567, 156
Trd, 000085.267, 155
Trd, 000085.383, 155
Trd, 000085.567, 156
Trd, 000086.250, 166
Trd, 000086.500, 161
Trd, 000086.983, 157
Trd, 000087.467, 157
Trd, 000087.933, 158
Trd, 000089.000, 169
Trd, 000089.233, 174
Trd, 000089.517, 170
Trd, 000090.200, 167
Trd, 000091.600, 166
Trd, 000092.100, 169
Trd, 000092.133, 166
Trd, 000093.517, 167
Trd, 000093.800, 166
Trd, 000094.117, 164
Trd, 000094.500, 159
Trd, 000096.133, 161
Trd, 000096.600, 160
Trd, 000096.950, 162
Trd, 000097.433, 161
Trd, 000097.733, 160
Trd, 000099.000, 161
Trd, 000099.383, 159
Trd, 000099.550, 157
Trd, 000099.800, 154
Trd, 000100.283, 161
Trd, 000102.017, 160
Trd, 000102.100, 158
Trd, 000102.133, 163
Trd, 000102.583, 158
Trd, 000103.283, 158
Trd, 000103.883, 164
Trd, 000104.783, 157
Trd, 000106.450, 160
Trd, 000106.500, 161
Trd, 000107.233, 162
Trd, 000107.483, 162
Trd, 000107.683, 160
Trd, 000108.533, 162
Trd, 000108.917, 169
Trd, 000110.083, 164
Trd, 000110.617, 164
Trd, 000110.750, 161
Trd, 000110.800, 165
Trd, 000111.267, 160
Trd, 000111.383, 166
Trd, 000112.400, 166
Trd, 000113.233, 165
Trd, 000113.483, 165
Trd, 000113.533, 164
Trd, 000114.833, 163
Trd, 000115.567, 163
Trd, 000115.800, 163
Trd, 000116.000, 161
Trd, 000116.917, 166
Trd, 000117.117, 164
Trd, 000118.100, 162
Trd, 000118.850, 169
Trd, 000119.017, 170
Trd, 000120.317, 171
Trd, 000121.000, 170
Trd, 000121.017, 171
Trd, 000121.250, 162
Trd, 000121.500, 162
Trd, 000122.250, 171
Trd, 000124.100, 168
Trd, 000124.283, 167
Trd, 000124.333, 162
Trd, 000124.717, 169
Trd, 000124.967, 160
Trd, 000125.967, 157
Trd, 000126.250, 171
Trd, 000126.733, 159
Trd, 000127.783, 161
Trd, 000128.267, 161
Trd, 000128.867, 170
Trd, 000129.633, 165
Trd, 000129.850, 163
Trd, 000130.250, 165
Trd, 000130.267, 164
Trd, 000130.467, 167
Trd, 000130.767, 171
Trd, 000132.433, 163
Trd, 000133.233, 162
Trd, 000133.250, 161
Trd, 000134.400, 171
Trd, 000134.967, 165
Trd, 000135.550, 168
Trd, 000136.200, 165
Trd, 000136.583, 170
Trd, 000136.633, 164
Trd, 000137.633, 169
Trd, 000138.333, 168
Trd, 000138.783, 169
Trd, 000139.500, 168
Trd, 000140.117, 169
Trd, 000140.300, 166
Trd, 000141.617, 165
Trd, 000141.933, 167
Trd, 000141.967, 164
Trd, 000142.650, 170
Trd, 000143.283, 160
Trd, 000144.383, 164
Trd, 000144.817, 171
Trd, 000146.183, 172
Trd, 000146.600, 166
Trd, 000147.167, 176
Trd, 000147.683, 174
Trd, 000148.383, 174
Trd, 000149.233, 173
Trd, 000149.267, 175
Trd, 000149.617, 173
Trd, 000149.867, 171
Trd, 000149.883, 164
Trd, 000151.883, 169
Trd, 000152.167, 169
Trd, 000152.967, 173
Trd, 000153.550, 172
Trd, 000154.000, 173
Trd, 000154.350, 174
Trd, 000154.483, 168
Trd, 000155.083, 173
Trd, 000156.200, 168
Trd, 000156.717, 174
Trd, 000156.783, 167
Trd, 000158.367, 165
Trd, 000158.400, 169
Trd, 000159.367, 165
Trd, 000160.150, 167
Trd, 000160.833, 167
Trd, 000161.800, 172
Trd, 000161.883, 165
Trd, 000164.400, 169
Trd, 000164.833, 169
Trd, 000164.917, 174
Trd, 000165.150, 184
Trd, 000165.717, 170
Trd, 000166.000, 166
Trd, 000166.417, 165
Trd, 000166.500, 164
Trd, 000167.233, 172
Trd, 000167.700, 167
Trd, 000168.867, 169
Trd, 000169.183, 166
Trd, 000169.333, 170
Trd, 000169.800, 161
Trd, 000170.700, 165
Trd, 000170.800, 175
Trd, 000171.717, 176
Trd, 000172.567, 165
Trd, 000173.050, 167
Trd, 000175.000, 173
Trd, 000175.767, 170
Trd, 000176.133, 174
Trd, 000176.450, 176
Trd, 000177.083, 173
Trd, 000177.417, 174
Trd, 000177.567, 172
Trd, 000177.850, 169
Trd, 000178.517, 169
Trd, 000180.517, 172
Trd, 000180.617, 162
Trd, 000181.267, 167
Trd, 000181.500, 170
Trd, 000181.733, 170
Trd, 000182.067, 170
Trd, 000182.517, 170
Trd, 000182.717, 167
Trd, 000183.367, 168
Trd, 000183.700, 167
Trd, 000183.767, 169
Trd, 000184.700, 170
Trd, 000185.867, 166
Trd, 000186.300, 170
Trd, 000187.350, 166
Trd, 000187.983, 169
Trd, 000188.033, 165
Trd, 000189.850, 167
Trd, 000189.867, 166
Trd, 000190.633, 167
Trd, 000191.033, 168
Trd, 000191.050, 170
Trd, 000191.783, 173
Trd, 000192.517, 166
Trd, 000193.300, 169
Trd, 000193.383, 172
Trd, 000194.267, 170
Trd, 000195.183, 169
Trd, 000195.233, 171
Trd, 000195.267, 167
Trd, 000197.333, 171
Trd, 000197.400, 173
Trd, 000197.683, 172
Trd, 000197.750, 173
Trd, 000198.583, 172
Trd, 000199.033, 171
Trd, 000199.600, 170
Trd, 000200.283, 169
Trd, 000200.517, 163
Trd, 000201.233, 169
Trd, 000202.050, 162
Trd, 000202.350, 161
Trd, 000204.017, 168
Trd, 000205.250, 167
Trd, 000205.417, 167
Trd, 000206.250, 166
Trd, 000206.567, 168
Trd, 000206.683, 165
Trd, 000208.350, 166
Trd, 000208.833, 169
Trd, 000209.917, 170
Trd, 000209.983, 179
Trd, 000210.367, 171
Trd, 000210.767, 171
Trd, 000211.233, 191
Trd, 000211.267, 170
Trd, 000211.967, 179
Trd, 000213.750, 179
Trd, 000214.800, 172
Trd, 000214.967, 176
Trd, 000215.167, 171
Trd, 000216.550, 175
Trd, 000217.767, 179
Trd, 000220.283, 176
Trd, 000220.483, 174
Trd, 000221.117, 177
Trd, 000221.433, 175
Trd, 000221.733, 174
Trd, 000221.933, 173
Trd, 000223.383, 173
Trd, 000223.467, 173
Trd, 000223.633, 172
Trd, 000223.933, 174
Trd, 000224.550, 168
Trd, 000224.917, 174
Trd, 000226.400, 171
Trd, 000226.450, 174
Trd, 000227.567, 171
Trd, 000228.150, 173
Trd, 000229.917, 174
Trd, 000230.200, 173
Trd, 000230.767, 175
Trd, 000230.883, 181
Trd, 000231.633, 175
Trd, 000232.300, 176
Trd, 000233.017, 175
Trd, 000233.100, 176
Trd, 000233.183, 173
Trd, 000233.633, 173
Trd, 000233.717, 172
Trd, 000234.133, 189
Trd, 000235.750, 175
Trd, 000236.517, 174
Trd, 000237.283, 174
Trd, 000238.283, 174
Trd, 000238.350, 173
Trd, 000238.633, 175
Trd, 000238.917, 177
Trd, 000239.000, 174
Trd, 000239.183, 171
Trd, 000240.700, 169
Trd, 000241.000, 172
Trd, 000241.467, 169
Trd, 000241.833, 173
Trd, 000242.133, 172
Trd, 000242.400, 172
Trd, 000243.300, 166
Trd, 000243.383, 169
Trd, 000244.233, 161
Trd, 000244.467, 162
Trd, 000245.050, 164
Trd, 000245.417, 166
Trd, 000245.483, 164
Trd, 000245.650, 165
Trd, 000246.633, 165
Trd, 000246.650, 167
Trd, 000246.833, 164
Trd, 000247.033, 164
Trd, 000247.900, 167
Trd, 000248.750, 169
Trd, 000249.050, 170
Trd, 000249.633, 176
Trd, 000250.233, 173
Trd, 000250.517, 171
Trd, 000251.367, 176
Trd, 000251.833, 176
Trd, 000252.250, 175
Trd, 000252.633, 175
Trd, 000253.650, 176
Trd, 000253.683, 173
Trd, 000253.767, 183
Trd, 000254.217, 180
Trd, 000255.183, 181
Trd, 000255.550, 180
Trd, 000255.567, 178
Trd, 000255.883, 181
Trd, 000256.217, 179
Trd, 000256.817, 177
Trd, 000257.033, 176
Trd, 000257.600, 174
Trd, 000257.917, 182
Trd, 000258.333, 179
Trd, 000258.800, 183
Trd, 000259.150, 179
Trd, 000259.517, 177
Trd, 000259.717, 184
Trd, 000260.150, 192
Trd, 000260.667, 188
Trd, 000261.133, 176
Trd, 000262.250, 186
Trd, 000262.550, 182
Trd, 000262.617, 181
Trd, 000262.833, 188
Trd, 000263.533, 177
Trd, 000264.933, 179
Trd, 000265.083, 176
Trd, 000265.250, 180
Trd, 000265.383, 181
Trd, 000265.450, 174
Trd, 000266.183, 175
Trd, 000266.483, 179
Trd, 000266.650, 179
Trd, 000267.583, 170
Trd, 000268.283, 169
Trd, 000268.333, 168
Trd, 000268.933, 165
Trd, 000269.200, 163
Trd, 000269.817, 166
Trd, 000269.917, 168
Trd, 000270.150, 165
Trd, 000270.467, 168
Trd, 000270.750, 171
Trd, 000271.317, 170
Trd, 000272.017, 175
Trd, 000272.317, 193
Trd, 000272.817, 190
Trd, 000273.600, 190
Trd, 000273.750, 187
Trd, 000274.217, 186
Trd, 000274.483, 184
Trd, 000274.667, 177
Trd, 000275.017, 183
Trd, 000275.133, 186
Trd, 000275.283, 185
Trd, 000276.867, 178
Trd, 000276.883, 176
Trd, 000277.000, 175
Trd, 000277.200, 171
Trd, 000278.100, 169
Trd, 000278.233, 161
Trd, 000278.767, 176
Trd, 000279.450, 175
Trd, 000279.800, 174
Trd, 000279.817, 173
Trd, 000280.633, 179
Trd, 000280.700, 182
Trd, 000281.150, 173
Trd, 000281.517, 181
Trd, 000282.117, 185
Trd, 000282.483, 186
Trd, 000283.533, 178
Trd, 000283.883, 180
Trd, 000283.933, 177
Trd, 000284.500, 194
Trd, 000284.783, 191
Trd, 000285.283, 190
Trd, 000286.117, 188
Trd, 000286.133, 191
Trd, 000286.350, 186
Trd, 000286.650, 179
Trd, 000287.167, 190
Trd, 000287.550, 182
Trd, 000287.700, 182
Trd, 000288.183, 178
Trd, 000288.817, 187
Trd, 000289.250, 182
Trd, 000289.633, 185
Trd, 000290.350, 184
Trd, 000290.800, 186
Trd, 000291.333, 184
Trd, 000291.400, 180
Trd, 000291.650, 186
Trd, 000291.700, 179
Trd, 000291.750, 177
Trd, 000292.083, 187
Trd, 000292.200, 181
Trd, 000292.700, 180
Trd, 000292.767, 173
Trd, 000292.883, 183
Trd, 000293.100, 171
Trd, 000293.333, 177
Trd, 000293.850, 171
Trd, 000294.783, 170
Trd, 000295.217, 174
Trd, 000295.517, 177
Trd, 000295.550, 161
Trd, 000296.000, 170
Trd, 000296.717, 173
Trd, 000297.450, 172
Trd, 000297.583, 181
Trd, 000297.850, 169
Trd, 000298.283, 173
Trd, 000298.433, 177
Trd, 000298.767, 186
Trd, 000298.800, 187
Trd, 000299.933, 182
