Trd, 000001.350, 138
Trd, 000001.550, 147
Trd, 000001.983, 142
Trd, 000002.917, 175
Trd, 000003.000, 137
Trd, 000004.200, 165
Trd, 000004.950, 168
Trd, 000005.650, 150
Trd, 000006.467, 171
Trd, 000007.267, 162
Trd, 000007.650, 162
Trd, 000007.817, 165
Trd, 000008.683, 166
Trd, 000008.883, 167
Trd, 000009.233, 169
Trd, 000010.400, 163
Trd, 000010.433, 170
Trd, 000011.183, 162
Trd, 000012.267, 163
Trd, 000012.700, 162
Trd, 000012.750, 163
Trd, 000013.333, 164
Trd, 000014.883, 162
Trd, 000014.900, 161
Trd, 000015.817, 159
Trd, 000016.300, 163
Trd, 000018.033, 163
Trd, 000019.033, 163
Trd, 000019.683, 163
Trd, 000020.150, 162
Trd, 000020.167, 165
Trd, 000020.283, 162
Trd, 000021.767, 162
Trd, 000022.250, 163
Trd, 000022.683, 166
Trd, 000023.683, 167
Trd, 000023.767, 167
Trd, 000024.450, 166
Trd, 000025.383, 165
Trd, 000025.467, 169
Trd, 000025.733, 165
Trd, 000025.750, 164
Trd, 000026.150, 170
Trd, 000026.367, 170
Trd, 000026.467, 168
Trd, 000027.467, 167
Trd, 000027.950, 169
Trd, 000028.417, 165
Trd, 000028.683, 169
Trd, 000031.167, 160
Trd, 000031.467, 167
Trd, 000032.883, 160
Trd, 000033.883, 162
Trd, 000034.733, 164
Trd, 000035.217, 164
Trd, 000035.250, 164
Trd, 000036.450, 166
Trd, 000036.467, 167
Trd, 000036.800, 170
Trd, 000037.000, 162
Trd, 000037.067, 169
Trd, 000037.800, 167
Trd, 000038.283, 168
Trd, 000038.733, 169
Trd, 000038.800, 163
Trd, 000040.383, 170
Trd, 000041.400, 171
Trd, 000042.133, 170
Trd, 000042.700, 171
Trd, 000042.933, 169
Trd, 000043.083, 169
Trd, 000043.117, 168
Trd, 000043.933, 167
Trd, 000044.283, 169
Trd, 000045.867, 170
Trd, 000046.483, 171
Trd, 000046.800, 172
Trd, 000047.550, 166
Trd, 000047.667, 166
Trd, 000048.250, 167
Trd, 000049.417, 169
Trd, 000049.433, 166
Trd, 000051.000, 163
Trd, 000051.167, 168
Trd, 000051.600, 169
Trd, 000053.633, 167
Trd, 000053.733, 169
Trd, 000054.683, 169
Trd, 000054.833, 169
Trd, 000055.383, 167
Trd, 000055.467, 168
Trd, 000055.633, 165
Trd, 000056.833, 162
Trd, 000056.950, 160
Trd, 000057.450, 170
Trd, 000057.817, 169
Trd, 000059.300, 170
Trd, 000059.650, 169
Trd, 000060.567, 170
Trd, 000061.083, 168
Trd, 000061.217, 163
Trd, 000061.433, 170
Trd, 000062.033, 170
Trd, 000062.100, 171
Trd, 000062.767, 170
Trd, 000062.850, 170
Trd, 000063.567, 168
Trd, 000064.483, 167
Trd, 000066.467, 170
Trd, 000067.950, 169
Trd, 000069.917, 168
Trd, 000070.333, 170
Trd, 000070.517, 168
Trd, 000071.017, 169
Trd, 000071.200, 167
Trd, 000071.517, 172
Trd, 000072.917, 169
Trd, 000073.183, 171
Trd, 000073.967, 169
Trd, 000074.483, 167
Trd, 000074.633, 170
Trd, 000074.933, 171
Trd, 000075.150, 161
Trd, 000075.817, 173
Trd, 000077.200, 170
Trd, 000077.333, 164
Trd, 000077.833, 166
Trd, 000077.983, 170
Trd, 000078.267, 163
Trd, 000078.667, 164
Trd, 000079.083, 163
Trd, 000079.817, 173
Trd, 000080.150, 172
Trd, 000080.333, 173
Trd, 000080.950, 174
Trd, 000082.550, 170
Trd, 000084.283, 170
Trd, 000084.383, 169
Trd, 000085.383, 168
Trd, 000086.417, 170
Trd, 000086.433, 167
Trd, 000086.950, 159
Trd, 000087.217, 165
Trd, 000087.250, 171
Trd, 000087.267, 158
Trd, 000088.017, 150
Trd, 000088.183, 130
Trd, 000088.683, 167
Trd, 000088.700, 169
Trd, 000090.450, 171
Trd, 000090.967, 160
Trd, 000091.250, 171
Trd, 000091.700, 160
Trd, 000092.717, 169
Trd, 000092.750, 160
Trd, 000093.067, 161
Trd, 000093.483, 169
Trd, 000094.133, 163
Trd, 000094.900, 169
Trd, 000095.333, 169
Trd, 000095.383, 161
Trd, 000095.450, 172
Trd, 000096.500, 174
Trd, 000097.550, 174
Trd, 000097.967, 172
Trd, 000098.117, 175
Trd, 000098.700, 171
Trd, 000099.933, 170
Trd, 000100.100, 160
Trd, 000100.383, 174
Trd, 000100.950, 159
Trd, 000101.433, 171
Trd, 000102.583, 167
Trd, 000102.667, 169
Trd, 000103.400, 172
Trd, 000103.500, 175
Trd, 000103.767, 162
Trd, 000103.933, 162
Trd, 000106.033, 171
Trd, 000106.983, 172
Trd, 000107.333, 171
Trd, 000107.967, 173
Trd, 000108.167, 170
Trd, 000108.350, 155
Trd, 000109.217, 170
Trd, 000109.317, 172
Trd, 000110.183, 174
Trd, 000111.217, 172
Trd, 000111.567, 169
Trd, 000111.650, 174
Trd, 000111.767, 170
Trd, 000113.433, 169
Trd, 000114.167, 172
Trd, 000114.317, 170
Trd, 000114.600, 174
Trd, 000115.433, 172
Trd, 000115.750, 175
Trd, 000116.767, 170
Trd, 000117.317, 166
Trd, 000117.600, 173
Trd, 000117.617, 174
Trd, 000118.183, 170
Trd, 000119.133, 173
Trd, 000120.133, 174
Trd, 000120.167, 174
Trd, 000120.767, 172
Trd, 000120.983, 173
Trd, 000121.633, 172
Trd, 000121.900, 176
Trd, 000123.233, 177
Trd, 000123.600, 175
Trd, 000124.017, 176
Trd, 000124.917, 174
Trd, 000125.050, 173
Trd, 000125.817, 173
Trd, 000126.250, 177
Trd, 000127.550, 173
Trd, 000127.983, 175
Trd, 000128.350, 172
Trd, 000128.367, 176
Trd, 000128.483, 167
Trd, 000129.483, 175
Trd, 000129.733, 176
Trd, 000130.100, 177
Trd, 000130.233, 168
Trd, 000130.650, 165
Trd, 000131.000, 178
Trd, 000132.567, 157
Trd, 000132.833, 154
Trd, 000133.400, 168
Trd, 000135.083, 167
Trd, 000135.333, 169
Trd, 000135.733, 169
Trd, 000136.617, 167
Trd, 000136.917, 179
Trd, 000137.267, 179
Trd, 000137.700, 170
Trd, 000139.733, 175
Trd, 000139.800, 173
Trd, 000139.983, 172
Trd, 000140.533, 173
Trd, 000140.633, 173
Trd, 000140.750, 176
Trd, 000141.383, 172
Trd, 000141.400, 177
Trd, 000142.383, 176
Trd, 000142.967, 168
Trd, 000143.750, 170
Trd, 000144.500, 176
Trd, 000144.717, 171
Trd, 000145.333, 172
Trd, 000145.817, 173
Trd, 000147.150, 174
Trd, 000147.183, 174
Trd, 000147.450, 169
Trd, 000148.900, 168
Trd, 000149.000, 172
Trd, 000149.050, 165
Trd, 000149.233, 173
Trd, 000150.867, 175
Trd, 000151.033, 174
Trd, 000151.083, 174
Trd, 000151.100, 169
Trd, 000151.650, 174
Trd, 000151.767, 175
Trd, 000151.917, 177
Trd, 000153.317, 179
Trd, 000153.333, 166
Trd, 000153.433, 180
Trd, 000153.883, 165
Trd, 000154.867, 182
Trd, 000155.033, 180
Trd, 000155.350, 183
Trd, 000156.050, 178
Trd, 000156.683, 178
Trd, 000156.883, 179
Trd, 000157.917, 178
Trd, 000158.217, 169
Trd, 000159.483, 175
Trd, 000159.633, 180
Trd, 000160.317, 178
Trd, 000161.317, 176
Trd, 000161.400, 177
Trd, 000161.417, 174
Trd, 000162.417, 175
Trd, 000162.717, 178
Trd, 000162.800, 181
Trd, 000162.967, 172
Trd, 000164.683, 179
Trd, 000165.000, 171
Trd, 000165.900, 178
Trd, 000166.733, 179
Trd, 000167.933, 181
Trd, 000169.233, 176
Trd, 000169.850, 179
Trd, 000169.933, 181
Trd, 000170.133, 175
Trd, 000170.283, 173
Trd, 000170.533, 181
Trd, 000170.833, 178
Trd, 000171.533, 178
Trd, 000172.167, 178
Trd, 000174.333, 172
Trd, 000174.850, 175
Trd, 000175.017, 171
Trd, 000177.050, 173
Trd, 000177.600, 172
Trd, 000177.867, 174
Trd, 000177.967, 174
Trd, 000179.800, 174
Trd, 000180.633, 174
Trd, 000180.917, 175
Trd, 000182.033, 172
Trd, 000182.083, 174
Trd, 000182.533, 173
Trd, 000182.850, 174
Trd, 000183.167, 172
Trd, 000184.617, 174
Trd, 000185.133, 171
Trd, 000185.317, 175
Trd, 000185.467, 176
Trd, 000187.233, 174
Trd, 000187.317, 176
Trd, 000187.450, 181
Trd, 000189.200, 176
Trd, 000189.617, 174
Trd, 000189.783, 171
Trd, 000190.217, 175
Trd, 000191.800, 175
Trd, 000192.350, 181
Trd, 000192.833, 179
Trd, 000192.967, 181
Trd, 000193.150, 184
Trd, 000194.033, 184
Trd, 000194.067, 186
Trd, 000194.400, 178
Trd, 000195.450, 177
Trd, 000195.767, 174
Trd, 000195.950, 184
Trd, 000196.217, 170
Trd, 000197.550, 180
Trd, 000198.350, 170
Trd, 000198.567, 171
Trd, 000198.600, 180
Trd, 000198.783, 179
Trd, 000200.083, 181
Trd, 000200.350, 181
Trd, 000200.733, 182
Trd, 000201.383, 178
Trd, 000201.917, 183
Trd, 000201.933, 179
Trd, 000202.033, 185
Trd, 000202.283, 177
Trd, 000202.533, 186
Trd, 000202.867, 188
Trd, 000204.817, 179
Trd, 000204.883, 176
Trd, 000205.500, 184
Trd, 000205.900, 182
Trd, 000206.467, 179
Trd, 000206.867, 182
Trd, 000207.083, 184
Trd, 000208.417, 183
Trd, 000208.750, 182
Trd, 000209.683, 177
Trd, 000209.817, 176
Trd, 000210.500, 175
Trd, 000211.683, 174
Trd, 000211.867, 170
Trd, 000211.933, 174
Trd, 000212.200, 183
Trd, 000212.800, 186
Trd, 000212.867, 189
Trd, 000213.083, 180
Trd, 000213.367, 174
Trd, 000213.433, 165
Trd, 000214.650, 189
Trd, 000215.067, 187
Trd, 000215.167, 173
Trd, 000215.383, 169
Trd, 000216.917, 181
Trd, 000217.050, 181
Trd, 000217.567, 178
Trd, 000217.583, 172
Trd, 000220.133, 171
Trd, 000221.050, 175
Trd, 000221.200, 174
Trd, 000221.450, 177
Trd, 000221.867, 178
Trd, 000222.750, 184
Trd, 000222.850, 187
Trd, 000223.000, 180
Trd, 000224.017, 179
Trd, 000224.600, 187
Trd, 000224.650, 179
Trd, 000225.883, 178
Trd, 000225.983, 182
Trd, 000226.183, 178
Trd, 000227.550, 182
Trd, 000227.883, 178
Trd, 000228.083, 181
Trd, 000228.467, 177
Trd, 000229.050, 181
Trd, 000229.083, 182
Trd, 000229.100, 175
Trd, 000229.583, 178
Trd, 000230.467, 173
Trd, 000230.483, 185
Trd, 000230.833, 187
Trd, 000230.883, 188
Trd, 000231.283, 171
Trd, 000231.400, 191
Trd, 000232.400, 195
Trd, 000232.683, 195
Trd, 000232.750, 198
Trd, 000233.300, 173
Trd, 000234.167, 188
Trd, 000235.300, 184
Trd, 000235.617, 184
Trd, 000237.250, 185
Trd, 000237.817, 183
Trd, 000238.017, 179
Trd, 000238.333, 183
Trd, 000239.850, 182
Trd, 000240.150, 182
Trd, 000240.183, 181
Trd, 000240.383, 182
Trd, 000240.517, 180
Trd, 000241.033, 174
Trd, 000241.150, 177
Trd, 000241.417, 178
Trd, 000241.800, 180
Trd, 000242.333, 180
Trd, 000243.317, 179
Trd, 000243.450, 180
Trd, 000244.383, 179
Trd, 000244.867, 178
Trd, 000245.417, 180
Trd, 000245.633, 179
Trd, 000246.050, 177
Trd, 000246.533, 181
Trd, 000246.650, 182
Trd, 000246.950, 176
Trd, 000247.017, 183
Trd, 000247.617, 184
Trd, 000248.233, 178
Trd, 000248.250, 180
Trd, 000249.000, 175
Trd, 000249.217, 174
Trd, 000249.550, 159
Trd, 000249.667, 168
Trd, 000250.150, 167
Trd, 000250.850, 168
Trd, 000250.950, 169
Trd, 000252.067, 170
Trd, 000252.400, 170
Trd, 000252.867, 172
Trd, 000253.117, 170
Trd, 000253.133, 169
Trd, 000253.217, 173
Trd, 000253.717, 183
Trd, 000253.833, 188
Trd, 000253.950, 186
Trd, 000254.817, 181
Trd, 000254.867, 179
Trd, 000255.783, 187
Trd, 000256.717, 187
Trd, 000257.783, 184
Trd, 000258.083, 182
Trd, 000258.517, 183
Trd, 000258.800, 183
Trd, 000258.817, 187
Trd, 000259.517, 189
Trd, 000259.700, 189
Trd, 000259.717, 188
Trd, 000259.733, 182
Trd, 000260.233, 183
Trd, 000260.567, 190
Trd, 000260.700, 182
Trd, 000261.017, 185
Trd, 000261.950, 188
Trd, 000262.550, 185
Trd, 000262.583, 184
Trd, 000262.933, 184
Trd, 000263.767, 186
Trd, 000264.367, 182
Trd, 000264.483, 180
Trd, 000264.833, 179
Trd, 000264.917, 177
Trd, 000265.567, 176
Trd, 000265.633, 187
Trd, 000266.383, 177
Trd, 000266.683, 178
Trd, 000267.300, 174
Trd, 000267.683, 175
Trd, 000267.983, 172
Trd, 000268.283, 171
Trd, 000268.883, 174
Trd, 000268.950, 176
Trd, 000269.467, 172
Trd, 000269.900, 171
Trd, 000270.333, 173
Trd, 000270.467, 176
Trd, 000272.317, 179
Trd, 000272.633, 183
Trd, 000272.700, 178
Trd, 000273.083, 181
Trd, 000273.800, 185
Trd, 000273.867, 189
Trd, 000274.383, 182
Trd, 000274.900, 193
Trd, 000275.433, 185
Trd, 000275.583, 184
Trd, 000275.850, 193
Trd, 000276.300, 190
Trd, 000276.700, 185
Trd, 000277.367, 188
Trd, 000277.650, 181
Trd, 000278.183, 181
Trd, 000279.200, 186
Trd, 000279.350, 188
Trd, 000279.467, 186
Trd, 000280.350, 186
Trd, 000280.383, 180
Trd, 000280.733, 180
Trd, 000280.967, 184
Trd, 000281.017, 188
Trd, 000281.800, 184
Trd, 000282.183, 180
Trd, 000282.450, 186
Trd, 000282.467, 179
Trd, 000283.033, 192
Trd, 000283.817, 184
Trd, 000283.917, 193
Trd, 000284.083, 193
Trd, 000284.317, 194
Trd, 000284.817, 193
Trd, 000285.283, 189
Trd, 000285.817, 187
Trd, 000286.883, 187
Trd, 000286.900, 190
Trd, 000287.133, 187
Trd, 000287.250, 190
Trd, 000287.683, 182
Trd, 000287.883, 180
Trd, 000288.233, 188
Trd, 000288.350, 179
Trd, 000288.383, 184
Trd, 000288.433, 190
Trd, 000288.767, 197
Trd, 000288.950, 189
Trd, 000289.550, 188
Trd, 000290.583, 190
Trd, 000290.733, 189
Trd, 000291.550, 190
Trd, 000291.750, 192
Trd, 000292.917, 186
Trd, 000293.150, 193
Trd, 000293.933, 184
Trd, 000295.067, 190
Trd, 000295.100, 191
Trd, 000295.167, 187
Trd, 000295.550, 194
Trd, 000295.800, 185
Trd, 000296.400, 192
Trd, 000296.483, 191
Trd, 000296.667, 193
Trd, 000296.917, 189
Trd, 000297.083, 195
Trd, 000297.150, 182
Trd, 000297.383, 200
Trd, 000297.650, 180
Trd, 000298.167, 176
Trd, 000298.200, 174
Trd, 000298.633, 198
