Trd, 000001.217, 148
Trd, 000002.550, 162
Trd, 000003.783, 154
Trd, 000004.833, 147
Trd, 000005.150, 149
Trd, 000006.650, 151
Trd, 000006.667, 147
Trd, 000006.733, 136
Trd, 000007.250, 151
Trd, 000007.300, 139
Trd, 000008.250, 152
Trd, 000008.667, 152
Trd, 000009.650, 173
Trd, 000010.083, 151
Trd, 000010.183, 150
Trd, 000010.567, 151
Trd, 000010.850, 150
Trd, 000012.183, 151
Trd, 000012.200, 152
Trd, 000012.683, 149
Trd, 000013.350, 152
Trd, 000014.017, 151
Trd, 000014.650, 153
Trd, 000014.783, 151
Trd, 000015.800, 150
Trd, 000016.483, 150
Trd, 000016.667, 152
Trd, 000016.867, 163
Trd, 000017.567, 165
Trd, 000017.817, 165
Trd, 000018.600, 164
Trd, 000018.717, 173
Trd, 000018.767, 162
Trd, 000019.817, 158
Trd, 000021.183, 160
Trd, 000023.017, 161
Trd, 000023.117, 160
Trd, 000023.300, 159
Trd, 000023.533, 158
Trd, 000025.200, 160
Trd, 000025.267, 158
Trd, 000026.117, 157
Trd, 000026.633, 152
Trd, 000026.650, 150
Trd, 000027.067, 138
Trd, 000027.400, 147
Trd, 000027.467, 148
Trd, 000027.883, 154
Trd, 000029.067, 170
Trd, 000029.317, 167
Trd, 000029.483, 167
Trd, 000029.500, 165
Trd, 000030.533, 165
Trd, 000030.983, 167
Trd, 000031.683, 165
Trd, 000031.950, 167
Trd, 000032.567, 168
Trd, 000033.617, 154
Trd, 000033.967, 139
Trd, 000034.317, 155
Trd, 000034.533, 156
Trd, 000035.733, 158
Trd, 000036.083, 155
Trd, 000036.183, 153
Trd, 000036.583, 151
Trd, 000037.000, 157
Trd, 000038.100, 149
Trd, 000038.533, 149
Trd, 000039.883, 163
Trd, 000040.517, 155
Trd, 000040.600, 155
Trd, 000040.833, 154
Trd, 000042.317, 156
Trd, 000042.667, 156
Trd, 000042.750, 154
Trd, 000044.250, 153
Trd, 000044.733, 154
Trd, 000044.917, 152
Trd, 000045.000, 152
Trd, 000045.200, 155
Trd, 000045.350, 153
Trd, 000045.933, 156
Trd, 000046.083, 141
Trd, 000047.967, 151
Trd, 000048.367, 154
Trd, 000048.433, 150
Trd, 000049.183, 155
Trd, 000050.267, 154
Trd, 000050.550, 156
Trd, 000050.883, 154
Trd, 000050.933, 156
Trd, 000051.667, 154
Trd, 000052.317, 169
Trd, 000052.433, 155
Trd, 000053.067, 166
Trd, 000053.400, 153
Trd, 000053.550, 156
Trd, 000055.217, 158
Trd, 000055.433, 158
Trd, 000056.050, 157
Trd, 000057.033, 169
Trd, 000057.750, 158
Trd, 000057.983, 140
Trd, 000058.283, 166
Trd, 000058.600, 165
Trd, 000059.167, 155
Trd, 000060.133, 177
Trd, 000061.233, 171
Trd, 000062.417, 173
Trd, 000062.483, 168
Trd, 000063.917, 161
Trd, 000063.983, 160
Trd, 000064.650, 156
Trd, 000064.733, 143
Trd, 000065.367, 165
Trd, 000066.683, 162
Trd, 000066.817, 160
Trd, 000067.717, 158
Trd, 000068.100, 159
Trd, 000068.133, 154
Trd, 000069.117, 159
Trd, 000069.250, 160
Trd, 000069.867, 155
Trd, 000070.283, 158
Trd, 000070.567, 159
Trd, 000071.083, 159
Trd, 000071.400, 156
Trd, 000071.900, 156
Trd, 000072.100, 155
Trd, 000072.850, 150
Trd, 000073.100, 145
Trd, 000073.300, 151
Trd, 000073.367, 158
Trd, 000074.400, 154
Trd, 000075.450, 158
Trd, 000075.650, 154
Trd, 000076.717, 166
Trd, 000077.117, 169
Trd, 000078.533, 167
Trd, 000078.850, 167
Trd, 000079.200, 168
Trd, 000079.667, 160
Trd, 000079.700, 171
Trd, 000080.233, 164
Trd, 000080.600, 168
Trd, 000082.100, 158
Trd, 000082.433, 159
Trd, 000083.867, 159
Trd, 000083.967, 159
Trd, 000084.100, 143
Trd, 000084.350, 156
Trd, 000084.500, 162
Trd, 000085.483, 165
Trd, 000085.767, 158
Trd, 000086.183, 170
Trd, 000087.267, 159
Trd, 000087.500, 159
Trd, 000089.317, 161
Trd, 000089.917, 168
Trd, 000090.333, 162
Trd, 000091.783, 164
Trd, 000092.283, 165
Trd, 000092.433, 163
Trd, 000092.533, 167
Trd, 000092.567, 170
Trd, 000093.367, 165
Trd, 000093.783, 166
Trd, 000094.083, 168
Trd, 000094.967, 170
Trd, 000095.033, 169
Trd, 000095.333, 169
Trd, 000095.750, 171
Trd, 000096.717, 172
Trd, 000096.750, 181
Trd, 000097.117, 158
Trd, 000097.650, 157
Trd, 000097.700, 149
Trd, 000098.250, 156
Trd, 000099.033, 157
Trd, 000099.550, 166
Trd, 000101.817, 159
Trd, 000102.717, 164
Trd, 000103.000, 164
Trd, 000103.550, 164
Trd, 000103.950, 163
Trd, 000104.233, 167
Trd, 000104.533, 162
Trd, 000106.017, 177
Trd, 000106.683, 162
Trd, 000106.867, 161
Trd, 000107.233, 160
Trd, 000107.617, 159
Trd, 000107.683, 158
Trd, 000109.483, 161
Trd, 000109.600, 159
Trd, 000110.183, 162
Trd, 000110.517, 161
Trd, 000111.700, 162
Trd, 000111.817, 161
Trd, 000111.917, 164
Trd, 000112.150, 159
Trd, 000112.667, 159
Trd, 000113.683, 164
Trd, 000115.067, 165
Trd, 000115.867, 164
Trd, 000116.267, 166
Trd, 000116.333, 162
Trd, 000116.750, 172
Trd, 000116.967, 161
Trd, 000117.617, 183
Trd, 000118.250, 174
Trd, 000120.117, 177
Trd, 000120.150, 174
Trd, 000121.450, 163
Trd, 000122.200, 173
Trd, 000122.400, 166
Trd, 000122.733, 162
Trd, 000123.767, 162
Trd, 000124.250, 162
Trd, 000125.150, 164
Trd, 000125.600, 163
Trd, 000125.767, 163
Trd, 000126.400, 161
Trd, 000127.333, 167
Trd, 000127.500, 185
Trd, 000128.383, 192
Trd, 000129.067, 165
Trd, 000129.767, 162
Trd, 000130.167, 161
Trd, 000130.850, 164
Trd, 000131.533, 167
Trd, 000131.633, 165
Trd, 000131.850, 168
Trd, 000132.450, 165
Trd, 000132.683, 164
Trd, 000132.900, 167
Trd, 000133.583, 173
Trd, 000134.933, 165
Trd, 000135.300, 165
Trd, 000135.783, 165
Trd, 000135.800, 166
Trd, 000136.067, 166
Trd, 000136.783, 165
Trd, 000137.300, 165
Trd, 000138.217, 164
Trd, 000138.567, 162
Trd, 000139.600, 166
Trd, 000140.083, 166
Trd, 000141.000, 165
Trd, 000141.417, 164
Trd, 000142.283, 164
Trd, 000142.417, 163
Trd, 000142.900, 167
Trd, 000144.083, 165
Trd, 000145.717, 165
Trd, 000146.083, 164
Trd, 000146.150, 173
Trd, 000146.183, 165
Trd, 000147.050, 164
Trd, 000147.233, 163
Trd, 000148.350, 167
Trd, 000148.400, 169
Trd, 000148.667, 170
Trd, 000148.867, 166
Trd, 000149.617, 167
Trd, 000150.233, 167
Trd, 000151.350, 169
Trd, 000152.300, 170
Trd, 000152.817, 167
Trd, 000153.433, 167
Trd, 000153.933, 185
Trd, 000154.317, 179
Trd, 000154.617, 177
Trd, 000155.683, 173
Trd, 000157.167, 165
Trd, 000157.833, 165
Trd, 000159.333, 167
Trd, 000159.500, 167
Trd, 000159.583, 164
Trd, 000160.267, 169
Trd, 000160.283, 170
Trd, 000160.417, 165
Trd, 000160.950, 169
Trd, 000161.233, 171
Trd, 000162.333, 165
Trd, 000162.783, 178
Trd, 000163.167, 172
Trd, 000163.800, 174
Trd, 000164.683, 173
Trd, 000165.450, 180
Trd, 000165.583, 179
Trd, 000166.183, 171
Trd, 000166.967, 167
Trd, 000168.600, 171
Trd, 000168.883, 165
Trd, 000168.900, 143
Trd, 000169.000, 174
Trd, 000170.817, 171
Trd, 000171.283, 168
Trd, 000171.383, 160
Trd, 000171.450, 159
Trd, 000172.383, 167
Trd, 000172.633, 168
Trd, 000173.350, 163
Trd, 000174.200, 168
Trd, 000174.217, 167
Trd, 000174.683, 166
Trd, 000174.767, 168
Trd, 000174.883, 165
Trd, 000175.200, 154
Trd, 000177.667, 172
Trd, 000178.850, 168
Trd, 000179.033, 169
Trd, 000179.250, 166
Trd, 000179.717, 165
Trd, 000179.800, 169
Trd, 000180.467, 170
Trd, 000181.350, 169
Trd, 000181.433, 167
Trd, 000181.600, 169
Trd, 000182.017, 168
Trd, 000182.667, 170
Trd, 000183.700, 169
Trd, 000184.817, 170
Trd, 000184.833, 168
Trd, 000185.883, 168
Trd, 000186.950, 170
Trd, 000187.283, 168
Trd, 000187.700, 168
Trd, 000188.467, 168
Trd, 000188.517, 167
Trd, 000189.133, 167
Trd, 000189.150, 166
Trd, 000189.667, 168
Trd, 000190.917, 170
Trd, 000191.183, 189
Trd, 000191.600, 188
Trd, 000193.183, 181
Trd, 000193.550, 169
Trd, 000193.617, 182
Trd, 000193.750, 183
Trd, 000194.417, 173
Trd, 000194.583, 181
Trd, 000195.600, 185
Trd, 000195.683, 184
Trd, 000195.950, 184
Trd, 000196.133, 183
Trd, 000196.883, 169
Trd, 000196.933, 179
Trd, 000197.733, 171
Trd, 000199.417, 182
Trd, 000199.867, 183
Trd, 000200.883, 176
Trd, 000202.283, 175
Trd, 000203.867, 181
Trd, 000203.933, 180
Trd, 000203.967, 179
Trd, 000204.200, 177
Trd, 000204.417, 183
Trd, 000204.883, 182
Trd, 000205.367, 170
Trd, 000206.350, 171
Trd, 000206.683, 176
Trd, 000207.550, 193
Trd, 000207.667, 184
Trd, 000208.033, 186
Trd, 000208.100, 183
Trd, 000208.317, 173
Trd, 000208.783, 171
Trd, 000208.800, 172
Trd, 000209.500, 170
Trd, 000210.233, 170
Trd, 000210.700, 169
Trd, 000210.800, 172
Trd, 000210.967, 178
Trd, 000211.950, 168
Trd, 000212.133, 193
Trd, 000214.200, 183
Trd, 000214.350, 178
Trd, 000215.167, 182
Trd, 000215.517, 175
Trd, 000215.950, 172
Trd, 000217.917, 175
Trd, 000218.000, 178
Trd, 000218.600, 174
Trd, 000219.517, 176
Trd, 000219.900, 172
Trd, 000220.450, 171
Trd, 000221.117, 174
Trd, 000221.167, 161
Trd, 000221.967, 171
Trd, 000222.633, 172
Trd, 000222.800, 170
Trd, 000223.633, 158
Trd, 000223.983, 165
Trd, 000224.117, 169
Trd, 000224.383, 170
Trd, 000225.100, 163
Trd, 000225.183, 173
Trd, 000225.550, 181
Trd, 000226.117, 170
Trd, 000227.133, 171
Trd, 000227.267, 172
Trd, 000227.667, 173
Trd, 000228.917, 172
Trd, 000229.950, 175
Trd, 000230.017, 175
Trd, 000230.250, 195
Trd, 000230.800, 174
Trd, 000230.883, 171
Trd, 000231.300, 169
Trd, 000232.017, 197
Trd, 000232.250, 162
Trd, 000232.650, 163
Trd, 000233.117, 162
Trd, 000233.133, 174
Trd, 000234.267, 160
Trd, 000235.317, 162
Trd, 000236.550, 163
Trd, 000236.700, 175
Trd, 000236.733, 151
Trd, 000237.317, 173
Trd, 000237.667, 166
Trd, 000238.667, 163
Trd, 000239.650, 170
Trd, 000240.000, 171
Trd, 000240.633, 170
Trd, 000240.983, 172
Trd, 000241.150, 173
Trd, 000242.033, 175
Trd, 000242.183, 179
Trd, 000242.617, 177
Trd, 000242.867, 175
Trd, 000243.483, 192
Trd, 000243.833, 190
Trd, 000244.167, 192
Trd, 000244.700, 192
Trd, 000245.000, 191
Trd, 000245.183, 190
Trd, 000246.150, 191
Trd, 000246.283, 190
Trd, 000246.417, 189
Trd, 000247.200, 188
Trd, 000247.283, 188
Trd, 000247.700, 187
Trd, 000248.650, 181
Trd, 000249.033, 183
Trd, 000249.167, 178
Trd, 000249.933, 181
Trd, 000250.483, 178
Trd, 000251.067, 178
Trd, 000251.133, 177
Trd, 000251.317, 178
Trd, 000251.417, 175
Trd, 000251.983, 173
Trd, 000253.950, 175
Trd, 000254.117, 172
Trd, 000254.283, 164
Trd, 000254.317, 180
Trd, 000255.217, 167
Trd, 000255.950, 193
Trd, 000255.967, 187
Trd, 000256.367, 191
Trd, 000256.400, 174
Trd, 000256.917, 176
Trd, 000257.183, 174
Trd, 000257.667, 177
Trd, 000257.717, 184
Trd, 000258.100, 176
Trd, 000258.217, 188
Trd, 000259.117, 184
Trd, 000259.300, 184
Trd, 000259.883, 187
Trd, 000260.000, 191
Trd, 000260.317, 183
Trd, 000260.667, 176
Trd, 000261.167, 157
Trd, 000261.217, 173
Trd, 000261.433, 173
Trd, 000261.717, 170
Trd, 000262.950, 189
Trd, 000263.833, 185
Trd, 000264.583, 184
Trd, 000264.733, 190
Trd, 000265.067, 189
Trd, 000265.167, 186
Trd, 000265.250, 194
Trd, 000265.300, 182
Trd, 000266.367, 182
Trd, 000266.867, 181
Trd, 000266.950, 179
Trd, 000267.283, 180
Trd, 000267.500, 183
Trd, 000269.083, 183
Trd, 000269.133, 186
Trd, 000269.450, 190
Trd, 000269.567, 189
Trd, 000270.233, 194
Trd, 000270.317, 191
Trd, 000270.467, 195
Trd, 000270.950, 197
Trd, 000272.050, 192
Trd, 000272.717, 191
Trd, 000273.000, 182
Trd, 000273.100, 183
Trd, 000273.417, 176
Trd, 000273.517, 183
Trd, 000274.300, 183
Trd, 000274.450, 182
Trd, 000274.900, 183
Trd, 000275.967, 184
Trd, 000276.033, 183
Trd, 000276.267, 183
Trd, 000277.367, 179
Trd, 000277.550, 178
Trd, 000277.617, 175
Trd, 000278.067, 173
Trd, 000278.867, 176
Trd, 000279.150, 177
Trd, 000279.167, 167
Trd, 000279.350, 172
Trd, 000279.850, 179
Trd, 000280.533, 183
Trd, 000282.167, 183
Trd, 000282.300, 185
Trd, 000282.600, 180
Trd, 000282.900, 180
Trd, 000283.567, 164
Trd, 000283.933, 182
Trd, 000284.517, 175
Trd, 000284.700, 174
Trd, 000285.033, 176
Trd, 000285.267, 179
Trd, 000285.517, 176
Trd, 000286.383, 183
Trd, 000288.017, 179
Trd, 000288.133, 181
Trd, 000288.967, 193
Trd, 000289.100, 192
Trd, 000289.567, 191
Trd, 000289.617, 187
Trd, 000291.133, 184
Trd, 000291.217, 194
Trd, 000291.633, 180
Trd, 000291.700, 184
Trd, 000292.167, 191
Trd, 000292.533, 197
Trd, 000292.667, 179
Trd, 000293.000, 177
Trd, 000293.767, 180
Trd, 000293.800, 189
Trd, 000293.817, 192
Trd, 000294.050, 178
Trd, 000294.950, 204
Trd, 000295.700, 194
Trd, 000295.883, 185
Trd, 000296.117, 186
Trd, 000296.717, 185
Trd, 000297.300, 181
Trd, 000297.550, 180
Trd, 000297.717, 179
Trd, 000298.267, 181
Trd, 000299.117, 180
Trd, 000299.333, 180
