Trd, 000002.750, 200
Trd, 000003.117, 178
Trd, 000003.250, 175
Trd, 000003.300, 174
Trd, 000003.583, 162
Trd, 000004.317, 172
Trd, 000004.667, 170
Trd, 000005.067, 165
Trd, 000005.417, 165
Trd, 000005.950, 176
Trd, 000006.133, 172
Trd, 000006.383, 163
Trd, 000007.950, 162
Trd, 000008.433, 159
Trd, 000009.383, 156
Trd, 000009.700, 172
Trd, 000009.817, 173
Trd, 000010.483, 174
Trd, 000010.917, 173
Trd, 000011.150, 169
Trd, 000011.400, 163
Trd, 000012.050, 176
Trd, 000012.500, 159
Trd, 000012.950, 173
Trd, 000013.250, 160
Trd, 000013.483, 162
Trd, 000013.833, 165
Trd, 000014.250, 166
Trd, 000014.850, 171
Trd, 000014.900, 159
Trd, 000015.533, 160
Trd, 000015.733, 156
Trd, 000015.900, 141
Trd, 000016.550, 146
Trd, 000016.583, 160
Trd, 000017.683, 160
Trd, 000018.400, 150
Trd, 000018.450, 169
Trd, 000018.733, 151
Trd, 000020.033, 164
Trd, 000020.583, 164
Trd, 000020.850, 154
Trd, 000021.333, 161
Trd, 000021.600, 160
Trd, 000022.150, 160
Trd, 000022.450, 161
Trd, 000022.800, 159
Trd, 000022.850, 161
Trd, 000022.867, 160
Trd, 000024.333, 170
Trd, 000024.450, 160
Trd, 000024.750, 142
Trd, 000025.650, 171
Trd, 000026.267, 157
Trd, 000026.533, 158
Trd, 000027.217, 157
Trd, 000027.400, 159
Trd, 000027.517, 161
Trd, 000027.817, 164
Trd, 000028.250, 175
Trd, 000028.450, 158
Trd, 000030.317, 149
Trd, 000030.983, 150
Trd, 000031.483, 150
Trd, 000031.783, 151
Trd, 000032.583, 162
Trd, 000033.550, 165
Trd, 000034.200, 175
Trd, 000034.333, 175
Trd, 000034.583, 167
Trd, 000034.700, 161
Trd, 000034.800, 161
Trd, 000035.517, 158
Trd, 000035.933, 172
Trd, 000036.983, 158
Trd, 000037.700, 138
Trd, 000038.300, 146
Trd, 000038.483, 147
Trd, 000038.650, 148
Trd, 000038.717, 148
Trd, 000039.333, 164
Trd, 000039.550, 151
Trd, 000040.167, 145
Trd, 000040.750, 162
Trd, 000041.133, 160
Trd, 000041.267, 162
Trd, 000041.767, 154
Trd, 000043.100, 161
Trd, 000043.267, 174
Trd, 000043.483, 155
Trd, 000043.617, 167
Trd, 000043.767, 174
Trd, 000044.683, 156
Trd, 000045.117, 159
Trd, 000046.100, 160
Trd, 000046.167, 158
Trd, 000046.233, 156
Trd, 000046.617, 162
Trd, 000047.817, 156
Trd, 000047.900, 164
Trd, 000048.033, 144
Trd, 000048.583, 163
Trd, 000048.917, 164
Trd, 000049.733, 153
Trd, 000050.400, 155
Trd, 000050.767, 157
Trd, 000051.867, 157
Trd, 000053.050, 152
Trd, 000053.767, 148
Trd, 000053.967, 149
Trd, 000054.033, 149
Trd, 000054.550, 149
Trd, 000054.883, 153
Trd, 000055.083, 150
Trd, 000055.217, 147
Trd, 000056.000, 155
Trd, 000056.500, 150
Trd, 000057.200, 153
Trd, 000057.250, 154
Trd, 000057.883, 157
Trd, 000058.067, 160
Trd, 000058.167, 152
Trd, 000058.667, 163
Trd, 000058.950, 154
Trd, 000059.067, 153
Trd, 000059.833, 167
Trd, 000059.883, 164
Trd, 000060.633, 153
Trd, 000061.367, 174
Trd, 000062.150, 154
Trd, 000062.783, 164
Trd, 000062.950, 165
Trd, 000062.967, 150
Trd, 000063.067, 178
Trd, 000063.800, 139
Trd, 000064.800, 159
Trd, 000065.250, 151
Trd, 000065.367, 156
Trd, 000065.550, 151
Trd, 000065.900, 161
Trd, 000066.733, 151
Trd, 000066.767, 155
Trd, 000066.917, 153
Trd, 000067.000, 165
Trd, 000067.450, 152
Trd, 000067.667, 165
Trd, 000068.433, 168
Trd, 000068.467, 167
Trd, 000069.383, 169
Trd, 000069.717, 168
Trd, 000069.783, 168
Trd, 000071.750, 162
Trd, 000071.817, 165
Trd, 000072.033, 165
Trd, 000072.483, 162
Trd, 000072.933, 162
Trd, 000072.983, 165
Trd, 000073.400, 167
Trd, 000074.700, 161
Trd, 000074.733, 161
Trd, 000075.350, 161
Trd, 000075.667, 167
Trd, 000076.200, 179
Trd, 000076.283, 161
Trd, 000077.033, 161
Trd, 000077.600, 160
Trd, 000077.800, 156
Trd, 000078.533, 161
Trd, 000079.100, 162
Trd, 000079.717, 160
Trd, 000079.967, 161
Trd, 000079.983, 160
Trd, 000080.233, 160
Trd, 000081.000, 181
Trd, 000081.017, 180
Trd, 000082.150, 166
Trd, 000082.600, 172
Trd, 000082.750, 173
Trd, 000083.617, 156
Trd, 000084.283, 163
Trd, 000084.767, 159
Trd, 000084.883, 162
Trd, 000084.917, 151
Trd, 000086.333, 157
Trd, 000086.400, 164
Trd, 000086.783, 161
Trd, 000086.983, 164
Trd, 000087.500, 172
Trd, 000087.550, 160
Trd, 000088.150, 153
Trd, 000088.333, 166
Trd, 000089.217, 158
Trd, 000089.867, 157
Trd, 000090.067, 162
Trd, 000091.267, 160
Trd, 000092.083, 159
Trd, 000092.433, 159
Trd, 000092.517, 162
Trd, 000092.917, 159
Trd, 000093.283, 158
Trd, 000093.750, 161
Trd, 000093.967, 164
Trd, 000094.983, 165
Trd, 000095.350, 161
Trd, 000095.583, 161
Trd, 000095.700, 157
Trd, 000096.817, 159
Trd, 000097.000, 155
Trd, 000097.017, 167
Trd, 000097.600, 170
Trd, 000098.033, 155
Trd, 000098.967, 158
Trd, 000099.083, 158
Trd, 000099.367, 164
Trd, 000100.900, 164
Trd, 000101.067, 165
Trd, 000101.133, 168
Trd, 000101.350, 151
Trd, 000101.567, 174
Trd, 000101.917, 168
Trd, 000102.183, 185
Trd, 000102.533, 192
Trd, 000102.683, 155
Trd, 000103.217, 186
Trd, 000104.233, 161
Trd, 000104.300, 168
Trd, 000105.950, 162
Trd, 000106.233, 164
Trd, 000107.100, 163
Trd, 000108.383, 166
Trd, 000109.250, 167
Trd, 000109.350, 169
Trd, 000109.883, 167
Trd, 000109.900, 166
Trd, 000110.017, 183
Trd, 000110.717, 177
Trd, 000110.867, 177
Trd, 000111.000, 173
Trd, 000111.267, 172
Trd, 000111.767, 180
Trd, 000112.000, 166
Trd, 000112.517, 169
Trd, 000113.500, 179
Trd, 000114.050, 178
Trd, 000114.267, 180
Trd, 000114.383, 179
Trd, 000114.483, 179
Trd, 000115.300, 170
Trd, 000115.833, 170
Trd, 000116.050, 183
Trd, 000116.800, 175
Trd, 000117.200, 180
Trd, 000117.450, 173
Trd, 000117.483, 173
Trd, 000118.817, 170
Trd, 000120.350, 169
Trd, 000120.500, 171
Trd, 000120.833, 169
Trd, 000121.100, 169
Trd, 000121.633, 169
Trd, 000122.433, 169
Trd, 000123.250, 170
Trd, 000124.133, 170
Trd, 000125.033, 170
Trd, 000125.250, 170
Trd, 000125.367, 169
Trd, 000125.633, 171
Trd, 000125.850, 174
Trd, 000125.917, 167
Trd, 000126.083, 187
Trd, 000126.367, 167
Trd, 000127.717, 174
Trd, 000127.750, 172
Trd, 000128.083, 171
Trd, 000128.167, 179
Trd, 000128.983, 182
Trd, 000129.133, 180
Trd, 000129.450, 176
Trd, 000130.017, 180
Trd, 000130.133, 168
Trd, 000130.150, 181
Trd, 000131.200, 175
Trd, 000132.750, 161
Trd, 000133.833, 165
Trd, 000134.317, 157
Trd, 000134.450, 168
Trd, 000135.067, 156
Trd, 000135.117, 165
Trd, 000135.483, 157
Trd, 000135.700, 165
Trd, 000135.850, 166
Trd, 000136.467, 156
Trd, 000136.683, 184
Trd, 000138.433, 183
Trd, 000138.667, 175
Trd, 000138.950, 186
Trd, 000140.117, 184
Trd, 000140.833, 162
Trd, 000141.133, 167
Trd, 000141.233, 167
Trd, 000141.833, 173
Trd, 000142.033, 173
Trd, 000142.333, 188
Trd, 000142.700, 179
Trd, 000142.733, 188
Trd, 000143.233, 174
Trd, 000144.267, 173
Trd, 000144.533, 185
Trd, 000144.600, 174
Trd, 000144.950, 182
Trd, 000145.700, 175
Trd, 000145.883, 186
Trd, 000146.067, 172
Trd, 000146.500, 172
Trd, 000146.767, 187
Trd, 000146.967, 170
Trd, 000148.100, 194
Trd, 000148.483, 192
Trd, 000149.117, 188
Trd, 000149.150, 186
Trd, 000149.333, 177
Trd, 000149.667, 187
Trd, 000150.517, 193
Trd, 000150.867, 170
Trd, 000151.817, 172
Trd, 000152.183, 172
Trd, 000152.717, 172
Trd, 000152.783, 173
Trd, 000152.950, 181
Trd, 000154.217, 173
Trd, 000154.417, 179
Trd, 000155.333, 174
Trd, 000155.433, 179
Trd, 000157.150, 176
Trd, 000157.617, 177
Trd, 000158.517, 175
Trd, 000158.667, 178
Trd, 000158.967, 178
Trd, 000159.150, 180
Trd, 000159.217, 186
Trd, 000159.350, 174
Trd, 000160.283, 177
Trd, 000160.833, 186
Trd, 000161.217, 176
Trd, 000161.417, 188
Trd, 000161.583, 161
Trd, 000162.300, 184
Trd, 000162.517, 166
Trd, 000162.650, 166
Trd, 000163.217, 174
Trd, 000165.933, 173
Trd, 000166.183, 174
Trd, 000166.233, 174
Trd, 000166.267, 175
Trd, 000166.350, 182
Trd, 000166.750, 171
Trd, 000166.850, 183
Trd, 000167.083, 191
Trd, 000167.667, 161
Trd, 000168.117, 171
Trd, 000168.867, 172
Trd, 000169.917, 170
Trd, 000170.150, 170
Trd, 000170.783, 168
Trd, 000170.817, 167
Trd, 000171.417, 168
Trd, 000171.983, 174
Trd, 000172.183, 175
Trd, 000172.367, 188
Trd, 000172.633, 168
Trd, 000173.383, 171
Trd, 000174.417, 172
Trd, 000174.450, 171
Trd, 000174.567, 179
Trd, 000175.533, 174
Trd, 000175.783, 171
Trd, 000176.300, 171
Trd, 000177.833, 172
Trd, 000177.983, 169
Trd, 000178.133, 173
Trd, 000178.483, 173
Trd, 000178.850, 173
Trd, 000180.133, 165
Trd, 000180.833, 166
Trd, 000181.283, 165
Trd, 000181.950, 168
Trd, 000182.117, 176
Trd, 000182.450, 167
Trd, 000183.183, 166
Trd, 000183.933, 176
Trd, 000183.983, 167
Trd, 000185.500, 180
Trd, 000185.967, 178
Trd, 000186.167, 178
Trd, 000186.367, 176
Trd, 000187.000, 176
Trd, 000187.483, 176
Trd, 000188.133, 175
Trd, 000188.617, 174
Trd, 000188.700, 177
Trd, 000189.733, 178
Trd, 000189.767, 179
Trd, 000190.000, 178
Trd, 000190.617, 190
Trd, 000191.600, 182
Trd, 000191.750, 179
Trd, 000191.833, 179
Trd, 000192.000, 177
Trd, 000192.717, 174
Trd, 000193.600, 171
Trd, 000193.800, 176
Trd, 000194.633, 167
Trd, 000195.033, 170
Trd, 000195.200, 171
Trd, 000195.767, 175
Trd, 000196.900, 191
Trd, 000197.250, 201
Trd, 000198.900, 197
Trd, 000199.633, 190
Trd, 000200.033, 196
Trd, 000200.117, 192
Trd, 000200.283, 189
Trd, 000200.300, 188
Trd, 000200.700, 186
Trd, 000201.783, 192
Trd, 000202.383, 192
Trd, 000202.667, 189
Trd, 000203.450, 192
Trd, 000204.117, 187
Trd, 000204.183, 184
Trd, 000204.633, 184
Trd, 000204.700, 182
Trd, 000206.100, 179
Trd, 000206.650, 186
Trd, 000206.683, 179
Trd, 000206.783, 195
Trd, 000207.667, 181
Trd, 000208.950, 180
Trd, 000209.117, 180
Trd, 000209.133, 181
Trd, 000209.200, 179
Trd, 000209.217, 182
Trd, 000209.667, 175
Trd, 000211.450, 169
Trd, 000211.967, 172
Trd, 000212.067, 179
Trd, 000212.483, 170
Trd, 000212.600, 173
Trd, 000212.883, 191
Trd, 000213.067, 190
Trd, 000213.850, 170
Trd, 000214.700, 178
Trd, 000214.750, 179
Trd, 000215.383, 180
Trd, 000216.433, 185
Trd, 000216.917, 184
Trd, 000217.817, 187
Trd, 000217.867, 180
Trd, 000218.967, 181
Trd, 000219.117, 194
Trd, 000219.450, 195
Trd, 000219.567, 180
Trd, 000220.867, 183
Trd, 000221.050, 191
Trd, 000221.783, 189
Trd, 000222.050, 191
Trd, 000222.450, 195
Trd, 000222.517, 196
Trd, 000222.617, 187
Trd, 000223.000, 185
Trd, 000223.733, 193
Trd, 000224.083, 184
Trd, 000224.100, 168
Trd, 000225.167, 177
Trd, 000225.450, 172
Trd, 000226.400, 169
Trd, 000226.717, 177
Trd, 000227.800, 168
Trd, 000228.350, 168
Trd, 000229.033, 177
Trd, 000229.483, 177
Trd, 000229.517, 179
Trd, 000229.567, 181
Trd, 000229.917, 175
Trd, 000230.667, 180
Trd, 000230.800, 179
Trd, 000231.350, 195
Trd, 000232.150, 180
Trd, 000232.717, 183
Trd, 000233.150, 181
Trd, 000233.200, 184
Trd, 000234.650, 165
Trd, 000235.133, 180
Trd, 000235.150, 181
Trd, 000235.300, 167
Trd, 000236.067, 164
Trd, 000236.550, 171
Trd, 000237.133, 171
Trd, 000237.333, 181
Trd, 000237.917, 196
Trd, 000238.300, 170
Trd, 000239.333, 182
Trd, 000239.783, 170
Trd, 000240.367, 174
Trd, 000240.883, 183
Trd, 000241.483, 183
Trd, 000241.817, 173
Trd, 000243.167, 175
Trd, 000243.567, 176
Trd, 000243.867, 172
Trd, 000244.167, 176
Trd, 000244.350, 179
Trd, 000244.817, 173
Trd, 000246.567, 178
Trd, 000246.650, 179
Trd, 000246.933, 179
Trd, 000247.000, 180
Trd, 000247.050, 182
Trd, 000247.083, 174
Trd, 000247.600, 175
Trd, 000247.733, 174
Trd, 000248.600, 173
Trd, 000249.283, 172
Trd, 000249.367, 179
Trd, 000249.617, 180
Trd, 000250.267, 172
Trd, 000250.350, 182
Trd, 000251.283, 176
Trd, 000251.533, 167
Trd, 000251.900, 171
Trd, 000252.350, 173
Trd, 000253.667, 172
Trd, 000253.850, 174
Trd, 000254.083, 173
Trd, 000254.583, 174
Trd, 000254.933, 175
Trd, 000255.317, 180
Trd, 000255.383, 179
Trd, 000255.433, 183
Trd, 000255.817, 174
Trd, 000256.450, 197
Trd, 000257.400, 174
Trd, 000257.850, 184
Trd, 000258.533, 170
Trd, 000258.833, 175
Trd, 000259.483, 166
Trd, 000259.967, 172
Trd, 000260.217, 173
Trd, 000260.467, 173
Trd, 000261.417, 175
Trd, 000262.250, 174
Trd, 000262.717, 174
Trd, 000262.733, 172
Trd, 000264.167, 181
Trd, 000264.417, 177
Trd, 000264.850, 178
Trd, 000265.233, 180
Trd, 000265.700, 184
Trd, 000266.167, 185
Trd, 000266.533, 182
Trd, 000266.633, 183
Trd, 000267.583, 182
Trd, 000267.917, 182
Trd, 000267.933, 180
Trd, 000268.100, 177
Trd, 000269.050, 175
Trd, 000269.167, 169
Trd, 000269.183, 168
Trd, 000269.400, 172
Trd, 000269.750, 164
Trd, 000270.183, 173
Trd, 000271.017, 175
Trd, 000271.633, 178
Trd, 000271.783, 184
Trd, 000272.250, 177
Trd, 000272.767, 183
Trd, 000273.067, 185
Trd, 000273.933, 181
Trd, 000274.050, 192
Trd, 000274.450, 179
Trd, 000274.483, 192
Trd, 000274.633, 187
Trd, 000274.733, 185
Trd, 000275.700, 182
Trd, 000276.300, 192
Trd, 000276.650, 193
Trd, 000276.950, 187
Trd, 000277.583, 186
Trd, 000279.200, 185
Trd, 000279.367, 183
Trd, 000279.667, 182
Trd, 000280.167, 186
Trd, 000280.750, 183
Trd, 000280.767, 182
Trd, 000281.300, 182
Trd, 000281.400, 186
Trd, 000282.050, 183
Trd, 000283.250, 183
Trd, 000283.600, 182
Trd, 000283.617, 183
Trd, 000283.983, 181
Trd, 000284.300, 181
Trd, 000284.383, 166
Trd, 000284.733, 172
Trd, 000284.767, 176
Trd, 000285.700, 179
Trd, 000285.950, 184
Trd, 000285.967, 186
Trd, 000287.383, 193
Trd, 000287.933, 187
Trd, 000288.417, 193
Trd, 000289.100, 187
Trd, 000289.267, 194
Trd, 000289.883, 195
Trd, 000290.333, 187
Trd, 000290.400, 193
Trd, 000290.450, 195
Trd, 000290.800, 185
Trd, 000290.867, 185
Trd, 000290.900, 189
Trd, 000291.633, 197
Trd, 000292.350, 190
Trd, 000292.750, 190
Trd, 000293.050, 185
Trd, 000293.200, 184
Trd, 000293.483, 184
Trd, 000294.083, 170
Trd, 000295.017, 173
Trd, 000295.367, 167
Trd, 000296.017, 168
Trd, 000296.100, 167
Trd, 000296.350, 171
Trd, 000296.400, 178
Trd, 000297.067, 182
Trd, 000297.150, 181
Trd, 000297.633, 191
Trd, 000298.017, 194
Trd, 000298.183, 188
Trd, 000298.350, 187
Trd, 000299.583, 188
Trd, 000299.617, 186
Trd, 000299.633, 202
Trd, 000299.950, 198
