Trd, 000002.283, 134
Trd, 000003.000, 162
Trd, 000003.050, 142
Trd, 000003.317, 155
Trd, 000003.850, 162
Trd, 000003.883, 163
Trd, 000004.017, 150
Trd, 000004.300, 141
Trd, 000005.200, 149
Trd, 000006.217, 154
Trd, 000006.317, 155
Trd, 000006.967, 157
Trd, 000008.167, 155
Trd, 000008.533, 157
Trd, 000008.750, 151
Trd, 000008.767, 149
Trd, 000010.383, 157
Trd, 000010.817, 160
Trd, 000010.933, 163
Trd, 000011.833, 163
Trd, 000012.000, 160
Trd, 000012.200, 168
Trd, 000013.967, 162
Trd, 000014.050, 161
Trd, 000014.733, 161
Trd, 000014.833, 158
Trd, 000015.933, 158
Trd, 000016.017, 161
Trd, 000016.133, 161
Trd, 000016.933, 160
Trd, 000017.067, 162
Trd, 000017.233, 159
Trd, 000018.117, 158
Trd, 000018.750, 159
Trd, 000019.350, 162
Trd, 000020.483, 161
Trd, 000020.567, 163
Trd, 000022.883, 160
Trd, 000023.133, 159
Trd, 000023.417, 162
Trd, 000023.867, 160
Trd, 000024.450, 161
Trd, 000024.600, 159
Trd, 000025.233, 159
Trd, 000025.600, 160
Trd, 000025.917, 153
Trd, 000026.800, 159
Trd, 000027.383, 160
Trd, 000027.833, 158
Trd, 000028.383, 156
Trd, 000028.567, 155
Trd, 000029.017, 157
Trd, 000029.050, 157
Trd, 000029.233, 159
Trd, 000029.917, 159
Trd, 000031.467, 156
Trd, 000031.783, 155
Trd, 000032.533, 158
Trd, 000033.100, 158
Trd, 000033.600, 159
Trd, 000034.767, 153
Trd, 000035.083, 159
Trd, 000035.717, 158
Trd, 000036.350, 155
Trd, 000037.067, 158
Trd, 000037.483, 158
Trd, 000038.533, 159
Trd, 000038.633, 161
Trd, 000038.883, 157
Trd, 000041.400, 159
Trd, 000042.333, 159
Trd, 000042.417, 157
Trd, 000042.533, 160
Trd, 000043.517, 160
Trd, 000044.200, 156
Trd, 000045.283, 158
Trd, 000045.433, 159
Trd, 000045.833, 155
Trd, 000045.933, 159
Trd, 000046.350, 152
Trd, 000047.250, 160
Trd, 000047.317, 151
Trd, 000048.083, 161
Trd, 000049.233, 159
Trd, 000049.533, 154
Trd, 000049.667, 153
Trd, 000051.100, 161
Trd, 000052.367, 159
Trd, 000053.333, 159
Trd, 000053.350, 160
Trd, 000054.583, 160
Trd, 000054.683, 160
Trd, 000055.300, 156
Trd, 000055.550, 155
Trd, 000056.117, 163
Trd, 000057.683, 167
Trd, 000058.100, 159
Trd, 000058.217, 154
Trd, 000058.883, 161
Trd, 000058.900, 166
Trd, 000059.750, 159
Trd, 000060.183, 164
Trd, 000060.667, 161
Trd, 000060.767, 159
Trd, 000061.183, 157
Trd, 000061.983, 157
Trd, 000062.483, 157
Trd, 000063.233, 155
Trd, 000063.850, 155
Trd, 000064.300, 156
Trd, 000064.317, 161
Trd, 000064.450, 151
Trd, 000065.450, 151
Trd, 000065.933, 168
Trd, 000066.000, 164
Trd, 000066.800, 165
Trd, 000067.017, 176
Trd, 000068.050, 176
Trd, 000068.367, 181
Trd, 000070.217, 166
Trd, 000071.050, 168
Trd, 000071.800, 168
Trd, 000072.083, 168
Trd, 000073.217, 168
Trd, 000073.517, 169
Trd, 000073.833, 167
Trd, 000073.917, 166
Trd, 000074.867, 165
Trd, 000076.000, 163
Trd, 000076.900, 169
Trd, 000077.250, 166
Trd, 000078.167, 167
Trd, 000079.550, 164
Trd, 000079.633, 164
Trd, 000080.367, 163
Trd, 000080.483, 164
Trd, 000080.550, 165
Trd, 000080.767, 166
Trd, 000080.800, 151
Trd, 000081.150, 170
Trd, 000081.250, 150
Trd, 000084.500, 161
Trd, 000084.550, 160
Trd, 000084.700, 161
Trd, 000084.783, 162
Trd, 000084.933, 158
Trd, 000085.517, 162
Trd, 000086.133, 163
Trd, 000086.350, 166
Trd, 000087.067, 166
Trd, 000087.883, 169
Trd, 000088.000, 167
Trd, 000088.167, 169
Trd, 000088.550, 162
Trd, 000089.100, 162
Trd, 000090.317, 162
Trd, 000090.900, 162
Trd, 000091.100, 164
Trd, 000091.600, 165
Trd, 000091.867, 166
Trd, 000092.050, 168
Trd, 000093.183, 166
Trd, 000094.217, 166
Trd, 000094.717, 165
Trd, 000094.800, 166
Trd, 000094.850, 168
Trd, 000095.500, 163
Trd, 000095.900, 167
Trd, 000096.217, 168
Trd, 000096.283, 167
Trd, 000096.717, 163
Trd, 000097.583, 171
Trd, 000098.167, 171
Trd, 000099.183, 168
Trd, 000099.533, 168
Trd, 000099.600, 152
Trd, 000100.033, 163
Trd, 000100.500, 153
Trd, 000101.883, 161
Trd, 000102.033, 164
Trd, 000102.067, 162
Trd, 000102.150, 165
Trd, 000102.500, 165
Trd, 000102.650, 151
Trd, 000103.100, 162
Trd, 000103.383, 166
Trd, 000105.267, 169
Trd, 000105.900, 171
Trd, 000107.533, 169
Trd, 000108.417, 169
Trd, 000108.867, 170
Trd, 000108.967, 169
Trd, 000109.617, 170
Trd, 000109.717, 168
Trd, 000110.233, 162
Trd, 000110.450, 170
Trd, 000110.467, 173
Trd, 000110.650, 159
Trd, 000111.133, 166
Trd, 000111.317, 169
Trd, 000111.783, 157
Trd, 000112.300, 172
Trd, 000112.583, 166
Trd, 000113.867, 155
Trd, 000113.950, 152
Trd, 000114.400, 162
Trd, 000115.117, 163
Trd, 000115.283, 173
Trd, 000116.183, 181
Trd, 000117.900, 174
Trd, 000119.067, 170
Trd, 000119.317, 166
Trd, 000119.333, 163
Trd, 000119.417, 171
Trd, 000119.683, 162
Trd, 000119.983, 172
Trd, 000120.567, 172
Trd, 000121.350, 155
Trd, 000121.483, 161
Trd, 000122.300, 159
Trd, 000122.567, 163
Trd, 000123.167, 167
Trd, 000123.750, 170
Trd, 000124.183, 163
Trd, 000124.683, 167
Trd, 000125.683, 166
Trd, 000125.967, 168
Trd, 000126.417, 168
Trd, 000126.517, 166
Trd, 000126.950, 169
Trd, 000127.950, 171
Trd, 000129.533, 172
Trd, 000130.933, 171
Trd, 000131.467, 170
Trd, 000131.600, 171
Trd, 000131.800, 169
Trd, 000132.517, 170
Trd, 000132.600, 169
Trd, 000133.267, 172
Trd, 000133.533, 165
Trd, 000134.833, 165
Trd, 000134.850, 162
Trd, 000135.133, 161
Trd, 000135.550, 164
Trd, 000135.750, 167
Trd, 000137.517, 165
Trd, 000137.917, 166
Trd, 000138.000, 167
Trd, 000138.433, 168
Trd, 000138.783, 165
Trd, 000139.583, 172
Trd, 000139.933, 165
Trd, 000141.100, 172
Trd, 000141.283, 168
Trd, 000142.083, 172
Trd, 000142.367, 173
Trd, 000143.700, 170
Trd, 000143.917, 169
Trd, 000144.033, 171
Trd, 000144.567, 169
Trd, 000144.783, 172
Trd, 000145.450, 175
Trd, 000145.550, 168
Trd, 000145.650, 176
Trd, 000146.400, 166
Trd, 000146.483, 165
Trd, 000146.717, 167
Trd, 000147.317, 169
Trd, 000147.933, 175
Trd, 000148.600, 172
Trd, 000149.383, 166
Trd, 000150.050, 185
Trd, 000150.083, 190
Trd, 000152.000, 178
Trd, 000152.600, 179
Trd, 000152.933, 170
Trd, 000153.650, 177
Trd, 000154.150, 170
Trd, 000154.717, 174
Trd, 000156.183, 174
Trd, 000156.300, 176
Trd, 000157.417, 175
Trd, 000157.450, 173
Trd, 000157.567, 172
Trd, 000158.383, 174
Trd, 000159.367, 173
Trd, 000159.483, 172
Trd, 000159.933, 172
Trd, 000160.600, 173
Trd, 000160.733, 171
Trd, 000160.933, 170
Trd, 000163.733, 169
Trd, 000163.783, 167
Trd, 000163.950, 168
Trd, 000164.083, 160
Trd, 000164.133, 167
Trd, 000164.150, 171
Trd, 000165.017, 170
Trd, 000165.767, 173
Trd, 000166.017, 166
Trd, 000166.400, 174
Trd, 000166.583, 165
Trd, 000167.683, 175
Trd, 000168.250, 175
Trd, 000169.067, 172
Trd, 000169.767, 168
Trd, 000170.033, 170
Trd, 000170.133, 171
Trd, 000170.667, 170
Trd, 000171.133, 178
Trd, 000171.650, 169
Trd, 000172.017, 175
Trd, 000173.067, 175
Trd, 000173.433, 171
Trd, 000174.233, 175
Trd, 000175.233, 175
Trd, 000176.033, 172
Trd, 000176.267, 175
Trd, 000177.717, 175
Trd, 000178.283, 173
Trd, 000178.467, 171
Trd, 000179.400, 172
Trd, 000179.483, 176
Trd, 000179.517, 180
Trd, 000180.317, 180
Trd, 000180.967, 173
Trd, 000181.533, 169
Trd, 000181.750, 180
Trd, 000183.583, 179
Trd, 000183.667, 180
Trd, 000184.083, 172
Trd, 000184.600, 172
Trd, 000185.867, 174
Trd, 000185.967, 174
Trd, 000187.067, 171
Trd, 000187.383, 171
Trd, 000188.000, 171
Trd, 000188.033, 167
Trd, 000188.717, 173
Trd, 000189.500, 173
Trd, 000189.917, 173
Trd, 000190.250, 170
Trd, 000190.767, 173
Trd, 000190.783, 170
Trd, 000190.833, 174
Trd, 000191.250, 174
Trd, 000192.117, 177
Trd, 000192.250, 169
Trd, 000192.783, 177
Trd, 000192.850, 170
Trd, 000193.283, 190
Trd, 000194.450, 167
Trd, 000194.933, 181
Trd, 000195.017, 182
Trd, 000195.533, 181
Trd, 000196.650, 175
Trd, 000197.517, 176
Trd, 000198.133, 178
Trd, 000198.533, 171
Trd, 000200.317, 190
Trd, 000201.600, 183
Trd, 000202.000, 182
Trd, 000202.033, 179
Trd, 000202.350, 183
Trd, 000202.517, 179
Trd, 000202.600, 171
Trd, 000202.950, 182
Trd, 000203.767, 182
Trd, 000204.117, 178
Trd, 000204.633, 178
Trd, 000204.983, 180
Trd, 000205.417, 181
Trd, 000206.567, 177
Trd, 000207.900, 179
Trd, 000208.483, 177
Trd, 000208.517, 175
Trd, 000208.583, 172
Trd, 000208.867, 175
Trd, 000209.217, 175
Trd, 000209.800, 175
Trd, 000210.950, 176
Trd, 000211.967, 176
Trd, 000212.817, 175
Trd, 000212.983, 177
Trd, 000213.200, 175
Trd, 000213.217, 173
Trd, 000213.967, 173
Trd, 000214.050, 179
Trd, 000214.267, 181
Trd, 000214.483, 183
Trd, 000215.650, 181
Trd, 000216.367, 179
Trd, 000216.883, 173
Trd, 000218.767, 183
Trd, 000218.850, 184
Trd, 000219.517, 175
Trd, 000220.400, 184
Trd, 000221.333, 180
Trd, 000222.483, 181
Trd, 000222.533, 181
Trd, 000222.800, 184
Trd, 000223.450, 180
Trd, 000224.700, 183
Trd, 000224.867, 178
Trd, 000225.100, 183
Trd, 000225.300, 184
Trd, 000226.050, 186
Trd, 000226.650, 181
Trd, 000227.767, 182
Trd, 000228.567, 181
Trd, 000228.717, 182
Trd, 000229.717, 183
Trd, 000230.183, 183
Trd, 000230.600, 184
Trd, 000230.700, 180
Trd, 000230.817, 165
Trd, 000231.500, 185
Trd, 000232.483, 186
Trd, 000233.683, 185
Trd, 000233.783, 187
Trd, 000233.900, 181
Trd, 000234.300, 187
Trd, 000235.833, 182
Trd, 000236.100, 182
Trd, 000236.417, 183
Trd, 000237.250, 183
Trd, 000237.750, 186
Trd, 000237.900, 182
Trd, 000238.317, 187
Trd, 000239.117, 181
Trd, 000240.467, 183
Trd, 000240.600, 182
Trd, 000240.717, 181
Trd, 000241.033, 180
Trd, 000241.883, 180
Trd, 000242.267, 179
Trd, 000242.350, 180
Trd, 000242.817, 177
Trd, 000242.867, 175
Trd, 000243.217, 172
Trd, 000243.350, 174
Trd, 000243.650, 173
Trd, 000243.850, 181
Trd, 000244.000, 181
Trd, 000244.767, 176
Trd, 000245.000, 181
Trd, 000245.867, 173
Trd, 000246.233, 173
Trd, 000246.283, 172
Trd, 000246.300, 173
Trd, 000246.567, 170
Trd, 000246.917, 171
Trd, 000247.450, 176
Trd, 000247.967, 177
Trd, 000249.600, 173
Trd, 000249.750, 172
Trd, 000250.067, 174
Trd, 000250.183, 171
Trd, 000250.550, 172
Trd, 000251.233, 171
Trd, 000251.267, 172
Trd, 000251.300, 175
Trd, 000251.333, 170
Trd, 000251.800, 171
Trd, 000252.050, 168
Trd, 000252.333, 169
Trd, 000252.700, 174
Trd, 000252.900, 168
Trd, 000254.183, 175
Trd, 000255.850, 167
Trd, 000255.867, 173
Trd, 000256.317, 175
Trd, 000256.367, 179
Trd, 000256.717, 181
Trd, 000256.883, 179
Trd, 000257.900, 175
Trd, 000258.000, 175
Trd, 000258.283, 174
Trd, 000258.383, 173
Trd, 000258.483, 171
Trd, 000258.733, 179
Trd, 000258.950, 179
Trd, 000259.383, 180
Trd, 000259.667, 180
Trd, 000260.967, 181
Trd, 000261.333, 178
Trd, 000261.500, 177
Trd, 000261.833, 181
Trd, 000262.650, 184
Trd, 000262.917, 176
Trd, 000262.950, 184
Trd, 000263.050, 185
Trd, 000263.717, 182
Trd, 000264.550, 176
Trd, 000264.817, 175
Trd, 000265.450, 174
Trd, 000265.483, 176
Trd, 000265.583, 174
Trd, 000266.667, 169
Trd, 000266.917, 168
Trd, 000267.583, 179
Trd, 000267.767, 179
Trd, 000268.767, 172
Trd, 000268.967, 181
Trd, 000269.233, 180
Trd, 000269.683, 182
Trd, 000270.117, 177
Trd, 000270.400, 178
Trd, 000270.600, 176
Trd, 000270.783, 178
Trd, 000271.567, 176
Trd, 000271.733, 175
Trd, 000271.917, 185
Trd, 000273.450, 179
Trd, 000274.267, 182
Trd, 000274.517, 182
Trd, 000274.717, 177
Trd, 000275.400, 177
Trd, 000275.850, 182
Trd, 000276.367, 183
Trd, 000276.567, 184
Trd, 000277.133, 177
Trd, 000277.150, 183
Trd, 000277.600, 176
Trd, 000277.833, 176
Trd, 000278.500, 177
Trd, 000278.567, 179
Trd, 000278.800, 182
Trd, 000279.000, 178
Trd, 000280.350, 182
Trd, 000280.833, 177
Trd, 000281.100, 184
Trd, 000281.250, 177
Trd, 000281.433, 177
Trd, 000281.850, 176
Trd, 000281.950, 184
Trd, 000282.283, 171
Trd, 000282.917, 174
Trd, 000283.150, 177
Trd, 000283.333, 171
Trd, 000283.467, 177
Trd, 000283.650, 170
Trd, 000283.817, 184
Trd, 000284.233, 186
Trd, 000284.700, 186
Trd, 000285.417, 186
Trd, 000286.000, 185
Trd, 000286.367, 184
Trd, 000286.400, 191
Trd, 000286.917, 177
Trd, 000287.717, 190
Trd, 000290.083, 183
Trd, 000290.167, 181
Trd, 000290.183, 184
Trd, 000290.383, 180
Trd, 000290.900, 180
Trd, 000291.400, 180
Trd, 000291.967, 180
Trd, 000292.000, 183
Trd, 000292.183, 180
Trd, 000292.650, 186
Trd, 000293.317, 184
Trd, 000294.200, 178
Trd, 000294.617, 178
Trd, 000294.850, 180
Trd, 000294.917, 177
Trd, 000295.617, 181
Trd, 000295.967, 184
Trd, 000296.300, 186
Trd, 000297.067, 176
Trd, 000297.217, 187
Trd, 000297.333, 189
Trd, 000298.017, 174
Trd, 000298.267, 172
Trd, 000298.350, 182
Trd, 000298.983, 184
Trd, 000299.033, 171
Trd, 000299.350, 174
Trd, 000299.717, 179
