Trd, 000001.683, 103
Trd, 000002.667, 172
Trd, 000002.983, 161
Trd, 000003.450, 136
Trd, 000004.900, 148
Trd, 000005.783, 151
Trd, 000006.850, 156
Trd, 000008.617, 142
Trd, 000009.300, 129
Trd, 000009.933, 138
Trd, 000010.133, 130
Trd, 000010.300, 139
Trd, 000010.717, 138
Trd, 000012.317, 156
Trd, 000013.067, 144
Trd, 000013.817, 141
Trd, 000013.983, 143
Trd, 000014.317, 145
Trd, 000014.933, 150
Trd, 000015.117, 149
Trd, 000015.483, 149
Trd, 000016.150, 148
Trd, 000017.417, 165
Trd, 000018.283, 156
Trd, 000018.550, 160
Trd, 000019.550, 135
Trd, 000019.900, 139
Trd, 000020.267, 166
Trd, 000020.683, 170
Trd, 000022.717, 154
Trd, 000023.100, 155
Trd, 000023.617, 154
Trd, 000023.633, 153
Trd, 000024.233, 155
Trd, 000024.700, 156
Trd, 000024.767, 143
Trd, 000025.433, 149
Trd, 000026.050, 148
Trd, 000026.967, 122
Trd, 000027.733, 148
Trd, 000029.517, 160
Trd, 000029.633, 158
Trd, 000029.817, 149
Trd, 000030.100, 167
Trd, 000032.267, 162
Trd, 000032.467, 155
Trd, 000032.700, 154
Trd, 000033.700, 153
Trd, 000034.500, 152
Trd, 000035.183, 144
Trd, 000035.417, 151
Trd, 000035.983, 148
Trd, 000036.800, 148
Trd, 000037.067, 144
Trd, 000037.167, 150
Trd, 000038.683, 148
Trd, 000039.317, 148
Trd, 000039.583, 147
Trd, 000040.100, 146
Trd, 000040.550, 147
Trd, 000040.600, 147
Trd, 000041.300, 149
Trd, 000043.200, 150
Trd, 000044.683, 152
Trd, 000044.800, 162
Trd, 000045.383, 159
Trd, 000045.450, 158
Trd, 000045.500, 161
Trd, 000046.150, 161
Trd, 000046.367, 152
Trd, 000047.033, 153
Trd, 000047.150, 160
Trd, 000047.667, 160
Trd, 000047.950, 153
Trd, 000049.250, 154
Trd, 000050.267, 161
Trd, 000050.433, 154
Trd, 000051.117, 152
Trd, 000052.200, 161
Trd, 000053.333, 163
Trd, 000053.500, 162
Trd, 000053.867, 167
Trd, 000054.850, 160
Trd, 000055.050, 159
Trd, 000055.467, 164
Trd, 000057.283, 157
Trd, 000057.917, 156
Trd, 000058.300, 157
Trd, 000058.433, 158
Trd, 000059.233, 156
Trd, 000060.400, 154
Trd, 000061.333, 160
Trd, 000061.583, 154
Trd, 000061.750, 152
Trd, 000061.917, 149
Trd, 000062.217, 147
Trd, 000062.300, 161
Trd, 000064.950, 161
Trd, 000066.000, 156
Trd, 000066.750, 157
Trd, 000067.433, 155
Trd, 000067.867, 158
Trd, 000067.917, 159
Trd, 000069.783, 157
Trd, 000070.017, 159
Trd, 000070.183, 159
Trd, 000070.333, 156
Trd, 000070.367, 160
Trd, 000071.800, 158
Trd, 000072.767, 156
Trd, 000073.167, 155
Trd, 000074.867, 150
Trd, 000075.000, 159
Trd, 000075.133, 160
Trd, 000075.167, 155
Trd, 000075.300, 157
Trd, 000075.850, 154
Trd, 000076.150, 152
Trd, 000076.633, 160
Trd, 000077.833, 155
Trd, 000078.917, 156
Trd, 000079.417, 157
Trd, 000079.817, 158
Trd, 000080.433, 158
Trd, 000080.950, 160
Trd, 000080.983, 149
Trd, 000081.300, 161
Trd, 000081.817, 163
Trd, 000082.317, 164
Trd, 000082.367, 153
Trd, 000082.500, 158
Trd, 000083.800, 156
Trd, 000083.883, 157
Trd, 000084.700, 156
Trd, 000085.183, 156
Trd, 000086.583, 158
Trd, 000086.783, 162
Trd, 000087.117, 156
Trd, 000087.567, 157
Trd, 000088.700, 161
Trd, 000089.600, 158
Trd, 000089.983, 157
Trd, 000090.517, 155
Trd, 000090.633, 159
Trd, 000090.750, 162
Trd, 000093.033, 165
Trd, 000093.267, 166
Trd, 000093.967, 167
Trd, 000094.117, 156
Trd, 000094.167, 156
Trd, 000095.500, 159
Trd, 000095.700, 158
Trd, 000096.083, 158
Trd, 000096.283, 165
Trd, 000097.950, 166
Trd, 000098.117, 172
Trd, 000098.133, 165
Trd, 000099.017, 163
Trd, 000099.517, 161
Trd, 000100.133, 160
Trd, 000100.600, 164
Trd, 000102.117, 163
Trd, 000102.283, 161
Trd, 000102.667, 162
Trd, 000102.783, 158
Trd, 000103.150, 164
Trd, 000105.017, 161
Trd, 000106.050, 159
Trd, 000108.033, 163
Trd, 000108.250, 159
Trd, 000108.367, 167
Trd, 000109.133, 167
Trd, 000109.400, 167
Trd, 000109.483, 164
Trd, 000111.533, 165
Trd, 000111.867, 165
Trd, 000111.983, 163
Trd, 000112.183, 165
Trd, 000113.267, 161
Trd, 000113.733, 159
Trd, 000113.967, 154
Trd, 000114.067, 155
Trd, 000114.300, 154
Trd, 000114.583, 156
Trd, 000116.417, 157
Trd, 000116.783, 156
Trd, 000117.733, 166
Trd, 000118.400, 163
Trd, 000118.750, 162
Trd, 000119.683, 162
Trd, 000120.933, 160
Trd, 000122.000, 161
Trd, 000122.183, 160
Trd, 000122.733, 160
Trd, 000122.800, 160
Trd, 000123.100, 156
Trd, 000123.250, 153
Trd, 000123.717, 161
Trd, 000124.750, 158
Trd, 000125.033, 157
Trd, 000125.467, 157
Trd, 000125.583, 155
Trd, 000126.433, 154
Trd, 000126.683, 157
Trd, 000127.583, 171
Trd, 000128.300, 157
Trd, 000128.950, 172
Trd, 000129.417, 166
Trd, 000130.217, 161
Trd, 000130.250, 159
Trd, 000130.933, 167
Trd, 000130.983, 168
Trd, 000131.417, 168
Trd, 000131.483, 161
Trd, 000131.800, 158
Trd, 000132.567, 172
Trd, 000133.200, 169
Trd, 000133.900, 168
Trd, 000135.033, 165
Trd, 000136.283, 167
Trd, 000136.650, 165
Trd, 000136.883, 168
Trd, 000137.150, 163
Trd, 000138.600, 171
Trd, 000139.483, 169
Trd, 000140.750, 168
Trd, 000142.217, 169
Trd, 000142.567, 169
Trd, 000143.033, 165
Trd, 000143.867, 166
Trd, 000144.600, 165
Trd, 000145.567, 164
Trd, 000146.167, 162
Trd, 000146.967, 162
Trd, 000147.200, 140
Trd, 000147.900, 140
Trd, 000148.283, 158
Trd, 000148.767, 159
Trd, 000150.367, 159
Trd, 000150.750, 157
Trd, 000151.183, 159
Trd, 000151.900, 174
Trd, 000152.517, 170
Trd, 000153.150, 170
Trd, 000153.217, 163
Trd, 000153.800, 157
Trd, 000154.667, 174
Trd, 000155.733, 164
Trd, 000156.467, 170
Trd, 000157.633, 165
Trd, 000158.017, 166
Trd, 000158.350, 166
Trd, 000158.600, 164
Trd, 000158.683, 167
Trd, 000159.167, 166
Trd, 000159.450, 167
Trd, 000159.800, 173
Trd, 000160.367, 165
Trd, 000161.100, 157
Trd, 000162.467, 162
Trd, 000162.667, 168
Trd, 000163.000, 170
Trd, 000164.017, 160
Trd, 000164.683, 171
Trd, 000164.850, 161
Trd, 000165.933, 159
Trd, 000166.000, 174
Trd, 000166.917, 172
Trd, 000166.983, 173
Trd, 000168.717, 167
Trd, 000169.533, 169
Trd, 000169.750, 172
Trd, 000169.800, 166
Trd, 000169.933, 174
Trd, 000170.683, 159
Trd, 000170.700, 158
Trd, 000171.717, 167
Trd, 000172.167, 162
Trd, 000172.550, 168
Trd, 000174.300, 166
Trd, 000174.700, 166
Trd, 000175.350, 167
Trd, 000175.483, 166
Trd, 000175.800, 167
Trd, 000175.933, 179
Trd, 000176.683, 166
Trd, 000177.517, 168
Trd, 000177.583, 165
Trd, 000178.400, 165
Trd, 000178.417, 165
Trd, 000179.583, 159
Trd, 000180.417, 160
Trd, 000180.983, 158
Trd, 000181.067, 160
Trd, 000181.933, 160
Trd, 000182.783, 144
Trd, 000183.067, 142
Trd, 000183.350, 178
Trd, 000185.700, 159
Trd, 000186.050, 160
Trd, 000186.400, 160
Trd, 000186.467, 158
Trd, 000186.900, 161
Trd, 000187.333, 158
Trd, 000187.617, 161
Trd, 000188.033, 158
Trd, 000188.483, 161
Trd, 000188.567, 162
Trd, 000188.767, 163
Trd, 000189.000, 179
Trd, 000189.750, 182
Trd, 000190.533, 160
Trd, 000191.250, 187
Trd, 000193.733, 171
Trd, 000194.883, 176
Trd, 000195.133, 174
Trd, 000195.350, 170
Trd, 000196.183, 170
Trd, 000197.000, 168
Trd, 000197.750, 170
Trd, 000197.867, 161
Trd, 000199.283, 168
Trd, 000199.450, 169
Trd, 000200.117, 167
Trd, 000200.450, 163
Trd, 000200.750, 145
Trd, 000201.633, 146
Trd, 000202.717, 157
Trd, 000203.033, 157
Trd, 000203.300, 178
Trd, 000204.233, 183
Trd, 000206.000, 176
Trd, 000206.483, 176
Trd, 000207.033, 177
Trd, 000207.650, 176
Trd, 000208.317, 175
Trd, 000209.300, 170
Trd, 000210.300, 170
Trd, 000210.833, 171
Trd, 000211.017, 174
Trd, 000211.550, 174
Trd, 000211.767, 179
Trd, 000214.300, 176
Trd, 000215.033, 175
Trd, 000215.250, 176
Trd, 000215.917, 173
Trd, 000216.150, 174
Trd, 000216.217, 172
Trd, 000217.183, 175
Trd, 000217.733, 174
Trd, 000218.650, 173
Trd, 000218.733, 170
Trd, 000219.150, 163
Trd, 000219.417, 166
Trd, 000219.667, 167
Trd, 000219.817, 168
Trd, 000220.233, 165
Trd, 000221.783, 172
Trd, 000221.933, 166
Trd, 000223.200, 170
Trd, 000224.583, 167
Trd, 000224.700, 167
Trd, 000225.017, 166
Trd, 000225.300, 166
Trd, 000225.833, 169
Trd, 000225.867, 180
Trd, 000228.383, 173
Trd, 000229.067, 175
Trd, 000229.167, 173
Trd, 000229.567, 178
Trd, 000230.250, 178
Trd, 000230.767, 174
Trd, 000230.867, 172
Trd, 000232.000, 176
Trd, 000232.767, 176
Trd, 000233.567, 173
Trd, 000234.667, 181
Trd, 000235.317, 178
Trd, 000235.600, 177
Trd, 000235.900, 178
Trd, 000236.067, 175
Trd, 000236.117, 179
Trd, 000236.867, 176
Trd, 000237.050, 174
Trd, 000237.517, 176
Trd, 000237.900, 172
Trd, 000238.350, 165
Trd, 000238.967, 174
Trd, 000239.200, 172
Trd, 000239.233, 174
Trd, 000240.350, 174
Trd, 000240.367, 174
Trd, 000240.467, 177
Trd, 000241.150, 178
Trd, 000241.317, 177
Trd, 000241.683, 177
Trd, 000241.850, 178
Trd, 000241.867, 170
Trd, 000243.333, 174
Trd, 000243.667, 165
Trd, 000243.917, 177
Trd, 000244.717, 171
Trd, 000245.333, 179
Trd, 000245.400, 178
Trd, 000246.083, 176
Trd, 000246.317, 175
Trd, 000246.650, 178
Trd, 000247.000, 180
Trd, 000247.633, 178
Trd, 000247.950, 186
Trd, 000249.033, 177
Trd, 000249.067, 176
Trd, 000249.467, 179
Trd, 000249.533, 175
Trd, 000249.967, 180
Trd, 000250.783, 180
Trd, 000251.033, 177
Trd, 000251.400, 178
Trd, 000251.833, 176
Trd, 000251.883, 178
Trd, 000252.267, 177
Trd, 000252.667, 175
Trd, 000252.783, 177
Trd, 000252.883, 174
Trd, 000254.683, 180
Trd, 000254.783, 180
Trd, 000255.817, 174
Trd, 000255.850, 173
Trd, 000255.950, 178
Trd, 000256.617, 179
Trd, 000257.333, 183
Trd, 000257.583, 187
Trd, 000258.417, 184
Trd, 000259.700, 181
Trd, 000259.867, 181
Trd, 000260.433, 180
Trd, 000260.783, 182
Trd, 000261.333, 176
Trd, 000261.517, 182
Trd, 000261.550, 185
Trd, 000261.783, 185
Trd, 000262.183, 181
Trd, 000262.933, 180
Trd, 000263.100, 176
Trd, 000263.300, 181
Trd, 000263.417, 174
Trd, 000263.650, 167
Trd, 000264.183, 171
Trd, 000264.933, 174
Trd, 000265.283, 174
Trd, 000265.417, 172
Trd, 000265.633, 167
Trd, 000266.167, 173
Trd, 000266.800, 185
Trd, 000267.133, 182
Trd, 000268.450, 182
Trd, 000268.667, 180
Trd, 000269.050, 176
Trd, 000270.467, 179
Trd, 000270.517, 181
Trd, 000270.767, 172
Trd, 000270.800, 182
Trd, 000271.867, 182
Trd, 000271.900, 183
Trd, 000272.083, 180
Trd, 000272.800, 175
Trd, 000273.083, 168
Trd, 000273.250, 169
Trd, 000274.050, 170
Trd, 000274.617, 171
Trd, 000275.300, 165
Trd, 000275.850, 167
Trd, 000276.350, 176
Trd, 000276.700, 179
Trd, 000277.067, 164
Trd, 000277.383, 163
Trd, 000278.367, 183
Trd, 000278.750, 184
Trd, 000278.883, 182
Trd, 000279.117, 185
Trd, 000279.400, 180
Trd, 000279.850, 185
Trd, 000279.933, 180
Trd, 000280.183, 186
Trd, 000280.650, 183
Trd, 000281.733, 179
Trd, 000282.250, 186
Trd, 000282.700, 178
Trd, 000282.933, 187
Trd, 000283.000, 189
Trd, 000283.183, 181
Trd, 000283.450, 176
Trd, 000284.833, 182
Trd, 000285.450, 172
Trd, 000285.583, 181
Trd, 000286.000, 178
Trd, 000286.050, 177
Trd, 000287.683, 178
Trd, 000288.367, 176
Trd, 000288.500, 176
Trd, 000288.683, 179
Trd, 000288.700, 181
Trd, 000289.383, 184
Trd, 000289.417, 186
Trd, 000290.683, 179
Trd, 000291.017, 186
Trd, 000291.267, 177
Trd, 000291.317, 186
Trd, 000291.517, 187
Trd, 000292.567, 188
Trd, 000293.483, 185
Trd, 000293.617, 178
Trd, 000294.150, 177
Trd, 000294.350, 176
Trd, 000294.633, 170
Trd, 000294.700, 160
Trd, 000295.017, 153
Trd, 000295.500, 156
Trd, 000295.667, 157
Trd, 000296.267, 158
Trd, 000296.500, 172
Trd, 000297.067, 174
Trd, 000298.033, 171
Trd, 000298.467, 172
Trd, 000299.950, 183
