Trd, 000000.983, 126
Trd, 000002.650, 106
Trd, 000002.967, 154
Trd, 000003.583, 144
Trd, 000003.900, 148
Trd, 000003.933, 150
Trd, 000004.167, 137
Trd, 000006.250, 150
Trd, 000007.150, 144
Trd, 000007.683, 141
Trd, 000007.833, 143
Trd, 000008.000, 137
Trd, 000008.800, 139
Trd, 000009.167, 129
Trd, 000009.233, 142
Trd, 000009.250, 152
Trd, 000009.567, 140
Trd, 000009.950, 129
Trd, 000010.533, 145
Trd, 000012.550, 147
Trd, 000012.850, 148
Trd, 000013.250, 148
Trd, 000014.150, 146
Trd, 000014.167, 145
Trd, 000014.283, 141
Trd, 000014.617, 146
Trd, 000014.767, 137
Trd, 000016.200, 144
Trd, 000016.267, 149
Trd, 000016.317, 146
Trd, 000016.500, 156
Trd, 000017.683, 165
Trd, 000018.367, 166
Trd, 000019.117, 164
Trd, 000019.383, 163
Trd, 000020.550, 153
Trd, 000020.850, 143
Trd, 000021.750, 154
Trd, 000022.483, 148
Trd, 000023.083, 148
Trd, 000023.233, 154
Trd, 000023.300, 157
Trd, 000025.300, 150
Trd, 000025.583, 153
Trd, 000025.900, 151
Trd, 000026.667, 142
Trd, 000026.733, 136
Trd, 000027.783, 145
Trd, 000027.967, 146
Trd, 000028.300, 158
Trd, 000029.567, 158
Trd, 000030.050, 154
Trd, 000030.300, 152
Trd, 000030.900, 152
Trd, 000031.450, 150
Trd, 000031.583, 148
Trd, 000031.833, 150
Trd, 000032.750, 150
Trd, 000033.717, 150
Trd, 000034.217, 151
Trd, 000035.183, 151
Trd, 000035.333, 158
Trd, 000035.567, 152
Trd, 000036.233, 148
Trd, 000036.867, 158
Trd, 000038.050, 154
Trd, 000038.317, 155
Trd, 000038.450, 156
Trd, 000038.717, 154
Trd, 000040.150, 151
Trd, 000040.700, 150
Trd, 000040.900, 148
Trd, 000041.250, 152
Trd, 000042.267, 149
Trd, 000042.633, 148
Trd, 000042.867, 144
Trd, 000042.950, 149
Trd, 000043.217, 148
Trd, 000043.533, 149
Trd, 000044.083, 152
Trd, 000045.817, 150
Trd, 000046.400, 148
Trd, 000047.633, 150
Trd, 000048.250, 148
Trd, 000048.267, 149
Trd, 000048.600, 153
Trd, 000048.800, 155
Trd, 000049.267, 149
Trd, 000049.750, 145
Trd, 000051.350, 149
Trd, 000051.417, 150
Trd, 000051.733, 141
Trd, 000052.317, 149
Trd, 000052.333, 142
Trd, 000052.533, 141
Trd, 000052.650, 160
Trd, 000053.200, 168
Trd, 000054.150, 148
Trd, 000055.850, 149
Trd, 000056.533, 150
Trd, 000057.717, 150
Trd, 000058.233, 151
Trd, 000058.500, 149
Trd, 000058.683, 146
Trd, 000059.100, 150
Trd, 000060.250, 149
Trd, 000060.383, 139
Trd, 000060.817, 132
Trd, 000060.867, 150
Trd, 000060.967, 154
Trd, 000060.983, 157
Trd, 000063.117, 148
Trd, 000063.883, 150
Trd, 000063.967, 143
Trd, 000064.417, 150
Trd, 000065.317, 149
Trd, 000065.417, 150
Trd, 000065.983, 152
Trd, 000066.350, 154
Trd, 000067.067, 156
Trd, 000067.167, 156
Trd, 000068.067, 150
Trd, 000068.883, 155
Trd, 000071.100, 154
Trd, 000071.133, 152
Trd, 000071.867, 151
Trd, 000072.033, 154
Trd, 000072.467, 153
Trd, 000073.583, 153
Trd, 000074.400, 153
Trd, 000075.100, 154
Trd, 000075.433, 153
Trd, 000075.467, 151
Trd, 000075.667, 151
Trd, 000075.983, 155
Trd, 000076.133, 147
Trd, 000076.767, 158
Trd, 000077.267, 152
Trd, 000077.317, 163
Trd, 000078.783, 168
Trd, 000079.017, 141
Trd, 000079.633, 141
Trd, 000081.983, 148
Trd, 000082.217, 148
Trd, 000082.350, 149
Trd, 000082.950, 147
Trd, 000083.850, 149
Trd, 000084.183, 144
Trd, 000084.450, 145
Trd, 000084.517, 144
Trd, 000085.867, 149
Trd, 000087.350, 151
Trd, 000087.367, 153
Trd, 000087.817, 155
Trd, 000089.333, 151
Trd, 000089.950, 151
Trd, 000089.983, 153
Trd, 000090.067, 150
Trd, 000090.983, 157
Trd, 000091.750, 150
Trd, 000092.350, 157
Trd, 000092.383, 151
Trd, 000093.250, 153
Trd, 000093.833, 151
Trd, 000094.700, 156
Trd, 000095.400, 150
Trd, 000095.733, 156
Trd, 000096.400, 160
Trd, 000096.517, 164
Trd, 000096.683, 162
Trd, 000099.283, 156
Trd, 000099.950, 155
Trd, 000099.967, 155
Trd, 000100.017, 154
Trd, 000100.867, 144
Trd, 000100.900, 154
Trd, 000100.950, 154
Trd, 000101.100, 158
Trd, 000101.683, 160
Trd, 000102.000, 148
Trd, 000103.117, 147
Trd, 000103.183, 159
Trd, 000103.833, 154
Trd, 000105.617, 154
Trd, 000106.000, 152
Trd, 000106.950, 154
Trd, 000107.183, 150
Trd, 000108.117, 149
Trd, 000108.150, 154
Trd, 000108.250, 134
Trd, 000110.183, 154
Trd, 000110.250, 155
Trd, 000111.383, 155
Trd, 000111.617, 154
Trd, 000111.850, 155
Trd, 000111.883, 156
Trd, 000112.250, 159
Trd, 000113.400, 163
Trd, 000114.750, 161
Trd, 000115.133, 160
Trd, 000115.250, 158
Trd, 000115.967, 158
Trd, 000116.900, 157
Trd, 000117.600, 156
Trd, 000118.700, 158
Trd, 000118.767, 159
Trd, 000119.383, 159
Trd, 000119.583, 156
Trd, 000120.017, 147
Trd, 000120.333, 155
Trd, 000120.683, 156
Trd, 000121.017, 159
Trd, 000123.433, 158
Trd, 000124.750, 158
Trd, 000124.767, 156
Trd, 000125.217, 157
Trd, 000125.833, 157
Trd, 000125.867, 158
Trd, 000126.800, 159
Trd, 000127.967, 159
Trd, 000128.183, 159
Trd, 000128.733, 156
Trd, 000129.267, 156
Trd, 000129.383, 154
Trd, 000129.567, 153
Trd, 000129.933, 152
Trd, 000130.117, 157
Trd, 000131.350, 156
Trd, 000132.250, 157
Trd, 000132.733, 156
Trd, 000133.367, 157
Trd, 000134.050, 156
Trd, 000134.133, 157
Trd, 000134.533, 160
Trd, 000135.550, 159
Trd, 000136.233, 159
Trd, 000136.900, 160
Trd, 000137.000, 161
Trd, 000137.717, 164
Trd, 000137.800, 157
Trd, 000138.767, 156
Trd, 000139.650, 162
Trd, 000139.667, 154
Trd, 000140.450, 165
Trd, 000141.567, 162
Trd, 000142.233, 165
Trd, 000143.700, 160
Trd, 000144.167, 161
Trd, 000144.183, 162
Trd, 000144.550, 161
Trd, 000144.867, 160
Trd, 000145.983, 158
Trd, 000146.600, 164
Trd, 000147.250, 169
Trd, 000149.483, 161
Trd, 000150.350, 163
Trd, 000150.517, 161
Trd, 000150.767, 161
Trd, 000151.617, 159
Trd, 000151.700, 161
Trd, 000151.717, 162
Trd, 000151.800, 159
Trd, 000153.417, 160
Trd, 000153.517, 160
Trd, 000153.600, 158
Trd, 000154.883, 162
Trd, 000154.933, 161
Trd, 000155.200, 159
Trd, 000155.750, 161
Trd, 000155.867, 161
Trd, 000156.450, 160
Trd, 000156.767, 147
Trd, 000156.967, 163
Trd, 000157.267, 166
Trd, 000158.367, 167
Trd, 000158.933, 141
Trd, 000159.533, 148
Trd, 000160.117, 140
Trd, 000161.417, 160
Trd, 000162.483, 157
Trd, 000162.650, 159
Trd, 000163.067, 160
Trd, 000163.367, 162
Trd, 000163.767, 160
Trd, 000164.217, 160
Trd, 000165.200, 156
Trd, 000165.450, 157
Trd, 000166.967, 158
Trd, 000166.983, 157
Trd, 000167.367, 151
Trd, 000167.917, 162
Trd, 000169.533, 160
Trd, 000170.200, 159
Trd, 000171.250, 156
Trd, 000171.300, 164
Trd, 000171.633, 165
Trd, 000172.400, 165
Trd, 000172.467, 167
Trd, 000172.633, 164
Trd, 000172.833, 163
Trd, 000172.950, 168
Trd, 000173.483, 166
Trd, 000175.367, 167
Trd, 000176.050, 165
Trd, 000176.517, 164
Trd, 000176.667, 162
Trd, 000176.733, 166
Trd, 000177.017, 159
Trd, 000178.233, 162
Trd, 000178.833, 161
Trd, 000179.917, 162
Trd, 000180.683, 162
Trd, 000181.833, 161
Trd, 000181.867, 160
Trd, 000183.283, 160
Trd, 000183.300, 164
Trd, 000183.400, 165
Trd, 000184.167, 166
Trd, 000185.117, 165
Trd, 000185.867, 165
Trd, 000187.017, 164
Trd, 000188.267, 167
Trd, 000188.417, 166
Trd, 000188.633, 168
Trd, 000188.817, 163
Trd, 000188.867, 168
Trd, 000189.700, 159
Trd, 000189.750, 163
Trd, 000190.567, 169
Trd, 000191.217, 173
Trd, 000192.533, 168
Trd, 000194.250, 163
Trd, 000194.367, 165
Trd, 000194.383, 167
Trd, 000194.800, 162
Trd, 000195.400, 145
Trd, 000196.500, 160
Trd, 000197.550, 159
Trd, 000197.767, 158
Trd, 000198.683, 161
Trd, 000199.650, 161
Trd, 000200.533, 160
Trd, 000201.100, 174
Trd, 000201.233, 175
Trd, 000201.417, 164
Trd, 000202.683, 168
Trd, 000203.000, 176
Trd, 000203.067, 164
Trd, 000203.450, 179
Trd, 000204.150, 166
Trd, 000205.050, 178
Trd, 000206.317, 172
Trd, 000206.500, 171
Trd, 000206.867, 171
Trd, 000207.917, 172
Trd, 000208.600, 174
Trd, 000208.683, 172
Trd, 000208.817, 164
Trd, 000210.167, 170
Trd, 000210.217, 171
Trd, 000210.550, 172
Trd, 000211.117, 176
Trd, 000211.167, 161
Trd, 000212.033, 165
Trd, 000212.367, 168
Trd, 000214.033, 161
Trd, 000215.067, 161
Trd, 000215.117, 163
Trd, 000215.883, 163
Trd, 000216.383, 168
Trd, 000216.417, 169
Trd, 000216.450, 164
Trd, 000218.200, 172
Trd, 000218.550, 171
Trd, 000218.817, 169
Trd, 000218.967, 166
Trd, 000219.700, 173
Trd, 000220.067, 174
Trd, 000220.400, 177
Trd, 000221.850, 184
Trd, 000222.533, 166
Trd, 000223.133, 179
Trd, 000224.450, 167
Trd, 000225.817, 168
Trd, 000226.117, 168
Trd, 000226.483, 167
Trd, 000226.650, 168
Trd, 000226.717, 168
Trd, 000226.933, 171
Trd, 000228.633, 170
Trd, 000229.350, 169
Trd, 000229.417, 171
Trd, 000229.783, 167
Trd, 000231.317, 168
Trd, 000232.033, 163
Trd, 000232.750, 158
Trd, 000233.483, 166
Trd, 000234.400, 166
Trd, 000235.100, 161
Trd, 000236.367, 169
Trd, 000236.833, 164
Trd, 000237.100, 171
Trd, 000237.333, 163
Trd, 000237.917, 171
Trd, 000237.933, 150
Trd, 000238.383, 150
Trd, 000239.550, 169
Trd, 000240.283, 169
Trd, 000240.317, 170
Trd, 000240.733, 172
Trd, 000241.483, 173
Trd, 000241.767, 173
Trd, 000241.867, 172
Trd, 000241.983, 168
Trd, 000242.517, 170
Trd, 000242.983, 170
Trd, 000243.183, 171
Trd, 000244.067, 171
Trd, 000244.600, 172
Trd, 000244.667, 175
Trd, 000244.850, 179
Trd, 000244.933, 186
Trd, 000245.933, 176
Trd, 000247.033, 174
Trd, 000247.250, 176
Trd, 000247.550, 177
Trd, 000248.700, 175
Trd, 000248.800, 174
Trd, 000249.683, 174
Trd, 000250.000, 174
Trd, 000250.083, 176
Trd, 000250.217, 176
Trd, 000250.900, 179
Trd, 000251.467, 187
Trd, 000252.517, 179
Trd, 000252.617, 182
Trd, 000252.967, 181
Trd, 000253.100, 183
Trd, 000253.233, 173
Trd, 000253.483, 183
Trd, 000253.867, 181
Trd, 000254.083, 177
Trd, 000254.350, 180
Trd, 000254.933, 180
Trd, 000255.333, 180
Trd, 000255.700, 176
Trd, 000256.283, 176
Trd, 000257.400, 179
Trd, 000257.917, 180
Trd, 000258.383, 185
Trd, 000258.667, 181
Trd, 000258.683, 182
Trd, 000258.950, 180
Trd, 000259.400, 181
Trd, 000259.633, 184
Trd, 000261.267, 183
Trd, 000261.400, 184
Trd, 000261.500, 181
Trd, 000262.100, 175
Trd, 000262.750, 174
Trd, 000263.217, 177
Trd, 000264.050, 170
Trd, 000264.067, 182
Trd, 000264.700, 186
Trd, 000265.167, 187
Trd, 000265.433, 186
Trd, 000265.917, 186
Trd, 000266.067, 178
Trd, 000266.650, 181
Trd, 000267.200, 179
Trd, 000267.383, 180
Trd, 000268.200, 174
Trd, 000268.267, 175
Trd, 000269.483, 172
Trd, 000269.833, 172
Trd, 000269.950, 175
Trd, 000270.067, 176
Trd, 000270.417, 173
Trd, 000270.700, 176
Trd, 000271.600, 175
Trd, 000272.083, 178
Trd, 000272.483, 182
Trd, 000272.867, 182
Trd, 000273.267, 186
Trd, 000273.300, 192
Trd, 000273.350, 198
Trd, 000273.633, 180
Trd, 000273.733, 179
Trd, 000274.133, 178
Trd, 000275.100, 175
Trd, 000276.050, 183
Trd, 000276.183, 171
Trd, 000277.833, 176
Trd, 000278.083, 175
Trd, 000278.200, 178
Trd, 000278.700, 187
Trd, 000278.717, 174
Trd, 000280.150, 165
Trd, 000280.183, 168
Trd, 000280.600, 175
Trd, 000280.800, 168
Trd, 000281.067, 172
Trd, 000281.400, 169
Trd, 000282.267, 172
Trd, 000282.800, 175
Trd, 000282.850, 174
Trd, 000283.417, 165
Trd, 000283.650, 160
Trd, 000283.950, 175
Trd, 000284.067, 166
Trd, 000284.917, 169
Trd, 000285.350, 171
Trd, 000285.733, 171
Trd, 000286.100, 170
Trd, 000286.183, 173
Trd, 000286.633, 174
Trd, 000287.017, 177
Trd, 000287.183, 180
Trd, 000287.200, 170
Trd, 000287.717, 170
Trd, 000287.767, 167
Trd, 000288.217, 173
Trd, 000288.933, 183
Trd, 000289.167, 190
Trd, 000289.400, 192
Trd, 000289.567, 180
Trd, 000290.033, 177
Trd, 000291.300, 185
Trd, 000291.900, 181
Trd, 000292.200, 180
Trd, 000292.550, 182
Trd, 000293.017, 180
Trd, 000293.533, 177
Trd, 000293.783, 177
Trd, 000294.317, 177
Trd, 000294.467, 181
Trd, 000295.000, 172
Trd, 000295.200, 180
Trd, 000295.550, 191
Trd, 000295.617, 186
Trd, 000295.700, 178
Trd, 000296.017, 194
Trd, 000297.417, 179
Trd, 000298.550, 183
Trd, 000298.683, 191
Trd, 000298.917, 194
Trd, 000299.250, 190
Trd, 000299.900, 181
