Trd, 000000.633, 193
Trd, 000002.150, 164
Trd, 000002.350, 162
Trd, 000003.967, 165
Trd, 000004.133, 156
Trd, 000004.383, 148
Trd, 000004.750, 141
Trd, 000005.150, 140
Trd, 000006.083, 146
Trd, 000007.500, 150
Trd, 000008.217, 150
Trd, 000008.750, 152
Trd, 000008.800, 152
Trd, 000009.017, 154
Trd, 000009.050, 159
Trd, 000009.800, 155
Trd, 000010.167, 154
Trd, 000010.417, 150
Trd, 000010.883, 155
Trd, 000011.967, 153
Trd, 000012.533, 153
Trd, 000012.683, 156
Trd, 000012.733, 163
Trd, 000012.900, 154
Trd, 000013.267, 144
Trd, 000013.400, 135
Trd, 000013.817, 138
Trd, 000014.783, 133
Trd, 000014.850, 164
Trd, 000016.633, 165
Trd, 000017.250, 139
Trd, 000018.150, 151
Trd, 000018.367, 155
Trd, 000018.467, 150
Trd, 000019.150, 149
Trd, 000020.800, 154
Trd, 000020.933, 154
Trd, 000021.200, 163
Trd, 000022.017, 150
Trd, 000022.217, 158
Trd, 000022.683, 151
Trd, 000023.283, 157
Trd, 000024.233, 152
Trd, 000024.500, 153
Trd, 000025.500, 152
Trd, 000025.883, 150
Trd, 000026.117, 152
Trd, 000026.567, 150
Trd, 000027.150, 145
Trd, 000028.517, 154
Trd, 000028.550, 144
Trd, 000028.917, 161
Trd, 000029.617, 165
Trd, 000029.667, 148
Trd, 000030.300, 149
Trd, 000031.033, 158
Trd, 000031.783, 158
Trd, 000031.817, 154
Trd, 000032.417, 152
Trd, 000033.033, 146
Trd, 000033.967, 157
Trd, 000034.050, 159
Trd, 000035.967, 155
Trd, 000036.000, 153
Trd, 000036.200, 152
Trd, 000036.367, 152
Trd, 000036.567, 158
Trd, 000037.267, 158
Trd, 000038.033, 151
Trd, 000039.333, 157
Trd, 000039.833, 158
Trd, 000039.933, 152
Trd, 000040.083, 162
Trd, 000040.450, 166
Trd, 000040.750, 167
Trd, 000040.850, 165
Trd, 000041.833, 161
Trd, 000041.933, 189
Trd, 000042.683, 160
Trd, 000042.933, 152
Trd, 000044.500, 158
Trd, 000044.517, 157
Trd, 000045.567, 161
Trd, 000045.867, 162
Trd, 000045.983, 163
Trd, 000046.350, 164
Trd, 000046.750, 162
Trd, 000046.900, 161
Trd, 000046.950, 164
Trd, 000047.600, 160
Trd, 000047.817, 148
Trd, 000047.900, 167
Trd, 000048.367, 163
Trd, 000050.900, 157
Trd, 000051.617, 158
Trd, 000051.667, 156
Trd, 000052.433, 148
Trd, 000052.767, 158
Trd, 000053.117, 152
Trd, 000055.483, 157
Trd, 000055.683, 156
Trd, 000055.717, 157
Trd, 000055.833, 159
Trd, 000056.167, 156
Trd, 000057.317, 157
Trd, 000057.900, 157
Trd, 000058.183, 164
Trd, 000058.283, 157
Trd, 000058.383, 160
Trd, 000058.767, 176
Trd, 000060.767, 156
Trd, 000060.833, 162
Trd, 000061.017, 163
Trd, 000061.033, 154
Trd, 000061.250, 151
Trd, 000062.483, 154
Trd, 000063.717, 157
Trd, 000063.783, 163
Trd, 000065.150, 163
Trd, 000065.250, 155
Trd, 000065.800, 167
Trd, 000066.000, 156
Trd, 000066.950, 156
Trd, 000067.167, 155
Trd, 000067.267, 155
Trd, 000069.883, 155
Trd, 000070.533, 150
Trd, 000070.650, 155
Trd, 000071.183, 154
Trd, 000071.650, 155
Trd, 000072.000, 156
Trd, 000073.317, 159
Trd, 000074.250, 156
Trd, 000074.767, 160
Trd, 000074.950, 154
Trd, 000075.333, 154
Trd, 000076.350, 154
Trd, 000076.683, 151
Trd, 000076.983, 168
Trd, 000077.667, 168
Trd, 000077.733, 151
Trd, 000077.933, 150
Trd, 000078.200, 149
Trd, 000078.317, 142
Trd, 000080.733, 156
Trd, 000081.150, 162
Trd, 000081.867, 163
Trd, 000082.567, 161
Trd, 000082.783, 160
Trd, 000083.600, 159
Trd, 000084.883, 159
Trd, 000085.717, 160
Trd, 000085.817, 151
Trd, 000087.583, 160
Trd, 000087.950, 160
Trd, 000088.300, 157
Trd, 000088.700, 157
Trd, 000089.583, 159
Trd, 000089.717, 158
Trd, 000090.517, 157
Trd, 000091.017, 159
Trd, 000091.233, 158
Trd, 000091.367, 156
Trd, 000091.617, 160
Trd, 000093.683, 159
Trd, 000094.250, 159
Trd, 000094.317, 158
Trd, 000094.383, 156
Trd, 000094.850, 166
Trd, 000095.250, 155
Trd, 000095.683, 153
Trd, 000095.717, 152
Trd, 000095.750, 152
Trd, 000095.800, 171
Trd, 000096.200, 152
Trd, 000098.100, 163
Trd, 000098.567, 170
Trd, 000098.600, 145
Trd, 000099.233, 165
Trd, 000099.483, 147
Trd, 000102.233, 158
Trd, 000102.267, 155
Trd, 000102.417, 163
Trd, 000102.533, 154
Trd, 000102.933, 162
Trd, 000104.533, 156
Trd, 000105.417, 158
Trd, 000105.467, 155
Trd, 000105.617, 168
Trd, 000106.967, 155
Trd, 000107.750, 156
Trd, 000108.267, 157
Trd, 000108.350, 155
Trd, 000108.433, 155
Trd, 000109.333, 158
Trd, 000109.433, 159
Trd, 000110.183, 155
Trd, 000111.850, 160
Trd, 000112.350, 160
Trd, 000113.083, 160
Trd, 000113.533, 159
Trd, 000113.650, 156
Trd, 000113.767, 160
Trd, 000114.017, 162
Trd, 000114.350, 156
Trd, 000114.467, 155
Trd, 000116.000, 156
Trd, 000116.400, 155
Trd, 000116.817, 156
Trd, 000117.050, 164
Trd, 000117.933, 157
Trd, 000118.033, 156
Trd, 000118.117, 155
Trd, 000118.200, 154
Trd, 000118.767, 162
Trd, 000118.917, 154
Trd, 000120.683, 162
Trd, 000120.967, 163
Trd, 000121.067, 169
Trd, 000121.117, 159
Trd, 000121.600, 158
Trd, 000122.583, 157
Trd, 000123.433, 157
Trd, 000123.900, 156
Trd, 000124.133, 156
Trd, 000124.167, 162
Trd, 000126.417, 159
Trd, 000126.700, 162
Trd, 000126.800, 158
Trd, 000127.417, 158
Trd, 000127.700, 158
Trd, 000128.267, 157
Trd, 000128.683, 156
Trd, 000128.750, 155
Trd, 000130.000, 164
Trd, 000130.600, 156
Trd, 000131.467, 164
Trd, 000131.783, 165
Trd, 000131.933, 157
Trd, 000132.533, 174
Trd, 000132.917, 166
Trd, 000133.017, 161
Trd, 000133.117, 174
Trd, 000134.150, 163
Trd, 000134.833, 164
Trd, 000136.100, 166
Trd, 000136.317, 168
Trd, 000137.500, 166
Trd, 000137.883, 164
Trd, 000138.033, 164
Trd, 000138.900, 164
Trd, 000139.367, 160
Trd, 000139.450, 159
Trd, 000139.650, 168
Trd, 000141.467, 165
Trd, 000141.617, 166
Trd, 000141.833, 159
Trd, 000142.117, 161
Trd, 000142.467, 160
Trd, 000142.883, 165
Trd, 000143.383, 160
Trd, 000143.950, 171
Trd, 000144.733, 173
Trd, 000145.667, 162
Trd, 000146.133, 167
Trd, 000147.683, 164
Trd, 000147.950, 167
Trd, 000148.300, 164
Trd, 000148.533, 163
Trd, 000149.117, 163
Trd, 000149.617, 164
Trd, 000150.133, 166
Trd, 000150.233, 161
Trd, 000150.767, 161
Trd, 000150.867, 167
Trd, 000150.917, 158
Trd, 000151.317, 170
Trd, 000151.933, 157
Trd, 000153.700, 152
Trd, 000154.167, 162
Trd, 000155.517, 162
Trd, 000155.783, 157
Trd, 000155.817, 163
Trd, 000157.083, 165
Trd, 000157.333, 165
Trd, 000157.400, 164
Trd, 000157.500, 163
Trd, 000157.583, 161
Trd, 000158.817, 167
Trd, 000159.483, 164
Trd, 000159.933, 163
Trd, 000159.967, 163
Trd, 000160.350, 167
Trd, 000161.967, 173
Trd, 000162.150, 163
Trd, 000162.217, 174
Trd, 000163.067, 161
Trd, 000163.783, 170
Trd, 000164.600, 166
Trd, 000164.833, 175
Trd, 000164.950, 165
Trd, 000166.783, 167
Trd, 000168.217, 172
Trd, 000168.633, 171
Trd, 000168.650, 170
Trd, 000169.383, 169
Trd, 000169.833, 175
Trd, 000170.617, 178
Trd, 000170.700, 170
Trd, 000171.050, 169
Trd, 000172.133, 168
Trd, 000172.483, 173
Trd, 000172.983, 170
Trd, 000173.750, 172
Trd, 000173.917, 174
Trd, 000174.250, 170
Trd, 000174.317, 169
Trd, 000174.367, 169
Trd, 000174.550, 166
Trd, 000175.100, 165
Trd, 000175.417, 175
Trd, 000178.500, 167
Trd, 000178.667, 178
Trd, 000180.583, 170
Trd, 000181.017, 171
Trd, 000181.217, 174
Trd, 000181.433, 169
Trd, 000181.817, 174
Trd, 000181.833, 169
Trd, 000182.133, 167
Trd, 000182.400, 173
Trd, 000182.767, 161
Trd, 000183.083, 158
Trd, 000183.333, 155
Trd, 000185.983, 166
Trd, 000186.400, 161
Trd, 000187.267, 163
Trd, 000187.367, 163
Trd, 000187.517, 164
Trd, 000188.300, 167
Trd, 000188.350, 167
Trd, 000188.950, 168
Trd, 000189.433, 166
Trd, 000189.683, 165
Trd, 000190.033, 165
Trd, 000190.733, 167
Trd, 000191.050, 153
Trd, 000193.400, 168
Trd, 000193.450, 169
Trd, 000193.683, 168
Trd, 000193.700, 164
Trd, 000195.183, 163
Trd, 000195.317, 170
Trd, 000195.900, 163
Trd, 000196.067, 163
Trd, 000196.833, 176
Trd, 000197.217, 162
Trd, 000197.250, 181
Trd, 000197.283, 153
Trd, 000197.667, 189
Trd, 000198.133, 184
Trd, 000198.150, 168
Trd, 000199.433, 174
Trd, 000200.250, 175
Trd, 000200.650, 174
Trd, 000200.750, 177
Trd, 000201.133, 179
Trd, 000201.150, 175
Trd, 000201.917, 188
Trd, 000202.200, 185
Trd, 000203.567, 175
Trd, 000203.617, 174
Trd, 000204.300, 173
Trd, 000204.567, 176
Trd, 000204.583, 176
Trd, 000204.817, 172
Trd, 000204.983, 158
Trd, 000205.767, 162
Trd, 000206.050, 162
Trd, 000207.050, 162
Trd, 000207.333, 160
Trd, 000207.767, 155
Trd, 000208.283, 173
Trd, 000208.700, 162
Trd, 000209.267, 163
Trd, 000209.333, 163
Trd, 000209.983, 165
Trd, 000210.833, 166
Trd, 000211.983, 167
Trd, 000212.283, 167
Trd, 000212.300, 169
Trd, 000213.767, 168
Trd, 000213.883, 163
Trd, 000214.917, 162
Trd, 000215.083, 162
Trd, 000216.133, 164
Trd, 000216.250, 163
Trd, 000216.733, 166
Trd, 000217.650, 165
Trd, 000217.783, 171
Trd, 000218.383, 164
Trd, 000219.617, 170
Trd, 000220.317, 173
Trd, 000220.667, 165
Trd, 000221.250, 165
Trd, 000222.067, 178
Trd, 000222.833, 180
Trd, 000223.067, 184
Trd, 000223.433, 173
Trd, 000224.200, 173
Trd, 000224.283, 173
Trd, 000224.700, 172
Trd, 000225.350, 171
Trd, 000226.217, 173
Trd, 000226.800, 172
Trd, 000226.883, 172
Trd, 000227.883, 166
Trd, 000228.417, 165
Trd, 000228.767, 157
Trd, 000228.900, 171
Trd, 000228.933, 153
Trd, 000229.383, 172
Trd, 000229.650, 163
Trd, 000230.683, 164
Trd, 000231.083, 165
Trd, 000231.700, 165
Trd, 000234.000, 164
Trd, 000234.983, 169
Trd, 000235.033, 165
Trd, 000235.267, 169
Trd, 000235.733, 166
Trd, 000236.550, 169
Trd, 000237.167, 169
Trd, 000237.550, 173
Trd, 000238.533, 175
Trd, 000238.967, 170
Trd, 000239.250, 176
Trd, 000239.417, 170
Trd, 000239.717, 172
Trd, 000240.667, 172
Trd, 000240.733, 172
Trd, 000241.017, 171
Trd, 000241.050, 171
Trd, 000241.067, 171
Trd, 000241.883, 165
Trd, 000242.150, 169
Trd, 000242.400, 161
Trd, 000243.500, 167
Trd, 000243.550, 162
Trd, 000243.833, 161
Trd, 000244.033, 159
Trd, 000244.367, 158
Trd, 000244.800, 157
Trd, 000245.200, 161
Trd, 000245.383, 162
Trd, 000245.633, 165
Trd, 000246.433, 160
Trd, 000247.667, 167
Trd, 000247.750, 168
Trd, 000248.267, 168
Trd, 000248.700, 170
Trd, 000249.083, 169
Trd, 000249.167, 167
Trd, 000249.550, 173
Trd, 000249.650, 166
Trd, 000249.883, 177
Trd, 000250.683, 168
Trd, 000251.033, 168
Trd, 000251.650, 170
Trd, 000251.850, 169
Trd, 000252.167, 170
Trd, 000252.317, 169
Trd, 000253.150, 169
Trd, 000253.183, 169
Trd, 000253.517, 166
Trd, 000254.633, 169
Trd, 000254.817, 166
Trd, 000255.267, 159
Trd, 000256.017, 164
Trd, 000256.367, 167
Trd, 000256.483, 165
Trd, 000256.717, 164
Trd, 000257.417, 173
Trd, 000257.633, 170
Trd, 000258.167, 171
Trd, 000258.333, 171
Trd, 000258.900, 169
Trd, 000259.533, 171
Trd, 000259.650, 172
Trd, 000259.767, 171
Trd, 000260.033, 170
Trd, 000261.000, 173
Trd, 000261.200, 171
Trd, 000261.267, 172
Trd, 000261.733, 170
Trd, 000261.917, 177
Trd, 000262.233, 181
Trd, 000262.517, 170
Trd, 000263.417, 177
Trd, 000263.683, 174
Trd, 000263.933, 173
Trd, 000264.000, 163
Trd, 000264.467, 167
Trd, 000264.917, 178
Trd, 000265.033, 161
Trd, 000265.683, 164
Trd, 000266.433, 163
Trd, 000266.983, 169
Trd, 000267.417, 164
Trd, 000267.500, 173
Trd, 000267.583, 165
Trd, 000268.017, 179
Trd, 000268.583, 174
Trd, 000268.983, 179
Trd, 000269.083, 175
Trd, 000269.467, 188
Trd, 000269.867, 171
Trd, 000270.900, 184
Trd, 000271.033, 183
Trd, 000271.300, 186
Trd, 000271.483, 183
Trd, 000272.117, 182
Trd, 000272.133, 185
Trd, 000273.167, 183
Trd, 000273.417, 182
Trd, 000273.433, 181
Trd, 000274.283, 181
Trd, 000274.850, 179
Trd, 000275.283, 178
Trd, 000275.567, 180
Trd, 000275.650, 188
Trd, 000275.783, 175
Trd, 000276.783, 177
Trd, 000277.367, 176
Trd, 000277.400, 182
Trd, 000277.533, 171
Trd, 000277.883, 164
Trd, 000278.100, 162
Trd, 000278.367, 170
Trd, 000278.650, 162
Trd, 000278.883, 169
Trd, 000278.900, 168
Trd, 000279.350, 171
Trd, 000280.033, 170
Trd, 000280.583, 163
Trd, 000280.783, 163
Trd, 000281.783, 164
Trd, 000281.917, 162
Trd, 000282.567, 172
Trd, 000282.667, 171
Trd, 000283.533, 172
Trd, 000283.600, 165
Trd, 000283.800, 174
Trd, 000283.850, 176
Trd, 000284.033, 171
Trd, 000284.800, 168
Trd, 000285.550, 169
Trd, 000285.733, 170
Trd, 000286.300, 173
Trd, 000286.500, 180
Trd, 000286.633, 170
Trd, 000286.700, 180
Trd, 000287.583, 171
Trd, 000288.100, 170
Trd, 000288.167, 165
Trd, 000288.817, 173
Trd, 000289.083, 175
Trd, 000289.350, 186
Trd, 000290.000, 174
Trd, 000290.050, 177
Trd, 000290.300, 173
Trd, 000290.550, 172
Trd, 000290.683, 187
Trd, 000291.583, 182
Trd, 000291.833, 172
Trd, 000291.883, 188
Trd, 000292.000, 173
Trd, 000292.067, 171
Trd, 000292.350, 166
Trd, 000293.433, 171
Trd, 000293.533, 161
Trd, 000293.583, 177
Trd, 000294.050, 163
Trd, 000294.317, 149
Trd, 000295.050, 173
Trd, 000295.533, 174
Trd, 000296.733, 171
Trd, 000296.750, 168
Trd, 000297.317, 173
Trd, 000297.583, 171
Trd, 000297.900, 171
Trd, 000298.533, 173
Trd, 000298.817, 191
Trd, 000298.983, 173
Trd, 000299.100, 173
Trd, 000299.283, 172
Trd, 000299.483, 167
Trd, 000299.933, 163
