Trd, 000001.483, 113
Trd, 000001.967, 117
Trd, 000002.533, 140
Trd, 000003.150, 140
Trd, 000003.267, 141
Trd, 000003.883, 156
Trd, 000005.033, 143
Trd, 000005.350, 144
Trd, 000005.600, 143
Trd, 000006.183, 143
Trd, 000006.567, 144
Trd, 000007.400, 162
Trd, 000007.917, 150
Trd, 000008.517, 165
Trd, 000010.050, 158
Trd, 000010.367, 155
Trd, 000010.567, 159
Trd, 000010.667, 160
Trd, 000011.117, 156
Trd, 000012.117, 157
Trd, 000012.183, 158
Trd, 000012.317, 158
Trd, 000012.817, 159
Trd, 000014.117, 158
Trd, 000014.500, 157
Trd, 000015.033, 155
Trd, 000015.367, 153
Trd, 000015.817, 155
Trd, 000015.917, 157
Trd, 000016.533, 158
Trd, 000016.650, 156
Trd, 000017.350, 155
Trd, 000018.350, 158
Trd, 000018.367, 160
Trd, 000019.183, 158
Trd, 000019.333, 161
Trd, 000019.967, 161
Trd, 000020.083, 161
Trd, 000020.167, 161
Trd, 000020.850, 162
Trd, 000021.267, 162
Trd, 000021.783, 162
Trd, 000022.033, 160
Trd, 000023.000, 159
Trd, 000023.633, 158
Trd, 000023.900, 159
Trd, 000024.183, 160
Trd, 000024.483, 160
Trd, 000025.817, 160
Trd, 000026.083, 160
Trd, 000027.500, 163
Trd, 000027.817, 163
Trd, 000028.417, 162
Trd, 000028.483, 163
Trd, 000028.667, 161
Trd, 000029.267, 161
Trd, 000029.883, 161
Trd, 000029.950, 162
Trd, 000030.433, 160
Trd, 000031.183, 162
Trd, 000031.567, 160
Trd, 000031.850, 153
Trd, 000032.417, 141
Trd, 000032.700, 155
Trd, 000033.367, 154
Trd, 000033.483, 156
Trd, 000034.300, 157
Trd, 000034.500, 156
Trd, 000034.833, 155
Trd, 000035.233, 157
Trd, 000035.250, 151
Trd, 000035.433, 151
Trd, 000036.433, 151
Trd, 000037.183, 154
Trd, 000038.067, 153
Trd, 000038.617, 154
Trd, 000038.717, 159
Trd, 000039.650, 160
Trd, 000040.233, 160
Trd, 000040.767, 156
Trd, 000040.917, 158
Trd, 000041.183, 155
Trd, 000042.800, 158
Trd, 000043.433, 157
Trd, 000043.717, 157
Trd, 000044.617, 158
Trd, 000044.817, 158
Trd, 000044.867, 159
Trd, 000044.917, 156
Trd, 000045.767, 159
Trd, 000046.867, 157
Trd, 000046.900, 160
Trd, 000047.333, 161
Trd, 000047.383, 166
Trd, 000048.283, 161
Trd, 000049.267, 163
Trd, 000049.433, 162
Trd, 000050.033, 162
Trd, 000050.133, 163
Trd, 000050.183, 163
Trd, 000050.517, 163
Trd, 000050.650, 162
Trd, 000051.417, 160
Trd, 000051.900, 160
Trd, 000052.133, 160
Trd, 000052.383, 165
Trd, 000054.000, 160
Trd, 000054.250, 164
Trd, 000054.950, 163
Trd, 000055.100, 162
Trd, 000055.267, 161
Trd, 000056.067, 162
Trd, 000056.333, 162
Trd, 000056.400, 161
Trd, 000057.017, 160
Trd, 000058.167, 159
Trd, 000058.200, 161
Trd, 000059.667, 159
Trd, 000059.783, 156
Trd, 000060.417, 150
Trd, 000061.650, 153
Trd, 000062.150, 155
Trd, 000062.467, 152
Trd, 000062.800, 139
Trd, 000063.450, 146
Trd, 000063.783, 146
Trd, 000063.867, 147
Trd, 000064.700, 151
Trd, 000064.900, 152
Trd, 000065.217, 151
Trd, 000065.567, 151
Trd, 000065.900, 152
Trd, 000067.550, 159
Trd, 000068.267, 162
Trd, 000068.300, 160
Trd, 000069.450, 159
Trd, 000069.583, 162
Trd, 000069.867, 160
Trd, 000070.467, 161
Trd, 000070.917, 161
Trd, 000071.167, 162
Trd, 000071.283, 169
Trd, 000071.650, 173
Trd, 000071.750, 172
Trd, 000072.983, 167
Trd, 000073.533, 161
Trd, 000074.233, 165
Trd, 000074.800, 165
Trd, 000075.067, 165
Trd, 000075.150, 164
Trd, 000076.200, 163
Trd, 000076.300, 164
Trd, 000076.933, 163
Trd, 000077.417, 163
Trd, 000077.517, 164
Trd, 000077.817, 164
Trd, 000078.733, 163
Trd, 000078.883, 161
Trd, 000079.467, 159
Trd, 000079.583, 165
Trd, 000080.133, 164
Trd, 000081.867, 162
Trd, 000082.067, 160
Trd, 000082.083, 158
Trd, 000082.367, 158
Trd, 000083.000, 161
Trd, 000084.133, 163
Trd, 000084.150, 163
Trd, 000084.250, 147
Trd, 000084.267, 145
Trd, 000084.817, 150
Trd, 000086.067, 148
Trd, 000086.200, 147
Trd, 000086.300, 147
Trd, 000086.517, 148
Trd, 000087.000, 150
Trd, 000088.600, 150
Trd, 000088.750, 150
Trd, 000088.983, 151
Trd, 000089.550, 151
Trd, 000089.783, 151
Trd, 000090.350, 166
Trd, 000090.467, 153
Trd, 000090.533, 168
Trd, 000090.650, 152
Trd, 000091.667, 169
Trd, 000092.083, 171
Trd, 000092.483, 154
Trd, 000093.683, 163
Trd, 000094.733, 163
Trd, 000095.100, 163
Trd, 000095.467, 163
Trd, 000095.933, 165
Trd, 000096.133, 164
Trd, 000096.417, 163
Trd, 000096.850, 164
Trd, 000097.183, 165
Trd, 000097.533, 166
Trd, 000098.283, 169
Trd, 000099.250, 181
Trd, 000100.217, 181
Trd, 000100.400, 173
Trd, 000100.650, 177
Trd, 000100.800, 171
Trd, 000101.383, 168
Trd, 000101.833, 172
Trd, 000102.817, 162
Trd, 000103.400, 159
Trd, 000103.650, 140
Trd, 000104.583, 144
Trd, 000104.767, 147
Trd, 000104.967, 151
Trd, 000106.667, 156
Trd, 000106.983, 157
Trd, 000107.183, 165
Trd, 000107.650, 158
Trd, 000108.300, 167
Trd, 000109.083, 163
Trd, 000109.417, 164
Trd, 000109.867, 171
Trd, 000110.167, 169
Trd, 000110.417, 168
Trd, 000110.817, 167
Trd, 000111.150, 167
Trd, 000111.800, 167
Trd, 000113.817, 161
Trd, 000114.283, 168
Trd, 000114.683, 160
Trd, 000115.150, 160
Trd, 000115.717, 162
Trd, 000116.233, 164
Trd, 000116.583, 164
Trd, 000116.967, 162
Trd, 000117.250, 161
Trd, 000117.850, 161
Trd, 000118.367, 162
Trd, 000118.583, 165
Trd, 000119.733, 162
Trd, 000119.833, 163
Trd, 000120.450, 162
Trd, 000120.667, 166
Trd, 000121.700, 156
Trd, 000121.783, 164
Trd, 000122.217, 158
Trd, 000123.833, 158
Trd, 000123.867, 156
Trd, 000124.283, 141
Trd, 000124.417, 156
Trd, 000124.433, 132
Trd, 000124.700, 164
Trd, 000125.200, 166
Trd, 000126.117, 143
Trd, 000126.900, 134
Trd, 000127.267, 165
Trd, 000127.483, 158
Trd, 000128.350, 159
Trd, 000128.450, 158
Trd, 000129.183, 157
Trd, 000129.767, 160
Trd, 000130.250, 166
Trd, 000130.600, 168
Trd, 000130.800, 167
Trd, 000132.283, 167
Trd, 000132.967, 169
Trd, 000133.483, 166
Trd, 000133.867, 168
Trd, 000134.633, 167
Trd, 000134.850, 171
Trd, 000135.083, 168
Trd, 000135.650, 167
Trd, 000135.717, 175
Trd, 000137.733, 169
Trd, 000138.017, 167
Trd, 000138.117, 171
Trd, 000138.267, 172
Trd, 000139.333, 167
Trd, 000139.833, 170
Trd, 000140.300, 169
Trd, 000140.483, 170
Trd, 000140.900, 172
Trd, 000141.700, 171
Trd, 000142.533, 170
Trd, 000142.700, 169
Trd, 000143.050, 171
Trd, 000143.500, 174
Trd, 000143.583, 175
Trd, 000143.617, 173
Trd, 000144.700, 174
Trd, 000145.467, 176
Trd, 000146.267, 173
Trd, 000146.450, 174
Trd, 000147.150, 176
Trd, 000147.250, 173
Trd, 000148.950, 172
Trd, 000150.083, 175
Trd, 000150.150, 176
Trd, 000150.217, 176
Trd, 000150.783, 177
Trd, 000150.883, 177
Trd, 000151.400, 178
Trd, 000151.600, 178
Trd, 000152.133, 178
Trd, 000152.533, 173
Trd, 000153.317, 144
Trd, 000154.867, 168
Trd, 000154.900, 168
Trd, 000155.167, 168
Trd, 000156.050, 173
Trd, 000156.467, 171
Trd, 000156.800, 171
Trd, 000157.383, 172
Trd, 000157.700, 169
Trd, 000158.133, 170
Trd, 000158.150, 172
Trd, 000158.850, 169
Trd, 000159.633, 171
Trd, 000159.750, 173
Trd, 000159.917, 168
Trd, 000162.567, 172
Trd, 000162.933, 172
Trd, 000163.717, 168
Trd, 000163.967, 166
Trd, 000164.217, 166
Trd, 000165.217, 164
Trd, 000165.583, 171
Trd, 000167.350, 168
Trd, 000167.967, 163
Trd, 000168.233, 165
Trd, 000168.483, 166
Trd, 000169.100, 166
Trd, 000169.667, 166
Trd, 000169.683, 166
Trd, 000170.200, 170
Trd, 000170.400, 169
Trd, 000171.300, 172
Trd, 000171.567, 169
Trd, 000172.883, 170
Trd, 000173.100, 168
Trd, 000173.183, 169
Trd, 000173.400, 168
Trd, 000173.733, 167
Trd, 000173.783, 169
Trd, 000175.050, 158
Trd, 000176.050, 167
Trd, 000177.050, 170
Trd, 000177.200, 175
Trd, 000177.417, 173
Trd, 000177.967, 172
Trd, 000178.083, 171
Trd, 000178.383, 171
Trd, 000178.400, 173
Trd, 000178.717, 168
Trd, 000179.383, 169
Trd, 000179.550, 177
Trd, 000179.767, 168
Trd, 000181.433, 174
Trd, 000182.100, 174
Trd, 000182.367, 172
Trd, 000183.050, 176
Trd, 000183.500, 172
Trd, 000184.367, 170
Trd, 000184.517, 170
Trd, 000184.750, 173
Trd, 000185.933, 168
Trd, 000186.250, 159
Trd, 000187.533, 166
Trd, 000187.583, 165
Trd, 000188.117, 168
Trd, 000188.333, 174
Trd, 000188.600, 163
Trd, 000188.667, 163
Trd, 000188.917, 177
Trd, 000190.317, 166
Trd, 000191.350, 170
Trd, 000191.717, 171
Trd, 000192.067, 169
Trd, 000192.433, 170
Trd, 000194.083, 168
Trd, 000194.533, 173
Trd, 000194.633, 167
Trd, 000194.700, 166
Trd, 000194.817, 174
Trd, 000195.733, 169
Trd, 000196.600, 169
Trd, 000196.933, 171
Trd, 000197.300, 171
Trd, 000197.433, 172
Trd, 000198.017, 171
Trd, 000198.100, 170
Trd, 000198.717, 172
Trd, 000199.617, 170
Trd, 000199.717, 171
Trd, 000200.117, 171
Trd, 000200.217, 169
Trd, 000200.850, 170
Trd, 000201.350, 169
Trd, 000202.250, 171
Trd, 000203.050, 170
Trd, 000203.933, 171
Trd, 000204.183, 172
Trd, 000204.850, 170
Trd, 000205.017, 175
Trd, 000205.700, 178
Trd, 000205.717, 177
Trd, 000205.950, 174
Trd, 000207.967, 179
Trd, 000208.250, 188
Trd, 000208.467, 186
Trd, 000208.967, 181
Trd, 000209.033, 180
Trd, 000210.517, 179
Trd, 000211.100, 179
Trd, 000211.633, 179
Trd, 000211.867, 179
Trd, 000213.167, 178
Trd, 000213.483, 179
Trd, 000214.017, 172
Trd, 000214.900, 177
Trd, 000216.117, 173
Trd, 000216.283, 173
Trd, 000216.467, 172
Trd, 000217.883, 170
Trd, 000218.550, 170
Trd, 000218.700, 173
Trd, 000219.033, 175
Trd, 000219.600, 173
Trd, 000219.700, 174
Trd, 000220.767, 172
Trd, 000221.683, 171
Trd, 000222.200, 172
Trd, 000222.750, 176
Trd, 000223.100, 176
Trd, 000223.150, 177
Trd, 000224.500, 177
Trd, 000224.800, 175
Trd, 000225.117, 174
Trd, 000225.817, 172
Trd, 000226.017, 173
Trd, 000227.167, 174
Trd, 000227.300, 175
Trd, 000227.617, 178
Trd, 000227.700, 180
Trd, 000227.767, 174
Trd, 000228.583, 173
Trd, 000228.867, 172
Trd, 000229.100, 146
Trd, 000229.117, 180
Trd, 000230.783, 176
Trd, 000231.517, 175
Trd, 000232.133, 174
Trd, 000232.283, 175
Trd, 000232.483, 175
Trd, 000232.717, 177
Trd, 000233.450, 179
Trd, 000233.517, 178
Trd, 000234.050, 185
Trd, 000234.633, 181
Trd, 000235.050, 181
Trd, 000235.683, 181
Trd, 000235.967, 182
Trd, 000236.250, 181
Trd, 000236.283, 181
Trd, 000236.583, 174
Trd, 000237.983, 156
Trd, 000239.100, 185
Trd, 000239.500, 180
Trd, 000239.800, 186
Trd, 000240.117, 187
Trd, 000240.217, 185
Trd, 000240.433, 184
Trd, 000240.650, 184
Trd, 000241.333, 183
Trd, 000242.200, 182
Trd, 000242.217, 186
Trd, 000242.450, 188
Trd, 000242.783, 186
Trd, 000243.700, 182
Trd, 000244.500, 182
Trd, 000244.933, 181
Trd, 000245.650, 175
Trd, 000245.667, 173
Trd, 000246.200, 172
Trd, 000246.450, 173
Trd, 000246.983, 172
Trd, 000247.617, 173
Trd, 000247.650, 172
Trd, 000248.233, 172
Trd, 000248.450, 172
Trd, 000248.700, 172
Trd, 000249.150, 172
Trd, 000249.467, 172
Trd, 000250.000, 170
Trd, 000250.333, 170
Trd, 000250.600, 172
Trd, 000251.567, 173
Trd, 000251.767, 171
Trd, 000252.417, 177
Trd, 000253.700, 175
Trd, 000253.717, 174
Trd, 000253.917, 173
Trd, 000254.933, 162
Trd, 000255.100, 163
Trd, 000255.183, 166
Trd, 000255.867, 165
Trd, 000256.250, 162
Trd, 000257.050, 163
Trd, 000257.333, 163
Trd, 000257.350, 165
Trd, 000257.967, 165
Trd, 000258.517, 170
Trd, 000258.933, 166
Trd, 000259.417, 168
Trd, 000259.617, 168
Trd, 000260.517, 169
Trd, 000260.650, 168
Trd, 000260.683, 167
Trd, 000261.417, 166
Trd, 000261.433, 166
Trd, 000262.450, 168
Trd, 000264.250, 174
Trd, 000264.350, 181
Trd, 000264.417, 173
Trd, 000265.033, 173
Trd, 000265.883, 176
Trd, 000265.900, 175
Trd, 000266.533, 176
Trd, 000267.450, 178
Trd, 000267.883, 177
Trd, 000267.950, 176
Trd, 000268.350, 175
Trd, 000268.400, 174
Trd, 000268.450, 177
Trd, 000269.117, 174
Trd, 000269.267, 175
Trd, 000269.767, 175
Trd, 000269.783, 176
Trd, 000270.183, 185
Trd, 000271.533, 176
Trd, 000272.067, 178
Trd, 000272.817, 179
Trd, 000273.050, 180
Trd, 000273.300, 181
Trd, 000274.000, 181
Trd, 000274.017, 182
Trd, 000274.817, 180
Trd, 000274.933, 178
Trd, 000275.317, 175
Trd, 000276.300, 177
Trd, 000276.900, 179
Trd, 000277.483, 180
Trd, 000277.650, 180
Trd, 000277.883, 179
Trd, 000278.100, 176
Trd, 000278.333, 170
Trd, 000279.100, 175
Trd, 000279.633, 173
Trd, 000279.717, 180
Trd, 000280.467, 172
Trd, 000280.783, 172
Trd, 000281.200, 164
Trd, 000281.333, 165
Trd, 000282.150, 171
Trd, 000283.083, 169
Trd, 000283.200, 171
Trd, 000283.717, 164
Trd, 000284.267, 169
Trd, 000284.300, 168
Trd, 000285.450, 165
Trd, 000285.517, 166
Trd, 000285.617, 169
Trd, 000285.733, 170
Trd, 000285.933, 172
Trd, 000287.417, 173
Trd, 000287.817, 173
Trd, 000288.000, 176
Trd, 000288.717, 172
Trd, 000288.900, 171
Trd, 000289.100, 172
Trd, 000289.383, 173
Trd, 000289.483, 173
Trd, 000290.833, 178
Trd, 000290.850, 183
Trd, 000291.100, 176
Trd, 000291.550, 172
Trd, 000291.600, 170
Trd, 000292.567, 178
Trd, 000293.333, 181
Trd, 000293.533, 181
Trd, 000293.700, 187
Trd, 000294.633, 178
Trd, 000295.167, 181
Trd, 000295.933, 181
Trd, 000296.317, 179
Trd, 000297.183, 180
Trd, 000297.800, 184
Trd, 000298.350, 183
Trd, 000298.667, 186
Trd, 000299.567, 183
Trd, 000299.667, 183
Trd, 000299.817, 182
Trd, 000299.833, 180
Trd, 000299.967, 178
