Trd, 000001.950, 131
Trd, 000002.850, 136
Trd, 000003.567, 136
Trd, 000004.067, 137
Trd, 000004.767, 144
Trd, 000004.950, 140
Trd, 000005.700, 147
Trd, 000006.033, 158
Trd, 000006.167, 157
Trd, 000006.317, 156
Trd, 000008.300, 154
Trd, 000008.567, 155
Trd, 000008.717, 156
Trd, 000009.150, 153
Trd, 000009.317, 154
Trd, 000009.350, 152
Trd, 000010.417, 154
Trd, 000010.867, 153
Trd, 000011.350, 156
Trd, 000011.833, 156
Trd, 000012.000, 156
Trd, 000012.333, 155
Trd, 000012.600, 157
Trd, 000014.017, 155
Trd, 000014.250, 156
Trd, 000014.283, 155
Trd, 000015.833, 158
Trd, 000016.383, 159
Trd, 000016.567, 159
Trd, 000017.833, 159
Trd, 000018.267, 162
Trd, 000019.100, 160
Trd, 000019.150, 161
Trd, 000019.550, 159
Trd, 000020.800, 154
Trd, 000021.417, 144
Trd, 000021.450, 136
Trd, 000021.650, 158
Trd, 000023.133, 157
Trd, 000023.350, 153
Trd, 000023.933, 160
Trd, 000024.117, 155
Trd, 000024.500, 154
Trd, 000025.133, 145
Trd, 000025.283, 158
Trd, 000025.450, 149
Trd, 000025.667, 159
Trd, 000026.133, 159
Trd, 000026.167, 142
Trd, 000026.617, 159
Trd, 000027.000, 163
Trd, 000027.367, 163
Trd, 000029.000, 151
Trd, 000029.150, 149
Trd, 000029.767, 153
Trd, 000030.750, 159
Trd, 000031.267, 153
Trd, 000031.617, 152
Trd, 000031.800, 158
Trd, 000032.567, 159
Trd, 000033.233, 154
Trd, 000033.567, 155
Trd, 000034.300, 158
Trd, 000034.400, 154
Trd, 000034.517, 154
Trd, 000034.567, 143
Trd, 000034.917, 139
Trd, 000035.133, 140
Trd, 000035.250, 142
Trd, 000037.333, 142
Trd, 000037.800, 143
Trd, 000037.867, 161
Trd, 000038.550, 156
Trd, 000038.683, 165
Trd, 000039.100, 182
Trd, 000039.667, 153
Trd, 000040.483, 156
Trd, 000041.067, 157
Trd, 000041.650, 156
Trd, 000041.883, 159
Trd, 000042.433, 156
Trd, 000042.533, 155
Trd, 000043.417, 155
Trd, 000043.450, 144
Trd, 000043.600, 159
Trd, 000045.167, 157
Trd, 000045.333, 159
Trd, 000046.883, 157
Trd, 000047.000, 156
Trd, 000047.550, 156
Trd, 000048.017, 154
Trd, 000048.633, 153
Trd, 000049.033, 158
Trd, 000049.083, 155
Trd, 000049.550, 154
Trd, 000050.717, 157
Trd, 000051.550, 159
Trd, 000051.650, 159
Trd, 000052.283, 159
Trd, 000052.383, 160
Trd, 000053.283, 163
Trd, 000055.300, 162
Trd, 000055.517, 156
Trd, 000055.833, 155
Trd, 000056.667, 158
Trd, 000057.133, 159
Trd, 000057.650, 156
Trd, 000057.733, 155
Trd, 000058.250, 161
Trd, 000058.283, 163
Trd, 000059.633, 158
Trd, 000059.783, 161
Trd, 000060.200, 163
Trd, 000060.533, 159
Trd, 000060.600, 156
Trd, 000062.117, 163
Trd, 000063.483, 160
Trd, 000064.333, 162
Trd, 000064.717, 163
Trd, 000064.867, 163
Trd, 000064.983, 160
Trd, 000065.483, 159
Trd, 000065.717, 156
Trd, 000065.800, 161
Trd, 000066.300, 163
Trd, 000066.383, 156
Trd, 000067.217, 162
Trd, 000067.867, 155
Trd, 000068.717, 157
Trd, 000069.250, 159
Trd, 000070.150, 157
Trd, 000070.417, 161
Trd, 000070.583, 162
Trd, 000070.833, 165
Trd, 000071.100, 167
Trd, 000072.317, 164
Trd, 000072.383, 158
Trd, 000072.733, 164
Trd, 000074.267, 154
Trd, 000074.800, 165
Trd, 000075.100, 156
Trd, 000076.317, 159
Trd, 000076.817, 162
Trd, 000077.200, 162
Trd, 000077.783, 163
Trd, 000078.350, 163
Trd, 000078.583, 157
Trd, 000078.700, 164
Trd, 000079.183, 170
Trd, 000079.583, 162
Trd, 000080.817, 163
Trd, 000080.933, 162
Trd, 000081.300, 162
Trd, 000082.400, 161
Trd, 000083.167, 164
Trd, 000083.633, 163
Trd, 000084.283, 160
Trd, 000084.717, 164
Trd, 000084.800, 164
Trd, 000085.083, 165
Trd, 000085.133, 166
Trd, 000085.167, 159
Trd, 000085.533, 166
Trd, 000085.650, 167
Trd, 000085.900, 167
Trd, 000086.950, 161
Trd, 000087.683, 159
Trd, 000087.983, 161
Trd, 000088.167, 161
Trd, 000088.333, 157
Trd, 000088.817, 158
Trd, 000089.250, 162
Trd, 000090.800, 153
Trd, 000091.317, 152
Trd, 000092.417, 162
Trd, 000092.533, 151
Trd, 000092.833, 163
Trd, 000092.850, 149
Trd, 000093.000, 143
Trd, 000094.650, 146
Trd, 000094.767, 145
Trd, 000095.400, 165
Trd, 000095.667, 160
Trd, 000097.200, 153
Trd, 000097.567, 158
Trd, 000097.667, 160
Trd, 000098.300, 157
Trd, 000098.750, 158
Trd, 000098.883, 154
Trd, 000100.083, 157
Trd, 000100.150, 154
Trd, 000101.167, 159
Trd, 000102.350, 154
Trd, 000102.683, 153
Trd, 000103.283, 164
Trd, 000103.767, 165
Trd, 000104.033, 154
Trd, 000104.500, 153
Trd, 000104.700, 152
Trd, 000106.233, 153
Trd, 000106.767, 154
Trd, 000106.783, 155
Trd, 000107.100, 154
Trd, 000107.217, 163
Trd, 000108.850, 169
Trd, 000109.150, 170
Trd, 000109.317, 154
Trd, 000109.383, 166
Trd, 000110.233, 172
Trd, 000111.500, 164
Trd, 000111.800, 166
Trd, 000112.850, 163
Trd, 000113.017, 163
Trd, 000113.167, 162
Trd, 000113.267, 165
Trd, 000113.617, 186
Trd, 000114.900, 155
Trd, 000115.300, 177
Trd, 000116.533, 168
Trd, 000116.867, 165
Trd, 000117.083, 145
Trd, 000117.267, 149
Trd, 000117.517, 150
Trd, 000119.050, 164
Trd, 000119.117, 157
Trd, 000119.350, 153
Trd, 000119.750, 155
Trd, 000119.967, 165
Trd, 000122.133, 160
Trd, 000122.317, 156
Trd, 000122.350, 161
Trd, 000123.067, 160
Trd, 000123.217, 155
Trd, 000123.700, 155
Trd, 000124.117, 159
Trd, 000124.500, 169
Trd, 000125.283, 166
Trd, 000126.467, 163
Trd, 000127.217, 160
Trd, 000127.433, 161
Trd, 000127.650, 160
Trd, 000127.783, 161
Trd, 000128.850, 158
Trd, 000129.217, 163
Trd, 000129.833, 168
Trd, 000130.033, 167
Trd, 000130.250, 162
Trd, 000131.000, 171
Trd, 000131.867, 191
Trd, 000131.917, 181
Trd, 000132.400, 172
Trd, 000133.600, 174
Trd, 000134.233, 173
Trd, 000134.700, 172
Trd, 000136.117, 173
Trd, 000137.317, 170
Trd, 000139.467, 168
Trd, 000139.533, 166
Trd, 000139.700, 168
Trd, 000139.983, 170
Trd, 000140.050, 172
Trd, 000140.267, 170
Trd, 000140.367, 169
Trd, 000140.483, 168
Trd, 000141.200, 157
Trd, 000141.583, 169
Trd, 000141.600, 170
Trd, 000141.800, 171
Trd, 000142.517, 158
Trd, 000143.083, 154
Trd, 000143.983, 173
Trd, 000145.150, 169
Trd, 000145.317, 175
Trd, 000145.800, 169
Trd, 000145.967, 173
Trd, 000146.133, 167
Trd, 000147.050, 151
Trd, 000147.633, 152
Trd, 000148.133, 161
Trd, 000148.283, 158
Trd, 000148.517, 154
Trd, 000148.817, 153
Trd, 000149.383, 157
Trd, 000150.133, 158
Trd, 000151.167, 159
Trd, 000151.667, 160
Trd, 000152.217, 157
Trd, 000152.367, 161
Trd, 000153.133, 158
Trd, 000154.100, 160
Trd, 000154.283, 158
Trd, 000154.483, 163
Trd, 000156.083, 161
Trd, 000156.300, 161
Trd, 000156.450, 158
Trd, 000158.083, 159
Trd, 000158.350, 163
Trd, 000158.533, 163
Trd, 000158.983, 171
Trd, 000159.150, 159
Trd, 000160.783, 161
Trd, 000160.833, 160
Trd, 000161.233, 164
Trd, 000162.267, 161
Trd, 000162.517, 165
Trd, 000163.133, 173
Trd, 000163.900, 172
Trd, 000163.950, 162
Trd, 000164.317, 169
Trd, 000164.867, 159
Trd, 000167.183, 168
Trd, 000167.383, 167
Trd, 000167.567, 161
Trd, 000167.617, 159
Trd, 000168.100, 169
Trd, 000168.683, 161
Trd, 000169.467, 161
Trd, 000170.400, 161
Trd, 000171.033, 174
Trd, 000171.117, 160
Trd, 000172.417, 172
Trd, 000172.467, 173
Trd, 000173.333, 169
Trd, 000174.217, 164
Trd, 000174.233, 162
Trd, 000174.900, 168
Trd, 000174.950, 163
Trd, 000175.400, 167
Trd, 000175.983, 168
Trd, 000176.717, 164
Trd, 000177.433, 165
Trd, 000177.900, 164
Trd, 000178.200, 172
Trd, 000178.767, 180
Trd, 000179.900, 173
Trd, 000180.517, 173
Trd, 000180.600, 174
Trd, 000181.733, 174
Trd, 000182.200, 176
Trd, 000182.283, 174
Trd, 000182.333, 174
Trd, 000182.483, 176
Trd, 000183.667, 168
Trd, 000184.000, 169
Trd, 000184.450, 167
Trd, 000184.883, 169
Trd, 000185.467, 168
Trd, 000185.950, 167
Trd, 000187.233, 169
Trd, 000187.517, 163
Trd, 000187.933, 173
Trd, 000188.067, 177
Trd, 000188.567, 177
Trd, 000188.600, 162
Trd, 000190.833, 169
Trd, 000190.983, 167
Trd, 000191.700, 166
Trd, 000192.317, 170
Trd, 000193.417, 168
Trd, 000193.667, 166
Trd, 000193.900, 159
Trd, 000194.283, 169
Trd, 000194.433, 169
Trd, 000196.050, 164
Trd, 000197.583, 170
Trd, 000197.833, 170
Trd, 000197.917, 163
Trd, 000198.533, 164
Trd, 000198.683, 172
Trd, 000198.900, 163
Trd, 000198.983, 162
Trd, 000199.167, 160
Trd, 000199.950, 173
Trd, 000200.567, 178
Trd, 000200.933, 164
Trd, 000200.967, 177
Trd, 000201.167, 164
Trd, 000201.917, 178
Trd, 000202.550, 175
Trd, 000202.767, 176
Trd, 000205.100, 177
Trd, 000205.267, 175
Trd, 000205.350, 174
Trd, 000206.983, 176
Trd, 000207.917, 175
Trd, 000208.333, 176
Trd, 000208.633, 165
Trd, 000208.750, 164
Trd, 000209.650, 172
Trd, 000209.717, 175
Trd, 000210.217, 174
Trd, 000210.783, 175
Trd, 000211.033, 173
Trd, 000211.550, 176
Trd, 000214.100, 170
Trd, 000214.650, 173
Trd, 000215.067, 170
Trd, 000215.617, 170
Trd, 000215.950, 170
Trd, 000216.100, 169
Trd, 000216.717, 171
Trd, 000217.617, 172
Trd, 000218.450, 172
Trd, 000218.567, 166
Trd, 000218.600, 174
Trd, 000219.400, 175
Trd, 000219.567, 183
Trd, 000219.750, 184
Trd, 000220.033, 197
Trd, 000221.000, 185
Trd, 000221.300, 171
Trd, 000223.817, 174
Trd, 000224.233, 175
Trd, 000224.950, 174
Trd, 000225.033, 173
Trd, 000225.317, 169
Trd, 000225.450, 174
Trd, 000226.117, 174
Trd, 000226.250, 175
Trd, 000226.500, 176
Trd, 000226.900, 177
Trd, 000226.983, 170
Trd, 000227.583, 171
Trd, 000227.633, 183
Trd, 000228.650, 181
Trd, 000229.133, 171
Trd, 000229.283, 180
Trd, 000229.650, 179
Trd, 000229.750, 180
Trd, 000230.333, 181
Trd, 000230.350, 178
Trd, 000230.867, 166
Trd, 000231.733, 163
Trd, 000232.283, 183
Trd, 000234.133, 167
Trd, 000234.650, 173
Trd, 000234.733, 163
Trd, 000235.667, 173
Trd, 000236.517, 165
Trd, 000237.350, 172
Trd, 000238.233, 169
Trd, 000238.800, 169
Trd, 000239.500, 173
Trd, 000240.267, 171
Trd, 000240.500, 172
Trd, 000240.667, 172
Trd, 000240.800, 173
Trd, 000241.200, 172
Trd, 000241.317, 172
Trd, 000241.667, 172
Trd, 000241.833, 175
Trd, 000242.117, 171
Trd, 000242.333, 172
Trd, 000242.617, 172
Trd, 000243.083, 175
Trd, 000243.117, 170
Trd, 000243.533, 173
Trd, 000244.433, 179
Trd, 000244.983, 181
Trd, 000245.217, 176
Trd, 000245.667, 179
Trd, 000246.617, 174
Trd, 000247.167, 180
Trd, 000247.933, 177
Trd, 000248.233, 176
Trd, 000248.633, 177
Trd, 000249.967, 177
Trd, 000250.183, 176
Trd, 000250.467, 176
Trd, 000250.650, 170
Trd, 000251.150, 178
Trd, 000252.000, 177
Trd, 000252.633, 179
Trd, 000252.800, 177
Trd, 000253.000, 176
Trd, 000253.750, 175
Trd, 000253.867, 180
Trd, 000254.933, 174
Trd, 000255.217, 179
Trd, 000255.717, 177
Trd, 000255.733, 178
Trd, 000256.400, 177
Trd, 000256.467, 179
Trd, 000256.600, 182
Trd, 000256.950, 178
Trd, 000257.400, 182
Trd, 000259.250, 182
Trd, 000259.283, 181
Trd, 000259.400, 181
Trd, 000259.500, 183
Trd, 000259.650, 183
Trd, 000259.683, 183
Trd, 000259.883, 174
Trd, 000259.933, 169
Trd, 000260.200, 184
Trd, 000261.300, 179
Trd, 000261.950, 180
Trd, 000262.067, 179
Trd, 000262.200, 184
Trd, 000262.517, 180
Trd, 000263.067, 184
Trd, 000263.100, 188
Trd, 000263.267, 178
Trd, 000263.583, 177
Trd, 000264.567, 177
Trd, 000265.600, 181
Trd, 000265.900, 179
Trd, 000266.050, 179
Trd, 000266.650, 178
Trd, 000266.767, 177
Trd, 000266.783, 178
Trd, 000266.967, 182
Trd, 000267.100, 184
Trd, 000267.633, 181
Trd, 000268.100, 186
Trd, 000268.367, 180
Trd, 000269.000, 180
Trd, 000269.017, 182
Trd, 000269.150, 174
Trd, 000269.550, 170
Trd, 000271.183, 175
Trd, 000271.467, 176
Trd, 000271.600, 173
Trd, 000272.300, 175
Trd, 000272.467, 171
Trd, 000272.900, 172
Trd, 000273.017, 176
Trd, 000273.367, 171
Trd, 000273.883, 173
Trd, 000273.983, 171
Trd, 000274.550, 171
Trd, 000275.133, 175
Trd, 000275.450, 175
Trd, 000276.283, 179
Trd, 000276.317, 182
Trd, 000276.850, 175
Trd, 000277.550, 173
Trd, 000278.383, 175
Trd, 000278.433, 179
Trd, 000279.783, 179
Trd, 000281.000, 180
Trd, 000281.067, 179
Trd, 000281.283, 178
Trd, 000281.633, 179
Trd, 000281.650, 180
Trd, 000281.700, 182
Trd, 000281.850, 176
Trd, 000282.333, 179
Trd, 000283.000, 184
Trd, 000283.083, 178
Trd, 000283.567, 177
Trd, 000283.733, 178
Trd, 000283.867, 185
Trd, 000284.133, 193
Trd, 000284.517, 192
Trd, 000284.733, 200
Trd, 000284.867, 193
Trd, 000285.017, 192
Trd, 000285.917, 170
Trd, 000286.100, 173
Trd, 000286.117, 174
Trd, 000286.533, 194
Trd, 000287.250, 181
Trd, 000288.500, 184
Trd, 000288.717, 185
Trd, 000289.350, 184
Trd, 000289.867, 186
Trd, 000290.017, 185
Trd, 000290.100, 183
Trd, 000290.500, 180
Trd, 000290.533, 189
Trd, 000290.700, 177
Trd, 000291.283, 180
Trd, 000291.900, 173
Trd, 000292.750, 172
Trd, 000293.217, 180
Trd, 000293.433, 181
Trd, 000294.367, 172
Trd, 000294.417, 175
Trd, 000294.950, 172
Trd, 000295.050, 177
Trd, 000295.267, 182
Trd, 000296.633, 186
Trd, 000296.833, 176
Trd, 000298.000, 184
Trd, 000298.183, 179
Trd, 000298.283, 178
Trd, 000298.417, 184
Trd, 000298.633, 179
Trd, 000299.717, 177
