Trd, 000002.250, 181
Trd, 000002.450, 180
Trd, 000002.600, 179
Trd, 000002.617, 178
Trd, 000003.550, 149
Trd, 000003.967, 148
Trd, 000004.267, 145
Trd, 000004.317, 144
Trd, 000004.850, 150
Trd, 000005.783, 150
Trd, 000005.967, 148
Trd, 000006.483, 140
Trd, 000006.767, 139
Trd, 000008.483, 146
Trd, 000008.983, 147
Trd, 000009.567, 148
Trd, 000010.283, 149
Trd, 000010.300, 146
Trd, 000010.717, 145
Trd, 000010.917, 148
Trd, 000011.517, 168
Trd, 000012.150, 168
Trd, 000013.017, 166
Trd, 000013.267, 156
Trd, 000014.417, 152
Trd, 000014.650, 167
Trd, 000015.650, 154
Trd, 000016.567, 157
Trd, 000017.183, 157
Trd, 000017.267, 155
Trd, 000017.900, 159
Trd, 000018.000, 155
Trd, 000018.067, 149
Trd, 000018.783, 148
Trd, 000020.200, 156
Trd, 000020.850, 155
Trd, 000022.300, 150
Trd, 000022.367, 152
Trd, 000023.150, 148
Trd, 000024.067, 152
Trd, 000024.200, 149
Trd, 000024.483, 150
Trd, 000024.767, 133
Trd, 000025.500, 150
Trd, 000026.500, 150
Trd, 000027.133, 168
Trd, 000027.650, 158
Trd, 000028.233, 158
Trd, 000028.867, 160
Trd, 000028.983, 156
Trd, 000030.033, 152
Trd, 000030.817, 153
Trd, 000031.050, 153
Trd, 000033.350, 152
Trd, 000034.217, 154
Trd, 000035.283, 153
Trd, 000035.650, 153
Trd, 000036.100, 154
Trd, 000036.117, 153
Trd, 000036.267, 156
Trd, 000036.917, 156
Trd, 000037.050, 154
Trd, 000037.667, 171
Trd, 000039.467, 155
Trd, 000039.817, 158
Trd, 000039.850, 159
Trd, 000039.900, 154
Trd, 000041.017, 154
Trd, 000041.500, 151
Trd, 000042.067, 157
Trd, 000043.150, 153
Trd, 000044.050, 154
Trd, 000044.067, 157
Trd, 000045.267, 155
Trd, 000045.750, 153
Trd, 000045.900, 154
Trd, 000046.000, 155
Trd, 000047.333, 154
Trd, 000047.417, 157
Trd, 000047.617, 154
Trd, 000048.033, 161
Trd, 000048.233, 154
Trd, 000048.817, 152
Trd, 000048.900, 163
Trd, 000048.917, 152
Trd, 000049.900, 168
Trd, 000050.600, 157
Trd, 000051.650, 169
Trd, 000051.983, 153
Trd, 000052.033, 151
Trd, 000052.583, 171
Trd, 000053.283, 156
Trd, 000053.533, 156
Trd, 000054.267, 162
Trd, 000054.867, 154
Trd, 000055.450, 154
Trd, 000055.600, 155
Trd, 000056.083, 173
Trd, 000057.183, 159
Trd, 000057.217, 165
Trd, 000059.150, 161
Trd, 000059.250, 162
Trd, 000059.500, 161
Trd, 000059.750, 161
Trd, 000060.050, 160
Trd, 000060.267, 160
Trd, 000061.633, 160
Trd, 000062.383, 154
Trd, 000062.433, 150
Trd, 000063.083, 154
Trd, 000063.950, 155
Trd, 000064.517, 158
Trd, 000064.983, 154
Trd, 000065.150, 154
Trd, 000065.750, 168
Trd, 000067.483, 165
Trd, 000068.183, 165
Trd, 000068.617, 172
Trd, 000068.750, 172
Trd, 000068.800, 171
Trd, 000068.917, 164
Trd, 000069.283, 170
Trd, 000069.950, 166
Trd, 000070.067, 172
Trd, 000070.717, 174
Trd, 000071.317, 175
Trd, 000071.500, 161
Trd, 000072.150, 155
Trd, 000073.183, 172
Trd, 000074.967, 169
Trd, 000075.367, 165
Trd, 000075.467, 164
Trd, 000076.017, 170
Trd, 000076.033, 171
Trd, 000076.167, 165
Trd, 000077.767, 171
Trd, 000078.350, 176
Trd, 000078.883, 173
Trd, 000079.150, 169
Trd, 000080.383, 167
Trd, 000080.700, 167
Trd, 000081.500, 165
Trd, 000082.117, 169
Trd, 000082.517, 162
Trd, 000082.767, 156
Trd, 000083.100, 166
Trd, 000083.267, 165
Trd, 000083.783, 164
Trd, 000084.217, 166
Trd, 000084.667, 160
Trd, 000086.950, 166
Trd, 000087.200, 168
Trd, 000087.233, 164
Trd, 000087.250, 161
Trd, 000088.600, 169
Trd, 000089.033, 168
Trd, 000089.683, 166
Trd, 000090.683, 165
Trd, 000090.717, 168
Trd, 000092.000, 167
Trd, 000092.083, 168
Trd, 000092.183, 163
Trd, 000092.567, 163
Trd, 000093.033, 168
Trd, 000093.550, 166
Trd, 000094.733, 163
Trd, 000094.833, 162
Trd, 000094.867, 164
Trd, 000096.483, 163
Trd, 000096.633, 160
Trd, 000096.750, 165
Trd, 000097.867, 159
Trd, 000099.400, 162
Trd, 000099.950, 161
Trd, 000100.333, 163
Trd, 000100.600, 165
Trd, 000101.083, 163
Trd, 000102.217, 165
Trd, 000102.983, 161
Trd, 000103.033, 158
Trd, 000103.150, 163
Trd, 000103.200, 158
Trd, 000104.033, 145
Trd, 000105.000, 144
Trd, 000105.617, 156
Trd, 000105.750, 156
Trd, 000106.367, 156
Trd, 000106.383, 144
Trd, 000106.433, 158
Trd, 000108.567, 154
Trd, 000108.733, 153
Trd, 000108.800, 152
Trd, 000109.033, 154
Trd, 000109.717, 152
Trd, 000110.517, 160
Trd, 000111.667, 156
Trd, 000111.683, 155
Trd, 000112.533, 157
Trd, 000113.600, 162
Trd, 000114.217, 163
Trd, 000115.050, 175
Trd, 000115.150, 174
Trd, 000115.800, 176
Trd, 000116.583, 173
Trd, 000117.000, 174
Trd, 000117.200, 170
Trd, 000117.467, 180
Trd, 000118.100, 178
Trd, 000118.450, 178
Trd, 000119.233, 181
Trd, 000119.850, 177
Trd, 000121.333, 177
Trd, 000121.600, 176
Trd, 000121.667, 175
Trd, 000121.783, 177
Trd, 000121.967, 181
Trd, 000122.433, 170
Trd, 000122.817, 167
Trd, 000123.833, 173
Trd, 000124.983, 169
Trd, 000125.233, 171
Trd, 000126.350, 167
Trd, 000126.567, 169
Trd, 000127.650, 175
Trd, 000128.467, 170
Trd, 000129.867, 175
Trd, 000130.083, 174
Trd, 000130.100, 176
Trd, 000130.683, 177
Trd, 000130.850, 170
Trd, 000131.433, 167
Trd, 000132.450, 170
Trd, 000132.567, 176
Trd, 000132.583, 178
Trd, 000135.100, 166
Trd, 000135.317, 165
Trd, 000135.917, 171
Trd, 000135.950, 161
Trd, 000136.900, 170
Trd, 000137.917, 171
Trd, 000138.367, 165
Trd, 000138.567, 169
Trd, 000138.800, 171
Trd, 000139.917, 182
Trd, 000139.967, 170
Trd, 000140.183, 170
Trd, 000140.267, 168
Trd, 000141.383, 169
Trd, 000142.917, 169
Trd, 000142.983, 171
Trd, 000143.317, 171
Trd, 000143.333, 169
Trd, 000143.550, 170
Trd, 000144.750, 179
Trd, 000144.850, 168
Trd, 000145.867, 162
Trd, 000146.050, 158
Trd, 000146.283, 166
Trd, 000146.400, 164
Trd, 000147.050, 145
Trd, 000147.767, 135
Trd, 000148.183, 139
Trd, 000149.233, 153
Trd, 000149.400, 158
Trd, 000150.250, 158
Trd, 000151.150, 172
Trd, 000152.700, 165
Trd, 000153.567, 167
Trd, 000153.633, 163
Trd, 000153.817, 160
Trd, 000154.100, 148
Trd, 000154.283, 167
Trd, 000154.367, 148
Trd, 000154.583, 165
Trd, 000155.250, 166
Trd, 000157.333, 165
Trd, 000157.800, 166
Trd, 000158.583, 163
Trd, 000158.800, 165
Trd, 000159.433, 165
Trd, 000159.517, 166
Trd, 000160.867, 166
Trd, 000161.683, 166
Trd, 000161.850, 168
Trd, 000162.733, 168
Trd, 000162.750, 167
Trd, 000162.983, 170
Trd, 000163.100, 166
Trd, 000163.533, 181
Trd, 000164.017, 169
Trd, 000164.167, 168
Trd, 000166.033, 167
Trd, 000166.333, 170
Trd, 000166.817, 167
Trd, 000167.700, 167
Trd, 000168.167, 167
Trd, 000168.400, 168
Trd, 000168.750, 166
Trd, 000168.783, 165
Trd, 000168.950, 162
Trd, 000169.833, 161
Trd, 000170.217, 163
Trd, 000170.533, 163
Trd, 000170.717, 163
Trd, 000171.400, 161
Trd, 000172.883, 161
Trd, 000173.250, 165
Trd, 000174.700, 163
Trd, 000175.567, 162
Trd, 000175.750, 156
Trd, 000176.500, 165
Trd, 000176.733, 164
Trd, 000177.433, 166
Trd, 000177.650, 166
Trd, 000177.767, 165
Trd, 000179.383, 186
Trd, 000180.150, 171
Trd, 000180.850, 173
Trd, 000182.300, 176
Trd, 000182.433, 178
Trd, 000183.133, 176
Trd, 000183.900, 176
Trd, 000184.333, 176
Trd, 000184.517, 175
Trd, 000184.817, 166
Trd, 000184.983, 171
Trd, 000185.267, 176
Trd, 000185.917, 175
Trd, 000186.217, 192
Trd, 000186.533, 169
Trd, 000187.200, 169
Trd, 000188.133, 185
Trd, 000188.667, 188
Trd, 000189.900, 184
Trd, 000190.617, 178
Trd, 000191.517, 178
Trd, 000191.667, 181
Trd, 000192.050, 181
Trd, 000192.667, 181
Trd, 000193.000, 179
Trd, 000193.550, 179
Trd, 000193.700, 175
Trd, 000193.717, 173
Trd, 000194.783, 167
Trd, 000195.417, 176
Trd, 000197.233, 175
Trd, 000197.383, 176
Trd, 000198.117, 169
Trd, 000198.317, 166
Trd, 000198.550, 176
Trd, 000199.567, 176
Trd, 000200.333, 169
Trd, 000200.467, 168
Trd, 000201.333, 177
Trd, 000201.900, 174
Trd, 000202.783, 176
Trd, 000203.033, 177
Trd, 000203.100, 176
Trd, 000203.300, 188
Trd, 000203.483, 199
Trd, 000203.683, 175
Trd, 000204.650, 174
Trd, 000205.017, 174
Trd, 000206.050, 152
Trd, 000206.650, 169
Trd, 000206.933, 176
Trd, 000207.367, 154
Trd, 000207.833, 154
Trd, 000207.900, 172
Trd, 000208.150, 173
Trd, 000208.967, 172
Trd, 000209.683, 176
Trd, 000209.850, 172
Trd, 000210.417, 169
Trd, 000210.567, 165
Trd, 000211.317, 188
Trd, 000212.900, 184
Trd, 000214.200, 186
Trd, 000214.233, 186
Trd, 000214.317, 187
Trd, 000214.883, 178
Trd, 000215.183, 183
Trd, 000215.483, 175
Trd, 000215.750, 186
Trd, 000215.933, 169
Trd, 000216.817, 185
Trd, 000217.650, 188
Trd, 000217.750, 148
Trd, 000218.783, 156
Trd, 000219.250, 163
Trd, 000219.933, 171
Trd, 000221.350, 174
Trd, 000222.333, 176
Trd, 000222.433, 179
Trd, 000223.017, 175
Trd, 000223.667, 187
Trd, 000224.817, 175
Trd, 000225.033, 176
Trd, 000225.333, 190
Trd, 000225.467, 176
Trd, 000226.283, 185
Trd, 000226.683, 184
Trd, 000226.917, 176
Trd, 000226.983, 170
Trd, 000227.350, 184
Trd, 000228.500, 177
Trd, 000228.533, 172
Trd, 000228.700, 166
Trd, 000229.500, 189
Trd, 000229.533, 191
Trd, 000230.150, 190
Trd, 000230.217, 188
Trd, 000231.683, 172
Trd, 000232.117, 176
Trd, 000233.467, 176
Trd, 000234.150, 176
Trd, 000235.217, 177
Trd, 000235.633, 179
Trd, 000236.200, 177
Trd, 000236.283, 180
Trd, 000236.417, 175
Trd, 000236.983, 191
Trd, 000237.200, 176
Trd, 000237.400, 171
Trd, 000237.917, 167
Trd, 000238.000, 183
Trd, 000239.783, 172
Trd, 000240.117, 173
Trd, 000240.333, 174
Trd, 000240.400, 175
Trd, 000240.500, 173
Trd, 000240.650, 175
Trd, 000241.250, 174
Trd, 000241.667, 174
Trd, 000242.017, 174
Trd, 000242.167, 173
Trd, 000242.333, 175
Trd, 000242.500, 189
Trd, 000242.883, 175
Trd, 000243.083, 178
Trd, 000244.767, 180
Trd, 000244.917, 179
Trd, 000245.983, 183
Trd, 000246.300, 188
Trd, 000246.617, 180
Trd, 000246.950, 185
Trd, 000247.717, 184
Trd, 000247.883, 186
Trd, 000248.217, 192
Trd, 000248.900, 190
Trd, 000249.350, 184
Trd, 000249.850, 186
Trd, 000250.317, 185
Trd, 000250.567, 182
Trd, 000250.583, 181
Trd, 000251.217, 182
Trd, 000251.683, 179
Trd, 000251.883, 176
Trd, 000251.950, 181
Trd, 000252.233, 176
Trd, 000252.417, 173
Trd, 000253.367, 178
Trd, 000253.567, 171
Trd, 000253.667, 169
Trd, 000255.017, 172
Trd, 000255.833, 166
Trd, 000255.900, 166
Trd, 000256.133, 169
Trd, 000256.383, 171
Trd, 000256.967, 181
Trd, 000257.183, 192
Trd, 000257.517, 191
Trd, 000257.717, 193
Trd, 000258.000, 187
Trd, 000258.400, 194
Trd, 000259.067, 185
Trd, 000259.083, 181
Trd, 000259.433, 182
Trd, 000260.000, 181
Trd, 000260.317, 185
Trd, 000261.033, 181
Trd, 000261.300, 182
Trd, 000261.550, 180
Trd, 000261.800, 183
Trd, 000262.500, 179
Trd, 000262.767, 177
Trd, 000263.300, 184
Trd, 000263.667, 181
Trd, 000263.750, 180
Trd, 000263.900, 179
Trd, 000264.083, 181
Trd, 000264.533, 182
Trd, 000265.217, 201
Trd, 000266.300, 191
Trd, 000266.833, 182
Trd, 000267.383, 187
Trd, 000268.550, 188
Trd, 000268.950, 188
Trd, 000269.117, 191
Trd, 000269.250, 187
Trd, 000269.350, 186
Trd, 000269.817, 188
Trd, 000270.217, 183
Trd, 000270.267, 195
Trd, 000270.767, 187
Trd, 000271.700, 195
Trd, 000272.817, 187
Trd, 000273.467, 184
Trd, 000273.700, 192
Trd, 000273.750, 193
Trd, 000275.200, 190
Trd, 000275.617, 191
Trd, 000275.983, 192
Trd, 000276.033, 195
Trd, 000276.283, 189
Trd, 000276.333, 188
Trd, 000276.383, 190
Trd, 000276.583, 184
Trd, 000276.683, 187
Trd, 000277.250, 184
Trd, 000277.633, 179
Trd, 000277.850, 180
Trd, 000278.467, 182
Trd, 000278.800, 186
Trd, 000279.133, 196
Trd, 000279.150, 193
Trd, 000279.917, 195
Trd, 000280.217, 191
Trd, 000280.750, 190
Trd, 000281.600, 186
Trd, 000282.033, 184
Trd, 000282.067, 183
Trd, 000283.000, 190
Trd, 000284.433, 185
Trd, 000284.617, 182
Trd, 000284.833, 189
Trd, 000285.067, 190
Trd, 000285.283, 183
Trd, 000285.300, 181
Trd, 000286.133, 191
Trd, 000286.200, 195
Trd, 000286.483, 197
Trd, 000287.000, 182
Trd, 000287.417, 179
Trd, 000287.783, 178
Trd, 000288.433, 179
Trd, 000288.450, 192
Trd, 000288.667, 187
Trd, 000288.733, 200
Trd, 000289.167, 192
Trd, 000289.383, 191
Trd, 000289.933, 195
Trd, 000290.733, 195
Trd, 000291.017, 194
Trd, 000291.067, 183
Trd, 000292.317, 183
Trd, 000292.933, 194
Trd, 000293.433, 196
Trd, 000293.683, 191
Trd, 000293.933, 185
Trd, 000293.950, 197
Trd, 000293.967, 197
Trd, 000294.117, 177
Trd, 000294.817, 177
Trd, 000295.150, 174
Trd, 000295.267, 181
Trd, 000296.283, 194
Trd, 000297.567, 186
Trd, 000297.967, 185
Trd, 000298.283, 186
Trd, 000298.333, 185
Trd, 000298.350, 184
Trd, 000298.450, 181
Trd, 000299.733, 180
