Trd, 000000.317, 172
Trd, 000001.367, 133
Trd, 000002.633, 144
Trd, 000002.850, 139
Trd, 000004.333, 138
Trd, 000004.850, 137
Trd, 000005.967, 146
Trd, 000006.067, 143
Trd, 000006.233, 143
Trd, 000007.633, 142
Trd, 000007.667, 144
Trd, 000008.400, 139
Trd, 000008.933, 149
Trd, 000009.367, 138
Trd, 000009.967, 158
Trd, 000010.550, 144
Trd, 000011.433, 145
Trd, 000011.933, 148
Trd, 000012.167, 145
Trd, 000012.550, 144
Trd, 000014.200, 147
Trd, 000015.033, 147
Trd, 000015.217, 148
Trd, 000015.467, 163
Trd, 000015.917, 149
Trd, 000016.717, 152
Trd, 000017.883, 146
Trd, 000018.983, 147
Trd, 000019.283, 148
Trd, 000019.350, 146
Trd, 000020.250, 150
Trd, 000020.483, 150
Trd, 000020.950, 160
Trd, 000023.300, 151
Trd, 000023.683, 150
Trd, 000023.900, 151
Trd, 000024.317, 150
Trd, 000024.350, 151
Trd, 000024.367, 152
Trd, 000024.850, 150
Trd, 000025.633, 160
Trd, 000026.233, 153
Trd, 000026.567, 154
Trd, 000026.617, 152
Trd, 000026.683, 156
Trd, 000027.450, 156
Trd, 000029.583, 151
Trd, 000030.183, 152
Trd, 000030.317, 153
Trd, 000030.483, 153
Trd, 000031.333, 151
Trd, 000032.317, 153
Trd, 000032.500, 153
Trd, 000032.867, 153
Trd, 000033.383, 152
Trd, 000033.800, 152
Trd, 000034.317, 148
Trd, 000034.367, 153
Trd, 000035.233, 152
Trd, 000036.200, 148
Trd, 000036.267, 147
Trd, 000036.750, 147
Trd, 000036.900, 151
Trd, 000037.467, 150
Trd, 000037.800, 151
Trd, 000040.400, 148
Trd, 000040.417, 147
Trd, 000040.900, 148
Trd, 000041.433, 151
Trd, 000041.633, 152
Trd, 000042.283, 152
Trd, 000042.533, 162
Trd, 000044.283, 155
Trd, 000044.617, 148
Trd, 000045.033, 152
Trd, 000045.583, 152
Trd, 000045.717, 150
Trd, 000046.300, 153
Trd, 000046.483, 152
Trd, 000047.700, 153
Trd, 000050.767, 149
Trd, 000051.550, 149
Trd, 000051.900, 147
Trd, 000052.267, 149
Trd, 000053.000, 149
Trd, 000053.067, 150
Trd, 000053.367, 151
Trd, 000054.367, 153
Trd, 000054.633, 152
Trd, 000055.033, 153
Trd, 000056.250, 156
Trd, 000056.567, 155
Trd, 000056.783, 155
Trd, 000057.383, 155
Trd, 000058.667, 163
Trd, 000060.133, 158
Trd, 000060.300, 159
Trd, 000060.567, 160
Trd, 000062.050, 162
Trd, 000062.183, 161
Trd, 000062.800, 156
Trd, 000062.833, 161
Trd, 000063.083, 161
Trd, 000063.467, 162
Trd, 000063.900, 162
Trd, 000064.817, 164
Trd, 000066.000, 160
Trd, 000066.400, 159
Trd, 000067.000, 160
Trd, 000067.767, 162
Trd, 000068.700, 161
Trd, 000069.233, 158
Trd, 000069.283, 155
Trd, 000069.300, 162
Trd, 000069.550, 154
Trd, 000070.767, 150
Trd, 000070.817, 163
Trd, 000071.333, 164
Trd, 000071.867, 157
Trd, 000072.117, 156
Trd, 000072.283, 164
Trd, 000072.633, 165
Trd, 000072.650, 155
Trd, 000073.750, 170
Trd, 000074.117, 155
Trd, 000074.450, 161
Trd, 000074.600, 154
Trd, 000077.167, 156
Trd, 000077.833, 157
Trd, 000078.783, 156
Trd, 000078.967, 157
Trd, 000079.717, 158
Trd, 000080.467, 155
Trd, 000080.533, 155
Trd, 000081.417, 152
Trd, 000081.850, 156
Trd, 000082.583, 157
Trd, 000082.867, 158
Trd, 000084.267, 158
Trd, 000084.533, 158
Trd, 000084.717, 157
Trd, 000085.117, 157
Trd, 000085.433, 155
Trd, 000085.800, 150
Trd, 000086.500, 154
Trd, 000086.967, 157
Trd, 000087.350, 170
Trd, 000088.317, 156
Trd, 000088.417, 155
Trd, 000088.667, 159
Trd, 000088.950, 160
Trd, 000089.900, 157
Trd, 000090.467, 160
Trd, 000090.700, 160
Trd, 000091.017, 173
Trd, 000091.450, 164
Trd, 000092.400, 164
Trd, 000092.717, 163
Trd, 000093.850, 160
Trd, 000094.000, 161
Trd, 000094.533, 161
Trd, 000094.600, 159
Trd, 000095.800, 160
Trd, 000096.600, 162
Trd, 000096.783, 157
Trd, 000097.150, 167
Trd, 000097.333, 151
Trd, 000098.083, 150
Trd, 000100.400, 157
Trd, 000101.367, 155
Trd, 000101.517, 156
Trd, 000101.667, 158
Trd, 000102.033, 154
Trd, 000102.533, 157
Trd, 000104.600, 157
Trd, 000104.983, 158
Trd, 000105.400, 167
Trd, 000105.500, 168
Trd, 000106.650, 159
Trd, 000107.167, 161
Trd, 000107.683, 160
Trd, 000108.150, 151
Trd, 000108.733, 158
Trd, 000109.067, 157
Trd, 000109.517, 159
Trd, 000109.817, 158
Trd, 000110.200, 157
Trd, 000110.600, 158
Trd, 000112.067, 159
Trd, 000112.700, 154
Trd, 000113.750, 160
Trd, 000113.783, 160
Trd, 000115.117, 162
Trd, 000116.083, 162
Trd, 000116.500, 163
Trd, 000117.867, 165
Trd, 000118.967, 165
Trd, 000119.283, 165
Trd, 000119.783, 163
Trd, 000120.517, 163
Trd, 000121.233, 161
Trd, 000121.400, 161
Trd, 000122.367, 162
Trd, 000122.483, 162
Trd, 000122.700, 162
Trd, 000122.717, 164
Trd, 000122.867, 161
Trd, 000123.483, 165
Trd, 000123.717, 160
Trd, 000124.667, 161
Trd, 000124.950, 161
Trd, 000126.650, 158
Trd, 000127.400, 156
Trd, 000127.917, 154
Trd, 000128.767, 154
Trd, 000130.783, 157
Trd, 000130.800, 157
Trd, 000131.100, 157
Trd, 000131.417, 158
Trd, 000131.833, 161
Trd, 000132.417, 168
Trd, 000132.850, 161
Trd, 000132.983, 164
Trd, 000134.217, 145
Trd, 000134.417, 159
Trd, 000134.900, 161
Trd, 000135.717, 175
Trd, 000136.550, 162
Trd, 000136.617, 170
Trd, 000137.283, 165
Trd, 000137.483, 166
Trd, 000138.867, 169
Trd, 000139.083, 171
Trd, 000139.450, 168
Trd, 000140.233, 170
Trd, 000140.283, 169
Trd, 000140.483, 166
Trd, 000141.367, 170
Trd, 000141.633, 169
Trd, 000142.367, 166
Trd, 000142.800, 164
Trd, 000143.100, 159
Trd, 000144.300, 167
Trd, 000144.850, 161
Trd, 000146.650, 160
Trd, 000147.967, 161
Trd, 000148.717, 162
Trd, 000149.083, 163
Trd, 000149.950, 163
Trd, 000150.300, 163
Trd, 000150.617, 164
Trd, 000150.833, 164
Trd, 000150.950, 172
Trd, 000151.517, 161
Trd, 000151.533, 173
Trd, 000152.267, 163
Trd, 000152.950, 160
Trd, 000153.367, 163
Trd, 000154.133, 168
Trd, 000154.800, 162
Trd, 000155.367, 162
Trd, 000155.683, 160
Trd, 000155.950, 163
Trd, 000157.217, 162
Trd, 000157.783, 160
Trd, 000157.917, 158
Trd, 000158.767, 161
Trd, 000159.033, 163
Trd, 000159.900, 164
Trd, 000160.200, 160
Trd, 000161.933, 164
Trd, 000162.867, 163
Trd, 000163.467, 163
Trd, 000163.783, 160
Trd, 000164.267, 161
Trd, 000165.767, 160
Trd, 000165.850, 161
Trd, 000166.117, 161
Trd, 000166.217, 161
Trd, 000167.333, 161
Trd, 000167.483, 164
Trd, 000168.767, 161
Trd, 000169.583, 162
Trd, 000170.233, 163
Trd, 000170.383, 162
Trd, 000171.667, 162
Trd, 000171.717, 163
Trd, 000172.317, 164
Trd, 000173.333, 165
Trd, 000175.200, 164
Trd, 000175.300, 164
Trd, 000175.633, 162
Trd, 000176.150, 163
Trd, 000176.733, 164
Trd, 000176.783, 165
Trd, 000178.133, 164
Trd, 000178.617, 165
Trd, 000178.700, 162
Trd, 000178.833, 161
Trd, 000181.050, 160
Trd, 000181.133, 161
Trd, 000181.450, 165
Trd, 000182.350, 160
Trd, 000182.967, 164
Trd, 000183.867, 164
Trd, 000184.650, 163
Trd, 000185.533, 164
Trd, 000185.900, 163
Trd, 000186.383, 163
Trd, 000186.733, 162
Trd, 000186.800, 163
Trd, 000187.933, 163
Trd, 000188.100, 164
Trd, 000188.650, 164
Trd, 000189.250, 162
Trd, 000189.433, 183
Trd, 000191.067, 167
Trd, 000191.300, 170
Trd, 000191.483, 164
Trd, 000192.000, 166
Trd, 000192.750, 166
Trd, 000194.050, 166
Trd, 000194.417, 166
Trd, 000195.400, 167
Trd, 000195.433, 177
Trd, 000197.417, 168
Trd, 000198.300, 167
Trd, 000198.667, 166
Trd, 000198.783, 168
Trd, 000198.900, 169
Trd, 000199.900, 169
Trd, 000199.933, 166
Trd, 000200.550, 169
Trd, 000201.500, 167
Trd, 000201.533, 168
Trd, 000202.400, 167
Trd, 000203.117, 168
Trd, 000203.150, 167
Trd, 000203.633, 168
Trd, 000204.067, 178
Trd, 000204.133, 165
Trd, 000204.583, 185
Trd, 000205.550, 175
Trd, 000206.133, 172
Trd, 000207.517, 169
Trd, 000208.067, 145
Trd, 000208.183, 167
Trd, 000208.733, 162
Trd, 000209.417, 163
Trd, 000209.667, 164
Trd, 000210.167, 165
Trd, 000210.517, 166
Trd, 000211.333, 166
Trd, 000211.983, 183
Trd, 000212.150, 167
Trd, 000212.483, 169
Trd, 000214.117, 164
Trd, 000214.317, 164
Trd, 000214.333, 165
Trd, 000215.200, 164
Trd, 000215.400, 172
Trd, 000215.867, 169
Trd, 000216.600, 183
Trd, 000216.733, 168
Trd, 000217.467, 178
Trd, 000218.067, 178
Trd, 000218.750, 175
Trd, 000219.817, 178
Trd, 000220.500, 174
Trd, 000220.600, 173
Trd, 000221.650, 154
Trd, 000223.000, 163
Trd, 000223.650, 163
Trd, 000223.817, 164
Trd, 000224.033, 165
Trd, 000224.300, 168
Trd, 000225.933, 166
Trd, 000226.350, 165
Trd, 000227.067, 164
Trd, 000227.700, 168
Trd, 000228.033, 169
Trd, 000228.917, 170
Trd, 000230.033, 167
Trd, 000230.067, 166
Trd, 000230.167, 165
Trd, 000230.550, 167
Trd, 000231.917, 166
Trd, 000232.717, 166
Trd, 000232.800, 165
Trd, 000233.700, 166
Trd, 000233.733, 171
Trd, 000233.933, 181
Trd, 000234.400, 169
Trd, 000234.550, 175
Trd, 000235.167, 185
Trd, 000235.283, 188
Trd, 000235.950, 178
Trd, 000236.000, 174
Trd, 000238.467, 177
Trd, 000238.600, 177
Trd, 000238.833, 183
Trd, 000239.067, 183
Trd, 000239.483, 183
Trd, 000239.617, 176
Trd, 000239.667, 184
Trd, 000239.683, 174
Trd, 000240.483, 174
Trd, 000241.567, 181
Trd, 000241.667, 184
Trd, 000241.850, 185
Trd, 000242.117, 182
Trd, 000242.467, 185
Trd, 000242.617, 184
Trd, 000242.683, 186
Trd, 000243.733, 182
Trd, 000244.633, 181
Trd, 000244.900, 181
Trd, 000246.067, 179
Trd, 000246.150, 175
Trd, 000246.350, 179
Trd, 000246.717, 180
Trd, 000246.733, 173
Trd, 000247.217, 179
Trd, 000247.417, 182
Trd, 000247.700, 168
Trd, 000248.667, 173
Trd, 000249.050, 173
Trd, 000249.517, 172
Trd, 000249.983, 175
Trd, 000250.750, 174
Trd, 000250.933, 172
Trd, 000251.067, 174
Trd, 000251.217, 176
Trd, 000251.300, 177
Trd, 000251.733, 179
Trd, 000253.883, 175
Trd, 000253.900, 166
Trd, 000254.283, 179
Trd, 000254.683, 179
Trd, 000254.933, 173
Trd, 000255.317, 177
Trd, 000255.600, 180
Trd, 000256.133, 178
Trd, 000256.633, 182
Trd, 000256.800, 183
Trd, 000256.950, 187
Trd, 000257.217, 181
Trd, 000257.750, 190
Trd, 000257.833, 181
Trd, 000258.183, 180
Trd, 000258.917, 178
Trd, 000259.100, 177
Trd, 000259.783, 180
Trd, 000259.917, 180
Trd, 000260.467, 178
Trd, 000260.533, 182
Trd, 000261.083, 180
Trd, 000261.517, 177
Trd, 000261.750, 180
Trd, 000261.917, 176
Trd, 000262.250, 175
Trd, 000263.483, 171
Trd, 000263.817, 175
Trd, 000264.700, 167
Trd, 000265.333, 172
Trd, 000266.133, 175
Trd, 000266.433, 175
Trd, 000266.717, 175
Trd, 000266.900, 177
Trd, 000267.950, 178
Trd, 000268.317, 177
Trd, 000268.350, 179
Trd, 000269.317, 182
Trd, 000269.667, 181
Trd, 000270.217, 185
Trd, 000270.250, 189
Trd, 000270.333, 179
Trd, 000270.867, 187
Trd, 000271.850, 180
Trd, 000272.183, 177
Trd, 000272.583, 183
Trd, 000274.017, 182
Trd, 000274.250, 176
Trd, 000274.650, 170
Trd, 000274.817, 174
Trd, 000275.150, 175
Trd, 000275.417, 174
Trd, 000275.467, 176
Trd, 000276.483, 173
Trd, 000276.517, 178
Trd, 000277.383, 176
Trd, 000277.633, 180
Trd, 000279.183, 178
Trd, 000279.200, 179
Trd, 000279.250, 182
Trd, 000279.433, 177
Trd, 000280.250, 186
Trd, 000280.883, 179
Trd, 000280.967, 179
Trd, 000281.050, 180
Trd, 000281.517, 182
Trd, 000282.783, 179
Trd, 000282.917, 182
Trd, 000283.333, 177
Trd, 000283.417, 169
Trd, 000284.400, 174
Trd, 000284.933, 173
Trd, 000285.400, 170
Trd, 000285.900, 172
Trd, 000286.467, 173
Trd, 000286.750, 173
Trd, 000286.950, 173
Trd, 000287.867, 177
Trd, 000288.083, 183
Trd, 000288.383, 187
Trd, 000288.600, 194
Trd, 000289.400, 185
Trd, 000289.533, 186
Trd, 000289.833, 187
Trd, 000290.300, 189
Trd, 000290.583, 188
Trd, 000291.733, 183
Trd, 000292.083, 180
Trd, 000292.583, 183
Trd, 000293.067, 182
Trd, 000293.367, 177
Trd, 000293.550, 170
Trd, 000294.417, 173
Trd, 000294.500, 174
Trd, 000294.583, 177
Trd, 000294.600, 180
Trd, 000295.283, 178
Trd, 000297.533, 178
Trd, 000297.600, 180
Trd, 000297.750, 184
Trd, 000298.200, 178
Trd, 000298.217, 173
Trd, 000299.483, 187
