Trd, 000001.683, 164
Trd, 000002.133, 158
Trd, 000003.500, 168
Trd, 000003.833, 163
Trd, 000004.250, 168
Trd, 000004.450, 159
Trd, 000004.933, 142
Trd, 000005.400, 162
Trd, 000005.633, 167
Trd, 000007.367, 154
Trd, 000007.467, 153
Trd, 000007.600, 153
Trd, 000008.600, 155
Trd, 000009.533, 156
Trd, 000009.833, 156
Trd, 000010.333, 155
Trd, 000010.833, 156
Trd, 000011.133, 156
Trd, 000011.517, 155
Trd, 000011.817, 152
Trd, 000013.083, 155
Trd, 000013.850, 155
Trd, 000014.100, 156
Trd, 000014.183, 166
Trd, 000015.067, 158
Trd, 000015.217, 157
Trd, 000015.933, 155
Trd, 000016.833, 153
Trd, 000017.483, 157
Trd, 000017.717, 145
Trd, 000018.267, 154
Trd, 000018.600, 149
Trd, 000018.983, 157
Trd, 000019.283, 153
Trd, 000019.867, 152
Trd, 000020.733, 154
Trd, 000021.283, 149
Trd, 000021.533, 148
Trd, 000021.850, 148
Trd, 000022.100, 154
Trd, 000023.283, 154
Trd, 000024.467, 156
Trd, 000025.183, 153
Trd, 000026.150, 154
Trd, 000026.750, 154
Trd, 000026.983, 152
Trd, 000027.017, 158
Trd, 000027.233, 161
Trd, 000027.433, 152
Trd, 000027.717, 152
Trd, 000027.950, 151
Trd, 000028.633, 158
Trd, 000030.067, 155
Trd, 000030.600, 155
Trd, 000030.733, 156
Trd, 000031.483, 161
Trd, 000031.867, 154
Trd, 000032.750, 148
Trd, 000033.733, 151
Trd, 000034.500, 155
Trd, 000034.750, 155
Trd, 000035.717, 156
Trd, 000035.783, 156
Trd, 000036.667, 156
Trd, 000036.750, 155
Trd, 000036.983, 154
Trd, 000037.200, 168
Trd, 000038.633, 158
Trd, 000039.667, 157
Trd, 000040.233, 157
Trd, 000041.083, 155
Trd, 000041.667, 157
Trd, 000041.850, 159
Trd, 000042.133, 155
Trd, 000043.617, 160
Trd, 000043.767, 161
Trd, 000044.550, 168
Trd, 000045.517, 160
Trd, 000045.717, 166
Trd, 000046.033, 164
Trd, 000046.050, 162
Trd, 000046.583, 160
Trd, 000047.783, 163
Trd, 000048.267, 163
Trd, 000049.800, 165
Trd, 000050.117, 164
Trd, 000050.500, 163
Trd, 000050.983, 164
Trd, 000051.133, 167
Trd, 000051.400, 163
Trd, 000052.450, 168
Trd, 000053.000, 167
Trd, 000053.300, 162
Trd, 000053.817, 167
Trd, 000054.417, 166
Trd, 000054.700, 168
Trd, 000055.217, 161
Trd, 000056.467, 163
Trd, 000057.433, 160
Trd, 000058.700, 157
Trd, 000059.417, 151
Trd, 000060.700, 158
Trd, 000060.900, 155
Trd, 000061.267, 154
Trd, 000061.833, 159
Trd, 000062.450, 161
Trd, 000062.483, 150
Trd, 000063.383, 153
Trd, 000063.667, 150
Trd, 000063.783, 170
Trd, 000064.517, 149
Trd, 000064.667, 148
Trd, 000066.117, 157
Trd, 000066.467, 160
Trd, 000066.883, 152
Trd, 000067.017, 161
Trd, 000067.033, 164
Trd, 000067.967, 165
Trd, 000068.667, 164
Trd, 000069.317, 164
Trd, 000069.350, 165
Trd, 000069.583, 167
Trd, 000069.600, 158
Trd, 000069.983, 153
Trd, 000070.317, 162
Trd, 000071.050, 158
Trd, 000071.383, 151
Trd, 000071.417, 145
Trd, 000071.500, 162
Trd, 000072.117, 172
Trd, 000073.250, 151
Trd, 000073.833, 149
Trd, 000074.300, 158
Trd, 000074.883, 165
Trd, 000075.067, 150
Trd, 000076.167, 151
Trd, 000076.267, 157
Trd, 000076.417, 151
Trd, 000077.100, 159
Trd, 000077.567, 159
Trd, 000077.800, 160
Trd, 000077.883, 153
Trd, 000077.933, 152
Trd, 000078.067, 163
Trd, 000079.483, 152
Trd, 000081.733, 159
Trd, 000082.283, 159
Trd, 000083.117, 161
Trd, 000083.217, 161
Trd, 000083.667, 160
Trd, 000083.950, 161
Trd, 000084.367, 160
Trd, 000084.883, 171
Trd, 000084.933, 160
Trd, 000085.883, 162
Trd, 000086.133, 159
Trd, 000086.167, 163
Trd, 000087.483, 164
Trd, 000087.550, 174
Trd, 000087.833, 159
Trd, 000088.517, 171
Trd, 000089.467, 152
Trd, 000090.383, 174
Trd, 000091.550, 165
Trd, 000092.017, 165
Trd, 000092.600, 166
Trd, 000092.667, 165
Trd, 000093.000, 165
Trd, 000093.567, 161
Trd, 000093.900, 162
Trd, 000094.100, 166
Trd, 000094.717, 161
Trd, 000095.033, 160
Trd, 000095.083, 166
Trd, 000097.817, 162
Trd, 000099.000, 163
Trd, 000099.183, 164
Trd, 000099.233, 165
Trd, 000099.250, 167
Trd, 000099.283, 161
Trd, 000099.350, 154
Trd, 000099.517, 161
Trd, 000100.017, 151
Trd, 000100.383, 167
Trd, 000100.617, 148
Trd, 000101.183, 169
Trd, 000102.433, 173
Trd, 000102.900, 147
Trd, 000103.467, 153
Trd, 000104.167, 165
Trd, 000104.483, 136
Trd, 000105.500, 151
Trd, 000105.583, 155
Trd, 000105.650, 161
Trd, 000107.483, 160
Trd, 000108.467, 157
Trd, 000108.567, 155
Trd, 000108.700, 163
Trd, 000109.033, 156
Trd, 000109.367, 157
Trd, 000109.650, 162
Trd, 000109.883, 160
Trd, 000110.050, 159
Trd, 000110.100, 157
Trd, 000110.883, 169
Trd, 000111.317, 161
Trd, 000111.650, 164
Trd, 000112.117, 162
Trd, 000113.883, 165
Trd, 000114.200, 163
Trd, 000114.367, 165
Trd, 000115.933, 166
Trd, 000116.667, 165
Trd, 000116.767, 166
Trd, 000117.383, 168
Trd, 000118.083, 169
Trd, 000118.667, 164
Trd, 000119.650, 164
Trd, 000119.783, 164
Trd, 000119.883, 163
Trd, 000120.017, 156
Trd, 000121.600, 165
Trd, 000122.800, 167
Trd, 000122.933, 159
Trd, 000124.183, 165
Trd, 000124.617, 163
Trd, 000125.383, 166
Trd, 000125.467, 167
Trd, 000125.700, 164
Trd, 000125.750, 163
Trd, 000126.150, 167
Trd, 000126.367, 170
Trd, 000126.400, 169
Trd, 000126.467, 168
Trd, 000127.167, 169
Trd, 000127.617, 174
Trd, 000128.767, 167
Trd, 000129.117, 168
Trd, 000130.033, 164
Trd, 000130.133, 174
Trd, 000131.017, 175
Trd, 000132.017, 174
Trd, 000132.600, 177
Trd, 000132.717, 178
Trd, 000134.500, 173
Trd, 000134.850, 173
Trd, 000135.033, 173
Trd, 000135.783, 173
Trd, 000135.983, 171
Trd, 000136.183, 165
Trd, 000136.300, 182
Trd, 000136.383, 158
Trd, 000136.850, 179
Trd, 000136.967, 162
Trd, 000137.100, 157
Trd, 000138.017, 165
Trd, 000140.067, 167
Trd, 000140.283, 166
Trd, 000140.433, 166
Trd, 000140.817, 164
Trd, 000140.983, 169
Trd, 000141.083, 159
Trd, 000141.300, 169
Trd, 000141.567, 172
Trd, 000142.600, 176
Trd, 000142.733, 168
Trd, 000142.750, 165
Trd, 000145.533, 161
Trd, 000145.583, 160
Trd, 000146.400, 163
Trd, 000146.533, 165
Trd, 000147.100, 163
Trd, 000147.167, 166
Trd, 000147.283, 161
Trd, 000147.967, 164
Trd, 000148.483, 170
Trd, 000148.517, 163
Trd, 000149.350, 167
Trd, 000150.517, 169
Trd, 000150.950, 169
Trd, 000151.050, 173
Trd, 000151.683, 167
Trd, 000152.700, 169
Trd, 000152.933, 166
Trd, 000153.450, 159
Trd, 000153.550, 170
Trd, 000154.983, 168
Trd, 000155.433, 167
Trd, 000155.700, 166
Trd, 000156.150, 173
Trd, 000156.733, 173
Trd, 000157.267, 178
Trd, 000157.300, 173
Trd, 000157.400, 176
Trd, 000157.433, 172
Trd, 000157.500, 159
Trd, 000158.617, 192
Trd, 000160.083, 181
Trd, 000160.867, 184
Trd, 000161.833, 180
Trd, 000162.200, 182
Trd, 000162.700, 182
Trd, 000162.917, 180
Trd, 000163.867, 168
Trd, 000164.200, 171
Trd, 000164.500, 181
Trd, 000165.133, 180
Trd, 000165.483, 178
Trd, 000165.733, 174
Trd, 000166.267, 167
Trd, 000166.967, 164
Trd, 000167.667, 168
Trd, 000168.383, 178
Trd, 000168.883, 177
Trd, 000169.067, 168
Trd, 000169.667, 169
Trd, 000169.850, 168
Trd, 000170.900, 172
Trd, 000170.933, 171
Trd, 000171.283, 175
Trd, 000171.633, 179
Trd, 000172.167, 163
Trd, 000173.683, 163
Trd, 000174.083, 166
Trd, 000174.467, 180
Trd, 000175.750, 185
Trd, 000176.500, 182
Trd, 000176.617, 171
Trd, 000176.683, 169
Trd, 000178.583, 173
Trd, 000178.617, 171
Trd, 000179.917, 172
Trd, 000180.167, 174
Trd, 000180.233, 169
Trd, 000180.417, 177
Trd, 000181.117, 165
Trd, 000181.700, 167
Trd, 000182.633, 169
Trd, 000183.100, 169
Trd, 000184.333, 179
Trd, 000185.000, 175
Trd, 000185.233, 182
Trd, 000185.600, 183
Trd, 000185.667, 174
Trd, 000185.867, 190
Trd, 000186.250, 197
Trd, 000186.383, 195
Trd, 000187.233, 193
Trd, 000188.000, 163
Trd, 000189.267, 160
Trd, 000189.717, 167
Trd, 000189.983, 171
Trd, 000190.283, 159
Trd, 000190.300, 171
Trd, 000190.733, 174
Trd, 000191.300, 173
Trd, 000192.150, 170
Trd, 000192.500, 167
Trd, 000192.583, 177
Trd, 000192.933, 176
Trd, 000194.300, 168
Trd, 000195.750, 171
Trd, 000196.150, 175
Trd, 000196.700, 172
Trd, 000196.917, 173
Trd, 000197.917, 174
Trd, 000198.983, 175
Trd, 000199.517, 172
Trd, 000200.117, 172
Trd, 000200.133, 174
Trd, 000200.717, 175
Trd, 000200.733, 176
Trd, 000200.783, 178
Trd, 000201.083, 185
Trd, 000201.233, 191
Trd, 000201.733, 171
Trd, 000201.750, 171
Trd, 000202.400, 175
Trd, 000204.133, 171
Trd, 000205.000, 166
Trd, 000205.633, 170
Trd, 000206.017, 171
Trd, 000206.867, 172
Trd, 000207.933, 170
Trd, 000208.633, 172
Trd, 000208.750, 175
Trd, 000208.833, 186
Trd, 000208.850, 168
Trd, 000208.950, 203
Trd, 000209.833, 171
Trd, 000209.983, 174
Trd, 000210.367, 165
Trd, 000210.700, 163
Trd, 000212.050, 166
Trd, 000212.083, 175
Trd, 000212.567, 176
Trd, 000212.933, 176
Trd, 000213.250, 164
Trd, 000213.367, 162
Trd, 000213.933, 147
Trd, 000215.217, 172
Trd, 000217.750, 176
Trd, 000219.967, 174
Trd, 000220.350, 176
Trd, 000220.433, 175
Trd, 000220.783, 178
Trd, 000220.983, 176
Trd, 000221.050, 180
Trd, 000221.550, 174
Trd, 000221.600, 177
Trd, 000222.183, 180
Trd, 000222.217, 177
Trd, 000222.317, 185
Trd, 000222.350, 167
Trd, 000222.450, 164
Trd, 000223.667, 165
Trd, 000223.933, 173
Trd, 000224.233, 171
Trd, 000226.183, 178
Trd, 000226.283, 166
Trd, 000227.067, 179
Trd, 000227.783, 165
Trd, 000228.083, 179
Trd, 000228.817, 164
Trd, 000229.100, 181
Trd, 000229.183, 150
Trd, 000229.783, 164
Trd, 000231.283, 186
Trd, 000231.700, 186
Trd, 000231.800, 185
Trd, 000232.333, 185
Trd, 000232.767, 185
Trd, 000233.033, 187
Trd, 000233.450, 185
Trd, 000234.200, 183
Trd, 000235.067, 194
Trd, 000235.250, 192
Trd, 000235.383, 185
Trd, 000236.267, 172
Trd, 000237.167, 180
Trd, 000237.550, 193
Trd, 000237.717, 176
Trd, 000238.767, 179
Trd, 000239.150, 175
Trd, 000239.283, 195
Trd, 000239.683, 168
Trd, 000240.517, 175
Trd, 000241.300, 186
Trd, 000241.333, 179
Trd, 000241.583, 183
Trd, 000241.900, 185
Trd, 000242.000, 183
Trd, 000242.517, 184
Trd, 000243.567, 185
Trd, 000243.700, 180
Trd, 000243.717, 168
Trd, 000244.250, 180
Trd, 000244.433, 175
Trd, 000244.517, 183
Trd, 000245.100, 177
Trd, 000245.150, 171
Trd, 000245.517, 209
Trd, 000245.850, 208
Trd, 000245.883, 196
Trd, 000246.550, 188
Trd, 000246.667, 183
Trd, 000247.117, 186
Trd, 000247.317, 189
Trd, 000248.200, 189
Trd, 000248.583, 188
Trd, 000248.700, 188
Trd, 000249.233, 180
Trd, 000250.117, 176
Trd, 000250.233, 176
Trd, 000250.783, 175
Trd, 000251.100, 175
Trd, 000251.350, 179
Trd, 000251.917, 176
Trd, 000252.067, 169
Trd, 000252.550, 173
Trd, 000253.183, 176
Trd, 000254.467, 176
Trd, 000254.717, 166
Trd, 000255.100, 170
Trd, 000255.350, 172
Trd, 000255.367, 173
Trd, 000255.583, 169
Trd, 000255.600, 168
Trd, 000255.767, 173
Trd, 000255.833, 178
Trd, 000255.967, 177
Trd, 000256.250, 170
Trd, 000256.367, 167
Trd, 000256.483, 180
Trd, 000257.317, 183
Trd, 000257.333, 186
Trd, 000257.933, 187
Trd, 000258.583, 183
Trd, 000258.717, 182
Trd, 000258.950, 177
Trd, 000259.150, 170
Trd, 000259.533, 181
Trd, 000259.567, 184
Trd, 000260.883, 171
Trd, 000261.233, 181
Trd, 000261.583, 175
Trd, 000261.950, 183
Trd, 000262.050, 175
Trd, 000262.800, 191
Trd, 000263.200, 176
Trd, 000263.350, 176
Trd, 000263.567, 180
Trd, 000264.050, 181
Trd, 000264.450, 182
Trd, 000265.350, 181
Trd, 000265.517, 177
Trd, 000266.417, 173
Trd, 000266.483, 183
Trd, 000266.850, 174
Trd, 000267.100, 183
Trd, 000267.333, 188
Trd, 000268.233, 186
Trd, 000268.517, 185
Trd, 000268.933, 182
Trd, 000269.050, 181
Trd, 000269.800, 181
Trd, 000270.050, 185
Trd, 000270.233, 183
Trd, 000270.783, 185
Trd, 000271.600, 184
Trd, 000271.783, 182
Trd, 000271.917, 184
Trd, 000272.300, 184
Trd, 000272.967, 185
Trd, 000273.017, 185
Trd, 000273.267, 184
Trd, 000273.283, 187
Trd, 000273.983, 183
Trd, 000274.517, 180
Trd, 000274.850, 178
Trd, 000275.533, 185
Trd, 000275.550, 186
Trd, 000275.717, 183
Trd, 000276.450, 189
Trd, 000276.617, 182
Trd, 000276.867, 182
Trd, 000277.350, 178
Trd, 000277.883, 184
Trd, 000278.550, 183
Trd, 000278.583, 182
Trd, 000278.767, 184
Trd, 000278.917, 181
Trd, 000278.950, 180
Trd, 000279.583, 190
Trd, 000280.550, 181
Trd, 000280.850, 185
Trd, 000281.317, 179
Trd, 000281.850, 178
Trd, 000282.383, 183
Trd, 000282.750, 176
Trd, 000282.950, 165
Trd, 000283.083, 178
Trd, 000283.733, 179
Trd, 000284.300, 175
Trd, 000284.333, 183
Trd, 000284.583, 182
Trd, 000285.000, 183
Trd, 000285.500, 186
Trd, 000286.467, 181
Trd, 000286.767, 183
Trd, 000287.167, 183
Trd, 000287.467, 192
Trd, 000287.950, 179
Trd, 000288.350, 198
Trd, 000288.433, 187
Trd, 000289.417, 197
Trd, 000289.517, 188
Trd, 000289.783, 186
Trd, 000289.983, 194
Trd, 000290.650, 185
Trd, 000291.200, 188
Trd, 000291.250, 184
Trd, 000291.650, 191
Trd, 000292.150, 180
Trd, 000292.250, 178
Trd, 000292.333, 190
Trd, 000292.917, 184
Trd, 000293.217, 173
Trd, 000293.350, 179
Trd, 000294.167, 170
Trd, 000294.250, 178
Trd, 000294.550, 169
Trd, 000294.617, 166
Trd, 000294.867, 169
Trd, 000295.400, 173
Trd, 000296.433, 172
Trd, 000296.567, 171
Trd, 000296.667, 177
Trd, 000296.800, 170
Trd, 000296.817, 180
Trd, 000297.083, 184
Trd, 000297.850, 173
Trd, 000297.867, 172
Trd, 000298.600, 180
Trd, 000298.883, 168
Trd, 000298.933, 193
Trd, 000299.083, 167
Trd, 000299.433, 195
