Trd, 000001.067, 184
Trd, 000001.700, 165
Trd, 000002.233, 160
Trd, 000002.250, 164
Trd, 000002.467, 137
Trd, 000002.833, 148
Trd, 000003.200, 110
Trd, 000004.517, 148
Trd, 000004.983, 155
Trd, 000005.417, 155
Trd, 000006.183, 153
Trd, 000006.350, 155
Trd, 000006.783, 150
Trd, 000006.933, 149
Trd, 000007.233, 156
Trd, 000007.583, 158
Trd, 000008.150, 151
Trd, 000008.483, 149
Trd, 000008.817, 159
Trd, 000009.233, 141
Trd, 000009.500, 158
Trd, 000010.833, 149
Trd, 000010.867, 156
Trd, 000011.183, 146
Trd, 000012.083, 145
Trd, 000012.500, 144
Trd, 000012.650, 138
Trd, 000014.617, 133
Trd, 000014.750, 135
Trd, 000014.783, 137
Trd, 000014.800, 149
Trd, 000014.917, 152
Trd, 000015.333, 146
Trd, 000015.350, 153
Trd, 000015.450, 133
Trd, 000015.583, 132
Trd, 000015.933, 132
Trd, 000016.067, 167
Trd, 000017.150, 136
Trd, 000017.367, 140
Trd, 000017.383, 157
Trd, 000017.767, 185
Trd, 000018.900, 159
Trd, 000019.033, 158
Trd, 000019.467, 161
Trd, 000019.533, 150
Trd, 000020.217, 167
Trd, 000020.400, 155
Trd, 000021.367, 164
Trd, 000021.483, 156
Trd, 000021.550, 152
Trd, 000022.350, 157
Trd, 000022.850, 139
Trd, 000023.233, 148
Trd, 000023.550, 102
Trd, 000024.567, 135
Trd, 000024.633, 150
Trd, 000025.233, 149
Trd, 000025.750, 146
Trd, 000025.900, 148
Trd, 000026.333, 150
Trd, 000026.667, 145
Trd, 000027.067, 148
Trd, 000027.467, 152
Trd, 000027.583, 151
Trd, 000027.650, 156
Trd, 000028.000, 150
Trd, 000028.183, 147
Trd, 000028.917, 171
Trd, 000029.433, 145
Trd, 000029.933, 176
Trd, 000030.433, 147
Trd, 000031.183, 160
Trd, 000031.767, 150
Trd, 000032.417, 166
Trd, 000033.617, 171
Trd, 000034.050, 169
Trd, 000034.333, 171
Trd, 000034.367, 168
Trd, 000035.217, 176
Trd, 000035.550, 166
Trd, 000035.800, 169
Trd, 000036.333, 154
Trd, 000036.550, 155
Trd, 000036.667, 155
Trd, 000037.417, 165
Trd, 000037.550, 165
Trd, 000037.717, 151
Trd, 000038.683, 149
Trd, 000038.717, 148
Trd, 000039.167, 159
Trd, 000039.600, 141
Trd, 000039.883, 147
Trd, 000040.017, 165
Trd, 000040.433, 152
Trd, 000042.133, 138
Trd, 000042.567, 156
Trd, 000042.900, 172
Trd, 000043.300, 152
Trd, 000043.733, 151
Trd, 000043.900, 147
Trd, 000044.667, 135
Trd, 000045.067, 151
Trd, 000045.417, 144
Trd, 000045.800, 145
Trd, 000045.850, 153
Trd, 000045.983, 152
Trd, 000046.033, 155
Trd, 000046.050, 142
Trd, 000046.467, 152
Trd, 000046.583, 172
Trd, 000047.067, 166
Trd, 000047.683, 145
Trd, 000047.817, 151
Trd, 000048.050, 149
Trd, 000048.167, 156
Trd, 000048.617, 153
Trd, 000049.100, 154
Trd, 000050.017, 173
Trd, 000051.033, 157
Trd, 000051.100, 166
Trd, 000051.183, 152
Trd, 000053.617, 156
Trd, 000053.817, 155
Trd, 000054.033, 154
Trd, 000054.217, 161
Trd, 000054.383, 153
Trd, 000054.833, 152
Trd, 000055.350, 153
Trd, 000055.500, 152
Trd, 000055.517, 158
Trd, 000055.950, 159
Trd, 000056.133, 170
Trd, 000056.683, 155
Trd, 000058.317, 156
Trd, 000058.500, 160
Trd, 000058.600, 158
Trd, 000060.250, 161
Trd, 000060.817, 161
Trd, 000060.867, 158
Trd, 000061.233, 162
Trd, 000061.533, 158
Trd, 000061.550, 156
Trd, 000061.633, 154
Trd, 000061.833, 163
Trd, 000061.917, 150
Trd, 000062.950, 165
Trd, 000063.317, 154
Trd, 000063.400, 155
Trd, 000063.717, 158
Trd, 000064.583, 157
Trd, 000065.183, 181
Trd, 000065.850, 160
Trd, 000065.950, 160
Trd, 000066.383, 156
Trd, 000066.617, 153
Trd, 000066.933, 150
Trd, 000067.150, 143
Trd, 000067.667, 157
Trd, 000067.983, 156
Trd, 000068.617, 156
Trd, 000068.833, 161
Trd, 000069.133, 168
Trd, 000069.283, 155
Trd, 000070.650, 156
Trd, 000070.733, 155
Trd, 000071.233, 154
Trd, 000071.250, 165
Trd, 000072.933, 159
Trd, 000073.200, 161
Trd, 000073.800, 155
Trd, 000073.950, 154
Trd, 000074.367, 157
Trd, 000075.200, 159
Trd, 000075.517, 159
Trd, 000075.933, 161
Trd, 000076.250, 176
Trd, 000076.467, 158
Trd, 000076.817, 155
Trd, 000076.933, 144
Trd, 000079.017, 163
Trd, 000079.033, 166
Trd, 000079.450, 157
Trd, 000079.500, 169
Trd, 000079.550, 156
Trd, 000079.600, 156
Trd, 000079.700, 154
Trd, 000080.167, 152
Trd, 000080.433, 169
Trd, 000080.817, 151
Trd, 000081.150, 153
Trd, 000081.250, 151
Trd, 000081.717, 164
Trd, 000082.050, 154
Trd, 000082.200, 145
Trd, 000082.333, 139
Trd, 000082.550, 156
Trd, 000082.950, 163
Trd, 000083.717, 142
Trd, 000083.917, 159
Trd, 000084.600, 152
Trd, 000085.450, 149
Trd, 000085.900, 149
Trd, 000086.633, 154
Trd, 000086.883, 156
Trd, 000087.083, 151
Trd, 000087.117, 149
Trd, 000087.150, 147
Trd, 000088.417, 155
Trd, 000090.083, 150
Trd, 000090.100, 156
Trd, 000090.983, 156
Trd, 000091.567, 151
Trd, 000092.033, 157
Trd, 000092.333, 157
Trd, 000093.017, 159
Trd, 000093.250, 174
Trd, 000093.567, 164
Trd, 000094.200, 167
Trd, 000094.383, 177
Trd, 000094.950, 167
Trd, 000095.050, 184
Trd, 000095.900, 181
Trd, 000095.950, 174
Trd, 000096.367, 166
Trd, 000097.317, 178
Trd, 000098.000, 170
Trd, 000098.533, 172
Trd, 000098.883, 168
Trd, 000099.150, 163
Trd, 000099.817, 160
Trd, 000100.217, 162
Trd, 000101.517, 160
Trd, 000102.167, 161
Trd, 000102.233, 159
Trd, 000102.400, 158
Trd, 000102.433, 161
Trd, 000103.267, 158
Trd, 000103.433, 157
Trd, 000103.867, 156
Trd, 000103.983, 161
Trd, 000104.100, 154
Trd, 000104.300, 147
Trd, 000104.533, 177
Trd, 000105.383, 139
Trd, 000105.567, 178
Trd, 000106.533, 175
Trd, 000106.617, 179
Trd, 000106.933, 169
Trd, 000107.467, 176
Trd, 000107.683, 159
Trd, 000108.733, 179
Trd, 000109.033, 179
Trd, 000109.300, 156
Trd, 000109.700, 178
Trd, 000110.217, 153
Trd, 000110.267, 138
Trd, 000110.917, 159
Trd, 000112.233, 162
Trd, 000112.250, 162
Trd, 000112.300, 158
Trd, 000112.733, 156
Trd, 000113.500, 155
Trd, 000113.650, 154
Trd, 000114.950, 151
Trd, 000114.983, 159
Trd, 000115.067, 151
Trd, 000115.617, 162
Trd, 000116.167, 162
Trd, 000116.383, 165
Trd, 000116.567, 149
Trd, 000117.067, 148
Trd, 000117.250, 159
Trd, 000117.900, 160
Trd, 000118.250, 161
Trd, 000118.950, 160
Trd, 000119.267, 159
Trd, 000119.433, 159
Trd, 000120.917, 163
Trd, 000121.067, 180
Trd, 000121.083, 161
Trd, 000121.850, 180
Trd, 000122.417, 181
Trd, 000122.667, 161
Trd, 000122.800, 178
Trd, 000122.983, 180
Trd, 000123.233, 187
Trd, 000123.317, 171
Trd, 000124.700, 177
Trd, 000124.833, 160
Trd, 000125.783, 158
Trd, 000126.233, 173
Trd, 000126.750, 164
Trd, 000126.933, 156
Trd, 000127.683, 145
Trd, 000128.350, 161
Trd, 000128.767, 169
Trd, 000129.067, 161
Trd, 000129.217, 159
Trd, 000129.800, 160
Trd, 000129.817, 161
Trd, 000129.833, 164
Trd, 000130.317, 161
Trd, 000130.683, 160
Trd, 000130.950, 167
Trd, 000131.133, 161
Trd, 000131.633, 181
Trd, 000132.400, 178
Trd, 000132.833, 176
Trd, 000132.967, 173
Trd, 000133.533, 164
Trd, 000134.667, 162
Trd, 000135.217, 167
Trd, 000135.533, 163
Trd, 000135.750, 168
Trd, 000135.833, 161
Trd, 000136.567, 168
Trd, 000136.900, 168
Trd, 000137.400, 169
Trd, 000137.450, 158
Trd, 000138.250, 169
Trd, 000138.450, 155
Trd, 000138.683, 162
Trd, 000139.400, 151
Trd, 000139.567, 163
Trd, 000139.667, 181
Trd, 000139.783, 151
Trd, 000140.500, 158
Trd, 000140.817, 168
Trd, 000141.317, 168
Trd, 000141.467, 189
Trd, 000141.550, 158
Trd, 000141.867, 181
Trd, 000141.883, 162
Trd, 000141.983, 156
Trd, 000143.317, 173
Trd, 000144.250, 174
Trd, 000144.550, 161
Trd, 000144.633, 174
Trd, 000145.167, 167
Trd, 000146.800, 171
Trd, 000146.933, 172
Trd, 000147.000, 167
Trd, 000147.167, 164
Trd, 000148.333, 167
Trd, 000150.683, 168
Trd, 000150.967, 165
Trd, 000151.000, 165
Trd, 000151.017, 169
Trd, 000151.600, 168
Trd, 000151.933, 173
Trd, 000152.600, 183
Trd, 000153.550, 178
Trd, 000153.883, 183
Trd, 000154.350, 164
Trd, 000154.583, 174
Trd, 000154.733, 184
Trd, 000154.750, 183
Trd, 000154.983, 164
Trd, 000155.533, 200
Trd, 000155.600, 178
Trd, 000156.000, 190
Trd, 000156.733, 167
Trd, 000157.083, 172
Trd, 000157.217, 163
Trd, 000157.550, 169
Trd, 000157.733, 163
Trd, 000157.783, 179
Trd, 000158.067, 184
Trd, 000158.383, 164
Trd, 000158.750, 181
Trd, 000159.400, 160
Trd, 000159.567, 164
Trd, 000160.050, 159
Trd, 000160.417, 176
Trd, 000161.267, 166
Trd, 000161.650, 164
Trd, 000162.450, 168
Trd, 000162.583, 168
Trd, 000162.817, 194
Trd, 000162.950, 184
Trd, 000162.983, 163
Trd, 000163.100, 161
Trd, 000163.200, 169
Trd, 000163.717, 168
Trd, 000164.167, 182
Trd, 000165.433, 178
Trd, 000166.767, 169
Trd, 000166.933, 168
Trd, 000167.433, 165
Trd, 000167.683, 173
Trd, 000167.733, 160
Trd, 000168.483, 177
Trd, 000169.967, 154
Trd, 000170.033, 156
Trd, 000170.183, 158
Trd, 000170.417, 166
Trd, 000170.583, 165
Trd, 000172.267, 162
Trd, 000172.467, 164
Trd, 000172.667, 183
Trd, 000173.083, 165
Trd, 000173.550, 162
Trd, 000173.833, 165
Trd, 000174.400, 163
Trd, 000174.650, 185
Trd, 000174.683, 162
Trd, 000175.167, 165
Trd, 000175.717, 188
Trd, 000175.983, 161
Trd, 000176.500, 171
Trd, 000177.350, 172
Trd, 000177.633, 174
Trd, 000178.400, 193
Trd, 000179.417, 171
Trd, 000179.467, 170
Trd, 000179.733, 168
Trd, 000180.683, 166
Trd, 000180.783, 183
Trd, 000181.000, 187
Trd, 000181.233, 187
Trd, 000182.183, 186
Trd, 000183.183, 179
Trd, 000183.217, 171
Trd, 000183.333, 168
Trd, 000183.750, 172
Trd, 000183.817, 175
Trd, 000184.433, 166
Trd, 000184.567, 176
Trd, 000184.750, 162
Trd, 000185.867, 169
Trd, 000186.033, 168
Trd, 000187.317, 168
Trd, 000187.400, 163
Trd, 000188.333, 164
Trd, 000189.017, 167
Trd, 000189.267, 178
Trd, 000189.683, 165
Trd, 000190.717, 173
Trd, 000190.733, 164
Trd, 000190.983, 173
Trd, 000191.317, 173
Trd, 000191.400, 167
Trd, 000191.817, 191
Trd, 000192.550, 187
Trd, 000192.883, 186
Trd, 000193.450, 167
Trd, 000193.550, 163
Trd, 000193.867, 177
Trd, 000194.350, 178
Trd, 000194.817, 173
Trd, 000195.300, 171
Trd, 000195.483, 172
Trd, 000195.950, 170
Trd, 000196.533, 176
Trd, 000196.550, 169
Trd, 000197.283, 169
Trd, 000197.750, 176
Trd, 000197.817, 173
Trd, 000198.083, 168
Trd, 000199.450, 169
Trd, 000200.200, 172
Trd, 000200.367, 173
Trd, 000200.567, 168
Trd, 000200.833, 170
Trd, 000201.133, 168
Trd, 000201.533, 170
Trd, 000201.650, 169
Trd, 000202.517, 171
Trd, 000202.817, 171
Trd, 000203.183, 173
Trd, 000203.450, 168
Trd, 000203.533, 168
Trd, 000204.017, 184
Trd, 000204.317, 168
Trd, 000204.467, 180
Trd, 000204.750, 167
Trd, 000205.250, 165
Trd, 000206.667, 189
Trd, 000207.167, 187
Trd, 000207.500, 189
Trd, 000207.817, 183
Trd, 000208.783, 165
Trd, 000208.917, 175
Trd, 000209.800, 172
Trd, 000210.383, 169
Trd, 000210.983, 168
Trd, 000211.517, 167
Trd, 000212.033, 169
Trd, 000212.200, 168
Trd, 000212.950, 172
Trd, 000213.117, 172
Trd, 000213.667, 167
Trd, 000213.917, 169
Trd, 000214.483, 171
Trd, 000214.983, 167
Trd, 000215.183, 172
Trd, 000215.783, 175
Trd, 000216.617, 168
Trd, 000216.667, 167
Trd, 000218.150, 169
Trd, 000218.283, 166
Trd, 000219.017, 170
Trd, 000219.033, 167
Trd, 000219.050, 165
Trd, 000219.083, 197
Trd, 000219.483, 183
Trd, 000220.250, 187
Trd, 000221.467, 181
Trd, 000221.667, 172
Trd, 000222.567, 179
Trd, 000222.683, 170
Trd, 000223.000, 170
Trd, 000223.767, 167
Trd, 000224.050, 166
Trd, 000224.817, 165
Trd, 000225.183, 168
Trd, 000225.750, 170
Trd, 000225.833, 163
Trd, 000226.000, 172
Trd, 000226.117, 179
Trd, 000226.150, 181
Trd, 000227.533, 163
Trd, 000227.800, 179
Trd, 000228.350, 176
Trd, 000228.617, 171
Trd, 000228.833, 161
Trd, 000229.233, 169
Trd, 000229.667, 174
Trd, 000230.450, 170
Trd, 000231.383, 173
Trd, 000231.683, 172
Trd, 000231.900, 169
Trd, 000232.333, 168
Trd, 000233.067, 173
Trd, 000233.483, 166
Trd, 000233.533, 160
Trd, 000233.817, 173
Trd, 000233.950, 173
Trd, 000234.350, 191
Trd, 000234.833, 198
Trd, 000235.150, 184
Trd, 000235.850, 191
Trd, 000235.950, 183
Trd, 000236.333, 179
Trd, 000236.450, 176
Trd, 000236.667, 173
Trd, 000236.867, 191
Trd, 000237.017, 171
Trd, 000237.500, 172
Trd, 000238.217, 168
Trd, 000238.567, 168
Trd, 000238.800, 168
Trd, 000239.183, 169
Trd, 000239.350, 167
Trd, 000239.650, 160
Trd, 000239.850, 169
Trd, 000240.033, 175
Trd, 000241.100, 170
Trd, 000241.550, 176
Trd, 000241.767, 173
Trd, 000242.017, 173
Trd, 000242.317, 173
Trd, 000242.467, 174
Trd, 000242.717, 196
Trd, 000243.250, 171
Trd, 000244.083, 183
Trd, 000244.267, 184
Trd, 000245.117, 186
Trd, 000245.850, 189
Trd, 000246.183, 187
Trd, 000246.517, 182
Trd, 000246.600, 187
Trd, 000246.617, 178
Trd, 000246.883, 175
Trd, 000247.533, 188
Trd, 000247.567, 186
Trd, 000247.967, 172
Trd, 000248.850, 176
Trd, 000248.917, 179
Trd, 000249.250, 177
Trd, 000249.467, 176
Trd, 000250.067, 178
Trd, 000250.400, 178
Trd, 000250.783, 175
Trd, 000251.050, 177
Trd, 000251.417, 175
Trd, 000251.717, 174
Trd, 000252.000, 173
Trd, 000252.200, 187
Trd, 000252.667, 187
Trd, 000252.800, 173
Trd, 000253.233, 170
Trd, 000253.883, 173
Trd, 000254.450, 166
Trd, 000254.517, 180
Trd, 000254.917, 165
Trd, 000255.117, 182
Trd, 000256.150, 178
Trd, 000256.267, 180
Trd, 000256.533, 182
Trd, 000257.250, 181
Trd, 000257.467, 183
Trd, 000257.983, 178
Trd, 000258.333, 179
Trd, 000258.433, 175
Trd, 000258.767, 180
Trd, 000258.950, 181
Trd, 000259.700, 179
Trd, 000259.800, 187
Trd, 000259.817, 176
Trd, 000260.300, 174
Trd, 000260.583, 183
Trd, 000261.367, 182
Trd, 000261.517, 188
Trd, 000262.050, 187
Trd, 000262.767, 190
Trd, 000263.450, 186
Trd, 000263.767, 183
Trd, 000263.983, 183
Trd, 000264.083, 186
Trd, 000264.150, 182
Trd, 000264.683, 187
Trd, 000264.733, 179
Trd, 000264.900, 186
Trd, 000266.550, 180
Trd, 000266.650, 179
Trd, 000266.967, 182
Trd, 000267.167, 180
Trd, 000267.967, 181
Trd, 000268.100, 176
Trd, 000268.317, 180
Trd, 000268.500, 183
Trd, 000268.567, 182
Trd, 000268.667, 175
Trd, 000269.050, 183
Trd, 000269.383, 182
Trd, 000269.417, 183
Trd, 000269.583, 168
Trd, 000270.867, 183
Trd, 000270.933, 175
Trd, 000271.433, 178
Trd, 000272.133, 189
Trd, 000272.400, 195
Trd, 000273.283, 178
Trd, 000273.467, 187
Trd, 000274.133, 188
Trd, 000274.467, 175
Trd, 000274.483, 171
Trd, 000274.867, 174
Trd, 000275.117, 174
Trd, 000276.450, 178
Trd, 000276.467, 180
Trd, 000276.567, 176
Trd, 000276.650, 181
Trd, 000276.967, 177
Trd, 000277.667, 179
Trd, 000277.750, 177
Trd, 000278.167, 180
Trd, 000278.333, 181
Trd, 000278.350, 181
Trd, 000278.433, 183
Trd, 000279.167, 177
Trd, 000279.333, 176
Trd, 000279.550, 172
Trd, 000280.117, 176
Trd, 000280.250, 169
Trd, 000280.400, 176
Trd, 000280.683, 181
Trd, 000280.950, 183
Trd, 000281.800, 190
Trd, 000282.667, 185
Trd, 000283.067, 177
Trd, 000283.200, 172
Trd, 000283.733, 167
Trd, 000283.900, 165
Trd, 000284.000, 159
Trd, 000284.083, 177
Trd, 000284.217, 184
Trd, 000285.133, 171
Trd, 000285.350, 161
Trd, 000285.783, 168
Trd, 000286.017, 164
Trd, 000287.817, 185
Trd, 000287.850, 188
Trd, 000288.017, 188
Trd, 000288.667, 196
Trd, 000288.683, 192
Trd, 000289.850, 183
Trd, 000290.000, 185
Trd, 000290.250, 189
Trd, 000290.917, 184
Trd, 000291.050, 181
Trd, 000291.217, 181
Trd, 000291.350, 190
Trd, 000291.533, 179
Trd, 000291.617, 192
Trd, 000291.717, 177
Trd, 000292.583, 186
Trd, 000292.967, 177
Trd, 000293.283, 193
Trd, 000293.467, 178
Trd, 000293.983, 195
Trd, 000294.350, 194
Trd, 000295.350, 191
Trd, 000295.583, 192
Trd, 000296.167, 187
Trd, 000296.183, 177
Trd, 000296.350, 191
Trd, 000297.067, 190
Trd, 000297.400, 192
Trd, 000297.600, 179
Trd, 000297.700, 178
Trd, 000297.817, 194
Trd, 000297.867, 173
Trd, 000298.383, 177
Trd, 000299.033, 193
Trd, 000299.067, 195
Trd, 000299.733, 178
Trd, 000299.800, 177
