Trd, 000000.883, 137
Trd, 000001.617, 132
Trd, 000002.817, 196
Trd, 000003.867, 162
Trd, 000004.133, 158
Trd, 000006.517, 153
Trd, 000006.833, 148
Trd, 000008.317, 152
Trd, 000008.433, 153
Trd, 000008.467, 152
Trd, 000008.650, 155
Trd, 000008.783, 155
Trd, 000009.250, 152
Trd, 000010.200, 153
Trd, 000010.483, 152
Trd, 000011.267, 154
Trd, 000012.050, 153
Trd, 000012.667, 154
Trd, 000012.950, 152
Trd, 000013.133, 152
Trd, 000015.883, 152
Trd, 000016.350, 153
Trd, 000017.100, 153
Trd, 000017.617, 154
Trd, 000018.233, 154
Trd, 000019.417, 152
Trd, 000019.767, 154
Trd, 000019.833, 153
Trd, 000020.083, 154
Trd, 000020.900, 153
Trd, 000020.983, 154
Trd, 000021.150, 155
Trd, 000021.833, 153
Trd, 000022.033, 154
Trd, 000023.117, 155
Trd, 000024.133, 157
Trd, 000024.700, 155
Trd, 000024.850, 157
Trd, 000025.217, 154
Trd, 000026.783, 156
Trd, 000027.117, 153
Trd, 000027.133, 154
Trd, 000027.233, 153
Trd, 000027.450, 151
Trd, 000027.517, 154
Trd, 000028.500, 151
Trd, 000028.850, 153
Trd, 000029.333, 139
Trd, 000029.750, 151
Trd, 000029.933, 154
Trd, 000030.250, 145
Trd, 000030.850, 152
Trd, 000031.533, 158
Trd, 000032.967, 153
Trd, 000033.517, 153
Trd, 000033.533, 152
Trd, 000033.750, 154
Trd, 000033.967, 151
Trd, 000034.367, 158
Trd, 000034.633, 147
Trd, 000037.067, 154
Trd, 000037.383, 156
Trd, 000037.783, 153
Trd, 000038.400, 152
Trd, 000038.917, 152
Trd, 000039.133, 153
Trd, 000039.233, 154
Trd, 000041.183, 154
Trd, 000041.417, 154
Trd, 000041.633, 156
Trd, 000042.083, 152
Trd, 000042.217, 158
Trd, 000043.400, 153
Trd, 000044.333, 152
Trd, 000044.467, 153
Trd, 000044.833, 154
Trd, 000045.217, 154
Trd, 000045.350, 152
Trd, 000048.000, 153
Trd, 000048.767, 156
Trd, 000048.833, 155
Trd, 000049.550, 157
Trd, 000049.800, 156
Trd, 000049.967, 157
Trd, 000050.083, 153
Trd, 000051.283, 156
Trd, 000051.917, 157
Trd, 000052.283, 154
Trd, 000054.733, 157
Trd, 000055.183, 154
Trd, 000055.467, 156
Trd, 000055.850, 155
Trd, 000055.967, 157
Trd, 000056.217, 160
Trd, 000057.033, 161
Trd, 000057.267, 160
Trd, 000058.067, 159
Trd, 000058.467, 163
Trd, 000059.117, 158
Trd, 000059.133, 162
Trd, 000059.300, 157
Trd, 000060.450, 163
Trd, 000061.533, 160
Trd, 000061.733, 161
Trd, 000062.533, 160
Trd, 000062.767, 158
Trd, 000064.167, 160
Trd, 000064.367, 158
Trd, 000065.617, 157
Trd, 000065.700, 156
Trd, 000065.900, 156
Trd, 000066.833, 154
Trd, 000066.917, 154
Trd, 000067.117, 153
Trd, 000067.217, 154
Trd, 000068.033, 144
Trd, 000068.167, 155
Trd, 000068.767, 151
Trd, 000071.100, 152
Trd, 000071.133, 154
Trd, 000071.433, 153
Trd, 000071.483, 155
Trd, 000072.133, 158
Trd, 000072.917, 153
Trd, 000073.233, 153
Trd, 000073.467, 152
Trd, 000073.750, 156
Trd, 000073.933, 157
Trd, 000074.650, 154
Trd, 000075.850, 156
Trd, 000076.050, 156
Trd, 000076.283, 152
Trd, 000076.700, 151
Trd, 000077.100, 159
Trd, 000077.267, 162
Trd, 000077.733, 160
Trd, 000080.017, 157
Trd, 000080.267, 156
Trd, 000081.167, 157
Trd, 000081.250, 156
Trd, 000081.533, 159
Trd, 000081.867, 160
Trd, 000082.117, 156
Trd, 000082.717, 163
Trd, 000083.000, 163
Trd, 000083.483, 162
Trd, 000084.367, 161
Trd, 000084.967, 160
Trd, 000085.233, 161
Trd, 000087.200, 164
Trd, 000087.217, 160
Trd, 000087.300, 165
Trd, 000087.700, 163
Trd, 000088.050, 161
Trd, 000089.667, 160
Trd, 000089.717, 161
Trd, 000090.317, 158
Trd, 000090.883, 162
Trd, 000091.783, 163
Trd, 000092.150, 164
Trd, 000093.150, 161
Trd, 000094.150, 162
Trd, 000094.250, 160
Trd, 000094.467, 162
Trd, 000094.750, 160
Trd, 000095.683, 163
Trd, 000095.733, 161
Trd, 000096.633, 160
Trd, 000097.967, 160
Trd, 000098.000, 160
Trd, 000098.133, 161
Trd, 000098.217, 159
Trd, 000099.067, 161
Trd, 000099.217, 162
Trd, 000099.383, 158
Trd, 000099.417, 158
Trd, 000099.633, 151
Trd, 000101.733, 158
Trd, 000101.850, 160
Trd, 000102.250, 160
Trd, 000102.650, 159
Trd, 000103.600, 157
Trd, 000104.333, 157
Trd, 000105.750, 156
Trd, 000106.450, 157
Trd, 000106.567, 159
Trd, 000107.050, 159
Trd, 000107.617, 155
Trd, 000107.683, 158
Trd, 000108.600, 157
Trd, 000108.900, 153
Trd, 000109.333, 154
Trd, 000109.733, 154
Trd, 000109.883, 159
Trd, 000110.083, 159
Trd, 000110.717, 162
Trd, 000110.850, 166
Trd, 000111.433, 170
Trd, 000111.917, 182
Trd, 000112.033, 154
Trd, 000113.583, 169
Trd, 000113.733, 169
Trd, 000114.483, 168
Trd, 000114.933, 166
Trd, 000115.683, 168
Trd, 000116.283, 166
Trd, 000116.400, 162
Trd, 000118.750, 163
Trd, 000118.933, 164
Trd, 000119.367, 164
Trd, 000120.783, 163
Trd, 000121.000, 162
Trd, 000122.300, 163
Trd, 000122.800, 165
Trd, 000122.850, 167
Trd, 000122.933, 160
Trd, 000123.367, 166
Trd, 000125.450, 163
Trd, 000125.750, 162
Trd, 000125.950, 160
Trd, 000127.417, 160
Trd, 000127.450, 159
Trd, 000128.700, 160
Trd, 000129.083, 162
Trd, 000130.550, 161
Trd, 000130.583, 160
Trd, 000130.850, 164
Trd, 000131.200, 164
Trd, 000131.417, 158
Trd, 000132.600, 165
Trd, 000133.567, 164
Trd, 000134.883, 163
Trd, 000135.367, 162
Trd, 000135.850, 163
Trd, 000136.017, 162
Trd, 000136.267, 164
Trd, 000136.450, 161
Trd, 000137.783, 162
Trd, 000137.983, 163
Trd, 000138.000, 161
Trd, 000139.083, 163
Trd, 000139.433, 164
Trd, 000139.917, 161
Trd, 000140.850, 162
Trd, 000141.183, 164
Trd, 000141.667, 163
Trd, 000141.917, 162
Trd, 000141.950, 164
Trd, 000142.583, 162
Trd, 000143.550, 161
Trd, 000144.500, 162
Trd, 000146.067, 163
Trd, 000146.233, 164
Trd, 000146.383, 165
Trd, 000147.183, 162
Trd, 000147.867, 168
Trd, 000147.883, 169
Trd, 000148.733, 171
Trd, 000149.300, 172
Trd, 000150.683, 168
Trd, 000150.867, 168
Trd, 000151.267, 166
Trd, 000151.917, 170
Trd, 000152.250, 167
Trd, 000152.417, 172
Trd, 000153.550, 169
Trd, 000153.883, 170
Trd, 000155.283, 170
Trd, 000155.483, 169
Trd, 000155.517, 168
Trd, 000157.200, 170
Trd, 000157.567, 170
Trd, 000157.733, 166
Trd, 000158.400, 166
Trd, 000159.167, 166
Trd, 000159.217, 165
Trd, 000160.050, 167
Trd, 000160.283, 167
Trd, 000161.483, 165
Trd, 000161.533, 167
Trd, 000163.100, 166
Trd, 000163.500, 167
Trd, 000163.767, 169
Trd, 000164.317, 169
Trd, 000164.783, 167
Trd, 000165.283, 166
Trd, 000166.000, 168
Trd, 000166.383, 168
Trd, 000166.750, 170
Trd, 000167.750, 169
Trd, 000168.183, 169
Trd, 000168.217, 170
Trd, 000168.550, 171
Trd, 000168.583, 168
Trd, 000168.650, 167
Trd, 000169.367, 166
Trd, 000169.650, 165
Trd, 000170.950, 170
Trd, 000171.667, 166
Trd, 000172.033, 170
Trd, 000173.000, 167
Trd, 000173.200, 170
Trd, 000173.233, 172
Trd, 000174.183, 168
Trd, 000176.200, 168
Trd, 000176.217, 168
Trd, 000176.433, 168
Trd, 000176.867, 167
Trd, 000176.883, 169
Trd, 000177.567, 170
Trd, 000178.667, 172
Trd, 000178.783, 169
Trd, 000179.933, 171
Trd, 000180.800, 169
Trd, 000181.017, 172
Trd, 000181.633, 166
Trd, 000182.583, 167
Trd, 000182.650, 164
Trd, 000184.133, 163
Trd, 000184.800, 145
Trd, 000184.850, 162
Trd, 000185.683, 165
Trd, 000186.067, 165
Trd, 000186.333, 162
Trd, 000186.433, 166
Trd, 000187.167, 167
Trd, 000187.350, 161
Trd, 000187.500, 161
Trd, 000188.517, 167
Trd, 000189.150, 167
Trd, 000190.167, 162
Trd, 000190.300, 166
Trd, 000191.300, 162
Trd, 000192.950, 167
Trd, 000193.717, 168
Trd, 000195.583, 164
Trd, 000195.600, 169
Trd, 000196.050, 164
Trd, 000196.233, 170
Trd, 000197.367, 167
Trd, 000197.883, 166
Trd, 000198.067, 168
Trd, 000200.117, 170
Trd, 000200.767, 169
Trd, 000201.083, 169
Trd, 000201.100, 168
Trd, 000201.150, 168
Trd, 000201.233, 170
Trd, 000201.267, 168
Trd, 000201.483, 171
Trd, 000203.700, 167
Trd, 000204.450, 166
Trd, 000204.600, 165
Trd, 000204.983, 167
Trd, 000205.067, 168
Trd, 000205.183, 170
Trd, 000206.283, 174
Trd, 000206.383, 168
Trd, 000206.483, 166
Trd, 000207.400, 174
Trd, 000209.083, 171
Trd, 000209.250, 168
Trd, 000209.833, 167
Trd, 000210.150, 171
Trd, 000210.650, 169
Trd, 000210.967, 168
Trd, 000211.300, 170
Trd, 000211.617, 172
Trd, 000211.883, 167
Trd, 000212.367, 171
Trd, 000213.533, 162
Trd, 000213.550, 172
Trd, 000214.183, 159
Trd, 000214.950, 169
Trd, 000215.333, 176
Trd, 000216.600, 172
Trd, 000217.017, 171
Trd, 000217.067, 173
Trd, 000218.633, 173
Trd, 000219.083, 174
Trd, 000220.083, 174
Trd, 000220.467, 173
Trd, 000221.267, 172
Trd, 000221.283, 174
Trd, 000222.267, 172
Trd, 000222.483, 174
Trd, 000223.600, 172
Trd, 000223.733, 171
Trd, 000223.783, 170
Trd, 000224.267, 172
Trd, 000225.633, 173
Trd, 000225.733, 173
Trd, 000226.017, 176
Trd, 000226.083, 174
Trd, 000226.500, 175
Trd, 000227.300, 175
Trd, 000228.367, 174
Trd, 000228.617, 173
Trd, 000228.767, 174
Trd, 000229.050, 176
Trd, 000229.583, 173
Trd, 000230.117, 175
Trd, 000230.317, 174
Trd, 000231.083, 178
Trd, 000231.417, 171
Trd, 000232.133, 172
Trd, 000232.250, 173
Trd, 000233.350, 176
Trd, 000233.400, 178
Trd, 000235.000, 175
Trd, 000235.483, 173
Trd, 000235.950, 172
Trd, 000236.283, 172
Trd, 000236.683, 174
Trd, 000237.000, 172
Trd, 000237.567, 177
Trd, 000237.783, 172
Trd, 000238.717, 177
Trd, 000239.500, 175
Trd, 000240.017, 174
Trd, 000240.383, 173
Trd, 000240.617, 172
Trd, 000240.750, 174
Trd, 000240.917, 171
Trd, 000241.850, 173
Trd, 000241.967, 173
Trd, 000242.433, 172
Trd, 000242.567, 175
Trd, 000242.600, 172
Trd, 000243.033, 175
Trd, 000243.783, 175
Trd, 000244.483, 176
Trd, 000245.200, 174
Trd, 000245.583, 177
Trd, 000246.117, 176
Trd, 000247.200, 173
Trd, 000247.400, 165
Trd, 000248.450, 166
Trd, 000248.583, 166
Trd, 000248.850, 164
Trd, 000249.083, 164
Trd, 000249.217, 165
Trd, 000249.933, 160
Trd, 000250.000, 161
Trd, 000251.267, 165
Trd, 000251.350, 166
Trd, 000251.850, 165
Trd, 000251.983, 164
Trd, 000252.283, 162
Trd, 000252.483, 161
Trd, 000252.683, 160
Trd, 000254.067, 160
Trd, 000254.367, 161
Trd, 000254.683, 161
Trd, 000254.783, 166
Trd, 000255.217, 162
Trd, 000256.383, 175
Trd, 000256.467, 174
Trd, 000256.617, 176
Trd, 000257.267, 175
Trd, 000258.817, 176
Trd, 000259.133, 175
Trd, 000259.683, 175
Trd, 000259.900, 176
Trd, 000260.067, 181
Trd, 000260.183, 177
Trd, 000260.233, 178
Trd, 000260.333, 174
Trd, 000261.800, 177
Trd, 000261.883, 174
Trd, 000262.133, 174
Trd, 000263.033, 173
Trd, 000263.717, 174
Trd, 000263.750, 173
Trd, 000265.083, 175
Trd, 000265.567, 173
Trd, 000266.050, 174
Trd, 000266.100, 173
Trd, 000266.183, 170
Trd, 000266.250, 175
Trd, 000266.800, 179
Trd, 000267.317, 179
Trd, 000267.867, 181
Trd, 000268.250, 179
Trd, 000268.667, 178
Trd, 000269.067, 180
Trd, 000269.333, 187
Trd, 000270.267, 186
Trd, 000270.283, 192
Trd, 000270.633, 184
Trd, 000270.950, 185
Trd, 000271.283, 184
Trd, 000271.783, 175
Trd, 000271.833, 177
Trd, 000272.133, 181
Trd, 000272.517, 181
Trd, 000273.400, 167
Trd, 000273.600, 164
Trd, 000274.100, 177
Trd, 000274.150, 181
Trd, 000274.767, 174
Trd, 000275.117, 174
Trd, 000275.683, 176
Trd, 000276.700, 179
Trd, 000276.833, 177
Trd, 000276.950, 175
Trd, 000277.333, 179
Trd, 000278.133, 177
Trd, 000278.500, 173
Trd, 000279.100, 178
Trd, 000280.033, 179
Trd, 000280.100, 174
Trd, 000280.533, 174
Trd, 000281.283, 175
Trd, 000281.533, 176
Trd, 000281.633, 172
Trd, 000281.967, 177
Trd, 000282.333, 181
Trd, 000282.567, 185
Trd, 000282.700, 173
Trd, 000282.933, 188
Trd, 000284.833, 186
Trd, 000285.367, 186
Trd, 000285.683, 185
Trd, 000286.267, 184
Trd, 000286.450, 192
Trd, 000287.450, 183
Trd, 000288.217, 185
Trd, 000288.683, 185
Trd, 000289.350, 183
Trd, 000289.483, 182
Trd, 000289.550, 180
Trd, 000289.700, 174
Trd, 000289.733, 170
Trd, 000289.983, 175
Trd, 000290.383, 174
Trd, 000291.483, 174
Trd, 000291.583, 177
Trd, 000291.783, 173
Trd, 000292.333, 175
Trd, 000292.767, 176
Trd, 000293.383, 184
Trd, 000293.400, 177
Trd, 000294.200, 181
Trd, 000294.750, 181
Trd, 000295.317, 180
Trd, 000295.350, 176
Trd, 000295.550, 175
Trd, 000295.583, 181
Trd, 000296.950, 182
Trd, 000297.467, 179
Trd, 000297.850, 181
Trd, 000298.150, 183
Trd, 000298.183, 183
Trd, 000298.833, 184
Trd, 000299.183, 180
