Trd, 000000.650, 144
Trd, 000002.117, 150
Trd, 000002.267, 146
Trd, 000003.100, 150
Trd, 000003.633, 151
Trd, 000003.933, 150
Trd, 000005.467, 160
Trd, 000007.083, 159
Trd, 000007.400, 153
Trd, 000009.150, 163
Trd, 000009.833, 150
Trd, 000010.250, 150
Trd, 000010.500, 151
Trd, 000010.650, 151
Trd, 000010.933, 174
Trd, 000012.117, 151
Trd, 000012.517, 154
Trd, 000013.217, 155
Trd, 000014.767, 151
Trd, 000015.100, 153
Trd, 000015.217, 152
Trd, 000016.067, 147
Trd, 000017.117, 152
Trd, 000017.933, 147
Trd, 000018.100, 147
Trd, 000018.567, 147
Trd, 000019.267, 146
Trd, 000019.283, 147
Trd, 000020.383, 153
Trd, 000020.433, 145
Trd, 000020.750, 159
Trd, 000022.733, 153
Trd, 000024.683, 158
Trd, 000025.150, 157
Trd, 000025.200, 154
Trd, 000025.233, 158
Trd, 000025.383, 158
Trd, 000026.717, 157
Trd, 000027.050, 158
Trd, 000027.283, 156
Trd, 000027.433, 154
Trd, 000027.683, 153
Trd, 000028.717, 157
Trd, 000030.517, 152
Trd, 000030.817, 151
Trd, 000031.350, 148
Trd, 000032.800, 149
Trd, 000033.367, 147
Trd, 000033.850, 148
Trd, 000033.900, 144
Trd, 000033.933, 151
Trd, 000034.217, 151
Trd, 000035.617, 153
Trd, 000035.917, 154
Trd, 000037.333, 153
Trd, 000038.467, 154
Trd, 000039.550, 154
Trd, 000040.317, 153
Trd, 000040.767, 152
Trd, 000041.383, 151
Trd, 000041.483, 153
Trd, 000041.550, 155
Trd, 000041.783, 156
Trd, 000042.717, 159
Trd, 000042.867, 158
Trd, 000044.050, 158
Trd, 000045.083, 163
Trd, 000045.517, 164
Trd, 000047.167, 160
Trd, 000047.517, 162
Trd, 000047.933, 161
Trd, 000049.200, 162
Trd, 000049.450, 161
Trd, 000049.517, 152
Trd, 000050.483, 150
Trd, 000051.267, 154
Trd, 000052.133, 152
Trd, 000052.600, 151
Trd, 000052.917, 150
Trd, 000053.900, 150
Trd, 000054.417, 151
Trd, 000054.717, 150
Trd, 000054.900, 154
Trd, 000056.850, 155
Trd, 000058.433, 155
Trd, 000059.000, 152
Trd, 000059.117, 157
Trd, 000060.317, 157
Trd, 000061.267, 157
Trd, 000061.600, 156
Trd, 000062.150, 159
Trd, 000062.533, 167
Trd, 000063.200, 161
Trd, 000063.767, 162
Trd, 000064.283, 168
Trd, 000064.950, 165
Trd, 000066.350, 165
Trd, 000067.567, 165
Trd, 000068.450, 164
Trd, 000068.850, 165
Trd, 000069.650, 162
Trd, 000069.917, 163
Trd, 000070.617, 161
Trd, 000070.850, 169
Trd, 000073.350, 155
Trd, 000074.217, 158
Trd, 000074.483, 158
Trd, 000076.083, 158
Trd, 000076.333, 157
Trd, 000076.800, 158
Trd, 000076.850, 158
Trd, 000077.000, 159
Trd, 000078.283, 159
Trd, 000078.350, 169
Trd, 000078.450, 179
Trd, 000079.217, 180
Trd, 000080.083, 158
Trd, 000080.467, 159
Trd, 000081.517, 157
Trd, 000082.850, 157
Trd, 000084.167, 157
Trd, 000084.717, 159
Trd, 000085.067, 159
Trd, 000085.967, 170
Trd, 000086.233, 157
Trd, 000088.333, 157
Trd, 000089.100, 157
Trd, 000090.100, 157
Trd, 000090.150, 156
Trd, 000090.333, 156
Trd, 000091.567, 154
Trd, 000092.500, 153
Trd, 000092.883, 153
Trd, 000093.133, 156
Trd, 000093.517, 160
Trd, 000093.567, 171
Trd, 000093.817, 171
Trd, 000094.700, 160
Trd, 000096.000, 178
Trd, 000096.600, 167
Trd, 000096.850, 166
Trd, 000097.383, 170
Trd, 000097.667, 165
Trd, 000098.667, 165
Trd, 000099.333, 164
Trd, 000100.067, 164
Trd, 000101.450, 160
Trd, 000101.800, 161
Trd, 000102.533, 159
Trd, 000102.917, 160
Trd, 000103.583, 159
Trd, 000104.117, 161
Trd, 000104.250, 161
Trd, 000105.083, 161
Trd, 000105.700, 170
Trd, 000106.550, 162
Trd, 000106.700, 172
Trd, 000107.667, 159
Trd, 000108.483, 161
Trd, 000109.717, 158
Trd, 000110.883, 153
Trd, 000111.400, 156
Trd, 000112.150, 155
Trd, 000112.217, 154
Trd, 000112.350, 155
Trd, 000112.550, 157
Trd, 000112.600, 162
Trd, 000113.850, 156
Trd, 000114.367, 159
Trd, 000114.467, 160
Trd, 000115.000, 170
Trd, 000116.233, 169
Trd, 000117.683, 162
Trd, 000118.283, 161
Trd, 000118.767, 161
Trd, 000119.450, 161
Trd, 000120.167, 160
Trd, 000120.817, 161
Trd, 000121.300, 161
Trd, 000121.833, 157
Trd, 000122.400, 162
Trd, 000123.150, 156
Trd, 000123.283, 157
Trd, 000124.567, 157
Trd, 000125.050, 157
Trd, 000125.367, 158
Trd, 000125.417, 156
Trd, 000125.633, 159
Trd, 000126.383, 154
Trd, 000127.267, 164
Trd, 000128.067, 173
Trd, 000128.217, 172
Trd, 000129.200, 172
Trd, 000129.733, 173
Trd, 000130.083, 169
Trd, 000131.600, 169
Trd, 000131.633, 172
Trd, 000133.267, 173
Trd, 000133.383, 175
Trd, 000133.583, 168
Trd, 000135.050, 167
Trd, 000135.150, 177
Trd, 000135.800, 165
Trd, 000136.483, 172
Trd, 000137.300, 167
Trd, 000138.467, 167
Trd, 000138.833, 168
Trd, 000139.417, 169
Trd, 000139.600, 167
Trd, 000139.833, 163
Trd, 000140.633, 164
Trd, 000142.450, 161
Trd, 000144.083, 159
Trd, 000144.517, 160
Trd, 000144.883, 160
Trd, 000145.067, 162
Trd, 000145.583, 161
Trd, 000146.633, 166
Trd, 000147.200, 167
Trd, 000147.567, 167
Trd, 000147.683, 168
Trd, 000148.217, 173
Trd, 000148.767, 166
Trd, 000149.267, 164
Trd, 000149.533, 189
Trd, 000149.550, 197
Trd, 000149.817, 162
Trd, 000150.717, 163
Trd, 000152.167, 164
Trd, 000153.017, 159
Trd, 000153.217, 159
Trd, 000153.517, 164
Trd, 000155.717, 159
Trd, 000155.950, 159
Trd, 000156.817, 160
Trd, 000157.200, 166
Trd, 000157.283, 167
Trd, 000158.100, 164
Trd, 000158.583, 159
Trd, 000159.333, 164
Trd, 000160.117, 165
Trd, 000161.217, 164
Trd, 000161.617, 164
Trd, 000162.700, 163
Trd, 000163.683, 164
Trd, 000164.750, 164
Trd, 000165.450, 163
Trd, 000165.883, 164
Trd, 000166.200, 157
Trd, 000166.683, 165
Trd, 000167.367, 165
Trd, 000168.950, 163
Trd, 000169.733, 164
Trd, 000170.617, 161
Trd, 000171.383, 163
Trd, 000171.883, 163
Trd, 000171.967, 162
Trd, 000172.567, 165
Trd, 000174.117, 161
Trd, 000174.417, 162
Trd, 000174.983, 163
Trd, 000175.333, 163
Trd, 000175.817, 163
Trd, 000176.367, 166
Trd, 000176.600, 161
Trd, 000178.083, 167
Trd, 000178.483, 168
Trd, 000180.417, 168
Trd, 000180.450, 167
Trd, 000180.483, 169
Trd, 000180.567, 169
Trd, 000180.600, 169
Trd, 000181.300, 175
Trd, 000183.533, 172
Trd, 000184.100, 171
Trd, 000184.167, 171
Trd, 000185.483, 168
Trd, 000185.800, 169
Trd, 000186.700, 179
Trd, 000186.817, 180
Trd, 000190.433, 175
Trd, 000190.583, 174
Trd, 000190.617, 175
Trd, 000190.850, 171
Trd, 000191.150, 170
Trd, 000191.233, 164
Trd, 000192.800, 175
Trd, 000193.133, 176
Trd, 000193.667, 169
Trd, 000194.450, 169
Trd, 000195.117, 163
Trd, 000195.383, 169
Trd, 000195.483, 169
Trd, 000196.567, 168
Trd, 000197.950, 164
Trd, 000198.017, 167
Trd, 000199.033, 167
Trd, 000199.367, 191
Trd, 000201.717, 178
Trd, 000201.750, 179
Trd, 000201.867, 180
Trd, 000202.483, 189
Trd, 000203.217, 180
Trd, 000203.450, 179
Trd, 000204.150, 180
Trd, 000204.217, 178
Trd, 000204.783, 177
Trd, 000205.000, 179
Trd, 000205.317, 179
Trd, 000206.167, 171
Trd, 000207.250, 178
Trd, 000209.117, 175
Trd, 000209.350, 174
Trd, 000209.583, 174
Trd, 000209.650, 171
Trd, 000210.100, 172
Trd, 000211.850, 173
Trd, 000212.683, 170
Trd, 000213.133, 171
Trd, 000214.117, 183
Trd, 000215.217, 172
Trd, 000216.367, 169
Trd, 000217.883, 167
Trd, 000218.150, 166
Trd, 000218.317, 166
Trd, 000218.767, 166
Trd, 000219.383, 166
Trd, 000220.900, 164
Trd, 000221.383, 163
Trd, 000221.483, 168
Trd, 000222.500, 170
Trd, 000223.083, 173
Trd, 000223.817, 170
Trd, 000224.117, 168
Trd, 000225.350, 171
Trd, 000225.433, 173
Trd, 000226.183, 182
Trd, 000226.550, 183
Trd, 000227.517, 178
Trd, 000229.250, 175
Trd, 000229.933, 177
Trd, 000230.383, 176
Trd, 000230.717, 171
Trd, 000231.583, 172
Trd, 000232.000, 172
Trd, 000232.167, 174
Trd, 000232.333, 171
Trd, 000232.367, 164
Trd, 000232.600, 178
Trd, 000235.033, 169
Trd, 000235.533, 169
Trd, 000235.717, 171
Trd, 000236.300, 169
Trd, 000236.333, 171
Trd, 000238.017, 174
Trd, 000238.867, 186
Trd, 000239.600, 179
Trd, 000239.667, 179
Trd, 000240.100, 178
Trd, 000240.483, 179
Trd, 000240.533, 178
Trd, 000241.667, 180
Trd, 000241.750, 184
Trd, 000242.283, 175
Trd, 000243.000, 173
Trd, 000243.300, 174
Trd, 000243.467, 172
Trd, 000243.867, 172
Trd, 000244.867, 175
Trd, 000245.900, 174
Trd, 000245.917, 173
Trd, 000246.833, 172
Trd, 000247.133, 175
Trd, 000247.283, 176
Trd, 000247.567, 175
Trd, 000247.583, 177
Trd, 000248.233, 174
Trd, 000248.450, 171
Trd, 000248.650, 170
Trd, 000249.667, 170
Trd, 000250.450, 171
Trd, 000251.017, 171
Trd, 000251.200, 166
Trd, 000251.250, 169
Trd, 000251.583, 169
Trd, 000252.350, 172
Trd, 000252.383, 173
Trd, 000253.500, 163
Trd, 000253.683, 166
Trd, 000254.350, 164
Trd, 000254.467, 170
Trd, 000254.650, 171
Trd, 000255.267, 170
Trd, 000256.683, 175
Trd, 000257.100, 175
Trd, 000257.300, 174
Trd, 000258.300, 174
Trd, 000258.883, 169
Trd, 000259.017, 171
Trd, 000259.600, 171
Trd, 000260.150, 174
Trd, 000260.350, 174
Trd, 000261.000, 176
Trd, 000262.017, 176
Trd, 000262.567, 177
Trd, 000262.933, 184
Trd, 000263.100, 184
Trd, 000264.050, 182
Trd, 000264.917, 182
Trd, 000265.150, 179
Trd, 000265.433, 179
Trd, 000265.567, 180
Trd, 000266.517, 183
Trd, 000266.733, 176
Trd, 000267.400, 188
Trd, 000267.667, 176
Trd, 000267.900, 184
Trd, 000268.783, 183
Trd, 000269.617, 184
Trd, 000269.883, 182
Trd, 000269.950, 181
Trd, 000270.567, 181
Trd, 000271.100, 180
Trd, 000271.183, 183
Trd, 000271.567, 180
Trd, 000271.983, 178
Trd, 000272.050, 176
Trd, 000272.750, 176
Trd, 000273.017, 177
Trd, 000274.000, 182
Trd, 000274.583, 178
Trd, 000274.883, 180
Trd, 000275.650, 181
Trd, 000276.200, 182
Trd, 000276.733, 176
Trd, 000276.983, 180
Trd, 000278.050, 166
Trd, 000278.150, 169
Trd, 000278.250, 178
Trd, 000280.133, 179
Trd, 000280.567, 170
Trd, 000280.633, 178
Trd, 000281.433, 183
Trd, 000281.450, 184
Trd, 000282.067, 178
Trd, 000282.500, 173
Trd, 000283.050, 173
Trd, 000283.167, 174
Trd, 000283.250, 172
Trd, 000283.350, 177
Trd, 000283.850, 177
Trd, 000284.533, 178
Trd, 000284.600, 179
Trd, 000285.067, 173
Trd, 000286.650, 178
Trd, 000288.283, 180
Trd, 000288.917, 179
Trd, 000289.850, 181
Trd, 000289.950, 180
Trd, 000290.250, 174
Trd, 000290.617, 180
Trd, 000290.750, 188
Trd, 000291.133, 177
Trd, 000292.483, 181
Trd, 000292.517, 182
Trd, 000292.750, 183
Trd, 000293.000, 176
Trd, 000293.717, 180
Trd, 000293.783, 174
Trd, 000294.433, 180
Trd, 000295.350, 178
Trd, 000295.500, 176
Trd, 000296.117, 175
Trd, 000296.383, 179
Trd, 000296.817, 173
Trd, 000297.083, 171
Trd, 000297.633, 174
Trd, 000298.717, 176
Trd, 000299.033, 171
Trd, 000299.750, 170
Trd, 000299.950, 170
