Trd, 000001.783, 135
Trd, 000002.133, 158
Trd, 000002.667, 154
Trd, 000003.133, 154
Trd, 000004.417, 149
Trd, 000004.767, 148
Trd, 000005.367, 155
Trd, 000005.600, 156
Trd, 000005.867, 145
Trd, 000006.367, 145
Trd, 000006.450, 144
Trd, 000007.767, 154
Trd, 000008.267, 146
Trd, 000008.617, 153
Trd, 000010.050, 149
Trd, 000010.133, 150
Trd, 000010.867, 149
Trd, 000011.083, 151
Trd, 000011.550, 152
Trd, 000011.633, 151
Trd, 000011.700, 152
Trd, 000012.133, 166
Trd, 000012.317, 150
Trd, 000013.567, 157
Trd, 000014.600, 157
Trd, 000014.650, 154
Trd, 000015.983, 156
Trd, 000016.133, 157
Trd, 000016.533, 157
Trd, 000016.717, 155
Trd, 000017.100, 156
Trd, 000017.583, 157
Trd, 000018.417, 157
Trd, 000018.633, 156
Trd, 000019.100, 158
Trd, 000019.317, 158
Trd, 000019.500, 156
Trd, 000020.967, 157
Trd, 000021.483, 157
Trd, 000021.683, 157
Trd, 000021.883, 157
Trd, 000022.367, 156
Trd, 000022.817, 153
Trd, 000024.150, 152
Trd, 000024.617, 155
Trd, 000024.817, 153
Trd, 000024.917, 154
Trd, 000025.017, 154
Trd, 000025.700, 156
Trd, 000026.317, 154
Trd, 000027.817, 155
Trd, 000027.933, 153
Trd, 000027.950, 152
Trd, 000028.017, 151
Trd, 000028.483, 156
Trd, 000028.717, 157
Trd, 000029.800, 154
Trd, 000030.200, 154
Trd, 000030.583, 154
Trd, 000030.750, 154
Trd, 000031.383, 155
Trd, 000032.067, 154
Trd, 000032.317, 155
Trd, 000032.767, 156
Trd, 000032.983, 155
Trd, 000034.017, 153
Trd, 000035.217, 154
Trd, 000037.000, 154
Trd, 000037.667, 154
Trd, 000037.950, 154
Trd, 000038.367, 144
Trd, 000039.067, 151
Trd, 000039.450, 152
Trd, 000039.600, 152
Trd, 000039.700, 151
Trd, 000039.767, 150
Trd, 000040.050, 153
Trd, 000040.100, 149
Trd, 000041.900, 151
Trd, 000041.917, 151
Trd, 000042.817, 152
Trd, 000043.333, 152
Trd, 000043.900, 150
Trd, 000044.000, 149
Trd, 000044.117, 149
Trd, 000044.150, 149
Trd, 000044.267, 145
Trd, 000044.567, 152
Trd, 000044.900, 149
Trd, 000045.067, 152
Trd, 000045.383, 149
Trd, 000046.400, 153
Trd, 000046.883, 152
Trd, 000047.333, 153
Trd, 000047.700, 151
Trd, 000048.150, 153
Trd, 000048.683, 152
Trd, 000049.283, 153
Trd, 000050.000, 152
Trd, 000050.950, 153
Trd, 000051.400, 152
Trd, 000051.433, 151
Trd, 000051.933, 150
Trd, 000052.067, 150
Trd, 000052.217, 153
Trd, 000052.567, 156
Trd, 000053.833, 149
Trd, 000055.367, 151
Trd, 000055.667, 151
Trd, 000055.683, 150
Trd, 000055.933, 150
Trd, 000056.050, 152
Trd, 000056.683, 149
Trd, 000057.033, 152
Trd, 000057.733, 150
Trd, 000058.300, 152
Trd, 000058.433, 154
Trd, 000058.483, 154
Trd, 000058.917, 157
Trd, 000059.650, 161
Trd, 000060.150, 159
Trd, 000060.517, 160
Trd, 000061.300, 159
Trd, 000061.850, 158
Trd, 000062.833, 158
Trd, 000063.683, 159
Trd, 000063.833, 158
Trd, 000064.050, 157
Trd, 000064.150, 156
Trd, 000064.283, 158
Trd, 000064.967, 157
Trd, 000065.717, 157
Trd, 000065.750, 156
Trd, 000067.283, 157
Trd, 000067.367, 159
Trd, 000067.450, 156
Trd, 000067.517, 155
Trd, 000067.533, 154
Trd, 000069.350, 159
Trd, 000069.450, 161
Trd, 000070.083, 155
Trd, 000071.000, 156
Trd, 000071.350, 159
Trd, 000072.333, 157
Trd, 000072.600, 158
Trd, 000072.917, 157
Trd, 000072.933, 156
Trd, 000073.050, 156
Trd, 000074.117, 161
Trd, 000074.750, 161
Trd, 000075.283, 167
Trd, 000075.333, 164
Trd, 000075.350, 172
Trd, 000075.700, 164
Trd, 000077.250, 166
Trd, 000077.333, 167
Trd, 000077.417, 166
Trd, 000078.150, 168
Trd, 000078.600, 169
Trd, 000078.650, 167
Trd, 000079.600, 172
Trd, 000080.383, 173
Trd, 000080.550, 173
Trd, 000080.600, 166
Trd, 000081.433, 169
Trd, 000082.567, 167
Trd, 000082.733, 161
Trd, 000083.367, 160
Trd, 000084.167, 162
Trd, 000084.567, 160
Trd, 000084.983, 161
Trd, 000085.483, 161
Trd, 000085.550, 160
Trd, 000085.617, 159
Trd, 000086.900, 160
Trd, 000088.333, 160
Trd, 000088.350, 161
Trd, 000089.133, 161
Trd, 000089.533, 163
Trd, 000089.617, 164
Trd, 000089.983, 159
Trd, 000090.367, 165
Trd, 000090.417, 158
Trd, 000091.833, 163
Trd, 000092.133, 161
Trd, 000092.450, 157
Trd, 000092.783, 152
Trd, 000092.900, 150
Trd, 000093.233, 159
Trd, 000093.333, 160
Trd, 000094.717, 156
Trd, 000095.183, 160
Trd, 000095.517, 155
Trd, 000096.000, 159
Trd, 000096.467, 160
Trd, 000096.550, 159
Trd, 000097.017, 160
Trd, 000097.867, 161
Trd, 000098.217, 162
Trd, 000099.517, 163
Trd, 000099.583, 161
Trd, 000100.000, 164
Trd, 000100.017, 165
Trd, 000100.133, 161
Trd, 000101.433, 161
Trd, 000101.550, 162
Trd, 000102.600, 162
Trd, 000103.233, 160
Trd, 000103.983, 160
Trd, 000104.083, 161
Trd, 000104.150, 160
Trd, 000104.967, 160
Trd, 000105.133, 159
Trd, 000105.517, 158
Trd, 000105.550, 162
Trd, 000105.983, 159
Trd, 000106.933, 161
Trd, 000107.383, 161
Trd, 000108.033, 160
Trd, 000108.233, 159
Trd, 000108.267, 163
Trd, 000108.317, 159
Trd, 000108.333, 159
Trd, 000108.800, 163
Trd, 000109.400, 163
Trd, 000109.500, 163
Trd, 000109.767, 162
Trd, 000109.783, 158
Trd, 000112.383, 160
Trd, 000112.900, 162
Trd, 000112.933, 160
Trd, 000113.967, 163
Trd, 000114.267, 160
Trd, 000114.533, 159
Trd, 000114.717, 160
Trd, 000115.033, 163
Trd, 000116.117, 160
Trd, 000116.567, 160
Trd, 000117.150, 163
Trd, 000117.783, 163
Trd, 000118.050, 161
Trd, 000118.417, 163
Trd, 000118.517, 162
Trd, 000118.767, 167
Trd, 000119.183, 164
Trd, 000119.650, 164
Trd, 000119.883, 165
Trd, 000120.767, 163
Trd, 000120.900, 166
Trd, 000120.967, 163
Trd, 000123.250, 164
Trd, 000123.450, 165
Trd, 000123.767, 164
Trd, 000124.033, 163
Trd, 000125.250, 163
Trd, 000125.500, 164
Trd, 000126.050, 164
Trd, 000126.300, 163
Trd, 000126.650, 164
Trd, 000126.933, 163
Trd, 000127.117, 165
Trd, 000127.433, 164
Trd, 000128.317, 161
Trd, 000129.200, 161
Trd, 000129.533, 163
Trd, 000130.167, 160
Trd, 000130.383, 163
Trd, 000130.717, 161
Trd, 000131.167, 161
Trd, 000131.533, 160
Trd, 000132.067, 160
Trd, 000132.650, 161
Trd, 000133.517, 161
Trd, 000133.533, 161
Trd, 000134.100, 160
Trd, 000134.533, 164
Trd, 000135.117, 162
Trd, 000135.433, 162
Trd, 000136.033, 161
Trd, 000136.250, 160
Trd, 000136.683, 163
Trd, 000138.583, 169
Trd, 000139.117, 168
Trd, 000139.417, 167
Trd, 000139.483, 169
Trd, 000139.767, 178
Trd, 000140.217, 165
Trd, 000140.300, 165
Trd, 000140.667, 165
Trd, 000140.917, 166
Trd, 000142.483, 167
Trd, 000142.617, 166
Trd, 000143.133, 166
Trd, 000143.233, 164
Trd, 000143.367, 164
Trd, 000144.133, 164
Trd, 000144.250, 164
Trd, 000145.567, 164
Trd, 000145.850, 162
Trd, 000146.900, 165
Trd, 000147.117, 165
Trd, 000147.167, 165
Trd, 000147.300, 164
Trd, 000147.983, 165
Trd, 000148.100, 163
Trd, 000148.750, 156
Trd, 000149.400, 155
Trd, 000150.367, 159
Trd, 000151.250, 157
Trd, 000151.450, 158
Trd, 000151.683, 158
Trd, 000151.900, 159
Trd, 000152.200, 166
Trd, 000152.367, 158
Trd, 000152.500, 158
Trd, 000153.417, 159
Trd, 000154.167, 160
Trd, 000155.200, 161
Trd, 000156.050, 163
Trd, 000156.450, 162
Trd, 000157.050, 164
Trd, 000158.000, 164
Trd, 000158.050, 160
Trd, 000158.917, 162
Trd, 000159.467, 164
Trd, 000159.533, 165
Trd, 000159.767, 163
Trd, 000160.400, 163
Trd, 000160.517, 166
Trd, 000161.217, 164
Trd, 000161.567, 164
Trd, 000161.850, 164
Trd, 000162.450, 167
Trd, 000163.400, 169
Trd, 000163.700, 168
Trd, 000163.800, 168
Trd, 000164.167, 168
Trd, 000164.367, 167
Trd, 000165.233, 166
Trd, 000165.550, 166
Trd, 000165.700, 167
Trd, 000166.000, 164
Trd, 000166.367, 164
Trd, 000167.033, 169
Trd, 000167.500, 168
Trd, 000167.933, 165
Trd, 000168.100, 169
Trd, 000168.400, 164
Trd, 000168.700, 165
Trd, 000170.317, 165
Trd, 000170.483, 166
Trd, 000171.383, 165
Trd, 000171.717, 166
Trd, 000172.083, 169
Trd, 000172.800, 168
Trd, 000174.200, 168
Trd, 000174.667, 167
Trd, 000174.817, 168
Trd, 000175.267, 167
Trd, 000175.400, 166
Trd, 000176.167, 168
Trd, 000176.300, 165
Trd, 000176.400, 165
Trd, 000177.250, 166
Trd, 000177.633, 167
Trd, 000178.700, 167
Trd, 000179.167, 168
Trd, 000179.183, 167
Trd, 000180.217, 173
Trd, 000180.383, 168
Trd, 000180.783, 170
Trd, 000181.083, 168
Trd, 000181.467, 169
Trd, 000181.867, 168
Trd, 000182.083, 167
Trd, 000182.850, 166
Trd, 000184.000, 166
Trd, 000184.133, 169
Trd, 000184.267, 166
Trd, 000185.200, 168
Trd, 000185.283, 167
Trd, 000185.600, 169
Trd, 000185.800, 170
Trd, 000185.817, 168
Trd, 000186.867, 167
Trd, 000188.117, 169
Trd, 000188.467, 170
Trd, 000189.317, 168
Trd, 000189.650, 169
Trd, 000190.567, 168
Trd, 000190.767, 168
Trd, 000190.850, 167
Trd, 000191.083, 168
Trd, 000191.600, 160
Trd, 000191.783, 164
Trd, 000192.333, 167
Trd, 000192.483, 168
Trd, 000192.700, 168
Trd, 000193.367, 167
Trd, 000193.483, 167
Trd, 000193.517, 168
Trd, 000194.133, 173
Trd, 000194.367, 163
Trd, 000194.717, 161
Trd, 000194.883, 170
Trd, 000195.717, 162
Trd, 000197.150, 170
Trd, 000198.050, 173
Trd, 000198.283, 172
Trd, 000198.417, 174
Trd, 000198.700, 171
Trd, 000199.000, 170
Trd, 000200.000, 170
Trd, 000201.633, 170
Trd, 000201.883, 169
Trd, 000202.100, 171
Trd, 000202.250, 169
Trd, 000202.600, 168
Trd, 000202.700, 171
Trd, 000203.133, 168
Trd, 000204.367, 169
Trd, 000204.600, 168
Trd, 000204.617, 167
Trd, 000205.233, 168
Trd, 000205.617, 168
Trd, 000205.817, 167
Trd, 000206.217, 168
Trd, 000207.083, 168
Trd, 000207.183, 167
Trd, 000207.900, 168
Trd, 000208.167, 168
Trd, 000208.867, 168
Trd, 000208.983, 167
Trd, 000209.133, 171
Trd, 000209.450, 171
Trd, 000210.083, 169
Trd, 000210.150, 168
Trd, 000210.483, 171
Trd, 000211.333, 167
Trd, 000212.083, 168
Trd, 000212.183, 169
Trd, 000212.250, 170
Trd, 000214.000, 170
Trd, 000214.433, 172
Trd, 000214.817, 176
Trd, 000215.700, 171
Trd, 000215.800, 171
Trd, 000216.133, 186
Trd, 000216.983, 177
Trd, 000217.267, 176
Trd, 000217.367, 176
Trd, 000217.933, 175
Trd, 000218.267, 172
Trd, 000219.317, 187
Trd, 000219.467, 182
Trd, 000219.583, 183
Trd, 000219.733, 174
Trd, 000220.567, 170
Trd, 000220.600, 163
Trd, 000221.100, 163
Trd, 000221.933, 172
Trd, 000222.150, 168
Trd, 000223.317, 171
Trd, 000223.383, 172
Trd, 000225.833, 169
Trd, 000226.000, 168
Trd, 000226.167, 170
Trd, 000226.267, 171
Trd, 000227.150, 176
Trd, 000227.583, 177
Trd, 000227.683, 178
Trd, 000228.083, 177
Trd, 000228.533, 178
Trd, 000228.617, 172
Trd, 000229.267, 177
Trd, 000229.667, 179
Trd, 000229.867, 178
Trd, 000230.050, 179
Trd, 000230.300, 178
Trd, 000230.417, 179
Trd, 000230.767, 179
Trd, 000230.900, 180
Trd, 000231.400, 173
Trd, 000233.417, 177
Trd, 000234.483, 177
Trd, 000235.167, 177
Trd, 000235.617, 178
Trd, 000236.217, 176
Trd, 000236.617, 175
Trd, 000236.933, 171
Trd, 000237.517, 175
Trd, 000237.600, 174
Trd, 000238.083, 174
Trd, 000238.800, 175
Trd, 000239.100, 174
Trd, 000239.350, 174
Trd, 000239.833, 173
Trd, 000239.900, 171
Trd, 000240.117, 176
Trd, 000240.350, 167
Trd, 000240.600, 165
Trd, 000241.067, 168
Trd, 000242.167, 168
Trd, 000242.233, 169
Trd, 000242.733, 168
Trd, 000243.117, 168
Trd, 000243.200, 167
Trd, 000243.667, 165
Trd, 000245.517, 168
Trd, 000245.667, 169
Trd, 000245.917, 170
Trd, 000246.617, 169
Trd, 000247.133, 169
Trd, 000247.267, 171
Trd, 000247.600, 169
Trd, 000247.733, 172
Trd, 000248.167, 169
Trd, 000248.383, 169
Trd, 000248.600, 171
Trd, 000249.117, 168
Trd, 000250.183, 168
Trd, 000250.300, 167
Trd, 000250.400, 167
Trd, 000250.617, 167
Trd, 000251.350, 165
Trd, 000252.367, 166
Trd, 000252.533, 166
Trd, 000252.617, 167
Trd, 000252.750, 165
Trd, 000253.383, 162
Trd, 000253.750, 164
Trd, 000254.300, 165
Trd, 000254.433, 157
Trd, 000254.650, 158
Trd, 000254.817, 166
Trd, 000255.783, 166
Trd, 000256.267, 164
Trd, 000256.717, 169
Trd, 000257.200, 165
Trd, 000258.200, 165
Trd, 000258.867, 168
Trd, 000259.850, 170
Trd, 000260.033, 171
Trd, 000260.133, 172
Trd, 000260.433, 170
Trd, 000260.683, 173
Trd, 000261.283, 171
Trd, 000261.600, 172
Trd, 000261.883, 173
Trd, 000262.400, 174
Trd, 000262.550, 172
Trd, 000262.717, 170
Trd, 000263.133, 170
Trd, 000264.800, 169
Trd, 000265.650, 170
Trd, 000265.883, 168
Trd, 000266.150, 167
Trd, 000266.267, 171
Trd, 000266.450, 171
Trd, 000266.600, 169
Trd, 000266.667, 174
Trd, 000266.917, 169
Trd, 000267.300, 169
Trd, 000268.000, 170
Trd, 000268.433, 171
Trd, 000268.600, 172
Trd, 000268.733, 173
Trd, 000269.467, 173
Trd, 000269.633, 172
Trd, 000269.933, 169
Trd, 000270.617, 173
Trd, 000270.733, 173
Trd, 000271.050, 174
Trd, 000271.350, 178
Trd, 000272.383, 171
Trd, 000273.033, 169
Trd, 000273.267, 169
Trd, 000273.483, 170
Trd, 000274.400, 171
Trd, 000274.467, 175
Trd, 000274.883, 173
Trd, 000275.267, 171
Trd, 000275.900, 176
Trd, 000275.983, 178
Trd, 000277.400, 175
Trd, 000277.583, 176
Trd, 000278.300, 179
Trd, 000278.783, 178
Trd, 000278.950, 179
Trd, 000279.217, 178
Trd, 000280.750, 178
Trd, 000280.833, 179
Trd, 000280.967, 177
Trd, 000281.233, 177
Trd, 000281.700, 177
Trd, 000282.300, 177
Trd, 000282.400, 176
Trd, 000283.050, 176
Trd, 000283.233, 176
Trd, 000283.467, 178
Trd, 000283.767, 175
Trd, 000284.050, 178
Trd, 000284.150, 177
Trd, 000284.217, 174
Trd, 000284.633, 173
Trd, 000285.550, 176
Trd, 000285.867, 176
Trd, 000286.100, 176
Trd, 000286.517, 177
Trd, 000287.783, 179
Trd, 000287.867, 176
Trd, 000288.200, 175
Trd, 000288.317, 175
Trd, 000289.600, 173
Trd, 000289.767, 171
Trd, 000289.883, 177
Trd, 000290.283, 173
Trd, 000290.383, 177
Trd, 000290.483, 173
Trd, 000290.833, 174
Trd, 000291.467, 175
Trd, 000292.100, 176
Trd, 000292.183, 175
Trd, 000292.350, 173
Trd, 000292.450, 174
Trd, 000293.033, 177
Trd, 000294.500, 175
Trd, 000294.717, 172
Trd, 000294.767, 177
Trd, 000296.233, 172
Trd, 000296.567, 174
Trd, 000296.683, 175
Trd, 000297.083, 172
Trd, 000297.117, 171
Trd, 000298.150, 173
Trd, 000298.217, 174
Trd, 000298.300, 173
Trd, 000299.000, 178
Trd, 000299.417, 174
