Trd, 000001.417, 140
Trd, 000002.000, 165
Trd, 000002.333, 125
Trd, 000003.300, 160
Trd, 000004.950, 155
Trd, 000005.333, 132
Trd, 000005.733, 142
Trd, 000006.067, 158
Trd, 000006.533, 140
Trd, 000007.433, 152
Trd, 000007.667, 153
Trd, 000008.100, 156
Trd, 000009.483, 151
Trd, 000010.067, 153
Trd, 000010.600, 153
Trd, 000010.667, 152
Trd, 000011.617, 152
Trd, 000011.900, 154
Trd, 000012.317, 152
Trd, 000013.117, 152
Trd, 000013.967, 137
Trd, 000014.233, 138
Trd, 000014.250, 138
Trd, 000014.733, 140
Trd, 000014.750, 152
Trd, 000015.000, 156
Trd, 000016.333, 145
Trd, 000016.850, 160
Trd, 000017.617, 148
Trd, 000017.733, 143
Trd, 000017.933, 163
Trd, 000019.083, 157
Trd, 000019.300, 146
Trd, 000019.833, 146
Trd, 000020.350, 147
Trd, 000021.400, 147
Trd, 000021.550, 147
Trd, 000022.200, 146
Trd, 000022.633, 146
Trd, 000023.550, 153
Trd, 000024.317, 146
Trd, 000024.700, 146
Trd, 000025.400, 151
Trd, 000026.050, 153
Trd, 000026.250, 148
Trd, 000026.633, 167
Trd, 000027.233, 154
Trd, 000028.033, 148
Trd, 000028.267, 156
Trd, 000028.867, 151
Trd, 000029.417, 152
Trd, 000029.967, 152
Trd, 000030.500, 154
Trd, 000031.050, 160
Trd, 000031.717, 168
Trd, 000032.133, 154
Trd, 000032.150, 153
Trd, 000033.767, 155
Trd, 000034.500, 157
Trd, 000035.233, 155
Trd, 000035.250, 154
Trd, 000035.433, 153
Trd, 000035.950, 156
Trd, 000038.650, 160
Trd, 000038.733, 158
Trd, 000039.900, 159
Trd, 000039.950, 158
Trd, 000040.650, 162
Trd, 000042.750, 159
Trd, 000043.283, 159
Trd, 000043.533, 158
Trd, 000043.783, 157
Trd, 000044.950, 158
Trd, 000045.383, 148
Trd, 000045.533, 148
Trd, 000045.700, 152
Trd, 000045.800, 153
Trd, 000047.000, 157
Trd, 000047.350, 152
Trd, 000047.900, 160
Trd, 000049.167, 160
Trd, 000050.250, 173
Trd, 000050.450, 154
Trd, 000052.367, 161
Trd, 000052.567, 161
Trd, 000052.700, 160
Trd, 000053.133, 159
Trd, 000053.300, 158
Trd, 000054.233, 160
Trd, 000055.200, 162
Trd, 000055.633, 161
Trd, 000055.733, 162
Trd, 000056.517, 161
Trd, 000057.700, 161
Trd, 000057.883, 160
Trd, 000058.667, 163
Trd, 000059.200, 166
Trd, 000059.367, 158
Trd, 000059.700, 150
Trd, 000059.983, 162
Trd, 000060.767, 161
Trd, 000061.367, 151
Trd, 000061.767, 162
Trd, 000063.167, 164
Trd, 000064.100, 164
Trd, 000064.533, 165
Trd, 000065.483, 170
Trd, 000065.783, 164
Trd, 000067.517, 168
Trd, 000067.817, 164
Trd, 000068.033, 166
Trd, 000068.600, 167
Trd, 000069.000, 167
Trd, 000069.383, 165
Trd, 000069.900, 168
Trd, 000070.517, 165
Trd, 000071.450, 168
Trd, 000072.833, 164
Trd, 000073.200, 168
Trd, 000073.483, 167
Trd, 000073.683, 165
Trd, 000075.033, 166
Trd, 000075.167, 164
Trd, 000075.617, 166
Trd, 000075.667, 162
Trd, 000077.100, 160
Trd, 000078.083, 161
Trd, 000078.167, 162
Trd, 000078.867, 152
Trd, 000079.767, 150
Trd, 000080.033, 152
Trd, 000082.050, 152
Trd, 000083.217, 164
Trd, 000083.267, 162
Trd, 000083.600, 163
Trd, 000083.883, 167
Trd, 000084.750, 161
Trd, 000085.033, 161
Trd, 000085.533, 160
Trd, 000086.133, 153
Trd, 000087.917, 162
Trd, 000088.300, 159
Trd, 000088.483, 156
Trd, 000088.933, 157
Trd, 000089.283, 162
Trd, 000089.850, 162
Trd, 000090.033, 164
Trd, 000090.100, 167
Trd, 000091.400, 162
Trd, 000092.333, 166
Trd, 000094.683, 159
Trd, 000094.767, 160
Trd, 000094.917, 162
Trd, 000095.900, 172
Trd, 000097.567, 165
Trd, 000097.967, 165
Trd, 000098.050, 165
Trd, 000098.117, 164
Trd, 000099.250, 165
Trd, 000099.367, 166
Trd, 000099.633, 165
Trd, 000100.783, 168
Trd, 000101.300, 168
Trd, 000101.983, 154
Trd, 000102.717, 173
Trd, 000103.300, 154
Trd, 000103.450, 154
Trd, 000103.950, 174
Trd, 000105.350, 175
Trd, 000106.483, 167
Trd, 000106.667, 175
Trd, 000107.217, 166
Trd, 000107.300, 165
Trd, 000110.117, 168
Trd, 000110.883, 165
Trd, 000110.900, 166
Trd, 000111.683, 167
Trd, 000112.533, 164
Trd, 000112.817, 163
Trd, 000113.333, 163
Trd, 000113.850, 161
Trd, 000114.517, 162
Trd, 000114.583, 164
Trd, 000115.150, 164
Trd, 000115.317, 169
Trd, 000117.283, 166
Trd, 000117.717, 167
Trd, 000117.883, 166
Trd, 000118.350, 166
Trd, 000119.533, 166
Trd, 000119.967, 169
Trd, 000120.033, 170
Trd, 000120.217, 166
Trd, 000120.667, 177
Trd, 000122.533, 168
Trd, 000122.850, 167
Trd, 000123.917, 166
Trd, 000124.533, 167
Trd, 000125.450, 166
Trd, 000126.167, 164
Trd, 000126.450, 164
Trd, 000126.983, 164
Trd, 000127.333, 153
Trd, 000127.417, 165
Trd, 000128.283, 166
Trd, 000129.750, 162
Trd, 000129.833, 164
Trd, 000130.317, 164
Trd, 000131.333, 164
Trd, 000131.433, 164
Trd, 000131.550, 162
Trd, 000133.133, 162
Trd, 000133.700, 163
Trd, 000134.367, 163
Trd, 000134.400, 163
Trd, 000135.017, 162
Trd, 000135.750, 164
Trd, 000136.700, 171
Trd, 000137.967, 167
Trd, 000138.750, 167
Trd, 000138.983, 168
Trd, 000139.317, 167
Trd, 000140.467, 167
Trd, 000140.833, 166
Trd, 000141.333, 166
Trd, 000141.983, 166
Trd, 000142.017, 167
Trd, 000142.383, 170
Trd, 000142.500, 169
Trd, 000142.550, 171
Trd, 000143.217, 167
Trd, 000144.650, 167
Trd, 000145.217, 166
Trd, 000145.333, 170
Trd, 000146.400, 158
Trd, 000146.550, 171
Trd, 000148.267, 171
Trd, 000148.383, 172
Trd, 000149.933, 172
Trd, 000150.217, 172
Trd, 000150.567, 172
Trd, 000150.667, 171
Trd, 000151.050, 170
Trd, 000151.883, 170
Trd, 000152.250, 170
Trd, 000152.417, 168
Trd, 000153.417, 166
Trd, 000153.967, 158
Trd, 000155.183, 158
Trd, 000155.433, 159
Trd, 000157.150, 168
Trd, 000158.267, 164
Trd, 000158.617, 166
Trd, 000158.667, 163
Trd, 000159.850, 168
Trd, 000160.417, 166
Trd, 000161.683, 167
Trd, 000162.617, 168
Trd, 000162.883, 166
Trd, 000162.967, 164
Trd, 000164.450, 167
Trd, 000166.000, 171
Trd, 000166.017, 172
Trd, 000166.317, 167
Trd, 000166.500, 172
Trd, 000166.817, 172
Trd, 000167.900, 172
Trd, 000168.233, 170
Trd, 000168.517, 170
Trd, 000169.100, 169
Trd, 000170.000, 172
Trd, 000170.133, 169
Trd, 000171.683, 169
Trd, 000172.367, 175
Trd, 000172.817, 169
Trd, 000172.933, 175
Trd, 000173.267, 182
Trd, 000174.233, 172
Trd, 000174.467, 171
Trd, 000175.983, 178
Trd, 000176.550, 176
Trd, 000177.133, 176
Trd, 000177.317, 177
Trd, 000177.667, 184
Trd, 000178.683, 176
Trd, 000178.850, 175
Trd, 000179.150, 174
Trd, 000181.133, 173
Trd, 000182.433, 172
Trd, 000182.550, 173
Trd, 000183.100, 162
Trd, 000183.583, 172
Trd, 000185.350, 170
Trd, 000185.933, 171
Trd, 000186.350, 171
Trd, 000186.400, 170
Trd, 000187.283, 177
Trd, 000187.600, 180
Trd, 000187.617, 171
Trd, 000188.967, 168
Trd, 000190.250, 169
Trd, 000190.683, 169
Trd, 000191.433, 169
Trd, 000192.500, 169
Trd, 000192.517, 167
Trd, 000192.950, 171
Trd, 000193.500, 181
Trd, 000194.683, 174
Trd, 000195.217, 173
Trd, 000195.900, 173
Trd, 000196.433, 173
Trd, 000197.267, 173
Trd, 000197.383, 172
Trd, 000198.600, 178
Trd, 000199.550, 176
Trd, 000199.983, 176
Trd, 000200.167, 185
Trd, 000201.483, 182
Trd, 000201.700, 178
Trd, 000202.617, 180
Trd, 000204.750, 180
Trd, 000205.250, 180
Trd, 000205.667, 178
Trd, 000205.733, 178
Trd, 000207.483, 178
Trd, 000207.850, 178
Trd, 000207.983, 178
Trd, 000208.467, 177
Trd, 000208.500, 178
Trd, 000209.900, 177
Trd, 000210.483, 176
Trd, 000211.183, 176
Trd, 000211.983, 155
Trd, 000212.283, 170
Trd, 000212.500, 171
Trd, 000213.100, 173
Trd, 000214.567, 173
Trd, 000214.817, 186
Trd, 000214.900, 171
Trd, 000216.083, 181
Trd, 000216.683, 181
Trd, 000216.817, 180
Trd, 000217.050, 178
Trd, 000217.717, 182
Trd, 000218.167, 179
Trd, 000218.967, 179
Trd, 000220.133, 181
Trd, 000220.867, 180
Trd, 000222.217, 178
Trd, 000223.267, 177
Trd, 000224.083, 177
Trd, 000224.667, 178
Trd, 000225.067, 178
Trd, 000225.133, 179
Trd, 000225.583, 180
Trd, 000226.417, 177
Trd, 000226.583, 176
Trd, 000226.850, 173
Trd, 000229.083, 167
Trd, 000229.183, 174
Trd, 000229.583, 174
Trd, 000230.750, 173
Trd, 000230.933, 176
Trd, 000231.467, 172
Trd, 000231.650, 171
Trd, 000232.667, 172
Trd, 000233.967, 174
Trd, 000234.967, 172
Trd, 000236.200, 179
Trd, 000236.500, 174
Trd, 000237.050, 173
Trd, 000237.250, 175
Trd, 000237.417, 171
Trd, 000237.550, 181
Trd, 000237.933, 179
Trd, 000240.067, 182
Trd, 000240.217, 179
Trd, 000240.267, 179
Trd, 000240.417, 178
Trd, 000240.433, 181
Trd, 000240.533, 178
Trd, 000240.567, 178
Trd, 000241.000, 179
Trd, 000241.817, 176
Trd, 000242.033, 175
Trd, 000242.283, 174
Trd, 000242.333, 175
Trd, 000243.400, 174
Trd, 000243.600, 175
Trd, 000243.633, 172
Trd, 000244.000, 170
Trd, 000244.167, 171
Trd, 000244.567, 171
Trd, 000244.950, 168
Trd, 000245.283, 169
Trd, 000245.883, 169
Trd, 000245.967, 170
Trd, 000246.100, 166
Trd, 000246.617, 174
Trd, 000246.900, 169
Trd, 000247.300, 175
Trd, 000248.333, 172
Trd, 000248.750, 180
Trd, 000248.900, 181
Trd, 000248.967, 183
Trd, 000249.483, 181
Trd, 000250.467, 182
Trd, 000250.617, 180
Trd, 000250.733, 179
Trd, 000250.917, 179
Trd, 000251.683, 177
Trd, 000251.733, 176
Trd, 000252.317, 177
Trd, 000253.017, 168
Trd, 000253.033, 167
Trd, 000253.367, 167
Trd, 000253.500, 168
Trd, 000253.550, 166
Trd, 000253.950, 163
Trd, 000254.117, 167
Trd, 000254.550, 176
Trd, 000256.017, 176
Trd, 000257.067, 177
Trd, 000257.300, 179
Trd, 000257.350, 177
Trd, 000257.983, 177
Trd, 000258.433, 187
Trd, 000258.883, 183
Trd, 000258.900, 181
Trd, 000259.083, 184
Trd, 000259.383, 181
Trd, 000259.667, 178
Trd, 000261.367, 183
Trd, 000261.667, 178
Trd, 000261.817, 180
Trd, 000261.850, 179
Trd, 000262.017, 183
Trd, 000262.667, 184
Trd, 000264.400, 179
Trd, 000264.467, 177
Trd, 000264.683, 180
Trd, 000265.517, 180
Trd, 000265.583, 181
Trd, 000265.750, 181
Trd, 000265.900, 180
Trd, 000266.300, 180
Trd, 000266.583, 185
Trd, 000267.350, 178
Trd, 000267.450, 180
Trd, 000268.633, 180
Trd, 000269.083, 179
Trd, 000269.183, 181
Trd, 000269.450, 179
Trd, 000269.783, 178
Trd, 000269.800, 177
Trd, 000270.533, 175
Trd, 000270.550, 173
Trd, 000270.767, 176
Trd, 000270.817, 168
Trd, 000271.400, 173
Trd, 000271.900, 175
Trd, 000272.067, 177
Trd, 000272.667, 170
Trd, 000272.717, 165
Trd, 000273.700, 171
Trd, 000273.733, 164
Trd, 000275.417, 166
Trd, 000275.467, 172
Trd, 000276.117, 172
Trd, 000276.300, 174
Trd, 000277.017, 172
Trd, 000277.550, 170
Trd, 000277.617, 177
Trd, 000278.450, 178
Trd, 000278.717, 179
Trd, 000279.250, 178
Trd, 000280.017, 179
Trd, 000280.583, 176
Trd, 000280.783, 177
Trd, 000281.117, 176
Trd, 000281.333, 174
Trd, 000282.250, 177
Trd, 000282.633, 174
Trd, 000282.750, 174
Trd, 000282.817, 174
Trd, 000282.850, 173
Trd, 000282.983, 172
Trd, 000283.733, 172
Trd, 000283.817, 176
Trd, 000284.833, 171
Trd, 000285.800, 169
Trd, 000286.733, 170
Trd, 000286.833, 165
Trd, 000286.917, 171
Trd, 000287.183, 173
Trd, 000287.250, 173
Trd, 000288.367, 176
Trd, 000288.917, 166
Trd, 000289.217, 176
Trd, 000289.700, 186
Trd, 000290.100, 184
Trd, 000290.750, 185
Trd, 000290.967, 184
Trd, 000291.050, 183
Trd, 000291.217, 182
Trd, 000291.700, 183
Trd, 000292.050, 179
Trd, 000292.433, 185
Trd, 000292.633, 185
Trd, 000293.300, 185
Trd, 000293.533, 186
Trd, 000294.583, 185
Trd, 000294.600, 184
Trd, 000294.617, 187
Trd, 000295.133, 193
Trd, 000295.200, 181
Trd, 000295.233, 180
Trd, 000296.233, 179
Trd, 000296.733, 192
Trd, 000297.333, 189
Trd, 000297.833, 179
Trd, 000299.167, 183
Trd, 000299.667, 181
Trd, 000299.800, 181
Trd, 000299.850, 183
