Trd, 000001.667, 138
Trd, 000002.117, 162
Trd, 000003.300, 165
Trd, 000004.633, 159
Trd, 000004.683, 158
Trd, 000006.317, 155
Trd, 000006.567, 153
Trd, 000007.017, 151
Trd, 000007.083, 153
Trd, 000007.950, 144
Trd, 000008.250, 153
Trd, 000008.467, 155
Trd, 000009.717, 156
Trd, 000009.767, 159
Trd, 000010.383, 152
Trd, 000011.117, 143
Trd, 000011.233, 154
Trd, 000011.583, 156
Trd, 000013.633, 158
Trd, 000013.900, 163
Trd, 000014.033, 155
Trd, 000014.233, 144
Trd, 000015.300, 151
Trd, 000015.433, 152
Trd, 000016.317, 152
Trd, 000016.967, 152
Trd, 000017.400, 153
Trd, 000017.783, 155
Trd, 000018.050, 153
Trd, 000018.400, 156
Trd, 000019.367, 155
Trd, 000019.550, 153
Trd, 000020.217, 151
Trd, 000021.683, 151
Trd, 000022.033, 153
Trd, 000022.500, 152
Trd, 000022.733, 153
Trd, 000023.100, 153
Trd, 000023.350, 164
Trd, 000024.050, 164
Trd, 000024.867, 152
Trd, 000025.833, 155
Trd, 000025.917, 155
Trd, 000026.217, 155
Trd, 000028.050, 155
Trd, 000028.717, 154
Trd, 000029.050, 156
Trd, 000029.400, 154
Trd, 000030.717, 155
Trd, 000030.967, 152
Trd, 000031.000, 155
Trd, 000031.800, 155
Trd, 000032.183, 154
Trd, 000032.317, 147
Trd, 000032.900, 149
Trd, 000033.033, 154
Trd, 000033.383, 155
Trd, 000034.817, 158
Trd, 000035.250, 155
Trd, 000035.983, 163
Trd, 000036.083, 155
Trd, 000037.100, 154
Trd, 000037.433, 154
Trd, 000037.600, 161
Trd, 000038.500, 158
Trd, 000039.267, 157
Trd, 000040.400, 156
Trd, 000041.200, 152
Trd, 000041.383, 156
Trd, 000041.667, 156
Trd, 000041.783, 155
Trd, 000041.850, 156
Trd, 000043.083, 155
Trd, 000043.417, 156
Trd, 000043.433, 156
Trd, 000044.183, 156
Trd, 000045.417, 159
Trd, 000047.133, 158
Trd, 000047.250, 157
Trd, 000047.817, 164
Trd, 000049.083, 160
Trd, 000049.183, 159
Trd, 000049.267, 160
Trd, 000050.200, 160
Trd, 000051.300, 161
Trd, 000051.617, 160
Trd, 000052.400, 160
Trd, 000053.950, 158
Trd, 000054.283, 158
Trd, 000054.400, 159
Trd, 000055.067, 159
Trd, 000055.183, 157
Trd, 000056.017, 159
Trd, 000056.617, 158
Trd, 000057.217, 158
Trd, 000058.217, 158
Trd, 000058.700, 160
Trd, 000059.383, 159
Trd, 000059.983, 160
Trd, 000060.017, 160
Trd, 000061.100, 160
Trd, 000062.017, 160
Trd, 000062.683, 158
Trd, 000062.883, 161
Trd, 000063.867, 158
Trd, 000064.767, 159
Trd, 000065.250, 159
Trd, 000065.300, 160
Trd, 000065.500, 159
Trd, 000065.783, 168
Trd, 000066.250, 163
Trd, 000068.167, 162
Trd, 000068.733, 162
Trd, 000068.867, 162
Trd, 000069.283, 161
Trd, 000069.750, 162
Trd, 000070.750, 162
Trd, 000070.967, 162
Trd, 000071.383, 162
Trd, 000071.600, 164
Trd, 000073.517, 160
Trd, 000074.367, 161
Trd, 000075.117, 161
Trd, 000075.533, 158
Trd, 000076.017, 159
Trd, 000076.550, 162
Trd, 000077.417, 162
Trd, 000077.467, 163
Trd, 000078.117, 163
Trd, 000078.450, 164
Trd, 000079.233, 164
Trd, 000079.333, 169
Trd, 000082.300, 166
Trd, 000082.367, 166
Trd, 000082.983, 163
Trd, 000083.683, 165
Trd, 000084.050, 165
Trd, 000085.200, 159
Trd, 000085.350, 153
Trd, 000087.350, 156
Trd, 000087.433, 153
Trd, 000087.583, 157
Trd, 000088.233, 156
Trd, 000089.350, 154
Trd, 000089.450, 156
Trd, 000089.783, 156
Trd, 000090.617, 156
Trd, 000090.667, 157
Trd, 000090.850, 157
Trd, 000090.983, 160
Trd, 000091.767, 164
Trd, 000093.250, 161
Trd, 000094.700, 164
Trd, 000094.783, 163
Trd, 000094.883, 160
Trd, 000095.433, 162
Trd, 000096.267, 162
Trd, 000096.767, 160
Trd, 000096.883, 161
Trd, 000098.450, 161
Trd, 000099.000, 162
Trd, 000099.033, 165
Trd, 000099.217, 171
Trd, 000099.433, 175
Trd, 000101.050, 167
Trd, 000101.333, 164
Trd, 000101.567, 161
Trd, 000102.267, 161
Trd, 000103.283, 161
Trd, 000103.750, 159
Trd, 000104.000, 156
Trd, 000105.050, 156
Trd, 000105.550, 156
Trd, 000105.700, 158
Trd, 000106.033, 159
Trd, 000106.150, 161
Trd, 000107.650, 165
Trd, 000107.983, 166
Trd, 000108.700, 168
Trd, 000109.017, 173
Trd, 000109.133, 167
Trd, 000110.200, 169
Trd, 000110.333, 162
Trd, 000110.383, 173
Trd, 000111.083, 162
Trd, 000111.667, 174
Trd, 000111.983, 180
Trd, 000113.267, 171
Trd, 000115.283, 172
Trd, 000115.750, 172
Trd, 000116.483, 171
Trd, 000117.100, 163
Trd, 000117.500, 171
Trd, 000118.783, 165
Trd, 000119.517, 165
Trd, 000119.550, 163
Trd, 000119.767, 165
Trd, 000119.983, 167
Trd, 000120.383, 158
Trd, 000121.350, 156
Trd, 000121.700, 164
Trd, 000122.633, 164
Trd, 000123.833, 159
Trd, 000124.083, 158
Trd, 000124.650, 157
Trd, 000125.033, 156
Trd, 000126.533, 155
Trd, 000126.700, 156
Trd, 000127.583, 157
Trd, 000128.183, 158
Trd, 000129.017, 157
Trd, 000129.783, 159
Trd, 000130.167, 161
Trd, 000130.683, 160
Trd, 000131.367, 164
Trd, 000132.300, 167
Trd, 000132.700, 162
Trd, 000133.750, 162
Trd, 000133.767, 164
Trd, 000133.933, 165
Trd, 000135.417, 164
Trd, 000135.783, 159
Trd, 000136.750, 165
Trd, 000137.150, 161
Trd, 000137.217, 160
Trd, 000137.567, 157
Trd, 000137.800, 165
Trd, 000140.317, 166
Trd, 000140.583, 166
Trd, 000141.233, 166
Trd, 000142.583, 166
Trd, 000142.883, 167
Trd, 000144.217, 167
Trd, 000144.433, 167
Trd, 000144.750, 166
Trd, 000145.617, 164
Trd, 000145.867, 165
Trd, 000146.433, 165
Trd, 000146.883, 168
Trd, 000147.750, 166
Trd, 000147.767, 167
Trd, 000148.000, 167
Trd, 000149.417, 169
Trd, 000149.817, 168
Trd, 000150.233, 177
Trd, 000150.550, 179
Trd, 000151.517, 169
Trd, 000152.767, 167
Trd, 000152.933, 170
Trd, 000153.233, 173
Trd, 000153.417, 172
Trd, 000153.550, 172
Trd, 000153.967, 172
Trd, 000154.233, 171
Trd, 000154.467, 171
Trd, 000154.867, 166
Trd, 000155.300, 179
Trd, 000156.350, 173
Trd, 000156.733, 172
Trd, 000156.967, 171
Trd, 000158.433, 172
Trd, 000159.067, 170
Trd, 000160.467, 169
Trd, 000161.150, 168
Trd, 000161.200, 167
Trd, 000161.500, 169
Trd, 000163.317, 169
Trd, 000163.533, 170
Trd, 000163.983, 169
Trd, 000164.667, 170
Trd, 000164.700, 169
Trd, 000164.750, 167
Trd, 000165.250, 168
Trd, 000166.383, 169
Trd, 000166.550, 172
Trd, 000167.450, 172
Trd, 000169.517, 176
Trd, 000169.683, 175
Trd, 000170.600, 176
Trd, 000170.750, 174
Trd, 000171.483, 174
Trd, 000171.500, 175
Trd, 000171.767, 168
Trd, 000171.933, 175
Trd, 000173.500, 173
Trd, 000173.917, 177
Trd, 000174.450, 178
Trd, 000175.017, 172
Trd, 000175.583, 172
Trd, 000175.667, 172
Trd, 000175.817, 172
Trd, 000176.600, 172
Trd, 000177.700, 180
Trd, 000179.717, 176
Trd, 000180.850, 172
Trd, 000180.900, 169
Trd, 000180.950, 173
Trd, 000181.183, 173
Trd, 000181.367, 174
Trd, 000181.750, 163
Trd, 000182.867, 170
Trd, 000183.717, 172
Trd, 000183.833, 173
Trd, 000183.967, 171
Trd, 000184.067, 173
Trd, 000185.067, 170
Trd, 000186.817, 170
Trd, 000186.983, 171
Trd, 000187.617, 169
Trd, 000188.433, 170
Trd, 000189.883, 169
Trd, 000190.200, 172
Trd, 000190.450, 175
Trd, 000190.867, 173
Trd, 000190.950, 171
Trd, 000192.150, 171
Trd, 000192.600, 172
Trd, 000193.083, 171
Trd, 000193.367, 172
Trd, 000194.683, 170
Trd, 000194.767, 172
Trd, 000194.983, 172
Trd, 000197.283, 171
Trd, 000198.033, 171
Trd, 000198.400, 171
Trd, 000199.000, 172
Trd, 000199.283, 171
Trd, 000200.233, 163
Trd, 000200.500, 172
Trd, 000201.783, 162
Trd, 000202.350, 168
Trd, 000202.433, 169
Trd, 000202.567, 170
Trd, 000203.533, 169
Trd, 000204.000, 168
Trd, 000205.467, 168
Trd, 000207.333, 169
Trd, 000207.450, 169
Trd, 000207.917, 169
Trd, 000208.667, 169
Trd, 000208.967, 169
Trd, 000210.217, 169
Trd, 000211.567, 171
Trd, 000211.867, 170
Trd, 000212.267, 169
Trd, 000213.417, 169
Trd, 000214.150, 169
Trd, 000214.683, 169
Trd, 000214.950, 168
Trd, 000215.150, 170
Trd, 000215.850, 171
Trd, 000216.500, 172
Trd, 000217.900, 174
Trd, 000218.683, 169
Trd, 000218.983, 173
Trd, 000219.200, 168
Trd, 000219.467, 175
Trd, 000220.000, 175
Trd, 000220.950, 175
Trd, 000221.450, 175
Trd, 000221.817, 174
Trd, 000223.950, 175
Trd, 000224.417, 174
Trd, 000224.650, 176
Trd, 000225.450, 174
Trd, 000226.083, 174
Trd, 000226.333, 175
Trd, 000226.767, 177
Trd, 000227.483, 173
Trd, 000227.900, 177
Trd, 000228.100, 173
Trd, 000228.367, 184
Trd, 000229.767, 178
Trd, 000230.267, 181
Trd, 000230.983, 179
Trd, 000231.500, 179
Trd, 000231.633, 178
Trd, 000232.250, 178
Trd, 000233.117, 181
Trd, 000233.600, 181
Trd, 000233.750, 182
Trd, 000234.217, 181
Trd, 000234.717, 183
Trd, 000235.183, 182
Trd, 000236.183, 174
Trd, 000236.783, 182
Trd, 000237.517, 181
Trd, 000238.167, 182
Trd, 000238.200, 183
Trd, 000238.217, 170
Trd, 000240.767, 176
Trd, 000240.783, 175
Trd, 000241.150, 175
Trd, 000241.417, 175
Trd, 000241.583, 174
Trd, 000241.617, 176
Trd, 000241.967, 177
Trd, 000243.267, 175
Trd, 000243.367, 179
Trd, 000243.750, 182
Trd, 000244.383, 175
Trd, 000244.450, 174
Trd, 000244.683, 178
Trd, 000245.700, 173
Trd, 000246.217, 174
Trd, 000246.317, 173
Trd, 000246.650, 175
Trd, 000246.767, 173
Trd, 000247.283, 170
Trd, 000248.067, 171
Trd, 000248.883, 168
Trd, 000249.067, 166
Trd, 000249.233, 170
Trd, 000249.733, 168
Trd, 000250.617, 164
Trd, 000250.833, 165
Trd, 000251.517, 162
Trd, 000251.550, 165
Trd, 000252.000, 169
Trd, 000252.517, 173
Trd, 000253.133, 168
Trd, 000253.850, 169
Trd, 000254.600, 169
Trd, 000255.383, 171
Trd, 000255.533, 170
Trd, 000255.783, 173
Trd, 000256.267, 171
Trd, 000256.983, 173
Trd, 000257.467, 175
Trd, 000257.583, 171
Trd, 000257.767, 170
Trd, 000258.017, 172
Trd, 000258.383, 169
Trd, 000258.783, 181
Trd, 000259.317, 175
Trd, 000259.933, 173
Trd, 000259.950, 174
Trd, 000260.583, 169
Trd, 000261.100, 173
Trd, 000261.283, 174
Trd, 000262.100, 174
Trd, 000262.150, 170
Trd, 000262.650, 175
Trd, 000262.717, 177
Trd, 000262.833, 184
Trd, 000263.317, 180
Trd, 000264.050, 179
Trd, 000264.550, 177
Trd, 000265.117, 175
Trd, 000266.700, 176
Trd, 000266.817, 177
Trd, 000266.967, 179
Trd, 000267.150, 179
Trd, 000267.550, 176
Trd, 000268.367, 181
Trd, 000268.450, 177
Trd, 000268.767, 182
Trd, 000269.167, 180
Trd, 000269.617, 175
Trd, 000269.867, 176
Trd, 000270.150, 177
Trd, 000270.733, 177
Trd, 000271.017, 182
Trd, 000272.217, 183
Trd, 000272.733, 184
Trd, 000273.267, 182
Trd, 000273.717, 181
Trd, 000274.083, 181
Trd, 000274.117, 182
Trd, 000274.750, 182
Trd, 000274.850, 180
Trd, 000274.900, 183
Trd, 000275.250, 178
Trd, 000275.717, 176
Trd, 000276.900, 180
Trd, 000277.000, 180
Trd, 000277.350, 181
Trd, 000277.450, 175
Trd, 000277.517, 181
Trd, 000277.817, 172
Trd, 000277.917, 184
Trd, 000278.817, 182
Trd, 000280.550, 180
Trd, 000280.767, 183
Trd, 000281.117, 176
Trd, 000281.633, 179
Trd, 000281.783, 176
Trd, 000282.050, 183
Trd, 000282.267, 186
Trd, 000283.067, 173
Trd, 000283.200, 185
Trd, 000284.100, 178
Trd, 000284.333, 176
Trd, 000284.600, 176
Trd, 000284.750, 180
Trd, 000285.150, 179
Trd, 000285.283, 175
Trd, 000285.467, 179
Trd, 000286.433, 179
Trd, 000287.500, 180
Trd, 000287.600, 181
Trd, 000287.883, 179
Trd, 000288.033, 177
Trd, 000288.600, 181
Trd, 000288.750, 174
Trd, 000290.367, 176
Trd, 000290.617, 174
Trd, 000290.733, 177
Trd, 000290.967, 174
Trd, 000291.383, 177
Trd, 000291.767, 178
Trd, 000291.850, 179
Trd, 000291.950, 180
Trd, 000292.100, 163
Trd, 000292.650, 178
Trd, 000293.200, 178
Trd, 000293.383, 177
Trd, 000293.517, 180
Trd, 000293.650, 171
Trd, 000294.000, 173
Trd, 000294.450, 170
Trd, 000295.117, 178
Trd, 000295.483, 178
Trd, 000295.500, 180
Trd, 000296.283, 184
Trd, 000297.917, 179
Trd, 000298.433, 178
Trd, 000298.467, 180
Trd, 000298.633, 177
Trd, 000299.300, 171
Trd, 000299.450, 174
Trd, 000299.683, 165
