Trd, 000001.667, 177
Trd, 000001.900, 175
Trd, 000003.233, 183
Trd, 000003.317, 172
Trd, 000003.783, 165
Trd, 000004.867, 142
Trd, 000005.300, 143
Trd, 000006.133, 152
Trd, 000006.733, 151
Trd, 000007.250, 147
Trd, 000007.617, 145
Trd, 000009.150, 143
Trd, 000009.583, 145
Trd, 000009.983, 152
Trd, 000010.217, 150
Trd, 000010.467, 151
Trd, 000011.233, 152
Trd, 000011.450, 156
Trd, 000012.017, 149
Trd, 000012.633, 158
Trd, 000014.183, 154
Trd, 000014.733, 154
Trd, 000014.800, 155
Trd, 000015.800, 155
Trd, 000017.033, 153
Trd, 000017.200, 153
Trd, 000017.367, 155
Trd, 000018.167, 157
Trd, 000018.867, 159
Trd, 000019.383, 153
Trd, 000021.300, 155
Trd, 000021.833, 157
Trd, 000022.700, 153
Trd, 000023.300, 154
Trd, 000023.550, 152
Trd, 000023.850, 155
Trd, 000024.100, 155
Trd, 000024.983, 153
Trd, 000026.033, 156
Trd, 000026.433, 154
Trd, 000026.683, 156
Trd, 000027.517, 157
Trd, 000027.567, 158
Trd, 000027.617, 153
Trd, 000027.667, 161
Trd, 000027.767, 153
Trd, 000029.350, 156
Trd, 000029.767, 156
Trd, 000030.000, 158
Trd, 000030.367, 158
Trd, 000031.017, 157
Trd, 000031.383, 155
Trd, 000031.917, 152
Trd, 000033.050, 151
Trd, 000033.583, 151
Trd, 000033.900, 152
Trd, 000034.600, 151
Trd, 000034.850, 153
Trd, 000035.950, 152
Trd, 000038.233, 153
Trd, 000038.283, 154
Trd, 000038.400, 155
Trd, 000039.817, 154
Trd, 000039.883, 155
Trd, 000040.033, 158
Trd, 000040.450, 153
Trd, 000042.150, 152
Trd, 000042.500, 156
Trd, 000042.717, 151
Trd, 000044.317, 152
Trd, 000044.583, 150
Trd, 000044.950, 155
Trd, 000045.383, 156
Trd, 000045.550, 157
Trd, 000045.750, 157
Trd, 000046.383, 152
Trd, 000046.617, 156
Trd, 000047.017, 147
Trd, 000047.950, 155
Trd, 000049.400, 153
Trd, 000049.733, 154
Trd, 000049.950, 151
Trd, 000050.900, 156
Trd, 000053.350, 155
Trd, 000054.017, 155
Trd, 000054.517, 153
Trd, 000054.667, 150
Trd, 000055.283, 154
Trd, 000057.650, 154
Trd, 000058.867, 152
Trd, 000058.883, 153
Trd, 000058.967, 154
Trd, 000059.400, 156
Trd, 000060.333, 154
Trd, 000060.650, 155
Trd, 000060.833, 157
Trd, 000061.300, 158
Trd, 000061.617, 156
Trd, 000062.950, 154
Trd, 000063.117, 156
Trd, 000063.167, 158
Trd, 000063.433, 154
Trd, 000063.767, 160
Trd, 000064.200, 157
Trd, 000065.000, 159
Trd, 000067.283, 158
Trd, 000067.717, 155
Trd, 000068.217, 159
Trd, 000068.550, 162
Trd, 000069.167, 155
Trd, 000069.717, 163
Trd, 000070.600, 159
Trd, 000071.283, 158
Trd, 000071.950, 160
Trd, 000072.083, 162
Trd, 000073.083, 158
Trd, 000073.217, 156
Trd, 000074.300, 158
Trd, 000075.050, 157
Trd, 000075.317, 158
Trd, 000075.650, 156
Trd, 000075.717, 157
Trd, 000075.783, 156
Trd, 000077.367, 158
Trd, 000078.600, 159
Trd, 000078.767, 161
Trd, 000078.850, 165
Trd, 000079.767, 159
Trd, 000079.800, 165
Trd, 000080.167, 158
Trd, 000080.750, 160
Trd, 000080.950, 162
Trd, 000081.900, 157
Trd, 000082.083, 158
Trd, 000082.583, 159
Trd, 000083.183, 160
Trd, 000083.333, 157
Trd, 000083.983, 163
Trd, 000084.217, 156
Trd, 000084.433, 163
Trd, 000087.033, 160
Trd, 000087.167, 158
Trd, 000087.450, 161
Trd, 000087.700, 162
Trd, 000088.350, 165
Trd, 000088.467, 170
Trd, 000088.783, 162
Trd, 000089.417, 171
Trd, 000090.000, 164
Trd, 000091.483, 165
Trd, 000092.367, 164
Trd, 000092.867, 164
Trd, 000092.917, 163
Trd, 000093.150, 164
Trd, 000093.783, 163
Trd, 000094.183, 167
Trd, 000095.533, 164
Trd, 000095.617, 164
Trd, 000097.250, 167
Trd, 000097.850, 164
Trd, 000098.917, 162
Trd, 000099.167, 161
Trd, 000099.517, 163
Trd, 000100.300, 164
Trd, 000100.617, 162
Trd, 000101.200, 161
Trd, 000101.583, 161
Trd, 000102.783, 163
Trd, 000103.417, 164
Trd, 000103.600, 165
Trd, 000105.100, 161
Trd, 000105.967, 163
Trd, 000106.017, 162
Trd, 000106.850, 161
Trd, 000107.050, 160
Trd, 000108.250, 160
Trd, 000108.367, 159
Trd, 000108.733, 159
Trd, 000109.333, 160
Trd, 000109.367, 161
Trd, 000110.083, 162
Trd, 000110.450, 163
Trd, 000110.517, 166
Trd, 000111.500, 159
Trd, 000112.567, 159
Trd, 000112.750, 165
Trd, 000113.117, 173
Trd, 000114.133, 160
Trd, 000114.233, 161
Trd, 000114.517, 162
Trd, 000115.717, 165
Trd, 000117.567, 164
Trd, 000117.850, 165
Trd, 000118.217, 165
Trd, 000118.983, 167
Trd, 000119.900, 164
Trd, 000120.567, 167
Trd, 000120.717, 170
Trd, 000121.233, 163
Trd, 000121.283, 162
Trd, 000121.717, 167
Trd, 000121.983, 160
Trd, 000122.333, 157
Trd, 000123.017, 164
Trd, 000123.650, 163
Trd, 000124.600, 167
Trd, 000124.900, 169
Trd, 000125.950, 167
Trd, 000126.100, 164
Trd, 000126.617, 162
Trd, 000126.800, 161
Trd, 000128.000, 165
Trd, 000128.033, 171
Trd, 000128.500, 174
Trd, 000129.767, 164
Trd, 000130.250, 165
Trd, 000131.650, 168
Trd, 000131.983, 167
Trd, 000132.750, 165
Trd, 000133.467, 163
Trd, 000133.967, 163
Trd, 000134.217, 164
Trd, 000134.700, 162
Trd, 000135.300, 162
Trd, 000135.833, 163
Trd, 000136.700, 163
Trd, 000136.900, 163
Trd, 000137.483, 168
Trd, 000138.517, 168
Trd, 000139.417, 162
Trd, 000139.867, 169
Trd, 000140.083, 169
Trd, 000140.600, 163
Trd, 000140.633, 164
Trd, 000140.683, 165
Trd, 000140.717, 162
Trd, 000140.933, 176
Trd, 000141.933, 171
Trd, 000142.383, 157
Trd, 000142.450, 175
Trd, 000142.983, 157
Trd, 000144.217, 166
Trd, 000145.200, 168
Trd, 000145.217, 169
Trd, 000145.617, 165
Trd, 000146.050, 163
Trd, 000146.467, 163
Trd, 000146.533, 162
Trd, 000147.000, 164
Trd, 000147.667, 170
Trd, 000149.933, 166
Trd, 000150.033, 167
Trd, 000150.500, 161
Trd, 000151.067, 162
Trd, 000151.183, 163
Trd, 000151.350, 163
Trd, 000151.417, 163
Trd, 000151.533, 165
Trd, 000152.367, 162
Trd, 000152.650, 163
Trd, 000153.167, 163
Trd, 000153.517, 162
Trd, 000153.567, 170
Trd, 000154.367, 159
Trd, 000154.400, 166
Trd, 000155.467, 173
Trd, 000155.583, 177
Trd, 000158.033, 168
Trd, 000158.217, 170
Trd, 000158.883, 169
Trd, 000159.133, 169
Trd, 000159.383, 167
Trd, 000159.667, 165
Trd, 000159.683, 169
Trd, 000160.600, 171
Trd, 000162.067, 171
Trd, 000162.450, 171
Trd, 000163.283, 171
Trd, 000163.400, 167
Trd, 000163.850, 173
Trd, 000165.367, 167
Trd, 000165.567, 169
Trd, 000165.633, 167
Trd, 000166.950, 169
Trd, 000167.117, 172
Trd, 000167.133, 168
Trd, 000169.133, 170
Trd, 000169.200, 172
Trd, 000170.100, 171
Trd, 000171.733, 168
Trd, 000173.933, 167
Trd, 000174.617, 168
Trd, 000174.733, 168
Trd, 000175.350, 168
Trd, 000175.667, 167
Trd, 000175.767, 165
Trd, 000175.900, 168
Trd, 000176.183, 174
Trd, 000176.617, 165
Trd, 000176.733, 175
Trd, 000177.900, 169
Trd, 000179.000, 171
Trd, 000179.433, 171
Trd, 000179.700, 171
Trd, 000179.933, 171
Trd, 000180.283, 170
Trd, 000180.517, 171
Trd, 000181.933, 169
Trd, 000182.817, 169
Trd, 000183.183, 170
Trd, 000183.550, 169
Trd, 000183.667, 167
Trd, 000183.850, 166
Trd, 000184.900, 171
Trd, 000187.083, 167
Trd, 000187.833, 169
Trd, 000188.433, 169
Trd, 000188.550, 170
Trd, 000189.000, 171
Trd, 000189.300, 166
Trd, 000191.433, 169
Trd, 000191.600, 171
Trd, 000191.700, 168
Trd, 000192.500, 172
Trd, 000193.183, 172
Trd, 000193.317, 173
Trd, 000193.533, 174
Trd, 000194.900, 172
Trd, 000195.700, 171
Trd, 000195.833, 170
Trd, 000197.850, 170
Trd, 000197.917, 172
Trd, 000198.067, 171
Trd, 000198.083, 178
Trd, 000198.133, 182
Trd, 000198.467, 170
Trd, 000199.067, 179
Trd, 000199.167, 167
Trd, 000200.033, 171
Trd, 000200.767, 172
Trd, 000200.950, 182
Trd, 000202.250, 168
Trd, 000202.567, 169
Trd, 000202.767, 179
Trd, 000204.283, 165
Trd, 000205.133, 166
Trd, 000205.300, 167
Trd, 000205.717, 168
Trd, 000206.283, 168
Trd, 000207.467, 167
Trd, 000207.633, 168
Trd, 000207.683, 172
Trd, 000207.883, 179
Trd, 000208.050, 169
Trd, 000209.400, 172
Trd, 000210.000, 173
Trd, 000210.650, 173
Trd, 000210.933, 173
Trd, 000211.350, 173
Trd, 000212.567, 173
Trd, 000212.650, 172
Trd, 000212.983, 170
Trd, 000213.000, 176
Trd, 000213.067, 183
Trd, 000213.667, 181
Trd, 000214.083, 175
Trd, 000214.583, 172
Trd, 000214.850, 175
Trd, 000215.683, 170
Trd, 000216.617, 174
Trd, 000217.100, 176
Trd, 000217.367, 169
Trd, 000218.683, 173
Trd, 000219.517, 177
Trd, 000219.617, 180
Trd, 000219.883, 172
Trd, 000221.033, 180
Trd, 000222.117, 173
Trd, 000223.233, 172
Trd, 000223.350, 170
Trd, 000223.833, 179
Trd, 000224.133, 180
Trd, 000225.183, 177
Trd, 000225.650, 173
Trd, 000226.100, 172
Trd, 000227.167, 172
Trd, 000227.850, 176
Trd, 000227.983, 176
Trd, 000228.250, 185
Trd, 000228.667, 187
Trd, 000229.217, 182
Trd, 000230.417, 175
Trd, 000230.667, 180
Trd, 000230.783, 181
Trd, 000231.100, 175
Trd, 000231.917, 174
Trd, 000232.133, 172
Trd, 000232.233, 174
Trd, 000232.417, 171
Trd, 000234.067, 177
Trd, 000234.217, 171
Trd, 000234.717, 177
Trd, 000235.083, 178
Trd, 000235.283, 179
Trd, 000236.300, 175
Trd, 000237.167, 181
Trd, 000237.950, 175
Trd, 000239.400, 175
Trd, 000240.350, 174
Trd, 000240.450, 174
Trd, 000240.700, 172
Trd, 000240.833, 167
Trd, 000240.917, 169
Trd, 000241.100, 170
Trd, 000241.200, 176
Trd, 000241.383, 179
Trd, 000241.967, 174
Trd, 000242.133, 179
Trd, 000242.567, 174
Trd, 000242.900, 167
Trd, 000243.000, 175
Trd, 000243.250, 182
Trd, 000243.317, 175
Trd, 000245.050, 176
Trd, 000245.217, 175
Trd, 000245.767, 173
Trd, 000246.200, 172
Trd, 000246.500, 174
Trd, 000246.683, 173
Trd, 000247.333, 167
Trd, 000248.017, 159
Trd, 000248.383, 158
Trd, 000248.517, 162
Trd, 000249.183, 162
Trd, 000250.217, 164
Trd, 000250.283, 163
Trd, 000250.550, 162
Trd, 000250.917, 162
Trd, 000251.367, 164
Trd, 000251.417, 165
Trd, 000251.950, 166
Trd, 000252.250, 165
Trd, 000253.350, 167
Trd, 000253.500, 165
Trd, 000253.983, 164
Trd, 000254.183, 159
Trd, 000254.533, 163
Trd, 000254.683, 166
Trd, 000255.500, 167
Trd, 000256.033, 173
Trd, 000256.383, 173
Trd, 000256.667, 176
Trd, 000256.733, 166
Trd, 000257.267, 186
Trd, 000258.067, 170
Trd, 000258.383, 173
Trd, 000258.700, 166
Trd, 000259.117, 166
Trd, 000259.500, 170
Trd, 000260.317, 169
Trd, 000260.883, 166
Trd, 000260.917, 167
Trd, 000261.733, 168
Trd, 000261.783, 172
Trd, 000261.833, 174
Trd, 000261.983, 181
Trd, 000262.067, 177
Trd, 000263.533, 168
Trd, 000263.900, 169
Trd, 000264.000, 172
Trd, 000264.400, 161
Trd, 000264.600, 164
Trd, 000264.967, 167
Trd, 000265.000, 160
Trd, 000267.017, 163
Trd, 000267.333, 168
Trd, 000267.550, 168
Trd, 000267.950, 169
Trd, 000268.233, 165
Trd, 000269.000, 166
Trd, 000269.333, 169
Trd, 000269.433, 170
Trd, 000269.517, 175
Trd, 000271.000, 161
Trd, 000272.083, 163
Trd, 000272.283, 168
Trd, 000272.983, 176
Trd, 000273.200, 178
Trd, 000273.517, 182
Trd, 000273.650, 185
Trd, 000274.000, 169
Trd, 000274.367, 178
Trd, 000274.950, 178
Trd, 000275.000, 178
Trd, 000275.650, 178
Trd, 000275.850, 177
Trd, 000276.483, 175
Trd, 000276.583, 173
Trd, 000277.100, 174
Trd, 000277.250, 172
Trd, 000277.267, 176
Trd, 000277.550, 171
Trd, 000278.233, 161
Trd, 000278.383, 175
Trd, 000278.667, 177
Trd, 000279.350, 179
Trd, 000279.567, 180
Trd, 000280.567, 182
Trd, 000280.750, 181
Trd, 000280.783, 171
Trd, 000281.900, 182
Trd, 000282.183, 179
Trd, 000282.500, 174
Trd, 000282.900, 183
Trd, 000283.617, 180
Trd, 000284.917, 181
Trd, 000285.050, 183
Trd, 000285.117, 179
Trd, 000285.267, 179
Trd, 000285.817, 171
Trd, 000285.967, 172
Trd, 000286.300, 171
Trd, 000286.733, 171
Trd, 000286.850, 163
Trd, 000288.100, 162
Trd, 000288.367, 160
Trd, 000288.533, 164
Trd, 000288.750, 172
Trd, 000289.133, 162
Trd, 000289.183, 163
Trd, 000289.383, 164
Trd, 000290.650, 162
Trd, 000290.700, 163
Trd, 000290.917, 165
Trd, 000291.017, 167
Trd, 000291.883, 178
Trd, 000292.050, 163
Trd, 000292.883, 168
Trd, 000294.033, 170
Trd, 000294.350, 180
Trd, 000294.633, 167
Trd, 000294.783, 165
Trd, 000294.917, 174
Trd, 000296.250, 169
Trd, 000296.267, 170
Trd, 000296.550, 167
Trd, 000297.100, 174
Trd, 000297.267, 181
Trd, 000297.333, 184
Trd, 000298.617, 176
Trd, 000298.700, 172
Trd, 000298.733, 171
Trd, 000299.550, 192
Trd, 000299.750, 174
Trd, 000299.917, 163
