Trd, 000001.433, 110
Trd, 000001.983, 175
Trd, 000002.067, 140
Trd, 000002.950, 120
Trd, 000004.350, 137
Trd, 000005.967, 159
Trd, 000006.383, 159
Trd, 000006.633, 157
Trd, 000006.983, 158
Trd, 000008.200, 158
Trd, 000008.217, 156
Trd, 000008.317, 154
Trd, 000008.500, 158
Trd, 000008.800, 136
Trd, 000009.117, 157
Trd, 000010.350, 158
Trd, 000011.433, 157
Trd, 000011.450, 151
Trd, 000011.483, 158
Trd, 000011.900, 151
Trd, 000012.500, 151
Trd, 000012.633, 135
Trd, 000013.267, 154
Trd, 000013.467, 146
Trd, 000013.583, 144
Trd, 000014.167, 151
Trd, 000014.183, 156
Trd, 000016.117, 150
Trd, 000016.267, 147
Trd, 000016.967, 145
Trd, 000017.267, 135
Trd, 000018.367, 140
Trd, 000018.400, 148
Trd, 000018.783, 129
Trd, 000019.583, 137
Trd, 000019.600, 135
Trd, 000020.933, 139
Trd, 000022.417, 139
Trd, 000022.950, 138
Trd, 000023.917, 137
Trd, 000024.117, 140
Trd, 000024.933, 137
Trd, 000025.417, 137
Trd, 000025.583, 139
Trd, 000025.633, 144
Trd, 000026.583, 154
Trd, 000027.067, 156
Trd, 000027.850, 150
Trd, 000027.967, 149
Trd, 000028.350, 149
Trd, 000028.433, 147
Trd, 000029.150, 155
Trd, 000030.917, 157
Trd, 000031.033, 148
Trd, 000031.133, 147
Trd, 000031.900, 129
Trd, 000031.967, 130
Trd, 000032.033, 154
Trd, 000032.133, 123
Trd, 000032.733, 130
Trd, 000034.683, 149
Trd, 000034.767, 151
Trd, 000035.817, 158
Trd, 000036.200, 158
Trd, 000036.433, 160
Trd, 000036.733, 151
Trd, 000036.783, 151
Trd, 000037.817, 154
Trd, 000038.983, 157
Trd, 000040.050, 156
Trd, 000040.150, 157
Trd, 000040.717, 159
Trd, 000040.967, 176
Trd, 000042.783, 166
Trd, 000042.917, 159
Trd, 000043.017, 158
Trd, 000043.617, 167
Trd, 000044.000, 167
Trd, 000044.083, 156
Trd, 000044.450, 139
Trd, 000045.067, 131
Trd, 000045.383, 128
Trd, 000046.850, 148
Trd, 000047.867, 140
Trd, 000047.917, 139
Trd, 000048.000, 137
Trd, 000048.067, 148
Trd, 000048.883, 149
Trd, 000049.367, 153
Trd, 000049.817, 136
Trd, 000051.033, 149
Trd, 000051.150, 147
Trd, 000051.450, 149
Trd, 000052.483, 149
Trd, 000052.833, 159
Trd, 000053.367, 160
Trd, 000053.533, 155
Trd, 000053.717, 149
Trd, 000054.250, 149
Trd, 000054.933, 149
Trd, 000055.250, 147
Trd, 000055.267, 153
Trd, 000056.517, 150
Trd, 000056.900, 153
Trd, 000058.167, 169
Trd, 000058.433, 148
Trd, 000058.600, 171
Trd, 000058.717, 148
Trd, 000060.450, 163
Trd, 000060.517, 147
Trd, 000060.833, 146
Trd, 000061.233, 163
Trd, 000061.550, 142
Trd, 000062.817, 153
Trd, 000062.850, 151
Trd, 000063.933, 153
Trd, 000064.217, 154
Trd, 000064.800, 154
Trd, 000065.183, 153
Trd, 000065.383, 160
Trd, 000065.500, 152
Trd, 000065.667, 150
Trd, 000065.933, 169
Trd, 000067.083, 150
Trd, 000067.600, 148
Trd, 000068.050, 140
Trd, 000068.433, 155
Trd, 000068.717, 148
Trd, 000069.300, 158
Trd, 000069.817, 158
Trd, 000071.650, 155
Trd, 000071.867, 157
Trd, 000071.983, 153
Trd, 000072.117, 152
Trd, 000073.083, 152
Trd, 000073.750, 161
Trd, 000075.217, 155
Trd, 000075.417, 160
Trd, 000075.633, 155
Trd, 000075.733, 144
Trd, 000075.917, 148
Trd, 000076.567, 156
Trd, 000076.667, 156
Trd, 000076.733, 141
Trd, 000077.133, 133
Trd, 000077.567, 158
Trd, 000077.750, 162
Trd, 000079.233, 153
Trd, 000079.350, 151
Trd, 000079.933, 149
Trd, 000080.517, 142
Trd, 000082.267, 155
Trd, 000082.383, 156
Trd, 000082.700, 150
Trd, 000083.800, 155
Trd, 000084.467, 153
Trd, 000084.933, 154
Trd, 000085.433, 151
Trd, 000085.717, 151
Trd, 000085.933, 154
Trd, 000086.833, 156
Trd, 000087.467, 172
Trd, 000087.550, 165
Trd, 000087.650, 164
Trd, 000087.900, 142
Trd, 000087.950, 132
Trd, 000088.633, 165
Trd, 000089.400, 150
Trd, 000090.167, 159
Trd, 000092.783, 159
Trd, 000093.133, 159
Trd, 000093.233, 158
Trd, 000093.550, 159
Trd, 000093.967, 146
Trd, 000094.083, 147
Trd, 000095.733, 151
Trd, 000095.900, 151
Trd, 000096.100, 153
Trd, 000096.217, 151
Trd, 000096.450, 143
Trd, 000096.533, 138
Trd, 000096.883, 153
Trd, 000097.350, 154
Trd, 000097.833, 135
Trd, 000100.467, 154
Trd, 000101.433, 156
Trd, 000101.483, 155
Trd, 000101.550, 156
Trd, 000101.583, 154
Trd, 000101.717, 152
Trd, 000102.517, 144
Trd, 000102.617, 156
Trd, 000102.967, 146
Trd, 000103.683, 156
Trd, 000104.483, 142
Trd, 000104.733, 155
Trd, 000106.583, 150
Trd, 000106.733, 149
Trd, 000107.333, 159
Trd, 000109.183, 158
Trd, 000109.217, 166
Trd, 000109.683, 174
Trd, 000109.733, 155
Trd, 000110.000, 154
Trd, 000110.717, 173
Trd, 000110.750, 151
Trd, 000111.883, 152
Trd, 000113.117, 150
Trd, 000114.983, 155
Trd, 000115.100, 152
Trd, 000115.150, 152
Trd, 000115.167, 156
Trd, 000116.033, 153
Trd, 000116.117, 150
Trd, 000116.733, 153
Trd, 000117.500, 145
Trd, 000117.667, 157
Trd, 000118.250, 151
Trd, 000118.300, 150
Trd, 000118.417, 157
Trd, 000119.233, 156
Trd, 000119.750, 159
Trd, 000121.283, 156
Trd, 000121.467, 155
Trd, 000122.067, 156
Trd, 000122.267, 156
Trd, 000123.317, 156
Trd, 000123.350, 157
Trd, 000123.750, 159
Trd, 000124.300, 155
Trd, 000124.517, 149
Trd, 000124.767, 166
Trd, 000124.817, 167
Trd, 000125.033, 154
Trd, 000125.417, 158
Trd, 000127.383, 158
Trd, 000127.500, 164
Trd, 000127.717, 168
Trd, 000128.733, 174
Trd, 000129.600, 158
Trd, 000129.917, 175
Trd, 000130.150, 159
Trd, 000131.417, 161
Trd, 000133.017, 173
Trd, 000133.067, 166
Trd, 000133.750, 169
Trd, 000134.417, 166
Trd, 000134.600, 147
Trd, 000134.633, 145
Trd, 000134.750, 170
Trd, 000135.233, 142
Trd, 000136.550, 140
Trd, 000137.017, 166
Trd, 000137.067, 150
Trd, 000137.483, 165
Trd, 000138.317, 147
Trd, 000138.900, 145
Trd, 000139.133, 162
Trd, 000139.767, 162
Trd, 000141.683, 150
Trd, 000142.167, 151
Trd, 000142.900, 148
Trd, 000143.433, 146
Trd, 000144.267, 157
Trd, 000144.333, 158
Trd, 000144.617, 162
Trd, 000145.083, 155
Trd, 000145.700, 168
Trd, 000146.550, 161
Trd, 000146.767, 169
Trd, 000147.517, 170
Trd, 000148.067, 158
Trd, 000149.233, 168
Trd, 000149.517, 161
Trd, 000150.100, 178
Trd, 000150.967, 171
Trd, 000152.483, 171
Trd, 000152.783, 166
Trd, 000152.800, 165
Trd, 000153.550, 164
Trd, 000154.300, 149
Trd, 000155.317, 150
Trd, 000155.500, 151
Trd, 000155.800, 150
Trd, 000156.083, 152
Trd, 000156.200, 149
Trd, 000156.517, 159
Trd, 000156.883, 163
Trd, 000157.500, 150
Trd, 000158.150, 157
Trd, 000158.917, 158
Trd, 000159.083, 156
Trd, 000159.967, 160
Trd, 000160.667, 155
Trd, 000160.983, 155
Trd, 000161.717, 165
Trd, 000161.833, 155
Trd, 000161.917, 154
Trd, 000162.133, 164
Trd, 000162.550, 153
Trd, 000163.183, 161
Trd, 000163.300, 169
Trd, 000163.683, 150
Trd, 000164.833, 151
Trd, 000165.233, 153
Trd, 000165.250, 161
Trd, 000166.467, 169
Trd, 000166.967, 160
Trd, 000168.433, 169
Trd, 000168.500, 160
Trd, 000168.750, 161
Trd, 000169.983, 167
Trd, 000170.217, 166
Trd, 000170.300, 168
Trd, 000170.550, 166
Trd, 000171.100, 164
Trd, 000171.300, 162
Trd, 000172.100, 166
Trd, 000173.133, 181
Trd, 000173.783, 167
Trd, 000174.317, 156
Trd, 000174.550, 151
Trd, 000175.350, 153
Trd, 000175.817, 153
Trd, 000176.083, 152
Trd, 000177.367, 152
Trd, 000177.683, 153
Trd, 000177.917, 154
Trd, 000179.350, 163
Trd, 000180.300, 163
Trd, 000180.500, 173
Trd, 000180.733, 166
Trd, 000181.433, 168
Trd, 000181.483, 164
Trd, 000181.633, 158
Trd, 000181.783, 154
Trd, 000182.167, 168
Trd, 000183.217, 166
Trd, 000183.867, 157
Trd, 000184.350, 163
Trd, 000184.783, 159
Trd, 000185.033, 165
Trd, 000185.817, 159
Trd, 000186.100, 158
Trd, 000186.367, 158
Trd, 000186.533, 162
Trd, 000187.633, 156
Trd, 000188.700, 158
Trd, 000188.800, 156
Trd, 000189.433, 157
Trd, 000190.067, 160
Trd, 000190.583, 156
Trd, 000190.667, 154
Trd, 000191.133, 155
Trd, 000191.733, 174
Trd, 000192.533, 166
Trd, 000192.767, 165
Trd, 000192.867, 153
Trd, 000193.367, 159
Trd, 000193.767, 178
Trd, 000194.417, 182
Trd, 000195.300, 170
Trd, 000196.283, 169
Trd, 000196.300, 156
Trd, 000196.417, 174
Trd, 000196.783, 155
Trd, 000197.133, 155
Trd, 000197.850, 175
Trd, 000197.983, 156
Trd, 000198.533, 156
Trd, 000198.850, 154
Trd, 000198.950, 155
Trd, 000199.517, 157
Trd, 000200.433, 162
Trd, 000200.583, 154
Trd, 000200.867, 185
Trd, 000201.167, 191
Trd, 000202.083, 170
Trd, 000202.300, 190
Trd, 000202.967, 180
Trd, 000203.000, 174
Trd, 000203.633, 175
Trd, 000205.417, 175
Trd, 000206.350, 175
Trd, 000206.400, 177
Trd, 000206.783, 174
Trd, 000207.700, 178
Trd, 000209.233, 175
Trd, 000209.883, 175
Trd, 000209.933, 177
Trd, 000209.950, 175
Trd, 000210.183, 178
Trd, 000210.267, 179
Trd, 000210.933, 175
Trd, 000212.050, 183
Trd, 000212.233, 174
Trd, 000212.883, 172
Trd, 000213.250, 175
Trd, 000214.267, 181
Trd, 000214.983, 171
Trd, 000215.300, 170
Trd, 000216.283, 176
Trd, 000216.483, 156
Trd, 000216.800, 176
Trd, 000218.217, 163
Trd, 000218.683, 164
Trd, 000218.717, 169
Trd, 000218.750, 170
Trd, 000219.100, 170
Trd, 000219.817, 162
Trd, 000220.817, 169
Trd, 000220.950, 171
Trd, 000221.000, 168
Trd, 000221.800, 156
Trd, 000222.483, 158
Trd, 000224.017, 155
Trd, 000224.233, 157
Trd, 000224.283, 154
Trd, 000225.717, 156
Trd, 000225.967, 158
Trd, 000226.500, 157
Trd, 000226.567, 164
Trd, 000228.083, 156
Trd, 000228.567, 156
Trd, 000228.700, 155
Trd, 000229.317, 155
Trd, 000229.467, 157
Trd, 000229.750, 157
Trd, 000230.117, 156
Trd, 000230.317, 160
Trd, 000230.383, 170
Trd, 000230.667, 154
Trd, 000231.467, 153
Trd, 000231.850, 169
Trd, 000232.617, 170
Trd, 000233.100, 149
Trd, 000234.000, 160
Trd, 000234.017, 176
Trd, 000234.317, 167
Trd, 000234.700, 176
Trd, 000235.950, 169
Trd, 000237.450, 168
Trd, 000237.600, 170
Trd, 000237.933, 166
Trd, 000239.067, 168
Trd, 000239.383, 168
Trd, 000240.050, 167
Trd, 000240.317, 167
Trd, 000240.367, 171
Trd, 000240.583, 169
Trd, 000240.750, 168
Trd, 000240.833, 173
Trd, 000241.933, 172
Trd, 000242.333, 170
Trd, 000242.600, 170
Trd, 000242.783, 173
Trd, 000243.717, 172
Trd, 000244.617, 170
Trd, 000244.650, 170
Trd, 000245.417, 171
Trd, 000245.883, 172
Trd, 000245.917, 173
Trd, 000246.300, 171
Trd, 000246.500, 170
Trd, 000246.767, 174
Trd, 000246.950, 176
Trd, 000247.500, 174
Trd, 000247.600, 179
Trd, 000248.350, 179
Trd, 000249.217, 176
Trd, 000249.700, 180
Trd, 000249.767, 181
Trd, 000250.317, 181
Trd, 000251.517, 176
Trd, 000251.750, 176
Trd, 000251.817, 175
Trd, 000252.633, 176
Trd, 000252.883, 176
Trd, 000253.050, 176
Trd, 000253.400, 176
Trd, 000253.767, 173
Trd, 000255.067, 171
Trd, 000255.133, 179
Trd, 000255.583, 172
Trd, 000256.117, 176
Trd, 000256.233, 171
Trd, 000256.550, 172
Trd, 000256.867, 171
Trd, 000257.483, 173
Trd, 000257.833, 173
Trd, 000257.867, 172
Trd, 000259.367, 171
Trd, 000259.750, 172
Trd, 000260.000, 174
Trd, 000260.200, 177
Trd, 000260.317, 170
Trd, 000260.750, 171
Trd, 000260.783, 170
Trd, 000261.017, 170
Trd, 000261.750, 164
Trd, 000261.833, 176
Trd, 000262.033, 161
Trd, 000262.050, 176
Trd, 000263.017, 179
Trd, 000263.300, 173
Trd, 000263.417, 175
Trd, 000263.750, 175
Trd, 000263.800, 176
Trd, 000263.817, 172
Trd, 000263.967, 181
Trd, 000265.533, 177
Trd, 000265.650, 177
Trd, 000265.850, 174
Trd, 000266.400, 173
Trd, 000266.467, 173
Trd, 000267.300, 170
Trd, 000267.667, 173
Trd, 000267.883, 160
Trd, 000268.183, 163
Trd, 000269.100, 169
Trd, 000269.233, 165
Trd, 000269.467, 167
Trd, 000270.117, 164
Trd, 000270.300, 165
Trd, 000270.683, 168
Trd, 000270.900, 164
Trd, 000271.900, 175
Trd, 000272.667, 178
Trd, 000272.717, 182
Trd, 000273.467, 185
Trd, 000274.500, 183
Trd, 000274.683, 185
Trd, 000275.683, 182
Trd, 000276.117, 186
Trd, 000276.500, 186
Trd, 000276.583, 181
Trd, 000276.600, 187
Trd, 000276.650, 180
Trd, 000277.017, 178
Trd, 000277.283, 185
Trd, 000277.917, 181
Trd, 000278.317, 179
Trd, 000278.500, 181
Trd, 000278.600, 172
Trd, 000278.967, 174
Trd, 000279.200, 182
Trd, 000279.583, 172
Trd, 000279.817, 166
Trd, 000280.583, 165
Trd, 000280.933, 171
Trd, 000281.400, 178
Trd, 000281.600, 174
Trd, 000281.950, 179
Trd, 000282.183, 180
Trd, 000282.433, 179
Trd, 000283.583, 179
Trd, 000284.283, 176
Trd, 000284.550, 175
Trd, 000285.117, 177
Trd, 000285.300, 178
Trd, 000286.167, 176
Trd, 000286.283, 175
Trd, 000286.683, 176
Trd, 000286.867, 178
Trd, 000287.150, 175
Trd, 000287.867, 175
Trd, 000288.833, 178
Trd, 000288.917, 180
Trd, 000289.017, 184
Trd, 000289.167, 176
Trd, 000289.450, 187
Trd, 000289.733, 196
Trd, 000290.133, 186
Trd, 000290.517, 185
Trd, 000290.600, 183
Trd, 000290.750, 192
Trd, 000291.050, 180
Trd, 000291.500, 191
Trd, 000291.850, 182
Trd, 000292.183, 173
Trd, 000293.033, 189
Trd, 000293.450, 193
Trd, 000293.567, 168
Trd, 000293.933, 163
Trd, 000294.117, 177
Trd, 000294.333, 173
Trd, 000294.483, 177
Trd, 000294.750, 180
Trd, 000295.117, 174
Trd, 000295.433, 182
Trd, 000296.000, 180
Trd, 000296.250, 180
Trd, 000296.300, 177
Trd, 000296.400, 182
Trd, 000296.850, 182
Trd, 000297.100, 174
Trd, 000297.883, 183
Trd, 000299.517, 174
Trd, 000299.533, 181
