Trd, 000001.317, 120
Trd, 000002.967, 113
Trd, 000003.233, 127
Trd, 000003.767, 131
Trd, 000004.033, 134
Trd, 000005.567, 138
Trd, 000006.017, 139
Trd, 000006.417, 144
Trd, 000006.483, 137
Trd, 000006.583, 137
Trd, 000007.283, 146
Trd, 000008.000, 148
Trd, 000008.983, 138
Trd, 000009.450, 139
Trd, 000011.933, 149
Trd, 000012.283, 152
Trd, 000012.550, 140
Trd, 000012.583, 149
Trd, 000013.850, 140
Trd, 000013.900, 138
Trd, 000013.950, 148
Trd, 000015.000, 141
Trd, 000015.217, 145
Trd, 000016.500, 140
Trd, 000016.617, 140
Trd, 000016.733, 145
Trd, 000016.867, 139
Trd, 000017.317, 149
Trd, 000017.467, 138
Trd, 000020.283, 141
Trd, 000020.350, 140
Trd, 000021.083, 140
Trd, 000021.450, 139
Trd, 000022.183, 152
Trd, 000023.383, 153
Trd, 000023.667, 157
Trd, 000023.833, 142
Trd, 000024.067, 142
Trd, 000024.417, 141
Trd, 000024.900, 140
Trd, 000026.567, 147
Trd, 000026.800, 139
Trd, 000027.017, 147
Trd, 000027.450, 148
Trd, 000028.517, 146
Trd, 000029.383, 149
Trd, 000029.450, 142
Trd, 000031.200, 141
Trd, 000031.967, 142
Trd, 000032.600, 141
Trd, 000032.667, 149
Trd, 000032.767, 141
Trd, 000033.233, 151
Trd, 000034.867, 141
Trd, 000034.950, 147
Trd, 000035.683, 147
Trd, 000036.067, 142
Trd, 000036.883, 141
Trd, 000037.100, 147
Trd, 000037.333, 154
Trd, 000038.600, 141
Trd, 000039.217, 147
Trd, 000039.967, 143
Trd, 000041.550, 147
Trd, 000042.900, 146
Trd, 000044.283, 147
Trd, 000044.450, 148
Trd, 000044.500, 152
Trd, 000044.750, 145
Trd, 000045.000, 144
Trd, 000045.033, 143
Trd, 000045.433, 141
Trd, 000045.483, 155
Trd, 000045.950, 140
Trd, 000048.083, 155
Trd, 000048.283, 144
Trd, 000048.400, 143
Trd, 000048.783, 142
Trd, 000049.083, 156
Trd, 000050.300, 154
Trd, 000051.583, 147
Trd, 000051.600, 143
Trd, 000052.867, 149
Trd, 000053.467, 146
Trd, 000055.317, 149
Trd, 000055.383, 145
Trd, 000055.700, 151
Trd, 000055.833, 145
Trd, 000056.983, 151
Trd, 000057.217, 151
Trd, 000058.383, 151
Trd, 000058.600, 149
Trd, 000059.617, 155
Trd, 000059.683, 157
Trd, 000059.967, 150
Trd, 000060.817, 148
Trd, 000062.950, 153
Trd, 000064.350, 152
Trd, 000064.933, 150
Trd, 000065.333, 150
Trd, 000065.400, 149
Trd, 000066.017, 151
Trd, 000066.233, 152
Trd, 000067.033, 149
Trd, 000067.083, 147
Trd, 000067.183, 144
Trd, 000067.383, 153
Trd, 000067.500, 161
Trd, 000068.317, 134
Trd, 000069.700, 150
Trd, 000071.400, 151
Trd, 000072.517, 148
Trd, 000073.567, 147
Trd, 000073.833, 150
Trd, 000074.533, 146
Trd, 000075.200, 150
Trd, 000075.900, 151
Trd, 000076.050, 145
Trd, 000077.083, 146
Trd, 000077.433, 152
Trd, 000077.950, 155
Trd, 000078.800, 146
Trd, 000079.217, 146
Trd, 000079.350, 146
Trd, 000080.183, 156
Trd, 000081.000, 155
Trd, 000081.100, 146
Trd, 000081.817, 153
Trd, 000083.700, 145
Trd, 000084.017, 145
Trd, 000084.200, 146
Trd, 000084.683, 145
Trd, 000084.717, 156
Trd, 000086.133, 153
Trd, 000087.300, 155
Trd, 000087.383, 152
Trd, 000087.650, 155
Trd, 000088.083, 151
Trd, 000088.283, 155
Trd, 000088.783, 150
Trd, 000088.983, 157
Trd, 000089.167, 136
Trd, 000089.933, 162
Trd, 000092.200, 152
Trd, 000093.283, 155
Trd, 000093.783, 157
Trd, 000093.950, 153
Trd, 000094.200, 156
Trd, 000094.500, 152
Trd, 000095.783, 149
Trd, 000095.850, 146
Trd, 000096.500, 155
Trd, 000096.617, 156
Trd, 000096.833, 164
Trd, 000096.917, 178
Trd, 000097.150, 181
Trd, 000099.833, 152
Trd, 000101.017, 153
Trd, 000101.083, 152
Trd, 000101.400, 158
Trd, 000101.517, 152
Trd, 000102.450, 151
Trd, 000103.133, 147
Trd, 000103.767, 156
Trd, 000104.233, 160
Trd, 000104.767, 149
Trd, 000104.817, 137
Trd, 000105.350, 138
Trd, 000106.833, 148
Trd, 000107.017, 156
Trd, 000107.367, 153
Trd, 000107.833, 158
Trd, 000107.900, 148
Trd, 000108.933, 148
Trd, 000110.033, 153
Trd, 000110.300, 156
Trd, 000110.733, 153
Trd, 000110.850, 167
Trd, 000112.667, 153
Trd, 000113.000, 158
Trd, 000113.717, 159
Trd, 000114.300, 153
Trd, 000115.033, 152
Trd, 000115.633, 152
Trd, 000115.850, 159
Trd, 000116.083, 151
Trd, 000117.500, 164
Trd, 000118.217, 162
Trd, 000118.900, 158
Trd, 000119.200, 157
Trd, 000119.533, 152
Trd, 000120.483, 156
Trd, 000120.683, 152
Trd, 000121.050, 163
Trd, 000122.583, 141
Trd, 000122.700, 160
Trd, 000122.917, 139
Trd, 000124.033, 163
Trd, 000124.550, 149
Trd, 000125.950, 151
Trd, 000126.067, 151
Trd, 000126.283, 158
Trd, 000127.267, 151
Trd, 000127.383, 150
Trd, 000128.400, 159
Trd, 000129.317, 159
Trd, 000129.533, 153
Trd, 000131.050, 162
Trd, 000131.067, 164
Trd, 000132.517, 163
Trd, 000132.800, 161
Trd, 000133.283, 158
Trd, 000135.400, 157
Trd, 000135.450, 153
Trd, 000135.850, 159
Trd, 000136.183, 150
Trd, 000136.967, 161
Trd, 000137.017, 164
Trd, 000137.583, 155
Trd, 000138.583, 169
Trd, 000139.967, 170
Trd, 000140.167, 158
Trd, 000141.017, 166
Trd, 000141.467, 154
Trd, 000142.433, 163
Trd, 000143.100, 159
Trd, 000143.117, 162
Trd, 000143.700, 162
Trd, 000143.733, 158
Trd, 000143.800, 154
Trd, 000145.933, 154
Trd, 000146.817, 163
Trd, 000146.967, 152
Trd, 000148.600, 162
Trd, 000148.983, 163
Trd, 000149.033, 156
Trd, 000149.517, 155
Trd, 000150.133, 164
Trd, 000150.300, 156
Trd, 000150.317, 152
Trd, 000151.717, 149
Trd, 000152.417, 159
Trd, 000152.750, 165
Trd, 000152.950, 150
Trd, 000153.167, 170
Trd, 000154.000, 153
Trd, 000154.600, 153
Trd, 000155.233, 157
Trd, 000155.317, 163
Trd, 000155.800, 165
Trd, 000156.567, 153
Trd, 000157.600, 152
Trd, 000158.383, 152
Trd, 000158.467, 163
Trd, 000159.567, 163
Trd, 000159.767, 166
Trd, 000159.917, 171
Trd, 000161.133, 153
Trd, 000162.683, 154
Trd, 000163.233, 156
Trd, 000163.750, 164
Trd, 000164.917, 156
Trd, 000165.267, 163
Trd, 000166.783, 161
Trd, 000167.233, 165
Trd, 000167.533, 168
Trd, 000168.217, 161
Trd, 000168.817, 165
Trd, 000169.233, 166
Trd, 000169.600, 166
Trd, 000169.683, 173
Trd, 000170.250, 162
Trd, 000172.217, 173
Trd, 000172.317, 174
Trd, 000173.000, 167
Trd, 000174.183, 160
Trd, 000175.300, 169
Trd, 000175.450, 167
Trd, 000176.517, 166
Trd, 000176.883, 166
Trd, 000177.850, 165
Trd, 000177.900, 164
Trd, 000179.617, 161
Trd, 000179.800, 165
Trd, 000180.150, 158
Trd, 000180.217, 168
Trd, 000181.650, 166
Trd, 000181.750, 169
Trd, 000182.383, 163
Trd, 000183.667, 163
Trd, 000183.883, 159
Trd, 000184.517, 165
Trd, 000184.533, 166
Trd, 000184.850, 159
Trd, 000185.967, 159
Trd, 000186.917, 164
Trd, 000187.517, 168
Trd, 000188.667, 168
Trd, 000189.117, 169
Trd, 000190.450, 170
Trd, 000190.533, 163
Trd, 000191.067, 163
Trd, 000191.700, 163
Trd, 000192.633, 168
Trd, 000193.183, 156
Trd, 000193.300, 168
Trd, 000193.983, 157
Trd, 000194.017, 168
Trd, 000194.400, 146
Trd, 000195.017, 170
Trd, 000195.767, 157
Trd, 000197.417, 162
Trd, 000197.867, 169
Trd, 000198.733, 171
Trd, 000199.467, 165
Trd, 000200.833, 164
Trd, 000201.167, 170
Trd, 000201.317, 172
Trd, 000201.467, 163
Trd, 000202.750, 161
Trd, 000204.933, 166
Trd, 000205.000, 163
Trd, 000205.017, 162
Trd, 000205.467, 168
Trd, 000205.750, 171
Trd, 000206.000, 162
Trd, 000206.017, 157
Trd, 000207.083, 156
Trd, 000208.333, 148
Trd, 000209.617, 153
Trd, 000209.633, 155
Trd, 000209.950, 155
Trd, 000210.433, 151
Trd, 000210.667, 165
Trd, 000211.067, 172
Trd, 000211.567, 153
Trd, 000213.167, 168
Trd, 000213.983, 168
Trd, 000214.033, 166
Trd, 000214.467, 170
Trd, 000214.567, 172
Trd, 000215.050, 189
Trd, 000215.783, 163
Trd, 000216.317, 162
Trd, 000217.067, 162
Trd, 000217.300, 174
Trd, 000218.150, 167
Trd, 000219.317, 173
Trd, 000220.050, 177
Trd, 000220.917, 166
Trd, 000221.133, 166
Trd, 000221.283, 163
Trd, 000222.150, 162
Trd, 000223.033, 162
Trd, 000223.150, 171
Trd, 000224.167, 161
Trd, 000224.383, 171
Trd, 000224.417, 172
Trd, 000225.617, 161
Trd, 000226.700, 164
Trd, 000227.150, 163
Trd, 000227.800, 168
Trd, 000229.017, 173
Trd, 000229.767, 162
Trd, 000229.817, 162
Trd, 000230.733, 162
Trd, 000231.283, 160
Trd, 000231.833, 169
Trd, 000231.983, 169
Trd, 000232.350, 160
Trd, 000233.900, 161
Trd, 000234.183, 173
Trd, 000234.533, 161
Trd, 000234.600, 174
Trd, 000234.883, 175
Trd, 000235.583, 161
Trd, 000236.517, 160
Trd, 000237.550, 173
Trd, 000238.050, 159
Trd, 000238.083, 173
Trd, 000239.417, 161
Trd, 000240.300, 173
Trd, 000240.733, 173
Trd, 000241.467, 165
Trd, 000241.717, 164
Trd, 000241.800, 165
Trd, 000241.950, 166
Trd, 000242.333, 164
Trd, 000242.983, 165
Trd, 000243.817, 168
Trd, 000243.867, 171
Trd, 000244.000, 165
Trd, 000244.217, 172
Trd, 000244.350, 175
Trd, 000244.467, 164
Trd, 000245.250, 176
Trd, 000246.017, 175
Trd, 000246.583, 170
Trd, 000246.700, 180
Trd, 000246.900, 178
Trd, 000247.817, 173
Trd, 000248.017, 165
Trd, 000248.067, 175
Trd, 000249.033, 173
Trd, 000249.483, 171
Trd, 000250.283, 174
Trd, 000250.333, 174
Trd, 000250.450, 176
Trd, 000251.033, 172
Trd, 000251.200, 170
Trd, 000251.483, 173
Trd, 000251.717, 174
Trd, 000252.200, 172
Trd, 000252.233, 173
Trd, 000253.933, 172
Trd, 000254.283, 171
Trd, 000254.633, 175
Trd, 000254.783, 176
Trd, 000254.950, 170
Trd, 000255.283, 162
Trd, 000255.633, 158
Trd, 000256.433, 158
Trd, 000256.583, 160
Trd, 000256.950, 169
Trd, 000257.050, 164
Trd, 000257.300, 171
Trd, 000258.550, 170
Trd, 000259.000, 168
Trd, 000259.117, 164
Trd, 000259.550, 164
Trd, 000259.850, 170
Trd, 000260.633, 171
Trd, 000260.850, 172
Trd, 000261.183, 174
Trd, 000261.483, 175
Trd, 000261.567, 177
Trd, 000262.317, 180
Trd, 000262.717, 178
Trd, 000263.083, 172
Trd, 000263.583, 173
Trd, 000263.967, 177
Trd, 000264.117, 177
Trd, 000264.133, 181
Trd, 000265.150, 177
Trd, 000265.217, 178
Trd, 000265.783, 180
Trd, 000266.400, 178
Trd, 000266.933, 178
Trd, 000267.133, 176
Trd, 000267.317, 181
Trd, 000267.550, 175
Trd, 000268.317, 189
Trd, 000268.383, 185
Trd, 000268.400, 197
Trd, 000268.983, 180
Trd, 000269.833, 184
Trd, 000269.917, 184
Trd, 000270.667, 185
Trd, 000271.267, 177
Trd, 000271.850, 179
Trd, 000271.867, 176
Trd, 000272.217, 167
Trd, 000272.283, 178
Trd, 000272.833, 183
Trd, 000273.117, 177
Trd, 000273.500, 176
Trd, 000273.967, 170
Trd, 000274.367, 174
Trd, 000274.800, 177
Trd, 000275.033, 172
Trd, 000275.267, 177
Trd, 000275.400, 176
Trd, 000276.800, 176
Trd, 000277.533, 183
Trd, 000278.100, 183
Trd, 000278.683, 175
Trd, 000279.150, 177
Trd, 000280.000, 179
Trd, 000280.067, 174
Trd, 000280.083, 170
Trd, 000280.117, 180
Trd, 000281.000, 177
Trd, 000281.233, 179
Trd, 000281.633, 172
Trd, 000281.900, 172
Trd, 000282.267, 179
Trd, 000282.333, 183
Trd, 000282.533, 177
Trd, 000283.167, 179
Trd, 000284.117, 179
Trd, 000284.700, 179
Trd, 000285.033, 179
Trd, 000285.100, 180
Trd, 000285.133, 190
Trd, 000285.833, 179
Trd, 000286.083, 168
Trd, 000286.700, 184
Trd, 000287.017, 175
Trd, 000287.817, 187
Trd, 000288.267, 191
Trd, 000288.333, 190
Trd, 000289.117, 179
Trd, 000289.150, 197
Trd, 000289.417, 179
Trd, 000289.517, 191
Trd, 000289.767, 187
Trd, 000289.950, 169
Trd, 000290.183, 174
Trd, 000290.933, 185
Trd, 000291.667, 184
Trd, 000291.717, 185
Trd, 000292.067, 184
Trd, 000292.167, 182
Trd, 000292.733, 166
Trd, 000293.350, 159
Trd, 000293.450, 167
Trd, 000294.000, 158
Trd, 000294.017, 174
Trd, 000294.133, 178
Trd, 000294.283, 184
Trd, 000294.917, 184
Trd, 000295.100, 171
Trd, 000295.117, 168
Trd, 000295.667, 166
Trd, 000296.150, 189
Trd, 000296.817, 181
Trd, 000297.183, 183
Trd, 000297.400, 188
Trd, 000297.583, 173
Trd, 000297.750, 171
Trd, 000298.050, 191
Trd, 000298.167, 188
Trd, 000298.383, 173
Trd, 000298.617, 157
