Trd, 000001.733, 167
Trd, 000001.867, 136
Trd, 000002.733, 134
Trd, 000003.250, 156
Trd, 000003.633, 160
Trd, 000005.033, 155
Trd, 000005.067, 153
Trd, 000005.167, 153
Trd, 000005.800, 134
Trd, 000006.967, 138
Trd, 000007.333, 138
Trd, 000007.633, 134
Trd, 000007.900, 135
Trd, 000008.350, 136
Trd, 000008.483, 138
Trd, 000009.083, 135
Trd, 000010.050, 139
Trd, 000010.150, 136
Trd, 000011.000, 139
Trd, 000011.233, 139
Trd, 000013.017, 138
Trd, 000013.117, 140
Trd, 000013.133, 137
Trd, 000013.633, 141
Trd, 000013.917, 147
Trd, 000014.000, 136
Trd, 000014.083, 139
Trd, 000015.050, 159
Trd, 000016.050, 149
Trd, 000016.200, 150
Trd, 000016.450, 151
Trd, 000017.167, 153
Trd, 000017.483, 158
Trd, 000018.433, 154
Trd, 000018.733, 155
Trd, 000019.850, 155
Trd, 000020.000, 155
Trd, 000020.600, 154
Trd, 000020.700, 157
Trd, 000021.083, 155
Trd, 000021.467, 157
Trd, 000021.600, 155
Trd, 000022.317, 154
Trd, 000023.300, 153
Trd, 000024.000, 155
Trd, 000024.317, 160
Trd, 000024.417, 163
Trd, 000025.550, 158
Trd, 000026.067, 158
Trd, 000026.117, 157
Trd, 000026.267, 156
Trd, 000026.967, 156
Trd, 000027.183, 155
Trd, 000027.250, 160
Trd, 000027.733, 157
Trd, 000028.067, 154
Trd, 000028.383, 154
Trd, 000028.717, 156
Trd, 000030.250, 141
Trd, 000031.100, 139
Trd, 000031.417, 139
Trd, 000031.583, 140
Trd, 000031.733, 142
Trd, 000032.083, 144
Trd, 000032.650, 140
Trd, 000033.633, 144
Trd, 000033.767, 143
Trd, 000035.050, 142
Trd, 000035.383, 144
Trd, 000035.450, 141
Trd, 000036.233, 140
Trd, 000036.367, 139
Trd, 000036.633, 137
Trd, 000036.650, 141
Trd, 000038.950, 140
Trd, 000039.500, 139
Trd, 000039.633, 140
Trd, 000040.383, 141
Trd, 000040.483, 141
Trd, 000040.600, 140
Trd, 000041.683, 143
Trd, 000041.833, 144
Trd, 000042.167, 145
Trd, 000043.333, 147
Trd, 000044.367, 158
Trd, 000044.667, 149
Trd, 000044.867, 150
Trd, 000045.517, 159
Trd, 000045.533, 150
Trd, 000047.267, 155
Trd, 000047.383, 154
Trd, 000047.567, 153
Trd, 000047.850, 154
Trd, 000048.300, 153
Trd, 000048.933, 154
Trd, 000048.950, 156
Trd, 000049.400, 157
Trd, 000049.467, 152
Trd, 000051.300, 157
Trd, 000051.750, 157
Trd, 000052.083, 156
Trd, 000052.467, 155
Trd, 000053.017, 162
Trd, 000055.133, 159
Trd, 000055.217, 160
Trd, 000055.350, 156
Trd, 000055.633, 156
Trd, 000056.533, 158
Trd, 000056.700, 157
Trd, 000057.150, 158
Trd, 000057.317, 159
Trd, 000057.700, 159
Trd, 000057.767, 156
Trd, 000058.250, 157
Trd, 000058.583, 159
Trd, 000058.733, 156
Trd, 000058.883, 155
Trd, 000059.567, 158
Trd, 000061.150, 145
Trd, 000061.167, 147
Trd, 000062.300, 143
Trd, 000062.550, 147
Trd, 000062.617, 161
Trd, 000062.733, 145
Trd, 000064.100, 146
Trd, 000064.600, 147
Trd, 000064.800, 146
Trd, 000064.817, 151
Trd, 000066.467, 140
Trd, 000067.117, 145
Trd, 000067.583, 140
Trd, 000068.150, 144
Trd, 000068.700, 143
Trd, 000068.733, 139
Trd, 000069.100, 138
Trd, 000069.333, 144
Trd, 000069.883, 143
Trd, 000069.967, 148
Trd, 000070.417, 142
Trd, 000071.267, 149
Trd, 000071.483, 151
Trd, 000072.050, 152
Trd, 000072.383, 152
Trd, 000072.450, 153
Trd, 000073.533, 155
Trd, 000073.767, 164
Trd, 000073.917, 165
Trd, 000075.883, 156
Trd, 000076.233, 164
Trd, 000076.567, 164
Trd, 000077.600, 160
Trd, 000078.233, 161
Trd, 000079.417, 159
Trd, 000079.483, 156
Trd, 000079.933, 157
Trd, 000080.467, 155
Trd, 000080.633, 153
Trd, 000081.017, 155
Trd, 000081.583, 155
Trd, 000082.083, 156
Trd, 000082.533, 157
Trd, 000083.233, 157
Trd, 000083.750, 156
Trd, 000083.900, 157
Trd, 000083.967, 158
Trd, 000084.283, 155
Trd, 000084.500, 153
Trd, 000085.033, 153
Trd, 000085.233, 146
Trd, 000085.717, 163
Trd, 000087.617, 156
Trd, 000088.433, 153
Trd, 000088.967, 149
Trd, 000089.233, 152
Trd, 000089.650, 154
Trd, 000089.783, 152
Trd, 000089.950, 155
Trd, 000090.633, 154
Trd, 000091.350, 153
Trd, 000091.433, 152
Trd, 000091.667, 153
Trd, 000092.283, 167
Trd, 000092.450, 152
Trd, 000092.467, 151
Trd, 000092.967, 151
Trd, 000094.467, 158
Trd, 000094.933, 157
Trd, 000095.000, 158
Trd, 000095.500, 158
Trd, 000095.617, 159
Trd, 000096.017, 163
Trd, 000096.050, 167
Trd, 000096.600, 157
Trd, 000097.067, 157
Trd, 000097.883, 157
Trd, 000098.400, 171
Trd, 000098.950, 156
Trd, 000099.667, 160
Trd, 000100.017, 160
Trd, 000100.317, 160
Trd, 000100.450, 161
Trd, 000100.767, 158
Trd, 000101.083, 158
Trd, 000101.833, 160
Trd, 000102.150, 158
Trd, 000102.400, 159
Trd, 000103.000, 159
Trd, 000103.783, 159
Trd, 000104.150, 160
Trd, 000104.167, 159
Trd, 000104.283, 160
Trd, 000104.433, 158
Trd, 000104.967, 157
Trd, 000106.600, 158
Trd, 000106.733, 163
Trd, 000108.300, 162
Trd, 000108.917, 167
Trd, 000109.967, 166
Trd, 000110.067, 165
Trd, 000110.100, 163
Trd, 000110.600, 163
Trd, 000110.983, 164
Trd, 000111.383, 169
Trd, 000111.583, 162
Trd, 000112.167, 165
Trd, 000112.517, 165
Trd, 000112.933, 164
Trd, 000113.367, 163
Trd, 000114.700, 164
Trd, 000114.750, 162
Trd, 000114.767, 165
Trd, 000115.067, 162
Trd, 000115.083, 165
Trd, 000115.833, 166
Trd, 000115.950, 173
Trd, 000116.000, 163
Trd, 000116.133, 176
Trd, 000116.583, 163
Trd, 000117.450, 178
Trd, 000117.733, 164
Trd, 000118.433, 161
Trd, 000118.700, 163
Trd, 000120.433, 163
Trd, 000120.733, 162
Trd, 000120.783, 160
Trd, 000121.250, 160
Trd, 000121.750, 161
Trd, 000123.033, 146
Trd, 000123.150, 154
Trd, 000123.667, 154
Trd, 000123.750, 153
Trd, 000124.100, 155
Trd, 000124.600, 155
Trd, 000125.067, 158
Trd, 000125.267, 158
Trd, 000126.317, 169
Trd, 000126.583, 169
Trd, 000126.650, 159
Trd, 000127.667, 173
Trd, 000128.817, 165
Trd, 000129.000, 163
Trd, 000129.933, 169
Trd, 000130.433, 169
Trd, 000130.467, 164
Trd, 000131.500, 166
Trd, 000132.283, 166
Trd, 000132.633, 166
Trd, 000132.867, 165
Trd, 000133.017, 166
Trd, 000133.350, 166
Trd, 000133.600, 166
Trd, 000134.267, 166
Trd, 000134.333, 167
Trd, 000135.033, 166
Trd, 000135.533, 166
Trd, 000136.200, 164
Trd, 000136.417, 169
Trd, 000136.567, 165
Trd, 000137.083, 166
Trd, 000137.283, 165
Trd, 000138.483, 166
Trd, 000138.567, 165
Trd, 000138.883, 165
Trd, 000139.083, 167
Trd, 000139.867, 164
Trd, 000140.367, 172
Trd, 000140.433, 164
Trd, 000140.883, 164
Trd, 000141.200, 176
Trd, 000141.583, 169
Trd, 000141.717, 170
Trd, 000141.750, 174
Trd, 000142.517, 167
Trd, 000143.433, 168
Trd, 000143.917, 168
Trd, 000144.850, 167
Trd, 000145.067, 167
Trd, 000145.283, 165
Trd, 000145.750, 165
Trd, 000145.833, 169
Trd, 000146.100, 165
Trd, 000146.333, 170
Trd, 000146.933, 165
Trd, 000148.000, 169
Trd, 000148.400, 171
Trd, 000149.500, 166
Trd, 000150.133, 168
Trd, 000150.767, 168
Trd, 000151.367, 169
Trd, 000151.467, 168
Trd, 000151.717, 167
Trd, 000151.800, 166
Trd, 000152.183, 167
Trd, 000152.450, 165
Trd, 000152.533, 147
Trd, 000152.667, 146
Trd, 000153.067, 141
Trd, 000154.017, 155
Trd, 000155.717, 153
Trd, 000156.250, 153
Trd, 000156.550, 156
Trd, 000156.567, 173
Trd, 000156.600, 177
Trd, 000157.650, 173
Trd, 000157.667, 172
Trd, 000158.433, 174
Trd, 000158.700, 171
Trd, 000159.583, 171
Trd, 000159.933, 174
Trd, 000160.033, 173
Trd, 000160.133, 173
Trd, 000160.333, 172
Trd, 000161.000, 170
Trd, 000162.000, 174
Trd, 000163.133, 172
Trd, 000163.400, 171
Trd, 000163.550, 171
Trd, 000163.767, 170
Trd, 000164.183, 169
Trd, 000164.500, 169
Trd, 000164.983, 170
Trd, 000165.600, 168
Trd, 000165.633, 168
Trd, 000165.733, 169
Trd, 000166.067, 168
Trd, 000166.467, 167
Trd, 000166.650, 164
Trd, 000167.583, 157
Trd, 000168.433, 158
Trd, 000168.550, 160
Trd, 000168.783, 160
Trd, 000169.000, 165
Trd, 000169.233, 166
Trd, 000169.917, 165
Trd, 000170.967, 167
Trd, 000172.233, 167
Trd, 000172.550, 168
Trd, 000172.950, 168
Trd, 000173.550, 175
Trd, 000173.633, 178
Trd, 000173.867, 168
Trd, 000174.367, 169
Trd, 000175.100, 174
Trd, 000175.583, 171
Trd, 000176.233, 170
Trd, 000176.550, 169
Trd, 000176.567, 170
Trd, 000176.850, 170
Trd, 000177.183, 172
Trd, 000178.017, 175
Trd, 000178.733, 173
Trd, 000179.000, 171
Trd, 000179.150, 172
Trd, 000179.933, 170
Trd, 000180.083, 169
Trd, 000181.300, 157
Trd, 000181.367, 159
Trd, 000182.733, 160
Trd, 000183.133, 159
Trd, 000183.650, 159
Trd, 000184.217, 160
Trd, 000184.383, 160
Trd, 000184.633, 163
Trd, 000185.333, 164
Trd, 000185.800, 163
Trd, 000185.867, 162
Trd, 000186.017, 161
Trd, 000186.767, 174
Trd, 000186.917, 168
Trd, 000187.150, 161
Trd, 000187.200, 169
Trd, 000188.700, 177
Trd, 000189.367, 165
Trd, 000190.767, 165
Trd, 000190.900, 166
Trd, 000190.933, 164
Trd, 000191.650, 166
Trd, 000191.750, 150
Trd, 000192.083, 160
Trd, 000192.683, 157
Trd, 000193.383, 158
Trd, 000193.483, 158
Trd, 000193.933, 159
Trd, 000194.433, 160
Trd, 000194.717, 158
Trd, 000194.867, 160
Trd, 000195.000, 155
Trd, 000195.533, 142
Trd, 000195.650, 154
Trd, 000197.000, 158
Trd, 000197.433, 160
Trd, 000197.600, 159
Trd, 000197.833, 160
Trd, 000198.650, 159
Trd, 000199.050, 160
Trd, 000199.400, 161
Trd, 000200.033, 178
Trd, 000200.550, 161
Trd, 000201.117, 170
Trd, 000201.333, 179
Trd, 000201.383, 168
Trd, 000202.783, 168
Trd, 000203.100, 176
Trd, 000203.767, 176
Trd, 000204.533, 172
Trd, 000204.717, 172
Trd, 000205.833, 172
Trd, 000206.133, 171
Trd, 000206.450, 168
Trd, 000206.567, 172
Trd, 000206.617, 170
Trd, 000207.633, 171
Trd, 000208.900, 177
Trd, 000209.217, 178
Trd, 000209.817, 178
Trd, 000210.650, 178
Trd, 000210.883, 177
Trd, 000211.183, 177
Trd, 000211.250, 175
Trd, 000211.600, 176
Trd, 000212.083, 178
Trd, 000212.383, 179
Trd, 000213.150, 178
Trd, 000213.550, 177
Trd, 000213.667, 175
Trd, 000214.150, 175
Trd, 000214.817, 161
Trd, 000214.883, 162
Trd, 000215.483, 162
Trd, 000215.900, 165
Trd, 000216.050, 169
Trd, 000216.467, 165
Trd, 000217.417, 165
Trd, 000217.683, 166
Trd, 000218.550, 168
Trd, 000218.717, 167
Trd, 000219.800, 168
Trd, 000219.933, 169
Trd, 000221.200, 169
Trd, 000221.867, 169
Trd, 000222.200, 170
Trd, 000222.217, 167
Trd, 000222.450, 179
Trd, 000223.167, 174
Trd, 000223.417, 169
Trd, 000223.650, 169
Trd, 000223.933, 172
Trd, 000224.183, 171
Trd, 000224.950, 172
Trd, 000226.283, 171
Trd, 000227.150, 173
Trd, 000227.283, 180
Trd, 000227.783, 175
Trd, 000228.183, 177
Trd, 000228.617, 177
Trd, 000228.650, 177
Trd, 000229.450, 178
Trd, 000229.717, 177
Trd, 000230.267, 181
Trd, 000230.433, 180
Trd, 000230.517, 179
Trd, 000230.667, 177
Trd, 000232.000, 178
Trd, 000232.633, 177
Trd, 000232.833, 178
Trd, 000233.133, 177
Trd, 000233.617, 176
Trd, 000234.000, 178
Trd, 000234.400, 172
Trd, 000235.017, 172
Trd, 000235.150, 171
Trd, 000236.283, 175
Trd, 000237.150, 174
Trd, 000237.517, 175
Trd, 000237.617, 173
Trd, 000238.100, 173
Trd, 000238.150, 172
Trd, 000238.200, 171
Trd, 000238.717, 176
Trd, 000239.017, 180
Trd, 000240.300, 173
Trd, 000240.717, 172
Trd, 000240.800, 172
Trd, 000240.833, 173
Trd, 000241.633, 172
Trd, 000241.767, 171
Trd, 000242.083, 172
Trd, 000242.133, 173
Trd, 000242.500, 172
Trd, 000242.883, 171
Trd, 000243.983, 171
Trd, 000244.083, 168
Trd, 000244.150, 168
Trd, 000244.400, 169
Trd, 000244.567, 172
Trd, 000245.267, 171
Trd, 000245.883, 172
Trd, 000246.550, 174
Trd, 000247.283, 175
Trd, 000247.433, 179
Trd, 000247.833, 177
Trd, 000248.367, 176
Trd, 000248.667, 177
Trd, 000248.933, 176
Trd, 000249.483, 178
Trd, 000249.567, 177
Trd, 000250.050, 176
Trd, 000250.583, 180
Trd, 000251.050, 180
Trd, 000251.233, 178
Trd, 000251.817, 180
Trd, 000252.150, 180
Trd, 000252.233, 184
Trd, 000252.750, 187
Trd, 000253.167, 179
Trd, 000253.217, 178
Trd, 000253.917, 181
Trd, 000254.183, 181
Trd, 000255.550, 181
Trd, 000256.033, 181
Trd, 000256.683, 180
Trd, 000257.533, 180
Trd, 000257.700, 180
Trd, 000258.683, 181
Trd, 000258.867, 182
Trd, 000260.083, 181
Trd, 000260.617, 181
Trd, 000261.100, 182
Trd, 000261.300, 182
Trd, 000261.983, 182
Trd, 000262.150, 181
Trd, 000262.417, 181
Trd, 000262.500, 182
Trd, 000262.617, 181
Trd, 000262.900, 181
Trd, 000264.083, 182
Trd, 000264.183, 181
Trd, 000264.833, 181
Trd, 000265.367, 180
Trd, 000265.733, 180
Trd, 000265.900, 180
Trd, 000266.350, 182
Trd, 000266.750, 184
Trd, 000267.467, 184
Trd, 000267.950, 183
Trd, 000268.033, 186
Trd, 000268.267, 182
Trd, 000268.383, 187
Trd, 000268.933, 182
Trd, 000269.683, 180
Trd, 000269.800, 180
Trd, 000270.267, 179
Trd, 000270.433, 179
Trd, 000270.533, 178
Trd, 000270.750, 178
Trd, 000271.950, 184
Trd, 000272.150, 179
Trd, 000272.183, 178
Trd, 000272.950, 179
Trd, 000273.767, 182
Trd, 000274.483, 183
Trd, 000274.950, 182
Trd, 000275.033, 181
Trd, 000275.050, 185
Trd, 000275.317, 179
Trd, 000275.667, 185
Trd, 000276.467, 185
Trd, 000276.500, 171
Trd, 000277.650, 185
Trd, 000278.333, 185
Trd, 000278.517, 184
Trd, 000278.800, 183
Trd, 000278.983, 185
Trd, 000279.150, 180
Trd, 000279.433, 188
Trd, 000280.983, 183
Trd, 000281.217, 184
Trd, 000281.383, 183
Trd, 000281.683, 185
Trd, 000282.133, 185
Trd, 000282.383, 183
Trd, 000282.567, 188
Trd, 000282.717, 183
Trd, 000283.067, 182
Trd, 000283.117, 189
Trd, 000283.833, 184
Trd, 000283.933, 184
Trd, 000284.283, 184
Trd, 000285.867, 186
Trd, 000285.983, 183
Trd, 000286.567, 182
Trd, 000286.633, 180
Trd, 000287.333, 181
Trd, 000287.933, 185
Trd, 000287.950, 186
Trd, 000288.500, 185
Trd, 000288.533, 191
Trd, 000289.183, 187
Trd, 000289.667, 186
Trd, 000289.833, 186
Trd, 000290.283, 187
Trd, 000290.500, 186
Trd, 000290.950, 188
Trd, 000291.017, 187
Trd, 000291.483, 187
Trd, 000291.783, 186
Trd, 000292.150, 185
Trd, 000292.600, 186
Trd, 000292.967, 185
Trd, 000293.000, 185
Trd, 000293.583, 185
Trd, 000294.567, 184
Trd, 000295.000, 184
Trd, 000295.233, 181
Trd, 000295.900, 185
Trd, 000296.467, 185
Trd, 000297.067, 192
Trd, 000297.300, 186
Trd, 000298.083, 186
Trd, 000298.133, 185
Trd, 000298.283, 183
Trd, 000299.167, 183
Trd, 000299.600, 181
Trd, 000299.917, 183
