Trd, 000001.983, 193
Trd, 000002.317, 175
Trd, 000002.500, 152
Trd, 000003.083, 141
Trd, 000003.167, 124
Trd, 000003.317, 124
Trd, 000004.150, 150
Trd, 000004.400, 131
Trd, 000004.933, 151
Trd, 000005.300, 156
Trd, 000005.333, 157
Trd, 000006.717, 155
Trd, 000007.300, 158
Trd, 000008.650, 148
Trd, 000009.017, 146
Trd, 000009.283, 148
Trd, 000009.650, 152
Trd, 000010.217, 148
Trd, 000010.267, 152
Trd, 000010.783, 147
Trd, 000011.100, 155
Trd, 000012.567, 138
Trd, 000012.583, 148
Trd, 000014.117, 143
Trd, 000014.133, 142
Trd, 000014.217, 143
Trd, 000014.333, 135
Trd, 000015.167, 142
Trd, 000016.117, 143
Trd, 000016.283, 148
Trd, 000016.767, 152
Trd, 000017.650, 160
Trd, 000018.050, 150
Trd, 000018.183, 163
Trd, 000019.433, 151
Trd, 000020.883, 153
Trd, 000021.267, 149
Trd, 000022.250, 148
Trd, 000022.650, 138
Trd, 000022.667, 149
Trd, 000023.750, 148
Trd, 000023.933, 149
Trd, 000023.967, 144
Trd, 000024.033, 149
Trd, 000024.550, 143
Trd, 000026.117, 148
Trd, 000026.250, 140
Trd, 000026.733, 148
Trd, 000027.850, 149
Trd, 000028.533, 150
Trd, 000028.633, 145
Trd, 000028.933, 151
Trd, 000029.667, 152
Trd, 000030.083, 144
Trd, 000031.533, 145
Trd, 000031.567, 148
Trd, 000031.633, 148
Trd, 000031.667, 154
Trd, 000032.733, 152
Trd, 000032.933, 162
Trd, 000034.300, 159
Trd, 000034.317, 160
Trd, 000034.750, 160
Trd, 000035.083, 161
Trd, 000035.617, 160
Trd, 000036.933, 159
Trd, 000037.317, 160
Trd, 000038.133, 153
Trd, 000038.267, 160
Trd, 000039.033, 157
Trd, 000040.150, 157
Trd, 000040.583, 159
Trd, 000040.600, 158
Trd, 000040.700, 153
Trd, 000041.467, 158
Trd, 000042.750, 155
Trd, 000042.967, 153
Trd, 000043.300, 157
Trd, 000043.883, 156
Trd, 000044.267, 140
Trd, 000044.950, 155
Trd, 000045.067, 162
Trd, 000045.400, 174
Trd, 000045.900, 157
Trd, 000046.017, 149
Trd, 000046.617, 166
Trd, 000046.983, 167
Trd, 000047.367, 164
Trd, 000048.600, 163
Trd, 000049.167, 154
Trd, 000049.667, 153
Trd, 000049.967, 152
Trd, 000050.017, 153
Trd, 000050.083, 156
Trd, 000050.317, 158
Trd, 000050.400, 140
Trd, 000051.333, 139
Trd, 000052.217, 157
Trd, 000053.217, 154
Trd, 000053.517, 143
Trd, 000054.483, 141
Trd, 000054.800, 155
Trd, 000055.267, 156
Trd, 000056.667, 153
Trd, 000057.067, 154
Trd, 000057.967, 154
Trd, 000058.017, 156
Trd, 000058.283, 157
Trd, 000058.617, 163
Trd, 000059.433, 153
Trd, 000060.683, 153
Trd, 000060.883, 152
Trd, 000061.900, 157
Trd, 000062.333, 157
Trd, 000062.967, 156
Trd, 000063.050, 157
Trd, 000063.550, 157
Trd, 000063.833, 156
Trd, 000064.300, 157
Trd, 000064.450, 164
Trd, 000065.700, 156
Trd, 000065.717, 156
Trd, 000065.833, 158
Trd, 000066.867, 156
Trd, 000067.883, 147
Trd, 000068.567, 158
Trd, 000069.333, 159
Trd, 000069.400, 153
Trd, 000069.483, 143
Trd, 000070.583, 160
Trd, 000071.533, 149
Trd, 000071.600, 154
Trd, 000072.350, 155
Trd, 000072.550, 154
Trd, 000073.317, 156
Trd, 000073.333, 157
Trd, 000074.083, 156
Trd, 000074.300, 158
Trd, 000074.333, 158
Trd, 000075.200, 165
Trd, 000075.683, 153
Trd, 000076.250, 164
Trd, 000076.833, 156
Trd, 000076.883, 155
Trd, 000077.100, 170
Trd, 000078.433, 156
Trd, 000079.300, 162
Trd, 000080.083, 166
Trd, 000080.367, 160
Trd, 000080.667, 156
Trd, 000081.733, 142
Trd, 000082.000, 135
Trd, 000082.317, 155
Trd, 000082.350, 128
Trd, 000083.383, 153
Trd, 000083.800, 154
Trd, 000084.550, 153
Trd, 000084.633, 154
Trd, 000084.767, 159
Trd, 000084.967, 146
Trd, 000085.500, 166
Trd, 000085.533, 146
Trd, 000086.183, 153
Trd, 000087.817, 157
Trd, 000088.050, 184
Trd, 000088.283, 160
Trd, 000088.917, 169
Trd, 000089.483, 170
Trd, 000090.567, 170
Trd, 000090.767, 171
Trd, 000091.283, 170
Trd, 000092.733, 154
Trd, 000093.683, 144
Trd, 000094.233, 160
Trd, 000094.750, 159
Trd, 000095.400, 158
Trd, 000095.567, 158
Trd, 000095.883, 164
Trd, 000096.083, 157
Trd, 000097.117, 158
Trd, 000097.183, 161
Trd, 000097.783, 161
Trd, 000098.017, 160
Trd, 000099.833, 160
Trd, 000099.933, 145
Trd, 000100.433, 161
Trd, 000101.167, 155
Trd, 000102.167, 156
Trd, 000102.783, 155
Trd, 000103.083, 155
Trd, 000103.500, 156
Trd, 000105.000, 155
Trd, 000105.200, 159
Trd, 000105.683, 153
Trd, 000106.967, 162
Trd, 000107.017, 146
Trd, 000107.700, 166
Trd, 000108.000, 168
Trd, 000109.767, 162
Trd, 000109.867, 161
Trd, 000110.617, 161
Trd, 000110.700, 162
Trd, 000111.217, 160
Trd, 000111.233, 162
Trd, 000111.283, 159
Trd, 000112.600, 157
Trd, 000112.900, 146
Trd, 000113.083, 159
Trd, 000113.517, 160
Trd, 000114.050, 160
Trd, 000114.317, 152
Trd, 000117.217, 162
Trd, 000117.717, 160
Trd, 000118.500, 157
Trd, 000118.900, 169
Trd, 000119.683, 168
Trd, 000119.983, 170
Trd, 000120.283, 170
Trd, 000120.417, 160
Trd, 000120.750, 170
Trd, 000120.767, 171
Trd, 000122.333, 162
Trd, 000122.733, 161
Trd, 000123.050, 146
Trd, 000123.250, 146
Trd, 000123.583, 169
Trd, 000124.483, 170
Trd, 000124.683, 170
Trd, 000126.083, 170
Trd, 000126.283, 174
Trd, 000127.533, 157
Trd, 000127.950, 159
Trd, 000129.683, 159
Trd, 000130.050, 160
Trd, 000130.483, 163
Trd, 000130.633, 164
Trd, 000131.600, 161
Trd, 000131.650, 158
Trd, 000132.617, 161
Trd, 000133.017, 156
Trd, 000133.900, 156
Trd, 000135.050, 161
Trd, 000135.067, 162
Trd, 000135.817, 170
Trd, 000136.083, 166
Trd, 000136.283, 170
Trd, 000136.850, 171
Trd, 000137.483, 176
Trd, 000137.767, 165
Trd, 000139.133, 172
Trd, 000139.567, 174
Trd, 000140.183, 173
Trd, 000140.317, 169
Trd, 000140.433, 168
Trd, 000140.467, 178
Trd, 000140.750, 164
Trd, 000141.100, 176
Trd, 000141.483, 163
Trd, 000142.250, 165
Trd, 000142.883, 157
Trd, 000143.133, 162
Trd, 000144.417, 159
Trd, 000144.600, 160
Trd, 000144.750, 163
Trd, 000147.050, 160
Trd, 000148.233, 162
Trd, 000148.367, 169
Trd, 000149.017, 159
Trd, 000149.317, 162
Trd, 000149.467, 166
Trd, 000149.567, 167
Trd, 000150.083, 162
Trd, 000150.733, 163
Trd, 000152.217, 151
Trd, 000152.267, 149
Trd, 000152.317, 154
Trd, 000154.167, 153
Trd, 000154.667, 153
Trd, 000155.217, 156
Trd, 000155.333, 166
Trd, 000156.633, 161
Trd, 000156.667, 170
Trd, 000157.467, 172
Trd, 000158.967, 169
Trd, 000159.050, 164
Trd, 000160.167, 162
Trd, 000160.583, 160
Trd, 000161.500, 151
Trd, 000161.883, 150
Trd, 000162.150, 155
Trd, 000162.550, 162
Trd, 000162.850, 159
Trd, 000164.317, 160
Trd, 000164.717, 158
Trd, 000165.383, 159
Trd, 000165.483, 167
Trd, 000166.350, 163
Trd, 000167.333, 164
Trd, 000167.567, 165
Trd, 000168.017, 178
Trd, 000168.200, 180
Trd, 000169.000, 167
Trd, 000170.333, 168
Trd, 000170.850, 167
Trd, 000171.383, 166
Trd, 000171.900, 167
Trd, 000171.917, 166
Trd, 000172.467, 166
Trd, 000172.483, 168
Trd, 000172.617, 165
Trd, 000172.967, 175
Trd, 000174.133, 163
Trd, 000174.767, 165
Trd, 000176.133, 167
Trd, 000176.917, 163
Trd, 000177.750, 164
Trd, 000178.683, 163
Trd, 000178.767, 166
Trd, 000179.000, 165
Trd, 000179.167, 163
Trd, 000179.300, 161
Trd, 000179.583, 166
Trd, 000180.050, 167
Trd, 000180.233, 155
Trd, 000180.250, 169
Trd, 000181.867, 167
Trd, 000183.433, 181
Trd, 000184.050, 166
Trd, 000184.950, 168
Trd, 000185.067, 168
Trd, 000185.283, 169
Trd, 000185.683, 172
Trd, 000185.817, 174
Trd, 000186.517, 173
Trd, 000187.250, 171
Trd, 000187.350, 178
Trd, 000188.300, 170
Trd, 000188.317, 175
Trd, 000189.717, 181
Trd, 000190.200, 181
Trd, 000190.467, 180
Trd, 000190.883, 170
Trd, 000191.300, 170
Trd, 000191.633, 177
Trd, 000192.350, 168
Trd, 000192.567, 173
Trd, 000193.050, 174
Trd, 000194.167, 155
Trd, 000194.850, 160
Trd, 000195.650, 167
Trd, 000195.683, 170
Trd, 000197.783, 165
Trd, 000198.467, 165
Trd, 000199.200, 166
Trd, 000199.750, 167
Trd, 000199.900, 168
Trd, 000200.050, 178
Trd, 000200.733, 164
Trd, 000200.867, 171
Trd, 000201.750, 168
Trd, 000201.950, 173
Trd, 000202.533, 172
Trd, 000203.850, 176
Trd, 000204.200, 178
Trd, 000204.733, 177
Trd, 000205.267, 176
Trd, 000205.417, 176
Trd, 000205.783, 173
Trd, 000205.833, 170
Trd, 000206.383, 173
Trd, 000206.517, 175
Trd, 000206.533, 155
Trd, 000207.617, 171
Trd, 000207.633, 154
Trd, 000207.783, 172
Trd, 000207.833, 179
Trd, 000208.283, 154
Trd, 000208.300, 182
Trd, 000210.250, 175
Trd, 000211.717, 171
Trd, 000212.117, 171
Trd, 000213.650, 169
Trd, 000215.117, 164
Trd, 000215.150, 165
Trd, 000215.550, 166
Trd, 000215.783, 163
Trd, 000215.883, 161
Trd, 000216.233, 155
Trd, 000216.400, 156
Trd, 000217.300, 166
Trd, 000219.117, 157
Trd, 000219.133, 167
Trd, 000219.633, 173
Trd, 000219.750, 161
Trd, 000219.800, 157
Trd, 000221.533, 163
Trd, 000222.217, 164
Trd, 000222.883, 159
Trd, 000223.050, 164
Trd, 000223.417, 149
Trd, 000223.500, 164
Trd, 000223.567, 149
Trd, 000223.683, 179
Trd, 000225.417, 166
Trd, 000227.917, 173
Trd, 000228.000, 169
Trd, 000228.150, 169
Trd, 000228.617, 173
Trd, 000231.000, 171
Trd, 000231.517, 171
Trd, 000231.833, 174
Trd, 000231.883, 170
Trd, 000232.333, 175
Trd, 000232.433, 172
Trd, 000232.800, 170
Trd, 000232.833, 159
Trd, 000233.900, 170
Trd, 000234.400, 170
Trd, 000235.633, 173
Trd, 000235.783, 167
Trd, 000236.183, 174
Trd, 000236.917, 168
Trd, 000238.067, 167
Trd, 000238.550, 172
Trd, 000238.617, 173
Trd, 000239.500, 181
Trd, 000239.533, 188
Trd, 000240.400, 178
Trd, 000240.533, 182
Trd, 000240.567, 177
Trd, 000241.000, 178
Trd, 000241.467, 177
Trd, 000241.783, 179
Trd, 000242.017, 177
Trd, 000242.217, 179
Trd, 000242.467, 178
Trd, 000242.550, 177
Trd, 000243.450, 180
Trd, 000244.583, 176
Trd, 000244.750, 179
Trd, 000245.167, 177
Trd, 000245.350, 174
Trd, 000245.517, 158
Trd, 000246.283, 166
Trd, 000247.083, 163
Trd, 000247.167, 159
Trd, 000247.367, 164
Trd, 000247.667, 164
Trd, 000247.767, 166
Trd, 000248.267, 159
Trd, 000248.800, 171
Trd, 000250.850, 166
Trd, 000251.000, 165
Trd, 000251.133, 165
Trd, 000251.217, 163
Trd, 000253.417, 169
Trd, 000253.683, 169
Trd, 000254.767, 171
Trd, 000254.850, 173
Trd, 000255.750, 169
Trd, 000256.350, 169
Trd, 000256.767, 168
Trd, 000256.950, 170
Trd, 000257.033, 167
Trd, 000257.517, 171
Trd, 000257.800, 173
Trd, 000257.833, 169
Trd, 000258.017, 168
Trd, 000258.467, 176
Trd, 000258.683, 181
Trd, 000259.083, 181
Trd, 000259.117, 177
Trd, 000259.767, 176
Trd, 000260.250, 160
Trd, 000260.317, 180
Trd, 000260.367, 177
Trd, 000260.383, 156
Trd, 000261.967, 174
Trd, 000263.100, 166
Trd, 000263.750, 168
Trd, 000264.300, 167
Trd, 000264.500, 169
Trd, 000264.867, 167
Trd, 000265.883, 168
Trd, 000266.550, 168
Trd, 000266.950, 168
Trd, 000267.100, 168
Trd, 000267.450, 165
Trd, 000267.650, 167
Trd, 000268.233, 166
Trd, 000269.667, 167
Trd, 000269.950, 167
Trd, 000270.000, 168
Trd, 000270.117, 166
Trd, 000270.467, 168
Trd, 000270.733, 178
Trd, 000271.167, 184
Trd, 000271.583, 176
Trd, 000272.283, 171
Trd, 000272.600, 172
Trd, 000273.300, 184
Trd, 000273.883, 185
Trd, 000274.017, 189
Trd, 000274.033, 168
Trd, 000274.633, 171
Trd, 000274.650, 166
Trd, 000274.833, 164
Trd, 000275.450, 178
Trd, 000275.517, 175
Trd, 000275.917, 180
Trd, 000276.567, 183
Trd, 000277.500, 178
Trd, 000277.750, 178
Trd, 000278.033, 179
Trd, 000278.600, 165
Trd, 000279.267, 170
Trd, 000279.467, 170
Trd, 000279.583, 166
Trd, 000279.733, 172
Trd, 000281.283, 167
Trd, 000282.067, 166
Trd, 000282.450, 168
Trd, 000282.667, 169
Trd, 000282.750, 172
Trd, 000283.050, 163
Trd, 000283.417, 163
Trd, 000283.950, 175
Trd, 000284.333, 163
Trd, 000284.550, 172
Trd, 000284.567, 162
Trd, 000284.783, 176
Trd, 000285.383, 160
Trd, 000286.583, 171
Trd, 000286.933, 170
Trd, 000287.150, 171
Trd, 000288.317, 172
Trd, 000289.250, 168
Trd, 000289.733, 169
Trd, 000289.750, 171
Trd, 000290.150, 170
Trd, 000290.333, 170
Trd, 000290.550, 167
Trd, 000291.550, 166
Trd, 000291.650, 170
Trd, 000291.717, 177
Trd, 000292.717, 177
Trd, 000292.950, 167
Trd, 000293.167, 165
Trd, 000293.200, 164
Trd, 000293.733, 170
Trd, 000293.917, 179
Trd, 000294.250, 180
Trd, 000294.383, 160
Trd, 000294.500, 156
Trd, 000295.183, 186
Trd, 000296.150, 171
Trd, 000296.267, 170
Trd, 000296.600, 170
Trd, 000297.217, 171
Trd, 000297.333, 170
Trd, 000297.867, 174
Trd, 000297.917, 169
Trd, 000298.033, 182
Trd, 000299.267, 178
Trd, 000299.417, 165
Trd, 000299.700, 181
