Trd, 000001.583, 141
Trd, 000003.067, 165
Trd, 000003.250, 157
Trd, 000003.550, 145
Trd, 000004.167, 157
Trd, 000005.033, 162
Trd, 000005.800, 154
Trd, 000006.433, 151
Trd, 000006.583, 149
Trd, 000006.683, 145
Trd, 000006.800, 155
Trd, 000007.567, 156
Trd, 000007.867, 166
Trd, 000008.133, 156
Trd, 000008.500, 145
Trd, 000009.000, 145
Trd, 000011.283, 150
Trd, 000011.733, 164
Trd, 000012.333, 164
Trd, 000013.000, 165
Trd, 000014.433, 152
Trd, 000014.783, 151
Trd, 000014.817, 149
Trd, 000015.667, 157
Trd, 000016.167, 147
Trd, 000016.783, 154
Trd, 000017.700, 150
Trd, 000017.833, 146
Trd, 000019.200, 151
Trd, 000019.267, 149
Trd, 000019.400, 154
Trd, 000020.150, 156
Trd, 000020.800, 148
Trd, 000021.383, 166
Trd, 000022.817, 158
Trd, 000023.200, 165
Trd, 000023.250, 153
Trd, 000023.633, 156
Trd, 000024.433, 150
Trd, 000025.067, 159
Trd, 000025.517, 165
Trd, 000027.200, 157
Trd, 000027.283, 162
Trd, 000028.050, 154
Trd, 000028.350, 151
Trd, 000028.433, 157
Trd, 000028.717, 161
Trd, 000029.233, 146
Trd, 000029.900, 149
Trd, 000030.217, 150
Trd, 000030.450, 168
Trd, 000031.150, 153
Trd, 000031.283, 152
Trd, 000031.700, 153
Trd, 000032.083, 158
Trd, 000032.133, 170
Trd, 000032.267, 151
Trd, 000033.650, 162
Trd, 000034.150, 163
Trd, 000034.633, 157
Trd, 000035.667, 155
Trd, 000036.333, 156
Trd, 000036.583, 176
Trd, 000036.783, 178
Trd, 000039.200, 163
Trd, 000039.833, 162
Trd, 000040.517, 162
Trd, 000040.800, 162
Trd, 000040.983, 155
Trd, 000041.267, 164
Trd, 000041.400, 152
Trd, 000041.717, 168
Trd, 000043.067, 169
Trd, 000045.300, 165
Trd, 000045.567, 163
Trd, 000045.583, 164
Trd, 000046.017, 159
Trd, 000046.633, 165
Trd, 000047.000, 159
Trd, 000047.500, 166
Trd, 000047.917, 167
Trd, 000048.600, 164
Trd, 000048.650, 165
Trd, 000048.983, 163
Trd, 000049.017, 158
Trd, 000049.317, 166
Trd, 000049.517, 167
Trd, 000050.117, 156
Trd, 000052.733, 163
Trd, 000053.467, 163
Trd, 000054.417, 165
Trd, 000054.650, 165
Trd, 000055.033, 167
Trd, 000055.683, 160
Trd, 000055.933, 160
Trd, 000056.517, 157
Trd, 000056.650, 167
Trd, 000056.733, 168
Trd, 000058.417, 158
Trd, 000058.567, 156
Trd, 000058.700, 154
Trd, 000059.167, 160
Trd, 000060.167, 158
Trd, 000060.533, 157
Trd, 000060.667, 158
Trd, 000060.833, 159
Trd, 000061.067, 161
Trd, 000061.083, 171
Trd, 000061.817, 174
Trd, 000062.833, 195
Trd, 000062.950, 167
Trd, 000064.417, 168
Trd, 000064.867, 171
Trd, 000066.083, 171
Trd, 000066.100, 170
Trd, 000066.500, 164
Trd, 000066.583, 161
Trd, 000067.850, 165
Trd, 000067.967, 163
Trd, 000068.083, 158
Trd, 000068.200, 166
Trd, 000068.300, 151
Trd, 000068.583, 171
Trd, 000070.567, 167
Trd, 000070.650, 159
Trd, 000072.200, 162
Trd, 000072.667, 165
Trd, 000072.700, 157
Trd, 000073.617, 155
Trd, 000073.667, 148
Trd, 000074.383, 157
Trd, 000074.633, 162
Trd, 000075.167, 152
Trd, 000076.167, 156
Trd, 000076.200, 159
Trd, 000076.583, 157
Trd, 000078.200, 157
Trd, 000078.717, 157
Trd, 000078.767, 162
Trd, 000079.617, 167
Trd, 000080.050, 173
Trd, 000080.633, 166
Trd, 000082.017, 162
Trd, 000082.033, 159
Trd, 000082.800, 156
Trd, 000083.017, 169
Trd, 000083.600, 169
Trd, 000085.217, 167
Trd, 000085.717, 174
Trd, 000086.150, 162
Trd, 000086.933, 170
Trd, 000087.017, 171
Trd, 000088.600, 161
Trd, 000089.167, 171
Trd, 000090.067, 172
Trd, 000090.467, 161
Trd, 000091.133, 160
Trd, 000092.050, 162
Trd, 000092.567, 171
Trd, 000092.783, 157
Trd, 000093.583, 160
Trd, 000094.450, 168
Trd, 000094.617, 169
Trd, 000095.117, 154
Trd, 000095.317, 173
Trd, 000095.950, 154
Trd, 000096.717, 166
Trd, 000096.867, 167
Trd, 000098.783, 172
Trd, 000099.683, 166
Trd, 000100.917, 165
Trd, 000101.683, 162
Trd, 000102.183, 160
Trd, 000102.533, 164
Trd, 000102.850, 158
Trd, 000103.067, 163
Trd, 000103.300, 165
Trd, 000103.933, 165
Trd, 000104.033, 165
Trd, 000104.683, 175
Trd, 000106.067, 172
Trd, 000106.467, 174
Trd, 000106.600, 164
Trd, 000108.267, 167
Trd, 000108.750, 167
Trd, 000108.967, 166
Trd, 000109.383, 160
Trd, 000110.067, 170
Trd, 000110.467, 155
Trd, 000110.733, 162
Trd, 000111.117, 164
Trd, 000111.300, 165
Trd, 000111.800, 175
Trd, 000112.300, 160
Trd, 000113.683, 176
Trd, 000114.350, 178
Trd, 000114.850, 177
Trd, 000114.883, 171
Trd, 000114.933, 178
Trd, 000116.483, 170
Trd, 000118.400, 170
Trd, 000118.700, 170
Trd, 000118.783, 164
Trd, 000119.400, 162
Trd, 000119.417, 171
Trd, 000119.433, 172
Trd, 000119.883, 172
Trd, 000121.417, 168
Trd, 000123.550, 172
Trd, 000123.750, 173
Trd, 000123.767, 168
Trd, 000124.100, 167
Trd, 000124.933, 177
Trd, 000124.950, 164
Trd, 000125.117, 178
Trd, 000125.250, 180
Trd, 000125.533, 186
Trd, 000125.783, 174
Trd, 000126.783, 169
Trd, 000127.133, 160
Trd, 000127.233, 170
Trd, 000129.717, 180
Trd, 000129.883, 166
Trd, 000130.500, 181
Trd, 000131.217, 182
Trd, 000132.167, 175
Trd, 000133.500, 171
Trd, 000133.750, 173
Trd, 000133.900, 176
Trd, 000134.767, 176
Trd, 000134.783, 175
Trd, 000136.283, 173
Trd, 000137.317, 175
Trd, 000137.700, 171
Trd, 000138.417, 171
Trd, 000138.550, 165
Trd, 000138.783, 176
Trd, 000139.567, 176
Trd, 000139.900, 169
Trd, 000141.383, 170
Trd, 000142.417, 173
Trd, 000143.383, 170
Trd, 000143.900, 168
Trd, 000144.167, 160
Trd, 000144.517, 176
Trd, 000145.217, 164
Trd, 000145.333, 162
Trd, 000145.783, 158
Trd, 000147.150, 157
Trd, 000147.167, 163
Trd, 000147.417, 164
Trd, 000147.517, 165
Trd, 000148.483, 156
Trd, 000148.750, 165
Trd, 000148.933, 179
Trd, 000149.633, 182
Trd, 000150.800, 165
Trd, 000150.917, 166
Trd, 000151.283, 166
Trd, 000151.717, 163
Trd, 000152.817, 177
Trd, 000154.200, 180
Trd, 000154.317, 186
Trd, 000154.517, 178
Trd, 000155.117, 173
Trd, 000156.267, 172
Trd, 000156.350, 166
Trd, 000156.533, 163
Trd, 000156.950, 174
Trd, 000158.550, 168
Trd, 000159.067, 167
Trd, 000159.783, 174
Trd, 000160.117, 176
Trd, 000160.683, 184
Trd, 000160.817, 182
Trd, 000162.667, 174
Trd, 000162.983, 174
Trd, 000163.000, 177
Trd, 000163.317, 164
Trd, 000163.617, 161
Trd, 000163.767, 167
Trd, 000164.617, 179
Trd, 000164.833, 181
Trd, 000166.383, 167
Trd, 000167.300, 161
Trd, 000167.867, 168
Trd, 000168.817, 177
Trd, 000169.467, 176
Trd, 000169.617, 177
Trd, 000169.983, 170
Trd, 000170.083, 171
Trd, 000170.567, 177
Trd, 000170.817, 176
Trd, 000171.567, 167
Trd, 000171.867, 181
Trd, 000172.117, 171
Trd, 000174.233, 173
Trd, 000174.267, 176
Trd, 000174.950, 174
Trd, 000175.350, 181
Trd, 000175.817, 170
Trd, 000175.833, 177
Trd, 000175.983, 168
Trd, 000176.617, 180
Trd, 000177.083, 181
Trd, 000178.600, 166
Trd, 000178.650, 181
Trd, 000179.850, 173
Trd, 000180.733, 180
Trd, 000180.850, 169
Trd, 000180.983, 181
Trd, 000181.100, 183
Trd, 000181.283, 193
Trd, 000183.333, 180
Trd, 000183.883, 178
Trd, 000184.367, 178
Trd, 000184.583, 177
Trd, 000184.633, 178
Trd, 000185.400, 178
Trd, 000185.583, 181
Trd, 000185.833, 176
Trd, 000186.900, 185
Trd, 000187.483, 176
Trd, 000187.967, 169
Trd, 000188.583, 183
Trd, 000188.867, 183
Trd, 000189.467, 176
Trd, 000190.017, 167
Trd, 000190.467, 181
Trd, 000192.067, 179
Trd, 000192.333, 177
Trd, 000193.250, 180
Trd, 000193.950, 184
Trd, 000194.183, 177
Trd, 000195.150, 185
Trd, 000195.300, 187
Trd, 000195.450, 194
Trd, 000196.567, 183
Trd, 000196.783, 183
Trd, 000197.000, 182
Trd, 000197.450, 177
Trd, 000197.467, 170
Trd, 000197.967, 168
Trd, 000199.050, 175
Trd, 000199.600, 179
Trd, 000199.617, 175
Trd, 000199.833, 177
Trd, 000200.217, 177
Trd, 000200.250, 178
Trd, 000200.450, 185
Trd, 000202.683, 178
Trd, 000203.167, 175
Trd, 000203.483, 188
Trd, 000204.567, 174
Trd, 000204.917, 178
Trd, 000205.167, 180
Trd, 000206.133, 176
Trd, 000207.817, 176
Trd, 000207.933, 178
Trd, 000208.133, 171
Trd, 000208.317, 179
Trd, 000208.567, 168
Trd, 000209.000, 184
Trd, 000209.817, 181
Trd, 000210.167, 180
Trd, 000211.467, 175
Trd, 000211.667, 181
Trd, 000211.800, 186
Trd, 000214.983, 175
Trd, 000215.450, 174
Trd, 000215.933, 172
Trd, 000216.050, 177
Trd, 000216.100, 169
Trd, 000216.250, 180
Trd, 000216.833, 166
Trd, 000218.117, 185
Trd, 000218.550, 170
Trd, 000220.517, 185
Trd, 000221.050, 181
Trd, 000221.317, 180
Trd, 000222.033, 182
Trd, 000222.200, 179
Trd, 000222.817, 182
Trd, 000223.083, 181
Trd, 000223.283, 178
Trd, 000225.283, 181
Trd, 000225.683, 181
Trd, 000226.300, 179
Trd, 000226.967, 177
Trd, 000227.167, 170
Trd, 000228.700, 180
Trd, 000229.267, 179
Trd, 000229.950, 174
Trd, 000230.050, 179
Trd, 000230.750, 180
Trd, 000232.933, 185
Trd, 000233.000, 187
Trd, 000233.083, 181
Trd, 000234.333, 181
Trd, 000234.350, 187
Trd, 000234.400, 187
Trd, 000234.450, 181
Trd, 000235.600, 185
Trd, 000236.100, 181
Trd, 000236.283, 181
Trd, 000236.417, 175
Trd, 000237.833, 181
Trd, 000239.033, 183
Trd, 000239.667, 189
Trd, 000239.850, 186
Trd, 000240.717, 187
Trd, 000240.850, 187
Trd, 000241.150, 188
Trd, 000241.683, 191
Trd, 000241.750, 189
Trd, 000242.400, 185
Trd, 000242.933, 187
Trd, 000243.017, 172
Trd, 000243.033, 168
Trd, 000243.683, 186
Trd, 000244.683, 185
Trd, 000245.150, 186
Trd, 000245.733, 186
Trd, 000246.133, 182
Trd, 000246.367, 186
Trd, 000247.450, 180
Trd, 000247.550, 175
Trd, 000247.883, 183
Trd, 000247.967, 184
Trd, 000247.983, 186
Trd, 000248.433, 185
Trd, 000248.450, 186
Trd, 000248.783, 189
Trd, 000248.967, 178
Trd, 000249.083, 173
Trd, 000249.283, 169
Trd, 000250.450, 185
Trd, 000250.817, 183
Trd, 000252.000, 184
Trd, 000252.317, 182
Trd, 000252.667, 181
Trd, 000252.917, 176
Trd, 000253.283, 173
Trd, 000254.750, 175
Trd, 000254.967, 173
Trd, 000254.983, 174
Trd, 000255.017, 175
Trd, 000255.267, 173
Trd, 000255.550, 176
Trd, 000255.583, 177
Trd, 000256.367, 176
Trd, 000256.717, 176
Trd, 000256.833, 187
Trd, 000257.067, 173
Trd, 000257.967, 185
Trd, 000258.267, 189
Trd, 000258.617, 188
Trd, 000258.683, 189
Trd, 000259.200, 180
Trd, 000259.733, 186
Trd, 000260.250, 193
Trd, 000261.317, 182
Trd, 000262.133, 174
Trd, 000262.683, 184
Trd, 000263.033, 174
Trd, 000263.667, 175
Trd, 000263.983, 176
Trd, 000264.317, 182
Trd, 000264.700, 185
Trd, 000266.150, 176
Trd, 000266.250, 177
Trd, 000266.467, 179
Trd, 000266.817, 174
Trd, 000267.633, 182
Trd, 000268.083, 176
Trd, 000268.367, 176
Trd, 000268.567, 178
Trd, 000270.467, 190
Trd, 000270.717, 192
Trd, 000270.867, 193
Trd, 000271.183, 197
Trd, 000272.150, 192
Trd, 000272.200, 198
Trd, 000272.400, 195
Trd, 000272.833, 190
Trd, 000272.900, 185
Trd, 000273.683, 187
Trd, 000273.933, 178
Trd, 000274.600, 187
Trd, 000274.767, 183
Trd, 000274.967, 183
Trd, 000275.417, 186
Trd, 000275.983, 187
Trd, 000276.100, 183
Trd, 000276.117, 177
Trd, 000276.467, 189
Trd, 000276.783, 184
Trd, 000276.817, 175
Trd, 000277.583, 178
Trd, 000277.650, 182
Trd, 000278.067, 185
Trd, 000278.717, 189
Trd, 000279.483, 183
Trd, 000280.433, 178
Trd, 000281.767, 179
Trd, 000282.117, 178
Trd, 000282.200, 180
Trd, 000282.433, 178
Trd, 000282.883, 181
Trd, 000282.917, 177
Trd, 000283.433, 189
Trd, 000284.150, 176
Trd, 000285.050, 182
Trd, 000285.400, 175
Trd, 000285.550, 174
Trd, 000285.617, 178
Trd, 000285.767, 179
Trd, 000286.083, 170
Trd, 000286.150, 180
Trd, 000287.300, 181
Trd, 000287.750, 189
Trd, 000287.817, 190
Trd, 000288.133, 193
Trd, 000288.550, 191
Trd, 000289.067, 194
Trd, 000289.533, 187
Trd, 000289.800, 194
Trd, 000290.383, 192
Trd, 000290.500, 182
Trd, 000290.783, 180
Trd, 000291.050, 191
Trd, 000291.867, 181
Trd, 000292.450, 190
Trd, 000292.517, 191
Trd, 000293.350, 181
Trd, 000293.950, 180
Trd, 000294.450, 180
Trd, 000294.483, 179
Trd, 000294.517, 178
Trd, 000295.050, 173
Trd, 000295.133, 182
Trd, 000295.367, 177
Trd, 000295.700, 183
Trd, 000296.033, 177
Trd, 000296.200, 183
Trd, 000296.350, 182
Trd, 000296.967, 181
Trd, 000297.383, 170
Trd, 000298.700, 156
Trd, 000298.767, 162
Trd, 000298.967, 164
Trd, 000299.033, 166
Trd, 000299.583, 180
