Trd, 000001.267, 182
Trd, 000003.100, 139
Trd, 000004.350, 165
Trd, 000005.217, 168
Trd, 000005.550, 167
Trd, 000005.833, 165
Trd, 000007.033, 150
Trd, 000007.117, 151
Trd, 000007.767, 151
Trd, 000008.200, 150
Trd, 000008.667, 148
Trd, 000009.850, 148
Trd, 000009.933, 149
Trd, 000009.983, 150
Trd, 000010.433, 152
Trd, 000011.250, 147
Trd, 000011.383, 150
Trd, 000012.150, 150
Trd, 000012.517, 150
Trd, 000013.367, 150
Trd, 000014.267, 149
Trd, 000014.283, 149
Trd, 000014.317, 149
Trd, 000014.683, 149
Trd, 000015.117, 150
Trd, 000016.150, 147
Trd, 000016.183, 150
Trd, 000016.533, 135
Trd, 000018.383, 150
Trd, 000018.717, 151
Trd, 000019.250, 150
Trd, 000020.000, 150
Trd, 000020.067, 149
Trd, 000020.200, 148
Trd, 000020.233, 149
Trd, 000020.267, 151
Trd, 000020.883, 164
Trd, 000021.783, 153
Trd, 000022.817, 151
Trd, 000023.500, 151
Trd, 000023.800, 155
Trd, 000024.367, 150
Trd, 000024.433, 147
Trd, 000024.550, 147
Trd, 000024.650, 145
Trd, 000025.350, 153
Trd, 000026.017, 146
Trd, 000026.750, 146
Trd, 000027.033, 143
Trd, 000027.183, 146
Trd, 000027.367, 143
Trd, 000027.733, 146
Trd, 000028.117, 147
Trd, 000028.317, 148
Trd, 000028.383, 150
Trd, 000029.367, 151
Trd, 000029.400, 144
Trd, 000030.567, 144
Trd, 000032.483, 140
Trd, 000032.667, 138
Trd, 000032.933, 137
Trd, 000033.333, 138
Trd, 000033.917, 139
Trd, 000034.267, 140
Trd, 000034.517, 135
Trd, 000034.700, 141
Trd, 000035.050, 144
Trd, 000035.250, 147
Trd, 000035.617, 152
Trd, 000036.800, 152
Trd, 000037.450, 150
Trd, 000037.917, 151
Trd, 000038.533, 151
Trd, 000038.917, 150
Trd, 000039.283, 153
Trd, 000039.617, 151
Trd, 000039.817, 148
Trd, 000040.500, 151
Trd, 000040.950, 154
Trd, 000042.350, 150
Trd, 000043.067, 151
Trd, 000043.217, 150
Trd, 000043.367, 151
Trd, 000043.567, 153
Trd, 000043.967, 152
Trd, 000043.983, 143
Trd, 000044.233, 146
Trd, 000044.717, 153
Trd, 000045.617, 151
Trd, 000046.233, 152
Trd, 000046.933, 150
Trd, 000047.700, 149
Trd, 000048.250, 149
Trd, 000049.150, 149
Trd, 000049.317, 149
Trd, 000049.400, 151
Trd, 000049.683, 148
Trd, 000049.717, 138
Trd, 000050.183, 131
Trd, 000050.500, 155
Trd, 000050.650, 156
Trd, 000050.900, 125
Trd, 000051.183, 160
Trd, 000052.133, 159
Trd, 000052.250, 166
Trd, 000053.100, 156
Trd, 000054.067, 159
Trd, 000054.367, 174
Trd, 000055.917, 160
Trd, 000056.050, 160
Trd, 000056.383, 159
Trd, 000056.583, 158
Trd, 000057.117, 158
Trd, 000058.217, 156
Trd, 000058.600, 155
Trd, 000058.633, 156
Trd, 000058.933, 153
Trd, 000059.633, 156
Trd, 000060.200, 155
Trd, 000060.983, 154
Trd, 000061.000, 154
Trd, 000061.200, 155
Trd, 000062.100, 154
Trd, 000062.583, 153
Trd, 000062.783, 153
Trd, 000063.183, 154
Trd, 000063.750, 152
Trd, 000064.017, 155
Trd, 000065.417, 155
Trd, 000065.667, 155
Trd, 000066.583, 155
Trd, 000067.517, 152
Trd, 000068.300, 153
Trd, 000068.717, 152
Trd, 000069.250, 151
Trd, 000069.533, 152
Trd, 000069.600, 151
Trd, 000069.650, 153
Trd, 000070.817, 153
Trd, 000071.400, 152
Trd, 000071.883, 153
Trd, 000071.933, 158
Trd, 000072.617, 157
Trd, 000073.883, 155
Trd, 000074.083, 155
Trd, 000074.350, 154
Trd, 000074.733, 155
Trd, 000074.767, 154
Trd, 000075.167, 153
Trd, 000076.217, 156
Trd, 000076.417, 153
Trd, 000076.817, 154
Trd, 000077.350, 156
Trd, 000077.633, 154
Trd, 000079.133, 152
Trd, 000079.617, 152
Trd, 000079.800, 155
Trd, 000081.033, 154
Trd, 000081.200, 152
Trd, 000081.550, 152
Trd, 000081.817, 152
Trd, 000081.883, 153
Trd, 000082.233, 159
Trd, 000082.750, 153
Trd, 000083.750, 140
Trd, 000083.883, 149
Trd, 000084.767, 147
Trd, 000085.800, 143
Trd, 000086.250, 147
Trd, 000086.300, 148
Trd, 000087.233, 163
Trd, 000087.367, 148
Trd, 000088.783, 156
Trd, 000089.817, 154
Trd, 000089.983, 153
Trd, 000090.183, 153
Trd, 000090.317, 154
Trd, 000090.450, 152
Trd, 000091.833, 151
Trd, 000092.017, 153
Trd, 000092.067, 141
Trd, 000092.117, 153
Trd, 000092.767, 155
Trd, 000092.933, 156
Trd, 000093.300, 152
Trd, 000093.483, 149
Trd, 000094.883, 153
Trd, 000095.550, 154
Trd, 000095.900, 157
Trd, 000096.817, 155
Trd, 000097.150, 155
Trd, 000097.167, 158
Trd, 000097.417, 158
Trd, 000097.783, 157
Trd, 000097.983, 158
Trd, 000098.567, 159
Trd, 000099.100, 160
Trd, 000099.933, 158
Trd, 000100.350, 159
Trd, 000100.617, 158
Trd, 000101.133, 158
Trd, 000101.750, 156
Trd, 000103.733, 157
Trd, 000104.117, 157
Trd, 000104.283, 157
Trd, 000104.483, 159
Trd, 000104.783, 156
Trd, 000104.867, 161
Trd, 000105.850, 158
Trd, 000107.033, 155
Trd, 000107.317, 156
Trd, 000107.367, 155
Trd, 000107.600, 157
Trd, 000108.567, 155
Trd, 000109.600, 153
Trd, 000109.667, 152
Trd, 000110.733, 163
Trd, 000110.783, 162
Trd, 000111.200, 167
Trd, 000111.500, 162
Trd, 000112.800, 160
Trd, 000113.150, 162
Trd, 000113.933, 161
Trd, 000114.767, 160
Trd, 000115.317, 162
Trd, 000115.683, 159
Trd, 000115.950, 160
Trd, 000116.117, 161
Trd, 000117.250, 161
Trd, 000117.633, 160
Trd, 000117.900, 161
Trd, 000118.483, 161
Trd, 000118.883, 161
Trd, 000118.950, 161
Trd, 000119.017, 163
Trd, 000119.700, 164
Trd, 000119.900, 160
Trd, 000121.117, 160
Trd, 000121.167, 161
Trd, 000121.483, 158
Trd, 000121.750, 162
Trd, 000121.783, 163
Trd, 000122.050, 159
Trd, 000123.150, 162
Trd, 000123.483, 162
Trd, 000124.100, 163
Trd, 000124.533, 164
Trd, 000125.217, 163
Trd, 000125.717, 163
Trd, 000126.350, 162
Trd, 000126.517, 164
Trd, 000127.033, 164
Trd, 000127.617, 162
Trd, 000128.383, 164
Trd, 000128.667, 163
Trd, 000128.750, 164
Trd, 000129.700, 161
Trd, 000131.383, 157
Trd, 000131.500, 157
Trd, 000131.817, 158
Trd, 000131.867, 157
Trd, 000132.217, 158
Trd, 000133.367, 153
Trd, 000134.217, 151
Trd, 000134.633, 153
Trd, 000134.883, 154
Trd, 000135.150, 154
Trd, 000135.817, 147
Trd, 000135.983, 156
Trd, 000137.150, 154
Trd, 000137.267, 155
Trd, 000137.317, 156
Trd, 000137.400, 157
Trd, 000137.467, 152
Trd, 000138.683, 159
Trd, 000138.800, 161
Trd, 000139.483, 161
Trd, 000141.133, 154
Trd, 000141.183, 154
Trd, 000141.233, 153
Trd, 000141.383, 155
Trd, 000143.133, 154
Trd, 000143.400, 153
Trd, 000143.600, 153
Trd, 000143.883, 155
Trd, 000146.283, 158
Trd, 000146.617, 159
Trd, 000146.733, 158
Trd, 000146.933, 154
Trd, 000147.017, 158
Trd, 000147.833, 153
Trd, 000148.100, 157
Trd, 000149.100, 155
Trd, 000149.183, 156
Trd, 000149.533, 156
Trd, 000149.867, 159
Trd, 000150.133, 157
Trd, 000150.167, 159
Trd, 000151.567, 159
Trd, 000153.300, 159
Trd, 000153.917, 159
Trd, 000154.067, 159
Trd, 000154.867, 159
Trd, 000154.883, 161
Trd, 000154.917, 155
Trd, 000155.083, 163
Trd, 000155.233, 156
Trd, 000155.383, 184
Trd, 000156.833, 168
Trd, 000156.933, 166
Trd, 000156.950, 164
Trd, 000158.217, 151
Trd, 000158.333, 159
Trd, 000158.700, 158
Trd, 000159.417, 157
Trd, 000159.533, 158
Trd, 000160.233, 155
Trd, 000160.250, 157
Trd, 000160.733, 157
Trd, 000160.917, 157
Trd, 000161.383, 159
Trd, 000161.683, 157
Trd, 000162.767, 157
Trd, 000163.150, 157
Trd, 000163.200, 155
Trd, 000163.550, 159
Trd, 000164.250, 159
Trd, 000164.983, 160
Trd, 000165.417, 163
Trd, 000165.550, 161
Trd, 000166.567, 163
Trd, 000166.833, 161
Trd, 000167.117, 165
Trd, 000167.333, 168
Trd, 000167.733, 172
Trd, 000169.217, 175
Trd, 000169.533, 181
Trd, 000170.767, 175
Trd, 000170.850, 176
Trd, 000171.100, 179
Trd, 000171.517, 172
Trd, 000172.233, 179
Trd, 000172.300, 179
Trd, 000173.467, 174
Trd, 000173.733, 173
Trd, 000173.850, 178
Trd, 000175.400, 174
Trd, 000176.417, 173
Trd, 000176.550, 173
Trd, 000177.133, 173
Trd, 000177.417, 172
Trd, 000177.783, 172
Trd, 000178.017, 171
Trd, 000178.067, 165
Trd, 000178.150, 173
Trd, 000178.483, 162
Trd, 000178.600, 173
Trd, 000180.200, 152
Trd, 000180.567, 160
Trd, 000181.083, 162
Trd, 000181.100, 166
Trd, 000181.667, 167
Trd, 000182.617, 167
Trd, 000183.083, 167
Trd, 000184.800, 167
Trd, 000185.117, 168
Trd, 000185.467, 167
Trd, 000186.100, 167
Trd, 000187.600, 166
Trd, 000188.233, 167
Trd, 000188.450, 167
Trd, 000188.467, 168
Trd, 000189.350, 169
Trd, 000190.267, 167
Trd, 000190.367, 167
Trd, 000190.450, 166
Trd, 000191.433, 166
Trd, 000191.567, 167
Trd, 000191.867, 165
Trd, 000191.883, 165
Trd, 000192.750, 166
Trd, 000193.800, 170
Trd, 000194.333, 167
Trd, 000194.767, 166
Trd, 000195.050, 169
Trd, 000195.517, 170
Trd, 000195.650, 167
Trd, 000197.433, 171
Trd, 000197.667, 168
Trd, 000198.633, 173
Trd, 000199.067, 174
Trd, 000199.183, 171
Trd, 000199.350, 170
Trd, 000199.567, 169
Trd, 000200.017, 168
Trd, 000200.183, 168
Trd, 000200.750, 164
Trd, 000200.867, 166
Trd, 000200.967, 167
Trd, 000202.350, 166
Trd, 000202.900, 164
Trd, 000203.617, 155
Trd, 000204.400, 160
Trd, 000204.450, 163
Trd, 000205.283, 160
Trd, 000205.350, 162
Trd, 000206.567, 160
Trd, 000207.067, 163
Trd, 000207.567, 163
Trd, 000207.617, 168
Trd, 000208.467, 164
Trd, 000209.400, 166
Trd, 000209.850, 165
Trd, 000209.900, 169
Trd, 000210.117, 165
Trd, 000211.667, 165
Trd, 000212.067, 166
Trd, 000212.250, 166
Trd, 000213.183, 167
Trd, 000213.733, 168
Trd, 000215.500, 168
Trd, 000215.517, 169
Trd, 000215.733, 168
Trd, 000215.783, 167
Trd, 000216.067, 169
Trd, 000216.300, 171
Trd, 000216.517, 168
Trd, 000217.550, 167
Trd, 000217.650, 165
Trd, 000218.700, 166
Trd, 000219.267, 165
Trd, 000219.367, 166
Trd, 000219.417, 165
Trd, 000220.167, 163
Trd, 000220.517, 163
Trd, 000220.683, 157
Trd, 000220.900, 165
Trd, 000221.167, 167
Trd, 000222.217, 172
Trd, 000222.683, 171
Trd, 000222.917, 170
Trd, 000223.350, 170
Trd, 000225.050, 172
Trd, 000225.283, 171
Trd, 000225.317, 170
Trd, 000225.567, 168
Trd, 000225.850, 172
Trd, 000226.800, 170
Trd, 000227.267, 172
Trd, 000227.483, 173
Trd, 000228.350, 171
Trd, 000228.567, 171
Trd, 000228.733, 171
Trd, 000229.100, 171
Trd, 000229.200, 171
Trd, 000229.350, 170
Trd, 000230.300, 169
Trd, 000231.250, 167
Trd, 000232.000, 165
Trd, 000232.533, 164
Trd, 000233.067, 164
Trd, 000233.350, 166
Trd, 000233.967, 165
Trd, 000234.633, 167
Trd, 000235.150, 166
Trd, 000236.000, 170
Trd, 000236.333, 167
Trd, 000237.467, 171
Trd, 000237.550, 174
Trd, 000237.767, 178
Trd, 000237.850, 179
Trd, 000238.983, 182
Trd, 000239.333, 181
Trd, 000240.033, 181
Trd, 000240.750, 180
Trd, 000240.933, 179
Trd, 000241.333, 176
Trd, 000241.450, 174
Trd, 000242.050, 172
Trd, 000242.200, 172
Trd, 000242.800, 169
Trd, 000243.167, 171
Trd, 000243.317, 172
Trd, 000243.417, 173
Trd, 000243.717, 171
Trd, 000244.683, 169
Trd, 000245.100, 167
Trd, 000245.683, 168
Trd, 000246.083, 171
Trd, 000246.967, 168
Trd, 000247.383, 166
Trd, 000247.483, 166
Trd, 000248.417, 167
Trd, 000248.450, 167
Trd, 000248.467, 165
Trd, 000248.650, 162
Trd, 000249.650, 166
Trd, 000249.900, 165
Trd, 000250.000, 167
Trd, 000250.400, 168
Trd, 000250.483, 169
Trd, 000251.133, 169
Trd, 000251.833, 173
Trd, 000251.850, 176
Trd, 000252.533, 174
Trd, 000252.633, 173
Trd, 000253.433, 172
Trd, 000254.233, 167
Trd, 000254.283, 168
Trd, 000254.617, 170
Trd, 000255.000, 171
Trd, 000255.083, 171
Trd, 000256.383, 170
Trd, 000256.500, 169
Trd, 000257.083, 172
Trd, 000257.117, 170
Trd, 000257.400, 169
Trd, 000257.467, 174
Trd, 000258.483, 181
Trd, 000259.100, 172
Trd, 000259.600, 177
Trd, 000260.800, 175
Trd, 000260.817, 174
Trd, 000261.367, 174
Trd, 000261.617, 174
Trd, 000261.933, 175
Trd, 000262.117, 172
Trd, 000262.350, 174
Trd, 000262.400, 173
Trd, 000262.983, 177
Trd, 000263.150, 175
Trd, 000263.833, 176
Trd, 000264.867, 176
Trd, 000265.050, 176
Trd, 000265.083, 177
Trd, 000265.833, 174
Trd, 000265.883, 171
Trd, 000266.083, 170
Trd, 000266.550, 173
Trd, 000267.350, 170
Trd, 000267.617, 171
Trd, 000268.217, 170
Trd, 000269.250, 170
Trd, 000269.383, 172
Trd, 000269.767, 174
Trd, 000270.067, 171
Trd, 000270.667, 174
Trd, 000271.017, 173
Trd, 000271.217, 174
Trd, 000271.550, 174
Trd, 000273.300, 173
Trd, 000273.333, 174
Trd, 000273.950, 171
Trd, 000274.583, 173
Trd, 000274.733, 171
Trd, 000275.983, 174
Trd, 000276.217, 170
Trd, 000276.833, 172
Trd, 000277.200, 171
Trd, 000277.417, 172
Trd, 000277.950, 172
Trd, 000278.133, 170
Trd, 000279.017, 172
Trd, 000279.683, 173
Trd, 000279.717, 174
Trd, 000279.800, 170
Trd, 000280.550, 175
Trd, 000280.600, 173
Trd, 000281.117, 173
Trd, 000281.250, 174
Trd, 000281.367, 176
Trd, 000282.067, 175
Trd, 000282.450, 177
Trd, 000282.800, 176
Trd, 000283.567, 176
Trd, 000283.600, 172
Trd, 000284.683, 177
Trd, 000285.083, 175
Trd, 000285.200, 176
Trd, 000285.417, 174
Trd, 000285.733, 175
Trd, 000286.067, 174
Trd, 000286.550, 176
Trd, 000286.633, 178
Trd, 000287.967, 176
Trd, 000288.017, 178
Trd, 000288.167, 172
Trd, 000288.267, 179
Trd, 000288.567, 170
Trd, 000289.167, 182
Trd, 000289.250, 181
Trd, 000289.700, 184
Trd, 000290.033, 179
Trd, 000290.117, 179
Trd, 000290.683, 180
Trd, 000290.900, 187
Trd, 000290.933, 178
Trd, 000291.650, 177
Trd, 000291.767, 186
Trd, 000291.967, 174
Trd, 000292.883, 184
Trd, 000293.500, 183
Trd, 000293.550, 183
Trd, 000294.367, 177
Trd, 000294.533, 184
Trd, 000294.767, 175
Trd, 000296.217, 179
Trd, 000296.383, 175
Trd, 000296.767, 174
Trd, 000297.500, 174
Trd, 000297.617, 174
Trd, 000297.717, 175
Trd, 000298.533, 177
Trd, 000299.200, 174
Trd, 000299.333, 174
Trd, 000299.467, 175
Trd, 000299.650, 176
Trd, 000299.900, 167
