Trd, 000001.483, 200
Trd, 000002.067, 196
Trd, 000002.950, 172
Trd, 000003.150, 189
Trd, 000004.333, 168
Trd, 000004.600, 167
Trd, 000005.150, 182
Trd, 000005.450, 158
Trd, 000006.367, 159
Trd, 000006.617, 162
Trd, 000007.983, 166
Trd, 000008.733, 162
Trd, 000009.233, 162
Trd, 000009.383, 169
Trd, 000009.683, 173
Trd, 000010.033, 161
Trd, 000010.850, 169
Trd, 000011.433, 168
Trd, 000011.800, 161
Trd, 000012.267, 161
Trd, 000012.717, 156
Trd, 000013.433, 152
Trd, 000013.500, 153
Trd, 000014.500, 147
Trd, 000015.067, 148
Trd, 000015.467, 145
Trd, 000015.700, 145
Trd, 000015.733, 145
Trd, 000016.000, 147
Trd, 000016.933, 156
Trd, 000017.183, 161
Trd, 000018.733, 174
Trd, 000018.817, 180
Trd, 000019.767, 167
Trd, 000019.817, 164
Trd, 000019.933, 180
Trd, 000020.783, 164
Trd, 000021.133, 177
Trd, 000021.633, 165
Trd, 000021.683, 172
Trd, 000021.933, 178
Trd, 000022.083, 180
Trd, 000022.200, 164
Trd, 000023.350, 172
Trd, 000024.450, 163
Trd, 000024.833, 163
Trd, 000025.467, 164
Trd, 000025.667, 169
Trd, 000026.767, 170
Trd, 000027.233, 172
Trd, 000027.817, 165
Trd, 000028.350, 169
Trd, 000028.533, 165
Trd, 000028.983, 165
Trd, 000030.050, 165
Trd, 000030.383, 164
Trd, 000030.900, 154
Trd, 000031.550, 164
Trd, 000031.633, 165
Trd, 000032.017, 166
Trd, 000032.350, 159
Trd, 000033.117, 159
Trd, 000033.433, 158
Trd, 000034.300, 164
Trd, 000034.750, 158
Trd, 000035.117, 158
Trd, 000035.833, 157
Trd, 000036.617, 156
Trd, 000036.800, 157
Trd, 000036.817, 159
Trd, 000037.950, 160
Trd, 000038.650, 167
Trd, 000039.300, 159
Trd, 000039.450, 165
Trd, 000039.717, 169
Trd, 000039.883, 175
Trd, 000040.250, 159
Trd, 000040.400, 175
Trd, 000040.683, 161
Trd, 000042.850, 166
Trd, 000042.967, 169
Trd, 000043.417, 169
Trd, 000043.517, 169
Trd, 000045.200, 168
Trd, 000045.617, 167
Trd, 000045.717, 166
Trd, 000045.733, 165
Trd, 000046.617, 165
Trd, 000046.850, 170
Trd, 000047.283, 165
Trd, 000047.783, 175
Trd, 000048.800, 177
Trd, 000049.833, 174
Trd, 000050.717, 169
Trd, 000051.467, 169
Trd, 000051.833, 169
Trd, 000052.017, 171
Trd, 000052.367, 168
Trd, 000052.483, 168
Trd, 000052.667, 170
Trd, 000052.833, 173
Trd, 000053.767, 173
Trd, 000054.017, 168
Trd, 000054.583, 176
Trd, 000055.150, 167
Trd, 000056.483, 167
Trd, 000057.350, 167
Trd, 000058.067, 166
Trd, 000058.467, 171
Trd, 000059.517, 168
Trd, 000059.750, 169
Trd, 000060.750, 168
Trd, 000060.767, 170
Trd, 000061.067, 168
Trd, 000061.200, 168
Trd, 000062.183, 171
Trd, 000062.717, 172
Trd, 000062.750, 165
Trd, 000063.533, 167
Trd, 000063.700, 170
Trd, 000063.983, 171
Trd, 000065.233, 168
Trd, 000065.400, 169
Trd, 000065.700, 167
Trd, 000066.800, 169
Trd, 000067.283, 168
Trd, 000067.483, 168
Trd, 000067.700, 162
Trd, 000067.750, 170
Trd, 000068.133, 164
Trd, 000068.917, 163
Trd, 000069.917, 163
Trd, 000071.183, 168
Trd, 000071.817, 169
Trd, 000072.050, 172
Trd, 000072.700, 179
Trd, 000073.667, 163
Trd, 000074.217, 164
Trd, 000074.767, 170
Trd, 000075.050, 162
Trd, 000075.517, 169
Trd, 000075.783, 161
Trd, 000076.500, 163
Trd, 000076.800, 169
Trd, 000077.933, 163
Trd, 000078.667, 162
Trd, 000079.400, 163
Trd, 000079.467, 166
Trd, 000079.550, 173
Trd, 000080.200, 163
Trd, 000080.717, 164
Trd, 000081.333, 163
Trd, 000081.450, 162
Trd, 000082.450, 149
Trd, 000082.817, 164
Trd, 000083.633, 149
Trd, 000084.700, 152
Trd, 000084.917, 153
Trd, 000085.300, 154
Trd, 000085.517, 156
Trd, 000087.283, 157
Trd, 000087.367, 160
Trd, 000087.833, 173
Trd, 000088.800, 162
Trd, 000088.933, 163
Trd, 000089.250, 164
Trd, 000089.817, 164
Trd, 000089.850, 174
Trd, 000090.383, 161
Trd, 000090.917, 180
Trd, 000091.600, 166
Trd, 000092.067, 175
Trd, 000092.783, 169
Trd, 000093.133, 170
Trd, 000094.717, 172
Trd, 000095.083, 171
Trd, 000095.267, 171
Trd, 000095.683, 173
Trd, 000096.833, 173
Trd, 000097.317, 174
Trd, 000097.400, 171
Trd, 000097.817, 171
Trd, 000098.300, 165
Trd, 000099.217, 169
Trd, 000099.350, 170
Trd, 000099.983, 165
Trd, 000100.000, 175
Trd, 000100.883, 165
Trd, 000101.817, 167
Trd, 000101.967, 168
Trd, 000102.100, 171
Trd, 000102.350, 166
Trd, 000102.767, 163
Trd, 000102.933, 181
Trd, 000104.900, 172
Trd, 000105.950, 166
Trd, 000107.300, 170
Trd, 000107.317, 171
Trd, 000107.683, 167
Trd, 000108.967, 169
Trd, 000109.983, 171
Trd, 000110.450, 171
Trd, 000110.617, 172
Trd, 000110.633, 170
Trd, 000110.767, 168
Trd, 000112.850, 166
Trd, 000112.983, 167
Trd, 000114.600, 166
Trd, 000114.883, 165
Trd, 000115.133, 167
Trd, 000115.533, 165
Trd, 000116.483, 166
Trd, 000116.717, 167
Trd, 000116.800, 164
Trd, 000116.967, 176
Trd, 000117.800, 163
Trd, 000118.117, 165
Trd, 000118.217, 162
Trd, 000118.250, 166
Trd, 000119.750, 167
Trd, 000119.950, 179
Trd, 000119.983, 184
Trd, 000122.233, 172
Trd, 000122.717, 172
Trd, 000122.833, 174
Trd, 000122.867, 171
Trd, 000123.000, 170
Trd, 000123.867, 163
Trd, 000124.383, 166
Trd, 000124.900, 166
Trd, 000125.050, 167
Trd, 000125.983, 166
Trd, 000126.467, 167
Trd, 000126.750, 165
Trd, 000128.450, 163
Trd, 000128.767, 162
Trd, 000128.933, 168
Trd, 000129.617, 177
Trd, 000129.700, 164
Trd, 000129.917, 178
Trd, 000130.650, 178
Trd, 000131.733, 168
Trd, 000133.800, 170
Trd, 000134.050, 169
Trd, 000134.233, 169
Trd, 000134.367, 167
Trd, 000134.533, 169
Trd, 000134.650, 172
Trd, 000135.100, 175
Trd, 000135.150, 166
Trd, 000135.733, 175
Trd, 000136.200, 178
Trd, 000136.717, 166
Trd, 000137.033, 186
Trd, 000137.833, 170
Trd, 000138.500, 181
Trd, 000139.650, 180
Trd, 000141.200, 179
Trd, 000141.500, 175
Trd, 000141.850, 174
Trd, 000141.983, 172
Trd, 000142.800, 172
Trd, 000143.350, 172
Trd, 000143.750, 171
Trd, 000143.767, 169
Trd, 000144.167, 162
Trd, 000144.417, 160
Trd, 000147.350, 168
Trd, 000148.067, 169
Trd, 000148.150, 168
Trd, 000149.217, 168
Trd, 000149.450, 165
Trd, 000149.550, 170
Trd, 000149.650, 172
Trd, 000150.333, 167
Trd, 000151.217, 179
Trd, 000151.317, 170
Trd, 000151.683, 179
Trd, 000151.883, 173
Trd, 000152.533, 176
Trd, 000152.750, 174
Trd, 000153.167, 172
Trd, 000154.833, 176
Trd, 000154.883, 170
Trd, 000155.150, 176
Trd, 000155.650, 175
Trd, 000155.717, 174
Trd, 000156.267, 176
Trd, 000157.900, 170
Trd, 000158.800, 180
Trd, 000159.417, 172
Trd, 000160.917, 175
Trd, 000161.183, 178
Trd, 000161.233, 175
Trd, 000161.883, 177
Trd, 000162.933, 178
Trd, 000163.333, 176
Trd, 000163.517, 174
Trd, 000163.750, 176
Trd, 000164.150, 173
Trd, 000164.633, 181
Trd, 000165.100, 175
Trd, 000166.367, 173
Trd, 000166.500, 171
Trd, 000166.783, 173
Trd, 000167.200, 167
Trd, 000167.283, 173
Trd, 000167.383, 174
Trd, 000168.850, 173
Trd, 000170.117, 183
Trd, 000170.583, 187
Trd, 000170.900, 182
Trd, 000171.267, 180
Trd, 000171.300, 189
Trd, 000171.600, 176
Trd, 000171.617, 172
Trd, 000173.583, 174
Trd, 000174.433, 179
Trd, 000174.533, 176
Trd, 000175.417, 173
Trd, 000175.733, 178
Trd, 000176.000, 174
Trd, 000176.217, 172
Trd, 000176.367, 173
Trd, 000176.467, 175
Trd, 000177.183, 181
Trd, 000178.650, 179
Trd, 000178.783, 180
Trd, 000179.183, 193
Trd, 000179.683, 184
Trd, 000179.867, 177
Trd, 000181.367, 176
Trd, 000181.733, 173
Trd, 000182.983, 174
Trd, 000183.033, 174
Trd, 000183.633, 174
Trd, 000184.167, 173
Trd, 000184.483, 171
Trd, 000185.667, 183
Trd, 000186.533, 194
Trd, 000186.617, 198
Trd, 000187.350, 170
Trd, 000188.267, 172
Trd, 000188.783, 171
Trd, 000189.250, 173
Trd, 000190.000, 172
Trd, 000191.383, 170
Trd, 000191.817, 170
Trd, 000191.850, 171
Trd, 000192.000, 173
Trd, 000192.200, 167
Trd, 000192.767, 174
Trd, 000192.783, 184
Trd, 000193.200, 185
Trd, 000194.133, 168
Trd, 000194.917, 183
Trd, 000195.483, 182
Trd, 000195.833, 172
Trd, 000195.983, 183
Trd, 000196.950, 183
Trd, 000197.600, 174
Trd, 000197.850, 178
Trd, 000198.683, 176
Trd, 000198.767, 174
Trd, 000199.800, 176
Trd, 000199.850, 183
Trd, 000200.233, 174
Trd, 000200.650, 175
Trd, 000201.000, 185
Trd, 000202.450, 188
Trd, 000202.633, 175
Trd, 000202.900, 191
Trd, 000203.700, 175
Trd, 000204.617, 182
Trd, 000204.967, 180
Trd, 000205.283, 181
Trd, 000205.883, 173
Trd, 000206.217, 182
Trd, 000206.600, 171
Trd, 000207.217, 184
Trd, 000209.683, 177
Trd, 000210.117, 178
Trd, 000211.067, 177
Trd, 000211.183, 178
Trd, 000211.317, 182
Trd, 000211.850, 177
Trd, 000212.833, 176
Trd, 000212.983, 176
Trd, 000214.283, 173
Trd, 000214.567, 174
Trd, 000215.033, 174
Trd, 000215.567, 173
Trd, 000216.133, 175
Trd, 000216.150, 176
Trd, 000216.283, 176
Trd, 000216.950, 173
Trd, 000218.300, 174
Trd, 000219.133, 174
Trd, 000219.883, 173
Trd, 000220.350, 184
Trd, 000220.533, 177
Trd, 000220.917, 180
Trd, 000221.167, 177
Trd, 000221.600, 184
Trd, 000223.050, 187
Trd, 000223.567, 179
Trd, 000225.767, 182
Trd, 000226.100, 181
Trd, 000226.450, 181
Trd, 000226.533, 179
Trd, 000226.817, 181
Trd, 000227.217, 181
Trd, 000227.817, 178
Trd, 000227.983, 174
Trd, 000228.167, 180
Trd, 000229.367, 184
Trd, 000229.750, 196
Trd, 000229.783, 193
Trd, 000229.983, 195
Trd, 000230.350, 197
Trd, 000232.117, 197
Trd, 000232.933, 197
Trd, 000233.367, 197
Trd, 000234.750, 196
Trd, 000235.083, 196
Trd, 000235.183, 194
Trd, 000235.600, 185
Trd, 000235.967, 198
Trd, 000236.167, 189
Trd, 000236.633, 179
Trd, 000237.517, 178
Trd, 000238.317, 176
Trd, 000239.417, 180
Trd, 000239.433, 184
Trd, 000240.217, 183
Trd, 000240.550, 179
Trd, 000240.633, 179
Trd, 000240.867, 180
Trd, 000240.917, 179
Trd, 000241.217, 181
Trd, 000241.500, 181
Trd, 000242.383, 177
Trd, 000242.817, 177
Trd, 000243.100, 179
Trd, 000243.833, 177
Trd, 000244.367, 178
Trd, 000245.100, 176
Trd, 000245.467, 176
Trd, 000245.900, 176
Trd, 000246.000, 175
Trd, 000246.117, 179
Trd, 000246.367, 176
Trd, 000246.883, 179
Trd, 000247.017, 182
Trd, 000247.283, 181
Trd, 000247.367, 173
Trd, 000248.217, 189
Trd, 000249.167, 199
Trd, 000249.250, 189
Trd, 000249.400, 204
Trd, 000250.050, 197
Trd, 000250.600, 191
Trd, 000250.633, 188
Trd, 000251.250, 198
Trd, 000251.383, 188
Trd, 000251.467, 187
Trd, 000252.483, 187
Trd, 000252.783, 186
Trd, 000253.300, 185
Trd, 000253.933, 186
Trd, 000254.633, 184
Trd, 000254.800, 184
Trd, 000254.850, 183
Trd, 000255.433, 185
Trd, 000255.533, 184
Trd, 000256.067, 184
Trd, 000256.100, 183
Trd, 000256.550, 184
Trd, 000257.050, 181
Trd, 000257.100, 181
Trd, 000257.817, 179
Trd, 000258.133, 176
Trd, 000258.217, 180
Trd, 000258.250, 179
Trd, 000258.900, 178
Trd, 000259.417, 180
Trd, 000260.150, 181
Trd, 000260.583, 181
Trd, 000260.750, 178
Trd, 000260.817, 181
Trd, 000261.233, 181
Trd, 000261.300, 180
Trd, 000262.167, 177
Trd, 000262.217, 181
Trd, 000264.033, 174
Trd, 000264.367, 174
Trd, 000264.467, 174
Trd, 000264.633, 175
Trd, 000265.033, 170
Trd, 000265.550, 181
Trd, 000266.100, 182
Trd, 000266.150, 180
Trd, 000266.367, 183
Trd, 000267.033, 184
Trd, 000267.967, 189
Trd, 000268.350, 183
Trd, 000268.650, 184
Trd, 000268.667, 189
Trd, 000269.267, 190
Trd, 000269.933, 185
Trd, 000270.283, 185
Trd, 000270.383, 184
Trd, 000270.467, 190
Trd, 000270.550, 183
Trd, 000270.717, 183
Trd, 000270.883, 191
Trd, 000272.217, 183
Trd, 000273.050, 182
Trd, 000273.167, 182
Trd, 000274.300, 181
Trd, 000274.367, 176
Trd, 000274.467, 175
Trd, 000274.583, 182
Trd, 000274.617, 168
Trd, 000275.117, 184
Trd, 000275.150, 182
Trd, 000275.650, 178
Trd, 000275.733, 184
Trd, 000276.000, 185
Trd, 000276.383, 178
Trd, 000276.933, 184
Trd, 000277.267, 192
Trd, 000277.900, 190
Trd, 000278.183, 190
Trd, 000278.433, 183
Trd, 000278.717, 182
Trd, 000279.083, 179
Trd, 000279.417, 176
Trd, 000279.750, 169
Trd, 000280.200, 179
Trd, 000280.750, 168
Trd, 000281.800, 167
Trd, 000282.133, 162
Trd, 000282.267, 170
Trd, 000283.133, 179
Trd, 000283.167, 183
Trd, 000283.750, 182
Trd, 000284.467, 183
Trd, 000284.617, 183
Trd, 000284.867, 176
Trd, 000285.350, 176
Trd, 000285.733, 184
Trd, 000286.067, 178
Trd, 000286.450, 185
Trd, 000286.783, 186
Trd, 000287.183, 184
Trd, 000287.283, 193
Trd, 000287.917, 183
Trd, 000288.050, 190
Trd, 000288.783, 189
Trd, 000288.900, 186
Trd, 000289.000, 192
Trd, 000289.600, 187
Trd, 000289.650, 186
Trd, 000289.917, 184
Trd, 000289.967, 180
Trd, 000290.617, 187
Trd, 000290.800, 188
Trd, 000291.333, 184
Trd, 000291.950, 177
Trd, 000291.967, 194
Trd, 000291.983, 201
Trd, 000293.317, 188
Trd, 000293.533, 189
Trd, 000293.900, 182
Trd, 000294.417, 180
Trd, 000294.550, 204
Trd, 000295.233, 184
Trd, 000295.750, 186
Trd, 000295.933, 187
Trd, 000296.167, 184
Trd, 000296.600, 190
Trd, 000296.650, 187
Trd, 000296.850, 183
Trd, 000297.417, 184
Trd, 000297.600, 178
Trd, 000298.183, 177
Trd, 000298.300, 184
Trd, 000298.933, 179
Trd, 000299.767, 179
