Trd, 000000.883, 177
Trd, 000002.550, 161
Trd, 000002.867, 140
Trd, 000004.650, 148
Trd, 000005.250, 148
Trd, 000005.600, 157
Trd, 000005.800, 158
Trd, 000005.983, 147
Trd, 000006.150, 147
Trd, 000006.367, 146
Trd, 000006.717, 149
Trd, 000007.200, 145
Trd, 000007.217, 137
Trd, 000008.333, 144
Trd, 000008.900, 142
Trd, 000009.900, 139
Trd, 000010.300, 140
Trd, 000011.567, 139
Trd, 000012.733, 138
Trd, 000013.283, 137
Trd, 000014.250, 139
Trd, 000014.783, 138
Trd, 000015.300, 137
Trd, 000015.350, 140
Trd, 000015.517, 143
Trd, 000018.033, 142
Trd, 000018.383, 136
Trd, 000018.767, 142
Trd, 000019.533, 140
Trd, 000019.600, 143
Trd, 000019.867, 140
Trd, 000020.100, 150
Trd, 000020.967, 146
Trd, 000021.633, 140
Trd, 000022.517, 140
Trd, 000023.000, 145
Trd, 000023.950, 140
Trd, 000024.650, 139
Trd, 000024.850, 136
Trd, 000025.533, 144
Trd, 000026.533, 145
Trd, 000026.700, 142
Trd, 000027.050, 141
Trd, 000027.567, 140
Trd, 000028.350, 141
Trd, 000028.467, 140
Trd, 000028.933, 137
Trd, 000029.533, 140
Trd, 000029.667, 144
Trd, 000030.533, 140
Trd, 000030.767, 151
Trd, 000031.467, 149
Trd, 000031.550, 139
Trd, 000032.983, 141
Trd, 000034.350, 141
Trd, 000035.600, 143
Trd, 000035.783, 144
Trd, 000037.200, 144
Trd, 000038.200, 143
Trd, 000038.433, 143
Trd, 000038.783, 144
Trd, 000038.967, 144
Trd, 000039.300, 148
Trd, 000039.550, 142
Trd, 000040.883, 145
Trd, 000041.100, 142
Trd, 000042.100, 142
Trd, 000042.183, 142
Trd, 000042.417, 141
Trd, 000044.033, 144
Trd, 000044.233, 138
Trd, 000044.833, 144
Trd, 000045.500, 144
Trd, 000046.283, 144
Trd, 000046.700, 142
Trd, 000046.717, 141
Trd, 000048.350, 143
Trd, 000049.917, 144
Trd, 000050.483, 143
Trd, 000051.550, 147
Trd, 000052.000, 146
Trd, 000052.367, 143
Trd, 000052.450, 142
Trd, 000052.967, 147
Trd, 000053.650, 146
Trd, 000054.133, 147
Trd, 000055.667, 146
Trd, 000056.883, 147
Trd, 000057.033, 149
Trd, 000057.783, 150
Trd, 000057.950, 150
Trd, 000058.117, 147
Trd, 000058.300, 146
Trd, 000058.600, 153
Trd, 000059.600, 148
Trd, 000060.417, 151
Trd, 000060.667, 149
Trd, 000060.850, 146
Trd, 000061.033, 150
Trd, 000061.383, 154
Trd, 000062.150, 145
Trd, 000062.550, 150
Trd, 000063.400, 144
Trd, 000063.533, 146
Trd, 000064.783, 145
Trd, 000065.250, 144
Trd, 000066.650, 143
Trd, 000066.850, 144
Trd, 000067.167, 143
Trd, 000067.567, 146
Trd, 000068.483, 143
Trd, 000069.217, 148
Trd, 000070.533, 146
Trd, 000070.767, 148
Trd, 000072.717, 155
Trd, 000072.817, 152
Trd, 000073.500, 156
Trd, 000073.750, 157
Trd, 000074.267, 155
Trd, 000074.400, 154
Trd, 000075.683, 154
Trd, 000075.750, 155
Trd, 000075.817, 158
Trd, 000077.067, 156
Trd, 000077.550, 155
Trd, 000078.283, 155
Trd, 000078.483, 155
Trd, 000079.233, 156
Trd, 000079.500, 156
Trd, 000080.350, 155
Trd, 000080.467, 156
Trd, 000081.367, 153
Trd, 000082.667, 154
Trd, 000083.400, 156
Trd, 000083.450, 154
Trd, 000083.483, 151
Trd, 000084.233, 153
Trd, 000084.650, 146
Trd, 000084.867, 153
Trd, 000086.017, 141
Trd, 000086.900, 145
Trd, 000087.883, 150
Trd, 000088.933, 154
Trd, 000089.617, 153
Trd, 000089.733, 152
Trd, 000090.100, 147
Trd, 000090.800, 149
Trd, 000090.967, 146
Trd, 000091.050, 154
Trd, 000091.833, 156
Trd, 000092.250, 156
Trd, 000093.517, 151
Trd, 000094.383, 151
Trd, 000094.683, 150
Trd, 000094.700, 149
Trd, 000095.867, 150
Trd, 000096.617, 151
Trd, 000096.750, 150
Trd, 000096.900, 150
Trd, 000099.150, 150
Trd, 000099.600, 149
Trd, 000100.000, 147
Trd, 000101.383, 146
Trd, 000101.617, 149
Trd, 000101.667, 146
Trd, 000101.933, 150
Trd, 000102.400, 151
Trd, 000102.550, 150
Trd, 000105.017, 152
Trd, 000105.133, 151
Trd, 000105.567, 150
Trd, 000105.900, 149
Trd, 000106.267, 153
Trd, 000106.983, 151
Trd, 000107.033, 151
Trd, 000107.500, 153
Trd, 000108.000, 154
Trd, 000108.933, 153
Trd, 000109.217, 150
Trd, 000109.517, 149
Trd, 000111.233, 156
Trd, 000111.467, 154
Trd, 000112.300, 154
Trd, 000112.683, 152
Trd, 000113.000, 150
Trd, 000115.017, 153
Trd, 000115.450, 153
Trd, 000115.550, 159
Trd, 000115.567, 151
Trd, 000116.117, 158
Trd, 000116.733, 156
Trd, 000117.067, 155
Trd, 000118.617, 158
Trd, 000120.267, 155
Trd, 000121.200, 154
Trd, 000121.967, 155
Trd, 000122.633, 155
Trd, 000122.967, 156
Trd, 000123.383, 155
Trd, 000123.650, 157
Trd, 000123.950, 160
Trd, 000124.867, 155
Trd, 000125.800, 155
Trd, 000126.683, 156
Trd, 000126.783, 156
Trd, 000126.867, 154
Trd, 000126.900, 157
Trd, 000128.917, 155
Trd, 000129.617, 156
Trd, 000129.867, 159
Trd, 000130.583, 157
Trd, 000130.800, 161
Trd, 000131.283, 160
Trd, 000132.050, 157
Trd, 000132.333, 159
Trd, 000132.750, 158
Trd, 000133.067, 155
Trd, 000133.650, 147
Trd, 000134.467, 151
Trd, 000135.383, 153
Trd, 000135.567, 152
Trd, 000135.683, 150
Trd, 000136.017, 144
Trd, 000136.633, 144
Trd, 000136.950, 145
Trd, 000138.117, 156
Trd, 000138.800, 151
Trd, 000139.683, 148
Trd, 000140.567, 152
Trd, 000141.467, 153
Trd, 000141.917, 155
Trd, 000142.317, 158
Trd, 000142.900, 154
Trd, 000143.583, 155
Trd, 000144.533, 156
Trd, 000144.550, 157
Trd, 000144.933, 155
Trd, 000145.550, 156
Trd, 000145.717, 158
Trd, 000145.733, 155
Trd, 000146.300, 159
Trd, 000147.550, 155
Trd, 000147.783, 154
Trd, 000148.450, 155
Trd, 000148.717, 158
Trd, 000150.283, 153
Trd, 000150.750, 157
Trd, 000152.167, 157
Trd, 000153.283, 156
Trd, 000154.333, 157
Trd, 000154.367, 155
Trd, 000155.267, 154
Trd, 000156.233, 155
Trd, 000156.900, 155
Trd, 000158.133, 155
Trd, 000158.450, 156
Trd, 000159.533, 156
Trd, 000160.750, 157
Trd, 000160.983, 160
Trd, 000162.517, 157
Trd, 000162.817, 156
Trd, 000162.933, 153
Trd, 000163.400, 155
Trd, 000163.867, 150
Trd, 000165.233, 155
Trd, 000165.400, 154
Trd, 000165.567, 160
Trd, 000166.283, 155
Trd, 000166.650, 157
Trd, 000167.150, 157
Trd, 000168.450, 161
Trd, 000168.500, 165
Trd, 000169.683, 161
Trd, 000169.750, 150
Trd, 000170.633, 157
Trd, 000170.700, 153
Trd, 000172.017, 160
Trd, 000172.150, 161
Trd, 000173.583, 160
Trd, 000173.717, 159
Trd, 000174.350, 158
Trd, 000174.383, 158
Trd, 000174.517, 154
Trd, 000176.550, 157
Trd, 000177.300, 158
Trd, 000177.550, 157
Trd, 000177.833, 156
Trd, 000179.183, 159
Trd, 000180.233, 158
Trd, 000180.433, 160
Trd, 000180.500, 162
Trd, 000180.917, 159
Trd, 000182.600, 159
Trd, 000183.483, 161
Trd, 000183.850, 162
Trd, 000185.650, 161
Trd, 000185.933, 160
Trd, 000186.100, 161
Trd, 000186.217, 160
Trd, 000186.450, 162
Trd, 000187.117, 160
Trd, 000187.217, 160
Trd, 000187.483, 160
Trd, 000187.617, 161
Trd, 000188.067, 160
Trd, 000188.650, 159
Trd, 000190.717, 158
Trd, 000191.633, 163
Trd, 000192.217, 160
Trd, 000193.000, 159
Trd, 000194.500, 157
Trd, 000195.850, 161
Trd, 000196.000, 160
Trd, 000196.083, 160
Trd, 000196.650, 160
Trd, 000196.700, 161
Trd, 000198.133, 162
Trd, 000198.633, 163
Trd, 000198.717, 158
Trd, 000198.867, 157
Trd, 000199.150, 154
Trd, 000199.400, 156
Trd, 000200.283, 164
Trd, 000202.117, 165
Trd, 000202.833, 162
Trd, 000203.617, 162
Trd, 000204.017, 163
Trd, 000204.583, 164
Trd, 000205.317, 163
Trd, 000205.417, 163
Trd, 000206.817, 159
Trd, 000206.883, 161
Trd, 000207.250, 157
Trd, 000207.467, 164
Trd, 000208.600, 160
Trd, 000209.783, 163
Trd, 000211.083, 162
Trd, 000211.167, 159
Trd, 000211.700, 164
Trd, 000211.933, 165
Trd, 000212.683, 169
Trd, 000214.100, 164
Trd, 000214.367, 163
Trd, 000214.583, 163
Trd, 000214.867, 161
Trd, 000215.417, 165
Trd, 000215.483, 158
Trd, 000215.950, 159
Trd, 000216.500, 157
Trd, 000217.083, 153
Trd, 000217.183, 159
Trd, 000217.833, 158
Trd, 000220.833, 163
Trd, 000221.433, 161
Trd, 000222.167, 161
Trd, 000222.283, 162
Trd, 000223.583, 163
Trd, 000224.100, 156
Trd, 000224.167, 157
Trd, 000224.367, 166
Trd, 000224.567, 170
Trd, 000225.000, 172
Trd, 000225.383, 156
Trd, 000225.467, 173
Trd, 000226.300, 171
Trd, 000227.750, 167
Trd, 000228.033, 167
Trd, 000228.233, 166
Trd, 000228.783, 164
Trd, 000229.183, 164
Trd, 000229.467, 167
Trd, 000230.383, 169
Trd, 000232.617, 169
Trd, 000232.783, 168
Trd, 000233.450, 168
Trd, 000233.517, 171
Trd, 000234.583, 170
Trd, 000235.517, 172
Trd, 000235.533, 169
Trd, 000235.850, 172
Trd, 000236.033, 168
Trd, 000236.417, 167
Trd, 000237.183, 167
Trd, 000237.317, 161
Trd, 000238.617, 164
Trd, 000238.983, 163
Trd, 000240.083, 163
Trd, 000240.250, 163
Trd, 000240.467, 168
Trd, 000241.050, 170
Trd, 000241.217, 165
Trd, 000241.917, 168
Trd, 000242.033, 167
Trd, 000242.283, 168
Trd, 000242.950, 166
Trd, 000242.983, 165
Trd, 000243.333, 169
Trd, 000243.900, 164
Trd, 000244.683, 169
Trd, 000245.750, 172
Trd, 000246.133, 173
Trd, 000246.500, 175
Trd, 000246.933, 171
Trd, 000246.983, 173
Trd, 000247.583, 168
Trd, 000247.717, 169
Trd, 000248.250, 170
Trd, 000248.950, 170
Trd, 000249.300, 173
Trd, 000249.483, 172
Trd, 000250.817, 173
Trd, 000251.100, 172
Trd, 000251.767, 173
Trd, 000252.183, 174
Trd, 000252.717, 171
Trd, 000252.983, 162
Trd, 000253.133, 172
Trd, 000253.700, 168
Trd, 000254.000, 176
Trd, 000255.033, 172
Trd, 000255.183, 172
Trd, 000255.233, 173
Trd, 000255.567, 172
Trd, 000256.033, 172
Trd, 000256.483, 172
Trd, 000257.083, 171
Trd, 000258.183, 160
Trd, 000258.583, 160
Trd, 000258.667, 156
Trd, 000259.183, 158
Trd, 000259.283, 167
Trd, 000259.683, 170
Trd, 000259.767, 177
Trd, 000259.883, 163
Trd, 000260.167, 157
Trd, 000260.417, 159
Trd, 000262.083, 160
Trd, 000262.383, 160
Trd, 000263.650, 160
Trd, 000263.700, 158
Trd, 000263.750, 160
Trd, 000263.783, 161
Trd, 000263.917, 162
Trd, 000264.317, 161
Trd, 000264.417, 163
Trd, 000265.483, 162
Trd, 000265.917, 165
Trd, 000266.733, 179
Trd, 000267.000, 173
Trd, 000267.650, 164
Trd, 000268.183, 167
Trd, 000269.367, 166
Trd, 000269.500, 166
Trd, 000269.900, 168
Trd, 000270.033, 171
Trd, 000270.417, 170
Trd, 000271.433, 173
Trd, 000271.983, 173
Trd, 000272.450, 172
Trd, 000273.517, 171
Trd, 000273.917, 174
Trd, 000274.117, 171
Trd, 000274.217, 173
Trd, 000274.567, 167
Trd, 000274.767, 164
Trd, 000275.483, 169
Trd, 000276.617, 173
Trd, 000276.650, 174
Trd, 000276.883, 168
Trd, 000277.217, 166
Trd, 000277.533, 167
Trd, 000277.833, 171
Trd, 000278.117, 172
Trd, 000278.650, 171
Trd, 000278.800, 172
Trd, 000279.750, 173
Trd, 000279.900, 170
Trd, 000280.267, 170
Trd, 000280.833, 169
Trd, 000281.233, 173
Trd, 000281.617, 176
Trd, 000282.017, 173
Trd, 000282.100, 169
Trd, 000282.383, 169
Trd, 000282.450, 179
Trd, 000282.767, 174
Trd, 000283.200, 176
Trd, 000283.833, 179
Trd, 000284.050, 173
Trd, 000284.233, 172
Trd, 000284.283, 162
Trd, 000285.050, 180
Trd, 000287.083, 174
Trd, 000287.717, 173
Trd, 000288.250, 178
Trd, 000288.333, 180
Trd, 000288.550, 168
Trd, 000289.083, 166
Trd, 000289.967, 176
Trd, 000290.167, 169
Trd, 000290.700, 170
Trd, 000290.783, 172
Trd, 000290.833, 173
Trd, 000291.350, 166
Trd, 000292.633, 175
Trd, 000293.000, 168
Trd, 000293.133, 175
Trd, 000293.317, 166
Trd, 000293.350, 177
Trd, 000293.367, 166
Trd, 000293.533, 180
Trd, 000293.667, 163
Trd, 000293.750, 160
Trd, 000295.183, 159
Trd, 000295.250, 158
Trd, 000295.300, 160
Trd, 000295.500, 167
Trd, 000296.267, 172
Trd, 000296.783, 171
Trd, 000297.517, 164
Trd, 000297.667, 162
Trd, 000297.983, 161
Trd, 000298.567, 173
Trd, 000299.667, 168
