Trd, 000001.333, 159
Trd, 000001.400, 149
Trd, 000002.267, 129
Trd, 000003.850, 127
Trd, 000004.800, 144
Trd, 000005.400, 149
Trd, 000005.750, 137
Trd, 000005.900, 155
Trd, 000006.283, 150
Trd, 000007.067, 158
Trd, 000007.183, 158
Trd, 000007.683, 155
Trd, 000009.617, 161
Trd, 000009.717, 159
Trd, 000010.400, 160
Trd, 000010.800, 160
Trd, 000011.067, 162
Trd, 000011.967, 161
Trd, 000012.017, 161
Trd, 000012.533, 159
Trd, 000012.883, 160
Trd, 000013.467, 160
Trd, 000014.150, 161
Trd, 000014.867, 154
Trd, 000015.250, 158
Trd, 000015.417, 157
Trd, 000015.967, 159
Trd, 000016.017, 159
Trd, 000016.067, 155
Trd, 000016.800, 166
Trd, 000017.167, 153
Trd, 000018.550, 160
Trd, 000018.800, 153
Trd, 000019.200, 160
Trd, 000020.000, 160
Trd, 000021.000, 158
Trd, 000021.283, 160
Trd, 000021.433, 160
Trd, 000021.983, 158
Trd, 000022.650, 160
Trd, 000022.967, 157
Trd, 000023.167, 161
Trd, 000023.183, 156
Trd, 000023.550, 157
Trd, 000024.717, 133
Trd, 000025.667, 142
Trd, 000025.700, 152
Trd, 000025.883, 146
Trd, 000026.117, 157
Trd, 000026.433, 135
Trd, 000027.150, 160
Trd, 000027.217, 168
Trd, 000027.533, 170
Trd, 000029.700, 173
Trd, 000029.833, 172
Trd, 000029.850, 171
Trd, 000030.667, 161
Trd, 000031.183, 160
Trd, 000031.517, 154
Trd, 000032.683, 159
Trd, 000032.933, 167
Trd, 000034.283, 166
Trd, 000034.317, 152
Trd, 000035.033, 155
Trd, 000035.317, 154
Trd, 000035.817, 160
Trd, 000036.167, 155
Trd, 000036.383, 156
Trd, 000036.583, 161
Trd, 000036.633, 162
Trd, 000037.367, 157
Trd, 000038.983, 158
Trd, 000039.000, 159
Trd, 000039.283, 160
Trd, 000039.517, 161
Trd, 000039.717, 163
Trd, 000040.883, 159
Trd, 000040.900, 159
Trd, 000040.950, 161
Trd, 000042.033, 159
Trd, 000042.433, 158
Trd, 000042.633, 160
Trd, 000043.317, 160
Trd, 000043.733, 162
Trd, 000044.350, 161
Trd, 000045.317, 155
Trd, 000046.300, 158
Trd, 000046.600, 163
Trd, 000046.683, 158
Trd, 000047.033, 162
Trd, 000047.767, 161
Trd, 000048.283, 161
Trd, 000048.517, 158
Trd, 000049.433, 163
Trd, 000049.650, 162
Trd, 000050.283, 159
Trd, 000051.083, 163
Trd, 000051.717, 163
Trd, 000051.733, 158
Trd, 000052.750, 157
Trd, 000053.667, 158
Trd, 000053.700, 157
Trd, 000054.233, 156
Trd, 000054.283, 154
Trd, 000055.033, 163
Trd, 000056.417, 156
Trd, 000057.267, 160
Trd, 000057.417, 160
Trd, 000058.583, 159
Trd, 000058.767, 158
Trd, 000059.100, 157
Trd, 000059.133, 159
Trd, 000060.050, 160
Trd, 000060.833, 157
Trd, 000061.450, 155
Trd, 000061.517, 154
Trd, 000062.067, 161
Trd, 000062.717, 162
Trd, 000063.367, 155
Trd, 000063.433, 164
Trd, 000064.017, 150
Trd, 000064.917, 161
Trd, 000065.283, 157
Trd, 000065.433, 154
Trd, 000065.983, 153
Trd, 000066.767, 161
Trd, 000066.817, 162
Trd, 000067.717, 152
Trd, 000067.800, 151
Trd, 000068.350, 162
Trd, 000068.633, 147
Trd, 000069.367, 160
Trd, 000070.033, 162
Trd, 000070.700, 161
Trd, 000071.133, 158
Trd, 000071.433, 162
Trd, 000072.400, 155
Trd, 000073.000, 151
Trd, 000073.933, 152
Trd, 000074.800, 158
Trd, 000074.833, 161
Trd, 000075.600, 154
Trd, 000075.683, 162
Trd, 000076.450, 152
Trd, 000077.367, 163
Trd, 000077.600, 152
Trd, 000078.133, 146
Trd, 000078.933, 151
Trd, 000080.700, 164
Trd, 000082.100, 160
Trd, 000082.217, 160
Trd, 000082.350, 163
Trd, 000082.750, 155
Trd, 000082.783, 152
Trd, 000083.383, 152
Trd, 000083.600, 145
Trd, 000084.417, 141
Trd, 000085.250, 157
Trd, 000085.367, 155
Trd, 000086.633, 156
Trd, 000087.050, 163
Trd, 000087.333, 152
Trd, 000087.883, 160
Trd, 000088.417, 158
Trd, 000088.750, 154
Trd, 000089.000, 159
Trd, 000089.150, 157
Trd, 000089.683, 159
Trd, 000089.700, 158
Trd, 000090.633, 161
Trd, 000091.417, 164
Trd, 000091.783, 167
Trd, 000092.017, 169
Trd, 000092.767, 165
Trd, 000093.533, 174
Trd, 000093.633, 168
Trd, 000093.850, 168
Trd, 000094.400, 169
Trd, 000094.700, 166
Trd, 000095.283, 165
Trd, 000095.600, 167
Trd, 000096.150, 168
Trd, 000097.117, 167
Trd, 000098.117, 168
Trd, 000098.483, 167
Trd, 000099.000, 165
Trd, 000099.117, 168
Trd, 000099.133, 161
Trd, 000100.017, 162
Trd, 000100.833, 166
Trd, 000102.167, 164
Trd, 000102.467, 165
Trd, 000102.583, 163
Trd, 000102.867, 162
Trd, 000103.050, 166
Trd, 000103.117, 161
Trd, 000103.433, 169
Trd, 000103.650, 158
Trd, 000104.717, 161
Trd, 000105.733, 160
Trd, 000106.883, 154
Trd, 000107.267, 168
Trd, 000107.500, 161
Trd, 000107.800, 168
Trd, 000108.150, 163
Trd, 000108.483, 165
Trd, 000109.367, 165
Trd, 000110.167, 169
Trd, 000111.067, 169
Trd, 000111.217, 169
Trd, 000111.950, 163
Trd, 000112.183, 162
Trd, 000113.433, 164
Trd, 000113.700, 166
Trd, 000113.750, 162
Trd, 000114.517, 166
Trd, 000114.550, 160
Trd, 000115.517, 160
Trd, 000115.567, 166
Trd, 000116.117, 159
Trd, 000116.517, 159
Trd, 000117.033, 164
Trd, 000117.117, 167
Trd, 000117.517, 164
Trd, 000117.733, 156
Trd, 000117.967, 142
Trd, 000118.600, 168
Trd, 000118.933, 157
Trd, 000119.433, 149
Trd, 000119.550, 170
Trd, 000119.833, 177
Trd, 000120.517, 170
Trd, 000120.733, 160
Trd, 000121.917, 176
Trd, 000122.717, 175
Trd, 000123.583, 174
Trd, 000124.150, 174
Trd, 000124.867, 173
Trd, 000124.983, 172
Trd, 000125.117, 175
Trd, 000125.183, 171
Trd, 000125.950, 170
Trd, 000126.233, 163
Trd, 000126.800, 162
Trd, 000127.167, 160
Trd, 000127.600, 157
Trd, 000128.133, 157
Trd, 000128.617, 165
Trd, 000128.950, 168
Trd, 000130.950, 164
Trd, 000131.600, 163
Trd, 000131.967, 166
Trd, 000132.117, 167
Trd, 000132.600, 166
Trd, 000132.800, 165
Trd, 000133.183, 167
Trd, 000133.433, 166
Trd, 000133.583, 161
Trd, 000134.017, 157
Trd, 000134.717, 158
Trd, 000134.800, 168
Trd, 000136.200, 166
Trd, 000138.317, 165
Trd, 000138.683, 163
Trd, 000139.067, 166
Trd, 000139.233, 169
Trd, 000139.850, 167
Trd, 000140.183, 166
Trd, 000140.383, 169
Trd, 000141.117, 164
Trd, 000142.317, 173
Trd, 000143.167, 174
Trd, 000143.550, 171
Trd, 000144.333, 172
Trd, 000144.900, 169
Trd, 000145.033, 170
Trd, 000145.567, 165
Trd, 000145.817, 171
Trd, 000145.867, 173
Trd, 000145.883, 166
Trd, 000146.817, 163
Trd, 000148.267, 172
Trd, 000148.800, 172
Trd, 000149.183, 172
Trd, 000149.400, 165
Trd, 000150.200, 168
Trd, 000150.317, 166
Trd, 000150.667, 160
Trd, 000152.617, 166
Trd, 000154.050, 169
Trd, 000154.217, 166
Trd, 000154.583, 164
Trd, 000155.450, 167
Trd, 000155.583, 168
Trd, 000155.917, 167
Trd, 000156.150, 170
Trd, 000156.317, 171
Trd, 000156.650, 167
Trd, 000157.150, 167
Trd, 000157.433, 173
Trd, 000157.467, 163
Trd, 000157.567, 184
Trd, 000157.900, 159
Trd, 000159.417, 180
Trd, 000159.533, 181
Trd, 000160.517, 180
Trd, 000160.550, 176
Trd, 000161.117, 181
Trd, 000162.550, 166
Trd, 000163.533, 178
Trd, 000163.850, 177
Trd, 000164.283, 180
Trd, 000165.483, 174
Trd, 000165.517, 173
Trd, 000165.550, 171
Trd, 000165.883, 169
Trd, 000166.483, 175
Trd, 000167.000, 177
Trd, 000167.317, 176
Trd, 000167.367, 175
Trd, 000168.517, 167
Trd, 000169.150, 171
Trd, 000169.433, 171
Trd, 000171.183, 173
Trd, 000171.283, 168
Trd, 000171.417, 175
Trd, 000171.883, 167
Trd, 000172.133, 166
Trd, 000172.333, 175
Trd, 000172.600, 165
Trd, 000173.017, 175
Trd, 000173.683, 168
Trd, 000174.583, 176
Trd, 000175.067, 162
Trd, 000175.800, 165
Trd, 000176.550, 165
Trd, 000176.750, 167
Trd, 000177.150, 156
Trd, 000177.383, 159
Trd, 000178.567, 171
Trd, 000178.633, 169
Trd, 000178.733, 160
Trd, 000179.333, 156
Trd, 000179.833, 156
Trd, 000180.417, 158
Trd, 000180.933, 162
Trd, 000181.733, 166
Trd, 000182.133, 164
Trd, 000182.683, 165
Trd, 000184.183, 169
Trd, 000184.783, 172
Trd, 000185.117, 167
Trd, 000185.283, 176
Trd, 000185.583, 169
Trd, 000185.717, 181
Trd, 000185.950, 177
Trd, 000187.750, 183
Trd, 000188.067, 173
Trd, 000188.500, 176
Trd, 000189.600, 177
Trd, 000189.617, 175
Trd, 000190.367, 176
Trd, 000190.600, 177
Trd, 000190.717, 175
Trd, 000190.750, 170
Trd, 000191.833, 171
Trd, 000192.183, 176
Trd, 000192.400, 177
Trd, 000193.233, 143
Trd, 000193.733, 170
Trd, 000194.867, 176
Trd, 000195.167, 170
Trd, 000196.100, 173
Trd, 000196.183, 176
Trd, 000196.317, 176
Trd, 000197.117, 172
Trd, 000197.600, 176
Trd, 000197.883, 184
Trd, 000198.167, 171
Trd, 000198.717, 171
Trd, 000198.967, 185
Trd, 000199.250, 168
Trd, 000200.017, 178
Trd, 000201.150, 179
Trd, 000201.450, 180
Trd, 000201.517, 180
Trd, 000202.433, 181
Trd, 000203.000, 183
Trd, 000203.300, 184
Trd, 000203.567, 178
Trd, 000203.917, 178
Trd, 000204.217, 165
Trd, 000204.983, 171
Trd, 000205.783, 171
Trd, 000206.167, 170
Trd, 000207.333, 168
Trd, 000207.817, 178
Trd, 000208.600, 170
Trd, 000208.650, 169
Trd, 000209.617, 175
Trd, 000210.433, 175
Trd, 000210.700, 174
Trd, 000211.000, 173
Trd, 000211.017, 176
Trd, 000211.383, 173
Trd, 000211.733, 176
Trd, 000211.967, 177
Trd, 000212.067, 175
Trd, 000212.600, 173
Trd, 000213.617, 172
Trd, 000213.800, 177
Trd, 000216.050, 177
Trd, 000216.067, 178
Trd, 000216.133, 179
Trd, 000216.350, 175
Trd, 000216.600, 174
Trd, 000218.150, 178
Trd, 000218.667, 179
Trd, 000218.783, 180
Trd, 000219.167, 181
Trd, 000219.750, 176
Trd, 000220.333, 182
Trd, 000221.150, 180
Trd, 000221.433, 181
Trd, 000222.150, 179
Trd, 000222.233, 176
Trd, 000223.317, 170
Trd, 000223.433, 166
Trd, 000224.833, 173
Trd, 000224.917, 178
Trd, 000225.317, 164
Trd, 000226.333, 165
Trd, 000226.500, 174
Trd, 000227.717, 172
Trd, 000228.100, 174
Trd, 000228.350, 168
Trd, 000228.667, 176
Trd, 000229.417, 168
Trd, 000229.700, 167
Trd, 000229.967, 169
Trd, 000230.033, 180
Trd, 000230.417, 177
Trd, 000230.783, 181
Trd, 000230.933, 178
Trd, 000231.200, 171
Trd, 000231.617, 171
Trd, 000232.367, 166
Trd, 000233.267, 170
Trd, 000234.017, 178
Trd, 000234.917, 182
Trd, 000235.317, 181
Trd, 000236.517, 177
Trd, 000236.817, 179
Trd, 000237.083, 172
Trd, 000237.367, 173
Trd, 000237.417, 172
Trd, 000237.867, 179
Trd, 000238.183, 164
Trd, 000239.500, 174
Trd, 000240.117, 176
Trd, 000241.050, 183
Trd, 000241.167, 182
Trd, 000241.500, 180
Trd, 000241.600, 177
Trd, 000241.750, 177
Trd, 000241.783, 175
Trd, 000242.233, 175
Trd, 000242.917, 179
Trd, 000243.083, 175
Trd, 000244.133, 170
Trd, 000244.183, 170
Trd, 000244.433, 169
Trd, 000244.767, 175
Trd, 000245.250, 169
Trd, 000245.283, 175
Trd, 000246.100, 170
Trd, 000246.617, 172
Trd, 000246.933, 172
Trd, 000247.700, 179
Trd, 000248.417, 180
Trd, 000249.100, 182
Trd, 000249.317, 182
Trd, 000249.500, 183
Trd, 000250.217, 181
Trd, 000250.417, 181
Trd, 000250.533, 176
Trd, 000250.750, 173
Trd, 000250.817, 170
Trd, 000251.083, 182
Trd, 000252.100, 174
Trd, 000252.483, 169
Trd, 000252.700, 187
Trd, 000253.517, 172
Trd, 000254.283, 174
Trd, 000254.800, 172
Trd, 000254.950, 178
Trd, 000255.783, 173
Trd, 000255.917, 172
Trd, 000256.083, 172
Trd, 000256.183, 173
Trd, 000256.883, 173
Trd, 000257.500, 177
Trd, 000257.533, 173
Trd, 000257.783, 177
Trd, 000258.150, 172
Trd, 000258.467, 182
Trd, 000258.667, 183
Trd, 000259.817, 176
Trd, 000260.867, 179
Trd, 000260.883, 178
Trd, 000260.917, 181
Trd, 000261.267, 180
Trd, 000261.433, 178
Trd, 000261.633, 184
Trd, 000261.933, 177
Trd, 000263.467, 174
Trd, 000263.600, 170
Trd, 000264.233, 171
Trd, 000264.367, 171
Trd, 000264.500, 177
Trd, 000265.883, 175
Trd, 000265.917, 173
Trd, 000266.067, 178
Trd, 000266.600, 180
Trd, 000267.300, 178
Trd, 000267.367, 180
Trd, 000267.567, 179
Trd, 000268.017, 178
Trd, 000268.583, 177
Trd, 000269.183, 185
Trd, 000269.767, 187
Trd, 000269.817, 190
Trd, 000270.033, 185
Trd, 000271.000, 183
Trd, 000271.150, 182
Trd, 000271.633, 181
Trd, 000271.667, 191
Trd, 000272.400, 176
Trd, 000272.983, 172
Trd, 000274.267, 178
Trd, 000274.750, 176
Trd, 000274.867, 179
Trd, 000274.967, 176
Trd, 000275.450, 179
Trd, 000275.900, 176
Trd, 000276.067, 182
Trd, 000276.317, 175
Trd, 000276.333, 173
Trd, 000277.000, 179
Trd, 000277.233, 181
Trd, 000278.050, 178
Trd, 000278.833, 176
Trd, 000279.033, 180
Trd, 000279.367, 171
Trd, 000279.650, 159
Trd, 000280.017, 185
Trd, 000280.200, 180
Trd, 000281.383, 179
Trd, 000281.933, 177
Trd, 000282.117, 178
Trd, 000282.767, 178
Trd, 000282.883, 177
Trd, 000282.917, 172
Trd, 000282.967, 179
Trd, 000283.967, 178
Trd, 000284.133, 169
Trd, 000284.317, 167
Trd, 000284.550, 172
Trd, 000285.300, 177
Trd, 000285.467, 159
Trd, 000285.917, 173
Trd, 000286.350, 177
Trd, 000286.850, 173
Trd, 000286.883, 178
Trd, 000287.067, 172
Trd, 000287.400, 180
Trd, 000287.450, 173
Trd, 000288.433, 175
Trd, 000288.517, 177
Trd, 000289.300, 178
Trd, 000289.367, 177
Trd, 000290.200, 178
Trd, 000291.333, 178
Trd, 000291.817, 177
Trd, 000292.067, 175
Trd, 000292.433, 180
Trd, 000292.500, 173
Trd, 000292.783, 181
Trd, 000293.033, 182
Trd, 000293.433, 181
Trd, 000294.250, 184
Trd, 000294.617, 181
Trd, 000294.817, 181
Trd, 000294.850, 177
Trd, 000294.900, 193
Trd, 000295.733, 186
Trd, 000296.383, 194
Trd, 000296.950, 184
Trd, 000297.000, 183
Trd, 000297.700, 193
Trd, 000297.917, 193
Trd, 000298.367, 192
Trd, 000298.383, 191
Trd, 000298.783, 188
Trd, 000299.633, 192
Trd, 000299.750, 181
Trd, 000299.883, 180
Trd, 000299.917, 178
Trd, 000299.967, 186
