Trd, 000001.967, 117
Trd, 000003.250, 118
Trd, 000003.383, 119
Trd, 000003.600, 134
Trd, 000004.667, 118
Trd, 000004.867, 125
Trd, 000005.150, 141
Trd, 000007.133, 142
Trd, 000007.233, 139
Trd, 000007.367, 142
Trd, 000007.717, 138
Trd, 000008.683, 138
Trd, 000009.500, 141
Trd, 000009.850, 140
Trd, 000010.433, 150
Trd, 000011.083, 156
Trd, 000011.517, 159
Trd, 000013.050, 146
Trd, 000013.667, 155
Trd, 000013.683, 145
Trd, 000014.233, 146
Trd, 000014.817, 161
Trd, 000015.017, 162
Trd, 000015.983, 153
Trd, 000016.033, 163
Trd, 000016.850, 148
Trd, 000017.533, 157
Trd, 000018.417, 144
Trd, 000020.667, 156
Trd, 000020.900, 156
Trd, 000020.917, 149
Trd, 000021.250, 150
Trd, 000021.317, 149
Trd, 000022.583, 157
Trd, 000022.917, 150
Trd, 000023.250, 151
Trd, 000024.867, 149
Trd, 000025.117, 148
Trd, 000025.400, 147
Trd, 000026.500, 143
Trd, 000027.750, 150
Trd, 000028.017, 150
Trd, 000028.083, 151
Trd, 000029.067, 161
Trd, 000029.250, 165
Trd, 000029.283, 147
Trd, 000029.417, 146
Trd, 000029.567, 165
Trd, 000031.767, 143
Trd, 000031.883, 123
Trd, 000032.050, 156
Trd, 000033.250, 145
Trd, 000033.450, 146
Trd, 000033.767, 148
Trd, 000033.917, 157
Trd, 000034.050, 158
Trd, 000034.367, 166
Trd, 000035.283, 150
Trd, 000036.533, 153
Trd, 000037.133, 153
Trd, 000039.050, 163
Trd, 000039.500, 164
Trd, 000039.550, 151
Trd, 000039.983, 166
Trd, 000040.217, 165
Trd, 000041.583, 166
Trd, 000041.717, 167
Trd, 000042.733, 156
Trd, 000043.050, 172
Trd, 000043.667, 157
Trd, 000043.767, 155
Trd, 000044.917, 148
Trd, 000045.533, 151
Trd, 000046.083, 151
Trd, 000046.383, 151
Trd, 000047.083, 150
Trd, 000048.200, 152
Trd, 000048.717, 144
Trd, 000049.383, 127
Trd, 000049.667, 154
Trd, 000050.317, 146
Trd, 000050.767, 145
Trd, 000050.783, 155
Trd, 000051.633, 144
Trd, 000051.667, 160
Trd, 000052.017, 163
Trd, 000052.750, 165
Trd, 000052.767, 143
Trd, 000053.033, 168
Trd, 000054.817, 152
Trd, 000055.533, 150
Trd, 000056.417, 155
Trd, 000056.467, 157
Trd, 000057.750, 157
Trd, 000058.933, 163
Trd, 000059.717, 153
Trd, 000060.017, 153
Trd, 000060.250, 152
Trd, 000060.550, 160
Trd, 000060.800, 163
Trd, 000062.750, 159
Trd, 000063.350, 162
Trd, 000063.517, 163
Trd, 000063.583, 158
Trd, 000065.300, 161
Trd, 000065.617, 157
Trd, 000066.450, 161
Trd, 000067.483, 157
Trd, 000067.567, 157
Trd, 000068.367, 164
Trd, 000069.200, 169
Trd, 000070.967, 164
Trd, 000071.133, 159
Trd, 000071.617, 160
Trd, 000071.667, 159
Trd, 000071.850, 156
Trd, 000072.000, 151
Trd, 000072.517, 163
Trd, 000073.933, 154
Trd, 000074.067, 147
Trd, 000074.250, 159
Trd, 000074.267, 162
Trd, 000074.667, 127
Trd, 000074.950, 166
Trd, 000075.200, 172
Trd, 000076.433, 170
Trd, 000077.083, 171
Trd, 000077.117, 155
Trd, 000077.133, 148
Trd, 000078.267, 146
Trd, 000078.300, 149
Trd, 000078.700, 168
Trd, 000080.183, 157
Trd, 000080.717, 149
Trd, 000081.167, 168
Trd, 000082.550, 163
Trd, 000082.933, 161
Trd, 000084.067, 162
Trd, 000084.567, 152
Trd, 000084.883, 165
Trd, 000086.433, 157
Trd, 000086.650, 156
Trd, 000086.733, 154
Trd, 000086.850, 159
Trd, 000087.467, 154
Trd, 000087.583, 149
Trd, 000087.617, 167
Trd, 000087.667, 165
Trd, 000088.983, 153
Trd, 000089.233, 152
Trd, 000089.417, 160
Trd, 000091.133, 163
Trd, 000092.917, 155
Trd, 000093.000, 161
Trd, 000093.117, 164
Trd, 000094.417, 169
Trd, 000094.933, 167
Trd, 000095.200, 159
Trd, 000095.750, 160
Trd, 000095.933, 159
Trd, 000096.133, 165
Trd, 000097.267, 164
Trd, 000098.650, 159
Trd, 000100.417, 163
Trd, 000100.533, 163
Trd, 000101.067, 162
Trd, 000101.300, 165
Trd, 000101.417, 162
Trd, 000102.483, 166
Trd, 000103.650, 161
Trd, 000104.283, 156
Trd, 000104.333, 165
Trd, 000105.167, 167
Trd, 000105.250, 155
Trd, 000105.483, 154
Trd, 000105.867, 150
Trd, 000106.800, 167
Trd, 000107.183, 168
Trd, 000107.350, 175
Trd, 000108.483, 160
Trd, 000108.950, 159
Trd, 000109.767, 152
Trd, 000110.300, 157
Trd, 000110.417, 176
Trd, 000110.800, 152
Trd, 000111.383, 152
Trd, 000111.867, 166
Trd, 000112.083, 155
Trd, 000112.317, 167
Trd, 000112.517, 169
Trd, 000112.883, 154
Trd, 000114.683, 172
Trd, 000115.100, 164
Trd, 000115.300, 162
Trd, 000117.133, 165
Trd, 000118.017, 170
Trd, 000118.067, 164
Trd, 000118.583, 157
Trd, 000118.683, 168
Trd, 000119.100, 160
Trd, 000119.400, 156
Trd, 000119.433, 169
Trd, 000120.317, 169
Trd, 000120.833, 167
Trd, 000122.267, 166
Trd, 000122.550, 170
Trd, 000123.167, 173
Trd, 000123.733, 162
Trd, 000124.050, 174
Trd, 000124.517, 174
Trd, 000125.017, 173
Trd, 000125.417, 164
Trd, 000126.067, 153
Trd, 000126.350, 174
Trd, 000127.550, 149
Trd, 000127.967, 155
Trd, 000128.800, 161
Trd, 000129.267, 163
Trd, 000130.233, 163
Trd, 000130.300, 161
Trd, 000130.750, 168
Trd, 000131.550, 161
Trd, 000131.950, 171
Trd, 000132.333, 176
Trd, 000133.133, 175
Trd, 000133.783, 158
Trd, 000133.967, 158
Trd, 000134.350, 177
Trd, 000134.967, 178
Trd, 000135.517, 179
Trd, 000135.950, 157
Trd, 000136.200, 156
Trd, 000136.933, 155
Trd, 000138.017, 175
Trd, 000138.033, 159
Trd, 000138.400, 158
Trd, 000138.967, 166
Trd, 000139.300, 158
Trd, 000140.733, 160
Trd, 000141.033, 162
Trd, 000142.150, 162
Trd, 000142.400, 172
Trd, 000142.467, 158
Trd, 000142.933, 159
Trd, 000143.217, 176
Trd, 000143.367, 179
Trd, 000143.850, 157
Trd, 000144.483, 156
Trd, 000144.650, 169
Trd, 000144.700, 169
Trd, 000146.117, 155
Trd, 000149.083, 159
Trd, 000149.250, 162
Trd, 000149.400, 160
Trd, 000150.783, 163
Trd, 000151.017, 165
Trd, 000151.167, 160
Trd, 000151.467, 166
Trd, 000151.567, 170
Trd, 000152.667, 160
Trd, 000153.133, 156
Trd, 000154.267, 176
Trd, 000154.367, 177
Trd, 000155.183, 161
Trd, 000156.250, 172
Trd, 000156.300, 161
Trd, 000157.333, 162
Trd, 000157.383, 159
Trd, 000157.550, 166
Trd, 000159.683, 158
Trd, 000159.833, 165
Trd, 000159.917, 157
Trd, 000160.317, 169
Trd, 000160.450, 171
Trd, 000161.367, 173
Trd, 000162.700, 172
Trd, 000162.917, 174
Trd, 000163.167, 165
Trd, 000164.033, 175
Trd, 000164.217, 174
Trd, 000164.717, 178
Trd, 000165.367, 165
Trd, 000165.700, 164
Trd, 000165.800, 162
Trd, 000166.967, 161
Trd, 000167.217, 173
Trd, 000167.517, 175
Trd, 000168.017, 176
Trd, 000168.550, 160
Trd, 000169.983, 164
Trd, 000170.150, 157
Trd, 000170.500, 176
Trd, 000170.900, 174
Trd, 000171.783, 164
Trd, 000172.050, 153
Trd, 000172.350, 153
Trd, 000172.867, 158
Trd, 000172.967, 155
Trd, 000173.033, 155
Trd, 000174.667, 158
Trd, 000175.233, 160
Trd, 000175.267, 159
Trd, 000175.917, 168
Trd, 000176.700, 172
Trd, 000177.633, 179
Trd, 000179.217, 182
Trd, 000179.667, 177
Trd, 000179.967, 177
Trd, 000180.050, 175
Trd, 000181.217, 174
Trd, 000181.383, 175
Trd, 000181.783, 172
Trd, 000181.933, 176
Trd, 000182.567, 162
Trd, 000183.367, 158
Trd, 000183.600, 177
Trd, 000184.067, 169
Trd, 000184.417, 144
Trd, 000185.350, 160
Trd, 000185.983, 160
Trd, 000187.717, 163
Trd, 000187.750, 157
Trd, 000188.267, 158
Trd, 000188.750, 160
Trd, 000188.767, 174
Trd, 000189.917, 170
Trd, 000190.117, 169
Trd, 000190.767, 170
Trd, 000191.767, 177
Trd, 000192.050, 181
Trd, 000192.350, 166
Trd, 000192.733, 177
Trd, 000193.567, 169
Trd, 000194.367, 183
Trd, 000194.567, 170
Trd, 000194.983, 184
Trd, 000195.133, 163
Trd, 000195.950, 167
Trd, 000197.533, 170
Trd, 000197.633, 167
Trd, 000198.017, 166
Trd, 000199.800, 161
Trd, 000200.000, 169
Trd, 000200.300, 173
Trd, 000200.950, 178
Trd, 000201.400, 165
Trd, 000201.417, 183
Trd, 000202.750, 164
Trd, 000203.417, 161
Trd, 000203.567, 171
Trd, 000203.833, 160
Trd, 000203.900, 161
Trd, 000204.367, 165
Trd, 000205.417, 175
Trd, 000206.150, 178
Trd, 000206.900, 174
Trd, 000207.550, 180
Trd, 000207.733, 174
Trd, 000208.483, 173
Trd, 000209.550, 175
Trd, 000209.817, 173
Trd, 000210.217, 181
Trd, 000210.250, 182
Trd, 000210.400, 165
Trd, 000210.583, 161
Trd, 000211.967, 169
Trd, 000212.967, 167
Trd, 000213.517, 166
Trd, 000213.883, 165
Trd, 000214.283, 169
Trd, 000215.433, 176
Trd, 000215.933, 179
Trd, 000216.083, 183
Trd, 000216.133, 164
Trd, 000216.600, 186
Trd, 000216.700, 185
Trd, 000216.933, 166
Trd, 000217.583, 188
Trd, 000219.150, 186
Trd, 000219.267, 171
Trd, 000220.050, 173
Trd, 000220.767, 174
Trd, 000221.067, 173
Trd, 000221.600, 166
Trd, 000222.317, 162
Trd, 000222.900, 171
Trd, 000224.300, 165
Trd, 000224.650, 167
Trd, 000224.983, 170
Trd, 000225.417, 177
Trd, 000225.600, 180
Trd, 000226.750, 184
Trd, 000228.283, 163
Trd, 000228.967, 162
Trd, 000229.250, 170
Trd, 000229.733, 167
Trd, 000229.817, 168
Trd, 000230.283, 186
Trd, 000231.450, 188
Trd, 000232.200, 168
Trd, 000233.917, 178
Trd, 000234.867, 173
Trd, 000235.017, 169
Trd, 000235.233, 169
Trd, 000235.883, 174
Trd, 000236.050, 168
Trd, 000236.067, 168
Trd, 000237.117, 167
Trd, 000237.650, 172
Trd, 000237.900, 181
Trd, 000238.350, 168
Trd, 000239.050, 168
Trd, 000239.617, 169
Trd, 000239.833, 189
Trd, 000240.100, 183
Trd, 000240.133, 184
Trd, 000240.183, 170
Trd, 000241.150, 178
Trd, 000241.333, 172
Trd, 000241.650, 172
Trd, 000241.717, 171
Trd, 000241.900, 169
Trd, 000242.233, 165
Trd, 000243.167, 164
Trd, 000243.683, 158
Trd, 000244.250, 155
Trd, 000244.800, 158
Trd, 000244.850, 168
Trd, 000244.883, 172
Trd, 000246.417, 165
Trd, 000247.183, 179
Trd, 000247.900, 176
Trd, 000248.117, 175
Trd, 000248.333, 174
Trd, 000249.733, 169
Trd, 000249.817, 165
Trd, 000250.083, 173
Trd, 000250.350, 170
Trd, 000250.550, 170
Trd, 000250.600, 180
Trd, 000251.100, 172
Trd, 000251.567, 182
Trd, 000253.217, 175
Trd, 000253.700, 177
Trd, 000254.300, 186
Trd, 000254.867, 182
Trd, 000255.000, 178
Trd, 000255.033, 183
Trd, 000255.633, 178
Trd, 000255.767, 181
Trd, 000255.950, 180
Trd, 000256.033, 177
Trd, 000256.433, 178
Trd, 000257.400, 174
Trd, 000258.033, 172
Trd, 000258.367, 175
Trd, 000258.933, 173
Trd, 000259.333, 172
Trd, 000259.633, 170
Trd, 000260.217, 176
Trd, 000261.933, 171
Trd, 000262.083, 174
Trd, 000262.317, 175
Trd, 000262.667, 177
Trd, 000263.367, 178
Trd, 000264.067, 176
Trd, 000264.200, 172
Trd, 000264.483, 177
Trd, 000264.650, 170
Trd, 000265.050, 170
Trd, 000265.550, 177
Trd, 000266.033, 167
Trd, 000267.200, 173
Trd, 000267.467, 173
Trd, 000267.783, 169
Trd, 000267.883, 172
Trd, 000268.100, 171
Trd, 000268.717, 182
Trd, 000270.367, 175
Trd, 000270.450, 173
Trd, 000270.917, 174
Trd, 000271.483, 173
Trd, 000271.683, 177
Trd, 000271.933, 180
Trd, 000272.333, 173
Trd, 000272.633, 171
Trd, 000273.433, 176
Trd, 000273.767, 175
Trd, 000273.783, 172
Trd, 000273.967, 170
Trd, 000275.367, 169
Trd, 000276.033, 171
Trd, 000276.283, 176
Trd, 000276.500, 176
Trd, 000276.800, 178
Trd, 000277.333, 171
Trd, 000277.350, 183
Trd, 000277.933, 177
Trd, 000278.117, 178
Trd, 000278.817, 174
Trd, 000279.300, 179
Trd, 000281.433, 188
Trd, 000281.550, 186
Trd, 000281.567, 189
Trd, 000282.000, 187
Trd, 000282.550, 185
Trd, 000283.567, 169
Trd, 000283.583, 168
Trd, 000283.700, 170
Trd, 000283.967, 172
Trd, 000284.067, 172
Trd, 000285.017, 175
Trd, 000285.617, 175
Trd, 000285.917, 172
Trd, 000286.150, 176
Trd, 000286.717, 184
Trd, 000287.050, 188
Trd, 000287.083, 175
Trd, 000287.100, 172
Trd, 000287.617, 168
Trd, 000287.767, 166
Trd, 000288.617, 167
Trd, 000289.133, 172
Trd, 000289.617, 160
Trd, 000289.867, 158
Trd, 000290.167, 173
Trd, 000290.783, 170
Trd, 000291.117, 168
Trd, 000291.417, 173
Trd, 000291.567, 174
Trd, 000292.000, 175
Trd, 000292.150, 177
Trd, 000292.567, 180
Trd, 000292.617, 184
Trd, 000293.850, 170
Trd, 000295.117, 177
Trd, 000295.483, 180
Trd, 000295.633, 191
Trd, 000295.750, 174
Trd, 000296.183, 173
Trd, 000296.383, 174
Trd, 000296.650, 178
Trd, 000297.550, 178
Trd, 000297.567, 174
Trd, 000297.950, 181
Trd, 000298.017, 185
Trd, 000299.083, 180
Trd, 000299.317, 175
Trd, 000299.483, 186
Trd, 000299.583, 187
