Trd, 000001.417, 136
Trd, 000001.567, 172
Trd, 000001.883, 193
Trd, 000003.583, 157
Trd, 000003.633, 141
Trd, 000003.767, 125
Trd, 000005.283, 148
Trd, 000006.017, 154
Trd, 000007.233, 149
Trd, 000007.333, 149
Trd, 000007.600, 146
Trd, 000008.667, 148
Trd, 000010.167, 147
Trd, 000010.717, 147
Trd, 000010.800, 145
Trd, 000011.183, 146
Trd, 000011.717, 145
Trd, 000011.900, 146
Trd, 000013.450, 147
Trd, 000013.533, 143
Trd, 000014.867, 142
Trd, 000015.000, 146
Trd, 000015.817, 146
Trd, 000017.233, 144
Trd, 000017.967, 142
Trd, 000018.983, 142
Trd, 000019.533, 143
Trd, 000019.900, 141
Trd, 000020.317, 142
Trd, 000020.567, 143
Trd, 000020.617, 143
Trd, 000021.550, 146
Trd, 000021.800, 155
Trd, 000022.083, 140
Trd, 000022.750, 143
Trd, 000023.000, 143
Trd, 000023.283, 143
Trd, 000023.400, 141
Trd, 000024.467, 141
Trd, 000025.033, 135
Trd, 000026.733, 142
Trd, 000028.117, 142
Trd, 000028.383, 137
Trd, 000029.300, 137
Trd, 000030.183, 137
Trd, 000030.417, 139
Trd, 000030.700, 137
Trd, 000030.967, 140
Trd, 000031.983, 140
Trd, 000032.000, 139
Trd, 000032.833, 146
Trd, 000033.833, 141
Trd, 000034.517, 140
Trd, 000035.000, 144
Trd, 000035.383, 140
Trd, 000035.583, 145
Trd, 000036.667, 145
Trd, 000036.950, 141
Trd, 000037.617, 145
Trd, 000038.283, 145
Trd, 000039.200, 145
Trd, 000039.367, 146
Trd, 000040.033, 143
Trd, 000040.300, 141
Trd, 000040.633, 141
Trd, 000040.733, 145
Trd, 000042.150, 141
Trd, 000042.233, 146
Trd, 000042.717, 148
Trd, 000043.667, 146
Trd, 000044.950, 146
Trd, 000045.700, 145
Trd, 000045.817, 145
Trd, 000045.917, 146
Trd, 000046.450, 144
Trd, 000046.500, 145
Trd, 000047.733, 143
Trd, 000048.600, 145
Trd, 000048.667, 149
Trd, 000050.450, 149
Trd, 000050.483, 143
Trd, 000051.750, 148
Trd, 000051.917, 148
Trd, 000052.317, 149
Trd, 000052.917, 148
Trd, 000053.050, 143
Trd, 000053.750, 147
Trd, 000055.400, 147
Trd, 000055.467, 149
Trd, 000056.183, 143
Trd, 000056.250, 159
Trd, 000056.400, 160
Trd, 000058.400, 157
Trd, 000059.633, 155
Trd, 000059.733, 155
Trd, 000060.017, 154
Trd, 000060.033, 155
Trd, 000060.083, 154
Trd, 000061.567, 132
Trd, 000063.100, 152
Trd, 000063.117, 154
Trd, 000063.383, 150
Trd, 000063.883, 149
Trd, 000063.950, 147
Trd, 000064.200, 147
Trd, 000065.533, 147
Trd, 000065.617, 149
Trd, 000066.967, 145
Trd, 000067.083, 134
Trd, 000068.767, 145
Trd, 000069.533, 147
Trd, 000069.583, 148
Trd, 000070.133, 143
Trd, 000070.633, 148
Trd, 000070.900, 148
Trd, 000071.183, 149
Trd, 000072.183, 150
Trd, 000072.583, 150
Trd, 000072.950, 152
Trd, 000073.500, 147
Trd, 000073.633, 149
Trd, 000075.650, 146
Trd, 000075.817, 146
Trd, 000076.433, 145
Trd, 000076.600, 148
Trd, 000077.433, 151
Trd, 000079.067, 149
Trd, 000079.233, 150
Trd, 000079.533, 150
Trd, 000079.700, 149
Trd, 000080.167, 148
Trd, 000080.983, 151
Trd, 000081.617, 150
Trd, 000081.650, 151
Trd, 000082.083, 151
Trd, 000083.567, 150
Trd, 000083.800, 153
Trd, 000084.500, 150
Trd, 000084.633, 151
Trd, 000085.000, 152
Trd, 000085.450, 163
Trd, 000085.733, 174
Trd, 000088.600, 162
Trd, 000088.667, 163
Trd, 000088.900, 163
Trd, 000090.467, 160
Trd, 000090.483, 159
Trd, 000090.883, 157
Trd, 000090.933, 160
Trd, 000091.533, 160
Trd, 000092.100, 160
Trd, 000092.400, 159
Trd, 000092.750, 158
Trd, 000092.833, 155
Trd, 000093.333, 163
Trd, 000094.950, 160
Trd, 000095.000, 158
Trd, 000096.117, 160
Trd, 000097.133, 158
Trd, 000097.633, 159
Trd, 000097.750, 156
Trd, 000098.017, 160
Trd, 000098.033, 133
Trd, 000098.533, 161
Trd, 000099.267, 161
Trd, 000099.450, 165
Trd, 000100.083, 165
Trd, 000101.433, 167
Trd, 000101.683, 166
Trd, 000102.133, 165
Trd, 000103.117, 166
Trd, 000103.200, 167
Trd, 000103.817, 175
Trd, 000104.267, 170
Trd, 000104.783, 164
Trd, 000106.567, 163
Trd, 000107.183, 157
Trd, 000107.300, 141
Trd, 000108.550, 161
Trd, 000109.200, 161
Trd, 000109.417, 162
Trd, 000109.950, 160
Trd, 000110.033, 161
Trd, 000110.450, 158
Trd, 000110.833, 157
Trd, 000111.833, 155
Trd, 000112.133, 156
Trd, 000113.050, 158
Trd, 000113.683, 161
Trd, 000114.233, 157
Trd, 000114.683, 158
Trd, 000115.000, 158
Trd, 000115.050, 159
Trd, 000115.333, 156
Trd, 000115.800, 166
Trd, 000116.033, 153
Trd, 000117.650, 156
Trd, 000117.750, 162
Trd, 000118.667, 158
Trd, 000118.883, 156
Trd, 000120.100, 155
Trd, 000121.050, 160
Trd, 000121.600, 147
Trd, 000122.233, 134
Trd, 000122.483, 156
Trd, 000123.617, 155
Trd, 000124.733, 155
Trd, 000124.767, 156
Trd, 000125.083, 156
Trd, 000125.683, 157
Trd, 000125.850, 157
Trd, 000125.917, 158
Trd, 000126.167, 163
Trd, 000126.267, 152
Trd, 000126.450, 166
Trd, 000126.917, 167
Trd, 000127.283, 155
Trd, 000128.483, 165
Trd, 000128.583, 178
Trd, 000128.617, 184
Trd, 000130.417, 170
Trd, 000130.933, 169
Trd, 000131.717, 167
Trd, 000131.800, 166
Trd, 000132.133, 160
Trd, 000132.200, 166
Trd, 000133.167, 161
Trd, 000133.183, 163
Trd, 000134.517, 158
Trd, 000135.233, 142
Trd, 000135.667, 144
Trd, 000135.683, 144
Trd, 000136.283, 150
Trd, 000136.633, 149
Trd, 000137.133, 150
Trd, 000137.417, 150
Trd, 000137.617, 149
Trd, 000138.283, 150
Trd, 000139.083, 149
Trd, 000139.433, 150
Trd, 000139.667, 154
Trd, 000141.200, 151
Trd, 000142.533, 150
Trd, 000142.900, 152
Trd, 000143.150, 153
Trd, 000143.283, 155
Trd, 000144.633, 153
Trd, 000145.233, 169
Trd, 000146.133, 159
Trd, 000146.417, 156
Trd, 000146.717, 160
Trd, 000146.917, 160
Trd, 000147.083, 161
Trd, 000147.517, 180
Trd, 000147.617, 166
Trd, 000149.317, 167
Trd, 000149.450, 169
Trd, 000150.033, 168
Trd, 000151.183, 167
Trd, 000151.400, 165
Trd, 000152.117, 171
Trd, 000153.750, 169
Trd, 000154.033, 166
Trd, 000154.050, 167
Trd, 000154.333, 170
Trd, 000155.000, 168
Trd, 000155.517, 166
Trd, 000158.983, 164
Trd, 000159.217, 165
Trd, 000159.800, 165
Trd, 000160.183, 165
Trd, 000160.383, 166
Trd, 000160.433, 169
Trd, 000161.017, 164
Trd, 000161.333, 169
Trd, 000161.817, 164
Trd, 000162.333, 170
Trd, 000164.367, 170
Trd, 000164.783, 171
Trd, 000165.617, 165
Trd, 000165.833, 162
Trd, 000166.133, 171
Trd, 000167.483, 163
Trd, 000168.600, 163
Trd, 000168.650, 167
Trd, 000169.600, 162
Trd, 000169.733, 165
Trd, 000170.550, 165
Trd, 000170.783, 164
Trd, 000171.350, 164
Trd, 000172.483, 164
Trd, 000172.883, 166
Trd, 000173.400, 166
Trd, 000173.933, 164
Trd, 000174.133, 165
Trd, 000174.700, 163
Trd, 000175.883, 163
Trd, 000176.083, 162
Trd, 000176.167, 164
Trd, 000176.417, 159
Trd, 000176.767, 165
Trd, 000178.783, 165
Trd, 000179.450, 165
Trd, 000179.517, 164
Trd, 000181.133, 164
Trd, 000181.267, 165
Trd, 000181.850, 172
Trd, 000182.617, 168
Trd, 000182.950, 167
Trd, 000184.250, 166
Trd, 000184.433, 167
Trd, 000184.600, 168
Trd, 000185.067, 148
Trd, 000185.450, 168
Trd, 000185.783, 168
Trd, 000185.933, 163
Trd, 000186.367, 167
Trd, 000187.850, 168
Trd, 000188.050, 164
Trd, 000188.433, 168
Trd, 000188.667, 169
Trd, 000188.750, 164
Trd, 000189.050, 145
Trd, 000189.367, 174
Trd, 000191.083, 172
Trd, 000192.767, 169
Trd, 000193.800, 167
Trd, 000194.383, 166
Trd, 000194.533, 163
Trd, 000194.567, 166
Trd, 000195.150, 166
Trd, 000195.233, 166
Trd, 000195.317, 167
Trd, 000195.667, 150
Trd, 000196.850, 174
Trd, 000199.217, 163
Trd, 000199.233, 163
Trd, 000199.450, 164
Trd, 000199.617, 164
Trd, 000199.733, 166
Trd, 000200.467, 166
Trd, 000201.583, 163
Trd, 000202.133, 163
Trd, 000202.150, 163
Trd, 000202.183, 164
Trd, 000204.050, 162
Trd, 000204.167, 146
Trd, 000204.733, 164
Trd, 000204.933, 165
Trd, 000205.900, 164
Trd, 000206.083, 164
Trd, 000206.850, 163
Trd, 000206.883, 162
Trd, 000207.583, 164
Trd, 000208.683, 149
Trd, 000208.783, 161
Trd, 000209.100, 163
Trd, 000209.400, 165
Trd, 000210.150, 163
Trd, 000210.933, 161
Trd, 000211.050, 163
Trd, 000211.133, 159
Trd, 000211.650, 177
Trd, 000213.117, 186
Trd, 000214.067, 162
Trd, 000214.467, 168
Trd, 000214.650, 171
Trd, 000215.483, 178
Trd, 000216.933, 175
Trd, 000217.100, 179
Trd, 000218.017, 168
Trd, 000218.517, 174
Trd, 000219.617, 174
Trd, 000220.200, 173
Trd, 000220.433, 169
Trd, 000220.500, 170
Trd, 000220.817, 168
Trd, 000221.767, 168
Trd, 000222.583, 169
Trd, 000222.833, 169
Trd, 000223.567, 167
Trd, 000224.000, 169
Trd, 000224.217, 171
Trd, 000225.467, 177
Trd, 000225.700, 166
Trd, 000225.883, 148
Trd, 000226.583, 165
Trd, 000226.917, 170
Trd, 000227.550, 168
Trd, 000227.583, 165
Trd, 000227.733, 164
Trd, 000227.967, 168
Trd, 000228.817, 167
Trd, 000229.417, 166
Trd, 000230.150, 186
Trd, 000230.483, 187
Trd, 000231.900, 174
Trd, 000233.000, 172
Trd, 000233.250, 171
Trd, 000233.317, 169
Trd, 000234.117, 154
Trd, 000234.967, 163
Trd, 000235.550, 170
Trd, 000236.583, 169
Trd, 000236.867, 162
Trd, 000237.450, 169
Trd, 000237.533, 170
Trd, 000238.317, 179
Trd, 000238.633, 166
Trd, 000239.167, 166
Trd, 000239.417, 173
Trd, 000240.000, 165
Trd, 000240.050, 187
Trd, 000240.450, 175
Trd, 000240.950, 175
Trd, 000241.000, 177
Trd, 000241.317, 188
Trd, 000241.817, 189
Trd, 000242.050, 189
Trd, 000242.683, 177
Trd, 000243.050, 178
Trd, 000243.400, 177
Trd, 000244.650, 176
Trd, 000245.117, 176
Trd, 000246.300, 174
Trd, 000246.383, 175
Trd, 000246.900, 172
Trd, 000246.983, 172
Trd, 000247.217, 168
Trd, 000247.850, 165
Trd, 000248.217, 161
Trd, 000248.800, 164
Trd, 000249.750, 165
Trd, 000250.000, 166
Trd, 000250.517, 163
Trd, 000251.167, 165
Trd, 000251.300, 167
Trd, 000251.583, 165
Trd, 000252.300, 165
Trd, 000252.800, 165
Trd, 000253.167, 166
Trd, 000253.217, 166
Trd, 000253.650, 164
Trd, 000253.933, 169
Trd, 000254.333, 165
Trd, 000255.250, 169
Trd, 000255.400, 170
Trd, 000256.033, 169
Trd, 000256.533, 176
Trd, 000256.883, 174
Trd, 000257.717, 177
Trd, 000257.817, 172
Trd, 000258.100, 177
Trd, 000258.200, 169
Trd, 000258.383, 178
Trd, 000258.433, 178
Trd, 000258.900, 171
Trd, 000259.500, 172
Trd, 000259.950, 176
Trd, 000259.983, 175
Trd, 000260.933, 172
Trd, 000261.667, 170
Trd, 000262.150, 168
Trd, 000262.200, 172
Trd, 000262.650, 170
Trd, 000262.900, 173
Trd, 000263.550, 176
Trd, 000263.617, 177
Trd, 000263.817, 172
Trd, 000264.467, 176
Trd, 000265.300, 176
Trd, 000265.783, 173
Trd, 000266.267, 173
Trd, 000266.283, 171
Trd, 000266.483, 173
Trd, 000267.550, 173
Trd, 000267.583, 174
Trd, 000268.233, 181
Trd, 000268.817, 180
Trd, 000269.083, 185
Trd, 000269.783, 183
Trd, 000270.117, 180
Trd, 000270.183, 181
Trd, 000271.200, 174
Trd, 000271.483, 168
Trd, 000272.167, 171
Trd, 000272.717, 172
Trd, 000272.783, 176
Trd, 000272.967, 178
Trd, 000273.217, 176
Trd, 000275.117, 171
Trd, 000275.417, 173
Trd, 000275.550, 171
Trd, 000275.867, 170
Trd, 000275.933, 174
Trd, 000276.283, 174
Trd, 000276.650, 170
Trd, 000277.317, 166
Trd, 000278.150, 170
Trd, 000278.600, 169
Trd, 000279.550, 170
Trd, 000279.650, 169
Trd, 000280.000, 164
Trd, 000280.567, 169
Trd, 000281.183, 168
Trd, 000281.300, 169
Trd, 000281.700, 169
Trd, 000281.800, 172
Trd, 000281.867, 179
Trd, 000282.233, 167
Trd, 000282.683, 180
Trd, 000283.100, 174
Trd, 000283.867, 174
Trd, 000284.500, 170
Trd, 000285.350, 169
Trd, 000285.517, 174
Trd, 000286.033, 168
Trd, 000286.183, 168
Trd, 000286.433, 174
Trd, 000286.500, 175
Trd, 000286.983, 168
Trd, 000287.100, 174
Trd, 000287.167, 167
Trd, 000287.933, 167
Trd, 000288.283, 173
Trd, 000288.317, 167
Trd, 000288.433, 179
Trd, 000288.600, 182
Trd, 000289.250, 177
Trd, 000289.583, 177
Trd, 000290.200, 167
Trd, 000290.717, 166
Trd, 000291.533, 177
Trd, 000292.550, 168
Trd, 000293.167, 176
Trd, 000293.883, 173
Trd, 000293.917, 168
Trd, 000294.300, 173
Trd, 000294.450, 173
Trd, 000295.133, 175
Trd, 000295.500, 167
Trd, 000296.167, 171
Trd, 000296.200, 179
Trd, 000296.750, 177
Trd, 000296.833, 167
Trd, 000297.033, 166
Trd, 000297.500, 182
Trd, 000297.783, 166
Trd, 000299.150, 181
Trd, 000299.300, 170
Trd, 000299.417, 185
Trd, 000299.633, 180
Trd, 000299.850, 167
