Trd, 000001.000, 110
Trd, 000001.117, 127
Trd, 000002.650, 117
Trd, 000002.817, 123
Trd, 000003.300, 127
Trd, 000003.317, 138
Trd, 000004.250, 136
Trd, 000004.467, 131
Trd, 000005.517, 151
Trd, 000006.100, 159
Trd, 000006.733, 151
Trd, 000007.600, 154
Trd, 000007.800, 157
Trd, 000008.850, 153
Trd, 000009.633, 155
Trd, 000009.933, 154
Trd, 000010.483, 153
Trd, 000010.817, 153
Trd, 000010.967, 154
Trd, 000011.117, 152
Trd, 000011.467, 150
Trd, 000011.950, 153
Trd, 000013.567, 152
Trd, 000013.683, 151
Trd, 000013.983, 152
Trd, 000014.100, 163
Trd, 000014.133, 169
Trd, 000015.017, 162
Trd, 000015.717, 159
Trd, 000016.500, 150
Trd, 000016.617, 158
Trd, 000017.550, 159
Trd, 000019.317, 156
Trd, 000019.867, 159
Trd, 000020.167, 157
Trd, 000020.200, 156
Trd, 000020.367, 158
Trd, 000021.283, 161
Trd, 000022.717, 160
Trd, 000022.850, 159
Trd, 000023.683, 174
Trd, 000023.717, 176
Trd, 000023.950, 161
Trd, 000025.233, 163
Trd, 000025.700, 164
Trd, 000026.100, 164
Trd, 000026.283, 165
Trd, 000026.600, 187
Trd, 000027.533, 186
Trd, 000029.183, 172
Trd, 000029.533, 167
Trd, 000029.600, 160
Trd, 000030.483, 168
Trd, 000030.700, 167
Trd, 000030.800, 158
Trd, 000032.283, 164
Trd, 000032.583, 163
Trd, 000032.633, 165
Trd, 000033.967, 163
Trd, 000034.750, 162
Trd, 000035.367, 162
Trd, 000036.533, 163
Trd, 000037.133, 165
Trd, 000037.950, 165
Trd, 000038.067, 161
Trd, 000039.567, 162
Trd, 000040.417, 161
Trd, 000040.717, 161
Trd, 000041.050, 159
Trd, 000041.883, 158
Trd, 000042.083, 158
Trd, 000042.183, 156
Trd, 000042.800, 161
Trd, 000043.883, 159
Trd, 000044.500, 155
Trd, 000044.583, 158
Trd, 000045.300, 155
Trd, 000045.833, 155
Trd, 000046.117, 155
Trd, 000046.733, 156
Trd, 000046.950, 156
Trd, 000047.683, 155
Trd, 000048.067, 154
Trd, 000048.633, 152
Trd, 000048.983, 155
Trd, 000049.533, 156
Trd, 000049.933, 155
Trd, 000050.200, 154
Trd, 000050.317, 156
Trd, 000051.083, 161
Trd, 000051.350, 161
Trd, 000052.850, 162
Trd, 000053.333, 163
Trd, 000053.483, 163
Trd, 000053.750, 162
Trd, 000054.133, 162
Trd, 000054.483, 161
Trd, 000054.767, 162
Trd, 000055.017, 166
Trd, 000055.083, 167
Trd, 000055.933, 166
Trd, 000057.100, 168
Trd, 000057.350, 166
Trd, 000057.367, 191
Trd, 000057.567, 154
Trd, 000057.817, 154
Trd, 000058.033, 174
Trd, 000058.317, 153
Trd, 000061.117, 156
Trd, 000061.500, 157
Trd, 000063.350, 158
Trd, 000063.433, 158
Trd, 000064.567, 157
Trd, 000064.700, 158
Trd, 000064.850, 157
Trd, 000065.350, 155
Trd, 000065.833, 156
Trd, 000066.083, 154
Trd, 000066.167, 158
Trd, 000066.567, 156
Trd, 000066.650, 159
Trd, 000066.933, 158
Trd, 000068.483, 160
Trd, 000068.783, 163
Trd, 000069.033, 173
Trd, 000069.433, 175
Trd, 000070.567, 180
Trd, 000070.883, 158
Trd, 000071.100, 155
Trd, 000071.500, 159
Trd, 000071.633, 148
Trd, 000072.783, 157
Trd, 000073.250, 158
Trd, 000073.817, 163
Trd, 000074.217, 169
Trd, 000075.333, 172
Trd, 000075.383, 168
Trd, 000076.517, 170
Trd, 000076.583, 168
Trd, 000076.783, 172
Trd, 000077.167, 167
Trd, 000077.800, 166
Trd, 000079.067, 171
Trd, 000079.667, 170
Trd, 000079.950, 165
Trd, 000080.067, 165
Trd, 000080.900, 165
Trd, 000080.967, 164
Trd, 000081.800, 157
Trd, 000082.033, 156
Trd, 000082.767, 160
Trd, 000083.200, 161
Trd, 000083.533, 158
Trd, 000084.167, 159
Trd, 000084.467, 160
Trd, 000084.617, 161
Trd, 000084.700, 150
Trd, 000085.400, 170
Trd, 000086.183, 176
Trd, 000086.267, 176
Trd, 000086.750, 175
Trd, 000086.967, 157
Trd, 000089.450, 174
Trd, 000089.500, 175
Trd, 000089.583, 174
Trd, 000089.683, 172
Trd, 000090.733, 170
Trd, 000090.917, 166
Trd, 000090.933, 160
Trd, 000092.533, 169
Trd, 000093.217, 165
Trd, 000093.400, 167
Trd, 000094.467, 167
Trd, 000094.767, 168
Trd, 000095.733, 165
Trd, 000097.167, 165
Trd, 000097.183, 168
Trd, 000097.650, 169
Trd, 000098.917, 165
Trd, 000099.017, 164
Trd, 000099.633, 166
Trd, 000100.450, 164
Trd, 000100.500, 163
Trd, 000101.550, 165
Trd, 000102.500, 166
Trd, 000102.633, 165
Trd, 000104.667, 167
Trd, 000104.733, 168
Trd, 000105.500, 166
Trd, 000105.833, 166
Trd, 000106.500, 167
Trd, 000106.683, 167
Trd, 000106.733, 167
Trd, 000106.850, 168
Trd, 000108.733, 171
Trd, 000108.783, 173
Trd, 000109.117, 172
Trd, 000110.150, 170
Trd, 000110.450, 167
Trd, 000110.650, 170
Trd, 000110.833, 169
Trd, 000111.050, 166
Trd, 000111.450, 161
Trd, 000111.617, 152
Trd, 000112.150, 158
Trd, 000112.733, 162
Trd, 000113.167, 167
Trd, 000114.017, 179
Trd, 000114.467, 169
Trd, 000114.517, 162
Trd, 000115.150, 162
Trd, 000117.100, 166
Trd, 000118.200, 167
Trd, 000118.417, 166
Trd, 000118.817, 166
Trd, 000119.433, 168
Trd, 000120.300, 171
Trd, 000120.633, 168
Trd, 000120.817, 166
Trd, 000121.050, 165
Trd, 000121.617, 166
Trd, 000122.650, 166
Trd, 000122.700, 165
Trd, 000123.583, 166
Trd, 000123.983, 165
Trd, 000124.467, 167
Trd, 000124.483, 170
Trd, 000124.950, 164
Trd, 000125.817, 169
Trd, 000126.617, 167
Trd, 000127.067, 166
Trd, 000127.400, 168
Trd, 000129.167, 170
Trd, 000129.467, 168
Trd, 000130.167, 173
Trd, 000130.733, 174
Trd, 000131.233, 172
Trd, 000132.117, 174
Trd, 000132.167, 171
Trd, 000132.967, 174
Trd, 000134.783, 171
Trd, 000134.950, 172
Trd, 000135.500, 171
Trd, 000135.700, 171
Trd, 000135.750, 170
Trd, 000136.317, 172
Trd, 000136.433, 170
Trd, 000136.867, 174
Trd, 000136.917, 175
Trd, 000137.883, 170
Trd, 000138.267, 171
Trd, 000139.200, 170
Trd, 000140.050, 168
Trd, 000140.450, 166
Trd, 000141.117, 168
Trd, 000142.133, 167
Trd, 000142.250, 168
Trd, 000142.733, 169
Trd, 000142.783, 176
Trd, 000143.533, 168
Trd, 000143.833, 172
Trd, 000144.117, 172
Trd, 000144.633, 168
Trd, 000145.017, 177
Trd, 000145.633, 185
Trd, 000145.950, 176
Trd, 000146.533, 179
Trd, 000146.733, 178
Trd, 000147.517, 180
Trd, 000149.283, 181
Trd, 000149.433, 178
Trd, 000150.883, 176
Trd, 000151.083, 169
Trd, 000151.250, 167
Trd, 000151.800, 168
Trd, 000152.000, 173
Trd, 000153.300, 173
Trd, 000153.367, 168
Trd, 000154.317, 167
Trd, 000154.483, 173
Trd, 000155.167, 167
Trd, 000155.500, 175
Trd, 000155.950, 168
Trd, 000156.933, 175
Trd, 000159.267, 173
Trd, 000159.350, 167
Trd, 000159.517, 163
Trd, 000160.400, 173
Trd, 000160.850, 169
Trd, 000161.133, 174
Trd, 000161.667, 174
Trd, 000162.333, 175
Trd, 000162.567, 175
Trd, 000163.450, 176
Trd, 000164.350, 177
Trd, 000164.583, 176
Trd, 000165.600, 177
Trd, 000165.633, 176
Trd, 000166.500, 174
Trd, 000166.817, 168
Trd, 000167.133, 176
Trd, 000167.183, 176
Trd, 000167.733, 174
Trd, 000167.783, 172
Trd, 000168.000, 184
Trd, 000169.167, 177
Trd, 000170.167, 178
Trd, 000170.983, 179
Trd, 000172.467, 179
Trd, 000172.733, 178
Trd, 000173.033, 179
Trd, 000174.233, 178
Trd, 000174.267, 179
Trd, 000174.533, 178
Trd, 000175.333, 178
Trd, 000175.700, 177
Trd, 000176.517, 181
Trd, 000176.800, 179
Trd, 000177.483, 174
Trd, 000178.083, 181
Trd, 000178.583, 181
Trd, 000178.783, 175
Trd, 000180.233, 178
Trd, 000180.300, 177
Trd, 000181.150, 177
Trd, 000181.650, 177
Trd, 000182.033, 177
Trd, 000182.750, 177
Trd, 000183.167, 177
Trd, 000183.433, 175
Trd, 000183.983, 177
Trd, 000186.300, 177
Trd, 000186.333, 178
Trd, 000187.583, 176
Trd, 000189.150, 177
Trd, 000189.183, 181
Trd, 000189.600, 176
Trd, 000189.983, 174
Trd, 000190.250, 178
Trd, 000190.317, 180
Trd, 000190.450, 173
Trd, 000191.733, 175
Trd, 000191.900, 176
Trd, 000192.017, 180
Trd, 000192.950, 176
Trd, 000194.117, 178
Trd, 000194.417, 181
Trd, 000194.750, 178
Trd, 000195.150, 177
Trd, 000195.167, 174
Trd, 000195.667, 179
Trd, 000197.700, 175
Trd, 000197.917, 177
Trd, 000198.650, 174
Trd, 000198.833, 174
Trd, 000199.167, 174
Trd, 000200.400, 176
Trd, 000200.733, 176
Trd, 000201.550, 176
Trd, 000201.867, 176
Trd, 000202.050, 177
Trd, 000202.150, 178
Trd, 000203.517, 179
Trd, 000204.750, 181
Trd, 000204.800, 180
Trd, 000204.967, 179
Trd, 000205.500, 180
Trd, 000205.700, 178
Trd, 000206.200, 178
Trd, 000206.833, 177
Trd, 000207.150, 174
Trd, 000207.233, 172
Trd, 000208.117, 169
Trd, 000208.200, 181
Trd, 000209.317, 180
Trd, 000209.533, 173
Trd, 000211.133, 173
Trd, 000211.183, 172
Trd, 000211.867, 173
Trd, 000212.567, 173
Trd, 000212.717, 172
Trd, 000212.967, 172
Trd, 000213.567, 174
Trd, 000213.750, 173
Trd, 000214.283, 172
Trd, 000214.650, 178
Trd, 000215.383, 172
Trd, 000215.433, 171
Trd, 000215.583, 179
Trd, 000216.650, 177
Trd, 000216.700, 178
Trd, 000219.200, 175
Trd, 000219.883, 179
Trd, 000219.917, 176
Trd, 000220.167, 179
Trd, 000221.233, 179
Trd, 000221.533, 177
Trd, 000221.767, 176
Trd, 000222.933, 175
Trd, 000223.050, 173
Trd, 000223.867, 176
Trd, 000224.783, 177
Trd, 000225.367, 178
Trd, 000226.317, 178
Trd, 000227.317, 179
Trd, 000228.617, 181
Trd, 000229.317, 182
Trd, 000229.567, 181
Trd, 000230.350, 181
Trd, 000230.667, 183
Trd, 000231.567, 184
Trd, 000231.667, 183
Trd, 000231.900, 180
Trd, 000232.217, 185
Trd, 000232.317, 179
Trd, 000232.733, 174
Trd, 000233.533, 176
Trd, 000234.667, 177
Trd, 000235.550, 174
Trd, 000235.783, 176
Trd, 000236.683, 176
Trd, 000237.050, 176
Trd, 000237.933, 175
Trd, 000238.567, 175
Trd, 000238.583, 178
Trd, 000239.833, 178
Trd, 000240.333, 176
Trd, 000240.617, 173
Trd, 000240.650, 174
Trd, 000240.783, 173
Trd, 000240.833, 176
Trd, 000241.167, 176
Trd, 000241.733, 177
Trd, 000242.033, 176
Trd, 000242.517, 175
Trd, 000243.100, 174
Trd, 000243.250, 177
Trd, 000243.483, 173
Trd, 000243.533, 178
Trd, 000244.067, 172
Trd, 000245.117, 177
Trd, 000245.517, 172
Trd, 000246.067, 175
Trd, 000247.000, 174
Trd, 000248.500, 176
Trd, 000248.750, 175
Trd, 000249.033, 174
Trd, 000249.200, 176
Trd, 000249.300, 175
Trd, 000249.667, 173
Trd, 000250.033, 162
Trd, 000250.100, 172
Trd, 000250.433, 174
Trd, 000251.117, 172
Trd, 000251.450, 170
Trd, 000251.783, 169
Trd, 000251.817, 172
Trd, 000252.267, 166
Trd, 000253.317, 190
Trd, 000253.433, 177
Trd, 000253.733, 166
Trd, 000254.133, 180
Trd, 000254.867, 173
Trd, 000255.600, 173
Trd, 000256.050, 175
Trd, 000256.183, 174
Trd, 000256.400, 173
Trd, 000257.100, 171
Trd, 000257.167, 175
Trd, 000257.417, 168
Trd, 000258.483, 173
Trd, 000258.550, 170
Trd, 000259.033, 169
Trd, 000259.833, 169
Trd, 000259.850, 172
Trd, 000260.333, 171
Trd, 000260.717, 171
Trd, 000261.167, 172
Trd, 000261.967, 173
Trd, 000262.833, 177
Trd, 000263.350, 171
Trd, 000264.133, 170
Trd, 000264.333, 174
Trd, 000265.033, 171
Trd, 000265.367, 174
Trd, 000265.783, 174
Trd, 000265.967, 175
Trd, 000266.067, 173
Trd, 000267.067, 176
Trd, 000267.833, 177
Trd, 000267.917, 176
Trd, 000268.300, 174
Trd, 000268.683, 182
Trd, 000268.983, 182
Trd, 000269.100, 175
Trd, 000269.333, 175
Trd, 000269.533, 180
Trd, 000269.667, 182
Trd, 000269.717, 174
Trd, 000270.250, 174
Trd, 000270.467, 173
Trd, 000271.383, 173
Trd, 000271.417, 177
Trd, 000271.700, 174
Trd, 000272.117, 172
Trd, 000272.683, 177
Trd, 000273.133, 182
Trd, 000273.517, 177
Trd, 000274.183, 175
Trd, 000274.817, 177
Trd, 000274.933, 174
Trd, 000275.383, 176
Trd, 000275.667, 176
Trd, 000276.150, 178
Trd, 000276.617, 175
Trd, 000276.850, 178
Trd, 000277.067, 172
Trd, 000277.533, 178
Trd, 000277.567, 176
Trd, 000277.783, 169
Trd, 000277.933, 172
Trd, 000278.250, 166
Trd, 000278.650, 172
Trd, 000278.767, 178
Trd, 000279.117, 170
Trd, 000280.817, 173
Trd, 000281.667, 174
Trd, 000281.800, 174
Trd, 000282.267, 174
Trd, 000282.850, 175
Trd, 000283.350, 171
Trd, 000283.583, 171
Trd, 000284.667, 172
Trd, 000285.150, 174
Trd, 000285.633, 172
Trd, 000285.667, 170
Trd, 000285.750, 169
Trd, 000287.317, 173
Trd, 000287.650, 170
Trd, 000287.950, 173
Trd, 000288.000, 176
Trd, 000288.317, 168
Trd, 000288.533, 168
Trd, 000289.333, 172
Trd, 000289.583, 177
Trd, 000290.650, 175
Trd, 000290.700, 174
Trd, 000291.467, 178
Trd, 000291.683, 180
Trd, 000292.467, 179
Trd, 000292.850, 182
Trd, 000293.933, 179
Trd, 000295.183, 181
Trd, 000295.433, 181
Trd, 000296.100, 180
Trd, 000296.167, 180
Trd, 000296.517, 181
Trd, 000296.567, 179
Trd, 000296.700, 182
Trd, 000296.900, 179
Trd, 000296.917, 178
Trd, 000297.500, 182
Trd, 000297.550, 177
Trd, 000298.467, 182
Trd, 000298.733, 178
Trd, 000298.817, 177
Trd, 000299.467, 181
Trd, 000299.500, 178
