Trd, 000002.667, 128
Trd, 000002.717, 131
Trd, 000003.567, 134
Trd, 000003.600, 125
Trd, 000003.650, 124
Trd, 000004.233, 132
Trd, 000005.767, 139
Trd, 000005.833, 141
Trd, 000006.450, 145
Trd, 000006.633, 158
Trd, 000007.167, 134
Trd, 000008.683, 151
Trd, 000008.800, 148
Trd, 000010.567, 148
Trd, 000010.833, 148
Trd, 000011.567, 148
Trd, 000011.900, 148
Trd, 000012.683, 147
Trd, 000013.250, 144
Trd, 000013.400, 146
Trd, 000013.950, 148
Trd, 000014.167, 144
Trd, 000014.383, 149
Trd, 000014.500, 143
Trd, 000015.100, 158
Trd, 000016.300, 160
Trd, 000016.467, 145
Trd, 000016.550, 176
Trd, 000016.950, 175
Trd, 000018.000, 145
Trd, 000019.150, 142
Trd, 000020.700, 152
Trd, 000021.500, 150
Trd, 000021.633, 146
Trd, 000021.767, 145
Trd, 000021.967, 149
Trd, 000023.350, 149
Trd, 000023.917, 148
Trd, 000024.183, 144
Trd, 000024.783, 146
Trd, 000025.150, 162
Trd, 000025.350, 145
Trd, 000026.117, 149
Trd, 000026.700, 146
Trd, 000027.133, 139
Trd, 000027.433, 149
Trd, 000027.600, 145
Trd, 000028.183, 146
Trd, 000029.367, 146
Trd, 000029.683, 145
Trd, 000029.917, 140
Trd, 000030.367, 156
Trd, 000030.467, 177
Trd, 000031.317, 157
Trd, 000031.983, 156
Trd, 000032.883, 157
Trd, 000032.983, 162
Trd, 000034.117, 167
Trd, 000034.550, 159
Trd, 000034.700, 157
Trd, 000034.883, 155
Trd, 000036.183, 144
Trd, 000036.783, 156
Trd, 000036.800, 140
Trd, 000037.400, 156
Trd, 000037.500, 161
Trd, 000038.300, 152
Trd, 000039.117, 158
Trd, 000040.017, 151
Trd, 000040.433, 155
Trd, 000040.867, 150
Trd, 000041.183, 154
Trd, 000042.733, 151
Trd, 000043.067, 149
Trd, 000043.350, 150
Trd, 000043.883, 149
Trd, 000044.017, 149
Trd, 000044.100, 147
Trd, 000044.317, 138
Trd, 000044.400, 151
Trd, 000045.767, 149
Trd, 000045.900, 150
Trd, 000046.467, 151
Trd, 000046.933, 151
Trd, 000047.283, 147
Trd, 000047.417, 146
Trd, 000048.217, 152
Trd, 000049.117, 151
Trd, 000049.333, 147
Trd, 000049.767, 152
Trd, 000050.033, 163
Trd, 000051.267, 176
Trd, 000051.633, 171
Trd, 000051.650, 177
Trd, 000051.933, 180
Trd, 000051.983, 155
Trd, 000052.017, 152
Trd, 000052.833, 157
Trd, 000054.283, 156
Trd, 000055.050, 154
Trd, 000055.617, 154
Trd, 000056.033, 150
Trd, 000057.233, 150
Trd, 000057.300, 148
Trd, 000057.783, 163
Trd, 000057.867, 146
Trd, 000057.933, 142
Trd, 000058.467, 151
Trd, 000058.617, 138
Trd, 000058.883, 164
Trd, 000060.017, 170
Trd, 000061.400, 161
Trd, 000062.150, 161
Trd, 000062.183, 162
Trd, 000063.967, 159
Trd, 000064.183, 157
Trd, 000065.067, 157
Trd, 000065.167, 156
Trd, 000065.317, 156
Trd, 000065.367, 150
Trd, 000065.650, 149
Trd, 000066.633, 152
Trd, 000067.417, 154
Trd, 000067.983, 152
Trd, 000068.017, 153
Trd, 000068.817, 154
Trd, 000068.917, 155
Trd, 000069.167, 150
Trd, 000069.333, 154
Trd, 000069.733, 151
Trd, 000070.617, 148
Trd, 000070.650, 139
Trd, 000071.383, 143
Trd, 000071.417, 145
Trd, 000072.550, 160
Trd, 000073.850, 148
Trd, 000074.100, 152
Trd, 000074.683, 152
Trd, 000075.100, 152
Trd, 000075.300, 146
Trd, 000075.467, 149
Trd, 000076.333, 148
Trd, 000076.583, 146
Trd, 000076.617, 148
Trd, 000077.667, 157
Trd, 000077.717, 162
Trd, 000077.850, 165
Trd, 000078.067, 160
Trd, 000080.267, 151
Trd, 000080.583, 150
Trd, 000081.117, 150
Trd, 000081.250, 149
Trd, 000082.033, 148
Trd, 000082.517, 148
Trd, 000083.517, 147
Trd, 000083.633, 146
Trd, 000083.717, 145
Trd, 000084.317, 146
Trd, 000084.400, 147
Trd, 000085.467, 145
Trd, 000085.550, 146
Trd, 000086.267, 149
Trd, 000086.533, 167
Trd, 000086.867, 158
Trd, 000088.700, 148
Trd, 000088.883, 155
Trd, 000089.667, 148
Trd, 000090.650, 148
Trd, 000090.733, 146
Trd, 000090.817, 150
Trd, 000091.783, 148
Trd, 000091.983, 147
Trd, 000092.300, 149
Trd, 000092.600, 149
Trd, 000092.817, 150
Trd, 000093.167, 168
Trd, 000094.233, 148
Trd, 000094.433, 154
Trd, 000095.417, 146
Trd, 000095.550, 148
Trd, 000096.733, 151
Trd, 000098.600, 151
Trd, 000099.217, 152
Trd, 000099.533, 152
Trd, 000100.117, 154
Trd, 000100.200, 152
Trd, 000101.317, 151
Trd, 000101.600, 154
Trd, 000101.783, 155
Trd, 000101.850, 167
Trd, 000102.167, 150
Trd, 000102.267, 147
Trd, 000102.500, 143
Trd, 000102.750, 150
Trd, 000103.017, 151
Trd, 000104.050, 152
Trd, 000104.483, 154
Trd, 000104.817, 152
Trd, 000105.400, 151
Trd, 000106.267, 156
Trd, 000106.567, 166
Trd, 000107.317, 151
Trd, 000108.500, 151
Trd, 000108.533, 150
Trd, 000109.650, 151
Trd, 000110.500, 151
Trd, 000110.600, 150
Trd, 000110.867, 149
Trd, 000111.133, 152
Trd, 000111.833, 169
Trd, 000113.217, 150
Trd, 000114.017, 152
Trd, 000114.083, 153
Trd, 000115.317, 153
Trd, 000115.500, 151
Trd, 000116.067, 150
Trd, 000116.183, 152
Trd, 000116.367, 152
Trd, 000116.833, 154
Trd, 000117.217, 156
Trd, 000118.217, 151
Trd, 000118.517, 152
Trd, 000118.917, 153
Trd, 000119.150, 151
Trd, 000119.450, 155
Trd, 000119.717, 150
Trd, 000120.117, 170
Trd, 000120.283, 151
Trd, 000120.967, 153
Trd, 000122.467, 154
Trd, 000122.717, 150
Trd, 000123.367, 151
Trd, 000123.433, 153
Trd, 000123.667, 154
Trd, 000123.950, 145
Trd, 000124.833, 171
Trd, 000124.883, 188
Trd, 000125.067, 149
Trd, 000125.417, 168
Trd, 000126.467, 151
Trd, 000127.917, 154
Trd, 000128.017, 159
Trd, 000129.033, 160
Trd, 000129.683, 155
Trd, 000130.033, 159
Trd, 000130.350, 156
Trd, 000130.900, 158
Trd, 000131.050, 159
Trd, 000131.367, 159
Trd, 000131.883, 155
Trd, 000132.100, 155
Trd, 000132.117, 156
Trd, 000132.867, 155
Trd, 000132.883, 158
Trd, 000133.000, 155
Trd, 000133.817, 164
Trd, 000134.217, 158
Trd, 000134.267, 160
Trd, 000135.867, 162
Trd, 000135.883, 161
Trd, 000137.283, 171
Trd, 000137.633, 173
Trd, 000138.717, 189
Trd, 000139.017, 165
Trd, 000139.333, 162
Trd, 000139.700, 156
Trd, 000140.817, 155
Trd, 000140.850, 157
Trd, 000141.217, 158
Trd, 000141.317, 159
Trd, 000141.550, 157
Trd, 000141.600, 156
Trd, 000142.250, 153
Trd, 000143.917, 153
Trd, 000144.000, 154
Trd, 000144.817, 151
Trd, 000145.567, 152
Trd, 000146.933, 153
Trd, 000147.167, 154
Trd, 000147.250, 155
Trd, 000148.183, 156
Trd, 000148.217, 153
Trd, 000148.300, 156
Trd, 000149.383, 152
Trd, 000150.150, 153
Trd, 000150.283, 151
Trd, 000151.100, 154
Trd, 000151.367, 159
Trd, 000152.617, 156
Trd, 000152.850, 157
Trd, 000153.117, 156
Trd, 000153.700, 175
Trd, 000154.617, 177
Trd, 000155.650, 171
Trd, 000158.017, 170
Trd, 000158.583, 167
Trd, 000158.783, 170
Trd, 000159.200, 170
Trd, 000160.767, 163
Trd, 000160.800, 161
Trd, 000161.083, 166
Trd, 000161.133, 166
Trd, 000161.400, 167
Trd, 000161.583, 164
Trd, 000163.850, 167
Trd, 000164.017, 164
Trd, 000164.233, 163
Trd, 000164.433, 166
Trd, 000165.167, 162
Trd, 000165.783, 164
Trd, 000165.917, 167
Trd, 000166.017, 159
Trd, 000166.350, 167
Trd, 000166.567, 174
Trd, 000168.167, 190
Trd, 000168.350, 191
Trd, 000168.383, 186
Trd, 000168.567, 161
Trd, 000168.967, 164
Trd, 000169.567, 179
Trd, 000169.650, 180
Trd, 000169.783, 167
Trd, 000170.083, 179
Trd, 000170.617, 159
Trd, 000171.000, 158
Trd, 000171.167, 157
Trd, 000171.400, 180
Trd, 000172.633, 169
Trd, 000173.050, 157
Trd, 000173.733, 165
Trd, 000173.800, 166
Trd, 000174.550, 161
Trd, 000174.600, 189
Trd, 000175.383, 162
Trd, 000176.333, 162
Trd, 000177.133, 164
Trd, 000178.033, 162
Trd, 000178.550, 164
Trd, 000178.850, 162
Trd, 000179.083, 161
Trd, 000179.150, 166
Trd, 000179.933, 161
Trd, 000180.067, 150
Trd, 000180.967, 164
Trd, 000181.533, 162
Trd, 000182.767, 158
Trd, 000182.950, 160
Trd, 000183.233, 156
Trd, 000184.800, 163
Trd, 000184.983, 162
Trd, 000185.233, 161
Trd, 000185.900, 162
Trd, 000186.050, 172
Trd, 000186.517, 160
Trd, 000186.783, 173
Trd, 000187.700, 159
Trd, 000188.283, 170
Trd, 000188.583, 171
Trd, 000189.450, 171
Trd, 000190.650, 160
Trd, 000191.000, 158
Trd, 000191.067, 168
Trd, 000191.150, 157
Trd, 000192.850, 158
Trd, 000192.867, 156
Trd, 000193.083, 163
Trd, 000193.367, 163
Trd, 000194.583, 159
Trd, 000195.250, 157
Trd, 000195.633, 158
Trd, 000195.967, 159
Trd, 000196.300, 157
Trd, 000196.367, 160
Trd, 000196.483, 176
Trd, 000196.717, 177
Trd, 000198.233, 185
Trd, 000198.400, 183
Trd, 000198.483, 182
Trd, 000199.283, 171
Trd, 000199.383, 187
Trd, 000199.467, 152
Trd, 000199.867, 166
Trd, 000200.250, 183
Trd, 000201.783, 178
Trd, 000203.533, 168
Trd, 000204.417, 173
Trd, 000204.583, 170
Trd, 000204.950, 173
Trd, 000205.083, 174
Trd, 000205.117, 178
Trd, 000205.533, 169
Trd, 000205.983, 168
Trd, 000208.350, 173
Trd, 000209.650, 170
Trd, 000210.633, 168
Trd, 000210.717, 169
Trd, 000211.267, 165
Trd, 000211.383, 164
Trd, 000211.550, 167
Trd, 000211.933, 168
Trd, 000212.517, 167
Trd, 000212.767, 166
Trd, 000213.367, 168
Trd, 000213.450, 186
Trd, 000214.333, 167
Trd, 000214.633, 163
Trd, 000215.050, 172
Trd, 000215.483, 166
Trd, 000217.117, 169
Trd, 000217.283, 168
Trd, 000218.100, 169
Trd, 000218.483, 166
Trd, 000218.933, 169
Trd, 000219.467, 168
Trd, 000219.783, 164
Trd, 000221.100, 169
Trd, 000221.400, 162
Trd, 000221.617, 160
Trd, 000222.317, 167
Trd, 000222.417, 168
Trd, 000223.500, 163
Trd, 000224.150, 171
Trd, 000224.167, 162
Trd, 000225.450, 163
Trd, 000225.583, 166
Trd, 000226.050, 166
Trd, 000226.167, 167
Trd, 000226.200, 180
Trd, 000227.300, 195
Trd, 000227.900, 171
Trd, 000228.717, 182
Trd, 000229.167, 171
Trd, 000229.450, 195
Trd, 000230.567, 185
Trd, 000231.333, 178
Trd, 000231.683, 166
Trd, 000231.767, 160
Trd, 000232.000, 182
Trd, 000233.367, 169
Trd, 000234.050, 170
Trd, 000235.267, 171
Trd, 000235.433, 181
Trd, 000235.683, 183
Trd, 000237.017, 177
Trd, 000237.467, 173
Trd, 000237.550, 171
Trd, 000238.667, 163
Trd, 000239.000, 164
Trd, 000239.400, 165
Trd, 000240.033, 165
Trd, 000240.850, 167
Trd, 000240.983, 168
Trd, 000241.250, 166
Trd, 000241.783, 166
Trd, 000243.150, 164
Trd, 000243.517, 165
Trd, 000243.617, 163
Trd, 000244.400, 165
Trd, 000245.233, 167
Trd, 000245.633, 168
Trd, 000246.067, 169
Trd, 000247.133, 172
Trd, 000247.417, 168
Trd, 000247.600, 183
Trd, 000248.067, 177
Trd, 000249.450, 190
Trd, 000250.067, 190
Trd, 000250.133, 187
Trd, 000250.583, 183
Trd, 000250.817, 185
Trd, 000250.933, 185
Trd, 000251.100, 181
Trd, 000251.433, 179
Trd, 000251.900, 185
Trd, 000252.950, 185
Trd, 000253.350, 183
Trd, 000253.917, 181
Trd, 000254.000, 179
Trd, 000254.117, 183
Trd, 000254.733, 180
Trd, 000254.800, 182
Trd, 000254.867, 176
Trd, 000254.900, 183
Trd, 000255.800, 170
Trd, 000256.917, 176
Trd, 000257.333, 175
Trd, 000257.467, 174
Trd, 000258.133, 177
Trd, 000258.183, 173
Trd, 000258.550, 168
Trd, 000258.733, 177
Trd, 000259.167, 176
Trd, 000259.933, 174
Trd, 000259.950, 175
Trd, 000260.133, 177
Trd, 000260.950, 175
Trd, 000261.133, 177
Trd, 000261.967, 176
Trd, 000262.300, 176
Trd, 000262.900, 177
Trd, 000263.900, 175
Trd, 000264.117, 178
Trd, 000264.200, 171
Trd, 000264.467, 184
Trd, 000264.767, 172
Trd, 000265.067, 181
Trd, 000265.467, 170
Trd, 000265.750, 173
Trd, 000266.283, 174
Trd, 000266.783, 183
Trd, 000267.117, 186
Trd, 000267.483, 183
Trd, 000267.600, 176
Trd, 000268.183, 178
Trd, 000268.333, 173
Trd, 000268.667, 178
Trd, 000268.933, 176
Trd, 000269.367, 169
Trd, 000271.083, 173
Trd, 000271.750, 173
Trd, 000271.850, 174
Trd, 000272.150, 175
Trd, 000272.950, 179
Trd, 000273.450, 175
Trd, 000274.200, 176
Trd, 000274.467, 173
Trd, 000275.050, 173
Trd, 000275.183, 173
Trd, 000275.350, 175
Trd, 000275.467, 170
Trd, 000276.383, 174
Trd, 000276.883, 167
Trd, 000276.933, 177
Trd, 000277.050, 165
Trd, 000277.717, 195
Trd, 000278.317, 181
Trd, 000279.300, 175
Trd, 000279.317, 176
Trd, 000279.650, 182
Trd, 000280.000, 183
Trd, 000280.667, 188
Trd, 000280.900, 178
Trd, 000280.967, 187
Trd, 000281.050, 178
Trd, 000281.417, 176
Trd, 000281.667, 182
Trd, 000281.850, 194
Trd, 000281.983, 174
Trd, 000282.183, 189
Trd, 000282.533, 189
Trd, 000282.950, 179
Trd, 000283.067, 168
Trd, 000284.733, 166
Trd, 000284.767, 176
Trd, 000285.617, 191
Trd, 000286.467, 184
Trd, 000286.550, 193
Trd, 000286.683, 190
Trd, 000287.083, 180
Trd, 000287.200, 191
Trd, 000287.533, 183
Trd, 000288.050, 191
Trd, 000288.483, 179
Trd, 000288.583, 191
Trd, 000288.617, 175
Trd, 000289.600, 187
Trd, 000289.800, 182
Trd, 000290.233, 187
Trd, 000291.167, 179
Trd, 000291.683, 181
Trd, 000292.900, 178
Trd, 000293.450, 187
Trd, 000294.000, 180
Trd, 000294.433, 183
Trd, 000294.517, 178
Trd, 000295.583, 186
Trd, 000296.100, 182
Trd, 000296.117, 186
Trd, 000296.567, 178
Trd, 000296.800, 188
Trd, 000297.100, 188
Trd, 000297.483, 185
Trd, 000298.017, 174
Trd, 000298.117, 185
Trd, 000298.367, 173
Trd, 000298.533, 186
Trd, 000299.533, 178
Trd, 000299.583, 173
Trd, 000299.650, 182
Trd, 000299.800, 183
