Trd, 000000.917, 144
Trd, 000001.967, 162
Trd, 000002.817, 188
Trd, 000003.533, 143
Trd, 000004.183, 127
Trd, 000004.317, 153
Trd, 000004.333, 155
Trd, 000004.650, 156
Trd, 000006.350, 154
Trd, 000007.367, 147
Trd, 000007.533, 173
Trd, 000008.117, 149
Trd, 000008.217, 180
Trd, 000010.150, 160
Trd, 000010.267, 148
Trd, 000010.550, 146
Trd, 000011.033, 145
Trd, 000012.367, 149
Trd, 000012.383, 152
Trd, 000012.483, 151
Trd, 000012.867, 150
Trd, 000013.183, 156
Trd, 000013.283, 149
Trd, 000014.300, 157
Trd, 000014.667, 148
Trd, 000014.867, 154
Trd, 000016.167, 147
Trd, 000016.867, 145
Trd, 000017.000, 138
Trd, 000017.800, 156
Trd, 000018.367, 133
Trd, 000018.983, 147
Trd, 000019.600, 140
Trd, 000020.517, 132
Trd, 000020.567, 141
Trd, 000021.767, 143
Trd, 000022.767, 147
Trd, 000023.667, 157
Trd, 000023.750, 168
Trd, 000023.983, 178
Trd, 000024.283, 147
Trd, 000024.583, 152
Trd, 000024.667, 146
Trd, 000026.800, 166
Trd, 000027.217, 167
Trd, 000027.417, 165
Trd, 000027.767, 144
Trd, 000027.967, 140
Trd, 000028.950, 142
Trd, 000029.067, 141
Trd, 000029.083, 158
Trd, 000029.383, 147
Trd, 000029.433, 140
Trd, 000030.300, 167
Trd, 000030.383, 168
Trd, 000031.883, 182
Trd, 000032.433, 165
Trd, 000032.583, 154
Trd, 000033.117, 149
Trd, 000033.367, 149
Trd, 000034.633, 147
Trd, 000035.250, 158
Trd, 000035.800, 133
Trd, 000036.850, 168
Trd, 000037.750, 167
Trd, 000038.450, 167
Trd, 000038.600, 169
Trd, 000038.767, 169
Trd, 000038.967, 168
Trd, 000039.583, 166
Trd, 000039.800, 159
Trd, 000039.850, 156
Trd, 000040.767, 166
Trd, 000040.967, 175
Trd, 000041.317, 179
Trd, 000041.617, 151
Trd, 000042.617, 179
Trd, 000042.800, 181
Trd, 000042.983, 182
Trd, 000043.300, 150
Trd, 000044.367, 149
Trd, 000045.483, 151
Trd, 000045.600, 150
Trd, 000045.783, 167
Trd, 000047.267, 158
Trd, 000048.033, 156
Trd, 000048.500, 158
Trd, 000049.367, 157
Trd, 000049.400, 156
Trd, 000049.433, 154
Trd, 000049.633, 154
Trd, 000049.800, 156
Trd, 000050.033, 150
Trd, 000050.933, 152
Trd, 000052.817, 154
Trd, 000052.833, 153
Trd, 000053.267, 156
Trd, 000053.517, 156
Trd, 000054.067, 154
Trd, 000054.400, 160
Trd, 000054.417, 170
Trd, 000054.817, 156
Trd, 000055.100, 171
Trd, 000055.517, 181
Trd, 000055.617, 155
Trd, 000055.750, 154
Trd, 000056.333, 150
Trd, 000056.650, 168
Trd, 000057.333, 150
Trd, 000057.967, 172
Trd, 000058.467, 147
Trd, 000059.083, 148
Trd, 000059.200, 149
Trd, 000060.617, 152
Trd, 000062.367, 159
Trd, 000062.633, 161
Trd, 000063.200, 154
Trd, 000064.283, 158
Trd, 000064.967, 158
Trd, 000065.550, 150
Trd, 000065.617, 169
Trd, 000066.017, 147
Trd, 000066.950, 168
Trd, 000067.667, 146
Trd, 000068.217, 162
Trd, 000069.417, 134
Trd, 000069.733, 148
Trd, 000069.800, 134
Trd, 000070.133, 160
Trd, 000070.183, 162
Trd, 000070.350, 141
Trd, 000071.800, 169
Trd, 000073.200, 169
Trd, 000073.250, 170
Trd, 000073.317, 165
Trd, 000073.433, 172
Trd, 000074.667, 154
Trd, 000074.750, 151
Trd, 000074.950, 165
Trd, 000075.467, 154
Trd, 000075.567, 151
Trd, 000075.600, 166
Trd, 000076.167, 166
Trd, 000076.217, 147
Trd, 000077.133, 149
Trd, 000077.233, 146
Trd, 000077.800, 154
Trd, 000078.900, 181
Trd, 000079.950, 160
Trd, 000080.550, 160
Trd, 000080.783, 160
Trd, 000080.933, 163
Trd, 000081.017, 167
Trd, 000082.267, 165
Trd, 000082.533, 173
Trd, 000082.800, 170
Trd, 000084.300, 167
Trd, 000084.717, 181
Trd, 000085.517, 165
Trd, 000085.650, 164
Trd, 000085.833, 163
Trd, 000086.300, 161
Trd, 000086.317, 181
Trd, 000086.583, 154
Trd, 000086.667, 152
Trd, 000086.867, 183
Trd, 000087.333, 190
Trd, 000087.817, 171
Trd, 000089.183, 163
Trd, 000090.550, 153
Trd, 000090.767, 168
Trd, 000090.917, 149
Trd, 000092.183, 156
Trd, 000093.183, 164
Trd, 000094.217, 160
Trd, 000094.283, 159
Trd, 000094.583, 162
Trd, 000094.650, 153
Trd, 000096.617, 175
Trd, 000096.833, 184
Trd, 000097.267, 160
Trd, 000098.083, 167
Trd, 000098.617, 167
Trd, 000098.700, 163
Trd, 000099.667, 165
Trd, 000099.700, 161
Trd, 000099.933, 165
Trd, 000100.833, 161
Trd, 000100.967, 160
Trd, 000101.233, 154
Trd, 000103.100, 150
Trd, 000104.817, 162
Trd, 000105.467, 156
Trd, 000105.783, 161
Trd, 000105.950, 162
Trd, 000106.217, 156
Trd, 000106.483, 155
Trd, 000106.517, 154
Trd, 000106.950, 162
Trd, 000107.400, 154
Trd, 000108.433, 165
Trd, 000108.467, 177
Trd, 000109.183, 162
Trd, 000110.117, 167
Trd, 000110.450, 166
Trd, 000110.733, 167
Trd, 000110.783, 165
Trd, 000110.983, 168
Trd, 000111.717, 161
Trd, 000111.733, 176
Trd, 000112.017, 176
Trd, 000112.233, 166
Trd, 000112.333, 176
Trd, 000112.483, 155
Trd, 000113.967, 160
Trd, 000115.033, 166
Trd, 000115.450, 167
Trd, 000116.167, 163
Trd, 000117.450, 162
Trd, 000117.617, 184
Trd, 000117.917, 151
Trd, 000118.033, 180
Trd, 000119.667, 161
Trd, 000120.500, 161
Trd, 000120.717, 165
Trd, 000120.733, 160
Trd, 000121.350, 167
Trd, 000122.350, 160
Trd, 000122.617, 159
Trd, 000123.100, 156
Trd, 000123.450, 148
Trd, 000123.533, 171
Trd, 000124.267, 162
Trd, 000124.417, 173
Trd, 000125.117, 144
Trd, 000125.950, 174
Trd, 000126.200, 178
Trd, 000127.200, 162
Trd, 000128.333, 175
Trd, 000128.383, 183
Trd, 000128.900, 165
Trd, 000128.983, 164
Trd, 000129.017, 188
Trd, 000129.683, 188
Trd, 000130.167, 160
Trd, 000130.250, 159
Trd, 000131.783, 161
Trd, 000132.017, 168
Trd, 000132.400, 159
Trd, 000133.467, 170
Trd, 000134.883, 163
Trd, 000134.917, 177
Trd, 000134.967, 162
Trd, 000135.433, 178
Trd, 000135.583, 175
Trd, 000136.967, 161
Trd, 000137.017, 160
Trd, 000137.083, 157
Trd, 000137.917, 149
Trd, 000138.117, 167
Trd, 000138.750, 168
Trd, 000139.183, 160
Trd, 000139.317, 159
Trd, 000139.567, 167
Trd, 000139.767, 159
Trd, 000140.483, 158
Trd, 000140.517, 179
Trd, 000141.183, 158
Trd, 000141.683, 148
Trd, 000142.567, 148
Trd, 000142.600, 167
Trd, 000143.100, 140
Trd, 000144.550, 163
Trd, 000145.583, 159
Trd, 000146.333, 164
Trd, 000146.917, 179
Trd, 000147.067, 160
Trd, 000147.867, 163
Trd, 000148.150, 162
Trd, 000148.450, 169
Trd, 000148.600, 170
Trd, 000148.667, 161
Trd, 000148.933, 161
Trd, 000150.517, 162
Trd, 000151.467, 177
Trd, 000151.717, 180
Trd, 000151.900, 190
Trd, 000152.600, 169
Trd, 000152.633, 170
Trd, 000154.250, 169
Trd, 000154.733, 167
Trd, 000154.883, 159
Trd, 000155.183, 171
Trd, 000155.450, 173
Trd, 000155.900, 156
Trd, 000156.900, 190
Trd, 000157.633, 159
Trd, 000158.150, 195
Trd, 000158.333, 157
Trd, 000159.833, 166
Trd, 000160.000, 197
Trd, 000160.567, 179
Trd, 000161.050, 179
Trd, 000161.450, 179
Trd, 000161.633, 178
Trd, 000162.283, 171
Trd, 000162.533, 160
Trd, 000162.617, 174
Trd, 000163.533, 150
Trd, 000163.633, 149
Trd, 000164.050, 177
Trd, 000165.783, 161
Trd, 000166.483, 160
Trd, 000166.833, 159
Trd, 000167.667, 166
Trd, 000167.850, 146
Trd, 000168.867, 165
Trd, 000169.417, 165
Trd, 000169.917, 170
Trd, 000170.033, 164
Trd, 000170.117, 172
Trd, 000170.633, 182
Trd, 000172.367, 171
Trd, 000172.967, 181
Trd, 000173.100, 170
Trd, 000174.850, 170
Trd, 000175.133, 170
Trd, 000175.183, 172
Trd, 000175.933, 182
Trd, 000176.200, 176
Trd, 000176.500, 192
Trd, 000176.883, 162
Trd, 000177.467, 166
Trd, 000178.117, 172
Trd, 000179.350, 170
Trd, 000179.500, 169
Trd, 000179.583, 168
Trd, 000179.883, 167
Trd, 000180.183, 168
Trd, 000180.500, 173
Trd, 000181.300, 173
Trd, 000182.500, 181
Trd, 000182.933, 194
Trd, 000184.367, 182
Trd, 000185.083, 182
Trd, 000185.283, 180
Trd, 000185.433, 172
Trd, 000185.783, 162
Trd, 000185.817, 151
Trd, 000185.833, 185
Trd, 000186.533, 193
Trd, 000187.050, 158
Trd, 000188.117, 158
Trd, 000189.317, 160
Trd, 000189.400, 153
Trd, 000189.783, 173
Trd, 000190.283, 157
Trd, 000190.300, 156
Trd, 000191.133, 167
Trd, 000192.050, 165
Trd, 000192.067, 163
Trd, 000192.533, 166
Trd, 000193.600, 166
Trd, 000194.183, 174
Trd, 000194.333, 166
Trd, 000194.450, 158
Trd, 000194.867, 181
Trd, 000195.317, 145
Trd, 000196.533, 164
Trd, 000196.867, 170
Trd, 000196.900, 184
Trd, 000199.033, 174
Trd, 000199.083, 175
Trd, 000199.250, 174
Trd, 000199.533, 195
Trd, 000200.017, 196
Trd, 000200.583, 183
Trd, 000200.833, 172
Trd, 000201.483, 181
Trd, 000201.833, 172
Trd, 000201.983, 168
Trd, 000202.233, 181
Trd, 000202.300, 167
Trd, 000203.183, 164
Trd, 000203.283, 145
Trd, 000203.417, 141
Trd, 000203.750, 167
Trd, 000204.533, 168
Trd, 000204.883, 166
Trd, 000206.183, 180
Trd, 000206.200, 185
Trd, 000206.750, 171
Trd, 000207.967, 175
Trd, 000209.250, 182
Trd, 000209.300, 174
Trd, 000209.517, 178
Trd, 000209.617, 196
Trd, 000210.183, 174
Trd, 000210.400, 172
Trd, 000210.500, 171
Trd, 000211.117, 166
Trd, 000211.583, 175
Trd, 000211.783, 176
Trd, 000212.633, 183
Trd, 000212.767, 168
Trd, 000213.300, 174
Trd, 000213.317, 167
Trd, 000214.567, 168
Trd, 000215.000, 178
Trd, 000215.200, 168
Trd, 000215.417, 168
Trd, 000216.217, 166
Trd, 000216.933, 165
Trd, 000218.467, 161
Trd, 000219.033, 176
Trd, 000219.700, 176
Trd, 000220.033, 161
Trd, 000220.300, 177
Trd, 000220.717, 160
Trd, 000221.050, 160
Trd, 000221.483, 166
Trd, 000221.567, 176
Trd, 000221.900, 177
Trd, 000222.500, 163
Trd, 000222.533, 193
Trd, 000223.133, 163
Trd, 000224.200, 184
Trd, 000224.533, 188
Trd, 000224.917, 180
Trd, 000225.067, 186
Trd, 000225.367, 173
Trd, 000225.517, 172
Trd, 000225.883, 166
Trd, 000227.783, 172
Trd, 000228.100, 167
Trd, 000228.167, 171
Trd, 000228.433, 161
Trd, 000229.333, 166
Trd, 000230.083, 170
Trd, 000230.250, 178
Trd, 000230.350, 167
Trd, 000231.733, 166
Trd, 000231.767, 152
Trd, 000232.617, 172
Trd, 000232.833, 166
Trd, 000233.383, 172
Trd, 000234.300, 164
Trd, 000235.050, 189
Trd, 000235.167, 171
Trd, 000236.367, 170
Trd, 000237.167, 174
Trd, 000237.383, 171
Trd, 000237.567, 172
Trd, 000237.600, 170
Trd, 000238.200, 154
Trd, 000239.000, 168
Trd, 000239.250, 173
Trd, 000239.483, 173
Trd, 000240.567, 178
Trd, 000242.667, 175
Trd, 000242.850, 175
Trd, 000243.367, 180
Trd, 000243.533, 179
Trd, 000243.817, 182
Trd, 000243.950, 181
Trd, 000244.317, 172
Trd, 000244.633, 172
Trd, 000245.017, 168
Trd, 000245.483, 171
Trd, 000245.500, 176
Trd, 000245.867, 179
Trd, 000246.267, 174
Trd, 000246.433, 188
Trd, 000246.450, 168
Trd, 000247.633, 164
Trd, 000248.217, 164
Trd, 000248.617, 165
Trd, 000248.850, 164
Trd, 000250.550, 172
Trd, 000250.683, 175
Trd, 000250.967, 170
Trd, 000251.067, 169
Trd, 000251.333, 172
Trd, 000252.733, 175
Trd, 000252.883, 174
Trd, 000253.350, 176
Trd, 000253.467, 175
Trd, 000254.100, 174
Trd, 000254.167, 173
Trd, 000254.617, 171
Trd, 000254.867, 176
Trd, 000255.700, 177
Trd, 000256.200, 180
Trd, 000256.383, 175
Trd, 000256.500, 183
Trd, 000257.333, 182
Trd, 000257.350, 183
Trd, 000258.483, 191
Trd, 000258.683, 190
Trd, 000259.550, 189
Trd, 000259.833, 189
Trd, 000259.883, 190
Trd, 000259.950, 188
Trd, 000260.050, 184
Trd, 000260.300, 180
Trd, 000261.350, 188
Trd, 000261.383, 187
Trd, 000261.483, 183
Trd, 000261.533, 188
Trd, 000262.333, 181
Trd, 000263.233, 187
Trd, 000263.750, 183
Trd, 000264.183, 183
Trd, 000264.250, 182
Trd, 000264.683, 183
Trd, 000265.417, 186
Trd, 000265.867, 180
Trd, 000265.950, 170
Trd, 000266.417, 177
Trd, 000266.717, 170
Trd, 000267.983, 175
Trd, 000268.267, 177
Trd, 000268.333, 174
Trd, 000268.867, 175
Trd, 000269.017, 178
Trd, 000270.367, 178
Trd, 000270.533, 185
Trd, 000270.617, 191
Trd, 000270.633, 179
Trd, 000271.100, 186
Trd, 000271.400, 182
Trd, 000272.233, 182
Trd, 000272.850, 178
Trd, 000272.883, 173
Trd, 000272.950, 173
Trd, 000273.133, 175
Trd, 000274.283, 179
Trd, 000274.617, 175
Trd, 000274.917, 182
Trd, 000275.083, 180
Trd, 000276.017, 175
Trd, 000276.150, 180
Trd, 000276.283, 171
Trd, 000276.800, 186
Trd, 000276.917, 186
Trd, 000279.133, 184
Trd, 000279.233, 186
Trd, 000279.433, 182
Trd, 000279.583, 195
Trd, 000280.233, 184
Trd, 000280.617, 183
Trd, 000280.650, 193
Trd, 000280.667, 179
Trd, 000280.767, 172
Trd, 000281.283, 190
Trd, 000281.850, 186
Trd, 000281.883, 180
Trd, 000282.300, 187
Trd, 000283.567, 180
Trd, 000283.667, 178
Trd, 000283.750, 177
Trd, 000284.017, 174
Trd, 000284.067, 182
Trd, 000285.350, 180
Trd, 000285.767, 178
Trd, 000285.850, 182
Trd, 000286.233, 183
Trd, 000286.850, 186
Trd, 000287.867, 185
Trd, 000288.183, 180
Trd, 000288.817, 184
Trd, 000289.183, 181
Trd, 000289.567, 179
Trd, 000289.833, 186
Trd, 000290.050, 173
Trd, 000290.367, 163
Trd, 000290.533, 160
Trd, 000290.617, 183
Trd, 000291.367, 173
Trd, 000291.733, 184
Trd, 000292.233, 184
Trd, 000292.300, 163
Trd, 000292.667, 173
Trd, 000293.350, 186
Trd, 000294.917, 180
Trd, 000295.017, 182
Trd, 000296.000, 178
Trd, 000296.083, 183
Trd, 000296.100, 184
Trd, 000296.400, 179
Trd, 000296.500, 177
Trd, 000296.883, 170
Trd, 000297.117, 169
Trd, 000297.283, 170
Trd, 000298.217, 180
Trd, 000298.400, 164
Trd, 000299.267, 181
