Trd, 000001.567, 178
Trd, 000002.900, 164
Trd, 000002.917, 163
Trd, 000003.350, 161
Trd, 000004.133, 162
Trd, 000004.567, 153
Trd, 000004.750, 153
Trd, 000005.267, 158
Trd, 000005.767, 151
Trd, 000006.200, 153
Trd, 000006.217, 152
Trd, 000007.233, 153
Trd, 000007.550, 151
Trd, 000008.367, 141
Trd, 000008.900, 149
Trd, 000008.933, 154
Trd, 000009.417, 155
Trd, 000010.100, 155
Trd, 000011.050, 154
Trd, 000011.417, 155
Trd, 000012.183, 157
Trd, 000012.267, 157
Trd, 000012.400, 158
Trd, 000012.533, 155
Trd, 000012.850, 159
Trd, 000013.267, 156
Trd, 000014.217, 156
Trd, 000014.733, 157
Trd, 000015.683, 159
Trd, 000015.700, 157
Trd, 000015.867, 161
Trd, 000016.467, 156
Trd, 000017.417, 156
Trd, 000018.067, 155
Trd, 000018.400, 157
Trd, 000018.817, 158
Trd, 000019.600, 158
Trd, 000020.300, 156
Trd, 000020.433, 157
Trd, 000020.850, 155
Trd, 000020.950, 157
Trd, 000022.450, 153
Trd, 000023.800, 156
Trd, 000024.100, 157
Trd, 000024.233, 157
Trd, 000024.650, 157
Trd, 000025.017, 153
Trd, 000026.167, 155
Trd, 000026.300, 154
Trd, 000026.550, 154
Trd, 000026.700, 154
Trd, 000026.733, 153
Trd, 000026.917, 156
Trd, 000028.200, 167
Trd, 000028.767, 161
Trd, 000028.867, 156
Trd, 000030.083, 160
Trd, 000030.350, 161
Trd, 000031.433, 161
Trd, 000031.450, 161
Trd, 000031.533, 161
Trd, 000031.783, 163
Trd, 000032.667, 165
Trd, 000032.867, 164
Trd, 000033.150, 166
Trd, 000033.233, 163
Trd, 000034.317, 160
Trd, 000034.450, 164
Trd, 000035.617, 163
Trd, 000035.783, 165
Trd, 000036.983, 167
Trd, 000037.433, 165
Trd, 000037.567, 168
Trd, 000037.583, 162
Trd, 000038.100, 169
Trd, 000039.233, 167
Trd, 000039.783, 166
Trd, 000040.750, 161
Trd, 000040.850, 166
Trd, 000041.100, 167
Trd, 000041.333, 163
Trd, 000041.867, 163
Trd, 000041.983, 162
Trd, 000042.700, 159
Trd, 000043.317, 155
Trd, 000043.667, 156
Trd, 000043.817, 153
Trd, 000045.000, 156
Trd, 000045.050, 157
Trd, 000046.350, 159
Trd, 000046.717, 159
Trd, 000047.300, 160
Trd, 000047.867, 161
Trd, 000048.467, 160
Trd, 000048.717, 159
Trd, 000048.917, 160
Trd, 000049.467, 162
Trd, 000049.483, 160
Trd, 000049.883, 164
Trd, 000050.117, 160
Trd, 000051.033, 163
Trd, 000051.183, 164
Trd, 000051.800, 163
Trd, 000051.917, 165
Trd, 000052.817, 175
Trd, 000052.883, 177
Trd, 000052.900, 161
Trd, 000054.733, 161
Trd, 000054.883, 162
Trd, 000055.117, 161
Trd, 000055.350, 162
Trd, 000055.667, 160
Trd, 000057.517, 162
Trd, 000057.583, 163
Trd, 000057.683, 160
Trd, 000058.900, 162
Trd, 000059.183, 161
Trd, 000060.033, 161
Trd, 000060.633, 162
Trd, 000060.733, 163
Trd, 000061.733, 162
Trd, 000061.750, 161
Trd, 000061.817, 161
Trd, 000062.533, 160
Trd, 000062.717, 147
Trd, 000062.950, 157
Trd, 000063.133, 152
Trd, 000064.050, 151
Trd, 000064.417, 157
Trd, 000064.517, 151
Trd, 000064.533, 150
Trd, 000064.833, 149
Trd, 000066.050, 149
Trd, 000066.167, 151
Trd, 000066.617, 147
Trd, 000066.667, 151
Trd, 000067.017, 150
Trd, 000067.833, 149
Trd, 000068.500, 149
Trd, 000069.000, 149
Trd, 000069.883, 150
Trd, 000070.100, 151
Trd, 000071.167, 155
Trd, 000071.400, 158
Trd, 000072.450, 160
Trd, 000072.550, 159
Trd, 000072.967, 158
Trd, 000073.150, 159
Trd, 000073.883, 160
Trd, 000075.033, 162
Trd, 000075.050, 162
Trd, 000075.067, 163
Trd, 000075.483, 160
Trd, 000075.867, 163
Trd, 000075.917, 162
Trd, 000075.967, 153
Trd, 000077.583, 164
Trd, 000078.150, 159
Trd, 000078.633, 163
Trd, 000079.117, 159
Trd, 000079.200, 159
Trd, 000079.217, 157
Trd, 000079.367, 162
Trd, 000081.250, 163
Trd, 000081.700, 160
Trd, 000081.967, 162
Trd, 000082.317, 162
Trd, 000083.567, 164
Trd, 000083.800, 161
Trd, 000084.367, 163
Trd, 000084.483, 160
Trd, 000084.633, 164
Trd, 000085.267, 159
Trd, 000086.183, 162
Trd, 000086.383, 161
Trd, 000086.983, 162
Trd, 000088.367, 161
Trd, 000088.433, 163
Trd, 000089.550, 162
Trd, 000089.967, 162
Trd, 000090.767, 163
Trd, 000090.900, 163
Trd, 000091.250, 163
Trd, 000092.150, 161
Trd, 000092.467, 160
Trd, 000093.033, 160
Trd, 000093.733, 163
Trd, 000094.750, 163
Trd, 000094.983, 163
Trd, 000095.083, 162
Trd, 000095.150, 164
Trd, 000095.367, 161
Trd, 000096.067, 164
Trd, 000096.250, 163
Trd, 000097.633, 164
Trd, 000097.650, 165
Trd, 000098.400, 164
Trd, 000098.567, 166
Trd, 000098.583, 163
Trd, 000098.750, 163
Trd, 000099.600, 155
Trd, 000100.283, 166
Trd, 000101.000, 165
Trd, 000102.517, 162
Trd, 000103.283, 163
Trd, 000103.333, 163
Trd, 000103.567, 160
Trd, 000103.683, 163
Trd, 000104.600, 161
Trd, 000104.833, 160
Trd, 000105.050, 162
Trd, 000105.850, 163
Trd, 000106.067, 169
Trd, 000106.450, 162
Trd, 000107.283, 168
Trd, 000107.650, 168
Trd, 000107.767, 169
Trd, 000108.667, 177
Trd, 000108.683, 176
Trd, 000108.800, 197
Trd, 000109.250, 175
Trd, 000110.150, 175
Trd, 000112.050, 176
Trd, 000112.117, 176
Trd, 000112.950, 177
Trd, 000113.283, 175
Trd, 000113.367, 175
Trd, 000114.183, 177
Trd, 000114.483, 175
Trd, 000114.550, 177
Trd, 000114.917, 174
Trd, 000116.100, 177
Trd, 000116.283, 176
Trd, 000116.700, 174
Trd, 000116.900, 187
Trd, 000116.933, 172
Trd, 000118.050, 177
Trd, 000118.300, 176
Trd, 000118.650, 174
Trd, 000118.850, 177
Trd, 000118.967, 163
Trd, 000119.733, 170
Trd, 000120.467, 170
Trd, 000120.883, 170
Trd, 000121.833, 158
Trd, 000122.283, 165
Trd, 000123.083, 166
Trd, 000123.367, 161
Trd, 000123.483, 167
Trd, 000124.133, 161
Trd, 000124.250, 169
Trd, 000124.800, 168
Trd, 000125.317, 170
Trd, 000125.950, 172
Trd, 000126.350, 176
Trd, 000126.417, 175
Trd, 000127.350, 174
Trd, 000127.767, 173
Trd, 000128.017, 174
Trd, 000128.517, 173
Trd, 000129.000, 174
Trd, 000129.883, 169
Trd, 000131.033, 171
Trd, 000131.150, 164
Trd, 000132.133, 169
Trd, 000132.200, 175
Trd, 000133.383, 168
Trd, 000134.333, 173
Trd, 000134.550, 173
Trd, 000134.900, 172
Trd, 000135.133, 172
Trd, 000135.700, 172
Trd, 000135.717, 171
Trd, 000135.850, 171
Trd, 000136.367, 172
Trd, 000136.650, 171
Trd, 000137.067, 171
Trd, 000137.800, 172
Trd, 000138.000, 168
Trd, 000138.500, 163
Trd, 000138.950, 155
Trd, 000139.983, 166
Trd, 000140.233, 168
Trd, 000140.617, 164
Trd, 000141.733, 164
Trd, 000141.850, 163
Trd, 000141.933, 165
Trd, 000142.533, 158
Trd, 000143.167, 158
Trd, 000144.250, 165
Trd, 000144.400, 167
Trd, 000144.667, 165
Trd, 000146.033, 163
Trd, 000146.300, 165
Trd, 000146.633, 164
Trd, 000147.067, 165
Trd, 000147.450, 169
Trd, 000147.950, 164
Trd, 000148.667, 170
Trd, 000150.633, 166
Trd, 000151.533, 170
Trd, 000151.600, 170
Trd, 000151.700, 171
Trd, 000152.417, 169
Trd, 000153.650, 171
Trd, 000154.233, 172
Trd, 000154.783, 170
Trd, 000154.983, 170
Trd, 000155.133, 172
Trd, 000155.700, 171
Trd, 000156.283, 167
Trd, 000156.667, 167
Trd, 000156.933, 168
Trd, 000157.467, 169
Trd, 000157.500, 160
Trd, 000158.683, 173
Trd, 000159.533, 171
Trd, 000159.733, 172
Trd, 000160.217, 164
Trd, 000160.583, 166
Trd, 000160.600, 168
Trd, 000160.883, 169
Trd, 000161.433, 168
Trd, 000161.500, 167
Trd, 000161.583, 167
Trd, 000163.217, 167
Trd, 000163.250, 169
Trd, 000163.450, 174
Trd, 000163.633, 171
Trd, 000163.917, 191
Trd, 000165.233, 175
Trd, 000165.383, 169
Trd, 000165.417, 169
Trd, 000165.850, 169
Trd, 000166.433, 172
Trd, 000167.050, 171
Trd, 000167.450, 172
Trd, 000167.967, 172
Trd, 000168.833, 172
Trd, 000169.467, 172
Trd, 000169.950, 172
Trd, 000170.550, 173
Trd, 000171.367, 175
Trd, 000171.483, 179
Trd, 000173.300, 178
Trd, 000173.700, 177
Trd, 000173.717, 180
Trd, 000173.967, 176
Trd, 000175.317, 177
Trd, 000175.383, 166
Trd, 000176.283, 153
Trd, 000176.317, 161
Trd, 000176.517, 160
Trd, 000176.683, 160
Trd, 000177.033, 161
Trd, 000177.783, 161
Trd, 000179.700, 164
Trd, 000179.883, 164
Trd, 000179.983, 164
Trd, 000180.017, 166
Trd, 000180.050, 163
Trd, 000180.317, 162
Trd, 000180.717, 166
Trd, 000180.850, 168
Trd, 000181.267, 168
Trd, 000181.867, 169
Trd, 000184.233, 169
Trd, 000185.467, 169
Trd, 000185.483, 169
Trd, 000185.567, 169
Trd, 000186.000, 169
Trd, 000186.050, 170
Trd, 000186.167, 168
Trd, 000187.083, 171
Trd, 000187.183, 170
Trd, 000188.033, 172
Trd, 000188.050, 173
Trd, 000188.967, 174
Trd, 000189.083, 176
Trd, 000189.600, 181
Trd, 000190.083, 177
Trd, 000191.383, 175
Trd, 000191.850, 175
Trd, 000192.017, 175
Trd, 000192.483, 175
Trd, 000192.900, 174
Trd, 000193.817, 173
Trd, 000194.817, 173
Trd, 000194.917, 174
Trd, 000195.383, 176
Trd, 000196.133, 176
Trd, 000196.500, 173
Trd, 000196.783, 177
Trd, 000197.417, 173
Trd, 000197.900, 174
Trd, 000198.633, 175
Trd, 000198.817, 174
Trd, 000198.867, 175
Trd, 000198.950, 177
Trd, 000200.400, 171
Trd, 000200.717, 171
Trd, 000201.417, 171
Trd, 000202.000, 172
Trd, 000202.117, 172
Trd, 000202.717, 175
Trd, 000202.783, 164
Trd, 000203.350, 170
Trd, 000203.650, 171
Trd, 000203.833, 172
Trd, 000204.800, 171
Trd, 000204.883, 178
Trd, 000206.117, 175
Trd, 000206.150, 172
Trd, 000206.650, 170
Trd, 000207.083, 173
Trd, 000208.700, 173
Trd, 000208.750, 174
Trd, 000208.883, 174
Trd, 000209.233, 173
Trd, 000209.433, 179
Trd, 000210.050, 172
Trd, 000210.850, 175
Trd, 000211.633, 174
Trd, 000211.850, 174
Trd, 000212.950, 174
Trd, 000213.367, 174
Trd, 000213.633, 173
Trd, 000214.217, 170
Trd, 000214.650, 174
Trd, 000214.700, 175
Trd, 000216.083, 174
Trd, 000216.650, 174
Trd, 000216.867, 177
Trd, 000217.567, 174
Trd, 000217.683, 173
Trd, 000218.350, 175
Trd, 000218.400, 177
Trd, 000218.667, 177
Trd, 000219.683, 177
Trd, 000220.333, 176
Trd, 000220.433, 175
Trd, 000220.617, 172
Trd, 000222.850, 173
Trd, 000222.883, 174
Trd, 000223.417, 174
Trd, 000224.217, 177
Trd, 000224.250, 172
Trd, 000224.833, 173
Trd, 000225.317, 177
Trd, 000226.450, 179
Trd, 000226.883, 181
Trd, 000227.000, 176
Trd, 000227.300, 176
Trd, 000227.517, 181
Trd, 000228.133, 181
Trd, 000228.383, 180
Trd, 000228.817, 181
Trd, 000229.233, 181
Trd, 000229.867, 181
Trd, 000230.117, 181
Trd, 000230.300, 178
Trd, 000230.717, 182
Trd, 000231.233, 180
Trd, 000232.550, 182
Trd, 000232.833, 181
Trd, 000233.417, 178
Trd, 000233.600, 177
Trd, 000234.217, 180
Trd, 000234.483, 181
Trd, 000234.600, 175
Trd, 000234.767, 174
Trd, 000235.483, 180
Trd, 000236.017, 177
Trd, 000236.783, 177
Trd, 000237.850, 176
Trd, 000238.517, 176
Trd, 000238.767, 174
Trd, 000238.933, 177
Trd, 000239.417, 175
Trd, 000239.950, 179
Trd, 000240.333, 175
Trd, 000240.850, 174
Trd, 000242.133, 173
Trd, 000242.200, 176
Trd, 000242.750, 173
Trd, 000242.867, 175
Trd, 000243.017, 172
Trd, 000243.467, 175
Trd, 000243.917, 176
Trd, 000244.617, 176
Trd, 000245.817, 181
Trd, 000246.483, 178
Trd, 000247.067, 175
Trd, 000248.300, 176
Trd, 000248.500, 180
Trd, 000248.583, 176
Trd, 000248.950, 180
Trd, 000248.967, 176
Trd, 000249.500, 180
Trd, 000250.633, 177
Trd, 000250.700, 177
Trd, 000251.717, 176
Trd, 000252.700, 178
Trd, 000253.267, 177
Trd, 000253.600, 177
Trd, 000254.083, 178
Trd, 000254.217, 179
Trd, 000255.067, 177
Trd, 000255.950, 178
Trd, 000256.017, 177
Trd, 000256.283, 176
Trd, 000257.117, 174
Trd, 000258.217, 178
Trd, 000258.417, 177
Trd, 000258.817, 173
Trd, 000259.033, 177
Trd, 000260.283, 172
Trd, 000260.917, 172
Trd, 000261.233, 174
Trd, 000261.300, 172
Trd, 000261.433, 174
Trd, 000262.133, 174
Trd, 000262.283, 172
Trd, 000262.700, 172
Trd, 000262.717, 175
Trd, 000262.733, 177
Trd, 000264.050, 172
Trd, 000264.100, 173
Trd, 000265.117, 171
Trd, 000265.133, 177
Trd, 000266.700, 174
Trd, 000266.983, 174
Trd, 000267.483, 168
Trd, 000268.450, 175
Trd, 000268.583, 180
Trd, 000269.383, 182
Trd, 000269.750, 169
Trd, 000269.933, 171
Trd, 000269.950, 182
Trd, 000271.100, 181
Trd, 000271.383, 184
Trd, 000271.400, 182
Trd, 000271.700, 182
Trd, 000272.000, 181
Trd, 000272.300, 181
Trd, 000272.717, 177
Trd, 000272.817, 180
Trd, 000273.517, 178
Trd, 000274.350, 178
Trd, 000274.767, 177
Trd, 000274.950, 177
Trd, 000275.900, 177
Trd, 000275.917, 179
Trd, 000276.417, 177
Trd, 000276.750, 175
Trd, 000277.533, 174
Trd, 000277.867, 174
Trd, 000278.083, 175
Trd, 000278.517, 183
Trd, 000279.267, 186
Trd, 000279.367, 185
Trd, 000280.300, 188
Trd, 000281.167, 181
Trd, 000281.933, 186
Trd, 000281.950, 180
Trd, 000282.850, 181
Trd, 000283.217, 182
Trd, 000284.200, 183
Trd, 000284.383, 189
Trd, 000284.867, 182
Trd, 000285.317, 183
Trd, 000286.433, 182
Trd, 000287.650, 185
Trd, 000287.833, 184
Trd, 000288.567, 183
Trd, 000288.617, 185
Trd, 000288.917, 183
Trd, 000289.383, 185
Trd, 000289.533, 187
Trd, 000289.817, 182
Trd, 000290.950, 182
Trd, 000291.067, 185
Trd, 000291.467, 181
Trd, 000291.850, 181
Trd, 000293.333, 179
Trd, 000293.483, 178
Trd, 000293.517, 177
Trd, 000293.550, 178
Trd, 000294.317, 176
Trd, 000295.200, 173
Trd, 000295.800, 173
Trd, 000296.033, 174
Trd, 000296.133, 174
Trd, 000296.167, 178
Trd, 000296.767, 178
Trd, 000297.267, 178
Trd, 000297.900, 177
Trd, 000298.617, 176
Trd, 000298.650, 178
Trd, 000299.150, 177
Trd, 000299.450, 179
Trd, 000299.567, 175
Trd, 000299.717, 188
