Trd, 000001.900, 150
Trd, 000003.400, 130
Trd, 000003.467, 130
Trd, 000003.933, 134
Trd, 000004.433, 157
Trd, 000005.750, 149
Trd, 000005.783, 155
Trd, 000006.000, 148
Trd, 000006.283, 153
Trd, 000007.583, 149
Trd, 000007.633, 141
Trd, 000008.033, 159
Trd, 000008.217, 159
Trd, 000008.283, 166
Trd, 000008.300, 138
Trd, 000008.617, 138
Trd, 000010.067, 164
Trd, 000010.417, 163
Trd, 000010.933, 159
Trd, 000011.733, 161
Trd, 000011.867, 157
Trd, 000011.900, 151
Trd, 000013.683, 165
Trd, 000013.700, 163
Trd, 000014.033, 162
Trd, 000014.367, 159
Trd, 000015.033, 156
Trd, 000016.767, 158
Trd, 000017.183, 157
Trd, 000017.333, 159
Trd, 000017.467, 156
Trd, 000017.883, 157
Trd, 000019.633, 156
Trd, 000019.650, 157
Trd, 000019.667, 155
Trd, 000019.767, 158
Trd, 000020.350, 152
Trd, 000021.233, 154
Trd, 000021.483, 139
Trd, 000021.650, 155
Trd, 000022.267, 154
Trd, 000022.817, 158
Trd, 000022.900, 144
Trd, 000022.967, 160
Trd, 000023.317, 139
Trd, 000024.867, 148
Trd, 000025.483, 150
Trd, 000025.883, 150
Trd, 000025.967, 153
Trd, 000026.067, 155
Trd, 000026.517, 164
Trd, 000027.117, 151
Trd, 000027.200, 150
Trd, 000027.233, 154
Trd, 000028.800, 155
Trd, 000029.417, 156
Trd, 000029.633, 156
Trd, 000030.000, 155
Trd, 000030.900, 154
Trd, 000031.617, 153
Trd, 000032.717, 155
Trd, 000032.750, 152
Trd, 000033.167, 154
Trd, 000034.633, 155
Trd, 000034.717, 155
Trd, 000034.767, 152
Trd, 000034.950, 156
Trd, 000035.867, 152
Trd, 000035.933, 157
Trd, 000036.217, 161
Trd, 000037.550, 153
Trd, 000038.950, 155
Trd, 000038.967, 155
Trd, 000039.683, 159
Trd, 000039.950, 154
Trd, 000040.617, 158
Trd, 000041.250, 159
Trd, 000041.333, 159
Trd, 000042.483, 154
Trd, 000043.600, 157
Trd, 000043.667, 157
Trd, 000043.833, 153
Trd, 000044.100, 159
Trd, 000044.500, 150
Trd, 000046.500, 152
Trd, 000048.100, 153
Trd, 000048.117, 155
Trd, 000048.133, 151
Trd, 000048.383, 162
Trd, 000048.850, 167
Trd, 000049.000, 152
Trd, 000049.933, 153
Trd, 000049.967, 170
Trd, 000050.517, 151
Trd, 000052.533, 160
Trd, 000052.750, 157
Trd, 000052.883, 161
Trd, 000053.233, 162
Trd, 000053.267, 156
Trd, 000054.217, 155
Trd, 000054.683, 160
Trd, 000054.850, 162
Trd, 000056.867, 157
Trd, 000057.233, 156
Trd, 000057.933, 153
Trd, 000058.367, 153
Trd, 000058.617, 157
Trd, 000058.717, 151
Trd, 000058.883, 161
Trd, 000059.483, 154
Trd, 000060.083, 171
Trd, 000060.217, 160
Trd, 000060.617, 173
Trd, 000060.967, 164
Trd, 000061.350, 165
Trd, 000062.767, 161
Trd, 000063.467, 163
Trd, 000063.917, 162
Trd, 000064.300, 164
Trd, 000064.733, 164
Trd, 000065.200, 162
Trd, 000066.183, 156
Trd, 000066.383, 163
Trd, 000067.267, 154
Trd, 000067.333, 152
Trd, 000067.383, 155
Trd, 000068.033, 155
Trd, 000068.300, 155
Trd, 000068.600, 155
Trd, 000069.600, 157
Trd, 000069.683, 162
Trd, 000070.417, 152
Trd, 000070.567, 158
Trd, 000070.867, 157
Trd, 000071.067, 157
Trd, 000072.200, 155
Trd, 000073.017, 158
Trd, 000073.167, 158
Trd, 000074.250, 158
Trd, 000074.333, 159
Trd, 000075.950, 158
Trd, 000076.633, 160
Trd, 000077.083, 160
Trd, 000077.833, 159
Trd, 000077.933, 161
Trd, 000078.550, 155
Trd, 000078.900, 156
Trd, 000079.183, 155
Trd, 000079.517, 162
Trd, 000080.583, 155
Trd, 000080.983, 153
Trd, 000081.150, 161
Trd, 000081.383, 170
Trd, 000081.917, 152
Trd, 000082.850, 162
Trd, 000083.733, 143
Trd, 000084.050, 145
Trd, 000084.150, 149
Trd, 000084.467, 148
Trd, 000085.533, 166
Trd, 000087.150, 156
Trd, 000087.633, 155
Trd, 000087.817, 156
Trd, 000088.467, 158
Trd, 000088.500, 156
Trd, 000089.667, 161
Trd, 000089.967, 166
Trd, 000090.417, 157
Trd, 000090.600, 154
Trd, 000090.917, 153
Trd, 000091.533, 153
Trd, 000091.600, 152
Trd, 000093.233, 158
Trd, 000093.567, 156
Trd, 000095.200, 157
Trd, 000095.350, 156
Trd, 000095.450, 157
Trd, 000096.267, 157
Trd, 000096.683, 157
Trd, 000096.700, 154
Trd, 000096.983, 155
Trd, 000097.167, 156
Trd, 000097.817, 152
Trd, 000098.233, 151
Trd, 000098.550, 156
Trd, 000098.717, 158
Trd, 000098.950, 158
Trd, 000099.117, 167
Trd, 000100.467, 153
Trd, 000101.500, 151
Trd, 000102.083, 153
Trd, 000102.717, 154
Trd, 000104.083, 153
Trd, 000104.367, 153
Trd, 000104.583, 152
Trd, 000105.050, 155
Trd, 000105.417, 155
Trd, 000105.583, 151
Trd, 000105.650, 158
Trd, 000105.717, 150
Trd, 000108.250, 151
Trd, 000109.333, 153
Trd, 000109.467, 154
Trd, 000109.633, 155
Trd, 000110.000, 154
Trd, 000110.983, 156
Trd, 000111.917, 158
Trd, 000112.617, 159
Trd, 000113.100, 163
Trd, 000113.733, 173
Trd, 000113.750, 176
Trd, 000114.000, 174
Trd, 000114.367, 173
Trd, 000114.567, 171
Trd, 000115.450, 155
Trd, 000116.217, 169
Trd, 000117.150, 163
Trd, 000117.500, 171
Trd, 000117.567, 172
Trd, 000118.183, 162
Trd, 000118.833, 171
Trd, 000118.933, 172
Trd, 000119.517, 174
Trd, 000119.917, 172
Trd, 000120.867, 174
Trd, 000122.200, 173
Trd, 000122.733, 174
Trd, 000123.167, 172
Trd, 000124.267, 172
Trd, 000124.617, 173
Trd, 000124.817, 171
Trd, 000124.833, 169
Trd, 000125.083, 162
Trd, 000125.350, 173
Trd, 000125.383, 173
Trd, 000127.067, 171
Trd, 000128.200, 170
Trd, 000128.333, 166
Trd, 000128.433, 168
Trd, 000129.917, 167
Trd, 000130.167, 170
Trd, 000130.350, 169
Trd, 000130.433, 171
Trd, 000130.567, 172
Trd, 000130.867, 172
Trd, 000131.433, 173
Trd, 000132.000, 168
Trd, 000132.183, 167
Trd, 000133.083, 173
Trd, 000133.717, 172
Trd, 000134.433, 171
Trd, 000134.700, 168
Trd, 000135.233, 168
Trd, 000135.950, 168
Trd, 000136.050, 172
Trd, 000136.517, 167
Trd, 000136.583, 172
Trd, 000136.900, 181
Trd, 000137.967, 175
Trd, 000138.400, 171
Trd, 000138.733, 178
Trd, 000140.217, 175
Trd, 000140.417, 174
Trd, 000140.950, 174
Trd, 000141.533, 164
Trd, 000141.550, 173
Trd, 000141.733, 173
Trd, 000144.050, 169
Trd, 000144.233, 171
Trd, 000144.483, 166
Trd, 000145.467, 166
Trd, 000145.767, 171
Trd, 000145.867, 172
Trd, 000146.367, 168
Trd, 000146.617, 172
Trd, 000146.650, 168
Trd, 000147.467, 169
Trd, 000148.083, 171
Trd, 000149.167, 171
Trd, 000149.550, 171
Trd, 000149.617, 169
Trd, 000150.050, 172
Trd, 000150.933, 171
Trd, 000151.100, 171
Trd, 000151.333, 170
Trd, 000151.350, 169
Trd, 000151.583, 165
Trd, 000152.217, 169
Trd, 000153.383, 160
Trd, 000154.383, 169
Trd, 000154.567, 169
Trd, 000155.000, 169
Trd, 000155.683, 163
Trd, 000157.067, 166
Trd, 000157.467, 174
Trd, 000157.533, 172
Trd, 000158.383, 166
Trd, 000158.783, 169
Trd, 000159.600, 166
Trd, 000160.067, 167
Trd, 000161.017, 164
Trd, 000161.517, 164
Trd, 000163.433, 163
Trd, 000163.667, 162
Trd, 000163.967, 164
Trd, 000164.200, 163
Trd, 000164.600, 164
Trd, 000164.850, 167
Trd, 000164.900, 174
Trd, 000165.967, 166
Trd, 000166.167, 164
Trd, 000166.700, 170
Trd, 000167.700, 166
Trd, 000167.917, 173
Trd, 000168.483, 170
Trd, 000168.850, 188
Trd, 000169.650, 167
Trd, 000170.133, 167
Trd, 000170.383, 178
Trd, 000171.350, 173
Trd, 000173.133, 171
Trd, 000173.367, 170
Trd, 000173.667, 169
Trd, 000173.950, 165
Trd, 000173.967, 171
Trd, 000174.150, 172
Trd, 000174.600, 175
Trd, 000176.383, 171
Trd, 000176.600, 174
Trd, 000176.733, 179
Trd, 000176.883, 169
Trd, 000177.917, 176
Trd, 000178.450, 176
Trd, 000178.483, 175
Trd, 000179.650, 177
Trd, 000179.783, 174
Trd, 000180.200, 178
Trd, 000180.433, 162
Trd, 000180.683, 176
Trd, 000181.417, 176
Trd, 000181.433, 173
Trd, 000181.833, 176
Trd, 000182.433, 175
Trd, 000183.317, 182
Trd, 000183.817, 175
Trd, 000184.217, 180
Trd, 000184.467, 176
Trd, 000185.100, 180
Trd, 000186.333, 168
Trd, 000186.983, 179
Trd, 000187.667, 162
Trd, 000188.683, 178
Trd, 000188.833, 169
Trd, 000188.967, 180
Trd, 000189.000, 183
Trd, 000189.017, 163
Trd, 000190.300, 170
Trd, 000190.600, 177
Trd, 000191.917, 175
Trd, 000192.633, 173
Trd, 000193.617, 172
Trd, 000193.667, 177
Trd, 000193.883, 169
Trd, 000194.633, 174
Trd, 000194.967, 175
Trd, 000195.450, 174
Trd, 000196.017, 173
Trd, 000196.517, 177
Trd, 000196.550, 175
Trd, 000196.783, 174
Trd, 000197.033, 177
Trd, 000197.800, 164
Trd, 000198.133, 177
Trd, 000198.167, 184
Trd, 000199.033, 169
Trd, 000200.017, 168
Trd, 000200.700, 168
Trd, 000200.983, 167
Trd, 000201.517, 167
Trd, 000202.233, 168
Trd, 000202.450, 165
Trd, 000202.833, 164
Trd, 000203.867, 164
Trd, 000204.417, 169
Trd, 000205.100, 168
Trd, 000205.367, 165
Trd, 000205.833, 167
Trd, 000206.083, 167
Trd, 000206.350, 169
Trd, 000207.217, 178
Trd, 000207.500, 184
Trd, 000208.417, 167
Trd, 000208.750, 168
Trd, 000209.150, 167
Trd, 000209.533, 166
Trd, 000210.050, 172
Trd, 000210.333, 169
Trd, 000210.450, 173
Trd, 000210.900, 173
Trd, 000210.967, 173
Trd, 000210.983, 179
Trd, 000211.800, 173
Trd, 000212.167, 174
Trd, 000214.350, 174
Trd, 000214.950, 177
Trd, 000215.433, 173
Trd, 000215.450, 171
Trd, 000216.017, 175
Trd, 000217.117, 172
Trd, 000217.300, 173
Trd, 000218.033, 173
Trd, 000218.400, 173
Trd, 000218.767, 174
Trd, 000218.800, 171
Trd, 000220.333, 175
Trd, 000220.417, 175
Trd, 000221.550, 171
Trd, 000221.833, 170
Trd, 000222.100, 175
Trd, 000223.250, 175
Trd, 000223.433, 172
Trd, 000224.283, 173
Trd, 000224.350, 172
Trd, 000224.433, 177
Trd, 000224.967, 171
Trd, 000225.283, 180
Trd, 000225.467, 177
Trd, 000225.983, 170
Trd, 000226.883, 175
Trd, 000227.733, 175
Trd, 000227.850, 176
Trd, 000228.317, 173
Trd, 000228.633, 174
Trd, 000228.833, 175
Trd, 000229.200, 176
Trd, 000229.817, 181
Trd, 000230.667, 177
Trd, 000230.750, 191
Trd, 000230.767, 175
Trd, 000232.350, 174
Trd, 000232.500, 183
Trd, 000233.133, 173
Trd, 000234.367, 167
Trd, 000234.450, 178
Trd, 000234.983, 165
Trd, 000235.283, 162
Trd, 000235.983, 171
Trd, 000236.450, 172
Trd, 000237.200, 172
Trd, 000239.650, 171
Trd, 000239.967, 172
Trd, 000240.100, 169
Trd, 000240.283, 169
Trd, 000240.417, 167
Trd, 000240.917, 168
Trd, 000241.233, 167
Trd, 000242.267, 157
Trd, 000242.367, 160
Trd, 000242.550, 161
Trd, 000242.850, 165
Trd, 000243.050, 166
Trd, 000243.283, 167
Trd, 000243.550, 167
Trd, 000243.867, 165
Trd, 000244.550, 170
Trd, 000244.850, 172
Trd, 000245.033, 169
Trd, 000245.633, 175
Trd, 000245.700, 177
Trd, 000246.067, 174
Trd, 000246.167, 169
Trd, 000246.917, 177
Trd, 000246.950, 179
Trd, 000247.067, 187
Trd, 000247.200, 177
Trd, 000247.283, 190
Trd, 000249.383, 182
Trd, 000249.567, 180
Trd, 000249.900, 180
Trd, 000250.200, 178
Trd, 000250.317, 175
Trd, 000250.617, 179
Trd, 000250.733, 178
Trd, 000251.117, 176
Trd, 000251.983, 172
Trd, 000252.367, 178
Trd, 000252.383, 180
Trd, 000252.817, 174
Trd, 000252.850, 170
Trd, 000253.450, 169
Trd, 000253.733, 173
Trd, 000254.367, 173
Trd, 000254.400, 174
Trd, 000254.883, 174
Trd, 000255.150, 175
Trd, 000255.467, 172
Trd, 000256.000, 167
Trd, 000256.900, 173
Trd, 000257.150, 176
Trd, 000257.367, 166
Trd, 000258.350, 163
Trd, 000258.633, 167
Trd, 000258.767, 163
Trd, 000258.933, 178
Trd, 000260.600, 187
Trd, 000260.700, 181
Trd, 000261.067, 180
Trd, 000261.483, 179
Trd, 000261.733, 180
Trd, 000261.950, 181
Trd, 000262.017, 180
Trd, 000262.167, 181
Trd, 000262.783, 182
Trd, 000263.517, 176
Trd, 000264.050, 188
Trd, 000264.817, 178
Trd, 000265.183, 174
Trd, 000265.483, 174
Trd, 000265.983, 177
Trd, 000266.867, 177
Trd, 000266.933, 181
Trd, 000267.300, 181
Trd, 000267.450, 176
Trd, 000267.617, 179
Trd, 000267.767, 180
Trd, 000268.083, 180
Trd, 000268.500, 176
Trd, 000269.150, 176
Trd, 000269.183, 175
Trd, 000269.433, 176
Trd, 000270.367, 177
Trd, 000270.550, 177
Trd, 000270.650, 175
Trd, 000270.983, 178
Trd, 000271.267, 178
Trd, 000272.267, 178
Trd, 000272.667, 182
Trd, 000273.117, 185
Trd, 000273.950, 174
Trd, 000274.000, 179
Trd, 000275.700, 179
Trd, 000276.033, 178
Trd, 000276.183, 179
Trd, 000276.400, 176
Trd, 000276.833, 175
Trd, 000276.950, 178
Trd, 000277.067, 174
Trd, 000277.250, 182
Trd, 000278.050, 180
Trd, 000278.183, 180
Trd, 000278.983, 180
Trd, 000279.450, 180
Trd, 000280.033, 181
Trd, 000280.233, 182
Trd, 000280.583, 176
Trd, 000280.600, 172
Trd, 000281.317, 169
Trd, 000281.417, 178
Trd, 000282.750, 172
Trd, 000283.550, 173
Trd, 000283.567, 171
Trd, 000283.617, 173
Trd, 000283.933, 175
Trd, 000284.250, 171
Trd, 000284.367, 175
Trd, 000284.933, 176
Trd, 000285.833, 176
Trd, 000285.950, 177
Trd, 000285.983, 173
Trd, 000286.283, 172
Trd, 000286.867, 172
Trd, 000287.117, 184
Trd, 000287.133, 190
Trd, 000287.550, 179
Trd, 000287.717, 181
Trd, 000288.267, 180
Trd, 000288.283, 178
Trd, 000288.967, 179
Trd, 000289.850, 183
Trd, 000290.067, 177
Trd, 000290.733, 177
Trd, 000290.933, 176
Trd, 000291.300, 176
Trd, 000291.500, 178
Trd, 000291.583, 187
Trd, 000291.667, 191
Trd, 000292.400, 194
Trd, 000293.583, 177
Trd, 000294.150, 186
Trd, 000294.250, 187
Trd, 000294.850, 184
Trd, 000295.933, 186
Trd, 000296.117, 185
Trd, 000296.150, 180
Trd, 000296.433, 186
Trd, 000296.583, 186
Trd, 000296.617, 191
Trd, 000296.717, 174
Trd, 000297.267, 179
Trd, 000297.450, 170
Trd, 000297.917, 183
Trd, 000298.033, 184
Trd, 000298.283, 172
Trd, 000298.717, 185
Trd, 000298.783, 177
