Trd, 000002.633, 165
Trd, 000003.183, 164
Trd, 000003.817, 162
Trd, 000004.933, 171
Trd, 000005.200, 164
Trd, 000005.317, 164
Trd, 000005.367, 163
Trd, 000006.517, 163
Trd, 000007.133, 146
Trd, 000008.083, 131
Trd, 000009.400, 145
Trd, 000010.950, 147
Trd, 000011.233, 147
Trd, 000011.367, 152
Trd, 000011.433, 156
Trd, 000013.367, 154
Trd, 000014.033, 150
Trd, 000014.133, 149
Trd, 000014.700, 149
Trd, 000015.333, 149
Trd, 000015.667, 148
Trd, 000015.967, 148
Trd, 000016.600, 149
Trd, 000017.450, 147
Trd, 000018.383, 149
Trd, 000019.817, 151
Trd, 000020.050, 163
Trd, 000020.083, 150
Trd, 000021.083, 151
Trd, 000021.167, 149
Trd, 000021.667, 149
Trd, 000021.817, 148
Trd, 000022.033, 154
Trd, 000022.400, 146
Trd, 000023.483, 154
Trd, 000024.633, 154
Trd, 000024.733, 154
Trd, 000025.300, 154
Trd, 000025.333, 155
Trd, 000026.183, 156
Trd, 000026.850, 144
Trd, 000026.900, 143
Trd, 000027.250, 163
Trd, 000029.050, 150
Trd, 000029.600, 150
Trd, 000030.283, 150
Trd, 000030.483, 151
Trd, 000031.017, 165
Trd, 000031.367, 155
Trd, 000031.383, 149
Trd, 000033.283, 159
Trd, 000033.783, 159
Trd, 000034.950, 161
Trd, 000035.467, 160
Trd, 000035.550, 144
Trd, 000035.950, 163
Trd, 000036.650, 146
Trd, 000037.600, 162
Trd, 000038.117, 158
Trd, 000038.467, 151
Trd, 000040.117, 158
Trd, 000040.600, 157
Trd, 000041.717, 156
Trd, 000041.733, 158
Trd, 000042.467, 155
Trd, 000043.867, 156
Trd, 000044.267, 157
Trd, 000044.367, 157
Trd, 000044.750, 155
Trd, 000046.300, 156
Trd, 000046.717, 156
Trd, 000046.833, 157
Trd, 000046.850, 159
Trd, 000047.300, 152
Trd, 000047.650, 160
Trd, 000048.217, 151
Trd, 000049.350, 154
Trd, 000049.417, 158
Trd, 000049.883, 153
Trd, 000051.217, 154
Trd, 000052.450, 157
Trd, 000053.750, 156
Trd, 000054.633, 156
Trd, 000055.867, 160
Trd, 000056.633, 158
Trd, 000056.667, 159
Trd, 000056.983, 158
Trd, 000057.350, 156
Trd, 000059.383, 159
Trd, 000059.633, 160
Trd, 000059.817, 158
Trd, 000060.517, 160
Trd, 000061.167, 160
Trd, 000061.317, 158
Trd, 000061.867, 156
Trd, 000062.117, 161
Trd, 000064.000, 161
Trd, 000065.317, 160
Trd, 000065.583, 162
Trd, 000065.700, 160
Trd, 000066.333, 162
Trd, 000067.217, 161
Trd, 000067.467, 161
Trd, 000067.650, 160
Trd, 000069.267, 163
Trd, 000069.433, 161
Trd, 000070.033, 161
Trd, 000070.483, 161
Trd, 000070.850, 148
Trd, 000072.367, 160
Trd, 000072.700, 158
Trd, 000073.483, 160
Trd, 000074.700, 159
Trd, 000074.767, 158
Trd, 000075.300, 157
Trd, 000075.800, 160
Trd, 000076.567, 159
Trd, 000076.617, 156
Trd, 000077.817, 155
Trd, 000078.083, 155
Trd, 000078.683, 156
Trd, 000079.417, 152
Trd, 000080.067, 155
Trd, 000081.033, 159
Trd, 000081.050, 163
Trd, 000081.450, 158
Trd, 000081.667, 155
Trd, 000082.467, 173
Trd, 000082.817, 153
Trd, 000083.550, 153
Trd, 000084.667, 155
Trd, 000085.600, 154
Trd, 000086.267, 155
Trd, 000086.933, 153
Trd, 000088.250, 152
Trd, 000089.667, 153
Trd, 000090.150, 156
Trd, 000090.583, 160
Trd, 000091.183, 157
Trd, 000091.317, 158
Trd, 000091.483, 158
Trd, 000091.767, 156
Trd, 000092.867, 155
Trd, 000094.067, 157
Trd, 000094.083, 155
Trd, 000094.767, 154
Trd, 000095.950, 158
Trd, 000097.317, 156
Trd, 000097.350, 156
Trd, 000097.433, 153
Trd, 000098.633, 156
Trd, 000098.883, 155
Trd, 000098.917, 151
Trd, 000099.983, 157
Trd, 000101.783, 165
Trd, 000102.900, 161
Trd, 000103.950, 159
Trd, 000104.300, 160
Trd, 000105.117, 161
Trd, 000105.567, 161
Trd, 000105.867, 161
Trd, 000106.300, 160
Trd, 000106.433, 159
Trd, 000107.133, 162
Trd, 000107.750, 159
Trd, 000109.350, 158
Trd, 000110.067, 164
Trd, 000111.217, 163
Trd, 000111.517, 164
Trd, 000112.167, 163
Trd, 000112.650, 165
Trd, 000114.667, 166
Trd, 000115.100, 170
Trd, 000115.217, 166
Trd, 000116.550, 165
Trd, 000116.917, 163
Trd, 000117.233, 165
Trd, 000117.383, 164
Trd, 000118.700, 164
Trd, 000119.183, 164
Trd, 000119.383, 164
Trd, 000120.667, 163
Trd, 000121.200, 164
Trd, 000121.467, 163
Trd, 000121.917, 167
Trd, 000122.450, 165
Trd, 000122.650, 164
Trd, 000123.417, 164
Trd, 000124.450, 166
Trd, 000125.533, 165
Trd, 000126.400, 164
Trd, 000126.817, 161
Trd, 000127.800, 164
Trd, 000128.333, 165
Trd, 000129.167, 165
Trd, 000129.533, 165
Trd, 000130.383, 164
Trd, 000130.650, 166
Trd, 000131.617, 166
Trd, 000132.083, 167
Trd, 000132.117, 168
Trd, 000132.667, 166
Trd, 000134.233, 158
Trd, 000134.567, 169
Trd, 000135.233, 169
Trd, 000135.683, 161
Trd, 000135.917, 169
Trd, 000136.083, 161
Trd, 000137.483, 163
Trd, 000138.917, 165
Trd, 000139.117, 164
Trd, 000139.300, 163
Trd, 000139.700, 165
Trd, 000141.000, 166
Trd, 000141.100, 165
Trd, 000141.733, 166
Trd, 000142.533, 163
Trd, 000142.933, 164
Trd, 000143.083, 162
Trd, 000145.350, 162
Trd, 000146.700, 164
Trd, 000147.083, 165
Trd, 000147.117, 161
Trd, 000147.300, 165
Trd, 000148.067, 161
Trd, 000148.900, 161
Trd, 000149.250, 157
Trd, 000150.550, 165
Trd, 000150.633, 166
Trd, 000151.117, 161
Trd, 000151.683, 161
Trd, 000153.517, 168
Trd, 000154.033, 163
Trd, 000154.517, 162
Trd, 000154.550, 168
Trd, 000155.383, 168
Trd, 000155.450, 161
Trd, 000155.517, 160
Trd, 000156.550, 162
Trd, 000156.950, 170
Trd, 000158.833, 170
Trd, 000159.267, 164
Trd, 000159.300, 163
Trd, 000159.900, 166
Trd, 000160.167, 165
Trd, 000160.983, 163
Trd, 000161.033, 162
Trd, 000163.917, 165
Trd, 000164.067, 167
Trd, 000164.150, 171
Trd, 000164.317, 167
Trd, 000165.067, 165
Trd, 000165.500, 168
Trd, 000166.783, 165
Trd, 000167.500, 168
Trd, 000167.900, 167
Trd, 000167.950, 166
Trd, 000168.100, 167
Trd, 000171.100, 168
Trd, 000171.450, 168
Trd, 000172.200, 164
Trd, 000172.350, 158
Trd, 000172.650, 143
Trd, 000173.333, 172
Trd, 000175.850, 160
Trd, 000176.517, 158
Trd, 000177.217, 163
Trd, 000177.283, 160
Trd, 000178.367, 161
Trd, 000179.367, 159
Trd, 000180.067, 161
Trd, 000180.367, 162
Trd, 000180.383, 161
Trd, 000181.017, 157
Trd, 000181.367, 162
Trd, 000182.700, 164
Trd, 000184.167, 162
Trd, 000185.100, 163
Trd, 000185.617, 162
Trd, 000185.717, 162
Trd, 000185.967, 162
Trd, 000186.167, 161
Trd, 000186.667, 163
Trd, 000187.667, 168
Trd, 000189.233, 162
Trd, 000189.417, 161
Trd, 000189.483, 159
Trd, 000191.100, 148
Trd, 000191.217, 153
Trd, 000191.917, 160
Trd, 000193.100, 162
Trd, 000193.417, 163
Trd, 000193.883, 164
Trd, 000194.133, 165
Trd, 000195.900, 169
Trd, 000196.183, 168
Trd, 000196.267, 161
Trd, 000196.467, 170
Trd, 000197.150, 165
Trd, 000198.117, 164
Trd, 000198.250, 171
Trd, 000200.983, 172
Trd, 000201.167, 169
Trd, 000201.833, 172
Trd, 000202.417, 175
Trd, 000202.650, 173
Trd, 000202.717, 172
Trd, 000203.467, 169
Trd, 000205.233, 171
Trd, 000205.550, 171
Trd, 000205.967, 169
Trd, 000207.217, 173
Trd, 000207.967, 171
Trd, 000209.217, 172
Trd, 000209.867, 171
Trd, 000209.983, 170
Trd, 000210.300, 171
Trd, 000210.667, 174
Trd, 000210.983, 171
Trd, 000211.817, 168
Trd, 000213.633, 173
Trd, 000214.083, 169
Trd, 000214.400, 170
Trd, 000216.367, 170
Trd, 000216.817, 168
Trd, 000217.017, 167
Trd, 000217.450, 162
Trd, 000217.717, 149
Trd, 000217.933, 148
Trd, 000218.517, 163
Trd, 000218.683, 166
Trd, 000219.950, 173
Trd, 000220.533, 171
Trd, 000221.933, 177
Trd, 000221.967, 176
Trd, 000222.717, 179
Trd, 000224.717, 178
Trd, 000225.350, 178
Trd, 000225.817, 178
Trd, 000227.100, 177
Trd, 000227.350, 176
Trd, 000227.600, 176
Trd, 000227.850, 175
Trd, 000228.417, 161
Trd, 000229.450, 147
Trd, 000230.717, 151
Trd, 000230.917, 155
Trd, 000232.567, 157
Trd, 000233.167, 171
Trd, 000233.700, 164
Trd, 000233.900, 168
Trd, 000235.050, 170
Trd, 000235.917, 172
Trd, 000236.017, 171
Trd, 000236.383, 174
Trd, 000236.617, 173
Trd, 000236.750, 171
Trd, 000238.383, 172
Trd, 000238.900, 172
Trd, 000240.317, 176
Trd, 000240.667, 176
Trd, 000241.367, 177
Trd, 000241.500, 178
Trd, 000241.833, 176
Trd, 000241.950, 176
Trd, 000242.017, 175
Trd, 000242.633, 177
Trd, 000242.717, 176
Trd, 000243.300, 180
Trd, 000244.183, 177
Trd, 000244.250, 180
Trd, 000244.267, 182
Trd, 000245.133, 182
Trd, 000245.783, 180
Trd, 000245.850, 182
Trd, 000245.933, 179
Trd, 000247.817, 182
Trd, 000248.067, 182
Trd, 000248.117, 183
Trd, 000248.883, 185
Trd, 000249.050, 184
Trd, 000249.233, 184
Trd, 000249.933, 182
Trd, 000250.417, 183
Trd, 000250.683, 185
Trd, 000250.800, 182
Trd, 000251.833, 181
Trd, 000252.200, 183
Trd, 000252.467, 181
Trd, 000252.933, 180
Trd, 000253.467, 180
Trd, 000253.533, 177
Trd, 000253.833, 174
Trd, 000254.083, 184
Trd, 000255.400, 178
Trd, 000255.450, 179
Trd, 000256.000, 176
Trd, 000256.267, 177
Trd, 000257.000, 179
Trd, 000257.200, 179
Trd, 000257.467, 176
Trd, 000257.850, 180
Trd, 000258.383, 177
Trd, 000258.550, 178
Trd, 000259.933, 178
Trd, 000260.217, 180
Trd, 000260.283, 180
Trd, 000260.367, 180
Trd, 000261.017, 179
Trd, 000261.350, 179
Trd, 000261.750, 180
Trd, 000262.033, 179
Trd, 000262.083, 181
Trd, 000262.333, 178
Trd, 000263.017, 174
Trd, 000263.050, 170
Trd, 000263.700, 172
Trd, 000264.017, 172
Trd, 000264.033, 180
Trd, 000264.267, 188
Trd, 000264.417, 171
Trd, 000265.967, 176
Trd, 000266.300, 178
Trd, 000266.400, 177
Trd, 000267.217, 178
Trd, 000267.250, 180
Trd, 000267.500, 177
Trd, 000267.667, 176
Trd, 000268.600, 179
Trd, 000268.683, 178
Trd, 000268.750, 173
Trd, 000270.050, 180
Trd, 000270.617, 180
Trd, 000270.783, 177
Trd, 000271.333, 177
Trd, 000271.583, 182
Trd, 000271.883, 177
Trd, 000272.083, 176
Trd, 000272.583, 182
Trd, 000272.750, 172
Trd, 000273.367, 173
Trd, 000273.500, 171
Trd, 000273.817, 171
Trd, 000273.967, 173
Trd, 000274.650, 170
Trd, 000274.750, 169
Trd, 000275.133, 172
Trd, 000276.333, 169
Trd, 000276.817, 170
Trd, 000276.900, 179
Trd, 000277.900, 183
Trd, 000277.933, 185
Trd, 000278.400, 184
Trd, 000278.433, 190
Trd, 000279.267, 185
Trd, 000279.367, 183
Trd, 000279.467, 175
Trd, 000279.550, 190
Trd, 000279.800, 187
Trd, 000280.117, 186
Trd, 000280.517, 183
Trd, 000281.567, 183
Trd, 000281.683, 186
Trd, 000282.317, 179
Trd, 000283.433, 182
Trd, 000283.933, 180
Trd, 000284.333, 182
Trd, 000284.783, 181
Trd, 000285.033, 179
Trd, 000286.067, 178
Trd, 000286.433, 184
Trd, 000287.050, 183
Trd, 000287.300, 184
Trd, 000287.417, 180
Trd, 000288.333, 186
Trd, 000289.817, 187
Trd, 000289.983, 185
Trd, 000290.000, 184
Trd, 000290.083, 182
Trd, 000290.117, 191
Trd, 000290.350, 181
Trd, 000291.000, 180
Trd, 000292.050, 186
Trd, 000292.100, 187
Trd, 000292.933, 186
Trd, 000293.250, 188
Trd, 000293.350, 185
Trd, 000293.517, 191
Trd, 000293.667, 188
Trd, 000294.183, 188
Trd, 000294.217, 187
Trd, 000294.383, 185
Trd, 000294.750, 188
Trd, 000294.883, 187
Trd, 000295.367, 187
Trd, 000297.283, 188
Trd, 000297.383, 188
Trd, 000297.500, 192
Trd, 000297.950, 188
Trd, 000298.217, 194
Trd, 000298.267, 197
Trd, 000298.967, 186
Trd, 000299.550, 192
Trd, 000299.600, 194
