Trd, 000000.800, 144
Trd, 000002.117, 120
Trd, 000002.950, 120
Trd, 000003.000, 125
Trd, 000003.317, 172
Trd, 000003.350, 157
Trd, 000003.983, 154
Trd, 000004.683, 138
Trd, 000006.133, 161
Trd, 000006.517, 139
Trd, 000007.183, 149
Trd, 000007.567, 147
Trd, 000008.167, 144
Trd, 000008.567, 152
Trd, 000009.517, 144
Trd, 000010.583, 153
Trd, 000010.633, 156
Trd, 000011.033, 143
Trd, 000011.100, 157
Trd, 000011.317, 163
Trd, 000012.400, 165
Trd, 000012.450, 166
Trd, 000013.867, 161
Trd, 000014.650, 161
Trd, 000014.750, 163
Trd, 000015.383, 162
Trd, 000016.450, 162
Trd, 000016.517, 161
Trd, 000016.717, 164
Trd, 000018.283, 162
Trd, 000018.450, 160
Trd, 000019.133, 157
Trd, 000019.617, 161
Trd, 000020.000, 160
Trd, 000020.133, 142
Trd, 000020.250, 160
Trd, 000021.050, 150
Trd, 000021.417, 154
Trd, 000021.817, 141
Trd, 000022.000, 157
Trd, 000022.717, 158
Trd, 000022.933, 158
Trd, 000023.267, 148
Trd, 000024.900, 156
Trd, 000025.450, 157
Trd, 000026.267, 158
Trd, 000027.033, 159
Trd, 000027.217, 166
Trd, 000028.050, 170
Trd, 000028.517, 166
Trd, 000028.600, 140
Trd, 000028.900, 168
Trd, 000029.333, 171
Trd, 000029.817, 162
Trd, 000029.967, 164
Trd, 000031.050, 155
Trd, 000031.100, 154
Trd, 000031.433, 162
Trd, 000031.550, 162
Trd, 000032.050, 160
Trd, 000033.550, 159
Trd, 000034.200, 153
Trd, 000035.000, 158
Trd, 000035.017, 158
Trd, 000036.167, 157
Trd, 000036.350, 158
Trd, 000036.767, 158
Trd, 000036.967, 159
Trd, 000037.517, 159
Trd, 000038.050, 170
Trd, 000038.100, 158
Trd, 000038.450, 151
Trd, 000039.050, 144
Trd, 000039.400, 169
Trd, 000039.917, 169
Trd, 000041.250, 157
Trd, 000041.333, 162
Trd, 000041.567, 169
Trd, 000042.900, 144
Trd, 000044.600, 149
Trd, 000044.683, 145
Trd, 000044.717, 151
Trd, 000045.250, 152
Trd, 000045.283, 141
Trd, 000045.883, 152
Trd, 000046.650, 157
Trd, 000046.783, 158
Trd, 000046.833, 159
Trd, 000047.533, 156
Trd, 000047.617, 170
Trd, 000047.633, 145
Trd, 000048.683, 144
Trd, 000048.800, 139
Trd, 000048.967, 138
Trd, 000050.067, 148
Trd, 000050.717, 149
Trd, 000051.517, 149
Trd, 000051.900, 158
Trd, 000052.600, 148
Trd, 000052.867, 160
Trd, 000053.267, 161
Trd, 000053.767, 159
Trd, 000053.817, 160
Trd, 000053.950, 174
Trd, 000054.483, 155
Trd, 000055.700, 160
Trd, 000055.750, 163
Trd, 000055.933, 154
Trd, 000056.300, 159
Trd, 000056.383, 162
Trd, 000057.850, 170
Trd, 000057.883, 171
Trd, 000058.117, 164
Trd, 000058.500, 164
Trd, 000058.917, 166
Trd, 000059.817, 167
Trd, 000060.917, 167
Trd, 000062.300, 167
Trd, 000063.167, 161
Trd, 000063.417, 167
Trd, 000063.567, 161
Trd, 000064.650, 164
Trd, 000064.700, 166
Trd, 000066.417, 161
Trd, 000066.500, 166
Trd, 000066.717, 160
Trd, 000067.633, 164
Trd, 000067.783, 161
Trd, 000068.783, 167
Trd, 000068.900, 162
Trd, 000069.017, 171
Trd, 000069.383, 172
Trd, 000070.983, 175
Trd, 000071.200, 157
Trd, 000071.450, 168
Trd, 000072.400, 147
Trd, 000073.167, 168
Trd, 000073.600, 169
Trd, 000073.667, 171
Trd, 000074.067, 170
Trd, 000075.133, 165
Trd, 000075.467, 170
Trd, 000075.567, 165
Trd, 000075.767, 170
Trd, 000075.833, 162
Trd, 000076.267, 170
Trd, 000076.800, 176
Trd, 000077.533, 173
Trd, 000078.233, 177
Trd, 000079.417, 164
Trd, 000079.550, 188
Trd, 000080.033, 162
Trd, 000080.833, 172
Trd, 000081.100, 169
Trd, 000081.350, 168
Trd, 000081.400, 140
Trd, 000081.633, 145
Trd, 000082.033, 163
Trd, 000082.250, 145
Trd, 000082.550, 165
Trd, 000082.800, 145
Trd, 000083.500, 145
Trd, 000084.700, 159
Trd, 000084.883, 160
Trd, 000085.400, 161
Trd, 000085.767, 174
Trd, 000085.950, 143
Trd, 000086.867, 142
Trd, 000087.317, 156
Trd, 000087.533, 157
Trd, 000088.117, 152
Trd, 000089.433, 171
Trd, 000089.750, 149
Trd, 000089.950, 171
Trd, 000091.700, 160
Trd, 000091.750, 153
Trd, 000092.300, 162
Trd, 000092.400, 154
Trd, 000093.517, 148
Trd, 000093.550, 167
Trd, 000093.867, 163
Trd, 000094.883, 161
Trd, 000095.433, 159
Trd, 000095.933, 163
Trd, 000095.983, 156
Trd, 000096.217, 166
Trd, 000096.867, 168
Trd, 000097.817, 154
Trd, 000098.150, 175
Trd, 000098.217, 178
Trd, 000099.383, 180
Trd, 000100.350, 165
Trd, 000100.667, 174
Trd, 000101.050, 151
Trd, 000101.567, 150
Trd, 000102.117, 144
Trd, 000102.400, 173
Trd, 000102.733, 164
Trd, 000103.683, 166
Trd, 000103.733, 137
Trd, 000103.800, 169
Trd, 000105.450, 161
Trd, 000106.550, 154
Trd, 000106.867, 159
Trd, 000107.650, 156
Trd, 000107.817, 153
Trd, 000108.017, 155
Trd, 000108.067, 157
Trd, 000108.983, 162
Trd, 000109.033, 161
Trd, 000109.150, 166
Trd, 000109.717, 167
Trd, 000110.867, 176
Trd, 000111.783, 165
Trd, 000112.133, 166
Trd, 000112.417, 162
Trd, 000113.133, 165
Trd, 000113.367, 179
Trd, 000113.767, 169
Trd, 000114.583, 164
Trd, 000115.067, 164
Trd, 000115.467, 161
Trd, 000115.617, 163
Trd, 000116.867, 165
Trd, 000117.150, 160
Trd, 000117.217, 166
Trd, 000117.483, 164
Trd, 000117.650, 161
Trd, 000118.000, 177
Trd, 000118.733, 174
Trd, 000120.283, 171
Trd, 000120.467, 172
Trd, 000121.167, 170
Trd, 000121.383, 171
Trd, 000122.083, 171
Trd, 000123.067, 165
Trd, 000123.767, 157
Trd, 000124.550, 158
Trd, 000124.717, 166
Trd, 000125.333, 167
Trd, 000125.983, 168
Trd, 000126.417, 177
Trd, 000126.433, 168
Trd, 000126.550, 167
Trd, 000126.583, 167
Trd, 000126.667, 191
Trd, 000126.800, 193
Trd, 000126.883, 192
Trd, 000127.983, 156
Trd, 000128.017, 153
Trd, 000128.183, 178
Trd, 000129.167, 177
Trd, 000129.667, 154
Trd, 000129.717, 178
Trd, 000129.967, 180
Trd, 000131.217, 180
Trd, 000131.383, 153
Trd, 000131.600, 179
Trd, 000132.900, 164
Trd, 000133.167, 174
Trd, 000133.833, 163
Trd, 000134.250, 147
Trd, 000135.267, 164
Trd, 000135.450, 169
Trd, 000135.683, 157
Trd, 000136.017, 156
Trd, 000136.067, 173
Trd, 000136.333, 170
Trd, 000137.117, 178
Trd, 000137.483, 158
Trd, 000137.700, 156
Trd, 000137.717, 169
Trd, 000138.183, 153
Trd, 000139.733, 157
Trd, 000140.133, 163
Trd, 000140.417, 169
Trd, 000141.217, 169
Trd, 000141.367, 163
Trd, 000141.467, 163
Trd, 000141.567, 159
Trd, 000142.550, 163
Trd, 000142.567, 168
Trd, 000142.583, 179
Trd, 000144.583, 164
Trd, 000144.633, 163
Trd, 000144.683, 167
Trd, 000145.917, 166
Trd, 000147.033, 163
Trd, 000147.350, 164
Trd, 000147.550, 154
Trd, 000147.750, 165
Trd, 000148.200, 165
Trd, 000148.233, 165
Trd, 000148.817, 145
Trd, 000149.750, 168
Trd, 000150.200, 169
Trd, 000150.233, 183
Trd, 000150.783, 187
Trd, 000151.500, 194
Trd, 000151.850, 193
Trd, 000152.017, 164
Trd, 000152.550, 194
Trd, 000152.600, 181
Trd, 000154.350, 184
Trd, 000154.700, 185
Trd, 000156.750, 180
Trd, 000157.183, 177
Trd, 000157.367, 180
Trd, 000157.667, 180
Trd, 000157.783, 187
Trd, 000158.517, 181
Trd, 000159.033, 171
Trd, 000160.200, 183
Trd, 000160.683, 172
Trd, 000162.667, 165
Trd, 000162.733, 163
Trd, 000162.883, 173
Trd, 000163.250, 173
Trd, 000163.600, 173
Trd, 000163.617, 174
Trd, 000163.700, 181
Trd, 000163.850, 156
Trd, 000164.917, 160
Trd, 000165.050, 179
Trd, 000166.217, 171
Trd, 000166.983, 174
Trd, 000168.217, 169
Trd, 000168.550, 172
Trd, 000168.717, 173
Trd, 000169.733, 174
Trd, 000170.100, 182
Trd, 000170.717, 170
Trd, 000171.133, 168
Trd, 000171.167, 161
Trd, 000171.433, 179
Trd, 000172.000, 179
Trd, 000172.167, 158
Trd, 000172.667, 181
Trd, 000173.350, 163
Trd, 000173.583, 157
Trd, 000175.800, 164
Trd, 000175.933, 166
Trd, 000176.533, 167
Trd, 000177.417, 168
Trd, 000177.600, 163
Trd, 000178.533, 167
Trd, 000178.967, 172
Trd, 000179.483, 173
Trd, 000179.833, 182
Trd, 000180.117, 165
Trd, 000180.450, 165
Trd, 000181.133, 182
Trd, 000181.483, 178
Trd, 000181.833, 183
Trd, 000182.550, 167
Trd, 000183.650, 174
Trd, 000183.750, 175
Trd, 000184.117, 176
Trd, 000184.167, 177
Trd, 000184.717, 168
Trd, 000184.817, 158
Trd, 000185.017, 157
Trd, 000186.100, 183
Trd, 000186.517, 183
Trd, 000186.800, 187
Trd, 000186.817, 197
Trd, 000187.700, 157
Trd, 000188.600, 180
Trd, 000188.917, 184
Trd, 000189.817, 156
Trd, 000190.267, 153
Trd, 000191.667, 171
Trd, 000192.383, 166
Trd, 000193.467, 152
Trd, 000193.733, 164
Trd, 000193.933, 151
Trd, 000194.367, 164
Trd, 000194.583, 165
Trd, 000195.617, 174
Trd, 000195.767, 158
Trd, 000196.283, 168
Trd, 000196.533, 162
Trd, 000196.650, 168
Trd, 000197.567, 184
Trd, 000198.467, 173
Trd, 000198.867, 174
Trd, 000199.100, 171
Trd, 000199.233, 186
Trd, 000199.717, 189
Trd, 000199.733, 192
Trd, 000200.050, 168
Trd, 000200.617, 188
Trd, 000202.067, 182
Trd, 000202.800, 162
Trd, 000203.467, 180
Trd, 000203.633, 159
Trd, 000204.333, 178
Trd, 000204.367, 163
Trd, 000205.783, 154
Trd, 000205.917, 172
Trd, 000206.017, 147
Trd, 000206.233, 174
Trd, 000206.400, 174
Trd, 000206.817, 174
Trd, 000207.750, 144
Trd, 000208.417, 168
Trd, 000208.700, 173
Trd, 000209.000, 174
Trd, 000209.633, 164
Trd, 000210.133, 174
Trd, 000212.433, 172
Trd, 000212.533, 175
Trd, 000212.833, 183
Trd, 000213.783, 172
Trd, 000213.817, 170
Trd, 000214.350, 178
Trd, 000215.367, 186
Trd, 000216.450, 174
Trd, 000216.950, 178
Trd, 000218.433, 182
Trd, 000218.600, 181
Trd, 000218.700, 182
Trd, 000218.833, 180
Trd, 000220.050, 180
Trd, 000220.717, 176
Trd, 000220.850, 173
Trd, 000222.167, 179
Trd, 000222.583, 178
Trd, 000222.800, 179
Trd, 000222.883, 180
Trd, 000223.033, 193
Trd, 000223.567, 187
Trd, 000223.633, 186
Trd, 000224.617, 192
Trd, 000225.017, 177
Trd, 000225.317, 163
Trd, 000225.683, 186
Trd, 000227.600, 177
Trd, 000228.983, 175
Trd, 000229.317, 176
Trd, 000229.400, 161
Trd, 000229.617, 178
Trd, 000229.833, 178
Trd, 000230.200, 178
Trd, 000230.500, 179
Trd, 000230.667, 192
Trd, 000230.883, 187
Trd, 000231.867, 195
Trd, 000231.917, 202
Trd, 000232.433, 186
Trd, 000232.500, 178
Trd, 000233.683, 160
Trd, 000234.100, 186
Trd, 000235.000, 186
Trd, 000235.800, 176
Trd, 000236.550, 175
Trd, 000237.150, 182
Trd, 000238.050, 181
Trd, 000238.367, 181
Trd, 000238.400, 173
Trd, 000239.983, 175
Trd, 000240.950, 171
Trd, 000241.117, 175
Trd, 000241.367, 174
Trd, 000241.383, 175
Trd, 000241.400, 175
Trd, 000241.667, 175
Trd, 000241.833, 172
Trd, 000242.633, 175
Trd, 000243.117, 173
Trd, 000243.517, 171
Trd, 000243.883, 165
Trd, 000244.117, 164
Trd, 000244.167, 171
Trd, 000244.233, 175
Trd, 000244.867, 179
Trd, 000245.600, 183
Trd, 000245.650, 183
Trd, 000246.133, 173
Trd, 000247.250, 177
Trd, 000247.400, 176
Trd, 000248.717, 167
Trd, 000249.517, 171
Trd, 000249.683, 175
Trd, 000249.883, 176
Trd, 000250.100, 174
Trd, 000250.217, 176
Trd, 000250.750, 175
Trd, 000251.150, 183
Trd, 000251.433, 180
Trd, 000251.783, 173
Trd, 000252.050, 171
Trd, 000252.217, 162
Trd, 000252.283, 176
Trd, 000252.333, 179
Trd, 000252.617, 187
Trd, 000252.917, 187
Trd, 000253.050, 173
Trd, 000253.500, 190
Trd, 000255.117, 176
Trd, 000255.983, 177
Trd, 000256.067, 181
Trd, 000256.233, 180
Trd, 000256.533, 176
Trd, 000256.700, 180
Trd, 000256.750, 173
Trd, 000257.200, 173
Trd, 000257.317, 178
Trd, 000257.683, 173
Trd, 000257.850, 186
Trd, 000257.867, 187
Trd, 000258.550, 188
Trd, 000259.333, 183
Trd, 000259.600, 180
Trd, 000259.650, 182
Trd, 000259.933, 166
Trd, 000260.117, 179
Trd, 000260.867, 178
Trd, 000260.983, 177
Trd, 000261.800, 177
Trd, 000262.083, 176
Trd, 000262.183, 174
Trd, 000263.150, 174
Trd, 000263.183, 176
Trd, 000263.917, 176
Trd, 000263.933, 177
Trd, 000264.433, 177
Trd, 000264.667, 181
Trd, 000264.700, 182
Trd, 000265.467, 188
Trd, 000265.550, 194
Trd, 000266.067, 177
Trd, 000266.267, 175
Trd, 000267.933, 178
Trd, 000268.233, 174
Trd, 000268.783, 176
Trd, 000269.250, 178
Trd, 000269.317, 178
Trd, 000269.450, 175
Trd, 000270.167, 177
Trd, 000270.567, 177
Trd, 000271.900, 182
Trd, 000272.283, 182
Trd, 000272.433, 183
Trd, 000273.417, 181
Trd, 000273.483, 189
Trd, 000273.750, 181
Trd, 000274.567, 178
Trd, 000275.367, 178
Trd, 000276.367, 177
Trd, 000276.383, 180
Trd, 000276.400, 175
Trd, 000276.650, 180
Trd, 000277.117, 181
Trd, 000277.583, 181
Trd, 000277.883, 172
Trd, 000277.917, 169
Trd, 000278.217, 183
Trd, 000278.833, 190
Trd, 000279.467, 187
Trd, 000279.817, 189
Trd, 000280.150, 180
Trd, 000281.417, 189
Trd, 000281.983, 188
Trd, 000282.167, 179
Trd, 000283.683, 184
Trd, 000283.767, 188
Trd, 000284.483, 189
Trd, 000284.717, 190
Trd, 000285.000, 179
Trd, 000285.033, 179
Trd, 000285.567, 176
Trd, 000285.750, 173
Trd, 000286.800, 179
Trd, 000287.133, 180
Trd, 000287.317, 187
Trd, 000287.333, 193
Trd, 000287.783, 188
Trd, 000287.850, 197
Trd, 000288.200, 191
Trd, 000288.867, 193
Trd, 000288.983, 198
Trd, 000290.083, 184
Trd, 000290.317, 183
Trd, 000290.650, 180
Trd, 000291.400, 191
Trd, 000292.650, 177
Trd, 000293.300, 168
Trd, 000293.350, 183
Trd, 000293.517, 172
Trd, 000293.650, 171
Trd, 000293.883, 184
Trd, 000294.683, 182
Trd, 000295.250, 180
Trd, 000295.383, 174
Trd, 000295.583, 184
Trd, 000295.900, 175
Trd, 000297.233, 177
Trd, 000297.383, 178
Trd, 000297.700, 173
Trd, 000298.083, 178
Trd, 000298.783, 181
Trd, 000299.667, 179
Trd, 000299.700, 179
