Trd, 000001.717, 175
Trd, 000002.017, 167
Trd, 000002.050, 165
Trd, 000002.717, 164
Trd, 000004.000, 163
Trd, 000005.217, 148
Trd, 000005.317, 151
Trd, 000005.383, 152
Trd, 000005.717, 152
Trd, 000005.767, 162
Trd, 000006.333, 152
Trd, 000007.700, 150
Trd, 000008.450, 153
Trd, 000009.367, 151
Trd, 000009.517, 150
Trd, 000009.983, 151
Trd, 000010.400, 152
Trd, 000010.633, 154
Trd, 000011.467, 164
Trd, 000011.850, 157
Trd, 000011.917, 169
Trd, 000012.383, 159
Trd, 000012.817, 158
Trd, 000013.083, 163
Trd, 000014.667, 160
Trd, 000014.917, 159
Trd, 000014.933, 155
Trd, 000016.683, 151
Trd, 000016.933, 150
Trd, 000017.083, 149
Trd, 000017.217, 150
Trd, 000017.400, 152
Trd, 000017.867, 155
Trd, 000018.083, 157
Trd, 000018.167, 152
Trd, 000018.617, 152
Trd, 000020.117, 153
Trd, 000020.767, 153
Trd, 000020.967, 161
Trd, 000021.133, 152
Trd, 000021.700, 160
Trd, 000021.883, 162
Trd, 000023.350, 155
Trd, 000023.900, 156
Trd, 000024.583, 157
Trd, 000024.850, 156
Trd, 000025.100, 156
Trd, 000025.483, 155
Trd, 000027.267, 156
Trd, 000027.333, 157
Trd, 000027.650, 154
Trd, 000028.450, 157
Trd, 000028.667, 157
Trd, 000028.983, 151
Trd, 000029.083, 164
Trd, 000029.967, 165
Trd, 000030.533, 168
Trd, 000030.833, 171
Trd, 000031.033, 182
Trd, 000031.433, 152
Trd, 000032.050, 153
Trd, 000032.900, 154
Trd, 000033.233, 164
Trd, 000033.533, 162
Trd, 000033.900, 155
Trd, 000034.150, 162
Trd, 000034.300, 163
Trd, 000035.150, 155
Trd, 000035.583, 153
Trd, 000036.150, 163
Trd, 000036.617, 164
Trd, 000037.700, 163
Trd, 000038.450, 157
Trd, 000038.817, 158
Trd, 000039.450, 156
Trd, 000039.817, 152
Trd, 000039.833, 160
Trd, 000039.917, 152
Trd, 000040.233, 159
Trd, 000041.433, 144
Trd, 000041.517, 155
Trd, 000042.483, 149
Trd, 000042.850, 155
Trd, 000043.283, 155
Trd, 000043.667, 154
Trd, 000044.433, 155
Trd, 000045.050, 145
Trd, 000045.133, 155
Trd, 000045.217, 166
Trd, 000045.250, 170
Trd, 000046.600, 155
Trd, 000046.833, 159
Trd, 000046.900, 160
Trd, 000048.183, 159
Trd, 000048.667, 156
Trd, 000048.700, 153
Trd, 000048.850, 159
Trd, 000049.150, 154
Trd, 000049.433, 159
Trd, 000050.633, 144
Trd, 000051.033, 161
Trd, 000052.183, 166
Trd, 000052.400, 168
Trd, 000052.700, 169
Trd, 000052.967, 167
Trd, 000052.983, 170
Trd, 000053.033, 156
Trd, 000053.150, 153
Trd, 000053.300, 173
Trd, 000055.750, 152
Trd, 000055.817, 146
Trd, 000056.483, 147
Trd, 000057.400, 145
Trd, 000057.617, 144
Trd, 000057.917, 142
Trd, 000058.667, 147
Trd, 000059.100, 147
Trd, 000059.683, 145
Trd, 000060.967, 147
Trd, 000061.217, 157
Trd, 000061.450, 172
Trd, 000061.717, 173
Trd, 000061.800, 172
Trd, 000062.383, 174
Trd, 000063.233, 165
Trd, 000064.150, 169
Trd, 000064.567, 169
Trd, 000064.617, 174
Trd, 000065.233, 185
Trd, 000065.700, 176
Trd, 000065.933, 179
Trd, 000066.067, 173
Trd, 000066.383, 171
Trd, 000066.517, 170
Trd, 000066.567, 171
Trd, 000066.833, 164
Trd, 000067.700, 170
Trd, 000068.183, 155
Trd, 000068.200, 141
Trd, 000068.467, 169
Trd, 000068.850, 169
Trd, 000069.417, 169
Trd, 000069.567, 166
Trd, 000069.950, 170
Trd, 000070.583, 165
Trd, 000071.417, 167
Trd, 000071.817, 166
Trd, 000071.883, 165
Trd, 000072.433, 167
Trd, 000072.500, 164
Trd, 000073.517, 167
Trd, 000074.067, 163
Trd, 000074.700, 167
Trd, 000074.750, 169
Trd, 000075.483, 167
Trd, 000076.650, 167
Trd, 000077.250, 166
Trd, 000077.400, 169
Trd, 000077.733, 169
Trd, 000078.133, 173
Trd, 000078.683, 156
Trd, 000079.200, 156
Trd, 000079.917, 160
Trd, 000080.683, 157
Trd, 000081.433, 160
Trd, 000081.817, 157
Trd, 000082.150, 156
Trd, 000082.267, 143
Trd, 000082.700, 154
Trd, 000083.000, 155
Trd, 000083.733, 141
Trd, 000083.833, 144
Trd, 000084.117, 156
Trd, 000084.167, 157
Trd, 000086.567, 151
Trd, 000087.400, 152
Trd, 000087.633, 157
Trd, 000087.717, 151
Trd, 000088.350, 170
Trd, 000088.833, 173
Trd, 000089.900, 159
Trd, 000089.983, 160
Trd, 000090.267, 153
Trd, 000090.567, 159
Trd, 000091.450, 157
Trd, 000091.517, 154
Trd, 000092.150, 155
Trd, 000092.683, 155
Trd, 000093.033, 156
Trd, 000093.267, 160
Trd, 000093.517, 158
Trd, 000093.950, 172
Trd, 000095.133, 171
Trd, 000095.217, 173
Trd, 000095.850, 155
Trd, 000096.217, 153
Trd, 000096.817, 165
Trd, 000097.650, 163
Trd, 000098.833, 164
Trd, 000098.850, 165
Trd, 000098.883, 166
Trd, 000099.600, 166
Trd, 000100.900, 164
Trd, 000101.400, 163
Trd, 000101.617, 164
Trd, 000102.167, 163
Trd, 000103.433, 165
Trd, 000103.450, 160
Trd, 000103.833, 159
Trd, 000105.483, 161
Trd, 000106.200, 160
Trd, 000106.700, 162
Trd, 000106.767, 163
Trd, 000107.083, 172
Trd, 000107.500, 162
Trd, 000107.550, 178
Trd, 000108.900, 170
Trd, 000109.917, 168
Trd, 000110.300, 167
Trd, 000110.483, 166
Trd, 000110.950, 169
Trd, 000111.433, 168
Trd, 000112.067, 166
Trd, 000113.667, 167
Trd, 000114.017, 167
Trd, 000114.050, 168
Trd, 000114.633, 169
Trd, 000114.850, 166
Trd, 000114.950, 166
Trd, 000115.867, 169
Trd, 000116.833, 171
Trd, 000117.550, 172
Trd, 000117.633, 169
Trd, 000117.800, 168
Trd, 000117.933, 170
Trd, 000118.067, 161
Trd, 000118.783, 161
Trd, 000118.850, 160
Trd, 000120.433, 170
Trd, 000120.550, 171
Trd, 000121.117, 170
Trd, 000122.883, 170
Trd, 000124.667, 163
Trd, 000125.117, 166
Trd, 000125.533, 163
Trd, 000125.700, 166
Trd, 000125.833, 161
Trd, 000126.083, 164
Trd, 000126.283, 165
Trd, 000126.767, 161
Trd, 000127.383, 163
Trd, 000127.650, 162
Trd, 000127.733, 163
Trd, 000128.000, 163
Trd, 000128.650, 163
Trd, 000128.733, 164
Trd, 000129.067, 140
Trd, 000129.717, 155
Trd, 000130.383, 157
Trd, 000131.017, 161
Trd, 000131.583, 154
Trd, 000132.133, 165
Trd, 000133.067, 156
Trd, 000134.083, 159
Trd, 000134.100, 160
Trd, 000134.450, 160
Trd, 000134.550, 166
Trd, 000135.817, 163
Trd, 000135.867, 164
Trd, 000136.683, 164
Trd, 000138.083, 163
Trd, 000138.217, 165
Trd, 000139.200, 165
Trd, 000139.283, 165
Trd, 000139.617, 165
Trd, 000140.100, 165
Trd, 000140.450, 176
Trd, 000141.450, 165
Trd, 000141.583, 164
Trd, 000142.167, 163
Trd, 000142.250, 164
Trd, 000142.517, 166
Trd, 000142.700, 166
Trd, 000143.067, 165
Trd, 000143.350, 165
Trd, 000143.550, 179
Trd, 000143.700, 183
Trd, 000144.567, 192
Trd, 000144.917, 164
Trd, 000146.033, 172
Trd, 000147.333, 179
Trd, 000147.750, 177
Trd, 000148.417, 177
Trd, 000149.367, 178
Trd, 000149.683, 178
Trd, 000149.967, 177
Trd, 000150.100, 178
Trd, 000150.250, 180
Trd, 000150.450, 177
Trd, 000151.533, 177
Trd, 000151.650, 180
Trd, 000152.250, 166
Trd, 000152.533, 166
Trd, 000152.967, 165
Trd, 000153.550, 168
Trd, 000154.000, 165
Trd, 000154.183, 163
Trd, 000154.750, 168
Trd, 000156.283, 169
Trd, 000157.267, 169
Trd, 000158.050, 167
Trd, 000158.283, 166
Trd, 000158.300, 168
Trd, 000158.317, 164
Trd, 000158.700, 164
Trd, 000159.467, 164
Trd, 000159.583, 164
Trd, 000160.000, 171
Trd, 000160.533, 173
Trd, 000160.700, 174
Trd, 000160.833, 176
Trd, 000160.983, 178
Trd, 000161.817, 181
Trd, 000163.183, 178
Trd, 000163.233, 179
Trd, 000163.300, 180
Trd, 000163.417, 185
Trd, 000163.700, 176
Trd, 000164.433, 178
Trd, 000164.633, 180
Trd, 000165.733, 179
Trd, 000166.300, 179
Trd, 000166.533, 178
Trd, 000167.233, 174
Trd, 000167.467, 180
Trd, 000168.333, 176
Trd, 000168.417, 178
Trd, 000169.400, 174
Trd, 000169.967, 173
Trd, 000170.200, 174
Trd, 000170.833, 169
Trd, 000171.283, 174
Trd, 000171.550, 171
Trd, 000172.450, 171
Trd, 000173.017, 168
Trd, 000173.050, 182
Trd, 000173.217, 168
Trd, 000173.283, 175
Trd, 000174.050, 176
Trd, 000174.483, 165
Trd, 000174.667, 157
Trd, 000174.800, 179
Trd, 000175.467, 182
Trd, 000177.217, 181
Trd, 000177.467, 180
Trd, 000177.933, 181
Trd, 000178.300, 182
Trd, 000179.083, 177
Trd, 000179.383, 182
Trd, 000179.400, 176
Trd, 000180.100, 176
Trd, 000180.200, 177
Trd, 000180.600, 178
Trd, 000181.650, 177
Trd, 000181.750, 180
Trd, 000182.317, 180
Trd, 000182.650, 180
Trd, 000183.633, 177
Trd, 000184.667, 177
Trd, 000185.450, 174
Trd, 000185.783, 175
Trd, 000186.617, 169
Trd, 000186.817, 172
Trd, 000186.850, 172
Trd, 000187.033, 173
Trd, 000187.050, 168
Trd, 000188.567, 170
Trd, 000189.167, 181
Trd, 000189.800, 171
Trd, 000190.617, 176
Trd, 000191.350, 175
Trd, 000191.950, 174
Trd, 000192.317, 174
Trd, 000192.867, 173
Trd, 000192.950, 174
Trd, 000193.733, 177
Trd, 000194.367, 181
Trd, 000194.383, 174
Trd, 000195.017, 168
Trd, 000195.683, 171
Trd, 000196.050, 167
Trd, 000196.600, 173
Trd, 000196.900, 173
Trd, 000197.917, 168
Trd, 000198.117, 169
Trd, 000199.300, 166
Trd, 000200.617, 173
Trd, 000200.683, 174
Trd, 000200.900, 170
Trd, 000201.033, 171
Trd, 000201.783, 172
Trd, 000202.400, 185
Trd, 000202.650, 174
Trd, 000202.683, 182
Trd, 000204.067, 179
Trd, 000204.850, 180
Trd, 000205.667, 179
Trd, 000205.967, 178
Trd, 000206.267, 168
Trd, 000206.400, 183
Trd, 000207.133, 186
Trd, 000207.183, 186
Trd, 000207.250, 157
Trd, 000207.367, 188
Trd, 000208.133, 170
Trd, 000209.817, 179
Trd, 000210.367, 178
Trd, 000210.683, 180
Trd, 000210.733, 178
Trd, 000211.167, 179
Trd, 000211.833, 180
Trd, 000211.917, 178
Trd, 000211.950, 183
Trd, 000211.967, 177
Trd, 000213.267, 183
Trd, 000213.317, 177
Trd, 000214.117, 172
Trd, 000214.200, 182
Trd, 000214.733, 182
Trd, 000216.100, 180
Trd, 000216.167, 181
Trd, 000217.383, 178
Trd, 000217.617, 174
Trd, 000217.750, 182
Trd, 000218.100, 184
Trd, 000218.583, 180
Trd, 000218.783, 185
Trd, 000219.383, 182
Trd, 000220.233, 174
Trd, 000220.767, 180
Trd, 000220.933, 174
Trd, 000221.083, 181
Trd, 000222.717, 173
Trd, 000223.100, 173
Trd, 000223.433, 177
Trd, 000223.617, 184
Trd, 000224.067, 187
Trd, 000225.067, 176
Trd, 000225.367, 183
Trd, 000226.033, 177
Trd, 000226.133, 176
Trd, 000227.183, 182
Trd, 000227.283, 173
Trd, 000227.967, 180
Trd, 000228.783, 177
Trd, 000228.983, 176
Trd, 000229.050, 180
Trd, 000229.483, 172
Trd, 000231.633, 177
Trd, 000231.883, 177
Trd, 000232.017, 178
Trd, 000232.200, 175
Trd, 000232.267, 179
Trd, 000232.367, 171
Trd, 000234.150, 174
Trd, 000234.633, 176
Trd, 000235.033, 177
Trd, 000235.083, 191
Trd, 000236.050, 188
Trd, 000236.083, 185
Trd, 000236.583, 188
Trd, 000236.717, 186
Trd, 000236.767, 203
Trd, 000237.300, 194
Trd, 000238.167, 195
Trd, 000239.550, 186
Trd, 000240.267, 177
Trd, 000240.417, 184
Trd, 000240.483, 189
Trd, 000241.050, 184
Trd, 000241.300, 185
Trd, 000241.467, 185
Trd, 000241.567, 186
Trd, 000241.800, 184
Trd, 000242.067, 182
Trd, 000243.200, 180
Trd, 000243.450, 180
Trd, 000243.917, 182
Trd, 000244.050, 179
Trd, 000244.417, 181
Trd, 000245.067, 179
Trd, 000245.567, 177
Trd, 000245.717, 180
Trd, 000245.950, 176
Trd, 000246.233, 178
Trd, 000246.567, 175
Trd, 000246.583, 160
Trd, 000247.667, 173
Trd, 000248.217, 176
Trd, 000248.600, 174
Trd, 000248.633, 171
Trd, 000249.400, 173
Trd, 000249.783, 171
Trd, 000249.833, 172
Trd, 000250.083, 173
Trd, 000250.517, 173
Trd, 000251.183, 176
Trd, 000253.583, 178
Trd, 000253.733, 179
Trd, 000254.017, 180
Trd, 000254.400, 180
Trd, 000254.417, 178
Trd, 000254.667, 181
Trd, 000255.067, 176
Trd, 000256.067, 183
Trd, 000256.767, 176
Trd, 000257.017, 176
Trd, 000257.050, 174
Trd, 000257.167, 181
Trd, 000257.217, 187
Trd, 000257.617, 190
Trd, 000257.933, 187
Trd, 000258.367, 179
Trd, 000259.283, 177
Trd, 000259.500, 176
Trd, 000259.633, 174
Trd, 000261.583, 173
Trd, 000262.033, 171
Trd, 000262.300, 167
Trd, 000262.550, 171
Trd, 000263.667, 166
Trd, 000263.717, 169
Trd, 000264.650, 168
Trd, 000264.717, 168
Trd, 000264.850, 169
Trd, 000264.967, 167
Trd, 000265.300, 172
Trd, 000265.867, 171
Trd, 000265.983, 172
Trd, 000266.350, 171
Trd, 000266.367, 174
Trd, 000266.967, 168
Trd, 000267.617, 167
Trd, 000267.967, 151
Trd, 000268.167, 177
Trd, 000268.783, 176
Trd, 000269.167, 170
Trd, 000269.483, 176
Trd, 000269.867, 171
Trd, 000270.150, 173
Trd, 000270.883, 178
Trd, 000271.033, 186
Trd, 000271.383, 177
Trd, 000272.000, 178
Trd, 000272.267, 178
Trd, 000272.367, 176
Trd, 000272.567, 182
Trd, 000273.883, 174
Trd, 000273.917, 180
Trd, 000274.667, 179
Trd, 000275.150, 175
Trd, 000275.300, 176
Trd, 000275.900, 175
Trd, 000276.517, 174
Trd, 000276.683, 176
Trd, 000276.767, 178
Trd, 000276.817, 181
Trd, 000277.317, 181
Trd, 000277.600, 182
Trd, 000277.767, 190
Trd, 000277.983, 193
Trd, 000278.483, 183
Trd, 000278.850, 182
Trd, 000278.883, 176
Trd, 000279.283, 182
Trd, 000279.400, 184
Trd, 000279.467, 185
Trd, 000280.483, 172
Trd, 000281.700, 166
Trd, 000281.767, 164
Trd, 000283.383, 178
Trd, 000283.600, 179
Trd, 000284.317, 172
Trd, 000284.683, 173
Trd, 000284.967, 183
Trd, 000285.600, 177
Trd, 000285.767, 180
Trd, 000285.783, 173
Trd, 000286.567, 172
Trd, 000286.733, 179
Trd, 000286.833, 177
Trd, 000287.617, 179
Trd, 000288.050, 180
Trd, 000288.167, 176
Trd, 000288.200, 174
Trd, 000288.650, 180
Trd, 000288.900, 180
Trd, 000289.633, 189
Trd, 000290.067, 175
Trd, 000290.233, 194
Trd, 000290.800, 177
Trd, 000290.833, 188
Trd, 000291.233, 179
Trd, 000291.383, 191
Trd, 000292.183, 181
Trd, 000292.533, 182
Trd, 000293.700, 181
Trd, 000293.733, 163
Trd, 000294.733, 175
Trd, 000294.800, 170
Trd, 000294.817, 183
Trd, 000294.900, 184
Trd, 000296.350, 186
Trd, 000296.617, 191
Trd, 000297.000, 181
Trd, 000297.117, 163
Trd, 000297.333, 185
Trd, 000298.017, 183
Trd, 000298.350, 182
Trd, 000298.733, 183
Trd, 000299.000, 183
Trd, 000299.067, 185
Trd, 000299.300, 181
Trd, 000299.450, 185
Trd, 000299.733, 192
