Trd, 000001.200, 200
Trd, 000001.950, 144
Trd, 000003.100, 155
Trd, 000003.400, 152
Trd, 000003.883, 161
Trd, 000004.733, 160
Trd, 000004.867, 158
Trd, 000005.517, 152
Trd, 000005.967, 153
Trd, 000007.800, 155
Trd, 000008.117, 154
Trd, 000008.500, 155
Trd, 000009.083, 156
Trd, 000009.567, 177
Trd, 000010.083, 158
Trd, 000010.583, 152
Trd, 000010.783, 155
Trd, 000011.700, 146
Trd, 000012.133, 156
Trd, 000012.550, 152
Trd, 000013.067, 147
Trd, 000013.383, 155
Trd, 000014.633, 153
Trd, 000015.833, 151
Trd, 000016.117, 148
Trd, 000016.350, 159
Trd, 000017.017, 157
Trd, 000017.533, 155
Trd, 000018.500, 156
Trd, 000018.833, 154
Trd, 000018.883, 153
Trd, 000020.683, 150
Trd, 000020.767, 149
Trd, 000021.133, 151
Trd, 000021.667, 151
Trd, 000022.167, 152
Trd, 000022.183, 160
Trd, 000023.350, 152
Trd, 000023.550, 156
Trd, 000024.233, 154
Trd, 000025.150, 156
Trd, 000025.467, 156
Trd, 000025.583, 153
Trd, 000026.167, 176
Trd, 000026.417, 166
Trd, 000027.083, 160
Trd, 000027.767, 162
Trd, 000028.167, 177
Trd, 000030.000, 160
Trd, 000030.017, 165
Trd, 000031.417, 163
Trd, 000031.717, 163
Trd, 000031.817, 161
Trd, 000032.567, 180
Trd, 000033.150, 180
Trd, 000033.533, 161
Trd, 000034.033, 161
Trd, 000034.317, 158
Trd, 000035.467, 159
Trd, 000035.800, 158
Trd, 000036.333, 157
Trd, 000037.967, 156
Trd, 000038.117, 161
Trd, 000038.417, 162
Trd, 000039.750, 157
Trd, 000039.983, 155
Trd, 000040.650, 157
Trd, 000040.867, 159
Trd, 000041.300, 155
Trd, 000041.650, 158
Trd, 000042.617, 157
Trd, 000043.867, 157
Trd, 000043.883, 155
Trd, 000044.200, 149
Trd, 000044.233, 147
Trd, 000046.033, 157
Trd, 000046.083, 158
Trd, 000047.200, 157
Trd, 000047.417, 156
Trd, 000047.650, 157
Trd, 000048.300, 159
Trd, 000048.700, 160
Trd, 000049.217, 160
Trd, 000049.583, 162
Trd, 000049.633, 159
Trd, 000050.133, 163
Trd, 000050.317, 158
Trd, 000050.583, 163
Trd, 000051.717, 160
Trd, 000051.817, 159
Trd, 000052.583, 182
Trd, 000052.767, 161
Trd, 000052.783, 160
Trd, 000053.150, 159
Trd, 000053.550, 166
Trd, 000056.517, 162
Trd, 000056.633, 169
Trd, 000057.683, 162
Trd, 000059.617, 163
Trd, 000059.683, 158
Trd, 000059.750, 161
Trd, 000059.917, 159
Trd, 000061.817, 159
Trd, 000061.917, 158
Trd, 000062.500, 160
Trd, 000063.483, 161
Trd, 000064.017, 161
Trd, 000064.117, 158
Trd, 000064.383, 158
Trd, 000065.683, 161
Trd, 000066.567, 162
Trd, 000067.517, 162
Trd, 000068.100, 163
Trd, 000068.183, 161
Trd, 000068.267, 164
Trd, 000068.517, 161
Trd, 000069.833, 180
Trd, 000069.967, 158
Trd, 000071.483, 165
Trd, 000072.667, 163
Trd, 000072.717, 158
Trd, 000073.317, 162
Trd, 000074.017, 162
Trd, 000074.717, 162
Trd, 000074.733, 162
Trd, 000074.767, 163
Trd, 000075.900, 163
Trd, 000076.167, 162
Trd, 000076.500, 163
Trd, 000078.333, 159
Trd, 000078.433, 163
Trd, 000078.683, 159
Trd, 000079.733, 164
Trd, 000079.783, 165
Trd, 000080.917, 164
Trd, 000081.550, 161
Trd, 000081.800, 160
Trd, 000082.250, 161
Trd, 000083.000, 163
Trd, 000083.433, 166
Trd, 000083.517, 165
Trd, 000084.283, 165
Trd, 000084.733, 164
Trd, 000085.350, 164
Trd, 000085.833, 165
Trd, 000086.683, 165
Trd, 000086.833, 160
Trd, 000088.717, 163
Trd, 000088.983, 163
Trd, 000089.633, 161
Trd, 000090.550, 162
Trd, 000090.650, 162
Trd, 000090.850, 163
Trd, 000091.183, 164
Trd, 000091.367, 163
Trd, 000091.750, 167
Trd, 000091.967, 173
Trd, 000092.400, 168
Trd, 000093.233, 168
Trd, 000093.283, 167
Trd, 000095.133, 162
Trd, 000095.350, 162
Trd, 000095.550, 161
Trd, 000096.300, 162
Trd, 000096.767, 164
Trd, 000097.050, 164
Trd, 000097.983, 162
Trd, 000098.283, 161
Trd, 000098.367, 165
Trd, 000098.717, 163
Trd, 000099.850, 161
Trd, 000100.583, 163
Trd, 000101.533, 162
Trd, 000102.000, 161
Trd, 000103.100, 165
Trd, 000103.400, 153
Trd, 000103.750, 137
Trd, 000104.317, 151
Trd, 000104.450, 159
Trd, 000105.183, 163
Trd, 000107.400, 158
Trd, 000107.567, 154
Trd, 000107.617, 156
Trd, 000107.967, 155
Trd, 000109.417, 168
Trd, 000109.533, 162
Trd, 000109.633, 161
Trd, 000109.783, 190
Trd, 000110.233, 161
Trd, 000110.417, 164
Trd, 000111.467, 166
Trd, 000111.533, 165
Trd, 000111.633, 181
Trd, 000112.017, 167
Trd, 000112.117, 165
Trd, 000112.500, 172
Trd, 000113.900, 169
Trd, 000115.383, 173
Trd, 000115.717, 188
Trd, 000116.150, 172
Trd, 000116.600, 172
Trd, 000116.917, 170
Trd, 000117.117, 169
Trd, 000117.783, 165
Trd, 000118.850, 189
Trd, 000118.917, 190
Trd, 000120.483, 179
Trd, 000120.783, 179
Trd, 000120.867, 178
Trd, 000121.133, 177
Trd, 000121.217, 178
Trd, 000122.133, 170
Trd, 000122.833, 171
Trd, 000122.933, 164
Trd, 000123.867, 176
Trd, 000124.417, 168
Trd, 000125.633, 168
Trd, 000126.267, 165
Trd, 000127.267, 167
Trd, 000127.533, 167
Trd, 000127.600, 168
Trd, 000128.333, 169
Trd, 000129.233, 169
Trd, 000130.350, 167
Trd, 000130.650, 166
Trd, 000130.850, 166
Trd, 000131.317, 169
Trd, 000131.417, 163
Trd, 000131.433, 171
Trd, 000132.317, 168
Trd, 000132.467, 164
Trd, 000132.533, 158
Trd, 000132.583, 168
Trd, 000132.817, 189
Trd, 000135.367, 164
Trd, 000136.100, 165
Trd, 000136.433, 164
Trd, 000139.267, 166
Trd, 000139.483, 168
Trd, 000139.583, 171
Trd, 000139.633, 167
Trd, 000140.400, 167
Trd, 000140.467, 170
Trd, 000141.000, 168
Trd, 000141.617, 167
Trd, 000142.133, 165
Trd, 000142.717, 162
Trd, 000143.683, 168
Trd, 000143.800, 172
Trd, 000144.667, 188
Trd, 000144.950, 169
Trd, 000145.700, 168
Trd, 000146.633, 170
Trd, 000146.917, 169
Trd, 000147.167, 168
Trd, 000147.950, 168
Trd, 000148.183, 168
Trd, 000148.800, 170
Trd, 000150.033, 170
Trd, 000150.817, 167
Trd, 000150.900, 171
Trd, 000151.567, 171
Trd, 000151.983, 170
Trd, 000152.200, 169
Trd, 000153.150, 169
Trd, 000154.467, 170
Trd, 000154.883, 170
Trd, 000155.150, 170
Trd, 000155.417, 171
Trd, 000155.800, 173
Trd, 000156.233, 171
Trd, 000156.283, 173
Trd, 000156.817, 174
Trd, 000156.900, 176
Trd, 000157.567, 168
Trd, 000157.667, 167
Trd, 000158.150, 174
Trd, 000158.283, 174
Trd, 000158.383, 164
Trd, 000160.033, 176
Trd, 000160.100, 173
Trd, 000161.783, 175
Trd, 000162.300, 175
Trd, 000162.783, 167
Trd, 000163.000, 170
Trd, 000163.350, 170
Trd, 000163.517, 171
Trd, 000165.000, 171
Trd, 000165.833, 171
Trd, 000166.233, 171
Trd, 000166.833, 169
Trd, 000167.000, 168
Trd, 000167.067, 167
Trd, 000168.817, 172
Trd, 000169.067, 172
Trd, 000169.517, 170
Trd, 000169.767, 200
Trd, 000171.150, 173
Trd, 000172.350, 175
Trd, 000172.517, 173
Trd, 000174.000, 171
Trd, 000174.617, 171
Trd, 000174.800, 172
Trd, 000174.883, 171
Trd, 000175.350, 172
Trd, 000175.500, 175
Trd, 000175.550, 170
Trd, 000176.367, 169
Trd, 000176.783, 167
Trd, 000178.050, 175
Trd, 000179.183, 174
Trd, 000180.167, 172
Trd, 000180.500, 173
Trd, 000180.917, 175
Trd, 000181.333, 172
Trd, 000181.767, 172
Trd, 000182.117, 176
Trd, 000182.867, 173
Trd, 000183.067, 176
Trd, 000183.150, 173
Trd, 000183.517, 175
Trd, 000183.933, 175
Trd, 000184.050, 175
Trd, 000184.633, 176
Trd, 000185.717, 177
Trd, 000185.967, 169
Trd, 000186.400, 177
Trd, 000186.717, 178
Trd, 000188.817, 177
Trd, 000189.083, 177
Trd, 000189.383, 173
Trd, 000189.750, 178
Trd, 000190.633, 174
Trd, 000192.417, 173
Trd, 000192.717, 174
Trd, 000192.950, 174
Trd, 000193.117, 174
Trd, 000193.317, 173
Trd, 000194.100, 170
Trd, 000194.217, 171
Trd, 000194.683, 162
Trd, 000195.033, 170
Trd, 000195.217, 171
Trd, 000195.367, 163
Trd, 000196.267, 170
Trd, 000197.183, 175
Trd, 000197.967, 170
Trd, 000198.250, 172
Trd, 000199.633, 177
Trd, 000199.900, 175
Trd, 000200.200, 175
Trd, 000200.367, 171
Trd, 000201.467, 173
Trd, 000202.583, 173
Trd, 000203.183, 174
Trd, 000203.433, 171
Trd, 000204.183, 172
Trd, 000205.367, 174
Trd, 000205.833, 172
Trd, 000206.117, 198
Trd, 000206.767, 172
Trd, 000207.167, 173
Trd, 000207.233, 175
Trd, 000208.400, 173
Trd, 000208.900, 177
Trd, 000209.717, 175
Trd, 000210.183, 177
Trd, 000210.417, 179
Trd, 000210.533, 175
Trd, 000210.983, 178
Trd, 000211.533, 175
Trd, 000211.783, 176
Trd, 000211.917, 197
Trd, 000212.283, 175
Trd, 000212.850, 176
Trd, 000213.767, 175
Trd, 000214.767, 176
Trd, 000215.333, 175
Trd, 000216.083, 174
Trd, 000216.600, 176
Trd, 000217.167, 170
Trd, 000217.667, 177
Trd, 000217.783, 177
Trd, 000217.883, 179
Trd, 000218.417, 173
Trd, 000218.433, 172
Trd, 000219.000, 179
Trd, 000219.233, 166
Trd, 000220.100, 177
Trd, 000220.717, 177
Trd, 000221.917, 189
Trd, 000222.633, 184
Trd, 000222.800, 190
Trd, 000222.833, 185
Trd, 000223.717, 185
Trd, 000224.083, 193
Trd, 000224.767, 184
Trd, 000225.300, 184
Trd, 000225.733, 183
Trd, 000226.283, 185
Trd, 000227.517, 186
Trd, 000227.967, 185
Trd, 000228.283, 183
Trd, 000229.233, 181
Trd, 000230.250, 181
Trd, 000230.817, 186
Trd, 000231.633, 188
Trd, 000232.300, 188
Trd, 000232.467, 182
Trd, 000234.150, 183
Trd, 000234.367, 186
Trd, 000234.850, 184
Trd, 000235.250, 183
Trd, 000235.333, 183
Trd, 000235.717, 183
Trd, 000235.733, 184
Trd, 000235.800, 181
Trd, 000236.633, 175
Trd, 000238.750, 177
Trd, 000239.183, 180
Trd, 000239.467, 179
Trd, 000240.033, 176
Trd, 000240.200, 175
Trd, 000240.317, 176
Trd, 000240.583, 175
Trd, 000241.400, 171
Trd, 000241.517, 170
Trd, 000241.883, 171
Trd, 000241.900, 171
Trd, 000241.933, 172
Trd, 000242.633, 168
Trd, 000243.017, 172
Trd, 000243.300, 167
Trd, 000243.650, 166
Trd, 000243.933, 165
Trd, 000243.967, 172
Trd, 000244.400, 168
Trd, 000244.517, 152
Trd, 000244.533, 173
Trd, 000244.750, 151
Trd, 000246.233, 169
Trd, 000246.500, 167
Trd, 000247.033, 170
Trd, 000247.550, 169
Trd, 000247.600, 172
Trd, 000248.117, 166
Trd, 000248.233, 166
Trd, 000248.633, 170
Trd, 000249.017, 170
Trd, 000249.500, 179
Trd, 000250.333, 176
Trd, 000250.500, 178
Trd, 000250.950, 179
Trd, 000250.967, 183
Trd, 000251.567, 184
Trd, 000251.900, 185
Trd, 000252.000, 184
Trd, 000253.050, 183
Trd, 000253.850, 183
Trd, 000254.100, 183
Trd, 000254.367, 183
Trd, 000254.933, 177
Trd, 000255.583, 177
Trd, 000255.650, 177
Trd, 000255.733, 176
Trd, 000255.750, 177
Trd, 000256.183, 178
Trd, 000256.267, 176
Trd, 000256.700, 168
Trd, 000257.400, 176
Trd, 000257.950, 174
Trd, 000258.433, 178
Trd, 000258.533, 179
Trd, 000258.667, 180
Trd, 000259.100, 197
Trd, 000259.683, 200
Trd, 000259.983, 186
Trd, 000260.233, 208
Trd, 000260.667, 186
Trd, 000261.533, 186
Trd, 000261.567, 184
Trd, 000261.683, 191
Trd, 000261.767, 195
Trd, 000262.017, 170
Trd, 000263.450, 181
Trd, 000263.633, 177
Trd, 000264.450, 172
Trd, 000264.667, 172
Trd, 000264.733, 173
Trd, 000265.100, 174
Trd, 000265.450, 175
Trd, 000265.833, 176
Trd, 000265.867, 175
Trd, 000266.083, 173
Trd, 000266.533, 172
Trd, 000266.867, 169
Trd, 000267.233, 175
Trd, 000268.167, 168
Trd, 000268.783, 171
Trd, 000268.850, 172
Trd, 000269.650, 172
Trd, 000270.583, 178
Trd, 000270.867, 174
Trd, 000271.217, 174
Trd, 000271.300, 179
Trd, 000271.400, 173
Trd, 000272.467, 176
Trd, 000272.600, 178
Trd, 000273.050, 178
Trd, 000273.217, 182
Trd, 000274.067, 184
Trd, 000274.233, 185
Trd, 000274.800, 191
Trd, 000275.683, 185
Trd, 000275.883, 185
Trd, 000276.150, 185
Trd, 000276.483, 190
Trd, 000276.700, 187
Trd, 000277.133, 193
Trd, 000278.133, 198
Trd, 000278.167, 197
Trd, 000279.350, 199
Trd, 000279.433, 197
Trd, 000279.783, 200
Trd, 000279.817, 196
Trd, 000280.083, 190
Trd, 000280.317, 207
Trd, 000280.900, 181
Trd, 000281.317, 179
Trd, 000281.717, 177
Trd, 000281.883, 169
Trd, 000282.117, 176
Trd, 000282.850, 164
Trd, 000283.017, 156
Trd, 000283.367, 162
Trd, 000283.650, 155
Trd, 000284.550, 156
Trd, 000284.683, 160
Trd, 000285.583, 183
Trd, 000285.783, 207
Trd, 000285.983, 201
Trd, 000286.150, 170
Trd, 000286.383, 175
Trd, 000286.967, 176
Trd, 000287.333, 173
Trd, 000288.267, 168
Trd, 000288.750, 170
Trd, 000288.850, 169
Trd, 000288.950, 168
Trd, 000289.067, 156
Trd, 000290.067, 166
Trd, 000290.550, 169
Trd, 000290.883, 179
Trd, 000291.150, 168
Trd, 000291.400, 184
Trd, 000291.650, 184
Trd, 000291.833, 186
Trd, 000292.033, 177
Trd, 000292.350, 173
Trd, 000292.833, 180
Trd, 000292.933, 176
Trd, 000293.217, 177
Trd, 000293.300, 173
Trd, 000293.600, 172
Trd, 000293.733, 170
Trd, 000294.733, 170
Trd, 000295.667, 173
Trd, 000296.083, 172
Trd, 000296.167, 174
Trd, 000297.217, 179
Trd, 000297.600, 187
Trd, 000297.733, 202
Trd, 000299.067, 207
Trd, 000299.133, 192
Trd, 000299.383, 191
Trd, 000299.767, 197
