Trd, 000001.817, 166
Trd, 000002.450, 165
Trd, 000002.883, 165
Trd, 000003.250, 166
Trd, 000003.433, 164
Trd, 000003.583, 163
Trd, 000003.850, 162
Trd, 000005.133, 166
Trd, 000006.467, 163
Trd, 000006.517, 164
Trd, 000007.233, 150
Trd, 000007.267, 164
Trd, 000007.567, 149
Trd, 000007.600, 148
Trd, 000008.683, 152
Trd, 000009.467, 151
Trd, 000009.983, 154
Trd, 000010.667, 150
Trd, 000011.683, 160
Trd, 000012.183, 163
Trd, 000013.067, 161
Trd, 000013.167, 164
Trd, 000013.233, 149
Trd, 000014.517, 152
Trd, 000014.817, 154
Trd, 000015.400, 158
Trd, 000017.717, 154
Trd, 000018.233, 152
Trd, 000018.267, 147
Trd, 000018.733, 152
Trd, 000019.150, 153
Trd, 000019.917, 151
Trd, 000020.267, 151
Trd, 000020.550, 150
Trd, 000020.617, 152
Trd, 000021.017, 157
Trd, 000022.833, 162
Trd, 000023.167, 164
Trd, 000023.233, 163
Trd, 000023.817, 162
Trd, 000023.850, 163
Trd, 000024.217, 162
Trd, 000025.533, 160
Trd, 000026.017, 156
Trd, 000026.850, 148
Trd, 000027.150, 153
Trd, 000028.750, 152
Trd, 000028.767, 151
Trd, 000028.850, 150
Trd, 000029.600, 149
Trd, 000030.117, 165
Trd, 000031.083, 152
Trd, 000031.167, 152
Trd, 000031.250, 152
Trd, 000031.567, 152
Trd, 000032.217, 155
Trd, 000033.483, 161
Trd, 000034.600, 158
Trd, 000035.100, 156
Trd, 000036.067, 154
Trd, 000036.333, 158
Trd, 000036.750, 161
Trd, 000037.117, 162
Trd, 000037.850, 168
Trd, 000039.067, 150
Trd, 000040.217, 151
Trd, 000042.000, 153
Trd, 000042.550, 154
Trd, 000042.667, 153
Trd, 000042.683, 155
Trd, 000043.250, 156
Trd, 000044.150, 152
Trd, 000044.583, 155
Trd, 000045.850, 155
Trd, 000046.033, 152
Trd, 000046.050, 156
Trd, 000046.833, 162
Trd, 000046.967, 169
Trd, 000048.133, 159
Trd, 000049.417, 157
Trd, 000049.583, 159
Trd, 000050.183, 160
Trd, 000050.250, 163
Trd, 000050.517, 158
Trd, 000051.367, 158
Trd, 000051.383, 159
Trd, 000052.267, 159
Trd, 000054.667, 158
Trd, 000055.100, 157
Trd, 000055.367, 153
Trd, 000055.550, 158
Trd, 000056.050, 155
Trd, 000056.850, 152
Trd, 000056.900, 155
Trd, 000056.950, 155
Trd, 000057.767, 153
Trd, 000058.267, 154
Trd, 000058.433, 154
Trd, 000058.667, 156
Trd, 000059.133, 159
Trd, 000059.500, 157
Trd, 000060.300, 157
Trd, 000060.983, 160
Trd, 000061.850, 160
Trd, 000062.217, 160
Trd, 000062.317, 162
Trd, 000062.683, 164
Trd, 000062.900, 159
Trd, 000063.967, 164
Trd, 000064.450, 163
Trd, 000064.900, 164
Trd, 000065.333, 166
Trd, 000067.867, 157
Trd, 000068.600, 162
Trd, 000069.667, 162
Trd, 000070.483, 164
Trd, 000071.200, 163
Trd, 000071.417, 164
Trd, 000072.267, 164
Trd, 000072.650, 164
Trd, 000073.900, 164
Trd, 000074.000, 163
Trd, 000074.033, 165
Trd, 000074.167, 165
Trd, 000074.517, 169
Trd, 000075.183, 164
Trd, 000075.817, 165
Trd, 000075.950, 168
Trd, 000078.833, 161
Trd, 000078.983, 167
Trd, 000079.833, 173
Trd, 000079.950, 162
Trd, 000081.500, 166
Trd, 000081.867, 163
Trd, 000081.900, 164
Trd, 000082.133, 160
Trd, 000082.367, 165
Trd, 000082.750, 166
Trd, 000083.417, 166
Trd, 000084.367, 164
Trd, 000084.483, 164
Trd, 000085.167, 166
Trd, 000085.633, 165
Trd, 000086.333, 165
Trd, 000088.417, 162
Trd, 000088.533, 164
Trd, 000089.033, 165
Trd, 000089.083, 158
Trd, 000090.500, 166
Trd, 000090.517, 167
Trd, 000091.217, 158
Trd, 000092.917, 165
Trd, 000093.050, 165
Trd, 000093.300, 167
Trd, 000094.717, 163
Trd, 000096.033, 161
Trd, 000096.450, 164
Trd, 000096.617, 160
Trd, 000096.733, 165
Trd, 000096.933, 143
Trd, 000099.100, 153
Trd, 000099.317, 155
Trd, 000099.517, 159
Trd, 000099.967, 151
Trd, 000101.283, 150
Trd, 000101.767, 160
Trd, 000102.450, 168
Trd, 000102.633, 151
Trd, 000102.983, 165
Trd, 000103.450, 151
Trd, 000103.600, 164
Trd, 000105.600, 151
Trd, 000105.667, 153
Trd, 000106.667, 156
Trd, 000107.400, 158
Trd, 000107.683, 159
Trd, 000108.900, 159
Trd, 000109.467, 159
Trd, 000110.500, 176
Trd, 000111.100, 176
Trd, 000111.367, 177
Trd, 000111.750, 173
Trd, 000112.633, 159
Trd, 000113.200, 176
Trd, 000113.900, 153
Trd, 000114.400, 164
Trd, 000114.850, 169
Trd, 000115.700, 173
Trd, 000116.233, 173
Trd, 000116.667, 167
Trd, 000117.667, 173
Trd, 000119.183, 172
Trd, 000119.250, 174
Trd, 000119.600, 174
Trd, 000120.417, 173
Trd, 000120.450, 173
Trd, 000121.450, 170
Trd, 000121.733, 170
Trd, 000122.633, 171
Trd, 000123.083, 173
Trd, 000123.100, 174
Trd, 000123.800, 169
Trd, 000124.083, 168
Trd, 000125.150, 169
Trd, 000125.433, 168
Trd, 000125.917, 160
Trd, 000128.417, 172
Trd, 000129.717, 170
Trd, 000129.850, 162
Trd, 000131.267, 167
Trd, 000131.667, 167
Trd, 000132.067, 168
Trd, 000132.217, 171
Trd, 000133.067, 171
Trd, 000133.633, 173
Trd, 000134.233, 173
Trd, 000135.117, 170
Trd, 000135.983, 170
Trd, 000136.267, 170
Trd, 000136.283, 171
Trd, 000136.817, 171
Trd, 000137.733, 170
Trd, 000138.083, 174
Trd, 000138.317, 175
Trd, 000139.300, 171
Trd, 000140.083, 165
Trd, 000140.250, 168
Trd, 000140.717, 164
Trd, 000141.733, 165
Trd, 000142.250, 167
Trd, 000142.633, 166
Trd, 000143.150, 170
Trd, 000143.333, 164
Trd, 000143.617, 172
Trd, 000144.017, 172
Trd, 000145.300, 168
Trd, 000146.500, 169
Trd, 000146.533, 170
Trd, 000148.000, 170
Trd, 000148.050, 173
Trd, 000148.067, 169
Trd, 000149.683, 173
Trd, 000150.017, 168
Trd, 000151.183, 170
Trd, 000151.367, 169
Trd, 000151.550, 170
Trd, 000151.867, 177
Trd, 000152.167, 166
Trd, 000152.183, 178
Trd, 000152.733, 177
Trd, 000154.017, 172
Trd, 000155.933, 168
Trd, 000155.967, 167
Trd, 000156.833, 169
Trd, 000157.350, 170
Trd, 000157.983, 171
Trd, 000158.200, 169
Trd, 000160.750, 168
Trd, 000160.800, 169
Trd, 000161.500, 171
Trd, 000161.833, 167
Trd, 000162.200, 170
Trd, 000162.950, 172
Trd, 000165.100, 172
Trd, 000165.733, 170
Trd, 000165.833, 168
Trd, 000165.917, 167
Trd, 000166.583, 166
Trd, 000166.600, 168
Trd, 000166.800, 170
Trd, 000167.817, 171
Trd, 000168.283, 173
Trd, 000168.983, 172
Trd, 000170.317, 174
Trd, 000170.767, 174
Trd, 000171.067, 175
Trd, 000171.183, 172
Trd, 000171.517, 168
Trd, 000171.617, 179
Trd, 000173.350, 173
Trd, 000174.133, 169
Trd, 000174.300, 171
Trd, 000174.550, 175
Trd, 000175.833, 169
Trd, 000176.400, 169
Trd, 000177.167, 169
Trd, 000178.017, 174
Trd, 000178.617, 181
Trd, 000179.367, 183
Trd, 000179.450, 184
Trd, 000179.767, 183
Trd, 000180.100, 178
Trd, 000181.700, 171
Trd, 000182.867, 166
Trd, 000183.617, 169
Trd, 000183.817, 170
Trd, 000185.267, 168
Trd, 000185.433, 168
Trd, 000185.733, 170
Trd, 000187.000, 170
Trd, 000187.017, 172
Trd, 000187.067, 176
Trd, 000188.133, 176
Trd, 000188.950, 184
Trd, 000189.333, 184
Trd, 000190.083, 181
Trd, 000191.167, 186
Trd, 000191.717, 186
Trd, 000192.167, 186
Trd, 000192.883, 184
Trd, 000194.633, 186
Trd, 000194.700, 185
Trd, 000194.750, 181
Trd, 000195.867, 184
Trd, 000195.983, 185
Trd, 000196.517, 167
Trd, 000197.167, 183
Trd, 000197.383, 169
Trd, 000197.800, 183
Trd, 000199.067, 168
Trd, 000199.517, 181
Trd, 000199.600, 182
Trd, 000201.167, 173
Trd, 000202.700, 177
Trd, 000203.350, 177
Trd, 000203.483, 180
Trd, 000204.733, 180
Trd, 000205.283, 180
Trd, 000205.750, 180
Trd, 000206.233, 178
Trd, 000206.383, 177
Trd, 000207.250, 179
Trd, 000207.367, 180
Trd, 000207.967, 182
Trd, 000208.833, 182
Trd, 000209.017, 181
Trd, 000209.600, 184
Trd, 000210.283, 185
Trd, 000210.567, 184
Trd, 000210.800, 186
Trd, 000211.700, 159
Trd, 000211.967, 180
Trd, 000212.083, 185
Trd, 000212.117, 186
Trd, 000212.383, 188
Trd, 000213.017, 172
Trd, 000214.083, 169
Trd, 000214.167, 159
Trd, 000217.000, 162
Trd, 000217.333, 163
Trd, 000217.583, 163
Trd, 000217.850, 163
Trd, 000218.183, 163
Trd, 000218.617, 160
Trd, 000218.667, 159
Trd, 000218.967, 154
Trd, 000220.417, 163
Trd, 000220.633, 166
Trd, 000220.650, 170
Trd, 000221.383, 180
Trd, 000222.017, 165
Trd, 000222.300, 184
Trd, 000222.633, 184
Trd, 000223.667, 182
Trd, 000224.150, 184
Trd, 000225.800, 179
Trd, 000226.100, 180
Trd, 000226.483, 183
Trd, 000228.033, 178
Trd, 000228.350, 177
Trd, 000229.467, 171
Trd, 000229.733, 179
Trd, 000230.383, 175
Trd, 000230.833, 174
Trd, 000232.067, 172
Trd, 000232.767, 176
Trd, 000233.300, 172
Trd, 000234.133, 174
Trd, 000234.150, 175
Trd, 000234.250, 177
Trd, 000234.583, 181
Trd, 000236.550, 184
Trd, 000236.583, 181
Trd, 000236.867, 179
Trd, 000237.417, 179
Trd, 000238.667, 182
Trd, 000238.867, 183
Trd, 000239.117, 184
Trd, 000239.233, 185
Trd, 000240.300, 182
Trd, 000241.083, 178
Trd, 000241.283, 179
Trd, 000241.350, 178
Trd, 000241.700, 177
Trd, 000242.000, 175
Trd, 000242.300, 174
Trd, 000242.383, 172
Trd, 000243.067, 172
Trd, 000243.650, 172
Trd, 000243.783, 174
Trd, 000243.933, 175
Trd, 000244.183, 184
Trd, 000245.150, 180
Trd, 000245.267, 182
Trd, 000245.867, 183
Trd, 000246.750, 182
Trd, 000246.800, 181
Trd, 000247.433, 180
Trd, 000247.917, 181
Trd, 000248.000, 180
Trd, 000248.500, 176
Trd, 000249.533, 177
Trd, 000249.900, 181
Trd, 000249.933, 179
Trd, 000250.133, 178
Trd, 000250.283, 181
Trd, 000252.450, 181
Trd, 000252.500, 178
Trd, 000253.067, 176
Trd, 000253.567, 177
Trd, 000253.933, 173
Trd, 000254.117, 176
Trd, 000254.783, 162
Trd, 000254.800, 177
Trd, 000254.933, 183
Trd, 000256.667, 177
Trd, 000256.817, 178
Trd, 000256.850, 179
Trd, 000257.900, 180
Trd, 000258.117, 183
Trd, 000259.033, 182
Trd, 000259.317, 183
Trd, 000259.400, 182
Trd, 000259.750, 184
Trd, 000259.867, 182
Trd, 000259.983, 188
Trd, 000260.250, 186
Trd, 000261.183, 181
Trd, 000261.800, 172
Trd, 000261.933, 173
Trd, 000262.600, 171
Trd, 000263.017, 173
Trd, 000263.233, 171
Trd, 000263.417, 165
Trd, 000263.550, 170
Trd, 000264.117, 168
Trd, 000264.333, 172
Trd, 000264.983, 172
Trd, 000265.900, 176
Trd, 000266.550, 178
Trd, 000266.783, 177
Trd, 000266.817, 179
Trd, 000267.333, 184
Trd, 000267.667, 187
Trd, 000267.883, 189
Trd, 000268.233, 186
Trd, 000268.400, 185
Trd, 000268.783, 184
Trd, 000269.250, 189
Trd, 000269.617, 184
Trd, 000270.217, 174
Trd, 000270.917, 173
Trd, 000271.150, 167
Trd, 000271.817, 176
Trd, 000272.017, 177
Trd, 000272.333, 178
Trd, 000272.417, 185
Trd, 000272.683, 192
Trd, 000272.967, 176
Trd, 000273.400, 177
Trd, 000275.083, 178
Trd, 000275.200, 178
Trd, 000275.217, 179
Trd, 000275.850, 193
Trd, 000276.383, 189
Trd, 000276.767, 188
Trd, 000277.017, 186
Trd, 000277.567, 192
Trd, 000277.700, 191
Trd, 000278.383, 176
Trd, 000278.983, 191
Trd, 000280.283, 190
Trd, 000280.400, 189
Trd, 000280.617, 182
Trd, 000280.833, 189
Trd, 000281.067, 170
Trd, 000281.183, 174
Trd, 000281.650, 169
Trd, 000281.917, 167
Trd, 000282.533, 173
Trd, 000282.667, 171
Trd, 000282.717, 176
Trd, 000282.933, 170
Trd, 000283.050, 179
Trd, 000284.200, 176
Trd, 000284.467, 185
Trd, 000284.867, 178
Trd, 000285.250, 179
Trd, 000285.350, 184
Trd, 000285.633, 177
Trd, 000285.817, 186
Trd, 000286.967, 178
Trd, 000287.100, 179
Trd, 000287.267, 189
Trd, 000288.100, 181
Trd, 000288.367, 177
Trd, 000289.567, 182
Trd, 000290.067, 177
Trd, 000290.167, 166
Trd, 000290.417, 180
Trd, 000290.633, 183
Trd, 000291.500, 168
Trd, 000291.683, 177
Trd, 000292.033, 181
Trd, 000292.500, 180
Trd, 000292.933, 167
Trd, 000292.967, 187
Trd, 000293.250, 168
Trd, 000293.567, 162
Trd, 000293.933, 185
Trd, 000294.167, 186
Trd, 000294.650, 183
Trd, 000294.867, 191
Trd, 000295.283, 192
Trd, 000295.783, 183
Trd, 000295.800, 182
Trd, 000297.033, 186
Trd, 000297.350, 186
Trd, 000297.983, 187
Trd, 000298.050, 189
Trd, 000298.383, 188
Trd, 000298.450, 189
Trd, 000299.083, 188
Trd, 000299.483, 189
