Trd, 000001.300, 120
Trd, 000001.650, 130
Trd, 000001.700, 134
Trd, 000002.550, 182
Trd, 000002.633, 147
Trd, 000002.933, 172
Trd, 000006.400, 147
Trd, 000007.217, 148
Trd, 000007.300, 145
Trd, 000007.383, 149
Trd, 000008.250, 149
Trd, 000009.183, 149
Trd, 000010.633, 146
Trd, 000011.133, 149
Trd, 000011.817, 148
Trd, 000012.017, 147
Trd, 000012.200, 148
Trd, 000012.233, 146
Trd, 000012.717, 141
Trd, 000013.683, 148
Trd, 000013.750, 150
Trd, 000014.983, 149
Trd, 000015.200, 149
Trd, 000015.433, 148
Trd, 000015.650, 147
Trd, 000017.683, 143
Trd, 000018.150, 143
Trd, 000018.250, 143
Trd, 000018.367, 144
Trd, 000018.433, 144
Trd, 000018.617, 143
Trd, 000020.317, 138
Trd, 000020.350, 136
Trd, 000020.467, 143
Trd, 000021.167, 153
Trd, 000021.250, 152
Trd, 000021.633, 152
Trd, 000023.567, 161
Trd, 000023.633, 160
Trd, 000023.983, 162
Trd, 000024.383, 152
Trd, 000024.850, 158
Trd, 000025.567, 153
Trd, 000025.833, 152
Trd, 000025.883, 166
Trd, 000026.400, 151
Trd, 000027.900, 151
Trd, 000029.233, 136
Trd, 000029.350, 134
Trd, 000029.617, 144
Trd, 000029.733, 143
Trd, 000030.183, 145
Trd, 000031.350, 139
Trd, 000031.567, 143
Trd, 000032.350, 144
Trd, 000032.383, 142
Trd, 000032.800, 144
Trd, 000033.317, 145
Trd, 000033.383, 145
Trd, 000034.067, 144
Trd, 000034.167, 153
Trd, 000034.500, 154
Trd, 000034.633, 142
Trd, 000034.850, 170
Trd, 000035.050, 139
Trd, 000035.550, 137
Trd, 000036.800, 169
Trd, 000037.867, 176
Trd, 000038.017, 140
Trd, 000038.300, 179
Trd, 000039.317, 158
Trd, 000040.433, 143
Trd, 000040.700, 151
Trd, 000041.067, 144
Trd, 000041.450, 148
Trd, 000042.067, 147
Trd, 000042.433, 147
Trd, 000042.600, 149
Trd, 000044.083, 169
Trd, 000044.483, 155
Trd, 000044.500, 154
Trd, 000045.000, 173
Trd, 000045.150, 152
Trd, 000045.250, 148
Trd, 000045.433, 152
Trd, 000045.733, 160
Trd, 000046.467, 152
Trd, 000046.800, 153
Trd, 000046.900, 161
Trd, 000048.600, 162
Trd, 000048.650, 180
Trd, 000049.717, 159
Trd, 000049.850, 160
Trd, 000050.333, 158
Trd, 000050.733, 162
Trd, 000050.783, 151
Trd, 000051.300, 165
Trd, 000052.450, 141
Trd, 000052.617, 139
Trd, 000052.667, 142
Trd, 000053.067, 155
Trd, 000053.117, 139
Trd, 000054.250, 139
Trd, 000054.333, 145
Trd, 000055.400, 142
Trd, 000055.533, 169
Trd, 000056.217, 155
Trd, 000057.583, 146
Trd, 000057.600, 154
Trd, 000057.917, 151
Trd, 000058.217, 151
Trd, 000058.317, 143
Trd, 000058.667, 157
Trd, 000058.933, 164
Trd, 000059.867, 168
Trd, 000062.133, 147
Trd, 000062.283, 145
Trd, 000062.600, 147
Trd, 000062.867, 140
Trd, 000064.500, 143
Trd, 000064.533, 143
Trd, 000064.683, 144
Trd, 000065.100, 143
Trd, 000065.350, 144
Trd, 000065.667, 143
Trd, 000066.283, 157
Trd, 000067.250, 171
Trd, 000067.867, 154
Trd, 000067.933, 143
Trd, 000068.467, 157
Trd, 000069.050, 156
Trd, 000069.067, 158
Trd, 000070.183, 166
Trd, 000071.100, 159
Trd, 000071.417, 158
Trd, 000072.000, 174
Trd, 000072.633, 173
Trd, 000072.650, 175
Trd, 000072.817, 158
Trd, 000072.983, 151
Trd, 000073.500, 169
Trd, 000074.500, 157
Trd, 000074.717, 157
Trd, 000076.567, 157
Trd, 000077.433, 156
Trd, 000077.783, 159
Trd, 000078.033, 163
Trd, 000078.800, 163
Trd, 000079.050, 160
Trd, 000079.750, 159
Trd, 000081.467, 160
Trd, 000081.550, 160
Trd, 000081.650, 161
Trd, 000082.617, 162
Trd, 000083.050, 157
Trd, 000083.217, 161
Trd, 000083.950, 159
Trd, 000084.317, 159
Trd, 000084.417, 157
Trd, 000084.533, 168
Trd, 000086.233, 159
Trd, 000087.483, 161
Trd, 000087.800, 162
Trd, 000088.233, 160
Trd, 000089.017, 159
Trd, 000089.233, 160
Trd, 000090.050, 160
Trd, 000090.667, 160
Trd, 000090.967, 159
Trd, 000091.150, 158
Trd, 000091.467, 157
Trd, 000091.500, 158
Trd, 000091.550, 160
Trd, 000092.567, 171
Trd, 000092.783, 172
Trd, 000092.950, 143
Trd, 000094.450, 157
Trd, 000094.600, 157
Trd, 000095.400, 158
Trd, 000095.950, 161
Trd, 000096.200, 162
Trd, 000096.267, 163
Trd, 000096.850, 164
Trd, 000098.233, 161
Trd, 000098.950, 162
Trd, 000099.517, 161
Trd, 000100.533, 159
Trd, 000101.033, 158
Trd, 000101.267, 159
Trd, 000101.533, 160
Trd, 000102.183, 161
Trd, 000102.617, 158
Trd, 000103.117, 162
Trd, 000103.150, 159
Trd, 000103.417, 158
Trd, 000103.833, 159
Trd, 000105.567, 161
Trd, 000106.067, 161
Trd, 000106.217, 161
Trd, 000106.383, 161
Trd, 000106.433, 161
Trd, 000107.667, 173
Trd, 000107.750, 158
Trd, 000108.050, 174
Trd, 000109.000, 166
Trd, 000109.183, 146
Trd, 000109.467, 145
Trd, 000110.000, 156
Trd, 000110.633, 156
Trd, 000110.700, 156
Trd, 000111.200, 162
Trd, 000111.850, 163
Trd, 000112.317, 158
Trd, 000113.083, 168
Trd, 000113.450, 176
Trd, 000113.883, 186
Trd, 000114.617, 165
Trd, 000114.717, 164
Trd, 000115.067, 163
Trd, 000116.067, 177
Trd, 000116.283, 165
Trd, 000116.300, 164
Trd, 000116.333, 166
Trd, 000116.617, 159
Trd, 000116.917, 155
Trd, 000116.933, 151
Trd, 000118.033, 164
Trd, 000118.383, 163
Trd, 000119.150, 163
Trd, 000120.117, 169
Trd, 000120.483, 166
Trd, 000121.383, 178
Trd, 000121.800, 177
Trd, 000121.883, 168
Trd, 000122.583, 168
Trd, 000123.117, 167
Trd, 000123.300, 160
Trd, 000123.367, 147
Trd, 000123.900, 147
Trd, 000124.983, 162
Trd, 000125.433, 161
Trd, 000126.167, 160
Trd, 000126.817, 158
Trd, 000126.967, 159
Trd, 000128.783, 151
Trd, 000128.933, 146
Trd, 000129.000, 160
Trd, 000130.283, 157
Trd, 000130.567, 151
Trd, 000131.633, 156
Trd, 000131.883, 157
Trd, 000132.383, 157
Trd, 000132.867, 164
Trd, 000132.933, 155
Trd, 000133.167, 178
Trd, 000133.750, 169
Trd, 000134.067, 169
Trd, 000135.167, 160
Trd, 000135.500, 164
Trd, 000136.567, 165
Trd, 000137.233, 166
Trd, 000137.583, 164
Trd, 000137.633, 163
Trd, 000138.650, 165
Trd, 000139.400, 165
Trd, 000140.367, 165
Trd, 000140.433, 166
Trd, 000140.850, 165
Trd, 000141.000, 164
Trd, 000141.467, 168
Trd, 000142.550, 165
Trd, 000143.050, 168
Trd, 000144.417, 164
Trd, 000144.950, 165
Trd, 000145.133, 164
Trd, 000145.617, 162
Trd, 000145.700, 157
Trd, 000145.917, 164
Trd, 000146.217, 148
Trd, 000146.617, 164
Trd, 000146.967, 162
Trd, 000147.217, 161
Trd, 000147.633, 155
Trd, 000148.200, 157
Trd, 000148.267, 180
Trd, 000149.983, 161
Trd, 000150.717, 161
Trd, 000151.017, 161
Trd, 000151.267, 161
Trd, 000151.417, 186
Trd, 000151.517, 187
Trd, 000152.083, 166
Trd, 000153.450, 164
Trd, 000154.500, 164
Trd, 000154.683, 162
Trd, 000154.733, 164
Trd, 000155.083, 163
Trd, 000155.633, 165
Trd, 000157.883, 174
Trd, 000158.650, 166
Trd, 000159.250, 163
Trd, 000159.700, 159
Trd, 000160.400, 158
Trd, 000160.533, 162
Trd, 000160.700, 163
Trd, 000160.817, 165
Trd, 000161.100, 165
Trd, 000161.467, 167
Trd, 000162.517, 170
Trd, 000163.783, 179
Trd, 000164.000, 164
Trd, 000164.283, 180
Trd, 000164.900, 183
Trd, 000165.033, 182
Trd, 000165.333, 182
Trd, 000165.767, 184
Trd, 000166.567, 170
Trd, 000167.283, 170
Trd, 000167.650, 178
Trd, 000168.117, 177
Trd, 000168.867, 175
Trd, 000169.200, 176
Trd, 000169.600, 171
Trd, 000171.267, 170
Trd, 000172.517, 170
Trd, 000172.850, 170
Trd, 000173.517, 165
Trd, 000174.383, 166
Trd, 000174.400, 167
Trd, 000174.417, 164
Trd, 000175.133, 168
Trd, 000175.300, 168
Trd, 000176.150, 170
Trd, 000176.267, 165
Trd, 000177.217, 169
Trd, 000177.917, 185
Trd, 000178.650, 169
Trd, 000179.300, 182
Trd, 000179.567, 175
Trd, 000179.967, 176
Trd, 000179.983, 177
Trd, 000180.367, 175
Trd, 000180.517, 174
Trd, 000180.667, 177
Trd, 000181.550, 181
Trd, 000182.983, 166
Trd, 000183.317, 179
Trd, 000183.950, 173
Trd, 000184.983, 169
Trd, 000185.700, 171
Trd, 000186.000, 172
Trd, 000187.100, 170
Trd, 000187.183, 169
Trd, 000187.317, 172
Trd, 000187.400, 177
Trd, 000188.217, 181
Trd, 000188.650, 176
Trd, 000189.300, 153
Trd, 000189.350, 183
Trd, 000189.383, 150
Trd, 000190.717, 167
Trd, 000191.483, 168
Trd, 000192.600, 170
Trd, 000193.100, 169
Trd, 000193.150, 167
Trd, 000193.283, 145
Trd, 000193.417, 169
Trd, 000194.033, 168
Trd, 000194.267, 167
Trd, 000194.600, 167
Trd, 000196.133, 156
Trd, 000196.167, 155
Trd, 000196.333, 165
Trd, 000197.067, 165
Trd, 000197.183, 166
Trd, 000197.550, 170
Trd, 000197.917, 166
Trd, 000198.817, 166
Trd, 000199.333, 184
Trd, 000199.733, 164
Trd, 000200.167, 170
Trd, 000201.017, 171
Trd, 000201.583, 173
Trd, 000201.633, 192
Trd, 000201.700, 163
Trd, 000203.850, 172
Trd, 000203.950, 167
Trd, 000205.217, 172
Trd, 000205.450, 169
Trd, 000205.567, 172
Trd, 000207.000, 168
Trd, 000207.050, 167
Trd, 000207.533, 166
Trd, 000208.183, 166
Trd, 000209.117, 165
Trd, 000209.133, 165
Trd, 000209.683, 165
Trd, 000209.850, 166
Trd, 000209.967, 164
Trd, 000210.767, 166
Trd, 000210.950, 156
Trd, 000211.117, 155
Trd, 000211.383, 166
Trd, 000212.167, 164
Trd, 000213.367, 161
Trd, 000213.433, 162
Trd, 000213.550, 159
Trd, 000213.800, 166
Trd, 000214.400, 170
Trd, 000214.933, 167
Trd, 000215.400, 159
Trd, 000217.100, 163
Trd, 000218.483, 162
Trd, 000218.750, 161
Trd, 000218.933, 161
Trd, 000220.400, 160
Trd, 000220.817, 160
Trd, 000220.967, 161
Trd, 000221.083, 164
Trd, 000221.800, 158
Trd, 000222.567, 162
Trd, 000222.667, 164
Trd, 000222.867, 164
Trd, 000223.717, 164
Trd, 000224.150, 173
Trd, 000225.617, 161
Trd, 000225.900, 168
Trd, 000225.933, 190
Trd, 000226.333, 164
Trd, 000227.317, 171
Trd, 000227.883, 167
Trd, 000228.500, 165
Trd, 000228.567, 164
Trd, 000229.783, 170
Trd, 000230.550, 169
Trd, 000231.317, 171
Trd, 000231.517, 170
Trd, 000231.767, 171
Trd, 000232.000, 177
Trd, 000232.083, 167
Trd, 000232.717, 172
Trd, 000235.200, 173
Trd, 000235.250, 173
Trd, 000235.400, 172
Trd, 000236.033, 173
Trd, 000236.467, 174
Trd, 000236.500, 171
Trd, 000236.533, 164
Trd, 000237.417, 168
Trd, 000238.667, 164
Trd, 000238.683, 165
Trd, 000239.300, 165
Trd, 000239.383, 182
Trd, 000240.217, 183
Trd, 000240.667, 183
Trd, 000241.433, 174
Trd, 000242.050, 173
Trd, 000242.400, 172
Trd, 000242.583, 158
Trd, 000243.633, 163
Trd, 000243.700, 164
Trd, 000243.767, 164
Trd, 000244.067, 168
Trd, 000244.450, 167
Trd, 000244.517, 172
Trd, 000244.550, 175
Trd, 000244.833, 174
Trd, 000245.517, 179
Trd, 000245.900, 186
Trd, 000247.250, 175
Trd, 000247.350, 181
Trd, 000247.633, 174
Trd, 000248.017, 168
Trd, 000249.133, 174
Trd, 000249.317, 175
Trd, 000249.517, 174
Trd, 000249.983, 176
Trd, 000250.033, 177
Trd, 000250.683, 174
Trd, 000250.717, 173
Trd, 000251.317, 173
Trd, 000252.383, 163
Trd, 000252.533, 162
Trd, 000252.683, 160
Trd, 000253.600, 166
Trd, 000253.767, 165
Trd, 000254.467, 166
Trd, 000255.117, 167
Trd, 000255.400, 165
Trd, 000256.117, 173
Trd, 000256.367, 164
Trd, 000256.800, 172
Trd, 000257.233, 172
Trd, 000257.467, 164
Trd, 000257.683, 176
Trd, 000257.700, 163
Trd, 000258.583, 159
Trd, 000259.333, 170
Trd, 000260.050, 167
Trd, 000260.250, 168
Trd, 000260.833, 172
Trd, 000261.383, 169
Trd, 000261.400, 170
Trd, 000261.433, 168
Trd, 000261.483, 172
Trd, 000261.983, 172
Trd, 000262.867, 168
Trd, 000263.450, 169
Trd, 000263.533, 168
Trd, 000263.883, 167
Trd, 000263.900, 166
Trd, 000264.083, 170
Trd, 000264.167, 161
Trd, 000264.317, 171
Trd, 000264.867, 173
Trd, 000266.050, 173
Trd, 000266.133, 173
Trd, 000266.700, 169
Trd, 000266.767, 168
Trd, 000267.433, 167
Trd, 000267.533, 167
Trd, 000267.667, 166
Trd, 000268.283, 163
Trd, 000268.750, 170
Trd, 000268.783, 171
Trd, 000269.133, 169
Trd, 000269.767, 178
Trd, 000270.817, 177
Trd, 000271.017, 176
Trd, 000271.083, 177
Trd, 000271.650, 175
Trd, 000271.717, 176
Trd, 000271.750, 170
Trd, 000272.267, 169
Trd, 000272.650, 174
Trd, 000272.683, 175
Trd, 000273.867, 178
Trd, 000274.300, 174
Trd, 000274.967, 176
Trd, 000275.267, 181
Trd, 000276.333, 175
Trd, 000276.850, 175
Trd, 000276.950, 176
Trd, 000277.483, 173
Trd, 000278.850, 173
Trd, 000278.967, 173
Trd, 000279.000, 172
Trd, 000279.400, 174
Trd, 000279.933, 172
Trd, 000280.617, 173
Trd, 000280.850, 174
Trd, 000280.950, 172
Trd, 000281.233, 173
Trd, 000281.650, 174
Trd, 000281.700, 169
Trd, 000282.017, 165
Trd, 000282.033, 171
Trd, 000282.200, 164
Trd, 000282.533, 170
Trd, 000282.900, 170
Trd, 000283.400, 162
Trd, 000284.467, 166
Trd, 000285.483, 168
Trd, 000285.750, 168
Trd, 000285.833, 169
Trd, 000286.017, 160
Trd, 000286.233, 169
Trd, 000286.483, 172
Trd, 000286.967, 180
Trd, 000287.217, 167
Trd, 000287.867, 180
Trd, 000287.883, 178
Trd, 000288.417, 175
Trd, 000288.983, 177
Trd, 000289.200, 180
Trd, 000290.150, 175
Trd, 000290.483, 175
Trd, 000291.750, 170
Trd, 000292.050, 173
Trd, 000292.567, 172
Trd, 000293.083, 172
Trd, 000293.417, 170
Trd, 000293.450, 166
Trd, 000293.733, 171
Trd, 000294.300, 171
Trd, 000294.317, 165
Trd, 000295.117, 169
Trd, 000295.133, 170
Trd, 000295.783, 171
Trd, 000296.233, 172
Trd, 000296.250, 173
Trd, 000296.300, 168
Trd, 000298.083, 170
Trd, 000298.117, 169
Trd, 000298.617, 170
Trd, 000298.950, 174
Trd, 000299.550, 173
Trd, 000299.767, 174
Trd, 000299.850, 171
Trd, 000299.917, 174
