Trd, 000000.850, 162
Trd, 000001.217, 113
Trd, 000001.900, 135
Trd, 000002.700, 134
Trd, 000003.067, 134
Trd, 000003.267, 144
Trd, 000003.333, 128
Trd, 000006.367, 143
Trd, 000006.600, 143
Trd, 000006.650, 145
Trd, 000006.950, 142
Trd, 000007.067, 145
Trd, 000007.267, 152
Trd, 000007.650, 132
Trd, 000010.800, 161
Trd, 000011.133, 160
Trd, 000011.467, 154
Trd, 000012.350, 163
Trd, 000013.217, 157
Trd, 000013.550, 157
Trd, 000013.717, 158
Trd, 000014.017, 162
Trd, 000014.433, 163
Trd, 000015.250, 157
Trd, 000017.200, 157
Trd, 000019.150, 158
Trd, 000019.583, 158
Trd, 000019.783, 159
Trd, 000020.133, 157
Trd, 000020.233, 158
Trd, 000020.567, 156
Trd, 000020.600, 156
Trd, 000022.767, 151
Trd, 000022.967, 151
Trd, 000022.983, 154
Trd, 000023.250, 146
Trd, 000023.650, 146
Trd, 000024.167, 166
Trd, 000024.217, 167
Trd, 000026.500, 154
Trd, 000027.500, 154
Trd, 000027.833, 154
Trd, 000029.383, 153
Trd, 000029.617, 153
Trd, 000029.667, 154
Trd, 000029.817, 156
Trd, 000032.633, 154
Trd, 000033.333, 154
Trd, 000033.350, 155
Trd, 000033.983, 152
Trd, 000034.000, 153
Trd, 000034.100, 155
Trd, 000034.550, 146
Trd, 000034.683, 155
Trd, 000036.233, 153
Trd, 000036.283, 155
Trd, 000036.517, 155
Trd, 000036.767, 151
Trd, 000037.567, 168
Trd, 000038.450, 163
Trd, 000039.050, 152
Trd, 000040.233, 152
Trd, 000041.067, 155
Trd, 000041.450, 153
Trd, 000041.483, 153
Trd, 000041.550, 155
Trd, 000043.950, 153
Trd, 000044.400, 152
Trd, 000044.450, 152
Trd, 000044.600, 152
Trd, 000046.167, 146
Trd, 000046.533, 148
Trd, 000046.933, 148
Trd, 000048.200, 149
Trd, 000048.933, 147
Trd, 000049.400, 164
Trd, 000049.933, 148
Trd, 000050.067, 158
Trd, 000050.817, 156
Trd, 000052.217, 156
Trd, 000052.583, 152
Trd, 000052.950, 154
Trd, 000053.483, 152
Trd, 000053.800, 151
Trd, 000055.467, 146
Trd, 000055.700, 146
Trd, 000056.500, 148
Trd, 000057.217, 147
Trd, 000057.933, 145
Trd, 000058.783, 145
Trd, 000059.500, 145
Trd, 000060.150, 147
Trd, 000060.767, 148
Trd, 000061.367, 146
Trd, 000061.700, 146
Trd, 000062.017, 150
Trd, 000062.283, 151
Trd, 000063.183, 154
Trd, 000063.750, 169
Trd, 000064.217, 171
Trd, 000064.533, 150
Trd, 000064.867, 150
Trd, 000065.350, 161
Trd, 000066.017, 176
Trd, 000066.967, 163
Trd, 000067.283, 167
Trd, 000068.267, 163
Trd, 000068.550, 164
Trd, 000069.067, 167
Trd, 000071.000, 166
Trd, 000071.117, 162
Trd, 000072.717, 162
Trd, 000074.150, 161
Trd, 000074.217, 162
Trd, 000074.433, 161
Trd, 000074.933, 159
Trd, 000074.967, 162
Trd, 000076.500, 157
Trd, 000076.900, 159
Trd, 000076.967, 160
Trd, 000077.317, 173
Trd, 000078.283, 156
Trd, 000079.633, 159
Trd, 000079.933, 165
Trd, 000080.500, 165
Trd, 000081.233, 161
Trd, 000082.067, 160
Trd, 000083.100, 158
Trd, 000083.233, 158
Trd, 000083.617, 160
Trd, 000083.933, 159
Trd, 000085.467, 156
Trd, 000086.183, 155
Trd, 000086.633, 158
Trd, 000086.800, 158
Trd, 000089.350, 152
Trd, 000090.317, 156
Trd, 000090.783, 154
Trd, 000090.867, 154
Trd, 000090.967, 155
Trd, 000091.100, 155
Trd, 000091.667, 156
Trd, 000091.750, 153
Trd, 000093.233, 158
Trd, 000093.483, 172
Trd, 000093.750, 181
Trd, 000094.567, 165
Trd, 000094.600, 175
Trd, 000094.883, 176
Trd, 000096.083, 167
Trd, 000096.600, 167
Trd, 000097.683, 169
Trd, 000098.350, 165
Trd, 000100.267, 166
Trd, 000100.533, 167
Trd, 000100.700, 167
Trd, 000102.233, 165
Trd, 000102.350, 174
Trd, 000103.167, 164
Trd, 000103.483, 164
Trd, 000104.067, 170
Trd, 000104.783, 170
Trd, 000105.467, 167
Trd, 000107.717, 169
Trd, 000107.817, 169
Trd, 000108.217, 170
Trd, 000109.117, 169
Trd, 000109.250, 167
Trd, 000110.433, 166
Trd, 000110.517, 166
Trd, 000110.967, 170
Trd, 000113.017, 158
Trd, 000113.333, 176
Trd, 000114.617, 164
Trd, 000114.800, 182
Trd, 000115.100, 154
Trd, 000116.317, 166
Trd, 000116.500, 159
Trd, 000117.083, 165
Trd, 000117.133, 163
Trd, 000117.467, 164
Trd, 000118.533, 163
Trd, 000119.183, 161
Trd, 000119.283, 162
Trd, 000120.833, 163
Trd, 000121.400, 165
Trd, 000122.033, 164
Trd, 000122.867, 160
Trd, 000123.900, 161
Trd, 000124.067, 162
Trd, 000124.233, 162
Trd, 000125.367, 163
Trd, 000126.067, 161
Trd, 000126.417, 161
Trd, 000127.517, 156
Trd, 000128.950, 160
Trd, 000129.550, 157
Trd, 000130.000, 159
Trd, 000131.033, 158
Trd, 000131.100, 159
Trd, 000131.900, 159
Trd, 000132.150, 156
Trd, 000133.083, 159
Trd, 000133.767, 159
Trd, 000134.183, 159
Trd, 000134.300, 157
Trd, 000135.167, 158
Trd, 000136.200, 158
Trd, 000136.383, 162
Trd, 000137.000, 157
Trd, 000137.100, 158
Trd, 000137.517, 156
Trd, 000138.017, 183
Trd, 000139.383, 165
Trd, 000139.433, 162
Trd, 000139.733, 168
Trd, 000140.750, 170
Trd, 000142.483, 179
Trd, 000143.133, 172
Trd, 000144.517, 171
Trd, 000144.567, 170
Trd, 000145.550, 170
Trd, 000145.733, 169
Trd, 000146.650, 165
Trd, 000147.717, 165
Trd, 000148.483, 164
Trd, 000148.717, 164
Trd, 000149.433, 163
Trd, 000150.050, 163
Trd, 000150.467, 165
Trd, 000150.850, 156
Trd, 000152.450, 164
Trd, 000152.467, 159
Trd, 000152.583, 166
Trd, 000154.250, 165
Trd, 000154.600, 166
Trd, 000154.933, 167
Trd, 000155.550, 165
Trd, 000156.450, 161
Trd, 000157.283, 166
Trd, 000158.017, 163
Trd, 000158.033, 167
Trd, 000159.083, 168
Trd, 000159.767, 164
Trd, 000160.300, 167
Trd, 000160.850, 164
Trd, 000160.967, 162
Trd, 000161.550, 166
Trd, 000161.917, 167
Trd, 000162.167, 166
Trd, 000163.000, 167
Trd, 000163.183, 181
Trd, 000163.200, 182
Trd, 000163.633, 191
Trd, 000164.433, 176
Trd, 000165.983, 182
Trd, 000166.267, 176
Trd, 000167.517, 177
Trd, 000169.067, 173
Trd, 000169.217, 174
Trd, 000169.433, 174
Trd, 000169.500, 176
Trd, 000169.833, 176
Trd, 000170.983, 174
Trd, 000171.433, 173
Trd, 000171.633, 172
Trd, 000172.267, 175
Trd, 000172.917, 172
Trd, 000172.967, 182
Trd, 000175.150, 173
Trd, 000175.733, 172
Trd, 000175.900, 172
Trd, 000176.183, 171
Trd, 000176.783, 170
Trd, 000178.167, 163
Trd, 000178.300, 161
Trd, 000179.033, 165
Trd, 000179.733, 163
Trd, 000179.967, 164
Trd, 000180.033, 165
Trd, 000180.533, 166
Trd, 000180.800, 165
Trd, 000181.967, 167
Trd, 000182.617, 179
Trd, 000182.783, 179
Trd, 000182.917, 166
Trd, 000183.267, 167
Trd, 000184.650, 170
Trd, 000185.983, 170
Trd, 000186.267, 181
Trd, 000187.450, 173
Trd, 000187.550, 182
Trd, 000187.867, 185
Trd, 000188.567, 174
Trd, 000190.250, 177
Trd, 000190.800, 176
Trd, 000191.850, 178
Trd, 000192.100, 179
Trd, 000193.350, 176
Trd, 000193.633, 176
Trd, 000194.817, 176
Trd, 000195.650, 175
Trd, 000195.800, 176
Trd, 000196.050, 174
Trd, 000196.717, 176
Trd, 000197.633, 175
Trd, 000198.750, 174
Trd, 000199.217, 175
Trd, 000199.383, 174
Trd, 000201.950, 170
Trd, 000202.133, 173
Trd, 000202.600, 173
Trd, 000203.083, 169
Trd, 000203.750, 164
Trd, 000205.567, 167
Trd, 000205.600, 166
Trd, 000205.750, 165
Trd, 000206.500, 166
Trd, 000206.967, 173
Trd, 000208.983, 169
Trd, 000209.067, 168
Trd, 000209.133, 169
Trd, 000209.783, 167
Trd, 000210.483, 168
Trd, 000210.933, 166
Trd, 000211.200, 168
Trd, 000211.267, 171
Trd, 000211.767, 169
Trd, 000213.533, 183
Trd, 000213.583, 185
Trd, 000214.533, 171
Trd, 000214.800, 171
Trd, 000215.733, 177
Trd, 000215.950, 171
Trd, 000218.333, 178
Trd, 000219.100, 177
Trd, 000219.883, 177
Trd, 000219.950, 176
Trd, 000219.967, 179
Trd, 000220.100, 179
Trd, 000220.883, 180
Trd, 000221.050, 180
Trd, 000221.933, 176
Trd, 000223.883, 165
Trd, 000224.133, 173
Trd, 000224.550, 165
Trd, 000224.650, 166
Trd, 000225.400, 164
Trd, 000225.833, 163
Trd, 000226.183, 162
Trd, 000227.217, 158
Trd, 000227.833, 159
Trd, 000227.867, 160
Trd, 000228.033, 162
Trd, 000229.067, 168
Trd, 000230.267, 188
Trd, 000230.567, 186
Trd, 000230.950, 193
Trd, 000231.133, 194
Trd, 000231.200, 183
Trd, 000231.933, 184
Trd, 000233.317, 194
Trd, 000234.700, 183
Trd, 000235.467, 192
Trd, 000236.700, 182
Trd, 000237.350, 183
Trd, 000237.983, 182
Trd, 000238.033, 183
Trd, 000239.467, 182
Trd, 000240.200, 181
Trd, 000240.383, 180
Trd, 000240.733, 179
Trd, 000240.750, 179
Trd, 000240.783, 178
Trd, 000241.567, 171
Trd, 000242.267, 175
Trd, 000242.500, 176
Trd, 000242.583, 173
Trd, 000242.783, 176
Trd, 000242.817, 178
Trd, 000243.267, 185
Trd, 000243.867, 183
Trd, 000244.367, 188
Trd, 000244.450, 184
Trd, 000245.050, 184
Trd, 000246.033, 181
Trd, 000246.317, 175
Trd, 000246.667, 175
Trd, 000246.783, 171
Trd, 000247.767, 168
Trd, 000248.067, 155
Trd, 000248.433, 161
Trd, 000248.500, 162
Trd, 000248.867, 155
Trd, 000248.883, 156
Trd, 000249.067, 162
Trd, 000249.150, 193
Trd, 000249.217, 198
Trd, 000250.233, 164
Trd, 000250.483, 166
Trd, 000251.567, 163
Trd, 000252.100, 164
Trd, 000252.333, 165
Trd, 000253.100, 165
Trd, 000253.367, 166
Trd, 000254.150, 167
Trd, 000254.583, 166
Trd, 000254.767, 169
Trd, 000255.083, 169
Trd, 000255.283, 168
Trd, 000255.467, 167
Trd, 000255.550, 163
Trd, 000256.317, 164
Trd, 000256.850, 168
Trd, 000257.150, 164
Trd, 000257.400, 166
Trd, 000257.533, 167
Trd, 000258.233, 164
Trd, 000258.500, 164
Trd, 000259.167, 168
Trd, 000259.367, 169
Trd, 000259.683, 166
Trd, 000260.017, 164
Trd, 000260.417, 167
Trd, 000260.467, 168
Trd, 000261.450, 168
Trd, 000262.800, 167
Trd, 000263.267, 166
Trd, 000263.350, 165
Trd, 000263.983, 164
Trd, 000264.217, 163
Trd, 000265.500, 163
Trd, 000265.567, 167
Trd, 000266.267, 165
Trd, 000266.433, 165
Trd, 000266.667, 167
Trd, 000266.950, 169
Trd, 000267.067, 170
Trd, 000267.417, 174
Trd, 000267.500, 162
Trd, 000267.833, 168
Trd, 000267.867, 172
Trd, 000269.650, 166
Trd, 000269.967, 166
Trd, 000270.283, 168
Trd, 000271.783, 167
Trd, 000272.200, 166
Trd, 000272.600, 166
Trd, 000272.850, 165
Trd, 000272.900, 165
Trd, 000273.217, 167
Trd, 000273.883, 164
Trd, 000273.983, 167
Trd, 000274.250, 165
Trd, 000274.567, 168
Trd, 000275.900, 168
Trd, 000275.933, 165
Trd, 000276.300, 168
Trd, 000276.500, 171
Trd, 000276.533, 179
Trd, 000277.767, 173
Trd, 000277.867, 174
Trd, 000278.383, 175
Trd, 000278.400, 174
Trd, 000278.600, 178
Trd, 000279.933, 178
Trd, 000280.283, 172
Trd, 000280.800, 161
Trd, 000280.850, 166
Trd, 000281.183, 158
Trd, 000281.300, 159
Trd, 000281.483, 179
Trd, 000282.200, 169
Trd, 000283.167, 166
Trd, 000283.250, 167
Trd, 000283.367, 168
Trd, 000283.650, 165
Trd, 000283.783, 202
Trd, 000283.983, 165
Trd, 000284.967, 164
Trd, 000285.350, 169
Trd, 000285.783, 167
Trd, 000286.017, 168
Trd, 000286.417, 166
Trd, 000287.117, 166
Trd, 000287.733, 166
Trd, 000288.117, 166
Trd, 000288.217, 165
Trd, 000288.383, 170
Trd, 000289.700, 166
Trd, 000289.817, 171
Trd, 000289.900, 171
Trd, 000290.300, 173
Trd, 000290.717, 180
Trd, 000291.317, 165
Trd, 000291.350, 165
Trd, 000291.967, 178
Trd, 000292.467, 176
Trd, 000292.800, 180
Trd, 000293.467, 175
Trd, 000293.717, 195
Trd, 000293.933, 196
Trd, 000294.233, 190
Trd, 000294.867, 189
Trd, 000295.083, 190
Trd, 000295.200, 189
Trd, 000295.383, 188
Trd, 000295.750, 180
Trd, 000296.350, 177
Trd, 000297.517, 175
Trd, 000297.783, 177
Trd, 000297.900, 174
Trd, 000298.367, 175
Trd, 000299.083, 176
Trd, 000299.283, 177
Trd, 000299.900, 175
