Trd, 000002.683, 110
Trd, 000003.067, 110
Trd, 000003.617, 137
Trd, 000003.733, 146
Trd, 000004.167, 124
Trd, 000004.917, 151
Trd, 000005.283, 165
Trd, 000006.150, 167
Trd, 000007.583, 163
Trd, 000007.833, 157
Trd, 000008.450, 171
Trd, 000009.200, 171
Trd, 000009.383, 173
Trd, 000009.467, 169
Trd, 000011.000, 168
Trd, 000011.133, 166
Trd, 000012.533, 165
Trd, 000012.717, 164
Trd, 000013.933, 148
Trd, 000014.067, 158
Trd, 000014.500, 155
Trd, 000014.700, 157
Trd, 000014.750, 158
Trd, 000015.467, 154
Trd, 000015.483, 136
Trd, 000015.683, 158
Trd, 000016.283, 154
Trd, 000017.600, 154
Trd, 000018.450, 155
Trd, 000018.883, 172
Trd, 000020.400, 166
Trd, 000021.067, 164
Trd, 000021.233, 170
Trd, 000021.467, 158
Trd, 000021.600, 159
Trd, 000021.717, 157
Trd, 000021.767, 167
Trd, 000021.783, 133
Trd, 000022.333, 167
Trd, 000022.583, 136
Trd, 000024.967, 154
Trd, 000025.150, 150
Trd, 000025.767, 149
Trd, 000025.983, 157
Trd, 000026.217, 160
Trd, 000026.917, 162
Trd, 000028.150, 160
Trd, 000028.400, 140
Trd, 000028.783, 157
Trd, 000029.683, 152
Trd, 000030.550, 157
Trd, 000030.633, 155
Trd, 000031.000, 157
Trd, 000031.067, 150
Trd, 000031.817, 156
Trd, 000032.517, 138
Trd, 000034.200, 151
Trd, 000034.600, 152
Trd, 000035.083, 153
Trd, 000035.350, 154
Trd, 000035.400, 154
Trd, 000036.150, 169
Trd, 000036.517, 170
Trd, 000037.317, 171
Trd, 000037.833, 159
Trd, 000038.283, 167
Trd, 000038.467, 147
Trd, 000039.817, 166
Trd, 000040.800, 166
Trd, 000042.183, 163
Trd, 000043.383, 162
Trd, 000043.417, 161
Trd, 000043.917, 162
Trd, 000044.500, 163
Trd, 000044.983, 149
Trd, 000045.617, 153
Trd, 000046.067, 163
Trd, 000047.417, 151
Trd, 000047.633, 160
Trd, 000047.667, 172
Trd, 000047.950, 149
Trd, 000048.850, 170
Trd, 000048.883, 171
Trd, 000049.900, 172
Trd, 000050.233, 162
Trd, 000050.483, 173
Trd, 000050.683, 172
Trd, 000052.383, 167
Trd, 000052.733, 170
Trd, 000054.600, 167
Trd, 000054.800, 168
Trd, 000054.933, 168
Trd, 000055.200, 165
Trd, 000055.367, 165
Trd, 000055.517, 152
Trd, 000056.400, 173
Trd, 000056.583, 177
Trd, 000057.450, 145
Trd, 000057.633, 141
Trd, 000058.117, 146
Trd, 000058.583, 156
Trd, 000058.867, 157
Trd, 000060.067, 151
Trd, 000061.583, 148
Trd, 000061.750, 151
Trd, 000061.800, 152
Trd, 000062.100, 154
Trd, 000062.467, 169
Trd, 000063.567, 147
Trd, 000064.083, 171
Trd, 000065.333, 168
Trd, 000066.083, 150
Trd, 000067.633, 162
Trd, 000068.017, 160
Trd, 000068.283, 162
Trd, 000068.400, 164
Trd, 000069.117, 159
Trd, 000069.383, 156
Trd, 000069.683, 156
Trd, 000069.950, 156
Trd, 000070.467, 157
Trd, 000071.283, 157
Trd, 000071.583, 155
Trd, 000071.883, 153
Trd, 000072.100, 154
Trd, 000072.350, 154
Trd, 000073.883, 155
Trd, 000074.433, 156
Trd, 000074.650, 154
Trd, 000074.700, 143
Trd, 000074.833, 175
Trd, 000075.300, 169
Trd, 000076.233, 175
Trd, 000077.900, 157
Trd, 000078.267, 163
Trd, 000079.283, 163
Trd, 000080.267, 163
Trd, 000080.800, 164
Trd, 000081.050, 164
Trd, 000081.317, 176
Trd, 000081.667, 160
Trd, 000081.700, 180
Trd, 000082.350, 168
Trd, 000082.933, 142
Trd, 000083.783, 151
Trd, 000083.900, 153
Trd, 000084.033, 159
Trd, 000084.067, 173
Trd, 000085.017, 172
Trd, 000085.650, 159
Trd, 000085.933, 159
Trd, 000087.617, 163
Trd, 000088.117, 163
Trd, 000088.783, 172
Trd, 000090.450, 174
Trd, 000090.517, 171
Trd, 000090.533, 177
Trd, 000091.483, 176
Trd, 000092.367, 162
Trd, 000092.400, 177
Trd, 000092.583, 156
Trd, 000093.800, 157
Trd, 000093.867, 176
Trd, 000094.567, 171
Trd, 000094.983, 176
Trd, 000096.000, 155
Trd, 000096.500, 159
Trd, 000096.700, 171
Trd, 000097.483, 164
Trd, 000097.633, 169
Trd, 000099.417, 164
Trd, 000099.717, 161
Trd, 000099.733, 163
Trd, 000100.633, 157
Trd, 000101.900, 147
Trd, 000102.083, 160
Trd, 000102.600, 160
Trd, 000102.950, 160
Trd, 000104.300, 153
Trd, 000104.700, 161
Trd, 000105.700, 160
Trd, 000105.983, 161
Trd, 000106.250, 159
Trd, 000106.350, 161
Trd, 000106.400, 147
Trd, 000106.417, 162
Trd, 000107.600, 162
Trd, 000107.767, 142
Trd, 000108.350, 159
Trd, 000108.533, 155
Trd, 000108.600, 160
Trd, 000110.317, 156
Trd, 000110.367, 156
Trd, 000111.333, 155
Trd, 000111.367, 156
Trd, 000112.683, 162
Trd, 000112.950, 160
Trd, 000113.317, 154
Trd, 000113.450, 177
Trd, 000114.000, 147
Trd, 000114.300, 197
Trd, 000114.900, 145
Trd, 000115.133, 167
Trd, 000116.067, 176
Trd, 000116.267, 177
Trd, 000116.683, 169
Trd, 000116.883, 178
Trd, 000118.517, 164
Trd, 000118.717, 177
Trd, 000119.617, 178
Trd, 000119.950, 177
Trd, 000120.017, 174
Trd, 000120.467, 176
Trd, 000121.350, 169
Trd, 000121.650, 160
Trd, 000121.733, 174
Trd, 000122.417, 174
Trd, 000123.117, 184
Trd, 000123.933, 177
Trd, 000124.167, 174
Trd, 000126.000, 170
Trd, 000126.650, 169
Trd, 000126.800, 172
Trd, 000126.833, 165
Trd, 000126.933, 160
Trd, 000127.700, 173
Trd, 000128.750, 162
Trd, 000129.700, 160
Trd, 000129.783, 162
Trd, 000130.350, 158
Trd, 000130.650, 162
Trd, 000131.800, 150
Trd, 000132.117, 149
Trd, 000132.317, 158
Trd, 000132.417, 164
Trd, 000133.767, 160
Trd, 000134.667, 158
Trd, 000134.783, 162
Trd, 000135.000, 164
Trd, 000135.100, 165
Trd, 000135.233, 181
Trd, 000136.817, 159
Trd, 000137.083, 149
Trd, 000138.250, 155
Trd, 000138.533, 159
Trd, 000138.567, 163
Trd, 000139.967, 163
Trd, 000141.100, 164
Trd, 000141.967, 158
Trd, 000142.167, 165
Trd, 000142.350, 156
Trd, 000143.600, 167
Trd, 000144.083, 179
Trd, 000144.150, 176
Trd, 000144.317, 150
Trd, 000144.683, 177
Trd, 000145.367, 150
Trd, 000145.800, 184
Trd, 000146.200, 180
Trd, 000147.433, 183
Trd, 000147.550, 184
Trd, 000148.367, 182
Trd, 000149.867, 161
Trd, 000150.117, 173
Trd, 000150.150, 149
Trd, 000150.700, 174
Trd, 000151.250, 149
Trd, 000151.917, 168
Trd, 000151.933, 172
Trd, 000152.950, 160
Trd, 000154.200, 167
Trd, 000154.433, 165
Trd, 000155.450, 166
Trd, 000155.750, 166
Trd, 000156.133, 164
Trd, 000156.383, 154
Trd, 000156.717, 167
Trd, 000157.650, 161
Trd, 000158.150, 167
Trd, 000158.333, 164
Trd, 000159.283, 166
Trd, 000160.117, 159
Trd, 000160.317, 158
Trd, 000160.967, 151
Trd, 000161.017, 163
Trd, 000161.117, 166
Trd, 000161.133, 167
Trd, 000161.883, 168
Trd, 000162.283, 168
Trd, 000162.650, 184
Trd, 000163.117, 188
Trd, 000163.267, 150
Trd, 000163.300, 191
Trd, 000163.950, 147
Trd, 000164.383, 181
Trd, 000166.133, 164
Trd, 000166.500, 164
Trd, 000166.933, 165
Trd, 000166.983, 169
Trd, 000167.583, 179
Trd, 000167.983, 163
Trd, 000169.783, 170
Trd, 000170.350, 174
Trd, 000170.650, 174
Trd, 000171.167, 170
Trd, 000171.900, 153
Trd, 000172.350, 177
Trd, 000172.767, 162
Trd, 000172.933, 177
Trd, 000173.150, 184
Trd, 000173.883, 181
Trd, 000173.933, 162
Trd, 000174.000, 185
Trd, 000175.650, 183
Trd, 000175.967, 182
Trd, 000177.300, 180
Trd, 000177.333, 190
Trd, 000178.150, 179
Trd, 000178.283, 153
Trd, 000178.300, 178
Trd, 000178.850, 178
Trd, 000179.000, 185
Trd, 000179.233, 154
Trd, 000180.450, 159
Trd, 000181.250, 184
Trd, 000181.500, 180
Trd, 000181.817, 160
Trd, 000183.850, 180
Trd, 000183.933, 181
Trd, 000184.800, 180
Trd, 000185.183, 181
Trd, 000185.717, 173
Trd, 000185.783, 177
Trd, 000185.883, 159
Trd, 000185.950, 183
Trd, 000186.450, 163
Trd, 000186.783, 187
Trd, 000187.533, 169
Trd, 000187.817, 166
Trd, 000188.233, 173
Trd, 000188.600, 186
Trd, 000189.483, 185
Trd, 000190.067, 190
Trd, 000190.417, 181
Trd, 000191.050, 184
Trd, 000192.150, 181
Trd, 000192.900, 177
Trd, 000193.883, 164
Trd, 000194.233, 166
Trd, 000194.367, 167
Trd, 000194.617, 155
Trd, 000194.633, 182
Trd, 000195.317, 187
Trd, 000195.367, 191
Trd, 000196.117, 181
Trd, 000196.550, 183
Trd, 000197.667, 184
Trd, 000197.883, 182
Trd, 000198.383, 180
Trd, 000199.783, 176
Trd, 000200.100, 177
Trd, 000200.633, 167
Trd, 000200.883, 190
Trd, 000201.450, 185
Trd, 000201.517, 156
Trd, 000202.233, 156
Trd, 000202.467, 187
Trd, 000203.367, 186
Trd, 000203.783, 182
Trd, 000205.250, 181
Trd, 000205.350, 183
Trd, 000206.367, 176
Trd, 000206.633, 179
Trd, 000207.067, 175
Trd, 000207.433, 176
Trd, 000207.917, 175
Trd, 000208.783, 175
Trd, 000208.950, 176
Trd, 000209.067, 178
Trd, 000210.150, 178
Trd, 000210.950, 173
Trd, 000211.300, 179
Trd, 000211.350, 172
Trd, 000211.783, 187
Trd, 000213.350, 179
Trd, 000213.417, 172
Trd, 000213.933, 173
Trd, 000214.283, 179
Trd, 000214.933, 176
Trd, 000215.567, 190
Trd, 000215.917, 187
Trd, 000216.067, 172
Trd, 000217.467, 179
Trd, 000217.800, 178
Trd, 000217.983, 179
Trd, 000218.650, 168
Trd, 000219.183, 175
Trd, 000219.517, 158
Trd, 000220.117, 171
Trd, 000221.883, 166
Trd, 000222.000, 167
Trd, 000223.300, 167
Trd, 000223.500, 165
Trd, 000223.917, 165
Trd, 000224.033, 172
Trd, 000224.733, 166
Trd, 000225.217, 171
Trd, 000225.250, 162
Trd, 000226.017, 172
Trd, 000226.167, 172
Trd, 000227.350, 164
Trd, 000228.083, 173
Trd, 000228.700, 165
Trd, 000228.917, 168
Trd, 000230.533, 163
Trd, 000230.900, 165
Trd, 000231.050, 166
Trd, 000231.383, 167
Trd, 000231.500, 170
Trd, 000232.250, 163
Trd, 000232.417, 171
Trd, 000233.133, 188
Trd, 000233.350, 187
Trd, 000234.733, 176
Trd, 000234.817, 175
Trd, 000234.883, 188
Trd, 000235.767, 159
Trd, 000236.333, 191
Trd, 000236.967, 188
Trd, 000237.067, 189
Trd, 000237.250, 157
Trd, 000239.533, 186
Trd, 000239.617, 188
Trd, 000240.500, 185
Trd, 000240.617, 185
Trd, 000240.650, 187
Trd, 000241.150, 183
Trd, 000241.983, 181
Trd, 000242.317, 179
Trd, 000242.500, 187
Trd, 000242.683, 187
Trd, 000243.183, 185
Trd, 000243.683, 177
Trd, 000244.050, 174
Trd, 000244.100, 177
Trd, 000244.300, 177
Trd, 000244.333, 171
Trd, 000245.850, 172
Trd, 000245.867, 171
Trd, 000245.883, 165
Trd, 000245.950, 164
Trd, 000246.050, 170
Trd, 000246.417, 172
Trd, 000246.483, 175
Trd, 000247.083, 175
Trd, 000247.400, 161
Trd, 000248.350, 171
Trd, 000248.433, 170
Trd, 000248.833, 172
Trd, 000249.083, 168
Trd, 000249.700, 170
Trd, 000250.050, 166
Trd, 000250.517, 172
Trd, 000250.833, 170
Trd, 000251.183, 171
Trd, 000251.233, 169
Trd, 000251.483, 166
Trd, 000252.833, 165
Trd, 000253.133, 165
Trd, 000253.583, 171
Trd, 000253.833, 172
Trd, 000254.283, 173
Trd, 000254.667, 173
Trd, 000255.300, 177
Trd, 000255.867, 176
Trd, 000256.033, 171
Trd, 000256.250, 167
Trd, 000256.400, 172
Trd, 000257.383, 162
Trd, 000257.700, 165
Trd, 000257.950, 161
Trd, 000258.583, 164
Trd, 000258.633, 164
Trd, 000258.900, 160
Trd, 000259.600, 162
Trd, 000259.750, 160
Trd, 000260.933, 161
Trd, 000261.067, 165
Trd, 000261.083, 169
Trd, 000261.533, 170
Trd, 000262.017, 174
Trd, 000262.367, 165
Trd, 000262.433, 164
Trd, 000262.500, 173
Trd, 000262.600, 160
Trd, 000264.467, 162
Trd, 000264.617, 163
Trd, 000264.867, 162
Trd, 000265.183, 160
Trd, 000265.317, 164
Trd, 000266.150, 166
Trd, 000266.400, 171
Trd, 000266.517, 163
Trd, 000268.083, 175
Trd, 000268.217, 172
Trd, 000268.500, 173
Trd, 000269.217, 171
Trd, 000269.383, 175
Trd, 000270.167, 174
Trd, 000270.317, 169
Trd, 000270.800, 170
Trd, 000271.017, 169
Trd, 000271.517, 176
Trd, 000272.050, 178
Trd, 000272.450, 168
Trd, 000273.617, 172
Trd, 000273.800, 173
Trd, 000273.983, 178
Trd, 000274.217, 189
Trd, 000275.283, 168
Trd, 000275.767, 167
Trd, 000276.317, 173
Trd, 000276.633, 172
Trd, 000276.650, 177
Trd, 000276.867, 179
Trd, 000276.967, 173
Trd, 000277.817, 170
Trd, 000278.067, 178
Trd, 000278.117, 169
Trd, 000278.183, 172
Trd, 000279.167, 176
Trd, 000279.200, 190
Trd, 000279.233, 163
Trd, 000280.133, 195
Trd, 000281.133, 189
Trd, 000281.317, 181
Trd, 000281.533, 193
Trd, 000281.617, 197
Trd, 000281.633, 196
Trd, 000281.917, 194
Trd, 000282.300, 182
Trd, 000282.383, 177
Trd, 000283.267, 187
Trd, 000284.467, 187
Trd, 000284.933, 188
Trd, 000285.350, 185
Trd, 000285.950, 181
Trd, 000286.617, 180
Trd, 000286.883, 180
Trd, 000287.150, 175
Trd, 000287.283, 183
Trd, 000287.567, 184
Trd, 000287.833, 169
Trd, 000287.950, 175
Trd, 000288.417, 175
Trd, 000288.900, 177
Trd, 000288.933, 170
Trd, 000289.183, 165
Trd, 000289.433, 177
Trd, 000289.500, 180
Trd, 000289.700, 191
Trd, 000290.183, 197
Trd, 000290.617, 193
Trd, 000291.333, 176
Trd, 000291.817, 184
Trd, 000292.650, 166
Trd, 000292.883, 175
Trd, 000293.050, 164
Trd, 000293.067, 177
Trd, 000293.683, 163
Trd, 000294.633, 172
Trd, 000294.817, 174
Trd, 000295.017, 168
Trd, 000295.133, 189
Trd, 000295.183, 190
Trd, 000295.283, 180
Trd, 000295.400, 174
Trd, 000296.183, 191
Trd, 000296.317, 197
Trd, 000296.667, 199
Trd, 000297.133, 170
Trd, 000297.150, 199
Trd, 000297.900, 164
Trd, 000298.067, 191
Trd, 000298.100, 197
Trd, 000298.817, 193
Trd, 000299.283, 194
Trd, 000299.683, 175
Trd, 000299.717, 171
