Trd, 000002.983, 175
Trd, 000003.033, 196
Trd, 000003.117, 158
Trd, 000003.500, 155
Trd, 000004.533, 169
Trd, 000004.633, 166
Trd, 000005.100, 157
Trd, 000005.733, 137
Trd, 000006.783, 152
Trd, 000006.850, 135
Trd, 000007.200, 146
Trd, 000008.300, 149
Trd, 000009.050, 152
Trd, 000009.483, 148
Trd, 000010.317, 152
Trd, 000011.183, 148
Trd, 000011.467, 154
Trd, 000011.633, 156
Trd, 000012.567, 155
Trd, 000013.033, 147
Trd, 000014.417, 149
Trd, 000015.250, 149
Trd, 000015.267, 153
Trd, 000015.617, 154
Trd, 000016.000, 156
Trd, 000016.533, 159
Trd, 000016.817, 157
Trd, 000017.450, 159
Trd, 000017.617, 149
Trd, 000017.850, 149
Trd, 000019.133, 164
Trd, 000019.633, 175
Trd, 000021.067, 163
Trd, 000021.133, 160
Trd, 000021.267, 157
Trd, 000022.317, 150
Trd, 000022.433, 153
Trd, 000022.633, 157
Trd, 000023.483, 149
Trd, 000023.567, 145
Trd, 000023.833, 152
Trd, 000024.967, 148
Trd, 000025.183, 143
Trd, 000025.267, 149
Trd, 000025.317, 150
Trd, 000026.267, 150
Trd, 000026.333, 151
Trd, 000026.417, 147
Trd, 000027.183, 147
Trd, 000027.450, 154
Trd, 000027.983, 146
Trd, 000028.050, 157
Trd, 000029.700, 152
Trd, 000030.450, 155
Trd, 000030.983, 157
Trd, 000031.500, 155
Trd, 000032.017, 156
Trd, 000032.100, 153
Trd, 000032.167, 146
Trd, 000032.683, 143
Trd, 000033.450, 152
Trd, 000034.217, 150
Trd, 000034.550, 152
Trd, 000034.967, 158
Trd, 000035.617, 160
Trd, 000035.900, 161
Trd, 000036.250, 149
Trd, 000036.533, 172
Trd, 000036.633, 190
Trd, 000037.283, 165
Trd, 000037.717, 162
Trd, 000038.283, 154
Trd, 000038.383, 190
Trd, 000038.967, 158
Trd, 000039.083, 153
Trd, 000040.233, 166
Trd, 000041.233, 155
Trd, 000041.950, 155
Trd, 000042.250, 155
Trd, 000042.750, 141
Trd, 000043.017, 158
Trd, 000044.133, 149
Trd, 000044.267, 154
Trd, 000044.367, 160
Trd, 000044.600, 156
Trd, 000045.433, 165
Trd, 000046.033, 160
Trd, 000046.217, 162
Trd, 000046.983, 158
Trd, 000048.167, 159
Trd, 000048.683, 158
Trd, 000048.733, 158
Trd, 000049.100, 160
Trd, 000049.250, 160
Trd, 000049.950, 157
Trd, 000050.250, 156
Trd, 000050.383, 149
Trd, 000051.250, 161
Trd, 000051.300, 162
Trd, 000051.317, 163
Trd, 000053.033, 160
Trd, 000053.800, 159
Trd, 000054.067, 160
Trd, 000055.350, 161
Trd, 000055.633, 160
Trd, 000055.800, 158
Trd, 000055.900, 156
Trd, 000056.517, 156
Trd, 000056.783, 160
Trd, 000057.050, 158
Trd, 000057.700, 156
Trd, 000059.467, 155
Trd, 000059.617, 157
Trd, 000059.750, 157
Trd, 000060.883, 157
Trd, 000061.083, 156
Trd, 000061.550, 154
Trd, 000061.683, 157
Trd, 000062.033, 158
Trd, 000062.150, 153
Trd, 000062.300, 149
Trd, 000062.700, 146
Trd, 000064.000, 150
Trd, 000064.533, 149
Trd, 000065.183, 154
Trd, 000065.633, 149
Trd, 000065.900, 155
Trd, 000066.583, 155
Trd, 000067.683, 154
Trd, 000067.700, 161
Trd, 000067.867, 153
Trd, 000068.217, 153
Trd, 000068.267, 149
Trd, 000068.883, 143
Trd, 000069.200, 164
Trd, 000069.483, 177
Trd, 000071.650, 161
Trd, 000072.017, 162
Trd, 000072.333, 161
Trd, 000072.533, 164
Trd, 000072.567, 159
Trd, 000072.617, 154
Trd, 000073.400, 171
Trd, 000074.017, 157
Trd, 000074.333, 165
Trd, 000074.517, 157
Trd, 000075.500, 156
Trd, 000076.150, 163
Trd, 000076.967, 159
Trd, 000077.367, 162
Trd, 000077.633, 164
Trd, 000079.150, 165
Trd, 000079.567, 164
Trd, 000079.733, 166
Trd, 000079.933, 163
Trd, 000080.317, 174
Trd, 000081.167, 163
Trd, 000081.700, 163
Trd, 000081.967, 166
Trd, 000082.083, 167
Trd, 000082.267, 162
Trd, 000083.483, 161
Trd, 000083.667, 159
Trd, 000085.450, 161
Trd, 000085.767, 161
Trd, 000086.550, 162
Trd, 000086.733, 162
Trd, 000087.033, 160
Trd, 000087.333, 160
Trd, 000087.717, 164
Trd, 000088.150, 159
Trd, 000088.900, 162
Trd, 000089.133, 167
Trd, 000089.617, 158
Trd, 000090.483, 164
Trd, 000092.500, 161
Trd, 000092.733, 162
Trd, 000093.067, 160
Trd, 000093.317, 163
Trd, 000093.433, 160
Trd, 000093.983, 161
Trd, 000094.000, 158
Trd, 000094.800, 158
Trd, 000094.833, 162
Trd, 000094.867, 156
Trd, 000095.367, 156
Trd, 000095.917, 163
Trd, 000096.767, 153
Trd, 000097.667, 154
Trd, 000098.383, 162
Trd, 000098.417, 150
Trd, 000098.433, 147
Trd, 000099.633, 185
Trd, 000100.100, 175
Trd, 000101.633, 169
Trd, 000102.983, 170
Trd, 000103.717, 168
Trd, 000104.067, 166
Trd, 000104.533, 165
Trd, 000104.700, 161
Trd, 000105.350, 162
Trd, 000105.667, 160
Trd, 000105.900, 163
Trd, 000105.983, 166
Trd, 000107.217, 165
Trd, 000107.417, 159
Trd, 000107.850, 159
Trd, 000109.050, 161
Trd, 000109.167, 162
Trd, 000109.700, 166
Trd, 000110.850, 163
Trd, 000111.133, 162
Trd, 000111.700, 167
Trd, 000111.767, 167
Trd, 000112.483, 163
Trd, 000114.717, 162
Trd, 000115.083, 157
Trd, 000115.500, 154
Trd, 000115.533, 166
Trd, 000115.817, 166
Trd, 000116.067, 154
Trd, 000116.300, 152
Trd, 000116.767, 165
Trd, 000117.200, 148
Trd, 000118.967, 154
Trd, 000119.183, 158
Trd, 000119.883, 157
Trd, 000120.017, 155
Trd, 000120.167, 160
Trd, 000120.817, 155
Trd, 000121.267, 193
Trd, 000122.017, 158
Trd, 000122.133, 157
Trd, 000122.333, 164
Trd, 000123.000, 159
Trd, 000123.517, 158
Trd, 000124.633, 165
Trd, 000124.667, 167
Trd, 000125.333, 166
Trd, 000125.550, 165
Trd, 000125.650, 165
Trd, 000127.217, 163
Trd, 000128.017, 163
Trd, 000128.383, 163
Trd, 000128.683, 163
Trd, 000129.167, 160
Trd, 000129.600, 156
Trd, 000129.667, 150
Trd, 000129.817, 164
Trd, 000130.833, 164
Trd, 000130.933, 155
Trd, 000131.750, 163
Trd, 000132.083, 154
Trd, 000132.150, 154
Trd, 000133.333, 155
Trd, 000134.300, 143
Trd, 000134.433, 144
Trd, 000135.233, 150
Trd, 000135.517, 153
Trd, 000135.633, 160
Trd, 000136.000, 154
Trd, 000136.067, 170
Trd, 000136.767, 201
Trd, 000136.850, 155
Trd, 000137.717, 167
Trd, 000138.117, 183
Trd, 000138.850, 177
Trd, 000140.650, 176
Trd, 000141.433, 172
Trd, 000141.617, 174
Trd, 000142.050, 175
Trd, 000142.683, 174
Trd, 000143.033, 169
Trd, 000144.117, 169
Trd, 000144.783, 182
Trd, 000145.017, 196
Trd, 000145.550, 189
Trd, 000145.633, 184
Trd, 000145.917, 180
Trd, 000146.217, 181
Trd, 000146.350, 169
Trd, 000148.233, 170
Trd, 000148.550, 170
Trd, 000148.817, 170
Trd, 000148.983, 163
Trd, 000149.017, 162
Trd, 000149.750, 171
Trd, 000150.233, 172
Trd, 000151.167, 170
Trd, 000152.167, 170
Trd, 000153.150, 170
Trd, 000153.383, 169
Trd, 000153.900, 168
Trd, 000153.950, 170
Trd, 000155.083, 167
Trd, 000155.550, 166
Trd, 000155.633, 164
Trd, 000155.667, 167
Trd, 000156.433, 164
Trd, 000157.150, 168
Trd, 000157.917, 165
Trd, 000158.500, 169
Trd, 000158.567, 166
Trd, 000158.583, 171
Trd, 000159.017, 171
Trd, 000160.150, 202
Trd, 000160.200, 182
Trd, 000161.633, 171
Trd, 000163.033, 164
Trd, 000163.050, 163
Trd, 000163.267, 166
Trd, 000163.283, 159
Trd, 000163.400, 156
Trd, 000164.517, 159
Trd, 000165.267, 167
Trd, 000165.317, 168
Trd, 000165.917, 159
Trd, 000166.350, 170
Trd, 000166.883, 170
Trd, 000167.217, 171
Trd, 000167.417, 166
Trd, 000168.183, 167
Trd, 000168.400, 172
Trd, 000168.700, 172
Trd, 000169.617, 172
Trd, 000169.717, 172
Trd, 000169.817, 166
Trd, 000170.283, 160
Trd, 000170.950, 172
Trd, 000171.050, 156
Trd, 000171.500, 169
Trd, 000172.700, 183
Trd, 000173.233, 175
Trd, 000173.650, 176
Trd, 000174.200, 172
Trd, 000174.267, 176
Trd, 000174.583, 178
Trd, 000175.050, 175
Trd, 000175.667, 173
Trd, 000176.517, 174
Trd, 000176.867, 175
Trd, 000177.117, 168
Trd, 000177.233, 175
Trd, 000177.633, 164
Trd, 000178.067, 175
Trd, 000178.267, 176
Trd, 000179.117, 166
Trd, 000179.667, 162
Trd, 000180.167, 172
Trd, 000180.567, 172
Trd, 000181.067, 173
Trd, 000182.483, 168
Trd, 000182.533, 165
Trd, 000182.700, 166
Trd, 000183.017, 172
Trd, 000183.833, 172
Trd, 000185.383, 171
Trd, 000185.483, 171
Trd, 000185.633, 166
Trd, 000185.783, 173
Trd, 000187.167, 171
Trd, 000187.367, 172
Trd, 000187.950, 176
Trd, 000187.967, 167
Trd, 000188.283, 163
Trd, 000188.333, 162
Trd, 000189.850, 169
Trd, 000190.450, 165
Trd, 000190.783, 173
Trd, 000191.150, 165
Trd, 000192.817, 168
Trd, 000193.250, 166
Trd, 000195.017, 170
Trd, 000195.167, 173
Trd, 000196.333, 169
Trd, 000196.400, 170
Trd, 000196.417, 169
Trd, 000196.600, 167
Trd, 000196.733, 166
Trd, 000197.383, 171
Trd, 000197.783, 174
Trd, 000197.967, 175
Trd, 000198.150, 178
Trd, 000198.533, 169
Trd, 000198.667, 168
Trd, 000199.867, 174
Trd, 000199.900, 175
Trd, 000200.633, 171
Trd, 000201.433, 168
Trd, 000201.550, 173
Trd, 000201.733, 167
Trd, 000202.583, 163
Trd, 000202.917, 161
Trd, 000203.233, 171
Trd, 000203.300, 174
Trd, 000204.367, 173
Trd, 000205.750, 166
Trd, 000206.233, 172
Trd, 000206.283, 169
Trd, 000207.367, 173
Trd, 000207.433, 170
Trd, 000207.817, 174
Trd, 000208.400, 173
Trd, 000208.633, 167
Trd, 000209.250, 165
Trd, 000210.417, 170
Trd, 000210.717, 172
Trd, 000210.817, 175
Trd, 000212.083, 172
Trd, 000212.117, 176
Trd, 000213.250, 179
Trd, 000213.600, 175
Trd, 000215.183, 175
Trd, 000215.750, 177
Trd, 000216.300, 175
Trd, 000216.583, 177
Trd, 000216.767, 174
Trd, 000217.200, 177
Trd, 000217.467, 172
Trd, 000219.050, 175
Trd, 000219.083, 173
Trd, 000219.650, 176
Trd, 000219.850, 173
Trd, 000220.467, 165
Trd, 000221.317, 168
Trd, 000221.417, 165
Trd, 000221.600, 171
Trd, 000222.500, 164
Trd, 000223.000, 169
Trd, 000223.383, 169
Trd, 000223.683, 172
Trd, 000224.533, 172
Trd, 000225.100, 166
Trd, 000225.250, 165
Trd, 000225.367, 173
Trd, 000225.900, 165
Trd, 000227.400, 173
Trd, 000228.317, 183
Trd, 000228.900, 181
Trd, 000229.183, 181
Trd, 000229.700, 186
Trd, 000230.067, 185
Trd, 000230.350, 184
Trd, 000230.517, 181
Trd, 000230.717, 173
Trd, 000231.717, 176
Trd, 000231.817, 178
Trd, 000232.650, 178
Trd, 000232.950, 178
Trd, 000233.850, 178
Trd, 000234.600, 174
Trd, 000234.850, 171
Trd, 000234.900, 170
Trd, 000236.700, 171
Trd, 000237.483, 171
Trd, 000237.550, 172
Trd, 000237.833, 181
Trd, 000237.883, 171
Trd, 000238.200, 182
Trd, 000238.350, 197
Trd, 000238.583, 190
Trd, 000239.200, 172
Trd, 000240.267, 172
Trd, 000240.450, 171
Trd, 000241.350, 178
Trd, 000241.367, 176
Trd, 000241.983, 179
Trd, 000242.333, 175
Trd, 000242.767, 175
Trd, 000243.550, 177
Trd, 000243.617, 175
Trd, 000243.700, 174
Trd, 000244.150, 178
Trd, 000245.433, 178
Trd, 000245.783, 179
Trd, 000245.833, 175
Trd, 000245.983, 178
Trd, 000246.517, 182
Trd, 000246.750, 176
Trd, 000246.983, 183
Trd, 000247.150, 186
Trd, 000247.483, 201
Trd, 000247.817, 200
Trd, 000248.100, 176
Trd, 000248.300, 177
Trd, 000248.467, 173
Trd, 000249.717, 175
Trd, 000250.217, 176
Trd, 000250.933, 177
Trd, 000251.350, 173
Trd, 000251.600, 172
Trd, 000252.550, 173
Trd, 000252.650, 172
Trd, 000252.667, 175
Trd, 000252.700, 170
Trd, 000252.950, 176
Trd, 000253.117, 177
Trd, 000254.050, 174
Trd, 000254.083, 176
Trd, 000254.167, 180
Trd, 000255.117, 172
Trd, 000255.300, 172
Trd, 000255.900, 172
Trd, 000256.350, 175
Trd, 000256.433, 175
Trd, 000256.450, 183
Trd, 000256.500, 200
Trd, 000256.667, 170
Trd, 000256.833, 165
Trd, 000257.200, 162
Trd, 000258.017, 167
Trd, 000258.033, 176
Trd, 000258.900, 170
Trd, 000259.117, 169
Trd, 000260.767, 174
Trd, 000260.783, 175
Trd, 000261.883, 171
Trd, 000262.367, 169
Trd, 000262.500, 171
Trd, 000262.717, 169
Trd, 000263.417, 173
Trd, 000263.967, 176
Trd, 000264.250, 176
Trd, 000264.433, 169
Trd, 000264.733, 176
Trd, 000265.533, 178
Trd, 000265.567, 178
Trd, 000266.017, 181
Trd, 000266.167, 177
Trd, 000266.183, 173
Trd, 000266.267, 173
Trd, 000266.800, 183
Trd, 000266.883, 184
Trd, 000267.400, 184
Trd, 000268.083, 184
Trd, 000268.817, 185
Trd, 000269.083, 186
Trd, 000269.267, 184
Trd, 000269.533, 181
Trd, 000269.617, 178
Trd, 000270.217, 182
Trd, 000270.433, 182
Trd, 000270.550, 175
Trd, 000271.633, 175
Trd, 000271.700, 194
Trd, 000271.883, 189
Trd, 000272.067, 196
Trd, 000272.867, 177
Trd, 000272.933, 174
Trd, 000273.917, 178
Trd, 000274.000, 178
Trd, 000274.300, 177
Trd, 000274.417, 181
Trd, 000274.450, 181
Trd, 000275.717, 181
Trd, 000275.733, 177
Trd, 000275.783, 176
Trd, 000275.867, 185
Trd, 000276.567, 196
Trd, 000277.567, 194
Trd, 000277.850, 188
Trd, 000278.067, 174
Trd, 000278.117, 192
Trd, 000278.450, 179
Trd, 000278.567, 178
Trd, 000279.467, 179
Trd, 000279.817, 179
Trd, 000279.917, 182
Trd, 000281.317, 186
Trd, 000281.833, 189
Trd, 000283.117, 181
Trd, 000283.167, 179
Trd, 000283.950, 183
Trd, 000284.483, 183
Trd, 000284.533, 183
Trd, 000284.717, 180
Trd, 000284.733, 179
Trd, 000284.783, 171
Trd, 000285.367, 183
Trd, 000285.483, 183
Trd, 000286.033, 178
Trd, 000286.117, 171
Trd, 000286.383, 186
Trd, 000286.817, 186
Trd, 000287.267, 184
Trd, 000287.500, 203
Trd, 000288.250, 194
Trd, 000289.750, 195
Trd, 000289.983, 192
Trd, 000290.417, 191
Trd, 000290.767, 184
Trd, 000290.850, 180
Trd, 000291.583, 205
Trd, 000291.783, 205
Trd, 000292.050, 204
Trd, 000292.217, 176
Trd, 000292.567, 192
Trd, 000293.183, 193
Trd, 000293.333, 194
Trd, 000293.517, 195
Trd, 000293.617, 192
Trd, 000293.983, 191
Trd, 000294.133, 196
Trd, 000294.450, 190
Trd, 000295.333, 192
Trd, 000296.017, 188
Trd, 000296.050, 184
Trd, 000296.333, 199
Trd, 000297.933, 216
Trd, 000298.100, 205
Trd, 000298.183, 192
Trd, 000298.333, 206
Trd, 000298.950, 188
Trd, 000299.683, 176
Trd, 000299.817, 185
