Trd, 000002.300, 125
Trd, 000003.217, 125
Trd, 000003.633, 131
Trd, 000003.767, 133
Trd, 000003.817, 134
Trd, 000003.833, 144
Trd, 000004.767, 132
Trd, 000004.933, 151
Trd, 000005.483, 155
Trd, 000007.117, 160
Trd, 000007.400, 141
Trd, 000008.400, 145
Trd, 000010.067, 149
Trd, 000010.367, 148
Trd, 000010.933, 149
Trd, 000011.383, 149
Trd, 000011.667, 149
Trd, 000011.783, 152
Trd, 000012.733, 151
Trd, 000013.183, 154
Trd, 000014.200, 152
Trd, 000014.300, 151
Trd, 000014.567, 137
Trd, 000017.183, 147
Trd, 000017.433, 146
Trd, 000017.450, 151
Trd, 000017.650, 145
Trd, 000018.300, 157
Trd, 000018.917, 144
Trd, 000019.000, 155
Trd, 000019.367, 148
Trd, 000020.200, 153
Trd, 000020.217, 156
Trd, 000020.383, 138
Trd, 000021.817, 153
Trd, 000022.483, 157
Trd, 000023.717, 162
Trd, 000024.450, 160
Trd, 000024.717, 164
Trd, 000024.767, 166
Trd, 000025.000, 157
Trd, 000025.833, 158
Trd, 000026.467, 157
Trd, 000027.033, 157
Trd, 000027.983, 147
Trd, 000028.117, 150
Trd, 000028.533, 151
Trd, 000029.383, 148
Trd, 000029.583, 149
Trd, 000029.850, 154
Trd, 000031.450, 152
Trd, 000031.667, 158
Trd, 000031.950, 148
Trd, 000032.400, 153
Trd, 000032.817, 148
Trd, 000033.500, 151
Trd, 000034.233, 150
Trd, 000034.683, 152
Trd, 000034.717, 154
Trd, 000035.033, 147
Trd, 000035.050, 158
Trd, 000036.200, 161
Trd, 000036.400, 158
Trd, 000037.100, 165
Trd, 000037.150, 150
Trd, 000038.600, 158
Trd, 000039.250, 156
Trd, 000039.617, 157
Trd, 000040.517, 158
Trd, 000040.550, 159
Trd, 000041.200, 159
Trd, 000041.733, 160
Trd, 000041.917, 157
Trd, 000041.950, 158
Trd, 000042.617, 156
Trd, 000044.217, 155
Trd, 000044.617, 153
Trd, 000045.017, 151
Trd, 000045.417, 159
Trd, 000045.950, 156
Trd, 000046.433, 158
Trd, 000047.683, 160
Trd, 000047.767, 162
Trd, 000047.833, 155
Trd, 000048.283, 153
Trd, 000049.033, 141
Trd, 000050.450, 156
Trd, 000051.000, 137
Trd, 000051.633, 139
Trd, 000053.517, 143
Trd, 000053.917, 145
Trd, 000055.083, 146
Trd, 000055.233, 149
Trd, 000055.367, 153
Trd, 000055.850, 151
Trd, 000056.583, 152
Trd, 000056.667, 151
Trd, 000057.100, 156
Trd, 000057.150, 159
Trd, 000060.017, 154
Trd, 000061.017, 153
Trd, 000061.083, 154
Trd, 000062.250, 153
Trd, 000063.200, 152
Trd, 000063.367, 153
Trd, 000063.800, 150
Trd, 000064.317, 153
Trd, 000064.350, 154
Trd, 000064.367, 157
Trd, 000065.300, 157
Trd, 000065.833, 151
Trd, 000067.467, 156
Trd, 000067.800, 157
Trd, 000068.167, 153
Trd, 000070.383, 158
Trd, 000070.517, 158
Trd, 000070.967, 157
Trd, 000071.233, 155
Trd, 000072.050, 155
Trd, 000072.550, 156
Trd, 000072.800, 153
Trd, 000074.583, 153
Trd, 000074.967, 154
Trd, 000075.500, 153
Trd, 000075.583, 155
Trd, 000076.267, 158
Trd, 000076.467, 154
Trd, 000076.933, 154
Trd, 000076.967, 162
Trd, 000078.250, 156
Trd, 000079.250, 157
Trd, 000079.933, 157
Trd, 000080.233, 157
Trd, 000080.683, 156
Trd, 000081.517, 159
Trd, 000081.950, 163
Trd, 000082.200, 165
Trd, 000082.683, 158
Trd, 000083.100, 158
Trd, 000083.533, 160
Trd, 000084.517, 158
Trd, 000085.350, 158
Trd, 000085.883, 158
Trd, 000086.800, 160
Trd, 000087.417, 158
Trd, 000088.217, 157
Trd, 000088.300, 162
Trd, 000089.850, 156
Trd, 000090.533, 158
Trd, 000090.617, 159
Trd, 000091.900, 156
Trd, 000091.933, 157
Trd, 000092.617, 157
Trd, 000092.767, 157
Trd, 000092.933, 157
Trd, 000093.683, 156
Trd, 000093.750, 156
Trd, 000096.050, 158
Trd, 000096.183, 160
Trd, 000096.483, 164
Trd, 000096.617, 167
Trd, 000097.550, 156
Trd, 000098.550, 156
Trd, 000099.533, 160
Trd, 000100.750, 160
Trd, 000100.883, 157
Trd, 000101.567, 159
Trd, 000102.050, 160
Trd, 000102.233, 161
Trd, 000103.433, 160
Trd, 000104.550, 161
Trd, 000104.717, 158
Trd, 000106.017, 165
Trd, 000107.150, 161
Trd, 000107.350, 159
Trd, 000107.533, 160
Trd, 000107.950, 160
Trd, 000108.217, 161
Trd, 000109.167, 160
Trd, 000109.633, 159
Trd, 000109.667, 159
Trd, 000110.333, 158
Trd, 000110.750, 157
Trd, 000111.233, 157
Trd, 000112.217, 156
Trd, 000112.800, 155
Trd, 000112.900, 159
Trd, 000113.167, 154
Trd, 000114.267, 159
Trd, 000115.233, 158
Trd, 000115.450, 159
Trd, 000116.783, 159
Trd, 000117.067, 159
Trd, 000117.933, 158
Trd, 000118.400, 160
Trd, 000118.483, 162
Trd, 000118.600, 156
Trd, 000119.183, 164
Trd, 000119.500, 164
Trd, 000120.350, 163
Trd, 000122.950, 167
Trd, 000123.550, 163
Trd, 000124.217, 164
Trd, 000124.250, 170
Trd, 000124.767, 164
Trd, 000125.033, 173
Trd, 000125.417, 174
Trd, 000126.050, 165
Trd, 000127.200, 167
Trd, 000127.350, 165
Trd, 000127.400, 160
Trd, 000127.700, 143
Trd, 000127.717, 168
Trd, 000129.533, 164
Trd, 000129.767, 159
Trd, 000129.817, 157
Trd, 000129.900, 169
Trd, 000130.650, 157
Trd, 000131.750, 158
Trd, 000132.067, 158
Trd, 000132.133, 159
Trd, 000132.567, 158
Trd, 000133.600, 158
Trd, 000133.817, 159
Trd, 000134.583, 157
Trd, 000135.150, 161
Trd, 000135.300, 164
Trd, 000135.983, 165
Trd, 000138.500, 171
Trd, 000139.033, 169
Trd, 000139.183, 172
Trd, 000140.217, 168
Trd, 000140.933, 170
Trd, 000140.967, 174
Trd, 000141.083, 170
Trd, 000141.117, 169
Trd, 000141.300, 168
Trd, 000142.650, 162
Trd, 000142.717, 166
Trd, 000143.033, 170
Trd, 000144.100, 168
Trd, 000145.483, 162
Trd, 000146.550, 162
Trd, 000146.733, 165
Trd, 000148.100, 162
Trd, 000148.333, 164
Trd, 000150.083, 163
Trd, 000150.250, 164
Trd, 000150.517, 165
Trd, 000150.717, 165
Trd, 000150.750, 162
Trd, 000151.833, 164
Trd, 000152.183, 161
Trd, 000152.200, 166
Trd, 000152.450, 165
Trd, 000152.533, 170
Trd, 000153.050, 160
Trd, 000154.533, 168
Trd, 000155.050, 170
Trd, 000155.117, 173
Trd, 000155.833, 160
Trd, 000156.167, 161
Trd, 000158.117, 162
Trd, 000158.800, 163
Trd, 000160.433, 164
Trd, 000160.667, 166
Trd, 000160.967, 167
Trd, 000161.450, 165
Trd, 000161.583, 163
Trd, 000162.383, 167
Trd, 000163.383, 166
Trd, 000164.600, 171
Trd, 000164.733, 170
Trd, 000165.000, 164
Trd, 000165.467, 174
Trd, 000165.817, 168
Trd, 000166.000, 168
Trd, 000166.017, 175
Trd, 000167.700, 166
Trd, 000167.767, 166
Trd, 000167.867, 167
Trd, 000168.150, 166
Trd, 000168.450, 168
Trd, 000169.783, 168
Trd, 000170.950, 171
Trd, 000171.833, 168
Trd, 000172.367, 172
Trd, 000172.517, 172
Trd, 000172.917, 174
Trd, 000173.267, 175
Trd, 000173.533, 170
Trd, 000173.917, 169
Trd, 000174.333, 173
Trd, 000174.783, 170
Trd, 000177.017, 169
Trd, 000177.250, 168
Trd, 000177.333, 170
Trd, 000177.367, 166
Trd, 000178.000, 171
Trd, 000178.450, 162
Trd, 000179.833, 166
Trd, 000181.083, 167
Trd, 000181.983, 166
Trd, 000182.733, 166
Trd, 000182.917, 165
Trd, 000183.450, 167
Trd, 000184.183, 165
Trd, 000184.233, 166
Trd, 000184.317, 167
Trd, 000184.600, 163
Trd, 000185.167, 167
Trd, 000185.800, 162
Trd, 000186.050, 169
Trd, 000186.483, 161
Trd, 000186.667, 173
Trd, 000188.117, 174
Trd, 000188.317, 168
Trd, 000188.333, 167
Trd, 000189.483, 170
Trd, 000189.800, 175
Trd, 000189.850, 175
Trd, 000191.433, 172
Trd, 000191.467, 174
Trd, 000191.650, 168
Trd, 000193.000, 167
Trd, 000194.050, 172
Trd, 000194.600, 171
Trd, 000194.983, 166
Trd, 000196.450, 165
Trd, 000196.533, 166
Trd, 000196.933, 168
Trd, 000197.433, 169
Trd, 000197.467, 166
Trd, 000198.100, 171
Trd, 000198.983, 169
Trd, 000199.683, 170
Trd, 000199.817, 169
Trd, 000200.183, 169
Trd, 000201.050, 171
Trd, 000201.483, 171
Trd, 000202.767, 175
Trd, 000203.267, 169
Trd, 000205.300, 169
Trd, 000205.683, 168
Trd, 000206.133, 169
Trd, 000206.750, 169
Trd, 000206.950, 170
Trd, 000207.200, 168
Trd, 000207.333, 170
Trd, 000208.517, 171
Trd, 000208.683, 175
Trd, 000208.717, 170
Trd, 000209.417, 173
Trd, 000210.467, 170
Trd, 000210.917, 169
Trd, 000211.567, 168
Trd, 000211.583, 170
Trd, 000211.717, 172
Trd, 000212.050, 173
Trd, 000212.967, 176
Trd, 000214.067, 176
Trd, 000214.833, 171
Trd, 000215.533, 173
Trd, 000216.200, 173
Trd, 000216.217, 173
Trd, 000216.567, 172
Trd, 000216.667, 173
Trd, 000217.900, 173
Trd, 000218.550, 168
Trd, 000218.817, 169
Trd, 000219.017, 173
Trd, 000219.067, 176
Trd, 000219.267, 168
Trd, 000220.500, 173
Trd, 000220.683, 172
Trd, 000221.167, 172
Trd, 000222.783, 170
Trd, 000224.167, 169
Trd, 000225.050, 167
Trd, 000225.767, 168
Trd, 000226.050, 167
Trd, 000227.067, 168
Trd, 000227.700, 167
Trd, 000227.767, 166
Trd, 000227.817, 169
Trd, 000227.933, 172
Trd, 000228.067, 166
Trd, 000228.150, 173
Trd, 000228.200, 177
Trd, 000230.833, 175
Trd, 000231.017, 167
Trd, 000232.467, 173
Trd, 000233.667, 171
Trd, 000234.717, 168
Trd, 000235.450, 168
Trd, 000235.550, 168
Trd, 000235.667, 170
Trd, 000236.333, 171
Trd, 000236.383, 168
Trd, 000237.583, 173
Trd, 000237.600, 174
Trd, 000237.900, 171
Trd, 000238.033, 174
Trd, 000239.233, 173
Trd, 000239.583, 171
Trd, 000240.250, 171
Trd, 000240.483, 173
Trd, 000240.967, 172
Trd, 000241.317, 173
Trd, 000241.517, 171
Trd, 000241.850, 170
Trd, 000242.017, 175
Trd, 000243.233, 172
Trd, 000243.500, 173
Trd, 000244.933, 172
Trd, 000245.017, 174
Trd, 000245.200, 171
Trd, 000245.267, 170
Trd, 000246.150, 158
Trd, 000246.250, 161
Trd, 000246.817, 156
Trd, 000246.983, 159
Trd, 000247.067, 165
Trd, 000248.350, 169
Trd, 000248.633, 171
Trd, 000248.917, 173
Trd, 000249.133, 176
Trd, 000249.417, 170
Trd, 000249.900, 176
Trd, 000250.100, 176
Trd, 000250.167, 177
Trd, 000250.600, 175
Trd, 000251.383, 179
Trd, 000251.867, 180
Trd, 000252.317, 177
Trd, 000252.900, 176
Trd, 000253.117, 178
Trd, 000253.433, 183
Trd, 000253.700, 175
Trd, 000254.333, 177
Trd, 000254.483, 170
Trd, 000254.783, 166
Trd, 000254.800, 176
Trd, 000256.067, 177
Trd, 000257.067, 169
Trd, 000257.250, 177
Trd, 000257.733, 171
Trd, 000257.867, 172
Trd, 000258.200, 170
Trd, 000259.117, 173
Trd, 000259.350, 176
Trd, 000259.883, 168
Trd, 000260.133, 177
Trd, 000260.500, 172
Trd, 000260.983, 171
Trd, 000261.250, 169
Trd, 000261.550, 173
Trd, 000261.800, 181
Trd, 000262.517, 182
Trd, 000263.067, 180
Trd, 000263.650, 182
Trd, 000263.900, 177
Trd, 000264.750, 169
Trd, 000264.950, 166
Trd, 000265.117, 170
Trd, 000265.217, 160
Trd, 000265.550, 169
Trd, 000266.450, 167
Trd, 000266.617, 165
Trd, 000267.933, 166
Trd, 000268.150, 169
Trd, 000268.283, 170
Trd, 000268.433, 170
Trd, 000268.783, 169
Trd, 000268.900, 174
Trd, 000269.067, 168
Trd, 000269.183, 167
Trd, 000269.683, 171
Trd, 000269.900, 175
Trd, 000270.533, 177
Trd, 000270.917, 173
Trd, 000271.633, 177
Trd, 000271.983, 177
Trd, 000274.017, 173
Trd, 000274.067, 177
Trd, 000274.233, 178
Trd, 000274.383, 182
Trd, 000274.767, 179
Trd, 000274.933, 182
Trd, 000275.683, 182
Trd, 000276.183, 181
Trd, 000276.367, 177
Trd, 000276.617, 181
Trd, 000277.200, 181
Trd, 000277.667, 185
Trd, 000277.900, 183
Trd, 000278.050, 186
Trd, 000278.167, 190
Trd, 000279.083, 181
Trd, 000279.117, 183
Trd, 000279.650, 180
Trd, 000279.717, 179
Trd, 000280.133, 182
Trd, 000280.900, 178
Trd, 000281.183, 162
Trd, 000282.183, 162
Trd, 000282.517, 165
Trd, 000283.550, 164
Trd, 000284.083, 164
Trd, 000284.500, 163
Trd, 000284.550, 165
Trd, 000285.367, 169
Trd, 000285.800, 172
Trd, 000285.833, 177
Trd, 000285.850, 179
Trd, 000287.200, 166
Trd, 000288.083, 166
Trd, 000288.250, 177
Trd, 000288.283, 184
Trd, 000288.833, 167
Trd, 000288.933, 167
Trd, 000289.217, 180
Trd, 000290.117, 168
Trd, 000290.417, 179
Trd, 000290.450, 179
Trd, 000291.100, 173
Trd, 000291.300, 169
Trd, 000291.450, 182
Trd, 000291.833, 171
Trd, 000292.067, 171
Trd, 000292.900, 173
Trd, 000293.150, 167
Trd, 000293.633, 177
Trd, 000293.650, 178
Trd, 000294.483, 180
Trd, 000294.733, 171
Trd, 000294.900, 172
Trd, 000295.300, 172
Trd, 000295.733, 171
Trd, 000296.300, 176
Trd, 000297.000, 176
Trd, 000297.117, 177
Trd, 000297.500, 172
Trd, 000297.650, 177
Trd, 000297.717, 178
Trd, 000298.100, 187
