Trd, 000001.700, 162
Trd, 000001.950, 159
Trd, 000003.233, 138
Trd, 000004.350, 145
Trd, 000005.117, 145
Trd, 000005.183, 146
Trd, 000005.217, 144
Trd, 000006.033, 145
Trd, 000006.683, 156
Trd, 000007.200, 150
Trd, 000007.700, 153
Trd, 000007.767, 148
Trd, 000009.583, 152
Trd, 000009.767, 154
Trd, 000010.100, 148
Trd, 000010.417, 145
Trd, 000010.650, 156
Trd, 000010.950, 154
Trd, 000011.683, 145
Trd, 000011.700, 157
Trd, 000012.767, 145
Trd, 000012.983, 156
Trd, 000013.717, 148
Trd, 000014.717, 148
Trd, 000015.050, 156
Trd, 000016.933, 151
Trd, 000017.433, 157
Trd, 000017.517, 158
Trd, 000018.467, 161
Trd, 000018.533, 173
Trd, 000019.150, 160
Trd, 000019.283, 164
Trd, 000019.767, 158
Trd, 000020.817, 166
Trd, 000021.133, 163
Trd, 000021.867, 164
Trd, 000022.183, 165
Trd, 000022.600, 157
Trd, 000022.767, 157
Trd, 000022.950, 164
Trd, 000023.817, 157
Trd, 000024.933, 159
Trd, 000025.767, 161
Trd, 000025.967, 162
Trd, 000027.433, 161
Trd, 000027.467, 161
Trd, 000027.783, 158
Trd, 000028.100, 155
Trd, 000028.617, 160
Trd, 000029.683, 160
Trd, 000030.400, 160
Trd, 000031.250, 156
Trd, 000031.917, 153
Trd, 000032.717, 156
Trd, 000032.900, 155
Trd, 000033.467, 154
Trd, 000034.300, 153
Trd, 000035.567, 154
Trd, 000036.467, 154
Trd, 000037.467, 151
Trd, 000037.850, 153
Trd, 000038.883, 152
Trd, 000039.267, 162
Trd, 000039.400, 151
Trd, 000039.417, 151
Trd, 000040.333, 151
Trd, 000041.717, 155
Trd, 000042.800, 156
Trd, 000043.100, 154
Trd, 000043.117, 162
Trd, 000045.033, 155
Trd, 000045.433, 154
Trd, 000045.617, 154
Trd, 000045.733, 153
Trd, 000045.800, 148
Trd, 000046.700, 151
Trd, 000047.800, 151
Trd, 000048.983, 150
Trd, 000050.133, 151
Trd, 000050.417, 151
Trd, 000050.633, 152
Trd, 000050.850, 163
Trd, 000050.867, 149
Trd, 000051.000, 149
Trd, 000052.733, 162
Trd, 000053.350, 157
Trd, 000053.483, 149
Trd, 000054.250, 162
Trd, 000055.267, 155
Trd, 000056.350, 161
Trd, 000057.083, 161
Trd, 000058.633, 162
Trd, 000058.783, 155
Trd, 000060.750, 161
Trd, 000061.117, 158
Trd, 000061.167, 156
Trd, 000061.200, 161
Trd, 000062.233, 157
Trd, 000063.500, 158
Trd, 000064.017, 156
Trd, 000064.033, 156
Trd, 000064.150, 160
Trd, 000064.667, 156
Trd, 000065.850, 156
Trd, 000066.467, 161
Trd, 000066.750, 162
Trd, 000066.850, 154
Trd, 000068.700, 159
Trd, 000068.983, 160
Trd, 000069.167, 155
Trd, 000069.867, 161
Trd, 000070.633, 157
Trd, 000071.517, 156
Trd, 000071.717, 155
Trd, 000072.100, 154
Trd, 000072.350, 151
Trd, 000073.350, 164
Trd, 000073.717, 158
Trd, 000074.683, 162
Trd, 000074.983, 163
Trd, 000075.150, 156
Trd, 000076.433, 166
Trd, 000077.217, 153
Trd, 000077.367, 171
Trd, 000077.667, 170
Trd, 000077.800, 153
Trd, 000078.150, 149
Trd, 000078.717, 163
Trd, 000081.200, 160
Trd, 000081.433, 162
Trd, 000081.717, 157
Trd, 000082.200, 163
Trd, 000082.367, 164
Trd, 000082.783, 166
Trd, 000084.933, 159
Trd, 000085.117, 161
Trd, 000085.550, 162
Trd, 000087.067, 161
Trd, 000088.033, 160
Trd, 000088.367, 159
Trd, 000088.433, 159
Trd, 000088.700, 161
Trd, 000089.367, 158
Trd, 000091.983, 159
Trd, 000092.417, 158
Trd, 000093.667, 158
Trd, 000093.850, 157
Trd, 000094.367, 157
Trd, 000094.583, 159
Trd, 000095.250, 156
Trd, 000095.400, 159
Trd, 000096.167, 160
Trd, 000098.067, 159
Trd, 000098.083, 156
Trd, 000098.567, 162
Trd, 000099.033, 156
Trd, 000099.050, 156
Trd, 000099.900, 161
Trd, 000100.650, 162
Trd, 000100.667, 163
Trd, 000102.283, 168
Trd, 000102.300, 163
Trd, 000102.617, 162
Trd, 000102.667, 175
Trd, 000103.567, 161
Trd, 000103.700, 161
Trd, 000105.950, 156
Trd, 000106.133, 157
Trd, 000106.383, 154
Trd, 000106.467, 155
Trd, 000108.150, 168
Trd, 000108.267, 166
Trd, 000108.333, 162
Trd, 000108.750, 169
Trd, 000109.933, 161
Trd, 000111.317, 162
Trd, 000112.233, 162
Trd, 000112.400, 164
Trd, 000113.017, 161
Trd, 000113.033, 162
Trd, 000114.500, 160
Trd, 000114.967, 161
Trd, 000115.983, 160
Trd, 000116.667, 162
Trd, 000117.600, 160
Trd, 000118.533, 162
Trd, 000118.950, 159
Trd, 000119.233, 160
Trd, 000119.500, 161
Trd, 000120.033, 158
Trd, 000120.083, 162
Trd, 000120.867, 156
Trd, 000122.050, 157
Trd, 000122.300, 160
Trd, 000123.450, 157
Trd, 000124.700, 157
Trd, 000124.833, 158
Trd, 000124.850, 157
Trd, 000125.333, 159
Trd, 000125.700, 161
Trd, 000127.600, 160
Trd, 000127.833, 165
Trd, 000129.400, 170
Trd, 000129.950, 163
Trd, 000130.367, 170
Trd, 000131.317, 167
Trd, 000131.383, 166
Trd, 000131.617, 164
Trd, 000131.733, 162
Trd, 000133.133, 166
Trd, 000133.800, 162
Trd, 000134.167, 161
Trd, 000135.583, 162
Trd, 000135.817, 163
Trd, 000136.017, 161
Trd, 000136.533, 160
Trd, 000136.567, 165
Trd, 000136.900, 157
Trd, 000137.167, 171
Trd, 000138.150, 167
Trd, 000139.233, 170
Trd, 000140.233, 171
Trd, 000141.150, 169
Trd, 000141.317, 172
Trd, 000141.700, 168
Trd, 000142.183, 167
Trd, 000142.733, 171
Trd, 000143.083, 166
Trd, 000144.483, 172
Trd, 000144.817, 171
Trd, 000144.850, 172
Trd, 000145.250, 164
Trd, 000146.033, 174
Trd, 000146.283, 175
Trd, 000148.950, 168
Trd, 000149.000, 165
Trd, 000149.183, 160
Trd, 000149.233, 172
Trd, 000151.200, 170
Trd, 000151.617, 172
Trd, 000152.183, 164
Trd, 000152.967, 172
Trd, 000153.067, 163
Trd, 000153.183, 162
Trd, 000153.733, 174
Trd, 000154.383, 173
Trd, 000155.133, 180
Trd, 000155.500, 166
Trd, 000156.917, 171
Trd, 000157.800, 171
Trd, 000159.117, 167
Trd, 000159.467, 170
Trd, 000160.067, 172
Trd, 000160.267, 166
Trd, 000160.500, 166
Trd, 000161.133, 171
Trd, 000162.300, 171
Trd, 000163.583, 169
Trd, 000163.817, 172
Trd, 000163.867, 170
Trd, 000164.333, 168
Trd, 000164.767, 170
Trd, 000165.017, 172
Trd, 000165.217, 168
Trd, 000165.933, 167
Trd, 000166.617, 175
Trd, 000168.667, 170
Trd, 000169.467, 168
Trd, 000169.700, 167
Trd, 000170.350, 166
Trd, 000170.367, 168
Trd, 000170.867, 168
Trd, 000171.033, 166
Trd, 000172.800, 166
Trd, 000172.867, 164
Trd, 000173.483, 166
Trd, 000173.883, 166
Trd, 000175.283, 171
Trd, 000176.217, 168
Trd, 000176.233, 169
Trd, 000176.933, 172
Trd, 000177.567, 168
Trd, 000177.733, 171
Trd, 000177.750, 167
Trd, 000178.450, 170
Trd, 000179.233, 171
Trd, 000179.333, 169
Trd, 000179.917, 171
Trd, 000180.933, 169
Trd, 000182.567, 167
Trd, 000183.117, 168
Trd, 000183.950, 163
Trd, 000184.850, 170
Trd, 000186.200, 167
Trd, 000186.617, 166
Trd, 000186.667, 164
Trd, 000186.700, 167
Trd, 000187.333, 168
Trd, 000188.583, 169
Trd, 000189.233, 166
Trd, 000190.750, 169
Trd, 000191.133, 169
Trd, 000192.000, 166
Trd, 000193.650, 165
Trd, 000194.450, 167
Trd, 000194.533, 166
Trd, 000194.817, 165
Trd, 000194.850, 169
Trd, 000195.417, 169
Trd, 000196.333, 173
Trd, 000196.417, 172
Trd, 000196.450, 175
Trd, 000196.483, 164
Trd, 000196.667, 164
Trd, 000197.783, 164
Trd, 000199.350, 175
Trd, 000200.683, 171
Trd, 000201.267, 172
Trd, 000201.333, 171
Trd, 000201.950, 174
Trd, 000202.450, 174
Trd, 000202.533, 168
Trd, 000202.783, 177
Trd, 000203.217, 178
Trd, 000204.667, 180
Trd, 000205.433, 183
Trd, 000205.633, 182
Trd, 000205.950, 182
Trd, 000206.083, 182
Trd, 000206.733, 184
Trd, 000207.800, 181
Trd, 000208.350, 180
Trd, 000209.683, 184
Trd, 000209.783, 183
Trd, 000210.133, 181
Trd, 000211.300, 183
Trd, 000211.617, 184
Trd, 000211.783, 179
Trd, 000212.150, 178
Trd, 000212.333, 181
Trd, 000212.633, 184
Trd, 000213.917, 183
Trd, 000215.300, 181
Trd, 000215.483, 181
Trd, 000216.017, 180
Trd, 000217.733, 180
Trd, 000218.017, 178
Trd, 000218.200, 181
Trd, 000218.583, 177
Trd, 000220.483, 176
Trd, 000220.583, 175
Trd, 000221.150, 177
Trd, 000222.250, 177
Trd, 000222.283, 174
Trd, 000222.350, 169
Trd, 000222.583, 176
Trd, 000222.800, 177
Trd, 000223.867, 180
Trd, 000225.067, 176
Trd, 000226.383, 176
Trd, 000226.617, 178
Trd, 000227.917, 177
Trd, 000228.050, 176
Trd, 000228.617, 174
Trd, 000230.100, 174
Trd, 000230.283, 175
Trd, 000231.317, 177
Trd, 000231.433, 175
Trd, 000231.700, 178
Trd, 000233.633, 174
Trd, 000234.883, 172
Trd, 000235.150, 180
Trd, 000235.333, 170
Trd, 000236.250, 181
Trd, 000237.000, 181
Trd, 000237.567, 180
Trd, 000237.650, 179
Trd, 000238.267, 182
Trd, 000239.500, 186
Trd, 000239.983, 179
Trd, 000240.517, 182
Trd, 000240.700, 184
Trd, 000241.000, 183
Trd, 000241.183, 182
Trd, 000241.333, 183
Trd, 000241.650, 181
Trd, 000242.100, 184
Trd, 000242.833, 179
Trd, 000243.117, 178
Trd, 000243.233, 171
Trd, 000243.367, 178
Trd, 000243.400, 189
Trd, 000244.967, 178
Trd, 000245.450, 177
Trd, 000245.983, 178
Trd, 000246.033, 175
Trd, 000246.783, 177
Trd, 000247.017, 175
Trd, 000247.783, 181
Trd, 000247.817, 177
Trd, 000247.933, 180
Trd, 000249.267, 180
Trd, 000250.400, 178
Trd, 000250.450, 179
Trd, 000250.583, 174
Trd, 000251.000, 175
Trd, 000251.267, 176
Trd, 000252.650, 175
Trd, 000252.800, 174
Trd, 000252.967, 177
Trd, 000253.517, 178
Trd, 000253.883, 172
Trd, 000254.367, 171
Trd, 000254.450, 169
Trd, 000255.133, 169
Trd, 000255.783, 179
Trd, 000255.950, 179
Trd, 000256.350, 177
Trd, 000256.583, 179
Trd, 000257.117, 178
Trd, 000257.350, 175
Trd, 000258.133, 172
Trd, 000258.250, 175
Trd, 000258.850, 179
Trd, 000259.100, 177
Trd, 000259.533, 177
Trd, 000260.383, 175
Trd, 000261.383, 179
Trd, 000261.483, 180
Trd, 000262.517, 179
Trd, 000262.533, 179
Trd, 000262.850, 184
Trd, 000263.333, 185
Trd, 000263.867, 182
Trd, 000264.167, 183
Trd, 000264.500, 180
Trd, 000264.983, 179
Trd, 000265.167, 178
Trd, 000265.600, 177
Trd, 000265.867, 181
Trd, 000266.300, 176
Trd, 000266.483, 182
Trd, 000268.650, 179
Trd, 000268.683, 180
Trd, 000268.717, 179
Trd, 000269.617, 175
Trd, 000270.000, 178
Trd, 000270.367, 173
Trd, 000271.083, 174
Trd, 000271.317, 177
Trd, 000271.467, 178
Trd, 000271.583, 174
Trd, 000271.817, 174
Trd, 000271.917, 171
Trd, 000272.883, 175
Trd, 000273.800, 181
Trd, 000273.917, 179
Trd, 000274.200, 176
Trd, 000274.283, 176
Trd, 000274.333, 177
Trd, 000275.150, 174
Trd, 000275.567, 178
Trd, 000275.583, 174
Trd, 000275.717, 185
Trd, 000276.783, 182
Trd, 000277.300, 182
Trd, 000277.383, 179
Trd, 000278.117, 190
Trd, 000278.933, 184
Trd, 000279.183, 184
Trd, 000279.700, 189
Trd, 000279.917, 183
Trd, 000279.933, 190
Trd, 000280.550, 182
Trd, 000281.250, 174
Trd, 000281.283, 174
Trd, 000281.683, 181
Trd, 000281.900, 180
Trd, 000282.933, 183
Trd, 000283.217, 182
Trd, 000283.433, 185
Trd, 000283.700, 181
Trd, 000284.300, 178
Trd, 000284.833, 183
Trd, 000285.050, 187
Trd, 000285.533, 179
Trd, 000285.900, 178
Trd, 000286.267, 175
Trd, 000286.417, 184
Trd, 000287.083, 184
Trd, 000287.333, 177
Trd, 000288.367, 173
Trd, 000288.450, 169
Trd, 000288.683, 169
Trd, 000289.917, 170
Trd, 000290.700, 178
Trd, 000291.000, 175
Trd, 000291.050, 174
Trd, 000291.133, 179
Trd, 000291.283, 172
Trd, 000291.417, 172
Trd, 000291.867, 170
Trd, 000292.067, 183
Trd, 000292.267, 173
Trd, 000292.583, 185
Trd, 000292.683, 170
Trd, 000293.550, 178
Trd, 000293.633, 186
Trd, 000293.717, 187
Trd, 000294.167, 184
Trd, 000294.200, 194
Trd, 000294.333, 176
Trd, 000295.700, 184
Trd, 000296.667, 184
Trd, 000297.150, 183
Trd, 000297.217, 184
Trd, 000297.317, 185
Trd, 000297.467, 184
Trd, 000298.400, 173
Trd, 000298.883, 173
Trd, 000298.983, 171
Trd, 000299.033, 162
