Trd, 000001.533, 164
Trd, 000002.767, 115
Trd, 000002.817, 134
Trd, 000003.717, 125
Trd, 000004.483, 127
Trd, 000004.733, 141
Trd, 000005.433, 150
Trd, 000005.500, 151
Trd, 000006.367, 145
Trd, 000006.733, 146
Trd, 000007.550, 149
Trd, 000008.000, 152
Trd, 000008.300, 152
Trd, 000008.617, 155
Trd, 000009.367, 152
Trd, 000009.400, 159
Trd, 000010.317, 154
Trd, 000010.683, 152
Trd, 000011.033, 152
Trd, 000011.200, 154
Trd, 000011.900, 150
Trd, 000013.550, 153
Trd, 000013.633, 152
Trd, 000014.317, 151
Trd, 000014.550, 151
Trd, 000014.567, 154
Trd, 000014.817, 150
Trd, 000015.000, 160
Trd, 000015.817, 159
Trd, 000017.000, 157
Trd, 000017.483, 156
Trd, 000017.683, 160
Trd, 000017.700, 153
Trd, 000017.883, 133
Trd, 000019.533, 159
Trd, 000020.067, 148
Trd, 000020.800, 148
Trd, 000020.817, 166
Trd, 000020.850, 147
Trd, 000021.233, 161
Trd, 000021.950, 162
Trd, 000022.300, 164
Trd, 000022.567, 161
Trd, 000022.933, 168
Trd, 000023.683, 161
Trd, 000024.033, 161
Trd, 000024.283, 161
Trd, 000025.217, 160
Trd, 000026.417, 159
Trd, 000026.633, 159
Trd, 000027.917, 160
Trd, 000028.217, 160
Trd, 000029.350, 159
Trd, 000029.700, 156
Trd, 000029.800, 163
Trd, 000030.067, 161
Trd, 000030.950, 159
Trd, 000032.133, 158
Trd, 000033.083, 156
Trd, 000033.117, 154
Trd, 000033.183, 151
Trd, 000033.833, 158
Trd, 000033.967, 160
Trd, 000035.450, 159
Trd, 000036.750, 158
Trd, 000037.200, 158
Trd, 000038.133, 158
Trd, 000039.683, 161
Trd, 000039.967, 161
Trd, 000039.983, 158
Trd, 000040.417, 156
Trd, 000040.433, 161
Trd, 000040.567, 155
Trd, 000040.783, 162
Trd, 000040.800, 150
Trd, 000041.000, 166
Trd, 000042.233, 154
Trd, 000043.033, 153
Trd, 000043.183, 154
Trd, 000044.050, 155
Trd, 000044.167, 145
Trd, 000044.500, 154
Trd, 000046.617, 155
Trd, 000046.900, 150
Trd, 000047.133, 149
Trd, 000047.583, 155
Trd, 000047.850, 155
Trd, 000047.983, 156
Trd, 000048.183, 150
Trd, 000049.550, 156
Trd, 000050.367, 156
Trd, 000050.617, 156
Trd, 000050.717, 156
Trd, 000052.267, 156
Trd, 000053.533, 158
Trd, 000053.967, 158
Trd, 000054.133, 159
Trd, 000055.200, 159
Trd, 000055.367, 163
Trd, 000055.483, 158
Trd, 000055.500, 156
Trd, 000055.767, 154
Trd, 000057.017, 166
Trd, 000057.317, 159
Trd, 000058.200, 164
Trd, 000058.217, 158
Trd, 000059.150, 162
Trd, 000059.383, 156
Trd, 000059.467, 137
Trd, 000059.650, 163
Trd, 000060.350, 164
Trd, 000061.083, 168
Trd, 000061.800, 161
Trd, 000061.833, 160
Trd, 000062.333, 165
Trd, 000062.500, 164
Trd, 000062.617, 164
Trd, 000063.350, 164
Trd, 000065.333, 161
Trd, 000065.350, 162
Trd, 000065.400, 162
Trd, 000066.417, 163
Trd, 000067.333, 163
Trd, 000067.500, 167
Trd, 000067.983, 167
Trd, 000068.133, 165
Trd, 000068.233, 167
Trd, 000070.383, 165
Trd, 000072.167, 164
Trd, 000072.983, 164
Trd, 000073.183, 165
Trd, 000073.367, 163
Trd, 000075.167, 162
Trd, 000075.667, 142
Trd, 000075.900, 162
Trd, 000076.100, 169
Trd, 000076.217, 172
Trd, 000076.317, 159
Trd, 000077.733, 163
Trd, 000078.033, 163
Trd, 000078.550, 162
Trd, 000079.383, 162
Trd, 000080.300, 162
Trd, 000080.883, 162
Trd, 000081.317, 163
Trd, 000081.533, 166
Trd, 000082.300, 165
Trd, 000083.750, 163
Trd, 000084.683, 162
Trd, 000085.300, 160
Trd, 000085.717, 160
Trd, 000087.067, 160
Trd, 000087.883, 161
Trd, 000088.017, 157
Trd, 000088.183, 142
Trd, 000089.000, 160
Trd, 000089.233, 162
Trd, 000090.150, 153
Trd, 000090.817, 161
Trd, 000091.733, 171
Trd, 000092.450, 159
Trd, 000093.367, 161
Trd, 000093.433, 161
Trd, 000093.700, 162
Trd, 000094.550, 162
Trd, 000095.050, 166
Trd, 000095.183, 161
Trd, 000095.233, 167
Trd, 000095.300, 161
Trd, 000095.817, 161
Trd, 000096.083, 160
Trd, 000097.483, 159
Trd, 000098.000, 158
Trd, 000098.017, 168
Trd, 000099.250, 158
Trd, 000099.817, 142
Trd, 000099.950, 161
Trd, 000100.217, 142
Trd, 000100.500, 161
Trd, 000102.850, 162
Trd, 000103.000, 163
Trd, 000103.083, 153
Trd, 000103.900, 159
Trd, 000105.550, 158
Trd, 000105.783, 155
Trd, 000106.133, 156
Trd, 000106.933, 157
Trd, 000107.450, 157
Trd, 000107.900, 156
Trd, 000108.083, 157
Trd, 000108.100, 161
Trd, 000108.183, 156
Trd, 000108.433, 154
Trd, 000108.800, 153
Trd, 000109.117, 168
Trd, 000110.333, 143
Trd, 000110.450, 159
Trd, 000110.517, 143
Trd, 000111.300, 159
Trd, 000111.783, 160
Trd, 000112.017, 149
Trd, 000112.533, 169
Trd, 000113.600, 164
Trd, 000114.117, 162
Trd, 000114.150, 161
Trd, 000114.450, 162
Trd, 000114.900, 161
Trd, 000115.867, 164
Trd, 000116.850, 169
Trd, 000116.883, 162
Trd, 000117.500, 164
Trd, 000118.050, 165
Trd, 000119.483, 165
Trd, 000119.683, 164
Trd, 000120.733, 163
Trd, 000120.917, 163
Trd, 000120.950, 139
Trd, 000121.233, 137
Trd, 000121.300, 138
Trd, 000122.983, 161
Trd, 000123.283, 163
Trd, 000124.283, 161
Trd, 000125.017, 158
Trd, 000125.100, 158
Trd, 000125.433, 163
Trd, 000125.833, 170
Trd, 000126.583, 160
Trd, 000127.800, 163
Trd, 000128.583, 161
Trd, 000128.833, 163
Trd, 000128.933, 159
Trd, 000129.167, 155
Trd, 000129.267, 163
Trd, 000129.900, 164
Trd, 000129.983, 171
Trd, 000131.183, 166
Trd, 000131.217, 164
Trd, 000132.450, 165
Trd, 000133.300, 166
Trd, 000133.350, 175
Trd, 000134.067, 171
Trd, 000134.183, 165
Trd, 000135.283, 178
Trd, 000135.333, 168
Trd, 000136.217, 168
Trd, 000136.717, 167
Trd, 000136.967, 167
Trd, 000137.000, 164
Trd, 000138.050, 165
Trd, 000138.767, 164
Trd, 000139.383, 171
Trd, 000139.717, 171
Trd, 000140.517, 167
Trd, 000140.567, 165
Trd, 000141.617, 166
Trd, 000142.183, 170
Trd, 000142.250, 168
Trd, 000143.500, 170
Trd, 000143.967, 169
Trd, 000144.117, 165
Trd, 000145.700, 166
Trd, 000146.150, 168
Trd, 000146.183, 166
Trd, 000146.500, 165
Trd, 000146.650, 169
Trd, 000146.950, 173
Trd, 000147.717, 157
Trd, 000147.733, 172
Trd, 000147.983, 153
Trd, 000149.967, 167
Trd, 000150.000, 166
Trd, 000150.333, 171
Trd, 000151.083, 166
Trd, 000151.300, 173
Trd, 000152.983, 165
Trd, 000153.000, 166
Trd, 000153.817, 169
Trd, 000153.933, 177
Trd, 000154.833, 171
Trd, 000154.983, 170
Trd, 000155.633, 169
Trd, 000155.767, 168
Trd, 000156.600, 170
Trd, 000157.233, 170
Trd, 000157.267, 174
Trd, 000157.417, 167
Trd, 000158.917, 146
Trd, 000159.550, 150
Trd, 000159.883, 150
Trd, 000161.100, 151
Trd, 000161.233, 163
Trd, 000162.300, 152
Trd, 000162.517, 152
Trd, 000162.867, 177
Trd, 000163.067, 178
Trd, 000164.600, 165
Trd, 000164.883, 166
Trd, 000165.417, 164
Trd, 000166.383, 168
Trd, 000166.450, 166
Trd, 000167.000, 166
Trd, 000167.650, 167
Trd, 000167.767, 170
Trd, 000167.783, 174
Trd, 000167.833, 166
Trd, 000168.267, 149
Trd, 000169.133, 175
Trd, 000169.233, 161
Trd, 000170.050, 168
Trd, 000171.733, 163
Trd, 000172.217, 170
Trd, 000172.283, 162
Trd, 000173.467, 171
Trd, 000173.550, 171
Trd, 000173.650, 171
Trd, 000174.283, 170
Trd, 000174.850, 170
Trd, 000174.867, 175
Trd, 000175.717, 170
Trd, 000175.767, 169
Trd, 000177.733, 168
Trd, 000177.817, 169
Trd, 000177.850, 168
Trd, 000178.283, 157
Trd, 000179.783, 171
Trd, 000180.817, 172
Trd, 000180.933, 173
Trd, 000181.150, 172
Trd, 000181.433, 170
Trd, 000181.533, 164
Trd, 000182.717, 157
Trd, 000182.933, 174
Trd, 000184.283, 170
Trd, 000184.817, 174
Trd, 000185.150, 169
Trd, 000185.333, 168
Trd, 000186.283, 173
Trd, 000186.400, 170
Trd, 000187.233, 168
Trd, 000189.250, 169
Trd, 000189.583, 169
Trd, 000189.717, 170
Trd, 000189.950, 170
Trd, 000190.117, 172
Trd, 000190.200, 176
Trd, 000190.867, 179
Trd, 000191.200, 178
Trd, 000192.000, 177
Trd, 000192.517, 179
Trd, 000192.983, 180
Trd, 000193.333, 181
Trd, 000193.383, 178
Trd, 000193.950, 177
Trd, 000194.150, 178
Trd, 000194.200, 175
Trd, 000195.133, 173
Trd, 000195.167, 170
Trd, 000195.733, 160
Trd, 000196.183, 176
Trd, 000197.200, 165
Trd, 000198.267, 166
Trd, 000198.683, 171
Trd, 000198.783, 165
Trd, 000199.500, 173
Trd, 000200.050, 174
Trd, 000201.933, 153
Trd, 000202.050, 152
Trd, 000202.150, 154
Trd, 000202.283, 175
Trd, 000202.567, 175
Trd, 000202.800, 175
Trd, 000204.133, 176
Trd, 000204.417, 178
Trd, 000205.000, 173
Trd, 000205.017, 181
Trd, 000205.283, 174
Trd, 000205.450, 173
Trd, 000206.683, 173
Trd, 000207.433, 172
Trd, 000207.533, 171
Trd, 000208.983, 172
Trd, 000209.550, 177
Trd, 000209.667, 172
Trd, 000210.617, 177
Trd, 000211.017, 179
Trd, 000211.300, 173
Trd, 000211.950, 178
Trd, 000211.983, 178
Trd, 000212.633, 177
Trd, 000213.767, 178
Trd, 000214.050, 176
Trd, 000214.583, 180
Trd, 000214.733, 179
Trd, 000214.800, 175
Trd, 000215.483, 179
Trd, 000215.700, 178
Trd, 000215.833, 178
Trd, 000219.967, 183
Trd, 000220.083, 181
Trd, 000220.117, 180
Trd, 000220.167, 179
Trd, 000220.300, 177
Trd, 000220.450, 177
Trd, 000221.333, 181
Trd, 000221.883, 180
Trd, 000222.883, 178
Trd, 000223.183, 179
Trd, 000223.533, 178
Trd, 000223.650, 180
Trd, 000223.983, 178
Trd, 000225.800, 175
Trd, 000225.867, 178
Trd, 000226.350, 173
Trd, 000226.567, 179
Trd, 000227.333, 157
Trd, 000227.883, 157
Trd, 000229.333, 166
Trd, 000229.683, 165
Trd, 000229.900, 167
Trd, 000230.083, 165
Trd, 000230.633, 167
Trd, 000230.700, 168
Trd, 000231.750, 160
Trd, 000232.133, 171
Trd, 000234.283, 169
Trd, 000234.367, 170
Trd, 000235.050, 174
Trd, 000235.667, 181
Trd, 000236.183, 170
Trd, 000236.517, 183
Trd, 000236.683, 168
Trd, 000238.067, 174
Trd, 000238.483, 167
Trd, 000238.950, 170
Trd, 000239.317, 175
Trd, 000239.567, 171
Trd, 000239.750, 186
Trd, 000241.467, 173
Trd, 000241.683, 174
Trd, 000241.983, 175
Trd, 000242.033, 172
Trd, 000242.850, 168
Trd, 000243.967, 165
Trd, 000244.083, 158
Trd, 000245.333, 161
Trd, 000245.450, 164
Trd, 000245.533, 160
Trd, 000245.617, 160
Trd, 000246.167, 172
Trd, 000246.350, 172
Trd, 000247.333, 173
Trd, 000247.417, 173
Trd, 000247.833, 175
Trd, 000248.567, 176
Trd, 000248.650, 173
Trd, 000248.883, 176
Trd, 000249.083, 182
Trd, 000249.400, 175
Trd, 000249.500, 183
Trd, 000250.150, 179
Trd, 000250.283, 176
Trd, 000250.867, 180
Trd, 000251.000, 181
Trd, 000251.567, 174
Trd, 000251.833, 174
Trd, 000252.233, 188
Trd, 000253.000, 170
Trd, 000253.300, 174
Trd, 000253.717, 173
Trd, 000253.733, 176
Trd, 000254.217, 169
Trd, 000254.583, 168
Trd, 000254.683, 175
Trd, 000256.033, 168
Trd, 000256.600, 168
Trd, 000256.783, 169
Trd, 000257.183, 168
Trd, 000257.350, 170
Trd, 000257.583, 167
Trd, 000257.783, 183
Trd, 000258.350, 174
Trd, 000258.383, 172
Trd, 000259.383, 173
Trd, 000259.850, 173
Trd, 000260.167, 174
Trd, 000260.550, 175
Trd, 000260.917, 176
Trd, 000261.317, 171
Trd, 000262.300, 177
Trd, 000262.367, 175
Trd, 000262.600, 173
Trd, 000262.717, 174
Trd, 000262.833, 171
Trd, 000263.283, 177
Trd, 000264.283, 174
Trd, 000264.933, 177
Trd, 000265.783, 171
Trd, 000265.850, 172
Trd, 000266.067, 170
Trd, 000267.150, 168
Trd, 000267.567, 169
Trd, 000268.400, 171
Trd, 000268.567, 178
Trd, 000268.783, 168
Trd, 000269.000, 167
Trd, 000270.183, 169
Trd, 000270.433, 170
Trd, 000271.417, 174
Trd, 000271.783, 175
Trd, 000272.050, 171
Trd, 000272.433, 175
Trd, 000272.817, 175
Trd, 000273.567, 176
Trd, 000274.367, 175
Trd, 000274.517, 175
Trd, 000274.917, 178
Trd, 000275.067, 183
Trd, 000275.133, 172
Trd, 000275.483, 174
Trd, 000275.733, 171
Trd, 000276.133, 168
Trd, 000277.100, 174
Trd, 000277.250, 161
Trd, 000277.317, 178
Trd, 000277.800, 162
Trd, 000278.067, 171
Trd, 000278.633, 172
Trd, 000279.083, 172
Trd, 000280.100, 173
Trd, 000280.667, 176
Trd, 000281.433, 175
Trd, 000281.467, 174
Trd, 000281.633, 172
Trd, 000281.933, 176
Trd, 000282.350, 177
Trd, 000282.383, 173
Trd, 000284.133, 175
Trd, 000284.550, 174
Trd, 000284.917, 173
Trd, 000285.050, 172
Trd, 000285.900, 175
Trd, 000286.033, 176
Trd, 000286.233, 177
Trd, 000286.467, 174
Trd, 000286.567, 173
Trd, 000286.600, 186
Trd, 000286.817, 185
Trd, 000287.217, 180
Trd, 000287.367, 175
Trd, 000288.150, 169
Trd, 000289.100, 169
Trd, 000289.933, 161
Trd, 000290.233, 176
Trd, 000290.800, 173
Trd, 000290.967, 176
Trd, 000291.167, 177
Trd, 000291.217, 173
Trd, 000291.683, 174
Trd, 000291.900, 179
Trd, 000292.000, 180
Trd, 000292.883, 176
Trd, 000293.350, 174
Trd, 000293.667, 177
Trd, 000293.867, 160
Trd, 000294.167, 178
Trd, 000294.250, 181
Trd, 000294.850, 186
Trd, 000295.300, 175
Trd, 000295.667, 176
Trd, 000295.683, 180
Trd, 000296.050, 179
Trd, 000296.717, 176
Trd, 000296.767, 178
Trd, 000297.317, 188
Trd, 000297.800, 182
Trd, 000298.300, 175
Trd, 000299.783, 188
Trd, 000299.817, 184
Trd, 000299.950, 183
