Trd, 000001.650, 135
Trd, 000001.667, 141
Trd, 000002.183, 158
Trd, 000004.150, 148
Trd, 000004.183, 135
Trd, 000005.383, 155
Trd, 000006.583, 142
Trd, 000007.950, 148
Trd, 000009.233, 151
Trd, 000009.433, 151
Trd, 000009.517, 149
Trd, 000009.717, 152
Trd, 000010.483, 148
Trd, 000011.217, 148
Trd, 000012.417, 149
Trd, 000012.567, 149
Trd, 000013.167, 144
Trd, 000013.567, 150
Trd, 000013.883, 150
Trd, 000013.933, 144
Trd, 000014.067, 163
Trd, 000015.217, 159
Trd, 000015.883, 171
Trd, 000017.000, 171
Trd, 000017.067, 161
Trd, 000017.317, 160
Trd, 000017.367, 157
Trd, 000018.333, 143
Trd, 000020.167, 143
Trd, 000020.250, 145
Trd, 000020.383, 148
Trd, 000021.267, 149
Trd, 000022.350, 158
Trd, 000022.700, 157
Trd, 000023.083, 164
Trd, 000024.217, 156
Trd, 000024.533, 145
Trd, 000025.117, 143
Trd, 000026.717, 139
Trd, 000027.383, 145
Trd, 000027.700, 153
Trd, 000027.733, 145
Trd, 000028.350, 153
Trd, 000028.900, 147
Trd, 000029.300, 148
Trd, 000029.967, 152
Trd, 000030.617, 150
Trd, 000030.850, 147
Trd, 000030.967, 145
Trd, 000031.917, 136
Trd, 000032.950, 144
Trd, 000033.850, 142
Trd, 000033.867, 144
Trd, 000034.983, 143
Trd, 000035.483, 144
Trd, 000035.600, 148
Trd, 000037.467, 144
Trd, 000037.733, 143
Trd, 000038.950, 144
Trd, 000040.000, 144
Trd, 000040.167, 145
Trd, 000040.633, 144
Trd, 000041.633, 141
Trd, 000041.800, 143
Trd, 000042.450, 152
Trd, 000042.633, 142
Trd, 000044.900, 145
Trd, 000046.450, 150
Trd, 000047.267, 148
Trd, 000047.717, 149
Trd, 000047.933, 150
Trd, 000048.600, 151
Trd, 000049.767, 152
Trd, 000050.233, 154
Trd, 000050.333, 153
Trd, 000050.533, 167
Trd, 000050.833, 151
Trd, 000051.317, 156
Trd, 000051.600, 151
Trd, 000052.333, 154
Trd, 000053.783, 153
Trd, 000053.933, 148
Trd, 000055.600, 152
Trd, 000056.033, 152
Trd, 000056.783, 152
Trd, 000056.883, 153
Trd, 000057.883, 153
Trd, 000058.433, 153
Trd, 000058.967, 155
Trd, 000059.017, 152
Trd, 000059.517, 144
Trd, 000059.917, 146
Trd, 000060.267, 138
Trd, 000060.650, 147
Trd, 000062.283, 139
Trd, 000064.017, 161
Trd, 000064.067, 166
Trd, 000064.217, 154
Trd, 000064.917, 149
Trd, 000065.000, 160
Trd, 000065.800, 149
Trd, 000066.600, 155
Trd, 000066.767, 156
Trd, 000066.867, 158
Trd, 000067.367, 150
Trd, 000068.300, 156
Trd, 000070.433, 157
Trd, 000071.567, 158
Trd, 000072.033, 158
Trd, 000072.867, 162
Trd, 000073.150, 157
Trd, 000073.433, 165
Trd, 000074.183, 166
Trd, 000075.483, 163
Trd, 000075.567, 162
Trd, 000075.900, 162
Trd, 000076.567, 164
Trd, 000077.033, 163
Trd, 000077.450, 164
Trd, 000077.600, 163
Trd, 000078.700, 164
Trd, 000079.717, 169
Trd, 000079.883, 157
Trd, 000080.433, 156
Trd, 000082.817, 163
Trd, 000083.100, 164
Trd, 000083.867, 164
Trd, 000083.933, 162
Trd, 000084.700, 163
Trd, 000084.933, 161
Trd, 000085.133, 166
Trd, 000086.050, 167
Trd, 000087.783, 161
Trd, 000089.083, 167
Trd, 000089.500, 164
Trd, 000090.283, 158
Trd, 000092.800, 162
Trd, 000093.400, 161
Trd, 000093.667, 158
Trd, 000093.967, 162
Trd, 000094.633, 159
Trd, 000094.683, 161
Trd, 000094.867, 166
Trd, 000095.583, 158
Trd, 000096.050, 158
Trd, 000097.433, 156
Trd, 000097.500, 153
Trd, 000098.733, 153
Trd, 000099.533, 143
Trd, 000100.150, 153
Trd, 000101.150, 149
Trd, 000101.233, 151
Trd, 000101.417, 153
Trd, 000101.500, 156
Trd, 000102.267, 158
Trd, 000102.850, 172
Trd, 000103.500, 174
Trd, 000103.817, 156
Trd, 000105.017, 159
Trd, 000105.267, 158
Trd, 000106.100, 152
Trd, 000106.450, 159
Trd, 000108.050, 157
Trd, 000108.067, 159
Trd, 000108.233, 166
Trd, 000109.100, 155
Trd, 000110.283, 157
Trd, 000111.100, 157
Trd, 000111.167, 156
Trd, 000111.283, 158
Trd, 000112.283, 159
Trd, 000112.617, 156
Trd, 000113.467, 155
Trd, 000113.567, 154
Trd, 000114.667, 152
Trd, 000116.317, 152
Trd, 000116.700, 151
Trd, 000116.967, 151
Trd, 000117.033, 153
Trd, 000117.867, 144
Trd, 000118.417, 139
Trd, 000118.533, 146
Trd, 000119.000, 144
Trd, 000120.517, 149
Trd, 000120.850, 149
Trd, 000121.017, 150
Trd, 000121.550, 145
Trd, 000121.983, 145
Trd, 000122.750, 160
Trd, 000123.800, 149
Trd, 000124.683, 151
Trd, 000125.133, 153
Trd, 000125.567, 155
Trd, 000128.917, 158
Trd, 000129.317, 160
Trd, 000129.350, 157
Trd, 000129.433, 161
Trd, 000130.000, 158
Trd, 000130.300, 162
Trd, 000131.767, 170
Trd, 000131.783, 166
Trd, 000131.933, 165
Trd, 000134.233, 169
Trd, 000134.517, 168
Trd, 000134.767, 169
Trd, 000135.367, 169
Trd, 000135.417, 168
Trd, 000136.233, 167
Trd, 000136.383, 170
Trd, 000136.500, 161
Trd, 000137.350, 166
Trd, 000138.517, 144
Trd, 000139.050, 152
Trd, 000140.267, 155
Trd, 000140.417, 156
Trd, 000141.450, 151
Trd, 000142.517, 154
Trd, 000142.733, 152
Trd, 000143.267, 162
Trd, 000144.083, 161
Trd, 000144.300, 176
Trd, 000144.867, 160
Trd, 000146.967, 160
Trd, 000147.017, 162
Trd, 000148.467, 160
Trd, 000148.817, 161
Trd, 000149.067, 162
Trd, 000149.733, 162
Trd, 000149.900, 157
Trd, 000150.900, 163
Trd, 000151.150, 163
Trd, 000151.250, 164
Trd, 000153.167, 161
Trd, 000153.367, 163
Trd, 000153.483, 161
Trd, 000154.783, 160
Trd, 000155.417, 157
Trd, 000155.683, 163
Trd, 000157.867, 162
Trd, 000157.983, 158
Trd, 000158.250, 171
Trd, 000159.150, 170
Trd, 000159.717, 176
Trd, 000159.983, 170
Trd, 000160.467, 169
Trd, 000160.567, 164
Trd, 000162.017, 166
Trd, 000164.400, 156
Trd, 000164.550, 156
Trd, 000164.617, 148
Trd, 000164.733, 157
Trd, 000164.883, 165
Trd, 000166.017, 153
Trd, 000166.650, 150
Trd, 000167.250, 164
Trd, 000168.800, 157
Trd, 000169.050, 157
Trd, 000170.183, 157
Trd, 000170.533, 158
Trd, 000170.767, 158
Trd, 000171.767, 158
Trd, 000171.817, 156
Trd, 000172.017, 165
Trd, 000172.400, 162
Trd, 000174.000, 175
Trd, 000174.450, 174
Trd, 000174.917, 179
Trd, 000175.167, 172
Trd, 000175.333, 165
Trd, 000176.683, 177
Trd, 000177.083, 169
Trd, 000178.100, 171
Trd, 000180.383, 170
Trd, 000180.767, 166
Trd, 000180.883, 161
Trd, 000181.200, 170
Trd, 000181.333, 170
Trd, 000181.367, 160
Trd, 000182.133, 146
Trd, 000183.233, 172
Trd, 000183.600, 172
Trd, 000184.400, 153
Trd, 000185.283, 163
Trd, 000185.383, 170
Trd, 000186.333, 161
Trd, 000187.283, 164
Trd, 000188.383, 159
Trd, 000188.517, 160
Trd, 000189.150, 160
Trd, 000189.267, 158
Trd, 000190.017, 147
Trd, 000190.283, 160
Trd, 000190.883, 167
Trd, 000192.467, 174
Trd, 000192.700, 170
Trd, 000193.400, 170
Trd, 000193.583, 167
Trd, 000194.783, 167
Trd, 000194.800, 163
Trd, 000195.133, 169
Trd, 000196.783, 162
Trd, 000198.200, 169
Trd, 000199.200, 178
Trd, 000199.250, 177
Trd, 000200.017, 181
Trd, 000200.400, 177
Trd, 000200.500, 175
Trd, 000200.633, 182
Trd, 000202.517, 174
Trd, 000203.867, 173
Trd, 000204.217, 169
Trd, 000204.517, 168
Trd, 000204.533, 173
Trd, 000205.300, 167
Trd, 000205.633, 166
Trd, 000207.633, 169
Trd, 000208.650, 167
Trd, 000208.800, 169
Trd, 000208.883, 167
Trd, 000209.150, 169
Trd, 000209.583, 167
Trd, 000211.067, 171
Trd, 000211.117, 172
Trd, 000212.583, 170
Trd, 000212.767, 173
Trd, 000213.167, 172
Trd, 000213.333, 173
Trd, 000213.550, 169
Trd, 000214.383, 176
Trd, 000214.450, 169
Trd, 000217.033, 174
Trd, 000218.033, 174
Trd, 000218.150, 175
Trd, 000218.667, 173
Trd, 000220.400, 172
Trd, 000221.250, 173
Trd, 000221.867, 171
Trd, 000222.583, 174
Trd, 000223.233, 172
Trd, 000223.533, 169
Trd, 000223.750, 166
Trd, 000225.333, 169
Trd, 000225.850, 170
Trd, 000226.017, 172
Trd, 000226.617, 174
Trd, 000227.067, 202
Trd, 000227.750, 172
Trd, 000229.350, 181
Trd, 000231.267, 181
Trd, 000231.467, 179
Trd, 000232.417, 178
Trd, 000232.450, 176
Trd, 000233.700, 175
Trd, 000233.983, 173
Trd, 000234.150, 176
Trd, 000234.667, 177
Trd, 000236.233, 167
Trd, 000236.933, 170
Trd, 000237.150, 171
Trd, 000237.500, 172
Trd, 000238.000, 168
Trd, 000238.067, 167
Trd, 000240.417, 180
Trd, 000240.600, 182
Trd, 000240.850, 184
Trd, 000240.917, 183
Trd, 000241.233, 185
Trd, 000241.533, 182
Trd, 000242.133, 179
Trd, 000242.250, 184
Trd, 000242.767, 184
Trd, 000243.033, 183
Trd, 000243.700, 171
Trd, 000244.367, 179
Trd, 000244.717, 180
Trd, 000244.933, 184
Trd, 000245.400, 180
Trd, 000245.850, 178
Trd, 000246.100, 185
Trd, 000247.700, 194
Trd, 000247.867, 191
Trd, 000248.000, 191
Trd, 000248.600, 193
Trd, 000248.667, 191
Trd, 000249.300, 187
Trd, 000249.383, 180
Trd, 000250.033, 188
Trd, 000250.233, 188
Trd, 000251.067, 185
Trd, 000251.317, 182
Trd, 000251.767, 186
Trd, 000252.833, 182
Trd, 000254.000, 180
Trd, 000254.100, 173
Trd, 000254.567, 172
Trd, 000254.883, 179
Trd, 000255.317, 178
Trd, 000255.633, 175
Trd, 000256.400, 178
Trd, 000256.450, 178
Trd, 000256.833, 181
Trd, 000257.067, 179
Trd, 000257.883, 178
Trd, 000258.400, 177
Trd, 000258.567, 177
Trd, 000258.833, 178
Trd, 000259.400, 180
Trd, 000259.700, 176
Trd, 000259.833, 174
Trd, 000260.433, 177
Trd, 000260.717, 176
Trd, 000261.567, 181
Trd, 000261.850, 169
Trd, 000262.250, 182
Trd, 000262.483, 181
Trd, 000262.800, 184
Trd, 000262.967, 182
Trd, 000264.167, 182
Trd, 000264.633, 182
Trd, 000265.350, 183
Trd, 000265.517, 181
Trd, 000265.950, 181
Trd, 000265.967, 180
Trd, 000267.517, 181
Trd, 000268.450, 182
Trd, 000268.483, 179
Trd, 000269.050, 184
Trd, 000269.350, 184
Trd, 000269.567, 188
Trd, 000269.833, 190
Trd, 000269.933, 185
Trd, 000270.233, 186
Trd, 000270.350, 184
Trd, 000271.067, 184
Trd, 000271.467, 182
Trd, 000271.717, 182
Trd, 000272.533, 182
Trd, 000273.233, 184
Trd, 000273.633, 187
Trd, 000274.883, 190
Trd, 000275.267, 184
Trd, 000275.717, 181
Trd, 000276.450, 183
Trd, 000276.733, 180
Trd, 000276.967, 175
Trd, 000277.400, 183
Trd, 000277.550, 174
Trd, 000277.583, 183
Trd, 000278.133, 185
Trd, 000278.650, 188
Trd, 000279.400, 184
Trd, 000280.100, 178
Trd, 000280.533, 173
Trd, 000280.717, 172
Trd, 000280.983, 183
Trd, 000281.467, 178
Trd, 000281.517, 178
Trd, 000282.750, 176
Trd, 000282.833, 176
Trd, 000283.850, 177
Trd, 000284.650, 176
Trd, 000285.100, 180
Trd, 000285.250, 186
Trd, 000285.400, 175
Trd, 000285.700, 174
Trd, 000286.317, 189
Trd, 000286.383, 173
Trd, 000286.417, 171
Trd, 000287.283, 184
Trd, 000287.433, 190
Trd, 000289.183, 187
Trd, 000289.200, 190
Trd, 000290.083, 187
Trd, 000290.333, 184
Trd, 000290.400, 190
Trd, 000290.517, 180
Trd, 000291.083, 178
Trd, 000291.467, 177
Trd, 000291.833, 166
Trd, 000292.150, 189
Trd, 000292.350, 173
Trd, 000292.533, 185
Trd, 000293.167, 177
Trd, 000293.283, 188
Trd, 000293.683, 176
Trd, 000294.317, 186
Trd, 000295.433, 185
Trd, 000295.700, 177
Trd, 000296.067, 183
Trd, 000296.350, 178
Trd, 000296.717, 186
Trd, 000297.433, 187
Trd, 000297.883, 189
Trd, 000298.183, 181
Trd, 000298.600, 192
Trd, 000299.183, 181
