Trd, 000000.933, 155
Trd, 000001.967, 100
Trd, 000002.367, 136
Trd, 000003.217, 137
Trd, 000003.350, 139
Trd, 000003.717, 136
Trd, 000003.867, 145
Trd, 000004.217, 151
Trd, 000004.883, 146
Trd, 000006.583, 148
Trd, 000006.850, 151
Trd, 000008.067, 145
Trd, 000008.583, 154
Trd, 000010.150, 147
Trd, 000010.917, 149
Trd, 000011.067, 146
Trd, 000012.217, 148
Trd, 000013.083, 148
Trd, 000013.433, 156
Trd, 000013.967, 146
Trd, 000014.617, 148
Trd, 000015.350, 147
Trd, 000015.467, 145
Trd, 000016.067, 146
Trd, 000016.400, 148
Trd, 000017.217, 146
Trd, 000017.350, 149
Trd, 000017.750, 145
Trd, 000018.967, 150
Trd, 000019.083, 146
Trd, 000019.433, 151
Trd, 000020.600, 148
Trd, 000020.900, 145
Trd, 000021.083, 144
Trd, 000022.567, 144
Trd, 000022.750, 147
Trd, 000023.017, 149
Trd, 000023.450, 150
Trd, 000023.633, 144
Trd, 000024.233, 147
Trd, 000025.100, 146
Trd, 000025.667, 149
Trd, 000025.783, 150
Trd, 000027.250, 150
Trd, 000027.650, 147
Trd, 000028.183, 148
Trd, 000028.300, 151
Trd, 000028.317, 148
Trd, 000029.767, 149
Trd, 000030.200, 150
Trd, 000030.267, 153
Trd, 000030.983, 152
Trd, 000031.000, 148
Trd, 000032.383, 151
Trd, 000033.283, 153
Trd, 000034.417, 149
Trd, 000035.017, 150
Trd, 000035.417, 151
Trd, 000035.717, 151
Trd, 000036.467, 149
Trd, 000037.117, 150
Trd, 000037.467, 151
Trd, 000038.017, 152
Trd, 000038.133, 149
Trd, 000038.600, 147
Trd, 000038.900, 152
Trd, 000040.333, 150
Trd, 000040.467, 152
Trd, 000040.667, 159
Trd, 000041.567, 156
Trd, 000042.350, 154
Trd, 000044.350, 151
Trd, 000044.567, 152
Trd, 000044.683, 151
Trd, 000044.967, 151
Trd, 000046.150, 152
Trd, 000046.433, 152
Trd, 000046.817, 151
Trd, 000048.650, 152
Trd, 000048.983, 151
Trd, 000049.233, 153
Trd, 000049.450, 155
Trd, 000050.033, 153
Trd, 000050.600, 153
Trd, 000050.733, 160
Trd, 000051.983, 154
Trd, 000052.067, 155
Trd, 000053.117, 149
Trd, 000053.733, 150
Trd, 000054.717, 150
Trd, 000055.167, 157
Trd, 000056.183, 155
Trd, 000056.250, 154
Trd, 000056.867, 153
Trd, 000057.067, 156
Trd, 000057.583, 148
Trd, 000059.117, 151
Trd, 000060.150, 156
Trd, 000060.383, 156
Trd, 000060.617, 157
Trd, 000062.483, 156
Trd, 000062.767, 157
Trd, 000063.267, 155
Trd, 000063.833, 153
Trd, 000064.667, 155
Trd, 000065.267, 155
Trd, 000065.400, 156
Trd, 000066.333, 155
Trd, 000066.583, 155
Trd, 000067.517, 155
Trd, 000067.533, 153
Trd, 000067.717, 151
Trd, 000069.050, 152
Trd, 000069.467, 156
Trd, 000070.700, 156
Trd, 000070.800, 151
Trd, 000072.200, 155
Trd, 000072.383, 155
Trd, 000072.467, 150
Trd, 000072.933, 154
Trd, 000073.967, 153
Trd, 000075.033, 153
Trd, 000076.217, 152
Trd, 000076.567, 152
Trd, 000078.367, 155
Trd, 000078.733, 152
Trd, 000078.967, 152
Trd, 000080.500, 154
Trd, 000080.583, 155
Trd, 000081.050, 153
Trd, 000081.383, 152
Trd, 000081.483, 154
Trd, 000082.433, 156
Trd, 000083.400, 166
Trd, 000083.600, 161
Trd, 000083.867, 159
Trd, 000083.917, 156
Trd, 000084.083, 160
Trd, 000084.883, 161
Trd, 000086.617, 158
Trd, 000087.633, 158
Trd, 000087.983, 159
Trd, 000088.367, 159
Trd, 000088.483, 163
Trd, 000088.500, 158
Trd, 000089.417, 152
Trd, 000089.517, 161
Trd, 000089.717, 164
Trd, 000091.250, 156
Trd, 000092.150, 143
Trd, 000092.383, 161
Trd, 000093.533, 152
Trd, 000093.683, 154
Trd, 000094.483, 153
Trd, 000095.150, 154
Trd, 000095.533, 158
Trd, 000095.967, 154
Trd, 000096.283, 152
Trd, 000097.350, 157
Trd, 000097.717, 153
Trd, 000100.150, 156
Trd, 000100.267, 158
Trd, 000100.483, 155
Trd, 000101.367, 157
Trd, 000101.817, 156
Trd, 000102.233, 159
Trd, 000102.400, 156
Trd, 000102.867, 159
Trd, 000105.117, 156
Trd, 000105.467, 157
Trd, 000105.767, 156
Trd, 000106.867, 158
Trd, 000107.217, 155
Trd, 000108.200, 156
Trd, 000108.550, 157
Trd, 000108.733, 158
Trd, 000108.967, 166
Trd, 000109.017, 155
Trd, 000110.467, 170
Trd, 000111.200, 169
Trd, 000111.683, 165
Trd, 000111.917, 156
Trd, 000112.183, 172
Trd, 000113.017, 176
Trd, 000113.517, 172
Trd, 000113.550, 169
Trd, 000115.783, 169
Trd, 000116.250, 170
Trd, 000116.300, 171
Trd, 000116.650, 169
Trd, 000116.700, 168
Trd, 000116.733, 170
Trd, 000116.750, 177
Trd, 000117.850, 171
Trd, 000119.050, 170
Trd, 000119.100, 166
Trd, 000119.200, 166
Trd, 000120.067, 165
Trd, 000120.617, 166
Trd, 000121.467, 163
Trd, 000122.833, 165
Trd, 000122.883, 164
Trd, 000122.933, 165
Trd, 000123.217, 167
Trd, 000124.133, 167
Trd, 000124.950, 166
Trd, 000126.050, 165
Trd, 000126.317, 165
Trd, 000126.917, 164
Trd, 000127.450, 167
Trd, 000127.717, 169
Trd, 000128.067, 166
Trd, 000128.650, 169
Trd, 000129.850, 165
Trd, 000130.250, 169
Trd, 000131.067, 166
Trd, 000131.717, 167
Trd, 000131.767, 169
Trd, 000133.017, 166
Trd, 000133.167, 169
Trd, 000133.383, 170
Trd, 000134.333, 165
Trd, 000134.917, 169
Trd, 000135.583, 167
Trd, 000136.500, 166
Trd, 000136.667, 164
Trd, 000137.517, 166
Trd, 000138.983, 167
Trd, 000139.183, 166
Trd, 000139.650, 164
Trd, 000140.817, 167
Trd, 000141.000, 168
Trd, 000141.317, 169
Trd, 000141.733, 170
Trd, 000142.200, 169
Trd, 000142.267, 168
Trd, 000142.883, 170
Trd, 000143.000, 167
Trd, 000143.217, 171
Trd, 000145.133, 167
Trd, 000145.683, 167
Trd, 000147.050, 167
Trd, 000147.650, 168
Trd, 000147.867, 168
Trd, 000148.183, 169
Trd, 000148.233, 171
Trd, 000148.400, 165
Trd, 000150.217, 165
Trd, 000150.550, 167
Trd, 000151.383, 167
Trd, 000151.867, 163
Trd, 000152.117, 163
Trd, 000153.083, 165
Trd, 000153.533, 163
Trd, 000153.650, 161
Trd, 000155.917, 162
Trd, 000156.133, 160
Trd, 000156.817, 161
Trd, 000156.900, 163
Trd, 000157.083, 162
Trd, 000157.400, 163
Trd, 000157.500, 159
Trd, 000157.983, 165
Trd, 000158.467, 161
Trd, 000161.083, 163
Trd, 000161.483, 164
Trd, 000162.050, 164
Trd, 000163.283, 164
Trd, 000163.750, 163
Trd, 000163.867, 163
Trd, 000164.233, 162
Trd, 000164.533, 164
Trd, 000164.583, 157
Trd, 000165.617, 163
Trd, 000165.883, 165
Trd, 000166.317, 171
Trd, 000166.967, 161
Trd, 000167.117, 168
Trd, 000168.150, 169
Trd, 000168.867, 163
Trd, 000169.083, 164
Trd, 000169.217, 163
Trd, 000169.617, 169
Trd, 000170.667, 166
Trd, 000171.067, 170
Trd, 000172.033, 170
Trd, 000172.967, 168
Trd, 000175.033, 167
Trd, 000176.417, 169
Trd, 000176.617, 168
Trd, 000177.050, 166
Trd, 000177.083, 169
Trd, 000178.900, 169
Trd, 000178.917, 171
Trd, 000179.467, 172
Trd, 000180.800, 169
Trd, 000181.667, 168
Trd, 000181.833, 167
Trd, 000181.950, 170
Trd, 000182.167, 167
Trd, 000182.850, 166
Trd, 000183.800, 168
Trd, 000184.317, 166
Trd, 000184.417, 168
Trd, 000185.133, 167
Trd, 000185.717, 165
Trd, 000186.350, 165
Trd, 000187.183, 165
Trd, 000187.800, 168
Trd, 000188.467, 170
Trd, 000189.433, 171
Trd, 000189.567, 164
Trd, 000190.183, 163
Trd, 000191.500, 164
Trd, 000191.950, 167
Trd, 000192.833, 167
Trd, 000193.000, 164
Trd, 000193.900, 164
Trd, 000193.983, 167
Trd, 000194.433, 165
Trd, 000194.850, 166
Trd, 000195.717, 165
Trd, 000196.283, 164
Trd, 000196.667, 163
Trd, 000196.800, 167
Trd, 000198.300, 168
Trd, 000199.417, 168
Trd, 000199.733, 167
Trd, 000200.117, 164
Trd, 000200.967, 166
Trd, 000202.533, 167
Trd, 000203.183, 163
Trd, 000204.283, 164
Trd, 000205.700, 164
Trd, 000205.917, 164
Trd, 000206.017, 166
Trd, 000206.733, 168
Trd, 000207.117, 168
Trd, 000207.333, 169
Trd, 000208.350, 168
Trd, 000209.567, 169
Trd, 000209.600, 167
Trd, 000209.767, 167
Trd, 000210.200, 169
Trd, 000211.183, 168
Trd, 000211.650, 169
Trd, 000211.750, 165
Trd, 000213.867, 163
Trd, 000214.033, 169
Trd, 000214.183, 162
Trd, 000215.850, 171
Trd, 000216.567, 178
Trd, 000217.317, 173
Trd, 000218.433, 172
Trd, 000218.850, 170
Trd, 000219.050, 175
Trd, 000219.517, 169
Trd, 000220.317, 170
Trd, 000221.167, 170
Trd, 000221.383, 165
Trd, 000223.700, 172
Trd, 000224.550, 173
Trd, 000225.100, 174
Trd, 000225.600, 172
Trd, 000226.067, 172
Trd, 000226.150, 171
Trd, 000226.367, 171
Trd, 000226.533, 170
Trd, 000226.883, 170
Trd, 000227.483, 172
Trd, 000228.500, 172
Trd, 000228.617, 171
Trd, 000230.233, 173
Trd, 000231.150, 173
Trd, 000231.617, 174
Trd, 000231.883, 173
Trd, 000232.900, 175
Trd, 000232.933, 171
Trd, 000233.183, 177
Trd, 000233.467, 171
Trd, 000233.783, 170
Trd, 000234.800, 171
Trd, 000236.167, 177
Trd, 000236.617, 178
Trd, 000236.683, 179
Trd, 000237.267, 176
Trd, 000237.533, 173
Trd, 000238.267, 178
Trd, 000238.717, 173
Trd, 000240.367, 176
Trd, 000240.733, 176
Trd, 000240.817, 175
Trd, 000241.283, 177
Trd, 000241.500, 177
Trd, 000241.567, 176
Trd, 000241.700, 174
Trd, 000241.933, 173
Trd, 000243.117, 174
Trd, 000243.517, 174
Trd, 000244.100, 176
Trd, 000244.283, 173
Trd, 000245.417, 175
Trd, 000245.450, 177
Trd, 000246.000, 175
Trd, 000246.700, 177
Trd, 000246.717, 176
Trd, 000246.933, 179
Trd, 000246.967, 179
Trd, 000247.100, 186
Trd, 000248.250, 184
Trd, 000249.550, 179
Trd, 000249.633, 179
Trd, 000249.850, 178
Trd, 000250.700, 178
Trd, 000250.917, 177
Trd, 000251.700, 176
Trd, 000252.167, 177
Trd, 000252.350, 176
Trd, 000253.017, 174
Trd, 000253.233, 171
Trd, 000254.083, 176
Trd, 000254.383, 174
Trd, 000254.717, 173
Trd, 000254.850, 187
Trd, 000255.300, 166
Trd, 000255.883, 169
Trd, 000255.917, 171
Trd, 000256.667, 171
Trd, 000257.133, 180
Trd, 000257.500, 170
Trd, 000258.533, 173
Trd, 000258.883, 172
Trd, 000259.467, 170
Trd, 000259.833, 174
Trd, 000260.500, 172
Trd, 000260.767, 171
Trd, 000260.967, 174
Trd, 000261.633, 173
Trd, 000261.683, 171
Trd, 000263.167, 169
Trd, 000264.217, 174
Trd, 000264.350, 168
Trd, 000264.600, 170
Trd, 000265.383, 169
Trd, 000265.917, 172
Trd, 000266.250, 172
Trd, 000266.517, 171
Trd, 000266.783, 173
Trd, 000267.283, 173
Trd, 000268.283, 176
Trd, 000268.500, 174
Trd, 000268.650, 170
Trd, 000270.250, 172
Trd, 000270.533, 174
Trd, 000270.767, 173
Trd, 000271.083, 173
Trd, 000271.667, 174
Trd, 000271.917, 173
Trd, 000273.017, 175
Trd, 000273.550, 176
Trd, 000273.850, 174
Trd, 000274.017, 171
Trd, 000274.317, 175
Trd, 000274.433, 177
Trd, 000274.900, 177
Trd, 000275.517, 171
Trd, 000275.567, 179
Trd, 000276.183, 179
Trd, 000276.700, 177
Trd, 000277.483, 176
Trd, 000277.583, 177
Trd, 000278.400, 178
Trd, 000279.833, 179
Trd, 000279.983, 177
Trd, 000280.167, 183
Trd, 000280.683, 181
Trd, 000281.050, 179
Trd, 000281.133, 176
Trd, 000281.400, 182
Trd, 000281.533, 175
Trd, 000281.867, 183
Trd, 000283.233, 183
Trd, 000283.250, 174
Trd, 000283.800, 172
Trd, 000284.300, 181
Trd, 000284.650, 178
Trd, 000284.667, 173
Trd, 000285.450, 174
Trd, 000285.850, 178
Trd, 000285.983, 183
Trd, 000286.333, 173
Trd, 000287.050, 178
Trd, 000287.150, 173
Trd, 000287.333, 177
Trd, 000288.200, 174
Trd, 000288.550, 174
Trd, 000289.033, 176
Trd, 000289.117, 173
Trd, 000289.583, 175
Trd, 000290.683, 173
Trd, 000290.850, 177
Trd, 000291.250, 184
Trd, 000291.317, 204
Trd, 000292.917, 189
Trd, 000292.983, 190
Trd, 000293.300, 188
Trd, 000294.100, 188
Trd, 000294.183, 189
Trd, 000294.350, 187
Trd, 000294.967, 191
Trd, 000295.800, 188
Trd, 000295.900, 188
Trd, 000296.917, 186
Trd, 000297.483, 188
Trd, 000297.533, 189
Trd, 000297.550, 185
Trd, 000298.167, 178
Trd, 000298.633, 174
Trd, 000298.917, 176
Trd, 000299.183, 174
Trd, 000299.617, 173
Trd, 000299.683, 174
Trd, 000299.933, 182
