Trd, 000002.267, 137
Trd, 000002.333, 164
Trd, 000002.683, 135
Trd, 000002.817, 157
Trd, 000004.483, 161
Trd, 000004.550, 143
Trd, 000005.533, 145
Trd, 000005.683, 164
Trd, 000006.033, 157
Trd, 000007.633, 152
Trd, 000007.867, 150
Trd, 000008.550, 151
Trd, 000009.733, 154
Trd, 000010.017, 152
Trd, 000010.117, 154
Trd, 000010.467, 156
Trd, 000011.067, 154
Trd, 000011.833, 155
Trd, 000011.933, 153
Trd, 000012.517, 153
Trd, 000013.100, 155
Trd, 000013.383, 159
Trd, 000013.617, 154
Trd, 000015.400, 151
Trd, 000016.050, 159
Trd, 000016.433, 158
Trd, 000017.183, 157
Trd, 000017.200, 158
Trd, 000017.550, 159
Trd, 000018.117, 156
Trd, 000018.250, 158
Trd, 000018.300, 166
Trd, 000018.850, 159
Trd, 000019.583, 145
Trd, 000019.817, 160
Trd, 000019.833, 140
Trd, 000021.133, 161
Trd, 000021.200, 167
Trd, 000022.517, 168
Trd, 000022.733, 167
Trd, 000023.117, 152
Trd, 000023.917, 158
Trd, 000024.000, 156
Trd, 000024.633, 152
Trd, 000025.983, 155
Trd, 000026.767, 156
Trd, 000027.167, 151
Trd, 000029.100, 155
Trd, 000029.733, 156
Trd, 000030.267, 156
Trd, 000030.517, 156
Trd, 000030.800, 157
Trd, 000031.017, 156
Trd, 000032.167, 160
Trd, 000033.100, 157
Trd, 000033.950, 168
Trd, 000034.500, 159
Trd, 000035.050, 160
Trd, 000035.250, 158
Trd, 000035.783, 162
Trd, 000036.783, 158
Trd, 000037.300, 157
Trd, 000038.050, 157
Trd, 000038.533, 158
Trd, 000038.733, 154
Trd, 000038.850, 156
Trd, 000039.583, 153
Trd, 000040.583, 154
Trd, 000040.717, 159
Trd, 000040.917, 159
Trd, 000041.033, 159
Trd, 000041.117, 154
Trd, 000041.983, 162
Trd, 000042.600, 180
Trd, 000042.750, 147
Trd, 000044.600, 169
Trd, 000045.250, 165
Trd, 000045.450, 164
Trd, 000045.717, 150
Trd, 000046.683, 165
Trd, 000046.833, 167
Trd, 000047.567, 159
Trd, 000047.667, 158
Trd, 000047.733, 155
Trd, 000048.367, 150
Trd, 000048.450, 149
Trd, 000049.033, 163
Trd, 000049.300, 150
Trd, 000049.667, 159
Trd, 000049.850, 163
Trd, 000050.650, 148
Trd, 000051.133, 166
Trd, 000051.350, 139
Trd, 000051.800, 145
Trd, 000052.317, 158
Trd, 000052.917, 146
Trd, 000053.300, 157
Trd, 000055.850, 150
Trd, 000056.450, 153
Trd, 000056.833, 157
Trd, 000056.883, 158
Trd, 000059.017, 158
Trd, 000059.117, 155
Trd, 000059.550, 157
Trd, 000059.783, 159
Trd, 000059.983, 156
Trd, 000060.133, 155
Trd, 000060.850, 155
Trd, 000061.000, 155
Trd, 000061.617, 156
Trd, 000062.383, 163
Trd, 000064.017, 161
Trd, 000064.117, 159
Trd, 000064.433, 171
Trd, 000064.717, 181
Trd, 000065.467, 167
Trd, 000065.650, 168
Trd, 000066.067, 168
Trd, 000066.217, 168
Trd, 000067.133, 168
Trd, 000067.533, 167
Trd, 000067.783, 157
Trd, 000068.217, 150
Trd, 000069.667, 145
Trd, 000069.900, 144
Trd, 000072.283, 174
Trd, 000072.583, 173
Trd, 000073.483, 175
Trd, 000073.583, 176
Trd, 000073.800, 174
Trd, 000073.883, 170
Trd, 000073.917, 172
Trd, 000075.167, 167
Trd, 000075.383, 158
Trd, 000075.500, 167
Trd, 000075.867, 165
Trd, 000076.150, 156
Trd, 000076.817, 172
Trd, 000076.950, 173
Trd, 000078.333, 173
Trd, 000078.567, 170
Trd, 000079.600, 153
Trd, 000080.117, 166
Trd, 000080.167, 151
Trd, 000080.533, 153
Trd, 000080.583, 149
Trd, 000081.033, 143
Trd, 000081.517, 164
Trd, 000082.267, 165
Trd, 000082.450, 157
Trd, 000083.150, 163
Trd, 000084.183, 166
Trd, 000085.050, 165
Trd, 000086.017, 175
Trd, 000086.667, 175
Trd, 000086.917, 177
Trd, 000087.617, 177
Trd, 000087.733, 176
Trd, 000087.850, 175
Trd, 000087.900, 178
Trd, 000088.683, 174
Trd, 000088.950, 159
Trd, 000089.083, 178
Trd, 000089.350, 155
Trd, 000089.383, 151
Trd, 000091.117, 162
Trd, 000091.367, 151
Trd, 000091.450, 171
Trd, 000091.633, 145
Trd, 000092.067, 156
Trd, 000092.617, 165
Trd, 000093.250, 172
Trd, 000093.500, 174
Trd, 000094.833, 167
Trd, 000095.983, 172
Trd, 000097.083, 176
Trd, 000097.250, 175
Trd, 000097.783, 176
Trd, 000098.417, 175
Trd, 000099.283, 182
Trd, 000099.967, 184
Trd, 000100.083, 174
Trd, 000100.150, 168
Trd, 000100.300, 184
Trd, 000100.633, 154
Trd, 000101.733, 159
Trd, 000102.333, 159
Trd, 000103.117, 163
Trd, 000103.700, 163
Trd, 000104.367, 166
Trd, 000104.983, 161
Trd, 000105.533, 160
Trd, 000105.733, 159
Trd, 000107.517, 159
Trd, 000108.250, 165
Trd, 000109.717, 164
Trd, 000110.783, 161
Trd, 000110.817, 155
Trd, 000111.200, 162
Trd, 000111.333, 163
Trd, 000111.517, 159
Trd, 000112.283, 165
Trd, 000113.400, 160
Trd, 000113.700, 168
Trd, 000114.617, 166
Trd, 000114.950, 165
Trd, 000115.300, 165
Trd, 000115.483, 167
Trd, 000116.017, 163
Trd, 000116.367, 174
Trd, 000118.500, 161
Trd, 000119.600, 164
Trd, 000119.950, 168
Trd, 000121.383, 166
Trd, 000121.417, 168
Trd, 000121.583, 169
Trd, 000121.650, 177
Trd, 000121.800, 166
Trd, 000122.017, 165
Trd, 000122.283, 162
Trd, 000122.500, 174
Trd, 000123.700, 170
Trd, 000124.767, 167
Trd, 000125.867, 167
Trd, 000126.150, 168
Trd, 000127.067, 168
Trd, 000127.267, 169
Trd, 000127.283, 168
Trd, 000127.517, 169
Trd, 000127.667, 166
Trd, 000127.833, 154
Trd, 000128.700, 164
Trd, 000128.800, 164
Trd, 000129.617, 170
Trd, 000130.000, 171
Trd, 000130.717, 176
Trd, 000130.933, 156
Trd, 000132.267, 160
Trd, 000132.800, 167
Trd, 000132.817, 169
Trd, 000134.400, 163
Trd, 000134.750, 163
Trd, 000135.383, 168
Trd, 000135.600, 158
Trd, 000135.867, 169
Trd, 000137.350, 162
Trd, 000137.483, 172
Trd, 000137.533, 161
Trd, 000137.850, 177
Trd, 000138.683, 151
Trd, 000140.233, 166
Trd, 000141.217, 156
Trd, 000141.733, 169
Trd, 000141.817, 156
Trd, 000141.867, 154
Trd, 000142.417, 168
Trd, 000143.217, 158
Trd, 000144.050, 168
Trd, 000144.467, 163
Trd, 000145.217, 169
Trd, 000146.050, 164
Trd, 000146.917, 165
Trd, 000147.067, 169
Trd, 000147.917, 164
Trd, 000148.067, 178
Trd, 000149.600, 166
Trd, 000150.467, 170
Trd, 000150.850, 170
Trd, 000151.300, 171
Trd, 000151.467, 171
Trd, 000151.633, 172
Trd, 000151.783, 173
Trd, 000151.817, 171
Trd, 000152.367, 168
Trd, 000153.383, 167
Trd, 000153.583, 185
Trd, 000155.117, 170
Trd, 000155.183, 169
Trd, 000155.483, 163
Trd, 000156.000, 165
Trd, 000157.833, 171
Trd, 000158.700, 170
Trd, 000159.667, 169
Trd, 000159.683, 170
Trd, 000159.717, 168
Trd, 000160.367, 169
Trd, 000160.650, 171
Trd, 000160.983, 168
Trd, 000161.017, 167
Trd, 000161.050, 166
Trd, 000161.517, 166
Trd, 000161.567, 158
Trd, 000161.967, 169
Trd, 000163.317, 169
Trd, 000163.400, 181
Trd, 000163.600, 190
Trd, 000164.350, 155
Trd, 000166.900, 167
Trd, 000167.000, 166
Trd, 000167.300, 165
Trd, 000167.650, 165
Trd, 000168.483, 166
Trd, 000169.033, 165
Trd, 000169.183, 163
Trd, 000169.700, 164
Trd, 000169.717, 167
Trd, 000170.667, 164
Trd, 000171.883, 164
Trd, 000172.117, 163
Trd, 000172.350, 165
Trd, 000172.417, 163
Trd, 000172.850, 166
Trd, 000173.967, 166
Trd, 000174.850, 174
Trd, 000175.250, 174
Trd, 000175.417, 165
Trd, 000175.533, 165
Trd, 000176.350, 166
Trd, 000177.167, 170
Trd, 000177.467, 168
Trd, 000177.633, 165
Trd, 000178.300, 170
Trd, 000178.667, 170
Trd, 000179.167, 169
Trd, 000179.217, 161
Trd, 000180.517, 152
Trd, 000180.700, 165
Trd, 000180.717, 170
Trd, 000180.850, 142
Trd, 000181.200, 168
Trd, 000182.717, 158
Trd, 000182.833, 157
Trd, 000184.533, 173
Trd, 000184.700, 159
Trd, 000185.167, 160
Trd, 000185.667, 160
Trd, 000186.017, 168
Trd, 000186.367, 170
Trd, 000186.400, 159
Trd, 000186.550, 152
Trd, 000186.717, 171
Trd, 000186.950, 173
Trd, 000187.500, 164
Trd, 000188.017, 163
Trd, 000188.883, 170
Trd, 000190.783, 172
Trd, 000191.250, 169
Trd, 000192.267, 171
Trd, 000192.950, 173
Trd, 000193.483, 170
Trd, 000194.533, 174
Trd, 000194.583, 174
Trd, 000194.733, 175
Trd, 000195.150, 177
Trd, 000195.200, 183
Trd, 000195.800, 175
Trd, 000195.867, 169
Trd, 000196.233, 165
Trd, 000196.350, 181
Trd, 000197.017, 185
Trd, 000197.700, 179
Trd, 000198.183, 192
Trd, 000198.267, 178
Trd, 000198.850, 193
Trd, 000199.683, 178
Trd, 000200.117, 178
Trd, 000200.667, 177
Trd, 000201.550, 163
Trd, 000203.517, 178
Trd, 000204.533, 181
Trd, 000205.400, 178
Trd, 000205.433, 177
Trd, 000205.467, 161
Trd, 000206.717, 168
Trd, 000207.083, 172
Trd, 000207.817, 172
Trd, 000208.450, 175
Trd, 000209.400, 170
Trd, 000210.767, 175
Trd, 000210.983, 176
Trd, 000211.017, 174
Trd, 000211.050, 176
Trd, 000211.233, 169
Trd, 000211.367, 164
Trd, 000211.450, 176
Trd, 000212.067, 168
Trd, 000214.600, 181
Trd, 000214.617, 176
Trd, 000215.283, 177
Trd, 000215.817, 178
Trd, 000216.133, 180
Trd, 000216.383, 182
Trd, 000216.550, 172
Trd, 000216.750, 195
Trd, 000217.967, 185
Trd, 000218.267, 177
Trd, 000218.483, 176
Trd, 000219.683, 177
Trd, 000220.317, 180
Trd, 000220.450, 165
Trd, 000221.133, 168
Trd, 000221.700, 180
Trd, 000222.217, 167
Trd, 000222.667, 180
Trd, 000223.033, 164
Trd, 000223.817, 177
Trd, 000223.883, 168
Trd, 000224.083, 174
Trd, 000224.633, 167
Trd, 000225.367, 179
Trd, 000225.383, 178
Trd, 000226.517, 187
Trd, 000226.667, 187
Trd, 000227.450, 186
Trd, 000227.883, 184
Trd, 000228.033, 183
Trd, 000228.217, 183
Trd, 000228.250, 173
Trd, 000228.667, 189
Trd, 000229.150, 165
Trd, 000229.167, 192
Trd, 000230.067, 181
Trd, 000232.000, 169
Trd, 000232.983, 170
Trd, 000233.000, 172
Trd, 000233.200, 170
Trd, 000233.383, 170
Trd, 000233.400, 168
Trd, 000234.083, 173
Trd, 000235.650, 170
Trd, 000235.933, 175
Trd, 000236.183, 179
Trd, 000237.300, 173
Trd, 000238.283, 176
Trd, 000238.450, 174
Trd, 000238.950, 174
Trd, 000239.900, 175
Trd, 000240.233, 174
Trd, 000240.250, 176
Trd, 000240.267, 173
Trd, 000240.483, 176
Trd, 000240.900, 175
Trd, 000241.850, 174
Trd, 000242.367, 173
Trd, 000243.067, 171
Trd, 000243.183, 170
Trd, 000243.500, 167
Trd, 000243.750, 161
Trd, 000245.317, 163
Trd, 000245.417, 164
Trd, 000246.200, 168
Trd, 000246.233, 175
Trd, 000246.733, 169
Trd, 000246.817, 168
Trd, 000247.117, 170
Trd, 000247.250, 189
Trd, 000248.617, 170
Trd, 000249.033, 172
Trd, 000249.300, 171
Trd, 000249.733, 173
Trd, 000249.950, 172
Trd, 000250.067, 167
Trd, 000250.317, 171
Trd, 000250.900, 172
Trd, 000251.017, 169
Trd, 000252.133, 170
Trd, 000253.250, 167
Trd, 000253.333, 166
Trd, 000253.367, 162
Trd, 000253.967, 170
Trd, 000254.000, 171
Trd, 000254.017, 176
Trd, 000254.583, 182
Trd, 000254.817, 170
Trd, 000254.933, 167
Trd, 000255.183, 174
Trd, 000255.400, 177
Trd, 000255.517, 180
Trd, 000256.867, 180
Trd, 000257.633, 178
Trd, 000257.933, 177
Trd, 000259.283, 177
Trd, 000259.367, 174
Trd, 000259.467, 167
Trd, 000260.367, 176
Trd, 000261.050, 173
Trd, 000261.783, 176
Trd, 000261.800, 174
Trd, 000261.833, 171
Trd, 000262.050, 181
Trd, 000262.400, 171
Trd, 000262.483, 183
Trd, 000262.667, 169
Trd, 000263.333, 180
Trd, 000263.383, 169
Trd, 000265.467, 176
Trd, 000265.483, 178
Trd, 000266.250, 173
Trd, 000266.383, 172
Trd, 000266.900, 178
Trd, 000267.300, 179
Trd, 000267.433, 176
Trd, 000267.467, 170
Trd, 000267.750, 182
Trd, 000267.850, 169
Trd, 000268.133, 169
Trd, 000268.250, 184
Trd, 000268.517, 180
Trd, 000268.850, 182
Trd, 000269.617, 182
Trd, 000269.783, 176
Trd, 000270.033, 168
Trd, 000270.433, 174
Trd, 000270.983, 164
Trd, 000271.667, 161
Trd, 000271.900, 163
Trd, 000272.367, 164
Trd, 000272.450, 171
Trd, 000272.550, 163
Trd, 000272.833, 160
Trd, 000273.133, 165
Trd, 000273.583, 163
Trd, 000274.600, 161
Trd, 000274.733, 168
Trd, 000275.033, 160
Trd, 000275.567, 163
Trd, 000276.133, 160
Trd, 000276.250, 172
Trd, 000276.667, 166
Trd, 000278.383, 166
Trd, 000278.783, 166
Trd, 000278.883, 165
Trd, 000279.333, 171
Trd, 000280.200, 167
Trd, 000280.950, 167
Trd, 000281.133, 174
Trd, 000281.350, 169
Trd, 000281.617, 169
Trd, 000281.950, 178
Trd, 000283.150, 172
Trd, 000283.300, 178
Trd, 000283.483, 172
Trd, 000283.833, 171
Trd, 000284.883, 175
Trd, 000284.900, 173
Trd, 000285.150, 171
Trd, 000285.317, 171
Trd, 000286.517, 165
Trd, 000286.917, 174
Trd, 000286.950, 165
Trd, 000286.967, 163
Trd, 000287.400, 174
Trd, 000288.200, 168
Trd, 000288.483, 167
Trd, 000289.033, 173
Trd, 000289.233, 168
Trd, 000289.267, 167
Trd, 000290.633, 175
Trd, 000291.583, 179
Trd, 000291.750, 174
Trd, 000292.550, 177
Trd, 000292.867, 175
Trd, 000293.283, 180
Trd, 000293.333, 184
Trd, 000293.367, 174
Trd, 000293.750, 185
Trd, 000293.817, 194
Trd, 000294.417, 184
Trd, 000294.717, 172
Trd, 000294.967, 167
Trd, 000295.283, 177
Trd, 000295.533, 168
Trd, 000295.667, 167
Trd, 000296.200, 180
Trd, 000296.300, 181
Trd, 000296.917, 167
Trd, 000297.767, 169
Trd, 000297.950, 168
Trd, 000298.233, 179
Trd, 000298.917, 166
Trd, 000299.850, 168
