Trd, 000001.050, 105
Trd, 000001.967, 161
Trd, 000002.067, 160
Trd, 000003.633, 159
Trd, 000003.800, 158
Trd, 000004.200, 158
Trd, 000004.483, 159
Trd, 000005.367, 152
Trd, 000005.517, 141
Trd, 000006.033, 155
Trd, 000006.317, 152
Trd, 000006.967, 152
Trd, 000007.083, 153
Trd, 000008.250, 150
Trd, 000008.667, 151
Trd, 000009.067, 159
Trd, 000009.500, 154
Trd, 000010.550, 154
Trd, 000011.250, 152
Trd, 000011.650, 153
Trd, 000012.433, 154
Trd, 000013.150, 155
Trd, 000013.533, 155
Trd, 000013.867, 154
Trd, 000013.950, 156
Trd, 000015.233, 153
Trd, 000015.433, 153
Trd, 000017.467, 142
Trd, 000017.817, 156
Trd, 000017.917, 158
Trd, 000019.000, 155
Trd, 000019.467, 155
Trd, 000019.617, 156
Trd, 000019.900, 157
Trd, 000020.450, 156
Trd, 000021.283, 157
Trd, 000021.517, 157
Trd, 000021.733, 153
Trd, 000022.067, 154
Trd, 000022.433, 151
Trd, 000023.233, 152
Trd, 000023.283, 151
Trd, 000023.717, 149
Trd, 000024.467, 148
Trd, 000024.983, 160
Trd, 000025.267, 153
Trd, 000025.967, 153
Trd, 000026.283, 159
Trd, 000026.883, 153
Trd, 000026.983, 145
Trd, 000029.650, 157
Trd, 000030.350, 156
Trd, 000030.483, 155
Trd, 000031.383, 156
Trd, 000031.533, 154
Trd, 000031.867, 154
Trd, 000031.917, 158
Trd, 000032.667, 158
Trd, 000033.433, 150
Trd, 000033.833, 148
Trd, 000033.867, 147
Trd, 000034.333, 145
Trd, 000036.317, 160
Trd, 000036.567, 156
Trd, 000037.117, 156
Trd, 000037.200, 161
Trd, 000037.800, 160
Trd, 000038.083, 159
Trd, 000038.550, 161
Trd, 000039.400, 161
Trd, 000039.433, 158
Trd, 000040.050, 159
Trd, 000040.217, 159
Trd, 000040.567, 145
Trd, 000041.217, 138
Trd, 000042.317, 155
Trd, 000042.933, 162
Trd, 000043.233, 162
Trd, 000043.617, 164
Trd, 000044.283, 161
Trd, 000044.767, 162
Trd, 000044.933, 161
Trd, 000045.133, 156
Trd, 000045.150, 145
Trd, 000046.967, 150
Trd, 000048.350, 156
Trd, 000048.567, 156
Trd, 000049.383, 154
Trd, 000049.450, 156
Trd, 000049.950, 156
Trd, 000051.200, 155
Trd, 000051.283, 162
Trd, 000052.350, 156
Trd, 000053.017, 161
Trd, 000053.067, 156
Trd, 000053.717, 166
Trd, 000054.283, 157
Trd, 000054.517, 156
Trd, 000055.033, 162
Trd, 000055.950, 159
Trd, 000056.517, 158
Trd, 000056.550, 156
Trd, 000056.567, 160
Trd, 000057.117, 155
Trd, 000057.983, 154
Trd, 000059.567, 157
Trd, 000059.983, 156
Trd, 000060.917, 159
Trd, 000061.367, 159
Trd, 000062.567, 160
Trd, 000062.600, 161
Trd, 000063.417, 163
Trd, 000063.450, 161
Trd, 000063.933, 164
Trd, 000065.133, 161
Trd, 000065.233, 160
Trd, 000066.067, 160
Trd, 000066.133, 159
Trd, 000066.183, 160
Trd, 000066.683, 162
Trd, 000067.567, 157
Trd, 000068.467, 157
Trd, 000069.233, 158
Trd, 000069.950, 159
Trd, 000070.200, 158
Trd, 000070.600, 161
Trd, 000071.283, 158
Trd, 000071.300, 157
Trd, 000071.433, 166
Trd, 000071.450, 148
Trd, 000072.850, 164
Trd, 000073.767, 164
Trd, 000074.583, 154
Trd, 000075.083, 156
Trd, 000075.483, 158
Trd, 000076.050, 162
Trd, 000076.283, 162
Trd, 000076.767, 168
Trd, 000078.100, 164
Trd, 000078.317, 161
Trd, 000078.333, 160
Trd, 000078.500, 160
Trd, 000079.700, 161
Trd, 000080.400, 159
Trd, 000081.017, 159
Trd, 000081.200, 157
Trd, 000081.667, 161
Trd, 000082.683, 156
Trd, 000084.350, 160
Trd, 000084.817, 161
Trd, 000085.100, 159
Trd, 000085.783, 166
Trd, 000087.000, 171
Trd, 000087.333, 164
Trd, 000087.400, 162
Trd, 000087.717, 156
Trd, 000088.950, 160
Trd, 000090.733, 163
Trd, 000091.017, 163
Trd, 000091.467, 163
Trd, 000091.600, 162
Trd, 000092.350, 162
Trd, 000092.483, 164
Trd, 000092.733, 162
Trd, 000092.767, 164
Trd, 000093.350, 160
Trd, 000093.733, 150
Trd, 000095.417, 157
Trd, 000095.633, 158
Trd, 000096.367, 157
Trd, 000097.017, 157
Trd, 000097.450, 157
Trd, 000097.483, 155
Trd, 000097.567, 158
Trd, 000098.817, 161
Trd, 000099.067, 164
Trd, 000099.300, 165
Trd, 000100.817, 168
Trd, 000100.883, 161
Trd, 000101.183, 160
Trd, 000101.700, 170
Trd, 000102.833, 166
Trd, 000103.417, 167
Trd, 000104.200, 166
Trd, 000105.283, 166
Trd, 000105.383, 168
Trd, 000105.617, 163
Trd, 000105.683, 161
Trd, 000108.333, 164
Trd, 000108.483, 164
Trd, 000108.917, 165
Trd, 000109.883, 169
Trd, 000110.150, 163
Trd, 000110.433, 159
Trd, 000110.683, 165
Trd, 000111.783, 163
Trd, 000112.383, 165
Trd, 000112.467, 166
Trd, 000113.417, 165
Trd, 000113.433, 164
Trd, 000114.083, 162
Trd, 000114.733, 162
Trd, 000114.933, 160
Trd, 000115.550, 163
Trd, 000115.633, 165
Trd, 000116.033, 161
Trd, 000116.350, 166
Trd, 000117.067, 162
Trd, 000117.150, 161
Trd, 000119.017, 162
Trd, 000120.750, 164
Trd, 000120.767, 166
Trd, 000120.967, 163
Trd, 000124.133, 165
Trd, 000124.617, 166
Trd, 000124.650, 164
Trd, 000125.100, 164
Trd, 000125.383, 163
Trd, 000126.067, 164
Trd, 000126.167, 164
Trd, 000126.350, 165
Trd, 000126.833, 164
Trd, 000127.700, 164
Trd, 000128.317, 163
Trd, 000128.717, 164
Trd, 000128.983, 163
Trd, 000129.050, 164
Trd, 000129.300, 165
Trd, 000129.933, 164
Trd, 000130.767, 142
Trd, 000132.500, 168
Trd, 000133.617, 161
Trd, 000135.383, 167
Trd, 000136.050, 167
Trd, 000136.917, 168
Trd, 000137.167, 181
Trd, 000137.550, 169
Trd, 000137.633, 165
Trd, 000138.133, 168
Trd, 000139.483, 168
Trd, 000139.500, 168
Trd, 000139.583, 169
Trd, 000140.233, 165
Trd, 000140.250, 160
Trd, 000140.817, 155
Trd, 000141.233, 168
Trd, 000141.417, 167
Trd, 000141.450, 159
Trd, 000141.867, 134
Trd, 000143.600, 169
Trd, 000145.533, 168
Trd, 000145.867, 162
Trd, 000147.717, 166
Trd, 000147.817, 166
Trd, 000148.017, 165
Trd, 000148.433, 166
Trd, 000148.467, 176
Trd, 000148.750, 165
Trd, 000149.400, 162
Trd, 000150.417, 164
Trd, 000150.567, 165
Trd, 000151.183, 164
Trd, 000151.233, 162
Trd, 000151.417, 159
Trd, 000152.350, 157
Trd, 000152.817, 161
Trd, 000153.450, 162
Trd, 000153.733, 163
Trd, 000154.667, 169
Trd, 000155.183, 166
Trd, 000155.683, 175
Trd, 000156.183, 170
Trd, 000156.967, 174
Trd, 000157.183, 174
Trd, 000157.700, 173
Trd, 000158.267, 172
Trd, 000159.117, 173
Trd, 000159.583, 172
Trd, 000159.850, 169
Trd, 000160.350, 171
Trd, 000161.417, 168
Trd, 000162.067, 169
Trd, 000162.167, 167
Trd, 000163.283, 169
Trd, 000163.567, 164
Trd, 000164.250, 163
Trd, 000165.083, 158
Trd, 000166.800, 161
Trd, 000166.950, 160
Trd, 000167.033, 163
Trd, 000167.550, 161
Trd, 000167.633, 162
Trd, 000168.017, 165
Trd, 000168.767, 175
Trd, 000169.467, 167
Trd, 000170.233, 172
Trd, 000170.250, 168
Trd, 000170.633, 168
Trd, 000171.633, 170
Trd, 000172.550, 169
Trd, 000172.850, 170
Trd, 000173.017, 175
Trd, 000173.717, 169
Trd, 000174.167, 168
Trd, 000175.000, 168
Trd, 000176.117, 167
Trd, 000176.250, 166
Trd, 000176.483, 166
Trd, 000177.300, 167
Trd, 000177.483, 166
Trd, 000178.933, 167
Trd, 000179.667, 165
Trd, 000179.850, 162
Trd, 000179.983, 159
Trd, 000180.283, 166
Trd, 000181.233, 163
Trd, 000181.417, 166
Trd, 000181.433, 162
Trd, 000182.483, 172
Trd, 000184.017, 163
Trd, 000184.117, 166
Trd, 000184.600, 164
Trd, 000184.717, 164
Trd, 000184.867, 163
Trd, 000185.217, 163
Trd, 000186.750, 165
Trd, 000187.433, 175
Trd, 000189.183, 166
Trd, 000189.300, 168
Trd, 000189.533, 161
Trd, 000189.583, 169
Trd, 000189.700, 177
Trd, 000189.950, 159
Trd, 000191.417, 176
Trd, 000191.750, 180
Trd, 000192.433, 179
Trd, 000193.100, 178
Trd, 000193.200, 180
Trd, 000193.317, 177
Trd, 000193.483, 181
Trd, 000194.633, 178
Trd, 000195.017, 178
Trd, 000195.200, 178
Trd, 000196.000, 178
Trd, 000196.733, 178
Trd, 000197.333, 173
Trd, 000197.583, 170
Trd, 000198.300, 175
Trd, 000198.467, 176
Trd, 000198.567, 176
Trd, 000198.867, 175
Trd, 000199.733, 167
Trd, 000200.050, 177
Trd, 000201.167, 178
Trd, 000201.217, 171
Trd, 000201.433, 179
Trd, 000202.183, 172
Trd, 000202.733, 172
Trd, 000203.950, 161
Trd, 000204.150, 176
Trd, 000205.800, 176
Trd, 000206.367, 175
Trd, 000207.100, 175
Trd, 000207.633, 174
Trd, 000207.967, 174
Trd, 000208.050, 173
Trd, 000208.817, 171
Trd, 000209.467, 175
Trd, 000209.667, 172
Trd, 000210.250, 176
Trd, 000210.733, 171
Trd, 000211.133, 174
Trd, 000211.883, 175
Trd, 000213.567, 176
Trd, 000213.683, 177
Trd, 000214.717, 175
Trd, 000214.933, 174
Trd, 000215.150, 174
Trd, 000215.550, 172
Trd, 000215.567, 175
Trd, 000215.700, 172
Trd, 000216.983, 174
Trd, 000218.367, 173
Trd, 000218.533, 169
Trd, 000220.567, 177
Trd, 000220.783, 178
Trd, 000221.117, 178
Trd, 000221.950, 177
Trd, 000222.117, 175
Trd, 000222.317, 163
Trd, 000222.667, 165
Trd, 000223.267, 175
Trd, 000224.050, 156
Trd, 000225.533, 162
Trd, 000225.967, 171
Trd, 000226.133, 171
Trd, 000226.767, 165
Trd, 000228.117, 178
Trd, 000228.250, 178
Trd, 000228.417, 177
Trd, 000229.050, 179
Trd, 000230.500, 178
Trd, 000230.783, 178
Trd, 000231.350, 177
Trd, 000231.717, 176
Trd, 000231.950, 178
Trd, 000232.133, 177
Trd, 000232.433, 181
Trd, 000232.700, 185
Trd, 000233.250, 180
Trd, 000233.267, 177
Trd, 000234.483, 175
Trd, 000235.800, 175
Trd, 000236.583, 175
Trd, 000237.567, 174
Trd, 000237.733, 175
Trd, 000238.100, 173
Trd, 000239.283, 186
Trd, 000239.300, 171
Trd, 000239.450, 171
Trd, 000239.700, 163
Trd, 000239.950, 182
Trd, 000240.700, 185
Trd, 000241.000, 184
Trd, 000241.083, 186
Trd, 000241.283, 179
Trd, 000241.650, 179
Trd, 000241.783, 182
Trd, 000241.917, 180
Trd, 000242.000, 179
Trd, 000242.150, 175
Trd, 000242.283, 171
Trd, 000243.900, 176
Trd, 000244.283, 172
Trd, 000244.817, 171
Trd, 000244.867, 176
Trd, 000246.567, 178
Trd, 000246.783, 171
Trd, 000247.033, 177
Trd, 000247.883, 177
Trd, 000248.333, 176
Trd, 000248.600, 178
Trd, 000248.650, 175
Trd, 000249.367, 175
Trd, 000250.233, 180
Trd, 000250.500, 180
Trd, 000250.933, 183
Trd, 000251.550, 182
Trd, 000252.083, 181
Trd, 000252.250, 180
Trd, 000252.383, 178
Trd, 000252.667, 177
Trd, 000252.967, 178
Trd, 000253.150, 178
Trd, 000254.167, 176
Trd, 000254.550, 176
Trd, 000254.833, 177
Trd, 000255.467, 179
Trd, 000255.683, 179
Trd, 000256.183, 176
Trd, 000256.250, 175
Trd, 000256.900, 172
Trd, 000258.283, 174
Trd, 000258.600, 184
Trd, 000259.000, 182
Trd, 000259.383, 182
Trd, 000260.083, 179
Trd, 000260.217, 180
Trd, 000260.883, 179
Trd, 000261.383, 184
Trd, 000261.833, 184
Trd, 000262.100, 182
Trd, 000262.333, 181
Trd, 000262.550, 179
Trd, 000264.000, 183
Trd, 000264.183, 181
Trd, 000265.017, 179
Trd, 000265.083, 183
Trd, 000265.283, 183
Trd, 000265.683, 179
Trd, 000265.883, 182
Trd, 000266.250, 179
Trd, 000266.650, 177
Trd, 000267.267, 177
Trd, 000267.883, 177
Trd, 000268.450, 175
Trd, 000268.600, 180
Trd, 000268.917, 176
Trd, 000269.517, 180
Trd, 000270.000, 176
Trd, 000270.317, 178
Trd, 000270.617, 173
Trd, 000271.100, 181
Trd, 000271.150, 182
Trd, 000271.283, 175
Trd, 000271.867, 181
Trd, 000272.050, 189
Trd, 000273.817, 190
Trd, 000273.900, 188
Trd, 000274.017, 186
Trd, 000275.050, 183
Trd, 000275.667, 190
Trd, 000276.017, 186
Trd, 000276.033, 179
Trd, 000276.300, 190
Trd, 000276.683, 180
Trd, 000277.867, 191
Trd, 000278.483, 191
Trd, 000279.083, 183
Trd, 000279.467, 189
Trd, 000280.050, 194
Trd, 000280.133, 190
Trd, 000280.983, 193
Trd, 000281.133, 187
Trd, 000281.167, 192
Trd, 000281.317, 193
Trd, 000281.617, 188
Trd, 000282.333, 188
Trd, 000282.583, 193
Trd, 000282.917, 192
Trd, 000283.017, 186
Trd, 000283.217, 182
Trd, 000284.250, 179
Trd, 000284.500, 175
Trd, 000284.817, 179
Trd, 000285.183, 180
Trd, 000285.200, 181
Trd, 000285.633, 180
Trd, 000286.000, 176
Trd, 000287.967, 183
Trd, 000288.117, 182
Trd, 000288.367, 190
Trd, 000288.567, 180
Trd, 000288.850, 186
Trd, 000289.483, 185
Trd, 000289.967, 186
Trd, 000290.033, 185
Trd, 000290.567, 184
Trd, 000290.817, 183
Trd, 000290.900, 187
Trd, 000291.050, 191
Trd, 000291.450, 182
Trd, 000291.483, 182
Trd, 000291.633, 191
Trd, 000292.683, 182
Trd, 000292.783, 180
Trd, 000292.933, 176
Trd, 000293.350, 180
Trd, 000293.383, 171
Trd, 000294.400, 174
Trd, 000294.950, 179
Trd, 000295.700, 179
Trd, 000296.083, 174
Trd, 000296.333, 179
Trd, 000296.833, 180
Trd, 000297.100, 182
Trd, 000297.467, 179
Trd, 000298.483, 180
Trd, 000298.683, 179
Trd, 000299.317, 184
