Trd, 000001.117, 127
Trd, 000001.217, 126
Trd, 000001.783, 114
Trd, 000002.817, 124
Trd, 000003.233, 140
Trd, 000003.567, 115
Trd, 000004.617, 155
Trd, 000004.933, 140
Trd, 000006.567, 142
Trd, 000006.650, 148
Trd, 000007.200, 150
Trd, 000008.083, 143
Trd, 000009.767, 142
Trd, 000010.383, 147
Trd, 000011.300, 146
Trd, 000011.367, 146
Trd, 000011.633, 145
Trd, 000012.150, 149
Trd, 000012.350, 150
Trd, 000012.817, 141
Trd, 000014.033, 145
Trd, 000014.583, 146
Trd, 000014.683, 145
Trd, 000014.983, 147
Trd, 000015.100, 150
Trd, 000015.617, 143
Trd, 000015.750, 159
Trd, 000016.850, 143
Trd, 000017.650, 143
Trd, 000018.383, 172
Trd, 000019.633, 160
Trd, 000020.017, 150
Trd, 000020.167, 162
Trd, 000021.067, 151
Trd, 000021.483, 148
Trd, 000021.583, 164
Trd, 000021.950, 151
Trd, 000022.317, 165
Trd, 000022.883, 150
Trd, 000025.433, 150
Trd, 000025.483, 150
Trd, 000025.667, 150
Trd, 000025.900, 153
Trd, 000025.933, 154
Trd, 000026.400, 151
Trd, 000029.250, 150
Trd, 000029.317, 149
Trd, 000029.550, 152
Trd, 000029.833, 153
Trd, 000029.883, 153
Trd, 000030.067, 147
Trd, 000030.133, 154
Trd, 000031.067, 149
Trd, 000032.100, 152
Trd, 000032.750, 149
Trd, 000033.217, 148
Trd, 000033.467, 151
Trd, 000034.133, 147
Trd, 000034.183, 147
Trd, 000034.717, 149
Trd, 000035.333, 153
Trd, 000035.400, 144
Trd, 000035.433, 139
Trd, 000036.133, 160
Trd, 000038.283, 149
Trd, 000038.300, 152
Trd, 000038.800, 151
Trd, 000039.500, 149
Trd, 000040.400, 150
Trd, 000040.633, 148
Trd, 000041.050, 161
Trd, 000043.633, 157
Trd, 000043.650, 159
Trd, 000043.767, 155
Trd, 000043.850, 162
Trd, 000044.467, 153
Trd, 000044.633, 152
Trd, 000045.067, 152
Trd, 000045.933, 154
Trd, 000046.067, 148
Trd, 000046.333, 145
Trd, 000046.917, 149
Trd, 000047.000, 155
Trd, 000048.167, 148
Trd, 000048.417, 155
Trd, 000049.083, 153
Trd, 000049.750, 151
Trd, 000050.150, 151
Trd, 000050.750, 150
Trd, 000051.200, 151
Trd, 000051.250, 152
Trd, 000051.700, 141
Trd, 000052.250, 163
Trd, 000052.350, 146
Trd, 000053.050, 149
Trd, 000053.483, 158
Trd, 000053.833, 163
Trd, 000054.050, 151
Trd, 000055.983, 154
Trd, 000056.233, 158
Trd, 000056.800, 154
Trd, 000057.317, 158
Trd, 000057.500, 159
Trd, 000058.067, 154
Trd, 000058.133, 159
Trd, 000059.033, 156
Trd, 000059.517, 154
Trd, 000060.483, 153
Trd, 000061.117, 159
Trd, 000061.633, 159
Trd, 000061.933, 160
Trd, 000062.283, 153
Trd, 000062.300, 152
Trd, 000062.533, 159
Trd, 000062.683, 160
Trd, 000063.167, 150
Trd, 000063.433, 164
Trd, 000065.217, 148
Trd, 000065.467, 147
Trd, 000067.133, 152
Trd, 000067.150, 151
Trd, 000067.967, 152
Trd, 000068.183, 150
Trd, 000069.667, 148
Trd, 000069.983, 150
Trd, 000070.067, 153
Trd, 000070.600, 157
Trd, 000071.967, 151
Trd, 000072.300, 158
Trd, 000072.350, 159
Trd, 000072.883, 179
Trd, 000072.917, 152
Trd, 000073.250, 143
Trd, 000073.450, 141
Trd, 000073.500, 161
Trd, 000073.850, 164
Trd, 000074.183, 165
Trd, 000075.850, 149
Trd, 000075.867, 146
Trd, 000076.000, 170
Trd, 000076.200, 165
Trd, 000076.517, 159
Trd, 000077.083, 153
Trd, 000078.883, 154
Trd, 000079.967, 165
Trd, 000080.717, 154
Trd, 000080.833, 165
Trd, 000080.917, 153
Trd, 000081.783, 152
Trd, 000083.333, 180
Trd, 000084.650, 153
Trd, 000084.850, 163
Trd, 000085.183, 159
Trd, 000085.650, 152
Trd, 000086.400, 155
Trd, 000087.317, 153
Trd, 000087.517, 154
Trd, 000088.100, 156
Trd, 000088.367, 157
Trd, 000088.600, 152
Trd, 000089.467, 152
Trd, 000089.617, 157
Trd, 000090.067, 159
Trd, 000090.983, 167
Trd, 000091.367, 181
Trd, 000091.733, 166
Trd, 000092.233, 157
Trd, 000093.283, 172
Trd, 000093.750, 181
Trd, 000094.100, 158
Trd, 000094.550, 170
Trd, 000095.267, 178
Trd, 000095.500, 151
Trd, 000095.533, 150
Trd, 000096.300, 177
Trd, 000097.067, 167
Trd, 000097.100, 178
Trd, 000097.317, 146
Trd, 000098.417, 168
Trd, 000099.033, 180
Trd, 000100.133, 168
Trd, 000100.950, 165
Trd, 000101.817, 165
Trd, 000102.517, 166
Trd, 000102.767, 158
Trd, 000103.683, 168
Trd, 000104.567, 161
Trd, 000104.817, 166
Trd, 000105.317, 161
Trd, 000105.850, 160
Trd, 000106.283, 161
Trd, 000106.433, 160
Trd, 000106.483, 162
Trd, 000107.800, 160
Trd, 000107.867, 158
Trd, 000108.733, 162
Trd, 000109.067, 159
Trd, 000110.167, 155
Trd, 000110.450, 161
Trd, 000112.283, 157
Trd, 000112.433, 159
Trd, 000113.367, 159
Trd, 000113.783, 160
Trd, 000114.033, 159
Trd, 000114.183, 156
Trd, 000115.350, 157
Trd, 000115.933, 156
Trd, 000117.233, 155
Trd, 000117.633, 153
Trd, 000118.617, 155
Trd, 000118.650, 156
Trd, 000118.933, 155
Trd, 000119.367, 156
Trd, 000119.750, 155
Trd, 000119.833, 151
Trd, 000119.867, 170
Trd, 000120.950, 187
Trd, 000121.150, 194
Trd, 000121.183, 157
Trd, 000122.867, 173
Trd, 000124.167, 188
Trd, 000124.550, 186
Trd, 000125.083, 173
Trd, 000126.483, 170
Trd, 000126.700, 169
Trd, 000126.883, 173
Trd, 000127.083, 174
Trd, 000127.433, 160
Trd, 000127.600, 174
Trd, 000128.883, 169
Trd, 000129.733, 163
Trd, 000129.867, 160
Trd, 000130.283, 163
Trd, 000130.317, 166
Trd, 000131.417, 165
Trd, 000131.567, 163
Trd, 000131.900, 170
Trd, 000131.967, 162
Trd, 000132.267, 161
Trd, 000134.267, 167
Trd, 000134.983, 166
Trd, 000135.483, 162
Trd, 000135.850, 166
Trd, 000136.483, 164
Trd, 000136.800, 185
Trd, 000137.300, 171
Trd, 000137.367, 157
Trd, 000138.233, 155
Trd, 000139.150, 168
Trd, 000139.183, 160
Trd, 000139.833, 158
Trd, 000140.167, 158
Trd, 000140.217, 157
Trd, 000141.667, 159
Trd, 000141.750, 163
Trd, 000142.283, 159
Trd, 000142.400, 158
Trd, 000143.450, 159
Trd, 000144.250, 158
Trd, 000144.550, 160
Trd, 000144.750, 161
Trd, 000145.367, 161
Trd, 000145.550, 157
Trd, 000145.850, 156
Trd, 000146.000, 186
Trd, 000147.117, 171
Trd, 000147.783, 151
Trd, 000148.467, 151
Trd, 000149.117, 167
Trd, 000149.733, 165
Trd, 000149.883, 163
Trd, 000149.917, 157
Trd, 000150.283, 156
Trd, 000150.367, 164
Trd, 000150.567, 166
Trd, 000151.217, 160
Trd, 000151.417, 190
Trd, 000152.933, 164
Trd, 000153.583, 170
Trd, 000154.233, 159
Trd, 000154.450, 179
Trd, 000155.300, 186
Trd, 000156.333, 160
Trd, 000156.600, 165
Trd, 000157.283, 164
Trd, 000157.300, 163
Trd, 000158.300, 174
Trd, 000158.667, 164
Trd, 000159.033, 179
Trd, 000159.250, 173
Trd, 000160.333, 169
Trd, 000160.733, 171
Trd, 000161.667, 159
Trd, 000162.817, 171
Trd, 000163.267, 175
Trd, 000163.367, 179
Trd, 000164.117, 167
Trd, 000165.000, 167
Trd, 000165.900, 166
Trd, 000166.567, 167
Trd, 000166.800, 171
Trd, 000167.400, 169
Trd, 000167.550, 167
Trd, 000167.617, 167
Trd, 000168.817, 166
Trd, 000169.083, 165
Trd, 000169.467, 157
Trd, 000169.517, 168
Trd, 000169.983, 154
Trd, 000171.517, 150
Trd, 000172.067, 158
Trd, 000172.200, 161
Trd, 000172.550, 160
Trd, 000172.600, 161
Trd, 000172.967, 157
Trd, 000173.017, 175
Trd, 000173.800, 159
Trd, 000174.033, 189
Trd, 000175.483, 166
Trd, 000176.517, 166
Trd, 000177.950, 167
Trd, 000178.183, 167
Trd, 000178.267, 166
Trd, 000178.333, 161
Trd, 000178.400, 168
Trd, 000180.617, 162
Trd, 000180.950, 162
Trd, 000181.017, 167
Trd, 000181.867, 162
Trd, 000182.517, 166
Trd, 000182.783, 165
Trd, 000182.900, 162
Trd, 000183.633, 163
Trd, 000184.233, 163
Trd, 000185.050, 165
Trd, 000185.200, 162
Trd, 000185.433, 159
Trd, 000185.450, 165
Trd, 000186.517, 167
Trd, 000187.917, 167
Trd, 000188.700, 166
Trd, 000188.783, 165
Trd, 000189.650, 164
Trd, 000189.833, 166
Trd, 000190.333, 164
Trd, 000190.583, 163
Trd, 000190.750, 163
Trd, 000191.233, 160
Trd, 000192.933, 191
Trd, 000193.700, 162
Trd, 000194.000, 194
Trd, 000195.067, 177
Trd, 000195.100, 164
Trd, 000195.800, 176
Trd, 000196.117, 177
Trd, 000196.350, 164
Trd, 000196.800, 166
Trd, 000197.833, 173
Trd, 000198.417, 175
Trd, 000198.950, 173
Trd, 000199.017, 167
Trd, 000199.150, 161
Trd, 000199.600, 161
Trd, 000199.817, 156
Trd, 000200.617, 169
Trd, 000200.667, 170
Trd, 000201.033, 169
Trd, 000201.767, 172
Trd, 000202.133, 173
Trd, 000203.200, 176
Trd, 000203.267, 167
Trd, 000203.700, 178
Trd, 000204.850, 156
Trd, 000205.567, 169
Trd, 000205.683, 173
Trd, 000206.617, 169
Trd, 000206.833, 175
Trd, 000207.267, 175
Trd, 000207.567, 168
Trd, 000208.833, 173
Trd, 000208.867, 171
Trd, 000209.017, 168
Trd, 000209.700, 175
Trd, 000210.667, 177
Trd, 000212.050, 170
Trd, 000212.167, 169
Trd, 000212.983, 165
Trd, 000213.267, 166
Trd, 000213.350, 175
Trd, 000214.533, 167
Trd, 000214.650, 167
Trd, 000217.250, 169
Trd, 000217.483, 169
Trd, 000218.767, 169
Trd, 000219.000, 180
Trd, 000219.100, 177
Trd, 000219.783, 177
Trd, 000220.067, 175
Trd, 000220.400, 175
Trd, 000220.617, 173
Trd, 000221.200, 171
Trd, 000221.617, 175
Trd, 000221.917, 172
Trd, 000221.933, 168
Trd, 000222.583, 166
Trd, 000222.717, 167
Trd, 000223.800, 173
Trd, 000224.217, 176
Trd, 000224.867, 166
Trd, 000225.867, 180
Trd, 000226.000, 176
Trd, 000226.467, 167
Trd, 000227.250, 176
Trd, 000227.717, 202
Trd, 000228.683, 174
Trd, 000229.133, 181
Trd, 000229.217, 171
Trd, 000230.600, 177
Trd, 000231.400, 178
Trd, 000232.383, 171
Trd, 000232.567, 173
Trd, 000232.833, 168
Trd, 000233.583, 172
Trd, 000234.383, 168
Trd, 000234.850, 173
Trd, 000236.417, 169
Trd, 000236.533, 159
Trd, 000236.700, 156
Trd, 000236.867, 168
Trd, 000236.950, 165
Trd, 000237.067, 172
Trd, 000238.483, 173
Trd, 000239.200, 168
Trd, 000239.217, 164
Trd, 000239.717, 173
Trd, 000240.300, 178
Trd, 000241.033, 172
Trd, 000241.283, 174
Trd, 000241.517, 174
Trd, 000241.667, 175
Trd, 000241.733, 174
Trd, 000242.200, 175
Trd, 000242.533, 175
Trd, 000242.850, 179
Trd, 000242.967, 178
Trd, 000243.200, 172
Trd, 000243.400, 180
Trd, 000244.100, 172
Trd, 000244.417, 170
Trd, 000245.683, 173
Trd, 000246.250, 175
Trd, 000246.583, 177
Trd, 000246.683, 174
Trd, 000246.833, 178
Trd, 000248.150, 176
Trd, 000248.267, 177
Trd, 000248.400, 175
Trd, 000249.550, 174
Trd, 000249.700, 174
Trd, 000250.683, 173
Trd, 000250.883, 169
Trd, 000250.933, 165
Trd, 000251.050, 175
Trd, 000251.850, 175
Trd, 000251.867, 172
Trd, 000252.850, 181
Trd, 000253.117, 183
Trd, 000253.617, 185
Trd, 000254.167, 184
Trd, 000254.900, 184
Trd, 000254.983, 181
Trd, 000255.167, 185
Trd, 000255.300, 173
Trd, 000255.617, 186
Trd, 000255.833, 166
Trd, 000256.467, 182
Trd, 000257.383, 176
Trd, 000257.583, 164
Trd, 000258.033, 170
Trd, 000258.517, 175
Trd, 000258.650, 173
Trd, 000259.750, 174
Trd, 000259.867, 175
Trd, 000260.700, 172
Trd, 000260.733, 170
Trd, 000261.500, 172
Trd, 000261.950, 173
Trd, 000262.000, 172
Trd, 000262.150, 175
Trd, 000262.933, 177
Trd, 000263.433, 177
Trd, 000263.683, 177
Trd, 000264.217, 174
Trd, 000264.583, 192
Trd, 000264.867, 174
Trd, 000265.150, 194
Trd, 000265.433, 186
Trd, 000265.700, 189
Trd, 000266.150, 179
Trd, 000266.300, 184
Trd, 000266.367, 183
Trd, 000267.067, 179
Trd, 000267.183, 184
Trd, 000267.267, 178
Trd, 000267.367, 167
Trd, 000267.533, 170
Trd, 000267.933, 165
Trd, 000268.400, 173
Trd, 000269.717, 180
Trd, 000269.750, 173
Trd, 000270.283, 175
Trd, 000270.733, 175
Trd, 000271.033, 178
Trd, 000271.667, 178
Trd, 000271.683, 179
Trd, 000271.833, 185
Trd, 000273.050, 175
Trd, 000273.333, 176
Trd, 000273.417, 172
Trd, 000273.867, 170
Trd, 000274.083, 175
Trd, 000274.783, 171
Trd, 000274.950, 168
Trd, 000274.967, 168
Trd, 000276.217, 171
Trd, 000276.600, 169
Trd, 000277.150, 171
Trd, 000278.017, 169
Trd, 000278.183, 169
Trd, 000278.483, 176
Trd, 000278.900, 199
Trd, 000279.017, 190
Trd, 000279.267, 194
Trd, 000279.550, 201
Trd, 000279.583, 197
Trd, 000279.617, 184
Trd, 000280.317, 182
Trd, 000281.033, 181
Trd, 000281.050, 176
Trd, 000281.200, 178
Trd, 000281.400, 186
Trd, 000282.183, 176
Trd, 000282.850, 183
Trd, 000283.017, 164
Trd, 000284.150, 172
Trd, 000284.267, 171
Trd, 000284.483, 175
Trd, 000285.500, 175
Trd, 000286.117, 177
Trd, 000286.517, 169
Trd, 000286.817, 161
Trd, 000286.883, 160
Trd, 000287.150, 171
Trd, 000287.217, 170
Trd, 000287.833, 175
Trd, 000287.867, 176
Trd, 000288.783, 175
Trd, 000289.917, 173
Trd, 000290.117, 177
Trd, 000290.783, 177
Trd, 000290.950, 180
Trd, 000290.967, 176
Trd, 000291.033, 187
Trd, 000291.217, 200
Trd, 000291.467, 173
Trd, 000293.500, 183
Trd, 000293.600, 194
Trd, 000294.033, 190
Trd, 000294.267, 173
Trd, 000294.650, 173
Trd, 000294.733, 172
Trd, 000295.550, 170
Trd, 000296.117, 177
Trd, 000296.250, 178
Trd, 000297.533, 177
Trd, 000297.650, 177
Trd, 000297.717, 178
Trd, 000299.000, 179
Trd, 000299.133, 180
Trd, 000299.250, 178
