Trd, 000001.517, 112
Trd, 000002.383, 160
Trd, 000003.717, 160
Trd, 000003.767, 153
Trd, 000006.417, 170
Trd, 000006.800, 157
Trd, 000006.817, 153
Trd, 000007.017, 161
Trd, 000007.367, 158
Trd, 000007.550, 170
Trd, 000008.517, 160
Trd, 000008.683, 161
Trd, 000009.433, 158
Trd, 000009.800, 163
Trd, 000010.550, 164
Trd, 000010.617, 158
Trd, 000011.017, 158
Trd, 000011.317, 156
Trd, 000011.817, 165
Trd, 000012.733, 165
Trd, 000012.933, 166
Trd, 000013.167, 167
Trd, 000013.833, 166
Trd, 000014.083, 164
Trd, 000015.683, 166
Trd, 000015.817, 162
Trd, 000015.850, 161
Trd, 000016.450, 158
Trd, 000017.050, 158
Trd, 000018.817, 163
Trd, 000019.233, 163
Trd, 000019.883, 162
Trd, 000021.417, 163
Trd, 000021.533, 162
Trd, 000022.100, 163
Trd, 000022.883, 164
Trd, 000022.967, 162
Trd, 000023.033, 159
Trd, 000023.283, 163
Trd, 000023.750, 157
Trd, 000024.067, 153
Trd, 000024.783, 158
Trd, 000025.467, 159
Trd, 000025.717, 161
Trd, 000025.833, 165
Trd, 000027.617, 170
Trd, 000028.150, 164
Trd, 000028.867, 166
Trd, 000029.300, 168
Trd, 000029.800, 166
Trd, 000031.033, 166
Trd, 000031.217, 160
Trd, 000031.467, 158
Trd, 000033.750, 161
Trd, 000033.883, 158
Trd, 000033.967, 161
Trd, 000034.350, 162
Trd, 000035.050, 158
Trd, 000036.367, 162
Trd, 000038.133, 160
Trd, 000038.433, 161
Trd, 000039.200, 162
Trd, 000039.317, 169
Trd, 000039.650, 167
Trd, 000040.000, 164
Trd, 000040.217, 164
Trd, 000040.300, 161
Trd, 000040.467, 169
Trd, 000040.667, 160
Trd, 000041.850, 169
Trd, 000043.217, 169
Trd, 000043.633, 168
Trd, 000043.717, 166
Trd, 000043.983, 172
Trd, 000044.217, 165
Trd, 000046.133, 169
Trd, 000047.033, 165
Trd, 000048.067, 168
Trd, 000048.800, 165
Trd, 000049.017, 169
Trd, 000049.600, 164
Trd, 000050.117, 165
Trd, 000050.550, 160
Trd, 000051.083, 168
Trd, 000051.450, 162
Trd, 000053.883, 164
Trd, 000054.150, 165
Trd, 000054.333, 163
Trd, 000054.967, 162
Trd, 000055.133, 161
Trd, 000055.350, 160
Trd, 000055.650, 165
Trd, 000055.933, 159
Trd, 000056.267, 165
Trd, 000057.383, 160
Trd, 000057.850, 161
Trd, 000058.167, 161
Trd, 000060.150, 164
Trd, 000060.833, 165
Trd, 000060.850, 167
Trd, 000061.583, 162
Trd, 000062.150, 166
Trd, 000062.567, 164
Trd, 000063.167, 165
Trd, 000063.967, 162
Trd, 000065.450, 166
Trd, 000065.733, 165
Trd, 000065.867, 168
Trd, 000066.900, 167
Trd, 000067.100, 166
Trd, 000067.733, 166
Trd, 000068.533, 167
Trd, 000068.817, 165
Trd, 000068.950, 168
Trd, 000070.400, 166
Trd, 000071.233, 168
Trd, 000071.633, 168
Trd, 000072.600, 163
Trd, 000073.167, 163
Trd, 000073.717, 164
Trd, 000073.817, 162
Trd, 000073.883, 162
Trd, 000074.583, 163
Trd, 000075.000, 165
Trd, 000076.550, 163
Trd, 000077.350, 163
Trd, 000077.400, 162
Trd, 000077.683, 161
Trd, 000077.700, 160
Trd, 000078.683, 163
Trd, 000078.900, 161
Trd, 000080.050, 163
Trd, 000080.750, 159
Trd, 000080.850, 162
Trd, 000080.917, 159
Trd, 000081.583, 156
Trd, 000081.650, 162
Trd, 000082.317, 150
Trd, 000082.467, 156
Trd, 000083.733, 157
Trd, 000083.950, 153
Trd, 000086.150, 155
Trd, 000087.150, 155
Trd, 000087.383, 155
Trd, 000087.467, 154
Trd, 000087.517, 170
Trd, 000087.833, 151
Trd, 000088.933, 162
Trd, 000090.217, 165
Trd, 000090.733, 170
Trd, 000090.817, 168
Trd, 000090.883, 167
Trd, 000092.000, 167
Trd, 000092.050, 166
Trd, 000092.817, 165
Trd, 000092.917, 164
Trd, 000093.183, 163
Trd, 000094.383, 166
Trd, 000094.967, 166
Trd, 000095.483, 171
Trd, 000095.933, 167
Trd, 000095.983, 166
Trd, 000096.350, 165
Trd, 000096.600, 164
Trd, 000096.867, 166
Trd, 000097.683, 165
Trd, 000098.433, 164
Trd, 000099.183, 170
Trd, 000099.450, 172
Trd, 000099.567, 151
Trd, 000102.350, 166
Trd, 000102.767, 167
Trd, 000103.267, 169
Trd, 000104.067, 169
Trd, 000104.100, 168
Trd, 000104.617, 167
Trd, 000104.800, 167
Trd, 000105.183, 172
Trd, 000107.100, 168
Trd, 000107.233, 168
Trd, 000107.367, 167
Trd, 000107.867, 171
Trd, 000108.750, 167
Trd, 000108.817, 170
Trd, 000109.050, 173
Trd, 000109.233, 168
Trd, 000109.400, 167
Trd, 000109.733, 166
Trd, 000110.350, 173
Trd, 000111.050, 165
Trd, 000112.717, 173
Trd, 000113.217, 169
Trd, 000113.333, 168
Trd, 000114.300, 168
Trd, 000114.650, 173
Trd, 000114.717, 167
Trd, 000116.533, 167
Trd, 000116.733, 167
Trd, 000117.200, 167
Trd, 000117.700, 167
Trd, 000118.483, 165
Trd, 000118.750, 166
Trd, 000119.300, 177
Trd, 000119.950, 155
Trd, 000120.050, 154
Trd, 000120.417, 158
Trd, 000121.067, 160
Trd, 000121.650, 160
Trd, 000121.767, 160
Trd, 000121.850, 159
Trd, 000122.333, 161
Trd, 000122.783, 159
Trd, 000123.667, 167
Trd, 000124.217, 159
Trd, 000124.783, 159
Trd, 000124.800, 160
Trd, 000125.600, 164
Trd, 000128.133, 178
Trd, 000128.233, 171
Trd, 000128.450, 169
Trd, 000128.717, 177
Trd, 000130.500, 172
Trd, 000131.183, 170
Trd, 000131.250, 171
Trd, 000131.500, 171
Trd, 000131.583, 170
Trd, 000133.150, 168
Trd, 000134.500, 170
Trd, 000134.833, 173
Trd, 000134.983, 175
Trd, 000135.067, 171
Trd, 000135.633, 173
Trd, 000135.750, 172
Trd, 000136.650, 172
Trd, 000136.667, 173
Trd, 000137.467, 172
Trd, 000137.750, 173
Trd, 000137.767, 168
Trd, 000138.083, 165
Trd, 000139.600, 169
Trd, 000140.850, 169
Trd, 000141.167, 171
Trd, 000141.200, 168
Trd, 000141.333, 173
Trd, 000142.733, 169
Trd, 000143.267, 172
Trd, 000144.367, 174
Trd, 000144.517, 176
Trd, 000144.833, 174
Trd, 000144.850, 172
Trd, 000145.250, 173
Trd, 000145.800, 172
Trd, 000147.733, 176
Trd, 000149.017, 174
Trd, 000149.100, 171
Trd, 000150.750, 171
Trd, 000150.800, 170
Trd, 000151.017, 171
Trd, 000152.283, 172
Trd, 000152.350, 171
Trd, 000152.400, 174
Trd, 000153.867, 173
Trd, 000154.733, 173
Trd, 000155.083, 170
Trd, 000155.350, 173
Trd, 000156.417, 173
Trd, 000156.533, 172
Trd, 000157.550, 174
Trd, 000157.967, 171
Trd, 000158.050, 168
Trd, 000158.767, 176
Trd, 000158.883, 168
Trd, 000159.250, 169
Trd, 000159.683, 170
Trd, 000160.217, 169
Trd, 000163.350, 172
Trd, 000163.450, 171
Trd, 000164.433, 174
Trd, 000164.750, 178
Trd, 000165.283, 175
Trd, 000165.300, 171
Trd, 000165.317, 169
Trd, 000165.700, 170
Trd, 000166.100, 176
Trd, 000166.217, 177
Trd, 000166.983, 167
Trd, 000167.033, 179
Trd, 000167.867, 180
Trd, 000168.383, 179
Trd, 000168.400, 172
Trd, 000168.467, 167
Trd, 000169.250, 166
Trd, 000171.150, 172
Trd, 000172.267, 175
Trd, 000172.350, 173
Trd, 000172.600, 172
Trd, 000172.900, 173
Trd, 000173.217, 174
Trd, 000173.817, 175
Trd, 000175.750, 180
Trd, 000175.983, 176
Trd, 000176.317, 177
Trd, 000176.500, 174
Trd, 000177.583, 174
Trd, 000178.833, 176
Trd, 000179.350, 173
Trd, 000179.967, 169
Trd, 000180.650, 177
Trd, 000180.817, 172
Trd, 000180.900, 177
Trd, 000181.800, 174
Trd, 000182.300, 172
Trd, 000182.450, 170
Trd, 000182.883, 160
Trd, 000183.267, 166
Trd, 000183.617, 174
Trd, 000184.967, 173
Trd, 000185.000, 174
Trd, 000185.200, 184
Trd, 000185.867, 176
Trd, 000186.167, 176
Trd, 000186.300, 179
Trd, 000186.400, 169
Trd, 000188.067, 177
Trd, 000188.800, 175
Trd, 000189.650, 174
Trd, 000189.783, 178
Trd, 000189.917, 174
Trd, 000190.183, 174
Trd, 000190.833, 180
Trd, 000190.867, 171
Trd, 000191.467, 181
Trd, 000191.700, 181
Trd, 000192.383, 181
Trd, 000193.233, 176
Trd, 000193.750, 174
Trd, 000194.433, 181
Trd, 000196.250, 179
Trd, 000196.650, 177
Trd, 000196.683, 177
Trd, 000197.267, 177
Trd, 000197.583, 181
Trd, 000197.817, 176
Trd, 000198.000, 180
Trd, 000198.133, 172
Trd, 000198.283, 171
Trd, 000200.867, 168
Trd, 000200.917, 173
Trd, 000201.133, 171
Trd, 000201.283, 163
Trd, 000202.950, 171
Trd, 000203.533, 171
Trd, 000204.183, 172
Trd, 000204.850, 182
Trd, 000204.950, 172
Trd, 000205.683, 181
Trd, 000205.917, 182
Trd, 000207.317, 183
Trd, 000208.433, 179
Trd, 000208.517, 180
Trd, 000209.133, 178
Trd, 000209.733, 179
Trd, 000209.850, 180
Trd, 000209.950, 176
Trd, 000210.050, 176
Trd, 000212.300, 179
Trd, 000213.017, 180
Trd, 000213.050, 176
Trd, 000213.733, 181
Trd, 000213.750, 175
Trd, 000215.183, 176
Trd, 000215.550, 181
Trd, 000215.567, 176
Trd, 000215.883, 183
Trd, 000216.067, 175
Trd, 000216.483, 175
Trd, 000216.567, 181
Trd, 000217.933, 175
Trd, 000218.900, 175
Trd, 000220.900, 179
Trd, 000220.917, 177
Trd, 000221.233, 181
Trd, 000221.417, 173
Trd, 000221.550, 163
Trd, 000221.683, 181
Trd, 000222.350, 181
Trd, 000222.833, 177
Trd, 000223.817, 179
Trd, 000223.967, 175
Trd, 000225.150, 176
Trd, 000225.667, 175
Trd, 000225.917, 177
Trd, 000226.600, 178
Trd, 000226.750, 175
Trd, 000226.917, 184
Trd, 000228.450, 182
Trd, 000228.550, 193
Trd, 000229.500, 184
Trd, 000229.733, 178
Trd, 000230.650, 180
Trd, 000231.300, 181
Trd, 000231.883, 175
Trd, 000232.433, 179
Trd, 000232.467, 185
Trd, 000232.517, 186
Trd, 000232.700, 178
Trd, 000233.033, 176
Trd, 000233.250, 164
Trd, 000236.017, 178
Trd, 000236.717, 179
Trd, 000237.417, 181
Trd, 000237.783, 183
Trd, 000238.050, 186
Trd, 000238.983, 178
Trd, 000239.733, 178
Trd, 000239.950, 185
Trd, 000240.033, 191
Trd, 000240.750, 180
Trd, 000241.167, 181
Trd, 000241.350, 181
Trd, 000241.817, 181
Trd, 000242.750, 182
Trd, 000242.767, 179
Trd, 000243.600, 179
Trd, 000244.383, 182
Trd, 000244.717, 179
Trd, 000245.117, 181
Trd, 000245.667, 179
Trd, 000245.917, 181
Trd, 000245.950, 182
Trd, 000246.333, 180
Trd, 000246.367, 179
Trd, 000246.950, 178
Trd, 000247.500, 173
Trd, 000247.683, 176
Trd, 000249.333, 175
Trd, 000249.467, 173
Trd, 000249.900, 173
Trd, 000250.083, 173
Trd, 000250.350, 174
Trd, 000250.600, 177
Trd, 000250.883, 172
Trd, 000251.067, 180
Trd, 000252.067, 177
Trd, 000252.317, 178
Trd, 000253.000, 180
Trd, 000253.550, 183
Trd, 000254.300, 187
Trd, 000254.667, 184
Trd, 000254.717, 182
Trd, 000254.933, 190
Trd, 000255.300, 183
Trd, 000255.983, 183
Trd, 000256.233, 184
Trd, 000256.300, 182
Trd, 000256.717, 181
Trd, 000256.917, 182
Trd, 000257.317, 182
Trd, 000257.333, 180
Trd, 000257.817, 176
Trd, 000258.633, 174
Trd, 000258.933, 180
Trd, 000259.417, 180
Trd, 000259.817, 175
Trd, 000259.900, 174
Trd, 000260.017, 163
Trd, 000260.067, 162
Trd, 000260.917, 177
Trd, 000261.417, 177
Trd, 000261.783, 178
Trd, 000262.217, 179
Trd, 000262.733, 181
Trd, 000263.117, 179
Trd, 000263.167, 179
Trd, 000263.900, 177
Trd, 000264.783, 178
Trd, 000264.883, 177
Trd, 000265.467, 178
Trd, 000266.117, 182
Trd, 000266.750, 184
Trd, 000267.017, 184
Trd, 000267.333, 182
Trd, 000267.850, 182
Trd, 000268.417, 184
Trd, 000268.500, 182
Trd, 000268.700, 186
Trd, 000269.050, 184
Trd, 000269.117, 180
Trd, 000269.833, 185
Trd, 000270.150, 188
Trd, 000270.633, 186
Trd, 000271.117, 185
Trd, 000271.383, 184
Trd, 000271.683, 188
Trd, 000272.333, 184
Trd, 000272.733, 184
Trd, 000272.850, 183
Trd, 000273.967, 183
Trd, 000274.067, 183
Trd, 000274.650, 182
Trd, 000274.833, 180
Trd, 000275.217, 184
Trd, 000275.517, 184
Trd, 000276.400, 184
Trd, 000277.117, 183
Trd, 000277.250, 184
Trd, 000277.433, 181
Trd, 000277.950, 185
Trd, 000278.167, 182
Trd, 000278.333, 180
Trd, 000278.650, 187
Trd, 000279.367, 181
Trd, 000279.450, 183
Trd, 000279.500, 179
Trd, 000279.517, 176
Trd, 000279.883, 169
Trd, 000280.083, 174
Trd, 000281.583, 180
Trd, 000281.767, 185
Trd, 000282.133, 181
Trd, 000282.700, 183
Trd, 000283.133, 183
Trd, 000283.200, 185
Trd, 000283.267, 179
Trd, 000283.383, 180
Trd, 000283.800, 181
Trd, 000283.867, 183
Trd, 000284.250, 186
Trd, 000284.467, 180
Trd, 000284.500, 179
Trd, 000285.217, 184
Trd, 000285.400, 181
Trd, 000285.800, 180
Trd, 000285.883, 190
Trd, 000286.733, 179
Trd, 000286.900, 187
Trd, 000287.783, 180
Trd, 000289.233, 185
Trd, 000289.350, 187
Trd, 000290.100, 182
Trd, 000290.133, 181
Trd, 000290.200, 180
Trd, 000290.283, 177
Trd, 000290.400, 176
Trd, 000291.167, 170
Trd, 000291.333, 168
Trd, 000291.800, 176
Trd, 000292.367, 172
Trd, 000292.450, 178
Trd, 000292.650, 190
Trd, 000292.817, 185
Trd, 000292.833, 181
Trd, 000294.217, 180
Trd, 000294.267, 180
Trd, 000294.317, 181
Trd, 000294.750, 181
Trd, 000294.883, 180
Trd, 000294.983, 180
Trd, 000295.833, 180
Trd, 000295.933, 191
Trd, 000296.417, 180
Trd, 000296.683, 197
Trd, 000296.817, 195
Trd, 000297.383, 184
Trd, 000297.567, 180
Trd, 000297.917, 189
Trd, 000298.917, 179
Trd, 000299.017, 178
Trd, 000299.250, 188
Trd, 000299.367, 173
Trd, 000299.833, 181
Trd, 000299.950, 183
