Trd, 000000.883, 111
Trd, 000001.967, 110
Trd, 000001.983, 131
Trd, 000002.117, 143
Trd, 000004.133, 160
Trd, 000004.217, 158
Trd, 000005.667, 150
Trd, 000006.267, 144
Trd, 000006.300, 155
Trd, 000007.300, 149
Trd, 000007.583, 154
Trd, 000008.533, 161
Trd, 000010.150, 159
Trd, 000010.350, 158
Trd, 000011.117, 157
Trd, 000011.183, 160
Trd, 000011.217, 156
Trd, 000012.000, 155
Trd, 000012.467, 158
Trd, 000012.500, 163
Trd, 000012.717, 160
Trd, 000013.850, 156
Trd, 000014.233, 155
Trd, 000014.450, 156
Trd, 000015.417, 155
Trd, 000015.933, 158
Trd, 000015.950, 160
Trd, 000017.033, 157
Trd, 000017.483, 156
Trd, 000017.817, 163
Trd, 000019.500, 163
Trd, 000021.450, 160
Trd, 000022.050, 158
Trd, 000022.417, 158
Trd, 000023.150, 161
Trd, 000023.517, 158
Trd, 000023.650, 158
Trd, 000023.750, 161
Trd, 000024.367, 158
Trd, 000025.217, 157
Trd, 000025.583, 158
Trd, 000026.083, 157
Trd, 000026.233, 157
Trd, 000026.417, 157
Trd, 000026.967, 156
Trd, 000027.183, 152
Trd, 000027.533, 154
Trd, 000028.767, 157
Trd, 000029.450, 156
Trd, 000029.617, 157
Trd, 000029.750, 154
Trd, 000030.450, 158
Trd, 000031.067, 161
Trd, 000031.583, 151
Trd, 000031.817, 147
Trd, 000031.850, 134
Trd, 000033.383, 161
Trd, 000033.633, 150
Trd, 000034.100, 146
Trd, 000034.383, 147
Trd, 000034.800, 165
Trd, 000035.567, 158
Trd, 000036.400, 151
Trd, 000036.883, 152
Trd, 000037.167, 160
Trd, 000037.817, 159
Trd, 000038.283, 156
Trd, 000038.450, 155
Trd, 000039.400, 159
Trd, 000039.417, 154
Trd, 000042.100, 158
Trd, 000042.317, 159
Trd, 000042.733, 154
Trd, 000043.017, 152
Trd, 000043.100, 148
Trd, 000043.583, 152
Trd, 000043.867, 158
Trd, 000044.567, 164
Trd, 000045.717, 164
Trd, 000046.267, 154
Trd, 000047.017, 165
Trd, 000047.250, 163
Trd, 000047.933, 153
Trd, 000048.317, 155
Trd, 000048.600, 155
Trd, 000050.050, 161
Trd, 000050.317, 161
Trd, 000050.567, 160
Trd, 000052.167, 159
Trd, 000052.617, 160
Trd, 000052.967, 150
Trd, 000053.117, 150
Trd, 000053.400, 162
Trd, 000054.650, 160
Trd, 000055.600, 160
Trd, 000056.200, 158
Trd, 000056.667, 157
Trd, 000057.117, 158
Trd, 000057.450, 157
Trd, 000057.783, 155
Trd, 000058.183, 157
Trd, 000058.467, 158
Trd, 000059.050, 157
Trd, 000059.267, 157
Trd, 000059.867, 157
Trd, 000060.050, 161
Trd, 000060.533, 156
Trd, 000060.583, 156
Trd, 000061.100, 154
Trd, 000061.250, 159
Trd, 000062.217, 151
Trd, 000062.550, 159
Trd, 000063.600, 159
Trd, 000064.467, 154
Trd, 000064.950, 157
Trd, 000065.200, 152
Trd, 000065.500, 158
Trd, 000066.067, 158
Trd, 000066.083, 155
Trd, 000066.450, 157
Trd, 000066.633, 153
Trd, 000067.083, 153
Trd, 000067.483, 162
Trd, 000068.150, 169
Trd, 000068.683, 165
Trd, 000069.217, 153
Trd, 000069.450, 156
Trd, 000069.950, 165
Trd, 000070.950, 164
Trd, 000072.450, 158
Trd, 000072.517, 156
Trd, 000072.550, 156
Trd, 000072.667, 159
Trd, 000073.617, 156
Trd, 000073.783, 159
Trd, 000073.933, 155
Trd, 000074.400, 159
Trd, 000076.433, 160
Trd, 000076.700, 158
Trd, 000077.483, 163
Trd, 000078.617, 162
Trd, 000078.850, 170
Trd, 000079.717, 165
Trd, 000079.783, 165
Trd, 000080.100, 163
Trd, 000080.250, 163
Trd, 000080.483, 162
Trd, 000081.633, 163
Trd, 000082.167, 162
Trd, 000082.367, 164
Trd, 000082.683, 163
Trd, 000083.150, 162
Trd, 000084.683, 161
Trd, 000084.817, 162
Trd, 000085.117, 160
Trd, 000085.633, 160
Trd, 000086.617, 162
Trd, 000086.817, 156
Trd, 000087.667, 163
Trd, 000088.267, 161
Trd, 000088.583, 162
Trd, 000089.950, 160
Trd, 000090.433, 161
Trd, 000090.517, 159
Trd, 000091.467, 159
Trd, 000091.750, 159
Trd, 000091.867, 160
Trd, 000092.567, 158
Trd, 000093.867, 158
Trd, 000094.517, 157
Trd, 000094.967, 157
Trd, 000095.233, 156
Trd, 000095.717, 157
Trd, 000096.100, 157
Trd, 000096.167, 157
Trd, 000096.367, 157
Trd, 000096.700, 156
Trd, 000097.183, 153
Trd, 000098.367, 141
Trd, 000098.450, 143
Trd, 000098.567, 144
Trd, 000099.367, 145
Trd, 000099.983, 153
Trd, 000101.533, 162
Trd, 000102.000, 165
Trd, 000102.167, 157
Trd, 000102.333, 157
Trd, 000103.083, 157
Trd, 000104.533, 158
Trd, 000104.567, 171
Trd, 000104.933, 158
Trd, 000106.683, 163
Trd, 000106.983, 160
Trd, 000107.967, 159
Trd, 000108.000, 163
Trd, 000108.483, 164
Trd, 000108.883, 163
Trd, 000108.983, 160
Trd, 000109.400, 159
Trd, 000109.567, 173
Trd, 000110.567, 166
Trd, 000112.983, 164
Trd, 000114.150, 164
Trd, 000114.283, 165
Trd, 000114.950, 165
Trd, 000115.200, 164
Trd, 000115.350, 163
Trd, 000115.917, 166
Trd, 000116.717, 164
Trd, 000117.400, 163
Trd, 000117.817, 159
Trd, 000118.500, 161
Trd, 000118.600, 162
Trd, 000118.800, 167
Trd, 000118.850, 167
Trd, 000120.083, 166
Trd, 000120.767, 167
Trd, 000121.350, 164
Trd, 000121.950, 167
Trd, 000122.567, 165
Trd, 000123.650, 165
Trd, 000124.500, 164
Trd, 000124.833, 164
Trd, 000125.733, 165
Trd, 000126.067, 166
Trd, 000126.333, 164
Trd, 000126.683, 166
Trd, 000128.150, 168
Trd, 000128.517, 167
Trd, 000129.417, 164
Trd, 000129.433, 167
Trd, 000129.500, 168
Trd, 000129.533, 164
Trd, 000130.600, 165
Trd, 000131.583, 166
Trd, 000131.850, 161
Trd, 000132.333, 165
Trd, 000132.833, 164
Trd, 000133.283, 165
Trd, 000133.817, 166
Trd, 000134.050, 163
Trd, 000134.917, 165
Trd, 000135.700, 165
Trd, 000135.900, 165
Trd, 000136.217, 168
Trd, 000136.833, 167
Trd, 000137.233, 177
Trd, 000137.483, 164
Trd, 000137.867, 161
Trd, 000137.883, 157
Trd, 000139.050, 175
Trd, 000139.300, 179
Trd, 000140.033, 169
Trd, 000141.033, 169
Trd, 000141.950, 166
Trd, 000142.117, 168
Trd, 000142.767, 169
Trd, 000143.333, 165
Trd, 000143.500, 164
Trd, 000143.767, 169
Trd, 000144.900, 167
Trd, 000145.417, 168
Trd, 000145.533, 165
Trd, 000147.583, 168
Trd, 000148.167, 168
Trd, 000148.667, 168
Trd, 000148.900, 169
Trd, 000148.967, 170
Trd, 000149.150, 177
Trd, 000149.650, 167
Trd, 000150.617, 169
Trd, 000151.133, 174
Trd, 000151.600, 168
Trd, 000153.467, 174
Trd, 000153.783, 168
Trd, 000154.867, 172
Trd, 000155.050, 171
Trd, 000155.200, 170
Trd, 000155.617, 172
Trd, 000156.650, 174
Trd, 000156.667, 173
Trd, 000157.233, 173
Trd, 000157.300, 172
Trd, 000157.633, 173
Trd, 000159.467, 172
Trd, 000159.900, 172
Trd, 000159.983, 176
Trd, 000160.183, 171
Trd, 000160.750, 171
Trd, 000161.067, 178
Trd, 000161.550, 176
Trd, 000163.617, 170
Trd, 000164.017, 169
Trd, 000164.033, 164
Trd, 000164.467, 171
Trd, 000165.433, 164
Trd, 000165.617, 166
Trd, 000166.567, 167
Trd, 000166.683, 166
Trd, 000167.167, 167
Trd, 000167.817, 167
Trd, 000167.833, 165
Trd, 000168.017, 165
Trd, 000168.300, 167
Trd, 000170.150, 165
Trd, 000170.450, 165
Trd, 000170.483, 164
Trd, 000170.900, 165
Trd, 000171.817, 152
Trd, 000172.333, 161
Trd, 000172.800, 170
Trd, 000173.217, 161
Trd, 000174.350, 172
Trd, 000174.767, 170
Trd, 000175.700, 169
Trd, 000176.817, 168
Trd, 000177.433, 167
Trd, 000177.717, 167
Trd, 000178.467, 172
Trd, 000178.950, 166
Trd, 000179.383, 170
Trd, 000179.900, 166
Trd, 000180.233, 172
Trd, 000180.550, 165
Trd, 000180.667, 162
Trd, 000181.567, 165
Trd, 000181.850, 171
Trd, 000182.017, 173
Trd, 000182.300, 164
Trd, 000183.283, 180
Trd, 000184.217, 181
Trd, 000184.300, 183
Trd, 000184.550, 181
Trd, 000185.683, 181
Trd, 000186.400, 180
Trd, 000187.483, 182
Trd, 000187.650, 181
Trd, 000188.133, 181
Trd, 000188.367, 182
Trd, 000188.617, 179
Trd, 000189.317, 182
Trd, 000189.950, 179
Trd, 000190.450, 174
Trd, 000191.000, 179
Trd, 000191.100, 178
Trd, 000191.733, 179
Trd, 000192.000, 179
Trd, 000193.033, 178
Trd, 000193.583, 178
Trd, 000194.650, 171
Trd, 000194.800, 178
Trd, 000194.883, 174
Trd, 000196.333, 178
Trd, 000197.117, 175
Trd, 000197.767, 178
Trd, 000198.250, 178
Trd, 000199.083, 175
Trd, 000199.250, 184
Trd, 000199.883, 175
Trd, 000200.250, 176
Trd, 000201.100, 181
Trd, 000201.483, 176
Trd, 000202.167, 176
Trd, 000202.250, 175
Trd, 000203.067, 173
Trd, 000203.833, 175
Trd, 000204.233, 179
Trd, 000205.100, 177
Trd, 000205.517, 174
Trd, 000206.000, 174
Trd, 000207.000, 177
Trd, 000208.200, 176
Trd, 000208.500, 175
Trd, 000209.667, 178
Trd, 000209.983, 175
Trd, 000210.100, 183
Trd, 000210.567, 175
Trd, 000210.667, 176
Trd, 000210.750, 174
Trd, 000212.083, 178
Trd, 000212.217, 173
Trd, 000212.900, 177
Trd, 000213.400, 177
Trd, 000213.683, 176
Trd, 000213.967, 176
Trd, 000214.050, 178
Trd, 000215.550, 176
Trd, 000215.667, 173
Trd, 000216.450, 178
Trd, 000217.267, 178
Trd, 000217.383, 187
Trd, 000217.483, 172
Trd, 000218.550, 173
Trd, 000219.017, 172
Trd, 000219.167, 170
Trd, 000219.883, 172
Trd, 000220.917, 176
Trd, 000220.983, 173
Trd, 000221.033, 175
Trd, 000221.400, 177
Trd, 000221.700, 170
Trd, 000222.167, 171
Trd, 000223.283, 173
Trd, 000224.250, 174
Trd, 000224.883, 173
Trd, 000225.533, 173
Trd, 000225.567, 171
Trd, 000226.417, 177
Trd, 000226.483, 178
Trd, 000228.517, 178
Trd, 000229.683, 177
Trd, 000229.883, 174
Trd, 000229.950, 173
Trd, 000230.267, 175
Trd, 000231.017, 175
Trd, 000231.550, 174
Trd, 000232.100, 175
Trd, 000232.300, 178
Trd, 000233.367, 173
Trd, 000233.533, 188
Trd, 000235.017, 192
Trd, 000235.500, 185
Trd, 000236.067, 181
Trd, 000237.767, 181
Trd, 000237.933, 180
Trd, 000238.817, 182
Trd, 000238.950, 182
Trd, 000240.033, 182
Trd, 000240.250, 182
Trd, 000240.367, 180
Trd, 000240.700, 179
Trd, 000240.750, 178
Trd, 000240.850, 182
Trd, 000241.317, 179
Trd, 000241.633, 182
Trd, 000242.100, 181
Trd, 000242.783, 178
Trd, 000242.917, 175
Trd, 000243.467, 180
Trd, 000244.483, 176
Trd, 000245.450, 177
Trd, 000245.567, 177
Trd, 000245.850, 178
Trd, 000245.867, 179
Trd, 000246.250, 176
Trd, 000246.433, 172
Trd, 000246.467, 178
Trd, 000246.550, 168
Trd, 000246.933, 166
Trd, 000247.950, 169
Trd, 000248.350, 170
Trd, 000248.550, 169
Trd, 000249.200, 172
Trd, 000249.567, 169
Trd, 000249.767, 169
Trd, 000249.983, 170
Trd, 000250.417, 169
Trd, 000250.883, 170
Trd, 000251.233, 169
Trd, 000251.417, 169
Trd, 000252.167, 171
Trd, 000253.050, 170
Trd, 000253.167, 176
Trd, 000253.350, 169
Trd, 000253.667, 166
Trd, 000253.850, 172
Trd, 000253.933, 172
Trd, 000254.400, 171
Trd, 000254.433, 172
Trd, 000254.800, 180
Trd, 000255.400, 172
Trd, 000256.617, 172
Trd, 000257.317, 183
Trd, 000259.017, 178
Trd, 000259.033, 175
Trd, 000259.133, 179
Trd, 000259.450, 179
Trd, 000259.583, 182
Trd, 000260.233, 180
Trd, 000260.500, 178
Trd, 000261.067, 178
Trd, 000261.333, 179
Trd, 000261.567, 178
Trd, 000261.617, 179
Trd, 000262.417, 177
Trd, 000262.500, 179
Trd, 000262.850, 181
Trd, 000263.533, 177
Trd, 000263.650, 176
Trd, 000263.700, 187
Trd, 000264.717, 172
Trd, 000265.200, 177
Trd, 000265.783, 170
Trd, 000266.283, 171
Trd, 000266.950, 172
Trd, 000267.483, 180
Trd, 000267.750, 182
Trd, 000268.033, 177
Trd, 000268.433, 180
Trd, 000268.683, 178
Trd, 000269.283, 176
Trd, 000269.483, 175
Trd, 000269.767, 181
Trd, 000270.583, 175
Trd, 000270.783, 180
Trd, 000270.933, 182
Trd, 000271.367, 177
Trd, 000271.433, 189
Trd, 000272.267, 179
Trd, 000273.033, 178
Trd, 000273.150, 180
Trd, 000273.183, 181
Trd, 000273.383, 178
Trd, 000273.833, 181
Trd, 000274.150, 182
Trd, 000274.367, 176
Trd, 000274.900, 172
Trd, 000274.967, 175
Trd, 000275.367, 171
Trd, 000276.517, 174
Trd, 000276.967, 173
Trd, 000276.983, 168
Trd, 000277.333, 172
Trd, 000277.483, 177
Trd, 000277.767, 174
Trd, 000278.833, 171
Trd, 000279.400, 175
Trd, 000279.467, 175
Trd, 000279.617, 176
Trd, 000280.533, 182
Trd, 000280.833, 180
Trd, 000280.967, 181
Trd, 000281.117, 175
Trd, 000281.500, 183
Trd, 000281.750, 174
Trd, 000282.317, 190
Trd, 000282.583, 176
Trd, 000282.667, 175
Trd, 000283.167, 172
Trd, 000283.200, 183
Trd, 000284.483, 169
Trd, 000284.817, 173
Trd, 000285.183, 183
Trd, 000285.633, 177
Trd, 000286.467, 177
Trd, 000286.800, 175
Trd, 000287.717, 178
Trd, 000288.050, 176
Trd, 000288.300, 175
Trd, 000288.400, 175
Trd, 000289.267, 175
Trd, 000289.450, 173
Trd, 000289.733, 178
Trd, 000289.750, 179
Trd, 000289.983, 180
Trd, 000290.317, 190
Trd, 000290.383, 184
Trd, 000291.783, 182
Trd, 000292.217, 180
Trd, 000292.450, 183
Trd, 000292.583, 179
Trd, 000292.733, 178
Trd, 000292.783, 184
Trd, 000293.150, 177
Trd, 000293.517, 179
Trd, 000293.783, 190
Trd, 000293.983, 171
Trd, 000294.383, 171
Trd, 000295.183, 173
Trd, 000295.350, 178
Trd, 000295.417, 179
Trd, 000296.200, 171
Trd, 000296.733, 173
Trd, 000296.983, 176
Trd, 000297.200, 177
Trd, 000297.550, 176
Trd, 000297.567, 174
Trd, 000297.583, 184
Trd, 000297.650, 173
Trd, 000298.150, 191
Trd, 000298.333, 175
Trd, 000298.733, 186
Trd, 000299.217, 178
