Trd, 000001.817, 189
Trd, 000002.833, 186
Trd, 000003.300, 196
Trd, 000004.800, 172
Trd, 000006.067, 162
Trd, 000006.717, 154
Trd, 000007.333, 156
Trd, 000007.717, 161
Trd, 000008.200, 162
Trd, 000009.850, 159
Trd, 000010.150, 160
Trd, 000010.467, 159
Trd, 000010.517, 158
Trd, 000010.933, 158
Trd, 000011.367, 157
Trd, 000012.633, 157
Trd, 000013.167, 157
Trd, 000013.933, 160
Trd, 000014.483, 163
Trd, 000014.833, 160
Trd, 000015.250, 163
Trd, 000016.783, 163
Trd, 000017.683, 162
Trd, 000019.167, 157
Trd, 000019.300, 157
Trd, 000019.683, 156
Trd, 000019.733, 161
Trd, 000020.033, 162
Trd, 000022.067, 159
Trd, 000022.133, 160
Trd, 000022.383, 161
Trd, 000023.167, 162
Trd, 000023.200, 164
Trd, 000023.700, 163
Trd, 000024.300, 156
Trd, 000024.717, 159
Trd, 000025.233, 154
Trd, 000026.100, 158
Trd, 000027.300, 159
Trd, 000027.550, 159
Trd, 000027.667, 160
Trd, 000028.233, 165
Trd, 000029.167, 169
Trd, 000029.800, 160
Trd, 000030.900, 163
Trd, 000031.133, 164
Trd, 000031.450, 165
Trd, 000032.483, 163
Trd, 000032.867, 161
Trd, 000033.300, 154
Trd, 000033.500, 153
Trd, 000033.917, 162
Trd, 000035.167, 162
Trd, 000036.000, 158
Trd, 000036.617, 161
Trd, 000036.767, 164
Trd, 000037.400, 164
Trd, 000038.467, 163
Trd, 000038.817, 162
Trd, 000039.867, 162
Trd, 000041.233, 159
Trd, 000041.500, 161
Trd, 000043.183, 161
Trd, 000044.100, 162
Trd, 000044.233, 160
Trd, 000044.600, 161
Trd, 000044.650, 160
Trd, 000044.950, 174
Trd, 000045.917, 162
Trd, 000046.050, 167
Trd, 000046.633, 162
Trd, 000046.850, 164
Trd, 000047.783, 162
Trd, 000048.000, 163
Trd, 000048.317, 163
Trd, 000048.767, 163
Trd, 000049.767, 163
Trd, 000049.950, 162
Trd, 000050.883, 165
Trd, 000051.183, 165
Trd, 000051.833, 159
Trd, 000052.800, 152
Trd, 000055.133, 163
Trd, 000055.167, 160
Trd, 000055.400, 162
Trd, 000055.800, 162
Trd, 000056.150, 160
Trd, 000056.333, 165
Trd, 000057.000, 167
Trd, 000057.550, 162
Trd, 000057.883, 162
Trd, 000058.200, 164
Trd, 000058.450, 163
Trd, 000058.467, 164
Trd, 000058.850, 168
Trd, 000059.583, 161
Trd, 000060.950, 163
Trd, 000061.283, 165
Trd, 000061.483, 161
Trd, 000061.733, 157
Trd, 000061.850, 162
Trd, 000062.217, 163
Trd, 000062.250, 162
Trd, 000063.867, 160
Trd, 000064.633, 160
Trd, 000064.700, 159
Trd, 000065.083, 161
Trd, 000065.567, 165
Trd, 000066.950, 162
Trd, 000068.800, 161
Trd, 000069.033, 162
Trd, 000069.267, 162
Trd, 000069.917, 160
Trd, 000070.133, 162
Trd, 000070.350, 158
Trd, 000070.683, 161
Trd, 000071.950, 162
Trd, 000071.983, 162
Trd, 000073.833, 168
Trd, 000073.917, 161
Trd, 000074.300, 160
Trd, 000074.783, 163
Trd, 000074.817, 164
Trd, 000075.733, 161
Trd, 000076.033, 161
Trd, 000077.517, 161
Trd, 000077.933, 158
Trd, 000078.450, 160
Trd, 000079.133, 159
Trd, 000079.150, 162
Trd, 000079.400, 163
Trd, 000079.800, 159
Trd, 000080.233, 159
Trd, 000080.583, 161
Trd, 000080.917, 149
Trd, 000081.750, 145
Trd, 000082.300, 170
Trd, 000082.783, 151
Trd, 000083.233, 171
Trd, 000083.600, 179
Trd, 000084.583, 159
Trd, 000085.400, 176
Trd, 000085.883, 160
Trd, 000086.500, 172
Trd, 000087.167, 162
Trd, 000087.267, 164
Trd, 000087.517, 165
Trd, 000087.933, 169
Trd, 000088.367, 150
Trd, 000088.883, 168
Trd, 000089.417, 168
Trd, 000090.367, 167
Trd, 000091.883, 164
Trd, 000092.183, 166
Trd, 000092.250, 160
Trd, 000092.567, 165
Trd, 000093.833, 161
Trd, 000093.850, 162
Trd, 000095.250, 161
Trd, 000095.383, 161
Trd, 000095.700, 162
Trd, 000096.133, 165
Trd, 000096.200, 172
Trd, 000096.267, 182
Trd, 000096.317, 160
Trd, 000096.833, 165
Trd, 000097.583, 172
Trd, 000098.967, 168
Trd, 000100.250, 178
Trd, 000100.367, 179
Trd, 000101.783, 172
Trd, 000101.983, 173
Trd, 000102.200, 173
Trd, 000102.550, 172
Trd, 000102.983, 172
Trd, 000103.800, 173
Trd, 000104.517, 172
Trd, 000105.700, 172
Trd, 000105.717, 170
Trd, 000105.817, 170
Trd, 000105.833, 173
Trd, 000105.950, 167
Trd, 000106.083, 166
Trd, 000106.283, 161
Trd, 000107.083, 169
Trd, 000108.050, 169
Trd, 000110.300, 164
Trd, 000110.367, 165
Trd, 000110.950, 164
Trd, 000111.633, 164
Trd, 000111.833, 165
Trd, 000112.350, 165
Trd, 000112.567, 164
Trd, 000112.933, 161
Trd, 000113.400, 159
Trd, 000114.933, 164
Trd, 000115.000, 165
Trd, 000116.100, 163
Trd, 000116.117, 164
Trd, 000116.250, 165
Trd, 000117.417, 164
Trd, 000117.517, 166
Trd, 000117.617, 166
Trd, 000118.400, 164
Trd, 000119.700, 165
Trd, 000120.417, 162
Trd, 000120.500, 165
Trd, 000121.267, 165
Trd, 000121.750, 166
Trd, 000121.850, 162
Trd, 000122.017, 167
Trd, 000122.917, 167
Trd, 000123.800, 173
Trd, 000123.983, 174
Trd, 000124.317, 161
Trd, 000125.167, 170
Trd, 000125.667, 170
Trd, 000125.867, 179
Trd, 000126.333, 166
Trd, 000127.250, 167
Trd, 000127.267, 168
Trd, 000127.750, 170
Trd, 000127.783, 165
Trd, 000129.083, 168
Trd, 000130.200, 170
Trd, 000130.467, 172
Trd, 000130.700, 174
Trd, 000132.350, 181
Trd, 000132.800, 175
Trd, 000133.067, 176
Trd, 000133.367, 165
Trd, 000134.117, 168
Trd, 000134.150, 172
Trd, 000135.917, 167
Trd, 000136.050, 170
Trd, 000136.383, 166
Trd, 000136.750, 181
Trd, 000137.450, 184
Trd, 000137.517, 184
Trd, 000137.683, 169
Trd, 000138.233, 166
Trd, 000138.500, 169
Trd, 000139.233, 166
Trd, 000139.767, 172
Trd, 000140.300, 173
Trd, 000141.150, 172
Trd, 000141.733, 166
Trd, 000141.983, 171
Trd, 000143.100, 162
Trd, 000143.250, 166
Trd, 000143.333, 167
Trd, 000144.133, 162
Trd, 000144.283, 168
Trd, 000145.467, 167
Trd, 000146.000, 161
Trd, 000146.017, 169
Trd, 000146.167, 169
Trd, 000147.783, 168
Trd, 000147.900, 168
Trd, 000148.433, 169
Trd, 000149.667, 170
Trd, 000149.783, 170
Trd, 000150.350, 183
Trd, 000150.567, 175
Trd, 000150.733, 176
Trd, 000151.150, 177
Trd, 000151.900, 174
Trd, 000152.067, 184
Trd, 000153.267, 175
Trd, 000154.167, 175
Trd, 000154.567, 176
Trd, 000155.517, 177
Trd, 000156.033, 177
Trd, 000156.250, 176
Trd, 000156.850, 175
Trd, 000158.417, 173
Trd, 000158.883, 169
Trd, 000159.283, 174
Trd, 000160.333, 172
Trd, 000160.700, 173
Trd, 000161.117, 171
Trd, 000161.183, 175
Trd, 000162.350, 178
Trd, 000162.717, 172
Trd, 000162.750, 174
Trd, 000163.667, 171
Trd, 000164.483, 177
Trd, 000164.617, 170
Trd, 000164.967, 172
Trd, 000165.017, 176
Trd, 000165.200, 167
Trd, 000166.267, 167
Trd, 000167.867, 172
Trd, 000168.050, 171
Trd, 000168.117, 178
Trd, 000169.017, 186
Trd, 000169.433, 183
Trd, 000170.717, 183
Trd, 000171.167, 181
Trd, 000172.017, 181
Trd, 000172.283, 179
Trd, 000172.417, 179
Trd, 000172.633, 182
Trd, 000173.367, 172
Trd, 000173.383, 164
Trd, 000174.617, 173
Trd, 000175.567, 173
Trd, 000175.883, 171
Trd, 000176.633, 169
Trd, 000177.100, 168
Trd, 000177.167, 167
Trd, 000178.067, 170
Trd, 000179.183, 171
Trd, 000179.483, 171
Trd, 000179.500, 172
Trd, 000179.633, 173
Trd, 000180.983, 178
Trd, 000181.033, 179
Trd, 000181.583, 179
Trd, 000182.417, 177
Trd, 000183.117, 178
Trd, 000183.217, 176
Trd, 000183.483, 178
Trd, 000183.500, 165
Trd, 000184.550, 180
Trd, 000185.417, 172
Trd, 000185.483, 180
Trd, 000185.883, 186
Trd, 000187.000, 182
Trd, 000187.317, 181
Trd, 000187.583, 185
Trd, 000188.033, 170
Trd, 000189.767, 180
Trd, 000190.383, 179
Trd, 000190.550, 176
Trd, 000191.117, 180
Trd, 000192.467, 179
Trd, 000192.700, 180
Trd, 000192.867, 181
Trd, 000193.700, 180
Trd, 000194.967, 175
Trd, 000195.533, 174
Trd, 000196.017, 180
Trd, 000196.383, 180
Trd, 000196.900, 176
Trd, 000197.183, 170
Trd, 000197.967, 168
Trd, 000198.917, 167
Trd, 000199.250, 175
Trd, 000199.383, 177
Trd, 000199.600, 166
Trd, 000200.467, 176
Trd, 000200.783, 177
Trd, 000202.433, 176
Trd, 000202.483, 177
Trd, 000202.900, 163
Trd, 000204.483, 174
Trd, 000205.383, 174
Trd, 000205.967, 176
Trd, 000206.667, 176
Trd, 000206.833, 176
Trd, 000207.667, 175
Trd, 000208.033, 174
Trd, 000208.733, 173
Trd, 000209.133, 175
Trd, 000210.517, 172
Trd, 000210.683, 172
Trd, 000210.767, 171
Trd, 000210.900, 173
Trd, 000211.383, 173
Trd, 000211.667, 173
Trd, 000212.217, 173
Trd, 000212.800, 176
Trd, 000213.200, 169
Trd, 000214.067, 172
Trd, 000214.083, 174
Trd, 000214.167, 169
Trd, 000214.433, 176
Trd, 000214.467, 183
Trd, 000216.517, 177
Trd, 000216.833, 178
Trd, 000217.367, 177
Trd, 000218.050, 176
Trd, 000218.117, 171
Trd, 000218.383, 177
Trd, 000218.800, 171
Trd, 000218.900, 170
Trd, 000219.433, 175
Trd, 000220.267, 176
Trd, 000220.933, 177
Trd, 000221.067, 184
Trd, 000222.900, 189
Trd, 000223.017, 190
Trd, 000223.117, 188
Trd, 000223.883, 190
Trd, 000225.033, 189
Trd, 000225.350, 190
Trd, 000225.583, 185
Trd, 000225.617, 184
Trd, 000226.383, 187
Trd, 000226.667, 182
Trd, 000227.583, 184
Trd, 000229.433, 181
Trd, 000230.300, 180
Trd, 000231.200, 178
Trd, 000231.550, 179
Trd, 000232.050, 179
Trd, 000232.233, 178
Trd, 000232.683, 176
Trd, 000233.983, 178
Trd, 000234.583, 174
Trd, 000234.683, 177
Trd, 000236.083, 175
Trd, 000236.117, 176
Trd, 000236.433, 175
Trd, 000237.183, 176
Trd, 000237.883, 176
Trd, 000237.967, 178
Trd, 000238.200, 186
Trd, 000239.817, 176
Trd, 000240.283, 176
Trd, 000240.767, 176
Trd, 000240.867, 179
Trd, 000241.167, 179
Trd, 000242.000, 182
Trd, 000243.067, 178
Trd, 000245.050, 179
Trd, 000245.133, 176
Trd, 000245.483, 178
Trd, 000245.750, 179
Trd, 000246.167, 179
Trd, 000246.400, 180
Trd, 000247.100, 180
Trd, 000247.117, 181
Trd, 000248.183, 175
Trd, 000248.267, 180
Trd, 000248.767, 182
Trd, 000249.267, 173
Trd, 000250.517, 179
Trd, 000251.000, 180
Trd, 000251.767, 180
Trd, 000252.467, 180
Trd, 000252.617, 178
Trd, 000253.167, 177
Trd, 000253.500, 177
Trd, 000254.283, 176
Trd, 000254.333, 175
Trd, 000254.783, 177
Trd, 000254.800, 178
Trd, 000255.567, 178
Trd, 000256.233, 177
Trd, 000256.267, 178
Trd, 000257.017, 177
Trd, 000257.483, 180
Trd, 000257.817, 180
Trd, 000258.000, 175
Trd, 000258.750, 176
Trd, 000258.833, 173
Trd, 000258.933, 176
Trd, 000259.750, 177
Trd, 000260.483, 175
Trd, 000260.617, 174
Trd, 000261.333, 177
Trd, 000261.683, 177
Trd, 000262.167, 177
Trd, 000262.583, 181
Trd, 000263.100, 177
Trd, 000263.617, 176
Trd, 000263.967, 176
Trd, 000264.033, 184
Trd, 000264.350, 172
Trd, 000265.183, 172
Trd, 000265.233, 171
Trd, 000265.417, 174
Trd, 000266.933, 178
Trd, 000267.217, 179
Trd, 000267.250, 179
Trd, 000267.600, 179
Trd, 000268.350, 176
Trd, 000268.800, 183
Trd, 000269.133, 180
Trd, 000269.250, 165
Trd, 000269.417, 177
Trd, 000270.467, 177
Trd, 000270.783, 178
Trd, 000271.033, 181
Trd, 000271.233, 182
Trd, 000271.750, 181
Trd, 000271.983, 185
Trd, 000272.500, 177
Trd, 000273.817, 182
Trd, 000275.017, 178
Trd, 000275.350, 181
Trd, 000276.083, 177
Trd, 000276.183, 180
Trd, 000276.383, 182
Trd, 000276.583, 177
Trd, 000276.633, 182
Trd, 000276.717, 177
Trd, 000277.317, 175
Trd, 000278.067, 183
Trd, 000278.533, 179
Trd, 000278.967, 182
Trd, 000279.167, 183
Trd, 000279.967, 185
Trd, 000279.983, 186
Trd, 000281.200, 183
Trd, 000281.633, 180
Trd, 000282.117, 184
Trd, 000282.217, 183
Trd, 000282.633, 183
Trd, 000283.033, 180
Trd, 000283.300, 180
Trd, 000283.350, 179
Trd, 000283.383, 184
Trd, 000283.717, 184
Trd, 000284.333, 186
Trd, 000285.050, 185
Trd, 000285.217, 186
Trd, 000285.867, 186
Trd, 000286.333, 184
Trd, 000287.017, 185
Trd, 000287.150, 180
Trd, 000287.650, 176
Trd, 000288.700, 175
Trd, 000288.900, 178
Trd, 000288.967, 179
Trd, 000289.667, 179
Trd, 000290.050, 180
Trd, 000291.433, 179
Trd, 000292.083, 181
Trd, 000292.333, 182
Trd, 000292.517, 180
Trd, 000292.567, 182
Trd, 000292.817, 187
Trd, 000293.983, 183
Trd, 000294.267, 180
Trd, 000294.767, 184
Trd, 000294.917, 185
Trd, 000295.783, 188
Trd, 000296.317, 180
Trd, 000296.667, 186
Trd, 000297.467, 185
Trd, 000297.517, 186
Trd, 000297.867, 187
Trd, 000299.233, 180
Trd, 000299.350, 183
Trd, 000299.400, 184
Trd, 000299.733, 179
