Trd, 000001.100, 100
Trd, 000002.617, 140
Trd, 000002.717, 155
Trd, 000002.900, 154
Trd, 000003.750, 137
Trd, 000004.383, 132
Trd, 000004.833, 139
Trd, 000005.033, 141
Trd, 000006.517, 141
Trd, 000006.550, 144
Trd, 000007.117, 152
Trd, 000007.317, 154
Trd, 000008.067, 153
Trd, 000008.083, 152
Trd, 000008.267, 152
Trd, 000008.583, 152
Trd, 000008.933, 146
Trd, 000010.550, 145
Trd, 000011.150, 147
Trd, 000012.517, 146
Trd, 000012.617, 147
Trd, 000013.133, 145
Trd, 000013.250, 146
Trd, 000013.517, 145
Trd, 000014.900, 144
Trd, 000014.967, 144
Trd, 000015.550, 146
Trd, 000017.183, 146
Trd, 000017.250, 146
Trd, 000018.367, 150
Trd, 000018.817, 151
Trd, 000019.650, 153
Trd, 000019.883, 152
Trd, 000020.500, 153
Trd, 000021.217, 174
Trd, 000021.833, 157
Trd, 000022.033, 157
Trd, 000023.633, 156
Trd, 000024.167, 156
Trd, 000025.517, 157
Trd, 000025.817, 156
Trd, 000025.867, 153
Trd, 000026.100, 162
Trd, 000027.050, 175
Trd, 000027.717, 165
Trd, 000028.200, 157
Trd, 000028.450, 154
Trd, 000028.850, 158
Trd, 000029.500, 146
Trd, 000030.067, 159
Trd, 000030.683, 157
Trd, 000031.583, 154
Trd, 000031.667, 147
Trd, 000031.883, 145
Trd, 000031.950, 148
Trd, 000033.133, 144
Trd, 000033.250, 150
Trd, 000033.983, 151
Trd, 000034.467, 147
Trd, 000034.500, 153
Trd, 000035.100, 152
Trd, 000035.183, 156
Trd, 000035.300, 158
Trd, 000036.100, 157
Trd, 000037.117, 157
Trd, 000037.467, 156
Trd, 000038.083, 156
Trd, 000038.350, 155
Trd, 000039.550, 156
Trd, 000039.983, 155
Trd, 000040.450, 155
Trd, 000040.617, 154
Trd, 000040.917, 156
Trd, 000041.467, 154
Trd, 000042.817, 156
Trd, 000043.217, 156
Trd, 000043.350, 156
Trd, 000044.467, 155
Trd, 000044.883, 154
Trd, 000045.167, 156
Trd, 000045.233, 157
Trd, 000046.583, 158
Trd, 000047.333, 159
Trd, 000047.367, 158
Trd, 000047.983, 160
Trd, 000048.083, 158
Trd, 000049.483, 159
Trd, 000050.033, 160
Trd, 000051.550, 160
Trd, 000052.467, 160
Trd, 000052.700, 158
Trd, 000053.583, 160
Trd, 000053.883, 158
Trd, 000054.550, 159
Trd, 000054.650, 160
Trd, 000054.667, 157
Trd, 000055.483, 156
Trd, 000057.483, 160
Trd, 000058.350, 160
Trd, 000058.383, 157
Trd, 000058.817, 157
Trd, 000059.367, 159
Trd, 000059.833, 159
Trd, 000061.083, 162
Trd, 000061.583, 161
Trd, 000061.733, 160
Trd, 000061.783, 160
Trd, 000062.283, 159
Trd, 000063.600, 178
Trd, 000063.783, 164
Trd, 000063.967, 179
Trd, 000065.033, 160
Trd, 000065.233, 161
Trd, 000065.250, 166
Trd, 000065.583, 157
Trd, 000065.683, 156
Trd, 000067.033, 160
Trd, 000067.267, 160
Trd, 000068.200, 160
Trd, 000068.233, 160
Trd, 000068.733, 162
Trd, 000069.133, 158
Trd, 000069.633, 163
Trd, 000070.883, 160
Trd, 000072.117, 160
Trd, 000072.300, 163
Trd, 000072.917, 163
Trd, 000073.617, 159
Trd, 000075.250, 162
Trd, 000075.283, 158
Trd, 000075.950, 159
Trd, 000076.783, 160
Trd, 000077.400, 160
Trd, 000078.650, 159
Trd, 000079.050, 161
Trd, 000079.817, 161
Trd, 000079.917, 161
Trd, 000079.983, 159
Trd, 000080.350, 158
Trd, 000081.150, 161
Trd, 000081.633, 161
Trd, 000082.433, 161
Trd, 000082.800, 163
Trd, 000082.933, 160
Trd, 000083.133, 163
Trd, 000084.750, 159
Trd, 000085.583, 159
Trd, 000085.683, 160
Trd, 000087.183, 163
Trd, 000088.717, 158
Trd, 000090.183, 158
Trd, 000090.200, 160
Trd, 000090.400, 157
Trd, 000090.883, 160
Trd, 000091.450, 160
Trd, 000092.067, 142
Trd, 000092.500, 145
Trd, 000092.550, 134
Trd, 000093.150, 150
Trd, 000093.850, 146
Trd, 000093.900, 150
Trd, 000094.450, 154
Trd, 000094.783, 161
Trd, 000096.533, 154
Trd, 000098.383, 159
Trd, 000098.433, 161
Trd, 000098.933, 156
Trd, 000099.800, 156
Trd, 000099.900, 160
Trd, 000100.183, 152
Trd, 000100.533, 158
Trd, 000101.450, 155
Trd, 000101.900, 154
Trd, 000102.283, 157
Trd, 000102.400, 156
Trd, 000102.783, 157
Trd, 000103.750, 156
Trd, 000103.817, 155
Trd, 000103.917, 161
Trd, 000105.583, 159
Trd, 000105.650, 165
Trd, 000107.017, 170
Trd, 000107.467, 162
Trd, 000107.667, 165
Trd, 000107.767, 162
Trd, 000108.867, 164
Trd, 000110.033, 165
Trd, 000110.250, 166
Trd, 000111.317, 165
Trd, 000111.517, 167
Trd, 000111.983, 166
Trd, 000112.817, 167
Trd, 000112.917, 168
Trd, 000113.433, 165
Trd, 000114.233, 166
Trd, 000114.433, 167
Trd, 000114.767, 164
Trd, 000115.617, 162
Trd, 000115.900, 164
Trd, 000116.450, 164
Trd, 000116.733, 155
Trd, 000117.500, 162
Trd, 000118.500, 161
Trd, 000118.567, 163
Trd, 000118.967, 163
Trd, 000119.117, 163
Trd, 000119.417, 163
Trd, 000120.133, 159
Trd, 000123.150, 162
Trd, 000123.167, 160
Trd, 000123.317, 163
Trd, 000123.967, 163
Trd, 000124.083, 167
Trd, 000124.983, 172
Trd, 000125.333, 164
Trd, 000125.400, 162
Trd, 000125.967, 149
Trd, 000126.167, 171
Trd, 000128.100, 152
Trd, 000128.900, 149
Trd, 000128.917, 150
Trd, 000129.100, 150
Trd, 000129.617, 143
Trd, 000129.700, 154
Trd, 000130.450, 168
Trd, 000131.117, 164
Trd, 000133.350, 167
Trd, 000133.567, 168
Trd, 000133.850, 168
Trd, 000133.917, 167
Trd, 000134.017, 175
Trd, 000135.250, 171
Trd, 000135.317, 168
Trd, 000135.533, 172
Trd, 000135.900, 170
Trd, 000137.833, 168
Trd, 000139.300, 167
Trd, 000140.317, 167
Trd, 000140.333, 166
Trd, 000140.550, 168
Trd, 000140.617, 166
Trd, 000140.650, 169
Trd, 000141.067, 171
Trd, 000142.033, 170
Trd, 000143.000, 170
Trd, 000143.383, 172
Trd, 000143.917, 168
Trd, 000143.933, 174
Trd, 000144.500, 185
Trd, 000145.600, 181
Trd, 000145.650, 179
Trd, 000145.667, 177
Trd, 000145.950, 177
Trd, 000146.383, 181
Trd, 000147.300, 173
Trd, 000148.350, 180
Trd, 000148.683, 182
Trd, 000149.917, 174
Trd, 000150.517, 181
Trd, 000150.850, 174
Trd, 000151.850, 179
Trd, 000152.033, 175
Trd, 000153.117, 175
Trd, 000155.483, 176
Trd, 000155.667, 174
Trd, 000156.100, 175
Trd, 000157.017, 174
Trd, 000157.300, 174
Trd, 000158.100, 174
Trd, 000158.583, 177
Trd, 000158.633, 173
Trd, 000159.867, 176
Trd, 000160.050, 173
Trd, 000160.583, 177
Trd, 000162.067, 170
Trd, 000162.600, 171
Trd, 000162.683, 172
Trd, 000162.983, 171
Trd, 000164.783, 170
Trd, 000166.033, 173
Trd, 000166.533, 169
Trd, 000166.933, 167
Trd, 000167.900, 172
Trd, 000168.417, 168
Trd, 000168.933, 172
Trd, 000169.083, 167
Trd, 000169.150, 172
Trd, 000169.967, 161
Trd, 000171.183, 166
Trd, 000171.533, 170
Trd, 000172.233, 172
Trd, 000172.467, 171
Trd, 000172.783, 171
Trd, 000174.983, 172
Trd, 000175.000, 171
Trd, 000175.400, 171
Trd, 000176.000, 170
Trd, 000176.250, 172
Trd, 000177.017, 172
Trd, 000178.117, 171
Trd, 000178.400, 169
Trd, 000179.400, 168
Trd, 000179.633, 173
Trd, 000180.033, 173
Trd, 000180.817, 171
Trd, 000181.667, 172
Trd, 000181.850, 172
Trd, 000182.400, 171
Trd, 000183.883, 169
Trd, 000184.983, 171
Trd, 000185.483, 170
Trd, 000186.117, 169
Trd, 000186.400, 170
Trd, 000186.933, 167
Trd, 000187.000, 171
Trd, 000187.050, 173
Trd, 000187.067, 173
Trd, 000188.367, 168
Trd, 000189.083, 172
Trd, 000189.233, 172
Trd, 000189.683, 168
Trd, 000191.200, 170
Trd, 000191.333, 171
Trd, 000191.983, 170
Trd, 000192.233, 171
Trd, 000192.550, 169
Trd, 000192.917, 174
Trd, 000193.183, 170
Trd, 000194.250, 173
Trd, 000195.067, 176
Trd, 000195.550, 172
Trd, 000195.917, 164
Trd, 000196.617, 163
Trd, 000196.817, 170
Trd, 000197.450, 169
Trd, 000198.017, 168
Trd, 000198.783, 160
Trd, 000198.817, 169
Trd, 000198.833, 171
Trd, 000200.850, 189
Trd, 000201.417, 179
Trd, 000201.567, 178
Trd, 000201.883, 178
Trd, 000203.783, 175
Trd, 000204.883, 179
Trd, 000205.483, 178
Trd, 000206.767, 178
Trd, 000207.633, 179
Trd, 000208.700, 179
Trd, 000208.733, 179
Trd, 000208.983, 179
Trd, 000209.150, 181
Trd, 000209.450, 180
Trd, 000211.250, 178
Trd, 000212.150, 179
Trd, 000212.633, 178
Trd, 000214.117, 178
Trd, 000214.833, 176
Trd, 000215.583, 174
Trd, 000215.983, 176
Trd, 000216.000, 172
Trd, 000216.100, 178
Trd, 000216.167, 178
Trd, 000216.600, 173
Trd, 000217.867, 171
Trd, 000218.417, 173
Trd, 000218.533, 172
Trd, 000218.750, 176
Trd, 000220.133, 176
Trd, 000220.783, 174
Trd, 000221.167, 173
Trd, 000221.417, 174
Trd, 000221.717, 173
Trd, 000222.433, 173
Trd, 000222.550, 172
Trd, 000222.850, 172
Trd, 000223.683, 177
Trd, 000224.500, 175
Trd, 000224.783, 172
Trd, 000226.400, 174
Trd, 000227.350, 174
Trd, 000227.467, 171
Trd, 000227.817, 175
Trd, 000228.450, 174
Trd, 000228.700, 171
Trd, 000230.867, 171
Trd, 000231.883, 174
Trd, 000232.717, 164
Trd, 000233.583, 168
Trd, 000233.767, 167
Trd, 000234.183, 166
Trd, 000235.250, 166
Trd, 000235.567, 167
Trd, 000236.217, 174
Trd, 000236.283, 178
Trd, 000236.600, 175
Trd, 000238.800, 187
Trd, 000238.850, 195
Trd, 000239.933, 180
Trd, 000240.167, 178
Trd, 000240.300, 181
Trd, 000240.400, 183
Trd, 000240.717, 177
Trd, 000241.000, 184
Trd, 000241.300, 183
Trd, 000241.483, 182
Trd, 000241.800, 180
Trd, 000243.433, 172
Trd, 000243.967, 177
Trd, 000244.267, 178
Trd, 000244.550, 176
Trd, 000244.567, 178
Trd, 000244.783, 177
Trd, 000245.083, 178
Trd, 000245.217, 176
Trd, 000245.517, 176
Trd, 000245.750, 172
Trd, 000246.233, 176
Trd, 000246.267, 178
Trd, 000249.233, 177
Trd, 000249.883, 176
Trd, 000249.917, 176
Trd, 000250.083, 179
Trd, 000250.133, 163
Trd, 000250.567, 178
Trd, 000251.133, 178
Trd, 000251.483, 176
Trd, 000251.683, 177
Trd, 000252.517, 174
Trd, 000253.567, 173
Trd, 000253.883, 175
Trd, 000253.900, 178
Trd, 000254.817, 176
Trd, 000255.200, 173
Trd, 000255.467, 173
Trd, 000255.483, 171
Trd, 000256.217, 165
Trd, 000256.400, 168
Trd, 000256.817, 177
Trd, 000257.550, 172
Trd, 000257.967, 179
Trd, 000259.100, 176
Trd, 000259.367, 176
Trd, 000259.800, 175
Trd, 000259.867, 176
Trd, 000260.167, 176
Trd, 000260.383, 177
Trd, 000260.583, 179
Trd, 000260.633, 181
Trd, 000260.900, 198
Trd, 000261.283, 178
Trd, 000262.300, 179
Trd, 000262.800, 184
Trd, 000262.850, 180
Trd, 000263.250, 180
Trd, 000263.367, 184
Trd, 000264.083, 184
Trd, 000264.433, 179
Trd, 000265.267, 180
Trd, 000265.350, 188
Trd, 000265.833, 189
Trd, 000267.200, 185
Trd, 000267.283, 188
Trd, 000267.483, 181
Trd, 000267.950, 182
Trd, 000268.667, 182
Trd, 000269.217, 181
Trd, 000269.267, 180
Trd, 000269.500, 178
Trd, 000269.950, 176
Trd, 000270.533, 182
Trd, 000270.583, 175
Trd, 000271.433, 176
Trd, 000271.917, 180
Trd, 000272.183, 176
Trd, 000273.233, 176
Trd, 000273.267, 181
Trd, 000273.283, 182
Trd, 000273.783, 188
Trd, 000274.800, 178
Trd, 000275.033, 184
Trd, 000275.083, 176
Trd, 000275.500, 175
Trd, 000275.933, 177
Trd, 000276.117, 183
Trd, 000276.800, 175
Trd, 000277.317, 181
Trd, 000278.217, 181
Trd, 000278.683, 180
Trd, 000278.950, 179
Trd, 000279.250, 179
Trd, 000279.417, 177
Trd, 000279.667, 176
Trd, 000280.350, 180
Trd, 000280.617, 181
Trd, 000280.717, 182
Trd, 000280.817, 180
Trd, 000280.983, 176
Trd, 000281.883, 181
Trd, 000281.967, 176
Trd, 000283.050, 181
Trd, 000283.483, 179
Trd, 000284.117, 176
Trd, 000284.533, 179
Trd, 000285.550, 179
Trd, 000285.600, 180
Trd, 000286.683, 184
Trd, 000286.783, 183
Trd, 000286.833, 183
Trd, 000287.667, 189
Trd, 000288.433, 182
Trd, 000289.200, 184
Trd, 000289.250, 191
Trd, 000289.967, 184
Trd, 000291.067, 188
Trd, 000291.117, 187
Trd, 000291.350, 188
Trd, 000291.483, 187
Trd, 000292.300, 183
Trd, 000292.583, 180
Trd, 000293.117, 180
Trd, 000293.683, 183
Trd, 000294.050, 182
Trd, 000294.200, 180
Trd, 000294.750, 179
Trd, 000295.650, 181
Trd, 000295.750, 183
Trd, 000296.067, 191
Trd, 000296.200, 181
Trd, 000296.433, 204
Trd, 000297.033, 184
Trd, 000297.350, 185
Trd, 000298.167, 200
Trd, 000298.567, 181
Trd, 000299.033, 182
Trd, 000299.150, 182
Trd, 000299.617, 181
Trd, 000299.717, 184
