Trd, 000001.617, 136
Trd, 000003.550, 158
Trd, 000004.000, 146
Trd, 000004.383, 158
Trd, 000004.417, 162
Trd, 000005.817, 146
Trd, 000006.883, 143
Trd, 000007.300, 147
Trd, 000007.833, 145
Trd, 000009.267, 148
Trd, 000009.850, 146
Trd, 000009.917, 148
Trd, 000010.467, 152
Trd, 000011.350, 157
Trd, 000012.450, 147
Trd, 000013.383, 148
Trd, 000014.133, 149
Trd, 000014.567, 149
Trd, 000014.900, 145
Trd, 000015.100, 142
Trd, 000016.833, 150
Trd, 000017.383, 150
Trd, 000017.650, 149
Trd, 000017.750, 150
Trd, 000019.200, 155
Trd, 000019.333, 152
Trd, 000019.600, 149
Trd, 000020.983, 153
Trd, 000021.417, 153
Trd, 000021.967, 153
Trd, 000022.500, 149
Trd, 000023.450, 149
Trd, 000024.200, 148
Trd, 000024.717, 150
Trd, 000024.867, 153
Trd, 000026.167, 150
Trd, 000027.517, 142
Trd, 000027.600, 147
Trd, 000028.217, 159
Trd, 000029.000, 147
Trd, 000030.417, 148
Trd, 000030.900, 149
Trd, 000031.417, 150
Trd, 000031.767, 148
Trd, 000032.200, 151
Trd, 000032.500, 147
Trd, 000032.767, 147
Trd, 000034.000, 156
Trd, 000034.117, 157
Trd, 000035.233, 148
Trd, 000035.850, 152
Trd, 000036.400, 151
Trd, 000036.767, 148
Trd, 000037.567, 160
Trd, 000039.350, 152
Trd, 000040.033, 151
Trd, 000040.233, 151
Trd, 000041.267, 150
Trd, 000041.933, 146
Trd, 000042.050, 151
Trd, 000042.250, 144
Trd, 000043.083, 160
Trd, 000043.983, 154
Trd, 000045.033, 150
Trd, 000045.417, 148
Trd, 000045.567, 151
Trd, 000046.217, 151
Trd, 000047.250, 152
Trd, 000049.383, 153
Trd, 000049.550, 149
Trd, 000050.200, 152
Trd, 000050.483, 153
Trd, 000052.083, 150
Trd, 000052.350, 150
Trd, 000052.717, 150
Trd, 000052.917, 149
Trd, 000053.100, 146
Trd, 000054.217, 145
Trd, 000055.317, 146
Trd, 000055.917, 145
Trd, 000056.050, 146
Trd, 000056.150, 148
Trd, 000056.333, 143
Trd, 000057.533, 153
Trd, 000057.983, 147
Trd, 000058.583, 145
Trd, 000060.217, 148
Trd, 000060.283, 146
Trd, 000060.383, 150
Trd, 000060.933, 152
Trd, 000061.217, 153
Trd, 000061.367, 154
Trd, 000063.200, 151
Trd, 000063.233, 157
Trd, 000063.883, 152
Trd, 000064.667, 157
Trd, 000065.050, 155
Trd, 000065.367, 153
Trd, 000066.150, 157
Trd, 000066.233, 164
Trd, 000066.533, 151
Trd, 000067.983, 165
Trd, 000068.617, 152
Trd, 000068.667, 139
Trd, 000070.083, 150
Trd, 000071.250, 150
Trd, 000071.533, 150
Trd, 000071.800, 149
Trd, 000071.850, 152
Trd, 000072.133, 155
Trd, 000072.633, 146
Trd, 000072.850, 163
Trd, 000073.700, 155
Trd, 000074.817, 148
Trd, 000075.033, 157
Trd, 000075.517, 155
Trd, 000076.117, 154
Trd, 000076.733, 154
Trd, 000077.283, 158
Trd, 000078.017, 152
Trd, 000078.050, 157
Trd, 000079.317, 150
Trd, 000080.583, 155
Trd, 000080.933, 156
Trd, 000081.217, 162
Trd, 000082.600, 155
Trd, 000084.767, 165
Trd, 000085.183, 155
Trd, 000085.750, 159
Trd, 000086.533, 155
Trd, 000088.267, 155
Trd, 000089.150, 154
Trd, 000089.433, 155
Trd, 000090.033, 155
Trd, 000091.117, 154
Trd, 000091.317, 156
Trd, 000091.500, 157
Trd, 000091.867, 157
Trd, 000092.950, 152
Trd, 000093.633, 155
Trd, 000095.533, 154
Trd, 000095.600, 151
Trd, 000095.783, 157
Trd, 000095.967, 167
Trd, 000097.400, 154
Trd, 000098.333, 154
Trd, 000098.417, 155
Trd, 000100.517, 152
Trd, 000100.633, 153
Trd, 000100.933, 151
Trd, 000101.850, 151
Trd, 000102.017, 148
Trd, 000102.350, 155
Trd, 000103.150, 156
Trd, 000103.883, 158
Trd, 000104.750, 157
Trd, 000106.300, 156
Trd, 000107.050, 168
Trd, 000109.017, 162
Trd, 000109.500, 161
Trd, 000109.650, 160
Trd, 000109.800, 159
Trd, 000109.933, 169
Trd, 000110.400, 157
Trd, 000111.433, 160
Trd, 000112.100, 158
Trd, 000112.150, 159
Trd, 000112.433, 147
Trd, 000112.933, 159
Trd, 000112.950, 171
Trd, 000115.400, 158
Trd, 000116.667, 156
Trd, 000116.917, 155
Trd, 000116.933, 151
Trd, 000117.600, 153
Trd, 000119.333, 154
Trd, 000119.700, 155
Trd, 000120.767, 153
Trd, 000120.800, 155
Trd, 000121.267, 155
Trd, 000121.300, 152
Trd, 000123.583, 152
Trd, 000124.850, 148
Trd, 000125.183, 152
Trd, 000125.250, 151
Trd, 000125.567, 153
Trd, 000126.467, 154
Trd, 000127.000, 159
Trd, 000127.183, 160
Trd, 000128.033, 167
Trd, 000128.717, 154
Trd, 000128.783, 162
Trd, 000130.183, 154
Trd, 000130.633, 159
Trd, 000131.917, 157
Trd, 000132.250, 158
Trd, 000134.000, 158
Trd, 000134.567, 159
Trd, 000135.067, 161
Trd, 000135.317, 163
Trd, 000135.400, 164
Trd, 000135.567, 159
Trd, 000136.033, 156
Trd, 000137.417, 172
Trd, 000137.517, 156
Trd, 000140.217, 165
Trd, 000140.350, 165
Trd, 000141.100, 163
Trd, 000141.183, 165
Trd, 000141.250, 165
Trd, 000143.567, 162
Trd, 000144.517, 158
Trd, 000144.967, 154
Trd, 000145.000, 158
Trd, 000145.200, 158
Trd, 000145.250, 159
Trd, 000145.283, 162
Trd, 000145.450, 165
Trd, 000145.617, 148
Trd, 000146.967, 162
Trd, 000147.750, 162
Trd, 000148.100, 159
Trd, 000148.267, 157
Trd, 000148.533, 162
Trd, 000148.600, 157
Trd, 000149.833, 163
Trd, 000150.317, 163
Trd, 000152.183, 159
Trd, 000152.433, 158
Trd, 000153.933, 161
Trd, 000154.800, 161
Trd, 000155.733, 158
Trd, 000156.033, 156
Trd, 000156.067, 155
Trd, 000156.133, 158
Trd, 000156.333, 159
Trd, 000157.217, 162
Trd, 000157.867, 166
Trd, 000158.433, 163
Trd, 000160.633, 160
Trd, 000161.450, 161
Trd, 000162.350, 159
Trd, 000162.950, 158
Trd, 000164.067, 158
Trd, 000164.533, 158
Trd, 000164.567, 158
Trd, 000165.000, 160
Trd, 000165.200, 164
Trd, 000165.333, 167
Trd, 000166.800, 167
Trd, 000167.733, 172
Trd, 000167.900, 164
Trd, 000168.267, 165
Trd, 000168.800, 175
Trd, 000170.983, 168
Trd, 000171.417, 174
Trd, 000171.733, 168
Trd, 000172.050, 167
Trd, 000173.233, 167
Trd, 000173.617, 166
Trd, 000173.867, 168
Trd, 000174.000, 166
Trd, 000174.100, 157
Trd, 000174.333, 150
Trd, 000175.367, 164
Trd, 000176.033, 161
Trd, 000176.950, 162
Trd, 000177.083, 162
Trd, 000179.517, 163
Trd, 000180.300, 162
Trd, 000180.683, 163
Trd, 000181.400, 161
Trd, 000181.500, 162
Trd, 000182.083, 162
Trd, 000182.933, 161
Trd, 000184.033, 160
Trd, 000184.367, 161
Trd, 000185.000, 161
Trd, 000185.667, 158
Trd, 000185.950, 167
Trd, 000186.550, 166
Trd, 000186.983, 167
Trd, 000188.983, 165
Trd, 000190.267, 163
Trd, 000190.333, 162
Trd, 000191.017, 165
Trd, 000191.383, 162
Trd, 000192.267, 159
Trd, 000192.583, 161
Trd, 000192.667, 162
Trd, 000194.117, 162
Trd, 000194.267, 169
Trd, 000194.683, 180
Trd, 000196.067, 165
Trd, 000196.433, 176
Trd, 000197.300, 177
Trd, 000197.833, 169
Trd, 000198.083, 168
Trd, 000198.750, 177
Trd, 000200.917, 177
Trd, 000201.067, 177
Trd, 000201.783, 178
Trd, 000201.983, 175
Trd, 000202.467, 175
Trd, 000203.050, 174
Trd, 000203.333, 173
Trd, 000203.450, 174
Trd, 000203.750, 174
Trd, 000204.283, 178
Trd, 000205.783, 173
Trd, 000209.200, 164
Trd, 000210.000, 162
Trd, 000210.283, 165
Trd, 000211.183, 166
Trd, 000211.717, 165
Trd, 000211.933, 165
Trd, 000212.467, 164
Trd, 000212.950, 164
Trd, 000213.133, 169
Trd, 000213.250, 171
Trd, 000214.617, 163
Trd, 000215.033, 171
Trd, 000215.883, 169
Trd, 000216.467, 165
Trd, 000217.033, 170
Trd, 000217.800, 169
Trd, 000218.367, 171
Trd, 000218.900, 170
Trd, 000219.533, 171
Trd, 000220.500, 166
Trd, 000221.017, 164
Trd, 000222.367, 165
Trd, 000222.717, 166
Trd, 000224.083, 169
Trd, 000224.867, 165
Trd, 000226.017, 168
Trd, 000226.317, 170
Trd, 000227.133, 165
Trd, 000228.150, 168
Trd, 000228.517, 168
Trd, 000228.683, 169
Trd, 000228.833, 164
Trd, 000231.483, 167
Trd, 000231.667, 164
Trd, 000232.383, 164
Trd, 000232.983, 163
Trd, 000233.333, 154
Trd, 000233.567, 163
Trd, 000234.083, 163
Trd, 000234.550, 164
Trd, 000235.550, 164
Trd, 000235.983, 164
Trd, 000237.700, 163
Trd, 000238.367, 165
Trd, 000238.383, 171
Trd, 000238.983, 164
Trd, 000239.800, 166
Trd, 000240.100, 166
Trd, 000240.167, 170
Trd, 000240.400, 170
Trd, 000240.467, 171
Trd, 000240.933, 170
Trd, 000241.500, 172
Trd, 000241.783, 171
Trd, 000241.983, 175
Trd, 000243.017, 179
Trd, 000243.417, 182
Trd, 000243.900, 180
Trd, 000243.983, 178
Trd, 000244.033, 181
Trd, 000244.800, 176
Trd, 000246.283, 174
Trd, 000246.833, 173
Trd, 000246.983, 172
Trd, 000247.083, 172
Trd, 000247.167, 175
Trd, 000247.283, 174
Trd, 000248.067, 173
Trd, 000248.267, 172
Trd, 000248.450, 169
Trd, 000248.667, 174
Trd, 000249.550, 176
Trd, 000249.783, 190
Trd, 000250.867, 180
Trd, 000251.217, 180
Trd, 000251.667, 178
Trd, 000251.717, 177
Trd, 000252.333, 176
Trd, 000252.733, 176
Trd, 000252.933, 183
Trd, 000253.217, 187
Trd, 000254.533, 180
Trd, 000254.983, 178
Trd, 000255.183, 177
Trd, 000255.617, 179
Trd, 000256.150, 175
Trd, 000256.333, 174
Trd, 000256.483, 183
Trd, 000256.783, 176
Trd, 000257.583, 182
Trd, 000258.167, 178
Trd, 000258.750, 177
Trd, 000258.817, 175
Trd, 000258.850, 174
Trd, 000258.967, 175
Trd, 000259.150, 175
Trd, 000259.800, 177
Trd, 000260.317, 178
Trd, 000260.950, 174
Trd, 000261.083, 170
Trd, 000261.550, 174
Trd, 000261.883, 173
Trd, 000262.350, 172
Trd, 000263.083, 167
Trd, 000263.200, 167
Trd, 000263.450, 171
Trd, 000263.683, 172
Trd, 000264.333, 174
Trd, 000264.750, 176
Trd, 000265.333, 175
Trd, 000265.567, 177
Trd, 000265.767, 188
Trd, 000266.283, 179
Trd, 000267.450, 180
Trd, 000268.417, 177
Trd, 000269.233, 180
Trd, 000269.600, 175
Trd, 000269.767, 184
Trd, 000270.817, 178
Trd, 000271.250, 175
Trd, 000271.400, 179
Trd, 000272.017, 174
Trd, 000272.233, 173
Trd, 000272.550, 178
Trd, 000273.083, 185
Trd, 000273.800, 179
Trd, 000273.833, 173
Trd, 000274.233, 175
Trd, 000274.300, 182
Trd, 000275.700, 180
Trd, 000275.783, 181
Trd, 000275.867, 178
Trd, 000275.917, 178
Trd, 000276.217, 178
Trd, 000276.383, 177
Trd, 000276.450, 178
Trd, 000277.733, 178
Trd, 000278.150, 185
Trd, 000278.517, 176
Trd, 000278.717, 179
Trd, 000278.917, 176
Trd, 000278.950, 186
Trd, 000279.067, 189
Trd, 000279.950, 171
Trd, 000280.250, 172
Trd, 000280.600, 176
Trd, 000280.817, 182
Trd, 000281.183, 182
Trd, 000282.133, 180
Trd, 000282.233, 185
Trd, 000282.317, 168
Trd, 000282.817, 175
Trd, 000282.883, 168
Trd, 000283.950, 176
Trd, 000284.683, 184
Trd, 000284.783, 176
Trd, 000285.433, 176
Trd, 000285.750, 185
Trd, 000286.033, 186
Trd, 000286.183, 182
Trd, 000286.283, 181
Trd, 000287.283, 169
Trd, 000287.483, 179
Trd, 000287.867, 162
Trd, 000288.483, 166
Trd, 000288.633, 172
Trd, 000288.917, 164
Trd, 000289.100, 170
Trd, 000289.267, 169
Trd, 000289.467, 162
Trd, 000289.750, 161
Trd, 000290.333, 177
Trd, 000291.217, 177
Trd, 000291.383, 185
Trd, 000291.417, 186
Trd, 000291.450, 187
Trd, 000291.933, 191
Trd, 000292.467, 176
Trd, 000293.117, 177
Trd, 000293.300, 178
Trd, 000293.333, 180
Trd, 000294.367, 179
Trd, 000294.667, 180
Trd, 000295.500, 177
Trd, 000296.100, 183
Trd, 000296.483, 186
Trd, 000296.650, 177
Trd, 000297.033, 177
Trd, 000297.333, 176
Trd, 000297.833, 176
Trd, 000297.917, 175
Trd, 000298.400, 173
Trd, 000298.500, 181
Trd, 000299.050, 181
Trd, 000299.300, 181
Trd, 000299.500, 182
Trd, 000299.867, 187
