Trd, 000001.617, 165
Trd, 000002.217, 163
Trd, 000002.300, 155
Trd, 000002.600, 142
Trd, 000003.467, 144
Trd, 000003.883, 155
Trd, 000004.383, 143
Trd, 000004.800, 156
Trd, 000005.067, 143
Trd, 000006.550, 145
Trd, 000006.683, 144
Trd, 000006.783, 156
Trd, 000007.800, 158
Trd, 000008.000, 158
Trd, 000008.417, 145
Trd, 000009.750, 152
Trd, 000009.833, 151
Trd, 000010.117, 153
Trd, 000010.317, 150
Trd, 000012.250, 153
Trd, 000012.367, 152
Trd, 000012.867, 151
Trd, 000013.083, 152
Trd, 000013.633, 152
Trd, 000014.300, 153
Trd, 000014.550, 154
Trd, 000015.833, 152
Trd, 000015.983, 152
Trd, 000016.767, 157
Trd, 000016.950, 148
Trd, 000016.983, 159
Trd, 000017.733, 145
Trd, 000017.817, 142
Trd, 000018.000, 137
Trd, 000018.317, 158
Trd, 000019.400, 156
Trd, 000019.650, 146
Trd, 000019.733, 152
Trd, 000019.883, 154
Trd, 000021.667, 154
Trd, 000021.717, 160
Trd, 000022.000, 174
Trd, 000023.050, 159
Trd, 000024.017, 161
Trd, 000024.283, 159
Trd, 000024.300, 158
Trd, 000024.350, 157
Trd, 000025.650, 153
Trd, 000025.783, 160
Trd, 000027.283, 152
Trd, 000028.217, 161
Trd, 000028.467, 161
Trd, 000028.500, 158
Trd, 000029.733, 158
Trd, 000029.767, 159
Trd, 000030.183, 150
Trd, 000030.750, 149
Trd, 000030.850, 147
Trd, 000030.933, 158
Trd, 000031.267, 161
Trd, 000032.167, 162
Trd, 000032.317, 168
Trd, 000033.067, 152
Trd, 000034.733, 153
Trd, 000034.817, 154
Trd, 000035.683, 153
Trd, 000035.733, 152
Trd, 000036.000, 148
Trd, 000036.450, 155
Trd, 000036.833, 147
Trd, 000037.000, 155
Trd, 000037.233, 156
Trd, 000038.000, 157
Trd, 000038.833, 155
Trd, 000039.583, 158
Trd, 000039.650, 159
Trd, 000039.817, 161
Trd, 000039.950, 157
Trd, 000039.967, 155
Trd, 000041.050, 147
Trd, 000042.317, 147
Trd, 000042.467, 150
Trd, 000043.550, 148
Trd, 000044.450, 152
Trd, 000045.017, 152
Trd, 000045.150, 150
Trd, 000045.333, 150
Trd, 000046.167, 150
Trd, 000046.267, 151
Trd, 000046.467, 150
Trd, 000049.167, 152
Trd, 000049.333, 153
Trd, 000049.600, 153
Trd, 000049.633, 152
Trd, 000049.683, 150
Trd, 000050.067, 153
Trd, 000050.300, 160
Trd, 000050.517, 160
Trd, 000050.700, 163
Trd, 000050.917, 149
Trd, 000051.983, 147
Trd, 000052.050, 161
Trd, 000053.367, 160
Trd, 000053.900, 154
Trd, 000054.183, 155
Trd, 000054.600, 157
Trd, 000054.783, 157
Trd, 000055.600, 156
Trd, 000055.833, 156
Trd, 000055.900, 158
Trd, 000056.100, 163
Trd, 000056.600, 150
Trd, 000057.417, 155
Trd, 000058.417, 153
Trd, 000058.550, 164
Trd, 000059.617, 150
Trd, 000059.817, 164
Trd, 000060.167, 150
Trd, 000060.333, 161
Trd, 000061.550, 159
Trd, 000061.633, 147
Trd, 000061.850, 159
Trd, 000062.033, 160
Trd, 000062.133, 178
Trd, 000064.850, 168
Trd, 000065.617, 158
Trd, 000065.667, 164
Trd, 000066.017, 164
Trd, 000066.317, 163
Trd, 000066.383, 160
Trd, 000066.500, 171
Trd, 000068.217, 150
Trd, 000068.367, 157
Trd, 000068.917, 162
Trd, 000069.283, 151
Trd, 000070.967, 156
Trd, 000071.067, 163
Trd, 000072.650, 160
Trd, 000072.667, 156
Trd, 000073.500, 158
Trd, 000073.633, 158
Trd, 000073.817, 159
Trd, 000073.917, 158
Trd, 000074.683, 160
Trd, 000075.217, 157
Trd, 000075.517, 165
Trd, 000075.783, 172
Trd, 000075.967, 174
Trd, 000077.117, 178
Trd, 000077.217, 176
Trd, 000077.233, 166
Trd, 000077.533, 189
Trd, 000079.283, 180
Trd, 000079.750, 173
Trd, 000080.283, 163
Trd, 000080.950, 178
Trd, 000081.200, 154
Trd, 000081.633, 153
Trd, 000082.467, 151
Trd, 000083.283, 140
Trd, 000083.917, 162
Trd, 000084.133, 161
Trd, 000084.333, 164
Trd, 000084.383, 166
Trd, 000084.817, 152
Trd, 000085.467, 164
Trd, 000085.500, 189
Trd, 000086.350, 175
Trd, 000086.750, 179
Trd, 000086.800, 154
Trd, 000087.883, 150
Trd, 000088.000, 178
Trd, 000088.450, 181
Trd, 000089.117, 159
Trd, 000089.250, 182
Trd, 000089.867, 180
Trd, 000091.100, 176
Trd, 000091.250, 180
Trd, 000091.850, 176
Trd, 000092.100, 175
Trd, 000092.950, 176
Trd, 000093.200, 174
Trd, 000093.350, 175
Trd, 000093.867, 156
Trd, 000094.817, 163
Trd, 000095.283, 156
Trd, 000095.983, 157
Trd, 000096.233, 164
Trd, 000096.350, 164
Trd, 000096.483, 164
Trd, 000097.317, 157
Trd, 000097.400, 155
Trd, 000098.350, 168
Trd, 000098.583, 189
Trd, 000099.183, 169
Trd, 000099.283, 174
Trd, 000099.600, 170
Trd, 000100.467, 173
Trd, 000101.033, 176
Trd, 000101.833, 170
Trd, 000102.083, 161
Trd, 000102.150, 176
Trd, 000102.600, 153
Trd, 000104.050, 165
Trd, 000104.700, 164
Trd, 000105.117, 162
Trd, 000105.300, 163
Trd, 000106.167, 163
Trd, 000106.533, 162
Trd, 000106.883, 162
Trd, 000107.400, 164
Trd, 000107.750, 158
Trd, 000107.817, 153
Trd, 000110.100, 163
Trd, 000110.267, 162
Trd, 000111.133, 165
Trd, 000111.517, 163
Trd, 000111.817, 158
Trd, 000112.383, 163
Trd, 000112.567, 169
Trd, 000113.300, 158
Trd, 000113.650, 166
Trd, 000114.183, 183
Trd, 000114.733, 176
Trd, 000115.083, 164
Trd, 000115.500, 160
Trd, 000115.700, 159
Trd, 000117.200, 161
Trd, 000117.633, 157
Trd, 000117.900, 159
Trd, 000118.350, 154
Trd, 000118.400, 155
Trd, 000118.483, 156
Trd, 000119.967, 159
Trd, 000120.400, 159
Trd, 000120.950, 158
Trd, 000120.967, 157
Trd, 000121.550, 158
Trd, 000121.767, 158
Trd, 000122.067, 160
Trd, 000122.700, 159
Trd, 000122.833, 167
Trd, 000123.300, 162
Trd, 000123.667, 161
Trd, 000124.000, 159
Trd, 000124.600, 156
Trd, 000125.950, 156
Trd, 000126.733, 159
Trd, 000127.100, 159
Trd, 000127.333, 156
Trd, 000127.933, 159
Trd, 000127.967, 160
Trd, 000127.983, 155
Trd, 000128.017, 161
Trd, 000128.800, 157
Trd, 000129.633, 161
Trd, 000131.567, 163
Trd, 000131.917, 165
Trd, 000132.283, 168
Trd, 000132.683, 171
Trd, 000133.450, 168
Trd, 000134.133, 170
Trd, 000134.450, 168
Trd, 000134.583, 170
Trd, 000135.633, 169
Trd, 000135.883, 168
Trd, 000135.950, 149
Trd, 000136.767, 171
Trd, 000137.400, 168
Trd, 000137.567, 157
Trd, 000137.800, 170
Trd, 000138.483, 162
Trd, 000138.717, 172
Trd, 000139.250, 189
Trd, 000139.317, 193
Trd, 000140.767, 181
Trd, 000141.317, 179
Trd, 000141.450, 180
Trd, 000142.383, 172
Trd, 000142.400, 176
Trd, 000144.200, 170
Trd, 000144.283, 169
Trd, 000144.433, 165
Trd, 000144.833, 176
Trd, 000145.683, 179
Trd, 000146.150, 175
Trd, 000146.233, 173
Trd, 000146.250, 160
Trd, 000146.667, 176
Trd, 000147.133, 178
Trd, 000148.650, 162
Trd, 000149.283, 155
Trd, 000149.667, 165
Trd, 000150.783, 166
Trd, 000150.850, 164
Trd, 000150.900, 167
Trd, 000150.933, 170
Trd, 000151.467, 164
Trd, 000152.250, 170
Trd, 000152.600, 158
Trd, 000152.650, 170
Trd, 000152.917, 173
Trd, 000153.133, 173
Trd, 000153.983, 181
Trd, 000154.067, 180
Trd, 000154.200, 187
Trd, 000155.317, 187
Trd, 000156.683, 180
Trd, 000157.483, 178
Trd, 000157.683, 178
Trd, 000157.900, 179
Trd, 000157.933, 177
Trd, 000158.933, 179
Trd, 000159.483, 176
Trd, 000159.617, 171
Trd, 000159.750, 179
Trd, 000159.850, 179
Trd, 000160.033, 167
Trd, 000161.150, 158
Trd, 000161.650, 169
Trd, 000162.417, 166
Trd, 000163.383, 164
Trd, 000163.550, 163
Trd, 000163.717, 162
Trd, 000164.433, 182
Trd, 000165.383, 163
Trd, 000165.617, 166
Trd, 000165.633, 163
Trd, 000166.067, 168
Trd, 000166.167, 174
Trd, 000166.483, 161
Trd, 000167.267, 172
Trd, 000168.483, 188
Trd, 000169.450, 162
Trd, 000169.683, 172
Trd, 000169.717, 195
Trd, 000170.583, 163
Trd, 000170.683, 171
Trd, 000170.717, 160
Trd, 000170.800, 171
Trd, 000172.233, 161
Trd, 000172.350, 166
Trd, 000173.233, 165
Trd, 000173.583, 166
Trd, 000174.433, 165
Trd, 000174.617, 165
Trd, 000174.733, 166
Trd, 000175.050, 166
Trd, 000175.150, 158
Trd, 000175.883, 167
Trd, 000176.517, 160
Trd, 000176.783, 148
Trd, 000178.283, 169
Trd, 000178.450, 169
Trd, 000178.883, 172
Trd, 000179.067, 176
Trd, 000179.100, 170
Trd, 000179.217, 169
Trd, 000180.100, 163
Trd, 000180.383, 173
Trd, 000181.767, 172
Trd, 000182.017, 164
Trd, 000182.967, 173
Trd, 000183.033, 164
Trd, 000183.267, 175
Trd, 000183.450, 176
Trd, 000184.383, 185
Trd, 000184.833, 184
Trd, 000185.283, 183
Trd, 000185.383, 173
Trd, 000186.067, 181
Trd, 000186.650, 182
Trd, 000187.083, 174
Trd, 000187.183, 169
Trd, 000187.233, 180
Trd, 000187.817, 176
Trd, 000188.467, 163
Trd, 000189.383, 162
Trd, 000189.600, 163
Trd, 000190.883, 164
Trd, 000191.067, 163
Trd, 000191.583, 167
Trd, 000192.133, 162
Trd, 000192.817, 167
Trd, 000193.183, 167
Trd, 000193.517, 172
Trd, 000194.667, 169
Trd, 000194.900, 164
Trd, 000195.200, 162
Trd, 000195.967, 164
Trd, 000196.050, 160
Trd, 000196.467, 168
Trd, 000196.767, 170
Trd, 000197.167, 185
Trd, 000197.450, 187
Trd, 000197.617, 175
Trd, 000198.533, 172
Trd, 000198.883, 164
Trd, 000199.017, 178
Trd, 000199.983, 173
Trd, 000200.783, 174
Trd, 000201.200, 164
Trd, 000201.817, 174
Trd, 000202.067, 166
Trd, 000203.133, 168
Trd, 000203.533, 166
Trd, 000203.867, 174
Trd, 000204.117, 175
Trd, 000204.367, 163
Trd, 000204.767, 173
Trd, 000204.800, 175
Trd, 000205.617, 176
Trd, 000205.667, 175
Trd, 000205.700, 192
Trd, 000208.333, 179
Trd, 000208.533, 181
Trd, 000208.750, 180
Trd, 000208.967, 183
Trd, 000209.133, 179
Trd, 000209.383, 176
Trd, 000210.267, 176
Trd, 000210.700, 179
Trd, 000211.350, 173
Trd, 000212.233, 178
Trd, 000212.283, 177
Trd, 000213.333, 165
Trd, 000214.017, 174
Trd, 000214.417, 175
Trd, 000214.600, 176
Trd, 000215.300, 176
Trd, 000215.817, 169
Trd, 000216.700, 174
Trd, 000217.433, 175
Trd, 000217.633, 174
Trd, 000218.083, 177
Trd, 000218.800, 165
Trd, 000218.900, 178
Trd, 000220.000, 167
Trd, 000220.283, 177
Trd, 000220.667, 169
Trd, 000221.317, 177
Trd, 000221.433, 178
Trd, 000221.883, 180
Trd, 000223.033, 187
Trd, 000223.050, 174
Trd, 000223.617, 176
Trd, 000224.100, 176
Trd, 000224.267, 173
Trd, 000224.900, 179
Trd, 000225.583, 180
Trd, 000225.700, 180
Trd, 000227.183, 181
Trd, 000227.783, 185
Trd, 000228.017, 181
Trd, 000228.250, 183
Trd, 000228.417, 195
Trd, 000228.683, 180
Trd, 000229.650, 186
Trd, 000230.450, 184
Trd, 000231.233, 183
Trd, 000232.000, 184
Trd, 000233.017, 186
Trd, 000233.500, 186
Trd, 000234.150, 185
Trd, 000234.200, 178
Trd, 000234.417, 195
Trd, 000234.800, 191
Trd, 000235.133, 175
Trd, 000235.400, 174
Trd, 000235.667, 179
Trd, 000236.150, 168
Trd, 000237.550, 167
Trd, 000238.033, 167
Trd, 000238.767, 170
Trd, 000239.367, 171
Trd, 000239.617, 173
Trd, 000240.017, 181
Trd, 000240.400, 176
Trd, 000240.633, 177
Trd, 000240.900, 177
Trd, 000240.933, 179
Trd, 000241.033, 173
Trd, 000241.250, 172
Trd, 000242.517, 176
Trd, 000242.883, 177
Trd, 000243.133, 172
Trd, 000243.600, 170
Trd, 000243.733, 169
Trd, 000244.017, 167
Trd, 000244.367, 166
Trd, 000244.683, 167
Trd, 000245.033, 172
Trd, 000245.250, 182
Trd, 000246.333, 177
Trd, 000247.283, 180
Trd, 000247.433, 171
Trd, 000247.900, 180
Trd, 000248.400, 172
Trd, 000248.500, 172
Trd, 000248.567, 161
Trd, 000249.050, 169
Trd, 000249.083, 172
Trd, 000249.683, 172
Trd, 000249.850, 166
Trd, 000250.183, 169
Trd, 000250.233, 175
Trd, 000250.550, 178
Trd, 000250.567, 168
Trd, 000251.150, 174
Trd, 000251.400, 171
Trd, 000252.617, 172
Trd, 000252.667, 174
Trd, 000252.767, 172
Trd, 000253.117, 173
Trd, 000253.367, 170
Trd, 000253.600, 174
Trd, 000253.717, 183
Trd, 000254.967, 169
Trd, 000255.183, 175
Trd, 000255.417, 178
Trd, 000255.833, 176
Trd, 000256.017, 176
Trd, 000257.000, 173
Trd, 000257.700, 172
Trd, 000257.800, 169
Trd, 000258.867, 169
Trd, 000258.917, 167
Trd, 000259.150, 172
Trd, 000259.333, 173
Trd, 000259.717, 174
Trd, 000259.900, 174
Trd, 000260.083, 173
Trd, 000260.350, 172
Trd, 000261.117, 169
Trd, 000261.933, 167
Trd, 000262.050, 166
Trd, 000262.183, 167
Trd, 000262.433, 170
Trd, 000262.633, 172
Trd, 000262.767, 174
Trd, 000262.933, 177
Trd, 000262.983, 180
Trd, 000263.350, 181
Trd, 000264.433, 176
Trd, 000264.633, 179
Trd, 000264.917, 176
Trd, 000265.417, 179
Trd, 000265.917, 176
Trd, 000266.233, 175
Trd, 000266.900, 171
Trd, 000267.450, 170
Trd, 000267.600, 169
Trd, 000267.683, 167
Trd, 000267.767, 167
Trd, 000268.083, 172
Trd, 000268.100, 162
Trd, 000268.633, 171
Trd, 000269.067, 177
Trd, 000269.317, 178
Trd, 000269.350, 182
Trd, 000269.367, 185
Trd, 000270.233, 191
Trd, 000270.933, 172
Trd, 000271.133, 170
Trd, 000271.250, 170
Trd, 000271.433, 169
Trd, 000272.233, 171
Trd, 000272.700, 175
Trd, 000272.917, 169
Trd, 000273.583, 175
Trd, 000274.000, 170
Trd, 000274.450, 171
Trd, 000274.717, 172
Trd, 000274.983, 176
Trd, 000275.550, 176
Trd, 000276.517, 174
Trd, 000276.883, 183
Trd, 000276.933, 190
Trd, 000277.083, 186
Trd, 000277.433, 183
Trd, 000277.767, 181
Trd, 000278.250, 177
Trd, 000278.750, 164
Trd, 000278.967, 182
Trd, 000279.000, 184
Trd, 000279.417, 183
Trd, 000279.983, 171
Trd, 000280.117, 173
Trd, 000280.950, 172
Trd, 000281.017, 173
Trd, 000281.183, 186
Trd, 000282.050, 172
Trd, 000282.233, 172
Trd, 000282.383, 171
Trd, 000283.100, 171
Trd, 000283.167, 169
Trd, 000283.500, 175
Trd, 000283.817, 170
Trd, 000283.950, 169
Trd, 000284.417, 172
Trd, 000284.667, 200
Trd, 000285.150, 196
Trd, 000285.417, 193
Trd, 000285.500, 197
Trd, 000286.650, 180
Trd, 000286.867, 184
Trd, 000287.150, 179
Trd, 000287.717, 184
Trd, 000287.767, 185
Trd, 000287.967, 183
Trd, 000288.483, 179
Trd, 000289.333, 186
Trd, 000289.583, 174
Trd, 000290.050, 187
Trd, 000290.817, 190
Trd, 000291.750, 179
Trd, 000291.783, 178
Trd, 000292.083, 175
Trd, 000292.217, 184
Trd, 000292.233, 172
Trd, 000292.267, 186
Trd, 000292.633, 180
Trd, 000292.983, 173
Trd, 000293.300, 184
Trd, 000293.450, 199
Trd, 000293.500, 173
Trd, 000295.267, 188
Trd, 000296.217, 173
Trd, 000296.317, 172
Trd, 000296.550, 165
Trd, 000297.667, 172
Trd, 000297.867, 172
Trd, 000298.050, 173
Trd, 000298.467, 171
Trd, 000298.700, 174
Trd, 000298.917, 175
Trd, 000299.683, 174
