Trd, 000000.883, 186
Trd, 000002.200, 193
Trd, 000003.017, 144
Trd, 000003.267, 182
Trd, 000003.367, 135
Trd, 000003.600, 135
Trd, 000003.733, 134
Trd, 000004.367, 139
Trd, 000005.700, 155
Trd, 000006.717, 173
Trd, 000006.800, 155
Trd, 000006.833, 174
Trd, 000006.917, 154
Trd, 000007.333, 153
Trd, 000007.883, 150
Trd, 000008.200, 148
Trd, 000008.467, 166
Trd, 000008.767, 173
Trd, 000010.167, 145
Trd, 000010.450, 154
Trd, 000011.017, 142
Trd, 000011.867, 144
Trd, 000012.817, 141
Trd, 000013.433, 141
Trd, 000013.650, 142
Trd, 000014.233, 138
Trd, 000014.450, 139
Trd, 000014.633, 138
Trd, 000014.717, 139
Trd, 000015.150, 159
Trd, 000016.450, 145
Trd, 000017.383, 138
Trd, 000017.483, 136
Trd, 000018.300, 137
Trd, 000018.467, 137
Trd, 000018.517, 139
Trd, 000018.883, 139
Trd, 000019.150, 138
Trd, 000019.683, 139
Trd, 000020.133, 140
Trd, 000020.600, 144
Trd, 000020.683, 161
Trd, 000021.733, 164
Trd, 000022.650, 144
Trd, 000023.150, 146
Trd, 000023.300, 149
Trd, 000024.150, 154
Trd, 000024.500, 151
Trd, 000024.667, 150
Trd, 000024.817, 159
Trd, 000025.250, 160
Trd, 000025.767, 186
Trd, 000026.233, 150
Trd, 000027.850, 153
Trd, 000028.000, 159
Trd, 000028.750, 155
Trd, 000029.033, 156
Trd, 000030.267, 150
Trd, 000030.517, 152
Trd, 000030.617, 155
Trd, 000030.667, 156
Trd, 000030.833, 156
Trd, 000031.000, 161
Trd, 000031.650, 152
Trd, 000032.667, 151
Trd, 000033.833, 148
Trd, 000034.483, 150
Trd, 000035.100, 149
Trd, 000035.217, 150
Trd, 000035.333, 147
Trd, 000035.450, 161
Trd, 000035.667, 147
Trd, 000036.000, 144
Trd, 000036.800, 152
Trd, 000037.867, 153
Trd, 000037.967, 154
Trd, 000038.033, 162
Trd, 000038.750, 138
Trd, 000039.017, 169
Trd, 000039.400, 190
Trd, 000040.350, 147
Trd, 000041.133, 147
Trd, 000041.900, 147
Trd, 000041.967, 159
Trd, 000042.933, 159
Trd, 000043.983, 148
Trd, 000045.083, 156
Trd, 000045.100, 157
Trd, 000045.217, 157
Trd, 000045.617, 160
Trd, 000045.817, 162
Trd, 000048.233, 153
Trd, 000048.750, 155
Trd, 000049.517, 155
Trd, 000050.817, 155
Trd, 000050.833, 153
Trd, 000051.017, 156
Trd, 000051.667, 155
Trd, 000051.917, 156
Trd, 000052.000, 156
Trd, 000052.250, 163
Trd, 000052.883, 153
Trd, 000053.267, 160
Trd, 000053.533, 158
Trd, 000054.200, 157
Trd, 000054.450, 150
Trd, 000055.117, 156
Trd, 000056.367, 157
Trd, 000057.517, 167
Trd, 000058.117, 159
Trd, 000059.300, 154
Trd, 000060.183, 157
Trd, 000060.417, 157
Trd, 000060.467, 158
Trd, 000060.650, 156
Trd, 000060.933, 157
Trd, 000061.650, 150
Trd, 000062.467, 151
Trd, 000063.400, 153
Trd, 000064.100, 156
Trd, 000064.383, 155
Trd, 000064.600, 156
Trd, 000065.817, 156
Trd, 000066.133, 163
Trd, 000066.333, 147
Trd, 000067.967, 157
Trd, 000068.567, 157
Trd, 000068.650, 151
Trd, 000068.867, 152
Trd, 000069.633, 157
Trd, 000069.833, 153
Trd, 000070.400, 158
Trd, 000070.450, 153
Trd, 000070.717, 151
Trd, 000070.783, 153
Trd, 000070.900, 156
Trd, 000071.200, 156
Trd, 000071.767, 156
Trd, 000071.933, 158
Trd, 000073.017, 156
Trd, 000074.483, 155
Trd, 000075.267, 157
Trd, 000075.783, 159
Trd, 000075.967, 164
Trd, 000076.150, 156
Trd, 000076.867, 161
Trd, 000077.533, 165
Trd, 000077.717, 162
Trd, 000078.617, 159
Trd, 000078.750, 156
Trd, 000078.817, 161
Trd, 000079.517, 158
Trd, 000080.917, 156
Trd, 000081.800, 165
Trd, 000082.050, 166
Trd, 000082.450, 157
Trd, 000082.700, 156
Trd, 000082.883, 161
Trd, 000083.467, 156
Trd, 000084.133, 161
Trd, 000084.367, 161
Trd, 000085.600, 153
Trd, 000086.783, 150
Trd, 000087.283, 150
Trd, 000087.300, 149
Trd, 000087.867, 158
Trd, 000088.133, 156
Trd, 000088.300, 158
Trd, 000088.933, 158
Trd, 000090.067, 163
Trd, 000090.583, 156
Trd, 000091.167, 160
Trd, 000092.200, 170
Trd, 000092.567, 154
Trd, 000092.683, 153
Trd, 000094.600, 158
Trd, 000094.750, 160
Trd, 000095.367, 157
Trd, 000095.400, 156
Trd, 000095.733, 158
Trd, 000097.050, 157
Trd, 000097.333, 158
Trd, 000097.617, 159
Trd, 000098.233, 159
Trd, 000098.567, 158
Trd, 000098.933, 159
Trd, 000099.033, 160
Trd, 000099.250, 156
Trd, 000099.317, 168
Trd, 000100.350, 157
Trd, 000100.600, 162
Trd, 000100.917, 154
Trd, 000101.617, 159
Trd, 000101.650, 151
Trd, 000103.367, 160
Trd, 000103.867, 161
Trd, 000103.950, 156
Trd, 000104.217, 155
Trd, 000105.467, 158
Trd, 000105.883, 160
Trd, 000106.950, 166
Trd, 000107.117, 158
Trd, 000107.550, 159
Trd, 000108.517, 158
Trd, 000108.883, 153
Trd, 000109.317, 154
Trd, 000109.783, 158
Trd, 000110.000, 158
Trd, 000110.717, 160
Trd, 000110.767, 160
Trd, 000110.967, 169
Trd, 000111.300, 160
Trd, 000111.517, 159
Trd, 000113.417, 161
Trd, 000113.733, 161
Trd, 000115.067, 160
Trd, 000115.567, 160
Trd, 000115.650, 159
Trd, 000115.883, 161
Trd, 000115.950, 161
Trd, 000116.633, 169
Trd, 000117.383, 165
Trd, 000117.400, 171
Trd, 000117.567, 173
Trd, 000118.200, 183
Trd, 000118.717, 177
Trd, 000118.817, 162
Trd, 000119.933, 160
Trd, 000120.133, 153
Trd, 000121.833, 165
Trd, 000122.317, 162
Trd, 000122.783, 157
Trd, 000124.400, 164
Trd, 000125.450, 161
Trd, 000125.567, 163
Trd, 000125.850, 164
Trd, 000126.533, 163
Trd, 000126.800, 164
Trd, 000127.650, 177
Trd, 000128.500, 165
Trd, 000129.650, 163
Trd, 000130.567, 164
Trd, 000130.900, 164
Trd, 000131.417, 163
Trd, 000131.833, 161
Trd, 000132.817, 163
Trd, 000133.417, 163
Trd, 000134.017, 164
Trd, 000134.917, 162
Trd, 000136.067, 162
Trd, 000136.367, 165
Trd, 000136.417, 161
Trd, 000136.717, 171
Trd, 000137.050, 156
Trd, 000138.267, 157
Trd, 000138.383, 163
Trd, 000138.450, 157
Trd, 000138.950, 156
Trd, 000139.817, 159
Trd, 000140.367, 160
Trd, 000140.833, 158
Trd, 000141.633, 161
Trd, 000142.717, 157
Trd, 000142.800, 162
Trd, 000144.683, 158
Trd, 000144.983, 159
Trd, 000145.367, 161
Trd, 000145.867, 159
Trd, 000145.933, 161
Trd, 000146.717, 162
Trd, 000146.733, 158
Trd, 000147.000, 164
Trd, 000148.483, 173
Trd, 000149.117, 170
Trd, 000149.450, 169
Trd, 000150.133, 163
Trd, 000150.300, 159
Trd, 000150.683, 156
Trd, 000151.050, 174
Trd, 000151.567, 157
Trd, 000153.317, 164
Trd, 000153.650, 163
Trd, 000154.583, 160
Trd, 000154.867, 160
Trd, 000155.383, 162
Trd, 000155.450, 160
Trd, 000155.483, 163
Trd, 000155.883, 163
Trd, 000156.817, 163
Trd, 000157.667, 160
Trd, 000157.867, 164
Trd, 000158.083, 159
Trd, 000158.417, 157
Trd, 000158.850, 163
Trd, 000160.450, 153
Trd, 000161.350, 156
Trd, 000161.683, 157
Trd, 000162.000, 158
Trd, 000162.100, 162
Trd, 000162.417, 157
Trd, 000163.317, 174
Trd, 000163.633, 160
Trd, 000164.283, 162
Trd, 000164.450, 164
Trd, 000164.617, 160
Trd, 000165.283, 155
Trd, 000166.200, 160
Trd, 000166.433, 160
Trd, 000166.633, 178
Trd, 000167.267, 171
Trd, 000169.217, 166
Trd, 000169.617, 171
Trd, 000169.833, 162
Trd, 000170.133, 172
Trd, 000170.300, 162
Trd, 000171.067, 167
Trd, 000172.333, 169
Trd, 000173.833, 169
Trd, 000173.917, 164
Trd, 000174.783, 170
Trd, 000174.900, 166
Trd, 000175.533, 165
Trd, 000176.050, 159
Trd, 000176.133, 165
Trd, 000176.800, 169
Trd, 000176.917, 172
Trd, 000178.417, 165
Trd, 000178.667, 169
Trd, 000178.800, 175
Trd, 000178.867, 164
Trd, 000179.850, 179
Trd, 000180.467, 165
Trd, 000180.700, 175
Trd, 000180.983, 163
Trd, 000182.050, 162
Trd, 000182.183, 173
Trd, 000185.100, 169
Trd, 000185.683, 167
Trd, 000186.050, 169
Trd, 000186.200, 170
Trd, 000186.383, 171
Trd, 000187.000, 167
Trd, 000187.017, 176
Trd, 000188.317, 172
Trd, 000188.400, 166
Trd, 000188.700, 173
Trd, 000188.850, 165
Trd, 000188.917, 172
Trd, 000189.717, 163
Trd, 000189.867, 174
Trd, 000192.800, 167
Trd, 000193.033, 169
Trd, 000193.417, 164
Trd, 000193.617, 164
Trd, 000194.267, 168
Trd, 000195.350, 166
Trd, 000195.500, 165
Trd, 000195.967, 167
Trd, 000196.317, 167
Trd, 000196.533, 163
Trd, 000197.300, 168
Trd, 000197.467, 171
Trd, 000197.883, 177
Trd, 000198.400, 184
Trd, 000198.550, 193
Trd, 000198.717, 191
Trd, 000199.400, 188
Trd, 000200.817, 173
Trd, 000201.400, 174
Trd, 000202.400, 165
Trd, 000203.050, 173
Trd, 000204.933, 170
Trd, 000205.100, 165
Trd, 000205.367, 171
Trd, 000205.400, 172
Trd, 000205.717, 173
Trd, 000207.217, 168
Trd, 000207.783, 174
Trd, 000207.867, 174
Trd, 000207.917, 165
Trd, 000208.350, 165
Trd, 000209.750, 169
Trd, 000210.017, 171
Trd, 000210.267, 172
Trd, 000210.467, 173
Trd, 000214.133, 171
Trd, 000214.200, 170
Trd, 000214.333, 171
Trd, 000214.617, 169
Trd, 000214.750, 172
Trd, 000215.217, 168
Trd, 000216.250, 174
Trd, 000216.817, 174
Trd, 000217.517, 178
Trd, 000217.667, 170
Trd, 000218.000, 177
Trd, 000218.667, 179
Trd, 000220.083, 171
Trd, 000221.133, 177
Trd, 000221.567, 171
Trd, 000222.083, 174
Trd, 000222.533, 173
Trd, 000223.483, 174
Trd, 000224.133, 174
Trd, 000224.300, 171
Trd, 000225.250, 171
Trd, 000225.833, 171
Trd, 000225.900, 173
Trd, 000226.000, 170
Trd, 000226.067, 174
Trd, 000226.283, 180
Trd, 000227.217, 176
Trd, 000227.233, 181
Trd, 000228.833, 171
Trd, 000229.333, 175
Trd, 000229.817, 173
Trd, 000231.167, 173
Trd, 000231.400, 175
Trd, 000231.483, 177
Trd, 000231.717, 172
Trd, 000231.900, 177
Trd, 000232.100, 181
Trd, 000232.617, 174
Trd, 000232.733, 185
Trd, 000233.417, 188
Trd, 000233.917, 176
Trd, 000234.117, 176
Trd, 000235.667, 174
Trd, 000235.883, 174
Trd, 000236.000, 175
Trd, 000236.017, 176
Trd, 000236.883, 168
Trd, 000236.900, 180
Trd, 000238.567, 177
Trd, 000238.750, 160
Trd, 000238.833, 157
Trd, 000239.100, 181
Trd, 000239.967, 181
Trd, 000240.267, 178
Trd, 000240.317, 180
Trd, 000240.550, 182
Trd, 000241.617, 185
Trd, 000241.967, 182
Trd, 000242.333, 176
Trd, 000242.767, 172
Trd, 000242.883, 181
Trd, 000243.233, 182
Trd, 000243.433, 169
Trd, 000243.767, 178
Trd, 000245.333, 172
Trd, 000245.700, 173
Trd, 000246.150, 174
Trd, 000246.500, 174
Trd, 000247.150, 182
Trd, 000248.167, 179
Trd, 000248.483, 179
Trd, 000248.867, 178
Trd, 000249.517, 180
Trd, 000250.233, 175
Trd, 000250.683, 175
Trd, 000251.083, 174
Trd, 000251.600, 171
Trd, 000252.033, 175
Trd, 000252.333, 176
Trd, 000252.400, 173
Trd, 000252.850, 169
Trd, 000253.000, 176
Trd, 000254.250, 173
Trd, 000254.667, 171
Trd, 000254.783, 170
Trd, 000255.167, 173
Trd, 000255.700, 173
Trd, 000256.100, 173
Trd, 000256.150, 172
Trd, 000256.250, 170
Trd, 000256.933, 168
Trd, 000257.633, 174
Trd, 000257.933, 175
Trd, 000259.167, 172
Trd, 000259.600, 172
Trd, 000259.617, 175
Trd, 000260.017, 174
Trd, 000260.783, 176
Trd, 000261.183, 184
Trd, 000261.950, 178
Trd, 000262.233, 174
Trd, 000262.383, 174
Trd, 000262.400, 177
Trd, 000263.000, 178
Trd, 000263.583, 179
Trd, 000264.117, 179
Trd, 000264.183, 187
Trd, 000264.583, 178
Trd, 000264.667, 177
Trd, 000264.750, 174
Trd, 000265.817, 176
Trd, 000266.067, 173
Trd, 000266.117, 179
Trd, 000266.733, 173
Trd, 000267.500, 170
Trd, 000267.750, 177
Trd, 000267.817, 167
Trd, 000268.133, 174
Trd, 000269.367, 171
Trd, 000270.417, 176
Trd, 000270.700, 181
Trd, 000270.933, 176
Trd, 000271.517, 178
Trd, 000271.683, 175
Trd, 000272.450, 177
Trd, 000272.783, 178
Trd, 000273.850, 175
Trd, 000274.550, 171
Trd, 000275.183, 171
Trd, 000275.367, 177
Trd, 000275.550, 171
Trd, 000276.083, 179
Trd, 000276.117, 185
Trd, 000276.217, 189
Trd, 000276.433, 171
Trd, 000276.700, 185
Trd, 000277.533, 189
Trd, 000278.033, 183
Trd, 000278.617, 183
Trd, 000278.833, 173
Trd, 000278.983, 186
Trd, 000280.050, 186
Trd, 000280.400, 186
Trd, 000280.467, 190
Trd, 000280.800, 177
Trd, 000281.250, 186
Trd, 000281.600, 179
Trd, 000282.467, 183
Trd, 000282.933, 176
Trd, 000283.000, 183
Trd, 000283.083, 177
Trd, 000283.317, 172
Trd, 000284.617, 170
Trd, 000285.183, 173
Trd, 000285.583, 174
Trd, 000286.067, 174
Trd, 000286.133, 172
Trd, 000286.400, 178
Trd, 000286.583, 171
Trd, 000287.000, 176
Trd, 000287.283, 177
Trd, 000287.817, 172
Trd, 000287.867, 182
Trd, 000288.067, 183
Trd, 000288.617, 172
Trd, 000289.450, 171
Trd, 000290.033, 173
Trd, 000290.433, 177
Trd, 000290.817, 179
Trd, 000291.000, 173
Trd, 000291.733, 186
Trd, 000291.817, 173
Trd, 000292.033, 184
Trd, 000292.267, 171
Trd, 000292.933, 170
Trd, 000293.500, 171
Trd, 000294.000, 179
Trd, 000294.583, 170
Trd, 000295.150, 178
Trd, 000295.217, 178
Trd, 000296.200, 181
Trd, 000296.300, 174
Trd, 000296.667, 187
Trd, 000296.833, 173
Trd, 000296.883, 189
Trd, 000297.050, 191
Trd, 000297.617, 170
Trd, 000297.817, 171
Trd, 000297.900, 169
Trd, 000298.817, 187
Trd, 000299.067, 172
