Trd, 000000.533, 144
Trd, 000001.317, 141
Trd, 000002.917, 144
Trd, 000003.450, 139
Trd, 000003.950, 129
Trd, 000004.017, 106
Trd, 000004.317, 128
Trd, 000004.517, 108
Trd, 000004.817, 134
Trd, 000004.867, 141
Trd, 000005.333, 150
Trd, 000006.233, 142
Trd, 000006.333, 147
Trd, 000006.817, 141
Trd, 000007.000, 142
Trd, 000008.700, 146
Trd, 000009.050, 146
Trd, 000009.467, 145
Trd, 000009.650, 145
Trd, 000010.567, 146
Trd, 000011.333, 147
Trd, 000012.433, 150
Trd, 000012.583, 149
Trd, 000013.333, 150
Trd, 000013.383, 146
Trd, 000014.500, 149
Trd, 000014.900, 150
Trd, 000015.333, 152
Trd, 000015.600, 147
Trd, 000017.083, 150
Trd, 000017.383, 150
Trd, 000017.533, 148
Trd, 000017.617, 149
Trd, 000018.017, 148
Trd, 000018.200, 148
Trd, 000018.633, 147
Trd, 000019.083, 153
Trd, 000019.433, 147
Trd, 000020.700, 147
Trd, 000021.233, 146
Trd, 000021.550, 148
Trd, 000022.400, 146
Trd, 000022.783, 146
Trd, 000023.433, 146
Trd, 000023.467, 145
Trd, 000023.600, 138
Trd, 000023.617, 145
Trd, 000023.750, 143
Trd, 000025.733, 137
Trd, 000026.100, 138
Trd, 000026.133, 137
Trd, 000026.367, 140
Trd, 000026.717, 137
Trd, 000027.083, 137
Trd, 000028.617, 138
Trd, 000028.883, 138
Trd, 000029.550, 139
Trd, 000030.250, 139
Trd, 000030.267, 144
Trd, 000030.883, 138
Trd, 000031.217, 141
Trd, 000031.633, 146
Trd, 000032.050, 147
Trd, 000032.150, 154
Trd, 000033.183, 147
Trd, 000033.617, 147
Trd, 000034.167, 149
Trd, 000034.283, 147
Trd, 000034.367, 170
Trd, 000035.033, 146
Trd, 000035.417, 146
Trd, 000035.500, 147
Trd, 000035.600, 152
Trd, 000038.483, 152
Trd, 000039.650, 153
Trd, 000040.100, 154
Trd, 000040.500, 155
Trd, 000040.650, 153
Trd, 000041.183, 151
Trd, 000041.750, 150
Trd, 000043.200, 153
Trd, 000043.317, 152
Trd, 000043.517, 151
Trd, 000043.867, 150
Trd, 000044.267, 150
Trd, 000045.100, 149
Trd, 000045.417, 150
Trd, 000045.600, 148
Trd, 000045.617, 151
Trd, 000047.750, 151
Trd, 000049.317, 151
Trd, 000049.567, 149
Trd, 000050.050, 148
Trd, 000050.567, 148
Trd, 000050.850, 147
Trd, 000051.033, 147
Trd, 000051.050, 148
Trd, 000051.233, 146
Trd, 000051.333, 149
Trd, 000051.483, 149
Trd, 000052.717, 146
Trd, 000052.983, 145
Trd, 000053.633, 147
Trd, 000054.317, 147
Trd, 000054.700, 147
Trd, 000054.933, 146
Trd, 000055.067, 148
Trd, 000056.050, 148
Trd, 000056.133, 147
Trd, 000056.150, 148
Trd, 000056.433, 146
Trd, 000056.700, 149
Trd, 000057.083, 149
Trd, 000057.117, 156
Trd, 000058.000, 156
Trd, 000058.900, 148
Trd, 000059.950, 152
Trd, 000061.017, 155
Trd, 000061.900, 153
Trd, 000062.167, 153
Trd, 000062.383, 153
Trd, 000062.650, 154
Trd, 000064.217, 153
Trd, 000064.400, 151
Trd, 000064.533, 151
Trd, 000064.750, 150
Trd, 000066.917, 154
Trd, 000068.583, 154
Trd, 000068.650, 153
Trd, 000069.633, 153
Trd, 000069.700, 156
Trd, 000069.917, 151
Trd, 000070.167, 153
Trd, 000070.183, 152
Trd, 000070.467, 155
Trd, 000070.500, 151
Trd, 000071.033, 159
Trd, 000071.850, 157
Trd, 000072.983, 151
Trd, 000073.400, 154
Trd, 000074.333, 153
Trd, 000074.567, 152
Trd, 000075.217, 151
Trd, 000076.600, 151
Trd, 000077.000, 150
Trd, 000077.083, 151
Trd, 000078.417, 151
Trd, 000078.983, 151
Trd, 000079.117, 148
Trd, 000079.250, 152
Trd, 000080.433, 150
Trd, 000081.083, 150
Trd, 000082.067, 151
Trd, 000082.117, 151
Trd, 000083.483, 150
Trd, 000083.817, 150
Trd, 000083.850, 150
Trd, 000083.933, 152
Trd, 000084.133, 149
Trd, 000084.683, 149
Trd, 000084.967, 149
Trd, 000085.417, 149
Trd, 000085.633, 148
Trd, 000086.100, 148
Trd, 000086.400, 148
Trd, 000086.850, 149
Trd, 000086.883, 150
Trd, 000086.933, 159
Trd, 000087.667, 161
Trd, 000087.717, 159
Trd, 000089.600, 160
Trd, 000089.617, 160
Trd, 000090.317, 159
Trd, 000090.683, 161
Trd, 000090.917, 158
Trd, 000092.400, 158
Trd, 000092.733, 158
Trd, 000093.267, 158
Trd, 000094.183, 159
Trd, 000094.467, 158
Trd, 000094.550, 158
Trd, 000095.600, 157
Trd, 000096.200, 157
Trd, 000096.300, 157
Trd, 000096.783, 157
Trd, 000096.900, 156
Trd, 000096.983, 158
Trd, 000097.200, 154
Trd, 000097.950, 157
Trd, 000098.467, 154
Trd, 000099.517, 158
Trd, 000099.867, 158
Trd, 000101.150, 156
Trd, 000101.317, 158
Trd, 000102.183, 156
Trd, 000102.533, 155
Trd, 000102.867, 153
Trd, 000103.283, 155
Trd, 000104.800, 152
Trd, 000105.383, 155
Trd, 000106.300, 154
Trd, 000106.600, 155
Trd, 000107.867, 155
Trd, 000108.283, 157
Trd, 000108.883, 155
Trd, 000109.667, 156
Trd, 000110.617, 157
Trd, 000110.683, 158
Trd, 000112.050, 161
Trd, 000112.250, 161
Trd, 000112.500, 160
Trd, 000112.567, 158
Trd, 000113.167, 160
Trd, 000113.233, 161
Trd, 000113.383, 162
Trd, 000115.250, 159
Trd, 000115.783, 159
Trd, 000115.933, 159
Trd, 000116.500, 161
Trd, 000116.633, 155
Trd, 000118.417, 162
Trd, 000118.550, 156
Trd, 000118.783, 156
Trd, 000119.383, 156
Trd, 000120.767, 157
Trd, 000121.633, 157
Trd, 000121.700, 156
Trd, 000122.300, 154
Trd, 000122.683, 156
Trd, 000122.833, 153
Trd, 000124.183, 152
Trd, 000124.450, 151
Trd, 000124.550, 152
Trd, 000124.617, 153
Trd, 000125.850, 152
Trd, 000126.200, 152
Trd, 000126.233, 151
Trd, 000126.817, 153
Trd, 000127.483, 154
Trd, 000127.533, 151
Trd, 000128.167, 155
Trd, 000128.583, 156
Trd, 000129.667, 154
Trd, 000131.017, 155
Trd, 000131.050, 154
Trd, 000132.050, 155
Trd, 000132.217, 155
Trd, 000132.850, 155
Trd, 000132.883, 153
Trd, 000133.383, 155
Trd, 000133.650, 155
Trd, 000133.667, 154
Trd, 000134.533, 157
Trd, 000135.067, 160
Trd, 000135.817, 157
Trd, 000135.883, 158
Trd, 000136.983, 159
Trd, 000137.300, 168
Trd, 000137.733, 158
Trd, 000139.083, 165
Trd, 000139.817, 164
Trd, 000140.350, 165
Trd, 000140.800, 165
Trd, 000140.917, 165
Trd, 000141.050, 164
Trd, 000141.483, 164
Trd, 000141.933, 163
Trd, 000142.233, 162
Trd, 000142.950, 158
Trd, 000143.117, 155
Trd, 000143.217, 162
Trd, 000143.817, 155
Trd, 000144.750, 156
Trd, 000145.567, 156
Trd, 000145.850, 155
Trd, 000146.900, 156
Trd, 000147.317, 155
Trd, 000147.983, 154
Trd, 000148.667, 155
Trd, 000149.400, 154
Trd, 000149.550, 155
Trd, 000150.383, 156
Trd, 000151.583, 157
Trd, 000151.983, 158
Trd, 000153.250, 155
Trd, 000153.717, 156
Trd, 000154.300, 156
Trd, 000154.800, 155
Trd, 000154.933, 156
Trd, 000155.167, 156
Trd, 000155.217, 157
Trd, 000155.467, 157
Trd, 000155.550, 159
Trd, 000155.700, 156
Trd, 000157.383, 158
Trd, 000157.850, 159
Trd, 000158.067, 159
Trd, 000158.583, 158
Trd, 000159.733, 158
Trd, 000159.767, 159
Trd, 000160.083, 160
Trd, 000161.700, 160
Trd, 000161.717, 163
Trd, 000162.350, 164
Trd, 000162.750, 165
Trd, 000163.283, 163
Trd, 000163.433, 162
Trd, 000164.283, 162
Trd, 000165.267, 161
Trd, 000165.333, 162
Trd, 000165.567, 163
Trd, 000166.850, 163
Trd, 000167.633, 160
Trd, 000167.683, 162
Trd, 000168.217, 162
Trd, 000168.300, 158
Trd, 000168.633, 158
Trd, 000168.733, 157
Trd, 000168.867, 150
Trd, 000169.717, 158
Trd, 000170.617, 158
Trd, 000171.083, 158
Trd, 000171.100, 159
Trd, 000171.850, 158
Trd, 000172.717, 159
Trd, 000172.883, 157
Trd, 000174.250, 157
Trd, 000174.867, 158
Trd, 000175.200, 156
Trd, 000175.267, 158
Trd, 000175.367, 159
Trd, 000176.117, 158
Trd, 000176.283, 159
Trd, 000176.517, 159
Trd, 000177.450, 159
Trd, 000178.300, 161
Trd, 000178.500, 162
Trd, 000179.300, 162
Trd, 000179.367, 162
Trd, 000179.817, 161
Trd, 000179.850, 162
Trd, 000180.300, 160
Trd, 000180.750, 161
Trd, 000181.233, 160
Trd, 000181.517, 159
Trd, 000183.567, 161
Trd, 000184.867, 161
Trd, 000184.950, 159
Trd, 000185.283, 162
Trd, 000186.267, 159
Trd, 000186.300, 161
Trd, 000186.417, 161
Trd, 000187.067, 160
Trd, 000187.500, 159
Trd, 000187.633, 158
Trd, 000187.967, 159
Trd, 000189.083, 159
Trd, 000189.167, 160
Trd, 000189.667, 162
Trd, 000190.417, 158
Trd, 000190.517, 159
Trd, 000191.183, 158
Trd, 000191.917, 159
Trd, 000192.750, 159
Trd, 000193.000, 160
Trd, 000193.833, 160
Trd, 000194.300, 163
Trd, 000195.317, 162
Trd, 000195.600, 163
Trd, 000195.667, 162
Trd, 000196.350, 162
Trd, 000196.400, 161
Trd, 000196.517, 163
Trd, 000198.050, 163
Trd, 000198.300, 164
Trd, 000198.417, 161
Trd, 000198.467, 165
Trd, 000200.083, 162
Trd, 000200.117, 161
Trd, 000201.433, 163
Trd, 000201.483, 162
Trd, 000201.500, 161
Trd, 000201.867, 161
Trd, 000202.267, 161
Trd, 000203.133, 164
Trd, 000204.000, 163
Trd, 000205.717, 162
Trd, 000206.183, 163
Trd, 000206.267, 163
Trd, 000206.417, 161
Trd, 000206.450, 161
Trd, 000207.783, 160
Trd, 000208.000, 161
Trd, 000208.217, 160
Trd, 000209.783, 161
Trd, 000210.417, 161
Trd, 000210.667, 161
Trd, 000210.950, 162
Trd, 000211.633, 162
Trd, 000212.050, 164
Trd, 000212.117, 163
Trd, 000213.300, 164
Trd, 000213.600, 164
Trd, 000213.683, 165
Trd, 000214.150, 172
Trd, 000214.850, 188
Trd, 000215.250, 168
Trd, 000216.983, 177
Trd, 000217.017, 176
Trd, 000218.017, 176
Trd, 000218.317, 175
Trd, 000218.867, 175
Trd, 000219.967, 166
Trd, 000220.217, 173
Trd, 000220.800, 163
Trd, 000221.233, 171
Trd, 000221.483, 168
Trd, 000221.650, 168
Trd, 000222.300, 167
Trd, 000222.783, 166
Trd, 000223.667, 165
Trd, 000223.900, 166
Trd, 000224.717, 166
Trd, 000225.083, 166
Trd, 000225.500, 165
Trd, 000226.217, 167
Trd, 000227.117, 165
Trd, 000227.300, 167
Trd, 000227.333, 165
Trd, 000228.067, 168
Trd, 000229.017, 166
Trd, 000229.300, 165
Trd, 000230.317, 165
Trd, 000231.100, 164
Trd, 000231.300, 165
Trd, 000231.383, 166
Trd, 000231.733, 164
Trd, 000231.750, 163
Trd, 000232.350, 164
Trd, 000232.417, 164
Trd, 000232.900, 160
Trd, 000234.467, 165
Trd, 000234.783, 167
Trd, 000235.167, 187
Trd, 000237.033, 167
Trd, 000237.583, 167
Trd, 000238.783, 165
Trd, 000239.417, 166
Trd, 000239.950, 166
Trd, 000240.050, 165
Trd, 000240.117, 166
Trd, 000240.533, 167
Trd, 000240.783, 166
Trd, 000240.800, 166
Trd, 000241.300, 168
Trd, 000241.383, 167
Trd, 000241.683, 168
Trd, 000241.833, 165
Trd, 000242.333, 167
Trd, 000242.800, 168
Trd, 000243.417, 170
Trd, 000243.883, 172
Trd, 000244.367, 171
Trd, 000244.533, 171
Trd, 000244.683, 172
Trd, 000245.600, 174
Trd, 000245.633, 173
Trd, 000246.067, 170
Trd, 000246.983, 173
Trd, 000247.117, 174
Trd, 000247.267, 190
Trd, 000247.500, 176
Trd, 000247.533, 173
Trd, 000247.650, 171
Trd, 000247.683, 171
Trd, 000249.317, 180
Trd, 000249.733, 176
Trd, 000250.133, 177
Trd, 000250.300, 179
Trd, 000250.533, 176
Trd, 000250.983, 173
Trd, 000251.633, 171
Trd, 000252.233, 169
Trd, 000252.583, 168
Trd, 000252.700, 167
Trd, 000253.967, 170
Trd, 000254.033, 169
Trd, 000254.067, 167
Trd, 000254.633, 169
Trd, 000255.533, 166
Trd, 000255.733, 167
Trd, 000256.017, 166
Trd, 000256.167, 171
Trd, 000256.517, 168
Trd, 000257.167, 168
Trd, 000257.433, 167
Trd, 000257.817, 167
Trd, 000258.650, 164
Trd, 000258.967, 163
Trd, 000260.133, 165
Trd, 000260.567, 164
Trd, 000260.867, 165
Trd, 000261.050, 166
Trd, 000261.250, 164
Trd, 000261.750, 165
Trd, 000262.233, 164
Trd, 000262.317, 170
Trd, 000262.467, 164
Trd, 000263.267, 171
Trd, 000263.867, 170
Trd, 000264.467, 174
Trd, 000265.283, 170
Trd, 000265.650, 170
Trd, 000266.300, 171
Trd, 000266.500, 170
Trd, 000266.583, 169
Trd, 000267.200, 170
Trd, 000267.767, 170
Trd, 000267.900, 171
Trd, 000268.817, 173
Trd, 000268.950, 174
Trd, 000269.033, 174
Trd, 000269.217, 178
Trd, 000270.167, 177
Trd, 000270.583, 178
Trd, 000270.850, 178
Trd, 000270.917, 176
Trd, 000270.933, 180
Trd, 000271.267, 168
Trd, 000272.017, 174
Trd, 000272.267, 181
Trd, 000272.333, 173
Trd, 000272.567, 168
Trd, 000273.000, 181
Trd, 000273.917, 181
Trd, 000274.000, 180
Trd, 000274.033, 179
Trd, 000274.500, 174
Trd, 000274.717, 174
Trd, 000275.667, 182
Trd, 000276.300, 180
Trd, 000277.283, 178
Trd, 000277.550, 177
Trd, 000278.450, 177
Trd, 000278.583, 177
Trd, 000279.000, 177
Trd, 000279.267, 177
Trd, 000279.583, 176
Trd, 000280.300, 176
Trd, 000280.817, 177
Trd, 000281.133, 175
Trd, 000281.883, 177
Trd, 000281.917, 174
Trd, 000282.733, 176
Trd, 000282.867, 173
Trd, 000282.883, 172
Trd, 000283.650, 176
Trd, 000284.483, 177
Trd, 000284.967, 172
Trd, 000285.317, 179
Trd, 000285.617, 177
Trd, 000285.733, 185
Trd, 000286.083, 184
Trd, 000286.817, 185
Trd, 000287.433, 185
Trd, 000288.300, 188
Trd, 000288.417, 186
Trd, 000289.267, 188
Trd, 000289.500, 187
Trd, 000289.717, 185
Trd, 000290.300, 185
Trd, 000291.050, 185
Trd, 000291.083, 183
Trd, 000291.633, 177
Trd, 000291.917, 177
Trd, 000292.383, 181
Trd, 000292.650, 175
Trd, 000292.833, 173
Trd, 000294.450, 177
Trd, 000295.017, 178
Trd, 000295.100, 177
Trd, 000295.300, 178
Trd, 000295.450, 176
Trd, 000295.817, 176
Trd, 000296.350, 178
Trd, 000296.467, 180
Trd, 000296.583, 177
Trd, 000297.117, 178
Trd, 000297.417, 178
Trd, 000298.433, 176
Trd, 000298.800, 177
Trd, 000299.367, 179
Trd, 000299.433, 178
Trd, 000299.517, 175
Trd, 000299.900, 176
