Trd, 000001.700, 179
Trd, 000002.250, 165
Trd, 000002.900, 157
Trd, 000003.383, 158
Trd, 000004.250, 155
Trd, 000004.833, 133
Trd, 000005.133, 162
Trd, 000006.567, 142
Trd, 000008.017, 149
Trd, 000008.367, 154
Trd, 000008.800, 156
Trd, 000009.233, 155
Trd, 000009.900, 146
Trd, 000010.733, 154
Trd, 000011.600, 142
Trd, 000012.250, 149
Trd, 000013.450, 149
Trd, 000013.667, 149
Trd, 000013.900, 150
Trd, 000014.033, 150
Trd, 000015.367, 148
Trd, 000015.733, 146
Trd, 000015.883, 147
Trd, 000018.333, 147
Trd, 000018.517, 146
Trd, 000019.133, 146
Trd, 000019.267, 133
Trd, 000020.217, 146
Trd, 000020.333, 147
Trd, 000020.467, 136
Trd, 000020.917, 148
Trd, 000021.733, 138
Trd, 000022.550, 147
Trd, 000023.400, 146
Trd, 000023.533, 147
Trd, 000023.767, 147
Trd, 000024.083, 156
Trd, 000024.117, 143
Trd, 000024.450, 157
Trd, 000025.583, 163
Trd, 000026.017, 170
Trd, 000026.950, 158
Trd, 000027.000, 160
Trd, 000027.250, 171
Trd, 000028.867, 161
Trd, 000030.217, 158
Trd, 000031.333, 153
Trd, 000031.900, 153
Trd, 000031.983, 154
Trd, 000032.367, 154
Trd, 000032.683, 154
Trd, 000032.717, 155
Trd, 000032.867, 159
Trd, 000033.100, 158
Trd, 000033.850, 152
Trd, 000034.567, 155
Trd, 000035.400, 144
Trd, 000035.667, 153
Trd, 000036.300, 153
Trd, 000036.517, 156
Trd, 000038.617, 154
Trd, 000038.800, 156
Trd, 000039.717, 155
Trd, 000039.950, 139
Trd, 000040.700, 145
Trd, 000040.950, 148
Trd, 000040.983, 151
Trd, 000042.467, 146
Trd, 000042.550, 148
Trd, 000042.583, 159
Trd, 000042.783, 162
Trd, 000044.367, 158
Trd, 000044.617, 139
Trd, 000044.800, 154
Trd, 000045.083, 158
Trd, 000045.800, 150
Trd, 000046.217, 153
Trd, 000046.633, 154
Trd, 000046.967, 155
Trd, 000047.333, 161
Trd, 000048.117, 161
Trd, 000048.583, 160
Trd, 000048.633, 151
Trd, 000049.283, 156
Trd, 000049.350, 137
Trd, 000050.300, 156
Trd, 000050.450, 146
Trd, 000050.833, 152
Trd, 000052.083, 153
Trd, 000052.150, 156
Trd, 000053.850, 160
Trd, 000054.450, 180
Trd, 000055.550, 157
Trd, 000055.883, 156
Trd, 000055.900, 159
Trd, 000058.383, 153
Trd, 000058.567, 158
Trd, 000058.983, 154
Trd, 000060.133, 153
Trd, 000060.850, 142
Trd, 000060.917, 154
Trd, 000061.017, 158
Trd, 000061.333, 159
Trd, 000061.650, 161
Trd, 000062.650, 161
Trd, 000062.883, 161
Trd, 000063.367, 147
Trd, 000064.333, 146
Trd, 000064.917, 147
Trd, 000066.150, 164
Trd, 000066.350, 174
Trd, 000066.383, 145
Trd, 000067.333, 156
Trd, 000068.067, 156
Trd, 000068.983, 148
Trd, 000069.467, 148
Trd, 000069.650, 154
Trd, 000070.133, 148
Trd, 000070.767, 152
Trd, 000071.017, 153
Trd, 000072.150, 149
Trd, 000072.700, 162
Trd, 000073.150, 149
Trd, 000073.367, 164
Trd, 000073.633, 140
Trd, 000075.600, 144
Trd, 000075.950, 146
Trd, 000076.100, 145
Trd, 000076.917, 147
Trd, 000077.167, 148
Trd, 000077.367, 147
Trd, 000078.583, 148
Trd, 000079.083, 147
Trd, 000079.133, 149
Trd, 000079.183, 139
Trd, 000080.550, 160
Trd, 000081.000, 145
Trd, 000081.150, 148
Trd, 000081.450, 149
Trd, 000081.700, 161
Trd, 000082.533, 144
Trd, 000082.783, 151
Trd, 000082.850, 133
Trd, 000084.000, 152
Trd, 000085.467, 147
Trd, 000085.683, 148
Trd, 000086.067, 150
Trd, 000086.533, 161
Trd, 000086.600, 152
Trd, 000086.833, 178
Trd, 000086.950, 144
Trd, 000088.367, 159
Trd, 000088.667, 149
Trd, 000089.250, 150
Trd, 000089.583, 153
Trd, 000089.933, 157
Trd, 000090.133, 164
Trd, 000091.367, 150
Trd, 000091.633, 157
Trd, 000092.033, 166
Trd, 000093.617, 155
Trd, 000093.717, 151
Trd, 000095.033, 151
Trd, 000095.067, 152
Trd, 000096.033, 150
Trd, 000096.783, 155
Trd, 000096.817, 157
Trd, 000097.050, 164
Trd, 000097.833, 147
Trd, 000098.067, 158
Trd, 000098.900, 156
Trd, 000099.117, 154
Trd, 000099.583, 143
Trd, 000099.767, 167
Trd, 000099.783, 165
Trd, 000101.783, 159
Trd, 000101.867, 159
Trd, 000102.083, 159
Trd, 000102.183, 165
Trd, 000102.267, 168
Trd, 000102.483, 150
Trd, 000102.567, 151
Trd, 000102.617, 180
Trd, 000102.933, 141
Trd, 000103.967, 160
Trd, 000106.100, 153
Trd, 000107.617, 149
Trd, 000108.017, 150
Trd, 000108.417, 149
Trd, 000108.933, 150
Trd, 000110.017, 146
Trd, 000110.117, 151
Trd, 000110.733, 151
Trd, 000110.783, 152
Trd, 000111.250, 146
Trd, 000111.533, 165
Trd, 000112.150, 166
Trd, 000113.000, 155
Trd, 000113.667, 152
Trd, 000113.700, 150
Trd, 000114.333, 150
Trd, 000114.550, 153
Trd, 000114.683, 179
Trd, 000115.200, 166
Trd, 000117.267, 160
Trd, 000117.367, 161
Trd, 000117.650, 162
Trd, 000118.667, 166
Trd, 000120.600, 156
Trd, 000120.667, 159
Trd, 000121.150, 157
Trd, 000121.183, 156
Trd, 000121.967, 170
Trd, 000122.367, 167
Trd, 000123.383, 160
Trd, 000124.467, 159
Trd, 000124.483, 160
Trd, 000124.717, 164
Trd, 000125.167, 170
Trd, 000126.167, 167
Trd, 000126.450, 163
Trd, 000127.283, 166
Trd, 000128.083, 168
Trd, 000128.600, 170
Trd, 000129.483, 180
Trd, 000129.617, 181
Trd, 000129.650, 164
Trd, 000129.900, 178
Trd, 000129.950, 177
Trd, 000130.117, 177
Trd, 000130.167, 179
Trd, 000131.317, 168
Trd, 000132.617, 164
Trd, 000132.650, 165
Trd, 000134.050, 165
Trd, 000134.317, 165
Trd, 000134.467, 181
Trd, 000134.933, 185
Trd, 000134.967, 165
Trd, 000137.017, 165
Trd, 000137.083, 163
Trd, 000137.100, 166
Trd, 000138.400, 160
Trd, 000138.733, 162
Trd, 000138.767, 147
Trd, 000140.117, 161
Trd, 000141.217, 159
Trd, 000141.383, 169
Trd, 000143.883, 159
Trd, 000144.100, 159
Trd, 000144.200, 154
Trd, 000144.650, 158
Trd, 000144.750, 160
Trd, 000144.833, 162
Trd, 000145.267, 173
Trd, 000146.483, 161
Trd, 000146.617, 148
Trd, 000146.983, 172
Trd, 000147.750, 167
Trd, 000148.850, 155
Trd, 000149.000, 156
Trd, 000149.250, 157
Trd, 000149.833, 158
Trd, 000150.933, 159
Trd, 000151.783, 158
Trd, 000152.000, 157
Trd, 000152.067, 158
Trd, 000152.233, 163
Trd, 000152.583, 173
Trd, 000154.167, 163
Trd, 000154.900, 161
Trd, 000155.367, 162
Trd, 000155.933, 158
Trd, 000156.000, 157
Trd, 000156.050, 157
Trd, 000156.667, 162
Trd, 000157.967, 164
Trd, 000158.117, 157
Trd, 000158.883, 170
Trd, 000159.350, 171
Trd, 000159.717, 156
Trd, 000160.500, 167
Trd, 000161.083, 178
Trd, 000161.100, 171
Trd, 000161.317, 173
Trd, 000162.683, 184
Trd, 000162.833, 174
Trd, 000163.083, 160
Trd, 000165.550, 168
Trd, 000166.017, 169
Trd, 000166.067, 163
Trd, 000167.533, 167
Trd, 000167.933, 167
Trd, 000168.133, 166
Trd, 000168.200, 167
Trd, 000168.600, 164
Trd, 000169.200, 168
Trd, 000170.950, 158
Trd, 000171.567, 169
Trd, 000172.200, 164
Trd, 000172.850, 161
Trd, 000172.900, 162
Trd, 000173.683, 161
Trd, 000174.717, 162
Trd, 000174.800, 172
Trd, 000175.817, 162
Trd, 000175.983, 162
Trd, 000176.000, 175
Trd, 000176.200, 158
Trd, 000176.733, 153
Trd, 000177.333, 163
Trd, 000178.083, 163
Trd, 000178.467, 172
Trd, 000178.683, 171
Trd, 000179.100, 172
Trd, 000180.600, 166
Trd, 000181.317, 173
Trd, 000181.500, 169
Trd, 000181.617, 173
Trd, 000181.917, 176
Trd, 000182.550, 170
Trd, 000183.400, 181
Trd, 000183.550, 181
Trd, 000184.033, 168
Trd, 000185.317, 170
Trd, 000185.400, 168
Trd, 000186.433, 172
Trd, 000187.533, 170
Trd, 000188.233, 169
Trd, 000188.500, 170
Trd, 000189.200, 168
Trd, 000189.650, 150
Trd, 000190.700, 171
Trd, 000191.617, 171
Trd, 000191.883, 172
Trd, 000191.933, 167
Trd, 000193.083, 160
Trd, 000194.033, 162
Trd, 000194.933, 166
Trd, 000195.683, 168
Trd, 000196.517, 170
Trd, 000197.417, 172
Trd, 000197.733, 165
Trd, 000198.400, 171
Trd, 000198.850, 175
Trd, 000199.300, 175
Trd, 000199.433, 178
Trd, 000199.500, 188
Trd, 000201.133, 175
Trd, 000201.917, 174
Trd, 000202.217, 176
Trd, 000202.750, 173
Trd, 000203.817, 172
Trd, 000204.067, 175
Trd, 000204.467, 170
Trd, 000205.567, 175
Trd, 000206.283, 172
Trd, 000206.517, 173
Trd, 000206.983, 171
Trd, 000207.000, 172
Trd, 000208.367, 170
Trd, 000208.833, 167
Trd, 000209.450, 172
Trd, 000209.650, 167
Trd, 000210.717, 171
Trd, 000210.733, 172
Trd, 000211.100, 179
Trd, 000211.350, 176
Trd, 000211.717, 176
Trd, 000212.433, 174
Trd, 000212.633, 172
Trd, 000213.750, 173
Trd, 000214.050, 169
Trd, 000214.467, 161
Trd, 000214.867, 162
Trd, 000215.967, 161
Trd, 000216.217, 164
Trd, 000216.300, 148
Trd, 000216.450, 164
Trd, 000216.650, 169
Trd, 000217.133, 177
Trd, 000219.100, 173
Trd, 000219.333, 171
Trd, 000219.517, 173
Trd, 000220.750, 167
Trd, 000221.700, 167
Trd, 000221.750, 168
Trd, 000221.917, 168
Trd, 000223.083, 168
Trd, 000223.183, 163
Trd, 000223.650, 190
Trd, 000224.550, 171
Trd, 000225.833, 170
Trd, 000225.867, 170
Trd, 000226.400, 169
Trd, 000226.700, 178
Trd, 000228.233, 170
Trd, 000228.500, 164
Trd, 000228.717, 171
Trd, 000228.833, 171
Trd, 000228.867, 158
Trd, 000231.750, 163
Trd, 000231.917, 167
Trd, 000232.683, 168
Trd, 000232.967, 168
Trd, 000233.100, 168
Trd, 000233.600, 171
Trd, 000234.667, 167
Trd, 000235.433, 169
Trd, 000235.767, 169
Trd, 000235.800, 177
Trd, 000236.017, 178
Trd, 000236.450, 169
Trd, 000237.417, 175
Trd, 000239.883, 178
Trd, 000240.483, 174
Trd, 000240.717, 172
Trd, 000240.883, 171
Trd, 000241.483, 173
Trd, 000242.100, 173
Trd, 000242.567, 175
Trd, 000242.617, 176
Trd, 000242.633, 172
Trd, 000243.217, 174
Trd, 000243.767, 173
Trd, 000244.333, 173
Trd, 000245.017, 172
Trd, 000245.150, 170
Trd, 000245.283, 173
Trd, 000245.333, 168
Trd, 000245.817, 170
Trd, 000245.883, 173
Trd, 000246.467, 172
Trd, 000246.650, 172
Trd, 000247.850, 163
Trd, 000248.300, 162
Trd, 000248.850, 165
Trd, 000248.950, 164
Trd, 000249.783, 164
Trd, 000250.233, 163
Trd, 000250.567, 164
Trd, 000250.917, 163
Trd, 000250.933, 166
Trd, 000251.267, 165
Trd, 000251.617, 161
Trd, 000251.750, 173
Trd, 000252.583, 165
Trd, 000252.967, 176
Trd, 000253.050, 179
Trd, 000255.033, 177
Trd, 000255.150, 178
Trd, 000255.317, 176
Trd, 000255.383, 180
Trd, 000256.050, 184
Trd, 000256.417, 175
Trd, 000256.467, 173
Trd, 000257.167, 179
Trd, 000257.483, 179
Trd, 000257.617, 173
Trd, 000258.633, 169
Trd, 000259.333, 178
Trd, 000259.350, 178
Trd, 000259.583, 169
Trd, 000260.017, 176
Trd, 000260.600, 177
Trd, 000260.683, 179
Trd, 000260.967, 181
Trd, 000261.333, 179
Trd, 000261.550, 176
Trd, 000262.183, 174
Trd, 000263.167, 179
Trd, 000263.250, 179
Trd, 000263.367, 175
Trd, 000263.583, 180
Trd, 000263.700, 178
Trd, 000264.333, 174
Trd, 000265.500, 170
Trd, 000265.717, 173
Trd, 000266.517, 168
Trd, 000266.800, 170
Trd, 000267.000, 171
Trd, 000267.067, 172
Trd, 000267.483, 178
Trd, 000268.217, 182
Trd, 000268.633, 185
Trd, 000269.500, 181
Trd, 000269.717, 179
Trd, 000269.833, 175
Trd, 000270.067, 182
Trd, 000270.650, 180
Trd, 000271.650, 182
Trd, 000272.250, 181
Trd, 000272.533, 181
Trd, 000272.783, 177
Trd, 000273.167, 176
Trd, 000273.233, 181
Trd, 000273.633, 184
Trd, 000274.150, 177
Trd, 000274.567, 182
Trd, 000274.883, 176
Trd, 000275.150, 177
Trd, 000275.233, 178
Trd, 000276.700, 179
Trd, 000276.733, 175
Trd, 000276.900, 174
Trd, 000277.583, 174
Trd, 000277.633, 178
Trd, 000278.617, 176
Trd, 000278.800, 173
Trd, 000279.500, 176
Trd, 000279.583, 177
Trd, 000280.417, 175
Trd, 000280.900, 176
Trd, 000281.733, 172
Trd, 000281.983, 177
Trd, 000282.283, 177
Trd, 000282.433, 179
Trd, 000283.133, 179
Trd, 000283.383, 178
Trd, 000283.617, 186
Trd, 000283.700, 179
Trd, 000284.083, 182
Trd, 000284.150, 183
Trd, 000284.367, 176
Trd, 000284.817, 173
Trd, 000285.250, 181
Trd, 000285.867, 170
Trd, 000287.033, 177
Trd, 000287.117, 177
Trd, 000287.233, 187
Trd, 000287.617, 176
Trd, 000287.667, 175
Trd, 000288.600, 183
Trd, 000289.000, 183
Trd, 000289.083, 177
Trd, 000289.383, 184
Trd, 000289.633, 185
Trd, 000291.017, 183
Trd, 000291.317, 182
Trd, 000291.433, 177
Trd, 000291.533, 184
Trd, 000291.700, 176
Trd, 000291.783, 162
Trd, 000292.050, 185
Trd, 000292.233, 175
Trd, 000292.967, 180
Trd, 000293.183, 173
Trd, 000293.517, 170
Trd, 000293.900, 180
Trd, 000294.517, 178
Trd, 000295.717, 173
Trd, 000296.017, 172
Trd, 000296.417, 177
Trd, 000296.700, 178
Trd, 000297.017, 178
Trd, 000297.417, 177
Trd, 000297.650, 181
Trd, 000297.750, 185
Trd, 000298.750, 181
Trd, 000298.817, 183
Trd, 000298.967, 185
Trd, 000299.017, 185
Trd, 000299.500, 179
