Trd, 000003.700, 154
Trd, 000004.333, 147
Trd, 000004.350, 153
Trd, 000004.767, 148
Trd, 000004.800, 146
Trd, 000005.183, 152
Trd, 000005.250, 144
Trd, 000005.417, 142
Trd, 000006.283, 142
Trd, 000007.017, 149
Trd, 000007.467, 143
Trd, 000009.583, 145
Trd, 000010.533, 146
Trd, 000010.600, 147
Trd, 000010.933, 147
Trd, 000011.033, 156
Trd, 000011.100, 163
Trd, 000011.400, 168
Trd, 000011.533, 145
Trd, 000012.000, 146
Trd, 000013.333, 156
Trd, 000013.833, 154
Trd, 000013.867, 152
Trd, 000014.850, 151
Trd, 000015.400, 152
Trd, 000015.533, 154
Trd, 000015.850, 153
Trd, 000016.333, 153
Trd, 000016.833, 156
Trd, 000016.917, 153
Trd, 000017.033, 158
Trd, 000018.500, 156
Trd, 000018.683, 156
Trd, 000019.833, 149
Trd, 000020.317, 154
Trd, 000020.800, 150
Trd, 000021.483, 150
Trd, 000021.583, 149
Trd, 000021.783, 154
Trd, 000023.533, 150
Trd, 000024.333, 149
Trd, 000024.450, 161
Trd, 000024.550, 148
Trd, 000025.067, 154
Trd, 000025.467, 157
Trd, 000025.483, 149
Trd, 000025.867, 157
Trd, 000026.250, 147
Trd, 000027.467, 152
Trd, 000027.750, 155
Trd, 000028.817, 150
Trd, 000029.633, 152
Trd, 000029.817, 149
Trd, 000031.533, 154
Trd, 000031.750, 153
Trd, 000032.950, 151
Trd, 000033.183, 149
Trd, 000033.483, 152
Trd, 000033.500, 149
Trd, 000034.133, 148
Trd, 000034.267, 147
Trd, 000035.300, 147
Trd, 000035.333, 144
Trd, 000035.717, 145
Trd, 000036.217, 144
Trd, 000036.650, 145
Trd, 000036.967, 145
Trd, 000037.017, 146
Trd, 000038.267, 149
Trd, 000039.567, 148
Trd, 000039.883, 148
Trd, 000040.183, 150
Trd, 000040.267, 150
Trd, 000040.433, 149
Trd, 000040.700, 149
Trd, 000041.783, 158
Trd, 000041.817, 158
Trd, 000042.317, 151
Trd, 000043.750, 159
Trd, 000043.783, 157
Trd, 000044.433, 159
Trd, 000044.917, 157
Trd, 000045.300, 165
Trd, 000045.450, 166
Trd, 000045.517, 169
Trd, 000048.767, 158
Trd, 000049.000, 160
Trd, 000049.083, 159
Trd, 000049.133, 158
Trd, 000050.283, 158
Trd, 000050.533, 157
Trd, 000050.733, 161
Trd, 000051.517, 156
Trd, 000052.283, 157
Trd, 000052.667, 156
Trd, 000052.683, 155
Trd, 000053.250, 154
Trd, 000053.583, 155
Trd, 000054.050, 153
Trd, 000054.367, 153
Trd, 000056.033, 149
Trd, 000056.150, 148
Trd, 000056.583, 149
Trd, 000057.367, 149
Trd, 000057.550, 149
Trd, 000058.450, 142
Trd, 000059.050, 145
Trd, 000059.517, 148
Trd, 000059.983, 149
Trd, 000060.267, 149
Trd, 000060.550, 147
Trd, 000060.700, 161
Trd, 000061.350, 146
Trd, 000061.550, 146
Trd, 000062.117, 147
Trd, 000062.433, 151
Trd, 000063.533, 145
Trd, 000064.583, 149
Trd, 000065.100, 150
Trd, 000065.850, 151
Trd, 000066.400, 152
Trd, 000066.567, 168
Trd, 000067.067, 172
Trd, 000068.283, 165
Trd, 000068.350, 160
Trd, 000069.367, 158
Trd, 000069.850, 157
Trd, 000070.367, 157
Trd, 000070.817, 157
Trd, 000070.850, 160
Trd, 000072.300, 157
Trd, 000072.400, 152
Trd, 000072.933, 151
Trd, 000073.050, 159
Trd, 000073.233, 142
Trd, 000074.217, 151
Trd, 000074.667, 152
Trd, 000076.483, 158
Trd, 000076.583, 157
Trd, 000077.500, 158
Trd, 000078.100, 159
Trd, 000078.183, 160
Trd, 000078.300, 163
Trd, 000078.850, 168
Trd, 000080.467, 164
Trd, 000080.667, 157
Trd, 000080.800, 157
Trd, 000081.017, 160
Trd, 000083.083, 159
Trd, 000083.767, 158
Trd, 000083.817, 162
Trd, 000083.850, 163
Trd, 000084.200, 159
Trd, 000084.300, 158
Trd, 000084.550, 154
Trd, 000085.050, 158
Trd, 000085.750, 153
Trd, 000086.783, 153
Trd, 000087.183, 152
Trd, 000087.317, 152
Trd, 000087.750, 142
Trd, 000087.917, 153
Trd, 000088.517, 151
Trd, 000088.633, 140
Trd, 000088.733, 164
Trd, 000090.050, 152
Trd, 000090.450, 153
Trd, 000090.533, 153
Trd, 000091.750, 155
Trd, 000092.283, 155
Trd, 000092.433, 154
Trd, 000092.667, 153
Trd, 000093.283, 164
Trd, 000093.817, 170
Trd, 000095.567, 158
Trd, 000095.767, 162
Trd, 000096.200, 158
Trd, 000097.183, 161
Trd, 000097.600, 160
Trd, 000097.883, 157
Trd, 000098.400, 157
Trd, 000098.617, 160
Trd, 000099.000, 160
Trd, 000099.050, 156
Trd, 000099.417, 160
Trd, 000099.617, 154
Trd, 000099.650, 142
Trd, 000099.850, 147
Trd, 000102.133, 155
Trd, 000103.333, 157
Trd, 000103.433, 158
Trd, 000104.050, 158
Trd, 000104.583, 157
Trd, 000104.733, 157
Trd, 000104.767, 156
Trd, 000105.183, 158
Trd, 000105.617, 159
Trd, 000106.317, 164
Trd, 000107.517, 160
Trd, 000107.717, 169
Trd, 000108.783, 157
Trd, 000109.450, 157
Trd, 000109.600, 155
Trd, 000110.267, 167
Trd, 000110.433, 167
Trd, 000112.083, 161
Trd, 000112.200, 163
Trd, 000112.600, 164
Trd, 000113.767, 163
Trd, 000113.967, 162
Trd, 000114.867, 164
Trd, 000115.333, 165
Trd, 000115.900, 162
Trd, 000116.167, 173
Trd, 000116.833, 162
Trd, 000117.083, 174
Trd, 000118.617, 165
Trd, 000119.700, 167
Trd, 000119.983, 166
Trd, 000120.567, 167
Trd, 000120.767, 168
Trd, 000120.783, 166
Trd, 000121.850, 167
Trd, 000121.883, 168
Trd, 000122.767, 167
Trd, 000123.050, 165
Trd, 000124.267, 157
Trd, 000124.333, 156
Trd, 000124.800, 158
Trd, 000125.150, 159
Trd, 000125.283, 167
Trd, 000125.567, 154
Trd, 000126.617, 170
Trd, 000128.600, 169
Trd, 000129.500, 166
Trd, 000130.167, 165
Trd, 000130.583, 168
Trd, 000130.650, 164
Trd, 000131.017, 168
Trd, 000131.967, 168
Trd, 000132.483, 166
Trd, 000132.850, 163
Trd, 000133.117, 168
Trd, 000133.600, 163
Trd, 000134.150, 163
Trd, 000134.483, 163
Trd, 000134.600, 145
Trd, 000135.183, 154
Trd, 000135.850, 163
Trd, 000137.050, 158
Trd, 000137.267, 172
Trd, 000137.850, 171
Trd, 000138.267, 171
Trd, 000138.483, 174
Trd, 000139.900, 171
Trd, 000140.000, 173
Trd, 000140.433, 166
Trd, 000141.900, 165
Trd, 000141.983, 165
Trd, 000142.467, 163
Trd, 000143.583, 163
Trd, 000144.333, 164
Trd, 000144.683, 163
Trd, 000144.950, 165
Trd, 000145.117, 162
Trd, 000145.617, 164
Trd, 000145.933, 161
Trd, 000146.383, 172
Trd, 000146.650, 164
Trd, 000147.333, 164
Trd, 000147.517, 162
Trd, 000147.883, 158
Trd, 000148.517, 160
Trd, 000149.550, 158
Trd, 000150.100, 158
Trd, 000150.250, 158
Trd, 000150.783, 159
Trd, 000151.583, 159
Trd, 000151.717, 159
Trd, 000152.067, 160
Trd, 000152.650, 170
Trd, 000153.200, 159
Trd, 000153.333, 158
Trd, 000155.383, 159
Trd, 000155.500, 158
Trd, 000155.700, 160
Trd, 000155.983, 159
Trd, 000156.117, 160
Trd, 000156.617, 160
Trd, 000156.783, 176
Trd, 000156.950, 156
Trd, 000157.367, 148
Trd, 000158.200, 157
Trd, 000158.933, 155
Trd, 000159.450, 154
Trd, 000160.083, 156
Trd, 000161.033, 161
Trd, 000161.083, 171
Trd, 000161.200, 178
Trd, 000162.517, 171
Trd, 000162.817, 170
Trd, 000163.300, 170
Trd, 000163.733, 169
Trd, 000164.117, 169
Trd, 000164.333, 170
Trd, 000165.800, 167
Trd, 000166.283, 166
Trd, 000166.450, 166
Trd, 000168.550, 162
Trd, 000169.500, 153
Trd, 000169.683, 161
Trd, 000170.333, 161
Trd, 000170.500, 154
Trd, 000171.367, 158
Trd, 000171.983, 159
Trd, 000172.200, 159
Trd, 000172.350, 161
Trd, 000172.683, 158
Trd, 000174.333, 158
Trd, 000174.350, 162
Trd, 000176.133, 163
Trd, 000176.400, 165
Trd, 000176.417, 163
Trd, 000176.733, 163
Trd, 000176.883, 164
Trd, 000177.717, 152
Trd, 000177.833, 164
Trd, 000178.233, 165
Trd, 000180.517, 166
Trd, 000180.550, 168
Trd, 000180.950, 168
Trd, 000181.333, 167
Trd, 000182.017, 165
Trd, 000182.617, 168
Trd, 000182.667, 165
Trd, 000183.517, 164
Trd, 000183.933, 165
Trd, 000184.483, 164
Trd, 000185.350, 164
Trd, 000185.817, 164
Trd, 000185.967, 163
Trd, 000186.233, 164
Trd, 000186.400, 163
Trd, 000187.267, 164
Trd, 000187.717, 180
Trd, 000188.517, 171
Trd, 000188.967, 171
Trd, 000189.083, 171
Trd, 000189.567, 170
Trd, 000189.917, 171
Trd, 000190.733, 171
Trd, 000190.983, 172
Trd, 000191.233, 171
Trd, 000191.250, 169
Trd, 000191.417, 168
Trd, 000191.900, 172
Trd, 000193.967, 171
Trd, 000194.433, 173
Trd, 000194.850, 171
Trd, 000196.050, 174
Trd, 000196.300, 173
Trd, 000197.367, 174
Trd, 000199.067, 173
Trd, 000199.283, 174
Trd, 000199.317, 172
Trd, 000199.400, 172
Trd, 000199.467, 164
Trd, 000199.967, 173
Trd, 000200.467, 182
Trd, 000201.667, 175
Trd, 000202.117, 178
Trd, 000202.150, 174
Trd, 000202.750, 172
Trd, 000204.183, 170
Trd, 000204.717, 173
Trd, 000205.000, 161
Trd, 000206.100, 173
Trd, 000206.400, 174
Trd, 000206.717, 173
Trd, 000207.483, 177
Trd, 000209.317, 175
Trd, 000209.767, 173
Trd, 000210.067, 176
Trd, 000210.317, 173
Trd, 000210.900, 176
Trd, 000211.417, 174
Trd, 000211.483, 175
Trd, 000212.400, 175
Trd, 000212.833, 171
Trd, 000213.250, 176
Trd, 000213.417, 175
Trd, 000213.517, 171
Trd, 000215.933, 157
Trd, 000216.367, 173
Trd, 000216.717, 173
Trd, 000216.950, 171
Trd, 000217.100, 173
Trd, 000217.150, 174
Trd, 000217.767, 177
Trd, 000217.983, 175
Trd, 000219.017, 173
Trd, 000219.650, 179
Trd, 000220.400, 177
Trd, 000220.583, 177
Trd, 000221.017, 179
Trd, 000221.117, 184
Trd, 000222.167, 178
Trd, 000222.767, 180
Trd, 000223.133, 180
Trd, 000223.583, 178
Trd, 000223.767, 182
Trd, 000224.200, 172
Trd, 000224.267, 183
Trd, 000224.467, 167
Trd, 000224.950, 174
Trd, 000225.433, 177
Trd, 000227.183, 174
Trd, 000227.767, 174
Trd, 000228.167, 173
Trd, 000228.333, 172
Trd, 000228.900, 173
Trd, 000229.400, 174
Trd, 000229.417, 169
Trd, 000231.100, 173
Trd, 000231.433, 175
Trd, 000231.717, 170
Trd, 000231.983, 167
Trd, 000234.150, 178
Trd, 000235.283, 175
Trd, 000235.450, 174
Trd, 000236.000, 173
Trd, 000236.100, 172
Trd, 000236.617, 172
Trd, 000237.017, 168
Trd, 000237.067, 170
Trd, 000237.350, 170
Trd, 000237.800, 171
Trd, 000239.383, 171
Trd, 000240.150, 175
Trd, 000240.283, 173
Trd, 000240.833, 172
Trd, 000241.200, 172
Trd, 000241.617, 174
Trd, 000242.133, 174
Trd, 000242.417, 175
Trd, 000242.883, 173
Trd, 000243.200, 174
Trd, 000243.283, 176
Trd, 000244.133, 178
Trd, 000244.500, 176
Trd, 000245.183, 179
Trd, 000245.217, 178
Trd, 000245.850, 176
Trd, 000246.183, 176
Trd, 000246.817, 175
Trd, 000246.917, 176
Trd, 000247.033, 175
Trd, 000247.350, 174
Trd, 000247.367, 173
Trd, 000247.717, 168
Trd, 000247.800, 176
Trd, 000248.000, 178
Trd, 000248.367, 176
Trd, 000249.050, 176
Trd, 000249.750, 176
Trd, 000249.983, 175
Trd, 000250.850, 173
Trd, 000251.850, 174
Trd, 000251.917, 176
Trd, 000252.600, 173
Trd, 000252.817, 177
Trd, 000253.100, 177
Trd, 000253.283, 179
Trd, 000254.900, 178
Trd, 000254.967, 177
Trd, 000255.633, 178
Trd, 000256.417, 177
Trd, 000256.433, 176
Trd, 000256.500, 177
Trd, 000256.633, 178
Trd, 000257.283, 177
Trd, 000257.933, 176
Trd, 000258.450, 177
Trd, 000258.467, 175
Trd, 000259.100, 175
Trd, 000259.200, 174
Trd, 000259.350, 178
Trd, 000259.750, 176
Trd, 000259.800, 175
Trd, 000260.533, 174
Trd, 000260.850, 178
Trd, 000261.167, 171
Trd, 000263.117, 179
Trd, 000263.283, 178
Trd, 000263.467, 170
Trd, 000263.567, 159
Trd, 000264.017, 168
Trd, 000264.267, 168
Trd, 000264.467, 169
Trd, 000265.167, 169
Trd, 000265.600, 171
Trd, 000265.767, 167
Trd, 000265.983, 168
Trd, 000266.783, 169
Trd, 000267.817, 170
Trd, 000268.250, 171
Trd, 000268.500, 170
Trd, 000269.083, 171
Trd, 000269.150, 177
Trd, 000269.883, 170
Trd, 000270.050, 174
Trd, 000270.867, 175
Trd, 000271.167, 176
Trd, 000271.317, 171
Trd, 000271.450, 174
Trd, 000271.750, 189
Trd, 000272.283, 184
Trd, 000272.383, 178
Trd, 000272.700, 178
Trd, 000272.733, 177
Trd, 000274.100, 175
Trd, 000274.500, 186
Trd, 000274.783, 186
Trd, 000274.800, 173
Trd, 000275.100, 188
Trd, 000275.400, 183
Trd, 000275.617, 186
Trd, 000276.650, 179
Trd, 000276.700, 175
Trd, 000276.750, 171
Trd, 000278.133, 179
Trd, 000278.683, 177
Trd, 000278.733, 174
Trd, 000279.733, 176
Trd, 000279.833, 180
Trd, 000280.117, 181
Trd, 000280.800, 180
Trd, 000281.217, 181
Trd, 000281.633, 178
Trd, 000282.017, 177
Trd, 000282.117, 177
Trd, 000282.900, 180
Trd, 000283.033, 175
Trd, 000283.900, 180
Trd, 000284.633, 182
Trd, 000284.817, 183
Trd, 000285.533, 180
Trd, 000286.083, 178
Trd, 000287.133, 179
Trd, 000287.283, 179
Trd, 000287.650, 180
Trd, 000287.733, 179
Trd, 000288.083, 179
Trd, 000288.450, 179
Trd, 000288.583, 178
Trd, 000288.900, 178
Trd, 000289.733, 177
Trd, 000289.817, 178
Trd, 000290.033, 179
Trd, 000290.533, 182
Trd, 000290.850, 176
Trd, 000291.100, 184
Trd, 000291.300, 175
Trd, 000291.883, 178
Trd, 000292.350, 185
Trd, 000292.950, 181
Trd, 000293.200, 177
Trd, 000293.583, 179
Trd, 000294.817, 179
Trd, 000295.117, 180
Trd, 000295.483, 180
Trd, 000295.800, 180
Trd, 000295.833, 181
Trd, 000296.217, 182
Trd, 000296.750, 179
Trd, 000297.033, 179
Trd, 000297.567, 181
Trd, 000297.800, 182
Trd, 000297.950, 180
Trd, 000298.167, 182
Trd, 000298.233, 180
Trd, 000299.367, 183
Trd, 000299.783, 184
