Trd, 000001.433, 196
Trd, 000001.717, 186
Trd, 000002.133, 168
Trd, 000003.017, 185
Trd, 000003.217, 158
Trd, 000003.867, 137
Trd, 000004.900, 157
Trd, 000005.317, 140
Trd, 000006.883, 146
Trd, 000008.083, 152
Trd, 000008.117, 159
Trd, 000008.567, 147
Trd, 000008.933, 149
Trd, 000008.983, 141
Trd, 000009.050, 149
Trd, 000010.400, 142
Trd, 000012.033, 151
Trd, 000012.100, 151
Trd, 000012.533, 152
Trd, 000012.600, 156
Trd, 000012.650, 145
Trd, 000012.883, 142
Trd, 000013.650, 152
Trd, 000014.000, 152
Trd, 000014.933, 152
Trd, 000014.967, 145
Trd, 000015.383, 143
Trd, 000016.317, 154
Trd, 000017.667, 155
Trd, 000017.917, 145
Trd, 000019.783, 151
Trd, 000020.083, 151
Trd, 000020.167, 152
Trd, 000020.950, 152
Trd, 000021.200, 153
Trd, 000021.267, 151
Trd, 000022.150, 153
Trd, 000022.667, 160
Trd, 000024.400, 153
Trd, 000024.717, 154
Trd, 000025.050, 150
Trd, 000025.667, 153
Trd, 000025.817, 145
Trd, 000025.867, 153
Trd, 000026.100, 139
Trd, 000027.200, 152
Trd, 000028.733, 150
Trd, 000029.483, 154
Trd, 000030.400, 151
Trd, 000030.500, 158
Trd, 000032.400, 155
Trd, 000032.600, 156
Trd, 000033.133, 155
Trd, 000033.333, 157
Trd, 000033.667, 151
Trd, 000033.783, 160
Trd, 000034.633, 160
Trd, 000035.083, 147
Trd, 000035.400, 143
Trd, 000036.150, 145
Trd, 000037.200, 146
Trd, 000037.300, 152
Trd, 000037.983, 152
Trd, 000038.583, 155
Trd, 000039.317, 156
Trd, 000039.333, 155
Trd, 000039.967, 145
Trd, 000040.033, 158
Trd, 000042.000, 160
Trd, 000042.317, 149
Trd, 000042.750, 161
Trd, 000043.283, 148
Trd, 000043.417, 160
Trd, 000043.783, 147
Trd, 000044.867, 162
Trd, 000045.333, 145
Trd, 000046.217, 154
Trd, 000046.267, 163
Trd, 000046.817, 156
Trd, 000047.200, 161
Trd, 000047.583, 148
Trd, 000048.650, 148
Trd, 000049.650, 162
Trd, 000049.983, 147
Trd, 000050.417, 159
Trd, 000050.433, 162
Trd, 000051.133, 156
Trd, 000051.367, 163
Trd, 000051.883, 164
Trd, 000052.650, 163
Trd, 000053.300, 159
Trd, 000053.533, 161
Trd, 000054.183, 147
Trd, 000054.367, 160
Trd, 000055.450, 145
Trd, 000055.917, 153
Trd, 000056.867, 147
Trd, 000057.117, 157
Trd, 000057.217, 161
Trd, 000057.600, 146
Trd, 000057.967, 161
Trd, 000058.783, 153
Trd, 000059.250, 151
Trd, 000059.383, 165
Trd, 000060.933, 165
Trd, 000061.233, 168
Trd, 000061.417, 169
Trd, 000061.833, 168
Trd, 000062.250, 164
Trd, 000063.117, 150
Trd, 000063.383, 149
Trd, 000063.900, 155
Trd, 000064.267, 148
Trd, 000064.367, 155
Trd, 000064.433, 157
Trd, 000065.917, 148
Trd, 000066.017, 148
Trd, 000066.450, 161
Trd, 000066.467, 151
Trd, 000067.517, 161
Trd, 000068.083, 161
Trd, 000068.733, 153
Trd, 000069.100, 163
Trd, 000069.267, 163
Trd, 000070.617, 158
Trd, 000070.950, 157
Trd, 000071.617, 158
Trd, 000072.100, 157
Trd, 000072.183, 158
Trd, 000072.467, 162
Trd, 000072.583, 151
Trd, 000072.933, 160
Trd, 000074.167, 160
Trd, 000075.983, 158
Trd, 000076.383, 156
Trd, 000076.567, 160
Trd, 000077.400, 160
Trd, 000077.617, 157
Trd, 000078.000, 162
Trd, 000078.633, 165
Trd, 000080.433, 164
Trd, 000080.650, 165
Trd, 000080.983, 163
Trd, 000081.233, 156
Trd, 000081.517, 151
Trd, 000081.867, 159
Trd, 000081.883, 149
Trd, 000082.533, 158
Trd, 000082.633, 159
Trd, 000083.667, 160
Trd, 000083.767, 152
Trd, 000084.450, 163
Trd, 000085.333, 166
Trd, 000085.967, 164
Trd, 000086.433, 158
Trd, 000086.967, 151
Trd, 000088.400, 167
Trd, 000088.450, 158
Trd, 000088.750, 168
Trd, 000088.800, 177
Trd, 000089.167, 159
Trd, 000090.217, 159
Trd, 000090.767, 160
Trd, 000091.400, 162
Trd, 000092.417, 165
Trd, 000092.983, 167
Trd, 000094.183, 156
Trd, 000094.400, 156
Trd, 000095.900, 157
Trd, 000095.967, 157
Trd, 000096.650, 156
Trd, 000096.700, 158
Trd, 000096.767, 159
Trd, 000097.067, 152
Trd, 000097.150, 160
Trd, 000098.283, 165
Trd, 000098.433, 151
Trd, 000100.033, 159
Trd, 000101.183, 154
Trd, 000101.833, 158
Trd, 000102.050, 158
Trd, 000103.317, 159
Trd, 000103.833, 161
Trd, 000104.550, 168
Trd, 000104.850, 167
Trd, 000105.467, 167
Trd, 000105.767, 161
Trd, 000106.250, 174
Trd, 000106.567, 174
Trd, 000107.000, 172
Trd, 000107.800, 168
Trd, 000109.267, 161
Trd, 000109.633, 159
Trd, 000110.250, 161
Trd, 000110.733, 161
Trd, 000110.750, 155
Trd, 000110.950, 162
Trd, 000111.850, 169
Trd, 000111.983, 163
Trd, 000113.233, 170
Trd, 000114.150, 169
Trd, 000114.550, 170
Trd, 000114.750, 171
Trd, 000115.017, 179
Trd, 000116.233, 162
Trd, 000116.300, 170
Trd, 000117.150, 167
Trd, 000117.983, 169
Trd, 000119.083, 169
Trd, 000119.633, 170
Trd, 000119.650, 169
Trd, 000120.483, 160
Trd, 000121.317, 157
Trd, 000121.617, 160
Trd, 000122.150, 158
Trd, 000122.933, 154
Trd, 000123.717, 159
Trd, 000124.150, 163
Trd, 000124.267, 153
Trd, 000124.583, 152
Trd, 000124.650, 152
Trd, 000124.833, 169
Trd, 000126.700, 166
Trd, 000127.833, 162
Trd, 000128.283, 164
Trd, 000129.550, 164
Trd, 000129.650, 164
Trd, 000130.000, 166
Trd, 000130.233, 168
Trd, 000130.817, 164
Trd, 000130.833, 161
Trd, 000130.867, 171
Trd, 000131.700, 157
Trd, 000131.917, 164
Trd, 000132.583, 164
Trd, 000132.600, 157
Trd, 000135.083, 164
Trd, 000135.633, 161
Trd, 000135.750, 163
Trd, 000135.917, 164
Trd, 000136.567, 165
Trd, 000136.900, 163
Trd, 000137.267, 165
Trd, 000139.233, 164
Trd, 000139.650, 164
Trd, 000140.217, 165
Trd, 000140.233, 169
Trd, 000141.117, 182
Trd, 000141.317, 186
Trd, 000141.383, 193
Trd, 000142.783, 164
Trd, 000143.733, 170
Trd, 000144.717, 169
Trd, 000145.217, 169
Trd, 000145.467, 170
Trd, 000145.550, 167
Trd, 000145.767, 166
Trd, 000148.433, 161
Trd, 000149.017, 163
Trd, 000149.517, 161
Trd, 000149.883, 160
Trd, 000150.317, 163
Trd, 000150.967, 163
Trd, 000152.100, 166
Trd, 000152.483, 167
Trd, 000152.700, 164
Trd, 000152.717, 163
Trd, 000153.250, 167
Trd, 000154.733, 169
Trd, 000154.750, 170
Trd, 000154.900, 173
Trd, 000155.033, 170
Trd, 000156.550, 162
Trd, 000157.083, 162
Trd, 000157.483, 167
Trd, 000157.783, 159
Trd, 000158.567, 158
Trd, 000159.167, 156
Trd, 000159.400, 153
Trd, 000159.683, 171
Trd, 000160.133, 170
Trd, 000160.183, 171
Trd, 000161.350, 167
Trd, 000162.050, 170
Trd, 000162.217, 169
Trd, 000162.350, 172
Trd, 000162.400, 189
Trd, 000163.317, 169
Trd, 000163.333, 174
Trd, 000163.933, 189
Trd, 000164.517, 182
Trd, 000165.217, 177
Trd, 000166.150, 177
Trd, 000166.650, 174
Trd, 000168.733, 165
Trd, 000168.850, 166
Trd, 000169.000, 167
Trd, 000169.217, 164
Trd, 000170.300, 167
Trd, 000170.450, 163
Trd, 000170.700, 163
Trd, 000171.717, 163
Trd, 000172.117, 168
Trd, 000172.733, 175
Trd, 000173.850, 182
Trd, 000173.950, 181
Trd, 000174.500, 180
Trd, 000174.933, 178
Trd, 000175.317, 185
Trd, 000175.433, 160
Trd, 000175.933, 176
Trd, 000176.317, 157
Trd, 000177.200, 186
Trd, 000177.800, 180
Trd, 000178.283, 166
Trd, 000178.983, 176
Trd, 000179.967, 180
Trd, 000181.000, 168
Trd, 000181.217, 167
Trd, 000181.283, 166
Trd, 000181.633, 169
Trd, 000182.900, 168
Trd, 000183.150, 170
Trd, 000183.633, 169
Trd, 000183.700, 171
Trd, 000184.067, 169
Trd, 000184.300, 171
Trd, 000184.867, 169
Trd, 000186.333, 169
Trd, 000186.517, 173
Trd, 000187.083, 169
Trd, 000187.283, 167
Trd, 000187.450, 166
Trd, 000188.067, 173
Trd, 000188.633, 162
Trd, 000189.683, 161
Trd, 000190.283, 168
Trd, 000192.550, 170
Trd, 000193.600, 170
Trd, 000193.733, 165
Trd, 000194.017, 170
Trd, 000195.167, 163
Trd, 000195.350, 170
Trd, 000196.150, 172
Trd, 000196.667, 172
Trd, 000196.867, 174
Trd, 000197.117, 177
Trd, 000197.617, 180
Trd, 000197.967, 183
Trd, 000198.683, 179
Trd, 000198.800, 181
Trd, 000199.167, 183
Trd, 000199.400, 178
Trd, 000200.233, 167
Trd, 000201.400, 166
Trd, 000201.800, 185
Trd, 000202.400, 171
Trd, 000202.700, 166
Trd, 000204.183, 173
Trd, 000204.583, 174
Trd, 000204.900, 168
Trd, 000204.967, 175
Trd, 000206.300, 168
Trd, 000207.367, 165
Trd, 000208.217, 166
Trd, 000210.383, 168
Trd, 000210.583, 167
Trd, 000210.733, 167
Trd, 000211.200, 166
Trd, 000211.533, 167
Trd, 000211.650, 172
Trd, 000211.867, 166
Trd, 000212.033, 176
Trd, 000213.967, 171
Trd, 000214.117, 172
Trd, 000214.367, 168
Trd, 000215.700, 166
Trd, 000215.967, 170
Trd, 000216.267, 169
Trd, 000216.517, 170
Trd, 000217.750, 168
Trd, 000217.850, 172
Trd, 000218.317, 175
Trd, 000219.983, 173
Trd, 000220.133, 175
Trd, 000220.617, 176
Trd, 000221.633, 177
Trd, 000222.900, 176
Trd, 000223.150, 165
Trd, 000223.567, 159
Trd, 000223.917, 161
Trd, 000224.350, 146
Trd, 000224.483, 171
Trd, 000224.633, 172
Trd, 000225.600, 169
Trd, 000225.650, 173
Trd, 000226.100, 173
Trd, 000227.067, 170
Trd, 000227.150, 170
Trd, 000227.733, 177
Trd, 000228.600, 174
Trd, 000230.500, 177
Trd, 000230.867, 175
Trd, 000231.683, 173
Trd, 000231.817, 178
Trd, 000232.133, 171
Trd, 000233.117, 166
Trd, 000233.333, 167
Trd, 000234.400, 168
Trd, 000234.467, 170
Trd, 000235.383, 171
Trd, 000235.983, 171
Trd, 000236.200, 167
Trd, 000236.883, 172
Trd, 000237.133, 174
Trd, 000237.317, 176
Trd, 000237.533, 178
Trd, 000237.550, 191
Trd, 000239.150, 181
Trd, 000239.967, 179
Trd, 000240.517, 178
Trd, 000240.567, 178
Trd, 000241.033, 177
Trd, 000241.317, 177
Trd, 000241.533, 179
Trd, 000241.783, 175
Trd, 000242.033, 179
Trd, 000242.500, 182
Trd, 000242.950, 188
Trd, 000243.217, 179
Trd, 000243.867, 181
Trd, 000244.217, 177
Trd, 000244.250, 172
Trd, 000244.500, 180
Trd, 000244.667, 164
Trd, 000245.717, 179
Trd, 000246.000, 181
Trd, 000246.617, 181
Trd, 000246.717, 181
Trd, 000247.033, 183
Trd, 000247.467, 183
Trd, 000248.217, 185
Trd, 000249.200, 183
Trd, 000249.483, 182
Trd, 000250.133, 187
Trd, 000250.283, 186
Trd, 000250.483, 189
Trd, 000250.717, 190
Trd, 000251.267, 189
Trd, 000251.883, 192
Trd, 000252.050, 184
Trd, 000252.417, 183
Trd, 000253.283, 196
Trd, 000254.767, 196
Trd, 000254.817, 195
Trd, 000255.550, 191
Trd, 000256.200, 190
Trd, 000256.317, 189
Trd, 000256.750, 190
Trd, 000257.017, 191
Trd, 000257.267, 187
Trd, 000257.283, 184
Trd, 000258.600, 185
Trd, 000259.050, 185
Trd, 000259.100, 187
Trd, 000259.317, 183
Trd, 000259.417, 185
Trd, 000259.733, 186
Trd, 000259.983, 181
Trd, 000260.250, 184
Trd, 000260.383, 174
Trd, 000260.650, 188
Trd, 000260.833, 168
Trd, 000260.867, 166
Trd, 000261.817, 176
Trd, 000262.067, 179
Trd, 000262.283, 177
Trd, 000262.833, 179
Trd, 000263.883, 179
Trd, 000264.750, 172
Trd, 000264.833, 177
Trd, 000264.950, 172
Trd, 000265.433, 181
Trd, 000265.533, 184
Trd, 000265.967, 183
Trd, 000266.583, 183
Trd, 000266.850, 182
Trd, 000267.000, 177
Trd, 000268.033, 176
Trd, 000268.317, 177
Trd, 000268.683, 173
Trd, 000268.917, 177
Trd, 000269.017, 185
Trd, 000269.100, 174
Trd, 000269.333, 172
Trd, 000269.483, 169
Trd, 000270.533, 191
Trd, 000270.967, 195
Trd, 000271.033, 202
Trd, 000271.333, 203
Trd, 000271.683, 188
Trd, 000271.900, 199
Trd, 000273.400, 194
Trd, 000273.500, 191
Trd, 000274.717, 192
Trd, 000274.767, 194
Trd, 000275.100, 190
Trd, 000275.517, 193
Trd, 000275.567, 189
Trd, 000275.817, 185
Trd, 000276.550, 182
Trd, 000277.450, 173
Trd, 000277.917, 181
Trd, 000278.517, 174
Trd, 000278.833, 180
Trd, 000279.267, 178
Trd, 000279.550, 175
Trd, 000279.633, 179
Trd, 000279.767, 179
Trd, 000280.417, 180
Trd, 000280.683, 186
Trd, 000281.000, 193
Trd, 000281.533, 180
Trd, 000281.567, 190
Trd, 000281.783, 188
Trd, 000282.283, 190
Trd, 000282.583, 195
Trd, 000282.783, 194
Trd, 000283.267, 198
Trd, 000284.517, 197
Trd, 000284.683, 196
Trd, 000284.717, 196
Trd, 000285.550, 191
Trd, 000285.900, 190
Trd, 000286.100, 187
Trd, 000286.500, 187
Trd, 000287.233, 189
Trd, 000287.250, 176
Trd, 000288.000, 181
Trd, 000288.100, 172
Trd, 000288.333, 180
Trd, 000288.517, 182
Trd, 000288.850, 170
Trd, 000289.350, 193
Trd, 000289.500, 194
Trd, 000289.700, 197
Trd, 000290.033, 202
Trd, 000290.450, 201
Trd, 000290.600, 197
Trd, 000291.033, 187
Trd, 000291.117, 177
Trd, 000291.583, 169
Trd, 000291.783, 180
Trd, 000292.167, 166
Trd, 000292.800, 172
Trd, 000293.133, 173
Trd, 000293.617, 177
Trd, 000294.033, 173
Trd, 000294.383, 174
Trd, 000294.733, 172
Trd, 000294.950, 174
Trd, 000295.967, 174
Trd, 000296.200, 176
Trd, 000296.500, 180
Trd, 000296.517, 184
Trd, 000297.000, 188
Trd, 000297.017, 194
Trd, 000297.333, 177
Trd, 000297.383, 175
Trd, 000297.400, 196
Trd, 000298.667, 193
Trd, 000298.717, 195
Trd, 000299.033, 196
Trd, 000299.333, 192
Trd, 000299.633, 177
