Trd, 000000.683, 148
Trd, 000002.117, 155
Trd, 000002.867, 156
Trd, 000003.650, 155
Trd, 000004.217, 153
Trd, 000004.433, 152
Trd, 000004.633, 148
Trd, 000005.317, 150
Trd, 000005.483, 152
Trd, 000005.900, 153
Trd, 000006.317, 153
Trd, 000006.750, 145
Trd, 000007.617, 144
Trd, 000007.650, 149
Trd, 000008.417, 161
Trd, 000010.133, 152
Trd, 000011.000, 152
Trd, 000011.050, 149
Trd, 000011.650, 153
Trd, 000012.650, 154
Trd, 000013.883, 158
Trd, 000014.050, 159
Trd, 000014.333, 152
Trd, 000014.917, 180
Trd, 000015.967, 149
Trd, 000016.633, 150
Trd, 000017.317, 168
Trd, 000018.433, 163
Trd, 000018.550, 154
Trd, 000018.817, 165
Trd, 000019.833, 155
Trd, 000020.817, 156
Trd, 000021.317, 154
Trd, 000021.350, 156
Trd, 000022.967, 150
Trd, 000023.100, 151
Trd, 000023.250, 154
Trd, 000023.267, 155
Trd, 000024.217, 157
Trd, 000025.467, 156
Trd, 000026.083, 157
Trd, 000026.333, 156
Trd, 000026.817, 159
Trd, 000027.500, 155
Trd, 000027.750, 154
Trd, 000028.117, 156
Trd, 000028.533, 156
Trd, 000029.150, 153
Trd, 000029.817, 151
Trd, 000030.950, 150
Trd, 000031.967, 155
Trd, 000032.267, 158
Trd, 000033.150, 155
Trd, 000033.250, 156
Trd, 000033.383, 146
Trd, 000035.067, 148
Trd, 000035.300, 148
Trd, 000035.483, 149
Trd, 000035.583, 151
Trd, 000036.400, 157
Trd, 000036.650, 154
Trd, 000036.750, 158
Trd, 000036.817, 161
Trd, 000037.100, 160
Trd, 000038.067, 172
Trd, 000038.333, 166
Trd, 000040.250, 157
Trd, 000040.283, 154
Trd, 000040.517, 158
Trd, 000040.650, 146
Trd, 000041.100, 152
Trd, 000041.267, 145
Trd, 000042.483, 158
Trd, 000042.533, 162
Trd, 000042.817, 146
Trd, 000044.883, 156
Trd, 000044.967, 157
Trd, 000045.483, 155
Trd, 000045.817, 155
Trd, 000047.050, 152
Trd, 000047.150, 152
Trd, 000048.217, 154
Trd, 000049.267, 153
Trd, 000049.500, 155
Trd, 000049.567, 147
Trd, 000049.583, 160
Trd, 000050.783, 149
Trd, 000051.683, 163
Trd, 000052.017, 152
Trd, 000052.533, 157
Trd, 000053.483, 158
Trd, 000054.200, 173
Trd, 000054.817, 161
Trd, 000055.683, 160
Trd, 000056.600, 161
Trd, 000057.533, 159
Trd, 000057.817, 159
Trd, 000058.400, 160
Trd, 000058.700, 160
Trd, 000059.900, 158
Trd, 000060.250, 158
Trd, 000060.750, 158
Trd, 000060.783, 154
Trd, 000060.867, 161
Trd, 000061.150, 149
Trd, 000061.250, 164
Trd, 000061.300, 170
Trd, 000061.533, 146
Trd, 000061.650, 132
Trd, 000061.917, 154
Trd, 000063.667, 151
Trd, 000063.950, 156
Trd, 000064.400, 158
Trd, 000064.750, 157
Trd, 000065.500, 157
Trd, 000065.800, 158
Trd, 000066.150, 159
Trd, 000066.983, 163
Trd, 000067.267, 164
Trd, 000067.467, 160
Trd, 000067.783, 155
Trd, 000068.650, 155
Trd, 000069.367, 156
Trd, 000069.767, 157
Trd, 000069.833, 162
Trd, 000071.550, 179
Trd, 000072.050, 165
Trd, 000072.400, 164
Trd, 000073.250, 164
Trd, 000073.567, 162
Trd, 000074.550, 161
Trd, 000075.950, 161
Trd, 000076.467, 160
Trd, 000077.050, 161
Trd, 000077.167, 159
Trd, 000077.183, 155
Trd, 000077.733, 159
Trd, 000078.183, 159
Trd, 000079.150, 160
Trd, 000079.750, 161
Trd, 000079.833, 159
Trd, 000079.983, 158
Trd, 000080.117, 162
Trd, 000080.200, 156
Trd, 000081.900, 152
Trd, 000082.117, 162
Trd, 000082.567, 163
Trd, 000082.850, 157
Trd, 000083.583, 178
Trd, 000084.817, 170
Trd, 000085.217, 174
Trd, 000085.717, 156
Trd, 000086.400, 155
Trd, 000086.933, 157
Trd, 000087.350, 163
Trd, 000087.717, 159
Trd, 000088.950, 153
Trd, 000089.633, 153
Trd, 000089.933, 150
Trd, 000090.667, 153
Trd, 000090.850, 154
Trd, 000091.800, 154
Trd, 000091.817, 164
Trd, 000092.133, 177
Trd, 000092.233, 168
Trd, 000093.117, 149
Trd, 000093.450, 166
Trd, 000093.583, 167
Trd, 000094.917, 157
Trd, 000095.067, 156
Trd, 000095.183, 155
Trd, 000097.067, 163
Trd, 000097.617, 160
Trd, 000098.450, 160
Trd, 000099.050, 162
Trd, 000099.383, 164
Trd, 000099.533, 164
Trd, 000099.733, 162
Trd, 000100.317, 164
Trd, 000100.383, 161
Trd, 000102.333, 158
Trd, 000102.450, 162
Trd, 000102.717, 165
Trd, 000103.217, 159
Trd, 000103.450, 164
Trd, 000105.383, 160
Trd, 000105.650, 159
Trd, 000105.850, 159
Trd, 000106.100, 159
Trd, 000106.400, 160
Trd, 000107.467, 158
Trd, 000107.717, 168
Trd, 000107.867, 185
Trd, 000108.417, 167
Trd, 000108.450, 154
Trd, 000109.333, 159
Trd, 000110.567, 165
Trd, 000110.733, 166
Trd, 000110.900, 158
Trd, 000111.583, 158
Trd, 000111.733, 159
Trd, 000111.833, 166
Trd, 000112.100, 157
Trd, 000112.633, 151
Trd, 000112.667, 165
Trd, 000113.100, 146
Trd, 000113.200, 165
Trd, 000115.700, 154
Trd, 000116.017, 155
Trd, 000116.600, 155
Trd, 000116.817, 154
Trd, 000117.083, 158
Trd, 000117.867, 173
Trd, 000118.850, 171
Trd, 000118.967, 173
Trd, 000119.083, 170
Trd, 000119.800, 163
Trd, 000121.417, 165
Trd, 000121.550, 166
Trd, 000122.167, 165
Trd, 000123.500, 160
Trd, 000124.250, 162
Trd, 000125.167, 159
Trd, 000125.450, 164
Trd, 000125.817, 165
Trd, 000125.867, 166
Trd, 000127.100, 163
Trd, 000127.550, 162
Trd, 000128.500, 163
Trd, 000128.600, 162
Trd, 000128.633, 166
Trd, 000129.733, 165
Trd, 000129.817, 167
Trd, 000130.000, 162
Trd, 000130.333, 162
Trd, 000131.217, 166
Trd, 000131.517, 169
Trd, 000132.417, 170
Trd, 000132.517, 161
Trd, 000132.583, 153
Trd, 000133.483, 160
Trd, 000133.550, 167
Trd, 000134.200, 165
Trd, 000134.817, 166
Trd, 000135.233, 166
Trd, 000135.317, 167
Trd, 000136.233, 166
Trd, 000136.467, 162
Trd, 000136.817, 161
Trd, 000137.267, 155
Trd, 000137.483, 138
Trd, 000138.017, 165
Trd, 000138.717, 163
Trd, 000139.733, 160
Trd, 000139.850, 161
Trd, 000140.617, 161
Trd, 000141.950, 163
Trd, 000143.933, 169
Trd, 000144.700, 164
Trd, 000145.650, 169
Trd, 000145.717, 168
Trd, 000146.017, 164
Trd, 000146.233, 183
Trd, 000146.683, 182
Trd, 000146.750, 183
Trd, 000147.933, 168
Trd, 000149.117, 167
Trd, 000149.533, 166
Trd, 000150.033, 170
Trd, 000150.517, 171
Trd, 000152.050, 168
Trd, 000152.167, 168
Trd, 000152.833, 167
Trd, 000153.917, 169
Trd, 000154.833, 165
Trd, 000155.333, 164
Trd, 000155.917, 165
Trd, 000156.133, 165
Trd, 000156.150, 173
Trd, 000156.567, 177
Trd, 000157.033, 166
Trd, 000158.200, 171
Trd, 000159.267, 171
Trd, 000159.383, 174
Trd, 000159.733, 177
Trd, 000159.750, 168
Trd, 000160.483, 164
Trd, 000160.717, 194
Trd, 000160.867, 159
Trd, 000161.967, 184
Trd, 000162.467, 166
Trd, 000163.100, 181
Trd, 000163.317, 166
Trd, 000163.650, 166
Trd, 000164.583, 164
Trd, 000164.917, 165
Trd, 000165.100, 160
Trd, 000166.067, 171
Trd, 000167.583, 168
Trd, 000167.850, 167
Trd, 000169.100, 170
Trd, 000170.217, 168
Trd, 000170.433, 168
Trd, 000170.617, 168
Trd, 000171.033, 168
Trd, 000171.217, 165
Trd, 000171.417, 165
Trd, 000172.017, 167
Trd, 000172.900, 172
Trd, 000173.067, 165
Trd, 000173.433, 161
Trd, 000173.950, 163
Trd, 000174.533, 164
Trd, 000174.767, 163
Trd, 000176.133, 163
Trd, 000176.800, 164
Trd, 000177.500, 170
Trd, 000178.717, 162
Trd, 000178.833, 161
Trd, 000179.250, 152
Trd, 000179.267, 164
Trd, 000179.300, 143
Trd, 000179.667, 164
Trd, 000180.067, 161
Trd, 000180.833, 166
Trd, 000180.900, 158
Trd, 000181.383, 171
Trd, 000182.267, 161
Trd, 000182.600, 171
Trd, 000182.633, 172
Trd, 000184.350, 163
Trd, 000184.517, 166
Trd, 000185.233, 167
Trd, 000185.300, 163
Trd, 000185.650, 162
Trd, 000185.983, 167
Trd, 000186.100, 167
Trd, 000186.533, 158
Trd, 000187.683, 161
Trd, 000187.883, 173
Trd, 000189.000, 166
Trd, 000189.350, 162
Trd, 000190.317, 162
Trd, 000190.750, 161
Trd, 000190.850, 163
Trd, 000190.950, 165
Trd, 000191.100, 167
Trd, 000193.267, 164
Trd, 000193.917, 166
Trd, 000194.167, 165
Trd, 000194.367, 163
Trd, 000194.717, 162
Trd, 000195.200, 165
Trd, 000196.267, 162
Trd, 000196.317, 163
Trd, 000196.483, 167
Trd, 000197.067, 175
Trd, 000197.150, 160
Trd, 000197.683, 188
Trd, 000198.167, 161
Trd, 000199.483, 171
Trd, 000199.650, 172
Trd, 000199.667, 169
Trd, 000200.117, 172
Trd, 000201.017, 168
Trd, 000202.767, 172
Trd, 000203.033, 173
Trd, 000205.317, 171
Trd, 000205.517, 169
Trd, 000205.650, 171
Trd, 000206.100, 168
Trd, 000206.250, 172
Trd, 000206.550, 175
Trd, 000207.200, 169
Trd, 000207.633, 179
Trd, 000209.400, 176
Trd, 000209.467, 175
Trd, 000210.333, 176
Trd, 000210.400, 187
Trd, 000211.483, 170
Trd, 000211.983, 175
Trd, 000212.017, 170
Trd, 000212.633, 174
Trd, 000214.217, 172
Trd, 000214.433, 171
Trd, 000214.550, 172
Trd, 000214.917, 169
Trd, 000215.217, 176
Trd, 000215.317, 164
Trd, 000216.283, 161
Trd, 000216.867, 156
Trd, 000216.983, 170
Trd, 000217.417, 171
Trd, 000217.617, 167
Trd, 000217.650, 155
Trd, 000219.800, 170
Trd, 000220.633, 167
Trd, 000220.817, 167
Trd, 000221.050, 167
Trd, 000221.717, 168
Trd, 000222.000, 168
Trd, 000222.450, 170
Trd, 000222.967, 167
Trd, 000223.383, 166
Trd, 000223.667, 162
Trd, 000224.250, 170
Trd, 000225.450, 166
Trd, 000225.917, 165
Trd, 000226.783, 164
Trd, 000226.833, 165
Trd, 000227.767, 165
Trd, 000227.867, 163
Trd, 000228.633, 164
Trd, 000229.250, 163
Trd, 000230.033, 164
Trd, 000230.550, 166
Trd, 000231.233, 170
Trd, 000231.817, 169
Trd, 000232.500, 167
Trd, 000232.517, 170
Trd, 000233.483, 170
Trd, 000233.867, 171
Trd, 000234.033, 178
Trd, 000234.267, 168
Trd, 000234.633, 180
Trd, 000235.550, 181
Trd, 000236.017, 172
Trd, 000236.267, 169
Trd, 000236.383, 173
Trd, 000237.083, 173
Trd, 000237.950, 203
Trd, 000240.333, 182
Trd, 000240.683, 187
Trd, 000241.767, 182
Trd, 000242.000, 189
Trd, 000242.200, 181
Trd, 000242.750, 183
Trd, 000242.950, 179
Trd, 000243.600, 178
Trd, 000243.883, 173
Trd, 000244.233, 172
Trd, 000244.267, 174
Trd, 000244.933, 172
Trd, 000245.000, 172
Trd, 000245.633, 171
Trd, 000246.183, 169
Trd, 000246.233, 172
Trd, 000246.417, 171
Trd, 000246.550, 172
Trd, 000246.617, 173
Trd, 000247.033, 172
Trd, 000247.600, 173
Trd, 000247.900, 182
Trd, 000249.483, 177
Trd, 000249.783, 176
Trd, 000250.250, 174
Trd, 000250.483, 175
Trd, 000250.500, 177
Trd, 000251.017, 177
Trd, 000251.383, 180
Trd, 000251.900, 180
Trd, 000252.433, 177
Trd, 000252.650, 176
Trd, 000252.683, 173
Trd, 000253.100, 168
Trd, 000253.550, 170
Trd, 000253.683, 165
Trd, 000255.583, 170
Trd, 000255.900, 170
Trd, 000256.383, 166
Trd, 000256.733, 167
Trd, 000256.950, 169
Trd, 000257.600, 170
Trd, 000258.150, 170
Trd, 000258.500, 172
Trd, 000258.667, 172
Trd, 000258.700, 169
Trd, 000258.800, 172
Trd, 000259.150, 172
Trd, 000259.333, 180
Trd, 000260.017, 172
Trd, 000260.050, 174
Trd, 000260.650, 177
Trd, 000261.233, 184
Trd, 000262.300, 179
Trd, 000262.417, 175
Trd, 000262.767, 171
Trd, 000262.900, 168
Trd, 000262.933, 172
Trd, 000263.383, 173
Trd, 000263.550, 170
Trd, 000264.200, 172
Trd, 000264.217, 168
Trd, 000264.867, 170
Trd, 000264.933, 173
Trd, 000266.750, 174
Trd, 000266.867, 174
Trd, 000267.133, 173
Trd, 000267.517, 169
Trd, 000268.167, 177
Trd, 000268.650, 175
Trd, 000269.033, 176
Trd, 000269.417, 178
Trd, 000269.667, 178
Trd, 000270.000, 181
Trd, 000270.350, 177
Trd, 000271.683, 185
Trd, 000271.783, 182
Trd, 000272.333, 177
Trd, 000272.483, 181
Trd, 000272.867, 177
Trd, 000272.883, 179
Trd, 000273.233, 179
Trd, 000273.333, 175
Trd, 000273.883, 179
Trd, 000274.317, 176
Trd, 000274.417, 179
Trd, 000274.967, 175
Trd, 000275.267, 179
Trd, 000275.450, 185
Trd, 000277.167, 188
Trd, 000279.250, 187
Trd, 000279.667, 188
Trd, 000279.850, 186
Trd, 000279.967, 193
Trd, 000280.600, 185
Trd, 000280.783, 189
Trd, 000280.867, 184
Trd, 000281.150, 183
Trd, 000281.167, 176
Trd, 000281.633, 169
Trd, 000281.667, 189
Trd, 000282.033, 174
Trd, 000282.267, 175
Trd, 000282.750, 186
Trd, 000283.267, 181
Trd, 000283.483, 183
Trd, 000284.150, 203
Trd, 000284.617, 168
Trd, 000284.717, 165
Trd, 000285.450, 173
Trd, 000285.667, 173
Trd, 000286.733, 176
Trd, 000286.983, 176
Trd, 000287.300, 176
Trd, 000287.783, 177
Trd, 000287.950, 174
Trd, 000288.433, 182
Trd, 000289.133, 178
Trd, 000289.233, 182
Trd, 000289.400, 184
Trd, 000290.183, 190
Trd, 000290.233, 181
Trd, 000290.333, 180
Trd, 000290.383, 187
Trd, 000290.667, 177
Trd, 000291.183, 176
Trd, 000292.100, 184
Trd, 000292.250, 177
Trd, 000292.267, 189
Trd, 000293.017, 194
Trd, 000293.333, 192
Trd, 000293.467, 191
Trd, 000293.700, 171
Trd, 000293.833, 170
Trd, 000294.767, 178
Trd, 000294.950, 179
Trd, 000295.700, 177
Trd, 000295.717, 178
Trd, 000296.383, 187
Trd, 000296.500, 176
Trd, 000296.850, 205
Trd, 000297.783, 179
Trd, 000297.900, 178
Trd, 000298.533, 192
Trd, 000299.150, 188
Trd, 000299.233, 187
Trd, 000299.367, 187
Trd, 000299.700, 185
