Trd, 000001.583, 162
Trd, 000002.067, 133
Trd, 000002.333, 154
Trd, 000002.983, 137
Trd, 000004.217, 131
Trd, 000005.117, 140
Trd, 000005.583, 145
Trd, 000005.633, 150
Trd, 000006.167, 156
Trd, 000006.550, 160
Trd, 000007.033, 162
Trd, 000007.200, 161
Trd, 000008.100, 142
Trd, 000008.983, 166
Trd, 000010.400, 143
Trd, 000010.900, 146
Trd, 000012.000, 147
Trd, 000012.317, 147
Trd, 000013.067, 150
Trd, 000014.350, 142
Trd, 000014.400, 141
Trd, 000014.533, 149
Trd, 000014.917, 158
Trd, 000016.117, 163
Trd, 000016.450, 164
Trd, 000016.517, 166
Trd, 000016.783, 167
Trd, 000018.500, 155
Trd, 000019.533, 157
Trd, 000020.250, 157
Trd, 000021.300, 160
Trd, 000021.567, 158
Trd, 000022.567, 153
Trd, 000024.083, 160
Trd, 000024.317, 154
Trd, 000024.567, 159
Trd, 000024.950, 145
Trd, 000025.433, 166
Trd, 000025.700, 136
Trd, 000025.750, 167
Trd, 000025.917, 168
Trd, 000026.500, 167
Trd, 000027.283, 163
Trd, 000027.367, 163
Trd, 000028.733, 165
Trd, 000029.600, 165
Trd, 000029.867, 144
Trd, 000030.267, 164
Trd, 000030.433, 164
Trd, 000030.567, 143
Trd, 000030.633, 143
Trd, 000031.067, 164
Trd, 000032.033, 165
Trd, 000032.067, 168
Trd, 000032.367, 164
Trd, 000032.950, 155
Trd, 000033.850, 155
Trd, 000034.500, 156
Trd, 000034.800, 145
Trd, 000035.100, 167
Trd, 000037.317, 166
Trd, 000038.033, 165
Trd, 000038.217, 166
Trd, 000039.617, 155
Trd, 000039.783, 154
Trd, 000039.817, 153
Trd, 000040.150, 161
Trd, 000040.267, 162
Trd, 000040.417, 150
Trd, 000040.850, 152
Trd, 000040.867, 146
Trd, 000041.433, 162
Trd, 000042.467, 147
Trd, 000043.850, 159
Trd, 000044.183, 163
Trd, 000044.683, 166
Trd, 000044.717, 146
Trd, 000045.983, 162
Trd, 000046.767, 170
Trd, 000047.100, 169
Trd, 000047.900, 163
Trd, 000048.183, 155
Trd, 000048.400, 163
Trd, 000049.333, 160
Trd, 000049.550, 163
Trd, 000049.583, 159
Trd, 000050.333, 159
Trd, 000050.567, 159
Trd, 000050.683, 153
Trd, 000050.833, 167
Trd, 000051.283, 147
Trd, 000051.683, 144
Trd, 000051.750, 167
Trd, 000053.300, 146
Trd, 000053.617, 146
Trd, 000053.667, 172
Trd, 000053.883, 145
Trd, 000054.783, 171
Trd, 000054.983, 170
Trd, 000056.917, 164
Trd, 000057.050, 167
Trd, 000057.233, 151
Trd, 000057.483, 180
Trd, 000057.750, 157
Trd, 000058.767, 149
Trd, 000059.083, 171
Trd, 000059.533, 160
Trd, 000059.633, 168
Trd, 000059.750, 145
Trd, 000060.050, 175
Trd, 000061.817, 168
Trd, 000063.167, 159
Trd, 000063.733, 163
Trd, 000064.417, 160
Trd, 000064.567, 159
Trd, 000065.000, 163
Trd, 000065.483, 168
Trd, 000066.500, 157
Trd, 000067.150, 165
Trd, 000067.967, 178
Trd, 000068.383, 172
Trd, 000069.400, 162
Trd, 000069.817, 165
Trd, 000070.000, 168
Trd, 000070.483, 168
Trd, 000071.250, 168
Trd, 000071.650, 169
Trd, 000072.800, 168
Trd, 000072.950, 167
Trd, 000073.033, 170
Trd, 000073.167, 161
Trd, 000074.617, 172
Trd, 000075.367, 162
Trd, 000075.550, 159
Trd, 000075.567, 169
Trd, 000076.000, 150
Trd, 000076.783, 172
Trd, 000077.117, 175
Trd, 000077.967, 143
Trd, 000078.633, 147
Trd, 000078.817, 158
Trd, 000080.550, 155
Trd, 000080.633, 156
Trd, 000081.283, 148
Trd, 000081.300, 147
Trd, 000081.750, 156
Trd, 000082.767, 156
Trd, 000083.183, 157
Trd, 000083.333, 155
Trd, 000083.467, 165
Trd, 000085.117, 156
Trd, 000085.133, 159
Trd, 000085.950, 173
Trd, 000086.383, 174
Trd, 000086.483, 157
Trd, 000087.467, 179
Trd, 000088.417, 173
Trd, 000088.583, 172
Trd, 000088.667, 170
Trd, 000089.350, 177
Trd, 000089.417, 178
Trd, 000089.483, 169
Trd, 000090.267, 171
Trd, 000090.500, 164
Trd, 000091.950, 164
Trd, 000092.750, 166
Trd, 000092.900, 167
Trd, 000093.100, 158
Trd, 000095.500, 162
Trd, 000095.933, 168
Trd, 000096.267, 162
Trd, 000096.833, 161
Trd, 000097.167, 156
Trd, 000099.567, 162
Trd, 000099.617, 161
Trd, 000099.667, 166
Trd, 000099.783, 167
Trd, 000100.367, 160
Trd, 000100.733, 168
Trd, 000101.083, 154
Trd, 000101.400, 153
Trd, 000101.633, 150
Trd, 000101.717, 136
Trd, 000103.167, 164
Trd, 000103.667, 169
Trd, 000104.083, 172
Trd, 000105.100, 167
Trd, 000105.600, 163
Trd, 000105.700, 162
Trd, 000106.500, 162
Trd, 000106.667, 163
Trd, 000107.600, 156
Trd, 000108.150, 163
Trd, 000108.983, 177
Trd, 000109.783, 176
Trd, 000109.817, 179
Trd, 000109.933, 167
Trd, 000110.517, 181
Trd, 000110.767, 156
Trd, 000111.517, 155
Trd, 000113.317, 165
Trd, 000113.383, 173
Trd, 000113.717, 173
Trd, 000113.933, 173
Trd, 000114.750, 163
Trd, 000115.250, 163
Trd, 000115.683, 151
Trd, 000116.017, 143
Trd, 000116.900, 166
Trd, 000117.383, 165
Trd, 000118.583, 161
Trd, 000118.833, 169
Trd, 000119.250, 166
Trd, 000119.283, 167
Trd, 000119.400, 174
Trd, 000119.567, 161
Trd, 000120.250, 161
Trd, 000120.967, 155
Trd, 000121.117, 152
Trd, 000121.417, 165
Trd, 000121.783, 147
Trd, 000121.933, 168
Trd, 000122.867, 170
Trd, 000122.983, 146
Trd, 000124.067, 165
Trd, 000124.400, 164
Trd, 000124.433, 174
Trd, 000124.767, 151
Trd, 000124.800, 167
Trd, 000125.950, 175
Trd, 000126.417, 166
Trd, 000126.850, 167
Trd, 000127.433, 166
Trd, 000128.217, 167
Trd, 000128.383, 173
Trd, 000128.817, 166
Trd, 000130.633, 156
Trd, 000131.033, 173
Trd, 000131.233, 174
Trd, 000131.383, 175
Trd, 000132.167, 154
Trd, 000132.617, 153
Trd, 000133.333, 169
Trd, 000133.617, 170
Trd, 000133.917, 175
Trd, 000134.433, 178
Trd, 000135.783, 157
Trd, 000136.967, 161
Trd, 000137.133, 173
Trd, 000139.233, 164
Trd, 000140.183, 170
Trd, 000140.217, 165
Trd, 000140.233, 171
Trd, 000140.650, 165
Trd, 000141.900, 163
Trd, 000142.400, 172
Trd, 000142.700, 165
Trd, 000144.000, 172
Trd, 000144.100, 176
Trd, 000144.317, 178
Trd, 000144.517, 179
Trd, 000145.067, 166
Trd, 000146.100, 182
Trd, 000146.117, 167
Trd, 000146.817, 177
Trd, 000147.617, 157
Trd, 000147.867, 156
Trd, 000147.917, 154
Trd, 000148.617, 160
Trd, 000149.100, 176
Trd, 000149.300, 180
Trd, 000150.383, 174
Trd, 000150.650, 164
Trd, 000151.817, 166
Trd, 000152.167, 159
Trd, 000152.600, 170
Trd, 000152.800, 163
Trd, 000153.733, 161
Trd, 000153.817, 160
Trd, 000154.467, 158
Trd, 000154.950, 170
Trd, 000155.317, 180
Trd, 000155.500, 179
Trd, 000156.150, 177
Trd, 000156.750, 163
Trd, 000157.450, 181
Trd, 000157.567, 182
Trd, 000157.617, 159
Trd, 000159.750, 176
Trd, 000159.900, 160
Trd, 000159.950, 158
Trd, 000160.833, 176
Trd, 000161.150, 158
Trd, 000161.167, 156
Trd, 000162.300, 151
Trd, 000162.383, 150
Trd, 000164.083, 178
Trd, 000164.367, 161
Trd, 000164.417, 171
Trd, 000164.700, 178
Trd, 000165.450, 162
Trd, 000166.483, 166
Trd, 000166.750, 158
Trd, 000167.933, 171
Trd, 000168.800, 170
Trd, 000168.917, 167
Trd, 000169.067, 162
Trd, 000170.317, 167
Trd, 000170.783, 160
Trd, 000170.983, 152
Trd, 000171.000, 175
Trd, 000171.017, 179
Trd, 000171.317, 157
Trd, 000172.817, 182
Trd, 000174.367, 166
Trd, 000175.067, 163
Trd, 000175.700, 172
Trd, 000176.050, 171
Trd, 000176.100, 178
Trd, 000176.650, 158
Trd, 000177.667, 172
Trd, 000177.767, 164
Trd, 000178.083, 174
Trd, 000179.300, 175
Trd, 000180.017, 172
Trd, 000180.167, 173
Trd, 000180.367, 162
Trd, 000180.433, 161
Trd, 000181.233, 174
Trd, 000181.350, 157
Trd, 000181.383, 180
Trd, 000181.433, 153
Trd, 000181.767, 183
Trd, 000184.150, 166
Trd, 000184.633, 175
Trd, 000184.950, 167
Trd, 000186.150, 167
Trd, 000186.200, 175
Trd, 000186.633, 167
Trd, 000187.583, 168
Trd, 000188.000, 176
Trd, 000188.600, 161
Trd, 000190.150, 174
Trd, 000190.317, 170
Trd, 000190.867, 168
Trd, 000191.067, 168
Trd, 000191.167, 173
Trd, 000191.967, 181
Trd, 000192.350, 162
Trd, 000192.617, 184
Trd, 000192.767, 189
Trd, 000193.283, 184
Trd, 000193.783, 176
Trd, 000194.667, 159
Trd, 000195.083, 159
Trd, 000195.300, 166
Trd, 000195.650, 175
Trd, 000195.850, 156
Trd, 000196.767, 157
Trd, 000196.983, 153
Trd, 000197.167, 183
Trd, 000199.383, 171
Trd, 000199.950, 177
Trd, 000200.217, 162
Trd, 000200.550, 182
Trd, 000201.067, 182
Trd, 000201.600, 182
Trd, 000201.817, 181
Trd, 000201.850, 185
Trd, 000202.450, 182
Trd, 000202.533, 169
Trd, 000203.250, 178
Trd, 000203.617, 179
Trd, 000203.667, 165
Trd, 000203.967, 179
Trd, 000204.933, 158
Trd, 000205.167, 159
Trd, 000206.417, 183
Trd, 000206.633, 186
Trd, 000206.667, 183
Trd, 000206.700, 188
Trd, 000206.983, 158
Trd, 000207.350, 155
Trd, 000207.900, 195
Trd, 000209.483, 188
Trd, 000210.067, 186
Trd, 000210.283, 180
Trd, 000212.467, 184
Trd, 000212.650, 183
Trd, 000214.450, 182
Trd, 000214.483, 169
Trd, 000215.317, 170
Trd, 000215.683, 165
Trd, 000215.733, 169
Trd, 000216.317, 164
Trd, 000217.050, 164
Trd, 000217.217, 174
Trd, 000217.233, 162
Trd, 000217.600, 175
Trd, 000218.017, 176
Trd, 000218.800, 152
Trd, 000219.200, 184
Trd, 000219.433, 184
Trd, 000220.883, 189
Trd, 000220.933, 176
Trd, 000221.283, 175
Trd, 000222.800, 179
Trd, 000223.383, 180
Trd, 000223.433, 172
Trd, 000224.583, 179
Trd, 000224.783, 171
Trd, 000224.933, 184
Trd, 000225.150, 171
Trd, 000227.067, 185
Trd, 000227.217, 188
Trd, 000228.133, 186
Trd, 000228.800, 196
Trd, 000228.967, 197
Trd, 000229.083, 169
Trd, 000229.750, 188
Trd, 000230.183, 176
Trd, 000230.833, 168
Trd, 000232.033, 168
Trd, 000232.600, 182
Trd, 000233.050, 181
Trd, 000233.350, 174
Trd, 000233.650, 178
Trd, 000233.917, 188
Trd, 000234.000, 167
Trd, 000234.783, 166
Trd, 000234.817, 165
Trd, 000235.983, 180
Trd, 000236.350, 167
Trd, 000236.800, 182
Trd, 000237.300, 163
Trd, 000237.600, 157
Trd, 000237.650, 185
Trd, 000239.250, 181
Trd, 000240.133, 174
Trd, 000240.183, 166
Trd, 000240.450, 181
Trd, 000240.683, 180
Trd, 000240.733, 182
Trd, 000241.433, 174
Trd, 000242.350, 175
Trd, 000243.367, 173
Trd, 000243.600, 168
Trd, 000243.933, 170
Trd, 000244.400, 173
Trd, 000244.850, 170
Trd, 000245.300, 169
Trd, 000246.100, 167
Trd, 000246.250, 166
Trd, 000246.450, 170
Trd, 000246.733, 171
Trd, 000246.800, 172
Trd, 000247.183, 171
Trd, 000247.900, 165
Trd, 000248.417, 169
Trd, 000249.050, 172
Trd, 000250.050, 170
Trd, 000250.117, 173
Trd, 000250.483, 173
Trd, 000250.517, 172
Trd, 000250.750, 169
Trd, 000250.783, 167
Trd, 000250.917, 174
Trd, 000250.967, 160
Trd, 000251.033, 183
Trd, 000251.550, 169
Trd, 000252.267, 159
Trd, 000252.433, 170
Trd, 000252.483, 173
Trd, 000253.233, 161
Trd, 000254.317, 166
Trd, 000255.167, 167
Trd, 000255.417, 168
Trd, 000255.483, 169
Trd, 000256.050, 166
Trd, 000256.483, 166
Trd, 000257.183, 174
Trd, 000257.833, 168
Trd, 000257.883, 170
Trd, 000258.217, 176
Trd, 000258.800, 179
Trd, 000259.167, 183
Trd, 000259.500, 168
Trd, 000260.017, 170
Trd, 000260.183, 172
Trd, 000260.200, 173
Trd, 000260.967, 188
Trd, 000261.283, 169
Trd, 000261.900, 168
Trd, 000262.383, 177
Trd, 000262.433, 170
Trd, 000262.767, 178
Trd, 000263.467, 186
Trd, 000264.517, 167
Trd, 000264.667, 174
Trd, 000264.750, 175
Trd, 000264.850, 177
Trd, 000264.917, 184
Trd, 000265.783, 174
Trd, 000267.333, 174
Trd, 000267.483, 177
Trd, 000267.567, 171
Trd, 000268.150, 178
Trd, 000268.667, 178
Trd, 000268.800, 181
Trd, 000269.667, 178
Trd, 000269.700, 185
Trd, 000270.283, 173
Trd, 000271.267, 169
Trd, 000271.717, 173
Trd, 000271.883, 177
Trd, 000272.217, 178
Trd, 000272.433, 167
Trd, 000272.817, 161
Trd, 000272.900, 179
Trd, 000274.217, 171
Trd, 000274.467, 183
Trd, 000274.500, 169
Trd, 000274.767, 174
Trd, 000274.883, 167
Trd, 000275.600, 175
Trd, 000276.450, 173
Trd, 000276.583, 174
Trd, 000277.600, 176
Trd, 000277.700, 170
Trd, 000277.933, 178
Trd, 000278.367, 169
Trd, 000278.900, 171
Trd, 000279.533, 170
Trd, 000280.167, 173
Trd, 000280.200, 170
Trd, 000281.133, 185
Trd, 000281.167, 185
Trd, 000281.450, 183
Trd, 000281.500, 177
Trd, 000281.950, 186
Trd, 000282.483, 180
Trd, 000283.183, 180
Trd, 000283.383, 172
Trd, 000283.683, 176
Trd, 000284.583, 179
Trd, 000284.883, 179
Trd, 000285.017, 172
Trd, 000285.917, 173
Trd, 000286.117, 171
Trd, 000286.483, 169
Trd, 000287.033, 177
Trd, 000287.217, 179
Trd, 000287.317, 168
Trd, 000287.850, 163
Trd, 000289.067, 187
Trd, 000289.083, 190
Trd, 000289.183, 193
Trd, 000289.767, 198
Trd, 000289.917, 192
Trd, 000290.433, 203
Trd, 000290.750, 191
Trd, 000290.883, 186
Trd, 000291.283, 178
Trd, 000291.300, 169
Trd, 000291.750, 168
Trd, 000291.800, 163
Trd, 000292.083, 177
Trd, 000292.300, 174
Trd, 000292.733, 179
Trd, 000293.167, 180
Trd, 000294.917, 180
Trd, 000294.983, 173
Trd, 000295.100, 172
Trd, 000295.983, 176
Trd, 000296.767, 177
Trd, 000297.200, 175
Trd, 000297.383, 171
Trd, 000297.433, 169
Trd, 000297.467, 177
Trd, 000297.667, 157
Trd, 000297.683, 156
Trd, 000297.733, 178
Trd, 000297.750, 179
Trd, 000298.267, 162
Trd, 000298.700, 168
