Trd, 000001.600, 144
Trd, 000002.517, 154
Trd, 000003.167, 151
Trd, 000003.983, 151
Trd, 000004.767, 150
Trd, 000005.433, 148
Trd, 000005.483, 150
Trd, 000005.550, 147
Trd, 000005.583, 146
Trd, 000005.617, 148
Trd, 000006.000, 146
Trd, 000006.217, 155
Trd, 000007.683, 147
Trd, 000007.867, 148
Trd, 000008.383, 148
Trd, 000008.967, 148
Trd, 000009.917, 147
Trd, 000010.467, 148
Trd, 000010.867, 150
Trd, 000012.050, 146
Trd, 000012.483, 149
Trd, 000013.150, 146
Trd, 000013.517, 145
Trd, 000013.983, 146
Trd, 000014.567, 146
Trd, 000014.800, 146
Trd, 000015.833, 147
Trd, 000016.350, 147
Trd, 000017.383, 147
Trd, 000017.583, 149
Trd, 000017.600, 145
Trd, 000018.950, 150
Trd, 000019.550, 148
Trd, 000019.950, 148
Trd, 000021.067, 146
Trd, 000021.217, 146
Trd, 000021.567, 145
Trd, 000021.850, 145
Trd, 000022.150, 143
Trd, 000022.483, 150
Trd, 000022.867, 148
Trd, 000023.117, 153
Trd, 000024.733, 151
Trd, 000025.033, 150
Trd, 000025.183, 149
Trd, 000025.950, 148
Trd, 000026.017, 149
Trd, 000026.150, 149
Trd, 000026.450, 153
Trd, 000026.567, 148
Trd, 000027.167, 146
Trd, 000027.700, 152
Trd, 000028.450, 151
Trd, 000028.517, 147
Trd, 000029.117, 147
Trd, 000030.533, 151
Trd, 000031.250, 152
Trd, 000031.567, 149
Trd, 000031.917, 149
Trd, 000032.533, 150
Trd, 000032.900, 154
Trd, 000033.900, 149
Trd, 000034.067, 149
Trd, 000035.050, 149
Trd, 000035.567, 148
Trd, 000036.083, 148
Trd, 000036.700, 151
Trd, 000037.000, 154
Trd, 000037.233, 147
Trd, 000038.483, 155
Trd, 000038.783, 148
Trd, 000040.033, 150
Trd, 000040.167, 149
Trd, 000040.433, 148
Trd, 000040.467, 145
Trd, 000040.533, 149
Trd, 000040.567, 150
Trd, 000041.617, 150
Trd, 000041.967, 147
Trd, 000042.033, 151
Trd, 000043.700, 153
Trd, 000043.983, 151
Trd, 000044.250, 152
Trd, 000044.267, 150
Trd, 000045.167, 151
Trd, 000045.867, 150
Trd, 000046.200, 151
Trd, 000046.500, 151
Trd, 000046.567, 154
Trd, 000046.967, 155
Trd, 000047.933, 154
Trd, 000048.017, 153
Trd, 000048.283, 155
Trd, 000049.400, 155
Trd, 000049.633, 153
Trd, 000050.083, 154
Trd, 000050.533, 156
Trd, 000051.917, 156
Trd, 000051.983, 157
Trd, 000053.233, 154
Trd, 000053.767, 153
Trd, 000054.100, 154
Trd, 000055.233, 155
Trd, 000055.333, 154
Trd, 000055.417, 156
Trd, 000055.583, 153
Trd, 000056.133, 152
Trd, 000056.300, 152
Trd, 000056.333, 150
Trd, 000056.850, 150
Trd, 000058.367, 159
Trd, 000058.983, 160
Trd, 000059.333, 157
Trd, 000059.750, 152
Trd, 000060.533, 154
Trd, 000060.750, 156
Trd, 000060.800, 153
Trd, 000060.933, 152
Trd, 000062.233, 152
Trd, 000063.317, 151
Trd, 000063.400, 151
Trd, 000063.500, 150
Trd, 000063.950, 150
Trd, 000064.117, 149
Trd, 000064.933, 151
Trd, 000065.400, 151
Trd, 000066.133, 154
Trd, 000066.617, 153
Trd, 000066.800, 154
Trd, 000067.067, 148
Trd, 000067.117, 169
Trd, 000068.017, 160
Trd, 000068.050, 159
Trd, 000068.767, 152
Trd, 000069.717, 154
Trd, 000070.083, 152
Trd, 000070.500, 152
Trd, 000070.650, 155
Trd, 000071.350, 154
Trd, 000072.400, 152
Trd, 000072.783, 154
Trd, 000073.683, 155
Trd, 000074.750, 155
Trd, 000074.767, 152
Trd, 000075.567, 157
Trd, 000075.783, 158
Trd, 000076.500, 156
Trd, 000076.900, 157
Trd, 000077.150, 155
Trd, 000078.000, 157
Trd, 000078.617, 156
Trd, 000078.833, 158
Trd, 000078.867, 157
Trd, 000078.900, 159
Trd, 000079.167, 159
Trd, 000080.250, 162
Trd, 000081.017, 157
Trd, 000081.117, 157
Trd, 000081.583, 155
Trd, 000083.033, 153
Trd, 000083.300, 152
Trd, 000083.483, 155
Trd, 000083.800, 156
Trd, 000084.233, 151
Trd, 000084.800, 160
Trd, 000084.933, 159
Trd, 000085.233, 153
Trd, 000086.217, 155
Trd, 000086.283, 152
Trd, 000087.783, 153
Trd, 000087.867, 153
Trd, 000088.300, 156
Trd, 000088.717, 158
Trd, 000089.033, 159
Trd, 000090.017, 155
Trd, 000090.817, 155
Trd, 000090.833, 156
Trd, 000092.133, 157
Trd, 000092.850, 157
Trd, 000092.883, 158
Trd, 000092.900, 156
Trd, 000093.250, 157
Trd, 000093.417, 156
Trd, 000093.567, 156
Trd, 000094.017, 157
Trd, 000094.867, 158
Trd, 000095.933, 158
Trd, 000096.083, 159
Trd, 000096.800, 161
Trd, 000096.933, 156
Trd, 000097.350, 155
Trd, 000098.233, 159
Trd, 000098.483, 158
Trd, 000098.950, 161
Trd, 000099.450, 159
Trd, 000100.017, 159
Trd, 000100.067, 159
Trd, 000100.167, 158
Trd, 000101.000, 157
Trd, 000101.067, 158
Trd, 000101.983, 159
Trd, 000103.867, 158
Trd, 000104.100, 157
Trd, 000104.833, 157
Trd, 000105.067, 157
Trd, 000105.083, 158
Trd, 000105.450, 158
Trd, 000105.533, 158
Trd, 000106.367, 159
Trd, 000107.167, 161
Trd, 000107.550, 157
Trd, 000108.767, 158
Trd, 000108.817, 159
Trd, 000109.317, 158
Trd, 000109.433, 161
Trd, 000109.817, 158
Trd, 000110.217, 160
Trd, 000111.100, 159
Trd, 000111.617, 159
Trd, 000112.167, 161
Trd, 000112.800, 161
Trd, 000113.267, 158
Trd, 000113.617, 159
Trd, 000113.917, 162
Trd, 000115.367, 162
Trd, 000115.467, 160
Trd, 000115.933, 160
Trd, 000116.100, 158
Trd, 000116.733, 160
Trd, 000116.783, 159
Trd, 000117.667, 160
Trd, 000117.700, 155
Trd, 000117.717, 152
Trd, 000118.433, 146
Trd, 000118.450, 160
Trd, 000119.933, 156
Trd, 000120.850, 157
Trd, 000121.300, 156
Trd, 000121.883, 160
Trd, 000122.183, 161
Trd, 000122.517, 163
Trd, 000123.233, 164
Trd, 000123.383, 160
Trd, 000123.400, 159
Trd, 000123.783, 163
Trd, 000125.267, 161
Trd, 000126.133, 162
Trd, 000126.350, 163
Trd, 000126.767, 158
Trd, 000127.400, 159
Trd, 000128.067, 157
Trd, 000128.133, 164
Trd, 000128.733, 158
Trd, 000129.983, 162
Trd, 000130.350, 163
Trd, 000130.600, 161
Trd, 000131.250, 159
Trd, 000131.583, 161
Trd, 000131.750, 159
Trd, 000132.567, 160
Trd, 000132.633, 158
Trd, 000132.783, 161
Trd, 000133.183, 163
Trd, 000133.567, 158
Trd, 000134.633, 157
Trd, 000135.050, 157
Trd, 000136.000, 156
Trd, 000136.083, 158
Trd, 000136.583, 158
Trd, 000136.750, 156
Trd, 000137.050, 158
Trd, 000137.383, 155
Trd, 000138.117, 156
Trd, 000138.500, 155
Trd, 000138.700, 159
Trd, 000139.183, 154
Trd, 000139.800, 158
Trd, 000140.700, 155
Trd, 000140.867, 155
Trd, 000142.183, 150
Trd, 000142.533, 151
Trd, 000143.167, 154
Trd, 000143.233, 152
Trd, 000143.883, 152
Trd, 000144.450, 153
Trd, 000144.517, 152
Trd, 000145.000, 151
Trd, 000145.033, 165
Trd, 000145.433, 162
Trd, 000145.867, 159
Trd, 000146.000, 169
Trd, 000146.600, 175
Trd, 000147.067, 171
Trd, 000148.567, 165
Trd, 000149.933, 168
Trd, 000150.383, 168
Trd, 000150.483, 167
Trd, 000151.500, 165
Trd, 000151.867, 166
Trd, 000152.133, 165
Trd, 000152.217, 164
Trd, 000152.750, 163
Trd, 000153.617, 166
Trd, 000153.700, 170
Trd, 000153.867, 177
Trd, 000154.583, 163
Trd, 000155.067, 164
Trd, 000155.533, 165
Trd, 000155.967, 163
Trd, 000156.300, 164
Trd, 000156.367, 163
Trd, 000156.683, 165
Trd, 000156.950, 161
Trd, 000157.600, 164
Trd, 000158.650, 165
Trd, 000159.000, 164
Trd, 000160.400, 168
Trd, 000160.450, 169
Trd, 000161.083, 165
Trd, 000161.450, 164
Trd, 000161.567, 166
Trd, 000162.233, 167
Trd, 000162.500, 164
Trd, 000163.550, 164
Trd, 000164.767, 166
Trd, 000164.817, 164
Trd, 000165.833, 167
Trd, 000166.733, 166
Trd, 000166.833, 166
Trd, 000167.383, 167
Trd, 000167.617, 166
Trd, 000167.850, 165
Trd, 000168.250, 165
Trd, 000168.450, 168
Trd, 000169.933, 168
Trd, 000170.000, 169
Trd, 000170.567, 169
Trd, 000171.233, 167
Trd, 000171.483, 167
Trd, 000173.300, 163
Trd, 000173.933, 161
Trd, 000174.350, 162
Trd, 000175.533, 161
Trd, 000175.767, 158
Trd, 000176.267, 160
Trd, 000176.283, 161
Trd, 000176.550, 162
Trd, 000177.300, 169
Trd, 000177.350, 171
Trd, 000178.533, 169
Trd, 000179.350, 164
Trd, 000180.333, 167
Trd, 000180.417, 168
Trd, 000180.800, 167
Trd, 000181.167, 168
Trd, 000183.500, 169
Trd, 000183.817, 167
Trd, 000183.833, 166
Trd, 000184.000, 166
Trd, 000184.650, 166
Trd, 000185.267, 166
Trd, 000185.367, 165
Trd, 000185.517, 165
Trd, 000185.900, 167
Trd, 000186.050, 193
Trd, 000186.500, 167
Trd, 000187.417, 174
Trd, 000187.717, 205
Trd, 000188.233, 201
Trd, 000188.267, 177
Trd, 000188.800, 174
Trd, 000188.900, 175
Trd, 000189.433, 176
Trd, 000189.500, 182
Trd, 000191.633, 178
Trd, 000191.800, 181
Trd, 000191.983, 177
Trd, 000192.167, 176
Trd, 000192.217, 175
Trd, 000193.267, 176
Trd, 000193.650, 174
Trd, 000193.667, 174
Trd, 000194.000, 173
Trd, 000194.017, 170
Trd, 000194.267, 163
Trd, 000194.733, 167
Trd, 000195.200, 165
Trd, 000195.950, 165
Trd, 000196.317, 164
Trd, 000196.567, 159
Trd, 000197.767, 160
Trd, 000198.583, 161
Trd, 000198.850, 160
Trd, 000199.133, 160
Trd, 000200.000, 159
Trd, 000201.017, 160
Trd, 000201.050, 158
Trd, 000201.317, 160
Trd, 000201.333, 165
Trd, 000203.217, 195
Trd, 000203.367, 173
Trd, 000203.667, 175
Trd, 000203.883, 174
Trd, 000204.533, 171
Trd, 000204.800, 181
Trd, 000205.667, 174
Trd, 000206.600, 176
Trd, 000206.800, 174
Trd, 000206.883, 173
Trd, 000206.900, 168
Trd, 000207.867, 164
Trd, 000209.150, 171
Trd, 000209.167, 172
Trd, 000210.917, 170
Trd, 000211.033, 173
Trd, 000212.250, 171
Trd, 000212.567, 169
Trd, 000212.833, 171
Trd, 000213.483, 171
Trd, 000213.617, 170
Trd, 000214.067, 172
Trd, 000214.700, 171
Trd, 000214.867, 176
Trd, 000214.967, 168
Trd, 000216.383, 175
Trd, 000216.733, 170
Trd, 000217.250, 172
Trd, 000217.733, 172
Trd, 000218.050, 170
Trd, 000218.117, 169
Trd, 000219.050, 169
Trd, 000219.900, 167
Trd, 000220.117, 168
Trd, 000220.433, 169
Trd, 000220.783, 167
Trd, 000221.933, 170
Trd, 000222.267, 169
Trd, 000222.400, 168
Trd, 000223.600, 177
Trd, 000223.850, 184
Trd, 000224.333, 173
Trd, 000224.750, 172
Trd, 000225.033, 170
Trd, 000225.133, 167
Trd, 000225.150, 166
Trd, 000226.717, 167
Trd, 000226.850, 170
Trd, 000227.433, 167
Trd, 000227.517, 167
Trd, 000227.650, 168
Trd, 000228.517, 168
Trd, 000228.783, 168
Trd, 000229.417, 167
Trd, 000229.483, 168
Trd, 000230.000, 173
Trd, 000230.233, 174
Trd, 000230.450, 178
Trd, 000230.600, 173
Trd, 000232.150, 172
Trd, 000233.033, 170
Trd, 000233.150, 171
Trd, 000234.150, 168
Trd, 000235.583, 169
Trd, 000235.733, 168
Trd, 000236.317, 169
Trd, 000236.433, 170
Trd, 000237.233, 171
Trd, 000237.783, 171
Trd, 000237.800, 169
Trd, 000238.083, 172
Trd, 000239.300, 170
Trd, 000239.433, 170
Trd, 000239.617, 169
Trd, 000240.167, 171
Trd, 000240.267, 172
Trd, 000240.550, 172
Trd, 000240.583, 172
Trd, 000240.850, 173
Trd, 000241.850, 175
Trd, 000242.350, 179
Trd, 000242.517, 175
Trd, 000242.700, 171
Trd, 000242.850, 180
Trd, 000243.733, 183
Trd, 000243.817, 184
Trd, 000244.400, 184
Trd, 000245.317, 182
Trd, 000245.367, 181
Trd, 000245.650, 181
Trd, 000245.783, 181
Trd, 000245.950, 182
Trd, 000246.633, 183
Trd, 000247.150, 181
Trd, 000247.350, 180
Trd, 000247.700, 183
Trd, 000247.833, 184
Trd, 000247.967, 185
Trd, 000248.133, 183
Trd, 000248.317, 179
Trd, 000248.567, 192
Trd, 000248.633, 179
Trd, 000249.267, 180
Trd, 000249.933, 181
Trd, 000250.567, 183
Trd, 000251.317, 183
Trd, 000252.050, 180
Trd, 000252.717, 178
Trd, 000252.967, 177
Trd, 000253.467, 180
Trd, 000254.317, 181
Trd, 000254.700, 179
Trd, 000255.333, 180
Trd, 000255.383, 182
Trd, 000255.550, 180
Trd, 000255.900, 181
Trd, 000256.133, 178
Trd, 000256.200, 177
Trd, 000256.583, 179
Trd, 000257.133, 176
Trd, 000257.833, 177
Trd, 000257.950, 176
Trd, 000258.083, 178
Trd, 000258.417, 175
Trd, 000258.683, 174
Trd, 000258.950, 170
Trd, 000260.183, 174
Trd, 000260.233, 174
Trd, 000260.567, 178
Trd, 000261.250, 180
Trd, 000261.950, 179
Trd, 000262.317, 175
Trd, 000262.417, 174
Trd, 000263.350, 181
Trd, 000263.517, 181
Trd, 000263.550, 181
Trd, 000264.233, 182
Trd, 000264.333, 184
Trd, 000264.950, 180
Trd, 000265.050, 177
Trd, 000265.667, 176
Trd, 000266.400, 179
Trd, 000266.917, 180
Trd, 000267.283, 181
Trd, 000267.367, 178
Trd, 000267.733, 184
Trd, 000267.817, 177
Trd, 000267.867, 184
Trd, 000268.150, 183
Trd, 000269.067, 179
Trd, 000269.500, 182
Trd, 000269.683, 179
Trd, 000270.633, 178
Trd, 000270.800, 178
Trd, 000272.283, 176
Trd, 000272.817, 178
Trd, 000272.967, 178
Trd, 000273.117, 177
Trd, 000274.133, 177
Trd, 000274.350, 177
Trd, 000274.400, 180
Trd, 000275.150, 177
Trd, 000275.483, 176
Trd, 000275.667, 178
Trd, 000276.417, 179
Trd, 000276.667, 179
Trd, 000276.967, 176
Trd, 000277.083, 179
Trd, 000277.350, 180
Trd, 000277.633, 179
Trd, 000277.700, 182
Trd, 000277.917, 176
Trd, 000278.933, 183
Trd, 000279.417, 184
Trd, 000279.517, 192
Trd, 000279.567, 175
Trd, 000279.667, 174
Trd, 000281.267, 179
Trd, 000281.333, 177
Trd, 000281.783, 182
Trd, 000282.017, 183
Trd, 000282.633, 177
Trd, 000283.767, 176
Trd, 000284.733, 177
Trd, 000284.900, 179
Trd, 000285.567, 178
Trd, 000285.767, 177
Trd, 000285.917, 178
Trd, 000286.067, 179
Trd, 000286.383, 177
Trd, 000286.783, 176
Trd, 000286.867, 178
Trd, 000286.950, 176
Trd, 000287.550, 176
Trd, 000287.683, 177
Trd, 000288.183, 174
Trd, 000288.267, 180
Trd, 000289.033, 179
Trd, 000289.133, 177
Trd, 000289.450, 173
Trd, 000289.850, 178
Trd, 000289.983, 180
Trd, 000290.283, 180
Trd, 000290.717, 176
Trd, 000291.067, 169
Trd, 000291.417, 184
Trd, 000292.267, 189
Trd, 000292.733, 190
Trd, 000293.083, 182
Trd, 000293.333, 183
Trd, 000293.750, 182
Trd, 000293.867, 190
Trd, 000293.900, 191
Trd, 000294.117, 194
Trd, 000294.333, 197
Trd, 000295.200, 186
Trd, 000295.650, 182
Trd, 000295.667, 181
Trd, 000297.233, 177
Trd, 000297.400, 180
Trd, 000298.083, 178
Trd, 000299.050, 178
Trd, 000299.317, 177
Trd, 000299.467, 178
Trd, 000299.817, 172
Trd, 000299.983, 179
