Trd, 000002.567, 100
Trd, 000004.217, 118
Trd, 000004.767, 116
Trd, 000004.850, 117
Trd, 000005.450, 120
Trd, 000005.817, 120
Trd, 000005.933, 131
Trd, 000006.383, 137
Trd, 000006.550, 139
Trd, 000007.650, 146
Trd, 000007.883, 143
Trd, 000008.333, 144
Trd, 000008.467, 143
Trd, 000009.683, 146
Trd, 000010.100, 147
Trd, 000010.417, 147
Trd, 000010.550, 145
Trd, 000011.050, 147
Trd, 000011.083, 149
Trd, 000011.400, 149
Trd, 000011.467, 147
Trd, 000013.067, 150
Trd, 000014.000, 149
Trd, 000014.050, 147
Trd, 000015.367, 148
Trd, 000015.750, 149
Trd, 000016.000, 148
Trd, 000016.483, 149
Trd, 000017.300, 148
Trd, 000017.850, 148
Trd, 000018.233, 149
Trd, 000018.683, 150
Trd, 000019.350, 148
Trd, 000019.683, 150
Trd, 000020.217, 149
Trd, 000020.500, 148
Trd, 000020.733, 151
Trd, 000021.517, 151
Trd, 000022.800, 150
Trd, 000023.033, 149
Trd, 000023.317, 160
Trd, 000023.550, 151
Trd, 000023.667, 161
Trd, 000023.817, 151
Trd, 000024.100, 166
Trd, 000024.617, 151
Trd, 000025.300, 160
Trd, 000026.567, 166
Trd, 000027.133, 164
Trd, 000028.750, 159
Trd, 000029.133, 162
Trd, 000029.417, 161
Trd, 000029.817, 160
Trd, 000029.950, 161
Trd, 000030.400, 161
Trd, 000031.017, 161
Trd, 000031.183, 160
Trd, 000031.283, 158
Trd, 000032.417, 158
Trd, 000032.533, 159
Trd, 000033.450, 159
Trd, 000034.500, 159
Trd, 000034.650, 158
Trd, 000034.783, 160
Trd, 000036.267, 159
Trd, 000036.650, 159
Trd, 000037.117, 159
Trd, 000037.183, 158
Trd, 000038.000, 157
Trd, 000038.017, 156
Trd, 000038.300, 152
Trd, 000039.417, 154
Trd, 000039.750, 154
Trd, 000040.167, 156
Trd, 000040.350, 160
Trd, 000040.950, 157
Trd, 000041.333, 159
Trd, 000041.650, 158
Trd, 000042.350, 160
Trd, 000042.450, 159
Trd, 000043.483, 162
Trd, 000044.383, 160
Trd, 000044.483, 159
Trd, 000044.600, 161
Trd, 000046.250, 154
Trd, 000047.100, 162
Trd, 000048.250, 161
Trd, 000048.600, 158
Trd, 000048.967, 159
Trd, 000049.050, 161
Trd, 000049.233, 157
Trd, 000049.483, 158
Trd, 000049.650, 158
Trd, 000050.067, 157
Trd, 000050.633, 158
Trd, 000051.383, 156
Trd, 000052.617, 157
Trd, 000053.200, 156
Trd, 000053.333, 154
Trd, 000054.200, 154
Trd, 000054.700, 156
Trd, 000055.267, 153
Trd, 000056.117, 155
Trd, 000057.317, 157
Trd, 000057.450, 157
Trd, 000057.950, 157
Trd, 000058.117, 157
Trd, 000059.067, 157
Trd, 000059.250, 155
Trd, 000060.200, 156
Trd, 000060.550, 155
Trd, 000060.600, 156
Trd, 000060.983, 160
Trd, 000061.133, 153
Trd, 000061.300, 165
Trd, 000062.167, 162
Trd, 000063.067, 164
Trd, 000064.267, 158
Trd, 000065.317, 166
Trd, 000065.617, 164
Trd, 000066.733, 162
Trd, 000066.833, 162
Trd, 000066.917, 164
Trd, 000068.100, 153
Trd, 000068.433, 161
Trd, 000068.483, 147
Trd, 000068.833, 143
Trd, 000069.483, 152
Trd, 000069.567, 153
Trd, 000069.867, 150
Trd, 000070.500, 147
Trd, 000070.567, 147
Trd, 000070.700, 149
Trd, 000071.117, 154
Trd, 000071.333, 164
Trd, 000072.233, 152
Trd, 000072.867, 154
Trd, 000073.200, 155
Trd, 000073.217, 155
Trd, 000073.683, 155
Trd, 000074.567, 152
Trd, 000075.967, 156
Trd, 000077.233, 160
Trd, 000077.650, 156
Trd, 000078.000, 159
Trd, 000078.217, 155
Trd, 000078.517, 153
Trd, 000080.900, 157
Trd, 000081.183, 156
Trd, 000081.367, 154
Trd, 000081.683, 155
Trd, 000082.450, 155
Trd, 000083.083, 157
Trd, 000084.033, 157
Trd, 000084.650, 158
Trd, 000085.433, 158
Trd, 000085.450, 157
Trd, 000085.583, 158
Trd, 000085.833, 158
Trd, 000086.150, 159
Trd, 000086.500, 154
Trd, 000088.317, 148
Trd, 000089.100, 155
Trd, 000089.967, 158
Trd, 000090.283, 157
Trd, 000090.450, 158
Trd, 000090.517, 159
Trd, 000090.600, 164
Trd, 000091.683, 165
Trd, 000092.283, 162
Trd, 000092.433, 164
Trd, 000092.717, 165
Trd, 000093.533, 166
Trd, 000094.350, 166
Trd, 000094.800, 166
Trd, 000094.983, 167
Trd, 000095.033, 168
Trd, 000095.467, 164
Trd, 000095.917, 170
Trd, 000096.683, 166
Trd, 000096.983, 166
Trd, 000097.983, 165
Trd, 000098.033, 166
Trd, 000098.300, 168
Trd, 000099.217, 167
Trd, 000099.700, 167
Trd, 000100.050, 165
Trd, 000100.383, 168
Trd, 000101.333, 166
Trd, 000101.633, 166
Trd, 000101.733, 167
Trd, 000102.133, 167
Trd, 000103.567, 166
Trd, 000104.000, 163
Trd, 000104.150, 163
Trd, 000104.183, 165
Trd, 000105.033, 162
Trd, 000105.467, 164
Trd, 000105.883, 164
Trd, 000107.050, 164
Trd, 000107.600, 165
Trd, 000107.767, 166
Trd, 000107.900, 167
Trd, 000109.233, 165
Trd, 000109.550, 162
Trd, 000109.567, 162
Trd, 000110.317, 158
Trd, 000111.033, 159
Trd, 000111.133, 159
Trd, 000111.800, 160
Trd, 000112.333, 164
Trd, 000112.433, 168
Trd, 000112.483, 176
Trd, 000113.983, 164
Trd, 000114.917, 165
Trd, 000115.283, 165
Trd, 000115.567, 164
Trd, 000116.017, 164
Trd, 000116.450, 166
Trd, 000116.600, 166
Trd, 000116.667, 168
Trd, 000116.800, 165
Trd, 000116.850, 164
Trd, 000117.767, 168
Trd, 000118.467, 159
Trd, 000118.967, 159
Trd, 000119.417, 168
Trd, 000120.033, 168
Trd, 000120.450, 159
Trd, 000120.533, 168
Trd, 000121.283, 159
Trd, 000121.667, 166
Trd, 000122.650, 159
Trd, 000124.733, 159
Trd, 000125.133, 160
Trd, 000125.200, 161
Trd, 000125.600, 161
Trd, 000125.700, 158
Trd, 000125.967, 162
Trd, 000127.983, 164
Trd, 000128.617, 163
Trd, 000128.717, 163
Trd, 000128.850, 166
Trd, 000129.533, 163
Trd, 000130.383, 165
Trd, 000130.617, 165
Trd, 000130.700, 164
Trd, 000130.717, 165
Trd, 000130.750, 171
Trd, 000131.250, 163
Trd, 000133.083, 161
Trd, 000134.283, 165
Trd, 000134.383, 164
Trd, 000134.667, 164
Trd, 000135.133, 167
Trd, 000135.417, 164
Trd, 000136.467, 165
Trd, 000136.667, 165
Trd, 000136.683, 167
Trd, 000137.267, 163
Trd, 000137.500, 169
Trd, 000138.017, 169
Trd, 000138.200, 163
Trd, 000138.833, 163
Trd, 000139.800, 169
Trd, 000141.883, 166
Trd, 000142.517, 166
Trd, 000142.550, 166
Trd, 000142.683, 165
Trd, 000143.783, 163
Trd, 000144.233, 161
Trd, 000144.483, 154
Trd, 000144.933, 160
Trd, 000145.583, 162
Trd, 000145.967, 163
Trd, 000146.233, 163
Trd, 000147.600, 162
Trd, 000148.317, 161
Trd, 000149.067, 163
Trd, 000149.217, 163
Trd, 000149.650, 161
Trd, 000150.367, 163
Trd, 000150.633, 165
Trd, 000150.733, 164
Trd, 000151.050, 167
Trd, 000151.950, 167
Trd, 000152.250, 168
Trd, 000152.883, 166
Trd, 000153.217, 166
Trd, 000154.417, 163
Trd, 000154.733, 164
Trd, 000154.950, 166
Trd, 000155.500, 170
Trd, 000156.417, 164
Trd, 000156.950, 161
Trd, 000157.050, 168
Trd, 000157.083, 156
Trd, 000158.467, 168
Trd, 000159.083, 168
Trd, 000160.967, 166
Trd, 000161.100, 165
Trd, 000161.617, 166
Trd, 000161.700, 167
Trd, 000161.800, 166
Trd, 000162.800, 166
Trd, 000163.183, 170
Trd, 000163.817, 172
Trd, 000164.217, 169
Trd, 000164.700, 169
Trd, 000165.117, 172
Trd, 000165.183, 168
Trd, 000166.550, 168
Trd, 000166.733, 170
Trd, 000166.800, 163
Trd, 000167.650, 167
Trd, 000167.733, 168
Trd, 000168.800, 166
Trd, 000168.833, 171
Trd, 000169.233, 167
Trd, 000170.183, 172
Trd, 000170.383, 171
Trd, 000171.767, 172
Trd, 000171.817, 173
Trd, 000172.000, 174
Trd, 000172.367, 174
Trd, 000172.583, 175
Trd, 000173.367, 183
Trd, 000173.550, 174
Trd, 000174.667, 177
Trd, 000175.217, 174
Trd, 000175.683, 172
Trd, 000176.600, 174
Trd, 000176.800, 174
Trd, 000178.117, 175
Trd, 000178.217, 174
Trd, 000178.550, 175
Trd, 000178.567, 176
Trd, 000179.217, 172
Trd, 000179.533, 174
Trd, 000180.400, 173
Trd, 000181.267, 173
Trd, 000181.500, 174
Trd, 000182.300, 154
Trd, 000183.050, 163
Trd, 000183.583, 165
Trd, 000184.483, 164
Trd, 000184.833, 166
Trd, 000185.233, 163
Trd, 000185.617, 169
Trd, 000185.717, 166
Trd, 000186.283, 173
Trd, 000186.700, 170
Trd, 000187.350, 171
Trd, 000188.217, 171
Trd, 000188.867, 169
Trd, 000189.033, 169
Trd, 000190.500, 170
Trd, 000190.633, 171
Trd, 000190.800, 167
Trd, 000191.833, 169
Trd, 000192.100, 172
Trd, 000192.783, 171
Trd, 000193.317, 172
Trd, 000193.617, 169
Trd, 000193.950, 166
Trd, 000195.033, 167
Trd, 000195.533, 167
Trd, 000195.600, 168
Trd, 000196.083, 165
Trd, 000196.383, 167
Trd, 000197.133, 170
Trd, 000197.433, 175
Trd, 000197.983, 174
Trd, 000198.900, 163
Trd, 000200.133, 167
Trd, 000201.217, 169
Trd, 000201.533, 167
Trd, 000201.783, 168
Trd, 000202.433, 169
Trd, 000202.900, 169
Trd, 000204.233, 168
Trd, 000204.300, 169
Trd, 000204.383, 169
Trd, 000205.083, 171
Trd, 000205.417, 174
Trd, 000205.667, 172
Trd, 000206.550, 174
Trd, 000207.250, 176
Trd, 000208.483, 177
Trd, 000208.667, 178
Trd, 000209.233, 178
Trd, 000210.600, 179
Trd, 000211.217, 176
Trd, 000211.933, 179
Trd, 000212.583, 176
Trd, 000212.700, 178
Trd, 000212.767, 174
Trd, 000213.083, 168
Trd, 000213.133, 176
Trd, 000214.917, 172
Trd, 000215.583, 173
Trd, 000215.733, 173
Trd, 000215.767, 172
Trd, 000216.050, 172
Trd, 000216.433, 173
Trd, 000217.033, 175
Trd, 000217.267, 175
Trd, 000217.583, 171
Trd, 000218.067, 171
Trd, 000219.300, 172
Trd, 000219.450, 172
Trd, 000219.833, 176
Trd, 000221.183, 173
Trd, 000221.850, 173
Trd, 000222.183, 171
Trd, 000222.417, 172
Trd, 000222.950, 170
Trd, 000223.567, 171
Trd, 000224.633, 169
Trd, 000224.867, 168
Trd, 000225.233, 168
Trd, 000225.467, 169
Trd, 000225.900, 169
Trd, 000225.950, 168
Trd, 000226.267, 170
Trd, 000226.717, 168
Trd, 000228.050, 170
Trd, 000229.150, 172
Trd, 000229.217, 176
Trd, 000229.283, 178
Trd, 000229.333, 170
Trd, 000230.567, 175
Trd, 000231.933, 174
Trd, 000232.133, 173
Trd, 000232.167, 172
Trd, 000232.383, 172
Trd, 000233.100, 163
Trd, 000233.300, 159
Trd, 000233.667, 172
Trd, 000233.883, 174
Trd, 000234.700, 174
Trd, 000235.400, 178
Trd, 000236.833, 173
Trd, 000237.667, 174
Trd, 000238.283, 174
Trd, 000238.383, 173
Trd, 000238.900, 174
Trd, 000239.800, 173
Trd, 000240.067, 174
Trd, 000240.217, 176
Trd, 000240.350, 176
Trd, 000240.667, 177
Trd, 000240.833, 175
Trd, 000241.333, 176
Trd, 000241.783, 182
Trd, 000242.033, 178
Trd, 000242.367, 176
Trd, 000242.717, 173
Trd, 000243.300, 172
Trd, 000244.000, 172
Trd, 000245.767, 171
Trd, 000245.783, 174
Trd, 000245.817, 151
Trd, 000246.400, 164
Trd, 000246.700, 167
Trd, 000246.950, 165
Trd, 000247.183, 163
Trd, 000247.233, 162
Trd, 000247.950, 160
Trd, 000248.550, 154
Trd, 000248.717, 156
Trd, 000248.817, 157
Trd, 000249.533, 153
Trd, 000249.617, 154
Trd, 000249.783, 157
Trd, 000250.167, 154
Trd, 000250.233, 153
Trd, 000251.267, 159
Trd, 000252.033, 173
Trd, 000252.883, 177
Trd, 000253.150, 179
Trd, 000253.317, 178
Trd, 000253.533, 179
Trd, 000253.833, 178
Trd, 000254.183, 178
Trd, 000254.567, 179
Trd, 000254.650, 177
Trd, 000254.767, 180
Trd, 000255.000, 172
Trd, 000255.100, 180
Trd, 000256.000, 182
Trd, 000257.383, 183
Trd, 000257.617, 181
Trd, 000257.900, 183
Trd, 000258.450, 179
Trd, 000258.967, 181
Trd, 000259.617, 184
Trd, 000259.683, 190
Trd, 000259.700, 183
Trd, 000259.750, 178
Trd, 000260.633, 186
Trd, 000261.133, 184
Trd, 000261.333, 184
Trd, 000261.817, 184
Trd, 000262.050, 181
Trd, 000262.617, 182
Trd, 000262.850, 183
Trd, 000263.250, 185
Trd, 000263.433, 191
Trd, 000263.817, 184
Trd, 000264.817, 183
Trd, 000265.033, 184
Trd, 000265.200, 181
Trd, 000265.483, 184
Trd, 000265.533, 173
Trd, 000266.233, 175
Trd, 000266.333, 171
Trd, 000266.733, 175
Trd, 000268.033, 168
Trd, 000268.133, 169
Trd, 000268.400, 167
Trd, 000268.600, 179
Trd, 000269.567, 172
Trd, 000269.667, 172
Trd, 000270.067, 173
Trd, 000270.317, 177
Trd, 000270.483, 178
Trd, 000270.683, 174
Trd, 000271.500, 176
Trd, 000271.517, 177
Trd, 000271.550, 174
Trd, 000272.717, 176
Trd, 000272.833, 171
Trd, 000273.133, 182
Trd, 000273.433, 179
Trd, 000273.867, 182
Trd, 000273.983, 171
Trd, 000274.283, 182
Trd, 000275.883, 176
Trd, 000276.117, 176
Trd, 000276.150, 180
Trd, 000276.683, 177
Trd, 000277.183, 178
Trd, 000277.633, 179
Trd, 000278.083, 183
Trd, 000278.433, 184
Trd, 000278.450, 180
Trd, 000279.733, 197
Trd, 000280.083, 186
Trd, 000280.100, 191
Trd, 000280.200, 192
Trd, 000281.550, 190
Trd, 000281.650, 186
Trd, 000281.817, 183
Trd, 000282.250, 177
Trd, 000282.383, 176
Trd, 000282.683, 175
Trd, 000283.367, 176
Trd, 000284.183, 173
Trd, 000284.817, 178
Trd, 000285.050, 173
Trd, 000285.217, 179
Trd, 000285.733, 178
Trd, 000286.017, 183
Trd, 000286.083, 184
Trd, 000286.933, 180
Trd, 000287.000, 176
Trd, 000287.133, 180
Trd, 000287.250, 181
Trd, 000288.167, 180
Trd, 000288.233, 179
Trd, 000288.650, 181
Trd, 000288.733, 186
Trd, 000289.067, 186
Trd, 000289.283, 193
Trd, 000289.917, 197
Trd, 000290.150, 184
Trd, 000290.683, 180
Trd, 000291.283, 181
Trd, 000291.683, 176
Trd, 000291.783, 184
Trd, 000291.817, 176
Trd, 000292.133, 170
Trd, 000292.250, 185
Trd, 000293.333, 175
Trd, 000293.683, 182
Trd, 000293.700, 183
Trd, 000294.183, 168
Trd, 000294.733, 165
Trd, 000296.017, 181
Trd, 000296.133, 169
Trd, 000296.150, 168
Trd, 000296.667, 179
Trd, 000296.833, 180
Trd, 000298.267, 172
Trd, 000298.383, 171
Trd, 000298.400, 180
Trd, 000298.433, 180
Trd, 000298.550, 181
Trd, 000299.267, 176
Trd, 000299.350, 180
Trd, 000299.800, 178
Trd, 000299.900, 178
