Trd, 000002.100, 155
Trd, 000002.867, 159
Trd, 000004.350, 144
Trd, 000004.817, 154
Trd, 000005.033, 153
Trd, 000005.333, 143
Trd, 000005.517, 141
Trd, 000005.550, 140
Trd, 000005.750, 153
Trd, 000005.967, 144
Trd, 000006.350, 142
Trd, 000007.750, 144
Trd, 000007.783, 145
Trd, 000008.217, 146
Trd, 000009.233, 144
Trd, 000009.483, 143
Trd, 000011.017, 145
Trd, 000012.750, 144
Trd, 000013.817, 143
Trd, 000013.983, 144
Trd, 000014.283, 143
Trd, 000014.783, 142
Trd, 000015.133, 144
Trd, 000016.017, 144
Trd, 000016.100, 145
Trd, 000016.400, 143
Trd, 000016.833, 144
Trd, 000017.917, 144
Trd, 000018.350, 145
Trd, 000018.583, 146
Trd, 000018.633, 144
Trd, 000018.817, 134
Trd, 000021.150, 143
Trd, 000021.533, 146
Trd, 000021.817, 145
Trd, 000022.050, 146
Trd, 000022.233, 160
Trd, 000024.333, 151
Trd, 000024.767, 150
Trd, 000025.900, 150
Trd, 000025.967, 152
Trd, 000026.383, 153
Trd, 000026.717, 148
Trd, 000027.467, 152
Trd, 000027.567, 152
Trd, 000027.883, 149
Trd, 000028.500, 149
Trd, 000028.550, 150
Trd, 000028.783, 153
Trd, 000028.983, 150
Trd, 000029.133, 149
Trd, 000030.150, 149
Trd, 000030.383, 149
Trd, 000030.783, 149
Trd, 000032.250, 148
Trd, 000032.767, 147
Trd, 000034.483, 146
Trd, 000034.767, 146
Trd, 000034.950, 147
Trd, 000035.333, 149
Trd, 000035.450, 148
Trd, 000035.483, 146
Trd, 000036.083, 149
Trd, 000036.850, 145
Trd, 000038.100, 145
Trd, 000038.517, 144
Trd, 000039.133, 145
Trd, 000039.200, 145
Trd, 000039.483, 145
Trd, 000039.683, 145
Trd, 000039.750, 151
Trd, 000039.867, 144
Trd, 000040.050, 152
Trd, 000041.050, 159
Trd, 000042.200, 156
Trd, 000043.067, 160
Trd, 000043.100, 161
Trd, 000043.683, 156
Trd, 000043.717, 156
Trd, 000045.683, 155
Trd, 000046.100, 156
Trd, 000046.200, 156
Trd, 000046.833, 156
Trd, 000047.850, 155
Trd, 000047.983, 156
Trd, 000048.883, 155
Trd, 000049.817, 154
Trd, 000050.350, 146
Trd, 000051.083, 151
Trd, 000051.417, 150
Trd, 000051.767, 151
Trd, 000051.950, 147
Trd, 000053.483, 151
Trd, 000054.167, 152
Trd, 000054.450, 152
Trd, 000054.683, 150
Trd, 000055.267, 150
Trd, 000055.450, 151
Trd, 000055.683, 149
Trd, 000056.583, 149
Trd, 000056.700, 147
Trd, 000056.917, 147
Trd, 000058.167, 148
Trd, 000059.417, 149
Trd, 000059.433, 149
Trd, 000059.567, 149
Trd, 000059.733, 150
Trd, 000060.700, 149
Trd, 000060.817, 153
Trd, 000060.950, 153
Trd, 000061.267, 156
Trd, 000061.350, 148
Trd, 000062.033, 152
Trd, 000062.133, 151
Trd, 000062.517, 148
Trd, 000062.767, 149
Trd, 000063.067, 152
Trd, 000063.283, 151
Trd, 000064.417, 148
Trd, 000065.150, 149
Trd, 000065.617, 150
Trd, 000065.967, 148
Trd, 000066.950, 148
Trd, 000067.417, 148
Trd, 000067.850, 148
Trd, 000068.183, 147
Trd, 000069.150, 148
Trd, 000069.833, 149
Trd, 000069.900, 149
Trd, 000070.183, 147
Trd, 000070.767, 147
Trd, 000070.883, 146
Trd, 000071.317, 145
Trd, 000072.083, 165
Trd, 000072.650, 152
Trd, 000072.867, 160
Trd, 000073.417, 159
Trd, 000073.600, 159
Trd, 000074.150, 162
Trd, 000074.167, 164
Trd, 000075.483, 159
Trd, 000076.250, 158
Trd, 000076.317, 157
Trd, 000076.950, 160
Trd, 000077.433, 160
Trd, 000077.567, 158
Trd, 000078.167, 161
Trd, 000078.517, 161
Trd, 000078.633, 160
Trd, 000080.083, 157
Trd, 000081.067, 157
Trd, 000081.267, 157
Trd, 000081.300, 156
Trd, 000081.967, 155
Trd, 000082.517, 154
Trd, 000083.200, 157
Trd, 000083.400, 155
Trd, 000083.900, 157
Trd, 000084.083, 153
Trd, 000084.767, 153
Trd, 000085.700, 152
Trd, 000086.067, 152
Trd, 000086.467, 152
Trd, 000086.983, 153
Trd, 000087.333, 153
Trd, 000087.467, 152
Trd, 000087.750, 153
Trd, 000088.133, 149
Trd, 000089.967, 150
Trd, 000090.100, 152
Trd, 000090.583, 146
Trd, 000090.967, 152
Trd, 000091.300, 150
Trd, 000092.383, 151
Trd, 000092.433, 152
Trd, 000092.533, 167
Trd, 000094.267, 159
Trd, 000094.833, 157
Trd, 000095.017, 159
Trd, 000095.033, 156
Trd, 000095.483, 157
Trd, 000095.733, 159
Trd, 000096.183, 158
Trd, 000096.500, 159
Trd, 000097.317, 159
Trd, 000097.500, 157
Trd, 000098.883, 157
Trd, 000098.967, 157
Trd, 000099.000, 156
Trd, 000099.967, 159
Trd, 000100.667, 155
Trd, 000101.333, 158
Trd, 000101.350, 157
Trd, 000101.433, 157
Trd, 000101.683, 156
Trd, 000102.333, 156
Trd, 000102.483, 155
Trd, 000104.017, 154
Trd, 000104.500, 154
Trd, 000104.517, 157
Trd, 000105.017, 159
Trd, 000105.467, 166
Trd, 000105.550, 165
Trd, 000106.233, 172
Trd, 000107.200, 163
Trd, 000108.317, 167
Trd, 000108.833, 168
Trd, 000108.917, 169
Trd, 000109.200, 169
Trd, 000109.500, 166
Trd, 000109.650, 163
Trd, 000110.350, 165
Trd, 000110.417, 166
Trd, 000111.533, 165
Trd, 000111.950, 163
Trd, 000112.450, 163
Trd, 000113.750, 164
Trd, 000114.050, 163
Trd, 000114.483, 164
Trd, 000114.700, 166
Trd, 000115.233, 166
Trd, 000115.800, 165
Trd, 000116.317, 164
Trd, 000116.650, 163
Trd, 000117.917, 164
Trd, 000118.550, 162
Trd, 000118.817, 160
Trd, 000119.283, 159
Trd, 000119.317, 160
Trd, 000119.367, 159
Trd, 000120.633, 160
Trd, 000120.683, 158
Trd, 000121.100, 158
Trd, 000121.400, 157
Trd, 000121.600, 159
Trd, 000121.867, 155
Trd, 000122.133, 162
Trd, 000123.567, 157
Trd, 000123.800, 161
Trd, 000124.633, 161
Trd, 000125.983, 156
Trd, 000126.267, 156
Trd, 000126.667, 157
Trd, 000126.800, 159
Trd, 000127.033, 157
Trd, 000127.517, 154
Trd, 000128.183, 155
Trd, 000128.483, 157
Trd, 000128.633, 142
Trd, 000129.017, 161
Trd, 000129.400, 156
Trd, 000129.467, 170
Trd, 000130.500, 159
Trd, 000131.850, 162
Trd, 000131.983, 162
Trd, 000133.550, 162
Trd, 000133.717, 163
Trd, 000133.933, 162
Trd, 000134.167, 160
Trd, 000135.933, 161
Trd, 000135.950, 160
Trd, 000136.167, 162
Trd, 000137.633, 162
Trd, 000137.800, 161
Trd, 000138.817, 165
Trd, 000138.883, 160
Trd, 000140.283, 169
Trd, 000140.600, 167
Trd, 000141.400, 169
Trd, 000142.433, 167
Trd, 000143.233, 166
Trd, 000144.167, 166
Trd, 000144.467, 169
Trd, 000145.500, 165
Trd, 000145.550, 165
Trd, 000145.717, 167
Trd, 000146.200, 167
Trd, 000146.600, 168
Trd, 000146.700, 165
Trd, 000146.950, 167
Trd, 000147.200, 164
Trd, 000147.733, 165
Trd, 000148.467, 164
Trd, 000148.983, 165
Trd, 000149.533, 156
Trd, 000149.783, 149
Trd, 000151.317, 156
Trd, 000151.417, 157
Trd, 000151.667, 157
Trd, 000152.167, 157
Trd, 000152.633, 157
Trd, 000153.167, 168
Trd, 000155.367, 166
Trd, 000155.617, 166
Trd, 000155.767, 168
Trd, 000156.667, 169
Trd, 000156.767, 166
Trd, 000157.683, 172
Trd, 000157.767, 171
Trd, 000158.650, 172
Trd, 000159.083, 174
Trd, 000159.600, 174
Trd, 000159.617, 173
Trd, 000160.167, 172
Trd, 000161.033, 157
Trd, 000161.067, 158
Trd, 000162.000, 154
Trd, 000162.967, 151
Trd, 000163.200, 154
Trd, 000163.333, 150
Trd, 000164.000, 155
Trd, 000164.300, 155
Trd, 000164.867, 155
Trd, 000166.883, 157
Trd, 000167.250, 160
Trd, 000167.783, 173
Trd, 000167.867, 172
Trd, 000169.983, 171
Trd, 000170.017, 168
Trd, 000170.700, 170
Trd, 000170.867, 167
Trd, 000171.417, 165
Trd, 000171.700, 163
Trd, 000171.733, 166
Trd, 000172.200, 167
Trd, 000173.667, 170
Trd, 000174.133, 173
Trd, 000174.250, 172
Trd, 000175.067, 172
Trd, 000176.067, 173
Trd, 000176.800, 173
Trd, 000177.150, 173
Trd, 000177.267, 174
Trd, 000177.467, 174
Trd, 000177.517, 171
Trd, 000177.617, 169
Trd, 000178.067, 168
Trd, 000179.933, 169
Trd, 000180.200, 170
Trd, 000180.683, 170
Trd, 000180.733, 168
Trd, 000180.850, 173
Trd, 000181.050, 166
Trd, 000181.283, 171
Trd, 000181.400, 173
Trd, 000182.767, 173
Trd, 000183.950, 170
Trd, 000184.933, 171
Trd, 000185.067, 171
Trd, 000185.417, 169
Trd, 000185.533, 170
Trd, 000185.950, 170
Trd, 000186.417, 169
Trd, 000186.650, 170
Trd, 000187.133, 166
Trd, 000187.683, 171
Trd, 000189.600, 169
Trd, 000190.067, 170
Trd, 000190.100, 170
Trd, 000191.100, 169
Trd, 000191.150, 168
Trd, 000192.833, 167
Trd, 000192.867, 166
Trd, 000193.367, 166
Trd, 000194.467, 166
Trd, 000194.650, 165
Trd, 000194.733, 163
Trd, 000195.283, 164
Trd, 000195.583, 155
Trd, 000195.683, 152
Trd, 000196.400, 160
Trd, 000196.783, 158
Trd, 000198.083, 156
Trd, 000198.817, 157
Trd, 000198.917, 158
Trd, 000199.050, 159
Trd, 000199.267, 156
Trd, 000200.250, 161
Trd, 000201.117, 162
Trd, 000201.133, 161
Trd, 000201.583, 163
Trd, 000201.800, 162
Trd, 000202.650, 160
Trd, 000203.467, 162
Trd, 000203.650, 161
Trd, 000203.767, 160
Trd, 000203.983, 182
Trd, 000205.983, 167
Trd, 000206.333, 173
Trd, 000206.400, 173
Trd, 000207.433, 175
Trd, 000207.967, 174
Trd, 000208.000, 170
Trd, 000208.767, 171
Trd, 000209.617, 170
Trd, 000209.817, 170
Trd, 000210.833, 169
Trd, 000212.067, 169
Trd, 000212.367, 170
Trd, 000213.050, 169
Trd, 000213.183, 170
Trd, 000214.067, 169
Trd, 000214.333, 165
Trd, 000214.800, 162
Trd, 000214.983, 167
Trd, 000215.150, 154
Trd, 000216.750, 161
Trd, 000217.383, 160
Trd, 000217.400, 162
Trd, 000217.983, 161
Trd, 000218.117, 157
Trd, 000218.317, 162
Trd, 000219.383, 163
Trd, 000219.400, 163
Trd, 000219.783, 163
Trd, 000219.883, 158
Trd, 000220.600, 159
Trd, 000221.250, 158
Trd, 000221.383, 158
Trd, 000222.333, 159
Trd, 000222.800, 161
Trd, 000223.733, 160
Trd, 000224.217, 159
Trd, 000224.267, 158
Trd, 000224.383, 157
Trd, 000224.517, 156
Trd, 000224.917, 159
Trd, 000225.900, 160
Trd, 000225.983, 154
Trd, 000226.600, 164
Trd, 000227.883, 156
Trd, 000229.200, 152
Trd, 000229.400, 154
Trd, 000230.133, 155
Trd, 000230.300, 156
Trd, 000230.383, 157
Trd, 000230.517, 154
Trd, 000231.400, 154
Trd, 000231.867, 156
Trd, 000231.917, 158
Trd, 000231.967, 164
Trd, 000233.883, 160
Trd, 000233.967, 159
Trd, 000234.650, 160
Trd, 000236.083, 161
Trd, 000236.100, 159
Trd, 000237.617, 161
Trd, 000237.867, 162
Trd, 000239.517, 162
Trd, 000239.900, 161
Trd, 000240.300, 163
Trd, 000240.433, 162
Trd, 000240.567, 165
Trd, 000240.883, 165
Trd, 000241.183, 164
Trd, 000241.317, 168
Trd, 000242.117, 173
Trd, 000242.517, 173
Trd, 000242.683, 170
Trd, 000242.950, 171
Trd, 000243.183, 170
Trd, 000243.667, 173
Trd, 000243.983, 173
Trd, 000244.233, 170
Trd, 000244.617, 175
Trd, 000245.250, 175
Trd, 000245.467, 177
Trd, 000245.950, 174
Trd, 000246.667, 174
Trd, 000247.133, 175
Trd, 000247.400, 173
Trd, 000248.100, 173
Trd, 000248.517, 172
Trd, 000248.533, 172
Trd, 000248.583, 173
Trd, 000249.250, 172
Trd, 000249.283, 176
Trd, 000250.567, 175
Trd, 000251.017, 177
Trd, 000251.167, 176
Trd, 000251.217, 177
Trd, 000251.550, 175
Trd, 000251.683, 179
Trd, 000251.867, 175
Trd, 000252.500, 174
Trd, 000253.567, 176
Trd, 000253.867, 175
Trd, 000253.983, 173
Trd, 000254.883, 169
Trd, 000255.067, 169
Trd, 000255.967, 172
Trd, 000256.333, 173
Trd, 000256.533, 174
Trd, 000256.600, 176
Trd, 000257.433, 177
Trd, 000257.550, 178
Trd, 000258.000, 181
Trd, 000258.317, 176
Trd, 000258.383, 180
Trd, 000259.400, 179
Trd, 000259.750, 179
Trd, 000259.983, 179
Trd, 000260.217, 177
Trd, 000260.467, 177
Trd, 000260.600, 178
Trd, 000260.750, 177
Trd, 000261.417, 178
Trd, 000262.517, 177
Trd, 000262.717, 176
Trd, 000263.383, 176
Trd, 000263.900, 177
Trd, 000264.317, 180
Trd, 000264.500, 184
Trd, 000264.850, 176
Trd, 000265.167, 177
Trd, 000265.833, 178
Trd, 000267.100, 178
Trd, 000267.217, 177
Trd, 000267.983, 177
Trd, 000268.067, 177
Trd, 000268.117, 174
Trd, 000269.717, 177
Trd, 000269.783, 178
Trd, 000269.967, 178
Trd, 000270.217, 181
Trd, 000271.700, 183
Trd, 000271.750, 182
Trd, 000272.317, 181
Trd, 000272.700, 182
Trd, 000272.950, 175
Trd, 000273.683, 182
Trd, 000274.017, 182
Trd, 000274.667, 183
Trd, 000275.150, 182
Trd, 000275.333, 181
Trd, 000276.117, 182
Trd, 000276.583, 181
Trd, 000276.650, 179
Trd, 000276.983, 183
Trd, 000277.250, 180
Trd, 000278.933, 185
Trd, 000279.300, 181
Trd, 000279.367, 180
Trd, 000279.700, 182
Trd, 000280.617, 182
Trd, 000280.933, 182
Trd, 000281.483, 183
Trd, 000281.517, 182
Trd, 000281.900, 184
Trd, 000282.167, 182
Trd, 000282.250, 180
Trd, 000282.400, 179
Trd, 000283.150, 178
Trd, 000284.283, 177
Trd, 000284.300, 176
Trd, 000284.467, 172
Trd, 000284.733, 177
Trd, 000284.967, 179
Trd, 000285.217, 181
Trd, 000285.383, 180
Trd, 000285.767, 175
Trd, 000287.133, 179
Trd, 000287.783, 180
Trd, 000288.450, 180
Trd, 000289.017, 181
Trd, 000289.400, 180
Trd, 000289.533, 182
Trd, 000290.083, 180
Trd, 000290.500, 181
Trd, 000291.733, 181
Trd, 000291.783, 183
Trd, 000291.933, 183
Trd, 000292.717, 180
Trd, 000294.133, 181
Trd, 000294.183, 183
Trd, 000295.067, 180
Trd, 000295.300, 181
Trd, 000295.700, 181
Trd, 000296.167, 180
Trd, 000296.283, 179
Trd, 000296.867, 180
Trd, 000297.133, 182
Trd, 000298.367, 182
Trd, 000298.700, 181
Trd, 000299.050, 178
Trd, 000299.183, 181
