Trd, 000001.900, 166
Trd, 000003.300, 145
Trd, 000003.367, 151
Trd, 000003.933, 144
Trd, 000004.150, 155
Trd, 000004.383, 157
Trd, 000004.417, 177
Trd, 000005.433, 176
Trd, 000005.850, 160
Trd, 000005.983, 151
Trd, 000006.617, 149
Trd, 000006.683, 144
Trd, 000006.700, 152
Trd, 000007.417, 141
Trd, 000007.633, 145
Trd, 000007.667, 146
Trd, 000008.683, 141
Trd, 000009.283, 141
Trd, 000010.933, 144
Trd, 000011.200, 145
Trd, 000011.583, 145
Trd, 000012.250, 176
Trd, 000013.050, 147
Trd, 000013.117, 151
Trd, 000014.733, 152
Trd, 000014.833, 148
Trd, 000015.283, 146
Trd, 000016.150, 145
Trd, 000016.433, 142
Trd, 000018.083, 149
Trd, 000018.317, 151
Trd, 000018.350, 148
Trd, 000019.850, 152
Trd, 000020.433, 152
Trd, 000021.317, 151
Trd, 000021.983, 152
Trd, 000022.033, 148
Trd, 000022.867, 150
Trd, 000023.200, 148
Trd, 000023.633, 147
Trd, 000024.083, 150
Trd, 000024.533, 151
Trd, 000025.350, 147
Trd, 000025.900, 147
Trd, 000026.567, 146
Trd, 000028.017, 148
Trd, 000028.117, 150
Trd, 000028.733, 148
Trd, 000028.883, 147
Trd, 000029.267, 152
Trd, 000030.333, 151
Trd, 000031.433, 151
Trd, 000031.450, 149
Trd, 000031.733, 149
Trd, 000032.100, 149
Trd, 000032.717, 154
Trd, 000032.850, 158
Trd, 000032.983, 172
Trd, 000034.600, 158
Trd, 000034.933, 155
Trd, 000035.783, 157
Trd, 000036.000, 173
Trd, 000037.083, 174
Trd, 000037.567, 163
Trd, 000037.600, 164
Trd, 000038.250, 165
Trd, 000039.183, 163
Trd, 000039.533, 163
Trd, 000040.017, 159
Trd, 000040.550, 156
Trd, 000041.700, 155
Trd, 000042.333, 152
Trd, 000042.633, 155
Trd, 000042.933, 155
Trd, 000044.650, 153
Trd, 000044.850, 153
Trd, 000045.467, 154
Trd, 000045.867, 159
Trd, 000046.050, 155
Trd, 000046.250, 153
Trd, 000046.483, 156
Trd, 000046.800, 147
Trd, 000046.967, 147
Trd, 000047.117, 145
Trd, 000047.217, 157
Trd, 000047.283, 178
Trd, 000047.517, 135
Trd, 000048.483, 143
Trd, 000049.833, 145
Trd, 000050.683, 152
Trd, 000051.900, 151
Trd, 000052.417, 151
Trd, 000053.417, 154
Trd, 000053.450, 156
Trd, 000053.617, 158
Trd, 000054.150, 152
Trd, 000054.767, 151
Trd, 000054.833, 146
Trd, 000055.100, 135
Trd, 000055.783, 147
Trd, 000055.900, 145
Trd, 000057.183, 147
Trd, 000057.917, 145
Trd, 000058.017, 146
Trd, 000058.167, 146
Trd, 000058.683, 147
Trd, 000058.750, 144
Trd, 000059.300, 136
Trd, 000059.650, 157
Trd, 000060.600, 160
Trd, 000061.183, 145
Trd, 000062.100, 153
Trd, 000063.233, 153
Trd, 000063.333, 160
Trd, 000063.417, 152
Trd, 000063.483, 147
Trd, 000064.383, 150
Trd, 000065.883, 150
Trd, 000066.467, 149
Trd, 000066.633, 147
Trd, 000066.733, 151
Trd, 000067.700, 150
Trd, 000067.850, 141
Trd, 000068.350, 157
Trd, 000068.400, 147
Trd, 000069.233, 148
Trd, 000069.750, 153
Trd, 000070.150, 148
Trd, 000070.233, 154
Trd, 000071.367, 155
Trd, 000072.217, 142
Trd, 000072.283, 142
Trd, 000073.683, 151
Trd, 000074.083, 150
Trd, 000074.133, 151
Trd, 000076.517, 150
Trd, 000076.800, 149
Trd, 000077.150, 151
Trd, 000077.300, 149
Trd, 000078.283, 154
Trd, 000079.783, 153
Trd, 000080.150, 152
Trd, 000080.833, 152
Trd, 000081.117, 153
Trd, 000081.200, 154
Trd, 000081.800, 155
Trd, 000082.883, 159
Trd, 000082.967, 158
Trd, 000084.183, 158
Trd, 000084.783, 157
Trd, 000084.983, 160
Trd, 000085.083, 160
Trd, 000085.800, 159
Trd, 000086.433, 161
Trd, 000087.817, 159
Trd, 000087.900, 162
Trd, 000087.967, 157
Trd, 000088.150, 156
Trd, 000088.317, 149
Trd, 000088.700, 163
Trd, 000089.183, 158
Trd, 000089.717, 157
Trd, 000091.000, 158
Trd, 000091.583, 156
Trd, 000091.633, 157
Trd, 000091.983, 150
Trd, 000092.800, 156
Trd, 000093.217, 136
Trd, 000093.433, 158
Trd, 000093.750, 160
Trd, 000094.300, 150
Trd, 000094.767, 149
Trd, 000095.917, 155
Trd, 000097.100, 154
Trd, 000097.350, 156
Trd, 000097.467, 153
Trd, 000098.133, 152
Trd, 000099.633, 153
Trd, 000100.283, 155
Trd, 000100.617, 155
Trd, 000100.933, 155
Trd, 000100.950, 155
Trd, 000101.183, 161
Trd, 000101.633, 156
Trd, 000102.750, 165
Trd, 000102.917, 164
Trd, 000102.983, 161
Trd, 000103.067, 159
Trd, 000103.817, 167
Trd, 000104.317, 178
Trd, 000105.300, 168
Trd, 000105.450, 167
Trd, 000106.400, 166
Trd, 000106.417, 158
Trd, 000106.683, 175
Trd, 000107.200, 166
Trd, 000108.100, 167
Trd, 000108.900, 166
Trd, 000109.500, 166
Trd, 000109.583, 165
Trd, 000110.033, 167
Trd, 000110.550, 165
Trd, 000111.133, 162
Trd, 000111.167, 152
Trd, 000111.800, 166
Trd, 000112.000, 159
Trd, 000112.533, 158
Trd, 000113.333, 160
Trd, 000113.667, 161
Trd, 000114.067, 160
Trd, 000114.350, 162
Trd, 000114.900, 159
Trd, 000115.467, 151
Trd, 000115.617, 150
Trd, 000116.050, 143
Trd, 000117.117, 155
Trd, 000117.250, 154
Trd, 000117.283, 153
Trd, 000117.600, 153
Trd, 000117.800, 155
Trd, 000119.267, 153
Trd, 000119.550, 155
Trd, 000120.183, 153
Trd, 000121.033, 152
Trd, 000121.250, 154
Trd, 000121.267, 156
Trd, 000122.450, 155
Trd, 000122.567, 162
Trd, 000123.217, 158
Trd, 000124.300, 163
Trd, 000124.550, 162
Trd, 000124.650, 167
Trd, 000125.233, 153
Trd, 000125.300, 142
Trd, 000125.917, 154
Trd, 000125.950, 164
Trd, 000126.583, 162
Trd, 000127.883, 162
Trd, 000128.967, 162
Trd, 000129.467, 163
Trd, 000129.767, 161
Trd, 000130.600, 160
Trd, 000130.650, 159
Trd, 000131.100, 163
Trd, 000132.367, 161
Trd, 000132.400, 162
Trd, 000132.683, 159
Trd, 000132.950, 158
Trd, 000133.033, 162
Trd, 000133.133, 158
Trd, 000133.700, 164
Trd, 000135.133, 164
Trd, 000135.800, 167
Trd, 000136.567, 165
Trd, 000136.750, 166
Trd, 000137.717, 164
Trd, 000138.400, 157
Trd, 000138.433, 165
Trd, 000138.817, 166
Trd, 000139.483, 159
Trd, 000140.083, 162
Trd, 000140.683, 161
Trd, 000140.850, 161
Trd, 000141.633, 165
Trd, 000142.350, 166
Trd, 000142.750, 165
Trd, 000142.800, 162
Trd, 000142.817, 159
Trd, 000143.267, 155
Trd, 000143.467, 169
Trd, 000144.583, 165
Trd, 000144.917, 175
Trd, 000146.833, 163
Trd, 000147.267, 163
Trd, 000147.767, 163
Trd, 000148.567, 163
Trd, 000148.633, 162
Trd, 000148.800, 166
Trd, 000149.083, 166
Trd, 000150.317, 165
Trd, 000150.900, 165
Trd, 000151.850, 164
Trd, 000152.317, 165
Trd, 000152.367, 166
Trd, 000152.517, 164
Trd, 000153.083, 156
Trd, 000153.250, 146
Trd, 000154.617, 164
Trd, 000155.150, 165
Trd, 000155.450, 167
Trd, 000155.917, 164
Trd, 000156.917, 165
Trd, 000157.500, 163
Trd, 000157.567, 161
Trd, 000158.300, 165
Trd, 000158.717, 162
Trd, 000158.783, 162
Trd, 000158.983, 161
Trd, 000160.017, 161
Trd, 000160.333, 161
Trd, 000161.083, 162
Trd, 000162.350, 165
Trd, 000162.817, 166
Trd, 000163.417, 167
Trd, 000163.933, 165
Trd, 000164.417, 168
Trd, 000165.167, 166
Trd, 000166.400, 165
Trd, 000167.000, 164
Trd, 000167.083, 158
Trd, 000167.283, 165
Trd, 000168.550, 164
Trd, 000168.683, 165
Trd, 000168.700, 162
Trd, 000169.050, 161
Trd, 000170.450, 162
Trd, 000171.033, 155
Trd, 000171.117, 154
Trd, 000172.833, 159
Trd, 000173.100, 157
Trd, 000173.550, 159
Trd, 000174.567, 157
Trd, 000174.650, 160
Trd, 000175.533, 160
Trd, 000175.900, 159
Trd, 000176.133, 158
Trd, 000177.433, 162
Trd, 000177.450, 161
Trd, 000177.733, 163
Trd, 000178.267, 161
Trd, 000178.450, 168
Trd, 000180.000, 174
Trd, 000180.250, 195
Trd, 000180.383, 173
Trd, 000180.533, 171
Trd, 000180.783, 173
Trd, 000181.433, 161
Trd, 000182.250, 165
Trd, 000182.500, 162
Trd, 000184.250, 166
Trd, 000184.533, 169
Trd, 000184.733, 168
Trd, 000185.767, 166
Trd, 000185.783, 169
Trd, 000185.850, 159
Trd, 000185.867, 172
Trd, 000185.983, 164
Trd, 000186.483, 170
Trd, 000187.683, 164
Trd, 000187.867, 153
Trd, 000188.850, 161
Trd, 000189.433, 163
Trd, 000190.117, 162
Trd, 000190.833, 162
Trd, 000191.233, 163
Trd, 000191.750, 163
Trd, 000191.867, 164
Trd, 000191.950, 174
Trd, 000192.983, 159
Trd, 000193.683, 160
Trd, 000195.250, 173
Trd, 000195.283, 161
Trd, 000195.450, 167
Trd, 000195.583, 172
Trd, 000195.833, 163
Trd, 000196.883, 170
Trd, 000197.200, 165
Trd, 000198.400, 167
Trd, 000198.517, 169
Trd, 000198.617, 170
Trd, 000199.717, 166
Trd, 000199.917, 170
Trd, 000200.417, 165
Trd, 000201.917, 169
Trd, 000202.033, 167
Trd, 000202.517, 171
Trd, 000202.650, 166
Trd, 000203.250, 170
Trd, 000203.833, 151
Trd, 000203.950, 169
Trd, 000205.050, 165
Trd, 000205.567, 165
Trd, 000205.817, 165
Trd, 000207.950, 167
Trd, 000208.150, 166
Trd, 000209.033, 172
Trd, 000209.617, 170
Trd, 000210.150, 169
Trd, 000210.800, 171
Trd, 000211.017, 171
Trd, 000211.300, 173
Trd, 000211.317, 176
Trd, 000211.483, 171
Trd, 000211.550, 167
Trd, 000212.100, 147
Trd, 000212.250, 148
Trd, 000213.717, 152
Trd, 000214.017, 152
Trd, 000214.683, 159
Trd, 000215.433, 155
Trd, 000215.500, 153
Trd, 000216.117, 159
Trd, 000217.300, 157
Trd, 000217.883, 158
Trd, 000218.167, 173
Trd, 000218.400, 162
Trd, 000218.817, 161
Trd, 000219.450, 160
Trd, 000220.467, 162
Trd, 000220.633, 163
Trd, 000220.767, 161
Trd, 000221.233, 161
Trd, 000221.983, 162
Trd, 000222.333, 163
Trd, 000222.833, 163
Trd, 000223.233, 162
Trd, 000223.967, 160
Trd, 000224.450, 166
Trd, 000225.000, 168
Trd, 000225.550, 194
Trd, 000225.933, 168
Trd, 000227.133, 172
Trd, 000227.500, 173
Trd, 000227.967, 172
Trd, 000228.150, 173
Trd, 000228.650, 174
Trd, 000229.167, 176
Trd, 000229.917, 174
Trd, 000229.983, 178
Trd, 000230.333, 180
Trd, 000230.900, 171
Trd, 000231.283, 173
Trd, 000231.733, 164
Trd, 000233.033, 162
Trd, 000233.367, 169
Trd, 000234.117, 167
Trd, 000234.233, 168
Trd, 000234.600, 153
Trd, 000236.000, 152
Trd, 000236.683, 164
Trd, 000236.850, 164
Trd, 000237.933, 164
Trd, 000238.017, 173
Trd, 000239.233, 170
Trd, 000239.267, 175
Trd, 000239.950, 167
Trd, 000240.350, 171
Trd, 000240.433, 168
Trd, 000241.017, 174
Trd, 000241.183, 174
Trd, 000241.967, 174
Trd, 000242.067, 177
Trd, 000242.183, 179
Trd, 000242.300, 189
Trd, 000242.917, 189
Trd, 000243.883, 176
Trd, 000243.950, 179
Trd, 000244.683, 178
Trd, 000245.300, 175
Trd, 000245.483, 177
Trd, 000245.817, 175
Trd, 000246.167, 176
Trd, 000246.350, 172
Trd, 000247.250, 173
Trd, 000247.683, 172
Trd, 000248.217, 170
Trd, 000248.483, 168
Trd, 000249.400, 172
Trd, 000249.850, 170
Trd, 000249.933, 172
Trd, 000250.567, 169
Trd, 000250.900, 171
Trd, 000251.933, 173
Trd, 000252.233, 174
Trd, 000252.883, 175
Trd, 000253.433, 175
Trd, 000253.500, 173
Trd, 000254.000, 172
Trd, 000255.317, 162
Trd, 000255.367, 166
Trd, 000255.733, 170
Trd, 000257.050, 169
Trd, 000257.350, 170
Trd, 000257.583, 170
Trd, 000257.767, 170
Trd, 000257.883, 171
Trd, 000258.333, 173
Trd, 000259.567, 172
Trd, 000260.583, 172
Trd, 000260.617, 171
Trd, 000261.117, 172
Trd, 000261.583, 171
Trd, 000261.817, 174
Trd, 000262.000, 171
Trd, 000263.183, 174
Trd, 000263.317, 176
Trd, 000263.667, 176
Trd, 000263.683, 174
Trd, 000264.100, 177
Trd, 000264.800, 189
Trd, 000265.183, 181
Trd, 000265.317, 180
Trd, 000265.550, 183
Trd, 000265.717, 180
Trd, 000266.050, 179
Trd, 000266.700, 179
Trd, 000266.867, 178
Trd, 000267.767, 174
Trd, 000267.950, 175
Trd, 000268.250, 181
Trd, 000268.467, 172
Trd, 000269.883, 178
Trd, 000270.033, 175
Trd, 000270.383, 174
Trd, 000270.817, 173
Trd, 000271.517, 174
Trd, 000271.667, 173
Trd, 000271.850, 173
Trd, 000272.300, 175
Trd, 000272.833, 176
Trd, 000273.250, 174
Trd, 000273.750, 173
Trd, 000273.967, 173
Trd, 000274.933, 174
Trd, 000275.667, 171
Trd, 000275.783, 168
Trd, 000276.350, 173
Trd, 000276.833, 174
Trd, 000276.917, 174
Trd, 000277.050, 178
Trd, 000277.300, 175
Trd, 000277.450, 183
Trd, 000277.500, 174
Trd, 000277.683, 185
Trd, 000278.083, 182
Trd, 000278.583, 178
Trd, 000278.950, 176
Trd, 000279.650, 188
Trd, 000279.817, 183
Trd, 000280.150, 177
Trd, 000281.200, 179
Trd, 000281.833, 180
Trd, 000282.683, 180
Trd, 000283.050, 181
Trd, 000283.083, 179
Trd, 000283.100, 183
Trd, 000283.433, 179
Trd, 000284.117, 181
Trd, 000284.200, 183
Trd, 000284.300, 179
Trd, 000285.367, 196
Trd, 000285.700, 178
Trd, 000286.800, 179
Trd, 000286.950, 178
Trd, 000287.400, 180
Trd, 000287.517, 182
Trd, 000287.950, 176
Trd, 000288.233, 170
Trd, 000288.933, 179
Trd, 000289.967, 176
Trd, 000290.133, 177
Trd, 000290.533, 176
Trd, 000290.667, 175
Trd, 000291.917, 176
Trd, 000292.183, 179
Trd, 000292.217, 180
Trd, 000292.300, 180
Trd, 000292.333, 175
Trd, 000292.667, 175
Trd, 000294.467, 169
Trd, 000294.917, 170
Trd, 000294.967, 178
Trd, 000295.183, 175
Trd, 000295.450, 169
Trd, 000296.167, 176
Trd, 000296.900, 175
Trd, 000297.150, 174
Trd, 000297.433, 176
Trd, 000297.633, 177
Trd, 000298.817, 177
Trd, 000298.983, 185
Trd, 000299.000, 175
Trd, 000299.617, 175
Trd, 000299.650, 179
Trd, 000299.817, 194
