Trd, 000001.383, 100
Trd, 000002.200, 148
Trd, 000003.033, 140
Trd, 000003.083, 151
Trd, 000003.717, 163
Trd, 000004.683, 136
Trd, 000005.100, 130
Trd, 000005.150, 137
Trd, 000005.233, 141
Trd, 000005.683, 132
Trd, 000006.600, 137
Trd, 000006.850, 138
Trd, 000007.700, 139
Trd, 000007.950, 151
Trd, 000008.717, 151
Trd, 000008.867, 149
Trd, 000009.717, 150
Trd, 000011.483, 150
Trd, 000011.783, 152
Trd, 000013.233, 152
Trd, 000013.300, 151
Trd, 000013.867, 149
Trd, 000014.583, 141
Trd, 000014.700, 151
Trd, 000015.417, 152
Trd, 000015.633, 141
Trd, 000015.817, 140
Trd, 000016.500, 146
Trd, 000017.150, 143
Trd, 000018.350, 145
Trd, 000018.750, 143
Trd, 000019.117, 156
Trd, 000020.333, 145
Trd, 000020.350, 146
Trd, 000020.417, 143
Trd, 000021.167, 140
Trd, 000022.900, 146
Trd, 000023.417, 143
Trd, 000023.533, 145
Trd, 000024.067, 143
Trd, 000024.267, 143
Trd, 000024.400, 150
Trd, 000024.700, 143
Trd, 000025.200, 141
Trd, 000026.900, 141
Trd, 000027.267, 141
Trd, 000027.400, 140
Trd, 000027.933, 139
Trd, 000028.633, 142
Trd, 000029.850, 142
Trd, 000030.233, 143
Trd, 000030.583, 161
Trd, 000031.483, 146
Trd, 000031.900, 156
Trd, 000032.000, 146
Trd, 000032.450, 143
Trd, 000032.983, 151
Trd, 000033.283, 144
Trd, 000034.183, 140
Trd, 000034.933, 140
Trd, 000036.150, 147
Trd, 000036.433, 147
Trd, 000037.217, 150
Trd, 000037.800, 150
Trd, 000038.067, 150
Trd, 000038.617, 152
Trd, 000038.933, 161
Trd, 000039.200, 162
Trd, 000039.800, 149
Trd, 000040.517, 150
Trd, 000040.767, 151
Trd, 000041.667, 162
Trd, 000041.717, 150
Trd, 000041.983, 144
Trd, 000042.050, 173
Trd, 000042.317, 143
Trd, 000044.783, 153
Trd, 000044.867, 159
Trd, 000044.983, 146
Trd, 000045.650, 155
Trd, 000045.750, 144
Trd, 000046.833, 157
Trd, 000047.000, 156
Trd, 000047.717, 154
Trd, 000049.183, 153
Trd, 000049.350, 153
Trd, 000049.550, 152
Trd, 000050.433, 154
Trd, 000050.733, 146
Trd, 000050.800, 155
Trd, 000051.167, 145
Trd, 000052.517, 132
Trd, 000053.400, 142
Trd, 000054.150, 143
Trd, 000054.767, 143
Trd, 000055.167, 143
Trd, 000055.317, 144
Trd, 000055.450, 142
Trd, 000055.867, 152
Trd, 000056.767, 146
Trd, 000056.917, 144
Trd, 000058.283, 152
Trd, 000058.450, 153
Trd, 000059.833, 153
Trd, 000060.300, 154
Trd, 000060.517, 153
Trd, 000062.483, 154
Trd, 000062.550, 153
Trd, 000062.700, 146
Trd, 000062.983, 157
Trd, 000063.700, 146
Trd, 000064.483, 143
Trd, 000065.417, 152
Trd, 000066.217, 148
Trd, 000066.717, 152
Trd, 000066.817, 148
Trd, 000066.833, 142
Trd, 000068.233, 138
Trd, 000068.600, 141
Trd, 000068.917, 158
Trd, 000069.533, 161
Trd, 000070.150, 147
Trd, 000071.117, 150
Trd, 000071.200, 149
Trd, 000071.283, 148
Trd, 000071.567, 150
Trd, 000071.967, 147
Trd, 000072.900, 152
Trd, 000073.217, 144
Trd, 000073.800, 155
Trd, 000074.867, 148
Trd, 000075.133, 154
Trd, 000075.633, 147
Trd, 000076.267, 156
Trd, 000076.500, 158
Trd, 000076.700, 159
Trd, 000076.933, 148
Trd, 000078.200, 156
Trd, 000078.683, 150
Trd, 000078.733, 149
Trd, 000079.917, 151
Trd, 000080.483, 159
Trd, 000080.950, 151
Trd, 000082.217, 157
Trd, 000082.467, 156
Trd, 000082.733, 150
Trd, 000083.667, 156
Trd, 000083.950, 150
Trd, 000084.433, 149
Trd, 000085.200, 148
Trd, 000085.383, 150
Trd, 000086.367, 153
Trd, 000086.567, 151
Trd, 000086.617, 154
Trd, 000087.167, 156
Trd, 000087.467, 145
Trd, 000088.083, 144
Trd, 000088.167, 146
Trd, 000088.700, 152
Trd, 000088.850, 137
Trd, 000089.733, 160
Trd, 000089.967, 165
Trd, 000090.367, 143
Trd, 000091.800, 139
Trd, 000091.983, 138
Trd, 000093.567, 144
Trd, 000094.450, 144
Trd, 000094.700, 143
Trd, 000095.317, 146
Trd, 000095.733, 146
Trd, 000096.583, 155
Trd, 000096.800, 150
Trd, 000096.817, 149
Trd, 000096.867, 157
Trd, 000097.133, 160
Trd, 000097.267, 147
Trd, 000098.967, 154
Trd, 000100.033, 158
Trd, 000100.333, 158
Trd, 000100.417, 156
Trd, 000100.833, 158
Trd, 000101.383, 157
Trd, 000101.817, 156
Trd, 000101.883, 166
Trd, 000104.017, 147
Trd, 000104.367, 147
Trd, 000104.800, 152
Trd, 000104.900, 137
Trd, 000105.117, 150
Trd, 000106.817, 157
Trd, 000106.867, 159
Trd, 000108.183, 151
Trd, 000108.200, 149
Trd, 000108.383, 160
Trd, 000108.400, 147
Trd, 000110.233, 147
Trd, 000110.367, 146
Trd, 000110.950, 148
Trd, 000111.800, 148
Trd, 000111.833, 147
Trd, 000111.950, 147
Trd, 000112.267, 149
Trd, 000113.117, 160
Trd, 000113.350, 162
Trd, 000114.083, 154
Trd, 000115.033, 153
Trd, 000115.267, 155
Trd, 000115.600, 154
Trd, 000115.983, 154
Trd, 000116.967, 157
Trd, 000117.783, 156
Trd, 000118.517, 156
Trd, 000118.733, 156
Trd, 000118.767, 155
Trd, 000119.717, 157
Trd, 000119.867, 159
Trd, 000120.050, 155
Trd, 000120.617, 164
Trd, 000121.183, 164
Trd, 000121.650, 163
Trd, 000122.983, 156
Trd, 000123.083, 162
Trd, 000123.483, 155
Trd, 000123.533, 167
Trd, 000124.283, 154
Trd, 000125.033, 151
Trd, 000125.333, 148
Trd, 000126.483, 161
Trd, 000126.533, 161
Trd, 000127.267, 162
Trd, 000129.167, 158
Trd, 000129.383, 161
Trd, 000130.533, 161
Trd, 000130.717, 161
Trd, 000130.733, 160
Trd, 000130.983, 161
Trd, 000131.367, 162
Trd, 000131.833, 163
Trd, 000132.117, 161
Trd, 000132.200, 153
Trd, 000133.450, 162
Trd, 000134.483, 168
Trd, 000135.633, 167
Trd, 000136.067, 159
Trd, 000136.967, 159
Trd, 000137.050, 167
Trd, 000137.750, 160
Trd, 000137.867, 168
Trd, 000138.150, 168
Trd, 000138.283, 157
Trd, 000139.333, 151
Trd, 000140.600, 166
Trd, 000140.850, 167
Trd, 000141.483, 166
Trd, 000142.417, 162
Trd, 000142.517, 167
Trd, 000143.000, 162
Trd, 000143.383, 161
Trd, 000143.400, 164
Trd, 000143.883, 152
Trd, 000144.800, 152
Trd, 000144.950, 163
Trd, 000145.017, 169
Trd, 000146.617, 150
Trd, 000147.167, 149
Trd, 000148.500, 146
Trd, 000148.600, 152
Trd, 000148.667, 145
Trd, 000148.783, 160
Trd, 000149.000, 142
Trd, 000149.033, 162
Trd, 000149.433, 161
Trd, 000151.650, 162
Trd, 000152.067, 157
Trd, 000152.083, 166
Trd, 000152.383, 167
Trd, 000152.650, 157
Trd, 000152.700, 170
Trd, 000154.167, 160
Trd, 000154.917, 160
Trd, 000155.100, 159
Trd, 000156.383, 161
Trd, 000156.817, 163
Trd, 000157.067, 161
Trd, 000157.483, 160
Trd, 000157.700, 157
Trd, 000159.183, 161
Trd, 000160.500, 158
Trd, 000160.633, 161
Trd, 000161.767, 159
Trd, 000162.667, 159
Trd, 000162.700, 158
Trd, 000163.933, 159
Trd, 000164.850, 158
Trd, 000165.300, 158
Trd, 000165.900, 160
Trd, 000166.117, 161
Trd, 000166.467, 161
Trd, 000166.700, 157
Trd, 000167.000, 157
Trd, 000167.300, 157
Trd, 000167.800, 165
Trd, 000168.933, 157
Trd, 000169.183, 160
Trd, 000169.867, 154
Trd, 000170.250, 153
Trd, 000170.517, 157
Trd, 000170.967, 168
Trd, 000171.733, 150
Trd, 000171.917, 164
Trd, 000172.017, 149
Trd, 000172.250, 165
Trd, 000172.583, 172
Trd, 000173.683, 153
Trd, 000174.000, 154
Trd, 000174.183, 162
Trd, 000175.033, 163
Trd, 000175.483, 164
Trd, 000176.817, 167
Trd, 000176.983, 168
Trd, 000177.800, 171
Trd, 000177.883, 162
Trd, 000178.050, 163
Trd, 000179.417, 162
Trd, 000179.717, 158
Trd, 000180.217, 170
Trd, 000180.800, 158
Trd, 000181.483, 158
Trd, 000183.083, 162
Trd, 000183.267, 162
Trd, 000184.767, 166
Trd, 000185.000, 159
Trd, 000185.167, 157
Trd, 000185.300, 168
Trd, 000185.567, 157
Trd, 000185.917, 169
Trd, 000186.083, 157
Trd, 000186.100, 156
Trd, 000187.083, 167
Trd, 000188.050, 157
Trd, 000188.067, 156
Trd, 000188.783, 159
Trd, 000189.017, 155
Trd, 000189.350, 154
Trd, 000190.167, 165
Trd, 000191.400, 155
Trd, 000192.617, 156
Trd, 000193.150, 157
Trd, 000193.600, 156
Trd, 000194.150, 159
Trd, 000194.567, 166
Trd, 000194.650, 165
Trd, 000194.767, 167
Trd, 000195.533, 162
Trd, 000196.233, 170
Trd, 000196.683, 173
Trd, 000197.083, 165
Trd, 000197.617, 171
Trd, 000198.567, 163
Trd, 000198.883, 163
Trd, 000199.067, 162
Trd, 000199.133, 168
Trd, 000199.567, 169
Trd, 000200.967, 165
Trd, 000201.667, 163
Trd, 000201.767, 160
Trd, 000202.450, 157
Trd, 000203.600, 167
Trd, 000204.517, 161
Trd, 000205.033, 167
Trd, 000205.550, 161
Trd, 000206.533, 166
Trd, 000206.850, 167
Trd, 000207.183, 168
Trd, 000208.750, 170
Trd, 000208.967, 169
Trd, 000209.117, 167
Trd, 000210.150, 166
Trd, 000210.717, 165
Trd, 000210.950, 164
Trd, 000211.000, 161
Trd, 000212.767, 167
Trd, 000212.800, 167
Trd, 000212.900, 168
Trd, 000213.517, 166
Trd, 000214.150, 165
Trd, 000214.667, 161
Trd, 000214.700, 166
Trd, 000215.167, 159
Trd, 000216.033, 157
Trd, 000216.583, 159
Trd, 000216.783, 145
Trd, 000217.117, 142
Trd, 000217.400, 168
Trd, 000217.750, 167
Trd, 000218.717, 159
Trd, 000218.950, 150
Trd, 000219.933, 168
Trd, 000220.100, 154
Trd, 000220.550, 156
Trd, 000222.833, 164
Trd, 000223.850, 166
Trd, 000223.883, 165
Trd, 000224.017, 170
Trd, 000224.267, 163
Trd, 000225.333, 171
Trd, 000225.633, 170
Trd, 000225.650, 160
Trd, 000226.000, 160
Trd, 000226.500, 172
Trd, 000226.600, 160
Trd, 000227.383, 173
Trd, 000227.833, 173
Trd, 000228.133, 181
Trd, 000228.533, 168
Trd, 000229.567, 168
Trd, 000229.733, 176
Trd, 000231.050, 168
Trd, 000231.900, 168
Trd, 000231.933, 169
Trd, 000231.950, 167
Trd, 000232.217, 173
Trd, 000232.950, 171
Trd, 000234.267, 169
Trd, 000234.717, 170
Trd, 000234.900, 171
Trd, 000234.967, 169
Trd, 000235.267, 168
Trd, 000235.767, 178
Trd, 000236.450, 163
Trd, 000236.850, 160
Trd, 000237.100, 175
Trd, 000238.700, 177
Trd, 000238.750, 169
Trd, 000239.200, 162
Trd, 000239.750, 172
Trd, 000240.150, 163
Trd, 000240.233, 168
Trd, 000241.033, 174
Trd, 000241.417, 173
Trd, 000241.967, 175
Trd, 000242.183, 173
Trd, 000242.667, 173
Trd, 000242.833, 171
Trd, 000244.233, 172
Trd, 000244.333, 174
Trd, 000244.667, 172
Trd, 000245.883, 174
Trd, 000245.950, 175
Trd, 000245.967, 172
Trd, 000246.400, 174
Trd, 000246.567, 175
Trd, 000246.850, 178
Trd, 000246.900, 177
Trd, 000247.783, 177
Trd, 000248.217, 175
Trd, 000248.450, 173
Trd, 000249.817, 167
Trd, 000249.833, 166
Trd, 000249.883, 176
Trd, 000250.483, 167
Trd, 000250.850, 173
Trd, 000251.283, 171
Trd, 000252.067, 169
Trd, 000252.817, 169
Trd, 000253.433, 169
Trd, 000253.750, 172
Trd, 000254.117, 170
Trd, 000254.733, 172
Trd, 000255.150, 175
Trd, 000255.683, 171
Trd, 000256.500, 173
Trd, 000257.683, 174
Trd, 000258.117, 171
Trd, 000258.217, 175
Trd, 000258.500, 172
Trd, 000258.567, 170
Trd, 000258.650, 169
Trd, 000258.700, 177
Trd, 000259.000, 179
Trd, 000259.817, 169
Trd, 000259.883, 175
Trd, 000260.433, 173
Trd, 000260.800, 174
Trd, 000260.850, 172
Trd, 000262.633, 171
Trd, 000263.433, 180
Trd, 000263.717, 173
Trd, 000264.450, 176
Trd, 000264.567, 163
Trd, 000266.000, 171
Trd, 000266.050, 175
Trd, 000266.367, 175
Trd, 000266.967, 172
Trd, 000268.250, 178
Trd, 000268.500, 176
Trd, 000269.050, 174
Trd, 000269.467, 173
Trd, 000270.200, 176
Trd, 000270.417, 177
Trd, 000270.833, 167
Trd, 000271.400, 166
Trd, 000271.417, 177
Trd, 000272.050, 169
Trd, 000272.067, 161
Trd, 000272.833, 173
Trd, 000273.300, 178
Trd, 000273.317, 182
Trd, 000273.917, 171
Trd, 000275.067, 174
Trd, 000275.517, 175
Trd, 000275.533, 174
Trd, 000275.750, 177
Trd, 000276.050, 174
Trd, 000276.383, 178
Trd, 000276.983, 185
Trd, 000277.150, 178
Trd, 000277.417, 176
Trd, 000277.900, 171
Trd, 000278.500, 173
Trd, 000278.717, 168
Trd, 000279.217, 168
Trd, 000279.833, 170
Trd, 000280.367, 179
Trd, 000280.567, 184
Trd, 000280.767, 171
Trd, 000281.733, 184
Trd, 000281.767, 177
Trd, 000282.117, 175
Trd, 000282.333, 173
Trd, 000282.467, 179
Trd, 000283.317, 165
Trd, 000283.617, 179
Trd, 000283.883, 182
Trd, 000283.950, 164
Trd, 000285.000, 171
Trd, 000285.283, 177
Trd, 000285.367, 181
Trd, 000285.917, 171
Trd, 000286.033, 180
Trd, 000286.383, 183
Trd, 000287.150, 186
Trd, 000287.167, 166
Trd, 000287.933, 196
Trd, 000288.233, 191
Trd, 000288.800, 186
Trd, 000289.200, 195
Trd, 000289.583, 196
Trd, 000289.833, 184
Trd, 000290.117, 177
Trd, 000290.317, 196
Trd, 000291.033, 176
Trd, 000292.117, 167
Trd, 000293.183, 170
Trd, 000293.233, 170
Trd, 000293.383, 165
Trd, 000293.700, 163
Trd, 000294.050, 185
Trd, 000294.083, 186
Trd, 000295.050, 178
Trd, 000295.800, 179
Trd, 000296.550, 170
Trd, 000296.783, 186
Trd, 000297.117, 171
Trd, 000297.167, 185
Trd, 000297.183, 169
Trd, 000297.383, 188
Trd, 000298.017, 187
Trd, 000299.217, 178
Trd, 000299.433, 171
Trd, 000299.733, 170
