Trd, 000002.100, 113
Trd, 000002.350, 140
Trd, 000002.983, 141
Trd, 000003.133, 147
Trd, 000003.367, 148
Trd, 000004.067, 147
Trd, 000005.000, 149
Trd, 000005.167, 148
Trd, 000005.433, 155
Trd, 000005.717, 159
Trd, 000006.817, 162
Trd, 000007.800, 157
Trd, 000008.067, 150
Trd, 000008.267, 151
Trd, 000008.983, 156
Trd, 000010.667, 153
Trd, 000011.033, 154
Trd, 000011.283, 152
Trd, 000011.450, 156
Trd, 000011.583, 152
Trd, 000012.367, 155
Trd, 000012.850, 152
Trd, 000013.250, 149
Trd, 000013.317, 156
Trd, 000013.350, 157
Trd, 000013.367, 159
Trd, 000014.800, 156
Trd, 000015.117, 153
Trd, 000015.517, 152
Trd, 000015.700, 155
Trd, 000017.917, 156
Trd, 000019.017, 155
Trd, 000019.067, 156
Trd, 000019.583, 157
Trd, 000019.717, 159
Trd, 000020.317, 160
Trd, 000021.283, 154
Trd, 000022.167, 154
Trd, 000023.033, 155
Trd, 000023.050, 153
Trd, 000023.650, 153
Trd, 000024.083, 153
Trd, 000024.567, 153
Trd, 000025.767, 152
Trd, 000026.083, 153
Trd, 000026.250, 157
Trd, 000026.267, 160
Trd, 000026.467, 152
Trd, 000027.817, 165
Trd, 000028.217, 157
Trd, 000028.250, 156
Trd, 000029.417, 164
Trd, 000030.383, 158
Trd, 000030.867, 157
Trd, 000031.450, 154
Trd, 000031.467, 156
Trd, 000031.483, 158
Trd, 000031.533, 159
Trd, 000031.600, 143
Trd, 000032.217, 168
Trd, 000033.600, 154
Trd, 000034.550, 153
Trd, 000034.783, 154
Trd, 000035.150, 153
Trd, 000036.117, 155
Trd, 000036.850, 158
Trd, 000036.933, 155
Trd, 000037.750, 154
Trd, 000039.550, 159
Trd, 000039.750, 157
Trd, 000039.950, 160
Trd, 000040.083, 161
Trd, 000040.367, 162
Trd, 000041.767, 156
Trd, 000042.350, 156
Trd, 000042.917, 158
Trd, 000043.167, 159
Trd, 000043.667, 158
Trd, 000044.700, 157
Trd, 000045.083, 156
Trd, 000045.233, 159
Trd, 000046.517, 160
Trd, 000046.583, 157
Trd, 000046.850, 156
Trd, 000047.250, 157
Trd, 000047.667, 157
Trd, 000047.767, 156
Trd, 000047.967, 157
Trd, 000049.333, 156
Trd, 000050.900, 155
Trd, 000051.750, 158
Trd, 000051.917, 159
Trd, 000052.183, 160
Trd, 000052.483, 159
Trd, 000052.517, 153
Trd, 000053.150, 152
Trd, 000053.233, 162
Trd, 000054.217, 163
Trd, 000054.367, 149
Trd, 000054.600, 145
Trd, 000055.733, 164
Trd, 000057.067, 156
Trd, 000057.617, 160
Trd, 000058.233, 154
Trd, 000058.567, 160
Trd, 000059.333, 158
Trd, 000059.350, 159
Trd, 000059.450, 159
Trd, 000059.933, 157
Trd, 000060.683, 156
Trd, 000060.767, 164
Trd, 000060.900, 169
Trd, 000061.217, 167
Trd, 000062.483, 162
Trd, 000062.600, 161
Trd, 000062.867, 161
Trd, 000062.900, 162
Trd, 000065.517, 159
Trd, 000066.183, 161
Trd, 000066.333, 164
Trd, 000066.850, 164
Trd, 000067.283, 165
Trd, 000067.483, 165
Trd, 000068.617, 166
Trd, 000068.983, 165
Trd, 000069.433, 161
Trd, 000069.450, 166
Trd, 000069.517, 161
Trd, 000070.483, 165
Trd, 000070.667, 155
Trd, 000071.367, 157
Trd, 000072.167, 162
Trd, 000072.250, 158
Trd, 000073.317, 160
Trd, 000073.533, 163
Trd, 000074.317, 165
Trd, 000074.617, 159
Trd, 000074.950, 169
Trd, 000075.383, 158
Trd, 000076.350, 158
Trd, 000076.600, 167
Trd, 000076.667, 167
Trd, 000078.633, 163
Trd, 000080.083, 160
Trd, 000081.150, 161
Trd, 000081.250, 160
Trd, 000081.583, 162
Trd, 000081.917, 162
Trd, 000082.283, 159
Trd, 000082.750, 165
Trd, 000082.967, 160
Trd, 000084.033, 161
Trd, 000084.883, 159
Trd, 000085.100, 158
Trd, 000085.333, 159
Trd, 000085.967, 160
Trd, 000086.083, 170
Trd, 000087.000, 167
Trd, 000088.633, 165
Trd, 000089.233, 167
Trd, 000089.900, 167
Trd, 000090.033, 164
Trd, 000090.833, 163
Trd, 000090.900, 171
Trd, 000091.917, 162
Trd, 000092.450, 160
Trd, 000093.250, 157
Trd, 000093.317, 163
Trd, 000093.400, 150
Trd, 000094.400, 160
Trd, 000095.200, 162
Trd, 000095.317, 160
Trd, 000095.400, 161
Trd, 000096.667, 161
Trd, 000097.733, 161
Trd, 000099.567, 163
Trd, 000099.633, 161
Trd, 000101.167, 164
Trd, 000101.233, 167
Trd, 000101.733, 164
Trd, 000102.117, 162
Trd, 000102.417, 165
Trd, 000102.883, 165
Trd, 000103.133, 162
Trd, 000103.517, 167
Trd, 000103.883, 162
Trd, 000104.650, 166
Trd, 000106.517, 165
Trd, 000106.667, 164
Trd, 000106.767, 166
Trd, 000107.717, 170
Trd, 000107.983, 162
Trd, 000108.917, 162
Trd, 000109.083, 162
Trd, 000109.667, 166
Trd, 000109.850, 167
Trd, 000111.833, 167
Trd, 000112.250, 166
Trd, 000112.317, 169
Trd, 000113.350, 171
Trd, 000114.050, 165
Trd, 000114.850, 166
Trd, 000115.450, 170
Trd, 000116.017, 167
Trd, 000116.467, 166
Trd, 000116.517, 163
Trd, 000117.483, 162
Trd, 000117.783, 159
Trd, 000118.100, 168
Trd, 000118.417, 168
Trd, 000119.117, 152
Trd, 000119.617, 151
Trd, 000120.417, 160
Trd, 000121.217, 158
Trd, 000121.633, 153
Trd, 000121.983, 160
Trd, 000122.167, 170
Trd, 000123.350, 164
Trd, 000123.533, 164
Trd, 000125.583, 166
Trd, 000126.017, 168
Trd, 000126.183, 166
Trd, 000126.283, 164
Trd, 000126.833, 163
Trd, 000127.533, 163
Trd, 000128.633, 165
Trd, 000128.833, 163
Trd, 000129.333, 163
Trd, 000129.617, 163
Trd, 000130.133, 164
Trd, 000130.667, 162
Trd, 000131.150, 164
Trd, 000131.400, 170
Trd, 000133.667, 162
Trd, 000134.417, 163
Trd, 000134.750, 162
Trd, 000134.833, 161
Trd, 000134.850, 163
Trd, 000135.183, 161
Trd, 000135.617, 166
Trd, 000135.883, 171
Trd, 000136.317, 161
Trd, 000137.133, 172
Trd, 000137.467, 167
Trd, 000137.633, 179
Trd, 000137.767, 147
Trd, 000138.117, 182
Trd, 000138.817, 174
Trd, 000141.017, 173
Trd, 000141.267, 172
Trd, 000141.300, 172
Trd, 000142.083, 162
Trd, 000142.617, 166
Trd, 000142.867, 169
Trd, 000143.933, 168
Trd, 000144.983, 169
Trd, 000145.383, 171
Trd, 000145.733, 168
Trd, 000146.883, 172
Trd, 000146.983, 169
Trd, 000147.267, 168
Trd, 000148.417, 166
Trd, 000148.967, 166
Trd, 000149.450, 166
Trd, 000150.200, 170
Trd, 000152.067, 166
Trd, 000152.083, 165
Trd, 000152.300, 166
Trd, 000152.383, 168
Trd, 000152.617, 167
Trd, 000153.900, 167
Trd, 000154.433, 165
Trd, 000155.050, 164
Trd, 000155.133, 163
Trd, 000155.583, 165
Trd, 000155.700, 166
Trd, 000157.633, 174
Trd, 000157.950, 164
Trd, 000159.867, 167
Trd, 000159.983, 168
Trd, 000160.567, 169
Trd, 000160.600, 167
Trd, 000161.250, 172
Trd, 000161.933, 172
Trd, 000162.883, 173
Trd, 000163.233, 170
Trd, 000163.483, 168
Trd, 000163.750, 174
Trd, 000163.767, 168
Trd, 000165.250, 168
Trd, 000165.283, 167
Trd, 000165.467, 171
Trd, 000166.250, 171
Trd, 000166.567, 164
Trd, 000167.217, 158
Trd, 000168.467, 159
Trd, 000168.733, 165
Trd, 000169.167, 165
Trd, 000169.267, 166
Trd, 000170.533, 158
Trd, 000170.967, 171
Trd, 000171.283, 158
Trd, 000171.533, 174
Trd, 000172.500, 169
Trd, 000173.200, 171
Trd, 000173.950, 172
Trd, 000174.900, 169
Trd, 000175.317, 166
Trd, 000175.650, 165
Trd, 000176.583, 169
Trd, 000176.767, 169
Trd, 000177.400, 172
Trd, 000177.967, 173
Trd, 000178.750, 172
Trd, 000179.933, 174
Trd, 000181.233, 172
Trd, 000181.500, 173
Trd, 000181.783, 173
Trd, 000181.867, 169
Trd, 000182.067, 169
Trd, 000182.500, 169
Trd, 000182.850, 175
Trd, 000183.417, 173
Trd, 000184.683, 171
Trd, 000185.067, 175
Trd, 000185.233, 170
Trd, 000185.800, 171
Trd, 000186.350, 172
Trd, 000186.567, 171
Trd, 000186.767, 172
Trd, 000188.333, 170
Trd, 000189.167, 170
Trd, 000189.450, 173
Trd, 000190.550, 171
Trd, 000190.717, 173
Trd, 000190.917, 173
Trd, 000191.667, 170
Trd, 000192.400, 170
Trd, 000192.533, 167
Trd, 000192.867, 171
Trd, 000193.267, 167
Trd, 000193.283, 171
Trd, 000194.267, 167
Trd, 000194.883, 160
Trd, 000195.333, 170
Trd, 000196.317, 166
Trd, 000196.750, 167
Trd, 000196.867, 174
Trd, 000197.733, 173
Trd, 000198.150, 175
Trd, 000198.967, 176
Trd, 000199.250, 175
Trd, 000200.100, 177
Trd, 000200.367, 178
Trd, 000200.483, 176
Trd, 000202.083, 177
Trd, 000202.250, 180
Trd, 000202.283, 181
Trd, 000203.350, 177
Trd, 000203.967, 176
Trd, 000204.217, 177
Trd, 000204.250, 178
Trd, 000204.333, 180
Trd, 000204.567, 175
Trd, 000205.767, 176
Trd, 000206.283, 181
Trd, 000206.833, 171
Trd, 000207.367, 179
Trd, 000209.233, 175
Trd, 000209.950, 178
Trd, 000210.533, 178
Trd, 000210.800, 178
Trd, 000211.250, 179
Trd, 000211.317, 177
Trd, 000211.933, 182
Trd, 000212.500, 174
Trd, 000213.083, 180
Trd, 000213.900, 174
Trd, 000214.233, 183
Trd, 000214.983, 183
Trd, 000215.350, 173
Trd, 000215.450, 172
Trd, 000216.000, 177
Trd, 000216.167, 177
Trd, 000216.417, 174
Trd, 000217.333, 178
Trd, 000217.667, 179
Trd, 000217.733, 176
Trd, 000218.350, 180
Trd, 000219.283, 180
Trd, 000220.183, 177
Trd, 000221.583, 178
Trd, 000221.817, 178
Trd, 000221.850, 187
Trd, 000221.900, 175
Trd, 000222.333, 184
Trd, 000222.900, 175
Trd, 000223.783, 175
Trd, 000225.033, 175
Trd, 000225.317, 175
Trd, 000226.267, 176
Trd, 000226.400, 177
Trd, 000226.617, 180
Trd, 000226.667, 174
Trd, 000227.117, 172
Trd, 000227.183, 184
Trd, 000227.583, 173
Trd, 000228.000, 172
Trd, 000228.983, 180
Trd, 000229.083, 181
Trd, 000229.467, 191
Trd, 000229.550, 171
Trd, 000231.633, 178
Trd, 000231.750, 175
Trd, 000231.867, 179
Trd, 000232.917, 176
Trd, 000233.217, 177
Trd, 000233.317, 181
Trd, 000233.967, 174
Trd, 000234.083, 174
Trd, 000235.633, 179
Trd, 000235.950, 181
Trd, 000236.533, 176
Trd, 000236.850, 175
Trd, 000237.600, 181
Trd, 000238.617, 178
Trd, 000238.817, 179
Trd, 000239.117, 178
Trd, 000239.367, 180
Trd, 000239.517, 182
Trd, 000240.033, 183
Trd, 000240.050, 176
Trd, 000240.917, 182
Trd, 000241.117, 180
Trd, 000241.267, 178
Trd, 000241.317, 179
Trd, 000241.767, 177
Trd, 000242.067, 176
Trd, 000242.633, 173
Trd, 000242.983, 174
Trd, 000243.350, 174
Trd, 000243.583, 172
Trd, 000243.600, 164
Trd, 000244.817, 172
Trd, 000245.650, 171
Trd, 000245.883, 167
Trd, 000245.950, 167
Trd, 000246.367, 172
Trd, 000246.833, 171
Trd, 000246.933, 174
Trd, 000247.517, 173
Trd, 000247.850, 174
Trd, 000248.433, 172
Trd, 000248.800, 175
Trd, 000248.867, 171
Trd, 000249.117, 179
Trd, 000249.317, 180
Trd, 000249.417, 170
Trd, 000249.517, 165
Trd, 000250.133, 180
Trd, 000250.267, 167
Trd, 000251.100, 176
Trd, 000251.317, 179
Trd, 000252.200, 176
Trd, 000252.233, 179
Trd, 000253.250, 180
Trd, 000253.567, 180
Trd, 000253.683, 177
Trd, 000253.883, 175
Trd, 000254.300, 177
Trd, 000254.600, 175
Trd, 000255.017, 174
Trd, 000255.517, 174
Trd, 000255.817, 175
Trd, 000256.000, 174
Trd, 000256.633, 173
Trd, 000256.867, 175
Trd, 000257.900, 173
Trd, 000258.033, 175
Trd, 000258.083, 176
Trd, 000258.350, 181
Trd, 000258.367, 172
Trd, 000258.750, 182
Trd, 000259.333, 173
Trd, 000259.650, 173
Trd, 000260.050, 172
Trd, 000260.167, 175
Trd, 000260.817, 177
Trd, 000261.783, 178
Trd, 000261.817, 184
Trd, 000262.100, 188
Trd, 000263.017, 180
Trd, 000263.183, 177
Trd, 000263.233, 175
Trd, 000263.333, 187
Trd, 000263.367, 174
Trd, 000263.750, 178
Trd, 000263.800, 174
Trd, 000264.150, 175
Trd, 000265.550, 176
Trd, 000265.700, 178
Trd, 000266.483, 180
Trd, 000266.617, 181
Trd, 000267.267, 180
Trd, 000268.617, 176
Trd, 000268.650, 178
Trd, 000269.383, 176
Trd, 000270.283, 177
Trd, 000270.433, 175
Trd, 000270.533, 178
Trd, 000271.217, 180
Trd, 000271.783, 181
Trd, 000271.850, 176
Trd, 000272.017, 175
Trd, 000272.050, 175
Trd, 000272.217, 174
Trd, 000272.833, 178
Trd, 000272.850, 182
Trd, 000273.433, 182
Trd, 000274.100, 182
Trd, 000274.767, 181
Trd, 000274.883, 184
Trd, 000275.067, 170
Trd, 000275.117, 189
Trd, 000275.367, 168
Trd, 000276.467, 172
Trd, 000276.683, 176
Trd, 000277.067, 178
Trd, 000277.150, 175
Trd, 000277.200, 175
Trd, 000277.633, 172
Trd, 000277.767, 170
Trd, 000278.167, 174
Trd, 000278.367, 176
Trd, 000279.133, 175
Trd, 000279.233, 169
Trd, 000279.567, 175
Trd, 000280.083, 168
Trd, 000280.800, 176
Trd, 000280.950, 177
Trd, 000281.383, 167
Trd, 000281.883, 165
Trd, 000282.233, 163
Trd, 000282.800, 172
Trd, 000283.750, 170
Trd, 000283.900, 179
Trd, 000284.100, 169
Trd, 000284.333, 166
Trd, 000284.850, 165
Trd, 000285.167, 174
Trd, 000285.317, 164
Trd, 000285.467, 176
Trd, 000285.633, 173
Trd, 000285.983, 184
Trd, 000286.417, 182
Trd, 000286.917, 184
Trd, 000287.300, 185
Trd, 000287.600, 180
Trd, 000288.017, 180
Trd, 000288.467, 186
Trd, 000288.717, 180
Trd, 000288.917, 178
Trd, 000289.200, 178
Trd, 000290.150, 178
Trd, 000290.250, 177
Trd, 000290.283, 179
Trd, 000290.450, 177
Trd, 000290.917, 178
Trd, 000291.083, 167
Trd, 000291.517, 180
Trd, 000291.800, 182
Trd, 000292.300, 182
Trd, 000292.467, 171
Trd, 000293.267, 170
Trd, 000293.367, 169
Trd, 000293.667, 153
Trd, 000293.867, 154
Trd, 000294.050, 154
Trd, 000294.400, 175
Trd, 000294.650, 178
Trd, 000294.783, 173
Trd, 000295.083, 180
Trd, 000295.633, 178
Trd, 000295.717, 177
Trd, 000295.967, 176
Trd, 000296.350, 183
Trd, 000297.367, 184
Trd, 000297.433, 178
Trd, 000298.133, 187
Trd, 000298.150, 179
Trd, 000298.367, 180
Trd, 000298.450, 194
Trd, 000299.550, 179
Trd, 000299.750, 175
