Trd, 000001.233, 155
Trd, 000001.800, 125
Trd, 000002.150, 154
Trd, 000002.383, 163
Trd, 000003.717, 145
Trd, 000004.483, 151
Trd, 000005.333, 151
Trd, 000005.683, 152
Trd, 000006.917, 158
Trd, 000007.067, 150
Trd, 000007.250, 163
Trd, 000007.317, 144
Trd, 000008.017, 162
Trd, 000008.133, 157
Trd, 000008.567, 156
Trd, 000009.133, 160
Trd, 000009.833, 160
Trd, 000010.067, 142
Trd, 000011.917, 162
Trd, 000012.100, 162
Trd, 000012.350, 162
Trd, 000012.667, 156
Trd, 000013.050, 156
Trd, 000013.550, 161
Trd, 000013.583, 147
Trd, 000013.800, 155
Trd, 000014.117, 162
Trd, 000015.150, 145
Trd, 000015.833, 152
Trd, 000016.100, 162
Trd, 000016.550, 146
Trd, 000017.000, 145
Trd, 000017.033, 142
Trd, 000017.817, 154
Trd, 000018.033, 161
Trd, 000018.483, 162
Trd, 000018.883, 152
Trd, 000018.900, 139
Trd, 000019.217, 135
Trd, 000019.317, 154
Trd, 000019.700, 143
Trd, 000020.133, 156
Trd, 000020.200, 132
Trd, 000020.233, 158
Trd, 000020.500, 164
Trd, 000021.167, 141
Trd, 000021.800, 161
Trd, 000023.017, 144
Trd, 000023.667, 157
Trd, 000024.100, 146
Trd, 000024.267, 143
Trd, 000024.350, 161
Trd, 000024.550, 162
Trd, 000025.333, 155
Trd, 000025.900, 154
Trd, 000027.683, 142
Trd, 000028.467, 158
Trd, 000028.783, 163
Trd, 000029.467, 164
Trd, 000029.483, 144
Trd, 000030.450, 166
Trd, 000030.650, 163
Trd, 000031.167, 146
Trd, 000031.783, 146
Trd, 000031.833, 146
Trd, 000032.200, 158
Trd, 000032.300, 149
Trd, 000032.683, 147
Trd, 000032.717, 144
Trd, 000032.983, 150
Trd, 000033.183, 152
Trd, 000034.800, 146
Trd, 000035.083, 147
Trd, 000036.600, 140
Trd, 000036.850, 144
Trd, 000037.017, 145
Trd, 000037.667, 141
Trd, 000038.700, 139
Trd, 000039.083, 139
Trd, 000039.167, 144
Trd, 000039.333, 145
Trd, 000039.350, 146
Trd, 000039.417, 148
Trd, 000040.067, 159
Trd, 000040.350, 161
Trd, 000041.033, 166
Trd, 000041.317, 148
Trd, 000041.550, 168
Trd, 000043.100, 149
Trd, 000043.233, 145
Trd, 000044.400, 148
Trd, 000044.433, 149
Trd, 000044.583, 158
Trd, 000044.767, 144
Trd, 000044.900, 159
Trd, 000045.700, 159
Trd, 000045.733, 143
Trd, 000046.267, 166
Trd, 000046.333, 172
Trd, 000047.017, 149
Trd, 000047.467, 148
Trd, 000048.617, 161
Trd, 000048.867, 160
Trd, 000048.983, 146
Trd, 000049.217, 161
Trd, 000049.617, 146
Trd, 000050.433, 138
Trd, 000050.683, 151
Trd, 000050.750, 152
Trd, 000050.950, 162
Trd, 000051.400, 157
Trd, 000052.317, 142
Trd, 000052.783, 155
Trd, 000052.933, 156
Trd, 000053.867, 150
Trd, 000054.683, 161
Trd, 000054.817, 160
Trd, 000054.967, 149
Trd, 000055.167, 146
Trd, 000055.767, 141
Trd, 000056.283, 165
Trd, 000057.950, 160
Trd, 000058.400, 166
Trd, 000058.483, 167
Trd, 000059.083, 165
Trd, 000059.217, 148
Trd, 000059.983, 166
Trd, 000060.133, 169
Trd, 000060.250, 161
Trd, 000060.800, 147
Trd, 000061.233, 173
Trd, 000061.850, 143
Trd, 000062.183, 141
Trd, 000062.400, 154
Trd, 000062.667, 156
Trd, 000063.300, 160
Trd, 000063.450, 161
Trd, 000063.600, 143
Trd, 000064.100, 163
Trd, 000064.750, 139
Trd, 000065.767, 159
Trd, 000066.133, 163
Trd, 000066.983, 162
Trd, 000067.500, 162
Trd, 000067.783, 160
Trd, 000068.217, 148
Trd, 000069.400, 164
Trd, 000069.450, 174
Trd, 000069.617, 150
Trd, 000070.067, 165
Trd, 000070.550, 144
Trd, 000071.133, 163
Trd, 000071.683, 165
Trd, 000072.000, 164
Trd, 000072.100, 146
Trd, 000072.550, 148
Trd, 000073.200, 168
Trd, 000073.267, 169
Trd, 000074.633, 165
Trd, 000075.083, 163
Trd, 000075.900, 166
Trd, 000076.067, 167
Trd, 000076.367, 164
Trd, 000076.483, 164
Trd, 000076.733, 162
Trd, 000077.550, 168
Trd, 000077.667, 169
Trd, 000078.200, 166
Trd, 000079.000, 148
Trd, 000079.533, 149
Trd, 000079.550, 147
Trd, 000080.400, 155
Trd, 000080.417, 157
Trd, 000081.667, 149
Trd, 000081.917, 149
Trd, 000083.050, 161
Trd, 000083.150, 165
Trd, 000083.383, 170
Trd, 000084.183, 152
Trd, 000084.783, 159
Trd, 000085.483, 158
Trd, 000085.617, 154
Trd, 000085.650, 160
Trd, 000085.850, 160
Trd, 000085.983, 161
Trd, 000086.150, 148
Trd, 000086.417, 176
Trd, 000086.483, 144
Trd, 000086.750, 178
Trd, 000087.317, 146
Trd, 000087.833, 150
Trd, 000088.200, 153
Trd, 000089.100, 165
Trd, 000090.017, 157
Trd, 000090.217, 171
Trd, 000090.350, 158
Trd, 000090.400, 158
Trd, 000090.800, 153
Trd, 000091.300, 150
Trd, 000091.450, 160
Trd, 000091.600, 142
Trd, 000092.400, 159
Trd, 000093.017, 163
Trd, 000094.117, 145
Trd, 000094.150, 165
Trd, 000095.533, 163
Trd, 000095.833, 158
Trd, 000095.933, 156
Trd, 000096.567, 153
Trd, 000097.567, 156
Trd, 000098.167, 150
Trd, 000098.450, 164
Trd, 000098.550, 144
Trd, 000098.883, 160
Trd, 000098.983, 158
Trd, 000099.800, 164
Trd, 000100.033, 165
Trd, 000101.033, 166
Trd, 000101.083, 158
Trd, 000102.567, 150
Trd, 000102.617, 151
Trd, 000102.867, 143
Trd, 000103.600, 153
Trd, 000103.800, 152
Trd, 000104.900, 143
Trd, 000105.100, 153
Trd, 000105.150, 154
Trd, 000105.483, 172
Trd, 000105.567, 146
Trd, 000105.917, 185
Trd, 000106.217, 172
Trd, 000106.417, 186
Trd, 000107.567, 188
Trd, 000108.467, 188
Trd, 000108.867, 186
Trd, 000109.650, 166
Trd, 000109.700, 154
Trd, 000110.067, 152
Trd, 000110.100, 186
Trd, 000111.417, 152
Trd, 000111.517, 167
Trd, 000111.683, 166
Trd, 000112.600, 178
Trd, 000112.733, 179
Trd, 000113.183, 172
Trd, 000114.750, 171
Trd, 000115.333, 171
Trd, 000115.717, 172
Trd, 000116.083, 171
Trd, 000116.900, 167
Trd, 000117.117, 171
Trd, 000117.167, 172
Trd, 000118.033, 158
Trd, 000118.533, 165
Trd, 000118.817, 165
Trd, 000119.083, 155
Trd, 000119.783, 163
Trd, 000119.800, 162
Trd, 000120.933, 154
Trd, 000122.283, 163
Trd, 000122.400, 166
Trd, 000123.183, 174
Trd, 000123.650, 165
Trd, 000124.183, 156
Trd, 000124.317, 154
Trd, 000124.367, 154
Trd, 000125.117, 152
Trd, 000125.467, 153
Trd, 000125.700, 151
Trd, 000126.167, 157
Trd, 000126.183, 168
Trd, 000127.800, 154
Trd, 000127.950, 154
Trd, 000128.183, 153
Trd, 000128.483, 159
Trd, 000128.733, 169
Trd, 000128.883, 156
Trd, 000129.883, 162
Trd, 000130.750, 161
Trd, 000131.133, 161
Trd, 000131.750, 168
Trd, 000132.067, 169
Trd, 000132.267, 154
Trd, 000133.067, 167
Trd, 000134.150, 164
Trd, 000134.583, 166
Trd, 000135.717, 166
Trd, 000136.000, 163
Trd, 000136.367, 169
Trd, 000136.550, 159
Trd, 000136.850, 181
Trd, 000137.967, 183
Trd, 000138.033, 169
Trd, 000138.183, 158
Trd, 000139.267, 170
Trd, 000139.650, 154
Trd, 000140.533, 155
Trd, 000140.567, 150
Trd, 000140.617, 161
Trd, 000141.483, 159
Trd, 000141.533, 165
Trd, 000142.133, 163
Trd, 000142.583, 150
Trd, 000143.683, 164
Trd, 000144.300, 155
Trd, 000144.517, 150
Trd, 000144.850, 148
Trd, 000144.900, 147
Trd, 000145.017, 168
Trd, 000145.133, 168
Trd, 000145.283, 148
Trd, 000145.567, 167
Trd, 000146.683, 169
Trd, 000146.950, 177
Trd, 000147.350, 189
Trd, 000147.767, 158
Trd, 000148.017, 181
Trd, 000148.383, 158
Trd, 000149.950, 182
Trd, 000150.067, 170
Trd, 000150.167, 171
Trd, 000151.400, 177
Trd, 000151.433, 170
Trd, 000151.650, 162
Trd, 000151.717, 159
Trd, 000152.550, 167
Trd, 000153.200, 166
Trd, 000153.467, 153
Trd, 000153.600, 152
Trd, 000154.883, 156
Trd, 000155.717, 159
Trd, 000155.850, 161
Trd, 000156.350, 163
Trd, 000157.917, 168
Trd, 000158.050, 170
Trd, 000158.150, 171
Trd, 000159.100, 171
Trd, 000159.133, 172
Trd, 000159.483, 177
Trd, 000159.583, 159
Trd, 000159.783, 183
Trd, 000160.067, 177
Trd, 000160.167, 153
Trd, 000160.517, 184
Trd, 000160.750, 182
Trd, 000162.433, 158
Trd, 000163.017, 177
Trd, 000163.333, 171
Trd, 000163.583, 171
Trd, 000163.817, 157
Trd, 000164.183, 177
Trd, 000165.117, 152
Trd, 000165.700, 171
Trd, 000165.783, 156
Trd, 000166.233, 176
Trd, 000166.567, 177
Trd, 000166.967, 151
Trd, 000167.367, 178
Trd, 000168.167, 179
Trd, 000168.400, 156
Trd, 000168.900, 156
Trd, 000169.267, 158
Trd, 000169.833, 157
Trd, 000170.200, 172
Trd, 000171.200, 161
Trd, 000171.967, 158
Trd, 000172.100, 161
Trd, 000172.267, 161
Trd, 000172.650, 161
Trd, 000173.117, 160
Trd, 000174.467, 159
Trd, 000174.650, 161
Trd, 000175.017, 157
Trd, 000175.067, 153
Trd, 000175.483, 179
Trd, 000175.900, 193
Trd, 000176.633, 179
Trd, 000176.950, 179
Trd, 000177.367, 173
Trd, 000177.533, 179
Trd, 000178.500, 162
Trd, 000179.233, 162
Trd, 000179.483, 161
Trd, 000179.633, 159
Trd, 000179.667, 171
Trd, 000180.033, 155
Trd, 000180.267, 171
Trd, 000180.750, 180
Trd, 000181.733, 168
Trd, 000182.800, 171
Trd, 000182.967, 173
Trd, 000183.233, 166
Trd, 000184.900, 164
Trd, 000185.350, 162
Trd, 000185.833, 162
Trd, 000185.983, 170
Trd, 000186.100, 171
Trd, 000186.233, 173
Trd, 000186.350, 180
Trd, 000186.467, 159
Trd, 000187.100, 152
Trd, 000187.617, 165
Trd, 000188.267, 156
Trd, 000189.200, 183
Trd, 000189.433, 194
Trd, 000190.667, 174
Trd, 000190.683, 174
Trd, 000191.300, 175
Trd, 000191.617, 159
Trd, 000191.867, 172
Trd, 000193.167, 173
Trd, 000193.500, 171
Trd, 000194.333, 167
Trd, 000194.350, 163
Trd, 000195.133, 170
Trd, 000195.183, 172
Trd, 000195.283, 160
Trd, 000195.517, 174
Trd, 000195.867, 169
Trd, 000196.100, 150
Trd, 000196.183, 180
Trd, 000197.333, 186
Trd, 000197.383, 187
Trd, 000198.150, 192
Trd, 000199.700, 178
Trd, 000200.133, 177
Trd, 000200.167, 162
Trd, 000200.683, 161
Trd, 000201.167, 175
Trd, 000201.367, 181
Trd, 000201.500, 163
Trd, 000201.583, 187
Trd, 000201.800, 185
Trd, 000202.900, 164
Trd, 000203.400, 178
Trd, 000203.683, 184
Trd, 000204.267, 195
Trd, 000204.317, 177
Trd, 000205.600, 175
Trd, 000205.733, 164
Trd, 000206.033, 161
Trd, 000206.700, 179
Trd, 000206.783, 157
Trd, 000206.983, 181
Trd, 000209.183, 173
Trd, 000209.600, 178
Trd, 000210.000, 172
Trd, 000210.250, 177
Trd, 000210.350, 176
Trd, 000211.133, 176
Trd, 000211.717, 177
Trd, 000212.183, 176
Trd, 000212.667, 165
Trd, 000213.767, 165
Trd, 000213.850, 171
Trd, 000214.417, 162
Trd, 000214.817, 172
Trd, 000215.717, 173
Trd, 000215.850, 173
Trd, 000215.967, 176
Trd, 000216.133, 167
Trd, 000216.667, 160
Trd, 000216.767, 158
Trd, 000218.050, 177
Trd, 000218.650, 178
Trd, 000218.783, 178
Trd, 000218.983, 176
Trd, 000219.483, 177
Trd, 000220.067, 176
Trd, 000220.433, 177
Trd, 000220.467, 184
Trd, 000220.567, 174
Trd, 000220.633, 166
Trd, 000220.900, 190
Trd, 000221.233, 186
Trd, 000221.317, 163
Trd, 000221.883, 159
Trd, 000222.283, 197
Trd, 000223.450, 173
Trd, 000223.767, 168
Trd, 000223.950, 172
Trd, 000224.583, 190
Trd, 000225.200, 182
Trd, 000225.850, 168
Trd, 000225.983, 166
Trd, 000226.150, 183
Trd, 000226.183, 164
Trd, 000226.483, 185
Trd, 000226.800, 163
Trd, 000228.233, 176
Trd, 000228.933, 176
Trd, 000229.050, 164
Trd, 000229.450, 178
Trd, 000229.617, 179
Trd, 000230.133, 191
Trd, 000230.233, 164
Trd, 000230.767, 160
Trd, 000231.183, 157
Trd, 000231.933, 184
Trd, 000232.333, 156
Trd, 000233.200, 189
Trd, 000233.217, 190
Trd, 000233.850, 198
Trd, 000233.933, 195
Trd, 000234.133, 164
Trd, 000234.367, 172
Trd, 000235.550, 175
Trd, 000235.817, 178
Trd, 000236.433, 168
Trd, 000236.583, 167
Trd, 000237.050, 165
Trd, 000237.167, 178
Trd, 000237.200, 178
Trd, 000238.600, 179
Trd, 000238.733, 179
Trd, 000238.800, 170
Trd, 000238.833, 168
Trd, 000239.617, 180
Trd, 000240.533, 171
Trd, 000240.583, 173
Trd, 000240.967, 171
Trd, 000241.467, 174
Trd, 000242.117, 172
Trd, 000242.800, 178
Trd, 000243.083, 176
Trd, 000243.183, 179
Trd, 000243.300, 169
Trd, 000243.617, 186
Trd, 000244.917, 180
Trd, 000245.167, 183
Trd, 000245.267, 176
Trd, 000245.467, 180
Trd, 000246.283, 172
Trd, 000246.467, 172
Trd, 000247.317, 166
Trd, 000247.567, 165
Trd, 000248.150, 166
Trd, 000248.300, 174
Trd, 000248.400, 177
Trd, 000250.000, 176
Trd, 000250.033, 175
Trd, 000250.250, 176
Trd, 000250.367, 173
Trd, 000250.750, 173
Trd, 000250.883, 168
Trd, 000251.517, 172
Trd, 000251.717, 169
Trd, 000251.783, 166
Trd, 000252.083, 165
Trd, 000252.233, 158
Trd, 000252.517, 174
Trd, 000252.633, 163
Trd, 000253.100, 180
Trd, 000253.617, 181
Trd, 000254.050, 183
Trd, 000254.350, 184
Trd, 000254.617, 184
Trd, 000255.117, 182
Trd, 000255.633, 183
Trd, 000256.733, 165
Trd, 000257.067, 165
Trd, 000257.117, 173
Trd, 000258.400, 181
Trd, 000258.567, 165
Trd, 000259.117, 169
Trd, 000259.367, 177
Trd, 000259.400, 182
Trd, 000259.817, 181
Trd, 000260.050, 181
Trd, 000260.700, 182
Trd, 000260.917, 180
Trd, 000261.000, 184
Trd, 000261.283, 167
Trd, 000262.500, 162
Trd, 000262.967, 165
Trd, 000263.333, 169
Trd, 000263.967, 181
Trd, 000264.067, 188
Trd, 000265.083, 190
Trd, 000265.117, 191
Trd, 000265.617, 188
Trd, 000265.833, 187
Trd, 000266.367, 186
Trd, 000266.567, 181
Trd, 000266.917, 182
Trd, 000267.150, 187
Trd, 000267.617, 182
Trd, 000268.250, 183
Trd, 000269.367, 182
Trd, 000269.550, 178
Trd, 000269.733, 183
Trd, 000270.600, 183
Trd, 000270.700, 184
Trd, 000271.117, 180
Trd, 000271.650, 173
Trd, 000271.667, 168
Trd, 000271.833, 165
Trd, 000272.300, 171
Trd, 000272.667, 169
Trd, 000272.700, 170
Trd, 000273.867, 162
Trd, 000273.883, 165
Trd, 000274.183, 164
Trd, 000274.217, 163
Trd, 000274.433, 192
Trd, 000275.083, 160
Trd, 000275.633, 164
Trd, 000275.883, 182
Trd, 000276.050, 183
Trd, 000276.317, 166
Trd, 000276.483, 169
Trd, 000276.833, 183
Trd, 000276.933, 189
Trd, 000277.650, 183
Trd, 000277.800, 179
Trd, 000278.333, 172
Trd, 000278.983, 192
Trd, 000279.050, 183
Trd, 000279.233, 187
Trd, 000279.600, 192
Trd, 000279.717, 193
Trd, 000279.817, 196
Trd, 000280.083, 165
Trd, 000280.333, 166
Trd, 000280.500, 169
Trd, 000280.700, 193
Trd, 000280.750, 165
Trd, 000281.933, 177
Trd, 000282.717, 184
Trd, 000283.150, 169
Trd, 000284.117, 174
Trd, 000284.150, 172
Trd, 000284.417, 172
Trd, 000284.767, 170
Trd, 000285.017, 171
Trd, 000285.233, 160
Trd, 000285.367, 172
Trd, 000286.050, 182
Trd, 000287.150, 193
Trd, 000287.300, 179
Trd, 000287.850, 189
Trd, 000288.367, 184
Trd, 000288.883, 188
Trd, 000289.050, 194
Trd, 000289.333, 170
Trd, 000290.100, 195
Trd, 000290.833, 192
Trd, 000291.100, 191
Trd, 000291.367, 187
Trd, 000291.567, 184
Trd, 000291.767, 177
Trd, 000292.233, 175
Trd, 000293.050, 173
Trd, 000293.183, 188
Trd, 000293.283, 171
Trd, 000293.317, 166
Trd, 000293.683, 163
Trd, 000294.417, 184
Trd, 000294.617, 162
Trd, 000295.050, 185
Trd, 000295.283, 184
Trd, 000295.300, 186
Trd, 000295.533, 187
Trd, 000295.617, 191
Trd, 000295.667, 194
Trd, 000295.983, 193
Trd, 000296.183, 167
Trd, 000297.200, 166
Trd, 000297.367, 170
Trd, 000297.450, 165
Trd, 000297.800, 163
Trd, 000298.167, 161
Trd, 000298.583, 173
Trd, 000298.817, 182
Trd, 000299.000, 188
Trd, 000299.317, 192
Trd, 000299.567, 204
