Trd, 000001.417, 163
Trd, 000001.550, 162
Trd, 000002.450, 142
Trd, 000002.633, 143
Trd, 000002.967, 143
Trd, 000003.350, 186
Trd, 000004.200, 138
Trd, 000005.267, 134
Trd, 000005.833, 158
Trd, 000006.367, 140
Trd, 000006.667, 139
Trd, 000007.100, 141
Trd, 000007.900, 163
Trd, 000007.933, 150
Trd, 000008.733, 150
Trd, 000009.017, 149
Trd, 000009.317, 144
Trd, 000009.350, 151
Trd, 000011.333, 150
Trd, 000011.350, 149
Trd, 000011.433, 149
Trd, 000011.967, 148
Trd, 000012.300, 174
Trd, 000012.400, 174
Trd, 000013.617, 152
Trd, 000014.283, 156
Trd, 000014.500, 169
Trd, 000014.633, 151
Trd, 000016.383, 161
Trd, 000017.333, 158
Trd, 000017.483, 162
Trd, 000017.967, 158
Trd, 000019.083, 158
Trd, 000019.750, 159
Trd, 000019.900, 172
Trd, 000020.517, 160
Trd, 000020.667, 170
Trd, 000021.167, 159
Trd, 000021.183, 169
Trd, 000022.900, 151
Trd, 000023.033, 165
Trd, 000023.617, 165
Trd, 000023.650, 164
Trd, 000024.050, 160
Trd, 000024.300, 164
Trd, 000024.550, 160
Trd, 000024.683, 164
Trd, 000026.100, 160
Trd, 000026.267, 160
Trd, 000026.633, 155
Trd, 000028.100, 168
Trd, 000028.567, 158
Trd, 000028.667, 158
Trd, 000028.717, 170
Trd, 000029.900, 170
Trd, 000030.650, 168
Trd, 000031.300, 167
Trd, 000032.417, 168
Trd, 000033.300, 166
Trd, 000033.400, 165
Trd, 000034.000, 164
Trd, 000034.350, 170
Trd, 000035.267, 151
Trd, 000035.383, 170
Trd, 000035.700, 155
Trd, 000037.000, 135
Trd, 000037.217, 145
Trd, 000037.950, 152
Trd, 000038.683, 169
Trd, 000038.817, 167
Trd, 000039.250, 166
Trd, 000040.500, 167
Trd, 000040.600, 169
Trd, 000040.750, 165
Trd, 000041.200, 165
Trd, 000041.283, 166
Trd, 000041.467, 165
Trd, 000042.800, 165
Trd, 000042.950, 164
Trd, 000043.567, 155
Trd, 000043.900, 152
Trd, 000044.467, 157
Trd, 000045.383, 158
Trd, 000045.733, 162
Trd, 000045.883, 167
Trd, 000045.983, 190
Trd, 000046.550, 154
Trd, 000046.683, 156
Trd, 000048.233, 148
Trd, 000048.483, 144
Trd, 000049.083, 138
Trd, 000049.350, 144
Trd, 000050.283, 143
Trd, 000050.367, 145
Trd, 000050.550, 146
Trd, 000050.617, 144
Trd, 000052.517, 148
Trd, 000052.800, 147
Trd, 000052.883, 146
Trd, 000052.900, 156
Trd, 000053.783, 169
Trd, 000054.000, 171
Trd, 000054.500, 168
Trd, 000055.100, 169
Trd, 000055.800, 170
Trd, 000055.850, 168
Trd, 000056.183, 168
Trd, 000056.250, 174
Trd, 000056.483, 167
Trd, 000057.400, 176
Trd, 000057.500, 176
Trd, 000057.583, 170
Trd, 000059.783, 175
Trd, 000060.933, 178
Trd, 000061.450, 177
Trd, 000061.467, 178
Trd, 000061.783, 174
Trd, 000062.683, 178
Trd, 000062.850, 171
Trd, 000063.000, 175
Trd, 000063.300, 163
Trd, 000063.633, 154
Trd, 000064.017, 161
Trd, 000064.283, 137
Trd, 000066.417, 153
Trd, 000066.883, 145
Trd, 000067.100, 146
Trd, 000067.317, 148
Trd, 000067.967, 148
Trd, 000068.883, 151
Trd, 000069.233, 158
Trd, 000069.283, 147
Trd, 000071.083, 167
Trd, 000071.200, 175
Trd, 000071.533, 169
Trd, 000072.683, 169
Trd, 000073.067, 167
Trd, 000073.817, 171
Trd, 000074.233, 172
Trd, 000075.017, 171
Trd, 000075.567, 168
Trd, 000075.600, 172
Trd, 000075.800, 166
Trd, 000075.850, 163
Trd, 000077.150, 172
Trd, 000077.383, 164
Trd, 000078.083, 175
Trd, 000078.133, 164
Trd, 000079.017, 176
Trd, 000080.117, 173
Trd, 000080.633, 172
Trd, 000080.783, 182
Trd, 000080.967, 172
Trd, 000081.400, 170
Trd, 000081.533, 178
Trd, 000081.700, 170
Trd, 000082.017, 159
Trd, 000082.333, 156
Trd, 000082.583, 179
Trd, 000083.700, 141
Trd, 000084.100, 139
Trd, 000085.567, 162
Trd, 000086.383, 173
Trd, 000087.200, 170
Trd, 000087.350, 168
Trd, 000087.683, 175
Trd, 000088.400, 175
Trd, 000089.150, 176
Trd, 000089.483, 177
Trd, 000089.700, 181
Trd, 000089.783, 177
Trd, 000091.683, 176
Trd, 000092.267, 171
Trd, 000092.400, 171
Trd, 000093.283, 169
Trd, 000093.317, 160
Trd, 000094.067, 142
Trd, 000094.267, 176
Trd, 000094.400, 168
Trd, 000094.600, 163
Trd, 000094.783, 169
Trd, 000095.167, 162
Trd, 000097.750, 172
Trd, 000098.683, 170
Trd, 000099.317, 170
Trd, 000099.583, 170
Trd, 000099.667, 171
Trd, 000099.850, 172
Trd, 000099.883, 169
Trd, 000099.933, 168
Trd, 000100.150, 166
Trd, 000101.500, 158
Trd, 000101.600, 173
Trd, 000101.867, 178
Trd, 000101.967, 177
Trd, 000102.967, 181
Trd, 000103.017, 173
Trd, 000103.183, 141
Trd, 000104.500, 174
Trd, 000105.267, 174
Trd, 000106.067, 175
Trd, 000106.283, 173
Trd, 000107.233, 172
Trd, 000107.533, 173
Trd, 000107.550, 171
Trd, 000107.917, 170
Trd, 000108.617, 169
Trd, 000110.083, 167
Trd, 000112.000, 173
Trd, 000112.333, 171
Trd, 000112.867, 170
Trd, 000113.033, 169
Trd, 000113.383, 168
Trd, 000114.250, 170
Trd, 000114.333, 170
Trd, 000114.983, 169
Trd, 000115.500, 161
Trd, 000115.550, 167
Trd, 000115.917, 171
Trd, 000117.533, 170
Trd, 000117.700, 163
Trd, 000117.733, 178
Trd, 000117.900, 159
Trd, 000118.317, 174
Trd, 000119.200, 174
Trd, 000119.350, 173
Trd, 000120.317, 171
Trd, 000120.667, 174
Trd, 000120.883, 175
Trd, 000121.750, 174
Trd, 000122.733, 174
Trd, 000122.850, 174
Trd, 000123.017, 175
Trd, 000123.750, 177
Trd, 000124.083, 176
Trd, 000124.417, 179
Trd, 000124.433, 175
Trd, 000125.133, 175
Trd, 000126.167, 179
Trd, 000126.267, 175
Trd, 000126.300, 143
Trd, 000127.083, 144
Trd, 000127.400, 153
Trd, 000127.733, 152
Trd, 000128.033, 153
Trd, 000128.067, 148
Trd, 000128.383, 141
Trd, 000129.767, 161
Trd, 000129.900, 165
Trd, 000130.083, 160
Trd, 000131.267, 161
Trd, 000131.850, 161
Trd, 000133.833, 163
Trd, 000134.083, 162
Trd, 000134.217, 164
Trd, 000134.867, 162
Trd, 000135.267, 164
Trd, 000135.867, 161
Trd, 000136.067, 161
Trd, 000136.267, 161
Trd, 000136.400, 162
Trd, 000136.667, 161
Trd, 000136.767, 166
Trd, 000138.067, 176
Trd, 000138.267, 178
Trd, 000139.117, 189
Trd, 000139.433, 173
Trd, 000139.600, 165
Trd, 000140.467, 172
Trd, 000140.567, 171
Trd, 000140.767, 142
Trd, 000142.417, 165
Trd, 000142.717, 169
Trd, 000143.417, 168
Trd, 000144.050, 168
Trd, 000144.233, 169
Trd, 000144.317, 169
Trd, 000144.467, 162
Trd, 000144.600, 170
Trd, 000145.450, 163
Trd, 000146.167, 179
Trd, 000146.383, 164
Trd, 000146.817, 175
Trd, 000147.417, 165
Trd, 000148.033, 166
Trd, 000148.383, 167
Trd, 000149.000, 167
Trd, 000151.200, 178
Trd, 000151.283, 178
Trd, 000151.550, 177
Trd, 000152.167, 175
Trd, 000152.250, 183
Trd, 000152.983, 181
Trd, 000153.433, 172
Trd, 000153.683, 174
Trd, 000154.500, 181
Trd, 000154.517, 173
Trd, 000154.633, 169
Trd, 000155.167, 163
Trd, 000155.950, 178
Trd, 000156.350, 173
Trd, 000156.567, 179
Trd, 000157.367, 176
Trd, 000157.833, 176
Trd, 000157.933, 175
Trd, 000158.050, 176
Trd, 000158.333, 178
Trd, 000158.717, 172
Trd, 000159.367, 164
Trd, 000159.683, 160
Trd, 000159.983, 165
Trd, 000160.083, 147
Trd, 000161.150, 181
Trd, 000162.033, 166
Trd, 000162.167, 184
Trd, 000163.017, 166
Trd, 000163.383, 178
Trd, 000163.667, 177
Trd, 000164.167, 178
Trd, 000165.167, 180
Trd, 000165.450, 179
Trd, 000165.550, 179
Trd, 000166.283, 179
Trd, 000166.633, 175
Trd, 000167.133, 179
Trd, 000167.300, 172
Trd, 000168.033, 174
Trd, 000168.783, 173
Trd, 000170.500, 174
Trd, 000170.617, 177
Trd, 000171.250, 178
Trd, 000171.883, 177
Trd, 000172.367, 177
Trd, 000172.583, 179
Trd, 000172.650, 191
Trd, 000172.667, 174
Trd, 000173.000, 175
Trd, 000174.133, 165
Trd, 000174.450, 179
Trd, 000174.500, 161
Trd, 000175.033, 165
Trd, 000175.183, 181
Trd, 000177.167, 202
Trd, 000177.333, 177
Trd, 000177.567, 197
Trd, 000178.100, 178
Trd, 000178.517, 178
Trd, 000178.750, 173
Trd, 000179.733, 182
Trd, 000180.450, 186
Trd, 000181.467, 185
Trd, 000182.100, 184
Trd, 000183.017, 181
Trd, 000184.133, 180
Trd, 000184.783, 172
Trd, 000185.067, 173
Trd, 000185.200, 174
Trd, 000185.333, 170
Trd, 000185.617, 175
Trd, 000186.367, 178
Trd, 000187.333, 172
Trd, 000187.633, 173
Trd, 000187.700, 176
Trd, 000188.700, 180
Trd, 000188.850, 185
Trd, 000188.983, 169
Trd, 000189.383, 168
Trd, 000190.050, 169
Trd, 000190.267, 167
Trd, 000191.400, 170
Trd, 000192.417, 167
Trd, 000193.017, 174
Trd, 000193.300, 170
Trd, 000193.617, 171
Trd, 000193.950, 174
Trd, 000194.117, 174
Trd, 000194.133, 185
Trd, 000194.733, 167
Trd, 000195.583, 183
Trd, 000195.633, 182
Trd, 000196.833, 179
Trd, 000197.400, 178
Trd, 000198.483, 188
Trd, 000198.533, 184
Trd, 000198.633, 178
Trd, 000198.900, 176
Trd, 000199.583, 174
Trd, 000199.700, 171
Trd, 000200.300, 170
Trd, 000200.383, 168
Trd, 000200.967, 183
Trd, 000201.400, 183
Trd, 000203.333, 185
Trd, 000203.750, 185
Trd, 000203.883, 185
Trd, 000204.383, 183
Trd, 000204.433, 182
Trd, 000204.467, 177
Trd, 000205.050, 183
Trd, 000205.100, 184
Trd, 000205.583, 182
Trd, 000206.250, 183
Trd, 000207.617, 178
Trd, 000207.750, 172
Trd, 000209.000, 170
Trd, 000209.467, 182
Trd, 000210.017, 169
Trd, 000210.183, 173
Trd, 000211.083, 176
Trd, 000211.483, 179
Trd, 000212.083, 177
Trd, 000212.367, 189
Trd, 000212.633, 175
Trd, 000213.050, 175
Trd, 000215.717, 178
Trd, 000216.267, 176
Trd, 000216.517, 176
Trd, 000216.833, 177
Trd, 000217.817, 176
Trd, 000217.917, 174
Trd, 000218.650, 174
Trd, 000219.033, 176
Trd, 000219.067, 173
Trd, 000221.200, 176
Trd, 000221.400, 176
Trd, 000221.483, 175
Trd, 000221.550, 176
Trd, 000221.917, 177
Trd, 000222.133, 174
Trd, 000222.667, 178
Trd, 000223.167, 171
Trd, 000224.783, 173
Trd, 000225.000, 178
Trd, 000225.967, 175
Trd, 000226.867, 174
Trd, 000226.900, 177
Trd, 000227.050, 174
Trd, 000227.083, 170
Trd, 000227.817, 172
Trd, 000228.183, 165
Trd, 000228.250, 196
Trd, 000228.350, 155
Trd, 000228.683, 188
Trd, 000228.933, 154
Trd, 000230.183, 177
Trd, 000230.783, 177
Trd, 000232.300, 186
Trd, 000234.600, 186
Trd, 000234.817, 185
Trd, 000235.200, 185
Trd, 000235.217, 194
Trd, 000235.300, 173
Trd, 000235.383, 171
Trd, 000235.700, 178
Trd, 000235.783, 193
Trd, 000235.850, 194
Trd, 000236.433, 175
Trd, 000236.800, 178
Trd, 000236.933, 177
Trd, 000237.850, 183
Trd, 000238.950, 179
Trd, 000239.167, 182
Trd, 000239.783, 174
Trd, 000240.167, 179
Trd, 000240.333, 180
Trd, 000240.367, 179
Trd, 000240.483, 181
Trd, 000240.783, 175
Trd, 000240.933, 174
Trd, 000241.533, 174
Trd, 000242.033, 175
Trd, 000242.333, 174
Trd, 000242.667, 188
Trd, 000243.300, 167
Trd, 000243.683, 175
Trd, 000243.900, 176
Trd, 000244.350, 172
Trd, 000244.817, 178
Trd, 000244.917, 171
Trd, 000244.933, 170
Trd, 000245.050, 161
Trd, 000245.800, 179
Trd, 000246.417, 179
Trd, 000247.483, 167
Trd, 000248.267, 175
Trd, 000248.317, 176
Trd, 000250.100, 174
Trd, 000250.600, 173
Trd, 000251.017, 183
Trd, 000251.083, 173
Trd, 000251.817, 172
Trd, 000252.183, 176
Trd, 000252.500, 173
Trd, 000253.483, 173
Trd, 000253.817, 178
Trd, 000254.717, 174
Trd, 000254.983, 176
Trd, 000255.800, 174
Trd, 000256.417, 172
Trd, 000256.833, 173
Trd, 000256.867, 172
Trd, 000257.583, 174
Trd, 000257.767, 171
Trd, 000258.150, 171
Trd, 000259.300, 171
Trd, 000259.783, 174
Trd, 000260.167, 170
Trd, 000260.317, 171
Trd, 000260.400, 167
Trd, 000261.033, 176
Trd, 000261.883, 167
Trd, 000262.300, 170
Trd, 000262.667, 177
Trd, 000263.483, 176
Trd, 000263.500, 183
Trd, 000263.783, 176
Trd, 000264.350, 178
Trd, 000264.450, 175
Trd, 000265.083, 174
Trd, 000265.867, 176
Trd, 000266.633, 174
Trd, 000267.917, 168
Trd, 000268.183, 176
Trd, 000268.300, 167
Trd, 000268.333, 164
Trd, 000269.083, 165
Trd, 000269.733, 165
Trd, 000270.617, 169
Trd, 000270.650, 165
Trd, 000270.817, 171
Trd, 000270.833, 173
Trd, 000271.267, 192
Trd, 000271.850, 177
Trd, 000271.950, 176
Trd, 000271.983, 178
Trd, 000273.333, 176
Trd, 000273.383, 177
Trd, 000273.733, 177
Trd, 000273.983, 178
Trd, 000274.750, 178
Trd, 000274.900, 176
Trd, 000275.017, 175
Trd, 000276.517, 175
Trd, 000276.533, 175
Trd, 000277.100, 174
Trd, 000278.233, 171
Trd, 000279.317, 172
Trd, 000279.667, 179
Trd, 000279.683, 172
Trd, 000280.167, 173
Trd, 000280.750, 172
Trd, 000281.133, 172
Trd, 000281.217, 174
Trd, 000281.300, 176
Trd, 000281.717, 176
Trd, 000282.450, 176
Trd, 000283.017, 178
Trd, 000283.750, 176
Trd, 000284.267, 171
Trd, 000284.817, 169
Trd, 000285.367, 175
Trd, 000285.700, 169
Trd, 000285.817, 170
Trd, 000286.150, 175
Trd, 000286.250, 175
Trd, 000287.450, 172
Trd, 000287.617, 178
Trd, 000287.950, 171
Trd, 000288.383, 170
Trd, 000288.767, 178
Trd, 000289.700, 177
Trd, 000290.483, 179
Trd, 000291.283, 178
Trd, 000292.017, 178
Trd, 000292.233, 180
Trd, 000292.617, 182
Trd, 000292.683, 193
Trd, 000293.617, 177
Trd, 000293.633, 177
Trd, 000293.650, 171
Trd, 000294.317, 173
Trd, 000295.867, 176
Trd, 000296.000, 176
Trd, 000296.300, 176
Trd, 000296.500, 173
Trd, 000297.000, 175
Trd, 000297.017, 174
Trd, 000297.417, 180
Trd, 000297.783, 173
Trd, 000297.917, 171
Trd, 000298.017, 171
Trd, 000298.117, 180
Trd, 000299.783, 184
Trd, 000299.867, 189
