Trd, 000002.533, 142
Trd, 000003.083, 141
Trd, 000003.133, 171
Trd, 000003.733, 154
Trd, 000004.400, 151
Trd, 000005.300, 138
Trd, 000006.350, 138
Trd, 000006.567, 137
Trd, 000007.100, 135
Trd, 000007.767, 136
Trd, 000008.150, 137
Trd, 000008.167, 149
Trd, 000008.533, 138
Trd, 000008.733, 159
Trd, 000010.517, 148
Trd, 000010.550, 147
Trd, 000011.667, 156
Trd, 000011.833, 149
Trd, 000012.667, 148
Trd, 000013.767, 148
Trd, 000014.033, 150
Trd, 000014.133, 153
Trd, 000015.333, 148
Trd, 000015.467, 149
Trd, 000015.683, 150
Trd, 000017.250, 148
Trd, 000017.383, 147
Trd, 000017.950, 148
Trd, 000018.900, 148
Trd, 000019.217, 147
Trd, 000019.667, 148
Trd, 000019.733, 146
Trd, 000020.467, 147
Trd, 000021.517, 148
Trd, 000022.450, 146
Trd, 000023.083, 144
Trd, 000023.967, 143
Trd, 000023.983, 144
Trd, 000024.967, 143
Trd, 000025.433, 144
Trd, 000025.483, 145
Trd, 000026.417, 146
Trd, 000026.667, 145
Trd, 000028.200, 145
Trd, 000028.883, 146
Trd, 000029.083, 145
Trd, 000029.300, 145
Trd, 000029.883, 149
Trd, 000029.967, 151
Trd, 000029.983, 161
Trd, 000033.133, 148
Trd, 000033.350, 149
Trd, 000033.833, 149
Trd, 000034.067, 148
Trd, 000034.333, 147
Trd, 000034.517, 148
Trd, 000035.300, 147
Trd, 000035.817, 146
Trd, 000036.533, 144
Trd, 000037.150, 143
Trd, 000037.333, 144
Trd, 000037.617, 145
Trd, 000038.933, 148
Trd, 000039.150, 148
Trd, 000039.833, 147
Trd, 000040.783, 147
Trd, 000040.983, 147
Trd, 000041.533, 146
Trd, 000042.133, 147
Trd, 000042.183, 148
Trd, 000042.533, 147
Trd, 000042.750, 162
Trd, 000043.383, 152
Trd, 000044.867, 161
Trd, 000046.483, 155
Trd, 000046.817, 156
Trd, 000047.133, 160
Trd, 000047.700, 157
Trd, 000047.767, 162
Trd, 000048.233, 156
Trd, 000048.333, 152
Trd, 000048.400, 161
Trd, 000048.783, 156
Trd, 000049.950, 162
Trd, 000050.467, 163
Trd, 000051.233, 162
Trd, 000052.267, 158
Trd, 000053.017, 148
Trd, 000053.350, 154
Trd, 000053.550, 152
Trd, 000053.717, 152
Trd, 000055.033, 149
Trd, 000055.217, 150
Trd, 000055.467, 150
Trd, 000055.883, 151
Trd, 000056.783, 150
Trd, 000057.100, 148
Trd, 000057.750, 146
Trd, 000059.017, 147
Trd, 000059.050, 148
Trd, 000060.267, 148
Trd, 000060.417, 150
Trd, 000062.967, 157
Trd, 000063.317, 155
Trd, 000063.367, 158
Trd, 000063.433, 152
Trd, 000064.333, 158
Trd, 000064.350, 157
Trd, 000065.683, 153
Trd, 000066.117, 154
Trd, 000067.067, 152
Trd, 000067.850, 152
Trd, 000068.250, 152
Trd, 000068.650, 152
Trd, 000069.317, 152
Trd, 000069.600, 150
Trd, 000070.500, 167
Trd, 000071.033, 165
Trd, 000071.300, 150
Trd, 000072.633, 155
Trd, 000073.250, 154
Trd, 000073.300, 164
Trd, 000074.133, 160
Trd, 000075.133, 158
Trd, 000075.500, 156
Trd, 000076.333, 155
Trd, 000076.783, 155
Trd, 000077.517, 154
Trd, 000077.617, 156
Trd, 000079.333, 156
Trd, 000079.650, 154
Trd, 000080.983, 165
Trd, 000081.450, 160
Trd, 000081.750, 158
Trd, 000082.683, 159
Trd, 000082.783, 162
Trd, 000084.267, 159
Trd, 000085.167, 158
Trd, 000085.267, 159
Trd, 000085.950, 159
Trd, 000086.100, 158
Trd, 000086.967, 159
Trd, 000087.133, 159
Trd, 000087.383, 161
Trd, 000088.350, 160
Trd, 000089.350, 157
Trd, 000089.967, 159
Trd, 000090.517, 162
Trd, 000092.200, 160
Trd, 000093.033, 158
Trd, 000093.650, 157
Trd, 000093.867, 158
Trd, 000093.950, 157
Trd, 000094.183, 156
Trd, 000094.217, 159
Trd, 000094.433, 166
Trd, 000095.050, 164
Trd, 000095.450, 162
Trd, 000095.633, 155
Trd, 000096.933, 154
Trd, 000097.667, 158
Trd, 000098.000, 156
Trd, 000098.183, 156
Trd, 000098.650, 157
Trd, 000100.100, 161
Trd, 000100.900, 165
Trd, 000101.683, 166
Trd, 000102.433, 165
Trd, 000103.933, 161
Trd, 000104.417, 160
Trd, 000105.050, 159
Trd, 000105.767, 159
Trd, 000106.050, 158
Trd, 000107.200, 156
Trd, 000107.583, 156
Trd, 000107.950, 156
Trd, 000108.417, 157
Trd, 000108.767, 158
Trd, 000109.500, 159
Trd, 000109.633, 160
Trd, 000110.300, 158
Trd, 000111.000, 156
Trd, 000111.950, 154
Trd, 000112.117, 155
Trd, 000113.467, 153
Trd, 000114.383, 153
Trd, 000114.817, 151
Trd, 000114.867, 152
Trd, 000115.483, 152
Trd, 000115.700, 154
Trd, 000115.783, 155
Trd, 000117.300, 155
Trd, 000117.750, 154
Trd, 000117.967, 154
Trd, 000119.167, 151
Trd, 000119.333, 153
Trd, 000120.967, 151
Trd, 000121.833, 151
Trd, 000122.250, 153
Trd, 000122.983, 153
Trd, 000123.117, 154
Trd, 000123.217, 160
Trd, 000124.533, 158
Trd, 000124.883, 158
Trd, 000125.400, 160
Trd, 000125.633, 161
Trd, 000125.783, 161
Trd, 000126.283, 169
Trd, 000126.733, 164
Trd, 000127.200, 161
Trd, 000127.467, 162
Trd, 000127.633, 166
Trd, 000127.917, 165
Trd, 000130.117, 163
Trd, 000130.283, 163
Trd, 000133.033, 167
Trd, 000133.133, 164
Trd, 000133.383, 164
Trd, 000134.400, 168
Trd, 000135.167, 174
Trd, 000136.550, 166
Trd, 000137.117, 163
Trd, 000137.350, 163
Trd, 000137.667, 163
Trd, 000137.783, 164
Trd, 000138.650, 156
Trd, 000140.067, 154
Trd, 000140.633, 157
Trd, 000140.867, 157
Trd, 000141.350, 158
Trd, 000141.500, 161
Trd, 000142.017, 155
Trd, 000143.583, 156
Trd, 000143.983, 155
Trd, 000144.000, 159
Trd, 000144.783, 155
Trd, 000145.150, 155
Trd, 000145.933, 156
Trd, 000146.150, 156
Trd, 000146.650, 156
Trd, 000147.267, 162
Trd, 000148.100, 159
Trd, 000148.850, 156
Trd, 000149.167, 155
Trd, 000149.283, 157
Trd, 000149.483, 155
Trd, 000149.917, 154
Trd, 000149.967, 155
Trd, 000151.200, 157
Trd, 000151.417, 158
Trd, 000151.733, 171
Trd, 000152.017, 173
Trd, 000153.833, 163
Trd, 000154.050, 161
Trd, 000154.333, 164
Trd, 000155.533, 166
Trd, 000155.983, 164
Trd, 000156.450, 163
Trd, 000156.883, 161
Trd, 000157.450, 164
Trd, 000157.983, 164
Trd, 000158.283, 162
Trd, 000159.650, 162
Trd, 000160.233, 163
Trd, 000160.633, 162
Trd, 000161.067, 161
Trd, 000161.367, 160
Trd, 000162.033, 159
Trd, 000163.983, 156
Trd, 000164.433, 156
Trd, 000164.517, 155
Trd, 000165.067, 156
Trd, 000165.233, 155
Trd, 000165.533, 159
Trd, 000165.633, 164
Trd, 000166.800, 159
Trd, 000169.200, 158
Trd, 000169.633, 160
Trd, 000170.017, 158
Trd, 000170.383, 158
Trd, 000170.550, 159
Trd, 000170.667, 160
Trd, 000170.700, 163
Trd, 000171.200, 170
Trd, 000172.083, 168
Trd, 000173.633, 166
Trd, 000174.217, 166
Trd, 000176.300, 162
Trd, 000176.533, 163
Trd, 000176.567, 164
Trd, 000176.600, 160
Trd, 000176.650, 165
Trd, 000178.233, 157
Trd, 000179.033, 160
Trd, 000179.517, 161
Trd, 000179.783, 161
Trd, 000179.850, 160
Trd, 000180.700, 160
Trd, 000181.450, 164
Trd, 000181.583, 165
Trd, 000184.150, 160
Trd, 000184.450, 160
Trd, 000185.017, 159
Trd, 000185.233, 159
Trd, 000185.517, 161
Trd, 000186.633, 162
Trd, 000188.017, 161
Trd, 000188.133, 160
Trd, 000189.350, 161
Trd, 000189.750, 160
Trd, 000189.983, 161
Trd, 000190.667, 161
Trd, 000190.783, 162
Trd, 000191.250, 160
Trd, 000191.783, 159
Trd, 000192.233, 161
Trd, 000194.267, 162
Trd, 000194.733, 165
Trd, 000195.167, 163
Trd, 000195.783, 163
Trd, 000196.017, 163
Trd, 000196.250, 164
Trd, 000197.283, 165
Trd, 000198.200, 162
Trd, 000198.700, 163
Trd, 000198.983, 164
Trd, 000200.117, 166
Trd, 000200.517, 165
Trd, 000201.100, 163
Trd, 000202.133, 165
Trd, 000202.217, 165
Trd, 000202.700, 164
Trd, 000203.600, 163
Trd, 000204.367, 163
Trd, 000204.750, 164
Trd, 000205.717, 166
Trd, 000206.183, 167
Trd, 000206.667, 168
Trd, 000206.817, 167
Trd, 000206.917, 178
Trd, 000209.550, 170
Trd, 000209.800, 171
Trd, 000210.400, 170
Trd, 000210.717, 179
Trd, 000210.850, 179
Trd, 000211.367, 170
Trd, 000212.883, 174
Trd, 000213.017, 172
Trd, 000213.217, 171
Trd, 000213.633, 169
Trd, 000213.650, 167
Trd, 000214.967, 169
Trd, 000215.650, 169
Trd, 000216.100, 170
Trd, 000216.567, 169
Trd, 000217.733, 168
Trd, 000217.900, 167
Trd, 000219.017, 168
Trd, 000220.167, 166
Trd, 000220.300, 165
Trd, 000220.733, 166
Trd, 000220.850, 166
Trd, 000221.433, 166
Trd, 000222.033, 168
Trd, 000222.367, 167
Trd, 000222.817, 167
Trd, 000223.283, 165
Trd, 000224.817, 166
Trd, 000225.517, 168
Trd, 000225.717, 169
Trd, 000226.183, 170
Trd, 000226.633, 163
Trd, 000226.800, 168
Trd, 000227.983, 165
Trd, 000228.383, 164
Trd, 000228.483, 164
Trd, 000228.617, 165
Trd, 000229.883, 165
Trd, 000231.100, 168
Trd, 000232.067, 170
Trd, 000233.500, 168
Trd, 000233.583, 169
Trd, 000234.333, 168
Trd, 000234.817, 168
Trd, 000236.217, 169
Trd, 000236.300, 166
Trd, 000236.450, 170
Trd, 000238.300, 171
Trd, 000238.900, 169
Trd, 000239.050, 166
Trd, 000239.817, 170
Trd, 000240.083, 170
Trd, 000240.733, 176
Trd, 000241.050, 177
Trd, 000241.200, 172
Trd, 000241.383, 178
Trd, 000241.633, 168
Trd, 000241.867, 172
Trd, 000241.950, 177
Trd, 000242.417, 177
Trd, 000242.683, 175
Trd, 000243.233, 175
Trd, 000243.883, 174
Trd, 000244.067, 175
Trd, 000245.900, 177
Trd, 000246.117, 177
Trd, 000246.533, 173
Trd, 000246.783, 176
Trd, 000246.833, 171
Trd, 000247.333, 172
Trd, 000247.667, 172
Trd, 000248.600, 173
Trd, 000248.633, 172
Trd, 000249.050, 174
Trd, 000249.217, 168
Trd, 000250.783, 170
Trd, 000251.883, 170
Trd, 000252.433, 167
Trd, 000252.600, 166
Trd, 000252.883, 171
Trd, 000254.267, 170
Trd, 000254.683, 171
Trd, 000254.700, 171
Trd, 000254.833, 170
Trd, 000255.500, 175
Trd, 000255.550, 173
Trd, 000255.633, 174
Trd, 000255.950, 173
Trd, 000256.883, 173
Trd, 000257.067, 174
Trd, 000257.233, 174
Trd, 000257.817, 172
Trd, 000257.833, 171
Trd, 000258.433, 167
Trd, 000259.783, 166
Trd, 000260.350, 165
Trd, 000260.683, 166
Trd, 000261.150, 166
Trd, 000261.833, 167
Trd, 000262.850, 170
Trd, 000262.967, 168
Trd, 000263.050, 175
Trd, 000263.800, 175
Trd, 000263.833, 176
Trd, 000264.700, 175
Trd, 000264.900, 175
Trd, 000265.233, 174
Trd, 000265.400, 175
Trd, 000265.733, 175
Trd, 000266.117, 176
Trd, 000266.800, 176
Trd, 000267.200, 175
Trd, 000268.717, 175
Trd, 000269.400, 175
Trd, 000269.800, 175
Trd, 000269.917, 173
Trd, 000270.500, 171
Trd, 000270.600, 173
Trd, 000270.617, 176
Trd, 000271.050, 178
Trd, 000271.100, 180
Trd, 000271.250, 175
Trd, 000271.700, 174
Trd, 000273.300, 180
Trd, 000273.383, 184
Trd, 000274.633, 178
Trd, 000274.900, 182
Trd, 000275.033, 181
Trd, 000275.717, 180
Trd, 000276.083, 179
Trd, 000276.250, 178
Trd, 000276.417, 178
Trd, 000276.583, 179
Trd, 000276.883, 176
Trd, 000277.133, 178
Trd, 000277.850, 176
Trd, 000278.467, 176
Trd, 000278.600, 177
Trd, 000280.067, 174
Trd, 000280.150, 174
Trd, 000280.417, 173
Trd, 000280.500, 174
Trd, 000280.783, 174
Trd, 000280.817, 175
Trd, 000281.317, 173
Trd, 000281.600, 172
Trd, 000281.850, 174
Trd, 000282.883, 175
Trd, 000282.917, 173
Trd, 000283.200, 174
Trd, 000283.233, 179
Trd, 000285.183, 177
Trd, 000285.317, 176
Trd, 000285.583, 176
Trd, 000285.633, 174
Trd, 000285.650, 177
Trd, 000286.750, 176
Trd, 000287.000, 177
Trd, 000287.367, 173
Trd, 000288.117, 178
Trd, 000288.950, 174
Trd, 000288.983, 176
Trd, 000289.217, 177
Trd, 000289.933, 176
Trd, 000290.333, 177
Trd, 000290.850, 177
Trd, 000291.333, 178
Trd, 000291.950, 177
Trd, 000292.267, 170
Trd, 000292.583, 176
Trd, 000292.767, 177
Trd, 000293.150, 175
Trd, 000293.250, 175
Trd, 000293.617, 176
Trd, 000293.883, 173
Trd, 000294.683, 172
Trd, 000295.583, 174
Trd, 000296.050, 173
Trd, 000296.550, 174
Trd, 000297.083, 172
Trd, 000297.150, 171
Trd, 000297.217, 166
Trd, 000298.350, 173
Trd, 000298.600, 169
Trd, 000298.983, 174
Trd, 000299.433, 178
