Trd, 000001.833, 149
Trd, 000002.300, 148
Trd, 000002.400, 127
Trd, 000003.700, 149
Trd, 000003.817, 148
Trd, 000004.167, 148
Trd, 000005.417, 147
Trd, 000005.600, 146
Trd, 000006.000, 147
Trd, 000007.000, 149
Trd, 000007.633, 157
Trd, 000008.117, 148
Trd, 000008.817, 149
Trd, 000009.650, 148
Trd, 000010.183, 146
Trd, 000010.983, 146
Trd, 000011.433, 141
Trd, 000011.700, 141
Trd, 000011.717, 142
Trd, 000012.717, 139
Trd, 000012.883, 140
Trd, 000013.350, 139
Trd, 000014.100, 147
Trd, 000015.117, 148
Trd, 000015.717, 140
Trd, 000015.833, 149
Trd, 000016.167, 152
Trd, 000017.383, 153
Trd, 000018.333, 141
Trd, 000018.700, 142
Trd, 000018.867, 157
Trd, 000019.633, 155
Trd, 000020.517, 159
Trd, 000020.733, 150
Trd, 000021.133, 152
Trd, 000021.150, 145
Trd, 000021.933, 150
Trd, 000022.083, 156
Trd, 000022.933, 149
Trd, 000023.617, 152
Trd, 000023.717, 153
Trd, 000023.883, 151
Trd, 000024.167, 151
Trd, 000024.183, 152
Trd, 000024.433, 151
Trd, 000024.583, 150
Trd, 000027.083, 151
Trd, 000027.600, 149
Trd, 000027.933, 142
Trd, 000028.300, 137
Trd, 000028.500, 152
Trd, 000028.983, 152
Trd, 000029.150, 153
Trd, 000029.583, 140
Trd, 000030.617, 150
Trd, 000030.717, 151
Trd, 000031.000, 144
Trd, 000031.383, 141
Trd, 000032.217, 161
Trd, 000032.367, 166
Trd, 000032.867, 150
Trd, 000033.050, 151
Trd, 000033.150, 158
Trd, 000033.533, 154
Trd, 000033.850, 155
Trd, 000035.217, 154
Trd, 000035.850, 148
Trd, 000036.400, 153
Trd, 000036.900, 152
Trd, 000036.933, 180
Trd, 000037.450, 152
Trd, 000038.183, 151
Trd, 000038.733, 151
Trd, 000038.867, 152
Trd, 000040.000, 155
Trd, 000040.233, 154
Trd, 000040.833, 154
Trd, 000041.350, 153
Trd, 000041.733, 156
Trd, 000042.017, 159
Trd, 000042.483, 148
Trd, 000042.650, 155
Trd, 000042.700, 148
Trd, 000043.983, 152
Trd, 000044.067, 153
Trd, 000045.883, 147
Trd, 000046.017, 144
Trd, 000046.500, 151
Trd, 000046.517, 152
Trd, 000046.733, 138
Trd, 000047.050, 112
Trd, 000047.067, 151
Trd, 000049.500, 149
Trd, 000049.733, 149
Trd, 000049.967, 149
Trd, 000050.600, 153
Trd, 000050.917, 156
Trd, 000051.567, 154
Trd, 000052.283, 157
Trd, 000052.300, 163
Trd, 000052.383, 157
Trd, 000053.133, 158
Trd, 000053.733, 156
Trd, 000054.800, 175
Trd, 000054.883, 153
Trd, 000055.067, 152
Trd, 000056.283, 155
Trd, 000056.317, 160
Trd, 000056.833, 150
Trd, 000057.000, 160
Trd, 000057.500, 158
Trd, 000057.783, 159
Trd, 000058.950, 161
Trd, 000059.150, 158
Trd, 000060.650, 157
Trd, 000061.833, 159
Trd, 000062.733, 156
Trd, 000063.683, 154
Trd, 000064.067, 156
Trd, 000064.367, 155
Trd, 000064.417, 153
Trd, 000064.633, 154
Trd, 000065.550, 156
Trd, 000066.167, 157
Trd, 000066.717, 155
Trd, 000066.800, 152
Trd, 000067.933, 153
Trd, 000068.150, 150
Trd, 000069.317, 152
Trd, 000069.583, 152
Trd, 000069.733, 150
Trd, 000070.083, 158
Trd, 000070.317, 158
Trd, 000070.533, 155
Trd, 000070.583, 162
Trd, 000070.767, 165
Trd, 000071.317, 155
Trd, 000071.467, 156
Trd, 000071.750, 181
Trd, 000071.917, 147
Trd, 000072.867, 158
Trd, 000073.250, 158
Trd, 000073.567, 151
Trd, 000074.500, 146
Trd, 000075.117, 154
Trd, 000075.500, 155
Trd, 000076.350, 155
Trd, 000076.383, 157
Trd, 000076.700, 154
Trd, 000076.817, 153
Trd, 000077.050, 162
Trd, 000077.517, 163
Trd, 000079.417, 157
Trd, 000079.767, 164
Trd, 000080.233, 156
Trd, 000080.883, 162
Trd, 000081.083, 155
Trd, 000082.467, 160
Trd, 000083.367, 159
Trd, 000083.383, 158
Trd, 000083.950, 160
Trd, 000084.283, 159
Trd, 000084.800, 161
Trd, 000085.667, 161
Trd, 000085.683, 159
Trd, 000086.183, 162
Trd, 000086.450, 156
Trd, 000086.750, 163
Trd, 000087.883, 160
Trd, 000088.383, 158
Trd, 000088.400, 157
Trd, 000088.600, 158
Trd, 000089.283, 160
Trd, 000090.033, 159
Trd, 000090.200, 157
Trd, 000090.950, 162
Trd, 000091.433, 164
Trd, 000091.617, 185
Trd, 000092.500, 160
Trd, 000092.583, 152
Trd, 000093.900, 164
Trd, 000094.267, 161
Trd, 000094.483, 160
Trd, 000095.183, 160
Trd, 000097.083, 161
Trd, 000097.100, 160
Trd, 000097.317, 160
Trd, 000097.367, 161
Trd, 000098.100, 159
Trd, 000098.133, 160
Trd, 000098.217, 161
Trd, 000098.500, 160
Trd, 000098.783, 165
Trd, 000099.083, 158
Trd, 000101.017, 158
Trd, 000101.450, 162
Trd, 000102.033, 163
Trd, 000103.300, 161
Trd, 000103.400, 163
Trd, 000104.350, 159
Trd, 000104.383, 158
Trd, 000104.400, 166
Trd, 000104.467, 158
Trd, 000104.883, 168
Trd, 000105.450, 186
Trd, 000106.517, 164
Trd, 000107.717, 163
Trd, 000108.033, 165
Trd, 000108.900, 163
Trd, 000109.167, 162
Trd, 000109.283, 161
Trd, 000109.483, 165
Trd, 000111.133, 163
Trd, 000111.283, 165
Trd, 000111.433, 161
Trd, 000111.617, 159
Trd, 000111.883, 159
Trd, 000111.950, 159
Trd, 000112.067, 163
Trd, 000112.467, 154
Trd, 000113.017, 159
Trd, 000113.600, 163
Trd, 000114.467, 153
Trd, 000114.750, 161
Trd, 000115.367, 151
Trd, 000116.050, 159
Trd, 000116.483, 159
Trd, 000118.283, 160
Trd, 000118.617, 159
Trd, 000118.683, 162
Trd, 000119.183, 156
Trd, 000119.267, 156
Trd, 000120.033, 161
Trd, 000120.150, 164
Trd, 000120.533, 155
Trd, 000120.950, 167
Trd, 000121.067, 169
Trd, 000121.533, 164
Trd, 000121.800, 154
Trd, 000123.650, 162
Trd, 000124.767, 161
Trd, 000125.550, 162
Trd, 000125.633, 161
Trd, 000125.883, 160
Trd, 000126.767, 161
Trd, 000127.383, 160
Trd, 000127.633, 159
Trd, 000128.433, 162
Trd, 000128.550, 155
Trd, 000128.750, 168
Trd, 000129.183, 161
Trd, 000129.917, 164
Trd, 000130.067, 188
Trd, 000131.783, 166
Trd, 000131.900, 172
Trd, 000132.167, 166
Trd, 000132.400, 172
Trd, 000132.533, 171
Trd, 000133.317, 167
Trd, 000134.300, 167
Trd, 000134.500, 166
Trd, 000135.283, 165
Trd, 000135.383, 161
Trd, 000136.167, 166
Trd, 000136.567, 167
Trd, 000137.283, 159
Trd, 000137.833, 163
Trd, 000138.667, 162
Trd, 000138.783, 163
Trd, 000138.933, 166
Trd, 000139.300, 167
Trd, 000139.950, 172
Trd, 000141.333, 169
Trd, 000141.583, 168
Trd, 000142.100, 171
Trd, 000142.550, 167
Trd, 000143.850, 169
Trd, 000144.550, 169
Trd, 000145.050, 169
Trd, 000145.833, 166
Trd, 000146.300, 166
Trd, 000147.517, 163
Trd, 000147.800, 166
Trd, 000148.083, 167
Trd, 000148.617, 170
Trd, 000148.733, 171
Trd, 000149.217, 171
Trd, 000149.700, 170
Trd, 000150.100, 171
Trd, 000151.267, 175
Trd, 000152.433, 171
Trd, 000152.567, 172
Trd, 000152.633, 169
Trd, 000152.750, 168
Trd, 000153.850, 166
Trd, 000155.050, 163
Trd, 000155.317, 165
Trd, 000155.400, 158
Trd, 000156.067, 164
Trd, 000158.150, 167
Trd, 000158.317, 163
Trd, 000158.683, 167
Trd, 000159.133, 166
Trd, 000159.733, 166
Trd, 000160.017, 163
Trd, 000160.133, 164
Trd, 000160.617, 165
Trd, 000160.933, 165
Trd, 000161.450, 166
Trd, 000161.833, 159
Trd, 000162.450, 166
Trd, 000162.600, 167
Trd, 000162.783, 163
Trd, 000164.117, 167
Trd, 000164.250, 163
Trd, 000165.100, 163
Trd, 000165.467, 164
Trd, 000165.567, 162
Trd, 000166.183, 174
Trd, 000166.650, 160
Trd, 000167.217, 157
Trd, 000167.283, 165
Trd, 000167.400, 170
Trd, 000168.400, 171
Trd, 000169.567, 168
Trd, 000169.783, 170
Trd, 000171.933, 170
Trd, 000172.550, 171
Trd, 000173.183, 171
Trd, 000173.400, 171
Trd, 000173.700, 168
Trd, 000174.183, 168
Trd, 000174.200, 165
Trd, 000174.367, 169
Trd, 000176.450, 165
Trd, 000176.467, 161
Trd, 000176.733, 161
Trd, 000177.183, 166
Trd, 000177.750, 168
Trd, 000179.500, 163
Trd, 000179.700, 166
Trd, 000180.200, 167
Trd, 000180.833, 166
Trd, 000181.417, 166
Trd, 000181.767, 164
Trd, 000182.567, 165
Trd, 000184.283, 165
Trd, 000184.633, 166
Trd, 000185.100, 165
Trd, 000185.350, 163
Trd, 000185.383, 161
Trd, 000185.567, 165
Trd, 000185.633, 163
Trd, 000185.933, 167
Trd, 000186.433, 169
Trd, 000186.800, 166
Trd, 000186.967, 167
Trd, 000187.383, 162
Trd, 000187.550, 162
Trd, 000189.983, 162
Trd, 000190.367, 166
Trd, 000190.400, 168
Trd, 000191.750, 166
Trd, 000191.800, 166
Trd, 000192.233, 166
Trd, 000192.967, 163
Trd, 000193.300, 162
Trd, 000193.650, 162
Trd, 000193.733, 166
Trd, 000193.833, 161
Trd, 000194.150, 169
Trd, 000194.167, 159
Trd, 000194.467, 174
Trd, 000195.167, 173
Trd, 000196.233, 167
Trd, 000196.433, 171
Trd, 000196.700, 171
Trd, 000196.733, 165
Trd, 000198.417, 173
Trd, 000199.083, 172
Trd, 000199.367, 174
Trd, 000199.650, 178
Trd, 000200.200, 171
Trd, 000200.333, 195
Trd, 000200.683, 170
Trd, 000201.233, 172
Trd, 000201.833, 172
Trd, 000203.400, 171
Trd, 000204.017, 172
Trd, 000204.317, 168
Trd, 000204.800, 171
Trd, 000205.050, 168
Trd, 000205.100, 168
Trd, 000205.750, 168
Trd, 000205.983, 169
Trd, 000206.900, 168
Trd, 000207.683, 165
Trd, 000208.050, 164
Trd, 000208.583, 167
Trd, 000209.250, 163
Trd, 000209.833, 169
Trd, 000210.300, 170
Trd, 000210.600, 173
Trd, 000211.067, 197
Trd, 000211.300, 170
Trd, 000211.733, 176
Trd, 000212.483, 172
Trd, 000213.983, 174
Trd, 000214.267, 174
Trd, 000215.100, 174
Trd, 000215.150, 173
Trd, 000215.283, 174
Trd, 000215.550, 175
Trd, 000216.300, 176
Trd, 000216.850, 175
Trd, 000217.917, 176
Trd, 000217.950, 170
Trd, 000218.817, 177
Trd, 000219.617, 178
Trd, 000219.900, 177
Trd, 000220.433, 177
Trd, 000220.633, 174
Trd, 000221.050, 174
Trd, 000221.617, 174
Trd, 000221.917, 173
Trd, 000222.967, 173
Trd, 000223.500, 177
Trd, 000223.600, 178
Trd, 000224.317, 180
Trd, 000224.517, 173
Trd, 000225.333, 208
Trd, 000225.600, 175
Trd, 000225.783, 185
Trd, 000226.333, 174
Trd, 000226.600, 173
Trd, 000226.750, 184
Trd, 000227.733, 171
Trd, 000227.933, 166
Trd, 000228.033, 172
Trd, 000228.150, 176
Trd, 000229.583, 172
Trd, 000230.350, 174
Trd, 000230.933, 173
Trd, 000231.483, 172
Trd, 000232.617, 170
Trd, 000233.117, 157
Trd, 000233.367, 171
Trd, 000234.350, 170
Trd, 000234.617, 171
Trd, 000235.017, 169
Trd, 000235.533, 172
Trd, 000235.733, 174
Trd, 000236.217, 174
Trd, 000236.583, 172
Trd, 000236.600, 175
Trd, 000236.650, 169
Trd, 000237.217, 173
Trd, 000237.667, 178
Trd, 000239.500, 172
Trd, 000240.250, 172
Trd, 000240.367, 174
Trd, 000240.450, 173
Trd, 000240.867, 172
Trd, 000241.000, 171
Trd, 000241.217, 167
Trd, 000241.583, 174
Trd, 000241.783, 175
Trd, 000242.500, 174
Trd, 000243.167, 170
Trd, 000243.333, 175
Trd, 000243.683, 172
Trd, 000244.200, 152
Trd, 000244.250, 174
Trd, 000244.517, 175
Trd, 000245.050, 182
Trd, 000245.167, 173
Trd, 000245.683, 174
Trd, 000245.767, 177
Trd, 000245.883, 174
Trd, 000246.433, 173
Trd, 000246.733, 200
Trd, 000246.983, 188
Trd, 000247.133, 187
Trd, 000247.767, 173
Trd, 000248.167, 180
Trd, 000248.800, 174
Trd, 000249.450, 167
Trd, 000249.767, 167
Trd, 000249.900, 167
Trd, 000250.450, 164
Trd, 000250.817, 162
Trd, 000251.200, 169
Trd, 000251.533, 168
Trd, 000251.567, 166
Trd, 000251.783, 168
Trd, 000251.950, 169
Trd, 000251.967, 170
Trd, 000252.300, 176
Trd, 000252.867, 173
Trd, 000253.250, 173
Trd, 000254.017, 178
Trd, 000254.150, 177
Trd, 000254.550, 180
Trd, 000255.450, 179
Trd, 000255.567, 176
Trd, 000256.400, 182
Trd, 000256.783, 181
Trd, 000256.800, 183
Trd, 000256.950, 172
Trd, 000257.333, 174
Trd, 000257.617, 177
Trd, 000258.800, 183
Trd, 000259.050, 180
Trd, 000259.150, 181
Trd, 000259.833, 181
Trd, 000260.133, 179
Trd, 000260.650, 181
Trd, 000261.067, 179
Trd, 000261.350, 178
Trd, 000261.967, 174
Trd, 000262.283, 172
Trd, 000262.567, 173
Trd, 000262.767, 177
Trd, 000263.083, 169
Trd, 000263.833, 172
Trd, 000264.900, 174
Trd, 000264.933, 178
Trd, 000265.433, 175
Trd, 000266.133, 176
Trd, 000266.167, 177
Trd, 000266.350, 174
Trd, 000266.483, 178
Trd, 000266.717, 169
Trd, 000268.183, 177
Trd, 000268.267, 177
Trd, 000269.150, 172
Trd, 000269.617, 173
Trd, 000270.300, 177
Trd, 000270.433, 171
Trd, 000270.867, 168
Trd, 000271.067, 169
Trd, 000271.533, 168
Trd, 000271.617, 167
Trd, 000271.800, 170
Trd, 000271.983, 174
Trd, 000272.167, 175
Trd, 000272.183, 166
Trd, 000273.567, 172
Trd, 000273.617, 175
Trd, 000274.050, 167
Trd, 000274.400, 170
Trd, 000274.500, 173
Trd, 000274.917, 174
Trd, 000275.233, 169
Trd, 000275.450, 168
Trd, 000276.217, 167
Trd, 000276.517, 169
Trd, 000276.700, 167
Trd, 000277.517, 166
Trd, 000277.667, 176
Trd, 000278.083, 173
Trd, 000278.583, 174
Trd, 000279.767, 173
Trd, 000280.550, 175
Trd, 000280.850, 174
Trd, 000281.333, 174
Trd, 000281.517, 175
Trd, 000282.183, 173
Trd, 000282.217, 175
Trd, 000282.533, 171
Trd, 000283.383, 174
Trd, 000284.350, 173
Trd, 000284.467, 173
Trd, 000284.733, 172
Trd, 000284.883, 176
Trd, 000285.300, 186
Trd, 000285.483, 189
Trd, 000285.883, 179
Trd, 000286.017, 174
Trd, 000286.417, 177
Trd, 000286.983, 187
Trd, 000287.267, 196
Trd, 000287.767, 177
Trd, 000288.383, 182
Trd, 000288.550, 180
Trd, 000288.933, 173
Trd, 000289.583, 176
Trd, 000289.950, 179
Trd, 000290.083, 171
Trd, 000290.567, 187
Trd, 000290.883, 169
Trd, 000291.733, 193
Trd, 000292.017, 192
Trd, 000292.267, 198
Trd, 000292.783, 186
Trd, 000292.967, 191
Trd, 000293.067, 197
Trd, 000293.317, 185
Trd, 000293.350, 199
Trd, 000294.283, 199
Trd, 000294.333, 187
Trd, 000295.117, 181
Trd, 000295.333, 180
Trd, 000295.917, 180
Trd, 000296.533, 184
Trd, 000297.183, 185
Trd, 000297.200, 195
Trd, 000298.250, 193
Trd, 000298.633, 187
Trd, 000298.933, 187
Trd, 000299.100, 186
Trd, 000299.717, 178
