Trd, 000002.917, 126
Trd, 000003.983, 151
Trd, 000004.150, 164
Trd, 000004.650, 153
Trd, 000005.233, 158
Trd, 000005.383, 150
Trd, 000005.750, 167
Trd, 000006.133, 166
Trd, 000007.550, 161
Trd, 000007.733, 174
Trd, 000008.017, 165
Trd, 000008.467, 167
Trd, 000008.500, 166
Trd, 000009.217, 143
Trd, 000010.133, 169
Trd, 000010.517, 169
Trd, 000011.550, 167
Trd, 000012.550, 161
Trd, 000012.933, 160
Trd, 000013.667, 160
Trd, 000015.067, 163
Trd, 000015.333, 158
Trd, 000016.033, 163
Trd, 000016.650, 157
Trd, 000016.950, 157
Trd, 000017.450, 161
Trd, 000018.083, 159
Trd, 000019.283, 160
Trd, 000020.033, 161
Trd, 000020.683, 162
Trd, 000020.867, 162
Trd, 000021.283, 158
Trd, 000022.800, 163
Trd, 000023.683, 167
Trd, 000024.533, 165
Trd, 000024.600, 164
Trd, 000024.917, 168
Trd, 000025.583, 165
Trd, 000025.750, 166
Trd, 000026.200, 159
Trd, 000026.433, 164
Trd, 000027.567, 159
Trd, 000027.633, 160
Trd, 000028.517, 157
Trd, 000028.917, 156
Trd, 000028.967, 158
Trd, 000029.483, 158
Trd, 000030.317, 158
Trd, 000031.083, 138
Trd, 000031.550, 142
Trd, 000031.883, 143
Trd, 000032.450, 145
Trd, 000033.500, 144
Trd, 000034.250, 145
Trd, 000034.950, 145
Trd, 000035.700, 168
Trd, 000036.050, 151
Trd, 000036.850, 156
Trd, 000037.667, 157
Trd, 000038.317, 155
Trd, 000038.700, 157
Trd, 000039.150, 161
Trd, 000039.200, 155
Trd, 000041.433, 156
Trd, 000042.217, 157
Trd, 000042.533, 156
Trd, 000042.800, 157
Trd, 000042.867, 159
Trd, 000043.300, 160
Trd, 000043.317, 160
Trd, 000044.283, 161
Trd, 000045.067, 158
Trd, 000045.450, 160
Trd, 000045.917, 160
Trd, 000046.600, 162
Trd, 000047.950, 159
Trd, 000049.383, 159
Trd, 000049.700, 162
Trd, 000050.933, 160
Trd, 000051.533, 159
Trd, 000051.950, 160
Trd, 000052.100, 159
Trd, 000052.600, 158
Trd, 000054.350, 159
Trd, 000054.917, 161
Trd, 000055.167, 157
Trd, 000055.450, 163
Trd, 000056.300, 163
Trd, 000056.583, 165
Trd, 000057.550, 156
Trd, 000058.333, 166
Trd, 000059.567, 162
Trd, 000060.550, 162
Trd, 000060.917, 159
Trd, 000061.350, 165
Trd, 000061.383, 167
Trd, 000062.550, 165
Trd, 000063.183, 164
Trd, 000063.600, 163
Trd, 000063.717, 164
Trd, 000065.700, 164
Trd, 000065.950, 166
Trd, 000066.517, 163
Trd, 000066.733, 171
Trd, 000067.367, 169
Trd, 000067.817, 163
Trd, 000068.717, 162
Trd, 000070.000, 158
Trd, 000070.667, 156
Trd, 000070.817, 148
Trd, 000071.700, 160
Trd, 000073.250, 157
Trd, 000073.367, 158
Trd, 000073.617, 151
Trd, 000074.783, 155
Trd, 000075.100, 158
Trd, 000076.250, 156
Trd, 000076.667, 153
Trd, 000077.600, 159
Trd, 000078.550, 158
Trd, 000078.583, 161
Trd, 000080.200, 161
Trd, 000082.117, 162
Trd, 000082.633, 160
Trd, 000083.617, 159
Trd, 000084.367, 162
Trd, 000084.450, 158
Trd, 000084.917, 158
Trd, 000085.833, 162
Trd, 000086.167, 159
Trd, 000086.583, 163
Trd, 000086.833, 160
Trd, 000087.333, 159
Trd, 000087.883, 162
Trd, 000088.317, 159
Trd, 000090.333, 160
Trd, 000091.450, 159
Trd, 000092.250, 160
Trd, 000093.167, 158
Trd, 000093.217, 160
Trd, 000093.433, 157
Trd, 000093.733, 160
Trd, 000093.900, 161
Trd, 000094.283, 162
Trd, 000094.367, 164
Trd, 000096.000, 184
Trd, 000096.600, 184
Trd, 000097.250, 179
Trd, 000098.733, 184
Trd, 000099.267, 181
Trd, 000099.433, 177
Trd, 000099.450, 182
Trd, 000099.533, 176
Trd, 000099.933, 171
Trd, 000100.000, 166
Trd, 000101.367, 146
Trd, 000101.683, 141
Trd, 000103.950, 169
Trd, 000104.583, 162
Trd, 000104.667, 160
Trd, 000105.567, 156
Trd, 000105.767, 156
Trd, 000105.817, 157
Trd, 000106.117, 157
Trd, 000107.183, 164
Trd, 000108.300, 163
Trd, 000109.017, 164
Trd, 000109.433, 163
Trd, 000109.733, 160
Trd, 000109.933, 165
Trd, 000110.300, 162
Trd, 000111.283, 159
Trd, 000112.067, 165
Trd, 000112.200, 160
Trd, 000112.433, 166
Trd, 000114.133, 162
Trd, 000114.450, 163
Trd, 000115.717, 161
Trd, 000115.983, 152
Trd, 000116.350, 142
Trd, 000117.250, 162
Trd, 000118.550, 163
Trd, 000119.667, 162
Trd, 000120.350, 163
Trd, 000120.867, 165
Trd, 000121.867, 164
Trd, 000121.950, 165
Trd, 000122.083, 158
Trd, 000122.217, 165
Trd, 000123.083, 160
Trd, 000123.450, 159
Trd, 000124.833, 159
Trd, 000125.033, 158
Trd, 000125.100, 161
Trd, 000125.650, 163
Trd, 000127.267, 167
Trd, 000130.000, 163
Trd, 000130.650, 164
Trd, 000131.117, 165
Trd, 000131.650, 165
Trd, 000131.717, 165
Trd, 000131.950, 162
Trd, 000132.300, 167
Trd, 000132.467, 167
Trd, 000133.233, 178
Trd, 000133.383, 192
Trd, 000135.017, 171
Trd, 000135.750, 170
Trd, 000136.350, 175
Trd, 000138.117, 174
Trd, 000138.300, 173
Trd, 000138.600, 171
Trd, 000139.117, 172
Trd, 000139.150, 170
Trd, 000139.250, 154
Trd, 000139.817, 163
Trd, 000140.500, 165
Trd, 000141.367, 165
Trd, 000141.400, 162
Trd, 000142.633, 160
Trd, 000143.550, 164
Trd, 000143.600, 165
Trd, 000144.217, 157
Trd, 000144.583, 169
Trd, 000144.667, 170
Trd, 000145.650, 170
Trd, 000146.850, 179
Trd, 000148.200, 174
Trd, 000148.250, 179
Trd, 000148.367, 172
Trd, 000148.483, 170
Trd, 000148.883, 180
Trd, 000149.450, 170
Trd, 000152.533, 170
Trd, 000152.717, 170
Trd, 000152.983, 172
Trd, 000155.000, 170
Trd, 000155.033, 169
Trd, 000155.167, 168
Trd, 000155.333, 167
Trd, 000156.150, 170
Trd, 000156.233, 171
Trd, 000156.633, 156
Trd, 000157.250, 166
Trd, 000157.767, 169
Trd, 000157.950, 151
Trd, 000158.317, 170
Trd, 000158.817, 164
Trd, 000159.033, 151
Trd, 000160.617, 155
Trd, 000161.600, 164
Trd, 000163.233, 161
Trd, 000163.950, 165
Trd, 000164.217, 161
Trd, 000165.167, 163
Trd, 000165.183, 168
Trd, 000165.567, 167
Trd, 000166.467, 164
Trd, 000167.517, 163
Trd, 000168.383, 162
Trd, 000169.050, 169
Trd, 000170.017, 163
Trd, 000170.233, 164
Trd, 000170.583, 162
Trd, 000171.483, 164
Trd, 000171.717, 170
Trd, 000172.317, 163
Trd, 000172.483, 162
Trd, 000172.900, 167
Trd, 000173.033, 168
Trd, 000173.467, 168
Trd, 000174.917, 172
Trd, 000175.750, 165
Trd, 000177.000, 167
Trd, 000177.300, 168
Trd, 000177.517, 169
Trd, 000179.283, 169
Trd, 000179.483, 168
Trd, 000180.117, 182
Trd, 000181.583, 175
Trd, 000181.600, 176
Trd, 000182.183, 180
Trd, 000182.400, 191
Trd, 000182.867, 173
Trd, 000183.400, 172
Trd, 000186.083, 177
Trd, 000186.250, 176
Trd, 000186.867, 177
Trd, 000187.683, 175
Trd, 000188.233, 174
Trd, 000188.350, 174
Trd, 000188.867, 175
Trd, 000189.567, 174
Trd, 000189.933, 176
Trd, 000190.167, 177
Trd, 000190.200, 174
Trd, 000191.200, 176
Trd, 000191.700, 178
Trd, 000192.017, 174
Trd, 000192.550, 171
Trd, 000192.617, 171
Trd, 000193.117, 175
Trd, 000194.667, 170
Trd, 000194.867, 163
Trd, 000196.850, 170
Trd, 000197.333, 170
Trd, 000199.383, 170
Trd, 000199.667, 171
Trd, 000200.617, 171
Trd, 000200.633, 169
Trd, 000200.750, 171
Trd, 000201.583, 173
Trd, 000201.867, 172
Trd, 000203.450, 174
Trd, 000203.500, 175
Trd, 000203.700, 172
Trd, 000204.333, 172
Trd, 000205.650, 176
Trd, 000208.417, 175
Trd, 000209.217, 177
Trd, 000209.383, 179
Trd, 000209.650, 183
Trd, 000210.017, 177
Trd, 000211.683, 181
Trd, 000211.950, 182
Trd, 000213.067, 182
Trd, 000213.767, 180
Trd, 000214.283, 182
Trd, 000214.483, 183
Trd, 000215.150, 177
Trd, 000215.783, 184
Trd, 000217.933, 180
Trd, 000218.017, 181
Trd, 000219.950, 181
Trd, 000220.350, 182
Trd, 000220.450, 181
Trd, 000220.800, 182
Trd, 000221.250, 185
Trd, 000221.300, 180
Trd, 000221.600, 187
Trd, 000224.133, 178
Trd, 000224.333, 163
Trd, 000224.717, 170
Trd, 000225.467, 176
Trd, 000225.617, 177
Trd, 000226.283, 174
Trd, 000226.333, 173
Trd, 000227.867, 176
Trd, 000229.400, 175
Trd, 000229.583, 175
Trd, 000229.733, 173
Trd, 000229.783, 162
Trd, 000229.867, 178
Trd, 000233.133, 181
Trd, 000233.283, 180
Trd, 000233.400, 181
Trd, 000234.217, 182
Trd, 000234.633, 180
Trd, 000235.717, 178
Trd, 000237.033, 181
Trd, 000237.633, 176
Trd, 000238.500, 177
Trd, 000238.817, 179
Trd, 000239.317, 173
Trd, 000239.917, 165
Trd, 000240.533, 176
Trd, 000240.667, 164
Trd, 000240.883, 162
Trd, 000241.883, 163
Trd, 000241.933, 163
Trd, 000241.967, 166
Trd, 000242.317, 159
Trd, 000242.850, 158
Trd, 000243.067, 159
Trd, 000243.167, 163
Trd, 000243.750, 167
Trd, 000244.350, 165
Trd, 000244.433, 166
Trd, 000244.700, 169
Trd, 000245.150, 163
Trd, 000245.500, 164
Trd, 000246.183, 168
Trd, 000246.717, 167
Trd, 000246.933, 175
Trd, 000248.350, 177
Trd, 000248.833, 176
Trd, 000248.967, 183
Trd, 000249.100, 184
Trd, 000249.567, 179
Trd, 000249.600, 186
Trd, 000249.917, 178
Trd, 000250.367, 178
Trd, 000251.217, 166
Trd, 000251.550, 177
Trd, 000252.050, 171
Trd, 000253.600, 162
Trd, 000254.117, 159
Trd, 000254.217, 160
Trd, 000254.417, 164
Trd, 000255.350, 161
Trd, 000255.567, 163
Trd, 000256.200, 160
Trd, 000256.333, 163
Trd, 000256.633, 159
Trd, 000256.667, 168
Trd, 000256.900, 168
Trd, 000257.500, 165
Trd, 000257.617, 157
Trd, 000258.100, 167
Trd, 000258.200, 169
Trd, 000258.400, 169
Trd, 000259.600, 171
Trd, 000260.183, 168
Trd, 000261.150, 169
Trd, 000261.300, 171
Trd, 000262.200, 167
Trd, 000262.367, 172
Trd, 000262.383, 168
Trd, 000262.783, 167
Trd, 000263.850, 178
Trd, 000265.033, 177
Trd, 000265.417, 177
Trd, 000265.450, 180
Trd, 000265.483, 176
Trd, 000266.233, 176
Trd, 000266.433, 179
Trd, 000266.967, 176
Trd, 000267.233, 174
Trd, 000267.383, 173
Trd, 000267.733, 172
Trd, 000269.133, 173
Trd, 000269.400, 173
Trd, 000269.817, 173
Trd, 000269.967, 176
Trd, 000270.100, 177
Trd, 000270.533, 168
Trd, 000270.733, 172
Trd, 000271.267, 172
Trd, 000271.617, 171
Trd, 000271.783, 172
Trd, 000272.350, 170
Trd, 000273.367, 177
Trd, 000273.400, 175
Trd, 000273.567, 178
Trd, 000273.817, 179
Trd, 000274.417, 178
Trd, 000274.783, 174
Trd, 000275.583, 172
Trd, 000276.017, 174
Trd, 000276.150, 180
Trd, 000276.783, 170
Trd, 000278.017, 166
Trd, 000278.467, 167
Trd, 000278.667, 168
Trd, 000278.817, 174
Trd, 000278.867, 181
Trd, 000280.200, 175
Trd, 000280.467, 181
Trd, 000280.717, 183
Trd, 000281.050, 179
Trd, 000281.117, 185
Trd, 000281.683, 181
Trd, 000281.933, 178
Trd, 000282.050, 177
Trd, 000282.133, 190
Trd, 000282.433, 184
Trd, 000283.433, 176
Trd, 000283.933, 176
Trd, 000284.467, 184
Trd, 000284.833, 183
Trd, 000285.167, 171
Trd, 000285.750, 184
Trd, 000286.033, 179
Trd, 000286.100, 183
Trd, 000287.067, 178
Trd, 000287.300, 178
Trd, 000287.667, 184
Trd, 000287.750, 185
Trd, 000289.100, 180
Trd, 000289.600, 178
Trd, 000289.650, 181
Trd, 000289.717, 182
Trd, 000289.850, 183
Trd, 000290.183, 177
Trd, 000290.233, 184
Trd, 000291.483, 182
Trd, 000291.700, 177
Trd, 000291.850, 176
Trd, 000292.850, 194
Trd, 000292.917, 184
Trd, 000293.483, 183
Trd, 000294.133, 185
Trd, 000294.250, 180
Trd, 000294.417, 171
Trd, 000294.500, 191
Trd, 000294.750, 190
Trd, 000294.883, 170
Trd, 000295.867, 180
Trd, 000296.400, 171
Trd, 000296.883, 184
Trd, 000297.517, 166
