Trd, 000001.517, 172
Trd, 000002.133, 140
Trd, 000003.283, 147
Trd, 000003.483, 146
Trd, 000004.300, 134
Trd, 000005.233, 142
Trd, 000006.317, 145
Trd, 000007.150, 143
Trd, 000007.467, 149
Trd, 000008.267, 150
Trd, 000008.867, 145
Trd, 000010.233, 144
Trd, 000010.467, 156
Trd, 000010.667, 150
Trd, 000011.600, 150
Trd, 000011.967, 150
Trd, 000012.250, 145
Trd, 000012.767, 151
Trd, 000014.133, 148
Trd, 000014.467, 147
Trd, 000015.417, 151
Trd, 000015.750, 149
Trd, 000016.117, 150
Trd, 000016.700, 152
Trd, 000017.183, 150
Trd, 000018.150, 151
Trd, 000018.400, 152
Trd, 000018.533, 153
Trd, 000019.083, 154
Trd, 000020.300, 153
Trd, 000021.517, 152
Trd, 000022.483, 153
Trd, 000022.617, 153
Trd, 000023.517, 154
Trd, 000023.950, 156
Trd, 000025.483, 154
Trd, 000025.600, 152
Trd, 000026.200, 150
Trd, 000027.200, 151
Trd, 000027.633, 150
Trd, 000027.900, 152
Trd, 000028.517, 152
Trd, 000028.950, 153
Trd, 000030.417, 154
Trd, 000031.733, 154
Trd, 000031.833, 153
Trd, 000032.133, 149
Trd, 000033.050, 154
Trd, 000034.867, 151
Trd, 000035.283, 149
Trd, 000035.567, 150
Trd, 000037.050, 150
Trd, 000037.817, 150
Trd, 000038.600, 151
Trd, 000038.917, 151
Trd, 000039.667, 151
Trd, 000039.733, 151
Trd, 000040.433, 151
Trd, 000040.917, 151
Trd, 000041.433, 152
Trd, 000042.917, 151
Trd, 000043.067, 152
Trd, 000044.650, 150
Trd, 000045.367, 150
Trd, 000045.517, 150
Trd, 000045.983, 179
Trd, 000046.383, 156
Trd, 000046.550, 158
Trd, 000047.433, 158
Trd, 000048.233, 153
Trd, 000048.767, 153
Trd, 000049.717, 153
Trd, 000049.917, 154
Trd, 000051.283, 153
Trd, 000051.700, 154
Trd, 000052.250, 154
Trd, 000052.400, 152
Trd, 000053.217, 152
Trd, 000053.600, 152
Trd, 000055.300, 152
Trd, 000056.850, 151
Trd, 000056.967, 152
Trd, 000056.983, 150
Trd, 000057.783, 153
Trd, 000058.583, 148
Trd, 000059.300, 150
Trd, 000059.467, 151
Trd, 000061.867, 152
Trd, 000061.983, 154
Trd, 000062.817, 151
Trd, 000063.500, 150
Trd, 000064.167, 152
Trd, 000064.667, 149
Trd, 000065.767, 151
Trd, 000067.033, 152
Trd, 000067.200, 151
Trd, 000068.683, 155
Trd, 000068.783, 153
Trd, 000069.133, 152
Trd, 000069.333, 154
Trd, 000069.633, 153
Trd, 000070.717, 153
Trd, 000070.817, 154
Trd, 000071.800, 153
Trd, 000072.483, 154
Trd, 000073.133, 153
Trd, 000073.383, 153
Trd, 000074.167, 153
Trd, 000074.333, 156
Trd, 000074.517, 156
Trd, 000074.917, 151
Trd, 000076.067, 150
Trd, 000076.200, 156
Trd, 000076.267, 150
Trd, 000078.200, 156
Trd, 000078.767, 152
Trd, 000080.350, 154
Trd, 000080.550, 155
Trd, 000080.567, 157
Trd, 000080.783, 159
Trd, 000080.867, 153
Trd, 000081.917, 154
Trd, 000082.583, 154
Trd, 000082.900, 155
Trd, 000083.300, 155
Trd, 000083.417, 156
Trd, 000085.017, 154
Trd, 000085.200, 156
Trd, 000085.767, 153
Trd, 000086.167, 156
Trd, 000086.817, 155
Trd, 000087.017, 155
Trd, 000088.533, 155
Trd, 000088.983, 155
Trd, 000089.433, 157
Trd, 000090.717, 159
Trd, 000090.767, 159
Trd, 000091.367, 158
Trd, 000091.967, 157
Trd, 000093.133, 158
Trd, 000093.550, 159
Trd, 000093.633, 160
Trd, 000093.800, 157
Trd, 000095.783, 159
Trd, 000096.183, 160
Trd, 000096.400, 155
Trd, 000097.117, 160
Trd, 000098.217, 155
Trd, 000098.767, 159
Trd, 000098.850, 161
Trd, 000101.800, 159
Trd, 000101.883, 158
Trd, 000102.783, 156
Trd, 000102.883, 155
Trd, 000103.417, 157
Trd, 000103.733, 154
Trd, 000103.750, 165
Trd, 000104.467, 161
Trd, 000104.600, 160
Trd, 000105.867, 154
Trd, 000105.900, 157
Trd, 000106.500, 157
Trd, 000106.917, 157
Trd, 000106.950, 156
Trd, 000107.283, 152
Trd, 000107.783, 153
Trd, 000108.333, 153
Trd, 000109.167, 152
Trd, 000109.400, 153
Trd, 000109.450, 153
Trd, 000109.483, 162
Trd, 000110.683, 153
Trd, 000111.833, 165
Trd, 000113.983, 156
Trd, 000114.550, 155
Trd, 000115.117, 154
Trd, 000115.533, 156
Trd, 000115.633, 156
Trd, 000116.050, 158
Trd, 000116.833, 162
Trd, 000117.667, 162
Trd, 000117.800, 184
Trd, 000118.183, 168
Trd, 000118.650, 158
Trd, 000120.733, 167
Trd, 000121.383, 163
Trd, 000122.133, 162
Trd, 000122.167, 163
Trd, 000122.233, 162
Trd, 000122.417, 161
Trd, 000122.900, 162
Trd, 000123.683, 156
Trd, 000124.767, 154
Trd, 000124.933, 158
Trd, 000125.167, 159
Trd, 000125.833, 161
Trd, 000126.833, 159
Trd, 000127.500, 160
Trd, 000128.417, 160
Trd, 000129.167, 160
Trd, 000129.267, 161
Trd, 000129.400, 159
Trd, 000129.600, 164
Trd, 000129.983, 168
Trd, 000130.200, 159
Trd, 000130.417, 160
Trd, 000131.100, 174
Trd, 000133.267, 162
Trd, 000134.217, 164
Trd, 000135.200, 162
Trd, 000135.600, 161
Trd, 000136.233, 161
Trd, 000137.267, 160
Trd, 000137.433, 160
Trd, 000138.533, 160
Trd, 000139.000, 161
Trd, 000139.300, 161
Trd, 000139.800, 161
Trd, 000140.017, 161
Trd, 000142.350, 161
Trd, 000142.483, 164
Trd, 000142.867, 164
Trd, 000143.617, 168
Trd, 000143.800, 166
Trd, 000145.000, 164
Trd, 000145.117, 163
Trd, 000146.100, 161
Trd, 000146.150, 160
Trd, 000147.017, 159
Trd, 000147.567, 163
Trd, 000148.467, 165
Trd, 000148.500, 159
Trd, 000149.033, 163
Trd, 000149.333, 165
Trd, 000150.133, 166
Trd, 000151.817, 165
Trd, 000152.383, 166
Trd, 000153.633, 165
Trd, 000154.667, 165
Trd, 000155.317, 166
Trd, 000155.733, 166
Trd, 000156.183, 166
Trd, 000156.200, 165
Trd, 000156.400, 166
Trd, 000156.550, 165
Trd, 000157.667, 186
Trd, 000158.200, 183
Trd, 000158.333, 172
Trd, 000158.717, 186
Trd, 000158.817, 182
Trd, 000159.217, 170
Trd, 000160.667, 171
Trd, 000161.950, 170
Trd, 000163.167, 173
Trd, 000164.433, 171
Trd, 000165.050, 170
Trd, 000165.167, 171
Trd, 000165.433, 170
Trd, 000165.750, 170
Trd, 000166.350, 170
Trd, 000166.467, 169
Trd, 000167.033, 168
Trd, 000168.200, 172
Trd, 000168.650, 171
Trd, 000169.517, 168
Trd, 000169.700, 172
Trd, 000169.817, 168
Trd, 000170.067, 172
Trd, 000170.800, 167
Trd, 000172.417, 170
Trd, 000172.467, 167
Trd, 000172.550, 167
Trd, 000173.217, 171
Trd, 000173.567, 171
Trd, 000174.117, 170
Trd, 000174.617, 167
Trd, 000175.183, 166
Trd, 000177.450, 165
Trd, 000177.483, 168
Trd, 000178.650, 166
Trd, 000179.500, 165
Trd, 000179.717, 163
Trd, 000180.633, 162
Trd, 000180.667, 168
Trd, 000181.150, 169
Trd, 000181.583, 170
Trd, 000182.167, 163
Trd, 000182.850, 170
Trd, 000183.667, 168
Trd, 000184.850, 167
Trd, 000184.883, 167
Trd, 000185.050, 166
Trd, 000185.383, 169
Trd, 000185.900, 169
Trd, 000185.967, 164
Trd, 000187.633, 170
Trd, 000188.133, 170
Trd, 000188.200, 173
Trd, 000189.000, 170
Trd, 000189.300, 170
Trd, 000189.717, 171
Trd, 000189.967, 171
Trd, 000191.267, 169
Trd, 000191.733, 162
Trd, 000192.700, 167
Trd, 000193.433, 168
Trd, 000193.733, 170
Trd, 000194.133, 170
Trd, 000195.100, 188
Trd, 000195.283, 173
Trd, 000196.000, 173
Trd, 000196.100, 173
Trd, 000196.617, 172
Trd, 000197.083, 173
Trd, 000197.283, 173
Trd, 000198.167, 164
Trd, 000198.983, 169
Trd, 000199.533, 171
Trd, 000199.617, 174
Trd, 000200.767, 172
Trd, 000201.250, 169
Trd, 000202.117, 168
Trd, 000202.650, 170
Trd, 000202.917, 168
Trd, 000203.250, 166
Trd, 000203.383, 166
Trd, 000203.400, 164
Trd, 000205.867, 167
Trd, 000205.983, 168
Trd, 000207.900, 169
Trd, 000208.900, 168
Trd, 000209.133, 167
Trd, 000209.733, 168
Trd, 000209.783, 169
Trd, 000210.117, 169
Trd, 000210.133, 166
Trd, 000210.350, 166
Trd, 000211.683, 169
Trd, 000213.333, 168
Trd, 000213.383, 169
Trd, 000214.583, 169
Trd, 000214.767, 169
Trd, 000214.800, 168
Trd, 000215.000, 170
Trd, 000215.250, 167
Trd, 000216.500, 170
Trd, 000216.800, 171
Trd, 000217.267, 172
Trd, 000219.283, 171
Trd, 000219.417, 169
Trd, 000220.483, 171
Trd, 000220.767, 170
Trd, 000221.300, 171
Trd, 000221.317, 172
Trd, 000222.417, 172
Trd, 000222.633, 173
Trd, 000223.550, 173
Trd, 000223.767, 175
Trd, 000224.067, 173
Trd, 000224.250, 177
Trd, 000225.217, 174
Trd, 000225.750, 174
Trd, 000226.200, 173
Trd, 000226.483, 174
Trd, 000226.833, 175
Trd, 000227.733, 177
Trd, 000227.850, 175
Trd, 000228.733, 177
Trd, 000228.900, 177
Trd, 000229.467, 176
Trd, 000229.750, 175
Trd, 000229.800, 172
Trd, 000231.417, 171
Trd, 000232.333, 166
Trd, 000232.750, 170
Trd, 000233.167, 171
Trd, 000234.100, 171
Trd, 000235.083, 171
Trd, 000235.483, 166
Trd, 000235.517, 172
Trd, 000235.900, 161
Trd, 000236.367, 172
Trd, 000236.533, 173
Trd, 000236.750, 174
Trd, 000237.167, 164
Trd, 000237.250, 165
Trd, 000237.733, 170
Trd, 000239.083, 165
Trd, 000240.100, 169
Trd, 000240.300, 168
Trd, 000240.767, 166
Trd, 000241.200, 166
Trd, 000242.183, 167
Trd, 000242.217, 167
Trd, 000242.917, 167
Trd, 000243.417, 172
Trd, 000243.633, 174
Trd, 000243.717, 173
Trd, 000243.850, 173
Trd, 000244.083, 173
Trd, 000244.417, 170
Trd, 000244.433, 173
Trd, 000244.483, 169
Trd, 000245.833, 175
Trd, 000246.367, 181
Trd, 000247.083, 170
Trd, 000248.317, 181
Trd, 000248.717, 191
Trd, 000248.933, 192
Trd, 000249.233, 190
Trd, 000249.683, 189
Trd, 000250.367, 188
Trd, 000250.617, 187
Trd, 000250.717, 190
Trd, 000251.583, 185
Trd, 000251.833, 183
Trd, 000252.067, 187
Trd, 000252.783, 181
Trd, 000252.933, 181
Trd, 000253.083, 181
Trd, 000253.367, 176
Trd, 000254.283, 181
Trd, 000254.750, 178
Trd, 000255.350, 177
Trd, 000255.500, 168
Trd, 000255.650, 175
Trd, 000256.033, 169
Trd, 000256.183, 169
Trd, 000256.783, 170
Trd, 000257.250, 170
Trd, 000257.667, 172
Trd, 000258.000, 173
Trd, 000258.817, 172
Trd, 000259.367, 170
Trd, 000259.867, 174
Trd, 000260.517, 174
Trd, 000260.750, 170
Trd, 000261.367, 175
Trd, 000261.433, 174
Trd, 000261.533, 169
Trd, 000262.250, 169
Trd, 000262.850, 168
Trd, 000263.700, 173
Trd, 000263.750, 167
Trd, 000264.583, 169
Trd, 000265.417, 171
Trd, 000265.650, 172
Trd, 000265.833, 172
Trd, 000266.567, 176
Trd, 000266.700, 176
Trd, 000267.217, 181
Trd, 000267.250, 171
Trd, 000267.900, 176
Trd, 000268.033, 177
Trd, 000268.533, 177
Trd, 000269.450, 173
Trd, 000269.667, 173
Trd, 000270.417, 178
Trd, 000270.700, 173
Trd, 000270.833, 180
Trd, 000272.083, 172
Trd, 000273.350, 177
Trd, 000273.383, 177
Trd, 000273.783, 178
Trd, 000274.050, 171
Trd, 000274.100, 178
Trd, 000274.483, 169
Trd, 000274.567, 166
Trd, 000274.900, 171
Trd, 000275.733, 172
Trd, 000275.917, 174
Trd, 000276.017, 168
Trd, 000276.333, 167
Trd, 000276.750, 174
Trd, 000276.967, 174
Trd, 000277.500, 179
Trd, 000278.950, 174
Trd, 000279.433, 174
Trd, 000280.083, 173
Trd, 000280.133, 176
Trd, 000280.317, 176
Trd, 000280.367, 179
Trd, 000281.350, 179
Trd, 000281.533, 177
Trd, 000281.783, 174
Trd, 000281.917, 175
Trd, 000281.933, 176
Trd, 000282.000, 174
Trd, 000282.517, 172
Trd, 000282.550, 178
Trd, 000282.717, 171
Trd, 000282.783, 171
Trd, 000283.283, 169
Trd, 000283.983, 174
Trd, 000284.983, 174
Trd, 000285.100, 176
Trd, 000286.267, 172
Trd, 000286.550, 173
Trd, 000287.183, 173
Trd, 000287.400, 172
Trd, 000288.483, 172
Trd, 000288.933, 171
Trd, 000288.983, 171
Trd, 000289.233, 174
Trd, 000289.667, 174
Trd, 000290.783, 173
Trd, 000290.917, 171
Trd, 000291.033, 174
Trd, 000291.483, 176
Trd, 000291.750, 171
Trd, 000291.917, 170
Trd, 000292.000, 180
Trd, 000293.000, 201
Trd, 000293.167, 208
Trd, 000293.183, 199
Trd, 000293.367, 195
Trd, 000293.917, 194
Trd, 000295.650, 196
Trd, 000295.750, 195
Trd, 000296.850, 194
Trd, 000297.067, 194
Trd, 000297.133, 195
Trd, 000297.233, 194
Trd, 000298.183, 189
Trd, 000298.383, 190
Trd, 000298.883, 181
Trd, 000299.783, 184
