Trd, 000001.183, 148
Trd, 000001.350, 120
Trd, 000001.750, 165
Trd, 000003.200, 139
Trd, 000003.483, 137
Trd, 000004.133, 158
Trd, 000005.750, 134
Trd, 000006.133, 137
Trd, 000006.267, 136
Trd, 000006.917, 145
Trd, 000006.967, 137
Trd, 000007.350, 137
Trd, 000008.250, 138
Trd, 000008.367, 148
Trd, 000008.850, 135
Trd, 000009.083, 159
Trd, 000010.250, 151
Trd, 000011.150, 154
Trd, 000013.300, 156
Trd, 000014.533, 153
Trd, 000014.633, 151
Trd, 000014.817, 154
Trd, 000015.200, 151
Trd, 000015.283, 149
Trd, 000015.367, 153
Trd, 000016.583, 157
Trd, 000017.167, 150
Trd, 000018.167, 154
Trd, 000018.983, 153
Trd, 000019.550, 154
Trd, 000019.650, 154
Trd, 000020.117, 153
Trd, 000020.500, 151
Trd, 000020.533, 150
Trd, 000022.117, 151
Trd, 000022.150, 153
Trd, 000022.967, 150
Trd, 000023.850, 151
Trd, 000024.183, 152
Trd, 000024.683, 159
Trd, 000024.850, 154
Trd, 000025.667, 153
Trd, 000025.750, 152
Trd, 000025.983, 163
Trd, 000026.550, 162
Trd, 000026.883, 151
Trd, 000027.883, 158
Trd, 000028.017, 158
Trd, 000029.433, 156
Trd, 000029.483, 155
Trd, 000030.517, 151
Trd, 000030.717, 157
Trd, 000031.100, 155
Trd, 000031.833, 153
Trd, 000032.350, 154
Trd, 000032.433, 155
Trd, 000032.517, 153
Trd, 000032.567, 146
Trd, 000032.883, 143
Trd, 000033.933, 148
Trd, 000034.750, 147
Trd, 000034.967, 148
Trd, 000035.017, 148
Trd, 000035.883, 149
Trd, 000036.233, 150
Trd, 000036.750, 154
Trd, 000037.883, 157
Trd, 000038.833, 155
Trd, 000038.933, 158
Trd, 000039.067, 154
Trd, 000040.050, 162
Trd, 000040.367, 152
Trd, 000040.850, 161
Trd, 000041.483, 153
Trd, 000041.600, 152
Trd, 000042.217, 157
Trd, 000042.567, 158
Trd, 000043.300, 156
Trd, 000043.717, 159
Trd, 000043.917, 149
Trd, 000044.117, 147
Trd, 000044.333, 166
Trd, 000045.317, 152
Trd, 000045.833, 157
Trd, 000046.133, 146
Trd, 000047.883, 153
Trd, 000048.267, 154
Trd, 000049.117, 152
Trd, 000049.767, 154
Trd, 000050.500, 155
Trd, 000050.783, 158
Trd, 000051.650, 154
Trd, 000052.683, 155
Trd, 000053.183, 157
Trd, 000054.083, 156
Trd, 000054.417, 157
Trd, 000054.567, 158
Trd, 000055.000, 158
Trd, 000055.783, 159
Trd, 000055.883, 159
Trd, 000056.650, 158
Trd, 000057.350, 160
Trd, 000057.633, 161
Trd, 000057.833, 157
Trd, 000058.417, 161
Trd, 000058.600, 157
Trd, 000059.100, 161
Trd, 000059.750, 156
Trd, 000060.067, 155
Trd, 000060.467, 155
Trd, 000061.317, 158
Trd, 000061.783, 158
Trd, 000062.383, 152
Trd, 000062.750, 164
Trd, 000064.967, 158
Trd, 000065.250, 155
Trd, 000065.400, 155
Trd, 000066.050, 157
Trd, 000066.483, 157
Trd, 000066.500, 158
Trd, 000066.533, 159
Trd, 000066.600, 160
Trd, 000067.583, 161
Trd, 000068.083, 158
Trd, 000069.583, 160
Trd, 000070.267, 160
Trd, 000070.667, 158
Trd, 000071.133, 160
Trd, 000072.083, 157
Trd, 000073.067, 158
Trd, 000073.717, 157
Trd, 000074.133, 158
Trd, 000074.483, 156
Trd, 000074.650, 155
Trd, 000075.317, 161
Trd, 000075.450, 163
Trd, 000076.967, 158
Trd, 000077.100, 157
Trd, 000077.200, 168
Trd, 000077.333, 169
Trd, 000077.433, 167
Trd, 000078.500, 167
Trd, 000079.700, 162
Trd, 000080.033, 161
Trd, 000080.133, 162
Trd, 000080.700, 163
Trd, 000082.183, 158
Trd, 000082.350, 157
Trd, 000082.667, 156
Trd, 000082.983, 157
Trd, 000083.100, 158
Trd, 000083.350, 160
Trd, 000083.733, 153
Trd, 000084.133, 163
Trd, 000084.800, 160
Trd, 000085.033, 156
Trd, 000085.517, 162
Trd, 000085.750, 166
Trd, 000086.967, 162
Trd, 000087.117, 166
Trd, 000087.567, 162
Trd, 000087.650, 170
Trd, 000088.000, 161
Trd, 000088.117, 160
Trd, 000089.900, 163
Trd, 000090.867, 162
Trd, 000090.917, 163
Trd, 000091.717, 161
Trd, 000092.950, 160
Trd, 000093.000, 161
Trd, 000093.017, 162
Trd, 000093.350, 157
Trd, 000094.533, 160
Trd, 000094.950, 155
Trd, 000097.233, 154
Trd, 000097.633, 156
Trd, 000097.817, 158
Trd, 000098.233, 165
Trd, 000098.417, 158
Trd, 000098.550, 157
Trd, 000098.633, 162
Trd, 000099.533, 174
Trd, 000099.817, 153
Trd, 000100.000, 147
Trd, 000100.533, 154
Trd, 000100.767, 162
Trd, 000101.017, 148
Trd, 000103.433, 162
Trd, 000104.033, 161
Trd, 000104.650, 151
Trd, 000105.033, 159
Trd, 000105.917, 160
Trd, 000106.083, 161
Trd, 000106.517, 162
Trd, 000107.233, 162
Trd, 000107.683, 165
Trd, 000108.150, 166
Trd, 000109.167, 162
Trd, 000110.633, 163
Trd, 000110.667, 162
Trd, 000110.683, 164
Trd, 000111.567, 161
Trd, 000112.050, 162
Trd, 000112.133, 159
Trd, 000113.233, 159
Trd, 000114.617, 160
Trd, 000115.133, 161
Trd, 000115.300, 160
Trd, 000116.217, 161
Trd, 000116.750, 161
Trd, 000116.933, 162
Trd, 000117.433, 160
Trd, 000119.133, 167
Trd, 000119.367, 174
Trd, 000120.517, 166
Trd, 000120.600, 166
Trd, 000120.983, 168
Trd, 000121.400, 166
Trd, 000121.567, 164
Trd, 000121.800, 160
Trd, 000122.883, 165
Trd, 000123.283, 162
Trd, 000123.867, 163
Trd, 000124.033, 163
Trd, 000124.650, 163
Trd, 000125.800, 166
Trd, 000127.300, 165
Trd, 000127.833, 167
Trd, 000128.000, 167
Trd, 000128.117, 169
Trd, 000128.233, 166
Trd, 000129.617, 170
Trd, 000131.450, 168
Trd, 000131.883, 167
Trd, 000131.983, 166
Trd, 000132.517, 162
Trd, 000132.700, 161
Trd, 000133.167, 161
Trd, 000133.200, 157
Trd, 000133.533, 157
Trd, 000134.050, 163
Trd, 000134.367, 163
Trd, 000134.967, 163
Trd, 000135.783, 163
Trd, 000136.100, 161
Trd, 000137.433, 165
Trd, 000137.467, 164
Trd, 000138.167, 165
Trd, 000139.300, 168
Trd, 000139.517, 169
Trd, 000139.633, 167
Trd, 000140.367, 170
Trd, 000140.767, 171
Trd, 000140.800, 166
Trd, 000141.583, 159
Trd, 000141.867, 171
Trd, 000143.033, 162
Trd, 000143.300, 159
Trd, 000144.833, 163
Trd, 000144.867, 168
Trd, 000144.933, 162
Trd, 000145.767, 168
Trd, 000146.033, 162
Trd, 000147.150, 166
Trd, 000148.000, 165
Trd, 000148.183, 165
Trd, 000148.800, 167
Trd, 000148.933, 170
Trd, 000149.250, 173
Trd, 000149.350, 166
Trd, 000150.567, 166
Trd, 000150.783, 166
Trd, 000151.483, 161
Trd, 000151.583, 158
Trd, 000151.633, 154
Trd, 000151.733, 167
Trd, 000151.783, 169
Trd, 000152.900, 177
Trd, 000154.933, 168
Trd, 000155.233, 168
Trd, 000155.483, 168
Trd, 000156.350, 168
Trd, 000156.633, 168
Trd, 000157.333, 168
Trd, 000157.750, 167
Trd, 000158.017, 167
Trd, 000158.083, 168
Trd, 000158.317, 165
Trd, 000160.167, 164
Trd, 000160.700, 161
Trd, 000161.467, 164
Trd, 000162.100, 161
Trd, 000162.550, 163
Trd, 000163.350, 164
Trd, 000164.017, 164
Trd, 000164.333, 163
Trd, 000165.200, 163
Trd, 000165.250, 164
Trd, 000165.717, 163
Trd, 000167.067, 163
Trd, 000167.333, 165
Trd, 000167.617, 163
Trd, 000167.817, 165
Trd, 000167.883, 164
Trd, 000168.150, 166
Trd, 000168.233, 171
Trd, 000168.733, 160
Trd, 000169.717, 177
Trd, 000170.917, 165
Trd, 000171.500, 164
Trd, 000171.917, 165
Trd, 000172.517, 165
Trd, 000173.333, 165
Trd, 000173.367, 163
Trd, 000173.900, 166
Trd, 000174.767, 165
Trd, 000174.950, 164
Trd, 000176.167, 165
Trd, 000176.217, 164
Trd, 000176.850, 165
Trd, 000177.167, 163
Trd, 000178.133, 165
Trd, 000178.750, 164
Trd, 000179.117, 166
Trd, 000180.200, 165
Trd, 000180.333, 163
Trd, 000181.233, 162
Trd, 000181.250, 164
Trd, 000181.367, 166
Trd, 000181.783, 161
Trd, 000182.233, 167
Trd, 000182.583, 173
Trd, 000182.833, 158
Trd, 000183.350, 157
Trd, 000184.067, 156
Trd, 000184.550, 166
Trd, 000185.983, 165
Trd, 000186.167, 168
Trd, 000186.817, 163
Trd, 000187.117, 165
Trd, 000187.150, 166
Trd, 000187.200, 162
Trd, 000187.217, 168
Trd, 000188.833, 163
Trd, 000189.317, 164
Trd, 000189.933, 163
Trd, 000190.383, 167
Trd, 000190.950, 168
Trd, 000191.317, 167
Trd, 000191.350, 173
Trd, 000191.500, 175
Trd, 000194.567, 174
Trd, 000195.833, 171
Trd, 000195.967, 170
Trd, 000196.050, 167
Trd, 000196.183, 173
Trd, 000196.233, 174
Trd, 000196.450, 164
Trd, 000196.600, 173
Trd, 000197.133, 174
Trd, 000197.783, 167
Trd, 000198.067, 174
Trd, 000199.283, 166
Trd, 000199.350, 163
Trd, 000200.367, 170
Trd, 000200.400, 173
Trd, 000200.500, 175
Trd, 000201.433, 168
Trd, 000202.500, 168
Trd, 000202.583, 171
Trd, 000202.633, 175
Trd, 000203.717, 167
Trd, 000204.517, 174
Trd, 000205.300, 170
Trd, 000205.333, 169
Trd, 000206.033, 168
Trd, 000206.800, 172
Trd, 000206.983, 172
Trd, 000207.000, 168
Trd, 000208.067, 173
Trd, 000209.883, 174
Trd, 000210.800, 168
Trd, 000212.950, 169
Trd, 000213.083, 169
Trd, 000213.200, 170
Trd, 000213.517, 171
Trd, 000213.600, 170
Trd, 000213.983, 169
Trd, 000214.300, 164
Trd, 000214.567, 170
Trd, 000214.733, 169
Trd, 000214.917, 168
Trd, 000215.533, 165
Trd, 000216.300, 176
Trd, 000218.833, 183
Trd, 000219.000, 184
Trd, 000219.083, 181
Trd, 000219.117, 182
Trd, 000219.417, 178
Trd, 000219.633, 183
Trd, 000219.717, 177
Trd, 000220.650, 180
Trd, 000220.917, 172
Trd, 000221.283, 180
Trd, 000222.817, 171
Trd, 000223.150, 170
Trd, 000223.883, 174
Trd, 000224.133, 167
Trd, 000224.233, 178
Trd, 000225.867, 173
Trd, 000226.233, 172
Trd, 000226.650, 174
Trd, 000227.633, 173
Trd, 000227.650, 170
Trd, 000228.650, 173
Trd, 000229.350, 178
Trd, 000229.517, 175
Trd, 000229.667, 174
Trd, 000229.817, 175
Trd, 000231.300, 172
Trd, 000231.533, 171
Trd, 000232.667, 170
Trd, 000233.100, 168
Trd, 000233.600, 171
Trd, 000234.567, 170
Trd, 000234.800, 167
Trd, 000235.333, 169
Trd, 000235.850, 168
Trd, 000235.900, 172
Trd, 000236.683, 173
Trd, 000237.033, 166
Trd, 000237.050, 177
Trd, 000237.317, 178
Trd, 000238.350, 179
Trd, 000238.367, 171
Trd, 000238.417, 170
Trd, 000238.983, 178
Trd, 000239.600, 179
Trd, 000239.967, 178
Trd, 000240.083, 166
Trd, 000240.767, 172
Trd, 000241.150, 173
Trd, 000241.633, 167
Trd, 000241.917, 164
Trd, 000242.017, 174
Trd, 000242.450, 174
Trd, 000242.483, 175
Trd, 000243.867, 172
Trd, 000243.917, 174
Trd, 000244.083, 174
Trd, 000244.917, 171
Trd, 000245.050, 170
Trd, 000245.083, 173
Trd, 000246.583, 173
Trd, 000247.083, 174
Trd, 000247.200, 175
Trd, 000247.533, 178
Trd, 000247.583, 179
Trd, 000247.933, 168
Trd, 000248.100, 167
Trd, 000249.250, 173
Trd, 000249.417, 174
Trd, 000249.467, 173
Trd, 000249.717, 174
Trd, 000249.767, 173
Trd, 000250.783, 171
Trd, 000251.017, 172
Trd, 000251.117, 174
Trd, 000251.383, 168
Trd, 000251.650, 172
Trd, 000252.917, 170
Trd, 000252.967, 169
Trd, 000253.133, 172
Trd, 000253.200, 174
Trd, 000254.100, 170
Trd, 000254.867, 168
Trd, 000255.183, 165
Trd, 000255.217, 169
Trd, 000255.383, 162
Trd, 000255.800, 161
Trd, 000256.400, 167
Trd, 000257.100, 162
Trd, 000257.133, 164
Trd, 000257.183, 159
Trd, 000257.400, 164
Trd, 000257.867, 170
Trd, 000258.333, 156
Trd, 000258.667, 160
Trd, 000258.850, 164
Trd, 000259.283, 164
Trd, 000259.350, 165
Trd, 000259.883, 162
Trd, 000260.283, 166
Trd, 000260.467, 175
Trd, 000260.483, 174
Trd, 000260.633, 172
Trd, 000262.100, 176
Trd, 000263.417, 168
Trd, 000264.067, 174
Trd, 000264.233, 174
Trd, 000264.450, 174
Trd, 000264.517, 177
Trd, 000264.867, 172
Trd, 000265.117, 172
Trd, 000265.233, 171
Trd, 000265.583, 173
Trd, 000265.750, 176
Trd, 000265.967, 183
Trd, 000266.717, 188
Trd, 000267.683, 184
Trd, 000268.700, 176
Trd, 000268.717, 180
Trd, 000269.017, 185
Trd, 000269.583, 181
Trd, 000270.083, 179
Trd, 000270.217, 177
Trd, 000270.400, 180
Trd, 000271.083, 177
Trd, 000271.117, 175
Trd, 000271.417, 170
Trd, 000271.600, 168
Trd, 000271.967, 173
Trd, 000273.017, 171
Trd, 000273.433, 176
Trd, 000273.667, 175
Trd, 000273.783, 178
Trd, 000273.950, 172
Trd, 000274.900, 173
Trd, 000274.983, 178
Trd, 000275.667, 171
Trd, 000275.950, 166
Trd, 000276.450, 166
Trd, 000276.517, 164
Trd, 000276.617, 160
Trd, 000276.633, 172
Trd, 000276.850, 167
Trd, 000277.333, 167
Trd, 000277.617, 183
Trd, 000278.250, 171
Trd, 000278.667, 172
Trd, 000278.767, 177
Trd, 000279.033, 183
Trd, 000279.283, 179
Trd, 000279.433, 170
Trd, 000279.650, 184
Trd, 000279.883, 176
Trd, 000281.467, 177
Trd, 000281.817, 172
Trd, 000281.983, 181
Trd, 000282.317, 181
Trd, 000282.767, 186
Trd, 000283.533, 181
Trd, 000283.683, 180
Trd, 000284.133, 180
Trd, 000284.617, 179
Trd, 000285.067, 177
Trd, 000285.117, 176
Trd, 000285.333, 179
Trd, 000286.450, 175
Trd, 000286.700, 176
Trd, 000286.800, 173
Trd, 000287.833, 176
Trd, 000288.450, 168
Trd, 000289.000, 176
Trd, 000289.233, 175
Trd, 000289.633, 177
Trd, 000289.750, 173
Trd, 000289.983, 172
Trd, 000290.817, 175
Trd, 000290.933, 177
Trd, 000291.033, 172
Trd, 000291.183, 184
Trd, 000291.233, 187
Trd, 000291.767, 171
Trd, 000292.183, 180
Trd, 000292.200, 170
Trd, 000292.267, 173
Trd, 000292.833, 170
Trd, 000293.367, 187
Trd, 000293.933, 187
Trd, 000294.650, 184
Trd, 000295.033, 180
Trd, 000295.150, 186
Trd, 000295.900, 178
Trd, 000296.067, 177
Trd, 000296.200, 184
Trd, 000296.617, 177
Trd, 000297.033, 182
Trd, 000297.117, 169
Trd, 000297.683, 183
Trd, 000297.700, 183
Trd, 000297.917, 166
Trd, 000298.117, 162
