Trd, 000002.317, 136
Trd, 000002.950, 145
Trd, 000003.117, 148
Trd, 000003.217, 158
Trd, 000004.217, 141
Trd, 000004.450, 168
Trd, 000004.967, 141
Trd, 000005.200, 140
Trd, 000006.067, 140
Trd, 000006.600, 140
Trd, 000007.917, 137
Trd, 000008.117, 139
Trd, 000008.933, 141
Trd, 000009.000, 142
Trd, 000009.150, 143
Trd, 000010.317, 139
Trd, 000012.317, 150
Trd, 000012.583, 149
Trd, 000013.267, 151
Trd, 000013.783, 154
Trd, 000014.100, 156
Trd, 000014.317, 159
Trd, 000014.467, 166
Trd, 000015.050, 153
Trd, 000015.167, 152
Trd, 000016.083, 155
Trd, 000017.083, 155
Trd, 000017.200, 156
Trd, 000017.283, 157
Trd, 000018.133, 157
Trd, 000018.517, 157
Trd, 000019.267, 157
Trd, 000019.567, 155
Trd, 000021.533, 154
Trd, 000021.700, 153
Trd, 000022.083, 156
Trd, 000022.233, 143
Trd, 000022.333, 160
Trd, 000022.733, 167
Trd, 000022.767, 144
Trd, 000025.217, 160
Trd, 000025.600, 158
Trd, 000026.000, 159
Trd, 000026.017, 157
Trd, 000026.583, 158
Trd, 000027.067, 158
Trd, 000027.400, 160
Trd, 000027.517, 179
Trd, 000028.117, 164
Trd, 000028.133, 153
Trd, 000028.833, 170
Trd, 000029.317, 161
Trd, 000029.600, 182
Trd, 000030.417, 145
Trd, 000030.750, 170
Trd, 000031.650, 158
Trd, 000031.867, 158
Trd, 000033.150, 189
Trd, 000034.117, 188
Trd, 000034.483, 183
Trd, 000034.533, 177
Trd, 000034.683, 170
Trd, 000036.383, 183
Trd, 000037.683, 176
Trd, 000038.083, 179
Trd, 000039.183, 177
Trd, 000039.417, 176
Trd, 000039.500, 173
Trd, 000040.050, 170
Trd, 000040.183, 159
Trd, 000040.250, 175
Trd, 000041.183, 153
Trd, 000042.300, 145
Trd, 000043.533, 153
Trd, 000043.750, 155
Trd, 000045.183, 153
Trd, 000045.567, 153
Trd, 000045.650, 155
Trd, 000045.867, 151
Trd, 000046.433, 155
Trd, 000047.517, 163
Trd, 000048.600, 163
Trd, 000048.933, 167
Trd, 000049.667, 160
Trd, 000050.550, 160
Trd, 000050.667, 163
Trd, 000050.867, 184
Trd, 000051.367, 163
Trd, 000051.800, 167
Trd, 000051.867, 163
Trd, 000052.617, 162
Trd, 000053.283, 165
Trd, 000053.417, 163
Trd, 000054.600, 162
Trd, 000055.967, 163
Trd, 000056.100, 184
Trd, 000056.900, 160
Trd, 000057.817, 161
Trd, 000058.367, 161
Trd, 000059.000, 160
Trd, 000060.167, 161
Trd, 000060.533, 160
Trd, 000060.550, 162
Trd, 000060.683, 168
Trd, 000060.867, 164
Trd, 000061.300, 159
Trd, 000061.750, 167
Trd, 000062.417, 157
Trd, 000063.750, 158
Trd, 000064.533, 157
Trd, 000064.817, 158
Trd, 000064.883, 161
Trd, 000065.117, 164
Trd, 000066.983, 151
Trd, 000068.000, 153
Trd, 000068.217, 154
Trd, 000068.483, 154
Trd, 000068.800, 162
Trd, 000069.033, 143
Trd, 000070.667, 151
Trd, 000071.050, 156
Trd, 000071.083, 156
Trd, 000071.167, 151
Trd, 000071.900, 156
Trd, 000072.567, 154
Trd, 000073.217, 156
Trd, 000073.800, 156
Trd, 000074.633, 158
Trd, 000074.667, 152
Trd, 000075.017, 162
Trd, 000075.533, 164
Trd, 000075.883, 155
Trd, 000076.650, 155
Trd, 000077.400, 157
Trd, 000077.950, 159
Trd, 000078.317, 159
Trd, 000078.883, 166
Trd, 000079.067, 168
Trd, 000080.050, 169
Trd, 000080.167, 167
Trd, 000080.683, 167
Trd, 000081.317, 168
Trd, 000082.033, 162
Trd, 000082.150, 164
Trd, 000082.217, 149
Trd, 000082.283, 145
Trd, 000082.333, 141
Trd, 000083.483, 163
Trd, 000084.650, 155
Trd, 000084.667, 163
Trd, 000085.200, 166
Trd, 000086.100, 162
Trd, 000086.233, 165
Trd, 000087.467, 161
Trd, 000088.167, 161
Trd, 000088.450, 162
Trd, 000088.783, 170
Trd, 000089.367, 169
Trd, 000089.917, 164
Trd, 000090.283, 163
Trd, 000090.817, 163
Trd, 000090.917, 165
Trd, 000091.817, 160
Trd, 000092.067, 167
Trd, 000092.183, 174
Trd, 000092.567, 180
Trd, 000093.733, 171
Trd, 000093.850, 168
Trd, 000094.117, 164
Trd, 000094.383, 169
Trd, 000094.467, 171
Trd, 000095.033, 165
Trd, 000095.950, 151
Trd, 000096.133, 167
Trd, 000097.117, 165
Trd, 000097.317, 166
Trd, 000099.700, 165
Trd, 000099.733, 163
Trd, 000100.300, 161
Trd, 000101.283, 165
Trd, 000101.767, 165
Trd, 000102.517, 163
Trd, 000102.667, 159
Trd, 000103.250, 161
Trd, 000103.700, 160
Trd, 000103.967, 160
Trd, 000104.150, 161
Trd, 000104.217, 165
Trd, 000105.083, 160
Trd, 000106.083, 161
Trd, 000106.117, 166
Trd, 000106.700, 159
Trd, 000107.117, 167
Trd, 000107.433, 168
Trd, 000107.817, 147
Trd, 000109.500, 164
Trd, 000109.967, 163
Trd, 000110.383, 154
Trd, 000112.217, 168
Trd, 000112.300, 161
Trd, 000112.600, 161
Trd, 000113.483, 167
Trd, 000113.617, 168
Trd, 000114.183, 170
Trd, 000114.983, 162
Trd, 000116.183, 162
Trd, 000116.267, 167
Trd, 000116.600, 168
Trd, 000117.350, 169
Trd, 000118.450, 167
Trd, 000118.717, 167
Trd, 000119.150, 166
Trd, 000120.167, 165
Trd, 000120.900, 168
Trd, 000120.983, 169
Trd, 000121.250, 165
Trd, 000122.133, 169
Trd, 000122.367, 165
Trd, 000123.367, 167
Trd, 000124.400, 167
Trd, 000125.283, 167
Trd, 000125.417, 166
Trd, 000125.583, 168
Trd, 000126.550, 166
Trd, 000127.733, 167
Trd, 000127.817, 168
Trd, 000129.133, 169
Trd, 000129.283, 171
Trd, 000130.550, 173
Trd, 000130.600, 167
Trd, 000130.867, 176
Trd, 000132.050, 176
Trd, 000132.633, 174
Trd, 000133.367, 175
Trd, 000133.950, 177
Trd, 000134.100, 173
Trd, 000134.367, 178
Trd, 000134.650, 169
Trd, 000134.883, 170
Trd, 000136.617, 162
Trd, 000137.567, 161
Trd, 000137.667, 163
Trd, 000138.683, 166
Trd, 000139.300, 165
Trd, 000139.350, 164
Trd, 000139.433, 166
Trd, 000139.517, 146
Trd, 000140.100, 167
Trd, 000141.017, 161
Trd, 000141.167, 169
Trd, 000142.450, 170
Trd, 000142.567, 162
Trd, 000142.650, 179
Trd, 000142.983, 170
Trd, 000143.883, 171
Trd, 000144.183, 163
Trd, 000146.100, 170
Trd, 000146.133, 172
Trd, 000147.017, 174
Trd, 000148.033, 173
Trd, 000148.367, 169
Trd, 000148.583, 170
Trd, 000150.700, 155
Trd, 000150.750, 152
Trd, 000150.883, 156
Trd, 000150.933, 159
Trd, 000151.583, 164
Trd, 000153.117, 168
Trd, 000154.583, 169
Trd, 000155.017, 170
Trd, 000155.250, 180
Trd, 000155.333, 168
Trd, 000155.767, 167
Trd, 000156.483, 163
Trd, 000156.900, 162
Trd, 000157.133, 157
Trd, 000157.300, 156
Trd, 000157.617, 173
Trd, 000158.017, 174
Trd, 000158.033, 175
Trd, 000159.600, 170
Trd, 000159.917, 174
Trd, 000159.983, 174
Trd, 000160.683, 173
Trd, 000161.483, 173
Trd, 000162.617, 168
Trd, 000163.700, 167
Trd, 000163.950, 166
Trd, 000164.700, 168
Trd, 000164.950, 164
Trd, 000165.650, 167
Trd, 000166.117, 164
Trd, 000166.200, 167
Trd, 000166.800, 162
Trd, 000167.117, 161
Trd, 000167.133, 167
Trd, 000169.800, 165
Trd, 000170.333, 161
Trd, 000170.817, 166
Trd, 000171.383, 159
Trd, 000171.533, 167
Trd, 000171.583, 169
Trd, 000172.200, 171
Trd, 000172.883, 165
Trd, 000173.583, 174
Trd, 000174.083, 168
Trd, 000174.600, 175
Trd, 000174.750, 176
Trd, 000174.783, 182
Trd, 000175.450, 171
Trd, 000176.283, 196
Trd, 000177.117, 176
Trd, 000177.683, 173
Trd, 000177.867, 174
Trd, 000178.083, 172
Trd, 000178.483, 171
Trd, 000179.000, 172
Trd, 000179.400, 171
Trd, 000179.417, 171
Trd, 000179.433, 172
Trd, 000182.267, 172
Trd, 000182.867, 172
Trd, 000183.300, 170
Trd, 000183.383, 173
Trd, 000183.483, 175
Trd, 000184.267, 174
Trd, 000186.433, 169
Trd, 000186.650, 169
Trd, 000186.817, 174
Trd, 000187.067, 166
Trd, 000187.917, 168
Trd, 000188.000, 161
Trd, 000188.617, 172
Trd, 000189.283, 170
Trd, 000189.600, 167
Trd, 000189.967, 168
Trd, 000191.117, 169
Trd, 000192.400, 167
Trd, 000193.717, 166
Trd, 000194.733, 166
Trd, 000194.967, 167
Trd, 000195.367, 170
Trd, 000195.400, 165
Trd, 000195.583, 171
Trd, 000195.633, 174
Trd, 000196.750, 177
Trd, 000198.167, 171
Trd, 000198.667, 169
Trd, 000199.383, 170
Trd, 000199.850, 177
Trd, 000201.083, 171
Trd, 000201.150, 171
Trd, 000202.050, 170
Trd, 000203.250, 171
Trd, 000203.433, 170
Trd, 000204.317, 169
Trd, 000205.500, 169
Trd, 000205.833, 168
Trd, 000205.950, 170
Trd, 000206.250, 170
Trd, 000206.283, 171
Trd, 000206.500, 175
Trd, 000207.550, 169
Trd, 000207.800, 174
Trd, 000208.200, 167
Trd, 000209.500, 166
Trd, 000209.533, 162
Trd, 000209.967, 170
Trd, 000210.150, 154
Trd, 000211.100, 163
Trd, 000211.433, 164
Trd, 000212.183, 163
Trd, 000212.983, 160
Trd, 000213.300, 160
Trd, 000213.833, 171
Trd, 000213.850, 176
Trd, 000213.900, 179
Trd, 000214.317, 161
Trd, 000215.050, 186
Trd, 000215.400, 200
Trd, 000215.900, 170
Trd, 000216.117, 169
Trd, 000216.533, 162
Trd, 000217.167, 159
Trd, 000217.467, 178
Trd, 000218.517, 178
Trd, 000219.017, 179
Trd, 000219.033, 174
Trd, 000220.417, 173
Trd, 000220.567, 177
Trd, 000220.950, 179
Trd, 000221.817, 180
Trd, 000222.667, 173
Trd, 000223.617, 172
Trd, 000224.117, 174
Trd, 000224.183, 177
Trd, 000224.983, 177
Trd, 000225.317, 176
Trd, 000225.483, 174
Trd, 000226.133, 171
Trd, 000227.283, 179
Trd, 000227.383, 173
Trd, 000227.967, 179
Trd, 000228.400, 179
Trd, 000228.833, 180
Trd, 000229.533, 175
Trd, 000230.383, 174
Trd, 000230.667, 181
Trd, 000230.750, 173
Trd, 000230.967, 180
Trd, 000231.683, 173
Trd, 000231.900, 172
Trd, 000232.133, 176
Trd, 000232.617, 181
Trd, 000234.133, 173
Trd, 000234.933, 176
Trd, 000234.967, 177
Trd, 000235.283, 170
Trd, 000235.817, 179
Trd, 000235.917, 178
Trd, 000237.067, 177
Trd, 000237.183, 175
Trd, 000238.767, 176
Trd, 000238.783, 171
Trd, 000239.083, 177
Trd, 000239.333, 180
Trd, 000239.717, 182
Trd, 000240.317, 176
Trd, 000240.533, 174
Trd, 000240.833, 173
Trd, 000241.467, 174
Trd, 000241.700, 172
Trd, 000241.767, 177
Trd, 000242.417, 174
Trd, 000243.000, 175
Trd, 000243.233, 174
Trd, 000243.583, 188
Trd, 000243.683, 189
Trd, 000243.833, 173
Trd, 000244.800, 175
Trd, 000244.883, 172
Trd, 000244.967, 173
Trd, 000245.333, 176
Trd, 000245.800, 171
Trd, 000247.733, 176
Trd, 000247.983, 173
Trd, 000248.583, 172
Trd, 000248.867, 173
Trd, 000248.950, 183
Trd, 000249.367, 173
Trd, 000249.583, 171
Trd, 000249.783, 179
Trd, 000249.850, 159
Trd, 000250.033, 180
Trd, 000250.400, 190
Trd, 000251.767, 180
Trd, 000252.600, 176
Trd, 000253.217, 172
Trd, 000253.400, 180
Trd, 000253.983, 175
Trd, 000254.267, 173
Trd, 000255.050, 172
Trd, 000255.217, 175
Trd, 000255.433, 175
Trd, 000255.733, 174
Trd, 000255.767, 175
Trd, 000256.083, 181
Trd, 000256.183, 183
Trd, 000257.050, 184
Trd, 000257.217, 181
Trd, 000257.983, 183
Trd, 000258.150, 184
Trd, 000259.383, 190
Trd, 000260.233, 187
Trd, 000260.283, 191
Trd, 000261.267, 192
Trd, 000261.500, 187
Trd, 000261.600, 192
Trd, 000261.667, 187
Trd, 000261.833, 186
Trd, 000262.283, 184
Trd, 000262.350, 183
Trd, 000262.750, 188
Trd, 000263.617, 188
Trd, 000264.333, 187
Trd, 000266.183, 185
Trd, 000266.833, 184
Trd, 000267.083, 186
Trd, 000267.233, 183
Trd, 000267.383, 183
Trd, 000267.983, 184
Trd, 000268.200, 188
Trd, 000268.400, 185
Trd, 000268.433, 190
Trd, 000268.600, 192
Trd, 000268.667, 187
Trd, 000269.983, 185
Trd, 000270.017, 186
Trd, 000270.067, 185
Trd, 000270.250, 182
Trd, 000271.467, 185
Trd, 000272.100, 182
Trd, 000272.250, 173
Trd, 000272.633, 175
Trd, 000272.717, 175
Trd, 000273.667, 168
Trd, 000273.817, 184
Trd, 000274.433, 181
Trd, 000275.167, 175
Trd, 000275.783, 176
Trd, 000275.933, 172
Trd, 000276.267, 171
Trd, 000276.283, 178
Trd, 000277.217, 178
Trd, 000278.617, 177
Trd, 000279.250, 178
Trd, 000279.517, 177
Trd, 000279.833, 176
Trd, 000280.717, 177
Trd, 000280.750, 178
Trd, 000280.983, 178
Trd, 000281.000, 176
Trd, 000281.033, 182
Trd, 000281.067, 183
Trd, 000281.450, 175
Trd, 000281.683, 186
Trd, 000281.933, 193
Trd, 000282.217, 162
Trd, 000282.733, 195
Trd, 000283.383, 192
Trd, 000283.467, 199
Trd, 000284.900, 195
Trd, 000284.967, 190
Trd, 000285.117, 188
Trd, 000285.950, 187
Trd, 000286.433, 187
Trd, 000286.483, 195
Trd, 000286.967, 188
Trd, 000287.217, 188
Trd, 000287.783, 183
Trd, 000288.167, 177
Trd, 000288.183, 184
Trd, 000289.567, 191
Trd, 000289.750, 190
Trd, 000289.767, 187
Trd, 000291.417, 186
Trd, 000291.567, 183
Trd, 000291.867, 183
Trd, 000292.617, 185
Trd, 000292.667, 187
Trd, 000292.900, 179
Trd, 000293.583, 187
Trd, 000293.867, 189
Trd, 000294.150, 194
Trd, 000295.100, 191
Trd, 000295.217, 186
Trd, 000295.433, 183
Trd, 000295.500, 194
Trd, 000295.517, 183
Trd, 000295.800, 162
Trd, 000296.117, 178
Trd, 000296.783, 186
Trd, 000297.117, 177
Trd, 000297.717, 187
Trd, 000298.867, 171
Trd, 000298.883, 163
Trd, 000299.233, 178
Trd, 000299.650, 181
Trd, 000299.750, 173
