Trd, 000001.867, 138
Trd, 000002.217, 130
Trd, 000002.850, 129
Trd, 000003.083, 130
Trd, 000003.483, 131
Trd, 000004.650, 144
Trd, 000004.683, 137
Trd, 000004.783, 151
Trd, 000004.933, 126
Trd, 000006.383, 163
Trd, 000006.783, 173
Trd, 000006.800, 152
Trd, 000007.083, 148
Trd, 000008.517, 150
Trd, 000009.800, 158
Trd, 000010.350, 152
Trd, 000010.483, 158
Trd, 000010.783, 151
Trd, 000011.933, 153
Trd, 000011.967, 144
Trd, 000012.233, 142
Trd, 000012.567, 152
Trd, 000012.767, 153
Trd, 000014.367, 149
Trd, 000014.867, 147
Trd, 000015.600, 148
Trd, 000015.767, 146
Trd, 000016.083, 135
Trd, 000016.400, 147
Trd, 000016.767, 144
Trd, 000016.783, 152
Trd, 000016.933, 156
Trd, 000018.183, 133
Trd, 000018.950, 141
Trd, 000019.000, 144
Trd, 000019.267, 144
Trd, 000019.633, 142
Trd, 000020.267, 143
Trd, 000021.283, 144
Trd, 000021.733, 145
Trd, 000021.833, 143
Trd, 000022.067, 146
Trd, 000022.250, 153
Trd, 000022.817, 156
Trd, 000024.417, 148
Trd, 000024.700, 149
Trd, 000025.000, 150
Trd, 000025.200, 148
Trd, 000025.800, 148
Trd, 000026.717, 156
Trd, 000026.883, 147
Trd, 000027.683, 156
Trd, 000028.667, 158
Trd, 000028.917, 176
Trd, 000029.333, 156
Trd, 000029.483, 158
Trd, 000030.350, 157
Trd, 000030.567, 163
Trd, 000030.700, 154
Trd, 000030.767, 163
Trd, 000030.917, 164
Trd, 000032.933, 172
Trd, 000033.083, 175
Trd, 000033.100, 158
Trd, 000033.383, 154
Trd, 000033.400, 146
Trd, 000034.533, 167
Trd, 000034.617, 158
Trd, 000035.667, 164
Trd, 000036.000, 165
Trd, 000036.667, 145
Trd, 000037.050, 152
Trd, 000037.867, 160
Trd, 000038.000, 147
Trd, 000038.533, 145
Trd, 000039.100, 151
Trd, 000039.550, 151
Trd, 000039.933, 152
Trd, 000039.983, 151
Trd, 000040.983, 154
Trd, 000041.367, 146
Trd, 000041.467, 155
Trd, 000042.633, 146
Trd, 000043.533, 148
Trd, 000043.600, 150
Trd, 000043.817, 148
Trd, 000045.217, 154
Trd, 000045.467, 157
Trd, 000045.767, 159
Trd, 000046.633, 149
Trd, 000046.833, 148
Trd, 000048.800, 153
Trd, 000049.117, 169
Trd, 000050.133, 155
Trd, 000050.300, 164
Trd, 000050.317, 165
Trd, 000050.350, 154
Trd, 000051.350, 150
Trd, 000052.433, 152
Trd, 000053.183, 155
Trd, 000053.433, 155
Trd, 000054.350, 153
Trd, 000054.383, 154
Trd, 000054.633, 153
Trd, 000054.817, 152
Trd, 000055.567, 153
Trd, 000056.700, 152
Trd, 000056.767, 149
Trd, 000057.633, 152
Trd, 000059.000, 147
Trd, 000059.300, 158
Trd, 000059.650, 150
Trd, 000059.933, 157
Trd, 000060.883, 154
Trd, 000060.967, 150
Trd, 000061.150, 155
Trd, 000061.333, 157
Trd, 000061.717, 160
Trd, 000062.033, 160
Trd, 000062.233, 149
Trd, 000062.583, 157
Trd, 000062.650, 139
Trd, 000063.867, 156
Trd, 000064.117, 143
Trd, 000064.217, 142
Trd, 000064.900, 150
Trd, 000066.350, 148
Trd, 000066.600, 152
Trd, 000067.633, 152
Trd, 000068.750, 159
Trd, 000068.983, 154
Trd, 000070.383, 155
Trd, 000070.583, 151
Trd, 000070.783, 156
Trd, 000071.900, 156
Trd, 000072.000, 157
Trd, 000072.833, 156
Trd, 000072.883, 156
Trd, 000073.483, 150
Trd, 000073.800, 156
Trd, 000074.800, 149
Trd, 000075.450, 149
Trd, 000075.617, 151
Trd, 000075.817, 151
Trd, 000076.600, 148
Trd, 000076.750, 149
Trd, 000077.367, 149
Trd, 000078.250, 150
Trd, 000078.467, 159
Trd, 000078.750, 162
Trd, 000079.383, 150
Trd, 000079.667, 146
Trd, 000079.867, 181
Trd, 000080.883, 147
Trd, 000081.067, 188
Trd, 000081.800, 158
Trd, 000082.517, 187
Trd, 000084.050, 173
Trd, 000084.500, 174
Trd, 000085.600, 170
Trd, 000086.017, 168
Trd, 000086.367, 168
Trd, 000086.483, 168
Trd, 000086.700, 159
Trd, 000086.933, 150
Trd, 000087.033, 153
Trd, 000088.133, 160
Trd, 000089.383, 157
Trd, 000089.450, 161
Trd, 000090.433, 161
Trd, 000090.917, 162
Trd, 000091.067, 163
Trd, 000091.150, 159
Trd, 000091.317, 164
Trd, 000093.000, 159
Trd, 000093.900, 169
Trd, 000094.017, 179
Trd, 000095.017, 170
Trd, 000095.667, 163
Trd, 000095.950, 163
Trd, 000095.967, 169
Trd, 000096.167, 170
Trd, 000098.017, 167
Trd, 000098.467, 166
Trd, 000098.783, 160
Trd, 000099.300, 153
Trd, 000099.917, 153
Trd, 000100.100, 152
Trd, 000100.233, 154
Trd, 000101.550, 153
Trd, 000102.233, 157
Trd, 000103.133, 173
Trd, 000103.283, 182
Trd, 000103.567, 166
Trd, 000103.950, 180
Trd, 000104.150, 165
Trd, 000104.417, 181
Trd, 000104.683, 167
Trd, 000104.733, 182
Trd, 000105.167, 161
Trd, 000105.767, 172
Trd, 000106.983, 151
Trd, 000107.467, 150
Trd, 000107.867, 165
Trd, 000107.900, 166
Trd, 000108.000, 156
Trd, 000109.467, 167
Trd, 000111.050, 173
Trd, 000111.067, 185
Trd, 000111.833, 164
Trd, 000112.117, 174
Trd, 000113.133, 173
Trd, 000114.433, 169
Trd, 000114.883, 170
Trd, 000114.983, 166
Trd, 000116.067, 168
Trd, 000116.100, 164
Trd, 000116.567, 168
Trd, 000117.200, 165
Trd, 000117.233, 163
Trd, 000117.417, 165
Trd, 000117.717, 167
Trd, 000118.683, 155
Trd, 000119.667, 160
Trd, 000119.833, 159
Trd, 000120.783, 161
Trd, 000121.300, 162
Trd, 000121.783, 160
Trd, 000121.817, 161
Trd, 000122.233, 159
Trd, 000122.617, 160
Trd, 000123.300, 160
Trd, 000124.417, 163
Trd, 000125.267, 166
Trd, 000125.333, 159
Trd, 000125.400, 155
Trd, 000125.567, 153
Trd, 000125.617, 156
Trd, 000126.133, 163
Trd, 000126.633, 167
Trd, 000126.967, 165
Trd, 000127.717, 147
Trd, 000128.383, 163
Trd, 000128.717, 155
Trd, 000129.417, 158
Trd, 000129.750, 162
Trd, 000129.983, 164
Trd, 000131.050, 157
Trd, 000131.350, 154
Trd, 000131.433, 167
Trd, 000131.917, 155
Trd, 000133.317, 169
Trd, 000133.700, 172
Trd, 000134.117, 156
Trd, 000134.300, 157
Trd, 000134.533, 154
Trd, 000135.267, 152
Trd, 000136.033, 174
Trd, 000137.050, 176
Trd, 000137.633, 176
Trd, 000138.367, 174
Trd, 000139.550, 173
Trd, 000139.700, 165
Trd, 000140.017, 165
Trd, 000140.033, 162
Trd, 000140.383, 161
Trd, 000140.533, 168
Trd, 000141.500, 164
Trd, 000141.533, 167
Trd, 000142.617, 156
Trd, 000143.217, 155
Trd, 000145.233, 164
Trd, 000145.600, 163
Trd, 000145.867, 157
Trd, 000146.133, 164
Trd, 000146.417, 165
Trd, 000146.500, 163
Trd, 000147.650, 162
Trd, 000147.683, 169
Trd, 000147.983, 161
Trd, 000148.183, 160
Trd, 000149.717, 170
Trd, 000150.433, 168
Trd, 000150.600, 164
Trd, 000151.200, 164
Trd, 000151.650, 165
Trd, 000151.883, 164
Trd, 000151.950, 166
Trd, 000152.400, 165
Trd, 000154.667, 167
Trd, 000154.817, 160
Trd, 000155.000, 158
Trd, 000156.017, 161
Trd, 000156.467, 159
Trd, 000156.967, 160
Trd, 000157.167, 159
Trd, 000157.350, 159
Trd, 000157.933, 160
Trd, 000158.633, 161
Trd, 000159.783, 165
Trd, 000161.183, 162
Trd, 000161.900, 165
Trd, 000162.717, 164
Trd, 000162.817, 163
Trd, 000163.300, 163
Trd, 000164.000, 163
Trd, 000164.083, 166
Trd, 000164.233, 167
Trd, 000164.267, 171
Trd, 000165.517, 167
Trd, 000165.717, 157
Trd, 000166.433, 149
Trd, 000166.600, 154
Trd, 000167.483, 161
Trd, 000167.617, 161
Trd, 000168.317, 163
Trd, 000168.500, 165
Trd, 000169.233, 166
Trd, 000170.983, 166
Trd, 000171.017, 168
Trd, 000171.250, 182
Trd, 000171.933, 175
Trd, 000172.450, 176
Trd, 000172.483, 194
Trd, 000174.883, 180
Trd, 000175.217, 180
Trd, 000175.850, 182
Trd, 000176.250, 181
Trd, 000176.700, 180
Trd, 000176.883, 182
Trd, 000177.217, 179
Trd, 000177.583, 179
Trd, 000177.650, 168
Trd, 000178.050, 180
Trd, 000179.317, 169
Trd, 000179.383, 170
Trd, 000180.450, 170
Trd, 000180.817, 168
Trd, 000180.883, 166
Trd, 000181.033, 170
Trd, 000182.017, 165
Trd, 000182.183, 170
Trd, 000182.583, 195
Trd, 000184.117, 169
Trd, 000184.350, 168
Trd, 000185.250, 169
Trd, 000185.750, 168
Trd, 000185.850, 168
Trd, 000186.167, 165
Trd, 000186.517, 165
Trd, 000186.850, 167
Trd, 000187.217, 170
Trd, 000187.700, 173
Trd, 000187.900, 163
Trd, 000188.617, 161
Trd, 000189.183, 166
Trd, 000189.467, 169
Trd, 000190.400, 167
Trd, 000191.467, 167
Trd, 000191.917, 168
Trd, 000192.617, 164
Trd, 000194.417, 166
Trd, 000194.750, 167
Trd, 000194.783, 169
Trd, 000195.467, 164
Trd, 000195.517, 168
Trd, 000195.917, 164
Trd, 000196.500, 165
Trd, 000196.733, 161
Trd, 000197.900, 167
Trd, 000198.150, 168
Trd, 000199.267, 168
Trd, 000199.733, 169
Trd, 000200.050, 170
Trd, 000200.150, 175
Trd, 000200.233, 196
Trd, 000200.367, 168
Trd, 000200.500, 165
Trd, 000200.767, 164
Trd, 000201.467, 163
Trd, 000201.583, 161
Trd, 000202.100, 164
Trd, 000202.367, 171
Trd, 000203.033, 182
Trd, 000203.550, 188
Trd, 000203.783, 167
Trd, 000203.900, 161
Trd, 000205.650, 164
Trd, 000205.967, 165
Trd, 000207.000, 165
Trd, 000207.833, 164
Trd, 000208.300, 165
Trd, 000208.583, 164
Trd, 000208.883, 164
Trd, 000209.033, 165
Trd, 000209.433, 164
Trd, 000209.633, 163
Trd, 000210.767, 163
Trd, 000211.017, 172
Trd, 000211.217, 188
Trd, 000212.017, 183
Trd, 000213.300, 186
Trd, 000213.583, 183
Trd, 000215.017, 181
Trd, 000215.850, 172
Trd, 000216.100, 171
Trd, 000216.733, 170
Trd, 000217.233, 162
Trd, 000217.433, 173
Trd, 000217.833, 171
Trd, 000217.900, 163
Trd, 000218.150, 183
Trd, 000218.300, 195
Trd, 000219.633, 176
Trd, 000220.950, 178
Trd, 000220.967, 174
Trd, 000221.433, 173
Trd, 000221.983, 170
Trd, 000222.250, 174
Trd, 000223.117, 163
Trd, 000224.717, 169
Trd, 000225.283, 169
Trd, 000225.900, 167
Trd, 000225.950, 170
Trd, 000226.150, 175
Trd, 000226.417, 176
Trd, 000226.433, 164
Trd, 000226.550, 164
Trd, 000227.650, 165
Trd, 000228.517, 167
Trd, 000229.267, 168
Trd, 000230.067, 171
Trd, 000230.550, 175
Trd, 000230.633, 178
Trd, 000230.750, 178
Trd, 000230.850, 166
Trd, 000231.483, 165
Trd, 000232.350, 174
Trd, 000232.900, 165
Trd, 000233.233, 165
Trd, 000233.833, 164
Trd, 000234.383, 186
Trd, 000235.583, 167
Trd, 000235.967, 181
Trd, 000236.100, 165
Trd, 000236.267, 179
Trd, 000236.817, 170
Trd, 000236.983, 179
Trd, 000237.133, 179
Trd, 000237.883, 178
Trd, 000238.283, 175
Trd, 000238.567, 173
Trd, 000238.867, 186
Trd, 000240.017, 174
Trd, 000240.650, 179
Trd, 000240.917, 179
Trd, 000241.233, 178
Trd, 000241.500, 179
Trd, 000242.183, 176
Trd, 000242.500, 174
Trd, 000242.833, 173
Trd, 000243.000, 167
Trd, 000244.167, 171
Trd, 000244.267, 173
Trd, 000244.800, 171
Trd, 000244.917, 172
Trd, 000245.900, 168
Trd, 000245.917, 165
Trd, 000246.433, 169
Trd, 000246.683, 172
Trd, 000246.933, 179
Trd, 000248.033, 172
Trd, 000248.133, 169
Trd, 000248.500, 167
Trd, 000248.567, 166
Trd, 000248.683, 170
Trd, 000249.283, 165
Trd, 000249.683, 166
Trd, 000249.933, 167
Trd, 000250.600, 166
Trd, 000250.883, 166
Trd, 000251.683, 169
Trd, 000251.767, 172
Trd, 000251.867, 176
Trd, 000252.250, 177
Trd, 000252.333, 180
Trd, 000253.383, 178
Trd, 000253.900, 191
Trd, 000254.633, 193
Trd, 000255.150, 187
Trd, 000256.117, 188
Trd, 000256.150, 187
Trd, 000256.567, 187
Trd, 000256.833, 183
Trd, 000256.933, 188
Trd, 000257.350, 188
Trd, 000257.533, 184
Trd, 000257.833, 188
Trd, 000258.033, 182
Trd, 000258.933, 184
Trd, 000259.217, 176
Trd, 000259.633, 173
Trd, 000259.833, 174
Trd, 000260.067, 175
Trd, 000260.133, 176
Trd, 000260.867, 174
Trd, 000261.067, 181
Trd, 000261.783, 176
Trd, 000261.817, 173
Trd, 000262.233, 169
Trd, 000262.583, 167
Trd, 000263.300, 176
Trd, 000263.617, 175
Trd, 000263.717, 176
Trd, 000263.883, 177
Trd, 000264.083, 182
Trd, 000264.350, 179
Trd, 000265.000, 180
Trd, 000266.150, 179
Trd, 000266.717, 180
Trd, 000266.917, 178
Trd, 000267.633, 179
Trd, 000267.800, 192
Trd, 000268.367, 177
Trd, 000268.867, 183
Trd, 000269.700, 177
Trd, 000269.800, 175
Trd, 000270.333, 176
Trd, 000270.600, 174
Trd, 000271.050, 173
Trd, 000271.467, 176
Trd, 000271.500, 171
Trd, 000272.017, 171
Trd, 000272.100, 170
Trd, 000272.783, 159
Trd, 000273.433, 170
Trd, 000273.933, 167
Trd, 000274.283, 173
Trd, 000274.517, 178
Trd, 000275.000, 171
Trd, 000275.067, 182
Trd, 000275.417, 175
Trd, 000275.967, 196
Trd, 000277.250, 188
Trd, 000277.850, 188
Trd, 000278.283, 184
Trd, 000279.083, 178
Trd, 000279.167, 179
Trd, 000279.200, 177
Trd, 000279.333, 171
Trd, 000279.650, 160
Trd, 000279.950, 167
Trd, 000280.133, 162
Trd, 000280.250, 178
Trd, 000280.650, 192
Trd, 000281.267, 176
Trd, 000281.800, 184
Trd, 000282.000, 185
Trd, 000282.567, 187
Trd, 000283.133, 183
Trd, 000283.200, 182
Trd, 000284.017, 183
Trd, 000284.033, 179
Trd, 000284.200, 178
Trd, 000285.033, 190
Trd, 000285.433, 191
Trd, 000285.817, 190
Trd, 000285.833, 195
Trd, 000286.450, 186
Trd, 000286.567, 179
Trd, 000287.100, 181
Trd, 000287.300, 172
Trd, 000288.017, 181
Trd, 000288.450, 181
Trd, 000288.967, 179
Trd, 000289.600, 169
Trd, 000289.650, 179
Trd, 000290.167, 180
Trd, 000290.700, 184
Trd, 000290.750, 180
Trd, 000291.250, 191
Trd, 000291.300, 187
Trd, 000291.400, 192
Trd, 000291.567, 175
Trd, 000292.333, 196
Trd, 000292.517, 180
Trd, 000292.950, 178
Trd, 000293.400, 178
Trd, 000293.900, 172
Trd, 000294.100, 173
Trd, 000294.483, 174
Trd, 000294.683, 182
Trd, 000295.017, 181
Trd, 000295.167, 182
Trd, 000295.283, 170
Trd, 000295.367, 170
Trd, 000296.550, 177
Trd, 000296.650, 184
Trd, 000296.850, 166
Trd, 000297.167, 186
Trd, 000297.417, 194
Trd, 000297.700, 192
Trd, 000298.483, 171
Trd, 000298.567, 191
Trd, 000298.683, 173
Trd, 000298.917, 173
Trd, 000299.067, 174
