Trd, 000002.267, 125
Trd, 000002.567, 133
Trd, 000002.633, 141
Trd, 000003.117, 125
Trd, 000003.267, 164
Trd, 000004.900, 140
Trd, 000005.083, 142
Trd, 000006.150, 151
Trd, 000006.533, 158
Trd, 000007.183, 148
Trd, 000007.350, 149
Trd, 000007.450, 166
Trd, 000007.533, 174
Trd, 000008.283, 147
Trd, 000008.467, 141
Trd, 000009.150, 160
Trd, 000009.717, 160
Trd, 000010.400, 161
Trd, 000010.417, 146
Trd, 000010.600, 146
Trd, 000010.967, 159
Trd, 000011.350, 158
Trd, 000013.483, 156
Trd, 000014.717, 156
Trd, 000015.117, 155
Trd, 000015.833, 156
Trd, 000015.950, 156
Trd, 000016.783, 156
Trd, 000018.833, 153
Trd, 000019.017, 158
Trd, 000019.083, 159
Trd, 000019.133, 153
Trd, 000019.483, 167
Trd, 000019.900, 157
Trd, 000020.817, 158
Trd, 000021.717, 158
Trd, 000023.900, 156
Trd, 000024.100, 155
Trd, 000024.667, 158
Trd, 000024.683, 160
Trd, 000025.217, 160
Trd, 000025.283, 155
Trd, 000025.483, 154
Trd, 000025.800, 158
Trd, 000025.883, 159
Trd, 000026.617, 160
Trd, 000027.233, 157
Trd, 000027.933, 159
Trd, 000028.267, 159
Trd, 000028.833, 160
Trd, 000030.383, 158
Trd, 000030.717, 156
Trd, 000030.900, 155
Trd, 000032.267, 159
Trd, 000032.717, 159
Trd, 000033.450, 156
Trd, 000034.783, 158
Trd, 000035.500, 158
Trd, 000036.183, 155
Trd, 000036.417, 154
Trd, 000036.467, 155
Trd, 000036.700, 154
Trd, 000036.800, 156
Trd, 000036.983, 154
Trd, 000037.383, 157
Trd, 000037.883, 159
Trd, 000038.433, 141
Trd, 000040.833, 155
Trd, 000041.367, 155
Trd, 000041.750, 162
Trd, 000042.400, 154
Trd, 000043.217, 169
Trd, 000044.467, 160
Trd, 000044.517, 155
Trd, 000044.700, 153
Trd, 000045.050, 152
Trd, 000045.117, 162
Trd, 000045.267, 151
Trd, 000045.800, 150
Trd, 000046.317, 145
Trd, 000046.600, 160
Trd, 000048.617, 161
Trd, 000050.317, 161
Trd, 000050.983, 161
Trd, 000051.067, 163
Trd, 000051.117, 167
Trd, 000051.767, 166
Trd, 000051.983, 168
Trd, 000052.317, 157
Trd, 000052.850, 160
Trd, 000053.033, 159
Trd, 000053.167, 167
Trd, 000055.283, 164
Trd, 000055.933, 164
Trd, 000057.183, 161
Trd, 000057.950, 161
Trd, 000058.900, 162
Trd, 000058.967, 160
Trd, 000059.217, 162
Trd, 000059.250, 163
Trd, 000059.483, 163
Trd, 000060.183, 164
Trd, 000060.667, 160
Trd, 000060.883, 164
Trd, 000060.983, 167
Trd, 000061.500, 160
Trd, 000062.550, 165
Trd, 000062.700, 171
Trd, 000063.533, 162
Trd, 000063.817, 172
Trd, 000063.900, 160
Trd, 000064.517, 161
Trd, 000066.333, 162
Trd, 000066.433, 161
Trd, 000067.283, 161
Trd, 000067.933, 172
Trd, 000068.150, 159
Trd, 000068.950, 165
Trd, 000069.033, 165
Trd, 000069.817, 158
Trd, 000071.167, 162
Trd, 000071.650, 161
Trd, 000072.517, 162
Trd, 000072.583, 165
Trd, 000073.533, 169
Trd, 000073.667, 175
Trd, 000074.383, 178
Trd, 000074.567, 179
Trd, 000075.083, 177
Trd, 000075.200, 162
Trd, 000075.867, 161
Trd, 000076.617, 162
Trd, 000076.867, 158
Trd, 000078.200, 154
Trd, 000078.567, 163
Trd, 000078.667, 163
Trd, 000078.917, 164
Trd, 000080.750, 164
Trd, 000081.750, 164
Trd, 000082.400, 165
Trd, 000082.433, 161
Trd, 000082.583, 164
Trd, 000083.767, 163
Trd, 000083.783, 165
Trd, 000084.450, 161
Trd, 000084.583, 173
Trd, 000084.717, 175
Trd, 000085.717, 161
Trd, 000086.167, 160
Trd, 000088.733, 167
Trd, 000088.950, 167
Trd, 000089.983, 168
Trd, 000090.133, 162
Trd, 000090.250, 160
Trd, 000090.400, 170
Trd, 000090.717, 174
Trd, 000090.817, 160
Trd, 000091.000, 173
Trd, 000091.183, 159
Trd, 000092.833, 164
Trd, 000092.933, 172
Trd, 000093.317, 173
Trd, 000093.617, 161
Trd, 000094.033, 160
Trd, 000094.200, 156
Trd, 000095.183, 150
Trd, 000095.483, 165
Trd, 000096.950, 161
Trd, 000096.967, 163
Trd, 000097.500, 164
Trd, 000097.917, 175
Trd, 000098.250, 161
Trd, 000098.483, 177
Trd, 000098.667, 160
Trd, 000099.400, 178
Trd, 000100.517, 159
Trd, 000101.067, 167
Trd, 000101.400, 157
Trd, 000101.683, 175
Trd, 000102.283, 159
Trd, 000102.850, 168
Trd, 000103.233, 158
Trd, 000103.850, 158
Trd, 000103.917, 152
Trd, 000104.583, 162
Trd, 000105.133, 163
Trd, 000105.567, 157
Trd, 000106.150, 165
Trd, 000106.233, 164
Trd, 000106.617, 158
Trd, 000108.817, 162
Trd, 000108.950, 162
Trd, 000108.967, 167
Trd, 000109.683, 159
Trd, 000109.750, 166
Trd, 000109.833, 169
Trd, 000110.550, 159
Trd, 000110.967, 159
Trd, 000111.033, 157
Trd, 000111.300, 155
Trd, 000111.950, 168
Trd, 000113.050, 167
Trd, 000114.283, 165
Trd, 000115.050, 162
Trd, 000115.717, 161
Trd, 000116.067, 163
Trd, 000116.517, 163
Trd, 000116.883, 165
Trd, 000117.167, 161
Trd, 000118.567, 165
Trd, 000118.683, 166
Trd, 000119.300, 181
Trd, 000119.517, 166
Trd, 000120.583, 172
Trd, 000120.950, 170
Trd, 000121.267, 167
Trd, 000122.100, 170
Trd, 000122.200, 170
Trd, 000122.717, 170
Trd, 000123.867, 169
Trd, 000123.883, 166
Trd, 000124.467, 169
Trd, 000125.150, 166
Trd, 000125.233, 170
Trd, 000126.233, 166
Trd, 000126.967, 170
Trd, 000127.967, 167
Trd, 000128.217, 167
Trd, 000128.400, 175
Trd, 000129.083, 170
Trd, 000129.483, 168
Trd, 000129.650, 168
Trd, 000130.867, 167
Trd, 000131.283, 169
Trd, 000131.800, 178
Trd, 000132.617, 183
Trd, 000133.750, 188
Trd, 000134.483, 178
Trd, 000135.233, 175
Trd, 000135.250, 176
Trd, 000135.333, 174
Trd, 000135.583, 174
Trd, 000136.067, 179
Trd, 000136.083, 166
Trd, 000137.150, 164
Trd, 000138.350, 182
Trd, 000138.450, 183
Trd, 000139.550, 179
Trd, 000139.567, 171
Trd, 000140.067, 165
Trd, 000140.300, 178
Trd, 000140.650, 177
Trd, 000141.200, 170
Trd, 000141.683, 177
Trd, 000141.817, 182
Trd, 000142.750, 171
Trd, 000143.667, 180
Trd, 000143.967, 179
Trd, 000145.000, 173
Trd, 000145.033, 172
Trd, 000145.283, 179
Trd, 000146.900, 172
Trd, 000147.150, 157
Trd, 000147.683, 173
Trd, 000149.067, 170
Trd, 000150.033, 173
Trd, 000150.300, 169
Trd, 000150.883, 172
Trd, 000151.267, 174
Trd, 000151.983, 173
Trd, 000152.050, 172
Trd, 000152.333, 174
Trd, 000152.750, 180
Trd, 000153.650, 172
Trd, 000153.717, 169
Trd, 000154.217, 172
Trd, 000155.700, 173
Trd, 000156.033, 169
Trd, 000156.167, 169
Trd, 000156.250, 173
Trd, 000156.300, 168
Trd, 000157.183, 172
Trd, 000157.367, 180
Trd, 000157.733, 176
Trd, 000157.767, 182
Trd, 000158.800, 172
Trd, 000160.150, 176
Trd, 000160.217, 169
Trd, 000160.550, 175
Trd, 000161.267, 181
Trd, 000161.667, 170
Trd, 000162.617, 171
Trd, 000163.783, 172
Trd, 000164.433, 170
Trd, 000164.633, 170
Trd, 000164.883, 171
Trd, 000165.500, 169
Trd, 000165.750, 171
Trd, 000167.150, 171
Trd, 000167.250, 170
Trd, 000167.333, 172
Trd, 000167.517, 167
Trd, 000168.033, 163
Trd, 000168.333, 172
Trd, 000170.550, 170
Trd, 000171.333, 171
Trd, 000171.550, 167
Trd, 000173.017, 166
Trd, 000173.417, 167
Trd, 000174.000, 166
Trd, 000174.200, 169
Trd, 000174.300, 164
Trd, 000175.083, 169
Trd, 000175.550, 171
Trd, 000176.583, 165
Trd, 000177.083, 170
Trd, 000177.117, 164
Trd, 000177.817, 173
Trd, 000178.117, 182
Trd, 000178.283, 165
Trd, 000178.433, 164
Trd, 000179.017, 175
Trd, 000180.700, 173
Trd, 000180.883, 174
Trd, 000181.900, 167
Trd, 000182.600, 167
Trd, 000182.650, 166
Trd, 000184.517, 168
Trd, 000185.083, 168
Trd, 000185.117, 166
Trd, 000185.533, 165
Trd, 000185.683, 172
Trd, 000185.800, 173
Trd, 000186.200, 162
Trd, 000186.567, 176
Trd, 000186.667, 158
Trd, 000186.733, 186
Trd, 000188.133, 175
Trd, 000188.250, 175
Trd, 000188.333, 176
Trd, 000190.083, 175
Trd, 000190.250, 176
Trd, 000190.550, 169
Trd, 000190.650, 177
Trd, 000191.050, 169
Trd, 000191.200, 184
Trd, 000191.433, 184
Trd, 000191.800, 187
Trd, 000192.217, 182
Trd, 000192.250, 192
Trd, 000192.950, 175
Trd, 000194.483, 182
Trd, 000195.717, 175
Trd, 000195.817, 180
Trd, 000196.750, 179
Trd, 000197.633, 174
Trd, 000197.900, 174
Trd, 000199.083, 178
Trd, 000199.317, 174
Trd, 000199.417, 173
Trd, 000199.983, 173
Trd, 000200.050, 179
Trd, 000201.750, 178
Trd, 000202.200, 178
Trd, 000202.233, 179
Trd, 000202.633, 176
Trd, 000203.217, 185
Trd, 000203.900, 175
Trd, 000204.483, 174
Trd, 000205.817, 179
Trd, 000205.850, 174
Trd, 000206.117, 171
Trd, 000206.133, 179
Trd, 000206.950, 171
Trd, 000207.033, 167
Trd, 000207.100, 176
Trd, 000207.833, 162
Trd, 000208.200, 169
Trd, 000208.300, 168
Trd, 000208.600, 162
Trd, 000208.617, 177
Trd, 000209.200, 172
Trd, 000209.450, 179
Trd, 000211.317, 168
Trd, 000211.450, 179
Trd, 000214.850, 170
Trd, 000214.950, 172
Trd, 000215.850, 174
Trd, 000216.400, 169
Trd, 000216.533, 174
Trd, 000216.850, 179
Trd, 000217.033, 186
Trd, 000217.117, 170
Trd, 000217.567, 169
Trd, 000218.683, 170
Trd, 000218.700, 178
Trd, 000219.200, 180
Trd, 000219.583, 187
Trd, 000219.717, 170
Trd, 000220.383, 169
Trd, 000220.817, 170
Trd, 000222.017, 173
Trd, 000222.667, 170
Trd, 000223.083, 173
Trd, 000223.533, 169
Trd, 000224.317, 173
Trd, 000225.100, 174
Trd, 000225.483, 173
Trd, 000226.250, 172
Trd, 000226.600, 177
Trd, 000226.767, 169
Trd, 000226.817, 179
Trd, 000227.433, 170
Trd, 000228.000, 179
Trd, 000228.983, 177
Trd, 000229.117, 174
Trd, 000230.167, 187
Trd, 000231.633, 183
Trd, 000232.467, 188
Trd, 000232.533, 190
Trd, 000232.667, 176
Trd, 000233.117, 176
Trd, 000233.183, 168
Trd, 000233.867, 190
Trd, 000233.983, 175
Trd, 000235.000, 175
Trd, 000236.483, 176
Trd, 000236.550, 187
Trd, 000237.150, 186
Trd, 000238.250, 184
Trd, 000238.450, 185
Trd, 000238.750, 177
Trd, 000239.150, 176
Trd, 000240.483, 176
Trd, 000240.950, 181
Trd, 000241.183, 180
Trd, 000241.250, 179
Trd, 000241.533, 178
Trd, 000241.567, 180
Trd, 000241.750, 181
Trd, 000241.833, 179
Trd, 000242.033, 180
Trd, 000242.217, 175
Trd, 000244.033, 177
Trd, 000244.467, 178
Trd, 000244.617, 175
Trd, 000244.817, 174
Trd, 000246.033, 178
Trd, 000246.117, 176
Trd, 000247.067, 175
Trd, 000247.100, 177
Trd, 000248.100, 172
Trd, 000248.417, 176
Trd, 000249.233, 171
Trd, 000249.833, 172
Trd, 000249.900, 173
Trd, 000250.467, 180
Trd, 000250.517, 183
Trd, 000250.650, 172
Trd, 000251.417, 180
Trd, 000251.783, 182
Trd, 000252.617, 183
Trd, 000252.717, 180
Trd, 000253.133, 180
Trd, 000253.250, 180
Trd, 000253.533, 183
Trd, 000254.650, 180
Trd, 000255.300, 187
Trd, 000255.400, 190
Trd, 000255.483, 185
Trd, 000255.817, 181
Trd, 000255.833, 185
Trd, 000256.367, 185
Trd, 000257.000, 184
Trd, 000257.250, 186
Trd, 000257.317, 180
Trd, 000257.550, 187
Trd, 000257.833, 176
Trd, 000258.033, 172
Trd, 000258.117, 193
Trd, 000258.400, 170
Trd, 000258.850, 183
Trd, 000259.467, 181
Trd, 000260.583, 177
Trd, 000260.917, 178
Trd, 000261.333, 177
Trd, 000261.883, 176
Trd, 000262.133, 176
Trd, 000262.367, 176
Trd, 000262.383, 177
Trd, 000263.233, 176
Trd, 000263.400, 174
Trd, 000263.433, 180
Trd, 000263.800, 177
Trd, 000264.483, 181
Trd, 000264.717, 172
Trd, 000265.283, 181
Trd, 000266.067, 179
Trd, 000266.133, 175
Trd, 000266.650, 178
Trd, 000266.700, 179
Trd, 000267.067, 175
Trd, 000267.517, 174
Trd, 000267.650, 173
Trd, 000268.100, 170
Trd, 000268.767, 167
Trd, 000268.950, 167
Trd, 000269.267, 176
Trd, 000269.850, 168
Trd, 000270.050, 164
Trd, 000270.367, 176
Trd, 000270.867, 164
Trd, 000271.200, 176
Trd, 000271.700, 173
Trd, 000272.217, 165
Trd, 000272.683, 165
Trd, 000273.567, 170
Trd, 000274.000, 171
Trd, 000274.367, 171
Trd, 000275.150, 166
Trd, 000275.417, 166
Trd, 000275.650, 168
Trd, 000275.983, 169
Trd, 000276.217, 166
Trd, 000276.367, 169
Trd, 000276.667, 167
Trd, 000276.833, 165
Trd, 000276.867, 170
Trd, 000277.683, 172
Trd, 000278.050, 168
Trd, 000278.683, 168
Trd, 000279.183, 171
Trd, 000279.383, 172
Trd, 000279.917, 172
Trd, 000280.533, 167
Trd, 000280.900, 170
Trd, 000281.250, 168
Trd, 000281.967, 168
Trd, 000282.133, 172
Trd, 000282.617, 179
Trd, 000282.917, 168
Trd, 000283.183, 176
Trd, 000283.817, 171
Trd, 000284.167, 170
Trd, 000284.183, 172
Trd, 000284.283, 170
Trd, 000285.300, 171
Trd, 000285.533, 182
Trd, 000286.283, 183
Trd, 000286.583, 196
Trd, 000287.183, 197
Trd, 000287.667, 194
Trd, 000288.200, 199
Trd, 000288.767, 186
Trd, 000289.000, 184
Trd, 000289.300, 182
Trd, 000289.517, 173
Trd, 000289.800, 175
Trd, 000290.033, 168
Trd, 000290.833, 173
Trd, 000291.033, 180
Trd, 000291.250, 187
Trd, 000291.933, 180
Trd, 000292.200, 186
Trd, 000292.300, 177
Trd, 000292.517, 176
Trd, 000293.050, 177
Trd, 000293.217, 175
Trd, 000293.433, 169
Trd, 000293.900, 186
Trd, 000293.933, 169
Trd, 000295.183, 184
Trd, 000295.233, 185
Trd, 000295.317, 173
Trd, 000295.683, 185
Trd, 000295.983, 186
Trd, 000296.000, 194
Trd, 000296.667, 200
Trd, 000297.083, 195
Trd, 000297.383, 205
Trd, 000297.417, 209
Trd, 000297.917, 195
Trd, 000298.567, 193
Trd, 000299.017, 195
Trd, 000299.067, 192
