Trd, 000001.200, 130
Trd, 000002.017, 141
Trd, 000002.800, 111
Trd, 000004.317, 139
Trd, 000004.867, 141
Trd, 000005.133, 142
Trd, 000005.683, 138
Trd, 000006.183, 143
Trd, 000007.350, 143
Trd, 000007.583, 144
Trd, 000008.033, 138
Trd, 000008.783, 140
Trd, 000009.900, 141
Trd, 000010.550, 141
Trd, 000010.783, 141
Trd, 000011.500, 143
Trd, 000011.900, 140
Trd, 000012.017, 149
Trd, 000012.050, 153
Trd, 000012.917, 140
Trd, 000012.933, 145
Trd, 000013.000, 139
Trd, 000014.683, 131
Trd, 000015.117, 130
Trd, 000015.183, 127
Trd, 000015.700, 127
Trd, 000016.100, 127
Trd, 000017.100, 129
Trd, 000017.983, 127
Trd, 000018.483, 133
Trd, 000018.667, 146
Trd, 000019.617, 146
Trd, 000020.883, 146
Trd, 000021.050, 149
Trd, 000021.583, 146
Trd, 000021.983, 147
Trd, 000022.167, 147
Trd, 000023.033, 147
Trd, 000023.583, 147
Trd, 000024.467, 147
Trd, 000024.617, 146
Trd, 000025.133, 148
Trd, 000026.083, 146
Trd, 000026.900, 150
Trd, 000027.067, 148
Trd, 000027.767, 147
Trd, 000027.883, 154
Trd, 000028.650, 151
Trd, 000029.933, 153
Trd, 000030.617, 152
Trd, 000031.000, 151
Trd, 000031.033, 150
Trd, 000031.467, 149
Trd, 000031.983, 147
Trd, 000032.317, 144
Trd, 000033.983, 145
Trd, 000034.383, 143
Trd, 000035.200, 143
Trd, 000035.550, 144
Trd, 000036.050, 145
Trd, 000037.617, 144
Trd, 000038.150, 146
Trd, 000038.200, 148
Trd, 000038.917, 148
Trd, 000040.617, 149
Trd, 000040.700, 150
Trd, 000041.200, 150
Trd, 000041.383, 152
Trd, 000042.433, 151
Trd, 000042.467, 152
Trd, 000043.233, 152
Trd, 000043.333, 153
Trd, 000043.517, 154
Trd, 000043.783, 152
Trd, 000044.300, 151
Trd, 000045.883, 154
Trd, 000046.900, 156
Trd, 000047.733, 155
Trd, 000048.000, 158
Trd, 000048.017, 148
Trd, 000048.833, 135
Trd, 000049.833, 158
Trd, 000050.833, 156
Trd, 000051.650, 154
Trd, 000051.883, 153
Trd, 000053.083, 153
Trd, 000053.700, 154
Trd, 000053.917, 155
Trd, 000054.033, 155
Trd, 000054.433, 156
Trd, 000055.133, 154
Trd, 000055.667, 153
Trd, 000056.017, 154
Trd, 000056.717, 155
Trd, 000057.533, 156
Trd, 000057.667, 159
Trd, 000057.883, 159
Trd, 000058.533, 155
Trd, 000058.983, 159
Trd, 000060.583, 156
Trd, 000060.683, 156
Trd, 000061.067, 156
Trd, 000061.567, 154
Trd, 000062.667, 160
Trd, 000062.700, 156
Trd, 000062.717, 161
Trd, 000063.217, 155
Trd, 000065.000, 155
Trd, 000065.850, 154
Trd, 000065.967, 155
Trd, 000066.283, 151
Trd, 000066.383, 150
Trd, 000067.050, 150
Trd, 000067.333, 146
Trd, 000067.617, 147
Trd, 000068.050, 134
Trd, 000069.217, 147
Trd, 000070.567, 143
Trd, 000070.967, 144
Trd, 000072.633, 148
Trd, 000072.767, 147
Trd, 000073.617, 147
Trd, 000074.317, 151
Trd, 000074.517, 147
Trd, 000074.650, 155
Trd, 000076.300, 152
Trd, 000076.617, 156
Trd, 000077.417, 160
Trd, 000078.333, 159
Trd, 000078.467, 160
Trd, 000078.783, 158
Trd, 000080.567, 158
Trd, 000080.917, 158
Trd, 000081.150, 159
Trd, 000081.350, 158
Trd, 000082.183, 159
Trd, 000082.417, 160
Trd, 000083.033, 160
Trd, 000083.250, 163
Trd, 000084.217, 157
Trd, 000084.383, 157
Trd, 000084.967, 157
Trd, 000085.300, 156
Trd, 000086.367, 158
Trd, 000086.833, 157
Trd, 000087.283, 158
Trd, 000087.783, 157
Trd, 000088.467, 159
Trd, 000088.933, 150
Trd, 000089.583, 155
Trd, 000090.067, 155
Trd, 000090.200, 156
Trd, 000090.467, 154
Trd, 000090.683, 153
Trd, 000091.567, 153
Trd, 000092.650, 155
Trd, 000092.700, 154
Trd, 000092.750, 152
Trd, 000093.833, 156
Trd, 000094.317, 155
Trd, 000095.650, 157
Trd, 000095.867, 156
Trd, 000095.883, 157
Trd, 000096.667, 156
Trd, 000096.917, 155
Trd, 000097.983, 157
Trd, 000098.583, 156
Trd, 000098.817, 156
Trd, 000098.983, 157
Trd, 000100.100, 159
Trd, 000100.650, 157
Trd, 000100.733, 156
Trd, 000101.650, 157
Trd, 000102.567, 156
Trd, 000103.600, 155
Trd, 000103.867, 156
Trd, 000104.033, 164
Trd, 000104.817, 152
Trd, 000104.917, 165
Trd, 000106.233, 157
Trd, 000106.317, 156
Trd, 000107.633, 156
Trd, 000107.783, 156
Trd, 000108.750, 158
Trd, 000110.000, 154
Trd, 000110.300, 157
Trd, 000110.350, 158
Trd, 000110.867, 155
Trd, 000112.083, 158
Trd, 000112.850, 157
Trd, 000113.333, 158
Trd, 000113.533, 157
Trd, 000113.917, 156
Trd, 000114.917, 157
Trd, 000115.600, 159
Trd, 000115.633, 162
Trd, 000116.367, 155
Trd, 000116.467, 162
Trd, 000116.533, 155
Trd, 000117.650, 154
Trd, 000117.900, 154
Trd, 000118.083, 158
Trd, 000118.383, 156
Trd, 000118.950, 154
Trd, 000119.383, 157
Trd, 000119.950, 157
Trd, 000120.383, 157
Trd, 000124.117, 155
Trd, 000124.433, 156
Trd, 000124.533, 157
Trd, 000125.133, 159
Trd, 000125.267, 160
Trd, 000126.117, 163
Trd, 000126.733, 162
Trd, 000126.850, 162
Trd, 000127.383, 163
Trd, 000127.917, 164
Trd, 000127.950, 160
Trd, 000130.400, 162
Trd, 000130.533, 163
Trd, 000131.200, 161
Trd, 000131.350, 161
Trd, 000132.183, 162
Trd, 000132.450, 161
Trd, 000132.567, 162
Trd, 000133.783, 163
Trd, 000133.833, 165
Trd, 000134.050, 181
Trd, 000135.200, 162
Trd, 000135.417, 162
Trd, 000136.000, 161
Trd, 000136.300, 160
Trd, 000136.733, 158
Trd, 000137.250, 162
Trd, 000138.083, 160
Trd, 000138.167, 159
Trd, 000139.000, 161
Trd, 000139.367, 159
Trd, 000140.183, 159
Trd, 000141.317, 162
Trd, 000141.917, 160
Trd, 000142.683, 159
Trd, 000142.983, 159
Trd, 000143.217, 160
Trd, 000143.267, 161
Trd, 000143.583, 158
Trd, 000145.200, 160
Trd, 000145.267, 159
Trd, 000145.483, 164
Trd, 000146.500, 159
Trd, 000148.050, 159
Trd, 000148.167, 158
Trd, 000149.467, 159
Trd, 000149.850, 158
Trd, 000150.000, 159
Trd, 000150.100, 160
Trd, 000151.167, 162
Trd, 000151.283, 163
Trd, 000151.767, 166
Trd, 000152.167, 160
Trd, 000153.550, 161
Trd, 000154.000, 161
Trd, 000155.117, 161
Trd, 000155.650, 162
Trd, 000156.067, 161
Trd, 000156.250, 163
Trd, 000156.300, 160
Trd, 000156.650, 159
Trd, 000158.350, 160
Trd, 000158.517, 161
Trd, 000159.267, 162
Trd, 000159.333, 163
Trd, 000160.167, 161
Trd, 000161.117, 160
Trd, 000161.200, 161
Trd, 000161.550, 161
Trd, 000162.417, 161
Trd, 000163.317, 160
Trd, 000163.917, 161
Trd, 000164.367, 162
Trd, 000164.417, 164
Trd, 000164.950, 162
Trd, 000166.083, 161
Trd, 000166.167, 160
Trd, 000166.367, 158
Trd, 000167.750, 161
Trd, 000168.567, 162
Trd, 000168.800, 162
Trd, 000169.650, 162
Trd, 000169.983, 161
Trd, 000171.300, 161
Trd, 000171.850, 161
Trd, 000173.350, 160
Trd, 000173.700, 161
Trd, 000174.233, 160
Trd, 000174.900, 160
Trd, 000174.967, 159
Trd, 000175.100, 149
Trd, 000175.650, 144
Trd, 000176.183, 155
Trd, 000176.200, 159
Trd, 000177.250, 158
Trd, 000177.733, 160
Trd, 000178.167, 159
Trd, 000178.500, 161
Trd, 000179.150, 164
Trd, 000179.967, 163
Trd, 000180.550, 165
Trd, 000180.600, 165
Trd, 000180.783, 166
Trd, 000181.417, 164
Trd, 000181.467, 164
Trd, 000181.900, 163
Trd, 000182.783, 162
Trd, 000183.417, 163
Trd, 000183.967, 162
Trd, 000184.183, 165
Trd, 000184.500, 165
Trd, 000184.700, 167
Trd, 000185.100, 161
Trd, 000186.267, 169
Trd, 000187.017, 167
Trd, 000187.100, 164
Trd, 000187.583, 166
Trd, 000187.883, 166
Trd, 000188.167, 165
Trd, 000188.583, 166
Trd, 000189.717, 170
Trd, 000189.750, 167
Trd, 000191.117, 169
Trd, 000191.817, 169
Trd, 000192.300, 169
Trd, 000193.267, 170
Trd, 000193.800, 171
Trd, 000194.517, 169
Trd, 000195.533, 168
Trd, 000195.950, 168
Trd, 000196.333, 167
Trd, 000196.567, 167
Trd, 000196.617, 167
Trd, 000196.733, 168
Trd, 000197.533, 167
Trd, 000197.833, 170
Trd, 000198.033, 163
Trd, 000198.267, 165
Trd, 000200.683, 162
Trd, 000201.017, 161
Trd, 000202.517, 161
Trd, 000202.633, 171
Trd, 000204.083, 171
Trd, 000204.883, 165
Trd, 000205.050, 166
Trd, 000205.117, 164
Trd, 000206.233, 166
Trd, 000206.567, 164
Trd, 000207.050, 172
Trd, 000207.400, 166
Trd, 000207.750, 170
Trd, 000208.517, 167
Trd, 000210.533, 168
Trd, 000211.517, 167
Trd, 000212.050, 169
Trd, 000212.650, 169
Trd, 000212.883, 171
Trd, 000213.500, 171
Trd, 000214.483, 170
Trd, 000215.850, 173
Trd, 000216.017, 174
Trd, 000216.633, 172
Trd, 000216.817, 170
Trd, 000217.100, 170
Trd, 000217.833, 169
Trd, 000218.300, 186
Trd, 000218.883, 186
Trd, 000219.067, 175
Trd, 000219.100, 188
Trd, 000219.617, 174
Trd, 000219.783, 183
Trd, 000220.967, 174
Trd, 000221.350, 173
Trd, 000222.017, 176
Trd, 000222.217, 172
Trd, 000223.367, 173
Trd, 000223.500, 171
Trd, 000224.533, 171
Trd, 000225.367, 170
Trd, 000225.617, 169
Trd, 000225.783, 167
Trd, 000227.133, 161
Trd, 000227.500, 166
Trd, 000227.683, 167
Trd, 000228.367, 169
Trd, 000228.600, 170
Trd, 000228.733, 171
Trd, 000229.217, 177
Trd, 000229.617, 167
Trd, 000229.850, 173
Trd, 000229.950, 167
Trd, 000231.467, 173
Trd, 000231.600, 176
Trd, 000231.683, 167
Trd, 000232.350, 169
Trd, 000232.633, 185
Trd, 000233.600, 164
Trd, 000234.333, 191
Trd, 000235.867, 167
Trd, 000236.617, 170
Trd, 000236.667, 171
Trd, 000236.867, 170
Trd, 000237.650, 171
Trd, 000237.883, 170
Trd, 000238.217, 172
Trd, 000238.383, 171
Trd, 000238.867, 171
Trd, 000239.233, 169
Trd, 000240.033, 170
Trd, 000240.067, 171
Trd, 000240.450, 172
Trd, 000240.700, 175
Trd, 000240.967, 173
Trd, 000241.117, 175
Trd, 000241.367, 178
Trd, 000241.500, 179
Trd, 000242.200, 180
Trd, 000242.283, 177
Trd, 000242.650, 192
Trd, 000243.033, 182
Trd, 000243.683, 192
Trd, 000244.133, 188
Trd, 000244.217, 172
Trd, 000245.233, 183
Trd, 000245.300, 182
Trd, 000245.550, 186
Trd, 000245.733, 184
Trd, 000246.300, 186
Trd, 000246.583, 186
Trd, 000247.033, 185
Trd, 000247.717, 185
Trd, 000248.717, 186
Trd, 000248.767, 186
Trd, 000249.567, 187
Trd, 000249.750, 184
Trd, 000250.550, 191
Trd, 000250.633, 183
Trd, 000251.350, 186
Trd, 000251.600, 185
Trd, 000251.783, 186
Trd, 000251.950, 187
Trd, 000252.033, 175
Trd, 000252.833, 185
Trd, 000253.000, 187
Trd, 000253.167, 187
Trd, 000253.317, 188
Trd, 000254.900, 183
Trd, 000255.517, 185
Trd, 000255.983, 184
Trd, 000256.050, 184
Trd, 000256.067, 185
Trd, 000256.333, 183
Trd, 000256.517, 177
Trd, 000256.800, 183
Trd, 000256.917, 186
Trd, 000257.017, 179
Trd, 000257.783, 185
Trd, 000258.967, 178
Trd, 000259.583, 176
Trd, 000260.067, 178
Trd, 000260.383, 178
Trd, 000260.683, 179
Trd, 000260.850, 178
Trd, 000261.567, 180
Trd, 000262.083, 178
Trd, 000262.250, 176
Trd, 000262.783, 178
Trd, 000263.200, 177
Trd, 000263.433, 178
Trd, 000264.283, 174
Trd, 000264.900, 178
Trd, 000265.550, 176
Trd, 000265.567, 174
Trd, 000265.633, 178
Trd, 000265.700, 177
Trd, 000266.083, 179
Trd, 000266.283, 186
Trd, 000267.150, 188
Trd, 000267.217, 183
Trd, 000267.817, 186
Trd, 000268.783, 187
Trd, 000268.967, 183
Trd, 000269.450, 189
Trd, 000270.100, 189
Trd, 000270.267, 189
Trd, 000270.583, 190
Trd, 000270.633, 191
Trd, 000270.733, 188
Trd, 000271.250, 189
Trd, 000271.350, 192
Trd, 000271.450, 195
Trd, 000272.133, 177
Trd, 000272.717, 191
Trd, 000274.200, 188
Trd, 000274.300, 183
Trd, 000274.717, 184
Trd, 000275.600, 185
Trd, 000275.617, 186
Trd, 000275.750, 187
Trd, 000276.083, 185
Trd, 000276.333, 182
Trd, 000276.483, 188
Trd, 000276.783, 184
Trd, 000277.233, 184
Trd, 000277.650, 184
Trd, 000277.883, 181
Trd, 000278.467, 188
Trd, 000279.100, 182
Trd, 000279.217, 179
Trd, 000279.500, 189
Trd, 000280.767, 185
Trd, 000280.900, 186
Trd, 000281.333, 189
Trd, 000281.617, 189
Trd, 000282.717, 187
Trd, 000282.917, 183
Trd, 000283.833, 176
Trd, 000283.983, 184
Trd, 000284.067, 183
Trd, 000284.083, 186
Trd, 000284.217, 177
Trd, 000284.317, 187
Trd, 000284.717, 187
Trd, 000284.783, 177
Trd, 000285.267, 187
Trd, 000287.467, 184
Trd, 000287.483, 183
Trd, 000287.883, 183
Trd, 000288.283, 184
Trd, 000288.867, 181
Trd, 000289.000, 182
Trd, 000289.033, 183
Trd, 000289.050, 180
Trd, 000289.567, 179
Trd, 000289.917, 184
Trd, 000290.150, 192
Trd, 000290.750, 177
Trd, 000290.800, 173
Trd, 000291.267, 190
Trd, 000291.300, 155
Trd, 000292.067, 189
Trd, 000292.450, 176
Trd, 000292.517, 189
Trd, 000292.667, 191
Trd, 000293.050, 175
Trd, 000293.533, 175
Trd, 000293.583, 187
Trd, 000293.667, 193
Trd, 000294.867, 189
Trd, 000296.433, 187
Trd, 000296.783, 185
Trd, 000296.983, 189
Trd, 000297.100, 190
Trd, 000298.700, 186
Trd, 000298.883, 186
Trd, 000299.017, 187
Trd, 000299.250, 184
Trd, 000299.450, 184
Trd, 000299.567, 187
Trd, 000299.933, 182
