Trd, 000001.733, 148
Trd, 000002.133, 113
Trd, 000002.333, 158
Trd, 000003.050, 156
Trd, 000003.233, 157
Trd, 000004.283, 157
Trd, 000004.333, 158
Trd, 000004.817, 156
Trd, 000005.067, 155
Trd, 000005.117, 152
Trd, 000005.417, 153
Trd, 000008.150, 155
Trd, 000008.883, 157
Trd, 000009.233, 156
Trd, 000009.633, 154
Trd, 000010.517, 149
Trd, 000010.933, 154
Trd, 000011.283, 148
Trd, 000011.967, 150
Trd, 000013.183, 150
Trd, 000013.867, 150
Trd, 000014.000, 154
Trd, 000015.167, 154
Trd, 000015.483, 154
Trd, 000015.600, 155
Trd, 000016.567, 152
Trd, 000017.433, 152
Trd, 000018.450, 156
Trd, 000018.733, 154
Trd, 000018.767, 151
Trd, 000019.000, 155
Trd, 000019.367, 142
Trd, 000019.717, 143
Trd, 000019.917, 136
Trd, 000020.533, 151
Trd, 000020.817, 147
Trd, 000021.600, 144
Trd, 000022.983, 153
Trd, 000023.533, 153
Trd, 000023.667, 153
Trd, 000024.317, 154
Trd, 000024.800, 153
Trd, 000024.850, 158
Trd, 000024.967, 151
Trd, 000026.133, 160
Trd, 000026.217, 158
Trd, 000026.533, 159
Trd, 000027.600, 159
Trd, 000028.250, 155
Trd, 000028.367, 153
Trd, 000029.350, 157
Trd, 000029.817, 156
Trd, 000030.000, 155
Trd, 000030.750, 156
Trd, 000032.050, 157
Trd, 000033.533, 156
Trd, 000033.950, 158
Trd, 000034.183, 157
Trd, 000034.817, 158
Trd, 000034.933, 159
Trd, 000035.350, 159
Trd, 000036.000, 158
Trd, 000036.283, 157
Trd, 000036.500, 159
Trd, 000036.967, 161
Trd, 000037.350, 159
Trd, 000037.917, 157
Trd, 000038.083, 156
Trd, 000039.683, 161
Trd, 000040.183, 162
Trd, 000040.433, 153
Trd, 000043.850, 160
Trd, 000044.733, 159
Trd, 000045.217, 159
Trd, 000045.433, 159
Trd, 000045.617, 158
Trd, 000046.150, 159
Trd, 000046.417, 157
Trd, 000046.800, 160
Trd, 000048.117, 161
Trd, 000048.450, 177
Trd, 000048.500, 161
Trd, 000048.667, 180
Trd, 000049.083, 161
Trd, 000049.700, 161
Trd, 000049.817, 160
Trd, 000050.217, 159
Trd, 000050.767, 161
Trd, 000050.983, 160
Trd, 000051.767, 160
Trd, 000053.000, 160
Trd, 000053.383, 158
Trd, 000053.833, 157
Trd, 000054.867, 159
Trd, 000055.267, 157
Trd, 000055.617, 156
Trd, 000056.150, 162
Trd, 000056.367, 154
Trd, 000056.750, 139
Trd, 000058.333, 159
Trd, 000058.617, 159
Trd, 000058.817, 164
Trd, 000059.567, 162
Trd, 000059.583, 161
Trd, 000060.083, 160
Trd, 000060.750, 163
Trd, 000061.467, 163
Trd, 000061.900, 164
Trd, 000062.050, 165
Trd, 000062.067, 163
Trd, 000063.233, 162
Trd, 000064.167, 163
Trd, 000064.633, 166
Trd, 000064.650, 162
Trd, 000065.350, 161
Trd, 000065.517, 154
Trd, 000066.950, 145
Trd, 000067.050, 147
Trd, 000068.017, 155
Trd, 000068.700, 152
Trd, 000069.350, 151
Trd, 000070.200, 153
Trd, 000071.867, 155
Trd, 000072.183, 163
Trd, 000072.250, 162
Trd, 000072.567, 160
Trd, 000072.950, 158
Trd, 000073.067, 154
Trd, 000073.283, 164
Trd, 000073.400, 156
Trd, 000075.033, 160
Trd, 000075.617, 156
Trd, 000076.183, 159
Trd, 000076.833, 161
Trd, 000077.333, 164
Trd, 000078.017, 161
Trd, 000078.700, 165
Trd, 000079.133, 165
Trd, 000079.450, 164
Trd, 000080.167, 165
Trd, 000080.233, 164
Trd, 000080.867, 163
Trd, 000082.133, 166
Trd, 000083.000, 165
Trd, 000083.200, 165
Trd, 000083.283, 162
Trd, 000084.083, 163
Trd, 000084.350, 165
Trd, 000085.350, 162
Trd, 000085.483, 166
Trd, 000085.517, 166
Trd, 000085.683, 159
Trd, 000085.783, 156
Trd, 000086.383, 157
Trd, 000088.283, 159
Trd, 000088.417, 157
Trd, 000088.617, 143
Trd, 000088.817, 163
Trd, 000088.933, 140
Trd, 000089.600, 159
Trd, 000090.467, 146
Trd, 000091.133, 146
Trd, 000091.350, 148
Trd, 000093.067, 155
Trd, 000093.433, 155
Trd, 000093.950, 157
Trd, 000094.583, 165
Trd, 000095.633, 159
Trd, 000095.700, 182
Trd, 000095.767, 163
Trd, 000095.933, 158
Trd, 000096.267, 166
Trd, 000096.350, 155
Trd, 000098.583, 166
Trd, 000099.217, 161
Trd, 000099.617, 163
Trd, 000099.900, 165
Trd, 000100.100, 160
Trd, 000100.117, 136
Trd, 000101.183, 160
Trd, 000101.750, 161
Trd, 000101.917, 159
Trd, 000102.433, 160
Trd, 000103.183, 159
Trd, 000105.500, 158
Trd, 000105.800, 161
Trd, 000106.683, 162
Trd, 000107.300, 166
Trd, 000107.567, 163
Trd, 000108.250, 162
Trd, 000108.583, 166
Trd, 000108.683, 163
Trd, 000108.700, 161
Trd, 000109.333, 163
Trd, 000110.067, 163
Trd, 000110.350, 161
Trd, 000112.367, 161
Trd, 000113.683, 161
Trd, 000113.800, 162
Trd, 000113.950, 159
Trd, 000114.083, 160
Trd, 000115.883, 152
Trd, 000116.150, 153
Trd, 000116.600, 150
Trd, 000117.000, 156
Trd, 000117.867, 151
Trd, 000119.300, 155
Trd, 000119.750, 154
Trd, 000119.817, 155
Trd, 000119.833, 160
Trd, 000120.400, 167
Trd, 000120.450, 160
Trd, 000120.533, 153
Trd, 000121.867, 161
Trd, 000121.933, 170
Trd, 000123.467, 166
Trd, 000123.967, 167
Trd, 000123.983, 166
Trd, 000125.067, 165
Trd, 000125.567, 161
Trd, 000125.700, 167
Trd, 000126.500, 139
Trd, 000126.667, 165
Trd, 000127.650, 167
Trd, 000127.783, 164
Trd, 000129.117, 163
Trd, 000130.133, 162
Trd, 000131.217, 163
Trd, 000131.350, 161
Trd, 000131.950, 168
Trd, 000132.117, 165
Trd, 000132.250, 164
Trd, 000132.367, 163
Trd, 000133.050, 163
Trd, 000133.233, 167
Trd, 000133.550, 168
Trd, 000133.600, 171
Trd, 000133.783, 167
Trd, 000135.433, 170
Trd, 000137.733, 171
Trd, 000138.100, 171
Trd, 000138.417, 172
Trd, 000138.433, 170
Trd, 000138.783, 186
Trd, 000139.000, 171
Trd, 000139.600, 172
Trd, 000139.933, 172
Trd, 000140.400, 169
Trd, 000141.633, 169
Trd, 000142.100, 168
Trd, 000142.250, 167
Trd, 000142.650, 169
Trd, 000144.283, 168
Trd, 000144.483, 167
Trd, 000145.517, 169
Trd, 000145.700, 167
Trd, 000146.167, 167
Trd, 000146.783, 168
Trd, 000146.917, 167
Trd, 000147.400, 163
Trd, 000147.850, 170
Trd, 000148.583, 167
Trd, 000148.600, 166
Trd, 000148.750, 169
Trd, 000149.500, 163
Trd, 000149.600, 161
Trd, 000149.683, 173
Trd, 000151.767, 170
Trd, 000151.817, 164
Trd, 000151.933, 172
Trd, 000152.433, 177
Trd, 000152.700, 165
Trd, 000154.317, 171
Trd, 000154.567, 164
Trd, 000154.867, 171
Trd, 000154.950, 170
Trd, 000155.767, 167
Trd, 000157.100, 167
Trd, 000158.600, 169
Trd, 000158.700, 170
Trd, 000158.833, 168
Trd, 000158.917, 172
Trd, 000159.417, 171
Trd, 000159.467, 173
Trd, 000160.117, 165
Trd, 000161.633, 165
Trd, 000162.500, 172
Trd, 000162.517, 172
Trd, 000163.150, 164
Trd, 000163.467, 167
Trd, 000164.150, 168
Trd, 000165.617, 171
Trd, 000165.950, 172
Trd, 000166.133, 169
Trd, 000166.283, 172
Trd, 000167.433, 173
Trd, 000168.033, 175
Trd, 000169.200, 172
Trd, 000169.367, 172
Trd, 000170.067, 175
Trd, 000170.383, 175
Trd, 000170.650, 174
Trd, 000170.767, 173
Trd, 000171.033, 175
Trd, 000171.750, 172
Trd, 000172.267, 172
Trd, 000172.317, 170
Trd, 000172.833, 169
Trd, 000173.917, 172
Trd, 000174.433, 171
Trd, 000175.517, 170
Trd, 000175.583, 171
Trd, 000176.450, 169
Trd, 000177.400, 172
Trd, 000177.617, 165
Trd, 000177.700, 161
Trd, 000178.067, 151
Trd, 000178.683, 172
Trd, 000180.600, 172
Trd, 000181.050, 166
Trd, 000181.633, 172
Trd, 000182.117, 171
Trd, 000182.283, 172
Trd, 000183.483, 172
Trd, 000183.850, 173
Trd, 000184.017, 171
Trd, 000185.033, 174
Trd, 000185.350, 173
Trd, 000186.250, 174
Trd, 000186.300, 180
Trd, 000186.533, 173
Trd, 000188.050, 183
Trd, 000188.167, 182
Trd, 000189.717, 177
Trd, 000190.867, 176
Trd, 000191.167, 174
Trd, 000191.983, 172
Trd, 000192.367, 160
Trd, 000192.817, 166
Trd, 000193.117, 165
Trd, 000193.217, 153
Trd, 000193.533, 177
Trd, 000194.183, 162
Trd, 000194.850, 165
Trd, 000194.983, 166
Trd, 000196.317, 163
Trd, 000196.900, 167
Trd, 000197.700, 166
Trd, 000198.417, 168
Trd, 000198.950, 169
Trd, 000199.017, 169
Trd, 000199.833, 171
Trd, 000200.100, 175
Trd, 000200.117, 168
Trd, 000201.850, 170
Trd, 000201.867, 175
Trd, 000202.350, 169
Trd, 000202.817, 169
Trd, 000203.267, 172
Trd, 000203.717, 168
Trd, 000204.617, 171
Trd, 000205.083, 171
Trd, 000206.133, 170
Trd, 000207.133, 170
Trd, 000207.383, 170
Trd, 000207.483, 169
Trd, 000207.617, 176
Trd, 000208.967, 172
Trd, 000209.667, 171
Trd, 000210.017, 172
Trd, 000210.117, 176
Trd, 000211.917, 175
Trd, 000212.800, 172
Trd, 000213.600, 172
Trd, 000214.467, 171
Trd, 000215.650, 172
Trd, 000215.700, 170
Trd, 000215.800, 169
Trd, 000216.650, 169
Trd, 000216.950, 172
Trd, 000217.133, 172
Trd, 000217.183, 176
Trd, 000217.400, 177
Trd, 000218.217, 170
Trd, 000218.833, 179
Trd, 000219.583, 176
Trd, 000219.867, 175
Trd, 000221.067, 176
Trd, 000221.150, 177
Trd, 000221.967, 177
Trd, 000222.217, 174
Trd, 000222.367, 177
Trd, 000223.200, 177
Trd, 000223.617, 175
Trd, 000224.700, 177
Trd, 000225.367, 176
Trd, 000225.983, 176
Trd, 000226.150, 178
Trd, 000227.700, 176
Trd, 000228.150, 177
Trd, 000229.750, 178
Trd, 000230.067, 171
Trd, 000230.350, 173
Trd, 000231.500, 176
Trd, 000231.767, 177
Trd, 000231.833, 179
Trd, 000232.583, 181
Trd, 000233.250, 179
Trd, 000233.350, 179
Trd, 000234.883, 178
Trd, 000234.917, 178
Trd, 000235.100, 178
Trd, 000236.400, 180
Trd, 000236.867, 179
Trd, 000237.100, 180
Trd, 000237.633, 179
Trd, 000238.283, 179
Trd, 000238.933, 179
Trd, 000239.433, 178
Trd, 000240.050, 180
Trd, 000240.200, 180
Trd, 000240.383, 177
Trd, 000241.317, 178
Trd, 000241.650, 177
Trd, 000241.833, 175
Trd, 000242.617, 176
Trd, 000243.417, 180
Trd, 000243.983, 181
Trd, 000244.117, 177
Trd, 000244.650, 180
Trd, 000244.733, 182
Trd, 000245.383, 180
Trd, 000245.433, 177
Trd, 000245.883, 180
Trd, 000247.650, 178
Trd, 000247.733, 179
Trd, 000248.233, 176
Trd, 000248.833, 177
Trd, 000249.033, 177
Trd, 000249.133, 176
Trd, 000249.350, 178
Trd, 000249.717, 173
Trd, 000250.783, 177
Trd, 000251.300, 175
Trd, 000251.367, 174
Trd, 000252.067, 175
Trd, 000254.200, 174
Trd, 000254.650, 176
Trd, 000254.850, 176
Trd, 000255.283, 180
Trd, 000255.500, 177
Trd, 000255.867, 173
Trd, 000256.367, 177
Trd, 000256.433, 180
Trd, 000256.583, 187
Trd, 000256.700, 177
Trd, 000257.450, 186
Trd, 000257.533, 182
Trd, 000257.917, 186
Trd, 000258.083, 185
Trd, 000258.317, 188
Trd, 000258.350, 187
Trd, 000258.383, 189
Trd, 000260.017, 190
Trd, 000260.583, 191
Trd, 000260.700, 184
Trd, 000261.617, 194
Trd, 000261.750, 185
Trd, 000261.783, 186
Trd, 000261.917, 183
Trd, 000262.117, 181
Trd, 000263.083, 191
Trd, 000264.083, 187
Trd, 000264.833, 186
Trd, 000265.867, 188
Trd, 000266.033, 185
Trd, 000266.200, 183
Trd, 000266.533, 183
Trd, 000266.950, 181
Trd, 000267.550, 179
Trd, 000267.817, 185
Trd, 000267.833, 174
Trd, 000268.983, 184
Trd, 000269.167, 184
Trd, 000269.450, 182
Trd, 000269.600, 182
Trd, 000270.850, 184
Trd, 000271.217, 183
Trd, 000271.667, 184
Trd, 000271.883, 185
Trd, 000272.117, 189
Trd, 000273.083, 195
Trd, 000273.783, 185
Trd, 000274.733, 186
Trd, 000275.667, 187
Trd, 000276.083, 186
Trd, 000276.433, 188
Trd, 000276.550, 185
Trd, 000276.867, 184
Trd, 000277.233, 183
Trd, 000278.750, 176
Trd, 000278.800, 168
Trd, 000280.133, 168
Trd, 000280.150, 166
Trd, 000280.483, 171
Trd, 000280.750, 181
Trd, 000280.933, 170
Trd, 000280.950, 178
Trd, 000281.483, 178
Trd, 000281.517, 179
Trd, 000281.850, 183
Trd, 000282.133, 183
Trd, 000282.267, 181
Trd, 000282.883, 184
Trd, 000283.167, 184
Trd, 000283.250, 180
Trd, 000283.817, 186
Trd, 000284.050, 190
Trd, 000284.833, 184
Trd, 000285.400, 193
Trd, 000286.300, 186
Trd, 000286.433, 187
Trd, 000286.883, 185
Trd, 000287.267, 187
Trd, 000287.483, 186
Trd, 000288.217, 184
Trd, 000288.583, 183
Trd, 000288.983, 186
Trd, 000289.667, 183
Trd, 000290.417, 184
Trd, 000291.167, 184
Trd, 000291.467, 185
Trd, 000292.033, 185
Trd, 000292.333, 187
Trd, 000292.533, 191
Trd, 000293.033, 185
Trd, 000293.367, 184
Trd, 000293.467, 184
Trd, 000294.083, 184
Trd, 000294.550, 184
Trd, 000294.750, 184
Trd, 000295.150, 183
Trd, 000296.000, 187
Trd, 000296.750, 185
Trd, 000296.983, 185
Trd, 000297.083, 182
Trd, 000297.583, 186
Trd, 000298.050, 187
Trd, 000298.100, 180
Trd, 000299.417, 188
Trd, 000299.450, 179
Trd, 000299.467, 178
Trd, 000299.500, 178
