Trd, 000001.333, 173
Trd, 000001.900, 172
Trd, 000002.150, 148
Trd, 000002.917, 190
Trd, 000003.267, 114
Trd, 000003.967, 160
Trd, 000004.250, 143
Trd, 000004.850, 141
Trd, 000005.400, 144
Trd, 000006.533, 150
Trd, 000007.083, 153
Trd, 000007.117, 150
Trd, 000008.050, 149
Trd, 000008.200, 144
Trd, 000008.617, 146
Trd, 000009.350, 153
Trd, 000009.933, 151
Trd, 000010.250, 150
Trd, 000011.517, 151
Trd, 000012.267, 151
Trd, 000012.417, 146
Trd, 000013.133, 154
Trd, 000013.150, 150
Trd, 000013.783, 149
Trd, 000013.883, 144
Trd, 000014.500, 162
Trd, 000015.133, 146
Trd, 000015.250, 130
Trd, 000016.000, 127
Trd, 000017.517, 147
Trd, 000018.217, 149
Trd, 000018.833, 162
Trd, 000018.917, 143
Trd, 000019.567, 143
Trd, 000020.333, 143
Trd, 000020.367, 149
Trd, 000020.567, 149
Trd, 000020.667, 144
Trd, 000020.883, 150
Trd, 000021.217, 150
Trd, 000021.300, 149
Trd, 000021.617, 144
Trd, 000023.400, 155
Trd, 000025.317, 156
Trd, 000025.367, 156
Trd, 000025.933, 157
Trd, 000025.983, 164
Trd, 000026.050, 155
Trd, 000026.067, 155
Trd, 000027.050, 152
Trd, 000027.700, 152
Trd, 000027.733, 156
Trd, 000029.683, 156
Trd, 000029.733, 158
Trd, 000029.800, 151
Trd, 000030.133, 157
Trd, 000030.167, 158
Trd, 000030.433, 154
Trd, 000030.800, 153
Trd, 000031.217, 164
Trd, 000031.250, 146
Trd, 000031.783, 165
Trd, 000032.433, 154
Trd, 000034.083, 149
Trd, 000034.350, 151
Trd, 000034.450, 156
Trd, 000035.850, 151
Trd, 000036.500, 154
Trd, 000036.667, 156
Trd, 000037.700, 157
Trd, 000037.900, 153
Trd, 000038.083, 152
Trd, 000038.967, 154
Trd, 000039.917, 154
Trd, 000040.033, 153
Trd, 000040.050, 152
Trd, 000040.367, 159
Trd, 000042.100, 149
Trd, 000042.683, 144
Trd, 000042.967, 146
Trd, 000043.367, 150
Trd, 000043.483, 128
Trd, 000043.933, 150
Trd, 000044.083, 152
Trd, 000044.883, 151
Trd, 000045.750, 159
Trd, 000046.017, 147
Trd, 000046.217, 166
Trd, 000046.517, 167
Trd, 000047.250, 147
Trd, 000047.417, 156
Trd, 000048.267, 158
Trd, 000048.650, 156
Trd, 000049.317, 157
Trd, 000049.933, 158
Trd, 000050.883, 156
Trd, 000051.083, 158
Trd, 000052.050, 153
Trd, 000052.283, 150
Trd, 000052.567, 148
Trd, 000052.733, 160
Trd, 000052.867, 129
Trd, 000055.183, 152
Trd, 000055.317, 153
Trd, 000055.783, 151
Trd, 000056.417, 152
Trd, 000056.783, 147
Trd, 000056.983, 138
Trd, 000057.100, 151
Trd, 000057.633, 153
Trd, 000058.033, 153
Trd, 000058.100, 154
Trd, 000058.283, 154
Trd, 000058.583, 152
Trd, 000059.633, 161
Trd, 000059.917, 149
Trd, 000060.550, 168
Trd, 000061.800, 150
Trd, 000062.500, 132
Trd, 000063.433, 152
Trd, 000063.917, 151
Trd, 000064.717, 149
Trd, 000064.833, 164
Trd, 000065.100, 148
Trd, 000065.683, 149
Trd, 000065.967, 167
Trd, 000066.550, 160
Trd, 000068.733, 161
Trd, 000068.867, 160
Trd, 000069.217, 163
Trd, 000070.317, 161
Trd, 000070.467, 160
Trd, 000070.983, 156
Trd, 000071.050, 162
Trd, 000071.300, 161
Trd, 000071.583, 155
Trd, 000072.000, 153
Trd, 000072.850, 164
Trd, 000073.300, 163
Trd, 000075.200, 163
Trd, 000075.350, 164
Trd, 000076.567, 167
Trd, 000076.767, 166
Trd, 000077.200, 166
Trd, 000077.633, 155
Trd, 000079.400, 162
Trd, 000080.033, 161
Trd, 000080.383, 169
Trd, 000080.467, 170
Trd, 000080.717, 156
Trd, 000080.867, 151
Trd, 000081.317, 162
Trd, 000081.600, 150
Trd, 000081.617, 165
Trd, 000082.017, 150
Trd, 000082.867, 149
Trd, 000084.083, 149
Trd, 000084.600, 148
Trd, 000084.767, 151
Trd, 000084.967, 150
Trd, 000085.117, 156
Trd, 000085.983, 147
Trd, 000086.017, 151
Trd, 000086.300, 150
Trd, 000087.550, 170
Trd, 000087.683, 167
Trd, 000087.717, 149
Trd, 000089.217, 160
Trd, 000089.833, 161
Trd, 000090.050, 171
Trd, 000090.450, 160
Trd, 000090.467, 157
Trd, 000092.617, 167
Trd, 000093.233, 167
Trd, 000093.283, 171
Trd, 000093.300, 161
Trd, 000093.450, 158
Trd, 000093.550, 157
Trd, 000093.850, 153
Trd, 000094.833, 166
Trd, 000094.933, 156
Trd, 000095.950, 156
Trd, 000096.317, 157
Trd, 000096.517, 159
Trd, 000096.717, 155
Trd, 000096.950, 153
Trd, 000098.900, 158
Trd, 000098.933, 156
Trd, 000099.383, 157
Trd, 000099.983, 150
Trd, 000100.067, 134
Trd, 000100.917, 157
Trd, 000101.267, 158
Trd, 000102.200, 155
Trd, 000102.550, 158
Trd, 000103.433, 156
Trd, 000103.833, 155
Trd, 000104.267, 157
Trd, 000104.383, 158
Trd, 000104.600, 155
Trd, 000106.200, 155
Trd, 000106.217, 153
Trd, 000106.350, 157
Trd, 000106.867, 157
Trd, 000106.900, 158
Trd, 000107.433, 159
Trd, 000108.900, 159
Trd, 000109.250, 160
Trd, 000109.400, 163
Trd, 000109.900, 160
Trd, 000109.983, 160
Trd, 000110.233, 165
Trd, 000110.767, 161
Trd, 000110.800, 173
Trd, 000112.200, 169
Trd, 000113.133, 167
Trd, 000113.250, 167
Trd, 000113.833, 173
Trd, 000114.050, 168
Trd, 000114.683, 184
Trd, 000114.750, 183
Trd, 000115.050, 184
Trd, 000115.333, 179
Trd, 000115.617, 159
Trd, 000116.233, 154
Trd, 000117.400, 169
Trd, 000117.817, 140
Trd, 000118.900, 173
Trd, 000119.083, 179
Trd, 000119.383, 196
Trd, 000119.583, 162
Trd, 000120.233, 184
Trd, 000120.383, 162
Trd, 000121.800, 163
Trd, 000123.967, 162
Trd, 000124.483, 167
Trd, 000124.633, 168
Trd, 000125.917, 169
Trd, 000126.333, 166
Trd, 000126.667, 167
Trd, 000127.217, 167
Trd, 000127.733, 167
Trd, 000127.750, 165
Trd, 000127.917, 161
Trd, 000128.083, 146
Trd, 000129.100, 168
Trd, 000129.133, 157
Trd, 000129.750, 161
Trd, 000130.900, 167
Trd, 000131.450, 166
Trd, 000132.033, 162
Trd, 000132.250, 174
Trd, 000132.267, 161
Trd, 000132.800, 162
Trd, 000133.333, 161
Trd, 000133.983, 175
Trd, 000134.083, 156
Trd, 000134.967, 187
Trd, 000135.800, 162
Trd, 000136.350, 163
Trd, 000137.200, 171
Trd, 000137.567, 170
Trd, 000137.683, 167
Trd, 000138.367, 167
Trd, 000139.467, 167
Trd, 000141.200, 167
Trd, 000141.233, 169
Trd, 000141.717, 167
Trd, 000142.167, 165
Trd, 000142.200, 168
Trd, 000142.250, 162
Trd, 000143.133, 158
Trd, 000143.167, 157
Trd, 000143.233, 168
Trd, 000143.683, 172
Trd, 000143.917, 173
Trd, 000144.783, 166
Trd, 000145.383, 166
Trd, 000146.000, 166
Trd, 000146.983, 166
Trd, 000147.000, 165
Trd, 000147.183, 165
Trd, 000148.700, 169
Trd, 000149.217, 164
Trd, 000149.683, 169
Trd, 000150.183, 169
Trd, 000150.283, 170
Trd, 000150.317, 160
Trd, 000151.833, 165
Trd, 000152.467, 168
Trd, 000153.300, 164
Trd, 000153.867, 163
Trd, 000154.500, 155
Trd, 000154.883, 164
Trd, 000154.933, 158
Trd, 000155.233, 165
Trd, 000156.233, 163
Trd, 000156.400, 165
Trd, 000157.400, 166
Trd, 000158.000, 165
Trd, 000158.567, 165
Trd, 000158.767, 166
Trd, 000159.050, 167
Trd, 000160.917, 165
Trd, 000161.583, 164
Trd, 000162.217, 168
Trd, 000162.883, 166
Trd, 000163.317, 168
Trd, 000163.967, 170
Trd, 000164.000, 169
Trd, 000164.633, 171
Trd, 000164.650, 178
Trd, 000164.700, 170
Trd, 000165.517, 170
Trd, 000165.933, 172
Trd, 000166.300, 190
Trd, 000166.367, 169
Trd, 000168.433, 187
Trd, 000169.383, 187
Trd, 000169.833, 196
Trd, 000170.100, 187
Trd, 000170.300, 182
Trd, 000170.567, 165
Trd, 000171.150, 199
Trd, 000172.067, 190
Trd, 000172.683, 198
Trd, 000173.000, 191
Trd, 000173.233, 189
Trd, 000173.417, 199
Trd, 000173.550, 189
Trd, 000174.017, 175
Trd, 000174.500, 159
Trd, 000175.417, 173
Trd, 000175.933, 160
Trd, 000177.867, 167
Trd, 000178.050, 166
Trd, 000178.300, 157
Trd, 000178.567, 168
Trd, 000180.383, 157
Trd, 000181.067, 159
Trd, 000181.083, 145
Trd, 000181.267, 161
Trd, 000181.983, 159
Trd, 000182.233, 156
Trd, 000182.267, 159
Trd, 000183.000, 172
Trd, 000183.617, 157
Trd, 000184.333, 156
Trd, 000184.650, 164
Trd, 000185.667, 162
Trd, 000186.783, 171
Trd, 000186.900, 164
Trd, 000188.117, 167
Trd, 000188.233, 164
Trd, 000188.783, 167
Trd, 000189.517, 168
Trd, 000190.017, 167
Trd, 000190.967, 167
Trd, 000191.483, 166
Trd, 000191.800, 160
Trd, 000191.950, 168
Trd, 000192.600, 189
Trd, 000192.933, 188
Trd, 000194.183, 167
Trd, 000194.217, 161
Trd, 000194.833, 169
Trd, 000195.467, 169
Trd, 000196.283, 171
Trd, 000197.083, 171
Trd, 000198.150, 174
Trd, 000198.167, 169
Trd, 000198.517, 168
Trd, 000198.783, 164
Trd, 000198.933, 165
Trd, 000199.567, 173
Trd, 000199.750, 171
Trd, 000200.800, 166
Trd, 000201.283, 174
Trd, 000202.617, 161
Trd, 000202.800, 162
Trd, 000203.400, 161
Trd, 000204.783, 172
Trd, 000204.917, 161
Trd, 000206.233, 170
Trd, 000206.500, 165
Trd, 000206.983, 166
Trd, 000207.533, 169
Trd, 000208.267, 171
Trd, 000208.583, 171
Trd, 000209.900, 169
Trd, 000209.917, 167
Trd, 000209.967, 165
Trd, 000210.417, 175
Trd, 000211.217, 172
Trd, 000211.633, 181
Trd, 000211.700, 169
Trd, 000212.617, 182
Trd, 000213.700, 168
Trd, 000214.233, 182
Trd, 000214.500, 183
Trd, 000215.017, 171
Trd, 000215.900, 174
Trd, 000216.267, 173
Trd, 000216.800, 170
Trd, 000217.317, 169
Trd, 000217.433, 165
Trd, 000218.533, 163
Trd, 000219.067, 163
Trd, 000219.483, 166
Trd, 000219.750, 167
Trd, 000220.267, 166
Trd, 000221.083, 175
Trd, 000221.417, 177
Trd, 000221.950, 170
Trd, 000222.433, 170
Trd, 000222.517, 169
Trd, 000222.883, 183
Trd, 000223.367, 167
Trd, 000223.383, 165
Trd, 000223.717, 168
Trd, 000224.333, 170
Trd, 000225.917, 166
Trd, 000226.733, 170
Trd, 000227.683, 168
Trd, 000228.900, 170
Trd, 000229.200, 184
Trd, 000229.217, 169
Trd, 000229.633, 170
Trd, 000230.267, 175
Trd, 000231.417, 168
Trd, 000232.033, 171
Trd, 000232.317, 167
Trd, 000232.650, 172
Trd, 000234.267, 170
Trd, 000234.333, 167
Trd, 000234.550, 166
Trd, 000234.967, 171
Trd, 000235.767, 178
Trd, 000236.050, 185
Trd, 000236.067, 167
Trd, 000236.267, 198
Trd, 000236.417, 186
Trd, 000236.500, 185
Trd, 000237.367, 190
Trd, 000237.550, 194
Trd, 000238.517, 204
Trd, 000238.817, 192
Trd, 000238.883, 189
Trd, 000238.983, 166
Trd, 000239.183, 198
Trd, 000240.400, 188
Trd, 000240.900, 189
Trd, 000241.067, 191
Trd, 000241.217, 190
Trd, 000241.733, 179
Trd, 000242.567, 182
Trd, 000242.783, 181
Trd, 000243.117, 180
Trd, 000243.383, 181
Trd, 000243.450, 172
Trd, 000243.483, 166
Trd, 000244.217, 166
Trd, 000244.900, 181
Trd, 000245.267, 175
Trd, 000246.000, 178
Trd, 000246.667, 176
Trd, 000246.900, 177
Trd, 000247.350, 177
Trd, 000247.550, 178
Trd, 000247.700, 176
Trd, 000248.383, 173
Trd, 000248.633, 174
Trd, 000249.150, 172
Trd, 000249.683, 168
Trd, 000249.800, 172
Trd, 000250.517, 165
Trd, 000250.550, 166
Trd, 000250.783, 173
Trd, 000251.217, 176
Trd, 000251.483, 176
Trd, 000251.833, 173
Trd, 000252.317, 172
Trd, 000252.767, 183
Trd, 000253.000, 173
Trd, 000253.617, 175
Trd, 000254.000, 178
Trd, 000254.600, 176
Trd, 000254.983, 176
Trd, 000255.550, 176
Trd, 000256.267, 177
Trd, 000256.633, 180
Trd, 000256.717, 177
Trd, 000256.950, 176
Trd, 000257.717, 177
Trd, 000258.050, 170
Trd, 000258.567, 169
Trd, 000259.717, 176
Trd, 000260.017, 179
Trd, 000260.517, 175
Trd, 000260.650, 171
Trd, 000260.850, 168
Trd, 000261.483, 175
Trd, 000261.850, 175
Trd, 000262.250, 175
Trd, 000262.833, 176
Trd, 000263.300, 175
Trd, 000263.483, 177
Trd, 000264.050, 183
Trd, 000264.250, 184
Trd, 000264.467, 176
Trd, 000264.817, 175
Trd, 000264.867, 174
Trd, 000265.350, 170
Trd, 000265.417, 187
Trd, 000265.950, 169
Trd, 000266.217, 181
Trd, 000266.750, 181
Trd, 000266.883, 181
Trd, 000267.500, 166
Trd, 000267.850, 175
Trd, 000268.017, 170
Trd, 000268.433, 171
Trd, 000268.950, 176
Trd, 000269.900, 176
Trd, 000270.517, 174
Trd, 000270.700, 171
Trd, 000270.767, 170
Trd, 000271.083, 178
Trd, 000272.517, 178
Trd, 000273.083, 185
Trd, 000273.250, 182
Trd, 000274.000, 184
Trd, 000274.017, 176
Trd, 000274.633, 180
Trd, 000275.217, 178
Trd, 000275.483, 178
Trd, 000275.883, 176
Trd, 000275.917, 174
Trd, 000275.950, 181
Trd, 000276.183, 170
Trd, 000276.567, 173
Trd, 000276.583, 167
Trd, 000276.800, 189
Trd, 000276.850, 158
Trd, 000277.467, 152
Trd, 000278.550, 171
Trd, 000279.850, 182
Trd, 000280.550, 183
Trd, 000280.617, 178
Trd, 000280.717, 177
Trd, 000281.000, 178
Trd, 000281.183, 186
Trd, 000281.217, 190
Trd, 000281.700, 191
Trd, 000281.783, 187
Trd, 000282.333, 194
Trd, 000282.633, 191
Trd, 000283.517, 188
Trd, 000283.783, 183
Trd, 000284.183, 192
Trd, 000284.400, 193
Trd, 000284.500, 176
Trd, 000284.783, 170
Trd, 000285.700, 194
Trd, 000285.783, 192
Trd, 000286.517, 195
Trd, 000287.283, 193
Trd, 000287.300, 192
Trd, 000288.050, 183
Trd, 000288.433, 179
Trd, 000288.500, 176
Trd, 000288.667, 196
Trd, 000288.950, 186
Trd, 000290.367, 188
Trd, 000290.650, 189
Trd, 000290.717, 186
Trd, 000290.783, 185
Trd, 000290.917, 191
Trd, 000290.983, 184
Trd, 000291.067, 169
Trd, 000291.883, 172
Trd, 000292.483, 185
Trd, 000292.883, 172
Trd, 000293.517, 187
Trd, 000294.367, 168
Trd, 000294.683, 185
Trd, 000294.767, 189
Trd, 000294.800, 184
Trd, 000295.067, 166
Trd, 000295.700, 181
Trd, 000296.400, 180
Trd, 000296.867, 180
Trd, 000297.050, 177
Trd, 000297.117, 176
Trd, 000297.500, 182
Trd, 000297.533, 185
Trd, 000297.717, 179
Trd, 000298.467, 178
Trd, 000298.667, 184
Trd, 000298.933, 185
Trd, 000299.400, 185
Trd, 000299.450, 188
Trd, 000299.650, 192
Trd, 000299.800, 181
Trd, 000299.917, 181
