Trd, 000002.217, 123
Trd, 000002.267, 148
Trd, 000002.717, 145
Trd, 000003.683, 144
Trd, 000004.017, 141
Trd, 000004.750, 142
Trd, 000004.883, 145
Trd, 000004.983, 139
Trd, 000005.833, 158
Trd, 000005.850, 138
Trd, 000005.917, 160
Trd, 000006.350, 145
Trd, 000006.600, 137
Trd, 000007.233, 149
Trd, 000007.383, 146
Trd, 000007.967, 148
Trd, 000008.500, 142
Trd, 000009.200, 148
Trd, 000009.500, 153
Trd, 000009.550, 143
Trd, 000011.033, 153
Trd, 000011.283, 155
Trd, 000011.667, 152
Trd, 000013.167, 157
Trd, 000013.817, 146
Trd, 000013.833, 159
Trd, 000013.933, 163
Trd, 000014.000, 151
Trd, 000014.300, 146
Trd, 000014.917, 153
Trd, 000014.950, 148
Trd, 000015.000, 145
Trd, 000015.567, 153
Trd, 000017.233, 147
Trd, 000017.317, 150
Trd, 000017.600, 151
Trd, 000019.150, 151
Trd, 000019.567, 151
Trd, 000019.700, 152
Trd, 000019.800, 150
Trd, 000020.033, 148
Trd, 000020.150, 154
Trd, 000021.283, 155
Trd, 000022.450, 146
Trd, 000022.833, 140
Trd, 000023.133, 140
Trd, 000023.383, 150
Trd, 000023.983, 144
Trd, 000024.033, 152
Trd, 000024.100, 157
Trd, 000025.700, 148
Trd, 000026.000, 146
Trd, 000026.200, 136
Trd, 000026.317, 155
Trd, 000026.567, 159
Trd, 000028.050, 141
Trd, 000028.917, 141
Trd, 000029.167, 152
Trd, 000029.317, 139
Trd, 000030.633, 155
Trd, 000030.983, 159
Trd, 000031.383, 151
Trd, 000031.417, 161
Trd, 000031.550, 149
Trd, 000031.867, 158
Trd, 000034.017, 147
Trd, 000034.300, 147
Trd, 000034.350, 144
Trd, 000034.983, 151
Trd, 000035.150, 155
Trd, 000035.400, 148
Trd, 000035.433, 156
Trd, 000036.583, 147
Trd, 000038.333, 156
Trd, 000038.467, 153
Trd, 000038.750, 159
Trd, 000038.867, 153
Trd, 000038.933, 151
Trd, 000039.350, 152
Trd, 000040.050, 157
Trd, 000040.633, 152
Trd, 000040.900, 152
Trd, 000041.900, 152
Trd, 000042.900, 148
Trd, 000042.917, 157
Trd, 000043.483, 154
Trd, 000043.567, 145
Trd, 000043.800, 145
Trd, 000045.650, 153
Trd, 000045.783, 159
Trd, 000046.133, 157
Trd, 000046.617, 160
Trd, 000047.483, 163
Trd, 000047.850, 166
Trd, 000048.083, 157
Trd, 000049.633, 166
Trd, 000049.983, 160
Trd, 000050.000, 167
Trd, 000050.117, 149
Trd, 000050.283, 144
Trd, 000050.650, 167
Trd, 000050.733, 161
Trd, 000050.967, 157
Trd, 000051.567, 153
Trd, 000051.633, 163
Trd, 000052.733, 146
Trd, 000053.167, 153
Trd, 000053.667, 154
Trd, 000054.667, 157
Trd, 000054.717, 162
Trd, 000055.650, 153
Trd, 000056.150, 160
Trd, 000056.583, 152
Trd, 000057.017, 154
Trd, 000057.100, 153
Trd, 000057.350, 149
Trd, 000057.400, 161
Trd, 000057.533, 162
Trd, 000058.283, 143
Trd, 000059.150, 154
Trd, 000059.600, 148
Trd, 000059.667, 156
Trd, 000059.883, 164
Trd, 000060.567, 160
Trd, 000060.800, 149
Trd, 000060.833, 168
Trd, 000060.867, 171
Trd, 000062.750, 152
Trd, 000063.133, 168
Trd, 000063.650, 150
Trd, 000064.050, 154
Trd, 000064.283, 152
Trd, 000065.117, 147
Trd, 000065.733, 156
Trd, 000066.183, 145
Trd, 000066.683, 145
Trd, 000066.733, 143
Trd, 000067.133, 151
Trd, 000067.200, 155
Trd, 000067.283, 157
Trd, 000068.417, 155
Trd, 000069.500, 162
Trd, 000071.083, 161
Trd, 000071.317, 156
Trd, 000071.800, 161
Trd, 000072.133, 155
Trd, 000072.300, 155
Trd, 000072.833, 154
Trd, 000073.383, 155
Trd, 000074.517, 151
Trd, 000074.533, 144
Trd, 000075.050, 155
Trd, 000076.283, 156
Trd, 000076.517, 153
Trd, 000076.850, 151
Trd, 000077.167, 158
Trd, 000077.500, 151
Trd, 000077.817, 158
Trd, 000078.217, 146
Trd, 000079.283, 153
Trd, 000080.050, 156
Trd, 000080.583, 153
Trd, 000081.033, 152
Trd, 000081.983, 151
Trd, 000082.400, 156
Trd, 000083.283, 152
Trd, 000083.917, 156
Trd, 000084.283, 158
Trd, 000085.417, 158
Trd, 000085.517, 160
Trd, 000085.783, 157
Trd, 000086.100, 155
Trd, 000086.233, 152
Trd, 000087.750, 154
Trd, 000088.000, 171
Trd, 000088.450, 167
Trd, 000088.800, 154
Trd, 000088.983, 153
Trd, 000089.050, 174
Trd, 000089.183, 177
Trd, 000090.367, 154
Trd, 000090.783, 157
Trd, 000091.033, 162
Trd, 000091.317, 156
Trd, 000091.450, 155
Trd, 000092.517, 163
Trd, 000092.650, 166
Trd, 000094.483, 155
Trd, 000095.133, 156
Trd, 000095.650, 157
Trd, 000095.800, 162
Trd, 000095.850, 156
Trd, 000096.067, 154
Trd, 000096.083, 153
Trd, 000098.600, 158
Trd, 000098.683, 155
Trd, 000098.817, 162
Trd, 000099.000, 162
Trd, 000099.733, 163
Trd, 000099.767, 158
Trd, 000100.683, 158
Trd, 000101.633, 157
Trd, 000102.283, 156
Trd, 000102.467, 154
Trd, 000103.117, 165
Trd, 000103.733, 153
Trd, 000103.983, 164
Trd, 000104.283, 175
Trd, 000104.850, 160
Trd, 000104.917, 159
Trd, 000105.250, 168
Trd, 000106.133, 168
Trd, 000106.917, 162
Trd, 000107.550, 163
Trd, 000108.550, 162
Trd, 000109.033, 162
Trd, 000109.733, 167
Trd, 000111.217, 157
Trd, 000111.850, 158
Trd, 000111.983, 159
Trd, 000112.150, 155
Trd, 000112.350, 166
Trd, 000113.117, 163
Trd, 000113.350, 161
Trd, 000114.433, 166
Trd, 000114.450, 156
Trd, 000115.033, 169
Trd, 000115.767, 163
Trd, 000116.333, 156
Trd, 000118.033, 157
Trd, 000118.050, 160
Trd, 000118.083, 156
Trd, 000119.700, 159
Trd, 000120.267, 156
Trd, 000120.317, 161
Trd, 000120.750, 162
Trd, 000121.083, 163
Trd, 000122.300, 159
Trd, 000122.517, 157
Trd, 000122.833, 160
Trd, 000123.133, 156
Trd, 000123.633, 162
Trd, 000123.750, 167
Trd, 000124.183, 156
Trd, 000124.300, 153
Trd, 000124.333, 170
Trd, 000124.550, 146
Trd, 000125.167, 167
Trd, 000127.567, 166
Trd, 000128.517, 157
Trd, 000128.900, 156
Trd, 000129.017, 168
Trd, 000129.367, 154
Trd, 000130.550, 150
Trd, 000130.750, 166
Trd, 000131.400, 157
Trd, 000132.550, 161
Trd, 000133.100, 163
Trd, 000133.783, 171
Trd, 000134.200, 162
Trd, 000134.717, 168
Trd, 000135.150, 162
Trd, 000135.250, 166
Trd, 000135.517, 161
Trd, 000137.633, 160
Trd, 000137.750, 168
Trd, 000138.433, 159
Trd, 000138.800, 166
Trd, 000139.200, 150
Trd, 000139.750, 159
Trd, 000139.867, 158
Trd, 000139.883, 167
Trd, 000140.117, 155
Trd, 000140.617, 169
Trd, 000141.283, 168
Trd, 000141.983, 158
Trd, 000142.967, 151
Trd, 000143.683, 149
Trd, 000144.067, 162
Trd, 000144.433, 165
Trd, 000145.033, 145
Trd, 000145.833, 160
Trd, 000147.033, 156
Trd, 000147.400, 155
Trd, 000147.667, 163
Trd, 000148.083, 169
Trd, 000148.533, 157
Trd, 000149.383, 163
Trd, 000149.617, 162
Trd, 000150.017, 165
Trd, 000151.417, 166
Trd, 000152.250, 161
Trd, 000152.867, 161
Trd, 000152.883, 159
Trd, 000152.983, 166
Trd, 000153.683, 163
Trd, 000154.500, 173
Trd, 000155.467, 160
Trd, 000155.600, 177
Trd, 000155.650, 159
Trd, 000155.733, 152
Trd, 000156.683, 162
Trd, 000157.567, 161
Trd, 000157.783, 163
Trd, 000158.100, 160
Trd, 000158.250, 156
Trd, 000158.517, 166
Trd, 000158.700, 149
Trd, 000159.283, 163
Trd, 000160.717, 162
Trd, 000160.750, 157
Trd, 000161.100, 163
Trd, 000161.700, 164
Trd, 000162.100, 167
Trd, 000162.217, 159
Trd, 000163.450, 158
Trd, 000163.850, 165
Trd, 000164.750, 158
Trd, 000165.167, 161
Trd, 000166.533, 160
Trd, 000166.667, 162
Trd, 000166.983, 158
Trd, 000167.367, 164
Trd, 000167.950, 167
Trd, 000167.967, 178
Trd, 000168.833, 160
Trd, 000169.283, 161
Trd, 000169.400, 160
Trd, 000169.600, 165
Trd, 000171.033, 160
Trd, 000171.050, 165
Trd, 000171.117, 168
Trd, 000171.733, 158
Trd, 000172.017, 154
Trd, 000173.200, 163
Trd, 000173.967, 165
Trd, 000174.000, 165
Trd, 000174.533, 162
Trd, 000174.733, 172
Trd, 000175.300, 161
Trd, 000175.533, 160
Trd, 000177.733, 162
Trd, 000177.983, 161
Trd, 000178.083, 159
Trd, 000178.683, 159
Trd, 000178.700, 162
Trd, 000179.500, 169
Trd, 000179.850, 166
Trd, 000179.933, 176
Trd, 000181.067, 171
Trd, 000181.467, 180
Trd, 000182.383, 166
Trd, 000182.900, 163
Trd, 000184.100, 162
Trd, 000184.633, 152
Trd, 000185.050, 167
Trd, 000185.333, 169
Trd, 000185.733, 160
Trd, 000185.850, 174
Trd, 000188.283, 163
Trd, 000188.517, 167
Trd, 000188.933, 159
Trd, 000190.133, 164
Trd, 000190.350, 163
Trd, 000190.633, 170
Trd, 000190.750, 174
Trd, 000190.933, 177
Trd, 000190.967, 160
Trd, 000191.267, 165
Trd, 000191.317, 165
Trd, 000191.617, 162
Trd, 000191.917, 184
Trd, 000192.150, 187
Trd, 000192.450, 184
Trd, 000193.717, 156
Trd, 000194.067, 171
Trd, 000194.567, 158
Trd, 000195.767, 156
Trd, 000196.167, 160
Trd, 000197.233, 165
Trd, 000197.433, 165
Trd, 000197.467, 168
Trd, 000197.617, 174
Trd, 000198.700, 169
Trd, 000199.150, 164
Trd, 000199.717, 173
Trd, 000200.300, 164
Trd, 000200.867, 163
Trd, 000202.567, 168
Trd, 000202.917, 162
Trd, 000204.350, 167
Trd, 000204.617, 164
Trd, 000204.733, 174
Trd, 000205.217, 165
Trd, 000205.483, 164
Trd, 000206.583, 164
Trd, 000207.567, 178
Trd, 000207.600, 165
Trd, 000208.233, 174
Trd, 000208.250, 164
Trd, 000208.617, 166
Trd, 000208.933, 173
Trd, 000210.217, 175
Trd, 000210.550, 176
Trd, 000210.717, 179
Trd, 000211.383, 168
Trd, 000211.567, 167
Trd, 000211.883, 165
Trd, 000212.833, 165
Trd, 000212.900, 169
Trd, 000213.417, 165
Trd, 000213.717, 169
Trd, 000214.067, 171
Trd, 000215.500, 167
Trd, 000215.917, 172
Trd, 000216.267, 173
Trd, 000216.317, 167
Trd, 000216.767, 172
Trd, 000216.833, 165
Trd, 000217.117, 186
Trd, 000217.483, 160
Trd, 000218.600, 167
Trd, 000219.617, 166
Trd, 000220.583, 174
Trd, 000221.317, 174
Trd, 000221.467, 175
Trd, 000222.367, 169
Trd, 000223.017, 170
Trd, 000223.050, 169
Trd, 000223.500, 170
Trd, 000223.667, 177
Trd, 000223.767, 169
Trd, 000224.250, 177
Trd, 000224.517, 175
Trd, 000224.550, 180
Trd, 000225.583, 168
Trd, 000225.817, 180
Trd, 000226.167, 166
Trd, 000226.400, 163
Trd, 000227.167, 178
Trd, 000227.717, 177
Trd, 000229.000, 176
Trd, 000229.083, 171
Trd, 000229.433, 171
Trd, 000229.567, 170
Trd, 000229.733, 170
Trd, 000230.067, 169
Trd, 000230.700, 175
Trd, 000230.850, 167
Trd, 000231.283, 176
Trd, 000232.283, 165
Trd, 000233.550, 168
Trd, 000234.350, 171
Trd, 000234.450, 174
Trd, 000234.883, 174
Trd, 000235.417, 170
Trd, 000236.083, 168
Trd, 000236.600, 174
Trd, 000237.817, 178
Trd, 000238.533, 169
Trd, 000239.967, 173
Trd, 000240.233, 173
Trd, 000240.783, 173
Trd, 000240.950, 175
Trd, 000241.783, 174
Trd, 000241.967, 172
Trd, 000242.000, 175
Trd, 000242.200, 178
Trd, 000242.250, 172
Trd, 000242.400, 171
Trd, 000242.567, 161
Trd, 000242.600, 159
Trd, 000242.633, 173
Trd, 000243.133, 168
Trd, 000243.150, 170
Trd, 000244.317, 164
Trd, 000244.800, 164
Trd, 000245.000, 164
Trd, 000245.167, 160
Trd, 000245.183, 169
Trd, 000245.767, 167
Trd, 000245.783, 172
Trd, 000246.200, 175
Trd, 000246.767, 170
Trd, 000247.850, 169
Trd, 000247.917, 170
Trd, 000248.400, 173
Trd, 000249.050, 168
Trd, 000249.183, 167
Trd, 000250.000, 176
Trd, 000250.033, 167
Trd, 000250.967, 172
Trd, 000251.567, 169
Trd, 000251.767, 171
Trd, 000252.533, 173
Trd, 000252.600, 174
Trd, 000252.783, 173
Trd, 000253.067, 173
Trd, 000253.250, 172
Trd, 000253.617, 169
Trd, 000254.033, 166
Trd, 000254.550, 166
Trd, 000254.750, 169
Trd, 000255.217, 172
Trd, 000255.333, 176
Trd, 000255.450, 174
Trd, 000256.650, 172
Trd, 000256.700, 173
Trd, 000256.817, 173
Trd, 000256.867, 170
Trd, 000257.333, 170
Trd, 000257.350, 166
Trd, 000257.867, 173
Trd, 000258.817, 176
Trd, 000258.967, 178
Trd, 000259.117, 175
Trd, 000259.133, 171
Trd, 000259.633, 177
Trd, 000260.567, 177
Trd, 000261.233, 181
Trd, 000261.317, 177
Trd, 000261.633, 175
Trd, 000262.183, 176
Trd, 000262.217, 175
Trd, 000262.450, 174
Trd, 000262.950, 171
Trd, 000263.633, 170
Trd, 000264.133, 174
Trd, 000264.167, 175
Trd, 000264.433, 172
Trd, 000264.733, 168
Trd, 000265.267, 175
Trd, 000265.300, 177
Trd, 000265.583, 181
Trd, 000266.300, 184
Trd, 000266.350, 182
Trd, 000266.417, 178
Trd, 000266.800, 177
Trd, 000266.917, 176
Trd, 000267.150, 168
Trd, 000267.717, 167
Trd, 000267.883, 172
Trd, 000268.317, 167
Trd, 000268.583, 157
Trd, 000269.533, 168
Trd, 000269.933, 169
Trd, 000270.167, 167
Trd, 000270.183, 163
Trd, 000270.800, 165
Trd, 000270.950, 175
Trd, 000271.350, 183
Trd, 000271.650, 180
Trd, 000272.033, 185
Trd, 000272.083, 192
Trd, 000272.650, 183
Trd, 000273.200, 173
Trd, 000273.767, 175
Trd, 000273.800, 180
Trd, 000274.400, 173
Trd, 000274.417, 171
Trd, 000274.533, 170
Trd, 000274.700, 177
Trd, 000275.850, 173
Trd, 000275.933, 178
Trd, 000276.067, 173
Trd, 000276.400, 178
Trd, 000276.567, 177
Trd, 000277.117, 184
Trd, 000277.150, 185
Trd, 000278.117, 184
Trd, 000278.167, 183
Trd, 000278.800, 184
Trd, 000279.017, 177
Trd, 000279.467, 176
Trd, 000279.600, 162
Trd, 000280.000, 165
Trd, 000280.533, 160
Trd, 000280.767, 161
Trd, 000281.150, 169
Trd, 000281.483, 166
Trd, 000281.617, 163
Trd, 000282.033, 170
Trd, 000282.117, 179
Trd, 000282.283, 186
Trd, 000282.900, 164
Trd, 000283.067, 165
Trd, 000283.167, 163
Trd, 000283.350, 169
Trd, 000284.083, 173
Trd, 000284.400, 172
Trd, 000284.433, 176
Trd, 000284.533, 165
Trd, 000286.000, 170
Trd, 000286.250, 170
Trd, 000286.700, 180
Trd, 000286.783, 185
Trd, 000287.067, 179
Trd, 000287.383, 174
Trd, 000287.550, 174
Trd, 000287.950, 178
Trd, 000288.183, 173
Trd, 000288.750, 172
Trd, 000288.800, 170
Trd, 000289.117, 179
Trd, 000289.183, 180
Trd, 000289.600, 167
Trd, 000290.033, 166
Trd, 000290.433, 170
Trd, 000291.367, 177
Trd, 000291.433, 177
Trd, 000292.233, 177
Trd, 000292.617, 170
Trd, 000293.117, 170
Trd, 000293.383, 169
Trd, 000293.733, 184
Trd, 000294.033, 168
Trd, 000295.017, 174
Trd, 000295.133, 177
Trd, 000295.300, 173
Trd, 000295.400, 170
Trd, 000296.617, 167
Trd, 000297.400, 167
Trd, 000297.950, 165
Trd, 000298.083, 181
Trd, 000298.150, 187
Trd, 000298.200, 191
Trd, 000298.317, 164
Trd, 000298.533, 165
Trd, 000298.583, 159
Trd, 000298.650, 171
Trd, 000298.833, 154
Trd, 000299.233, 154
Trd, 000299.767, 178
