Trd, 000002.467, 181
Trd, 000002.600, 155
Trd, 000003.200, 148
Trd, 000004.017, 160
Trd, 000004.867, 141
Trd, 000005.067, 147
Trd, 000005.200, 155
Trd, 000005.217, 136
Trd, 000005.683, 163
Trd, 000006.333, 166
Trd, 000006.550, 151
Trd, 000007.250, 155
Trd, 000007.700, 150
Trd, 000008.183, 153
Trd, 000008.367, 154
Trd, 000008.633, 156
Trd, 000010.817, 153
Trd, 000011.567, 152
Trd, 000011.833, 152
Trd, 000012.067, 152
Trd, 000013.017, 142
Trd, 000013.683, 143
Trd, 000013.717, 144
Trd, 000013.800, 155
Trd, 000014.167, 155
Trd, 000014.900, 149
Trd, 000016.600, 147
Trd, 000017.383, 145
Trd, 000017.483, 147
Trd, 000017.933, 148
Trd, 000018.350, 147
Trd, 000019.433, 149
Trd, 000020.017, 148
Trd, 000020.333, 159
Trd, 000020.417, 150
Trd, 000021.600, 157
Trd, 000022.283, 153
Trd, 000022.717, 150
Trd, 000024.083, 149
Trd, 000024.433, 149
Trd, 000024.800, 148
Trd, 000026.200, 149
Trd, 000026.767, 148
Trd, 000027.000, 149
Trd, 000027.383, 147
Trd, 000028.217, 146
Trd, 000029.233, 146
Trd, 000029.767, 145
Trd, 000030.033, 145
Trd, 000030.450, 146
Trd, 000031.717, 146
Trd, 000031.817, 147
Trd, 000031.950, 148
Trd, 000032.650, 146
Trd, 000033.183, 147
Trd, 000033.517, 146
Trd, 000033.567, 137
Trd, 000033.750, 147
Trd, 000035.933, 150
Trd, 000036.283, 144
Trd, 000036.383, 146
Trd, 000037.250, 147
Trd, 000039.217, 145
Trd, 000039.550, 147
Trd, 000040.000, 148
Trd, 000040.433, 144
Trd, 000042.117, 149
Trd, 000043.333, 149
Trd, 000044.200, 146
Trd, 000044.300, 147
Trd, 000044.600, 145
Trd, 000044.850, 144
Trd, 000045.517, 146
Trd, 000046.733, 144
Trd, 000047.450, 146
Trd, 000047.850, 146
Trd, 000048.117, 147
Trd, 000049.300, 145
Trd, 000049.317, 146
Trd, 000050.283, 147
Trd, 000051.167, 146
Trd, 000051.633, 145
Trd, 000051.833, 146
Trd, 000052.400, 146
Trd, 000053.000, 146
Trd, 000053.717, 146
Trd, 000054.833, 146
Trd, 000055.183, 147
Trd, 000056.533, 147
Trd, 000056.967, 146
Trd, 000057.517, 145
Trd, 000057.767, 144
Trd, 000059.533, 145
Trd, 000060.233, 145
Trd, 000060.383, 146
Trd, 000060.917, 144
Trd, 000061.283, 144
Trd, 000061.883, 146
Trd, 000061.900, 146
Trd, 000062.450, 146
Trd, 000063.033, 146
Trd, 000063.167, 147
Trd, 000063.350, 150
Trd, 000065.533, 145
Trd, 000065.850, 144
Trd, 000066.750, 144
Trd, 000067.033, 144
Trd, 000067.150, 145
Trd, 000067.417, 146
Trd, 000067.500, 150
Trd, 000068.050, 153
Trd, 000068.567, 153
Trd, 000069.033, 151
Trd, 000070.467, 147
Trd, 000070.633, 148
Trd, 000071.717, 146
Trd, 000072.633, 146
Trd, 000073.133, 147
Trd, 000073.767, 145
Trd, 000073.867, 145
Trd, 000074.817, 145
Trd, 000074.933, 146
Trd, 000075.283, 146
Trd, 000076.100, 147
Trd, 000076.267, 146
Trd, 000077.117, 148
Trd, 000077.367, 145
Trd, 000077.500, 147
Trd, 000078.550, 146
Trd, 000079.250, 146
Trd, 000080.117, 145
Trd, 000080.383, 147
Trd, 000080.800, 147
Trd, 000081.400, 147
Trd, 000083.150, 145
Trd, 000083.300, 144
Trd, 000083.467, 146
Trd, 000084.100, 145
Trd, 000084.200, 148
Trd, 000085.500, 156
Trd, 000085.700, 159
Trd, 000086.233, 182
Trd, 000086.533, 173
Trd, 000087.100, 181
Trd, 000088.717, 173
Trd, 000088.750, 174
Trd, 000089.117, 173
Trd, 000089.350, 174
Trd, 000089.500, 172
Trd, 000089.717, 169
Trd, 000090.917, 170
Trd, 000091.700, 168
Trd, 000091.717, 167
Trd, 000093.417, 168
Trd, 000093.500, 167
Trd, 000093.517, 168
Trd, 000093.567, 162
Trd, 000093.617, 157
Trd, 000094.083, 189
Trd, 000095.517, 174
Trd, 000096.083, 173
Trd, 000096.550, 174
Trd, 000096.733, 172
Trd, 000098.100, 169
Trd, 000098.217, 168
Trd, 000098.333, 159
Trd, 000099.383, 168
Trd, 000100.033, 165
Trd, 000100.417, 167
Trd, 000101.050, 166
Trd, 000101.167, 167
Trd, 000101.483, 163
Trd, 000101.750, 166
Trd, 000102.150, 166
Trd, 000102.500, 166
Trd, 000102.533, 171
Trd, 000102.850, 166
Trd, 000103.233, 163
Trd, 000103.567, 167
Trd, 000104.317, 164
Trd, 000104.883, 162
Trd, 000105.250, 163
Trd, 000106.283, 163
Trd, 000106.867, 162
Trd, 000107.733, 161
Trd, 000107.900, 161
Trd, 000108.633, 162
Trd, 000109.383, 162
Trd, 000109.883, 162
Trd, 000110.200, 160
Trd, 000110.417, 159
Trd, 000110.450, 163
Trd, 000111.183, 164
Trd, 000111.750, 163
Trd, 000112.750, 159
Trd, 000113.733, 160
Trd, 000113.817, 159
Trd, 000113.967, 162
Trd, 000114.483, 161
Trd, 000115.133, 159
Trd, 000115.183, 162
Trd, 000115.767, 160
Trd, 000116.833, 163
Trd, 000116.900, 171
Trd, 000118.283, 161
Trd, 000118.367, 160
Trd, 000119.717, 164
Trd, 000120.117, 162
Trd, 000120.200, 162
Trd, 000120.433, 162
Trd, 000121.417, 162
Trd, 000121.550, 163
Trd, 000122.117, 163
Trd, 000123.850, 161
Trd, 000124.017, 160
Trd, 000125.500, 161
Trd, 000125.833, 158
Trd, 000126.267, 161
Trd, 000126.283, 161
Trd, 000127.267, 156
Trd, 000127.667, 156
Trd, 000127.917, 155
Trd, 000128.433, 155
Trd, 000129.267, 154
Trd, 000130.583, 154
Trd, 000130.767, 154
Trd, 000130.833, 153
Trd, 000131.267, 154
Trd, 000131.550, 155
Trd, 000133.600, 153
Trd, 000133.617, 154
Trd, 000134.067, 154
Trd, 000134.217, 153
Trd, 000134.700, 153
Trd, 000134.950, 152
Trd, 000135.950, 153
Trd, 000136.350, 152
Trd, 000136.950, 154
Trd, 000137.983, 159
Trd, 000138.417, 158
Trd, 000138.933, 159
Trd, 000139.183, 161
Trd, 000139.617, 154
Trd, 000140.067, 155
Trd, 000140.233, 156
Trd, 000140.700, 157
Trd, 000141.367, 154
Trd, 000141.400, 153
Trd, 000143.833, 152
Trd, 000143.867, 153
Trd, 000143.917, 154
Trd, 000145.217, 154
Trd, 000146.100, 153
Trd, 000146.700, 154
Trd, 000147.067, 151
Trd, 000147.933, 152
Trd, 000150.083, 152
Trd, 000150.183, 151
Trd, 000150.450, 152
Trd, 000151.133, 152
Trd, 000151.583, 152
Trd, 000152.133, 155
Trd, 000153.117, 156
Trd, 000153.533, 157
Trd, 000154.150, 152
Trd, 000154.533, 155
Trd, 000154.783, 158
Trd, 000156.683, 155
Trd, 000157.533, 154
Trd, 000157.667, 155
Trd, 000158.267, 153
Trd, 000158.633, 155
Trd, 000159.217, 157
Trd, 000159.550, 160
Trd, 000160.550, 158
Trd, 000160.867, 160
Trd, 000161.283, 159
Trd, 000161.550, 160
Trd, 000161.883, 159
Trd, 000162.733, 160
Trd, 000162.833, 164
Trd, 000164.267, 161
Trd, 000164.533, 160
Trd, 000165.667, 160
Trd, 000165.683, 161
Trd, 000166.300, 160
Trd, 000166.333, 163
Trd, 000166.367, 164
Trd, 000167.583, 162
Trd, 000168.283, 163
Trd, 000168.767, 159
Trd, 000169.083, 162
Trd, 000169.933, 163
Trd, 000170.417, 164
Trd, 000170.567, 165
Trd, 000171.417, 167
Trd, 000171.467, 167
Trd, 000173.000, 165
Trd, 000173.817, 161
Trd, 000175.533, 161
Trd, 000175.933, 162
Trd, 000176.183, 163
Trd, 000176.917, 163
Trd, 000177.267, 161
Trd, 000177.400, 163
Trd, 000178.133, 164
Trd, 000179.083, 161
Trd, 000179.150, 162
Trd, 000179.217, 163
Trd, 000179.267, 161
Trd, 000180.700, 161
Trd, 000181.233, 160
Trd, 000182.350, 161
Trd, 000183.033, 159
Trd, 000183.283, 161
Trd, 000183.300, 162
Trd, 000183.350, 163
Trd, 000183.817, 161
Trd, 000184.383, 162
Trd, 000185.067, 162
Trd, 000186.683, 161
Trd, 000186.833, 163
Trd, 000187.417, 164
Trd, 000188.633, 161
Trd, 000189.083, 163
Trd, 000190.100, 163
Trd, 000190.683, 161
Trd, 000191.100, 162
Trd, 000191.950, 163
Trd, 000192.283, 170
Trd, 000192.700, 166
Trd, 000193.100, 161
Trd, 000193.567, 164
Trd, 000193.767, 165
Trd, 000193.867, 163
Trd, 000194.750, 167
Trd, 000194.950, 170
Trd, 000195.300, 181
Trd, 000197.433, 169
Trd, 000199.017, 166
Trd, 000200.500, 167
Trd, 000201.217, 168
Trd, 000201.417, 165
Trd, 000201.583, 167
Trd, 000201.867, 167
Trd, 000202.033, 167
Trd, 000202.567, 165
Trd, 000203.650, 166
Trd, 000204.050, 166
Trd, 000204.883, 166
Trd, 000206.350, 165
Trd, 000207.783, 165
Trd, 000208.250, 165
Trd, 000208.533, 164
Trd, 000209.150, 165
Trd, 000209.683, 164
Trd, 000210.167, 164
Trd, 000210.350, 165
Trd, 000210.817, 166
Trd, 000211.117, 164
Trd, 000211.583, 164
Trd, 000212.050, 164
Trd, 000212.900, 163
Trd, 000213.067, 164
Trd, 000213.267, 167
Trd, 000213.500, 169
Trd, 000214.083, 162
Trd, 000216.033, 166
Trd, 000216.367, 161
Trd, 000216.717, 164
Trd, 000216.833, 167
Trd, 000217.350, 168
Trd, 000217.700, 163
Trd, 000218.350, 162
Trd, 000218.483, 167
Trd, 000219.083, 165
Trd, 000219.433, 165
Trd, 000220.617, 166
Trd, 000221.150, 166
Trd, 000221.817, 166
Trd, 000222.250, 166
Trd, 000223.217, 165
Trd, 000223.400, 166
Trd, 000223.867, 163
Trd, 000224.533, 163
Trd, 000224.600, 162
Trd, 000225.700, 164
Trd, 000226.267, 164
Trd, 000226.567, 163
Trd, 000227.117, 164
Trd, 000227.433, 166
Trd, 000227.583, 164
Trd, 000227.883, 168
Trd, 000228.450, 169
Trd, 000229.933, 166
Trd, 000230.750, 166
Trd, 000231.533, 165
Trd, 000231.733, 168
Trd, 000232.250, 166
Trd, 000232.300, 167
Trd, 000233.400, 165
Trd, 000234.667, 164
Trd, 000235.117, 163
Trd, 000235.400, 163
Trd, 000235.450, 165
Trd, 000235.783, 165
Trd, 000237.117, 164
Trd, 000237.183, 165
Trd, 000237.500, 167
Trd, 000237.633, 168
Trd, 000237.867, 172
Trd, 000239.350, 164
Trd, 000239.383, 165
Trd, 000240.267, 170
Trd, 000240.617, 166
Trd, 000240.783, 165
Trd, 000240.833, 165
Trd, 000241.300, 165
Trd, 000241.333, 167
Trd, 000241.783, 167
Trd, 000241.933, 167
Trd, 000242.283, 166
Trd, 000243.467, 164
Trd, 000244.483, 166
Trd, 000244.650, 166
Trd, 000245.017, 167
Trd, 000245.917, 164
Trd, 000246.017, 165
Trd, 000246.117, 165
Trd, 000246.450, 167
Trd, 000247.317, 164
Trd, 000248.233, 164
Trd, 000248.617, 165
Trd, 000249.300, 165
Trd, 000249.317, 166
Trd, 000249.333, 164
Trd, 000250.417, 166
Trd, 000250.567, 167
Trd, 000251.517, 167
Trd, 000251.600, 168
Trd, 000251.617, 169
Trd, 000251.850, 171
Trd, 000252.600, 166
Trd, 000253.217, 169
Trd, 000253.350, 169
Trd, 000253.433, 168
Trd, 000254.033, 172
Trd, 000254.117, 173
Trd, 000254.633, 173
Trd, 000255.067, 172
Trd, 000255.533, 172
Trd, 000256.733, 171
Trd, 000256.900, 172
Trd, 000257.500, 172
Trd, 000257.633, 170
Trd, 000258.167, 170
Trd, 000258.400, 156
Trd, 000258.783, 167
Trd, 000259.267, 169
Trd, 000259.767, 168
Trd, 000259.950, 168
Trd, 000260.300, 167
Trd, 000260.517, 170
Trd, 000261.117, 173
Trd, 000261.983, 167
Trd, 000262.683, 175
Trd, 000262.850, 171
Trd, 000263.133, 168
Trd, 000263.350, 171
Trd, 000263.950, 168
Trd, 000265.933, 170
Trd, 000266.150, 171
Trd, 000266.300, 172
Trd, 000266.333, 172
Trd, 000266.533, 173
Trd, 000266.983, 173
Trd, 000267.233, 174
Trd, 000267.567, 168
Trd, 000268.050, 167
Trd, 000268.200, 168
Trd, 000268.233, 171
Trd, 000268.633, 168
Trd, 000269.300, 168
Trd, 000269.633, 168
Trd, 000270.417, 167
Trd, 000270.900, 168
Trd, 000271.050, 171
Trd, 000271.367, 172
Trd, 000271.433, 178
Trd, 000272.867, 178
Trd, 000273.033, 182
Trd, 000273.183, 175
Trd, 000273.200, 172
Trd, 000274.183, 172
Trd, 000274.483, 171
Trd, 000275.083, 180
Trd, 000275.450, 174
Trd, 000275.700, 173
Trd, 000275.717, 174
Trd, 000276.100, 175
Trd, 000276.683, 175
Trd, 000277.033, 178
Trd, 000277.583, 176
Trd, 000277.983, 176
Trd, 000278.050, 179
Trd, 000278.717, 177
Trd, 000279.150, 185
Trd, 000279.533, 184
Trd, 000279.583, 185
Trd, 000279.683, 182
Trd, 000280.567, 180
Trd, 000280.917, 180
Trd, 000281.017, 179
Trd, 000281.667, 176
Trd, 000282.150, 163
Trd, 000283.783, 174
Trd, 000283.800, 175
Trd, 000284.483, 173
Trd, 000284.567, 171
Trd, 000284.717, 171
Trd, 000284.983, 171
Trd, 000285.733, 170
Trd, 000285.767, 171
Trd, 000285.917, 170
Trd, 000286.250, 171
Trd, 000286.483, 173
Trd, 000286.900, 173
Trd, 000287.583, 175
Trd, 000288.067, 169
Trd, 000288.267, 169
Trd, 000288.867, 171
Trd, 000288.900, 172
Trd, 000289.167, 173
Trd, 000290.717, 171
Trd, 000291.400, 173
Trd, 000291.550, 171
Trd, 000291.717, 187
Trd, 000292.100, 176
Trd, 000292.367, 177
Trd, 000292.517, 178
Trd, 000293.233, 176
Trd, 000294.267, 175
Trd, 000294.417, 177
Trd, 000295.000, 178
Trd, 000295.117, 178
Trd, 000295.350, 180
Trd, 000295.667, 181
Trd, 000295.733, 180
Trd, 000296.600, 177
Trd, 000297.033, 177
Trd, 000297.350, 178
Trd, 000297.750, 177
Trd, 000297.850, 178
Trd, 000298.083, 187
Trd, 000298.383, 198
Trd, 000298.633, 186
Trd, 000299.450, 186
