Trd, 000002.000, 168
Trd, 000002.117, 134
Trd, 000002.617, 156
Trd, 000002.733, 128
Trd, 000003.533, 163
Trd, 000004.650, 162
Trd, 000005.067, 163
Trd, 000005.250, 154
Trd, 000005.283, 165
Trd, 000006.450, 166
Trd, 000007.133, 153
Trd, 000007.917, 156
Trd, 000008.133, 155
Trd, 000008.533, 160
Trd, 000008.700, 155
Trd, 000009.833, 155
Trd, 000010.000, 154
Trd, 000010.050, 159
Trd, 000010.167, 161
Trd, 000010.600, 158
Trd, 000011.867, 156
Trd, 000012.700, 155
Trd, 000013.300, 157
Trd, 000013.417, 157
Trd, 000013.567, 156
Trd, 000013.967, 155
Trd, 000014.450, 155
Trd, 000014.850, 154
Trd, 000015.367, 152
Trd, 000016.333, 153
Trd, 000016.450, 152
Trd, 000017.300, 149
Trd, 000017.833, 151
Trd, 000018.250, 151
Trd, 000018.883, 143
Trd, 000019.517, 143
Trd, 000019.817, 146
Trd, 000021.283, 147
Trd, 000021.533, 145
Trd, 000021.750, 147
Trd, 000022.300, 145
Trd, 000022.767, 146
Trd, 000024.050, 146
Trd, 000024.400, 146
Trd, 000024.567, 145
Trd, 000024.833, 147
Trd, 000025.117, 140
Trd, 000025.350, 132
Trd, 000025.767, 153
Trd, 000025.900, 169
Trd, 000027.050, 143
Trd, 000027.333, 143
Trd, 000027.967, 144
Trd, 000028.750, 148
Trd, 000028.833, 150
Trd, 000029.500, 149
Trd, 000030.117, 154
Trd, 000030.567, 144
Trd, 000032.033, 148
Trd, 000032.367, 149
Trd, 000032.567, 154
Trd, 000032.983, 151
Trd, 000033.517, 152
Trd, 000034.083, 157
Trd, 000034.133, 152
Trd, 000034.350, 152
Trd, 000034.933, 168
Trd, 000035.950, 154
Trd, 000036.167, 152
Trd, 000036.550, 155
Trd, 000036.917, 153
Trd, 000037.117, 153
Trd, 000037.583, 152
Trd, 000037.800, 143
Trd, 000037.917, 153
Trd, 000039.100, 152
Trd, 000039.683, 154
Trd, 000040.333, 158
Trd, 000040.850, 159
Trd, 000041.767, 155
Trd, 000042.217, 158
Trd, 000042.283, 160
Trd, 000042.450, 170
Trd, 000042.550, 154
Trd, 000042.717, 152
Trd, 000043.667, 169
Trd, 000043.867, 168
Trd, 000045.133, 164
Trd, 000045.767, 160
Trd, 000046.000, 159
Trd, 000046.300, 160
Trd, 000046.550, 158
Trd, 000047.350, 157
Trd, 000047.733, 159
Trd, 000048.617, 159
Trd, 000048.817, 158
Trd, 000048.883, 160
Trd, 000049.300, 156
Trd, 000050.150, 159
Trd, 000050.617, 158
Trd, 000051.033, 158
Trd, 000052.517, 158
Trd, 000052.683, 157
Trd, 000052.750, 160
Trd, 000053.100, 160
Trd, 000053.733, 159
Trd, 000053.950, 160
Trd, 000054.267, 160
Trd, 000054.700, 172
Trd, 000055.550, 163
Trd, 000056.617, 162
Trd, 000057.933, 164
Trd, 000058.650, 163
Trd, 000058.667, 162
Trd, 000059.533, 160
Trd, 000059.583, 167
Trd, 000060.917, 162
Trd, 000061.083, 161
Trd, 000061.817, 160
Trd, 000062.417, 161
Trd, 000062.533, 162
Trd, 000063.033, 160
Trd, 000063.217, 158
Trd, 000064.017, 161
Trd, 000064.367, 161
Trd, 000064.783, 158
Trd, 000065.017, 158
Trd, 000065.983, 159
Trd, 000066.083, 159
Trd, 000066.183, 157
Trd, 000067.150, 159
Trd, 000069.250, 161
Trd, 000069.367, 161
Trd, 000069.817, 161
Trd, 000070.000, 161
Trd, 000070.017, 162
Trd, 000070.050, 158
Trd, 000070.400, 158
Trd, 000071.133, 158
Trd, 000071.367, 157
Trd, 000071.517, 155
Trd, 000071.550, 137
Trd, 000072.350, 156
Trd, 000073.200, 147
Trd, 000073.983, 148
Trd, 000074.467, 148
Trd, 000074.650, 151
Trd, 000075.100, 158
Trd, 000075.433, 148
Trd, 000075.700, 156
Trd, 000077.000, 158
Trd, 000077.017, 157
Trd, 000077.117, 162
Trd, 000078.683, 171
Trd, 000078.767, 170
Trd, 000079.017, 170
Trd, 000079.700, 164
Trd, 000079.950, 165
Trd, 000080.717, 167
Trd, 000081.400, 166
Trd, 000081.467, 165
Trd, 000081.650, 166
Trd, 000081.667, 176
Trd, 000082.467, 170
Trd, 000083.050, 168
Trd, 000083.200, 168
Trd, 000083.283, 167
Trd, 000083.567, 170
Trd, 000084.050, 168
Trd, 000085.467, 162
Trd, 000086.383, 163
Trd, 000086.817, 163
Trd, 000088.250, 158
Trd, 000088.283, 159
Trd, 000088.383, 150
Trd, 000088.700, 159
Trd, 000089.500, 159
Trd, 000090.417, 159
Trd, 000091.083, 160
Trd, 000091.367, 160
Trd, 000091.433, 158
Trd, 000092.067, 160
Trd, 000093.283, 159
Trd, 000093.483, 159
Trd, 000094.783, 159
Trd, 000094.800, 158
Trd, 000095.367, 157
Trd, 000095.483, 157
Trd, 000096.283, 158
Trd, 000096.417, 155
Trd, 000096.617, 158
Trd, 000096.783, 158
Trd, 000098.217, 158
Trd, 000098.283, 158
Trd, 000098.650, 159
Trd, 000099.183, 159
Trd, 000099.400, 160
Trd, 000100.250, 160
Trd, 000100.767, 160
Trd, 000101.550, 159
Trd, 000102.700, 156
Trd, 000102.767, 157
Trd, 000103.217, 160
Trd, 000103.667, 161
Trd, 000104.617, 155
Trd, 000104.917, 161
Trd, 000105.050, 160
Trd, 000105.133, 162
Trd, 000106.717, 162
Trd, 000107.033, 161
Trd, 000107.167, 160
Trd, 000107.267, 165
Trd, 000107.433, 162
Trd, 000107.950, 163
Trd, 000108.350, 164
Trd, 000108.433, 163
Trd, 000109.217, 162
Trd, 000110.717, 162
Trd, 000110.750, 161
Trd, 000110.767, 163
Trd, 000111.033, 165
Trd, 000111.200, 159
Trd, 000111.733, 165
Trd, 000112.317, 165
Trd, 000112.367, 163
Trd, 000112.667, 162
Trd, 000113.433, 163
Trd, 000114.317, 162
Trd, 000114.917, 163
Trd, 000115.033, 162
Trd, 000115.567, 161
Trd, 000116.050, 161
Trd, 000116.133, 162
Trd, 000117.150, 162
Trd, 000117.950, 163
Trd, 000119.033, 162
Trd, 000119.117, 161
Trd, 000119.150, 163
Trd, 000119.267, 161
Trd, 000119.967, 146
Trd, 000120.867, 153
Trd, 000121.933, 145
Trd, 000122.500, 151
Trd, 000122.533, 154
Trd, 000122.850, 154
Trd, 000122.950, 156
Trd, 000123.083, 158
Trd, 000123.250, 143
Trd, 000124.050, 167
Trd, 000124.417, 160
Trd, 000124.783, 163
Trd, 000124.817, 163
Trd, 000126.050, 168
Trd, 000126.500, 167
Trd, 000127.383, 167
Trd, 000127.650, 168
Trd, 000128.183, 167
Trd, 000128.283, 175
Trd, 000128.550, 167
Trd, 000129.133, 166
Trd, 000130.217, 153
Trd, 000130.400, 152
Trd, 000130.900, 154
Trd, 000131.133, 160
Trd, 000131.500, 178
Trd, 000131.550, 155
Trd, 000133.900, 160
Trd, 000134.367, 161
Trd, 000135.350, 162
Trd, 000135.400, 163
Trd, 000136.200, 163
Trd, 000136.583, 162
Trd, 000137.550, 162
Trd, 000137.833, 161
Trd, 000137.867, 161
Trd, 000137.950, 162
Trd, 000138.150, 162
Trd, 000138.483, 160
Trd, 000138.617, 159
Trd, 000139.283, 161
Trd, 000139.950, 159
Trd, 000140.483, 144
Trd, 000141.117, 155
Trd, 000141.133, 161
Trd, 000141.617, 165
Trd, 000142.367, 152
Trd, 000142.833, 161
Trd, 000143.550, 169
Trd, 000144.017, 211
Trd, 000144.050, 173
Trd, 000145.183, 174
Trd, 000145.200, 170
Trd, 000145.650, 175
Trd, 000145.983, 177
Trd, 000146.567, 171
Trd, 000148.100, 173
Trd, 000148.583, 171
Trd, 000148.783, 171
Trd, 000149.017, 172
Trd, 000149.450, 170
Trd, 000150.033, 169
Trd, 000150.667, 173
Trd, 000151.083, 174
Trd, 000152.067, 169
Trd, 000152.417, 170
Trd, 000152.600, 172
Trd, 000152.750, 169
Trd, 000152.967, 169
Trd, 000153.733, 174
Trd, 000154.567, 173
Trd, 000154.883, 170
Trd, 000155.700, 170
Trd, 000155.950, 171
Trd, 000156.983, 170
Trd, 000158.050, 170
Trd, 000158.250, 169
Trd, 000158.933, 171
Trd, 000159.500, 171
Trd, 000159.717, 170
Trd, 000159.983, 170
Trd, 000160.483, 169
Trd, 000161.017, 170
Trd, 000161.083, 169
Trd, 000161.400, 171
Trd, 000161.650, 164
Trd, 000162.767, 171
Trd, 000163.533, 172
Trd, 000163.667, 171
Trd, 000163.700, 180
Trd, 000163.900, 183
Trd, 000163.917, 171
Trd, 000164.417, 184
Trd, 000165.317, 170
Trd, 000165.417, 186
Trd, 000165.867, 170
Trd, 000167.683, 170
Trd, 000167.833, 170
Trd, 000167.967, 173
Trd, 000168.800, 167
Trd, 000169.083, 168
Trd, 000169.267, 167
Trd, 000169.567, 166
Trd, 000169.917, 169
Trd, 000170.267, 169
Trd, 000170.283, 166
Trd, 000171.517, 168
Trd, 000171.733, 169
Trd, 000172.683, 167
Trd, 000173.250, 169
Trd, 000173.583, 166
Trd, 000173.867, 169
Trd, 000174.267, 170
Trd, 000174.600, 166
Trd, 000174.850, 165
Trd, 000176.317, 167
Trd, 000177.000, 172
Trd, 000177.067, 167
Trd, 000178.233, 170
Trd, 000179.150, 182
Trd, 000179.367, 168
Trd, 000179.833, 168
Trd, 000181.017, 169
Trd, 000181.050, 172
Trd, 000181.233, 169
Trd, 000182.050, 168
Trd, 000182.517, 171
Trd, 000182.950, 168
Trd, 000183.317, 170
Trd, 000184.050, 171
Trd, 000184.550, 170
Trd, 000185.350, 172
Trd, 000185.850, 167
Trd, 000185.900, 173
Trd, 000187.000, 169
Trd, 000187.283, 170
Trd, 000187.333, 172
Trd, 000188.083, 171
Trd, 000188.783, 160
Trd, 000189.033, 160
Trd, 000190.500, 163
Trd, 000190.617, 163
Trd, 000191.133, 162
Trd, 000191.383, 162
Trd, 000191.567, 163
Trd, 000191.850, 163
Trd, 000192.150, 162
Trd, 000192.283, 163
Trd, 000192.883, 161
Trd, 000193.400, 173
Trd, 000194.467, 168
Trd, 000194.667, 162
Trd, 000195.650, 166
Trd, 000195.683, 166
Trd, 000195.750, 168
Trd, 000196.217, 167
Trd, 000196.417, 163
Trd, 000196.683, 187
Trd, 000197.000, 180
Trd, 000197.317, 191
Trd, 000197.600, 173
Trd, 000198.850, 160
Trd, 000198.983, 161
Trd, 000199.583, 162
Trd, 000199.750, 166
Trd, 000202.250, 171
Trd, 000202.283, 175
Trd, 000202.617, 173
Trd, 000203.517, 173
Trd, 000203.533, 173
Trd, 000203.667, 173
Trd, 000205.200, 183
Trd, 000205.350, 184
Trd, 000205.800, 179
Trd, 000206.533, 181
Trd, 000206.717, 181
Trd, 000206.817, 180
Trd, 000207.017, 178
Trd, 000207.600, 179
Trd, 000207.617, 176
Trd, 000208.733, 178
Trd, 000209.283, 178
Trd, 000209.483, 178
Trd, 000210.300, 176
Trd, 000210.367, 175
Trd, 000210.667, 176
Trd, 000210.833, 175
Trd, 000211.500, 176
Trd, 000211.750, 175
Trd, 000211.900, 180
Trd, 000212.717, 176
Trd, 000213.350, 177
Trd, 000213.433, 176
Trd, 000213.733, 175
Trd, 000214.100, 177
Trd, 000214.317, 169
Trd, 000214.917, 171
Trd, 000215.583, 167
Trd, 000216.200, 174
Trd, 000216.617, 170
Trd, 000216.683, 170
Trd, 000217.400, 163
Trd, 000218.933, 166
Trd, 000218.983, 166
Trd, 000219.450, 164
Trd, 000219.533, 160
Trd, 000221.150, 163
Trd, 000221.233, 162
Trd, 000221.517, 166
Trd, 000221.817, 174
Trd, 000222.367, 164
Trd, 000223.967, 172
Trd, 000224.683, 174
Trd, 000224.733, 182
Trd, 000225.267, 176
Trd, 000225.400, 173
Trd, 000225.717, 175
Trd, 000225.900, 180
Trd, 000226.100, 175
Trd, 000226.367, 175
Trd, 000226.667, 176
Trd, 000227.350, 177
Trd, 000227.550, 176
Trd, 000227.800, 177
Trd, 000227.883, 175
Trd, 000228.217, 178
Trd, 000228.683, 172
Trd, 000229.100, 174
Trd, 000230.017, 173
Trd, 000230.283, 172
Trd, 000230.400, 174
Trd, 000230.750, 174
Trd, 000231.317, 175
Trd, 000231.717, 177
Trd, 000232.817, 170
Trd, 000232.967, 171
Trd, 000233.450, 176
Trd, 000233.950, 173
Trd, 000234.600, 172
Trd, 000234.683, 173
Trd, 000234.967, 171
Trd, 000235.167, 174
Trd, 000236.000, 174
Trd, 000236.133, 177
Trd, 000237.350, 171
Trd, 000237.983, 172
Trd, 000238.083, 171
Trd, 000239.133, 173
Trd, 000239.383, 174
Trd, 000239.700, 173
Trd, 000239.767, 174
Trd, 000240.250, 174
Trd, 000240.567, 174
Trd, 000241.800, 173
Trd, 000241.833, 173
Trd, 000241.883, 173
Trd, 000242.383, 174
Trd, 000242.883, 175
Trd, 000242.967, 173
Trd, 000243.483, 174
Trd, 000244.300, 174
Trd, 000244.400, 173
Trd, 000244.417, 175
Trd, 000246.033, 170
Trd, 000246.267, 171
Trd, 000246.333, 172
Trd, 000246.517, 172
Trd, 000247.067, 171
Trd, 000247.767, 171
Trd, 000247.850, 168
Trd, 000248.117, 172
Trd, 000248.933, 170
Trd, 000249.867, 170
Trd, 000250.133, 170
Trd, 000250.300, 160
Trd, 000250.467, 162
Trd, 000250.883, 166
Trd, 000251.083, 165
Trd, 000251.400, 165
Trd, 000251.900, 165
Trd, 000252.183, 164
Trd, 000252.383, 166
Trd, 000252.433, 164
Trd, 000252.650, 167
Trd, 000253.083, 173
Trd, 000253.533, 172
Trd, 000253.617, 171
Trd, 000254.317, 170
Trd, 000254.383, 171
Trd, 000254.683, 172
Trd, 000255.133, 171
Trd, 000255.800, 171
Trd, 000255.883, 169
Trd, 000256.667, 169
Trd, 000256.967, 171
Trd, 000258.033, 169
Trd, 000258.200, 167
Trd, 000258.367, 170
Trd, 000258.400, 167
Trd, 000258.600, 174
Trd, 000259.367, 167
Trd, 000259.783, 170
Trd, 000260.517, 172
Trd, 000260.650, 174
Trd, 000260.717, 177
Trd, 000261.100, 177
Trd, 000262.467, 176
Trd, 000262.600, 175
Trd, 000263.017, 174
Trd, 000263.283, 176
Trd, 000263.433, 177
Trd, 000263.800, 181
Trd, 000263.933, 176
Trd, 000264.600, 179
Trd, 000265.000, 177
Trd, 000265.267, 177
Trd, 000266.033, 175
Trd, 000266.333, 176
Trd, 000266.417, 175
Trd, 000266.717, 177
Trd, 000267.350, 164
Trd, 000268.167, 171
Trd, 000268.400, 171
Trd, 000268.433, 170
Trd, 000268.483, 175
Trd, 000268.800, 176
Trd, 000269.633, 171
Trd, 000270.000, 170
Trd, 000270.050, 171
Trd, 000270.117, 169
Trd, 000270.617, 168
Trd, 000271.617, 170
Trd, 000271.633, 168
Trd, 000272.067, 169
Trd, 000273.533, 168
Trd, 000273.600, 167
Trd, 000273.700, 167
Trd, 000274.100, 166
Trd, 000275.417, 168
Trd, 000275.817, 167
Trd, 000275.833, 168
Trd, 000276.350, 169
Trd, 000276.667, 168
Trd, 000276.700, 171
Trd, 000276.750, 166
Trd, 000277.067, 166
Trd, 000277.417, 165
Trd, 000277.483, 169
Trd, 000277.533, 169
Trd, 000277.683, 172
Trd, 000277.750, 164
Trd, 000277.783, 178
Trd, 000278.333, 183
Trd, 000278.583, 177
Trd, 000278.950, 177
Trd, 000279.150, 176
Trd, 000279.467, 170
Trd, 000279.550, 173
Trd, 000279.900, 174
Trd, 000280.867, 179
Trd, 000280.883, 195
Trd, 000281.550, 182
Trd, 000282.600, 180
Trd, 000282.917, 181
Trd, 000283.267, 179
Trd, 000283.750, 180
Trd, 000284.183, 176
Trd, 000285.033, 177
Trd, 000285.133, 175
Trd, 000285.483, 170
Trd, 000285.550, 179
Trd, 000286.033, 172
Trd, 000286.650, 176
Trd, 000288.117, 179
Trd, 000288.183, 180
Trd, 000288.917, 174
Trd, 000289.217, 173
Trd, 000289.317, 179
Trd, 000289.517, 173
Trd, 000289.900, 166
Trd, 000290.017, 180
Trd, 000290.750, 177
Trd, 000290.867, 171
Trd, 000291.067, 170
Trd, 000291.850, 170
Trd, 000292.400, 170
Trd, 000292.500, 173
Trd, 000292.583, 169
Trd, 000293.633, 172
Trd, 000293.683, 169
Trd, 000294.600, 172
Trd, 000295.050, 173
Trd, 000295.817, 173
Trd, 000296.017, 172
Trd, 000296.183, 173
Trd, 000296.217, 172
Trd, 000296.350, 176
Trd, 000296.467, 169
Trd, 000296.800, 169
Trd, 000297.067, 167
Trd, 000297.167, 176
Trd, 000297.733, 177
Trd, 000298.117, 171
Trd, 000298.233, 167
Trd, 000298.350, 166
Trd, 000299.150, 160
Trd, 000299.433, 178
Trd, 000299.950, 177
