Trd, 000001.717, 135
Trd, 000002.833, 133
Trd, 000002.917, 121
Trd, 000003.367, 138
Trd, 000003.483, 138
Trd, 000004.050, 148
Trd, 000004.533, 154
Trd, 000004.867, 150
Trd, 000005.583, 155
Trd, 000006.733, 148
Trd, 000007.017, 142
Trd, 000008.400, 148
Trd, 000009.150, 149
Trd, 000009.333, 154
Trd, 000009.883, 153
Trd, 000010.600, 151
Trd, 000010.667, 149
Trd, 000011.200, 136
Trd, 000011.717, 149
Trd, 000013.133, 144
Trd, 000013.417, 149
Trd, 000013.533, 135
Trd, 000014.233, 141
Trd, 000014.733, 141
Trd, 000015.217, 147
Trd, 000015.300, 156
Trd, 000016.667, 159
Trd, 000017.017, 163
Trd, 000018.617, 149
Trd, 000018.783, 150
Trd, 000018.917, 158
Trd, 000019.033, 159
Trd, 000021.783, 151
Trd, 000022.067, 152
Trd, 000022.283, 154
Trd, 000023.483, 151
Trd, 000023.700, 150
Trd, 000024.433, 150
Trd, 000024.467, 149
Trd, 000024.500, 151
Trd, 000024.583, 157
Trd, 000025.750, 152
Trd, 000027.183, 150
Trd, 000027.383, 143
Trd, 000027.833, 149
Trd, 000028.450, 137
Trd, 000028.650, 149
Trd, 000028.750, 152
Trd, 000029.750, 158
Trd, 000030.083, 156
Trd, 000030.700, 157
Trd, 000031.017, 159
Trd, 000031.083, 152
Trd, 000031.983, 158
Trd, 000032.017, 151
Trd, 000032.900, 152
Trd, 000033.433, 156
Trd, 000034.850, 152
Trd, 000035.650, 152
Trd, 000036.150, 151
Trd, 000038.200, 151
Trd, 000038.867, 152
Trd, 000038.917, 152
Trd, 000039.000, 150
Trd, 000040.017, 153
Trd, 000040.250, 152
Trd, 000040.317, 153
Trd, 000040.383, 149
Trd, 000041.617, 150
Trd, 000041.717, 151
Trd, 000041.817, 159
Trd, 000042.833, 159
Trd, 000043.083, 159
Trd, 000044.800, 150
Trd, 000045.383, 155
Trd, 000046.250, 155
Trd, 000046.833, 152
Trd, 000046.983, 153
Trd, 000047.633, 152
Trd, 000047.917, 153
Trd, 000047.950, 151
Trd, 000049.217, 150
Trd, 000050.033, 153
Trd, 000050.533, 155
Trd, 000052.117, 153
Trd, 000052.733, 155
Trd, 000053.033, 155
Trd, 000053.133, 160
Trd, 000053.767, 139
Trd, 000054.733, 147
Trd, 000054.833, 159
Trd, 000055.050, 160
Trd, 000055.900, 139
Trd, 000056.417, 157
Trd, 000056.683, 147
Trd, 000057.067, 155
Trd, 000057.133, 167
Trd, 000057.867, 154
Trd, 000059.233, 153
Trd, 000059.300, 140
Trd, 000060.200, 153
Trd, 000060.217, 153
Trd, 000061.050, 153
Trd, 000061.500, 154
Trd, 000063.183, 149
Trd, 000064.667, 150
Trd, 000064.733, 151
Trd, 000064.750, 148
Trd, 000064.783, 152
Trd, 000065.467, 148
Trd, 000065.983, 150
Trd, 000066.067, 154
Trd, 000067.133, 147
Trd, 000067.867, 167
Trd, 000068.083, 179
Trd, 000069.033, 169
Trd, 000069.733, 149
Trd, 000070.450, 153
Trd, 000070.550, 155
Trd, 000072.033, 150
Trd, 000073.483, 148
Trd, 000073.667, 149
Trd, 000073.850, 151
Trd, 000074.833, 150
Trd, 000076.433, 148
Trd, 000076.700, 150
Trd, 000076.883, 150
Trd, 000077.000, 154
Trd, 000077.200, 155
Trd, 000077.267, 164
Trd, 000078.167, 152
Trd, 000078.183, 164
Trd, 000079.633, 166
Trd, 000080.050, 158
Trd, 000082.583, 162
Trd, 000083.000, 162
Trd, 000083.867, 162
Trd, 000084.400, 158
Trd, 000085.833, 163
Trd, 000086.200, 156
Trd, 000086.217, 157
Trd, 000086.617, 157
Trd, 000086.967, 164
Trd, 000087.117, 157
Trd, 000089.233, 158
Trd, 000090.067, 158
Trd, 000090.917, 157
Trd, 000091.183, 150
Trd, 000091.417, 143
Trd, 000092.417, 157
Trd, 000092.550, 158
Trd, 000092.733, 164
Trd, 000093.633, 163
Trd, 000096.750, 158
Trd, 000097.250, 159
Trd, 000098.100, 159
Trd, 000098.533, 159
Trd, 000099.250, 160
Trd, 000099.517, 161
Trd, 000099.883, 160
Trd, 000099.917, 162
Trd, 000100.467, 161
Trd, 000100.567, 165
Trd, 000101.767, 164
Trd, 000101.983, 163
Trd, 000102.650, 162
Trd, 000103.717, 160
Trd, 000105.067, 162
Trd, 000105.217, 160
Trd, 000105.700, 166
Trd, 000105.800, 158
Trd, 000107.183, 168
Trd, 000108.667, 161
Trd, 000108.800, 161
Trd, 000109.017, 160
Trd, 000110.883, 159
Trd, 000111.600, 152
Trd, 000111.917, 158
Trd, 000112.300, 158
Trd, 000112.900, 159
Trd, 000112.983, 158
Trd, 000113.933, 158
Trd, 000114.683, 158
Trd, 000115.433, 154
Trd, 000115.767, 159
Trd, 000115.783, 159
Trd, 000116.467, 161
Trd, 000116.783, 157
Trd, 000117.283, 161
Trd, 000117.550, 153
Trd, 000118.383, 160
Trd, 000118.650, 160
Trd, 000118.733, 160
Trd, 000119.233, 155
Trd, 000120.767, 160
Trd, 000121.867, 160
Trd, 000122.533, 159
Trd, 000123.233, 161
Trd, 000123.383, 167
Trd, 000123.617, 165
Trd, 000124.233, 160
Trd, 000125.867, 162
Trd, 000127.467, 162
Trd, 000127.717, 163
Trd, 000127.900, 163
Trd, 000128.000, 164
Trd, 000128.983, 166
Trd, 000129.000, 162
Trd, 000130.200, 167
Trd, 000130.400, 161
Trd, 000130.450, 168
Trd, 000131.967, 171
Trd, 000132.400, 161
Trd, 000133.817, 163
Trd, 000133.983, 169
Trd, 000134.567, 161
Trd, 000134.583, 161
Trd, 000136.483, 168
Trd, 000136.767, 166
Trd, 000137.083, 155
Trd, 000137.567, 161
Trd, 000137.850, 162
Trd, 000138.867, 155
Trd, 000139.967, 152
Trd, 000140.983, 153
Trd, 000141.067, 152
Trd, 000141.250, 155
Trd, 000141.333, 152
Trd, 000141.500, 148
Trd, 000142.033, 160
Trd, 000143.217, 153
Trd, 000143.933, 158
Trd, 000144.217, 155
Trd, 000145.400, 156
Trd, 000145.800, 158
Trd, 000145.917, 158
Trd, 000146.267, 156
Trd, 000146.900, 158
Trd, 000147.500, 158
Trd, 000148.150, 159
Trd, 000148.767, 155
Trd, 000149.250, 158
Trd, 000149.650, 156
Trd, 000149.967, 161
Trd, 000150.117, 169
Trd, 000150.300, 163
Trd, 000150.450, 156
Trd, 000151.533, 170
Trd, 000153.217, 163
Trd, 000153.483, 162
Trd, 000153.833, 167
Trd, 000154.200, 167
Trd, 000154.633, 167
Trd, 000154.767, 163
Trd, 000155.633, 158
Trd, 000156.367, 169
Trd, 000156.650, 169
Trd, 000157.033, 170
Trd, 000157.100, 174
Trd, 000158.517, 167
Trd, 000158.783, 168
Trd, 000159.733, 164
Trd, 000159.867, 164
Trd, 000160.083, 167
Trd, 000161.767, 167
Trd, 000162.700, 167
Trd, 000162.833, 164
Trd, 000163.050, 164
Trd, 000163.150, 171
Trd, 000164.117, 172
Trd, 000165.183, 163
Trd, 000165.700, 164
Trd, 000166.067, 162
Trd, 000166.333, 163
Trd, 000167.050, 169
Trd, 000167.400, 166
Trd, 000167.600, 174
Trd, 000167.867, 166
Trd, 000168.733, 165
Trd, 000169.717, 172
Trd, 000169.967, 172
Trd, 000172.583, 165
Trd, 000172.967, 165
Trd, 000173.283, 167
Trd, 000174.500, 158
Trd, 000174.533, 151
Trd, 000175.100, 165
Trd, 000175.933, 164
Trd, 000176.800, 166
Trd, 000177.333, 165
Trd, 000177.667, 163
Trd, 000178.067, 161
Trd, 000178.383, 164
Trd, 000178.900, 164
Trd, 000179.200, 165
Trd, 000179.283, 166
Trd, 000179.883, 168
Trd, 000180.933, 168
Trd, 000181.150, 166
Trd, 000181.783, 173
Trd, 000182.067, 172
Trd, 000182.383, 159
Trd, 000182.550, 176
Trd, 000182.800, 168
Trd, 000184.400, 158
Trd, 000185.133, 174
Trd, 000185.983, 170
Trd, 000186.983, 174
Trd, 000187.417, 175
Trd, 000187.950, 173
Trd, 000189.417, 174
Trd, 000189.733, 171
Trd, 000189.850, 170
Trd, 000190.867, 167
Trd, 000191.450, 175
Trd, 000191.667, 160
Trd, 000192.233, 174
Trd, 000192.683, 175
Trd, 000194.733, 164
Trd, 000195.017, 165
Trd, 000195.450, 163
Trd, 000195.867, 163
Trd, 000196.183, 163
Trd, 000196.200, 167
Trd, 000198.483, 166
Trd, 000198.900, 166
Trd, 000199.983, 166
Trd, 000200.233, 165
Trd, 000200.683, 168
Trd, 000201.000, 167
Trd, 000201.267, 167
Trd, 000201.300, 165
Trd, 000201.383, 169
Trd, 000202.733, 175
Trd, 000202.917, 178
Trd, 000204.033, 162
Trd, 000204.217, 163
Trd, 000205.417, 168
Trd, 000206.750, 165
Trd, 000206.933, 166
Trd, 000207.950, 167
Trd, 000208.000, 168
Trd, 000208.100, 169
Trd, 000208.817, 164
Trd, 000208.950, 159
Trd, 000209.517, 169
Trd, 000211.400, 169
Trd, 000211.483, 170
Trd, 000211.833, 163
Trd, 000212.783, 166
Trd, 000213.433, 170
Trd, 000213.500, 163
Trd, 000213.983, 163
Trd, 000215.450, 166
Trd, 000215.550, 165
Trd, 000216.283, 167
Trd, 000218.400, 169
Trd, 000219.300, 170
Trd, 000219.383, 167
Trd, 000220.100, 172
Trd, 000220.167, 174
Trd, 000220.533, 170
Trd, 000220.683, 177
Trd, 000220.700, 180
Trd, 000221.417, 171
Trd, 000225.567, 175
Trd, 000225.817, 176
Trd, 000226.300, 172
Trd, 000226.533, 170
Trd, 000226.700, 177
Trd, 000227.067, 177
Trd, 000227.983, 177
Trd, 000228.483, 171
Trd, 000228.667, 168
Trd, 000229.883, 168
Trd, 000230.700, 166
Trd, 000231.067, 169
Trd, 000231.833, 167
Trd, 000232.150, 169
Trd, 000233.183, 168
Trd, 000233.333, 178
Trd, 000234.833, 169
Trd, 000235.550, 168
Trd, 000235.867, 169
Trd, 000236.317, 168
Trd, 000236.733, 171
Trd, 000237.100, 178
Trd, 000237.450, 177
Trd, 000238.383, 169
Trd, 000238.483, 167
Trd, 000239.033, 180
Trd, 000239.500, 178
Trd, 000239.767, 172
Trd, 000240.800, 175
Trd, 000241.217, 177
Trd, 000242.000, 176
Trd, 000242.133, 177
Trd, 000243.233, 177
Trd, 000243.533, 176
Trd, 000243.850, 175
Trd, 000244.767, 176
Trd, 000244.950, 174
Trd, 000246.617, 169
Trd, 000246.633, 168
Trd, 000247.167, 168
Trd, 000247.267, 169
Trd, 000247.617, 165
Trd, 000248.300, 161
Trd, 000248.867, 162
Trd, 000249.267, 170
Trd, 000249.433, 173
Trd, 000249.817, 180
Trd, 000250.317, 164
Trd, 000250.950, 178
Trd, 000252.983, 172
Trd, 000253.133, 170
Trd, 000253.250, 173
Trd, 000253.567, 169
Trd, 000254.183, 169
Trd, 000254.283, 169
Trd, 000254.333, 168
Trd, 000254.783, 166
Trd, 000255.067, 180
Trd, 000255.133, 183
Trd, 000255.683, 159
Trd, 000255.883, 156
Trd, 000257.600, 163
Trd, 000258.067, 163
Trd, 000258.083, 163
Trd, 000258.150, 162
Trd, 000258.800, 163
Trd, 000259.500, 164
Trd, 000259.750, 174
Trd, 000260.833, 181
Trd, 000261.100, 184
Trd, 000261.483, 185
Trd, 000261.617, 186
Trd, 000261.700, 191
Trd, 000263.183, 186
Trd, 000263.450, 188
Trd, 000265.017, 184
Trd, 000265.150, 183
Trd, 000265.183, 190
Trd, 000265.350, 179
Trd, 000266.400, 180
Trd, 000266.500, 185
Trd, 000266.767, 184
Trd, 000266.817, 183
Trd, 000267.083, 179
Trd, 000267.300, 177
Trd, 000267.783, 175
Trd, 000268.433, 175
Trd, 000269.600, 172
Trd, 000270.183, 170
Trd, 000270.783, 171
Trd, 000270.867, 171
Trd, 000271.933, 182
Trd, 000272.633, 177
Trd, 000272.683, 179
Trd, 000273.017, 168
Trd, 000274.667, 173
Trd, 000275.283, 176
Trd, 000275.450, 172
Trd, 000275.783, 168
Trd, 000276.067, 177
Trd, 000276.300, 171
Trd, 000276.400, 172
Trd, 000277.117, 174
Trd, 000278.050, 176
Trd, 000278.567, 180
Trd, 000278.800, 182
Trd, 000279.217, 179
Trd, 000279.600, 178
Trd, 000280.450, 176
Trd, 000280.467, 169
Trd, 000281.317, 177
Trd, 000281.767, 176
Trd, 000281.900, 173
Trd, 000282.100, 169
Trd, 000282.417, 178
Trd, 000282.683, 176
Trd, 000284.283, 175
Trd, 000284.467, 176
Trd, 000284.667, 171
Trd, 000284.700, 174
Trd, 000284.767, 176
Trd, 000286.533, 183
Trd, 000286.567, 186
Trd, 000287.333, 180
Trd, 000287.400, 179
Trd, 000287.650, 188
Trd, 000287.983, 180
Trd, 000288.700, 186
Trd, 000288.900, 190
Trd, 000290.650, 179
Trd, 000291.950, 182
Trd, 000292.050, 184
Trd, 000292.100, 181
Trd, 000292.167, 185
Trd, 000292.400, 186
Trd, 000293.267, 179
Trd, 000294.033, 182
Trd, 000294.317, 177
Trd, 000294.433, 170
Trd, 000294.500, 181
Trd, 000294.700, 180
Trd, 000294.767, 182
Trd, 000295.183, 160
Trd, 000295.950, 170
Trd, 000296.150, 156
Trd, 000298.383, 177
Trd, 000299.033, 179
Trd, 000299.700, 178
Trd, 000299.767, 175
Trd, 000299.800, 176
