Trd, 000001.250, 181
Trd, 000001.750, 116
Trd, 000002.567, 132
Trd, 000003.333, 155
Trd, 000004.383, 132
Trd, 000006.000, 155
Trd, 000006.867, 154
Trd, 000007.417, 151
Trd, 000007.533, 142
Trd, 000007.617, 134
Trd, 000009.300, 152
Trd, 000009.417, 154
Trd, 000009.933, 148
Trd, 000009.950, 156
Trd, 000010.367, 147
Trd, 000010.500, 152
Trd, 000011.417, 159
Trd, 000013.717, 156
Trd, 000013.733, 150
Trd, 000014.967, 152
Trd, 000015.083, 154
Trd, 000015.150, 150
Trd, 000015.467, 144
Trd, 000016.217, 150
Trd, 000016.733, 145
Trd, 000016.783, 151
Trd, 000017.933, 153
Trd, 000018.233, 145
Trd, 000019.217, 144
Trd, 000019.917, 143
Trd, 000019.983, 141
Trd, 000020.017, 152
Trd, 000020.183, 151
Trd, 000020.400, 156
Trd, 000020.833, 157
Trd, 000022.517, 157
Trd, 000022.817, 156
Trd, 000023.000, 154
Trd, 000023.067, 160
Trd, 000023.083, 153
Trd, 000023.100, 149
Trd, 000023.783, 143
Trd, 000024.600, 174
Trd, 000026.200, 173
Trd, 000026.850, 156
Trd, 000027.033, 147
Trd, 000027.067, 142
Trd, 000028.117, 152
Trd, 000028.400, 151
Trd, 000028.683, 150
Trd, 000028.883, 148
Trd, 000029.767, 140
Trd, 000030.433, 150
Trd, 000030.667, 158
Trd, 000031.267, 151
Trd, 000031.400, 130
Trd, 000031.467, 149
Trd, 000032.117, 160
Trd, 000032.567, 154
Trd, 000033.167, 131
Trd, 000033.483, 130
Trd, 000033.633, 134
Trd, 000033.667, 161
Trd, 000034.550, 146
Trd, 000035.933, 142
Trd, 000036.750, 147
Trd, 000036.883, 143
Trd, 000037.300, 152
Trd, 000038.617, 150
Trd, 000039.083, 158
Trd, 000039.250, 157
Trd, 000039.783, 157
Trd, 000040.750, 155
Trd, 000041.000, 154
Trd, 000041.117, 155
Trd, 000041.300, 151
Trd, 000041.333, 147
Trd, 000041.450, 157
Trd, 000041.883, 158
Trd, 000042.617, 155
Trd, 000044.383, 151
Trd, 000045.167, 155
Trd, 000045.683, 159
Trd, 000045.733, 160
Trd, 000048.317, 154
Trd, 000048.617, 156
Trd, 000048.850, 154
Trd, 000049.617, 154
Trd, 000050.600, 154
Trd, 000050.783, 153
Trd, 000051.117, 153
Trd, 000051.250, 152
Trd, 000051.300, 155
Trd, 000051.317, 155
Trd, 000051.550, 163
Trd, 000051.717, 148
Trd, 000053.567, 153
Trd, 000054.067, 156
Trd, 000054.333, 151
Trd, 000054.683, 157
Trd, 000055.133, 150
Trd, 000055.267, 157
Trd, 000055.483, 159
Trd, 000056.100, 133
Trd, 000057.733, 159
Trd, 000059.183, 157
Trd, 000059.383, 160
Trd, 000059.400, 148
Trd, 000059.483, 139
Trd, 000059.850, 137
Trd, 000060.333, 161
Trd, 000060.567, 133
Trd, 000060.633, 129
Trd, 000062.950, 159
Trd, 000063.117, 157
Trd, 000063.133, 157
Trd, 000063.217, 158
Trd, 000063.367, 161
Trd, 000064.133, 162
Trd, 000064.233, 164
Trd, 000064.900, 168
Trd, 000065.683, 165
Trd, 000066.133, 166
Trd, 000066.183, 178
Trd, 000067.333, 150
Trd, 000067.867, 147
Trd, 000069.517, 158
Trd, 000069.783, 165
Trd, 000069.833, 151
Trd, 000070.033, 155
Trd, 000070.700, 164
Trd, 000071.700, 165
Trd, 000072.067, 156
Trd, 000072.733, 162
Trd, 000073.117, 161
Trd, 000073.833, 159
Trd, 000075.067, 151
Trd, 000075.083, 155
Trd, 000075.450, 156
Trd, 000075.483, 150
Trd, 000075.800, 154
Trd, 000076.233, 155
Trd, 000076.550, 152
Trd, 000076.883, 156
Trd, 000076.967, 157
Trd, 000077.183, 134
Trd, 000077.267, 165
Trd, 000078.867, 161
Trd, 000079.967, 162
Trd, 000080.200, 155
Trd, 000080.583, 150
Trd, 000081.533, 159
Trd, 000081.750, 162
Trd, 000081.983, 163
Trd, 000083.767, 160
Trd, 000084.000, 158
Trd, 000084.600, 160
Trd, 000084.983, 161
Trd, 000085.150, 159
Trd, 000085.367, 158
Trd, 000085.983, 161
Trd, 000086.533, 159
Trd, 000087.017, 161
Trd, 000087.533, 147
Trd, 000087.633, 135
Trd, 000087.700, 170
Trd, 000088.233, 158
Trd, 000088.550, 156
Trd, 000089.500, 165
Trd, 000090.767, 160
Trd, 000091.317, 164
Trd, 000092.867, 162
Trd, 000093.550, 165
Trd, 000093.983, 165
Trd, 000094.633, 164
Trd, 000094.833, 160
Trd, 000095.200, 160
Trd, 000095.983, 161
Trd, 000096.033, 156
Trd, 000096.950, 164
Trd, 000097.583, 160
Trd, 000098.300, 169
Trd, 000098.383, 159
Trd, 000098.533, 166
Trd, 000099.850, 164
Trd, 000100.483, 162
Trd, 000100.633, 167
Trd, 000100.700, 172
Trd, 000100.717, 159
Trd, 000101.067, 191
Trd, 000101.700, 157
Trd, 000102.400, 161
Trd, 000102.633, 171
Trd, 000103.383, 164
Trd, 000103.567, 163
Trd, 000103.583, 162
Trd, 000104.917, 153
Trd, 000105.733, 171
Trd, 000107.500, 161
Trd, 000108.283, 164
Trd, 000109.233, 159
Trd, 000109.583, 164
Trd, 000110.033, 164
Trd, 000110.317, 165
Trd, 000110.483, 160
Trd, 000110.767, 162
Trd, 000111.283, 166
Trd, 000112.383, 166
Trd, 000113.850, 160
Trd, 000114.500, 163
Trd, 000115.117, 163
Trd, 000115.467, 162
Trd, 000115.500, 164
Trd, 000115.767, 161
Trd, 000116.100, 155
Trd, 000116.333, 162
Trd, 000116.750, 143
Trd, 000116.817, 166
Trd, 000117.533, 171
Trd, 000118.217, 162
Trd, 000119.000, 155
Trd, 000119.433, 152
Trd, 000119.533, 183
Trd, 000119.933, 140
Trd, 000120.267, 184
Trd, 000121.317, 166
Trd, 000121.900, 162
Trd, 000122.067, 165
Trd, 000122.550, 151
Trd, 000123.167, 165
Trd, 000123.383, 167
Trd, 000123.517, 150
Trd, 000124.633, 163
Trd, 000124.983, 158
Trd, 000125.950, 157
Trd, 000126.417, 161
Trd, 000127.217, 162
Trd, 000128.000, 162
Trd, 000128.067, 158
Trd, 000128.150, 156
Trd, 000128.350, 157
Trd, 000129.367, 163
Trd, 000129.533, 157
Trd, 000129.650, 163
Trd, 000131.550, 164
Trd, 000131.567, 164
Trd, 000132.783, 143
Trd, 000133.733, 165
Trd, 000134.617, 159
Trd, 000134.917, 159
Trd, 000135.400, 165
Trd, 000135.783, 167
Trd, 000136.017, 158
Trd, 000136.267, 171
Trd, 000136.300, 159
Trd, 000137.483, 169
Trd, 000137.717, 159
Trd, 000138.367, 157
Trd, 000138.517, 167
Trd, 000138.767, 166
Trd, 000139.350, 162
Trd, 000139.617, 165
Trd, 000140.317, 165
Trd, 000141.133, 165
Trd, 000141.200, 162
Trd, 000142.183, 165
Trd, 000142.417, 162
Trd, 000144.217, 166
Trd, 000144.233, 165
Trd, 000144.350, 172
Trd, 000144.417, 165
Trd, 000144.650, 160
Trd, 000144.900, 157
Trd, 000145.050, 176
Trd, 000146.067, 183
Trd, 000146.733, 161
Trd, 000147.167, 167
Trd, 000147.783, 168
Trd, 000148.217, 165
Trd, 000148.483, 168
Trd, 000148.583, 158
Trd, 000148.683, 146
Trd, 000149.450, 143
Trd, 000150.117, 162
Trd, 000150.783, 173
Trd, 000151.533, 161
Trd, 000152.317, 161
Trd, 000152.767, 160
Trd, 000153.100, 162
Trd, 000154.000, 162
Trd, 000154.200, 161
Trd, 000154.683, 162
Trd, 000154.867, 158
Trd, 000154.917, 158
Trd, 000155.850, 146
Trd, 000156.267, 163
Trd, 000157.150, 156
Trd, 000158.033, 156
Trd, 000158.383, 164
Trd, 000158.667, 157
Trd, 000159.350, 155
Trd, 000159.950, 153
Trd, 000160.333, 158
Trd, 000160.483, 164
Trd, 000161.200, 159
Trd, 000162.217, 158
Trd, 000162.633, 158
Trd, 000163.050, 158
Trd, 000163.483, 174
Trd, 000163.883, 171
Trd, 000164.933, 171
Trd, 000165.350, 165
Trd, 000165.550, 177
Trd, 000166.300, 176
Trd, 000166.417, 168
Trd, 000166.900, 177
Trd, 000167.050, 159
Trd, 000167.767, 171
Trd, 000168.100, 168
Trd, 000168.950, 166
Trd, 000169.050, 165
Trd, 000169.400, 164
Trd, 000169.533, 168
Trd, 000170.050, 172
Trd, 000171.200, 172
Trd, 000171.433, 171
Trd, 000171.633, 170
Trd, 000171.883, 165
Trd, 000171.967, 178
Trd, 000172.050, 179
Trd, 000172.933, 164
Trd, 000173.783, 170
Trd, 000176.000, 170
Trd, 000176.100, 170
Trd, 000176.650, 170
Trd, 000177.083, 171
Trd, 000177.250, 172
Trd, 000178.183, 170
Trd, 000178.200, 168
Trd, 000178.733, 161
Trd, 000179.167, 164
Trd, 000179.417, 164
Trd, 000180.217, 162
Trd, 000180.433, 169
Trd, 000180.533, 169
Trd, 000180.967, 170
Trd, 000181.317, 173
Trd, 000181.567, 167
Trd, 000181.850, 169
Trd, 000183.317, 165
Trd, 000183.483, 166
Trd, 000184.183, 163
Trd, 000184.883, 166
Trd, 000185.183, 165
Trd, 000185.517, 165
Trd, 000185.783, 164
Trd, 000186.733, 166
Trd, 000187.333, 167
Trd, 000188.500, 161
Trd, 000188.833, 162
Trd, 000188.967, 167
Trd, 000189.133, 167
Trd, 000190.133, 164
Trd, 000190.283, 163
Trd, 000190.683, 168
Trd, 000190.800, 162
Trd, 000191.883, 173
Trd, 000192.317, 174
Trd, 000193.317, 174
Trd, 000193.517, 170
Trd, 000193.633, 156
Trd, 000194.983, 162
Trd, 000195.667, 170
Trd, 000195.833, 165
Trd, 000195.933, 173
Trd, 000196.017, 171
Trd, 000196.033, 162
Trd, 000197.367, 170
Trd, 000197.500, 165
Trd, 000198.350, 171
Trd, 000198.950, 170
Trd, 000198.983, 171
Trd, 000199.150, 182
Trd, 000199.517, 168
Trd, 000200.267, 168
Trd, 000200.533, 191
Trd, 000200.900, 171
Trd, 000202.133, 171
Trd, 000203.150, 174
Trd, 000203.367, 175
Trd, 000203.600, 182
Trd, 000204.917, 174
Trd, 000205.667, 174
Trd, 000206.150, 171
Trd, 000206.200, 167
Trd, 000207.117, 172
Trd, 000207.133, 175
Trd, 000207.783, 175
Trd, 000208.517, 174
Trd, 000209.350, 173
Trd, 000209.500, 176
Trd, 000210.183, 172
Trd, 000210.350, 173
Trd, 000211.083, 172
Trd, 000212.617, 169
Trd, 000213.017, 148
Trd, 000213.083, 170
Trd, 000213.667, 171
Trd, 000214.700, 169
Trd, 000215.700, 168
Trd, 000215.883, 167
Trd, 000216.167, 168
Trd, 000216.250, 166
Trd, 000216.967, 165
Trd, 000217.017, 167
Trd, 000217.283, 170
Trd, 000218.667, 173
Trd, 000219.317, 169
Trd, 000219.967, 177
Trd, 000221.250, 170
Trd, 000221.617, 171
Trd, 000222.000, 169
Trd, 000222.133, 170
Trd, 000222.183, 172
Trd, 000222.450, 168
Trd, 000222.767, 176
Trd, 000223.383, 167
Trd, 000223.867, 166
Trd, 000223.917, 165
Trd, 000224.117, 184
Trd, 000224.250, 156
Trd, 000225.683, 152
Trd, 000226.200, 153
Trd, 000226.317, 167
Trd, 000226.717, 170
Trd, 000227.650, 171
Trd, 000228.167, 156
Trd, 000229.100, 162
Trd, 000230.183, 171
Trd, 000230.500, 183
Trd, 000230.817, 178
Trd, 000231.450, 171
Trd, 000231.950, 170
Trd, 000232.233, 167
Trd, 000233.700, 170
Trd, 000233.717, 171
Trd, 000234.233, 171
Trd, 000234.250, 170
Trd, 000234.367, 169
Trd, 000234.500, 166
Trd, 000234.617, 150
Trd, 000234.950, 171
Trd, 000236.383, 178
Trd, 000236.767, 175
Trd, 000237.933, 163
Trd, 000238.400, 174
Trd, 000238.950, 153
Trd, 000239.483, 171
Trd, 000240.133, 159
Trd, 000240.400, 164
Trd, 000240.567, 165
Trd, 000241.217, 164
Trd, 000241.250, 167
Trd, 000241.350, 168
Trd, 000242.000, 168
Trd, 000242.100, 169
Trd, 000242.400, 168
Trd, 000243.067, 185
Trd, 000243.850, 176
Trd, 000244.517, 174
Trd, 000244.867, 175
Trd, 000245.550, 171
Trd, 000245.633, 172
Trd, 000245.900, 170
Trd, 000245.917, 174
Trd, 000245.933, 179
Trd, 000246.217, 175
Trd, 000246.500, 183
Trd, 000246.967, 165
Trd, 000247.217, 186
Trd, 000248.800, 182
Trd, 000248.900, 165
Trd, 000249.233, 178
Trd, 000250.667, 168
Trd, 000251.033, 171
Trd, 000251.300, 171
Trd, 000251.633, 170
Trd, 000251.767, 167
Trd, 000251.867, 165
Trd, 000252.700, 166
Trd, 000252.717, 166
Trd, 000253.267, 167
Trd, 000253.300, 169
Trd, 000253.783, 167
Trd, 000254.783, 168
Trd, 000254.900, 159
Trd, 000256.233, 169
Trd, 000256.467, 180
Trd, 000256.717, 162
Trd, 000257.217, 163
Trd, 000257.250, 167
Trd, 000257.417, 171
Trd, 000257.817, 171
Trd, 000257.933, 172
Trd, 000258.267, 170
Trd, 000258.450, 164
Trd, 000258.717, 160
Trd, 000259.333, 157
Trd, 000259.750, 167
Trd, 000259.783, 168
Trd, 000259.917, 177
Trd, 000260.900, 177
Trd, 000261.217, 181
Trd, 000261.733, 184
Trd, 000262.050, 183
Trd, 000262.083, 182
Trd, 000262.533, 176
Trd, 000263.200, 175
Trd, 000263.283, 181
Trd, 000263.317, 166
Trd, 000264.450, 182
Trd, 000264.933, 183
Trd, 000265.283, 181
Trd, 000265.817, 177
Trd, 000266.050, 177
Trd, 000266.450, 177
Trd, 000266.983, 181
Trd, 000267.200, 183
Trd, 000267.267, 178
Trd, 000267.433, 184
Trd, 000267.617, 173
Trd, 000268.550, 181
Trd, 000268.667, 178
Trd, 000268.967, 178
Trd, 000269.233, 168
Trd, 000269.933, 167
Trd, 000270.283, 178
Trd, 000271.017, 176
Trd, 000271.100, 181
Trd, 000271.317, 173
Trd, 000271.700, 178
Trd, 000271.783, 176
Trd, 000272.017, 176
Trd, 000272.517, 181
Trd, 000272.700, 161
Trd, 000272.850, 182
Trd, 000273.817, 174
Trd, 000274.783, 173
Trd, 000275.183, 173
Trd, 000275.283, 176
Trd, 000276.833, 172
Trd, 000276.917, 176
Trd, 000277.267, 177
Trd, 000277.417, 171
Trd, 000277.683, 176
Trd, 000277.917, 170
Trd, 000278.450, 175
Trd, 000279.000, 183
Trd, 000279.633, 178
Trd, 000281.000, 173
Trd, 000281.367, 184
Trd, 000281.800, 179
Trd, 000282.117, 182
Trd, 000282.467, 177
Trd, 000282.650, 170
Trd, 000282.683, 168
Trd, 000283.033, 169
Trd, 000284.050, 180
Trd, 000284.200, 179
Trd, 000284.500, 169
Trd, 000285.033, 168
Trd, 000285.067, 165
Trd, 000285.400, 170
Trd, 000285.417, 163
Trd, 000285.750, 162
Trd, 000286.000, 170
Trd, 000286.733, 172
Trd, 000287.083, 162
Trd, 000287.167, 174
Trd, 000287.883, 166
Trd, 000288.133, 170
Trd, 000289.317, 178
Trd, 000289.400, 164
Trd, 000289.650, 163
Trd, 000290.417, 178
Trd, 000291.000, 164
Trd, 000291.417, 163
Trd, 000292.117, 164
Trd, 000292.317, 167
Trd, 000292.433, 170
Trd, 000292.983, 164
Trd, 000293.833, 176
Trd, 000293.933, 177
Trd, 000294.017, 184
Trd, 000294.467, 172
Trd, 000294.683, 185
Trd, 000295.117, 180
Trd, 000295.533, 173
Trd, 000295.550, 171
Trd, 000295.600, 170
Trd, 000296.483, 175
Trd, 000296.700, 173
Trd, 000296.850, 177
Trd, 000296.967, 170
Trd, 000297.683, 164
Trd, 000297.750, 177
Trd, 000298.567, 185
Trd, 000299.083, 175
Trd, 000299.283, 189
Trd, 000299.933, 200
