Trd, 000001.233, 182
Trd, 000001.933, 135
Trd, 000002.950, 144
Trd, 000003.050, 130
Trd, 000003.350, 131
Trd, 000004.817, 132
Trd, 000004.933, 132
Trd, 000005.017, 131
Trd, 000005.983, 132
Trd, 000006.200, 137
Trd, 000006.733, 132
Trd, 000006.967, 151
Trd, 000007.017, 151
Trd, 000007.300, 166
Trd, 000007.450, 142
Trd, 000007.867, 145
Trd, 000009.417, 147
Trd, 000009.500, 150
Trd, 000010.767, 149
Trd, 000011.000, 150
Trd, 000011.150, 156
Trd, 000011.633, 155
Trd, 000011.817, 156
Trd, 000012.567, 159
Trd, 000012.983, 159
Trd, 000013.383, 157
Trd, 000013.733, 156
Trd, 000014.433, 143
Trd, 000015.450, 135
Trd, 000015.983, 149
Trd, 000017.017, 133
Trd, 000017.100, 141
Trd, 000017.233, 150
Trd, 000017.333, 152
Trd, 000017.900, 154
Trd, 000017.933, 131
Trd, 000018.183, 166
Trd, 000019.033, 166
Trd, 000019.467, 165
Trd, 000020.217, 160
Trd, 000021.067, 156
Trd, 000021.267, 155
Trd, 000022.067, 142
Trd, 000022.167, 143
Trd, 000023.550, 143
Trd, 000023.667, 143
Trd, 000024.283, 139
Trd, 000024.417, 142
Trd, 000024.517, 146
Trd, 000024.667, 150
Trd, 000024.983, 139
Trd, 000025.867, 138
Trd, 000025.933, 137
Trd, 000026.100, 166
Trd, 000026.967, 138
Trd, 000028.683, 140
Trd, 000029.867, 146
Trd, 000030.383, 147
Trd, 000030.517, 147
Trd, 000030.533, 152
Trd, 000030.567, 167
Trd, 000030.650, 168
Trd, 000030.767, 171
Trd, 000031.167, 163
Trd, 000031.433, 146
Trd, 000031.850, 146
Trd, 000032.933, 169
Trd, 000033.067, 168
Trd, 000033.167, 150
Trd, 000035.417, 159
Trd, 000035.600, 151
Trd, 000036.067, 157
Trd, 000036.250, 150
Trd, 000036.383, 156
Trd, 000037.050, 158
Trd, 000037.350, 168
Trd, 000037.367, 149
Trd, 000037.883, 145
Trd, 000039.350, 149
Trd, 000039.567, 151
Trd, 000039.850, 149
Trd, 000040.017, 148
Trd, 000041.417, 151
Trd, 000041.900, 147
Trd, 000042.567, 153
Trd, 000042.783, 155
Trd, 000043.900, 153
Trd, 000044.750, 153
Trd, 000045.417, 154
Trd, 000045.583, 154
Trd, 000045.933, 152
Trd, 000046.150, 148
Trd, 000046.317, 147
Trd, 000046.983, 149
Trd, 000047.317, 155
Trd, 000047.517, 142
Trd, 000049.017, 141
Trd, 000049.817, 149
Trd, 000049.833, 138
Trd, 000050.150, 149
Trd, 000050.333, 151
Trd, 000051.100, 155
Trd, 000051.133, 141
Trd, 000052.767, 145
Trd, 000053.250, 146
Trd, 000054.100, 156
Trd, 000054.717, 155
Trd, 000055.267, 173
Trd, 000055.550, 159
Trd, 000056.650, 159
Trd, 000056.933, 164
Trd, 000056.967, 159
Trd, 000057.667, 156
Trd, 000058.033, 181
Trd, 000058.733, 149
Trd, 000059.383, 158
Trd, 000059.617, 165
Trd, 000060.233, 165
Trd, 000060.500, 157
Trd, 000060.783, 164
Trd, 000061.483, 157
Trd, 000061.717, 157
Trd, 000061.850, 164
Trd, 000062.400, 171
Trd, 000063.183, 154
Trd, 000063.283, 152
Trd, 000063.917, 162
Trd, 000065.400, 163
Trd, 000065.417, 154
Trd, 000065.467, 163
Trd, 000065.700, 153
Trd, 000066.483, 149
Trd, 000066.883, 151
Trd, 000066.900, 148
Trd, 000067.117, 171
Trd, 000067.150, 174
Trd, 000068.283, 140
Trd, 000068.667, 148
Trd, 000069.483, 151
Trd, 000070.517, 147
Trd, 000070.783, 146
Trd, 000071.850, 148
Trd, 000072.133, 150
Trd, 000073.000, 151
Trd, 000074.050, 150
Trd, 000074.250, 151
Trd, 000074.383, 150
Trd, 000075.133, 154
Trd, 000075.417, 155
Trd, 000075.517, 150
Trd, 000075.867, 171
Trd, 000076.517, 175
Trd, 000076.650, 149
Trd, 000077.400, 150
Trd, 000077.500, 141
Trd, 000077.667, 152
Trd, 000077.883, 155
Trd, 000079.033, 158
Trd, 000079.133, 159
Trd, 000079.767, 159
Trd, 000079.983, 160
Trd, 000081.017, 173
Trd, 000081.617, 164
Trd, 000082.167, 174
Trd, 000083.183, 172
Trd, 000083.833, 171
Trd, 000083.967, 169
Trd, 000084.500, 167
Trd, 000084.667, 170
Trd, 000084.917, 172
Trd, 000085.583, 165
Trd, 000085.800, 164
Trd, 000085.917, 173
Trd, 000086.700, 163
Trd, 000087.767, 169
Trd, 000088.550, 162
Trd, 000089.517, 172
Trd, 000089.633, 159
Trd, 000090.350, 162
Trd, 000091.083, 170
Trd, 000091.200, 170
Trd, 000091.283, 161
Trd, 000091.883, 162
Trd, 000092.017, 167
Trd, 000092.833, 169
Trd, 000093.150, 154
Trd, 000094.183, 154
Trd, 000094.283, 152
Trd, 000094.950, 157
Trd, 000095.200, 143
Trd, 000095.850, 155
Trd, 000096.750, 157
Trd, 000097.300, 157
Trd, 000097.683, 175
Trd, 000097.950, 177
Trd, 000098.233, 148
Trd, 000098.533, 183
Trd, 000098.900, 156
Trd, 000099.167, 172
Trd, 000099.900, 167
Trd, 000100.850, 166
Trd, 000101.400, 162
Trd, 000101.750, 165
Trd, 000102.633, 164
Trd, 000102.850, 162
Trd, 000103.450, 165
Trd, 000103.633, 165
Trd, 000103.683, 166
Trd, 000103.950, 164
Trd, 000104.533, 159
Trd, 000105.133, 158
Trd, 000105.767, 157
Trd, 000106.250, 159
Trd, 000107.450, 159
Trd, 000107.550, 161
Trd, 000108.250, 152
Trd, 000108.567, 150
Trd, 000109.050, 162
Trd, 000109.467, 153
Trd, 000110.417, 154
Trd, 000111.417, 148
Trd, 000111.667, 152
Trd, 000112.517, 149
Trd, 000112.617, 152
Trd, 000113.083, 153
Trd, 000113.150, 154
Trd, 000113.533, 148
Trd, 000115.183, 147
Trd, 000115.667, 148
Trd, 000115.733, 152
Trd, 000115.750, 147
Trd, 000115.850, 155
Trd, 000116.217, 160
Trd, 000117.933, 161
Trd, 000118.383, 155
Trd, 000118.450, 152
Trd, 000118.583, 156
Trd, 000118.917, 158
Trd, 000118.967, 150
Trd, 000120.483, 177
Trd, 000120.500, 151
Trd, 000121.850, 153
Trd, 000121.950, 152
Trd, 000122.133, 163
Trd, 000122.850, 163
Trd, 000124.183, 153
Trd, 000124.333, 152
Trd, 000125.700, 156
Trd, 000125.917, 156
Trd, 000126.450, 157
Trd, 000127.083, 157
Trd, 000127.767, 157
Trd, 000128.017, 156
Trd, 000128.633, 159
Trd, 000129.033, 157
Trd, 000129.117, 161
Trd, 000129.383, 156
Trd, 000130.017, 160
Trd, 000130.033, 157
Trd, 000130.050, 154
Trd, 000130.667, 154
Trd, 000130.783, 147
Trd, 000132.100, 154
Trd, 000132.117, 141
Trd, 000132.500, 155
Trd, 000132.617, 157
Trd, 000133.617, 154
Trd, 000134.467, 161
Trd, 000134.900, 153
Trd, 000135.117, 153
Trd, 000135.967, 153
Trd, 000136.183, 156
Trd, 000136.700, 156
Trd, 000136.767, 157
Trd, 000137.367, 159
Trd, 000137.750, 164
Trd, 000137.817, 165
Trd, 000138.283, 178
Trd, 000140.267, 166
Trd, 000140.517, 167
Trd, 000140.567, 170
Trd, 000141.100, 179
Trd, 000141.483, 169
Trd, 000141.783, 180
Trd, 000142.050, 169
Trd, 000143.450, 178
Trd, 000143.467, 168
Trd, 000144.017, 179
Trd, 000144.133, 169
Trd, 000144.333, 157
Trd, 000144.850, 174
Trd, 000145.300, 149
Trd, 000146.933, 159
Trd, 000147.233, 160
Trd, 000148.633, 161
Trd, 000149.067, 163
Trd, 000149.367, 165
Trd, 000149.833, 163
Trd, 000150.183, 164
Trd, 000150.733, 166
Trd, 000150.783, 164
Trd, 000151.350, 183
Trd, 000151.550, 166
Trd, 000151.800, 162
Trd, 000152.050, 164
Trd, 000152.700, 158
Trd, 000153.117, 174
Trd, 000153.683, 166
Trd, 000155.050, 165
Trd, 000156.083, 163
Trd, 000156.150, 165
Trd, 000156.417, 167
Trd, 000156.517, 162
Trd, 000156.700, 180
Trd, 000157.750, 162
Trd, 000158.000, 161
Trd, 000158.983, 162
Trd, 000159.200, 161
Trd, 000160.183, 158
Trd, 000160.400, 165
Trd, 000161.117, 164
Trd, 000161.683, 163
Trd, 000162.033, 157
Trd, 000162.167, 163
Trd, 000162.567, 158
Trd, 000162.683, 157
Trd, 000162.800, 164
Trd, 000163.967, 167
Trd, 000164.367, 181
Trd, 000164.650, 162
Trd, 000164.900, 184
Trd, 000165.000, 165
Trd, 000165.767, 165
Trd, 000166.833, 166
Trd, 000166.867, 173
Trd, 000167.800, 171
Trd, 000168.033, 172
Trd, 000168.233, 169
Trd, 000169.000, 168
Trd, 000169.067, 172
Trd, 000169.800, 175
Trd, 000169.983, 158
Trd, 000170.100, 182
Trd, 000170.483, 173
Trd, 000170.583, 161
Trd, 000171.000, 195
Trd, 000171.567, 181
Trd, 000173.650, 179
Trd, 000173.683, 179
Trd, 000174.650, 182
Trd, 000175.083, 181
Trd, 000175.200, 178
Trd, 000175.300, 188
Trd, 000175.733, 183
Trd, 000175.833, 177
Trd, 000176.183, 175
Trd, 000177.100, 174
Trd, 000177.567, 173
Trd, 000177.917, 173
Trd, 000178.467, 174
Trd, 000178.517, 173
Trd, 000178.900, 183
Trd, 000180.250, 162
Trd, 000180.667, 166
Trd, 000181.000, 169
Trd, 000182.250, 169
Trd, 000183.367, 162
Trd, 000184.383, 162
Trd, 000184.550, 167
Trd, 000185.083, 161
Trd, 000185.283, 162
Trd, 000185.317, 167
Trd, 000186.017, 165
Trd, 000186.067, 168
Trd, 000186.083, 170
Trd, 000187.433, 169
Trd, 000187.567, 168
Trd, 000187.633, 165
Trd, 000188.517, 163
Trd, 000188.617, 169
Trd, 000188.917, 170
Trd, 000189.983, 170
Trd, 000190.600, 176
Trd, 000191.067, 173
Trd, 000191.100, 175
Trd, 000191.350, 174
Trd, 000191.367, 173
Trd, 000191.467, 184
Trd, 000192.233, 178
Trd, 000192.317, 187
Trd, 000193.633, 184
Trd, 000194.367, 185
Trd, 000195.050, 179
Trd, 000195.750, 178
Trd, 000196.283, 177
Trd, 000196.400, 174
Trd, 000197.100, 175
Trd, 000197.667, 173
Trd, 000197.733, 174
Trd, 000198.050, 166
Trd, 000199.167, 175
Trd, 000199.300, 168
Trd, 000199.633, 167
Trd, 000199.650, 166
Trd, 000200.050, 175
Trd, 000200.250, 162
Trd, 000200.650, 159
Trd, 000202.050, 163
Trd, 000203.900, 169
Trd, 000204.050, 171
Trd, 000204.250, 182
Trd, 000204.600, 169
Trd, 000205.383, 170
Trd, 000205.417, 173
Trd, 000206.150, 176
Trd, 000206.467, 171
Trd, 000206.600, 170
Trd, 000206.867, 187
Trd, 000207.617, 168
Trd, 000207.983, 165
Trd, 000208.300, 173
Trd, 000209.867, 167
Trd, 000210.517, 168
Trd, 000210.883, 169
Trd, 000211.450, 172
Trd, 000211.633, 174
Trd, 000211.683, 171
Trd, 000212.267, 173
Trd, 000212.833, 174
Trd, 000212.933, 186
Trd, 000213.767, 175
Trd, 000213.783, 177
Trd, 000213.950, 189
Trd, 000214.167, 193
Trd, 000214.417, 192
Trd, 000214.533, 201
Trd, 000214.567, 164
Trd, 000215.700, 154
Trd, 000217.450, 166
Trd, 000217.617, 163
Trd, 000217.700, 162
Trd, 000218.183, 167
Trd, 000218.450, 164
Trd, 000219.083, 170
Trd, 000219.400, 169
Trd, 000221.233, 171
Trd, 000221.350, 171
Trd, 000221.550, 171
Trd, 000223.333, 177
Trd, 000223.533, 178
Trd, 000223.917, 186
Trd, 000224.550, 177
Trd, 000224.917, 186
Trd, 000225.350, 184
Trd, 000225.467, 187
Trd, 000225.683, 176
Trd, 000225.817, 190
Trd, 000226.350, 176
Trd, 000227.033, 190
Trd, 000227.217, 166
Trd, 000227.400, 201
Trd, 000228.217, 167
Trd, 000228.367, 169
Trd, 000228.383, 180
Trd, 000229.233, 174
Trd, 000230.517, 167
Trd, 000231.317, 161
Trd, 000231.400, 167
Trd, 000231.583, 161
Trd, 000231.600, 160
Trd, 000232.683, 160
Trd, 000232.817, 159
Trd, 000233.767, 163
Trd, 000234.267, 163
Trd, 000234.667, 164
Trd, 000234.950, 164
Trd, 000236.417, 167
Trd, 000237.467, 168
Trd, 000237.867, 167
Trd, 000238.300, 169
Trd, 000238.317, 166
Trd, 000238.767, 172
Trd, 000238.967, 170
Trd, 000239.150, 169
Trd, 000240.083, 167
Trd, 000240.133, 174
Trd, 000240.300, 188
Trd, 000240.350, 172
Trd, 000240.400, 192
Trd, 000240.933, 192
Trd, 000240.983, 173
Trd, 000241.433, 174
Trd, 000241.733, 172
Trd, 000242.267, 171
Trd, 000242.567, 173
Trd, 000243.283, 162
Trd, 000243.817, 162
Trd, 000244.117, 165
Trd, 000244.550, 161
Trd, 000244.817, 158
Trd, 000245.183, 168
Trd, 000245.550, 162
Trd, 000246.133, 173
Trd, 000246.183, 172
Trd, 000246.250, 172
Trd, 000246.483, 175
Trd, 000246.633, 177
Trd, 000247.233, 159
Trd, 000247.967, 166
Trd, 000248.600, 166
Trd, 000248.783, 165
Trd, 000249.067, 169
Trd, 000249.500, 168
Trd, 000249.933, 167
Trd, 000250.117, 167
Trd, 000250.867, 174
Trd, 000251.800, 173
Trd, 000251.900, 172
Trd, 000251.967, 172
Trd, 000252.150, 173
Trd, 000252.467, 176
Trd, 000252.500, 170
Trd, 000252.550, 159
Trd, 000253.000, 190
Trd, 000253.067, 156
Trd, 000253.867, 187
Trd, 000254.267, 170
Trd, 000254.283, 169
Trd, 000255.433, 168
Trd, 000255.550, 174
Trd, 000255.900, 173
Trd, 000256.683, 174
Trd, 000256.717, 176
Trd, 000257.317, 174
Trd, 000257.467, 175
Trd, 000257.567, 174
Trd, 000257.650, 176
Trd, 000258.050, 176
Trd, 000258.200, 173
Trd, 000258.667, 178
Trd, 000258.683, 180
Trd, 000259.117, 173
Trd, 000259.417, 183
Trd, 000259.633, 167
Trd, 000260.167, 157
Trd, 000260.183, 181
Trd, 000260.983, 167
Trd, 000261.567, 176
Trd, 000261.700, 177
Trd, 000262.000, 170
Trd, 000262.300, 173
Trd, 000263.633, 177
Trd, 000264.150, 177
Trd, 000264.367, 178
Trd, 000264.650, 194
Trd, 000264.783, 191
Trd, 000264.967, 180
Trd, 000265.583, 177
Trd, 000265.683, 175
Trd, 000266.100, 171
Trd, 000266.517, 170
Trd, 000266.733, 170
Trd, 000266.783, 158
Trd, 000267.250, 166
Trd, 000267.283, 167
Trd, 000268.450, 164
Trd, 000268.567, 169
Trd, 000268.717, 191
Trd, 000269.367, 204
Trd, 000270.850, 185
Trd, 000270.917, 190
Trd, 000271.100, 189
Trd, 000272.100, 187
Trd, 000272.667, 183
Trd, 000272.850, 181
Trd, 000273.150, 178
Trd, 000273.217, 184
Trd, 000273.333, 170
Trd, 000274.183, 169
Trd, 000274.533, 175
Trd, 000274.667, 180
Trd, 000275.250, 171
Trd, 000275.300, 177
Trd, 000275.533, 170
Trd, 000275.650, 169
Trd, 000276.283, 175
Trd, 000276.417, 163
Trd, 000276.433, 172
Trd, 000276.667, 161
Trd, 000276.850, 177
Trd, 000277.133, 179
Trd, 000277.417, 176
Trd, 000278.000, 183
Trd, 000278.667, 186
Trd, 000278.983, 185
Trd, 000279.800, 195
Trd, 000280.050, 189
Trd, 000280.067, 188
Trd, 000280.233, 196
Trd, 000280.700, 187
Trd, 000281.450, 186
Trd, 000281.483, 179
Trd, 000281.767, 190
Trd, 000282.000, 154
Trd, 000282.200, 172
Trd, 000282.483, 156
Trd, 000282.800, 159
Trd, 000282.933, 191
Trd, 000284.167, 164
Trd, 000284.467, 175
Trd, 000284.800, 173
Trd, 000285.133, 185
Trd, 000285.533, 172
Trd, 000285.783, 176
Trd, 000286.300, 175
Trd, 000286.433, 181
Trd, 000286.950, 183
Trd, 000287.317, 180
Trd, 000287.383, 173
Trd, 000288.217, 188
Trd, 000288.450, 164
Trd, 000288.683, 170
Trd, 000289.100, 173
Trd, 000289.667, 182
Trd, 000289.850, 178
Trd, 000289.933, 183
Trd, 000290.200, 181
Trd, 000290.883, 182
Trd, 000291.400, 183
Trd, 000291.517, 181
Trd, 000291.617, 184
Trd, 000291.650, 180
Trd, 000292.950, 173
Trd, 000293.233, 172
Trd, 000293.367, 179
Trd, 000293.483, 163
Trd, 000293.517, 182
Trd, 000293.750, 161
Trd, 000294.217, 160
Trd, 000294.450, 160
Trd, 000294.467, 169
Trd, 000295.133, 180
Trd, 000295.483, 177
Trd, 000295.533, 183
Trd, 000296.433, 171
Trd, 000297.650, 183
Trd, 000297.717, 175
Trd, 000297.833, 174
Trd, 000298.200, 179
Trd, 000298.233, 177
Trd, 000298.600, 176
Trd, 000298.867, 172
Trd, 000298.967, 184
Trd, 000299.250, 182
Trd, 000299.400, 197
Trd, 000299.533, 198
Trd, 000299.883, 185
Trd, 000299.950, 174
