Trd, 000001.317, 145
Trd, 000002.267, 124
Trd, 000002.767, 133
Trd, 000003.150, 151
Trd, 000003.517, 150
Trd, 000003.767, 141
Trd, 000003.867, 156
Trd, 000004.183, 148
Trd, 000005.750, 164
Trd, 000007.033, 169
Trd, 000007.733, 169
Trd, 000008.217, 159
Trd, 000009.167, 155
Trd, 000009.333, 155
Trd, 000009.433, 155
Trd, 000010.633, 159
Trd, 000010.883, 160
Trd, 000011.300, 166
Trd, 000011.717, 156
Trd, 000012.100, 169
Trd, 000013.233, 163
Trd, 000014.200, 152
Trd, 000014.883, 160
Trd, 000015.150, 155
Trd, 000015.367, 149
Trd, 000016.183, 158
Trd, 000016.933, 158
Trd, 000017.150, 143
Trd, 000017.900, 159
Trd, 000018.417, 150
Trd, 000019.133, 159
Trd, 000019.167, 150
Trd, 000019.233, 147
Trd, 000020.733, 153
Trd, 000020.883, 148
Trd, 000021.700, 152
Trd, 000022.833, 151
Trd, 000023.200, 151
Trd, 000024.083, 150
Trd, 000024.833, 150
Trd, 000025.617, 152
Trd, 000026.750, 151
Trd, 000027.283, 153
Trd, 000027.700, 148
Trd, 000029.333, 153
Trd, 000029.400, 148
Trd, 000029.450, 151
Trd, 000029.983, 157
Trd, 000030.267, 159
Trd, 000031.017, 166
Trd, 000031.767, 161
Trd, 000031.850, 157
Trd, 000032.100, 168
Trd, 000032.983, 169
Trd, 000033.250, 161
Trd, 000033.417, 161
Trd, 000035.800, 151
Trd, 000036.450, 154
Trd, 000036.533, 157
Trd, 000037.383, 156
Trd, 000037.867, 157
Trd, 000038.217, 154
Trd, 000038.550, 152
Trd, 000039.383, 155
Trd, 000039.483, 141
Trd, 000039.850, 149
Trd, 000040.100, 154
Trd, 000040.850, 152
Trd, 000041.767, 154
Trd, 000042.550, 148
Trd, 000042.867, 154
Trd, 000042.983, 145
Trd, 000043.183, 141
Trd, 000043.317, 154
Trd, 000044.300, 154
Trd, 000044.517, 155
Trd, 000046.333, 155
Trd, 000047.000, 156
Trd, 000047.283, 153
Trd, 000047.800, 152
Trd, 000049.000, 154
Trd, 000049.283, 156
Trd, 000049.950, 151
Trd, 000050.567, 158
Trd, 000051.083, 159
Trd, 000051.167, 150
Trd, 000051.867, 147
Trd, 000052.350, 161
Trd, 000052.467, 146
Trd, 000052.717, 170
Trd, 000054.883, 165
Trd, 000056.633, 156
Trd, 000057.433, 157
Trd, 000058.933, 158
Trd, 000059.600, 157
Trd, 000059.733, 155
Trd, 000059.900, 155
Trd, 000060.083, 154
Trd, 000060.700, 157
Trd, 000061.033, 154
Trd, 000061.417, 157
Trd, 000061.783, 171
Trd, 000062.267, 139
Trd, 000062.433, 164
Trd, 000063.400, 152
Trd, 000063.550, 156
Trd, 000064.383, 154
Trd, 000066.217, 155
Trd, 000066.867, 156
Trd, 000067.183, 153
Trd, 000067.667, 157
Trd, 000067.817, 158
Trd, 000068.850, 152
Trd, 000068.933, 148
Trd, 000069.933, 158
Trd, 000070.100, 158
Trd, 000071.317, 155
Trd, 000071.333, 152
Trd, 000073.067, 152
Trd, 000073.300, 153
Trd, 000074.383, 151
Trd, 000074.417, 163
Trd, 000074.533, 159
Trd, 000074.650, 144
Trd, 000075.000, 147
Trd, 000075.250, 171
Trd, 000075.583, 167
Trd, 000075.800, 175
Trd, 000076.267, 179
Trd, 000076.783, 163
Trd, 000078.217, 162
Trd, 000078.283, 173
Trd, 000079.400, 160
Trd, 000079.883, 167
Trd, 000080.233, 157
Trd, 000080.567, 156
Trd, 000080.733, 149
Trd, 000081.100, 136
Trd, 000082.300, 150
Trd, 000083.900, 147
Trd, 000084.333, 148
Trd, 000084.433, 146
Trd, 000085.917, 153
Trd, 000086.117, 156
Trd, 000087.017, 153
Trd, 000087.400, 156
Trd, 000087.800, 160
Trd, 000088.067, 177
Trd, 000088.183, 166
Trd, 000088.517, 177
Trd, 000088.617, 171
Trd, 000089.483, 180
Trd, 000090.417, 152
Trd, 000091.817, 160
Trd, 000092.967, 164
Trd, 000094.767, 158
Trd, 000095.467, 157
Trd, 000095.717, 150
Trd, 000096.100, 151
Trd, 000096.150, 159
Trd, 000096.217, 160
Trd, 000096.467, 149
Trd, 000096.700, 158
Trd, 000098.000, 158
Trd, 000099.417, 159
Trd, 000099.617, 156
Trd, 000100.283, 143
Trd, 000100.333, 152
Trd, 000100.883, 160
Trd, 000102.183, 153
Trd, 000103.017, 161
Trd, 000103.283, 153
Trd, 000103.817, 158
Trd, 000104.283, 159
Trd, 000104.383, 171
Trd, 000105.067, 157
Trd, 000106.533, 164
Trd, 000106.717, 157
Trd, 000106.883, 154
Trd, 000107.150, 164
Trd, 000107.800, 158
Trd, 000108.483, 161
Trd, 000109.250, 164
Trd, 000109.933, 175
Trd, 000111.050, 164
Trd, 000111.450, 165
Trd, 000112.417, 164
Trd, 000112.633, 161
Trd, 000113.683, 162
Trd, 000113.833, 159
Trd, 000114.317, 162
Trd, 000114.367, 171
Trd, 000115.983, 166
Trd, 000116.433, 162
Trd, 000116.583, 159
Trd, 000117.600, 174
Trd, 000118.367, 161
Trd, 000119.700, 163
Trd, 000119.833, 160
Trd, 000120.567, 160
Trd, 000120.867, 160
Trd, 000121.083, 161
Trd, 000122.217, 157
Trd, 000123.017, 161
Trd, 000123.050, 153
Trd, 000123.317, 158
Trd, 000123.583, 158
Trd, 000123.750, 159
Trd, 000124.333, 140
Trd, 000124.700, 151
Trd, 000125.150, 161
Trd, 000125.417, 152
Trd, 000125.633, 163
Trd, 000127.550, 159
Trd, 000128.333, 159
Trd, 000128.583, 168
Trd, 000129.167, 176
Trd, 000129.417, 164
Trd, 000129.700, 148
Trd, 000130.750, 147
Trd, 000131.233, 150
Trd, 000131.883, 156
Trd, 000132.583, 154
Trd, 000132.683, 181
Trd, 000133.300, 172
Trd, 000134.800, 171
Trd, 000134.967, 171
Trd, 000135.083, 170
Trd, 000135.700, 167
Trd, 000136.583, 161
Trd, 000136.917, 164
Trd, 000137.567, 178
Trd, 000138.233, 163
Trd, 000138.400, 151
Trd, 000139.500, 166
Trd, 000140.383, 163
Trd, 000140.650, 162
Trd, 000142.750, 163
Trd, 000143.067, 162
Trd, 000143.350, 163
Trd, 000143.383, 162
Trd, 000144.433, 164
Trd, 000144.483, 165
Trd, 000144.550, 160
Trd, 000145.083, 158
Trd, 000146.050, 179
Trd, 000146.533, 151
Trd, 000147.417, 139
Trd, 000148.183, 161
Trd, 000148.967, 159
Trd, 000149.800, 160
Trd, 000151.183, 157
Trd, 000151.300, 160
Trd, 000151.417, 163
Trd, 000151.467, 166
Trd, 000152.917, 180
Trd, 000153.083, 165
Trd, 000153.183, 156
Trd, 000153.450, 157
Trd, 000155.450, 163
Trd, 000155.550, 153
Trd, 000156.100, 181
Trd, 000158.167, 166
Trd, 000158.533, 167
Trd, 000158.700, 164
Trd, 000159.150, 166
Trd, 000159.717, 167
Trd, 000159.850, 167
Trd, 000160.483, 181
Trd, 000160.567, 184
Trd, 000161.433, 181
Trd, 000161.567, 180
Trd, 000161.600, 166
Trd, 000161.817, 157
Trd, 000162.033, 177
Trd, 000162.567, 165
Trd, 000163.133, 164
Trd, 000163.217, 156
Trd, 000164.250, 170
Trd, 000164.383, 168
Trd, 000165.183, 167
Trd, 000165.333, 167
Trd, 000165.650, 167
Trd, 000166.133, 168
Trd, 000166.367, 181
Trd, 000166.817, 161
Trd, 000167.133, 153
Trd, 000169.783, 164
Trd, 000170.100, 162
Trd, 000171.667, 165
Trd, 000172.133, 166
Trd, 000172.967, 167
Trd, 000173.033, 165
Trd, 000173.083, 168
Trd, 000173.367, 162
Trd, 000173.617, 162
Trd, 000174.333, 161
Trd, 000174.717, 159
Trd, 000175.450, 166
Trd, 000175.983, 154
Trd, 000176.883, 166
Trd, 000177.550, 167
Trd, 000178.383, 166
Trd, 000178.450, 169
Trd, 000178.867, 169
Trd, 000179.217, 170
Trd, 000179.400, 164
Trd, 000179.833, 182
Trd, 000180.983, 159
Trd, 000182.933, 168
Trd, 000183.483, 161
Trd, 000183.933, 166
Trd, 000183.983, 168
Trd, 000184.667, 162
Trd, 000184.700, 155
Trd, 000185.033, 168
Trd, 000185.667, 183
Trd, 000186.017, 172
Trd, 000186.667, 184
Trd, 000186.750, 181
Trd, 000187.033, 176
Trd, 000187.517, 172
Trd, 000187.767, 169
Trd, 000187.917, 167
Trd, 000188.450, 179
Trd, 000188.767, 182
Trd, 000189.300, 184
Trd, 000190.467, 170
Trd, 000191.250, 169
Trd, 000191.500, 166
Trd, 000192.450, 166
Trd, 000192.667, 166
Trd, 000193.450, 167
Trd, 000193.467, 168
Trd, 000193.633, 167
Trd, 000194.133, 158
Trd, 000194.333, 170
Trd, 000196.183, 159
Trd, 000196.217, 169
Trd, 000197.633, 169
Trd, 000197.700, 171
Trd, 000198.417, 172
Trd, 000198.700, 169
Trd, 000199.250, 167
Trd, 000199.500, 164
Trd, 000199.717, 163
Trd, 000202.417, 168
Trd, 000203.100, 168
Trd, 000203.350, 157
Trd, 000203.850, 144
Trd, 000205.267, 152
Trd, 000205.500, 153
Trd, 000206.417, 153
Trd, 000206.617, 154
Trd, 000207.200, 150
Trd, 000207.633, 149
Trd, 000207.783, 172
Trd, 000207.933, 164
Trd, 000208.300, 170
Trd, 000209.267, 169
Trd, 000209.650, 172
Trd, 000210.717, 189
Trd, 000210.883, 174
Trd, 000211.783, 187
Trd, 000211.817, 162
Trd, 000211.850, 171
Trd, 000212.067, 166
Trd, 000212.100, 158
Trd, 000213.883, 172
Trd, 000214.233, 177
Trd, 000214.650, 172
Trd, 000214.767, 193
Trd, 000215.500, 184
Trd, 000216.150, 198
Trd, 000216.483, 172
Trd, 000216.900, 186
Trd, 000217.250, 186
Trd, 000217.267, 165
Trd, 000217.467, 170
Trd, 000218.267, 158
Trd, 000219.167, 186
Trd, 000219.433, 185
Trd, 000221.283, 182
Trd, 000221.333, 177
Trd, 000221.367, 175
Trd, 000221.383, 187
Trd, 000221.917, 174
Trd, 000222.450, 186
Trd, 000222.967, 173
Trd, 000223.450, 188
Trd, 000223.567, 170
Trd, 000225.717, 183
Trd, 000225.733, 173
Trd, 000226.733, 178
Trd, 000227.417, 181
Trd, 000228.267, 171
Trd, 000228.600, 164
Trd, 000229.000, 168
Trd, 000229.433, 178
Trd, 000230.333, 173
Trd, 000231.283, 174
Trd, 000232.317, 174
Trd, 000232.517, 175
Trd, 000232.867, 171
Trd, 000233.917, 169
Trd, 000234.550, 169
Trd, 000234.750, 176
Trd, 000235.317, 169
Trd, 000236.000, 174
Trd, 000236.167, 176
Trd, 000236.317, 171
Trd, 000237.133, 174
Trd, 000237.300, 175
Trd, 000237.367, 171
Trd, 000237.583, 170
Trd, 000237.883, 172
Trd, 000237.950, 165
Trd, 000239.317, 172
Trd, 000239.650, 174
Trd, 000240.267, 170
Trd, 000240.967, 170
Trd, 000241.783, 173
Trd, 000242.200, 172
Trd, 000242.217, 173
Trd, 000242.700, 169
Trd, 000242.883, 175
Trd, 000243.783, 169
Trd, 000244.050, 167
Trd, 000245.550, 176
Trd, 000245.650, 174
Trd, 000246.167, 175
Trd, 000246.383, 176
Trd, 000246.483, 174
Trd, 000246.583, 175
Trd, 000247.133, 173
Trd, 000247.967, 174
Trd, 000248.133, 174
Trd, 000248.167, 171
Trd, 000249.133, 171
Trd, 000249.717, 174
Trd, 000250.117, 173
Trd, 000250.400, 174
Trd, 000250.567, 176
Trd, 000250.983, 180
Trd, 000252.050, 177
Trd, 000252.600, 173
Trd, 000252.667, 175
Trd, 000253.067, 175
Trd, 000254.417, 175
Trd, 000254.883, 175
Trd, 000254.933, 187
Trd, 000255.717, 178
Trd, 000256.217, 180
Trd, 000256.400, 166
Trd, 000256.500, 169
Trd, 000256.817, 173
Trd, 000256.933, 176
Trd, 000257.050, 180
Trd, 000257.950, 176
Trd, 000258.000, 174
Trd, 000258.217, 172
Trd, 000258.250, 188
Trd, 000258.350, 193
Trd, 000258.833, 162
Trd, 000259.317, 182
Trd, 000259.933, 169
Trd, 000260.067, 170
Trd, 000260.733, 167
Trd, 000261.183, 171
Trd, 000261.650, 167
Trd, 000262.067, 177
Trd, 000263.567, 167
Trd, 000263.983, 177
Trd, 000264.400, 177
Trd, 000264.533, 181
Trd, 000264.650, 174
Trd, 000264.667, 178
Trd, 000265.333, 177
Trd, 000266.250, 176
Trd, 000266.300, 177
Trd, 000266.483, 180
Trd, 000267.233, 181
Trd, 000267.433, 182
Trd, 000267.567, 177
Trd, 000267.650, 188
Trd, 000269.533, 179
Trd, 000270.133, 177
Trd, 000270.267, 175
Trd, 000270.417, 175
Trd, 000270.533, 174
Trd, 000270.650, 173
Trd, 000270.900, 178
Trd, 000271.350, 177
Trd, 000271.967, 174
Trd, 000272.233, 176
Trd, 000272.567, 175
Trd, 000273.183, 172
Trd, 000273.467, 174
Trd, 000273.933, 178
Trd, 000274.000, 176
Trd, 000274.533, 178
Trd, 000276.000, 176
Trd, 000276.067, 158
Trd, 000276.300, 164
Trd, 000277.217, 169
Trd, 000277.633, 178
Trd, 000277.950, 169
Trd, 000278.517, 171
Trd, 000279.067, 179
Trd, 000279.267, 178
Trd, 000279.417, 179
Trd, 000279.717, 183
Trd, 000280.917, 174
Trd, 000281.033, 179
Trd, 000281.050, 181
Trd, 000281.150, 165
Trd, 000281.833, 173
Trd, 000282.250, 165
Trd, 000283.083, 164
Trd, 000283.350, 174
Trd, 000284.150, 176
Trd, 000284.517, 172
Trd, 000284.917, 178
Trd, 000285.033, 185
Trd, 000285.167, 187
Trd, 000285.317, 180
Trd, 000285.467, 183
Trd, 000286.083, 178
Trd, 000286.433, 176
Trd, 000286.600, 169
Trd, 000287.183, 180
Trd, 000287.983, 191
Trd, 000288.267, 184
Trd, 000288.417, 193
Trd, 000289.083, 188
Trd, 000290.317, 192
Trd, 000290.450, 182
Trd, 000290.767, 184
Trd, 000291.250, 177
Trd, 000291.417, 172
Trd, 000291.883, 175
Trd, 000291.917, 185
Trd, 000293.000, 175
Trd, 000293.317, 185
Trd, 000294.950, 177
Trd, 000295.100, 177
Trd, 000295.417, 182
Trd, 000295.483, 183
Trd, 000295.500, 191
Trd, 000295.800, 170
Trd, 000295.850, 166
Trd, 000296.750, 184
Trd, 000298.583, 172
Trd, 000299.000, 180
Trd, 000299.117, 181
Trd, 000299.167, 181
Trd, 000299.500, 178
