Trd, 000002.250, 165
Trd, 000002.333, 148
Trd, 000003.517, 141
Trd, 000003.933, 135
Trd, 000004.467, 155
Trd, 000004.783, 172
Trd, 000005.533, 155
Trd, 000006.350, 156
Trd, 000007.383, 167
Trd, 000008.033, 162
Trd, 000008.650, 162
Trd, 000008.717, 153
Trd, 000008.883, 164
Trd, 000010.467, 150
Trd, 000011.050, 151
Trd, 000011.483, 163
Trd, 000011.817, 151
Trd, 000012.300, 157
Trd, 000012.400, 156
Trd, 000012.583, 149
Trd, 000013.533, 163
Trd, 000014.267, 154
Trd, 000015.000, 163
Trd, 000015.483, 154
Trd, 000015.683, 153
Trd, 000016.300, 152
Trd, 000016.767, 164
Trd, 000017.417, 167
Trd, 000017.667, 158
Trd, 000017.800, 172
Trd, 000017.917, 157
Trd, 000018.967, 157
Trd, 000019.583, 156
Trd, 000021.200, 154
Trd, 000022.450, 157
Trd, 000022.467, 155
Trd, 000022.717, 153
Trd, 000023.000, 157
Trd, 000023.233, 158
Trd, 000024.517, 152
Trd, 000024.633, 153
Trd, 000025.733, 158
Trd, 000026.283, 156
Trd, 000026.750, 155
Trd, 000027.633, 175
Trd, 000028.050, 162
Trd, 000028.367, 173
Trd, 000028.567, 162
Trd, 000030.150, 161
Trd, 000031.017, 158
Trd, 000031.367, 163
Trd, 000032.800, 161
Trd, 000033.067, 160
Trd, 000033.267, 153
Trd, 000033.833, 151
Trd, 000034.033, 162
Trd, 000035.050, 138
Trd, 000036.433, 153
Trd, 000036.617, 152
Trd, 000037.700, 145
Trd, 000037.783, 149
Trd, 000038.033, 149
Trd, 000038.583, 158
Trd, 000039.167, 152
Trd, 000039.683, 152
Trd, 000040.050, 152
Trd, 000040.317, 146
Trd, 000041.117, 152
Trd, 000042.067, 152
Trd, 000042.517, 151
Trd, 000044.367, 155
Trd, 000044.417, 155
Trd, 000044.533, 153
Trd, 000044.667, 151
Trd, 000044.683, 158
Trd, 000045.183, 149
Trd, 000045.250, 159
Trd, 000047.350, 161
Trd, 000048.067, 151
Trd, 000049.417, 154
Trd, 000049.950, 153
Trd, 000050.417, 153
Trd, 000050.950, 153
Trd, 000051.033, 155
Trd, 000052.667, 154
Trd, 000053.383, 155
Trd, 000054.933, 172
Trd, 000055.000, 159
Trd, 000055.300, 166
Trd, 000055.550, 158
Trd, 000055.817, 156
Trd, 000056.633, 167
Trd, 000057.183, 180
Trd, 000057.950, 158
Trd, 000058.133, 153
Trd, 000058.383, 156
Trd, 000058.583, 142
Trd, 000059.400, 146
Trd, 000061.450, 152
Trd, 000062.033, 154
Trd, 000062.083, 156
Trd, 000062.817, 158
Trd, 000063.350, 156
Trd, 000063.917, 156
Trd, 000064.750, 157
Trd, 000065.600, 156
Trd, 000065.850, 157
Trd, 000065.900, 158
Trd, 000066.700, 159
Trd, 000067.950, 157
Trd, 000068.450, 156
Trd, 000069.467, 162
Trd, 000069.933, 163
Trd, 000070.150, 157
Trd, 000070.483, 155
Trd, 000070.567, 178
Trd, 000071.100, 163
Trd, 000071.500, 158
Trd, 000072.733, 157
Trd, 000073.467, 161
Trd, 000074.700, 161
Trd, 000074.850, 160
Trd, 000075.083, 159
Trd, 000075.567, 162
Trd, 000076.133, 160
Trd, 000077.067, 159
Trd, 000078.333, 164
Trd, 000078.500, 156
Trd, 000079.267, 157
Trd, 000079.317, 163
Trd, 000080.450, 163
Trd, 000080.950, 156
Trd, 000081.733, 167
Trd, 000081.750, 176
Trd, 000082.583, 166
Trd, 000082.717, 180
Trd, 000082.733, 165
Trd, 000083.767, 166
Trd, 000084.417, 165
Trd, 000084.550, 168
Trd, 000085.083, 164
Trd, 000086.000, 159
Trd, 000086.517, 158
Trd, 000086.633, 158
Trd, 000088.700, 161
Trd, 000088.817, 164
Trd, 000089.383, 160
Trd, 000091.217, 162
Trd, 000092.017, 166
Trd, 000092.133, 175
Trd, 000092.667, 163
Trd, 000093.200, 170
Trd, 000093.767, 164
Trd, 000093.950, 163
Trd, 000094.150, 158
Trd, 000095.417, 170
Trd, 000097.067, 175
Trd, 000098.067, 173
Trd, 000099.017, 164
Trd, 000099.833, 164
Trd, 000100.050, 163
Trd, 000100.200, 161
Trd, 000100.467, 170
Trd, 000100.633, 171
Trd, 000100.950, 163
Trd, 000102.450, 164
Trd, 000102.883, 163
Trd, 000103.483, 163
Trd, 000103.983, 167
Trd, 000104.100, 165
Trd, 000105.067, 178
Trd, 000105.283, 182
Trd, 000107.550, 171
Trd, 000108.733, 170
Trd, 000108.750, 176
Trd, 000108.867, 168
Trd, 000109.400, 172
Trd, 000110.317, 168
Trd, 000110.417, 161
Trd, 000110.467, 159
Trd, 000111.050, 164
Trd, 000111.117, 174
Trd, 000112.050, 176
Trd, 000112.100, 143
Trd, 000112.483, 177
Trd, 000113.167, 183
Trd, 000113.183, 160
Trd, 000114.300, 120
Trd, 000114.817, 135
Trd, 000115.733, 140
Trd, 000115.983, 142
Trd, 000117.383, 152
Trd, 000117.450, 143
Trd, 000117.583, 155
Trd, 000119.717, 150
Trd, 000119.783, 151
Trd, 000121.350, 151
Trd, 000121.533, 153
Trd, 000121.600, 147
Trd, 000122.067, 160
Trd, 000122.517, 164
Trd, 000123.950, 160
Trd, 000124.050, 167
Trd, 000124.783, 161
Trd, 000125.133, 160
Trd, 000126.317, 164
Trd, 000127.400, 164
Trd, 000127.817, 163
Trd, 000128.883, 163
Trd, 000130.283, 164
Trd, 000130.617, 164
Trd, 000131.017, 162
Trd, 000131.317, 179
Trd, 000131.450, 163
Trd, 000131.483, 162
Trd, 000131.650, 182
Trd, 000133.333, 166
Trd, 000135.067, 168
Trd, 000135.317, 165
Trd, 000135.500, 162
Trd, 000135.750, 162
Trd, 000136.917, 171
Trd, 000137.033, 170
Trd, 000137.117, 171
Trd, 000137.183, 181
Trd, 000137.950, 162
Trd, 000138.350, 161
Trd, 000138.700, 180
Trd, 000140.717, 170
Trd, 000141.350, 170
Trd, 000142.600, 170
Trd, 000142.783, 169
Trd, 000143.600, 170
Trd, 000143.883, 172
Trd, 000144.667, 172
Trd, 000144.717, 173
Trd, 000144.917, 171
Trd, 000145.350, 170
Trd, 000145.900, 169
Trd, 000146.183, 162
Trd, 000146.300, 171
Trd, 000146.650, 164
Trd, 000147.033, 162
Trd, 000147.933, 170
Trd, 000148.717, 171
Trd, 000150.467, 166
Trd, 000150.867, 166
Trd, 000150.900, 164
Trd, 000151.667, 167
Trd, 000152.267, 166
Trd, 000153.667, 165
Trd, 000154.133, 169
Trd, 000154.350, 163
Trd, 000154.567, 171
Trd, 000154.750, 163
Trd, 000155.767, 164
Trd, 000156.650, 163
Trd, 000157.967, 172
Trd, 000158.017, 164
Trd, 000159.167, 167
Trd, 000159.400, 165
Trd, 000159.467, 169
Trd, 000160.133, 165
Trd, 000160.583, 164
Trd, 000160.650, 168
Trd, 000161.233, 164
Trd, 000163.200, 165
Trd, 000163.517, 162
Trd, 000163.733, 168
Trd, 000164.533, 171
Trd, 000165.750, 166
Trd, 000166.417, 165
Trd, 000167.817, 166
Trd, 000168.400, 165
Trd, 000168.817, 164
Trd, 000169.250, 164
Trd, 000169.500, 165
Trd, 000169.517, 169
Trd, 000169.800, 163
Trd, 000170.200, 164
Trd, 000171.950, 170
Trd, 000172.517, 172
Trd, 000174.733, 172
Trd, 000174.950, 170
Trd, 000174.967, 170
Trd, 000175.617, 165
Trd, 000175.850, 174
Trd, 000176.150, 170
Trd, 000176.617, 166
Trd, 000176.733, 173
Trd, 000178.750, 171
Trd, 000180.167, 173
Trd, 000180.467, 174
Trd, 000180.700, 171
Trd, 000182.033, 169
Trd, 000182.983, 173
Trd, 000183.017, 168
Trd, 000183.500, 166
Trd, 000183.667, 166
Trd, 000183.883, 173
Trd, 000185.783, 171
Trd, 000185.800, 167
Trd, 000185.833, 166
Trd, 000187.317, 166
Trd, 000187.617, 166
Trd, 000188.433, 166
Trd, 000188.917, 166
Trd, 000190.017, 156
Trd, 000190.033, 151
Trd, 000190.417, 159
Trd, 000190.567, 167
Trd, 000191.867, 176
Trd, 000192.383, 175
Trd, 000192.550, 171
Trd, 000192.900, 171
Trd, 000193.317, 167
Trd, 000193.550, 170
Trd, 000194.150, 168
Trd, 000195.100, 171
Trd, 000195.333, 175
Trd, 000195.900, 166
Trd, 000196.667, 168
Trd, 000197.067, 185
Trd, 000197.967, 171
Trd, 000198.283, 189
Trd, 000198.500, 169
Trd, 000199.700, 171
Trd, 000202.950, 173
Trd, 000202.983, 172
Trd, 000203.600, 170
Trd, 000204.100, 174
Trd, 000205.233, 170
Trd, 000205.617, 170
Trd, 000207.183, 175
Trd, 000208.250, 169
Trd, 000208.583, 185
Trd, 000209.317, 171
Trd, 000210.733, 179
Trd, 000212.133, 182
Trd, 000212.200, 178
Trd, 000212.833, 177
Trd, 000212.883, 176
Trd, 000214.533, 175
Trd, 000214.650, 175
Trd, 000215.817, 178
Trd, 000217.083, 176
Trd, 000217.583, 174
Trd, 000219.033, 178
Trd, 000221.150, 177
Trd, 000221.483, 176
Trd, 000222.000, 179
Trd, 000223.050, 174
Trd, 000223.150, 181
Trd, 000223.350, 174
Trd, 000223.567, 173
Trd, 000224.617, 177
Trd, 000224.700, 179
Trd, 000226.267, 176
Trd, 000226.317, 174
Trd, 000226.400, 175
Trd, 000226.550, 174
Trd, 000227.183, 173
Trd, 000228.983, 172
Trd, 000229.150, 175
Trd, 000229.317, 179
Trd, 000229.367, 170
Trd, 000229.833, 172
Trd, 000230.417, 172
Trd, 000231.200, 178
Trd, 000231.633, 172
Trd, 000232.117, 171
Trd, 000232.867, 177
Trd, 000233.050, 171
Trd, 000233.517, 178
Trd, 000234.333, 171
Trd, 000236.350, 178
Trd, 000236.917, 178
Trd, 000237.400, 176
Trd, 000237.450, 175
Trd, 000237.733, 175
Trd, 000238.017, 178
Trd, 000238.083, 175
Trd, 000239.200, 179
Trd, 000239.800, 178
Trd, 000239.817, 176
Trd, 000240.333, 178
Trd, 000240.517, 176
Trd, 000241.000, 176
Trd, 000241.217, 176
Trd, 000241.250, 174
Trd, 000241.633, 172
Trd, 000241.933, 175
Trd, 000242.200, 172
Trd, 000243.417, 171
Trd, 000243.900, 174
Trd, 000244.317, 176
Trd, 000244.883, 176
Trd, 000244.983, 172
Trd, 000245.433, 174
Trd, 000245.683, 177
Trd, 000245.783, 171
Trd, 000246.517, 174
Trd, 000246.767, 173
Trd, 000247.050, 168
Trd, 000248.000, 169
Trd, 000248.750, 171
Trd, 000248.867, 168
Trd, 000249.217, 169
Trd, 000249.550, 171
Trd, 000249.833, 167
Trd, 000250.483, 167
Trd, 000250.567, 168
Trd, 000250.850, 167
Trd, 000251.350, 176
Trd, 000251.650, 177
Trd, 000251.967, 180
Trd, 000252.217, 186
Trd, 000252.967, 175
Trd, 000253.200, 174
Trd, 000254.017, 174
Trd, 000254.283, 173
Trd, 000254.617, 173
Trd, 000254.933, 170
Trd, 000256.133, 171
Trd, 000256.183, 172
Trd, 000256.633, 173
Trd, 000256.817, 176
Trd, 000257.100, 173
Trd, 000257.450, 176
Trd, 000258.167, 178
Trd, 000258.350, 177
Trd, 000259.267, 179
Trd, 000260.033, 176
Trd, 000260.100, 177
Trd, 000260.467, 177
Trd, 000260.583, 179
Trd, 000260.867, 176
Trd, 000261.200, 176
Trd, 000261.300, 170
Trd, 000261.750, 177
Trd, 000261.767, 182
Trd, 000262.300, 170
Trd, 000262.517, 176
Trd, 000262.783, 177
Trd, 000263.250, 172
Trd, 000263.717, 188
Trd, 000264.733, 177
Trd, 000264.750, 176
Trd, 000264.883, 174
Trd, 000265.933, 175
Trd, 000266.067, 179
Trd, 000268.117, 182
Trd, 000268.867, 184
Trd, 000269.500, 179
Trd, 000269.850, 182
Trd, 000269.883, 183
Trd, 000270.083, 182
Trd, 000270.150, 184
Trd, 000270.717, 181
Trd, 000270.967, 176
Trd, 000271.550, 176
Trd, 000271.883, 185
Trd, 000272.700, 180
Trd, 000273.200, 177
Trd, 000273.267, 177
Trd, 000273.900, 175
Trd, 000273.967, 171
Trd, 000274.667, 177
Trd, 000275.350, 179
Trd, 000275.700, 172
Trd, 000275.783, 181
Trd, 000275.800, 182
Trd, 000276.300, 171
Trd, 000276.533, 168
Trd, 000276.717, 179
Trd, 000277.017, 183
Trd, 000278.267, 176
Trd, 000278.317, 179
Trd, 000278.450, 186
Trd, 000278.500, 193
Trd, 000279.000, 176
Trd, 000279.133, 175
Trd, 000279.200, 172
Trd, 000279.783, 173
Trd, 000280.000, 182
Trd, 000280.417, 194
Trd, 000281.333, 198
Trd, 000281.633, 180
Trd, 000282.400, 187
Trd, 000284.500, 191
Trd, 000284.533, 188
Trd, 000284.767, 192
Trd, 000284.800, 188
Trd, 000285.833, 194
Trd, 000286.117, 188
Trd, 000286.250, 187
Trd, 000286.783, 190
Trd, 000286.933, 187
Trd, 000287.033, 187
Trd, 000287.533, 178
Trd, 000287.717, 177
Trd, 000287.950, 176
Trd, 000288.650, 172
Trd, 000288.733, 172
Trd, 000288.900, 177
Trd, 000289.733, 161
Trd, 000289.983, 166
Trd, 000290.117, 178
Trd, 000290.300, 184
Trd, 000290.500, 196
Trd, 000291.483, 185
Trd, 000291.850, 182
Trd, 000291.933, 181
Trd, 000292.017, 178
Trd, 000292.050, 185
Trd, 000292.967, 177
Trd, 000293.250, 182
Trd, 000294.050, 185
Trd, 000294.283, 183
Trd, 000295.233, 180
Trd, 000295.700, 184
Trd, 000296.033, 183
Trd, 000296.333, 182
Trd, 000296.400, 179
Trd, 000296.700, 178
Trd, 000296.833, 183
Trd, 000297.633, 179
Trd, 000298.167, 178
Trd, 000298.533, 184
Trd, 000298.633, 183
Trd, 000299.150, 179
Trd, 000299.850, 179
