Trd, 000001.933, 158
Trd, 000002.167, 133
Trd, 000004.017, 143
Trd, 000004.417, 153
Trd, 000004.750, 146
Trd, 000004.783, 167
Trd, 000004.817, 145
Trd, 000005.683, 153
Trd, 000005.767, 154
Trd, 000006.300, 155
Trd, 000006.367, 158
Trd, 000007.017, 165
Trd, 000007.533, 164
Trd, 000007.950, 167
Trd, 000009.000, 166
Trd, 000009.817, 153
Trd, 000010.933, 159
Trd, 000011.017, 162
Trd, 000011.317, 153
Trd, 000012.833, 152
Trd, 000013.233, 154
Trd, 000013.883, 156
Trd, 000013.917, 156
Trd, 000014.333, 152
Trd, 000014.667, 159
Trd, 000015.750, 161
Trd, 000015.983, 163
Trd, 000016.183, 142
Trd, 000017.350, 147
Trd, 000017.483, 151
Trd, 000017.817, 152
Trd, 000018.617, 153
Trd, 000019.033, 160
Trd, 000020.000, 155
Trd, 000020.400, 157
Trd, 000021.050, 150
Trd, 000021.300, 150
Trd, 000022.100, 154
Trd, 000022.733, 154
Trd, 000023.033, 155
Trd, 000023.617, 154
Trd, 000023.683, 164
Trd, 000023.933, 153
Trd, 000025.217, 159
Trd, 000025.700, 160
Trd, 000026.333, 145
Trd, 000026.667, 150
Trd, 000027.233, 144
Trd, 000028.333, 123
Trd, 000028.517, 144
Trd, 000029.083, 144
Trd, 000029.750, 149
Trd, 000030.050, 154
Trd, 000030.433, 155
Trd, 000031.983, 155
Trd, 000034.033, 155
Trd, 000034.867, 158
Trd, 000035.250, 160
Trd, 000035.350, 161
Trd, 000035.883, 151
Trd, 000036.083, 150
Trd, 000036.283, 159
Trd, 000036.350, 148
Trd, 000036.667, 160
Trd, 000038.067, 149
Trd, 000038.867, 166
Trd, 000039.417, 154
Trd, 000040.200, 159
Trd, 000040.433, 162
Trd, 000040.700, 161
Trd, 000040.833, 168
Trd, 000041.000, 155
Trd, 000041.800, 160
Trd, 000043.200, 158
Trd, 000043.800, 159
Trd, 000043.817, 158
Trd, 000045.067, 161
Trd, 000045.300, 159
Trd, 000045.583, 157
Trd, 000045.917, 165
Trd, 000046.867, 156
Trd, 000047.033, 161
Trd, 000047.617, 166
Trd, 000047.767, 173
Trd, 000048.300, 163
Trd, 000048.483, 175
Trd, 000048.783, 157
Trd, 000049.400, 159
Trd, 000049.533, 159
Trd, 000050.000, 160
Trd, 000050.017, 156
Trd, 000050.267, 143
Trd, 000051.300, 164
Trd, 000051.367, 164
Trd, 000051.967, 163
Trd, 000052.750, 157
Trd, 000052.833, 147
Trd, 000053.833, 162
Trd, 000054.600, 153
Trd, 000055.233, 163
Trd, 000056.783, 149
Trd, 000057.767, 160
Trd, 000058.150, 164
Trd, 000058.833, 168
Trd, 000059.517, 152
Trd, 000059.733, 162
Trd, 000060.083, 147
Trd, 000060.650, 153
Trd, 000060.700, 162
Trd, 000060.800, 152
Trd, 000061.067, 162
Trd, 000062.300, 146
Trd, 000063.833, 145
Trd, 000064.017, 147
Trd, 000064.100, 161
Trd, 000065.650, 157
Trd, 000065.900, 158
Trd, 000066.350, 164
Trd, 000067.117, 162
Trd, 000067.483, 150
Trd, 000067.650, 149
Trd, 000069.250, 159
Trd, 000070.100, 162
Trd, 000070.383, 153
Trd, 000071.250, 161
Trd, 000071.400, 148
Trd, 000071.817, 147
Trd, 000072.267, 160
Trd, 000072.933, 158
Trd, 000073.983, 158
Trd, 000074.783, 162
Trd, 000074.867, 155
Trd, 000075.083, 164
Trd, 000076.450, 161
Trd, 000078.100, 165
Trd, 000078.583, 163
Trd, 000078.917, 163
Trd, 000079.150, 163
Trd, 000080.283, 159
Trd, 000080.300, 163
Trd, 000080.567, 164
Trd, 000080.633, 167
Trd, 000081.017, 170
Trd, 000081.233, 176
Trd, 000081.833, 166
Trd, 000082.983, 165
Trd, 000083.050, 164
Trd, 000084.217, 162
Trd, 000084.733, 162
Trd, 000085.350, 163
Trd, 000085.700, 162
Trd, 000086.167, 159
Trd, 000086.417, 165
Trd, 000086.900, 167
Trd, 000087.767, 150
Trd, 000087.900, 164
Trd, 000088.150, 170
Trd, 000088.600, 171
Trd, 000088.883, 167
Trd, 000089.150, 172
Trd, 000090.267, 162
Trd, 000091.100, 168
Trd, 000091.383, 165
Trd, 000091.467, 164
Trd, 000091.850, 162
Trd, 000091.967, 168
Trd, 000092.233, 160
Trd, 000092.950, 152
Trd, 000093.817, 152
Trd, 000094.867, 159
Trd, 000095.417, 161
Trd, 000095.617, 167
Trd, 000095.983, 171
Trd, 000096.350, 161
Trd, 000096.883, 168
Trd, 000097.350, 147
Trd, 000097.800, 163
Trd, 000098.017, 177
Trd, 000099.267, 168
Trd, 000101.017, 162
Trd, 000101.433, 165
Trd, 000101.950, 162
Trd, 000102.033, 166
Trd, 000102.550, 166
Trd, 000102.917, 161
Trd, 000103.317, 165
Trd, 000103.833, 165
Trd, 000104.100, 150
Trd, 000104.333, 148
Trd, 000106.283, 162
Trd, 000107.600, 163
Trd, 000108.050, 163
Trd, 000108.100, 169
Trd, 000108.133, 175
Trd, 000108.567, 145
Trd, 000109.733, 151
Trd, 000110.183, 161
Trd, 000113.200, 156
Trd, 000113.350, 157
Trd, 000113.800, 157
Trd, 000115.733, 165
Trd, 000115.983, 165
Trd, 000116.200, 166
Trd, 000116.233, 169
Trd, 000116.267, 173
Trd, 000116.300, 162
Trd, 000116.317, 176
Trd, 000118.250, 166
Trd, 000118.817, 168
Trd, 000118.967, 165
Trd, 000119.217, 170
Trd, 000120.117, 171
Trd, 000120.267, 170
Trd, 000120.633, 179
Trd, 000121.050, 179
Trd, 000121.600, 165
Trd, 000121.700, 174
Trd, 000122.150, 163
Trd, 000122.817, 167
Trd, 000124.550, 170
Trd, 000125.033, 166
Trd, 000125.600, 170
Trd, 000125.833, 183
Trd, 000125.967, 166
Trd, 000126.933, 174
Trd, 000127.750, 167
Trd, 000127.783, 166
Trd, 000129.117, 170
Trd, 000130.017, 169
Trd, 000130.133, 166
Trd, 000130.150, 171
Trd, 000130.350, 174
Trd, 000131.083, 172
Trd, 000131.183, 164
Trd, 000131.833, 146
Trd, 000132.517, 147
Trd, 000133.033, 150
Trd, 000133.133, 152
Trd, 000133.650, 168
Trd, 000134.700, 171
Trd, 000136.050, 170
Trd, 000136.250, 169
Trd, 000137.133, 156
Trd, 000137.317, 172
Trd, 000137.500, 173
Trd, 000137.617, 172
Trd, 000139.483, 169
Trd, 000139.900, 159
Trd, 000140.450, 158
Trd, 000141.567, 166
Trd, 000143.150, 165
Trd, 000143.367, 165
Trd, 000143.717, 165
Trd, 000144.700, 164
Trd, 000144.800, 169
Trd, 000145.883, 164
Trd, 000146.133, 161
Trd, 000146.550, 157
Trd, 000146.633, 166
Trd, 000147.100, 153
Trd, 000147.517, 169
Trd, 000147.533, 173
Trd, 000149.617, 162
Trd, 000149.750, 164
Trd, 000150.033, 166
Trd, 000151.317, 170
Trd, 000151.450, 162
Trd, 000151.517, 166
Trd, 000151.850, 160
Trd, 000152.050, 159
Trd, 000152.617, 155
Trd, 000152.883, 149
Trd, 000153.083, 163
Trd, 000154.983, 164
Trd, 000155.750, 167
Trd, 000156.067, 170
Trd, 000156.817, 162
Trd, 000157.367, 168
Trd, 000158.367, 174
Trd, 000159.117, 162
Trd, 000159.133, 170
Trd, 000159.417, 171
Trd, 000160.650, 176
Trd, 000160.717, 175
Trd, 000161.933, 174
Trd, 000162.150, 178
Trd, 000162.833, 180
Trd, 000162.883, 178
Trd, 000162.900, 169
Trd, 000163.517, 178
Trd, 000164.217, 159
Trd, 000164.633, 159
Trd, 000166.317, 175
Trd, 000167.400, 174
Trd, 000168.400, 172
Trd, 000168.800, 173
Trd, 000169.017, 175
Trd, 000169.900, 172
Trd, 000171.100, 173
Trd, 000172.183, 171
Trd, 000172.817, 170
Trd, 000173.750, 172
Trd, 000173.967, 175
Trd, 000174.117, 179
Trd, 000175.817, 172
Trd, 000177.450, 172
Trd, 000177.567, 173
Trd, 000177.700, 182
Trd, 000177.767, 176
Trd, 000178.917, 178
Trd, 000179.133, 170
Trd, 000179.633, 169
Trd, 000180.483, 158
Trd, 000180.900, 166
Trd, 000181.467, 172
Trd, 000181.500, 172
Trd, 000181.717, 176
Trd, 000183.183, 176
Trd, 000184.867, 175
Trd, 000185.417, 174
Trd, 000185.450, 177
Trd, 000185.867, 176
Trd, 000185.917, 172
Trd, 000186.050, 169
Trd, 000186.250, 157
Trd, 000186.333, 174
Trd, 000186.833, 176
Trd, 000187.450, 153
Trd, 000189.417, 175
Trd, 000189.883, 177
Trd, 000190.033, 177
Trd, 000190.300, 184
Trd, 000190.733, 172
Trd, 000190.950, 173
Trd, 000191.600, 170
Trd, 000191.867, 156
Trd, 000192.517, 174
Trd, 000193.317, 173
Trd, 000194.317, 175
Trd, 000194.600, 172
Trd, 000195.400, 164
Trd, 000197.333, 165
Trd, 000197.400, 163
Trd, 000197.500, 171
Trd, 000198.267, 171
Trd, 000198.467, 177
Trd, 000198.567, 181
Trd, 000199.850, 172
Trd, 000200.067, 169
Trd, 000201.700, 172
Trd, 000202.067, 175
Trd, 000202.200, 171
Trd, 000202.217, 169
Trd, 000202.867, 178
Trd, 000204.317, 175
Trd, 000205.000, 176
Trd, 000206.550, 176
Trd, 000206.783, 174
Trd, 000207.117, 178
Trd, 000207.267, 176
Trd, 000207.783, 152
Trd, 000208.667, 177
Trd, 000208.933, 158
Trd, 000209.500, 172
Trd, 000209.833, 164
Trd, 000210.800, 179
Trd, 000210.817, 172
Trd, 000210.933, 189
Trd, 000211.450, 172
Trd, 000212.650, 183
Trd, 000213.200, 180
Trd, 000213.283, 172
Trd, 000213.450, 185
Trd, 000216.050, 160
Trd, 000216.367, 172
Trd, 000216.700, 162
Trd, 000217.233, 172
Trd, 000217.433, 172
Trd, 000217.567, 161
Trd, 000217.917, 153
Trd, 000218.750, 173
Trd, 000219.167, 179
Trd, 000220.233, 177
Trd, 000220.250, 180
Trd, 000222.083, 183
Trd, 000222.833, 174
Trd, 000223.217, 177
Trd, 000223.467, 174
Trd, 000223.733, 180
Trd, 000224.250, 174
Trd, 000225.000, 179
Trd, 000225.183, 172
Trd, 000225.500, 173
Trd, 000226.200, 179
Trd, 000226.567, 173
Trd, 000226.583, 172
Trd, 000226.917, 180
Trd, 000228.117, 157
Trd, 000228.700, 175
Trd, 000229.450, 156
Trd, 000229.650, 169
Trd, 000230.083, 178
Trd, 000230.300, 181
Trd, 000230.600, 182
Trd, 000230.950, 166
Trd, 000231.167, 174
Trd, 000232.367, 172
Trd, 000234.317, 167
Trd, 000234.800, 166
Trd, 000235.000, 175
Trd, 000235.100, 176
Trd, 000236.650, 178
Trd, 000237.283, 179
Trd, 000238.800, 169
Trd, 000239.217, 175
Trd, 000239.350, 175
Trd, 000239.667, 172
Trd, 000239.767, 161
Trd, 000240.050, 171
Trd, 000240.350, 172
Trd, 000240.567, 170
Trd, 000241.083, 165
Trd, 000241.400, 167
Trd, 000241.800, 171
Trd, 000242.167, 175
Trd, 000242.300, 179
Trd, 000242.567, 182
Trd, 000243.067, 176
Trd, 000243.250, 184
Trd, 000243.900, 180
Trd, 000244.000, 183
Trd, 000244.783, 177
Trd, 000244.983, 179
Trd, 000245.167, 183
Trd, 000245.683, 181
Trd, 000245.983, 180
Trd, 000246.183, 186
Trd, 000247.583, 183
Trd, 000247.783, 183
Trd, 000248.117, 186
Trd, 000248.183, 187
Trd, 000248.967, 187
Trd, 000249.017, 186
Trd, 000250.150, 184
Trd, 000250.717, 183
Trd, 000250.783, 181
Trd, 000250.800, 179
Trd, 000251.467, 176
Trd, 000252.017, 180
Trd, 000252.267, 170
Trd, 000252.667, 174
Trd, 000253.567, 175
Trd, 000253.833, 176
Trd, 000254.000, 153
Trd, 000254.550, 154
Trd, 000255.167, 169
Trd, 000255.300, 156
Trd, 000255.317, 173
Trd, 000256.217, 174
Trd, 000256.833, 180
Trd, 000257.800, 183
Trd, 000258.017, 181
Trd, 000258.100, 183
Trd, 000258.267, 183
Trd, 000258.600, 184
Trd, 000258.750, 185
Trd, 000259.233, 180
Trd, 000259.483, 188
Trd, 000260.500, 185
Trd, 000260.550, 191
Trd, 000261.250, 187
Trd, 000262.033, 188
Trd, 000262.233, 184
Trd, 000262.617, 189
Trd, 000262.783, 183
Trd, 000263.150, 180
Trd, 000263.433, 177
Trd, 000263.667, 167
Trd, 000263.683, 184
Trd, 000263.833, 169
Trd, 000264.917, 178
Trd, 000265.317, 180
Trd, 000265.817, 180
Trd, 000265.833, 181
Trd, 000266.083, 181
Trd, 000266.900, 183
Trd, 000267.250, 191
Trd, 000267.400, 186
Trd, 000267.650, 186
Trd, 000267.950, 190
Trd, 000268.783, 184
Trd, 000268.817, 183
Trd, 000268.950, 182
Trd, 000269.467, 184
Trd, 000269.617, 180
Trd, 000269.867, 185
Trd, 000270.717, 177
Trd, 000271.000, 182
Trd, 000271.967, 174
Trd, 000272.500, 180
Trd, 000272.900, 182
Trd, 000273.050, 174
Trd, 000273.800, 181
Trd, 000274.433, 178
Trd, 000275.400, 170
Trd, 000275.800, 169
Trd, 000275.850, 171
Trd, 000276.217, 179
Trd, 000276.283, 178
Trd, 000276.467, 185
Trd, 000276.767, 189
Trd, 000277.350, 186
Trd, 000277.933, 185
Trd, 000278.133, 183
Trd, 000278.233, 189
Trd, 000279.067, 183
Trd, 000279.250, 186
Trd, 000279.417, 191
Trd, 000279.717, 189
Trd, 000279.917, 185
Trd, 000280.033, 181
Trd, 000280.717, 188
Trd, 000281.050, 187
Trd, 000282.267, 180
Trd, 000282.933, 181
Trd, 000283.083, 186
Trd, 000283.733, 186
Trd, 000283.950, 182
Trd, 000284.117, 177
Trd, 000284.517, 186
Trd, 000284.967, 179
Trd, 000285.050, 178
Trd, 000285.383, 184
Trd, 000285.683, 186
Trd, 000286.483, 185
Trd, 000286.617, 183
Trd, 000286.883, 191
Trd, 000286.900, 193
Trd, 000287.250, 167
Trd, 000287.483, 193
Trd, 000288.900, 162
Trd, 000288.967, 187
Trd, 000289.033, 188
Trd, 000289.550, 176
Trd, 000290.683, 173
Trd, 000291.067, 178
Trd, 000291.433, 182
Trd, 000291.550, 184
Trd, 000291.933, 170
Trd, 000292.150, 184
Trd, 000292.483, 187
Trd, 000292.550, 170
Trd, 000292.617, 168
Trd, 000293.417, 187
Trd, 000293.783, 170
Trd, 000293.967, 191
Trd, 000294.200, 193
Trd, 000294.417, 187
Trd, 000294.683, 192
Trd, 000295.000, 169
Trd, 000295.050, 168
Trd, 000295.750, 183
Trd, 000296.250, 188
Trd, 000296.383, 190
Trd, 000296.650, 197
Trd, 000296.967, 192
Trd, 000297.167, 183
Trd, 000298.067, 193
Trd, 000298.150, 198
Trd, 000298.400, 192
Trd, 000298.650, 197
Trd, 000299.417, 181
Trd, 000299.517, 197
Trd, 000299.533, 198
Trd, 000299.667, 174
