Trd, 000001.283, 136
Trd, 000003.383, 137
Trd, 000004.750, 141
Trd, 000004.900, 155
Trd, 000005.467, 162
Trd, 000006.067, 139
Trd, 000006.983, 165
Trd, 000007.117, 165
Trd, 000007.550, 167
Trd, 000009.350, 166
Trd, 000009.650, 166
Trd, 000011.083, 166
Trd, 000011.683, 166
Trd, 000012.350, 163
Trd, 000013.933, 153
Trd, 000014.017, 153
Trd, 000016.000, 155
Trd, 000016.050, 156
Trd, 000016.233, 160
Trd, 000016.400, 151
Trd, 000017.033, 168
Trd, 000018.133, 151
Trd, 000018.750, 161
Trd, 000019.767, 153
Trd, 000021.100, 156
Trd, 000021.300, 156
Trd, 000021.417, 155
Trd, 000022.600, 158
Trd, 000023.317, 153
Trd, 000023.417, 153
Trd, 000023.783, 159
Trd, 000024.233, 157
Trd, 000024.417, 159
Trd, 000024.650, 160
Trd, 000027.583, 158
Trd, 000027.717, 157
Trd, 000029.133, 159
Trd, 000030.283, 154
Trd, 000030.417, 152
Trd, 000030.867, 152
Trd, 000031.017, 151
Trd, 000031.233, 153
Trd, 000031.350, 155
Trd, 000031.700, 150
Trd, 000031.917, 156
Trd, 000032.650, 147
Trd, 000033.867, 140
Trd, 000034.250, 140
Trd, 000034.283, 141
Trd, 000034.633, 142
Trd, 000035.333, 143
Trd, 000035.850, 150
Trd, 000036.683, 141
Trd, 000037.733, 165
Trd, 000038.650, 153
Trd, 000038.867, 158
Trd, 000039.267, 143
Trd, 000039.450, 152
Trd, 000040.433, 152
Trd, 000040.950, 149
Trd, 000041.250, 153
Trd, 000041.650, 162
Trd, 000042.650, 164
Trd, 000043.117, 159
Trd, 000044.150, 158
Trd, 000044.467, 159
Trd, 000044.800, 157
Trd, 000045.183, 157
Trd, 000045.833, 155
Trd, 000045.850, 159
Trd, 000046.517, 157
Trd, 000046.817, 160
Trd, 000048.417, 162
Trd, 000048.917, 156
Trd, 000050.783, 141
Trd, 000050.833, 142
Trd, 000052.117, 141
Trd, 000052.683, 146
Trd, 000053.217, 146
Trd, 000053.733, 145
Trd, 000054.067, 146
Trd, 000055.000, 147
Trd, 000055.233, 161
Trd, 000055.467, 161
Trd, 000055.500, 163
Trd, 000057.717, 160
Trd, 000058.100, 160
Trd, 000059.200, 161
Trd, 000059.233, 159
Trd, 000060.467, 160
Trd, 000061.200, 161
Trd, 000061.567, 163
Trd, 000061.817, 163
Trd, 000062.200, 168
Trd, 000062.617, 159
Trd, 000063.650, 157
Trd, 000063.667, 169
Trd, 000063.817, 154
Trd, 000065.033, 166
Trd, 000065.533, 168
Trd, 000066.517, 159
Trd, 000067.167, 165
Trd, 000067.367, 167
Trd, 000067.650, 156
Trd, 000069.300, 159
Trd, 000070.383, 161
Trd, 000071.167, 159
Trd, 000072.067, 158
Trd, 000072.383, 148
Trd, 000072.867, 150
Trd, 000073.233, 149
Trd, 000073.383, 146
Trd, 000073.483, 150
Trd, 000073.550, 157
Trd, 000073.917, 139
Trd, 000075.217, 144
Trd, 000075.800, 144
Trd, 000076.417, 164
Trd, 000077.200, 165
Trd, 000079.433, 166
Trd, 000079.533, 170
Trd, 000079.983, 162
Trd, 000081.283, 164
Trd, 000081.550, 162
Trd, 000082.017, 161
Trd, 000082.033, 161
Trd, 000083.117, 161
Trd, 000083.200, 161
Trd, 000083.417, 162
Trd, 000083.583, 159
Trd, 000084.550, 156
Trd, 000085.000, 162
Trd, 000085.817, 144
Trd, 000085.883, 144
Trd, 000086.417, 144
Trd, 000086.467, 145
Trd, 000087.350, 140
Trd, 000087.383, 167
Trd, 000087.983, 146
Trd, 000088.167, 138
Trd, 000090.067, 151
Trd, 000090.450, 152
Trd, 000090.550, 153
Trd, 000090.950, 152
Trd, 000092.367, 169
Trd, 000092.850, 160
Trd, 000093.317, 158
Trd, 000093.583, 168
Trd, 000093.867, 171
Trd, 000094.967, 158
Trd, 000095.583, 164
Trd, 000096.567, 158
Trd, 000097.383, 158
Trd, 000097.850, 158
Trd, 000098.567, 162
Trd, 000098.817, 157
Trd, 000098.833, 168
Trd, 000099.133, 153
Trd, 000099.550, 171
Trd, 000100.850, 169
Trd, 000101.033, 172
Trd, 000101.950, 169
Trd, 000102.017, 161
Trd, 000102.967, 170
Trd, 000103.567, 162
Trd, 000104.433, 161
Trd, 000105.683, 163
Trd, 000105.900, 164
Trd, 000106.317, 164
Trd, 000106.967, 162
Trd, 000107.483, 166
Trd, 000107.600, 161
Trd, 000108.017, 168
Trd, 000109.100, 161
Trd, 000109.933, 161
Trd, 000110.167, 163
Trd, 000110.717, 163
Trd, 000111.217, 160
Trd, 000111.717, 161
Trd, 000111.733, 162
Trd, 000112.383, 169
Trd, 000113.500, 167
Trd, 000114.233, 161
Trd, 000115.533, 164
Trd, 000115.833, 163
Trd, 000115.983, 169
Trd, 000117.767, 167
Trd, 000118.100, 172
Trd, 000119.467, 170
Trd, 000120.233, 168
Trd, 000120.433, 170
Trd, 000120.900, 163
Trd, 000122.400, 167
Trd, 000122.633, 168
Trd, 000123.067, 167
Trd, 000123.767, 166
Trd, 000124.633, 162
Trd, 000125.183, 150
Trd, 000125.583, 161
Trd, 000125.900, 162
Trd, 000126.100, 170
Trd, 000127.167, 146
Trd, 000127.533, 160
Trd, 000128.383, 150
Trd, 000129.200, 154
Trd, 000129.800, 156
Trd, 000130.683, 157
Trd, 000130.700, 157
Trd, 000131.217, 171
Trd, 000132.667, 163
Trd, 000133.550, 164
Trd, 000133.950, 165
Trd, 000134.433, 161
Trd, 000135.467, 152
Trd, 000135.583, 156
Trd, 000136.133, 154
Trd, 000137.750, 169
Trd, 000138.783, 162
Trd, 000139.150, 162
Trd, 000139.583, 170
Trd, 000139.900, 165
Trd, 000139.917, 171
Trd, 000140.150, 169
Trd, 000141.283, 175
Trd, 000142.750, 173
Trd, 000143.450, 174
Trd, 000144.450, 172
Trd, 000145.300, 174
Trd, 000145.867, 171
Trd, 000146.317, 171
Trd, 000146.483, 175
Trd, 000147.200, 172
Trd, 000148.000, 170
Trd, 000148.950, 169
Trd, 000149.717, 172
Trd, 000150.150, 172
Trd, 000150.617, 172
Trd, 000151.233, 168
Trd, 000152.700, 169
Trd, 000153.150, 169
Trd, 000153.383, 166
Trd, 000153.983, 168
Trd, 000154.233, 167
Trd, 000154.250, 169
Trd, 000155.567, 171
Trd, 000156.083, 170
Trd, 000157.067, 172
Trd, 000157.400, 177
Trd, 000158.317, 178
Trd, 000160.533, 176
Trd, 000160.617, 177
Trd, 000160.717, 177
Trd, 000160.867, 175
Trd, 000161.133, 174
Trd, 000162.300, 174
Trd, 000163.583, 173
Trd, 000163.900, 174
Trd, 000165.283, 172
Trd, 000165.750, 173
Trd, 000166.150, 171
Trd, 000166.700, 168
Trd, 000169.317, 170
Trd, 000169.633, 169
Trd, 000169.950, 168
Trd, 000170.267, 170
Trd, 000170.667, 165
Trd, 000171.067, 169
Trd, 000171.133, 144
Trd, 000171.167, 172
Trd, 000171.750, 173
Trd, 000172.100, 174
Trd, 000173.583, 170
Trd, 000174.650, 156
Trd, 000175.200, 173
Trd, 000175.250, 175
Trd, 000175.717, 174
Trd, 000175.883, 162
Trd, 000176.167, 178
Trd, 000176.933, 168
Trd, 000178.283, 177
Trd, 000179.550, 169
Trd, 000179.633, 168
Trd, 000180.667, 169
Trd, 000180.900, 172
Trd, 000180.950, 176
Trd, 000182.117, 179
Trd, 000182.433, 180
Trd, 000183.050, 179
Trd, 000183.167, 179
Trd, 000183.300, 170
Trd, 000183.817, 186
Trd, 000184.167, 169
Trd, 000184.733, 169
Trd, 000185.933, 166
Trd, 000186.417, 172
Trd, 000187.167, 176
Trd, 000187.233, 177
Trd, 000187.667, 171
Trd, 000188.183, 170
Trd, 000188.567, 177
Trd, 000190.400, 177
Trd, 000191.133, 176
Trd, 000191.933, 174
Trd, 000192.617, 176
Trd, 000193.550, 173
Trd, 000194.133, 170
Trd, 000194.217, 173
Trd, 000194.233, 177
Trd, 000194.817, 169
Trd, 000195.367, 174
Trd, 000196.333, 176
Trd, 000198.000, 172
Trd, 000198.217, 175
Trd, 000199.217, 173
Trd, 000199.400, 178
Trd, 000199.733, 173
Trd, 000200.733, 175
Trd, 000202.150, 174
Trd, 000202.383, 176
Trd, 000202.883, 174
Trd, 000203.167, 172
Trd, 000204.317, 163
Trd, 000205.650, 163
Trd, 000205.783, 164
Trd, 000206.417, 163
Trd, 000206.817, 165
Trd, 000206.917, 172
Trd, 000207.350, 178
Trd, 000207.717, 180
Trd, 000209.517, 176
Trd, 000210.083, 178
Trd, 000210.300, 176
Trd, 000210.867, 175
Trd, 000210.900, 178
Trd, 000211.767, 182
Trd, 000211.817, 176
Trd, 000212.267, 183
Trd, 000213.817, 179
Trd, 000214.083, 175
Trd, 000214.983, 175
Trd, 000215.783, 174
Trd, 000216.000, 176
Trd, 000216.383, 173
Trd, 000216.783, 172
Trd, 000216.867, 180
Trd, 000217.000, 170
Trd, 000217.367, 154
Trd, 000218.200, 154
Trd, 000218.683, 165
Trd, 000218.800, 165
Trd, 000219.483, 165
Trd, 000221.017, 176
Trd, 000221.900, 179
Trd, 000223.083, 176
Trd, 000224.217, 175
Trd, 000224.900, 175
Trd, 000226.200, 177
Trd, 000226.333, 175
Trd, 000226.817, 174
Trd, 000226.967, 177
Trd, 000227.200, 170
Trd, 000227.367, 178
Trd, 000228.217, 153
Trd, 000228.717, 171
Trd, 000229.517, 176
Trd, 000230.867, 158
Trd, 000230.900, 160
Trd, 000231.317, 164
Trd, 000232.133, 158
Trd, 000233.917, 166
Trd, 000234.317, 167
Trd, 000235.283, 166
Trd, 000235.333, 177
Trd, 000236.417, 176
Trd, 000236.917, 177
Trd, 000237.900, 173
Trd, 000238.833, 178
Trd, 000239.550, 174
Trd, 000239.783, 174
Trd, 000240.067, 175
Trd, 000240.167, 174
Trd, 000240.233, 174
Trd, 000240.417, 160
Trd, 000240.633, 159
Trd, 000240.967, 161
Trd, 000242.233, 175
Trd, 000242.417, 174
Trd, 000243.017, 175
Trd, 000243.133, 182
Trd, 000243.650, 175
Trd, 000244.150, 172
Trd, 000244.383, 174
Trd, 000244.733, 175
Trd, 000245.200, 172
Trd, 000245.533, 173
Trd, 000246.000, 174
Trd, 000246.167, 174
Trd, 000246.350, 175
Trd, 000247.167, 177
Trd, 000247.400, 175
Trd, 000248.017, 175
Trd, 000248.183, 175
Trd, 000248.500, 176
Trd, 000249.217, 173
Trd, 000249.633, 174
Trd, 000249.800, 179
Trd, 000249.850, 180
Trd, 000249.883, 182
Trd, 000251.200, 189
Trd, 000251.467, 188
Trd, 000251.917, 183
Trd, 000252.917, 188
Trd, 000253.650, 180
Trd, 000253.800, 183
Trd, 000253.933, 182
Trd, 000253.967, 185
Trd, 000254.583, 185
Trd, 000254.633, 185
Trd, 000254.800, 181
Trd, 000254.917, 179
Trd, 000255.267, 181
Trd, 000256.050, 180
Trd, 000256.333, 179
Trd, 000256.583, 176
Trd, 000257.433, 177
Trd, 000257.533, 181
Trd, 000258.433, 182
Trd, 000258.950, 177
Trd, 000259.433, 177
Trd, 000259.583, 179
Trd, 000259.617, 180
Trd, 000259.917, 183
Trd, 000260.600, 180
Trd, 000261.117, 178
Trd, 000261.133, 174
Trd, 000261.367, 181
Trd, 000262.083, 167
Trd, 000262.500, 181
Trd, 000262.850, 163
Trd, 000262.933, 184
Trd, 000263.650, 186
Trd, 000263.783, 187
Trd, 000264.417, 182
Trd, 000264.483, 184
Trd, 000264.650, 181
Trd, 000264.983, 177
Trd, 000266.067, 178
Trd, 000266.200, 176
Trd, 000266.967, 178
Trd, 000267.800, 176
Trd, 000268.133, 174
Trd, 000268.167, 177
Trd, 000268.550, 169
Trd, 000268.883, 176
Trd, 000269.617, 166
Trd, 000269.767, 164
Trd, 000269.900, 168
Trd, 000269.917, 172
Trd, 000270.233, 172
Trd, 000271.117, 173
Trd, 000271.300, 178
Trd, 000271.983, 179
Trd, 000272.483, 179
Trd, 000272.650, 180
Trd, 000272.717, 182
Trd, 000273.417, 185
Trd, 000273.833, 180
Trd, 000274.083, 178
Trd, 000274.150, 178
Trd, 000275.267, 180
Trd, 000275.633, 179
Trd, 000275.900, 176
Trd, 000276.233, 187
Trd, 000276.283, 189
Trd, 000276.733, 188
Trd, 000276.817, 193
Trd, 000277.217, 187
Trd, 000277.583, 175
Trd, 000277.650, 176
Trd, 000279.617, 169
Trd, 000280.017, 165
Trd, 000280.450, 166
Trd, 000280.467, 167
Trd, 000280.517, 168
Trd, 000280.817, 165
Trd, 000280.850, 165
Trd, 000281.050, 169
Trd, 000281.900, 177
Trd, 000282.017, 167
Trd, 000282.233, 175
Trd, 000283.200, 170
Trd, 000283.250, 169
Trd, 000283.267, 174
Trd, 000283.433, 168
Trd, 000283.700, 176
Trd, 000283.850, 179
Trd, 000285.717, 180
Trd, 000285.817, 182
Trd, 000286.367, 181
Trd, 000286.667, 183
Trd, 000286.867, 175
Trd, 000287.550, 174
Trd, 000288.300, 183
Trd, 000288.867, 183
Trd, 000289.400, 182
Trd, 000289.650, 184
Trd, 000289.683, 181
Trd, 000289.717, 186
Trd, 000289.900, 182
Trd, 000289.983, 181
Trd, 000290.217, 188
Trd, 000292.417, 180
Trd, 000293.067, 185
Trd, 000293.083, 180
Trd, 000293.317, 180
Trd, 000294.483, 180
Trd, 000294.500, 184
Trd, 000294.850, 177
Trd, 000294.950, 183
Trd, 000294.967, 187
Trd, 000295.633, 185
Trd, 000295.933, 177
Trd, 000296.167, 190
Trd, 000296.517, 167
Trd, 000296.933, 185
Trd, 000297.683, 173
Trd, 000298.133, 161
Trd, 000298.750, 170
Trd, 000298.850, 171
Trd, 000298.917, 172
Trd, 000299.583, 169
