Trd, 000002.567, 127
Trd, 000002.967, 128
Trd, 000003.583, 132
Trd, 000003.717, 124
Trd, 000005.200, 140
Trd, 000005.833, 141
Trd, 000006.450, 143
Trd, 000006.700, 145
Trd, 000007.783, 142
Trd, 000008.400, 146
Trd, 000009.450, 146
Trd, 000010.700, 147
Trd, 000010.800, 147
Trd, 000012.050, 147
Trd, 000012.467, 156
Trd, 000013.433, 150
Trd, 000013.667, 148
Trd, 000014.150, 154
Trd, 000014.500, 147
Trd, 000014.683, 163
Trd, 000015.133, 170
Trd, 000015.400, 149
Trd, 000015.683, 157
Trd, 000016.267, 155
Trd, 000016.950, 159
Trd, 000017.900, 157
Trd, 000018.267, 157
Trd, 000018.467, 155
Trd, 000018.483, 158
Trd, 000019.683, 155
Trd, 000020.717, 158
Trd, 000021.017, 157
Trd, 000022.567, 157
Trd, 000023.283, 156
Trd, 000023.817, 155
Trd, 000023.850, 156
Trd, 000023.883, 155
Trd, 000023.967, 136
Trd, 000024.683, 147
Trd, 000025.633, 151
Trd, 000026.100, 133
Trd, 000026.267, 143
Trd, 000027.400, 140
Trd, 000028.133, 140
Trd, 000028.650, 138
Trd, 000029.550, 141
Trd, 000030.683, 143
Trd, 000031.200, 144
Trd, 000031.833, 147
Trd, 000032.217, 158
Trd, 000033.450, 160
Trd, 000033.883, 161
Trd, 000034.250, 160
Trd, 000034.433, 159
Trd, 000034.783, 159
Trd, 000035.033, 158
Trd, 000035.867, 158
Trd, 000036.867, 158
Trd, 000038.267, 159
Trd, 000038.800, 156
Trd, 000038.967, 159
Trd, 000039.667, 160
Trd, 000040.867, 160
Trd, 000041.200, 160
Trd, 000041.883, 161
Trd, 000042.067, 161
Trd, 000042.217, 160
Trd, 000042.700, 160
Trd, 000042.850, 158
Trd, 000043.333, 162
Trd, 000043.500, 157
Trd, 000043.950, 158
Trd, 000044.733, 159
Trd, 000045.033, 162
Trd, 000046.600, 162
Trd, 000046.933, 161
Trd, 000046.950, 169
Trd, 000048.850, 161
Trd, 000049.467, 161
Trd, 000049.917, 160
Trd, 000050.267, 160
Trd, 000051.883, 160
Trd, 000052.083, 164
Trd, 000053.417, 160
Trd, 000053.833, 163
Trd, 000054.033, 162
Trd, 000054.700, 162
Trd, 000055.183, 161
Trd, 000055.583, 161
Trd, 000056.183, 160
Trd, 000056.217, 161
Trd, 000056.783, 161
Trd, 000056.817, 160
Trd, 000057.133, 164
Trd, 000057.267, 159
Trd, 000058.533, 168
Trd, 000060.300, 165
Trd, 000060.317, 166
Trd, 000060.583, 164
Trd, 000061.200, 165
Trd, 000061.917, 164
Trd, 000062.417, 164
Trd, 000062.650, 165
Trd, 000063.317, 164
Trd, 000065.133, 159
Trd, 000065.483, 160
Trd, 000065.500, 161
Trd, 000065.850, 161
Trd, 000066.917, 167
Trd, 000067.300, 159
Trd, 000068.283, 142
Trd, 000068.417, 162
Trd, 000070.267, 157
Trd, 000070.850, 158
Trd, 000070.933, 159
Trd, 000071.150, 159
Trd, 000071.383, 159
Trd, 000072.233, 159
Trd, 000072.500, 160
Trd, 000073.633, 157
Trd, 000074.983, 160
Trd, 000075.933, 161
Trd, 000076.167, 162
Trd, 000076.483, 160
Trd, 000076.650, 159
Trd, 000077.350, 161
Trd, 000077.633, 158
Trd, 000078.100, 158
Trd, 000079.433, 157
Trd, 000080.617, 158
Trd, 000080.750, 157
Trd, 000081.517, 158
Trd, 000082.333, 155
Trd, 000083.200, 155
Trd, 000083.633, 154
Trd, 000084.233, 157
Trd, 000084.717, 155
Trd, 000085.433, 157
Trd, 000086.233, 157
Trd, 000086.283, 156
Trd, 000087.200, 156
Trd, 000087.617, 155
Trd, 000088.367, 157
Trd, 000089.033, 158
Trd, 000090.400, 159
Trd, 000090.717, 159
Trd, 000091.783, 164
Trd, 000092.317, 161
Trd, 000092.917, 159
Trd, 000093.183, 162
Trd, 000094.533, 160
Trd, 000094.917, 160
Trd, 000095.350, 159
Trd, 000095.533, 160
Trd, 000096.067, 160
Trd, 000097.017, 160
Trd, 000098.250, 159
Trd, 000098.500, 163
Trd, 000098.683, 158
Trd, 000098.867, 154
Trd, 000099.050, 164
Trd, 000101.700, 165
Trd, 000102.900, 162
Trd, 000103.483, 162
Trd, 000103.800, 163
Trd, 000104.650, 163
Trd, 000104.800, 161
Trd, 000105.900, 162
Trd, 000105.967, 163
Trd, 000106.000, 161
Trd, 000106.800, 161
Trd, 000108.083, 161
Trd, 000108.283, 162
Trd, 000109.800, 163
Trd, 000109.900, 164
Trd, 000110.517, 165
Trd, 000111.000, 166
Trd, 000111.067, 166
Trd, 000111.383, 166
Trd, 000111.767, 173
Trd, 000112.667, 168
Trd, 000113.050, 169
Trd, 000113.200, 167
Trd, 000113.300, 166
Trd, 000114.867, 166
Trd, 000115.383, 164
Trd, 000116.067, 165
Trd, 000116.533, 164
Trd, 000116.817, 165
Trd, 000117.800, 165
Trd, 000118.050, 165
Trd, 000118.550, 166
Trd, 000118.600, 160
Trd, 000119.400, 158
Trd, 000119.617, 146
Trd, 000119.883, 157
Trd, 000119.917, 166
Trd, 000122.450, 159
Trd, 000122.700, 146
Trd, 000123.517, 160
Trd, 000124.017, 159
Trd, 000125.267, 161
Trd, 000125.367, 161
Trd, 000125.400, 158
Trd, 000126.517, 163
Trd, 000126.617, 158
Trd, 000127.867, 162
Trd, 000128.133, 162
Trd, 000128.767, 161
Trd, 000130.367, 162
Trd, 000130.817, 161
Trd, 000130.917, 160
Trd, 000131.333, 161
Trd, 000132.033, 163
Trd, 000132.750, 162
Trd, 000132.883, 158
Trd, 000134.217, 163
Trd, 000134.483, 161
Trd, 000135.217, 163
Trd, 000135.650, 168
Trd, 000136.467, 168
Trd, 000136.483, 175
Trd, 000136.850, 162
Trd, 000137.350, 167
Trd, 000137.533, 169
Trd, 000138.517, 168
Trd, 000140.233, 167
Trd, 000140.333, 166
Trd, 000140.800, 166
Trd, 000140.900, 165
Trd, 000141.050, 167
Trd, 000141.683, 163
Trd, 000142.317, 155
Trd, 000142.867, 157
Trd, 000143.550, 156
Trd, 000143.817, 154
Trd, 000144.317, 156
Trd, 000144.450, 169
Trd, 000144.983, 157
Trd, 000145.600, 159
Trd, 000148.400, 161
Trd, 000148.700, 164
Trd, 000148.850, 164
Trd, 000149.483, 165
Trd, 000149.733, 164
Trd, 000149.983, 166
Trd, 000150.717, 166
Trd, 000150.883, 165
Trd, 000152.283, 168
Trd, 000153.600, 164
Trd, 000154.433, 166
Trd, 000155.417, 167
Trd, 000155.717, 164
Trd, 000156.083, 164
Trd, 000156.317, 163
Trd, 000156.367, 167
Trd, 000157.967, 165
Trd, 000158.367, 167
Trd, 000158.717, 167
Trd, 000159.300, 166
Trd, 000159.617, 167
Trd, 000160.000, 167
Trd, 000160.867, 166
Trd, 000161.033, 166
Trd, 000161.617, 150
Trd, 000163.250, 162
Trd, 000163.617, 163
Trd, 000163.783, 160
Trd, 000164.617, 168
Trd, 000164.967, 168
Trd, 000166.050, 170
Trd, 000166.867, 170
Trd, 000167.967, 171
Trd, 000168.783, 171
Trd, 000169.000, 172
Trd, 000170.267, 171
Trd, 000170.333, 172
Trd, 000170.467, 174
Trd, 000170.800, 182
Trd, 000170.917, 149
Trd, 000172.133, 156
Trd, 000172.517, 158
Trd, 000172.883, 161
Trd, 000174.333, 162
Trd, 000174.917, 160
Trd, 000175.400, 159
Trd, 000175.550, 165
Trd, 000175.633, 166
Trd, 000177.100, 167
Trd, 000177.317, 169
Trd, 000177.783, 172
Trd, 000179.967, 178
Trd, 000180.267, 178
Trd, 000180.417, 176
Trd, 000180.600, 178
Trd, 000180.700, 177
Trd, 000181.550, 177
Trd, 000182.233, 176
Trd, 000182.700, 175
Trd, 000183.267, 177
Trd, 000184.300, 174
Trd, 000184.883, 173
Trd, 000185.350, 174
Trd, 000185.750, 174
Trd, 000186.100, 172
Trd, 000186.400, 173
Trd, 000188.133, 158
Trd, 000188.683, 161
Trd, 000189.350, 160
Trd, 000189.567, 161
Trd, 000190.000, 163
Trd, 000190.350, 165
Trd, 000191.150, 164
Trd, 000191.333, 173
Trd, 000192.117, 169
Trd, 000192.350, 167
Trd, 000193.000, 166
Trd, 000193.383, 165
Trd, 000195.533, 168
Trd, 000196.067, 167
Trd, 000197.083, 170
Trd, 000197.167, 170
Trd, 000198.000, 171
Trd, 000199.583, 173
Trd, 000199.700, 172
Trd, 000200.300, 173
Trd, 000200.483, 173
Trd, 000201.117, 174
Trd, 000201.267, 175
Trd, 000201.533, 172
Trd, 000204.100, 173
Trd, 000204.317, 172
Trd, 000204.567, 173
Trd, 000205.250, 175
Trd, 000205.300, 174
Trd, 000205.850, 174
Trd, 000206.033, 174
Trd, 000206.933, 175
Trd, 000207.217, 178
Trd, 000207.450, 174
Trd, 000208.717, 175
Trd, 000209.717, 175
Trd, 000210.133, 174
Trd, 000210.217, 174
Trd, 000210.450, 173
Trd, 000211.050, 175
Trd, 000211.583, 173
Trd, 000212.767, 173
Trd, 000213.183, 172
Trd, 000214.283, 171
Trd, 000215.050, 172
Trd, 000215.617, 172
Trd, 000216.067, 172
Trd, 000216.167, 176
Trd, 000217.100, 175
Trd, 000217.750, 177
Trd, 000217.767, 172
Trd, 000218.617, 183
Trd, 000220.700, 176
Trd, 000222.633, 174
Trd, 000222.867, 173
Trd, 000223.350, 174
Trd, 000223.367, 173
Trd, 000224.667, 175
Trd, 000224.733, 176
Trd, 000225.717, 176
Trd, 000225.800, 175
Trd, 000227.450, 182
Trd, 000227.550, 181
Trd, 000227.833, 180
Trd, 000227.900, 183
Trd, 000228.367, 180
Trd, 000228.867, 185
Trd, 000229.117, 179
Trd, 000229.133, 176
Trd, 000229.633, 178
Trd, 000231.100, 172
Trd, 000231.350, 154
Trd, 000231.733, 174
Trd, 000232.167, 166
Trd, 000232.717, 163
Trd, 000233.100, 164
Trd, 000233.450, 166
Trd, 000233.733, 164
Trd, 000235.050, 165
Trd, 000237.033, 166
Trd, 000237.700, 168
Trd, 000238.400, 164
Trd, 000239.000, 168
Trd, 000239.683, 169
Trd, 000240.483, 169
Trd, 000240.733, 170
Trd, 000242.300, 173
Trd, 000242.483, 175
Trd, 000243.350, 171
Trd, 000243.650, 170
Trd, 000244.633, 172
Trd, 000245.100, 172
Trd, 000245.383, 173
Trd, 000245.667, 175
Trd, 000245.917, 174
Trd, 000246.167, 175
Trd, 000246.500, 175
Trd, 000246.750, 174
Trd, 000247.200, 178
Trd, 000247.717, 178
Trd, 000249.050, 180
Trd, 000249.100, 179
Trd, 000249.350, 180
Trd, 000249.383, 178
Trd, 000250.117, 178
Trd, 000250.500, 178
Trd, 000250.550, 177
Trd, 000250.933, 173
Trd, 000251.583, 178
Trd, 000252.000, 179
Trd, 000252.300, 180
Trd, 000252.650, 179
Trd, 000253.233, 182
Trd, 000253.500, 182
Trd, 000253.850, 180
Trd, 000254.300, 180
Trd, 000254.567, 180
Trd, 000255.533, 182
Trd, 000255.567, 183
Trd, 000256.083, 181
Trd, 000256.133, 179
Trd, 000256.950, 178
Trd, 000257.033, 178
Trd, 000258.150, 164
Trd, 000258.733, 166
Trd, 000259.400, 165
Trd, 000259.433, 163
Trd, 000259.500, 159
Trd, 000260.250, 159
Trd, 000260.583, 162
Trd, 000261.550, 164
Trd, 000261.883, 163
Trd, 000262.133, 164
Trd, 000262.250, 163
Trd, 000262.567, 164
Trd, 000262.783, 164
Trd, 000263.317, 166
Trd, 000264.150, 166
Trd, 000264.200, 165
Trd, 000264.700, 165
Trd, 000265.850, 164
Trd, 000265.983, 162
Trd, 000266.333, 166
Trd, 000266.667, 167
Trd, 000267.017, 163
Trd, 000267.467, 165
Trd, 000267.967, 165
Trd, 000268.333, 164
Trd, 000268.367, 162
Trd, 000268.500, 167
Trd, 000268.800, 168
Trd, 000269.050, 167
Trd, 000269.900, 168
Trd, 000270.967, 169
Trd, 000271.733, 172
Trd, 000272.650, 173
Trd, 000273.117, 172
Trd, 000273.917, 175
Trd, 000274.100, 183
Trd, 000274.717, 175
Trd, 000275.350, 175
Trd, 000275.567, 180
Trd, 000276.050, 177
Trd, 000276.167, 175
Trd, 000276.250, 179
Trd, 000277.417, 176
Trd, 000277.817, 176
Trd, 000278.300, 175
Trd, 000278.600, 175
Trd, 000279.033, 159
Trd, 000279.183, 165
Trd, 000279.333, 159
Trd, 000280.400, 163
Trd, 000280.633, 163
Trd, 000280.933, 164
Trd, 000281.017, 165
Trd, 000281.550, 180
Trd, 000281.733, 177
Trd, 000282.017, 177
Trd, 000283.133, 177
Trd, 000283.667, 177
Trd, 000284.083, 177
Trd, 000284.800, 183
Trd, 000285.000, 178
Trd, 000285.750, 179
Trd, 000286.433, 180
Trd, 000286.783, 180
Trd, 000286.800, 177
Trd, 000287.100, 177
Trd, 000287.250, 175
Trd, 000288.000, 181
Trd, 000289.233, 176
Trd, 000289.317, 175
Trd, 000290.333, 178
Trd, 000290.667, 179
Trd, 000290.733, 178
Trd, 000290.917, 176
Trd, 000290.967, 173
Trd, 000291.583, 182
Trd, 000291.683, 183
Trd, 000292.183, 184
Trd, 000293.767, 177
Trd, 000294.417, 177
Trd, 000294.583, 176
Trd, 000294.800, 182
Trd, 000294.883, 177
Trd, 000295.383, 180
Trd, 000295.600, 177
Trd, 000295.983, 180
Trd, 000296.467, 178
Trd, 000296.767, 181
Trd, 000296.867, 182
Trd, 000297.000, 161
Trd, 000298.183, 176
Trd, 000298.300, 174
Trd, 000299.900, 181
