Trd, 000001.217, 106
Trd, 000001.400, 175
Trd, 000001.733, 150
Trd, 000001.917, 139
Trd, 000002.633, 135
Trd, 000005.067, 168
Trd, 000005.083, 158
Trd, 000005.933, 165
Trd, 000006.717, 171
Trd, 000007.483, 168
Trd, 000009.417, 171
Trd, 000009.567, 170
Trd, 000009.783, 169
Trd, 000010.317, 168
Trd, 000011.600, 168
Trd, 000011.833, 168
Trd, 000011.917, 167
Trd, 000012.883, 168
Trd, 000013.133, 167
Trd, 000013.617, 167
Trd, 000014.267, 166
Trd, 000014.600, 169
Trd, 000016.333, 166
Trd, 000016.417, 167
Trd, 000017.017, 167
Trd, 000017.117, 166
Trd, 000017.883, 163
Trd, 000018.500, 165
Trd, 000019.750, 154
Trd, 000019.783, 167
Trd, 000020.417, 166
Trd, 000020.717, 164
Trd, 000021.683, 163
Trd, 000022.567, 170
Trd, 000023.333, 167
Trd, 000023.600, 164
Trd, 000025.217, 168
Trd, 000025.500, 167
Trd, 000026.400, 164
Trd, 000026.800, 163
Trd, 000026.850, 162
Trd, 000026.967, 157
Trd, 000028.550, 162
Trd, 000029.867, 161
Trd, 000030.317, 162
Trd, 000030.400, 154
Trd, 000030.650, 160
Trd, 000031.700, 162
Trd, 000032.583, 163
Trd, 000032.700, 163
Trd, 000032.733, 161
Trd, 000032.983, 154
Trd, 000034.300, 161
Trd, 000036.917, 162
Trd, 000036.967, 160
Trd, 000037.017, 163
Trd, 000037.550, 160
Trd, 000038.283, 159
Trd, 000038.683, 169
Trd, 000038.750, 161
Trd, 000039.000, 160
Trd, 000039.367, 161
Trd, 000039.767, 158
Trd, 000041.133, 169
Trd, 000041.367, 160
Trd, 000041.650, 167
Trd, 000042.650, 160
Trd, 000043.633, 160
Trd, 000043.800, 169
Trd, 000046.683, 163
Trd, 000047.350, 164
Trd, 000047.483, 162
Trd, 000047.800, 162
Trd, 000048.050, 162
Trd, 000048.217, 159
Trd, 000048.317, 156
Trd, 000048.933, 169
Trd, 000049.167, 173
Trd, 000049.200, 159
Trd, 000050.567, 158
Trd, 000050.767, 159
Trd, 000051.267, 166
Trd, 000051.383, 155
Trd, 000051.500, 167
Trd, 000052.450, 159
Trd, 000053.317, 174
Trd, 000053.800, 159
Trd, 000053.850, 158
Trd, 000054.050, 163
Trd, 000055.300, 160
Trd, 000056.600, 160
Trd, 000056.900, 159
Trd, 000057.183, 161
Trd, 000057.550, 161
Trd, 000057.900, 160
Trd, 000059.467, 163
Trd, 000059.883, 164
Trd, 000060.483, 165
Trd, 000060.600, 163
Trd, 000061.467, 171
Trd, 000062.150, 164
Trd, 000062.883, 167
Trd, 000063.450, 166
Trd, 000065.500, 167
Trd, 000066.150, 166
Trd, 000066.367, 164
Trd, 000066.733, 165
Trd, 000067.217, 158
Trd, 000067.650, 159
Trd, 000068.383, 158
Trd, 000069.317, 159
Trd, 000069.367, 158
Trd, 000069.567, 158
Trd, 000070.233, 162
Trd, 000070.300, 163
Trd, 000070.667, 159
Trd, 000070.883, 165
Trd, 000071.650, 164
Trd, 000072.200, 165
Trd, 000072.733, 163
Trd, 000074.500, 162
Trd, 000074.817, 164
Trd, 000075.650, 163
Trd, 000075.917, 172
Trd, 000076.400, 171
Trd, 000076.483, 172
Trd, 000077.117, 166
Trd, 000078.100, 167
Trd, 000078.483, 167
Trd, 000079.483, 169
Trd, 000080.083, 173
Trd, 000080.583, 173
Trd, 000080.717, 175
Trd, 000080.750, 168
Trd, 000081.333, 167
Trd, 000081.850, 167
Trd, 000082.383, 166
Trd, 000082.617, 167
Trd, 000083.633, 166
Trd, 000085.717, 172
Trd, 000086.383, 168
Trd, 000086.667, 167
Trd, 000086.850, 165
Trd, 000087.183, 166
Trd, 000088.117, 167
Trd, 000088.383, 159
Trd, 000089.350, 164
Trd, 000089.483, 164
Trd, 000089.617, 166
Trd, 000090.300, 166
Trd, 000090.667, 157
Trd, 000091.133, 166
Trd, 000091.467, 154
Trd, 000093.167, 175
Trd, 000093.317, 164
Trd, 000093.383, 163
Trd, 000093.850, 164
Trd, 000094.833, 160
Trd, 000095.700, 160
Trd, 000096.267, 166
Trd, 000096.533, 159
Trd, 000097.883, 162
Trd, 000098.150, 162
Trd, 000098.483, 161
Trd, 000099.667, 163
Trd, 000099.900, 164
Trd, 000099.967, 162
Trd, 000101.017, 161
Trd, 000102.150, 163
Trd, 000103.283, 163
Trd, 000103.467, 174
Trd, 000104.300, 163
Trd, 000105.100, 164
Trd, 000105.250, 162
Trd, 000105.517, 175
Trd, 000105.900, 177
Trd, 000107.850, 167
Trd, 000108.383, 166
Trd, 000108.767, 169
Trd, 000109.867, 170
Trd, 000110.133, 170
Trd, 000110.383, 169
Trd, 000110.667, 166
Trd, 000110.683, 171
Trd, 000111.433, 166
Trd, 000111.867, 172
Trd, 000112.383, 166
Trd, 000113.067, 167
Trd, 000113.467, 166
Trd, 000113.900, 168
Trd, 000114.283, 165
Trd, 000116.167, 170
Trd, 000117.517, 170
Trd, 000117.550, 170
Trd, 000117.967, 170
Trd, 000118.083, 166
Trd, 000118.333, 168
Trd, 000119.050, 166
Trd, 000119.650, 168
Trd, 000119.933, 169
Trd, 000120.383, 164
Trd, 000122.717, 176
Trd, 000122.950, 166
Trd, 000123.050, 164
Trd, 000124.000, 165
Trd, 000125.150, 172
Trd, 000125.400, 166
Trd, 000126.167, 173
Trd, 000126.400, 165
Trd, 000126.717, 167
Trd, 000126.900, 165
Trd, 000126.933, 164
Trd, 000127.467, 174
Trd, 000128.200, 167
Trd, 000130.000, 170
Trd, 000131.467, 179
Trd, 000131.750, 178
Trd, 000132.300, 174
Trd, 000132.833, 172
Trd, 000133.767, 164
Trd, 000133.933, 161
Trd, 000134.283, 177
Trd, 000134.667, 178
Trd, 000135.000, 178
Trd, 000135.017, 167
Trd, 000136.583, 168
Trd, 000136.650, 178
Trd, 000137.617, 173
Trd, 000137.800, 171
Trd, 000138.000, 168
Trd, 000138.183, 168
Trd, 000138.383, 177
Trd, 000139.017, 168
Trd, 000139.367, 179
Trd, 000140.067, 179
Trd, 000141.050, 171
Trd, 000142.600, 169
Trd, 000143.367, 178
Trd, 000143.650, 172
Trd, 000144.500, 173
Trd, 000144.833, 178
Trd, 000144.867, 172
Trd, 000145.450, 174
Trd, 000145.967, 169
Trd, 000146.750, 176
Trd, 000146.833, 172
Trd, 000147.350, 170
Trd, 000148.067, 169
Trd, 000148.483, 177
Trd, 000148.583, 166
Trd, 000149.550, 166
Trd, 000149.750, 160
Trd, 000149.933, 182
Trd, 000150.983, 168
Trd, 000152.317, 175
Trd, 000153.533, 169
Trd, 000153.567, 168
Trd, 000154.200, 177
Trd, 000155.167, 169
Trd, 000155.433, 169
Trd, 000155.683, 170
Trd, 000156.233, 168
Trd, 000158.283, 171
Trd, 000158.400, 174
Trd, 000158.717, 174
Trd, 000160.433, 175
Trd, 000160.517, 172
Trd, 000160.550, 171
Trd, 000160.583, 171
Trd, 000161.317, 170
Trd, 000162.817, 181
Trd, 000163.367, 172
Trd, 000163.917, 173
Trd, 000165.433, 172
Trd, 000166.050, 173
Trd, 000166.617, 173
Trd, 000166.933, 174
Trd, 000167.267, 172
Trd, 000167.333, 170
Trd, 000168.783, 171
Trd, 000169.350, 174
Trd, 000169.817, 171
Trd, 000170.933, 171
Trd, 000172.150, 172
Trd, 000173.400, 173
Trd, 000173.483, 172
Trd, 000174.383, 173
Trd, 000175.300, 172
Trd, 000176.050, 173
Trd, 000176.750, 185
Trd, 000177.050, 183
Trd, 000177.067, 189
Trd, 000177.283, 175
Trd, 000177.317, 172
Trd, 000178.250, 175
Trd, 000178.300, 173
Trd, 000178.583, 176
Trd, 000179.100, 172
Trd, 000181.117, 176
Trd, 000182.117, 172
Trd, 000183.133, 174
Trd, 000183.150, 172
Trd, 000184.150, 183
Trd, 000184.367, 171
Trd, 000184.833, 169
Trd, 000185.267, 170
Trd, 000185.633, 176
Trd, 000186.883, 172
Trd, 000187.367, 174
Trd, 000187.517, 173
Trd, 000188.217, 173
Trd, 000188.450, 175
Trd, 000189.150, 177
Trd, 000190.350, 177
Trd, 000190.483, 175
Trd, 000191.250, 173
Trd, 000191.283, 171
Trd, 000191.850, 172
Trd, 000191.967, 181
Trd, 000192.817, 171
Trd, 000192.950, 170
Trd, 000193.783, 177
Trd, 000195.133, 173
Trd, 000196.083, 173
Trd, 000196.433, 184
Trd, 000198.167, 178
Trd, 000198.517, 175
Trd, 000198.550, 175
Trd, 000198.717, 181
Trd, 000199.683, 176
Trd, 000200.417, 175
Trd, 000200.500, 181
Trd, 000202.433, 173
Trd, 000202.683, 173
Trd, 000203.133, 181
Trd, 000203.617, 174
Trd, 000203.750, 185
Trd, 000203.817, 172
Trd, 000204.367, 168
Trd, 000204.550, 171
Trd, 000204.833, 172
Trd, 000205.267, 175
Trd, 000205.883, 173
Trd, 000206.300, 164
Trd, 000206.917, 181
Trd, 000207.633, 186
Trd, 000208.467, 173
Trd, 000208.933, 172
Trd, 000209.500, 172
Trd, 000209.900, 170
Trd, 000211.183, 179
Trd, 000211.517, 180
Trd, 000211.833, 179
Trd, 000212.067, 176
Trd, 000212.717, 174
Trd, 000212.733, 169
Trd, 000212.833, 177
Trd, 000215.200, 175
Trd, 000215.700, 173
Trd, 000216.550, 174
Trd, 000217.333, 173
Trd, 000217.400, 175
Trd, 000217.900, 176
Trd, 000218.000, 172
Trd, 000218.567, 186
Trd, 000220.017, 179
Trd, 000220.467, 178
Trd, 000221.000, 177
Trd, 000221.117, 182
Trd, 000221.800, 187
Trd, 000224.067, 181
Trd, 000224.200, 180
Trd, 000224.683, 180
Trd, 000224.783, 192
Trd, 000225.583, 178
Trd, 000226.600, 181
Trd, 000226.717, 180
Trd, 000227.600, 180
Trd, 000227.800, 179
Trd, 000228.783, 182
Trd, 000229.000, 183
Trd, 000229.067, 179
Trd, 000229.233, 178
Trd, 000229.367, 184
Trd, 000230.167, 174
Trd, 000230.483, 179
Trd, 000231.300, 183
Trd, 000231.850, 175
Trd, 000232.183, 172
Trd, 000232.633, 189
Trd, 000232.783, 174
Trd, 000232.883, 175
Trd, 000233.083, 174
Trd, 000233.417, 176
Trd, 000234.283, 176
Trd, 000236.250, 174
Trd, 000237.633, 179
Trd, 000237.950, 180
Trd, 000238.050, 177
Trd, 000238.583, 182
Trd, 000238.617, 176
Trd, 000239.233, 175
Trd, 000241.217, 179
Trd, 000241.617, 182
Trd, 000241.650, 180
Trd, 000241.717, 183
Trd, 000242.133, 181
Trd, 000242.950, 178
Trd, 000243.167, 180
Trd, 000243.617, 181
Trd, 000244.100, 179
Trd, 000244.867, 175
Trd, 000245.650, 181
Trd, 000245.750, 181
Trd, 000245.767, 182
Trd, 000245.783, 180
Trd, 000245.800, 178
Trd, 000246.833, 177
Trd, 000247.250, 180
Trd, 000248.017, 180
Trd, 000248.133, 179
Trd, 000248.717, 182
Trd, 000249.317, 178
Trd, 000249.517, 176
Trd, 000250.167, 176
Trd, 000250.233, 178
Trd, 000250.483, 177
Trd, 000251.133, 178
Trd, 000251.200, 176
Trd, 000251.217, 173
Trd, 000251.467, 176
Trd, 000251.500, 187
Trd, 000252.217, 175
Trd, 000253.150, 175
Trd, 000253.217, 174
Trd, 000253.617, 177
Trd, 000254.000, 174
Trd, 000254.650, 180
Trd, 000255.217, 180
Trd, 000255.417, 176
Trd, 000255.567, 173
Trd, 000255.783, 186
Trd, 000256.067, 170
Trd, 000256.350, 177
Trd, 000257.183, 177
Trd, 000257.617, 176
Trd, 000257.817, 179
Trd, 000257.850, 183
Trd, 000259.017, 190
Trd, 000259.517, 190
Trd, 000259.833, 189
Trd, 000260.200, 188
Trd, 000260.533, 185
Trd, 000260.667, 196
Trd, 000261.433, 184
Trd, 000261.450, 179
Trd, 000262.033, 177
Trd, 000262.883, 179
Trd, 000263.133, 177
Trd, 000263.850, 176
Trd, 000264.417, 171
Trd, 000264.767, 175
Trd, 000265.617, 174
Trd, 000265.683, 176
Trd, 000265.850, 178
Trd, 000267.367, 188
Trd, 000267.483, 180
Trd, 000267.550, 178
Trd, 000267.950, 177
Trd, 000268.317, 177
Trd, 000269.183, 181
Trd, 000269.733, 180
Trd, 000269.833, 179
Trd, 000269.900, 183
Trd, 000270.267, 183
Trd, 000271.067, 181
Trd, 000272.433, 192
Trd, 000273.033, 183
Trd, 000273.133, 182
Trd, 000273.733, 181
Trd, 000274.400, 182
Trd, 000274.417, 185
Trd, 000274.550, 181
Trd, 000274.600, 180
Trd, 000274.700, 178
Trd, 000275.783, 180
Trd, 000276.117, 179
Trd, 000276.133, 181
Trd, 000276.267, 179
Trd, 000276.700, 186
Trd, 000276.750, 184
Trd, 000277.033, 180
Trd, 000277.467, 181
Trd, 000278.233, 181
Trd, 000278.983, 190
Trd, 000279.200, 193
Trd, 000279.317, 189
Trd, 000279.717, 196
Trd, 000280.400, 194
Trd, 000280.683, 193
Trd, 000281.167, 192
Trd, 000281.983, 185
Trd, 000282.467, 179
Trd, 000282.550, 189
Trd, 000282.583, 181
Trd, 000282.800, 190
Trd, 000283.000, 200
Trd, 000284.000, 192
Trd, 000285.050, 191
Trd, 000285.450, 191
Trd, 000285.583, 190
Trd, 000286.200, 189
Trd, 000286.600, 189
Trd, 000287.533, 177
Trd, 000287.950, 181
Trd, 000288.100, 189
Trd, 000288.133, 176
Trd, 000289.167, 181
Trd, 000289.467, 181
Trd, 000289.550, 180
Trd, 000289.950, 182
Trd, 000290.133, 177
Trd, 000290.233, 173
Trd, 000290.417, 169
Trd, 000290.550, 183
Trd, 000290.883, 183
Trd, 000291.367, 175
Trd, 000292.033, 184
Trd, 000292.717, 180
Trd, 000293.333, 179
Trd, 000293.683, 180
Trd, 000293.833, 183
Trd, 000294.033, 179
Trd, 000294.633, 180
Trd, 000294.700, 179
Trd, 000295.733, 187
Trd, 000295.950, 192
Trd, 000296.000, 194
Trd, 000296.483, 191
Trd, 000296.767, 199
Trd, 000296.933, 185
Trd, 000298.067, 186
Trd, 000299.133, 186
Trd, 000299.283, 185
Trd, 000299.350, 185
Trd, 000299.517, 190
