Trd, 000001.250, 117
Trd, 000001.450, 166
Trd, 000001.950, 135
Trd, 000003.350, 172
Trd, 000003.783, 140
Trd, 000005.883, 153
Trd, 000006.550, 153
Trd, 000007.633, 150
Trd, 000007.717, 151
Trd, 000008.067, 150
Trd, 000008.867, 153
Trd, 000008.967, 154
Trd, 000009.817, 159
Trd, 000010.333, 159
Trd, 000010.983, 163
Trd, 000011.650, 161
Trd, 000011.717, 160
Trd, 000012.400, 155
Trd, 000014.567, 155
Trd, 000014.733, 151
Trd, 000015.783, 152
Trd, 000015.867, 153
Trd, 000016.717, 151
Trd, 000017.650, 155
Trd, 000017.883, 151
Trd, 000018.183, 157
Trd, 000018.767, 160
Trd, 000021.133, 161
Trd, 000021.367, 165
Trd, 000022.567, 165
Trd, 000022.733, 168
Trd, 000024.150, 167
Trd, 000024.250, 170
Trd, 000024.717, 166
Trd, 000025.067, 174
Trd, 000026.050, 167
Trd, 000026.117, 172
Trd, 000027.017, 167
Trd, 000029.267, 167
Trd, 000029.750, 165
Trd, 000030.433, 166
Trd, 000030.633, 167
Trd, 000030.767, 169
Trd, 000030.850, 164
Trd, 000032.550, 161
Trd, 000033.017, 162
Trd, 000033.150, 165
Trd, 000034.050, 167
Trd, 000034.083, 166
Trd, 000035.733, 168
Trd, 000036.083, 168
Trd, 000036.300, 165
Trd, 000036.683, 166
Trd, 000038.267, 167
Trd, 000038.617, 168
Trd, 000038.867, 166
Trd, 000039.067, 166
Trd, 000039.300, 168
Trd, 000039.667, 162
Trd, 000040.817, 159
Trd, 000041.283, 158
Trd, 000042.083, 165
Trd, 000043.267, 164
Trd, 000043.783, 166
Trd, 000043.817, 164
Trd, 000044.517, 166
Trd, 000044.733, 164
Trd, 000045.417, 167
Trd, 000045.450, 172
Trd, 000045.767, 162
Trd, 000045.800, 158
Trd, 000047.950, 149
Trd, 000048.933, 160
Trd, 000049.267, 160
Trd, 000050.433, 157
Trd, 000050.733, 158
Trd, 000050.833, 167
Trd, 000051.667, 163
Trd, 000052.800, 179
Trd, 000053.067, 170
Trd, 000053.217, 162
Trd, 000053.950, 160
Trd, 000055.117, 163
Trd, 000055.617, 161
Trd, 000055.650, 163
Trd, 000056.450, 163
Trd, 000056.567, 165
Trd, 000056.600, 167
Trd, 000057.333, 169
Trd, 000057.633, 167
Trd, 000057.800, 160
Trd, 000058.350, 171
Trd, 000058.917, 172
Trd, 000059.550, 164
Trd, 000060.050, 163
Trd, 000061.367, 167
Trd, 000062.050, 165
Trd, 000063.017, 165
Trd, 000063.300, 168
Trd, 000063.600, 163
Trd, 000063.783, 168
Trd, 000064.217, 165
Trd, 000065.767, 174
Trd, 000066.283, 164
Trd, 000066.650, 171
Trd, 000067.500, 172
Trd, 000067.733, 165
Trd, 000070.317, 170
Trd, 000070.883, 166
Trd, 000071.733, 167
Trd, 000071.900, 165
Trd, 000072.100, 167
Trd, 000072.300, 167
Trd, 000073.000, 162
Trd, 000073.850, 166
Trd, 000074.600, 163
Trd, 000074.783, 163
Trd, 000075.267, 165
Trd, 000075.783, 162
Trd, 000076.700, 161
Trd, 000079.283, 163
Trd, 000079.517, 164
Trd, 000079.583, 162
Trd, 000080.000, 165
Trd, 000080.333, 165
Trd, 000080.533, 166
Trd, 000080.667, 154
Trd, 000081.250, 170
Trd, 000082.117, 175
Trd, 000082.550, 176
Trd, 000083.467, 174
Trd, 000084.317, 172
Trd, 000084.867, 169
Trd, 000085.250, 172
Trd, 000085.783, 170
Trd, 000086.117, 163
Trd, 000086.600, 162
Trd, 000086.767, 167
Trd, 000087.267, 168
Trd, 000087.967, 167
Trd, 000088.633, 154
Trd, 000088.867, 167
Trd, 000088.917, 168
Trd, 000089.567, 172
Trd, 000090.950, 169
Trd, 000091.917, 167
Trd, 000093.200, 172
Trd, 000094.150, 168
Trd, 000094.633, 164
Trd, 000095.467, 170
Trd, 000095.683, 164
Trd, 000096.483, 162
Trd, 000097.400, 162
Trd, 000097.833, 164
Trd, 000098.633, 163
Trd, 000098.833, 178
Trd, 000098.900, 162
Trd, 000099.767, 165
Trd, 000099.950, 167
Trd, 000100.117, 168
Trd, 000100.217, 164
Trd, 000101.167, 169
Trd, 000102.717, 170
Trd, 000103.350, 172
Trd, 000103.467, 178
Trd, 000103.900, 176
Trd, 000104.117, 174
Trd, 000104.483, 171
Trd, 000105.433, 174
Trd, 000105.917, 169
Trd, 000106.933, 173
Trd, 000108.450, 172
Trd, 000108.533, 171
Trd, 000108.867, 175
Trd, 000108.933, 179
Trd, 000110.700, 170
Trd, 000111.467, 167
Trd, 000111.933, 167
Trd, 000112.633, 167
Trd, 000113.600, 167
Trd, 000113.683, 165
Trd, 000114.233, 168
Trd, 000115.217, 163
Trd, 000115.500, 162
Trd, 000115.883, 166
Trd, 000116.633, 173
Trd, 000117.583, 166
Trd, 000118.150, 175
Trd, 000118.900, 175
Trd, 000120.083, 174
Trd, 000120.250, 177
Trd, 000120.583, 170
Trd, 000120.733, 178
Trd, 000121.967, 169
Trd, 000122.417, 168
Trd, 000122.567, 169
Trd, 000122.650, 170
Trd, 000123.217, 174
Trd, 000124.450, 169
Trd, 000125.417, 168
Trd, 000125.900, 167
Trd, 000126.017, 171
Trd, 000126.250, 176
Trd, 000126.717, 179
Trd, 000126.867, 171
Trd, 000127.300, 180
Trd, 000128.233, 171
Trd, 000128.317, 181
Trd, 000128.400, 181
Trd, 000128.517, 169
Trd, 000130.300, 168
Trd, 000131.800, 171
Trd, 000132.300, 170
Trd, 000132.967, 174
Trd, 000133.450, 175
Trd, 000133.517, 176
Trd, 000134.417, 170
Trd, 000134.917, 171
Trd, 000135.650, 169
Trd, 000135.867, 170
Trd, 000136.467, 171
Trd, 000136.483, 172
Trd, 000136.567, 175
Trd, 000137.700, 179
Trd, 000138.867, 178
Trd, 000138.967, 176
Trd, 000139.350, 177
Trd, 000139.617, 177
Trd, 000139.700, 181
Trd, 000139.750, 167
Trd, 000141.967, 176
Trd, 000143.100, 177
Trd, 000144.233, 178
Trd, 000144.450, 175
Trd, 000145.567, 175
Trd, 000146.267, 174
Trd, 000146.567, 176
Trd, 000147.233, 175
Trd, 000147.450, 175
Trd, 000148.150, 175
Trd, 000149.750, 177
Trd, 000149.783, 178
Trd, 000149.817, 183
Trd, 000150.450, 178
Trd, 000150.783, 177
Trd, 000151.117, 175
Trd, 000151.333, 173
Trd, 000152.167, 183
Trd, 000152.533, 184
Trd, 000153.450, 171
Trd, 000153.683, 185
Trd, 000154.533, 182
Trd, 000154.700, 175
Trd, 000155.183, 172
Trd, 000156.583, 178
Trd, 000157.617, 177
Trd, 000158.767, 173
Trd, 000158.867, 177
Trd, 000159.867, 171
Trd, 000160.067, 170
Trd, 000160.917, 177
Trd, 000160.967, 178
Trd, 000162.050, 177
Trd, 000162.483, 174
Trd, 000162.567, 169
Trd, 000163.650, 173
Trd, 000163.883, 170
Trd, 000164.283, 171
Trd, 000164.400, 173
Trd, 000165.967, 175
Trd, 000168.283, 174
Trd, 000169.100, 177
Trd, 000169.267, 185
Trd, 000169.433, 176
Trd, 000169.717, 181
Trd, 000170.217, 174
Trd, 000171.333, 176
Trd, 000171.417, 177
Trd, 000172.317, 177
Trd, 000172.967, 178
Trd, 000173.233, 176
Trd, 000174.083, 174
Trd, 000174.383, 175
Trd, 000175.233, 171
Trd, 000175.900, 175
Trd, 000176.250, 171
Trd, 000176.300, 177
Trd, 000176.917, 176
Trd, 000177.383, 171
Trd, 000177.417, 178
Trd, 000177.433, 179
Trd, 000180.067, 173
Trd, 000180.283, 174
Trd, 000181.017, 176
Trd, 000181.300, 175
Trd, 000181.350, 173
Trd, 000181.767, 172
Trd, 000182.333, 171
Trd, 000183.700, 171
Trd, 000184.900, 173
Trd, 000184.983, 172
Trd, 000185.633, 175
Trd, 000186.017, 176
Trd, 000186.467, 176
Trd, 000187.350, 178
Trd, 000187.500, 180
Trd, 000187.817, 179
Trd, 000188.600, 187
Trd, 000189.233, 187
Trd, 000189.600, 179
Trd, 000189.783, 177
Trd, 000189.883, 186
Trd, 000191.517, 180
Trd, 000191.950, 180
Trd, 000191.983, 181
Trd, 000193.267, 180
Trd, 000193.817, 179
Trd, 000194.617, 179
Trd, 000194.767, 179
Trd, 000195.033, 179
Trd, 000195.050, 177
Trd, 000195.917, 177
Trd, 000196.033, 176
Trd, 000196.517, 178
Trd, 000198.033, 174
Trd, 000198.117, 176
Trd, 000198.400, 173
Trd, 000199.117, 176
Trd, 000199.633, 171
Trd, 000199.917, 170
Trd, 000200.233, 165
Trd, 000201.417, 167
Trd, 000201.617, 168
Trd, 000201.867, 170
Trd, 000202.283, 170
Trd, 000204.567, 170
Trd, 000204.650, 164
Trd, 000204.767, 172
Trd, 000206.017, 169
Trd, 000206.300, 169
Trd, 000206.467, 170
Trd, 000207.667, 173
Trd, 000207.700, 171
Trd, 000209.467, 175
Trd, 000210.683, 175
Trd, 000210.883, 173
Trd, 000211.367, 182
Trd, 000211.883, 181
Trd, 000211.900, 179
Trd, 000212.117, 179
Trd, 000212.300, 174
Trd, 000213.917, 178
Trd, 000214.183, 179
Trd, 000214.267, 179
Trd, 000214.367, 184
Trd, 000215.150, 177
Trd, 000216.333, 178
Trd, 000216.367, 180
Trd, 000216.933, 179
Trd, 000217.750, 180
Trd, 000217.850, 181
Trd, 000218.083, 180
Trd, 000218.700, 177
Trd, 000219.083, 183
Trd, 000219.750, 176
Trd, 000220.400, 166
Trd, 000220.867, 185
Trd, 000222.133, 168
Trd, 000222.183, 176
Trd, 000222.900, 175
Trd, 000223.750, 187
Trd, 000224.100, 173
Trd, 000225.867, 175
Trd, 000226.383, 176
Trd, 000226.633, 177
Trd, 000226.683, 178
Trd, 000227.167, 181
Trd, 000227.633, 181
Trd, 000227.967, 185
Trd, 000229.017, 184
Trd, 000230.033, 186
Trd, 000230.467, 186
Trd, 000230.483, 184
Trd, 000231.883, 184
Trd, 000232.317, 181
Trd, 000232.383, 180
Trd, 000233.800, 181
Trd, 000234.433, 177
Trd, 000234.550, 180
Trd, 000234.833, 179
Trd, 000234.983, 180
Trd, 000236.567, 177
Trd, 000237.417, 174
Trd, 000237.433, 177
Trd, 000237.933, 178
Trd, 000238.267, 182
Trd, 000239.483, 180
Trd, 000239.600, 185
Trd, 000240.283, 184
Trd, 000240.667, 184
Trd, 000241.133, 183
Trd, 000241.517, 187
Trd, 000241.567, 186
Trd, 000241.967, 183
Trd, 000242.033, 185
Trd, 000242.067, 183
Trd, 000243.100, 182
Trd, 000243.933, 182
Trd, 000244.050, 183
Trd, 000244.683, 181
Trd, 000245.283, 181
Trd, 000246.300, 183
Trd, 000246.433, 186
Trd, 000247.100, 180
Trd, 000247.950, 181
Trd, 000248.383, 181
Trd, 000248.950, 181
Trd, 000249.350, 180
Trd, 000249.950, 182
Trd, 000250.067, 183
Trd, 000250.267, 179
Trd, 000250.417, 179
Trd, 000250.583, 176
Trd, 000250.700, 180
Trd, 000251.967, 180
Trd, 000252.117, 183
Trd, 000252.617, 181
Trd, 000253.467, 180
Trd, 000253.617, 179
Trd, 000253.900, 178
Trd, 000254.150, 177
Trd, 000254.467, 177
Trd, 000255.133, 178
Trd, 000256.000, 176
Trd, 000256.467, 179
Trd, 000256.650, 177
Trd, 000257.017, 180
Trd, 000257.333, 180
Trd, 000257.417, 177
Trd, 000257.800, 177
Trd, 000258.567, 179
Trd, 000258.617, 180
Trd, 000259.233, 184
Trd, 000259.683, 184
Trd, 000259.783, 188
Trd, 000260.550, 191
Trd, 000260.567, 189
Trd, 000260.733, 187
Trd, 000260.950, 187
Trd, 000261.350, 188
Trd, 000261.650, 185
Trd, 000261.800, 191
Trd, 000262.133, 181
Trd, 000262.250, 184
Trd, 000262.533, 181
Trd, 000263.300, 189
Trd, 000264.133, 186
Trd, 000264.750, 189
Trd, 000265.333, 190
Trd, 000265.767, 189
Trd, 000265.817, 191
Trd, 000266.250, 186
Trd, 000266.300, 183
Trd, 000266.533, 182
Trd, 000267.033, 183
Trd, 000267.333, 187
Trd, 000268.017, 181
Trd, 000268.817, 173
Trd, 000268.833, 182
Trd, 000269.550, 180
Trd, 000269.967, 180
Trd, 000270.067, 178
Trd, 000270.800, 174
Trd, 000271.150, 176
Trd, 000272.017, 182
Trd, 000272.100, 182
Trd, 000272.967, 187
Trd, 000273.433, 184
Trd, 000273.517, 175
Trd, 000274.083, 181
Trd, 000274.283, 179
Trd, 000274.850, 181
Trd, 000274.933, 182
Trd, 000274.983, 183
Trd, 000275.033, 180
Trd, 000275.200, 184
Trd, 000276.817, 181
Trd, 000277.067, 180
Trd, 000277.217, 179
Trd, 000277.483, 179
Trd, 000278.400, 177
Trd, 000278.683, 181
Trd, 000278.967, 177
Trd, 000279.167, 180
Trd, 000279.267, 182
Trd, 000281.050, 181
Trd, 000281.133, 183
Trd, 000281.700, 183
Trd, 000281.717, 184
Trd, 000282.033, 189
Trd, 000282.883, 185
Trd, 000283.367, 184
Trd, 000283.400, 180
Trd, 000283.967, 183
Trd, 000284.167, 180
Trd, 000284.267, 179
Trd, 000284.383, 185
Trd, 000284.517, 186
Trd, 000284.867, 186
Trd, 000285.000, 196
Trd, 000286.367, 187
Trd, 000286.733, 192
Trd, 000287.383, 183
Trd, 000287.983, 183
Trd, 000288.283, 184
Trd, 000289.433, 186
Trd, 000289.567, 182
Trd, 000289.650, 187
Trd, 000289.950, 180
Trd, 000290.133, 182
Trd, 000290.267, 187
Trd, 000290.517, 180
Trd, 000290.617, 187
Trd, 000291.050, 187
Trd, 000292.417, 180
Trd, 000293.150, 191
Trd, 000293.983, 185
Trd, 000294.333, 185
Trd, 000294.367, 181
Trd, 000294.550, 177
Trd, 000295.017, 186
Trd, 000295.217, 181
Trd, 000295.267, 187
Trd, 000295.467, 180
Trd, 000295.850, 187
Trd, 000296.183, 187
Trd, 000296.300, 197
Trd, 000297.033, 185
Trd, 000297.050, 198
Trd, 000297.667, 201
Trd, 000298.283, 190
Trd, 000298.750, 184
Trd, 000298.917, 184
Trd, 000299.350, 193
Trd, 000299.483, 191
Trd, 000299.750, 184
Trd, 000299.967, 184
