Trd, 000001.150, 172
Trd, 000001.550, 155
Trd, 000002.350, 140
Trd, 000003.117, 134
Trd, 000003.367, 141
Trd, 000004.683, 145
Trd, 000004.883, 147
Trd, 000005.283, 144
Trd, 000006.967, 149
Trd, 000007.917, 145
Trd, 000008.067, 149
Trd, 000008.383, 162
Trd, 000008.950, 149
Trd, 000008.967, 155
Trd, 000009.300, 156
Trd, 000010.117, 154
Trd, 000010.433, 156
Trd, 000011.067, 156
Trd, 000012.283, 154
Trd, 000012.300, 152
Trd, 000012.583, 155
Trd, 000013.567, 160
Trd, 000013.967, 161
Trd, 000015.217, 161
Trd, 000015.867, 156
Trd, 000016.167, 155
Trd, 000016.667, 153
Trd, 000017.483, 162
Trd, 000017.750, 163
Trd, 000017.900, 164
Trd, 000017.983, 153
Trd, 000018.833, 155
Trd, 000019.450, 166
Trd, 000020.967, 157
Trd, 000021.150, 162
Trd, 000021.600, 150
Trd, 000021.783, 146
Trd, 000022.017, 143
Trd, 000023.450, 157
Trd, 000023.733, 158
Trd, 000024.017, 164
Trd, 000024.633, 170
Trd, 000025.000, 174
Trd, 000025.250, 173
Trd, 000025.283, 176
Trd, 000025.700, 156
Trd, 000025.983, 157
Trd, 000027.317, 156
Trd, 000027.950, 161
Trd, 000028.000, 163
Trd, 000030.167, 154
Trd, 000030.733, 157
Trd, 000031.250, 157
Trd, 000031.317, 158
Trd, 000031.667, 158
Trd, 000032.200, 159
Trd, 000032.817, 161
Trd, 000033.183, 156
Trd, 000033.483, 155
Trd, 000034.767, 161
Trd, 000034.917, 159
Trd, 000035.317, 158
Trd, 000035.517, 155
Trd, 000035.917, 161
Trd, 000036.533, 161
Trd, 000037.317, 155
Trd, 000037.933, 158
Trd, 000039.517, 158
Trd, 000039.800, 156
Trd, 000040.283, 156
Trd, 000040.417, 155
Trd, 000040.450, 158
Trd, 000040.800, 159
Trd, 000042.083, 151
Trd, 000042.433, 148
Trd, 000042.767, 157
Trd, 000043.233, 157
Trd, 000043.267, 159
Trd, 000044.633, 155
Trd, 000045.500, 157
Trd, 000045.717, 156
Trd, 000046.017, 154
Trd, 000046.267, 157
Trd, 000047.350, 155
Trd, 000047.800, 164
Trd, 000048.317, 162
Trd, 000048.883, 166
Trd, 000049.233, 158
Trd, 000050.100, 158
Trd, 000050.150, 165
Trd, 000051.150, 158
Trd, 000051.600, 160
Trd, 000051.850, 163
Trd, 000052.350, 166
Trd, 000052.750, 167
Trd, 000053.300, 157
Trd, 000053.583, 156
Trd, 000054.033, 161
Trd, 000054.317, 152
Trd, 000054.400, 161
Trd, 000054.417, 163
Trd, 000054.667, 169
Trd, 000055.683, 157
Trd, 000056.150, 161
Trd, 000056.650, 167
Trd, 000057.133, 157
Trd, 000058.483, 161
Trd, 000059.183, 158
Trd, 000059.317, 157
Trd, 000060.533, 159
Trd, 000060.900, 159
Trd, 000061.600, 156
Trd, 000061.700, 161
Trd, 000062.283, 154
Trd, 000063.117, 148
Trd, 000063.450, 149
Trd, 000063.483, 152
Trd, 000063.550, 154
Trd, 000063.950, 154
Trd, 000065.550, 155
Trd, 000066.233, 161
Trd, 000066.500, 153
Trd, 000066.583, 166
Trd, 000066.633, 161
Trd, 000067.450, 155
Trd, 000069.300, 159
Trd, 000069.383, 162
Trd, 000070.150, 166
Trd, 000070.267, 164
Trd, 000070.717, 159
Trd, 000070.867, 158
Trd, 000071.900, 163
Trd, 000072.850, 154
Trd, 000072.867, 148
Trd, 000074.583, 155
Trd, 000075.000, 157
Trd, 000075.550, 160
Trd, 000075.950, 160
Trd, 000076.033, 159
Trd, 000076.617, 162
Trd, 000076.983, 158
Trd, 000077.667, 169
Trd, 000077.933, 163
Trd, 000078.300, 158
Trd, 000079.267, 170
Trd, 000079.450, 168
Trd, 000079.883, 170
Trd, 000080.667, 169
Trd, 000080.900, 165
Trd, 000081.083, 169
Trd, 000081.517, 170
Trd, 000081.917, 169
Trd, 000083.533, 167
Trd, 000083.550, 166
Trd, 000084.300, 168
Trd, 000084.367, 166
Trd, 000084.783, 164
Trd, 000084.867, 161
Trd, 000085.067, 160
Trd, 000085.217, 168
Trd, 000086.367, 168
Trd, 000086.400, 171
Trd, 000086.633, 159
Trd, 000088.467, 175
Trd, 000089.250, 160
Trd, 000089.600, 172
Trd, 000090.750, 168
Trd, 000090.767, 169
Trd, 000090.900, 168
Trd, 000091.050, 170
Trd, 000091.717, 172
Trd, 000092.733, 168
Trd, 000092.833, 169
Trd, 000092.967, 168
Trd, 000093.200, 168
Trd, 000093.400, 167
Trd, 000093.583, 170
Trd, 000093.917, 162
Trd, 000094.833, 170
Trd, 000095.250, 167
Trd, 000097.250, 167
Trd, 000097.500, 170
Trd, 000098.183, 168
Trd, 000098.283, 160
Trd, 000098.483, 170
Trd, 000098.583, 171
Trd, 000099.250, 166
Trd, 000099.333, 154
Trd, 000099.733, 169
Trd, 000100.083, 169
Trd, 000100.700, 165
Trd, 000100.783, 170
Trd, 000101.467, 151
Trd, 000102.017, 171
Trd, 000103.233, 151
Trd, 000103.600, 165
Trd, 000104.433, 165
Trd, 000104.517, 172
Trd, 000104.600, 161
Trd, 000105.300, 160
Trd, 000105.550, 154
Trd, 000106.217, 166
Trd, 000106.767, 176
Trd, 000107.350, 151
Trd, 000107.417, 152
Trd, 000107.783, 156
Trd, 000107.950, 151
Trd, 000108.700, 165
Trd, 000108.833, 166
Trd, 000110.717, 166
Trd, 000111.067, 168
Trd, 000111.083, 173
Trd, 000111.717, 169
Trd, 000111.883, 169
Trd, 000111.933, 179
Trd, 000112.583, 177
Trd, 000112.850, 168
Trd, 000112.917, 162
Trd, 000114.267, 179
Trd, 000116.350, 173
Trd, 000116.517, 165
Trd, 000118.083, 165
Trd, 000118.100, 170
Trd, 000118.117, 172
Trd, 000119.450, 172
Trd, 000119.500, 166
Trd, 000120.600, 163
Trd, 000120.850, 171
Trd, 000121.033, 160
Trd, 000121.633, 168
Trd, 000121.700, 161
Trd, 000122.433, 170
Trd, 000122.783, 162
Trd, 000123.000, 156
Trd, 000123.600, 164
Trd, 000124.100, 166
Trd, 000124.267, 166
Trd, 000124.717, 166
Trd, 000126.233, 167
Trd, 000126.517, 174
Trd, 000127.133, 180
Trd, 000129.583, 169
Trd, 000129.817, 175
Trd, 000130.200, 165
Trd, 000130.300, 174
Trd, 000130.817, 164
Trd, 000131.767, 170
Trd, 000132.100, 173
Trd, 000132.733, 167
Trd, 000132.750, 175
Trd, 000132.767, 164
Trd, 000133.183, 170
Trd, 000135.433, 166
Trd, 000135.450, 167
Trd, 000136.067, 166
Trd, 000136.183, 169
Trd, 000136.250, 165
Trd, 000136.667, 169
Trd, 000137.300, 175
Trd, 000138.483, 164
Trd, 000138.517, 163
Trd, 000140.067, 166
Trd, 000140.367, 165
Trd, 000140.600, 164
Trd, 000141.217, 164
Trd, 000141.283, 158
Trd, 000141.500, 165
Trd, 000141.917, 169
Trd, 000142.967, 175
Trd, 000142.983, 176
Trd, 000143.417, 181
Trd, 000143.983, 182
Trd, 000144.467, 179
Trd, 000144.500, 176
Trd, 000144.633, 163
Trd, 000146.200, 166
Trd, 000146.967, 169
Trd, 000147.900, 156
Trd, 000148.450, 159
Trd, 000148.600, 150
Trd, 000148.667, 182
Trd, 000148.733, 149
Trd, 000149.600, 170
Trd, 000149.833, 187
Trd, 000150.450, 168
Trd, 000151.317, 172
Trd, 000151.883, 169
Trd, 000152.067, 168
Trd, 000153.200, 167
Trd, 000153.967, 167
Trd, 000154.333, 159
Trd, 000154.417, 167
Trd, 000154.467, 169
Trd, 000155.317, 170
Trd, 000155.583, 166
Trd, 000156.117, 170
Trd, 000156.133, 169
Trd, 000156.717, 160
Trd, 000156.767, 159
Trd, 000157.267, 156
Trd, 000157.300, 149
Trd, 000157.383, 177
Trd, 000158.000, 178
Trd, 000159.200, 175
Trd, 000159.367, 176
Trd, 000160.467, 168
Trd, 000160.700, 171
Trd, 000161.000, 174
Trd, 000161.850, 171
Trd, 000162.900, 170
Trd, 000163.450, 171
Trd, 000163.700, 171
Trd, 000163.717, 168
Trd, 000163.767, 167
Trd, 000163.867, 178
Trd, 000164.367, 160
Trd, 000164.933, 161
Trd, 000166.983, 173
Trd, 000167.550, 158
Trd, 000167.867, 140
Trd, 000168.100, 174
Trd, 000168.400, 169
Trd, 000168.967, 171
Trd, 000169.017, 184
Trd, 000169.100, 168
Trd, 000169.167, 167
Trd, 000169.200, 185
Trd, 000169.900, 164
Trd, 000171.050, 161
Trd, 000171.467, 176
Trd, 000173.050, 176
Trd, 000173.133, 177
Trd, 000173.217, 178
Trd, 000173.967, 180
Trd, 000174.317, 184
Trd, 000175.483, 174
Trd, 000175.933, 169
Trd, 000175.967, 168
Trd, 000176.333, 182
Trd, 000176.583, 163
Trd, 000177.717, 168
Trd, 000178.367, 168
Trd, 000179.050, 167
Trd, 000179.467, 167
Trd, 000180.500, 166
Trd, 000180.533, 166
Trd, 000180.633, 166
Trd, 000180.850, 167
Trd, 000181.133, 169
Trd, 000181.450, 166
Trd, 000181.750, 163
Trd, 000182.717, 172
Trd, 000183.400, 172
Trd, 000183.850, 162
Trd, 000184.833, 159
Trd, 000185.233, 157
Trd, 000185.683, 162
Trd, 000186.033, 181
Trd, 000186.333, 184
Trd, 000186.433, 181
Trd, 000187.350, 177
Trd, 000187.517, 166
Trd, 000188.383, 179
Trd, 000189.817, 166
Trd, 000189.867, 177
Trd, 000190.283, 174
Trd, 000190.717, 177
Trd, 000190.783, 170
Trd, 000191.683, 170
Trd, 000191.933, 173
Trd, 000192.117, 168
Trd, 000192.350, 168
Trd, 000192.533, 168
Trd, 000194.267, 175
Trd, 000194.617, 178
Trd, 000195.217, 187
Trd, 000195.650, 185
Trd, 000196.067, 175
Trd, 000196.433, 179
Trd, 000196.617, 174
Trd, 000197.050, 181
Trd, 000198.267, 182
Trd, 000199.367, 175
Trd, 000199.650, 179
Trd, 000199.717, 180
Trd, 000199.900, 182
Trd, 000200.917, 176
Trd, 000201.067, 175
Trd, 000201.983, 181
Trd, 000202.083, 182
Trd, 000202.400, 182
Trd, 000203.933, 193
Trd, 000204.817, 171
Trd, 000204.950, 175
Trd, 000206.033, 168
Trd, 000206.067, 164
Trd, 000206.317, 167
Trd, 000206.983, 167
Trd, 000207.000, 168
Trd, 000207.150, 162
Trd, 000207.450, 155
Trd, 000208.617, 162
Trd, 000208.783, 163
Trd, 000208.833, 164
Trd, 000209.967, 160
Trd, 000210.333, 167
Trd, 000210.783, 172
Trd, 000211.567, 164
Trd, 000212.167, 167
Trd, 000212.900, 165
Trd, 000213.633, 166
Trd, 000213.683, 165
Trd, 000215.383, 157
Trd, 000215.567, 155
Trd, 000215.633, 168
Trd, 000215.700, 169
Trd, 000216.483, 171
Trd, 000216.617, 177
Trd, 000216.733, 155
Trd, 000216.933, 176
Trd, 000217.467, 163
Trd, 000217.550, 184
Trd, 000218.717, 170
Trd, 000218.883, 166
Trd, 000220.167, 155
Trd, 000220.767, 156
Trd, 000220.967, 174
Trd, 000221.067, 177
Trd, 000221.250, 190
Trd, 000221.800, 188
Trd, 000222.783, 187
Trd, 000223.417, 185
Trd, 000223.550, 176
Trd, 000223.583, 173
Trd, 000224.217, 186
Trd, 000224.800, 182
Trd, 000225.883, 187
Trd, 000227.033, 183
Trd, 000227.050, 181
Trd, 000228.050, 182
Trd, 000228.183, 173
Trd, 000228.533, 180
Trd, 000228.667, 181
Trd, 000229.233, 191
Trd, 000229.367, 195
Trd, 000229.650, 167
Trd, 000230.067, 185
Trd, 000230.817, 178
Trd, 000231.217, 174
Trd, 000231.517, 180
Trd, 000231.900, 181
Trd, 000232.100, 185
Trd, 000233.683, 189
Trd, 000233.917, 173
Trd, 000233.983, 190
Trd, 000234.833, 170
Trd, 000235.233, 167
Trd, 000235.317, 167
Trd, 000237.167, 175
Trd, 000237.317, 178
Trd, 000237.517, 166
Trd, 000238.517, 174
Trd, 000239.250, 176
Trd, 000240.033, 175
Trd, 000240.233, 173
Trd, 000240.633, 170
Trd, 000240.883, 170
Trd, 000240.917, 172
Trd, 000241.050, 174
Trd, 000241.433, 178
Trd, 000242.300, 181
Trd, 000242.417, 182
Trd, 000242.950, 180
Trd, 000243.217, 182
Trd, 000243.350, 179
Trd, 000243.850, 175
Trd, 000244.083, 180
Trd, 000245.550, 176
Trd, 000245.833, 174
Trd, 000246.317, 174
Trd, 000246.617, 170
Trd, 000247.233, 168
Trd, 000247.467, 171
Trd, 000247.817, 173
Trd, 000248.117, 168
Trd, 000248.267, 169
Trd, 000249.100, 166
Trd, 000249.383, 160
Trd, 000249.550, 161
Trd, 000249.617, 164
Trd, 000251.550, 167
Trd, 000251.717, 169
Trd, 000252.717, 170
Trd, 000252.800, 169
Trd, 000253.233, 170
Trd, 000253.267, 166
Trd, 000254.950, 170
Trd, 000255.283, 167
Trd, 000255.767, 165
Trd, 000255.967, 166
Trd, 000256.250, 167
Trd, 000256.883, 167
Trd, 000256.950, 169
Trd, 000256.983, 171
Trd, 000257.350, 166
Trd, 000257.733, 174
Trd, 000258.217, 173
Trd, 000258.700, 172
Trd, 000259.117, 172
Trd, 000259.233, 170
Trd, 000259.517, 181
Trd, 000260.150, 172
Trd, 000260.667, 176
Trd, 000260.817, 170
Trd, 000261.533, 170
Trd, 000262.383, 173
Trd, 000262.517, 169
Trd, 000262.817, 174
Trd, 000263.233, 174
Trd, 000263.250, 171
Trd, 000263.550, 174
Trd, 000264.733, 171
Trd, 000265.033, 178
Trd, 000265.300, 170
Trd, 000266.067, 171
Trd, 000266.283, 167
Trd, 000266.483, 173
Trd, 000266.583, 174
Trd, 000267.117, 176
Trd, 000267.150, 174
Trd, 000267.167, 177
Trd, 000267.533, 173
Trd, 000267.917, 178
Trd, 000268.000, 170
Trd, 000268.183, 182
Trd, 000269.483, 178
Trd, 000270.150, 177
Trd, 000271.033, 180
Trd, 000271.433, 171
Trd, 000271.450, 176
Trd, 000271.600, 170
Trd, 000272.717, 173
Trd, 000272.783, 169
Trd, 000272.983, 174
Trd, 000273.317, 169
Trd, 000273.433, 174
Trd, 000273.900, 168
Trd, 000274.000, 169
Trd, 000274.650, 171
Trd, 000274.717, 171
Trd, 000275.183, 168
Trd, 000276.100, 172
Trd, 000276.533, 172
Trd, 000276.567, 174
Trd, 000277.233, 167
Trd, 000277.950, 168
Trd, 000278.833, 173
Trd, 000278.933, 176
Trd, 000279.650, 179
Trd, 000280.550, 172
Trd, 000280.900, 173
Trd, 000281.050, 180
Trd, 000281.817, 177
Trd, 000281.867, 172
Trd, 000282.400, 179
Trd, 000282.983, 178
Trd, 000283.600, 169
Trd, 000283.833, 165
Trd, 000284.350, 169
Trd, 000284.367, 183
Trd, 000284.750, 179
Trd, 000285.117, 173
Trd, 000285.183, 188
Trd, 000285.283, 180
Trd, 000285.983, 167
Trd, 000286.150, 167
Trd, 000286.467, 168
Trd, 000286.583, 179
Trd, 000287.967, 179
Trd, 000288.100, 184
Trd, 000288.417, 187
Trd, 000288.800, 191
Trd, 000289.233, 175
Trd, 000289.383, 174
Trd, 000289.600, 172
Trd, 000290.750, 180
Trd, 000291.283, 182
Trd, 000291.317, 173
Trd, 000291.950, 172
Trd, 000291.983, 170
Trd, 000292.433, 173
Trd, 000292.700, 181
Trd, 000293.800, 177
Trd, 000294.167, 180
Trd, 000295.400, 172
Trd, 000295.500, 177
Trd, 000295.667, 168
Trd, 000295.883, 167
Trd, 000296.133, 169
Trd, 000296.283, 170
Trd, 000296.400, 181
Trd, 000296.517, 184
Trd, 000296.900, 171
Trd, 000297.117, 173
Trd, 000297.833, 182
Trd, 000298.133, 183
Trd, 000298.350, 185
Trd, 000298.633, 191
Trd, 000298.683, 184
Trd, 000298.767, 174
Trd, 000298.900, 163
Trd, 000299.133, 190
Trd, 000299.183, 181
Trd, 000299.500, 174
