Trd, 000001.517, 148
Trd, 000003.567, 162
Trd, 000003.617, 181
Trd, 000003.733, 146
Trd, 000004.317, 147
Trd, 000005.417, 156
Trd, 000006.400, 152
Trd, 000007.083, 152
Trd, 000007.183, 156
Trd, 000008.883, 163
Trd, 000008.983, 150
Trd, 000010.300, 155
Trd, 000010.967, 149
Trd, 000011.433, 153
Trd, 000012.367, 149
Trd, 000012.650, 150
Trd, 000013.733, 144
Trd, 000014.583, 146
Trd, 000015.183, 147
Trd, 000015.433, 146
Trd, 000015.533, 155
Trd, 000015.750, 149
Trd, 000016.850, 150
Trd, 000017.767, 145
Trd, 000017.817, 150
Trd, 000018.400, 149
Trd, 000018.750, 147
Trd, 000018.967, 150
Trd, 000019.333, 157
Trd, 000020.117, 146
Trd, 000020.183, 158
Trd, 000021.100, 168
Trd, 000021.250, 161
Trd, 000021.500, 151
Trd, 000021.733, 157
Trd, 000022.867, 156
Trd, 000023.733, 154
Trd, 000024.433, 156
Trd, 000024.517, 152
Trd, 000024.533, 152
Trd, 000024.600, 151
Trd, 000025.700, 156
Trd, 000028.683, 154
Trd, 000028.967, 153
Trd, 000028.983, 153
Trd, 000029.233, 153
Trd, 000030.283, 153
Trd, 000030.633, 154
Trd, 000030.683, 155
Trd, 000031.217, 155
Trd, 000031.833, 157
Trd, 000032.367, 157
Trd, 000032.400, 157
Trd, 000033.183, 165
Trd, 000033.783, 146
Trd, 000034.217, 160
Trd, 000035.800, 151
Trd, 000036.000, 158
Trd, 000036.383, 161
Trd, 000037.133, 154
Trd, 000037.317, 152
Trd, 000037.683, 149
Trd, 000038.950, 155
Trd, 000039.267, 158
Trd, 000039.717, 159
Trd, 000039.983, 147
Trd, 000040.650, 146
Trd, 000042.133, 152
Trd, 000042.683, 151
Trd, 000043.283, 147
Trd, 000044.883, 153
Trd, 000045.650, 152
Trd, 000046.667, 153
Trd, 000046.767, 155
Trd, 000046.883, 159
Trd, 000047.617, 150
Trd, 000047.667, 150
Trd, 000048.917, 156
Trd, 000049.250, 146
Trd, 000049.467, 167
Trd, 000052.550, 152
Trd, 000053.250, 158
Trd, 000054.050, 155
Trd, 000054.217, 154
Trd, 000054.750, 154
Trd, 000055.050, 152
Trd, 000055.867, 154
Trd, 000056.550, 155
Trd, 000057.450, 154
Trd, 000059.150, 152
Trd, 000059.600, 149
Trd, 000059.950, 152
Trd, 000061.800, 153
Trd, 000061.933, 155
Trd, 000062.167, 157
Trd, 000062.300, 160
Trd, 000062.433, 153
Trd, 000062.933, 161
Trd, 000063.433, 151
Trd, 000064.433, 160
Trd, 000065.733, 162
Trd, 000066.233, 159
Trd, 000067.000, 157
Trd, 000067.150, 161
Trd, 000067.950, 160
Trd, 000068.700, 162
Trd, 000069.333, 158
Trd, 000069.483, 149
Trd, 000069.900, 156
Trd, 000070.750, 157
Trd, 000070.950, 156
Trd, 000071.967, 158
Trd, 000072.033, 174
Trd, 000072.883, 164
Trd, 000073.117, 162
Trd, 000073.800, 163
Trd, 000073.833, 162
Trd, 000073.983, 161
Trd, 000074.133, 150
Trd, 000074.900, 158
Trd, 000075.733, 159
Trd, 000075.967, 159
Trd, 000076.533, 161
Trd, 000077.217, 163
Trd, 000078.950, 158
Trd, 000080.017, 161
Trd, 000080.200, 160
Trd, 000080.817, 159
Trd, 000080.950, 162
Trd, 000081.383, 158
Trd, 000082.367, 149
Trd, 000084.400, 152
Trd, 000084.700, 152
Trd, 000084.800, 151
Trd, 000084.950, 153
Trd, 000085.100, 156
Trd, 000085.233, 159
Trd, 000085.333, 150
Trd, 000085.667, 163
Trd, 000085.717, 170
Trd, 000086.117, 180
Trd, 000086.650, 174
Trd, 000088.117, 180
Trd, 000088.433, 157
Trd, 000089.583, 161
Trd, 000090.833, 159
Trd, 000091.433, 160
Trd, 000091.450, 163
Trd, 000092.267, 155
Trd, 000093.250, 153
Trd, 000093.550, 157
Trd, 000093.850, 157
Trd, 000093.883, 157
Trd, 000096.500, 156
Trd, 000096.750, 155
Trd, 000096.867, 156
Trd, 000097.950, 156
Trd, 000098.233, 158
Trd, 000098.450, 155
Trd, 000099.167, 159
Trd, 000099.717, 154
Trd, 000099.983, 160
Trd, 000100.150, 162
Trd, 000101.500, 170
Trd, 000102.717, 159
Trd, 000102.750, 169
Trd, 000103.133, 159
Trd, 000104.133, 166
Trd, 000105.133, 159
Trd, 000105.783, 156
Trd, 000106.733, 155
Trd, 000106.867, 155
Trd, 000107.600, 155
Trd, 000107.717, 157
Trd, 000108.783, 159
Trd, 000109.367, 161
Trd, 000111.150, 162
Trd, 000111.533, 159
Trd, 000111.833, 156
Trd, 000111.900, 154
Trd, 000111.983, 138
Trd, 000112.967, 152
Trd, 000113.050, 162
Trd, 000113.183, 163
Trd, 000113.783, 151
Trd, 000114.750, 158
Trd, 000115.250, 151
Trd, 000115.483, 159
Trd, 000116.233, 160
Trd, 000116.783, 166
Trd, 000116.900, 168
Trd, 000117.283, 159
Trd, 000117.883, 160
Trd, 000118.933, 167
Trd, 000120.117, 160
Trd, 000121.000, 161
Trd, 000121.350, 160
Trd, 000122.217, 160
Trd, 000122.900, 160
Trd, 000123.167, 161
Trd, 000123.317, 158
Trd, 000123.850, 157
Trd, 000124.117, 163
Trd, 000124.283, 156
Trd, 000125.050, 153
Trd, 000125.783, 167
Trd, 000125.983, 169
Trd, 000126.917, 163
Trd, 000127.417, 167
Trd, 000127.450, 168
Trd, 000127.483, 161
Trd, 000130.750, 164
Trd, 000131.667, 165
Trd, 000132.033, 167
Trd, 000132.050, 168
Trd, 000132.450, 162
Trd, 000132.683, 162
Trd, 000132.767, 160
Trd, 000133.483, 158
Trd, 000134.033, 156
Trd, 000134.667, 162
Trd, 000135.717, 162
Trd, 000135.867, 157
Trd, 000137.117, 161
Trd, 000138.250, 161
Trd, 000139.583, 162
Trd, 000139.733, 160
Trd, 000140.833, 162
Trd, 000141.150, 166
Trd, 000141.217, 176
Trd, 000142.100, 164
Trd, 000142.333, 161
Trd, 000142.750, 159
Trd, 000144.333, 166
Trd, 000144.517, 166
Trd, 000144.733, 166
Trd, 000144.883, 166
Trd, 000145.667, 167
Trd, 000146.000, 162
Trd, 000146.083, 162
Trd, 000146.267, 161
Trd, 000147.283, 167
Trd, 000148.317, 169
Trd, 000148.450, 169
Trd, 000149.667, 161
Trd, 000150.200, 160
Trd, 000151.300, 156
Trd, 000151.900, 160
Trd, 000153.783, 158
Trd, 000154.583, 159
Trd, 000155.517, 163
Trd, 000156.167, 163
Trd, 000156.583, 163
Trd, 000157.033, 167
Trd, 000158.817, 165
Trd, 000159.167, 162
Trd, 000159.867, 161
Trd, 000159.883, 159
Trd, 000160.033, 162
Trd, 000160.067, 164
Trd, 000161.133, 163
Trd, 000161.400, 164
Trd, 000162.233, 168
Trd, 000162.383, 159
Trd, 000162.467, 171
Trd, 000163.417, 168
Trd, 000164.000, 159
Trd, 000165.517, 154
Trd, 000165.650, 154
Trd, 000166.717, 156
Trd, 000166.850, 157
Trd, 000167.100, 160
Trd, 000167.350, 157
Trd, 000168.100, 163
Trd, 000169.433, 165
Trd, 000170.300, 169
Trd, 000171.367, 164
Trd, 000173.217, 172
Trd, 000173.667, 168
Trd, 000174.283, 168
Trd, 000174.600, 167
Trd, 000175.600, 184
Trd, 000176.567, 182
Trd, 000176.733, 180
Trd, 000177.400, 183
Trd, 000177.933, 185
Trd, 000178.917, 183
Trd, 000179.133, 182
Trd, 000179.433, 182
Trd, 000180.650, 179
Trd, 000181.017, 173
Trd, 000181.400, 179
Trd, 000182.017, 178
Trd, 000183.150, 175
Trd, 000184.033, 171
Trd, 000184.817, 170
Trd, 000185.633, 171
Trd, 000186.267, 172
Trd, 000189.633, 163
Trd, 000190.350, 163
Trd, 000190.517, 163
Trd, 000190.767, 162
Trd, 000191.050, 163
Trd, 000191.183, 167
Trd, 000191.450, 170
Trd, 000191.717, 168
Trd, 000192.050, 163
Trd, 000192.833, 170
Trd, 000193.350, 166
Trd, 000193.850, 146
Trd, 000194.300, 141
Trd, 000195.650, 163
Trd, 000196.450, 161
Trd, 000196.467, 160
Trd, 000196.633, 165
Trd, 000196.700, 160
Trd, 000197.283, 167
Trd, 000197.567, 155
Trd, 000198.250, 162
Trd, 000198.817, 161
Trd, 000199.500, 174
Trd, 000199.800, 173
Trd, 000199.867, 165
Trd, 000199.950, 164
Trd, 000200.200, 162
Trd, 000201.450, 168
Trd, 000202.517, 166
Trd, 000203.833, 165
Trd, 000204.967, 165
Trd, 000205.900, 168
Trd, 000206.167, 164
Trd, 000206.467, 170
Trd, 000206.533, 164
Trd, 000207.967, 169
Trd, 000208.300, 164
Trd, 000208.433, 165
Trd, 000208.450, 171
Trd, 000208.633, 172
Trd, 000211.517, 170
Trd, 000211.600, 171
Trd, 000212.867, 170
Trd, 000213.417, 171
Trd, 000213.483, 176
Trd, 000213.983, 169
Trd, 000215.233, 174
Trd, 000215.500, 164
Trd, 000215.583, 172
Trd, 000216.117, 162
Trd, 000216.567, 171
Trd, 000217.700, 168
Trd, 000217.883, 167
Trd, 000218.917, 164
Trd, 000219.050, 162
Trd, 000220.467, 163
Trd, 000220.867, 164
Trd, 000221.317, 163
Trd, 000221.917, 162
Trd, 000222.133, 170
Trd, 000223.017, 164
Trd, 000223.417, 164
Trd, 000223.583, 163
Trd, 000223.617, 184
Trd, 000224.050, 187
Trd, 000224.400, 172
Trd, 000225.167, 179
Trd, 000225.817, 175
Trd, 000226.400, 175
Trd, 000226.500, 174
Trd, 000226.933, 177
Trd, 000227.000, 177
Trd, 000229.133, 173
Trd, 000229.217, 174
Trd, 000229.350, 176
Trd, 000229.500, 177
Trd, 000230.467, 171
Trd, 000231.267, 172
Trd, 000231.717, 173
Trd, 000232.167, 175
Trd, 000232.333, 173
Trd, 000233.433, 175
Trd, 000234.300, 175
Trd, 000235.233, 177
Trd, 000235.367, 172
Trd, 000237.100, 174
Trd, 000237.633, 173
Trd, 000237.667, 179
Trd, 000239.350, 178
Trd, 000239.600, 174
Trd, 000240.383, 173
Trd, 000240.500, 173
Trd, 000240.800, 173
Trd, 000240.867, 172
Trd, 000240.900, 174
Trd, 000241.467, 174
Trd, 000241.500, 176
Trd, 000241.817, 177
Trd, 000243.283, 172
Trd, 000243.517, 178
Trd, 000243.983, 172
Trd, 000244.283, 170
Trd, 000245.067, 174
Trd, 000245.483, 176
Trd, 000245.550, 173
Trd, 000246.350, 175
Trd, 000246.667, 167
Trd, 000247.717, 176
Trd, 000247.783, 177
Trd, 000248.250, 177
Trd, 000248.850, 180
Trd, 000249.433, 182
Trd, 000250.783, 185
Trd, 000250.867, 178
Trd, 000250.883, 177
Trd, 000251.667, 184
Trd, 000252.283, 176
Trd, 000252.583, 183
Trd, 000253.150, 180
Trd, 000253.267, 181
Trd, 000253.550, 179
Trd, 000254.167, 175
Trd, 000254.617, 187
Trd, 000254.717, 185
Trd, 000255.733, 179
Trd, 000255.967, 181
Trd, 000256.167, 178
Trd, 000256.867, 176
Trd, 000257.700, 175
Trd, 000258.250, 173
Trd, 000258.633, 169
Trd, 000258.917, 172
Trd, 000259.700, 174
Trd, 000259.933, 169
Trd, 000261.550, 173
Trd, 000262.017, 175
Trd, 000262.683, 174
Trd, 000262.767, 177
Trd, 000262.850, 170
Trd, 000263.883, 170
Trd, 000263.933, 169
Trd, 000263.950, 172
Trd, 000264.067, 168
Trd, 000264.567, 174
Trd, 000265.067, 172
Trd, 000266.067, 174
Trd, 000266.433, 174
Trd, 000266.583, 175
Trd, 000266.967, 174
Trd, 000267.333, 174
Trd, 000267.500, 173
Trd, 000267.817, 177
Trd, 000268.850, 175
Trd, 000269.250, 174
Trd, 000269.283, 176
Trd, 000269.300, 173
Trd, 000270.100, 173
Trd, 000270.850, 170
Trd, 000270.983, 173
Trd, 000271.817, 174
Trd, 000272.050, 177
Trd, 000272.500, 176
Trd, 000272.633, 177
Trd, 000272.767, 174
Trd, 000273.350, 182
Trd, 000274.000, 189
Trd, 000274.017, 178
Trd, 000274.267, 192
Trd, 000275.117, 179
Trd, 000275.600, 171
Trd, 000275.917, 170
Trd, 000276.417, 170
Trd, 000276.967, 171
Trd, 000277.417, 170
Trd, 000277.750, 169
Trd, 000278.583, 176
Trd, 000278.833, 171
Trd, 000279.100, 176
Trd, 000279.367, 179
Trd, 000279.450, 178
Trd, 000279.683, 183
Trd, 000280.183, 172
Trd, 000281.000, 171
Trd, 000281.583, 176
Trd, 000281.633, 169
Trd, 000281.817, 175
Trd, 000282.033, 163
Trd, 000282.050, 175
Trd, 000283.483, 171
Trd, 000283.650, 167
Trd, 000285.083, 170
Trd, 000285.267, 169
Trd, 000286.200, 174
Trd, 000286.350, 175
Trd, 000286.467, 170
Trd, 000286.717, 173
Trd, 000286.917, 176
Trd, 000287.667, 180
Trd, 000288.250, 171
Trd, 000288.433, 179
Trd, 000288.850, 176
Trd, 000289.117, 174
Trd, 000289.733, 171
Trd, 000290.300, 178
Trd, 000290.583, 178
Trd, 000291.667, 180
Trd, 000291.933, 178
Trd, 000292.217, 180
Trd, 000292.783, 176
Trd, 000293.050, 177
Trd, 000293.200, 172
Trd, 000293.533, 181
Trd, 000294.550, 186
Trd, 000294.583, 191
Trd, 000294.917, 179
Trd, 000295.417, 170
Trd, 000295.967, 182
Trd, 000296.133, 156
Trd, 000296.717, 183
Trd, 000296.867, 184
Trd, 000297.100, 186
Trd, 000297.367, 178
Trd, 000297.533, 187
Trd, 000297.867, 177
Trd, 000298.033, 176
Trd, 000298.733, 175
