Trd, 000001.217, 142
Trd, 000002.750, 162
Trd, 000003.517, 133
Trd, 000003.617, 135
Trd, 000005.067, 134
Trd, 000005.550, 139
Trd, 000005.600, 140
Trd, 000006.300, 135
Trd, 000007.550, 142
Trd, 000008.000, 140
Trd, 000008.167, 139
Trd, 000008.317, 137
Trd, 000008.417, 140
Trd, 000008.683, 142
Trd, 000008.867, 143
Trd, 000009.017, 144
Trd, 000009.217, 137
Trd, 000009.350, 153
Trd, 000010.050, 137
Trd, 000010.150, 147
Trd, 000010.950, 155
Trd, 000011.433, 157
Trd, 000013.067, 143
Trd, 000013.450, 145
Trd, 000013.683, 134
Trd, 000013.983, 141
Trd, 000014.100, 150
Trd, 000014.917, 142
Trd, 000015.183, 142
Trd, 000015.383, 149
Trd, 000016.100, 145
Trd, 000016.767, 144
Trd, 000016.917, 145
Trd, 000017.133, 146
Trd, 000017.817, 143
Trd, 000018.000, 145
Trd, 000018.067, 143
Trd, 000018.100, 148
Trd, 000018.467, 143
Trd, 000018.933, 147
Trd, 000020.317, 150
Trd, 000020.583, 149
Trd, 000020.683, 163
Trd, 000021.283, 143
Trd, 000021.567, 143
Trd, 000021.967, 135
Trd, 000022.700, 149
Trd, 000022.850, 145
Trd, 000023.383, 155
Trd, 000023.850, 142
Trd, 000023.883, 156
Trd, 000024.150, 153
Trd, 000024.433, 159
Trd, 000026.383, 150
Trd, 000027.000, 152
Trd, 000027.550, 152
Trd, 000027.683, 152
Trd, 000027.800, 153
Trd, 000027.933, 155
Trd, 000029.550, 152
Trd, 000029.650, 147
Trd, 000030.000, 145
Trd, 000030.133, 144
Trd, 000030.667, 147
Trd, 000031.717, 145
Trd, 000031.900, 144
Trd, 000032.100, 143
Trd, 000032.333, 143
Trd, 000032.633, 147
Trd, 000032.700, 142
Trd, 000033.217, 141
Trd, 000033.467, 137
Trd, 000033.633, 142
Trd, 000034.233, 150
Trd, 000034.700, 146
Trd, 000035.333, 151
Trd, 000035.583, 146
Trd, 000036.700, 144
Trd, 000037.083, 142
Trd, 000037.750, 148
Trd, 000038.033, 148
Trd, 000038.217, 136
Trd, 000039.450, 150
Trd, 000039.533, 151
Trd, 000040.750, 143
Trd, 000041.317, 147
Trd, 000041.400, 146
Trd, 000041.683, 148
Trd, 000042.400, 148
Trd, 000042.550, 148
Trd, 000042.967, 148
Trd, 000043.317, 147
Trd, 000043.400, 143
Trd, 000044.617, 165
Trd, 000045.067, 151
Trd, 000045.417, 151
Trd, 000045.650, 166
Trd, 000046.200, 167
Trd, 000047.317, 152
Trd, 000047.833, 153
Trd, 000048.033, 148
Trd, 000048.100, 145
Trd, 000048.167, 158
Trd, 000048.933, 153
Trd, 000049.450, 156
Trd, 000049.600, 152
Trd, 000049.750, 156
Trd, 000049.800, 157
Trd, 000051.550, 155
Trd, 000053.000, 153
Trd, 000053.400, 146
Trd, 000054.350, 151
Trd, 000054.600, 152
Trd, 000054.683, 149
Trd, 000055.550, 152
Trd, 000056.133, 152
Trd, 000056.267, 153
Trd, 000056.317, 153
Trd, 000057.283, 158
Trd, 000057.317, 162
Trd, 000057.483, 163
Trd, 000057.883, 155
Trd, 000058.050, 149
Trd, 000058.400, 137
Trd, 000059.117, 168
Trd, 000059.283, 170
Trd, 000060.350, 150
Trd, 000060.650, 150
Trd, 000061.583, 151
Trd, 000061.783, 151
Trd, 000062.017, 150
Trd, 000062.800, 148
Trd, 000063.950, 149
Trd, 000064.150, 148
Trd, 000064.433, 147
Trd, 000064.533, 147
Trd, 000064.817, 147
Trd, 000065.150, 146
Trd, 000065.367, 150
Trd, 000065.417, 154
Trd, 000065.483, 158
Trd, 000065.850, 148
Trd, 000066.417, 147
Trd, 000069.000, 141
Trd, 000069.133, 137
Trd, 000069.600, 146
Trd, 000070.117, 144
Trd, 000070.150, 144
Trd, 000071.150, 140
Trd, 000071.250, 151
Trd, 000071.367, 144
Trd, 000071.933, 150
Trd, 000072.033, 158
Trd, 000072.317, 151
Trd, 000074.183, 154
Trd, 000074.600, 157
Trd, 000074.767, 159
Trd, 000074.817, 157
Trd, 000076.217, 155
Trd, 000076.533, 155
Trd, 000076.700, 154
Trd, 000077.067, 155
Trd, 000077.300, 150
Trd, 000077.833, 142
Trd, 000078.583, 147
Trd, 000079.817, 145
Trd, 000080.417, 147
Trd, 000080.517, 148
Trd, 000080.750, 146
Trd, 000080.833, 142
Trd, 000081.233, 149
Trd, 000081.617, 143
Trd, 000082.433, 147
Trd, 000082.600, 152
Trd, 000082.983, 146
Trd, 000083.667, 150
Trd, 000084.150, 147
Trd, 000084.233, 151
Trd, 000084.517, 145
Trd, 000084.533, 145
Trd, 000084.900, 151
Trd, 000085.667, 151
Trd, 000086.433, 152
Trd, 000086.533, 143
Trd, 000087.083, 151
Trd, 000087.350, 141
Trd, 000087.483, 152
Trd, 000087.917, 140
Trd, 000087.967, 155
Trd, 000088.783, 144
Trd, 000089.033, 146
Trd, 000089.433, 150
Trd, 000090.250, 157
Trd, 000091.517, 151
Trd, 000092.100, 151
Trd, 000092.300, 150
Trd, 000093.167, 151
Trd, 000093.400, 153
Trd, 000093.450, 153
Trd, 000093.567, 151
Trd, 000093.967, 153
Trd, 000094.400, 151
Trd, 000095.017, 159
Trd, 000095.633, 159
Trd, 000096.067, 159
Trd, 000096.433, 160
Trd, 000096.717, 153
Trd, 000096.817, 154
Trd, 000098.100, 154
Trd, 000098.350, 159
Trd, 000099.117, 155
Trd, 000099.600, 154
Trd, 000099.667, 153
Trd, 000100.550, 155
Trd, 000100.700, 157
Trd, 000100.767, 157
Trd, 000101.333, 155
Trd, 000102.067, 155
Trd, 000102.117, 154
Trd, 000102.200, 156
Trd, 000102.933, 153
Trd, 000103.267, 143
Trd, 000104.783, 141
Trd, 000105.633, 152
Trd, 000105.917, 152
Trd, 000105.950, 151
Trd, 000106.100, 147
Trd, 000106.750, 151
Trd, 000107.683, 149
Trd, 000107.750, 149
Trd, 000108.217, 157
Trd, 000108.500, 151
Trd, 000109.750, 152
Trd, 000109.883, 153
Trd, 000110.283, 152
Trd, 000110.700, 153
Trd, 000111.267, 152
Trd, 000111.533, 152
Trd, 000112.633, 152
Trd, 000112.983, 151
Trd, 000113.067, 157
Trd, 000113.483, 151
Trd, 000113.933, 156
Trd, 000114.733, 156
Trd, 000115.800, 154
Trd, 000116.167, 157
Trd, 000116.317, 157
Trd, 000116.533, 159
Trd, 000116.783, 153
Trd, 000118.350, 156
Trd, 000118.533, 154
Trd, 000119.083, 154
Trd, 000119.650, 155
Trd, 000119.700, 153
Trd, 000120.050, 153
Trd, 000120.200, 157
Trd, 000120.833, 142
Trd, 000121.167, 144
Trd, 000121.283, 144
Trd, 000121.367, 146
Trd, 000121.683, 160
Trd, 000121.883, 144
Trd, 000122.883, 174
Trd, 000123.033, 156
Trd, 000123.500, 156
Trd, 000123.683, 168
Trd, 000123.733, 155
Trd, 000124.833, 155
Trd, 000125.583, 156
Trd, 000125.933, 155
Trd, 000126.033, 157
Trd, 000126.400, 157
Trd, 000126.950, 154
Trd, 000127.317, 153
Trd, 000127.550, 153
Trd, 000127.617, 148
Trd, 000128.367, 154
Trd, 000129.117, 157
Trd, 000129.700, 154
Trd, 000129.917, 154
Trd, 000130.283, 155
Trd, 000130.317, 161
Trd, 000130.617, 154
Trd, 000130.733, 154
Trd, 000130.850, 147
Trd, 000131.183, 150
Trd, 000132.517, 154
Trd, 000133.067, 155
Trd, 000133.433, 150
Trd, 000133.467, 146
Trd, 000134.483, 152
Trd, 000135.883, 167
Trd, 000136.700, 161
Trd, 000136.950, 161
Trd, 000137.083, 161
Trd, 000137.217, 160
Trd, 000137.717, 159
Trd, 000138.117, 163
Trd, 000138.767, 164
Trd, 000138.817, 168
Trd, 000139.200, 175
Trd, 000139.450, 162
Trd, 000139.917, 163
Trd, 000140.317, 162
Trd, 000140.383, 162
Trd, 000140.467, 163
Trd, 000141.267, 161
Trd, 000141.700, 161
Trd, 000142.317, 161
Trd, 000142.367, 162
Trd, 000143.167, 162
Trd, 000143.883, 164
Trd, 000145.100, 162
Trd, 000145.150, 158
Trd, 000145.367, 155
Trd, 000145.650, 147
Trd, 000145.700, 160
Trd, 000145.933, 160
Trd, 000146.900, 160
Trd, 000147.183, 164
Trd, 000148.367, 170
Trd, 000148.717, 171
Trd, 000149.033, 170
Trd, 000150.150, 172
Trd, 000150.350, 171
Trd, 000150.800, 164
Trd, 000151.067, 173
Trd, 000151.500, 167
Trd, 000151.867, 158
Trd, 000152.017, 157
Trd, 000152.417, 173
Trd, 000152.867, 160
Trd, 000153.433, 159
Trd, 000153.750, 164
Trd, 000154.567, 157
Trd, 000154.817, 157
Trd, 000155.100, 157
Trd, 000155.867, 158
Trd, 000155.950, 158
Trd, 000156.567, 166
Trd, 000158.200, 160
Trd, 000158.600, 164
Trd, 000158.900, 172
Trd, 000159.633, 169
Trd, 000160.550, 167
Trd, 000160.833, 167
Trd, 000161.200, 167
Trd, 000161.383, 165
Trd, 000161.533, 164
Trd, 000161.583, 169
Trd, 000161.867, 164
Trd, 000163.050, 163
Trd, 000163.533, 151
Trd, 000163.567, 150
Trd, 000164.633, 163
Trd, 000164.917, 150
Trd, 000164.983, 164
Trd, 000165.217, 166
Trd, 000165.333, 167
Trd, 000166.217, 162
Trd, 000166.833, 163
Trd, 000167.883, 161
Trd, 000168.367, 163
Trd, 000168.450, 166
Trd, 000168.600, 161
Trd, 000169.267, 161
Trd, 000169.400, 161
Trd, 000170.350, 161
Trd, 000171.967, 160
Trd, 000172.250, 161
Trd, 000172.267, 162
Trd, 000172.550, 160
Trd, 000172.833, 161
Trd, 000173.133, 175
Trd, 000174.733, 164
Trd, 000175.133, 164
Trd, 000175.450, 163
Trd, 000175.717, 165
Trd, 000176.183, 163
Trd, 000176.600, 166
Trd, 000177.850, 164
Trd, 000177.917, 166
Trd, 000178.383, 163
Trd, 000178.483, 160
Trd, 000178.617, 159
Trd, 000179.367, 151
Trd, 000179.750, 150
Trd, 000179.833, 160
Trd, 000180.067, 160
Trd, 000181.050, 157
Trd, 000181.167, 157
Trd, 000181.683, 157
Trd, 000181.917, 159
Trd, 000181.933, 159
Trd, 000182.050, 159
Trd, 000182.567, 176
Trd, 000183.367, 162
Trd, 000183.533, 161
Trd, 000183.817, 162
Trd, 000184.317, 162
Trd, 000184.350, 166
Trd, 000184.600, 162
Trd, 000185.233, 164
Trd, 000186.100, 163
Trd, 000186.367, 165
Trd, 000186.800, 165
Trd, 000187.533, 164
Trd, 000188.200, 168
Trd, 000188.967, 168
Trd, 000189.117, 172
Trd, 000189.917, 168
Trd, 000190.000, 168
Trd, 000191.550, 171
Trd, 000192.200, 169
Trd, 000192.217, 168
Trd, 000192.533, 169
Trd, 000193.083, 168
Trd, 000193.167, 171
Trd, 000194.433, 169
Trd, 000194.933, 177
Trd, 000194.950, 169
Trd, 000195.367, 187
Trd, 000195.683, 168
Trd, 000196.850, 162
Trd, 000196.883, 160
Trd, 000197.633, 153
Trd, 000197.733, 152
Trd, 000198.050, 160
Trd, 000198.283, 150
Trd, 000198.750, 151
Trd, 000199.000, 176
Trd, 000199.600, 168
Trd, 000200.717, 167
Trd, 000201.700, 161
Trd, 000201.983, 162
Trd, 000202.200, 165
Trd, 000202.233, 166
Trd, 000202.633, 163
Trd, 000202.833, 166
Trd, 000203.033, 167
Trd, 000203.317, 167
Trd, 000203.383, 168
Trd, 000205.150, 163
Trd, 000205.767, 163
Trd, 000205.967, 162
Trd, 000206.067, 161
Trd, 000206.333, 165
Trd, 000206.600, 173
Trd, 000207.200, 177
Trd, 000207.567, 164
Trd, 000207.917, 164
Trd, 000207.933, 174
Trd, 000207.983, 153
Trd, 000208.667, 178
Trd, 000208.850, 155
Trd, 000210.183, 172
Trd, 000211.433, 171
Trd, 000211.450, 166
Trd, 000211.683, 166
Trd, 000213.383, 167
Trd, 000213.650, 169
Trd, 000213.800, 165
Trd, 000213.983, 167
Trd, 000214.850, 166
Trd, 000215.483, 167
Trd, 000215.650, 166
Trd, 000215.700, 165
Trd, 000216.433, 169
Trd, 000217.250, 169
Trd, 000217.417, 166
Trd, 000217.467, 164
Trd, 000217.567, 173
Trd, 000217.850, 163
Trd, 000218.417, 172
Trd, 000219.183, 179
Trd, 000219.850, 170
Trd, 000221.483, 169
Trd, 000221.800, 172
Trd, 000222.000, 173
Trd, 000222.267, 171
Trd, 000222.567, 170
Trd, 000222.900, 168
Trd, 000223.633, 168
Trd, 000224.033, 166
Trd, 000224.233, 165
Trd, 000225.000, 166
Trd, 000225.317, 165
Trd, 000225.483, 164
Trd, 000225.917, 163
Trd, 000227.433, 168
Trd, 000227.883, 169
Trd, 000228.150, 168
Trd, 000228.200, 181
Trd, 000228.817, 174
Trd, 000229.833, 173
Trd, 000230.633, 170
Trd, 000230.933, 169
Trd, 000230.983, 172
Trd, 000231.500, 170
Trd, 000231.550, 166
Trd, 000231.633, 160
Trd, 000232.417, 171
Trd, 000232.933, 171
Trd, 000233.400, 170
Trd, 000233.433, 169
Trd, 000234.083, 170
Trd, 000234.333, 171
Trd, 000235.550, 170
Trd, 000235.800, 180
Trd, 000235.817, 176
Trd, 000236.917, 178
Trd, 000237.333, 171
Trd, 000237.383, 170
Trd, 000238.133, 170
Trd, 000238.333, 166
Trd, 000238.550, 167
Trd, 000239.267, 178
Trd, 000239.600, 178
Trd, 000239.833, 178
Trd, 000240.200, 180
Trd, 000241.100, 180
Trd, 000241.200, 177
Trd, 000241.217, 177
Trd, 000242.533, 172
Trd, 000242.650, 177
Trd, 000242.767, 165
Trd, 000243.417, 177
Trd, 000244.150, 172
Trd, 000244.300, 172
Trd, 000244.550, 179
Trd, 000245.000, 169
Trd, 000245.450, 176
Trd, 000245.667, 180
Trd, 000245.917, 178
Trd, 000246.283, 173
Trd, 000247.217, 178
Trd, 000247.267, 176
Trd, 000247.733, 178
Trd, 000248.100, 179
Trd, 000248.367, 178
Trd, 000248.683, 181
Trd, 000249.200, 180
Trd, 000249.850, 175
Trd, 000250.250, 175
Trd, 000250.533, 173
Trd, 000250.800, 178
Trd, 000250.917, 179
Trd, 000251.467, 173
Trd, 000251.533, 168
Trd, 000251.550, 178
Trd, 000252.317, 179
Trd, 000253.267, 175
Trd, 000253.867, 176
Trd, 000253.933, 178
Trd, 000254.183, 175
Trd, 000254.983, 176
Trd, 000255.417, 176
Trd, 000255.750, 173
Trd, 000255.950, 173
Trd, 000256.017, 174
Trd, 000256.133, 173
Trd, 000256.733, 172
Trd, 000257.317, 174
Trd, 000257.450, 176
Trd, 000258.050, 177
Trd, 000258.133, 173
Trd, 000258.483, 178
Trd, 000258.617, 173
Trd, 000259.533, 175
Trd, 000260.317, 174
Trd, 000260.383, 179
Trd, 000260.833, 181
Trd, 000261.133, 172
Trd, 000261.167, 172
Trd, 000261.400, 170
Trd, 000262.283, 167
Trd, 000262.383, 181
Trd, 000262.783, 168
Trd, 000263.033, 159
Trd, 000263.633, 168
Trd, 000264.533, 168
Trd, 000264.967, 168
Trd, 000265.833, 168
Trd, 000265.900, 170
Trd, 000266.533, 175
Trd, 000266.650, 167
Trd, 000266.983, 167
Trd, 000267.250, 167
Trd, 000267.383, 180
Trd, 000267.550, 177
Trd, 000267.700, 181
Trd, 000268.450, 178
Trd, 000268.600, 184
Trd, 000269.233, 178
Trd, 000269.733, 182
Trd, 000269.833, 182
Trd, 000270.017, 184
Trd, 000270.183, 189
Trd, 000271.017, 180
Trd, 000271.150, 179
Trd, 000271.300, 184
Trd, 000271.967, 177
Trd, 000272.250, 181
Trd, 000272.383, 176
Trd, 000273.083, 176
Trd, 000273.717, 177
Trd, 000274.333, 175
Trd, 000274.350, 160
Trd, 000274.833, 176
Trd, 000275.233, 173
Trd, 000275.383, 177
Trd, 000275.550, 170
Trd, 000276.267, 175
Trd, 000276.567, 176
Trd, 000276.883, 175
Trd, 000277.217, 171
Trd, 000277.783, 173
Trd, 000278.067, 174
Trd, 000278.183, 177
Trd, 000278.517, 176
Trd, 000278.800, 173
Trd, 000279.883, 184
Trd, 000280.217, 181
Trd, 000280.717, 183
Trd, 000280.883, 177
Trd, 000281.000, 176
Trd, 000281.983, 178
Trd, 000282.300, 181
Trd, 000283.017, 185
Trd, 000284.033, 180
Trd, 000284.283, 183
Trd, 000284.667, 177
Trd, 000285.567, 181
Trd, 000285.617, 172
Trd, 000286.233, 172
Trd, 000286.350, 181
Trd, 000286.583, 174
Trd, 000287.100, 182
Trd, 000287.333, 174
Trd, 000288.483, 176
Trd, 000288.667, 175
Trd, 000288.933, 174
Trd, 000289.067, 178
Trd, 000289.717, 178
Trd, 000289.817, 172
Trd, 000289.900, 176
Trd, 000290.683, 176
Trd, 000290.733, 174
Trd, 000291.717, 177
Trd, 000292.100, 163
Trd, 000293.050, 163
Trd, 000293.850, 175
Trd, 000294.150, 168
Trd, 000294.400, 175
Trd, 000294.717, 170
Trd, 000294.900, 170
Trd, 000294.967, 171
Trd, 000295.650, 169
Trd, 000295.767, 168
Trd, 000296.333, 170
Trd, 000296.467, 170
Trd, 000296.867, 168
Trd, 000297.783, 178
Trd, 000298.250, 178
Trd, 000298.567, 174
Trd, 000299.483, 174
Trd, 000299.517, 176
Trd, 000299.550, 173
Trd, 000299.817, 173
