Trd, 000002.083, 120
Trd, 000002.483, 124
Trd, 000002.683, 172
Trd, 000003.450, 127
Trd, 000003.683, 157
Trd, 000004.550, 142
Trd, 000004.933, 159
Trd, 000004.967, 160
Trd, 000005.317, 167
Trd, 000005.883, 147
Trd, 000006.317, 148
Trd, 000006.750, 181
Trd, 000007.200, 146
Trd, 000007.600, 152
Trd, 000008.450, 145
Trd, 000008.650, 177
Trd, 000009.150, 164
Trd, 000009.617, 159
Trd, 000009.750, 155
Trd, 000010.417, 156
Trd, 000010.467, 147
Trd, 000010.967, 156
Trd, 000011.083, 157
Trd, 000011.100, 163
Trd, 000011.800, 152
Trd, 000012.017, 149
Trd, 000012.583, 159
Trd, 000012.617, 160
Trd, 000013.167, 162
Trd, 000013.550, 163
Trd, 000014.500, 150
Trd, 000016.183, 162
Trd, 000016.233, 162
Trd, 000016.717, 149
Trd, 000017.100, 150
Trd, 000018.167, 173
Trd, 000018.417, 151
Trd, 000018.700, 148
Trd, 000019.150, 145
Trd, 000019.167, 172
Trd, 000019.917, 162
Trd, 000019.950, 166
Trd, 000021.283, 147
Trd, 000022.650, 155
Trd, 000023.000, 158
Trd, 000024.700, 156
Trd, 000024.750, 152
Trd, 000026.100, 151
Trd, 000026.200, 147
Trd, 000026.367, 152
Trd, 000026.950, 150
Trd, 000027.150, 154
Trd, 000027.717, 153
Trd, 000028.450, 151
Trd, 000029.683, 150
Trd, 000030.017, 155
Trd, 000030.217, 152
Trd, 000030.383, 150
Trd, 000031.617, 155
Trd, 000032.450, 155
Trd, 000032.550, 150
Trd, 000033.267, 154
Trd, 000033.450, 155
Trd, 000033.783, 158
Trd, 000034.183, 158
Trd, 000034.400, 151
Trd, 000035.183, 165
Trd, 000035.417, 171
Trd, 000035.983, 156
Trd, 000036.867, 157
Trd, 000037.283, 155
Trd, 000037.483, 148
Trd, 000037.867, 138
Trd, 000038.167, 160
Trd, 000038.233, 161
Trd, 000039.683, 157
Trd, 000040.067, 149
Trd, 000040.500, 156
Trd, 000040.950, 156
Trd, 000041.583, 153
Trd, 000041.600, 158
Trd, 000042.117, 159
Trd, 000042.183, 165
Trd, 000042.467, 166
Trd, 000043.433, 152
Trd, 000043.950, 164
Trd, 000044.450, 163
Trd, 000044.483, 150
Trd, 000044.567, 176
Trd, 000045.617, 149
Trd, 000046.067, 152
Trd, 000046.383, 165
Trd, 000047.067, 164
Trd, 000047.400, 163
Trd, 000048.483, 149
Trd, 000048.667, 148
Trd, 000049.350, 153
Trd, 000049.483, 153
Trd, 000049.833, 158
Trd, 000050.133, 148
Trd, 000051.717, 147
Trd, 000051.867, 148
Trd, 000052.000, 151
Trd, 000053.017, 149
Trd, 000053.350, 146
Trd, 000053.383, 145
Trd, 000053.700, 148
Trd, 000054.417, 153
Trd, 000054.633, 145
Trd, 000055.850, 157
Trd, 000056.783, 146
Trd, 000057.383, 159
Trd, 000058.150, 160
Trd, 000058.217, 161
Trd, 000058.450, 169
Trd, 000058.683, 151
Trd, 000058.750, 169
Trd, 000059.783, 154
Trd, 000060.133, 150
Trd, 000061.533, 161
Trd, 000061.700, 162
Trd, 000061.750, 164
Trd, 000063.083, 163
Trd, 000063.350, 150
Trd, 000064.067, 147
Trd, 000064.200, 162
Trd, 000064.517, 162
Trd, 000064.767, 171
Trd, 000066.117, 162
Trd, 000066.167, 164
Trd, 000066.733, 158
Trd, 000068.483, 161
Trd, 000069.300, 158
Trd, 000069.350, 158
Trd, 000069.650, 153
Trd, 000070.083, 161
Trd, 000070.550, 162
Trd, 000070.733, 155
Trd, 000070.867, 159
Trd, 000071.317, 158
Trd, 000071.467, 159
Trd, 000071.767, 154
Trd, 000071.933, 151
Trd, 000073.783, 159
Trd, 000074.217, 161
Trd, 000075.500, 161
Trd, 000075.917, 162
Trd, 000075.950, 151
Trd, 000076.250, 169
Trd, 000077.117, 152
Trd, 000078.583, 156
Trd, 000078.667, 155
Trd, 000079.233, 161
Trd, 000079.667, 159
Trd, 000080.133, 168
Trd, 000080.600, 165
Trd, 000081.900, 163
Trd, 000082.067, 170
Trd, 000082.317, 167
Trd, 000082.350, 180
Trd, 000082.433, 159
Trd, 000083.467, 154
Trd, 000084.650, 166
Trd, 000084.817, 167
Trd, 000085.200, 163
Trd, 000085.900, 167
Trd, 000086.417, 160
Trd, 000086.850, 160
Trd, 000087.717, 166
Trd, 000088.150, 153
Trd, 000088.450, 164
Trd, 000088.500, 166
Trd, 000089.133, 166
Trd, 000090.000, 177
Trd, 000090.083, 163
Trd, 000090.217, 155
Trd, 000090.767, 169
Trd, 000091.350, 169
Trd, 000091.400, 153
Trd, 000091.950, 170
Trd, 000092.167, 170
Trd, 000092.783, 150
Trd, 000092.900, 168
Trd, 000094.700, 159
Trd, 000094.733, 166
Trd, 000094.983, 169
Trd, 000095.083, 143
Trd, 000095.667, 163
Trd, 000095.967, 167
Trd, 000096.867, 157
Trd, 000097.683, 159
Trd, 000097.783, 160
Trd, 000098.400, 157
Trd, 000098.467, 158
Trd, 000098.650, 159
Trd, 000099.950, 158
Trd, 000100.567, 162
Trd, 000101.033, 166
Trd, 000101.517, 172
Trd, 000101.583, 156
Trd, 000101.617, 154
Trd, 000101.817, 153
Trd, 000102.467, 165
Trd, 000102.750, 166
Trd, 000103.167, 158
Trd, 000103.567, 162
Trd, 000104.533, 163
Trd, 000104.950, 157
Trd, 000105.150, 157
Trd, 000107.900, 156
Trd, 000108.233, 160
Trd, 000108.500, 155
Trd, 000108.600, 159
Trd, 000109.017, 163
Trd, 000110.100, 163
Trd, 000110.367, 160
Trd, 000111.267, 156
Trd, 000111.283, 161
Trd, 000111.383, 153
Trd, 000112.017, 162
Trd, 000112.267, 163
Trd, 000113.883, 150
Trd, 000114.917, 160
Trd, 000115.033, 161
Trd, 000115.600, 153
Trd, 000116.033, 163
Trd, 000116.050, 166
Trd, 000116.383, 154
Trd, 000116.817, 153
Trd, 000116.933, 160
Trd, 000117.217, 163
Trd, 000117.583, 160
Trd, 000118.667, 163
Trd, 000119.217, 174
Trd, 000120.433, 168
Trd, 000121.200, 170
Trd, 000121.850, 165
Trd, 000122.233, 164
Trd, 000122.667, 167
Trd, 000123.467, 165
Trd, 000123.883, 165
Trd, 000124.133, 167
Trd, 000124.467, 159
Trd, 000125.550, 161
Trd, 000126.333, 161
Trd, 000127.183, 167
Trd, 000127.350, 167
Trd, 000127.550, 160
Trd, 000127.583, 156
Trd, 000128.150, 168
Trd, 000128.433, 168
Trd, 000129.167, 169
Trd, 000129.517, 157
Trd, 000130.883, 161
Trd, 000130.950, 166
Trd, 000132.167, 157
Trd, 000132.283, 166
Trd, 000132.500, 157
Trd, 000133.000, 157
Trd, 000133.217, 156
Trd, 000134.233, 164
Trd, 000134.517, 169
Trd, 000134.867, 161
Trd, 000135.083, 175
Trd, 000135.350, 185
Trd, 000135.833, 155
Trd, 000136.300, 171
Trd, 000137.650, 165
Trd, 000137.850, 167
Trd, 000138.517, 155
Trd, 000138.800, 154
Trd, 000140.250, 162
Trd, 000140.283, 165
Trd, 000141.083, 158
Trd, 000141.133, 163
Trd, 000141.233, 158
Trd, 000142.050, 164
Trd, 000142.717, 170
Trd, 000142.900, 167
Trd, 000142.917, 176
Trd, 000143.300, 162
Trd, 000143.783, 169
Trd, 000144.617, 169
Trd, 000146.683, 162
Trd, 000146.833, 162
Trd, 000148.633, 164
Trd, 000148.833, 165
Trd, 000149.067, 163
Trd, 000149.083, 169
Trd, 000149.317, 177
Trd, 000149.500, 162
Trd, 000149.983, 187
Trd, 000150.267, 162
Trd, 000150.883, 170
Trd, 000151.250, 161
Trd, 000151.517, 163
Trd, 000152.817, 160
Trd, 000152.850, 159
Trd, 000152.967, 163
Trd, 000154.867, 159
Trd, 000155.717, 161
Trd, 000157.017, 163
Trd, 000157.083, 156
Trd, 000157.250, 162
Trd, 000157.467, 170
Trd, 000158.217, 158
Trd, 000158.233, 157
Trd, 000159.533, 167
Trd, 000160.033, 167
Trd, 000160.550, 164
Trd, 000160.900, 171
Trd, 000161.450, 169
Trd, 000161.500, 163
Trd, 000162.600, 176
Trd, 000163.433, 178
Trd, 000164.233, 184
Trd, 000164.417, 176
Trd, 000164.783, 185
Trd, 000165.350, 173
Trd, 000165.533, 181
Trd, 000166.133, 172
Trd, 000166.333, 181
Trd, 000167.133, 172
Trd, 000167.967, 164
Trd, 000168.433, 165
Trd, 000168.717, 174
Trd, 000168.750, 163
Trd, 000169.167, 179
Trd, 000169.217, 188
Trd, 000169.983, 182
Trd, 000170.383, 161
Trd, 000170.533, 185
Trd, 000172.150, 171
Trd, 000172.400, 158
Trd, 000172.550, 179
Trd, 000173.733, 169
Trd, 000173.867, 170
Trd, 000175.333, 170
Trd, 000175.917, 161
Trd, 000176.117, 163
Trd, 000176.533, 164
Trd, 000176.650, 165
Trd, 000176.800, 161
Trd, 000177.150, 172
Trd, 000178.567, 180
Trd, 000178.600, 172
Trd, 000179.133, 176
Trd, 000179.167, 181
Trd, 000179.233, 166
Trd, 000179.667, 170
Trd, 000179.917, 162
Trd, 000180.667, 179
Trd, 000180.833, 185
Trd, 000180.950, 190
Trd, 000181.850, 172
Trd, 000183.167, 178
Trd, 000183.967, 165
Trd, 000183.983, 162
Trd, 000184.367, 152
Trd, 000184.667, 149
Trd, 000185.117, 167
Trd, 000185.667, 165
Trd, 000185.883, 166
Trd, 000185.967, 166
Trd, 000187.600, 166
Trd, 000187.683, 167
Trd, 000188.517, 160
Trd, 000189.467, 168
Trd, 000189.567, 169
Trd, 000189.900, 170
Trd, 000190.250, 162
Trd, 000190.733, 160
Trd, 000190.817, 159
Trd, 000193.267, 170
Trd, 000193.317, 158
Trd, 000193.583, 172
Trd, 000193.817, 167
Trd, 000194.683, 173
Trd, 000195.383, 169
Trd, 000195.533, 162
Trd, 000195.917, 161
Trd, 000196.517, 169
Trd, 000197.000, 170
Trd, 000197.217, 170
Trd, 000197.617, 171
Trd, 000198.083, 173
Trd, 000198.167, 155
Trd, 000199.550, 174
Trd, 000199.867, 182
Trd, 000200.300, 170
Trd, 000201.017, 169
Trd, 000201.367, 177
Trd, 000202.100, 171
Trd, 000202.883, 174
Trd, 000202.983, 174
Trd, 000204.067, 165
Trd, 000204.183, 175
Trd, 000204.200, 164
Trd, 000204.233, 176
Trd, 000205.117, 176
Trd, 000206.150, 178
Trd, 000206.650, 172
Trd, 000206.867, 167
Trd, 000207.267, 178
Trd, 000207.683, 167
Trd, 000208.133, 178
Trd, 000209.417, 169
Trd, 000209.967, 175
Trd, 000210.367, 169
Trd, 000210.433, 176
Trd, 000211.600, 178
Trd, 000211.650, 167
Trd, 000212.067, 173
Trd, 000212.333, 162
Trd, 000212.750, 172
Trd, 000212.850, 173
Trd, 000212.900, 176
Trd, 000213.000, 183
Trd, 000214.133, 189
Trd, 000214.883, 183
Trd, 000215.900, 182
Trd, 000215.967, 184
Trd, 000216.300, 182
Trd, 000216.350, 165
Trd, 000216.917, 194
Trd, 000218.117, 183
Trd, 000218.200, 193
Trd, 000218.283, 167
Trd, 000218.900, 196
Trd, 000219.533, 170
Trd, 000219.833, 165
Trd, 000219.950, 156
Trd, 000220.283, 142
Trd, 000220.600, 183
Trd, 000221.500, 173
Trd, 000223.167, 173
Trd, 000223.867, 167
Trd, 000223.933, 176
Trd, 000224.117, 166
Trd, 000224.233, 168
Trd, 000224.283, 170
Trd, 000225.567, 172
Trd, 000225.633, 176
Trd, 000226.450, 171
Trd, 000227.100, 175
Trd, 000227.500, 177
Trd, 000228.383, 176
Trd, 000229.400, 171
Trd, 000229.783, 176
Trd, 000230.200, 171
Trd, 000230.667, 169
Trd, 000231.417, 172
Trd, 000231.867, 170
Trd, 000232.817, 167
Trd, 000232.967, 168
Trd, 000233.617, 170
Trd, 000233.750, 171
Trd, 000233.967, 171
Trd, 000234.083, 174
Trd, 000234.950, 173
Trd, 000235.083, 167
Trd, 000236.117, 185
Trd, 000236.250, 167
Trd, 000237.017, 167
Trd, 000237.050, 164
Trd, 000237.417, 163
Trd, 000237.883, 180
Trd, 000238.817, 181
Trd, 000238.983, 196
Trd, 000239.283, 166
Trd, 000240.500, 180
Trd, 000240.967, 178
Trd, 000241.600, 175
Trd, 000241.633, 174
Trd, 000241.717, 172
Trd, 000241.750, 176
Trd, 000242.200, 179
Trd, 000242.617, 178
Trd, 000242.767, 179
Trd, 000243.317, 174
Trd, 000244.067, 179
Trd, 000244.350, 174
Trd, 000244.933, 174
Trd, 000245.517, 168
Trd, 000245.650, 170
Trd, 000245.783, 173
Trd, 000245.800, 176
Trd, 000245.883, 178
Trd, 000246.033, 162
Trd, 000246.483, 162
Trd, 000247.017, 160
Trd, 000247.733, 172
Trd, 000248.150, 175
Trd, 000248.333, 174
Trd, 000248.350, 177
Trd, 000248.400, 187
Trd, 000249.083, 174
Trd, 000249.750, 175
Trd, 000250.333, 170
Trd, 000250.800, 177
Trd, 000250.817, 177
Trd, 000250.883, 178
Trd, 000251.067, 169
Trd, 000251.583, 169
Trd, 000252.050, 176
Trd, 000252.250, 166
Trd, 000252.667, 172
Trd, 000252.817, 177
Trd, 000253.767, 177
Trd, 000254.533, 177
Trd, 000254.900, 177
Trd, 000255.467, 176
Trd, 000255.783, 178
Trd, 000255.817, 180
Trd, 000256.217, 177
Trd, 000256.667, 180
Trd, 000256.933, 180
Trd, 000257.283, 181
Trd, 000257.383, 180
Trd, 000257.767, 182
Trd, 000257.783, 180
Trd, 000258.250, 183
Trd, 000258.400, 172
Trd, 000258.983, 169
Trd, 000259.033, 181
Trd, 000260.033, 177
Trd, 000260.300, 179
Trd, 000260.317, 176
Trd, 000260.750, 172
Trd, 000261.017, 170
Trd, 000261.083, 172
Trd, 000261.833, 170
Trd, 000262.000, 165
Trd, 000262.033, 177
Trd, 000262.550, 164
Trd, 000263.450, 170
Trd, 000263.850, 170
Trd, 000264.167, 170
Trd, 000264.600, 167
Trd, 000265.100, 166
Trd, 000265.300, 166
Trd, 000265.567, 177
Trd, 000265.650, 181
Trd, 000265.833, 168
Trd, 000266.650, 184
Trd, 000266.683, 184
Trd, 000266.700, 177
Trd, 000267.683, 176
Trd, 000268.217, 176
Trd, 000268.600, 177
Trd, 000269.450, 177
Trd, 000269.900, 176
Trd, 000270.100, 175
Trd, 000270.183, 173
Trd, 000270.400, 173
Trd, 000270.783, 176
Trd, 000270.917, 171
Trd, 000271.383, 176
Trd, 000271.400, 178
Trd, 000271.533, 182
Trd, 000272.683, 168
Trd, 000272.867, 170
Trd, 000273.450, 182
Trd, 000273.633, 169
Trd, 000273.717, 180
Trd, 000273.850, 168
Trd, 000273.900, 168
Trd, 000274.233, 175
Trd, 000274.350, 199
Trd, 000274.767, 183
Trd, 000275.067, 168
Trd, 000275.083, 185
Trd, 000275.567, 167
Trd, 000275.883, 170
Trd, 000276.167, 164
Trd, 000277.050, 165
Trd, 000277.633, 164
Trd, 000278.133, 181
Trd, 000278.867, 162
Trd, 000278.933, 165
Trd, 000278.950, 161
Trd, 000279.050, 159
Trd, 000279.467, 176
Trd, 000279.783, 179
Trd, 000280.717, 177
Trd, 000280.867, 173
Trd, 000280.933, 175
Trd, 000281.083, 181
Trd, 000281.433, 179
Trd, 000281.867, 174
Trd, 000281.917, 181
Trd, 000281.933, 169
Trd, 000282.017, 183
Trd, 000282.583, 183
Trd, 000282.917, 167
Trd, 000283.650, 165
Trd, 000284.483, 174
Trd, 000284.983, 173
Trd, 000285.167, 171
Trd, 000285.267, 176
Trd, 000285.400, 190
Trd, 000285.750, 192
Trd, 000285.817, 183
Trd, 000286.150, 180
Trd, 000287.633, 185
Trd, 000287.900, 184
Trd, 000287.967, 185
Trd, 000288.133, 184
Trd, 000288.450, 187
Trd, 000288.583, 176
Trd, 000289.517, 187
Trd, 000290.000, 180
Trd, 000290.117, 173
Trd, 000290.250, 187
Trd, 000291.000, 186
Trd, 000292.067, 184
Trd, 000292.183, 180
Trd, 000292.750, 187
Trd, 000293.183, 166
Trd, 000293.567, 173
Trd, 000293.583, 177
Trd, 000293.600, 201
Trd, 000294.367, 185
Trd, 000294.517, 192
Trd, 000294.750, 196
Trd, 000294.800, 184
Trd, 000295.717, 181
Trd, 000295.850, 173
Trd, 000296.567, 189
Trd, 000296.967, 182
Trd, 000297.283, 179
Trd, 000297.333, 186
Trd, 000297.617, 187
Trd, 000297.633, 181
Trd, 000298.350, 189
Trd, 000298.667, 201
Trd, 000298.733, 205
Trd, 000299.683, 181
Trd, 000299.883, 200
