Trd, 000001.483, 151
Trd, 000003.067, 162
Trd, 000003.617, 145
Trd, 000003.983, 141
Trd, 000004.050, 134
Trd, 000005.283, 136
Trd, 000005.483, 133
Trd, 000005.633, 137
Trd, 000006.383, 138
Trd, 000006.500, 133
Trd, 000007.217, 148
Trd, 000007.417, 128
Trd, 000007.550, 179
Trd, 000008.933, 144
Trd, 000010.050, 149
Trd, 000010.850, 134
Trd, 000011.367, 142
Trd, 000011.583, 135
Trd, 000011.800, 149
Trd, 000012.167, 127
Trd, 000012.600, 141
Trd, 000013.217, 152
Trd, 000014.300, 146
Trd, 000014.683, 149
Trd, 000016.300, 142
Trd, 000016.417, 141
Trd, 000016.500, 156
Trd, 000017.133, 153
Trd, 000017.317, 139
Trd, 000018.083, 157
Trd, 000018.500, 138
Trd, 000018.967, 143
Trd, 000019.500, 146
Trd, 000020.300, 164
Trd, 000021.000, 171
Trd, 000021.083, 175
Trd, 000021.333, 181
Trd, 000021.917, 167
Trd, 000022.050, 164
Trd, 000022.583, 158
Trd, 000023.217, 159
Trd, 000023.517, 144
Trd, 000023.567, 150
Trd, 000023.833, 143
Trd, 000024.050, 153
Trd, 000024.867, 137
Trd, 000026.350, 151
Trd, 000026.533, 150
Trd, 000026.850, 154
Trd, 000027.050, 134
Trd, 000028.117, 151
Trd, 000028.233, 146
Trd, 000028.517, 156
Trd, 000029.950, 145
Trd, 000029.983, 150
Trd, 000031.300, 144
Trd, 000032.467, 144
Trd, 000032.650, 144
Trd, 000033.550, 151
Trd, 000033.767, 144
Trd, 000034.000, 145
Trd, 000034.317, 158
Trd, 000034.833, 133
Trd, 000035.400, 154
Trd, 000035.517, 165
Trd, 000036.350, 142
Trd, 000036.383, 160
Trd, 000036.567, 128
Trd, 000036.900, 126
Trd, 000037.483, 152
Trd, 000038.867, 167
Trd, 000039.383, 168
Trd, 000039.500, 152
Trd, 000040.000, 150
Trd, 000040.833, 174
Trd, 000041.083, 153
Trd, 000041.400, 166
Trd, 000041.700, 176
Trd, 000041.783, 183
Trd, 000042.567, 160
Trd, 000042.617, 157
Trd, 000043.100, 145
Trd, 000043.817, 169
Trd, 000043.867, 138
Trd, 000045.583, 159
Trd, 000046.567, 158
Trd, 000046.850, 163
Trd, 000047.367, 162
Trd, 000047.550, 145
Trd, 000047.667, 145
Trd, 000048.267, 139
Trd, 000048.367, 153
Trd, 000048.550, 143
Trd, 000049.133, 134
Trd, 000050.367, 154
Trd, 000050.467, 155
Trd, 000051.483, 160
Trd, 000051.500, 167
Trd, 000051.750, 148
Trd, 000051.900, 161
Trd, 000052.633, 182
Trd, 000053.633, 182
Trd, 000054.117, 162
Trd, 000054.233, 161
Trd, 000054.417, 148
Trd, 000055.700, 155
Trd, 000055.800, 179
Trd, 000055.933, 154
Trd, 000056.583, 150
Trd, 000056.633, 146
Trd, 000057.917, 154
Trd, 000059.017, 149
Trd, 000059.467, 150
Trd, 000060.017, 151
Trd, 000060.133, 147
Trd, 000060.950, 157
Trd, 000062.083, 147
Trd, 000062.250, 161
Trd, 000063.250, 182
Trd, 000064.467, 159
Trd, 000064.883, 157
Trd, 000065.233, 148
Trd, 000065.400, 172
Trd, 000066.733, 165
Trd, 000066.783, 159
Trd, 000066.850, 178
Trd, 000066.867, 147
Trd, 000067.117, 172
Trd, 000069.400, 158
Trd, 000069.633, 156
Trd, 000070.117, 149
Trd, 000070.200, 148
Trd, 000070.517, 155
Trd, 000070.817, 146
Trd, 000071.150, 148
Trd, 000071.400, 141
Trd, 000072.033, 159
Trd, 000072.133, 162
Trd, 000073.050, 139
Trd, 000073.067, 136
Trd, 000073.450, 169
Trd, 000074.983, 148
Trd, 000075.067, 155
Trd, 000075.383, 155
Trd, 000076.383, 152
Trd, 000076.617, 161
Trd, 000077.167, 162
Trd, 000077.233, 156
Trd, 000077.783, 155
Trd, 000078.800, 151
Trd, 000079.050, 149
Trd, 000080.250, 156
Trd, 000080.367, 158
Trd, 000080.933, 159
Trd, 000080.950, 152
Trd, 000082.233, 149
Trd, 000082.750, 146
Trd, 000082.767, 154
Trd, 000083.067, 163
Trd, 000084.133, 143
Trd, 000084.300, 156
Trd, 000084.433, 163
Trd, 000085.367, 170
Trd, 000085.800, 158
Trd, 000086.133, 159
Trd, 000087.333, 158
Trd, 000087.850, 159
Trd, 000087.917, 158
Trd, 000088.800, 163
Trd, 000089.017, 160
Trd, 000089.667, 167
Trd, 000089.817, 159
Trd, 000090.133, 150
Trd, 000090.583, 146
Trd, 000091.067, 159
Trd, 000091.417, 143
Trd, 000092.267, 139
Trd, 000092.617, 147
Trd, 000093.350, 146
Trd, 000094.417, 157
Trd, 000094.717, 160
Trd, 000095.033, 164
Trd, 000095.217, 150
Trd, 000095.700, 171
Trd, 000095.933, 151
Trd, 000096.550, 152
Trd, 000097.083, 151
Trd, 000097.317, 144
Trd, 000098.000, 152
Trd, 000098.150, 157
Trd, 000099.233, 141
Trd, 000099.617, 180
Trd, 000100.317, 161
Trd, 000100.800, 147
Trd, 000101.233, 175
Trd, 000101.783, 136
Trd, 000103.183, 149
Trd, 000103.317, 159
Trd, 000103.433, 160
Trd, 000103.733, 151
Trd, 000103.917, 154
Trd, 000105.367, 161
Trd, 000105.417, 165
Trd, 000105.583, 158
Trd, 000105.933, 144
Trd, 000106.467, 145
Trd, 000107.300, 151
Trd, 000107.733, 149
Trd, 000108.250, 148
Trd, 000108.267, 145
Trd, 000109.250, 150
Trd, 000109.517, 151
Trd, 000109.933, 160
Trd, 000110.317, 154
Trd, 000110.583, 166
Trd, 000110.800, 173
Trd, 000111.983, 141
Trd, 000112.717, 159
Trd, 000113.650, 155
Trd, 000114.050, 159
Trd, 000114.750, 152
Trd, 000114.967, 160
Trd, 000115.483, 139
Trd, 000116.300, 161
Trd, 000116.650, 160
Trd, 000116.867, 149
Trd, 000116.967, 139
Trd, 000117.550, 162
Trd, 000117.983, 159
Trd, 000119.150, 163
Trd, 000120.100, 172
Trd, 000120.367, 149
Trd, 000120.950, 163
Trd, 000120.967, 172
Trd, 000121.467, 156
Trd, 000122.000, 163
Trd, 000123.967, 168
Trd, 000124.167, 161
Trd, 000124.283, 166
Trd, 000124.400, 169
Trd, 000124.567, 170
Trd, 000124.617, 157
Trd, 000124.800, 160
Trd, 000124.900, 160
Trd, 000126.017, 154
Trd, 000126.300, 174
Trd, 000126.417, 146
Trd, 000127.633, 158
Trd, 000128.250, 160
Trd, 000129.100, 158
Trd, 000129.767, 161
Trd, 000130.000, 157
Trd, 000130.483, 164
Trd, 000130.500, 168
Trd, 000131.300, 157
Trd, 000131.733, 175
Trd, 000133.100, 160
Trd, 000133.400, 161
Trd, 000134.150, 167
Trd, 000134.583, 160
Trd, 000134.833, 161
Trd, 000135.500, 162
Trd, 000135.983, 155
Trd, 000136.617, 164
Trd, 000137.900, 175
Trd, 000138.450, 154
Trd, 000139.533, 149
Trd, 000139.700, 147
Trd, 000140.850, 158
Trd, 000141.433, 156
Trd, 000141.917, 160
Trd, 000142.450, 156
Trd, 000142.683, 159
Trd, 000142.733, 162
Trd, 000142.950, 155
Trd, 000143.050, 144
Trd, 000143.217, 149
Trd, 000143.683, 165
Trd, 000144.967, 168
Trd, 000145.333, 154
Trd, 000145.600, 152
Trd, 000145.983, 169
Trd, 000146.650, 176
Trd, 000146.833, 163
Trd, 000146.900, 187
Trd, 000148.033, 156
Trd, 000148.333, 164
Trd, 000148.550, 154
Trd, 000150.367, 165
Trd, 000150.383, 163
Trd, 000150.467, 166
Trd, 000150.717, 154
Trd, 000151.750, 149
Trd, 000152.933, 162
Trd, 000153.433, 159
Trd, 000153.467, 158
Trd, 000153.517, 163
Trd, 000154.233, 156
Trd, 000154.567, 166
Trd, 000154.583, 149
Trd, 000154.600, 170
Trd, 000154.983, 177
Trd, 000155.200, 186
Trd, 000156.367, 160
Trd, 000156.667, 160
Trd, 000156.833, 160
Trd, 000157.267, 162
Trd, 000159.350, 166
Trd, 000160.083, 165
Trd, 000160.233, 167
Trd, 000160.550, 164
Trd, 000160.683, 159
Trd, 000161.150, 167
Trd, 000161.717, 161
Trd, 000162.000, 162
Trd, 000162.317, 157
Trd, 000163.217, 164
Trd, 000163.333, 167
Trd, 000163.883, 177
Trd, 000164.117, 181
Trd, 000164.650, 181
Trd, 000165.117, 178
Trd, 000165.217, 186
Trd, 000165.517, 150
Trd, 000166.067, 157
Trd, 000166.800, 147
Trd, 000167.100, 155
Trd, 000169.267, 165
Trd, 000169.333, 158
Trd, 000170.283, 158
Trd, 000171.100, 147
Trd, 000171.117, 168
Trd, 000171.633, 169
Trd, 000171.750, 172
Trd, 000172.883, 185
Trd, 000173.033, 163
Trd, 000174.550, 162
Trd, 000174.750, 164
Trd, 000174.883, 165
Trd, 000175.300, 168
Trd, 000175.467, 160
Trd, 000176.017, 172
Trd, 000176.083, 158
Trd, 000176.217, 173
Trd, 000177.817, 152
Trd, 000178.133, 159
Trd, 000178.233, 166
Trd, 000179.017, 166
Trd, 000179.850, 159
Trd, 000180.300, 163
Trd, 000181.567, 159
Trd, 000182.050, 169
Trd, 000182.117, 152
Trd, 000182.450, 169
Trd, 000182.833, 173
Trd, 000183.167, 158
Trd, 000183.717, 175
Trd, 000184.733, 158
Trd, 000184.883, 178
Trd, 000184.917, 152
Trd, 000185.117, 159
Trd, 000185.150, 180
Trd, 000188.317, 181
Trd, 000188.600, 167
Trd, 000190.050, 184
Trd, 000190.417, 180
Trd, 000190.533, 167
Trd, 000190.967, 184
Trd, 000191.017, 167
Trd, 000191.350, 161
Trd, 000192.833, 170
Trd, 000193.100, 176
Trd, 000193.850, 182
Trd, 000194.000, 180
Trd, 000194.533, 170
Trd, 000194.767, 160
Trd, 000195.417, 167
Trd, 000196.867, 165
Trd, 000197.200, 167
Trd, 000197.567, 160
Trd, 000197.583, 153
Trd, 000198.383, 171
Trd, 000198.667, 174
Trd, 000199.150, 163
Trd, 000200.100, 162
Trd, 000201.383, 168
Trd, 000202.383, 169
Trd, 000202.900, 161
Trd, 000203.300, 170
Trd, 000203.400, 161
Trd, 000203.550, 175
Trd, 000204.050, 171
Trd, 000204.250, 182
Trd, 000204.467, 160
Trd, 000204.817, 154
Trd, 000204.883, 150
Trd, 000206.033, 158
Trd, 000206.133, 164
Trd, 000206.667, 154
Trd, 000207.283, 153
Trd, 000208.250, 150
Trd, 000208.267, 158
Trd, 000209.317, 158
Trd, 000209.500, 158
Trd, 000209.583, 148
Trd, 000209.767, 168
Trd, 000210.267, 176
Trd, 000210.300, 151
Trd, 000210.600, 183
Trd, 000211.917, 150
Trd, 000212.517, 149
Trd, 000212.983, 169
Trd, 000214.583, 168
Trd, 000214.800, 169
Trd, 000216.000, 158
Trd, 000216.533, 171
Trd, 000216.600, 163
Trd, 000216.833, 172
Trd, 000217.250, 160
Trd, 000217.850, 169
Trd, 000217.933, 170
Trd, 000218.167, 169
Trd, 000218.333, 157
Trd, 000218.683, 160
Trd, 000219.483, 173
Trd, 000219.750, 159
Trd, 000221.417, 177
Trd, 000222.900, 174
Trd, 000223.167, 165
Trd, 000223.233, 163
Trd, 000223.267, 177
Trd, 000224.500, 163
Trd, 000224.750, 163
Trd, 000224.983, 163
Trd, 000225.233, 173
Trd, 000225.483, 168
Trd, 000226.750, 177
Trd, 000227.133, 173
Trd, 000227.883, 157
Trd, 000228.550, 166
Trd, 000229.300, 153
Trd, 000229.417, 169
Trd, 000229.667, 142
Trd, 000230.067, 153
Trd, 000230.650, 164
Trd, 000231.950, 168
Trd, 000232.750, 161
Trd, 000233.417, 171
Trd, 000234.317, 169
Trd, 000234.450, 171
Trd, 000234.967, 164
Trd, 000235.367, 171
Trd, 000236.417, 174
Trd, 000237.250, 162
Trd, 000237.483, 170
Trd, 000237.650, 177
Trd, 000238.783, 165
Trd, 000239.150, 178
Trd, 000240.467, 170
Trd, 000240.950, 170
Trd, 000241.250, 169
Trd, 000241.617, 168
Trd, 000241.750, 165
Trd, 000242.100, 168
Trd, 000242.250, 167
Trd, 000242.683, 158
Trd, 000243.083, 164
Trd, 000243.167, 165
Trd, 000243.500, 168
Trd, 000243.550, 169
Trd, 000243.600, 163
Trd, 000244.367, 169
Trd, 000244.883, 172
Trd, 000245.483, 179
Trd, 000246.450, 177
Trd, 000247.067, 182
Trd, 000247.117, 189
Trd, 000247.183, 180
Trd, 000247.717, 188
Trd, 000249.750, 183
Trd, 000249.817, 182
Trd, 000249.900, 181
Trd, 000250.283, 183
Trd, 000250.900, 176
Trd, 000251.000, 173
Trd, 000251.150, 179
Trd, 000251.250, 180
Trd, 000251.967, 179
Trd, 000252.100, 182
Trd, 000252.217, 172
Trd, 000252.633, 176
Trd, 000253.183, 172
Trd, 000253.800, 170
Trd, 000253.883, 173
Trd, 000253.900, 169
Trd, 000253.967, 174
Trd, 000254.483, 172
Trd, 000254.867, 172
Trd, 000255.517, 172
Trd, 000256.650, 171
Trd, 000256.983, 173
Trd, 000257.317, 176
Trd, 000257.467, 169
Trd, 000258.017, 162
Trd, 000258.250, 160
Trd, 000258.300, 170
Trd, 000258.517, 174
Trd, 000258.750, 171
Trd, 000259.450, 170
Trd, 000259.583, 167
Trd, 000260.183, 163
Trd, 000260.483, 163
Trd, 000260.533, 167
Trd, 000260.833, 155
Trd, 000260.917, 167
Trd, 000262.100, 161
Trd, 000262.333, 164
Trd, 000262.667, 167
Trd, 000262.800, 160
Trd, 000263.767, 166
Trd, 000264.267, 167
Trd, 000264.483, 164
Trd, 000264.933, 166
Trd, 000265.683, 168
Trd, 000265.750, 168
Trd, 000265.900, 170
Trd, 000266.150, 164
Trd, 000266.617, 173
Trd, 000267.000, 170
Trd, 000267.800, 169
Trd, 000267.917, 171
Trd, 000268.467, 172
Trd, 000268.800, 174
Trd, 000269.167, 177
Trd, 000269.217, 166
Trd, 000269.800, 176
Trd, 000269.933, 169
Trd, 000270.033, 164
Trd, 000271.233, 178
Trd, 000271.333, 168
Trd, 000271.717, 172
Trd, 000271.883, 168
Trd, 000272.317, 170
Trd, 000272.400, 174
Trd, 000272.483, 174
Trd, 000272.567, 167
Trd, 000272.933, 161
Trd, 000273.650, 171
Trd, 000273.683, 175
Trd, 000273.917, 176
Trd, 000274.617, 188
Trd, 000274.817, 169
Trd, 000275.167, 192
Trd, 000275.550, 164
Trd, 000276.650, 182
Trd, 000277.217, 186
Trd, 000277.500, 174
Trd, 000277.800, 179
Trd, 000277.883, 174
Trd, 000278.967, 187
Trd, 000279.300, 182
Trd, 000280.083, 182
Trd, 000280.917, 183
Trd, 000280.933, 188
Trd, 000281.017, 181
Trd, 000281.083, 179
Trd, 000281.400, 188
Trd, 000281.917, 184
Trd, 000282.467, 188
Trd, 000282.533, 190
Trd, 000283.317, 184
Trd, 000283.383, 183
Trd, 000283.517, 181
Trd, 000283.733, 187
Trd, 000283.817, 195
Trd, 000284.333, 172
Trd, 000284.917, 169
Trd, 000285.133, 175
Trd, 000285.333, 176
Trd, 000285.850, 182
Trd, 000285.933, 183
Trd, 000285.967, 175
Trd, 000286.217, 170
Trd, 000286.750, 165
Trd, 000287.850, 173
Trd, 000287.867, 171
Trd, 000288.000, 173
Trd, 000288.350, 173
Trd, 000288.500, 173
Trd, 000288.750, 159
Trd, 000289.267, 182
Trd, 000290.517, 173
Trd, 000290.833, 179
Trd, 000290.983, 172
Trd, 000291.217, 166
Trd, 000291.700, 177
Trd, 000292.117, 180
Trd, 000292.250, 191
Trd, 000293.217, 188
Trd, 000293.317, 187
Trd, 000293.383, 170
Trd, 000293.717, 174
Trd, 000293.933, 181
Trd, 000294.883, 176
Trd, 000294.983, 174
Trd, 000295.000, 173
Trd, 000295.417, 170
Trd, 000295.517, 181
Trd, 000295.767, 184
Trd, 000295.883, 191
Trd, 000296.000, 195
Trd, 000296.717, 168
Trd, 000297.350, 169
Trd, 000297.733, 174
Trd, 000297.817, 168
Trd, 000298.283, 181
Trd, 000298.550, 185
Trd, 000298.800, 171
Trd, 000299.067, 191
Trd, 000299.383, 192
Trd, 000299.517, 174
