Trd, 000000.767, 162
Trd, 000002.883, 145
Trd, 000004.017, 146
Trd, 000004.083, 148
Trd, 000004.967, 141
Trd, 000005.150, 142
Trd, 000005.467, 141
Trd, 000005.617, 151
Trd, 000006.333, 159
Trd, 000006.483, 144
Trd, 000006.933, 131
Trd, 000007.050, 155
Trd, 000008.233, 158
Trd, 000008.567, 158
Trd, 000008.883, 160
Trd, 000009.267, 160
Trd, 000010.133, 160
Trd, 000010.867, 156
Trd, 000011.317, 158
Trd, 000011.817, 152
Trd, 000012.983, 135
Trd, 000013.417, 140
Trd, 000013.500, 140
Trd, 000015.133, 141
Trd, 000015.433, 139
Trd, 000016.417, 139
Trd, 000016.817, 141
Trd, 000017.317, 142
Trd, 000017.417, 142
Trd, 000017.633, 149
Trd, 000017.933, 152
Trd, 000018.683, 148
Trd, 000019.133, 149
Trd, 000019.217, 156
Trd, 000019.783, 160
Trd, 000020.183, 150
Trd, 000020.283, 148
Trd, 000020.600, 148
Trd, 000021.100, 172
Trd, 000021.500, 173
Trd, 000022.033, 148
Trd, 000022.100, 133
Trd, 000022.817, 150
Trd, 000023.867, 153
Trd, 000024.983, 159
Trd, 000025.633, 158
Trd, 000025.667, 159
Trd, 000027.367, 160
Trd, 000027.733, 162
Trd, 000028.067, 164
Trd, 000028.933, 154
Trd, 000029.567, 140
Trd, 000029.800, 156
Trd, 000030.183, 173
Trd, 000030.217, 172
Trd, 000030.267, 171
Trd, 000031.250, 163
Trd, 000031.817, 162
Trd, 000031.900, 158
Trd, 000032.267, 169
Trd, 000034.017, 166
Trd, 000034.917, 167
Trd, 000034.983, 165
Trd, 000035.883, 168
Trd, 000036.117, 164
Trd, 000036.817, 163
Trd, 000036.983, 162
Trd, 000038.183, 168
Trd, 000038.400, 169
Trd, 000041.400, 166
Trd, 000041.850, 166
Trd, 000042.350, 165
Trd, 000042.367, 164
Trd, 000042.917, 163
Trd, 000043.917, 164
Trd, 000044.133, 162
Trd, 000045.167, 164
Trd, 000045.333, 164
Trd, 000045.683, 161
Trd, 000045.917, 161
Trd, 000046.750, 161
Trd, 000047.467, 163
Trd, 000048.383, 161
Trd, 000048.567, 177
Trd, 000049.450, 170
Trd, 000050.117, 161
Trd, 000051.750, 164
Trd, 000052.600, 167
Trd, 000053.817, 164
Trd, 000054.167, 163
Trd, 000054.517, 165
Trd, 000054.683, 161
Trd, 000055.017, 164
Trd, 000055.233, 160
Trd, 000055.250, 165
Trd, 000055.433, 148
Trd, 000056.083, 159
Trd, 000056.500, 166
Trd, 000057.117, 158
Trd, 000058.617, 153
Trd, 000058.867, 154
Trd, 000058.950, 153
Trd, 000059.200, 154
Trd, 000060.067, 155
Trd, 000061.100, 155
Trd, 000061.633, 156
Trd, 000062.067, 154
Trd, 000062.117, 154
Trd, 000062.633, 153
Trd, 000063.383, 153
Trd, 000063.467, 157
Trd, 000063.633, 151
Trd, 000065.400, 157
Trd, 000065.633, 164
Trd, 000066.317, 158
Trd, 000066.617, 159
Trd, 000066.967, 160
Trd, 000067.483, 159
Trd, 000068.600, 160
Trd, 000068.800, 161
Trd, 000068.917, 162
Trd, 000068.983, 160
Trd, 000069.483, 165
Trd, 000069.867, 181
Trd, 000070.433, 162
Trd, 000072.050, 167
Trd, 000072.200, 171
Trd, 000072.400, 173
Trd, 000072.567, 179
Trd, 000072.650, 167
Trd, 000073.683, 172
Trd, 000074.067, 171
Trd, 000074.100, 177
Trd, 000074.133, 165
Trd, 000074.167, 182
Trd, 000075.917, 176
Trd, 000076.617, 177
Trd, 000076.983, 178
Trd, 000077.817, 174
Trd, 000077.917, 169
Trd, 000078.933, 171
Trd, 000079.133, 170
Trd, 000080.350, 168
Trd, 000080.433, 167
Trd, 000081.600, 168
Trd, 000081.717, 170
Trd, 000083.033, 169
Trd, 000083.067, 170
Trd, 000083.433, 171
Trd, 000083.733, 167
Trd, 000084.417, 170
Trd, 000084.617, 163
Trd, 000085.067, 162
Trd, 000085.583, 163
Trd, 000088.550, 165
Trd, 000088.717, 164
Trd, 000089.283, 162
Trd, 000089.583, 165
Trd, 000089.850, 166
Trd, 000089.883, 164
Trd, 000090.000, 167
Trd, 000090.933, 163
Trd, 000091.050, 155
Trd, 000091.900, 164
Trd, 000092.533, 168
Trd, 000092.633, 174
Trd, 000092.950, 161
Trd, 000093.450, 181
Trd, 000093.467, 159
Trd, 000093.533, 140
Trd, 000095.750, 155
Trd, 000095.883, 157
Trd, 000096.267, 152
Trd, 000096.317, 162
Trd, 000097.967, 154
Trd, 000098.317, 154
Trd, 000098.733, 180
Trd, 000098.867, 182
Trd, 000099.167, 168
Trd, 000099.500, 171
Trd, 000099.800, 158
Trd, 000099.967, 176
Trd, 000101.300, 166
Trd, 000101.967, 168
Trd, 000103.350, 168
Trd, 000103.833, 169
Trd, 000104.067, 168
Trd, 000104.483, 167
Trd, 000104.733, 166
Trd, 000105.267, 168
Trd, 000106.800, 170
Trd, 000106.983, 183
Trd, 000107.850, 170
Trd, 000107.950, 169
Trd, 000108.500, 173
Trd, 000110.517, 171
Trd, 000110.800, 170
Trd, 000111.017, 172
Trd, 000111.883, 172
Trd, 000112.183, 170
Trd, 000112.633, 169
Trd, 000112.967, 166
Trd, 000113.050, 174
Trd, 000114.333, 173
Trd, 000114.550, 174
Trd, 000114.650, 169
Trd, 000115.433, 176
Trd, 000115.483, 170
Trd, 000115.767, 169
Trd, 000118.567, 173
Trd, 000118.767, 170
Trd, 000119.367, 171
Trd, 000119.817, 171
Trd, 000120.233, 170
Trd, 000120.367, 170
Trd, 000120.517, 171
Trd, 000120.650, 170
Trd, 000120.850, 175
Trd, 000121.367, 175
Trd, 000121.867, 175
Trd, 000123.150, 172
Trd, 000123.883, 172
Trd, 000124.733, 171
Trd, 000124.967, 174
Trd, 000125.100, 167
Trd, 000125.300, 161
Trd, 000125.517, 168
Trd, 000125.817, 170
Trd, 000125.933, 184
Trd, 000126.833, 171
Trd, 000127.533, 169
Trd, 000128.517, 168
Trd, 000129.217, 169
Trd, 000129.700, 168
Trd, 000130.433, 154
Trd, 000130.750, 156
Trd, 000131.583, 159
Trd, 000132.000, 161
Trd, 000132.333, 161
Trd, 000132.750, 169
Trd, 000133.517, 163
Trd, 000134.350, 161
Trd, 000134.717, 164
Trd, 000134.950, 166
Trd, 000135.633, 165
Trd, 000136.067, 164
Trd, 000137.267, 154
Trd, 000137.550, 155
Trd, 000137.633, 159
Trd, 000137.900, 161
Trd, 000139.950, 169
Trd, 000140.583, 168
Trd, 000140.650, 172
Trd, 000140.717, 165
Trd, 000140.767, 186
Trd, 000141.633, 164
Trd, 000141.767, 164
Trd, 000142.117, 165
Trd, 000142.217, 189
Trd, 000143.000, 169
Trd, 000143.283, 182
Trd, 000143.917, 171
Trd, 000144.283, 194
Trd, 000146.100, 184
Trd, 000146.150, 178
Trd, 000146.217, 177
Trd, 000147.200, 175
Trd, 000148.300, 172
Trd, 000148.733, 173
Trd, 000148.900, 173
Trd, 000149.517, 170
Trd, 000149.817, 157
Trd, 000150.067, 174
Trd, 000150.983, 172
Trd, 000151.767, 172
Trd, 000151.800, 174
Trd, 000151.883, 187
Trd, 000152.383, 173
Trd, 000152.783, 189
Trd, 000153.217, 190
Trd, 000153.283, 175
Trd, 000153.950, 176
Trd, 000156.083, 176
Trd, 000156.667, 176
Trd, 000157.083, 174
Trd, 000157.200, 174
Trd, 000157.300, 174
Trd, 000157.933, 173
Trd, 000158.250, 174
Trd, 000158.267, 173
Trd, 000158.417, 172
Trd, 000158.783, 171
Trd, 000160.800, 171
Trd, 000161.033, 171
Trd, 000161.800, 174
Trd, 000162.300, 164
Trd, 000163.533, 161
Trd, 000164.267, 165
Trd, 000164.750, 167
Trd, 000165.483, 164
Trd, 000165.733, 174
Trd, 000166.100, 164
Trd, 000166.300, 188
Trd, 000166.367, 163
Trd, 000167.233, 149
Trd, 000167.400, 149
Trd, 000167.467, 165
Trd, 000168.950, 158
Trd, 000169.250, 163
Trd, 000169.467, 158
Trd, 000169.700, 162
Trd, 000170.233, 163
Trd, 000170.867, 162
Trd, 000171.783, 189
Trd, 000173.133, 163
Trd, 000173.383, 165
Trd, 000174.750, 169
Trd, 000175.100, 171
Trd, 000175.500, 169
Trd, 000175.700, 169
Trd, 000176.050, 171
Trd, 000176.400, 170
Trd, 000176.467, 172
Trd, 000176.517, 169
Trd, 000177.067, 172
Trd, 000177.083, 172
Trd, 000177.683, 175
Trd, 000178.300, 169
Trd, 000178.417, 186
Trd, 000178.900, 190
Trd, 000179.117, 192
Trd, 000179.133, 175
Trd, 000179.783, 166
Trd, 000181.367, 163
Trd, 000182.067, 169
Trd, 000182.250, 166
Trd, 000182.767, 161
Trd, 000183.133, 168
Trd, 000183.250, 166
Trd, 000183.533, 149
Trd, 000185.133, 166
Trd, 000185.417, 168
Trd, 000186.483, 186
Trd, 000186.700, 167
Trd, 000187.150, 173
Trd, 000188.250, 172
Trd, 000188.583, 171
Trd, 000188.633, 173
Trd, 000189.083, 168
Trd, 000189.100, 154
Trd, 000189.267, 173
Trd, 000189.967, 174
Trd, 000190.950, 167
Trd, 000190.967, 166
Trd, 000192.500, 162
Trd, 000192.683, 163
Trd, 000192.900, 177
Trd, 000193.550, 183
Trd, 000195.383, 166
Trd, 000195.783, 167
Trd, 000196.033, 167
Trd, 000197.400, 170
Trd, 000197.600, 179
Trd, 000197.750, 191
Trd, 000197.917, 163
Trd, 000200.467, 171
Trd, 000200.550, 172
Trd, 000200.933, 171
Trd, 000201.783, 170
Trd, 000201.817, 171
Trd, 000202.383, 172
Trd, 000203.083, 173
Trd, 000204.400, 178
Trd, 000204.550, 177
Trd, 000204.967, 189
Trd, 000206.233, 185
Trd, 000206.283, 181
Trd, 000206.550, 177
Trd, 000207.150, 181
Trd, 000207.183, 175
Trd, 000208.317, 162
Trd, 000208.967, 180
Trd, 000209.167, 162
Trd, 000209.817, 176
Trd, 000209.883, 152
Trd, 000210.833, 166
Trd, 000212.167, 159
Trd, 000212.300, 160
Trd, 000212.850, 161
Trd, 000213.483, 193
Trd, 000214.267, 181
Trd, 000214.350, 179
Trd, 000215.083, 177
Trd, 000215.150, 176
Trd, 000215.767, 177
Trd, 000215.833, 178
Trd, 000216.100, 153
Trd, 000217.033, 160
Trd, 000217.083, 163
Trd, 000217.283, 164
Trd, 000218.600, 163
Trd, 000218.967, 164
Trd, 000219.183, 168
Trd, 000219.383, 170
Trd, 000219.817, 173
Trd, 000220.067, 171
Trd, 000221.900, 168
Trd, 000222.067, 167
Trd, 000223.400, 170
Trd, 000223.517, 172
Trd, 000223.750, 173
Trd, 000224.533, 173
Trd, 000225.150, 174
Trd, 000225.517, 172
Trd, 000225.567, 179
Trd, 000226.167, 178
Trd, 000226.283, 170
Trd, 000226.517, 186
Trd, 000228.783, 180
Trd, 000229.383, 178
Trd, 000229.733, 177
Trd, 000230.250, 176
Trd, 000230.283, 179
Trd, 000230.750, 175
Trd, 000231.117, 177
Trd, 000231.767, 171
Trd, 000232.167, 181
Trd, 000232.700, 180
Trd, 000233.117, 179
Trd, 000233.700, 194
Trd, 000235.033, 184
Trd, 000235.050, 178
Trd, 000235.417, 176
Trd, 000235.917, 176
Trd, 000236.150, 187
Trd, 000237.200, 178
Trd, 000237.350, 177
Trd, 000238.217, 188
Trd, 000240.183, 185
Trd, 000240.250, 185
Trd, 000240.350, 183
Trd, 000240.617, 183
Trd, 000240.883, 182
Trd, 000241.000, 179
Trd, 000241.483, 181
Trd, 000241.550, 179
Trd, 000241.817, 180
Trd, 000242.467, 179
Trd, 000242.633, 181
Trd, 000242.783, 178
Trd, 000243.317, 176
Trd, 000243.450, 182
Trd, 000243.700, 177
Trd, 000243.867, 186
Trd, 000244.300, 187
Trd, 000244.883, 186
Trd, 000246.417, 184
Trd, 000246.833, 183
Trd, 000247.433, 181
Trd, 000247.700, 180
Trd, 000247.850, 182
Trd, 000248.467, 180
Trd, 000249.250, 180
Trd, 000250.100, 181
Trd, 000250.583, 182
Trd, 000250.617, 180
Trd, 000250.650, 180
Trd, 000251.200, 182
Trd, 000251.317, 181
Trd, 000252.067, 182
Trd, 000252.550, 185
Trd, 000252.833, 183
Trd, 000253.050, 184
Trd, 000253.667, 180
Trd, 000254.050, 174
Trd, 000254.200, 176
Trd, 000254.300, 176
Trd, 000254.500, 176
Trd, 000255.233, 175
Trd, 000255.283, 173
Trd, 000255.317, 183
Trd, 000256.767, 175
Trd, 000257.517, 176
Trd, 000257.633, 184
Trd, 000258.050, 188
Trd, 000258.283, 190
Trd, 000258.933, 182
Trd, 000259.067, 179
Trd, 000259.200, 187
Trd, 000260.133, 187
Trd, 000260.833, 191
Trd, 000261.150, 188
Trd, 000261.433, 187
Trd, 000261.900, 185
Trd, 000263.067, 181
Trd, 000263.100, 183
Trd, 000263.250, 188
Trd, 000263.417, 190
Trd, 000263.617, 188
Trd, 000264.200, 175
Trd, 000264.383, 174
Trd, 000265.400, 160
Trd, 000265.483, 174
Trd, 000266.267, 187
Trd, 000266.417, 188
Trd, 000266.600, 188
Trd, 000266.617, 187
Trd, 000268.467, 189
Trd, 000268.483, 188
Trd, 000268.767, 190
Trd, 000268.983, 185
Trd, 000269.250, 191
Trd, 000269.267, 191
Trd, 000270.967, 186
Trd, 000271.267, 185
Trd, 000272.067, 188
Trd, 000272.083, 185
Trd, 000272.317, 183
Trd, 000272.783, 188
Trd, 000273.467, 183
Trd, 000274.217, 185
Trd, 000274.533, 185
Trd, 000274.817, 187
Trd, 000274.900, 188
Trd, 000275.317, 188
Trd, 000275.900, 186
Trd, 000276.583, 184
Trd, 000277.100, 189
Trd, 000277.183, 190
Trd, 000277.200, 192
Trd, 000278.550, 186
Trd, 000278.600, 185
Trd, 000279.167, 187
Trd, 000279.550, 190
Trd, 000279.567, 190
Trd, 000280.117, 185
Trd, 000280.767, 185
Trd, 000281.250, 184
Trd, 000281.333, 188
Trd, 000281.900, 190
Trd, 000282.133, 184
Trd, 000282.150, 183
Trd, 000282.850, 190
Trd, 000282.983, 190
Trd, 000283.533, 189
Trd, 000283.667, 190
Trd, 000284.133, 191
Trd, 000284.650, 192
Trd, 000284.917, 184
Trd, 000285.067, 183
Trd, 000285.883, 190
Trd, 000286.950, 190
Trd, 000287.650, 190
Trd, 000287.967, 190
Trd, 000287.983, 187
Trd, 000289.433, 186
Trd, 000289.933, 186
Trd, 000290.000, 184
Trd, 000290.267, 188
Trd, 000290.417, 175
Trd, 000290.933, 184
Trd, 000291.400, 189
Trd, 000292.233, 188
Trd, 000292.567, 188
Trd, 000293.200, 187
Trd, 000293.283, 184
Trd, 000293.383, 170
Trd, 000293.617, 191
Trd, 000293.800, 184
Trd, 000294.467, 177
Trd, 000295.333, 179
Trd, 000295.700, 180
Trd, 000295.817, 185
Trd, 000295.850, 186
Trd, 000296.217, 180
Trd, 000296.950, 186
Trd, 000297.100, 183
Trd, 000297.667, 188
Trd, 000298.133, 183
Trd, 000298.800, 187
Trd, 000299.300, 183
Trd, 000299.533, 182
