Trd, 000002.833, 153
Trd, 000003.050, 162
Trd, 000003.200, 149
Trd, 000003.517, 163
Trd, 000004.150, 165
Trd, 000004.400, 152
Trd, 000004.533, 165
Trd, 000005.183, 147
Trd, 000006.417, 160
Trd, 000006.550, 162
Trd, 000007.383, 160
Trd, 000008.483, 160
Trd, 000009.100, 158
Trd, 000009.550, 158
Trd, 000009.783, 159
Trd, 000010.100, 156
Trd, 000010.150, 161
Trd, 000010.967, 153
Trd, 000011.417, 156
Trd, 000011.600, 144
Trd, 000013.567, 154
Trd, 000013.633, 153
Trd, 000013.850, 157
Trd, 000014.067, 157
Trd, 000015.283, 151
Trd, 000015.383, 153
Trd, 000015.600, 154
Trd, 000016.517, 156
Trd, 000017.150, 156
Trd, 000017.433, 154
Trd, 000018.033, 153
Trd, 000019.300, 156
Trd, 000019.500, 158
Trd, 000019.983, 167
Trd, 000021.233, 162
Trd, 000022.067, 164
Trd, 000022.350, 172
Trd, 000023.083, 170
Trd, 000023.400, 162
Trd, 000023.750, 170
Trd, 000023.983, 162
Trd, 000024.167, 158
Trd, 000024.783, 159
Trd, 000025.400, 164
Trd, 000026.333, 175
Trd, 000026.483, 177
Trd, 000026.917, 166
Trd, 000027.350, 165
Trd, 000029.350, 167
Trd, 000030.183, 165
Trd, 000031.017, 164
Trd, 000031.850, 164
Trd, 000032.800, 163
Trd, 000034.000, 164
Trd, 000034.167, 164
Trd, 000034.400, 162
Trd, 000034.450, 160
Trd, 000035.117, 147
Trd, 000035.333, 149
Trd, 000035.483, 162
Trd, 000035.683, 174
Trd, 000035.967, 169
Trd, 000037.750, 164
Trd, 000038.233, 176
Trd, 000039.300, 176
Trd, 000040.083, 168
Trd, 000040.417, 166
Trd, 000040.733, 171
Trd, 000041.717, 168
Trd, 000042.567, 168
Trd, 000043.050, 166
Trd, 000043.283, 168
Trd, 000043.300, 168
Trd, 000043.517, 166
Trd, 000044.367, 166
Trd, 000045.067, 159
Trd, 000045.950, 162
Trd, 000045.967, 161
Trd, 000046.117, 167
Trd, 000046.350, 164
Trd, 000046.700, 158
Trd, 000048.083, 158
Trd, 000048.750, 158
Trd, 000048.967, 159
Trd, 000049.150, 160
Trd, 000049.667, 178
Trd, 000050.200, 169
Trd, 000051.083, 168
Trd, 000052.350, 164
Trd, 000052.367, 163
Trd, 000052.567, 162
Trd, 000052.933, 163
Trd, 000053.083, 165
Trd, 000053.567, 160
Trd, 000055.100, 159
Trd, 000055.833, 159
Trd, 000056.150, 159
Trd, 000056.267, 177
Trd, 000059.033, 160
Trd, 000059.267, 160
Trd, 000059.517, 159
Trd, 000059.533, 160
Trd, 000059.950, 155
Trd, 000060.183, 158
Trd, 000060.267, 146
Trd, 000060.883, 156
Trd, 000061.400, 160
Trd, 000061.817, 160
Trd, 000062.300, 160
Trd, 000063.217, 160
Trd, 000063.233, 161
Trd, 000063.500, 155
Trd, 000063.650, 147
Trd, 000065.167, 171
Trd, 000066.650, 168
Trd, 000066.950, 172
Trd, 000067.183, 173
Trd, 000067.450, 166
Trd, 000068.817, 170
Trd, 000069.750, 167
Trd, 000071.117, 168
Trd, 000071.700, 168
Trd, 000072.000, 168
Trd, 000072.050, 169
Trd, 000072.633, 170
Trd, 000073.250, 170
Trd, 000073.317, 169
Trd, 000073.683, 170
Trd, 000074.017, 168
Trd, 000074.167, 173
Trd, 000075.017, 166
Trd, 000077.733, 173
Trd, 000078.167, 170
Trd, 000078.683, 172
Trd, 000078.883, 172
Trd, 000079.233, 170
Trd, 000079.450, 169
Trd, 000081.117, 171
Trd, 000081.250, 168
Trd, 000082.083, 173
Trd, 000082.517, 169
Trd, 000082.850, 170
Trd, 000082.900, 174
Trd, 000083.633, 173
Trd, 000083.800, 173
Trd, 000084.533, 171
Trd, 000085.667, 168
Trd, 000085.717, 176
Trd, 000086.583, 167
Trd, 000087.217, 174
Trd, 000087.683, 178
Trd, 000088.367, 170
Trd, 000088.533, 176
Trd, 000089.283, 178
Trd, 000089.767, 172
Trd, 000089.933, 164
Trd, 000091.417, 176
Trd, 000091.433, 174
Trd, 000091.550, 171
Trd, 000091.783, 178
Trd, 000092.983, 171
Trd, 000093.983, 170
Trd, 000094.400, 174
Trd, 000095.583, 174
Trd, 000095.917, 174
Trd, 000096.450, 173
Trd, 000096.800, 171
Trd, 000096.900, 173
Trd, 000097.067, 177
Trd, 000097.500, 177
Trd, 000097.717, 153
Trd, 000098.750, 166
Trd, 000099.717, 167
Trd, 000100.033, 172
Trd, 000100.717, 166
Trd, 000101.200, 168
Trd, 000102.600, 167
Trd, 000102.683, 165
Trd, 000103.167, 167
Trd, 000103.533, 163
Trd, 000103.900, 165
Trd, 000104.150, 166
Trd, 000104.533, 170
Trd, 000105.767, 169
Trd, 000107.450, 174
Trd, 000107.500, 173
Trd, 000107.950, 177
Trd, 000108.000, 172
Trd, 000109.333, 178
Trd, 000109.567, 175
Trd, 000110.717, 176
Trd, 000111.317, 178
Trd, 000111.450, 176
Trd, 000111.467, 179
Trd, 000112.000, 179
Trd, 000112.050, 174
Trd, 000114.283, 173
Trd, 000114.767, 177
Trd, 000114.967, 179
Trd, 000115.200, 176
Trd, 000115.967, 180
Trd, 000116.350, 176
Trd, 000116.817, 175
Trd, 000117.817, 175
Trd, 000117.933, 177
Trd, 000118.117, 175
Trd, 000118.350, 176
Trd, 000119.750, 177
Trd, 000121.600, 175
Trd, 000121.967, 174
Trd, 000122.000, 172
Trd, 000123.050, 173
Trd, 000124.717, 174
Trd, 000125.700, 175
Trd, 000125.883, 177
Trd, 000126.850, 173
Trd, 000127.167, 174
Trd, 000127.783, 173
Trd, 000127.850, 174
Trd, 000128.533, 174
Trd, 000128.600, 173
Trd, 000128.783, 174
Trd, 000128.817, 176
Trd, 000129.200, 167
Trd, 000129.783, 169
Trd, 000129.950, 166
Trd, 000130.050, 182
Trd, 000131.350, 173
Trd, 000131.633, 171
Trd, 000133.017, 179
Trd, 000133.533, 178
Trd, 000133.700, 185
Trd, 000134.567, 174
Trd, 000135.050, 176
Trd, 000135.500, 176
Trd, 000135.550, 188
Trd, 000135.867, 171
Trd, 000136.217, 168
Trd, 000136.733, 183
Trd, 000138.200, 174
Trd, 000138.500, 178
Trd, 000138.833, 173
Trd, 000140.283, 177
Trd, 000140.333, 179
Trd, 000140.950, 176
Trd, 000141.450, 178
Trd, 000141.817, 175
Trd, 000142.300, 174
Trd, 000142.967, 175
Trd, 000143.200, 174
Trd, 000143.467, 176
Trd, 000143.650, 176
Trd, 000144.350, 176
Trd, 000144.767, 172
Trd, 000145.367, 186
Trd, 000145.983, 173
Trd, 000146.817, 183
Trd, 000147.150, 175
Trd, 000148.450, 180
Trd, 000148.750, 177
Trd, 000149.533, 176
Trd, 000150.167, 173
Trd, 000150.350, 170
Trd, 000150.583, 178
Trd, 000151.283, 175
Trd, 000151.433, 164
Trd, 000151.950, 163
Trd, 000152.450, 155
Trd, 000152.767, 172
Trd, 000154.300, 171
Trd, 000154.317, 173
Trd, 000155.317, 174
Trd, 000155.650, 172
Trd, 000155.733, 171
Trd, 000156.800, 174
Trd, 000156.933, 172
Trd, 000157.083, 176
Trd, 000157.600, 171
Trd, 000157.817, 171
Trd, 000158.533, 181
Trd, 000158.567, 178
Trd, 000158.867, 186
Trd, 000159.883, 177
Trd, 000160.483, 179
Trd, 000161.217, 180
Trd, 000161.500, 176
Trd, 000162.217, 176
Trd, 000162.950, 156
Trd, 000163.500, 181
Trd, 000163.583, 188
Trd, 000164.850, 178
Trd, 000165.333, 179
Trd, 000165.450, 178
Trd, 000165.617, 177
Trd, 000166.300, 182
Trd, 000167.533, 181
Trd, 000167.933, 181
Trd, 000168.950, 182
Trd, 000169.017, 184
Trd, 000169.217, 180
Trd, 000169.417, 179
Trd, 000170.133, 179
Trd, 000170.183, 183
Trd, 000170.767, 189
Trd, 000171.117, 178
Trd, 000172.783, 184
Trd, 000172.867, 186
Trd, 000173.050, 158
Trd, 000173.283, 186
Trd, 000173.783, 156
Trd, 000174.833, 182
Trd, 000175.017, 179
Trd, 000177.283, 175
Trd, 000177.467, 176
Trd, 000178.450, 176
Trd, 000178.533, 178
Trd, 000179.700, 177
Trd, 000179.917, 177
Trd, 000180.133, 174
Trd, 000180.450, 175
Trd, 000180.633, 174
Trd, 000180.900, 174
Trd, 000181.667, 174
Trd, 000181.933, 174
Trd, 000182.000, 173
Trd, 000182.933, 176
Trd, 000183.317, 190
Trd, 000184.150, 183
Trd, 000184.467, 178
Trd, 000185.367, 180
Trd, 000186.367, 177
Trd, 000186.850, 181
Trd, 000187.233, 182
Trd, 000187.333, 185
Trd, 000187.867, 178
Trd, 000189.367, 182
Trd, 000190.333, 181
Trd, 000190.383, 181
Trd, 000190.683, 178
Trd, 000191.067, 184
Trd, 000191.533, 186
Trd, 000192.683, 185
Trd, 000192.700, 176
Trd, 000192.983, 176
Trd, 000194.417, 184
Trd, 000195.650, 159
Trd, 000195.800, 168
Trd, 000195.867, 169
Trd, 000195.917, 172
Trd, 000196.517, 161
Trd, 000197.483, 151
Trd, 000197.750, 167
Trd, 000197.933, 168
Trd, 000198.450, 190
Trd, 000198.850, 190
Trd, 000199.617, 183
Trd, 000200.750, 187
Trd, 000201.667, 182
Trd, 000202.083, 183
Trd, 000203.167, 185
Trd, 000205.050, 187
Trd, 000205.067, 186
Trd, 000205.500, 185
Trd, 000205.567, 187
Trd, 000205.833, 182
Trd, 000206.433, 187
Trd, 000207.283, 185
Trd, 000207.600, 188
Trd, 000209.517, 186
Trd, 000209.700, 187
Trd, 000210.133, 184
Trd, 000210.767, 184
Trd, 000211.417, 187
Trd, 000211.900, 184
Trd, 000212.033, 183
Trd, 000212.900, 186
Trd, 000213.500, 186
Trd, 000214.250, 183
Trd, 000214.600, 185
Trd, 000214.800, 183
Trd, 000214.967, 182
Trd, 000216.150, 184
Trd, 000217.183, 184
Trd, 000217.467, 187
Trd, 000218.717, 183
Trd, 000219.550, 182
Trd, 000220.500, 184
Trd, 000221.117, 185
Trd, 000222.150, 185
Trd, 000222.483, 185
Trd, 000223.033, 185
Trd, 000223.417, 187
Trd, 000223.433, 194
Trd, 000223.767, 184
Trd, 000224.333, 184
Trd, 000224.683, 184
Trd, 000224.867, 181
Trd, 000227.633, 177
Trd, 000228.017, 174
Trd, 000228.400, 172
Trd, 000228.733, 171
Trd, 000228.983, 172
Trd, 000229.267, 173
Trd, 000230.167, 169
Trd, 000230.450, 171
Trd, 000230.783, 176
Trd, 000232.100, 170
Trd, 000232.167, 168
Trd, 000232.267, 171
Trd, 000232.417, 172
Trd, 000233.117, 173
Trd, 000234.850, 173
Trd, 000234.933, 195
Trd, 000236.300, 176
Trd, 000236.383, 180
Trd, 000237.017, 176
Trd, 000237.400, 182
Trd, 000237.933, 183
Trd, 000237.983, 179
Trd, 000239.167, 182
Trd, 000239.633, 183
Trd, 000240.633, 180
Trd, 000240.850, 180
Trd, 000240.900, 179
Trd, 000241.333, 178
Trd, 000241.700, 177
Trd, 000241.800, 178
Trd, 000241.933, 180
Trd, 000242.133, 182
Trd, 000243.733, 190
Trd, 000244.417, 183
Trd, 000245.083, 185
Trd, 000245.183, 185
Trd, 000245.550, 184
Trd, 000245.817, 185
Trd, 000245.867, 183
Trd, 000245.950, 183
Trd, 000246.050, 180
Trd, 000246.717, 184
Trd, 000247.750, 182
Trd, 000247.850, 179
Trd, 000248.567, 181
Trd, 000248.817, 183
Trd, 000249.233, 182
Trd, 000250.167, 178
Trd, 000250.317, 181
Trd, 000250.550, 182
Trd, 000250.967, 180
Trd, 000251.167, 182
Trd, 000251.767, 179
Trd, 000252.217, 180
Trd, 000252.500, 182
Trd, 000252.517, 183
Trd, 000253.900, 181
Trd, 000253.967, 180
Trd, 000254.117, 178
Trd, 000254.567, 178
Trd, 000254.717, 180
Trd, 000254.750, 183
Trd, 000255.450, 191
Trd, 000255.817, 183
Trd, 000255.900, 194
Trd, 000256.767, 183
Trd, 000257.017, 184
Trd, 000257.383, 186
Trd, 000257.567, 188
Trd, 000258.333, 187
Trd, 000259.317, 187
Trd, 000259.683, 189
Trd, 000260.133, 170
Trd, 000260.217, 178
Trd, 000260.317, 186
Trd, 000260.467, 188
Trd, 000261.100, 188
Trd, 000261.317, 185
Trd, 000261.833, 188
Trd, 000261.867, 179
Trd, 000262.183, 179
Trd, 000262.817, 187
Trd, 000262.917, 182
Trd, 000263.500, 181
Trd, 000264.450, 182
Trd, 000264.733, 182
Trd, 000265.500, 183
Trd, 000266.133, 185
Trd, 000266.217, 185
Trd, 000266.900, 184
Trd, 000267.083, 188
Trd, 000267.333, 182
Trd, 000268.300, 190
Trd, 000268.467, 182
Trd, 000268.717, 181
Trd, 000268.817, 190
Trd, 000269.933, 185
Trd, 000270.533, 187
Trd, 000271.150, 185
Trd, 000271.633, 186
Trd, 000271.683, 184
Trd, 000271.983, 183
Trd, 000272.033, 189
Trd, 000273.050, 192
Trd, 000273.317, 192
Trd, 000273.567, 191
Trd, 000273.867, 187
Trd, 000274.383, 189
Trd, 000274.567, 189
Trd, 000275.583, 188
Trd, 000276.117, 190
Trd, 000276.267, 188
Trd, 000276.550, 185
Trd, 000276.650, 186
Trd, 000276.967, 184
Trd, 000277.450, 187
Trd, 000277.500, 187
Trd, 000278.050, 184
Trd, 000278.067, 196
Trd, 000278.617, 183
Trd, 000279.767, 186
Trd, 000279.850, 190
Trd, 000280.933, 186
Trd, 000281.517, 187
Trd, 000281.667, 185
Trd, 000281.917, 184
Trd, 000283.433, 189
Trd, 000283.450, 184
Trd, 000283.667, 190
Trd, 000284.400, 183
Trd, 000284.700, 184
Trd, 000285.133, 184
Trd, 000285.400, 200
Trd, 000285.667, 193
Trd, 000285.917, 190
Trd, 000286.550, 194
Trd, 000286.933, 187
Trd, 000287.200, 186
Trd, 000287.400, 183
Trd, 000287.667, 170
Trd, 000288.133, 173
Trd, 000288.550, 184
Trd, 000289.100, 178
Trd, 000289.983, 184
Trd, 000290.633, 178
Trd, 000290.817, 182
Trd, 000290.917, 182
Trd, 000291.650, 184
Trd, 000291.967, 177
Trd, 000292.533, 185
Trd, 000292.783, 169
Trd, 000293.100, 167
Trd, 000293.367, 185
Trd, 000293.417, 186
Trd, 000294.200, 183
Trd, 000294.250, 184
Trd, 000294.617, 169
Trd, 000294.883, 173
Trd, 000296.183, 178
Trd, 000296.217, 181
Trd, 000296.883, 175
Trd, 000297.283, 176
Trd, 000297.733, 178
Trd, 000298.217, 177
Trd, 000298.433, 176
Trd, 000298.467, 174
Trd, 000299.083, 173
Trd, 000299.417, 174
