Trd, 000002.200, 186
Trd, 000003.233, 167
Trd, 000003.317, 163
Trd, 000004.183, 149
Trd, 000004.667, 157
Trd, 000005.267, 149
Trd, 000005.850, 162
Trd, 000007.167, 158
Trd, 000007.300, 159
Trd, 000007.650, 141
Trd, 000007.883, 151
Trd, 000009.000, 154
Trd, 000009.317, 153
Trd, 000010.417, 151
Trd, 000011.317, 152
Trd, 000011.550, 151
Trd, 000011.733, 150
Trd, 000012.050, 153
Trd, 000012.850, 152
Trd, 000014.117, 152
Trd, 000014.167, 148
Trd, 000014.333, 150
Trd, 000014.750, 152
Trd, 000015.200, 149
Trd, 000015.450, 150
Trd, 000015.750, 152
Trd, 000016.500, 162
Trd, 000016.550, 163
Trd, 000016.933, 150
Trd, 000017.633, 167
Trd, 000018.283, 150
Trd, 000019.583, 149
Trd, 000019.817, 148
Trd, 000019.983, 146
Trd, 000020.383, 143
Trd, 000020.433, 146
Trd, 000020.467, 147
Trd, 000020.717, 151
Trd, 000021.067, 153
Trd, 000021.983, 143
Trd, 000022.867, 145
Trd, 000022.967, 145
Trd, 000023.517, 144
Trd, 000024.767, 145
Trd, 000024.883, 143
Trd, 000024.967, 146
Trd, 000025.200, 148
Trd, 000026.017, 152
Trd, 000026.883, 145
Trd, 000027.117, 153
Trd, 000027.417, 161
Trd, 000028.017, 147
Trd, 000028.717, 149
Trd, 000029.167, 148
Trd, 000029.350, 150
Trd, 000029.450, 164
Trd, 000029.567, 147
Trd, 000030.233, 157
Trd, 000030.767, 152
Trd, 000030.967, 161
Trd, 000032.000, 152
Trd, 000033.133, 153
Trd, 000034.100, 153
Trd, 000034.167, 152
Trd, 000034.200, 156
Trd, 000034.333, 157
Trd, 000036.050, 152
Trd, 000036.133, 150
Trd, 000036.383, 151
Trd, 000036.933, 149
Trd, 000037.600, 150
Trd, 000038.033, 148
Trd, 000039.033, 150
Trd, 000039.417, 151
Trd, 000039.667, 152
Trd, 000040.067, 155
Trd, 000040.533, 149
Trd, 000040.667, 148
Trd, 000040.717, 164
Trd, 000041.400, 159
Trd, 000042.217, 161
Trd, 000042.533, 152
Trd, 000044.617, 154
Trd, 000044.967, 153
Trd, 000045.033, 152
Trd, 000045.183, 155
Trd, 000046.150, 152
Trd, 000046.317, 149
Trd, 000046.650, 154
Trd, 000047.017, 155
Trd, 000048.150, 148
Trd, 000048.450, 149
Trd, 000048.667, 155
Trd, 000049.067, 164
Trd, 000050.067, 149
Trd, 000050.683, 146
Trd, 000050.900, 154
Trd, 000051.433, 155
Trd, 000051.850, 143
Trd, 000051.933, 142
Trd, 000052.717, 139
Trd, 000053.417, 148
Trd, 000054.100, 147
Trd, 000054.483, 148
Trd, 000054.733, 146
Trd, 000055.000, 148
Trd, 000055.117, 149
Trd, 000056.267, 152
Trd, 000056.517, 153
Trd, 000056.550, 154
Trd, 000057.250, 157
Trd, 000058.500, 153
Trd, 000058.567, 152
Trd, 000058.583, 146
Trd, 000058.983, 150
Trd, 000059.550, 149
Trd, 000060.750, 149
Trd, 000060.967, 149
Trd, 000061.100, 148
Trd, 000062.933, 150
Trd, 000063.017, 149
Trd, 000063.050, 162
Trd, 000063.983, 150
Trd, 000064.283, 149
Trd, 000064.300, 148
Trd, 000064.483, 151
Trd, 000064.867, 152
Trd, 000065.867, 150
Trd, 000066.000, 153
Trd, 000067.500, 168
Trd, 000067.950, 158
Trd, 000068.033, 157
Trd, 000068.733, 168
Trd, 000069.000, 156
Trd, 000070.283, 156
Trd, 000070.367, 160
Trd, 000070.600, 161
Trd, 000070.750, 158
Trd, 000070.983, 163
Trd, 000071.767, 156
Trd, 000072.000, 156
Trd, 000072.167, 163
Trd, 000072.217, 152
Trd, 000074.217, 151
Trd, 000074.300, 148
Trd, 000074.333, 127
Trd, 000074.967, 151
Trd, 000075.200, 150
Trd, 000076.283, 152
Trd, 000076.467, 151
Trd, 000077.333, 153
Trd, 000077.367, 152
Trd, 000077.617, 151
Trd, 000077.867, 151
Trd, 000078.000, 150
Trd, 000078.183, 150
Trd, 000078.200, 149
Trd, 000078.950, 149
Trd, 000079.233, 151
Trd, 000081.333, 159
Trd, 000081.367, 154
Trd, 000082.100, 170
Trd, 000083.000, 171
Trd, 000083.733, 159
Trd, 000085.400, 158
Trd, 000085.583, 159
Trd, 000085.733, 157
Trd, 000085.800, 161
Trd, 000086.717, 157
Trd, 000086.950, 157
Trd, 000086.967, 152
Trd, 000088.233, 158
Trd, 000088.450, 157
Trd, 000088.517, 160
Trd, 000088.717, 169
Trd, 000089.317, 161
Trd, 000089.367, 156
Trd, 000091.650, 161
Trd, 000091.800, 160
Trd, 000091.917, 162
Trd, 000093.100, 160
Trd, 000093.617, 159
Trd, 000094.000, 161
Trd, 000094.867, 158
Trd, 000094.983, 157
Trd, 000095.867, 157
Trd, 000096.167, 156
Trd, 000096.717, 158
Trd, 000096.783, 156
Trd, 000097.350, 156
Trd, 000097.650, 155
Trd, 000097.867, 158
Trd, 000098.567, 155
Trd, 000098.883, 153
Trd, 000099.033, 161
Trd, 000099.067, 145
Trd, 000099.983, 167
Trd, 000101.417, 169
Trd, 000101.750, 168
Trd, 000103.067, 170
Trd, 000103.350, 169
Trd, 000103.467, 175
Trd, 000103.483, 178
Trd, 000103.600, 161
Trd, 000103.967, 160
Trd, 000104.750, 157
Trd, 000104.883, 156
Trd, 000107.000, 157
Trd, 000107.100, 165
Trd, 000107.567, 163
Trd, 000108.283, 163
Trd, 000108.667, 162
Trd, 000109.467, 160
Trd, 000110.150, 157
Trd, 000110.867, 156
Trd, 000111.133, 155
Trd, 000111.233, 155
Trd, 000111.700, 155
Trd, 000112.067, 153
Trd, 000113.767, 154
Trd, 000113.967, 152
Trd, 000114.917, 154
Trd, 000116.133, 153
Trd, 000116.183, 153
Trd, 000116.200, 153
Trd, 000116.350, 155
Trd, 000116.500, 173
Trd, 000116.750, 174
Trd, 000117.333, 152
Trd, 000118.333, 154
Trd, 000119.883, 157
Trd, 000120.083, 157
Trd, 000120.133, 156
Trd, 000120.317, 158
Trd, 000120.717, 161
Trd, 000121.833, 160
Trd, 000122.150, 156
Trd, 000122.200, 161
Trd, 000122.533, 163
Trd, 000123.483, 169
Trd, 000124.150, 163
Trd, 000124.450, 162
Trd, 000124.550, 156
Trd, 000124.950, 167
Trd, 000125.500, 167
Trd, 000126.083, 174
Trd, 000127.483, 168
Trd, 000128.167, 163
Trd, 000128.733, 163
Trd, 000129.383, 168
Trd, 000130.333, 163
Trd, 000130.350, 162
Trd, 000130.483, 165
Trd, 000130.633, 160
Trd, 000131.650, 166
Trd, 000132.583, 158
Trd, 000132.817, 157
Trd, 000133.067, 165
Trd, 000133.467, 162
Trd, 000133.883, 163
Trd, 000134.033, 160
Trd, 000135.317, 161
Trd, 000136.000, 160
Trd, 000136.250, 158
Trd, 000136.517, 161
Trd, 000136.633, 155
Trd, 000136.900, 162
Trd, 000137.300, 164
Trd, 000138.550, 158
Trd, 000138.767, 165
Trd, 000138.950, 165
Trd, 000139.300, 175
Trd, 000139.967, 177
Trd, 000141.283, 180
Trd, 000141.483, 177
Trd, 000141.600, 168
Trd, 000141.933, 176
Trd, 000141.983, 159
Trd, 000142.217, 155
Trd, 000142.950, 176
Trd, 000144.433, 161
Trd, 000144.550, 163
Trd, 000145.700, 160
Trd, 000145.750, 161
Trd, 000146.533, 161
Trd, 000146.633, 162
Trd, 000147.583, 163
Trd, 000147.683, 165
Trd, 000147.733, 162
Trd, 000148.017, 161
Trd, 000148.683, 160
Trd, 000149.117, 163
Trd, 000149.283, 161
Trd, 000149.600, 159
Trd, 000149.967, 161
Trd, 000150.867, 160
Trd, 000151.550, 149
Trd, 000151.917, 159
Trd, 000152.100, 166
Trd, 000153.000, 157
Trd, 000153.400, 157
Trd, 000153.800, 157
Trd, 000154.583, 156
Trd, 000155.283, 155
Trd, 000155.883, 156
Trd, 000156.650, 158
Trd, 000156.667, 160
Trd, 000156.883, 161
Trd, 000157.417, 164
Trd, 000157.883, 155
Trd, 000158.817, 165
Trd, 000159.450, 167
Trd, 000159.583, 166
Trd, 000159.767, 157
Trd, 000159.817, 178
Trd, 000160.867, 158
Trd, 000162.100, 160
Trd, 000162.567, 158
Trd, 000162.833, 162
Trd, 000163.467, 163
Trd, 000163.617, 158
Trd, 000164.033, 159
Trd, 000164.133, 159
Trd, 000164.867, 157
Trd, 000164.983, 157
Trd, 000165.117, 157
Trd, 000165.200, 160
Trd, 000166.567, 159
Trd, 000166.800, 168
Trd, 000167.117, 157
Trd, 000167.167, 174
Trd, 000168.300, 179
Trd, 000169.417, 164
Trd, 000169.867, 165
Trd, 000170.333, 165
Trd, 000171.300, 166
Trd, 000171.683, 165
Trd, 000171.817, 162
Trd, 000172.333, 167
Trd, 000172.700, 167
Trd, 000173.850, 165
Trd, 000174.833, 165
Trd, 000175.467, 161
Trd, 000175.800, 160
Trd, 000176.317, 163
Trd, 000176.800, 159
Trd, 000176.900, 159
Trd, 000177.350, 158
Trd, 000177.483, 157
Trd, 000178.100, 158
Trd, 000178.500, 162
Trd, 000178.533, 162
Trd, 000178.983, 162
Trd, 000179.233, 159
Trd, 000179.400, 159
Trd, 000179.833, 166
Trd, 000181.350, 161
Trd, 000181.683, 160
Trd, 000182.600, 163
Trd, 000182.733, 161
Trd, 000183.317, 163
Trd, 000183.417, 167
Trd, 000183.733, 161
Trd, 000185.317, 161
Trd, 000185.850, 160
Trd, 000186.100, 162
Trd, 000186.467, 163
Trd, 000186.750, 163
Trd, 000187.183, 168
Trd, 000187.833, 166
Trd, 000189.700, 167
Trd, 000189.867, 165
Trd, 000190.333, 165
Trd, 000191.250, 164
Trd, 000191.850, 164
Trd, 000192.350, 167
Trd, 000192.450, 163
Trd, 000192.650, 169
Trd, 000194.483, 166
Trd, 000194.567, 165
Trd, 000194.667, 160
Trd, 000194.817, 157
Trd, 000196.000, 163
Trd, 000196.467, 158
Trd, 000196.733, 162
Trd, 000197.483, 162
Trd, 000197.900, 163
Trd, 000198.400, 169
Trd, 000198.450, 161
Trd, 000199.333, 176
Trd, 000200.250, 170
Trd, 000200.617, 168
Trd, 000201.233, 172
Trd, 000201.683, 167
Trd, 000202.583, 168
Trd, 000203.467, 170
Trd, 000203.867, 172
Trd, 000204.800, 172
Trd, 000204.983, 171
Trd, 000205.333, 167
Trd, 000205.533, 157
Trd, 000206.183, 162
Trd, 000206.733, 163
Trd, 000206.850, 161
Trd, 000206.900, 166
Trd, 000207.700, 165
Trd, 000208.467, 163
Trd, 000210.117, 164
Trd, 000210.167, 162
Trd, 000210.250, 166
Trd, 000210.783, 163
Trd, 000211.333, 162
Trd, 000211.367, 162
Trd, 000211.400, 163
Trd, 000212.283, 172
Trd, 000212.667, 165
Trd, 000213.250, 178
Trd, 000213.317, 161
Trd, 000213.767, 160
Trd, 000213.883, 159
Trd, 000215.133, 165
Trd, 000215.833, 166
Trd, 000215.867, 169
Trd, 000216.200, 170
Trd, 000217.333, 164
Trd, 000217.700, 169
Trd, 000217.767, 173
Trd, 000217.900, 169
Trd, 000219.117, 169
Trd, 000219.450, 169
Trd, 000219.800, 171
Trd, 000219.967, 171
Trd, 000220.333, 170
Trd, 000220.433, 169
Trd, 000221.417, 170
Trd, 000221.800, 173
Trd, 000222.150, 176
Trd, 000222.350, 177
Trd, 000222.433, 185
Trd, 000223.667, 169
Trd, 000225.117, 183
Trd, 000225.150, 173
Trd, 000225.250, 172
Trd, 000225.750, 172
Trd, 000226.617, 180
Trd, 000226.783, 184
Trd, 000228.000, 180
Trd, 000228.550, 174
Trd, 000228.717, 180
Trd, 000228.767, 172
Trd, 000228.817, 181
Trd, 000229.033, 170
Trd, 000229.267, 167
Trd, 000230.100, 163
Trd, 000230.517, 170
Trd, 000230.950, 177
Trd, 000231.300, 164
Trd, 000231.333, 160
Trd, 000232.417, 173
Trd, 000232.567, 174
Trd, 000232.983, 172
Trd, 000233.950, 170
Trd, 000234.650, 169
Trd, 000235.100, 170
Trd, 000235.283, 167
Trd, 000235.383, 171
Trd, 000235.583, 181
Trd, 000236.750, 177
Trd, 000237.183, 175
Trd, 000237.833, 176
Trd, 000238.450, 173
Trd, 000239.183, 175
Trd, 000239.433, 188
Trd, 000240.350, 170
Trd, 000240.367, 168
Trd, 000240.417, 165
Trd, 000240.950, 186
Trd, 000242.150, 165
Trd, 000242.383, 165
Trd, 000242.517, 168
Trd, 000242.700, 167
Trd, 000242.783, 168
Trd, 000243.317, 168
Trd, 000243.850, 172
Trd, 000244.300, 176
Trd, 000244.467, 168
Trd, 000244.600, 173
Trd, 000245.667, 174
Trd, 000246.150, 172
Trd, 000246.750, 172
Trd, 000246.933, 173
Trd, 000247.000, 174
Trd, 000247.117, 172
Trd, 000247.167, 171
Trd, 000247.400, 170
Trd, 000247.650, 161
Trd, 000248.150, 172
Trd, 000248.500, 167
Trd, 000248.950, 166
Trd, 000250.383, 159
Trd, 000250.483, 162
Trd, 000250.917, 162
Trd, 000251.967, 169
Trd, 000252.200, 166
Trd, 000252.367, 167
Trd, 000252.400, 168
Trd, 000253.067, 176
Trd, 000253.100, 169
Trd, 000253.850, 176
Trd, 000254.267, 174
Trd, 000254.350, 175
Trd, 000255.667, 173
Trd, 000255.700, 174
Trd, 000255.767, 176
Trd, 000257.050, 176
Trd, 000257.683, 180
Trd, 000258.583, 174
Trd, 000258.800, 174
Trd, 000259.850, 174
Trd, 000259.883, 174
Trd, 000260.650, 175
Trd, 000260.833, 176
Trd, 000261.217, 173
Trd, 000261.250, 170
Trd, 000261.300, 178
Trd, 000261.400, 178
Trd, 000261.767, 170
Trd, 000261.917, 171
Trd, 000262.567, 172
Trd, 000262.883, 177
Trd, 000262.983, 179
Trd, 000263.200, 181
Trd, 000263.717, 171
Trd, 000264.433, 179
Trd, 000265.050, 180
Trd, 000265.683, 178
Trd, 000266.650, 174
Trd, 000266.767, 173
Trd, 000267.583, 172
Trd, 000267.783, 171
Trd, 000267.800, 171
Trd, 000268.150, 168
Trd, 000268.200, 170
Trd, 000268.617, 173
Trd, 000269.400, 176
Trd, 000269.550, 176
Trd, 000269.567, 177
Trd, 000270.917, 178
Trd, 000271.183, 180
Trd, 000271.233, 177
Trd, 000271.450, 173
Trd, 000272.100, 169
Trd, 000272.217, 171
Trd, 000272.583, 183
Trd, 000273.250, 168
Trd, 000274.167, 173
Trd, 000275.217, 172
Trd, 000275.333, 171
Trd, 000275.400, 171
Trd, 000275.767, 171
Trd, 000275.817, 175
Trd, 000275.867, 178
Trd, 000276.233, 181
Trd, 000276.283, 187
Trd, 000276.550, 172
Trd, 000276.783, 169
Trd, 000277.050, 182
Trd, 000277.283, 176
Trd, 000277.550, 170
Trd, 000277.867, 170
Trd, 000278.350, 171
Trd, 000278.383, 172
Trd, 000279.267, 170
Trd, 000280.050, 171
Trd, 000280.233, 170
Trd, 000280.367, 169
Trd, 000280.850, 172
Trd, 000280.917, 173
Trd, 000281.700, 168
Trd, 000281.883, 176
Trd, 000282.017, 179
Trd, 000282.383, 186
Trd, 000283.117, 190
Trd, 000283.483, 184
Trd, 000283.733, 183
Trd, 000284.683, 184
Trd, 000284.717, 175
Trd, 000285.433, 169
Trd, 000286.300, 174
Trd, 000286.333, 170
Trd, 000286.833, 174
Trd, 000287.067, 174
Trd, 000287.333, 176
Trd, 000288.517, 172
Trd, 000288.700, 170
Trd, 000289.117, 172
Trd, 000289.733, 172
Trd, 000290.183, 172
Trd, 000290.250, 177
Trd, 000290.450, 170
Trd, 000290.767, 173
Trd, 000291.017, 170
Trd, 000291.467, 177
Trd, 000291.933, 170
Trd, 000292.250, 173
Trd, 000292.333, 180
Trd, 000292.950, 176
Trd, 000293.067, 176
Trd, 000293.283, 176
Trd, 000293.533, 177
Trd, 000295.033, 176
Trd, 000295.100, 174
Trd, 000295.567, 163
Trd, 000295.733, 173
Trd, 000296.350, 174
Trd, 000296.617, 177
Trd, 000296.750, 182
Trd, 000297.750, 173
Trd, 000298.217, 166
Trd, 000298.717, 174
Trd, 000299.050, 178
Trd, 000299.633, 175
Trd, 000299.950, 188
