Trd, 000001.633, 124
Trd, 000001.717, 144
Trd, 000002.667, 131
Trd, 000003.000, 172
Trd, 000003.017, 188
Trd, 000003.633, 179
Trd, 000004.567, 130
Trd, 000004.783, 165
Trd, 000005.567, 130
Trd, 000006.117, 129
Trd, 000006.433, 147
Trd, 000006.850, 148
Trd, 000008.467, 138
Trd, 000008.500, 138
Trd, 000008.817, 142
Trd, 000009.300, 159
Trd, 000010.000, 152
Trd, 000010.083, 150
Trd, 000010.483, 149
Trd, 000010.533, 148
Trd, 000011.200, 132
Trd, 000011.417, 151
Trd, 000012.250, 149
Trd, 000012.867, 148
Trd, 000012.900, 146
Trd, 000013.083, 148
Trd, 000013.150, 150
Trd, 000013.850, 169
Trd, 000015.283, 150
Trd, 000015.583, 151
Trd, 000017.267, 166
Trd, 000017.867, 155
Trd, 000018.683, 150
Trd, 000018.733, 150
Trd, 000018.783, 146
Trd, 000018.933, 153
Trd, 000020.500, 155
Trd, 000020.583, 155
Trd, 000020.600, 153
Trd, 000022.167, 154
Trd, 000022.183, 153
Trd, 000022.833, 155
Trd, 000023.750, 152
Trd, 000025.217, 153
Trd, 000026.350, 154
Trd, 000026.417, 170
Trd, 000026.583, 150
Trd, 000026.833, 150
Trd, 000027.667, 149
Trd, 000028.083, 159
Trd, 000028.600, 168
Trd, 000028.783, 158
Trd, 000028.817, 155
Trd, 000029.017, 170
Trd, 000029.033, 154
Trd, 000029.883, 151
Trd, 000030.350, 151
Trd, 000031.583, 166
Trd, 000031.717, 166
Trd, 000032.733, 151
Trd, 000033.800, 150
Trd, 000034.767, 150
Trd, 000034.783, 151
Trd, 000034.800, 174
Trd, 000036.117, 139
Trd, 000036.217, 148
Trd, 000036.283, 149
Trd, 000036.517, 135
Trd, 000037.133, 169
Trd, 000037.400, 145
Trd, 000037.917, 148
Trd, 000038.217, 152
Trd, 000038.250, 163
Trd, 000039.417, 159
Trd, 000039.583, 161
Trd, 000042.900, 161
Trd, 000043.233, 169
Trd, 000043.767, 172
Trd, 000044.183, 157
Trd, 000044.650, 157
Trd, 000045.367, 166
Trd, 000045.850, 166
Trd, 000046.000, 171
Trd, 000046.200, 156
Trd, 000046.800, 156
Trd, 000047.017, 155
Trd, 000047.400, 155
Trd, 000047.850, 152
Trd, 000047.950, 163
Trd, 000048.333, 147
Trd, 000049.300, 158
Trd, 000050.783, 153
Trd, 000050.833, 157
Trd, 000050.867, 152
Trd, 000051.017, 152
Trd, 000051.150, 149
Trd, 000051.917, 157
Trd, 000052.400, 157
Trd, 000052.533, 153
Trd, 000053.083, 153
Trd, 000053.950, 152
Trd, 000054.050, 172
Trd, 000054.150, 173
Trd, 000054.283, 154
Trd, 000056.317, 154
Trd, 000056.733, 156
Trd, 000057.733, 166
Trd, 000057.750, 156
Trd, 000057.900, 154
Trd, 000058.000, 165
Trd, 000058.817, 155
Trd, 000058.900, 165
Trd, 000060.550, 165
Trd, 000061.083, 170
Trd, 000061.167, 164
Trd, 000061.283, 171
Trd, 000062.067, 163
Trd, 000062.083, 171
Trd, 000062.800, 161
Trd, 000063.267, 165
Trd, 000063.333, 164
Trd, 000064.017, 163
Trd, 000064.400, 154
Trd, 000064.650, 144
Trd, 000065.083, 162
Trd, 000065.583, 168
Trd, 000065.800, 162
Trd, 000066.667, 168
Trd, 000067.283, 160
Trd, 000068.683, 159
Trd, 000068.900, 155
Trd, 000069.750, 153
Trd, 000070.017, 154
Trd, 000070.683, 153
Trd, 000070.883, 153
Trd, 000071.533, 151
Trd, 000071.600, 155
Trd, 000072.567, 174
Trd, 000072.683, 138
Trd, 000072.967, 134
Trd, 000073.500, 138
Trd, 000073.883, 151
Trd, 000074.067, 155
Trd, 000074.983, 147
Trd, 000075.017, 144
Trd, 000075.650, 152
Trd, 000076.083, 174
Trd, 000076.367, 153
Trd, 000076.467, 174
Trd, 000077.183, 175
Trd, 000077.350, 173
Trd, 000077.967, 155
Trd, 000078.333, 152
Trd, 000078.367, 155
Trd, 000079.133, 156
Trd, 000080.667, 160
Trd, 000080.717, 162
Trd, 000081.783, 162
Trd, 000082.800, 175
Trd, 000083.133, 162
Trd, 000083.633, 156
Trd, 000083.933, 175
Trd, 000084.767, 159
Trd, 000084.917, 156
Trd, 000085.483, 171
Trd, 000086.367, 166
Trd, 000086.433, 174
Trd, 000086.933, 152
Trd, 000087.767, 151
Trd, 000087.783, 152
Trd, 000088.300, 142
Trd, 000089.017, 153
Trd, 000090.017, 157
Trd, 000090.100, 161
Trd, 000090.167, 153
Trd, 000091.683, 152
Trd, 000091.833, 153
Trd, 000091.850, 167
Trd, 000092.383, 152
Trd, 000092.450, 179
Trd, 000092.500, 180
Trd, 000092.917, 179
Trd, 000093.550, 154
Trd, 000095.100, 155
Trd, 000095.250, 157
Trd, 000096.667, 152
Trd, 000098.100, 160
Trd, 000098.317, 159
Trd, 000098.750, 159
Trd, 000098.767, 158
Trd, 000098.833, 157
Trd, 000099.133, 160
Trd, 000099.450, 144
Trd, 000099.967, 141
Trd, 000100.233, 157
Trd, 000101.417, 141
Trd, 000101.767, 149
Trd, 000102.400, 149
Trd, 000102.633, 151
Trd, 000102.967, 154
Trd, 000103.067, 158
Trd, 000103.100, 178
Trd, 000103.117, 141
Trd, 000103.283, 181
Trd, 000103.383, 116
Trd, 000104.900, 178
Trd, 000104.950, 181
Trd, 000106.983, 154
Trd, 000107.217, 154
Trd, 000107.250, 153
Trd, 000107.933, 157
Trd, 000109.283, 156
Trd, 000109.383, 157
Trd, 000110.083, 159
Trd, 000110.117, 161
Trd, 000110.217, 156
Trd, 000110.400, 179
Trd, 000111.550, 159
Trd, 000112.100, 171
Trd, 000112.483, 179
Trd, 000112.500, 169
Trd, 000112.717, 167
Trd, 000113.350, 178
Trd, 000113.600, 164
Trd, 000113.850, 180
Trd, 000114.667, 183
Trd, 000114.783, 190
Trd, 000114.950, 149
Trd, 000115.217, 145
Trd, 000116.033, 157
Trd, 000116.900, 153
Trd, 000117.217, 143
Trd, 000117.233, 154
Trd, 000117.800, 151
Trd, 000117.933, 155
Trd, 000119.167, 158
Trd, 000119.850, 153
Trd, 000120.217, 179
Trd, 000120.950, 179
Trd, 000121.617, 148
Trd, 000121.633, 146
Trd, 000122.017, 150
Trd, 000123.167, 158
Trd, 000123.417, 160
Trd, 000123.533, 180
Trd, 000124.483, 156
Trd, 000124.683, 188
Trd, 000124.983, 184
Trd, 000125.367, 159
Trd, 000125.383, 155
Trd, 000126.800, 156
Trd, 000126.950, 158
Trd, 000127.450, 156
Trd, 000127.767, 157
Trd, 000128.417, 155
Trd, 000128.650, 157
Trd, 000129.700, 160
Trd, 000129.850, 161
Trd, 000130.100, 181
Trd, 000130.117, 144
Trd, 000131.233, 172
Trd, 000131.500, 163
Trd, 000131.933, 184
Trd, 000133.433, 169
Trd, 000134.267, 180
Trd, 000134.600, 169
Trd, 000135.067, 163
Trd, 000135.200, 161
Trd, 000135.717, 146
Trd, 000136.233, 161
Trd, 000136.283, 158
Trd, 000136.317, 162
Trd, 000136.800, 179
Trd, 000137.433, 163
Trd, 000137.633, 158
Trd, 000137.767, 167
Trd, 000139.517, 151
Trd, 000139.833, 148
Trd, 000140.683, 156
Trd, 000141.267, 156
Trd, 000141.467, 155
Trd, 000141.717, 152
Trd, 000141.850, 157
Trd, 000142.000, 145
Trd, 000142.933, 156
Trd, 000143.350, 150
Trd, 000143.833, 155
Trd, 000144.933, 151
Trd, 000145.133, 162
Trd, 000146.050, 164
Trd, 000146.817, 171
Trd, 000146.833, 164
Trd, 000146.950, 162
Trd, 000147.833, 163
Trd, 000148.100, 164
Trd, 000148.367, 166
Trd, 000148.667, 165
Trd, 000149.017, 164
Trd, 000149.217, 169
Trd, 000149.733, 170
Trd, 000151.267, 165
Trd, 000152.067, 166
Trd, 000153.000, 176
Trd, 000153.183, 179
Trd, 000153.350, 167
Trd, 000153.417, 182
Trd, 000154.200, 167
Trd, 000154.283, 167
Trd, 000154.717, 165
Trd, 000154.900, 149
Trd, 000155.017, 142
Trd, 000156.217, 179
Trd, 000156.617, 179
Trd, 000156.933, 180
Trd, 000157.367, 162
Trd, 000157.650, 160
Trd, 000157.717, 181
Trd, 000158.050, 182
Trd, 000158.733, 184
Trd, 000159.400, 166
Trd, 000161.033, 168
Trd, 000161.533, 166
Trd, 000162.833, 180
Trd, 000163.150, 179
Trd, 000163.333, 167
Trd, 000163.500, 167
Trd, 000164.633, 165
Trd, 000164.967, 175
Trd, 000165.383, 166
Trd, 000165.867, 170
Trd, 000166.050, 171
Trd, 000166.300, 165
Trd, 000167.283, 165
Trd, 000168.133, 150
Trd, 000168.967, 164
Trd, 000169.867, 162
Trd, 000169.950, 161
Trd, 000170.633, 162
Trd, 000171.050, 161
Trd, 000171.600, 161
Trd, 000171.867, 162
Trd, 000172.400, 150
Trd, 000172.483, 162
Trd, 000172.733, 163
Trd, 000173.267, 166
Trd, 000173.450, 168
Trd, 000173.983, 162
Trd, 000174.133, 164
Trd, 000175.350, 161
Trd, 000175.517, 160
Trd, 000175.550, 165
Trd, 000175.667, 158
Trd, 000176.950, 162
Trd, 000177.400, 179
Trd, 000178.750, 165
Trd, 000180.150, 173
Trd, 000180.983, 169
Trd, 000181.217, 167
Trd, 000181.333, 170
Trd, 000181.617, 166
Trd, 000182.000, 166
Trd, 000182.483, 169
Trd, 000182.883, 165
Trd, 000182.900, 152
Trd, 000183.000, 149
Trd, 000184.367, 166
Trd, 000185.250, 171
Trd, 000185.417, 170
Trd, 000185.583, 166
Trd, 000185.967, 167
Trd, 000186.183, 173
Trd, 000186.217, 174
Trd, 000186.250, 152
Trd, 000186.850, 163
Trd, 000187.200, 172
Trd, 000187.783, 163
Trd, 000188.017, 170
Trd, 000188.050, 171
Trd, 000188.400, 167
Trd, 000188.783, 153
Trd, 000189.250, 177
Trd, 000189.550, 187
Trd, 000190.167, 163
Trd, 000191.417, 165
Trd, 000191.567, 139
Trd, 000191.783, 183
Trd, 000192.333, 167
Trd, 000192.883, 152
Trd, 000193.767, 156
Trd, 000194.000, 181
Trd, 000195.967, 165
Trd, 000196.400, 165
Trd, 000197.017, 164
Trd, 000197.567, 166
Trd, 000197.733, 167
Trd, 000198.750, 164
Trd, 000198.950, 167
Trd, 000199.617, 168
Trd, 000200.033, 185
Trd, 000200.250, 191
Trd, 000200.600, 190
Trd, 000201.600, 183
Trd, 000202.050, 179
Trd, 000202.267, 165
Trd, 000202.583, 154
Trd, 000203.750, 183
Trd, 000203.950, 192
Trd, 000204.150, 180
Trd, 000204.900, 187
Trd, 000205.683, 180
Trd, 000206.483, 180
Trd, 000206.633, 184
Trd, 000206.717, 179
Trd, 000207.717, 178
Trd, 000208.600, 169
Trd, 000209.200, 176
Trd, 000210.083, 175
Trd, 000211.133, 168
Trd, 000211.183, 155
Trd, 000211.500, 167
Trd, 000211.983, 166
Trd, 000212.250, 166
Trd, 000212.417, 154
Trd, 000214.117, 164
Trd, 000214.300, 165
Trd, 000214.367, 166
Trd, 000215.233, 167
Trd, 000215.283, 166
Trd, 000216.183, 167
Trd, 000216.883, 163
Trd, 000217.033, 166
Trd, 000217.267, 161
Trd, 000217.450, 167
Trd, 000217.633, 170
Trd, 000217.667, 161
Trd, 000219.033, 161
Trd, 000219.267, 168
Trd, 000219.867, 185
Trd, 000220.067, 170
Trd, 000220.117, 172
Trd, 000220.917, 171
Trd, 000221.200, 172
Trd, 000221.583, 172
Trd, 000222.550, 172
Trd, 000222.867, 171
Trd, 000222.900, 171
Trd, 000223.583, 172
Trd, 000223.733, 172
Trd, 000224.150, 170
Trd, 000226.717, 172
Trd, 000227.817, 171
Trd, 000227.883, 172
Trd, 000228.067, 171
Trd, 000228.400, 173
Trd, 000229.217, 174
Trd, 000229.300, 171
Trd, 000229.483, 190
Trd, 000229.667, 191
Trd, 000230.833, 173
Trd, 000231.133, 172
Trd, 000231.350, 186
Trd, 000231.983, 171
Trd, 000232.800, 157
Trd, 000233.783, 176
Trd, 000235.383, 171
Trd, 000235.500, 169
Trd, 000235.917, 171
Trd, 000236.217, 170
Trd, 000236.550, 171
Trd, 000237.067, 168
Trd, 000237.083, 174
Trd, 000238.267, 167
Trd, 000238.400, 167
Trd, 000238.433, 170
Trd, 000239.000, 171
Trd, 000239.050, 158
Trd, 000239.367, 157
Trd, 000240.067, 190
Trd, 000240.117, 192
Trd, 000240.167, 175
Trd, 000240.633, 178
Trd, 000241.883, 189
Trd, 000242.683, 183
Trd, 000243.100, 182
Trd, 000243.133, 183
Trd, 000243.400, 181
Trd, 000243.733, 184
Trd, 000244.417, 183
Trd, 000244.667, 180
Trd, 000244.933, 179
Trd, 000245.533, 182
Trd, 000245.633, 173
Trd, 000246.117, 172
Trd, 000246.417, 174
Trd, 000246.517, 179
Trd, 000246.817, 179
Trd, 000247.467, 176
Trd, 000247.783, 177
Trd, 000248.300, 176
Trd, 000248.683, 174
Trd, 000248.783, 173
Trd, 000249.200, 172
Trd, 000250.183, 172
Trd, 000250.783, 171
Trd, 000251.483, 169
Trd, 000251.850, 166
Trd, 000251.983, 172
Trd, 000252.367, 166
Trd, 000252.383, 165
Trd, 000252.500, 162
Trd, 000252.750, 172
Trd, 000253.800, 171
Trd, 000254.233, 165
Trd, 000254.400, 165
Trd, 000254.683, 157
Trd, 000254.917, 172
Trd, 000255.833, 179
Trd, 000256.000, 164
Trd, 000257.067, 164
Trd, 000257.217, 169
Trd, 000257.333, 170
Trd, 000257.483, 168
Trd, 000257.817, 169
Trd, 000258.617, 173
Trd, 000258.983, 171
Trd, 000259.833, 176
Trd, 000260.017, 176
Trd, 000260.383, 175
Trd, 000260.983, 174
Trd, 000261.033, 176
Trd, 000261.050, 181
Trd, 000261.717, 174
Trd, 000262.700, 184
Trd, 000263.067, 173
Trd, 000263.233, 172
Trd, 000263.617, 167
Trd, 000263.833, 169
Trd, 000264.617, 163
Trd, 000264.683, 160
Trd, 000265.267, 175
Trd, 000265.433, 179
Trd, 000265.667, 177
Trd, 000266.117, 174
Trd, 000266.533, 178
Trd, 000266.617, 169
Trd, 000266.683, 168
Trd, 000266.850, 181
Trd, 000267.267, 174
Trd, 000268.317, 169
Trd, 000268.717, 174
Trd, 000268.900, 170
Trd, 000269.367, 170
Trd, 000269.400, 174
Trd, 000269.750, 175
Trd, 000270.517, 188
Trd, 000270.833, 184
Trd, 000271.000, 185
Trd, 000271.683, 185
Trd, 000273.617, 182
Trd, 000273.817, 183
Trd, 000273.967, 179
Trd, 000274.717, 178
Trd, 000275.300, 183
Trd, 000275.417, 182
Trd, 000275.800, 182
Trd, 000276.133, 183
Trd, 000276.333, 178
Trd, 000276.583, 177
Trd, 000276.600, 176
Trd, 000276.700, 182
Trd, 000277.050, 161
Trd, 000277.600, 159
Trd, 000277.617, 155
Trd, 000277.933, 176
Trd, 000278.067, 171
Trd, 000278.567, 183
Trd, 000278.967, 183
Trd, 000279.050, 184
Trd, 000279.350, 186
Trd, 000279.683, 176
Trd, 000279.950, 170
Trd, 000280.117, 169
Trd, 000280.217, 182
Trd, 000280.900, 172
Trd, 000281.050, 168
Trd, 000281.133, 164
Trd, 000281.283, 163
Trd, 000281.300, 183
Trd, 000282.933, 178
Trd, 000282.967, 175
Trd, 000283.433, 169
Trd, 000283.517, 172
Trd, 000283.967, 178
Trd, 000284.033, 176
Trd, 000284.617, 172
Trd, 000285.500, 170
Trd, 000286.700, 171
Trd, 000286.933, 175
Trd, 000287.133, 176
Trd, 000287.333, 176
Trd, 000288.367, 170
Trd, 000288.967, 171
Trd, 000289.017, 176
Trd, 000289.267, 177
Trd, 000289.700, 170
Trd, 000290.167, 170
Trd, 000290.350, 176
Trd, 000290.417, 177
Trd, 000290.583, 177
Trd, 000291.233, 183
Trd, 000291.650, 184
Trd, 000292.117, 169
Trd, 000292.500, 186
Trd, 000294.750, 175
Trd, 000294.867, 176
Trd, 000295.033, 186
Trd, 000295.600, 176
Trd, 000296.150, 185
Trd, 000296.200, 186
Trd, 000296.517, 179
Trd, 000296.667, 179
Trd, 000296.900, 179
Trd, 000297.133, 188
Trd, 000297.150, 177
Trd, 000297.350, 192
Trd, 000297.500, 166
Trd, 000297.533, 163
Trd, 000298.733, 185
Trd, 000298.900, 187
Trd, 000299.483, 179
Trd, 000299.700, 184
Trd, 000299.967, 178
