Trd, 000001.733, 168
Trd, 000001.783, 186
Trd, 000002.300, 172
Trd, 000002.350, 186
Trd, 000004.400, 165
Trd, 000005.017, 144
Trd, 000005.250, 174
Trd, 000006.167, 145
Trd, 000006.717, 146
Trd, 000007.650, 166
Trd, 000008.300, 134
Trd, 000008.433, 135
Trd, 000009.217, 146
Trd, 000009.683, 149
Trd, 000010.300, 132
Trd, 000011.517, 144
Trd, 000011.667, 146
Trd, 000012.333, 140
Trd, 000012.367, 139
Trd, 000012.717, 135
Trd, 000012.783, 136
Trd, 000012.867, 148
Trd, 000013.733, 149
Trd, 000014.350, 151
Trd, 000015.317, 146
Trd, 000015.550, 148
Trd, 000016.433, 148
Trd, 000016.883, 149
Trd, 000017.117, 152
Trd, 000017.333, 146
Trd, 000017.583, 139
Trd, 000018.333, 149
Trd, 000018.750, 137
Trd, 000020.183, 146
Trd, 000020.717, 149
Trd, 000020.767, 149
Trd, 000021.417, 150
Trd, 000022.000, 147
Trd, 000022.550, 146
Trd, 000023.367, 139
Trd, 000023.967, 143
Trd, 000024.067, 143
Trd, 000025.517, 145
Trd, 000025.633, 146
Trd, 000026.083, 148
Trd, 000026.233, 150
Trd, 000026.750, 142
Trd, 000026.833, 151
Trd, 000027.400, 149
Trd, 000028.233, 148
Trd, 000028.867, 150
Trd, 000029.983, 145
Trd, 000030.933, 145
Trd, 000031.783, 134
Trd, 000031.800, 147
Trd, 000032.417, 134
Trd, 000034.433, 144
Trd, 000034.800, 138
Trd, 000034.933, 149
Trd, 000035.867, 148
Trd, 000036.467, 147
Trd, 000036.550, 151
Trd, 000037.767, 151
Trd, 000038.450, 153
Trd, 000039.717, 153
Trd, 000040.283, 155
Trd, 000040.300, 162
Trd, 000040.517, 153
Trd, 000040.567, 151
Trd, 000040.733, 158
Trd, 000040.900, 165
Trd, 000040.967, 166
Trd, 000042.567, 150
Trd, 000043.233, 151
Trd, 000043.400, 148
Trd, 000043.917, 137
Trd, 000044.517, 151
Trd, 000045.117, 141
Trd, 000045.583, 150
Trd, 000046.183, 150
Trd, 000048.350, 144
Trd, 000048.383, 145
Trd, 000048.400, 143
Trd, 000048.667, 149
Trd, 000049.150, 152
Trd, 000049.300, 138
Trd, 000049.867, 155
Trd, 000050.550, 153
Trd, 000051.750, 149
Trd, 000051.933, 153
Trd, 000053.767, 150
Trd, 000054.433, 144
Trd, 000054.917, 143
Trd, 000055.383, 136
Trd, 000055.467, 149
Trd, 000055.717, 150
Trd, 000056.683, 143
Trd, 000056.733, 144
Trd, 000056.817, 149
Trd, 000057.050, 156
Trd, 000057.717, 171
Trd, 000057.867, 138
Trd, 000058.450, 152
Trd, 000059.117, 138
Trd, 000059.367, 151
Trd, 000060.133, 137
Trd, 000060.350, 145
Trd, 000060.833, 148
Trd, 000060.967, 157
Trd, 000061.517, 157
Trd, 000061.867, 141
Trd, 000063.483, 152
Trd, 000064.650, 142
Trd, 000064.783, 151
Trd, 000065.233, 141
Trd, 000065.933, 146
Trd, 000066.050, 147
Trd, 000066.267, 146
Trd, 000066.433, 147
Trd, 000067.117, 154
Trd, 000067.617, 155
Trd, 000068.083, 151
Trd, 000068.350, 151
Trd, 000068.450, 151
Trd, 000068.833, 152
Trd, 000068.850, 140
Trd, 000069.667, 155
Trd, 000071.250, 141
Trd, 000071.867, 151
Trd, 000072.833, 169
Trd, 000072.950, 149
Trd, 000073.133, 171
Trd, 000074.317, 155
Trd, 000075.433, 168
Trd, 000075.500, 167
Trd, 000076.433, 152
Trd, 000078.250, 148
Trd, 000078.333, 156
Trd, 000078.517, 159
Trd, 000078.633, 163
Trd, 000078.817, 163
Trd, 000079.083, 139
Trd, 000080.517, 152
Trd, 000080.883, 153
Trd, 000081.100, 154
Trd, 000081.117, 154
Trd, 000082.967, 152
Trd, 000083.550, 148
Trd, 000083.733, 145
Trd, 000084.983, 149
Trd, 000085.050, 150
Trd, 000085.550, 151
Trd, 000086.450, 151
Trd, 000086.900, 152
Trd, 000086.983, 153
Trd, 000087.167, 156
Trd, 000088.383, 154
Trd, 000088.650, 156
Trd, 000089.767, 153
Trd, 000090.550, 150
Trd, 000090.700, 142
Trd, 000090.800, 140
Trd, 000091.067, 156
Trd, 000092.567, 152
Trd, 000092.900, 153
Trd, 000093.200, 157
Trd, 000093.483, 143
Trd, 000093.617, 160
Trd, 000093.900, 142
Trd, 000094.300, 149
Trd, 000095.550, 150
Trd, 000096.350, 137
Trd, 000096.633, 151
Trd, 000096.933, 155
Trd, 000098.083, 154
Trd, 000098.350, 142
Trd, 000098.600, 158
Trd, 000099.317, 161
Trd, 000099.867, 160
Trd, 000099.933, 168
Trd, 000100.117, 144
Trd, 000100.500, 158
Trd, 000101.700, 162
Trd, 000102.467, 154
Trd, 000103.550, 158
Trd, 000104.133, 163
Trd, 000104.883, 166
Trd, 000105.033, 143
Trd, 000105.150, 165
Trd, 000105.600, 143
Trd, 000106.233, 144
Trd, 000106.600, 151
Trd, 000106.717, 154
Trd, 000106.767, 145
Trd, 000107.117, 154
Trd, 000107.800, 153
Trd, 000108.567, 160
Trd, 000109.183, 161
Trd, 000109.650, 168
Trd, 000110.650, 146
Trd, 000110.933, 157
Trd, 000110.983, 146
Trd, 000111.867, 155
Trd, 000111.883, 159
Trd, 000113.050, 143
Trd, 000114.350, 142
Trd, 000115.200, 148
Trd, 000115.233, 152
Trd, 000115.383, 155
Trd, 000115.417, 159
Trd, 000115.600, 159
Trd, 000115.617, 163
Trd, 000116.233, 141
Trd, 000117.000, 148
Trd, 000118.000, 165
Trd, 000118.183, 166
Trd, 000118.583, 168
Trd, 000118.917, 144
Trd, 000119.933, 146
Trd, 000120.483, 145
Trd, 000121.467, 142
Trd, 000121.917, 160
Trd, 000122.050, 162
Trd, 000122.317, 158
Trd, 000123.683, 146
Trd, 000123.783, 148
Trd, 000124.433, 136
Trd, 000124.533, 160
Trd, 000124.750, 163
Trd, 000125.717, 169
Trd, 000125.783, 157
Trd, 000127.017, 170
Trd, 000127.483, 146
Trd, 000128.367, 171
Trd, 000128.867, 143
Trd, 000129.050, 157
Trd, 000129.217, 147
Trd, 000129.567, 144
Trd, 000129.633, 156
Trd, 000130.167, 157
Trd, 000130.500, 155
Trd, 000131.333, 157
Trd, 000132.300, 157
Trd, 000133.450, 155
Trd, 000133.483, 156
Trd, 000133.633, 157
Trd, 000135.317, 156
Trd, 000135.717, 156
Trd, 000135.817, 152
Trd, 000135.850, 145
Trd, 000136.967, 162
Trd, 000137.183, 160
Trd, 000137.833, 167
Trd, 000138.233, 157
Trd, 000138.350, 145
Trd, 000138.500, 163
Trd, 000139.333, 163
Trd, 000139.617, 158
Trd, 000140.117, 164
Trd, 000141.150, 146
Trd, 000141.317, 155
Trd, 000141.750, 148
Trd, 000143.050, 159
Trd, 000143.733, 155
Trd, 000143.867, 153
Trd, 000144.200, 161
Trd, 000144.817, 145
Trd, 000144.833, 162
Trd, 000145.600, 145
Trd, 000145.717, 176
Trd, 000145.983, 176
Trd, 000146.617, 132
Trd, 000147.450, 156
Trd, 000148.400, 150
Trd, 000149.950, 133
Trd, 000150.383, 148
Trd, 000150.567, 148
Trd, 000150.600, 156
Trd, 000151.083, 152
Trd, 000151.800, 143
Trd, 000152.867, 149
Trd, 000152.933, 159
Trd, 000153.933, 162
Trd, 000154.050, 163
Trd, 000155.000, 160
Trd, 000155.050, 159
Trd, 000155.500, 161
Trd, 000156.833, 164
Trd, 000156.967, 154
Trd, 000157.500, 164
Trd, 000159.217, 150
Trd, 000160.033, 148
Trd, 000160.167, 153
Trd, 000160.933, 153
Trd, 000160.967, 160
Trd, 000161.783, 163
Trd, 000162.400, 160
Trd, 000162.867, 158
Trd, 000163.783, 157
Trd, 000164.083, 158
Trd, 000164.517, 158
Trd, 000165.000, 159
Trd, 000165.600, 153
Trd, 000165.750, 163
Trd, 000166.617, 164
Trd, 000167.017, 167
Trd, 000167.217, 170
Trd, 000169.550, 162
Trd, 000169.983, 162
Trd, 000170.167, 165
Trd, 000170.350, 161
Trd, 000170.450, 154
Trd, 000170.750, 149
Trd, 000171.317, 166
Trd, 000172.367, 148
Trd, 000172.550, 160
Trd, 000173.233, 159
Trd, 000173.750, 160
Trd, 000175.067, 151
Trd, 000175.467, 149
Trd, 000175.950, 160
Trd, 000176.267, 160
Trd, 000176.817, 152
Trd, 000176.983, 161
Trd, 000178.667, 168
Trd, 000178.933, 166
Trd, 000179.283, 176
Trd, 000180.083, 157
Trd, 000180.467, 154
Trd, 000180.900, 170
Trd, 000180.967, 161
Trd, 000181.833, 160
Trd, 000182.283, 162
Trd, 000183.183, 164
Trd, 000183.850, 164
Trd, 000183.950, 166
Trd, 000184.417, 153
Trd, 000185.667, 169
Trd, 000185.967, 152
Trd, 000186.033, 145
Trd, 000186.500, 153
Trd, 000187.417, 150
Trd, 000187.633, 151
Trd, 000187.767, 154
Trd, 000188.117, 177
Trd, 000188.700, 164
Trd, 000188.750, 186
Trd, 000189.550, 171
Trd, 000189.567, 150
Trd, 000190.583, 171
Trd, 000190.683, 163
Trd, 000192.433, 162
Trd, 000192.800, 149
Trd, 000193.000, 136
Trd, 000193.067, 135
Trd, 000193.333, 156
Trd, 000193.700, 153
Trd, 000194.567, 152
Trd, 000194.933, 150
Trd, 000195.017, 160
Trd, 000195.233, 155
Trd, 000196.083, 163
Trd, 000196.833, 167
Trd, 000196.850, 170
Trd, 000197.500, 158
Trd, 000198.983, 164
Trd, 000199.433, 164
Trd, 000199.700, 166
Trd, 000200.183, 165
Trd, 000200.467, 164
Trd, 000200.483, 166
Trd, 000200.733, 166
Trd, 000201.583, 168
Trd, 000201.850, 179
Trd, 000202.683, 160
Trd, 000203.600, 169
Trd, 000203.883, 172
Trd, 000203.933, 173
Trd, 000204.933, 170
Trd, 000205.017, 164
Trd, 000205.883, 156
Trd, 000206.983, 163
Trd, 000208.467, 162
Trd, 000208.600, 163
Trd, 000208.967, 164
Trd, 000209.333, 152
Trd, 000209.867, 165
Trd, 000210.233, 167
Trd, 000210.383, 160
Trd, 000210.433, 158
Trd, 000211.617, 169
Trd, 000212.383, 154
Trd, 000212.567, 155
Trd, 000213.033, 169
Trd, 000213.083, 181
Trd, 000213.767, 182
Trd, 000214.033, 166
Trd, 000214.167, 166
Trd, 000214.300, 183
Trd, 000215.250, 165
Trd, 000217.767, 163
Trd, 000218.333, 155
Trd, 000219.383, 152
Trd, 000220.117, 153
Trd, 000220.617, 155
Trd, 000221.017, 156
Trd, 000221.333, 155
Trd, 000221.433, 157
Trd, 000222.117, 163
Trd, 000222.300, 170
Trd, 000222.367, 154
Trd, 000223.500, 168
Trd, 000224.150, 169
Trd, 000224.917, 157
Trd, 000224.983, 173
Trd, 000226.533, 166
Trd, 000227.467, 157
Trd, 000227.817, 163
Trd, 000227.833, 169
Trd, 000227.900, 171
Trd, 000229.000, 170
Trd, 000229.250, 168
Trd, 000229.617, 171
Trd, 000230.317, 171
Trd, 000231.567, 168
Trd, 000233.300, 168
Trd, 000233.483, 167
Trd, 000233.833, 168
Trd, 000234.917, 164
Trd, 000235.250, 166
Trd, 000235.400, 174
Trd, 000236.033, 170
Trd, 000236.383, 171
Trd, 000236.467, 180
Trd, 000236.700, 160
Trd, 000237.367, 155
Trd, 000237.783, 133
Trd, 000238.700, 158
Trd, 000239.550, 156
Trd, 000239.667, 155
Trd, 000239.917, 156
Trd, 000240.950, 165
Trd, 000241.017, 166
Trd, 000241.100, 168
Trd, 000241.117, 163
Trd, 000241.433, 175
Trd, 000241.450, 168
Trd, 000242.317, 169
Trd, 000243.667, 168
Trd, 000243.900, 169
Trd, 000244.183, 171
Trd, 000244.400, 172
Trd, 000244.750, 173
Trd, 000244.917, 173
Trd, 000245.033, 173
Trd, 000245.567, 175
Trd, 000246.017, 182
Trd, 000246.517, 181
Trd, 000246.633, 189
Trd, 000246.967, 180
Trd, 000247.367, 171
Trd, 000247.717, 169
Trd, 000248.067, 173
Trd, 000248.333, 157
Trd, 000248.467, 161
Trd, 000248.500, 174
Trd, 000248.800, 174
Trd, 000249.567, 174
Trd, 000249.783, 187
Trd, 000249.800, 169
Trd, 000250.667, 159
Trd, 000252.067, 166
Trd, 000252.300, 167
Trd, 000253.033, 175
Trd, 000253.367, 174
Trd, 000253.667, 171
Trd, 000253.950, 186
Trd, 000255.117, 180
Trd, 000255.700, 177
Trd, 000255.833, 175
Trd, 000256.067, 178
Trd, 000256.200, 181
Trd, 000256.500, 177
Trd, 000256.917, 172
Trd, 000257.233, 179
Trd, 000257.317, 180
Trd, 000257.500, 183
Trd, 000257.583, 179
Trd, 000258.033, 170
Trd, 000258.850, 162
Trd, 000259.050, 182
Trd, 000259.400, 181
Trd, 000259.500, 178
Trd, 000260.000, 174
Trd, 000260.967, 158
Trd, 000261.500, 170
Trd, 000262.033, 165
Trd, 000262.467, 165
Trd, 000263.250, 158
Trd, 000263.767, 157
Trd, 000264.350, 163
Trd, 000265.000, 164
Trd, 000265.033, 167
Trd, 000265.767, 174
Trd, 000265.783, 173
Trd, 000266.183, 174
Trd, 000266.600, 169
Trd, 000266.983, 174
Trd, 000267.850, 164
Trd, 000268.117, 169
Trd, 000268.383, 160
Trd, 000268.483, 159
Trd, 000268.783, 169
Trd, 000269.400, 173
Trd, 000269.417, 175
Trd, 000269.767, 177
Trd, 000269.917, 173
Trd, 000270.233, 181
Trd, 000270.783, 175
Trd, 000271.167, 175
Trd, 000271.300, 177
Trd, 000271.450, 178
Trd, 000272.083, 179
Trd, 000272.550, 185
Trd, 000272.667, 189
Trd, 000273.517, 183
Trd, 000273.600, 187
Trd, 000274.350, 185
Trd, 000274.567, 186
Trd, 000275.200, 171
Trd, 000275.533, 159
Trd, 000275.717, 159
Trd, 000276.617, 162
Trd, 000277.433, 167
Trd, 000278.083, 166
Trd, 000278.600, 162
Trd, 000278.617, 159
Trd, 000279.067, 163
Trd, 000279.417, 164
Trd, 000279.600, 159
Trd, 000279.733, 164
Trd, 000279.933, 169
Trd, 000280.283, 175
Trd, 000280.450, 179
Trd, 000280.983, 181
Trd, 000281.100, 180
Trd, 000281.283, 176
Trd, 000282.583, 176
Trd, 000283.067, 162
Trd, 000283.950, 167
Trd, 000284.050, 172
Trd, 000284.367, 159
Trd, 000284.450, 159
Trd, 000285.500, 169
Trd, 000286.133, 156
Trd, 000286.150, 155
Trd, 000286.233, 162
Trd, 000286.900, 169
Trd, 000287.083, 176
Trd, 000287.150, 177
Trd, 000287.817, 179
Trd, 000287.833, 188
Trd, 000287.950, 190
Trd, 000288.067, 185
Trd, 000288.617, 180
Trd, 000289.017, 193
Trd, 000290.000, 173
Trd, 000290.133, 189
Trd, 000290.283, 201
Trd, 000290.667, 194
Trd, 000290.983, 167
Trd, 000291.850, 184
Trd, 000292.283, 174
Trd, 000292.517, 173
Trd, 000293.450, 163
Trd, 000293.550, 177
Trd, 000294.417, 174
Trd, 000294.517, 162
Trd, 000294.983, 173
Trd, 000295.067, 160
Trd, 000295.367, 172
Trd, 000295.450, 173
Trd, 000295.900, 167
Trd, 000295.917, 173
Trd, 000296.217, 164
Trd, 000296.583, 164
Trd, 000296.733, 188
Trd, 000297.300, 164
Trd, 000297.600, 170
Trd, 000297.800, 163
Trd, 000297.900, 177
Trd, 000298.017, 178
Trd, 000298.600, 181
Trd, 000298.700, 192
Trd, 000299.033, 186
Trd, 000299.367, 174
Trd, 000299.733, 161
Trd, 000299.917, 192
