Trd, 000000.433, 103
Trd, 000001.033, 151
Trd, 000003.633, 166
Trd, 000004.150, 166
Trd, 000004.183, 164
Trd, 000004.750, 164
Trd, 000004.800, 163
Trd, 000004.817, 161
Trd, 000005.133, 155
Trd, 000006.083, 134
Trd, 000006.750, 158
Trd, 000007.317, 156
Trd, 000008.100, 151
Trd, 000008.117, 150
Trd, 000008.483, 158
Trd, 000008.767, 159
Trd, 000009.233, 141
Trd, 000010.117, 149
Trd, 000010.517, 171
Trd, 000011.150, 170
Trd, 000011.283, 171
Trd, 000011.483, 166
Trd, 000011.617, 164
Trd, 000012.700, 165
Trd, 000013.433, 163
Trd, 000014.283, 161
Trd, 000014.350, 156
Trd, 000014.883, 141
Trd, 000014.950, 128
Trd, 000015.267, 151
Trd, 000015.533, 160
Trd, 000015.983, 158
Trd, 000016.933, 158
Trd, 000017.000, 157
Trd, 000018.267, 155
Trd, 000018.767, 171
Trd, 000019.383, 158
Trd, 000019.633, 155
Trd, 000019.900, 155
Trd, 000020.150, 154
Trd, 000020.217, 156
Trd, 000022.067, 157
Trd, 000022.633, 156
Trd, 000023.000, 157
Trd, 000023.467, 153
Trd, 000024.117, 155
Trd, 000024.317, 154
Trd, 000024.567, 154
Trd, 000025.217, 154
Trd, 000025.350, 152
Trd, 000025.617, 138
Trd, 000027.333, 160
Trd, 000027.533, 157
Trd, 000028.217, 156
Trd, 000028.383, 155
Trd, 000028.750, 155
Trd, 000029.417, 158
Trd, 000029.900, 158
Trd, 000030.583, 159
Trd, 000030.933, 155
Trd, 000031.617, 161
Trd, 000032.017, 154
Trd, 000032.417, 165
Trd, 000033.317, 161
Trd, 000033.533, 154
Trd, 000034.317, 153
Trd, 000035.017, 157
Trd, 000036.667, 154
Trd, 000036.767, 155
Trd, 000038.117, 157
Trd, 000038.250, 156
Trd, 000038.283, 155
Trd, 000038.650, 158
Trd, 000038.950, 158
Trd, 000039.533, 156
Trd, 000040.483, 158
Trd, 000040.633, 158
Trd, 000040.883, 161
Trd, 000041.133, 159
Trd, 000043.433, 159
Trd, 000043.917, 156
Trd, 000044.333, 155
Trd, 000044.717, 147
Trd, 000044.750, 148
Trd, 000044.933, 158
Trd, 000045.350, 160
Trd, 000045.583, 156
Trd, 000045.600, 166
Trd, 000046.350, 159
Trd, 000046.450, 157
Trd, 000046.833, 158
Trd, 000047.750, 159
Trd, 000048.517, 158
Trd, 000048.633, 156
Trd, 000048.683, 140
Trd, 000048.800, 159
Trd, 000049.950, 152
Trd, 000050.333, 152
Trd, 000051.083, 151
Trd, 000051.450, 153
Trd, 000051.900, 156
Trd, 000052.250, 153
Trd, 000053.583, 154
Trd, 000054.533, 159
Trd, 000054.750, 160
Trd, 000054.850, 157
Trd, 000054.867, 158
Trd, 000055.217, 161
Trd, 000055.600, 157
Trd, 000055.900, 156
Trd, 000056.967, 157
Trd, 000057.050, 167
Trd, 000057.617, 156
Trd, 000057.783, 176
Trd, 000058.017, 162
Trd, 000058.050, 161
Trd, 000059.683, 162
Trd, 000059.883, 161
Trd, 000060.033, 160
Trd, 000060.750, 157
Trd, 000061.617, 148
Trd, 000062.367, 158
Trd, 000062.717, 155
Trd, 000062.900, 149
Trd, 000064.500, 153
Trd, 000064.767, 151
Trd, 000064.900, 152
Trd, 000065.217, 153
Trd, 000066.100, 162
Trd, 000066.550, 164
Trd, 000066.883, 178
Trd, 000067.650, 182
Trd, 000067.717, 176
Trd, 000067.983, 164
Trd, 000068.383, 184
Trd, 000068.617, 169
Trd, 000070.567, 180
Trd, 000070.600, 171
Trd, 000070.767, 180
Trd, 000070.833, 169
Trd, 000070.933, 163
Trd, 000071.550, 174
Trd, 000071.683, 162
Trd, 000072.533, 158
Trd, 000073.600, 161
Trd, 000073.700, 161
Trd, 000073.850, 161
Trd, 000074.617, 179
Trd, 000075.267, 167
Trd, 000075.450, 164
Trd, 000075.500, 161
Trd, 000076.200, 186
Trd, 000077.083, 168
Trd, 000077.217, 171
Trd, 000078.200, 170
Trd, 000078.717, 168
Trd, 000078.900, 167
Trd, 000079.167, 166
Trd, 000079.317, 163
Trd, 000079.883, 159
Trd, 000081.050, 162
Trd, 000081.233, 162
Trd, 000081.583, 162
Trd, 000081.700, 167
Trd, 000081.733, 160
Trd, 000082.150, 168
Trd, 000082.433, 165
Trd, 000082.667, 163
Trd, 000083.017, 150
Trd, 000083.783, 166
Trd, 000084.383, 158
Trd, 000086.000, 160
Trd, 000086.833, 160
Trd, 000087.233, 152
Trd, 000087.350, 158
Trd, 000088.033, 159
Trd, 000089.117, 157
Trd, 000089.667, 155
Trd, 000090.233, 155
Trd, 000090.417, 159
Trd, 000091.350, 158
Trd, 000091.700, 159
Trd, 000092.167, 157
Trd, 000092.233, 157
Trd, 000092.950, 152
Trd, 000093.217, 156
Trd, 000093.650, 160
Trd, 000094.733, 166
Trd, 000094.983, 167
Trd, 000095.333, 167
Trd, 000095.600, 165
Trd, 000095.850, 171
Trd, 000095.883, 164
Trd, 000096.383, 165
Trd, 000097.200, 179
Trd, 000097.517, 181
Trd, 000097.783, 166
Trd, 000098.917, 175
Trd, 000099.033, 166
Trd, 000099.333, 176
Trd, 000099.633, 164
Trd, 000099.817, 161
Trd, 000099.850, 165
Trd, 000101.067, 170
Trd, 000102.300, 170
Trd, 000102.550, 167
Trd, 000102.700, 167
Trd, 000102.850, 165
Trd, 000102.967, 161
Trd, 000103.300, 155
Trd, 000103.883, 181
Trd, 000105.483, 160
Trd, 000105.517, 156
Trd, 000106.633, 168
Trd, 000106.667, 162
Trd, 000106.917, 169
Trd, 000107.600, 169
Trd, 000108.200, 168
Trd, 000108.400, 166
Trd, 000108.517, 165
Trd, 000108.800, 163
Trd, 000109.000, 172
Trd, 000111.017, 156
Trd, 000111.133, 157
Trd, 000111.617, 159
Trd, 000111.700, 155
Trd, 000112.917, 158
Trd, 000113.250, 155
Trd, 000113.433, 158
Trd, 000114.150, 162
Trd, 000115.367, 160
Trd, 000115.500, 161
Trd, 000115.683, 157
Trd, 000115.767, 167
Trd, 000116.450, 157
Trd, 000116.617, 154
Trd, 000117.750, 167
Trd, 000117.767, 168
Trd, 000118.217, 167
Trd, 000119.917, 160
Trd, 000120.417, 159
Trd, 000120.633, 156
Trd, 000121.033, 158
Trd, 000121.300, 156
Trd, 000121.633, 159
Trd, 000121.700, 156
Trd, 000122.183, 159
Trd, 000123.283, 158
Trd, 000123.900, 160
Trd, 000123.983, 163
Trd, 000124.817, 167
Trd, 000125.150, 165
Trd, 000126.433, 164
Trd, 000126.500, 163
Trd, 000126.583, 162
Trd, 000126.917, 166
Trd, 000128.600, 160
Trd, 000128.733, 159
Trd, 000129.550, 160
Trd, 000130.400, 159
Trd, 000130.417, 159
Trd, 000130.617, 158
Trd, 000130.717, 161
Trd, 000130.867, 164
Trd, 000131.017, 175
Trd, 000131.250, 162
Trd, 000131.667, 160
Trd, 000133.750, 159
Trd, 000133.833, 160
Trd, 000134.050, 163
Trd, 000134.117, 164
Trd, 000134.783, 165
Trd, 000134.850, 185
Trd, 000136.000, 165
Trd, 000136.033, 164
Trd, 000136.333, 165
Trd, 000137.833, 168
Trd, 000138.100, 168
Trd, 000138.283, 171
Trd, 000138.567, 167
Trd, 000139.000, 164
Trd, 000139.200, 156
Trd, 000140.000, 168
Trd, 000140.267, 176
Trd, 000140.317, 152
Trd, 000140.533, 150
Trd, 000141.067, 185
Trd, 000142.400, 165
Trd, 000142.500, 162
Trd, 000143.050, 169
Trd, 000144.100, 171
Trd, 000144.667, 171
Trd, 000145.000, 172
Trd, 000145.300, 178
Trd, 000146.550, 172
Trd, 000147.117, 173
Trd, 000147.167, 174
Trd, 000147.383, 172
Trd, 000148.717, 173
Trd, 000148.833, 172
Trd, 000149.083, 170
Trd, 000149.233, 175
Trd, 000149.500, 177
Trd, 000149.683, 195
Trd, 000149.883, 169
Trd, 000150.683, 168
Trd, 000152.083, 173
Trd, 000152.317, 175
Trd, 000152.683, 167
Trd, 000153.633, 169
Trd, 000153.950, 170
Trd, 000155.117, 171
Trd, 000155.200, 170
Trd, 000155.733, 171
Trd, 000155.767, 169
Trd, 000155.817, 166
Trd, 000156.100, 158
Trd, 000157.133, 169
Trd, 000157.183, 165
Trd, 000157.383, 163
Trd, 000157.883, 170
Trd, 000157.917, 172
Trd, 000158.150, 161
Trd, 000158.733, 153
Trd, 000159.750, 167
Trd, 000160.433, 168
Trd, 000161.700, 167
Trd, 000161.800, 167
Trd, 000161.900, 165
Trd, 000162.550, 160
Trd, 000163.717, 163
Trd, 000163.783, 164
Trd, 000163.917, 165
Trd, 000164.150, 162
Trd, 000164.983, 164
Trd, 000165.350, 164
Trd, 000165.517, 161
Trd, 000165.983, 166
Trd, 000166.783, 167
Trd, 000167.467, 163
Trd, 000168.617, 165
Trd, 000168.750, 168
Trd, 000169.200, 172
Trd, 000169.417, 172
Trd, 000169.567, 171
Trd, 000170.267, 171
Trd, 000170.700, 179
Trd, 000171.050, 172
Trd, 000171.750, 168
Trd, 000172.450, 171
Trd, 000173.333, 171
Trd, 000173.600, 170
Trd, 000174.117, 180
Trd, 000175.200, 170
Trd, 000175.817, 173
Trd, 000176.033, 174
Trd, 000176.483, 172
Trd, 000177.200, 171
Trd, 000177.667, 169
Trd, 000178.333, 168
Trd, 000178.500, 172
Trd, 000178.617, 167
Trd, 000178.800, 173
Trd, 000179.850, 158
Trd, 000180.800, 169
Trd, 000181.083, 173
Trd, 000181.200, 174
Trd, 000182.217, 168
Trd, 000183.467, 172
Trd, 000183.783, 175
Trd, 000183.850, 174
Trd, 000184.067, 176
Trd, 000184.933, 176
Trd, 000185.800, 175
Trd, 000185.883, 176
Trd, 000186.467, 177
Trd, 000186.700, 173
Trd, 000187.600, 175
Trd, 000187.917, 174
Trd, 000188.150, 180
Trd, 000188.667, 181
Trd, 000188.683, 169
Trd, 000189.567, 188
Trd, 000190.817, 160
Trd, 000191.267, 174
Trd, 000191.767, 175
Trd, 000192.700, 174
Trd, 000193.083, 174
Trd, 000193.233, 171
Trd, 000193.700, 175
Trd, 000193.950, 176
Trd, 000194.767, 173
Trd, 000195.533, 171
Trd, 000195.783, 170
Trd, 000196.250, 169
Trd, 000196.867, 175
Trd, 000197.133, 177
Trd, 000198.433, 175
Trd, 000198.917, 172
Trd, 000199.483, 173
Trd, 000199.683, 171
Trd, 000199.933, 171
Trd, 000200.233, 175
Trd, 000200.850, 166
Trd, 000200.933, 173
Trd, 000202.000, 165
Trd, 000202.833, 171
Trd, 000202.933, 163
Trd, 000204.133, 173
Trd, 000204.433, 160
Trd, 000204.567, 158
Trd, 000204.617, 176
Trd, 000206.150, 176
Trd, 000206.450, 175
Trd, 000206.650, 172
Trd, 000208.217, 175
Trd, 000208.650, 181
Trd, 000208.800, 175
Trd, 000209.333, 176
Trd, 000209.467, 177
Trd, 000209.533, 177
Trd, 000209.983, 176
Trd, 000210.550, 175
Trd, 000211.683, 176
Trd, 000212.033, 178
Trd, 000212.817, 177
Trd, 000213.100, 178
Trd, 000213.200, 176
Trd, 000213.383, 175
Trd, 000214.283, 176
Trd, 000214.317, 173
Trd, 000215.183, 164
Trd, 000215.833, 174
Trd, 000216.567, 173
Trd, 000216.767, 174
Trd, 000216.783, 148
Trd, 000217.350, 182
Trd, 000217.367, 183
Trd, 000218.917, 188
Trd, 000220.067, 180
Trd, 000220.450, 180
Trd, 000220.617, 179
Trd, 000220.883, 177
Trd, 000222.117, 177
Trd, 000222.250, 177
Trd, 000222.567, 184
Trd, 000222.617, 173
Trd, 000223.517, 194
Trd, 000223.533, 173
Trd, 000223.750, 173
Trd, 000224.750, 165
Trd, 000225.267, 164
Trd, 000226.583, 167
Trd, 000227.700, 176
Trd, 000227.967, 175
Trd, 000228.167, 174
Trd, 000228.500, 175
Trd, 000230.417, 173
Trd, 000230.433, 172
Trd, 000230.933, 175
Trd, 000231.083, 180
Trd, 000231.250, 172
Trd, 000231.417, 171
Trd, 000231.600, 176
Trd, 000232.217, 177
Trd, 000232.417, 181
Trd, 000232.700, 184
Trd, 000232.933, 170
Trd, 000233.617, 171
Trd, 000235.017, 180
Trd, 000235.067, 180
Trd, 000235.817, 182
Trd, 000236.867, 184
Trd, 000237.800, 183
Trd, 000237.850, 181
Trd, 000239.333, 182
Trd, 000239.450, 185
Trd, 000240.000, 180
Trd, 000240.150, 190
Trd, 000240.417, 182
Trd, 000240.933, 184
Trd, 000241.067, 183
Trd, 000241.267, 184
Trd, 000241.600, 183
Trd, 000242.350, 182
Trd, 000242.867, 179
Trd, 000243.067, 179
Trd, 000243.267, 178
Trd, 000243.667, 181
Trd, 000244.100, 182
Trd, 000244.583, 178
Trd, 000245.067, 182
Trd, 000245.300, 180
Trd, 000245.517, 179
Trd, 000245.667, 181
Trd, 000245.833, 183
Trd, 000246.100, 181
Trd, 000246.167, 183
Trd, 000247.200, 182
Trd, 000247.250, 180
Trd, 000247.867, 175
Trd, 000248.350, 179
Trd, 000248.500, 171
Trd, 000248.717, 176
Trd, 000248.867, 180
Trd, 000249.167, 183
Trd, 000249.950, 186
Trd, 000250.067, 185
Trd, 000250.933, 185
Trd, 000250.950, 184
Trd, 000251.783, 183
Trd, 000251.850, 183
Trd, 000252.017, 182
Trd, 000252.150, 173
Trd, 000252.233, 180
Trd, 000252.767, 168
Trd, 000252.867, 180
Trd, 000254.400, 177
Trd, 000254.450, 183
Trd, 000254.867, 179
Trd, 000255.183, 179
Trd, 000255.517, 179
Trd, 000255.833, 181
Trd, 000256.050, 181
Trd, 000256.367, 186
Trd, 000256.550, 178
Trd, 000256.917, 187
Trd, 000257.850, 182
Trd, 000258.883, 184
Trd, 000259.267, 183
Trd, 000259.383, 196
Trd, 000259.600, 185
Trd, 000260.167, 189
Trd, 000260.733, 189
Trd, 000260.900, 191
Trd, 000261.267, 192
Trd, 000261.450, 189
Trd, 000261.850, 186
Trd, 000262.100, 181
Trd, 000262.483, 181
Trd, 000262.750, 174
Trd, 000264.617, 179
Trd, 000264.700, 180
Trd, 000265.050, 179
Trd, 000265.333, 182
Trd, 000265.567, 178
Trd, 000265.967, 178
Trd, 000266.367, 177
Trd, 000266.917, 178
Trd, 000268.000, 182
Trd, 000268.083, 182
Trd, 000269.050, 179
Trd, 000269.083, 183
Trd, 000269.317, 182
Trd, 000269.383, 179
Trd, 000269.550, 184
Trd, 000269.600, 179
Trd, 000269.950, 178
Trd, 000270.133, 182
Trd, 000271.317, 175
Trd, 000271.617, 175
Trd, 000271.783, 180
Trd, 000271.800, 185
Trd, 000272.200, 188
Trd, 000272.400, 182
Trd, 000273.667, 184
Trd, 000274.083, 183
Trd, 000274.300, 182
Trd, 000274.500, 182
Trd, 000274.850, 181
Trd, 000276.033, 180
Trd, 000276.200, 179
Trd, 000276.333, 178
Trd, 000276.883, 180
Trd, 000277.117, 180
Trd, 000277.650, 177
Trd, 000278.467, 177
Trd, 000278.717, 177
Trd, 000279.017, 176
Trd, 000279.183, 175
Trd, 000280.150, 176
Trd, 000280.200, 178
Trd, 000280.950, 178
Trd, 000281.167, 177
Trd, 000281.383, 179
Trd, 000281.433, 179
Trd, 000281.683, 176
Trd, 000282.300, 170
Trd, 000283.067, 180
Trd, 000283.200, 179
Trd, 000283.367, 180
Trd, 000284.217, 170
Trd, 000284.717, 181
Trd, 000284.767, 179
Trd, 000284.933, 180
Trd, 000285.050, 183
Trd, 000285.417, 186
Trd, 000285.767, 176
Trd, 000285.867, 188
Trd, 000286.000, 176
Trd, 000286.550, 183
Trd, 000287.250, 184
Trd, 000287.650, 194
Trd, 000287.950, 193
Trd, 000288.667, 189
Trd, 000288.683, 191
Trd, 000289.417, 186
Trd, 000289.450, 184
Trd, 000289.950, 185
Trd, 000290.300, 184
Trd, 000290.367, 181
Trd, 000290.817, 184
Trd, 000290.850, 180
Trd, 000291.133, 181
Trd, 000292.733, 180
Trd, 000292.983, 176
Trd, 000293.183, 184
Trd, 000294.100, 185
Trd, 000294.317, 179
Trd, 000294.667, 182
Trd, 000295.983, 186
Trd, 000296.050, 183
Trd, 000296.117, 180
Trd, 000296.317, 187
Trd, 000296.517, 179
Trd, 000296.700, 177
Trd, 000297.283, 185
Trd, 000298.033, 182
Trd, 000298.417, 182
Trd, 000298.683, 181
Trd, 000298.833, 177
Trd, 000299.550, 177
Trd, 000299.867, 185
