Trd, 000002.467, 146
Trd, 000002.817, 153
Trd, 000002.933, 145
Trd, 000003.583, 155
Trd, 000004.000, 155
Trd, 000004.050, 157
Trd, 000004.200, 149
Trd, 000005.250, 152
Trd, 000005.583, 156
Trd, 000006.383, 136
Trd, 000007.350, 144
Trd, 000007.567, 138
Trd, 000008.700, 134
Trd, 000008.733, 133
Trd, 000008.833, 141
Trd, 000009.050, 142
Trd, 000009.533, 145
Trd, 000010.883, 143
Trd, 000011.000, 144
Trd, 000011.650, 145
Trd, 000012.750, 143
Trd, 000012.817, 144
Trd, 000012.867, 149
Trd, 000013.050, 152
Trd, 000013.367, 142
Trd, 000014.183, 148
Trd, 000015.083, 150
Trd, 000015.433, 166
Trd, 000015.767, 156
Trd, 000016.383, 149
Trd, 000016.933, 138
Trd, 000017.617, 155
Trd, 000017.950, 139
Trd, 000019.633, 150
Trd, 000019.717, 154
Trd, 000020.050, 154
Trd, 000020.333, 155
Trd, 000021.000, 151
Trd, 000021.167, 154
Trd, 000023.017, 153
Trd, 000023.050, 151
Trd, 000023.817, 150
Trd, 000024.267, 153
Trd, 000024.583, 152
Trd, 000024.767, 153
Trd, 000024.950, 151
Trd, 000025.583, 148
Trd, 000026.367, 150
Trd, 000026.800, 151
Trd, 000026.933, 144
Trd, 000027.383, 152
Trd, 000028.667, 149
Trd, 000029.417, 144
Trd, 000029.817, 149
Trd, 000030.433, 149
Trd, 000030.767, 147
Trd, 000031.450, 146
Trd, 000031.550, 148
Trd, 000031.733, 173
Trd, 000032.167, 145
Trd, 000033.967, 144
Trd, 000034.100, 143
Trd, 000035.050, 143
Trd, 000035.283, 138
Trd, 000036.100, 138
Trd, 000036.683, 140
Trd, 000036.900, 139
Trd, 000037.033, 141
Trd, 000037.233, 138
Trd, 000037.400, 140
Trd, 000038.217, 147
Trd, 000038.600, 142
Trd, 000039.283, 140
Trd, 000042.283, 142
Trd, 000042.417, 142
Trd, 000042.583, 148
Trd, 000042.617, 140
Trd, 000042.817, 140
Trd, 000043.083, 144
Trd, 000043.550, 147
Trd, 000043.850, 140
Trd, 000045.533, 146
Trd, 000045.650, 152
Trd, 000046.783, 150
Trd, 000047.467, 151
Trd, 000047.733, 151
Trd, 000047.900, 150
Trd, 000048.683, 147
Trd, 000049.067, 149
Trd, 000049.450, 150
Trd, 000049.950, 149
Trd, 000050.233, 148
Trd, 000051.683, 153
Trd, 000052.700, 149
Trd, 000052.817, 151
Trd, 000052.967, 148
Trd, 000053.133, 141
Trd, 000053.483, 139
Trd, 000054.067, 173
Trd, 000054.883, 152
Trd, 000055.700, 163
Trd, 000056.350, 159
Trd, 000057.467, 153
Trd, 000057.867, 154
Trd, 000058.517, 156
Trd, 000058.617, 159
Trd, 000059.033, 157
Trd, 000059.417, 155
Trd, 000059.783, 154
Trd, 000060.133, 155
Trd, 000060.683, 154
Trd, 000060.917, 155
Trd, 000063.467, 154
Trd, 000063.817, 152
Trd, 000063.900, 153
Trd, 000064.167, 151
Trd, 000064.317, 150
Trd, 000064.417, 155
Trd, 000064.767, 149
Trd, 000064.917, 142
Trd, 000065.367, 153
Trd, 000065.400, 154
Trd, 000066.900, 154
Trd, 000067.333, 147
Trd, 000067.517, 157
Trd, 000067.567, 144
Trd, 000069.250, 165
Trd, 000070.250, 165
Trd, 000070.383, 163
Trd, 000071.133, 162
Trd, 000071.467, 132
Trd, 000072.133, 153
Trd, 000072.450, 155
Trd, 000073.750, 148
Trd, 000073.917, 148
Trd, 000074.317, 148
Trd, 000074.483, 151
Trd, 000074.717, 152
Trd, 000074.767, 153
Trd, 000075.067, 145
Trd, 000075.233, 155
Trd, 000075.883, 143
Trd, 000076.450, 151
Trd, 000077.933, 151
Trd, 000078.817, 149
Trd, 000078.883, 149
Trd, 000079.050, 150
Trd, 000079.483, 152
Trd, 000079.650, 159
Trd, 000081.117, 150
Trd, 000081.367, 153
Trd, 000081.633, 152
Trd, 000081.700, 153
Trd, 000083.083, 153
Trd, 000083.133, 154
Trd, 000083.600, 152
Trd, 000083.867, 148
Trd, 000084.383, 156
Trd, 000085.717, 143
Trd, 000087.700, 148
Trd, 000087.800, 154
Trd, 000087.967, 155
Trd, 000089.050, 150
Trd, 000089.433, 155
Trd, 000089.950, 156
Trd, 000090.367, 152
Trd, 000091.683, 153
Trd, 000091.933, 153
Trd, 000091.950, 152
Trd, 000092.217, 150
Trd, 000092.617, 154
Trd, 000092.633, 157
Trd, 000092.817, 160
Trd, 000094.333, 177
Trd, 000094.967, 153
Trd, 000095.900, 150
Trd, 000095.967, 144
Trd, 000096.333, 155
Trd, 000096.467, 155
Trd, 000097.000, 156
Trd, 000098.283, 147
Trd, 000098.483, 157
Trd, 000099.483, 155
Trd, 000101.383, 148
Trd, 000101.617, 147
Trd, 000102.267, 149
Trd, 000102.400, 148
Trd, 000102.433, 149
Trd, 000103.700, 145
Trd, 000103.933, 144
Trd, 000104.850, 145
Trd, 000105.133, 146
Trd, 000105.617, 147
Trd, 000105.750, 154
Trd, 000106.067, 158
Trd, 000107.950, 152
Trd, 000108.050, 149
Trd, 000108.167, 149
Trd, 000108.400, 153
Trd, 000108.750, 156
Trd, 000108.867, 159
Trd, 000109.333, 147
Trd, 000110.817, 150
Trd, 000110.983, 156
Trd, 000111.083, 147
Trd, 000111.517, 162
Trd, 000112.250, 156
Trd, 000112.467, 147
Trd, 000113.067, 158
Trd, 000115.183, 158
Trd, 000115.200, 157
Trd, 000115.250, 158
Trd, 000115.950, 158
Trd, 000116.317, 158
Trd, 000116.700, 160
Trd, 000117.333, 161
Trd, 000117.350, 158
Trd, 000118.217, 155
Trd, 000118.800, 152
Trd, 000119.050, 156
Trd, 000119.767, 153
Trd, 000120.817, 148
Trd, 000121.683, 150
Trd, 000122.433, 148
Trd, 000123.017, 147
Trd, 000123.267, 148
Trd, 000123.433, 146
Trd, 000124.050, 148
Trd, 000124.633, 147
Trd, 000124.900, 150
Trd, 000125.583, 150
Trd, 000125.667, 151
Trd, 000125.850, 156
Trd, 000125.983, 160
Trd, 000127.617, 158
Trd, 000127.667, 161
Trd, 000128.217, 163
Trd, 000128.383, 163
Trd, 000128.983, 164
Trd, 000130.083, 161
Trd, 000130.533, 172
Trd, 000130.617, 171
Trd, 000132.283, 157
Trd, 000132.417, 158
Trd, 000132.583, 158
Trd, 000133.567, 159
Trd, 000133.917, 161
Trd, 000134.833, 158
Trd, 000135.250, 157
Trd, 000135.783, 161
Trd, 000136.800, 157
Trd, 000137.667, 157
Trd, 000138.533, 158
Trd, 000139.017, 155
Trd, 000139.433, 150
Trd, 000139.750, 149
Trd, 000139.817, 157
Trd, 000140.567, 157
Trd, 000141.267, 156
Trd, 000141.950, 154
Trd, 000143.017, 150
Trd, 000143.117, 150
Trd, 000143.783, 154
Trd, 000144.133, 153
Trd, 000144.583, 154
Trd, 000145.050, 152
Trd, 000145.617, 154
Trd, 000146.183, 153
Trd, 000146.417, 152
Trd, 000147.417, 156
Trd, 000147.683, 156
Trd, 000148.050, 158
Trd, 000148.667, 157
Trd, 000148.833, 162
Trd, 000150.433, 157
Trd, 000150.950, 156
Trd, 000151.283, 156
Trd, 000151.867, 155
Trd, 000152.100, 159
Trd, 000152.283, 149
Trd, 000153.133, 153
Trd, 000153.183, 152
Trd, 000154.067, 148
Trd, 000154.883, 163
Trd, 000155.800, 153
Trd, 000156.050, 158
Trd, 000156.517, 153
Trd, 000157.350, 156
Trd, 000157.600, 160
Trd, 000159.300, 168
Trd, 000159.767, 166
Trd, 000160.500, 167
Trd, 000161.133, 158
Trd, 000161.467, 158
Trd, 000161.567, 173
Trd, 000162.333, 173
Trd, 000163.533, 161
Trd, 000165.483, 174
Trd, 000165.933, 159
Trd, 000166.133, 171
Trd, 000166.767, 170
Trd, 000167.867, 165
Trd, 000167.883, 166
Trd, 000168.350, 165
Trd, 000168.683, 163
Trd, 000168.733, 166
Trd, 000168.800, 162
Trd, 000168.983, 168
Trd, 000169.467, 158
Trd, 000169.517, 153
Trd, 000169.717, 167
Trd, 000170.133, 167
Trd, 000171.400, 164
Trd, 000172.100, 155
Trd, 000173.450, 165
Trd, 000173.800, 164
Trd, 000173.933, 163
Trd, 000174.417, 163
Trd, 000174.900, 162
Trd, 000174.983, 163
Trd, 000175.017, 155
Trd, 000175.817, 162
Trd, 000177.667, 160
Trd, 000177.900, 158
Trd, 000178.967, 160
Trd, 000179.117, 162
Trd, 000180.133, 161
Trd, 000180.483, 162
Trd, 000180.650, 169
Trd, 000181.017, 165
Trd, 000181.450, 166
Trd, 000181.583, 162
Trd, 000181.667, 158
Trd, 000181.933, 157
Trd, 000182.833, 189
Trd, 000183.117, 176
Trd, 000185.550, 171
Trd, 000186.317, 171
Trd, 000186.683, 168
Trd, 000187.133, 169
Trd, 000187.167, 154
Trd, 000188.600, 157
Trd, 000188.767, 162
Trd, 000189.283, 155
Trd, 000189.350, 163
Trd, 000190.150, 164
Trd, 000190.450, 155
Trd, 000190.833, 164
Trd, 000192.333, 169
Trd, 000192.483, 166
Trd, 000192.917, 167
Trd, 000193.217, 166
Trd, 000193.917, 167
Trd, 000194.433, 165
Trd, 000194.483, 160
Trd, 000194.817, 166
Trd, 000197.933, 163
Trd, 000197.983, 163
Trd, 000198.000, 159
Trd, 000198.750, 164
Trd, 000199.233, 160
Trd, 000199.583, 165
Trd, 000200.217, 163
Trd, 000200.333, 164
Trd, 000201.133, 160
Trd, 000202.033, 165
Trd, 000202.417, 161
Trd, 000202.733, 161
Trd, 000203.767, 162
Trd, 000205.050, 157
Trd, 000205.233, 161
Trd, 000205.483, 158
Trd, 000205.583, 165
Trd, 000206.533, 167
Trd, 000206.583, 168
Trd, 000207.133, 161
Trd, 000207.533, 160
Trd, 000207.550, 159
Trd, 000209.900, 158
Trd, 000210.467, 158
Trd, 000210.667, 159
Trd, 000210.767, 162
Trd, 000211.050, 165
Trd, 000212.017, 164
Trd, 000212.117, 165
Trd, 000213.033, 164
Trd, 000213.117, 165
Trd, 000213.883, 166
Trd, 000214.000, 164
Trd, 000214.050, 161
Trd, 000214.617, 161
Trd, 000214.850, 157
Trd, 000216.050, 162
Trd, 000216.067, 165
Trd, 000216.083, 160
Trd, 000216.967, 169
Trd, 000217.050, 172
Trd, 000217.417, 169
Trd, 000218.250, 175
Trd, 000218.350, 157
Trd, 000219.050, 154
Trd, 000221.550, 160
Trd, 000221.617, 162
Trd, 000221.750, 163
Trd, 000222.450, 164
Trd, 000222.833, 166
Trd, 000223.517, 166
Trd, 000223.633, 168
Trd, 000224.050, 168
Trd, 000224.183, 170
Trd, 000224.900, 170
Trd, 000225.050, 160
Trd, 000225.417, 173
Trd, 000225.650, 170
Trd, 000226.817, 175
Trd, 000228.633, 179
Trd, 000228.667, 178
Trd, 000228.817, 175
Trd, 000229.017, 165
Trd, 000230.000, 164
Trd, 000230.233, 162
Trd, 000230.250, 174
Trd, 000230.533, 171
Trd, 000233.117, 164
Trd, 000233.233, 163
Trd, 000233.517, 162
Trd, 000233.583, 171
Trd, 000233.800, 174
Trd, 000235.017, 168
Trd, 000235.233, 168
Trd, 000236.017, 167
Trd, 000236.217, 163
Trd, 000236.483, 148
Trd, 000237.650, 161
Trd, 000238.417, 162
Trd, 000238.817, 163
Trd, 000239.367, 161
Trd, 000239.600, 158
Trd, 000239.650, 163
Trd, 000240.467, 168
Trd, 000240.750, 192
Trd, 000240.850, 166
Trd, 000242.167, 184
Trd, 000242.283, 186
Trd, 000242.333, 187
Trd, 000242.567, 182
Trd, 000243.067, 175
Trd, 000243.417, 179
Trd, 000243.600, 182
Trd, 000244.300, 173
Trd, 000245.133, 172
Trd, 000245.500, 175
Trd, 000245.733, 177
Trd, 000246.267, 176
Trd, 000246.633, 177
Trd, 000247.367, 179
Trd, 000247.400, 177
Trd, 000247.483, 194
Trd, 000247.533, 177
Trd, 000248.317, 184
Trd, 000248.750, 185
Trd, 000248.883, 179
Trd, 000250.067, 182
Trd, 000250.483, 181
Trd, 000250.850, 180
Trd, 000251.083, 181
Trd, 000251.683, 179
Trd, 000251.733, 179
Trd, 000251.883, 177
Trd, 000252.117, 176
Trd, 000252.317, 178
Trd, 000253.033, 175
Trd, 000253.317, 175
Trd, 000254.217, 174
Trd, 000254.250, 173
Trd, 000254.833, 172
Trd, 000256.367, 172
Trd, 000256.817, 170
Trd, 000257.000, 173
Trd, 000257.233, 174
Trd, 000257.250, 173
Trd, 000257.767, 175
Trd, 000258.067, 172
Trd, 000258.717, 169
Trd, 000258.917, 174
Trd, 000259.267, 174
Trd, 000259.300, 170
Trd, 000260.733, 162
Trd, 000260.950, 166
Trd, 000261.600, 164
Trd, 000261.650, 162
Trd, 000262.083, 164
Trd, 000262.117, 168
Trd, 000262.467, 167
Trd, 000262.817, 166
Trd, 000263.133, 168
Trd, 000263.867, 170
Trd, 000264.450, 167
Trd, 000264.817, 166
Trd, 000264.850, 160
Trd, 000265.667, 168
Trd, 000265.683, 174
Trd, 000266.000, 152
Trd, 000266.467, 168
Trd, 000266.967, 171
Trd, 000266.983, 168
Trd, 000267.050, 172
Trd, 000267.733, 169
Trd, 000268.417, 168
Trd, 000269.533, 168
Trd, 000269.550, 167
Trd, 000270.000, 168
Trd, 000270.283, 167
Trd, 000270.300, 177
Trd, 000270.383, 178
Trd, 000271.267, 175
Trd, 000271.433, 175
Trd, 000271.650, 177
Trd, 000272.633, 184
Trd, 000272.683, 183
Trd, 000273.000, 182
Trd, 000273.500, 181
Trd, 000273.733, 178
Trd, 000274.083, 182
Trd, 000274.983, 184
Trd, 000275.650, 190
Trd, 000275.933, 186
Trd, 000276.200, 187
Trd, 000276.317, 183
Trd, 000276.550, 195
Trd, 000276.633, 183
Trd, 000277.833, 191
Trd, 000278.400, 184
Trd, 000278.683, 183
Trd, 000279.150, 186
Trd, 000279.167, 182
Trd, 000279.250, 188
Trd, 000279.300, 179
Trd, 000279.567, 182
Trd, 000280.050, 190
Trd, 000281.150, 184
Trd, 000281.750, 174
Trd, 000281.967, 166
Trd, 000282.083, 174
Trd, 000282.350, 165
Trd, 000282.733, 164
Trd, 000282.950, 171
Trd, 000283.033, 152
Trd, 000283.150, 172
Trd, 000283.817, 168
Trd, 000284.333, 169
Trd, 000284.683, 170
Trd, 000284.833, 170
Trd, 000285.517, 172
Trd, 000285.667, 187
Trd, 000286.283, 188
Trd, 000286.450, 184
Trd, 000286.733, 192
Trd, 000287.033, 181
Trd, 000287.250, 176
Trd, 000287.550, 191
Trd, 000288.750, 172
Trd, 000288.767, 179
Trd, 000289.400, 172
Trd, 000290.033, 177
Trd, 000290.050, 173
Trd, 000290.267, 172
Trd, 000291.017, 174
Trd, 000291.217, 175
Trd, 000291.400, 177
Trd, 000291.617, 178
Trd, 000292.067, 177
Trd, 000292.550, 177
Trd, 000292.800, 172
Trd, 000293.317, 179
Trd, 000293.467, 165
Trd, 000293.633, 178
Trd, 000294.383, 170
Trd, 000294.667, 163
Trd, 000294.750, 175
Trd, 000294.983, 162
Trd, 000295.717, 195
Trd, 000296.417, 194
Trd, 000297.083, 188
Trd, 000297.283, 195
Trd, 000298.217, 188
Trd, 000298.550, 186
Trd, 000299.567, 183
Trd, 000299.700, 188
Trd, 000299.917, 189
