Trd, 000000.750, 153
Trd, 000001.750, 125
Trd, 000002.033, 164
Trd, 000003.450, 120
Trd, 000004.083, 134
Trd, 000005.567, 125
Trd, 000005.583, 140
Trd, 000006.000, 142
Trd, 000006.833, 131
Trd, 000008.000, 160
Trd, 000008.167, 160
Trd, 000008.667, 159
Trd, 000009.133, 160
Trd, 000009.900, 159
Trd, 000010.067, 156
Trd, 000010.783, 135
Trd, 000011.467, 160
Trd, 000013.150, 155
Trd, 000014.467, 156
Trd, 000014.883, 154
Trd, 000015.233, 156
Trd, 000015.867, 156
Trd, 000015.967, 155
Trd, 000016.583, 156
Trd, 000016.733, 163
Trd, 000017.067, 155
Trd, 000017.483, 151
Trd, 000017.683, 149
Trd, 000017.850, 153
Trd, 000019.450, 152
Trd, 000020.400, 152
Trd, 000020.600, 150
Trd, 000020.883, 154
Trd, 000021.033, 154
Trd, 000021.800, 150
Trd, 000022.267, 150
Trd, 000022.583, 151
Trd, 000023.917, 149
Trd, 000024.367, 154
Trd, 000025.133, 151
Trd, 000025.617, 164
Trd, 000025.683, 165
Trd, 000025.750, 167
Trd, 000027.133, 156
Trd, 000027.617, 152
Trd, 000028.617, 155
Trd, 000029.167, 158
Trd, 000029.283, 157
Trd, 000029.633, 153
Trd, 000030.233, 158
Trd, 000030.817, 155
Trd, 000030.917, 159
Trd, 000032.250, 155
Trd, 000032.833, 158
Trd, 000033.517, 160
Trd, 000033.567, 160
Trd, 000033.633, 156
Trd, 000035.150, 154
Trd, 000035.217, 158
Trd, 000036.667, 157
Trd, 000037.700, 157
Trd, 000037.750, 158
Trd, 000038.283, 154
Trd, 000039.367, 162
Trd, 000040.183, 157
Trd, 000040.917, 155
Trd, 000040.950, 158
Trd, 000042.167, 157
Trd, 000042.250, 157
Trd, 000044.667, 155
Trd, 000044.983, 155
Trd, 000046.217, 155
Trd, 000046.350, 154
Trd, 000047.000, 156
Trd, 000047.167, 162
Trd, 000047.683, 157
Trd, 000048.517, 160
Trd, 000049.017, 160
Trd, 000049.900, 161
Trd, 000051.050, 159
Trd, 000052.067, 162
Trd, 000052.333, 162
Trd, 000052.367, 161
Trd, 000052.850, 163
Trd, 000053.183, 157
Trd, 000054.233, 165
Trd, 000054.967, 158
Trd, 000056.133, 163
Trd, 000056.767, 159
Trd, 000057.533, 158
Trd, 000058.483, 155
Trd, 000058.817, 156
Trd, 000059.317, 156
Trd, 000059.383, 154
Trd, 000060.917, 156
Trd, 000061.250, 155
Trd, 000061.867, 155
Trd, 000062.533, 156
Trd, 000063.267, 155
Trd, 000063.783, 155
Trd, 000064.733, 155
Trd, 000065.200, 155
Trd, 000065.767, 154
Trd, 000067.867, 153
Trd, 000067.933, 152
Trd, 000068.267, 154
Trd, 000068.983, 155
Trd, 000069.267, 157
Trd, 000070.450, 155
Trd, 000070.717, 156
Trd, 000071.667, 155
Trd, 000072.017, 155
Trd, 000072.483, 154
Trd, 000073.917, 155
Trd, 000074.783, 154
Trd, 000074.983, 154
Trd, 000075.017, 155
Trd, 000075.233, 155
Trd, 000075.317, 165
Trd, 000076.033, 170
Trd, 000077.200, 159
Trd, 000077.783, 159
Trd, 000078.433, 160
Trd, 000079.533, 160
Trd, 000080.550, 161
Trd, 000081.500, 163
Trd, 000081.567, 159
Trd, 000081.783, 159
Trd, 000082.333, 158
Trd, 000084.183, 158
Trd, 000084.500, 157
Trd, 000084.867, 158
Trd, 000085.767, 159
Trd, 000086.650, 163
Trd, 000087.483, 159
Trd, 000088.083, 160
Trd, 000088.450, 160
Trd, 000089.117, 160
Trd, 000089.433, 159
Trd, 000090.800, 162
Trd, 000090.817, 158
Trd, 000091.550, 157
Trd, 000092.033, 163
Trd, 000092.333, 163
Trd, 000093.067, 156
Trd, 000094.733, 158
Trd, 000095.017, 158
Trd, 000095.250, 162
Trd, 000095.633, 159
Trd, 000095.900, 166
Trd, 000096.000, 159
Trd, 000096.117, 157
Trd, 000097.100, 164
Trd, 000098.050, 164
Trd, 000098.367, 162
Trd, 000098.483, 160
Trd, 000100.667, 163
Trd, 000101.033, 162
Trd, 000101.783, 163
Trd, 000102.767, 163
Trd, 000103.450, 169
Trd, 000104.383, 164
Trd, 000104.450, 162
Trd, 000105.283, 161
Trd, 000105.617, 162
Trd, 000107.000, 162
Trd, 000108.650, 161
Trd, 000109.300, 162
Trd, 000109.733, 162
Trd, 000110.800, 167
Trd, 000111.283, 168
Trd, 000111.417, 164
Trd, 000111.700, 165
Trd, 000113.450, 166
Trd, 000113.500, 165
Trd, 000114.483, 168
Trd, 000114.850, 166
Trd, 000116.100, 168
Trd, 000116.217, 168
Trd, 000116.633, 167
Trd, 000117.300, 167
Trd, 000118.033, 167
Trd, 000119.117, 168
Trd, 000119.600, 169
Trd, 000119.683, 161
Trd, 000119.917, 171
Trd, 000120.483, 161
Trd, 000120.567, 160
Trd, 000122.150, 163
Trd, 000122.367, 165
Trd, 000123.417, 164
Trd, 000124.683, 164
Trd, 000125.483, 164
Trd, 000125.650, 163
Trd, 000126.250, 163
Trd, 000127.233, 166
Trd, 000127.550, 163
Trd, 000127.783, 164
Trd, 000128.383, 162
Trd, 000128.633, 162
Trd, 000128.750, 161
Trd, 000130.550, 163
Trd, 000131.883, 161
Trd, 000132.400, 162
Trd, 000133.833, 163
Trd, 000134.167, 162
Trd, 000134.383, 161
Trd, 000135.200, 163
Trd, 000135.383, 162
Trd, 000135.567, 163
Trd, 000137.000, 161
Trd, 000137.450, 162
Trd, 000137.533, 163
Trd, 000138.367, 163
Trd, 000138.383, 162
Trd, 000138.633, 161
Trd, 000139.050, 162
Trd, 000141.067, 161
Trd, 000142.633, 162
Trd, 000142.967, 160
Trd, 000143.000, 160
Trd, 000143.550, 159
Trd, 000143.650, 158
Trd, 000144.433, 157
Trd, 000145.650, 157
Trd, 000145.917, 162
Trd, 000146.317, 159
Trd, 000147.050, 159
Trd, 000147.433, 172
Trd, 000148.000, 157
Trd, 000148.133, 158
Trd, 000148.950, 163
Trd, 000149.967, 162
Trd, 000150.700, 164
Trd, 000151.000, 163
Trd, 000151.350, 163
Trd, 000152.167, 161
Trd, 000152.967, 161
Trd, 000153.100, 161
Trd, 000153.983, 160
Trd, 000154.200, 158
Trd, 000154.333, 162
Trd, 000154.950, 163
Trd, 000155.567, 146
Trd, 000156.467, 164
Trd, 000157.533, 163
Trd, 000158.483, 163
Trd, 000158.867, 162
Trd, 000159.900, 161
Trd, 000160.483, 164
Trd, 000160.867, 159
Trd, 000161.433, 163
Trd, 000162.233, 165
Trd, 000162.350, 162
Trd, 000163.517, 174
Trd, 000163.917, 167
Trd, 000165.067, 173
Trd, 000165.150, 173
Trd, 000165.717, 172
Trd, 000167.283, 172
Trd, 000167.567, 171
Trd, 000168.583, 175
Trd, 000169.417, 169
Trd, 000170.967, 173
Trd, 000171.300, 174
Trd, 000171.467, 173
Trd, 000171.967, 174
Trd, 000172.200, 172
Trd, 000172.433, 173
Trd, 000172.617, 175
Trd, 000173.317, 165
Trd, 000174.633, 173
Trd, 000175.033, 173
Trd, 000175.867, 171
Trd, 000176.083, 170
Trd, 000176.333, 170
Trd, 000176.750, 169
Trd, 000177.567, 172
Trd, 000177.700, 172
Trd, 000177.800, 172
Trd, 000178.983, 173
Trd, 000180.183, 173
Trd, 000181.117, 174
Trd, 000182.100, 172
Trd, 000182.217, 176
Trd, 000182.283, 168
Trd, 000183.633, 171
Trd, 000184.383, 174
Trd, 000184.700, 176
Trd, 000184.850, 174
Trd, 000185.767, 175
Trd, 000185.983, 174
Trd, 000186.200, 177
Trd, 000186.550, 169
Trd, 000188.017, 172
Trd, 000188.483, 176
Trd, 000190.617, 177
Trd, 000191.050, 176
Trd, 000191.667, 173
Trd, 000191.817, 177
Trd, 000192.533, 172
Trd, 000193.267, 172
Trd, 000194.767, 170
Trd, 000195.100, 171
Trd, 000195.717, 170
Trd, 000196.600, 168
Trd, 000196.867, 168
Trd, 000197.133, 173
Trd, 000198.933, 171
Trd, 000198.967, 170
Trd, 000200.433, 174
Trd, 000200.917, 172
Trd, 000200.983, 173
Trd, 000201.283, 172
Trd, 000201.467, 170
Trd, 000202.167, 170
Trd, 000202.817, 176
Trd, 000203.533, 172
Trd, 000203.567, 173
Trd, 000204.783, 171
Trd, 000205.167, 170
Trd, 000205.217, 168
Trd, 000205.767, 169
Trd, 000206.450, 173
Trd, 000207.817, 171
Trd, 000209.100, 172
Trd, 000209.283, 172
Trd, 000209.433, 174
Trd, 000209.833, 173
Trd, 000210.517, 172
Trd, 000210.867, 171
Trd, 000211.700, 173
Trd, 000211.867, 171
Trd, 000212.150, 170
Trd, 000213.367, 169
Trd, 000214.283, 174
Trd, 000215.083, 172
Trd, 000215.700, 174
Trd, 000216.133, 178
Trd, 000217.750, 175
Trd, 000218.083, 173
Trd, 000218.917, 175
Trd, 000219.300, 175
Trd, 000219.367, 175
Trd, 000219.867, 172
Trd, 000220.267, 173
Trd, 000220.900, 178
Trd, 000221.383, 172
Trd, 000221.483, 179
Trd, 000223.067, 170
Trd, 000224.183, 165
Trd, 000224.450, 159
Trd, 000224.583, 157
Trd, 000224.933, 162
Trd, 000225.883, 167
Trd, 000226.133, 167
Trd, 000227.050, 166
Trd, 000228.000, 164
Trd, 000228.167, 167
Trd, 000228.317, 163
Trd, 000228.350, 167
Trd, 000228.800, 165
Trd, 000229.317, 171
Trd, 000230.733, 170
Trd, 000230.800, 169
Trd, 000230.833, 168
Trd, 000232.300, 171
Trd, 000233.233, 171
Trd, 000233.367, 174
Trd, 000233.517, 170
Trd, 000233.633, 174
Trd, 000234.183, 173
Trd, 000235.650, 181
Trd, 000236.083, 174
Trd, 000236.983, 174
Trd, 000238.050, 174
Trd, 000238.233, 180
Trd, 000238.867, 175
Trd, 000239.267, 174
Trd, 000240.000, 177
Trd, 000240.250, 174
Trd, 000240.317, 176
Trd, 000240.433, 173
Trd, 000240.800, 176
Trd, 000241.300, 176
Trd, 000241.400, 175
Trd, 000242.300, 176
Trd, 000243.033, 174
Trd, 000243.483, 176
Trd, 000243.550, 175
Trd, 000244.933, 175
Trd, 000245.050, 161
Trd, 000245.533, 172
Trd, 000245.633, 178
Trd, 000246.450, 175
Trd, 000246.717, 175
Trd, 000246.817, 176
Trd, 000247.333, 178
Trd, 000247.833, 177
Trd, 000248.017, 179
Trd, 000248.050, 183
Trd, 000249.567, 182
Trd, 000250.150, 183
Trd, 000250.183, 183
Trd, 000251.217, 184
Trd, 000252.150, 183
Trd, 000252.383, 182
Trd, 000253.350, 182
Trd, 000253.533, 175
Trd, 000253.967, 179
Trd, 000254.417, 176
Trd, 000254.517, 163
Trd, 000255.417, 177
Trd, 000255.583, 176
Trd, 000255.750, 178
Trd, 000256.500, 176
Trd, 000256.567, 178
Trd, 000256.783, 176
Trd, 000257.000, 173
Trd, 000257.033, 177
Trd, 000257.950, 183
Trd, 000258.683, 183
Trd, 000258.817, 181
Trd, 000260.000, 181
Trd, 000260.117, 182
Trd, 000260.650, 181
Trd, 000260.767, 182
Trd, 000260.917, 180
Trd, 000262.117, 182
Trd, 000262.250, 181
Trd, 000262.483, 180
Trd, 000263.167, 181
Trd, 000263.283, 178
Trd, 000263.400, 180
Trd, 000263.833, 181
Trd, 000264.933, 178
Trd, 000265.183, 178
Trd, 000265.400, 178
Trd, 000265.450, 179
Trd, 000265.517, 179
Trd, 000266.583, 182
Trd, 000267.683, 180
Trd, 000268.483, 178
Trd, 000269.100, 177
Trd, 000269.133, 179
Trd, 000269.233, 182
Trd, 000270.117, 177
Trd, 000270.717, 176
Trd, 000270.900, 181
Trd, 000271.067, 182
Trd, 000271.150, 178
Trd, 000272.600, 181
Trd, 000272.783, 181
Trd, 000272.850, 182
Trd, 000273.317, 177
Trd, 000273.933, 176
Trd, 000274.167, 178
Trd, 000274.400, 179
Trd, 000275.267, 179
Trd, 000275.433, 179
Trd, 000275.900, 180
Trd, 000275.933, 179
Trd, 000276.200, 183
Trd, 000276.750, 185
Trd, 000277.217, 189
Trd, 000277.967, 183
Trd, 000278.433, 179
Trd, 000278.617, 178
Trd, 000278.733, 178
Trd, 000279.100, 184
Trd, 000280.500, 182
Trd, 000280.983, 182
Trd, 000281.267, 180
Trd, 000282.183, 184
Trd, 000283.517, 183
Trd, 000284.433, 182
Trd, 000284.900, 182
Trd, 000285.117, 180
Trd, 000285.267, 179
Trd, 000285.417, 178
Trd, 000285.783, 180
Trd, 000285.833, 184
Trd, 000286.283, 178
Trd, 000286.867, 182
Trd, 000287.083, 185
Trd, 000287.983, 181
Trd, 000288.333, 181
Trd, 000289.167, 193
Trd, 000289.550, 179
Trd, 000289.650, 180
Trd, 000290.067, 185
Trd, 000290.333, 179
Trd, 000290.567, 179
Trd, 000290.900, 182
Trd, 000291.033, 183
Trd, 000291.517, 187
Trd, 000292.333, 180
Trd, 000292.917, 179
Trd, 000293.067, 178
Trd, 000293.783, 178
Trd, 000294.083, 177
Trd, 000294.967, 178
Trd, 000295.217, 177
Trd, 000295.450, 177
Trd, 000295.650, 178
Trd, 000295.800, 177
Trd, 000296.033, 177
Trd, 000296.350, 178
Trd, 000296.633, 186
Trd, 000296.967, 187
Trd, 000297.600, 191
Trd, 000297.667, 178
Trd, 000298.200, 178
Trd, 000298.367, 182
Trd, 000298.467, 178
Trd, 000299.467, 178
