Trd, 000001.233, 137
Trd, 000002.167, 175
Trd, 000002.600, 148
Trd, 000002.633, 158
Trd, 000002.867, 162
Trd, 000003.033, 172
Trd, 000003.333, 153
Trd, 000003.983, 157
Trd, 000004.250, 147
Trd, 000006.433, 150
Trd, 000006.833, 137
Trd, 000006.983, 152
Trd, 000008.083, 138
Trd, 000008.167, 153
Trd, 000009.800, 155
Trd, 000009.950, 155
Trd, 000009.983, 154
Trd, 000011.150, 157
Trd, 000011.667, 152
Trd, 000012.150, 157
Trd, 000012.583, 155
Trd, 000012.817, 152
Trd, 000014.067, 157
Trd, 000014.083, 157
Trd, 000014.633, 157
Trd, 000014.683, 160
Trd, 000014.767, 153
Trd, 000016.117, 156
Trd, 000016.150, 155
Trd, 000016.433, 159
Trd, 000016.600, 155
Trd, 000017.600, 154
Trd, 000018.150, 158
Trd, 000018.917, 158
Trd, 000019.817, 154
Trd, 000020.983, 157
Trd, 000021.183, 156
Trd, 000021.717, 156
Trd, 000022.483, 155
Trd, 000022.967, 154
Trd, 000023.383, 153
Trd, 000023.883, 151
Trd, 000024.067, 150
Trd, 000024.733, 157
Trd, 000025.300, 152
Trd, 000026.150, 154
Trd, 000027.817, 155
Trd, 000028.150, 156
Trd, 000028.600, 153
Trd, 000028.667, 155
Trd, 000028.717, 152
Trd, 000030.100, 155
Trd, 000030.283, 155
Trd, 000030.383, 159
Trd, 000031.517, 158
Trd, 000032.017, 157
Trd, 000032.300, 157
Trd, 000032.850, 154
Trd, 000033.383, 159
Trd, 000033.633, 150
Trd, 000034.267, 159
Trd, 000034.650, 155
Trd, 000036.083, 157
Trd, 000036.950, 156
Trd, 000037.067, 156
Trd, 000037.333, 156
Trd, 000038.117, 157
Trd, 000040.300, 156
Trd, 000040.617, 158
Trd, 000041.267, 159
Trd, 000041.333, 158
Trd, 000041.550, 158
Trd, 000041.883, 156
Trd, 000042.217, 156
Trd, 000042.267, 162
Trd, 000042.283, 155
Trd, 000043.367, 153
Trd, 000043.517, 159
Trd, 000043.633, 151
Trd, 000044.700, 158
Trd, 000045.850, 156
Trd, 000046.050, 156
Trd, 000046.250, 157
Trd, 000046.583, 157
Trd, 000047.933, 156
Trd, 000048.350, 157
Trd, 000048.450, 155
Trd, 000049.800, 157
Trd, 000050.433, 159
Trd, 000050.517, 158
Trd, 000051.583, 160
Trd, 000051.617, 160
Trd, 000052.067, 161
Trd, 000052.817, 173
Trd, 000053.250, 160
Trd, 000054.150, 160
Trd, 000054.433, 158
Trd, 000054.450, 159
Trd, 000055.617, 158
Trd, 000056.150, 159
Trd, 000056.417, 158
Trd, 000056.500, 156
Trd, 000056.717, 152
Trd, 000058.350, 161
Trd, 000059.000, 153
Trd, 000059.533, 155
Trd, 000059.600, 161
Trd, 000059.900, 157
Trd, 000062.000, 161
Trd, 000062.567, 161
Trd, 000064.167, 158
Trd, 000064.367, 162
Trd, 000065.750, 159
Trd, 000065.833, 160
Trd, 000065.933, 163
Trd, 000066.183, 159
Trd, 000066.483, 157
Trd, 000067.083, 156
Trd, 000068.300, 161
Trd, 000068.900, 161
Trd, 000069.267, 157
Trd, 000069.417, 163
Trd, 000069.533, 156
Trd, 000070.233, 158
Trd, 000070.617, 155
Trd, 000072.333, 162
Trd, 000072.817, 158
Trd, 000073.250, 155
Trd, 000073.650, 154
Trd, 000073.867, 160
Trd, 000075.300, 160
Trd, 000075.600, 161
Trd, 000075.800, 161
Trd, 000075.917, 159
Trd, 000076.167, 158
Trd, 000076.767, 161
Trd, 000077.483, 161
Trd, 000077.733, 162
Trd, 000078.283, 161
Trd, 000078.617, 159
Trd, 000078.750, 162
Trd, 000078.817, 158
Trd, 000080.250, 162
Trd, 000080.600, 162
Trd, 000081.617, 162
Trd, 000082.383, 161
Trd, 000083.083, 161
Trd, 000083.467, 161
Trd, 000083.483, 155
Trd, 000084.250, 162
Trd, 000084.783, 163
Trd, 000086.050, 161
Trd, 000086.233, 161
Trd, 000086.467, 170
Trd, 000087.350, 160
Trd, 000087.400, 168
Trd, 000087.817, 169
Trd, 000087.867, 159
Trd, 000089.317, 160
Trd, 000089.783, 161
Trd, 000090.617, 161
Trd, 000091.533, 162
Trd, 000091.667, 161
Trd, 000091.700, 160
Trd, 000092.350, 160
Trd, 000092.883, 164
Trd, 000093.850, 158
Trd, 000094.150, 156
Trd, 000094.400, 165
Trd, 000095.583, 160
Trd, 000095.883, 163
Trd, 000096.200, 163
Trd, 000097.033, 163
Trd, 000097.133, 162
Trd, 000097.483, 161
Trd, 000098.500, 162
Trd, 000099.200, 161
Trd, 000099.650, 158
Trd, 000099.767, 157
Trd, 000100.200, 156
Trd, 000100.550, 155
Trd, 000101.133, 162
Trd, 000101.850, 165
Trd, 000102.117, 172
Trd, 000102.300, 154
Trd, 000103.683, 162
Trd, 000104.683, 161
Trd, 000104.833, 155
Trd, 000105.067, 153
Trd, 000105.317, 162
Trd, 000105.550, 148
Trd, 000106.583, 151
Trd, 000107.867, 159
Trd, 000108.233, 161
Trd, 000108.750, 154
Trd, 000108.917, 167
Trd, 000109.083, 168
Trd, 000111.133, 156
Trd, 000111.750, 158
Trd, 000111.933, 158
Trd, 000113.450, 156
Trd, 000114.217, 157
Trd, 000114.467, 158
Trd, 000114.550, 162
Trd, 000115.600, 157
Trd, 000115.950, 157
Trd, 000116.183, 156
Trd, 000116.700, 156
Trd, 000117.200, 161
Trd, 000118.633, 162
Trd, 000118.950, 158
Trd, 000120.583, 163
Trd, 000120.750, 160
Trd, 000121.217, 158
Trd, 000121.283, 155
Trd, 000121.650, 163
Trd, 000121.817, 157
Trd, 000123.083, 162
Trd, 000123.650, 163
Trd, 000124.950, 161
Trd, 000126.333, 160
Trd, 000127.500, 160
Trd, 000127.733, 159
Trd, 000128.083, 162
Trd, 000128.300, 163
Trd, 000128.483, 159
Trd, 000128.800, 164
Trd, 000129.467, 165
Trd, 000130.667, 166
Trd, 000131.683, 164
Trd, 000132.500, 166
Trd, 000133.417, 161
Trd, 000134.467, 163
Trd, 000134.967, 164
Trd, 000135.283, 164
Trd, 000135.433, 162
Trd, 000136.217, 162
Trd, 000137.100, 164
Trd, 000137.167, 171
Trd, 000137.833, 169
Trd, 000138.617, 170
Trd, 000138.883, 170
Trd, 000139.267, 171
Trd, 000139.667, 164
Trd, 000140.017, 172
Trd, 000140.200, 167
Trd, 000140.467, 162
Trd, 000140.967, 161
Trd, 000141.317, 171
Trd, 000142.650, 165
Trd, 000142.933, 165
Trd, 000142.950, 166
Trd, 000144.000, 171
Trd, 000144.450, 172
Trd, 000144.867, 170
Trd, 000145.083, 170
Trd, 000145.133, 169
Trd, 000145.250, 161
Trd, 000145.567, 171
Trd, 000146.133, 171
Trd, 000146.300, 172
Trd, 000146.867, 167
Trd, 000148.800, 170
Trd, 000149.333, 171
Trd, 000150.717, 169
Trd, 000150.767, 171
Trd, 000151.450, 166
Trd, 000151.883, 169
Trd, 000152.700, 169
Trd, 000153.117, 169
Trd, 000153.250, 168
Trd, 000154.350, 170
Trd, 000155.250, 173
Trd, 000155.433, 169
Trd, 000155.733, 169
Trd, 000156.717, 173
Trd, 000158.317, 173
Trd, 000158.400, 175
Trd, 000158.700, 173
Trd, 000159.417, 170
Trd, 000159.717, 169
Trd, 000161.017, 170
Trd, 000161.217, 168
Trd, 000161.800, 172
Trd, 000161.883, 174
Trd, 000161.967, 168
Trd, 000162.600, 174
Trd, 000163.000, 168
Trd, 000164.167, 170
Trd, 000164.417, 169
Trd, 000165.817, 159
Trd, 000166.250, 169
Trd, 000166.483, 168
Trd, 000167.650, 169
Trd, 000167.667, 165
Trd, 000167.800, 170
Trd, 000168.367, 172
Trd, 000168.550, 168
Trd, 000168.917, 167
Trd, 000169.617, 164
Trd, 000170.533, 172
Trd, 000170.950, 165
Trd, 000171.050, 172
Trd, 000171.100, 172
Trd, 000171.250, 173
Trd, 000171.817, 161
Trd, 000173.650, 162
Trd, 000174.033, 168
Trd, 000174.167, 160
Trd, 000174.867, 164
Trd, 000175.083, 162
Trd, 000175.567, 163
Trd, 000175.667, 168
Trd, 000176.967, 165
Trd, 000177.067, 165
Trd, 000177.117, 174
Trd, 000178.050, 175
Trd, 000178.267, 170
Trd, 000179.083, 175
Trd, 000179.983, 176
Trd, 000181.383, 173
Trd, 000181.850, 176
Trd, 000182.333, 173
Trd, 000182.700, 175
Trd, 000182.967, 172
Trd, 000183.500, 174
Trd, 000184.000, 174
Trd, 000184.267, 173
Trd, 000184.400, 173
Trd, 000185.583, 174
Trd, 000185.717, 174
Trd, 000186.283, 174
Trd, 000187.333, 176
Trd, 000187.600, 171
Trd, 000187.967, 176
Trd, 000188.783, 169
Trd, 000189.050, 167
Trd, 000189.767, 172
Trd, 000190.150, 166
Trd, 000190.667, 171
Trd, 000190.733, 171
Trd, 000191.067, 172
Trd, 000191.950, 174
Trd, 000192.067, 171
Trd, 000192.833, 171
Trd, 000193.850, 171
Trd, 000193.933, 170
Trd, 000194.067, 173
Trd, 000194.333, 170
Trd, 000194.700, 171
Trd, 000194.750, 169
Trd, 000195.467, 170
Trd, 000197.500, 172
Trd, 000198.083, 175
Trd, 000198.750, 174
Trd, 000199.083, 175
Trd, 000199.333, 175
Trd, 000200.200, 174
Trd, 000200.767, 170
Trd, 000201.083, 167
Trd, 000201.150, 175
Trd, 000201.183, 163
Trd, 000202.033, 176
Trd, 000202.617, 164
Trd, 000202.883, 168
Trd, 000203.017, 182
Trd, 000203.867, 171
Trd, 000204.417, 164
Trd, 000204.683, 163
Trd, 000206.067, 163
Trd, 000206.983, 167
Trd, 000207.617, 168
Trd, 000208.883, 166
Trd, 000209.583, 170
Trd, 000209.833, 170
Trd, 000209.850, 169
Trd, 000210.067, 172
Trd, 000211.000, 173
Trd, 000211.400, 174
Trd, 000211.950, 174
Trd, 000213.933, 172
Trd, 000213.967, 176
Trd, 000214.000, 178
Trd, 000215.400, 177
Trd, 000215.800, 177
Trd, 000216.200, 177
Trd, 000216.967, 177
Trd, 000218.517, 173
Trd, 000218.633, 172
Trd, 000219.717, 174
Trd, 000220.000, 177
Trd, 000220.250, 178
Trd, 000221.567, 177
Trd, 000221.683, 178
Trd, 000223.300, 176
Trd, 000223.983, 177
Trd, 000224.817, 175
Trd, 000225.200, 177
Trd, 000225.567, 175
Trd, 000225.700, 176
Trd, 000225.783, 174
Trd, 000226.200, 173
Trd, 000227.700, 177
Trd, 000228.917, 178
Trd, 000229.167, 178
Trd, 000229.367, 176
Trd, 000229.467, 179
Trd, 000229.733, 174
Trd, 000230.667, 175
Trd, 000232.250, 176
Trd, 000232.583, 178
Trd, 000233.067, 178
Trd, 000234.217, 177
Trd, 000234.283, 175
Trd, 000234.783, 174
Trd, 000235.117, 173
Trd, 000235.667, 176
Trd, 000236.533, 175
Trd, 000237.333, 177
Trd, 000237.733, 176
Trd, 000239.117, 172
Trd, 000239.667, 170
Trd, 000240.083, 179
Trd, 000240.483, 176
Trd, 000240.867, 175
Trd, 000241.050, 174
Trd, 000241.167, 173
Trd, 000241.883, 173
Trd, 000242.450, 172
Trd, 000242.783, 167
Trd, 000242.967, 158
Trd, 000243.117, 170
Trd, 000243.133, 165
Trd, 000244.583, 163
Trd, 000244.933, 169
Trd, 000245.983, 165
Trd, 000246.517, 168
Trd, 000246.617, 164
Trd, 000246.867, 166
Trd, 000246.933, 168
Trd, 000247.750, 170
Trd, 000247.783, 165
Trd, 000247.950, 170
Trd, 000248.817, 171
Trd, 000249.417, 173
Trd, 000249.783, 175
Trd, 000250.817, 178
Trd, 000251.050, 179
Trd, 000251.233, 180
Trd, 000251.350, 180
Trd, 000251.550, 183
Trd, 000251.600, 190
Trd, 000252.967, 183
Trd, 000253.067, 186
Trd, 000253.117, 185
Trd, 000253.417, 183
Trd, 000254.050, 179
Trd, 000254.200, 176
Trd, 000254.333, 176
Trd, 000254.767, 178
Trd, 000255.000, 172
Trd, 000255.367, 180
Trd, 000256.617, 176
Trd, 000257.033, 178
Trd, 000257.117, 178
Trd, 000257.383, 180
Trd, 000258.583, 177
Trd, 000258.800, 178
Trd, 000258.917, 176
Trd, 000259.450, 177
Trd, 000259.767, 174
Trd, 000260.183, 172
Trd, 000260.983, 170
Trd, 000261.400, 173
Trd, 000261.417, 174
Trd, 000261.700, 172
Trd, 000261.750, 175
Trd, 000262.650, 175
Trd, 000262.683, 173
Trd, 000262.767, 173
Trd, 000262.917, 175
Trd, 000263.483, 172
Trd, 000264.383, 177
Trd, 000264.450, 184
Trd, 000264.733, 190
Trd, 000264.750, 169
Trd, 000266.017, 180
Trd, 000266.317, 179
Trd, 000266.733, 181
Trd, 000267.117, 181
Trd, 000269.600, 180
Trd, 000270.083, 182
Trd, 000270.100, 178
Trd, 000270.217, 177
Trd, 000270.533, 182
Trd, 000270.917, 183
Trd, 000271.750, 179
Trd, 000272.083, 180
Trd, 000272.583, 181
Trd, 000272.867, 181
Trd, 000273.000, 180
Trd, 000273.017, 182
Trd, 000273.200, 178
Trd, 000273.383, 180
Trd, 000274.017, 182
Trd, 000274.233, 182
Trd, 000275.067, 179
Trd, 000275.250, 177
Trd, 000275.550, 183
Trd, 000276.633, 177
Trd, 000276.700, 186
Trd, 000276.767, 176
Trd, 000277.733, 174
Trd, 000278.067, 181
Trd, 000278.633, 176
Trd, 000280.133, 181
Trd, 000280.150, 179
Trd, 000280.433, 174
Trd, 000281.000, 177
Trd, 000281.167, 174
Trd, 000281.350, 182
Trd, 000281.800, 183
Trd, 000281.950, 184
Trd, 000282.117, 186
Trd, 000283.583, 185
Trd, 000284.350, 185
Trd, 000284.833, 182
Trd, 000284.950, 180
Trd, 000285.933, 182
Trd, 000286.283, 181
Trd, 000286.450, 180
Trd, 000286.650, 179
Trd, 000286.667, 172
Trd, 000286.883, 168
Trd, 000287.433, 183
Trd, 000287.583, 184
Trd, 000287.600, 184
Trd, 000287.833, 186
Trd, 000289.167, 183
Trd, 000289.783, 186
Trd, 000289.800, 184
Trd, 000289.817, 183
Trd, 000289.850, 182
Trd, 000289.883, 176
Trd, 000290.083, 187
Trd, 000290.233, 180
Trd, 000291.483, 189
Trd, 000291.617, 178
Trd, 000292.750, 178
Trd, 000292.800, 172
Trd, 000294.000, 169
Trd, 000294.433, 182
Trd, 000295.267, 179
Trd, 000295.800, 172
Trd, 000295.950, 178
Trd, 000296.367, 184
Trd, 000296.450, 186
Trd, 000297.467, 175
Trd, 000298.067, 185
Trd, 000298.117, 187
Trd, 000298.283, 198
Trd, 000298.433, 181
Trd, 000298.467, 180
Trd, 000299.033, 181
Trd, 000299.283, 181
