Trd, 000001.883, 158
Trd, 000002.083, 128
Trd, 000004.750, 162
Trd, 000005.133, 160
Trd, 000005.233, 160
Trd, 000006.350, 159
Trd, 000006.383, 156
Trd, 000006.933, 159
Trd, 000007.317, 161
Trd, 000007.367, 165
Trd, 000007.417, 155
Trd, 000007.967, 155
Trd, 000009.450, 152
Trd, 000009.533, 152
Trd, 000009.850, 153
Trd, 000010.183, 157
Trd, 000010.683, 159
Trd, 000011.050, 156
Trd, 000011.817, 155
Trd, 000012.333, 156
Trd, 000012.417, 155
Trd, 000012.667, 156
Trd, 000013.783, 149
Trd, 000014.800, 149
Trd, 000015.100, 149
Trd, 000015.267, 150
Trd, 000015.717, 151
Trd, 000016.033, 148
Trd, 000017.167, 149
Trd, 000017.250, 152
Trd, 000017.600, 159
Trd, 000017.783, 157
Trd, 000018.317, 151
Trd, 000018.450, 163
Trd, 000019.750, 154
Trd, 000020.867, 157
Trd, 000021.350, 157
Trd, 000021.583, 157
Trd, 000022.017, 149
Trd, 000022.067, 146
Trd, 000022.200, 157
Trd, 000022.600, 145
Trd, 000023.850, 154
Trd, 000024.600, 152
Trd, 000025.700, 152
Trd, 000026.367, 153
Trd, 000027.067, 157
Trd, 000028.167, 161
Trd, 000028.817, 159
Trd, 000028.983, 161
Trd, 000030.083, 159
Trd, 000030.100, 158
Trd, 000030.333, 159
Trd, 000030.400, 150
Trd, 000030.850, 160
Trd, 000032.483, 155
Trd, 000032.767, 153
Trd, 000033.100, 153
Trd, 000033.200, 156
Trd, 000034.167, 152
Trd, 000034.533, 153
Trd, 000035.767, 152
Trd, 000036.550, 151
Trd, 000036.733, 152
Trd, 000036.783, 154
Trd, 000037.567, 159
Trd, 000038.550, 154
Trd, 000039.200, 154
Trd, 000039.450, 152
Trd, 000039.917, 153
Trd, 000039.950, 152
Trd, 000039.983, 151
Trd, 000041.267, 152
Trd, 000042.217, 151
Trd, 000042.233, 152
Trd, 000042.683, 162
Trd, 000044.083, 167
Trd, 000044.733, 166
Trd, 000044.767, 168
Trd, 000045.067, 168
Trd, 000046.017, 160
Trd, 000046.250, 167
Trd, 000047.300, 163
Trd, 000047.900, 158
Trd, 000048.117, 157
Trd, 000048.750, 153
Trd, 000050.050, 152
Trd, 000050.067, 158
Trd, 000050.200, 158
Trd, 000051.300, 151
Trd, 000051.967, 156
Trd, 000053.167, 154
Trd, 000053.217, 155
Trd, 000053.550, 156
Trd, 000054.500, 162
Trd, 000055.100, 160
Trd, 000055.583, 159
Trd, 000056.200, 160
Trd, 000057.200, 158
Trd, 000057.567, 153
Trd, 000060.033, 151
Trd, 000060.083, 153
Trd, 000060.900, 153
Trd, 000061.100, 155
Trd, 000061.917, 155
Trd, 000062.133, 154
Trd, 000062.750, 158
Trd, 000062.917, 164
Trd, 000063.017, 168
Trd, 000063.650, 164
Trd, 000064.967, 168
Trd, 000065.067, 168
Trd, 000066.200, 166
Trd, 000066.383, 167
Trd, 000066.900, 165
Trd, 000067.333, 167
Trd, 000067.717, 163
Trd, 000068.083, 166
Trd, 000068.967, 167
Trd, 000069.800, 167
Trd, 000069.850, 165
Trd, 000069.900, 169
Trd, 000070.767, 162
Trd, 000070.900, 154
Trd, 000072.283, 165
Trd, 000073.717, 166
Trd, 000074.233, 164
Trd, 000074.317, 165
Trd, 000074.567, 158
Trd, 000075.333, 161
Trd, 000076.083, 162
Trd, 000076.500, 162
Trd, 000077.083, 165
Trd, 000077.767, 163
Trd, 000078.617, 165
Trd, 000078.767, 164
Trd, 000078.967, 164
Trd, 000079.083, 163
Trd, 000080.817, 163
Trd, 000081.117, 156
Trd, 000081.683, 162
Trd, 000082.200, 160
Trd, 000082.767, 158
Trd, 000083.333, 159
Trd, 000083.600, 160
Trd, 000083.900, 160
Trd, 000085.417, 157
Trd, 000085.600, 167
Trd, 000086.867, 162
Trd, 000087.167, 163
Trd, 000087.350, 161
Trd, 000087.683, 164
Trd, 000089.150, 161
Trd, 000089.317, 161
Trd, 000089.350, 164
Trd, 000089.533, 165
Trd, 000091.017, 164
Trd, 000091.583, 166
Trd, 000091.983, 167
Trd, 000093.367, 170
Trd, 000093.417, 165
Trd, 000095.800, 167
Trd, 000095.833, 164
Trd, 000096.450, 166
Trd, 000096.500, 166
Trd, 000097.417, 164
Trd, 000097.917, 158
Trd, 000098.600, 162
Trd, 000099.500, 163
Trd, 000100.083, 164
Trd, 000100.433, 165
Trd, 000100.733, 165
Trd, 000100.767, 161
Trd, 000100.800, 158
Trd, 000101.317, 168
Trd, 000101.667, 172
Trd, 000103.000, 169
Trd, 000103.933, 168
Trd, 000104.833, 163
Trd, 000105.067, 166
Trd, 000105.483, 168
Trd, 000106.050, 165
Trd, 000106.300, 163
Trd, 000106.600, 168
Trd, 000106.633, 169
Trd, 000108.133, 165
Trd, 000108.167, 165
Trd, 000108.567, 165
Trd, 000110.117, 165
Trd, 000110.733, 167
Trd, 000111.250, 167
Trd, 000111.917, 167
Trd, 000111.950, 166
Trd, 000112.517, 158
Trd, 000113.267, 168
Trd, 000114.317, 169
Trd, 000115.417, 173
Trd, 000115.550, 172
Trd, 000115.783, 171
Trd, 000115.800, 173
Trd, 000116.100, 169
Trd, 000116.550, 168
Trd, 000117.150, 180
Trd, 000118.450, 176
Trd, 000119.383, 176
Trd, 000119.700, 177
Trd, 000120.567, 175
Trd, 000120.950, 174
Trd, 000121.267, 170
Trd, 000121.833, 176
Trd, 000122.283, 171
Trd, 000123.217, 173
Trd, 000123.367, 169
Trd, 000123.433, 174
Trd, 000124.167, 172
Trd, 000125.667, 171
Trd, 000126.400, 173
Trd, 000127.200, 179
Trd, 000127.433, 171
Trd, 000127.850, 170
Trd, 000128.500, 168
Trd, 000130.567, 160
Trd, 000130.717, 157
Trd, 000130.750, 161
Trd, 000131.317, 162
Trd, 000131.633, 161
Trd, 000131.850, 161
Trd, 000132.517, 161
Trd, 000133.617, 161
Trd, 000133.650, 168
Trd, 000134.100, 168
Trd, 000135.717, 173
Trd, 000135.750, 172
Trd, 000136.000, 172
Trd, 000136.400, 173
Trd, 000137.933, 174
Trd, 000139.150, 174
Trd, 000139.367, 172
Trd, 000139.783, 173
Trd, 000140.367, 170
Trd, 000141.333, 171
Trd, 000142.150, 169
Trd, 000142.250, 169
Trd, 000142.617, 168
Trd, 000143.267, 161
Trd, 000143.433, 165
Trd, 000144.083, 165
Trd, 000145.233, 163
Trd, 000145.783, 163
Trd, 000145.933, 160
Trd, 000146.567, 162
Trd, 000147.167, 161
Trd, 000147.383, 161
Trd, 000147.733, 161
Trd, 000148.633, 161
Trd, 000149.533, 160
Trd, 000149.550, 161
Trd, 000150.383, 163
Trd, 000150.700, 173
Trd, 000151.933, 177
Trd, 000153.317, 172
Trd, 000153.750, 172
Trd, 000154.000, 172
Trd, 000154.167, 171
Trd, 000154.417, 171
Trd, 000154.617, 170
Trd, 000155.333, 171
Trd, 000155.667, 174
Trd, 000156.733, 173
Trd, 000156.883, 165
Trd, 000158.083, 166
Trd, 000158.133, 173
Trd, 000159.833, 172
Trd, 000160.133, 171
Trd, 000161.033, 170
Trd, 000161.333, 169
Trd, 000161.600, 170
Trd, 000161.833, 174
Trd, 000162.000, 169
Trd, 000162.400, 174
Trd, 000163.983, 169
Trd, 000164.383, 169
Trd, 000164.983, 169
Trd, 000165.183, 169
Trd, 000165.217, 170
Trd, 000165.250, 172
Trd, 000167.250, 164
Trd, 000167.767, 165
Trd, 000168.650, 165
Trd, 000169.383, 164
Trd, 000170.867, 162
Trd, 000171.000, 165
Trd, 000171.383, 161
Trd, 000171.717, 163
Trd, 000171.850, 164
Trd, 000171.950, 175
Trd, 000172.900, 165
Trd, 000173.350, 169
Trd, 000174.050, 170
Trd, 000174.850, 171
Trd, 000175.033, 169
Trd, 000175.800, 170
Trd, 000176.183, 167
Trd, 000176.250, 164
Trd, 000177.233, 167
Trd, 000177.583, 158
Trd, 000178.150, 156
Trd, 000178.617, 167
Trd, 000178.733, 168
Trd, 000179.733, 166
Trd, 000180.317, 164
Trd, 000180.767, 165
Trd, 000181.817, 176
Trd, 000182.033, 166
Trd, 000182.283, 165
Trd, 000182.700, 180
Trd, 000184.133, 174
Trd, 000184.283, 169
Trd, 000184.467, 173
Trd, 000185.283, 170
Trd, 000185.967, 171
Trd, 000186.417, 172
Trd, 000186.733, 175
Trd, 000188.317, 174
Trd, 000188.550, 172
Trd, 000189.300, 171
Trd, 000189.800, 176
Trd, 000190.067, 176
Trd, 000190.300, 175
Trd, 000190.633, 174
Trd, 000190.767, 172
Trd, 000193.100, 171
Trd, 000193.417, 172
Trd, 000194.633, 172
Trd, 000194.667, 170
Trd, 000194.750, 171
Trd, 000195.167, 172
Trd, 000195.533, 166
Trd, 000196.167, 174
Trd, 000196.200, 177
Trd, 000197.333, 182
Trd, 000198.133, 180
Trd, 000198.717, 180
Trd, 000198.933, 179
Trd, 000199.583, 178
Trd, 000200.400, 180
Trd, 000201.617, 180
Trd, 000202.033, 180
Trd, 000202.400, 182
Trd, 000202.700, 176
Trd, 000203.767, 178
Trd, 000204.100, 176
Trd, 000204.200, 178
Trd, 000204.600, 180
Trd, 000206.717, 178
Trd, 000207.533, 176
Trd, 000207.650, 182
Trd, 000207.733, 168
Trd, 000208.783, 180
Trd, 000209.033, 180
Trd, 000209.400, 179
Trd, 000209.450, 165
Trd, 000212.167, 175
Trd, 000212.233, 175
Trd, 000212.967, 175
Trd, 000213.633, 175
Trd, 000213.800, 175
Trd, 000213.933, 179
Trd, 000215.300, 184
Trd, 000216.317, 182
Trd, 000216.867, 182
Trd, 000217.133, 183
Trd, 000217.417, 182
Trd, 000217.683, 179
Trd, 000218.600, 177
Trd, 000218.767, 177
Trd, 000219.350, 173
Trd, 000220.050, 174
Trd, 000220.733, 175
Trd, 000222.133, 172
Trd, 000222.300, 173
Trd, 000222.583, 174
Trd, 000222.867, 177
Trd, 000223.217, 180
Trd, 000223.350, 173
Trd, 000224.150, 169
Trd, 000225.100, 181
Trd, 000225.383, 164
Trd, 000226.267, 167
Trd, 000227.533, 165
Trd, 000227.983, 172
Trd, 000228.583, 167
Trd, 000229.383, 170
Trd, 000229.533, 169
Trd, 000230.017, 168
Trd, 000230.567, 172
Trd, 000230.583, 172
Trd, 000230.667, 173
Trd, 000230.750, 178
Trd, 000232.083, 186
Trd, 000233.517, 175
Trd, 000233.867, 180
Trd, 000234.433, 178
Trd, 000234.667, 178
Trd, 000234.833, 178
Trd, 000235.367, 177
Trd, 000235.617, 179
Trd, 000236.850, 180
Trd, 000237.883, 179
Trd, 000238.517, 181
Trd, 000238.650, 179
Trd, 000238.750, 177
Trd, 000239.733, 172
Trd, 000240.033, 171
Trd, 000240.367, 172
Trd, 000240.417, 173
Trd, 000240.833, 174
Trd, 000241.300, 172
Trd, 000241.567, 172
Trd, 000241.750, 172
Trd, 000242.067, 173
Trd, 000242.317, 174
Trd, 000242.367, 170
Trd, 000242.817, 175
Trd, 000243.083, 181
Trd, 000243.383, 179
Trd, 000243.633, 169
Trd, 000244.517, 172
Trd, 000244.583, 171
Trd, 000244.850, 177
Trd, 000245.033, 165
Trd, 000245.867, 167
Trd, 000247.000, 172
Trd, 000247.117, 171
Trd, 000247.550, 172
Trd, 000247.567, 170
Trd, 000247.717, 168
Trd, 000248.617, 167
Trd, 000248.833, 168
Trd, 000250.100, 166
Trd, 000250.200, 165
Trd, 000250.350, 164
Trd, 000250.467, 166
Trd, 000250.633, 166
Trd, 000251.850, 166
Trd, 000252.167, 166
Trd, 000252.633, 165
Trd, 000253.100, 166
Trd, 000253.833, 172
Trd, 000254.017, 173
Trd, 000254.250, 176
Trd, 000254.383, 175
Trd, 000254.483, 183
Trd, 000255.867, 183
Trd, 000256.233, 180
Trd, 000256.267, 178
Trd, 000256.583, 181
Trd, 000256.617, 184
Trd, 000257.133, 181
Trd, 000257.917, 174
Trd, 000258.133, 178
Trd, 000258.567, 173
Trd, 000259.050, 174
Trd, 000259.417, 176
Trd, 000260.067, 180
Trd, 000260.200, 180
Trd, 000260.417, 183
Trd, 000260.883, 180
Trd, 000261.033, 184
Trd, 000261.450, 175
Trd, 000261.467, 170
Trd, 000261.883, 177
Trd, 000262.183, 182
Trd, 000262.900, 182
Trd, 000263.633, 182
Trd, 000264.200, 173
Trd, 000264.900, 176
Trd, 000265.200, 185
Trd, 000265.483, 175
Trd, 000265.900, 178
Trd, 000266.217, 175
Trd, 000266.283, 176
Trd, 000266.350, 177
Trd, 000267.333, 181
Trd, 000267.450, 178
Trd, 000268.000, 185
Trd, 000269.567, 180
Trd, 000269.750, 183
Trd, 000271.033, 182
Trd, 000271.317, 181
Trd, 000271.400, 182
Trd, 000271.900, 183
Trd, 000272.183, 185
Trd, 000272.367, 185
Trd, 000272.500, 185
Trd, 000272.617, 186
Trd, 000273.117, 189
Trd, 000273.333, 185
Trd, 000273.683, 181
Trd, 000273.717, 189
Trd, 000274.817, 193
Trd, 000276.450, 183
Trd, 000276.767, 178
Trd, 000277.383, 183
Trd, 000277.817, 176
Trd, 000278.183, 175
Trd, 000278.467, 181
Trd, 000278.633, 176
Trd, 000278.683, 182
Trd, 000278.700, 175
Trd, 000279.533, 184
Trd, 000279.867, 176
Trd, 000279.967, 179
Trd, 000280.750, 174
Trd, 000280.850, 173
Trd, 000281.550, 179
Trd, 000281.800, 180
Trd, 000281.917, 181
Trd, 000282.517, 184
Trd, 000283.433, 178
Trd, 000283.700, 179
Trd, 000283.983, 180
Trd, 000284.700, 173
Trd, 000285.017, 173
Trd, 000285.100, 172
Trd, 000285.567, 181
Trd, 000285.733, 182
Trd, 000286.700, 169
Trd, 000286.867, 183
Trd, 000287.083, 164
Trd, 000288.283, 162
Trd, 000288.533, 167
Trd, 000289.567, 171
Trd, 000289.633, 172
Trd, 000289.867, 175
Trd, 000290.300, 164
Trd, 000290.433, 164
Trd, 000291.250, 179
Trd, 000291.367, 165
Trd, 000291.900, 180
Trd, 000292.067, 184
Trd, 000292.150, 191
Trd, 000293.267, 191
Trd, 000293.317, 197
Trd, 000293.733, 207
Trd, 000293.917, 191
Trd, 000295.100, 191
Trd, 000295.150, 187
Trd, 000295.867, 174
Trd, 000296.733, 186
Trd, 000296.933, 173
Trd, 000297.700, 185
Trd, 000297.750, 186
Trd, 000298.000, 182
Trd, 000298.150, 170
Trd, 000298.833, 179
Trd, 000299.567, 178
Trd, 000299.617, 178
