Trd, 000002.500, 151
Trd, 000003.267, 178
Trd, 000003.433, 153
Trd, 000003.900, 160
Trd, 000004.517, 175
Trd, 000005.017, 168
Trd, 000005.067, 163
Trd, 000005.383, 158
Trd, 000006.183, 149
Trd, 000006.350, 171
Trd, 000006.750, 169
Trd, 000008.117, 163
Trd, 000010.367, 155
Trd, 000010.533, 156
Trd, 000010.600, 156
Trd, 000010.867, 156
Trd, 000011.350, 154
Trd, 000012.567, 154
Trd, 000012.717, 155
Trd, 000013.450, 156
Trd, 000014.850, 152
Trd, 000016.650, 153
Trd, 000016.967, 153
Trd, 000018.933, 152
Trd, 000019.567, 152
Trd, 000019.583, 150
Trd, 000019.883, 153
Trd, 000019.983, 154
Trd, 000020.400, 153
Trd, 000021.300, 141
Trd, 000022.950, 154
Trd, 000023.617, 155
Trd, 000023.633, 149
Trd, 000023.767, 155
Trd, 000024.850, 154
Trd, 000025.367, 153
Trd, 000025.917, 151
Trd, 000026.317, 153
Trd, 000026.750, 153
Trd, 000026.900, 154
Trd, 000027.967, 142
Trd, 000028.683, 154
Trd, 000028.700, 148
Trd, 000029.000, 147
Trd, 000029.200, 147
Trd, 000031.500, 148
Trd, 000032.033, 148
Trd, 000032.450, 147
Trd, 000032.667, 149
Trd, 000032.833, 142
Trd, 000035.417, 146
Trd, 000035.950, 147
Trd, 000036.850, 148
Trd, 000037.017, 147
Trd, 000037.367, 145
Trd, 000037.583, 145
Trd, 000038.317, 146
Trd, 000038.767, 145
Trd, 000038.967, 144
Trd, 000039.367, 147
Trd, 000039.933, 152
Trd, 000040.700, 144
Trd, 000041.567, 162
Trd, 000042.267, 157
Trd, 000044.067, 159
Trd, 000044.883, 158
Trd, 000045.133, 157
Trd, 000045.500, 158
Trd, 000046.533, 159
Trd, 000046.767, 158
Trd, 000047.017, 162
Trd, 000047.983, 162
Trd, 000048.517, 163
Trd, 000048.833, 159
Trd, 000049.500, 160
Trd, 000050.283, 159
Trd, 000050.533, 161
Trd, 000051.450, 160
Trd, 000053.733, 158
Trd, 000054.300, 158
Trd, 000054.550, 156
Trd, 000054.600, 156
Trd, 000055.100, 157
Trd, 000055.917, 155
Trd, 000056.017, 155
Trd, 000058.233, 155
Trd, 000059.450, 153
Trd, 000060.100, 154
Trd, 000060.150, 155
Trd, 000060.900, 156
Trd, 000061.350, 155
Trd, 000061.367, 153
Trd, 000062.717, 153
Trd, 000062.783, 152
Trd, 000062.850, 154
Trd, 000063.017, 149
Trd, 000064.050, 152
Trd, 000064.283, 150
Trd, 000065.033, 153
Trd, 000067.033, 157
Trd, 000067.217, 158
Trd, 000067.367, 164
Trd, 000068.017, 160
Trd, 000068.300, 157
Trd, 000069.167, 157
Trd, 000069.300, 157
Trd, 000069.317, 152
Trd, 000070.800, 158
Trd, 000071.083, 158
Trd, 000071.400, 157
Trd, 000072.017, 157
Trd, 000072.267, 157
Trd, 000073.317, 162
Trd, 000073.583, 174
Trd, 000073.667, 172
Trd, 000074.467, 171
Trd, 000074.483, 161
Trd, 000074.667, 158
Trd, 000075.117, 160
Trd, 000075.717, 158
Trd, 000076.033, 171
Trd, 000077.650, 161
Trd, 000078.017, 166
Trd, 000079.217, 161
Trd, 000079.700, 160
Trd, 000080.200, 160
Trd, 000080.633, 161
Trd, 000081.383, 160
Trd, 000082.150, 161
Trd, 000083.333, 162
Trd, 000083.500, 163
Trd, 000083.800, 159
Trd, 000085.233, 158
Trd, 000085.267, 158
Trd, 000085.533, 158
Trd, 000086.467, 158
Trd, 000086.683, 159
Trd, 000087.233, 158
Trd, 000087.333, 150
Trd, 000088.183, 158
Trd, 000088.583, 161
Trd, 000088.933, 141
Trd, 000089.717, 149
Trd, 000090.483, 156
Trd, 000090.600, 156
Trd, 000091.533, 163
Trd, 000092.467, 152
Trd, 000093.050, 151
Trd, 000093.617, 155
Trd, 000093.833, 154
Trd, 000094.267, 154
Trd, 000095.150, 155
Trd, 000095.300, 154
Trd, 000095.650, 156
Trd, 000096.283, 158
Trd, 000097.067, 160
Trd, 000097.483, 161
Trd, 000098.333, 161
Trd, 000099.533, 165
Trd, 000099.750, 167
Trd, 000100.283, 160
Trd, 000100.617, 159
Trd, 000101.117, 166
Trd, 000101.750, 168
Trd, 000102.200, 168
Trd, 000103.183, 159
Trd, 000103.933, 152
Trd, 000104.900, 151
Trd, 000105.567, 162
Trd, 000105.700, 164
Trd, 000105.733, 166
Trd, 000107.500, 156
Trd, 000107.550, 158
Trd, 000108.750, 166
Trd, 000108.783, 162
Trd, 000108.850, 157
Trd, 000108.950, 158
Trd, 000109.567, 161
Trd, 000109.667, 157
Trd, 000110.333, 162
Trd, 000110.533, 157
Trd, 000110.817, 160
Trd, 000112.283, 158
Trd, 000112.633, 159
Trd, 000113.000, 154
Trd, 000113.050, 161
Trd, 000114.383, 158
Trd, 000116.317, 159
Trd, 000116.433, 160
Trd, 000116.817, 159
Trd, 000117.067, 151
Trd, 000117.383, 160
Trd, 000117.567, 156
Trd, 000117.683, 158
Trd, 000118.483, 169
Trd, 000119.617, 167
Trd, 000121.967, 164
Trd, 000122.033, 164
Trd, 000122.217, 162
Trd, 000122.367, 158
Trd, 000122.917, 165
Trd, 000123.383, 157
Trd, 000123.983, 160
Trd, 000124.367, 159
Trd, 000125.117, 159
Trd, 000125.383, 153
Trd, 000126.917, 159
Trd, 000127.533, 160
Trd, 000127.783, 158
Trd, 000129.267, 158
Trd, 000129.817, 158
Trd, 000130.133, 163
Trd, 000130.350, 164
Trd, 000130.483, 166
Trd, 000131.667, 169
Trd, 000132.567, 169
Trd, 000132.817, 171
Trd, 000133.450, 164
Trd, 000133.750, 160
Trd, 000133.883, 159
Trd, 000134.917, 160
Trd, 000135.683, 160
Trd, 000135.933, 161
Trd, 000136.667, 161
Trd, 000136.933, 171
Trd, 000137.367, 160
Trd, 000138.433, 163
Trd, 000138.783, 160
Trd, 000139.233, 164
Trd, 000139.533, 159
Trd, 000140.933, 164
Trd, 000140.967, 161
Trd, 000141.117, 157
Trd, 000141.517, 155
Trd, 000141.700, 166
Trd, 000142.900, 170
Trd, 000143.417, 167
Trd, 000143.533, 168
Trd, 000143.567, 159
Trd, 000144.117, 167
Trd, 000144.183, 168
Trd, 000146.033, 166
Trd, 000146.317, 162
Trd, 000147.383, 165
Trd, 000147.833, 165
Trd, 000148.233, 162
Trd, 000149.167, 165
Trd, 000149.750, 166
Trd, 000150.100, 164
Trd, 000150.400, 164
Trd, 000151.017, 164
Trd, 000151.700, 165
Trd, 000151.783, 161
Trd, 000153.067, 161
Trd, 000154.800, 173
Trd, 000155.433, 161
Trd, 000156.183, 163
Trd, 000157.133, 163
Trd, 000158.383, 163
Trd, 000158.450, 162
Trd, 000158.983, 164
Trd, 000159.767, 165
Trd, 000160.650, 164
Trd, 000160.883, 166
Trd, 000161.417, 162
Trd, 000161.600, 154
Trd, 000161.983, 149
Trd, 000162.250, 165
Trd, 000163.667, 158
Trd, 000164.150, 159
Trd, 000164.783, 158
Trd, 000164.983, 159
Trd, 000165.417, 159
Trd, 000165.583, 156
Trd, 000165.767, 162
Trd, 000166.967, 158
Trd, 000167.083, 157
Trd, 000167.517, 158
Trd, 000169.900, 163
Trd, 000170.217, 158
Trd, 000171.033, 185
Trd, 000171.600, 174
Trd, 000171.650, 177
Trd, 000172.367, 176
Trd, 000172.417, 178
Trd, 000173.417, 182
Trd, 000174.217, 183
Trd, 000174.733, 176
Trd, 000176.467, 180
Trd, 000177.967, 182
Trd, 000179.400, 181
Trd, 000179.467, 177
Trd, 000179.533, 176
Trd, 000180.483, 181
Trd, 000181.950, 180
Trd, 000182.833, 175
Trd, 000183.317, 180
Trd, 000183.333, 179
Trd, 000183.500, 175
Trd, 000185.700, 175
Trd, 000185.983, 173
Trd, 000186.167, 173
Trd, 000186.650, 172
Trd, 000187.117, 172
Trd, 000187.433, 172
Trd, 000188.167, 173
Trd, 000188.367, 174
Trd, 000188.567, 172
Trd, 000189.667, 170
Trd, 000190.083, 159
Trd, 000190.417, 170
Trd, 000191.400, 163
Trd, 000191.900, 157
Trd, 000192.783, 146
Trd, 000193.200, 158
Trd, 000194.000, 157
Trd, 000195.600, 155
Trd, 000195.750, 158
Trd, 000196.117, 158
Trd, 000196.467, 155
Trd, 000197.433, 158
Trd, 000197.500, 160
Trd, 000197.683, 156
Trd, 000198.067, 156
Trd, 000198.150, 168
Trd, 000199.717, 163
Trd, 000199.983, 160
Trd, 000201.083, 155
Trd, 000201.400, 158
Trd, 000201.633, 157
Trd, 000201.783, 159
Trd, 000202.983, 155
Trd, 000203.917, 155
Trd, 000204.300, 158
Trd, 000204.950, 162
Trd, 000205.283, 166
Trd, 000205.383, 168
Trd, 000206.150, 167
Trd, 000206.733, 170
Trd, 000207.300, 168
Trd, 000207.700, 167
Trd, 000208.483, 169
Trd, 000208.883, 177
Trd, 000209.050, 193
Trd, 000210.000, 166
Trd, 000212.217, 171
Trd, 000213.733, 172
Trd, 000214.000, 166
Trd, 000214.217, 173
Trd, 000214.933, 171
Trd, 000215.100, 172
Trd, 000215.250, 167
Trd, 000216.300, 165
Trd, 000218.017, 172
Trd, 000218.750, 170
Trd, 000219.067, 172
Trd, 000219.633, 170
Trd, 000220.333, 170
Trd, 000220.917, 171
Trd, 000221.333, 168
Trd, 000221.467, 167
Trd, 000221.500, 162
Trd, 000222.733, 165
Trd, 000222.850, 165
Trd, 000223.517, 165
Trd, 000224.733, 169
Trd, 000224.817, 173
Trd, 000225.767, 178
Trd, 000226.267, 180
Trd, 000226.483, 178
Trd, 000226.733, 180
Trd, 000227.517, 178
Trd, 000227.750, 177
Trd, 000227.917, 177
Trd, 000228.783, 177
Trd, 000229.017, 175
Trd, 000229.050, 180
Trd, 000229.483, 176
Trd, 000230.650, 175
Trd, 000231.383, 174
Trd, 000232.033, 181
Trd, 000232.567, 175
Trd, 000232.633, 181
Trd, 000233.300, 175
Trd, 000234.750, 179
Trd, 000236.217, 175
Trd, 000236.433, 175
Trd, 000237.283, 175
Trd, 000237.883, 175
Trd, 000238.033, 174
Trd, 000238.117, 175
Trd, 000238.433, 173
Trd, 000238.717, 173
Trd, 000239.483, 173
Trd, 000239.850, 173
Trd, 000240.083, 180
Trd, 000241.133, 176
Trd, 000241.150, 175
Trd, 000241.717, 172
Trd, 000241.750, 170
Trd, 000242.317, 174
Trd, 000242.700, 175
Trd, 000243.417, 176
Trd, 000243.667, 170
Trd, 000243.767, 170
Trd, 000243.933, 164
Trd, 000244.600, 175
Trd, 000245.383, 178
Trd, 000245.550, 178
Trd, 000246.333, 172
Trd, 000246.417, 171
Trd, 000247.017, 173
Trd, 000247.317, 171
Trd, 000247.683, 172
Trd, 000248.050, 171
Trd, 000248.167, 172
Trd, 000249.400, 169
Trd, 000250.417, 168
Trd, 000251.250, 174
Trd, 000251.550, 173
Trd, 000251.950, 176
Trd, 000252.550, 177
Trd, 000252.933, 172
Trd, 000253.200, 175
Trd, 000253.417, 172
Trd, 000254.200, 174
Trd, 000254.233, 177
Trd, 000254.817, 176
Trd, 000255.233, 177
Trd, 000255.250, 175
Trd, 000255.433, 177
Trd, 000256.967, 177
Trd, 000257.017, 175
Trd, 000257.583, 169
Trd, 000257.767, 165
Trd, 000258.833, 162
Trd, 000259.450, 162
Trd, 000259.700, 163
Trd, 000260.767, 164
Trd, 000260.850, 163
Trd, 000261.550, 163
Trd, 000261.750, 164
Trd, 000262.133, 170
Trd, 000262.417, 168
Trd, 000262.783, 170
Trd, 000264.167, 173
Trd, 000264.350, 174
Trd, 000264.433, 172
Trd, 000265.183, 181
Trd, 000266.167, 180
Trd, 000266.433, 179
Trd, 000266.817, 180
Trd, 000267.150, 179
Trd, 000267.233, 178
Trd, 000267.483, 181
Trd, 000267.583, 177
Trd, 000267.833, 178
Trd, 000268.450, 178
Trd, 000268.800, 178
Trd, 000269.000, 178
Trd, 000269.900, 179
Trd, 000270.983, 179
Trd, 000271.000, 180
Trd, 000271.417, 182
Trd, 000271.567, 183
Trd, 000271.967, 182
Trd, 000272.683, 172
Trd, 000273.600, 177
Trd, 000274.667, 172
Trd, 000275.450, 171
Trd, 000275.833, 175
Trd, 000275.933, 170
Trd, 000276.200, 174
Trd, 000276.700, 173
Trd, 000277.050, 169
Trd, 000277.333, 176
Trd, 000278.750, 173
Trd, 000278.833, 172
Trd, 000279.333, 162
Trd, 000280.067, 169
Trd, 000281.000, 170
Trd, 000281.067, 172
Trd, 000281.750, 175
Trd, 000282.067, 176
Trd, 000282.233, 174
Trd, 000282.367, 183
Trd, 000282.650, 170
Trd, 000282.667, 168
Trd, 000283.167, 171
Trd, 000283.667, 177
Trd, 000283.983, 168
Trd, 000284.517, 176
Trd, 000285.033, 179
Trd, 000285.350, 172
Trd, 000285.550, 168
Trd, 000285.933, 170
Trd, 000286.083, 185
Trd, 000286.750, 185
Trd, 000287.617, 180
Trd, 000289.767, 179
Trd, 000290.133, 179
Trd, 000290.650, 180
Trd, 000291.400, 179
Trd, 000291.650, 179
Trd, 000291.850, 179
Trd, 000292.867, 175
Trd, 000293.167, 176
Trd, 000293.400, 174
Trd, 000293.417, 177
Trd, 000293.500, 169
Trd, 000293.783, 178
Trd, 000293.950, 184
Trd, 000294.850, 180
Trd, 000294.967, 181
Trd, 000295.200, 176
Trd, 000296.083, 178
Trd, 000296.267, 178
Trd, 000296.350, 175
Trd, 000297.583, 177
Trd, 000298.283, 174
Trd, 000299.700, 184
