Trd, 000001.617, 109
Trd, 000002.400, 158
Trd, 000003.850, 135
Trd, 000003.933, 137
Trd, 000003.967, 139
Trd, 000005.100, 155
Trd, 000006.183, 172
Trd, 000006.817, 157
Trd, 000007.983, 152
Trd, 000008.333, 152
Trd, 000008.867, 150
Trd, 000009.067, 146
Trd, 000009.300, 156
Trd, 000010.617, 144
Trd, 000011.267, 143
Trd, 000011.350, 145
Trd, 000011.817, 145
Trd, 000012.250, 161
Trd, 000013.750, 149
Trd, 000013.950, 149
Trd, 000014.467, 149
Trd, 000014.750, 148
Trd, 000014.817, 149
Trd, 000015.167, 147
Trd, 000016.700, 144
Trd, 000016.783, 149
Trd, 000018.450, 147
Trd, 000019.167, 148
Trd, 000019.650, 157
Trd, 000020.150, 162
Trd, 000020.300, 161
Trd, 000021.667, 172
Trd, 000021.867, 163
Trd, 000022.050, 165
Trd, 000022.883, 168
Trd, 000023.583, 163
Trd, 000023.850, 157
Trd, 000024.017, 169
Trd, 000024.450, 155
Trd, 000024.550, 160
Trd, 000025.083, 153
Trd, 000027.033, 155
Trd, 000028.117, 156
Trd, 000028.333, 157
Trd, 000029.317, 156
Trd, 000030.150, 157
Trd, 000030.217, 158
Trd, 000030.800, 165
Trd, 000030.883, 155
Trd, 000032.067, 158
Trd, 000032.817, 157
Trd, 000033.017, 159
Trd, 000033.067, 161
Trd, 000033.200, 155
Trd, 000033.533, 155
Trd, 000034.333, 158
Trd, 000036.050, 142
Trd, 000036.450, 145
Trd, 000036.633, 145
Trd, 000036.717, 148
Trd, 000038.083, 148
Trd, 000038.367, 147
Trd, 000038.550, 149
Trd, 000038.700, 149
Trd, 000038.750, 147
Trd, 000038.800, 143
Trd, 000039.683, 157
Trd, 000040.500, 155
Trd, 000042.250, 162
Trd, 000042.917, 159
Trd, 000043.350, 148
Trd, 000043.650, 147
Trd, 000044.400, 155
Trd, 000044.600, 155
Trd, 000045.200, 154
Trd, 000045.417, 152
Trd, 000045.667, 153
Trd, 000047.150, 148
Trd, 000047.417, 151
Trd, 000047.467, 153
Trd, 000047.733, 150
Trd, 000049.350, 152
Trd, 000050.067, 153
Trd, 000050.200, 153
Trd, 000050.817, 160
Trd, 000050.917, 157
Trd, 000051.567, 159
Trd, 000052.100, 158
Trd, 000052.333, 160
Trd, 000053.067, 158
Trd, 000053.667, 163
Trd, 000054.817, 161
Trd, 000055.050, 158
Trd, 000055.117, 157
Trd, 000055.917, 157
Trd, 000056.217, 156
Trd, 000057.500, 157
Trd, 000057.567, 155
Trd, 000057.817, 153
Trd, 000058.017, 157
Trd, 000058.117, 155
Trd, 000058.833, 157
Trd, 000059.833, 156
Trd, 000060.833, 153
Trd, 000061.567, 155
Trd, 000062.050, 158
Trd, 000062.467, 157
Trd, 000063.633, 154
Trd, 000063.850, 161
Trd, 000064.083, 163
Trd, 000064.600, 141
Trd, 000066.833, 153
Trd, 000067.167, 151
Trd, 000067.467, 151
Trd, 000068.850, 154
Trd, 000069.117, 149
Trd, 000069.467, 152
Trd, 000070.433, 153
Trd, 000070.850, 154
Trd, 000071.567, 154
Trd, 000071.933, 153
Trd, 000072.917, 153
Trd, 000073.017, 153
Trd, 000073.200, 154
Trd, 000073.533, 152
Trd, 000074.667, 154
Trd, 000075.083, 162
Trd, 000075.500, 157
Trd, 000076.067, 167
Trd, 000076.433, 166
Trd, 000077.117, 166
Trd, 000077.700, 160
Trd, 000077.733, 158
Trd, 000078.683, 162
Trd, 000078.767, 161
Trd, 000079.550, 162
Trd, 000080.717, 162
Trd, 000080.750, 162
Trd, 000080.800, 163
Trd, 000081.617, 165
Trd, 000082.683, 161
Trd, 000082.800, 160
Trd, 000083.367, 157
Trd, 000083.967, 158
Trd, 000084.133, 163
Trd, 000085.317, 156
Trd, 000086.017, 142
Trd, 000086.900, 160
Trd, 000088.100, 154
Trd, 000088.483, 154
Trd, 000088.733, 155
Trd, 000090.000, 153
Trd, 000090.450, 154
Trd, 000090.850, 152
Trd, 000092.383, 151
Trd, 000092.633, 153
Trd, 000093.450, 153
Trd, 000094.283, 152
Trd, 000095.050, 153
Trd, 000095.367, 154
Trd, 000095.700, 164
Trd, 000095.767, 164
Trd, 000096.883, 161
Trd, 000097.033, 158
Trd, 000098.050, 168
Trd, 000099.467, 165
Trd, 000100.050, 164
Trd, 000100.667, 164
Trd, 000100.867, 165
Trd, 000101.300, 165
Trd, 000101.400, 168
Trd, 000101.467, 163
Trd, 000101.750, 156
Trd, 000103.000, 168
Trd, 000103.083, 169
Trd, 000103.950, 161
Trd, 000104.633, 170
Trd, 000105.083, 171
Trd, 000105.767, 165
Trd, 000106.517, 165
Trd, 000107.417, 168
Trd, 000107.717, 168
Trd, 000110.033, 166
Trd, 000110.533, 166
Trd, 000110.733, 141
Trd, 000111.883, 160
Trd, 000112.450, 160
Trd, 000113.150, 159
Trd, 000113.900, 160
Trd, 000114.033, 158
Trd, 000114.833, 164
Trd, 000115.083, 164
Trd, 000115.217, 162
Trd, 000115.683, 166
Trd, 000115.917, 169
Trd, 000116.167, 173
Trd, 000117.433, 162
Trd, 000118.950, 163
Trd, 000118.967, 164
Trd, 000120.850, 160
Trd, 000121.083, 160
Trd, 000122.117, 158
Trd, 000122.317, 160
Trd, 000122.500, 162
Trd, 000122.700, 168
Trd, 000123.533, 165
Trd, 000123.583, 167
Trd, 000124.683, 170
Trd, 000125.200, 163
Trd, 000126.383, 166
Trd, 000126.567, 165
Trd, 000127.100, 164
Trd, 000127.333, 166
Trd, 000128.833, 166
Trd, 000129.300, 164
Trd, 000129.450, 167
Trd, 000130.383, 164
Trd, 000130.550, 164
Trd, 000130.883, 166
Trd, 000131.000, 167
Trd, 000131.150, 165
Trd, 000132.633, 167
Trd, 000132.733, 164
Trd, 000133.483, 164
Trd, 000134.467, 166
Trd, 000134.950, 165
Trd, 000136.117, 164
Trd, 000136.433, 164
Trd, 000138.233, 166
Trd, 000139.083, 165
Trd, 000139.583, 165
Trd, 000139.950, 167
Trd, 000140.283, 167
Trd, 000140.433, 165
Trd, 000140.483, 172
Trd, 000141.850, 175
Trd, 000143.917, 168
Trd, 000144.033, 169
Trd, 000144.067, 170
Trd, 000144.583, 168
Trd, 000144.900, 169
Trd, 000146.100, 167
Trd, 000146.650, 168
Trd, 000146.950, 168
Trd, 000147.267, 169
Trd, 000147.917, 169
Trd, 000148.300, 170
Trd, 000149.250, 166
Trd, 000149.350, 159
Trd, 000149.917, 166
Trd, 000152.600, 167
Trd, 000152.617, 166
Trd, 000153.550, 167
Trd, 000153.633, 167
Trd, 000153.933, 167
Trd, 000153.950, 167
Trd, 000154.583, 170
Trd, 000155.117, 166
Trd, 000155.167, 165
Trd, 000156.250, 164
Trd, 000156.417, 166
Trd, 000156.683, 171
Trd, 000157.117, 173
Trd, 000157.517, 165
Trd, 000158.083, 174
Trd, 000160.250, 169
Trd, 000160.833, 169
Trd, 000161.917, 167
Trd, 000162.033, 170
Trd, 000162.567, 170
Trd, 000163.050, 170
Trd, 000164.117, 169
Trd, 000164.883, 168
Trd, 000164.900, 171
Trd, 000165.067, 167
Trd, 000165.100, 171
Trd, 000166.800, 165
Trd, 000167.217, 166
Trd, 000168.100, 164
Trd, 000168.700, 164
Trd, 000169.050, 164
Trd, 000170.183, 167
Trd, 000170.500, 166
Trd, 000170.800, 172
Trd, 000171.950, 192
Trd, 000172.267, 175
Trd, 000172.867, 176
Trd, 000173.400, 178
Trd, 000174.567, 189
Trd, 000174.767, 191
Trd, 000175.150, 175
Trd, 000175.283, 171
Trd, 000176.700, 167
Trd, 000177.367, 169
Trd, 000178.333, 170
Trd, 000178.850, 169
Trd, 000180.333, 169
Trd, 000180.583, 169
Trd, 000181.233, 169
Trd, 000182.033, 170
Trd, 000182.517, 169
Trd, 000182.933, 165
Trd, 000183.133, 168
Trd, 000184.250, 166
Trd, 000185.467, 166
Trd, 000185.633, 167
Trd, 000185.683, 167
Trd, 000186.200, 167
Trd, 000186.217, 173
Trd, 000187.583, 169
Trd, 000187.950, 167
Trd, 000188.050, 176
Trd, 000188.933, 165
Trd, 000189.317, 163
Trd, 000189.633, 165
Trd, 000190.433, 165
Trd, 000191.317, 166
Trd, 000191.467, 172
Trd, 000191.567, 165
Trd, 000192.783, 169
Trd, 000194.117, 165
Trd, 000194.600, 173
Trd, 000196.067, 172
Trd, 000196.383, 173
Trd, 000196.817, 173
Trd, 000197.783, 172
Trd, 000199.533, 173
Trd, 000200.250, 174
Trd, 000200.400, 173
Trd, 000201.800, 173
Trd, 000202.400, 172
Trd, 000202.583, 174
Trd, 000203.000, 173
Trd, 000203.233, 173
Trd, 000203.800, 175
Trd, 000203.967, 175
Trd, 000204.083, 175
Trd, 000204.100, 178
Trd, 000204.433, 171
Trd, 000205.133, 175
Trd, 000206.683, 170
Trd, 000208.417, 172
Trd, 000209.417, 174
Trd, 000209.483, 171
Trd, 000210.283, 172
Trd, 000210.733, 157
Trd, 000211.700, 170
Trd, 000211.867, 169
Trd, 000212.567, 169
Trd, 000212.933, 166
Trd, 000213.550, 169
Trd, 000213.650, 170
Trd, 000213.683, 176
Trd, 000214.400, 168
Trd, 000214.650, 171
Trd, 000216.050, 180
Trd, 000216.633, 175
Trd, 000218.167, 172
Trd, 000219.467, 175
Trd, 000220.150, 173
Trd, 000221.017, 174
Trd, 000221.867, 174
Trd, 000221.983, 173
Trd, 000222.250, 173
Trd, 000222.800, 173
Trd, 000223.567, 172
Trd, 000223.700, 173
Trd, 000224.700, 170
Trd, 000225.600, 158
Trd, 000225.867, 158
Trd, 000225.983, 160
Trd, 000226.300, 161
Trd, 000226.617, 162
Trd, 000226.983, 178
Trd, 000227.567, 166
Trd, 000228.033, 166
Trd, 000228.583, 167
Trd, 000228.617, 168
Trd, 000228.767, 167
Trd, 000229.467, 169
Trd, 000229.950, 165
Trd, 000230.333, 177
Trd, 000231.833, 165
Trd, 000232.617, 171
Trd, 000232.950, 177
Trd, 000232.967, 165
Trd, 000234.833, 166
Trd, 000235.533, 173
Trd, 000235.833, 173
Trd, 000236.467, 174
Trd, 000237.367, 178
Trd, 000237.950, 179
Trd, 000239.283, 179
Trd, 000239.600, 176
Trd, 000240.600, 177
Trd, 000240.767, 178
Trd, 000241.033, 176
Trd, 000241.500, 179
Trd, 000241.600, 175
Trd, 000242.050, 175
Trd, 000242.200, 177
Trd, 000244.150, 182
Trd, 000244.533, 177
Trd, 000244.667, 174
Trd, 000245.133, 176
Trd, 000245.167, 175
Trd, 000245.233, 172
Trd, 000246.217, 169
Trd, 000246.317, 170
Trd, 000246.833, 168
Trd, 000247.100, 171
Trd, 000248.167, 172
Trd, 000248.733, 172
Trd, 000248.750, 175
Trd, 000249.050, 172
Trd, 000249.233, 173
Trd, 000249.417, 179
Trd, 000249.783, 180
Trd, 000250.533, 178
Trd, 000250.917, 178
Trd, 000251.150, 183
Trd, 000251.533, 178
Trd, 000252.117, 178
Trd, 000253.483, 176
Trd, 000253.633, 177
Trd, 000253.800, 179
Trd, 000254.400, 173
Trd, 000254.550, 173
Trd, 000255.217, 173
Trd, 000255.950, 171
Trd, 000256.050, 172
Trd, 000256.217, 174
Trd, 000256.583, 176
Trd, 000256.833, 177
Trd, 000257.183, 170
Trd, 000257.317, 177
Trd, 000257.900, 177
Trd, 000258.583, 175
Trd, 000259.217, 176
Trd, 000259.817, 174
Trd, 000260.517, 174
Trd, 000260.767, 175
Trd, 000260.833, 164
Trd, 000262.400, 173
Trd, 000263.133, 174
Trd, 000263.333, 176
Trd, 000263.833, 173
Trd, 000265.133, 168
Trd, 000265.167, 171
Trd, 000265.833, 181
Trd, 000265.917, 179
Trd, 000266.517, 176
Trd, 000266.683, 175
Trd, 000266.733, 177
Trd, 000267.200, 179
Trd, 000267.700, 182
Trd, 000268.400, 185
Trd, 000268.633, 189
Trd, 000270.550, 191
Trd, 000270.933, 181
Trd, 000271.400, 178
Trd, 000271.450, 176
Trd, 000271.533, 183
Trd, 000271.883, 175
Trd, 000271.900, 183
Trd, 000272.683, 183
Trd, 000272.733, 178
Trd, 000273.767, 182
Trd, 000274.367, 178
Trd, 000274.717, 178
Trd, 000275.050, 181
Trd, 000276.400, 176
Trd, 000276.533, 175
Trd, 000277.183, 181
Trd, 000277.200, 179
Trd, 000277.617, 182
Trd, 000278.317, 178
Trd, 000279.600, 181
Trd, 000279.800, 180
Trd, 000279.983, 179
Trd, 000280.300, 178
Trd, 000280.800, 179
Trd, 000281.433, 180
Trd, 000281.950, 164
Trd, 000282.050, 179
Trd, 000282.950, 183
Trd, 000283.283, 176
Trd, 000283.717, 185
Trd, 000284.050, 176
Trd, 000285.017, 178
Trd, 000285.417, 177
Trd, 000285.500, 178
Trd, 000285.533, 186
Trd, 000286.233, 174
Trd, 000286.967, 173
Trd, 000287.450, 179
Trd, 000287.750, 180
Trd, 000289.033, 176
Trd, 000289.100, 177
Trd, 000289.633, 179
Trd, 000289.683, 176
Trd, 000290.200, 173
Trd, 000290.933, 178
Trd, 000291.767, 178
Trd, 000292.550, 173
Trd, 000293.000, 173
Trd, 000293.400, 174
Trd, 000294.033, 178
Trd, 000294.650, 177
Trd, 000295.250, 177
Trd, 000295.350, 178
Trd, 000295.400, 178
Trd, 000295.500, 182
Trd, 000296.283, 184
Trd, 000296.667, 181
Trd, 000296.983, 185
Trd, 000297.400, 176
Trd, 000298.233, 183
Trd, 000299.467, 184
