Trd, 000001.717, 142
Trd, 000002.750, 152
Trd, 000003.400, 157
Trd, 000003.417, 158
Trd, 000004.417, 149
Trd, 000004.850, 148
Trd, 000005.517, 154
Trd, 000006.067, 155
Trd, 000006.367, 144
Trd, 000009.067, 150
Trd, 000009.100, 151
Trd, 000009.683, 147
Trd, 000009.850, 152
Trd, 000009.933, 162
Trd, 000011.250, 158
Trd, 000011.833, 153
Trd, 000013.033, 153
Trd, 000013.167, 153
Trd, 000013.950, 158
Trd, 000014.950, 155
Trd, 000015.000, 157
Trd, 000015.033, 156
Trd, 000015.733, 156
Trd, 000017.967, 158
Trd, 000018.000, 153
Trd, 000018.033, 149
Trd, 000018.433, 158
Trd, 000018.783, 156
Trd, 000019.900, 159
Trd, 000020.083, 160
Trd, 000020.817, 160
Trd, 000021.850, 160
Trd, 000022.283, 160
Trd, 000022.900, 160
Trd, 000023.833, 158
Trd, 000024.267, 149
Trd, 000024.500, 160
Trd, 000025.017, 162
Trd, 000025.450, 163
Trd, 000025.767, 164
Trd, 000026.000, 175
Trd, 000026.583, 165
Trd, 000026.733, 163
Trd, 000027.117, 150
Trd, 000027.400, 144
Trd, 000028.833, 153
Trd, 000028.867, 154
Trd, 000030.133, 156
Trd, 000030.433, 158
Trd, 000030.650, 181
Trd, 000030.783, 175
Trd, 000031.517, 172
Trd, 000031.867, 161
Trd, 000032.050, 154
Trd, 000032.817, 171
Trd, 000032.850, 161
Trd, 000032.867, 174
Trd, 000033.750, 179
Trd, 000035.833, 163
Trd, 000035.933, 165
Trd, 000036.833, 165
Trd, 000037.500, 178
Trd, 000037.800, 173
Trd, 000038.783, 174
Trd, 000039.100, 162
Trd, 000039.600, 170
Trd, 000039.967, 168
Trd, 000040.700, 165
Trd, 000041.833, 164
Trd, 000042.300, 164
Trd, 000042.917, 160
Trd, 000043.067, 154
Trd, 000043.367, 166
Trd, 000044.367, 157
Trd, 000044.467, 157
Trd, 000046.500, 156
Trd, 000046.750, 159
Trd, 000047.283, 160
Trd, 000047.533, 158
Trd, 000048.883, 156
Trd, 000050.267, 157
Trd, 000050.567, 157
Trd, 000053.333, 156
Trd, 000053.417, 156
Trd, 000053.600, 156
Trd, 000053.883, 140
Trd, 000054.150, 157
Trd, 000054.350, 154
Trd, 000054.917, 153
Trd, 000055.000, 157
Trd, 000055.067, 160
Trd, 000058.067, 154
Trd, 000059.067, 155
Trd, 000059.133, 156
Trd, 000059.250, 155
Trd, 000059.833, 164
Trd, 000060.517, 166
Trd, 000061.800, 160
Trd, 000062.667, 161
Trd, 000062.933, 160
Trd, 000063.050, 159
Trd, 000064.500, 160
Trd, 000065.000, 159
Trd, 000065.117, 159
Trd, 000065.383, 160
Trd, 000065.833, 161
Trd, 000066.300, 147
Trd, 000066.917, 162
Trd, 000067.300, 163
Trd, 000067.717, 164
Trd, 000069.417, 161
Trd, 000069.883, 164
Trd, 000070.183, 169
Trd, 000070.417, 162
Trd, 000071.483, 165
Trd, 000071.717, 165
Trd, 000071.733, 164
Trd, 000073.517, 165
Trd, 000074.183, 157
Trd, 000074.450, 159
Trd, 000075.867, 156
Trd, 000076.467, 160
Trd, 000076.517, 155
Trd, 000077.467, 158
Trd, 000077.867, 159
Trd, 000078.150, 155
Trd, 000078.433, 166
Trd, 000079.933, 164
Trd, 000080.433, 168
Trd, 000080.633, 169
Trd, 000081.083, 158
Trd, 000082.417, 163
Trd, 000083.183, 162
Trd, 000083.700, 160
Trd, 000083.783, 158
Trd, 000084.333, 164
Trd, 000085.933, 160
Trd, 000085.967, 157
Trd, 000086.533, 159
Trd, 000087.067, 163
Trd, 000087.850, 162
Trd, 000088.850, 165
Trd, 000089.383, 164
Trd, 000089.867, 162
Trd, 000090.850, 160
Trd, 000091.400, 159
Trd, 000092.183, 161
Trd, 000092.450, 157
Trd, 000093.167, 162
Trd, 000094.317, 161
Trd, 000094.483, 162
Trd, 000094.600, 160
Trd, 000095.550, 159
Trd, 000095.600, 150
Trd, 000095.717, 164
Trd, 000096.017, 166
Trd, 000096.233, 158
Trd, 000097.317, 158
Trd, 000097.567, 161
Trd, 000099.900, 159
Trd, 000100.683, 159
Trd, 000101.267, 160
Trd, 000101.333, 159
Trd, 000101.483, 165
Trd, 000102.933, 166
Trd, 000103.400, 166
Trd, 000103.450, 167
Trd, 000103.583, 165
Trd, 000104.083, 163
Trd, 000105.017, 168
Trd, 000105.400, 164
Trd, 000105.567, 167
Trd, 000105.950, 168
Trd, 000106.100, 172
Trd, 000106.167, 165
Trd, 000108.717, 170
Trd, 000108.933, 169
Trd, 000109.083, 168
Trd, 000109.467, 167
Trd, 000109.983, 165
Trd, 000110.200, 165
Trd, 000111.533, 166
Trd, 000112.233, 164
Trd, 000112.317, 159
Trd, 000112.867, 166
Trd, 000112.933, 166
Trd, 000113.333, 159
Trd, 000113.783, 169
Trd, 000114.483, 168
Trd, 000114.867, 160
Trd, 000115.850, 166
Trd, 000117.067, 161
Trd, 000117.700, 160
Trd, 000119.333, 161
Trd, 000119.350, 160
Trd, 000119.600, 159
Trd, 000121.117, 160
Trd, 000121.167, 163
Trd, 000121.183, 167
Trd, 000121.300, 170
Trd, 000121.767, 161
Trd, 000121.950, 174
Trd, 000123.300, 165
Trd, 000124.350, 162
Trd, 000124.900, 161
Trd, 000125.000, 161
Trd, 000125.267, 163
Trd, 000125.400, 161
Trd, 000126.733, 161
Trd, 000127.733, 162
Trd, 000128.783, 163
Trd, 000129.683, 167
Trd, 000129.967, 167
Trd, 000129.983, 168
Trd, 000130.800, 170
Trd, 000131.633, 168
Trd, 000132.083, 169
Trd, 000132.417, 167
Trd, 000132.433, 170
Trd, 000132.933, 169
Trd, 000133.033, 166
Trd, 000133.700, 163
Trd, 000135.167, 184
Trd, 000135.717, 161
Trd, 000136.067, 173
Trd, 000136.367, 176
Trd, 000136.750, 167
Trd, 000138.000, 170
Trd, 000138.300, 172
Trd, 000138.633, 165
Trd, 000139.967, 166
Trd, 000140.867, 166
Trd, 000140.900, 169
Trd, 000141.917, 162
Trd, 000142.350, 167
Trd, 000142.833, 176
Trd, 000143.317, 171
Trd, 000143.800, 188
Trd, 000144.250, 189
Trd, 000144.850, 177
Trd, 000145.417, 175
Trd, 000147.017, 179
Trd, 000147.233, 180
Trd, 000148.133, 175
Trd, 000148.650, 175
Trd, 000148.767, 177
Trd, 000148.800, 173
Trd, 000149.217, 163
Trd, 000149.950, 167
Trd, 000150.417, 171
Trd, 000150.550, 173
Trd, 000151.500, 178
Trd, 000151.733, 187
Trd, 000153.583, 186
Trd, 000154.133, 185
Trd, 000154.433, 183
Trd, 000154.950, 181
Trd, 000155.150, 182
Trd, 000155.167, 183
Trd, 000155.600, 179
Trd, 000156.233, 182
Trd, 000156.467, 176
Trd, 000157.867, 174
Trd, 000157.983, 156
Trd, 000158.883, 170
Trd, 000160.100, 167
Trd, 000160.467, 169
Trd, 000161.067, 170
Trd, 000161.350, 171
Trd, 000162.133, 171
Trd, 000162.367, 174
Trd, 000163.050, 171
Trd, 000163.200, 172
Trd, 000163.850, 171
Trd, 000164.100, 169
Trd, 000164.350, 169
Trd, 000165.117, 170
Trd, 000165.617, 170
Trd, 000166.417, 174
Trd, 000167.017, 178
Trd, 000167.700, 192
Trd, 000168.250, 179
Trd, 000169.117, 179
Trd, 000170.183, 179
Trd, 000170.717, 176
Trd, 000170.967, 180
Trd, 000171.517, 175
Trd, 000172.317, 173
Trd, 000172.850, 173
Trd, 000173.200, 173
Trd, 000174.467, 171
Trd, 000174.883, 174
Trd, 000174.983, 165
Trd, 000175.067, 174
Trd, 000177.567, 173
Trd, 000177.917, 174
Trd, 000178.017, 174
Trd, 000178.167, 175
Trd, 000178.300, 173
Trd, 000178.333, 179
Trd, 000178.833, 172
Trd, 000179.333, 166
Trd, 000179.567, 175
Trd, 000179.850, 164
Trd, 000180.600, 159
Trd, 000181.033, 175
Trd, 000182.517, 175
Trd, 000183.067, 176
Trd, 000184.150, 176
Trd, 000185.383, 169
Trd, 000186.050, 173
Trd, 000187.017, 173
Trd, 000187.283, 174
Trd, 000188.900, 172
Trd, 000188.917, 174
Trd, 000189.233, 175
Trd, 000189.333, 176
Trd, 000189.883, 176
Trd, 000190.183, 181
Trd, 000192.217, 184
Trd, 000192.683, 187
Trd, 000192.883, 186
Trd, 000193.417, 186
Trd, 000193.783, 188
Trd, 000194.633, 187
Trd, 000195.100, 180
Trd, 000195.400, 181
Trd, 000196.033, 180
Trd, 000196.467, 183
Trd, 000196.833, 198
Trd, 000197.117, 189
Trd, 000199.000, 172
Trd, 000199.200, 190
Trd, 000200.083, 175
Trd, 000200.200, 168
Trd, 000200.933, 181
Trd, 000201.367, 181
Trd, 000202.033, 174
Trd, 000202.383, 182
Trd, 000203.683, 180
Trd, 000204.067, 178
Trd, 000204.117, 179
Trd, 000204.250, 178
Trd, 000205.417, 178
Trd, 000205.550, 179
Trd, 000205.900, 180
Trd, 000206.050, 178
Trd, 000206.117, 180
Trd, 000206.517, 168
Trd, 000206.767, 191
Trd, 000207.533, 180
Trd, 000208.150, 182
Trd, 000209.783, 181
Trd, 000210.067, 180
Trd, 000211.000, 180
Trd, 000211.300, 179
Trd, 000211.483, 178
Trd, 000211.650, 177
Trd, 000211.883, 169
Trd, 000212.133, 180
Trd, 000212.550, 179
Trd, 000213.050, 183
Trd, 000215.583, 182
Trd, 000216.433, 181
Trd, 000217.400, 180
Trd, 000218.450, 180
Trd, 000218.667, 181
Trd, 000219.217, 183
Trd, 000220.117, 181
Trd, 000220.700, 182
Trd, 000221.317, 180
Trd, 000221.500, 181
Trd, 000221.517, 180
Trd, 000221.633, 171
Trd, 000222.067, 172
Trd, 000222.517, 178
Trd, 000222.800, 179
Trd, 000224.750, 176
Trd, 000225.517, 178
Trd, 000225.833, 163
Trd, 000227.400, 178
Trd, 000228.017, 171
Trd, 000228.467, 177
Trd, 000228.683, 176
Trd, 000230.000, 176
Trd, 000230.500, 177
Trd, 000230.783, 176
Trd, 000230.917, 177
Trd, 000231.183, 181
Trd, 000231.900, 176
Trd, 000232.117, 174
Trd, 000233.033, 180
Trd, 000233.267, 181
Trd, 000233.683, 185
Trd, 000234.167, 173
Trd, 000234.483, 197
Trd, 000235.250, 172
Trd, 000235.800, 181
Trd, 000238.033, 178
Trd, 000239.367, 179
Trd, 000239.417, 178
Trd, 000239.867, 175
Trd, 000240.133, 176
Trd, 000240.283, 175
Trd, 000240.583, 176
Trd, 000240.750, 178
Trd, 000241.383, 175
Trd, 000241.400, 178
Trd, 000242.133, 180
Trd, 000242.383, 178
Trd, 000243.517, 178
Trd, 000243.583, 177
Trd, 000243.900, 179
Trd, 000244.167, 178
Trd, 000244.767, 175
Trd, 000244.817, 175
Trd, 000245.317, 176
Trd, 000246.350, 175
Trd, 000246.667, 179
Trd, 000246.867, 180
Trd, 000247.317, 179
Trd, 000247.650, 177
Trd, 000247.750, 179
Trd, 000248.283, 180
Trd, 000249.033, 177
Trd, 000250.317, 181
Trd, 000251.000, 187
Trd, 000251.617, 180
Trd, 000251.950, 183
Trd, 000252.067, 182
Trd, 000252.717, 181
Trd, 000253.567, 180
Trd, 000253.767, 187
Trd, 000254.833, 185
Trd, 000255.733, 191
Trd, 000255.817, 190
Trd, 000255.967, 189
Trd, 000256.200, 186
Trd, 000256.717, 183
Trd, 000256.983, 177
Trd, 000257.567, 185
Trd, 000257.767, 186
Trd, 000257.967, 181
Trd, 000258.633, 185
Trd, 000259.017, 184
Trd, 000259.150, 186
Trd, 000259.933, 183
Trd, 000260.217, 184
Trd, 000261.617, 183
Trd, 000262.067, 182
Trd, 000262.650, 184
Trd, 000262.767, 185
Trd, 000263.133, 181
Trd, 000263.200, 182
Trd, 000263.317, 178
Trd, 000263.600, 177
Trd, 000264.500, 179
Trd, 000265.383, 180
Trd, 000265.400, 180
Trd, 000266.767, 179
Trd, 000266.950, 178
Trd, 000267.083, 175
Trd, 000267.367, 179
Trd, 000269.000, 181
Trd, 000269.100, 178
Trd, 000269.883, 176
Trd, 000270.217, 179
Trd, 000270.583, 181
Trd, 000270.867, 179
Trd, 000271.417, 177
Trd, 000271.500, 181
Trd, 000271.750, 182
Trd, 000272.117, 183
Trd, 000272.950, 179
Trd, 000273.217, 184
Trd, 000273.333, 179
Trd, 000273.400, 175
Trd, 000273.650, 173
Trd, 000273.733, 185
Trd, 000273.767, 189
Trd, 000274.917, 190
Trd, 000275.100, 174
Trd, 000275.833, 169
Trd, 000276.167, 176
Trd, 000277.133, 175
Trd, 000277.500, 186
Trd, 000277.617, 188
Trd, 000278.133, 188
Trd, 000278.233, 162
Trd, 000278.750, 183
Trd, 000279.767, 178
Trd, 000280.383, 182
Trd, 000280.450, 183
Trd, 000280.483, 183
Trd, 000281.400, 187
Trd, 000281.467, 188
Trd, 000281.683, 182
Trd, 000282.117, 181
Trd, 000282.600, 189
Trd, 000283.000, 183
Trd, 000283.567, 186
Trd, 000284.550, 195
Trd, 000285.050, 193
Trd, 000285.150, 201
Trd, 000285.633, 192
Trd, 000285.733, 192
Trd, 000285.967, 189
Trd, 000286.583, 180
Trd, 000286.933, 187
Trd, 000287.067, 186
Trd, 000287.617, 181
Trd, 000288.067, 180
Trd, 000288.500, 176
Trd, 000289.267, 183
Trd, 000289.850, 181
Trd, 000289.917, 187
Trd, 000289.950, 187
Trd, 000290.317, 171
Trd, 000290.333, 172
Trd, 000290.600, 187
Trd, 000290.983, 172
Trd, 000291.217, 170
Trd, 000291.333, 167
Trd, 000292.600, 176
Trd, 000292.700, 174
Trd, 000292.983, 175
Trd, 000293.550, 178
Trd, 000293.683, 188
Trd, 000294.633, 189
Trd, 000294.750, 190
Trd, 000295.100, 191
Trd, 000295.167, 203
Trd, 000295.250, 183
Trd, 000295.733, 182
Trd, 000295.967, 181
Trd, 000296.183, 195
Trd, 000296.717, 177
Trd, 000297.250, 170
Trd, 000297.650, 187
Trd, 000298.217, 181
Trd, 000298.367, 184
Trd, 000298.650, 180
Trd, 000298.700, 185
Trd, 000299.217, 187
Trd, 000299.500, 180
Trd, 000299.683, 180
Trd, 000299.883, 204
