Trd, 000001.717, 141
Trd, 000002.417, 134
Trd, 000002.517, 161
Trd, 000004.533, 149
Trd, 000005.050, 149
Trd, 000005.550, 149
Trd, 000006.217, 155
Trd, 000006.900, 151
Trd, 000007.150, 151
Trd, 000007.200, 150
Trd, 000007.317, 148
Trd, 000007.633, 148
Trd, 000007.783, 152
Trd, 000007.967, 153
Trd, 000009.800, 151
Trd, 000010.067, 150
Trd, 000011.100, 153
Trd, 000012.333, 155
Trd, 000012.967, 155
Trd, 000013.800, 159
Trd, 000014.150, 156
Trd, 000014.600, 155
Trd, 000014.750, 163
Trd, 000015.350, 159
Trd, 000017.450, 153
Trd, 000017.883, 153
Trd, 000018.750, 150
Trd, 000020.117, 153
Trd, 000020.383, 153
Trd, 000021.233, 153
Trd, 000021.433, 154
Trd, 000022.333, 154
Trd, 000022.483, 154
Trd, 000022.700, 151
Trd, 000024.633, 154
Trd, 000025.017, 151
Trd, 000025.650, 154
Trd, 000025.950, 153
Trd, 000026.933, 157
Trd, 000027.233, 158
Trd, 000028.083, 160
Trd, 000028.867, 161
Trd, 000030.667, 159
Trd, 000031.617, 159
Trd, 000031.783, 157
Trd, 000032.650, 159
Trd, 000032.850, 157
Trd, 000033.283, 161
Trd, 000033.867, 155
Trd, 000034.483, 155
Trd, 000034.850, 161
Trd, 000035.350, 154
Trd, 000035.600, 152
Trd, 000037.083, 162
Trd, 000038.900, 162
Trd, 000039.017, 161
Trd, 000039.167, 161
Trd, 000039.483, 160
Trd, 000040.967, 162
Trd, 000041.333, 158
Trd, 000043.133, 159
Trd, 000043.400, 159
Trd, 000043.517, 159
Trd, 000043.833, 158
Trd, 000044.267, 148
Trd, 000044.517, 159
Trd, 000047.250, 155
Trd, 000048.150, 155
Trd, 000048.433, 157
Trd, 000048.817, 157
Trd, 000049.917, 157
Trd, 000051.117, 160
Trd, 000051.233, 159
Trd, 000051.417, 160
Trd, 000052.250, 158
Trd, 000052.750, 159
Trd, 000052.933, 157
Trd, 000054.333, 157
Trd, 000055.800, 159
Trd, 000056.667, 157
Trd, 000056.817, 156
Trd, 000057.633, 157
Trd, 000057.950, 157
Trd, 000059.750, 158
Trd, 000060.517, 161
Trd, 000061.350, 160
Trd, 000062.083, 164
Trd, 000062.417, 162
Trd, 000063.300, 162
Trd, 000063.867, 163
Trd, 000064.433, 163
Trd, 000064.683, 164
Trd, 000066.183, 166
Trd, 000066.600, 164
Trd, 000067.217, 167
Trd, 000067.233, 167
Trd, 000067.450, 163
Trd, 000069.067, 166
Trd, 000070.200, 165
Trd, 000070.533, 168
Trd, 000070.933, 162
Trd, 000071.233, 163
Trd, 000072.883, 165
Trd, 000073.367, 166
Trd, 000073.383, 165
Trd, 000073.550, 167
Trd, 000073.867, 164
Trd, 000074.717, 159
Trd, 000077.017, 154
Trd, 000077.783, 165
Trd, 000077.850, 154
Trd, 000078.283, 165
Trd, 000078.650, 166
Trd, 000079.333, 163
Trd, 000079.567, 162
Trd, 000079.700, 170
Trd, 000081.683, 163
Trd, 000081.717, 163
Trd, 000081.783, 162
Trd, 000082.483, 162
Trd, 000083.033, 162
Trd, 000083.267, 161
Trd, 000085.067, 162
Trd, 000085.183, 161
Trd, 000086.167, 162
Trd, 000087.050, 163
Trd, 000088.267, 163
Trd, 000089.383, 164
Trd, 000089.767, 161
Trd, 000089.817, 160
Trd, 000090.667, 161
Trd, 000091.083, 162
Trd, 000092.350, 160
Trd, 000093.350, 145
Trd, 000093.900, 153
Trd, 000094.550, 160
Trd, 000095.817, 158
Trd, 000096.300, 159
Trd, 000096.650, 157
Trd, 000098.833, 159
Trd, 000099.200, 158
Trd, 000099.967, 159
Trd, 000100.317, 159
Trd, 000100.767, 161
Trd, 000102.000, 165
Trd, 000102.633, 162
Trd, 000103.217, 161
Trd, 000103.783, 161
Trd, 000103.917, 163
Trd, 000105.217, 161
Trd, 000105.483, 163
Trd, 000106.367, 163
Trd, 000107.517, 166
Trd, 000107.617, 168
Trd, 000107.667, 164
Trd, 000108.667, 163
Trd, 000109.167, 163
Trd, 000109.633, 157
Trd, 000110.900, 165
Trd, 000111.000, 166
Trd, 000111.617, 163
Trd, 000113.083, 163
Trd, 000113.450, 162
Trd, 000114.767, 164
Trd, 000115.300, 163
Trd, 000115.800, 163
Trd, 000116.183, 163
Trd, 000116.533, 162
Trd, 000116.633, 164
Trd, 000116.950, 165
Trd, 000117.283, 160
Trd, 000118.483, 168
Trd, 000119.533, 166
Trd, 000119.650, 165
Trd, 000119.817, 167
Trd, 000121.050, 164
Trd, 000121.167, 165
Trd, 000123.300, 166
Trd, 000123.750, 165
Trd, 000124.267, 164
Trd, 000124.817, 163
Trd, 000125.800, 167
Trd, 000125.900, 167
Trd, 000126.383, 167
Trd, 000127.533, 170
Trd, 000127.550, 166
Trd, 000128.750, 166
Trd, 000130.583, 166
Trd, 000131.667, 166
Trd, 000132.067, 167
Trd, 000132.617, 167
Trd, 000133.067, 169
Trd, 000133.500, 171
Trd, 000134.583, 174
Trd, 000134.650, 173
Trd, 000134.917, 171
Trd, 000134.967, 164
Trd, 000135.083, 157
Trd, 000135.883, 173
Trd, 000137.183, 167
Trd, 000138.500, 168
Trd, 000138.850, 168
Trd, 000139.717, 169
Trd, 000139.817, 172
Trd, 000140.100, 169
Trd, 000140.933, 167
Trd, 000143.233, 169
Trd, 000143.500, 168
Trd, 000144.683, 169
Trd, 000145.200, 172
Trd, 000145.383, 168
Trd, 000145.800, 166
Trd, 000147.533, 167
Trd, 000147.767, 168
Trd, 000149.233, 169
Trd, 000149.767, 169
Trd, 000150.767, 170
Trd, 000151.200, 171
Trd, 000152.433, 170
Trd, 000152.683, 168
Trd, 000152.900, 170
Trd, 000153.317, 169
Trd, 000153.833, 172
Trd, 000155.717, 169
Trd, 000156.367, 169
Trd, 000157.383, 169
Trd, 000158.000, 170
Trd, 000158.700, 171
Trd, 000158.817, 170
Trd, 000159.117, 160
Trd, 000160.633, 170
Trd, 000160.967, 167
Trd, 000161.933, 168
Trd, 000162.783, 168
Trd, 000164.200, 169
Trd, 000164.450, 168
Trd, 000165.400, 171
Trd, 000165.883, 171
Trd, 000165.900, 172
Trd, 000165.950, 167
Trd, 000168.900, 169
Trd, 000169.283, 170
Trd, 000170.183, 171
Trd, 000170.667, 169
Trd, 000171.050, 172
Trd, 000171.167, 171
Trd, 000171.683, 169
Trd, 000172.600, 172
Trd, 000173.083, 173
Trd, 000173.350, 174
Trd, 000174.483, 173
Trd, 000175.333, 173
Trd, 000176.150, 173
Trd, 000176.450, 172
Trd, 000176.883, 171
Trd, 000179.850, 171
Trd, 000180.000, 172
Trd, 000180.567, 172
Trd, 000180.783, 172
Trd, 000181.967, 173
Trd, 000182.850, 175
Trd, 000183.033, 173
Trd, 000183.233, 172
Trd, 000184.467, 170
Trd, 000186.083, 174
Trd, 000186.967, 171
Trd, 000187.483, 174
Trd, 000189.083, 171
Trd, 000189.250, 170
Trd, 000189.750, 171
Trd, 000190.283, 172
Trd, 000190.833, 171
Trd, 000193.450, 172
Trd, 000193.750, 172
Trd, 000194.433, 171
Trd, 000195.283, 171
Trd, 000195.717, 173
Trd, 000196.267, 174
Trd, 000196.817, 173
Trd, 000197.483, 173
Trd, 000197.900, 174
Trd, 000198.083, 175
Trd, 000198.500, 173
Trd, 000199.450, 173
Trd, 000200.800, 173
Trd, 000201.633, 174
Trd, 000202.283, 172
Trd, 000202.600, 175
Trd, 000203.000, 174
Trd, 000204.700, 178
Trd, 000204.883, 178
Trd, 000205.500, 177
Trd, 000205.983, 175
Trd, 000206.767, 174
Trd, 000208.300, 173
Trd, 000208.767, 173
Trd, 000209.917, 171
Trd, 000210.200, 177
Trd, 000211.683, 174
Trd, 000211.767, 174
Trd, 000212.283, 174
Trd, 000214.017, 176
Trd, 000214.367, 175
Trd, 000215.133, 173
Trd, 000215.300, 175
Trd, 000215.333, 176
Trd, 000215.983, 175
Trd, 000217.567, 178
Trd, 000217.633, 179
Trd, 000217.833, 177
Trd, 000218.300, 176
Trd, 000218.600, 178
Trd, 000218.900, 177
Trd, 000219.233, 175
Trd, 000221.533, 180
Trd, 000222.317, 180
Trd, 000223.300, 177
Trd, 000224.133, 177
Trd, 000225.183, 177
Trd, 000225.250, 175
Trd, 000225.817, 177
Trd, 000225.950, 166
Trd, 000226.917, 175
Trd, 000227.000, 174
Trd, 000227.117, 173
Trd, 000228.117, 175
Trd, 000229.483, 175
Trd, 000230.700, 175
Trd, 000231.783, 175
Trd, 000233.200, 174
Trd, 000234.900, 175
Trd, 000235.367, 176
Trd, 000235.817, 174
Trd, 000235.950, 175
Trd, 000237.050, 175
Trd, 000237.867, 177
Trd, 000237.983, 175
Trd, 000238.300, 174
Trd, 000238.350, 172
Trd, 000238.400, 178
Trd, 000239.283, 175
Trd, 000240.017, 177
Trd, 000240.167, 176
Trd, 000240.383, 176
Trd, 000240.567, 175
Trd, 000240.817, 174
Trd, 000241.300, 174
Trd, 000241.417, 173
Trd, 000241.950, 172
Trd, 000242.083, 171
Trd, 000242.267, 175
Trd, 000242.783, 174
Trd, 000243.150, 179
Trd, 000243.217, 177
Trd, 000243.317, 175
Trd, 000243.450, 176
Trd, 000243.933, 178
Trd, 000244.583, 175
Trd, 000244.733, 175
Trd, 000244.983, 173
Trd, 000245.917, 170
Trd, 000246.433, 165
Trd, 000246.950, 170
Trd, 000247.150, 179
Trd, 000247.833, 169
Trd, 000248.000, 169
Trd, 000249.167, 181
Trd, 000249.250, 180
Trd, 000249.283, 181
Trd, 000249.650, 180
Trd, 000249.667, 179
Trd, 000250.817, 177
Trd, 000251.100, 177
Trd, 000251.250, 178
Trd, 000251.283, 181
Trd, 000251.500, 183
Trd, 000252.050, 159
Trd, 000252.733, 173
Trd, 000252.917, 174
Trd, 000253.217, 172
Trd, 000253.267, 178
Trd, 000253.583, 178
Trd, 000254.467, 178
Trd, 000255.217, 177
Trd, 000255.367, 180
Trd, 000255.383, 187
Trd, 000255.933, 192
Trd, 000256.250, 179
Trd, 000257.083, 183
Trd, 000257.817, 182
Trd, 000258.150, 185
Trd, 000258.500, 181
Trd, 000258.967, 186
Trd, 000259.017, 180
Trd, 000259.650, 192
Trd, 000261.217, 186
Trd, 000261.300, 186
Trd, 000261.500, 184
Trd, 000261.550, 183
Trd, 000261.667, 182
Trd, 000261.817, 180
Trd, 000261.950, 185
Trd, 000262.983, 177
Trd, 000263.567, 173
Trd, 000263.883, 167
Trd, 000264.117, 169
Trd, 000264.883, 174
Trd, 000265.083, 175
Trd, 000265.617, 181
Trd, 000266.033, 193
Trd, 000266.333, 192
Trd, 000266.683, 193
Trd, 000267.667, 186
Trd, 000268.250, 187
Trd, 000268.417, 189
Trd, 000268.617, 185
Trd, 000269.267, 191
Trd, 000269.283, 184
Trd, 000269.683, 191
Trd, 000269.733, 185
Trd, 000270.517, 187
Trd, 000270.900, 187
Trd, 000271.233, 186
Trd, 000271.667, 181
Trd, 000271.733, 184
Trd, 000271.983, 187
Trd, 000273.617, 182
Trd, 000273.667, 181
Trd, 000274.017, 179
Trd, 000274.250, 182
Trd, 000275.033, 182
Trd, 000275.050, 181
Trd, 000275.617, 178
Trd, 000275.633, 179
Trd, 000276.067, 182
Trd, 000276.783, 178
Trd, 000277.083, 178
Trd, 000277.133, 183
Trd, 000277.300, 177
Trd, 000278.333, 178
Trd, 000278.817, 177
Trd, 000279.117, 177
Trd, 000279.483, 180
Trd, 000280.450, 183
Trd, 000280.900, 183
Trd, 000281.217, 183
Trd, 000282.183, 184
Trd, 000282.267, 184
Trd, 000282.617, 183
Trd, 000282.917, 186
Trd, 000283.117, 188
Trd, 000283.250, 181
Trd, 000283.683, 179
Trd, 000284.100, 176
Trd, 000284.650, 183
Trd, 000284.817, 186
Trd, 000286.017, 179
Trd, 000286.583, 181
Trd, 000287.233, 184
Trd, 000287.317, 191
Trd, 000287.400, 180
Trd, 000288.100, 184
Trd, 000288.217, 185
Trd, 000288.300, 191
Trd, 000288.967, 182
Trd, 000289.217, 181
Trd, 000289.317, 188
Trd, 000289.850, 188
Trd, 000290.783, 182
Trd, 000291.000, 181
Trd, 000291.217, 173
Trd, 000291.533, 185
Trd, 000291.667, 170
Trd, 000291.867, 174
Trd, 000292.067, 186
Trd, 000292.967, 169
Trd, 000293.133, 169
Trd, 000293.717, 173
Trd, 000294.750, 173
Trd, 000294.867, 172
Trd, 000295.300, 172
Trd, 000295.550, 164
Trd, 000296.317, 172
Trd, 000297.067, 174
Trd, 000297.533, 184
Trd, 000297.817, 174
Trd, 000298.850, 176
Trd, 000299.033, 175
Trd, 000299.150, 177
Trd, 000299.533, 174
Trd, 000299.600, 182
Trd, 000299.917, 173
