Trd, 000000.950, 113
Trd, 000001.267, 132
Trd, 000002.467, 163
Trd, 000005.183, 165
Trd, 000005.367, 164
Trd, 000005.683, 164
Trd, 000006.167, 163
Trd, 000007.433, 162
Trd, 000007.717, 162
Trd, 000008.133, 163
Trd, 000008.733, 153
Trd, 000010.000, 154
Trd, 000010.333, 153
Trd, 000011.283, 152
Trd, 000011.350, 143
Trd, 000012.333, 151
Trd, 000012.500, 153
Trd, 000012.633, 154
Trd, 000015.050, 159
Trd, 000015.350, 158
Trd, 000015.450, 157
Trd, 000016.250, 156
Trd, 000016.400, 157
Trd, 000017.617, 150
Trd, 000017.750, 150
Trd, 000018.417, 148
Trd, 000018.433, 149
Trd, 000019.317, 148
Trd, 000020.100, 146
Trd, 000020.383, 149
Trd, 000020.867, 148
Trd, 000021.733, 149
Trd, 000022.183, 149
Trd, 000023.267, 146
Trd, 000023.567, 145
Trd, 000024.233, 147
Trd, 000024.967, 150
Trd, 000025.367, 150
Trd, 000025.917, 152
Trd, 000026.583, 156
Trd, 000027.450, 154
Trd, 000027.633, 154
Trd, 000028.183, 153
Trd, 000028.483, 154
Trd, 000029.333, 155
Trd, 000030.217, 155
Trd, 000030.667, 154
Trd, 000031.483, 154
Trd, 000031.700, 155
Trd, 000032.150, 154
Trd, 000032.900, 154
Trd, 000033.067, 153
Trd, 000033.400, 152
Trd, 000033.583, 155
Trd, 000034.850, 165
Trd, 000035.683, 165
Trd, 000036.267, 164
Trd, 000036.633, 150
Trd, 000037.300, 157
Trd, 000038.450, 155
Trd, 000038.833, 155
Trd, 000039.617, 152
Trd, 000039.717, 151
Trd, 000040.000, 151
Trd, 000041.050, 152
Trd, 000041.367, 156
Trd, 000041.783, 152
Trd, 000043.233, 154
Trd, 000044.233, 153
Trd, 000044.533, 141
Trd, 000044.617, 154
Trd, 000046.417, 149
Trd, 000046.717, 150
Trd, 000047.033, 154
Trd, 000047.900, 159
Trd, 000048.867, 161
Trd, 000049.183, 160
Trd, 000049.800, 158
Trd, 000050.317, 159
Trd, 000050.483, 158
Trd, 000050.983, 158
Trd, 000051.967, 158
Trd, 000052.150, 157
Trd, 000052.250, 157
Trd, 000053.600, 158
Trd, 000053.817, 158
Trd, 000054.000, 160
Trd, 000054.267, 156
Trd, 000056.950, 161
Trd, 000057.300, 160
Trd, 000057.550, 160
Trd, 000057.817, 161
Trd, 000058.617, 159
Trd, 000058.700, 159
Trd, 000060.383, 158
Trd, 000060.800, 157
Trd, 000061.650, 154
Trd, 000061.833, 155
Trd, 000062.050, 154
Trd, 000063.100, 153
Trd, 000064.250, 152
Trd, 000064.317, 153
Trd, 000065.083, 152
Trd, 000065.717, 154
Trd, 000066.250, 153
Trd, 000066.617, 154
Trd, 000066.867, 153
Trd, 000068.167, 153
Trd, 000069.083, 152
Trd, 000069.533, 153
Trd, 000069.767, 158
Trd, 000070.633, 158
Trd, 000071.817, 162
Trd, 000073.167, 163
Trd, 000073.483, 160
Trd, 000074.267, 160
Trd, 000075.000, 157
Trd, 000075.217, 158
Trd, 000075.667, 160
Trd, 000075.933, 160
Trd, 000076.750, 159
Trd, 000077.083, 159
Trd, 000077.233, 160
Trd, 000077.967, 161
Trd, 000079.000, 162
Trd, 000079.217, 161
Trd, 000082.200, 161
Trd, 000083.017, 160
Trd, 000083.083, 161
Trd, 000083.150, 162
Trd, 000083.333, 159
Trd, 000084.217, 140
Trd, 000084.717, 145
Trd, 000084.867, 146
Trd, 000086.583, 148
Trd, 000087.517, 154
Trd, 000087.983, 153
Trd, 000088.333, 153
Trd, 000089.533, 152
Trd, 000089.750, 153
Trd, 000089.767, 152
Trd, 000090.517, 152
Trd, 000090.600, 153
Trd, 000091.800, 154
Trd, 000091.900, 157
Trd, 000093.500, 151
Trd, 000094.733, 157
Trd, 000095.067, 159
Trd, 000096.267, 157
Trd, 000096.433, 159
Trd, 000097.417, 159
Trd, 000098.383, 159
Trd, 000098.683, 160
Trd, 000098.767, 159
Trd, 000098.800, 165
Trd, 000100.150, 162
Trd, 000100.183, 161
Trd, 000101.583, 162
Trd, 000102.583, 159
Trd, 000102.683, 159
Trd, 000102.883, 160
Trd, 000103.967, 160
Trd, 000104.817, 159
Trd, 000105.033, 157
Trd, 000105.500, 156
Trd, 000106.133, 163
Trd, 000106.700, 162
Trd, 000107.367, 162
Trd, 000107.617, 163
Trd, 000107.750, 163
Trd, 000108.750, 163
Trd, 000109.117, 162
Trd, 000109.400, 161
Trd, 000110.200, 160
Trd, 000110.217, 158
Trd, 000111.283, 149
Trd, 000112.550, 160
Trd, 000114.000, 164
Trd, 000114.183, 165
Trd, 000115.017, 164
Trd, 000115.583, 161
Trd, 000115.750, 162
Trd, 000115.883, 162
Trd, 000116.367, 163
Trd, 000116.683, 166
Trd, 000117.833, 163
Trd, 000118.133, 162
Trd, 000118.300, 163
Trd, 000118.433, 161
Trd, 000118.583, 161
Trd, 000119.133, 163
Trd, 000120.050, 163
Trd, 000120.900, 163
Trd, 000121.267, 163
Trd, 000121.467, 164
Trd, 000121.983, 165
Trd, 000122.783, 167
Trd, 000125.633, 175
Trd, 000125.667, 174
Trd, 000126.317, 174
Trd, 000126.650, 173
Trd, 000126.933, 171
Trd, 000127.617, 172
Trd, 000127.733, 173
Trd, 000128.000, 171
Trd, 000128.150, 163
Trd, 000128.917, 170
Trd, 000129.333, 162
Trd, 000129.617, 171
Trd, 000131.217, 168
Trd, 000131.533, 168
Trd, 000132.317, 167
Trd, 000132.567, 166
Trd, 000133.483, 165
Trd, 000133.800, 164
Trd, 000134.067, 165
Trd, 000134.400, 166
Trd, 000135.083, 169
Trd, 000136.350, 172
Trd, 000136.533, 181
Trd, 000138.317, 173
Trd, 000138.700, 174
Trd, 000138.967, 173
Trd, 000139.233, 172
Trd, 000139.567, 173
Trd, 000140.267, 169
Trd, 000141.033, 170
Trd, 000141.400, 162
Trd, 000141.583, 170
Trd, 000142.517, 168
Trd, 000142.867, 161
Trd, 000144.850, 152
Trd, 000144.883, 153
Trd, 000145.650, 162
Trd, 000146.817, 162
Trd, 000147.117, 164
Trd, 000147.300, 163
Trd, 000147.917, 163
Trd, 000148.583, 164
Trd, 000149.033, 178
Trd, 000149.133, 177
Trd, 000149.750, 182
Trd, 000149.833, 179
Trd, 000150.033, 178
Trd, 000151.517, 178
Trd, 000151.983, 177
Trd, 000152.033, 166
Trd, 000152.800, 179
Trd, 000154.733, 171
Trd, 000155.000, 171
Trd, 000155.450, 170
Trd, 000155.883, 171
Trd, 000156.233, 170
Trd, 000156.300, 169
Trd, 000157.417, 166
Trd, 000159.900, 170
Trd, 000160.167, 168
Trd, 000160.183, 170
Trd, 000160.200, 167
Trd, 000161.400, 170
Trd, 000161.450, 171
Trd, 000161.833, 169
Trd, 000163.317, 179
Trd, 000163.633, 180
Trd, 000164.117, 181
Trd, 000165.033, 179
Trd, 000165.083, 179
Trd, 000165.683, 179
Trd, 000166.183, 180
Trd, 000166.883, 179
Trd, 000168.150, 179
Trd, 000169.150, 179
Trd, 000170.433, 181
Trd, 000171.067, 180
Trd, 000171.583, 178
Trd, 000171.650, 179
Trd, 000172.617, 176
Trd, 000172.950, 176
Trd, 000173.583, 173
Trd, 000174.517, 174
Trd, 000174.633, 164
Trd, 000176.467, 164
Trd, 000176.733, 162
Trd, 000177.567, 161
Trd, 000177.850, 162
Trd, 000177.950, 163
Trd, 000178.983, 165
Trd, 000179.317, 166
Trd, 000179.500, 167
Trd, 000179.967, 168
Trd, 000180.483, 167
Trd, 000180.567, 168
Trd, 000181.583, 168
Trd, 000181.800, 169
Trd, 000182.883, 170
Trd, 000184.183, 171
Trd, 000184.200, 165
Trd, 000184.933, 169
Trd, 000185.600, 165
Trd, 000186.333, 168
Trd, 000186.967, 168
Trd, 000186.983, 169
Trd, 000187.317, 168
Trd, 000187.783, 171
Trd, 000188.217, 172
Trd, 000188.400, 173
Trd, 000190.000, 167
Trd, 000190.150, 168
Trd, 000190.617, 168
Trd, 000191.317, 168
Trd, 000191.483, 166
Trd, 000194.733, 169
Trd, 000194.867, 168
Trd, 000195.033, 167
Trd, 000196.083, 169
Trd, 000196.100, 166
Trd, 000196.267, 174
Trd, 000197.667, 185
Trd, 000198.100, 184
Trd, 000198.550, 184
Trd, 000199.167, 182
Trd, 000199.283, 182
Trd, 000199.433, 182
Trd, 000200.150, 174
Trd, 000201.650, 175
Trd, 000202.783, 177
Trd, 000203.367, 177
Trd, 000203.617, 176
Trd, 000203.850, 175
Trd, 000204.100, 175
Trd, 000204.200, 176
Trd, 000204.333, 178
Trd, 000204.750, 187
Trd, 000206.033, 181
Trd, 000206.583, 182
Trd, 000209.400, 177
Trd, 000209.433, 178
Trd, 000209.817, 177
Trd, 000210.233, 175
Trd, 000210.583, 172
Trd, 000210.683, 176
Trd, 000212.467, 172
Trd, 000212.667, 172
Trd, 000213.083, 171
Trd, 000213.400, 171
Trd, 000214.167, 172
Trd, 000215.017, 171
Trd, 000216.100, 172
Trd, 000216.817, 171
Trd, 000216.983, 170
Trd, 000217.317, 171
Trd, 000217.767, 171
Trd, 000218.767, 171
Trd, 000219.467, 172
Trd, 000219.567, 170
Trd, 000220.133, 167
Trd, 000220.600, 170
Trd, 000221.283, 170
Trd, 000222.300, 169
Trd, 000222.683, 184
Trd, 000223.483, 176
Trd, 000224.733, 182
Trd, 000225.100, 182
Trd, 000226.100, 182
Trd, 000226.283, 179
Trd, 000226.583, 181
Trd, 000226.917, 180
Trd, 000227.633, 178
Trd, 000227.783, 180
Trd, 000228.900, 178
Trd, 000229.217, 178
Trd, 000229.367, 170
Trd, 000230.350, 178
Trd, 000230.750, 177
Trd, 000231.450, 178
Trd, 000232.067, 178
Trd, 000233.800, 177
Trd, 000233.967, 177
Trd, 000234.050, 178
Trd, 000234.833, 185
Trd, 000235.467, 182
Trd, 000236.767, 179
Trd, 000237.483, 180
Trd, 000237.650, 178
Trd, 000238.183, 171
Trd, 000239.700, 179
Trd, 000240.217, 177
Trd, 000240.350, 176
Trd, 000241.033, 177
Trd, 000241.200, 176
Trd, 000241.833, 177
Trd, 000242.367, 179
Trd, 000242.733, 178
Trd, 000243.383, 176
Trd, 000243.433, 174
Trd, 000244.867, 171
Trd, 000244.917, 165
Trd, 000245.750, 169
Trd, 000245.767, 168
Trd, 000245.950, 169
Trd, 000246.550, 168
Trd, 000246.917, 168
Trd, 000247.600, 171
Trd, 000247.750, 171
Trd, 000247.883, 170
Trd, 000248.000, 171
Trd, 000248.383, 170
Trd, 000248.833, 172
Trd, 000249.283, 173
Trd, 000249.450, 172
Trd, 000250.183, 174
Trd, 000250.400, 174
Trd, 000251.200, 175
Trd, 000251.400, 174
Trd, 000251.950, 173
Trd, 000251.983, 172
Trd, 000252.100, 170
Trd, 000252.333, 169
Trd, 000252.400, 173
Trd, 000253.850, 173
Trd, 000254.867, 171
Trd, 000255.150, 171
Trd, 000255.717, 170
Trd, 000255.767, 171
Trd, 000256.533, 172
Trd, 000256.817, 171
Trd, 000257.300, 171
Trd, 000257.417, 172
Trd, 000258.583, 172
Trd, 000258.650, 173
Trd, 000259.133, 175
Trd, 000259.267, 176
Trd, 000259.750, 177
Trd, 000260.883, 176
Trd, 000261.050, 176
Trd, 000261.350, 175
Trd, 000262.100, 171
Trd, 000262.117, 170
Trd, 000263.517, 172
Trd, 000263.850, 175
Trd, 000264.500, 172
Trd, 000264.650, 173
Trd, 000265.900, 173
Trd, 000266.033, 173
Trd, 000266.083, 172
Trd, 000266.100, 170
Trd, 000267.100, 171
Trd, 000267.267, 170
Trd, 000267.483, 170
Trd, 000267.583, 171
Trd, 000268.500, 171
Trd, 000269.567, 173
Trd, 000270.083, 173
Trd, 000270.367, 169
Trd, 000271.167, 170
Trd, 000271.200, 175
Trd, 000272.067, 174
Trd, 000272.083, 175
Trd, 000272.983, 180
Trd, 000273.983, 178
Trd, 000274.083, 177
Trd, 000274.400, 177
Trd, 000274.750, 177
Trd, 000275.433, 177
Trd, 000275.450, 176
Trd, 000277.167, 175
Trd, 000277.400, 176
Trd, 000278.000, 175
Trd, 000278.133, 172
Trd, 000278.217, 176
Trd, 000278.667, 178
Trd, 000279.183, 174
Trd, 000280.533, 172
Trd, 000280.800, 175
Trd, 000281.233, 175
Trd, 000281.533, 174
Trd, 000281.933, 175
Trd, 000282.433, 174
Trd, 000282.633, 176
Trd, 000284.083, 175
Trd, 000284.800, 174
Trd, 000285.733, 176
Trd, 000285.883, 177
Trd, 000285.933, 178
Trd, 000286.333, 175
Trd, 000286.800, 177
Trd, 000286.917, 181
Trd, 000287.000, 178
Trd, 000287.750, 178
Trd, 000287.783, 177
Trd, 000287.867, 175
Trd, 000288.700, 172
Trd, 000289.717, 176
Trd, 000290.417, 174
Trd, 000291.133, 176
Trd, 000291.200, 176
Trd, 000291.350, 176
Trd, 000291.600, 176
Trd, 000291.967, 177
Trd, 000292.150, 176
Trd, 000292.267, 176
Trd, 000293.533, 173
Trd, 000293.833, 174
Trd, 000294.183, 176
Trd, 000294.683, 173
Trd, 000294.917, 173
Trd, 000295.117, 173
Trd, 000295.317, 173
Trd, 000295.617, 176
Trd, 000295.867, 184
Trd, 000296.167, 173
Trd, 000296.467, 181
Trd, 000297.967, 182
Trd, 000298.100, 184
Trd, 000298.400, 184
Trd, 000298.517, 178
Trd, 000298.933, 179
Trd, 000299.967, 180
Trd, 000299.983, 181
