Trd, 000001.600, 175
Trd, 000002.267, 167
Trd, 000002.450, 158
Trd, 000003.100, 142
Trd, 000003.983, 165
Trd, 000004.233, 151
Trd, 000004.533, 173
Trd, 000005.950, 168
Trd, 000006.033, 151
Trd, 000006.483, 160
Trd, 000006.700, 159
Trd, 000007.600, 160
Trd, 000007.633, 161
Trd, 000007.800, 162
Trd, 000008.000, 159
Trd, 000008.550, 164
Trd, 000009.317, 158
Trd, 000009.683, 156
Trd, 000010.233, 163
Trd, 000010.800, 159
Trd, 000011.117, 163
Trd, 000011.367, 159
Trd, 000011.717, 158
Trd, 000012.250, 159
Trd, 000012.900, 160
Trd, 000012.983, 158
Trd, 000013.550, 165
Trd, 000013.650, 158
Trd, 000014.667, 157
Trd, 000016.767, 159
Trd, 000017.017, 155
Trd, 000017.133, 151
Trd, 000017.400, 159
Trd, 000017.600, 144
Trd, 000017.900, 157
Trd, 000018.533, 144
Trd, 000018.650, 153
Trd, 000019.250, 152
Trd, 000020.117, 152
Trd, 000021.283, 153
Trd, 000021.400, 160
Trd, 000022.267, 155
Trd, 000022.417, 151
Trd, 000022.483, 149
Trd, 000023.183, 156
Trd, 000024.083, 165
Trd, 000024.233, 150
Trd, 000024.917, 166
Trd, 000025.017, 149
Trd, 000025.683, 167
Trd, 000027.167, 170
Trd, 000027.217, 168
Trd, 000027.300, 165
Trd, 000027.717, 166
Trd, 000028.017, 165
Trd, 000028.083, 166
Trd, 000028.300, 165
Trd, 000029.067, 178
Trd, 000029.350, 170
Trd, 000030.583, 171
Trd, 000031.200, 172
Trd, 000031.700, 171
Trd, 000032.300, 168
Trd, 000032.617, 147
Trd, 000033.467, 172
Trd, 000033.733, 149
Trd, 000034.000, 171
Trd, 000035.783, 169
Trd, 000036.067, 168
Trd, 000036.450, 169
Trd, 000036.733, 168
Trd, 000037.117, 163
Trd, 000037.400, 169
Trd, 000037.417, 162
Trd, 000038.017, 171
Trd, 000038.483, 170
Trd, 000039.200, 169
Trd, 000040.250, 165
Trd, 000040.833, 166
Trd, 000041.967, 164
Trd, 000042.300, 162
Trd, 000042.967, 168
Trd, 000043.067, 169
Trd, 000043.117, 149
Trd, 000043.450, 168
Trd, 000043.517, 147
Trd, 000043.967, 168
Trd, 000044.200, 168
Trd, 000045.667, 164
Trd, 000045.717, 166
Trd, 000046.333, 163
Trd, 000047.317, 162
Trd, 000047.700, 165
Trd, 000048.883, 165
Trd, 000049.150, 168
Trd, 000050.117, 167
Trd, 000050.650, 163
Trd, 000051.100, 167
Trd, 000051.933, 164
Trd, 000052.550, 166
Trd, 000052.583, 164
Trd, 000052.650, 163
Trd, 000052.667, 166
Trd, 000053.033, 164
Trd, 000054.150, 163
Trd, 000054.300, 163
Trd, 000055.917, 164
Trd, 000056.050, 171
Trd, 000057.583, 171
Trd, 000057.950, 174
Trd, 000058.033, 164
Trd, 000058.100, 175
Trd, 000058.717, 169
Trd, 000058.933, 168
Trd, 000059.167, 165
Trd, 000059.417, 170
Trd, 000059.900, 164
Trd, 000062.567, 163
Trd, 000062.800, 164
Trd, 000063.700, 162
Trd, 000064.050, 163
Trd, 000064.583, 163
Trd, 000064.733, 164
Trd, 000065.567, 161
Trd, 000066.217, 159
Trd, 000066.500, 160
Trd, 000067.050, 164
Trd, 000067.500, 160
Trd, 000067.933, 160
Trd, 000068.083, 163
Trd, 000068.683, 163
Trd, 000068.833, 164
Trd, 000069.067, 165
Trd, 000069.550, 172
Trd, 000069.900, 159
Trd, 000070.100, 157
Trd, 000070.217, 166
Trd, 000071.450, 165
Trd, 000073.917, 161
Trd, 000074.100, 163
Trd, 000074.850, 159
Trd, 000074.933, 158
Trd, 000075.417, 156
Trd, 000075.633, 160
Trd, 000076.350, 157
Trd, 000076.833, 160
Trd, 000077.533, 160
Trd, 000077.550, 162
Trd, 000077.617, 162
Trd, 000079.100, 162
Trd, 000079.367, 162
Trd, 000079.717, 160
Trd, 000080.967, 164
Trd, 000081.050, 165
Trd, 000081.133, 175
Trd, 000081.800, 166
Trd, 000082.350, 166
Trd, 000082.683, 173
Trd, 000083.250, 173
Trd, 000083.917, 163
Trd, 000084.250, 164
Trd, 000084.400, 163
Trd, 000085.383, 166
Trd, 000086.167, 166
Trd, 000087.117, 163
Trd, 000087.517, 165
Trd, 000087.650, 154
Trd, 000088.583, 159
Trd, 000089.250, 161
Trd, 000090.483, 160
Trd, 000090.633, 158
Trd, 000091.483, 161
Trd, 000092.017, 160
Trd, 000092.717, 159
Trd, 000093.117, 166
Trd, 000093.250, 157
Trd, 000093.500, 146
Trd, 000093.783, 145
Trd, 000094.083, 160
Trd, 000094.167, 162
Trd, 000094.317, 167
Trd, 000095.000, 174
Trd, 000098.517, 165
Trd, 000098.583, 166
Trd, 000098.883, 165
Trd, 000099.467, 166
Trd, 000100.350, 168
Trd, 000100.767, 168
Trd, 000100.917, 169
Trd, 000101.650, 162
Trd, 000102.583, 168
Trd, 000102.767, 161
Trd, 000103.067, 169
Trd, 000104.700, 168
Trd, 000104.967, 165
Trd, 000105.717, 165
Trd, 000105.900, 166
Trd, 000105.983, 168
Trd, 000106.200, 164
Trd, 000106.567, 159
Trd, 000107.200, 162
Trd, 000107.467, 169
Trd, 000108.067, 167
Trd, 000109.350, 166
Trd, 000110.317, 163
Trd, 000110.450, 164
Trd, 000110.983, 165
Trd, 000111.217, 166
Trd, 000111.400, 166
Trd, 000111.850, 166
Trd, 000112.267, 174
Trd, 000113.117, 175
Trd, 000114.867, 169
Trd, 000115.033, 176
Trd, 000115.467, 167
Trd, 000116.067, 175
Trd, 000116.933, 178
Trd, 000117.417, 180
Trd, 000117.767, 187
Trd, 000118.533, 176
Trd, 000119.083, 176
Trd, 000119.967, 175
Trd, 000120.183, 176
Trd, 000121.483, 174
Trd, 000121.767, 172
Trd, 000122.000, 170
Trd, 000122.850, 173
Trd, 000124.083, 168
Trd, 000125.100, 161
Trd, 000125.167, 162
Trd, 000125.283, 164
Trd, 000125.400, 166
Trd, 000125.733, 166
Trd, 000126.250, 166
Trd, 000126.367, 171
Trd, 000126.617, 167
Trd, 000128.317, 169
Trd, 000128.967, 170
Trd, 000129.100, 170
Trd, 000130.317, 178
Trd, 000130.417, 179
Trd, 000130.667, 175
Trd, 000130.683, 175
Trd, 000131.367, 178
Trd, 000131.467, 180
Trd, 000132.133, 179
Trd, 000132.433, 178
Trd, 000133.033, 163
Trd, 000134.100, 175
Trd, 000134.517, 170
Trd, 000134.817, 174
Trd, 000136.417, 173
Trd, 000137.017, 173
Trd, 000137.683, 173
Trd, 000138.183, 166
Trd, 000139.950, 168
Trd, 000140.050, 172
Trd, 000140.750, 173
Trd, 000141.900, 173
Trd, 000142.200, 173
Trd, 000142.300, 174
Trd, 000142.483, 170
Trd, 000142.700, 169
Trd, 000143.917, 171
Trd, 000144.050, 164
Trd, 000144.067, 172
Trd, 000144.100, 179
Trd, 000145.000, 162
Trd, 000145.133, 174
Trd, 000145.283, 157
Trd, 000146.317, 170
Trd, 000146.650, 171
Trd, 000147.750, 172
Trd, 000149.067, 169
Trd, 000149.933, 170
Trd, 000150.583, 169
Trd, 000150.850, 171
Trd, 000151.400, 170
Trd, 000151.700, 170
Trd, 000152.067, 172
Trd, 000152.200, 170
Trd, 000152.367, 173
Trd, 000152.500, 180
Trd, 000154.850, 165
Trd, 000155.517, 173
Trd, 000156.417, 168
Trd, 000156.433, 169
Trd, 000156.517, 171
Trd, 000156.800, 171
Trd, 000157.717, 164
Trd, 000158.150, 173
Trd, 000158.467, 174
Trd, 000158.600, 160
Trd, 000158.667, 174
Trd, 000158.750, 184
Trd, 000160.367, 176
Trd, 000161.883, 179
Trd, 000161.950, 173
Trd, 000163.417, 177
Trd, 000163.650, 180
Trd, 000163.883, 175
Trd, 000164.317, 166
Trd, 000164.383, 165
Trd, 000165.017, 180
Trd, 000165.033, 159
Trd, 000165.500, 180
Trd, 000165.683, 177
Trd, 000167.517, 177
Trd, 000168.350, 175
Trd, 000168.950, 176
Trd, 000169.767, 168
Trd, 000170.633, 171
Trd, 000171.817, 175
Trd, 000171.983, 176
Trd, 000172.117, 177
Trd, 000172.700, 179
Trd, 000172.833, 178
Trd, 000173.300, 181
Trd, 000173.783, 182
Trd, 000174.400, 184
Trd, 000175.117, 175
Trd, 000176.000, 180
Trd, 000176.150, 177
Trd, 000176.583, 177
Trd, 000176.950, 178
Trd, 000178.083, 172
Trd, 000179.467, 175
Trd, 000179.500, 176
Trd, 000180.533, 175
Trd, 000180.983, 176
Trd, 000181.183, 173
Trd, 000181.467, 172
Trd, 000182.517, 175
Trd, 000182.983, 176
Trd, 000183.117, 174
Trd, 000183.150, 176
Trd, 000183.583, 175
Trd, 000183.817, 175
Trd, 000184.717, 175
Trd, 000184.767, 176
Trd, 000185.000, 183
Trd, 000185.983, 172
Trd, 000186.000, 161
Trd, 000187.400, 186
Trd, 000187.500, 187
Trd, 000187.700, 164
Trd, 000188.583, 167
Trd, 000188.700, 170
Trd, 000190.167, 168
Trd, 000190.667, 172
Trd, 000190.883, 173
Trd, 000190.983, 173
Trd, 000191.117, 176
Trd, 000192.917, 177
Trd, 000193.100, 183
Trd, 000193.183, 173
Trd, 000193.983, 179
Trd, 000194.067, 194
Trd, 000195.100, 178
Trd, 000195.450, 179
Trd, 000195.900, 178
Trd, 000196.450, 179
Trd, 000197.250, 177
Trd, 000197.433, 183
Trd, 000197.717, 179
Trd, 000198.233, 183
Trd, 000199.217, 181
Trd, 000199.233, 182
Trd, 000200.517, 183
Trd, 000200.650, 181
Trd, 000200.817, 182
Trd, 000202.100, 181
Trd, 000202.567, 182
Trd, 000202.700, 185
Trd, 000202.833, 178
Trd, 000202.900, 188
Trd, 000204.300, 186
Trd, 000204.400, 186
Trd, 000205.100, 185
Trd, 000205.200, 182
Trd, 000205.600, 181
Trd, 000205.783, 179
Trd, 000206.817, 178
Trd, 000208.667, 178
Trd, 000208.867, 183
Trd, 000209.050, 184
Trd, 000209.333, 175
Trd, 000209.617, 184
Trd, 000211.033, 180
Trd, 000211.050, 176
Trd, 000212.067, 179
Trd, 000212.667, 176
Trd, 000213.000, 180
Trd, 000214.767, 179
Trd, 000214.783, 178
Trd, 000215.650, 177
Trd, 000216.100, 177
Trd, 000216.300, 177
Trd, 000216.467, 176
Trd, 000216.600, 178
Trd, 000216.767, 178
Trd, 000216.950, 178
Trd, 000217.183, 179
Trd, 000218.767, 180
Trd, 000219.050, 179
Trd, 000220.150, 181
Trd, 000220.200, 179
Trd, 000220.883, 181
Trd, 000221.100, 179
Trd, 000221.800, 178
Trd, 000222.117, 181
Trd, 000222.483, 182
Trd, 000223.383, 172
Trd, 000223.433, 165
Trd, 000224.033, 181
Trd, 000224.183, 169
Trd, 000224.533, 179
Trd, 000224.683, 179
Trd, 000224.967, 179
Trd, 000227.100, 174
Trd, 000227.383, 174
Trd, 000227.767, 177
Trd, 000227.800, 191
Trd, 000229.417, 180
Trd, 000229.817, 183
Trd, 000230.383, 183
Trd, 000231.433, 179
Trd, 000231.667, 183
Trd, 000231.783, 181
Trd, 000233.367, 182
Trd, 000233.583, 180
Trd, 000233.700, 188
Trd, 000234.433, 183
Trd, 000234.633, 181
Trd, 000234.833, 180
Trd, 000235.700, 182
Trd, 000235.717, 183
Trd, 000236.517, 181
Trd, 000237.833, 180
Trd, 000238.200, 181
Trd, 000238.250, 183
Trd, 000238.333, 179
Trd, 000238.783, 176
Trd, 000239.867, 180
Trd, 000240.117, 179
Trd, 000240.367, 179
Trd, 000241.200, 177
Trd, 000241.300, 178
Trd, 000242.183, 179
Trd, 000242.383, 179
Trd, 000243.117, 179
Trd, 000243.967, 179
Trd, 000244.100, 179
Trd, 000244.683, 180
Trd, 000245.117, 176
Trd, 000245.617, 179
Trd, 000245.800, 182
Trd, 000246.150, 193
Trd, 000246.950, 181
Trd, 000247.483, 181
Trd, 000247.583, 178
Trd, 000247.967, 176
Trd, 000248.567, 177
Trd, 000249.167, 177
Trd, 000249.333, 178
Trd, 000249.450, 178
Trd, 000249.467, 183
Trd, 000250.033, 175
Trd, 000250.467, 179
Trd, 000250.733, 183
Trd, 000251.567, 174
Trd, 000251.783, 177
Trd, 000251.900, 175
Trd, 000251.950, 172
Trd, 000253.050, 172
Trd, 000253.150, 171
Trd, 000253.200, 170
Trd, 000253.567, 173
Trd, 000253.650, 171
Trd, 000254.667, 176
Trd, 000256.250, 174
Trd, 000256.767, 174
Trd, 000257.533, 188
Trd, 000257.550, 190
Trd, 000257.767, 194
Trd, 000258.217, 184
Trd, 000258.350, 184
Trd, 000258.783, 168
Trd, 000258.917, 162
Trd, 000260.350, 168
Trd, 000260.750, 168
Trd, 000260.933, 170
Trd, 000261.033, 170
Trd, 000261.800, 170
Trd, 000261.867, 169
Trd, 000262.317, 174
Trd, 000262.383, 177
Trd, 000262.850, 191
Trd, 000263.050, 170
Trd, 000264.483, 173
Trd, 000264.500, 174
Trd, 000264.633, 174
Trd, 000265.350, 174
Trd, 000265.867, 174
Trd, 000266.600, 172
Trd, 000267.083, 175
Trd, 000267.233, 176
Trd, 000267.367, 178
Trd, 000268.050, 192
Trd, 000268.083, 189
Trd, 000268.250, 177
Trd, 000269.333, 188
Trd, 000269.617, 181
Trd, 000269.750, 183
Trd, 000269.783, 188
Trd, 000270.400, 188
Trd, 000270.567, 185
Trd, 000270.950, 187
Trd, 000271.650, 186
Trd, 000271.883, 185
Trd, 000272.800, 183
Trd, 000273.600, 182
Trd, 000274.017, 181
Trd, 000274.383, 179
Trd, 000275.717, 180
Trd, 000275.850, 176
Trd, 000275.983, 181
Trd, 000276.233, 174
Trd, 000276.283, 181
Trd, 000276.317, 182
Trd, 000276.500, 195
Trd, 000277.967, 185
Trd, 000278.100, 186
Trd, 000278.117, 186
Trd, 000278.850, 182
Trd, 000279.417, 180
Trd, 000279.500, 185
Trd, 000279.567, 193
Trd, 000279.783, 193
Trd, 000280.267, 189
Trd, 000280.750, 188
Trd, 000281.100, 187
Trd, 000281.150, 183
Trd, 000281.333, 182
Trd, 000282.433, 185
Trd, 000282.833, 187
Trd, 000283.567, 184
Trd, 000284.017, 179
Trd, 000284.067, 181
Trd, 000284.117, 183
Trd, 000284.300, 196
Trd, 000284.633, 178
Trd, 000284.750, 176
Trd, 000285.150, 165
Trd, 000285.733, 177
Trd, 000285.800, 177
Trd, 000286.667, 172
Trd, 000287.483, 174
Trd, 000288.317, 175
Trd, 000288.350, 173
Trd, 000289.083, 173
Trd, 000289.283, 172
Trd, 000289.700, 171
Trd, 000289.817, 177
Trd, 000289.850, 170
Trd, 000289.983, 167
Trd, 000290.333, 178
Trd, 000290.767, 179
Trd, 000290.850, 180
Trd, 000291.217, 176
Trd, 000291.433, 166
Trd, 000292.150, 176
Trd, 000292.250, 177
Trd, 000292.317, 187
Trd, 000292.600, 180
Trd, 000293.483, 179
Trd, 000293.717, 181
Trd, 000294.550, 181
Trd, 000295.817, 179
Trd, 000296.067, 180
Trd, 000296.133, 178
Trd, 000296.217, 166
Trd, 000296.400, 162
Trd, 000296.650, 163
Trd, 000297.400, 171
Trd, 000298.433, 180
Trd, 000299.267, 177
Trd, 000299.533, 171
Trd, 000299.550, 180
Trd, 000299.617, 169
Trd, 000299.833, 168
