Trd, 000003.400, 182
Trd, 000003.467, 155
Trd, 000004.050, 179
Trd, 000004.833, 169
Trd, 000004.933, 162
Trd, 000005.200, 193
Trd, 000005.483, 180
Trd, 000005.533, 158
Trd, 000006.767, 168
Trd, 000006.933, 161
Trd, 000007.217, 169
Trd, 000008.583, 165
Trd, 000009.150, 164
Trd, 000009.167, 165
Trd, 000009.500, 164
Trd, 000009.967, 163
Trd, 000010.817, 163
Trd, 000011.633, 161
Trd, 000011.983, 162
Trd, 000012.017, 165
Trd, 000012.067, 161
Trd, 000012.100, 156
Trd, 000012.200, 166
Trd, 000012.617, 172
Trd, 000013.967, 161
Trd, 000014.317, 157
Trd, 000014.650, 158
Trd, 000015.583, 158
Trd, 000015.867, 159
Trd, 000017.050, 163
Trd, 000017.450, 157
Trd, 000018.117, 161
Trd, 000018.883, 161
Trd, 000019.983, 159
Trd, 000020.050, 159
Trd, 000020.733, 158
Trd, 000021.667, 159
Trd, 000021.950, 162
Trd, 000022.750, 162
Trd, 000023.533, 164
Trd, 000023.933, 159
Trd, 000023.950, 160
Trd, 000024.800, 159
Trd, 000024.883, 157
Trd, 000025.733, 159
Trd, 000027.133, 158
Trd, 000027.183, 157
Trd, 000027.533, 158
Trd, 000027.683, 158
Trd, 000028.300, 157
Trd, 000029.483, 157
Trd, 000029.533, 156
Trd, 000030.233, 158
Trd, 000030.633, 155
Trd, 000032.583, 154
Trd, 000032.883, 158
Trd, 000033.133, 165
Trd, 000034.317, 167
Trd, 000034.967, 154
Trd, 000035.000, 162
Trd, 000036.383, 154
Trd, 000037.750, 154
Trd, 000037.967, 155
Trd, 000038.067, 155
Trd, 000038.383, 155
Trd, 000039.267, 155
Trd, 000039.350, 156
Trd, 000039.400, 154
Trd, 000039.950, 158
Trd, 000040.850, 155
Trd, 000041.483, 158
Trd, 000042.417, 156
Trd, 000042.567, 156
Trd, 000042.700, 159
Trd, 000044.033, 154
Trd, 000044.450, 155
Trd, 000044.533, 157
Trd, 000046.183, 154
Trd, 000046.633, 156
Trd, 000047.533, 155
Trd, 000047.767, 153
Trd, 000048.483, 154
Trd, 000048.683, 150
Trd, 000049.183, 153
Trd, 000049.333, 156
Trd, 000050.033, 157
Trd, 000050.283, 160
Trd, 000051.183, 166
Trd, 000051.867, 150
Trd, 000052.300, 160
Trd, 000052.717, 167
Trd, 000054.433, 165
Trd, 000054.800, 156
Trd, 000056.083, 157
Trd, 000056.417, 159
Trd, 000057.250, 159
Trd, 000057.267, 160
Trd, 000057.767, 167
Trd, 000058.000, 158
Trd, 000058.967, 161
Trd, 000060.300, 164
Trd, 000061.550, 161
Trd, 000061.567, 159
Trd, 000062.167, 161
Trd, 000062.200, 162
Trd, 000062.317, 160
Trd, 000062.600, 160
Trd, 000063.200, 159
Trd, 000063.300, 160
Trd, 000064.167, 158
Trd, 000064.883, 160
Trd, 000065.767, 161
Trd, 000066.100, 162
Trd, 000066.133, 158
Trd, 000066.850, 168
Trd, 000066.983, 157
Trd, 000067.067, 157
Trd, 000068.650, 158
Trd, 000069.217, 162
Trd, 000070.067, 161
Trd, 000070.883, 158
Trd, 000070.983, 158
Trd, 000071.133, 167
Trd, 000073.733, 158
Trd, 000074.600, 162
Trd, 000074.750, 163
Trd, 000075.750, 160
Trd, 000075.783, 161
Trd, 000076.617, 161
Trd, 000076.950, 160
Trd, 000077.067, 163
Trd, 000077.083, 168
Trd, 000077.317, 172
Trd, 000077.833, 175
Trd, 000078.750, 170
Trd, 000079.117, 163
Trd, 000079.383, 174
Trd, 000079.833, 166
Trd, 000080.283, 166
Trd, 000081.667, 166
Trd, 000083.017, 165
Trd, 000083.067, 165
Trd, 000083.733, 166
Trd, 000084.933, 168
Trd, 000084.950, 165
Trd, 000085.483, 168
Trd, 000085.550, 169
Trd, 000085.667, 170
Trd, 000086.167, 172
Trd, 000086.333, 176
Trd, 000086.683, 165
Trd, 000087.667, 171
Trd, 000088.883, 168
Trd, 000090.583, 167
Trd, 000090.717, 167
Trd, 000090.783, 165
Trd, 000091.550, 166
Trd, 000091.867, 164
Trd, 000092.767, 163
Trd, 000093.117, 144
Trd, 000093.483, 162
Trd, 000093.683, 163
Trd, 000093.967, 164
Trd, 000094.083, 166
Trd, 000096.350, 162
Trd, 000096.533, 164
Trd, 000097.467, 160
Trd, 000098.400, 165
Trd, 000099.383, 174
Trd, 000100.167, 173
Trd, 000100.383, 167
Trd, 000101.817, 171
Trd, 000101.850, 173
Trd, 000103.867, 170
Trd, 000104.517, 168
Trd, 000104.733, 168
Trd, 000104.750, 166
Trd, 000106.283, 167
Trd, 000106.717, 166
Trd, 000106.867, 167
Trd, 000107.117, 165
Trd, 000107.967, 167
Trd, 000108.700, 166
Trd, 000108.933, 165
Trd, 000109.400, 164
Trd, 000109.767, 165
Trd, 000110.917, 166
Trd, 000111.167, 173
Trd, 000111.483, 166
Trd, 000112.233, 166
Trd, 000112.433, 175
Trd, 000112.567, 175
Trd, 000113.050, 166
Trd, 000113.083, 176
Trd, 000114.133, 172
Trd, 000115.817, 168
Trd, 000116.150, 168
Trd, 000117.000, 167
Trd, 000117.217, 167
Trd, 000117.783, 167
Trd, 000118.350, 167
Trd, 000118.400, 166
Trd, 000118.550, 168
Trd, 000119.283, 164
Trd, 000119.633, 168
Trd, 000120.650, 162
Trd, 000120.817, 167
Trd, 000121.217, 161
Trd, 000121.450, 167
Trd, 000121.600, 168
Trd, 000122.333, 161
Trd, 000122.717, 177
Trd, 000125.550, 169
Trd, 000125.600, 167
Trd, 000125.767, 169
Trd, 000126.250, 167
Trd, 000127.250, 169
Trd, 000127.867, 170
Trd, 000127.883, 171
Trd, 000127.950, 174
Trd, 000128.417, 178
Trd, 000129.983, 185
Trd, 000130.067, 172
Trd, 000131.333, 173
Trd, 000131.733, 176
Trd, 000132.717, 177
Trd, 000133.133, 174
Trd, 000133.417, 173
Trd, 000133.600, 176
Trd, 000134.600, 174
Trd, 000134.767, 178
Trd, 000136.483, 175
Trd, 000136.600, 177
Trd, 000136.917, 173
Trd, 000137.250, 172
Trd, 000137.467, 172
Trd, 000137.600, 172
Trd, 000137.683, 171
Trd, 000137.817, 170
Trd, 000137.900, 172
Trd, 000138.083, 170
Trd, 000139.617, 181
Trd, 000139.767, 182
Trd, 000141.600, 174
Trd, 000142.200, 173
Trd, 000142.417, 170
Trd, 000142.550, 175
Trd, 000143.083, 169
Trd, 000143.717, 176
Trd, 000144.817, 175
Trd, 000145.233, 169
Trd, 000146.033, 168
Trd, 000146.917, 168
Trd, 000147.233, 168
Trd, 000148.217, 170
Trd, 000148.550, 171
Trd, 000148.800, 171
Trd, 000148.983, 177
Trd, 000149.583, 177
Trd, 000150.667, 170
Trd, 000151.050, 175
Trd, 000151.100, 171
Trd, 000151.417, 169
Trd, 000152.033, 176
Trd, 000152.217, 176
Trd, 000152.483, 177
Trd, 000153.983, 170
Trd, 000155.000, 173
Trd, 000155.300, 172
Trd, 000156.367, 175
Trd, 000156.717, 170
Trd, 000157.950, 172
Trd, 000158.333, 170
Trd, 000158.367, 170
Trd, 000158.583, 171
Trd, 000159.450, 170
Trd, 000160.400, 171
Trd, 000160.867, 169
Trd, 000161.033, 176
Trd, 000162.000, 177
Trd, 000162.900, 177
Trd, 000163.383, 171
Trd, 000163.483, 179
Trd, 000165.117, 173
Trd, 000165.983, 176
Trd, 000166.750, 181
Trd, 000166.833, 175
Trd, 000168.367, 176
Trd, 000169.183, 175
Trd, 000169.750, 176
Trd, 000169.933, 177
Trd, 000169.950, 178
Trd, 000170.300, 173
Trd, 000170.400, 172
Trd, 000170.667, 165
Trd, 000170.800, 172
Trd, 000171.750, 168
Trd, 000172.750, 172
Trd, 000173.433, 167
Trd, 000174.500, 166
Trd, 000175.050, 167
Trd, 000175.133, 167
Trd, 000176.433, 168
Trd, 000177.183, 168
Trd, 000177.350, 169
Trd, 000177.650, 167
Trd, 000177.917, 170
Trd, 000179.267, 172
Trd, 000180.800, 167
Trd, 000180.817, 170
Trd, 000181.033, 171
Trd, 000183.783, 168
Trd, 000184.033, 169
Trd, 000184.567, 180
Trd, 000184.950, 184
Trd, 000185.400, 167
Trd, 000185.783, 168
Trd, 000186.300, 179
Trd, 000187.117, 174
Trd, 000187.700, 176
Trd, 000187.933, 174
Trd, 000188.167, 174
Trd, 000189.833, 177
Trd, 000189.883, 176
Trd, 000190.417, 175
Trd, 000190.583, 183
Trd, 000191.350, 177
Trd, 000192.183, 170
Trd, 000192.983, 172
Trd, 000193.217, 172
Trd, 000193.483, 171
Trd, 000193.817, 171
Trd, 000194.467, 173
Trd, 000194.533, 174
Trd, 000195.167, 163
Trd, 000195.483, 173
Trd, 000195.783, 184
Trd, 000196.117, 157
Trd, 000196.667, 187
Trd, 000196.767, 161
Trd, 000197.117, 164
Trd, 000198.417, 173
Trd, 000198.633, 172
Trd, 000199.633, 174
Trd, 000200.550, 175
Trd, 000202.317, 181
Trd, 000202.950, 174
Trd, 000203.350, 182
Trd, 000204.083, 176
Trd, 000204.250, 173
Trd, 000204.917, 183
Trd, 000206.517, 182
Trd, 000207.667, 181
Trd, 000208.217, 181
Trd, 000209.033, 180
Trd, 000209.500, 180
Trd, 000209.833, 179
Trd, 000209.917, 179
Trd, 000212.150, 182
Trd, 000212.200, 183
Trd, 000212.383, 184
Trd, 000212.867, 186
Trd, 000213.517, 182
Trd, 000213.850, 184
Trd, 000214.817, 183
Trd, 000214.867, 184
Trd, 000216.117, 183
Trd, 000217.133, 182
Trd, 000217.450, 184
Trd, 000217.483, 182
Trd, 000217.917, 184
Trd, 000219.350, 180
Trd, 000219.600, 181
Trd, 000219.783, 178
Trd, 000220.233, 182
Trd, 000220.683, 179
Trd, 000221.017, 181
Trd, 000222.183, 178
Trd, 000222.417, 177
Trd, 000223.433, 176
Trd, 000223.933, 176
Trd, 000223.983, 177
Trd, 000224.517, 182
Trd, 000224.933, 184
Trd, 000226.050, 177
Trd, 000226.583, 176
Trd, 000228.317, 179
Trd, 000229.800, 178
Trd, 000230.067, 178
Trd, 000230.117, 178
Trd, 000230.183, 179
Trd, 000231.117, 178
Trd, 000231.200, 177
Trd, 000231.400, 180
Trd, 000231.550, 185
Trd, 000232.633, 177
Trd, 000233.300, 154
Trd, 000234.833, 176
Trd, 000235.300, 178
Trd, 000235.967, 185
Trd, 000236.333, 182
Trd, 000236.667, 181
Trd, 000236.833, 185
Trd, 000237.333, 181
Trd, 000237.500, 182
Trd, 000238.067, 181
Trd, 000239.017, 179
Trd, 000239.100, 179
Trd, 000239.333, 183
Trd, 000239.417, 184
Trd, 000240.567, 167
Trd, 000240.667, 169
Trd, 000240.983, 172
Trd, 000241.067, 167
Trd, 000241.750, 168
Trd, 000241.867, 166
Trd, 000242.083, 169
Trd, 000243.100, 172
Trd, 000243.867, 178
Trd, 000244.783, 175
Trd, 000245.233, 174
Trd, 000245.783, 172
Trd, 000246.067, 174
Trd, 000246.267, 175
Trd, 000246.433, 176
Trd, 000246.483, 178
Trd, 000246.567, 179
Trd, 000247.417, 180
Trd, 000247.833, 181
Trd, 000248.117, 179
Trd, 000248.250, 180
Trd, 000248.317, 178
Trd, 000248.417, 183
Trd, 000248.800, 180
Trd, 000249.083, 176
Trd, 000249.600, 177
Trd, 000249.683, 179
Trd, 000250.133, 187
Trd, 000251.383, 173
Trd, 000252.033, 179
Trd, 000252.233, 180
Trd, 000252.617, 178
Trd, 000253.300, 177
Trd, 000253.367, 178
Trd, 000253.733, 173
Trd, 000254.367, 177
Trd, 000254.833, 174
Trd, 000255.300, 177
Trd, 000255.500, 178
Trd, 000255.767, 180
Trd, 000255.833, 176
Trd, 000256.767, 177
Trd, 000256.967, 178
Trd, 000257.717, 180
Trd, 000258.567, 181
Trd, 000259.433, 185
Trd, 000259.550, 182
Trd, 000259.667, 180
Trd, 000259.933, 181
Trd, 000260.033, 181
Trd, 000260.700, 183
Trd, 000260.783, 179
Trd, 000261.150, 172
Trd, 000261.283, 176
Trd, 000262.917, 180
Trd, 000263.100, 177
Trd, 000263.283, 178
Trd, 000263.833, 174
Trd, 000263.983, 174
Trd, 000264.150, 179
Trd, 000264.917, 179
Trd, 000266.050, 179
Trd, 000266.317, 188
Trd, 000266.400, 185
Trd, 000266.933, 188
Trd, 000267.033, 186
Trd, 000267.333, 184
Trd, 000268.517, 187
Trd, 000268.883, 182
Trd, 000269.450, 180
Trd, 000269.750, 181
Trd, 000269.883, 189
Trd, 000270.017, 168
Trd, 000271.150, 179
Trd, 000271.433, 182
Trd, 000272.167, 177
Trd, 000272.633, 177
Trd, 000272.817, 181
Trd, 000272.900, 182
Trd, 000273.350, 177
Trd, 000274.333, 177
Trd, 000274.833, 175
Trd, 000274.950, 175
Trd, 000275.333, 178
Trd, 000275.850, 180
Trd, 000276.400, 181
Trd, 000276.450, 178
Trd, 000276.483, 182
Trd, 000277.267, 178
Trd, 000277.317, 183
Trd, 000277.650, 189
Trd, 000277.667, 183
Trd, 000278.383, 181
Trd, 000279.017, 182
Trd, 000279.150, 185
Trd, 000280.633, 181
Trd, 000281.533, 181
Trd, 000281.567, 183
Trd, 000282.067, 183
Trd, 000282.517, 180
Trd, 000282.983, 182
Trd, 000283.183, 182
Trd, 000284.483, 181
Trd, 000284.700, 182
Trd, 000284.800, 181
Trd, 000285.000, 179
Trd, 000285.183, 178
Trd, 000285.317, 182
Trd, 000285.450, 176
Trd, 000285.533, 169
Trd, 000286.083, 165
Trd, 000286.167, 172
Trd, 000286.233, 183
Trd, 000286.283, 190
Trd, 000286.600, 170
Trd, 000286.833, 204
Trd, 000287.933, 173
Trd, 000288.100, 175
Trd, 000288.583, 174
Trd, 000288.967, 175
Trd, 000289.117, 176
Trd, 000289.800, 177
Trd, 000289.850, 174
Trd, 000290.067, 180
Trd, 000290.533, 177
Trd, 000290.583, 179
Trd, 000291.217, 174
Trd, 000291.833, 179
Trd, 000292.267, 175
Trd, 000294.050, 176
Trd, 000294.317, 177
Trd, 000294.517, 176
Trd, 000294.900, 177
Trd, 000295.033, 177
Trd, 000295.050, 184
Trd, 000295.400, 187
Trd, 000295.783, 184
Trd, 000295.800, 183
Trd, 000296.000, 187
Trd, 000296.233, 188
Trd, 000296.317, 183
Trd, 000297.600, 185
Trd, 000298.367, 185
Trd, 000298.900, 191
Trd, 000299.400, 192
