Trd, 000003.117, 154
Trd, 000003.217, 141
Trd, 000003.733, 144
Trd, 000004.233, 154
Trd, 000005.383, 143
Trd, 000005.517, 155
Trd, 000005.633, 144
Trd, 000006.417, 145
Trd, 000007.167, 167
Trd, 000007.200, 141
Trd, 000007.850, 171
Trd, 000009.100, 152
Trd, 000011.483, 153
Trd, 000012.767, 153
Trd, 000013.333, 153
Trd, 000013.683, 155
Trd, 000014.333, 155
Trd, 000014.400, 152
Trd, 000014.967, 153
Trd, 000015.133, 152
Trd, 000015.417, 154
Trd, 000015.600, 151
Trd, 000016.683, 153
Trd, 000017.300, 149
Trd, 000018.367, 152
Trd, 000018.383, 153
Trd, 000018.400, 151
Trd, 000019.117, 155
Trd, 000020.517, 156
Trd, 000020.717, 153
Trd, 000021.350, 153
Trd, 000021.467, 155
Trd, 000021.867, 154
Trd, 000022.683, 164
Trd, 000023.167, 157
Trd, 000023.350, 152
Trd, 000024.333, 153
Trd, 000025.133, 152
Trd, 000025.517, 159
Trd, 000026.417, 152
Trd, 000026.600, 152
Trd, 000027.850, 152
Trd, 000030.517, 155
Trd, 000030.917, 154
Trd, 000031.200, 153
Trd, 000031.817, 151
Trd, 000032.150, 152
Trd, 000032.883, 158
Trd, 000033.350, 149
Trd, 000034.067, 153
Trd, 000034.867, 150
Trd, 000035.067, 149
Trd, 000035.317, 144
Trd, 000035.967, 139
Trd, 000037.117, 148
Trd, 000037.250, 160
Trd, 000037.550, 161
Trd, 000038.833, 166
Trd, 000039.183, 159
Trd, 000039.333, 154
Trd, 000041.317, 156
Trd, 000042.233, 157
Trd, 000042.600, 156
Trd, 000044.183, 157
Trd, 000044.867, 155
Trd, 000045.117, 159
Trd, 000045.150, 155
Trd, 000045.533, 161
Trd, 000045.733, 162
Trd, 000045.750, 156
Trd, 000047.883, 160
Trd, 000048.117, 158
Trd, 000048.867, 156
Trd, 000048.967, 160
Trd, 000049.800, 162
Trd, 000051.333, 156
Trd, 000051.367, 156
Trd, 000051.850, 151
Trd, 000052.967, 154
Trd, 000053.767, 158
Trd, 000054.300, 153
Trd, 000054.317, 159
Trd, 000055.017, 160
Trd, 000055.617, 152
Trd, 000056.067, 167
Trd, 000056.167, 170
Trd, 000057.467, 158
Trd, 000057.533, 161
Trd, 000059.300, 155
Trd, 000059.883, 155
Trd, 000060.533, 154
Trd, 000061.917, 156
Trd, 000062.867, 158
Trd, 000063.367, 157
Trd, 000064.717, 156
Trd, 000065.000, 156
Trd, 000065.700, 157
Trd, 000066.567, 157
Trd, 000067.133, 165
Trd, 000067.467, 155
Trd, 000067.900, 154
Trd, 000068.533, 162
Trd, 000070.133, 161
Trd, 000070.383, 158
Trd, 000070.450, 153
Trd, 000071.217, 172
Trd, 000071.633, 168
Trd, 000071.867, 165
Trd, 000072.233, 160
Trd, 000073.317, 160
Trd, 000073.417, 155
Trd, 000074.150, 155
Trd, 000074.200, 161
Trd, 000075.267, 159
Trd, 000075.467, 155
Trd, 000075.583, 155
Trd, 000077.167, 162
Trd, 000077.550, 170
Trd, 000077.817, 156
Trd, 000077.883, 154
Trd, 000078.183, 152
Trd, 000078.650, 163
Trd, 000079.817, 162
Trd, 000082.217, 166
Trd, 000083.467, 165
Trd, 000084.017, 164
Trd, 000084.333, 163
Trd, 000085.817, 163
Trd, 000086.033, 162
Trd, 000087.267, 163
Trd, 000087.417, 164
Trd, 000088.267, 160
Trd, 000089.583, 161
Trd, 000089.700, 159
Trd, 000089.800, 161
Trd, 000090.667, 164
Trd, 000091.050, 167
Trd, 000092.217, 167
Trd, 000092.450, 164
Trd, 000093.000, 163
Trd, 000093.700, 167
Trd, 000093.900, 163
Trd, 000094.283, 168
Trd, 000096.267, 162
Trd, 000096.933, 162
Trd, 000097.817, 162
Trd, 000097.967, 162
Trd, 000098.117, 164
Trd, 000098.600, 164
Trd, 000099.017, 165
Trd, 000099.450, 163
Trd, 000101.217, 167
Trd, 000101.717, 164
Trd, 000102.017, 163
Trd, 000102.817, 163
Trd, 000103.200, 162
Trd, 000103.767, 162
Trd, 000104.367, 161
Trd, 000105.867, 161
Trd, 000105.917, 168
Trd, 000106.217, 172
Trd, 000106.267, 160
Trd, 000108.900, 160
Trd, 000110.050, 160
Trd, 000110.100, 160
Trd, 000110.450, 160
Trd, 000111.333, 159
Trd, 000111.450, 169
Trd, 000113.333, 161
Trd, 000114.700, 161
Trd, 000115.150, 161
Trd, 000115.600, 166
Trd, 000116.050, 170
Trd, 000116.650, 160
Trd, 000116.950, 159
Trd, 000118.617, 164
Trd, 000119.117, 166
Trd, 000120.233, 173
Trd, 000120.417, 159
Trd, 000120.883, 167
Trd, 000121.383, 160
Trd, 000123.633, 168
Trd, 000125.067, 170
Trd, 000125.217, 174
Trd, 000125.333, 163
Trd, 000125.867, 171
Trd, 000126.583, 170
Trd, 000127.650, 172
Trd, 000128.267, 168
Trd, 000128.683, 165
Trd, 000129.050, 172
Trd, 000130.600, 173
Trd, 000131.383, 167
Trd, 000131.433, 175
Trd, 000133.150, 172
Trd, 000133.517, 166
Trd, 000134.700, 171
Trd, 000135.550, 166
Trd, 000136.317, 168
Trd, 000138.050, 168
Trd, 000138.383, 165
Trd, 000139.283, 164
Trd, 000139.650, 166
Trd, 000140.000, 172
Trd, 000140.017, 163
Trd, 000141.000, 169
Trd, 000141.450, 165
Trd, 000141.567, 164
Trd, 000143.333, 165
Trd, 000144.533, 164
Trd, 000145.250, 164
Trd, 000145.533, 165
Trd, 000147.250, 170
Trd, 000147.400, 172
Trd, 000148.183, 176
Trd, 000148.700, 177
Trd, 000149.000, 165
Trd, 000149.350, 164
Trd, 000149.467, 179
Trd, 000151.350, 168
Trd, 000151.400, 167
Trd, 000151.550, 163
Trd, 000152.817, 167
Trd, 000153.017, 173
Trd, 000153.167, 164
Trd, 000153.733, 170
Trd, 000154.750, 160
Trd, 000155.050, 159
Trd, 000155.483, 159
Trd, 000155.783, 159
Trd, 000156.633, 162
Trd, 000159.367, 169
Trd, 000159.533, 167
Trd, 000159.583, 171
Trd, 000159.767, 165
Trd, 000160.617, 169
Trd, 000161.150, 171
Trd, 000162.717, 168
Trd, 000162.850, 170
Trd, 000163.750, 167
Trd, 000164.267, 167
Trd, 000164.833, 171
Trd, 000165.667, 167
Trd, 000165.883, 165
Trd, 000166.400, 166
Trd, 000166.650, 164
Trd, 000167.300, 169
Trd, 000167.483, 174
Trd, 000167.817, 177
Trd, 000167.867, 178
Trd, 000168.500, 182
Trd, 000169.567, 170
Trd, 000169.967, 169
Trd, 000170.400, 160
Trd, 000170.783, 167
Trd, 000172.333, 166
Trd, 000172.433, 175
Trd, 000172.783, 185
Trd, 000173.933, 172
Trd, 000174.750, 165
Trd, 000174.883, 175
Trd, 000175.233, 174
Trd, 000176.350, 168
Trd, 000176.450, 167
Trd, 000176.667, 165
Trd, 000176.917, 158
Trd, 000177.600, 177
Trd, 000177.700, 162
Trd, 000179.317, 175
Trd, 000179.400, 179
Trd, 000180.583, 173
Trd, 000180.933, 173
Trd, 000181.583, 178
Trd, 000181.767, 172
Trd, 000183.017, 172
Trd, 000183.300, 173
Trd, 000184.000, 167
Trd, 000184.100, 174
Trd, 000185.300, 169
Trd, 000185.433, 169
Trd, 000185.600, 178
Trd, 000186.200, 179
Trd, 000186.833, 183
Trd, 000188.700, 170
Trd, 000189.383, 171
Trd, 000189.717, 171
Trd, 000189.783, 174
Trd, 000190.300, 173
Trd, 000190.517, 174
Trd, 000190.550, 170
Trd, 000191.017, 177
Trd, 000192.233, 177
Trd, 000192.617, 181
Trd, 000194.300, 169
Trd, 000194.467, 169
Trd, 000195.417, 174
Trd, 000196.583, 172
Trd, 000197.200, 171
Trd, 000197.783, 171
Trd, 000198.533, 172
Trd, 000199.500, 174
Trd, 000200.100, 175
Trd, 000200.400, 174
Trd, 000200.583, 178
Trd, 000200.933, 182
Trd, 000202.600, 172
Trd, 000204.233, 173
Trd, 000205.017, 178
Trd, 000205.467, 175
Trd, 000205.517, 180
Trd, 000205.650, 182
Trd, 000205.683, 173
Trd, 000207.267, 172
Trd, 000207.833, 180
Trd, 000208.733, 170
Trd, 000209.417, 170
Trd, 000209.500, 177
Trd, 000210.017, 169
Trd, 000210.433, 178
Trd, 000210.783, 169
Trd, 000211.050, 179
Trd, 000211.350, 183
Trd, 000211.967, 171
Trd, 000212.283, 170
Trd, 000212.800, 175
Trd, 000214.733, 175
Trd, 000214.750, 167
Trd, 000216.350, 171
Trd, 000216.500, 172
Trd, 000216.850, 177
Trd, 000219.600, 175
Trd, 000220.017, 173
Trd, 000220.517, 173
Trd, 000220.883, 172
Trd, 000222.300, 174
Trd, 000223.217, 172
Trd, 000224.217, 174
Trd, 000225.217, 175
Trd, 000226.100, 172
Trd, 000226.450, 174
Trd, 000226.483, 171
Trd, 000226.533, 177
Trd, 000227.167, 171
Trd, 000227.867, 178
Trd, 000228.100, 172
Trd, 000228.533, 180
Trd, 000231.167, 181
Trd, 000232.450, 183
Trd, 000232.867, 176
Trd, 000233.800, 179
Trd, 000234.167, 176
Trd, 000235.000, 178
Trd, 000235.700, 181
Trd, 000236.717, 181
Trd, 000238.367, 176
Trd, 000238.417, 175
Trd, 000238.600, 175
Trd, 000239.150, 179
Trd, 000240.367, 180
Trd, 000240.483, 181
Trd, 000240.533, 178
Trd, 000241.050, 178
Trd, 000241.283, 178
Trd, 000241.517, 182
Trd, 000241.767, 175
Trd, 000242.133, 178
Trd, 000242.433, 176
Trd, 000242.833, 177
Trd, 000243.883, 180
Trd, 000244.250, 182
Trd, 000245.133, 180
Trd, 000245.400, 177
Trd, 000245.900, 176
Trd, 000246.267, 177
Trd, 000246.283, 178
Trd, 000247.717, 178
Trd, 000247.767, 177
Trd, 000247.833, 176
Trd, 000248.283, 180
Trd, 000249.133, 181
Trd, 000249.633, 179
Trd, 000250.050, 181
Trd, 000250.300, 180
Trd, 000251.167, 176
Trd, 000251.217, 174
Trd, 000252.250, 174
Trd, 000252.800, 176
Trd, 000253.217, 173
Trd, 000253.383, 169
Trd, 000253.483, 177
Trd, 000254.367, 171
Trd, 000255.217, 176
Trd, 000256.433, 177
Trd, 000256.850, 176
Trd, 000256.900, 174
Trd, 000256.917, 179
Trd, 000257.250, 177
Trd, 000257.367, 174
Trd, 000258.483, 177
Trd, 000259.333, 181
Trd, 000259.500, 177
Trd, 000259.933, 184
Trd, 000262.167, 185
Trd, 000262.450, 188
Trd, 000263.700, 181
Trd, 000263.817, 180
Trd, 000264.267, 181
Trd, 000264.667, 180
Trd, 000265.233, 179
Trd, 000265.550, 184
Trd, 000265.933, 181
Trd, 000266.283, 178
Trd, 000266.317, 183
Trd, 000267.333, 180
Trd, 000268.117, 182
Trd, 000268.383, 180
Trd, 000269.117, 180
Trd, 000269.383, 178
Trd, 000269.467, 181
Trd, 000269.950, 178
Trd, 000270.800, 180
Trd, 000271.250, 180
Trd, 000271.533, 182
Trd, 000271.883, 182
Trd, 000273.067, 180
Trd, 000274.750, 180
Trd, 000274.917, 181
Trd, 000275.117, 179
Trd, 000275.183, 178
Trd, 000275.617, 178
Trd, 000276.033, 181
Trd, 000276.083, 182
Trd, 000276.300, 185
Trd, 000276.600, 178
Trd, 000277.733, 185
Trd, 000278.700, 184
Trd, 000278.883, 188
Trd, 000279.267, 187
Trd, 000279.650, 189
Trd, 000279.733, 185
Trd, 000279.883, 184
Trd, 000280.533, 176
Trd, 000280.683, 183
Trd, 000281.183, 181
Trd, 000282.700, 187
Trd, 000283.117, 186
Trd, 000283.850, 190
Trd, 000284.183, 187
Trd, 000284.283, 180
Trd, 000284.667, 180
Trd, 000285.100, 179
Trd, 000285.217, 179
Trd, 000285.233, 178
Trd, 000285.500, 172
Trd, 000287.550, 172
Trd, 000287.567, 171
Trd, 000287.633, 183
Trd, 000287.750, 185
Trd, 000288.583, 184
Trd, 000289.200, 190
Trd, 000289.450, 180
Trd, 000289.550, 194
Trd, 000289.633, 179
Trd, 000289.833, 179
Trd, 000290.767, 173
Trd, 000291.817, 178
Trd, 000292.133, 196
Trd, 000292.550, 191
Trd, 000292.783, 191
Trd, 000293.267, 187
Trd, 000293.483, 185
Trd, 000294.450, 175
Trd, 000294.783, 179
Trd, 000296.067, 187
Trd, 000296.533, 179
Trd, 000297.067, 184
Trd, 000297.100, 188
Trd, 000297.900, 183
Trd, 000298.350, 178
Trd, 000298.800, 177
Trd, 000299.233, 182
Trd, 000299.417, 184
