Trd, 000002.183, 144
Trd, 000002.617, 154
Trd, 000003.483, 138
Trd, 000003.850, 146
Trd, 000004.217, 146
Trd, 000004.767, 154
Trd, 000004.850, 146
Trd, 000004.900, 145
Trd, 000005.233, 141
Trd, 000005.650, 144
Trd, 000006.067, 147
Trd, 000006.083, 152
Trd, 000006.167, 154
Trd, 000006.967, 156
Trd, 000007.367, 149
Trd, 000007.567, 150
Trd, 000008.717, 151
Trd, 000008.950, 152
Trd, 000008.983, 155
Trd, 000009.400, 157
Trd, 000009.617, 152
Trd, 000010.317, 149
Trd, 000010.633, 150
Trd, 000012.883, 149
Trd, 000013.267, 161
Trd, 000014.067, 151
Trd, 000014.433, 153
Trd, 000014.767, 150
Trd, 000014.933, 149
Trd, 000016.750, 153
Trd, 000016.933, 153
Trd, 000017.267, 155
Trd, 000018.800, 154
Trd, 000018.967, 155
Trd, 000019.200, 153
Trd, 000019.500, 154
Trd, 000020.433, 151
Trd, 000022.200, 152
Trd, 000023.133, 152
Trd, 000023.317, 153
Trd, 000023.617, 152
Trd, 000024.167, 151
Trd, 000025.150, 150
Trd, 000026.000, 150
Trd, 000026.083, 152
Trd, 000026.483, 151
Trd, 000026.917, 153
Trd, 000027.150, 153
Trd, 000027.783, 152
Trd, 000029.717, 152
Trd, 000029.783, 151
Trd, 000030.100, 150
Trd, 000030.350, 152
Trd, 000031.017, 151
Trd, 000031.350, 152
Trd, 000031.800, 150
Trd, 000031.883, 147
Trd, 000032.400, 147
Trd, 000032.517, 153
Trd, 000032.550, 154
Trd, 000033.567, 153
Trd, 000034.717, 147
Trd, 000035.283, 150
Trd, 000036.500, 148
Trd, 000037.183, 148
Trd, 000037.250, 148
Trd, 000037.433, 149
Trd, 000037.683, 150
Trd, 000039.100, 152
Trd, 000039.233, 153
Trd, 000039.983, 153
Trd, 000040.700, 150
Trd, 000040.850, 153
Trd, 000041.400, 153
Trd, 000041.500, 145
Trd, 000041.683, 155
Trd, 000043.950, 152
Trd, 000043.967, 153
Trd, 000044.133, 152
Trd, 000044.267, 153
Trd, 000044.283, 153
Trd, 000044.733, 151
Trd, 000045.067, 150
Trd, 000045.267, 152
Trd, 000046.417, 150
Trd, 000046.883, 152
Trd, 000047.050, 156
Trd, 000047.667, 149
Trd, 000048.000, 160
Trd, 000050.083, 154
Trd, 000050.233, 154
Trd, 000050.467, 157
Trd, 000051.083, 157
Trd, 000051.250, 158
Trd, 000052.300, 157
Trd, 000052.983, 157
Trd, 000054.583, 156
Trd, 000055.350, 155
Trd, 000055.567, 154
Trd, 000055.700, 152
Trd, 000056.317, 153
Trd, 000056.333, 155
Trd, 000056.350, 156
Trd, 000057.467, 156
Trd, 000058.183, 157
Trd, 000058.600, 157
Trd, 000059.033, 158
Trd, 000059.150, 158
Trd, 000059.417, 161
Trd, 000060.200, 156
Trd, 000061.350, 159
Trd, 000062.033, 155
Trd, 000062.450, 155
Trd, 000062.833, 154
Trd, 000062.850, 156
Trd, 000063.000, 150
Trd, 000063.783, 154
Trd, 000063.817, 152
Trd, 000064.833, 156
Trd, 000065.267, 151
Trd, 000065.750, 156
Trd, 000066.833, 155
Trd, 000066.967, 157
Trd, 000067.417, 152
Trd, 000069.183, 154
Trd, 000069.583, 155
Trd, 000069.600, 155
Trd, 000070.100, 157
Trd, 000070.133, 155
Trd, 000070.283, 162
Trd, 000070.983, 160
Trd, 000072.350, 160
Trd, 000073.083, 158
Trd, 000074.100, 161
Trd, 000074.417, 159
Trd, 000075.617, 160
Trd, 000075.633, 158
Trd, 000075.817, 163
Trd, 000075.850, 158
Trd, 000077.217, 159
Trd, 000077.533, 157
Trd, 000077.850, 157
Trd, 000077.983, 151
Trd, 000078.133, 159
Trd, 000079.067, 159
Trd, 000081.067, 158
Trd, 000081.567, 159
Trd, 000082.017, 157
Trd, 000082.233, 158
Trd, 000083.183, 158
Trd, 000084.017, 156
Trd, 000084.417, 158
Trd, 000084.500, 158
Trd, 000085.100, 157
Trd, 000085.983, 149
Trd, 000086.033, 157
Trd, 000086.333, 153
Trd, 000086.583, 158
Trd, 000087.483, 155
Trd, 000087.717, 154
Trd, 000088.283, 154
Trd, 000088.667, 153
Trd, 000089.267, 154
Trd, 000089.783, 152
Trd, 000090.317, 153
Trd, 000090.700, 160
Trd, 000090.767, 142
Trd, 000091.817, 156
Trd, 000092.250, 155
Trd, 000092.567, 156
Trd, 000092.683, 160
Trd, 000092.967, 154
Trd, 000093.517, 155
Trd, 000094.083, 155
Trd, 000095.050, 155
Trd, 000095.967, 156
Trd, 000097.083, 157
Trd, 000097.283, 157
Trd, 000097.400, 157
Trd, 000097.417, 153
Trd, 000098.650, 154
Trd, 000098.683, 158
Trd, 000099.267, 154
Trd, 000100.517, 158
Trd, 000100.967, 158
Trd, 000101.217, 155
Trd, 000101.600, 158
Trd, 000101.717, 157
Trd, 000102.850, 155
Trd, 000103.533, 156
Trd, 000104.150, 157
Trd, 000104.867, 159
Trd, 000106.233, 158
Trd, 000106.783, 158
Trd, 000107.233, 158
Trd, 000107.733, 159
Trd, 000107.883, 158
Trd, 000108.550, 156
Trd, 000109.183, 159
Trd, 000109.850, 155
Trd, 000111.100, 157
Trd, 000111.550, 156
Trd, 000111.817, 156
Trd, 000111.833, 157
Trd, 000112.817, 155
Trd, 000113.350, 157
Trd, 000113.650, 159
Trd, 000114.217, 157
Trd, 000114.367, 158
Trd, 000115.017, 158
Trd, 000115.033, 159
Trd, 000115.183, 162
Trd, 000115.333, 166
Trd, 000116.133, 173
Trd, 000119.450, 168
Trd, 000119.467, 167
Trd, 000119.750, 170
Trd, 000119.800, 171
Trd, 000120.017, 167
Trd, 000120.983, 163
Trd, 000122.017, 166
Trd, 000122.433, 160
Trd, 000122.467, 165
Trd, 000122.733, 161
Trd, 000124.550, 160
Trd, 000124.683, 159
Trd, 000125.083, 161
Trd, 000125.783, 161
Trd, 000125.833, 162
Trd, 000126.317, 162
Trd, 000127.967, 160
Trd, 000128.883, 160
Trd, 000129.333, 160
Trd, 000129.617, 162
Trd, 000130.267, 159
Trd, 000131.900, 161
Trd, 000132.283, 161
Trd, 000132.617, 158
Trd, 000132.633, 161
Trd, 000132.800, 161
Trd, 000133.100, 158
Trd, 000133.167, 164
Trd, 000133.467, 157
Trd, 000133.567, 164
Trd, 000135.117, 164
Trd, 000135.200, 155
Trd, 000137.133, 159
Trd, 000137.367, 159
Trd, 000138.450, 159
Trd, 000139.333, 158
Trd, 000139.383, 159
Trd, 000139.933, 158
Trd, 000140.383, 161
Trd, 000140.567, 158
Trd, 000141.150, 157
Trd, 000142.267, 158
Trd, 000142.350, 158
Trd, 000142.417, 157
Trd, 000142.667, 159
Trd, 000143.317, 156
Trd, 000143.550, 160
Trd, 000145.250, 161
Trd, 000145.367, 161
Trd, 000145.617, 160
Trd, 000146.117, 164
Trd, 000146.133, 165
Trd, 000147.433, 163
Trd, 000147.567, 162
Trd, 000147.833, 166
Trd, 000150.167, 164
Trd, 000150.617, 163
Trd, 000150.733, 162
Trd, 000151.400, 163
Trd, 000151.417, 164
Trd, 000151.717, 164
Trd, 000153.067, 164
Trd, 000153.317, 167
Trd, 000154.233, 163
Trd, 000154.500, 163
Trd, 000154.633, 159
Trd, 000155.967, 164
Trd, 000156.633, 165
Trd, 000156.867, 166
Trd, 000156.883, 164
Trd, 000157.250, 162
Trd, 000157.400, 163
Trd, 000158.083, 162
Trd, 000158.867, 164
Trd, 000159.950, 163
Trd, 000160.483, 161
Trd, 000160.700, 162
Trd, 000161.733, 161
Trd, 000161.850, 163
Trd, 000162.017, 164
Trd, 000162.450, 161
Trd, 000164.600, 163
Trd, 000164.883, 164
Trd, 000165.033, 164
Trd, 000165.133, 164
Trd, 000165.233, 163
Trd, 000165.500, 165
Trd, 000166.117, 166
Trd, 000166.250, 161
Trd, 000166.417, 167
Trd, 000167.400, 169
Trd, 000168.533, 163
Trd, 000169.000, 163
Trd, 000169.533, 163
Trd, 000169.733, 164
Trd, 000169.800, 162
Trd, 000170.350, 161
Trd, 000171.217, 165
Trd, 000172.233, 164
Trd, 000172.333, 165
Trd, 000172.783, 162
Trd, 000172.850, 166
Trd, 000173.467, 161
Trd, 000175.200, 163
Trd, 000175.633, 165
Trd, 000176.667, 161
Trd, 000177.317, 160
Trd, 000178.150, 159
Trd, 000178.317, 159
Trd, 000178.967, 148
Trd, 000179.367, 148
Trd, 000179.550, 148
Trd, 000180.350, 170
Trd, 000181.200, 155
Trd, 000181.400, 153
Trd, 000181.950, 156
Trd, 000182.183, 158
Trd, 000182.583, 158
Trd, 000182.750, 158
Trd, 000184.200, 157
Trd, 000184.550, 149
Trd, 000184.700, 157
Trd, 000185.533, 157
Trd, 000185.933, 156
Trd, 000186.033, 155
Trd, 000187.250, 161
Trd, 000187.400, 161
Trd, 000187.850, 162
Trd, 000187.950, 162
Trd, 000188.200, 162
Trd, 000188.483, 169
Trd, 000188.850, 162
Trd, 000189.300, 163
Trd, 000190.850, 162
Trd, 000191.017, 163
Trd, 000191.200, 164
Trd, 000191.600, 163
Trd, 000191.817, 170
Trd, 000192.050, 169
Trd, 000193.783, 167
Trd, 000194.050, 167
Trd, 000194.917, 167
Trd, 000195.317, 167
Trd, 000196.017, 169
Trd, 000196.150, 167
Trd, 000196.550, 169
Trd, 000196.650, 168
Trd, 000196.883, 168
Trd, 000197.817, 170
Trd, 000198.933, 170
Trd, 000199.267, 168
Trd, 000199.750, 170
Trd, 000200.183, 171
Trd, 000200.317, 173
Trd, 000202.033, 169
Trd, 000202.250, 172
Trd, 000202.617, 172
Trd, 000202.850, 168
Trd, 000203.767, 171
Trd, 000203.850, 171
Trd, 000203.950, 172
Trd, 000204.583, 172
Trd, 000205.467, 172
Trd, 000206.433, 173
Trd, 000206.667, 173
Trd, 000206.767, 174
Trd, 000206.850, 172
Trd, 000208.933, 172
Trd, 000209.683, 173
Trd, 000209.900, 171
Trd, 000210.467, 172
Trd, 000211.133, 171
Trd, 000212.217, 175
Trd, 000213.383, 172
Trd, 000214.333, 172
Trd, 000215.467, 172
Trd, 000215.767, 173
Trd, 000215.833, 174
Trd, 000216.117, 172
Trd, 000216.817, 172
Trd, 000216.967, 171
Trd, 000217.667, 166
Trd, 000217.733, 168
Trd, 000217.783, 169
Trd, 000218.017, 165
Trd, 000218.850, 163
Trd, 000219.583, 171
Trd, 000220.217, 166
Trd, 000220.567, 166
Trd, 000220.883, 165
Trd, 000221.567, 170
Trd, 000221.583, 173
Trd, 000221.733, 166
Trd, 000222.467, 177
Trd, 000223.850, 168
Trd, 000225.067, 169
Trd, 000225.233, 169
Trd, 000226.300, 169
Trd, 000226.700, 168
Trd, 000226.750, 170
Trd, 000227.100, 170
Trd, 000227.700, 172
Trd, 000228.383, 171
Trd, 000229.117, 171
Trd, 000230.433, 172
Trd, 000230.983, 171
Trd, 000231.100, 171
Trd, 000231.517, 174
Trd, 000231.800, 172
Trd, 000231.950, 177
Trd, 000234.117, 174
Trd, 000234.267, 174
Trd, 000234.750, 170
Trd, 000234.783, 175
Trd, 000235.383, 174
Trd, 000235.483, 175
Trd, 000235.717, 167
Trd, 000235.833, 173
Trd, 000236.633, 179
Trd, 000236.750, 171
Trd, 000237.600, 176
Trd, 000238.450, 173
Trd, 000238.583, 175
Trd, 000238.900, 174
Trd, 000239.000, 174
Trd, 000239.050, 173
Trd, 000240.200, 175
Trd, 000240.350, 175
Trd, 000240.417, 174
Trd, 000240.733, 173
Trd, 000240.783, 173
Trd, 000240.983, 173
Trd, 000241.417, 172
Trd, 000241.850, 186
Trd, 000242.100, 179
Trd, 000242.967, 183
Trd, 000243.983, 183
Trd, 000244.533, 181
Trd, 000245.283, 175
Trd, 000245.317, 176
Trd, 000245.900, 177
Trd, 000246.100, 176
Trd, 000246.183, 177
Trd, 000246.750, 177
Trd, 000247.017, 174
Trd, 000247.033, 178
Trd, 000247.183, 173
Trd, 000247.583, 172
Trd, 000248.417, 177
Trd, 000248.433, 171
Trd, 000248.500, 178
Trd, 000249.517, 176
Trd, 000249.650, 174
Trd, 000249.700, 173
Trd, 000249.900, 177
Trd, 000250.050, 177
Trd, 000250.417, 175
Trd, 000250.833, 174
Trd, 000251.033, 176
Trd, 000251.700, 175
Trd, 000252.850, 173
Trd, 000253.033, 173
Trd, 000253.350, 175
Trd, 000253.633, 176
Trd, 000254.050, 180
Trd, 000254.450, 180
Trd, 000254.800, 173
Trd, 000256.050, 178
Trd, 000256.400, 175
Trd, 000256.567, 174
Trd, 000256.767, 173
Trd, 000256.867, 178
Trd, 000257.367, 171
Trd, 000257.433, 175
Trd, 000259.217, 172
Trd, 000259.383, 174
Trd, 000260.150, 172
Trd, 000260.300, 173
Trd, 000260.417, 171
Trd, 000260.850, 171
Trd, 000260.883, 175
Trd, 000261.383, 174
Trd, 000261.467, 170
Trd, 000261.600, 176
Trd, 000262.317, 176
Trd, 000262.333, 177
Trd, 000262.717, 180
Trd, 000263.133, 177
Trd, 000263.683, 176
Trd, 000263.917, 174
Trd, 000264.283, 170
Trd, 000264.633, 171
Trd, 000264.933, 171
Trd, 000266.483, 171
Trd, 000266.517, 172
Trd, 000266.650, 175
Trd, 000267.417, 170
Trd, 000268.033, 171
Trd, 000268.317, 170
Trd, 000268.717, 171
Trd, 000268.867, 173
Trd, 000269.717, 174
Trd, 000269.733, 173
Trd, 000269.883, 175
Trd, 000270.217, 176
Trd, 000270.250, 177
Trd, 000270.633, 173
Trd, 000270.767, 177
Trd, 000270.917, 177
Trd, 000271.767, 179
Trd, 000272.583, 179
Trd, 000273.050, 181
Trd, 000273.233, 180
Trd, 000273.317, 181
Trd, 000273.500, 181
Trd, 000274.300, 181
Trd, 000274.767, 182
Trd, 000275.683, 179
Trd, 000276.467, 178
Trd, 000276.683, 182
Trd, 000276.783, 177
Trd, 000276.883, 182
Trd, 000277.583, 176
Trd, 000278.050, 174
Trd, 000278.217, 177
Trd, 000278.417, 178
Trd, 000278.650, 176
Trd, 000279.083, 179
Trd, 000279.617, 176
Trd, 000279.633, 174
Trd, 000280.567, 177
Trd, 000280.933, 169
Trd, 000280.983, 162
Trd, 000281.850, 175
Trd, 000282.167, 178
Trd, 000283.183, 176
Trd, 000283.383, 175
Trd, 000283.400, 179
Trd, 000283.883, 176
Trd, 000285.417, 174
Trd, 000285.583, 175
Trd, 000285.767, 173
Trd, 000285.967, 176
Trd, 000286.017, 176
Trd, 000286.317, 172
Trd, 000286.400, 172
Trd, 000288.050, 175
Trd, 000288.433, 174
Trd, 000288.783, 175
Trd, 000289.150, 173
Trd, 000289.450, 174
Trd, 000289.617, 176
Trd, 000290.783, 173
Trd, 000291.400, 177
Trd, 000291.750, 173
Trd, 000292.083, 176
Trd, 000292.117, 173
Trd, 000292.183, 178
Trd, 000292.483, 180
Trd, 000292.567, 173
Trd, 000293.050, 179
Trd, 000293.933, 176
Trd, 000294.117, 177
Trd, 000294.150, 177
Trd, 000294.817, 174
Trd, 000294.950, 178
Trd, 000296.083, 175
Trd, 000296.300, 176
Trd, 000296.550, 178
Trd, 000296.767, 184
Trd, 000296.800, 179
Trd, 000296.917, 192
Trd, 000297.067, 176
Trd, 000297.300, 175
Trd, 000298.400, 181
Trd, 000298.683, 181
Trd, 000299.100, 179
Trd, 000299.217, 179
Trd, 000299.483, 182
Trd, 000299.900, 178
