Trd, 000001.600, 135
Trd, 000001.917, 117
Trd, 000002.250, 144
Trd, 000002.267, 148
Trd, 000003.050, 117
Trd, 000004.167, 141
Trd, 000004.217, 152
Trd, 000004.850, 125
Trd, 000005.250, 157
Trd, 000006.717, 147
Trd, 000007.083, 153
Trd, 000007.200, 159
Trd, 000007.850, 150
Trd, 000008.133, 149
Trd, 000009.733, 149
Trd, 000010.300, 146
Trd, 000010.667, 146
Trd, 000010.767, 146
Trd, 000011.100, 148
Trd, 000011.667, 149
Trd, 000011.683, 150
Trd, 000012.200, 145
Trd, 000012.250, 150
Trd, 000013.050, 151
Trd, 000013.617, 157
Trd, 000013.967, 140
Trd, 000014.717, 142
Trd, 000015.300, 147
Trd, 000016.333, 145
Trd, 000016.917, 146
Trd, 000016.950, 147
Trd, 000017.950, 146
Trd, 000018.617, 146
Trd, 000019.283, 146
Trd, 000019.367, 135
Trd, 000019.500, 133
Trd, 000020.350, 147
Trd, 000021.683, 146
Trd, 000022.283, 141
Trd, 000022.817, 145
Trd, 000023.250, 144
Trd, 000023.683, 141
Trd, 000024.150, 141
Trd, 000024.183, 142
Trd, 000024.817, 142
Trd, 000024.933, 146
Trd, 000025.017, 146
Trd, 000025.667, 150
Trd, 000025.700, 152
Trd, 000026.200, 153
Trd, 000026.250, 148
Trd, 000026.750, 162
Trd, 000026.900, 163
Trd, 000027.400, 160
Trd, 000028.100, 174
Trd, 000029.533, 163
Trd, 000029.783, 161
Trd, 000030.117, 159
Trd, 000030.400, 136
Trd, 000030.533, 154
Trd, 000030.683, 154
Trd, 000030.700, 129
Trd, 000033.067, 142
Trd, 000033.533, 143
Trd, 000033.867, 135
Trd, 000034.167, 140
Trd, 000034.483, 142
Trd, 000034.550, 147
Trd, 000034.783, 152
Trd, 000035.367, 148
Trd, 000035.500, 146
Trd, 000035.517, 152
Trd, 000036.100, 158
Trd, 000036.817, 162
Trd, 000037.133, 149
Trd, 000037.783, 150
Trd, 000037.950, 150
Trd, 000038.700, 149
Trd, 000039.033, 148
Trd, 000040.583, 151
Trd, 000040.883, 152
Trd, 000041.517, 149
Trd, 000042.650, 151
Trd, 000042.733, 146
Trd, 000044.000, 145
Trd, 000044.250, 137
Trd, 000044.350, 150
Trd, 000045.433, 135
Trd, 000045.633, 150
Trd, 000045.900, 130
Trd, 000047.267, 145
Trd, 000047.767, 146
Trd, 000048.133, 149
Trd, 000048.667, 147
Trd, 000048.700, 146
Trd, 000048.867, 146
Trd, 000049.100, 152
Trd, 000049.133, 144
Trd, 000050.067, 160
Trd, 000050.267, 135
Trd, 000050.617, 150
Trd, 000051.600, 137
Trd, 000051.650, 150
Trd, 000051.900, 150
Trd, 000052.600, 155
Trd, 000053.300, 154
Trd, 000054.133, 150
Trd, 000054.850, 152
Trd, 000055.317, 153
Trd, 000055.783, 164
Trd, 000056.533, 152
Trd, 000057.183, 152
Trd, 000057.967, 150
Trd, 000058.167, 149
Trd, 000058.333, 151
Trd, 000058.400, 151
Trd, 000058.450, 151
Trd, 000058.883, 149
Trd, 000059.550, 154
Trd, 000059.917, 139
Trd, 000060.183, 135
Trd, 000061.633, 146
Trd, 000062.217, 150
Trd, 000062.367, 150
Trd, 000062.383, 149
Trd, 000063.450, 148
Trd, 000064.517, 149
Trd, 000064.650, 150
Trd, 000064.817, 153
Trd, 000064.933, 147
Trd, 000065.317, 139
Trd, 000066.100, 145
Trd, 000067.050, 147
Trd, 000067.283, 149
Trd, 000067.667, 150
Trd, 000068.567, 146
Trd, 000069.067, 149
Trd, 000069.400, 151
Trd, 000069.800, 146
Trd, 000069.900, 145
Trd, 000070.567, 151
Trd, 000071.083, 151
Trd, 000071.417, 146
Trd, 000072.250, 151
Trd, 000073.283, 155
Trd, 000073.633, 158
Trd, 000074.750, 164
Trd, 000074.783, 165
Trd, 000076.283, 155
Trd, 000076.433, 160
Trd, 000076.450, 161
Trd, 000077.900, 160
Trd, 000078.367, 159
Trd, 000078.550, 159
Trd, 000078.567, 160
Trd, 000078.600, 157
Trd, 000078.917, 152
Trd, 000079.717, 142
Trd, 000080.450, 149
Trd, 000080.683, 141
Trd, 000082.050, 152
Trd, 000082.583, 152
Trd, 000082.850, 150
Trd, 000083.417, 151
Trd, 000083.517, 152
Trd, 000083.833, 156
Trd, 000083.883, 150
Trd, 000085.117, 150
Trd, 000085.483, 151
Trd, 000086.167, 149
Trd, 000087.417, 152
Trd, 000087.950, 150
Trd, 000088.083, 149
Trd, 000088.450, 153
Trd, 000089.017, 155
Trd, 000089.300, 155
Trd, 000090.417, 148
Trd, 000090.717, 150
Trd, 000091.183, 149
Trd, 000091.683, 148
Trd, 000092.300, 148
Trd, 000093.000, 146
Trd, 000094.100, 148
Trd, 000094.750, 148
Trd, 000094.883, 147
Trd, 000094.967, 151
Trd, 000095.000, 151
Trd, 000095.050, 135
Trd, 000095.300, 152
Trd, 000095.900, 153
Trd, 000097.533, 148
Trd, 000099.033, 143
Trd, 000099.117, 152
Trd, 000099.250, 154
Trd, 000100.900, 146
Trd, 000101.333, 149
Trd, 000101.617, 148
Trd, 000101.633, 147
Trd, 000102.233, 154
Trd, 000102.600, 155
Trd, 000104.733, 154
Trd, 000104.967, 151
Trd, 000105.333, 150
Trd, 000106.033, 152
Trd, 000106.050, 149
Trd, 000106.267, 154
Trd, 000107.783, 150
Trd, 000107.883, 153
Trd, 000108.033, 155
Trd, 000108.067, 149
Trd, 000108.250, 155
Trd, 000108.467, 155
Trd, 000108.633, 148
Trd, 000109.033, 142
Trd, 000109.417, 147
Trd, 000109.850, 148
Trd, 000110.700, 148
Trd, 000111.117, 148
Trd, 000111.667, 147
Trd, 000111.950, 149
Trd, 000112.300, 150
Trd, 000112.617, 147
Trd, 000114.017, 145
Trd, 000115.383, 146
Trd, 000115.433, 149
Trd, 000115.700, 155
Trd, 000115.800, 146
Trd, 000117.483, 149
Trd, 000118.433, 151
Trd, 000118.950, 157
Trd, 000119.067, 149
Trd, 000119.083, 174
Trd, 000120.217, 163
Trd, 000120.750, 150
Trd, 000121.383, 157
Trd, 000121.950, 158
Trd, 000122.667, 156
Trd, 000122.717, 160
Trd, 000122.933, 160
Trd, 000123.750, 160
Trd, 000124.467, 161
Trd, 000125.783, 159
Trd, 000125.833, 158
Trd, 000126.017, 157
Trd, 000126.533, 159
Trd, 000126.717, 156
Trd, 000126.967, 159
Trd, 000127.567, 156
Trd, 000127.950, 159
Trd, 000129.250, 155
Trd, 000130.117, 159
Trd, 000130.150, 159
Trd, 000130.467, 157
Trd, 000130.583, 160
Trd, 000131.083, 159
Trd, 000131.783, 158
Trd, 000133.267, 159
Trd, 000133.633, 159
Trd, 000134.300, 157
Trd, 000134.333, 160
Trd, 000134.467, 156
Trd, 000134.783, 154
Trd, 000135.133, 160
Trd, 000135.267, 159
Trd, 000136.600, 157
Trd, 000136.883, 155
Trd, 000138.083, 151
Trd, 000138.917, 153
Trd, 000139.100, 151
Trd, 000139.700, 151
Trd, 000139.717, 152
Trd, 000140.683, 152
Trd, 000141.483, 151
Trd, 000141.683, 151
Trd, 000141.900, 152
Trd, 000142.550, 152
Trd, 000142.900, 158
Trd, 000142.950, 162
Trd, 000143.233, 149
Trd, 000144.467, 152
Trd, 000144.667, 156
Trd, 000145.100, 154
Trd, 000146.250, 153
Trd, 000146.350, 155
Trd, 000146.417, 156
Trd, 000146.617, 158
Trd, 000146.800, 147
Trd, 000148.000, 164
Trd, 000148.367, 156
Trd, 000148.533, 166
Trd, 000150.567, 157
Trd, 000151.017, 158
Trd, 000151.267, 157
Trd, 000152.017, 159
Trd, 000152.167, 159
Trd, 000152.467, 156
Trd, 000152.550, 156
Trd, 000153.150, 151
Trd, 000153.483, 148
Trd, 000153.517, 159
Trd, 000154.033, 159
Trd, 000155.450, 155
Trd, 000155.767, 156
Trd, 000156.767, 158
Trd, 000156.867, 157
Trd, 000156.883, 152
Trd, 000157.000, 149
Trd, 000158.483, 159
Trd, 000159.717, 156
Trd, 000159.983, 156
Trd, 000160.400, 157
Trd, 000160.867, 158
Trd, 000161.400, 160
Trd, 000161.667, 160
Trd, 000161.967, 157
Trd, 000162.600, 163
Trd, 000164.467, 152
Trd, 000164.517, 152
Trd, 000164.883, 155
Trd, 000164.900, 152
Trd, 000165.700, 156
Trd, 000166.217, 154
Trd, 000166.367, 156
Trd, 000166.867, 155
Trd, 000167.467, 154
Trd, 000167.767, 155
Trd, 000167.850, 157
Trd, 000169.517, 161
Trd, 000169.967, 164
Trd, 000170.183, 164
Trd, 000170.317, 164
Trd, 000170.883, 157
Trd, 000171.683, 158
Trd, 000171.950, 165
Trd, 000172.933, 157
Trd, 000173.117, 156
Trd, 000174.583, 161
Trd, 000174.900, 175
Trd, 000175.167, 153
Trd, 000175.417, 165
Trd, 000176.050, 162
Trd, 000176.683, 155
Trd, 000177.283, 150
Trd, 000178.000, 143
Trd, 000178.183, 160
Trd, 000179.083, 144
Trd, 000179.850, 161
Trd, 000180.667, 159
Trd, 000180.900, 160
Trd, 000180.950, 147
Trd, 000181.767, 162
Trd, 000182.533, 162
Trd, 000182.817, 147
Trd, 000183.250, 165
Trd, 000183.833, 166
Trd, 000184.883, 163
Trd, 000185.167, 164
Trd, 000186.000, 163
Trd, 000186.183, 162
Trd, 000186.450, 161
Trd, 000186.600, 163
Trd, 000186.683, 166
Trd, 000187.233, 181
Trd, 000187.433, 162
Trd, 000188.200, 152
Trd, 000188.683, 169
Trd, 000188.950, 163
Trd, 000189.033, 148
Trd, 000189.667, 146
Trd, 000189.700, 160
Trd, 000190.700, 158
Trd, 000190.917, 159
Trd, 000192.167, 153
Trd, 000192.533, 158
Trd, 000193.683, 158
Trd, 000193.967, 163
Trd, 000194.100, 154
Trd, 000194.583, 156
Trd, 000194.950, 154
Trd, 000195.933, 160
Trd, 000195.967, 170
Trd, 000197.083, 154
Trd, 000197.217, 168
Trd, 000197.717, 156
Trd, 000198.167, 165
Trd, 000200.283, 161
Trd, 000200.300, 163
Trd, 000200.967, 162
Trd, 000201.517, 162
Trd, 000201.633, 158
Trd, 000204.050, 162
Trd, 000204.367, 160
Trd, 000204.617, 161
Trd, 000204.650, 159
Trd, 000205.217, 160
Trd, 000205.233, 159
Trd, 000205.267, 157
Trd, 000205.433, 161
Trd, 000205.567, 164
Trd, 000206.233, 154
Trd, 000206.550, 168
Trd, 000207.200, 162
Trd, 000207.233, 164
Trd, 000207.283, 153
Trd, 000207.417, 169
Trd, 000208.067, 179
Trd, 000208.700, 168
Trd, 000209.067, 166
Trd, 000209.617, 166
Trd, 000210.133, 165
Trd, 000210.833, 145
Trd, 000212.017, 165
Trd, 000212.250, 166
Trd, 000212.383, 164
Trd, 000213.017, 160
Trd, 000213.950, 159
Trd, 000214.183, 155
Trd, 000214.733, 159
Trd, 000215.283, 160
Trd, 000216.433, 159
Trd, 000216.667, 159
Trd, 000216.900, 156
Trd, 000217.567, 159
Trd, 000219.483, 159
Trd, 000219.983, 160
Trd, 000220.350, 160
Trd, 000220.900, 157
Trd, 000221.383, 157
Trd, 000221.800, 160
Trd, 000222.133, 159
Trd, 000222.350, 157
Trd, 000222.883, 156
Trd, 000223.717, 155
Trd, 000224.233, 158
Trd, 000225.083, 158
Trd, 000226.883, 157
Trd, 000227.550, 157
Trd, 000227.650, 158
Trd, 000227.933, 157
Trd, 000228.150, 160
Trd, 000229.567, 162
Trd, 000229.867, 162
Trd, 000230.117, 162
Trd, 000230.250, 161
Trd, 000230.917, 163
Trd, 000231.083, 163
Trd, 000231.633, 160
Trd, 000232.717, 161
Trd, 000232.850, 163
Trd, 000233.067, 164
Trd, 000233.550, 161
Trd, 000234.467, 163
Trd, 000235.383, 161
Trd, 000236.317, 160
Trd, 000236.817, 163
Trd, 000237.183, 162
Trd, 000239.317, 159
Trd, 000239.600, 168
Trd, 000239.617, 157
Trd, 000239.983, 164
Trd, 000240.633, 170
Trd, 000240.700, 161
Trd, 000241.417, 162
Trd, 000241.817, 165
Trd, 000241.833, 166
Trd, 000241.967, 170
Trd, 000243.650, 170
Trd, 000243.850, 170
Trd, 000244.150, 169
Trd, 000244.533, 171
Trd, 000245.783, 168
Trd, 000245.867, 170
Trd, 000246.733, 170
Trd, 000246.783, 171
Trd, 000247.717, 172
Trd, 000247.933, 171
Trd, 000248.033, 172
Trd, 000248.867, 169
Trd, 000249.033, 175
Trd, 000249.067, 179
Trd, 000250.267, 177
Trd, 000251.217, 177
Trd, 000251.283, 176
Trd, 000251.650, 170
Trd, 000253.800, 158
Trd, 000254.500, 174
Trd, 000254.783, 167
Trd, 000255.267, 168
Trd, 000255.350, 169
Trd, 000255.600, 172
Trd, 000255.833, 170
Trd, 000256.050, 170
Trd, 000256.100, 169
Trd, 000257.233, 168
Trd, 000257.650, 166
Trd, 000258.633, 172
Trd, 000258.850, 173
Trd, 000259.600, 174
Trd, 000260.017, 177
Trd, 000260.200, 174
Trd, 000260.250, 168
Trd, 000260.583, 181
Trd, 000260.867, 171
Trd, 000261.717, 175
Trd, 000262.567, 174
Trd, 000262.967, 174
Trd, 000263.200, 170
Trd, 000263.400, 174
Trd, 000263.567, 175
Trd, 000263.917, 170
Trd, 000264.317, 170
Trd, 000265.300, 175
Trd, 000265.550, 169
Trd, 000266.817, 170
Trd, 000267.133, 170
Trd, 000267.383, 169
Trd, 000267.950, 171
Trd, 000268.233, 163
Trd, 000268.533, 171
Trd, 000268.883, 171
Trd, 000270.567, 174
Trd, 000270.733, 170
Trd, 000271.267, 171
Trd, 000271.367, 170
Trd, 000271.450, 175
Trd, 000271.583, 178
Trd, 000271.750, 169
Trd, 000271.850, 177
Trd, 000272.350, 171
Trd, 000272.483, 176
Trd, 000273.750, 177
Trd, 000273.983, 172
Trd, 000274.017, 168
Trd, 000275.517, 161
Trd, 000276.250, 172
Trd, 000276.383, 174
Trd, 000276.850, 176
Trd, 000277.283, 169
Trd, 000277.817, 174
Trd, 000278.117, 172
Trd, 000278.383, 173
Trd, 000278.500, 172
Trd, 000278.533, 173
Trd, 000278.983, 165
Trd, 000279.983, 172
Trd, 000280.633, 173
Trd, 000281.267, 168
Trd, 000282.717, 172
Trd, 000283.283, 167
Trd, 000283.467, 166
Trd, 000284.017, 174
Trd, 000284.467, 176
Trd, 000284.517, 178
Trd, 000285.817, 179
Trd, 000286.233, 172
Trd, 000286.950, 172
Trd, 000287.083, 175
Trd, 000288.250, 172
Trd, 000288.317, 175
Trd, 000288.900, 168
Trd, 000289.267, 175
Trd, 000289.483, 173
Trd, 000289.500, 169
Trd, 000290.250, 166
Trd, 000290.617, 172
Trd, 000291.017, 171
Trd, 000292.017, 169
Trd, 000292.133, 169
Trd, 000292.233, 173
Trd, 000292.383, 168
Trd, 000292.933, 167
Trd, 000293.400, 180
Trd, 000293.633, 178
Trd, 000294.450, 190
Trd, 000295.033, 180
Trd, 000295.167, 177
Trd, 000295.800, 182
Trd, 000295.850, 163
Trd, 000296.417, 179
Trd, 000296.817, 174
Trd, 000296.850, 180
Trd, 000297.067, 162
Trd, 000297.767, 181
Trd, 000297.867, 184
Trd, 000299.100, 184
Trd, 000299.250, 175
Trd, 000299.650, 176
Trd, 000299.967, 167
