Trd, 000001.067, 156
Trd, 000002.450, 133
Trd, 000002.867, 137
Trd, 000003.617, 169
Trd, 000004.283, 171
Trd, 000004.450, 173
Trd, 000004.633, 171
Trd, 000005.250, 161
Trd, 000006.050, 165
Trd, 000006.350, 152
Trd, 000007.800, 158
Trd, 000008.483, 151
Trd, 000008.567, 149
Trd, 000009.067, 151
Trd, 000009.533, 139
Trd, 000010.017, 152
Trd, 000011.850, 152
Trd, 000011.967, 154
Trd, 000012.333, 141
Trd, 000013.100, 154
Trd, 000013.483, 156
Trd, 000014.300, 165
Trd, 000014.567, 164
Trd, 000014.667, 163
Trd, 000015.117, 168
Trd, 000015.967, 160
Trd, 000016.167, 161
Trd, 000016.367, 154
Trd, 000016.783, 168
Trd, 000017.133, 159
Trd, 000018.000, 159
Trd, 000019.050, 160
Trd, 000019.467, 163
Trd, 000020.267, 164
Trd, 000020.733, 163
Trd, 000021.250, 160
Trd, 000021.783, 161
Trd, 000021.833, 160
Trd, 000022.067, 159
Trd, 000022.133, 160
Trd, 000022.383, 152
Trd, 000022.467, 150
Trd, 000023.567, 159
Trd, 000024.017, 158
Trd, 000025.183, 154
Trd, 000025.517, 153
Trd, 000025.917, 155
Trd, 000026.967, 154
Trd, 000027.217, 146
Trd, 000028.417, 166
Trd, 000028.550, 169
Trd, 000029.133, 161
Trd, 000029.600, 160
Trd, 000030.267, 159
Trd, 000030.450, 160
Trd, 000030.817, 161
Trd, 000031.983, 158
Trd, 000032.150, 151
Trd, 000032.350, 158
Trd, 000032.683, 146
Trd, 000034.183, 150
Trd, 000035.533, 152
Trd, 000035.833, 153
Trd, 000035.900, 152
Trd, 000036.083, 149
Trd, 000036.200, 152
Trd, 000036.683, 152
Trd, 000037.050, 146
Trd, 000037.417, 153
Trd, 000038.500, 155
Trd, 000039.017, 155
Trd, 000039.367, 171
Trd, 000039.717, 159
Trd, 000041.333, 170
Trd, 000041.383, 163
Trd, 000041.667, 172
Trd, 000041.917, 172
Trd, 000043.033, 165
Trd, 000043.100, 165
Trd, 000043.233, 158
Trd, 000043.533, 165
Trd, 000045.000, 156
Trd, 000045.450, 156
Trd, 000045.750, 155
Trd, 000047.317, 156
Trd, 000047.950, 155
Trd, 000048.467, 154
Trd, 000048.733, 154
Trd, 000048.833, 153
Trd, 000048.850, 144
Trd, 000049.033, 156
Trd, 000049.333, 144
Trd, 000049.883, 158
Trd, 000050.250, 157
Trd, 000050.917, 157
Trd, 000051.433, 158
Trd, 000051.533, 160
Trd, 000053.217, 175
Trd, 000053.600, 174
Trd, 000053.667, 173
Trd, 000054.050, 171
Trd, 000055.417, 171
Trd, 000056.517, 170
Trd, 000058.817, 167
Trd, 000058.850, 166
Trd, 000059.367, 167
Trd, 000059.950, 163
Trd, 000061.367, 164
Trd, 000061.417, 166
Trd, 000061.950, 167
Trd, 000062.583, 166
Trd, 000062.800, 166
Trd, 000062.933, 155
Trd, 000064.617, 161
Trd, 000064.950, 161
Trd, 000065.667, 160
Trd, 000065.967, 160
Trd, 000066.383, 160
Trd, 000068.600, 158
Trd, 000068.900, 158
Trd, 000069.400, 155
Trd, 000069.900, 154
Trd, 000070.417, 159
Trd, 000070.717, 162
Trd, 000070.833, 153
Trd, 000070.950, 158
Trd, 000071.750, 158
Trd, 000072.700, 155
Trd, 000072.800, 156
Trd, 000073.000, 151
Trd, 000074.067, 155
Trd, 000074.667, 155
Trd, 000075.550, 157
Trd, 000076.167, 157
Trd, 000076.467, 158
Trd, 000077.050, 159
Trd, 000077.483, 158
Trd, 000077.717, 161
Trd, 000079.283, 160
Trd, 000079.567, 161
Trd, 000080.317, 161
Trd, 000080.567, 161
Trd, 000080.833, 163
Trd, 000081.100, 162
Trd, 000081.200, 161
Trd, 000081.900, 159
Trd, 000083.250, 161
Trd, 000084.117, 165
Trd, 000084.350, 165
Trd, 000085.450, 162
Trd, 000085.633, 163
Trd, 000085.883, 164
Trd, 000086.433, 164
Trd, 000087.167, 169
Trd, 000088.083, 165
Trd, 000088.133, 164
Trd, 000088.650, 168
Trd, 000089.167, 171
Trd, 000089.367, 167
Trd, 000090.150, 171
Trd, 000091.167, 173
Trd, 000092.633, 172
Trd, 000092.850, 171
Trd, 000092.900, 166
Trd, 000093.900, 168
Trd, 000094.533, 169
Trd, 000094.800, 169
Trd, 000095.050, 169
Trd, 000096.400, 158
Trd, 000096.817, 158
Trd, 000098.017, 156
Trd, 000098.033, 154
Trd, 000098.667, 157
Trd, 000098.700, 158
Trd, 000099.383, 159
Trd, 000099.983, 160
Trd, 000101.217, 161
Trd, 000102.583, 161
Trd, 000102.800, 164
Trd, 000102.867, 167
Trd, 000103.717, 163
Trd, 000103.950, 169
Trd, 000104.700, 162
Trd, 000106.300, 163
Trd, 000106.983, 162
Trd, 000107.400, 162
Trd, 000107.767, 160
Trd, 000108.400, 160
Trd, 000109.133, 160
Trd, 000109.617, 159
Trd, 000110.367, 161
Trd, 000111.267, 160
Trd, 000111.617, 160
Trd, 000111.883, 161
Trd, 000112.783, 160
Trd, 000113.550, 161
Trd, 000114.667, 160
Trd, 000114.917, 161
Trd, 000115.050, 162
Trd, 000115.150, 162
Trd, 000115.683, 161
Trd, 000115.983, 164
Trd, 000117.250, 158
Trd, 000117.867, 163
Trd, 000117.983, 164
Trd, 000119.117, 162
Trd, 000119.533, 164
Trd, 000119.583, 166
Trd, 000120.600, 163
Trd, 000122.000, 166
Trd, 000122.067, 167
Trd, 000122.317, 161
Trd, 000123.033, 165
Trd, 000123.133, 166
Trd, 000125.000, 165
Trd, 000125.067, 165
Trd, 000125.117, 167
Trd, 000125.650, 167
Trd, 000126.550, 175
Trd, 000126.933, 169
Trd, 000126.967, 168
Trd, 000127.433, 167
Trd, 000128.233, 170
Trd, 000128.483, 162
Trd, 000129.483, 163
Trd, 000129.983, 164
Trd, 000130.650, 161
Trd, 000131.550, 164
Trd, 000131.883, 168
Trd, 000132.300, 164
Trd, 000134.450, 162
Trd, 000134.883, 162
Trd, 000135.300, 164
Trd, 000135.917, 163
Trd, 000136.833, 163
Trd, 000136.850, 161
Trd, 000137.317, 163
Trd, 000137.733, 156
Trd, 000138.517, 163
Trd, 000139.183, 162
Trd, 000139.333, 161
Trd, 000139.733, 162
Trd, 000140.600, 165
Trd, 000141.050, 163
Trd, 000141.883, 163
Trd, 000142.667, 164
Trd, 000143.250, 163
Trd, 000143.400, 163
Trd, 000143.450, 164
Trd, 000144.000, 162
Trd, 000144.350, 158
Trd, 000144.950, 165
Trd, 000145.917, 163
Trd, 000147.517, 163
Trd, 000148.200, 163
Trd, 000148.600, 163
Trd, 000150.167, 163
Trd, 000150.617, 166
Trd, 000150.767, 164
Trd, 000151.100, 170
Trd, 000151.150, 180
Trd, 000151.817, 169
Trd, 000151.900, 156
Trd, 000152.133, 182
Trd, 000153.550, 168
Trd, 000153.767, 164
Trd, 000153.800, 165
Trd, 000154.350, 156
Trd, 000156.500, 164
Trd, 000157.467, 164
Trd, 000157.500, 165
Trd, 000158.117, 165
Trd, 000158.783, 165
Trd, 000158.933, 166
Trd, 000160.367, 166
Trd, 000161.600, 166
Trd, 000162.617, 164
Trd, 000163.083, 167
Trd, 000163.600, 167
Trd, 000164.950, 164
Trd, 000164.967, 164
Trd, 000165.250, 167
Trd, 000165.833, 163
Trd, 000166.200, 157
Trd, 000167.283, 167
Trd, 000168.283, 165
Trd, 000168.933, 164
Trd, 000169.050, 167
Trd, 000169.200, 167
Trd, 000169.450, 167
Trd, 000170.483, 166
Trd, 000170.833, 165
Trd, 000171.267, 168
Trd, 000171.967, 164
Trd, 000172.033, 160
Trd, 000173.350, 165
Trd, 000173.567, 165
Trd, 000173.750, 167
Trd, 000174.300, 166
Trd, 000176.050, 166
Trd, 000177.817, 169
Trd, 000178.567, 170
Trd, 000178.933, 172
Trd, 000179.017, 173
Trd, 000180.767, 181
Trd, 000181.233, 180
Trd, 000181.400, 180
Trd, 000181.900, 179
Trd, 000182.533, 178
Trd, 000182.750, 179
Trd, 000183.133, 178
Trd, 000184.000, 177
Trd, 000184.567, 177
Trd, 000185.150, 180
Trd, 000186.267, 174
Trd, 000186.783, 167
Trd, 000186.883, 180
Trd, 000188.367, 182
Trd, 000188.517, 181
Trd, 000190.117, 187
Trd, 000190.817, 188
Trd, 000191.167, 184
Trd, 000191.383, 183
Trd, 000191.617, 192
Trd, 000193.200, 177
Trd, 000193.933, 184
Trd, 000194.617, 179
Trd, 000195.067, 179
Trd, 000195.667, 179
Trd, 000195.800, 178
Trd, 000196.483, 175
Trd, 000198.550, 176
Trd, 000199.583, 169
Trd, 000199.817, 168
Trd, 000199.900, 160
Trd, 000200.700, 170
Trd, 000200.933, 170
Trd, 000201.017, 169
Trd, 000201.517, 171
Trd, 000201.650, 171
Trd, 000201.750, 171
Trd, 000203.450, 170
Trd, 000203.917, 171
Trd, 000204.017, 171
Trd, 000204.667, 168
Trd, 000204.717, 160
Trd, 000204.833, 169
Trd, 000205.067, 169
Trd, 000206.333, 168
Trd, 000206.900, 168
Trd, 000207.667, 173
Trd, 000208.850, 173
Trd, 000209.250, 172
Trd, 000209.667, 170
Trd, 000210.233, 170
Trd, 000210.333, 169
Trd, 000210.900, 169
Trd, 000211.117, 169
Trd, 000211.850, 173
Trd, 000212.267, 171
Trd, 000213.083, 172
Trd, 000213.483, 172
Trd, 000213.850, 192
Trd, 000214.517, 184
Trd, 000214.567, 183
Trd, 000216.633, 183
Trd, 000217.117, 184
Trd, 000217.300, 185
Trd, 000217.733, 184
Trd, 000218.317, 184
Trd, 000219.150, 180
Trd, 000219.983, 179
Trd, 000220.400, 182
Trd, 000220.700, 178
Trd, 000221.300, 177
Trd, 000222.717, 164
Trd, 000222.850, 162
Trd, 000222.967, 169
Trd, 000224.283, 172
Trd, 000224.567, 170
Trd, 000224.850, 172
Trd, 000225.550, 172
Trd, 000226.733, 173
Trd, 000226.767, 173
Trd, 000226.933, 174
Trd, 000227.017, 190
Trd, 000228.950, 179
Trd, 000229.583, 177
Trd, 000229.983, 178
Trd, 000230.517, 178
Trd, 000230.767, 177
Trd, 000230.950, 177
Trd, 000231.217, 171
Trd, 000232.217, 174
Trd, 000233.517, 171
Trd, 000233.650, 173
Trd, 000234.167, 174
Trd, 000234.250, 178
Trd, 000235.383, 190
Trd, 000235.600, 189
Trd, 000235.967, 188
Trd, 000236.000, 178
Trd, 000236.300, 174
Trd, 000239.117, 173
Trd, 000239.300, 174
Trd, 000239.500, 175
Trd, 000239.750, 174
Trd, 000240.250, 174
Trd, 000240.300, 175
Trd, 000240.467, 175
Trd, 000240.817, 176
Trd, 000241.017, 175
Trd, 000241.050, 174
Trd, 000241.867, 175
Trd, 000241.900, 176
Trd, 000242.117, 167
Trd, 000243.400, 176
Trd, 000243.550, 179
Trd, 000243.633, 171
Trd, 000243.917, 175
Trd, 000243.933, 178
Trd, 000244.217, 176
Trd, 000244.450, 179
Trd, 000244.650, 178
Trd, 000246.667, 190
Trd, 000246.883, 191
Trd, 000247.417, 185
Trd, 000247.433, 184
Trd, 000247.967, 184
Trd, 000248.117, 182
Trd, 000248.383, 181
Trd, 000248.400, 182
Trd, 000249.233, 183
Trd, 000249.350, 176
Trd, 000249.600, 179
Trd, 000250.217, 180
Trd, 000250.250, 179
Trd, 000250.650, 178
Trd, 000250.967, 177
Trd, 000251.600, 176
Trd, 000253.017, 172
Trd, 000253.283, 170
Trd, 000253.317, 172
Trd, 000253.467, 169
Trd, 000253.633, 167
Trd, 000253.883, 166
Trd, 000254.300, 167
Trd, 000254.767, 176
Trd, 000254.783, 181
Trd, 000255.183, 193
Trd, 000255.467, 180
Trd, 000256.817, 188
Trd, 000256.917, 185
Trd, 000257.617, 181
Trd, 000257.783, 182
Trd, 000258.083, 176
Trd, 000258.300, 184
Trd, 000258.367, 185
Trd, 000258.883, 175
Trd, 000259.733, 178
Trd, 000259.767, 179
Trd, 000259.867, 177
Trd, 000260.283, 175
Trd, 000260.717, 179
Trd, 000260.767, 182
Trd, 000261.583, 181
Trd, 000262.517, 177
Trd, 000263.167, 177
Trd, 000263.683, 177
Trd, 000263.750, 174
Trd, 000264.483, 170
Trd, 000264.883, 170
Trd, 000265.067, 172
Trd, 000265.283, 176
Trd, 000265.367, 170
Trd, 000265.767, 181
Trd, 000266.300, 173
Trd, 000266.367, 178
Trd, 000267.033, 179
Trd, 000267.617, 178
Trd, 000267.967, 179
Trd, 000268.000, 180
Trd, 000268.967, 183
Trd, 000269.050, 182
Trd, 000269.650, 178
Trd, 000269.900, 178
Trd, 000269.933, 179
Trd, 000270.733, 178
Trd, 000270.950, 180
Trd, 000271.233, 178
Trd, 000271.550, 183
Trd, 000271.967, 186
Trd, 000272.450, 194
Trd, 000272.633, 170
Trd, 000272.900, 175
Trd, 000272.967, 184
Trd, 000274.017, 186
Trd, 000274.083, 189
Trd, 000274.200, 196
Trd, 000274.217, 185
Trd, 000275.167, 179
Trd, 000275.233, 180
Trd, 000275.317, 186
Trd, 000275.333, 179
Trd, 000276.433, 183
Trd, 000276.750, 178
Trd, 000278.850, 183
Trd, 000279.450, 185
Trd, 000279.800, 186
Trd, 000280.350, 179
Trd, 000280.400, 176
Trd, 000280.717, 178
Trd, 000280.883, 179
Trd, 000281.333, 179
Trd, 000281.500, 177
Trd, 000281.950, 171
Trd, 000282.133, 177
Trd, 000282.800, 173
Trd, 000283.150, 174
Trd, 000283.333, 175
Trd, 000283.500, 174
Trd, 000283.550, 175
Trd, 000283.717, 175
Trd, 000284.017, 173
Trd, 000284.733, 179
Trd, 000285.867, 174
Trd, 000286.150, 177
Trd, 000286.367, 173
Trd, 000286.700, 176
Trd, 000286.867, 177
Trd, 000286.900, 173
Trd, 000286.967, 185
Trd, 000287.500, 174
Trd, 000288.450, 172
Trd, 000288.633, 179
Trd, 000289.283, 179
Trd, 000289.483, 174
Trd, 000289.633, 173
Trd, 000289.667, 168
Trd, 000290.267, 178
Trd, 000290.383, 175
Trd, 000290.417, 173
Trd, 000291.283, 179
Trd, 000291.300, 174
Trd, 000291.817, 178
Trd, 000292.083, 179
Trd, 000292.350, 180
Trd, 000292.500, 185
Trd, 000293.817, 180
Trd, 000294.333, 178
Trd, 000294.467, 180
Trd, 000294.650, 177
Trd, 000295.233, 179
Trd, 000295.333, 177
Trd, 000295.450, 176
Trd, 000295.533, 170
Trd, 000296.533, 174
Trd, 000296.850, 172
Trd, 000297.733, 176
Trd, 000298.200, 173
Trd, 000298.600, 172
Trd, 000299.000, 174
Trd, 000299.283, 174
Trd, 000299.300, 175
Trd, 000299.550, 174
Trd, 000299.600, 173
