Trd, 000000.917, 141
Trd, 000001.533, 138
Trd, 000001.683, 141
Trd, 000002.717, 151
Trd, 000003.950, 161
Trd, 000004.850, 148
Trd, 000004.933, 152
Trd, 000005.217, 144
Trd, 000006.500, 153
Trd, 000007.267, 153
Trd, 000007.550, 153
Trd, 000007.817, 153
Trd, 000008.100, 152
Trd, 000008.517, 155
Trd, 000008.650, 152
Trd, 000009.433, 151
Trd, 000009.483, 153
Trd, 000010.183, 154
Trd, 000010.683, 163
Trd, 000011.167, 159
Trd, 000011.200, 169
Trd, 000011.733, 160
Trd, 000013.783, 163
Trd, 000014.200, 164
Trd, 000014.267, 163
Trd, 000015.233, 163
Trd, 000015.683, 162
Trd, 000016.133, 162
Trd, 000016.817, 163
Trd, 000017.333, 164
Trd, 000017.400, 161
Trd, 000019.567, 164
Trd, 000020.567, 161
Trd, 000021.367, 163
Trd, 000022.083, 161
Trd, 000022.183, 162
Trd, 000022.550, 160
Trd, 000022.967, 162
Trd, 000023.533, 160
Trd, 000024.317, 161
Trd, 000025.033, 159
Trd, 000025.983, 160
Trd, 000026.167, 157
Trd, 000027.150, 159
Trd, 000027.417, 156
Trd, 000027.650, 160
Trd, 000028.817, 145
Trd, 000028.900, 157
Trd, 000029.500, 145
Trd, 000029.600, 157
Trd, 000030.217, 157
Trd, 000030.750, 159
Trd, 000031.000, 159
Trd, 000031.467, 165
Trd, 000032.717, 169
Trd, 000033.300, 161
Trd, 000033.917, 162
Trd, 000034.950, 161
Trd, 000035.233, 163
Trd, 000035.550, 161
Trd, 000036.033, 161
Trd, 000036.417, 160
Trd, 000036.550, 160
Trd, 000037.517, 160
Trd, 000038.183, 161
Trd, 000038.350, 161
Trd, 000038.433, 160
Trd, 000038.600, 158
Trd, 000038.700, 162
Trd, 000039.233, 162
Trd, 000039.350, 156
Trd, 000040.300, 158
Trd, 000041.767, 157
Trd, 000042.383, 150
Trd, 000042.533, 146
Trd, 000042.917, 151
Trd, 000043.550, 145
Trd, 000043.933, 149
Trd, 000044.533, 138
Trd, 000045.483, 148
Trd, 000045.500, 146
Trd, 000045.667, 149
Trd, 000046.400, 152
Trd, 000046.417, 155
Trd, 000047.500, 156
Trd, 000048.100, 167
Trd, 000048.300, 166
Trd, 000048.433, 163
Trd, 000048.850, 172
Trd, 000048.950, 158
Trd, 000050.917, 160
Trd, 000051.350, 161
Trd, 000051.450, 160
Trd, 000051.800, 162
Trd, 000052.067, 162
Trd, 000053.533, 163
Trd, 000053.883, 159
Trd, 000054.817, 163
Trd, 000055.250, 162
Trd, 000055.950, 161
Trd, 000056.267, 160
Trd, 000057.300, 161
Trd, 000057.933, 162
Trd, 000058.633, 162
Trd, 000058.750, 164
Trd, 000058.783, 161
Trd, 000059.117, 167
Trd, 000060.083, 164
Trd, 000061.883, 163
Trd, 000062.500, 163
Trd, 000063.400, 161
Trd, 000063.417, 160
Trd, 000063.450, 160
Trd, 000063.700, 162
Trd, 000063.767, 163
Trd, 000063.983, 160
Trd, 000065.033, 158
Trd, 000065.883, 149
Trd, 000066.600, 157
Trd, 000068.367, 160
Trd, 000068.733, 162
Trd, 000069.000, 159
Trd, 000069.017, 164
Trd, 000070.650, 162
Trd, 000070.867, 160
Trd, 000072.867, 161
Trd, 000072.933, 159
Trd, 000073.133, 159
Trd, 000073.433, 161
Trd, 000075.533, 163
Trd, 000075.900, 164
Trd, 000076.900, 163
Trd, 000077.483, 162
Trd, 000077.550, 166
Trd, 000079.133, 165
Trd, 000079.317, 165
Trd, 000079.333, 164
Trd, 000079.350, 162
Trd, 000079.750, 166
Trd, 000081.433, 163
Trd, 000081.733, 162
Trd, 000082.700, 163
Trd, 000083.300, 162
Trd, 000083.650, 161
Trd, 000083.717, 163
Trd, 000084.467, 165
Trd, 000085.150, 162
Trd, 000085.500, 161
Trd, 000085.767, 160
Trd, 000085.933, 166
Trd, 000086.383, 166
Trd, 000086.467, 162
Trd, 000087.350, 165
Trd, 000087.517, 165
Trd, 000088.667, 164
Trd, 000088.817, 164
Trd, 000089.167, 166
Trd, 000089.367, 169
Trd, 000090.050, 170
Trd, 000091.717, 170
Trd, 000091.733, 170
Trd, 000092.300, 171
Trd, 000093.333, 171
Trd, 000094.633, 169
Trd, 000094.933, 171
Trd, 000095.267, 170
Trd, 000095.400, 168
Trd, 000095.433, 167
Trd, 000097.517, 171
Trd, 000097.983, 168
Trd, 000098.100, 170
Trd, 000098.267, 170
Trd, 000098.900, 178
Trd, 000099.333, 179
Trd, 000099.400, 169
Trd, 000100.067, 177
Trd, 000100.183, 168
Trd, 000101.717, 173
Trd, 000103.567, 174
Trd, 000103.983, 178
Trd, 000104.283, 175
Trd, 000104.633, 176
Trd, 000104.783, 177
Trd, 000105.900, 174
Trd, 000106.750, 174
Trd, 000107.267, 173
Trd, 000107.283, 171
Trd, 000107.817, 165
Trd, 000107.867, 172
Trd, 000108.217, 152
Trd, 000109.500, 155
Trd, 000109.533, 155
Trd, 000109.917, 155
Trd, 000110.150, 156
Trd, 000110.533, 156
Trd, 000111.200, 157
Trd, 000111.433, 158
Trd, 000112.783, 169
Trd, 000113.083, 172
Trd, 000113.567, 162
Trd, 000115.033, 166
Trd, 000115.133, 172
Trd, 000115.817, 170
Trd, 000117.067, 171
Trd, 000117.367, 168
Trd, 000117.450, 173
Trd, 000117.700, 174
Trd, 000117.767, 179
Trd, 000118.217, 168
Trd, 000119.217, 168
Trd, 000119.667, 174
Trd, 000120.183, 171
Trd, 000121.250, 172
Trd, 000121.367, 171
Trd, 000122.267, 170
Trd, 000123.050, 171
Trd, 000123.517, 172
Trd, 000124.017, 170
Trd, 000124.483, 163
Trd, 000124.833, 170
Trd, 000124.917, 167
Trd, 000126.167, 173
Trd, 000126.767, 168
Trd, 000127.167, 168
Trd, 000127.650, 170
Trd, 000128.133, 169
Trd, 000128.383, 169
Trd, 000128.633, 173
Trd, 000130.633, 171
Trd, 000130.750, 172
Trd, 000131.783, 173
Trd, 000132.067, 177
Trd, 000133.783, 174
Trd, 000133.867, 173
Trd, 000134.650, 174
Trd, 000136.150, 171
Trd, 000136.200, 175
Trd, 000136.400, 171
Trd, 000138.900, 172
Trd, 000139.233, 172
Trd, 000139.300, 173
Trd, 000139.350, 170
Trd, 000139.933, 171
Trd, 000140.317, 171
Trd, 000141.233, 171
Trd, 000141.650, 170
Trd, 000141.850, 169
Trd, 000142.267, 169
Trd, 000142.417, 170
Trd, 000142.733, 168
Trd, 000143.250, 171
Trd, 000144.617, 171
Trd, 000144.933, 169
Trd, 000146.483, 170
Trd, 000146.567, 171
Trd, 000146.700, 172
Trd, 000147.300, 169
Trd, 000147.333, 168
Trd, 000147.550, 167
Trd, 000148.083, 173
Trd, 000151.117, 173
Trd, 000151.633, 172
Trd, 000151.933, 172
Trd, 000152.217, 172
Trd, 000152.933, 171
Trd, 000153.417, 171
Trd, 000153.867, 170
Trd, 000154.133, 172
Trd, 000155.383, 170
Trd, 000155.417, 169
Trd, 000155.783, 156
Trd, 000156.283, 164
Trd, 000157.067, 164
Trd, 000158.183, 165
Trd, 000158.750, 165
Trd, 000159.050, 164
Trd, 000159.267, 167
Trd, 000160.167, 165
Trd, 000160.217, 158
Trd, 000161.517, 166
Trd, 000161.633, 162
Trd, 000162.183, 164
Trd, 000162.800, 163
Trd, 000163.000, 165
Trd, 000163.467, 165
Trd, 000163.850, 167
Trd, 000164.000, 167
Trd, 000164.983, 164
Trd, 000165.867, 169
Trd, 000166.383, 170
Trd, 000167.083, 170
Trd, 000167.200, 172
Trd, 000168.100, 178
Trd, 000169.367, 173
Trd, 000169.383, 174
Trd, 000170.567, 172
Trd, 000172.433, 174
Trd, 000173.150, 172
Trd, 000173.200, 171
Trd, 000173.733, 171
Trd, 000173.950, 170
Trd, 000174.250, 171
Trd, 000174.900, 170
Trd, 000175.167, 171
Trd, 000175.283, 169
Trd, 000175.400, 169
Trd, 000176.033, 174
Trd, 000177.583, 172
Trd, 000177.633, 170
Trd, 000177.867, 170
Trd, 000178.250, 176
Trd, 000179.017, 177
Trd, 000179.333, 177
Trd, 000181.467, 177
Trd, 000181.783, 176
Trd, 000182.133, 174
Trd, 000183.000, 177
Trd, 000183.733, 177
Trd, 000184.183, 178
Trd, 000184.367, 174
Trd, 000185.433, 171
Trd, 000186.367, 175
Trd, 000186.683, 176
Trd, 000187.767, 177
Trd, 000187.917, 177
Trd, 000189.250, 178
Trd, 000189.483, 178
Trd, 000189.833, 178
Trd, 000190.450, 178
Trd, 000190.517, 174
Trd, 000192.783, 179
Trd, 000192.900, 179
Trd, 000192.967, 178
Trd, 000194.333, 179
Trd, 000194.400, 175
Trd, 000194.517, 177
Trd, 000194.800, 181
Trd, 000195.033, 181
Trd, 000195.817, 174
Trd, 000197.017, 176
Trd, 000197.183, 175
Trd, 000198.267, 179
Trd, 000198.917, 178
Trd, 000199.017, 176
Trd, 000199.633, 177
Trd, 000199.767, 176
Trd, 000200.733, 177
Trd, 000201.017, 179
Trd, 000201.950, 178
Trd, 000202.567, 180
Trd, 000203.283, 176
Trd, 000203.733, 179
Trd, 000204.667, 177
Trd, 000205.317, 176
Trd, 000206.167, 179
Trd, 000206.367, 180
Trd, 000206.500, 180
Trd, 000207.017, 179
Trd, 000207.450, 177
Trd, 000208.867, 181
Trd, 000209.483, 178
Trd, 000209.650, 179
Trd, 000209.767, 178
Trd, 000209.867, 176
Trd, 000209.983, 181
Trd, 000211.250, 179
Trd, 000212.900, 181
Trd, 000213.617, 179
Trd, 000213.633, 177
Trd, 000214.233, 177
Trd, 000214.267, 175
Trd, 000214.850, 179
Trd, 000215.633, 179
Trd, 000215.667, 177
Trd, 000216.033, 177
Trd, 000216.383, 178
Trd, 000216.433, 175
Trd, 000216.583, 180
Trd, 000217.667, 177
Trd, 000218.833, 178
Trd, 000219.133, 175
Trd, 000219.883, 176
Trd, 000220.217, 176
Trd, 000220.917, 175
Trd, 000221.183, 175
Trd, 000221.750, 176
Trd, 000222.683, 174
Trd, 000223.317, 175
Trd, 000223.700, 174
Trd, 000224.950, 174
Trd, 000225.833, 176
Trd, 000226.450, 175
Trd, 000226.517, 174
Trd, 000226.700, 174
Trd, 000226.717, 176
Trd, 000226.950, 174
Trd, 000227.717, 174
Trd, 000227.817, 176
Trd, 000228.833, 176
Trd, 000230.200, 176
Trd, 000230.417, 177
Trd, 000230.667, 175
Trd, 000230.717, 176
Trd, 000231.267, 175
Trd, 000231.667, 175
Trd, 000232.200, 185
Trd, 000232.317, 179
Trd, 000233.317, 180
Trd, 000233.983, 181
Trd, 000234.383, 198
Trd, 000235.333, 189
Trd, 000235.733, 184
Trd, 000235.867, 186
Trd, 000236.400, 188
Trd, 000236.700, 188
Trd, 000237.533, 186
Trd, 000237.983, 187
Trd, 000239.000, 185
Trd, 000239.083, 179
Trd, 000239.517, 186
Trd, 000239.850, 182
Trd, 000240.083, 182
Trd, 000240.233, 183
Trd, 000240.333, 182
Trd, 000240.367, 186
Trd, 000240.767, 178
Trd, 000240.850, 187
Trd, 000242.533, 179
Trd, 000242.633, 181
Trd, 000242.883, 184
Trd, 000243.717, 183
Trd, 000244.717, 181
Trd, 000244.883, 180
Trd, 000245.117, 183
Trd, 000246.133, 180
Trd, 000246.483, 179
Trd, 000246.717, 178
Trd, 000247.050, 177
Trd, 000247.300, 176
Trd, 000248.600, 176
Trd, 000248.867, 176
Trd, 000249.450, 175
Trd, 000250.100, 175
Trd, 000250.217, 173
Trd, 000250.333, 176
Trd, 000250.767, 175
Trd, 000250.950, 173
Trd, 000252.133, 175
Trd, 000252.500, 173
Trd, 000252.817, 176
Trd, 000253.350, 176
Trd, 000253.617, 183
Trd, 000253.683, 176
Trd, 000254.850, 179
Trd, 000255.267, 181
Trd, 000255.467, 181
Trd, 000255.833, 181
Trd, 000257.100, 182
Trd, 000257.617, 180
Trd, 000258.100, 179
Trd, 000258.767, 179
Trd, 000259.117, 180
Trd, 000259.600, 180
Trd, 000260.033, 180
Trd, 000260.517, 181
Trd, 000260.600, 179
Trd, 000260.967, 179
Trd, 000261.300, 177
Trd, 000261.367, 177
Trd, 000261.750, 178
Trd, 000261.783, 176
Trd, 000262.667, 175
Trd, 000262.950, 174
Trd, 000263.233, 174
Trd, 000263.633, 175
Trd, 000264.267, 175
Trd, 000264.400, 175
Trd, 000264.800, 175
Trd, 000264.833, 170
Trd, 000264.967, 177
Trd, 000265.500, 182
Trd, 000266.817, 169
Trd, 000267.000, 169
Trd, 000267.383, 168
Trd, 000268.133, 169
Trd, 000268.900, 170
Trd, 000269.200, 168
Trd, 000269.750, 169
Trd, 000270.133, 171
Trd, 000270.617, 178
Trd, 000271.100, 188
Trd, 000271.733, 178
Trd, 000272.433, 179
Trd, 000273.683, 180
Trd, 000273.917, 177
Trd, 000274.117, 178
Trd, 000274.433, 178
Trd, 000274.850, 178
Trd, 000275.967, 180
Trd, 000276.583, 179
Trd, 000276.750, 180
Trd, 000276.817, 179
Trd, 000277.100, 178
Trd, 000277.283, 176
Trd, 000277.367, 179
Trd, 000277.783, 184
Trd, 000279.617, 183
Trd, 000279.683, 184
Trd, 000280.183, 179
Trd, 000280.483, 178
Trd, 000282.250, 184
Trd, 000282.383, 183
Trd, 000282.750, 182
Trd, 000283.100, 183
Trd, 000283.500, 181
Trd, 000284.083, 181
Trd, 000284.450, 179
Trd, 000285.067, 179
Trd, 000285.083, 179
Trd, 000285.867, 180
Trd, 000286.450, 179
Trd, 000286.483, 181
Trd, 000287.733, 182
Trd, 000288.700, 181
Trd, 000288.783, 180
Trd, 000289.200, 182
Trd, 000289.500, 186
Trd, 000289.567, 187
Trd, 000289.783, 180
Trd, 000290.000, 179
Trd, 000290.433, 180
Trd, 000291.133, 183
Trd, 000291.433, 177
Trd, 000291.867, 175
Trd, 000292.267, 176
Trd, 000292.367, 177
Trd, 000293.100, 180
Trd, 000293.283, 176
Trd, 000293.700, 191
Trd, 000294.050, 175
Trd, 000294.700, 174
Trd, 000294.967, 174
Trd, 000295.150, 179
Trd, 000295.983, 179
Trd, 000296.517, 178
Trd, 000296.783, 179
Trd, 000297.150, 180
Trd, 000297.600, 179
Trd, 000297.717, 178
Trd, 000297.967, 180
Trd, 000298.417, 178
Trd, 000299.050, 180
Trd, 000299.800, 182
