Trd, 000001.817, 131
Trd, 000002.583, 120
Trd, 000003.117, 110
Trd, 000003.183, 151
Trd, 000003.483, 144
Trd, 000004.000, 137
Trd, 000004.950, 153
Trd, 000005.000, 154
Trd, 000005.683, 170
Trd, 000005.850, 148
Trd, 000008.033, 160
Trd, 000008.083, 172
Trd, 000008.567, 149
Trd, 000009.717, 172
Trd, 000010.067, 155
Trd, 000010.550, 158
Trd, 000010.683, 164
Trd, 000011.350, 161
Trd, 000012.050, 160
Trd, 000012.617, 161
Trd, 000013.100, 159
Trd, 000014.083, 160
Trd, 000014.950, 159
Trd, 000015.067, 158
Trd, 000015.200, 156
Trd, 000016.150, 161
Trd, 000016.383, 152
Trd, 000017.867, 174
Trd, 000018.783, 157
Trd, 000019.250, 156
Trd, 000019.300, 164
Trd, 000019.917, 158
Trd, 000020.200, 153
Trd, 000020.683, 146
Trd, 000020.867, 163
Trd, 000020.950, 139
Trd, 000022.250, 133
Trd, 000022.450, 138
Trd, 000022.667, 136
Trd, 000023.967, 150
Trd, 000024.283, 152
Trd, 000024.800, 149
Trd, 000025.800, 153
Trd, 000025.983, 153
Trd, 000026.183, 152
Trd, 000027.617, 154
Trd, 000027.800, 154
Trd, 000028.367, 148
Trd, 000028.417, 147
Trd, 000028.983, 156
Trd, 000029.433, 173
Trd, 000029.717, 174
Trd, 000030.000, 173
Trd, 000031.817, 167
Trd, 000032.367, 165
Trd, 000032.900, 161
Trd, 000033.250, 169
Trd, 000033.533, 161
Trd, 000034.017, 167
Trd, 000035.050, 164
Trd, 000036.233, 163
Trd, 000037.500, 155
Trd, 000037.767, 166
Trd, 000037.833, 161
Trd, 000038.717, 168
Trd, 000039.133, 169
Trd, 000039.183, 159
Trd, 000039.417, 152
Trd, 000039.783, 156
Trd, 000040.383, 166
Trd, 000042.267, 170
Trd, 000042.433, 166
Trd, 000042.550, 172
Trd, 000042.700, 176
Trd, 000043.133, 165
Trd, 000043.583, 165
Trd, 000043.917, 164
Trd, 000044.350, 164
Trd, 000045.383, 155
Trd, 000045.433, 163
Trd, 000045.517, 164
Trd, 000046.183, 163
Trd, 000047.333, 159
Trd, 000047.650, 154
Trd, 000048.667, 156
Trd, 000048.850, 156
Trd, 000049.250, 155
Trd, 000049.533, 156
Trd, 000049.867, 156
Trd, 000050.100, 157
Trd, 000050.283, 158
Trd, 000050.850, 155
Trd, 000050.917, 153
Trd, 000051.267, 142
Trd, 000051.367, 175
Trd, 000051.433, 177
Trd, 000051.500, 132
Trd, 000052.850, 180
Trd, 000053.067, 174
Trd, 000055.217, 169
Trd, 000055.817, 168
Trd, 000055.950, 156
Trd, 000056.850, 153
Trd, 000057.033, 158
Trd, 000057.317, 164
Trd, 000057.983, 157
Trd, 000058.900, 154
Trd, 000059.500, 155
Trd, 000059.850, 175
Trd, 000060.667, 164
Trd, 000061.100, 157
Trd, 000062.083, 144
Trd, 000062.750, 153
Trd, 000062.950, 155
Trd, 000063.350, 157
Trd, 000063.450, 158
Trd, 000063.550, 154
Trd, 000063.950, 153
Trd, 000063.983, 143
Trd, 000064.150, 139
Trd, 000064.483, 159
Trd, 000066.200, 148
Trd, 000067.083, 152
Trd, 000067.150, 150
Trd, 000067.983, 157
Trd, 000068.533, 155
Trd, 000068.683, 155
Trd, 000068.800, 157
Trd, 000069.750, 157
Trd, 000070.283, 157
Trd, 000070.300, 158
Trd, 000070.650, 173
Trd, 000071.833, 174
Trd, 000072.083, 156
Trd, 000073.083, 175
Trd, 000073.917, 165
Trd, 000074.867, 165
Trd, 000075.000, 164
Trd, 000076.250, 165
Trd, 000076.367, 163
Trd, 000077.483, 164
Trd, 000077.667, 167
Trd, 000078.283, 165
Trd, 000078.583, 169
Trd, 000079.117, 164
Trd, 000079.233, 164
Trd, 000080.617, 163
Trd, 000081.783, 166
Trd, 000083.183, 159
Trd, 000083.267, 160
Trd, 000083.417, 157
Trd, 000083.817, 161
Trd, 000083.883, 177
Trd, 000084.350, 176
Trd, 000084.383, 173
Trd, 000085.450, 161
Trd, 000086.033, 169
Trd, 000086.133, 159
Trd, 000086.400, 161
Trd, 000086.967, 167
Trd, 000087.017, 160
Trd, 000087.550, 156
Trd, 000088.267, 166
Trd, 000089.317, 160
Trd, 000090.600, 163
Trd, 000090.683, 162
Trd, 000091.183, 161
Trd, 000092.017, 162
Trd, 000092.083, 160
Trd, 000092.517, 158
Trd, 000093.483, 161
Trd, 000095.367, 160
Trd, 000095.583, 158
Trd, 000095.683, 164
Trd, 000096.083, 158
Trd, 000096.650, 157
Trd, 000097.333, 161
Trd, 000097.383, 153
Trd, 000098.267, 163
Trd, 000099.250, 158
Trd, 000100.217, 159
Trd, 000100.733, 160
Trd, 000100.817, 161
Trd, 000101.233, 158
Trd, 000101.683, 158
Trd, 000101.850, 159
Trd, 000102.083, 179
Trd, 000102.717, 166
Trd, 000103.383, 172
Trd, 000104.333, 171
Trd, 000104.850, 171
Trd, 000105.050, 175
Trd, 000105.267, 177
Trd, 000105.433, 169
Trd, 000106.750, 170
Trd, 000108.200, 170
Trd, 000109.167, 170
Trd, 000109.433, 174
Trd, 000109.850, 172
Trd, 000110.500, 174
Trd, 000110.583, 169
Trd, 000111.050, 166
Trd, 000111.333, 162
Trd, 000112.117, 155
Trd, 000112.750, 170
Trd, 000113.217, 163
Trd, 000113.300, 162
Trd, 000114.083, 159
Trd, 000114.617, 162
Trd, 000115.683, 162
Trd, 000116.783, 159
Trd, 000117.067, 179
Trd, 000117.233, 158
Trd, 000117.967, 164
Trd, 000117.983, 168
Trd, 000118.233, 169
Trd, 000118.283, 155
Trd, 000119.300, 163
Trd, 000119.567, 171
Trd, 000120.650, 164
Trd, 000121.417, 169
Trd, 000121.717, 163
Trd, 000121.783, 163
Trd, 000123.067, 163
Trd, 000123.450, 160
Trd, 000123.467, 164
Trd, 000124.233, 164
Trd, 000125.483, 161
Trd, 000125.867, 163
Trd, 000125.900, 160
Trd, 000126.450, 161
Trd, 000126.600, 164
Trd, 000126.983, 165
Trd, 000127.450, 179
Trd, 000128.150, 168
Trd, 000128.667, 168
Trd, 000129.200, 164
Trd, 000130.617, 169
Trd, 000130.700, 167
Trd, 000131.583, 168
Trd, 000132.183, 167
Trd, 000132.783, 164
Trd, 000133.350, 167
Trd, 000133.533, 166
Trd, 000133.767, 174
Trd, 000134.400, 180
Trd, 000134.767, 165
Trd, 000135.017, 182
Trd, 000135.483, 167
Trd, 000135.583, 165
Trd, 000135.950, 171
Trd, 000136.317, 164
Trd, 000136.350, 180
Trd, 000137.383, 184
Trd, 000137.500, 168
Trd, 000137.900, 166
Trd, 000138.400, 167
Trd, 000138.783, 162
Trd, 000139.967, 165
Trd, 000140.717, 165
Trd, 000141.383, 165
Trd, 000141.400, 168
Trd, 000141.850, 167
Trd, 000142.783, 166
Trd, 000143.400, 165
Trd, 000143.467, 162
Trd, 000144.433, 164
Trd, 000144.633, 164
Trd, 000145.183, 164
Trd, 000145.267, 166
Trd, 000145.617, 163
Trd, 000146.617, 166
Trd, 000146.800, 164
Trd, 000147.367, 167
Trd, 000147.750, 166
Trd, 000148.133, 168
Trd, 000148.233, 166
Trd, 000148.383, 168
Trd, 000148.900, 169
Trd, 000149.633, 172
Trd, 000150.150, 172
Trd, 000150.633, 166
Trd, 000151.300, 168
Trd, 000152.733, 166
Trd, 000152.767, 171
Trd, 000152.800, 170
Trd, 000153.333, 167
Trd, 000153.867, 166
Trd, 000154.567, 185
Trd, 000155.183, 186
Trd, 000155.733, 183
Trd, 000155.800, 173
Trd, 000156.617, 171
Trd, 000156.633, 171
Trd, 000157.017, 163
Trd, 000158.667, 169
Trd, 000160.133, 171
Trd, 000160.283, 170
Trd, 000160.400, 171
Trd, 000161.000, 170
Trd, 000161.133, 177
Trd, 000161.783, 167
Trd, 000162.300, 169
Trd, 000163.283, 167
Trd, 000163.700, 170
Trd, 000163.717, 171
Trd, 000163.933, 161
Trd, 000164.283, 172
Trd, 000164.517, 161
Trd, 000164.600, 160
Trd, 000164.850, 172
Trd, 000165.317, 167
Trd, 000166.650, 171
Trd, 000167.050, 164
Trd, 000167.267, 186
Trd, 000168.050, 189
Trd, 000168.267, 164
Trd, 000168.667, 165
Trd, 000169.183, 180
Trd, 000169.333, 189
Trd, 000169.983, 179
Trd, 000170.600, 174
Trd, 000170.700, 178
Trd, 000171.033, 180
Trd, 000172.750, 178
Trd, 000172.817, 168
Trd, 000173.317, 162
Trd, 000173.333, 161
Trd, 000174.550, 154
Trd, 000174.833, 165
Trd, 000175.300, 157
Trd, 000175.717, 157
Trd, 000175.783, 164
Trd, 000175.967, 165
Trd, 000176.600, 188
Trd, 000176.717, 173
Trd, 000177.000, 165
Trd, 000177.700, 181
Trd, 000178.317, 177
Trd, 000178.333, 187
Trd, 000180.150, 179
Trd, 000180.167, 178
Trd, 000180.217, 177
Trd, 000180.233, 180
Trd, 000181.067, 177
Trd, 000181.533, 174
Trd, 000181.867, 174
Trd, 000183.067, 169
Trd, 000183.150, 180
Trd, 000183.200, 167
Trd, 000184.550, 167
Trd, 000184.800, 166
Trd, 000186.017, 176
Trd, 000186.783, 173
Trd, 000186.850, 176
Trd, 000187.717, 175
Trd, 000188.517, 172
Trd, 000189.533, 173
Trd, 000190.817, 169
Trd, 000191.100, 167
Trd, 000191.367, 169
Trd, 000191.700, 169
Trd, 000191.950, 167
Trd, 000192.250, 170
Trd, 000192.283, 164
Trd, 000192.433, 170
Trd, 000192.867, 164
Trd, 000193.483, 172
Trd, 000194.033, 172
Trd, 000194.150, 169
Trd, 000196.017, 172
Trd, 000196.217, 173
Trd, 000196.883, 186
Trd, 000198.633, 184
Trd, 000198.983, 170
Trd, 000199.100, 168
Trd, 000200.600, 173
Trd, 000200.667, 169
Trd, 000200.883, 168
Trd, 000201.417, 173
Trd, 000201.800, 173
Trd, 000202.183, 188
Trd, 000203.017, 171
Trd, 000204.083, 175
Trd, 000204.333, 172
Trd, 000205.967, 171
Trd, 000206.000, 170
Trd, 000206.700, 172
Trd, 000206.983, 174
Trd, 000207.483, 174
Trd, 000207.967, 172
Trd, 000208.133, 171
Trd, 000208.633, 175
Trd, 000209.133, 172
Trd, 000209.717, 171
Trd, 000210.233, 169
Trd, 000210.783, 167
Trd, 000211.717, 165
Trd, 000211.967, 172
Trd, 000214.100, 170
Trd, 000214.500, 169
Trd, 000214.583, 169
Trd, 000214.683, 165
Trd, 000215.100, 172
Trd, 000215.267, 165
Trd, 000215.500, 163
Trd, 000216.550, 172
Trd, 000217.150, 167
Trd, 000217.500, 173
Trd, 000218.600, 171
Trd, 000218.650, 175
Trd, 000219.400, 173
Trd, 000220.233, 170
Trd, 000220.250, 169
Trd, 000220.267, 174
Trd, 000220.900, 174
Trd, 000221.083, 201
Trd, 000222.033, 173
Trd, 000222.400, 172
Trd, 000222.433, 171
Trd, 000222.667, 170
Trd, 000222.800, 192
Trd, 000224.233, 171
Trd, 000224.517, 181
Trd, 000224.950, 171
Trd, 000226.650, 177
Trd, 000227.233, 175
Trd, 000227.383, 178
Trd, 000227.467, 179
Trd, 000227.617, 174
Trd, 000227.650, 181
Trd, 000227.783, 171
Trd, 000227.900, 166
Trd, 000228.783, 174
Trd, 000229.767, 177
Trd, 000230.750, 174
Trd, 000230.817, 174
Trd, 000234.450, 176
Trd, 000235.350, 175
Trd, 000235.400, 173
Trd, 000235.583, 172
Trd, 000235.767, 171
Trd, 000236.200, 175
Trd, 000236.317, 174
Trd, 000236.550, 171
Trd, 000237.550, 172
Trd, 000237.850, 175
Trd, 000238.167, 175
Trd, 000238.667, 172
Trd, 000239.267, 175
Trd, 000239.633, 179
Trd, 000239.933, 181
Trd, 000240.133, 191
Trd, 000240.217, 170
Trd, 000240.400, 168
Trd, 000242.683, 177
Trd, 000243.050, 172
Trd, 000243.217, 170
Trd, 000243.367, 175
Trd, 000243.717, 175
Trd, 000243.850, 176
Trd, 000244.267, 177
Trd, 000244.500, 174
Trd, 000245.600, 172
Trd, 000245.767, 172
Trd, 000245.950, 176
Trd, 000246.050, 177
Trd, 000246.117, 175
Trd, 000246.783, 173
Trd, 000247.167, 179
Trd, 000247.517, 189
Trd, 000247.800, 180
Trd, 000247.933, 177
Trd, 000248.483, 173
Trd, 000249.000, 186
Trd, 000249.683, 179
Trd, 000250.300, 178
Trd, 000251.050, 177
Trd, 000251.650, 179
Trd, 000251.817, 178
Trd, 000252.267, 180
Trd, 000252.417, 176
Trd, 000252.433, 175
Trd, 000252.917, 179
Trd, 000253.017, 177
Trd, 000254.267, 175
Trd, 000254.850, 181
Trd, 000254.867, 183
Trd, 000255.300, 178
Trd, 000255.417, 178
Trd, 000255.733, 176
Trd, 000257.000, 177
Trd, 000257.200, 176
Trd, 000257.483, 176
Trd, 000258.483, 175
Trd, 000258.767, 174
Trd, 000259.033, 173
Trd, 000259.300, 170
Trd, 000259.533, 172
Trd, 000259.750, 175
Trd, 000259.933, 167
Trd, 000260.733, 174
Trd, 000261.767, 174
Trd, 000261.900, 175
Trd, 000262.033, 175
Trd, 000262.250, 173
Trd, 000263.233, 177
Trd, 000264.183, 177
Trd, 000264.850, 181
Trd, 000265.083, 184
Trd, 000265.283, 193
Trd, 000265.617, 184
Trd, 000266.267, 187
Trd, 000266.450, 185
Trd, 000267.000, 186
Trd, 000267.183, 183
Trd, 000267.233, 186
Trd, 000267.450, 174
Trd, 000267.467, 174
Trd, 000267.667, 183
Trd, 000268.517, 185
Trd, 000268.933, 176
Trd, 000269.600, 183
Trd, 000269.767, 195
Trd, 000269.950, 180
Trd, 000271.333, 181
Trd, 000271.633, 180
Trd, 000272.333, 180
Trd, 000272.383, 178
Trd, 000273.167, 181
Trd, 000273.533, 178
Trd, 000275.450, 180
Trd, 000275.850, 176
Trd, 000276.267, 178
Trd, 000276.317, 175
Trd, 000276.417, 172
Trd, 000276.433, 178
Trd, 000277.100, 180
Trd, 000277.383, 182
Trd, 000278.033, 196
Trd, 000278.367, 200
Trd, 000278.583, 194
Trd, 000278.850, 200
Trd, 000278.983, 207
Trd, 000279.200, 193
Trd, 000279.450, 184
Trd, 000279.817, 196
Trd, 000280.333, 187
Trd, 000280.567, 179
Trd, 000280.667, 176
Trd, 000281.117, 179
Trd, 000281.217, 178
Trd, 000281.517, 163
Trd, 000281.950, 175
Trd, 000282.633, 175
Trd, 000282.733, 176
Trd, 000282.800, 166
Trd, 000283.683, 176
Trd, 000283.900, 173
Trd, 000283.917, 179
Trd, 000284.450, 173
Trd, 000284.550, 172
Trd, 000284.567, 183
Trd, 000284.950, 174
Trd, 000285.700, 175
Trd, 000285.867, 170
Trd, 000286.350, 172
Trd, 000286.450, 171
Trd, 000287.350, 170
Trd, 000287.433, 166
Trd, 000288.117, 170
Trd, 000288.333, 173
Trd, 000288.450, 177
Trd, 000288.917, 169
Trd, 000289.200, 177
Trd, 000290.300, 169
Trd, 000290.367, 173
Trd, 000290.500, 174
Trd, 000290.967, 168
Trd, 000291.900, 170
Trd, 000291.983, 174
Trd, 000292.383, 177
Trd, 000293.517, 176
Trd, 000293.617, 169
Trd, 000293.683, 177
Trd, 000294.183, 174
Trd, 000294.767, 176
Trd, 000295.117, 173
Trd, 000295.233, 177
Trd, 000295.500, 174
Trd, 000295.717, 180
Trd, 000296.000, 184
Trd, 000296.033, 174
Trd, 000296.900, 185
Trd, 000297.683, 178
Trd, 000297.967, 183
Trd, 000298.217, 197
Trd, 000298.250, 202
Trd, 000298.917, 185
Trd, 000299.767, 205
Trd, 000299.900, 192
