Trd, 000000.867, 158
Trd, 000001.667, 130
Trd, 000002.733, 134
Trd, 000003.100, 137
Trd, 000004.050, 138
Trd, 000004.067, 144
Trd, 000004.300, 136
Trd, 000004.600, 148
Trd, 000005.500, 150
Trd, 000006.317, 141
Trd, 000006.500, 152
Trd, 000006.850, 141
Trd, 000007.050, 142
Trd, 000008.067, 145
Trd, 000008.567, 151
Trd, 000009.867, 159
Trd, 000011.867, 154
Trd, 000011.883, 153
Trd, 000012.017, 152
Trd, 000012.383, 156
Trd, 000013.850, 160
Trd, 000014.050, 159
Trd, 000014.750, 159
Trd, 000014.917, 161
Trd, 000015.717, 154
Trd, 000016.217, 153
Trd, 000016.800, 155
Trd, 000016.850, 153
Trd, 000017.383, 152
Trd, 000017.883, 153
Trd, 000018.933, 146
Trd, 000019.200, 153
Trd, 000019.233, 156
Trd, 000020.017, 149
Trd, 000021.500, 147
Trd, 000022.050, 147
Trd, 000022.450, 148
Trd, 000022.550, 140
Trd, 000022.717, 150
Trd, 000024.067, 150
Trd, 000024.133, 152
Trd, 000024.383, 153
Trd, 000026.400, 142
Trd, 000026.517, 150
Trd, 000027.333, 151
Trd, 000027.667, 152
Trd, 000028.200, 148
Trd, 000028.483, 146
Trd, 000029.067, 146
Trd, 000029.400, 146
Trd, 000029.950, 145
Trd, 000031.033, 146
Trd, 000031.250, 147
Trd, 000031.550, 151
Trd, 000031.817, 154
Trd, 000032.050, 145
Trd, 000032.117, 144
Trd, 000034.633, 147
Trd, 000034.667, 149
Trd, 000036.100, 148
Trd, 000036.733, 147
Trd, 000037.267, 146
Trd, 000037.417, 140
Trd, 000038.033, 146
Trd, 000038.250, 147
Trd, 000038.667, 148
Trd, 000038.817, 150
Trd, 000039.117, 152
Trd, 000040.267, 155
Trd, 000040.917, 152
Trd, 000041.000, 160
Trd, 000041.367, 151
Trd, 000042.150, 149
Trd, 000042.233, 155
Trd, 000042.950, 157
Trd, 000045.083, 153
Trd, 000045.333, 153
Trd, 000046.600, 153
Trd, 000047.317, 154
Trd, 000047.633, 156
Trd, 000048.517, 160
Trd, 000048.533, 157
Trd, 000048.867, 157
Trd, 000049.633, 156
Trd, 000050.533, 156
Trd, 000051.033, 159
Trd, 000051.417, 161
Trd, 000052.283, 162
Trd, 000053.100, 163
Trd, 000053.300, 162
Trd, 000053.750, 167
Trd, 000054.033, 160
Trd, 000054.167, 156
Trd, 000054.800, 141
Trd, 000054.950, 152
Trd, 000055.750, 149
Trd, 000056.767, 162
Trd, 000057.167, 143
Trd, 000057.433, 150
Trd, 000058.717, 146
Trd, 000059.317, 148
Trd, 000059.367, 154
Trd, 000059.400, 147
Trd, 000059.833, 170
Trd, 000061.800, 153
Trd, 000063.400, 152
Trd, 000063.883, 153
Trd, 000064.050, 152
Trd, 000064.233, 154
Trd, 000064.583, 157
Trd, 000065.050, 152
Trd, 000065.167, 151
Trd, 000065.483, 157
Trd, 000065.833, 161
Trd, 000066.167, 164
Trd, 000066.783, 155
Trd, 000067.933, 145
Trd, 000068.067, 151
Trd, 000068.217, 152
Trd, 000068.383, 156
Trd, 000069.183, 155
Trd, 000070.350, 156
Trd, 000070.517, 163
Trd, 000070.733, 158
Trd, 000070.900, 156
Trd, 000071.733, 155
Trd, 000072.133, 159
Trd, 000072.467, 158
Trd, 000072.750, 156
Trd, 000073.483, 165
Trd, 000074.383, 156
Trd, 000074.750, 160
Trd, 000075.567, 158
Trd, 000076.500, 159
Trd, 000076.800, 157
Trd, 000077.000, 162
Trd, 000077.267, 155
Trd, 000079.133, 159
Trd, 000079.317, 162
Trd, 000080.867, 159
Trd, 000081.200, 159
Trd, 000081.283, 158
Trd, 000081.600, 160
Trd, 000081.700, 163
Trd, 000082.000, 157
Trd, 000082.717, 161
Trd, 000082.783, 166
Trd, 000082.933, 157
Trd, 000084.117, 158
Trd, 000084.167, 160
Trd, 000084.300, 157
Trd, 000084.767, 163
Trd, 000084.967, 164
Trd, 000086.417, 166
Trd, 000086.983, 166
Trd, 000087.850, 171
Trd, 000088.567, 165
Trd, 000089.167, 166
Trd, 000089.717, 165
Trd, 000090.000, 164
Trd, 000090.900, 160
Trd, 000090.917, 158
Trd, 000091.967, 160
Trd, 000092.433, 163
Trd, 000093.617, 161
Trd, 000093.750, 160
Trd, 000094.267, 160
Trd, 000095.100, 160
Trd, 000095.950, 160
Trd, 000096.350, 161
Trd, 000096.417, 160
Trd, 000096.433, 162
Trd, 000096.867, 161
Trd, 000096.900, 160
Trd, 000097.500, 163
Trd, 000097.767, 154
Trd, 000098.550, 152
Trd, 000098.950, 155
Trd, 000099.000, 156
Trd, 000100.083, 164
Trd, 000101.350, 159
Trd, 000101.933, 161
Trd, 000102.417, 160
Trd, 000102.533, 161
Trd, 000103.167, 161
Trd, 000103.517, 161
Trd, 000104.200, 167
Trd, 000105.667, 166
Trd, 000106.033, 165
Trd, 000106.167, 163
Trd, 000107.400, 166
Trd, 000107.417, 165
Trd, 000107.467, 164
Trd, 000108.317, 163
Trd, 000108.400, 162
Trd, 000108.917, 164
Trd, 000109.683, 163
Trd, 000109.950, 162
Trd, 000110.033, 161
Trd, 000110.500, 164
Trd, 000111.400, 160
Trd, 000112.717, 162
Trd, 000112.800, 161
Trd, 000113.150, 163
Trd, 000113.167, 162
Trd, 000114.967, 159
Trd, 000115.717, 159
Trd, 000116.417, 161
Trd, 000116.483, 162
Trd, 000116.983, 163
Trd, 000117.133, 166
Trd, 000117.983, 163
Trd, 000118.133, 161
Trd, 000118.600, 167
Trd, 000119.867, 162
Trd, 000120.833, 161
Trd, 000121.317, 148
Trd, 000121.767, 159
Trd, 000121.883, 161
Trd, 000122.883, 160
Trd, 000123.817, 162
Trd, 000124.350, 160
Trd, 000124.567, 162
Trd, 000124.600, 163
Trd, 000124.783, 161
Trd, 000125.967, 164
Trd, 000126.233, 158
Trd, 000126.317, 161
Trd, 000126.467, 155
Trd, 000127.667, 160
Trd, 000128.233, 161
Trd, 000128.717, 162
Trd, 000129.000, 161
Trd, 000129.683, 167
Trd, 000129.867, 167
Trd, 000130.217, 168
Trd, 000131.050, 149
Trd, 000132.400, 148
Trd, 000132.467, 164
Trd, 000132.533, 169
Trd, 000133.100, 164
Trd, 000133.283, 169
Trd, 000134.117, 165
Trd, 000134.517, 164
Trd, 000135.083, 163
Trd, 000135.817, 167
Trd, 000136.800, 168
Trd, 000137.833, 165
Trd, 000138.300, 165
Trd, 000138.517, 164
Trd, 000140.033, 165
Trd, 000141.583, 163
Trd, 000142.400, 155
Trd, 000142.833, 157
Trd, 000142.950, 153
Trd, 000144.183, 156
Trd, 000144.367, 158
Trd, 000144.683, 161
Trd, 000145.283, 159
Trd, 000146.150, 161
Trd, 000146.850, 164
Trd, 000146.950, 165
Trd, 000147.117, 170
Trd, 000148.450, 164
Trd, 000149.300, 164
Trd, 000149.533, 166
Trd, 000149.550, 168
Trd, 000151.183, 167
Trd, 000151.283, 166
Trd, 000151.500, 165
Trd, 000152.050, 166
Trd, 000153.467, 164
Trd, 000153.483, 165
Trd, 000154.233, 164
Trd, 000155.050, 163
Trd, 000155.233, 153
Trd, 000155.683, 159
Trd, 000156.583, 164
Trd, 000157.267, 153
Trd, 000157.517, 166
Trd, 000157.900, 166
Trd, 000158.317, 173
Trd, 000158.350, 153
Trd, 000159.733, 158
Trd, 000159.850, 160
Trd, 000160.100, 166
Trd, 000160.233, 155
Trd, 000161.733, 165
Trd, 000161.817, 166
Trd, 000162.717, 165
Trd, 000163.650, 167
Trd, 000164.133, 172
Trd, 000164.200, 165
Trd, 000165.000, 172
Trd, 000165.233, 174
Trd, 000166.100, 161
Trd, 000167.000, 168
Trd, 000167.983, 165
Trd, 000168.133, 164
Trd, 000168.217, 164
Trd, 000168.633, 162
Trd, 000168.867, 158
Trd, 000169.450, 161
Trd, 000170.133, 165
Trd, 000171.300, 168
Trd, 000171.733, 170
Trd, 000172.717, 171
Trd, 000174.717, 175
Trd, 000175.283, 172
Trd, 000175.567, 169
Trd, 000175.733, 169
Trd, 000176.667, 171
Trd, 000176.833, 169
Trd, 000177.083, 168
Trd, 000178.333, 171
Trd, 000178.667, 171
Trd, 000179.133, 173
Trd, 000179.300, 170
Trd, 000179.883, 169
Trd, 000180.517, 169
Trd, 000180.767, 171
Trd, 000181.033, 172
Trd, 000181.383, 169
Trd, 000181.533, 173
Trd, 000182.283, 170
Trd, 000182.533, 169
Trd, 000182.800, 171
Trd, 000183.167, 173
Trd, 000183.367, 162
Trd, 000184.217, 167
Trd, 000185.483, 155
Trd, 000186.267, 175
Trd, 000186.383, 147
Trd, 000187.450, 167
Trd, 000187.667, 170
Trd, 000188.683, 157
Trd, 000188.817, 169
Trd, 000189.200, 169
Trd, 000189.783, 169
Trd, 000191.300, 166
Trd, 000191.367, 165
Trd, 000191.400, 170
Trd, 000191.650, 166
Trd, 000193.083, 166
Trd, 000193.600, 155
Trd, 000193.750, 175
Trd, 000195.533, 167
Trd, 000195.583, 168
Trd, 000196.150, 167
Trd, 000196.267, 168
Trd, 000196.383, 170
Trd, 000196.550, 166
Trd, 000196.850, 175
Trd, 000197.417, 168
Trd, 000197.833, 166
Trd, 000198.833, 142
Trd, 000198.967, 176
Trd, 000199.567, 178
Trd, 000199.700, 179
Trd, 000201.533, 164
Trd, 000201.867, 165
Trd, 000202.383, 163
Trd, 000203.383, 168
Trd, 000204.583, 166
Trd, 000204.683, 157
Trd, 000204.983, 165
Trd, 000205.700, 163
Trd, 000205.867, 164
Trd, 000207.850, 169
Trd, 000208.067, 160
Trd, 000208.800, 161
Trd, 000208.917, 169
Trd, 000210.417, 164
Trd, 000210.433, 165
Trd, 000210.633, 165
Trd, 000211.550, 169
Trd, 000211.850, 164
Trd, 000213.050, 170
Trd, 000213.067, 163
Trd, 000213.150, 169
Trd, 000213.367, 171
Trd, 000213.400, 172
Trd, 000215.550, 168
Trd, 000215.833, 170
Trd, 000216.750, 170
Trd, 000216.783, 180
Trd, 000216.883, 183
Trd, 000218.200, 178
Trd, 000218.550, 178
Trd, 000218.700, 178
Trd, 000219.450, 175
Trd, 000220.050, 173
Trd, 000220.167, 172
Trd, 000220.483, 172
Trd, 000221.183, 178
Trd, 000221.300, 180
Trd, 000222.783, 175
Trd, 000223.283, 175
Trd, 000223.383, 179
Trd, 000223.917, 160
Trd, 000225.683, 167
Trd, 000226.050, 168
Trd, 000226.067, 167
Trd, 000227.083, 169
Trd, 000227.867, 169
Trd, 000227.983, 166
Trd, 000229.433, 168
Trd, 000230.250, 169
Trd, 000230.767, 173
Trd, 000230.917, 169
Trd, 000231.667, 173
Trd, 000231.700, 170
Trd, 000233.217, 168
Trd, 000234.100, 170
Trd, 000234.450, 171
Trd, 000234.717, 172
Trd, 000234.950, 170
Trd, 000236.317, 173
Trd, 000236.367, 169
Trd, 000237.133, 170
Trd, 000239.233, 165
Trd, 000239.567, 165
Trd, 000239.583, 167
Trd, 000240.467, 164
Trd, 000240.600, 166
Trd, 000240.783, 168
Trd, 000242.100, 173
Trd, 000242.300, 174
Trd, 000242.500, 174
Trd, 000242.733, 173
Trd, 000243.000, 169
Trd, 000243.117, 168
Trd, 000243.433, 171
Trd, 000243.817, 172
Trd, 000244.500, 163
Trd, 000245.083, 168
Trd, 000245.467, 167
Trd, 000245.783, 170
Trd, 000246.117, 171
Trd, 000246.683, 179
Trd, 000247.450, 175
Trd, 000247.950, 176
Trd, 000249.133, 179
Trd, 000249.233, 180
Trd, 000249.717, 175
Trd, 000251.083, 178
Trd, 000251.183, 172
Trd, 000251.450, 177
Trd, 000251.650, 177
Trd, 000252.083, 176
Trd, 000252.500, 163
Trd, 000253.333, 165
Trd, 000253.667, 161
Trd, 000253.883, 164
Trd, 000254.183, 163
Trd, 000254.483, 162
Trd, 000255.133, 164
Trd, 000255.317, 164
Trd, 000256.100, 173
Trd, 000256.300, 164
Trd, 000256.383, 175
Trd, 000256.633, 172
Trd, 000257.067, 169
Trd, 000257.533, 169
Trd, 000257.650, 166
Trd, 000259.117, 168
Trd, 000259.183, 167
Trd, 000259.517, 170
Trd, 000259.700, 166
Trd, 000260.183, 172
Trd, 000260.350, 174
Trd, 000260.500, 177
Trd, 000260.950, 180
Trd, 000262.067, 172
Trd, 000262.083, 173
Trd, 000262.683, 175
Trd, 000263.367, 169
Trd, 000263.850, 169
Trd, 000264.817, 166
Trd, 000265.000, 170
Trd, 000265.867, 171
Trd, 000266.033, 172
Trd, 000266.167, 174
Trd, 000266.600, 175
Trd, 000266.800, 174
Trd, 000267.033, 176
Trd, 000267.133, 174
Trd, 000268.067, 174
Trd, 000268.167, 174
Trd, 000268.550, 175
Trd, 000269.433, 169
Trd, 000269.567, 174
Trd, 000270.083, 174
Trd, 000270.150, 175
Trd, 000270.517, 173
Trd, 000270.717, 172
Trd, 000270.933, 172
Trd, 000271.200, 178
Trd, 000272.633, 173
Trd, 000272.783, 171
Trd, 000272.950, 180
Trd, 000273.483, 170
Trd, 000273.700, 171
Trd, 000274.667, 177
Trd, 000274.783, 173
Trd, 000275.150, 176
Trd, 000275.250, 178
Trd, 000275.333, 175
Trd, 000275.467, 182
Trd, 000275.900, 181
Trd, 000276.683, 177
Trd, 000276.850, 183
Trd, 000277.117, 185
Trd, 000277.517, 170
Trd, 000278.533, 180
Trd, 000278.550, 177
Trd, 000279.550, 163
Trd, 000279.783, 165
Trd, 000280.133, 152
Trd, 000280.500, 164
Trd, 000280.617, 184
Trd, 000281.067, 186
Trd, 000281.700, 167
Trd, 000282.283, 171
Trd, 000282.633, 171
Trd, 000282.850, 172
Trd, 000282.883, 176
Trd, 000283.417, 176
Trd, 000284.000, 178
Trd, 000284.783, 176
Trd, 000285.200, 164
Trd, 000285.600, 167
Trd, 000285.817, 165
Trd, 000286.500, 165
Trd, 000286.817, 165
Trd, 000286.867, 167
Trd, 000287.283, 179
Trd, 000287.617, 178
Trd, 000287.817, 183
Trd, 000288.283, 187
Trd, 000288.367, 188
Trd, 000288.517, 192
Trd, 000289.200, 186
Trd, 000289.217, 180
Trd, 000290.317, 187
Trd, 000290.350, 190
Trd, 000290.417, 186
Trd, 000291.333, 183
Trd, 000291.517, 191
Trd, 000291.633, 190
Trd, 000292.400, 187
Trd, 000292.533, 165
Trd, 000292.567, 193
Trd, 000292.783, 173
Trd, 000292.867, 179
Trd, 000293.183, 166
Trd, 000293.217, 176
Trd, 000293.333, 178
Trd, 000294.367, 167
Trd, 000294.850, 176
Trd, 000295.200, 176
Trd, 000296.433, 175
Trd, 000296.817, 167
Trd, 000297.450, 175
Trd, 000297.667, 174
Trd, 000297.900, 176
Trd, 000297.917, 163
Trd, 000298.317, 166
Trd, 000299.000, 170
Trd, 000299.500, 170
Trd, 000299.683, 174
