Trd, 000002.033, 193
Trd, 000002.117, 182
Trd, 000003.650, 179
Trd, 000003.700, 188
Trd, 000004.167, 159
Trd, 000004.283, 163
Trd, 000004.517, 155
Trd, 000007.050, 168
Trd, 000007.117, 168
Trd, 000007.767, 168
Trd, 000009.400, 164
Trd, 000009.567, 163
Trd, 000009.583, 156
Trd, 000009.717, 166
Trd, 000010.867, 157
Trd, 000011.083, 162
Trd, 000011.250, 162
Trd, 000011.450, 158
Trd, 000011.867, 157
Trd, 000012.833, 157
Trd, 000013.133, 158
Trd, 000013.300, 160
Trd, 000013.750, 160
Trd, 000014.250, 152
Trd, 000015.133, 152
Trd, 000015.683, 156
Trd, 000015.850, 166
Trd, 000017.083, 161
Trd, 000018.067, 160
Trd, 000018.217, 159
Trd, 000018.517, 159
Trd, 000019.600, 159
Trd, 000020.783, 161
Trd, 000021.083, 158
Trd, 000021.150, 162
Trd, 000021.600, 157
Trd, 000022.233, 161
Trd, 000023.650, 152
Trd, 000024.150, 152
Trd, 000024.750, 153
Trd, 000024.783, 162
Trd, 000024.933, 151
Trd, 000025.483, 152
Trd, 000026.133, 143
Trd, 000027.333, 151
Trd, 000029.283, 145
Trd, 000029.500, 153
Trd, 000030.000, 148
Trd, 000030.133, 155
Trd, 000030.433, 148
Trd, 000030.733, 156
Trd, 000031.067, 157
Trd, 000031.650, 158
Trd, 000032.817, 169
Trd, 000033.283, 160
Trd, 000033.483, 161
Trd, 000034.583, 161
Trd, 000034.983, 161
Trd, 000035.350, 146
Trd, 000035.900, 159
Trd, 000036.717, 160
Trd, 000037.200, 161
Trd, 000037.700, 172
Trd, 000038.883, 168
Trd, 000039.050, 168
Trd, 000039.167, 167
Trd, 000040.467, 159
Trd, 000041.050, 166
Trd, 000041.400, 165
Trd, 000042.417, 165
Trd, 000043.567, 164
Trd, 000044.583, 163
Trd, 000044.883, 161
Trd, 000045.083, 163
Trd, 000045.750, 159
Trd, 000047.817, 165
Trd, 000048.267, 166
Trd, 000049.550, 164
Trd, 000049.767, 162
Trd, 000049.800, 165
Trd, 000049.817, 167
Trd, 000050.150, 172
Trd, 000050.217, 173
Trd, 000050.450, 162
Trd, 000051.417, 171
Trd, 000052.483, 172
Trd, 000053.283, 171
Trd, 000053.983, 172
Trd, 000054.067, 171
Trd, 000054.767, 170
Trd, 000054.833, 170
Trd, 000056.267, 161
Trd, 000056.483, 169
Trd, 000056.600, 149
Trd, 000056.883, 164
Trd, 000058.233, 162
Trd, 000058.383, 163
Trd, 000059.517, 151
Trd, 000059.917, 150
Trd, 000060.617, 157
Trd, 000061.683, 156
Trd, 000061.750, 154
Trd, 000061.800, 158
Trd, 000062.600, 156
Trd, 000062.783, 157
Trd, 000064.250, 160
Trd, 000065.100, 161
Trd, 000066.033, 157
Trd, 000066.600, 157
Trd, 000066.683, 156
Trd, 000067.067, 154
Trd, 000067.700, 158
Trd, 000067.817, 158
Trd, 000067.833, 156
Trd, 000068.383, 147
Trd, 000069.017, 159
Trd, 000069.800, 162
Trd, 000069.967, 172
Trd, 000070.517, 150
Trd, 000071.467, 168
Trd, 000071.700, 151
Trd, 000073.617, 165
Trd, 000073.883, 151
Trd, 000074.917, 167
Trd, 000075.800, 166
Trd, 000076.567, 166
Trd, 000076.667, 164
Trd, 000076.800, 167
Trd, 000077.800, 169
Trd, 000077.950, 162
Trd, 000078.683, 170
Trd, 000079.267, 163
Trd, 000079.717, 172
Trd, 000079.817, 173
Trd, 000080.850, 154
Trd, 000081.617, 164
Trd, 000081.783, 164
Trd, 000082.083, 164
Trd, 000082.600, 165
Trd, 000083.017, 165
Trd, 000083.100, 163
Trd, 000083.783, 165
Trd, 000085.483, 169
Trd, 000085.700, 168
Trd, 000085.867, 164
Trd, 000086.150, 163
Trd, 000086.267, 151
Trd, 000086.867, 171
Trd, 000087.083, 149
Trd, 000088.517, 156
Trd, 000089.017, 161
Trd, 000089.567, 172
Trd, 000089.733, 174
Trd, 000090.133, 169
Trd, 000090.867, 171
Trd, 000091.483, 173
Trd, 000092.367, 174
Trd, 000093.700, 175
Trd, 000093.850, 177
Trd, 000094.367, 175
Trd, 000094.733, 177
Trd, 000094.900, 150
Trd, 000095.500, 183
Trd, 000095.633, 174
Trd, 000097.400, 175
Trd, 000097.617, 176
Trd, 000098.433, 177
Trd, 000098.983, 175
Trd, 000099.300, 175
Trd, 000099.633, 165
Trd, 000101.017, 153
Trd, 000101.300, 162
Trd, 000101.750, 161
Trd, 000102.533, 162
Trd, 000103.250, 164
Trd, 000104.067, 165
Trd, 000104.333, 165
Trd, 000104.633, 166
Trd, 000104.750, 161
Trd, 000105.300, 160
Trd, 000105.867, 164
Trd, 000105.883, 163
Trd, 000106.100, 166
Trd, 000106.300, 175
Trd, 000107.383, 172
Trd, 000108.900, 168
Trd, 000109.083, 167
Trd, 000109.717, 166
Trd, 000110.117, 165
Trd, 000110.500, 167
Trd, 000111.633, 167
Trd, 000112.067, 169
Trd, 000112.667, 170
Trd, 000112.867, 170
Trd, 000114.167, 172
Trd, 000114.683, 171
Trd, 000114.817, 172
Trd, 000114.983, 167
Trd, 000115.100, 176
Trd, 000115.600, 166
Trd, 000115.783, 175
Trd, 000116.033, 158
Trd, 000118.383, 160
Trd, 000118.700, 165
Trd, 000119.050, 159
Trd, 000120.417, 164
Trd, 000120.633, 164
Trd, 000121.050, 164
Trd, 000121.167, 180
Trd, 000121.367, 177
Trd, 000121.667, 179
Trd, 000122.650, 182
Trd, 000122.850, 182
Trd, 000123.350, 181
Trd, 000124.733, 178
Trd, 000124.883, 174
Trd, 000124.933, 167
Trd, 000125.417, 177
Trd, 000126.067, 176
Trd, 000127.633, 160
Trd, 000128.600, 163
Trd, 000129.083, 162
Trd, 000129.117, 163
Trd, 000130.033, 164
Trd, 000130.967, 168
Trd, 000131.200, 167
Trd, 000131.567, 166
Trd, 000132.150, 169
Trd, 000132.183, 169
Trd, 000132.883, 165
Trd, 000133.700, 168
Trd, 000134.533, 165
Trd, 000135.033, 166
Trd, 000135.667, 176
Trd, 000135.683, 156
Trd, 000136.283, 155
Trd, 000136.467, 171
Trd, 000137.267, 172
Trd, 000137.767, 172
Trd, 000138.267, 174
Trd, 000138.317, 154
Trd, 000139.833, 175
Trd, 000140.217, 176
Trd, 000140.550, 174
Trd, 000140.683, 169
Trd, 000141.367, 171
Trd, 000141.550, 174
Trd, 000141.683, 153
Trd, 000141.867, 182
Trd, 000143.550, 182
Trd, 000144.100, 180
Trd, 000144.233, 181
Trd, 000144.983, 179
Trd, 000145.917, 179
Trd, 000146.933, 179
Trd, 000147.750, 180
Trd, 000148.367, 182
Trd, 000148.633, 182
Trd, 000149.067, 183
Trd, 000149.717, 179
Trd, 000150.983, 180
Trd, 000151.183, 179
Trd, 000151.833, 180
Trd, 000152.383, 180
Trd, 000152.450, 179
Trd, 000153.450, 178
Trd, 000153.533, 177
Trd, 000154.783, 179
Trd, 000155.733, 178
Trd, 000155.967, 179
Trd, 000156.050, 180
Trd, 000157.350, 179
Trd, 000157.550, 175
Trd, 000158.000, 172
Trd, 000159.533, 156
Trd, 000159.833, 177
Trd, 000160.183, 171
Trd, 000160.817, 156
Trd, 000162.217, 162
Trd, 000162.517, 164
Trd, 000163.600, 167
Trd, 000163.817, 171
Trd, 000164.033, 167
Trd, 000164.117, 171
Trd, 000165.083, 168
Trd, 000165.517, 168
Trd, 000165.767, 165
Trd, 000166.850, 163
Trd, 000167.267, 165
Trd, 000168.267, 163
Trd, 000168.317, 162
Trd, 000168.700, 166
Trd, 000168.750, 161
Trd, 000171.200, 164
Trd, 000171.267, 166
Trd, 000172.267, 163
Trd, 000173.100, 161
Trd, 000173.900, 163
Trd, 000174.883, 163
Trd, 000175.217, 164
Trd, 000176.433, 166
Trd, 000176.783, 165
Trd, 000176.817, 173
Trd, 000177.000, 164
Trd, 000178.033, 163
Trd, 000179.183, 169
Trd, 000179.200, 170
Trd, 000179.600, 170
Trd, 000179.817, 174
Trd, 000180.367, 171
Trd, 000180.617, 172
Trd, 000180.800, 172
Trd, 000181.950, 174
Trd, 000182.933, 173
Trd, 000183.433, 174
Trd, 000183.733, 183
Trd, 000185.367, 180
Trd, 000185.850, 180
Trd, 000186.017, 179
Trd, 000186.783, 180
Trd, 000186.967, 181
Trd, 000187.883, 180
Trd, 000188.933, 181
Trd, 000189.150, 173
Trd, 000190.783, 174
Trd, 000191.000, 181
Trd, 000191.267, 179
Trd, 000191.417, 164
Trd, 000192.633, 173
Trd, 000193.067, 165
Trd, 000193.117, 176
Trd, 000193.600, 172
Trd, 000193.717, 173
Trd, 000194.167, 174
Trd, 000195.083, 173
Trd, 000195.300, 172
Trd, 000196.500, 185
Trd, 000196.717, 187
Trd, 000196.833, 171
Trd, 000197.067, 170
Trd, 000198.717, 177
Trd, 000199.017, 177
Trd, 000199.533, 178
Trd, 000199.583, 179
Trd, 000200.200, 185
Trd, 000200.350, 188
Trd, 000201.883, 182
Trd, 000202.133, 183
Trd, 000202.683, 183
Trd, 000202.917, 183
Trd, 000203.083, 185
Trd, 000203.817, 185
Trd, 000204.467, 183
Trd, 000205.367, 184
Trd, 000206.617, 182
Trd, 000206.667, 175
Trd, 000206.933, 163
Trd, 000207.117, 180
Trd, 000208.800, 177
Trd, 000209.517, 180
Trd, 000210.367, 179
Trd, 000210.600, 178
Trd, 000212.467, 179
Trd, 000212.817, 177
Trd, 000213.100, 177
Trd, 000213.617, 177
Trd, 000213.667, 177
Trd, 000213.817, 178
Trd, 000214.300, 178
Trd, 000215.200, 177
Trd, 000215.367, 176
Trd, 000215.383, 176
Trd, 000215.550, 178
Trd, 000215.883, 180
Trd, 000216.500, 186
Trd, 000216.817, 164
Trd, 000217.767, 188
Trd, 000218.533, 187
Trd, 000219.467, 189
Trd, 000220.133, 181
Trd, 000221.200, 181
Trd, 000222.117, 185
Trd, 000222.467, 184
Trd, 000223.283, 183
Trd, 000223.583, 182
Trd, 000224.383, 180
Trd, 000225.783, 177
Trd, 000226.800, 166
Trd, 000227.483, 164
Trd, 000227.550, 162
Trd, 000227.683, 175
Trd, 000228.083, 178
Trd, 000228.433, 188
Trd, 000229.300, 163
Trd, 000230.017, 179
Trd, 000231.233, 172
Trd, 000231.483, 173
Trd, 000231.983, 174
Trd, 000232.300, 172
Trd, 000232.700, 174
Trd, 000233.167, 178
Trd, 000233.233, 178
Trd, 000233.483, 175
Trd, 000233.733, 175
Trd, 000233.983, 174
Trd, 000235.133, 178
Trd, 000235.317, 188
Trd, 000236.150, 186
Trd, 000237.217, 176
Trd, 000237.267, 184
Trd, 000237.700, 176
Trd, 000238.833, 184
Trd, 000239.967, 183
Trd, 000240.117, 184
Trd, 000240.350, 183
Trd, 000240.583, 181
Trd, 000240.733, 182
Trd, 000240.933, 183
Trd, 000241.150, 179
Trd, 000241.417, 175
Trd, 000241.500, 178
Trd, 000242.200, 174
Trd, 000242.533, 170
Trd, 000242.767, 170
Trd, 000243.150, 167
Trd, 000243.300, 170
Trd, 000243.967, 168
Trd, 000245.333, 163
Trd, 000245.433, 164
Trd, 000245.833, 167
Trd, 000246.317, 167
Trd, 000246.600, 175
Trd, 000246.983, 167
Trd, 000247.333, 168
Trd, 000247.700, 168
Trd, 000248.100, 172
Trd, 000248.317, 174
Trd, 000249.083, 178
Trd, 000249.700, 179
Trd, 000250.067, 177
Trd, 000250.483, 180
Trd, 000250.500, 183
Trd, 000251.317, 177
Trd, 000251.467, 178
Trd, 000251.833, 180
Trd, 000251.867, 176
Trd, 000252.800, 173
Trd, 000253.117, 177
Trd, 000253.700, 180
Trd, 000254.267, 174
Trd, 000254.633, 173
Trd, 000254.917, 171
Trd, 000255.633, 168
Trd, 000256.183, 171
Trd, 000256.200, 171
Trd, 000256.267, 169
Trd, 000256.733, 174
Trd, 000257.583, 176
Trd, 000257.850, 171
Trd, 000258.033, 170
Trd, 000259.017, 172
Trd, 000259.167, 171
Trd, 000259.217, 169
Trd, 000259.350, 174
Trd, 000259.650, 168
Trd, 000260.567, 175
Trd, 000260.767, 177
Trd, 000260.917, 176
Trd, 000260.983, 175
Trd, 000261.167, 177
Trd, 000262.083, 171
Trd, 000262.917, 178
Trd, 000263.333, 178
Trd, 000263.483, 170
Trd, 000263.900, 177
Trd, 000263.950, 181
Trd, 000264.433, 170
Trd, 000265.267, 176
Trd, 000266.200, 173
Trd, 000266.317, 174
Trd, 000266.483, 175
Trd, 000267.267, 177
Trd, 000267.650, 181
Trd, 000268.117, 183
Trd, 000268.500, 180
Trd, 000269.500, 182
Trd, 000269.867, 180
Trd, 000270.150, 183
Trd, 000270.267, 180
Trd, 000270.450, 179
Trd, 000271.117, 178
Trd, 000271.317, 175
Trd, 000272.550, 175
Trd, 000272.800, 177
Trd, 000272.917, 178
Trd, 000273.150, 173
Trd, 000273.350, 173
Trd, 000273.617, 179
Trd, 000273.950, 182
Trd, 000274.050, 183
Trd, 000275.083, 182
Trd, 000275.233, 182
Trd, 000275.367, 185
Trd, 000275.383, 181
Trd, 000275.617, 180
Trd, 000276.533, 172
Trd, 000276.700, 171
Trd, 000278.333, 178
Trd, 000278.617, 176
Trd, 000279.450, 185
Trd, 000279.500, 178
Trd, 000279.683, 179
Trd, 000280.450, 179
Trd, 000280.650, 179
Trd, 000280.683, 179
Trd, 000281.000, 180
Trd, 000281.700, 179
Trd, 000282.233, 181
Trd, 000282.517, 176
Trd, 000283.650, 172
Trd, 000284.000, 175
Trd, 000284.550, 177
Trd, 000284.950, 175
Trd, 000285.050, 174
Trd, 000285.317, 171
Trd, 000285.533, 178
Trd, 000285.867, 180
Trd, 000285.933, 170
Trd, 000286.517, 173
Trd, 000287.233, 173
Trd, 000287.517, 174
Trd, 000288.450, 178
Trd, 000289.883, 178
Trd, 000289.950, 179
Trd, 000290.000, 186
Trd, 000290.333, 177
Trd, 000290.533, 173
Trd, 000291.233, 177
Trd, 000291.267, 170
Trd, 000291.500, 177
Trd, 000291.717, 167
Trd, 000291.833, 177
Trd, 000291.967, 166
Trd, 000292.217, 165
Trd, 000292.750, 185
Trd, 000292.833, 182
Trd, 000293.000, 180
Trd, 000293.167, 165
Trd, 000293.867, 166
Trd, 000294.000, 185
Trd, 000294.167, 178
Trd, 000294.717, 174
Trd, 000295.400, 185
Trd, 000297.283, 180
Trd, 000297.717, 181
Trd, 000299.167, 179
Trd, 000299.300, 194
Trd, 000299.433, 178
Trd, 000299.817, 187
