Trd, 000002.383, 125
Trd, 000003.233, 134
Trd, 000003.600, 125
Trd, 000004.667, 131
Trd, 000005.583, 151
Trd, 000005.700, 150
Trd, 000005.783, 151
Trd, 000005.867, 136
Trd, 000006.200, 168
Trd, 000006.400, 146
Trd, 000007.200, 146
Trd, 000007.267, 146
Trd, 000007.550, 156
Trd, 000008.350, 151
Trd, 000009.850, 154
Trd, 000010.217, 155
Trd, 000010.300, 159
Trd, 000010.900, 153
Trd, 000011.300, 149
Trd, 000012.083, 138
Trd, 000012.450, 162
Trd, 000012.967, 163
Trd, 000013.117, 160
Trd, 000013.217, 139
Trd, 000013.600, 165
Trd, 000014.150, 147
Trd, 000014.700, 146
Trd, 000015.883, 154
Trd, 000016.383, 158
Trd, 000016.950, 147
Trd, 000016.983, 156
Trd, 000017.900, 153
Trd, 000018.517, 148
Trd, 000018.817, 147
Trd, 000018.950, 149
Trd, 000019.717, 150
Trd, 000019.983, 153
Trd, 000020.667, 139
Trd, 000020.983, 153
Trd, 000021.117, 138
Trd, 000021.433, 156
Trd, 000022.300, 156
Trd, 000022.367, 157
Trd, 000022.933, 161
Trd, 000023.400, 163
Trd, 000024.483, 164
Trd, 000025.150, 144
Trd, 000025.967, 158
Trd, 000026.300, 145
Trd, 000026.550, 141
Trd, 000027.400, 140
Trd, 000027.783, 139
Trd, 000028.050, 152
Trd, 000028.917, 142
Trd, 000029.267, 150
Trd, 000029.333, 151
Trd, 000030.050, 145
Trd, 000031.500, 151
Trd, 000031.883, 154
Trd, 000032.317, 158
Trd, 000032.867, 153
Trd, 000033.200, 154
Trd, 000033.317, 152
Trd, 000033.533, 152
Trd, 000034.400, 154
Trd, 000034.833, 162
Trd, 000034.967, 152
Trd, 000035.483, 161
Trd, 000035.783, 153
Trd, 000035.900, 151
Trd, 000037.550, 158
Trd, 000038.600, 158
Trd, 000038.783, 155
Trd, 000039.100, 160
Trd, 000039.683, 159
Trd, 000039.833, 147
Trd, 000039.950, 146
Trd, 000040.100, 159
Trd, 000040.600, 159
Trd, 000040.767, 140
Trd, 000041.883, 162
Trd, 000042.150, 156
Trd, 000042.267, 163
Trd, 000042.350, 166
Trd, 000043.533, 143
Trd, 000043.750, 162
Trd, 000044.050, 162
Trd, 000044.333, 163
Trd, 000045.200, 150
Trd, 000045.883, 150
Trd, 000046.167, 162
Trd, 000046.367, 149
Trd, 000046.717, 145
Trd, 000048.067, 155
Trd, 000049.683, 150
Trd, 000050.083, 151
Trd, 000050.283, 152
Trd, 000050.633, 151
Trd, 000050.883, 150
Trd, 000050.967, 149
Trd, 000051.967, 154
Trd, 000052.083, 142
Trd, 000052.233, 156
Trd, 000053.000, 143
Trd, 000053.167, 141
Trd, 000054.100, 160
Trd, 000054.517, 139
Trd, 000055.167, 151
Trd, 000056.083, 133
Trd, 000057.083, 147
Trd, 000057.500, 156
Trd, 000057.567, 163
Trd, 000058.500, 150
Trd, 000058.933, 148
Trd, 000059.267, 158
Trd, 000059.300, 150
Trd, 000059.333, 149
Trd, 000059.783, 161
Trd, 000060.250, 164
Trd, 000060.750, 150
Trd, 000061.200, 165
Trd, 000061.333, 141
Trd, 000062.250, 140
Trd, 000062.867, 140
Trd, 000062.950, 162
Trd, 000063.250, 154
Trd, 000064.083, 144
Trd, 000064.483, 159
Trd, 000064.667, 158
Trd, 000064.933, 159
Trd, 000066.100, 159
Trd, 000066.283, 157
Trd, 000066.950, 161
Trd, 000067.300, 162
Trd, 000067.433, 164
Trd, 000067.767, 167
Trd, 000068.383, 159
Trd, 000069.167, 158
Trd, 000069.650, 166
Trd, 000069.917, 158
Trd, 000070.233, 155
Trd, 000071.850, 157
Trd, 000072.083, 129
Trd, 000072.217, 157
Trd, 000072.567, 155
Trd, 000074.233, 158
Trd, 000074.433, 160
Trd, 000075.117, 158
Trd, 000075.517, 156
Trd, 000076.017, 165
Trd, 000076.783, 166
Trd, 000076.883, 168
Trd, 000077.883, 165
Trd, 000078.283, 166
Trd, 000078.617, 168
Trd, 000078.867, 169
Trd, 000079.133, 161
Trd, 000079.217, 175
Trd, 000080.500, 159
Trd, 000080.800, 158
Trd, 000082.517, 166
Trd, 000082.700, 161
Trd, 000082.933, 165
Trd, 000082.967, 161
Trd, 000085.183, 163
Trd, 000085.467, 159
Trd, 000086.017, 162
Trd, 000086.750, 160
Trd, 000087.283, 160
Trd, 000087.417, 159
Trd, 000087.817, 160
Trd, 000087.883, 158
Trd, 000088.417, 156
Trd, 000089.117, 164
Trd, 000089.667, 148
Trd, 000090.117, 146
Trd, 000090.400, 155
Trd, 000090.833, 155
Trd, 000091.400, 151
Trd, 000092.917, 145
Trd, 000093.400, 143
Trd, 000093.500, 155
Trd, 000093.783, 155
Trd, 000093.800, 156
Trd, 000094.367, 130
Trd, 000094.750, 158
Trd, 000094.800, 160
Trd, 000094.900, 160
Trd, 000096.100, 130
Trd, 000096.883, 138
Trd, 000097.000, 132
Trd, 000097.933, 139
Trd, 000098.100, 161
Trd, 000099.083, 154
Trd, 000099.850, 142
Trd, 000099.950, 163
Trd, 000099.983, 165
Trd, 000100.183, 168
Trd, 000100.700, 164
Trd, 000101.550, 149
Trd, 000101.583, 171
Trd, 000103.550, 170
Trd, 000103.750, 160
Trd, 000104.317, 169
Trd, 000104.767, 163
Trd, 000106.217, 160
Trd, 000106.500, 159
Trd, 000106.783, 159
Trd, 000106.967, 166
Trd, 000107.283, 165
Trd, 000107.367, 160
Trd, 000108.183, 159
Trd, 000108.200, 166
Trd, 000108.217, 170
Trd, 000108.400, 167
Trd, 000109.583, 173
Trd, 000111.650, 177
Trd, 000111.917, 162
Trd, 000112.183, 168
Trd, 000112.467, 173
Trd, 000112.533, 160
Trd, 000112.900, 173
Trd, 000112.917, 163
Trd, 000114.883, 169
Trd, 000116.267, 164
Trd, 000116.900, 164
Trd, 000117.533, 164
Trd, 000117.817, 166
Trd, 000118.050, 171
Trd, 000118.083, 179
Trd, 000118.533, 194
Trd, 000119.217, 163
Trd, 000120.083, 160
Trd, 000120.633, 147
Trd, 000121.533, 149
Trd, 000121.950, 151
Trd, 000122.450, 157
Trd, 000124.217, 162
Trd, 000125.067, 163
Trd, 000125.433, 162
Trd, 000126.250, 163
Trd, 000126.267, 162
Trd, 000126.350, 160
Trd, 000126.533, 167
Trd, 000126.633, 148
Trd, 000127.950, 164
Trd, 000128.817, 164
Trd, 000129.067, 149
Trd, 000129.550, 159
Trd, 000130.367, 152
Trd, 000131.000, 156
Trd, 000131.167, 158
Trd, 000131.200, 159
Trd, 000131.350, 161
Trd, 000131.617, 152
Trd, 000131.833, 164
Trd, 000131.967, 168
Trd, 000132.967, 168
Trd, 000133.117, 161
Trd, 000134.167, 163
Trd, 000134.400, 162
Trd, 000134.967, 161
Trd, 000135.000, 159
Trd, 000135.067, 165
Trd, 000135.650, 166
Trd, 000136.100, 167
Trd, 000137.333, 165
Trd, 000137.683, 163
Trd, 000137.717, 168
Trd, 000138.283, 170
Trd, 000138.417, 162
Trd, 000138.733, 170
Trd, 000138.867, 150
Trd, 000139.900, 175
Trd, 000139.967, 176
Trd, 000140.067, 133
Trd, 000140.700, 148
Trd, 000141.483, 127
Trd, 000142.200, 154
Trd, 000142.617, 130
Trd, 000143.300, 141
Trd, 000143.700, 148
Trd, 000143.917, 150
Trd, 000144.117, 162
Trd, 000145.600, 151
Trd, 000146.117, 154
Trd, 000146.617, 156
Trd, 000146.867, 165
Trd, 000147.500, 169
Trd, 000148.900, 169
Trd, 000149.133, 153
Trd, 000149.267, 152
Trd, 000149.300, 165
Trd, 000149.783, 172
Trd, 000150.000, 171
Trd, 000150.633, 172
Trd, 000151.333, 157
Trd, 000151.400, 157
Trd, 000152.583, 173
Trd, 000152.600, 153
Trd, 000154.283, 156
Trd, 000154.467, 155
Trd, 000154.700, 163
Trd, 000154.917, 164
Trd, 000155.350, 166
Trd, 000156.217, 166
Trd, 000157.117, 155
Trd, 000158.150, 164
Trd, 000158.317, 167
Trd, 000159.917, 165
Trd, 000159.983, 160
Trd, 000160.000, 166
Trd, 000160.867, 165
Trd, 000161.450, 166
Trd, 000162.017, 161
Trd, 000162.300, 153
Trd, 000162.717, 152
Trd, 000163.717, 160
Trd, 000163.967, 162
Trd, 000164.250, 150
Trd, 000165.250, 164
Trd, 000165.533, 164
Trd, 000165.567, 167
Trd, 000165.900, 171
Trd, 000166.050, 153
Trd, 000166.683, 161
Trd, 000167.050, 160
Trd, 000168.283, 168
Trd, 000168.967, 161
Trd, 000169.267, 158
Trd, 000169.467, 165
Trd, 000170.200, 164
Trd, 000170.300, 165
Trd, 000170.550, 168
Trd, 000170.767, 154
Trd, 000171.150, 152
Trd, 000172.633, 172
Trd, 000172.850, 157
Trd, 000173.250, 174
Trd, 000173.567, 154
Trd, 000174.133, 174
Trd, 000174.200, 154
Trd, 000174.467, 152
Trd, 000174.700, 152
Trd, 000175.617, 163
Trd, 000176.583, 165
Trd, 000176.983, 165
Trd, 000177.917, 160
Trd, 000178.883, 161
Trd, 000179.433, 164
Trd, 000179.733, 166
Trd, 000179.767, 163
Trd, 000180.567, 168
Trd, 000181.017, 168
Trd, 000181.483, 168
Trd, 000181.733, 159
Trd, 000181.750, 169
Trd, 000181.917, 166
Trd, 000182.567, 155
Trd, 000182.667, 176
Trd, 000182.983, 154
Trd, 000183.050, 183
Trd, 000184.583, 153
Trd, 000185.317, 168
Trd, 000185.417, 169
Trd, 000185.633, 183
Trd, 000187.533, 161
Trd, 000188.117, 168
Trd, 000188.900, 166
Trd, 000189.117, 166
Trd, 000189.500, 153
Trd, 000190.350, 163
Trd, 000190.550, 146
Trd, 000191.183, 167
Trd, 000192.417, 168
Trd, 000192.467, 170
Trd, 000193.633, 174
Trd, 000193.833, 159
Trd, 000193.983, 175
Trd, 000194.133, 177
Trd, 000194.450, 181
Trd, 000195.033, 165
Trd, 000195.300, 163
Trd, 000196.217, 170
Trd, 000197.650, 168
Trd, 000197.800, 168
Trd, 000198.067, 156
Trd, 000198.600, 156
Trd, 000199.550, 172
Trd, 000200.183, 173
Trd, 000200.283, 155
Trd, 000201.083, 176
Trd, 000201.317, 177
Trd, 000201.633, 172
Trd, 000201.933, 175
Trd, 000202.717, 177
Trd, 000203.550, 178
Trd, 000204.067, 173
Trd, 000204.183, 154
Trd, 000204.700, 172
Trd, 000204.783, 176
Trd, 000205.333, 158
Trd, 000205.717, 170
Trd, 000206.133, 161
Trd, 000206.217, 159
Trd, 000206.900, 171
Trd, 000207.600, 159
Trd, 000207.967, 157
Trd, 000208.933, 167
Trd, 000210.417, 164
Trd, 000210.533, 165
Trd, 000210.733, 169
Trd, 000211.183, 172
Trd, 000211.317, 174
Trd, 000212.000, 176
Trd, 000212.417, 163
Trd, 000213.317, 172
Trd, 000213.400, 171
Trd, 000213.617, 173
Trd, 000213.683, 176
Trd, 000213.833, 179
Trd, 000215.217, 168
Trd, 000215.350, 179
Trd, 000215.467, 167
Trd, 000215.700, 157
Trd, 000216.983, 182
Trd, 000217.800, 155
Trd, 000218.500, 174
Trd, 000218.750, 165
Trd, 000218.783, 175
Trd, 000219.183, 176
Trd, 000220.367, 176
Trd, 000220.917, 169
Trd, 000221.950, 171
Trd, 000221.983, 176
Trd, 000222.133, 168
Trd, 000223.117, 176
Trd, 000223.417, 177
Trd, 000223.517, 183
Trd, 000223.883, 170
Trd, 000224.400, 160
Trd, 000224.483, 157
Trd, 000226.000, 173
Trd, 000226.283, 161
Trd, 000226.733, 170
Trd, 000227.267, 171
Trd, 000227.433, 171
Trd, 000227.667, 171
Trd, 000227.817, 172
Trd, 000228.400, 174
Trd, 000228.667, 171
Trd, 000228.967, 162
Trd, 000229.650, 173
Trd, 000230.017, 174
Trd, 000230.200, 178
Trd, 000231.517, 159
Trd, 000232.067, 170
Trd, 000232.650, 160
Trd, 000234.600, 174
Trd, 000234.850, 164
Trd, 000235.483, 172
Trd, 000235.767, 173
Trd, 000236.083, 161
Trd, 000236.100, 181
Trd, 000236.217, 159
Trd, 000237.550, 161
Trd, 000237.733, 176
Trd, 000237.883, 175
Trd, 000238.200, 160
Trd, 000238.283, 175
Trd, 000238.517, 160
Trd, 000238.700, 177
Trd, 000239.083, 178
Trd, 000239.783, 160
Trd, 000240.167, 175
Trd, 000241.233, 171
Trd, 000241.583, 169
Trd, 000241.717, 169
Trd, 000241.900, 169
Trd, 000242.000, 171
Trd, 000242.283, 172
Trd, 000242.633, 173
Trd, 000242.833, 179
Trd, 000243.017, 184
Trd, 000244.950, 181
Trd, 000245.250, 182
Trd, 000245.433, 180
Trd, 000245.917, 181
Trd, 000246.283, 181
Trd, 000246.617, 183
Trd, 000246.633, 175
Trd, 000246.867, 184
Trd, 000248.417, 181
Trd, 000248.700, 182
Trd, 000248.933, 175
Trd, 000249.017, 172
Trd, 000249.233, 179
Trd, 000249.300, 182
Trd, 000249.950, 170
Trd, 000250.033, 169
Trd, 000250.217, 183
Trd, 000251.867, 168
Trd, 000251.900, 167
Trd, 000252.467, 178
Trd, 000253.267, 178
Trd, 000253.400, 177
Trd, 000253.767, 177
Trd, 000253.983, 176
Trd, 000254.833, 174
Trd, 000255.317, 174
Trd, 000255.567, 177
Trd, 000255.883, 165
Trd, 000256.550, 169
Trd, 000257.250, 184
Trd, 000257.650, 178
Trd, 000257.783, 184
Trd, 000258.767, 182
Trd, 000258.883, 178
Trd, 000259.150, 174
Trd, 000259.850, 184
Trd, 000260.117, 184
Trd, 000260.367, 183
Trd, 000260.683, 186
Trd, 000262.200, 186
Trd, 000262.300, 182
Trd, 000262.433, 181
Trd, 000262.950, 179
Trd, 000263.283, 179
Trd, 000263.633, 177
Trd, 000264.150, 175
Trd, 000264.383, 173
Trd, 000264.667, 172
Trd, 000265.000, 177
Trd, 000265.167, 180
Trd, 000265.217, 181
Trd, 000265.250, 176
Trd, 000265.500, 180
Trd, 000265.533, 181
Trd, 000265.767, 184
Trd, 000266.600, 175
Trd, 000266.817, 181
Trd, 000268.883, 188
Trd, 000269.217, 188
Trd, 000269.383, 190
Trd, 000269.700, 195
Trd, 000269.783, 186
Trd, 000270.550, 185
Trd, 000270.783, 182
Trd, 000271.133, 189
Trd, 000271.900, 183
Trd, 000272.067, 176
Trd, 000272.783, 176
Trd, 000273.150, 175
Trd, 000273.217, 171
Trd, 000273.233, 177
Trd, 000273.850, 173
Trd, 000274.317, 176
Trd, 000274.767, 171
Trd, 000275.250, 162
Trd, 000275.367, 176
Trd, 000275.417, 177
Trd, 000275.850, 178
Trd, 000277.233, 182
Trd, 000277.500, 185
Trd, 000277.717, 183
Trd, 000278.000, 178
Trd, 000278.033, 176
Trd, 000278.167, 174
Trd, 000278.267, 165
Trd, 000279.117, 185
Trd, 000279.133, 180
Trd, 000280.100, 177
Trd, 000280.267, 181
Trd, 000281.400, 185
Trd, 000281.500, 179
Trd, 000281.617, 178
Trd, 000281.750, 185
Trd, 000282.350, 195
Trd, 000282.417, 196
Trd, 000282.600, 200
Trd, 000283.150, 179
Trd, 000283.567, 183
Trd, 000283.833, 184
Trd, 000283.850, 185
Trd, 000284.583, 177
Trd, 000285.667, 178
Trd, 000285.967, 178
Trd, 000286.133, 179
Trd, 000286.150, 183
Trd, 000286.300, 177
Trd, 000286.333, 181
Trd, 000286.483, 176
Trd, 000286.650, 165
Trd, 000287.933, 177
Trd, 000288.267, 186
Trd, 000288.950, 175
Trd, 000289.017, 177
Trd, 000289.067, 174
Trd, 000289.283, 175
Trd, 000289.500, 173
Trd, 000290.550, 184
Trd, 000290.733, 188
Trd, 000291.483, 184
Trd, 000291.867, 183
Trd, 000292.100, 182
Trd, 000292.200, 177
Trd, 000292.250, 184
Trd, 000292.783, 184
Trd, 000293.300, 166
Trd, 000293.983, 173
Trd, 000294.500, 176
Trd, 000294.983, 175
Trd, 000295.217, 176
Trd, 000295.367, 177
Trd, 000295.817, 176
Trd, 000296.567, 181
Trd, 000296.900, 181
Trd, 000297.517, 179
Trd, 000297.600, 178
Trd, 000297.650, 180
Trd, 000298.017, 180
Trd, 000298.967, 181
Trd, 000299.167, 176
Trd, 000299.933, 184
