Trd, 000000.950, 179
Trd, 000001.750, 170
Trd, 000001.783, 155
Trd, 000002.700, 156
Trd, 000003.667, 155
Trd, 000004.050, 154
Trd, 000004.317, 140
Trd, 000005.400, 142
Trd, 000007.050, 144
Trd, 000007.750, 148
Trd, 000008.117, 148
Trd, 000008.150, 149
Trd, 000008.433, 149
Trd, 000008.750, 155
Trd, 000008.767, 148
Trd, 000008.783, 145
Trd, 000011.000, 148
Trd, 000012.100, 147
Trd, 000012.733, 148
Trd, 000013.350, 148
Trd, 000013.600, 145
Trd, 000014.617, 146
Trd, 000015.167, 144
Trd, 000015.317, 145
Trd, 000015.333, 133
Trd, 000015.783, 145
Trd, 000016.033, 140
Trd, 000016.967, 144
Trd, 000017.683, 145
Trd, 000018.817, 144
Trd, 000018.983, 144
Trd, 000019.183, 144
Trd, 000019.483, 143
Trd, 000019.783, 143
Trd, 000022.067, 143
Trd, 000022.700, 142
Trd, 000023.400, 144
Trd, 000023.517, 137
Trd, 000024.717, 143
Trd, 000025.217, 144
Trd, 000025.717, 143
Trd, 000026.133, 146
Trd, 000026.800, 142
Trd, 000026.967, 143
Trd, 000027.100, 143
Trd, 000027.850, 144
Trd, 000027.917, 142
Trd, 000028.033, 151
Trd, 000028.050, 159
Trd, 000029.517, 153
Trd, 000029.750, 157
Trd, 000029.917, 152
Trd, 000029.967, 158
Trd, 000030.183, 158
Trd, 000030.917, 159
Trd, 000032.517, 161
Trd, 000032.833, 171
Trd, 000033.083, 168
Trd, 000033.167, 161
Trd, 000034.433, 138
Trd, 000034.850, 136
Trd, 000035.567, 146
Trd, 000035.633, 146
Trd, 000035.733, 148
Trd, 000036.183, 150
Trd, 000036.233, 147
Trd, 000037.217, 148
Trd, 000037.500, 147
Trd, 000038.717, 147
Trd, 000038.883, 147
Trd, 000039.633, 146
Trd, 000040.533, 145
Trd, 000041.333, 144
Trd, 000042.150, 146
Trd, 000042.583, 147
Trd, 000042.717, 148
Trd, 000043.250, 145
Trd, 000043.700, 144
Trd, 000044.150, 148
Trd, 000044.400, 149
Trd, 000044.700, 155
Trd, 000045.150, 145
Trd, 000045.683, 148
Trd, 000046.833, 147
Trd, 000047.283, 145
Trd, 000048.433, 145
Trd, 000048.600, 147
Trd, 000048.717, 145
Trd, 000049.000, 145
Trd, 000049.833, 136
Trd, 000050.333, 147
Trd, 000051.067, 139
Trd, 000051.667, 144
Trd, 000052.217, 145
Trd, 000052.400, 144
Trd, 000052.833, 142
Trd, 000053.500, 143
Trd, 000054.000, 143
Trd, 000054.683, 144
Trd, 000054.833, 146
Trd, 000056.583, 140
Trd, 000056.733, 153
Trd, 000056.983, 143
Trd, 000057.083, 143
Trd, 000059.183, 148
Trd, 000059.633, 148
Trd, 000059.700, 146
Trd, 000060.333, 146
Trd, 000060.733, 146
Trd, 000060.750, 157
Trd, 000061.983, 149
Trd, 000062.000, 145
Trd, 000062.383, 139
Trd, 000063.933, 149
Trd, 000064.333, 149
Trd, 000064.650, 147
Trd, 000065.033, 146
Trd, 000065.850, 148
Trd, 000065.883, 150
Trd, 000066.500, 147
Trd, 000066.717, 146
Trd, 000066.800, 153
Trd, 000067.400, 145
Trd, 000068.133, 150
Trd, 000068.433, 146
Trd, 000069.217, 149
Trd, 000069.467, 150
Trd, 000070.083, 148
Trd, 000070.383, 148
Trd, 000071.700, 150
Trd, 000071.800, 151
Trd, 000073.050, 150
Trd, 000073.083, 149
Trd, 000073.767, 149
Trd, 000074.150, 148
Trd, 000075.667, 151
Trd, 000076.433, 151
Trd, 000077.550, 149
Trd, 000078.150, 151
Trd, 000078.433, 150
Trd, 000078.567, 149
Trd, 000078.967, 151
Trd, 000079.117, 149
Trd, 000079.983, 151
Trd, 000080.183, 148
Trd, 000081.267, 147
Trd, 000082.100, 152
Trd, 000082.717, 152
Trd, 000082.783, 156
Trd, 000082.817, 146
Trd, 000083.417, 158
Trd, 000083.950, 147
Trd, 000084.850, 151
Trd, 000085.367, 146
Trd, 000085.917, 146
Trd, 000086.083, 150
Trd, 000086.317, 145
Trd, 000087.017, 146
Trd, 000087.400, 149
Trd, 000087.467, 151
Trd, 000088.000, 150
Trd, 000089.850, 151
Trd, 000091.017, 147
Trd, 000091.033, 146
Trd, 000091.217, 152
Trd, 000091.433, 153
Trd, 000091.583, 157
Trd, 000092.367, 147
Trd, 000092.850, 148
Trd, 000093.133, 146
Trd, 000093.800, 151
Trd, 000094.017, 145
Trd, 000094.533, 145
Trd, 000095.917, 147
Trd, 000096.100, 148
Trd, 000096.300, 148
Trd, 000096.317, 146
Trd, 000097.750, 149
Trd, 000098.767, 150
Trd, 000099.433, 146
Trd, 000099.750, 150
Trd, 000100.000, 146
Trd, 000100.133, 151
Trd, 000101.500, 151
Trd, 000101.867, 148
Trd, 000102.500, 149
Trd, 000103.383, 148
Trd, 000103.400, 147
Trd, 000104.467, 149
Trd, 000104.983, 149
Trd, 000105.967, 149
Trd, 000106.433, 150
Trd, 000106.450, 148
Trd, 000106.883, 151
Trd, 000106.950, 147
Trd, 000107.100, 147
Trd, 000107.267, 155
Trd, 000107.550, 143
Trd, 000107.817, 161
Trd, 000110.017, 155
Trd, 000110.400, 155
Trd, 000110.883, 157
Trd, 000111.667, 156
Trd, 000112.567, 153
Trd, 000112.683, 144
Trd, 000113.517, 151
Trd, 000114.467, 149
Trd, 000114.683, 149
Trd, 000114.717, 155
Trd, 000115.300, 147
Trd, 000115.783, 148
Trd, 000115.900, 147
Trd, 000116.183, 153
Trd, 000116.383, 143
Trd, 000117.450, 152
Trd, 000119.017, 151
Trd, 000119.450, 150
Trd, 000119.617, 154
Trd, 000120.433, 152
Trd, 000120.533, 151
Trd, 000121.100, 151
Trd, 000121.633, 150
Trd, 000122.000, 149
Trd, 000122.850, 152
Trd, 000123.650, 150
Trd, 000124.150, 149
Trd, 000125.350, 150
Trd, 000125.667, 152
Trd, 000125.833, 153
Trd, 000126.250, 161
Trd, 000126.333, 150
Trd, 000126.683, 154
Trd, 000126.800, 149
Trd, 000127.883, 154
Trd, 000128.367, 163
Trd, 000128.667, 164
Trd, 000129.350, 154
Trd, 000129.950, 154
Trd, 000130.667, 154
Trd, 000130.883, 154
Trd, 000131.017, 153
Trd, 000132.517, 153
Trd, 000134.250, 152
Trd, 000134.700, 154
Trd, 000134.967, 151
Trd, 000135.200, 154
Trd, 000135.583, 151
Trd, 000136.567, 153
Trd, 000136.633, 154
Trd, 000136.783, 147
Trd, 000137.883, 154
Trd, 000139.517, 146
Trd, 000139.767, 150
Trd, 000139.850, 145
Trd, 000139.917, 141
Trd, 000140.867, 147
Trd, 000141.350, 147
Trd, 000141.667, 148
Trd, 000142.450, 150
Trd, 000143.983, 149
Trd, 000144.300, 149
Trd, 000144.350, 148
Trd, 000144.500, 150
Trd, 000144.567, 147
Trd, 000145.350, 155
Trd, 000145.450, 146
Trd, 000147.267, 146
Trd, 000147.400, 147
Trd, 000147.800, 147
Trd, 000147.917, 147
Trd, 000148.300, 147
Trd, 000148.417, 145
Trd, 000149.333, 148
Trd, 000151.300, 155
Trd, 000151.800, 153
Trd, 000151.850, 152
Trd, 000151.883, 152
Trd, 000152.550, 153
Trd, 000152.617, 159
Trd, 000152.900, 153
Trd, 000153.900, 152
Trd, 000154.200, 155
Trd, 000155.567, 153
Trd, 000155.600, 154
Trd, 000155.633, 156
Trd, 000157.350, 154
Trd, 000157.750, 154
Trd, 000157.817, 154
Trd, 000158.433, 155
Trd, 000159.467, 158
Trd, 000159.483, 154
Trd, 000159.917, 164
Trd, 000161.250, 159
Trd, 000161.850, 161
Trd, 000162.583, 158
Trd, 000162.783, 157
Trd, 000162.817, 158
Trd, 000163.050, 156
Trd, 000163.233, 156
Trd, 000164.217, 157
Trd, 000164.350, 159
Trd, 000165.567, 157
Trd, 000166.167, 157
Trd, 000166.600, 156
Trd, 000166.917, 158
Trd, 000168.667, 158
Trd, 000169.367, 158
Trd, 000170.367, 157
Trd, 000170.383, 160
Trd, 000170.717, 161
Trd, 000170.783, 158
Trd, 000171.033, 156
Trd, 000171.983, 159
Trd, 000172.233, 159
Trd, 000172.450, 160
Trd, 000173.233, 161
Trd, 000173.733, 158
Trd, 000174.867, 160
Trd, 000175.033, 160
Trd, 000175.400, 158
Trd, 000175.633, 157
Trd, 000176.250, 157
Trd, 000177.417, 156
Trd, 000178.517, 161
Trd, 000178.617, 162
Trd, 000179.283, 162
Trd, 000179.983, 151
Trd, 000180.117, 149
Trd, 000180.517, 158
Trd, 000181.100, 160
Trd, 000181.350, 160
Trd, 000181.783, 159
Trd, 000181.883, 159
Trd, 000182.067, 186
Trd, 000183.233, 166
Trd, 000183.367, 158
Trd, 000184.550, 162
Trd, 000184.567, 161
Trd, 000185.617, 161
Trd, 000185.717, 161
Trd, 000186.050, 159
Trd, 000186.967, 159
Trd, 000187.017, 163
Trd, 000187.200, 162
Trd, 000187.650, 169
Trd, 000187.817, 158
Trd, 000188.117, 157
Trd, 000189.967, 157
Trd, 000190.767, 159
Trd, 000191.167, 158
Trd, 000191.367, 158
Trd, 000191.450, 156
Trd, 000191.667, 159
Trd, 000192.017, 158
Trd, 000193.333, 157
Trd, 000193.383, 154
Trd, 000194.383, 153
Trd, 000194.617, 156
Trd, 000195.817, 154
Trd, 000196.483, 157
Trd, 000196.933, 163
Trd, 000197.200, 161
Trd, 000198.867, 157
Trd, 000199.067, 157
Trd, 000199.333, 157
Trd, 000199.933, 158
Trd, 000200.267, 157
Trd, 000201.083, 158
Trd, 000201.150, 164
Trd, 000201.517, 169
Trd, 000203.983, 164
Trd, 000204.167, 164
Trd, 000204.600, 165
Trd, 000205.033, 162
Trd, 000205.100, 161
Trd, 000205.783, 162
Trd, 000206.083, 161
Trd, 000206.967, 162
Trd, 000207.633, 171
Trd, 000207.783, 163
Trd, 000207.967, 164
Trd, 000208.617, 163
Trd, 000208.833, 166
Trd, 000209.500, 165
Trd, 000210.550, 164
Trd, 000210.750, 165
Trd, 000211.283, 163
Trd, 000211.300, 163
Trd, 000212.000, 164
Trd, 000212.117, 165
Trd, 000212.933, 169
Trd, 000214.533, 166
Trd, 000214.833, 166
Trd, 000215.133, 165
Trd, 000216.117, 164
Trd, 000216.217, 163
Trd, 000216.783, 162
Trd, 000217.350, 166
Trd, 000217.417, 167
Trd, 000217.733, 169
Trd, 000218.017, 161
Trd, 000218.200, 154
Trd, 000218.617, 166
Trd, 000218.700, 167
Trd, 000219.050, 168
Trd, 000221.100, 168
Trd, 000221.167, 167
Trd, 000221.850, 167
Trd, 000222.017, 167
Trd, 000222.717, 167
Trd, 000223.050, 166
Trd, 000223.517, 166
Trd, 000223.683, 167
Trd, 000224.583, 168
Trd, 000224.900, 153
Trd, 000225.167, 158
Trd, 000225.517, 169
Trd, 000226.050, 161
Trd, 000227.750, 165
Trd, 000228.417, 162
Trd, 000229.100, 162
Trd, 000229.867, 157
Trd, 000229.950, 158
Trd, 000230.067, 162
Trd, 000230.583, 160
Trd, 000231.900, 161
Trd, 000232.317, 161
Trd, 000232.350, 160
Trd, 000233.667, 160
Trd, 000234.100, 159
Trd, 000234.967, 162
Trd, 000235.350, 163
Trd, 000235.450, 163
Trd, 000236.350, 157
Trd, 000236.367, 156
Trd, 000236.867, 160
Trd, 000237.333, 164
Trd, 000237.750, 161
Trd, 000237.817, 167
Trd, 000238.100, 171
Trd, 000238.550, 158
Trd, 000240.300, 163
Trd, 000240.733, 165
Trd, 000240.783, 165
Trd, 000241.183, 165
Trd, 000241.367, 172
Trd, 000241.617, 165
Trd, 000241.917, 165
Trd, 000242.200, 175
Trd, 000242.283, 167
Trd, 000243.233, 170
Trd, 000243.433, 167
Trd, 000244.433, 170
Trd, 000244.467, 171
Trd, 000244.933, 169
Trd, 000245.117, 166
Trd, 000245.683, 169
Trd, 000245.950, 170
Trd, 000246.000, 170
Trd, 000246.417, 171
Trd, 000246.433, 172
Trd, 000246.583, 170
Trd, 000246.967, 168
Trd, 000247.000, 167
Trd, 000248.000, 169
Trd, 000248.400, 168
Trd, 000248.900, 166
Trd, 000249.200, 167
Trd, 000249.267, 169
Trd, 000251.100, 168
Trd, 000251.233, 169
Trd, 000251.550, 169
Trd, 000251.567, 170
Trd, 000252.200, 172
Trd, 000252.650, 174
Trd, 000252.867, 183
Trd, 000253.250, 178
Trd, 000253.300, 190
Trd, 000253.650, 175
Trd, 000254.300, 176
Trd, 000254.700, 178
Trd, 000255.183, 181
Trd, 000256.050, 181
Trd, 000256.200, 180
Trd, 000256.267, 182
Trd, 000256.617, 179
Trd, 000257.717, 186
Trd, 000258.183, 184
Trd, 000258.550, 186
Trd, 000258.667, 188
Trd, 000258.833, 189
Trd, 000259.100, 185
Trd, 000259.267, 183
Trd, 000259.717, 176
Trd, 000260.217, 173
Trd, 000261.050, 169
Trd, 000261.517, 169
Trd, 000261.750, 172
Trd, 000262.633, 167
Trd, 000263.150, 165
Trd, 000264.100, 166
Trd, 000264.400, 169
Trd, 000264.950, 168
Trd, 000265.150, 167
Trd, 000265.850, 170
Trd, 000266.383, 171
Trd, 000266.650, 177
Trd, 000267.050, 172
Trd, 000267.133, 180
Trd, 000267.250, 171
Trd, 000267.583, 180
Trd, 000268.017, 175
Trd, 000268.433, 179
Trd, 000268.767, 185
Trd, 000268.867, 185
Trd, 000269.600, 180
Trd, 000269.967, 189
Trd, 000270.383, 187
Trd, 000270.800, 187
Trd, 000270.900, 188
Trd, 000271.117, 192
Trd, 000271.733, 188
Trd, 000272.350, 184
Trd, 000272.417, 185
Trd, 000272.550, 188
Trd, 000273.100, 189
Trd, 000273.533, 185
Trd, 000273.867, 185
Trd, 000274.267, 184
Trd, 000274.700, 186
Trd, 000274.850, 182
Trd, 000275.733, 187
Trd, 000275.850, 187
Trd, 000276.033, 183
Trd, 000276.367, 183
Trd, 000277.250, 186
Trd, 000277.667, 181
Trd, 000277.800, 178
Trd, 000278.167, 185
Trd, 000278.750, 175
Trd, 000278.833, 176
Trd, 000278.950, 177
Trd, 000279.317, 169
Trd, 000279.650, 176
Trd, 000279.917, 181
Trd, 000280.533, 180
Trd, 000281.083, 181
Trd, 000281.517, 180
Trd, 000281.617, 179
Trd, 000282.167, 178
Trd, 000282.450, 177
Trd, 000282.900, 178
Trd, 000282.983, 176
Trd, 000283.250, 169
Trd, 000284.100, 171
Trd, 000284.267, 170
Trd, 000284.283, 169
Trd, 000284.617, 179
Trd, 000285.083, 186
Trd, 000285.450, 192
Trd, 000286.000, 181
Trd, 000286.350, 177
Trd, 000286.950, 178
Trd, 000287.217, 178
Trd, 000287.650, 178
Trd, 000287.917, 178
Trd, 000288.817, 178
Trd, 000289.000, 181
Trd, 000289.333, 177
Trd, 000289.883, 176
Trd, 000290.983, 173
Trd, 000291.567, 176
Trd, 000291.700, 174
Trd, 000291.717, 172
Trd, 000291.733, 176
Trd, 000291.983, 171
Trd, 000292.383, 173
Trd, 000293.217, 171
Trd, 000293.300, 170
Trd, 000293.367, 173
Trd, 000294.150, 170
Trd, 000294.633, 169
Trd, 000295.083, 170
Trd, 000295.250, 170
Trd, 000295.700, 169
Trd, 000296.550, 171
Trd, 000297.100, 173
Trd, 000297.417, 171
Trd, 000297.783, 171
Trd, 000298.250, 170
Trd, 000298.567, 181
Trd, 000298.633, 169
Trd, 000298.917, 186
Trd, 000299.400, 178
Trd, 000299.533, 188
Trd, 000299.800, 198
Trd, 000299.917, 202
