Trd, 000001.433, 153
Trd, 000002.833, 175
Trd, 000003.083, 127
Trd, 000003.433, 142
Trd, 000004.983, 171
Trd, 000005.533, 143
Trd, 000005.683, 135
Trd, 000006.283, 152
Trd, 000006.383, 151
Trd, 000006.483, 162
Trd, 000007.133, 152
Trd, 000007.533, 155
Trd, 000008.683, 157
Trd, 000009.100, 157
Trd, 000009.433, 156
Trd, 000009.467, 156
Trd, 000009.967, 156
Trd, 000010.350, 153
Trd, 000010.933, 135
Trd, 000011.383, 135
Trd, 000011.883, 151
Trd, 000012.683, 150
Trd, 000013.983, 154
Trd, 000014.933, 152
Trd, 000015.967, 154
Trd, 000016.167, 150
Trd, 000017.250, 151
Trd, 000018.000, 151
Trd, 000018.450, 152
Trd, 000018.550, 154
Trd, 000018.617, 151
Trd, 000018.767, 148
Trd, 000018.917, 142
Trd, 000019.483, 145
Trd, 000019.633, 157
Trd, 000020.850, 150
Trd, 000020.933, 149
Trd, 000022.000, 153
Trd, 000022.867, 153
Trd, 000022.950, 153
Trd, 000023.250, 154
Trd, 000023.317, 146
Trd, 000024.267, 149
Trd, 000024.617, 143
Trd, 000026.283, 154
Trd, 000026.917, 148
Trd, 000027.017, 157
Trd, 000027.200, 147
Trd, 000027.833, 146
Trd, 000028.017, 146
Trd, 000028.200, 145
Trd, 000028.967, 158
Trd, 000030.950, 147
Trd, 000032.217, 150
Trd, 000032.950, 146
Trd, 000033.117, 151
Trd, 000033.300, 160
Trd, 000033.450, 146
Trd, 000035.017, 154
Trd, 000035.267, 150
Trd, 000035.567, 149
Trd, 000036.550, 151
Trd, 000036.700, 150
Trd, 000038.750, 159
Trd, 000039.133, 157
Trd, 000039.267, 159
Trd, 000039.533, 156
Trd, 000039.833, 157
Trd, 000040.050, 155
Trd, 000040.333, 153
Trd, 000040.767, 155
Trd, 000041.250, 152
Trd, 000043.183, 153
Trd, 000043.433, 157
Trd, 000043.683, 145
Trd, 000044.117, 143
Trd, 000045.150, 155
Trd, 000046.983, 149
Trd, 000047.433, 158
Trd, 000047.550, 151
Trd, 000048.550, 153
Trd, 000048.967, 156
Trd, 000049.267, 156
Trd, 000049.700, 157
Trd, 000049.733, 156
Trd, 000050.383, 155
Trd, 000051.167, 153
Trd, 000051.283, 148
Trd, 000051.950, 158
Trd, 000051.983, 146
Trd, 000052.067, 158
Trd, 000052.750, 149
Trd, 000052.867, 160
Trd, 000053.950, 151
Trd, 000055.900, 155
Trd, 000057.867, 163
Trd, 000058.083, 159
Trd, 000058.217, 163
Trd, 000058.317, 177
Trd, 000059.633, 164
Trd, 000060.900, 169
Trd, 000061.117, 169
Trd, 000061.217, 167
Trd, 000061.633, 167
Trd, 000062.133, 168
Trd, 000063.450, 169
Trd, 000064.667, 168
Trd, 000064.767, 167
Trd, 000065.767, 166
Trd, 000066.017, 166
Trd, 000066.367, 165
Trd, 000066.500, 164
Trd, 000066.583, 166
Trd, 000066.817, 164
Trd, 000067.150, 163
Trd, 000067.250, 168
Trd, 000068.267, 172
Trd, 000068.583, 161
Trd, 000068.900, 160
Trd, 000069.433, 158
Trd, 000071.700, 152
Trd, 000071.783, 151
Trd, 000071.933, 157
Trd, 000072.333, 159
Trd, 000072.533, 172
Trd, 000072.617, 186
Trd, 000075.200, 167
Trd, 000075.917, 167
Trd, 000077.750, 174
Trd, 000078.117, 174
Trd, 000078.267, 173
Trd, 000078.400, 176
Trd, 000078.433, 171
Trd, 000079.883, 169
Trd, 000080.083, 176
Trd, 000080.500, 169
Trd, 000080.533, 168
Trd, 000081.817, 166
Trd, 000083.083, 167
Trd, 000083.600, 170
Trd, 000083.633, 174
Trd, 000083.717, 169
Trd, 000084.083, 166
Trd, 000085.117, 168
Trd, 000085.983, 170
Trd, 000086.617, 167
Trd, 000086.650, 166
Trd, 000087.033, 166
Trd, 000087.133, 165
Trd, 000087.400, 169
Trd, 000088.367, 148
Trd, 000089.100, 160
Trd, 000089.667, 162
Trd, 000091.517, 157
Trd, 000091.983, 160
Trd, 000092.450, 159
Trd, 000093.417, 164
Trd, 000094.167, 161
Trd, 000094.867, 153
Trd, 000095.350, 156
Trd, 000095.683, 160
Trd, 000095.800, 163
Trd, 000096.300, 165
Trd, 000096.600, 166
Trd, 000096.633, 155
Trd, 000097.483, 153
Trd, 000099.500, 164
Trd, 000099.733, 163
Trd, 000100.300, 163
Trd, 000100.733, 163
Trd, 000101.133, 164
Trd, 000101.217, 162
Trd, 000101.717, 161
Trd, 000102.600, 160
Trd, 000102.617, 152
Trd, 000103.033, 161
Trd, 000104.333, 152
Trd, 000105.250, 158
Trd, 000106.400, 158
Trd, 000106.550, 159
Trd, 000106.567, 160
Trd, 000106.633, 157
Trd, 000106.917, 165
Trd, 000106.967, 154
Trd, 000107.517, 168
Trd, 000108.050, 155
Trd, 000108.683, 167
Trd, 000109.350, 156
Trd, 000109.717, 156
Trd, 000111.017, 158
Trd, 000112.283, 166
Trd, 000113.633, 166
Trd, 000113.967, 168
Trd, 000114.133, 169
Trd, 000114.650, 170
Trd, 000114.700, 169
Trd, 000115.350, 168
Trd, 000115.783, 168
Trd, 000115.817, 169
Trd, 000116.333, 168
Trd, 000116.567, 170
Trd, 000116.767, 167
Trd, 000117.033, 168
Trd, 000117.433, 167
Trd, 000117.683, 163
Trd, 000117.700, 150
Trd, 000119.000, 150
Trd, 000119.400, 148
Trd, 000120.200, 163
Trd, 000120.400, 164
Trd, 000120.467, 165
Trd, 000122.600, 166
Trd, 000122.917, 164
Trd, 000123.933, 162
Trd, 000124.250, 160
Trd, 000124.567, 168
Trd, 000126.533, 161
Trd, 000126.683, 160
Trd, 000126.850, 161
Trd, 000127.350, 159
Trd, 000127.517, 162
Trd, 000127.567, 163
Trd, 000127.683, 159
Trd, 000128.033, 161
Trd, 000129.617, 164
Trd, 000130.567, 165
Trd, 000130.667, 163
Trd, 000130.717, 160
Trd, 000130.900, 152
Trd, 000131.733, 157
Trd, 000132.700, 162
Trd, 000133.617, 154
Trd, 000134.150, 154
Trd, 000134.417, 161
Trd, 000134.617, 155
Trd, 000134.900, 155
Trd, 000136.067, 160
Trd, 000136.283, 159
Trd, 000136.433, 158
Trd, 000137.350, 156
Trd, 000138.483, 155
Trd, 000138.600, 159
Trd, 000139.167, 157
Trd, 000140.100, 155
Trd, 000140.983, 158
Trd, 000141.317, 158
Trd, 000142.050, 193
Trd, 000142.283, 166
Trd, 000142.867, 167
Trd, 000143.133, 165
Trd, 000143.950, 164
Trd, 000145.133, 166
Trd, 000145.333, 168
Trd, 000145.733, 169
Trd, 000145.750, 166
Trd, 000145.950, 165
Trd, 000147.150, 166
Trd, 000147.300, 167
Trd, 000147.717, 167
Trd, 000148.600, 166
Trd, 000149.117, 167
Trd, 000149.300, 168
Trd, 000150.083, 165
Trd, 000150.617, 166
Trd, 000152.733, 168
Trd, 000152.833, 167
Trd, 000153.467, 169
Trd, 000153.783, 168
Trd, 000153.867, 167
Trd, 000154.533, 166
Trd, 000154.667, 166
Trd, 000154.883, 162
Trd, 000155.050, 168
Trd, 000155.150, 169
Trd, 000156.683, 163
Trd, 000157.300, 170
Trd, 000157.617, 166
Trd, 000157.800, 164
Trd, 000158.517, 167
Trd, 000158.850, 163
Trd, 000159.383, 167
Trd, 000160.583, 154
Trd, 000161.300, 159
Trd, 000161.900, 159
Trd, 000163.150, 162
Trd, 000163.517, 163
Trd, 000163.750, 161
Trd, 000163.867, 160
Trd, 000164.117, 158
Trd, 000165.217, 167
Trd, 000165.350, 163
Trd, 000166.267, 163
Trd, 000166.517, 167
Trd, 000167.050, 166
Trd, 000167.067, 172
Trd, 000167.967, 165
Trd, 000168.583, 164
Trd, 000168.683, 163
Trd, 000170.000, 163
Trd, 000170.633, 164
Trd, 000171.150, 165
Trd, 000171.450, 165
Trd, 000171.817, 167
Trd, 000173.533, 165
Trd, 000174.417, 166
Trd, 000174.467, 165
Trd, 000174.683, 158
Trd, 000175.567, 166
Trd, 000175.800, 169
Trd, 000176.867, 161
Trd, 000177.067, 157
Trd, 000178.267, 159
Trd, 000178.783, 162
Trd, 000178.967, 157
Trd, 000179.250, 155
Trd, 000179.667, 154
Trd, 000181.033, 164
Trd, 000182.250, 160
Trd, 000182.300, 160
Trd, 000182.500, 163
Trd, 000182.517, 164
Trd, 000184.300, 163
Trd, 000184.317, 162
Trd, 000184.500, 165
Trd, 000186.033, 167
Trd, 000186.283, 171
Trd, 000186.483, 171
Trd, 000187.000, 168
Trd, 000187.317, 166
Trd, 000187.683, 166
Trd, 000190.250, 174
Trd, 000190.683, 169
Trd, 000191.183, 171
Trd, 000191.250, 168
Trd, 000191.567, 171
Trd, 000191.583, 172
Trd, 000192.667, 183
Trd, 000193.783, 184
Trd, 000194.117, 183
Trd, 000194.167, 184
Trd, 000194.617, 183
Trd, 000195.583, 179
Trd, 000195.783, 179
Trd, 000196.017, 177
Trd, 000196.617, 179
Trd, 000198.050, 177
Trd, 000198.267, 177
Trd, 000198.583, 177
Trd, 000199.067, 199
Trd, 000199.667, 178
Trd, 000200.850, 177
Trd, 000201.267, 177
Trd, 000201.317, 162
Trd, 000201.783, 187
Trd, 000201.800, 174
Trd, 000202.200, 160
Trd, 000204.267, 176
Trd, 000204.550, 176
Trd, 000204.750, 174
Trd, 000204.933, 174
Trd, 000205.183, 175
Trd, 000206.183, 173
Trd, 000206.217, 174
Trd, 000206.383, 172
Trd, 000207.383, 175
Trd, 000207.650, 175
Trd, 000209.383, 160
Trd, 000210.150, 161
Trd, 000210.200, 175
Trd, 000210.400, 179
Trd, 000210.517, 162
Trd, 000211.367, 163
Trd, 000213.033, 177
Trd, 000213.117, 177
Trd, 000213.383, 176
Trd, 000213.550, 168
Trd, 000213.800, 200
Trd, 000213.883, 168
Trd, 000214.950, 168
Trd, 000216.617, 171
Trd, 000216.650, 170
Trd, 000216.833, 167
Trd, 000217.500, 159
Trd, 000219.233, 160
Trd, 000219.633, 160
Trd, 000219.667, 158
Trd, 000220.067, 178
Trd, 000221.967, 161
Trd, 000222.500, 161
Trd, 000223.183, 158
Trd, 000223.500, 161
Trd, 000223.917, 164
Trd, 000224.817, 161
Trd, 000224.917, 158
Trd, 000225.367, 162
Trd, 000225.667, 162
Trd, 000226.150, 166
Trd, 000226.550, 180
Trd, 000226.600, 166
Trd, 000227.300, 165
Trd, 000227.750, 164
Trd, 000228.417, 167
Trd, 000228.850, 170
Trd, 000230.550, 171
Trd, 000231.083, 171
Trd, 000231.233, 171
Trd, 000231.733, 177
Trd, 000232.350, 173
Trd, 000233.000, 174
Trd, 000233.033, 173
Trd, 000234.100, 175
Trd, 000234.400, 176
Trd, 000234.550, 173
Trd, 000235.417, 175
Trd, 000236.133, 176
Trd, 000236.617, 175
Trd, 000237.983, 178
Trd, 000238.383, 179
Trd, 000239.133, 178
Trd, 000239.467, 179
Trd, 000239.667, 180
Trd, 000240.433, 180
Trd, 000240.450, 181
Trd, 000240.517, 179
Trd, 000240.983, 178
Trd, 000241.150, 179
Trd, 000241.550, 176
Trd, 000241.850, 182
Trd, 000242.600, 192
Trd, 000243.000, 186
Trd, 000243.367, 184
Trd, 000243.400, 183
Trd, 000244.067, 185
Trd, 000244.750, 183
Trd, 000244.833, 182
Trd, 000245.350, 180
Trd, 000245.400, 177
Trd, 000246.550, 169
Trd, 000247.650, 177
Trd, 000247.683, 176
Trd, 000247.833, 174
Trd, 000248.067, 173
Trd, 000249.017, 176
Trd, 000249.700, 173
Trd, 000249.933, 175
Trd, 000250.100, 178
Trd, 000251.017, 176
Trd, 000251.200, 179
Trd, 000251.217, 180
Trd, 000252.017, 180
Trd, 000252.217, 182
Trd, 000252.500, 181
Trd, 000252.767, 178
Trd, 000253.767, 181
Trd, 000253.833, 183
Trd, 000254.567, 182
Trd, 000255.550, 181
Trd, 000255.867, 181
Trd, 000256.000, 183
Trd, 000256.083, 181
Trd, 000256.350, 182
Trd, 000256.600, 182
Trd, 000256.667, 181
Trd, 000256.967, 177
Trd, 000257.317, 169
Trd, 000257.583, 166
Trd, 000257.700, 156
Trd, 000258.167, 167
Trd, 000258.533, 168
Trd, 000259.050, 174
Trd, 000259.383, 175
Trd, 000260.133, 183
Trd, 000261.017, 180
Trd, 000261.117, 180
Trd, 000262.450, 179
Trd, 000262.667, 177
Trd, 000262.733, 181
Trd, 000262.783, 182
Trd, 000262.817, 176
Trd, 000263.683, 182
Trd, 000264.333, 182
Trd, 000264.517, 181
Trd, 000264.650, 180
Trd, 000264.933, 178
Trd, 000265.533, 173
Trd, 000265.717, 170
Trd, 000267.300, 179
Trd, 000267.367, 179
Trd, 000267.767, 179
Trd, 000269.117, 191
Trd, 000269.350, 184
Trd, 000269.733, 184
Trd, 000269.750, 183
Trd, 000270.533, 188
Trd, 000270.700, 192
Trd, 000270.733, 187
Trd, 000271.117, 184
Trd, 000271.233, 182
Trd, 000271.367, 177
Trd, 000271.733, 170
Trd, 000272.800, 175
Trd, 000272.900, 180
Trd, 000273.017, 179
Trd, 000273.233, 171
Trd, 000274.017, 175
Trd, 000274.300, 174
Trd, 000274.867, 175
Trd, 000274.983, 182
Trd, 000275.683, 206
Trd, 000275.833, 195
Trd, 000276.150, 192
Trd, 000276.417, 207
Trd, 000276.517, 188
Trd, 000277.450, 196
Trd, 000277.967, 192
Trd, 000278.017, 195
Trd, 000278.167, 192
Trd, 000278.350, 191
Trd, 000278.583, 191
Trd, 000278.600, 188
Trd, 000279.167, 185
Trd, 000279.867, 183
Trd, 000280.117, 173
Trd, 000280.550, 184
Trd, 000280.850, 177
Trd, 000282.033, 178
Trd, 000282.767, 182
Trd, 000283.650, 183
Trd, 000284.600, 179
Trd, 000286.017, 181
Trd, 000286.250, 180
Trd, 000286.300, 179
Trd, 000286.383, 185
Trd, 000286.567, 180
Trd, 000286.867, 183
Trd, 000287.233, 184
Trd, 000287.583, 184
Trd, 000287.717, 186
Trd, 000287.800, 183
Trd, 000288.650, 186
Trd, 000288.967, 184
Trd, 000289.067, 183
Trd, 000289.150, 188
Trd, 000289.183, 194
Trd, 000290.050, 181
Trd, 000290.183, 180
Trd, 000290.383, 180
Trd, 000290.717, 177
Trd, 000291.650, 195
Trd, 000292.017, 174
Trd, 000292.033, 196
Trd, 000292.067, 173
Trd, 000292.450, 172
Trd, 000293.217, 197
Trd, 000293.400, 184
Trd, 000294.783, 185
Trd, 000294.817, 184
Trd, 000295.150, 171
Trd, 000295.267, 181
Trd, 000295.583, 169
Trd, 000295.867, 172
Trd, 000295.933, 181
Trd, 000296.000, 195
Trd, 000296.233, 178
Trd, 000297.400, 176
Trd, 000297.933, 180
Trd, 000298.450, 186
Trd, 000298.583, 187
Trd, 000299.267, 186
Trd, 000299.350, 186
Trd, 000299.550, 185
Trd, 000299.900, 185
