Trd, 000001.033, 127
Trd, 000001.883, 135
Trd, 000002.033, 133
Trd, 000002.817, 158
Trd, 000002.933, 131
Trd, 000003.433, 148
Trd, 000003.467, 142
Trd, 000003.950, 147
Trd, 000005.317, 166
Trd, 000005.533, 178
Trd, 000005.700, 165
Trd, 000006.717, 140
Trd, 000006.850, 156
Trd, 000007.300, 157
Trd, 000008.533, 136
Trd, 000008.783, 156
Trd, 000009.900, 159
Trd, 000010.200, 166
Trd, 000010.333, 157
Trd, 000011.200, 156
Trd, 000011.367, 159
Trd, 000011.500, 162
Trd, 000012.633, 147
Trd, 000013.017, 139
Trd, 000015.333, 153
Trd, 000015.800, 154
Trd, 000016.333, 157
Trd, 000016.783, 156
Trd, 000017.500, 157
Trd, 000018.417, 143
Trd, 000018.850, 156
Trd, 000019.600, 160
Trd, 000020.283, 149
Trd, 000020.667, 147
Trd, 000021.067, 165
Trd, 000021.550, 165
Trd, 000022.100, 159
Trd, 000022.517, 166
Trd, 000023.350, 160
Trd, 000024.933, 157
Trd, 000025.133, 136
Trd, 000025.417, 136
Trd, 000025.500, 156
Trd, 000026.017, 161
Trd, 000026.983, 139
Trd, 000027.250, 141
Trd, 000028.333, 154
Trd, 000029.083, 157
Trd, 000029.133, 159
Trd, 000029.267, 161
Trd, 000030.867, 153
Trd, 000031.333, 147
Trd, 000031.867, 158
Trd, 000032.300, 146
Trd, 000034.267, 143
Trd, 000034.367, 160
Trd, 000034.683, 143
Trd, 000034.800, 136
Trd, 000034.850, 159
Trd, 000034.983, 160
Trd, 000035.200, 160
Trd, 000036.850, 160
Trd, 000037.033, 158
Trd, 000038.233, 151
Trd, 000038.533, 162
Trd, 000038.850, 162
Trd, 000040.000, 165
Trd, 000040.350, 169
Trd, 000040.617, 164
Trd, 000041.100, 153
Trd, 000041.217, 178
Trd, 000041.417, 177
Trd, 000041.783, 159
Trd, 000042.800, 159
Trd, 000042.950, 143
Trd, 000043.517, 143
Trd, 000044.133, 150
Trd, 000044.517, 169
Trd, 000045.033, 162
Trd, 000047.550, 156
Trd, 000048.933, 153
Trd, 000049.167, 155
Trd, 000049.933, 156
Trd, 000050.167, 153
Trd, 000050.317, 147
Trd, 000050.867, 160
Trd, 000051.450, 162
Trd, 000052.683, 159
Trd, 000052.933, 160
Trd, 000052.950, 145
Trd, 000053.100, 139
Trd, 000053.700, 147
Trd, 000054.100, 160
Trd, 000054.183, 146
Trd, 000054.483, 170
Trd, 000054.650, 181
Trd, 000055.617, 160
Trd, 000055.717, 144
Trd, 000056.150, 162
Trd, 000056.467, 161
Trd, 000056.900, 152
Trd, 000057.600, 163
Trd, 000058.050, 167
Trd, 000058.433, 166
Trd, 000059.000, 170
Trd, 000059.533, 163
Trd, 000059.983, 163
Trd, 000060.400, 163
Trd, 000060.983, 163
Trd, 000061.283, 161
Trd, 000061.483, 145
Trd, 000061.917, 164
Trd, 000062.000, 144
Trd, 000062.083, 167
Trd, 000063.217, 161
Trd, 000063.267, 170
Trd, 000064.000, 154
Trd, 000064.533, 171
Trd, 000065.383, 167
Trd, 000065.783, 153
Trd, 000067.750, 153
Trd, 000067.983, 169
Trd, 000068.600, 153
Trd, 000068.883, 169
Trd, 000069.067, 145
Trd, 000069.400, 166
Trd, 000069.483, 170
Trd, 000069.733, 163
Trd, 000071.200, 168
Trd, 000071.383, 169
Trd, 000072.050, 167
Trd, 000072.533, 162
Trd, 000072.583, 172
Trd, 000073.100, 158
Trd, 000073.433, 150
Trd, 000073.667, 186
Trd, 000073.683, 141
Trd, 000074.683, 169
Trd, 000075.383, 162
Trd, 000075.700, 147
Trd, 000075.900, 166
Trd, 000077.083, 154
Trd, 000077.450, 157
Trd, 000078.433, 156
Trd, 000079.133, 159
Trd, 000079.250, 146
Trd, 000080.067, 141
Trd, 000080.483, 165
Trd, 000081.200, 166
Trd, 000082.000, 165
Trd, 000082.050, 166
Trd, 000082.367, 166
Trd, 000082.583, 174
Trd, 000082.800, 163
Trd, 000083.567, 170
Trd, 000084.000, 164
Trd, 000084.433, 154
Trd, 000085.983, 159
Trd, 000086.567, 164
Trd, 000087.883, 158
Trd, 000088.933, 155
Trd, 000089.033, 160
Trd, 000089.267, 152
Trd, 000089.283, 160
Trd, 000090.367, 168
Trd, 000090.883, 166
Trd, 000091.550, 172
Trd, 000091.750, 172
Trd, 000092.333, 164
Trd, 000092.817, 149
Trd, 000093.000, 155
Trd, 000093.033, 157
Trd, 000093.067, 165
Trd, 000093.867, 140
Trd, 000095.250, 155
Trd, 000095.717, 164
Trd, 000096.483, 159
Trd, 000096.500, 160
Trd, 000096.583, 165
Trd, 000096.783, 156
Trd, 000097.217, 154
Trd, 000097.433, 168
Trd, 000099.183, 175
Trd, 000099.200, 176
Trd, 000099.267, 150
Trd, 000100.800, 175
Trd, 000101.717, 153
Trd, 000101.933, 172
Trd, 000102.750, 166
Trd, 000103.283, 167
Trd, 000103.383, 163
Trd, 000103.633, 168
Trd, 000105.000, 144
Trd, 000105.317, 168
Trd, 000106.150, 141
Trd, 000106.500, 168
Trd, 000109.567, 167
Trd, 000109.883, 166
Trd, 000110.233, 156
Trd, 000110.450, 167
Trd, 000110.967, 160
Trd, 000111.633, 167
Trd, 000111.667, 158
Trd, 000111.783, 169
Trd, 000112.300, 168
Trd, 000113.650, 156
Trd, 000113.717, 145
Trd, 000114.000, 140
Trd, 000115.050, 167
Trd, 000115.083, 152
Trd, 000115.633, 169
Trd, 000115.933, 148
Trd, 000115.967, 176
Trd, 000116.517, 149
Trd, 000116.633, 174
Trd, 000117.683, 174
Trd, 000118.083, 161
Trd, 000118.183, 146
Trd, 000118.533, 155
Trd, 000119.533, 160
Trd, 000120.550, 163
Trd, 000121.017, 167
Trd, 000121.167, 154
Trd, 000122.317, 173
Trd, 000123.183, 168
Trd, 000123.300, 177
Trd, 000123.917, 184
Trd, 000124.100, 174
Trd, 000124.917, 168
Trd, 000125.833, 169
Trd, 000126.767, 168
Trd, 000127.317, 170
Trd, 000127.733, 168
Trd, 000127.900, 171
Trd, 000128.000, 157
Trd, 000128.300, 175
Trd, 000128.567, 153
Trd, 000130.733, 171
Trd, 000130.967, 174
Trd, 000131.133, 168
Trd, 000131.783, 171
Trd, 000132.233, 175
Trd, 000132.367, 147
Trd, 000133.667, 159
Trd, 000133.967, 157
Trd, 000134.317, 171
Trd, 000134.817, 169
Trd, 000135.750, 169
Trd, 000135.950, 178
Trd, 000137.150, 176
Trd, 000137.217, 169
Trd, 000137.417, 175
Trd, 000137.550, 159
Trd, 000137.600, 153
Trd, 000138.083, 178
Trd, 000138.400, 179
Trd, 000139.533, 177
Trd, 000140.583, 172
Trd, 000140.700, 179
Trd, 000140.933, 167
Trd, 000142.150, 161
Trd, 000142.933, 164
Trd, 000143.000, 166
Trd, 000143.350, 166
Trd, 000143.883, 161
Trd, 000144.683, 154
Trd, 000144.750, 169
Trd, 000145.933, 178
Trd, 000146.050, 163
Trd, 000147.300, 172
Trd, 000147.950, 167
Trd, 000148.583, 149
Trd, 000149.350, 152
Trd, 000149.567, 166
Trd, 000149.867, 148
Trd, 000150.350, 170
Trd, 000151.067, 169
Trd, 000151.417, 174
Trd, 000151.517, 180
Trd, 000151.683, 156
Trd, 000152.217, 152
Trd, 000152.900, 171
Trd, 000153.083, 170
Trd, 000154.250, 169
Trd, 000154.350, 170
Trd, 000154.783, 173
Trd, 000154.867, 154
Trd, 000154.933, 149
Trd, 000156.050, 170
Trd, 000156.217, 147
Trd, 000156.567, 170
Trd, 000156.683, 171
Trd, 000159.117, 152
Trd, 000159.317, 171
Trd, 000159.650, 175
Trd, 000159.800, 171
Trd, 000159.950, 161
Trd, 000160.167, 161
Trd, 000160.500, 174
Trd, 000161.100, 157
Trd, 000161.750, 155
Trd, 000162.500, 150
Trd, 000163.750, 150
Trd, 000163.817, 167
Trd, 000164.533, 170
Trd, 000165.083, 171
Trd, 000165.417, 174
Trd, 000166.317, 181
Trd, 000167.800, 175
Trd, 000168.033, 176
Trd, 000168.317, 173
Trd, 000169.017, 182
Trd, 000170.883, 173
Trd, 000171.233, 172
Trd, 000171.417, 174
Trd, 000172.083, 172
Trd, 000172.183, 175
Trd, 000172.667, 161
Trd, 000174.083, 156
Trd, 000174.333, 168
Trd, 000175.417, 168
Trd, 000175.450, 172
Trd, 000175.950, 159
Trd, 000176.450, 151
Trd, 000177.117, 153
Trd, 000177.217, 157
Trd, 000177.383, 173
Trd, 000177.700, 152
Trd, 000178.083, 175
Trd, 000178.350, 182
Trd, 000179.167, 190
Trd, 000180.100, 189
Trd, 000181.433, 175
Trd, 000182.117, 173
Trd, 000183.283, 170
Trd, 000183.950, 176
Trd, 000184.867, 153
Trd, 000185.600, 161
Trd, 000185.683, 163
Trd, 000186.283, 166
Trd, 000186.617, 161
Trd, 000186.983, 168
Trd, 000187.100, 172
Trd, 000187.883, 159
Trd, 000189.067, 158
Trd, 000189.500, 170
Trd, 000190.167, 154
Trd, 000190.200, 165
Trd, 000190.367, 174
Trd, 000190.900, 177
Trd, 000191.133, 156
Trd, 000191.333, 178
Trd, 000191.950, 193
Trd, 000192.400, 198
Trd, 000192.650, 188
Trd, 000192.967, 175
Trd, 000193.533, 174
Trd, 000194.017, 189
Trd, 000194.583, 172
Trd, 000194.667, 155
Trd, 000195.083, 176
Trd, 000195.817, 154
Trd, 000195.950, 170
Trd, 000196.567, 153
Trd, 000196.600, 177
Trd, 000196.717, 181
Trd, 000198.667, 173
Trd, 000198.683, 185
Trd, 000199.183, 145
Trd, 000199.667, 146
Trd, 000200.017, 172
Trd, 000200.833, 161
Trd, 000200.950, 158
Trd, 000201.183, 151
Trd, 000201.433, 171
Trd, 000202.667, 170
Trd, 000202.817, 167
Trd, 000202.867, 173
Trd, 000203.550, 170
Trd, 000205.800, 175
Trd, 000205.883, 160
Trd, 000206.100, 157
Trd, 000206.233, 175
Trd, 000206.467, 176
Trd, 000207.183, 168
Trd, 000207.783, 169
Trd, 000208.717, 154
Trd, 000209.167, 159
Trd, 000209.650, 172
Trd, 000210.033, 164
Trd, 000210.183, 173
Trd, 000211.533, 162
Trd, 000211.717, 161
Trd, 000213.683, 164
Trd, 000214.200, 166
Trd, 000214.483, 167
Trd, 000214.750, 160
Trd, 000216.100, 176
Trd, 000216.350, 179
Trd, 000217.017, 179
Trd, 000217.817, 180
Trd, 000218.217, 177
Trd, 000219.200, 179
Trd, 000220.100, 184
Trd, 000220.300, 167
Trd, 000220.400, 162
Trd, 000220.533, 187
Trd, 000220.733, 156
Trd, 000221.433, 173
Trd, 000221.467, 180
Trd, 000222.300, 179
Trd, 000223.100, 177
Trd, 000223.983, 172
Trd, 000224.000, 175
Trd, 000225.733, 175
Trd, 000225.933, 171
Trd, 000226.450, 171
Trd, 000226.667, 162
Trd, 000227.167, 172
Trd, 000227.183, 176
Trd, 000227.300, 159
Trd, 000229.400, 150
Trd, 000229.417, 154
Trd, 000230.283, 170
Trd, 000231.033, 162
Trd, 000231.300, 167
Trd, 000232.717, 172
Trd, 000233.033, 168
Trd, 000233.317, 166
Trd, 000234.333, 178
Trd, 000235.533, 175
Trd, 000235.717, 164
Trd, 000236.317, 176
Trd, 000236.617, 174
Trd, 000237.167, 163
Trd, 000237.350, 167
Trd, 000237.983, 170
Trd, 000238.400, 170
Trd, 000238.783, 169
Trd, 000239.017, 157
Trd, 000239.817, 175
Trd, 000240.100, 179
Trd, 000240.783, 172
Trd, 000241.100, 179
Trd, 000241.133, 182
Trd, 000241.950, 183
Trd, 000242.133, 180
Trd, 000242.267, 176
Trd, 000242.867, 192
Trd, 000243.117, 173
Trd, 000243.383, 182
Trd, 000243.450, 193
Trd, 000244.967, 186
Trd, 000245.517, 183
Trd, 000246.567, 180
Trd, 000247.033, 179
Trd, 000247.333, 180
Trd, 000247.667, 184
Trd, 000248.333, 182
Trd, 000248.950, 184
Trd, 000249.217, 182
Trd, 000249.700, 176
Trd, 000251.000, 177
Trd, 000251.200, 175
Trd, 000251.267, 181
Trd, 000251.650, 176
Trd, 000251.767, 181
Trd, 000251.883, 183
Trd, 000251.983, 180
Trd, 000252.233, 174
Trd, 000253.783, 179
Trd, 000254.467, 175
Trd, 000254.750, 176
Trd, 000255.150, 180
Trd, 000255.800, 180
Trd, 000256.133, 183
Trd, 000256.550, 183
Trd, 000256.917, 177
Trd, 000257.067, 184
Trd, 000257.983, 183
Trd, 000258.483, 186
Trd, 000258.733, 178
Trd, 000259.883, 188
Trd, 000259.967, 189
Trd, 000260.717, 181
Trd, 000260.983, 186
Trd, 000261.200, 180
Trd, 000261.850, 170
Trd, 000261.983, 180
Trd, 000262.017, 184
Trd, 000262.717, 184
Trd, 000263.733, 184
Trd, 000264.133, 185
Trd, 000264.233, 181
Trd, 000264.833, 177
Trd, 000265.483, 187
Trd, 000266.033, 174
Trd, 000266.833, 182
Trd, 000267.167, 186
Trd, 000267.517, 182
Trd, 000267.717, 178
Trd, 000267.733, 183
Trd, 000268.850, 181
Trd, 000268.933, 182
Trd, 000269.667, 181
Trd, 000270.067, 180
Trd, 000270.350, 181
Trd, 000271.150, 180
Trd, 000272.000, 182
Trd, 000272.200, 175
Trd, 000272.317, 189
Trd, 000272.733, 182
Trd, 000272.933, 175
Trd, 000273.167, 189
Trd, 000274.483, 176
Trd, 000274.750, 179
Trd, 000274.850, 180
Trd, 000275.383, 176
Trd, 000276.067, 177
Trd, 000276.317, 178
Trd, 000276.850, 182
Trd, 000277.283, 183
Trd, 000277.600, 184
Trd, 000278.017, 177
Trd, 000278.233, 175
Trd, 000279.333, 184
Trd, 000279.700, 183
Trd, 000279.883, 172
Trd, 000280.050, 178
Trd, 000281.517, 179
Trd, 000281.567, 184
Trd, 000281.867, 186
Trd, 000281.900, 178
Trd, 000282.933, 188
Trd, 000283.133, 188
Trd, 000283.450, 179
Trd, 000284.417, 173
Trd, 000284.817, 177
Trd, 000285.300, 176
Trd, 000285.650, 179
Trd, 000285.767, 172
Trd, 000285.967, 168
Trd, 000286.050, 188
Trd, 000286.583, 186
Trd, 000287.167, 180
Trd, 000287.200, 168
Trd, 000287.250, 162
Trd, 000288.033, 184
Trd, 000288.450, 185
Trd, 000288.750, 172
Trd, 000288.817, 179
Trd, 000289.433, 181
Trd, 000290.017, 169
Trd, 000291.067, 180
Trd, 000291.267, 180
Trd, 000292.117, 178
Trd, 000292.167, 181
Trd, 000293.283, 184
Trd, 000294.150, 180
Trd, 000294.400, 185
Trd, 000294.600, 184
Trd, 000294.900, 182
Trd, 000295.150, 184
Trd, 000295.550, 177
Trd, 000295.783, 173
Trd, 000296.083, 184
Trd, 000296.667, 187
Trd, 000296.733, 172
Trd, 000297.017, 171
Trd, 000297.783, 190
Trd, 000297.833, 191
Trd, 000298.400, 170
Trd, 000298.433, 164
Trd, 000299.800, 185
