Trd, 000001.300, 126
Trd, 000001.800, 147
Trd, 000003.683, 143
Trd, 000003.983, 139
Trd, 000004.317, 144
Trd, 000004.467, 147
Trd, 000004.583, 147
Trd, 000005.200, 145
Trd, 000006.467, 146
Trd, 000006.933, 148
Trd, 000007.283, 149
Trd, 000007.583, 148
Trd, 000008.367, 144
Trd, 000008.750, 137
Trd, 000009.367, 137
Trd, 000009.600, 140
Trd, 000009.633, 142
Trd, 000010.850, 140
Trd, 000010.883, 139
Trd, 000011.500, 140
Trd, 000012.133, 141
Trd, 000012.717, 140
Trd, 000012.967, 144
Trd, 000013.400, 142
Trd, 000013.500, 144
Trd, 000013.850, 136
Trd, 000013.900, 135
Trd, 000014.133, 145
Trd, 000016.117, 142
Trd, 000016.783, 141
Trd, 000016.950, 144
Trd, 000018.133, 144
Trd, 000018.783, 144
Trd, 000018.867, 146
Trd, 000019.550, 143
Trd, 000019.950, 146
Trd, 000020.267, 153
Trd, 000021.767, 147
Trd, 000021.900, 147
Trd, 000021.917, 146
Trd, 000022.467, 146
Trd, 000022.700, 147
Trd, 000023.033, 157
Trd, 000023.600, 164
Trd, 000023.717, 147
Trd, 000024.083, 163
Trd, 000024.750, 152
Trd, 000024.850, 150
Trd, 000025.367, 160
Trd, 000025.917, 152
Trd, 000026.517, 138
Trd, 000027.117, 157
Trd, 000027.600, 153
Trd, 000027.850, 158
Trd, 000028.833, 153
Trd, 000029.100, 151
Trd, 000029.383, 154
Trd, 000029.933, 141
Trd, 000030.267, 140
Trd, 000030.733, 152
Trd, 000031.050, 139
Trd, 000032.483, 152
Trd, 000032.650, 152
Trd, 000033.033, 148
Trd, 000033.517, 147
Trd, 000033.800, 150
Trd, 000034.133, 148
Trd, 000034.250, 148
Trd, 000034.667, 142
Trd, 000035.600, 152
Trd, 000036.050, 141
Trd, 000036.167, 147
Trd, 000036.950, 148
Trd, 000037.267, 148
Trd, 000038.417, 152
Trd, 000038.600, 151
Trd, 000038.833, 151
Trd, 000039.300, 151
Trd, 000040.367, 151
Trd, 000040.467, 150
Trd, 000041.433, 149
Trd, 000041.450, 154
Trd, 000041.700, 147
Trd, 000042.717, 146
Trd, 000043.100, 153
Trd, 000044.083, 148
Trd, 000044.650, 150
Trd, 000045.183, 152
Trd, 000045.417, 153
Trd, 000046.500, 153
Trd, 000046.683, 149
Trd, 000047.100, 149
Trd, 000047.400, 155
Trd, 000048.483, 152
Trd, 000048.683, 152
Trd, 000049.533, 151
Trd, 000049.633, 154
Trd, 000049.800, 154
Trd, 000050.517, 153
Trd, 000051.400, 149
Trd, 000051.867, 152
Trd, 000051.900, 151
Trd, 000052.033, 142
Trd, 000052.350, 156
Trd, 000052.700, 160
Trd, 000053.383, 149
Trd, 000053.983, 146
Trd, 000054.550, 143
Trd, 000055.250, 146
Trd, 000055.367, 141
Trd, 000055.867, 147
Trd, 000056.283, 141
Trd, 000057.183, 146
Trd, 000058.017, 143
Trd, 000059.267, 144
Trd, 000059.567, 143
Trd, 000059.850, 147
Trd, 000060.433, 149
Trd, 000060.500, 159
Trd, 000060.533, 145
Trd, 000061.667, 148
Trd, 000062.817, 150
Trd, 000063.217, 145
Trd, 000063.517, 150
Trd, 000063.817, 157
Trd, 000064.300, 149
Trd, 000064.617, 150
Trd, 000064.883, 149
Trd, 000065.733, 155
Trd, 000066.033, 161
Trd, 000066.217, 157
Trd, 000066.483, 168
Trd, 000066.883, 158
Trd, 000067.250, 151
Trd, 000069.133, 153
Trd, 000070.067, 153
Trd, 000070.350, 153
Trd, 000071.133, 156
Trd, 000071.333, 143
Trd, 000071.500, 158
Trd, 000072.133, 151
Trd, 000072.467, 150
Trd, 000073.200, 150
Trd, 000073.267, 151
Trd, 000073.883, 150
Trd, 000073.950, 149
Trd, 000075.817, 152
Trd, 000076.450, 154
Trd, 000076.483, 151
Trd, 000077.050, 150
Trd, 000077.667, 149
Trd, 000077.717, 153
Trd, 000077.733, 144
Trd, 000078.067, 152
Trd, 000078.117, 159
Trd, 000079.333, 151
Trd, 000079.367, 152
Trd, 000079.533, 163
Trd, 000079.883, 148
Trd, 000080.067, 168
Trd, 000081.433, 159
Trd, 000081.667, 170
Trd, 000081.833, 166
Trd, 000083.083, 158
Trd, 000083.300, 164
Trd, 000084.433, 160
Trd, 000084.983, 160
Trd, 000085.100, 164
Trd, 000086.217, 160
Trd, 000086.400, 165
Trd, 000086.633, 158
Trd, 000086.833, 157
Trd, 000088.233, 158
Trd, 000088.417, 156
Trd, 000088.950, 151
Trd, 000088.967, 157
Trd, 000089.050, 158
Trd, 000089.650, 145
Trd, 000089.750, 153
Trd, 000090.000, 144
Trd, 000091.200, 153
Trd, 000092.133, 151
Trd, 000092.250, 150
Trd, 000092.917, 151
Trd, 000092.967, 144
Trd, 000092.983, 143
Trd, 000093.183, 152
Trd, 000093.333, 148
Trd, 000093.683, 160
Trd, 000093.717, 164
Trd, 000094.533, 149
Trd, 000096.083, 149
Trd, 000096.167, 149
Trd, 000096.183, 147
Trd, 000096.450, 150
Trd, 000097.283, 150
Trd, 000098.100, 150
Trd, 000098.600, 151
Trd, 000098.650, 150
Trd, 000099.200, 149
Trd, 000099.250, 154
Trd, 000100.350, 156
Trd, 000101.933, 147
Trd, 000102.333, 149
Trd, 000102.633, 153
Trd, 000103.233, 153
Trd, 000103.633, 153
Trd, 000103.683, 154
Trd, 000104.533, 153
Trd, 000105.617, 155
Trd, 000106.333, 158
Trd, 000106.933, 157
Trd, 000107.067, 154
Trd, 000107.583, 158
Trd, 000108.000, 159
Trd, 000109.233, 155
Trd, 000109.800, 155
Trd, 000110.283, 160
Trd, 000111.050, 158
Trd, 000112.383, 159
Trd, 000112.417, 155
Trd, 000112.567, 154
Trd, 000112.650, 154
Trd, 000113.300, 160
Trd, 000113.633, 162
Trd, 000114.133, 160
Trd, 000115.050, 158
Trd, 000115.150, 159
Trd, 000115.500, 157
Trd, 000116.617, 159
Trd, 000116.683, 173
Trd, 000116.967, 148
Trd, 000118.200, 160
Trd, 000118.567, 156
Trd, 000118.883, 147
Trd, 000119.567, 161
Trd, 000119.700, 161
Trd, 000119.983, 147
Trd, 000121.133, 154
Trd, 000121.150, 155
Trd, 000121.417, 153
Trd, 000121.533, 160
Trd, 000122.017, 167
Trd, 000122.217, 151
Trd, 000122.683, 170
Trd, 000123.017, 177
Trd, 000124.083, 154
Trd, 000125.317, 163
Trd, 000125.967, 162
Trd, 000126.967, 162
Trd, 000127.283, 162
Trd, 000127.683, 160
Trd, 000128.050, 159
Trd, 000128.150, 162
Trd, 000128.783, 161
Trd, 000129.767, 163
Trd, 000130.050, 149
Trd, 000130.167, 146
Trd, 000130.217, 164
Trd, 000130.317, 168
Trd, 000131.667, 160
Trd, 000132.033, 166
Trd, 000132.150, 160
Trd, 000132.300, 165
Trd, 000133.367, 166
Trd, 000134.467, 161
Trd, 000134.567, 160
Trd, 000134.667, 162
Trd, 000135.233, 161
Trd, 000135.350, 162
Trd, 000135.483, 159
Trd, 000135.683, 158
Trd, 000137.233, 158
Trd, 000137.617, 157
Trd, 000137.767, 158
Trd, 000138.567, 159
Trd, 000138.683, 158
Trd, 000139.417, 157
Trd, 000139.917, 160
Trd, 000140.083, 148
Trd, 000140.883, 149
Trd, 000140.950, 148
Trd, 000141.583, 152
Trd, 000141.867, 155
Trd, 000142.800, 154
Trd, 000143.133, 157
Trd, 000143.217, 158
Trd, 000143.467, 165
Trd, 000143.533, 155
Trd, 000144.050, 155
Trd, 000144.350, 163
Trd, 000144.783, 167
Trd, 000146.100, 155
Trd, 000147.133, 160
Trd, 000147.217, 159
Trd, 000148.117, 159
Trd, 000148.150, 156
Trd, 000148.917, 165
Trd, 000149.100, 169
Trd, 000149.433, 155
Trd, 000150.383, 160
Trd, 000150.417, 163
Trd, 000150.650, 159
Trd, 000151.400, 153
Trd, 000151.600, 163
Trd, 000152.650, 162
Trd, 000153.483, 159
Trd, 000154.050, 157
Trd, 000154.567, 158
Trd, 000154.583, 159
Trd, 000155.300, 158
Trd, 000155.383, 170
Trd, 000156.300, 160
Trd, 000157.150, 161
Trd, 000157.633, 162
Trd, 000158.067, 163
Trd, 000158.683, 166
Trd, 000158.900, 161
Trd, 000159.667, 170
Trd, 000160.333, 171
Trd, 000160.483, 177
Trd, 000160.717, 161
Trd, 000161.267, 160
Trd, 000161.650, 154
Trd, 000161.717, 152
Trd, 000162.350, 159
Trd, 000162.717, 160
Trd, 000162.950, 164
Trd, 000163.700, 153
Trd, 000164.333, 164
Trd, 000164.467, 153
Trd, 000164.483, 168
Trd, 000166.083, 157
Trd, 000166.483, 157
Trd, 000166.700, 156
Trd, 000166.783, 160
Trd, 000167.383, 158
Trd, 000168.033, 161
Trd, 000168.133, 158
Trd, 000168.567, 167
Trd, 000169.300, 154
Trd, 000170.350, 160
Trd, 000170.867, 161
Trd, 000171.200, 158
Trd, 000171.633, 162
Trd, 000172.067, 162
Trd, 000172.600, 158
Trd, 000173.583, 162
Trd, 000173.883, 162
Trd, 000173.967, 161
Trd, 000174.050, 167
Trd, 000174.567, 168
Trd, 000174.633, 169
Trd, 000175.083, 172
Trd, 000176.617, 167
Trd, 000176.983, 161
Trd, 000177.867, 166
Trd, 000178.533, 165
Trd, 000178.583, 164
Trd, 000178.667, 167
Trd, 000179.400, 169
Trd, 000180.217, 161
Trd, 000180.267, 162
Trd, 000180.367, 168
Trd, 000180.400, 169
Trd, 000180.617, 154
Trd, 000180.950, 169
Trd, 000181.100, 170
Trd, 000181.850, 162
Trd, 000182.433, 160
Trd, 000183.150, 171
Trd, 000183.567, 163
Trd, 000184.417, 171
Trd, 000184.850, 162
Trd, 000184.883, 170
Trd, 000185.067, 161
Trd, 000186.017, 168
Trd, 000187.167, 171
Trd, 000188.267, 166
Trd, 000189.433, 167
Trd, 000189.967, 167
Trd, 000190.617, 166
Trd, 000190.700, 165
Trd, 000191.150, 168
Trd, 000191.633, 167
Trd, 000191.700, 168
Trd, 000191.733, 167
Trd, 000191.800, 168
Trd, 000191.817, 163
Trd, 000191.867, 155
Trd, 000192.433, 170
Trd, 000193.650, 163
Trd, 000194.067, 160
Trd, 000196.533, 166
Trd, 000196.567, 166
Trd, 000196.650, 167
Trd, 000197.583, 170
Trd, 000197.850, 174
Trd, 000198.617, 169
Trd, 000198.733, 182
Trd, 000199.217, 167
Trd, 000199.767, 166
Trd, 000201.467, 166
Trd, 000201.850, 166
Trd, 000202.017, 166
Trd, 000202.450, 166
Trd, 000202.583, 167
Trd, 000203.100, 164
Trd, 000203.350, 167
Trd, 000203.533, 158
Trd, 000203.683, 166
Trd, 000204.283, 166
Trd, 000205.500, 158
Trd, 000205.567, 159
Trd, 000205.817, 161
Trd, 000206.400, 166
Trd, 000206.917, 158
Trd, 000208.517, 166
Trd, 000208.633, 171
Trd, 000210.083, 167
Trd, 000210.433, 168
Trd, 000210.733, 170
Trd, 000210.750, 164
Trd, 000211.067, 165
Trd, 000212.033, 165
Trd, 000212.767, 166
Trd, 000213.417, 164
Trd, 000213.450, 166
Trd, 000214.133, 167
Trd, 000214.233, 166
Trd, 000214.417, 167
Trd, 000214.883, 165
Trd, 000215.300, 165
Trd, 000216.617, 160
Trd, 000217.067, 160
Trd, 000218.783, 168
Trd, 000218.817, 159
Trd, 000219.167, 172
Trd, 000219.383, 158
Trd, 000220.700, 166
Trd, 000220.850, 164
Trd, 000221.167, 163
Trd, 000221.683, 162
Trd, 000222.250, 165
Trd, 000222.700, 161
Trd, 000224.367, 166
Trd, 000225.017, 166
Trd, 000225.350, 169
Trd, 000225.867, 169
Trd, 000225.967, 169
Trd, 000225.983, 173
Trd, 000226.000, 174
Trd, 000226.300, 163
Trd, 000226.550, 162
Trd, 000227.517, 181
Trd, 000227.650, 187
Trd, 000228.233, 177
Trd, 000228.800, 171
Trd, 000229.617, 171
Trd, 000230.767, 174
Trd, 000231.100, 174
Trd, 000231.167, 176
Trd, 000231.600, 175
Trd, 000231.917, 178
Trd, 000231.967, 172
Trd, 000232.050, 171
Trd, 000232.667, 184
Trd, 000233.650, 170
Trd, 000234.217, 159
Trd, 000236.150, 170
Trd, 000236.183, 171
Trd, 000236.383, 170
Trd, 000236.583, 172
Trd, 000236.617, 172
Trd, 000238.600, 170
Trd, 000238.633, 172
Trd, 000238.650, 173
Trd, 000240.100, 167
Trd, 000240.350, 174
Trd, 000240.400, 173
Trd, 000240.567, 174
Trd, 000240.733, 174
Trd, 000240.800, 175
Trd, 000241.100, 174
Trd, 000241.383, 173
Trd, 000241.633, 174
Trd, 000242.267, 177
Trd, 000242.517, 179
Trd, 000242.850, 173
Trd, 000243.217, 179
Trd, 000243.633, 174
Trd, 000244.083, 178
Trd, 000244.467, 176
Trd, 000245.350, 178
Trd, 000245.450, 179
Trd, 000245.950, 182
Trd, 000246.533, 178
Trd, 000246.683, 178
Trd, 000246.917, 178
Trd, 000246.967, 175
Trd, 000247.000, 172
Trd, 000247.383, 174
Trd, 000248.000, 174
Trd, 000248.467, 174
Trd, 000248.983, 177
Trd, 000249.400, 177
Trd, 000249.667, 176
Trd, 000250.050, 176
Trd, 000250.267, 183
Trd, 000250.317, 181
Trd, 000250.500, 187
Trd, 000250.750, 190
Trd, 000250.917, 166
Trd, 000251.650, 165
Trd, 000252.550, 168
Trd, 000252.717, 165
Trd, 000254.017, 167
Trd, 000254.233, 153
Trd, 000254.650, 160
Trd, 000254.700, 154
Trd, 000255.333, 149
Trd, 000255.467, 159
Trd, 000256.483, 160
Trd, 000256.583, 162
Trd, 000256.617, 166
Trd, 000257.033, 163
Trd, 000257.233, 165
Trd, 000257.550, 166
Trd, 000258.300, 163
Trd, 000258.717, 165
Trd, 000259.483, 169
Trd, 000260.167, 170
Trd, 000260.883, 171
Trd, 000262.467, 169
Trd, 000262.900, 170
Trd, 000263.233, 169
Trd, 000263.383, 167
Trd, 000263.817, 177
Trd, 000263.833, 181
Trd, 000264.183, 166
Trd, 000264.267, 183
Trd, 000264.717, 183
Trd, 000265.433, 166
Trd, 000265.683, 168
Trd, 000266.017, 169
Trd, 000266.633, 179
Trd, 000266.917, 185
Trd, 000267.117, 179
Trd, 000267.600, 176
Trd, 000268.433, 177
Trd, 000268.550, 179
Trd, 000268.783, 182
Trd, 000268.883, 181
Trd, 000269.800, 182
Trd, 000270.217, 180
Trd, 000270.783, 179
Trd, 000270.867, 182
Trd, 000271.400, 179
Trd, 000271.967, 174
Trd, 000273.350, 171
Trd, 000273.617, 176
Trd, 000273.817, 175
Trd, 000273.933, 178
Trd, 000274.533, 178
Trd, 000274.917, 182
Trd, 000275.133, 183
Trd, 000275.333, 182
Trd, 000275.817, 181
Trd, 000276.217, 178
Trd, 000276.467, 183
Trd, 000276.733, 175
Trd, 000276.900, 178
Trd, 000278.083, 171
Trd, 000278.250, 172
Trd, 000278.433, 166
Trd, 000278.583, 169
Trd, 000278.683, 171
Trd, 000279.117, 172
Trd, 000279.917, 185
Trd, 000280.133, 178
Trd, 000280.967, 175
Trd, 000281.517, 177
Trd, 000281.583, 176
Trd, 000281.767, 179
Trd, 000282.200, 180
Trd, 000282.400, 176
Trd, 000282.617, 175
Trd, 000283.217, 173
Trd, 000283.850, 164
Trd, 000284.100, 159
Trd, 000284.317, 169
Trd, 000284.383, 162
Trd, 000284.667, 177
Trd, 000285.267, 166
Trd, 000285.583, 165
Trd, 000285.667, 163
Trd, 000285.683, 160
Trd, 000285.783, 171
Trd, 000286.367, 164
Trd, 000287.100, 171
Trd, 000287.833, 164
Trd, 000289.000, 169
Trd, 000289.250, 168
Trd, 000290.083, 170
Trd, 000290.133, 180
Trd, 000290.200, 168
Trd, 000290.500, 169
Trd, 000290.817, 165
Trd, 000291.233, 168
Trd, 000291.433, 169
Trd, 000291.983, 173
Trd, 000292.083, 173
Trd, 000292.350, 187
Trd, 000292.817, 191
Trd, 000292.933, 197
Trd, 000294.083, 165
Trd, 000295.183, 166
Trd, 000295.400, 166
Trd, 000295.633, 171
Trd, 000295.883, 171
Trd, 000296.067, 174
Trd, 000296.333, 180
Trd, 000296.733, 165
Trd, 000297.000, 163
Trd, 000298.217, 166
Trd, 000298.233, 174
Trd, 000298.667, 168
Trd, 000298.833, 174
Trd, 000299.117, 174
