Trd, 000001.900, 164
Trd, 000002.300, 138
Trd, 000002.433, 139
Trd, 000004.167, 139
Trd, 000004.183, 141
Trd, 000004.617, 138
Trd, 000005.067, 147
Trd, 000005.300, 148
Trd, 000005.867, 145
Trd, 000007.700, 148
Trd, 000008.083, 147
Trd, 000009.033, 147
Trd, 000009.883, 147
Trd, 000010.100, 146
Trd, 000010.217, 148
Trd, 000010.233, 148
Trd, 000012.017, 146
Trd, 000012.983, 146
Trd, 000013.550, 147
Trd, 000013.700, 148
Trd, 000014.133, 146
Trd, 000015.017, 144
Trd, 000015.933, 145
Trd, 000016.650, 148
Trd, 000016.967, 149
Trd, 000018.133, 150
Trd, 000019.550, 150
Trd, 000020.250, 151
Trd, 000020.517, 151
Trd, 000020.733, 153
Trd, 000021.717, 154
Trd, 000023.150, 153
Trd, 000023.217, 150
Trd, 000024.767, 151
Trd, 000024.883, 151
Trd, 000024.900, 150
Trd, 000025.333, 151
Trd, 000025.867, 153
Trd, 000026.283, 151
Trd, 000028.917, 153
Trd, 000029.133, 153
Trd, 000030.233, 153
Trd, 000031.267, 154
Trd, 000031.300, 152
Trd, 000031.650, 155
Trd, 000034.033, 156
Trd, 000034.367, 158
Trd, 000035.250, 161
Trd, 000035.517, 160
Trd, 000036.367, 167
Trd, 000037.033, 162
Trd, 000037.900, 164
Trd, 000038.233, 161
Trd, 000038.317, 165
Trd, 000038.783, 165
Trd, 000039.117, 163
Trd, 000040.583, 162
Trd, 000040.667, 162
Trd, 000041.083, 161
Trd, 000041.617, 164
Trd, 000041.900, 160
Trd, 000042.767, 160
Trd, 000042.967, 160
Trd, 000044.217, 156
Trd, 000044.950, 156
Trd, 000045.100, 158
Trd, 000046.117, 157
Trd, 000046.733, 157
Trd, 000047.483, 156
Trd, 000048.083, 158
Trd, 000048.550, 160
Trd, 000049.983, 159
Trd, 000050.167, 160
Trd, 000050.300, 161
Trd, 000051.717, 162
Trd, 000052.200, 161
Trd, 000052.733, 162
Trd, 000053.133, 161
Trd, 000053.267, 160
Trd, 000054.267, 161
Trd, 000054.333, 161
Trd, 000054.983, 160
Trd, 000056.133, 161
Trd, 000056.400, 158
Trd, 000058.283, 162
Trd, 000058.867, 161
Trd, 000058.983, 160
Trd, 000060.000, 160
Trd, 000060.083, 159
Trd, 000060.750, 161
Trd, 000060.833, 158
Trd, 000061.100, 154
Trd, 000062.417, 161
Trd, 000063.383, 161
Trd, 000063.783, 162
Trd, 000064.233, 162
Trd, 000064.867, 161
Trd, 000066.067, 163
Trd, 000066.317, 163
Trd, 000067.033, 165
Trd, 000067.183, 158
Trd, 000069.117, 160
Trd, 000070.267, 165
Trd, 000070.450, 164
Trd, 000070.550, 165
Trd, 000071.033, 162
Trd, 000071.517, 162
Trd, 000071.883, 161
Trd, 000072.083, 160
Trd, 000072.367, 154
Trd, 000073.267, 155
Trd, 000073.833, 154
Trd, 000074.050, 152
Trd, 000074.683, 153
Trd, 000074.967, 160
Trd, 000075.033, 158
Trd, 000075.200, 162
Trd, 000076.717, 176
Trd, 000077.617, 176
Trd, 000077.883, 176
Trd, 000078.117, 173
Trd, 000078.817, 174
Trd, 000079.550, 175
Trd, 000079.933, 173
Trd, 000082.317, 165
Trd, 000083.017, 166
Trd, 000083.550, 166
Trd, 000083.817, 164
Trd, 000084.300, 161
Trd, 000085.433, 158
Trd, 000085.900, 166
Trd, 000087.967, 165
Trd, 000088.050, 166
Trd, 000088.450, 164
Trd, 000088.517, 163
Trd, 000090.750, 162
Trd, 000090.867, 159
Trd, 000091.067, 156
Trd, 000091.183, 157
Trd, 000091.667, 156
Trd, 000092.617, 155
Trd, 000094.017, 163
Trd, 000094.150, 160
Trd, 000095.683, 160
Trd, 000096.033, 160
Trd, 000096.117, 160
Trd, 000096.300, 159
Trd, 000097.467, 157
Trd, 000099.167, 162
Trd, 000099.400, 162
Trd, 000100.033, 162
Trd, 000100.600, 162
Trd, 000100.983, 164
Trd, 000101.317, 163
Trd, 000101.417, 185
Trd, 000102.017, 174
Trd, 000103.450, 169
Trd, 000104.050, 169
Trd, 000104.150, 163
Trd, 000104.183, 169
Trd, 000105.017, 165
Trd, 000105.667, 165
Trd, 000105.733, 168
Trd, 000107.300, 166
Trd, 000108.150, 165
Trd, 000108.833, 166
Trd, 000109.517, 167
Trd, 000109.900, 167
Trd, 000110.383, 166
Trd, 000111.667, 165
Trd, 000112.317, 163
Trd, 000113.600, 164
Trd, 000113.650, 163
Trd, 000114.083, 163
Trd, 000114.333, 161
Trd, 000115.550, 160
Trd, 000116.117, 159
Trd, 000116.133, 158
Trd, 000117.900, 159
Trd, 000118.750, 158
Trd, 000119.250, 160
Trd, 000119.500, 163
Trd, 000120.967, 163
Trd, 000121.167, 163
Trd, 000122.033, 167
Trd, 000124.067, 166
Trd, 000124.183, 164
Trd, 000124.667, 167
Trd, 000124.967, 163
Trd, 000125.083, 163
Trd, 000125.300, 167
Trd, 000125.350, 163
Trd, 000125.750, 162
Trd, 000125.983, 170
Trd, 000127.317, 171
Trd, 000127.800, 166
Trd, 000128.117, 168
Trd, 000128.500, 169
Trd, 000129.283, 172
Trd, 000130.083, 172
Trd, 000131.050, 172
Trd, 000131.383, 172
Trd, 000131.967, 171
Trd, 000132.117, 172
Trd, 000132.717, 165
Trd, 000133.167, 171
Trd, 000133.700, 166
Trd, 000134.400, 171
Trd, 000135.500, 167
Trd, 000136.217, 166
Trd, 000136.533, 167
Trd, 000137.067, 163
Trd, 000137.333, 161
Trd, 000138.183, 168
Trd, 000139.333, 165
Trd, 000139.800, 160
Trd, 000142.583, 162
Trd, 000142.683, 162
Trd, 000143.417, 160
Trd, 000144.017, 161
Trd, 000144.533, 160
Trd, 000145.233, 162
Trd, 000146.517, 160
Trd, 000147.117, 163
Trd, 000147.567, 161
Trd, 000147.983, 161
Trd, 000148.617, 161
Trd, 000148.683, 163
Trd, 000150.200, 162
Trd, 000150.717, 169
Trd, 000150.817, 163
Trd, 000151.783, 163
Trd, 000151.933, 161
Trd, 000153.583, 164
Trd, 000155.667, 165
Trd, 000155.700, 162
Trd, 000156.333, 166
Trd, 000156.517, 165
Trd, 000157.500, 166
Trd, 000157.767, 165
Trd, 000158.717, 169
Trd, 000159.400, 166
Trd, 000161.033, 171
Trd, 000161.167, 169
Trd, 000161.267, 163
Trd, 000161.950, 171
Trd, 000162.650, 170
Trd, 000162.900, 170
Trd, 000163.017, 169
Trd, 000163.117, 167
Trd, 000163.917, 172
Trd, 000164.250, 169
Trd, 000165.400, 171
Trd, 000167.450, 171
Trd, 000168.167, 163
Trd, 000168.433, 165
Trd, 000168.717, 164
Trd, 000170.100, 166
Trd, 000170.533, 168
Trd, 000171.500, 167
Trd, 000172.533, 165
Trd, 000172.833, 164
Trd, 000174.300, 164
Trd, 000174.317, 163
Trd, 000175.350, 165
Trd, 000176.467, 164
Trd, 000178.583, 165
Trd, 000178.883, 167
Trd, 000179.550, 171
Trd, 000179.717, 165
Trd, 000179.783, 166
Trd, 000181.183, 165
Trd, 000181.617, 171
Trd, 000182.200, 173
Trd, 000182.783, 173
Trd, 000183.050, 172
Trd, 000184.367, 173
Trd, 000185.183, 175
Trd, 000186.650, 173
Trd, 000186.783, 174
Trd, 000186.917, 173
Trd, 000187.683, 173
Trd, 000188.650, 172
Trd, 000188.900, 167
Trd, 000192.333, 172
Trd, 000192.417, 172
Trd, 000192.450, 170
Trd, 000193.167, 167
Trd, 000193.950, 165
Trd, 000194.917, 166
Trd, 000195.950, 166
Trd, 000196.417, 166
Trd, 000196.750, 167
Trd, 000197.317, 167
Trd, 000197.350, 166
Trd, 000197.750, 166
Trd, 000198.450, 166
Trd, 000198.667, 167
Trd, 000199.450, 169
Trd, 000202.350, 168
Trd, 000202.567, 169
Trd, 000203.217, 171
Trd, 000203.517, 170
Trd, 000204.167, 170
Trd, 000205.333, 173
Trd, 000205.467, 172
Trd, 000205.917, 172
Trd, 000206.450, 171
Trd, 000206.950, 175
Trd, 000208.550, 176
Trd, 000209.150, 174
Trd, 000210.167, 174
Trd, 000210.250, 176
Trd, 000210.900, 175
Trd, 000211.317, 173
Trd, 000211.700, 176
Trd, 000213.083, 173
Trd, 000214.150, 172
Trd, 000214.317, 171
Trd, 000215.967, 173
Trd, 000216.417, 175
Trd, 000217.567, 174
Trd, 000217.767, 175
Trd, 000218.183, 173
Trd, 000218.450, 174
Trd, 000219.250, 173
Trd, 000219.317, 169
Trd, 000220.567, 168
Trd, 000221.183, 176
Trd, 000221.783, 170
Trd, 000223.083, 170
Trd, 000223.650, 170
Trd, 000224.267, 169
Trd, 000224.667, 168
Trd, 000225.267, 165
Trd, 000225.883, 166
Trd, 000226.517, 167
Trd, 000227.317, 169
Trd, 000228.900, 170
Trd, 000228.950, 172
Trd, 000229.883, 174
Trd, 000230.333, 168
Trd, 000230.367, 164
Trd, 000230.517, 169
Trd, 000231.317, 168
Trd, 000233.083, 169
Trd, 000233.733, 168
Trd, 000234.083, 171
Trd, 000234.400, 171
Trd, 000234.817, 169
Trd, 000236.050, 172
Trd, 000236.583, 173
Trd, 000237.517, 174
Trd, 000238.450, 174
Trd, 000238.917, 177
Trd, 000239.817, 173
Trd, 000240.133, 173
Trd, 000240.183, 172
Trd, 000240.283, 172
Trd, 000240.333, 171
Trd, 000240.383, 170
Trd, 000240.750, 169
Trd, 000241.333, 170
Trd, 000241.750, 170
Trd, 000242.300, 172
Trd, 000243.450, 172
Trd, 000243.533, 172
Trd, 000243.883, 169
Trd, 000244.100, 172
Trd, 000244.400, 168
Trd, 000244.517, 165
Trd, 000244.650, 166
Trd, 000244.850, 167
Trd, 000245.367, 165
Trd, 000246.000, 164
Trd, 000246.983, 166
Trd, 000247.833, 166
Trd, 000248.400, 167
Trd, 000248.583, 169
Trd, 000249.233, 169
Trd, 000249.367, 168
Trd, 000249.700, 172
Trd, 000250.117, 172
Trd, 000250.217, 168
Trd, 000250.267, 172
Trd, 000250.550, 173
Trd, 000251.450, 172
Trd, 000251.500, 171
Trd, 000251.983, 172
Trd, 000252.100, 170
Trd, 000252.833, 170
Trd, 000253.617, 166
Trd, 000254.000, 160
Trd, 000254.283, 168
Trd, 000255.317, 166
Trd, 000255.467, 167
Trd, 000256.733, 169
Trd, 000257.167, 168
Trd, 000257.617, 167
Trd, 000257.750, 169
Trd, 000257.800, 169
Trd, 000257.850, 170
Trd, 000258.600, 174
Trd, 000258.633, 169
Trd, 000258.883, 170
Trd, 000259.100, 176
Trd, 000260.817, 170
Trd, 000261.483, 173
Trd, 000261.900, 171
Trd, 000262.350, 171
Trd, 000262.400, 169
Trd, 000263.133, 172
Trd, 000263.150, 171
Trd, 000263.267, 172
Trd, 000263.350, 174
Trd, 000263.750, 170
Trd, 000264.367, 170
Trd, 000265.117, 171
Trd, 000266.000, 168
Trd, 000266.283, 169
Trd, 000266.350, 173
Trd, 000267.067, 171
Trd, 000267.733, 172
Trd, 000268.400, 174
Trd, 000268.450, 174
Trd, 000268.883, 182
Trd, 000269.533, 173
Trd, 000269.650, 172
Trd, 000270.150, 175
Trd, 000270.350, 179
Trd, 000270.550, 175
Trd, 000271.067, 180
Trd, 000271.667, 185
Trd, 000272.217, 181
Trd, 000272.367, 180
Trd, 000272.717, 176
Trd, 000272.900, 178
Trd, 000273.167, 174
Trd, 000273.217, 180
Trd, 000273.517, 178
Trd, 000273.833, 180
Trd, 000275.650, 179
Trd, 000275.717, 178
Trd, 000276.617, 179
Trd, 000276.767, 177
Trd, 000277.117, 181
Trd, 000277.267, 176
Trd, 000277.400, 175
Trd, 000278.183, 180
Trd, 000278.200, 174
Trd, 000278.233, 182
Trd, 000278.900, 176
Trd, 000279.183, 175
Trd, 000279.217, 174
Trd, 000280.033, 183
Trd, 000280.167, 183
Trd, 000280.683, 177
Trd, 000281.767, 179
Trd, 000281.917, 175
Trd, 000281.950, 182
Trd, 000282.183, 181
Trd, 000283.050, 173
Trd, 000284.067, 174
Trd, 000284.400, 174
Trd, 000284.767, 176
Trd, 000285.000, 175
Trd, 000285.333, 176
Trd, 000285.367, 177
Trd, 000285.933, 177
Trd, 000286.217, 176
Trd, 000286.417, 173
Trd, 000286.817, 184
Trd, 000287.983, 184
Trd, 000288.083, 185
Trd, 000288.417, 179
Trd, 000289.267, 185
Trd, 000289.433, 184
Trd, 000289.867, 183
Trd, 000290.317, 182
Trd, 000290.450, 186
Trd, 000290.750, 186
Trd, 000290.783, 181
Trd, 000290.967, 180
Trd, 000291.517, 178
Trd, 000292.233, 178
Trd, 000292.300, 176
Trd, 000293.167, 177
Trd, 000293.183, 163
Trd, 000294.083, 175
Trd, 000295.017, 179
Trd, 000295.450, 180
Trd, 000295.467, 182
Trd, 000295.500, 176
Trd, 000296.533, 181
Trd, 000296.550, 179
Trd, 000297.383, 180
Trd, 000297.633, 179
Trd, 000297.683, 179
Trd, 000297.850, 181
Trd, 000298.883, 176
Trd, 000299.300, 178
Trd, 000299.833, 180
Trd, 000299.933, 180
