Trd, 000000.933, 113
Trd, 000001.233, 121
Trd, 000003.583, 139
Trd, 000003.800, 140
Trd, 000004.050, 144
Trd, 000004.967, 140
Trd, 000005.117, 139
Trd, 000005.467, 144
Trd, 000005.500, 150
Trd, 000006.133, 151
Trd, 000007.050, 149
Trd, 000007.083, 148
Trd, 000007.433, 151
Trd, 000007.833, 147
Trd, 000008.150, 149
Trd, 000008.300, 137
Trd, 000008.317, 150
Trd, 000008.467, 135
Trd, 000009.183, 141
Trd, 000010.500, 150
Trd, 000010.600, 151
Trd, 000012.483, 151
Trd, 000013.083, 152
Trd, 000013.183, 151
Trd, 000013.567, 152
Trd, 000013.667, 151
Trd, 000014.533, 156
Trd, 000014.667, 151
Trd, 000014.883, 149
Trd, 000015.300, 148
Trd, 000015.800, 166
Trd, 000017.100, 172
Trd, 000017.883, 171
Trd, 000018.500, 169
Trd, 000019.233, 167
Trd, 000019.583, 167
Trd, 000019.883, 164
Trd, 000020.417, 168
Trd, 000020.833, 161
Trd, 000021.217, 160
Trd, 000021.800, 156
Trd, 000021.817, 169
Trd, 000022.500, 146
Trd, 000022.967, 159
Trd, 000023.333, 140
Trd, 000023.533, 154
Trd, 000025.100, 149
Trd, 000025.733, 146
Trd, 000026.700, 148
Trd, 000027.217, 148
Trd, 000027.317, 147
Trd, 000027.433, 148
Trd, 000028.017, 148
Trd, 000028.100, 147
Trd, 000029.300, 149
Trd, 000029.333, 146
Trd, 000029.500, 151
Trd, 000029.533, 153
Trd, 000030.017, 144
Trd, 000030.867, 143
Trd, 000031.467, 153
Trd, 000031.583, 142
Trd, 000031.983, 140
Trd, 000032.917, 165
Trd, 000033.083, 159
Trd, 000034.767, 156
Trd, 000035.433, 156
Trd, 000035.933, 156
Trd, 000036.167, 155
Trd, 000036.383, 155
Trd, 000037.067, 147
Trd, 000037.883, 170
Trd, 000038.300, 166
Trd, 000039.000, 160
Trd, 000041.167, 161
Trd, 000041.417, 159
Trd, 000041.950, 157
Trd, 000042.233, 155
Trd, 000042.800, 154
Trd, 000043.500, 156
Trd, 000045.000, 155
Trd, 000045.167, 153
Trd, 000045.317, 151
Trd, 000045.367, 157
Trd, 000045.867, 176
Trd, 000046.167, 148
Trd, 000046.233, 165
Trd, 000047.050, 165
Trd, 000047.933, 142
Trd, 000048.250, 146
Trd, 000048.700, 138
Trd, 000049.250, 152
Trd, 000050.233, 150
Trd, 000050.967, 150
Trd, 000051.383, 149
Trd, 000052.167, 151
Trd, 000052.700, 154
Trd, 000052.717, 156
Trd, 000053.300, 163
Trd, 000054.267, 158
Trd, 000054.467, 158
Trd, 000055.117, 160
Trd, 000055.233, 174
Trd, 000055.383, 155
Trd, 000055.783, 162
Trd, 000056.700, 150
Trd, 000056.800, 161
Trd, 000057.683, 159
Trd, 000058.650, 159
Trd, 000058.817, 160
Trd, 000058.983, 154
Trd, 000059.550, 158
Trd, 000059.933, 160
Trd, 000060.167, 158
Trd, 000060.583, 158
Trd, 000060.600, 163
Trd, 000061.467, 163
Trd, 000061.700, 162
Trd, 000063.000, 172
Trd, 000063.200, 172
Trd, 000063.433, 160
Trd, 000064.950, 150
Trd, 000065.050, 168
Trd, 000066.217, 144
Trd, 000066.333, 144
Trd, 000066.383, 167
Trd, 000066.883, 162
Trd, 000067.050, 144
Trd, 000067.133, 162
Trd, 000067.167, 163
Trd, 000069.417, 157
Trd, 000069.767, 157
Trd, 000069.850, 156
Trd, 000070.683, 155
Trd, 000071.183, 154
Trd, 000071.417, 158
Trd, 000071.917, 163
Trd, 000072.200, 156
Trd, 000073.217, 157
Trd, 000073.233, 156
Trd, 000073.367, 158
Trd, 000073.783, 156
Trd, 000074.450, 153
Trd, 000075.033, 155
Trd, 000075.683, 155
Trd, 000075.850, 156
Trd, 000077.233, 155
Trd, 000077.633, 155
Trd, 000077.767, 152
Trd, 000078.983, 150
Trd, 000079.583, 152
Trd, 000079.867, 151
Trd, 000080.167, 146
Trd, 000080.250, 153
Trd, 000081.033, 146
Trd, 000082.183, 154
Trd, 000082.467, 149
Trd, 000083.833, 158
Trd, 000084.083, 155
Trd, 000085.017, 157
Trd, 000085.233, 158
Trd, 000085.250, 159
Trd, 000085.333, 146
Trd, 000085.950, 158
Trd, 000086.567, 158
Trd, 000086.750, 159
Trd, 000086.900, 153
Trd, 000088.483, 159
Trd, 000089.450, 161
Trd, 000089.767, 161
Trd, 000089.867, 164
Trd, 000091.133, 156
Trd, 000091.367, 163
Trd, 000093.017, 159
Trd, 000093.483, 159
Trd, 000093.550, 160
Trd, 000094.150, 161
Trd, 000094.517, 163
Trd, 000094.733, 161
Trd, 000094.850, 160
Trd, 000095.217, 162
Trd, 000096.533, 158
Trd, 000096.650, 163
Trd, 000097.000, 157
Trd, 000097.983, 163
Trd, 000098.133, 168
Trd, 000099.200, 163
Trd, 000100.367, 164
Trd, 000100.717, 164
Trd, 000100.733, 154
Trd, 000101.267, 164
Trd, 000101.567, 164
Trd, 000102.183, 154
Trd, 000102.817, 149
Trd, 000102.900, 163
Trd, 000104.333, 157
Trd, 000104.583, 154
Trd, 000105.217, 161
Trd, 000105.500, 159
Trd, 000107.333, 157
Trd, 000107.533, 148
Trd, 000107.550, 160
Trd, 000109.517, 159
Trd, 000109.817, 160
Trd, 000110.400, 161
Trd, 000110.650, 161
Trd, 000111.333, 182
Trd, 000111.883, 170
Trd, 000112.250, 183
Trd, 000113.650, 161
Trd, 000113.783, 162
Trd, 000114.000, 155
Trd, 000114.400, 167
Trd, 000114.450, 168
Trd, 000115.567, 158
Trd, 000116.300, 165
Trd, 000116.650, 164
Trd, 000117.000, 159
Trd, 000118.167, 160
Trd, 000118.583, 160
Trd, 000119.050, 160
Trd, 000119.150, 162
Trd, 000119.283, 160
Trd, 000119.467, 162
Trd, 000121.133, 164
Trd, 000121.633, 160
Trd, 000121.767, 165
Trd, 000122.500, 168
Trd, 000123.067, 161
Trd, 000123.117, 168
Trd, 000123.633, 163
Trd, 000125.017, 175
Trd, 000125.467, 174
Trd, 000125.533, 170
Trd, 000125.600, 169
Trd, 000126.567, 167
Trd, 000127.567, 158
Trd, 000128.167, 156
Trd, 000128.567, 149
Trd, 000129.667, 156
Trd, 000130.150, 156
Trd, 000130.500, 154
Trd, 000131.417, 155
Trd, 000131.500, 157
Trd, 000131.783, 157
Trd, 000132.450, 150
Trd, 000133.450, 153
Trd, 000133.633, 154
Trd, 000133.650, 153
Trd, 000134.217, 161
Trd, 000135.100, 150
Trd, 000135.317, 160
Trd, 000136.200, 153
Trd, 000136.550, 161
Trd, 000137.167, 164
Trd, 000137.433, 158
Trd, 000138.150, 156
Trd, 000138.433, 167
Trd, 000139.633, 154
Trd, 000139.833, 157
Trd, 000140.167, 157
Trd, 000140.283, 158
Trd, 000140.733, 158
Trd, 000141.500, 159
Trd, 000141.967, 164
Trd, 000142.167, 165
Trd, 000142.433, 163
Trd, 000143.267, 163
Trd, 000143.400, 160
Trd, 000143.733, 168
Trd, 000144.400, 165
Trd, 000144.733, 169
Trd, 000144.783, 186
Trd, 000145.850, 163
Trd, 000146.967, 187
Trd, 000147.150, 188
Trd, 000147.233, 169
Trd, 000147.317, 167
Trd, 000148.183, 170
Trd, 000148.950, 158
Trd, 000149.133, 168
Trd, 000150.050, 164
Trd, 000150.517, 162
Trd, 000151.233, 160
Trd, 000152.300, 163
Trd, 000153.567, 162
Trd, 000153.683, 161
Trd, 000154.367, 163
Trd, 000155.300, 162
Trd, 000156.167, 177
Trd, 000157.117, 169
Trd, 000157.383, 172
Trd, 000158.600, 167
Trd, 000158.617, 163
Trd, 000158.650, 167
Trd, 000160.250, 164
Trd, 000160.333, 163
Trd, 000160.367, 164
Trd, 000161.217, 163
Trd, 000162.000, 163
Trd, 000162.250, 162
Trd, 000163.567, 162
Trd, 000163.783, 162
Trd, 000163.983, 171
Trd, 000164.683, 182
Trd, 000165.000, 181
Trd, 000165.550, 172
Trd, 000165.967, 169
Trd, 000166.183, 179
Trd, 000166.833, 161
Trd, 000168.383, 170
Trd, 000168.400, 171
Trd, 000168.617, 173
Trd, 000170.300, 172
Trd, 000170.417, 171
Trd, 000170.567, 170
Trd, 000170.883, 171
Trd, 000171.900, 169
Trd, 000171.983, 161
Trd, 000172.767, 169
Trd, 000172.883, 170
Trd, 000172.917, 172
Trd, 000173.733, 176
Trd, 000173.917, 183
Trd, 000174.317, 176
Trd, 000175.000, 176
Trd, 000175.250, 175
Trd, 000175.783, 177
Trd, 000177.450, 174
Trd, 000177.683, 174
Trd, 000178.000, 173
Trd, 000178.433, 172
Trd, 000178.617, 177
Trd, 000179.050, 171
Trd, 000179.567, 173
Trd, 000179.883, 171
Trd, 000180.817, 163
Trd, 000181.767, 166
Trd, 000182.050, 167
Trd, 000182.217, 163
Trd, 000182.667, 162
Trd, 000183.650, 158
Trd, 000184.583, 165
Trd, 000185.067, 163
Trd, 000185.117, 162
Trd, 000185.917, 163
Trd, 000186.050, 165
Trd, 000186.317, 165
Trd, 000186.483, 166
Trd, 000186.583, 169
Trd, 000187.033, 164
Trd, 000187.067, 162
Trd, 000187.700, 169
Trd, 000188.100, 174
Trd, 000188.400, 181
Trd, 000189.367, 188
Trd, 000189.417, 190
Trd, 000190.367, 185
Trd, 000191.900, 178
Trd, 000191.967, 177
Trd, 000192.000, 174
Trd, 000192.017, 180
Trd, 000192.933, 173
Trd, 000192.967, 181
Trd, 000193.117, 163
Trd, 000194.633, 164
Trd, 000195.017, 153
Trd, 000195.400, 155
Trd, 000196.000, 156
Trd, 000196.617, 155
Trd, 000196.933, 156
Trd, 000197.117, 163
Trd, 000197.583, 154
Trd, 000199.017, 167
Trd, 000199.217, 164
Trd, 000199.367, 163
Trd, 000199.600, 175
Trd, 000199.933, 161
Trd, 000201.167, 177
Trd, 000202.033, 171
Trd, 000202.067, 171
Trd, 000203.983, 165
Trd, 000204.117, 165
Trd, 000204.200, 164
Trd, 000204.533, 157
Trd, 000204.633, 167
Trd, 000204.733, 169
Trd, 000206.250, 167
Trd, 000206.417, 168
Trd, 000206.600, 167
Trd, 000206.817, 169
Trd, 000206.900, 170
Trd, 000207.050, 171
Trd, 000208.633, 174
Trd, 000209.283, 173
Trd, 000209.883, 171
Trd, 000209.967, 165
Trd, 000210.000, 174
Trd, 000212.017, 168
Trd, 000212.033, 170
Trd, 000212.483, 170
Trd, 000213.150, 169
Trd, 000213.233, 168
Trd, 000213.367, 169
Trd, 000214.200, 165
Trd, 000214.533, 158
Trd, 000214.650, 155
Trd, 000215.933, 166
Trd, 000216.517, 166
Trd, 000216.950, 172
Trd, 000217.867, 166
Trd, 000218.267, 176
Trd, 000219.700, 170
Trd, 000219.717, 171
Trd, 000219.833, 175
Trd, 000220.183, 176
Trd, 000220.317, 169
Trd, 000220.400, 169
Trd, 000221.250, 164
Trd, 000222.200, 162
Trd, 000223.267, 160
Trd, 000224.133, 168
Trd, 000224.267, 169
Trd, 000224.867, 165
Trd, 000225.167, 165
Trd, 000225.617, 167
Trd, 000225.700, 168
Trd, 000225.717, 170
Trd, 000226.233, 185
Trd, 000227.583, 180
Trd, 000228.100, 167
Trd, 000228.450, 167
Trd, 000229.333, 159
Trd, 000229.367, 160
Trd, 000229.450, 171
Trd, 000229.633, 157
Trd, 000229.850, 172
Trd, 000230.567, 167
Trd, 000231.500, 171
Trd, 000232.233, 171
Trd, 000232.867, 172
Trd, 000233.833, 174
Trd, 000234.483, 172
Trd, 000234.600, 174
Trd, 000234.867, 173
Trd, 000234.983, 172
Trd, 000236.217, 171
Trd, 000236.717, 171
Trd, 000237.217, 167
Trd, 000237.333, 180
Trd, 000237.667, 196
Trd, 000238.117, 172
Trd, 000239.033, 173
Trd, 000239.567, 174
Trd, 000239.733, 174
Trd, 000240.767, 184
Trd, 000241.083, 184
Trd, 000241.233, 182
Trd, 000242.450, 177
Trd, 000242.533, 174
Trd, 000242.833, 176
Trd, 000243.117, 175
Trd, 000243.200, 174
Trd, 000243.317, 170
Trd, 000244.100, 172
Trd, 000244.800, 169
Trd, 000245.700, 170
Trd, 000245.917, 162
Trd, 000246.367, 170
Trd, 000246.567, 169
Trd, 000246.683, 163
Trd, 000247.267, 172
Trd, 000248.750, 164
Trd, 000249.017, 165
Trd, 000249.583, 165
Trd, 000249.850, 165
Trd, 000250.450, 164
Trd, 000250.783, 166
Trd, 000251.100, 169
Trd, 000252.033, 167
Trd, 000252.433, 169
Trd, 000252.900, 170
Trd, 000253.233, 172
Trd, 000253.450, 171
Trd, 000253.500, 170
Trd, 000253.617, 173
Trd, 000253.817, 169
Trd, 000254.133, 176
Trd, 000255.133, 171
Trd, 000256.350, 175
Trd, 000256.567, 178
Trd, 000256.667, 183
Trd, 000256.883, 181
Trd, 000257.300, 179
Trd, 000257.683, 179
Trd, 000258.350, 180
Trd, 000258.417, 181
Trd, 000258.450, 178
Trd, 000258.717, 178
Trd, 000259.417, 180
Trd, 000259.850, 160
Trd, 000260.183, 161
Trd, 000260.233, 182
Trd, 000260.783, 163
Trd, 000262.033, 171
Trd, 000262.200, 163
Trd, 000262.333, 174
Trd, 000263.800, 173
Trd, 000263.917, 174
Trd, 000264.167, 174
Trd, 000264.833, 174
Trd, 000264.967, 173
Trd, 000265.100, 176
Trd, 000265.867, 176
Trd, 000266.183, 172
Trd, 000266.417, 171
Trd, 000266.633, 170
Trd, 000267.200, 171
Trd, 000267.867, 174
Trd, 000269.133, 175
Trd, 000269.567, 178
Trd, 000269.617, 172
Trd, 000270.467, 171
Trd, 000270.517, 169
Trd, 000270.700, 173
Trd, 000271.017, 177
Trd, 000271.500, 177
Trd, 000271.717, 177
Trd, 000272.600, 177
Trd, 000272.683, 178
Trd, 000273.000, 177
Trd, 000273.267, 179
Trd, 000273.833, 179
Trd, 000274.283, 179
Trd, 000275.433, 181
Trd, 000275.767, 179
Trd, 000276.517, 180
Trd, 000276.733, 181
Trd, 000276.783, 182
Trd, 000276.883, 179
Trd, 000277.517, 180
Trd, 000277.950, 179
Trd, 000278.300, 174
Trd, 000278.383, 176
Trd, 000278.450, 177
Trd, 000279.200, 172
Trd, 000279.517, 175
Trd, 000280.717, 174
Trd, 000281.300, 178
Trd, 000281.367, 168
Trd, 000281.883, 169
Trd, 000281.900, 168
Trd, 000282.100, 179
Trd, 000282.667, 170
Trd, 000282.800, 175
Trd, 000283.317, 176
Trd, 000283.933, 175
Trd, 000284.033, 184
Trd, 000284.483, 168
Trd, 000284.750, 175
Trd, 000285.100, 172
Trd, 000285.167, 176
Trd, 000285.650, 190
Trd, 000285.717, 162
Trd, 000286.000, 178
Trd, 000286.717, 176
Trd, 000286.817, 174
Trd, 000287.167, 179
Trd, 000287.650, 177
Trd, 000288.617, 175
Trd, 000288.917, 173
Trd, 000289.483, 171
Trd, 000289.667, 171
Trd, 000289.817, 175
Trd, 000290.067, 166
Trd, 000290.617, 184
Trd, 000290.883, 175
Trd, 000291.083, 181
Trd, 000291.533, 190
Trd, 000291.783, 175
Trd, 000291.967, 172
Trd, 000292.300, 172
Trd, 000292.617, 171
Trd, 000292.850, 188
Trd, 000292.917, 189
Trd, 000294.483, 180
Trd, 000295.517, 183
Trd, 000295.667, 184
Trd, 000296.267, 185
Trd, 000296.650, 184
Trd, 000296.700, 191
Trd, 000296.717, 180
Trd, 000296.933, 192
Trd, 000297.317, 166
Trd, 000297.733, 167
Trd, 000297.867, 177
Trd, 000298.800, 168
Trd, 000299.083, 168
Trd, 000299.233, 168
Trd, 000299.567, 187
