Trd, 000001.467, 158
Trd, 000002.000, 139
Trd, 000002.817, 161
Trd, 000003.533, 151
Trd, 000004.283, 147
Trd, 000004.450, 144
Trd, 000004.467, 137
Trd, 000004.717, 170
Trd, 000005.817, 142
Trd, 000006.083, 142
Trd, 000006.467, 141
Trd, 000007.267, 140
Trd, 000007.750, 144
Trd, 000007.817, 139
Trd, 000009.933, 144
Trd, 000010.117, 144
Trd, 000010.283, 143
Trd, 000010.917, 141
Trd, 000011.067, 145
Trd, 000011.083, 138
Trd, 000012.567, 134
Trd, 000014.083, 150
Trd, 000014.917, 148
Trd, 000015.400, 146
Trd, 000015.583, 147
Trd, 000016.250, 148
Trd, 000016.350, 147
Trd, 000016.800, 146
Trd, 000017.783, 155
Trd, 000018.700, 160
Trd, 000019.467, 139
Trd, 000020.000, 138
Trd, 000021.133, 154
Trd, 000021.217, 157
Trd, 000021.733, 150
Trd, 000022.800, 152
Trd, 000023.050, 147
Trd, 000024.583, 147
Trd, 000024.617, 147
Trd, 000024.983, 146
Trd, 000025.050, 146
Trd, 000025.067, 146
Trd, 000027.483, 142
Trd, 000027.583, 141
Trd, 000027.867, 146
Trd, 000027.900, 146
Trd, 000028.500, 147
Trd, 000029.217, 148
Trd, 000029.500, 146
Trd, 000031.900, 156
Trd, 000033.850, 150
Trd, 000033.983, 151
Trd, 000035.017, 151
Trd, 000035.233, 157
Trd, 000035.317, 150
Trd, 000035.817, 148
Trd, 000036.933, 149
Trd, 000037.083, 154
Trd, 000038.300, 148
Trd, 000039.233, 153
Trd, 000039.533, 154
Trd, 000040.067, 155
Trd, 000041.100, 149
Trd, 000041.350, 158
Trd, 000041.750, 148
Trd, 000041.817, 158
Trd, 000042.267, 145
Trd, 000044.133, 149
Trd, 000046.167, 150
Trd, 000046.200, 151
Trd, 000046.433, 149
Trd, 000046.967, 148
Trd, 000047.083, 150
Trd, 000047.767, 148
Trd, 000048.283, 151
Trd, 000048.917, 152
Trd, 000050.283, 151
Trd, 000050.550, 152
Trd, 000050.650, 149
Trd, 000050.783, 163
Trd, 000051.183, 145
Trd, 000051.467, 143
Trd, 000051.633, 159
Trd, 000053.867, 154
Trd, 000054.750, 149
Trd, 000056.350, 151
Trd, 000056.467, 150
Trd, 000056.767, 155
Trd, 000058.867, 152
Trd, 000059.367, 153
Trd, 000059.817, 150
Trd, 000059.933, 155
Trd, 000061.067, 150
Trd, 000061.550, 160
Trd, 000061.983, 160
Trd, 000064.033, 153
Trd, 000064.100, 152
Trd, 000064.617, 151
Trd, 000065.283, 140
Trd, 000067.250, 150
Trd, 000067.383, 153
Trd, 000067.400, 154
Trd, 000067.917, 159
Trd, 000068.167, 151
Trd, 000069.433, 151
Trd, 000069.650, 155
Trd, 000069.917, 151
Trd, 000070.083, 159
Trd, 000070.300, 145
Trd, 000071.750, 149
Trd, 000072.467, 149
Trd, 000072.717, 151
Trd, 000073.467, 148
Trd, 000074.533, 147
Trd, 000075.083, 149
Trd, 000075.483, 152
Trd, 000075.800, 141
Trd, 000076.533, 150
Trd, 000076.583, 151
Trd, 000077.783, 154
Trd, 000078.433, 153
Trd, 000078.517, 154
Trd, 000079.033, 149
Trd, 000079.833, 157
Trd, 000079.983, 163
Trd, 000080.617, 152
Trd, 000080.817, 170
Trd, 000080.833, 152
Trd, 000081.117, 157
Trd, 000081.450, 154
Trd, 000081.800, 151
Trd, 000083.033, 158
Trd, 000083.150, 148
Trd, 000083.433, 157
Trd, 000084.483, 153
Trd, 000085.817, 155
Trd, 000086.317, 163
Trd, 000086.483, 173
Trd, 000086.750, 153
Trd, 000086.950, 153
Trd, 000087.917, 150
Trd, 000088.700, 149
Trd, 000089.233, 156
Trd, 000090.750, 155
Trd, 000091.517, 154
Trd, 000091.867, 153
Trd, 000092.283, 153
Trd, 000092.317, 153
Trd, 000092.467, 152
Trd, 000092.667, 151
Trd, 000093.450, 151
Trd, 000094.933, 152
Trd, 000096.350, 153
Trd, 000097.417, 154
Trd, 000098.250, 155
Trd, 000098.467, 150
Trd, 000098.933, 153
Trd, 000099.117, 156
Trd, 000099.333, 152
Trd, 000100.133, 144
Trd, 000100.367, 156
Trd, 000102.383, 157
Trd, 000102.733, 172
Trd, 000102.800, 150
Trd, 000103.717, 164
Trd, 000104.450, 164
Trd, 000104.900, 158
Trd, 000105.750, 155
Trd, 000105.800, 155
Trd, 000107.250, 160
Trd, 000108.067, 152
Trd, 000108.717, 159
Trd, 000108.950, 160
Trd, 000109.617, 170
Trd, 000110.300, 159
Trd, 000111.267, 164
Trd, 000111.850, 158
Trd, 000111.933, 155
Trd, 000112.967, 165
Trd, 000112.983, 148
Trd, 000113.517, 146
Trd, 000113.650, 165
Trd, 000114.033, 145
Trd, 000116.383, 155
Trd, 000116.483, 152
Trd, 000116.833, 157
Trd, 000116.883, 152
Trd, 000117.617, 154
Trd, 000117.783, 155
Trd, 000117.883, 152
Trd, 000120.283, 155
Trd, 000120.400, 156
Trd, 000121.767, 156
Trd, 000121.900, 155
Trd, 000122.167, 167
Trd, 000123.400, 152
Trd, 000123.567, 152
Trd, 000123.633, 167
Trd, 000124.250, 162
Trd, 000124.433, 152
Trd, 000127.133, 160
Trd, 000127.483, 156
Trd, 000127.550, 152
Trd, 000128.300, 160
Trd, 000128.483, 160
Trd, 000128.967, 158
Trd, 000129.917, 161
Trd, 000130.400, 161
Trd, 000131.500, 161
Trd, 000131.950, 161
Trd, 000132.717, 163
Trd, 000133.383, 161
Trd, 000134.250, 160
Trd, 000134.550, 164
Trd, 000135.967, 161
Trd, 000136.050, 159
Trd, 000137.683, 161
Trd, 000139.117, 164
Trd, 000140.017, 162
Trd, 000140.200, 163
Trd, 000140.217, 159
Trd, 000140.967, 148
Trd, 000141.200, 169
Trd, 000141.700, 175
Trd, 000142.600, 159
Trd, 000144.967, 160
Trd, 000146.417, 158
Trd, 000146.550, 158
Trd, 000146.617, 151
Trd, 000146.883, 150
Trd, 000147.033, 149
Trd, 000147.100, 161
Trd, 000148.317, 158
Trd, 000148.433, 156
Trd, 000148.717, 160
Trd, 000149.383, 161
Trd, 000151.200, 159
Trd, 000152.200, 158
Trd, 000152.783, 156
Trd, 000154.100, 155
Trd, 000154.800, 175
Trd, 000155.600, 167
Trd, 000156.383, 166
Trd, 000157.350, 163
Trd, 000158.083, 162
Trd, 000159.067, 161
Trd, 000160.733, 166
Trd, 000161.567, 167
Trd, 000161.800, 161
Trd, 000162.917, 166
Trd, 000163.117, 160
Trd, 000163.283, 166
Trd, 000163.533, 159
Trd, 000164.833, 165
Trd, 000165.967, 156
Trd, 000166.033, 153
Trd, 000166.717, 165
Trd, 000166.833, 170
Trd, 000167.200, 172
Trd, 000167.717, 159
Trd, 000168.283, 161
Trd, 000168.500, 168
Trd, 000168.550, 166
Trd, 000169.467, 160
Trd, 000169.617, 163
Trd, 000171.417, 165
Trd, 000171.567, 164
Trd, 000173.100, 163
Trd, 000174.000, 161
Trd, 000174.250, 163
Trd, 000174.750, 157
Trd, 000174.850, 164
Trd, 000175.283, 155
Trd, 000175.433, 158
Trd, 000176.267, 165
Trd, 000177.833, 163
Trd, 000178.067, 164
Trd, 000178.083, 172
Trd, 000178.850, 165
Trd, 000180.017, 170
Trd, 000180.233, 173
Trd, 000180.783, 166
Trd, 000181.267, 176
Trd, 000182.483, 169
Trd, 000184.100, 169
Trd, 000184.333, 167
Trd, 000184.817, 166
Trd, 000185.783, 165
Trd, 000186.550, 165
Trd, 000186.833, 170
Trd, 000186.933, 162
Trd, 000187.117, 165
Trd, 000188.317, 168
Trd, 000189.850, 162
Trd, 000190.067, 165
Trd, 000190.500, 164
Trd, 000190.917, 166
Trd, 000191.350, 166
Trd, 000192.417, 167
Trd, 000193.983, 167
Trd, 000194.317, 168
Trd, 000194.917, 166
Trd, 000195.283, 165
Trd, 000196.300, 164
Trd, 000196.850, 163
Trd, 000197.783, 163
Trd, 000197.850, 167
Trd, 000198.300, 168
Trd, 000198.617, 162
Trd, 000199.983, 162
Trd, 000200.133, 164
Trd, 000200.650, 160
Trd, 000201.300, 161
Trd, 000202.200, 162
Trd, 000203.283, 162
Trd, 000203.467, 159
Trd, 000203.800, 158
Trd, 000204.483, 164
Trd, 000205.133, 177
Trd, 000206.117, 161
Trd, 000206.267, 167
Trd, 000206.950, 168
Trd, 000207.933, 162
Trd, 000208.217, 162
Trd, 000208.450, 168
Trd, 000208.517, 168
Trd, 000208.750, 161
Trd, 000209.783, 169
Trd, 000211.483, 167
Trd, 000211.783, 165
Trd, 000213.317, 164
Trd, 000213.783, 163
Trd, 000214.433, 163
Trd, 000214.700, 161
Trd, 000215.517, 160
Trd, 000216.033, 162
Trd, 000216.533, 162
Trd, 000216.550, 165
Trd, 000216.667, 158
Trd, 000219.217, 161
Trd, 000219.517, 163
Trd, 000219.833, 165
Trd, 000220.650, 166
Trd, 000221.267, 165
Trd, 000221.567, 164
Trd, 000221.867, 164
Trd, 000222.450, 166
Trd, 000224.100, 164
Trd, 000224.667, 163
Trd, 000224.933, 174
Trd, 000225.917, 164
Trd, 000226.217, 172
Trd, 000227.533, 173
Trd, 000228.333, 171
Trd, 000228.717, 171
Trd, 000229.450, 181
Trd, 000229.467, 188
Trd, 000230.800, 171
Trd, 000230.850, 168
Trd, 000230.917, 168
Trd, 000232.433, 160
Trd, 000232.967, 159
Trd, 000233.117, 159
Trd, 000234.233, 170
Trd, 000234.683, 168
Trd, 000235.633, 168
Trd, 000236.200, 168
Trd, 000236.767, 166
Trd, 000236.950, 166
Trd, 000237.333, 165
Trd, 000237.483, 168
Trd, 000239.033, 168
Trd, 000239.117, 167
Trd, 000239.267, 178
Trd, 000240.017, 178
Trd, 000241.000, 171
Trd, 000241.100, 172
Trd, 000241.283, 170
Trd, 000242.367, 175
Trd, 000242.467, 174
Trd, 000242.783, 169
Trd, 000243.183, 166
Trd, 000243.767, 171
Trd, 000244.767, 165
Trd, 000244.933, 171
Trd, 000245.450, 169
Trd, 000246.100, 171
Trd, 000246.617, 178
Trd, 000247.750, 169
Trd, 000247.933, 173
Trd, 000248.483, 176
Trd, 000248.600, 170
Trd, 000249.317, 169
Trd, 000249.900, 181
Trd, 000249.967, 182
Trd, 000251.433, 180
Trd, 000251.733, 179
Trd, 000252.467, 180
Trd, 000252.483, 181
Trd, 000252.917, 179
Trd, 000253.200, 175
Trd, 000253.750, 181
Trd, 000254.333, 182
Trd, 000254.550, 178
Trd, 000255.167, 176
Trd, 000255.667, 176
Trd, 000255.683, 169
Trd, 000256.300, 175
Trd, 000256.483, 169
Trd, 000256.667, 177
Trd, 000256.733, 168
Trd, 000257.317, 166
Trd, 000257.333, 175
Trd, 000258.100, 169
Trd, 000258.783, 169
Trd, 000259.067, 172
Trd, 000259.533, 181
Trd, 000260.350, 180
Trd, 000260.583, 179
Trd, 000261.150, 168
Trd, 000261.483, 166
Trd, 000262.333, 178
Trd, 000263.183, 176
Trd, 000263.817, 174
Trd, 000263.967, 173
Trd, 000264.317, 171
Trd, 000264.750, 171
Trd, 000264.817, 172
Trd, 000265.050, 169
Trd, 000265.133, 167
Trd, 000265.300, 163
Trd, 000265.433, 168
Trd, 000266.183, 172
Trd, 000266.500, 172
Trd, 000266.917, 170
Trd, 000267.200, 166
Trd, 000268.633, 167
Trd, 000269.017, 168
Trd, 000269.067, 169
Trd, 000270.117, 167
Trd, 000270.233, 169
Trd, 000270.850, 174
Trd, 000271.683, 172
Trd, 000271.717, 173
Trd, 000271.750, 174
Trd, 000272.367, 171
Trd, 000273.000, 173
Trd, 000273.117, 175
Trd, 000273.567, 169
Trd, 000273.717, 168
Trd, 000273.750, 182
Trd, 000275.250, 176
Trd, 000275.517, 182
Trd, 000275.533, 174
Trd, 000275.950, 179
Trd, 000276.383, 182
Trd, 000277.217, 175
Trd, 000277.717, 179
Trd, 000277.900, 172
Trd, 000278.067, 172
Trd, 000279.117, 171
Trd, 000279.533, 169
Trd, 000280.200, 166
Trd, 000280.600, 171
Trd, 000280.733, 173
Trd, 000280.950, 170
Trd, 000281.067, 175
Trd, 000281.650, 176
Trd, 000281.983, 177
Trd, 000282.283, 171
Trd, 000282.383, 183
Trd, 000282.767, 186
Trd, 000283.283, 168
Trd, 000283.833, 177
Trd, 000284.467, 181
Trd, 000286.100, 179
Trd, 000286.433, 182
Trd, 000286.500, 181
Trd, 000287.183, 179
Trd, 000287.767, 178
Trd, 000288.517, 177
Trd, 000288.900, 178
Trd, 000289.333, 166
Trd, 000289.783, 173
Trd, 000290.067, 182
Trd, 000290.467, 186
Trd, 000290.717, 169
Trd, 000291.150, 182
Trd, 000291.400, 173
Trd, 000291.633, 171
Trd, 000292.633, 183
Trd, 000293.967, 179
Trd, 000294.017, 178
Trd, 000294.150, 173
Trd, 000294.567, 173
Trd, 000294.600, 171
Trd, 000295.167, 177
Trd, 000295.233, 163
Trd, 000295.633, 162
Trd, 000296.067, 174
Trd, 000296.500, 177
Trd, 000297.033, 183
Trd, 000297.067, 166
Trd, 000297.733, 184
Trd, 000298.583, 169
Trd, 000298.883, 182
