Trd, 000001.917, 131
Trd, 000002.083, 172
Trd, 000002.267, 158
Trd, 000003.417, 139
Trd, 000003.567, 158
Trd, 000004.033, 176
Trd, 000004.683, 168
Trd, 000005.900, 170
Trd, 000005.967, 164
Trd, 000006.567, 157
Trd, 000006.667, 156
Trd, 000006.700, 135
Trd, 000006.933, 169
Trd, 000007.183, 138
Trd, 000008.650, 138
Trd, 000009.333, 149
Trd, 000009.833, 150
Trd, 000010.333, 152
Trd, 000010.700, 151
Trd, 000010.733, 146
Trd, 000011.017, 146
Trd, 000011.550, 159
Trd, 000011.683, 169
Trd, 000012.817, 160
Trd, 000013.000, 180
Trd, 000013.233, 144
Trd, 000013.733, 142
Trd, 000013.900, 165
Trd, 000014.083, 142
Trd, 000014.850, 171
Trd, 000016.367, 155
Trd, 000016.650, 152
Trd, 000017.167, 152
Trd, 000017.317, 153
Trd, 000017.400, 151
Trd, 000018.033, 152
Trd, 000018.133, 142
Trd, 000018.900, 157
Trd, 000020.133, 156
Trd, 000020.650, 151
Trd, 000020.733, 156
Trd, 000020.867, 161
Trd, 000021.533, 156
Trd, 000021.767, 155
Trd, 000022.583, 154
Trd, 000023.017, 156
Trd, 000023.833, 156
Trd, 000024.267, 157
Trd, 000025.217, 154
Trd, 000026.117, 154
Trd, 000026.383, 155
Trd, 000026.850, 153
Trd, 000026.867, 153
Trd, 000027.233, 155
Trd, 000027.250, 156
Trd, 000027.600, 158
Trd, 000028.617, 161
Trd, 000028.867, 160
Trd, 000029.183, 176
Trd, 000030.133, 159
Trd, 000030.300, 169
Trd, 000030.767, 158
Trd, 000032.750, 162
Trd, 000032.967, 161
Trd, 000033.383, 162
Trd, 000033.800, 164
Trd, 000034.317, 160
Trd, 000034.717, 161
Trd, 000034.767, 171
Trd, 000035.550, 165
Trd, 000036.400, 177
Trd, 000036.517, 163
Trd, 000036.983, 178
Trd, 000037.067, 159
Trd, 000038.700, 162
Trd, 000039.317, 166
Trd, 000039.600, 157
Trd, 000039.850, 166
Trd, 000039.883, 155
Trd, 000041.933, 159
Trd, 000042.433, 166
Trd, 000042.600, 152
Trd, 000043.417, 147
Trd, 000043.550, 144
Trd, 000043.717, 166
Trd, 000043.933, 166
Trd, 000043.950, 162
Trd, 000044.833, 165
Trd, 000044.917, 154
Trd, 000046.800, 155
Trd, 000047.250, 155
Trd, 000047.750, 150
Trd, 000047.767, 156
Trd, 000048.483, 156
Trd, 000048.550, 157
Trd, 000048.600, 162
Trd, 000049.083, 156
Trd, 000049.500, 154
Trd, 000050.933, 162
Trd, 000051.617, 160
Trd, 000051.933, 160
Trd, 000052.317, 157
Trd, 000052.667, 163
Trd, 000052.750, 156
Trd, 000053.533, 161
Trd, 000054.483, 158
Trd, 000054.767, 157
Trd, 000055.583, 162
Trd, 000055.767, 171
Trd, 000055.833, 157
Trd, 000055.850, 173
Trd, 000056.350, 156
Trd, 000057.617, 164
Trd, 000057.800, 165
Trd, 000058.250, 159
Trd, 000058.817, 167
Trd, 000058.950, 174
Trd, 000060.033, 158
Trd, 000061.233, 169
Trd, 000061.583, 169
Trd, 000062.117, 161
Trd, 000062.133, 169
Trd, 000063.450, 164
Trd, 000063.600, 157
Trd, 000064.117, 156
Trd, 000064.833, 157
Trd, 000065.350, 161
Trd, 000066.100, 161
Trd, 000067.450, 162
Trd, 000067.617, 160
Trd, 000067.950, 164
Trd, 000068.367, 165
Trd, 000068.833, 175
Trd, 000069.917, 169
Trd, 000070.833, 169
Trd, 000071.600, 168
Trd, 000071.650, 167
Trd, 000071.917, 165
Trd, 000072.533, 162
Trd, 000072.700, 163
Trd, 000073.533, 163
Trd, 000074.383, 165
Trd, 000074.633, 165
Trd, 000075.783, 165
Trd, 000076.150, 182
Trd, 000076.583, 165
Trd, 000077.100, 163
Trd, 000077.267, 162
Trd, 000077.767, 163
Trd, 000078.867, 159
Trd, 000079.033, 170
Trd, 000079.050, 150
Trd, 000079.683, 166
Trd, 000079.833, 169
Trd, 000080.500, 151
Trd, 000080.583, 164
Trd, 000081.233, 163
Trd, 000082.250, 166
Trd, 000082.600, 163
Trd, 000083.583, 163
Trd, 000083.883, 162
Trd, 000084.117, 163
Trd, 000084.533, 161
Trd, 000085.233, 162
Trd, 000085.550, 164
Trd, 000086.067, 164
Trd, 000086.150, 165
Trd, 000086.467, 166
Trd, 000087.550, 164
Trd, 000089.083, 168
Trd, 000089.750, 164
Trd, 000089.767, 164
Trd, 000090.483, 167
Trd, 000090.550, 168
Trd, 000091.433, 163
Trd, 000091.700, 160
Trd, 000092.017, 157
Trd, 000092.817, 165
Trd, 000093.183, 164
Trd, 000094.233, 162
Trd, 000094.733, 158
Trd, 000095.100, 164
Trd, 000096.067, 156
Trd, 000096.233, 164
Trd, 000096.333, 158
Trd, 000096.400, 166
Trd, 000096.583, 168
Trd, 000096.833, 170
Trd, 000097.817, 177
Trd, 000098.567, 159
Trd, 000099.083, 168
Trd, 000100.550, 165
Trd, 000100.900, 168
Trd, 000101.767, 168
Trd, 000102.367, 169
Trd, 000102.617, 165
Trd, 000103.317, 161
Trd, 000104.850, 166
Trd, 000104.917, 166
Trd, 000105.050, 167
Trd, 000105.650, 165
Trd, 000105.767, 167
Trd, 000105.850, 164
Trd, 000106.850, 169
Trd, 000108.467, 162
Trd, 000108.950, 169
Trd, 000109.133, 169
Trd, 000109.283, 168
Trd, 000109.783, 169
Trd, 000109.933, 167
Trd, 000110.083, 164
Trd, 000111.083, 165
Trd, 000111.467, 167
Trd, 000112.017, 182
Trd, 000112.333, 173
Trd, 000112.800, 171
Trd, 000114.283, 171
Trd, 000114.517, 171
Trd, 000115.300, 172
Trd, 000115.967, 169
Trd, 000116.033, 172
Trd, 000117.217, 166
Trd, 000117.267, 162
Trd, 000117.567, 164
Trd, 000118.183, 165
Trd, 000119.583, 168
Trd, 000119.700, 167
Trd, 000119.883, 187
Trd, 000120.117, 174
Trd, 000121.050, 167
Trd, 000121.133, 163
Trd, 000121.383, 160
Trd, 000122.617, 174
Trd, 000123.317, 165
Trd, 000123.850, 174
Trd, 000124.067, 174
Trd, 000124.367, 155
Trd, 000124.933, 170
Trd, 000127.017, 172
Trd, 000127.333, 173
Trd, 000127.783, 171
Trd, 000127.817, 167
Trd, 000128.617, 171
Trd, 000129.333, 173
Trd, 000129.350, 174
Trd, 000129.400, 171
Trd, 000130.967, 173
Trd, 000131.133, 173
Trd, 000131.383, 172
Trd, 000132.183, 174
Trd, 000132.567, 175
Trd, 000133.367, 171
Trd, 000134.167, 175
Trd, 000135.967, 172
Trd, 000136.100, 168
Trd, 000136.317, 163
Trd, 000136.817, 172
Trd, 000138.033, 172
Trd, 000138.300, 172
Trd, 000138.783, 174
Trd, 000139.400, 169
Trd, 000139.483, 173
Trd, 000139.617, 174
Trd, 000140.683, 169
Trd, 000140.850, 169
Trd, 000141.683, 162
Trd, 000142.283, 155
Trd, 000142.617, 172
Trd, 000142.883, 175
Trd, 000143.500, 165
Trd, 000144.500, 162
Trd, 000144.633, 156
Trd, 000144.900, 168
Trd, 000146.217, 168
Trd, 000146.900, 160
Trd, 000146.933, 167
Trd, 000147.000, 168
Trd, 000147.067, 174
Trd, 000147.267, 203
Trd, 000148.850, 163
Trd, 000149.050, 183
Trd, 000149.233, 163
Trd, 000150.183, 176
Trd, 000151.067, 171
Trd, 000151.333, 169
Trd, 000151.800, 169
Trd, 000152.533, 168
Trd, 000153.200, 168
Trd, 000153.783, 163
Trd, 000154.517, 169
Trd, 000154.783, 168
Trd, 000155.267, 164
Trd, 000155.383, 168
Trd, 000155.800, 168
Trd, 000156.300, 169
Trd, 000156.717, 173
Trd, 000156.933, 170
Trd, 000157.400, 166
Trd, 000157.433, 164
Trd, 000157.583, 184
Trd, 000158.983, 174
Trd, 000160.500, 174
Trd, 000160.667, 178
Trd, 000161.183, 176
Trd, 000161.350, 188
Trd, 000162.317, 179
Trd, 000162.950, 175
Trd, 000163.783, 174
Trd, 000164.217, 177
Trd, 000165.133, 175
Trd, 000165.533, 177
Trd, 000165.800, 174
Trd, 000166.683, 171
Trd, 000167.083, 176
Trd, 000167.400, 176
Trd, 000167.567, 175
Trd, 000167.883, 185
Trd, 000168.417, 171
Trd, 000168.733, 172
Trd, 000169.033, 195
Trd, 000170.517, 179
Trd, 000171.067, 174
Trd, 000171.883, 174
Trd, 000172.183, 165
Trd, 000172.517, 160
Trd, 000172.717, 175
Trd, 000173.417, 174
Trd, 000173.467, 175
Trd, 000174.950, 175
Trd, 000175.250, 165
Trd, 000175.650, 171
Trd, 000175.767, 169
Trd, 000176.167, 169
Trd, 000176.783, 170
Trd, 000176.867, 160
Trd, 000177.900, 165
Trd, 000179.367, 168
Trd, 000179.583, 163
Trd, 000179.683, 169
Trd, 000180.067, 170
Trd, 000180.333, 163
Trd, 000180.400, 173
Trd, 000181.067, 176
Trd, 000181.250, 164
Trd, 000181.917, 162
Trd, 000182.383, 165
Trd, 000183.350, 176
Trd, 000183.617, 186
Trd, 000185.050, 173
Trd, 000185.067, 179
Trd, 000185.183, 177
Trd, 000185.650, 179
Trd, 000185.983, 170
Trd, 000186.400, 169
Trd, 000187.350, 168
Trd, 000188.067, 167
Trd, 000188.367, 159
Trd, 000188.983, 173
Trd, 000189.517, 174
Trd, 000189.717, 174
Trd, 000190.950, 175
Trd, 000191.183, 175
Trd, 000191.417, 171
Trd, 000191.500, 171
Trd, 000191.617, 170
Trd, 000192.350, 173
Trd, 000193.167, 169
Trd, 000193.817, 167
Trd, 000194.000, 162
Trd, 000194.800, 165
Trd, 000195.333, 171
Trd, 000195.750, 169
Trd, 000197.183, 167
Trd, 000197.383, 165
Trd, 000197.833, 166
Trd, 000198.667, 167
Trd, 000198.867, 178
Trd, 000198.983, 174
Trd, 000199.733, 184
Trd, 000200.000, 168
Trd, 000200.167, 168
Trd, 000201.217, 176
Trd, 000202.283, 175
Trd, 000202.650, 171
Trd, 000203.000, 177
Trd, 000204.583, 177
Trd, 000204.783, 175
Trd, 000204.983, 171
Trd, 000205.050, 168
Trd, 000205.133, 177
Trd, 000205.900, 163
Trd, 000206.767, 177
Trd, 000207.133, 168
Trd, 000207.500, 168
Trd, 000208.333, 176
Trd, 000208.467, 176
Trd, 000210.017, 177
Trd, 000210.350, 179
Trd, 000210.450, 174
Trd, 000210.700, 172
Trd, 000211.083, 189
Trd, 000211.933, 172
Trd, 000213.167, 172
Trd, 000213.183, 183
Trd, 000213.400, 193
Trd, 000214.183, 179
Trd, 000214.917, 179
Trd, 000215.500, 181
Trd, 000215.933, 182
Trd, 000216.700, 181
Trd, 000216.833, 174
Trd, 000218.050, 180
Trd, 000218.783, 180
Trd, 000218.833, 177
Trd, 000219.450, 176
Trd, 000219.700, 179
Trd, 000219.967, 173
Trd, 000220.033, 180
Trd, 000220.217, 170
Trd, 000221.383, 174
Trd, 000221.500, 173
Trd, 000222.133, 175
Trd, 000222.617, 180
Trd, 000223.233, 171
Trd, 000223.350, 164
Trd, 000223.383, 163
Trd, 000225.100, 169
Trd, 000225.867, 170
Trd, 000225.967, 171
Trd, 000226.183, 168
Trd, 000226.233, 173
Trd, 000226.333, 176
Trd, 000227.000, 195
Trd, 000227.083, 167
Trd, 000227.417, 165
Trd, 000228.800, 181
Trd, 000230.800, 179
Trd, 000231.000, 178
Trd, 000231.533, 180
Trd, 000232.083, 174
Trd, 000232.917, 175
Trd, 000232.950, 163
Trd, 000232.983, 180
Trd, 000235.083, 174
Trd, 000235.550, 174
Trd, 000235.717, 175
Trd, 000235.783, 179
Trd, 000236.783, 177
Trd, 000237.283, 179
Trd, 000237.533, 181
Trd, 000237.767, 191
Trd, 000238.483, 198
Trd, 000239.433, 179
Trd, 000240.117, 189
Trd, 000240.267, 175
Trd, 000240.783, 179
Trd, 000240.950, 177
Trd, 000241.233, 182
Trd, 000241.983, 178
Trd, 000242.033, 179
Trd, 000242.067, 176
Trd, 000242.133, 175
Trd, 000242.967, 177
Trd, 000243.483, 176
Trd, 000243.733, 181
Trd, 000244.150, 179
Trd, 000244.367, 175
Trd, 000244.967, 173
Trd, 000245.567, 175
Trd, 000246.067, 173
Trd, 000246.283, 174
Trd, 000246.483, 172
Trd, 000246.867, 172
Trd, 000247.267, 169
Trd, 000247.383, 171
Trd, 000248.867, 172
Trd, 000248.900, 173
Trd, 000249.117, 173
Trd, 000249.233, 176
Trd, 000249.300, 176
Trd, 000249.367, 171
Trd, 000249.783, 170
Trd, 000250.117, 172
Trd, 000251.033, 169
Trd, 000251.533, 168
Trd, 000251.933, 173
Trd, 000252.433, 172
Trd, 000252.900, 172
Trd, 000253.067, 168
Trd, 000253.517, 170
Trd, 000254.850, 167
Trd, 000255.150, 167
Trd, 000255.217, 167
Trd, 000255.283, 172
Trd, 000255.550, 165
Trd, 000255.667, 172
Trd, 000256.450, 173
Trd, 000257.117, 167
Trd, 000257.550, 174
Trd, 000257.683, 171
Trd, 000258.100, 168
Trd, 000258.533, 168
Trd, 000258.933, 174
Trd, 000259.433, 173
Trd, 000260.050, 170
Trd, 000260.817, 169
Trd, 000260.967, 176
Trd, 000261.250, 169
Trd, 000261.450, 169
Trd, 000261.950, 174
Trd, 000262.817, 174
Trd, 000263.083, 169
Trd, 000263.200, 168
Trd, 000263.517, 170
Trd, 000264.367, 174
Trd, 000264.433, 173
Trd, 000264.617, 170
Trd, 000265.150, 170
Trd, 000265.633, 173
Trd, 000265.967, 170
Trd, 000266.467, 173
Trd, 000267.583, 174
Trd, 000267.700, 176
Trd, 000267.933, 177
Trd, 000268.133, 177
Trd, 000268.433, 172
Trd, 000268.483, 185
Trd, 000268.750, 194
Trd, 000268.850, 190
Trd, 000269.283, 177
Trd, 000269.483, 175
Trd, 000270.267, 189
Trd, 000270.983, 176
Trd, 000271.250, 179
Trd, 000271.717, 179
Trd, 000271.800, 178
Trd, 000271.933, 176
Trd, 000272.350, 174
Trd, 000273.000, 173
Trd, 000273.800, 170
Trd, 000273.983, 173
Trd, 000275.133, 173
Trd, 000275.183, 172
Trd, 000275.667, 172
Trd, 000276.083, 174
Trd, 000276.100, 174
Trd, 000276.233, 178
Trd, 000276.350, 172
Trd, 000276.650, 173
Trd, 000277.633, 174
Trd, 000278.183, 173
Trd, 000278.533, 176
Trd, 000278.683, 182
Trd, 000278.967, 181
Trd, 000279.733, 182
Trd, 000280.167, 172
Trd, 000280.183, 178
Trd, 000280.467, 180
Trd, 000280.717, 170
Trd, 000280.800, 169
Trd, 000281.550, 171
Trd, 000281.883, 176
Trd, 000282.167, 179
Trd, 000282.900, 187
Trd, 000283.150, 186
Trd, 000283.217, 179
Trd, 000283.500, 175
Trd, 000284.733, 178
Trd, 000285.483, 178
Trd, 000285.500, 177
Trd, 000285.683, 176
Trd, 000285.917, 175
Trd, 000286.300, 178
Trd, 000286.767, 179
Trd, 000286.833, 179
Trd, 000287.100, 173
Trd, 000287.700, 171
Trd, 000287.817, 168
Trd, 000288.550, 179
Trd, 000289.417, 177
Trd, 000289.467, 174
Trd, 000289.667, 181
Trd, 000289.833, 182
Trd, 000290.083, 177
Trd, 000290.467, 178
Trd, 000291.433, 178
Trd, 000291.617, 181
Trd, 000291.900, 177
Trd, 000292.333, 182
Trd, 000292.933, 183
Trd, 000293.050, 178
Trd, 000293.483, 183
Trd, 000293.817, 181
Trd, 000293.833, 180
Trd, 000294.117, 184
Trd, 000294.517, 177
Trd, 000294.683, 187
Trd, 000294.700, 177
Trd, 000295.133, 197
Trd, 000295.567, 188
Trd, 000295.817, 176
Trd, 000295.917, 169
Trd, 000296.817, 184
Trd, 000296.900, 185
Trd, 000297.383, 187
Trd, 000297.817, 182
Trd, 000297.983, 188
Trd, 000298.667, 182
Trd, 000299.067, 181
Trd, 000299.133, 188
Trd, 000299.750, 171
