Trd, 000000.983, 117
Trd, 000001.167, 150
Trd, 000001.700, 150
Trd, 000002.683, 171
Trd, 000002.967, 148
Trd, 000003.733, 162
Trd, 000004.000, 133
Trd, 000004.217, 127
Trd, 000005.183, 134
Trd, 000005.300, 136
Trd, 000005.583, 137
Trd, 000006.317, 130
Trd, 000006.567, 128
Trd, 000006.967, 139
Trd, 000007.850, 159
Trd, 000008.083, 162
Trd, 000008.883, 164
Trd, 000009.250, 157
Trd, 000009.400, 160
Trd, 000010.217, 144
Trd, 000011.333, 158
Trd, 000011.750, 147
Trd, 000012.750, 153
Trd, 000012.867, 154
Trd, 000012.967, 157
Trd, 000013.283, 163
Trd, 000013.500, 148
Trd, 000013.900, 145
Trd, 000014.100, 138
Trd, 000014.650, 157
Trd, 000016.483, 149
Trd, 000016.650, 148
Trd, 000017.117, 142
Trd, 000017.933, 156
Trd, 000018.317, 148
Trd, 000018.567, 156
Trd, 000018.700, 159
Trd, 000018.800, 160
Trd, 000019.567, 154
Trd, 000020.183, 150
Trd, 000020.467, 149
Trd, 000020.683, 157
Trd, 000020.717, 157
Trd, 000020.983, 146
Trd, 000022.067, 157
Trd, 000023.700, 154
Trd, 000023.733, 147
Trd, 000024.100, 154
Trd, 000024.317, 144
Trd, 000024.583, 154
Trd, 000025.517, 160
Trd, 000025.700, 157
Trd, 000026.450, 146
Trd, 000026.650, 143
Trd, 000026.867, 147
Trd, 000026.967, 148
Trd, 000028.017, 140
Trd, 000028.067, 135
Trd, 000028.317, 147
Trd, 000028.900, 143
Trd, 000029.167, 147
Trd, 000029.600, 165
Trd, 000029.733, 141
Trd, 000031.500, 152
Trd, 000032.100, 140
Trd, 000032.150, 153
Trd, 000032.283, 178
Trd, 000033.233, 159
Trd, 000033.383, 151
Trd, 000034.783, 138
Trd, 000034.833, 136
Trd, 000035.367, 149
Trd, 000035.883, 157
Trd, 000036.333, 165
Trd, 000037.083, 170
Trd, 000037.183, 172
Trd, 000037.850, 166
Trd, 000038.017, 143
Trd, 000039.117, 156
Trd, 000039.233, 187
Trd, 000040.317, 164
Trd, 000040.533, 170
Trd, 000040.883, 165
Trd, 000042.783, 148
Trd, 000044.050, 136
Trd, 000044.067, 141
Trd, 000044.167, 135
Trd, 000044.350, 138
Trd, 000044.667, 149
Trd, 000044.833, 134
Trd, 000045.400, 148
Trd, 000046.033, 142
Trd, 000046.083, 134
Trd, 000046.200, 151
Trd, 000046.317, 154
Trd, 000047.217, 166
Trd, 000047.767, 149
Trd, 000047.900, 171
Trd, 000049.050, 154
Trd, 000049.100, 163
Trd, 000049.833, 167
Trd, 000050.700, 169
Trd, 000050.850, 175
Trd, 000052.150, 168
Trd, 000052.300, 166
Trd, 000053.017, 163
Trd, 000053.433, 159
Trd, 000053.800, 160
Trd, 000054.317, 166
Trd, 000055.100, 163
Trd, 000055.317, 163
Trd, 000055.833, 163
Trd, 000056.017, 163
Trd, 000056.467, 168
Trd, 000057.967, 164
Trd, 000058.383, 150
Trd, 000058.767, 141
Trd, 000058.900, 146
Trd, 000059.017, 137
Trd, 000059.033, 165
Trd, 000059.717, 164
Trd, 000059.967, 164
Trd, 000060.183, 154
Trd, 000060.333, 166
Trd, 000061.350, 165
Trd, 000062.317, 164
Trd, 000062.867, 166
Trd, 000063.783, 163
Trd, 000063.817, 162
Trd, 000063.917, 165
Trd, 000064.067, 168
Trd, 000064.667, 178
Trd, 000065.617, 154
Trd, 000065.917, 150
Trd, 000066.533, 163
Trd, 000066.983, 159
Trd, 000067.050, 158
Trd, 000067.350, 147
Trd, 000067.700, 138
Trd, 000068.367, 169
Trd, 000068.933, 180
Trd, 000068.950, 181
Trd, 000068.967, 144
Trd, 000069.717, 165
Trd, 000070.500, 164
Trd, 000070.917, 170
Trd, 000071.350, 169
Trd, 000071.617, 170
Trd, 000071.683, 145
Trd, 000072.917, 157
Trd, 000073.067, 151
Trd, 000073.500, 156
Trd, 000073.650, 162
Trd, 000073.833, 165
Trd, 000074.183, 165
Trd, 000074.483, 151
Trd, 000075.550, 161
Trd, 000076.017, 144
Trd, 000077.633, 149
Trd, 000077.667, 145
Trd, 000078.367, 147
Trd, 000078.533, 170
Trd, 000079.200, 148
Trd, 000079.567, 155
Trd, 000080.117, 183
Trd, 000080.317, 160
Trd, 000081.167, 159
Trd, 000081.800, 164
Trd, 000082.133, 152
Trd, 000082.500, 143
Trd, 000083.683, 160
Trd, 000084.050, 164
Trd, 000084.400, 161
Trd, 000084.633, 154
Trd, 000085.283, 170
Trd, 000085.300, 155
Trd, 000085.533, 153
Trd, 000086.117, 148
Trd, 000086.317, 163
Trd, 000087.317, 183
Trd, 000087.900, 179
Trd, 000088.667, 171
Trd, 000089.883, 170
Trd, 000090.250, 155
Trd, 000090.350, 153
Trd, 000090.467, 166
Trd, 000091.083, 168
Trd, 000092.350, 147
Trd, 000092.817, 145
Trd, 000093.850, 155
Trd, 000095.133, 155
Trd, 000095.633, 154
Trd, 000095.683, 147
Trd, 000095.950, 158
Trd, 000096.000, 160
Trd, 000096.017, 171
Trd, 000097.433, 169
Trd, 000098.333, 161
Trd, 000099.433, 166
Trd, 000099.917, 163
Trd, 000100.017, 165
Trd, 000100.167, 172
Trd, 000100.433, 168
Trd, 000100.983, 163
Trd, 000101.167, 170
Trd, 000101.500, 168
Trd, 000101.883, 154
Trd, 000102.500, 151
Trd, 000103.533, 159
Trd, 000104.217, 156
Trd, 000104.300, 154
Trd, 000104.783, 159
Trd, 000105.350, 160
Trd, 000105.950, 161
Trd, 000105.967, 148
Trd, 000106.317, 158
Trd, 000106.900, 154
Trd, 000106.967, 153
Trd, 000107.400, 157
Trd, 000107.417, 163
Trd, 000107.867, 153
Trd, 000108.967, 148
Trd, 000109.000, 142
Trd, 000109.267, 177
Trd, 000109.417, 186
Trd, 000109.467, 141
Trd, 000110.317, 143
Trd, 000110.333, 142
Trd, 000110.617, 147
Trd, 000111.633, 157
Trd, 000112.600, 151
Trd, 000113.550, 151
Trd, 000113.950, 152
Trd, 000114.217, 178
Trd, 000114.417, 149
Trd, 000114.733, 151
Trd, 000115.250, 176
Trd, 000115.583, 173
Trd, 000115.800, 150
Trd, 000117.133, 150
Trd, 000117.217, 163
Trd, 000117.383, 151
Trd, 000117.467, 164
Trd, 000118.417, 152
Trd, 000118.667, 150
Trd, 000119.233, 151
Trd, 000119.667, 161
Trd, 000120.083, 162
Trd, 000120.383, 163
Trd, 000120.450, 149
Trd, 000120.967, 160
Trd, 000123.217, 152
Trd, 000123.533, 158
Trd, 000124.217, 151
Trd, 000125.017, 148
Trd, 000125.300, 149
Trd, 000125.533, 146
Trd, 000125.600, 149
Trd, 000125.700, 154
Trd, 000125.983, 158
Trd, 000126.900, 153
Trd, 000128.017, 159
Trd, 000128.067, 164
Trd, 000128.700, 157
Trd, 000129.083, 156
Trd, 000129.583, 157
Trd, 000130.367, 163
Trd, 000130.683, 164
Trd, 000131.117, 164
Trd, 000131.133, 175
Trd, 000132.033, 166
Trd, 000132.750, 168
Trd, 000133.167, 169
Trd, 000134.033, 163
Trd, 000134.683, 163
Trd, 000134.783, 162
Trd, 000135.050, 166
Trd, 000135.250, 162
Trd, 000135.417, 157
Trd, 000136.483, 166
Trd, 000137.233, 151
Trd, 000138.483, 160
Trd, 000138.583, 164
Trd, 000138.817, 149
Trd, 000139.517, 150
Trd, 000139.767, 146
Trd, 000139.850, 151
Trd, 000140.233, 159
Trd, 000140.283, 160
Trd, 000140.817, 153
Trd, 000140.967, 182
Trd, 000141.867, 148
Trd, 000142.683, 159
Trd, 000143.700, 150
Trd, 000144.200, 154
Trd, 000144.783, 156
Trd, 000145.167, 159
Trd, 000145.483, 143
Trd, 000145.567, 141
Trd, 000145.817, 151
Trd, 000146.750, 155
Trd, 000146.950, 146
Trd, 000147.550, 168
Trd, 000148.050, 176
Trd, 000148.067, 182
Trd, 000148.867, 157
Trd, 000148.950, 156
Trd, 000150.117, 173
Trd, 000150.667, 160
Trd, 000151.017, 176
Trd, 000151.300, 172
Trd, 000151.750, 151
Trd, 000152.033, 152
Trd, 000152.283, 146
Trd, 000152.783, 151
Trd, 000152.883, 138
Trd, 000153.633, 167
Trd, 000154.133, 183
Trd, 000154.500, 154
Trd, 000154.833, 146
Trd, 000154.900, 188
Trd, 000155.583, 163
Trd, 000156.283, 162
Trd, 000156.600, 163
Trd, 000156.950, 162
Trd, 000157.717, 165
Trd, 000157.800, 152
Trd, 000158.967, 155
Trd, 000159.017, 161
Trd, 000159.767, 156
Trd, 000160.300, 159
Trd, 000160.700, 160
Trd, 000161.400, 165
Trd, 000161.650, 178
Trd, 000162.000, 157
Trd, 000162.217, 171
Trd, 000162.683, 181
Trd, 000163.283, 173
Trd, 000163.467, 157
Trd, 000163.683, 172
Trd, 000163.833, 158
Trd, 000164.717, 173
Trd, 000165.017, 164
Trd, 000166.667, 174
Trd, 000167.217, 169
Trd, 000167.233, 163
Trd, 000167.367, 151
Trd, 000167.383, 147
Trd, 000168.450, 176
Trd, 000168.800, 176
Trd, 000168.950, 178
Trd, 000169.733, 157
Trd, 000170.000, 156
Trd, 000170.100, 173
Trd, 000170.750, 161
Trd, 000171.083, 154
Trd, 000171.333, 174
Trd, 000171.583, 154
Trd, 000172.167, 154
Trd, 000172.333, 148
Trd, 000172.983, 159
Trd, 000173.150, 166
Trd, 000174.383, 157
Trd, 000174.717, 161
Trd, 000175.183, 157
Trd, 000175.733, 157
Trd, 000176.767, 161
Trd, 000177.550, 161
Trd, 000177.817, 169
Trd, 000178.133, 158
Trd, 000179.283, 193
Trd, 000180.217, 180
Trd, 000180.300, 164
Trd, 000180.367, 159
Trd, 000180.533, 153
Trd, 000180.900, 159
Trd, 000181.000, 176
Trd, 000181.917, 178
Trd, 000183.067, 166
Trd, 000183.700, 158
Trd, 000183.883, 149
Trd, 000184.267, 174
Trd, 000185.017, 155
Trd, 000185.517, 155
Trd, 000185.683, 165
Trd, 000186.117, 173
Trd, 000186.333, 157
Trd, 000186.733, 159
Trd, 000188.417, 156
Trd, 000188.550, 167
Trd, 000188.983, 151
Trd, 000189.800, 155
Trd, 000190.317, 160
Trd, 000190.417, 158
Trd, 000190.633, 159
Trd, 000190.883, 161
Trd, 000190.900, 156
Trd, 000191.900, 163
Trd, 000192.367, 152
Trd, 000192.767, 155
Trd, 000193.333, 180
Trd, 000193.433, 158
Trd, 000193.683, 174
Trd, 000194.133, 174
Trd, 000194.883, 174
Trd, 000196.300, 173
Trd, 000196.483, 168
Trd, 000197.300, 164
Trd, 000197.367, 163
Trd, 000197.717, 177
Trd, 000198.483, 163
Trd, 000199.100, 176
Trd, 000200.133, 161
Trd, 000200.633, 177
Trd, 000200.967, 168
Trd, 000201.067, 176
Trd, 000201.250, 177
Trd, 000202.550, 176
Trd, 000202.700, 176
Trd, 000203.900, 174
Trd, 000204.750, 172
Trd, 000205.683, 167
Trd, 000206.050, 166
Trd, 000206.250, 164
Trd, 000206.267, 172
Trd, 000206.317, 161
Trd, 000208.083, 155
Trd, 000210.017, 154
Trd, 000210.533, 154
Trd, 000210.633, 155
Trd, 000210.700, 158
Trd, 000211.333, 156
Trd, 000211.367, 166
Trd, 000211.733, 154
Trd, 000211.817, 159
Trd, 000211.850, 173
Trd, 000212.933, 163
Trd, 000213.300, 165
Trd, 000213.533, 183
Trd, 000213.917, 158
Trd, 000214.717, 162
Trd, 000215.300, 156
Trd, 000215.783, 152
Trd, 000216.367, 155
Trd, 000216.483, 156
Trd, 000216.700, 152
Trd, 000217.033, 174
Trd, 000217.933, 171
Trd, 000219.850, 159
Trd, 000220.333, 161
Trd, 000220.583, 159
Trd, 000220.800, 163
Trd, 000221.267, 158
Trd, 000221.633, 160
Trd, 000222.500, 159
Trd, 000223.267, 164
Trd, 000224.100, 160
Trd, 000224.383, 158
Trd, 000224.783, 160
Trd, 000225.283, 166
Trd, 000225.700, 171
Trd, 000226.467, 168
Trd, 000226.733, 162
Trd, 000226.950, 172
Trd, 000227.633, 162
Trd, 000227.750, 161
Trd, 000227.967, 165
Trd, 000228.717, 173
Trd, 000228.983, 162
Trd, 000229.450, 158
Trd, 000229.617, 161
Trd, 000230.450, 161
Trd, 000230.483, 174
Trd, 000230.833, 175
Trd, 000230.967, 154
Trd, 000231.850, 168
Trd, 000232.533, 152
Trd, 000233.183, 176
Trd, 000233.450, 168
Trd, 000234.783, 185
Trd, 000235.117, 182
Trd, 000235.383, 161
Trd, 000236.117, 174
Trd, 000236.183, 173
Trd, 000237.017, 168
Trd, 000239.400, 171
Trd, 000239.450, 172
Trd, 000239.767, 174
Trd, 000239.817, 170
Trd, 000240.150, 170
Trd, 000240.250, 168
Trd, 000240.400, 173
Trd, 000241.133, 173
Trd, 000241.167, 171
Trd, 000241.617, 175
Trd, 000241.900, 172
Trd, 000242.050, 170
Trd, 000242.167, 163
Trd, 000242.183, 179
Trd, 000242.250, 159
Trd, 000242.283, 192
Trd, 000242.300, 199
Trd, 000243.167, 184
Trd, 000244.883, 172
Trd, 000244.900, 168
Trd, 000245.167, 179
Trd, 000245.600, 173
Trd, 000246.050, 179
Trd, 000246.583, 179
Trd, 000247.067, 180
Trd, 000247.117, 180
Trd, 000247.167, 177
Trd, 000247.533, 175
Trd, 000247.767, 171
Trd, 000248.400, 165
Trd, 000248.500, 162
Trd, 000248.867, 180
Trd, 000248.917, 181
Trd, 000249.917, 176
Trd, 000250.317, 179
Trd, 000250.817, 180
Trd, 000251.433, 181
Trd, 000251.783, 180
Trd, 000251.817, 184
Trd, 000252.000, 181
Trd, 000253.483, 180
Trd, 000253.550, 179
Trd, 000253.667, 183
Trd, 000253.933, 184
Trd, 000254.167, 187
Trd, 000254.583, 190
Trd, 000254.767, 194
Trd, 000255.033, 192
Trd, 000255.050, 179
Trd, 000255.267, 176
Trd, 000255.900, 169
Trd, 000256.150, 187
Trd, 000256.817, 174
Trd, 000256.900, 171
Trd, 000257.533, 180
Trd, 000257.600, 182
Trd, 000258.450, 180
Trd, 000258.850, 177
Trd, 000259.167, 176
Trd, 000259.417, 178
Trd, 000259.483, 179
Trd, 000260.067, 171
Trd, 000260.800, 178
Trd, 000261.067, 178
Trd, 000261.450, 178
Trd, 000261.617, 181
Trd, 000261.700, 183
Trd, 000261.733, 177
Trd, 000262.233, 184
Trd, 000262.783, 187
Trd, 000263.133, 177
Trd, 000263.183, 174
Trd, 000263.583, 175
Trd, 000263.983, 170
Trd, 000264.267, 162
Trd, 000264.317, 163
Trd, 000264.567, 175
Trd, 000265.717, 174
Trd, 000265.983, 176
Trd, 000266.150, 171
Trd, 000266.650, 170
Trd, 000267.783, 171
Trd, 000268.750, 170
Trd, 000269.050, 173
Trd, 000269.333, 175
Trd, 000269.667, 175
Trd, 000269.817, 178
Trd, 000270.200, 189
Trd, 000270.667, 175
Trd, 000271.517, 181
Trd, 000271.667, 185
Trd, 000272.700, 180
Trd, 000272.950, 178
Trd, 000272.983, 176
Trd, 000273.600, 175
Trd, 000274.933, 176
Trd, 000275.433, 171
Trd, 000275.550, 177
Trd, 000275.583, 179
Trd, 000275.717, 178
Trd, 000276.283, 179
Trd, 000276.517, 175
Trd, 000277.083, 177
Trd, 000277.433, 176
Trd, 000277.500, 186
Trd, 000277.817, 178
Trd, 000277.833, 168
Trd, 000278.917, 183
Trd, 000279.217, 181
Trd, 000279.550, 183
Trd, 000279.933, 184
Trd, 000280.067, 187
Trd, 000280.283, 187
Trd, 000280.383, 190
Trd, 000281.000, 190
Trd, 000282.183, 183
Trd, 000282.467, 180
Trd, 000282.933, 179
Trd, 000283.233, 184
Trd, 000283.317, 179
Trd, 000283.333, 178
Trd, 000283.683, 185
Trd, 000283.750, 186
Trd, 000284.167, 186
Trd, 000284.383, 176
Trd, 000285.017, 196
Trd, 000285.317, 187
Trd, 000285.900, 182
Trd, 000286.800, 181
Trd, 000287.233, 180
Trd, 000287.533, 179
Trd, 000287.967, 182
Trd, 000288.633, 184
Trd, 000289.417, 179
Trd, 000289.550, 177
Trd, 000289.783, 173
Trd, 000289.800, 183
Trd, 000290.050, 184
Trd, 000290.383, 195
Trd, 000290.917, 183
Trd, 000291.317, 180
Trd, 000292.050, 187
Trd, 000292.217, 165
Trd, 000292.717, 189
Trd, 000293.167, 190
Trd, 000293.317, 191
Trd, 000293.417, 189
Trd, 000293.750, 179
Trd, 000293.933, 173
Trd, 000294.117, 183
Trd, 000294.500, 184
Trd, 000294.800, 184
Trd, 000295.083, 177
Trd, 000295.267, 173
Trd, 000296.317, 181
Trd, 000296.550, 184
Trd, 000296.817, 178
Trd, 000297.200, 181
Trd, 000297.350, 180
Trd, 000297.517, 165
Trd, 000297.533, 167
Trd, 000297.667, 173
Trd, 000297.683, 165
Trd, 000297.700, 185
Trd, 000298.167, 197
Trd, 000298.350, 189
Trd, 000299.467, 198
