Trd, 000002.267, 163
Trd, 000003.183, 126
Trd, 000003.717, 129
Trd, 000004.817, 157
Trd, 000004.833, 155
Trd, 000004.883, 138
Trd, 000005.433, 158
Trd, 000006.067, 149
Trd, 000006.633, 149
Trd, 000007.883, 149
Trd, 000008.517, 149
Trd, 000008.567, 148
Trd, 000008.600, 147
Trd, 000008.633, 151
Trd, 000008.650, 137
Trd, 000008.700, 137
Trd, 000009.333, 156
Trd, 000010.783, 153
Trd, 000010.900, 154
Trd, 000011.183, 144
Trd, 000011.283, 144
Trd, 000012.333, 144
Trd, 000013.050, 152
Trd, 000014.500, 146
Trd, 000015.050, 149
Trd, 000015.233, 151
Trd, 000015.683, 151
Trd, 000016.133, 153
Trd, 000016.617, 163
Trd, 000016.717, 166
Trd, 000017.417, 153
Trd, 000017.700, 159
Trd, 000019.000, 159
Trd, 000019.750, 158
Trd, 000020.100, 158
Trd, 000020.217, 157
Trd, 000022.067, 157
Trd, 000022.367, 155
Trd, 000022.700, 138
Trd, 000022.783, 133
Trd, 000023.650, 160
Trd, 000024.750, 158
Trd, 000025.450, 158
Trd, 000026.067, 157
Trd, 000026.317, 159
Trd, 000026.983, 159
Trd, 000027.433, 158
Trd, 000027.883, 161
Trd, 000027.917, 162
Trd, 000028.150, 163
Trd, 000029.083, 166
Trd, 000030.700, 161
Trd, 000030.983, 163
Trd, 000031.167, 168
Trd, 000031.433, 165
Trd, 000032.050, 164
Trd, 000032.367, 166
Trd, 000032.817, 167
Trd, 000032.983, 159
Trd, 000034.483, 169
Trd, 000034.650, 162
Trd, 000035.117, 161
Trd, 000035.717, 162
Trd, 000035.817, 171
Trd, 000036.733, 162
Trd, 000036.833, 171
Trd, 000037.667, 167
Trd, 000037.700, 162
Trd, 000039.233, 162
Trd, 000039.667, 162
Trd, 000040.450, 159
Trd, 000040.700, 160
Trd, 000040.717, 161
Trd, 000041.233, 162
Trd, 000041.667, 166
Trd, 000042.183, 155
Trd, 000042.817, 157
Trd, 000043.933, 162
Trd, 000043.967, 162
Trd, 000044.500, 162
Trd, 000044.933, 140
Trd, 000046.133, 161
Trd, 000046.317, 160
Trd, 000048.300, 158
Trd, 000048.500, 140
Trd, 000049.450, 157
Trd, 000049.567, 158
Trd, 000049.600, 163
Trd, 000050.233, 157
Trd, 000050.617, 160
Trd, 000051.117, 165
Trd, 000051.267, 157
Trd, 000051.450, 170
Trd, 000053.900, 165
Trd, 000054.067, 164
Trd, 000054.217, 163
Trd, 000054.833, 162
Trd, 000055.367, 167
Trd, 000055.800, 163
Trd, 000055.817, 161
Trd, 000056.467, 162
Trd, 000056.733, 164
Trd, 000056.783, 161
Trd, 000057.083, 160
Trd, 000057.100, 165
Trd, 000057.267, 178
Trd, 000057.733, 170
Trd, 000058.600, 199
Trd, 000058.967, 170
Trd, 000059.450, 170
Trd, 000060.150, 147
Trd, 000060.800, 157
Trd, 000061.517, 163
Trd, 000062.650, 161
Trd, 000063.367, 160
Trd, 000063.400, 159
Trd, 000063.783, 159
Trd, 000064.100, 159
Trd, 000064.167, 164
Trd, 000064.300, 137
Trd, 000065.083, 164
Trd, 000065.750, 140
Trd, 000066.233, 137
Trd, 000066.650, 140
Trd, 000066.983, 129
Trd, 000067.233, 144
Trd, 000067.350, 148
Trd, 000067.617, 169
Trd, 000068.700, 159
Trd, 000069.767, 154
Trd, 000071.017, 156
Trd, 000071.450, 155
Trd, 000072.033, 155
Trd, 000072.750, 164
Trd, 000073.533, 158
Trd, 000074.050, 159
Trd, 000074.450, 159
Trd, 000074.517, 158
Trd, 000075.950, 162
Trd, 000076.183, 157
Trd, 000076.350, 162
Trd, 000076.400, 164
Trd, 000077.500, 157
Trd, 000078.683, 149
Trd, 000079.567, 153
Trd, 000079.783, 157
Trd, 000080.033, 158
Trd, 000080.683, 159
Trd, 000081.183, 159
Trd, 000081.433, 170
Trd, 000082.417, 147
Trd, 000082.933, 137
Trd, 000083.217, 163
Trd, 000083.933, 163
Trd, 000085.633, 153
Trd, 000085.950, 157
Trd, 000085.983, 159
Trd, 000086.817, 154
Trd, 000086.917, 153
Trd, 000087.483, 152
Trd, 000089.250, 147
Trd, 000089.550, 153
Trd, 000090.033, 155
Trd, 000090.517, 164
Trd, 000090.717, 159
Trd, 000091.417, 162
Trd, 000093.067, 161
Trd, 000093.317, 159
Trd, 000093.533, 162
Trd, 000094.317, 161
Trd, 000094.500, 165
Trd, 000094.800, 164
Trd, 000095.117, 165
Trd, 000095.417, 161
Trd, 000096.283, 166
Trd, 000097.550, 166
Trd, 000097.750, 165
Trd, 000099.367, 162
Trd, 000099.383, 161
Trd, 000099.833, 163
Trd, 000100.483, 166
Trd, 000100.850, 163
Trd, 000100.867, 152
Trd, 000101.417, 153
Trd, 000102.567, 168
Trd, 000102.783, 154
Trd, 000102.817, 153
Trd, 000102.967, 166
Trd, 000103.650, 161
Trd, 000103.767, 156
Trd, 000104.317, 147
Trd, 000105.017, 157
Trd, 000105.917, 157
Trd, 000106.350, 174
Trd, 000107.550, 167
Trd, 000107.867, 166
Trd, 000107.883, 167
Trd, 000109.117, 166
Trd, 000109.400, 166
Trd, 000109.867, 167
Trd, 000110.333, 165
Trd, 000110.383, 169
Trd, 000110.967, 169
Trd, 000111.333, 165
Trd, 000111.467, 174
Trd, 000112.883, 164
Trd, 000113.500, 166
Trd, 000113.983, 171
Trd, 000114.400, 162
Trd, 000114.967, 162
Trd, 000115.300, 148
Trd, 000115.783, 169
Trd, 000116.850, 152
Trd, 000117.433, 153
Trd, 000117.767, 158
Trd, 000117.967, 159
Trd, 000118.750, 160
Trd, 000118.950, 161
Trd, 000119.750, 158
Trd, 000120.683, 161
Trd, 000121.117, 174
Trd, 000121.650, 150
Trd, 000121.817, 148
Trd, 000122.033, 170
Trd, 000122.350, 171
Trd, 000123.350, 159
Trd, 000123.600, 157
Trd, 000124.267, 157
Trd, 000125.183, 155
Trd, 000126.450, 157
Trd, 000126.517, 159
Trd, 000126.600, 154
Trd, 000126.867, 159
Trd, 000127.883, 156
Trd, 000128.433, 151
Trd, 000129.933, 154
Trd, 000130.717, 152
Trd, 000130.850, 156
Trd, 000131.017, 157
Trd, 000131.183, 157
Trd, 000131.267, 156
Trd, 000132.417, 154
Trd, 000132.800, 155
Trd, 000133.150, 155
Trd, 000133.617, 168
Trd, 000134.283, 154
Trd, 000134.417, 149
Trd, 000134.750, 149
Trd, 000135.017, 170
Trd, 000136.850, 155
Trd, 000138.883, 155
Trd, 000139.267, 154
Trd, 000139.900, 155
Trd, 000140.300, 155
Trd, 000140.817, 156
Trd, 000140.950, 152
Trd, 000142.517, 172
Trd, 000142.933, 176
Trd, 000143.450, 183
Trd, 000143.467, 182
Trd, 000143.883, 176
Trd, 000144.467, 177
Trd, 000144.650, 179
Trd, 000145.200, 172
Trd, 000145.250, 169
Trd, 000145.667, 167
Trd, 000145.883, 150
Trd, 000146.417, 152
Trd, 000146.533, 160
Trd, 000147.783, 158
Trd, 000148.433, 156
Trd, 000149.633, 154
Trd, 000149.983, 153
Trd, 000150.017, 155
Trd, 000150.700, 154
Trd, 000151.167, 155
Trd, 000151.433, 154
Trd, 000151.633, 158
Trd, 000153.117, 155
Trd, 000153.383, 156
Trd, 000154.450, 156
Trd, 000154.717, 155
Trd, 000154.817, 155
Trd, 000154.933, 173
Trd, 000155.000, 154
Trd, 000155.567, 156
Trd, 000155.717, 157
Trd, 000156.050, 176
Trd, 000157.950, 155
Trd, 000158.100, 161
Trd, 000158.817, 156
Trd, 000158.950, 155
Trd, 000159.550, 161
Trd, 000160.767, 163
Trd, 000161.650, 156
Trd, 000162.017, 156
Trd, 000162.067, 147
Trd, 000162.300, 157
Trd, 000162.800, 156
Trd, 000163.350, 159
Trd, 000164.600, 156
Trd, 000165.233, 152
Trd, 000165.983, 157
Trd, 000167.483, 160
Trd, 000167.517, 159
Trd, 000168.217, 160
Trd, 000168.417, 160
Trd, 000168.433, 159
Trd, 000169.650, 181
Trd, 000169.817, 162
Trd, 000170.517, 163
Trd, 000170.633, 174
Trd, 000170.850, 175
Trd, 000171.167, 162
Trd, 000172.267, 163
Trd, 000174.167, 173
Trd, 000174.783, 169
Trd, 000175.033, 168
Trd, 000175.333, 170
Trd, 000175.500, 168
Trd, 000176.117, 173
Trd, 000176.950, 169
Trd, 000177.433, 169
Trd, 000177.533, 171
Trd, 000177.733, 172
Trd, 000178.217, 171
Trd, 000179.317, 168
Trd, 000179.533, 173
Trd, 000179.933, 173
Trd, 000180.183, 174
Trd, 000180.267, 154
Trd, 000180.350, 169
Trd, 000181.183, 173
Trd, 000181.433, 175
Trd, 000182.050, 159
Trd, 000182.450, 167
Trd, 000184.350, 162
Trd, 000184.467, 163
Trd, 000184.500, 167
Trd, 000184.817, 165
Trd, 000185.117, 159
Trd, 000186.000, 159
Trd, 000186.117, 158
Trd, 000186.867, 149
Trd, 000188.283, 158
Trd, 000188.333, 155
Trd, 000188.617, 156
Trd, 000189.167, 155
Trd, 000190.333, 157
Trd, 000190.450, 160
Trd, 000191.917, 155
Trd, 000192.017, 160
Trd, 000192.717, 159
Trd, 000193.983, 161
Trd, 000195.417, 177
Trd, 000195.550, 175
Trd, 000196.017, 175
Trd, 000196.233, 174
Trd, 000196.317, 180
Trd, 000197.017, 178
Trd, 000197.367, 175
Trd, 000197.917, 178
Trd, 000198.217, 175
Trd, 000198.717, 174
Trd, 000199.350, 178
Trd, 000199.400, 172
Trd, 000200.683, 173
Trd, 000200.833, 175
Trd, 000201.800, 173
Trd, 000203.083, 175
Trd, 000203.617, 175
Trd, 000204.067, 176
Trd, 000204.283, 176
Trd, 000204.550, 176
Trd, 000204.783, 176
Trd, 000204.917, 178
Trd, 000205.567, 175
Trd, 000207.300, 175
Trd, 000207.617, 172
Trd, 000208.100, 157
Trd, 000208.283, 179
Trd, 000208.467, 180
Trd, 000208.567, 182
Trd, 000210.583, 176
Trd, 000211.500, 179
Trd, 000211.633, 171
Trd, 000211.700, 179
Trd, 000212.267, 162
Trd, 000212.933, 166
Trd, 000213.883, 164
Trd, 000214.067, 167
Trd, 000215.117, 165
Trd, 000215.450, 166
Trd, 000215.650, 166
Trd, 000216.583, 178
Trd, 000216.783, 178
Trd, 000217.117, 177
Trd, 000217.250, 179
Trd, 000217.667, 172
Trd, 000218.167, 163
Trd, 000219.583, 165
Trd, 000220.167, 167
Trd, 000220.700, 169
Trd, 000220.733, 175
Trd, 000221.600, 174
Trd, 000222.950, 175
Trd, 000223.467, 168
Trd, 000224.333, 166
Trd, 000224.433, 159
Trd, 000224.650, 168
Trd, 000225.233, 168
Trd, 000225.633, 167
Trd, 000226.550, 167
Trd, 000226.567, 168
Trd, 000226.650, 170
Trd, 000226.667, 181
Trd, 000227.200, 165
Trd, 000227.267, 165
Trd, 000227.317, 175
Trd, 000227.750, 165
Trd, 000228.833, 163
Trd, 000230.050, 169
Trd, 000230.733, 185
Trd, 000230.750, 188
Trd, 000231.200, 194
Trd, 000231.650, 189
Trd, 000232.833, 183
Trd, 000233.383, 187
Trd, 000233.933, 183
Trd, 000234.217, 181
Trd, 000235.000, 185
Trd, 000235.300, 180
Trd, 000236.300, 184
Trd, 000237.067, 181
Trd, 000237.650, 185
Trd, 000238.633, 186
Trd, 000238.783, 186
Trd, 000239.367, 187
Trd, 000239.433, 187
Trd, 000240.117, 179
Trd, 000240.333, 180
Trd, 000241.067, 181
Trd, 000241.350, 180
Trd, 000241.533, 182
Trd, 000241.767, 180
Trd, 000241.783, 179
Trd, 000242.167, 175
Trd, 000242.383, 172
Trd, 000243.783, 172
Trd, 000243.900, 172
Trd, 000243.933, 171
Trd, 000244.083, 173
Trd, 000244.367, 172
Trd, 000244.783, 174
Trd, 000245.283, 186
Trd, 000245.817, 163
Trd, 000245.900, 160
Trd, 000246.317, 166
Trd, 000246.367, 189
Trd, 000247.233, 171
Trd, 000247.433, 174
Trd, 000247.467, 177
Trd, 000247.583, 191
Trd, 000248.050, 180
Trd, 000248.467, 158
Trd, 000249.183, 180
Trd, 000250.083, 170
Trd, 000250.533, 183
Trd, 000250.567, 180
Trd, 000250.817, 173
Trd, 000251.417, 163
Trd, 000252.250, 173
Trd, 000252.433, 174
Trd, 000252.733, 175
Trd, 000253.250, 177
Trd, 000253.967, 179
Trd, 000254.750, 179
Trd, 000255.117, 183
Trd, 000255.550, 183
Trd, 000256.033, 186
Trd, 000256.783, 184
Trd, 000257.433, 180
Trd, 000257.817, 182
Trd, 000257.833, 185
Trd, 000257.933, 178
Trd, 000258.900, 181
Trd, 000259.133, 183
Trd, 000260.200, 178
Trd, 000260.350, 183
Trd, 000260.950, 180
Trd, 000261.700, 179
Trd, 000262.250, 177
Trd, 000262.567, 175
Trd, 000263.217, 180
Trd, 000263.883, 178
Trd, 000263.900, 179
Trd, 000265.067, 169
Trd, 000265.217, 179
Trd, 000265.683, 178
Trd, 000265.700, 180
Trd, 000265.750, 175
Trd, 000266.583, 183
Trd, 000267.517, 183
Trd, 000268.200, 179
Trd, 000269.000, 180
Trd, 000269.183, 182
Trd, 000269.600, 184
Trd, 000270.100, 185
Trd, 000270.467, 187
Trd, 000271.367, 182
Trd, 000272.017, 189
Trd, 000272.217, 189
Trd, 000272.550, 191
Trd, 000272.933, 183
Trd, 000273.167, 192
Trd, 000274.517, 191
Trd, 000274.533, 191
Trd, 000274.983, 191
Trd, 000275.200, 188
Trd, 000275.350, 187
Trd, 000275.567, 184
Trd, 000275.667, 183
Trd, 000276.233, 188
Trd, 000277.167, 188
Trd, 000277.183, 187
Trd, 000277.300, 189
Trd, 000277.500, 185
Trd, 000277.983, 186
Trd, 000278.900, 191
Trd, 000279.200, 183
Trd, 000279.750, 190
Trd, 000279.983, 183
Trd, 000280.283, 183
Trd, 000280.517, 186
Trd, 000280.783, 181
Trd, 000281.767, 176
Trd, 000282.650, 187
Trd, 000282.700, 189
Trd, 000283.067, 193
Trd, 000283.200, 180
Trd, 000284.100, 179
Trd, 000284.300, 161
Trd, 000284.317, 180
Trd, 000284.517, 162
Trd, 000284.583, 190
Trd, 000285.800, 173
Trd, 000286.367, 189
Trd, 000286.450, 181
Trd, 000287.317, 187
Trd, 000287.333, 187
Trd, 000288.183, 186
Trd, 000288.783, 183
Trd, 000289.467, 185
Trd, 000289.933, 185
Trd, 000289.950, 184
Trd, 000290.217, 191
Trd, 000290.417, 190
Trd, 000290.467, 185
Trd, 000291.300, 184
Trd, 000291.483, 180
Trd, 000291.583, 165
Trd, 000292.467, 180
Trd, 000292.983, 183
Trd, 000293.150, 182
Trd, 000293.267, 187
Trd, 000293.700, 194
Trd, 000294.233, 182
Trd, 000294.817, 182
Trd, 000294.900, 196
Trd, 000295.467, 196
Trd, 000296.350, 193
Trd, 000296.483, 181
Trd, 000296.550, 188
Trd, 000297.650, 185
Trd, 000297.850, 181
Trd, 000297.983, 190
Trd, 000299.133, 188
Trd, 000299.317, 187
Trd, 000299.383, 186
