Trd, 000003.633, 136
Trd, 000003.800, 127
Trd, 000004.233, 135
Trd, 000004.333, 136
Trd, 000004.733, 137
Trd, 000004.933, 141
Trd, 000004.950, 148
Trd, 000005.150, 138
Trd, 000006.117, 142
Trd, 000006.950, 145
Trd, 000007.350, 155
Trd, 000008.000, 151
Trd, 000008.667, 158
Trd, 000009.017, 158
Trd, 000010.317, 158
Trd, 000010.800, 157
Trd, 000010.867, 156
Trd, 000010.883, 149
Trd, 000012.150, 153
Trd, 000013.100, 153
Trd, 000013.617, 156
Trd, 000013.850, 156
Trd, 000014.267, 157
Trd, 000014.800, 158
Trd, 000015.100, 159
Trd, 000015.183, 156
Trd, 000016.550, 155
Trd, 000017.433, 154
Trd, 000018.033, 152
Trd, 000018.183, 151
Trd, 000019.200, 150
Trd, 000019.950, 156
Trd, 000020.183, 155
Trd, 000020.533, 157
Trd, 000020.700, 155
Trd, 000021.200, 156
Trd, 000021.550, 155
Trd, 000021.800, 157
Trd, 000021.933, 149
Trd, 000023.433, 155
Trd, 000024.350, 154
Trd, 000024.633, 155
Trd, 000025.150, 154
Trd, 000026.300, 155
Trd, 000026.350, 165
Trd, 000027.000, 154
Trd, 000028.617, 159
Trd, 000029.617, 159
Trd, 000029.900, 159
Trd, 000030.217, 159
Trd, 000030.617, 159
Trd, 000030.667, 159
Trd, 000031.050, 159
Trd, 000031.100, 157
Trd, 000031.600, 159
Trd, 000031.667, 158
Trd, 000033.300, 159
Trd, 000033.717, 159
Trd, 000034.000, 158
Trd, 000035.333, 157
Trd, 000036.400, 158
Trd, 000036.617, 157
Trd, 000036.917, 161
Trd, 000037.367, 159
Trd, 000038.033, 159
Trd, 000038.333, 160
Trd, 000038.767, 155
Trd, 000039.000, 155
Trd, 000039.683, 156
Trd, 000039.733, 155
Trd, 000040.267, 154
Trd, 000041.017, 160
Trd, 000042.217, 157
Trd, 000042.800, 160
Trd, 000042.833, 160
Trd, 000043.350, 159
Trd, 000043.400, 159
Trd, 000043.917, 157
Trd, 000045.417, 155
Trd, 000045.600, 152
Trd, 000045.700, 157
Trd, 000046.567, 153
Trd, 000047.717, 146
Trd, 000048.250, 148
Trd, 000049.783, 148
Trd, 000049.900, 146
Trd, 000050.467, 148
Trd, 000051.333, 148
Trd, 000051.483, 153
Trd, 000052.817, 149
Trd, 000052.900, 148
Trd, 000053.550, 147
Trd, 000054.400, 148
Trd, 000054.467, 149
Trd, 000055.583, 153
Trd, 000056.267, 155
Trd, 000056.817, 157
Trd, 000057.150, 161
Trd, 000057.983, 158
Trd, 000058.217, 163
Trd, 000058.467, 157
Trd, 000060.350, 155
Trd, 000060.983, 157
Trd, 000061.583, 159
Trd, 000062.717, 149
Trd, 000062.800, 150
Trd, 000063.233, 143
Trd, 000063.667, 150
Trd, 000064.150, 146
Trd, 000064.267, 147
Trd, 000064.583, 148
Trd, 000064.983, 150
Trd, 000065.300, 156
Trd, 000067.533, 163
Trd, 000067.883, 165
Trd, 000068.117, 164
Trd, 000068.450, 166
Trd, 000069.283, 165
Trd, 000069.983, 164
Trd, 000070.133, 165
Trd, 000070.200, 162
Trd, 000070.300, 158
Trd, 000071.550, 148
Trd, 000071.800, 149
Trd, 000072.667, 149
Trd, 000072.733, 162
Trd, 000073.000, 167
Trd, 000073.400, 163
Trd, 000073.617, 162
Trd, 000075.317, 164
Trd, 000075.367, 163
Trd, 000075.450, 163
Trd, 000076.400, 160
Trd, 000076.600, 159
Trd, 000077.100, 160
Trd, 000078.033, 162
Trd, 000078.317, 161
Trd, 000078.550, 163
Trd, 000079.333, 161
Trd, 000079.733, 159
Trd, 000080.650, 161
Trd, 000081.133, 161
Trd, 000081.783, 158
Trd, 000081.867, 156
Trd, 000082.700, 160
Trd, 000083.017, 170
Trd, 000083.850, 169
Trd, 000085.867, 167
Trd, 000086.133, 168
Trd, 000086.183, 164
Trd, 000086.517, 164
Trd, 000086.550, 169
Trd, 000087.300, 168
Trd, 000088.850, 168
Trd, 000089.200, 167
Trd, 000089.583, 167
Trd, 000089.817, 165
Trd, 000091.517, 169
Trd, 000091.583, 164
Trd, 000092.183, 150
Trd, 000092.667, 160
Trd, 000093.067, 159
Trd, 000093.683, 147
Trd, 000094.833, 159
Trd, 000096.017, 153
Trd, 000096.483, 153
Trd, 000097.950, 158
Trd, 000098.017, 164
Trd, 000098.083, 157
Trd, 000098.433, 174
Trd, 000100.550, 163
Trd, 000100.767, 163
Trd, 000101.217, 162
Trd, 000101.517, 162
Trd, 000101.783, 161
Trd, 000102.433, 163
Trd, 000102.467, 161
Trd, 000102.833, 163
Trd, 000103.350, 165
Trd, 000104.433, 155
Trd, 000104.850, 162
Trd, 000105.183, 165
Trd, 000106.517, 165
Trd, 000106.967, 174
Trd, 000106.983, 165
Trd, 000107.550, 167
Trd, 000107.683, 176
Trd, 000108.517, 169
Trd, 000109.383, 171
Trd, 000110.033, 170
Trd, 000110.983, 170
Trd, 000111.750, 169
Trd, 000111.933, 166
Trd, 000112.517, 162
Trd, 000112.933, 163
Trd, 000113.917, 166
Trd, 000114.250, 166
Trd, 000114.383, 165
Trd, 000115.283, 167
Trd, 000116.533, 166
Trd, 000116.667, 167
Trd, 000116.917, 163
Trd, 000118.433, 164
Trd, 000118.883, 165
Trd, 000118.900, 163
Trd, 000119.167, 166
Trd, 000119.633, 169
Trd, 000121.333, 166
Trd, 000121.650, 163
Trd, 000121.883, 167
Trd, 000122.383, 164
Trd, 000123.133, 160
Trd, 000123.600, 152
Trd, 000124.083, 156
Trd, 000124.367, 186
Trd, 000124.900, 155
Trd, 000126.167, 153
Trd, 000126.267, 156
Trd, 000127.283, 157
Trd, 000127.867, 154
Trd, 000128.700, 155
Trd, 000129.150, 159
Trd, 000129.917, 158
Trd, 000130.067, 159
Trd, 000130.167, 154
Trd, 000131.017, 159
Trd, 000131.533, 161
Trd, 000132.317, 157
Trd, 000133.867, 152
Trd, 000134.017, 154
Trd, 000134.600, 157
Trd, 000135.050, 169
Trd, 000135.517, 168
Trd, 000135.767, 161
Trd, 000135.817, 157
Trd, 000136.800, 155
Trd, 000137.133, 161
Trd, 000137.617, 159
Trd, 000138.067, 152
Trd, 000138.967, 155
Trd, 000139.367, 155
Trd, 000140.250, 150
Trd, 000140.667, 156
Trd, 000141.783, 158
Trd, 000142.033, 162
Trd, 000142.517, 160
Trd, 000143.017, 161
Trd, 000143.067, 162
Trd, 000143.783, 163
Trd, 000144.483, 166
Trd, 000144.533, 164
Trd, 000144.600, 167
Trd, 000145.017, 168
Trd, 000145.817, 179
Trd, 000146.467, 166
Trd, 000146.517, 162
Trd, 000147.317, 176
Trd, 000148.500, 176
Trd, 000148.967, 171
Trd, 000149.233, 172
Trd, 000149.350, 171
Trd, 000149.850, 178
Trd, 000151.300, 171
Trd, 000152.317, 174
Trd, 000152.900, 171
Trd, 000152.933, 170
Trd, 000153.167, 172
Trd, 000153.800, 167
Trd, 000154.533, 169
Trd, 000154.883, 169
Trd, 000155.433, 170
Trd, 000155.583, 170
Trd, 000155.700, 167
Trd, 000155.717, 166
Trd, 000156.633, 167
Trd, 000159.300, 166
Trd, 000159.517, 164
Trd, 000160.067, 167
Trd, 000160.700, 159
Trd, 000160.917, 157
Trd, 000160.983, 160
Trd, 000161.600, 159
Trd, 000161.950, 159
Trd, 000162.267, 158
Trd, 000162.933, 158
Trd, 000163.567, 159
Trd, 000163.683, 159
Trd, 000164.800, 159
Trd, 000165.000, 158
Trd, 000166.217, 160
Trd, 000167.083, 163
Trd, 000167.150, 165
Trd, 000167.500, 165
Trd, 000167.533, 164
Trd, 000168.683, 165
Trd, 000168.833, 168
Trd, 000169.283, 165
Trd, 000169.617, 167
Trd, 000170.400, 176
Trd, 000170.917, 178
Trd, 000171.633, 170
Trd, 000172.433, 170
Trd, 000172.617, 187
Trd, 000173.433, 170
Trd, 000174.267, 168
Trd, 000176.450, 171
Trd, 000176.817, 167
Trd, 000176.950, 173
Trd, 000177.750, 172
Trd, 000178.867, 173
Trd, 000178.950, 174
Trd, 000179.233, 173
Trd, 000179.300, 178
Trd, 000179.383, 173
Trd, 000179.500, 169
Trd, 000180.400, 178
Trd, 000182.350, 172
Trd, 000182.983, 172
Trd, 000183.367, 177
Trd, 000183.450, 171
Trd, 000183.483, 170
Trd, 000185.333, 174
Trd, 000185.617, 173
Trd, 000185.767, 171
Trd, 000186.483, 170
Trd, 000187.083, 174
Trd, 000187.200, 174
Trd, 000187.867, 170
Trd, 000188.767, 174
Trd, 000189.267, 171
Trd, 000189.300, 171
Trd, 000190.183, 175
Trd, 000190.483, 169
Trd, 000190.833, 174
Trd, 000191.100, 167
Trd, 000191.400, 173
Trd, 000192.333, 163
Trd, 000192.383, 166
Trd, 000192.683, 174
Trd, 000193.783, 176
Trd, 000194.450, 175
Trd, 000194.583, 174
Trd, 000195.467, 173
Trd, 000195.483, 170
Trd, 000197.833, 160
Trd, 000197.950, 159
Trd, 000198.133, 163
Trd, 000198.517, 163
Trd, 000200.467, 162
Trd, 000200.483, 164
Trd, 000200.883, 157
Trd, 000201.400, 161
Trd, 000201.767, 164
Trd, 000201.917, 163
Trd, 000201.983, 161
Trd, 000202.667, 184
Trd, 000204.600, 172
Trd, 000205.083, 170
Trd, 000205.100, 169
Trd, 000205.867, 169
Trd, 000206.317, 172
Trd, 000206.350, 174
Trd, 000207.550, 174
Trd, 000208.267, 173
Trd, 000209.150, 173
Trd, 000209.933, 175
Trd, 000210.067, 196
Trd, 000212.200, 176
Trd, 000212.233, 174
Trd, 000213.800, 173
Trd, 000214.517, 176
Trd, 000215.050, 175
Trd, 000215.283, 176
Trd, 000215.483, 178
Trd, 000216.117, 175
Trd, 000216.567, 177
Trd, 000216.583, 178
Trd, 000216.817, 176
Trd, 000217.200, 179
Trd, 000219.017, 174
Trd, 000219.067, 173
Trd, 000219.767, 173
Trd, 000220.433, 173
Trd, 000221.083, 174
Trd, 000221.383, 172
Trd, 000221.500, 170
Trd, 000221.750, 173
Trd, 000222.083, 173
Trd, 000222.300, 177
Trd, 000224.583, 166
Trd, 000224.817, 169
Trd, 000225.783, 168
Trd, 000226.233, 168
Trd, 000226.517, 168
Trd, 000226.967, 167
Trd, 000227.167, 166
Trd, 000227.283, 170
Trd, 000228.767, 185
Trd, 000229.517, 184
Trd, 000229.967, 183
Trd, 000230.050, 182
Trd, 000231.183, 180
Trd, 000231.367, 180
Trd, 000231.900, 175
Trd, 000232.050, 174
Trd, 000232.817, 178
Trd, 000234.533, 175
Trd, 000234.650, 174
Trd, 000235.017, 172
Trd, 000235.150, 171
Trd, 000235.233, 174
Trd, 000235.250, 176
Trd, 000235.317, 156
Trd, 000235.583, 177
Trd, 000237.217, 169
Trd, 000237.650, 168
Trd, 000237.817, 164
Trd, 000237.933, 169
Trd, 000239.517, 164
Trd, 000239.650, 165
Trd, 000240.583, 170
Trd, 000241.033, 171
Trd, 000241.267, 172
Trd, 000241.417, 172
Trd, 000241.633, 173
Trd, 000241.800, 172
Trd, 000241.917, 172
Trd, 000242.017, 171
Trd, 000242.100, 174
Trd, 000242.500, 172
Trd, 000242.750, 173
Trd, 000243.333, 173
Trd, 000244.000, 174
Trd, 000244.667, 178
Trd, 000244.833, 179
Trd, 000245.383, 178
Trd, 000246.017, 185
Trd, 000246.617, 186
Trd, 000246.800, 184
Trd, 000246.883, 183
Trd, 000247.167, 181
Trd, 000248.217, 181
Trd, 000248.783, 181
Trd, 000248.933, 181
Trd, 000249.483, 179
Trd, 000250.067, 177
Trd, 000251.333, 178
Trd, 000251.467, 179
Trd, 000251.517, 179
Trd, 000252.117, 177
Trd, 000252.300, 176
Trd, 000252.600, 175
Trd, 000252.783, 173
Trd, 000253.050, 166
Trd, 000253.617, 159
Trd, 000254.133, 168
Trd, 000254.800, 166
Trd, 000255.000, 160
Trd, 000255.117, 161
Trd, 000255.417, 164
Trd, 000256.467, 164
Trd, 000256.900, 164
Trd, 000257.117, 164
Trd, 000257.650, 165
Trd, 000258.317, 166
Trd, 000258.583, 166
Trd, 000258.767, 169
Trd, 000259.067, 169
Trd, 000259.283, 170
Trd, 000259.300, 173
Trd, 000259.717, 170
Trd, 000260.067, 170
Trd, 000260.283, 170
Trd, 000260.450, 168
Trd, 000260.733, 174
Trd, 000260.883, 181
Trd, 000261.900, 178
Trd, 000262.933, 173
Trd, 000263.450, 184
Trd, 000263.700, 187
Trd, 000264.300, 189
Trd, 000264.350, 187
Trd, 000265.600, 191
Trd, 000265.617, 188
Trd, 000265.733, 184
Trd, 000265.867, 184
Trd, 000266.633, 181
Trd, 000266.833, 181
Trd, 000266.950, 184
Trd, 000268.317, 183
Trd, 000268.383, 184
Trd, 000268.817, 181
Trd, 000269.550, 183
Trd, 000269.583, 178
Trd, 000269.800, 182
Trd, 000270.650, 182
Trd, 000270.750, 179
Trd, 000270.800, 178
Trd, 000270.900, 185
Trd, 000271.750, 182
Trd, 000271.917, 179
Trd, 000272.433, 170
Trd, 000272.717, 169
Trd, 000273.883, 171
Trd, 000274.200, 170
Trd, 000274.717, 168
Trd, 000274.833, 174
Trd, 000275.083, 175
Trd, 000275.267, 176
Trd, 000275.317, 177
Trd, 000275.550, 182
Trd, 000275.617, 176
Trd, 000275.967, 183
Trd, 000276.667, 185
Trd, 000276.833, 193
Trd, 000276.967, 182
Trd, 000277.217, 181
Trd, 000278.833, 171
Trd, 000279.033, 161
Trd, 000279.317, 164
Trd, 000279.650, 172
Trd, 000279.900, 171
Trd, 000280.183, 168
Trd, 000280.250, 149
Trd, 000281.200, 170
Trd, 000281.383, 176
Trd, 000281.783, 171
Trd, 000281.883, 169
Trd, 000282.517, 172
Trd, 000282.717, 172
Trd, 000282.917, 171
Trd, 000282.967, 172
Trd, 000283.150, 169
Trd, 000283.933, 169
Trd, 000284.000, 170
Trd, 000284.383, 175
Trd, 000285.017, 166
Trd, 000285.533, 176
Trd, 000285.783, 183
Trd, 000286.383, 174
Trd, 000286.483, 174
Trd, 000287.850, 175
Trd, 000287.900, 175
Trd, 000288.183, 175
Trd, 000288.583, 174
Trd, 000289.217, 170
Trd, 000289.317, 169
Trd, 000289.367, 176
Trd, 000289.683, 169
Trd, 000289.983, 184
Trd, 000290.333, 180
Trd, 000290.367, 184
Trd, 000290.683, 186
Trd, 000291.233, 187
Trd, 000291.800, 178
Trd, 000292.133, 177
Trd, 000292.867, 175
Trd, 000293.133, 188
Trd, 000293.383, 193
Trd, 000293.733, 177
Trd, 000294.100, 177
Trd, 000294.700, 178
Trd, 000295.067, 177
Trd, 000295.083, 186
Trd, 000295.700, 186
Trd, 000295.783, 184
Trd, 000296.017, 182
Trd, 000296.767, 185
Trd, 000298.617, 184
Trd, 000298.700, 185
Trd, 000298.933, 183
Trd, 000299.400, 183
