Trd, 000002.983, 146
Trd, 000003.083, 146
Trd, 000003.150, 147
Trd, 000003.350, 149
Trd, 000004.083, 155
Trd, 000004.267, 147
Trd, 000004.817, 162
Trd, 000005.567, 148
Trd, 000006.117, 165
Trd, 000006.683, 160
Trd, 000007.467, 160
Trd, 000009.867, 154
Trd, 000010.283, 154
Trd, 000010.783, 155
Trd, 000011.483, 150
Trd, 000011.650, 156
Trd, 000012.117, 154
Trd, 000012.900, 150
Trd, 000013.933, 148
Trd, 000013.967, 154
Trd, 000015.900, 149
Trd, 000016.583, 149
Trd, 000017.750, 151
Trd, 000018.433, 148
Trd, 000018.483, 151
Trd, 000018.867, 153
Trd, 000019.117, 152
Trd, 000019.150, 153
Trd, 000019.700, 148
Trd, 000021.067, 152
Trd, 000022.083, 157
Trd, 000023.133, 153
Trd, 000024.267, 154
Trd, 000024.467, 153
Trd, 000024.700, 154
Trd, 000025.533, 153
Trd, 000025.683, 152
Trd, 000026.033, 153
Trd, 000026.767, 157
Trd, 000027.400, 164
Trd, 000027.550, 168
Trd, 000028.550, 164
Trd, 000028.617, 160
Trd, 000029.000, 168
Trd, 000030.517, 163
Trd, 000030.883, 162
Trd, 000031.217, 160
Trd, 000032.450, 154
Trd, 000032.800, 157
Trd, 000033.217, 157
Trd, 000033.817, 156
Trd, 000034.367, 157
Trd, 000034.583, 157
Trd, 000035.633, 157
Trd, 000035.767, 159
Trd, 000037.500, 156
Trd, 000037.683, 155
Trd, 000038.467, 154
Trd, 000038.933, 153
Trd, 000039.650, 153
Trd, 000039.700, 154
Trd, 000040.900, 156
Trd, 000041.050, 153
Trd, 000041.700, 154
Trd, 000042.250, 159
Trd, 000043.567, 151
Trd, 000043.633, 153
Trd, 000044.800, 153
Trd, 000045.133, 152
Trd, 000045.400, 152
Trd, 000045.817, 153
Trd, 000048.217, 154
Trd, 000048.650, 155
Trd, 000049.033, 155
Trd, 000049.183, 156
Trd, 000049.700, 157
Trd, 000050.317, 158
Trd, 000051.317, 158
Trd, 000051.717, 160
Trd, 000052.033, 167
Trd, 000052.883, 169
Trd, 000052.983, 170
Trd, 000053.600, 170
Trd, 000053.633, 158
Trd, 000054.600, 158
Trd, 000055.517, 159
Trd, 000055.733, 158
Trd, 000057.967, 165
Trd, 000058.250, 166
Trd, 000058.717, 164
Trd, 000058.867, 160
Trd, 000059.233, 163
Trd, 000059.950, 161
Trd, 000061.483, 161
Trd, 000062.317, 159
Trd, 000062.567, 157
Trd, 000063.400, 156
Trd, 000063.450, 156
Trd, 000063.717, 158
Trd, 000063.967, 161
Trd, 000064.183, 161
Trd, 000064.900, 167
Trd, 000067.617, 161
Trd, 000067.900, 160
Trd, 000068.283, 164
Trd, 000069.250, 162
Trd, 000070.200, 169
Trd, 000071.283, 172
Trd, 000071.367, 175
Trd, 000071.717, 164
Trd, 000071.917, 168
Trd, 000072.167, 163
Trd, 000072.317, 162
Trd, 000074.083, 168
Trd, 000074.883, 165
Trd, 000075.383, 169
Trd, 000077.200, 165
Trd, 000077.317, 169
Trd, 000077.833, 167
Trd, 000078.400, 167
Trd, 000079.000, 158
Trd, 000080.233, 154
Trd, 000081.483, 158
Trd, 000081.783, 158
Trd, 000081.933, 159
Trd, 000082.633, 160
Trd, 000082.733, 159
Trd, 000083.350, 158
Trd, 000083.767, 160
Trd, 000084.167, 160
Trd, 000085.133, 161
Trd, 000085.233, 162
Trd, 000086.800, 163
Trd, 000086.850, 170
Trd, 000087.633, 162
Trd, 000087.900, 170
Trd, 000089.550, 163
Trd, 000089.950, 163
Trd, 000090.633, 162
Trd, 000091.167, 164
Trd, 000091.667, 159
Trd, 000091.800, 162
Trd, 000092.333, 163
Trd, 000093.200, 160
Trd, 000093.933, 160
Trd, 000095.083, 163
Trd, 000096.550, 163
Trd, 000096.983, 164
Trd, 000097.117, 164
Trd, 000097.300, 161
Trd, 000098.000, 162
Trd, 000098.067, 169
Trd, 000098.717, 163
Trd, 000099.750, 166
Trd, 000100.883, 164
Trd, 000101.250, 163
Trd, 000101.467, 165
Trd, 000102.483, 162
Trd, 000103.450, 160
Trd, 000104.800, 160
Trd, 000104.917, 161
Trd, 000105.133, 162
Trd, 000105.500, 159
Trd, 000106.150, 164
Trd, 000106.583, 158
Trd, 000106.617, 155
Trd, 000107.600, 160
Trd, 000108.400, 159
Trd, 000108.833, 161
Trd, 000109.933, 166
Trd, 000109.950, 165
Trd, 000111.833, 166
Trd, 000112.217, 165
Trd, 000112.250, 163
Trd, 000112.300, 173
Trd, 000112.350, 176
Trd, 000112.383, 179
Trd, 000113.817, 179
Trd, 000115.033, 166
Trd, 000116.017, 167
Trd, 000116.717, 166
Trd, 000118.417, 165
Trd, 000119.067, 166
Trd, 000120.333, 167
Trd, 000120.650, 167
Trd, 000121.750, 165
Trd, 000122.033, 166
Trd, 000122.250, 165
Trd, 000123.167, 166
Trd, 000123.367, 162
Trd, 000123.783, 167
Trd, 000125.467, 166
Trd, 000125.633, 167
Trd, 000126.133, 167
Trd, 000126.783, 165
Trd, 000127.400, 168
Trd, 000127.450, 167
Trd, 000128.450, 166
Trd, 000128.767, 166
Trd, 000129.100, 162
Trd, 000129.950, 167
Trd, 000130.733, 165
Trd, 000132.733, 165
Trd, 000133.767, 164
Trd, 000134.600, 164
Trd, 000135.933, 162
Trd, 000136.183, 163
Trd, 000136.383, 165
Trd, 000136.950, 163
Trd, 000137.367, 161
Trd, 000137.450, 163
Trd, 000137.717, 168
Trd, 000137.783, 161
Trd, 000138.717, 163
Trd, 000139.900, 165
Trd, 000140.650, 163
Trd, 000141.150, 169
Trd, 000141.183, 175
Trd, 000142.883, 167
Trd, 000144.167, 166
Trd, 000144.400, 165
Trd, 000144.433, 163
Trd, 000145.283, 166
Trd, 000145.867, 165
Trd, 000146.783, 166
Trd, 000147.917, 166
Trd, 000148.417, 165
Trd, 000149.333, 163
Trd, 000150.133, 164
Trd, 000150.317, 165
Trd, 000150.617, 166
Trd, 000151.767, 167
Trd, 000152.300, 167
Trd, 000152.883, 170
Trd, 000153.900, 168
Trd, 000154.017, 159
Trd, 000154.767, 161
Trd, 000155.983, 162
Trd, 000156.167, 163
Trd, 000157.067, 169
Trd, 000157.267, 167
Trd, 000157.950, 168
Trd, 000158.350, 163
Trd, 000160.567, 167
Trd, 000161.050, 168
Trd, 000161.333, 167
Trd, 000161.433, 165
Trd, 000161.450, 171
Trd, 000161.667, 160
Trd, 000162.067, 171
Trd, 000162.467, 157
Trd, 000162.683, 171
Trd, 000163.400, 172
Trd, 000163.833, 175
Trd, 000165.083, 173
Trd, 000166.400, 175
Trd, 000167.067, 174
Trd, 000168.317, 173
Trd, 000169.433, 176
Trd, 000169.500, 177
Trd, 000169.533, 174
Trd, 000171.267, 175
Trd, 000172.150, 173
Trd, 000172.300, 173
Trd, 000172.333, 177
Trd, 000172.800, 176
Trd, 000174.100, 176
Trd, 000174.967, 178
Trd, 000175.017, 170
Trd, 000175.500, 177
Trd, 000178.650, 174
Trd, 000179.317, 172
Trd, 000179.617, 172
Trd, 000179.967, 174
Trd, 000180.217, 176
Trd, 000180.333, 180
Trd, 000180.683, 177
Trd, 000181.567, 176
Trd, 000182.250, 173
Trd, 000182.317, 177
Trd, 000182.717, 178
Trd, 000183.250, 180
Trd, 000185.867, 176
Trd, 000185.917, 173
Trd, 000186.433, 174
Trd, 000186.533, 172
Trd, 000186.667, 173
Trd, 000186.850, 178
Trd, 000186.950, 172
Trd, 000188.500, 172
Trd, 000188.833, 176
Trd, 000189.033, 175
Trd, 000189.250, 174
Trd, 000189.333, 170
Trd, 000189.550, 174
Trd, 000191.083, 169
Trd, 000191.517, 165
Trd, 000191.533, 166
Trd, 000192.383, 173
Trd, 000192.817, 163
Trd, 000193.583, 171
Trd, 000194.333, 164
Trd, 000194.350, 163
Trd, 000194.950, 165
Trd, 000195.050, 161
Trd, 000195.300, 164
Trd, 000196.433, 167
Trd, 000199.300, 169
Trd, 000199.817, 168
Trd, 000200.150, 168
Trd, 000200.450, 169
Trd, 000200.983, 171
Trd, 000201.017, 168
Trd, 000201.783, 175
Trd, 000202.183, 173
Trd, 000202.250, 175
Trd, 000202.433, 172
Trd, 000204.567, 182
Trd, 000206.167, 179
Trd, 000206.667, 179
Trd, 000206.850, 177
Trd, 000207.067, 175
Trd, 000208.433, 183
Trd, 000208.733, 175
Trd, 000209.450, 174
Trd, 000209.517, 171
Trd, 000210.133, 168
Trd, 000210.500, 164
Trd, 000210.933, 169
Trd, 000211.067, 174
Trd, 000211.117, 175
Trd, 000213.633, 175
Trd, 000214.483, 186
Trd, 000215.183, 181
Trd, 000215.600, 176
Trd, 000215.683, 176
Trd, 000217.117, 177
Trd, 000217.317, 174
Trd, 000217.517, 183
Trd, 000217.767, 189
Trd, 000218.733, 177
Trd, 000219.200, 173
Trd, 000219.283, 176
Trd, 000219.383, 183
Trd, 000220.833, 177
Trd, 000222.400, 174
Trd, 000222.983, 176
Trd, 000223.017, 175
Trd, 000223.317, 176
Trd, 000223.483, 174
Trd, 000224.100, 175
Trd, 000225.217, 172
Trd, 000226.383, 174
Trd, 000227.800, 169
Trd, 000228.050, 172
Trd, 000228.383, 173
Trd, 000229.317, 174
Trd, 000229.367, 173
Trd, 000229.600, 175
Trd, 000231.017, 174
Trd, 000231.400, 174
Trd, 000231.850, 175
Trd, 000232.417, 175
Trd, 000232.650, 174
Trd, 000232.683, 173
Trd, 000232.867, 175
Trd, 000233.433, 178
Trd, 000233.817, 185
Trd, 000233.917, 188
Trd, 000236.000, 179
Trd, 000236.450, 179
Trd, 000236.950, 177
Trd, 000237.000, 178
Trd, 000238.067, 178
Trd, 000238.700, 179
Trd, 000239.250, 179
Trd, 000239.333, 177
Trd, 000240.183, 176
Trd, 000240.417, 180
Trd, 000240.833, 178
Trd, 000240.950, 178
Trd, 000241.450, 178
Trd, 000241.750, 178
Trd, 000242.033, 176
Trd, 000242.050, 178
Trd, 000242.100, 176
Trd, 000242.417, 181
Trd, 000242.750, 174
Trd, 000243.233, 173
Trd, 000243.750, 165
Trd, 000244.583, 184
Trd, 000244.867, 175
Trd, 000245.750, 174
Trd, 000246.000, 177
Trd, 000246.217, 175
Trd, 000246.250, 174
Trd, 000246.567, 171
Trd, 000248.333, 172
Trd, 000248.717, 172
Trd, 000249.100, 170
Trd, 000249.317, 171
Trd, 000249.783, 171
Trd, 000250.433, 173
Trd, 000250.467, 171
Trd, 000250.983, 168
Trd, 000251.200, 167
Trd, 000251.450, 169
Trd, 000251.933, 168
Trd, 000252.150, 175
Trd, 000252.267, 173
Trd, 000253.983, 172
Trd, 000254.017, 169
Trd, 000254.400, 170
Trd, 000254.783, 173
Trd, 000255.983, 170
Trd, 000256.300, 170
Trd, 000256.617, 172
Trd, 000256.900, 173
Trd, 000256.933, 176
Trd, 000257.950, 172
Trd, 000258.567, 177
Trd, 000259.550, 181
Trd, 000259.667, 185
Trd, 000260.500, 180
Trd, 000261.183, 179
Trd, 000261.367, 177
Trd, 000261.400, 181
Trd, 000261.500, 173
Trd, 000261.583, 173
Trd, 000261.783, 184
Trd, 000262.767, 170
Trd, 000263.233, 170
Trd, 000263.700, 188
Trd, 000265.183, 173
Trd, 000265.317, 171
Trd, 000266.000, 172
Trd, 000266.367, 173
Trd, 000266.717, 173
Trd, 000267.017, 172
Trd, 000267.233, 172
Trd, 000267.500, 174
Trd, 000267.817, 176
Trd, 000268.283, 178
Trd, 000268.483, 181
Trd, 000269.900, 188
Trd, 000270.600, 189
Trd, 000270.750, 177
Trd, 000271.067, 177
Trd, 000271.117, 182
Trd, 000271.167, 177
Trd, 000271.600, 186
Trd, 000271.667, 176
Trd, 000272.333, 184
Trd, 000272.583, 185
Trd, 000273.267, 193
Trd, 000273.900, 182
Trd, 000274.267, 189
Trd, 000274.550, 183
Trd, 000274.667, 194
Trd, 000275.550, 182
Trd, 000275.567, 182
Trd, 000275.717, 182
Trd, 000275.767, 183
Trd, 000276.333, 177
Trd, 000276.883, 171
Trd, 000277.033, 172
Trd, 000277.133, 173
Trd, 000277.550, 177
Trd, 000278.133, 171
Trd, 000278.217, 170
Trd, 000278.367, 169
Trd, 000278.533, 176
Trd, 000278.650, 179
Trd, 000279.550, 175
Trd, 000279.717, 176
Trd, 000280.300, 178
Trd, 000281.233, 183
Trd, 000281.367, 169
Trd, 000281.600, 171
Trd, 000281.767, 182
Trd, 000282.550, 177
Trd, 000283.183, 178
Trd, 000283.333, 174
Trd, 000283.817, 171
Trd, 000284.000, 172
Trd, 000284.067, 170
Trd, 000284.183, 177
Trd, 000285.383, 174
Trd, 000285.550, 176
Trd, 000285.833, 179
Trd, 000286.067, 172
Trd, 000286.200, 180
Trd, 000286.883, 187
Trd, 000286.983, 191
Trd, 000287.133, 184
Trd, 000287.283, 186
Trd, 000287.417, 183
Trd, 000287.583, 182
Trd, 000288.233, 196
Trd, 000288.500, 184
Trd, 000288.700, 177
Trd, 000291.083, 177
Trd, 000291.217, 176
Trd, 000291.383, 177
Trd, 000291.417, 186
Trd, 000291.650, 174
Trd, 000291.733, 173
Trd, 000292.083, 197
Trd, 000292.167, 174
Trd, 000292.483, 170
Trd, 000292.500, 166
Trd, 000292.933, 173
Trd, 000293.033, 178
Trd, 000293.983, 173
Trd, 000294.700, 171
Trd, 000294.883, 180
Trd, 000295.567, 180
Trd, 000296.000, 171
Trd, 000296.233, 178
Trd, 000296.350, 180
Trd, 000296.767, 180
Trd, 000297.783, 179
Trd, 000297.983, 175
Trd, 000298.283, 179
Trd, 000298.417, 174
Trd, 000298.683, 181
Trd, 000298.950, 171
Trd, 000299.083, 171
Trd, 000299.683, 170
