Trd, 000002.483, 168
Trd, 000003.017, 163
Trd, 000003.683, 168
Trd, 000003.900, 132
Trd, 000003.967, 166
Trd, 000004.133, 134
Trd, 000004.817, 155
Trd, 000005.033, 154
Trd, 000005.667, 146
Trd, 000006.333, 142
Trd, 000006.417, 152
Trd, 000006.750, 148
Trd, 000007.450, 147
Trd, 000007.600, 147
Trd, 000009.067, 146
Trd, 000009.717, 146
Trd, 000011.983, 147
Trd, 000013.017, 145
Trd, 000013.417, 140
Trd, 000013.883, 145
Trd, 000013.917, 145
Trd, 000014.250, 145
Trd, 000014.633, 144
Trd, 000014.733, 142
Trd, 000015.117, 141
Trd, 000016.200, 140
Trd, 000016.300, 143
Trd, 000016.400, 144
Trd, 000018.383, 143
Trd, 000019.717, 144
Trd, 000019.817, 145
Trd, 000019.983, 146
Trd, 000020.933, 146
Trd, 000022.317, 153
Trd, 000022.700, 154
Trd, 000022.817, 155
Trd, 000022.833, 157
Trd, 000024.833, 148
Trd, 000024.883, 147
Trd, 000025.033, 147
Trd, 000025.417, 146
Trd, 000025.900, 146
Trd, 000027.767, 146
Trd, 000027.783, 147
Trd, 000027.833, 147
Trd, 000028.450, 144
Trd, 000028.867, 147
Trd, 000029.117, 160
Trd, 000030.033, 148
Trd, 000030.800, 150
Trd, 000031.367, 149
Trd, 000031.867, 149
Trd, 000032.617, 147
Trd, 000032.817, 150
Trd, 000033.433, 147
Trd, 000033.783, 145
Trd, 000033.933, 149
Trd, 000034.217, 151
Trd, 000034.683, 158
Trd, 000035.933, 149
Trd, 000036.333, 145
Trd, 000036.600, 149
Trd, 000038.200, 148
Trd, 000038.517, 150
Trd, 000038.733, 150
Trd, 000039.167, 152
Trd, 000040.717, 149
Trd, 000041.067, 149
Trd, 000041.150, 149
Trd, 000041.550, 147
Trd, 000042.633, 148
Trd, 000043.033, 147
Trd, 000043.617, 146
Trd, 000043.733, 150
Trd, 000044.967, 149
Trd, 000045.367, 148
Trd, 000046.050, 149
Trd, 000047.767, 147
Trd, 000047.817, 147
Trd, 000048.200, 148
Trd, 000048.250, 147
Trd, 000048.267, 149
Trd, 000050.133, 149
Trd, 000050.767, 150
Trd, 000051.383, 147
Trd, 000051.733, 148
Trd, 000051.850, 146
Trd, 000053.333, 147
Trd, 000053.683, 143
Trd, 000053.983, 148
Trd, 000055.117, 145
Trd, 000055.133, 148
Trd, 000055.183, 148
Trd, 000055.483, 147
Trd, 000055.633, 149
Trd, 000055.733, 153
Trd, 000056.083, 160
Trd, 000057.183, 162
Trd, 000057.317, 148
Trd, 000060.067, 153
Trd, 000060.967, 150
Trd, 000061.133, 153
Trd, 000061.467, 151
Trd, 000062.567, 150
Trd, 000062.900, 148
Trd, 000062.950, 149
Trd, 000063.300, 153
Trd, 000063.900, 159
Trd, 000063.933, 161
Trd, 000064.450, 164
Trd, 000064.483, 168
Trd, 000065.817, 165
Trd, 000066.600, 157
Trd, 000066.817, 154
Trd, 000067.700, 156
Trd, 000068.650, 154
Trd, 000069.250, 153
Trd, 000069.467, 155
Trd, 000069.750, 157
Trd, 000070.417, 157
Trd, 000070.450, 158
Trd, 000071.483, 161
Trd, 000072.267, 159
Trd, 000072.350, 160
Trd, 000074.083, 158
Trd, 000074.433, 161
Trd, 000074.933, 156
Trd, 000076.383, 158
Trd, 000077.050, 156
Trd, 000077.067, 155
Trd, 000078.200, 155
Trd, 000078.650, 155
Trd, 000078.850, 155
Trd, 000079.300, 159
Trd, 000079.417, 160
Trd, 000079.617, 154
Trd, 000079.767, 149
Trd, 000081.633, 155
Trd, 000082.100, 156
Trd, 000082.183, 159
Trd, 000082.250, 153
Trd, 000082.800, 156
Trd, 000083.983, 152
Trd, 000085.100, 153
Trd, 000085.600, 153
Trd, 000085.867, 154
Trd, 000086.250, 154
Trd, 000086.900, 154
Trd, 000087.150, 154
Trd, 000087.200, 155
Trd, 000087.367, 157
Trd, 000088.067, 155
Trd, 000088.733, 157
Trd, 000088.833, 171
Trd, 000089.117, 164
Trd, 000090.600, 173
Trd, 000091.083, 162
Trd, 000092.000, 162
Trd, 000092.617, 161
Trd, 000093.133, 164
Trd, 000093.633, 166
Trd, 000093.667, 167
Trd, 000094.400, 165
Trd, 000094.800, 160
Trd, 000095.150, 165
Trd, 000096.567, 156
Trd, 000098.083, 157
Trd, 000098.750, 156
Trd, 000099.483, 158
Trd, 000099.883, 156
Trd, 000099.917, 159
Trd, 000100.183, 158
Trd, 000100.583, 153
Trd, 000101.133, 157
Trd, 000102.550, 148
Trd, 000102.717, 155
Trd, 000102.767, 156
Trd, 000103.817, 154
Trd, 000104.033, 155
Trd, 000104.250, 154
Trd, 000104.367, 156
Trd, 000104.517, 158
Trd, 000104.983, 165
Trd, 000105.683, 168
Trd, 000105.900, 151
Trd, 000107.683, 157
Trd, 000107.950, 159
Trd, 000108.917, 158
Trd, 000108.950, 158
Trd, 000109.383, 160
Trd, 000110.083, 160
Trd, 000110.383, 157
Trd, 000110.567, 155
Trd, 000111.200, 154
Trd, 000111.583, 158
Trd, 000112.617, 157
Trd, 000113.300, 158
Trd, 000114.100, 158
Trd, 000115.033, 165
Trd, 000115.083, 156
Trd, 000115.617, 155
Trd, 000116.217, 152
Trd, 000116.233, 161
Trd, 000118.033, 154
Trd, 000118.267, 158
Trd, 000119.417, 159
Trd, 000120.133, 156
Trd, 000120.550, 154
Trd, 000120.667, 154
Trd, 000120.883, 156
Trd, 000121.383, 157
Trd, 000121.517, 160
Trd, 000122.267, 159
Trd, 000122.967, 152
Trd, 000123.317, 167
Trd, 000123.350, 170
Trd, 000124.400, 150
Trd, 000125.900, 153
Trd, 000127.000, 150
Trd, 000127.017, 152
Trd, 000127.117, 153
Trd, 000127.583, 150
Trd, 000128.450, 149
Trd, 000128.883, 154
Trd, 000129.017, 157
Trd, 000129.167, 151
Trd, 000129.583, 156
Trd, 000131.367, 161
Trd, 000131.383, 169
Trd, 000131.600, 171
Trd, 000132.933, 161
Trd, 000133.750, 159
Trd, 000133.983, 163
Trd, 000135.417, 155
Trd, 000135.633, 155
Trd, 000136.283, 156
Trd, 000136.717, 154
Trd, 000137.133, 156
Trd, 000137.983, 154
Trd, 000138.583, 154
Trd, 000139.517, 156
Trd, 000139.700, 156
Trd, 000140.967, 154
Trd, 000141.367, 154
Trd, 000141.933, 154
Trd, 000142.500, 158
Trd, 000143.250, 156
Trd, 000143.833, 156
Trd, 000144.050, 157
Trd, 000144.333, 161
Trd, 000144.767, 162
Trd, 000144.867, 154
Trd, 000144.900, 169
Trd, 000145.467, 172
Trd, 000147.333, 159
Trd, 000147.750, 162
Trd, 000148.483, 163
Trd, 000148.867, 170
Trd, 000148.917, 158
Trd, 000149.617, 166
Trd, 000149.667, 172
Trd, 000149.917, 164
Trd, 000150.583, 171
Trd, 000150.883, 172
Trd, 000151.450, 168
Trd, 000151.783, 173
Trd, 000152.517, 173
Trd, 000153.117, 164
Trd, 000154.067, 170
Trd, 000154.983, 166
Trd, 000155.333, 167
Trd, 000155.950, 167
Trd, 000157.017, 165
Trd, 000157.283, 165
Trd, 000157.733, 163
Trd, 000158.400, 164
Trd, 000158.583, 165
Trd, 000159.133, 163
Trd, 000159.567, 164
Trd, 000160.567, 157
Trd, 000162.033, 157
Trd, 000163.917, 157
Trd, 000164.117, 158
Trd, 000164.383, 160
Trd, 000164.500, 164
Trd, 000165.133, 171
Trd, 000165.167, 174
Trd, 000165.567, 161
Trd, 000166.500, 163
Trd, 000167.417, 163
Trd, 000167.967, 161
Trd, 000168.567, 160
Trd, 000169.433, 160
Trd, 000169.667, 160
Trd, 000170.033, 161
Trd, 000170.583, 161
Trd, 000170.683, 161
Trd, 000171.033, 165
Trd, 000171.300, 172
Trd, 000172.550, 162
Trd, 000174.050, 163
Trd, 000174.450, 166
Trd, 000174.567, 168
Trd, 000174.617, 160
Trd, 000174.650, 159
Trd, 000174.683, 172
Trd, 000176.800, 158
Trd, 000176.917, 158
Trd, 000177.083, 159
Trd, 000177.517, 162
Trd, 000177.667, 163
Trd, 000178.200, 161
Trd, 000178.633, 164
Trd, 000178.867, 159
Trd, 000179.417, 165
Trd, 000179.850, 163
Trd, 000181.217, 161
Trd, 000181.967, 159
Trd, 000182.183, 163
Trd, 000182.683, 160
Trd, 000183.583, 160
Trd, 000183.967, 161
Trd, 000184.383, 161
Trd, 000185.317, 160
Trd, 000186.333, 161
Trd, 000186.633, 161
Trd, 000186.750, 162
Trd, 000187.100, 161
Trd, 000187.733, 161
Trd, 000188.467, 162
Trd, 000189.817, 163
Trd, 000190.250, 162
Trd, 000191.883, 163
Trd, 000192.467, 163
Trd, 000192.717, 161
Trd, 000193.333, 165
Trd, 000195.650, 161
Trd, 000195.817, 162
Trd, 000196.233, 161
Trd, 000196.517, 162
Trd, 000197.000, 163
Trd, 000198.067, 163
Trd, 000198.733, 164
Trd, 000200.467, 160
Trd, 000200.500, 168
Trd, 000201.433, 169
Trd, 000202.317, 164
Trd, 000202.700, 164
Trd, 000202.800, 165
Trd, 000203.733, 164
Trd, 000204.300, 166
Trd, 000204.450, 168
Trd, 000204.600, 167
Trd, 000206.250, 164
Trd, 000206.450, 164
Trd, 000206.750, 165
Trd, 000207.117, 166
Trd, 000208.050, 167
Trd, 000208.150, 168
Trd, 000208.983, 167
Trd, 000210.150, 166
Trd, 000211.283, 170
Trd, 000211.500, 165
Trd, 000211.617, 163
Trd, 000211.733, 175
Trd, 000213.417, 168
Trd, 000214.717, 166
Trd, 000214.833, 167
Trd, 000215.017, 168
Trd, 000216.167, 166
Trd, 000216.833, 162
Trd, 000217.000, 162
Trd, 000217.050, 155
Trd, 000217.567, 162
Trd, 000217.833, 167
Trd, 000218.417, 168
Trd, 000221.450, 165
Trd, 000221.817, 165
Trd, 000222.417, 161
Trd, 000223.467, 164
Trd, 000224.333, 166
Trd, 000224.617, 167
Trd, 000224.633, 163
Trd, 000225.100, 176
Trd, 000225.783, 172
Trd, 000226.283, 177
Trd, 000226.817, 165
Trd, 000227.783, 164
Trd, 000228.200, 176
Trd, 000228.833, 171
Trd, 000229.633, 169
Trd, 000229.817, 170
Trd, 000230.017, 170
Trd, 000231.133, 168
Trd, 000231.350, 168
Trd, 000232.300, 166
Trd, 000235.367, 167
Trd, 000235.533, 168
Trd, 000236.383, 169
Trd, 000236.850, 167
Trd, 000237.050, 166
Trd, 000237.200, 168
Trd, 000237.750, 169
Trd, 000238.683, 172
Trd, 000239.750, 167
Trd, 000240.550, 166
Trd, 000240.850, 168
Trd, 000241.183, 170
Trd, 000241.450, 170
Trd, 000241.633, 171
Trd, 000241.733, 171
Trd, 000242.167, 168
Trd, 000242.267, 171
Trd, 000243.283, 173
Trd, 000243.383, 172
Trd, 000243.650, 168
Trd, 000244.050, 171
Trd, 000244.783, 174
Trd, 000244.917, 179
Trd, 000245.583, 173
Trd, 000245.867, 174
Trd, 000246.783, 172
Trd, 000247.133, 172
Trd, 000247.433, 171
Trd, 000247.950, 172
Trd, 000247.983, 173
Trd, 000248.400, 171
Trd, 000248.433, 172
Trd, 000248.617, 170
Trd, 000248.800, 173
Trd, 000249.817, 175
Trd, 000250.233, 175
Trd, 000250.867, 173
Trd, 000251.350, 170
Trd, 000252.283, 174
Trd, 000253.083, 172
Trd, 000253.300, 172
Trd, 000253.450, 173
Trd, 000253.683, 174
Trd, 000254.100, 176
Trd, 000255.183, 171
Trd, 000255.333, 162
Trd, 000255.817, 164
Trd, 000256.483, 169
Trd, 000257.183, 167
Trd, 000257.350, 169
Trd, 000257.700, 168
Trd, 000258.483, 169
Trd, 000258.667, 169
Trd, 000259.117, 172
Trd, 000260.317, 174
Trd, 000260.633, 173
Trd, 000261.200, 174
Trd, 000261.367, 172
Trd, 000261.733, 171
Trd, 000262.167, 172
Trd, 000262.783, 169
Trd, 000263.383, 172
Trd, 000263.633, 174
Trd, 000263.933, 170
Trd, 000265.267, 174
Trd, 000265.517, 175
Trd, 000265.633, 171
Trd, 000265.767, 177
Trd, 000265.833, 175
Trd, 000265.917, 170
Trd, 000266.267, 169
Trd, 000266.833, 167
Trd, 000267.233, 171
Trd, 000267.550, 173
Trd, 000267.567, 174
Trd, 000268.383, 172
Trd, 000269.183, 172
Trd, 000269.567, 173
Trd, 000270.250, 173
Trd, 000270.467, 169
Trd, 000270.617, 170
Trd, 000271.000, 169
Trd, 000271.283, 168
Trd, 000271.933, 174
Trd, 000272.500, 173
Trd, 000273.167, 173
Trd, 000273.900, 173
Trd, 000273.950, 174
Trd, 000274.150, 172
Trd, 000274.583, 175
Trd, 000274.717, 178
Trd, 000275.217, 178
Trd, 000276.167, 171
Trd, 000276.600, 171
Trd, 000276.917, 171
Trd, 000277.050, 174
Trd, 000277.283, 169
Trd, 000277.367, 173
Trd, 000277.450, 176
Trd, 000277.733, 181
Trd, 000278.400, 177
Trd, 000279.100, 175
Trd, 000279.650, 177
Trd, 000281.183, 176
Trd, 000281.233, 177
Trd, 000281.800, 179
Trd, 000281.900, 179
Trd, 000281.983, 184
Trd, 000282.700, 175
Trd, 000282.833, 178
Trd, 000282.933, 173
Trd, 000283.917, 169
Trd, 000285.000, 172
Trd, 000285.050, 172
Trd, 000285.817, 168
Trd, 000286.317, 169
Trd, 000286.417, 172
Trd, 000286.550, 173
Trd, 000286.617, 168
Trd, 000286.750, 174
Trd, 000287.633, 166
Trd, 000288.067, 176
Trd, 000288.650, 176
Trd, 000289.100, 167
Trd, 000289.217, 166
Trd, 000289.550, 176
Trd, 000289.950, 162
Trd, 000290.400, 170
Trd, 000290.667, 172
Trd, 000290.900, 167
Trd, 000291.617, 173
Trd, 000292.100, 173
Trd, 000292.717, 172
Trd, 000293.283, 172
Trd, 000293.383, 165
Trd, 000293.417, 177
Trd, 000293.950, 179
Trd, 000294.967, 165
Trd, 000295.200, 170
Trd, 000295.217, 163
Trd, 000295.350, 177
Trd, 000295.500, 179
Trd, 000297.367, 165
Trd, 000297.433, 170
Trd, 000297.583, 171
Trd, 000297.600, 171
Trd, 000298.200, 173
Trd, 000298.467, 174
Trd, 000298.667, 167
Trd, 000298.783, 167
Trd, 000299.017, 165
Trd, 000299.133, 175
