Trd, 000002.583, 163
Trd, 000002.650, 162
Trd, 000003.750, 170
Trd, 000004.833, 160
Trd, 000004.883, 159
Trd, 000005.067, 158
Trd, 000005.083, 162
Trd, 000005.500, 162
Trd, 000006.883, 161
Trd, 000007.033, 151
Trd, 000008.200, 157
Trd, 000008.567, 157
Trd, 000008.600, 156
Trd, 000008.883, 153
Trd, 000009.000, 162
Trd, 000009.550, 158
Trd, 000010.950, 145
Trd, 000011.167, 141
Trd, 000011.567, 145
Trd, 000012.400, 156
Trd, 000012.967, 157
Trd, 000013.250, 158
Trd, 000013.983, 153
Trd, 000016.333, 156
Trd, 000016.717, 157
Trd, 000016.733, 155
Trd, 000017.100, 158
Trd, 000017.967, 160
Trd, 000018.483, 153
Trd, 000018.850, 146
Trd, 000019.500, 162
Trd, 000019.733, 162
Trd, 000020.033, 150
Trd, 000020.517, 150
Trd, 000021.550, 147
Trd, 000022.367, 147
Trd, 000022.800, 148
Trd, 000024.267, 148
Trd, 000024.617, 147
Trd, 000024.800, 140
Trd, 000025.617, 145
Trd, 000025.633, 146
Trd, 000026.167, 151
Trd, 000026.400, 140
Trd, 000027.167, 149
Trd, 000027.250, 153
Trd, 000027.350, 148
Trd, 000027.850, 158
Trd, 000029.483, 152
Trd, 000030.733, 153
Trd, 000031.950, 154
Trd, 000032.017, 153
Trd, 000032.367, 153
Trd, 000032.400, 152
Trd, 000032.433, 154
Trd, 000033.733, 151
Trd, 000034.050, 149
Trd, 000034.500, 151
Trd, 000036.450, 149
Trd, 000036.983, 150
Trd, 000037.467, 141
Trd, 000037.650, 139
Trd, 000037.833, 152
Trd, 000039.050, 154
Trd, 000039.883, 155
Trd, 000040.067, 158
Trd, 000040.733, 151
Trd, 000040.983, 152
Trd, 000042.617, 155
Trd, 000043.950, 156
Trd, 000044.100, 154
Trd, 000044.200, 159
Trd, 000044.267, 151
Trd, 000046.450, 152
Trd, 000046.550, 154
Trd, 000046.650, 155
Trd, 000047.783, 155
Trd, 000047.800, 157
Trd, 000048.083, 149
Trd, 000048.467, 148
Trd, 000048.833, 148
Trd, 000049.000, 139
Trd, 000050.217, 153
Trd, 000050.300, 155
Trd, 000051.317, 155
Trd, 000051.917, 157
Trd, 000052.533, 155
Trd, 000052.600, 154
Trd, 000053.300, 155
Trd, 000053.433, 154
Trd, 000054.367, 153
Trd, 000054.767, 156
Trd, 000055.517, 151
Trd, 000056.383, 153
Trd, 000056.567, 152
Trd, 000056.800, 155
Trd, 000057.083, 155
Trd, 000057.300, 157
Trd, 000057.550, 160
Trd, 000058.650, 151
Trd, 000059.300, 157
Trd, 000060.533, 160
Trd, 000061.317, 159
Trd, 000061.433, 158
Trd, 000061.750, 155
Trd, 000062.433, 160
Trd, 000063.867, 156
Trd, 000064.350, 157
Trd, 000064.833, 159
Trd, 000064.900, 159
Trd, 000065.617, 161
Trd, 000066.117, 164
Trd, 000066.567, 166
Trd, 000066.900, 162
Trd, 000068.217, 166
Trd, 000068.500, 165
Trd, 000068.900, 165
Trd, 000069.433, 166
Trd, 000070.317, 166
Trd, 000070.500, 169
Trd, 000071.300, 164
Trd, 000072.267, 161
Trd, 000072.417, 158
Trd, 000072.950, 160
Trd, 000073.250, 164
Trd, 000073.767, 179
Trd, 000074.733, 154
Trd, 000075.750, 152
Trd, 000076.133, 157
Trd, 000076.700, 151
Trd, 000077.450, 157
Trd, 000077.633, 152
Trd, 000079.083, 155
Trd, 000079.200, 155
Trd, 000079.267, 156
Trd, 000080.250, 156
Trd, 000080.283, 155
Trd, 000080.367, 159
Trd, 000080.450, 162
Trd, 000080.917, 163
Trd, 000080.933, 166
Trd, 000082.117, 167
Trd, 000083.450, 159
Trd, 000083.750, 167
Trd, 000084.400, 163
Trd, 000084.717, 164
Trd, 000085.150, 163
Trd, 000085.367, 161
Trd, 000086.133, 161
Trd, 000086.167, 160
Trd, 000086.200, 145
Trd, 000087.900, 160
Trd, 000088.417, 159
Trd, 000088.950, 170
Trd, 000090.500, 169
Trd, 000090.650, 168
Trd, 000090.683, 167
Trd, 000092.533, 167
Trd, 000092.617, 165
Trd, 000093.167, 168
Trd, 000093.517, 169
Trd, 000093.583, 167
Trd, 000094.633, 171
Trd, 000094.767, 168
Trd, 000095.183, 168
Trd, 000095.433, 164
Trd, 000095.800, 165
Trd, 000097.650, 165
Trd, 000098.017, 171
Trd, 000098.267, 172
Trd, 000098.350, 161
Trd, 000100.267, 158
Trd, 000100.817, 158
Trd, 000101.583, 160
Trd, 000102.517, 162
Trd, 000104.033, 168
Trd, 000104.767, 164
Trd, 000105.400, 162
Trd, 000105.467, 165
Trd, 000105.583, 154
Trd, 000105.633, 146
Trd, 000106.467, 172
Trd, 000108.367, 170
Trd, 000108.683, 168
Trd, 000108.817, 168
Trd, 000109.083, 167
Trd, 000110.233, 166
Trd, 000110.467, 165
Trd, 000110.667, 168
Trd, 000111.917, 164
Trd, 000112.400, 163
Trd, 000112.967, 164
Trd, 000113.133, 165
Trd, 000113.600, 163
Trd, 000113.833, 166
Trd, 000113.867, 166
Trd, 000114.033, 162
Trd, 000114.250, 162
Trd, 000114.417, 167
Trd, 000115.583, 166
Trd, 000116.650, 172
Trd, 000117.700, 173
Trd, 000117.800, 173
Trd, 000118.833, 169
Trd, 000118.900, 167
Trd, 000119.667, 170
Trd, 000119.800, 168
Trd, 000121.333, 159
Trd, 000121.417, 162
Trd, 000121.600, 165
Trd, 000122.017, 166
Trd, 000122.450, 156
Trd, 000122.650, 157
Trd, 000123.550, 169
Trd, 000123.567, 149
Trd, 000124.417, 160
Trd, 000125.100, 161
Trd, 000125.283, 163
Trd, 000126.317, 161
Trd, 000127.417, 162
Trd, 000129.283, 163
Trd, 000129.917, 164
Trd, 000130.400, 164
Trd, 000130.617, 163
Trd, 000131.067, 157
Trd, 000131.083, 164
Trd, 000131.933, 164
Trd, 000132.267, 167
Trd, 000133.350, 168
Trd, 000134.283, 164
Trd, 000134.450, 162
Trd, 000135.850, 169
Trd, 000136.000, 162
Trd, 000136.883, 166
Trd, 000136.950, 162
Trd, 000137.383, 166
Trd, 000137.917, 164
Trd, 000137.950, 169
Trd, 000138.100, 174
Trd, 000138.650, 168
Trd, 000138.683, 167
Trd, 000139.900, 162
Trd, 000140.583, 163
Trd, 000141.133, 165
Trd, 000143.250, 166
Trd, 000143.833, 165
Trd, 000143.867, 169
Trd, 000144.683, 171
Trd, 000145.217, 172
Trd, 000145.533, 166
Trd, 000145.950, 171
Trd, 000146.067, 167
Trd, 000147.083, 170
Trd, 000147.800, 168
Trd, 000148.250, 168
Trd, 000148.300, 167
Trd, 000149.117, 167
Trd, 000149.500, 169
Trd, 000149.567, 168
Trd, 000150.650, 168
Trd, 000150.767, 167
Trd, 000150.933, 169
Trd, 000151.267, 166
Trd, 000151.633, 170
Trd, 000152.383, 151
Trd, 000152.933, 172
Trd, 000153.550, 161
Trd, 000154.167, 168
Trd, 000154.550, 163
Trd, 000154.750, 169
Trd, 000155.017, 165
Trd, 000155.733, 165
Trd, 000156.700, 165
Trd, 000157.000, 165
Trd, 000157.017, 167
Trd, 000157.567, 169
Trd, 000159.650, 165
Trd, 000159.833, 167
Trd, 000159.983, 164
Trd, 000160.350, 166
Trd, 000161.267, 163
Trd, 000161.567, 167
Trd, 000162.367, 165
Trd, 000164.200, 167
Trd, 000164.383, 166
Trd, 000164.867, 166
Trd, 000166.000, 165
Trd, 000166.050, 165
Trd, 000166.717, 164
Trd, 000167.300, 166
Trd, 000168.317, 164
Trd, 000168.433, 169
Trd, 000168.667, 163
Trd, 000168.933, 171
Trd, 000169.650, 170
Trd, 000170.400, 162
Trd, 000170.567, 170
Trd, 000171.417, 162
Trd, 000172.467, 170
Trd, 000173.200, 170
Trd, 000173.300, 168
Trd, 000174.117, 166
Trd, 000174.333, 169
Trd, 000174.933, 165
Trd, 000174.967, 164
Trd, 000175.650, 167
Trd, 000176.133, 165
Trd, 000176.317, 169
Trd, 000176.900, 172
Trd, 000180.383, 173
Trd, 000180.500, 173
Trd, 000180.700, 172
Trd, 000181.083, 169
Trd, 000181.100, 175
Trd, 000181.233, 168
Trd, 000181.733, 169
Trd, 000181.950, 175
Trd, 000182.067, 176
Trd, 000183.500, 168
Trd, 000184.667, 167
Trd, 000184.917, 163
Trd, 000185.567, 168
Trd, 000185.667, 162
Trd, 000186.600, 169
Trd, 000186.700, 173
Trd, 000187.100, 170
Trd, 000187.417, 170
Trd, 000188.400, 166
Trd, 000189.450, 168
Trd, 000190.417, 171
Trd, 000190.550, 169
Trd, 000191.667, 169
Trd, 000193.183, 171
Trd, 000194.033, 171
Trd, 000194.250, 170
Trd, 000194.583, 174
Trd, 000195.617, 173
Trd, 000196.017, 173
Trd, 000196.183, 170
Trd, 000196.583, 168
Trd, 000197.833, 170
Trd, 000198.467, 171
Trd, 000198.617, 173
Trd, 000200.483, 172
Trd, 000200.667, 171
Trd, 000200.733, 173
Trd, 000200.867, 169
Trd, 000201.467, 166
Trd, 000201.833, 178
Trd, 000202.350, 159
Trd, 000202.383, 156
Trd, 000202.733, 174
Trd, 000202.750, 175
Trd, 000204.650, 174
Trd, 000205.517, 180
Trd, 000205.600, 173
Trd, 000206.117, 173
Trd, 000207.267, 173
Trd, 000207.433, 172
Trd, 000207.483, 176
Trd, 000207.650, 171
Trd, 000208.300, 179
Trd, 000208.333, 164
Trd, 000209.583, 158
Trd, 000209.617, 171
Trd, 000210.917, 168
Trd, 000211.017, 169
Trd, 000211.933, 168
Trd, 000212.283, 169
Trd, 000212.417, 171
Trd, 000213.633, 172
Trd, 000213.967, 171
Trd, 000214.667, 174
Trd, 000214.683, 176
Trd, 000214.750, 170
Trd, 000215.283, 179
Trd, 000215.383, 183
Trd, 000216.250, 181
Trd, 000216.550, 181
Trd, 000217.300, 178
Trd, 000218.183, 176
Trd, 000218.433, 176
Trd, 000218.850, 176
Trd, 000218.950, 173
Trd, 000219.350, 176
Trd, 000219.517, 175
Trd, 000220.367, 169
Trd, 000220.817, 177
Trd, 000222.383, 180
Trd, 000222.950, 164
Trd, 000223.150, 156
Trd, 000224.317, 168
Trd, 000225.150, 172
Trd, 000226.267, 176
Trd, 000226.433, 178
Trd, 000227.967, 176
Trd, 000228.667, 178
Trd, 000228.700, 174
Trd, 000229.083, 179
Trd, 000229.883, 178
Trd, 000230.050, 178
Trd, 000230.683, 175
Trd, 000230.900, 172
Trd, 000230.950, 170
Trd, 000231.000, 174
Trd, 000232.167, 172
Trd, 000232.950, 167
Trd, 000233.700, 181
Trd, 000234.217, 176
Trd, 000234.833, 170
Trd, 000235.100, 170
Trd, 000235.150, 168
Trd, 000235.800, 171
Trd, 000236.733, 173
Trd, 000237.533, 172
Trd, 000237.650, 174
Trd, 000238.200, 175
Trd, 000240.117, 177
Trd, 000240.283, 176
Trd, 000240.467, 174
Trd, 000240.633, 173
Trd, 000240.767, 176
Trd, 000241.450, 173
Trd, 000241.533, 172
Trd, 000241.833, 175
Trd, 000242.350, 175
Trd, 000242.967, 176
Trd, 000243.700, 173
Trd, 000243.783, 181
Trd, 000244.717, 177
Trd, 000244.767, 175
Trd, 000244.833, 168
Trd, 000245.033, 179
Trd, 000246.367, 176
Trd, 000246.633, 173
Trd, 000247.467, 171
Trd, 000247.683, 172
Trd, 000247.767, 169
Trd, 000248.083, 165
Trd, 000248.100, 170
Trd, 000249.383, 165
Trd, 000249.550, 171
Trd, 000249.767, 162
Trd, 000250.367, 175
Trd, 000250.517, 173
Trd, 000250.667, 163
Trd, 000250.933, 176
Trd, 000251.133, 180
Trd, 000252.733, 172
Trd, 000252.750, 171
Trd, 000252.900, 172
Trd, 000252.933, 170
Trd, 000253.017, 170
Trd, 000253.600, 177
Trd, 000254.167, 175
Trd, 000254.250, 174
Trd, 000254.333, 176
Trd, 000254.950, 180
Trd, 000255.883, 179
Trd, 000256.217, 176
Trd, 000256.900, 172
Trd, 000257.333, 176
Trd, 000257.517, 170
Trd, 000257.717, 169
Trd, 000259.050, 177
Trd, 000259.167, 177
Trd, 000259.300, 184
Trd, 000260.133, 176
Trd, 000260.800, 175
Trd, 000260.967, 174
Trd, 000261.967, 174
Trd, 000262.133, 173
Trd, 000262.467, 172
Trd, 000262.700, 170
Trd, 000263.133, 174
Trd, 000263.250, 171
Trd, 000263.267, 177
Trd, 000263.900, 167
Trd, 000263.933, 162
Trd, 000264.967, 171
Trd, 000265.517, 173
Trd, 000265.533, 175
Trd, 000266.017, 177
Trd, 000266.283, 177
Trd, 000266.467, 182
Trd, 000266.883, 187
Trd, 000267.300, 173
Trd, 000267.317, 186
Trd, 000267.633, 188
Trd, 000269.183, 180
Trd, 000269.733, 184
Trd, 000269.883, 184
Trd, 000271.017, 177
Trd, 000271.100, 173
Trd, 000271.133, 178
Trd, 000271.200, 182
Trd, 000271.250, 174
Trd, 000271.450, 172
Trd, 000271.650, 177
Trd, 000271.800, 172
Trd, 000272.617, 173
Trd, 000272.983, 173
Trd, 000273.067, 189
Trd, 000273.333, 178
Trd, 000274.033, 189
Trd, 000274.650, 175
Trd, 000274.983, 172
Trd, 000275.133, 174
Trd, 000275.633, 172
Trd, 000276.150, 171
Trd, 000276.533, 175
Trd, 000276.900, 179
Trd, 000277.317, 172
Trd, 000278.517, 172
Trd, 000279.867, 171
Trd, 000279.900, 177
Trd, 000280.150, 171
Trd, 000280.550, 169
Trd, 000280.700, 169
Trd, 000281.200, 174
Trd, 000281.250, 190
Trd, 000281.367, 173
Trd, 000281.817, 190
Trd, 000282.433, 178
Trd, 000283.467, 176
Trd, 000283.767, 174
Trd, 000284.133, 178
Trd, 000284.217, 172
Trd, 000284.833, 171
Trd, 000285.467, 170
Trd, 000285.767, 175
Trd, 000285.800, 176
Trd, 000285.950, 177
Trd, 000286.100, 172
Trd, 000286.167, 183
Trd, 000286.783, 170
Trd, 000286.800, 169
Trd, 000287.400, 180
Trd, 000287.833, 173
Trd, 000287.883, 164
Trd, 000288.867, 181
Trd, 000289.100, 182
Trd, 000289.600, 174
Trd, 000289.667, 180
Trd, 000289.750, 173
Trd, 000289.850, 170
Trd, 000290.233, 164
Trd, 000290.467, 184
Trd, 000291.333, 174
Trd, 000291.983, 179
Trd, 000293.050, 180
Trd, 000293.483, 181
Trd, 000293.600, 187
Trd, 000294.300, 180
Trd, 000294.950, 191
Trd, 000295.033, 182
Trd, 000295.617, 186
Trd, 000295.817, 184
Trd, 000296.250, 183
Trd, 000296.700, 183
Trd, 000296.717, 170
Trd, 000296.767, 169
Trd, 000297.350, 189
Trd, 000298.050, 190
Trd, 000298.317, 182
Trd, 000298.917, 181
Trd, 000299.333, 174
Trd, 000299.550, 171
Trd, 000299.583, 190
