Trd, 000001.267, 151
Trd, 000002.017, 190
Trd, 000003.633, 149
Trd, 000004.050, 168
Trd, 000004.233, 150
Trd, 000005.400, 160
Trd, 000007.150, 155
Trd, 000007.467, 155
Trd, 000007.750, 154
Trd, 000008.217, 154
Trd, 000009.167, 155
Trd, 000009.200, 154
Trd, 000009.217, 159
Trd, 000009.233, 162
Trd, 000009.817, 161
Trd, 000011.033, 159
Trd, 000011.917, 155
Trd, 000012.217, 160
Trd, 000013.100, 159
Trd, 000013.933, 158
Trd, 000014.300, 159
Trd, 000014.833, 158
Trd, 000014.850, 159
Trd, 000015.350, 160
Trd, 000016.167, 158
Trd, 000017.017, 157
Trd, 000017.667, 157
Trd, 000018.033, 156
Trd, 000018.167, 152
Trd, 000018.633, 154
Trd, 000018.667, 145
Trd, 000018.983, 154
Trd, 000019.117, 148
Trd, 000019.950, 152
Trd, 000021.483, 150
Trd, 000021.633, 150
Trd, 000022.683, 150
Trd, 000022.817, 152
Trd, 000023.050, 153
Trd, 000023.250, 158
Trd, 000024.400, 149
Trd, 000024.883, 159
Trd, 000025.283, 160
Trd, 000026.700, 164
Trd, 000027.717, 153
Trd, 000027.783, 154
Trd, 000029.250, 157
Trd, 000029.917, 156
Trd, 000030.217, 155
Trd, 000030.300, 154
Trd, 000030.533, 156
Trd, 000031.800, 159
Trd, 000033.217, 156
Trd, 000033.933, 155
Trd, 000035.467, 155
Trd, 000036.100, 155
Trd, 000036.600, 156
Trd, 000036.633, 159
Trd, 000037.067, 162
Trd, 000037.183, 165
Trd, 000037.200, 161
Trd, 000038.950, 157
Trd, 000040.150, 158
Trd, 000040.183, 159
Trd, 000040.417, 157
Trd, 000040.517, 159
Trd, 000040.767, 156
Trd, 000041.000, 155
Trd, 000041.083, 165
Trd, 000041.717, 165
Trd, 000042.583, 165
Trd, 000043.050, 166
Trd, 000043.133, 155
Trd, 000044.367, 165
Trd, 000045.417, 166
Trd, 000045.550, 162
Trd, 000046.067, 171
Trd, 000046.250, 162
Trd, 000047.567, 164
Trd, 000048.600, 165
Trd, 000048.833, 165
Trd, 000049.850, 163
Trd, 000050.033, 164
Trd, 000050.167, 166
Trd, 000050.683, 165
Trd, 000051.083, 163
Trd, 000051.117, 162
Trd, 000051.200, 160
Trd, 000052.100, 166
Trd, 000052.317, 136
Trd, 000054.167, 158
Trd, 000054.233, 159
Trd, 000054.517, 164
Trd, 000055.583, 164
Trd, 000055.900, 163
Trd, 000056.400, 159
Trd, 000057.483, 160
Trd, 000057.883, 156
Trd, 000058.533, 161
Trd, 000059.767, 159
Trd, 000059.833, 158
Trd, 000060.150, 160
Trd, 000061.600, 164
Trd, 000061.800, 167
Trd, 000062.367, 157
Trd, 000062.417, 163
Trd, 000062.667, 166
Trd, 000063.650, 158
Trd, 000064.417, 164
Trd, 000064.833, 157
Trd, 000065.667, 163
Trd, 000066.517, 163
Trd, 000067.250, 164
Trd, 000067.417, 158
Trd, 000067.600, 165
Trd, 000068.617, 158
Trd, 000069.383, 162
Trd, 000069.950, 160
Trd, 000071.933, 157
Trd, 000071.967, 157
Trd, 000072.000, 158
Trd, 000072.517, 158
Trd, 000074.550, 155
Trd, 000074.917, 156
Trd, 000075.017, 157
Trd, 000075.450, 158
Trd, 000077.033, 157
Trd, 000077.533, 159
Trd, 000078.067, 158
Trd, 000078.083, 157
Trd, 000078.500, 162
Trd, 000079.167, 168
Trd, 000079.883, 168
Trd, 000080.083, 169
Trd, 000080.500, 166
Trd, 000081.450, 167
Trd, 000082.000, 164
Trd, 000082.117, 167
Trd, 000083.133, 168
Trd, 000083.317, 170
Trd, 000083.400, 173
Trd, 000084.233, 167
Trd, 000084.467, 167
Trd, 000085.650, 166
Trd, 000085.867, 171
Trd, 000086.300, 165
Trd, 000087.500, 167
Trd, 000087.850, 165
Trd, 000087.867, 167
Trd, 000087.983, 165
Trd, 000088.800, 159
Trd, 000089.150, 159
Trd, 000089.433, 160
Trd, 000090.250, 159
Trd, 000090.983, 159
Trd, 000091.183, 153
Trd, 000092.300, 163
Trd, 000093.233, 161
Trd, 000094.017, 162
Trd, 000094.333, 160
Trd, 000094.917, 165
Trd, 000095.283, 166
Trd, 000095.717, 166
Trd, 000096.533, 167
Trd, 000097.633, 167
Trd, 000097.717, 161
Trd, 000097.800, 161
Trd, 000098.783, 167
Trd, 000099.583, 162
Trd, 000100.350, 166
Trd, 000103.150, 161
Trd, 000104.367, 164
Trd, 000105.050, 165
Trd, 000105.317, 165
Trd, 000105.900, 162
Trd, 000106.117, 161
Trd, 000106.517, 163
Trd, 000106.550, 164
Trd, 000106.867, 163
Trd, 000107.083, 163
Trd, 000108.350, 162
Trd, 000109.117, 164
Trd, 000109.617, 163
Trd, 000110.000, 165
Trd, 000110.950, 162
Trd, 000111.150, 169
Trd, 000111.567, 163
Trd, 000111.983, 168
Trd, 000112.383, 161
Trd, 000115.617, 160
Trd, 000115.917, 159
Trd, 000115.983, 161
Trd, 000116.183, 161
Trd, 000117.217, 162
Trd, 000117.450, 158
Trd, 000117.567, 163
Trd, 000119.333, 162
Trd, 000119.783, 161
Trd, 000120.017, 163
Trd, 000120.683, 164
Trd, 000120.950, 162
Trd, 000120.967, 165
Trd, 000122.633, 164
Trd, 000122.667, 164
Trd, 000122.900, 165
Trd, 000123.017, 164
Trd, 000123.800, 170
Trd, 000124.750, 170
Trd, 000125.417, 166
Trd, 000125.517, 166
Trd, 000126.833, 165
Trd, 000127.750, 158
Trd, 000127.950, 160
Trd, 000129.567, 161
Trd, 000130.217, 162
Trd, 000130.717, 164
Trd, 000131.133, 171
Trd, 000133.033, 161
Trd, 000133.917, 160
Trd, 000133.967, 164
Trd, 000134.117, 157
Trd, 000135.450, 158
Trd, 000135.700, 163
Trd, 000135.867, 163
Trd, 000137.383, 160
Trd, 000137.450, 159
Trd, 000137.867, 162
Trd, 000138.583, 161
Trd, 000138.883, 160
Trd, 000139.750, 161
Trd, 000140.417, 161
Trd, 000140.517, 161
Trd, 000140.567, 160
Trd, 000141.067, 162
Trd, 000141.917, 163
Trd, 000142.250, 160
Trd, 000142.450, 165
Trd, 000143.250, 173
Trd, 000143.633, 166
Trd, 000144.400, 168
Trd, 000145.800, 168
Trd, 000145.950, 167
Trd, 000146.717, 167
Trd, 000147.267, 168
Trd, 000147.383, 166
Trd, 000148.200, 166
Trd, 000148.417, 167
Trd, 000148.967, 167
Trd, 000149.050, 172
Trd, 000149.300, 177
Trd, 000150.900, 172
Trd, 000151.750, 166
Trd, 000152.783, 157
Trd, 000152.917, 160
Trd, 000153.700, 162
Trd, 000154.150, 162
Trd, 000154.483, 165
Trd, 000155.400, 165
Trd, 000155.750, 173
Trd, 000156.217, 161
Trd, 000157.183, 176
Trd, 000157.550, 177
Trd, 000157.633, 183
Trd, 000157.750, 188
Trd, 000158.683, 168
Trd, 000161.200, 172
Trd, 000161.967, 172
Trd, 000162.333, 174
Trd, 000162.767, 171
Trd, 000163.150, 174
Trd, 000163.583, 173
Trd, 000163.800, 174
Trd, 000164.867, 174
Trd, 000165.033, 172
Trd, 000166.150, 171
Trd, 000167.000, 170
Trd, 000168.767, 169
Trd, 000169.083, 169
Trd, 000169.750, 169
Trd, 000170.700, 169
Trd, 000170.800, 163
Trd, 000170.983, 169
Trd, 000171.617, 169
Trd, 000172.633, 166
Trd, 000172.933, 168
Trd, 000173.133, 175
Trd, 000173.150, 164
Trd, 000173.817, 169
Trd, 000173.983, 176
Trd, 000174.050, 179
Trd, 000174.833, 168
Trd, 000175.000, 182
Trd, 000177.633, 169
Trd, 000177.933, 168
Trd, 000178.283, 170
Trd, 000178.783, 171
Trd, 000179.150, 169
Trd, 000179.300, 176
Trd, 000179.750, 180
Trd, 000180.933, 177
Trd, 000181.150, 184
Trd, 000183.767, 174
Trd, 000184.050, 180
Trd, 000184.750, 175
Trd, 000185.083, 177
Trd, 000186.017, 176
Trd, 000186.300, 175
Trd, 000186.350, 176
Trd, 000187.250, 177
Trd, 000187.633, 177
Trd, 000187.700, 174
Trd, 000188.000, 179
Trd, 000189.117, 177
Trd, 000190.850, 177
Trd, 000191.333, 176
Trd, 000191.917, 176
Trd, 000192.250, 170
Trd, 000192.567, 174
Trd, 000192.800, 177
Trd, 000193.300, 170
Trd, 000193.950, 176
Trd, 000195.517, 171
Trd, 000195.917, 176
Trd, 000197.167, 172
Trd, 000197.767, 173
Trd, 000198.183, 174
Trd, 000198.650, 171
Trd, 000199.783, 166
Trd, 000199.983, 153
Trd, 000200.933, 167
Trd, 000201.017, 171
Trd, 000201.333, 168
Trd, 000201.533, 168
Trd, 000202.250, 164
Trd, 000202.750, 165
Trd, 000203.550, 167
Trd, 000204.150, 167
Trd, 000205.333, 167
Trd, 000205.667, 168
Trd, 000205.783, 172
Trd, 000206.383, 167
Trd, 000207.983, 171
Trd, 000209.150, 168
Trd, 000209.533, 167
Trd, 000210.150, 167
Trd, 000210.217, 171
Trd, 000210.267, 172
Trd, 000211.033, 173
Trd, 000211.183, 166
Trd, 000213.183, 168
Trd, 000214.133, 169
Trd, 000214.517, 171
Trd, 000214.900, 170
Trd, 000215.667, 170
Trd, 000215.783, 168
Trd, 000216.300, 169
Trd, 000217.267, 171
Trd, 000217.667, 171
Trd, 000217.700, 167
Trd, 000219.117, 169
Trd, 000219.317, 171
Trd, 000219.917, 172
Trd, 000220.533, 173
Trd, 000222.133, 169
Trd, 000222.567, 173
Trd, 000223.900, 173
Trd, 000224.433, 173
Trd, 000225.083, 172
Trd, 000225.200, 172
Trd, 000225.917, 167
Trd, 000226.150, 172
Trd, 000227.733, 170
Trd, 000227.967, 169
Trd, 000228.500, 168
Trd, 000229.217, 171
Trd, 000230.167, 171
Trd, 000230.283, 171
Trd, 000230.500, 170
Trd, 000230.600, 167
Trd, 000233.083, 174
Trd, 000233.267, 181
Trd, 000233.767, 175
Trd, 000234.800, 176
Trd, 000235.417, 173
Trd, 000236.100, 175
Trd, 000236.333, 183
Trd, 000237.117, 174
Trd, 000237.200, 174
Trd, 000237.983, 171
Trd, 000238.867, 171
Trd, 000239.017, 168
Trd, 000239.217, 174
Trd, 000240.233, 173
Trd, 000240.700, 173
Trd, 000240.933, 173
Trd, 000241.167, 173
Trd, 000241.933, 174
Trd, 000242.117, 173
Trd, 000242.617, 175
Trd, 000243.317, 174
Trd, 000243.350, 176
Trd, 000243.883, 173
Trd, 000244.567, 175
Trd, 000244.700, 176
Trd, 000245.367, 179
Trd, 000245.717, 182
Trd, 000245.817, 175
Trd, 000246.317, 175
Trd, 000246.600, 177
Trd, 000246.617, 180
Trd, 000247.167, 179
Trd, 000248.050, 174
Trd, 000248.800, 176
Trd, 000248.917, 174
Trd, 000249.267, 176
Trd, 000249.283, 175
Trd, 000250.100, 176
Trd, 000250.683, 176
Trd, 000251.417, 175
Trd, 000251.483, 173
Trd, 000251.500, 176
Trd, 000252.467, 175
Trd, 000253.133, 172
Trd, 000254.850, 173
Trd, 000254.917, 171
Trd, 000255.450, 173
Trd, 000255.517, 173
Trd, 000255.800, 173
Trd, 000257.083, 173
Trd, 000257.650, 173
Trd, 000257.717, 172
Trd, 000257.950, 171
Trd, 000258.100, 174
Trd, 000258.600, 173
Trd, 000259.733, 175
Trd, 000259.917, 172
Trd, 000260.317, 170
Trd, 000260.600, 172
Trd, 000261.083, 173
Trd, 000261.900, 173
Trd, 000262.567, 172
Trd, 000262.683, 172
Trd, 000263.300, 170
Trd, 000263.400, 169
Trd, 000263.783, 174
Trd, 000264.533, 175
Trd, 000265.317, 177
Trd, 000266.067, 176
Trd, 000266.217, 177
Trd, 000266.233, 181
Trd, 000267.400, 175
Trd, 000267.733, 176
Trd, 000267.800, 177
Trd, 000268.117, 174
Trd, 000268.283, 173
Trd, 000268.900, 178
Trd, 000268.967, 178
Trd, 000268.983, 185
Trd, 000269.183, 171
Trd, 000269.783, 185
Trd, 000270.917, 184
Trd, 000271.267, 179
Trd, 000271.600, 182
Trd, 000271.650, 183
Trd, 000273.683, 181
Trd, 000273.783, 180
Trd, 000273.933, 182
Trd, 000274.217, 182
Trd, 000274.833, 185
Trd, 000274.867, 180
Trd, 000275.250, 178
Trd, 000275.433, 189
Trd, 000275.917, 181
Trd, 000276.583, 185
Trd, 000277.050, 179
Trd, 000277.667, 176
Trd, 000278.000, 177
Trd, 000278.150, 175
Trd, 000278.417, 183
Trd, 000279.417, 186
Trd, 000279.717, 179
Trd, 000280.267, 179
Trd, 000280.567, 178
Trd, 000281.650, 177
Trd, 000282.033, 180
Trd, 000282.333, 170
Trd, 000282.850, 179
Trd, 000283.650, 170
Trd, 000283.983, 174
Trd, 000284.600, 172
Trd, 000284.617, 174
Trd, 000284.817, 179
Trd, 000285.400, 172
Trd, 000285.800, 180
Trd, 000285.867, 183
Trd, 000286.250, 186
Trd, 000286.400, 187
Trd, 000286.717, 178
Trd, 000286.917, 188
Trd, 000287.350, 185
Trd, 000288.050, 182
Trd, 000288.833, 184
Trd, 000288.933, 180
Trd, 000289.517, 186
Trd, 000290.267, 170
Trd, 000290.300, 179
Trd, 000290.367, 169
Trd, 000290.517, 180
Trd, 000290.550, 181
Trd, 000290.583, 187
Trd, 000291.367, 185
Trd, 000291.833, 179
Trd, 000292.067, 183
Trd, 000292.217, 183
Trd, 000292.867, 173
Trd, 000293.783, 177
Trd, 000293.800, 182
Trd, 000294.633, 166
Trd, 000294.933, 173
Trd, 000295.800, 175
Trd, 000296.817, 172
Trd, 000297.900, 175
Trd, 000298.367, 177
Trd, 000298.417, 180
