Trd, 000000.983, 147
Trd, 000001.833, 117
Trd, 000002.700, 118
Trd, 000003.033, 114
Trd, 000003.083, 142
Trd, 000003.483, 141
Trd, 000003.567, 147
Trd, 000004.600, 148
Trd, 000004.617, 113
Trd, 000005.050, 109
Trd, 000005.217, 151
Trd, 000005.250, 155
Trd, 000006.583, 156
Trd, 000007.750, 163
Trd, 000007.783, 150
Trd, 000007.850, 149
Trd, 000008.017, 148
Trd, 000008.417, 168
Trd, 000009.417, 148
Trd, 000009.550, 142
Trd, 000009.567, 172
Trd, 000010.433, 146
Trd, 000011.233, 153
Trd, 000011.400, 154
Trd, 000011.517, 152
Trd, 000012.200, 156
Trd, 000012.983, 143
Trd, 000013.767, 152
Trd, 000014.200, 154
Trd, 000014.367, 146
Trd, 000015.883, 149
Trd, 000016.617, 150
Trd, 000016.717, 150
Trd, 000018.017, 148
Trd, 000018.550, 153
Trd, 000018.567, 148
Trd, 000019.417, 150
Trd, 000019.683, 152
Trd, 000020.100, 151
Trd, 000020.250, 150
Trd, 000020.317, 152
Trd, 000020.833, 150
Trd, 000021.133, 150
Trd, 000021.183, 152
Trd, 000021.883, 153
Trd, 000021.950, 157
Trd, 000022.700, 164
Trd, 000022.783, 149
Trd, 000024.017, 148
Trd, 000024.900, 145
Trd, 000025.300, 144
Trd, 000025.583, 145
Trd, 000025.617, 144
Trd, 000026.317, 144
Trd, 000026.717, 145
Trd, 000027.283, 144
Trd, 000027.467, 143
Trd, 000028.267, 151
Trd, 000028.550, 144
Trd, 000028.683, 149
Trd, 000028.833, 147
Trd, 000030.583, 145
Trd, 000030.750, 141
Trd, 000031.067, 145
Trd, 000031.200, 133
Trd, 000031.333, 154
Trd, 000031.683, 149
Trd, 000031.817, 158
Trd, 000032.900, 146
Trd, 000033.367, 145
Trd, 000033.700, 144
Trd, 000034.417, 149
Trd, 000034.967, 165
Trd, 000035.633, 151
Trd, 000035.733, 163
Trd, 000036.867, 155
Trd, 000036.900, 144
Trd, 000037.167, 141
Trd, 000037.967, 154
Trd, 000038.067, 155
Trd, 000038.550, 156
Trd, 000039.300, 148
Trd, 000039.533, 147
Trd, 000040.400, 154
Trd, 000040.650, 152
Trd, 000041.133, 154
Trd, 000041.983, 152
Trd, 000042.083, 153
Trd, 000042.383, 166
Trd, 000042.483, 152
Trd, 000042.533, 149
Trd, 000044.017, 153
Trd, 000044.483, 154
Trd, 000044.550, 158
Trd, 000044.817, 150
Trd, 000045.283, 148
Trd, 000045.400, 153
Trd, 000045.783, 152
Trd, 000046.917, 155
Trd, 000047.567, 153
Trd, 000048.167, 154
Trd, 000049.500, 153
Trd, 000049.700, 154
Trd, 000050.117, 153
Trd, 000050.350, 152
Trd, 000050.833, 152
Trd, 000051.483, 153
Trd, 000051.967, 151
Trd, 000052.550, 153
Trd, 000053.467, 153
Trd, 000053.750, 156
Trd, 000053.783, 158
Trd, 000053.867, 160
Trd, 000054.683, 152
Trd, 000055.033, 158
Trd, 000055.800, 150
Trd, 000056.133, 159
Trd, 000056.883, 159
Trd, 000057.000, 153
Trd, 000057.617, 150
Trd, 000057.867, 148
Trd, 000059.383, 155
Trd, 000059.950, 150
Trd, 000060.000, 149
Trd, 000060.183, 157
Trd, 000060.450, 161
Trd, 000061.267, 157
Trd, 000061.300, 154
Trd, 000061.767, 158
Trd, 000062.317, 168
Trd, 000063.300, 163
Trd, 000063.450, 169
Trd, 000064.233, 157
Trd, 000065.117, 157
Trd, 000065.700, 156
Trd, 000066.350, 147
Trd, 000066.517, 158
Trd, 000066.533, 159
Trd, 000066.667, 155
Trd, 000067.083, 160
Trd, 000067.933, 159
Trd, 000068.250, 155
Trd, 000068.467, 149
Trd, 000069.283, 160
Trd, 000069.533, 161
Trd, 000070.067, 146
Trd, 000070.567, 159
Trd, 000072.117, 151
Trd, 000072.417, 150
Trd, 000072.500, 157
Trd, 000072.833, 148
Trd, 000072.883, 144
Trd, 000073.317, 136
Trd, 000073.400, 147
Trd, 000075.217, 146
Trd, 000075.867, 146
Trd, 000076.700, 146
Trd, 000076.917, 159
Trd, 000077.867, 153
Trd, 000077.983, 156
Trd, 000078.250, 163
Trd, 000079.083, 157
Trd, 000079.717, 152
Trd, 000079.917, 151
Trd, 000080.467, 158
Trd, 000080.650, 180
Trd, 000080.917, 153
Trd, 000081.317, 161
Trd, 000081.750, 161
Trd, 000082.317, 156
Trd, 000082.867, 159
Trd, 000083.267, 152
Trd, 000084.883, 151
Trd, 000085.300, 153
Trd, 000085.367, 152
Trd, 000085.500, 153
Trd, 000086.550, 155
Trd, 000087.800, 154
Trd, 000088.133, 151
Trd, 000088.283, 155
Trd, 000088.533, 157
Trd, 000088.783, 150
Trd, 000089.317, 160
Trd, 000090.117, 159
Trd, 000090.667, 157
Trd, 000091.833, 155
Trd, 000092.317, 155
Trd, 000093.767, 155
Trd, 000093.817, 154
Trd, 000093.867, 152
Trd, 000094.417, 155
Trd, 000095.450, 156
Trd, 000095.650, 150
Trd, 000096.183, 154
Trd, 000096.650, 152
Trd, 000096.683, 150
Trd, 000097.283, 157
Trd, 000097.400, 157
Trd, 000098.000, 156
Trd, 000098.050, 157
Trd, 000099.100, 159
Trd, 000099.633, 159
Trd, 000099.717, 156
Trd, 000099.917, 161
Trd, 000100.600, 154
Trd, 000100.683, 153
Trd, 000101.100, 165
Trd, 000102.900, 154
Trd, 000103.133, 154
Trd, 000103.250, 152
Trd, 000104.333, 151
Trd, 000105.000, 156
Trd, 000105.333, 154
Trd, 000105.567, 156
Trd, 000105.650, 153
Trd, 000106.367, 151
Trd, 000106.400, 156
Trd, 000106.517, 149
Trd, 000106.617, 158
Trd, 000106.983, 147
Trd, 000107.317, 155
Trd, 000107.733, 155
Trd, 000107.933, 147
Trd, 000109.233, 157
Trd, 000109.400, 159
Trd, 000109.833, 157
Trd, 000110.117, 159
Trd, 000110.883, 160
Trd, 000111.383, 159
Trd, 000111.467, 156
Trd, 000112.433, 165
Trd, 000112.533, 166
Trd, 000113.267, 171
Trd, 000114.017, 163
Trd, 000114.217, 159
Trd, 000114.467, 157
Trd, 000114.750, 158
Trd, 000116.333, 157
Trd, 000116.767, 158
Trd, 000117.400, 153
Trd, 000118.467, 159
Trd, 000119.050, 158
Trd, 000119.433, 156
Trd, 000119.850, 155
Trd, 000120.000, 160
Trd, 000120.617, 163
Trd, 000121.500, 163
Trd, 000121.567, 162
Trd, 000121.817, 159
Trd, 000122.233, 160
Trd, 000123.483, 167
Trd, 000124.167, 180
Trd, 000124.400, 160
Trd, 000124.533, 179
Trd, 000125.867, 159
Trd, 000125.950, 157
Trd, 000126.367, 160
Trd, 000126.517, 155
Trd, 000128.083, 155
Trd, 000128.600, 160
Trd, 000129.033, 160
Trd, 000129.767, 159
Trd, 000130.483, 156
Trd, 000130.767, 160
Trd, 000131.100, 160
Trd, 000131.433, 160
Trd, 000131.483, 158
Trd, 000132.017, 161
Trd, 000132.800, 159
Trd, 000132.900, 157
Trd, 000132.917, 154
Trd, 000133.500, 159
Trd, 000134.783, 168
Trd, 000135.300, 160
Trd, 000135.700, 161
Trd, 000136.000, 159
Trd, 000136.583, 159
Trd, 000136.600, 160
Trd, 000137.767, 164
Trd, 000139.367, 169
Trd, 000139.417, 164
Trd, 000139.450, 175
Trd, 000139.583, 162
Trd, 000140.017, 168
Trd, 000140.783, 163
Trd, 000140.867, 176
Trd, 000141.067, 162
Trd, 000141.117, 156
Trd, 000141.667, 174
Trd, 000144.700, 162
Trd, 000144.733, 163
Trd, 000144.750, 155
Trd, 000144.817, 164
Trd, 000145.067, 165
Trd, 000145.117, 169
Trd, 000145.617, 162
Trd, 000147.050, 160
Trd, 000147.400, 156
Trd, 000147.483, 151
Trd, 000147.733, 161
Trd, 000148.133, 169
Trd, 000149.717, 152
Trd, 000149.733, 165
Trd, 000151.017, 163
Trd, 000151.467, 161
Trd, 000152.200, 161
Trd, 000152.633, 159
Trd, 000152.850, 160
Trd, 000152.883, 161
Trd, 000153.533, 163
Trd, 000153.650, 166
Trd, 000153.817, 164
Trd, 000154.283, 170
Trd, 000154.867, 163
Trd, 000155.050, 161
Trd, 000156.000, 172
Trd, 000156.017, 177
Trd, 000156.383, 167
Trd, 000157.967, 159
Trd, 000158.350, 157
Trd, 000158.800, 156
Trd, 000159.567, 158
Trd, 000159.667, 160
Trd, 000159.983, 162
Trd, 000160.217, 164
Trd, 000160.333, 164
Trd, 000160.833, 159
Trd, 000161.917, 161
Trd, 000164.200, 165
Trd, 000164.267, 170
Trd, 000164.333, 171
Trd, 000164.417, 160
Trd, 000164.700, 157
Trd, 000165.650, 165
Trd, 000166.433, 159
Trd, 000166.900, 164
Trd, 000167.017, 165
Trd, 000167.333, 158
Trd, 000167.383, 157
Trd, 000167.450, 156
Trd, 000167.617, 165
Trd, 000168.400, 165
Trd, 000169.800, 155
Trd, 000170.533, 164
Trd, 000170.817, 162
Trd, 000170.983, 163
Trd, 000171.483, 172
Trd, 000171.567, 159
Trd, 000172.150, 177
Trd, 000172.917, 165
Trd, 000173.383, 164
Trd, 000173.550, 161
Trd, 000173.617, 169
Trd, 000173.967, 178
Trd, 000174.317, 159
Trd, 000175.017, 170
Trd, 000175.267, 170
Trd, 000175.917, 164
Trd, 000176.133, 160
Trd, 000176.483, 171
Trd, 000177.050, 184
Trd, 000177.367, 189
Trd, 000177.500, 168
Trd, 000178.083, 181
Trd, 000178.167, 189
Trd, 000179.500, 170
Trd, 000180.650, 171
Trd, 000180.667, 166
Trd, 000180.950, 159
Trd, 000181.083, 172
Trd, 000181.667, 173
Trd, 000181.717, 173
Trd, 000182.100, 164
Trd, 000184.183, 169
Trd, 000184.317, 169
Trd, 000184.350, 161
Trd, 000184.367, 170
Trd, 000184.450, 180
Trd, 000185.467, 166
Trd, 000186.250, 167
Trd, 000186.650, 168
Trd, 000187.767, 167
Trd, 000188.217, 167
Trd, 000188.617, 166
Trd, 000189.533, 165
Trd, 000190.050, 167
Trd, 000190.367, 161
Trd, 000190.717, 170
Trd, 000190.783, 165
Trd, 000191.017, 167
Trd, 000191.900, 163
Trd, 000192.367, 167
Trd, 000194.017, 171
Trd, 000194.900, 166
Trd, 000195.133, 166
Trd, 000195.783, 170
Trd, 000195.933, 170
Trd, 000196.183, 168
Trd, 000196.500, 173
Trd, 000197.900, 169
Trd, 000198.967, 169
Trd, 000200.250, 168
Trd, 000200.383, 171
Trd, 000200.667, 168
Trd, 000201.167, 170
Trd, 000201.333, 163
Trd, 000201.433, 170
Trd, 000201.500, 171
Trd, 000201.833, 161
Trd, 000201.850, 170
Trd, 000202.417, 171
Trd, 000202.500, 160
Trd, 000203.483, 169
Trd, 000203.850, 168
Trd, 000203.917, 162
Trd, 000204.400, 170
Trd, 000206.083, 166
Trd, 000207.650, 163
Trd, 000208.383, 164
Trd, 000208.633, 166
Trd, 000209.133, 169
Trd, 000209.250, 169
Trd, 000209.483, 168
Trd, 000210.067, 176
Trd, 000210.400, 183
Trd, 000210.450, 188
Trd, 000210.867, 164
Trd, 000211.283, 162
Trd, 000212.350, 162
Trd, 000212.983, 162
Trd, 000213.300, 164
Trd, 000213.517, 166
Trd, 000213.783, 168
Trd, 000214.433, 158
Trd, 000214.867, 154
Trd, 000215.667, 165
Trd, 000215.767, 156
Trd, 000216.150, 160
Trd, 000216.417, 160
Trd, 000216.767, 169
Trd, 000216.967, 172
Trd, 000218.767, 170
Trd, 000219.067, 183
Trd, 000219.433, 170
Trd, 000220.400, 172
Trd, 000220.550, 171
Trd, 000220.767, 170
Trd, 000221.083, 172
Trd, 000221.600, 169
Trd, 000221.850, 172
Trd, 000222.667, 166
Trd, 000223.300, 171
Trd, 000224.383, 172
Trd, 000224.867, 170
Trd, 000225.117, 172
Trd, 000225.133, 173
Trd, 000225.333, 173
Trd, 000225.783, 172
Trd, 000226.750, 169
Trd, 000227.750, 170
Trd, 000228.400, 171
Trd, 000228.867, 170
Trd, 000229.550, 171
Trd, 000229.600, 171
Trd, 000229.617, 173
Trd, 000229.650, 169
Trd, 000229.817, 177
Trd, 000229.917, 185
Trd, 000231.950, 171
Trd, 000232.217, 170
Trd, 000232.917, 153
Trd, 000233.000, 172
Trd, 000234.367, 170
Trd, 000234.683, 165
Trd, 000234.783, 168
Trd, 000235.133, 169
Trd, 000235.700, 169
Trd, 000237.967, 174
Trd, 000238.600, 173
Trd, 000238.783, 174
Trd, 000238.883, 172
Trd, 000240.083, 174
Trd, 000240.267, 175
Trd, 000240.583, 179
Trd, 000240.767, 176
Trd, 000240.950, 177
Trd, 000241.017, 178
Trd, 000241.400, 176
Trd, 000241.900, 175
Trd, 000242.183, 189
Trd, 000242.317, 173
Trd, 000242.867, 175
Trd, 000243.167, 180
Trd, 000243.533, 183
Trd, 000244.933, 172
Trd, 000245.217, 171
Trd, 000245.450, 173
Trd, 000246.217, 179
Trd, 000246.267, 179
Trd, 000246.967, 182
Trd, 000246.983, 183
Trd, 000247.083, 176
Trd, 000247.500, 185
Trd, 000248.050, 180
Trd, 000248.350, 179
Trd, 000249.850, 180
Trd, 000249.883, 181
Trd, 000249.900, 179
Trd, 000251.100, 178
Trd, 000251.633, 176
Trd, 000251.933, 175
Trd, 000252.100, 176
Trd, 000252.433, 174
Trd, 000252.667, 171
Trd, 000252.950, 172
Trd, 000253.050, 171
Trd, 000253.317, 173
Trd, 000253.450, 176
Trd, 000253.500, 176
Trd, 000254.617, 173
Trd, 000255.083, 173
Trd, 000255.800, 173
Trd, 000256.017, 170
Trd, 000256.883, 170
Trd, 000256.983, 173
Trd, 000257.300, 170
Trd, 000257.733, 169
Trd, 000258.467, 169
Trd, 000258.550, 170
Trd, 000258.567, 174
Trd, 000258.950, 169
Trd, 000259.550, 173
Trd, 000259.683, 174
Trd, 000260.383, 165
Trd, 000260.483, 174
Trd, 000261.350, 175
Trd, 000261.900, 177
Trd, 000262.150, 187
Trd, 000262.967, 172
Trd, 000263.733, 181
Trd, 000264.317, 181
Trd, 000264.667, 184
Trd, 000264.800, 188
Trd, 000264.983, 182
Trd, 000266.067, 184
Trd, 000266.233, 181
Trd, 000266.400, 185
Trd, 000266.467, 180
Trd, 000266.500, 177
Trd, 000267.550, 181
Trd, 000268.050, 177
Trd, 000268.817, 168
Trd, 000269.483, 178
Trd, 000269.583, 176
Trd, 000270.550, 177
Trd, 000270.583, 176
Trd, 000270.667, 175
Trd, 000271.033, 172
Trd, 000271.067, 178
Trd, 000271.650, 178
Trd, 000272.500, 174
Trd, 000272.983, 172
Trd, 000273.500, 175
Trd, 000273.583, 168
Trd, 000274.250, 174
Trd, 000274.350, 174
Trd, 000274.467, 175
Trd, 000274.750, 182
Trd, 000275.133, 189
Trd, 000275.817, 177
Trd, 000276.433, 182
Trd, 000276.633, 176
Trd, 000276.700, 175
Trd, 000276.783, 175
Trd, 000277.650, 178
Trd, 000278.633, 177
Trd, 000279.317, 176
Trd, 000279.467, 183
Trd, 000280.000, 175
Trd, 000280.033, 175
Trd, 000280.067, 176
Trd, 000280.100, 179
Trd, 000281.317, 183
Trd, 000281.367, 180
Trd, 000281.550, 186
Trd, 000281.883, 194
Trd, 000281.900, 185
Trd, 000282.017, 176
Trd, 000282.333, 171
Trd, 000282.350, 199
Trd, 000283.017, 190
Trd, 000283.117, 174
Trd, 000283.233, 174
Trd, 000283.267, 190
Trd, 000285.350, 178
Trd, 000285.450, 176
Trd, 000286.183, 176
Trd, 000287.300, 178
Trd, 000287.350, 179
Trd, 000288.067, 179
Trd, 000288.250, 182
Trd, 000288.417, 177
Trd, 000289.350, 189
Trd, 000289.500, 179
Trd, 000289.917, 190
Trd, 000290.150, 179
Trd, 000290.167, 177
Trd, 000290.417, 190
Trd, 000290.917, 191
Trd, 000291.183, 184
Trd, 000291.233, 172
Trd, 000292.900, 176
Trd, 000293.200, 176
Trd, 000293.267, 177
Trd, 000293.650, 179
Trd, 000293.750, 181
Trd, 000293.933, 176
Trd, 000294.050, 182
Trd, 000294.400, 175
Trd, 000295.117, 183
Trd, 000295.550, 184
Trd, 000296.483, 177
Trd, 000296.567, 191
Trd, 000297.117, 167
Trd, 000297.150, 166
Trd, 000297.850, 191
Trd, 000298.000, 189
Trd, 000298.633, 165
Trd, 000299.183, 196
Trd, 000299.283, 192
Trd, 000299.550, 197
