Trd, 000002.200, 155
Trd, 000002.950, 152
Trd, 000003.067, 138
Trd, 000003.200, 153
Trd, 000003.600, 144
Trd, 000004.200, 149
Trd, 000004.933, 146
Trd, 000005.100, 146
Trd, 000006.117, 143
Trd, 000006.217, 150
Trd, 000006.317, 145
Trd, 000007.100, 149
Trd, 000007.233, 151
Trd, 000007.383, 154
Trd, 000008.300, 150
Trd, 000008.867, 151
Trd, 000009.183, 151
Trd, 000009.333, 150
Trd, 000009.783, 150
Trd, 000010.600, 150
Trd, 000010.800, 151
Trd, 000011.133, 151
Trd, 000011.200, 152
Trd, 000012.183, 151
Trd, 000012.500, 151
Trd, 000012.600, 152
Trd, 000013.000, 156
Trd, 000013.033, 151
Trd, 000014.250, 159
Trd, 000014.733, 159
Trd, 000015.067, 159
Trd, 000015.533, 160
Trd, 000016.317, 158
Trd, 000016.617, 158
Trd, 000016.883, 156
Trd, 000016.917, 154
Trd, 000018.067, 157
Trd, 000018.233, 153
Trd, 000018.650, 155
Trd, 000018.667, 156
Trd, 000019.317, 155
Trd, 000020.333, 157
Trd, 000020.600, 156
Trd, 000020.850, 158
Trd, 000020.967, 156
Trd, 000022.017, 158
Trd, 000022.133, 173
Trd, 000022.367, 167
Trd, 000022.917, 163
Trd, 000022.933, 174
Trd, 000023.150, 157
Trd, 000024.667, 161
Trd, 000024.700, 160
Trd, 000024.983, 159
Trd, 000025.300, 161
Trd, 000025.433, 158
Trd, 000025.933, 160
Trd, 000026.583, 157
Trd, 000026.667, 158
Trd, 000027.783, 157
Trd, 000028.033, 144
Trd, 000028.400, 137
Trd, 000028.967, 159
Trd, 000029.650, 154
Trd, 000029.967, 147
Trd, 000030.267, 158
Trd, 000030.783, 163
Trd, 000031.267, 162
Trd, 000031.817, 158
Trd, 000032.500, 161
Trd, 000032.700, 155
Trd, 000033.017, 154
Trd, 000033.417, 162
Trd, 000034.567, 155
Trd, 000034.850, 154
Trd, 000034.950, 154
Trd, 000035.483, 153
Trd, 000036.817, 150
Trd, 000037.400, 149
Trd, 000037.483, 150
Trd, 000038.867, 151
Trd, 000038.933, 153
Trd, 000039.200, 152
Trd, 000039.367, 151
Trd, 000039.817, 157
Trd, 000039.850, 159
Trd, 000041.000, 155
Trd, 000041.017, 165
Trd, 000041.217, 156
Trd, 000041.583, 158
Trd, 000041.617, 166
Trd, 000041.733, 157
Trd, 000042.650, 157
Trd, 000043.783, 172
Trd, 000044.033, 156
Trd, 000044.983, 161
Trd, 000046.367, 163
Trd, 000046.417, 162
Trd, 000046.733, 164
Trd, 000047.267, 162
Trd, 000047.417, 167
Trd, 000048.850, 162
Trd, 000049.100, 165
Trd, 000049.583, 162
Trd, 000049.717, 161
Trd, 000050.017, 162
Trd, 000050.317, 162
Trd, 000050.367, 160
Trd, 000050.883, 160
Trd, 000051.617, 163
Trd, 000051.633, 164
Trd, 000051.767, 157
Trd, 000052.233, 156
Trd, 000053.050, 156
Trd, 000053.333, 160
Trd, 000053.867, 142
Trd, 000054.533, 158
Trd, 000055.017, 144
Trd, 000055.700, 143
Trd, 000056.200, 156
Trd, 000057.467, 150
Trd, 000057.633, 152
Trd, 000057.733, 153
Trd, 000058.100, 150
Trd, 000058.367, 149
Trd, 000058.483, 154
Trd, 000059.233, 149
Trd, 000059.833, 160
Trd, 000061.350, 152
Trd, 000062.167, 153
Trd, 000062.317, 155
Trd, 000062.417, 156
Trd, 000063.417, 159
Trd, 000064.133, 158
Trd, 000064.267, 158
Trd, 000064.300, 157
Trd, 000064.533, 158
Trd, 000064.833, 159
Trd, 000065.300, 160
Trd, 000065.683, 171
Trd, 000066.433, 168
Trd, 000066.933, 172
Trd, 000067.433, 172
Trd, 000067.783, 171
Trd, 000068.600, 165
Trd, 000068.850, 164
Trd, 000069.033, 162
Trd, 000069.083, 164
Trd, 000069.217, 161
Trd, 000069.617, 160
Trd, 000071.267, 162
Trd, 000072.133, 162
Trd, 000072.267, 160
Trd, 000072.833, 160
Trd, 000073.183, 161
Trd, 000073.267, 161
Trd, 000073.367, 160
Trd, 000073.817, 158
Trd, 000074.500, 158
Trd, 000074.517, 157
Trd, 000075.050, 162
Trd, 000075.600, 168
Trd, 000076.250, 170
Trd, 000076.933, 161
Trd, 000077.000, 170
Trd, 000078.533, 163
Trd, 000079.200, 163
Trd, 000079.950, 164
Trd, 000080.050, 165
Trd, 000080.200, 162
Trd, 000080.933, 165
Trd, 000080.983, 162
Trd, 000081.600, 162
Trd, 000082.033, 161
Trd, 000082.050, 162
Trd, 000082.283, 149
Trd, 000083.567, 157
Trd, 000083.617, 156
Trd, 000084.750, 147
Trd, 000084.783, 146
Trd, 000084.817, 160
Trd, 000084.983, 160
Trd, 000086.267, 160
Trd, 000087.650, 157
Trd, 000087.967, 158
Trd, 000088.000, 157
Trd, 000088.450, 174
Trd, 000088.483, 154
Trd, 000089.833, 162
Trd, 000090.950, 162
Trd, 000091.150, 164
Trd, 000091.517, 162
Trd, 000091.800, 161
Trd, 000092.017, 160
Trd, 000092.133, 150
Trd, 000092.217, 153
Trd, 000092.400, 153
Trd, 000092.950, 162
Trd, 000093.467, 159
Trd, 000094.483, 162
Trd, 000095.217, 161
Trd, 000095.333, 164
Trd, 000095.767, 170
Trd, 000096.567, 171
Trd, 000096.683, 165
Trd, 000096.850, 163
Trd, 000097.017, 129
Trd, 000097.283, 161
Trd, 000097.733, 176
Trd, 000098.000, 181
Trd, 000099.367, 177
Trd, 000099.633, 175
Trd, 000100.317, 188
Trd, 000100.717, 177
Trd, 000101.100, 183
Trd, 000101.167, 178
Trd, 000101.217, 177
Trd, 000102.717, 178
Trd, 000102.783, 181
Trd, 000103.617, 177
Trd, 000104.767, 177
Trd, 000104.983, 175
Trd, 000106.183, 172
Trd, 000106.300, 174
Trd, 000106.417, 167
Trd, 000106.833, 169
Trd, 000108.117, 166
Trd, 000108.167, 171
Trd, 000108.200, 165
Trd, 000108.917, 170
Trd, 000109.133, 165
Trd, 000109.983, 168
Trd, 000110.133, 168
Trd, 000110.817, 168
Trd, 000111.167, 166
Trd, 000111.550, 165
Trd, 000111.717, 166
Trd, 000112.683, 165
Trd, 000112.767, 167
Trd, 000112.867, 169
Trd, 000113.467, 173
Trd, 000114.283, 157
Trd, 000114.450, 158
Trd, 000114.500, 166
Trd, 000114.533, 177
Trd, 000115.033, 155
Trd, 000116.867, 160
Trd, 000117.483, 160
Trd, 000117.567, 160
Trd, 000118.233, 158
Trd, 000118.333, 160
Trd, 000118.733, 159
Trd, 000118.867, 160
Trd, 000119.950, 160
Trd, 000119.967, 161
Trd, 000120.317, 163
Trd, 000120.817, 159
Trd, 000120.867, 157
Trd, 000121.467, 161
Trd, 000121.733, 167
Trd, 000122.050, 173
Trd, 000122.350, 161
Trd, 000123.250, 166
Trd, 000123.633, 172
Trd, 000124.617, 165
Trd, 000126.500, 163
Trd, 000126.583, 163
Trd, 000126.733, 164
Trd, 000127.267, 163
Trd, 000127.833, 163
Trd, 000128.400, 163
Trd, 000128.617, 163
Trd, 000129.083, 161
Trd, 000129.317, 154
Trd, 000129.500, 167
Trd, 000129.800, 164
Trd, 000130.050, 175
Trd, 000130.933, 161
Trd, 000131.200, 167
Trd, 000131.433, 157
Trd, 000131.900, 168
Trd, 000132.300, 167
Trd, 000132.800, 165
Trd, 000133.350, 162
Trd, 000134.133, 162
Trd, 000134.833, 161
Trd, 000135.517, 163
Trd, 000135.817, 164
Trd, 000136.600, 163
Trd, 000137.017, 161
Trd, 000137.150, 161
Trd, 000137.217, 164
Trd, 000138.200, 167
Trd, 000138.383, 168
Trd, 000138.717, 166
Trd, 000138.817, 163
Trd, 000139.000, 162
Trd, 000140.183, 170
Trd, 000140.483, 169
Trd, 000140.867, 167
Trd, 000141.167, 167
Trd, 000141.550, 167
Trd, 000141.933, 167
Trd, 000142.317, 168
Trd, 000142.350, 169
Trd, 000142.467, 176
Trd, 000142.850, 182
Trd, 000143.900, 176
Trd, 000144.300, 170
Trd, 000145.133, 174
Trd, 000145.317, 155
Trd, 000145.667, 159
Trd, 000145.800, 174
Trd, 000147.233, 162
Trd, 000147.667, 161
Trd, 000148.250, 161
Trd, 000148.517, 187
Trd, 000149.317, 165
Trd, 000150.450, 162
Trd, 000150.567, 165
Trd, 000150.617, 166
Trd, 000150.700, 160
Trd, 000151.433, 164
Trd, 000151.567, 166
Trd, 000152.033, 160
Trd, 000152.300, 160
Trd, 000153.133, 161
Trd, 000153.150, 164
Trd, 000153.400, 160
Trd, 000153.467, 158
Trd, 000153.550, 157
Trd, 000153.733, 165
Trd, 000155.483, 160
Trd, 000156.783, 164
Trd, 000157.083, 165
Trd, 000157.850, 162
Trd, 000158.217, 163
Trd, 000158.783, 164
Trd, 000158.967, 167
Trd, 000159.500, 162
Trd, 000160.183, 160
Trd, 000161.500, 163
Trd, 000161.517, 166
Trd, 000162.100, 164
Trd, 000162.250, 161
Trd, 000162.417, 165
Trd, 000163.433, 162
Trd, 000163.967, 163
Trd, 000164.633, 163
Trd, 000164.850, 171
Trd, 000165.933, 167
Trd, 000166.233, 167
Trd, 000167.233, 169
Trd, 000167.600, 167
Trd, 000167.667, 166
Trd, 000168.183, 168
Trd, 000168.200, 172
Trd, 000169.250, 157
Trd, 000169.783, 151
Trd, 000170.700, 160
Trd, 000170.767, 161
Trd, 000171.783, 163
Trd, 000172.233, 172
Trd, 000172.917, 162
Trd, 000173.183, 162
Trd, 000173.317, 163
Trd, 000173.333, 161
Trd, 000173.400, 179
Trd, 000174.467, 182
Trd, 000174.633, 171
Trd, 000174.783, 170
Trd, 000175.417, 175
Trd, 000175.433, 169
Trd, 000176.550, 166
Trd, 000176.583, 161
Trd, 000178.217, 168
Trd, 000178.400, 163
Trd, 000178.917, 162
Trd, 000179.117, 161
Trd, 000179.550, 163
Trd, 000179.650, 162
Trd, 000180.600, 162
Trd, 000181.150, 163
Trd, 000181.300, 161
Trd, 000181.517, 173
Trd, 000182.333, 161
Trd, 000182.650, 159
Trd, 000182.850, 167
Trd, 000183.433, 162
Trd, 000184.933, 161
Trd, 000185.617, 159
Trd, 000185.733, 160
Trd, 000185.800, 160
Trd, 000185.933, 169
Trd, 000186.950, 170
Trd, 000187.117, 173
Trd, 000187.267, 162
Trd, 000187.317, 180
Trd, 000187.450, 162
Trd, 000187.817, 162
Trd, 000188.750, 163
Trd, 000189.000, 166
Trd, 000190.400, 166
Trd, 000190.533, 166
Trd, 000190.650, 168
Trd, 000191.367, 167
Trd, 000192.367, 168
Trd, 000192.583, 169
Trd, 000192.883, 169
Trd, 000193.167, 170
Trd, 000193.450, 168
Trd, 000194.117, 167
Trd, 000194.133, 166
Trd, 000194.233, 171
Trd, 000195.450, 166
Trd, 000195.517, 161
Trd, 000195.633, 169
Trd, 000195.733, 159
Trd, 000197.067, 166
Trd, 000197.450, 165
Trd, 000197.583, 167
Trd, 000197.617, 170
Trd, 000198.083, 164
Trd, 000199.033, 167
Trd, 000199.067, 164
Trd, 000199.767, 173
Trd, 000200.850, 166
Trd, 000200.900, 171
Trd, 000202.033, 167
Trd, 000202.650, 167
Trd, 000203.183, 168
Trd, 000203.317, 166
Trd, 000203.967, 168
Trd, 000204.100, 169
Trd, 000204.167, 167
Trd, 000204.500, 168
Trd, 000204.883, 169
Trd, 000206.083, 169
Trd, 000206.983, 170
Trd, 000207.317, 171
Trd, 000207.333, 171
Trd, 000208.183, 168
Trd, 000208.933, 171
Trd, 000208.967, 170
Trd, 000209.683, 171
Trd, 000209.983, 170
Trd, 000210.100, 171
Trd, 000210.400, 171
Trd, 000210.650, 172
Trd, 000210.667, 176
Trd, 000212.117, 174
Trd, 000212.317, 178
Trd, 000212.800, 180
Trd, 000214.950, 178
Trd, 000215.100, 177
Trd, 000215.683, 186
Trd, 000215.917, 184
Trd, 000216.067, 187
Trd, 000216.183, 175
Trd, 000216.700, 185
Trd, 000217.683, 177
Trd, 000218.100, 157
Trd, 000219.167, 170
Trd, 000219.583, 170
Trd, 000219.717, 166
Trd, 000220.350, 172
Trd, 000221.067, 174
Trd, 000221.267, 174
Trd, 000221.583, 171
Trd, 000222.217, 173
Trd, 000223.167, 174
Trd, 000223.200, 175
Trd, 000223.317, 177
Trd, 000223.583, 184
Trd, 000223.850, 199
Trd, 000223.983, 205
Trd, 000224.117, 175
Trd, 000224.467, 175
Trd, 000225.450, 177
Trd, 000227.100, 180
Trd, 000227.300, 180
Trd, 000228.100, 179
Trd, 000228.133, 177
Trd, 000228.350, 180
Trd, 000228.400, 181
Trd, 000228.550, 182
Trd, 000229.350, 178
Trd, 000229.917, 177
Trd, 000230.567, 174
Trd, 000231.250, 165
Trd, 000231.483, 167
Trd, 000232.050, 169
Trd, 000232.100, 175
Trd, 000232.183, 168
Trd, 000232.833, 157
Trd, 000232.883, 173
Trd, 000233.033, 156
Trd, 000234.483, 172
Trd, 000234.567, 172
Trd, 000235.500, 178
Trd, 000236.483, 177
Trd, 000236.683, 182
Trd, 000237.067, 181
Trd, 000237.083, 180
Trd, 000237.133, 178
Trd, 000237.433, 183
Trd, 000237.467, 183
Trd, 000238.317, 182
Trd, 000238.567, 181
Trd, 000239.033, 179
Trd, 000239.050, 179
Trd, 000239.217, 181
Trd, 000239.767, 179
Trd, 000240.067, 181
Trd, 000240.617, 181
Trd, 000240.667, 182
Trd, 000241.083, 180
Trd, 000241.867, 179
Trd, 000242.033, 181
Trd, 000242.200, 187
Trd, 000242.300, 180
Trd, 000242.483, 178
Trd, 000242.967, 185
Trd, 000243.650, 186
Trd, 000243.767, 183
Trd, 000244.933, 179
Trd, 000245.617, 177
Trd, 000246.267, 175
Trd, 000246.533, 173
Trd, 000246.733, 175
Trd, 000246.983, 175
Trd, 000247.317, 173
Trd, 000247.833, 174
Trd, 000248.600, 173
Trd, 000248.717, 173
Trd, 000249.250, 172
Trd, 000249.633, 173
Trd, 000249.700, 167
Trd, 000251.067, 166
Trd, 000251.150, 167
Trd, 000251.683, 169
Trd, 000252.567, 172
Trd, 000252.983, 166
Trd, 000253.383, 169
Trd, 000253.583, 167
Trd, 000253.717, 170
Trd, 000253.783, 170
Trd, 000253.817, 172
Trd, 000254.550, 172
Trd, 000254.600, 164
Trd, 000254.983, 171
Trd, 000255.550, 173
Trd, 000256.733, 171
Trd, 000257.700, 172
Trd, 000257.817, 171
Trd, 000258.250, 171
Trd, 000258.267, 170
Trd, 000258.667, 173
Trd, 000258.850, 168
Trd, 000259.533, 174
Trd, 000259.667, 172
Trd, 000259.767, 171
Trd, 000260.617, 174
Trd, 000261.033, 174
Trd, 000261.400, 175
Trd, 000261.717, 172
Trd, 000262.083, 171
Trd, 000262.483, 167
Trd, 000263.033, 174
Trd, 000263.267, 164
Trd, 000263.383, 174
Trd, 000263.600, 177
Trd, 000264.267, 175
Trd, 000264.850, 170
Trd, 000265.133, 170
Trd, 000265.233, 169
Trd, 000265.300, 171
Trd, 000265.483, 174
Trd, 000266.300, 176
Trd, 000266.550, 181
Trd, 000266.667, 184
Trd, 000268.000, 175
Trd, 000268.467, 175
Trd, 000268.833, 174
Trd, 000268.867, 174
Trd, 000269.050, 177
Trd, 000269.317, 171
Trd, 000269.567, 170
Trd, 000270.617, 169
Trd, 000271.133, 169
Trd, 000271.483, 170
Trd, 000271.650, 170
Trd, 000271.767, 169
Trd, 000272.133, 168
Trd, 000272.850, 171
Trd, 000272.917, 175
Trd, 000273.133, 182
Trd, 000273.350, 181
Trd, 000273.617, 172
Trd, 000273.967, 177
Trd, 000274.283, 178
Trd, 000274.383, 179
Trd, 000274.567, 177
Trd, 000274.767, 178
Trd, 000274.850, 177
Trd, 000275.617, 175
Trd, 000276.200, 172
Trd, 000276.600, 173
Trd, 000277.333, 172
Trd, 000277.417, 181
Trd, 000277.650, 183
Trd, 000277.850, 168
Trd, 000278.567, 178
Trd, 000279.050, 173
Trd, 000279.967, 178
Trd, 000280.050, 179
Trd, 000280.533, 173
Trd, 000280.550, 173
Trd, 000280.583, 178
Trd, 000280.650, 186
Trd, 000280.800, 172
Trd, 000281.833, 176
Trd, 000282.833, 174
Trd, 000283.183, 175
Trd, 000283.283, 174
Trd, 000284.017, 175
Trd, 000284.250, 175
Trd, 000284.583, 175
Trd, 000284.617, 174
Trd, 000284.967, 172
Trd, 000285.450, 163
Trd, 000286.317, 173
Trd, 000286.650, 175
Trd, 000287.850, 178
Trd, 000289.300, 180
Trd, 000289.550, 178
Trd, 000289.833, 179
Trd, 000290.033, 178
Trd, 000290.667, 178
Trd, 000291.133, 179
Trd, 000291.317, 178
Trd, 000291.633, 177
Trd, 000292.117, 176
Trd, 000292.317, 178
Trd, 000293.067, 177
Trd, 000293.417, 177
Trd, 000293.650, 173
Trd, 000293.717, 179
Trd, 000293.800, 173
Trd, 000294.367, 186
Trd, 000295.117, 183
Trd, 000295.450, 179
Trd, 000295.683, 179
Trd, 000296.017, 179
Trd, 000296.500, 179
Trd, 000296.517, 184
Trd, 000296.600, 187
Trd, 000297.000, 179
Trd, 000297.083, 178
Trd, 000297.133, 181
Trd, 000297.417, 191
Trd, 000298.017, 178
Trd, 000298.433, 178
Trd, 000298.483, 177
Trd, 000299.317, 180
Trd, 000299.583, 178
