Trd, 000001.117, 196
Trd, 000001.633, 124
Trd, 000002.783, 143
Trd, 000003.183, 146
Trd, 000003.467, 120
Trd, 000004.067, 152
Trd, 000004.400, 132
Trd, 000005.250, 148
Trd, 000005.867, 148
Trd, 000005.917, 150
Trd, 000007.150, 148
Trd, 000007.200, 147
Trd, 000007.483, 146
Trd, 000008.100, 145
Trd, 000008.583, 145
Trd, 000009.783, 147
Trd, 000010.067, 147
Trd, 000010.183, 148
Trd, 000010.917, 149
Trd, 000011.050, 150
Trd, 000012.783, 147
Trd, 000013.333, 145
Trd, 000013.533, 139
Trd, 000014.050, 138
Trd, 000015.183, 145
Trd, 000015.417, 145
Trd, 000015.517, 146
Trd, 000016.050, 148
Trd, 000016.450, 142
Trd, 000016.500, 151
Trd, 000018.933, 154
Trd, 000019.717, 153
Trd, 000019.867, 157
Trd, 000020.250, 152
Trd, 000020.983, 155
Trd, 000021.767, 151
Trd, 000022.017, 150
Trd, 000023.300, 149
Trd, 000023.933, 150
Trd, 000024.250, 147
Trd, 000024.450, 138
Trd, 000025.417, 143
Trd, 000025.900, 142
Trd, 000026.483, 141
Trd, 000027.683, 142
Trd, 000027.967, 139
Trd, 000028.967, 139
Trd, 000029.400, 140
Trd, 000029.517, 144
Trd, 000030.300, 140
Trd, 000030.550, 140
Trd, 000031.033, 154
Trd, 000031.483, 139
Trd, 000031.700, 141
Trd, 000032.467, 138
Trd, 000033.117, 139
Trd, 000033.183, 142
Trd, 000033.567, 140
Trd, 000034.633, 138
Trd, 000035.017, 140
Trd, 000035.417, 139
Trd, 000035.500, 138
Trd, 000036.050, 140
Trd, 000036.467, 140
Trd, 000036.983, 139
Trd, 000037.033, 142
Trd, 000037.250, 137
Trd, 000037.800, 137
Trd, 000038.000, 136
Trd, 000039.117, 140
Trd, 000039.550, 139
Trd, 000040.083, 142
Trd, 000041.100, 142
Trd, 000042.667, 145
Trd, 000042.817, 147
Trd, 000044.483, 146
Trd, 000044.517, 145
Trd, 000044.917, 160
Trd, 000045.917, 147
Trd, 000046.000, 149
Trd, 000046.867, 152
Trd, 000047.450, 157
Trd, 000048.467, 152
Trd, 000048.983, 153
Trd, 000049.033, 154
Trd, 000051.150, 153
Trd, 000051.767, 152
Trd, 000051.783, 154
Trd, 000052.600, 153
Trd, 000053.217, 154
Trd, 000054.067, 152
Trd, 000054.283, 154
Trd, 000054.433, 151
Trd, 000054.600, 153
Trd, 000055.800, 150
Trd, 000056.050, 151
Trd, 000056.133, 150
Trd, 000056.217, 155
Trd, 000056.783, 147
Trd, 000056.800, 132
Trd, 000059.367, 141
Trd, 000060.183, 141
Trd, 000060.333, 141
Trd, 000061.150, 140
Trd, 000061.217, 143
Trd, 000062.217, 140
Trd, 000062.417, 144
Trd, 000063.717, 142
Trd, 000064.317, 140
Trd, 000065.100, 140
Trd, 000065.567, 141
Trd, 000065.783, 143
Trd, 000066.000, 143
Trd, 000066.083, 148
Trd, 000066.783, 148
Trd, 000066.833, 147
Trd, 000066.883, 157
Trd, 000068.450, 153
Trd, 000068.667, 151
Trd, 000069.167, 151
Trd, 000069.933, 150
Trd, 000069.983, 150
Trd, 000070.117, 146
Trd, 000070.783, 149
Trd, 000071.383, 147
Trd, 000072.300, 156
Trd, 000072.400, 151
Trd, 000072.667, 152
Trd, 000073.717, 153
Trd, 000074.633, 155
Trd, 000074.883, 156
Trd, 000075.450, 153
Trd, 000075.717, 157
Trd, 000075.767, 164
Trd, 000076.583, 153
Trd, 000077.700, 146
Trd, 000078.083, 147
Trd, 000079.083, 148
Trd, 000079.333, 149
Trd, 000079.350, 154
Trd, 000080.450, 156
Trd, 000080.717, 166
Trd, 000081.083, 149
Trd, 000081.367, 148
Trd, 000081.450, 142
Trd, 000081.550, 139
Trd, 000081.650, 163
Trd, 000082.217, 133
Trd, 000082.300, 164
Trd, 000085.000, 149
Trd, 000085.217, 150
Trd, 000085.867, 150
Trd, 000086.317, 148
Trd, 000087.000, 147
Trd, 000087.517, 148
Trd, 000087.633, 151
Trd, 000088.367, 151
Trd, 000088.550, 151
Trd, 000089.250, 155
Trd, 000090.783, 154
Trd, 000091.383, 153
Trd, 000093.183, 155
Trd, 000093.317, 156
Trd, 000094.017, 157
Trd, 000094.650, 154
Trd, 000094.950, 156
Trd, 000095.617, 155
Trd, 000095.983, 155
Trd, 000096.783, 154
Trd, 000097.017, 157
Trd, 000097.133, 158
Trd, 000098.067, 165
Trd, 000098.100, 158
Trd, 000098.767, 162
Trd, 000100.033, 161
Trd, 000100.767, 161
Trd, 000100.867, 159
Trd, 000102.033, 161
Trd, 000102.517, 160
Trd, 000102.567, 159
Trd, 000103.550, 159
Trd, 000103.950, 159
Trd, 000104.517, 160
Trd, 000105.033, 157
Trd, 000107.267, 155
Trd, 000107.467, 157
Trd, 000107.550, 149
Trd, 000107.750, 158
Trd, 000108.433, 147
Trd, 000109.567, 155
Trd, 000109.667, 154
Trd, 000110.083, 156
Trd, 000110.283, 151
Trd, 000110.867, 155
Trd, 000111.167, 155
Trd, 000111.867, 154
Trd, 000113.100, 161
Trd, 000114.700, 160
Trd, 000114.917, 168
Trd, 000115.350, 169
Trd, 000115.550, 167
Trd, 000117.000, 165
Trd, 000117.017, 164
Trd, 000117.750, 163
Trd, 000117.817, 163
Trd, 000119.333, 150
Trd, 000120.217, 158
Trd, 000120.317, 146
Trd, 000120.800, 158
Trd, 000121.267, 158
Trd, 000122.217, 155
Trd, 000122.333, 158
Trd, 000123.833, 154
Trd, 000124.100, 155
Trd, 000124.700, 155
Trd, 000124.750, 158
Trd, 000124.817, 160
Trd, 000125.133, 159
Trd, 000126.250, 160
Trd, 000126.650, 159
Trd, 000127.200, 158
Trd, 000127.217, 161
Trd, 000129.283, 160
Trd, 000129.450, 162
Trd, 000129.900, 162
Trd, 000130.417, 159
Trd, 000130.617, 160
Trd, 000130.967, 159
Trd, 000131.233, 157
Trd, 000131.850, 161
Trd, 000132.667, 160
Trd, 000132.717, 162
Trd, 000132.833, 163
Trd, 000133.067, 171
Trd, 000133.433, 175
Trd, 000134.383, 161
Trd, 000136.700, 163
Trd, 000137.550, 149
Trd, 000137.883, 161
Trd, 000139.217, 159
Trd, 000139.600, 158
Trd, 000139.733, 159
Trd, 000140.050, 157
Trd, 000140.350, 155
Trd, 000140.833, 159
Trd, 000141.017, 160
Trd, 000141.250, 163
Trd, 000142.367, 151
Trd, 000142.433, 162
Trd, 000144.200, 158
Trd, 000144.633, 155
Trd, 000145.033, 157
Trd, 000145.250, 157
Trd, 000145.333, 154
Trd, 000146.267, 154
Trd, 000147.950, 154
Trd, 000147.967, 157
Trd, 000148.467, 158
Trd, 000148.983, 156
Trd, 000149.183, 158
Trd, 000150.317, 152
Trd, 000150.950, 160
Trd, 000151.467, 155
Trd, 000152.883, 153
Trd, 000153.717, 153
Trd, 000153.767, 157
Trd, 000153.883, 149
Trd, 000154.733, 153
Trd, 000155.017, 153
Trd, 000155.700, 153
Trd, 000156.083, 154
Trd, 000156.450, 151
Trd, 000157.650, 154
Trd, 000157.767, 155
Trd, 000159.117, 153
Trd, 000159.200, 152
Trd, 000159.217, 153
Trd, 000159.400, 155
Trd, 000159.650, 152
Trd, 000160.067, 155
Trd, 000160.800, 156
Trd, 000160.983, 151
Trd, 000162.050, 157
Trd, 000162.283, 162
Trd, 000162.433, 164
Trd, 000163.133, 158
Trd, 000163.467, 161
Trd, 000164.567, 166
Trd, 000165.350, 161
Trd, 000166.117, 160
Trd, 000166.183, 162
Trd, 000166.200, 160
Trd, 000166.433, 163
Trd, 000167.483, 162
Trd, 000167.517, 151
Trd, 000169.783, 160
Trd, 000170.100, 159
Trd, 000170.717, 158
Trd, 000171.067, 161
Trd, 000171.300, 162
Trd, 000172.100, 160
Trd, 000172.250, 163
Trd, 000173.000, 162
Trd, 000173.683, 161
Trd, 000174.067, 160
Trd, 000174.217, 161
Trd, 000174.483, 162
Trd, 000174.983, 160
Trd, 000175.317, 165
Trd, 000175.783, 160
Trd, 000176.267, 165
Trd, 000176.283, 165
Trd, 000176.750, 175
Trd, 000177.183, 161
Trd, 000178.167, 160
Trd, 000179.883, 160
Trd, 000179.933, 159
Trd, 000180.767, 160
Trd, 000181.050, 158
Trd, 000181.117, 160
Trd, 000181.967, 159
Trd, 000182.217, 160
Trd, 000184.000, 167
Trd, 000185.150, 166
Trd, 000185.933, 167
Trd, 000186.183, 169
Trd, 000186.683, 167
Trd, 000187.250, 167
Trd, 000187.300, 166
Trd, 000187.317, 159
Trd, 000188.883, 163
Trd, 000189.200, 167
Trd, 000189.867, 163
Trd, 000190.750, 167
Trd, 000191.167, 167
Trd, 000191.633, 168
Trd, 000192.083, 176
Trd, 000192.283, 170
Trd, 000193.317, 167
Trd, 000193.983, 171
Trd, 000194.650, 168
Trd, 000194.717, 170
Trd, 000194.867, 171
Trd, 000195.350, 168
Trd, 000195.883, 167
Trd, 000197.383, 168
Trd, 000198.417, 166
Trd, 000198.800, 167
Trd, 000198.867, 166
Trd, 000199.033, 169
Trd, 000199.083, 174
Trd, 000199.433, 165
Trd, 000199.617, 171
Trd, 000199.933, 166
Trd, 000200.850, 173
Trd, 000201.500, 167
Trd, 000201.717, 165
Trd, 000203.017, 168
Trd, 000203.033, 169
Trd, 000203.417, 171
Trd, 000205.700, 168
Trd, 000206.450, 167
Trd, 000207.183, 169
Trd, 000207.467, 168
Trd, 000208.233, 169
Trd, 000208.400, 168
Trd, 000208.650, 167
Trd, 000209.717, 165
Trd, 000211.367, 160
Trd, 000211.817, 161
Trd, 000211.917, 162
Trd, 000213.767, 163
Trd, 000214.200, 161
Trd, 000214.267, 161
Trd, 000214.883, 163
Trd, 000216.183, 160
Trd, 000216.217, 163
Trd, 000217.267, 164
Trd, 000217.317, 164
Trd, 000217.667, 164
Trd, 000218.200, 170
Trd, 000219.717, 166
Trd, 000220.083, 164
Trd, 000220.333, 165
Trd, 000221.050, 165
Trd, 000221.267, 166
Trd, 000221.650, 165
Trd, 000222.150, 165
Trd, 000222.550, 169
Trd, 000223.283, 167
Trd, 000223.900, 168
Trd, 000224.017, 167
Trd, 000225.100, 166
Trd, 000225.550, 167
Trd, 000226.083, 167
Trd, 000226.617, 165
Trd, 000227.200, 165
Trd, 000227.433, 163
Trd, 000227.983, 163
Trd, 000228.667, 165
Trd, 000229.483, 162
Trd, 000229.600, 163
Trd, 000229.667, 164
Trd, 000230.267, 159
Trd, 000231.283, 160
Trd, 000231.833, 160
Trd, 000232.483, 161
Trd, 000233.183, 160
Trd, 000233.200, 165
Trd, 000234.850, 177
Trd, 000235.400, 173
Trd, 000235.500, 172
Trd, 000236.267, 174
Trd, 000236.367, 171
Trd, 000236.650, 159
Trd, 000237.683, 169
Trd, 000237.700, 172
Trd, 000239.600, 167
Trd, 000239.700, 167
Trd, 000240.183, 166
Trd, 000240.733, 165
Trd, 000241.267, 164
Trd, 000241.433, 164
Trd, 000241.700, 167
Trd, 000241.850, 168
Trd, 000242.833, 170
Trd, 000243.017, 168
Trd, 000243.300, 170
Trd, 000243.800, 168
Trd, 000244.083, 166
Trd, 000245.000, 171
Trd, 000245.267, 167
Trd, 000245.883, 167
Trd, 000247.400, 170
Trd, 000247.983, 167
Trd, 000248.333, 169
Trd, 000248.667, 166
Trd, 000248.917, 168
Trd, 000248.983, 170
Trd, 000249.183, 167
Trd, 000249.567, 169
Trd, 000249.783, 176
Trd, 000250.600, 173
Trd, 000251.017, 172
Trd, 000251.350, 171
Trd, 000252.533, 175
Trd, 000252.817, 168
Trd, 000253.417, 170
Trd, 000253.867, 171
Trd, 000254.067, 166
Trd, 000254.550, 170
Trd, 000254.617, 172
Trd, 000254.983, 172
Trd, 000256.017, 172
Trd, 000256.250, 173
Trd, 000256.550, 170
Trd, 000257.117, 176
Trd, 000257.917, 175
Trd, 000258.033, 175
Trd, 000258.783, 177
Trd, 000259.667, 177
Trd, 000259.917, 176
Trd, 000260.667, 174
Trd, 000260.883, 175
Trd, 000261.150, 173
Trd, 000261.533, 171
Trd, 000262.533, 171
Trd, 000262.833, 173
Trd, 000263.033, 174
Trd, 000263.200, 184
Trd, 000263.467, 183
Trd, 000263.867, 172
Trd, 000263.933, 184
Trd, 000264.400, 173
Trd, 000265.633, 177
Trd, 000265.767, 177
Trd, 000266.617, 178
Trd, 000266.767, 176
Trd, 000267.083, 178
Trd, 000267.767, 179
Trd, 000268.367, 177
Trd, 000269.133, 177
Trd, 000269.933, 178
Trd, 000270.233, 179
Trd, 000270.267, 176
Trd, 000270.950, 181
Trd, 000271.600, 183
Trd, 000271.867, 183
Trd, 000272.383, 182
Trd, 000272.717, 182
Trd, 000273.267, 182
Trd, 000273.700, 183
Trd, 000273.817, 184
Trd, 000274.400, 184
Trd, 000274.717, 181
Trd, 000276.200, 183
Trd, 000276.233, 185
Trd, 000276.417, 184
Trd, 000276.967, 181
Trd, 000277.233, 179
Trd, 000277.817, 182
Trd, 000278.167, 182
Trd, 000278.367, 183
Trd, 000278.883, 176
Trd, 000279.017, 170
Trd, 000279.683, 184
Trd, 000279.750, 181
Trd, 000280.633, 186
Trd, 000280.800, 180
Trd, 000280.883, 182
Trd, 000281.300, 184
Trd, 000281.450, 185
Trd, 000282.083, 187
Trd, 000283.017, 180
Trd, 000283.983, 181
Trd, 000284.300, 183
Trd, 000284.467, 182
Trd, 000284.533, 169
Trd, 000285.967, 172
Trd, 000286.383, 173
Trd, 000286.783, 173
Trd, 000286.950, 171
Trd, 000287.883, 165
Trd, 000288.150, 173
Trd, 000288.250, 187
Trd, 000289.033, 164
Trd, 000289.183, 163
Trd, 000289.383, 170
Trd, 000289.867, 178
Trd, 000289.967, 180
Trd, 000290.083, 191
Trd, 000290.250, 169
Trd, 000290.983, 172
Trd, 000291.450, 182
Trd, 000293.250, 178
Trd, 000293.367, 180
Trd, 000293.717, 179
Trd, 000293.933, 179
Trd, 000294.083, 180
Trd, 000294.717, 179
Trd, 000295.800, 177
Trd, 000295.883, 178
Trd, 000295.967, 181
Trd, 000295.983, 174
Trd, 000296.767, 178
Trd, 000297.050, 170
Trd, 000297.533, 178
Trd, 000297.667, 180
Trd, 000297.833, 192
Trd, 000298.167, 195
Trd, 000298.700, 175
Trd, 000299.867, 172
