Trd, 000001.100, 142
Trd, 000001.733, 134
Trd, 000001.817, 148
Trd, 000002.083, 133
Trd, 000003.717, 143
Trd, 000005.600, 148
Trd, 000005.967, 142
Trd, 000006.483, 149
Trd, 000006.633, 148
Trd, 000006.950, 148
Trd, 000007.767, 149
Trd, 000007.933, 148
Trd, 000008.650, 149
Trd, 000008.817, 152
Trd, 000010.550, 151
Trd, 000011.967, 152
Trd, 000011.983, 156
Trd, 000012.967, 155
Trd, 000012.983, 152
Trd, 000013.300, 159
Trd, 000013.333, 151
Trd, 000013.850, 163
Trd, 000014.933, 161
Trd, 000015.200, 160
Trd, 000015.733, 154
Trd, 000015.750, 157
Trd, 000016.867, 151
Trd, 000017.083, 156
Trd, 000017.150, 150
Trd, 000018.150, 156
Trd, 000018.200, 152
Trd, 000018.350, 166
Trd, 000018.717, 151
Trd, 000020.667, 155
Trd, 000020.733, 152
Trd, 000021.183, 157
Trd, 000022.667, 152
Trd, 000023.000, 152
Trd, 000024.667, 153
Trd, 000025.083, 153
Trd, 000025.183, 152
Trd, 000025.633, 153
Trd, 000025.833, 151
Trd, 000026.200, 151
Trd, 000027.200, 155
Trd, 000027.283, 156
Trd, 000027.500, 157
Trd, 000027.600, 161
Trd, 000027.717, 150
Trd, 000027.967, 146
Trd, 000028.917, 151
Trd, 000029.500, 150
Trd, 000030.467, 148
Trd, 000030.917, 151
Trd, 000032.050, 151
Trd, 000032.950, 150
Trd, 000033.233, 152
Trd, 000034.133, 153
Trd, 000034.483, 154
Trd, 000034.700, 151
Trd, 000035.200, 151
Trd, 000035.600, 149
Trd, 000036.000, 158
Trd, 000036.700, 151
Trd, 000037.033, 160
Trd, 000037.183, 161
Trd, 000039.267, 157
Trd, 000039.317, 156
Trd, 000039.983, 156
Trd, 000040.017, 155
Trd, 000040.233, 152
Trd, 000040.517, 154
Trd, 000040.950, 149
Trd, 000043.217, 151
Trd, 000043.250, 150
Trd, 000043.433, 138
Trd, 000044.033, 152
Trd, 000044.117, 155
Trd, 000045.133, 153
Trd, 000045.333, 153
Trd, 000045.967, 154
Trd, 000046.233, 152
Trd, 000046.333, 156
Trd, 000047.167, 152
Trd, 000047.417, 128
Trd, 000047.650, 158
Trd, 000049.000, 168
Trd, 000049.233, 169
Trd, 000050.017, 156
Trd, 000050.500, 159
Trd, 000051.900, 159
Trd, 000052.017, 157
Trd, 000052.667, 156
Trd, 000052.783, 160
Trd, 000054.200, 160
Trd, 000054.450, 163
Trd, 000055.367, 156
Trd, 000055.483, 154
Trd, 000056.500, 156
Trd, 000057.067, 160
Trd, 000057.250, 156
Trd, 000057.817, 153
Trd, 000058.117, 158
Trd, 000059.617, 153
Trd, 000059.750, 151
Trd, 000060.033, 154
Trd, 000060.783, 155
Trd, 000061.567, 153
Trd, 000062.767, 153
Trd, 000063.067, 154
Trd, 000063.617, 154
Trd, 000063.700, 157
Trd, 000064.033, 161
Trd, 000064.800, 154
Trd, 000065.033, 164
Trd, 000066.617, 158
Trd, 000066.850, 160
Trd, 000068.000, 155
Trd, 000069.567, 156
Trd, 000070.000, 156
Trd, 000070.333, 155
Trd, 000070.567, 157
Trd, 000070.617, 155
Trd, 000070.800, 131
Trd, 000071.083, 160
Trd, 000071.450, 159
Trd, 000071.850, 161
Trd, 000074.133, 156
Trd, 000074.217, 155
Trd, 000074.400, 159
Trd, 000074.500, 153
Trd, 000074.867, 152
Trd, 000075.250, 155
Trd, 000076.050, 157
Trd, 000076.933, 158
Trd, 000078.183, 157
Trd, 000079.167, 158
Trd, 000079.350, 161
Trd, 000080.000, 157
Trd, 000080.300, 157
Trd, 000080.450, 156
Trd, 000080.783, 166
Trd, 000080.950, 173
Trd, 000081.367, 158
Trd, 000081.583, 176
Trd, 000082.483, 159
Trd, 000083.333, 160
Trd, 000083.967, 158
Trd, 000084.367, 163
Trd, 000084.617, 158
Trd, 000085.667, 163
Trd, 000087.150, 162
Trd, 000087.250, 158
Trd, 000087.400, 164
Trd, 000088.050, 159
Trd, 000088.600, 158
Trd, 000089.283, 161
Trd, 000089.917, 159
Trd, 000090.133, 161
Trd, 000090.783, 162
Trd, 000091.567, 162
Trd, 000092.133, 163
Trd, 000092.783, 160
Trd, 000092.950, 157
Trd, 000093.767, 158
Trd, 000093.933, 157
Trd, 000094.917, 158
Trd, 000095.183, 158
Trd, 000095.750, 159
Trd, 000097.050, 157
Trd, 000098.083, 161
Trd, 000098.300, 163
Trd, 000098.433, 159
Trd, 000098.450, 165
Trd, 000098.683, 158
Trd, 000099.683, 158
Trd, 000099.717, 163
Trd, 000100.033, 159
Trd, 000100.200, 167
Trd, 000101.117, 154
Trd, 000102.267, 159
Trd, 000102.683, 158
Trd, 000103.950, 163
Trd, 000104.350, 159
Trd, 000104.500, 163
Trd, 000105.083, 165
Trd, 000105.317, 160
Trd, 000105.700, 164
Trd, 000107.483, 165
Trd, 000107.717, 166
Trd, 000108.767, 166
Trd, 000109.300, 164
Trd, 000109.600, 161
Trd, 000109.717, 160
Trd, 000110.350, 161
Trd, 000111.583, 164
Trd, 000111.617, 161
Trd, 000111.833, 165
Trd, 000112.167, 167
Trd, 000114.683, 164
Trd, 000114.933, 165
Trd, 000115.317, 165
Trd, 000115.600, 164
Trd, 000116.233, 166
Trd, 000116.300, 164
Trd, 000116.983, 163
Trd, 000117.967, 164
Trd, 000118.867, 164
Trd, 000119.217, 163
Trd, 000119.550, 164
Trd, 000119.933, 170
Trd, 000120.550, 167
Trd, 000120.967, 167
Trd, 000121.267, 166
Trd, 000121.517, 163
Trd, 000121.700, 160
Trd, 000122.483, 160
Trd, 000123.200, 164
Trd, 000124.283, 164
Trd, 000125.167, 160
Trd, 000125.750, 165
Trd, 000125.883, 160
Trd, 000126.217, 165
Trd, 000126.783, 161
Trd, 000126.817, 165
Trd, 000127.283, 160
Trd, 000127.550, 159
Trd, 000127.750, 164
Trd, 000127.900, 167
Trd, 000129.533, 157
Trd, 000130.550, 160
Trd, 000130.650, 161
Trd, 000130.983, 161
Trd, 000131.183, 161
Trd, 000131.533, 160
Trd, 000132.267, 162
Trd, 000132.433, 161
Trd, 000132.800, 171
Trd, 000133.000, 160
Trd, 000133.283, 175
Trd, 000133.450, 170
Trd, 000134.250, 167
Trd, 000135.367, 167
Trd, 000136.400, 167
Trd, 000137.233, 166
Trd, 000137.300, 166
Trd, 000138.000, 166
Trd, 000138.133, 165
Trd, 000138.367, 164
Trd, 000139.500, 166
Trd, 000139.517, 164
Trd, 000140.667, 169
Trd, 000141.583, 168
Trd, 000141.767, 166
Trd, 000142.033, 169
Trd, 000142.383, 163
Trd, 000143.533, 169
Trd, 000143.750, 164
Trd, 000144.767, 169
Trd, 000144.817, 164
Trd, 000145.850, 164
Trd, 000145.933, 164
Trd, 000146.117, 168
Trd, 000146.900, 166
Trd, 000146.950, 169
Trd, 000147.583, 177
Trd, 000147.633, 167
Trd, 000148.250, 168
Trd, 000148.583, 167
Trd, 000148.983, 167
Trd, 000150.333, 170
Trd, 000150.850, 171
Trd, 000151.433, 175
Trd, 000152.050, 173
Trd, 000152.433, 171
Trd, 000152.967, 171
Trd, 000153.833, 174
Trd, 000154.167, 175
Trd, 000154.267, 169
Trd, 000156.633, 172
Trd, 000156.883, 173
Trd, 000157.100, 169
Trd, 000159.017, 170
Trd, 000159.050, 170
Trd, 000159.217, 164
Trd, 000159.650, 159
Trd, 000160.083, 167
Trd, 000160.467, 167
Trd, 000160.950, 169
Trd, 000161.467, 166
Trd, 000161.483, 153
Trd, 000161.883, 160
Trd, 000162.333, 160
Trd, 000162.483, 169
Trd, 000162.767, 173
Trd, 000163.717, 171
Trd, 000163.783, 160
Trd, 000164.633, 160
Trd, 000165.183, 169
Trd, 000166.000, 168
Trd, 000166.800, 165
Trd, 000167.467, 164
Trd, 000167.533, 167
Trd, 000167.633, 164
Trd, 000168.033, 174
Trd, 000168.283, 165
Trd, 000168.450, 166
Trd, 000169.433, 167
Trd, 000170.250, 171
Trd, 000172.167, 171
Trd, 000172.700, 172
Trd, 000173.300, 172
Trd, 000173.467, 172
Trd, 000174.217, 165
Trd, 000174.250, 172
Trd, 000174.483, 175
Trd, 000175.200, 167
Trd, 000175.333, 167
Trd, 000176.550, 168
Trd, 000176.700, 166
Trd, 000176.850, 167
Trd, 000178.317, 169
Trd, 000178.500, 169
Trd, 000179.367, 167
Trd, 000179.983, 169
Trd, 000180.083, 166
Trd, 000180.100, 166
Trd, 000181.167, 167
Trd, 000181.683, 173
Trd, 000181.817, 176
Trd, 000183.050, 180
Trd, 000183.183, 176
Trd, 000183.433, 175
Trd, 000183.850, 173
Trd, 000184.300, 172
Trd, 000184.667, 171
Trd, 000186.483, 172
Trd, 000187.583, 173
Trd, 000188.050, 171
Trd, 000188.233, 173
Trd, 000189.600, 172
Trd, 000189.783, 171
Trd, 000189.833, 174
Trd, 000190.317, 173
Trd, 000190.350, 172
Trd, 000191.867, 172
Trd, 000191.967, 171
Trd, 000192.233, 170
Trd, 000193.533, 172
Trd, 000194.083, 158
Trd, 000194.533, 167
Trd, 000195.133, 171
Trd, 000195.217, 163
Trd, 000196.050, 171
Trd, 000196.750, 171
Trd, 000196.950, 174
Trd, 000197.550, 166
Trd, 000198.783, 173
Trd, 000199.317, 172
Trd, 000199.883, 171
Trd, 000200.300, 172
Trd, 000200.533, 170
Trd, 000200.683, 171
Trd, 000200.900, 168
Trd, 000201.850, 171
Trd, 000203.167, 174
Trd, 000204.167, 170
Trd, 000204.350, 169
Trd, 000205.700, 173
Trd, 000206.150, 168
Trd, 000206.183, 168
Trd, 000206.217, 173
Trd, 000207.050, 174
Trd, 000207.317, 167
Trd, 000207.617, 164
Trd, 000209.100, 168
Trd, 000209.367, 169
Trd, 000209.383, 166
Trd, 000209.683, 176
Trd, 000209.883, 167
Trd, 000211.967, 173
Trd, 000212.100, 172
Trd, 000213.267, 171
Trd, 000213.383, 173
Trd, 000214.600, 176
Trd, 000214.667, 171
Trd, 000214.733, 170
Trd, 000215.567, 175
Trd, 000215.600, 179
Trd, 000215.767, 171
Trd, 000216.917, 180
Trd, 000216.967, 173
Trd, 000217.183, 185
Trd, 000217.250, 173
Trd, 000217.917, 184
Trd, 000218.417, 174
Trd, 000218.517, 173
Trd, 000220.267, 178
Trd, 000221.350, 175
Trd, 000221.683, 174
Trd, 000222.267, 177
Trd, 000222.633, 173
Trd, 000223.000, 177
Trd, 000223.900, 174
Trd, 000224.967, 175
Trd, 000225.533, 172
Trd, 000225.883, 170
Trd, 000226.917, 167
Trd, 000227.583, 170
Trd, 000229.067, 170
Trd, 000229.483, 170
Trd, 000229.617, 171
Trd, 000230.550, 174
Trd, 000231.500, 173
Trd, 000231.583, 174
Trd, 000232.367, 173
Trd, 000233.133, 172
Trd, 000233.717, 178
Trd, 000234.283, 180
Trd, 000235.150, 175
Trd, 000236.117, 176
Trd, 000236.183, 175
Trd, 000236.917, 178
Trd, 000236.950, 178
Trd, 000237.267, 176
Trd, 000237.417, 172
Trd, 000237.967, 179
Trd, 000239.367, 173
Trd, 000239.400, 179
Trd, 000239.467, 171
Trd, 000240.167, 174
Trd, 000240.350, 172
Trd, 000240.700, 172
Trd, 000240.767, 173
Trd, 000241.017, 174
Trd, 000241.700, 173
Trd, 000241.917, 174
Trd, 000242.000, 176
Trd, 000242.383, 176
Trd, 000243.067, 178
Trd, 000243.250, 175
Trd, 000243.817, 174
Trd, 000244.000, 174
Trd, 000244.367, 175
Trd, 000244.667, 178
Trd, 000245.083, 176
Trd, 000245.650, 179
Trd, 000245.917, 176
Trd, 000246.017, 176
Trd, 000246.433, 176
Trd, 000246.817, 179
Trd, 000248.333, 179
Trd, 000248.567, 180
Trd, 000248.583, 183
Trd, 000249.000, 177
Trd, 000249.183, 172
Trd, 000249.200, 169
Trd, 000251.167, 174
Trd, 000251.483, 173
Trd, 000251.767, 174
Trd, 000251.850, 177
Trd, 000252.033, 177
Trd, 000252.633, 179
Trd, 000253.217, 178
Trd, 000253.867, 175
Trd, 000253.900, 174
Trd, 000254.300, 173
Trd, 000254.517, 178
Trd, 000255.233, 174
Trd, 000255.450, 173
Trd, 000255.633, 173
Trd, 000256.000, 174
Trd, 000257.650, 175
Trd, 000258.000, 171
Trd, 000258.267, 170
Trd, 000258.433, 159
Trd, 000258.717, 167
Trd, 000258.883, 159
Trd, 000259.700, 162
Trd, 000260.350, 165
Trd, 000260.383, 166
Trd, 000260.833, 170
Trd, 000261.033, 166
Trd, 000261.267, 174
Trd, 000261.683, 168
Trd, 000262.033, 171
Trd, 000262.533, 174
Trd, 000263.083, 173
Trd, 000263.817, 173
Trd, 000263.933, 177
Trd, 000264.450, 173
Trd, 000264.467, 173
Trd, 000264.483, 174
Trd, 000265.550, 175
Trd, 000265.850, 177
Trd, 000265.900, 181
Trd, 000266.717, 175
Trd, 000266.850, 182
Trd, 000266.900, 174
Trd, 000266.950, 184
Trd, 000267.683, 181
Trd, 000267.750, 180
Trd, 000267.967, 179
Trd, 000268.150, 175
Trd, 000268.833, 176
Trd, 000269.583, 177
Trd, 000269.700, 179
Trd, 000270.683, 181
Trd, 000271.083, 176
Trd, 000271.550, 176
Trd, 000272.400, 173
Trd, 000272.900, 179
Trd, 000273.017, 181
Trd, 000273.900, 176
Trd, 000273.933, 182
Trd, 000274.467, 179
Trd, 000274.533, 175
Trd, 000274.667, 175
Trd, 000275.317, 171
Trd, 000275.967, 173
Trd, 000276.783, 177
Trd, 000277.000, 178
Trd, 000277.333, 171
Trd, 000277.417, 175
Trd, 000278.150, 173
Trd, 000278.250, 161
Trd, 000278.450, 159
Trd, 000278.550, 158
Trd, 000278.933, 169
Trd, 000279.100, 162
Trd, 000279.383, 175
Trd, 000279.617, 159
Trd, 000279.633, 176
Trd, 000280.600, 174
Trd, 000280.700, 179
Trd, 000281.083, 183
Trd, 000281.483, 186
Trd, 000282.317, 189
Trd, 000283.133, 179
Trd, 000283.667, 180
Trd, 000283.867, 178
Trd, 000284.133, 177
Trd, 000284.183, 180
Trd, 000284.317, 176
Trd, 000284.500, 182
Trd, 000284.517, 172
Trd, 000284.733, 180
Trd, 000286.100, 181
Trd, 000286.867, 179
Trd, 000288.383, 182
Trd, 000288.483, 181
Trd, 000288.750, 181
Trd, 000289.133, 181
Trd, 000289.183, 183
Trd, 000289.350, 180
Trd, 000289.650, 187
Trd, 000290.000, 179
Trd, 000290.367, 193
Trd, 000290.683, 196
Trd, 000290.800, 181
Trd, 000291.117, 186
Trd, 000291.900, 191
Trd, 000292.000, 194
Trd, 000292.250, 179
Trd, 000292.300, 197
Trd, 000292.900, 194
Trd, 000293.083, 183
Trd, 000293.850, 200
Trd, 000294.117, 197
Trd, 000294.967, 184
Trd, 000295.033, 177
Trd, 000295.400, 165
Trd, 000295.750, 189
Trd, 000296.133, 163
Trd, 000296.583, 178
Trd, 000296.700, 175
Trd, 000296.817, 174
Trd, 000297.450, 174
Trd, 000297.467, 187
Trd, 000298.167, 186
Trd, 000298.533, 192
Trd, 000298.833, 178
Trd, 000298.933, 176
Trd, 000299.317, 182
Trd, 000299.450, 178
