Trd, 000001.450, 117
Trd, 000001.833, 128
Trd, 000003.083, 154
Trd, 000003.250, 154
Trd, 000003.450, 146
Trd, 000004.217, 131
Trd, 000004.267, 130
Trd, 000004.450, 134
Trd, 000004.967, 141
Trd, 000005.050, 155
Trd, 000006.133, 172
Trd, 000006.450, 155
Trd, 000007.100, 169
Trd, 000007.533, 143
Trd, 000007.633, 176
Trd, 000009.700, 152
Trd, 000009.833, 149
Trd, 000010.050, 149
Trd, 000010.533, 148
Trd, 000010.767, 153
Trd, 000010.933, 147
Trd, 000011.167, 151
Trd, 000011.833, 146
Trd, 000011.950, 135
Trd, 000012.650, 142
Trd, 000012.833, 144
Trd, 000013.200, 145
Trd, 000013.417, 147
Trd, 000014.317, 148
Trd, 000014.450, 141
Trd, 000015.150, 149
Trd, 000015.817, 150
Trd, 000016.117, 153
Trd, 000016.433, 159
Trd, 000016.933, 146
Trd, 000017.250, 152
Trd, 000018.317, 155
Trd, 000019.050, 143
Trd, 000019.567, 154
Trd, 000019.717, 153
Trd, 000020.233, 157
Trd, 000020.817, 161
Trd, 000021.333, 148
Trd, 000021.917, 150
Trd, 000021.950, 159
Trd, 000022.083, 144
Trd, 000022.183, 156
Trd, 000023.950, 154
Trd, 000024.067, 148
Trd, 000024.367, 148
Trd, 000024.850, 153
Trd, 000026.167, 147
Trd, 000026.350, 153
Trd, 000027.200, 154
Trd, 000028.833, 146
Trd, 000028.867, 151
Trd, 000029.150, 151
Trd, 000029.333, 154
Trd, 000029.567, 140
Trd, 000029.683, 154
Trd, 000030.683, 155
Trd, 000030.817, 152
Trd, 000031.150, 158
Trd, 000031.550, 156
Trd, 000031.583, 159
Trd, 000031.950, 162
Trd, 000032.050, 165
Trd, 000032.733, 154
Trd, 000032.867, 171
Trd, 000033.733, 156
Trd, 000034.450, 156
Trd, 000035.633, 157
Trd, 000036.800, 159
Trd, 000036.817, 155
Trd, 000036.933, 159
Trd, 000038.017, 151
Trd, 000038.083, 159
Trd, 000038.117, 160
Trd, 000039.267, 161
Trd, 000040.067, 152
Trd, 000040.717, 159
Trd, 000041.150, 156
Trd, 000041.383, 160
Trd, 000042.033, 155
Trd, 000042.983, 155
Trd, 000043.283, 155
Trd, 000043.450, 157
Trd, 000043.833, 153
Trd, 000044.000, 157
Trd, 000044.050, 153
Trd, 000044.983, 157
Trd, 000045.717, 157
Trd, 000046.433, 158
Trd, 000046.983, 155
Trd, 000047.283, 152
Trd, 000047.517, 157
Trd, 000047.567, 147
Trd, 000047.800, 138
Trd, 000047.883, 165
Trd, 000048.283, 159
Trd, 000049.167, 155
Trd, 000050.050, 153
Trd, 000050.900, 154
Trd, 000051.533, 154
Trd, 000052.167, 151
Trd, 000052.900, 151
Trd, 000052.933, 153
Trd, 000053.217, 153
Trd, 000053.633, 156
Trd, 000053.700, 151
Trd, 000054.400, 155
Trd, 000054.533, 160
Trd, 000054.850, 167
Trd, 000055.767, 161
Trd, 000055.883, 157
Trd, 000057.250, 154
Trd, 000057.517, 155
Trd, 000057.683, 154
Trd, 000057.700, 159
Trd, 000057.750, 149
Trd, 000057.983, 159
Trd, 000058.467, 148
Trd, 000058.583, 180
Trd, 000058.667, 143
Trd, 000059.400, 160
Trd, 000060.033, 158
Trd, 000060.350, 160
Trd, 000060.733, 157
Trd, 000060.950, 161
Trd, 000060.983, 168
Trd, 000061.550, 158
Trd, 000062.750, 156
Trd, 000064.667, 158
Trd, 000064.767, 158
Trd, 000065.267, 157
Trd, 000065.417, 159
Trd, 000065.650, 145
Trd, 000065.817, 158
Trd, 000066.400, 155
Trd, 000067.217, 156
Trd, 000067.283, 154
Trd, 000067.433, 158
Trd, 000069.083, 153
Trd, 000069.367, 152
Trd, 000070.050, 155
Trd, 000070.300, 154
Trd, 000071.333, 154
Trd, 000071.650, 155
Trd, 000071.683, 151
Trd, 000071.900, 150
Trd, 000072.200, 144
Trd, 000072.567, 155
Trd, 000072.933, 157
Trd, 000073.250, 150
Trd, 000074.350, 155
Trd, 000074.617, 155
Trd, 000074.650, 156
Trd, 000075.267, 150
Trd, 000075.283, 158
Trd, 000076.133, 152
Trd, 000076.600, 154
Trd, 000077.317, 157
Trd, 000077.367, 151
Trd, 000077.383, 163
Trd, 000078.517, 170
Trd, 000078.967, 159
Trd, 000079.467, 156
Trd, 000080.567, 158
Trd, 000080.583, 159
Trd, 000080.850, 159
Trd, 000080.933, 154
Trd, 000082.317, 156
Trd, 000082.383, 157
Trd, 000082.967, 158
Trd, 000083.817, 157
Trd, 000083.950, 159
Trd, 000083.983, 156
Trd, 000084.283, 159
Trd, 000084.800, 159
Trd, 000084.933, 142
Trd, 000085.067, 165
Trd, 000085.283, 165
Trd, 000087.100, 153
Trd, 000088.200, 152
Trd, 000088.850, 150
Trd, 000088.983, 160
Trd, 000089.650, 158
Trd, 000089.717, 159
Trd, 000090.033, 161
Trd, 000090.533, 164
Trd, 000091.067, 157
Trd, 000091.733, 157
Trd, 000092.117, 155
Trd, 000093.567, 162
Trd, 000093.633, 164
Trd, 000093.817, 152
Trd, 000094.333, 159
Trd, 000094.633, 160
Trd, 000095.683, 157
Trd, 000095.783, 156
Trd, 000095.917, 152
Trd, 000095.950, 146
Trd, 000096.083, 160
Trd, 000096.933, 161
Trd, 000098.183, 158
Trd, 000098.267, 156
Trd, 000099.567, 161
Trd, 000099.617, 154
Trd, 000099.667, 154
Trd, 000099.950, 161
Trd, 000100.583, 162
Trd, 000101.667, 162
Trd, 000102.233, 161
Trd, 000103.067, 163
Trd, 000103.333, 157
Trd, 000104.000, 162
Trd, 000105.683, 158
Trd, 000105.850, 157
Trd, 000106.133, 158
Trd, 000107.783, 160
Trd, 000108.467, 148
Trd, 000108.617, 155
Trd, 000108.767, 142
Trd, 000108.783, 158
Trd, 000109.217, 159
Trd, 000109.600, 152
Trd, 000109.917, 153
Trd, 000110.267, 156
Trd, 000110.733, 166
Trd, 000111.600, 159
Trd, 000112.167, 160
Trd, 000113.600, 161
Trd, 000113.700, 162
Trd, 000113.800, 155
Trd, 000113.883, 162
Trd, 000114.067, 164
Trd, 000115.150, 159
Trd, 000115.600, 161
Trd, 000115.633, 156
Trd, 000115.800, 156
Trd, 000115.983, 163
Trd, 000116.233, 166
Trd, 000116.283, 148
Trd, 000117.900, 160
Trd, 000118.017, 163
Trd, 000118.217, 164
Trd, 000118.583, 156
Trd, 000118.733, 163
Trd, 000118.983, 171
Trd, 000119.717, 155
Trd, 000120.083, 170
Trd, 000120.700, 163
Trd, 000122.233, 170
Trd, 000123.250, 163
Trd, 000123.533, 161
Trd, 000124.017, 160
Trd, 000125.067, 160
Trd, 000125.383, 162
Trd, 000125.583, 163
Trd, 000125.617, 163
Trd, 000126.233, 149
Trd, 000126.367, 147
Trd, 000127.467, 157
Trd, 000128.117, 156
Trd, 000128.433, 157
Trd, 000129.450, 157
Trd, 000129.667, 154
Trd, 000129.983, 157
Trd, 000130.067, 157
Trd, 000130.250, 157
Trd, 000130.650, 158
Trd, 000131.633, 154
Trd, 000132.233, 153
Trd, 000132.367, 159
Trd, 000132.800, 154
Trd, 000133.417, 152
Trd, 000133.450, 152
Trd, 000133.983, 154
Trd, 000136.083, 155
Trd, 000136.183, 155
Trd, 000136.350, 156
Trd, 000136.633, 157
Trd, 000136.967, 159
Trd, 000137.650, 151
Trd, 000138.050, 157
Trd, 000138.067, 158
Trd, 000138.650, 158
Trd, 000139.400, 167
Trd, 000140.067, 165
Trd, 000140.500, 174
Trd, 000140.550, 155
Trd, 000141.300, 163
Trd, 000141.467, 156
Trd, 000141.800, 176
Trd, 000142.117, 165
Trd, 000142.250, 151
Trd, 000143.283, 168
Trd, 000144.983, 165
Trd, 000146.567, 162
Trd, 000146.650, 164
Trd, 000147.483, 163
Trd, 000148.100, 161
Trd, 000148.950, 165
Trd, 000149.067, 161
Trd, 000149.817, 169
Trd, 000150.000, 163
Trd, 000150.667, 167
Trd, 000150.783, 166
Trd, 000151.100, 167
Trd, 000151.533, 165
Trd, 000152.367, 165
Trd, 000152.767, 163
Trd, 000152.900, 167
Trd, 000152.917, 159
Trd, 000152.933, 169
Trd, 000153.917, 168
Trd, 000154.367, 158
Trd, 000154.700, 168
Trd, 000154.833, 170
Trd, 000155.233, 163
Trd, 000155.733, 159
Trd, 000155.900, 146
Trd, 000156.283, 155
Trd, 000156.700, 162
Trd, 000157.267, 160
Trd, 000159.500, 158
Trd, 000159.567, 161
Trd, 000159.633, 162
Trd, 000160.567, 163
Trd, 000160.617, 164
Trd, 000160.933, 158
Trd, 000161.133, 164
Trd, 000161.400, 166
Trd, 000161.450, 171
Trd, 000161.700, 154
Trd, 000162.317, 168
Trd, 000163.250, 167
Trd, 000163.700, 157
Trd, 000164.150, 167
Trd, 000164.283, 181
Trd, 000165.400, 169
Trd, 000165.583, 171
Trd, 000166.883, 171
Trd, 000166.917, 169
Trd, 000167.033, 164
Trd, 000167.450, 171
Trd, 000168.717, 170
Trd, 000169.400, 171
Trd, 000169.717, 168
Trd, 000170.500, 169
Trd, 000170.950, 170
Trd, 000171.350, 167
Trd, 000171.883, 168
Trd, 000172.483, 169
Trd, 000173.317, 169
Trd, 000173.483, 170
Trd, 000174.633, 168
Trd, 000175.450, 169
Trd, 000175.950, 169
Trd, 000176.333, 167
Trd, 000176.533, 167
Trd, 000176.600, 167
Trd, 000176.950, 165
Trd, 000177.900, 167
Trd, 000178.333, 170
Trd, 000179.317, 165
Trd, 000179.750, 161
Trd, 000180.083, 169
Trd, 000180.917, 165
Trd, 000181.017, 166
Trd, 000181.833, 167
Trd, 000182.083, 167
Trd, 000182.450, 168
Trd, 000183.650, 163
Trd, 000183.967, 162
Trd, 000184.500, 155
Trd, 000185.300, 160
Trd, 000185.650, 153
Trd, 000186.067, 167
Trd, 000186.467, 166
Trd, 000187.333, 164
Trd, 000187.383, 166
Trd, 000187.667, 167
Trd, 000187.833, 162
Trd, 000187.900, 159
Trd, 000187.917, 173
Trd, 000188.017, 169
Trd, 000188.183, 173
Trd, 000189.533, 179
Trd, 000190.050, 172
Trd, 000191.300, 172
Trd, 000191.533, 175
Trd, 000191.550, 170
Trd, 000193.233, 173
Trd, 000194.050, 172
Trd, 000194.150, 171
Trd, 000194.183, 170
Trd, 000194.967, 172
Trd, 000195.067, 168
Trd, 000195.150, 173
Trd, 000196.950, 168
Trd, 000198.317, 170
Trd, 000198.383, 171
Trd, 000198.567, 171
Trd, 000199.083, 168
Trd, 000199.400, 168
Trd, 000199.617, 170
Trd, 000199.817, 175
Trd, 000199.850, 162
Trd, 000200.033, 182
Trd, 000201.083, 176
Trd, 000201.733, 168
Trd, 000202.500, 166
Trd, 000203.183, 163
Trd, 000203.217, 167
Trd, 000203.300, 170
Trd, 000203.433, 173
Trd, 000203.783, 163
Trd, 000204.517, 168
Trd, 000204.750, 168
Trd, 000205.033, 169
Trd, 000205.950, 168
Trd, 000206.217, 163
Trd, 000206.350, 167
Trd, 000206.683, 162
Trd, 000206.800, 162
Trd, 000207.950, 164
Trd, 000208.267, 167
Trd, 000208.700, 171
Trd, 000209.933, 171
Trd, 000210.583, 169
Trd, 000210.817, 172
Trd, 000211.750, 176
Trd, 000212.650, 179
Trd, 000212.917, 172
Trd, 000212.967, 170
Trd, 000213.017, 180
Trd, 000213.133, 167
Trd, 000213.783, 167
Trd, 000214.783, 167
Trd, 000215.100, 167
Trd, 000215.183, 174
Trd, 000216.267, 174
Trd, 000216.717, 174
Trd, 000217.517, 173
Trd, 000217.550, 167
Trd, 000217.933, 173
Trd, 000218.983, 173
Trd, 000219.033, 170
Trd, 000220.117, 174
Trd, 000220.417, 177
Trd, 000220.433, 177
Trd, 000220.517, 169
Trd, 000221.117, 180
Trd, 000221.150, 181
Trd, 000221.167, 168
Trd, 000221.217, 184
Trd, 000221.350, 165
Trd, 000221.467, 197
Trd, 000221.917, 157
Trd, 000222.367, 156
Trd, 000222.917, 181
Trd, 000223.717, 173
Trd, 000225.400, 178
Trd, 000226.250, 177
Trd, 000226.583, 170
Trd, 000226.933, 173
Trd, 000227.117, 176
Trd, 000227.733, 174
Trd, 000229.550, 178
Trd, 000229.650, 174
Trd, 000230.983, 176
Trd, 000231.183, 174
Trd, 000231.650, 175
Trd, 000232.150, 173
Trd, 000232.233, 173
Trd, 000232.500, 172
Trd, 000232.550, 176
Trd, 000232.967, 171
Trd, 000233.150, 167
Trd, 000233.867, 176
Trd, 000234.600, 178
Trd, 000235.483, 171
Trd, 000236.083, 178
Trd, 000236.633, 178
Trd, 000237.017, 174
Trd, 000238.017, 175
Trd, 000240.200, 177
Trd, 000240.250, 176
Trd, 000240.667, 177
Trd, 000240.967, 172
Trd, 000241.217, 172
Trd, 000241.833, 172
Trd, 000241.933, 177
Trd, 000242.783, 176
Trd, 000242.850, 176
Trd, 000243.117, 167
Trd, 000243.167, 174
Trd, 000243.417, 176
Trd, 000243.950, 161
Trd, 000244.067, 171
Trd, 000244.817, 164
Trd, 000245.467, 167
Trd, 000245.700, 171
Trd, 000245.850, 172
Trd, 000246.067, 173
Trd, 000247.267, 172
Trd, 000247.683, 172
Trd, 000248.150, 173
Trd, 000248.850, 169
Trd, 000248.867, 167
Trd, 000249.033, 172
Trd, 000249.083, 172
Trd, 000249.317, 174
Trd, 000249.400, 175
Trd, 000251.250, 167
Trd, 000251.500, 167
Trd, 000251.950, 172
Trd, 000251.983, 173
Trd, 000252.283, 174
Trd, 000253.067, 168
Trd, 000253.317, 173
Trd, 000253.383, 179
Trd, 000254.333, 175
Trd, 000254.717, 167
Trd, 000255.250, 172
Trd, 000255.950, 170
Trd, 000256.083, 168
Trd, 000256.150, 173
Trd, 000256.183, 176
Trd, 000256.267, 162
Trd, 000256.467, 160
Trd, 000257.250, 182
Trd, 000257.850, 176
Trd, 000258.500, 178
Trd, 000258.700, 177
Trd, 000258.817, 180
Trd, 000258.967, 181
Trd, 000261.000, 176
Trd, 000261.283, 172
Trd, 000261.417, 171
Trd, 000262.300, 176
Trd, 000262.833, 175
Trd, 000262.867, 174
Trd, 000262.933, 172
Trd, 000263.483, 175
Trd, 000263.867, 171
Trd, 000264.217, 175
Trd, 000264.467, 169
Trd, 000265.300, 175
Trd, 000265.950, 175
Trd, 000266.100, 175
Trd, 000266.550, 171
Trd, 000266.667, 173
Trd, 000266.767, 178
Trd, 000267.433, 164
Trd, 000267.733, 158
Trd, 000268.300, 168
Trd, 000268.850, 169
Trd, 000269.083, 168
Trd, 000269.133, 173
Trd, 000269.200, 175
Trd, 000270.817, 172
Trd, 000271.333, 168
Trd, 000271.583, 168
Trd, 000272.467, 172
Trd, 000273.167, 174
Trd, 000273.833, 169
Trd, 000274.533, 173
Trd, 000275.117, 175
Trd, 000275.250, 168
Trd, 000275.883, 173
Trd, 000276.017, 169
Trd, 000276.217, 174
Trd, 000276.300, 168
Trd, 000276.867, 164
Trd, 000277.000, 169
Trd, 000277.317, 168
Trd, 000277.817, 175
Trd, 000278.517, 176
Trd, 000279.283, 175
Trd, 000279.783, 178
Trd, 000280.033, 170
Trd, 000280.233, 169
Trd, 000280.533, 168
Trd, 000280.567, 165
Trd, 000280.883, 176
Trd, 000281.217, 183
Trd, 000281.750, 176
Trd, 000282.600, 171
Trd, 000282.933, 168
Trd, 000283.150, 174
Trd, 000283.817, 174
Trd, 000284.150, 176
Trd, 000284.250, 179
Trd, 000284.867, 190
Trd, 000284.917, 185
Trd, 000285.117, 177
Trd, 000286.150, 180
Trd, 000287.150, 178
Trd, 000287.350, 181
Trd, 000288.617, 179
Trd, 000288.683, 180
Trd, 000289.600, 179
Trd, 000289.750, 178
Trd, 000290.083, 181
Trd, 000290.500, 177
Trd, 000290.950, 171
Trd, 000291.050, 185
Trd, 000291.133, 174
Trd, 000291.433, 165
Trd, 000291.733, 163
Trd, 000292.533, 180
Trd, 000292.917, 163
Trd, 000292.967, 165
Trd, 000293.150, 165
Trd, 000293.283, 170
Trd, 000293.367, 158
Trd, 000294.400, 173
Trd, 000294.500, 175
Trd, 000294.800, 170
Trd, 000295.417, 172
Trd, 000296.117, 173
Trd, 000296.600, 181
Trd, 000297.017, 183
Trd, 000297.150, 166
Trd, 000297.500, 185
Trd, 000297.833, 187
Trd, 000298.117, 190
Trd, 000298.667, 185
Trd, 000298.800, 191
Trd, 000299.650, 181
Trd, 000299.800, 183
