Trd, 000000.450, 144
Trd, 000002.333, 144
Trd, 000002.517, 145
Trd, 000002.800, 145
Trd, 000004.233, 168
Trd, 000004.550, 162
Trd, 000004.733, 163
Trd, 000005.500, 173
Trd, 000006.383, 164
Trd, 000007.133, 164
Trd, 000007.517, 165
Trd, 000007.567, 164
Trd, 000008.883, 165
Trd, 000009.683, 163
Trd, 000010.267, 165
Trd, 000010.617, 166
Trd, 000010.667, 165
Trd, 000011.050, 164
Trd, 000011.383, 163
Trd, 000012.683, 163
Trd, 000012.800, 165
Trd, 000014.067, 162
Trd, 000014.567, 167
Trd, 000015.517, 162
Trd, 000016.200, 165
Trd, 000017.250, 165
Trd, 000017.433, 167
Trd, 000018.567, 167
Trd, 000019.383, 167
Trd, 000019.433, 169
Trd, 000019.567, 169
Trd, 000020.367, 174
Trd, 000020.900, 169
Trd, 000021.050, 168
Trd, 000021.067, 168
Trd, 000021.650, 177
Trd, 000022.833, 170
Trd, 000023.250, 168
Trd, 000023.483, 168
Trd, 000023.700, 166
Trd, 000024.900, 164
Trd, 000025.333, 165
Trd, 000025.533, 164
Trd, 000025.983, 164
Trd, 000026.717, 164
Trd, 000027.367, 163
Trd, 000027.600, 163
Trd, 000028.150, 158
Trd, 000028.750, 156
Trd, 000029.183, 155
Trd, 000029.683, 155
Trd, 000029.717, 154
Trd, 000029.983, 153
Trd, 000030.517, 157
Trd, 000031.717, 159
Trd, 000031.917, 154
Trd, 000033.600, 160
Trd, 000034.583, 160
Trd, 000034.867, 162
Trd, 000034.900, 164
Trd, 000035.050, 165
Trd, 000037.100, 159
Trd, 000038.517, 159
Trd, 000038.600, 160
Trd, 000038.950, 160
Trd, 000039.600, 160
Trd, 000040.617, 164
Trd, 000041.600, 164
Trd, 000042.450, 162
Trd, 000042.783, 162
Trd, 000043.017, 162
Trd, 000043.117, 163
Trd, 000043.150, 161
Trd, 000044.250, 175
Trd, 000044.767, 168
Trd, 000045.433, 168
Trd, 000045.467, 168
Trd, 000045.650, 167
Trd, 000045.900, 158
Trd, 000046.933, 180
Trd, 000047.833, 167
Trd, 000048.733, 167
Trd, 000048.833, 167
Trd, 000048.850, 164
Trd, 000048.950, 168
Trd, 000049.600, 166
Trd, 000052.717, 165
Trd, 000052.733, 167
Trd, 000053.083, 166
Trd, 000053.217, 164
Trd, 000053.550, 166
Trd, 000054.133, 163
Trd, 000055.417, 164
Trd, 000055.750, 165
Trd, 000056.117, 166
Trd, 000057.067, 167
Trd, 000058.400, 167
Trd, 000059.867, 167
Trd, 000060.250, 168
Trd, 000061.083, 165
Trd, 000061.267, 165
Trd, 000061.383, 166
Trd, 000061.933, 164
Trd, 000062.583, 168
Trd, 000063.383, 167
Trd, 000063.650, 166
Trd, 000064.250, 168
Trd, 000065.233, 170
Trd, 000065.383, 169
Trd, 000066.283, 168
Trd, 000067.450, 169
Trd, 000068.617, 175
Trd, 000068.833, 171
Trd, 000069.267, 170
Trd, 000069.767, 173
Trd, 000070.017, 172
Trd, 000071.567, 170
Trd, 000071.800, 169
Trd, 000071.883, 171
Trd, 000071.900, 169
Trd, 000072.700, 172
Trd, 000073.283, 172
Trd, 000073.300, 172
Trd, 000075.783, 173
Trd, 000076.650, 174
Trd, 000077.217, 176
Trd, 000077.867, 175
Trd, 000078.033, 175
Trd, 000078.083, 176
Trd, 000078.650, 174
Trd, 000078.817, 175
Trd, 000079.333, 172
Trd, 000079.633, 170
Trd, 000079.717, 174
Trd, 000080.717, 183
Trd, 000081.333, 174
Trd, 000081.767, 173
Trd, 000083.400, 174
Trd, 000084.750, 175
Trd, 000085.217, 174
Trd, 000085.283, 174
Trd, 000086.167, 174
Trd, 000086.600, 174
Trd, 000086.683, 173
Trd, 000087.083, 170
Trd, 000087.233, 172
Trd, 000088.367, 172
Trd, 000089.633, 171
Trd, 000089.650, 172
Trd, 000089.950, 171
Trd, 000090.000, 172
Trd, 000090.517, 165
Trd, 000091.083, 167
Trd, 000091.300, 167
Trd, 000092.383, 171
Trd, 000093.700, 168
Trd, 000093.917, 168
Trd, 000094.133, 168
Trd, 000094.567, 169
Trd, 000095.367, 168
Trd, 000095.967, 180
Trd, 000096.083, 178
Trd, 000096.850, 178
Trd, 000097.317, 177
Trd, 000098.783, 177
Trd, 000098.817, 176
Trd, 000099.400, 174
Trd, 000099.600, 177
Trd, 000100.133, 175
Trd, 000101.733, 176
Trd, 000102.367, 175
Trd, 000102.467, 174
Trd, 000102.783, 177
Trd, 000103.933, 176
Trd, 000104.117, 177
Trd, 000104.650, 178
Trd, 000105.450, 175
Trd, 000106.767, 175
Trd, 000107.083, 175
Trd, 000107.200, 174
Trd, 000108.450, 173
Trd, 000109.533, 172
Trd, 000109.950, 173
Trd, 000110.183, 172
Trd, 000110.917, 174
Trd, 000111.083, 174
Trd, 000111.167, 172
Trd, 000112.167, 175
Trd, 000112.567, 178
Trd, 000113.117, 178
Trd, 000113.483, 177
Trd, 000114.283, 175
Trd, 000114.700, 174
Trd, 000115.100, 173
Trd, 000115.367, 172
Trd, 000115.500, 171
Trd, 000117.317, 170
Trd, 000117.467, 170
Trd, 000117.767, 172
Trd, 000118.033, 171
Trd, 000118.583, 172
Trd, 000119.717, 174
Trd, 000120.133, 173
Trd, 000120.400, 174
Trd, 000120.750, 176
Trd, 000121.717, 175
Trd, 000122.050, 171
Trd, 000122.233, 174
Trd, 000123.100, 181
Trd, 000125.650, 180
Trd, 000126.350, 179
Trd, 000126.917, 179
Trd, 000127.217, 178
Trd, 000127.750, 176
Trd, 000128.333, 176
Trd, 000128.767, 175
Trd, 000128.983, 178
Trd, 000129.167, 175
Trd, 000130.000, 176
Trd, 000130.450, 175
Trd, 000130.867, 171
Trd, 000131.367, 170
Trd, 000132.400, 173
Trd, 000132.667, 175
Trd, 000133.067, 175
Trd, 000134.267, 176
Trd, 000134.817, 175
Trd, 000135.633, 173
Trd, 000136.050, 172
Trd, 000136.150, 173
Trd, 000136.383, 173
Trd, 000136.850, 175
Trd, 000137.400, 172
Trd, 000138.167, 176
Trd, 000139.133, 184
Trd, 000139.833, 177
Trd, 000140.500, 179
Trd, 000141.050, 179
Trd, 000141.067, 177
Trd, 000142.217, 177
Trd, 000142.450, 177
Trd, 000142.700, 178
Trd, 000142.867, 176
Trd, 000143.267, 176
Trd, 000143.883, 176
Trd, 000144.483, 175
Trd, 000144.833, 175
Trd, 000144.883, 176
Trd, 000146.567, 166
Trd, 000147.250, 165
Trd, 000148.000, 166
Trd, 000148.267, 165
Trd, 000148.583, 169
Trd, 000148.633, 165
Trd, 000148.983, 163
Trd, 000150.050, 167
Trd, 000150.183, 170
Trd, 000150.883, 177
Trd, 000151.583, 163
Trd, 000152.833, 180
Trd, 000152.950, 179
Trd, 000153.233, 180
Trd, 000153.417, 181
Trd, 000154.233, 179
Trd, 000154.883, 180
Trd, 000155.917, 179
Trd, 000156.283, 178
Trd, 000156.633, 178
Trd, 000156.717, 176
Trd, 000157.817, 175
Trd, 000158.317, 173
Trd, 000158.367, 174
Trd, 000159.733, 172
Trd, 000160.767, 171
Trd, 000161.033, 171
Trd, 000161.217, 173
Trd, 000161.417, 173
Trd, 000162.133, 168
Trd, 000164.300, 172
Trd, 000165.150, 169
Trd, 000165.567, 170
Trd, 000166.050, 172
Trd, 000166.483, 170
Trd, 000166.950, 170
Trd, 000167.017, 170
Trd, 000167.600, 171
Trd, 000168.733, 172
Trd, 000169.050, 172
Trd, 000169.750, 173
Trd, 000170.950, 172
Trd, 000171.150, 170
Trd, 000171.817, 172
Trd, 000172.150, 170
Trd, 000172.400, 171
Trd, 000173.000, 169
Trd, 000173.633, 168
Trd, 000174.183, 169
Trd, 000174.267, 192
Trd, 000175.667, 169
Trd, 000176.000, 168
Trd, 000177.667, 171
Trd, 000177.933, 172
Trd, 000178.717, 172
Trd, 000179.717, 171
Trd, 000179.817, 170
Trd, 000179.933, 170
Trd, 000180.617, 170
Trd, 000180.767, 169
Trd, 000181.150, 172
Trd, 000181.383, 180
Trd, 000181.750, 169
Trd, 000184.317, 182
Trd, 000184.617, 181
Trd, 000185.683, 181
Trd, 000185.883, 183
Trd, 000186.117, 181
Trd, 000186.200, 181
Trd, 000186.317, 180
Trd, 000186.567, 180
Trd, 000186.900, 181
Trd, 000187.133, 180
Trd, 000187.283, 186
Trd, 000188.183, 198
Trd, 000188.433, 185
Trd, 000189.983, 193
Trd, 000190.267, 191
Trd, 000190.450, 190
Trd, 000191.500, 189
Trd, 000191.583, 188
Trd, 000192.600, 188
Trd, 000192.967, 187
Trd, 000193.017, 186
Trd, 000193.983, 185
Trd, 000194.167, 188
Trd, 000194.567, 184
Trd, 000195.350, 185
Trd, 000195.617, 185
Trd, 000197.517, 183
Trd, 000198.500, 183
Trd, 000199.283, 183
Trd, 000199.533, 184
Trd, 000199.833, 185
Trd, 000200.500, 181
Trd, 000201.233, 183
Trd, 000201.383, 183
Trd, 000201.633, 182
Trd, 000202.450, 183
Trd, 000204.117, 182
Trd, 000205.333, 184
Trd, 000205.550, 182
Trd, 000206.233, 182
Trd, 000206.683, 182
Trd, 000206.983, 181
Trd, 000207.933, 182
Trd, 000208.067, 182
Trd, 000208.333, 178
Trd, 000210.700, 181
Trd, 000211.517, 181
Trd, 000212.050, 180
Trd, 000212.100, 181
Trd, 000212.467, 180
Trd, 000212.717, 179
Trd, 000212.933, 178
Trd, 000213.850, 180
Trd, 000214.867, 180
Trd, 000215.417, 179
Trd, 000215.433, 180
Trd, 000217.733, 180
Trd, 000218.233, 182
Trd, 000218.633, 179
Trd, 000218.650, 179
Trd, 000218.767, 182
Trd, 000219.733, 179
Trd, 000219.950, 180
Trd, 000220.133, 181
Trd, 000221.067, 179
Trd, 000221.150, 178
Trd, 000221.167, 184
Trd, 000221.683, 183
Trd, 000221.867, 197
Trd, 000222.400, 178
Trd, 000223.933, 184
Trd, 000224.200, 183
Trd, 000224.633, 184
Trd, 000224.650, 183
Trd, 000225.083, 182
Trd, 000225.117, 181
Trd, 000225.333, 178
Trd, 000226.300, 184
Trd, 000227.533, 181
Trd, 000227.633, 184
Trd, 000228.100, 184
Trd, 000228.133, 183
Trd, 000228.733, 184
Trd, 000229.867, 196
Trd, 000230.300, 187
Trd, 000230.583, 185
Trd, 000231.217, 185
Trd, 000231.250, 187
Trd, 000231.717, 185
Trd, 000232.817, 184
Trd, 000233.183, 184
Trd, 000233.683, 184
Trd, 000233.717, 185
Trd, 000234.233, 185
Trd, 000235.483, 185
Trd, 000236.033, 185
Trd, 000236.233, 184
Trd, 000236.933, 185
Trd, 000236.950, 182
Trd, 000238.633, 185
Trd, 000238.833, 186
Trd, 000239.200, 189
Trd, 000239.783, 185
Trd, 000240.033, 184
Trd, 000240.083, 184
Trd, 000240.217, 184
Trd, 000240.383, 175
Trd, 000240.900, 183
Trd, 000240.967, 182
Trd, 000241.550, 170
Trd, 000242.133, 180
Trd, 000242.333, 183
Trd, 000242.383, 179
Trd, 000243.383, 178
Trd, 000243.750, 175
Trd, 000244.950, 177
Trd, 000245.517, 175
Trd, 000245.917, 176
Trd, 000246.817, 174
Trd, 000247.367, 174
Trd, 000247.767, 173
Trd, 000247.783, 175
Trd, 000248.133, 172
Trd, 000248.667, 175
Trd, 000249.450, 179
Trd, 000250.367, 174
Trd, 000250.983, 175
Trd, 000251.483, 174
Trd, 000251.517, 174
Trd, 000251.717, 173
Trd, 000251.967, 174
Trd, 000252.550, 174
Trd, 000253.117, 174
Trd, 000253.250, 173
Trd, 000254.100, 175
Trd, 000254.417, 175
Trd, 000255.067, 176
Trd, 000256.033, 176
Trd, 000257.150, 174
Trd, 000257.483, 174
Trd, 000257.900, 177
Trd, 000258.233, 181
Trd, 000258.833, 176
Trd, 000258.967, 174
Trd, 000259.350, 174
Trd, 000259.967, 175
Trd, 000261.150, 176
Trd, 000261.833, 175
Trd, 000261.983, 176
Trd, 000262.167, 177
Trd, 000263.133, 178
Trd, 000263.350, 175
Trd, 000263.767, 176
Trd, 000264.267, 175
Trd, 000264.417, 176
Trd, 000265.233, 174
Trd, 000265.550, 175
Trd, 000266.200, 174
Trd, 000266.517, 174
Trd, 000267.217, 174
Trd, 000267.250, 175
Trd, 000267.483, 175
Trd, 000268.350, 177
Trd, 000268.550, 175
Trd, 000269.100, 184
Trd, 000270.767, 178
Trd, 000270.933, 178
Trd, 000271.267, 179
Trd, 000271.450, 178
Trd, 000271.567, 181
Trd, 000271.717, 181
Trd, 000272.883, 178
Trd, 000273.300, 183
Trd, 000273.833, 180
Trd, 000274.100, 184
Trd, 000274.350, 183
Trd, 000275.383, 187
Trd, 000275.400, 185
Trd, 000275.517, 184
Trd, 000275.617, 183
Trd, 000275.850, 182
Trd, 000276.467, 182
Trd, 000276.833, 183
Trd, 000277.267, 182
Trd, 000278.150, 178
Trd, 000279.017, 182
Trd, 000279.233, 181
Trd, 000279.550, 181
Trd, 000279.600, 180
Trd, 000280.233, 172
Trd, 000280.850, 181
Trd, 000281.033, 182
Trd, 000281.617, 178
Trd, 000282.467, 182
Trd, 000283.067, 180
Trd, 000283.950, 181
Trd, 000284.150, 186
Trd, 000284.233, 190
Trd, 000285.017, 184
Trd, 000285.500, 183
Trd, 000285.917, 185
Trd, 000286.167, 182
Trd, 000287.417, 185
Trd, 000287.483, 184
Trd, 000287.633, 185
Trd, 000288.500, 183
Trd, 000288.750, 182
Trd, 000288.800, 184
Trd, 000289.650, 180
Trd, 000290.583, 181
Trd, 000290.833, 181
Trd, 000291.400, 180
Trd, 000291.667, 182
Trd, 000291.933, 177
Trd, 000291.950, 177
Trd, 000293.183, 179
Trd, 000293.367, 178
Trd, 000294.417, 179
Trd, 000294.467, 177
Trd, 000295.333, 178
Trd, 000295.567, 179
Trd, 000295.883, 177
Trd, 000296.117, 186
Trd, 000296.850, 179
Trd, 000297.417, 180
Trd, 000297.483, 191
Trd, 000297.800, 201
Trd, 000297.883, 179
Trd, 000299.367, 181
