Trd, 000001.617, 200
Trd, 000001.967, 146
Trd, 000002.433, 162
Trd, 000002.500, 120
Trd, 000003.000, 174
Trd, 000003.617, 175
Trd, 000005.017, 151
Trd, 000005.583, 152
Trd, 000005.950, 173
Trd, 000006.567, 172
Trd, 000006.900, 173
Trd, 000007.300, 161
Trd, 000008.000, 159
Trd, 000009.617, 159
Trd, 000009.733, 160
Trd, 000009.750, 160
Trd, 000010.650, 163
Trd, 000011.300, 162
Trd, 000011.417, 160
Trd, 000011.633, 155
Trd, 000011.917, 162
Trd, 000012.367, 154
Trd, 000012.983, 157
Trd, 000013.150, 159
Trd, 000015.050, 152
Trd, 000015.700, 149
Trd, 000017.117, 149
Trd, 000017.867, 150
Trd, 000018.017, 151
Trd, 000018.883, 150
Trd, 000019.483, 155
Trd, 000019.967, 175
Trd, 000020.367, 175
Trd, 000020.583, 175
Trd, 000020.683, 163
Trd, 000022.150, 162
Trd, 000023.250, 161
Trd, 000024.300, 160
Trd, 000024.400, 151
Trd, 000024.683, 157
Trd, 000024.783, 161
Trd, 000024.833, 162
Trd, 000025.200, 146
Trd, 000025.633, 160
Trd, 000025.667, 149
Trd, 000025.850, 149
Trd, 000026.033, 162
Trd, 000026.150, 164
Trd, 000027.700, 151
Trd, 000029.083, 151
Trd, 000029.533, 160
Trd, 000030.750, 155
Trd, 000031.283, 155
Trd, 000031.583, 155
Trd, 000032.017, 154
Trd, 000032.700, 157
Trd, 000032.983, 155
Trd, 000033.600, 155
Trd, 000033.650, 154
Trd, 000033.983, 156
Trd, 000034.433, 158
Trd, 000035.383, 166
Trd, 000036.117, 169
Trd, 000036.633, 156
Trd, 000036.767, 155
Trd, 000037.067, 156
Trd, 000037.917, 151
Trd, 000038.017, 149
Trd, 000038.150, 149
Trd, 000038.317, 148
Trd, 000039.183, 149
Trd, 000040.017, 147
Trd, 000040.050, 152
Trd, 000041.600, 150
Trd, 000041.783, 151
Trd, 000042.333, 154
Trd, 000042.583, 159
Trd, 000042.650, 151
Trd, 000042.967, 166
Trd, 000043.267, 150
Trd, 000043.317, 149
Trd, 000044.167, 149
Trd, 000044.317, 148
Trd, 000046.750, 153
Trd, 000047.650, 157
Trd, 000048.617, 165
Trd, 000049.117, 164
Trd, 000049.267, 164
Trd, 000049.683, 167
Trd, 000049.767, 169
Trd, 000049.933, 161
Trd, 000051.150, 165
Trd, 000051.867, 164
Trd, 000052.800, 165
Trd, 000052.950, 163
Trd, 000053.367, 156
Trd, 000054.450, 157
Trd, 000054.717, 162
Trd, 000055.800, 161
Trd, 000056.250, 163
Trd, 000056.483, 158
Trd, 000056.517, 164
Trd, 000057.050, 167
Trd, 000057.417, 159
Trd, 000057.917, 159
Trd, 000058.383, 160
Trd, 000059.183, 160
Trd, 000059.867, 160
Trd, 000060.467, 163
Trd, 000061.250, 160
Trd, 000061.617, 161
Trd, 000062.250, 161
Trd, 000062.950, 179
Trd, 000063.117, 166
Trd, 000063.583, 168
Trd, 000063.817, 167
Trd, 000064.717, 163
Trd, 000064.917, 167
Trd, 000065.867, 162
Trd, 000066.233, 167
Trd, 000066.283, 162
Trd, 000066.833, 167
Trd, 000067.083, 168
Trd, 000068.300, 171
Trd, 000068.800, 165
Trd, 000069.733, 164
Trd, 000069.983, 164
Trd, 000070.933, 164
Trd, 000071.150, 166
Trd, 000071.317, 165
Trd, 000072.333, 167
Trd, 000073.083, 168
Trd, 000074.400, 166
Trd, 000075.367, 164
Trd, 000075.567, 164
Trd, 000075.917, 165
Trd, 000076.033, 164
Trd, 000076.367, 169
Trd, 000076.450, 164
Trd, 000077.567, 163
Trd, 000078.783, 162
Trd, 000079.017, 163
Trd, 000079.767, 163
Trd, 000079.917, 162
Trd, 000080.267, 163
Trd, 000080.350, 164
Trd, 000081.800, 165
Trd, 000083.350, 165
Trd, 000083.767, 166
Trd, 000083.983, 169
Trd, 000084.317, 167
Trd, 000084.367, 166
Trd, 000084.783, 168
Trd, 000085.483, 170
Trd, 000085.783, 171
Trd, 000086.417, 166
Trd, 000087.650, 168
Trd, 000087.800, 161
Trd, 000088.033, 161
Trd, 000088.350, 169
Trd, 000088.683, 169
Trd, 000089.333, 162
Trd, 000089.967, 163
Trd, 000090.183, 166
Trd, 000090.217, 167
Trd, 000090.300, 159
Trd, 000091.450, 167
Trd, 000091.833, 171
Trd, 000092.117, 161
Trd, 000092.417, 160
Trd, 000093.150, 167
Trd, 000093.483, 157
Trd, 000093.717, 158
Trd, 000094.100, 156
Trd, 000094.367, 165
Trd, 000095.883, 166
Trd, 000096.800, 163
Trd, 000097.067, 166
Trd, 000098.200, 162
Trd, 000098.483, 161
Trd, 000098.867, 160
Trd, 000099.517, 161
Trd, 000099.700, 160
Trd, 000099.717, 161
Trd, 000099.850, 159
Trd, 000100.567, 161
Trd, 000101.117, 163
Trd, 000102.633, 172
Trd, 000103.250, 162
Trd, 000103.800, 164
Trd, 000104.317, 161
Trd, 000104.800, 172
Trd, 000105.333, 170
Trd, 000106.017, 159
Trd, 000107.517, 166
Trd, 000107.833, 165
Trd, 000107.867, 165
Trd, 000108.133, 165
Trd, 000108.450, 163
Trd, 000108.867, 166
Trd, 000109.050, 175
Trd, 000110.000, 166
Trd, 000111.517, 167
Trd, 000111.967, 168
Trd, 000112.100, 162
Trd, 000113.917, 163
Trd, 000114.150, 162
Trd, 000114.233, 166
Trd, 000115.433, 164
Trd, 000115.533, 165
Trd, 000115.950, 166
Trd, 000116.667, 166
Trd, 000117.550, 166
Trd, 000117.717, 166
Trd, 000117.750, 173
Trd, 000118.100, 173
Trd, 000118.633, 165
Trd, 000119.333, 163
Trd, 000120.900, 167
Trd, 000121.200, 167
Trd, 000121.467, 166
Trd, 000121.500, 165
Trd, 000122.083, 164
Trd, 000122.200, 166
Trd, 000123.233, 163
Trd, 000123.617, 166
Trd, 000123.650, 163
Trd, 000123.767, 167
Trd, 000124.733, 164
Trd, 000126.417, 169
Trd, 000126.817, 170
Trd, 000127.100, 169
Trd, 000128.350, 167
Trd, 000128.633, 166
Trd, 000129.783, 168
Trd, 000130.117, 169
Trd, 000130.900, 168
Trd, 000131.000, 167
Trd, 000131.067, 174
Trd, 000131.533, 175
Trd, 000131.767, 166
Trd, 000131.817, 178
Trd, 000132.550, 183
Trd, 000133.450, 166
Trd, 000135.417, 171
Trd, 000135.567, 171
Trd, 000135.850, 171
Trd, 000136.283, 172
Trd, 000136.700, 168
Trd, 000137.583, 169
Trd, 000137.717, 170
Trd, 000138.217, 172
Trd, 000138.533, 173
Trd, 000140.100, 171
Trd, 000140.383, 171
Trd, 000140.833, 161
Trd, 000141.600, 166
Trd, 000142.350, 165
Trd, 000142.917, 167
Trd, 000143.017, 150
Trd, 000143.600, 166
Trd, 000143.783, 179
Trd, 000145.333, 164
Trd, 000145.550, 165
Trd, 000146.150, 166
Trd, 000146.417, 169
Trd, 000147.217, 169
Trd, 000147.367, 174
Trd, 000147.733, 170
Trd, 000147.900, 175
Trd, 000147.950, 169
Trd, 000149.800, 173
Trd, 000150.217, 174
Trd, 000151.817, 175
Trd, 000152.433, 175
Trd, 000153.217, 175
Trd, 000154.017, 174
Trd, 000154.433, 177
Trd, 000155.367, 170
Trd, 000155.617, 173
Trd, 000155.700, 174
Trd, 000155.867, 173
Trd, 000156.133, 173
Trd, 000156.267, 172
Trd, 000156.433, 162
Trd, 000156.633, 159
Trd, 000157.217, 172
Trd, 000157.467, 173
Trd, 000158.100, 178
Trd, 000158.233, 191
Trd, 000158.483, 171
Trd, 000159.033, 173
Trd, 000159.517, 171
Trd, 000160.083, 170
Trd, 000160.733, 171
Trd, 000161.467, 173
Trd, 000162.617, 170
Trd, 000162.683, 171
Trd, 000163.750, 169
Trd, 000164.283, 168
Trd, 000164.733, 168
Trd, 000164.933, 165
Trd, 000165.200, 164
Trd, 000165.650, 167
Trd, 000166.567, 170
Trd, 000167.900, 178
Trd, 000168.033, 173
Trd, 000168.300, 173
Trd, 000168.967, 178
Trd, 000169.683, 179
Trd, 000170.650, 181
Trd, 000171.733, 180
Trd, 000171.900, 177
Trd, 000172.417, 175
Trd, 000172.817, 168
Trd, 000173.233, 172
Trd, 000173.817, 165
Trd, 000173.883, 164
Trd, 000174.833, 164
Trd, 000175.333, 170
Trd, 000175.500, 170
Trd, 000175.817, 170
Trd, 000177.150, 172
Trd, 000177.417, 181
Trd, 000177.800, 182
Trd, 000178.567, 174
Trd, 000178.767, 179
Trd, 000179.017, 171
Trd, 000181.200, 175
Trd, 000181.467, 177
Trd, 000181.817, 176
Trd, 000181.983, 179
Trd, 000182.217, 180
Trd, 000182.433, 183
Trd, 000182.950, 183
Trd, 000183.000, 187
Trd, 000183.450, 182
Trd, 000183.900, 169
Trd, 000185.417, 182
Trd, 000185.733, 177
Trd, 000186.183, 182
Trd, 000186.250, 183
Trd, 000187.567, 182
Trd, 000187.833, 182
Trd, 000188.017, 181
Trd, 000188.900, 184
Trd, 000189.283, 181
Trd, 000189.817, 182
Trd, 000189.967, 184
Trd, 000190.217, 167
Trd, 000191.950, 172
Trd, 000192.150, 172
Trd, 000192.417, 178
Trd, 000193.067, 176
Trd, 000193.200, 181
Trd, 000193.317, 191
Trd, 000193.417, 173
Trd, 000193.800, 175
Trd, 000194.167, 181
Trd, 000194.233, 175
Trd, 000194.550, 170
Trd, 000196.200, 174
Trd, 000196.700, 173
Trd, 000196.783, 175
Trd, 000196.833, 176
Trd, 000197.183, 192
Trd, 000197.617, 165
Trd, 000198.800, 175
Trd, 000198.867, 168
Trd, 000199.150, 169
Trd, 000201.150, 171
Trd, 000201.217, 170
Trd, 000201.783, 173
Trd, 000203.083, 170
Trd, 000203.283, 169
Trd, 000203.567, 174
Trd, 000204.217, 170
Trd, 000205.167, 179
Trd, 000205.483, 182
Trd, 000205.967, 185
Trd, 000206.200, 186
Trd, 000206.950, 178
Trd, 000207.617, 177
Trd, 000208.083, 176
Trd, 000208.533, 174
Trd, 000209.100, 177
Trd, 000209.450, 178
Trd, 000209.533, 187
Trd, 000210.633, 178
Trd, 000211.100, 178
Trd, 000211.617, 179
Trd, 000211.933, 181
Trd, 000212.417, 177
Trd, 000212.767, 178
Trd, 000213.017, 177
Trd, 000213.233, 174
Trd, 000213.583, 181
Trd, 000213.717, 183
Trd, 000217.283, 183
Trd, 000217.683, 183
Trd, 000218.333, 183
Trd, 000218.783, 194
Trd, 000219.417, 184
Trd, 000219.583, 182
Trd, 000220.183, 188
Trd, 000220.483, 188
Trd, 000220.817, 189
Trd, 000222.167, 177
Trd, 000222.717, 182
Trd, 000223.517, 184
Trd, 000224.750, 182
Trd, 000225.217, 181
Trd, 000225.433, 181
Trd, 000225.833, 183
Trd, 000226.017, 185
Trd, 000226.250, 193
Trd, 000226.600, 176
Trd, 000226.800, 174
Trd, 000227.733, 176
Trd, 000227.867, 184
Trd, 000228.350, 183
Trd, 000229.733, 174
Trd, 000230.033, 183
Trd, 000230.317, 176
Trd, 000231.167, 181
Trd, 000231.533, 177
Trd, 000232.100, 183
Trd, 000232.217, 182
Trd, 000232.717, 182
Trd, 000232.817, 181
Trd, 000233.750, 179
Trd, 000234.683, 179
Trd, 000235.033, 180
Trd, 000235.083, 177
Trd, 000237.517, 178
Trd, 000238.250, 180
Trd, 000239.417, 175
Trd, 000239.450, 176
Trd, 000240.183, 177
Trd, 000240.550, 176
Trd, 000240.717, 179
Trd, 000241.000, 185
Trd, 000241.567, 178
Trd, 000242.333, 180
Trd, 000242.567, 180
Trd, 000242.667, 179
Trd, 000242.750, 181
Trd, 000242.833, 186
Trd, 000244.567, 177
Trd, 000244.800, 183
Trd, 000245.000, 185
Trd, 000245.783, 183
Trd, 000245.933, 184
Trd, 000246.067, 182
Trd, 000246.117, 185
Trd, 000246.367, 183
Trd, 000247.233, 184
Trd, 000247.483, 185
Trd, 000247.783, 187
Trd, 000248.617, 188
Trd, 000248.700, 188
Trd, 000248.967, 187
Trd, 000249.000, 184
Trd, 000249.817, 183
Trd, 000250.000, 176
Trd, 000250.233, 185
Trd, 000250.800, 185
Trd, 000251.283, 181
Trd, 000251.500, 182
Trd, 000252.400, 181
Trd, 000252.983, 177
Trd, 000253.233, 178
Trd, 000253.700, 176
Trd, 000254.000, 176
Trd, 000255.133, 180
Trd, 000255.333, 181
Trd, 000255.967, 179
Trd, 000256.283, 184
Trd, 000256.467, 183
Trd, 000257.217, 185
Trd, 000257.250, 182
Trd, 000257.267, 186
Trd, 000257.417, 187
Trd, 000257.433, 191
Trd, 000258.250, 197
Trd, 000258.533, 187
Trd, 000258.667, 185
Trd, 000259.167, 184
Trd, 000261.517, 186
Trd, 000261.783, 187
Trd, 000261.833, 185
Trd, 000262.350, 186
Trd, 000262.800, 186
Trd, 000262.983, 183
Trd, 000263.083, 183
Trd, 000264.100, 178
Trd, 000264.533, 176
Trd, 000264.950, 179
Trd, 000265.333, 181
Trd, 000265.383, 184
Trd, 000267.183, 184
Trd, 000267.667, 183
Trd, 000268.100, 184
Trd, 000268.433, 185
Trd, 000268.917, 189
Trd, 000269.200, 186
Trd, 000269.283, 183
Trd, 000269.883, 188
Trd, 000270.000, 187
Trd, 000270.267, 185
Trd, 000270.750, 186
Trd, 000270.767, 185
Trd, 000271.083, 186
Trd, 000271.700, 187
Trd, 000272.183, 187
Trd, 000272.333, 184
Trd, 000272.433, 192
Trd, 000272.850, 178
Trd, 000273.817, 183
Trd, 000274.317, 195
Trd, 000274.350, 190
Trd, 000275.167, 189
Trd, 000275.200, 188
Trd, 000275.917, 191
Trd, 000276.350, 190
Trd, 000276.733, 185
Trd, 000277.133, 187
Trd, 000277.717, 189
Trd, 000277.833, 190
Trd, 000278.683, 189
Trd, 000279.000, 189
Trd, 000279.050, 190
Trd, 000279.517, 190
Trd, 000280.300, 193
Trd, 000280.333, 200
Trd, 000280.517, 202
Trd, 000281.333, 190
Trd, 000281.383, 189
Trd, 000281.767, 188
Trd, 000283.283, 188
Trd, 000283.300, 187
Trd, 000284.033, 188
Trd, 000284.283, 190
Trd, 000284.467, 187
Trd, 000284.800, 187
Trd, 000285.433, 190
Trd, 000285.883, 176
Trd, 000286.000, 179
Trd, 000286.800, 176
Trd, 000286.817, 182
Trd, 000287.033, 175
Trd, 000287.100, 183
Trd, 000287.500, 184
Trd, 000288.500, 178
Trd, 000288.667, 178
Trd, 000288.683, 179
Trd, 000288.800, 176
Trd, 000289.650, 191
Trd, 000290.900, 190
Trd, 000290.983, 188
Trd, 000291.067, 190
Trd, 000291.383, 191
Trd, 000291.667, 192
Trd, 000291.817, 193
Trd, 000291.933, 188
Trd, 000292.350, 187
Trd, 000293.117, 193
Trd, 000293.183, 194
Trd, 000294.050, 185
Trd, 000294.267, 186
Trd, 000294.533, 190
Trd, 000295.100, 190
Trd, 000295.133, 190
Trd, 000296.017, 189
Trd, 000296.100, 187
Trd, 000296.317, 192
Trd, 000297.167, 191
Trd, 000297.467, 182
Trd, 000298.283, 181
Trd, 000298.867, 187
Trd, 000299.317, 184
Trd, 000299.783, 184
