Trd, 000001.067, 143
Trd, 000003.267, 162
Trd, 000003.467, 159
Trd, 000003.567, 168
Trd, 000003.950, 172
Trd, 000004.167, 158
Trd, 000004.867, 162
Trd, 000005.533, 159
Trd, 000006.583, 169
Trd, 000008.167, 163
Trd, 000008.617, 161
Trd, 000009.117, 159
Trd, 000009.300, 158
Trd, 000009.633, 163
Trd, 000009.967, 157
Trd, 000010.117, 154
Trd, 000010.367, 137
Trd, 000010.700, 128
Trd, 000010.900, 132
Trd, 000011.817, 130
Trd, 000012.250, 144
Trd, 000012.750, 144
Trd, 000012.867, 145
Trd, 000013.400, 146
Trd, 000014.250, 146
Trd, 000014.733, 163
Trd, 000014.750, 144
Trd, 000015.000, 168
Trd, 000015.200, 152
Trd, 000015.683, 151
Trd, 000016.967, 165
Trd, 000017.267, 164
Trd, 000017.917, 165
Trd, 000017.967, 161
Trd, 000018.117, 128
Trd, 000020.000, 154
Trd, 000020.400, 153
Trd, 000020.667, 155
Trd, 000020.733, 165
Trd, 000022.000, 156
Trd, 000022.333, 154
Trd, 000022.650, 158
Trd, 000022.983, 154
Trd, 000023.150, 156
Trd, 000023.583, 153
Trd, 000023.983, 138
Trd, 000024.600, 153
Trd, 000025.283, 153
Trd, 000026.617, 145
Trd, 000026.683, 144
Trd, 000026.817, 142
Trd, 000027.183, 148
Trd, 000027.583, 146
Trd, 000028.267, 146
Trd, 000028.683, 148
Trd, 000028.950, 148
Trd, 000030.000, 152
Trd, 000030.117, 154
Trd, 000031.017, 152
Trd, 000031.567, 151
Trd, 000031.817, 154
Trd, 000032.217, 155
Trd, 000033.467, 155
Trd, 000033.817, 154
Trd, 000033.900, 161
Trd, 000034.100, 162
Trd, 000035.283, 159
Trd, 000035.567, 159
Trd, 000036.033, 158
Trd, 000036.083, 165
Trd, 000036.183, 154
Trd, 000036.717, 141
Trd, 000037.617, 157
Trd, 000037.850, 157
Trd, 000038.167, 157
Trd, 000038.867, 156
Trd, 000039.117, 154
Trd, 000039.917, 154
Trd, 000040.317, 155
Trd, 000040.933, 143
Trd, 000041.683, 146
Trd, 000041.717, 145
Trd, 000041.933, 157
Trd, 000042.617, 158
Trd, 000043.000, 141
Trd, 000044.100, 156
Trd, 000044.317, 156
Trd, 000044.633, 149
Trd, 000044.900, 148
Trd, 000045.900, 150
Trd, 000046.083, 165
Trd, 000048.383, 156
Trd, 000048.667, 157
Trd, 000048.683, 158
Trd, 000049.067, 159
Trd, 000049.433, 157
Trd, 000050.250, 156
Trd, 000050.400, 160
Trd, 000050.833, 141
Trd, 000050.917, 125
Trd, 000051.433, 162
Trd, 000052.317, 152
Trd, 000053.567, 157
Trd, 000054.000, 141
Trd, 000054.150, 158
Trd, 000054.800, 159
Trd, 000054.967, 167
Trd, 000055.550, 156
Trd, 000055.567, 150
Trd, 000056.167, 157
Trd, 000056.333, 163
Trd, 000056.483, 156
Trd, 000057.717, 161
Trd, 000057.900, 157
Trd, 000058.217, 157
Trd, 000058.567, 157
Trd, 000059.217, 142
Trd, 000060.083, 150
Trd, 000060.883, 144
Trd, 000062.650, 151
Trd, 000063.450, 151
Trd, 000063.650, 153
Trd, 000063.817, 153
Trd, 000064.517, 151
Trd, 000064.883, 155
Trd, 000065.317, 151
Trd, 000065.600, 156
Trd, 000065.617, 157
Trd, 000066.767, 151
Trd, 000067.500, 156
Trd, 000068.367, 152
Trd, 000068.950, 153
Trd, 000069.100, 154
Trd, 000069.300, 153
Trd, 000069.333, 157
Trd, 000069.483, 152
Trd, 000070.533, 153
Trd, 000070.600, 158
Trd, 000071.217, 158
Trd, 000072.850, 153
Trd, 000073.233, 153
Trd, 000073.800, 157
Trd, 000074.033, 158
Trd, 000074.067, 148
Trd, 000074.283, 158
Trd, 000074.667, 149
Trd, 000075.733, 151
Trd, 000075.883, 167
Trd, 000076.917, 163
Trd, 000077.300, 150
Trd, 000077.433, 168
Trd, 000078.717, 153
Trd, 000080.283, 161
Trd, 000080.883, 164
Trd, 000080.967, 164
Trd, 000081.083, 165
Trd, 000081.267, 163
Trd, 000081.383, 170
Trd, 000082.317, 169
Trd, 000082.350, 166
Trd, 000083.167, 162
Trd, 000083.233, 159
Trd, 000084.633, 165
Trd, 000084.667, 180
Trd, 000085.217, 170
Trd, 000085.950, 170
Trd, 000086.817, 172
Trd, 000087.383, 171
Trd, 000087.417, 172
Trd, 000088.467, 169
Trd, 000088.733, 168
Trd, 000089.317, 163
Trd, 000089.533, 168
Trd, 000089.600, 167
Trd, 000090.850, 170
Trd, 000091.367, 169
Trd, 000091.383, 168
Trd, 000091.933, 170
Trd, 000092.367, 167
Trd, 000093.200, 171
Trd, 000093.733, 167
Trd, 000094.033, 168
Trd, 000094.183, 165
Trd, 000094.300, 160
Trd, 000094.350, 153
Trd, 000095.150, 146
Trd, 000095.950, 149
Trd, 000096.183, 150
Trd, 000096.550, 147
Trd, 000097.233, 149
Trd, 000097.417, 151
Trd, 000097.950, 152
Trd, 000098.600, 152
Trd, 000099.517, 153
Trd, 000099.717, 152
Trd, 000099.917, 154
Trd, 000099.933, 149
Trd, 000102.117, 155
Trd, 000103.117, 151
Trd, 000103.883, 151
Trd, 000104.333, 149
Trd, 000105.267, 152
Trd, 000105.483, 151
Trd, 000105.683, 154
Trd, 000105.767, 157
Trd, 000105.983, 161
Trd, 000106.550, 171
Trd, 000107.000, 152
Trd, 000107.333, 171
Trd, 000107.800, 155
Trd, 000108.200, 157
Trd, 000109.717, 166
Trd, 000110.483, 162
Trd, 000110.750, 161
Trd, 000110.933, 149
Trd, 000111.117, 159
Trd, 000111.400, 158
Trd, 000111.483, 163
Trd, 000111.833, 160
Trd, 000112.283, 164
Trd, 000113.683, 167
Trd, 000113.783, 165
Trd, 000114.283, 165
Trd, 000114.433, 163
Trd, 000116.033, 165
Trd, 000116.217, 164
Trd, 000117.200, 148
Trd, 000117.500, 166
Trd, 000117.783, 160
Trd, 000117.817, 160
Trd, 000118.133, 149
Trd, 000119.217, 163
Trd, 000119.400, 163
Trd, 000119.967, 159
Trd, 000120.700, 166
Trd, 000122.117, 160
Trd, 000122.417, 165
Trd, 000122.983, 166
Trd, 000123.467, 174
Trd, 000123.483, 164
Trd, 000123.700, 163
Trd, 000123.883, 163
Trd, 000124.450, 171
Trd, 000125.333, 177
Trd, 000125.950, 176
Trd, 000127.833, 185
Trd, 000128.017, 182
Trd, 000128.400, 175
Trd, 000129.450, 176
Trd, 000129.750, 175
Trd, 000130.533, 180
Trd, 000130.650, 160
Trd, 000131.167, 175
Trd, 000131.617, 175
Trd, 000131.633, 178
Trd, 000133.183, 178
Trd, 000133.617, 179
Trd, 000133.933, 185
Trd, 000134.133, 171
Trd, 000134.183, 164
Trd, 000135.450, 176
Trd, 000135.533, 174
Trd, 000135.700, 154
Trd, 000136.167, 151
Trd, 000136.383, 150
Trd, 000138.650, 166
Trd, 000139.567, 169
Trd, 000139.967, 170
Trd, 000140.017, 168
Trd, 000140.550, 166
Trd, 000141.033, 172
Trd, 000142.250, 167
Trd, 000142.483, 173
Trd, 000143.383, 174
Trd, 000143.550, 169
Trd, 000143.983, 167
Trd, 000144.550, 167
Trd, 000144.917, 168
Trd, 000145.083, 166
Trd, 000145.167, 176
Trd, 000145.217, 182
Trd, 000146.267, 166
Trd, 000146.833, 167
Trd, 000147.100, 166
Trd, 000147.700, 168
Trd, 000148.067, 167
Trd, 000148.100, 165
Trd, 000148.150, 150
Trd, 000148.333, 168
Trd, 000148.533, 161
Trd, 000148.567, 139
Trd, 000149.017, 138
Trd, 000149.167, 136
Trd, 000149.900, 146
Trd, 000151.400, 151
Trd, 000151.450, 166
Trd, 000152.167, 154
Trd, 000152.250, 152
Trd, 000152.300, 174
Trd, 000152.900, 147
Trd, 000153.900, 173
Trd, 000155.217, 161
Trd, 000156.483, 163
Trd, 000156.583, 164
Trd, 000156.667, 162
Trd, 000157.317, 162
Trd, 000157.550, 164
Trd, 000158.017, 167
Trd, 000158.683, 167
Trd, 000158.933, 166
Trd, 000159.183, 161
Trd, 000159.383, 136
Trd, 000159.483, 152
Trd, 000160.300, 157
Trd, 000160.800, 159
Trd, 000161.467, 160
Trd, 000161.667, 178
Trd, 000161.850, 160
Trd, 000162.383, 184
Trd, 000164.267, 179
Trd, 000164.517, 176
Trd, 000165.350, 177
Trd, 000166.550, 177
Trd, 000167.017, 178
Trd, 000167.150, 177
Trd, 000167.300, 175
Trd, 000167.733, 174
Trd, 000167.867, 152
Trd, 000168.083, 146
Trd, 000168.250, 178
Trd, 000168.867, 142
Trd, 000169.150, 177
Trd, 000169.483, 164
Trd, 000170.350, 171
Trd, 000170.900, 165
Trd, 000171.400, 164
Trd, 000172.167, 164
Trd, 000173.283, 153
Trd, 000173.683, 162
Trd, 000174.117, 162
Trd, 000174.600, 161
Trd, 000174.683, 160
Trd, 000174.983, 162
Trd, 000175.433, 146
Trd, 000176.333, 159
Trd, 000176.650, 168
Trd, 000176.700, 158
Trd, 000177.467, 179
Trd, 000177.733, 171
Trd, 000178.533, 182
Trd, 000178.583, 153
Trd, 000179.333, 158
Trd, 000180.467, 158
Trd, 000181.133, 170
Trd, 000181.150, 173
Trd, 000181.867, 159
Trd, 000182.117, 158
Trd, 000183.133, 168
Trd, 000183.833, 159
Trd, 000184.017, 161
Trd, 000184.117, 169
Trd, 000185.467, 164
Trd, 000185.500, 163
Trd, 000185.583, 166
Trd, 000186.517, 165
Trd, 000186.533, 164
Trd, 000187.267, 167
Trd, 000187.367, 169
Trd, 000187.633, 170
Trd, 000188.217, 167
Trd, 000188.700, 165
Trd, 000189.033, 164
Trd, 000189.550, 182
Trd, 000191.100, 164
Trd, 000191.517, 170
Trd, 000192.083, 168
Trd, 000192.100, 167
Trd, 000192.700, 167
Trd, 000193.383, 167
Trd, 000194.683, 168
Trd, 000194.783, 166
Trd, 000194.917, 164
Trd, 000195.283, 169
Trd, 000196.050, 157
Trd, 000196.267, 170
Trd, 000196.667, 181
Trd, 000197.067, 183
Trd, 000197.233, 182
Trd, 000199.583, 183
Trd, 000199.700, 182
Trd, 000200.183, 180
Trd, 000200.467, 179
Trd, 000201.233, 174
Trd, 000201.350, 181
Trd, 000202.283, 178
Trd, 000202.617, 176
Trd, 000202.650, 173
Trd, 000202.750, 181
Trd, 000203.483, 173
Trd, 000203.967, 174
Trd, 000205.083, 177
Trd, 000205.483, 176
Trd, 000205.917, 175
Trd, 000206.300, 175
Trd, 000206.867, 174
Trd, 000207.033, 174
Trd, 000208.900, 175
Trd, 000208.950, 174
Trd, 000208.983, 172
Trd, 000209.150, 172
Trd, 000209.400, 182
Trd, 000209.683, 192
Trd, 000212.200, 183
Trd, 000212.917, 179
Trd, 000213.700, 179
Trd, 000214.233, 180
Trd, 000214.417, 179
Trd, 000214.883, 181
Trd, 000215.483, 180
Trd, 000215.583, 177
Trd, 000215.917, 182
Trd, 000216.100, 158
Trd, 000216.517, 158
Trd, 000216.617, 184
Trd, 000219.017, 177
Trd, 000219.033, 158
Trd, 000219.233, 167
Trd, 000219.283, 157
Trd, 000219.933, 162
Trd, 000220.850, 170
Trd, 000220.950, 168
Trd, 000221.900, 168
Trd, 000222.300, 169
Trd, 000222.733, 173
Trd, 000222.800, 169
Trd, 000222.900, 167
Trd, 000223.883, 177
Trd, 000223.967, 167
Trd, 000224.517, 181
Trd, 000224.783, 182
Trd, 000225.717, 176
Trd, 000226.333, 173
Trd, 000226.517, 173
Trd, 000227.400, 179
Trd, 000228.333, 165
Trd, 000229.000, 160
Trd, 000229.200, 168
Trd, 000229.833, 176
Trd, 000230.450, 174
Trd, 000230.633, 169
Trd, 000231.783, 173
Trd, 000232.700, 178
Trd, 000232.750, 185
Trd, 000233.000, 179
Trd, 000233.183, 178
Trd, 000233.483, 178
Trd, 000234.517, 179
Trd, 000234.700, 178
Trd, 000235.933, 178
Trd, 000236.533, 176
Trd, 000237.000, 178
Trd, 000237.600, 178
Trd, 000237.817, 179
Trd, 000238.050, 178
Trd, 000238.217, 178
Trd, 000238.683, 177
Trd, 000239.317, 184
Trd, 000239.367, 175
Trd, 000239.650, 176
Trd, 000239.833, 186
Trd, 000240.200, 186
Trd, 000241.200, 161
Trd, 000241.300, 171
Trd, 000241.317, 172
Trd, 000242.100, 163
Trd, 000242.233, 161
Trd, 000242.283, 160
Trd, 000242.517, 168
Trd, 000243.267, 158
Trd, 000243.417, 172
Trd, 000243.617, 175
Trd, 000244.383, 178
Trd, 000244.633, 175
Trd, 000245.533, 175
Trd, 000246.567, 175
Trd, 000246.967, 175
Trd, 000247.250, 175
Trd, 000247.583, 176
Trd, 000248.217, 174
Trd, 000248.500, 175
Trd, 000248.733, 177
Trd, 000248.967, 179
Trd, 000248.983, 180
Trd, 000249.050, 176
Trd, 000249.383, 183
Trd, 000249.450, 186
Trd, 000250.500, 174
Trd, 000251.200, 176
Trd, 000251.450, 174
Trd, 000251.517, 173
Trd, 000251.667, 172
Trd, 000252.050, 179
Trd, 000252.383, 162
Trd, 000252.750, 177
Trd, 000253.500, 171
Trd, 000253.883, 176
Trd, 000254.150, 173
Trd, 000255.167, 175
Trd, 000255.183, 180
Trd, 000255.217, 187
Trd, 000255.700, 190
Trd, 000255.917, 176
Trd, 000256.383, 174
Trd, 000256.417, 173
Trd, 000256.633, 180
Trd, 000256.967, 174
Trd, 000257.150, 175
Trd, 000257.517, 174
Trd, 000258.383, 177
Trd, 000258.533, 176
Trd, 000259.017, 176
Trd, 000259.217, 180
Trd, 000259.550, 180
Trd, 000259.917, 160
Trd, 000260.400, 151
Trd, 000260.567, 171
Trd, 000260.683, 173
Trd, 000260.850, 177
Trd, 000261.933, 174
Trd, 000262.433, 171
Trd, 000262.750, 172
Trd, 000263.433, 172
Trd, 000263.517, 171
Trd, 000264.417, 173
Trd, 000264.517, 174
Trd, 000264.600, 177
Trd, 000265.100, 173
Trd, 000265.133, 171
Trd, 000265.667, 172
Trd, 000265.850, 171
Trd, 000265.900, 168
Trd, 000266.083, 176
Trd, 000267.267, 170
Trd, 000267.700, 167
Trd, 000268.500, 170
Trd, 000268.767, 170
Trd, 000268.983, 169
Trd, 000269.050, 163
Trd, 000269.233, 172
Trd, 000270.517, 175
Trd, 000270.583, 178
Trd, 000270.917, 185
Trd, 000271.583, 175
Trd, 000271.850, 190
Trd, 000272.917, 176
Trd, 000273.067, 175
Trd, 000273.500, 175
Trd, 000275.217, 193
Trd, 000275.233, 192
Trd, 000275.667, 191
Trd, 000275.850, 191
Trd, 000276.283, 190
Trd, 000276.333, 190
Trd, 000276.433, 189
Trd, 000276.467, 185
Trd, 000276.550, 185
Trd, 000276.800, 190
Trd, 000277.017, 179
Trd, 000277.700, 164
Trd, 000277.750, 163
Trd, 000278.183, 162
Trd, 000278.217, 181
Trd, 000278.417, 173
Trd, 000279.317, 178
Trd, 000279.517, 178
Trd, 000280.717, 178
Trd, 000280.750, 179
Trd, 000280.783, 178
Trd, 000280.883, 177
Trd, 000281.367, 183
Trd, 000281.983, 173
Trd, 000282.517, 162
Trd, 000282.650, 166
Trd, 000282.750, 183
Trd, 000283.283, 159
Trd, 000283.533, 155
Trd, 000284.350, 158
Trd, 000284.433, 159
Trd, 000284.500, 153
Trd, 000284.967, 165
Trd, 000285.450, 175
Trd, 000285.617, 162
Trd, 000285.683, 176
Trd, 000285.983, 155
Trd, 000286.267, 167
Trd, 000286.500, 169
Trd, 000287.367, 175
Trd, 000287.833, 169
Trd, 000288.250, 171
Trd, 000288.400, 179
Trd, 000289.183, 177
Trd, 000290.117, 177
Trd, 000290.233, 176
Trd, 000290.350, 176
Trd, 000290.400, 180
Trd, 000291.933, 173
Trd, 000291.983, 175
Trd, 000292.367, 167
Trd, 000292.417, 166
Trd, 000292.450, 165
Trd, 000292.767, 163
Trd, 000292.950, 162
Trd, 000293.100, 175
Trd, 000293.467, 184
Trd, 000293.750, 180
Trd, 000293.800, 177
Trd, 000294.267, 164
Trd, 000294.467, 163
Trd, 000294.883, 163
Trd, 000295.033, 163
Trd, 000295.217, 153
Trd, 000295.767, 163
Trd, 000296.017, 180
Trd, 000296.383, 184
Trd, 000296.450, 163
Trd, 000297.100, 179
Trd, 000297.117, 182
Trd, 000297.550, 180
Trd, 000297.733, 182
Trd, 000299.733, 182
