Trd, 000001.717, 117
Trd, 000002.933, 136
Trd, 000003.567, 130
Trd, 000004.183, 127
Trd, 000004.233, 144
Trd, 000004.867, 125
Trd, 000005.050, 137
Trd, 000005.733, 138
Trd, 000006.033, 139
Trd, 000006.250, 135
Trd, 000007.800, 137
Trd, 000008.867, 138
Trd, 000009.400, 138
Trd, 000009.533, 141
Trd, 000009.983, 140
Trd, 000010.133, 144
Trd, 000010.483, 145
Trd, 000011.433, 138
Trd, 000012.033, 149
Trd, 000012.550, 141
Trd, 000014.283, 141
Trd, 000014.617, 143
Trd, 000014.667, 143
Trd, 000014.683, 147
Trd, 000015.083, 142
Trd, 000015.633, 148
Trd, 000015.867, 141
Trd, 000015.967, 149
Trd, 000016.733, 156
Trd, 000016.850, 138
Trd, 000016.950, 164
Trd, 000017.567, 152
Trd, 000018.400, 157
Trd, 000019.483, 157
Trd, 000020.633, 159
Trd, 000020.817, 157
Trd, 000020.950, 156
Trd, 000021.133, 157
Trd, 000022.300, 157
Trd, 000022.950, 156
Trd, 000023.417, 155
Trd, 000023.433, 160
Trd, 000024.183, 153
Trd, 000024.333, 153
Trd, 000024.500, 150
Trd, 000026.100, 153
Trd, 000027.117, 152
Trd, 000027.583, 151
Trd, 000027.850, 146
Trd, 000028.500, 152
Trd, 000029.267, 137
Trd, 000029.450, 152
Trd, 000030.283, 151
Trd, 000031.700, 145
Trd, 000032.233, 146
Trd, 000033.100, 147
Trd, 000033.500, 147
Trd, 000033.817, 148
Trd, 000033.900, 144
Trd, 000035.183, 154
Trd, 000035.517, 145
Trd, 000035.533, 144
Trd, 000037.317, 153
Trd, 000038.283, 152
Trd, 000038.983, 152
Trd, 000039.150, 153
Trd, 000039.183, 156
Trd, 000039.500, 151
Trd, 000041.250, 151
Trd, 000042.117, 153
Trd, 000042.633, 155
Trd, 000043.467, 153
Trd, 000043.683, 155
Trd, 000044.050, 152
Trd, 000044.533, 155
Trd, 000047.267, 158
Trd, 000047.500, 159
Trd, 000047.533, 157
Trd, 000047.867, 158
Trd, 000048.033, 159
Trd, 000048.333, 139
Trd, 000048.567, 165
Trd, 000049.400, 153
Trd, 000049.667, 160
Trd, 000049.783, 170
Trd, 000051.267, 151
Trd, 000052.467, 157
Trd, 000052.800, 156
Trd, 000053.533, 158
Trd, 000053.867, 160
Trd, 000054.250, 154
Trd, 000054.883, 155
Trd, 000055.200, 157
Trd, 000055.367, 155
Trd, 000055.400, 158
Trd, 000057.117, 160
Trd, 000057.517, 156
Trd, 000058.250, 158
Trd, 000058.783, 158
Trd, 000058.983, 155
Trd, 000059.083, 154
Trd, 000059.450, 158
Trd, 000061.200, 155
Trd, 000061.750, 158
Trd, 000061.783, 161
Trd, 000062.400, 160
Trd, 000062.550, 153
Trd, 000062.833, 144
Trd, 000062.933, 140
Trd, 000063.600, 145
Trd, 000064.533, 149
Trd, 000064.600, 146
Trd, 000065.600, 150
Trd, 000066.333, 145
Trd, 000066.617, 150
Trd, 000068.317, 144
Trd, 000068.867, 155
Trd, 000069.550, 149
Trd, 000070.700, 147
Trd, 000071.117, 148
Trd, 000071.500, 148
Trd, 000073.383, 148
Trd, 000073.617, 148
Trd, 000073.817, 149
Trd, 000074.200, 148
Trd, 000074.767, 149
Trd, 000074.800, 148
Trd, 000074.933, 151
Trd, 000075.067, 145
Trd, 000075.267, 144
Trd, 000075.600, 155
Trd, 000076.750, 162
Trd, 000076.950, 151
Trd, 000077.633, 155
Trd, 000077.700, 152
Trd, 000078.267, 162
Trd, 000079.750, 156
Trd, 000080.417, 158
Trd, 000080.933, 159
Trd, 000081.450, 161
Trd, 000082.283, 159
Trd, 000083.767, 159
Trd, 000083.867, 157
Trd, 000084.100, 163
Trd, 000084.900, 160
Trd, 000085.450, 158
Trd, 000085.467, 157
Trd, 000086.317, 158
Trd, 000086.433, 159
Trd, 000086.717, 162
Trd, 000087.383, 160
Trd, 000088.183, 161
Trd, 000088.233, 162
Trd, 000089.033, 162
Trd, 000089.483, 164
Trd, 000089.550, 162
Trd, 000089.650, 162
Trd, 000090.683, 157
Trd, 000091.450, 151
Trd, 000091.733, 149
Trd, 000092.133, 152
Trd, 000092.583, 146
Trd, 000093.400, 155
Trd, 000093.483, 156
Trd, 000094.117, 151
Trd, 000094.267, 149
Trd, 000094.633, 157
Trd, 000095.233, 156
Trd, 000096.700, 156
Trd, 000096.733, 154
Trd, 000097.650, 156
Trd, 000098.217, 152
Trd, 000099.917, 154
Trd, 000100.550, 155
Trd, 000100.567, 157
Trd, 000100.700, 158
Trd, 000101.483, 159
Trd, 000101.517, 159
Trd, 000102.183, 163
Trd, 000102.433, 166
Trd, 000102.533, 165
Trd, 000102.867, 163
Trd, 000103.433, 147
Trd, 000103.550, 147
Trd, 000103.783, 145
Trd, 000105.767, 160
Trd, 000106.367, 158
Trd, 000106.517, 157
Trd, 000106.700, 152
Trd, 000107.383, 156
Trd, 000107.800, 155
Trd, 000108.283, 156
Trd, 000108.750, 147
Trd, 000110.083, 158
Trd, 000110.233, 158
Trd, 000111.067, 159
Trd, 000111.500, 154
Trd, 000113.067, 153
Trd, 000113.500, 155
Trd, 000113.550, 153
Trd, 000113.800, 153
Trd, 000114.117, 157
Trd, 000114.250, 152
Trd, 000114.433, 152
Trd, 000115.017, 148
Trd, 000115.967, 155
Trd, 000116.067, 151
Trd, 000117.000, 148
Trd, 000117.017, 159
Trd, 000117.083, 147
Trd, 000117.983, 167
Trd, 000119.150, 165
Trd, 000120.717, 161
Trd, 000121.183, 162
Trd, 000121.350, 161
Trd, 000122.967, 160
Trd, 000123.050, 163
Trd, 000123.417, 161
Trd, 000123.983, 159
Trd, 000124.283, 159
Trd, 000124.333, 160
Trd, 000125.817, 162
Trd, 000126.133, 161
Trd, 000126.667, 164
Trd, 000127.117, 164
Trd, 000127.217, 164
Trd, 000127.400, 163
Trd, 000127.650, 159
Trd, 000127.917, 160
Trd, 000129.133, 166
Trd, 000130.117, 166
Trd, 000131.250, 165
Trd, 000131.267, 165
Trd, 000131.350, 161
Trd, 000131.383, 150
Trd, 000132.533, 165
Trd, 000132.700, 159
Trd, 000133.700, 162
Trd, 000134.833, 165
Trd, 000135.950, 164
Trd, 000136.950, 165
Trd, 000137.017, 163
Trd, 000137.067, 167
Trd, 000137.433, 160
Trd, 000139.167, 163
Trd, 000139.200, 165
Trd, 000140.917, 162
Trd, 000141.550, 163
Trd, 000141.933, 162
Trd, 000141.967, 161
Trd, 000142.617, 162
Trd, 000143.733, 162
Trd, 000144.467, 163
Trd, 000144.900, 160
Trd, 000145.767, 159
Trd, 000145.983, 160
Trd, 000146.317, 157
Trd, 000146.817, 161
Trd, 000146.967, 162
Trd, 000148.350, 159
Trd, 000150.150, 157
Trd, 000150.183, 160
Trd, 000150.367, 162
Trd, 000151.917, 163
Trd, 000152.833, 164
Trd, 000153.150, 163
Trd, 000153.900, 167
Trd, 000154.267, 162
Trd, 000154.750, 162
Trd, 000155.167, 159
Trd, 000155.833, 166
Trd, 000156.800, 167
Trd, 000156.883, 169
Trd, 000157.700, 164
Trd, 000158.000, 160
Trd, 000158.250, 161
Trd, 000159.350, 154
Trd, 000159.917, 160
Trd, 000160.083, 163
Trd, 000161.000, 160
Trd, 000161.550, 161
Trd, 000162.033, 162
Trd, 000162.383, 162
Trd, 000162.900, 162
Trd, 000163.650, 153
Trd, 000164.500, 155
Trd, 000166.367, 160
Trd, 000166.400, 160
Trd, 000166.900, 158
Trd, 000167.367, 158
Trd, 000167.567, 164
Trd, 000168.733, 158
Trd, 000169.433, 158
Trd, 000170.217, 160
Trd, 000170.283, 159
Trd, 000170.717, 165
Trd, 000170.800, 169
Trd, 000171.167, 170
Trd, 000171.617, 167
Trd, 000172.033, 170
Trd, 000173.467, 164
Trd, 000174.050, 162
Trd, 000174.317, 168
Trd, 000175.650, 144
Trd, 000176.633, 155
Trd, 000176.817, 160
Trd, 000177.250, 160
Trd, 000177.417, 159
Trd, 000177.583, 153
Trd, 000178.717, 159
Trd, 000178.750, 162
Trd, 000179.067, 166
Trd, 000180.450, 163
Trd, 000181.283, 164
Trd, 000182.150, 163
Trd, 000182.417, 166
Trd, 000182.600, 164
Trd, 000182.617, 173
Trd, 000184.017, 164
Trd, 000184.167, 162
Trd, 000184.617, 162
Trd, 000185.833, 157
Trd, 000186.483, 155
Trd, 000186.633, 165
Trd, 000186.683, 166
Trd, 000187.617, 167
Trd, 000188.567, 166
Trd, 000188.950, 167
Trd, 000190.083, 168
Trd, 000190.483, 167
Trd, 000190.667, 174
Trd, 000190.933, 168
Trd, 000192.500, 179
Trd, 000192.950, 168
Trd, 000192.983, 167
Trd, 000193.033, 167
Trd, 000194.783, 169
Trd, 000194.933, 168
Trd, 000196.500, 167
Trd, 000196.900, 169
Trd, 000197.400, 169
Trd, 000197.567, 167
Trd, 000198.150, 170
Trd, 000198.200, 170
Trd, 000198.933, 175
Trd, 000199.050, 171
Trd, 000199.100, 167
Trd, 000200.333, 168
Trd, 000200.600, 170
Trd, 000201.283, 168
Trd, 000201.600, 169
Trd, 000201.867, 169
Trd, 000202.400, 168
Trd, 000202.733, 169
Trd, 000203.667, 168
Trd, 000204.567, 157
Trd, 000204.600, 174
Trd, 000204.883, 164
Trd, 000205.383, 175
Trd, 000206.933, 166
Trd, 000207.550, 167
Trd, 000207.583, 166
Trd, 000207.617, 173
Trd, 000209.267, 171
Trd, 000209.650, 167
Trd, 000210.117, 169
Trd, 000210.167, 166
Trd, 000210.633, 166
Trd, 000211.533, 169
Trd, 000212.967, 169
Trd, 000213.000, 166
Trd, 000213.467, 176
Trd, 000214.200, 166
Trd, 000214.500, 183
Trd, 000214.767, 174
Trd, 000216.050, 173
Trd, 000216.517, 172
Trd, 000216.800, 172
Trd, 000217.500, 174
Trd, 000217.583, 171
Trd, 000217.617, 175
Trd, 000217.933, 175
Trd, 000218.650, 177
Trd, 000219.733, 174
Trd, 000219.767, 172
Trd, 000221.133, 173
Trd, 000221.267, 171
Trd, 000221.567, 173
Trd, 000222.817, 172
Trd, 000223.033, 170
Trd, 000223.550, 159
Trd, 000224.500, 168
Trd, 000224.567, 173
Trd, 000224.867, 173
Trd, 000226.300, 172
Trd, 000226.750, 170
Trd, 000226.817, 169
Trd, 000227.283, 167
Trd, 000228.450, 168
Trd, 000228.983, 169
Trd, 000229.350, 168
Trd, 000230.100, 169
Trd, 000230.200, 168
Trd, 000230.250, 170
Trd, 000230.517, 160
Trd, 000231.267, 171
Trd, 000231.917, 174
Trd, 000233.117, 169
Trd, 000233.133, 167
Trd, 000234.100, 165
Trd, 000234.650, 166
Trd, 000234.733, 164
Trd, 000235.250, 166
Trd, 000235.300, 167
Trd, 000235.583, 171
Trd, 000235.783, 178
Trd, 000235.883, 160
Trd, 000237.617, 171
Trd, 000238.533, 171
Trd, 000239.083, 169
Trd, 000239.767, 168
Trd, 000240.317, 170
Trd, 000240.567, 174
Trd, 000241.067, 175
Trd, 000241.550, 175
Trd, 000242.133, 176
Trd, 000242.167, 175
Trd, 000243.133, 174
Trd, 000243.417, 176
Trd, 000244.183, 179
Trd, 000244.617, 179
Trd, 000245.267, 181
Trd, 000245.700, 181
Trd, 000245.983, 181
Trd, 000246.150, 180
Trd, 000246.617, 179
Trd, 000247.100, 176
Trd, 000247.300, 179
Trd, 000247.517, 163
Trd, 000248.133, 172
Trd, 000248.233, 174
Trd, 000248.267, 179
Trd, 000248.367, 180
Trd, 000249.100, 176
Trd, 000249.167, 173
Trd, 000250.700, 177
Trd, 000252.483, 176
Trd, 000252.633, 174
Trd, 000252.883, 177
Trd, 000253.333, 172
Trd, 000255.100, 173
Trd, 000255.200, 175
Trd, 000255.917, 175
Trd, 000256.067, 175
Trd, 000256.333, 174
Trd, 000256.550, 176
Trd, 000256.817, 171
Trd, 000257.333, 170
Trd, 000257.683, 162
Trd, 000258.083, 165
Trd, 000258.583, 181
Trd, 000259.133, 181
Trd, 000259.650, 175
Trd, 000260.417, 180
Trd, 000261.217, 176
Trd, 000261.350, 177
Trd, 000262.317, 178
Trd, 000263.100, 176
Trd, 000263.133, 174
Trd, 000264.350, 174
Trd, 000264.900, 173
Trd, 000265.167, 174
Trd, 000265.500, 177
Trd, 000265.600, 177
Trd, 000265.900, 178
Trd, 000266.067, 177
Trd, 000266.533, 179
Trd, 000267.017, 179
Trd, 000267.883, 178
Trd, 000268.317, 180
Trd, 000269.483, 176
Trd, 000269.617, 182
Trd, 000269.767, 185
Trd, 000269.933, 176
Trd, 000270.400, 177
Trd, 000270.717, 184
Trd, 000270.867, 176
Trd, 000271.350, 175
Trd, 000271.867, 181
Trd, 000272.583, 178
Trd, 000273.417, 181
Trd, 000274.117, 180
Trd, 000274.517, 176
Trd, 000274.583, 175
Trd, 000274.867, 181
Trd, 000275.250, 181
Trd, 000276.250, 177
Trd, 000276.467, 176
Trd, 000276.500, 175
Trd, 000276.683, 181
Trd, 000277.100, 176
Trd, 000277.267, 181
Trd, 000278.217, 181
Trd, 000279.350, 181
Trd, 000279.533, 182
Trd, 000279.783, 176
Trd, 000280.750, 176
Trd, 000281.417, 176
Trd, 000281.600, 180
Trd, 000281.633, 182
Trd, 000282.083, 176
Trd, 000282.233, 175
Trd, 000282.617, 183
Trd, 000282.933, 182
Trd, 000284.083, 186
Trd, 000284.967, 176
Trd, 000285.533, 169
Trd, 000286.667, 178
Trd, 000286.733, 180
Trd, 000287.017, 177
Trd, 000287.267, 181
Trd, 000287.433, 177
Trd, 000287.617, 176
Trd, 000288.417, 176
Trd, 000288.700, 182
Trd, 000289.633, 179
Trd, 000289.700, 181
Trd, 000290.883, 183
Trd, 000291.600, 182
Trd, 000292.000, 183
Trd, 000292.100, 179
Trd, 000293.667, 178
Trd, 000293.700, 178
Trd, 000294.517, 178
Trd, 000294.617, 177
Trd, 000295.183, 178
Trd, 000296.133, 179
Trd, 000296.233, 178
Trd, 000296.533, 179
Trd, 000296.650, 182
Trd, 000297.033, 177
Trd, 000297.050, 182
Trd, 000297.150, 184
Trd, 000297.383, 191
Trd, 000298.233, 185
Trd, 000298.967, 178
Trd, 000299.300, 182
Trd, 000299.417, 178
