Trd, 000001.817, 106
Trd, 000002.333, 110
Trd, 000003.150, 113
Trd, 000003.200, 115
Trd, 000003.783, 138
Trd, 000004.250, 141
Trd, 000004.650, 142
Trd, 000004.733, 148
Trd, 000005.367, 146
Trd, 000005.800, 182
Trd, 000008.300, 154
Trd, 000008.633, 151
Trd, 000008.783, 153
Trd, 000008.833, 151
Trd, 000008.983, 160
Trd, 000009.200, 154
Trd, 000009.567, 150
Trd, 000009.900, 154
Trd, 000010.300, 149
Trd, 000010.933, 151
Trd, 000011.117, 158
Trd, 000011.483, 159
Trd, 000012.550, 138
Trd, 000013.133, 144
Trd, 000013.433, 143
Trd, 000013.767, 143
Trd, 000013.950, 155
Trd, 000014.033, 163
Trd, 000014.050, 183
Trd, 000014.633, 172
Trd, 000014.850, 173
Trd, 000015.717, 143
Trd, 000015.900, 144
Trd, 000015.983, 147
Trd, 000016.550, 144
Trd, 000016.683, 141
Trd, 000016.867, 141
Trd, 000018.200, 149
Trd, 000018.767, 147
Trd, 000019.033, 150
Trd, 000019.450, 136
Trd, 000019.617, 150
Trd, 000021.900, 142
Trd, 000022.333, 141
Trd, 000022.633, 143
Trd, 000022.700, 139
Trd, 000022.767, 150
Trd, 000022.900, 119
Trd, 000024.033, 149
Trd, 000024.333, 150
Trd, 000024.367, 143
Trd, 000024.600, 144
Trd, 000025.283, 146
Trd, 000025.650, 153
Trd, 000026.250, 145
Trd, 000026.550, 144
Trd, 000026.917, 149
Trd, 000027.367, 143
Trd, 000029.017, 149
Trd, 000029.483, 147
Trd, 000030.367, 147
Trd, 000030.683, 147
Trd, 000030.900, 143
Trd, 000031.083, 148
Trd, 000031.350, 142
Trd, 000031.600, 143
Trd, 000032.600, 135
Trd, 000032.683, 140
Trd, 000033.517, 140
Trd, 000034.300, 148
Trd, 000034.317, 161
Trd, 000035.083, 143
Trd, 000035.833, 144
Trd, 000036.133, 142
Trd, 000036.217, 151
Trd, 000036.583, 141
Trd, 000037.050, 145
Trd, 000037.483, 145
Trd, 000037.800, 144
Trd, 000037.867, 146
Trd, 000038.433, 146
Trd, 000038.700, 145
Trd, 000038.867, 144
Trd, 000038.883, 143
Trd, 000038.950, 148
Trd, 000040.983, 150
Trd, 000042.100, 159
Trd, 000042.333, 160
Trd, 000042.467, 156
Trd, 000042.667, 154
Trd, 000043.483, 154
Trd, 000043.633, 154
Trd, 000043.800, 162
Trd, 000044.433, 176
Trd, 000044.633, 156
Trd, 000044.800, 169
Trd, 000045.300, 154
Trd, 000046.233, 167
Trd, 000046.567, 168
Trd, 000046.817, 155
Trd, 000047.017, 154
Trd, 000048.417, 158
Trd, 000048.817, 154
Trd, 000049.317, 152
Trd, 000049.683, 162
Trd, 000050.117, 161
Trd, 000050.483, 159
Trd, 000050.583, 162
Trd, 000050.967, 152
Trd, 000051.217, 159
Trd, 000052.250, 162
Trd, 000052.450, 163
Trd, 000052.717, 155
Trd, 000053.317, 165
Trd, 000053.383, 177
Trd, 000053.600, 155
Trd, 000054.617, 154
Trd, 000055.283, 153
Trd, 000055.300, 156
Trd, 000055.800, 156
Trd, 000055.883, 163
Trd, 000057.133, 154
Trd, 000057.383, 164
Trd, 000057.633, 145
Trd, 000058.267, 139
Trd, 000059.117, 150
Trd, 000059.550, 154
Trd, 000059.583, 156
Trd, 000059.617, 163
Trd, 000060.050, 149
Trd, 000060.233, 163
Trd, 000060.267, 187
Trd, 000060.800, 174
Trd, 000061.267, 160
Trd, 000062.200, 168
Trd, 000063.383, 176
Trd, 000063.517, 174
Trd, 000064.017, 170
Trd, 000064.200, 158
Trd, 000064.533, 170
Trd, 000064.717, 178
Trd, 000065.217, 170
Trd, 000065.633, 161
Trd, 000066.033, 161
Trd, 000067.050, 162
Trd, 000067.283, 160
Trd, 000067.400, 164
Trd, 000068.667, 159
Trd, 000069.400, 170
Trd, 000069.533, 169
Trd, 000069.917, 170
Trd, 000070.933, 163
Trd, 000071.033, 171
Trd, 000071.133, 172
Trd, 000071.450, 155
Trd, 000072.100, 148
Trd, 000072.633, 152
Trd, 000073.433, 154
Trd, 000073.850, 151
Trd, 000075.450, 151
Trd, 000075.517, 154
Trd, 000075.683, 155
Trd, 000075.850, 154
Trd, 000076.300, 153
Trd, 000076.483, 154
Trd, 000077.133, 165
Trd, 000077.300, 151
Trd, 000077.567, 151
Trd, 000078.383, 148
Trd, 000078.583, 151
Trd, 000079.667, 151
Trd, 000080.267, 152
Trd, 000080.550, 152
Trd, 000080.567, 150
Trd, 000082.050, 155
Trd, 000082.633, 153
Trd, 000083.183, 155
Trd, 000083.833, 152
Trd, 000085.117, 155
Trd, 000085.450, 156
Trd, 000085.733, 166
Trd, 000085.900, 156
Trd, 000086.267, 156
Trd, 000086.850, 156
Trd, 000087.233, 156
Trd, 000088.617, 177
Trd, 000088.800, 178
Trd, 000088.933, 166
Trd, 000089.450, 155
Trd, 000089.717, 163
Trd, 000090.250, 162
Trd, 000090.617, 159
Trd, 000090.967, 162
Trd, 000091.333, 161
Trd, 000091.483, 161
Trd, 000092.633, 159
Trd, 000092.800, 159
Trd, 000092.833, 160
Trd, 000092.883, 165
Trd, 000092.917, 167
Trd, 000093.083, 167
Trd, 000093.600, 150
Trd, 000093.967, 153
Trd, 000094.033, 159
Trd, 000094.933, 181
Trd, 000095.250, 169
Trd, 000095.750, 152
Trd, 000097.367, 168
Trd, 000097.500, 159
Trd, 000098.217, 168
Trd, 000098.700, 166
Trd, 000098.983, 158
Trd, 000099.383, 158
Trd, 000100.033, 163
Trd, 000100.117, 158
Trd, 000100.383, 158
Trd, 000100.567, 158
Trd, 000100.767, 158
Trd, 000101.250, 164
Trd, 000101.400, 164
Trd, 000102.100, 164
Trd, 000102.167, 183
Trd, 000102.767, 182
Trd, 000103.150, 189
Trd, 000104.217, 166
Trd, 000104.583, 161
Trd, 000104.983, 158
Trd, 000105.633, 157
Trd, 000105.833, 171
Trd, 000106.183, 174
Trd, 000106.417, 156
Trd, 000106.850, 150
Trd, 000107.900, 151
Trd, 000107.983, 152
Trd, 000108.483, 155
Trd, 000108.750, 165
Trd, 000109.000, 153
Trd, 000109.483, 162
Trd, 000109.633, 155
Trd, 000110.200, 152
Trd, 000110.383, 158
Trd, 000110.617, 151
Trd, 000111.717, 155
Trd, 000111.883, 153
Trd, 000112.833, 153
Trd, 000112.867, 152
Trd, 000113.067, 154
Trd, 000113.917, 152
Trd, 000114.167, 152
Trd, 000114.267, 155
Trd, 000114.400, 159
Trd, 000115.033, 152
Trd, 000115.500, 154
Trd, 000115.783, 155
Trd, 000115.883, 157
Trd, 000116.050, 153
Trd, 000116.217, 161
Trd, 000116.350, 169
Trd, 000116.767, 179
Trd, 000116.800, 160
Trd, 000117.183, 159
Trd, 000118.067, 184
Trd, 000118.517, 176
Trd, 000118.750, 172
Trd, 000119.517, 174
Trd, 000119.983, 169
Trd, 000120.167, 170
Trd, 000122.150, 171
Trd, 000122.500, 167
Trd, 000122.517, 170
Trd, 000122.533, 170
Trd, 000122.633, 171
Trd, 000123.267, 172
Trd, 000123.367, 164
Trd, 000123.900, 162
Trd, 000125.300, 170
Trd, 000125.567, 163
Trd, 000126.767, 163
Trd, 000126.800, 162
Trd, 000127.167, 166
Trd, 000127.967, 164
Trd, 000128.283, 162
Trd, 000128.317, 161
Trd, 000128.717, 163
Trd, 000128.983, 157
Trd, 000129.083, 166
Trd, 000129.933, 154
Trd, 000130.433, 164
Trd, 000131.267, 162
Trd, 000131.433, 164
Trd, 000131.650, 160
Trd, 000131.733, 164
Trd, 000132.333, 160
Trd, 000132.533, 159
Trd, 000132.650, 166
Trd, 000133.367, 158
Trd, 000133.467, 170
Trd, 000133.650, 171
Trd, 000134.267, 181
Trd, 000134.717, 178
Trd, 000136.050, 169
Trd, 000136.067, 163
Trd, 000136.533, 161
Trd, 000136.800, 169
Trd, 000137.050, 172
Trd, 000137.417, 160
Trd, 000137.950, 160
Trd, 000138.167, 168
Trd, 000138.450, 169
Trd, 000139.417, 170
Trd, 000140.083, 172
Trd, 000140.717, 161
Trd, 000140.850, 197
Trd, 000141.200, 159
Trd, 000141.917, 176
Trd, 000143.017, 165
Trd, 000143.100, 162
Trd, 000143.417, 159
Trd, 000143.867, 169
Trd, 000144.100, 167
Trd, 000144.250, 163
Trd, 000144.783, 169
Trd, 000144.900, 180
Trd, 000145.283, 164
Trd, 000146.667, 169
Trd, 000146.750, 164
Trd, 000147.383, 168
Trd, 000147.633, 166
Trd, 000148.067, 164
Trd, 000149.200, 169
Trd, 000150.267, 166
Trd, 000150.850, 166
Trd, 000151.283, 164
Trd, 000151.350, 163
Trd, 000151.650, 155
Trd, 000151.767, 164
Trd, 000152.083, 165
Trd, 000152.733, 162
Trd, 000152.750, 159
Trd, 000153.533, 149
Trd, 000154.017, 156
Trd, 000154.067, 163
Trd, 000154.233, 155
Trd, 000155.500, 161
Trd, 000155.533, 159
Trd, 000155.633, 163
Trd, 000156.000, 164
Trd, 000156.500, 174
Trd, 000157.000, 163
Trd, 000157.833, 173
Trd, 000158.150, 197
Trd, 000158.483, 198
Trd, 000158.800, 186
Trd, 000159.433, 164
Trd, 000160.483, 186
Trd, 000161.150, 185
Trd, 000161.217, 190
Trd, 000161.367, 184
Trd, 000161.617, 164
Trd, 000161.917, 183
Trd, 000162.900, 182
Trd, 000163.417, 169
Trd, 000163.950, 176
Trd, 000165.067, 167
Trd, 000165.217, 174
Trd, 000166.200, 171
Trd, 000166.817, 173
Trd, 000167.233, 166
Trd, 000167.800, 199
Trd, 000168.167, 170
Trd, 000168.550, 171
Trd, 000168.883, 125
Trd, 000168.950, 183
Trd, 000169.367, 152
Trd, 000169.883, 179
Trd, 000170.450, 174
Trd, 000170.767, 170
Trd, 000170.950, 177
Trd, 000171.400, 178
Trd, 000171.500, 179
Trd, 000172.017, 165
Trd, 000172.950, 180
Trd, 000173.200, 181
Trd, 000173.350, 179
Trd, 000173.667, 169
Trd, 000174.400, 171
Trd, 000175.333, 169
Trd, 000175.800, 168
Trd, 000176.183, 166
Trd, 000177.150, 159
Trd, 000177.350, 166
Trd, 000178.400, 167
Trd, 000178.917, 165
Trd, 000179.400, 167
Trd, 000179.733, 168
Trd, 000179.833, 173
Trd, 000179.950, 167
Trd, 000180.783, 170
Trd, 000181.167, 166
Trd, 000181.383, 174
Trd, 000182.017, 158
Trd, 000182.267, 176
Trd, 000182.467, 158
Trd, 000182.600, 159
Trd, 000182.767, 134
Trd, 000183.150, 200
Trd, 000183.300, 166
Trd, 000183.850, 179
Trd, 000184.200, 200
Trd, 000185.400, 178
Trd, 000186.400, 172
Trd, 000186.533, 171
Trd, 000186.650, 169
Trd, 000187.200, 157
Trd, 000187.817, 165
Trd, 000187.967, 165
Trd, 000188.317, 164
Trd, 000189.017, 164
Trd, 000189.300, 167
Trd, 000189.517, 166
Trd, 000189.667, 163
Trd, 000190.350, 167
Trd, 000190.367, 167
Trd, 000190.867, 175
Trd, 000191.383, 177
Trd, 000191.783, 182
Trd, 000191.917, 181
Trd, 000193.117, 199
Trd, 000193.300, 187
Trd, 000193.450, 167
Trd, 000194.183, 191
Trd, 000194.567, 167
Trd, 000194.650, 188
Trd, 000195.283, 167
Trd, 000196.950, 167
Trd, 000197.333, 173
Trd, 000197.700, 175
Trd, 000197.750, 183
Trd, 000197.983, 180
Trd, 000199.100, 188
Trd, 000199.150, 166
Trd, 000199.850, 167
Trd, 000200.433, 160
Trd, 000201.117, 154
Trd, 000201.367, 160
Trd, 000201.900, 166
Trd, 000202.817, 167
Trd, 000204.033, 163
Trd, 000204.117, 161
Trd, 000205.000, 161
Trd, 000205.017, 164
Trd, 000205.150, 160
Trd, 000205.567, 160
Trd, 000206.083, 163
Trd, 000206.400, 163
Trd, 000206.533, 159
Trd, 000207.283, 165
Trd, 000209.200, 165
Trd, 000209.317, 164
Trd, 000210.000, 167
Trd, 000210.433, 167
Trd, 000210.717, 164
Trd, 000210.750, 163
Trd, 000211.183, 164
Trd, 000211.467, 162
Trd, 000211.550, 163
Trd, 000211.867, 166
Trd, 000212.950, 174
Trd, 000213.367, 164
Trd, 000213.550, 171
Trd, 000214.633, 168
Trd, 000215.167, 172
Trd, 000215.333, 167
Trd, 000215.733, 169
Trd, 000215.850, 167
Trd, 000215.933, 172
Trd, 000216.050, 171
Trd, 000216.450, 171
Trd, 000216.750, 166
Trd, 000217.283, 172
Trd, 000217.417, 179
Trd, 000218.017, 167
Trd, 000218.633, 181
Trd, 000219.667, 173
Trd, 000219.833, 168
Trd, 000220.150, 170
Trd, 000220.400, 170
Trd, 000220.417, 169
Trd, 000220.567, 168
Trd, 000220.783, 167
Trd, 000221.367, 168
Trd, 000221.483, 169
Trd, 000221.700, 158
Trd, 000223.167, 163
Trd, 000223.233, 162
Trd, 000223.933, 162
Trd, 000224.217, 167
Trd, 000224.867, 169
Trd, 000225.017, 170
Trd, 000225.300, 162
Trd, 000225.650, 185
Trd, 000225.667, 204
Trd, 000226.167, 161
Trd, 000227.200, 191
Trd, 000227.967, 174
Trd, 000228.283, 172
Trd, 000229.633, 175
Trd, 000229.917, 174
Trd, 000229.967, 172
Trd, 000230.367, 175
Trd, 000230.617, 177
Trd, 000231.150, 180
Trd, 000231.350, 171
Trd, 000231.400, 165
Trd, 000231.783, 163
Trd, 000232.083, 163
Trd, 000232.567, 164
Trd, 000232.650, 181
Trd, 000232.967, 162
Trd, 000233.850, 161
Trd, 000234.450, 171
Trd, 000234.950, 175
Trd, 000235.400, 177
Trd, 000235.667, 159
Trd, 000237.150, 161
Trd, 000237.983, 161
Trd, 000238.200, 162
Trd, 000239.017, 165
Trd, 000239.217, 162
Trd, 000239.900, 163
Trd, 000240.300, 164
Trd, 000240.417, 165
Trd, 000240.850, 164
Trd, 000241.183, 164
Trd, 000241.500, 166
Trd, 000241.517, 169
Trd, 000241.550, 172
Trd, 000241.750, 163
Trd, 000241.933, 175
Trd, 000242.000, 192
Trd, 000242.150, 196
Trd, 000242.383, 165
Trd, 000242.683, 192
Trd, 000243.083, 194
Trd, 000243.800, 189
Trd, 000243.867, 181
Trd, 000243.983, 191
Trd, 000244.150, 184
Trd, 000244.450, 175
Trd, 000244.783, 193
Trd, 000246.133, 179
Trd, 000246.250, 176
Trd, 000246.667, 174
Trd, 000246.767, 173
Trd, 000246.900, 177
Trd, 000246.933, 180
Trd, 000247.133, 172
Trd, 000247.333, 187
Trd, 000247.350, 172
Trd, 000248.200, 192
Trd, 000248.867, 196
Trd, 000249.717, 183
Trd, 000250.083, 181
Trd, 000250.583, 180
Trd, 000250.633, 179
Trd, 000251.517, 175
Trd, 000251.900, 172
Trd, 000252.167, 173
Trd, 000252.233, 174
Trd, 000252.717, 174
Trd, 000252.767, 176
Trd, 000253.450, 181
Trd, 000254.117, 181
Trd, 000254.500, 192
Trd, 000255.367, 178
Trd, 000255.533, 178
Trd, 000255.600, 175
Trd, 000256.067, 175
Trd, 000256.100, 178
Trd, 000256.300, 171
Trd, 000256.433, 180
Trd, 000257.167, 177
Trd, 000258.333, 173
Trd, 000259.033, 172
Trd, 000259.050, 174
Trd, 000259.117, 175
Trd, 000260.317, 174
Trd, 000260.383, 171
Trd, 000260.733, 167
Trd, 000260.900, 166
Trd, 000261.650, 167
Trd, 000261.833, 173
Trd, 000262.267, 166
Trd, 000262.350, 172
Trd, 000262.483, 169
Trd, 000262.933, 172
Trd, 000263.367, 147
Trd, 000264.333, 170
Trd, 000264.683, 171
Trd, 000264.850, 174
Trd, 000264.883, 177
Trd, 000265.317, 183
Trd, 000265.550, 175
Trd, 000266.467, 180
Trd, 000266.567, 182
Trd, 000266.733, 178
Trd, 000266.850, 178
Trd, 000267.367, 187
Trd, 000267.417, 189
Trd, 000267.700, 188
Trd, 000268.117, 182
Trd, 000268.133, 177
Trd, 000268.183, 174
Trd, 000269.117, 180
Trd, 000269.567, 185
Trd, 000270.067, 176
Trd, 000270.133, 176
Trd, 000270.217, 175
Trd, 000270.317, 180
Trd, 000271.533, 181
Trd, 000271.917, 182
Trd, 000272.233, 175
Trd, 000272.667, 182
Trd, 000272.933, 182
Trd, 000273.333, 181
Trd, 000273.400, 175
Trd, 000273.567, 183
Trd, 000274.017, 161
Trd, 000274.383, 168
Trd, 000274.883, 168
Trd, 000275.267, 172
Trd, 000275.683, 172
Trd, 000276.167, 175
Trd, 000276.550, 178
Trd, 000276.683, 181
Trd, 000276.783, 173
Trd, 000276.967, 186
Trd, 000277.250, 188
Trd, 000277.283, 180
Trd, 000278.183, 190
Trd, 000278.200, 192
Trd, 000278.433, 186
Trd, 000278.517, 182
Trd, 000279.383, 174
Trd, 000279.617, 183
Trd, 000280.017, 177
Trd, 000280.417, 179
Trd, 000280.767, 176
Trd, 000281.017, 169
Trd, 000281.367, 183
Trd, 000281.917, 169
Trd, 000282.117, 178
Trd, 000282.183, 168
Trd, 000282.433, 162
Trd, 000283.450, 166
Trd, 000283.550, 163
Trd, 000284.217, 167
Trd, 000284.450, 164
Trd, 000284.617, 167
Trd, 000284.700, 169
Trd, 000285.133, 165
Trd, 000285.833, 177
Trd, 000286.100, 179
Trd, 000286.450, 173
Trd, 000286.567, 184
Trd, 000286.617, 183
Trd, 000286.850, 186
Trd, 000287.367, 185
Trd, 000287.717, 190
Trd, 000287.850, 174
Trd, 000287.933, 172
Trd, 000288.300, 175
Trd, 000288.750, 178
Trd, 000288.900, 179
Trd, 000289.333, 176
Trd, 000289.883, 180
Trd, 000290.100, 176
Trd, 000291.150, 179
Trd, 000291.450, 175
Trd, 000291.750, 177
Trd, 000291.867, 181
Trd, 000292.017, 176
Trd, 000292.183, 187
Trd, 000292.650, 175
Trd, 000293.233, 178
Trd, 000293.300, 179
Trd, 000293.733, 177
Trd, 000294.033, 176
Trd, 000294.417, 180
Trd, 000295.117, 181
Trd, 000295.150, 169
Trd, 000295.267, 167
Trd, 000295.400, 196
Trd, 000296.233, 197
Trd, 000296.550, 177
Trd, 000296.800, 195
Trd, 000296.900, 201
Trd, 000298.100, 180
Trd, 000298.233, 167
Trd, 000298.883, 171
Trd, 000299.033, 174
Trd, 000299.150, 174
Trd, 000299.333, 178
Trd, 000299.633, 181
Trd, 000299.667, 171
Trd, 000299.900, 190
