Trd, 000002.817, 158
Trd, 000003.067, 153
Trd, 000004.050, 152
Trd, 000004.267, 152
Trd, 000004.550, 131
Trd, 000005.067, 153
Trd, 000005.233, 148
Trd, 000005.583, 154
Trd, 000005.967, 154
Trd, 000007.717, 155
Trd, 000008.583, 155
Trd, 000009.650, 154
Trd, 000010.200, 154
Trd, 000010.500, 159
Trd, 000010.550, 165
Trd, 000011.183, 153
Trd, 000012.083, 157
Trd, 000012.317, 154
Trd, 000012.783, 155
Trd, 000013.317, 155
Trd, 000013.567, 157
Trd, 000014.200, 157
Trd, 000014.617, 154
Trd, 000015.600, 156
Trd, 000016.317, 154
Trd, 000016.650, 155
Trd, 000017.033, 154
Trd, 000018.233, 156
Trd, 000019.483, 152
Trd, 000019.900, 153
Trd, 000020.283, 152
Trd, 000020.450, 154
Trd, 000020.700, 159
Trd, 000021.483, 164
Trd, 000022.033, 161
Trd, 000022.783, 164
Trd, 000023.383, 162
Trd, 000024.317, 161
Trd, 000025.167, 160
Trd, 000025.400, 160
Trd, 000026.067, 160
Trd, 000026.850, 159
Trd, 000027.850, 158
Trd, 000027.983, 161
Trd, 000028.583, 158
Trd, 000029.367, 158
Trd, 000029.967, 158
Trd, 000030.033, 159
Trd, 000030.517, 158
Trd, 000031.083, 157
Trd, 000031.600, 158
Trd, 000031.650, 155
Trd, 000032.367, 152
Trd, 000032.700, 157
Trd, 000033.300, 154
Trd, 000033.767, 155
Trd, 000035.083, 150
Trd, 000035.550, 150
Trd, 000036.950, 152
Trd, 000037.433, 154
Trd, 000037.650, 162
Trd, 000037.833, 153
Trd, 000038.333, 158
Trd, 000039.017, 156
Trd, 000039.283, 158
Trd, 000041.233, 157
Trd, 000041.750, 158
Trd, 000042.033, 161
Trd, 000042.350, 159
Trd, 000043.850, 162
Trd, 000044.200, 164
Trd, 000044.533, 161
Trd, 000044.633, 162
Trd, 000045.317, 161
Trd, 000045.567, 161
Trd, 000047.000, 159
Trd, 000047.033, 159
Trd, 000047.333, 158
Trd, 000047.767, 158
Trd, 000048.883, 161
Trd, 000050.183, 160
Trd, 000050.517, 159
Trd, 000050.583, 162
Trd, 000050.600, 167
Trd, 000052.117, 163
Trd, 000053.500, 168
Trd, 000054.950, 164
Trd, 000055.117, 163
Trd, 000055.650, 163
Trd, 000056.633, 162
Trd, 000057.217, 165
Trd, 000057.483, 161
Trd, 000058.017, 162
Trd, 000058.083, 163
Trd, 000059.500, 161
Trd, 000059.750, 163
Trd, 000060.400, 164
Trd, 000060.633, 164
Trd, 000060.983, 163
Trd, 000061.600, 163
Trd, 000061.967, 164
Trd, 000062.250, 166
Trd, 000063.183, 165
Trd, 000063.400, 164
Trd, 000063.500, 165
Trd, 000063.950, 166
Trd, 000065.350, 168
Trd, 000065.367, 167
Trd, 000066.867, 161
Trd, 000067.767, 160
Trd, 000069.067, 163
Trd, 000069.500, 148
Trd, 000069.867, 159
Trd, 000070.217, 159
Trd, 000070.683, 159
Trd, 000070.933, 158
Trd, 000071.117, 161
Trd, 000071.183, 165
Trd, 000071.467, 169
Trd, 000071.917, 159
Trd, 000071.983, 182
Trd, 000072.250, 157
Trd, 000074.283, 172
Trd, 000074.550, 166
Trd, 000076.317, 173
Trd, 000077.250, 171
Trd, 000077.683, 171
Trd, 000077.933, 172
Trd, 000078.433, 173
Trd, 000079.033, 172
Trd, 000079.083, 169
Trd, 000079.183, 167
Trd, 000080.367, 168
Trd, 000080.867, 167
Trd, 000081.133, 166
Trd, 000081.550, 171
Trd, 000082.567, 166
Trd, 000082.883, 165
Trd, 000082.917, 168
Trd, 000084.683, 168
Trd, 000085.117, 167
Trd, 000085.567, 167
Trd, 000085.733, 166
Trd, 000086.583, 164
Trd, 000086.750, 162
Trd, 000087.167, 164
Trd, 000087.283, 163
Trd, 000087.783, 162
Trd, 000088.083, 166
Trd, 000089.900, 163
Trd, 000090.217, 162
Trd, 000090.383, 166
Trd, 000091.183, 163
Trd, 000091.833, 164
Trd, 000092.650, 165
Trd, 000093.050, 164
Trd, 000093.583, 163
Trd, 000094.633, 164
Trd, 000094.667, 165
Trd, 000095.567, 165
Trd, 000095.917, 160
Trd, 000096.083, 159
Trd, 000097.017, 159
Trd, 000097.067, 150
Trd, 000097.283, 161
Trd, 000097.950, 158
Trd, 000099.600, 157
Trd, 000099.867, 159
Trd, 000099.983, 160
Trd, 000100.300, 160
Trd, 000100.733, 161
Trd, 000102.233, 164
Trd, 000102.617, 169
Trd, 000103.150, 167
Trd, 000104.050, 166
Trd, 000104.350, 165
Trd, 000104.517, 164
Trd, 000105.583, 165
Trd, 000105.850, 166
Trd, 000107.017, 167
Trd, 000107.600, 166
Trd, 000108.950, 166
Trd, 000108.967, 165
Trd, 000109.717, 166
Trd, 000110.783, 166
Trd, 000111.333, 169
Trd, 000112.217, 168
Trd, 000112.783, 167
Trd, 000113.133, 168
Trd, 000113.883, 167
Trd, 000114.950, 165
Trd, 000114.967, 165
Trd, 000115.250, 165
Trd, 000115.667, 168
Trd, 000116.317, 160
Trd, 000116.350, 162
Trd, 000117.400, 158
Trd, 000118.217, 162
Trd, 000118.917, 161
Trd, 000119.300, 164
Trd, 000120.417, 165
Trd, 000121.300, 164
Trd, 000121.400, 164
Trd, 000122.533, 164
Trd, 000122.583, 165
Trd, 000122.717, 163
Trd, 000122.867, 166
Trd, 000123.767, 164
Trd, 000124.283, 166
Trd, 000124.750, 165
Trd, 000124.867, 167
Trd, 000125.150, 169
Trd, 000125.300, 170
Trd, 000125.483, 166
Trd, 000125.817, 170
Trd, 000126.367, 170
Trd, 000126.750, 169
Trd, 000126.983, 174
Trd, 000127.283, 171
Trd, 000127.783, 172
Trd, 000129.750, 181
Trd, 000129.817, 180
Trd, 000130.300, 182
Trd, 000130.383, 180
Trd, 000130.433, 176
Trd, 000130.617, 171
Trd, 000131.417, 178
Trd, 000131.617, 177
Trd, 000131.683, 179
Trd, 000131.917, 165
Trd, 000132.633, 180
Trd, 000134.350, 171
Trd, 000134.750, 169
Trd, 000135.350, 168
Trd, 000135.883, 170
Trd, 000136.317, 171
Trd, 000136.450, 167
Trd, 000136.750, 167
Trd, 000137.800, 168
Trd, 000138.467, 168
Trd, 000138.650, 167
Trd, 000138.817, 154
Trd, 000139.433, 170
Trd, 000140.417, 171
Trd, 000141.500, 165
Trd, 000142.150, 165
Trd, 000142.583, 165
Trd, 000142.633, 164
Trd, 000142.800, 145
Trd, 000145.600, 162
Trd, 000146.567, 165
Trd, 000148.017, 164
Trd, 000148.083, 160
Trd, 000148.167, 159
Trd, 000148.550, 165
Trd, 000149.817, 165
Trd, 000150.567, 166
Trd, 000150.900, 172
Trd, 000151.567, 170
Trd, 000151.950, 168
Trd, 000152.583, 167
Trd, 000152.683, 166
Trd, 000153.183, 168
Trd, 000154.267, 166
Trd, 000154.383, 166
Trd, 000154.583, 166
Trd, 000154.600, 167
Trd, 000154.783, 170
Trd, 000155.617, 167
Trd, 000155.650, 166
Trd, 000156.433, 167
Trd, 000157.750, 170
Trd, 000157.850, 168
Trd, 000158.117, 168
Trd, 000158.817, 167
Trd, 000159.050, 168
Trd, 000160.233, 166
Trd, 000161.017, 168
Trd, 000161.117, 169
Trd, 000161.550, 174
Trd, 000161.633, 166
Trd, 000161.867, 165
Trd, 000162.867, 165
Trd, 000164.650, 170
Trd, 000164.867, 168
Trd, 000164.967, 167
Trd, 000165.150, 171
Trd, 000166.100, 167
Trd, 000166.383, 168
Trd, 000166.983, 166
Trd, 000168.200, 166
Trd, 000168.517, 167
Trd, 000169.550, 167
Trd, 000170.000, 168
Trd, 000170.600, 171
Trd, 000171.300, 167
Trd, 000171.900, 166
Trd, 000172.233, 169
Trd, 000172.833, 166
Trd, 000173.183, 167
Trd, 000173.200, 166
Trd, 000174.567, 166
Trd, 000174.650, 166
Trd, 000174.867, 166
Trd, 000175.000, 168
Trd, 000175.383, 170
Trd, 000175.417, 175
Trd, 000177.583, 172
Trd, 000178.100, 172
Trd, 000178.600, 173
Trd, 000180.083, 182
Trd, 000180.267, 179
Trd, 000180.550, 179
Trd, 000180.650, 178
Trd, 000181.333, 178
Trd, 000182.083, 176
Trd, 000183.250, 177
Trd, 000183.367, 177
Trd, 000183.417, 176
Trd, 000183.933, 175
Trd, 000184.283, 176
Trd, 000184.967, 179
Trd, 000185.083, 170
Trd, 000185.667, 170
Trd, 000186.000, 160
Trd, 000186.850, 170
Trd, 000186.900, 176
Trd, 000188.133, 166
Trd, 000188.417, 172
Trd, 000189.083, 170
Trd, 000189.183, 169
Trd, 000190.650, 169
Trd, 000190.750, 168
Trd, 000191.033, 166
Trd, 000191.517, 170
Trd, 000192.300, 178
Trd, 000192.500, 177
Trd, 000192.867, 177
Trd, 000193.667, 175
Trd, 000193.750, 176
Trd, 000194.217, 177
Trd, 000195.417, 176
Trd, 000195.500, 177
Trd, 000195.583, 179
Trd, 000196.133, 183
Trd, 000196.417, 182
Trd, 000197.233, 182
Trd, 000198.300, 183
Trd, 000199.200, 183
Trd, 000199.250, 183
Trd, 000200.333, 183
Trd, 000200.550, 180
Trd, 000201.200, 182
Trd, 000201.517, 183
Trd, 000201.900, 180
Trd, 000202.117, 178
Trd, 000202.633, 174
Trd, 000205.167, 180
Trd, 000205.433, 180
Trd, 000206.333, 179
Trd, 000206.400, 181
Trd, 000206.433, 179
Trd, 000207.267, 179
Trd, 000207.283, 178
Trd, 000207.350, 178
Trd, 000207.683, 162
Trd, 000208.800, 175
Trd, 000209.067, 177
Trd, 000209.450, 175
Trd, 000209.550, 174
Trd, 000209.567, 173
Trd, 000210.333, 176
Trd, 000211.533, 174
Trd, 000211.617, 174
Trd, 000211.967, 173
Trd, 000212.483, 171
Trd, 000212.600, 172
Trd, 000212.783, 176
Trd, 000213.033, 176
Trd, 000213.217, 183
Trd, 000214.483, 170
Trd, 000215.267, 173
Trd, 000215.550, 179
Trd, 000217.133, 175
Trd, 000217.333, 172
Trd, 000217.367, 171
Trd, 000218.117, 171
Trd, 000218.167, 173
Trd, 000219.117, 171
Trd, 000219.533, 170
Trd, 000220.800, 163
Trd, 000221.900, 165
Trd, 000222.367, 166
Trd, 000222.683, 173
Trd, 000223.100, 169
Trd, 000223.200, 167
Trd, 000223.783, 179
Trd, 000224.600, 177
Trd, 000225.383, 176
Trd, 000226.033, 179
Trd, 000226.383, 180
Trd, 000226.717, 176
Trd, 000227.750, 179
Trd, 000228.183, 181
Trd, 000229.150, 177
Trd, 000229.383, 176
Trd, 000229.483, 176
Trd, 000229.583, 180
Trd, 000230.183, 180
Trd, 000231.500, 179
Trd, 000231.733, 179
Trd, 000232.517, 178
Trd, 000233.300, 179
Trd, 000233.783, 179
Trd, 000234.883, 180
Trd, 000235.233, 180
Trd, 000235.617, 179
Trd, 000236.217, 181
Trd, 000236.483, 181
Trd, 000237.183, 178
Trd, 000237.667, 178
Trd, 000237.717, 184
Trd, 000237.983, 164
Trd, 000239.583, 177
Trd, 000240.000, 176
Trd, 000240.117, 177
Trd, 000240.800, 176
Trd, 000241.017, 175
Trd, 000241.867, 175
Trd, 000242.050, 176
Trd, 000242.883, 175
Trd, 000243.717, 178
Trd, 000243.983, 179
Trd, 000244.667, 177
Trd, 000244.833, 176
Trd, 000245.433, 178
Trd, 000245.833, 176
Trd, 000245.900, 180
Trd, 000246.250, 176
Trd, 000246.500, 178
Trd, 000246.717, 177
Trd, 000247.817, 187
Trd, 000248.283, 181
Trd, 000248.633, 188
Trd, 000249.233, 181
Trd, 000249.733, 183
Trd, 000250.033, 182
Trd, 000250.283, 183
Trd, 000251.917, 183
Trd, 000252.067, 181
Trd, 000252.817, 184
Trd, 000253.383, 183
Trd, 000253.900, 184
Trd, 000254.583, 185
Trd, 000255.433, 183
Trd, 000256.050, 182
Trd, 000256.067, 181
Trd, 000256.617, 182
Trd, 000257.233, 186
Trd, 000257.783, 186
Trd, 000258.283, 180
Trd, 000258.950, 184
Trd, 000259.283, 179
Trd, 000259.350, 188
Trd, 000259.900, 184
Trd, 000260.033, 182
Trd, 000261.917, 180
Trd, 000261.933, 177
Trd, 000262.117, 176
Trd, 000263.250, 178
Trd, 000263.817, 177
Trd, 000263.850, 177
Trd, 000264.350, 177
Trd, 000264.567, 176
Trd, 000264.650, 181
Trd, 000265.117, 175
Trd, 000265.650, 175
Trd, 000266.050, 179
Trd, 000266.583, 178
Trd, 000267.150, 183
Trd, 000267.717, 184
Trd, 000267.917, 183
Trd, 000268.367, 185
Trd, 000268.833, 178
Trd, 000269.033, 182
Trd, 000269.650, 186
Trd, 000270.467, 186
Trd, 000270.617, 187
Trd, 000271.533, 184
Trd, 000271.783, 178
Trd, 000273.233, 178
Trd, 000273.700, 173
Trd, 000274.167, 178
Trd, 000274.567, 177
Trd, 000274.717, 175
Trd, 000275.033, 174
Trd, 000275.100, 178
Trd, 000275.650, 178
Trd, 000276.517, 184
Trd, 000278.650, 180
Trd, 000278.900, 182
Trd, 000279.467, 179
Trd, 000279.800, 178
Trd, 000280.983, 180
Trd, 000281.500, 179
Trd, 000281.717, 181
Trd, 000281.750, 179
Trd, 000282.333, 183
Trd, 000283.183, 183
Trd, 000283.450, 180
Trd, 000284.750, 181
Trd, 000284.833, 179
Trd, 000285.067, 180
Trd, 000285.750, 180
Trd, 000285.867, 182
Trd, 000286.750, 183
Trd, 000287.217, 179
Trd, 000287.383, 181
Trd, 000287.633, 179
Trd, 000288.233, 180
Trd, 000288.550, 177
Trd, 000288.750, 170
Trd, 000289.817, 179
Trd, 000290.083, 176
Trd, 000291.183, 179
Trd, 000292.050, 176
Trd, 000292.567, 176
Trd, 000292.583, 174
Trd, 000293.650, 172
Trd, 000294.350, 174
Trd, 000294.467, 175
Trd, 000295.200, 177
Trd, 000295.633, 179
Trd, 000296.083, 177
Trd, 000296.533, 180
Trd, 000296.700, 184
Trd, 000297.183, 188
Trd, 000297.983, 185
Trd, 000298.350, 185
Trd, 000298.417, 186
Trd, 000298.617, 184
Trd, 000299.167, 186
Trd, 000299.283, 188
Trd, 000299.483, 186
Trd, 000299.667, 184
