Trd, 000000.850, 141
Trd, 000002.233, 127
Trd, 000002.650, 127
Trd, 000002.667, 126
Trd, 000003.183, 140
Trd, 000003.483, 141
Trd, 000003.900, 129
Trd, 000004.300, 158
Trd, 000004.817, 129
Trd, 000005.517, 143
Trd, 000005.867, 145
Trd, 000005.883, 139
Trd, 000006.267, 148
Trd, 000006.817, 156
Trd, 000006.917, 138
Trd, 000007.850, 129
Trd, 000008.967, 130
Trd, 000009.050, 142
Trd, 000009.350, 142
Trd, 000010.483, 145
Trd, 000010.667, 147
Trd, 000011.000, 149
Trd, 000012.317, 143
Trd, 000012.350, 142
Trd, 000012.833, 149
Trd, 000013.533, 145
Trd, 000013.550, 144
Trd, 000013.800, 146
Trd, 000015.117, 151
Trd, 000015.717, 140
Trd, 000016.050, 150
Trd, 000017.050, 148
Trd, 000018.233, 149
Trd, 000018.517, 151
Trd, 000018.617, 157
Trd, 000019.300, 149
Trd, 000019.367, 148
Trd, 000019.583, 150
Trd, 000020.100, 149
Trd, 000020.217, 151
Trd, 000021.833, 145
Trd, 000022.100, 148
Trd, 000022.233, 148
Trd, 000023.017, 143
Trd, 000023.317, 141
Trd, 000023.883, 142
Trd, 000024.350, 143
Trd, 000024.533, 141
Trd, 000024.817, 142
Trd, 000025.467, 143
Trd, 000026.283, 151
Trd, 000026.450, 157
Trd, 000027.150, 153
Trd, 000027.383, 159
Trd, 000027.750, 154
Trd, 000028.783, 154
Trd, 000029.000, 152
Trd, 000029.233, 147
Trd, 000029.450, 171
Trd, 000029.817, 163
Trd, 000029.900, 156
Trd, 000030.717, 161
Trd, 000030.967, 152
Trd, 000031.633, 140
Trd, 000031.733, 153
Trd, 000032.017, 142
Trd, 000032.900, 152
Trd, 000033.100, 139
Trd, 000033.517, 144
Trd, 000034.917, 144
Trd, 000035.033, 152
Trd, 000035.950, 150
Trd, 000036.817, 149
Trd, 000037.300, 151
Trd, 000038.133, 151
Trd, 000038.367, 151
Trd, 000039.333, 153
Trd, 000039.567, 150
Trd, 000040.433, 151
Trd, 000040.517, 151
Trd, 000040.533, 152
Trd, 000041.483, 150
Trd, 000042.033, 152
Trd, 000042.200, 154
Trd, 000043.417, 149
Trd, 000043.483, 148
Trd, 000043.750, 140
Trd, 000044.300, 145
Trd, 000044.417, 145
Trd, 000044.967, 152
Trd, 000045.000, 150
Trd, 000045.400, 159
Trd, 000045.833, 151
Trd, 000046.067, 153
Trd, 000046.400, 154
Trd, 000046.483, 140
Trd, 000047.000, 147
Trd, 000048.067, 155
Trd, 000048.817, 160
Trd, 000049.417, 151
Trd, 000049.767, 153
Trd, 000049.900, 150
Trd, 000051.550, 158
Trd, 000052.433, 157
Trd, 000052.967, 158
Trd, 000053.150, 160
Trd, 000053.550, 156
Trd, 000053.750, 163
Trd, 000054.283, 184
Trd, 000054.633, 155
Trd, 000055.067, 170
Trd, 000055.400, 177
Trd, 000055.450, 179
Trd, 000055.800, 155
Trd, 000056.167, 159
Trd, 000057.050, 147
Trd, 000057.117, 164
Trd, 000057.300, 165
Trd, 000057.600, 142
Trd, 000057.983, 136
Trd, 000058.017, 159
Trd, 000059.283, 141
Trd, 000060.133, 153
Trd, 000060.350, 145
Trd, 000061.300, 145
Trd, 000061.450, 150
Trd, 000062.733, 151
Trd, 000063.083, 151
Trd, 000063.267, 154
Trd, 000063.517, 161
Trd, 000064.367, 156
Trd, 000065.367, 155
Trd, 000065.533, 154
Trd, 000065.667, 153
Trd, 000066.433, 164
Trd, 000067.000, 156
Trd, 000067.533, 153
Trd, 000067.783, 160
Trd, 000067.850, 148
Trd, 000068.100, 186
Trd, 000069.417, 167
Trd, 000070.083, 151
Trd, 000070.117, 155
Trd, 000070.967, 156
Trd, 000071.183, 150
Trd, 000071.817, 155
Trd, 000071.983, 156
Trd, 000073.417, 155
Trd, 000073.433, 156
Trd, 000073.867, 155
Trd, 000074.233, 157
Trd, 000074.333, 156
Trd, 000074.517, 165
Trd, 000075.917, 160
Trd, 000076.000, 162
Trd, 000076.767, 160
Trd, 000078.583, 149
Trd, 000078.850, 148
Trd, 000078.967, 154
Trd, 000079.250, 154
Trd, 000080.433, 156
Trd, 000082.083, 149
Trd, 000082.433, 148
Trd, 000083.100, 152
Trd, 000083.417, 161
Trd, 000083.850, 163
Trd, 000083.950, 153
Trd, 000084.233, 154
Trd, 000085.300, 145
Trd, 000085.400, 153
Trd, 000086.617, 156
Trd, 000087.100, 153
Trd, 000087.817, 158
Trd, 000089.700, 165
Trd, 000089.833, 153
Trd, 000090.300, 150
Trd, 000090.583, 150
Trd, 000091.167, 157
Trd, 000091.300, 149
Trd, 000091.417, 148
Trd, 000091.717, 157
Trd, 000093.150, 158
Trd, 000093.183, 156
Trd, 000093.417, 164
Trd, 000093.433, 153
Trd, 000093.467, 167
Trd, 000094.167, 154
Trd, 000094.200, 152
Trd, 000095.517, 157
Trd, 000096.150, 158
Trd, 000096.683, 158
Trd, 000096.967, 158
Trd, 000097.300, 157
Trd, 000098.133, 159
Trd, 000098.300, 162
Trd, 000098.933, 157
Trd, 000099.283, 163
Trd, 000100.617, 165
Trd, 000101.100, 152
Trd, 000101.783, 158
Trd, 000102.867, 152
Trd, 000102.883, 163
Trd, 000103.117, 146
Trd, 000103.633, 161
Trd, 000104.033, 146
Trd, 000105.083, 159
Trd, 000105.467, 159
Trd, 000105.833, 158
Trd, 000106.233, 164
Trd, 000106.300, 158
Trd, 000107.750, 162
Trd, 000108.150, 158
Trd, 000108.717, 165
Trd, 000108.817, 168
Trd, 000109.383, 166
Trd, 000109.567, 164
Trd, 000109.650, 164
Trd, 000109.950, 170
Trd, 000111.950, 164
Trd, 000112.467, 167
Trd, 000114.100, 164
Trd, 000115.150, 163
Trd, 000115.217, 162
Trd, 000115.683, 162
Trd, 000115.783, 163
Trd, 000116.083, 164
Trd, 000116.233, 152
Trd, 000116.617, 164
Trd, 000117.000, 157
Trd, 000117.300, 166
Trd, 000117.617, 169
Trd, 000118.150, 157
Trd, 000118.717, 168
Trd, 000118.917, 162
Trd, 000119.283, 167
Trd, 000119.583, 168
Trd, 000119.883, 151
Trd, 000119.983, 169
Trd, 000120.900, 153
Trd, 000122.083, 159
Trd, 000122.317, 160
Trd, 000122.450, 168
Trd, 000122.667, 159
Trd, 000123.200, 149
Trd, 000123.633, 167
Trd, 000124.150, 167
Trd, 000124.750, 165
Trd, 000124.983, 167
Trd, 000125.317, 169
Trd, 000125.583, 153
Trd, 000125.967, 158
Trd, 000127.717, 163
Trd, 000128.317, 163
Trd, 000128.650, 163
Trd, 000128.950, 163
Trd, 000130.283, 163
Trd, 000130.300, 162
Trd, 000130.917, 168
Trd, 000131.000, 161
Trd, 000131.583, 170
Trd, 000131.800, 159
Trd, 000131.967, 149
Trd, 000132.367, 169
Trd, 000133.100, 171
Trd, 000133.400, 169
Trd, 000134.250, 168
Trd, 000135.233, 169
Trd, 000135.533, 172
Trd, 000135.600, 166
Trd, 000135.850, 173
Trd, 000136.350, 168
Trd, 000137.133, 168
Trd, 000137.217, 168
Trd, 000137.267, 164
Trd, 000137.300, 181
Trd, 000138.967, 169
Trd, 000139.050, 175
Trd, 000139.483, 149
Trd, 000139.967, 164
Trd, 000141.817, 163
Trd, 000142.117, 162
Trd, 000142.183, 161
Trd, 000142.433, 163
Trd, 000143.583, 162
Trd, 000143.700, 161
Trd, 000143.767, 161
Trd, 000144.367, 161
Trd, 000144.950, 163
Trd, 000145.700, 163
Trd, 000146.117, 164
Trd, 000146.267, 169
Trd, 000146.767, 166
Trd, 000146.900, 173
Trd, 000147.100, 183
Trd, 000147.583, 158
Trd, 000148.150, 164
Trd, 000149.183, 154
Trd, 000150.250, 162
Trd, 000151.000, 161
Trd, 000152.850, 159
Trd, 000152.917, 158
Trd, 000153.050, 163
Trd, 000153.150, 170
Trd, 000153.217, 153
Trd, 000153.250, 186
Trd, 000153.783, 156
Trd, 000154.067, 170
Trd, 000154.567, 194
Trd, 000154.700, 163
Trd, 000156.183, 154
Trd, 000157.000, 158
Trd, 000157.083, 157
Trd, 000157.700, 161
Trd, 000158.333, 159
Trd, 000158.550, 160
Trd, 000158.667, 158
Trd, 000159.417, 158
Trd, 000159.850, 153
Trd, 000160.033, 160
Trd, 000160.217, 160
Trd, 000160.533, 160
Trd, 000161.467, 164
Trd, 000161.533, 159
Trd, 000162.350, 162
Trd, 000162.550, 171
Trd, 000163.433, 162
Trd, 000164.200, 163
Trd, 000164.233, 164
Trd, 000164.967, 163
Trd, 000165.883, 164
Trd, 000165.950, 165
Trd, 000166.567, 163
Trd, 000166.917, 165
Trd, 000167.733, 164
Trd, 000167.800, 174
Trd, 000167.867, 181
Trd, 000168.333, 174
Trd, 000169.483, 170
Trd, 000169.917, 180
Trd, 000170.600, 170
Trd, 000171.167, 175
Trd, 000171.400, 170
Trd, 000171.683, 169
Trd, 000172.183, 168
Trd, 000172.233, 175
Trd, 000172.750, 157
Trd, 000173.333, 164
Trd, 000173.867, 163
Trd, 000174.583, 163
Trd, 000175.600, 161
Trd, 000175.683, 161
Trd, 000176.717, 159
Trd, 000176.817, 161
Trd, 000176.883, 155
Trd, 000178.400, 159
Trd, 000178.517, 158
Trd, 000179.167, 161
Trd, 000179.833, 165
Trd, 000179.917, 158
Trd, 000180.383, 173
Trd, 000180.483, 159
Trd, 000181.017, 155
Trd, 000181.433, 159
Trd, 000181.867, 165
Trd, 000183.100, 162
Trd, 000183.133, 163
Trd, 000183.400, 163
Trd, 000184.517, 165
Trd, 000184.683, 166
Trd, 000184.950, 165
Trd, 000185.167, 165
Trd, 000185.283, 166
Trd, 000185.317, 172
Trd, 000185.767, 164
Trd, 000187.767, 167
Trd, 000188.667, 174
Trd, 000189.433, 176
Trd, 000189.550, 174
Trd, 000189.883, 173
Trd, 000189.917, 163
Trd, 000190.300, 156
Trd, 000191.617, 155
Trd, 000191.650, 164
Trd, 000191.933, 166
Trd, 000192.167, 161
Trd, 000193.100, 167
Trd, 000193.917, 174
Trd, 000193.983, 176
Trd, 000194.483, 173
Trd, 000194.850, 159
Trd, 000195.183, 158
Trd, 000197.367, 164
Trd, 000197.467, 168
Trd, 000197.833, 170
Trd, 000198.000, 178
Trd, 000198.917, 168
Trd, 000199.367, 168
Trd, 000199.583, 174
Trd, 000199.733, 165
Trd, 000199.867, 163
Trd, 000200.033, 156
Trd, 000200.133, 175
Trd, 000200.950, 178
Trd, 000201.150, 174
Trd, 000201.833, 175
Trd, 000202.100, 161
Trd, 000202.400, 176
Trd, 000202.750, 156
Trd, 000203.950, 176
Trd, 000204.317, 168
Trd, 000205.183, 169
Trd, 000205.433, 170
Trd, 000205.650, 168
Trd, 000205.933, 171
Trd, 000207.200, 172
Trd, 000207.967, 176
Trd, 000208.150, 179
Trd, 000209.083, 186
Trd, 000209.317, 182
Trd, 000209.333, 181
Trd, 000209.533, 181
Trd, 000210.600, 180
Trd, 000210.733, 180
Trd, 000211.433, 172
Trd, 000211.500, 162
Trd, 000211.983, 184
Trd, 000212.650, 175
Trd, 000213.017, 189
Trd, 000213.133, 173
Trd, 000214.117, 177
Trd, 000215.100, 175
Trd, 000215.217, 180
Trd, 000215.300, 174
Trd, 000215.450, 172
Trd, 000216.500, 180
Trd, 000216.533, 172
Trd, 000218.233, 180
Trd, 000219.183, 177
Trd, 000219.583, 173
Trd, 000220.600, 179
Trd, 000220.700, 174
Trd, 000221.300, 174
Trd, 000221.817, 173
Trd, 000222.267, 180
Trd, 000222.733, 173
Trd, 000222.800, 171
Trd, 000224.750, 172
Trd, 000225.250, 172
Trd, 000225.417, 173
Trd, 000225.817, 172
Trd, 000225.917, 173
Trd, 000226.000, 170
Trd, 000226.017, 180
Trd, 000226.133, 166
Trd, 000226.517, 176
Trd, 000226.800, 159
Trd, 000227.333, 154
Trd, 000227.383, 170
Trd, 000228.533, 156
Trd, 000229.283, 164
Trd, 000229.533, 168
Trd, 000230.050, 159
Trd, 000231.233, 168
Trd, 000231.650, 167
Trd, 000231.783, 166
Trd, 000231.883, 171
Trd, 000232.950, 160
Trd, 000233.250, 170
Trd, 000234.700, 167
Trd, 000235.100, 164
Trd, 000236.633, 167
Trd, 000236.700, 168
Trd, 000237.583, 166
Trd, 000237.617, 171
Trd, 000237.867, 179
Trd, 000238.017, 181
Trd, 000239.233, 173
Trd, 000239.883, 173
Trd, 000239.983, 173
Trd, 000240.633, 175
Trd, 000241.233, 176
Trd, 000241.450, 176
Trd, 000241.917, 177
Trd, 000241.983, 175
Trd, 000242.350, 176
Trd, 000242.767, 177
Trd, 000243.667, 177
Trd, 000243.783, 175
Trd, 000243.933, 166
Trd, 000244.633, 172
Trd, 000245.317, 169
Trd, 000245.683, 174
Trd, 000246.100, 174
Trd, 000246.183, 175
Trd, 000246.350, 173
Trd, 000246.567, 174
Trd, 000246.817, 168
Trd, 000247.067, 172
Trd, 000247.083, 167
Trd, 000247.217, 175
Trd, 000248.100, 169
Trd, 000248.883, 173
Trd, 000249.517, 170
Trd, 000249.633, 175
Trd, 000249.883, 176
Trd, 000250.100, 179
Trd, 000250.733, 180
Trd, 000251.183, 183
Trd, 000251.550, 181
Trd, 000251.717, 180
Trd, 000252.400, 180
Trd, 000252.467, 180
Trd, 000252.783, 180
Trd, 000253.067, 181
Trd, 000253.550, 178
Trd, 000253.700, 178
Trd, 000253.800, 176
Trd, 000253.917, 181
Trd, 000254.217, 174
Trd, 000254.450, 185
Trd, 000254.950, 181
Trd, 000255.033, 165
Trd, 000255.217, 165
Trd, 000255.700, 166
Trd, 000255.767, 183
Trd, 000255.817, 169
Trd, 000257.217, 174
Trd, 000257.467, 174
Trd, 000257.583, 181
Trd, 000257.967, 172
Trd, 000258.817, 173
Trd, 000259.533, 177
Trd, 000259.733, 173
Trd, 000260.100, 180
Trd, 000260.750, 180
Trd, 000260.800, 184
Trd, 000261.133, 191
Trd, 000261.217, 177
Trd, 000261.533, 182
Trd, 000261.550, 181
Trd, 000261.767, 184
Trd, 000262.233, 184
Trd, 000262.717, 182
Trd, 000263.117, 182
Trd, 000263.700, 181
Trd, 000263.917, 177
Trd, 000264.033, 162
Trd, 000264.983, 176
Trd, 000265.883, 180
Trd, 000265.950, 173
Trd, 000266.267, 177
Trd, 000266.650, 173
Trd, 000267.467, 173
Trd, 000267.967, 175
Trd, 000268.100, 167
Trd, 000268.167, 171
Trd, 000268.317, 176
Trd, 000268.950, 175
Trd, 000269.200, 177
Trd, 000269.233, 171
Trd, 000269.600, 175
Trd, 000269.733, 174
Trd, 000270.267, 179
Trd, 000270.367, 182
Trd, 000270.583, 170
Trd, 000271.700, 174
Trd, 000272.767, 175
Trd, 000273.067, 181
Trd, 000273.367, 181
Trd, 000273.483, 185
Trd, 000273.933, 195
Trd, 000273.983, 173
Trd, 000274.050, 163
Trd, 000274.283, 206
Trd, 000274.400, 161
Trd, 000276.617, 171
Trd, 000277.117, 176
Trd, 000277.317, 173
Trd, 000277.450, 176
Trd, 000277.683, 173
Trd, 000278.383, 180
Trd, 000278.850, 177
Trd, 000278.883, 174
Trd, 000278.917, 183
Trd, 000279.633, 181
Trd, 000279.867, 180
Trd, 000280.067, 179
Trd, 000280.167, 186
Trd, 000281.133, 180
Trd, 000281.267, 185
Trd, 000281.833, 181
Trd, 000282.217, 183
Trd, 000282.483, 181
Trd, 000282.667, 178
Trd, 000282.767, 181
Trd, 000283.017, 182
Trd, 000283.117, 193
Trd, 000283.350, 164
Trd, 000285.233, 169
Trd, 000285.900, 173
Trd, 000286.100, 174
Trd, 000286.150, 176
Trd, 000286.200, 171
Trd, 000286.433, 177
Trd, 000286.467, 176
Trd, 000288.267, 186
Trd, 000289.083, 183
Trd, 000289.917, 182
Trd, 000290.017, 181
Trd, 000290.083, 181
Trd, 000290.133, 187
Trd, 000290.317, 194
Trd, 000291.250, 191
Trd, 000291.417, 180
Trd, 000291.817, 191
Trd, 000291.833, 197
Trd, 000291.883, 180
Trd, 000292.200, 177
Trd, 000292.567, 178
Trd, 000292.867, 187
Trd, 000292.967, 195
Trd, 000293.017, 167
Trd, 000293.900, 173
Trd, 000294.133, 170
Trd, 000294.767, 177
Trd, 000294.833, 187
Trd, 000295.383, 178
Trd, 000295.700, 172
Trd, 000295.883, 170
Trd, 000296.150, 183
Trd, 000296.233, 184
Trd, 000296.633, 194
Trd, 000297.033, 186
Trd, 000297.633, 186
Trd, 000297.967, 186
Trd, 000298.150, 188
Trd, 000299.350, 186
