Trd, 000000.850, 134
Trd, 000001.533, 154
Trd, 000002.000, 164
Trd, 000002.800, 144
Trd, 000004.100, 164
Trd, 000004.667, 151
Trd, 000004.867, 150
Trd, 000005.100, 153
Trd, 000005.967, 159
Trd, 000006.500, 164
Trd, 000007.200, 158
Trd, 000007.817, 162
Trd, 000008.200, 158
Trd, 000008.300, 158
Trd, 000009.250, 156
Trd, 000010.767, 159
Trd, 000011.200, 157
Trd, 000011.750, 157
Trd, 000012.317, 164
Trd, 000012.367, 158
Trd, 000012.850, 156
Trd, 000014.050, 160
Trd, 000014.250, 158
Trd, 000014.333, 157
Trd, 000014.950, 161
Trd, 000015.983, 160
Trd, 000016.467, 157
Trd, 000017.083, 158
Trd, 000017.433, 158
Trd, 000017.667, 157
Trd, 000018.183, 156
Trd, 000019.350, 155
Trd, 000019.517, 154
Trd, 000019.767, 159
Trd, 000020.050, 159
Trd, 000020.633, 155
Trd, 000022.100, 157
Trd, 000022.250, 159
Trd, 000022.267, 161
Trd, 000023.017, 159
Trd, 000023.233, 160
Trd, 000023.283, 159
Trd, 000023.400, 166
Trd, 000023.533, 157
Trd, 000023.900, 170
Trd, 000024.050, 160
Trd, 000024.317, 159
Trd, 000024.983, 150
Trd, 000025.917, 159
Trd, 000026.017, 148
Trd, 000027.417, 157
Trd, 000027.600, 161
Trd, 000028.083, 157
Trd, 000029.083, 156
Trd, 000029.583, 158
Trd, 000030.567, 159
Trd, 000030.833, 158
Trd, 000031.117, 158
Trd, 000031.417, 156
Trd, 000031.550, 154
Trd, 000033.250, 154
Trd, 000033.550, 155
Trd, 000033.617, 154
Trd, 000034.033, 153
Trd, 000034.150, 151
Trd, 000034.450, 158
Trd, 000034.933, 147
Trd, 000036.133, 164
Trd, 000036.750, 160
Trd, 000037.250, 161
Trd, 000037.450, 161
Trd, 000037.500, 160
Trd, 000038.167, 168
Trd, 000038.217, 159
Trd, 000038.783, 158
Trd, 000038.800, 158
Trd, 000038.883, 148
Trd, 000040.083, 158
Trd, 000040.583, 159
Trd, 000040.800, 159
Trd, 000041.167, 169
Trd, 000041.350, 154
Trd, 000042.267, 164
Trd, 000042.867, 156
Trd, 000043.483, 157
Trd, 000043.533, 156
Trd, 000043.783, 160
Trd, 000044.083, 154
Trd, 000044.917, 159
Trd, 000045.200, 160
Trd, 000045.417, 160
Trd, 000047.350, 167
Trd, 000047.833, 166
Trd, 000047.850, 164
Trd, 000048.450, 170
Trd, 000049.167, 167
Trd, 000049.200, 165
Trd, 000049.567, 164
Trd, 000050.083, 170
Trd, 000050.617, 171
Trd, 000051.000, 166
Trd, 000051.267, 165
Trd, 000051.767, 165
Trd, 000052.033, 163
Trd, 000052.883, 168
Trd, 000053.567, 162
Trd, 000053.600, 168
Trd, 000054.283, 149
Trd, 000055.083, 139
Trd, 000055.167, 168
Trd, 000055.417, 137
Trd, 000056.383, 163
Trd, 000056.883, 162
Trd, 000057.067, 162
Trd, 000057.150, 163
Trd, 000057.317, 160
Trd, 000057.667, 157
Trd, 000057.917, 163
Trd, 000059.617, 161
Trd, 000060.033, 160
Trd, 000060.733, 160
Trd, 000061.917, 161
Trd, 000061.967, 160
Trd, 000063.200, 160
Trd, 000063.483, 159
Trd, 000063.750, 159
Trd, 000064.450, 161
Trd, 000064.717, 160
Trd, 000065.250, 158
Trd, 000065.367, 156
Trd, 000065.400, 162
Trd, 000065.533, 171
Trd, 000066.583, 165
Trd, 000066.617, 152
Trd, 000068.217, 153
Trd, 000068.733, 166
Trd, 000068.833, 155
Trd, 000068.850, 175
Trd, 000069.267, 155
Trd, 000069.750, 155
Trd, 000071.133, 157
Trd, 000071.150, 157
Trd, 000071.183, 158
Trd, 000071.283, 157
Trd, 000071.917, 161
Trd, 000072.433, 161
Trd, 000073.033, 157
Trd, 000073.217, 157
Trd, 000073.300, 159
Trd, 000074.233, 159
Trd, 000074.533, 158
Trd, 000075.567, 159
Trd, 000075.917, 159
Trd, 000076.150, 160
Trd, 000076.500, 161
Trd, 000077.083, 159
Trd, 000078.483, 160
Trd, 000078.700, 165
Trd, 000079.533, 165
Trd, 000079.717, 160
Trd, 000079.850, 163
Trd, 000081.083, 163
Trd, 000082.217, 163
Trd, 000082.683, 163
Trd, 000083.100, 162
Trd, 000083.133, 162
Trd, 000083.717, 157
Trd, 000083.917, 164
Trd, 000084.050, 156
Trd, 000084.850, 165
Trd, 000085.733, 155
Trd, 000085.750, 164
Trd, 000086.233, 176
Trd, 000086.833, 156
Trd, 000087.317, 173
Trd, 000088.150, 171
Trd, 000088.717, 166
Trd, 000089.233, 168
Trd, 000089.650, 169
Trd, 000089.900, 168
Trd, 000090.583, 167
Trd, 000090.883, 166
Trd, 000091.583, 157
Trd, 000092.333, 165
Trd, 000092.683, 164
Trd, 000092.883, 163
Trd, 000092.983, 166
Trd, 000093.150, 167
Trd, 000093.450, 161
Trd, 000094.767, 171
Trd, 000094.917, 170
Trd, 000095.817, 170
Trd, 000096.083, 169
Trd, 000097.333, 168
Trd, 000097.817, 168
Trd, 000097.950, 169
Trd, 000098.033, 167
Trd, 000098.400, 153
Trd, 000100.267, 166
Trd, 000100.650, 163
Trd, 000101.367, 162
Trd, 000101.783, 162
Trd, 000101.917, 161
Trd, 000102.833, 160
Trd, 000103.050, 158
Trd, 000103.567, 154
Trd, 000103.700, 161
Trd, 000104.167, 149
Trd, 000104.600, 161
Trd, 000105.483, 160
Trd, 000106.000, 161
Trd, 000106.867, 162
Trd, 000107.450, 162
Trd, 000108.600, 163
Trd, 000108.750, 163
Trd, 000108.817, 162
Trd, 000109.233, 161
Trd, 000109.583, 159
Trd, 000110.233, 158
Trd, 000110.667, 158
Trd, 000110.783, 158
Trd, 000111.150, 166
Trd, 000111.317, 156
Trd, 000112.467, 156
Trd, 000113.683, 166
Trd, 000114.083, 164
Trd, 000114.817, 164
Trd, 000115.167, 165
Trd, 000115.383, 170
Trd, 000115.800, 176
Trd, 000116.383, 165
Trd, 000116.850, 165
Trd, 000117.550, 166
Trd, 000117.600, 165
Trd, 000118.050, 165
Trd, 000118.517, 164
Trd, 000118.800, 167
Trd, 000119.050, 167
Trd, 000119.433, 164
Trd, 000120.333, 169
Trd, 000120.667, 165
Trd, 000121.167, 165
Trd, 000121.400, 161
Trd, 000122.750, 169
Trd, 000123.900, 163
Trd, 000124.383, 161
Trd, 000124.417, 165
Trd, 000125.483, 160
Trd, 000125.633, 160
Trd, 000125.833, 160
Trd, 000125.883, 160
Trd, 000126.517, 165
Trd, 000126.967, 165
Trd, 000127.317, 168
Trd, 000128.350, 165
Trd, 000128.733, 166
Trd, 000128.983, 156
Trd, 000129.933, 164
Trd, 000130.317, 160
Trd, 000131.000, 160
Trd, 000131.467, 162
Trd, 000131.767, 161
Trd, 000132.150, 162
Trd, 000132.400, 161
Trd, 000132.500, 162
Trd, 000133.167, 164
Trd, 000133.650, 168
Trd, 000135.183, 166
Trd, 000135.750, 165
Trd, 000135.800, 162
Trd, 000135.817, 174
Trd, 000136.617, 166
Trd, 000137.167, 166
Trd, 000138.983, 168
Trd, 000139.183, 165
Trd, 000139.283, 163
Trd, 000140.350, 163
Trd, 000140.450, 169
Trd, 000140.567, 162
Trd, 000141.417, 170
Trd, 000141.550, 160
Trd, 000141.900, 160
Trd, 000143.833, 166
Trd, 000144.183, 168
Trd, 000144.733, 168
Trd, 000144.850, 168
Trd, 000145.233, 169
Trd, 000145.667, 168
Trd, 000145.833, 158
Trd, 000146.133, 180
Trd, 000146.217, 145
Trd, 000146.867, 181
Trd, 000147.717, 161
Trd, 000147.983, 163
Trd, 000148.150, 162
Trd, 000149.200, 179
Trd, 000149.217, 136
Trd, 000150.183, 171
Trd, 000150.633, 166
Trd, 000152.100, 165
Trd, 000152.850, 165
Trd, 000153.483, 167
Trd, 000153.550, 167
Trd, 000154.450, 164
Trd, 000154.717, 168
Trd, 000156.233, 170
Trd, 000156.550, 177
Trd, 000156.583, 181
Trd, 000156.683, 170
Trd, 000156.717, 169
Trd, 000156.833, 168
Trd, 000157.317, 168
Trd, 000157.733, 166
Trd, 000160.183, 176
Trd, 000160.333, 176
Trd, 000160.600, 175
Trd, 000160.733, 169
Trd, 000160.783, 178
Trd, 000160.883, 180
Trd, 000161.550, 176
Trd, 000161.650, 168
Trd, 000161.917, 165
Trd, 000162.467, 164
Trd, 000163.067, 173
Trd, 000163.117, 157
Trd, 000164.583, 162
Trd, 000165.400, 163
Trd, 000166.583, 163
Trd, 000166.667, 164
Trd, 000167.150, 164
Trd, 000167.400, 165
Trd, 000167.867, 166
Trd, 000168.033, 166
Trd, 000168.933, 167
Trd, 000169.250, 165
Trd, 000169.683, 166
Trd, 000169.700, 164
Trd, 000169.950, 172
Trd, 000170.083, 174
Trd, 000171.383, 182
Trd, 000172.050, 185
Trd, 000172.583, 178
Trd, 000173.417, 179
Trd, 000173.450, 177
Trd, 000174.250, 176
Trd, 000174.417, 175
Trd, 000174.933, 173
Trd, 000174.967, 165
Trd, 000175.733, 170
Trd, 000176.200, 170
Trd, 000176.583, 169
Trd, 000176.700, 169
Trd, 000176.833, 168
Trd, 000177.100, 163
Trd, 000178.550, 180
Trd, 000178.867, 165
Trd, 000179.000, 165
Trd, 000179.267, 175
Trd, 000180.033, 179
Trd, 000181.450, 162
Trd, 000182.017, 160
Trd, 000182.533, 163
Trd, 000182.583, 162
Trd, 000182.983, 164
Trd, 000183.083, 165
Trd, 000183.767, 166
Trd, 000183.917, 173
Trd, 000183.983, 149
Trd, 000184.200, 163
Trd, 000185.350, 168
Trd, 000185.633, 171
Trd, 000186.850, 180
Trd, 000186.983, 167
Trd, 000187.067, 181
Trd, 000187.900, 171
Trd, 000188.467, 172
Trd, 000188.833, 165
Trd, 000188.900, 164
Trd, 000188.933, 163
Trd, 000189.667, 139
Trd, 000190.117, 146
Trd, 000191.417, 155
Trd, 000191.550, 169
Trd, 000191.600, 184
Trd, 000192.017, 187
Trd, 000192.933, 191
Trd, 000193.100, 182
Trd, 000194.333, 186
Trd, 000194.383, 185
Trd, 000194.600, 187
Trd, 000194.650, 185
Trd, 000195.267, 181
Trd, 000195.333, 176
Trd, 000195.783, 179
Trd, 000197.117, 183
Trd, 000197.400, 182
Trd, 000198.150, 180
Trd, 000198.900, 179
Trd, 000199.633, 177
Trd, 000200.467, 176
Trd, 000200.950, 177
Trd, 000201.350, 177
Trd, 000201.500, 177
Trd, 000201.717, 181
Trd, 000203.417, 176
Trd, 000203.467, 175
Trd, 000203.750, 177
Trd, 000203.933, 178
Trd, 000204.000, 177
Trd, 000204.767, 173
Trd, 000204.817, 172
Trd, 000205.417, 171
Trd, 000205.817, 169
Trd, 000206.433, 168
Trd, 000207.800, 168
Trd, 000207.917, 167
Trd, 000208.533, 167
Trd, 000209.333, 167
Trd, 000210.250, 169
Trd, 000211.117, 174
Trd, 000211.350, 170
Trd, 000211.767, 176
Trd, 000212.133, 172
Trd, 000212.400, 178
Trd, 000213.367, 175
Trd, 000214.000, 177
Trd, 000214.067, 177
Trd, 000214.550, 176
Trd, 000216.017, 178
Trd, 000216.300, 179
Trd, 000216.883, 179
Trd, 000217.083, 178
Trd, 000217.500, 175
Trd, 000218.083, 179
Trd, 000219.033, 176
Trd, 000219.550, 176
Trd, 000219.850, 175
Trd, 000220.433, 173
Trd, 000220.683, 178
Trd, 000220.767, 178
Trd, 000221.250, 169
Trd, 000222.100, 171
Trd, 000222.183, 175
Trd, 000222.967, 170
Trd, 000223.383, 175
Trd, 000223.700, 168
Trd, 000223.950, 178
Trd, 000225.000, 169
Trd, 000225.400, 172
Trd, 000225.683, 168
Trd, 000225.783, 167
Trd, 000226.150, 166
Trd, 000226.867, 154
Trd, 000228.917, 167
Trd, 000229.450, 166
Trd, 000229.883, 167
Trd, 000230.033, 169
Trd, 000230.100, 169
Trd, 000230.767, 167
Trd, 000231.367, 167
Trd, 000231.550, 167
Trd, 000231.567, 170
Trd, 000232.600, 174
Trd, 000233.150, 185
Trd, 000233.817, 179
Trd, 000234.033, 177
Trd, 000234.633, 177
Trd, 000234.650, 176
Trd, 000235.533, 174
Trd, 000236.017, 172
Trd, 000236.083, 171
Trd, 000236.417, 174
Trd, 000237.567, 170
Trd, 000237.700, 170
Trd, 000238.683, 172
Trd, 000239.100, 171
Trd, 000239.917, 172
Trd, 000240.150, 172
Trd, 000240.650, 172
Trd, 000240.733, 174
Trd, 000241.233, 170
Trd, 000241.967, 168
Trd, 000242.200, 166
Trd, 000242.233, 165
Trd, 000242.350, 161
Trd, 000243.583, 163
Trd, 000244.100, 160
Trd, 000244.550, 164
Trd, 000244.800, 172
Trd, 000245.517, 164
Trd, 000245.883, 180
Trd, 000246.100, 174
Trd, 000247.450, 176
Trd, 000247.550, 176
Trd, 000248.550, 176
Trd, 000249.233, 176
Trd, 000250.417, 174
Trd, 000250.467, 171
Trd, 000250.517, 172
Trd, 000250.717, 170
Trd, 000251.117, 174
Trd, 000251.233, 180
Trd, 000251.283, 171
Trd, 000252.167, 175
Trd, 000252.433, 174
Trd, 000252.583, 176
Trd, 000252.750, 174
Trd, 000253.167, 176
Trd, 000254.233, 176
Trd, 000254.383, 175
Trd, 000255.933, 178
Trd, 000256.183, 179
Trd, 000256.267, 181
Trd, 000256.750, 169
Trd, 000256.767, 184
Trd, 000257.133, 186
Trd, 000257.300, 179
Trd, 000257.983, 184
Trd, 000258.417, 183
Trd, 000258.733, 181
Trd, 000259.083, 180
Trd, 000259.183, 180
Trd, 000260.200, 180
Trd, 000260.267, 179
Trd, 000261.500, 177
Trd, 000262.217, 179
Trd, 000262.300, 175
Trd, 000262.333, 174
Trd, 000262.850, 172
Trd, 000263.533, 176
Trd, 000264.400, 175
Trd, 000264.650, 175
Trd, 000264.750, 176
Trd, 000265.050, 176
Trd, 000266.717, 178
Trd, 000266.750, 177
Trd, 000267.050, 177
Trd, 000267.500, 177
Trd, 000267.800, 171
Trd, 000267.833, 178
Trd, 000269.033, 177
Trd, 000269.717, 166
Trd, 000270.683, 173
Trd, 000271.000, 176
Trd, 000271.250, 172
Trd, 000271.667, 174
Trd, 000271.950, 176
Trd, 000272.383, 176
Trd, 000273.017, 175
Trd, 000273.283, 174
Trd, 000273.683, 174
Trd, 000273.950, 173
Trd, 000274.617, 172
Trd, 000274.767, 171
Trd, 000275.083, 173
Trd, 000275.700, 176
Trd, 000275.983, 185
Trd, 000276.483, 176
Trd, 000277.383, 188
Trd, 000278.417, 183
Trd, 000278.450, 181
Trd, 000278.633, 177
Trd, 000278.700, 181
Trd, 000279.917, 184
Trd, 000280.583, 184
Trd, 000280.767, 183
Trd, 000281.633, 182
Trd, 000282.283, 181
Trd, 000282.417, 180
Trd, 000282.633, 181
Trd, 000282.733, 179
Trd, 000283.717, 180
Trd, 000284.283, 179
Trd, 000284.367, 176
Trd, 000284.533, 172
Trd, 000285.083, 178
Trd, 000285.300, 177
Trd, 000286.133, 178
Trd, 000286.483, 181
Trd, 000286.717, 178
Trd, 000287.750, 183
Trd, 000288.267, 187
Trd, 000288.850, 181
Trd, 000289.783, 188
Trd, 000290.083, 188
Trd, 000290.100, 203
Trd, 000290.133, 185
Trd, 000290.383, 185
Trd, 000291.500, 191
Trd, 000291.933, 188
Trd, 000293.233, 190
Trd, 000293.633, 188
Trd, 000293.833, 189
Trd, 000294.267, 188
Trd, 000294.933, 187
Trd, 000295.083, 189
Trd, 000295.383, 187
Trd, 000295.983, 194
Trd, 000296.250, 180
Trd, 000296.383, 178
Trd, 000297.217, 179
Trd, 000297.667, 179
Trd, 000297.833, 177
Trd, 000298.367, 175
Trd, 000298.700, 174
Trd, 000299.450, 174
Trd, 000299.583, 176
Trd, 000299.883, 178
Trd, 000299.900, 193
