Trd, 000001.867, 148
Trd, 000002.917, 182
Trd, 000004.333, 145
Trd, 000004.500, 143
Trd, 000004.933, 144
Trd, 000005.200, 143
Trd, 000005.233, 143
Trd, 000005.250, 145
Trd, 000006.217, 144
Trd, 000008.417, 138
Trd, 000008.483, 138
Trd, 000009.383, 135
Trd, 000009.450, 136
Trd, 000009.650, 135
Trd, 000011.133, 139
Trd, 000011.567, 140
Trd, 000011.817, 141
Trd, 000012.533, 140
Trd, 000013.033, 142
Trd, 000013.533, 139
Trd, 000014.350, 144
Trd, 000014.450, 149
Trd, 000015.317, 158
Trd, 000016.133, 151
Trd, 000016.783, 158
Trd, 000017.417, 159
Trd, 000017.950, 160
Trd, 000018.267, 161
Trd, 000018.733, 162
Trd, 000019.417, 161
Trd, 000020.000, 161
Trd, 000020.250, 162
Trd, 000020.817, 162
Trd, 000020.900, 159
Trd, 000021.267, 163
Trd, 000021.433, 149
Trd, 000024.150, 158
Trd, 000024.483, 158
Trd, 000024.750, 156
Trd, 000025.167, 155
Trd, 000026.083, 153
Trd, 000026.483, 154
Trd, 000026.550, 155
Trd, 000027.383, 158
Trd, 000027.750, 143
Trd, 000027.817, 147
Trd, 000028.483, 144
Trd, 000028.517, 143
Trd, 000030.150, 148
Trd, 000031.317, 143
Trd, 000031.600, 142
Trd, 000033.650, 141
Trd, 000034.267, 140
Trd, 000034.667, 140
Trd, 000035.000, 141
Trd, 000035.267, 151
Trd, 000035.950, 144
Trd, 000037.400, 151
Trd, 000038.367, 152
Trd, 000038.900, 149
Trd, 000038.983, 150
Trd, 000039.400, 152
Trd, 000039.533, 154
Trd, 000039.967, 148
Trd, 000041.000, 152
Trd, 000041.617, 154
Trd, 000042.050, 154
Trd, 000042.200, 155
Trd, 000042.600, 155
Trd, 000042.633, 141
Trd, 000042.883, 150
Trd, 000043.200, 152
Trd, 000043.517, 159
Trd, 000044.817, 148
Trd, 000045.383, 137
Trd, 000047.067, 153
Trd, 000048.150, 153
Trd, 000048.300, 152
Trd, 000048.500, 156
Trd, 000048.833, 157
Trd, 000048.967, 152
Trd, 000050.583, 153
Trd, 000050.850, 152
Trd, 000051.017, 152
Trd, 000051.217, 151
Trd, 000051.650, 152
Trd, 000052.067, 153
Trd, 000053.150, 142
Trd, 000054.517, 147
Trd, 000055.367, 149
Trd, 000055.517, 149
Trd, 000055.700, 150
Trd, 000055.817, 147
Trd, 000056.067, 146
Trd, 000056.350, 147
Trd, 000056.400, 149
Trd, 000057.283, 147
Trd, 000057.417, 149
Trd, 000057.867, 151
Trd, 000059.000, 148
Trd, 000060.300, 151
Trd, 000060.417, 150
Trd, 000060.617, 154
Trd, 000061.400, 153
Trd, 000062.850, 153
Trd, 000062.983, 153
Trd, 000063.117, 152
Trd, 000063.183, 154
Trd, 000064.100, 151
Trd, 000064.867, 160
Trd, 000065.117, 151
Trd, 000065.450, 158
Trd, 000066.700, 154
Trd, 000068.683, 155
Trd, 000069.317, 155
Trd, 000069.533, 156
Trd, 000070.233, 156
Trd, 000070.450, 154
Trd, 000071.100, 155
Trd, 000071.650, 155
Trd, 000071.733, 154
Trd, 000072.083, 155
Trd, 000072.433, 152
Trd, 000073.267, 146
Trd, 000073.483, 148
Trd, 000073.700, 155
Trd, 000074.700, 160
Trd, 000075.150, 161
Trd, 000076.100, 155
Trd, 000076.167, 159
Trd, 000077.317, 159
Trd, 000077.533, 160
Trd, 000077.817, 162
Trd, 000079.300, 159
Trd, 000079.533, 161
Trd, 000080.317, 159
Trd, 000080.517, 163
Trd, 000080.733, 160
Trd, 000081.567, 159
Trd, 000082.800, 163
Trd, 000083.200, 162
Trd, 000083.700, 161
Trd, 000083.867, 162
Trd, 000084.117, 153
Trd, 000084.500, 162
Trd, 000085.200, 160
Trd, 000085.400, 160
Trd, 000085.600, 161
Trd, 000086.033, 157
Trd, 000087.050, 158
Trd, 000087.167, 159
Trd, 000087.533, 158
Trd, 000088.217, 157
Trd, 000088.300, 164
Trd, 000089.017, 158
Trd, 000090.683, 160
Trd, 000091.200, 160
Trd, 000091.683, 159
Trd, 000092.067, 158
Trd, 000092.167, 159
Trd, 000092.283, 160
Trd, 000093.400, 158
Trd, 000094.283, 159
Trd, 000095.217, 158
Trd, 000095.850, 158
Trd, 000096.017, 158
Trd, 000096.150, 159
Trd, 000096.933, 157
Trd, 000097.000, 161
Trd, 000098.350, 149
Trd, 000100.117, 155
Trd, 000100.883, 149
Trd, 000101.550, 152
Trd, 000102.200, 151
Trd, 000102.583, 150
Trd, 000102.867, 151
Trd, 000102.983, 151
Trd, 000103.517, 150
Trd, 000103.750, 152
Trd, 000103.883, 158
Trd, 000105.333, 161
Trd, 000105.867, 162
Trd, 000106.833, 161
Trd, 000106.917, 160
Trd, 000107.033, 173
Trd, 000107.850, 160
Trd, 000108.800, 164
Trd, 000109.133, 164
Trd, 000109.600, 164
Trd, 000109.783, 162
Trd, 000109.867, 162
Trd, 000110.367, 163
Trd, 000111.200, 156
Trd, 000111.217, 157
Trd, 000111.633, 165
Trd, 000112.383, 157
Trd, 000112.750, 157
Trd, 000113.150, 157
Trd, 000114.700, 158
Trd, 000115.033, 159
Trd, 000115.050, 155
Trd, 000115.200, 166
Trd, 000115.683, 148
Trd, 000117.150, 164
Trd, 000117.683, 160
Trd, 000118.117, 161
Trd, 000118.650, 159
Trd, 000118.667, 160
Trd, 000118.917, 158
Trd, 000119.983, 159
Trd, 000120.250, 159
Trd, 000120.733, 159
Trd, 000121.950, 160
Trd, 000122.967, 166
Trd, 000123.350, 161
Trd, 000123.800, 162
Trd, 000123.817, 163
Trd, 000124.000, 158
Trd, 000124.150, 154
Trd, 000125.933, 155
Trd, 000126.533, 155
Trd, 000126.633, 157
Trd, 000127.633, 159
Trd, 000127.717, 158
Trd, 000128.100, 155
Trd, 000129.717, 155
Trd, 000129.850, 154
Trd, 000130.367, 156
Trd, 000130.500, 158
Trd, 000131.000, 157
Trd, 000131.833, 155
Trd, 000132.850, 158
Trd, 000133.733, 156
Trd, 000133.750, 154
Trd, 000134.517, 156
Trd, 000134.567, 154
Trd, 000135.217, 152
Trd, 000135.267, 187
Trd, 000136.417, 161
Trd, 000136.950, 172
Trd, 000137.617, 162
Trd, 000138.617, 163
Trd, 000140.100, 165
Trd, 000140.367, 166
Trd, 000140.967, 164
Trd, 000141.200, 165
Trd, 000141.533, 163
Trd, 000142.750, 162
Trd, 000143.200, 162
Trd, 000145.400, 155
Trd, 000145.500, 156
Trd, 000145.567, 156
Trd, 000145.983, 157
Trd, 000146.233, 156
Trd, 000146.683, 160
Trd, 000147.367, 153
Trd, 000147.533, 160
Trd, 000148.033, 152
Trd, 000148.417, 159
Trd, 000148.433, 160
Trd, 000150.100, 154
Trd, 000150.267, 156
Trd, 000150.383, 156
Trd, 000151.983, 156
Trd, 000152.083, 157
Trd, 000152.250, 155
Trd, 000152.383, 154
Trd, 000152.417, 154
Trd, 000152.667, 154
Trd, 000153.350, 157
Trd, 000153.583, 155
Trd, 000153.783, 154
Trd, 000153.867, 163
Trd, 000156.233, 164
Trd, 000158.367, 167
Trd, 000158.617, 166
Trd, 000159.150, 167
Trd, 000159.400, 166
Trd, 000159.517, 168
Trd, 000159.917, 167
Trd, 000160.150, 165
Trd, 000160.350, 191
Trd, 000160.400, 165
Trd, 000161.600, 157
Trd, 000162.117, 147
Trd, 000162.817, 170
Trd, 000163.300, 165
Trd, 000163.617, 157
Trd, 000164.167, 169
Trd, 000165.017, 159
Trd, 000165.750, 159
Trd, 000166.067, 160
Trd, 000167.483, 161
Trd, 000167.850, 162
Trd, 000168.233, 162
Trd, 000169.683, 163
Trd, 000170.283, 161
Trd, 000170.550, 164
Trd, 000170.900, 160
Trd, 000171.150, 154
Trd, 000171.350, 163
Trd, 000172.650, 164
Trd, 000173.100, 165
Trd, 000173.200, 163
Trd, 000174.533, 168
Trd, 000174.633, 169
Trd, 000175.167, 168
Trd, 000175.333, 167
Trd, 000175.383, 168
Trd, 000175.833, 166
Trd, 000176.233, 166
Trd, 000177.350, 158
Trd, 000177.483, 164
Trd, 000177.967, 159
Trd, 000179.167, 158
Trd, 000179.500, 158
Trd, 000179.517, 157
Trd, 000180.267, 158
Trd, 000180.750, 160
Trd, 000181.633, 166
Trd, 000182.550, 158
Trd, 000183.033, 159
Trd, 000183.950, 159
Trd, 000184.633, 163
Trd, 000185.067, 161
Trd, 000185.400, 162
Trd, 000185.667, 162
Trd, 000186.850, 159
Trd, 000187.367, 156
Trd, 000187.733, 149
Trd, 000187.967, 150
Trd, 000189.283, 153
Trd, 000189.317, 155
Trd, 000189.450, 155
Trd, 000190.367, 154
Trd, 000190.583, 156
Trd, 000190.617, 158
Trd, 000191.100, 154
Trd, 000191.383, 167
Trd, 000191.933, 155
Trd, 000192.550, 160
Trd, 000193.333, 173
Trd, 000195.050, 165
Trd, 000195.083, 166
Trd, 000195.417, 167
Trd, 000195.483, 158
Trd, 000195.550, 157
Trd, 000196.067, 159
Trd, 000196.400, 161
Trd, 000196.767, 156
Trd, 000196.933, 167
Trd, 000198.083, 166
Trd, 000199.567, 163
Trd, 000200.267, 163
Trd, 000200.700, 163
Trd, 000201.300, 162
Trd, 000201.550, 161
Trd, 000202.533, 162
Trd, 000202.600, 161
Trd, 000203.550, 166
Trd, 000204.100, 160
Trd, 000204.283, 161
Trd, 000204.700, 174
Trd, 000205.817, 167
Trd, 000206.333, 168
Trd, 000207.383, 174
Trd, 000207.967, 171
Trd, 000208.200, 171
Trd, 000209.333, 172
Trd, 000210.083, 174
Trd, 000210.267, 171
Trd, 000210.733, 171
Trd, 000211.017, 170
Trd, 000211.267, 175
Trd, 000212.067, 174
Trd, 000212.417, 170
Trd, 000213.567, 170
Trd, 000213.633, 172
Trd, 000213.833, 170
Trd, 000215.550, 166
Trd, 000215.933, 165
Trd, 000216.133, 165
Trd, 000216.400, 163
Trd, 000216.583, 163
Trd, 000217.567, 166
Trd, 000217.600, 168
Trd, 000218.017, 168
Trd, 000218.433, 169
Trd, 000219.033, 169
Trd, 000219.133, 168
Trd, 000219.483, 171
Trd, 000220.650, 169
Trd, 000220.933, 169
Trd, 000221.300, 170
Trd, 000222.200, 168
Trd, 000222.683, 166
Trd, 000223.067, 166
Trd, 000223.267, 168
Trd, 000223.850, 164
Trd, 000223.967, 166
Trd, 000224.100, 170
Trd, 000225.783, 171
Trd, 000226.083, 171
Trd, 000226.150, 169
Trd, 000226.717, 169
Trd, 000228.083, 169
Trd, 000228.133, 170
Trd, 000228.383, 161
Trd, 000229.333, 165
Trd, 000230.883, 164
Trd, 000231.383, 164
Trd, 000231.467, 163
Trd, 000231.967, 171
Trd, 000232.067, 178
Trd, 000232.633, 167
Trd, 000234.150, 170
Trd, 000234.167, 170
Trd, 000234.983, 168
Trd, 000235.517, 169
Trd, 000236.433, 168
Trd, 000236.967, 169
Trd, 000237.433, 170
Trd, 000237.517, 171
Trd, 000238.200, 170
Trd, 000238.650, 172
Trd, 000239.850, 171
Trd, 000240.683, 172
Trd, 000240.733, 171
Trd, 000241.133, 167
Trd, 000241.567, 168
Trd, 000241.683, 170
Trd, 000242.400, 164
Trd, 000243.017, 163
Trd, 000243.350, 162
Trd, 000244.033, 162
Trd, 000244.217, 162
Trd, 000244.867, 161
Trd, 000245.133, 164
Trd, 000245.867, 163
Trd, 000245.983, 164
Trd, 000246.167, 165
Trd, 000247.283, 171
Trd, 000247.300, 168
Trd, 000247.650, 169
Trd, 000247.767, 169
Trd, 000247.833, 168
Trd, 000248.133, 167
Trd, 000248.183, 167
Trd, 000248.683, 166
Trd, 000249.050, 165
Trd, 000249.583, 170
Trd, 000250.150, 170
Trd, 000250.200, 173
Trd, 000250.967, 168
Trd, 000251.050, 176
Trd, 000251.517, 167
Trd, 000251.717, 179
Trd, 000252.450, 182
Trd, 000252.583, 180
Trd, 000252.700, 180
Trd, 000253.200, 180
Trd, 000254.433, 170
Trd, 000254.633, 169
Trd, 000254.883, 169
Trd, 000255.050, 170
Trd, 000255.217, 171
Trd, 000256.017, 169
Trd, 000256.433, 170
Trd, 000256.533, 173
Trd, 000256.900, 173
Trd, 000257.833, 171
Trd, 000258.017, 174
Trd, 000258.717, 175
Trd, 000259.000, 176
Trd, 000259.733, 174
Trd, 000259.967, 174
Trd, 000260.833, 171
Trd, 000261.367, 175
Trd, 000261.917, 176
Trd, 000261.933, 177
Trd, 000262.267, 177
Trd, 000262.483, 181
Trd, 000262.617, 188
Trd, 000262.717, 180
Trd, 000262.833, 173
Trd, 000264.117, 176
Trd, 000264.433, 170
Trd, 000264.500, 163
Trd, 000266.267, 172
Trd, 000266.383, 172
Trd, 000267.067, 172
Trd, 000267.250, 172
Trd, 000267.717, 173
Trd, 000268.133, 178
Trd, 000269.450, 176
Trd, 000269.483, 175
Trd, 000269.667, 172
Trd, 000270.733, 171
Trd, 000270.883, 173
Trd, 000270.917, 168
Trd, 000271.033, 175
Trd, 000271.517, 172
Trd, 000271.900, 182
Trd, 000272.217, 183
Trd, 000273.267, 177
Trd, 000273.767, 177
Trd, 000274.217, 182
Trd, 000274.250, 177
Trd, 000275.017, 177
Trd, 000275.733, 176
Trd, 000275.783, 175
Trd, 000276.700, 174
Trd, 000276.800, 172
Trd, 000276.917, 171
Trd, 000276.983, 175
Trd, 000277.200, 176
Trd, 000277.267, 177
Trd, 000277.500, 175
Trd, 000278.650, 173
Trd, 000279.167, 173
Trd, 000279.333, 173
Trd, 000279.483, 172
Trd, 000280.417, 173
Trd, 000280.567, 173
Trd, 000280.800, 170
Trd, 000281.667, 169
Trd, 000282.867, 170
Trd, 000283.167, 171
Trd, 000283.383, 167
Trd, 000283.717, 168
Trd, 000283.783, 170
Trd, 000284.933, 170
Trd, 000284.967, 167
Trd, 000286.083, 174
Trd, 000286.233, 171
Trd, 000286.300, 175
Trd, 000286.483, 175
Trd, 000286.850, 183
Trd, 000287.167, 174
Trd, 000287.700, 179
Trd, 000288.333, 180
Trd, 000289.217, 180
Trd, 000289.250, 179
Trd, 000290.300, 180
Trd, 000290.817, 179
Trd, 000291.017, 183
Trd, 000291.167, 183
Trd, 000292.050, 180
Trd, 000292.350, 179
Trd, 000292.450, 180
Trd, 000292.967, 181
Trd, 000293.067, 177
Trd, 000293.617, 180
Trd, 000293.833, 180
Trd, 000295.050, 177
Trd, 000295.600, 175
Trd, 000295.850, 180
Trd, 000295.933, 180
Trd, 000296.067, 180
Trd, 000296.650, 176
Trd, 000297.867, 182
Trd, 000298.350, 178
Trd, 000298.817, 177
Trd, 000298.867, 180
Trd, 000299.033, 177
Trd, 000299.783, 174
Trd, 000299.983, 182
