Trd, 000001.333, 113
Trd, 000002.150, 144
Trd, 000002.250, 151
Trd, 000002.267, 155
Trd, 000002.967, 133
Trd, 000003.867, 163
Trd, 000004.167, 161
Trd, 000004.433, 163
Trd, 000005.250, 164
Trd, 000005.300, 161
Trd, 000006.150, 155
Trd, 000006.167, 154
Trd, 000006.750, 155
Trd, 000008.383, 163
Trd, 000008.750, 159
Trd, 000008.833, 156
Trd, 000009.217, 160
Trd, 000010.183, 161
Trd, 000010.483, 162
Trd, 000010.667, 164
Trd, 000011.100, 162
Trd, 000011.200, 164
Trd, 000011.917, 156
Trd, 000012.900, 155
Trd, 000014.183, 159
Trd, 000014.600, 158
Trd, 000014.667, 153
Trd, 000014.750, 159
Trd, 000015.067, 160
Trd, 000015.533, 156
Trd, 000016.350, 161
Trd, 000016.983, 160
Trd, 000017.050, 155
Trd, 000017.383, 149
Trd, 000017.917, 150
Trd, 000018.150, 140
Trd, 000019.317, 150
Trd, 000020.567, 148
Trd, 000020.850, 146
Trd, 000020.933, 149
Trd, 000021.067, 153
Trd, 000021.217, 162
Trd, 000022.400, 159
Trd, 000022.717, 160
Trd, 000023.383, 158
Trd, 000023.800, 157
Trd, 000023.817, 157
Trd, 000024.117, 157
Trd, 000024.150, 157
Trd, 000024.200, 155
Trd, 000024.850, 158
Trd, 000025.050, 157
Trd, 000025.250, 155
Trd, 000025.600, 153
Trd, 000026.817, 153
Trd, 000027.367, 152
Trd, 000027.733, 154
Trd, 000027.783, 161
Trd, 000029.750, 159
Trd, 000029.767, 158
Trd, 000030.017, 160
Trd, 000030.067, 165
Trd, 000030.800, 161
Trd, 000031.817, 154
Trd, 000032.200, 155
Trd, 000032.667, 158
Trd, 000033.183, 161
Trd, 000033.283, 151
Trd, 000033.433, 148
Trd, 000033.717, 168
Trd, 000034.350, 167
Trd, 000034.433, 166
Trd, 000034.833, 150
Trd, 000035.917, 151
Trd, 000036.033, 154
Trd, 000036.267, 150
Trd, 000036.333, 178
Trd, 000037.283, 168
Trd, 000038.850, 167
Trd, 000038.917, 166
Trd, 000039.367, 164
Trd, 000039.900, 164
Trd, 000040.050, 166
Trd, 000040.117, 167
Trd, 000040.733, 155
Trd, 000041.250, 168
Trd, 000041.633, 155
Trd, 000042.300, 168
Trd, 000042.683, 162
Trd, 000042.717, 154
Trd, 000044.100, 166
Trd, 000044.550, 159
Trd, 000044.600, 157
Trd, 000045.733, 166
Trd, 000046.000, 165
Trd, 000046.167, 156
Trd, 000047.633, 155
Trd, 000047.983, 159
Trd, 000048.167, 155
Trd, 000048.467, 155
Trd, 000049.783, 155
Trd, 000049.833, 156
Trd, 000050.283, 162
Trd, 000050.517, 161
Trd, 000051.500, 162
Trd, 000053.067, 163
Trd, 000054.083, 164
Trd, 000054.467, 166
Trd, 000054.783, 167
Trd, 000055.067, 163
Trd, 000055.167, 163
Trd, 000055.483, 163
Trd, 000055.917, 162
Trd, 000056.100, 162
Trd, 000056.950, 157
Trd, 000057.417, 161
Trd, 000057.467, 163
Trd, 000057.983, 170
Trd, 000058.417, 164
Trd, 000059.000, 165
Trd, 000059.650, 164
Trd, 000060.833, 163
Trd, 000061.767, 162
Trd, 000061.900, 162
Trd, 000062.383, 161
Trd, 000062.700, 157
Trd, 000063.233, 161
Trd, 000063.267, 156
Trd, 000063.450, 160
Trd, 000063.783, 155
Trd, 000064.383, 162
Trd, 000064.900, 155
Trd, 000065.033, 154
Trd, 000065.817, 162
Trd, 000066.617, 154
Trd, 000066.733, 155
Trd, 000066.767, 154
Trd, 000066.850, 151
Trd, 000067.033, 164
Trd, 000067.533, 144
Trd, 000068.433, 143
Trd, 000068.850, 147
Trd, 000069.067, 150
Trd, 000069.167, 151
Trd, 000069.717, 165
Trd, 000070.333, 161
Trd, 000070.633, 181
Trd, 000070.717, 181
Trd, 000071.217, 156
Trd, 000071.533, 155
Trd, 000071.617, 186
Trd, 000072.233, 153
Trd, 000072.467, 162
Trd, 000073.383, 182
Trd, 000074.633, 179
Trd, 000075.167, 166
Trd, 000075.367, 165
Trd, 000075.583, 168
Trd, 000076.600, 163
Trd, 000077.183, 170
Trd, 000078.217, 170
Trd, 000078.367, 166
Trd, 000078.750, 163
Trd, 000079.333, 168
Trd, 000079.933, 164
Trd, 000079.967, 163
Trd, 000080.050, 165
Trd, 000080.350, 159
Trd, 000080.600, 156
Trd, 000080.867, 165
Trd, 000080.967, 153
Trd, 000081.633, 154
Trd, 000082.333, 166
Trd, 000083.000, 156
Trd, 000083.600, 159
Trd, 000083.683, 152
Trd, 000084.100, 163
Trd, 000085.267, 153
Trd, 000085.583, 161
Trd, 000085.833, 146
Trd, 000085.883, 159
Trd, 000085.900, 162
Trd, 000086.550, 156
Trd, 000086.583, 157
Trd, 000087.383, 149
Trd, 000087.433, 150
Trd, 000088.250, 154
Trd, 000088.600, 150
Trd, 000088.850, 149
Trd, 000089.667, 152
Trd, 000089.900, 152
Trd, 000090.083, 153
Trd, 000091.300, 154
Trd, 000092.150, 160
Trd, 000093.250, 157
Trd, 000093.517, 159
Trd, 000094.533, 167
Trd, 000094.667, 157
Trd, 000095.183, 160
Trd, 000095.217, 158
Trd, 000095.267, 156
Trd, 000095.283, 154
Trd, 000096.083, 161
Trd, 000096.333, 159
Trd, 000096.367, 160
Trd, 000096.483, 168
Trd, 000096.933, 158
Trd, 000098.083, 169
Trd, 000099.567, 171
Trd, 000100.100, 175
Trd, 000100.250, 176
Trd, 000100.633, 169
Trd, 000101.083, 168
Trd, 000101.450, 174
Trd, 000102.167, 165
Trd, 000102.233, 164
Trd, 000102.567, 172
Trd, 000103.333, 168
Trd, 000103.467, 165
Trd, 000103.500, 171
Trd, 000104.917, 170
Trd, 000105.500, 172
Trd, 000105.783, 170
Trd, 000106.500, 170
Trd, 000106.900, 168
Trd, 000107.300, 161
Trd, 000107.700, 159
Trd, 000110.450, 164
Trd, 000110.567, 164
Trd, 000110.833, 165
Trd, 000111.000, 164
Trd, 000111.267, 162
Trd, 000111.450, 167
Trd, 000111.750, 162
Trd, 000111.833, 170
Trd, 000112.383, 186
Trd, 000112.517, 162
Trd, 000113.283, 169
Trd, 000114.417, 170
Trd, 000115.083, 170
Trd, 000115.183, 171
Trd, 000115.483, 169
Trd, 000115.817, 171
Trd, 000115.933, 161
Trd, 000116.033, 176
Trd, 000116.167, 171
Trd, 000116.900, 168
Trd, 000117.067, 167
Trd, 000118.133, 164
Trd, 000118.317, 164
Trd, 000118.383, 170
Trd, 000118.783, 170
Trd, 000119.100, 170
Trd, 000119.300, 162
Trd, 000119.783, 170
Trd, 000120.283, 177
Trd, 000120.967, 161
Trd, 000121.017, 160
Trd, 000121.450, 163
Trd, 000121.517, 174
Trd, 000122.400, 157
Trd, 000122.717, 186
Trd, 000123.517, 156
Trd, 000123.650, 153
Trd, 000124.183, 185
Trd, 000124.400, 156
Trd, 000124.467, 163
Trd, 000125.000, 160
Trd, 000125.800, 168
Trd, 000127.333, 163
Trd, 000127.833, 164
Trd, 000128.083, 163
Trd, 000128.117, 160
Trd, 000128.217, 164
Trd, 000128.317, 165
Trd, 000128.567, 169
Trd, 000129.833, 162
Trd, 000129.917, 178
Trd, 000130.617, 173
Trd, 000130.717, 172
Trd, 000130.850, 172
Trd, 000133.150, 174
Trd, 000133.750, 175
Trd, 000134.500, 175
Trd, 000134.900, 173
Trd, 000135.867, 173
Trd, 000136.167, 173
Trd, 000136.500, 172
Trd, 000136.883, 169
Trd, 000137.033, 173
Trd, 000137.850, 173
Trd, 000138.217, 171
Trd, 000139.467, 172
Trd, 000140.017, 180
Trd, 000140.700, 178
Trd, 000141.083, 176
Trd, 000141.150, 182
Trd, 000141.883, 174
Trd, 000142.533, 169
Trd, 000142.617, 165
Trd, 000142.883, 164
Trd, 000142.950, 162
Trd, 000143.283, 158
Trd, 000144.200, 155
Trd, 000145.200, 155
Trd, 000145.400, 158
Trd, 000145.767, 164
Trd, 000145.917, 165
Trd, 000146.267, 172
Trd, 000147.333, 166
Trd, 000147.500, 167
Trd, 000147.583, 165
Trd, 000148.833, 168
Trd, 000149.317, 168
Trd, 000149.983, 168
Trd, 000150.067, 166
Trd, 000150.100, 163
Trd, 000150.217, 170
Trd, 000151.233, 169
Trd, 000151.617, 166
Trd, 000152.217, 168
Trd, 000152.733, 173
Trd, 000152.783, 180
Trd, 000153.033, 164
Trd, 000154.050, 164
Trd, 000154.317, 166
Trd, 000155.167, 165
Trd, 000155.433, 173
Trd, 000155.567, 164
Trd, 000156.717, 172
Trd, 000157.917, 171
Trd, 000158.033, 172
Trd, 000158.200, 170
Trd, 000158.350, 174
Trd, 000158.500, 174
Trd, 000159.133, 174
Trd, 000159.333, 175
Trd, 000159.483, 172
Trd, 000160.333, 172
Trd, 000160.750, 173
Trd, 000160.800, 172
Trd, 000161.450, 179
Trd, 000162.300, 179
Trd, 000162.433, 175
Trd, 000164.367, 175
Trd, 000164.667, 176
Trd, 000164.800, 174
Trd, 000164.900, 176
Trd, 000164.950, 172
Trd, 000165.983, 174
Trd, 000166.167, 172
Trd, 000166.267, 171
Trd, 000166.300, 175
Trd, 000166.867, 175
Trd, 000167.150, 168
Trd, 000167.833, 167
Trd, 000168.417, 168
Trd, 000168.550, 165
Trd, 000169.650, 166
Trd, 000169.733, 161
Trd, 000170.517, 167
Trd, 000170.550, 171
Trd, 000170.933, 164
Trd, 000171.500, 165
Trd, 000171.650, 174
Trd, 000172.183, 172
Trd, 000172.700, 168
Trd, 000172.750, 165
Trd, 000173.000, 175
Trd, 000173.733, 173
Trd, 000174.050, 171
Trd, 000174.217, 174
Trd, 000174.250, 165
Trd, 000175.267, 164
Trd, 000176.383, 165
Trd, 000177.100, 159
Trd, 000177.233, 167
Trd, 000177.317, 168
Trd, 000177.933, 162
Trd, 000178.100, 163
Trd, 000178.517, 168
Trd, 000179.167, 169
Trd, 000179.983, 169
Trd, 000180.450, 169
Trd, 000180.817, 168
Trd, 000181.017, 169
Trd, 000181.233, 173
Trd, 000181.650, 168
Trd, 000182.817, 170
Trd, 000183.000, 172
Trd, 000183.250, 172
Trd, 000183.950, 166
Trd, 000183.983, 164
Trd, 000184.667, 168
Trd, 000186.117, 169
Trd, 000186.167, 168
Trd, 000187.017, 174
Trd, 000187.150, 176
Trd, 000187.283, 170
Trd, 000187.450, 193
Trd, 000187.583, 198
Trd, 000187.850, 181
Trd, 000187.883, 167
Trd, 000188.133, 167
Trd, 000190.117, 165
Trd, 000190.167, 164
Trd, 000190.650, 170
Trd, 000190.933, 171
Trd, 000191.167, 168
Trd, 000191.517, 169
Trd, 000191.983, 170
Trd, 000192.533, 167
Trd, 000192.567, 163
Trd, 000193.417, 174
Trd, 000193.667, 163
Trd, 000193.983, 174
Trd, 000194.050, 177
Trd, 000194.083, 164
Trd, 000194.583, 163
Trd, 000195.117, 180
Trd, 000195.883, 167
Trd, 000197.433, 168
Trd, 000197.600, 170
Trd, 000198.000, 184
Trd, 000198.400, 169
Trd, 000198.900, 161
Trd, 000199.283, 201
Trd, 000199.400, 184
Trd, 000199.700, 178
Trd, 000199.950, 165
Trd, 000200.100, 164
Trd, 000200.850, 170
Trd, 000201.233, 169
Trd, 000202.083, 169
Trd, 000202.467, 169
Trd, 000202.967, 168
Trd, 000203.100, 170
Trd, 000203.133, 171
Trd, 000203.600, 185
Trd, 000203.900, 164
Trd, 000204.667, 176
Trd, 000205.200, 179
Trd, 000205.783, 177
Trd, 000205.917, 176
Trd, 000206.217, 174
Trd, 000206.283, 178
Trd, 000207.283, 177
Trd, 000207.533, 172
Trd, 000207.917, 170
Trd, 000207.933, 178
Trd, 000208.667, 171
Trd, 000209.050, 170
Trd, 000209.117, 169
Trd, 000209.650, 177
Trd, 000209.883, 177
Trd, 000210.200, 157
Trd, 000210.350, 180
Trd, 000212.383, 162
Trd, 000212.400, 180
Trd, 000212.567, 161
Trd, 000214.350, 185
Trd, 000214.417, 184
Trd, 000214.850, 180
Trd, 000214.883, 186
Trd, 000215.483, 182
Trd, 000215.533, 204
Trd, 000215.900, 191
Trd, 000216.167, 180
Trd, 000216.800, 179
Trd, 000217.900, 183
Trd, 000218.433, 172
Trd, 000219.250, 179
Trd, 000219.317, 173
Trd, 000219.617, 170
Trd, 000220.333, 166
Trd, 000220.350, 165
Trd, 000220.683, 182
Trd, 000221.150, 182
Trd, 000221.183, 187
Trd, 000222.067, 175
Trd, 000222.100, 197
Trd, 000223.050, 181
Trd, 000223.900, 180
Trd, 000224.000, 182
Trd, 000224.400, 183
Trd, 000225.083, 183
Trd, 000225.367, 181
Trd, 000225.917, 182
Trd, 000226.100, 181
Trd, 000226.283, 184
Trd, 000226.600, 179
Trd, 000227.050, 178
Trd, 000227.583, 181
Trd, 000228.867, 181
Trd, 000229.217, 181
Trd, 000229.583, 183
Trd, 000229.833, 174
Trd, 000230.400, 176
Trd, 000230.900, 175
Trd, 000231.300, 176
Trd, 000231.717, 176
Trd, 000231.850, 175
Trd, 000231.867, 179
Trd, 000233.867, 176
Trd, 000233.900, 172
Trd, 000234.183, 181
Trd, 000234.367, 172
Trd, 000235.183, 173
Trd, 000235.817, 171
Trd, 000235.883, 172
Trd, 000236.600, 170
Trd, 000236.700, 174
Trd, 000236.750, 189
Trd, 000236.867, 169
Trd, 000237.900, 199
Trd, 000237.983, 172
Trd, 000238.067, 171
Trd, 000238.717, 182
Trd, 000238.800, 200
Trd, 000238.867, 202
Trd, 000239.200, 182
Trd, 000240.133, 175
Trd, 000241.683, 183
Trd, 000242.050, 183
Trd, 000242.283, 185
Trd, 000242.717, 184
Trd, 000242.767, 184
Trd, 000243.233, 182
Trd, 000243.767, 179
Trd, 000244.100, 178
Trd, 000244.617, 184
Trd, 000244.700, 175
Trd, 000244.717, 184
Trd, 000246.367, 178
Trd, 000246.383, 177
Trd, 000246.783, 179
Trd, 000247.517, 176
Trd, 000247.617, 180
Trd, 000247.767, 178
Trd, 000247.867, 181
Trd, 000248.033, 184
Trd, 000248.733, 187
Trd, 000248.900, 175
Trd, 000249.033, 200
Trd, 000249.117, 175
Trd, 000250.600, 181
Trd, 000250.817, 175
Trd, 000251.450, 182
Trd, 000252.100, 178
Trd, 000252.650, 182
Trd, 000252.950, 183
Trd, 000253.000, 184
Trd, 000253.150, 180
Trd, 000253.483, 178
Trd, 000254.333, 176
Trd, 000255.533, 183
Trd, 000255.550, 185
Trd, 000256.267, 183
Trd, 000256.350, 183
Trd, 000256.633, 185
Trd, 000257.050, 185
Trd, 000257.783, 187
Trd, 000258.183, 189
Trd, 000258.533, 186
Trd, 000258.917, 190
Trd, 000259.167, 186
Trd, 000259.183, 193
Trd, 000259.300, 194
Trd, 000259.883, 179
Trd, 000259.917, 178
Trd, 000259.933, 200
Trd, 000260.633, 177
Trd, 000261.083, 187
Trd, 000261.817, 186
Trd, 000261.867, 184
Trd, 000262.233, 187
Trd, 000262.283, 186
Trd, 000262.650, 189
Trd, 000263.117, 181
Trd, 000263.267, 177
Trd, 000263.800, 191
Trd, 000264.567, 188
Trd, 000264.583, 190
Trd, 000265.817, 188
Trd, 000265.933, 184
Trd, 000266.333, 186
Trd, 000267.117, 185
Trd, 000267.400, 189
Trd, 000268.183, 189
Trd, 000268.383, 185
Trd, 000268.400, 184
Trd, 000268.583, 182
Trd, 000270.017, 183
Trd, 000270.333, 187
Trd, 000270.700, 180
Trd, 000271.233, 179
Trd, 000271.667, 179
Trd, 000272.050, 181
Trd, 000272.150, 182
Trd, 000272.517, 186
Trd, 000272.950, 192
Trd, 000273.100, 181
Trd, 000273.767, 193
Trd, 000274.333, 194
Trd, 000274.467, 195
Trd, 000274.933, 193
Trd, 000274.967, 202
Trd, 000275.200, 207
Trd, 000275.550, 194
Trd, 000276.150, 185
Trd, 000277.083, 185
Trd, 000277.917, 187
Trd, 000278.250, 181
Trd, 000278.383, 187
Trd, 000279.317, 188
Trd, 000280.133, 193
Trd, 000281.033, 187
Trd, 000281.417, 186
Trd, 000281.433, 187
Trd, 000281.767, 185
Trd, 000281.850, 188
Trd, 000282.433, 184
Trd, 000282.483, 183
Trd, 000283.550, 190
Trd, 000284.267, 182
Trd, 000284.333, 180
Trd, 000284.833, 179
Trd, 000284.950, 176
Trd, 000285.033, 187
Trd, 000285.267, 175
Trd, 000285.850, 186
Trd, 000286.050, 186
Trd, 000286.233, 187
Trd, 000287.317, 192
Trd, 000287.833, 192
Trd, 000288.083, 193
Trd, 000288.333, 193
Trd, 000288.350, 190
Trd, 000289.083, 194
Trd, 000289.167, 196
Trd, 000289.567, 210
Trd, 000289.933, 189
Trd, 000290.250, 188
Trd, 000290.633, 187
Trd, 000290.750, 185
Trd, 000291.417, 200
Trd, 000291.617, 187
Trd, 000291.817, 195
Trd, 000291.917, 188
Trd, 000291.950, 184
Trd, 000292.150, 184
Trd, 000292.583, 195
Trd, 000292.800, 183
Trd, 000292.917, 197
Trd, 000293.250, 196
Trd, 000293.983, 201
Trd, 000294.483, 187
Trd, 000294.633, 194
Trd, 000294.850, 204
Trd, 000295.583, 187
Trd, 000295.667, 187
Trd, 000296.000, 186
Trd, 000296.500, 184
Trd, 000296.750, 195
Trd, 000297.000, 195
Trd, 000297.167, 196
Trd, 000297.817, 187
Trd, 000298.383, 181
Trd, 000298.417, 188
Trd, 000299.233, 182
Trd, 000299.717, 180
