Trd, 000000.850, 124
Trd, 000002.517, 167
Trd, 000002.800, 178
Trd, 000002.817, 159
Trd, 000003.683, 163
Trd, 000003.850, 158
Trd, 000004.267, 168
Trd, 000004.850, 154
Trd, 000005.850, 169
Trd, 000005.917, 163
Trd, 000006.267, 158
Trd, 000007.467, 162
Trd, 000007.750, 149
Trd, 000007.933, 162
Trd, 000008.583, 141
Trd, 000010.050, 156
Trd, 000010.317, 157
Trd, 000010.883, 156
Trd, 000012.050, 156
Trd, 000012.233, 161
Trd, 000012.450, 157
Trd, 000012.883, 160
Trd, 000013.183, 158
Trd, 000014.067, 157
Trd, 000014.450, 156
Trd, 000014.800, 155
Trd, 000014.933, 157
Trd, 000015.200, 149
Trd, 000016.017, 155
Trd, 000016.183, 160
Trd, 000016.417, 155
Trd, 000016.467, 154
Trd, 000016.833, 158
Trd, 000017.083, 150
Trd, 000017.100, 158
Trd, 000018.333, 154
Trd, 000018.483, 163
Trd, 000019.917, 141
Trd, 000020.167, 139
Trd, 000020.533, 156
Trd, 000022.600, 139
Trd, 000023.183, 138
Trd, 000023.750, 148
Trd, 000024.667, 140
Trd, 000025.033, 140
Trd, 000025.350, 143
Trd, 000025.600, 142
Trd, 000026.267, 143
Trd, 000026.383, 137
Trd, 000027.217, 144
Trd, 000027.250, 144
Trd, 000027.267, 142
Trd, 000027.917, 140
Trd, 000027.983, 157
Trd, 000028.000, 133
Trd, 000029.883, 150
Trd, 000030.150, 141
Trd, 000031.833, 147
Trd, 000031.883, 146
Trd, 000033.467, 145
Trd, 000033.567, 137
Trd, 000034.283, 145
Trd, 000034.800, 144
Trd, 000034.950, 132
Trd, 000035.233, 140
Trd, 000035.317, 142
Trd, 000036.200, 158
Trd, 000036.567, 149
Trd, 000036.717, 165
Trd, 000036.817, 148
Trd, 000037.033, 150
Trd, 000037.383, 141
Trd, 000038.300, 156
Trd, 000038.583, 157
Trd, 000038.650, 152
Trd, 000040.017, 156
Trd, 000040.250, 164
Trd, 000040.867, 166
Trd, 000041.150, 156
Trd, 000041.933, 169
Trd, 000042.900, 166
Trd, 000043.283, 162
Trd, 000043.300, 166
Trd, 000043.450, 172
Trd, 000043.683, 162
Trd, 000044.033, 161
Trd, 000044.800, 152
Trd, 000044.983, 142
Trd, 000045.800, 141
Trd, 000046.550, 152
Trd, 000047.217, 156
Trd, 000047.250, 157
Trd, 000047.383, 151
Trd, 000048.333, 154
Trd, 000049.067, 157
Trd, 000049.300, 158
Trd, 000049.350, 154
Trd, 000049.367, 153
Trd, 000050.983, 153
Trd, 000051.500, 153
Trd, 000052.000, 153
Trd, 000052.083, 154
Trd, 000052.400, 142
Trd, 000052.567, 151
Trd, 000053.367, 152
Trd, 000055.983, 150
Trd, 000056.400, 150
Trd, 000056.583, 149
Trd, 000056.667, 152
Trd, 000056.833, 148
Trd, 000058.417, 154
Trd, 000058.967, 153
Trd, 000059.183, 150
Trd, 000059.500, 154
Trd, 000059.583, 145
Trd, 000059.600, 156
Trd, 000059.867, 159
Trd, 000060.917, 157
Trd, 000061.017, 170
Trd, 000061.050, 144
Trd, 000061.233, 143
Trd, 000062.250, 140
Trd, 000062.817, 167
Trd, 000063.150, 135
Trd, 000063.550, 154
Trd, 000066.217, 157
Trd, 000066.517, 156
Trd, 000066.833, 149
Trd, 000067.117, 140
Trd, 000067.583, 155
Trd, 000067.967, 153
Trd, 000068.033, 136
Trd, 000068.517, 156
Trd, 000069.400, 156
Trd, 000069.967, 157
Trd, 000071.017, 157
Trd, 000071.467, 167
Trd, 000071.483, 155
Trd, 000072.200, 168
Trd, 000073.100, 161
Trd, 000073.367, 162
Trd, 000073.583, 161
Trd, 000074.267, 155
Trd, 000074.933, 145
Trd, 000076.350, 154
Trd, 000076.983, 154
Trd, 000077.133, 153
Trd, 000077.233, 154
Trd, 000077.833, 169
Trd, 000078.100, 173
Trd, 000079.117, 159
Trd, 000079.717, 159
Trd, 000079.733, 158
Trd, 000080.100, 160
Trd, 000080.183, 155
Trd, 000080.967, 145
Trd, 000081.800, 136
Trd, 000082.517, 161
Trd, 000083.183, 156
Trd, 000083.433, 153
Trd, 000084.217, 160
Trd, 000084.233, 163
Trd, 000084.683, 154
Trd, 000085.350, 165
Trd, 000086.533, 159
Trd, 000086.833, 162
Trd, 000087.117, 164
Trd, 000087.133, 158
Trd, 000087.333, 170
Trd, 000087.483, 179
Trd, 000089.283, 158
Trd, 000089.600, 164
Trd, 000089.850, 163
Trd, 000089.867, 157
Trd, 000089.917, 147
Trd, 000090.100, 163
Trd, 000091.933, 163
Trd, 000092.750, 157
Trd, 000092.850, 156
Trd, 000092.883, 163
Trd, 000093.250, 164
Trd, 000093.367, 156
Trd, 000093.450, 155
Trd, 000094.983, 157
Trd, 000096.033, 160
Trd, 000096.933, 160
Trd, 000098.283, 160
Trd, 000098.433, 158
Trd, 000099.250, 158
Trd, 000099.267, 158
Trd, 000099.417, 158
Trd, 000099.983, 158
Trd, 000100.583, 157
Trd, 000100.617, 144
Trd, 000100.667, 160
Trd, 000101.317, 164
Trd, 000101.967, 148
Trd, 000103.217, 161
Trd, 000103.233, 160
Trd, 000103.650, 159
Trd, 000104.267, 158
Trd, 000104.667, 156
Trd, 000104.733, 147
Trd, 000105.167, 161
Trd, 000106.700, 167
Trd, 000107.683, 163
Trd, 000108.217, 154
Trd, 000108.250, 153
Trd, 000109.067, 153
Trd, 000109.517, 151
Trd, 000110.200, 164
Trd, 000110.717, 161
Trd, 000111.817, 159
Trd, 000112.000, 164
Trd, 000112.683, 158
Trd, 000113.633, 162
Trd, 000113.717, 164
Trd, 000113.833, 159
Trd, 000115.583, 163
Trd, 000116.067, 163
Trd, 000118.350, 162
Trd, 000118.433, 161
Trd, 000118.533, 165
Trd, 000119.017, 166
Trd, 000119.033, 161
Trd, 000120.200, 156
Trd, 000120.917, 164
Trd, 000121.733, 160
Trd, 000122.050, 161
Trd, 000122.700, 151
Trd, 000123.100, 167
Trd, 000123.117, 160
Trd, 000124.017, 171
Trd, 000124.167, 162
Trd, 000124.467, 161
Trd, 000125.383, 165
Trd, 000125.883, 159
Trd, 000127.167, 164
Trd, 000127.617, 163
Trd, 000128.783, 163
Trd, 000129.150, 165
Trd, 000129.683, 163
Trd, 000129.733, 150
Trd, 000130.200, 164
Trd, 000130.600, 160
Trd, 000130.717, 166
Trd, 000131.500, 173
Trd, 000132.083, 175
Trd, 000132.100, 178
Trd, 000132.267, 168
Trd, 000132.333, 165
Trd, 000132.683, 151
Trd, 000133.017, 189
Trd, 000133.167, 150
Trd, 000134.017, 170
Trd, 000134.867, 164
Trd, 000135.383, 174
Trd, 000136.767, 171
Trd, 000136.833, 162
Trd, 000137.200, 170
Trd, 000137.583, 170
Trd, 000137.883, 141
Trd, 000138.983, 145
Trd, 000139.217, 143
Trd, 000139.300, 131
Trd, 000140.250, 156
Trd, 000140.533, 151
Trd, 000141.267, 151
Trd, 000142.367, 151
Trd, 000142.750, 150
Trd, 000143.033, 149
Trd, 000143.200, 151
Trd, 000143.600, 141
Trd, 000143.717, 153
Trd, 000144.217, 179
Trd, 000144.967, 176
Trd, 000146.733, 168
Trd, 000146.767, 168
Trd, 000147.017, 169
Trd, 000147.283, 192
Trd, 000147.383, 168
Trd, 000147.667, 167
Trd, 000147.750, 166
Trd, 000149.233, 164
Trd, 000149.500, 165
Trd, 000150.267, 166
Trd, 000151.267, 167
Trd, 000152.283, 168
Trd, 000152.383, 177
Trd, 000152.667, 163
Trd, 000153.233, 152
Trd, 000153.517, 162
Trd, 000154.183, 152
Trd, 000154.950, 166
Trd, 000155.650, 167
Trd, 000156.250, 159
Trd, 000156.433, 164
Trd, 000156.983, 163
Trd, 000157.533, 161
Trd, 000157.950, 162
Trd, 000158.467, 165
Trd, 000159.383, 163
Trd, 000159.917, 165
Trd, 000160.317, 164
Trd, 000161.400, 166
Trd, 000162.017, 169
Trd, 000162.633, 167
Trd, 000162.683, 165
Trd, 000163.200, 170
Trd, 000165.083, 168
Trd, 000165.133, 171
Trd, 000165.617, 166
Trd, 000166.167, 165
Trd, 000166.467, 170
Trd, 000166.633, 181
Trd, 000166.883, 167
Trd, 000167.650, 174
Trd, 000167.917, 166
Trd, 000168.150, 165
Trd, 000169.167, 182
Trd, 000169.583, 180
Trd, 000170.083, 178
Trd, 000171.317, 176
Trd, 000172.450, 175
Trd, 000172.867, 173
Trd, 000173.483, 175
Trd, 000173.950, 175
Trd, 000174.317, 174
Trd, 000174.700, 176
Trd, 000174.950, 179
Trd, 000175.850, 179
Trd, 000175.867, 174
Trd, 000176.300, 171
Trd, 000176.550, 182
Trd, 000176.767, 170
Trd, 000177.950, 173
Trd, 000178.967, 173
Trd, 000179.050, 172
Trd, 000179.083, 182
Trd, 000179.517, 191
Trd, 000179.917, 165
Trd, 000181.433, 180
Trd, 000181.617, 182
Trd, 000181.717, 182
Trd, 000184.000, 179
Trd, 000184.433, 177
Trd, 000184.883, 176
Trd, 000185.233, 178
Trd, 000185.300, 166
Trd, 000185.633, 167
Trd, 000185.917, 144
Trd, 000186.817, 167
Trd, 000187.633, 170
Trd, 000187.850, 171
Trd, 000188.117, 173
Trd, 000188.350, 156
Trd, 000188.400, 172
Trd, 000189.533, 174
Trd, 000190.200, 181
Trd, 000191.167, 169
Trd, 000191.283, 179
Trd, 000191.500, 168
Trd, 000191.633, 168
Trd, 000192.050, 167
Trd, 000193.033, 168
Trd, 000193.833, 168
Trd, 000194.217, 170
Trd, 000194.650, 168
Trd, 000195.067, 156
Trd, 000195.733, 174
Trd, 000196.750, 175
Trd, 000197.033, 184
Trd, 000197.750, 192
Trd, 000197.900, 187
Trd, 000198.883, 178
Trd, 000199.450, 174
Trd, 000199.583, 174
Trd, 000200.517, 183
Trd, 000201.583, 174
Trd, 000201.600, 169
Trd, 000202.067, 157
Trd, 000202.500, 154
Trd, 000203.167, 168
Trd, 000203.667, 165
Trd, 000204.117, 165
Trd, 000204.350, 172
Trd, 000204.683, 166
Trd, 000204.733, 148
Trd, 000205.450, 165
Trd, 000205.983, 171
Trd, 000206.850, 160
Trd, 000207.133, 160
Trd, 000207.583, 173
Trd, 000207.650, 174
Trd, 000208.767, 175
Trd, 000209.783, 159
Trd, 000210.967, 165
Trd, 000211.517, 164
Trd, 000212.633, 171
Trd, 000212.733, 171
Trd, 000212.883, 171
Trd, 000214.133, 170
Trd, 000214.250, 172
Trd, 000215.167, 169
Trd, 000215.983, 172
Trd, 000216.133, 167
Trd, 000216.367, 156
Trd, 000216.600, 167
Trd, 000216.800, 172
Trd, 000217.383, 161
Trd, 000218.250, 173
Trd, 000219.200, 173
Trd, 000219.950, 172
Trd, 000220.200, 174
Trd, 000220.517, 175
Trd, 000220.850, 173
Trd, 000220.967, 171
Trd, 000221.433, 174
Trd, 000222.817, 175
Trd, 000223.083, 170
Trd, 000223.133, 177
Trd, 000223.500, 183
Trd, 000224.350, 176
Trd, 000224.817, 159
Trd, 000225.817, 172
Trd, 000226.350, 171
Trd, 000226.717, 177
Trd, 000227.133, 175
Trd, 000228.333, 172
Trd, 000228.700, 175
Trd, 000228.750, 178
Trd, 000229.017, 172
Trd, 000229.417, 179
Trd, 000229.467, 171
Trd, 000230.267, 179
Trd, 000230.367, 160
Trd, 000232.167, 177
Trd, 000233.267, 175
Trd, 000233.800, 175
Trd, 000234.483, 174
Trd, 000235.100, 172
Trd, 000235.250, 171
Trd, 000235.883, 161
Trd, 000235.933, 175
Trd, 000236.500, 170
Trd, 000236.617, 169
Trd, 000237.250, 170
Trd, 000238.467, 172
Trd, 000238.783, 161
Trd, 000239.917, 174
Trd, 000240.050, 158
Trd, 000240.617, 162
Trd, 000240.983, 168
Trd, 000241.317, 173
Trd, 000241.333, 174
Trd, 000241.600, 174
Trd, 000241.867, 175
Trd, 000242.000, 175
Trd, 000242.633, 175
Trd, 000243.333, 175
Trd, 000243.517, 176
Trd, 000243.767, 176
Trd, 000244.083, 174
Trd, 000244.500, 174
Trd, 000244.900, 176
Trd, 000245.417, 175
Trd, 000245.583, 184
Trd, 000246.100, 179
Trd, 000246.500, 177
Trd, 000246.633, 176
Trd, 000247.150, 175
Trd, 000247.250, 177
Trd, 000247.450, 172
Trd, 000248.417, 171
Trd, 000248.767, 173
Trd, 000249.500, 176
Trd, 000249.767, 179
Trd, 000249.900, 180
Trd, 000250.050, 180
Trd, 000250.483, 179
Trd, 000251.200, 174
Trd, 000251.783, 173
Trd, 000251.950, 178
Trd, 000252.033, 179
Trd, 000252.550, 172
Trd, 000253.367, 176
Trd, 000253.450, 175
Trd, 000253.900, 176
Trd, 000253.950, 172
Trd, 000254.200, 177
Trd, 000254.883, 181
Trd, 000255.017, 177
Trd, 000255.617, 176
Trd, 000255.750, 176
Trd, 000256.417, 177
Trd, 000256.483, 176
Trd, 000256.700, 175
Trd, 000257.083, 176
Trd, 000257.250, 176
Trd, 000257.500, 174
Trd, 000257.633, 170
Trd, 000258.733, 174
Trd, 000258.883, 175
Trd, 000258.950, 175
Trd, 000259.150, 168
Trd, 000259.567, 175
Trd, 000259.850, 174
Trd, 000260.133, 177
Trd, 000260.867, 176
Trd, 000261.400, 174
Trd, 000261.767, 175
Trd, 000262.133, 175
Trd, 000262.717, 175
Trd, 000262.750, 176
Trd, 000262.900, 181
Trd, 000263.400, 171
Trd, 000263.433, 169
Trd, 000263.783, 169
Trd, 000263.900, 170
Trd, 000264.917, 164
Trd, 000265.217, 172
Trd, 000265.817, 171
Trd, 000265.983, 168
Trd, 000266.800, 175
Trd, 000266.917, 176
Trd, 000267.700, 181
Trd, 000268.133, 178
Trd, 000268.300, 176
Trd, 000268.350, 175
Trd, 000268.417, 174
Trd, 000268.817, 177
Trd, 000268.967, 178
Trd, 000269.167, 182
Trd, 000270.267, 188
Trd, 000270.750, 189
Trd, 000270.883, 186
Trd, 000270.900, 184
Trd, 000270.917, 180
Trd, 000271.033, 175
Trd, 000271.300, 179
Trd, 000271.683, 186
Trd, 000271.733, 171
Trd, 000271.933, 161
Trd, 000273.100, 191
Trd, 000274.233, 164
Trd, 000274.500, 164
Trd, 000274.650, 171
Trd, 000274.783, 172
Trd, 000275.617, 174
Trd, 000275.767, 175
Trd, 000275.983, 175
Trd, 000276.600, 185
Trd, 000276.683, 175
Trd, 000277.867, 185
Trd, 000277.933, 180
Trd, 000278.383, 189
Trd, 000279.167, 189
Trd, 000279.417, 179
Trd, 000279.967, 176
Trd, 000280.300, 182
Trd, 000280.417, 180
Trd, 000280.433, 186
Trd, 000280.767, 178
Trd, 000280.783, 177
Trd, 000281.183, 185
Trd, 000281.317, 176
Trd, 000282.317, 187
Trd, 000282.383, 180
Trd, 000282.650, 190
Trd, 000283.267, 179
Trd, 000283.550, 192
Trd, 000283.750, 181
Trd, 000283.950, 180
Trd, 000284.083, 190
Trd, 000284.850, 189
Trd, 000285.033, 180
Trd, 000286.567, 186
Trd, 000286.667, 188
Trd, 000287.083, 183
Trd, 000287.200, 183
Trd, 000287.450, 187
Trd, 000287.767, 185
Trd, 000287.933, 179
Trd, 000288.133, 177
Trd, 000288.433, 188
Trd, 000289.650, 189
Trd, 000289.850, 190
Trd, 000289.900, 191
Trd, 000290.833, 191
Trd, 000291.000, 190
Trd, 000291.117, 187
Trd, 000291.367, 192
Trd, 000291.817, 187
Trd, 000291.917, 183
Trd, 000292.317, 192
Trd, 000292.667, 185
Trd, 000293.200, 189
Trd, 000293.683, 189
Trd, 000293.883, 184
Trd, 000294.117, 190
Trd, 000294.483, 183
Trd, 000294.567, 190
Trd, 000294.683, 180
Trd, 000295.483, 178
Trd, 000296.017, 177
Trd, 000296.667, 178
Trd, 000297.033, 174
Trd, 000297.067, 182
Trd, 000297.633, 184
Trd, 000298.033, 183
Trd, 000298.067, 176
Trd, 000298.250, 174
Trd, 000298.600, 173
Trd, 000298.750, 182
Trd, 000298.833, 181
Trd, 000298.967, 191
