Trd, 000000.650, 146
Trd, 000002.617, 125
Trd, 000002.933, 142
Trd, 000003.417, 160
Trd, 000003.733, 137
Trd, 000003.800, 140
Trd, 000003.983, 124
Trd, 000004.583, 186
Trd, 000004.750, 168
Trd, 000005.550, 127
Trd, 000006.067, 158
Trd, 000006.750, 141
Trd, 000007.783, 145
Trd, 000007.917, 141
Trd, 000007.983, 139
Trd, 000008.367, 148
Trd, 000008.983, 151
Trd, 000009.067, 152
Trd, 000009.133, 146
Trd, 000010.167, 145
Trd, 000010.600, 144
Trd, 000010.917, 145
Trd, 000011.000, 149
Trd, 000011.050, 142
Trd, 000011.067, 156
Trd, 000012.183, 136
Trd, 000012.850, 139
Trd, 000013.417, 138
Trd, 000014.133, 139
Trd, 000014.650, 137
Trd, 000014.767, 136
Trd, 000015.200, 138
Trd, 000015.867, 139
Trd, 000016.317, 131
Trd, 000016.550, 138
Trd, 000017.333, 135
Trd, 000017.533, 137
Trd, 000017.783, 149
Trd, 000017.900, 149
Trd, 000018.367, 143
Trd, 000019.367, 141
Trd, 000019.433, 139
Trd, 000019.950, 139
Trd, 000020.700, 150
Trd, 000021.383, 146
Trd, 000022.633, 145
Trd, 000022.833, 153
Trd, 000022.850, 154
Trd, 000023.383, 152
Trd, 000024.333, 146
Trd, 000024.617, 146
Trd, 000024.717, 158
Trd, 000025.050, 145
Trd, 000025.150, 144
Trd, 000025.317, 150
Trd, 000026.267, 156
Trd, 000026.367, 160
Trd, 000026.867, 148
Trd, 000027.033, 149
Trd, 000027.283, 167
Trd, 000027.783, 160
Trd, 000028.300, 161
Trd, 000028.883, 158
Trd, 000029.233, 160
Trd, 000029.833, 152
Trd, 000030.167, 160
Trd, 000030.450, 152
Trd, 000030.650, 160
Trd, 000031.300, 153
Trd, 000031.333, 159
Trd, 000031.533, 145
Trd, 000032.567, 146
Trd, 000033.167, 155
Trd, 000033.500, 145
Trd, 000034.633, 150
Trd, 000035.300, 152
Trd, 000035.400, 154
Trd, 000035.633, 155
Trd, 000035.983, 147
Trd, 000036.217, 153
Trd, 000036.533, 146
Trd, 000036.733, 146
Trd, 000038.000, 145
Trd, 000038.783, 149
Trd, 000038.850, 149
Trd, 000038.883, 149
Trd, 000039.983, 149
Trd, 000040.867, 150
Trd, 000041.367, 152
Trd, 000041.617, 150
Trd, 000041.717, 148
Trd, 000042.867, 151
Trd, 000043.083, 149
Trd, 000043.267, 150
Trd, 000043.483, 148
Trd, 000043.700, 148
Trd, 000045.250, 150
Trd, 000045.367, 151
Trd, 000045.550, 152
Trd, 000045.650, 150
Trd, 000046.183, 159
Trd, 000046.683, 160
Trd, 000047.450, 162
Trd, 000047.933, 174
Trd, 000048.217, 173
Trd, 000048.400, 178
Trd, 000048.517, 165
Trd, 000049.150, 150
Trd, 000049.717, 146
Trd, 000050.650, 148
Trd, 000051.500, 161
Trd, 000052.117, 161
Trd, 000052.167, 162
Trd, 000053.050, 161
Trd, 000053.200, 163
Trd, 000053.667, 162
Trd, 000053.783, 153
Trd, 000054.517, 165
Trd, 000054.867, 153
Trd, 000056.683, 156
Trd, 000056.767, 162
Trd, 000057.000, 152
Trd, 000057.150, 160
Trd, 000057.167, 151
Trd, 000057.183, 162
Trd, 000058.000, 163
Trd, 000059.350, 156
Trd, 000059.983, 157
Trd, 000060.033, 161
Trd, 000060.300, 151
Trd, 000060.683, 151
Trd, 000061.333, 150
Trd, 000061.350, 157
Trd, 000061.500, 158
Trd, 000063.100, 150
Trd, 000063.167, 156
Trd, 000063.750, 155
Trd, 000065.300, 151
Trd, 000065.767, 154
Trd, 000066.150, 151
Trd, 000066.200, 154
Trd, 000066.767, 153
Trd, 000067.383, 150
Trd, 000067.867, 152
Trd, 000068.033, 153
Trd, 000068.267, 148
Trd, 000068.650, 153
Trd, 000069.050, 153
Trd, 000069.400, 154
Trd, 000070.417, 153
Trd, 000070.550, 149
Trd, 000070.733, 155
Trd, 000071.033, 154
Trd, 000071.333, 148
Trd, 000071.450, 148
Trd, 000071.517, 144
Trd, 000072.000, 143
Trd, 000073.783, 154
Trd, 000074.150, 152
Trd, 000074.217, 155
Trd, 000074.867, 155
Trd, 000074.900, 162
Trd, 000075.700, 153
Trd, 000076.583, 153
Trd, 000076.967, 157
Trd, 000078.083, 153
Trd, 000079.133, 154
Trd, 000079.367, 156
Trd, 000079.600, 156
Trd, 000080.067, 156
Trd, 000080.650, 155
Trd, 000080.717, 157
Trd, 000080.850, 150
Trd, 000081.167, 149
Trd, 000081.917, 156
Trd, 000083.000, 155
Trd, 000083.433, 152
Trd, 000084.450, 152
Trd, 000084.633, 155
Trd, 000084.817, 156
Trd, 000085.083, 156
Trd, 000085.717, 158
Trd, 000085.967, 158
Trd, 000086.233, 162
Trd, 000086.567, 153
Trd, 000087.283, 157
Trd, 000087.717, 162
Trd, 000088.217, 163
Trd, 000089.083, 159
Trd, 000089.850, 158
Trd, 000090.050, 160
Trd, 000090.433, 158
Trd, 000090.767, 159
Trd, 000091.000, 159
Trd, 000091.383, 157
Trd, 000091.433, 159
Trd, 000091.617, 164
Trd, 000092.133, 154
Trd, 000092.600, 167
Trd, 000093.083, 160
Trd, 000093.267, 153
Trd, 000094.083, 146
Trd, 000094.300, 159
Trd, 000094.617, 160
Trd, 000094.633, 162
Trd, 000095.600, 153
Trd, 000095.700, 162
Trd, 000096.067, 161
Trd, 000096.650, 162
Trd, 000097.817, 164
Trd, 000098.383, 156
Trd, 000098.700, 165
Trd, 000099.067, 158
Trd, 000099.333, 167
Trd, 000100.533, 160
Trd, 000100.850, 163
Trd, 000102.167, 154
Trd, 000102.267, 163
Trd, 000103.167, 162
Trd, 000103.350, 162
Trd, 000103.517, 162
Trd, 000103.833, 158
Trd, 000104.500, 163
Trd, 000105.533, 170
Trd, 000106.017, 168
Trd, 000106.250, 164
Trd, 000106.500, 167
Trd, 000106.550, 160
Trd, 000106.783, 154
Trd, 000107.083, 161
Trd, 000107.467, 168
Trd, 000108.633, 166
Trd, 000108.950, 167
Trd, 000109.250, 167
Trd, 000109.700, 165
Trd, 000110.017, 163
Trd, 000110.633, 161
Trd, 000110.717, 155
Trd, 000111.050, 165
Trd, 000112.000, 161
Trd, 000112.033, 165
Trd, 000114.133, 161
Trd, 000114.167, 163
Trd, 000114.550, 159
Trd, 000114.750, 159
Trd, 000115.550, 157
Trd, 000116.067, 153
Trd, 000116.767, 158
Trd, 000117.333, 158
Trd, 000117.417, 156
Trd, 000117.917, 159
Trd, 000118.267, 153
Trd, 000118.567, 157
Trd, 000119.150, 160
Trd, 000119.500, 167
Trd, 000120.100, 161
Trd, 000120.450, 169
Trd, 000120.550, 158
Trd, 000120.950, 157
Trd, 000121.333, 155
Trd, 000121.767, 165
Trd, 000121.917, 166
Trd, 000122.467, 167
Trd, 000122.617, 170
Trd, 000123.667, 165
Trd, 000124.183, 161
Trd, 000124.533, 161
Trd, 000124.667, 164
Trd, 000124.683, 160
Trd, 000125.800, 161
Trd, 000125.967, 162
Trd, 000126.567, 156
Trd, 000127.050, 160
Trd, 000127.383, 167
Trd, 000129.633, 150
Trd, 000130.033, 150
Trd, 000130.767, 156
Trd, 000130.817, 157
Trd, 000130.867, 152
Trd, 000131.400, 155
Trd, 000131.833, 156
Trd, 000132.133, 156
Trd, 000132.217, 168
Trd, 000133.267, 156
Trd, 000134.033, 159
Trd, 000134.100, 159
Trd, 000134.600, 161
Trd, 000135.267, 160
Trd, 000136.133, 160
Trd, 000136.433, 159
Trd, 000136.467, 158
Trd, 000136.983, 160
Trd, 000137.850, 157
Trd, 000137.900, 160
Trd, 000138.233, 155
Trd, 000138.650, 162
Trd, 000139.117, 171
Trd, 000139.917, 155
Trd, 000140.383, 154
Trd, 000142.250, 160
Trd, 000142.567, 161
Trd, 000142.967, 157
Trd, 000143.650, 166
Trd, 000143.683, 172
Trd, 000144.683, 160
Trd, 000145.483, 165
Trd, 000145.783, 166
Trd, 000146.300, 161
Trd, 000146.483, 160
Trd, 000146.783, 162
Trd, 000146.850, 159
Trd, 000147.050, 164
Trd, 000147.733, 166
Trd, 000148.050, 158
Trd, 000149.983, 161
Trd, 000150.500, 163
Trd, 000150.583, 152
Trd, 000150.883, 152
Trd, 000151.033, 151
Trd, 000151.233, 152
Trd, 000152.350, 162
Trd, 000153.100, 163
Trd, 000153.600, 159
Trd, 000154.233, 157
Trd, 000154.267, 163
Trd, 000154.367, 170
Trd, 000154.417, 156
Trd, 000155.767, 162
Trd, 000155.850, 163
Trd, 000156.283, 160
Trd, 000156.600, 166
Trd, 000157.033, 161
Trd, 000157.100, 167
Trd, 000158.017, 160
Trd, 000159.200, 169
Trd, 000159.750, 165
Trd, 000160.450, 165
Trd, 000160.917, 166
Trd, 000161.083, 166
Trd, 000161.433, 160
Trd, 000161.683, 161
Trd, 000162.333, 165
Trd, 000162.383, 166
Trd, 000162.733, 171
Trd, 000162.817, 158
Trd, 000163.367, 157
Trd, 000163.667, 164
Trd, 000164.733, 160
Trd, 000164.950, 159
Trd, 000165.017, 160
Trd, 000165.167, 158
Trd, 000165.400, 159
Trd, 000165.733, 160
Trd, 000166.167, 161
Trd, 000166.567, 153
Trd, 000167.183, 157
Trd, 000167.300, 160
Trd, 000168.067, 184
Trd, 000169.167, 183
Trd, 000169.233, 185
Trd, 000169.617, 185
Trd, 000170.233, 182
Trd, 000170.383, 180
Trd, 000170.617, 167
Trd, 000171.033, 163
Trd, 000171.967, 176
Trd, 000172.150, 174
Trd, 000172.700, 175
Trd, 000173.200, 169
Trd, 000173.583, 172
Trd, 000174.167, 171
Trd, 000174.317, 166
Trd, 000175.183, 162
Trd, 000175.650, 166
Trd, 000176.117, 167
Trd, 000176.900, 163
Trd, 000177.233, 167
Trd, 000177.967, 162
Trd, 000179.450, 163
Trd, 000179.717, 165
Trd, 000179.750, 165
Trd, 000180.017, 162
Trd, 000180.117, 166
Trd, 000180.933, 166
Trd, 000181.017, 164
Trd, 000181.383, 167
Trd, 000182.317, 161
Trd, 000182.367, 167
Trd, 000183.700, 163
Trd, 000184.617, 171
Trd, 000184.900, 162
Trd, 000185.283, 173
Trd, 000185.367, 159
Trd, 000185.433, 154
Trd, 000186.183, 149
Trd, 000186.567, 167
Trd, 000186.783, 166
Trd, 000186.833, 169
Trd, 000187.067, 175
Trd, 000187.117, 167
Trd, 000189.117, 161
Trd, 000189.383, 165
Trd, 000189.517, 160
Trd, 000190.317, 166
Trd, 000191.050, 167
Trd, 000191.100, 162
Trd, 000191.983, 166
Trd, 000193.217, 163
Trd, 000193.567, 165
Trd, 000193.850, 164
Trd, 000194.367, 167
Trd, 000194.733, 163
Trd, 000194.967, 167
Trd, 000195.800, 167
Trd, 000195.967, 163
Trd, 000196.150, 175
Trd, 000196.367, 164
Trd, 000197.150, 163
Trd, 000197.383, 176
Trd, 000197.817, 161
Trd, 000198.083, 174
Trd, 000198.800, 154
Trd, 000199.783, 161
Trd, 000200.667, 160
Trd, 000200.750, 166
Trd, 000201.967, 166
Trd, 000202.033, 165
Trd, 000202.417, 167
Trd, 000203.283, 176
Trd, 000205.333, 165
Trd, 000205.900, 168
Trd, 000206.100, 168
Trd, 000206.233, 166
Trd, 000206.417, 168
Trd, 000206.817, 163
Trd, 000206.917, 168
Trd, 000207.467, 162
Trd, 000207.733, 157
Trd, 000208.517, 166
Trd, 000209.267, 161
Trd, 000209.733, 162
Trd, 000210.200, 162
Trd, 000210.483, 164
Trd, 000210.617, 165
Trd, 000211.200, 163
Trd, 000211.350, 162
Trd, 000212.100, 168
Trd, 000212.133, 171
Trd, 000213.650, 164
Trd, 000215.050, 165
Trd, 000215.067, 169
Trd, 000215.217, 170
Trd, 000216.117, 171
Trd, 000216.450, 170
Trd, 000217.500, 168
Trd, 000217.800, 167
Trd, 000217.917, 168
Trd, 000218.500, 167
Trd, 000218.933, 167
Trd, 000219.033, 168
Trd, 000219.133, 168
Trd, 000219.783, 166
Trd, 000219.900, 169
Trd, 000220.300, 169
Trd, 000221.350, 170
Trd, 000221.617, 181
Trd, 000222.283, 178
Trd, 000222.383, 168
Trd, 000223.000, 168
Trd, 000223.600, 166
Trd, 000223.967, 179
Trd, 000224.650, 176
Trd, 000224.917, 177
Trd, 000224.933, 180
Trd, 000225.283, 186
Trd, 000225.383, 170
Trd, 000226.283, 188
Trd, 000227.250, 187
Trd, 000227.433, 181
Trd, 000227.700, 188
Trd, 000228.083, 181
Trd, 000228.100, 172
Trd, 000228.950, 178
Trd, 000229.817, 177
Trd, 000230.617, 179
Trd, 000231.017, 179
Trd, 000231.650, 181
Trd, 000231.767, 181
Trd, 000232.300, 178
Trd, 000232.317, 179
Trd, 000233.350, 173
Trd, 000235.467, 179
Trd, 000235.517, 177
Trd, 000236.017, 179
Trd, 000236.167, 179
Trd, 000236.633, 181
Trd, 000236.833, 174
Trd, 000236.900, 181
Trd, 000236.983, 182
Trd, 000237.850, 167
Trd, 000238.217, 161
Trd, 000238.300, 182
Trd, 000238.850, 161
Trd, 000239.550, 162
Trd, 000239.650, 172
Trd, 000239.667, 178
Trd, 000241.000, 174
Trd, 000241.417, 175
Trd, 000241.567, 175
Trd, 000242.183, 173
Trd, 000242.567, 172
Trd, 000243.117, 171
Trd, 000243.350, 170
Trd, 000243.417, 173
Trd, 000244.117, 168
Trd, 000244.283, 169
Trd, 000244.400, 171
Trd, 000244.850, 179
Trd, 000245.083, 173
Trd, 000245.783, 168
Trd, 000246.317, 171
Trd, 000247.033, 172
Trd, 000247.333, 171
Trd, 000247.567, 170
Trd, 000248.667, 173
Trd, 000248.817, 169
Trd, 000248.950, 180
Trd, 000249.667, 181
Trd, 000249.700, 183
Trd, 000249.867, 189
Trd, 000250.033, 186
Trd, 000250.400, 182
Trd, 000250.817, 193
Trd, 000250.833, 190
Trd, 000251.433, 204
Trd, 000251.817, 184
Trd, 000253.133, 182
Trd, 000253.333, 185
Trd, 000253.700, 186
Trd, 000253.767, 185
Trd, 000254.067, 187
Trd, 000254.267, 184
Trd, 000255.017, 182
Trd, 000255.333, 183
Trd, 000255.450, 174
Trd, 000256.167, 179
Trd, 000256.450, 169
Trd, 000257.033, 176
Trd, 000257.783, 163
Trd, 000258.100, 170
Trd, 000258.817, 173
Trd, 000258.917, 169
Trd, 000259.067, 174
Trd, 000259.583, 174
Trd, 000259.967, 176
Trd, 000260.517, 176
Trd, 000260.933, 177
Trd, 000261.283, 173
Trd, 000261.750, 174
Trd, 000261.767, 179
Trd, 000262.650, 176
Trd, 000263.167, 172
Trd, 000263.183, 170
Trd, 000263.617, 175
Trd, 000263.750, 168
Trd, 000263.767, 184
Trd, 000263.867, 190
Trd, 000264.533, 172
Trd, 000264.583, 194
Trd, 000264.633, 192
Trd, 000265.400, 198
Trd, 000265.667, 195
Trd, 000266.483, 188
Trd, 000267.417, 192
Trd, 000267.650, 193
Trd, 000268.117, 191
Trd, 000268.383, 183
Trd, 000268.917, 191
Trd, 000269.383, 186
Trd, 000270.517, 182
Trd, 000270.600, 182
Trd, 000271.017, 179
Trd, 000271.200, 176
Trd, 000271.450, 171
Trd, 000273.017, 177
Trd, 000273.700, 176
Trd, 000274.150, 177
Trd, 000274.283, 192
Trd, 000274.300, 177
Trd, 000274.450, 171
Trd, 000274.817, 174
Trd, 000275.267, 181
Trd, 000275.467, 174
Trd, 000275.733, 169
Trd, 000275.983, 172
Trd, 000276.833, 172
Trd, 000276.850, 175
Trd, 000278.150, 176
Trd, 000278.217, 176
Trd, 000278.350, 186
Trd, 000278.700, 187
Trd, 000278.883, 186
Trd, 000279.883, 180
Trd, 000280.300, 176
Trd, 000280.550, 175
Trd, 000280.617, 180
Trd, 000280.733, 180
Trd, 000280.917, 178
Trd, 000281.067, 172
Trd, 000281.533, 182
Trd, 000282.400, 173
Trd, 000283.167, 181
Trd, 000283.267, 170
Trd, 000283.817, 164
Trd, 000284.133, 179
Trd, 000284.800, 195
Trd, 000285.100, 185
Trd, 000285.233, 176
Trd, 000285.917, 196
Trd, 000286.050, 192
Trd, 000286.483, 189
Trd, 000287.450, 189
Trd, 000287.567, 188
Trd, 000287.783, 184
Trd, 000288.033, 184
Trd, 000288.083, 179
Trd, 000288.567, 187
Trd, 000288.850, 174
Trd, 000289.433, 187
Trd, 000290.900, 183
Trd, 000290.933, 179
Trd, 000291.067, 188
Trd, 000291.350, 176
Trd, 000291.433, 174
Trd, 000292.517, 185
Trd, 000293.150, 176
Trd, 000293.217, 176
Trd, 000293.717, 179
Trd, 000294.233, 173
Trd, 000294.350, 175
Trd, 000294.567, 184
Trd, 000294.767, 187
Trd, 000295.667, 194
Trd, 000296.100, 193
Trd, 000296.133, 192
Trd, 000296.333, 187
Trd, 000296.767, 189
Trd, 000297.017, 180
Trd, 000297.067, 188
Trd, 000297.100, 189
Trd, 000298.717, 187
Trd, 000298.767, 183
Trd, 000299.000, 189
Trd, 000299.833, 184
Trd, 000299.867, 183
