Trd, 000001.400, 135
Trd, 000002.000, 110
Trd, 000002.750, 156
Trd, 000003.367, 158
Trd, 000003.400, 161
Trd, 000003.700, 157
Trd, 000004.917, 169
Trd, 000005.333, 169
Trd, 000005.417, 155
Trd, 000006.483, 154
Trd, 000007.217, 166
Trd, 000007.833, 156
Trd, 000008.117, 165
Trd, 000008.533, 155
Trd, 000008.583, 154
Trd, 000011.833, 155
Trd, 000011.900, 153
Trd, 000012.167, 144
Trd, 000012.517, 157
Trd, 000013.600, 159
Trd, 000014.250, 155
Trd, 000014.867, 156
Trd, 000015.150, 165
Trd, 000015.867, 166
Trd, 000016.600, 161
Trd, 000017.217, 160
Trd, 000017.383, 158
Trd, 000017.433, 162
Trd, 000017.533, 142
Trd, 000018.817, 164
Trd, 000019.083, 164
Trd, 000020.117, 157
Trd, 000020.233, 160
Trd, 000020.567, 160
Trd, 000020.983, 157
Trd, 000021.883, 158
Trd, 000022.467, 157
Trd, 000022.733, 158
Trd, 000022.867, 168
Trd, 000024.133, 172
Trd, 000024.267, 169
Trd, 000024.900, 168
Trd, 000025.367, 166
Trd, 000025.733, 164
Trd, 000027.467, 164
Trd, 000027.750, 163
Trd, 000027.933, 161
Trd, 000029.183, 164
Trd, 000029.250, 166
Trd, 000029.500, 161
Trd, 000030.067, 160
Trd, 000031.217, 166
Trd, 000031.250, 168
Trd, 000031.833, 165
Trd, 000033.250, 166
Trd, 000033.517, 164
Trd, 000033.917, 147
Trd, 000034.517, 158
Trd, 000034.583, 169
Trd, 000035.183, 143
Trd, 000036.300, 152
Trd, 000036.483, 153
Trd, 000036.717, 151
Trd, 000037.333, 160
Trd, 000037.500, 146
Trd, 000038.050, 160
Trd, 000038.983, 142
Trd, 000039.533, 161
Trd, 000040.000, 171
Trd, 000040.617, 169
Trd, 000041.467, 166
Trd, 000041.600, 159
Trd, 000043.317, 162
Trd, 000043.750, 163
Trd, 000044.133, 163
Trd, 000044.167, 164
Trd, 000044.983, 162
Trd, 000045.133, 162
Trd, 000045.683, 159
Trd, 000046.033, 146
Trd, 000046.300, 163
Trd, 000046.417, 153
Trd, 000047.917, 142
Trd, 000048.333, 127
Trd, 000048.633, 142
Trd, 000049.900, 180
Trd, 000050.617, 163
Trd, 000050.667, 164
Trd, 000051.233, 163
Trd, 000051.467, 161
Trd, 000051.833, 161
Trd, 000051.967, 160
Trd, 000052.067, 164
Trd, 000053.133, 170
Trd, 000053.300, 184
Trd, 000053.850, 165
Trd, 000054.483, 175
Trd, 000056.233, 170
Trd, 000056.917, 169
Trd, 000057.250, 168
Trd, 000057.700, 167
Trd, 000057.767, 172
Trd, 000057.783, 176
Trd, 000059.800, 170
Trd, 000059.900, 168
Trd, 000060.633, 172
Trd, 000060.800, 162
Trd, 000061.650, 172
Trd, 000062.100, 174
Trd, 000062.717, 147
Trd, 000062.833, 169
Trd, 000063.733, 146
Trd, 000064.167, 155
Trd, 000064.250, 151
Trd, 000064.600, 146
Trd, 000065.000, 162
Trd, 000066.217, 164
Trd, 000066.800, 163
Trd, 000066.967, 164
Trd, 000067.917, 166
Trd, 000068.033, 171
Trd, 000068.133, 165
Trd, 000069.100, 163
Trd, 000069.167, 162
Trd, 000070.583, 164
Trd, 000070.900, 148
Trd, 000071.033, 145
Trd, 000071.217, 154
Trd, 000071.317, 164
Trd, 000071.783, 165
Trd, 000071.900, 166
Trd, 000073.767, 165
Trd, 000074.117, 163
Trd, 000074.867, 162
Trd, 000075.050, 162
Trd, 000075.117, 149
Trd, 000075.383, 166
Trd, 000077.083, 163
Trd, 000077.517, 154
Trd, 000077.650, 162
Trd, 000077.850, 158
Trd, 000078.250, 147
Trd, 000079.467, 167
Trd, 000079.983, 166
Trd, 000082.050, 168
Trd, 000082.300, 166
Trd, 000082.567, 167
Trd, 000083.633, 167
Trd, 000083.817, 173
Trd, 000083.967, 167
Trd, 000085.317, 169
Trd, 000085.517, 168
Trd, 000086.667, 177
Trd, 000087.100, 177
Trd, 000087.317, 180
Trd, 000087.400, 175
Trd, 000087.483, 164
Trd, 000088.500, 148
Trd, 000090.050, 172
Trd, 000090.600, 175
Trd, 000090.617, 176
Trd, 000091.150, 173
Trd, 000092.533, 177
Trd, 000092.750, 173
Trd, 000093.717, 174
Trd, 000095.517, 174
Trd, 000095.550, 172
Trd, 000095.650, 171
Trd, 000095.717, 176
Trd, 000095.800, 171
Trd, 000097.017, 170
Trd, 000097.817, 172
Trd, 000099.083, 168
Trd, 000100.017, 170
Trd, 000100.583, 174
Trd, 000100.983, 169
Trd, 000101.167, 174
Trd, 000101.417, 165
Trd, 000101.483, 153
Trd, 000101.500, 148
Trd, 000101.833, 175
Trd, 000102.433, 148
Trd, 000103.767, 182
Trd, 000104.850, 171
Trd, 000105.517, 161
Trd, 000105.583, 161
Trd, 000105.967, 159
Trd, 000106.867, 156
Trd, 000106.917, 154
Trd, 000107.917, 167
Trd, 000108.467, 167
Trd, 000108.933, 167
Trd, 000109.017, 165
Trd, 000109.533, 169
Trd, 000109.867, 164
Trd, 000110.367, 176
Trd, 000111.633, 166
Trd, 000112.850, 164
Trd, 000113.083, 163
Trd, 000113.283, 170
Trd, 000113.867, 169
Trd, 000114.967, 167
Trd, 000115.017, 169
Trd, 000115.617, 169
Trd, 000116.050, 172
Trd, 000116.067, 166
Trd, 000117.350, 166
Trd, 000117.617, 165
Trd, 000118.317, 154
Trd, 000119.067, 162
Trd, 000119.983, 172
Trd, 000120.067, 176
Trd, 000120.100, 177
Trd, 000120.133, 163
Trd, 000120.550, 183
Trd, 000121.383, 167
Trd, 000121.750, 155
Trd, 000122.667, 171
Trd, 000122.767, 164
Trd, 000123.350, 171
Trd, 000123.633, 167
Trd, 000124.083, 164
Trd, 000124.733, 164
Trd, 000125.517, 168
Trd, 000125.967, 169
Trd, 000126.383, 169
Trd, 000127.033, 179
Trd, 000127.550, 184
Trd, 000128.033, 171
Trd, 000128.067, 170
Trd, 000129.000, 184
Trd, 000129.733, 171
Trd, 000130.167, 170
Trd, 000131.283, 177
Trd, 000132.250, 172
Trd, 000132.317, 177
Trd, 000132.767, 178
Trd, 000132.817, 171
Trd, 000133.000, 169
Trd, 000133.700, 169
Trd, 000133.800, 168
Trd, 000135.467, 175
Trd, 000136.133, 170
Trd, 000136.233, 174
Trd, 000136.883, 174
Trd, 000137.117, 175
Trd, 000138.100, 175
Trd, 000138.283, 175
Trd, 000138.300, 171
Trd, 000138.683, 171
Trd, 000138.783, 170
Trd, 000140.367, 171
Trd, 000142.483, 171
Trd, 000142.733, 172
Trd, 000143.350, 169
Trd, 000143.967, 172
Trd, 000145.100, 172
Trd, 000145.250, 172
Trd, 000145.917, 170
Trd, 000146.100, 159
Trd, 000146.350, 166
Trd, 000147.767, 167
Trd, 000147.800, 166
Trd, 000147.867, 165
Trd, 000149.367, 180
Trd, 000149.683, 174
Trd, 000150.150, 157
Trd, 000150.817, 170
Trd, 000150.967, 173
Trd, 000152.933, 168
Trd, 000153.017, 172
Trd, 000153.117, 173
Trd, 000153.550, 177
Trd, 000153.700, 170
Trd, 000154.283, 169
Trd, 000154.750, 168
Trd, 000155.300, 176
Trd, 000155.550, 175
Trd, 000155.633, 177
Trd, 000156.150, 158
Trd, 000156.950, 159
Trd, 000157.083, 175
Trd, 000159.083, 165
Trd, 000159.150, 176
Trd, 000159.717, 177
Trd, 000159.750, 171
Trd, 000160.200, 163
Trd, 000160.250, 161
Trd, 000160.567, 159
Trd, 000161.150, 157
Trd, 000161.867, 162
Trd, 000162.767, 156
Trd, 000163.267, 153
Trd, 000163.367, 173
Trd, 000164.100, 174
Trd, 000164.950, 155
Trd, 000165.317, 171
Trd, 000166.233, 170
Trd, 000166.550, 171
Trd, 000167.083, 178
Trd, 000167.167, 173
Trd, 000167.700, 175
Trd, 000168.117, 174
Trd, 000170.450, 176
Trd, 000170.650, 182
Trd, 000171.367, 177
Trd, 000171.683, 177
Trd, 000171.883, 176
Trd, 000172.083, 180
Trd, 000172.367, 172
Trd, 000174.633, 178
Trd, 000174.700, 178
Trd, 000174.767, 177
Trd, 000174.950, 172
Trd, 000175.017, 182
Trd, 000175.600, 192
Trd, 000176.133, 172
Trd, 000176.567, 193
Trd, 000176.667, 170
Trd, 000178.217, 180
Trd, 000178.767, 186
Trd, 000178.867, 192
Trd, 000179.683, 181
Trd, 000180.050, 180
Trd, 000181.817, 183
Trd, 000182.067, 181
Trd, 000182.117, 178
Trd, 000182.883, 176
Trd, 000183.700, 182
Trd, 000184.250, 177
Trd, 000184.300, 181
Trd, 000184.417, 176
Trd, 000184.833, 175
Trd, 000186.000, 181
Trd, 000186.800, 176
Trd, 000187.267, 173
Trd, 000188.150, 174
Trd, 000188.633, 162
Trd, 000188.883, 157
Trd, 000191.033, 174
Trd, 000191.217, 168
Trd, 000192.050, 176
Trd, 000192.400, 178
Trd, 000193.067, 177
Trd, 000193.617, 178
Trd, 000193.850, 175
Trd, 000194.000, 175
Trd, 000196.167, 176
Trd, 000196.433, 176
Trd, 000196.617, 177
Trd, 000197.417, 175
Trd, 000197.650, 177
Trd, 000198.700, 175
Trd, 000199.000, 175
Trd, 000199.233, 179
Trd, 000199.317, 178
Trd, 000199.550, 174
Trd, 000199.850, 162
Trd, 000200.417, 159
Trd, 000200.867, 185
Trd, 000201.550, 176
Trd, 000201.867, 175
Trd, 000202.417, 179
Trd, 000203.967, 178
Trd, 000204.017, 187
Trd, 000205.167, 176
Trd, 000205.433, 178
Trd, 000206.100, 178
Trd, 000206.617, 177
Trd, 000206.800, 176
Trd, 000207.467, 176
Trd, 000208.567, 195
Trd, 000209.017, 194
Trd, 000209.583, 188
Trd, 000209.683, 181
Trd, 000209.833, 176
Trd, 000210.500, 195
Trd, 000210.633, 192
Trd, 000210.750, 189
Trd, 000211.433, 188
Trd, 000211.733, 183
Trd, 000212.650, 186
Trd, 000213.167, 178
Trd, 000214.500, 182
Trd, 000215.250, 182
Trd, 000215.300, 180
Trd, 000215.517, 176
Trd, 000215.700, 183
Trd, 000215.817, 164
Trd, 000217.267, 162
Trd, 000218.650, 179
Trd, 000219.150, 178
Trd, 000219.433, 179
Trd, 000219.800, 179
Trd, 000219.900, 177
Trd, 000220.117, 175
Trd, 000220.983, 177
Trd, 000221.683, 178
Trd, 000222.117, 180
Trd, 000222.317, 176
Trd, 000224.000, 178
Trd, 000224.083, 177
Trd, 000224.150, 175
Trd, 000224.467, 163
Trd, 000224.767, 162
Trd, 000225.200, 177
Trd, 000225.350, 180
Trd, 000226.583, 179
Trd, 000226.983, 179
Trd, 000227.367, 180
Trd, 000228.067, 178
Trd, 000229.067, 178
Trd, 000230.683, 180
Trd, 000230.717, 186
Trd, 000231.417, 180
Trd, 000232.483, 182
Trd, 000233.267, 181
Trd, 000233.350, 186
Trd, 000234.150, 184
Trd, 000234.800, 184
Trd, 000235.517, 181
Trd, 000235.700, 182
Trd, 000236.117, 182
Trd, 000236.200, 180
Trd, 000236.700, 166
Trd, 000237.050, 162
Trd, 000237.667, 182
Trd, 000237.683, 189
Trd, 000237.783, 198
Trd, 000238.050, 156
Trd, 000238.500, 183
Trd, 000238.517, 161
Trd, 000239.767, 172
Trd, 000239.983, 172
Trd, 000240.583, 186
Trd, 000241.200, 183
Trd, 000242.317, 180
Trd, 000243.000, 178
Trd, 000243.333, 182
Trd, 000243.617, 176
Trd, 000243.717, 175
Trd, 000244.050, 177
Trd, 000244.467, 177
Trd, 000244.833, 173
Trd, 000245.567, 182
Trd, 000245.733, 173
Trd, 000245.883, 172
Trd, 000246.067, 170
Trd, 000247.667, 168
Trd, 000248.367, 169
Trd, 000249.733, 173
Trd, 000249.833, 171
Trd, 000249.867, 173
Trd, 000250.250, 172
Trd, 000250.283, 170
Trd, 000250.467, 168
Trd, 000251.000, 172
Trd, 000251.333, 169
Trd, 000251.583, 168
Trd, 000251.867, 184
Trd, 000251.917, 190
Trd, 000252.200, 167
Trd, 000253.550, 183
Trd, 000254.183, 185
Trd, 000254.317, 187
Trd, 000254.667, 186
Trd, 000254.733, 184
Trd, 000255.233, 180
Trd, 000255.333, 165
Trd, 000256.117, 169
Trd, 000256.300, 184
Trd, 000257.017, 183
Trd, 000258.783, 185
Trd, 000259.400, 183
Trd, 000259.583, 186
Trd, 000259.750, 181
Trd, 000260.267, 183
Trd, 000260.500, 182
Trd, 000260.950, 182
Trd, 000261.183, 181
Trd, 000261.533, 177
Trd, 000261.817, 178
Trd, 000262.200, 180
Trd, 000263.500, 174
Trd, 000263.617, 173
Trd, 000263.867, 174
Trd, 000263.933, 178
Trd, 000264.917, 177
Trd, 000266.267, 174
Trd, 000266.600, 178
Trd, 000267.267, 177
Trd, 000267.300, 176
Trd, 000268.183, 175
Trd, 000268.267, 170
Trd, 000268.917, 175
Trd, 000269.583, 175
Trd, 000269.700, 169
Trd, 000269.850, 168
Trd, 000270.467, 173
Trd, 000271.417, 171
Trd, 000272.383, 174
Trd, 000272.767, 185
Trd, 000273.200, 179
Trd, 000273.550, 178
Trd, 000273.600, 180
Trd, 000274.150, 185
Trd, 000274.517, 180
Trd, 000274.883, 182
Trd, 000275.183, 179
Trd, 000275.450, 169
Trd, 000276.733, 177
Trd, 000277.133, 175
Trd, 000277.350, 174
Trd, 000278.133, 178
Trd, 000279.533, 177
Trd, 000280.050, 178
Trd, 000280.117, 186
Trd, 000280.417, 176
Trd, 000280.533, 175
Trd, 000280.617, 180
Trd, 000280.700, 175
Trd, 000280.917, 174
Trd, 000281.000, 186
Trd, 000281.017, 190
Trd, 000281.450, 188
Trd, 000281.750, 195
Trd, 000283.250, 195
Trd, 000283.817, 194
Trd, 000284.300, 190
Trd, 000285.117, 184
Trd, 000286.033, 184
Trd, 000286.483, 187
Trd, 000286.767, 185
Trd, 000286.917, 184
Trd, 000286.967, 183
Trd, 000287.850, 188
Trd, 000287.900, 184
Trd, 000287.950, 190
Trd, 000288.067, 183
Trd, 000288.333, 180
Trd, 000288.533, 171
Trd, 000289.133, 167
Trd, 000290.283, 187
Trd, 000290.433, 181
Trd, 000290.567, 175
Trd, 000290.717, 172
Trd, 000291.533, 186
Trd, 000291.617, 187
Trd, 000292.567, 180
Trd, 000293.483, 169
Trd, 000294.600, 183
Trd, 000295.000, 177
Trd, 000295.250, 180
Trd, 000295.383, 183
Trd, 000295.433, 173
Trd, 000295.450, 185
Trd, 000295.500, 169
Trd, 000296.200, 187
Trd, 000296.883, 191
Trd, 000297.317, 187
Trd, 000297.567, 187
Trd, 000297.667, 186
Trd, 000298.333, 194
Trd, 000298.700, 185
Trd, 000299.300, 192
Trd, 000299.683, 171
