Trd, 000001.533, 127
Trd, 000003.083, 120
Trd, 000003.967, 124
Trd, 000004.067, 141
Trd, 000004.483, 165
Trd, 000004.617, 135
Trd, 000004.650, 167
Trd, 000004.733, 136
Trd, 000005.067, 171
Trd, 000005.617, 139
Trd, 000005.933, 166
Trd, 000007.867, 156
Trd, 000008.250, 157
Trd, 000008.900, 158
Trd, 000009.033, 158
Trd, 000010.133, 160
Trd, 000010.867, 160
Trd, 000011.417, 157
Trd, 000011.517, 152
Trd, 000012.800, 153
Trd, 000013.117, 160
Trd, 000013.683, 149
Trd, 000014.100, 154
Trd, 000014.367, 148
Trd, 000015.033, 149
Trd, 000016.467, 152
Trd, 000017.133, 152
Trd, 000017.833, 152
Trd, 000018.150, 151
Trd, 000018.267, 152
Trd, 000018.450, 151
Trd, 000018.800, 153
Trd, 000019.050, 150
Trd, 000019.433, 147
Trd, 000019.700, 140
Trd, 000020.650, 143
Trd, 000020.783, 146
Trd, 000021.367, 148
Trd, 000021.383, 160
Trd, 000022.817, 156
Trd, 000023.150, 156
Trd, 000023.167, 155
Trd, 000023.183, 161
Trd, 000023.217, 153
Trd, 000024.117, 150
Trd, 000024.500, 139
Trd, 000026.117, 148
Trd, 000026.150, 149
Trd, 000026.400, 150
Trd, 000027.183, 147
Trd, 000027.967, 147
Trd, 000028.317, 148
Trd, 000029.033, 147
Trd, 000029.733, 146
Trd, 000029.800, 151
Trd, 000030.217, 154
Trd, 000030.417, 145
Trd, 000031.317, 148
Trd, 000032.000, 153
Trd, 000033.367, 151
Trd, 000033.683, 147
Trd, 000033.700, 147
Trd, 000034.517, 140
Trd, 000035.350, 150
Trd, 000035.417, 139
Trd, 000035.483, 154
Trd, 000035.617, 154
Trd, 000036.167, 155
Trd, 000037.483, 156
Trd, 000038.550, 156
Trd, 000038.667, 157
Trd, 000038.983, 155
Trd, 000040.083, 156
Trd, 000040.367, 154
Trd, 000041.533, 162
Trd, 000042.183, 159
Trd, 000042.400, 158
Trd, 000042.983, 155
Trd, 000043.350, 155
Trd, 000043.583, 154
Trd, 000044.033, 158
Trd, 000044.250, 155
Trd, 000045.400, 157
Trd, 000045.533, 157
Trd, 000046.750, 158
Trd, 000047.117, 157
Trd, 000047.367, 156
Trd, 000048.200, 156
Trd, 000048.633, 157
Trd, 000048.683, 156
Trd, 000050.267, 155
Trd, 000050.517, 156
Trd, 000051.067, 156
Trd, 000051.283, 155
Trd, 000051.850, 155
Trd, 000052.100, 156
Trd, 000052.400, 156
Trd, 000052.433, 154
Trd, 000052.533, 157
Trd, 000054.517, 153
Trd, 000054.583, 158
Trd, 000055.900, 162
Trd, 000057.250, 155
Trd, 000057.533, 154
Trd, 000058.217, 153
Trd, 000058.333, 156
Trd, 000058.817, 145
Trd, 000059.033, 155
Trd, 000059.750, 150
Trd, 000059.883, 144
Trd, 000060.550, 148
Trd, 000060.867, 157
Trd, 000061.050, 147
Trd, 000061.333, 162
Trd, 000062.733, 157
Trd, 000063.267, 144
Trd, 000064.017, 147
Trd, 000064.367, 151
Trd, 000065.017, 151
Trd, 000065.033, 154
Trd, 000065.250, 150
Trd, 000065.400, 157
Trd, 000065.550, 149
Trd, 000066.017, 164
Trd, 000066.567, 151
Trd, 000066.833, 151
Trd, 000067.467, 159
Trd, 000067.633, 160
Trd, 000068.033, 172
Trd, 000068.450, 159
Trd, 000068.950, 158
Trd, 000070.350, 162
Trd, 000071.533, 164
Trd, 000072.217, 164
Trd, 000072.400, 161
Trd, 000073.233, 160
Trd, 000073.450, 161
Trd, 000073.733, 165
Trd, 000074.317, 175
Trd, 000074.550, 175
Trd, 000074.767, 174
Trd, 000075.600, 183
Trd, 000076.067, 174
Trd, 000076.600, 175
Trd, 000078.000, 165
Trd, 000078.317, 163
Trd, 000078.633, 161
Trd, 000078.883, 166
Trd, 000079.133, 164
Trd, 000079.450, 155
Trd, 000080.167, 145
Trd, 000080.917, 160
Trd, 000081.983, 165
Trd, 000082.033, 164
Trd, 000082.567, 164
Trd, 000083.417, 163
Trd, 000083.667, 162
Trd, 000083.917, 159
Trd, 000084.883, 163
Trd, 000085.283, 165
Trd, 000085.567, 166
Trd, 000086.600, 173
Trd, 000086.617, 162
Trd, 000087.400, 161
Trd, 000088.467, 163
Trd, 000089.417, 162
Trd, 000089.667, 167
Trd, 000089.867, 167
Trd, 000090.417, 162
Trd, 000091.600, 160
Trd, 000092.750, 164
Trd, 000093.033, 160
Trd, 000094.283, 164
Trd, 000094.483, 165
Trd, 000094.933, 162
Trd, 000095.217, 161
Trd, 000095.767, 161
Trd, 000095.983, 161
Trd, 000096.867, 161
Trd, 000097.283, 160
Trd, 000097.467, 161
Trd, 000097.900, 163
Trd, 000098.050, 159
Trd, 000098.850, 161
Trd, 000098.967, 158
Trd, 000099.383, 161
Trd, 000099.817, 156
Trd, 000100.333, 154
Trd, 000101.717, 161
Trd, 000101.783, 163
Trd, 000102.533, 168
Trd, 000102.900, 156
Trd, 000103.283, 158
Trd, 000104.683, 160
Trd, 000104.817, 158
Trd, 000104.967, 162
Trd, 000105.717, 159
Trd, 000106.000, 162
Trd, 000106.950, 158
Trd, 000107.617, 162
Trd, 000108.017, 159
Trd, 000108.300, 157
Trd, 000108.483, 164
Trd, 000108.517, 156
Trd, 000109.817, 165
Trd, 000110.433, 156
Trd, 000111.283, 166
Trd, 000111.833, 164
Trd, 000112.367, 163
Trd, 000112.600, 154
Trd, 000114.050, 162
Trd, 000114.450, 165
Trd, 000114.950, 164
Trd, 000115.383, 166
Trd, 000116.317, 165
Trd, 000117.983, 165
Trd, 000118.650, 164
Trd, 000119.517, 167
Trd, 000120.783, 166
Trd, 000121.567, 167
Trd, 000121.633, 167
Trd, 000121.683, 166
Trd, 000121.800, 164
Trd, 000122.867, 165
Trd, 000122.917, 165
Trd, 000124.333, 165
Trd, 000124.567, 165
Trd, 000124.700, 164
Trd, 000124.800, 163
Trd, 000124.967, 166
Trd, 000125.017, 163
Trd, 000125.033, 162
Trd, 000125.183, 170
Trd, 000126.500, 166
Trd, 000127.767, 168
Trd, 000128.000, 166
Trd, 000128.067, 171
Trd, 000128.733, 165
Trd, 000129.567, 169
Trd, 000130.183, 165
Trd, 000130.367, 163
Trd, 000130.833, 161
Trd, 000130.983, 168
Trd, 000132.533, 165
Trd, 000133.083, 166
Trd, 000133.650, 170
Trd, 000134.450, 169
Trd, 000134.500, 167
Trd, 000134.917, 171
Trd, 000136.267, 166
Trd, 000136.850, 169
Trd, 000137.183, 166
Trd, 000137.267, 165
Trd, 000138.067, 169
Trd, 000138.567, 165
Trd, 000139.917, 166
Trd, 000140.133, 169
Trd, 000140.650, 165
Trd, 000141.083, 164
Trd, 000142.150, 168
Trd, 000142.217, 169
Trd, 000143.183, 167
Trd, 000143.250, 172
Trd, 000143.450, 167
Trd, 000144.300, 167
Trd, 000145.233, 166
Trd, 000145.450, 167
Trd, 000146.633, 165
Trd, 000147.917, 166
Trd, 000148.217, 163
Trd, 000148.750, 164
Trd, 000149.617, 164
Trd, 000150.083, 166
Trd, 000150.350, 166
Trd, 000150.483, 167
Trd, 000150.750, 164
Trd, 000151.450, 163
Trd, 000151.883, 163
Trd, 000152.683, 163
Trd, 000153.467, 162
Trd, 000153.617, 152
Trd, 000153.917, 159
Trd, 000154.683, 165
Trd, 000154.883, 158
Trd, 000155.867, 166
Trd, 000156.000, 166
Trd, 000156.350, 166
Trd, 000156.667, 162
Trd, 000158.000, 166
Trd, 000158.300, 172
Trd, 000159.000, 167
Trd, 000159.083, 167
Trd, 000159.233, 174
Trd, 000159.667, 166
Trd, 000160.900, 167
Trd, 000160.950, 167
Trd, 000162.083, 168
Trd, 000163.350, 168
Trd, 000163.483, 167
Trd, 000163.533, 169
Trd, 000163.600, 164
Trd, 000163.667, 164
Trd, 000165.950, 168
Trd, 000166.783, 167
Trd, 000167.283, 166
Trd, 000167.633, 168
Trd, 000168.067, 167
Trd, 000168.317, 166
Trd, 000169.417, 170
Trd, 000170.733, 170
Trd, 000171.050, 171
Trd, 000171.250, 167
Trd, 000171.300, 165
Trd, 000172.000, 170
Trd, 000172.133, 165
Trd, 000172.383, 165
Trd, 000172.883, 169
Trd, 000173.017, 156
Trd, 000174.383, 169
Trd, 000174.550, 168
Trd, 000174.700, 170
Trd, 000174.817, 163
Trd, 000175.083, 162
Trd, 000175.583, 159
Trd, 000176.667, 171
Trd, 000176.817, 161
Trd, 000177.450, 155
Trd, 000178.550, 163
Trd, 000178.750, 161
Trd, 000178.933, 173
Trd, 000180.233, 169
Trd, 000181.033, 174
Trd, 000181.350, 176
Trd, 000181.767, 176
Trd, 000181.983, 182
Trd, 000182.850, 175
Trd, 000183.500, 176
Trd, 000183.917, 177
Trd, 000183.983, 176
Trd, 000184.067, 169
Trd, 000184.783, 157
Trd, 000184.967, 169
Trd, 000185.150, 170
Trd, 000185.383, 171
Trd, 000185.533, 189
Trd, 000185.667, 166
Trd, 000187.100, 181
Trd, 000187.617, 181
Trd, 000187.733, 179
Trd, 000188.100, 181
Trd, 000188.967, 179
Trd, 000189.483, 179
Trd, 000191.100, 179
Trd, 000191.150, 178
Trd, 000191.950, 177
Trd, 000192.133, 176
Trd, 000192.150, 170
Trd, 000192.767, 174
Trd, 000193.267, 171
Trd, 000193.383, 179
Trd, 000195.117, 175
Trd, 000195.217, 173
Trd, 000196.000, 175
Trd, 000196.033, 178
Trd, 000196.317, 178
Trd, 000197.500, 176
Trd, 000197.983, 176
Trd, 000198.200, 175
Trd, 000198.717, 177
Trd, 000199.050, 176
Trd, 000199.400, 178
Trd, 000199.417, 170
Trd, 000199.750, 171
Trd, 000199.817, 173
Trd, 000199.900, 168
Trd, 000201.883, 171
Trd, 000202.483, 171
Trd, 000202.667, 171
Trd, 000203.183, 170
Trd, 000203.250, 172
Trd, 000204.667, 168
Trd, 000204.717, 167
Trd, 000204.783, 167
Trd, 000205.067, 158
Trd, 000206.567, 172
Trd, 000207.117, 169
Trd, 000207.367, 159
Trd, 000209.167, 165
Trd, 000210.950, 166
Trd, 000211.217, 166
Trd, 000211.717, 169
Trd, 000212.017, 167
Trd, 000212.133, 166
Trd, 000212.217, 172
Trd, 000212.900, 165
Trd, 000213.533, 166
Trd, 000213.700, 164
Trd, 000214.117, 163
Trd, 000214.533, 155
Trd, 000214.783, 168
Trd, 000215.250, 166
Trd, 000215.333, 172
Trd, 000215.950, 159
Trd, 000216.667, 172
Trd, 000217.667, 164
Trd, 000218.433, 170
Trd, 000218.500, 167
Trd, 000218.517, 166
Trd, 000218.667, 180
Trd, 000219.450, 174
Trd, 000220.317, 173
Trd, 000220.967, 177
Trd, 000222.117, 175
Trd, 000222.433, 176
Trd, 000223.100, 175
Trd, 000223.983, 176
Trd, 000224.267, 177
Trd, 000224.733, 174
Trd, 000224.817, 173
Trd, 000225.633, 180
Trd, 000225.683, 174
Trd, 000227.217, 173
Trd, 000227.633, 173
Trd, 000228.633, 170
Trd, 000229.533, 163
Trd, 000230.417, 166
Trd, 000230.933, 170
Trd, 000231.633, 162
Trd, 000232.383, 167
Trd, 000232.700, 171
Trd, 000232.750, 167
Trd, 000233.700, 167
Trd, 000233.950, 167
Trd, 000234.500, 172
Trd, 000234.550, 175
Trd, 000234.833, 181
Trd, 000236.067, 167
Trd, 000237.233, 179
Trd, 000238.983, 179
Trd, 000239.150, 178
Trd, 000239.700, 180
Trd, 000239.867, 180
Trd, 000239.933, 177
Trd, 000240.183, 175
Trd, 000240.533, 175
Trd, 000240.733, 178
Trd, 000241.400, 178
Trd, 000241.983, 177
Trd, 000242.350, 177
Trd, 000243.183, 179
Trd, 000243.250, 178
Trd, 000244.550, 177
Trd, 000244.900, 175
Trd, 000244.983, 175
Trd, 000245.100, 177
Trd, 000245.383, 180
Trd, 000246.500, 181
Trd, 000246.817, 180
Trd, 000247.717, 179
Trd, 000248.000, 181
Trd, 000248.633, 183
Trd, 000248.883, 175
Trd, 000249.217, 175
Trd, 000249.600, 182
Trd, 000249.867, 175
Trd, 000250.033, 166
Trd, 000250.067, 162
Trd, 000251.200, 179
Trd, 000251.800, 176
Trd, 000252.433, 179
Trd, 000252.667, 177
Trd, 000253.600, 179
Trd, 000254.317, 179
Trd, 000255.000, 176
Trd, 000255.817, 177
Trd, 000256.017, 176
Trd, 000256.233, 179
Trd, 000256.300, 176
Trd, 000256.417, 175
Trd, 000257.317, 195
Trd, 000257.433, 188
Trd, 000258.317, 182
Trd, 000258.833, 184
Trd, 000259.117, 182
Trd, 000259.450, 184
Trd, 000259.567, 187
Trd, 000260.350, 178
Trd, 000260.450, 177
Trd, 000260.867, 176
Trd, 000261.450, 167
Trd, 000261.917, 174
Trd, 000262.483, 174
Trd, 000262.667, 175
Trd, 000263.050, 182
Trd, 000263.117, 185
Trd, 000264.450, 179
Trd, 000264.550, 178
Trd, 000264.900, 177
Trd, 000265.267, 176
Trd, 000266.133, 171
Trd, 000266.767, 172
Trd, 000267.333, 167
Trd, 000267.800, 170
Trd, 000267.933, 171
Trd, 000268.317, 172
Trd, 000269.300, 169
Trd, 000270.300, 175
Trd, 000270.917, 172
Trd, 000270.967, 171
Trd, 000271.067, 168
Trd, 000271.350, 173
Trd, 000271.833, 173
Trd, 000271.883, 174
Trd, 000272.450, 169
Trd, 000272.567, 168
Trd, 000273.550, 172
Trd, 000273.633, 171
Trd, 000273.733, 170
Trd, 000274.100, 170
Trd, 000274.133, 174
Trd, 000275.250, 175
Trd, 000275.333, 178
Trd, 000275.517, 169
Trd, 000275.817, 169
Trd, 000275.850, 178
Trd, 000277.717, 181
Trd, 000277.817, 178
Trd, 000278.300, 178
Trd, 000279.050, 177
Trd, 000279.233, 178
Trd, 000279.833, 177
Trd, 000279.950, 176
Trd, 000280.483, 186
Trd, 000280.700, 183
Trd, 000281.117, 193
Trd, 000281.400, 179
Trd, 000281.733, 187
Trd, 000282.167, 182
Trd, 000282.233, 180
Trd, 000282.483, 178
Trd, 000282.900, 179
Trd, 000284.117, 178
Trd, 000284.317, 179
Trd, 000284.900, 180
Trd, 000285.400, 179
Trd, 000286.233, 179
Trd, 000286.383, 178
Trd, 000286.867, 179
Trd, 000287.767, 178
Trd, 000287.833, 178
Trd, 000288.483, 178
Trd, 000288.867, 186
Trd, 000289.100, 177
Trd, 000289.433, 182
Trd, 000291.167, 178
Trd, 000291.250, 181
Trd, 000291.867, 178
Trd, 000291.917, 179
Trd, 000292.000, 177
Trd, 000292.050, 170
Trd, 000292.650, 165
Trd, 000293.617, 180
Trd, 000293.783, 178
Trd, 000294.133, 178
Trd, 000294.183, 177
Trd, 000295.283, 178
Trd, 000295.533, 177
Trd, 000296.017, 175
Trd, 000296.650, 176
Trd, 000296.733, 171
Trd, 000296.900, 178
Trd, 000297.033, 188
Trd, 000299.350, 182
Trd, 000299.367, 181
Trd, 000299.617, 179
Trd, 000299.733, 178
Trd, 000299.783, 182
