Trd, 000001.000, 145
Trd, 000001.717, 150
Trd, 000002.650, 138
Trd, 000002.917, 135
Trd, 000003.000, 151
Trd, 000004.233, 150
Trd, 000004.883, 152
Trd, 000007.000, 152
Trd, 000007.033, 153
Trd, 000007.483, 151
Trd, 000007.583, 151
Trd, 000007.733, 148
Trd, 000009.183, 153
Trd, 000009.667, 152
Trd, 000010.850, 155
Trd, 000011.300, 155
Trd, 000011.617, 156
Trd, 000012.700, 154
Trd, 000013.250, 153
Trd, 000013.433, 155
Trd, 000015.167, 154
Trd, 000015.217, 154
Trd, 000015.350, 154
Trd, 000016.783, 155
Trd, 000017.250, 154
Trd, 000017.283, 155
Trd, 000017.700, 153
Trd, 000018.417, 154
Trd, 000018.567, 154
Trd, 000018.983, 153
Trd, 000019.667, 152
Trd, 000021.383, 156
Trd, 000021.767, 153
Trd, 000021.800, 152
Trd, 000021.867, 156
Trd, 000023.550, 134
Trd, 000023.667, 140
Trd, 000024.717, 146
Trd, 000024.867, 146
Trd, 000025.283, 146
Trd, 000025.350, 145
Trd, 000025.533, 146
Trd, 000025.600, 148
Trd, 000026.233, 147
Trd, 000026.617, 149
Trd, 000027.633, 149
Trd, 000028.767, 158
Trd, 000029.117, 159
Trd, 000029.733, 154
Trd, 000030.117, 154
Trd, 000030.767, 154
Trd, 000031.150, 156
Trd, 000031.167, 154
Trd, 000031.667, 158
Trd, 000032.967, 154
Trd, 000033.317, 155
Trd, 000033.700, 155
Trd, 000033.917, 154
Trd, 000034.117, 156
Trd, 000034.267, 151
Trd, 000034.967, 155
Trd, 000035.850, 154
Trd, 000036.750, 154
Trd, 000037.400, 155
Trd, 000038.450, 154
Trd, 000039.300, 154
Trd, 000040.400, 152
Trd, 000040.650, 154
Trd, 000041.400, 153
Trd, 000041.933, 153
Trd, 000042.000, 151
Trd, 000042.967, 149
Trd, 000044.417, 152
Trd, 000044.867, 150
Trd, 000045.083, 148
Trd, 000045.317, 151
Trd, 000045.550, 151
Trd, 000045.900, 154
Trd, 000046.650, 154
Trd, 000047.517, 155
Trd, 000047.667, 159
Trd, 000048.867, 160
Trd, 000049.650, 157
Trd, 000049.767, 157
Trd, 000049.867, 156
Trd, 000050.067, 156
Trd, 000050.317, 156
Trd, 000051.100, 156
Trd, 000051.717, 155
Trd, 000052.100, 151
Trd, 000052.533, 138
Trd, 000053.100, 154
Trd, 000053.217, 154
Trd, 000054.367, 161
Trd, 000054.767, 162
Trd, 000054.983, 163
Trd, 000056.050, 161
Trd, 000056.267, 158
Trd, 000056.450, 157
Trd, 000057.833, 158
Trd, 000057.883, 158
Trd, 000058.500, 157
Trd, 000058.583, 157
Trd, 000059.900, 154
Trd, 000060.083, 154
Trd, 000060.683, 156
Trd, 000061.033, 157
Trd, 000061.783, 157
Trd, 000062.067, 157
Trd, 000063.017, 159
Trd, 000063.433, 156
Trd, 000063.617, 153
Trd, 000064.133, 154
Trd, 000065.533, 157
Trd, 000065.750, 157
Trd, 000067.100, 158
Trd, 000067.400, 158
Trd, 000067.633, 159
Trd, 000067.767, 161
Trd, 000068.017, 164
Trd, 000068.267, 158
Trd, 000068.367, 157
Trd, 000070.500, 160
Trd, 000071.200, 158
Trd, 000071.300, 157
Trd, 000071.967, 158
Trd, 000072.767, 157
Trd, 000073.267, 156
Trd, 000073.500, 156
Trd, 000073.617, 155
Trd, 000073.800, 156
Trd, 000074.667, 156
Trd, 000075.100, 155
Trd, 000075.500, 155
Trd, 000075.950, 157
Trd, 000076.483, 158
Trd, 000077.050, 158
Trd, 000077.467, 157
Trd, 000078.467, 155
Trd, 000079.117, 155
Trd, 000079.417, 156
Trd, 000079.567, 156
Trd, 000079.750, 158
Trd, 000079.817, 159
Trd, 000079.900, 161
Trd, 000080.533, 153
Trd, 000082.633, 158
Trd, 000082.667, 159
Trd, 000082.750, 154
Trd, 000083.100, 162
Trd, 000083.600, 154
Trd, 000085.167, 156
Trd, 000085.467, 155
Trd, 000085.633, 154
Trd, 000086.867, 158
Trd, 000087.417, 156
Trd, 000087.667, 159
Trd, 000089.283, 158
Trd, 000089.400, 159
Trd, 000089.567, 158
Trd, 000090.200, 157
Trd, 000090.700, 157
Trd, 000092.200, 157
Trd, 000092.633, 158
Trd, 000092.867, 159
Trd, 000093.300, 159
Trd, 000093.433, 156
Trd, 000094.283, 159
Trd, 000095.117, 160
Trd, 000095.700, 163
Trd, 000097.017, 161
Trd, 000097.217, 165
Trd, 000097.500, 163
Trd, 000097.900, 160
Trd, 000098.933, 161
Trd, 000099.050, 161
Trd, 000099.317, 162
Trd, 000099.550, 161
Trd, 000099.633, 160
Trd, 000099.800, 164
Trd, 000099.867, 157
Trd, 000102.133, 151
Trd, 000102.467, 154
Trd, 000103.317, 154
Trd, 000103.733, 165
Trd, 000104.233, 155
Trd, 000106.300, 148
Trd, 000106.433, 154
Trd, 000106.917, 155
Trd, 000107.833, 154
Trd, 000108.183, 155
Trd, 000108.333, 162
Trd, 000109.267, 156
Trd, 000109.300, 161
Trd, 000110.200, 160
Trd, 000110.850, 162
Trd, 000111.100, 160
Trd, 000111.833, 161
Trd, 000112.083, 160
Trd, 000112.133, 161
Trd, 000112.283, 160
Trd, 000112.600, 160
Trd, 000113.767, 161
Trd, 000113.783, 166
Trd, 000115.333, 162
Trd, 000115.383, 162
Trd, 000116.900, 162
Trd, 000117.300, 170
Trd, 000118.433, 167
Trd, 000118.633, 165
Trd, 000119.633, 166
Trd, 000120.183, 164
Trd, 000120.250, 163
Trd, 000120.667, 163
Trd, 000120.700, 164
Trd, 000122.133, 166
Trd, 000122.533, 164
Trd, 000122.850, 163
Trd, 000122.900, 161
Trd, 000123.517, 161
Trd, 000124.300, 161
Trd, 000124.433, 163
Trd, 000124.550, 164
Trd, 000126.083, 162
Trd, 000126.433, 165
Trd, 000127.050, 164
Trd, 000127.383, 167
Trd, 000128.950, 160
Trd, 000129.150, 162
Trd, 000129.667, 165
Trd, 000130.050, 161
Trd, 000130.283, 163
Trd, 000130.417, 162
Trd, 000130.533, 164
Trd, 000130.900, 163
Trd, 000131.000, 164
Trd, 000131.200, 167
Trd, 000133.200, 164
Trd, 000133.383, 165
Trd, 000133.450, 164
Trd, 000134.250, 166
Trd, 000134.733, 163
Trd, 000136.500, 163
Trd, 000137.000, 163
Trd, 000137.133, 162
Trd, 000137.367, 163
Trd, 000137.383, 160
Trd, 000137.967, 168
Trd, 000138.017, 154
Trd, 000138.900, 159
Trd, 000139.400, 159
Trd, 000140.583, 159
Trd, 000140.633, 165
Trd, 000142.067, 164
Trd, 000142.500, 163
Trd, 000143.350, 162
Trd, 000144.467, 162
Trd, 000144.850, 160
Trd, 000145.400, 163
Trd, 000145.683, 164
Trd, 000146.650, 165
Trd, 000147.067, 168
Trd, 000148.050, 166
Trd, 000148.233, 168
Trd, 000148.383, 165
Trd, 000149.017, 168
Trd, 000149.317, 163
Trd, 000149.400, 170
Trd, 000150.267, 169
Trd, 000150.500, 163
Trd, 000151.067, 164
Trd, 000151.367, 171
Trd, 000151.733, 173
Trd, 000152.100, 166
Trd, 000155.017, 166
Trd, 000155.233, 164
Trd, 000156.267, 166
Trd, 000156.333, 167
Trd, 000156.383, 167
Trd, 000156.417, 168
Trd, 000157.283, 169
Trd, 000157.417, 169
Trd, 000158.517, 169
Trd, 000159.500, 166
Trd, 000159.967, 167
Trd, 000160.150, 168
Trd, 000161.567, 168
Trd, 000161.683, 168
Trd, 000161.900, 171
Trd, 000161.950, 172
Trd, 000162.283, 174
Trd, 000162.933, 168
Trd, 000163.467, 169
Trd, 000164.067, 167
Trd, 000164.150, 167
Trd, 000165.217, 166
Trd, 000166.167, 165
Trd, 000166.717, 165
Trd, 000167.217, 164
Trd, 000167.233, 163
Trd, 000167.433, 148
Trd, 000168.767, 162
Trd, 000169.367, 158
Trd, 000169.700, 163
Trd, 000170.400, 163
Trd, 000170.900, 162
Trd, 000171.450, 163
Trd, 000172.050, 168
Trd, 000172.267, 172
Trd, 000172.417, 163
Trd, 000172.550, 175
Trd, 000172.767, 165
Trd, 000174.317, 167
Trd, 000175.250, 167
Trd, 000175.933, 167
Trd, 000176.367, 167
Trd, 000176.467, 166
Trd, 000176.550, 167
Trd, 000177.450, 167
Trd, 000177.600, 168
Trd, 000177.883, 167
Trd, 000178.083, 167
Trd, 000178.150, 168
Trd, 000178.633, 167
Trd, 000179.367, 171
Trd, 000180.000, 172
Trd, 000180.717, 168
Trd, 000181.500, 168
Trd, 000182.150, 169
Trd, 000183.283, 173
Trd, 000184.450, 172
Trd, 000184.700, 173
Trd, 000185.200, 172
Trd, 000185.900, 172
Trd, 000185.917, 173
Trd, 000186.500, 172
Trd, 000187.417, 167
Trd, 000187.683, 168
Trd, 000187.967, 167
Trd, 000188.617, 166
Trd, 000188.883, 165
Trd, 000190.033, 162
Trd, 000190.450, 162
Trd, 000190.467, 151
Trd, 000190.900, 160
Trd, 000191.200, 159
Trd, 000191.617, 164
Trd, 000191.783, 163
Trd, 000192.583, 165
Trd, 000193.983, 171
Trd, 000194.200, 171
Trd, 000194.683, 172
Trd, 000194.717, 176
Trd, 000195.767, 176
Trd, 000195.800, 177
Trd, 000196.483, 172
Trd, 000196.500, 173
Trd, 000197.367, 170
Trd, 000198.300, 169
Trd, 000198.917, 171
Trd, 000199.700, 169
Trd, 000200.017, 168
Trd, 000200.167, 159
Trd, 000200.567, 168
Trd, 000200.967, 168
Trd, 000201.483, 169
Trd, 000201.650, 168
Trd, 000202.567, 169
Trd, 000202.917, 166
Trd, 000203.017, 166
Trd, 000203.350, 170
Trd, 000203.533, 171
Trd, 000204.617, 172
Trd, 000204.883, 172
Trd, 000205.400, 169
Trd, 000205.767, 168
Trd, 000205.817, 167
Trd, 000205.967, 167
Trd, 000206.000, 168
Trd, 000206.050, 172
Trd, 000207.017, 170
Trd, 000207.383, 178
Trd, 000208.200, 179
Trd, 000209.233, 172
Trd, 000209.683, 171
Trd, 000210.583, 174
Trd, 000211.183, 175
Trd, 000211.367, 177
Trd, 000211.950, 179
Trd, 000212.733, 179
Trd, 000213.383, 179
Trd, 000213.633, 179
Trd, 000213.817, 179
Trd, 000214.450, 178
Trd, 000215.067, 177
Trd, 000216.650, 179
Trd, 000216.900, 172
Trd, 000217.067, 168
Trd, 000217.350, 174
Trd, 000217.833, 170
Trd, 000218.717, 171
Trd, 000219.150, 171
Trd, 000219.283, 172
Trd, 000219.850, 166
Trd, 000221.550, 165
Trd, 000222.050, 165
Trd, 000222.250, 165
Trd, 000223.567, 168
Trd, 000223.850, 161
Trd, 000224.483, 166
Trd, 000224.800, 162
Trd, 000224.983, 161
Trd, 000225.617, 166
Trd, 000225.700, 166
Trd, 000225.850, 167
Trd, 000225.967, 173
Trd, 000226.467, 156
Trd, 000226.683, 177
Trd, 000228.400, 168
Trd, 000228.517, 169
Trd, 000228.983, 169
Trd, 000229.500, 170
Trd, 000230.967, 168
Trd, 000231.133, 168
Trd, 000231.550, 174
Trd, 000231.583, 178
Trd, 000231.917, 175
Trd, 000232.200, 177
Trd, 000233.817, 175
Trd, 000234.950, 172
Trd, 000235.233, 173
Trd, 000235.717, 173
Trd, 000237.633, 173
Trd, 000237.783, 173
Trd, 000237.983, 173
Trd, 000238.117, 173
Trd, 000238.167, 174
Trd, 000238.250, 174
Trd, 000239.283, 172
Trd, 000240.167, 173
Trd, 000240.317, 174
Trd, 000240.633, 174
Trd, 000240.917, 174
Trd, 000241.233, 173
Trd, 000241.700, 168
Trd, 000242.750, 172
Trd, 000242.917, 170
Trd, 000243.333, 166
Trd, 000243.500, 167
Trd, 000243.817, 166
Trd, 000244.200, 169
Trd, 000244.233, 175
Trd, 000245.000, 167
Trd, 000245.467, 167
Trd, 000246.350, 171
Trd, 000247.083, 173
Trd, 000248.317, 171
Trd, 000248.383, 170
Trd, 000249.067, 171
Trd, 000249.550, 170
Trd, 000249.717, 171
Trd, 000249.817, 169
Trd, 000250.283, 171
Trd, 000250.933, 168
Trd, 000251.233, 168
Trd, 000251.550, 171
Trd, 000252.383, 171
Trd, 000253.017, 172
Trd, 000253.150, 174
Trd, 000254.283, 174
Trd, 000254.583, 174
Trd, 000254.833, 172
Trd, 000255.250, 172
Trd, 000255.517, 168
Trd, 000256.150, 166
Trd, 000256.183, 167
Trd, 000256.867, 167
Trd, 000257.450, 171
Trd, 000257.683, 168
Trd, 000257.800, 171
Trd, 000257.983, 167
Trd, 000258.867, 169
Trd, 000259.033, 168
Trd, 000259.267, 169
Trd, 000259.950, 167
Trd, 000260.083, 168
Trd, 000260.783, 173
Trd, 000261.383, 167
Trd, 000261.483, 169
Trd, 000262.283, 173
Trd, 000263.517, 173
Trd, 000263.817, 172
Trd, 000263.850, 174
Trd, 000264.317, 175
Trd, 000265.000, 177
Trd, 000265.317, 181
Trd, 000265.750, 181
Trd, 000266.267, 177
Trd, 000266.950, 179
Trd, 000267.017, 177
Trd, 000267.150, 176
Trd, 000267.733, 178
Trd, 000267.917, 179
Trd, 000268.350, 177
Trd, 000268.950, 177
Trd, 000269.417, 177
Trd, 000269.617, 176
Trd, 000270.117, 177
Trd, 000270.667, 173
Trd, 000270.867, 173
Trd, 000271.850, 174
Trd, 000272.067, 175
Trd, 000272.467, 174
Trd, 000272.483, 176
Trd, 000273.500, 173
Trd, 000273.733, 175
Trd, 000274.717, 171
Trd, 000275.083, 170
Trd, 000275.417, 171
Trd, 000275.800, 171
Trd, 000276.167, 176
Trd, 000276.500, 178
Trd, 000276.750, 178
Trd, 000278.283, 177
Trd, 000278.800, 179
Trd, 000278.817, 178
Trd, 000279.083, 177
Trd, 000279.850, 177
Trd, 000280.533, 179
Trd, 000280.633, 177
Trd, 000280.800, 175
Trd, 000281.083, 183
Trd, 000281.117, 172
Trd, 000281.483, 185
Trd, 000281.983, 169
Trd, 000282.500, 160
Trd, 000283.017, 169
Trd, 000283.483, 160
Trd, 000284.100, 167
Trd, 000284.183, 168
Trd, 000284.767, 162
Trd, 000285.233, 161
Trd, 000285.850, 165
Trd, 000286.417, 165
Trd, 000286.433, 162
Trd, 000286.633, 163
Trd, 000286.717, 166
Trd, 000286.917, 169
Trd, 000287.117, 180
Trd, 000288.083, 173
Trd, 000288.400, 173
Trd, 000288.800, 174
Trd, 000289.033, 171
Trd, 000289.283, 160
Trd, 000289.783, 175
Trd, 000290.417, 165
Trd, 000290.567, 180
Trd, 000291.617, 173
Trd, 000291.833, 172
Trd, 000292.033, 170
Trd, 000292.200, 186
Trd, 000293.150, 187
Trd, 000293.433, 174
Trd, 000293.650, 174
Trd, 000293.750, 173
Trd, 000294.800, 172
Trd, 000295.650, 172
Trd, 000295.883, 172
Trd, 000296.550, 172
Trd, 000297.133, 178
Trd, 000297.433, 181
Trd, 000297.833, 181
Trd, 000298.383, 174
Trd, 000298.583, 181
Trd, 000298.633, 173
Trd, 000299.333, 172
Trd, 000299.967, 176
