Trd, 000000.333, 106
Trd, 000001.350, 144
Trd, 000002.600, 158
Trd, 000003.700, 182
Trd, 000003.917, 179
Trd, 000004.333, 172
Trd, 000005.550, 158
Trd, 000005.783, 168
Trd, 000005.933, 169
Trd, 000007.283, 157
Trd, 000007.867, 166
Trd, 000008.117, 165
Trd, 000008.400, 160
Trd, 000008.417, 167
Trd, 000008.783, 163
Trd, 000009.083, 169
Trd, 000010.350, 171
Trd, 000012.083, 164
Trd, 000012.717, 165
Trd, 000013.417, 168
Trd, 000013.483, 168
Trd, 000013.850, 171
Trd, 000014.700, 173
Trd, 000014.850, 171
Trd, 000015.100, 177
Trd, 000015.217, 164
Trd, 000017.333, 163
Trd, 000017.417, 159
Trd, 000018.383, 167
Trd, 000018.450, 168
Trd, 000019.000, 166
Trd, 000019.283, 166
Trd, 000019.750, 162
Trd, 000020.667, 164
Trd, 000020.733, 163
Trd, 000021.067, 164
Trd, 000022.033, 164
Trd, 000022.317, 164
Trd, 000022.367, 163
Trd, 000022.617, 162
Trd, 000022.633, 165
Trd, 000023.833, 161
Trd, 000024.133, 161
Trd, 000024.933, 154
Trd, 000026.050, 144
Trd, 000026.800, 152
Trd, 000026.833, 157
Trd, 000026.900, 160
Trd, 000027.417, 152
Trd, 000028.167, 159
Trd, 000028.950, 173
Trd, 000029.967, 161
Trd, 000029.983, 161
Trd, 000031.533, 158
Trd, 000031.617, 159
Trd, 000032.450, 160
Trd, 000032.500, 161
Trd, 000032.633, 175
Trd, 000033.983, 160
Trd, 000034.267, 160
Trd, 000034.883, 159
Trd, 000035.083, 157
Trd, 000035.267, 158
Trd, 000035.767, 161
Trd, 000036.883, 174
Trd, 000037.300, 161
Trd, 000037.350, 159
Trd, 000037.850, 154
Trd, 000038.100, 148
Trd, 000038.533, 159
Trd, 000039.050, 158
Trd, 000040.167, 158
Trd, 000041.350, 155
Trd, 000041.400, 156
Trd, 000041.883, 158
Trd, 000042.867, 158
Trd, 000043.233, 160
Trd, 000043.950, 159
Trd, 000043.967, 159
Trd, 000044.200, 157
Trd, 000044.250, 160
Trd, 000045.183, 162
Trd, 000045.200, 159
Trd, 000045.767, 176
Trd, 000046.400, 160
Trd, 000047.300, 164
Trd, 000047.317, 176
Trd, 000047.783, 177
Trd, 000047.800, 163
Trd, 000049.600, 171
Trd, 000050.000, 170
Trd, 000050.400, 170
Trd, 000050.667, 164
Trd, 000050.933, 168
Trd, 000051.700, 165
Trd, 000052.000, 164
Trd, 000052.183, 166
Trd, 000052.217, 167
Trd, 000052.583, 168
Trd, 000052.600, 150
Trd, 000052.717, 171
Trd, 000054.183, 160
Trd, 000054.400, 158
Trd, 000055.283, 157
Trd, 000056.067, 158
Trd, 000057.033, 159
Trd, 000057.833, 159
Trd, 000058.267, 164
Trd, 000058.883, 175
Trd, 000059.300, 175
Trd, 000060.367, 161
Trd, 000060.617, 161
Trd, 000060.717, 158
Trd, 000061.133, 160
Trd, 000061.517, 159
Trd, 000062.517, 159
Trd, 000062.967, 160
Trd, 000063.433, 160
Trd, 000064.433, 158
Trd, 000064.500, 157
Trd, 000064.767, 159
Trd, 000064.900, 164
Trd, 000065.000, 150
Trd, 000065.917, 174
Trd, 000066.533, 161
Trd, 000067.050, 161
Trd, 000067.117, 161
Trd, 000067.333, 160
Trd, 000067.817, 157
Trd, 000068.367, 160
Trd, 000068.667, 161
Trd, 000068.967, 155
Trd, 000069.533, 161
Trd, 000071.483, 161
Trd, 000071.583, 161
Trd, 000072.867, 162
Trd, 000072.917, 164
Trd, 000073.200, 165
Trd, 000073.750, 163
Trd, 000074.100, 178
Trd, 000074.900, 162
Trd, 000075.300, 163
Trd, 000075.450, 163
Trd, 000075.800, 177
Trd, 000077.067, 165
Trd, 000077.717, 168
Trd, 000078.283, 168
Trd, 000078.517, 166
Trd, 000079.250, 166
Trd, 000079.517, 165
Trd, 000079.783, 166
Trd, 000080.317, 168
Trd, 000080.683, 164
Trd, 000081.000, 159
Trd, 000081.333, 180
Trd, 000082.600, 162
Trd, 000082.650, 153
Trd, 000083.433, 179
Trd, 000083.850, 179
Trd, 000084.617, 169
Trd, 000084.833, 179
Trd, 000086.333, 169
Trd, 000086.733, 171
Trd, 000087.050, 171
Trd, 000087.867, 168
Trd, 000087.967, 169
Trd, 000088.817, 168
Trd, 000090.550, 180
Trd, 000090.817, 181
Trd, 000091.033, 179
Trd, 000091.317, 177
Trd, 000091.950, 177
Trd, 000091.967, 187
Trd, 000094.167, 177
Trd, 000094.183, 171
Trd, 000094.600, 175
Trd, 000094.983, 170
Trd, 000096.350, 169
Trd, 000096.850, 171
Trd, 000097.283, 168
Trd, 000097.350, 168
Trd, 000097.383, 167
Trd, 000098.000, 166
Trd, 000098.017, 168
Trd, 000098.783, 182
Trd, 000100.367, 170
Trd, 000100.383, 171
Trd, 000100.650, 169
Trd, 000100.750, 165
Trd, 000100.850, 189
Trd, 000101.817, 166
Trd, 000102.700, 166
Trd, 000102.900, 167
Trd, 000103.000, 164
Trd, 000104.150, 164
Trd, 000104.533, 176
Trd, 000104.550, 164
Trd, 000105.433, 169
Trd, 000105.933, 168
Trd, 000106.133, 163
Trd, 000106.267, 162
Trd, 000106.983, 169
Trd, 000108.117, 164
Trd, 000109.850, 163
Trd, 000110.033, 165
Trd, 000110.100, 166
Trd, 000111.033, 163
Trd, 000111.300, 164
Trd, 000111.533, 163
Trd, 000111.983, 163
Trd, 000112.433, 164
Trd, 000112.683, 166
Trd, 000113.150, 165
Trd, 000113.817, 163
Trd, 000114.217, 167
Trd, 000114.750, 167
Trd, 000115.000, 167
Trd, 000116.300, 168
Trd, 000116.383, 166
Trd, 000116.500, 166
Trd, 000116.683, 170
Trd, 000117.267, 183
Trd, 000118.350, 189
Trd, 000118.900, 188
Trd, 000119.100, 189
Trd, 000119.883, 181
Trd, 000119.933, 179
Trd, 000120.000, 178
Trd, 000120.683, 178
Trd, 000121.600, 172
Trd, 000121.750, 182
Trd, 000122.317, 179
Trd, 000123.517, 171
Trd, 000124.117, 170
Trd, 000124.150, 169
Trd, 000124.717, 170
Trd, 000125.400, 168
Trd, 000126.033, 167
Trd, 000127.050, 168
Trd, 000127.083, 179
Trd, 000127.433, 180
Trd, 000127.800, 185
Trd, 000129.050, 168
Trd, 000130.283, 182
Trd, 000130.433, 182
Trd, 000131.217, 169
Trd, 000131.383, 180
Trd, 000132.017, 169
Trd, 000132.817, 170
Trd, 000133.683, 171
Trd, 000133.767, 170
Trd, 000133.983, 170
Trd, 000134.417, 170
Trd, 000134.600, 169
Trd, 000134.683, 169
Trd, 000136.167, 164
Trd, 000136.300, 166
Trd, 000136.800, 168
Trd, 000137.083, 166
Trd, 000137.350, 172
Trd, 000140.433, 170
Trd, 000140.667, 169
Trd, 000140.800, 168
Trd, 000141.483, 167
Trd, 000141.717, 165
Trd, 000142.217, 165
Trd, 000142.250, 165
Trd, 000142.800, 164
Trd, 000142.833, 166
Trd, 000144.183, 187
Trd, 000145.450, 186
Trd, 000145.800, 174
Trd, 000145.983, 178
Trd, 000146.217, 186
Trd, 000146.317, 173
Trd, 000146.650, 174
Trd, 000146.767, 173
Trd, 000147.483, 178
Trd, 000148.600, 174
Trd, 000148.917, 173
Trd, 000149.050, 184
Trd, 000149.300, 166
Trd, 000150.383, 177
Trd, 000151.317, 178
Trd, 000151.783, 179
Trd, 000153.200, 178
Trd, 000153.650, 177
Trd, 000153.817, 187
Trd, 000155.033, 181
Trd, 000155.533, 180
Trd, 000155.767, 185
Trd, 000156.667, 180
Trd, 000156.783, 180
Trd, 000156.833, 176
Trd, 000157.283, 180
Trd, 000157.450, 182
Trd, 000159.150, 175
Trd, 000159.300, 188
Trd, 000159.683, 174
Trd, 000159.750, 175
Trd, 000160.417, 171
Trd, 000161.333, 173
Trd, 000162.000, 177
Trd, 000162.117, 177
Trd, 000162.983, 174
Trd, 000163.217, 175
Trd, 000164.517, 172
Trd, 000164.950, 172
Trd, 000165.433, 167
Trd, 000166.017, 170
Trd, 000166.283, 171
Trd, 000167.050, 173
Trd, 000167.683, 170
Trd, 000167.833, 173
Trd, 000167.850, 176
Trd, 000168.233, 186
Trd, 000169.483, 174
Trd, 000169.667, 185
Trd, 000170.567, 174
Trd, 000170.750, 176
Trd, 000170.900, 179
Trd, 000170.967, 185
Trd, 000171.283, 176
Trd, 000172.150, 176
Trd, 000173.033, 181
Trd, 000173.633, 196
Trd, 000173.817, 175
Trd, 000175.650, 186
Trd, 000176.867, 177
Trd, 000177.033, 177
Trd, 000177.117, 176
Trd, 000177.133, 175
Trd, 000177.350, 175
Trd, 000178.333, 182
Trd, 000179.600, 178
Trd, 000179.867, 180
Trd, 000180.117, 182
Trd, 000180.133, 175
Trd, 000180.450, 175
Trd, 000181.067, 174
Trd, 000181.150, 179
Trd, 000181.533, 173
Trd, 000182.683, 178
Trd, 000184.983, 177
Trd, 000185.500, 176
Trd, 000185.567, 175
Trd, 000186.000, 174
Trd, 000186.133, 174
Trd, 000186.467, 177
Trd, 000187.817, 174
Trd, 000187.967, 173
Trd, 000188.150, 169
Trd, 000188.500, 162
Trd, 000189.200, 161
Trd, 000189.650, 161
Trd, 000189.933, 160
Trd, 000190.000, 162
Trd, 000190.150, 178
Trd, 000190.583, 191
Trd, 000190.667, 180
Trd, 000190.950, 179
Trd, 000192.133, 179
Trd, 000194.183, 179
Trd, 000194.800, 178
Trd, 000194.850, 179
Trd, 000195.017, 178
Trd, 000195.200, 180
Trd, 000195.367, 191
Trd, 000195.717, 177
Trd, 000195.900, 195
Trd, 000197.450, 180
Trd, 000198.117, 177
Trd, 000199.017, 176
Trd, 000199.183, 177
Trd, 000199.933, 178
Trd, 000200.700, 171
Trd, 000201.417, 180
Trd, 000201.883, 179
Trd, 000202.050, 179
Trd, 000203.050, 176
Trd, 000204.400, 198
Trd, 000205.167, 182
Trd, 000205.233, 199
Trd, 000205.267, 181
Trd, 000206.367, 181
Trd, 000206.933, 188
Trd, 000207.133, 188
Trd, 000207.367, 180
Trd, 000209.433, 179
Trd, 000209.517, 182
Trd, 000210.117, 179
Trd, 000210.217, 171
Trd, 000210.717, 182
Trd, 000210.800, 183
Trd, 000211.400, 177
Trd, 000211.467, 183
Trd, 000211.733, 185
Trd, 000212.450, 182
Trd, 000212.567, 177
Trd, 000213.133, 179
Trd, 000213.617, 177
Trd, 000214.783, 190
Trd, 000214.917, 177
Trd, 000215.783, 177
Trd, 000216.283, 177
Trd, 000216.750, 176
Trd, 000216.850, 177
Trd, 000217.867, 176
Trd, 000218.300, 175
Trd, 000218.767, 180
Trd, 000219.967, 174
Trd, 000220.100, 178
Trd, 000220.733, 178
Trd, 000220.967, 179
Trd, 000222.717, 179
Trd, 000223.283, 176
Trd, 000223.467, 177
Trd, 000223.983, 201
Trd, 000225.133, 191
Trd, 000225.267, 189
Trd, 000225.700, 183
Trd, 000226.433, 190
Trd, 000226.483, 191
Trd, 000226.967, 188
Trd, 000227.733, 187
Trd, 000227.833, 180
Trd, 000228.317, 180
Trd, 000228.817, 186
Trd, 000229.267, 178
Trd, 000229.867, 173
Trd, 000230.217, 182
Trd, 000230.933, 181
Trd, 000231.200, 180
Trd, 000231.717, 181
Trd, 000231.967, 182
Trd, 000232.750, 178
Trd, 000233.033, 177
Trd, 000233.817, 178
Trd, 000234.383, 179
Trd, 000235.233, 179
Trd, 000235.550, 177
Trd, 000235.700, 176
Trd, 000236.333, 174
Trd, 000236.733, 167
Trd, 000236.967, 179
Trd, 000237.567, 181
Trd, 000238.050, 195
Trd, 000238.467, 200
Trd, 000239.967, 185
Trd, 000240.250, 186
Trd, 000240.533, 185
Trd, 000241.367, 187
Trd, 000241.500, 185
Trd, 000241.583, 184
Trd, 000241.883, 182
Trd, 000242.017, 179
Trd, 000242.583, 178
Trd, 000243.233, 175
Trd, 000243.750, 176
Trd, 000244.467, 175
Trd, 000244.600, 173
Trd, 000245.667, 172
Trd, 000245.817, 175
Trd, 000246.583, 174
Trd, 000246.683, 171
Trd, 000247.183, 174
Trd, 000247.617, 171
Trd, 000248.217, 172
Trd, 000248.333, 173
Trd, 000248.367, 175
Trd, 000248.550, 179
Trd, 000248.867, 172
Trd, 000248.967, 190
Trd, 000249.000, 171
Trd, 000251.617, 179
Trd, 000251.817, 178
Trd, 000251.867, 180
Trd, 000251.917, 176
Trd, 000252.067, 180
Trd, 000253.083, 176
Trd, 000253.317, 175
Trd, 000253.367, 177
Trd, 000253.683, 178
Trd, 000254.300, 180
Trd, 000255.567, 179
Trd, 000256.367, 179
Trd, 000257.217, 180
Trd, 000257.450, 178
Trd, 000257.633, 177
Trd, 000257.850, 181
Trd, 000258.617, 178
Trd, 000259.117, 183
Trd, 000259.400, 180
Trd, 000259.900, 180
Trd, 000260.067, 184
Trd, 000260.367, 181
Trd, 000260.967, 182
Trd, 000261.150, 183
Trd, 000261.667, 177
Trd, 000262.667, 180
Trd, 000262.883, 178
Trd, 000263.367, 179
Trd, 000264.500, 181
Trd, 000264.583, 177
Trd, 000265.383, 179
Trd, 000266.233, 176
Trd, 000266.467, 180
Trd, 000266.800, 179
Trd, 000266.900, 181
Trd, 000267.850, 177
Trd, 000269.150, 180
Trd, 000269.417, 183
Trd, 000270.317, 180
Trd, 000270.717, 181
Trd, 000271.183, 180
Trd, 000271.517, 193
Trd, 000272.500, 192
Trd, 000272.850, 192
Trd, 000273.167, 192
Trd, 000273.300, 187
Trd, 000273.517, 187
Trd, 000274.050, 189
Trd, 000274.067, 185
Trd, 000274.200, 182
Trd, 000274.600, 190
Trd, 000274.933, 178
Trd, 000274.983, 186
Trd, 000276.617, 189
Trd, 000276.750, 191
Trd, 000276.817, 187
Trd, 000277.250, 187
Trd, 000277.683, 183
Trd, 000278.067, 184
Trd, 000278.267, 183
Trd, 000278.667, 175
Trd, 000279.667, 183
Trd, 000280.800, 183
Trd, 000281.183, 183
Trd, 000281.300, 187
Trd, 000281.683, 183
Trd, 000281.900, 186
Trd, 000282.000, 188
Trd, 000282.383, 191
Trd, 000282.583, 192
Trd, 000282.817, 190
Trd, 000283.317, 188
Trd, 000285.183, 187
Trd, 000285.867, 186
Trd, 000286.150, 189
Trd, 000286.450, 187
Trd, 000286.533, 186
Trd, 000286.983, 186
Trd, 000287.083, 186
Trd, 000287.767, 187
Trd, 000288.033, 186
Trd, 000288.133, 191
Trd, 000288.583, 189
Trd, 000289.783, 189
Trd, 000290.050, 187
Trd, 000290.400, 184
Trd, 000290.683, 188
Trd, 000291.267, 183
Trd, 000291.683, 180
Trd, 000291.733, 184
Trd, 000291.800, 189
Trd, 000292.250, 178
Trd, 000292.467, 177
Trd, 000292.883, 184
Trd, 000293.150, 189
Trd, 000293.433, 176
Trd, 000294.283, 184
Trd, 000295.033, 184
Trd, 000295.433, 183
Trd, 000295.717, 194
Trd, 000296.183, 194
Trd, 000296.250, 187
Trd, 000296.633, 189
Trd, 000296.783, 187
Trd, 000297.183, 189
Trd, 000297.250, 201
Trd, 000297.300, 183
Trd, 000297.900, 194
Trd, 000298.033, 182
Trd, 000298.600, 185
