Trd, 000001.833, 172
Trd, 000002.133, 182
Trd, 000003.467, 114
Trd, 000003.683, 163
Trd, 000004.183, 152
Trd, 000005.050, 142
Trd, 000005.533, 144
Trd, 000006.150, 144
Trd, 000006.733, 143
Trd, 000006.967, 142
Trd, 000007.133, 142
Trd, 000007.317, 144
Trd, 000007.950, 144
Trd, 000008.867, 145
Trd, 000009.733, 140
Trd, 000010.400, 146
Trd, 000010.850, 141
Trd, 000011.000, 142
Trd, 000011.017, 148
Trd, 000012.000, 143
Trd, 000012.417, 147
Trd, 000013.500, 146
Trd, 000014.083, 155
Trd, 000014.383, 158
Trd, 000014.417, 159
Trd, 000015.050, 149
Trd, 000015.250, 149
Trd, 000015.267, 147
Trd, 000015.417, 150
Trd, 000016.417, 162
Trd, 000016.983, 163
Trd, 000017.000, 162
Trd, 000017.033, 160
Trd, 000018.067, 150
Trd, 000018.850, 145
Trd, 000018.983, 162
Trd, 000019.167, 166
Trd, 000020.083, 165
Trd, 000020.433, 160
Trd, 000020.817, 169
Trd, 000021.717, 162
Trd, 000021.950, 162
Trd, 000022.050, 162
Trd, 000022.683, 157
Trd, 000022.700, 159
Trd, 000023.083, 158
Trd, 000023.500, 156
Trd, 000023.533, 160
Trd, 000024.200, 163
Trd, 000024.483, 143
Trd, 000025.400, 162
Trd, 000026.750, 157
Trd, 000027.200, 159
Trd, 000027.400, 160
Trd, 000028.300, 161
Trd, 000029.000, 160
Trd, 000029.367, 161
Trd, 000029.767, 165
Trd, 000030.117, 162
Trd, 000030.433, 161
Trd, 000030.517, 160
Trd, 000030.783, 165
Trd, 000030.933, 157
Trd, 000031.150, 144
Trd, 000032.267, 162
Trd, 000033.633, 155
Trd, 000033.783, 156
Trd, 000034.033, 160
Trd, 000034.050, 155
Trd, 000034.767, 159
Trd, 000035.567, 163
Trd, 000036.200, 161
Trd, 000036.633, 155
Trd, 000038.250, 154
Trd, 000038.967, 154
Trd, 000039.167, 156
Trd, 000039.833, 145
Trd, 000039.950, 141
Trd, 000040.050, 127
Trd, 000040.250, 151
Trd, 000041.017, 126
Trd, 000041.750, 152
Trd, 000041.933, 162
Trd, 000042.583, 148
Trd, 000042.600, 151
Trd, 000043.533, 152
Trd, 000043.900, 153
Trd, 000044.767, 161
Trd, 000044.967, 155
Trd, 000045.317, 154
Trd, 000046.267, 162
Trd, 000046.317, 171
Trd, 000046.667, 154
Trd, 000048.567, 170
Trd, 000049.300, 153
Trd, 000049.417, 169
Trd, 000049.450, 151
Trd, 000050.033, 167
Trd, 000051.100, 157
Trd, 000051.700, 158
Trd, 000052.367, 163
Trd, 000052.600, 158
Trd, 000052.900, 158
Trd, 000053.083, 146
Trd, 000053.433, 159
Trd, 000053.967, 158
Trd, 000054.017, 162
Trd, 000054.600, 150
Trd, 000054.617, 161
Trd, 000054.817, 163
Trd, 000055.200, 162
Trd, 000057.017, 164
Trd, 000058.033, 164
Trd, 000058.167, 166
Trd, 000058.550, 165
Trd, 000058.817, 163
Trd, 000059.683, 161
Trd, 000060.033, 160
Trd, 000060.150, 161
Trd, 000060.333, 162
Trd, 000060.867, 162
Trd, 000060.967, 163
Trd, 000061.217, 163
Trd, 000061.300, 148
Trd, 000062.183, 154
Trd, 000063.133, 156
Trd, 000063.167, 157
Trd, 000063.450, 157
Trd, 000064.000, 160
Trd, 000064.567, 160
Trd, 000064.850, 158
Trd, 000065.983, 161
Trd, 000066.217, 158
Trd, 000066.250, 156
Trd, 000067.067, 162
Trd, 000067.417, 163
Trd, 000068.450, 160
Trd, 000068.667, 156
Trd, 000069.000, 156
Trd, 000069.417, 169
Trd, 000069.550, 156
Trd, 000070.383, 165
Trd, 000071.167, 156
Trd, 000071.850, 159
Trd, 000072.367, 159
Trd, 000072.500, 165
Trd, 000073.067, 160
Trd, 000073.533, 161
Trd, 000073.700, 159
Trd, 000074.083, 173
Trd, 000074.450, 148
Trd, 000075.033, 151
Trd, 000075.700, 147
Trd, 000077.117, 151
Trd, 000078.150, 155
Trd, 000078.417, 150
Trd, 000079.633, 151
Trd, 000080.083, 157
Trd, 000080.567, 156
Trd, 000080.683, 156
Trd, 000081.267, 151
Trd, 000081.567, 154
Trd, 000081.617, 155
Trd, 000081.883, 157
Trd, 000082.033, 165
Trd, 000083.050, 166
Trd, 000083.717, 161
Trd, 000084.117, 165
Trd, 000084.483, 160
Trd, 000085.750, 162
Trd, 000086.400, 151
Trd, 000086.650, 149
Trd, 000086.750, 146
Trd, 000087.250, 157
Trd, 000087.883, 155
Trd, 000088.667, 155
Trd, 000088.700, 159
Trd, 000088.983, 166
Trd, 000089.033, 153
Trd, 000089.433, 169
Trd, 000089.883, 153
Trd, 000090.117, 150
Trd, 000090.350, 159
Trd, 000091.933, 150
Trd, 000092.483, 157
Trd, 000092.583, 151
Trd, 000093.083, 152
Trd, 000093.167, 154
Trd, 000094.217, 155
Trd, 000094.533, 157
Trd, 000094.750, 152
Trd, 000095.133, 156
Trd, 000095.867, 155
Trd, 000096.133, 167
Trd, 000096.500, 172
Trd, 000097.550, 175
Trd, 000097.600, 176
Trd, 000098.050, 177
Trd, 000098.083, 172
Trd, 000098.650, 173
Trd, 000099.200, 173
Trd, 000099.683, 171
Trd, 000100.017, 169
Trd, 000100.200, 144
Trd, 000100.583, 135
Trd, 000101.483, 170
Trd, 000101.733, 164
Trd, 000101.783, 168
Trd, 000102.983, 165
Trd, 000103.150, 160
Trd, 000103.900, 161
Trd, 000104.167, 160
Trd, 000104.183, 151
Trd, 000104.467, 161
Trd, 000105.867, 149
Trd, 000106.150, 152
Trd, 000107.450, 154
Trd, 000107.667, 154
Trd, 000108.450, 157
Trd, 000108.550, 157
Trd, 000109.000, 159
Trd, 000109.333, 160
Trd, 000110.333, 166
Trd, 000111.117, 160
Trd, 000111.150, 159
Trd, 000111.300, 161
Trd, 000112.100, 159
Trd, 000113.367, 166
Trd, 000113.883, 166
Trd, 000114.867, 166
Trd, 000115.100, 168
Trd, 000115.500, 166
Trd, 000115.650, 165
Trd, 000116.167, 176
Trd, 000116.250, 166
Trd, 000118.200, 170
Trd, 000118.283, 171
Trd, 000118.667, 167
Trd, 000119.283, 171
Trd, 000120.183, 168
Trd, 000120.533, 168
Trd, 000120.700, 167
Trd, 000121.817, 164
Trd, 000122.300, 161
Trd, 000122.383, 163
Trd, 000122.550, 155
Trd, 000124.317, 155
Trd, 000124.433, 156
Trd, 000124.517, 157
Trd, 000125.333, 160
Trd, 000125.783, 157
Trd, 000126.067, 159
Trd, 000126.167, 157
Trd, 000126.333, 157
Trd, 000126.383, 154
Trd, 000126.700, 159
Trd, 000127.267, 165
Trd, 000127.800, 158
Trd, 000128.783, 183
Trd, 000129.317, 157
Trd, 000130.917, 179
Trd, 000131.150, 176
Trd, 000131.300, 168
Trd, 000131.550, 177
Trd, 000132.600, 173
Trd, 000132.633, 174
Trd, 000132.883, 175
Trd, 000133.117, 176
Trd, 000134.067, 177
Trd, 000134.133, 175
Trd, 000134.300, 174
Trd, 000134.717, 172
Trd, 000134.733, 154
Trd, 000136.400, 162
Trd, 000136.533, 161
Trd, 000137.183, 167
Trd, 000138.083, 168
Trd, 000138.617, 169
Trd, 000138.833, 169
Trd, 000139.267, 169
Trd, 000139.667, 168
Trd, 000139.683, 170
Trd, 000139.867, 176
Trd, 000139.950, 180
Trd, 000140.017, 155
Trd, 000140.233, 151
Trd, 000142.000, 165
Trd, 000142.017, 166
Trd, 000143.367, 165
Trd, 000144.450, 164
Trd, 000144.500, 165
Trd, 000144.550, 163
Trd, 000145.017, 163
Trd, 000145.433, 167
Trd, 000145.950, 163
Trd, 000146.600, 166
Trd, 000146.700, 168
Trd, 000147.633, 168
Trd, 000148.000, 165
Trd, 000149.333, 169
Trd, 000150.150, 170
Trd, 000151.250, 170
Trd, 000151.283, 169
Trd, 000151.533, 171
Trd, 000151.650, 169
Trd, 000152.133, 168
Trd, 000154.200, 171
Trd, 000154.467, 172
Trd, 000155.067, 170
Trd, 000155.133, 171
Trd, 000155.167, 172
Trd, 000155.867, 169
Trd, 000156.000, 168
Trd, 000157.483, 169
Trd, 000157.717, 169
Trd, 000158.017, 169
Trd, 000158.967, 168
Trd, 000158.983, 171
Trd, 000159.633, 171
Trd, 000159.883, 171
Trd, 000160.767, 173
Trd, 000160.933, 173
Trd, 000161.200, 172
Trd, 000161.433, 157
Trd, 000162.350, 169
Trd, 000162.467, 153
Trd, 000162.667, 139
Trd, 000163.233, 170
Trd, 000164.967, 160
Trd, 000165.050, 167
Trd, 000165.183, 167
Trd, 000165.350, 159
Trd, 000165.400, 168
Trd, 000166.867, 170
Trd, 000167.717, 162
Trd, 000168.083, 179
Trd, 000169.067, 178
Trd, 000169.133, 176
Trd, 000169.467, 175
Trd, 000170.117, 175
Trd, 000170.583, 174
Trd, 000171.417, 175
Trd, 000171.467, 178
Trd, 000171.633, 172
Trd, 000172.250, 174
Trd, 000172.967, 175
Trd, 000173.717, 179
Trd, 000174.750, 174
Trd, 000175.250, 179
Trd, 000175.633, 188
Trd, 000176.267, 182
Trd, 000176.283, 181
Trd, 000176.550, 180
Trd, 000176.617, 180
Trd, 000177.017, 171
Trd, 000177.067, 180
Trd, 000179.050, 167
Trd, 000179.250, 168
Trd, 000179.833, 165
Trd, 000180.017, 160
Trd, 000180.900, 162
Trd, 000181.033, 166
Trd, 000181.183, 166
Trd, 000181.633, 166
Trd, 000182.333, 160
Trd, 000182.933, 167
Trd, 000183.417, 161
Trd, 000184.350, 165
Trd, 000184.650, 165
Trd, 000185.550, 165
Trd, 000185.783, 165
Trd, 000186.267, 162
Trd, 000186.383, 166
Trd, 000186.683, 163
Trd, 000187.317, 156
Trd, 000187.633, 166
Trd, 000187.683, 160
Trd, 000188.100, 168
Trd, 000189.017, 162
Trd, 000189.717, 163
Trd, 000189.917, 165
Trd, 000190.300, 166
Trd, 000190.433, 167
Trd, 000190.600, 164
Trd, 000190.867, 177
Trd, 000191.283, 166
Trd, 000192.100, 169
Trd, 000192.150, 181
Trd, 000192.800, 169
Trd, 000193.217, 170
Trd, 000193.933, 176
Trd, 000194.617, 170
Trd, 000195.633, 172
Trd, 000195.650, 171
Trd, 000195.800, 160
Trd, 000197.333, 168
Trd, 000197.467, 170
Trd, 000197.950, 175
Trd, 000198.050, 170
Trd, 000198.700, 182
Trd, 000198.800, 175
Trd, 000199.600, 165
Trd, 000200.633, 172
Trd, 000201.583, 173
Trd, 000201.650, 172
Trd, 000201.783, 173
Trd, 000201.983, 163
Trd, 000202.383, 184
Trd, 000203.500, 165
Trd, 000204.183, 163
Trd, 000204.283, 161
Trd, 000205.533, 160
Trd, 000205.833, 159
Trd, 000206.367, 161
Trd, 000207.067, 158
Trd, 000207.500, 160
Trd, 000208.300, 166
Trd, 000209.150, 164
Trd, 000209.483, 164
Trd, 000209.583, 168
Trd, 000210.050, 169
Trd, 000210.683, 168
Trd, 000210.850, 166
Trd, 000211.300, 165
Trd, 000211.317, 164
Trd, 000212.083, 167
Trd, 000212.467, 169
Trd, 000213.067, 167
Trd, 000214.317, 177
Trd, 000214.817, 165
Trd, 000214.917, 162
Trd, 000215.017, 175
Trd, 000217.283, 166
Trd, 000217.617, 167
Trd, 000218.217, 167
Trd, 000218.283, 169
Trd, 000218.317, 166
Trd, 000218.633, 180
Trd, 000218.650, 185
Trd, 000220.400, 184
Trd, 000220.650, 185
Trd, 000220.700, 171
Trd, 000220.983, 171
Trd, 000221.433, 170
Trd, 000221.483, 168
Trd, 000221.900, 174
Trd, 000222.333, 163
Trd, 000222.767, 174
Trd, 000223.817, 164
Trd, 000224.017, 170
Trd, 000225.317, 168
Trd, 000225.600, 167
Trd, 000225.767, 165
Trd, 000226.450, 169
Trd, 000226.550, 171
Trd, 000226.800, 169
Trd, 000227.250, 168
Trd, 000228.050, 168
Trd, 000228.133, 168
Trd, 000230.383, 164
Trd, 000231.267, 183
Trd, 000231.483, 170
Trd, 000231.983, 181
Trd, 000232.050, 167
Trd, 000232.517, 181
Trd, 000232.883, 182
Trd, 000233.100, 166
Trd, 000233.533, 164
Trd, 000234.883, 181
Trd, 000234.967, 164
Trd, 000237.583, 166
Trd, 000237.817, 165
Trd, 000237.933, 167
Trd, 000238.067, 165
Trd, 000239.800, 167
Trd, 000240.083, 167
Trd, 000240.333, 167
Trd, 000240.583, 168
Trd, 000240.933, 171
Trd, 000241.233, 169
Trd, 000241.917, 186
Trd, 000242.017, 184
Trd, 000242.417, 177
Trd, 000242.733, 177
Trd, 000242.967, 178
Trd, 000243.383, 185
Trd, 000243.650, 178
Trd, 000244.200, 182
Trd, 000244.933, 177
Trd, 000245.533, 181
Trd, 000246.183, 179
Trd, 000246.217, 180
Trd, 000246.500, 182
Trd, 000246.817, 180
Trd, 000247.200, 179
Trd, 000247.283, 178
Trd, 000247.367, 187
Trd, 000247.850, 188
Trd, 000248.100, 187
Trd, 000248.417, 188
Trd, 000248.467, 181
Trd, 000249.217, 182
Trd, 000251.367, 176
Trd, 000251.750, 180
Trd, 000252.283, 162
Trd, 000252.317, 181
Trd, 000252.767, 162
Trd, 000252.783, 175
Trd, 000253.100, 162
Trd, 000253.400, 174
Trd, 000253.617, 189
Trd, 000255.000, 172
Trd, 000255.567, 175
Trd, 000255.967, 174
Trd, 000257.317, 181
Trd, 000257.700, 182
Trd, 000258.200, 179
Trd, 000258.700, 188
Trd, 000259.583, 181
Trd, 000259.683, 182
Trd, 000260.233, 181
Trd, 000260.417, 177
Trd, 000261.500, 179
Trd, 000261.550, 179
Trd, 000262.333, 178
Trd, 000263.000, 183
Trd, 000263.583, 181
Trd, 000263.650, 182
Trd, 000263.850, 180
Trd, 000263.933, 181
Trd, 000264.333, 185
Trd, 000264.933, 179
Trd, 000265.317, 175
Trd, 000265.950, 188
Trd, 000266.567, 189
Trd, 000266.583, 176
Trd, 000267.083, 187
Trd, 000267.317, 175
Trd, 000268.150, 174
Trd, 000268.783, 167
Trd, 000269.550, 179
Trd, 000269.967, 174
Trd, 000270.517, 179
Trd, 000270.583, 179
Trd, 000270.767, 178
Trd, 000270.850, 175
Trd, 000270.933, 184
Trd, 000271.000, 186
Trd, 000272.100, 177
Trd, 000273.167, 181
Trd, 000273.467, 187
Trd, 000274.200, 184
Trd, 000274.650, 185
Trd, 000274.867, 185
Trd, 000275.450, 189
Trd, 000275.850, 188
Trd, 000275.900, 189
Trd, 000276.583, 188
Trd, 000276.700, 188
Trd, 000276.833, 188
Trd, 000276.917, 191
Trd, 000277.300, 192
Trd, 000278.500, 189
Trd, 000278.883, 190
Trd, 000279.000, 182
Trd, 000279.200, 190
Trd, 000280.450, 188
Trd, 000280.617, 190
Trd, 000281.283, 187
Trd, 000281.350, 192
Trd, 000281.633, 190
Trd, 000282.483, 182
Trd, 000282.867, 191
Trd, 000283.467, 190
Trd, 000284.733, 184
Trd, 000284.817, 184
Trd, 000284.883, 183
Trd, 000284.967, 189
Trd, 000285.800, 189
Trd, 000285.817, 184
Trd, 000286.050, 183
Trd, 000286.300, 190
Trd, 000287.017, 188
Trd, 000287.217, 190
Trd, 000287.650, 185
Trd, 000288.600, 182
Trd, 000289.383, 194
Trd, 000289.917, 197
Trd, 000290.300, 193
Trd, 000290.767, 194
Trd, 000290.817, 193
Trd, 000291.133, 191
Trd, 000291.917, 192
Trd, 000292.483, 190
Trd, 000292.867, 191
Trd, 000293.400, 190
Trd, 000293.800, 183
Trd, 000293.983, 177
Trd, 000295.400, 177
Trd, 000295.817, 175
Trd, 000296.283, 183
Trd, 000297.917, 176
Trd, 000298.000, 177
Trd, 000298.033, 174
Trd, 000298.150, 178
Trd, 000298.417, 177
Trd, 000298.550, 178
Trd, 000298.633, 183
Trd, 000298.783, 175
Trd, 000299.533, 176
