Trd, 000001.300, 186
Trd, 000002.000, 165
Trd, 000002.833, 165
Trd, 000003.550, 165
Trd, 000004.333, 166
Trd, 000004.783, 168
Trd, 000005.450, 158
Trd, 000005.550, 172
Trd, 000005.767, 156
Trd, 000005.933, 144
Trd, 000007.000, 162
Trd, 000007.517, 159
Trd, 000008.017, 162
Trd, 000008.117, 157
Trd, 000008.950, 163
Trd, 000009.083, 157
Trd, 000009.133, 164
Trd, 000009.933, 153
Trd, 000010.183, 156
Trd, 000010.300, 140
Trd, 000010.850, 148
Trd, 000012.117, 148
Trd, 000013.933, 148
Trd, 000014.667, 149
Trd, 000015.567, 151
Trd, 000016.550, 149
Trd, 000016.667, 152
Trd, 000017.117, 154
Trd, 000018.767, 152
Trd, 000018.850, 153
Trd, 000018.950, 157
Trd, 000019.800, 155
Trd, 000020.133, 151
Trd, 000020.400, 146
Trd, 000020.850, 163
Trd, 000021.100, 163
Trd, 000021.533, 162
Trd, 000023.117, 153
Trd, 000023.600, 159
Trd, 000023.733, 152
Trd, 000024.700, 156
Trd, 000025.233, 155
Trd, 000025.367, 157
Trd, 000025.400, 155
Trd, 000025.967, 159
Trd, 000027.900, 155
Trd, 000029.083, 156
Trd, 000029.200, 155
Trd, 000029.550, 157
Trd, 000029.817, 158
Trd, 000030.217, 154
Trd, 000030.817, 156
Trd, 000030.900, 158
Trd, 000031.000, 161
Trd, 000031.133, 165
Trd, 000032.167, 156
Trd, 000032.317, 156
Trd, 000032.500, 156
Trd, 000032.883, 159
Trd, 000033.117, 155
Trd, 000033.283, 175
Trd, 000033.917, 154
Trd, 000034.317, 153
Trd, 000035.633, 153
Trd, 000036.683, 152
Trd, 000036.750, 153
Trd, 000038.167, 147
Trd, 000038.350, 154
Trd, 000038.750, 153
Trd, 000039.300, 153
Trd, 000039.583, 162
Trd, 000039.683, 172
Trd, 000040.383, 152
Trd, 000040.700, 155
Trd, 000041.567, 159
Trd, 000042.667, 151
Trd, 000043.333, 159
Trd, 000043.567, 157
Trd, 000044.367, 157
Trd, 000044.733, 158
Trd, 000045.650, 154
Trd, 000046.700, 156
Trd, 000046.883, 152
Trd, 000046.967, 152
Trd, 000048.067, 152
Trd, 000048.083, 160
Trd, 000048.483, 160
Trd, 000048.767, 156
Trd, 000049.500, 156
Trd, 000050.600, 156
Trd, 000050.633, 157
Trd, 000051.400, 158
Trd, 000051.517, 160
Trd, 000051.667, 156
Trd, 000052.067, 160
Trd, 000052.967, 155
Trd, 000053.750, 158
Trd, 000054.233, 159
Trd, 000054.617, 156
Trd, 000055.367, 156
Trd, 000055.633, 156
Trd, 000056.550, 155
Trd, 000057.750, 156
Trd, 000058.650, 168
Trd, 000059.017, 159
Trd, 000059.500, 159
Trd, 000060.133, 159
Trd, 000060.633, 160
Trd, 000060.867, 161
Trd, 000060.950, 160
Trd, 000061.733, 159
Trd, 000062.483, 158
Trd, 000062.500, 159
Trd, 000062.533, 158
Trd, 000063.633, 160
Trd, 000063.850, 161
Trd, 000064.300, 158
Trd, 000064.833, 159
Trd, 000065.183, 164
Trd, 000065.650, 158
Trd, 000066.367, 174
Trd, 000067.117, 158
Trd, 000067.250, 162
Trd, 000068.850, 161
Trd, 000068.917, 162
Trd, 000069.183, 162
Trd, 000070.467, 163
Trd, 000070.733, 161
Trd, 000071.100, 162
Trd, 000071.267, 159
Trd, 000071.400, 165
Trd, 000072.783, 167
Trd, 000072.967, 160
Trd, 000074.483, 160
Trd, 000075.000, 161
Trd, 000075.183, 162
Trd, 000075.550, 162
Trd, 000076.217, 163
Trd, 000076.267, 160
Trd, 000077.150, 162
Trd, 000079.533, 161
Trd, 000079.617, 162
Trd, 000080.067, 163
Trd, 000080.683, 164
Trd, 000081.067, 165
Trd, 000081.433, 161
Trd, 000081.867, 168
Trd, 000082.500, 167
Trd, 000083.067, 167
Trd, 000083.417, 163
Trd, 000084.067, 167
Trd, 000084.983, 164
Trd, 000085.133, 169
Trd, 000085.517, 170
Trd, 000086.333, 170
Trd, 000086.883, 164
Trd, 000088.217, 164
Trd, 000088.383, 175
Trd, 000088.483, 163
Trd, 000088.583, 180
Trd, 000089.050, 152
Trd, 000089.800, 155
Trd, 000090.183, 160
Trd, 000090.550, 163
Trd, 000090.883, 159
Trd, 000091.317, 165
Trd, 000092.133, 160
Trd, 000093.267, 163
Trd, 000093.567, 164
Trd, 000094.883, 163
Trd, 000095.183, 164
Trd, 000095.483, 166
Trd, 000095.983, 167
Trd, 000096.683, 164
Trd, 000096.883, 165
Trd, 000097.683, 165
Trd, 000097.817, 165
Trd, 000098.267, 161
Trd, 000098.517, 163
Trd, 000099.517, 161
Trd, 000099.933, 166
Trd, 000100.817, 164
Trd, 000101.650, 166
Trd, 000101.700, 162
Trd, 000101.833, 168
Trd, 000101.883, 173
Trd, 000102.683, 161
Trd, 000103.067, 161
Trd, 000103.917, 164
Trd, 000104.500, 160
Trd, 000105.167, 165
Trd, 000106.050, 164
Trd, 000106.267, 176
Trd, 000106.817, 161
Trd, 000107.450, 167
Trd, 000108.017, 160
Trd, 000108.683, 173
Trd, 000109.367, 160
Trd, 000109.967, 162
Trd, 000110.467, 167
Trd, 000110.717, 166
Trd, 000110.933, 168
Trd, 000111.883, 163
Trd, 000111.900, 167
Trd, 000112.000, 168
Trd, 000112.433, 161
Trd, 000112.817, 161
Trd, 000113.033, 163
Trd, 000113.100, 169
Trd, 000113.717, 176
Trd, 000113.800, 163
Trd, 000114.367, 175
Trd, 000115.233, 170
Trd, 000116.533, 164
Trd, 000117.317, 164
Trd, 000117.700, 164
Trd, 000117.733, 156
Trd, 000119.117, 157
Trd, 000119.350, 158
Trd, 000119.383, 163
Trd, 000120.117, 162
Trd, 000120.800, 158
Trd, 000122.017, 160
Trd, 000123.200, 158
Trd, 000124.717, 159
Trd, 000124.850, 160
Trd, 000125.817, 160
Trd, 000126.517, 168
Trd, 000128.483, 162
Trd, 000129.433, 159
Trd, 000130.350, 160
Trd, 000130.400, 163
Trd, 000131.267, 161
Trd, 000131.317, 171
Trd, 000131.683, 164
Trd, 000132.850, 168
Trd, 000133.433, 171
Trd, 000135.000, 164
Trd, 000135.850, 162
Trd, 000136.867, 162
Trd, 000137.200, 162
Trd, 000137.233, 164
Trd, 000137.917, 165
Trd, 000138.200, 161
Trd, 000139.450, 164
Trd, 000140.750, 163
Trd, 000141.367, 162
Trd, 000141.550, 163
Trd, 000141.683, 163
Trd, 000142.117, 161
Trd, 000142.150, 165
Trd, 000142.717, 168
Trd, 000143.017, 169
Trd, 000143.067, 172
Trd, 000143.683, 182
Trd, 000143.883, 161
Trd, 000145.983, 167
Trd, 000146.633, 166
Trd, 000147.383, 167
Trd, 000148.233, 168
Trd, 000148.500, 165
Trd, 000148.650, 168
Trd, 000149.150, 154
Trd, 000149.167, 169
Trd, 000149.350, 151
Trd, 000149.850, 159
Trd, 000151.100, 160
Trd, 000151.833, 167
Trd, 000152.100, 165
Trd, 000152.733, 165
Trd, 000153.083, 169
Trd, 000153.483, 170
Trd, 000154.050, 166
Trd, 000154.583, 166
Trd, 000155.667, 165
Trd, 000155.900, 165
Trd, 000158.050, 166
Trd, 000158.100, 167
Trd, 000159.433, 165
Trd, 000159.483, 164
Trd, 000160.050, 165
Trd, 000160.317, 163
Trd, 000160.433, 161
Trd, 000160.917, 153
Trd, 000161.633, 166
Trd, 000161.917, 166
Trd, 000164.333, 167
Trd, 000164.567, 167
Trd, 000165.517, 170
Trd, 000166.917, 168
Trd, 000167.000, 181
Trd, 000167.617, 165
Trd, 000168.967, 167
Trd, 000169.150, 169
Trd, 000169.383, 168
Trd, 000170.983, 170
Trd, 000171.167, 171
Trd, 000172.067, 166
Trd, 000172.483, 172
Trd, 000172.517, 166
Trd, 000172.983, 173
Trd, 000173.167, 166
Trd, 000173.200, 175
Trd, 000175.033, 166
Trd, 000175.533, 168
Trd, 000175.900, 167
Trd, 000176.483, 166
Trd, 000176.600, 166
Trd, 000176.800, 167
Trd, 000176.967, 166
Trd, 000177.350, 184
Trd, 000177.400, 183
Trd, 000178.833, 177
Trd, 000179.717, 178
Trd, 000180.133, 176
Trd, 000180.750, 172
Trd, 000180.917, 177
Trd, 000181.133, 176
Trd, 000182.633, 173
Trd, 000182.950, 171
Trd, 000183.450, 174
Trd, 000183.600, 169
Trd, 000183.717, 180
Trd, 000183.867, 167
Trd, 000186.017, 167
Trd, 000186.033, 169
Trd, 000186.317, 171
Trd, 000186.767, 176
Trd, 000187.583, 177
Trd, 000187.650, 181
Trd, 000188.350, 174
Trd, 000188.417, 172
Trd, 000188.817, 170
Trd, 000189.233, 170
Trd, 000189.583, 166
Trd, 000190.983, 172
Trd, 000191.717, 171
Trd, 000192.267, 168
Trd, 000193.000, 167
Trd, 000193.650, 165
Trd, 000194.383, 170
Trd, 000194.717, 171
Trd, 000194.883, 172
Trd, 000195.033, 174
Trd, 000195.733, 168
Trd, 000195.800, 174
Trd, 000196.250, 175
Trd, 000198.367, 174
Trd, 000199.417, 171
Trd, 000199.633, 178
Trd, 000200.050, 169
Trd, 000200.967, 168
Trd, 000200.983, 169
Trd, 000201.133, 169
Trd, 000201.867, 178
Trd, 000202.133, 182
Trd, 000202.700, 185
Trd, 000203.017, 180
Trd, 000203.333, 175
Trd, 000203.783, 187
Trd, 000204.917, 187
Trd, 000204.933, 175
Trd, 000205.033, 187
Trd, 000206.483, 178
Trd, 000206.900, 175
Trd, 000207.117, 176
Trd, 000207.833, 181
Trd, 000208.250, 182
Trd, 000208.750, 164
Trd, 000208.867, 182
Trd, 000210.467, 175
Trd, 000210.767, 174
Trd, 000211.167, 174
Trd, 000211.233, 175
Trd, 000211.333, 176
Trd, 000212.083, 174
Trd, 000212.517, 176
Trd, 000212.950, 173
Trd, 000213.817, 173
Trd, 000215.383, 172
Trd, 000215.667, 173
Trd, 000216.350, 173
Trd, 000216.483, 176
Trd, 000216.600, 172
Trd, 000216.750, 178
Trd, 000217.200, 171
Trd, 000218.383, 175
Trd, 000218.533, 171
Trd, 000218.583, 171
Trd, 000219.217, 175
Trd, 000220.600, 172
Trd, 000221.150, 173
Trd, 000222.400, 173
Trd, 000223.450, 173
Trd, 000223.750, 174
Trd, 000224.700, 173
Trd, 000224.783, 177
Trd, 000225.717, 172
Trd, 000225.783, 173
Trd, 000226.133, 185
Trd, 000226.533, 178
Trd, 000226.733, 189
Trd, 000227.350, 190
Trd, 000227.783, 182
Trd, 000228.417, 178
Trd, 000228.500, 175
Trd, 000229.033, 188
Trd, 000229.183, 202
Trd, 000229.983, 195
Trd, 000230.250, 188
Trd, 000230.533, 186
Trd, 000230.667, 188
Trd, 000231.267, 179
Trd, 000232.550, 178
Trd, 000232.967, 187
Trd, 000233.717, 169
Trd, 000234.550, 179
Trd, 000235.400, 179
Trd, 000235.767, 179
Trd, 000237.417, 174
Trd, 000237.617, 175
Trd, 000238.217, 178
Trd, 000239.100, 177
Trd, 000239.183, 179
Trd, 000240.233, 177
Trd, 000240.333, 175
Trd, 000240.467, 175
Trd, 000241.333, 177
Trd, 000241.517, 178
Trd, 000242.067, 178
Trd, 000242.233, 177
Trd, 000242.767, 176
Trd, 000242.817, 168
Trd, 000243.333, 170
Trd, 000243.517, 182
Trd, 000244.283, 179
Trd, 000244.967, 177
Trd, 000245.383, 175
Trd, 000245.583, 174
Trd, 000245.750, 175
Trd, 000246.067, 178
Trd, 000246.917, 179
Trd, 000247.500, 174
Trd, 000248.133, 170
Trd, 000248.400, 170
Trd, 000248.717, 169
Trd, 000249.067, 168
Trd, 000249.250, 163
Trd, 000249.933, 168
Trd, 000251.283, 173
Trd, 000251.350, 174
Trd, 000251.500, 176
Trd, 000252.250, 178
Trd, 000252.533, 181
Trd, 000253.533, 181
Trd, 000253.783, 178
Trd, 000253.967, 180
Trd, 000255.067, 180
Trd, 000255.383, 178
Trd, 000256.217, 180
Trd, 000256.233, 181
Trd, 000256.667, 179
Trd, 000257.417, 177
Trd, 000257.617, 176
Trd, 000258.167, 179
Trd, 000258.333, 179
Trd, 000258.417, 180
Trd, 000259.050, 177
Trd, 000259.283, 181
Trd, 000259.300, 182
Trd, 000259.667, 184
Trd, 000260.083, 181
Trd, 000260.667, 176
Trd, 000260.817, 176
Trd, 000261.500, 179
Trd, 000261.733, 179
Trd, 000261.983, 182
Trd, 000262.283, 182
Trd, 000262.400, 183
Trd, 000263.317, 177
Trd, 000263.667, 181
Trd, 000263.983, 188
Trd, 000264.333, 176
Trd, 000264.367, 176
Trd, 000264.617, 177
Trd, 000265.600, 176
Trd, 000265.900, 177
Trd, 000266.533, 173
Trd, 000267.450, 170
Trd, 000267.583, 169
Trd, 000268.083, 171
Trd, 000268.300, 173
Trd, 000268.317, 174
Trd, 000268.600, 177
Trd, 000268.767, 178
Trd, 000270.783, 181
Trd, 000271.317, 177
Trd, 000271.900, 177
Trd, 000272.083, 180
Trd, 000272.483, 176
Trd, 000272.767, 179
Trd, 000272.967, 181
Trd, 000273.117, 173
Trd, 000273.167, 178
Trd, 000273.950, 180
Trd, 000274.267, 178
Trd, 000274.883, 178
Trd, 000275.167, 173
Trd, 000275.517, 179
Trd, 000276.267, 174
Trd, 000276.383, 180
Trd, 000276.967, 171
Trd, 000276.983, 179
Trd, 000278.283, 164
Trd, 000278.533, 169
Trd, 000278.883, 172
Trd, 000279.333, 178
Trd, 000280.083, 170
Trd, 000280.583, 175
Trd, 000280.600, 176
Trd, 000280.833, 177
Trd, 000282.650, 179
Trd, 000283.167, 179
Trd, 000283.517, 183
Trd, 000283.733, 186
Trd, 000283.833, 185
Trd, 000284.667, 185
Trd, 000284.717, 186
Trd, 000285.483, 178
Trd, 000285.783, 180
Trd, 000285.900, 179
Trd, 000286.217, 180
Trd, 000286.283, 178
Trd, 000286.533, 180
Trd, 000287.517, 182
Trd, 000287.750, 182
Trd, 000287.867, 179
Trd, 000288.600, 181
Trd, 000289.133, 183
Trd, 000289.800, 182
Trd, 000289.917, 184
Trd, 000290.017, 182
Trd, 000290.517, 184
Trd, 000290.800, 183
Trd, 000291.400, 185
Trd, 000291.617, 187
Trd, 000291.683, 182
Trd, 000292.300, 187
Trd, 000293.183, 187
Trd, 000293.317, 183
Trd, 000293.600, 181
Trd, 000293.617, 181
Trd, 000294.267, 194
Trd, 000294.483, 184
Trd, 000294.717, 185
Trd, 000294.950, 180
Trd, 000295.133, 185
Trd, 000296.483, 187
Trd, 000296.967, 181
Trd, 000298.517, 183
Trd, 000298.767, 181
Trd, 000299.333, 181
Trd, 000299.483, 181
Trd, 000299.633, 182
Trd, 000299.833, 181
Trd, 000299.983, 183
