Trd, 000001.633, 109
Trd, 000002.083, 107
Trd, 000002.450, 110
Trd, 000002.683, 126
Trd, 000002.733, 127
Trd, 000002.883, 137
Trd, 000005.400, 132
Trd, 000006.167, 134
Trd, 000006.817, 131
Trd, 000006.883, 130
Trd, 000007.117, 132
Trd, 000007.450, 150
Trd, 000008.633, 122
Trd, 000008.717, 153
Trd, 000008.800, 154
Trd, 000009.083, 159
Trd, 000009.617, 126
Trd, 000010.583, 138
Trd, 000011.350, 140
Trd, 000011.467, 139
Trd, 000011.517, 135
Trd, 000011.567, 128
Trd, 000012.183, 140
Trd, 000013.333, 141
Trd, 000013.533, 142
Trd, 000015.150, 142
Trd, 000015.483, 143
Trd, 000015.767, 151
Trd, 000015.850, 156
Trd, 000017.483, 158
Trd, 000018.267, 150
Trd, 000018.350, 147
Trd, 000019.267, 143
Trd, 000020.117, 148
Trd, 000020.350, 147
Trd, 000020.700, 146
Trd, 000021.000, 147
Trd, 000022.350, 146
Trd, 000023.033, 144
Trd, 000023.317, 147
Trd, 000023.350, 148
Trd, 000023.800, 135
Trd, 000025.433, 137
Trd, 000025.767, 144
Trd, 000026.400, 140
Trd, 000027.017, 145
Trd, 000027.083, 144
Trd, 000028.033, 144
Trd, 000029.500, 145
Trd, 000029.517, 146
Trd, 000029.583, 146
Trd, 000029.683, 144
Trd, 000030.517, 144
Trd, 000030.600, 151
Trd, 000031.667, 142
Trd, 000031.867, 144
Trd, 000032.567, 157
Trd, 000033.050, 141
Trd, 000033.267, 139
Trd, 000033.567, 144
Trd, 000034.350, 136
Trd, 000034.500, 146
Trd, 000035.217, 148
Trd, 000036.933, 148
Trd, 000037.133, 142
Trd, 000037.250, 149
Trd, 000037.750, 148
Trd, 000038.100, 142
Trd, 000038.617, 141
Trd, 000038.950, 137
Trd, 000039.033, 149
Trd, 000041.767, 148
Trd, 000042.183, 146
Trd, 000042.583, 145
Trd, 000043.067, 147
Trd, 000043.517, 145
Trd, 000043.567, 143
Trd, 000043.717, 146
Trd, 000044.117, 148
Trd, 000044.450, 138
Trd, 000044.550, 141
Trd, 000045.367, 145
Trd, 000046.433, 153
Trd, 000047.067, 144
Trd, 000047.633, 149
Trd, 000048.650, 148
Trd, 000049.483, 148
Trd, 000050.300, 147
Trd, 000050.383, 146
Trd, 000051.850, 144
Trd, 000052.367, 139
Trd, 000052.383, 142
Trd, 000052.583, 143
Trd, 000053.400, 141
Trd, 000053.567, 141
Trd, 000053.967, 146
Trd, 000054.033, 155
Trd, 000054.067, 156
Trd, 000055.183, 156
Trd, 000055.817, 149
Trd, 000057.050, 150
Trd, 000057.083, 154
Trd, 000057.550, 139
Trd, 000057.700, 154
Trd, 000057.933, 137
Trd, 000058.033, 155
Trd, 000059.617, 148
Trd, 000060.233, 148
Trd, 000060.450, 147
Trd, 000060.583, 149
Trd, 000061.533, 149
Trd, 000061.983, 151
Trd, 000062.150, 161
Trd, 000062.383, 146
Trd, 000062.700, 156
Trd, 000063.800, 150
Trd, 000063.833, 155
Trd, 000064.217, 152
Trd, 000064.267, 153
Trd, 000064.933, 154
Trd, 000065.417, 152
Trd, 000066.583, 148
Trd, 000066.867, 155
Trd, 000067.033, 147
Trd, 000067.850, 156
Trd, 000068.017, 162
Trd, 000068.817, 150
Trd, 000069.967, 154
Trd, 000070.633, 151
Trd, 000070.817, 154
Trd, 000072.250, 152
Trd, 000072.733, 151
Trd, 000073.017, 152
Trd, 000073.450, 152
Trd, 000074.417, 148
Trd, 000075.033, 154
Trd, 000076.783, 154
Trd, 000077.433, 149
Trd, 000078.150, 151
Trd, 000078.250, 150
Trd, 000078.767, 152
Trd, 000079.200, 151
Trd, 000080.033, 152
Trd, 000080.467, 146
Trd, 000080.550, 152
Trd, 000081.083, 150
Trd, 000081.333, 151
Trd, 000082.033, 150
Trd, 000082.250, 155
Trd, 000082.700, 149
Trd, 000082.733, 141
Trd, 000082.833, 156
Trd, 000082.983, 159
Trd, 000086.117, 149
Trd, 000086.350, 150
Trd, 000086.400, 152
Trd, 000086.533, 151
Trd, 000087.383, 149
Trd, 000088.250, 150
Trd, 000088.567, 158
Trd, 000089.150, 150
Trd, 000090.583, 146
Trd, 000090.733, 147
Trd, 000090.833, 148
Trd, 000091.017, 156
Trd, 000091.333, 160
Trd, 000092.033, 149
Trd, 000092.317, 156
Trd, 000092.667, 156
Trd, 000092.800, 189
Trd, 000093.233, 142
Trd, 000093.350, 192
Trd, 000093.617, 136
Trd, 000095.600, 147
Trd, 000096.267, 147
Trd, 000096.483, 145
Trd, 000096.817, 144
Trd, 000096.967, 144
Trd, 000097.433, 146
Trd, 000097.700, 146
Trd, 000097.950, 147
Trd, 000098.883, 148
Trd, 000099.183, 147
Trd, 000099.433, 150
Trd, 000099.583, 148
Trd, 000099.617, 155
Trd, 000099.683, 140
Trd, 000100.617, 146
Trd, 000100.667, 150
Trd, 000101.133, 156
Trd, 000101.983, 147
Trd, 000102.033, 154
Trd, 000102.433, 152
Trd, 000102.600, 156
Trd, 000104.250, 155
Trd, 000104.750, 156
Trd, 000105.167, 154
Trd, 000105.633, 153
Trd, 000107.233, 154
Trd, 000107.333, 151
Trd, 000107.417, 143
Trd, 000107.617, 155
Trd, 000108.833, 157
Trd, 000109.050, 159
Trd, 000109.467, 153
Trd, 000109.533, 152
Trd, 000110.367, 152
Trd, 000112.333, 153
Trd, 000112.550, 153
Trd, 000112.833, 153
Trd, 000113.033, 152
Trd, 000113.600, 152
Trd, 000114.400, 144
Trd, 000114.467, 152
Trd, 000114.750, 166
Trd, 000115.450, 151
Trd, 000115.650, 143
Trd, 000117.250, 142
Trd, 000119.167, 149
Trd, 000119.600, 147
Trd, 000120.333, 151
Trd, 000120.517, 167
Trd, 000121.250, 160
Trd, 000121.433, 166
Trd, 000122.550, 161
Trd, 000123.083, 161
Trd, 000123.567, 161
Trd, 000124.367, 162
Trd, 000124.433, 157
Trd, 000124.583, 153
Trd, 000124.900, 161
Trd, 000125.733, 154
Trd, 000126.183, 157
Trd, 000127.417, 146
Trd, 000128.083, 145
Trd, 000128.383, 156
Trd, 000128.700, 150
Trd, 000129.517, 169
Trd, 000130.667, 158
Trd, 000131.267, 152
Trd, 000132.433, 159
Trd, 000132.500, 154
Trd, 000133.450, 150
Trd, 000133.500, 155
Trd, 000133.700, 155
Trd, 000133.750, 149
Trd, 000134.083, 146
Trd, 000134.600, 155
Trd, 000134.750, 144
Trd, 000136.183, 149
Trd, 000136.633, 149
Trd, 000137.933, 149
Trd, 000138.350, 145
Trd, 000140.083, 154
Trd, 000140.133, 148
Trd, 000140.650, 153
Trd, 000141.183, 153
Trd, 000141.567, 155
Trd, 000141.667, 148
Trd, 000142.033, 151
Trd, 000142.117, 163
Trd, 000142.417, 169
Trd, 000143.133, 147
Trd, 000143.567, 151
Trd, 000144.217, 146
Trd, 000144.383, 149
Trd, 000145.183, 145
Trd, 000145.500, 146
Trd, 000145.833, 149
Trd, 000146.800, 146
Trd, 000146.950, 149
Trd, 000147.083, 150
Trd, 000148.333, 151
Trd, 000149.417, 155
Trd, 000150.567, 151
Trd, 000151.117, 155
Trd, 000151.150, 155
Trd, 000151.733, 156
Trd, 000151.867, 153
Trd, 000151.917, 156
Trd, 000152.033, 152
Trd, 000152.800, 169
Trd, 000152.867, 153
Trd, 000153.017, 149
Trd, 000153.900, 159
Trd, 000155.583, 149
Trd, 000156.517, 149
Trd, 000156.750, 148
Trd, 000157.117, 150
Trd, 000157.217, 146
Trd, 000157.467, 152
Trd, 000157.833, 157
Trd, 000158.717, 157
Trd, 000159.017, 162
Trd, 000160.400, 151
Trd, 000160.900, 152
Trd, 000161.017, 150
Trd, 000162.100, 151
Trd, 000163.883, 152
Trd, 000164.133, 151
Trd, 000164.367, 151
Trd, 000164.750, 152
Trd, 000164.783, 153
Trd, 000166.250, 155
Trd, 000166.433, 157
Trd, 000166.883, 155
Trd, 000167.900, 163
Trd, 000170.350, 161
Trd, 000170.650, 157
Trd, 000170.767, 162
Trd, 000170.833, 155
Trd, 000171.133, 163
Trd, 000171.283, 155
Trd, 000172.117, 150
Trd, 000173.167, 158
Trd, 000173.500, 163
Trd, 000174.083, 161
Trd, 000174.600, 160
Trd, 000174.750, 160
Trd, 000174.850, 159
Trd, 000175.200, 155
Trd, 000176.700, 155
Trd, 000176.883, 165
Trd, 000177.033, 154
Trd, 000178.083, 163
Trd, 000178.333, 154
Trd, 000178.783, 166
Trd, 000179.433, 158
Trd, 000181.917, 165
Trd, 000182.283, 166
Trd, 000182.550, 163
Trd, 000183.550, 163
Trd, 000183.967, 163
Trd, 000184.083, 163
Trd, 000184.617, 150
Trd, 000184.867, 158
Trd, 000184.950, 159
Trd, 000186.083, 150
Trd, 000186.567, 157
Trd, 000187.517, 152
Trd, 000190.033, 152
Trd, 000190.800, 154
Trd, 000190.850, 156
Trd, 000191.150, 154
Trd, 000191.167, 158
Trd, 000191.367, 153
Trd, 000192.117, 157
Trd, 000192.617, 152
Trd, 000192.683, 150
Trd, 000192.950, 156
Trd, 000193.367, 160
Trd, 000193.600, 167
Trd, 000194.350, 173
Trd, 000195.017, 171
Trd, 000195.167, 175
Trd, 000195.533, 162
Trd, 000195.667, 160
Trd, 000197.933, 169
Trd, 000197.967, 168
Trd, 000199.000, 169
Trd, 000200.300, 168
Trd, 000200.517, 169
Trd, 000200.583, 167
Trd, 000200.817, 170
Trd, 000201.133, 161
Trd, 000202.933, 154
Trd, 000203.083, 165
Trd, 000203.183, 152
Trd, 000203.900, 160
Trd, 000205.150, 158
Trd, 000205.567, 158
Trd, 000206.350, 155
Trd, 000206.367, 157
Trd, 000206.650, 158
Trd, 000206.683, 152
Trd, 000207.067, 162
Trd, 000207.550, 158
Trd, 000207.600, 159
Trd, 000208.733, 156
Trd, 000209.967, 158
Trd, 000210.150, 158
Trd, 000210.183, 157
Trd, 000210.283, 162
Trd, 000210.367, 154
Trd, 000210.750, 170
Trd, 000212.000, 167
Trd, 000212.183, 170
Trd, 000212.567, 164
Trd, 000213.500, 169
Trd, 000213.800, 153
Trd, 000214.100, 152
Trd, 000214.867, 151
Trd, 000215.033, 170
Trd, 000217.883, 164
Trd, 000218.267, 164
Trd, 000218.650, 163
Trd, 000218.733, 165
Trd, 000219.400, 165
Trd, 000219.800, 169
Trd, 000220.533, 164
Trd, 000221.700, 166
Trd, 000221.800, 167
Trd, 000221.900, 163
Trd, 000222.733, 163
Trd, 000222.933, 162
Trd, 000223.033, 154
Trd, 000223.167, 167
Trd, 000223.833, 165
Trd, 000224.317, 163
Trd, 000226.767, 163
Trd, 000226.867, 164
Trd, 000227.817, 164
Trd, 000227.883, 158
Trd, 000228.200, 157
Trd, 000228.250, 166
Trd, 000228.583, 156
Trd, 000229.400, 164
Trd, 000229.450, 167
Trd, 000231.267, 166
Trd, 000231.933, 166
Trd, 000231.983, 170
Trd, 000232.183, 165
Trd, 000232.633, 159
Trd, 000233.050, 167
Trd, 000233.800, 156
Trd, 000234.300, 160
Trd, 000234.317, 164
Trd, 000235.683, 168
Trd, 000236.117, 168
Trd, 000236.350, 168
Trd, 000236.450, 166
Trd, 000237.550, 182
Trd, 000237.933, 169
Trd, 000238.817, 169
Trd, 000238.983, 167
Trd, 000239.567, 167
Trd, 000240.333, 165
Trd, 000240.550, 164
Trd, 000240.883, 158
Trd, 000241.150, 164
Trd, 000241.283, 165
Trd, 000241.350, 158
Trd, 000242.400, 158
Trd, 000242.483, 158
Trd, 000242.983, 162
Trd, 000243.500, 173
Trd, 000243.600, 169
Trd, 000244.100, 169
Trd, 000244.817, 172
Trd, 000244.900, 171
Trd, 000246.283, 171
Trd, 000246.633, 172
Trd, 000246.717, 173
Trd, 000247.467, 169
Trd, 000247.867, 174
Trd, 000248.083, 169
Trd, 000248.350, 174
Trd, 000248.600, 168
Trd, 000248.867, 166
Trd, 000249.517, 173
Trd, 000250.150, 168
Trd, 000250.283, 156
Trd, 000250.417, 162
Trd, 000251.267, 161
Trd, 000251.350, 173
Trd, 000252.333, 172
Trd, 000252.700, 170
Trd, 000253.117, 168
Trd, 000254.183, 168
Trd, 000254.350, 170
Trd, 000254.417, 167
Trd, 000255.300, 168
Trd, 000255.417, 166
Trd, 000255.833, 166
Trd, 000256.433, 166
Trd, 000256.533, 166
Trd, 000257.200, 165
Trd, 000257.317, 175
Trd, 000257.650, 171
Trd, 000259.350, 174
Trd, 000259.517, 176
Trd, 000259.667, 177
Trd, 000260.733, 178
Trd, 000261.133, 176
Trd, 000261.183, 179
Trd, 000261.533, 175
Trd, 000261.617, 181
Trd, 000262.183, 175
Trd, 000262.200, 177
Trd, 000262.433, 174
Trd, 000263.083, 165
Trd, 000264.533, 169
Trd, 000264.567, 167
Trd, 000264.650, 170
Trd, 000265.350, 163
Trd, 000265.700, 165
Trd, 000265.883, 163
Trd, 000266.133, 170
Trd, 000266.167, 165
Trd, 000266.417, 169
Trd, 000267.300, 178
Trd, 000267.350, 181
Trd, 000267.483, 185
Trd, 000268.017, 186
Trd, 000268.917, 178
Trd, 000269.117, 178
Trd, 000269.183, 180
Trd, 000269.250, 175
Trd, 000270.517, 169
Trd, 000271.717, 180
Trd, 000271.967, 179
Trd, 000272.183, 178
Trd, 000272.333, 179
Trd, 000272.383, 171
Trd, 000272.517, 180
Trd, 000272.600, 180
Trd, 000272.800, 179
Trd, 000273.217, 182
Trd, 000273.800, 175
Trd, 000273.817, 174
Trd, 000274.533, 169
Trd, 000275.450, 173
Trd, 000275.983, 174
Trd, 000276.283, 169
Trd, 000276.433, 174
Trd, 000276.950, 167
Trd, 000277.567, 168
Trd, 000277.883, 174
Trd, 000278.600, 170
Trd, 000278.950, 171
Trd, 000279.400, 171
Trd, 000279.833, 170
Trd, 000279.850, 169
Trd, 000280.317, 164
Trd, 000281.083, 163
Trd, 000281.517, 164
Trd, 000281.817, 165
Trd, 000281.917, 168
Trd, 000282.300, 165
Trd, 000282.833, 164
Trd, 000282.850, 163
Trd, 000283.950, 173
Trd, 000284.233, 173
Trd, 000284.250, 175
Trd, 000284.417, 176
Trd, 000284.833, 169
Trd, 000285.350, 168
Trd, 000286.100, 173
Trd, 000286.367, 174
Trd, 000286.433, 176
Trd, 000287.017, 177
Trd, 000287.450, 170
Trd, 000287.467, 168
Trd, 000288.117, 178
Trd, 000288.200, 179
Trd, 000288.683, 177
Trd, 000288.767, 178
Trd, 000289.717, 179
Trd, 000289.833, 180
Trd, 000289.867, 176
Trd, 000290.017, 162
Trd, 000290.033, 181
Trd, 000290.283, 183
Trd, 000292.683, 172
Trd, 000292.850, 180
Trd, 000292.933, 181
Trd, 000293.233, 184
Trd, 000293.350, 173
Trd, 000293.483, 172
Trd, 000294.633, 180
Trd, 000295.617, 162
Trd, 000295.717, 165
Trd, 000296.017, 166
Trd, 000296.033, 150
Trd, 000297.067, 164
Trd, 000297.183, 162
Trd, 000297.333, 165
Trd, 000297.950, 163
Trd, 000297.967, 169
Trd, 000298.483, 170
Trd, 000298.500, 164
Trd, 000299.300, 178
Trd, 000299.383, 181
