Trd, 000000.883, 103
Trd, 000003.000, 115
Trd, 000003.467, 117
Trd, 000003.500, 120
Trd, 000003.583, 131
Trd, 000004.750, 127
Trd, 000004.817, 134
Trd, 000006.250, 127
Trd, 000006.600, 141
Trd, 000007.200, 148
Trd, 000007.417, 169
Trd, 000008.417, 149
Trd, 000009.167, 150
Trd, 000009.700, 149
Trd, 000009.833, 151
Trd, 000010.883, 160
Trd, 000011.633, 159
Trd, 000011.783, 158
Trd, 000012.067, 158
Trd, 000012.233, 155
Trd, 000012.283, 154
Trd, 000012.767, 149
Trd, 000013.400, 163
Trd, 000013.633, 160
Trd, 000015.317, 155
Trd, 000015.700, 155
Trd, 000015.900, 154
Trd, 000016.050, 145
Trd, 000016.150, 143
Trd, 000017.117, 151
Trd, 000017.550, 155
Trd, 000018.067, 150
Trd, 000018.217, 149
Trd, 000019.167, 161
Trd, 000021.400, 161
Trd, 000021.650, 163
Trd, 000022.433, 164
Trd, 000022.450, 175
Trd, 000022.517, 167
Trd, 000022.967, 181
Trd, 000023.250, 162
Trd, 000023.950, 159
Trd, 000025.050, 162
Trd, 000025.300, 162
Trd, 000025.567, 157
Trd, 000025.683, 150
Trd, 000026.117, 161
Trd, 000026.967, 160
Trd, 000027.400, 161
Trd, 000028.100, 164
Trd, 000028.550, 160
Trd, 000029.283, 165
Trd, 000029.400, 156
Trd, 000029.933, 155
Trd, 000029.967, 188
Trd, 000030.433, 152
Trd, 000030.483, 151
Trd, 000030.500, 147
Trd, 000030.600, 144
Trd, 000032.617, 156
Trd, 000033.283, 162
Trd, 000033.667, 157
Trd, 000034.117, 157
Trd, 000034.950, 160
Trd, 000035.083, 161
Trd, 000035.450, 157
Trd, 000035.800, 156
Trd, 000036.183, 158
Trd, 000036.200, 157
Trd, 000037.000, 157
Trd, 000038.017, 157
Trd, 000038.583, 157
Trd, 000039.033, 162
Trd, 000039.883, 166
Trd, 000040.567, 162
Trd, 000040.683, 157
Trd, 000040.917, 158
Trd, 000041.617, 160
Trd, 000041.650, 153
Trd, 000042.033, 152
Trd, 000042.583, 152
Trd, 000043.350, 157
Trd, 000043.650, 161
Trd, 000044.017, 170
Trd, 000044.850, 156
Trd, 000045.083, 183
Trd, 000045.900, 166
Trd, 000046.083, 157
Trd, 000047.283, 153
Trd, 000047.467, 164
Trd, 000047.600, 155
Trd, 000048.417, 166
Trd, 000049.833, 158
Trd, 000050.733, 160
Trd, 000051.167, 160
Trd, 000052.133, 159
Trd, 000053.250, 161
Trd, 000053.267, 160
Trd, 000053.317, 158
Trd, 000053.467, 167
Trd, 000053.483, 171
Trd, 000053.783, 160
Trd, 000053.833, 158
Trd, 000055.183, 162
Trd, 000056.317, 164
Trd, 000056.700, 164
Trd, 000056.867, 159
Trd, 000057.117, 166
Trd, 000057.483, 150
Trd, 000058.200, 154
Trd, 000059.283, 157
Trd, 000059.867, 166
Trd, 000060.400, 168
Trd, 000060.483, 171
Trd, 000061.617, 159
Trd, 000061.917, 160
Trd, 000062.383, 161
Trd, 000062.417, 170
Trd, 000062.850, 185
Trd, 000063.650, 161
Trd, 000064.067, 160
Trd, 000064.350, 150
Trd, 000064.617, 158
Trd, 000066.450, 174
Trd, 000066.783, 168
Trd, 000067.067, 172
Trd, 000068.033, 168
Trd, 000068.333, 164
Trd, 000068.383, 148
Trd, 000069.933, 171
Trd, 000070.433, 170
Trd, 000070.583, 165
Trd, 000070.633, 172
Trd, 000070.883, 171
Trd, 000070.967, 161
Trd, 000071.600, 168
Trd, 000072.133, 164
Trd, 000072.850, 169
Trd, 000073.000, 171
Trd, 000073.150, 161
Trd, 000073.517, 157
Trd, 000074.717, 169
Trd, 000075.000, 169
Trd, 000075.183, 168
Trd, 000075.233, 183
Trd, 000075.733, 166
Trd, 000076.183, 173
Trd, 000077.683, 162
Trd, 000078.767, 163
Trd, 000078.800, 170
Trd, 000078.883, 161
Trd, 000079.517, 161
Trd, 000080.500, 187
Trd, 000080.767, 166
Trd, 000080.883, 161
Trd, 000081.300, 161
Trd, 000081.750, 160
Trd, 000081.983, 174
Trd, 000082.083, 144
Trd, 000083.150, 174
Trd, 000085.167, 163
Trd, 000085.883, 169
Trd, 000086.200, 163
Trd, 000086.717, 165
Trd, 000087.433, 166
Trd, 000087.700, 167
Trd, 000087.800, 166
Trd, 000087.817, 165
Trd, 000087.983, 164
Trd, 000088.183, 168
Trd, 000089.467, 166
Trd, 000090.000, 166
Trd, 000090.800, 165
Trd, 000091.050, 163
Trd, 000091.083, 168
Trd, 000091.883, 161
Trd, 000091.967, 158
Trd, 000092.450, 164
Trd, 000093.317, 167
Trd, 000093.950, 161
Trd, 000094.717, 167
Trd, 000095.400, 167
Trd, 000095.800, 166
Trd, 000096.133, 174
Trd, 000097.400, 176
Trd, 000098.317, 173
Trd, 000098.633, 173
Trd, 000099.067, 171
Trd, 000099.317, 171
Trd, 000100.100, 168
Trd, 000101.000, 164
Trd, 000101.017, 171
Trd, 000101.217, 158
Trd, 000102.617, 172
Trd, 000102.650, 172
Trd, 000102.950, 160
Trd, 000103.300, 155
Trd, 000103.883, 158
Trd, 000104.817, 171
Trd, 000105.567, 158
Trd, 000105.833, 173
Trd, 000106.550, 168
Trd, 000106.967, 160
Trd, 000107.583, 172
Trd, 000108.067, 163
Trd, 000108.233, 162
Trd, 000108.783, 162
Trd, 000109.417, 171
Trd, 000110.667, 173
Trd, 000111.100, 174
Trd, 000111.183, 175
Trd, 000111.533, 164
Trd, 000111.717, 164
Trd, 000111.917, 176
Trd, 000112.783, 192
Trd, 000113.233, 191
Trd, 000113.400, 190
Trd, 000114.417, 186
Trd, 000115.267, 164
Trd, 000115.317, 163
Trd, 000115.767, 182
Trd, 000116.750, 183
Trd, 000117.100, 183
Trd, 000117.983, 171
Trd, 000118.200, 169
Trd, 000118.583, 167
Trd, 000118.783, 175
Trd, 000120.133, 166
Trd, 000120.200, 165
Trd, 000120.433, 161
Trd, 000120.650, 160
Trd, 000121.083, 166
Trd, 000122.000, 157
Trd, 000123.150, 173
Trd, 000125.717, 166
Trd, 000125.733, 165
Trd, 000125.833, 170
Trd, 000126.750, 166
Trd, 000127.183, 166
Trd, 000127.233, 167
Trd, 000128.050, 166
Trd, 000128.200, 168
Trd, 000128.467, 175
Trd, 000128.500, 164
Trd, 000129.400, 176
Trd, 000130.050, 190
Trd, 000130.417, 164
Trd, 000130.533, 191
Trd, 000131.933, 167
Trd, 000132.167, 176
Trd, 000132.383, 167
Trd, 000132.650, 167
Trd, 000133.067, 167
Trd, 000134.317, 167
Trd, 000134.467, 166
Trd, 000135.167, 168
Trd, 000136.583, 165
Trd, 000137.550, 168
Trd, 000137.617, 169
Trd, 000138.033, 166
Trd, 000138.183, 175
Trd, 000138.667, 168
Trd, 000139.317, 175
Trd, 000139.750, 173
Trd, 000140.683, 168
Trd, 000141.267, 165
Trd, 000141.983, 169
Trd, 000142.150, 170
Trd, 000142.367, 160
Trd, 000142.483, 170
Trd, 000142.783, 180
Trd, 000143.450, 169
Trd, 000143.800, 167
Trd, 000144.183, 167
Trd, 000144.350, 173
Trd, 000145.667, 172
Trd, 000145.750, 174
Trd, 000146.617, 173
Trd, 000147.100, 168
Trd, 000148.583, 170
Trd, 000149.200, 168
Trd, 000149.417, 167
Trd, 000149.533, 165
Trd, 000150.017, 163
Trd, 000150.117, 168
Trd, 000150.450, 168
Trd, 000150.717, 168
Trd, 000151.167, 167
Trd, 000151.917, 163
Trd, 000152.700, 159
Trd, 000153.017, 156
Trd, 000153.067, 174
Trd, 000153.500, 150
Trd, 000154.683, 169
Trd, 000155.083, 170
Trd, 000155.583, 161
Trd, 000156.600, 163
Trd, 000156.983, 163
Trd, 000157.967, 167
Trd, 000158.067, 166
Trd, 000158.117, 164
Trd, 000158.533, 169
Trd, 000158.800, 165
Trd, 000159.467, 166
Trd, 000159.850, 165
Trd, 000160.483, 166
Trd, 000161.283, 178
Trd, 000161.850, 165
Trd, 000162.600, 171
Trd, 000163.017, 164
Trd, 000164.583, 165
Trd, 000164.950, 172
Trd, 000165.500, 165
Trd, 000165.917, 165
Trd, 000166.150, 165
Trd, 000166.400, 167
Trd, 000167.917, 170
Trd, 000168.767, 170
Trd, 000168.817, 167
Trd, 000168.850, 171
Trd, 000169.017, 171
Trd, 000169.050, 179
Trd, 000170.033, 182
Trd, 000170.450, 166
Trd, 000170.600, 168
Trd, 000170.617, 166
Trd, 000172.700, 176
Trd, 000172.950, 170
Trd, 000173.200, 170
Trd, 000173.317, 169
Trd, 000173.850, 185
Trd, 000173.917, 187
Trd, 000174.500, 188
Trd, 000174.583, 169
Trd, 000175.350, 170
Trd, 000176.833, 170
Trd, 000177.300, 170
Trd, 000178.867, 176
Trd, 000179.267, 176
Trd, 000179.317, 178
Trd, 000180.550, 169
Trd, 000181.000, 171
Trd, 000182.217, 171
Trd, 000183.000, 177
Trd, 000183.883, 175
Trd, 000184.450, 174
Trd, 000184.483, 173
Trd, 000185.317, 172
Trd, 000185.367, 166
Trd, 000186.050, 165
Trd, 000186.317, 165
Trd, 000186.367, 166
Trd, 000187.300, 173
Trd, 000189.217, 167
Trd, 000189.983, 168
Trd, 000190.117, 168
Trd, 000190.517, 169
Trd, 000191.250, 183
Trd, 000191.550, 184
Trd, 000191.600, 172
Trd, 000193.333, 178
Trd, 000193.567, 177
Trd, 000193.650, 177
Trd, 000193.750, 175
Trd, 000193.783, 183
Trd, 000194.367, 181
Trd, 000195.317, 173
Trd, 000196.117, 174
Trd, 000196.433, 174
Trd, 000196.583, 177
Trd, 000198.183, 166
Trd, 000198.333, 177
Trd, 000200.283, 176
Trd, 000200.450, 177
Trd, 000200.517, 178
Trd, 000201.150, 178
Trd, 000201.300, 178
Trd, 000201.383, 177
Trd, 000201.533, 181
Trd, 000202.617, 184
Trd, 000203.217, 176
Trd, 000204.100, 177
Trd, 000204.400, 176
Trd, 000204.517, 169
Trd, 000204.883, 184
Trd, 000205.233, 169
Trd, 000206.367, 182
Trd, 000206.683, 192
Trd, 000207.517, 182
Trd, 000207.683, 192
Trd, 000208.500, 188
Trd, 000208.617, 179
Trd, 000208.867, 179
Trd, 000209.167, 189
Trd, 000210.200, 178
Trd, 000211.000, 176
Trd, 000212.033, 184
Trd, 000212.700, 175
Trd, 000213.033, 170
Trd, 000214.467, 171
Trd, 000214.517, 173
Trd, 000215.300, 172
Trd, 000215.333, 173
Trd, 000215.550, 171
Trd, 000215.717, 170
Trd, 000216.200, 173
Trd, 000216.383, 183
Trd, 000217.883, 185
Trd, 000219.367, 186
Trd, 000219.400, 185
Trd, 000219.617, 184
Trd, 000220.267, 182
Trd, 000220.300, 184
Trd, 000220.550, 185
Trd, 000221.267, 186
Trd, 000221.283, 180
Trd, 000221.600, 176
Trd, 000221.783, 187
Trd, 000223.400, 175
Trd, 000224.900, 177
Trd, 000225.133, 185
Trd, 000225.317, 186
Trd, 000226.250, 178
Trd, 000226.283, 177
Trd, 000226.683, 185
Trd, 000227.667, 178
Trd, 000228.083, 185
Trd, 000229.133, 172
Trd, 000229.467, 171
Trd, 000229.800, 170
Trd, 000229.850, 171
Trd, 000230.467, 168
Trd, 000231.300, 171
Trd, 000231.967, 171
Trd, 000232.317, 170
Trd, 000232.333, 185
Trd, 000233.100, 171
Trd, 000233.217, 188
Trd, 000234.083, 202
Trd, 000235.233, 197
Trd, 000236.300, 196
Trd, 000236.667, 185
Trd, 000236.900, 184
Trd, 000237.333, 175
Trd, 000237.850, 190
Trd, 000238.783, 176
Trd, 000238.883, 184
Trd, 000239.033, 171
Trd, 000239.350, 185
Trd, 000240.033, 181
Trd, 000240.417, 182
Trd, 000240.617, 181
Trd, 000241.200, 180
Trd, 000241.400, 179
Trd, 000241.617, 178
Trd, 000241.917, 179
Trd, 000242.550, 177
Trd, 000242.617, 182
Trd, 000242.783, 175
Trd, 000243.133, 174
Trd, 000244.250, 177
Trd, 000244.283, 179
Trd, 000244.667, 185
Trd, 000245.083, 183
Trd, 000245.100, 176
Trd, 000245.933, 176
Trd, 000246.017, 175
Trd, 000246.850, 178
Trd, 000247.117, 179
Trd, 000247.983, 176
Trd, 000248.217, 178
Trd, 000248.700, 189
Trd, 000248.817, 176
Trd, 000248.933, 175
Trd, 000249.267, 173
Trd, 000250.000, 174
Trd, 000250.467, 173
Trd, 000251.483, 178
Trd, 000251.583, 180
Trd, 000252.633, 181
Trd, 000252.867, 180
Trd, 000253.800, 178
Trd, 000254.100, 181
Trd, 000254.267, 178
Trd, 000254.500, 177
Trd, 000255.167, 180
Trd, 000255.350, 183
Trd, 000255.467, 181
Trd, 000255.500, 178
Trd, 000256.433, 179
Trd, 000257.300, 183
Trd, 000257.633, 181
Trd, 000258.283, 180
Trd, 000258.400, 184
Trd, 000258.583, 186
Trd, 000259.783, 179
Trd, 000260.017, 180
Trd, 000260.183, 179
Trd, 000260.217, 176
Trd, 000260.250, 174
Trd, 000260.800, 170
Trd, 000261.200, 180
Trd, 000261.500, 181
Trd, 000261.783, 193
Trd, 000262.100, 181
Trd, 000263.417, 185
Trd, 000264.167, 189
Trd, 000264.183, 190
Trd, 000264.700, 186
Trd, 000264.967, 186
Trd, 000265.100, 185
Trd, 000265.600, 184
Trd, 000266.250, 185
Trd, 000266.283, 186
Trd, 000266.800, 184
Trd, 000266.983, 182
Trd, 000267.500, 182
Trd, 000267.867, 181
Trd, 000268.233, 183
Trd, 000268.617, 184
Trd, 000268.717, 185
Trd, 000268.733, 182
Trd, 000268.833, 177
Trd, 000269.650, 189
Trd, 000271.083, 190
Trd, 000271.583, 186
Trd, 000272.317, 185
Trd, 000272.417, 184
Trd, 000274.300, 184
Trd, 000275.067, 187
Trd, 000275.500, 182
Trd, 000275.567, 188
Trd, 000275.650, 181
Trd, 000275.783, 192
Trd, 000276.117, 178
Trd, 000276.183, 175
Trd, 000276.367, 203
Trd, 000276.850, 206
Trd, 000277.183, 204
Trd, 000277.867, 207
Trd, 000278.133, 189
Trd, 000278.300, 182
Trd, 000278.417, 179
Trd, 000279.500, 185
Trd, 000280.233, 186
Trd, 000280.517, 187
Trd, 000280.867, 188
Trd, 000281.517, 187
Trd, 000281.633, 186
Trd, 000281.817, 189
Trd, 000281.917, 185
Trd, 000282.250, 190
Trd, 000282.650, 176
Trd, 000282.967, 177
Trd, 000283.650, 174
Trd, 000283.683, 179
Trd, 000283.883, 173
Trd, 000283.967, 172
Trd, 000285.133, 169
Trd, 000285.417, 176
Trd, 000285.683, 182
Trd, 000286.000, 183
Trd, 000286.400, 190
Trd, 000286.467, 189
Trd, 000286.633, 192
Trd, 000287.467, 190
Trd, 000287.750, 183
Trd, 000288.117, 182
Trd, 000289.167, 182
Trd, 000289.633, 184
Trd, 000289.833, 182
Trd, 000290.100, 180
Trd, 000290.250, 173
Trd, 000290.833, 186
Trd, 000290.883, 179
Trd, 000291.150, 167
Trd, 000291.633, 191
Trd, 000291.817, 194
Trd, 000292.217, 170
Trd, 000292.417, 207
Trd, 000292.683, 190
Trd, 000292.767, 188
Trd, 000292.933, 187
Trd, 000293.017, 188
Trd, 000293.150, 183
Trd, 000294.417, 182
Trd, 000294.900, 182
Trd, 000294.917, 181
Trd, 000295.600, 184
Trd, 000295.967, 184
Trd, 000296.067, 191
Trd, 000296.250, 184
Trd, 000296.317, 194
Trd, 000297.133, 208
Trd, 000297.917, 185
Trd, 000298.117, 185
Trd, 000298.400, 181
Trd, 000298.733, 194
Trd, 000299.000, 196
Trd, 000299.550, 184
Trd, 000299.600, 178
Trd, 000299.850, 178
