Trd, 000001.617, 142
Trd, 000001.767, 182
Trd, 000003.533, 168
Trd, 000003.683, 146
Trd, 000004.933, 174
Trd, 000005.483, 174
Trd, 000005.850, 172
Trd, 000008.683, 148
Trd, 000008.733, 149
Trd, 000009.450, 144
Trd, 000009.633, 149
Trd, 000009.900, 149
Trd, 000010.567, 150
Trd, 000010.700, 155
Trd, 000010.750, 146
Trd, 000013.050, 153
Trd, 000013.467, 152
Trd, 000013.833, 145
Trd, 000013.917, 142
Trd, 000014.467, 151
Trd, 000015.400, 150
Trd, 000015.683, 142
Trd, 000016.267, 144
Trd, 000018.033, 145
Trd, 000018.067, 152
Trd, 000018.550, 152
Trd, 000019.400, 151
Trd, 000020.267, 153
Trd, 000020.317, 152
Trd, 000021.783, 151
Trd, 000022.850, 148
Trd, 000023.100, 149
Trd, 000023.800, 148
Trd, 000024.567, 147
Trd, 000025.933, 147
Trd, 000027.150, 146
Trd, 000027.567, 145
Trd, 000028.050, 146
Trd, 000028.383, 146
Trd, 000029.117, 144
Trd, 000029.583, 148
Trd, 000029.667, 176
Trd, 000030.467, 145
Trd, 000030.600, 151
Trd, 000030.767, 144
Trd, 000031.433, 153
Trd, 000033.067, 150
Trd, 000033.450, 150
Trd, 000033.650, 147
Trd, 000034.383, 139
Trd, 000035.133, 140
Trd, 000035.150, 143
Trd, 000035.617, 148
Trd, 000037.483, 148
Trd, 000037.933, 152
Trd, 000039.167, 148
Trd, 000040.217, 148
Trd, 000040.600, 149
Trd, 000040.617, 145
Trd, 000040.650, 154
Trd, 000042.683, 152
Trd, 000042.933, 151
Trd, 000042.983, 153
Trd, 000043.383, 150
Trd, 000043.667, 148
Trd, 000045.517, 150
Trd, 000045.633, 151
Trd, 000045.650, 150
Trd, 000045.950, 152
Trd, 000048.017, 149
Trd, 000048.317, 148
Trd, 000048.433, 147
Trd, 000048.850, 152
Trd, 000049.550, 150
Trd, 000049.600, 151
Trd, 000050.500, 148
Trd, 000050.633, 147
Trd, 000052.083, 154
Trd, 000052.100, 156
Trd, 000052.233, 167
Trd, 000052.983, 158
Trd, 000053.100, 159
Trd, 000054.017, 156
Trd, 000054.250, 155
Trd, 000055.033, 157
Trd, 000055.700, 155
Trd, 000056.000, 149
Trd, 000056.267, 154
Trd, 000056.550, 153
Trd, 000057.433, 156
Trd, 000058.900, 156
Trd, 000059.033, 154
Trd, 000059.833, 157
Trd, 000061.317, 154
Trd, 000063.050, 155
Trd, 000063.317, 149
Trd, 000063.500, 147
Trd, 000064.333, 155
Trd, 000065.083, 151
Trd, 000065.967, 152
Trd, 000067.100, 150
Trd, 000067.217, 151
Trd, 000067.667, 152
Trd, 000068.133, 151
Trd, 000068.167, 138
Trd, 000068.267, 153
Trd, 000070.367, 154
Trd, 000070.567, 155
Trd, 000070.883, 149
Trd, 000071.300, 148
Trd, 000071.383, 155
Trd, 000072.033, 148
Trd, 000072.300, 156
Trd, 000074.083, 158
Trd, 000075.517, 154
Trd, 000076.133, 154
Trd, 000076.400, 154
Trd, 000077.433, 152
Trd, 000078.000, 144
Trd, 000078.083, 146
Trd, 000079.483, 152
Trd, 000079.883, 152
Trd, 000080.550, 152
Trd, 000081.033, 151
Trd, 000082.467, 149
Trd, 000082.833, 151
Trd, 000083.217, 152
Trd, 000084.017, 152
Trd, 000084.283, 156
Trd, 000084.833, 154
Trd, 000085.983, 150
Trd, 000086.583, 139
Trd, 000086.983, 151
Trd, 000087.050, 152
Trd, 000088.217, 148
Trd, 000088.783, 145
Trd, 000089.150, 146
Trd, 000089.500, 147
Trd, 000091.417, 156
Trd, 000093.483, 157
Trd, 000093.817, 157
Trd, 000093.867, 156
Trd, 000094.833, 156
Trd, 000095.650, 154
Trd, 000096.483, 153
Trd, 000096.967, 153
Trd, 000097.450, 153
Trd, 000099.567, 154
Trd, 000099.733, 152
Trd, 000100.117, 151
Trd, 000100.967, 147
Trd, 000101.133, 155
Trd, 000101.750, 157
Trd, 000102.667, 153
Trd, 000104.667, 154
Trd, 000105.383, 152
Trd, 000105.650, 152
Trd, 000107.050, 153
Trd, 000107.667, 155
Trd, 000107.967, 156
Trd, 000107.983, 159
Trd, 000109.517, 157
Trd, 000109.550, 162
Trd, 000109.750, 155
Trd, 000111.100, 160
Trd, 000111.267, 156
Trd, 000111.733, 158
Trd, 000112.883, 142
Trd, 000113.417, 145
Trd, 000113.700, 146
Trd, 000114.050, 146
Trd, 000114.617, 147
Trd, 000114.633, 148
Trd, 000116.967, 144
Trd, 000117.333, 145
Trd, 000118.033, 146
Trd, 000118.283, 155
Trd, 000118.317, 156
Trd, 000119.117, 149
Trd, 000119.917, 149
Trd, 000122.933, 153
Trd, 000123.667, 154
Trd, 000124.250, 154
Trd, 000124.900, 152
Trd, 000125.167, 152
Trd, 000125.183, 157
Trd, 000126.333, 156
Trd, 000126.617, 157
Trd, 000126.817, 158
Trd, 000127.050, 163
Trd, 000127.967, 173
Trd, 000129.267, 161
Trd, 000130.667, 159
Trd, 000130.933, 161
Trd, 000132.500, 159
Trd, 000133.767, 159
Trd, 000134.617, 159
Trd, 000135.467, 158
Trd, 000136.000, 156
Trd, 000136.517, 155
Trd, 000137.050, 154
Trd, 000137.300, 155
Trd, 000137.783, 158
Trd, 000137.883, 158
Trd, 000138.667, 158
Trd, 000139.300, 150
Trd, 000139.900, 147
Trd, 000140.483, 147
Trd, 000140.983, 150
Trd, 000141.333, 151
Trd, 000142.250, 150
Trd, 000142.717, 151
Trd, 000142.883, 150
Trd, 000143.367, 155
Trd, 000145.317, 157
Trd, 000146.017, 156
Trd, 000146.367, 156
Trd, 000147.133, 158
Trd, 000147.317, 161
Trd, 000147.350, 157
Trd, 000148.050, 159
Trd, 000148.233, 161
Trd, 000149.200, 162
Trd, 000150.950, 163
Trd, 000153.217, 162
Trd, 000154.267, 162
Trd, 000155.033, 162
Trd, 000155.050, 161
Trd, 000155.150, 163
Trd, 000155.183, 160
Trd, 000155.350, 163
Trd, 000156.617, 160
Trd, 000157.517, 173
Trd, 000158.083, 160
Trd, 000158.583, 161
Trd, 000158.683, 159
Trd, 000158.917, 156
Trd, 000159.433, 163
Trd, 000160.817, 161
Trd, 000160.833, 159
Trd, 000161.400, 160
Trd, 000162.533, 158
Trd, 000162.783, 159
Trd, 000163.100, 159
Trd, 000163.317, 159
Trd, 000164.333, 157
Trd, 000164.600, 160
Trd, 000165.333, 159
Trd, 000165.417, 162
Trd, 000165.633, 164
Trd, 000166.883, 167
Trd, 000167.133, 166
Trd, 000167.733, 166
Trd, 000168.000, 179
Trd, 000168.783, 171
Trd, 000169.283, 167
Trd, 000169.917, 189
Trd, 000171.450, 174
Trd, 000171.833, 172
Trd, 000172.183, 171
Trd, 000172.900, 171
Trd, 000173.933, 172
Trd, 000174.483, 170
Trd, 000174.650, 161
Trd, 000175.383, 167
Trd, 000176.817, 166
Trd, 000177.633, 158
Trd, 000179.050, 163
Trd, 000179.867, 162
Trd, 000179.983, 163
Trd, 000180.000, 161
Trd, 000181.183, 160
Trd, 000181.350, 160
Trd, 000181.783, 161
Trd, 000182.567, 160
Trd, 000183.017, 160
Trd, 000183.250, 159
Trd, 000183.783, 159
Trd, 000185.150, 150
Trd, 000185.683, 161
Trd, 000186.267, 160
Trd, 000187.200, 160
Trd, 000187.400, 163
Trd, 000188.200, 169
Trd, 000188.783, 180
Trd, 000188.817, 162
Trd, 000190.417, 177
Trd, 000191.050, 175
Trd, 000191.600, 174
Trd, 000193.117, 170
Trd, 000193.817, 169
Trd, 000195.283, 168
Trd, 000195.350, 163
Trd, 000195.500, 157
Trd, 000196.533, 161
Trd, 000198.300, 166
Trd, 000198.783, 166
Trd, 000200.100, 165
Trd, 000200.117, 166
Trd, 000201.050, 165
Trd, 000201.167, 168
Trd, 000201.667, 164
Trd, 000202.133, 164
Trd, 000202.233, 169
Trd, 000202.367, 171
Trd, 000204.733, 168
Trd, 000205.367, 169
Trd, 000205.833, 167
Trd, 000205.967, 168
Trd, 000206.317, 170
Trd, 000207.750, 170
Trd, 000208.533, 169
Trd, 000209.083, 169
Trd, 000209.133, 171
Trd, 000210.800, 169
Trd, 000210.867, 172
Trd, 000211.083, 170
Trd, 000211.700, 174
Trd, 000211.983, 174
Trd, 000213.100, 178
Trd, 000213.583, 171
Trd, 000214.250, 169
Trd, 000214.700, 167
Trd, 000214.883, 166
Trd, 000215.417, 168
Trd, 000217.117, 165
Trd, 000217.217, 166
Trd, 000217.550, 163
Trd, 000217.800, 167
Trd, 000217.900, 169
Trd, 000217.967, 163
Trd, 000218.167, 169
Trd, 000220.067, 168
Trd, 000220.467, 168
Trd, 000221.750, 168
Trd, 000221.833, 167
Trd, 000222.333, 169
Trd, 000222.350, 167
Trd, 000224.017, 166
Trd, 000224.067, 168
Trd, 000225.850, 166
Trd, 000225.950, 167
Trd, 000226.567, 169
Trd, 000226.983, 169
Trd, 000228.283, 163
Trd, 000228.717, 169
Trd, 000229.583, 164
Trd, 000230.150, 169
Trd, 000230.183, 169
Trd, 000231.083, 169
Trd, 000231.333, 185
Trd, 000232.400, 164
Trd, 000234.017, 172
Trd, 000234.600, 172
Trd, 000234.683, 171
Trd, 000234.917, 175
Trd, 000235.833, 173
Trd, 000235.933, 168
Trd, 000236.950, 169
Trd, 000237.467, 169
Trd, 000237.650, 169
Trd, 000237.717, 175
Trd, 000238.733, 168
Trd, 000239.600, 174
Trd, 000240.450, 173
Trd, 000240.500, 174
Trd, 000240.533, 175
Trd, 000240.933, 183
Trd, 000241.000, 175
Trd, 000241.917, 177
Trd, 000242.700, 181
Trd, 000243.800, 173
Trd, 000243.817, 174
Trd, 000244.283, 172
Trd, 000244.383, 174
Trd, 000244.983, 172
Trd, 000245.517, 171
Trd, 000246.200, 161
Trd, 000246.383, 161
Trd, 000246.600, 169
Trd, 000247.517, 169
Trd, 000248.450, 173
Trd, 000248.950, 173
Trd, 000249.850, 172
Trd, 000250.417, 173
Trd, 000250.567, 172
Trd, 000250.600, 169
Trd, 000251.300, 173
Trd, 000251.383, 169
Trd, 000252.333, 169
Trd, 000253.000, 168
Trd, 000253.583, 170
Trd, 000253.817, 172
Trd, 000254.167, 170
Trd, 000254.633, 172
Trd, 000254.800, 173
Trd, 000255.050, 173
Trd, 000255.800, 174
Trd, 000257.117, 179
Trd, 000258.050, 174
Trd, 000258.633, 183
Trd, 000259.217, 182
Trd, 000259.450, 177
Trd, 000259.850, 178
Trd, 000260.083, 178
Trd, 000261.333, 177
Trd, 000261.750, 178
Trd, 000262.033, 178
Trd, 000262.200, 170
Trd, 000262.583, 179
Trd, 000262.767, 179
Trd, 000264.300, 177
Trd, 000265.300, 176
Trd, 000265.767, 173
Trd, 000265.883, 172
Trd, 000266.333, 176
Trd, 000266.700, 175
Trd, 000267.283, 174
Trd, 000267.750, 176
Trd, 000267.983, 177
Trd, 000268.050, 177
Trd, 000268.750, 176
Trd, 000269.567, 173
Trd, 000269.583, 171
Trd, 000269.817, 177
Trd, 000270.133, 176
Trd, 000270.483, 173
Trd, 000270.817, 173
Trd, 000271.533, 174
Trd, 000271.667, 171
Trd, 000272.033, 172
Trd, 000272.367, 175
Trd, 000272.533, 173
Trd, 000272.600, 161
Trd, 000273.167, 174
Trd, 000273.567, 173
Trd, 000274.833, 173
Trd, 000275.667, 172
Trd, 000276.133, 175
Trd, 000276.617, 174
Trd, 000276.833, 175
Trd, 000277.367, 175
Trd, 000277.483, 176
Trd, 000278.133, 178
Trd, 000279.400, 173
Trd, 000279.733, 176
Trd, 000280.600, 173
Trd, 000280.950, 175
Trd, 000281.450, 176
Trd, 000281.467, 172
Trd, 000282.000, 173
Trd, 000282.367, 178
Trd, 000282.800, 172
Trd, 000282.900, 171
Trd, 000283.467, 178
Trd, 000283.517, 179
Trd, 000284.067, 184
Trd, 000284.517, 178
Trd, 000284.700, 179
Trd, 000285.483, 186
Trd, 000285.800, 189
Trd, 000286.167, 189
Trd, 000286.417, 189
Trd, 000286.767, 190
Trd, 000287.250, 189
Trd, 000287.883, 186
Trd, 000288.567, 187
Trd, 000288.800, 187
Trd, 000288.900, 172
Trd, 000288.933, 196
Trd, 000289.917, 189
Trd, 000291.733, 189
Trd, 000292.017, 190
Trd, 000292.367, 188
Trd, 000292.700, 191
Trd, 000292.883, 188
Trd, 000293.817, 191
Trd, 000293.967, 192
Trd, 000294.100, 189
Trd, 000294.950, 197
Trd, 000295.100, 204
Trd, 000295.500, 201
Trd, 000295.783, 189
Trd, 000296.250, 174
Trd, 000296.383, 167
Trd, 000297.267, 179
Trd, 000297.317, 180
Trd, 000297.383, 182
Trd, 000297.983, 188
Trd, 000298.767, 188
Trd, 000299.283, 189
Trd, 000299.767, 187
Trd, 000299.933, 189
