Trd, 000000.983, 146
Trd, 000001.950, 120
Trd, 000003.333, 152
Trd, 000004.300, 148
Trd, 000004.400, 144
Trd, 000004.750, 145
Trd, 000004.767, 144
Trd, 000005.700, 144
Trd, 000006.150, 145
Trd, 000006.383, 151
Trd, 000007.583, 149
Trd, 000008.867, 150
Trd, 000009.333, 151
Trd, 000010.083, 150
Trd, 000010.483, 149
Trd, 000011.833, 150
Trd, 000012.300, 151
Trd, 000012.583, 149
Trd, 000013.733, 151
Trd, 000014.417, 149
Trd, 000015.100, 149
Trd, 000015.850, 149
Trd, 000016.100, 148
Trd, 000016.833, 148
Trd, 000017.033, 146
Trd, 000018.350, 150
Trd, 000019.367, 149
Trd, 000019.617, 150
Trd, 000020.033, 150
Trd, 000022.133, 151
Trd, 000022.250, 147
Trd, 000022.633, 149
Trd, 000023.833, 148
Trd, 000023.867, 148
Trd, 000024.217, 146
Trd, 000024.617, 147
Trd, 000024.800, 146
Trd, 000026.017, 146
Trd, 000026.250, 147
Trd, 000026.950, 148
Trd, 000027.167, 148
Trd, 000028.817, 147
Trd, 000029.050, 147
Trd, 000029.800, 148
Trd, 000030.417, 150
Trd, 000030.650, 148
Trd, 000031.200, 148
Trd, 000032.200, 149
Trd, 000032.750, 150
Trd, 000032.800, 150
Trd, 000034.067, 147
Trd, 000035.000, 149
Trd, 000035.017, 146
Trd, 000035.100, 151
Trd, 000035.700, 153
Trd, 000036.183, 151
Trd, 000036.467, 152
Trd, 000036.800, 149
Trd, 000038.667, 151
Trd, 000038.733, 152
Trd, 000038.767, 150
Trd, 000038.800, 153
Trd, 000039.883, 150
Trd, 000041.550, 150
Trd, 000041.833, 148
Trd, 000043.633, 147
Trd, 000043.983, 150
Trd, 000044.583, 147
Trd, 000044.650, 148
Trd, 000045.017, 149
Trd, 000045.450, 149
Trd, 000046.150, 148
Trd, 000046.667, 148
Trd, 000047.500, 149
Trd, 000047.817, 152
Trd, 000048.933, 151
Trd, 000048.967, 149
Trd, 000049.200, 152
Trd, 000050.717, 151
Trd, 000050.917, 150
Trd, 000051.117, 149
Trd, 000051.567, 148
Trd, 000052.400, 148
Trd, 000053.117, 160
Trd, 000053.433, 177
Trd, 000054.833, 151
Trd, 000054.850, 153
Trd, 000055.750, 155
Trd, 000056.833, 155
Trd, 000057.633, 153
Trd, 000057.883, 151
Trd, 000058.900, 154
Trd, 000058.950, 154
Trd, 000059.133, 152
Trd, 000059.183, 155
Trd, 000061.650, 154
Trd, 000061.967, 154
Trd, 000062.500, 152
Trd, 000062.833, 153
Trd, 000063.450, 153
Trd, 000064.017, 152
Trd, 000064.717, 155
Trd, 000065.000, 157
Trd, 000065.467, 161
Trd, 000067.433, 154
Trd, 000069.100, 154
Trd, 000069.233, 151
Trd, 000069.633, 154
Trd, 000070.467, 153
Trd, 000070.933, 153
Trd, 000071.100, 154
Trd, 000071.400, 154
Trd, 000072.150, 154
Trd, 000072.433, 155
Trd, 000072.983, 155
Trd, 000073.167, 175
Trd, 000073.283, 175
Trd, 000074.850, 169
Trd, 000075.133, 169
Trd, 000075.533, 168
Trd, 000076.467, 166
Trd, 000077.117, 168
Trd, 000077.183, 155
Trd, 000077.517, 163
Trd, 000078.300, 162
Trd, 000079.417, 160
Trd, 000079.833, 159
Trd, 000080.150, 157
Trd, 000080.233, 156
Trd, 000080.833, 158
Trd, 000081.100, 159
Trd, 000081.967, 158
Trd, 000081.983, 152
Trd, 000084.083, 153
Trd, 000084.833, 156
Trd, 000085.217, 156
Trd, 000085.850, 156
Trd, 000086.083, 152
Trd, 000086.100, 156
Trd, 000087.067, 155
Trd, 000088.400, 154
Trd, 000088.783, 154
Trd, 000089.233, 154
Trd, 000089.750, 154
Trd, 000089.950, 153
Trd, 000090.350, 153
Trd, 000091.550, 154
Trd, 000092.017, 154
Trd, 000092.850, 153
Trd, 000093.700, 154
Trd, 000093.917, 157
Trd, 000094.800, 153
Trd, 000095.017, 153
Trd, 000095.250, 152
Trd, 000096.067, 152
Trd, 000097.350, 153
Trd, 000097.600, 154
Trd, 000098.867, 153
Trd, 000099.650, 153
Trd, 000100.133, 154
Trd, 000101.000, 154
Trd, 000101.517, 153
Trd, 000102.033, 156
Trd, 000103.400, 156
Trd, 000103.867, 156
Trd, 000103.933, 156
Trd, 000104.133, 156
Trd, 000104.800, 155
Trd, 000104.917, 156
Trd, 000105.983, 154
Trd, 000106.083, 153
Trd, 000107.150, 150
Trd, 000108.717, 153
Trd, 000108.733, 154
Trd, 000109.317, 151
Trd, 000109.383, 153
Trd, 000109.767, 155
Trd, 000110.050, 157
Trd, 000110.683, 153
Trd, 000111.417, 153
Trd, 000113.983, 156
Trd, 000114.133, 159
Trd, 000114.733, 157
Trd, 000115.233, 157
Trd, 000115.733, 157
Trd, 000116.367, 159
Trd, 000116.533, 159
Trd, 000117.100, 159
Trd, 000117.983, 158
Trd, 000119.333, 156
Trd, 000119.917, 159
Trd, 000120.000, 160
Trd, 000121.183, 159
Trd, 000121.783, 161
Trd, 000122.133, 158
Trd, 000122.517, 160
Trd, 000122.567, 157
Trd, 000123.350, 159
Trd, 000124.117, 161
Trd, 000124.533, 162
Trd, 000125.467, 163
Trd, 000125.650, 163
Trd, 000127.267, 167
Trd, 000127.483, 165
Trd, 000127.783, 165
Trd, 000128.517, 167
Trd, 000128.617, 157
Trd, 000130.050, 158
Trd, 000130.700, 174
Trd, 000131.450, 153
Trd, 000131.883, 163
Trd, 000132.067, 164
Trd, 000132.683, 161
Trd, 000132.833, 165
Trd, 000132.933, 160
Trd, 000133.833, 163
Trd, 000134.500, 164
Trd, 000135.067, 164
Trd, 000135.250, 164
Trd, 000135.283, 161
Trd, 000135.517, 164
Trd, 000136.050, 164
Trd, 000136.633, 164
Trd, 000137.183, 164
Trd, 000137.383, 165
Trd, 000138.600, 165
Trd, 000138.867, 164
Trd, 000139.850, 164
Trd, 000140.183, 165
Trd, 000140.950, 163
Trd, 000141.500, 162
Trd, 000142.550, 163
Trd, 000142.767, 164
Trd, 000143.667, 162
Trd, 000143.933, 163
Trd, 000144.933, 162
Trd, 000145.667, 162
Trd, 000145.700, 161
Trd, 000147.783, 161
Trd, 000147.867, 161
Trd, 000148.050, 163
Trd, 000148.383, 164
Trd, 000149.067, 163
Trd, 000150.467, 163
Trd, 000150.900, 163
Trd, 000151.333, 162
Trd, 000152.417, 163
Trd, 000154.133, 162
Trd, 000154.183, 159
Trd, 000154.750, 162
Trd, 000155.383, 161
Trd, 000155.750, 161
Trd, 000156.233, 160
Trd, 000156.433, 161
Trd, 000156.800, 161
Trd, 000157.083, 163
Trd, 000157.133, 163
Trd, 000158.400, 162
Trd, 000158.783, 162
Trd, 000159.750, 163
Trd, 000160.033, 161
Trd, 000161.117, 161
Trd, 000161.333, 162
Trd, 000161.700, 163
Trd, 000162.400, 163
Trd, 000162.833, 164
Trd, 000163.250, 163
Trd, 000163.833, 163
Trd, 000164.767, 163
Trd, 000165.667, 163
Trd, 000166.033, 160
Trd, 000166.133, 162
Trd, 000167.283, 161
Trd, 000167.617, 161
Trd, 000168.033, 161
Trd, 000168.083, 160
Trd, 000168.317, 162
Trd, 000169.050, 157
Trd, 000169.183, 156
Trd, 000170.900, 159
Trd, 000171.417, 161
Trd, 000171.700, 162
Trd, 000171.833, 172
Trd, 000172.067, 165
Trd, 000172.517, 160
Trd, 000173.217, 164
Trd, 000173.433, 164
Trd, 000175.067, 161
Trd, 000175.117, 160
Trd, 000175.433, 164
Trd, 000176.033, 166
Trd, 000176.350, 162
Trd, 000177.267, 161
Trd, 000178.217, 163
Trd, 000180.167, 163
Trd, 000180.467, 164
Trd, 000180.750, 162
Trd, 000180.817, 160
Trd, 000181.983, 160
Trd, 000182.417, 161
Trd, 000182.850, 158
Trd, 000182.917, 158
Trd, 000183.150, 161
Trd, 000184.967, 157
Trd, 000185.800, 159
Trd, 000186.283, 158
Trd, 000186.550, 159
Trd, 000186.650, 158
Trd, 000187.000, 159
Trd, 000187.383, 159
Trd, 000188.767, 160
Trd, 000189.250, 160
Trd, 000190.433, 159
Trd, 000190.900, 160
Trd, 000191.567, 160
Trd, 000191.883, 161
Trd, 000193.233, 161
Trd, 000193.817, 163
Trd, 000194.950, 165
Trd, 000195.117, 164
Trd, 000195.950, 165
Trd, 000196.133, 165
Trd, 000196.533, 166
Trd, 000196.550, 167
Trd, 000197.517, 166
Trd, 000198.567, 167
Trd, 000199.117, 166
Trd, 000199.750, 167
Trd, 000200.017, 166
Trd, 000201.233, 167
Trd, 000201.833, 168
Trd, 000203.583, 167
Trd, 000204.467, 167
Trd, 000204.883, 166
Trd, 000205.117, 168
Trd, 000205.550, 165
Trd, 000205.783, 164
Trd, 000207.717, 164
Trd, 000207.733, 165
Trd, 000208.250, 163
Trd, 000208.450, 164
Trd, 000209.433, 164
Trd, 000210.133, 164
Trd, 000210.667, 165
Trd, 000210.717, 165
Trd, 000210.833, 169
Trd, 000212.383, 176
Trd, 000212.683, 168
Trd, 000212.883, 167
Trd, 000213.117, 169
Trd, 000214.767, 171
Trd, 000215.233, 170
Trd, 000216.400, 170
Trd, 000216.500, 170
Trd, 000216.600, 170
Trd, 000217.633, 171
Trd, 000218.117, 170
Trd, 000218.550, 171
Trd, 000218.633, 172
Trd, 000219.383, 171
Trd, 000220.367, 171
Trd, 000221.700, 172
Trd, 000222.117, 173
Trd, 000222.383, 171
Trd, 000223.250, 171
Trd, 000223.600, 170
Trd, 000224.533, 172
Trd, 000226.233, 168
Trd, 000226.733, 170
Trd, 000227.483, 167
Trd, 000227.750, 168
Trd, 000228.483, 169
Trd, 000228.817, 167
Trd, 000228.967, 167
Trd, 000229.167, 169
Trd, 000231.433, 169
Trd, 000231.567, 168
Trd, 000231.717, 169
Trd, 000231.917, 168
Trd, 000232.133, 167
Trd, 000232.383, 168
Trd, 000232.567, 166
Trd, 000233.100, 177
Trd, 000233.917, 178
Trd, 000234.867, 172
Trd, 000234.967, 171
Trd, 000235.467, 174
Trd, 000238.000, 176
Trd, 000238.950, 175
Trd, 000238.983, 177
Trd, 000239.417, 175
Trd, 000240.217, 175
Trd, 000240.683, 174
Trd, 000240.850, 176
Trd, 000241.133, 177
Trd, 000241.183, 178
Trd, 000241.433, 177
Trd, 000241.733, 176
Trd, 000243.300, 178
Trd, 000243.417, 179
Trd, 000243.467, 176
Trd, 000243.667, 179
Trd, 000244.833, 177
Trd, 000245.317, 176
Trd, 000245.533, 176
Trd, 000245.683, 175
Trd, 000245.800, 177
Trd, 000245.967, 178
Trd, 000246.500, 179
Trd, 000247.100, 179
Trd, 000247.250, 181
Trd, 000247.633, 183
Trd, 000248.167, 185
Trd, 000248.767, 186
Trd, 000249.333, 182
Trd, 000249.583, 187
Trd, 000249.717, 187
Trd, 000250.867, 194
Trd, 000251.300, 196
Trd, 000251.367, 193
Trd, 000251.433, 173
Trd, 000252.700, 175
Trd, 000253.317, 172
Trd, 000253.567, 172
Trd, 000253.650, 173
Trd, 000253.750, 172
Trd, 000253.917, 168
Trd, 000254.783, 173
Trd, 000255.217, 164
Trd, 000255.767, 170
Trd, 000256.017, 173
Trd, 000256.917, 178
Trd, 000257.083, 174
Trd, 000257.333, 173
Trd, 000257.933, 180
Trd, 000258.533, 186
Trd, 000258.950, 186
Trd, 000259.050, 185
Trd, 000260.050, 182
Trd, 000260.700, 184
Trd, 000260.900, 183
Trd, 000261.367, 183
Trd, 000262.150, 183
Trd, 000262.300, 185
Trd, 000262.333, 184
Trd, 000262.850, 182
Trd, 000264.183, 184
Trd, 000264.450, 187
Trd, 000264.483, 187
Trd, 000264.850, 182
Trd, 000265.117, 184
Trd, 000265.600, 176
Trd, 000266.217, 176
Trd, 000266.517, 170
Trd, 000267.450, 170
Trd, 000268.500, 169
Trd, 000269.050, 169
Trd, 000269.533, 171
Trd, 000269.833, 174
Trd, 000270.333, 170
Trd, 000270.583, 173
Trd, 000270.883, 174
Trd, 000271.733, 174
Trd, 000272.250, 171
Trd, 000272.600, 170
Trd, 000272.617, 175
Trd, 000272.633, 176
Trd, 000273.900, 179
Trd, 000274.333, 176
Trd, 000274.517, 173
Trd, 000275.583, 176
Trd, 000275.983, 176
Trd, 000276.067, 176
Trd, 000276.600, 171
Trd, 000276.883, 177
Trd, 000276.917, 178
Trd, 000277.033, 178
Trd, 000277.967, 174
Trd, 000278.150, 177
Trd, 000278.983, 179
Trd, 000279.450, 180
Trd, 000280.033, 176
Trd, 000280.067, 173
Trd, 000280.433, 174
Trd, 000280.517, 180
Trd, 000280.967, 181
Trd, 000281.583, 176
Trd, 000282.250, 178
Trd, 000282.383, 177
Trd, 000282.467, 178
Trd, 000283.683, 179
Trd, 000284.250, 178
Trd, 000284.533, 179
Trd, 000285.033, 176
Trd, 000285.717, 177
Trd, 000285.733, 178
Trd, 000286.767, 177
Trd, 000286.933, 177
Trd, 000287.033, 190
Trd, 000287.883, 181
Trd, 000288.617, 179
Trd, 000288.767, 182
Trd, 000289.467, 179
Trd, 000289.667, 180
Trd, 000290.283, 176
Trd, 000290.467, 181
Trd, 000290.833, 177
Trd, 000290.883, 183
Trd, 000291.983, 177
Trd, 000293.300, 176
Trd, 000293.483, 176
Trd, 000294.450, 175
Trd, 000295.000, 174
Trd, 000295.050, 177
Trd, 000295.233, 177
Trd, 000295.450, 177
Trd, 000296.483, 177
Trd, 000296.550, 178
Trd, 000296.633, 178
Trd, 000296.733, 174
Trd, 000297.817, 177
Trd, 000298.317, 182
Trd, 000298.450, 192
Trd, 000298.583, 175
