Trd, 000002.633, 158
Trd, 000003.100, 157
Trd, 000004.100, 148
Trd, 000004.317, 145
Trd, 000004.883, 150
Trd, 000004.933, 153
Trd, 000005.400, 150
Trd, 000005.583, 148
Trd, 000006.250, 150
Trd, 000007.767, 146
Trd, 000008.083, 145
Trd, 000008.317, 147
Trd, 000008.583, 146
Trd, 000008.933, 142
Trd, 000009.317, 147
Trd, 000009.433, 147
Trd, 000010.933, 142
Trd, 000011.300, 142
Trd, 000011.500, 144
Trd, 000012.367, 148
Trd, 000013.417, 149
Trd, 000014.050, 149
Trd, 000014.683, 145
Trd, 000014.700, 143
Trd, 000015.217, 144
Trd, 000015.450, 147
Trd, 000015.750, 147
Trd, 000015.917, 146
Trd, 000016.533, 144
Trd, 000017.317, 146
Trd, 000018.167, 149
Trd, 000018.583, 148
Trd, 000019.417, 148
Trd, 000020.000, 145
Trd, 000020.167, 147
Trd, 000020.817, 145
Trd, 000022.650, 145
Trd, 000022.667, 146
Trd, 000022.733, 145
Trd, 000023.717, 148
Trd, 000024.600, 148
Trd, 000025.350, 147
Trd, 000025.750, 148
Trd, 000026.150, 145
Trd, 000026.317, 146
Trd, 000026.917, 144
Trd, 000027.483, 145
Trd, 000027.933, 147
Trd, 000030.683, 150
Trd, 000031.517, 147
Trd, 000031.567, 149
Trd, 000031.600, 145
Trd, 000032.833, 149
Trd, 000033.200, 147
Trd, 000033.900, 146
Trd, 000034.317, 147
Trd, 000034.750, 147
Trd, 000034.950, 145
Trd, 000036.783, 147
Trd, 000036.967, 147
Trd, 000037.633, 147
Trd, 000037.667, 148
Trd, 000038.050, 146
Trd, 000038.733, 152
Trd, 000039.533, 150
Trd, 000039.750, 148
Trd, 000039.833, 146
Trd, 000041.350, 147
Trd, 000042.033, 150
Trd, 000042.317, 148
Trd, 000043.150, 148
Trd, 000043.850, 146
Trd, 000044.983, 147
Trd, 000045.167, 148
Trd, 000045.517, 147
Trd, 000046.700, 149
Trd, 000047.583, 150
Trd, 000047.600, 147
Trd, 000048.667, 149
Trd, 000048.783, 150
Trd, 000048.967, 149
Trd, 000049.133, 153
Trd, 000049.567, 153
Trd, 000052.167, 153
Trd, 000053.350, 154
Trd, 000053.717, 154
Trd, 000053.883, 153
Trd, 000054.500, 154
Trd, 000054.767, 154
Trd, 000054.783, 153
Trd, 000056.100, 154
Trd, 000056.383, 156
Trd, 000056.617, 154
Trd, 000056.883, 152
Trd, 000057.550, 153
Trd, 000058.533, 154
Trd, 000059.183, 152
Trd, 000060.500, 153
Trd, 000061.067, 154
Trd, 000061.533, 151
Trd, 000062.183, 153
Trd, 000062.883, 154
Trd, 000063.600, 153
Trd, 000063.617, 154
Trd, 000064.150, 152
Trd, 000064.633, 152
Trd, 000065.633, 151
Trd, 000065.717, 151
Trd, 000066.367, 153
Trd, 000067.350, 155
Trd, 000067.683, 152
Trd, 000068.067, 157
Trd, 000069.533, 157
Trd, 000070.717, 157
Trd, 000071.050, 155
Trd, 000071.350, 158
Trd, 000071.633, 153
Trd, 000073.717, 156
Trd, 000074.050, 155
Trd, 000074.133, 155
Trd, 000074.533, 153
Trd, 000075.717, 153
Trd, 000075.917, 153
Trd, 000076.033, 152
Trd, 000078.117, 153
Trd, 000079.200, 154
Trd, 000079.783, 154
Trd, 000080.283, 154
Trd, 000080.917, 153
Trd, 000081.367, 153
Trd, 000082.917, 155
Trd, 000082.933, 156
Trd, 000083.317, 153
Trd, 000083.450, 155
Trd, 000083.783, 153
Trd, 000084.217, 152
Trd, 000084.517, 154
Trd, 000084.750, 155
Trd, 000085.417, 156
Trd, 000085.867, 152
Trd, 000086.583, 158
Trd, 000089.317, 154
Trd, 000089.650, 155
Trd, 000089.967, 156
Trd, 000090.300, 157
Trd, 000090.683, 156
Trd, 000092.283, 157
Trd, 000092.383, 156
Trd, 000092.867, 159
Trd, 000092.983, 153
Trd, 000093.100, 152
Trd, 000093.650, 152
Trd, 000093.700, 157
Trd, 000094.083, 152
Trd, 000094.900, 151
Trd, 000095.067, 153
Trd, 000096.700, 153
Trd, 000097.283, 156
Trd, 000097.450, 153
Trd, 000098.267, 153
Trd, 000098.433, 154
Trd, 000099.200, 155
Trd, 000099.233, 152
Trd, 000100.083, 153
Trd, 000101.200, 153
Trd, 000101.717, 152
Trd, 000103.233, 156
Trd, 000103.600, 153
Trd, 000104.517, 154
Trd, 000104.767, 153
Trd, 000105.083, 156
Trd, 000106.133, 155
Trd, 000106.400, 151
Trd, 000106.817, 158
Trd, 000106.967, 156
Trd, 000107.083, 158
Trd, 000108.300, 154
Trd, 000109.083, 155
Trd, 000109.617, 157
Trd, 000109.650, 160
Trd, 000110.217, 158
Trd, 000111.233, 159
Trd, 000111.800, 154
Trd, 000111.950, 158
Trd, 000112.467, 155
Trd, 000112.983, 156
Trd, 000113.150, 157
Trd, 000113.300, 153
Trd, 000113.700, 154
Trd, 000115.167, 153
Trd, 000115.533, 155
Trd, 000115.550, 156
Trd, 000115.750, 157
Trd, 000117.583, 155
Trd, 000118.167, 155
Trd, 000118.283, 153
Trd, 000120.183, 155
Trd, 000120.650, 154
Trd, 000120.833, 154
Trd, 000121.533, 154
Trd, 000121.633, 153
Trd, 000121.650, 153
Trd, 000121.817, 154
Trd, 000121.883, 153
Trd, 000122.183, 152
Trd, 000122.800, 156
Trd, 000123.883, 151
Trd, 000125.117, 151
Trd, 000125.350, 153
Trd, 000125.883, 151
Trd, 000126.017, 150
Trd, 000126.517, 152
Trd, 000126.617, 153
Trd, 000127.917, 151
Trd, 000128.317, 149
Trd, 000128.517, 153
Trd, 000130.450, 152
Trd, 000130.850, 153
Trd, 000131.083, 152
Trd, 000131.600, 154
Trd, 000131.733, 152
Trd, 000131.967, 157
Trd, 000132.433, 161
Trd, 000133.033, 155
Trd, 000133.150, 154
Trd, 000134.367, 157
Trd, 000135.767, 156
Trd, 000136.067, 158
Trd, 000137.033, 157
Trd, 000137.350, 160
Trd, 000137.900, 158
Trd, 000137.917, 162
Trd, 000139.017, 160
Trd, 000139.300, 157
Trd, 000139.567, 159
Trd, 000140.567, 161
Trd, 000140.750, 164
Trd, 000141.267, 162
Trd, 000141.683, 161
Trd, 000142.700, 157
Trd, 000143.167, 157
Trd, 000143.200, 156
Trd, 000144.183, 158
Trd, 000145.300, 158
Trd, 000145.367, 157
Trd, 000145.400, 158
Trd, 000145.450, 156
Trd, 000146.217, 158
Trd, 000147.067, 158
Trd, 000147.667, 158
Trd, 000148.400, 159
Trd, 000149.467, 158
Trd, 000149.550, 157
Trd, 000149.600, 160
Trd, 000150.050, 157
Trd, 000150.750, 156
Trd, 000151.317, 156
Trd, 000151.333, 160
Trd, 000152.067, 154
Trd, 000153.450, 155
Trd, 000153.933, 154
Trd, 000154.400, 155
Trd, 000154.700, 157
Trd, 000156.233, 158
Trd, 000156.800, 159
Trd, 000157.867, 160
Trd, 000157.950, 162
Trd, 000158.683, 160
Trd, 000158.967, 160
Trd, 000159.283, 162
Trd, 000159.650, 160
Trd, 000160.200, 160
Trd, 000161.000, 162
Trd, 000161.250, 160
Trd, 000162.467, 163
Trd, 000163.317, 161
Trd, 000163.583, 163
Trd, 000163.633, 158
Trd, 000164.700, 157
Trd, 000165.200, 156
Trd, 000166.217, 158
Trd, 000166.733, 159
Trd, 000167.367, 161
Trd, 000167.483, 164
Trd, 000168.200, 167
Trd, 000168.900, 166
Trd, 000169.167, 178
Trd, 000169.583, 175
Trd, 000170.567, 169
Trd, 000170.717, 168
Trd, 000172.717, 167
Trd, 000173.017, 167
Trd, 000174.183, 166
Trd, 000174.283, 165
Trd, 000174.517, 165
Trd, 000175.267, 161
Trd, 000175.500, 163
Trd, 000175.883, 165
Trd, 000176.483, 165
Trd, 000177.517, 167
Trd, 000177.567, 164
Trd, 000178.233, 158
Trd, 000179.400, 155
Trd, 000179.433, 156
Trd, 000179.500, 159
Trd, 000179.850, 162
Trd, 000181.867, 159
Trd, 000181.950, 160
Trd, 000182.533, 162
Trd, 000183.017, 180
Trd, 000183.550, 182
Trd, 000183.900, 168
Trd, 000184.500, 165
Trd, 000184.850, 162
Trd, 000186.400, 166
Trd, 000187.467, 164
Trd, 000188.067, 163
Trd, 000188.433, 165
Trd, 000189.517, 165
Trd, 000189.650, 165
Trd, 000189.817, 163
Trd, 000190.867, 164
Trd, 000190.983, 163
Trd, 000191.333, 166
Trd, 000191.517, 162
Trd, 000192.883, 167
Trd, 000192.983, 163
Trd, 000193.000, 161
Trd, 000193.067, 166
Trd, 000194.250, 160
Trd, 000195.250, 163
Trd, 000195.500, 160
Trd, 000196.017, 161
Trd, 000196.750, 163
Trd, 000197.467, 162
Trd, 000197.617, 163
Trd, 000197.650, 164
Trd, 000199.317, 164
Trd, 000199.483, 164
Trd, 000199.667, 164
Trd, 000200.717, 161
Trd, 000201.717, 163
Trd, 000202.083, 161
Trd, 000202.500, 160
Trd, 000202.583, 162
Trd, 000202.650, 160
Trd, 000202.867, 168
Trd, 000203.700, 163
Trd, 000205.850, 164
Trd, 000205.967, 164
Trd, 000206.733, 164
Trd, 000207.650, 165
Trd, 000207.833, 164
Trd, 000208.000, 161
Trd, 000208.067, 167
Trd, 000209.033, 167
Trd, 000209.517, 165
Trd, 000209.883, 165
Trd, 000210.383, 163
Trd, 000210.500, 170
Trd, 000211.400, 169
Trd, 000212.033, 169
Trd, 000212.133, 167
Trd, 000213.467, 166
Trd, 000213.683, 168
Trd, 000214.417, 168
Trd, 000214.717, 167
Trd, 000215.633, 169
Trd, 000216.350, 170
Trd, 000216.633, 170
Trd, 000217.400, 163
Trd, 000217.533, 162
Trd, 000217.817, 165
Trd, 000218.283, 166
Trd, 000218.433, 166
Trd, 000219.283, 169
Trd, 000219.400, 164
Trd, 000219.767, 170
Trd, 000220.183, 170
Trd, 000223.000, 169
Trd, 000223.067, 168
Trd, 000223.733, 172
Trd, 000224.050, 173
Trd, 000224.167, 172
Trd, 000224.317, 170
Trd, 000224.483, 165
Trd, 000225.400, 177
Trd, 000225.683, 171
Trd, 000226.367, 167
Trd, 000227.717, 172
Trd, 000228.783, 172
Trd, 000229.217, 176
Trd, 000230.350, 173
Trd, 000230.817, 173
Trd, 000231.267, 171
Trd, 000231.517, 171
Trd, 000231.783, 172
Trd, 000232.150, 172
Trd, 000232.717, 171
Trd, 000232.983, 171
Trd, 000234.367, 166
Trd, 000234.783, 167
Trd, 000235.067, 167
Trd, 000235.433, 167
Trd, 000235.500, 164
Trd, 000235.783, 165
Trd, 000237.617, 167
Trd, 000238.233, 168
Trd, 000238.400, 169
Trd, 000238.833, 168
Trd, 000238.883, 166
Trd, 000239.000, 155
Trd, 000239.450, 184
Trd, 000239.850, 189
Trd, 000240.500, 174
Trd, 000240.800, 176
Trd, 000241.817, 175
Trd, 000241.933, 174
Trd, 000242.383, 172
Trd, 000242.550, 171
Trd, 000243.467, 168
Trd, 000243.917, 173
Trd, 000243.933, 179
Trd, 000244.850, 173
Trd, 000246.350, 171
Trd, 000246.600, 170
Trd, 000247.267, 169
Trd, 000248.217, 169
Trd, 000248.667, 169
Trd, 000249.100, 169
Trd, 000249.683, 169
Trd, 000250.233, 168
Trd, 000251.217, 170
Trd, 000251.333, 170
Trd, 000251.667, 171
Trd, 000251.850, 171
Trd, 000252.367, 168
Trd, 000252.417, 171
Trd, 000252.650, 169
Trd, 000252.717, 172
Trd, 000253.383, 171
Trd, 000254.000, 168
Trd, 000254.033, 166
Trd, 000254.583, 166
Trd, 000255.183, 169
Trd, 000255.633, 173
Trd, 000255.850, 166
Trd, 000256.200, 171
Trd, 000256.633, 172
Trd, 000256.733, 173
Trd, 000257.600, 176
Trd, 000258.250, 173
Trd, 000258.400, 167
Trd, 000258.583, 173
Trd, 000258.817, 174
Trd, 000258.950, 172
Trd, 000260.233, 173
Trd, 000260.417, 174
Trd, 000260.533, 172
Trd, 000261.083, 174
Trd, 000261.200, 170
Trd, 000262.817, 172
Trd, 000263.500, 172
Trd, 000263.533, 169
Trd, 000263.683, 172
Trd, 000264.050, 173
Trd, 000264.233, 174
Trd, 000264.650, 181
Trd, 000265.467, 175
Trd, 000265.733, 176
Trd, 000265.767, 174
Trd, 000267.233, 177
Trd, 000267.917, 177
Trd, 000267.983, 178
Trd, 000268.400, 179
Trd, 000268.617, 177
Trd, 000269.367, 177
Trd, 000269.483, 175
Trd, 000270.300, 180
Trd, 000271.483, 178
Trd, 000271.717, 177
Trd, 000271.950, 178
Trd, 000272.033, 176
Trd, 000272.167, 176
Trd, 000272.417, 182
Trd, 000272.900, 182
Trd, 000273.367, 185
Trd, 000273.500, 187
Trd, 000273.883, 192
Trd, 000274.033, 187
Trd, 000274.850, 188
Trd, 000275.350, 184
Trd, 000275.400, 183
Trd, 000275.700, 182
Trd, 000277.317, 177
Trd, 000277.467, 180
Trd, 000277.633, 180
Trd, 000278.100, 176
Trd, 000279.767, 179
Trd, 000280.217, 175
Trd, 000280.967, 178
Trd, 000281.450, 178
Trd, 000281.700, 178
Trd, 000281.733, 179
Trd, 000282.100, 178
Trd, 000282.167, 177
Trd, 000282.183, 179
Trd, 000283.400, 177
Trd, 000283.417, 178
Trd, 000283.667, 177
Trd, 000283.717, 178
Trd, 000283.833, 183
Trd, 000284.267, 176
Trd, 000284.433, 186
Trd, 000285.083, 183
Trd, 000286.217, 186
Trd, 000287.183, 181
Trd, 000287.200, 186
Trd, 000287.550, 180
Trd, 000287.700, 177
Trd, 000288.283, 183
Trd, 000288.300, 180
Trd, 000288.683, 178
Trd, 000289.183, 178
Trd, 000289.450, 177
Trd, 000289.483, 177
Trd, 000289.617, 176
Trd, 000289.967, 180
Trd, 000290.517, 178
Trd, 000290.567, 177
Trd, 000290.967, 184
Trd, 000291.683, 184
Trd, 000291.933, 194
Trd, 000292.400, 188
Trd, 000292.600, 175
Trd, 000294.417, 179
Trd, 000294.867, 180
Trd, 000294.967, 180
Trd, 000295.167, 179
Trd, 000296.000, 179
Trd, 000296.600, 178
Trd, 000297.000, 178
Trd, 000297.050, 180
Trd, 000297.283, 180
Trd, 000298.250, 178
Trd, 000298.417, 177
Trd, 000298.817, 173
Trd, 000299.267, 170
Trd, 000299.917, 164
