Trd, 000002.667, 139
Trd, 000003.567, 136
Trd, 000003.783, 141
Trd, 000004.283, 168
Trd, 000004.733, 165
Trd, 000004.833, 142
Trd, 000005.633, 140
Trd, 000005.850, 137
Trd, 000005.917, 131
Trd, 000005.950, 140
Trd, 000006.950, 156
Trd, 000007.050, 153
Trd, 000007.783, 151
Trd, 000008.367, 145
Trd, 000008.600, 152
Trd, 000008.983, 152
Trd, 000009.133, 157
Trd, 000009.817, 143
Trd, 000010.533, 157
Trd, 000011.300, 148
Trd, 000011.367, 158
Trd, 000011.450, 146
Trd, 000012.750, 155
Trd, 000012.783, 148
Trd, 000014.567, 152
Trd, 000015.067, 150
Trd, 000015.467, 153
Trd, 000015.933, 149
Trd, 000016.017, 146
Trd, 000016.083, 138
Trd, 000016.233, 151
Trd, 000016.800, 144
Trd, 000016.817, 151
Trd, 000016.950, 152
Trd, 000017.567, 153
Trd, 000018.000, 143
Trd, 000020.767, 145
Trd, 000021.333, 144
Trd, 000021.350, 146
Trd, 000022.383, 143
Trd, 000022.467, 141
Trd, 000022.883, 143
Trd, 000023.717, 146
Trd, 000024.183, 149
Trd, 000024.350, 150
Trd, 000024.517, 153
Trd, 000025.533, 160
Trd, 000026.633, 154
Trd, 000026.867, 146
Trd, 000027.350, 154
Trd, 000027.417, 159
Trd, 000027.700, 147
Trd, 000029.567, 148
Trd, 000029.717, 147
Trd, 000029.800, 155
Trd, 000029.867, 157
Trd, 000030.383, 156
Trd, 000030.567, 155
Trd, 000030.850, 156
Trd, 000031.717, 155
Trd, 000032.150, 154
Trd, 000032.917, 152
Trd, 000033.033, 153
Trd, 000033.600, 154
Trd, 000033.833, 147
Trd, 000034.400, 141
Trd, 000034.467, 153
Trd, 000035.783, 151
Trd, 000036.300, 150
Trd, 000037.000, 149
Trd, 000037.550, 150
Trd, 000038.850, 149
Trd, 000039.650, 152
Trd, 000039.700, 153
Trd, 000039.850, 148
Trd, 000040.350, 149
Trd, 000040.550, 148
Trd, 000040.683, 155
Trd, 000041.450, 163
Trd, 000041.700, 149
Trd, 000041.833, 141
Trd, 000042.000, 148
Trd, 000042.100, 172
Trd, 000043.017, 172
Trd, 000045.017, 157
Trd, 000045.033, 164
Trd, 000045.217, 156
Trd, 000046.117, 155
Trd, 000046.433, 153
Trd, 000047.567, 157
Trd, 000048.133, 155
Trd, 000048.600, 155
Trd, 000049.400, 156
Trd, 000049.617, 155
Trd, 000050.150, 149
Trd, 000050.733, 140
Trd, 000050.817, 149
Trd, 000051.900, 151
Trd, 000052.133, 154
Trd, 000053.200, 149
Trd, 000053.350, 153
Trd, 000054.617, 153
Trd, 000054.983, 154
Trd, 000055.000, 152
Trd, 000055.200, 152
Trd, 000056.550, 138
Trd, 000056.600, 149
Trd, 000056.917, 146
Trd, 000057.367, 149
Trd, 000058.333, 148
Trd, 000058.450, 144
Trd, 000059.117, 150
Trd, 000059.200, 147
Trd, 000060.050, 157
Trd, 000060.550, 152
Trd, 000060.617, 146
Trd, 000061.950, 155
Trd, 000062.250, 157
Trd, 000062.850, 150
Trd, 000064.100, 142
Trd, 000064.783, 142
Trd, 000064.950, 143
Trd, 000065.233, 152
Trd, 000066.383, 142
Trd, 000066.850, 147
Trd, 000067.233, 145
Trd, 000067.917, 146
Trd, 000068.333, 151
Trd, 000068.350, 159
Trd, 000068.933, 151
Trd, 000069.150, 149
Trd, 000069.200, 148
Trd, 000069.300, 155
Trd, 000069.500, 166
Trd, 000070.683, 171
Trd, 000070.867, 170
Trd, 000072.283, 158
Trd, 000072.950, 165
Trd, 000074.283, 145
Trd, 000074.983, 156
Trd, 000075.400, 157
Trd, 000075.550, 159
Trd, 000075.850, 152
Trd, 000076.517, 158
Trd, 000077.050, 154
Trd, 000077.317, 154
Trd, 000077.583, 151
Trd, 000078.750, 154
Trd, 000078.850, 152
Trd, 000079.250, 147
Trd, 000079.800, 154
Trd, 000080.050, 150
Trd, 000080.533, 150
Trd, 000080.583, 151
Trd, 000080.850, 156
Trd, 000081.400, 163
Trd, 000082.150, 153
Trd, 000082.583, 152
Trd, 000084.583, 155
Trd, 000084.650, 154
Trd, 000084.667, 156
Trd, 000085.167, 154
Trd, 000085.317, 160
Trd, 000086.617, 158
Trd, 000086.717, 154
Trd, 000088.350, 158
Trd, 000088.483, 153
Trd, 000088.767, 159
Trd, 000089.467, 153
Trd, 000089.483, 146
Trd, 000089.517, 159
Trd, 000090.717, 158
Trd, 000092.117, 157
Trd, 000092.417, 156
Trd, 000092.750, 157
Trd, 000092.950, 160
Trd, 000092.983, 167
Trd, 000094.367, 176
Trd, 000094.467, 177
Trd, 000095.083, 160
Trd, 000095.717, 160
Trd, 000095.800, 160
Trd, 000096.450, 167
Trd, 000096.933, 160
Trd, 000097.317, 166
Trd, 000097.650, 161
Trd, 000097.950, 153
Trd, 000098.183, 147
Trd, 000099.100, 166
Trd, 000099.200, 158
Trd, 000099.800, 162
Trd, 000100.150, 156
Trd, 000101.050, 157
Trd, 000101.500, 162
Trd, 000101.950, 163
Trd, 000102.150, 164
Trd, 000103.983, 163
Trd, 000104.517, 161
Trd, 000105.567, 161
Trd, 000106.550, 154
Trd, 000106.900, 160
Trd, 000106.917, 161
Trd, 000107.217, 162
Trd, 000107.500, 159
Trd, 000107.683, 152
Trd, 000108.433, 149
Trd, 000108.733, 163
Trd, 000109.100, 183
Trd, 000109.917, 168
Trd, 000110.233, 162
Trd, 000111.000, 162
Trd, 000111.167, 166
Trd, 000111.683, 163
Trd, 000112.750, 163
Trd, 000113.550, 163
Trd, 000113.867, 163
Trd, 000113.967, 162
Trd, 000114.967, 163
Trd, 000115.033, 162
Trd, 000115.450, 163
Trd, 000115.667, 160
Trd, 000116.867, 155
Trd, 000116.967, 158
Trd, 000117.600, 159
Trd, 000117.617, 148
Trd, 000118.183, 153
Trd, 000118.483, 163
Trd, 000118.683, 171
Trd, 000118.867, 163
Trd, 000120.417, 152
Trd, 000120.600, 153
Trd, 000120.850, 153
Trd, 000120.967, 148
Trd, 000121.367, 156
Trd, 000121.600, 153
Trd, 000122.567, 162
Trd, 000124.133, 163
Trd, 000124.533, 163
Trd, 000125.600, 159
Trd, 000125.683, 159
Trd, 000126.683, 155
Trd, 000126.817, 156
Trd, 000127.617, 157
Trd, 000127.850, 155
Trd, 000129.000, 155
Trd, 000129.417, 159
Trd, 000130.017, 154
Trd, 000130.250, 155
Trd, 000131.667, 151
Trd, 000132.100, 152
Trd, 000132.917, 154
Trd, 000133.583, 156
Trd, 000133.617, 152
Trd, 000135.283, 154
Trd, 000135.500, 152
Trd, 000135.600, 150
Trd, 000135.867, 155
Trd, 000135.950, 155
Trd, 000136.267, 151
Trd, 000136.283, 154
Trd, 000136.333, 155
Trd, 000136.650, 149
Trd, 000137.267, 155
Trd, 000138.233, 155
Trd, 000138.417, 153
Trd, 000139.033, 161
Trd, 000139.600, 159
Trd, 000139.700, 158
Trd, 000139.817, 157
Trd, 000141.000, 157
Trd, 000141.950, 157
Trd, 000142.050, 158
Trd, 000142.983, 157
Trd, 000143.267, 158
Trd, 000144.117, 157
Trd, 000144.667, 159
Trd, 000146.167, 158
Trd, 000146.317, 158
Trd, 000146.933, 156
Trd, 000147.317, 159
Trd, 000148.183, 155
Trd, 000148.300, 156
Trd, 000148.567, 152
Trd, 000149.050, 145
Trd, 000149.150, 158
Trd, 000149.167, 159
Trd, 000151.267, 153
Trd, 000151.400, 154
Trd, 000151.500, 159
Trd, 000152.433, 153
Trd, 000152.850, 166
Trd, 000155.183, 155
Trd, 000155.533, 153
Trd, 000156.033, 156
Trd, 000156.883, 154
Trd, 000156.900, 156
Trd, 000157.350, 159
Trd, 000157.567, 160
Trd, 000158.867, 160
Trd, 000158.950, 166
Trd, 000159.367, 161
Trd, 000159.400, 165
Trd, 000159.667, 152
Trd, 000159.967, 146
Trd, 000160.817, 147
Trd, 000161.233, 165
Trd, 000161.900, 141
Trd, 000162.833, 166
Trd, 000163.067, 160
Trd, 000163.600, 167
Trd, 000163.650, 174
Trd, 000163.733, 160
Trd, 000164.500, 159
Trd, 000164.600, 170
Trd, 000165.583, 166
Trd, 000165.650, 166
Trd, 000166.933, 165
Trd, 000167.333, 166
Trd, 000167.750, 184
Trd, 000168.083, 167
Trd, 000168.217, 166
Trd, 000168.867, 153
Trd, 000171.033, 169
Trd, 000171.100, 168
Trd, 000171.150, 169
Trd, 000171.350, 154
Trd, 000171.667, 161
Trd, 000172.117, 167
Trd, 000173.483, 165
Trd, 000173.767, 164
Trd, 000174.267, 164
Trd, 000174.317, 165
Trd, 000174.817, 166
Trd, 000175.733, 168
Trd, 000176.000, 161
Trd, 000176.517, 156
Trd, 000176.950, 149
Trd, 000176.983, 158
Trd, 000177.383, 149
Trd, 000178.967, 170
Trd, 000179.083, 169
Trd, 000179.450, 171
Trd, 000179.650, 184
Trd, 000180.000, 163
Trd, 000180.017, 185
Trd, 000180.817, 162
Trd, 000181.317, 183
Trd, 000181.783, 179
Trd, 000182.217, 170
Trd, 000183.300, 171
Trd, 000183.700, 182
Trd, 000184.350, 173
Trd, 000184.450, 171
Trd, 000185.183, 162
Trd, 000185.400, 177
Trd, 000186.383, 169
Trd, 000187.200, 172
Trd, 000187.233, 170
Trd, 000187.400, 170
Trd, 000187.433, 159
Trd, 000187.500, 155
Trd, 000187.633, 175
Trd, 000187.650, 177
Trd, 000189.717, 160
Trd, 000190.250, 164
Trd, 000191.350, 165
Trd, 000191.500, 164
Trd, 000191.800, 165
Trd, 000192.717, 164
Trd, 000192.983, 173
Trd, 000193.033, 164
Trd, 000193.067, 179
Trd, 000193.250, 164
Trd, 000194.750, 171
Trd, 000194.883, 170
Trd, 000196.783, 166
Trd, 000196.917, 168
Trd, 000197.167, 167
Trd, 000197.233, 168
Trd, 000197.533, 165
Trd, 000198.133, 175
Trd, 000198.167, 164
Trd, 000198.200, 156
Trd, 000199.933, 161
Trd, 000200.617, 170
Trd, 000200.867, 167
Trd, 000201.417, 171
Trd, 000202.150, 172
Trd, 000202.217, 164
Trd, 000203.283, 160
Trd, 000204.400, 166
Trd, 000205.067, 166
Trd, 000205.250, 166
Trd, 000205.417, 164
Trd, 000205.533, 165
Trd, 000207.500, 168
Trd, 000208.267, 167
Trd, 000208.933, 172
Trd, 000209.350, 169
Trd, 000209.417, 173
Trd, 000210.350, 175
Trd, 000210.533, 176
Trd, 000210.700, 169
Trd, 000211.017, 165
Trd, 000211.500, 172
Trd, 000213.183, 174
Trd, 000214.317, 173
Trd, 000214.350, 170
Trd, 000215.267, 165
Trd, 000215.300, 171
Trd, 000215.483, 171
Trd, 000215.783, 161
Trd, 000216.300, 161
Trd, 000216.850, 167
Trd, 000218.383, 160
Trd, 000218.800, 160
Trd, 000219.133, 152
Trd, 000219.200, 163
Trd, 000219.550, 163
Trd, 000219.633, 164
Trd, 000220.567, 169
Trd, 000220.650, 163
Trd, 000221.517, 163
Trd, 000221.650, 167
Trd, 000222.283, 166
Trd, 000222.917, 163
Trd, 000223.200, 162
Trd, 000223.667, 166
Trd, 000224.167, 166
Trd, 000226.117, 179
Trd, 000226.200, 158
Trd, 000226.550, 173
Trd, 000226.600, 158
Trd, 000227.383, 177
Trd, 000228.033, 174
Trd, 000228.267, 165
Trd, 000228.350, 177
Trd, 000228.783, 178
Trd, 000229.483, 175
Trd, 000230.433, 176
Trd, 000230.950, 170
Trd, 000230.983, 177
Trd, 000231.450, 175
Trd, 000232.167, 174
Trd, 000232.333, 171
Trd, 000233.167, 170
Trd, 000233.733, 172
Trd, 000234.483, 171
Trd, 000235.300, 171
Trd, 000235.850, 172
Trd, 000236.333, 174
Trd, 000236.350, 172
Trd, 000237.150, 170
Trd, 000237.550, 169
Trd, 000239.183, 173
Trd, 000239.500, 172
Trd, 000239.617, 170
Trd, 000240.383, 168
Trd, 000240.450, 170
Trd, 000240.550, 173
Trd, 000241.017, 173
Trd, 000241.517, 165
Trd, 000241.917, 174
Trd, 000242.200, 167
Trd, 000242.383, 165
Trd, 000242.717, 171
Trd, 000243.583, 164
Trd, 000243.783, 167
Trd, 000243.883, 168
Trd, 000244.000, 168
Trd, 000244.833, 175
Trd, 000245.033, 172
Trd, 000245.483, 169
Trd, 000245.500, 175
Trd, 000246.333, 174
Trd, 000246.450, 175
Trd, 000246.733, 180
Trd, 000246.950, 183
Trd, 000248.233, 173
Trd, 000249.083, 177
Trd, 000249.517, 177
Trd, 000249.883, 180
Trd, 000250.167, 179
Trd, 000250.850, 179
Trd, 000250.917, 180
Trd, 000251.133, 176
Trd, 000251.550, 179
Trd, 000251.733, 176
Trd, 000251.833, 175
Trd, 000252.017, 175
Trd, 000252.217, 176
Trd, 000252.700, 174
Trd, 000253.150, 174
Trd, 000253.250, 172
Trd, 000253.933, 177
Trd, 000254.000, 178
Trd, 000254.183, 183
Trd, 000255.517, 181
Trd, 000256.383, 187
Trd, 000256.400, 181
Trd, 000257.100, 178
Trd, 000258.200, 178
Trd, 000258.383, 177
Trd, 000258.700, 175
Trd, 000258.867, 173
Trd, 000258.883, 181
Trd, 000259.400, 170
Trd, 000260.150, 179
Trd, 000260.600, 179
Trd, 000261.317, 177
Trd, 000261.350, 178
Trd, 000261.383, 177
Trd, 000261.983, 177
Trd, 000262.217, 176
Trd, 000263.150, 180
Trd, 000263.433, 179
Trd, 000263.667, 181
Trd, 000264.083, 182
Trd, 000264.217, 181
Trd, 000264.317, 194
Trd, 000264.883, 178
Trd, 000265.283, 177
Trd, 000265.950, 186
Trd, 000266.900, 182
Trd, 000267.000, 174
Trd, 000267.133, 171
Trd, 000267.617, 170
Trd, 000267.767, 181
Trd, 000268.167, 170
Trd, 000269.233, 169
Trd, 000269.383, 170
Trd, 000269.550, 165
Trd, 000271.067, 165
Trd, 000271.150, 169
Trd, 000271.300, 171
Trd, 000271.517, 169
Trd, 000271.983, 178
Trd, 000273.133, 178
Trd, 000274.033, 177
Trd, 000274.250, 175
Trd, 000274.450, 176
Trd, 000274.467, 170
Trd, 000274.633, 170
Trd, 000275.167, 172
Trd, 000275.317, 171
Trd, 000275.767, 174
Trd, 000275.817, 170
Trd, 000275.850, 175
Trd, 000275.950, 164
Trd, 000276.583, 179
Trd, 000277.100, 183
Trd, 000277.183, 185
Trd, 000278.350, 185
Trd, 000278.883, 178
Trd, 000279.450, 176
Trd, 000279.633, 177
Trd, 000280.283, 182
Trd, 000281.117, 173
Trd, 000281.250, 174
Trd, 000281.300, 182
Trd, 000281.817, 182
Trd, 000282.250, 176
Trd, 000282.600, 187
Trd, 000282.833, 179
Trd, 000284.100, 178
Trd, 000284.150, 176
Trd, 000285.100, 186
Trd, 000285.433, 180
Trd, 000285.833, 184
Trd, 000286.267, 183
Trd, 000286.383, 174
Trd, 000286.600, 172
Trd, 000286.650, 170
Trd, 000287.633, 178
Trd, 000287.883, 180
Trd, 000288.550, 183
Trd, 000288.750, 176
Trd, 000289.283, 183
Trd, 000289.683, 180
Trd, 000289.733, 173
Trd, 000289.967, 167
Trd, 000290.467, 173
Trd, 000291.067, 177
Trd, 000291.183, 178
Trd, 000291.850, 178
Trd, 000291.933, 177
Trd, 000292.867, 177
Trd, 000292.900, 180
Trd, 000294.650, 179
Trd, 000294.717, 180
Trd, 000295.017, 185
Trd, 000295.883, 187
Trd, 000295.900, 183
Trd, 000295.967, 182
Trd, 000297.117, 181
Trd, 000297.217, 180
Trd, 000297.317, 188
Trd, 000297.533, 198
Trd, 000297.617, 201
Trd, 000297.667, 181
Trd, 000298.117, 181
Trd, 000298.150, 177
Trd, 000298.750, 188
