Trd, 000001.067, 155
Trd, 000002.167, 175
Trd, 000003.050, 165
Trd, 000003.100, 164
Trd, 000003.667, 166
Trd, 000004.500, 155
Trd, 000005.883, 158
Trd, 000006.233, 150
Trd, 000006.833, 148
Trd, 000007.250, 152
Trd, 000007.333, 154
Trd, 000008.467, 155
Trd, 000010.283, 155
Trd, 000010.317, 155
Trd, 000010.600, 156
Trd, 000010.733, 157
Trd, 000010.900, 155
Trd, 000012.683, 156
Trd, 000013.100, 155
Trd, 000013.383, 145
Trd, 000014.133, 152
Trd, 000014.217, 152
Trd, 000015.450, 150
Trd, 000015.933, 151
Trd, 000016.300, 152
Trd, 000016.433, 151
Trd, 000016.517, 150
Trd, 000017.450, 150
Trd, 000018.250, 151
Trd, 000018.417, 151
Trd, 000018.617, 150
Trd, 000019.633, 151
Trd, 000019.667, 153
Trd, 000019.833, 151
Trd, 000020.617, 159
Trd, 000021.100, 150
Trd, 000021.717, 152
Trd, 000022.033, 151
Trd, 000022.350, 150
Trd, 000022.967, 151
Trd, 000023.867, 152
Trd, 000024.950, 153
Trd, 000025.050, 157
Trd, 000025.417, 151
Trd, 000025.917, 150
Trd, 000026.817, 153
Trd, 000027.583, 153
Trd, 000027.700, 151
Trd, 000029.283, 151
Trd, 000029.700, 150
Trd, 000030.433, 152
Trd, 000030.867, 151
Trd, 000031.650, 152
Trd, 000032.100, 153
Trd, 000032.117, 153
Trd, 000032.283, 151
Trd, 000032.733, 154
Trd, 000032.767, 151
Trd, 000034.517, 151
Trd, 000034.850, 151
Trd, 000035.133, 150
Trd, 000035.550, 150
Trd, 000036.350, 155
Trd, 000036.867, 161
Trd, 000037.650, 157
Trd, 000038.400, 157
Trd, 000039.367, 154
Trd, 000039.467, 158
Trd, 000039.617, 154
Trd, 000040.233, 158
Trd, 000040.483, 158
Trd, 000040.933, 157
Trd, 000041.433, 157
Trd, 000041.450, 156
Trd, 000041.933, 153
Trd, 000042.433, 157
Trd, 000043.367, 156
Trd, 000044.833, 155
Trd, 000045.050, 154
Trd, 000045.117, 156
Trd, 000045.933, 155
Trd, 000046.233, 154
Trd, 000046.800, 155
Trd, 000048.200, 158
Trd, 000048.317, 158
Trd, 000049.183, 160
Trd, 000050.067, 163
Trd, 000050.300, 163
Trd, 000052.017, 159
Trd, 000052.083, 158
Trd, 000052.117, 157
Trd, 000052.317, 162
Trd, 000053.417, 160
Trd, 000054.533, 161
Trd, 000054.767, 160
Trd, 000056.100, 160
Trd, 000056.250, 160
Trd, 000056.383, 159
Trd, 000056.633, 158
Trd, 000057.383, 158
Trd, 000058.250, 160
Trd, 000058.300, 159
Trd, 000058.433, 158
Trd, 000059.617, 161
Trd, 000060.067, 161
Trd, 000060.750, 160
Trd, 000060.833, 161
Trd, 000061.817, 163
Trd, 000061.933, 164
Trd, 000062.083, 150
Trd, 000062.300, 138
Trd, 000062.417, 150
Trd, 000062.633, 162
Trd, 000064.067, 154
Trd, 000065.133, 155
Trd, 000065.350, 155
Trd, 000066.750, 155
Trd, 000067.083, 157
Trd, 000067.350, 158
Trd, 000067.833, 158
Trd, 000067.867, 156
Trd, 000068.283, 162
Trd, 000068.433, 168
Trd, 000069.800, 159
Trd, 000070.300, 156
Trd, 000070.900, 156
Trd, 000071.200, 155
Trd, 000071.433, 155
Trd, 000071.550, 148
Trd, 000071.800, 151
Trd, 000071.983, 147
Trd, 000072.183, 159
Trd, 000072.867, 152
Trd, 000073.717, 154
Trd, 000073.817, 154
Trd, 000074.583, 161
Trd, 000075.733, 159
Trd, 000076.683, 157
Trd, 000077.067, 159
Trd, 000077.433, 155
Trd, 000077.767, 166
Trd, 000078.983, 163
Trd, 000079.767, 156
Trd, 000080.183, 155
Trd, 000081.083, 155
Trd, 000081.617, 158
Trd, 000081.983, 159
Trd, 000082.100, 159
Trd, 000082.183, 166
Trd, 000082.883, 163
Trd, 000083.967, 162
Trd, 000084.417, 161
Trd, 000084.917, 163
Trd, 000085.333, 162
Trd, 000085.617, 161
Trd, 000087.367, 161
Trd, 000087.600, 159
Trd, 000087.833, 160
Trd, 000088.717, 159
Trd, 000090.233, 160
Trd, 000090.250, 159
Trd, 000090.550, 161
Trd, 000090.583, 157
Trd, 000091.617, 157
Trd, 000092.267, 153
Trd, 000093.350, 159
Trd, 000094.383, 161
Trd, 000095.150, 161
Trd, 000095.483, 160
Trd, 000095.567, 162
Trd, 000095.900, 162
Trd, 000096.583, 161
Trd, 000097.450, 160
Trd, 000097.650, 160
Trd, 000098.317, 161
Trd, 000098.417, 160
Trd, 000098.950, 159
Trd, 000099.150, 161
Trd, 000099.183, 159
Trd, 000099.750, 160
Trd, 000100.867, 159
Trd, 000101.733, 159
Trd, 000102.317, 161
Trd, 000103.000, 159
Trd, 000103.983, 162
Trd, 000104.100, 158
Trd, 000105.450, 162
Trd, 000105.950, 161
Trd, 000106.850, 161
Trd, 000107.800, 159
Trd, 000108.350, 159
Trd, 000108.650, 159
Trd, 000109.533, 160
Trd, 000110.017, 162
Trd, 000110.083, 160
Trd, 000111.283, 160
Trd, 000111.300, 161
Trd, 000111.967, 162
Trd, 000112.567, 159
Trd, 000113.250, 165
Trd, 000114.517, 164
Trd, 000114.633, 165
Trd, 000114.767, 165
Trd, 000116.467, 161
Trd, 000116.717, 160
Trd, 000116.967, 161
Trd, 000117.283, 164
Trd, 000117.600, 166
Trd, 000118.900, 162
Trd, 000119.967, 162
Trd, 000120.733, 163
Trd, 000120.800, 162
Trd, 000120.983, 165
Trd, 000121.017, 167
Trd, 000122.283, 163
Trd, 000122.967, 162
Trd, 000123.867, 161
Trd, 000125.200, 165
Trd, 000125.583, 164
Trd, 000125.883, 163
Trd, 000126.033, 162
Trd, 000126.550, 162
Trd, 000126.700, 161
Trd, 000126.733, 160
Trd, 000127.283, 162
Trd, 000128.350, 164
Trd, 000128.983, 162
Trd, 000129.583, 163
Trd, 000130.100, 164
Trd, 000130.250, 163
Trd, 000130.650, 165
Trd, 000130.767, 164
Trd, 000130.900, 160
Trd, 000132.733, 160
Trd, 000133.017, 161
Trd, 000134.583, 160
Trd, 000134.833, 160
Trd, 000134.933, 161
Trd, 000135.050, 163
Trd, 000138.200, 164
Trd, 000138.250, 163
Trd, 000139.017, 163
Trd, 000139.150, 162
Trd, 000139.567, 163
Trd, 000140.133, 163
Trd, 000140.667, 162
Trd, 000141.050, 163
Trd, 000141.333, 166
Trd, 000141.383, 161
Trd, 000143.217, 162
Trd, 000143.967, 161
Trd, 000144.050, 165
Trd, 000144.483, 169
Trd, 000145.300, 172
Trd, 000145.367, 171
Trd, 000145.633, 169
Trd, 000146.217, 167
Trd, 000147.467, 169
Trd, 000147.800, 169
Trd, 000148.400, 168
Trd, 000148.550, 169
Trd, 000148.850, 168
Trd, 000148.983, 167
Trd, 000149.433, 168
Trd, 000150.133, 169
Trd, 000150.200, 166
Trd, 000150.967, 164
Trd, 000151.200, 163
Trd, 000151.733, 159
Trd, 000151.950, 146
Trd, 000153.250, 166
Trd, 000153.367, 160
Trd, 000153.467, 159
Trd, 000153.700, 161
Trd, 000154.683, 160
Trd, 000154.700, 159
Trd, 000155.817, 165
Trd, 000156.083, 162
Trd, 000156.583, 163
Trd, 000157.883, 162
Trd, 000157.900, 159
Trd, 000158.150, 163
Trd, 000158.467, 167
Trd, 000159.100, 158
Trd, 000160.483, 166
Trd, 000160.700, 168
Trd, 000161.533, 169
Trd, 000162.400, 170
Trd, 000163.400, 169
Trd, 000163.533, 171
Trd, 000163.767, 168
Trd, 000163.833, 174
Trd, 000164.533, 173
Trd, 000164.717, 172
Trd, 000164.967, 172
Trd, 000165.333, 171
Trd, 000165.717, 171
Trd, 000166.083, 170
Trd, 000167.317, 165
Trd, 000169.033, 161
Trd, 000169.933, 166
Trd, 000170.550, 162
Trd, 000170.917, 166
Trd, 000171.917, 167
Trd, 000172.417, 166
Trd, 000172.550, 168
Trd, 000173.033, 173
Trd, 000174.083, 175
Trd, 000174.100, 172
Trd, 000175.033, 173
Trd, 000176.117, 177
Trd, 000176.250, 176
Trd, 000176.283, 174
Trd, 000177.200, 170
Trd, 000177.617, 175
Trd, 000177.967, 175
Trd, 000178.367, 174
Trd, 000178.550, 173
Trd, 000179.300, 175
Trd, 000179.417, 171
Trd, 000180.183, 172
Trd, 000181.117, 171
Trd, 000181.700, 166
Trd, 000183.133, 172
Trd, 000183.617, 171
Trd, 000185.117, 172
Trd, 000185.183, 171
Trd, 000186.067, 172
Trd, 000187.783, 173
Trd, 000188.867, 173
Trd, 000189.250, 174
Trd, 000189.933, 171
Trd, 000189.950, 170
Trd, 000190.433, 169
Trd, 000191.300, 173
Trd, 000191.517, 173
Trd, 000192.067, 172
Trd, 000192.233, 174
Trd, 000192.750, 171
Trd, 000193.917, 172
Trd, 000194.133, 173
Trd, 000195.983, 173
Trd, 000196.333, 172
Trd, 000196.467, 171
Trd, 000197.533, 173
Trd, 000197.917, 174
Trd, 000197.950, 175
Trd, 000198.050, 177
Trd, 000199.767, 188
Trd, 000200.267, 181
Trd, 000200.300, 181
Trd, 000200.383, 176
Trd, 000201.433, 181
Trd, 000201.617, 175
Trd, 000201.967, 182
Trd, 000202.833, 178
Trd, 000202.983, 177
Trd, 000203.233, 174
Trd, 000203.717, 174
Trd, 000205.317, 172
Trd, 000206.300, 172
Trd, 000206.433, 171
Trd, 000206.667, 168
Trd, 000207.083, 169
Trd, 000207.200, 167
Trd, 000208.550, 174
Trd, 000208.717, 172
Trd, 000209.583, 174
Trd, 000209.633, 174
Trd, 000211.017, 172
Trd, 000211.083, 171
Trd, 000211.283, 176
Trd, 000211.800, 174
Trd, 000212.100, 169
Trd, 000212.300, 169
Trd, 000212.417, 165
Trd, 000213.367, 167
Trd, 000213.833, 179
Trd, 000215.733, 174
Trd, 000215.967, 173
Trd, 000216.050, 174
Trd, 000217.500, 180
Trd, 000217.650, 177
Trd, 000218.017, 183
Trd, 000218.533, 181
Trd, 000218.650, 179
Trd, 000219.117, 177
Trd, 000219.600, 179
Trd, 000221.000, 178
Trd, 000221.033, 180
Trd, 000221.067, 180
Trd, 000221.483, 179
Trd, 000221.767, 177
Trd, 000221.867, 176
Trd, 000222.950, 175
Trd, 000223.933, 166
Trd, 000224.017, 170
Trd, 000224.383, 171
Trd, 000224.683, 171
Trd, 000225.950, 170
Trd, 000225.983, 169
Trd, 000226.183, 170
Trd, 000227.767, 171
Trd, 000228.350, 173
Trd, 000228.783, 173
Trd, 000228.967, 177
Trd, 000229.867, 174
Trd, 000230.017, 173
Trd, 000230.817, 180
Trd, 000231.767, 175
Trd, 000232.083, 174
Trd, 000232.400, 174
Trd, 000233.567, 176
Trd, 000233.733, 176
Trd, 000234.467, 175
Trd, 000235.133, 172
Trd, 000235.183, 171
Trd, 000235.533, 171
Trd, 000236.567, 168
Trd, 000237.333, 170
Trd, 000237.383, 173
Trd, 000237.850, 175
Trd, 000238.350, 176
Trd, 000238.483, 172
Trd, 000240.217, 172
Trd, 000241.033, 171
Trd, 000241.217, 173
Trd, 000241.267, 174
Trd, 000241.300, 175
Trd, 000241.517, 174
Trd, 000242.500, 170
Trd, 000243.283, 176
Trd, 000243.983, 173
Trd, 000244.333, 174
Trd, 000245.300, 175
Trd, 000245.800, 175
Trd, 000246.133, 175
Trd, 000246.850, 178
Trd, 000246.900, 179
Trd, 000246.917, 174
Trd, 000247.167, 174
Trd, 000247.700, 176
Trd, 000248.067, 179
Trd, 000249.567, 176
Trd, 000249.783, 176
Trd, 000249.933, 177
Trd, 000250.150, 176
Trd, 000250.183, 178
Trd, 000250.217, 174
Trd, 000250.817, 175
Trd, 000251.033, 170
Trd, 000252.433, 179
Trd, 000253.150, 179
Trd, 000253.450, 176
Trd, 000254.183, 177
Trd, 000255.517, 179
Trd, 000255.550, 179
Trd, 000255.617, 178
Trd, 000256.183, 180
Trd, 000256.517, 184
Trd, 000256.833, 177
Trd, 000257.783, 178
Trd, 000258.783, 178
Trd, 000259.533, 178
Trd, 000259.883, 176
Trd, 000260.200, 178
Trd, 000260.267, 177
Trd, 000260.700, 181
Trd, 000261.000, 181
Trd, 000261.550, 179
Trd, 000261.900, 178
Trd, 000261.967, 176
Trd, 000262.267, 176
Trd, 000262.383, 183
Trd, 000263.317, 180
Trd, 000263.567, 179
Trd, 000263.767, 177
Trd, 000264.583, 177
Trd, 000265.000, 178
Trd, 000265.600, 178
Trd, 000265.617, 177
Trd, 000265.783, 176
Trd, 000266.500, 177
Trd, 000266.617, 175
Trd, 000267.000, 174
Trd, 000268.700, 179
Trd, 000268.900, 178
Trd, 000269.450, 179
Trd, 000270.533, 178
Trd, 000271.233, 178
Trd, 000271.450, 179
Trd, 000272.000, 179
Trd, 000272.483, 184
Trd, 000272.550, 178
Trd, 000272.950, 175
Trd, 000273.433, 182
Trd, 000274.167, 182
Trd, 000274.717, 177
Trd, 000275.583, 179
Trd, 000275.650, 180
Trd, 000276.167, 180
Trd, 000276.333, 176
Trd, 000276.400, 176
Trd, 000277.233, 183
Trd, 000278.250, 186
Trd, 000278.333, 189
Trd, 000279.433, 186
Trd, 000279.533, 185
Trd, 000279.667, 184
Trd, 000279.733, 188
Trd, 000281.283, 186
Trd, 000281.500, 186
Trd, 000281.667, 185
Trd, 000281.917, 183
Trd, 000282.600, 183
Trd, 000283.050, 184
Trd, 000283.467, 184
Trd, 000283.683, 183
Trd, 000284.133, 181
Trd, 000284.583, 180
Trd, 000284.667, 179
Trd, 000285.600, 179
Trd, 000285.767, 181
Trd, 000286.217, 183
Trd, 000286.450, 183
Trd, 000286.550, 186
Trd, 000286.950, 185
Trd, 000288.317, 183
Trd, 000288.483, 181
Trd, 000288.600, 185
Trd, 000288.883, 177
Trd, 000290.083, 182
Trd, 000290.350, 184
Trd, 000290.533, 181
Trd, 000290.583, 185
Trd, 000292.117, 185
Trd, 000292.367, 187
Trd, 000293.900, 184
Trd, 000293.983, 184
Trd, 000294.400, 183
Trd, 000294.783, 183
Trd, 000294.867, 184
Trd, 000295.300, 180
Trd, 000295.750, 185
Trd, 000295.867, 181
Trd, 000296.633, 181
Trd, 000297.050, 180
Trd, 000297.117, 187
Trd, 000297.867, 187
Trd, 000298.117, 179
Trd, 000299.433, 185
