Trd, 000002.000, 118
Trd, 000002.333, 119
Trd, 000003.700, 124
Trd, 000003.733, 127
Trd, 000003.933, 148
Trd, 000004.167, 147
Trd, 000004.300, 151
Trd, 000004.667, 162
Trd, 000004.967, 137
Trd, 000005.050, 137
Trd, 000005.567, 151
Trd, 000005.783, 150
Trd, 000006.117, 149
Trd, 000006.417, 160
Trd, 000007.717, 152
Trd, 000007.983, 163
Trd, 000008.200, 153
Trd, 000008.333, 152
Trd, 000009.717, 154
Trd, 000009.967, 152
Trd, 000010.117, 156
Trd, 000010.200, 135
Trd, 000012.667, 148
Trd, 000013.783, 149
Trd, 000014.167, 150
Trd, 000014.317, 152
Trd, 000014.417, 152
Trd, 000014.650, 150
Trd, 000014.883, 152
Trd, 000015.317, 150
Trd, 000015.850, 159
Trd, 000016.317, 157
Trd, 000016.583, 153
Trd, 000016.717, 136
Trd, 000016.967, 146
Trd, 000017.067, 130
Trd, 000018.750, 141
Trd, 000018.767, 146
Trd, 000018.917, 148
Trd, 000019.300, 155
Trd, 000020.200, 146
Trd, 000020.217, 152
Trd, 000020.367, 153
Trd, 000020.617, 146
Trd, 000021.550, 160
Trd, 000021.667, 146
Trd, 000022.683, 145
Trd, 000024.433, 140
Trd, 000024.600, 138
Trd, 000025.783, 136
Trd, 000025.800, 140
Trd, 000026.367, 139
Trd, 000026.467, 139
Trd, 000028.733, 141
Trd, 000029.183, 140
Trd, 000029.650, 139
Trd, 000029.883, 142
Trd, 000029.933, 141
Trd, 000030.867, 147
Trd, 000031.450, 146
Trd, 000032.417, 148
Trd, 000032.717, 146
Trd, 000032.900, 148
Trd, 000033.750, 146
Trd, 000033.933, 138
Trd, 000034.250, 161
Trd, 000034.267, 135
Trd, 000034.917, 164
Trd, 000034.967, 165
Trd, 000035.700, 132
Trd, 000035.983, 146
Trd, 000036.333, 147
Trd, 000039.167, 139
Trd, 000039.200, 141
Trd, 000039.267, 140
Trd, 000039.500, 139
Trd, 000039.700, 140
Trd, 000040.200, 139
Trd, 000040.567, 141
Trd, 000041.950, 138
Trd, 000042.400, 146
Trd, 000044.300, 141
Trd, 000044.683, 140
Trd, 000044.850, 139
Trd, 000044.983, 141
Trd, 000045.417, 139
Trd, 000045.683, 148
Trd, 000045.917, 155
Trd, 000046.583, 131
Trd, 000046.617, 149
Trd, 000047.417, 142
Trd, 000047.600, 164
Trd, 000047.933, 166
Trd, 000048.683, 167
Trd, 000049.150, 155
Trd, 000049.667, 164
Trd, 000049.833, 156
Trd, 000050.233, 149
Trd, 000051.400, 157
Trd, 000051.500, 160
Trd, 000051.600, 157
Trd, 000052.750, 156
Trd, 000053.117, 161
Trd, 000053.733, 158
Trd, 000053.850, 160
Trd, 000054.350, 156
Trd, 000054.367, 156
Trd, 000055.417, 161
Trd, 000056.400, 133
Trd, 000056.417, 164
Trd, 000056.967, 157
Trd, 000057.033, 155
Trd, 000057.483, 136
Trd, 000057.517, 134
Trd, 000057.550, 156
Trd, 000058.233, 142
Trd, 000059.067, 143
Trd, 000059.467, 146
Trd, 000060.583, 145
Trd, 000062.650, 147
Trd, 000062.683, 146
Trd, 000062.783, 145
Trd, 000062.817, 146
Trd, 000063.850, 146
Trd, 000064.133, 146
Trd, 000064.733, 150
Trd, 000064.917, 145
Trd, 000065.300, 148
Trd, 000066.133, 148
Trd, 000066.433, 147
Trd, 000066.483, 157
Trd, 000067.233, 158
Trd, 000067.867, 152
Trd, 000069.233, 161
Trd, 000069.517, 159
Trd, 000070.700, 159
Trd, 000070.733, 160
Trd, 000071.600, 156
Trd, 000072.467, 158
Trd, 000072.900, 163
Trd, 000073.267, 159
Trd, 000073.467, 160
Trd, 000073.833, 164
Trd, 000073.917, 163
Trd, 000074.667, 163
Trd, 000074.850, 164
Trd, 000074.883, 161
Trd, 000075.400, 160
Trd, 000075.567, 156
Trd, 000075.667, 141
Trd, 000075.800, 149
Trd, 000077.000, 151
Trd, 000077.733, 151
Trd, 000079.333, 148
Trd, 000079.433, 150
Trd, 000079.450, 161
Trd, 000079.717, 159
Trd, 000079.833, 166
Trd, 000079.967, 158
Trd, 000080.050, 140
Trd, 000080.267, 135
Trd, 000081.567, 159
Trd, 000082.183, 162
Trd, 000082.483, 164
Trd, 000082.533, 165
Trd, 000083.450, 161
Trd, 000083.583, 160
Trd, 000084.850, 161
Trd, 000084.867, 159
Trd, 000085.367, 165
Trd, 000086.350, 159
Trd, 000086.850, 151
Trd, 000087.500, 154
Trd, 000087.833, 158
Trd, 000088.467, 146
Trd, 000088.717, 160
Trd, 000089.233, 154
Trd, 000090.733, 160
Trd, 000090.917, 167
Trd, 000091.600, 158
Trd, 000091.717, 178
Trd, 000092.150, 177
Trd, 000092.183, 149
Trd, 000092.433, 143
Trd, 000092.750, 168
Trd, 000093.583, 166
Trd, 000093.983, 167
Trd, 000094.267, 163
Trd, 000094.500, 160
Trd, 000095.133, 158
Trd, 000095.617, 160
Trd, 000095.900, 143
Trd, 000097.367, 156
Trd, 000097.967, 153
Trd, 000098.683, 151
Trd, 000099.550, 147
Trd, 000100.333, 154
Trd, 000100.567, 161
Trd, 000100.950, 169
Trd, 000101.267, 172
Trd, 000101.683, 147
Trd, 000101.917, 161
Trd, 000102.767, 174
Trd, 000103.017, 175
Trd, 000103.033, 150
Trd, 000104.217, 168
Trd, 000104.983, 169
Trd, 000105.450, 168
Trd, 000106.467, 169
Trd, 000106.617, 167
Trd, 000106.700, 166
Trd, 000107.250, 162
Trd, 000107.783, 161
Trd, 000108.350, 159
Trd, 000108.767, 166
Trd, 000109.250, 144
Trd, 000109.750, 167
Trd, 000109.767, 168
Trd, 000110.483, 164
Trd, 000111.183, 166
Trd, 000111.200, 162
Trd, 000112.867, 162
Trd, 000113.000, 162
Trd, 000113.183, 162
Trd, 000113.250, 163
Trd, 000114.033, 160
Trd, 000114.117, 159
Trd, 000114.817, 158
Trd, 000115.083, 163
Trd, 000115.283, 145
Trd, 000116.433, 165
Trd, 000116.650, 163
Trd, 000117.067, 150
Trd, 000117.550, 145
Trd, 000118.133, 151
Trd, 000119.450, 166
Trd, 000119.467, 165
Trd, 000119.483, 165
Trd, 000120.417, 164
Trd, 000120.450, 163
Trd, 000120.567, 147
Trd, 000121.017, 156
Trd, 000121.100, 164
Trd, 000121.267, 146
Trd, 000121.467, 170
Trd, 000122.167, 174
Trd, 000122.283, 163
Trd, 000124.167, 175
Trd, 000125.117, 169
Trd, 000125.233, 168
Trd, 000125.900, 168
Trd, 000126.100, 171
Trd, 000126.150, 168
Trd, 000126.933, 169
Trd, 000128.667, 164
Trd, 000128.850, 167
Trd, 000129.483, 153
Trd, 000129.833, 164
Trd, 000129.983, 147
Trd, 000130.550, 165
Trd, 000130.800, 166
Trd, 000131.433, 158
Trd, 000131.717, 167
Trd, 000132.100, 157
Trd, 000132.283, 153
Trd, 000132.533, 171
Trd, 000132.967, 150
Trd, 000133.167, 175
Trd, 000133.350, 140
Trd, 000133.933, 166
Trd, 000134.367, 174
Trd, 000134.817, 161
Trd, 000135.000, 160
Trd, 000135.683, 165
Trd, 000136.300, 169
Trd, 000136.783, 168
Trd, 000137.150, 164
Trd, 000137.450, 149
Trd, 000137.617, 151
Trd, 000137.750, 148
Trd, 000138.383, 165
Trd, 000138.817, 176
Trd, 000140.583, 160
Trd, 000141.067, 158
Trd, 000141.083, 156
Trd, 000141.183, 159
Trd, 000142.133, 162
Trd, 000142.350, 164
Trd, 000142.650, 161
Trd, 000142.883, 149
Trd, 000144.133, 146
Trd, 000144.250, 148
Trd, 000144.567, 149
Trd, 000145.750, 150
Trd, 000146.000, 151
Trd, 000146.533, 149
Trd, 000147.883, 159
Trd, 000148.450, 166
Trd, 000148.867, 154
Trd, 000150.500, 160
Trd, 000150.850, 159
Trd, 000150.867, 163
Trd, 000151.167, 163
Trd, 000151.800, 160
Trd, 000152.600, 160
Trd, 000154.467, 163
Trd, 000154.483, 164
Trd, 000154.750, 163
Trd, 000155.000, 166
Trd, 000155.817, 162
Trd, 000155.933, 167
Trd, 000156.150, 170
Trd, 000157.017, 159
Trd, 000157.600, 170
Trd, 000158.200, 154
Trd, 000158.450, 165
Trd, 000159.067, 167
Trd, 000159.467, 158
Trd, 000159.867, 167
Trd, 000160.233, 167
Trd, 000161.133, 167
Trd, 000161.500, 172
Trd, 000161.550, 167
Trd, 000162.300, 170
Trd, 000162.517, 171
Trd, 000162.733, 168
Trd, 000163.067, 169
Trd, 000164.883, 153
Trd, 000165.433, 154
Trd, 000165.933, 158
Trd, 000167.150, 157
Trd, 000167.367, 160
Trd, 000169.317, 159
Trd, 000170.000, 158
Trd, 000170.217, 160
Trd, 000170.250, 157
Trd, 000170.383, 151
Trd, 000170.717, 161
Trd, 000170.850, 162
Trd, 000171.067, 153
Trd, 000172.733, 163
Trd, 000173.167, 154
Trd, 000173.217, 165
Trd, 000173.717, 154
Trd, 000174.133, 159
Trd, 000174.383, 153
Trd, 000175.567, 160
Trd, 000175.683, 161
Trd, 000175.983, 162
Trd, 000176.300, 168
Trd, 000176.467, 157
Trd, 000177.283, 169
Trd, 000177.400, 163
Trd, 000177.783, 175
Trd, 000177.800, 162
Trd, 000179.150, 173
Trd, 000179.217, 172
Trd, 000180.217, 176
Trd, 000180.483, 167
Trd, 000180.767, 153
Trd, 000181.150, 169
Trd, 000181.450, 152
Trd, 000181.850, 162
Trd, 000182.383, 169
Trd, 000182.883, 160
Trd, 000183.000, 160
Trd, 000184.183, 158
Trd, 000184.300, 145
Trd, 000184.883, 154
Trd, 000184.900, 155
Trd, 000185.717, 154
Trd, 000186.317, 151
Trd, 000186.617, 162
Trd, 000186.667, 163
Trd, 000187.283, 164
Trd, 000187.717, 151
Trd, 000189.100, 156
Trd, 000189.533, 156
Trd, 000189.633, 158
Trd, 000191.067, 160
Trd, 000191.150, 169
Trd, 000191.517, 163
Trd, 000191.817, 170
Trd, 000192.967, 164
Trd, 000193.133, 163
Trd, 000194.200, 169
Trd, 000194.317, 163
Trd, 000194.467, 162
Trd, 000195.183, 153
Trd, 000196.250, 156
Trd, 000196.317, 154
Trd, 000196.567, 167
Trd, 000196.700, 170
Trd, 000196.767, 170
Trd, 000197.583, 177
Trd, 000197.650, 162
Trd, 000198.667, 163
Trd, 000198.883, 164
Trd, 000199.783, 162
Trd, 000200.467, 166
Trd, 000201.283, 162
Trd, 000201.833, 166
Trd, 000202.250, 164
Trd, 000202.533, 166
Trd, 000202.750, 165
Trd, 000203.033, 166
Trd, 000203.267, 171
Trd, 000203.483, 161
Trd, 000205.167, 178
Trd, 000205.450, 172
Trd, 000205.550, 166
Trd, 000207.567, 168
Trd, 000207.967, 167
Trd, 000208.500, 167
Trd, 000209.217, 166
Trd, 000209.400, 165
Trd, 000209.567, 166
Trd, 000209.667, 154
Trd, 000210.517, 171
Trd, 000210.633, 148
Trd, 000210.900, 171
Trd, 000210.933, 172
Trd, 000212.150, 183
Trd, 000212.267, 166
Trd, 000212.350, 165
Trd, 000213.067, 168
Trd, 000214.533, 169
Trd, 000215.133, 172
Trd, 000215.267, 177
Trd, 000216.100, 174
Trd, 000216.400, 174
Trd, 000216.467, 173
Trd, 000217.067, 175
Trd, 000217.283, 173
Trd, 000217.767, 178
Trd, 000218.083, 171
Trd, 000218.933, 158
Trd, 000219.967, 159
Trd, 000220.133, 166
Trd, 000220.283, 173
Trd, 000221.367, 164
Trd, 000221.700, 166
Trd, 000223.017, 179
Trd, 000223.683, 174
Trd, 000224.033, 174
Trd, 000224.717, 159
Trd, 000225.483, 167
Trd, 000226.017, 167
Trd, 000226.233, 168
Trd, 000226.267, 174
Trd, 000226.317, 162
Trd, 000227.067, 164
Trd, 000227.133, 162
Trd, 000227.367, 161
Trd, 000228.267, 167
Trd, 000228.317, 168
Trd, 000230.217, 163
Trd, 000230.767, 172
Trd, 000230.833, 173
Trd, 000231.000, 173
Trd, 000231.250, 174
Trd, 000232.383, 174
Trd, 000232.467, 172
Trd, 000233.350, 170
Trd, 000233.833, 174
Trd, 000234.367, 174
Trd, 000234.967, 174
Trd, 000235.417, 166
Trd, 000235.767, 167
Trd, 000236.167, 165
Trd, 000236.283, 163
Trd, 000237.583, 166
Trd, 000238.517, 175
Trd, 000238.750, 163
Trd, 000239.733, 164
Trd, 000240.367, 167
Trd, 000240.983, 166
Trd, 000241.517, 163
Trd, 000241.633, 167
Trd, 000241.783, 167
Trd, 000242.167, 168
Trd, 000242.267, 164
Trd, 000242.567, 169
Trd, 000242.667, 165
Trd, 000242.750, 165
Trd, 000243.217, 169
Trd, 000243.500, 170
Trd, 000244.450, 174
Trd, 000244.467, 175
Trd, 000245.100, 178
Trd, 000245.917, 178
Trd, 000246.250, 182
Trd, 000246.550, 178
Trd, 000247.367, 183
Trd, 000247.383, 183
Trd, 000247.567, 184
Trd, 000247.833, 186
Trd, 000248.067, 177
Trd, 000248.683, 177
Trd, 000249.667, 156
Trd, 000250.067, 167
Trd, 000250.467, 165
Trd, 000250.600, 159
Trd, 000251.167, 164
Trd, 000251.350, 165
Trd, 000251.700, 176
Trd, 000252.150, 171
Trd, 000252.517, 171
Trd, 000252.817, 183
Trd, 000253.150, 183
Trd, 000253.600, 186
Trd, 000254.050, 186
Trd, 000255.467, 187
Trd, 000255.750, 187
Trd, 000256.050, 185
Trd, 000256.217, 183
Trd, 000256.283, 176
Trd, 000256.350, 173
Trd, 000256.383, 188
Trd, 000256.667, 185
Trd, 000256.733, 166
Trd, 000257.567, 170
Trd, 000258.050, 162
Trd, 000258.150, 177
Trd, 000258.183, 159
Trd, 000260.050, 176
Trd, 000260.217, 177
Trd, 000260.500, 187
Trd, 000260.783, 182
Trd, 000261.117, 188
Trd, 000261.817, 181
Trd, 000261.900, 176
Trd, 000262.100, 178
Trd, 000263.067, 169
Trd, 000263.200, 186
Trd, 000263.633, 172
Trd, 000264.100, 177
Trd, 000264.650, 179
Trd, 000264.983, 178
Trd, 000265.167, 177
Trd, 000265.883, 176
Trd, 000266.183, 188
Trd, 000267.283, 186
Trd, 000267.367, 174
Trd, 000267.700, 177
Trd, 000267.733, 190
Trd, 000267.850, 167
Trd, 000269.233, 170
Trd, 000269.333, 171
Trd, 000269.517, 182
Trd, 000269.817, 178
Trd, 000269.900, 167
Trd, 000270.500, 170
Trd, 000270.517, 166
Trd, 000270.567, 177
Trd, 000271.550, 169
Trd, 000272.033, 180
Trd, 000272.200, 169
Trd, 000272.417, 177
Trd, 000273.317, 169
Trd, 000273.383, 171
Trd, 000274.617, 171
Trd, 000274.967, 169
Trd, 000275.200, 171
Trd, 000275.550, 171
Trd, 000275.733, 173
Trd, 000276.033, 168
Trd, 000276.600, 178
Trd, 000276.783, 167
Trd, 000277.117, 167
Trd, 000277.800, 175
Trd, 000277.900, 176
Trd, 000278.300, 168
Trd, 000278.533, 176
Trd, 000279.350, 172
Trd, 000279.733, 178
Trd, 000280.233, 179
Trd, 000280.317, 176
Trd, 000281.183, 180
Trd, 000282.850, 179
Trd, 000282.917, 186
Trd, 000283.533, 190
Trd, 000284.017, 179
Trd, 000284.400, 182
Trd, 000284.467, 182
Trd, 000285.117, 179
Trd, 000285.483, 186
Trd, 000285.933, 179
Trd, 000286.650, 185
Trd, 000286.867, 185
Trd, 000287.133, 184
Trd, 000287.667, 179
Trd, 000287.700, 177
Trd, 000288.183, 169
Trd, 000288.317, 185
Trd, 000289.200, 176
Trd, 000289.683, 180
Trd, 000289.917, 191
Trd, 000290.300, 194
Trd, 000290.500, 163
Trd, 000291.267, 185
Trd, 000292.283, 187
Trd, 000292.300, 186
Trd, 000292.500, 185
Trd, 000292.717, 177
Trd, 000294.533, 180
Trd, 000294.867, 181
Trd, 000295.000, 177
Trd, 000295.350, 175
Trd, 000295.367, 173
Trd, 000295.417, 179
Trd, 000295.717, 183
Trd, 000295.800, 183
Trd, 000296.467, 191
Trd, 000296.983, 181
Trd, 000297.100, 182
Trd, 000297.417, 181
Trd, 000297.533, 181
Trd, 000297.650, 172
Trd, 000297.817, 174
Trd, 000298.667, 177
Trd, 000299.533, 172
Trd, 000299.683, 191
