Trd, 000002.000, 137
Trd, 000003.300, 121
Trd, 000003.383, 134
Trd, 000004.183, 124
Trd, 000004.317, 134
Trd, 000004.533, 141
Trd, 000004.600, 144
Trd, 000005.450, 129
Trd, 000005.783, 149
Trd, 000006.133, 149
Trd, 000006.267, 149
Trd, 000006.333, 155
Trd, 000006.650, 139
Trd, 000006.733, 158
Trd, 000006.800, 131
Trd, 000007.133, 138
Trd, 000009.317, 138
Trd, 000009.467, 144
Trd, 000009.567, 145
Trd, 000009.783, 146
Trd, 000010.100, 156
Trd, 000010.633, 159
Trd, 000011.250, 148
Trd, 000011.383, 149
Trd, 000011.950, 158
Trd, 000012.150, 142
Trd, 000013.100, 152
Trd, 000014.233, 156
Trd, 000015.100, 155
Trd, 000015.150, 156
Trd, 000015.167, 145
Trd, 000015.733, 138
Trd, 000016.550, 153
Trd, 000017.317, 137
Trd, 000018.033, 152
Trd, 000018.417, 151
Trd, 000019.383, 148
Trd, 000019.433, 139
Trd, 000020.083, 139
Trd, 000020.183, 147
Trd, 000021.450, 147
Trd, 000021.683, 143
Trd, 000021.750, 153
Trd, 000022.033, 157
Trd, 000023.300, 155
Trd, 000023.333, 144
Trd, 000023.983, 159
Trd, 000025.267, 153
Trd, 000025.350, 144
Trd, 000025.567, 152
Trd, 000026.267, 154
Trd, 000026.700, 154
Trd, 000026.717, 153
Trd, 000026.967, 140
Trd, 000027.317, 152
Trd, 000027.917, 155
Trd, 000027.950, 157
Trd, 000029.250, 140
Trd, 000029.767, 155
Trd, 000030.150, 156
Trd, 000031.600, 154
Trd, 000032.217, 153
Trd, 000033.233, 152
Trd, 000033.333, 150
Trd, 000034.167, 150
Trd, 000035.067, 149
Trd, 000035.167, 150
Trd, 000035.367, 152
Trd, 000036.133, 148
Trd, 000036.350, 148
Trd, 000037.033, 149
Trd, 000037.150, 144
Trd, 000037.583, 148
Trd, 000037.650, 158
Trd, 000037.833, 146
Trd, 000038.550, 152
Trd, 000039.050, 161
Trd, 000039.433, 147
Trd, 000039.883, 146
Trd, 000040.333, 154
Trd, 000042.083, 153
Trd, 000042.417, 155
Trd, 000043.333, 153
Trd, 000044.050, 155
Trd, 000044.083, 157
Trd, 000044.700, 158
Trd, 000044.850, 152
Trd, 000046.000, 159
Trd, 000046.733, 156
Trd, 000046.817, 148
Trd, 000047.417, 157
Trd, 000047.833, 158
Trd, 000048.117, 156
Trd, 000048.917, 157
Trd, 000049.050, 149
Trd, 000050.300, 149
Trd, 000050.750, 157
Trd, 000050.817, 148
Trd, 000050.917, 146
Trd, 000050.950, 158
Trd, 000052.050, 138
Trd, 000052.783, 161
Trd, 000052.983, 163
Trd, 000053.083, 156
Trd, 000053.367, 160
Trd, 000053.817, 142
Trd, 000054.100, 153
Trd, 000055.333, 153
Trd, 000055.833, 154
Trd, 000056.033, 155
Trd, 000057.967, 156
Trd, 000058.367, 158
Trd, 000058.417, 157
Trd, 000059.217, 160
Trd, 000059.667, 157
Trd, 000061.500, 158
Trd, 000061.733, 158
Trd, 000062.333, 157
Trd, 000062.450, 157
Trd, 000062.717, 160
Trd, 000062.967, 161
Trd, 000063.433, 164
Trd, 000063.817, 167
Trd, 000065.283, 163
Trd, 000065.317, 155
Trd, 000065.850, 157
Trd, 000065.867, 163
Trd, 000068.450, 159
Trd, 000068.667, 161
Trd, 000068.733, 159
Trd, 000069.250, 161
Trd, 000069.900, 163
Trd, 000070.283, 158
Trd, 000070.650, 162
Trd, 000071.317, 165
Trd, 000072.767, 165
Trd, 000073.200, 161
Trd, 000073.333, 164
Trd, 000073.517, 165
Trd, 000074.667, 163
Trd, 000074.867, 164
Trd, 000075.100, 158
Trd, 000076.383, 158
Trd, 000076.533, 157
Trd, 000076.883, 158
Trd, 000077.367, 159
Trd, 000077.650, 154
Trd, 000077.717, 160
Trd, 000077.933, 162
Trd, 000078.317, 152
Trd, 000078.650, 166
Trd, 000078.967, 154
Trd, 000079.117, 169
Trd, 000080.050, 165
Trd, 000080.883, 156
Trd, 000081.317, 163
Trd, 000081.367, 163
Trd, 000082.133, 151
Trd, 000082.433, 147
Trd, 000082.483, 142
Trd, 000083.483, 145
Trd, 000083.833, 145
Trd, 000083.867, 146
Trd, 000084.750, 148
Trd, 000085.083, 151
Trd, 000085.267, 152
Trd, 000085.900, 155
Trd, 000086.383, 166
Trd, 000087.433, 154
Trd, 000087.633, 153
Trd, 000088.200, 146
Trd, 000088.250, 151
Trd, 000088.700, 151
Trd, 000088.917, 143
Trd, 000089.067, 142
Trd, 000089.283, 164
Trd, 000090.733, 162
Trd, 000090.933, 160
Trd, 000091.650, 157
Trd, 000092.567, 154
Trd, 000092.917, 163
Trd, 000092.967, 164
Trd, 000095.600, 165
Trd, 000095.700, 163
Trd, 000095.717, 161
Trd, 000095.817, 165
Trd, 000096.100, 165
Trd, 000096.183, 164
Trd, 000096.233, 166
Trd, 000097.050, 164
Trd, 000097.117, 166
Trd, 000098.117, 164
Trd, 000098.333, 161
Trd, 000098.450, 165
Trd, 000098.500, 181
Trd, 000099.267, 182
Trd, 000100.600, 164
Trd, 000101.367, 153
Trd, 000101.650, 151
Trd, 000101.667, 164
Trd, 000101.933, 164
Trd, 000101.967, 165
Trd, 000102.267, 166
Trd, 000102.383, 168
Trd, 000102.517, 147
Trd, 000102.683, 168
Trd, 000103.550, 168
Trd, 000104.767, 164
Trd, 000104.783, 165
Trd, 000105.250, 164
Trd, 000106.067, 162
Trd, 000107.300, 163
Trd, 000107.767, 154
Trd, 000107.833, 166
Trd, 000107.867, 169
Trd, 000108.167, 151
Trd, 000108.767, 164
Trd, 000108.950, 165
Trd, 000109.667, 162
Trd, 000109.800, 148
Trd, 000110.100, 164
Trd, 000111.183, 163
Trd, 000112.033, 163
Trd, 000112.700, 163
Trd, 000112.733, 164
Trd, 000113.233, 162
Trd, 000113.750, 173
Trd, 000114.217, 163
Trd, 000115.167, 148
Trd, 000115.600, 148
Trd, 000116.383, 141
Trd, 000117.450, 152
Trd, 000117.983, 151
Trd, 000118.317, 146
Trd, 000120.383, 151
Trd, 000120.617, 151
Trd, 000120.650, 152
Trd, 000120.883, 153
Trd, 000121.300, 152
Trd, 000121.617, 153
Trd, 000122.050, 153
Trd, 000122.617, 155
Trd, 000122.667, 156
Trd, 000122.967, 167
Trd, 000123.700, 166
Trd, 000125.350, 158
Trd, 000125.500, 157
Trd, 000125.617, 159
Trd, 000125.733, 154
Trd, 000126.117, 166
Trd, 000126.800, 167
Trd, 000126.917, 157
Trd, 000128.617, 171
Trd, 000128.950, 159
Trd, 000129.033, 150
Trd, 000130.150, 171
Trd, 000131.367, 165
Trd, 000131.600, 166
Trd, 000132.833, 164
Trd, 000133.600, 162
Trd, 000133.683, 163
Trd, 000134.033, 164
Trd, 000134.333, 175
Trd, 000134.383, 187
Trd, 000135.050, 171
Trd, 000135.417, 170
Trd, 000135.733, 168
Trd, 000136.833, 172
Trd, 000137.033, 184
Trd, 000137.500, 159
Trd, 000137.767, 185
Trd, 000138.017, 186
Trd, 000138.917, 159
Trd, 000140.317, 170
Trd, 000140.483, 168
Trd, 000140.600, 167
Trd, 000141.033, 163
Trd, 000141.550, 166
Trd, 000141.567, 157
Trd, 000141.683, 167
Trd, 000142.483, 163
Trd, 000142.683, 167
Trd, 000143.567, 163
Trd, 000144.100, 163
Trd, 000144.283, 163
Trd, 000145.017, 163
Trd, 000145.233, 164
Trd, 000146.050, 162
Trd, 000146.400, 168
Trd, 000148.067, 165
Trd, 000148.383, 164
Trd, 000148.467, 158
Trd, 000148.567, 167
Trd, 000149.617, 167
Trd, 000149.633, 169
Trd, 000149.900, 154
Trd, 000150.200, 172
Trd, 000151.033, 173
Trd, 000151.217, 175
Trd, 000152.633, 173
Trd, 000152.767, 169
Trd, 000154.133, 168
Trd, 000154.417, 172
Trd, 000155.150, 170
Trd, 000155.300, 152
Trd, 000156.283, 162
Trd, 000156.767, 169
Trd, 000156.917, 157
Trd, 000158.017, 167
Trd, 000158.183, 154
Trd, 000158.417, 166
Trd, 000158.550, 165
Trd, 000158.583, 167
Trd, 000158.617, 168
Trd, 000159.200, 154
Trd, 000161.700, 168
Trd, 000161.900, 171
Trd, 000162.800, 177
Trd, 000163.117, 173
Trd, 000163.633, 157
Trd, 000163.683, 168
Trd, 000163.967, 167
Trd, 000164.583, 187
Trd, 000164.867, 148
Trd, 000165.317, 164
Trd, 000166.500, 169
Trd, 000167.183, 171
Trd, 000168.333, 172
Trd, 000168.533, 160
Trd, 000168.550, 174
Trd, 000168.933, 158
Trd, 000168.967, 162
Trd, 000169.467, 168
Trd, 000170.417, 173
Trd, 000171.217, 163
Trd, 000171.283, 154
Trd, 000171.333, 170
Trd, 000171.517, 170
Trd, 000171.733, 175
Trd, 000173.017, 167
Trd, 000173.583, 160
Trd, 000175.383, 162
Trd, 000176.417, 168
Trd, 000177.000, 167
Trd, 000177.033, 170
Trd, 000177.617, 161
Trd, 000177.800, 158
Trd, 000178.867, 166
Trd, 000180.233, 163
Trd, 000180.333, 163
Trd, 000180.417, 165
Trd, 000180.617, 165
Trd, 000180.967, 166
Trd, 000181.600, 160
Trd, 000181.817, 165
Trd, 000181.883, 159
Trd, 000182.267, 172
Trd, 000182.717, 156
Trd, 000183.450, 151
Trd, 000183.833, 155
Trd, 000183.933, 168
Trd, 000184.583, 175
Trd, 000184.767, 176
Trd, 000185.483, 169
Trd, 000186.367, 161
Trd, 000186.567, 157
Trd, 000186.933, 171
Trd, 000187.617, 156
Trd, 000188.333, 167
Trd, 000188.583, 160
Trd, 000188.850, 156
Trd, 000189.967, 169
Trd, 000190.350, 150
Trd, 000190.383, 169
Trd, 000191.450, 165
Trd, 000191.500, 170
Trd, 000192.200, 167
Trd, 000193.400, 167
Trd, 000193.450, 168
Trd, 000193.650, 169
Trd, 000193.683, 171
Trd, 000194.017, 170
Trd, 000194.733, 169
Trd, 000195.750, 162
Trd, 000196.367, 171
Trd, 000196.483, 174
Trd, 000196.733, 163
Trd, 000197.917, 177
Trd, 000199.350, 176
Trd, 000199.867, 173
Trd, 000199.917, 168
Trd, 000200.300, 174
Trd, 000200.883, 174
Trd, 000201.233, 175
Trd, 000201.467, 172
Trd, 000201.483, 174
Trd, 000201.850, 171
Trd, 000201.917, 178
Trd, 000204.417, 172
Trd, 000204.550, 171
Trd, 000205.200, 174
Trd, 000205.333, 166
Trd, 000205.717, 164
Trd, 000206.567, 174
Trd, 000206.667, 174
Trd, 000207.300, 174
Trd, 000209.383, 172
Trd, 000209.400, 175
Trd, 000209.467, 179
Trd, 000209.950, 171
Trd, 000210.583, 173
Trd, 000210.700, 176
Trd, 000211.317, 169
Trd, 000211.383, 176
Trd, 000212.033, 178
Trd, 000212.433, 179
Trd, 000212.850, 167
Trd, 000213.533, 176
Trd, 000214.200, 173
Trd, 000214.467, 174
Trd, 000214.967, 172
Trd, 000215.067, 165
Trd, 000216.033, 174
Trd, 000216.300, 172
Trd, 000217.900, 172
Trd, 000218.367, 172
Trd, 000218.583, 172
Trd, 000220.267, 176
Trd, 000220.533, 171
Trd, 000220.600, 170
Trd, 000220.883, 176
Trd, 000221.017, 166
Trd, 000222.117, 165
Trd, 000222.183, 164
Trd, 000222.217, 163
Trd, 000222.233, 171
Trd, 000222.767, 172
Trd, 000223.083, 177
Trd, 000223.400, 180
Trd, 000223.700, 183
Trd, 000225.217, 177
Trd, 000226.983, 166
Trd, 000227.200, 165
Trd, 000227.650, 170
Trd, 000229.000, 162
Trd, 000229.033, 164
Trd, 000229.067, 163
Trd, 000229.683, 163
Trd, 000229.833, 163
Trd, 000231.083, 167
Trd, 000231.400, 178
Trd, 000231.517, 165
Trd, 000232.433, 173
Trd, 000232.717, 172
Trd, 000232.817, 164
Trd, 000232.983, 173
Trd, 000233.200, 162
Trd, 000233.900, 178
Trd, 000234.100, 180
Trd, 000236.050, 165
Trd, 000236.100, 170
Trd, 000236.983, 164
Trd, 000237.800, 168
Trd, 000237.850, 157
Trd, 000237.917, 168
Trd, 000238.467, 161
Trd, 000238.567, 166
Trd, 000239.017, 168
Trd, 000239.317, 177
Trd, 000240.083, 179
Trd, 000240.367, 178
Trd, 000241.167, 172
Trd, 000241.867, 173
Trd, 000242.000, 173
Trd, 000242.700, 180
Trd, 000243.350, 178
Trd, 000244.150, 177
Trd, 000244.400, 175
Trd, 000244.800, 175
Trd, 000244.817, 176
Trd, 000245.000, 178
Trd, 000245.400, 172
Trd, 000245.683, 177
Trd, 000246.317, 174
Trd, 000246.483, 177
Trd, 000246.533, 169
Trd, 000248.367, 174
Trd, 000248.617, 166
Trd, 000249.650, 162
Trd, 000250.467, 169
Trd, 000250.517, 170
Trd, 000250.767, 170
Trd, 000251.183, 171
Trd, 000251.417, 173
Trd, 000251.583, 174
Trd, 000251.783, 179
Trd, 000252.383, 180
Trd, 000252.633, 175
Trd, 000253.150, 179
Trd, 000253.317, 180
Trd, 000253.817, 175
Trd, 000254.800, 178
Trd, 000254.983, 162
Trd, 000255.167, 177
Trd, 000256.133, 175
Trd, 000256.150, 176
Trd, 000256.733, 178
Trd, 000256.800, 173
Trd, 000257.050, 168
Trd, 000257.400, 178
Trd, 000257.567, 177
Trd, 000258.667, 170
Trd, 000258.867, 181
Trd, 000259.583, 162
Trd, 000259.850, 175
Trd, 000259.933, 177
Trd, 000260.100, 178
Trd, 000261.450, 176
Trd, 000261.533, 177
Trd, 000261.867, 174
Trd, 000262.167, 180
Trd, 000262.650, 174
Trd, 000262.800, 177
Trd, 000263.200, 176
Trd, 000263.967, 174
Trd, 000264.083, 174
Trd, 000264.367, 179
Trd, 000265.767, 174
Trd, 000266.167, 171
Trd, 000267.500, 171
Trd, 000267.650, 172
Trd, 000267.950, 172
Trd, 000268.167, 171
Trd, 000268.267, 173
Trd, 000268.750, 169
Trd, 000268.900, 171
Trd, 000269.183, 167
Trd, 000269.233, 172
Trd, 000269.450, 175
Trd, 000269.883, 164
Trd, 000270.283, 175
Trd, 000270.367, 180
Trd, 000270.417, 181
Trd, 000271.433, 174
Trd, 000271.450, 185
Trd, 000272.667, 178
Trd, 000273.217, 169
Trd, 000273.550, 178
Trd, 000274.050, 174
Trd, 000274.150, 175
Trd, 000274.217, 174
Trd, 000274.867, 169
Trd, 000275.433, 173
Trd, 000275.750, 172
Trd, 000276.467, 168
Trd, 000276.667, 173
Trd, 000277.850, 170
Trd, 000278.183, 169
Trd, 000278.717, 160
Trd, 000279.383, 167
Trd, 000279.483, 167
Trd, 000279.750, 169
Trd, 000280.267, 172
Trd, 000280.417, 176
Trd, 000280.467, 169
Trd, 000280.933, 183
Trd, 000281.000, 186
Trd, 000282.367, 180
Trd, 000282.650, 191
Trd, 000283.100, 180
Trd, 000283.217, 179
Trd, 000283.550, 180
Trd, 000284.083, 181
Trd, 000285.117, 176
Trd, 000286.117, 178
Trd, 000286.400, 179
Trd, 000286.467, 181
Trd, 000286.833, 182
Trd, 000287.133, 182
Trd, 000287.750, 181
Trd, 000288.900, 182
Trd, 000288.950, 180
Trd, 000289.733, 177
Trd, 000289.967, 177
Trd, 000290.150, 179
Trd, 000290.183, 172
Trd, 000290.983, 180
Trd, 000291.500, 177
Trd, 000291.800, 181
Trd, 000292.300, 186
Trd, 000293.283, 184
Trd, 000293.700, 186
Trd, 000293.750, 187
Trd, 000294.450, 177
Trd, 000294.833, 176
Trd, 000294.967, 172
Trd, 000295.083, 185
Trd, 000295.933, 180
Trd, 000296.150, 170
Trd, 000296.183, 166
Trd, 000296.200, 182
Trd, 000297.333, 178
Trd, 000297.633, 177
Trd, 000297.967, 176
Trd, 000298.683, 180
Trd, 000298.933, 185
Trd, 000298.983, 187
Trd, 000299.500, 189
Trd, 000299.867, 178
