Trd, 000001.150, 131
Trd, 000002.833, 154
Trd, 000003.233, 148
Trd, 000003.433, 146
Trd, 000004.083, 162
Trd, 000004.567, 147
Trd, 000004.967, 161
Trd, 000005.083, 151
Trd, 000006.767, 155
Trd, 000007.183, 154
Trd, 000007.767, 152
Trd, 000008.650, 150
Trd, 000009.217, 152
Trd, 000010.183, 152
Trd, 000011.500, 158
Trd, 000011.583, 156
Trd, 000011.900, 157
Trd, 000012.350, 155
Trd, 000012.633, 155
Trd, 000012.817, 152
Trd, 000013.100, 148
Trd, 000014.650, 158
Trd, 000016.317, 155
Trd, 000016.783, 154
Trd, 000016.983, 149
Trd, 000018.900, 151
Trd, 000019.083, 151
Trd, 000019.217, 150
Trd, 000020.117, 146
Trd, 000020.133, 147
Trd, 000020.933, 156
Trd, 000021.017, 157
Trd, 000021.100, 150
Trd, 000022.250, 147
Trd, 000022.917, 150
Trd, 000024.383, 153
Trd, 000025.283, 150
Trd, 000026.367, 153
Trd, 000026.483, 151
Trd, 000026.717, 153
Trd, 000027.033, 151
Trd, 000027.750, 152
Trd, 000028.000, 154
Trd, 000028.317, 152
Trd, 000029.100, 154
Trd, 000029.700, 152
Trd, 000030.417, 155
Trd, 000031.200, 155
Trd, 000031.533, 154
Trd, 000033.250, 155
Trd, 000033.983, 156
Trd, 000034.217, 155
Trd, 000034.250, 165
Trd, 000034.917, 158
Trd, 000034.950, 154
Trd, 000035.833, 155
Trd, 000036.217, 154
Trd, 000037.050, 151
Trd, 000037.317, 147
Trd, 000037.367, 160
Trd, 000037.967, 161
Trd, 000039.200, 151
Trd, 000039.517, 155
Trd, 000040.583, 159
Trd, 000040.600, 158
Trd, 000040.667, 162
Trd, 000041.767, 161
Trd, 000042.533, 161
Trd, 000042.900, 162
Trd, 000043.067, 160
Trd, 000044.300, 160
Trd, 000044.333, 159
Trd, 000044.933, 159
Trd, 000044.950, 152
Trd, 000045.683, 155
Trd, 000045.767, 161
Trd, 000045.800, 166
Trd, 000049.067, 160
Trd, 000049.300, 159
Trd, 000049.833, 158
Trd, 000050.217, 160
Trd, 000050.817, 157
Trd, 000051.867, 156
Trd, 000052.000, 156
Trd, 000052.433, 155
Trd, 000053.067, 160
Trd, 000053.117, 162
Trd, 000053.250, 156
Trd, 000054.217, 155
Trd, 000054.983, 155
Trd, 000055.483, 156
Trd, 000055.833, 154
Trd, 000055.900, 150
Trd, 000056.017, 158
Trd, 000056.300, 159
Trd, 000058.000, 154
Trd, 000058.367, 153
Trd, 000058.933, 159
Trd, 000059.250, 157
Trd, 000059.300, 158
Trd, 000059.650, 168
Trd, 000059.750, 165
Trd, 000060.217, 155
Trd, 000060.350, 154
Trd, 000061.817, 153
Trd, 000062.267, 155
Trd, 000062.750, 153
Trd, 000063.767, 153
Trd, 000064.133, 152
Trd, 000064.367, 154
Trd, 000066.617, 157
Trd, 000067.067, 159
Trd, 000067.533, 160
Trd, 000067.700, 162
Trd, 000068.250, 165
Trd, 000069.283, 160
Trd, 000069.750, 166
Trd, 000070.050, 162
Trd, 000070.750, 161
Trd, 000070.800, 160
Trd, 000071.733, 160
Trd, 000071.867, 158
Trd, 000072.633, 155
Trd, 000073.467, 157
Trd, 000073.733, 152
Trd, 000074.700, 152
Trd, 000075.283, 155
Trd, 000075.417, 157
Trd, 000075.633, 160
Trd, 000076.533, 160
Trd, 000077.867, 154
Trd, 000077.917, 154
Trd, 000078.700, 162
Trd, 000079.500, 160
Trd, 000080.150, 159
Trd, 000080.367, 158
Trd, 000080.417, 161
Trd, 000081.483, 162
Trd, 000081.750, 161
Trd, 000083.250, 159
Trd, 000083.733, 157
Trd, 000083.750, 158
Trd, 000083.800, 156
Trd, 000083.850, 162
Trd, 000084.467, 157
Trd, 000084.917, 156
Trd, 000085.833, 162
Trd, 000086.133, 163
Trd, 000086.850, 160
Trd, 000088.533, 160
Trd, 000088.633, 165
Trd, 000090.733, 162
Trd, 000090.800, 160
Trd, 000090.933, 161
Trd, 000090.967, 163
Trd, 000091.783, 161
Trd, 000092.350, 164
Trd, 000094.183, 161
Trd, 000095.167, 160
Trd, 000096.717, 161
Trd, 000097.083, 161
Trd, 000097.667, 162
Trd, 000098.367, 162
Trd, 000099.033, 160
Trd, 000099.167, 159
Trd, 000100.067, 161
Trd, 000100.417, 162
Trd, 000101.050, 159
Trd, 000101.250, 161
Trd, 000102.717, 159
Trd, 000103.167, 158
Trd, 000104.167, 158
Trd, 000104.233, 154
Trd, 000104.517, 162
Trd, 000104.667, 165
Trd, 000104.817, 168
Trd, 000104.967, 161
Trd, 000105.133, 152
Trd, 000106.200, 163
Trd, 000107.250, 162
Trd, 000107.417, 161
Trd, 000108.267, 159
Trd, 000108.383, 162
Trd, 000109.567, 163
Trd, 000109.967, 166
Trd, 000110.000, 163
Trd, 000110.200, 164
Trd, 000110.917, 162
Trd, 000111.383, 162
Trd, 000111.483, 161
Trd, 000113.400, 159
Trd, 000113.900, 162
Trd, 000115.050, 164
Trd, 000115.617, 160
Trd, 000116.417, 163
Trd, 000117.633, 164
Trd, 000119.117, 164
Trd, 000119.217, 163
Trd, 000120.033, 162
Trd, 000120.483, 156
Trd, 000120.767, 165
Trd, 000122.283, 161
Trd, 000122.433, 162
Trd, 000123.233, 164
Trd, 000123.450, 167
Trd, 000123.617, 161
Trd, 000124.083, 162
Trd, 000124.650, 163
Trd, 000125.917, 163
Trd, 000126.233, 162
Trd, 000126.467, 158
Trd, 000127.083, 161
Trd, 000128.550, 165
Trd, 000128.700, 146
Trd, 000128.950, 157
Trd, 000129.217, 144
Trd, 000130.883, 148
Trd, 000132.117, 166
Trd, 000132.367, 167
Trd, 000133.217, 165
Trd, 000133.233, 164
Trd, 000133.267, 168
Trd, 000134.633, 167
Trd, 000134.883, 168
Trd, 000135.167, 171
Trd, 000135.233, 167
Trd, 000135.250, 165
Trd, 000136.217, 167
Trd, 000137.267, 167
Trd, 000138.417, 165
Trd, 000138.467, 168
Trd, 000138.950, 161
Trd, 000139.967, 159
Trd, 000140.550, 166
Trd, 000140.967, 163
Trd, 000141.000, 162
Trd, 000141.217, 163
Trd, 000141.467, 163
Trd, 000141.933, 165
Trd, 000142.067, 168
Trd, 000142.717, 168
Trd, 000143.183, 166
Trd, 000143.667, 163
Trd, 000143.933, 162
Trd, 000144.283, 162
Trd, 000144.567, 168
Trd, 000146.500, 165
Trd, 000146.850, 161
Trd, 000146.917, 168
Trd, 000149.133, 166
Trd, 000149.783, 167
Trd, 000150.283, 166
Trd, 000150.383, 168
Trd, 000150.650, 170
Trd, 000151.600, 165
Trd, 000153.083, 170
Trd, 000154.233, 170
Trd, 000154.583, 166
Trd, 000155.100, 166
Trd, 000155.333, 164
Trd, 000155.400, 168
Trd, 000156.267, 167
Trd, 000158.567, 166
Trd, 000158.667, 164
Trd, 000159.250, 165
Trd, 000160.000, 170
Trd, 000160.733, 167
Trd, 000161.950, 166
Trd, 000163.083, 167
Trd, 000163.167, 168
Trd, 000163.417, 167
Trd, 000164.600, 167
Trd, 000164.767, 165
Trd, 000164.983, 169
Trd, 000165.450, 165
Trd, 000166.000, 165
Trd, 000166.317, 177
Trd, 000166.700, 176
Trd, 000166.917, 163
Trd, 000168.000, 161
Trd, 000168.433, 165
Trd, 000168.900, 146
Trd, 000169.017, 153
Trd, 000169.133, 178
Trd, 000170.317, 161
Trd, 000170.417, 160
Trd, 000170.433, 163
Trd, 000171.767, 169
Trd, 000173.133, 166
Trd, 000173.417, 167
Trd, 000174.000, 167
Trd, 000174.883, 165
Trd, 000175.100, 164
Trd, 000175.183, 168
Trd, 000176.183, 164
Trd, 000176.567, 168
Trd, 000177.017, 172
Trd, 000178.117, 166
Trd, 000178.267, 165
Trd, 000178.967, 169
Trd, 000180.000, 167
Trd, 000180.383, 168
Trd, 000181.467, 163
Trd, 000181.600, 170
Trd, 000181.850, 162
Trd, 000182.033, 149
Trd, 000182.517, 168
Trd, 000183.200, 168
Trd, 000185.683, 167
Trd, 000186.017, 168
Trd, 000186.667, 168
Trd, 000186.833, 166
Trd, 000188.083, 173
Trd, 000188.200, 164
Trd, 000190.100, 167
Trd, 000190.150, 166
Trd, 000191.900, 170
Trd, 000192.167, 171
Trd, 000192.383, 166
Trd, 000192.550, 169
Trd, 000192.667, 163
Trd, 000193.167, 174
Trd, 000193.267, 177
Trd, 000193.733, 167
Trd, 000194.267, 163
Trd, 000196.033, 170
Trd, 000196.217, 173
Trd, 000197.000, 172
Trd, 000197.100, 170
Trd, 000197.800, 173
Trd, 000197.817, 172
Trd, 000199.233, 172
Trd, 000199.733, 174
Trd, 000199.750, 176
Trd, 000200.117, 172
Trd, 000200.483, 171
Trd, 000200.617, 164
Trd, 000202.467, 165
Trd, 000203.100, 167
Trd, 000203.567, 167
Trd, 000203.867, 168
Trd, 000204.367, 155
Trd, 000204.950, 156
Trd, 000205.350, 158
Trd, 000205.850, 165
Trd, 000206.367, 167
Trd, 000206.700, 173
Trd, 000207.067, 166
Trd, 000207.200, 165
Trd, 000207.500, 165
Trd, 000208.183, 169
Trd, 000208.433, 172
Trd, 000209.233, 171
Trd, 000209.617, 170
Trd, 000211.767, 172
Trd, 000211.783, 176
Trd, 000213.783, 176
Trd, 000214.217, 169
Trd, 000214.300, 169
Trd, 000214.867, 172
Trd, 000215.050, 171
Trd, 000216.217, 173
Trd, 000216.483, 172
Trd, 000217.867, 173
Trd, 000218.367, 176
Trd, 000218.450, 177
Trd, 000218.633, 174
Trd, 000218.833, 172
Trd, 000219.183, 175
Trd, 000221.600, 177
Trd, 000222.350, 180
Trd, 000223.417, 177
Trd, 000224.067, 177
Trd, 000224.800, 178
Trd, 000226.317, 177
Trd, 000226.517, 177
Trd, 000226.750, 177
Trd, 000227.083, 177
Trd, 000227.117, 174
Trd, 000227.300, 178
Trd, 000227.883, 170
Trd, 000228.833, 175
Trd, 000229.667, 176
Trd, 000230.300, 173
Trd, 000231.283, 174
Trd, 000231.333, 176
Trd, 000232.133, 178
Trd, 000233.167, 174
Trd, 000233.300, 171
Trd, 000233.467, 172
Trd, 000234.733, 176
Trd, 000235.433, 176
Trd, 000236.033, 175
Trd, 000237.317, 178
Trd, 000238.250, 177
Trd, 000238.517, 175
Trd, 000238.767, 175
Trd, 000238.783, 172
Trd, 000239.200, 173
Trd, 000239.683, 176
Trd, 000240.217, 175
Trd, 000240.250, 179
Trd, 000240.583, 175
Trd, 000240.783, 175
Trd, 000241.217, 175
Trd, 000241.533, 175
Trd, 000241.633, 176
Trd, 000241.917, 173
Trd, 000242.133, 176
Trd, 000242.467, 173
Trd, 000242.583, 174
Trd, 000243.900, 174
Trd, 000244.417, 173
Trd, 000245.300, 172
Trd, 000245.400, 172
Trd, 000245.517, 179
Trd, 000246.683, 178
Trd, 000247.267, 177
Trd, 000247.300, 178
Trd, 000248.033, 176
Trd, 000248.083, 175
Trd, 000248.283, 177
Trd, 000248.483, 169
Trd, 000248.783, 172
Trd, 000249.117, 180
Trd, 000250.067, 179
Trd, 000250.550, 181
Trd, 000251.467, 180
Trd, 000251.483, 181
Trd, 000252.000, 179
Trd, 000252.433, 178
Trd, 000252.717, 178
Trd, 000253.133, 176
Trd, 000253.317, 177
Trd, 000253.733, 180
Trd, 000253.750, 178
Trd, 000253.833, 180
Trd, 000254.133, 176
Trd, 000256.150, 182
Trd, 000256.417, 184
Trd, 000256.700, 182
Trd, 000256.917, 185
Trd, 000257.767, 186
Trd, 000258.733, 182
Trd, 000259.067, 181
Trd, 000259.833, 180
Trd, 000259.967, 180
Trd, 000260.033, 181
Trd, 000260.183, 184
Trd, 000260.700, 183
Trd, 000260.917, 179
Trd, 000262.133, 180
Trd, 000262.433, 177
Trd, 000263.200, 177
Trd, 000263.550, 176
Trd, 000263.767, 175
Trd, 000263.900, 174
Trd, 000263.983, 173
Trd, 000264.383, 173
Trd, 000264.467, 170
Trd, 000264.917, 177
Trd, 000265.217, 166
Trd, 000266.000, 170
Trd, 000266.150, 163
Trd, 000267.267, 174
Trd, 000267.517, 177
Trd, 000267.600, 181
Trd, 000268.300, 179
Trd, 000268.567, 178
Trd, 000268.917, 177
Trd, 000269.367, 180
Trd, 000269.717, 176
Trd, 000270.533, 178
Trd, 000270.867, 181
Trd, 000271.800, 181
Trd, 000272.150, 182
Trd, 000272.533, 183
Trd, 000272.550, 183
Trd, 000272.583, 189
Trd, 000273.633, 182
Trd, 000274.833, 183
Trd, 000275.117, 182
Trd, 000275.233, 178
Trd, 000275.600, 178
Trd, 000275.833, 177
Trd, 000276.967, 178
Trd, 000277.400, 179
Trd, 000277.867, 177
Trd, 000277.883, 175
Trd, 000278.067, 174
Trd, 000278.500, 173
Trd, 000278.567, 173
Trd, 000279.333, 186
Trd, 000279.950, 188
Trd, 000279.967, 187
Trd, 000280.217, 186
Trd, 000280.317, 188
Trd, 000280.700, 181
Trd, 000281.350, 185
Trd, 000281.383, 188
Trd, 000281.867, 189
Trd, 000282.383, 176
Trd, 000282.617, 172
Trd, 000283.017, 179
Trd, 000284.100, 166
Trd, 000284.250, 185
Trd, 000284.817, 186
Trd, 000284.983, 179
Trd, 000285.700, 176
Trd, 000286.300, 180
Trd, 000286.467, 183
Trd, 000286.733, 181
Trd, 000286.850, 180
Trd, 000287.317, 182
Trd, 000287.867, 178
Trd, 000288.850, 181
Trd, 000288.933, 181
Trd, 000288.967, 179
Trd, 000289.183, 187
Trd, 000289.900, 173
Trd, 000290.383, 176
Trd, 000290.833, 176
Trd, 000291.200, 184
Trd, 000291.483, 182
Trd, 000292.450, 175
Trd, 000292.700, 175
Trd, 000292.867, 176
Trd, 000293.750, 176
Trd, 000295.233, 180
Trd, 000295.367, 180
Trd, 000295.417, 178
Trd, 000295.467, 185
Trd, 000296.317, 177
Trd, 000297.067, 182
Trd, 000297.083, 191
Trd, 000297.117, 180
Trd, 000297.800, 179
Trd, 000298.400, 178
Trd, 000298.700, 181
Trd, 000299.283, 181
Trd, 000299.817, 182
