Trd, 000001.700, 151
Trd, 000003.167, 127
Trd, 000003.667, 146
Trd, 000003.900, 149
Trd, 000005.217, 142
Trd, 000005.417, 143
Trd, 000005.517, 146
Trd, 000005.900, 148
Trd, 000007.800, 144
Trd, 000008.567, 143
Trd, 000009.000, 149
Trd, 000010.333, 146
Trd, 000011.483, 146
Trd, 000011.583, 147
Trd, 000012.083, 147
Trd, 000012.550, 146
Trd, 000012.650, 148
Trd, 000013.400, 145
Trd, 000013.550, 145
Trd, 000013.633, 146
Trd, 000015.767, 146
Trd, 000016.883, 146
Trd, 000017.467, 146
Trd, 000019.383, 146
Trd, 000020.233, 144
Trd, 000020.967, 144
Trd, 000021.033, 146
Trd, 000021.233, 142
Trd, 000021.783, 150
Trd, 000023.083, 148
Trd, 000023.267, 148
Trd, 000025.950, 147
Trd, 000026.800, 144
Trd, 000027.617, 145
Trd, 000027.833, 145
Trd, 000028.117, 145
Trd, 000028.300, 147
Trd, 000028.467, 147
Trd, 000028.850, 146
Trd, 000029.333, 145
Trd, 000030.533, 154
Trd, 000030.783, 161
Trd, 000032.967, 150
Trd, 000033.617, 150
Trd, 000033.750, 150
Trd, 000034.433, 161
Trd, 000034.550, 147
Trd, 000035.317, 174
Trd, 000036.233, 153
Trd, 000036.850, 154
Trd, 000037.050, 150
Trd, 000039.533, 152
Trd, 000040.017, 151
Trd, 000040.233, 151
Trd, 000040.467, 153
Trd, 000040.483, 162
Trd, 000042.633, 151
Trd, 000042.683, 151
Trd, 000043.933, 150
Trd, 000044.333, 149
Trd, 000044.750, 140
Trd, 000045.433, 150
Trd, 000045.617, 146
Trd, 000046.567, 144
Trd, 000048.233, 149
Trd, 000048.767, 149
Trd, 000049.750, 148
Trd, 000051.417, 148
Trd, 000051.650, 148
Trd, 000052.300, 152
Trd, 000053.683, 152
Trd, 000054.017, 153
Trd, 000054.550, 150
Trd, 000054.867, 156
Trd, 000055.567, 149
Trd, 000056.800, 150
Trd, 000058.133, 153
Trd, 000058.750, 153
Trd, 000059.000, 150
Trd, 000059.033, 152
Trd, 000059.800, 148
Trd, 000060.033, 151
Trd, 000061.500, 151
Trd, 000062.717, 151
Trd, 000063.267, 151
Trd, 000063.417, 152
Trd, 000064.000, 152
Trd, 000064.333, 151
Trd, 000064.533, 154
Trd, 000065.467, 157
Trd, 000065.950, 154
Trd, 000066.783, 152
Trd, 000068.700, 153
Trd, 000069.383, 155
Trd, 000069.417, 156
Trd, 000070.183, 155
Trd, 000070.683, 153
Trd, 000071.067, 154
Trd, 000071.650, 155
Trd, 000073.300, 155
Trd, 000073.667, 156
Trd, 000074.033, 152
Trd, 000074.750, 155
Trd, 000075.683, 154
Trd, 000076.250, 149
Trd, 000076.517, 155
Trd, 000076.583, 158
Trd, 000077.183, 157
Trd, 000077.583, 149
Trd, 000079.000, 149
Trd, 000079.800, 152
Trd, 000080.483, 152
Trd, 000081.850, 154
Trd, 000082.417, 152
Trd, 000082.583, 153
Trd, 000084.117, 152
Trd, 000084.833, 151
Trd, 000085.500, 151
Trd, 000085.783, 153
Trd, 000086.533, 156
Trd, 000087.200, 150
Trd, 000089.267, 152
Trd, 000090.000, 152
Trd, 000090.900, 153
Trd, 000091.083, 157
Trd, 000091.200, 155
Trd, 000091.483, 155
Trd, 000091.783, 153
Trd, 000092.017, 157
Trd, 000094.417, 151
Trd, 000094.600, 155
Trd, 000095.450, 155
Trd, 000096.383, 156
Trd, 000096.567, 158
Trd, 000097.083, 160
Trd, 000098.367, 156
Trd, 000099.400, 152
Trd, 000100.683, 153
Trd, 000101.417, 151
Trd, 000101.833, 150
Trd, 000102.367, 151
Trd, 000103.283, 153
Trd, 000103.333, 154
Trd, 000103.450, 158
Trd, 000105.500, 157
Trd, 000106.550, 158
Trd, 000106.700, 157
Trd, 000107.350, 156
Trd, 000107.533, 154
Trd, 000108.533, 156
Trd, 000109.550, 157
Trd, 000110.283, 157
Trd, 000110.517, 158
Trd, 000110.767, 157
Trd, 000112.883, 158
Trd, 000113.933, 157
Trd, 000114.867, 155
Trd, 000115.133, 158
Trd, 000115.817, 155
Trd, 000116.000, 157
Trd, 000116.250, 157
Trd, 000117.033, 154
Trd, 000117.050, 157
Trd, 000118.050, 160
Trd, 000119.583, 158
Trd, 000119.700, 158
Trd, 000120.417, 160
Trd, 000121.967, 162
Trd, 000122.300, 161
Trd, 000122.717, 161
Trd, 000122.783, 160
Trd, 000122.850, 163
Trd, 000123.433, 160
Trd, 000123.683, 156
Trd, 000124.683, 162
Trd, 000125.100, 167
Trd, 000126.183, 162
Trd, 000126.550, 163
Trd, 000126.750, 162
Trd, 000128.067, 162
Trd, 000128.417, 163
Trd, 000128.750, 164
Trd, 000129.583, 163
Trd, 000130.600, 164
Trd, 000131.400, 157
Trd, 000132.833, 161
Trd, 000133.433, 160
Trd, 000133.700, 162
Trd, 000134.233, 158
Trd, 000135.000, 158
Trd, 000135.350, 159
Trd, 000135.567, 160
Trd, 000136.367, 159
Trd, 000136.500, 157
Trd, 000136.567, 153
Trd, 000136.967, 152
Trd, 000139.217, 158
Trd, 000139.500, 159
Trd, 000139.733, 155
Trd, 000139.883, 155
Trd, 000141.383, 158
Trd, 000141.967, 159
Trd, 000142.050, 160
Trd, 000142.483, 162
Trd, 000142.983, 157
Trd, 000144.417, 157
Trd, 000144.867, 161
Trd, 000145.750, 158
Trd, 000146.050, 160
Trd, 000146.917, 159
Trd, 000147.483, 159
Trd, 000147.733, 158
Trd, 000148.617, 160
Trd, 000149.317, 162
Trd, 000150.917, 160
Trd, 000150.967, 159
Trd, 000152.267, 163
Trd, 000152.650, 160
Trd, 000153.400, 163
Trd, 000153.417, 163
Trd, 000156.000, 160
Trd, 000156.317, 160
Trd, 000156.600, 159
Trd, 000157.950, 162
Trd, 000158.017, 163
Trd, 000158.683, 167
Trd, 000158.767, 172
Trd, 000159.483, 166
Trd, 000161.767, 168
Trd, 000161.917, 165
Trd, 000163.283, 169
Trd, 000163.317, 169
Trd, 000164.317, 167
Trd, 000164.767, 166
Trd, 000165.217, 164
Trd, 000165.233, 165
Trd, 000165.817, 166
Trd, 000166.500, 165
Trd, 000166.800, 164
Trd, 000166.933, 160
Trd, 000167.483, 165
Trd, 000167.533, 167
Trd, 000167.600, 167
Trd, 000167.617, 156
Trd, 000168.717, 166
Trd, 000168.817, 165
Trd, 000169.567, 168
Trd, 000171.233, 168
Trd, 000173.233, 164
Trd, 000173.367, 166
Trd, 000174.683, 165
Trd, 000174.783, 166
Trd, 000174.867, 168
Trd, 000175.967, 162
Trd, 000176.300, 167
Trd, 000177.250, 167
Trd, 000177.450, 168
Trd, 000177.850, 164
Trd, 000178.267, 161
Trd, 000181.017, 168
Trd, 000181.617, 164
Trd, 000182.367, 168
Trd, 000182.850, 164
Trd, 000183.517, 164
Trd, 000184.700, 166
Trd, 000185.400, 166
Trd, 000185.500, 167
Trd, 000185.967, 166
Trd, 000186.217, 168
Trd, 000186.950, 164
Trd, 000188.817, 166
Trd, 000189.250, 160
Trd, 000189.917, 165
Trd, 000190.433, 162
Trd, 000191.367, 164
Trd, 000191.867, 164
Trd, 000191.900, 164
Trd, 000192.100, 162
Trd, 000192.800, 161
Trd, 000193.333, 161
Trd, 000194.283, 162
Trd, 000195.050, 163
Trd, 000196.400, 164
Trd, 000198.083, 165
Trd, 000198.167, 164
Trd, 000198.900, 165
Trd, 000199.083, 166
Trd, 000200.633, 168
Trd, 000201.833, 164
Trd, 000202.350, 166
Trd, 000202.367, 162
Trd, 000202.783, 166
Trd, 000203.017, 167
Trd, 000204.583, 168
Trd, 000204.750, 167
Trd, 000206.333, 168
Trd, 000206.367, 167
Trd, 000206.817, 168
Trd, 000207.750, 167
Trd, 000208.533, 164
Trd, 000209.383, 168
Trd, 000209.567, 171
Trd, 000212.667, 167
Trd, 000213.400, 168
Trd, 000213.433, 168
Trd, 000214.167, 168
Trd, 000214.633, 169
Trd, 000214.800, 166
Trd, 000215.017, 168
Trd, 000215.100, 165
Trd, 000216.267, 172
Trd, 000217.217, 172
Trd, 000217.933, 171
Trd, 000218.567, 172
Trd, 000220.867, 172
Trd, 000221.200, 171
Trd, 000222.000, 180
Trd, 000222.500, 170
Trd, 000222.867, 169
Trd, 000223.650, 169
Trd, 000224.717, 168
Trd, 000225.550, 168
Trd, 000226.267, 170
Trd, 000227.883, 167
Trd, 000229.250, 167
Trd, 000229.350, 167
Trd, 000229.550, 167
Trd, 000230.200, 165
Trd, 000230.533, 165
Trd, 000231.150, 165
Trd, 000231.267, 173
Trd, 000231.733, 171
Trd, 000232.483, 170
Trd, 000233.317, 169
Trd, 000234.000, 168
Trd, 000234.567, 171
Trd, 000234.867, 177
Trd, 000235.783, 175
Trd, 000236.300, 176
Trd, 000236.417, 175
Trd, 000238.100, 175
Trd, 000238.267, 167
Trd, 000238.500, 174
Trd, 000240.017, 173
Trd, 000240.083, 173
Trd, 000240.217, 174
Trd, 000240.683, 171
Trd, 000240.750, 171
Trd, 000241.467, 169
Trd, 000242.017, 167
Trd, 000242.367, 169
Trd, 000243.300, 170
Trd, 000243.450, 169
Trd, 000243.633, 171
Trd, 000243.850, 172
Trd, 000244.217, 171
Trd, 000244.867, 171
Trd, 000245.683, 173
Trd, 000245.817, 174
Trd, 000245.917, 172
Trd, 000245.933, 175
Trd, 000246.050, 182
Trd, 000246.483, 173
Trd, 000247.233, 175
Trd, 000247.483, 175
Trd, 000247.617, 176
Trd, 000247.767, 173
Trd, 000247.817, 175
Trd, 000248.517, 175
Trd, 000249.367, 175
Trd, 000249.783, 174
Trd, 000250.450, 177
Trd, 000250.850, 177
Trd, 000251.333, 178
Trd, 000251.617, 183
Trd, 000253.400, 178
Trd, 000253.617, 176
Trd, 000253.900, 178
Trd, 000254.217, 178
Trd, 000254.667, 180
Trd, 000255.050, 182
Trd, 000255.550, 180
Trd, 000255.617, 178
Trd, 000255.783, 170
Trd, 000256.267, 178
Trd, 000256.850, 177
Trd, 000257.350, 177
Trd, 000257.750, 179
Trd, 000258.133, 183
Trd, 000259.383, 176
Trd, 000259.467, 175
Trd, 000260.517, 171
Trd, 000260.750, 171
Trd, 000261.133, 168
Trd, 000261.200, 167
Trd, 000261.317, 171
Trd, 000261.833, 166
Trd, 000261.900, 171
Trd, 000262.383, 170
Trd, 000262.550, 162
Trd, 000262.733, 171
Trd, 000263.600, 163
Trd, 000263.883, 167
Trd, 000263.917, 168
Trd, 000265.150, 166
Trd, 000265.850, 166
Trd, 000266.700, 167
Trd, 000266.900, 166
Trd, 000266.983, 170
Trd, 000268.083, 169
Trd, 000269.167, 166
Trd, 000269.333, 172
Trd, 000269.850, 171
Trd, 000270.417, 173
Trd, 000270.517, 172
Trd, 000270.767, 170
Trd, 000271.133, 172
Trd, 000271.367, 172
Trd, 000271.767, 175
Trd, 000271.983, 178
Trd, 000272.350, 172
Trd, 000272.450, 168
Trd, 000273.600, 171
Trd, 000273.983, 169
Trd, 000274.617, 175
Trd, 000274.667, 173
Trd, 000275.367, 172
Trd, 000275.750, 172
Trd, 000275.850, 173
Trd, 000276.400, 166
Trd, 000276.567, 167
Trd, 000277.367, 172
Trd, 000277.483, 167
Trd, 000277.983, 173
Trd, 000278.567, 173
Trd, 000279.033, 169
Trd, 000279.233, 172
Trd, 000279.583, 168
Trd, 000279.617, 175
Trd, 000279.767, 167
Trd, 000279.983, 166
Trd, 000282.000, 175
Trd, 000282.100, 176
Trd, 000282.283, 176
Trd, 000282.783, 173
Trd, 000283.667, 172
Trd, 000283.883, 174
Trd, 000284.633, 172
Trd, 000285.083, 172
Trd, 000285.150, 173
Trd, 000285.400, 173
Trd, 000286.167, 176
Trd, 000286.333, 169
Trd, 000286.450, 168
Trd, 000286.683, 177
Trd, 000286.850, 177
Trd, 000287.200, 179
Trd, 000287.717, 180
Trd, 000289.500, 175
Trd, 000289.933, 175
Trd, 000289.967, 174
Trd, 000290.233, 173
Trd, 000290.250, 173
Trd, 000290.450, 171
Trd, 000291.033, 175
Trd, 000291.067, 169
Trd, 000291.167, 178
Trd, 000291.933, 166
Trd, 000291.950, 177
Trd, 000292.300, 166
Trd, 000293.367, 173
Trd, 000293.467, 173
Trd, 000293.833, 174
Trd, 000294.367, 175
Trd, 000295.600, 175
Trd, 000295.633, 168
Trd, 000296.250, 168
Trd, 000296.317, 177
Trd, 000296.733, 187
Trd, 000297.100, 168
Trd, 000297.650, 181
Trd, 000297.950, 167
Trd, 000298.450, 165
Trd, 000298.467, 163
Trd, 000298.667, 182
Trd, 000299.300, 184
Trd, 000299.917, 181
