Trd, 000002.167, 119
Trd, 000002.350, 119
Trd, 000002.533, 120
Trd, 000003.817, 126
Trd, 000004.083, 127
Trd, 000004.617, 148
Trd, 000005.917, 147
Trd, 000005.950, 145
Trd, 000006.183, 151
Trd, 000007.167, 151
Trd, 000007.300, 149
Trd, 000007.433, 148
Trd, 000008.883, 149
Trd, 000009.200, 152
Trd, 000009.967, 138
Trd, 000011.183, 140
Trd, 000011.383, 141
Trd, 000011.483, 142
Trd, 000011.967, 143
Trd, 000012.533, 144
Trd, 000012.867, 143
Trd, 000013.333, 138
Trd, 000013.667, 152
Trd, 000014.150, 156
Trd, 000015.033, 155
Trd, 000015.133, 155
Trd, 000015.417, 171
Trd, 000015.617, 155
Trd, 000016.317, 155
Trd, 000016.767, 155
Trd, 000017.067, 156
Trd, 000017.900, 155
Trd, 000017.917, 152
Trd, 000018.867, 151
Trd, 000020.167, 144
Trd, 000020.917, 152
Trd, 000021.250, 157
Trd, 000021.333, 152
Trd, 000021.467, 151
Trd, 000022.150, 156
Trd, 000022.767, 154
Trd, 000022.783, 152
Trd, 000024.083, 154
Trd, 000024.567, 153
Trd, 000024.650, 154
Trd, 000025.483, 155
Trd, 000026.550, 154
Trd, 000026.633, 155
Trd, 000027.150, 151
Trd, 000027.567, 151
Trd, 000027.983, 135
Trd, 000028.267, 152
Trd, 000028.717, 153
Trd, 000029.183, 153
Trd, 000029.450, 146
Trd, 000031.483, 150
Trd, 000031.800, 150
Trd, 000031.883, 151
Trd, 000032.583, 152
Trd, 000032.850, 152
Trd, 000033.383, 153
Trd, 000033.583, 157
Trd, 000033.733, 149
Trd, 000034.983, 153
Trd, 000035.850, 149
Trd, 000036.033, 135
Trd, 000038.333, 143
Trd, 000038.467, 151
Trd, 000038.833, 145
Trd, 000039.250, 143
Trd, 000039.583, 145
Trd, 000040.117, 144
Trd, 000040.567, 145
Trd, 000040.867, 146
Trd, 000041.550, 145
Trd, 000043.033, 145
Trd, 000043.533, 147
Trd, 000043.867, 148
Trd, 000043.967, 144
Trd, 000044.200, 158
Trd, 000044.233, 143
Trd, 000045.817, 144
Trd, 000046.367, 145
Trd, 000046.467, 176
Trd, 000046.550, 176
Trd, 000048.083, 177
Trd, 000048.667, 166
Trd, 000049.883, 171
Trd, 000050.183, 169
Trd, 000050.633, 166
Trd, 000050.783, 163
Trd, 000050.833, 162
Trd, 000051.133, 176
Trd, 000051.750, 161
Trd, 000051.783, 157
Trd, 000052.467, 172
Trd, 000053.233, 153
Trd, 000053.500, 169
Trd, 000055.433, 153
Trd, 000056.433, 155
Trd, 000056.567, 155
Trd, 000056.667, 146
Trd, 000056.867, 156
Trd, 000057.217, 145
Trd, 000057.717, 159
Trd, 000058.233, 150
Trd, 000059.133, 144
Trd, 000060.183, 151
Trd, 000060.700, 151
Trd, 000061.100, 155
Trd, 000061.583, 153
Trd, 000061.733, 152
Trd, 000062.250, 149
Trd, 000062.733, 153
Trd, 000062.817, 159
Trd, 000063.033, 152
Trd, 000063.300, 143
Trd, 000064.650, 165
Trd, 000065.783, 155
Trd, 000066.367, 155
Trd, 000066.450, 156
Trd, 000066.567, 157
Trd, 000066.600, 154
Trd, 000067.467, 154
Trd, 000067.517, 150
Trd, 000069.400, 147
Trd, 000070.867, 151
Trd, 000071.283, 151
Trd, 000071.367, 152
Trd, 000071.467, 156
Trd, 000071.633, 156
Trd, 000071.950, 158
Trd, 000072.600, 161
Trd, 000073.133, 156
Trd, 000073.217, 154
Trd, 000073.550, 156
Trd, 000073.617, 148
Trd, 000074.750, 155
Trd, 000074.917, 154
Trd, 000074.933, 155
Trd, 000076.100, 154
Trd, 000076.383, 155
Trd, 000076.583, 155
Trd, 000076.650, 154
Trd, 000077.133, 146
Trd, 000078.333, 157
Trd, 000079.450, 157
Trd, 000079.733, 156
Trd, 000079.967, 156
Trd, 000080.550, 154
Trd, 000080.600, 156
Trd, 000081.283, 146
Trd, 000081.367, 161
Trd, 000081.517, 162
Trd, 000082.367, 149
Trd, 000083.050, 157
Trd, 000084.367, 158
Trd, 000084.600, 157
Trd, 000084.717, 156
Trd, 000085.333, 154
Trd, 000085.400, 157
Trd, 000085.500, 150
Trd, 000086.250, 158
Trd, 000088.550, 155
Trd, 000089.267, 156
Trd, 000089.717, 157
Trd, 000089.917, 157
Trd, 000090.183, 157
Trd, 000090.900, 159
Trd, 000091.583, 163
Trd, 000091.767, 157
Trd, 000092.017, 157
Trd, 000092.450, 158
Trd, 000092.600, 157
Trd, 000092.900, 164
Trd, 000093.767, 157
Trd, 000094.000, 155
Trd, 000094.700, 162
Trd, 000095.150, 161
Trd, 000095.217, 158
Trd, 000095.600, 157
Trd, 000095.717, 156
Trd, 000097.367, 157
Trd, 000097.567, 157
Trd, 000099.233, 156
Trd, 000099.550, 159
Trd, 000099.717, 156
Trd, 000100.683, 154
Trd, 000101.133, 156
Trd, 000101.633, 158
Trd, 000102.150, 159
Trd, 000102.967, 158
Trd, 000103.167, 164
Trd, 000103.250, 160
Trd, 000103.867, 161
Trd, 000104.017, 159
Trd, 000104.250, 161
Trd, 000105.000, 160
Trd, 000105.733, 159
Trd, 000106.000, 160
Trd, 000106.750, 162
Trd, 000107.233, 162
Trd, 000108.400, 163
Trd, 000108.950, 164
Trd, 000109.000, 159
Trd, 000109.567, 159
Trd, 000109.700, 148
Trd, 000109.817, 143
Trd, 000111.217, 162
Trd, 000112.100, 163
Trd, 000112.567, 156
Trd, 000113.117, 155
Trd, 000113.933, 155
Trd, 000113.983, 152
Trd, 000114.117, 162
Trd, 000114.867, 159
Trd, 000116.350, 159
Trd, 000116.383, 159
Trd, 000117.633, 157
Trd, 000117.667, 156
Trd, 000118.383, 161
Trd, 000118.617, 154
Trd, 000119.150, 162
Trd, 000121.717, 159
Trd, 000122.450, 158
Trd, 000123.417, 160
Trd, 000123.983, 163
Trd, 000124.017, 162
Trd, 000124.167, 155
Trd, 000124.467, 157
Trd, 000125.633, 159
Trd, 000125.700, 160
Trd, 000125.833, 160
Trd, 000125.900, 163
Trd, 000126.033, 167
Trd, 000127.567, 160
Trd, 000127.683, 163
Trd, 000127.733, 164
Trd, 000128.167, 157
Trd, 000129.133, 161
Trd, 000129.650, 161
Trd, 000131.383, 162
Trd, 000131.467, 162
Trd, 000131.583, 164
Trd, 000132.767, 168
Trd, 000133.267, 171
Trd, 000133.583, 168
Trd, 000133.700, 168
Trd, 000134.067, 165
Trd, 000134.467, 168
Trd, 000134.950, 168
Trd, 000135.550, 150
Trd, 000136.583, 144
Trd, 000136.933, 143
Trd, 000137.367, 151
Trd, 000138.250, 166
Trd, 000138.500, 166
Trd, 000138.650, 166
Trd, 000139.317, 178
Trd, 000139.450, 164
Trd, 000141.017, 170
Trd, 000141.383, 170
Trd, 000142.100, 170
Trd, 000142.183, 180
Trd, 000142.550, 170
Trd, 000142.683, 169
Trd, 000143.567, 167
Trd, 000143.767, 163
Trd, 000143.917, 162
Trd, 000145.117, 163
Trd, 000145.567, 163
Trd, 000145.633, 165
Trd, 000146.667, 162
Trd, 000146.683, 163
Trd, 000147.000, 161
Trd, 000147.667, 162
Trd, 000147.733, 160
Trd, 000148.133, 163
Trd, 000149.917, 161
Trd, 000150.150, 161
Trd, 000150.350, 162
Trd, 000150.417, 163
Trd, 000150.967, 160
Trd, 000152.117, 162
Trd, 000152.467, 159
Trd, 000152.983, 163
Trd, 000153.767, 154
Trd, 000154.033, 153
Trd, 000155.283, 156
Trd, 000155.867, 162
Trd, 000156.133, 162
Trd, 000156.167, 166
Trd, 000156.367, 156
Trd, 000157.483, 164
Trd, 000159.450, 164
Trd, 000159.950, 164
Trd, 000160.150, 168
Trd, 000160.967, 167
Trd, 000160.983, 166
Trd, 000162.083, 164
Trd, 000162.133, 171
Trd, 000162.933, 169
Trd, 000163.667, 171
Trd, 000163.800, 170
Trd, 000163.883, 170
Trd, 000164.900, 182
Trd, 000165.600, 174
Trd, 000166.683, 181
Trd, 000167.367, 177
Trd, 000167.517, 176
Trd, 000168.000, 178
Trd, 000169.383, 177
Trd, 000169.550, 177
Trd, 000169.583, 177
Trd, 000170.450, 173
Trd, 000170.700, 171
Trd, 000170.767, 172
Trd, 000171.333, 172
Trd, 000172.200, 166
Trd, 000173.250, 166
Trd, 000174.233, 172
Trd, 000174.767, 174
Trd, 000175.067, 172
Trd, 000175.550, 171
Trd, 000175.950, 170
Trd, 000176.250, 169
Trd, 000176.750, 169
Trd, 000177.583, 167
Trd, 000178.200, 166
Trd, 000178.750, 167
Trd, 000178.983, 165
Trd, 000179.000, 168
Trd, 000179.633, 167
Trd, 000179.867, 168
Trd, 000179.983, 165
Trd, 000180.617, 169
Trd, 000181.100, 172
Trd, 000181.833, 166
Trd, 000181.967, 164
Trd, 000182.067, 167
Trd, 000183.517, 164
Trd, 000183.583, 167
Trd, 000183.683, 167
Trd, 000184.283, 167
Trd, 000184.433, 166
Trd, 000185.000, 164
Trd, 000185.933, 168
Trd, 000187.483, 168
Trd, 000187.750, 169
Trd, 000188.567, 170
Trd, 000189.683, 169
Trd, 000189.817, 169
Trd, 000191.367, 171
Trd, 000191.550, 171
Trd, 000191.617, 170
Trd, 000192.300, 170
Trd, 000193.133, 157
Trd, 000193.200, 156
Trd, 000194.083, 167
Trd, 000194.167, 169
Trd, 000194.300, 168
Trd, 000195.317, 168
Trd, 000195.567, 168
Trd, 000195.600, 167
Trd, 000196.233, 169
Trd, 000197.217, 168
Trd, 000197.667, 169
Trd, 000197.817, 152
Trd, 000198.050, 156
Trd, 000198.283, 169
Trd, 000199.900, 162
Trd, 000200.333, 168
Trd, 000201.383, 170
Trd, 000201.417, 171
Trd, 000201.433, 171
Trd, 000202.367, 177
Trd, 000202.483, 175
Trd, 000202.783, 175
Trd, 000203.450, 175
Trd, 000203.600, 174
Trd, 000203.767, 169
Trd, 000204.500, 187
Trd, 000205.233, 185
Trd, 000205.483, 175
Trd, 000206.500, 178
Trd, 000207.300, 178
Trd, 000207.900, 172
Trd, 000208.417, 170
Trd, 000208.567, 177
Trd, 000209.167, 171
Trd, 000210.883, 169
Trd, 000211.217, 169
Trd, 000211.533, 168
Trd, 000211.717, 169
Trd, 000211.967, 170
Trd, 000212.100, 169
Trd, 000212.267, 168
Trd, 000214.067, 168
Trd, 000214.967, 165
Trd, 000215.583, 167
Trd, 000215.750, 165
Trd, 000216.133, 166
Trd, 000216.450, 167
Trd, 000217.683, 168
Trd, 000217.733, 167
Trd, 000217.800, 166
Trd, 000218.833, 154
Trd, 000220.317, 160
Trd, 000220.450, 166
Trd, 000220.767, 161
Trd, 000220.900, 166
Trd, 000220.950, 167
Trd, 000222.867, 163
Trd, 000223.400, 161
Trd, 000223.567, 163
Trd, 000223.867, 164
Trd, 000224.033, 163
Trd, 000224.417, 164
Trd, 000225.400, 163
Trd, 000225.867, 159
Trd, 000226.183, 166
Trd, 000227.067, 165
Trd, 000227.133, 167
Trd, 000227.433, 168
Trd, 000227.917, 167
Trd, 000228.283, 169
Trd, 000228.483, 173
Trd, 000228.517, 168
Trd, 000229.233, 168
Trd, 000229.350, 172
Trd, 000231.433, 173
Trd, 000231.833, 172
Trd, 000231.850, 174
Trd, 000232.517, 171
Trd, 000233.317, 171
Trd, 000233.333, 173
Trd, 000233.983, 171
Trd, 000234.067, 172
Trd, 000234.767, 170
Trd, 000234.983, 171
Trd, 000236.133, 172
Trd, 000236.217, 172
Trd, 000236.333, 171
Trd, 000236.933, 171
Trd, 000238.283, 176
Trd, 000238.583, 174
Trd, 000239.667, 175
Trd, 000239.700, 172
Trd, 000240.250, 174
Trd, 000240.667, 175
Trd, 000240.883, 175
Trd, 000241.233, 175
Trd, 000241.650, 174
Trd, 000241.883, 174
Trd, 000242.517, 174
Trd, 000242.967, 174
Trd, 000243.517, 178
Trd, 000244.433, 178
Trd, 000244.600, 177
Trd, 000244.933, 164
Trd, 000245.167, 165
Trd, 000246.317, 169
Trd, 000247.383, 173
Trd, 000247.567, 168
Trd, 000247.883, 171
Trd, 000248.117, 164
Trd, 000248.917, 173
Trd, 000249.483, 175
Trd, 000249.900, 171
Trd, 000250.800, 172
Trd, 000251.217, 172
Trd, 000251.650, 171
Trd, 000251.667, 168
Trd, 000252.283, 169
Trd, 000253.183, 169
Trd, 000253.217, 170
Trd, 000253.617, 170
Trd, 000253.850, 171
Trd, 000254.367, 171
Trd, 000255.367, 173
Trd, 000256.467, 174
Trd, 000256.583, 173
Trd, 000256.833, 172
Trd, 000257.000, 172
Trd, 000257.567, 176
Trd, 000258.417, 180
Trd, 000258.467, 177
Trd, 000259.000, 180
Trd, 000259.217, 179
Trd, 000259.600, 182
Trd, 000259.700, 178
Trd, 000259.817, 181
Trd, 000260.233, 179
Trd, 000261.567, 178
Trd, 000262.233, 177
Trd, 000262.883, 175
Trd, 000263.317, 176
Trd, 000263.617, 175
Trd, 000263.667, 176
Trd, 000263.967, 175
Trd, 000265.600, 176
Trd, 000265.667, 178
Trd, 000266.017, 175
Trd, 000266.617, 178
Trd, 000266.867, 179
Trd, 000267.200, 180
Trd, 000268.483, 176
Trd, 000268.850, 176
Trd, 000268.983, 176
Trd, 000269.067, 178
Trd, 000269.433, 177
Trd, 000270.467, 179
Trd, 000270.517, 175
Trd, 000271.567, 176
Trd, 000272.017, 175
Trd, 000272.067, 174
Trd, 000272.400, 172
Trd, 000272.650, 174
Trd, 000272.867, 164
Trd, 000273.000, 177
Trd, 000273.633, 181
Trd, 000274.850, 178
Trd, 000275.417, 175
Trd, 000275.433, 174
Trd, 000275.717, 169
Trd, 000277.700, 178
Trd, 000278.050, 175
Trd, 000278.067, 173
Trd, 000278.800, 172
Trd, 000279.033, 167
Trd, 000279.217, 170
Trd, 000279.417, 177
Trd, 000279.917, 179
Trd, 000280.050, 181
Trd, 000280.783, 179
Trd, 000280.967, 179
Trd, 000281.150, 176
Trd, 000281.250, 180
Trd, 000281.533, 200
Trd, 000284.100, 182
Trd, 000284.650, 180
Trd, 000285.683, 181
Trd, 000285.733, 182
Trd, 000285.933, 180
Trd, 000286.350, 181
Trd, 000286.717, 180
Trd, 000286.867, 180
Trd, 000286.900, 182
Trd, 000286.967, 179
Trd, 000287.033, 186
Trd, 000287.333, 176
Trd, 000287.933, 174
Trd, 000287.950, 182
Trd, 000288.467, 182
Trd, 000289.000, 182
Trd, 000289.533, 181
Trd, 000289.850, 181
Trd, 000289.967, 179
Trd, 000290.050, 181
Trd, 000291.033, 180
Trd, 000292.083, 181
Trd, 000292.233, 179
Trd, 000293.250, 169
Trd, 000293.400, 182
Trd, 000293.500, 182
Trd, 000295.467, 181
Trd, 000296.267, 181
Trd, 000296.283, 182
Trd, 000296.317, 182
Trd, 000296.517, 183
Trd, 000296.633, 181
Trd, 000296.850, 180
Trd, 000297.700, 187
Trd, 000297.983, 179
Trd, 000298.000, 195
Trd, 000298.833, 185
