Trd, 000001.833, 145
Trd, 000001.867, 189
Trd, 000002.217, 137
Trd, 000002.700, 152
Trd, 000002.933, 156
Trd, 000004.067, 167
Trd, 000004.117, 164
Trd, 000005.783, 149
Trd, 000005.833, 148
Trd, 000005.917, 149
Trd, 000005.967, 145
Trd, 000007.383, 145
Trd, 000007.933, 145
Trd, 000009.300, 143
Trd, 000009.533, 146
Trd, 000009.683, 147
Trd, 000010.050, 147
Trd, 000010.067, 148
Trd, 000010.533, 149
Trd, 000010.550, 173
Trd, 000011.650, 190
Trd, 000012.267, 159
Trd, 000012.900, 155
Trd, 000014.050, 155
Trd, 000014.633, 154
Trd, 000014.867, 153
Trd, 000015.083, 154
Trd, 000015.517, 155
Trd, 000015.767, 155
Trd, 000016.100, 156
Trd, 000016.667, 153
Trd, 000016.733, 155
Trd, 000016.950, 155
Trd, 000018.033, 164
Trd, 000018.183, 166
Trd, 000018.533, 157
Trd, 000019.000, 168
Trd, 000019.267, 156
Trd, 000019.717, 157
Trd, 000020.483, 165
Trd, 000020.700, 157
Trd, 000022.567, 169
Trd, 000022.617, 170
Trd, 000022.733, 157
Trd, 000022.917, 174
Trd, 000023.100, 157
Trd, 000025.617, 153
Trd, 000025.667, 156
Trd, 000025.950, 155
Trd, 000026.017, 158
Trd, 000027.683, 150
Trd, 000027.733, 149
Trd, 000028.050, 149
Trd, 000028.850, 148
Trd, 000029.183, 144
Trd, 000029.200, 144
Trd, 000029.583, 143
Trd, 000029.950, 149
Trd, 000030.083, 149
Trd, 000030.583, 142
Trd, 000031.883, 141
Trd, 000032.450, 141
Trd, 000032.683, 140
Trd, 000032.950, 141
Trd, 000033.033, 143
Trd, 000033.333, 144
Trd, 000033.950, 150
Trd, 000034.467, 157
Trd, 000035.217, 158
Trd, 000035.367, 155
Trd, 000036.217, 155
Trd, 000036.300, 157
Trd, 000037.733, 154
Trd, 000037.917, 154
Trd, 000038.750, 151
Trd, 000039.033, 150
Trd, 000039.633, 150
Trd, 000039.817, 147
Trd, 000040.117, 151
Trd, 000040.300, 152
Trd, 000042.300, 151
Trd, 000042.567, 153
Trd, 000043.083, 153
Trd, 000043.300, 159
Trd, 000045.133, 155
Trd, 000045.383, 156
Trd, 000045.400, 157
Trd, 000045.617, 157
Trd, 000045.650, 155
Trd, 000046.500, 155
Trd, 000046.533, 149
Trd, 000047.100, 156
Trd, 000047.917, 152
Trd, 000048.700, 150
Trd, 000049.567, 152
Trd, 000050.283, 151
Trd, 000050.333, 152
Trd, 000050.533, 160
Trd, 000051.483, 158
Trd, 000051.983, 150
Trd, 000053.000, 153
Trd, 000053.483, 152
Trd, 000053.550, 150
Trd, 000053.583, 150
Trd, 000054.050, 151
Trd, 000054.250, 152
Trd, 000054.450, 158
Trd, 000054.733, 148
Trd, 000056.383, 154
Trd, 000056.417, 148
Trd, 000057.883, 149
Trd, 000058.550, 154
Trd, 000059.167, 155
Trd, 000059.250, 155
Trd, 000059.567, 159
Trd, 000061.583, 153
Trd, 000061.967, 153
Trd, 000062.550, 152
Trd, 000063.083, 153
Trd, 000063.467, 153
Trd, 000063.700, 152
Trd, 000064.300, 152
Trd, 000064.933, 152
Trd, 000065.100, 153
Trd, 000065.433, 152
Trd, 000065.633, 161
Trd, 000067.000, 173
Trd, 000067.283, 163
Trd, 000068.350, 169
Trd, 000068.400, 162
Trd, 000069.667, 167
Trd, 000070.717, 162
Trd, 000072.000, 161
Trd, 000072.133, 162
Trd, 000072.183, 158
Trd, 000073.167, 159
Trd, 000073.383, 160
Trd, 000074.617, 159
Trd, 000074.817, 158
Trd, 000075.033, 158
Trd, 000075.500, 156
Trd, 000075.633, 159
Trd, 000076.250, 160
Trd, 000076.367, 162
Trd, 000077.617, 158
Trd, 000077.833, 158
Trd, 000078.150, 159
Trd, 000078.750, 175
Trd, 000078.933, 155
Trd, 000080.950, 162
Trd, 000081.050, 164
Trd, 000082.117, 159
Trd, 000082.367, 158
Trd, 000083.033, 157
Trd, 000083.283, 159
Trd, 000084.000, 161
Trd, 000084.083, 163
Trd, 000085.117, 155
Trd, 000085.983, 156
Trd, 000086.050, 157
Trd, 000086.367, 154
Trd, 000086.650, 156
Trd, 000087.900, 157
Trd, 000088.233, 154
Trd, 000088.267, 155
Trd, 000088.600, 155
Trd, 000089.117, 156
Trd, 000089.783, 157
Trd, 000090.550, 154
Trd, 000090.650, 156
Trd, 000091.350, 154
Trd, 000091.800, 154
Trd, 000091.900, 155
Trd, 000092.150, 162
Trd, 000092.217, 164
Trd, 000093.783, 159
Trd, 000093.950, 160
Trd, 000095.017, 162
Trd, 000095.217, 161
Trd, 000096.300, 164
Trd, 000096.717, 159
Trd, 000097.333, 163
Trd, 000097.733, 164
Trd, 000097.817, 164
Trd, 000098.150, 158
Trd, 000098.250, 157
Trd, 000098.333, 164
Trd, 000099.550, 160
Trd, 000099.967, 162
Trd, 000100.550, 163
Trd, 000100.567, 161
Trd, 000101.333, 163
Trd, 000101.933, 160
Trd, 000102.467, 158
Trd, 000102.917, 158
Trd, 000103.400, 157
Trd, 000103.717, 156
Trd, 000103.833, 155
Trd, 000104.617, 153
Trd, 000105.233, 164
Trd, 000105.883, 169
Trd, 000106.117, 166
Trd, 000106.300, 166
Trd, 000106.450, 168
Trd, 000106.533, 177
Trd, 000108.017, 170
Trd, 000108.383, 173
Trd, 000109.017, 176
Trd, 000109.500, 176
Trd, 000109.983, 176
Trd, 000110.583, 174
Trd, 000110.833, 173
Trd, 000112.017, 157
Trd, 000112.683, 157
Trd, 000112.833, 158
Trd, 000112.883, 158
Trd, 000113.117, 156
Trd, 000114.117, 154
Trd, 000114.267, 154
Trd, 000114.433, 152
Trd, 000114.500, 155
Trd, 000115.867, 155
Trd, 000116.383, 153
Trd, 000116.883, 152
Trd, 000116.967, 154
Trd, 000117.367, 154
Trd, 000117.450, 149
Trd, 000117.533, 167
Trd, 000118.500, 163
Trd, 000118.600, 154
Trd, 000120.667, 159
Trd, 000121.367, 158
Trd, 000121.500, 158
Trd, 000121.800, 159
Trd, 000122.183, 158
Trd, 000122.350, 155
Trd, 000122.667, 155
Trd, 000122.750, 156
Trd, 000122.983, 154
Trd, 000123.000, 163
Trd, 000124.033, 166
Trd, 000124.800, 157
Trd, 000124.883, 158
Trd, 000124.900, 159
Trd, 000126.250, 161
Trd, 000127.100, 158
Trd, 000127.633, 159
Trd, 000127.967, 160
Trd, 000129.183, 168
Trd, 000130.000, 181
Trd, 000130.917, 171
Trd, 000131.217, 173
Trd, 000131.983, 164
Trd, 000132.050, 173
Trd, 000132.400, 164
Trd, 000132.533, 170
Trd, 000132.967, 163
Trd, 000133.600, 163
Trd, 000134.233, 162
Trd, 000134.267, 161
Trd, 000134.533, 160
Trd, 000134.933, 157
Trd, 000135.050, 158
Trd, 000135.233, 156
Trd, 000135.283, 157
Trd, 000135.783, 150
Trd, 000136.733, 157
Trd, 000137.433, 157
Trd, 000137.667, 168
Trd, 000138.567, 165
Trd, 000139.000, 164
Trd, 000140.350, 169
Trd, 000141.033, 168
Trd, 000141.133, 169
Trd, 000141.417, 178
Trd, 000141.933, 175
Trd, 000142.833, 174
Trd, 000142.850, 176
Trd, 000143.583, 172
Trd, 000144.267, 160
Trd, 000144.583, 158
Trd, 000144.733, 172
Trd, 000144.917, 174
Trd, 000146.233, 168
Trd, 000146.583, 166
Trd, 000147.483, 168
Trd, 000147.667, 171
Trd, 000148.983, 166
Trd, 000149.383, 169
Trd, 000150.200, 166
Trd, 000150.467, 168
Trd, 000151.100, 165
Trd, 000152.467, 167
Trd, 000152.733, 163
Trd, 000153.033, 166
Trd, 000153.550, 162
Trd, 000154.633, 162
Trd, 000154.700, 161
Trd, 000154.850, 162
Trd, 000155.300, 159
Trd, 000155.967, 159
Trd, 000156.333, 160
Trd, 000157.033, 169
Trd, 000157.517, 170
Trd, 000158.550, 170
Trd, 000159.683, 160
Trd, 000159.900, 161
Trd, 000160.183, 160
Trd, 000160.383, 160
Trd, 000161.300, 162
Trd, 000161.500, 161
Trd, 000162.300, 160
Trd, 000162.733, 160
Trd, 000162.850, 162
Trd, 000164.483, 161
Trd, 000164.817, 159
Trd, 000165.050, 158
Trd, 000165.450, 157
Trd, 000165.717, 158
Trd, 000165.750, 156
Trd, 000166.250, 158
Trd, 000166.583, 162
Trd, 000166.950, 158
Trd, 000169.783, 160
Trd, 000169.817, 161
Trd, 000170.400, 162
Trd, 000170.633, 172
Trd, 000170.833, 176
Trd, 000171.317, 172
Trd, 000172.117, 173
Trd, 000172.367, 170
Trd, 000172.683, 171
Trd, 000172.983, 177
Trd, 000173.500, 168
Trd, 000173.983, 172
Trd, 000174.183, 174
Trd, 000174.483, 170
Trd, 000175.117, 166
Trd, 000175.383, 171
Trd, 000177.300, 171
Trd, 000178.117, 170
Trd, 000178.150, 173
Trd, 000179.233, 185
Trd, 000179.317, 167
Trd, 000180.217, 169
Trd, 000180.600, 167
Trd, 000181.483, 166
Trd, 000181.500, 168
Trd, 000181.783, 166
Trd, 000182.283, 168
Trd, 000183.000, 165
Trd, 000183.167, 168
Trd, 000184.133, 165
Trd, 000185.567, 165
Trd, 000185.850, 163
Trd, 000186.383, 166
Trd, 000186.433, 166
Trd, 000186.450, 173
Trd, 000187.267, 171
Trd, 000187.283, 175
Trd, 000187.967, 180
Trd, 000189.517, 170
Trd, 000190.600, 159
Trd, 000190.667, 160
Trd, 000191.100, 160
Trd, 000191.650, 161
Trd, 000191.867, 161
Trd, 000192.283, 173
Trd, 000192.500, 170
Trd, 000192.650, 173
Trd, 000193.233, 173
Trd, 000195.767, 170
Trd, 000197.033, 165
Trd, 000197.200, 167
Trd, 000197.467, 167
Trd, 000197.917, 168
Trd, 000197.950, 164
Trd, 000198.017, 169
Trd, 000198.167, 171
Trd, 000201.000, 164
Trd, 000201.050, 165
Trd, 000201.083, 163
Trd, 000201.133, 162
Trd, 000201.267, 161
Trd, 000201.450, 175
Trd, 000201.650, 188
Trd, 000202.650, 183
Trd, 000203.250, 188
Trd, 000204.017, 185
Trd, 000204.650, 182
Trd, 000205.683, 179
Trd, 000206.500, 173
Trd, 000206.750, 174
Trd, 000207.583, 174
Trd, 000207.617, 175
Trd, 000208.267, 174
Trd, 000208.533, 167
Trd, 000209.300, 167
Trd, 000209.733, 163
Trd, 000209.967, 162
Trd, 000210.200, 163
Trd, 000211.467, 162
Trd, 000211.833, 162
Trd, 000212.183, 176
Trd, 000213.050, 169
Trd, 000214.033, 167
Trd, 000214.117, 167
Trd, 000214.133, 168
Trd, 000214.683, 165
Trd, 000217.083, 169
Trd, 000217.100, 170
Trd, 000217.667, 166
Trd, 000217.717, 170
Trd, 000218.817, 167
Trd, 000219.850, 167
Trd, 000220.117, 168
Trd, 000221.067, 166
Trd, 000221.333, 169
Trd, 000222.500, 170
Trd, 000222.633, 172
Trd, 000223.350, 172
Trd, 000223.967, 172
Trd, 000224.233, 170
Trd, 000224.617, 167
Trd, 000224.633, 171
Trd, 000225.217, 177
Trd, 000225.483, 178
Trd, 000225.650, 166
Trd, 000226.833, 187
Trd, 000227.133, 178
Trd, 000227.500, 174
Trd, 000228.417, 167
Trd, 000229.533, 180
Trd, 000230.767, 174
Trd, 000231.133, 172
Trd, 000231.283, 174
Trd, 000231.533, 174
Trd, 000231.583, 171
Trd, 000231.783, 176
Trd, 000231.883, 177
Trd, 000233.283, 177
Trd, 000233.767, 190
Trd, 000233.783, 191
Trd, 000234.067, 174
Trd, 000234.217, 176
Trd, 000235.217, 174
Trd, 000235.750, 178
Trd, 000236.550, 173
Trd, 000236.683, 175
Trd, 000237.217, 172
Trd, 000237.267, 173
Trd, 000237.300, 175
Trd, 000238.717, 176
Trd, 000239.083, 179
Trd, 000240.050, 175
Trd, 000240.700, 173
Trd, 000241.133, 174
Trd, 000241.150, 175
Trd, 000241.717, 174
Trd, 000241.867, 173
Trd, 000242.417, 173
Trd, 000242.900, 173
Trd, 000243.667, 169
Trd, 000244.133, 168
Trd, 000244.583, 170
Trd, 000245.433, 170
Trd, 000245.583, 170
Trd, 000245.650, 171
Trd, 000245.783, 168
Trd, 000246.167, 172
Trd, 000246.383, 179
Trd, 000247.583, 183
Trd, 000248.267, 180
Trd, 000248.667, 182
Trd, 000248.767, 183
Trd, 000249.100, 181
Trd, 000250.917, 180
Trd, 000251.233, 180
Trd, 000251.850, 180
Trd, 000251.950, 179
Trd, 000252.467, 178
Trd, 000252.517, 180
Trd, 000253.267, 176
Trd, 000253.733, 177
Trd, 000254.883, 170
Trd, 000254.950, 171
Trd, 000255.117, 171
Trd, 000255.600, 171
Trd, 000255.800, 170
Trd, 000255.817, 172
Trd, 000256.050, 176
Trd, 000256.600, 180
Trd, 000257.583, 178
Trd, 000257.717, 177
Trd, 000257.800, 175
Trd, 000258.617, 177
Trd, 000258.817, 173
Trd, 000258.917, 177
Trd, 000259.150, 177
Trd, 000260.267, 168
Trd, 000260.517, 167
Trd, 000260.583, 168
Trd, 000260.700, 170
Trd, 000261.350, 172
Trd, 000261.567, 173
Trd, 000262.333, 170
Trd, 000262.950, 173
Trd, 000263.950, 181
Trd, 000264.717, 180
Trd, 000264.783, 177
Trd, 000265.733, 176
Trd, 000265.867, 178
Trd, 000266.283, 179
Trd, 000266.450, 181
Trd, 000266.950, 183
Trd, 000267.100, 182
Trd, 000267.850, 185
Trd, 000268.117, 185
Trd, 000269.400, 182
Trd, 000270.150, 184
Trd, 000270.217, 179
Trd, 000270.600, 183
Trd, 000271.033, 185
Trd, 000271.700, 183
Trd, 000272.483, 183
Trd, 000272.983, 174
Trd, 000273.017, 175
Trd, 000273.117, 176
Trd, 000273.300, 182
Trd, 000273.350, 184
Trd, 000273.867, 198
Trd, 000275.600, 191
Trd, 000276.100, 191
Trd, 000276.133, 183
Trd, 000276.183, 195
Trd, 000276.383, 182
Trd, 000278.883, 183
Trd, 000279.100, 182
Trd, 000279.283, 186
Trd, 000279.700, 179
Trd, 000279.767, 182
Trd, 000280.267, 181
Trd, 000280.283, 186
Trd, 000281.017, 187
Trd, 000281.083, 183
Trd, 000281.150, 191
Trd, 000282.250, 184
Trd, 000282.350, 181
Trd, 000282.867, 185
Trd, 000283.567, 185
Trd, 000284.150, 186
Trd, 000284.600, 183
Trd, 000285.083, 179
Trd, 000285.317, 182
Trd, 000286.567, 181
Trd, 000286.583, 180
Trd, 000287.133, 181
Trd, 000287.817, 181
Trd, 000288.367, 180
Trd, 000288.533, 180
Trd, 000288.967, 181
Trd, 000289.283, 180
Trd, 000289.733, 177
Trd, 000289.767, 179
Trd, 000290.367, 179
Trd, 000290.517, 180
Trd, 000291.733, 178
Trd, 000292.033, 177
Trd, 000292.167, 178
Trd, 000292.817, 175
Trd, 000293.433, 178
Trd, 000294.533, 176
Trd, 000294.633, 177
Trd, 000295.000, 175
Trd, 000295.700, 180
Trd, 000296.200, 177
Trd, 000296.583, 182
Trd, 000297.950, 182
Trd, 000298.783, 181
Trd, 000298.917, 179
Trd, 000299.717, 179
Trd, 000299.783, 180
