Trd, 000001.883, 119
Trd, 000002.167, 120
Trd, 000003.283, 130
Trd, 000004.300, 138
Trd, 000004.317, 136
Trd, 000004.983, 141
Trd, 000005.567, 146
Trd, 000005.617, 140
Trd, 000005.700, 164
Trd, 000006.350, 166
Trd, 000006.400, 140
Trd, 000006.450, 168
Trd, 000007.667, 158
Trd, 000008.633, 157
Trd, 000008.800, 156
Trd, 000009.817, 160
Trd, 000010.067, 159
Trd, 000011.483, 156
Trd, 000011.850, 157
Trd, 000013.367, 154
Trd, 000013.900, 155
Trd, 000014.200, 150
Trd, 000014.450, 150
Trd, 000014.800, 155
Trd, 000015.183, 152
Trd, 000015.233, 149
Trd, 000016.183, 151
Trd, 000016.267, 150
Trd, 000016.417, 154
Trd, 000016.650, 149
Trd, 000016.750, 143
Trd, 000017.733, 151
Trd, 000018.850, 150
Trd, 000019.083, 151
Trd, 000019.150, 150
Trd, 000020.267, 161
Trd, 000020.800, 160
Trd, 000021.583, 154
Trd, 000022.067, 154
Trd, 000022.800, 156
Trd, 000023.433, 163
Trd, 000023.783, 155
Trd, 000024.900, 155
Trd, 000025.200, 162
Trd, 000025.800, 155
Trd, 000026.083, 155
Trd, 000026.717, 160
Trd, 000027.150, 163
Trd, 000028.550, 162
Trd, 000029.250, 161
Trd, 000029.650, 161
Trd, 000029.750, 161
Trd, 000030.067, 162
Trd, 000030.833, 164
Trd, 000032.500, 166
Trd, 000032.867, 161
Trd, 000033.000, 168
Trd, 000034.567, 175
Trd, 000034.667, 165
Trd, 000035.133, 166
Trd, 000035.733, 162
Trd, 000036.183, 156
Trd, 000036.733, 155
Trd, 000037.650, 157
Trd, 000037.667, 152
Trd, 000038.400, 157
Trd, 000038.917, 156
Trd, 000039.017, 157
Trd, 000039.567, 158
Trd, 000040.467, 155
Trd, 000041.833, 146
Trd, 000041.883, 144
Trd, 000042.283, 147
Trd, 000042.400, 148
Trd, 000042.633, 150
Trd, 000042.783, 152
Trd, 000043.200, 152
Trd, 000043.633, 154
Trd, 000044.300, 152
Trd, 000044.550, 152
Trd, 000045.483, 149
Trd, 000045.583, 162
Trd, 000046.133, 144
Trd, 000046.367, 144
Trd, 000048.183, 147
Trd, 000048.617, 149
Trd, 000049.283, 148
Trd, 000049.683, 148
Trd, 000049.967, 150
Trd, 000050.683, 147
Trd, 000051.183, 151
Trd, 000051.950, 147
Trd, 000052.133, 167
Trd, 000053.133, 167
Trd, 000053.267, 163
Trd, 000055.233, 160
Trd, 000056.300, 161
Trd, 000056.583, 162
Trd, 000056.600, 158
Trd, 000057.233, 159
Trd, 000057.267, 163
Trd, 000057.700, 168
Trd, 000058.400, 162
Trd, 000059.183, 161
Trd, 000060.267, 161
Trd, 000060.500, 160
Trd, 000060.833, 161
Trd, 000060.917, 161
Trd, 000061.083, 160
Trd, 000061.433, 163
Trd, 000061.833, 171
Trd, 000062.350, 174
Trd, 000063.117, 164
Trd, 000064.033, 167
Trd, 000066.783, 165
Trd, 000067.283, 165
Trd, 000067.650, 164
Trd, 000067.733, 165
Trd, 000067.917, 165
Trd, 000068.617, 165
Trd, 000068.717, 166
Trd, 000069.450, 165
Trd, 000070.133, 163
Trd, 000070.417, 148
Trd, 000071.367, 160
Trd, 000071.483, 165
Trd, 000072.550, 164
Trd, 000072.917, 165
Trd, 000073.117, 161
Trd, 000073.233, 159
Trd, 000074.200, 158
Trd, 000075.250, 160
Trd, 000076.233, 163
Trd, 000076.483, 166
Trd, 000076.700, 161
Trd, 000077.350, 167
Trd, 000077.917, 166
Trd, 000079.583, 161
Trd, 000081.183, 162
Trd, 000081.200, 162
Trd, 000081.467, 169
Trd, 000082.000, 170
Trd, 000083.233, 168
Trd, 000083.767, 166
Trd, 000084.033, 166
Trd, 000084.083, 167
Trd, 000084.717, 166
Trd, 000085.000, 165
Trd, 000085.233, 167
Trd, 000085.733, 159
Trd, 000086.083, 156
Trd, 000086.483, 155
Trd, 000088.033, 167
Trd, 000088.367, 168
Trd, 000089.200, 163
Trd, 000089.617, 165
Trd, 000089.883, 163
Trd, 000089.950, 171
Trd, 000092.017, 167
Trd, 000092.217, 165
Trd, 000093.400, 164
Trd, 000093.433, 163
Trd, 000094.417, 168
Trd, 000094.550, 167
Trd, 000095.167, 168
Trd, 000095.367, 170
Trd, 000097.983, 168
Trd, 000098.383, 167
Trd, 000100.033, 167
Trd, 000100.283, 164
Trd, 000100.633, 165
Trd, 000100.667, 166
Trd, 000100.783, 163
Trd, 000101.300, 162
Trd, 000102.317, 164
Trd, 000102.600, 163
Trd, 000102.933, 162
Trd, 000103.500, 165
Trd, 000103.567, 160
Trd, 000104.117, 164
Trd, 000104.300, 165
Trd, 000105.283, 165
Trd, 000106.000, 167
Trd, 000107.617, 166
Trd, 000107.933, 163
Trd, 000108.433, 165
Trd, 000108.600, 159
Trd, 000109.050, 163
Trd, 000109.350, 164
Trd, 000109.633, 172
Trd, 000110.383, 162
Trd, 000110.717, 163
Trd, 000110.783, 167
Trd, 000110.883, 173
Trd, 000112.700, 169
Trd, 000113.283, 167
Trd, 000113.750, 168
Trd, 000113.800, 169
Trd, 000113.967, 164
Trd, 000115.817, 167
Trd, 000116.233, 166
Trd, 000116.250, 170
Trd, 000117.533, 170
Trd, 000117.983, 169
Trd, 000118.100, 167
Trd, 000118.533, 171
Trd, 000118.617, 163
Trd, 000119.833, 170
Trd, 000120.467, 169
Trd, 000121.317, 167
Trd, 000121.817, 168
Trd, 000122.433, 166
Trd, 000122.600, 163
Trd, 000122.733, 160
Trd, 000123.250, 168
Trd, 000123.467, 162
Trd, 000124.433, 164
Trd, 000126.067, 165
Trd, 000126.333, 166
Trd, 000126.633, 166
Trd, 000127.167, 164
Trd, 000127.767, 161
Trd, 000129.333, 165
Trd, 000129.450, 156
Trd, 000131.017, 163
Trd, 000131.350, 160
Trd, 000131.750, 164
Trd, 000132.050, 161
Trd, 000133.533, 163
Trd, 000134.117, 170
Trd, 000134.550, 171
Trd, 000134.633, 162
Trd, 000135.700, 168
Trd, 000136.400, 162
Trd, 000137.150, 162
Trd, 000137.400, 165
Trd, 000137.467, 166
Trd, 000137.800, 173
Trd, 000138.333, 170
Trd, 000138.767, 175
Trd, 000139.083, 166
Trd, 000140.083, 173
Trd, 000140.767, 172
Trd, 000141.700, 170
Trd, 000143.250, 170
Trd, 000144.233, 179
Trd, 000144.550, 168
Trd, 000145.167, 165
Trd, 000145.283, 173
Trd, 000145.583, 175
Trd, 000146.567, 174
Trd, 000146.933, 172
Trd, 000148.133, 175
Trd, 000149.517, 173
Trd, 000149.617, 169
Trd, 000151.000, 172
Trd, 000151.183, 169
Trd, 000151.250, 167
Trd, 000151.800, 163
Trd, 000152.150, 170
Trd, 000152.233, 166
Trd, 000152.833, 156
Trd, 000153.750, 156
Trd, 000153.850, 164
Trd, 000155.033, 160
Trd, 000155.633, 160
Trd, 000156.383, 174
Trd, 000156.883, 165
Trd, 000158.000, 162
Trd, 000158.750, 179
Trd, 000159.283, 188
Trd, 000160.100, 178
Trd, 000160.833, 178
Trd, 000160.883, 177
Trd, 000161.233, 174
Trd, 000161.417, 167
Trd, 000161.633, 164
Trd, 000162.883, 175
Trd, 000164.283, 174
Trd, 000164.533, 171
Trd, 000164.850, 169
Trd, 000165.100, 168
Trd, 000168.033, 171
Trd, 000168.167, 173
Trd, 000168.217, 169
Trd, 000168.717, 168
Trd, 000169.433, 165
Trd, 000169.700, 168
Trd, 000170.250, 168
Trd, 000171.083, 170
Trd, 000172.383, 170
Trd, 000172.667, 168
Trd, 000172.700, 169
Trd, 000172.733, 168
Trd, 000173.000, 168
Trd, 000173.183, 179
Trd, 000173.933, 166
Trd, 000175.250, 176
Trd, 000175.883, 166
Trd, 000175.950, 176
Trd, 000176.167, 169
Trd, 000177.633, 170
Trd, 000178.850, 172
Trd, 000180.217, 171
Trd, 000180.333, 172
Trd, 000180.633, 172
Trd, 000180.917, 171
Trd, 000180.933, 169
Trd, 000181.433, 169
Trd, 000181.800, 166
Trd, 000182.033, 152
Trd, 000182.067, 171
Trd, 000184.767, 165
Trd, 000184.883, 169
Trd, 000185.283, 166
Trd, 000185.333, 165
Trd, 000185.617, 170
Trd, 000187.667, 171
Trd, 000187.717, 170
Trd, 000188.283, 170
Trd, 000188.733, 169
Trd, 000188.933, 170
Trd, 000189.150, 171
Trd, 000189.967, 168
Trd, 000190.150, 168
Trd, 000190.933, 167
Trd, 000191.583, 168
Trd, 000192.383, 178
Trd, 000192.450, 177
Trd, 000192.617, 174
Trd, 000192.983, 178
Trd, 000193.400, 173
Trd, 000193.517, 167
Trd, 000193.550, 176
Trd, 000193.883, 178
Trd, 000194.417, 172
Trd, 000196.017, 170
Trd, 000197.300, 169
Trd, 000198.450, 173
Trd, 000199.100, 173
Trd, 000199.217, 172
Trd, 000199.817, 173
Trd, 000200.433, 171
Trd, 000201.183, 171
Trd, 000201.833, 169
Trd, 000202.000, 168
Trd, 000202.033, 160
Trd, 000202.567, 174
Trd, 000202.967, 155
Trd, 000204.517, 173
Trd, 000204.750, 182
Trd, 000205.317, 185
Trd, 000205.917, 180
Trd, 000206.233, 179
Trd, 000207.350, 180
Trd, 000207.633, 180
Trd, 000207.783, 179
Trd, 000208.233, 179
Trd, 000208.450, 178
Trd, 000208.550, 186
Trd, 000210.017, 184
Trd, 000210.467, 182
Trd, 000210.617, 184
Trd, 000211.083, 172
Trd, 000211.633, 181
Trd, 000211.650, 162
Trd, 000213.300, 169
Trd, 000213.367, 170
Trd, 000213.433, 170
Trd, 000213.583, 171
Trd, 000214.367, 172
Trd, 000214.667, 171
Trd, 000214.850, 170
Trd, 000215.600, 172
Trd, 000216.233, 172
Trd, 000217.117, 181
Trd, 000217.233, 184
Trd, 000218.150, 181
Trd, 000218.583, 180
Trd, 000219.367, 179
Trd, 000220.217, 180
Trd, 000220.367, 178
Trd, 000221.033, 181
Trd, 000221.583, 178
Trd, 000222.233, 181
Trd, 000223.750, 184
Trd, 000223.800, 180
Trd, 000223.900, 179
Trd, 000224.300, 178
Trd, 000224.400, 163
Trd, 000224.833, 173
Trd, 000226.083, 184
Trd, 000227.117, 174
Trd, 000228.250, 171
Trd, 000228.317, 172
Trd, 000228.517, 178
Trd, 000228.583, 170
Trd, 000228.783, 179
Trd, 000228.917, 179
Trd, 000229.767, 179
Trd, 000231.433, 174
Trd, 000231.950, 174
Trd, 000232.367, 172
Trd, 000233.967, 170
Trd, 000234.467, 171
Trd, 000236.083, 173
Trd, 000236.383, 174
Trd, 000236.450, 174
Trd, 000236.883, 183
Trd, 000237.350, 175
Trd, 000238.350, 188
Trd, 000239.017, 182
Trd, 000239.183, 197
Trd, 000239.733, 182
Trd, 000240.833, 195
Trd, 000241.167, 186
Trd, 000241.550, 184
Trd, 000241.767, 187
Trd, 000241.800, 184
Trd, 000242.133, 175
Trd, 000242.550, 176
Trd, 000242.817, 175
Trd, 000243.017, 173
Trd, 000243.350, 172
Trd, 000244.167, 171
Trd, 000244.317, 173
Trd, 000244.500, 186
Trd, 000245.867, 184
Trd, 000246.017, 186
Trd, 000246.383, 186
Trd, 000246.600, 183
Trd, 000246.683, 179
Trd, 000247.250, 179
Trd, 000247.550, 177
Trd, 000248.383, 181
Trd, 000248.550, 184
Trd, 000248.633, 186
Trd, 000249.233, 186
Trd, 000250.067, 183
Trd, 000250.683, 181
Trd, 000250.983, 182
Trd, 000251.200, 182
Trd, 000251.483, 176
Trd, 000252.150, 180
Trd, 000252.567, 177
Trd, 000252.600, 174
Trd, 000252.883, 180
Trd, 000253.733, 173
Trd, 000254.033, 174
Trd, 000254.767, 176
Trd, 000255.450, 174
Trd, 000255.583, 174
Trd, 000256.150, 174
Trd, 000256.550, 173
Trd, 000257.733, 167
Trd, 000258.017, 172
Trd, 000258.033, 176
Trd, 000259.217, 177
Trd, 000259.417, 173
Trd, 000259.650, 174
Trd, 000260.017, 174
Trd, 000260.300, 174
Trd, 000260.583, 173
Trd, 000260.783, 178
Trd, 000261.117, 184
Trd, 000261.967, 180
Trd, 000262.417, 177
Trd, 000262.650, 191
Trd, 000262.867, 189
Trd, 000263.717, 188
Trd, 000264.417, 177
Trd, 000264.883, 179
Trd, 000265.000, 175
Trd, 000265.450, 177
Trd, 000265.533, 179
Trd, 000266.583, 178
Trd, 000266.883, 178
Trd, 000267.200, 178
Trd, 000267.750, 176
Trd, 000268.100, 179
Trd, 000268.317, 188
Trd, 000269.367, 182
Trd, 000270.150, 179
Trd, 000270.283, 178
Trd, 000270.917, 178
Trd, 000271.467, 179
Trd, 000271.650, 181
Trd, 000271.900, 183
Trd, 000272.350, 178
Trd, 000273.650, 171
Trd, 000273.700, 178
Trd, 000274.250, 182
Trd, 000274.483, 184
Trd, 000274.567, 183
Trd, 000275.050, 185
Trd, 000275.567, 180
Trd, 000275.650, 182
Trd, 000275.767, 179
Trd, 000277.050, 179
Trd, 000277.483, 178
Trd, 000277.517, 167
Trd, 000277.950, 173
Trd, 000278.100, 181
Trd, 000278.417, 174
Trd, 000279.583, 181
Trd, 000280.550, 186
Trd, 000280.817, 183
Trd, 000281.383, 187
Trd, 000281.650, 182
Trd, 000281.850, 183
Trd, 000281.900, 179
Trd, 000282.033, 186
Trd, 000282.717, 179
Trd, 000282.867, 178
Trd, 000282.983, 168
Trd, 000283.333, 165
Trd, 000283.433, 162
Trd, 000284.267, 185
Trd, 000284.417, 186
Trd, 000284.783, 176
Trd, 000285.067, 179
Trd, 000286.300, 179
Trd, 000286.483, 180
Trd, 000286.500, 182
Trd, 000286.517, 182
Trd, 000286.800, 179
Trd, 000287.533, 181
Trd, 000288.017, 177
Trd, 000288.600, 179
Trd, 000289.200, 178
Trd, 000289.233, 177
Trd, 000290.333, 179
Trd, 000290.550, 178
Trd, 000291.433, 177
Trd, 000291.717, 176
Trd, 000291.800, 171
Trd, 000291.883, 169
Trd, 000292.433, 174
Trd, 000292.850, 169
Trd, 000293.117, 174
Trd, 000293.500, 174
Trd, 000293.750, 176
Trd, 000294.067, 171
Trd, 000294.433, 174
Trd, 000295.167, 178
Trd, 000295.733, 171
Trd, 000296.333, 177
Trd, 000296.867, 173
Trd, 000297.400, 186
Trd, 000298.100, 180
Trd, 000298.683, 186
Trd, 000299.117, 183
Trd, 000299.400, 181
