Trd, 000001.017, 189
Trd, 000002.333, 147
Trd, 000002.917, 144
Trd, 000003.050, 127
Trd, 000005.217, 151
Trd, 000005.367, 152
Trd, 000005.767, 159
Trd, 000005.983, 143
Trd, 000006.233, 143
Trd, 000006.267, 144
Trd, 000006.400, 155
Trd, 000006.450, 163
Trd, 000008.083, 150
Trd, 000008.250, 154
Trd, 000008.583, 153
Trd, 000008.750, 149
Trd, 000009.100, 155
Trd, 000009.417, 152
Trd, 000010.033, 152
Trd, 000010.100, 149
Trd, 000010.767, 148
Trd, 000010.967, 150
Trd, 000011.167, 148
Trd, 000012.100, 148
Trd, 000012.433, 150
Trd, 000013.050, 150
Trd, 000013.083, 149
Trd, 000014.067, 147
Trd, 000014.417, 148
Trd, 000015.767, 149
Trd, 000015.817, 148
Trd, 000015.833, 149
Trd, 000016.067, 150
Trd, 000016.167, 158
Trd, 000016.817, 146
Trd, 000017.233, 156
Trd, 000017.383, 135
Trd, 000017.433, 158
Trd, 000017.650, 160
Trd, 000017.867, 169
Trd, 000019.017, 147
Trd, 000020.083, 147
Trd, 000020.100, 145
Trd, 000020.633, 146
Trd, 000020.650, 148
Trd, 000021.317, 145
Trd, 000021.417, 145
Trd, 000021.667, 146
Trd, 000022.450, 147
Trd, 000022.683, 148
Trd, 000022.883, 150
Trd, 000023.583, 157
Trd, 000024.517, 149
Trd, 000024.850, 154
Trd, 000024.917, 149
Trd, 000025.550, 153
Trd, 000026.233, 153
Trd, 000026.317, 152
Trd, 000026.750, 158
Trd, 000026.950, 155
Trd, 000027.717, 152
Trd, 000028.633, 153
Trd, 000028.683, 155
Trd, 000028.883, 156
Trd, 000029.467, 157
Trd, 000029.650, 155
Trd, 000030.433, 154
Trd, 000031.050, 153
Trd, 000031.500, 155
Trd, 000032.067, 155
Trd, 000032.250, 154
Trd, 000032.300, 152
Trd, 000033.283, 154
Trd, 000033.400, 154
Trd, 000033.567, 155
Trd, 000033.733, 153
Trd, 000033.900, 158
Trd, 000035.017, 154
Trd, 000035.667, 152
Trd, 000036.067, 152
Trd, 000036.450, 152
Trd, 000036.783, 161
Trd, 000037.133, 160
Trd, 000037.750, 155
Trd, 000037.883, 156
Trd, 000038.617, 156
Trd, 000039.100, 154
Trd, 000039.467, 152
Trd, 000039.983, 152
Trd, 000041.483, 157
Trd, 000041.717, 128
Trd, 000041.850, 158
Trd, 000042.367, 158
Trd, 000042.400, 159
Trd, 000043.133, 143
Trd, 000043.467, 142
Trd, 000043.517, 141
Trd, 000043.883, 152
Trd, 000044.300, 162
Trd, 000044.417, 157
Trd, 000044.533, 154
Trd, 000044.850, 155
Trd, 000045.017, 144
Trd, 000045.517, 153
Trd, 000046.650, 149
Trd, 000047.167, 149
Trd, 000047.300, 149
Trd, 000048.017, 149
Trd, 000048.450, 151
Trd, 000048.900, 159
Trd, 000049.067, 150
Trd, 000049.467, 150
Trd, 000050.833, 150
Trd, 000051.000, 151
Trd, 000051.317, 154
Trd, 000051.733, 153
Trd, 000052.117, 150
Trd, 000052.333, 149
Trd, 000052.783, 150
Trd, 000052.867, 149
Trd, 000052.967, 151
Trd, 000053.433, 152
Trd, 000053.733, 152
Trd, 000053.767, 160
Trd, 000053.800, 151
Trd, 000054.817, 163
Trd, 000055.767, 157
Trd, 000057.283, 156
Trd, 000058.600, 156
Trd, 000058.667, 157
Trd, 000058.683, 159
Trd, 000058.783, 154
Trd, 000059.200, 148
Trd, 000059.283, 155
Trd, 000060.067, 156
Trd, 000060.133, 158
Trd, 000060.283, 152
Trd, 000060.333, 157
Trd, 000061.100, 146
Trd, 000061.383, 159
Trd, 000061.733, 149
Trd, 000061.867, 161
Trd, 000062.050, 144
Trd, 000062.317, 164
Trd, 000062.333, 143
Trd, 000062.467, 174
Trd, 000064.333, 144
Trd, 000065.367, 151
Trd, 000065.550, 152
Trd, 000066.250, 151
Trd, 000066.267, 152
Trd, 000066.650, 153
Trd, 000067.733, 151
Trd, 000067.750, 153
Trd, 000068.483, 152
Trd, 000068.883, 155
Trd, 000069.400, 157
Trd, 000069.833, 162
Trd, 000069.883, 151
Trd, 000070.200, 151
Trd, 000071.450, 152
Trd, 000071.517, 151
Trd, 000071.617, 151
Trd, 000071.650, 147
Trd, 000072.467, 153
Trd, 000072.667, 154
Trd, 000073.417, 154
Trd, 000073.717, 150
Trd, 000073.767, 155
Trd, 000074.733, 155
Trd, 000074.917, 155
Trd, 000075.550, 152
Trd, 000075.733, 151
Trd, 000076.033, 151
Trd, 000076.283, 159
Trd, 000076.317, 151
Trd, 000077.533, 154
Trd, 000077.933, 162
Trd, 000078.317, 158
Trd, 000078.450, 163
Trd, 000079.250, 160
Trd, 000079.383, 160
Trd, 000079.683, 159
Trd, 000079.833, 166
Trd, 000079.983, 170
Trd, 000080.533, 169
Trd, 000081.317, 165
Trd, 000081.450, 164
Trd, 000081.633, 163
Trd, 000081.750, 156
Trd, 000082.817, 121
Trd, 000083.833, 145
Trd, 000084.400, 169
Trd, 000084.483, 167
Trd, 000084.950, 172
Trd, 000085.000, 174
Trd, 000085.183, 166
Trd, 000085.750, 183
Trd, 000086.250, 175
Trd, 000086.567, 167
Trd, 000087.117, 165
Trd, 000087.217, 173
Trd, 000088.917, 165
Trd, 000088.983, 160
Trd, 000089.117, 166
Trd, 000089.233, 167
Trd, 000090.017, 163
Trd, 000090.367, 161
Trd, 000090.800, 161
Trd, 000091.283, 159
Trd, 000091.350, 159
Trd, 000092.517, 158
Trd, 000092.583, 158
Trd, 000092.950, 161
Trd, 000093.067, 164
Trd, 000093.783, 177
Trd, 000094.017, 167
Trd, 000094.217, 169
Trd, 000094.550, 163
Trd, 000094.750, 162
Trd, 000095.550, 161
Trd, 000096.400, 159
Trd, 000096.417, 159
Trd, 000096.517, 158
Trd, 000097.067, 165
Trd, 000097.867, 165
Trd, 000098.350, 168
Trd, 000098.733, 162
Trd, 000099.133, 164
Trd, 000099.633, 168
Trd, 000099.983, 162
Trd, 000100.783, 161
Trd, 000100.967, 161
Trd, 000101.100, 162
Trd, 000101.233, 169
Trd, 000101.283, 174
Trd, 000101.317, 161
Trd, 000102.367, 165
Trd, 000102.733, 165
Trd, 000102.967, 166
Trd, 000103.217, 168
Trd, 000103.517, 168
Trd, 000103.967, 178
Trd, 000104.300, 166
Trd, 000104.983, 167
Trd, 000105.267, 166
Trd, 000105.633, 167
Trd, 000106.500, 167
Trd, 000107.050, 161
Trd, 000108.950, 165
Trd, 000109.417, 165
Trd, 000109.500, 165
Trd, 000110.000, 163
Trd, 000110.033, 162
Trd, 000110.117, 162
Trd, 000110.367, 166
Trd, 000111.400, 164
Trd, 000111.500, 163
Trd, 000112.250, 163
Trd, 000113.700, 162
Trd, 000114.083, 169
Trd, 000114.367, 165
Trd, 000114.550, 179
Trd, 000114.583, 163
Trd, 000115.217, 169
Trd, 000115.367, 165
Trd, 000116.050, 164
Trd, 000116.700, 163
Trd, 000117.300, 163
Trd, 000117.500, 159
Trd, 000118.100, 162
Trd, 000118.383, 163
Trd, 000118.783, 162
Trd, 000119.167, 162
Trd, 000119.383, 161
Trd, 000120.167, 160
Trd, 000120.900, 163
Trd, 000120.917, 161
Trd, 000121.000, 162
Trd, 000121.133, 163
Trd, 000121.500, 160
Trd, 000122.400, 159
Trd, 000122.533, 163
Trd, 000122.617, 167
Trd, 000123.400, 167
Trd, 000123.667, 159
Trd, 000124.750, 165
Trd, 000125.867, 162
Trd, 000125.950, 163
Trd, 000126.250, 163
Trd, 000126.750, 160
Trd, 000127.050, 164
Trd, 000127.633, 163
Trd, 000128.133, 164
Trd, 000129.250, 165
Trd, 000129.283, 161
Trd, 000129.500, 161
Trd, 000130.450, 162
Trd, 000130.517, 161
Trd, 000130.617, 165
Trd, 000130.967, 161
Trd, 000131.150, 166
Trd, 000132.183, 164
Trd, 000132.783, 163
Trd, 000133.233, 162
Trd, 000133.517, 163
Trd, 000133.733, 162
Trd, 000133.850, 164
Trd, 000133.950, 165
Trd, 000134.050, 161
Trd, 000135.750, 163
Trd, 000135.917, 161
Trd, 000136.633, 163
Trd, 000136.833, 168
Trd, 000137.583, 165
Trd, 000138.133, 168
Trd, 000138.150, 164
Trd, 000138.283, 168
Trd, 000139.250, 166
Trd, 000139.283, 169
Trd, 000139.683, 168
Trd, 000139.917, 170
Trd, 000140.483, 169
Trd, 000140.583, 170
Trd, 000140.917, 167
Trd, 000141.833, 165
Trd, 000141.850, 169
Trd, 000142.300, 165
Trd, 000142.583, 165
Trd, 000142.783, 162
Trd, 000143.317, 142
Trd, 000143.467, 166
Trd, 000143.867, 167
Trd, 000144.617, 167
Trd, 000145.017, 165
Trd, 000145.600, 167
Trd, 000145.683, 169
Trd, 000146.917, 166
Trd, 000147.367, 169
Trd, 000147.550, 165
Trd, 000148.433, 166
Trd, 000148.883, 165
Trd, 000148.967, 166
Trd, 000149.133, 165
Trd, 000149.267, 164
Trd, 000149.517, 164
Trd, 000149.667, 164
Trd, 000151.150, 164
Trd, 000151.283, 163
Trd, 000151.333, 165
Trd, 000151.367, 166
Trd, 000151.517, 170
Trd, 000151.967, 163
Trd, 000153.200, 164
Trd, 000153.733, 165
Trd, 000154.133, 165
Trd, 000154.167, 161
Trd, 000154.683, 165
Trd, 000155.283, 159
Trd, 000155.733, 160
Trd, 000156.183, 160
Trd, 000157.550, 161
Trd, 000157.650, 163
Trd, 000157.850, 166
Trd, 000159.067, 168
Trd, 000159.233, 171
Trd, 000159.350, 163
Trd, 000160.167, 162
Trd, 000160.567, 172
Trd, 000160.833, 175
Trd, 000160.867, 174
Trd, 000161.117, 172
Trd, 000161.600, 174
Trd, 000161.933, 172
Trd, 000162.217, 173
Trd, 000162.617, 172
Trd, 000162.767, 173
Trd, 000163.200, 170
Trd, 000163.567, 170
Trd, 000164.050, 171
Trd, 000164.833, 169
Trd, 000165.633, 170
Trd, 000165.850, 165
Trd, 000166.000, 171
Trd, 000166.067, 171
Trd, 000166.150, 173
Trd, 000166.733, 174
Trd, 000167.367, 175
Trd, 000167.433, 168
Trd, 000169.267, 171
Trd, 000169.667, 170
Trd, 000170.350, 170
Trd, 000171.067, 170
Trd, 000171.150, 170
Trd, 000171.167, 169
Trd, 000171.217, 172
Trd, 000171.300, 172
Trd, 000171.767, 168
Trd, 000171.800, 185
Trd, 000171.917, 192
Trd, 000173.000, 175
Trd, 000173.650, 174
Trd, 000174.383, 169
Trd, 000175.033, 169
Trd, 000175.233, 171
Trd, 000175.517, 166
Trd, 000176.050, 170
Trd, 000176.300, 165
Trd, 000177.017, 171
Trd, 000177.233, 171
Trd, 000178.350, 169
Trd, 000179.250, 170
Trd, 000180.000, 169
Trd, 000180.017, 171
Trd, 000180.117, 169
Trd, 000180.483, 168
Trd, 000180.650, 166
Trd, 000181.050, 167
Trd, 000181.717, 168
Trd, 000182.950, 169
Trd, 000182.967, 165
Trd, 000183.867, 162
Trd, 000184.083, 171
Trd, 000184.283, 165
Trd, 000184.833, 165
Trd, 000184.867, 169
Trd, 000185.233, 164
Trd, 000185.517, 168
Trd, 000185.600, 169
Trd, 000186.200, 169
Trd, 000186.733, 170
Trd, 000187.033, 158
Trd, 000187.667, 169
Trd, 000188.017, 171
Trd, 000190.183, 169
Trd, 000190.433, 167
Trd, 000190.667, 170
Trd, 000190.817, 170
Trd, 000191.150, 167
Trd, 000191.233, 166
Trd, 000191.450, 166
Trd, 000192.200, 168
Trd, 000192.217, 164
Trd, 000192.983, 167
Trd, 000193.533, 167
Trd, 000193.583, 169
Trd, 000193.750, 167
Trd, 000194.683, 166
Trd, 000195.167, 166
Trd, 000195.467, 167
Trd, 000195.933, 167
Trd, 000196.000, 167
Trd, 000196.283, 167
Trd, 000196.350, 166
Trd, 000196.517, 168
Trd, 000196.783, 172
Trd, 000197.683, 170
Trd, 000198.167, 167
Trd, 000198.917, 167
Trd, 000199.033, 166
Trd, 000199.083, 166
Trd, 000199.267, 170
Trd, 000199.767, 170
Trd, 000199.967, 158
Trd, 000200.167, 171
Trd, 000200.467, 171
Trd, 000202.017, 167
Trd, 000202.483, 169
Trd, 000202.550, 169
Trd, 000202.650, 175
Trd, 000203.200, 157
Trd, 000204.017, 138
Trd, 000204.083, 140
Trd, 000204.233, 153
Trd, 000204.517, 157
Trd, 000205.700, 154
Trd, 000205.967, 152
Trd, 000206.133, 143
Trd, 000206.383, 164
Trd, 000206.600, 164
Trd, 000206.867, 177
Trd, 000208.550, 170
Trd, 000209.000, 163
Trd, 000209.467, 170
Trd, 000209.617, 164
Trd, 000210.250, 162
Trd, 000210.383, 170
Trd, 000211.400, 170
Trd, 000211.750, 165
Trd, 000212.483, 167
Trd, 000212.717, 166
Trd, 000212.917, 168
Trd, 000213.000, 168
Trd, 000214.300, 167
Trd, 000214.733, 165
Trd, 000214.783, 163
Trd, 000215.083, 166
Trd, 000215.667, 144
Trd, 000216.483, 150
Trd, 000216.550, 158
Trd, 000217.933, 153
Trd, 000218.500, 168
Trd, 000218.617, 169
Trd, 000219.000, 162
Trd, 000220.100, 166
Trd, 000220.117, 162
Trd, 000220.183, 167
Trd, 000221.133, 168
Trd, 000221.417, 168
Trd, 000222.633, 168
Trd, 000222.817, 169
Trd, 000222.867, 167
Trd, 000223.150, 176
Trd, 000223.683, 172
Trd, 000223.983, 171
Trd, 000224.033, 143
Trd, 000225.583, 171
Trd, 000225.833, 173
Trd, 000225.917, 163
Trd, 000225.967, 174
Trd, 000226.300, 180
Trd, 000226.467, 189
Trd, 000227.317, 166
Trd, 000228.433, 176
Trd, 000228.917, 170
Trd, 000229.300, 173
Trd, 000229.583, 174
Trd, 000229.600, 172
Trd, 000229.800, 172
Trd, 000229.850, 171
Trd, 000230.767, 170
Trd, 000231.150, 173
Trd, 000231.233, 174
Trd, 000231.500, 174
Trd, 000231.683, 174
Trd, 000231.767, 161
Trd, 000232.000, 167
Trd, 000232.183, 167
Trd, 000233.267, 171
Trd, 000235.000, 167
Trd, 000235.617, 169
Trd, 000235.683, 170
Trd, 000235.700, 171
Trd, 000236.133, 170
Trd, 000236.317, 171
Trd, 000237.133, 170
Trd, 000237.233, 170
Trd, 000237.317, 178
Trd, 000238.083, 173
Trd, 000238.733, 169
Trd, 000239.167, 176
Trd, 000239.183, 168
Trd, 000239.200, 178
Trd, 000239.967, 178
Trd, 000240.367, 163
Trd, 000240.833, 177
Trd, 000240.983, 161
Trd, 000241.233, 178
Trd, 000241.750, 181
Trd, 000241.883, 169
Trd, 000242.933, 170
Trd, 000243.167, 172
Trd, 000243.767, 174
Trd, 000243.850, 168
Trd, 000243.867, 176
Trd, 000244.517, 181
Trd, 000245.417, 182
Trd, 000246.083, 182
Trd, 000246.283, 181
Trd, 000246.700, 179
Trd, 000247.383, 183
Trd, 000247.800, 175
Trd, 000248.333, 176
Trd, 000248.800, 177
Trd, 000248.900, 178
Trd, 000249.083, 177
Trd, 000249.617, 176
Trd, 000249.633, 178
Trd, 000249.667, 178
Trd, 000250.667, 173
Trd, 000251.283, 176
Trd, 000252.217, 176
Trd, 000252.500, 177
Trd, 000252.567, 183
Trd, 000253.133, 179
Trd, 000253.683, 179
Trd, 000254.233, 177
Trd, 000254.317, 180
Trd, 000254.550, 183
Trd, 000255.483, 180
Trd, 000255.983, 179
Trd, 000256.067, 180
Trd, 000256.317, 178
Trd, 000256.367, 176
Trd, 000257.283, 180
Trd, 000257.400, 177
Trd, 000257.617, 179
Trd, 000257.650, 174
Trd, 000258.200, 173
Trd, 000259.217, 168
Trd, 000259.350, 170
Trd, 000259.867, 175
Trd, 000261.200, 170
Trd, 000261.367, 171
Trd, 000261.450, 170
Trd, 000261.617, 173
Trd, 000261.650, 171
Trd, 000261.883, 174
Trd, 000262.367, 171
Trd, 000262.583, 170
Trd, 000263.417, 169
Trd, 000263.550, 163
Trd, 000264.267, 157
Trd, 000264.467, 163
Trd, 000264.733, 167
Trd, 000264.917, 172
Trd, 000265.183, 174
Trd, 000265.567, 170
Trd, 000266.083, 173
Trd, 000266.183, 174
Trd, 000266.333, 172
Trd, 000266.500, 173
Trd, 000266.600, 170
Trd, 000267.750, 158
Trd, 000269.367, 166
Trd, 000269.583, 168
Trd, 000270.033, 160
Trd, 000270.300, 170
Trd, 000270.317, 171
Trd, 000271.100, 169
Trd, 000271.783, 170
Trd, 000271.850, 172
Trd, 000272.500, 175
Trd, 000272.517, 182
Trd, 000272.967, 175
Trd, 000272.983, 174
Trd, 000273.017, 184
Trd, 000273.533, 173
Trd, 000273.817, 173
Trd, 000274.383, 172
Trd, 000274.467, 173
Trd, 000275.083, 166
Trd, 000275.283, 173
Trd, 000276.000, 169
Trd, 000276.250, 167
Trd, 000277.517, 168
Trd, 000277.567, 167
Trd, 000277.967, 168
Trd, 000278.133, 168
Trd, 000278.150, 169
Trd, 000278.733, 167
Trd, 000280.067, 168
Trd, 000280.133, 169
Trd, 000280.917, 169
Trd, 000281.017, 167
Trd, 000281.200, 166
Trd, 000281.683, 165
Trd, 000281.833, 172
Trd, 000282.383, 173
Trd, 000282.433, 174
Trd, 000282.583, 169
Trd, 000282.700, 176
Trd, 000283.150, 154
Trd, 000283.667, 161
Trd, 000284.167, 157
Trd, 000284.517, 156
Trd, 000285.000, 152
Trd, 000285.367, 156
Trd, 000285.717, 162
Trd, 000285.983, 165
Trd, 000286.017, 177
Trd, 000286.217, 186
Trd, 000286.983, 189
Trd, 000287.300, 178
Trd, 000287.983, 188
Trd, 000288.050, 187
Trd, 000288.367, 184
Trd, 000288.917, 184
Trd, 000289.517, 184
Trd, 000290.083, 185
Trd, 000290.450, 186
Trd, 000290.967, 186
Trd, 000291.067, 185
Trd, 000291.767, 187
Trd, 000292.033, 184
Trd, 000292.533, 185
Trd, 000292.567, 182
Trd, 000292.833, 187
Trd, 000293.283, 186
Trd, 000293.667, 179
Trd, 000294.750, 186
Trd, 000294.950, 186
Trd, 000295.850, 185
Trd, 000296.283, 183
Trd, 000296.633, 185
Trd, 000296.733, 182
Trd, 000296.933, 180
Trd, 000297.967, 181
Trd, 000298.583, 180
Trd, 000298.817, 180
Trd, 000299.150, 181
Trd, 000299.350, 182
Trd, 000299.600, 185
Trd, 000299.883, 180
Trd, 000299.950, 185
Trd, 000299.983, 187
