Trd, 000002.733, 182
Trd, 000003.367, 167
Trd, 000003.617, 167
Trd, 000003.650, 165
Trd, 000003.983, 166
Trd, 000004.433, 161
Trd, 000004.633, 158
Trd, 000005.167, 155
Trd, 000006.933, 160
Trd, 000007.500, 166
Trd, 000008.150, 165
Trd, 000008.933, 166
Trd, 000009.000, 167
Trd, 000009.417, 166
Trd, 000009.583, 169
Trd, 000010.567, 167
Trd, 000012.417, 164
Trd, 000014.183, 161
Trd, 000014.983, 163
Trd, 000015.383, 164
Trd, 000015.633, 162
Trd, 000015.933, 162
Trd, 000016.117, 161
Trd, 000017.067, 161
Trd, 000017.167, 161
Trd, 000017.683, 164
Trd, 000017.917, 166
Trd, 000019.367, 165
Trd, 000019.450, 167
Trd, 000020.200, 164
Trd, 000022.500, 164
Trd, 000023.267, 164
Trd, 000023.450, 165
Trd, 000024.383, 165
Trd, 000025.467, 162
Trd, 000026.417, 165
Trd, 000026.717, 163
Trd, 000027.717, 166
Trd, 000028.033, 164
Trd, 000029.450, 164
Trd, 000030.450, 164
Trd, 000032.133, 164
Trd, 000032.217, 165
Trd, 000032.400, 164
Trd, 000033.100, 164
Trd, 000033.167, 165
Trd, 000034.117, 165
Trd, 000034.150, 164
Trd, 000036.300, 162
Trd, 000036.367, 164
Trd, 000036.983, 157
Trd, 000037.833, 160
Trd, 000039.267, 164
Trd, 000039.733, 164
Trd, 000040.167, 165
Trd, 000041.500, 164
Trd, 000041.583, 163
Trd, 000041.717, 162
Trd, 000042.833, 162
Trd, 000042.983, 162
Trd, 000043.167, 163
Trd, 000043.983, 164
Trd, 000044.350, 162
Trd, 000045.767, 164
Trd, 000046.683, 169
Trd, 000046.883, 170
Trd, 000047.633, 172
Trd, 000049.133, 171
Trd, 000050.600, 170
Trd, 000050.700, 170
Trd, 000051.050, 169
Trd, 000051.533, 169
Trd, 000051.550, 170
Trd, 000053.067, 168
Trd, 000054.317, 167
Trd, 000055.333, 168
Trd, 000055.933, 168
Trd, 000056.000, 170
Trd, 000057.133, 169
Trd, 000058.167, 170
Trd, 000058.283, 169
Trd, 000058.517, 168
Trd, 000058.983, 167
Trd, 000060.533, 168
Trd, 000061.217, 169
Trd, 000061.417, 170
Trd, 000061.883, 169
Trd, 000061.933, 167
Trd, 000062.417, 171
Trd, 000062.950, 165
Trd, 000065.333, 168
Trd, 000065.967, 167
Trd, 000067.483, 169
Trd, 000068.250, 170
Trd, 000068.817, 170
Trd, 000068.850, 172
Trd, 000070.067, 172
Trd, 000070.233, 172
Trd, 000070.833, 170
Trd, 000071.017, 169
Trd, 000073.300, 169
Trd, 000073.500, 170
Trd, 000073.867, 168
Trd, 000075.133, 170
Trd, 000075.283, 167
Trd, 000075.583, 172
Trd, 000076.767, 171
Trd, 000077.400, 168
Trd, 000078.150, 171
Trd, 000078.300, 171
Trd, 000079.333, 171
Trd, 000079.783, 173
Trd, 000081.667, 172
Trd, 000082.017, 173
Trd, 000082.583, 172
Trd, 000082.717, 172
Trd, 000082.967, 171
Trd, 000083.517, 171
Trd, 000083.767, 170
Trd, 000084.583, 170
Trd, 000085.883, 173
Trd, 000086.000, 169
Trd, 000086.383, 174
Trd, 000087.167, 168
Trd, 000087.967, 169
Trd, 000088.000, 171
Trd, 000088.967, 173
Trd, 000089.067, 166
Trd, 000090.333, 167
Trd, 000091.467, 169
Trd, 000093.417, 167
Trd, 000094.000, 170
Trd, 000094.483, 170
Trd, 000094.867, 174
Trd, 000095.617, 171
Trd, 000095.633, 170
Trd, 000096.150, 170
Trd, 000096.267, 170
Trd, 000096.617, 169
Trd, 000097.350, 172
Trd, 000098.650, 171
Trd, 000098.917, 173
Trd, 000099.833, 173
Trd, 000099.933, 173
Trd, 000100.117, 174
Trd, 000100.783, 175
Trd, 000101.367, 175
Trd, 000103.800, 170
Trd, 000104.800, 174
Trd, 000105.567, 174
Trd, 000105.767, 174
Trd, 000107.133, 172
Trd, 000107.500, 175
Trd, 000108.783, 173
Trd, 000109.867, 174
Trd, 000110.467, 174
Trd, 000110.833, 173
Trd, 000112.417, 172
Trd, 000112.483, 172
Trd, 000112.950, 170
Trd, 000113.033, 169
Trd, 000114.017, 166
Trd, 000114.250, 167
Trd, 000115.667, 164
Trd, 000115.850, 165
Trd, 000116.883, 169
Trd, 000116.983, 170
Trd, 000118.083, 165
Trd, 000119.750, 170
Trd, 000119.883, 168
Trd, 000121.100, 170
Trd, 000122.200, 170
Trd, 000122.383, 170
Trd, 000122.417, 168
Trd, 000123.567, 168
Trd, 000123.800, 167
Trd, 000123.833, 166
Trd, 000125.100, 163
Trd, 000125.133, 165
Trd, 000126.017, 167
Trd, 000126.133, 178
Trd, 000126.650, 168
Trd, 000128.800, 171
Trd, 000129.067, 173
Trd, 000129.133, 171
Trd, 000129.733, 173
Trd, 000130.133, 172
Trd, 000130.500, 171
Trd, 000131.150, 174
Trd, 000131.733, 173
Trd, 000132.750, 174
Trd, 000133.967, 175
Trd, 000134.200, 176
Trd, 000135.200, 174
Trd, 000135.717, 175
Trd, 000135.867, 176
Trd, 000136.600, 179
Trd, 000137.433, 174
Trd, 000137.550, 179
Trd, 000138.300, 174
Trd, 000139.483, 179
Trd, 000139.583, 179
Trd, 000140.400, 178
Trd, 000143.550, 179
Trd, 000143.883, 178
Trd, 000143.950, 179
Trd, 000145.483, 178
Trd, 000146.283, 179
Trd, 000146.633, 176
Trd, 000148.167, 180
Trd, 000148.300, 178
Trd, 000149.200, 180
Trd, 000150.767, 181
Trd, 000151.300, 181
Trd, 000152.300, 182
Trd, 000152.617, 180
Trd, 000152.817, 178
Trd, 000153.350, 180
Trd, 000155.117, 180
Trd, 000155.417, 180
Trd, 000155.533, 181
Trd, 000155.867, 181
Trd, 000156.867, 180
Trd, 000159.067, 180
Trd, 000160.200, 180
Trd, 000160.633, 177
Trd, 000161.500, 173
Trd, 000162.033, 174
Trd, 000162.100, 176
Trd, 000162.317, 177
Trd, 000162.867, 179
Trd, 000163.767, 181
Trd, 000163.917, 177
Trd, 000164.033, 177
Trd, 000164.267, 181
Trd, 000164.567, 179
Trd, 000165.883, 178
Trd, 000166.133, 176
Trd, 000167.367, 180
Trd, 000169.300, 176
Trd, 000169.517, 180
Trd, 000169.717, 175
Trd, 000169.767, 175
Trd, 000169.833, 179
Trd, 000172.150, 176
Trd, 000172.750, 172
Trd, 000173.717, 173
Trd, 000174.000, 172
Trd, 000174.067, 173
Trd, 000174.550, 174
Trd, 000175.300, 173
Trd, 000176.133, 173
Trd, 000177.033, 173
Trd, 000177.450, 171
Trd, 000178.450, 173
Trd, 000178.700, 174
Trd, 000179.400, 173
Trd, 000179.517, 181
Trd, 000179.533, 182
Trd, 000179.667, 185
Trd, 000181.000, 183
Trd, 000181.117, 181
Trd, 000183.483, 178
Trd, 000183.900, 180
Trd, 000184.467, 179
Trd, 000184.650, 179
Trd, 000185.250, 178
Trd, 000186.967, 177
Trd, 000187.150, 179
Trd, 000187.550, 178
Trd, 000187.967, 179
Trd, 000188.717, 178
Trd, 000188.767, 181
Trd, 000188.833, 184
Trd, 000190.383, 186
Trd, 000190.817, 182
Trd, 000191.433, 181
Trd, 000191.817, 183
Trd, 000191.900, 179
Trd, 000191.950, 184
Trd, 000194.200, 183
Trd, 000194.400, 181
Trd, 000194.533, 183
Trd, 000195.183, 182
Trd, 000196.117, 183
Trd, 000196.317, 181
Trd, 000196.833, 184
Trd, 000197.367, 185
Trd, 000198.133, 178
Trd, 000199.150, 177
Trd, 000200.500, 185
Trd, 000201.283, 181
Trd, 000202.267, 184
Trd, 000202.550, 185
Trd, 000202.833, 186
Trd, 000203.483, 186
Trd, 000204.250, 185
Trd, 000204.500, 185
Trd, 000204.750, 186
Trd, 000205.900, 185
Trd, 000206.100, 186
Trd, 000208.833, 185
Trd, 000209.133, 186
Trd, 000209.617, 185
Trd, 000210.317, 184
Trd, 000211.433, 186
Trd, 000212.067, 184
Trd, 000213.017, 184
Trd, 000213.083, 182
Trd, 000214.167, 185
Trd, 000214.217, 182
Trd, 000215.350, 185
Trd, 000216.217, 185
Trd, 000216.833, 185
Trd, 000218.333, 185
Trd, 000219.850, 186
Trd, 000221.117, 186
Trd, 000221.283, 186
Trd, 000221.583, 185
Trd, 000222.100, 187
Trd, 000222.417, 183
Trd, 000224.500, 186
Trd, 000225.733, 186
Trd, 000226.000, 185
Trd, 000226.350, 185
Trd, 000226.650, 186
Trd, 000226.667, 187
Trd, 000226.900, 187
Trd, 000228.250, 183
Trd, 000228.900, 184
Trd, 000228.917, 182
Trd, 000229.933, 182
Trd, 000230.267, 184
Trd, 000230.450, 185
Trd, 000230.567, 185
Trd, 000230.650, 184
Trd, 000231.417, 181
Trd, 000232.083, 187
Trd, 000232.500, 187
Trd, 000233.317, 188
Trd, 000235.017, 182
Trd, 000235.883, 185
Trd, 000236.133, 184
Trd, 000236.333, 185
Trd, 000236.983, 185
Trd, 000237.850, 184
Trd, 000238.717, 184
Trd, 000239.733, 183
Trd, 000240.550, 184
Trd, 000240.667, 183
Trd, 000240.800, 183
Trd, 000241.533, 182
Trd, 000241.883, 182
Trd, 000242.000, 182
Trd, 000242.300, 183
Trd, 000242.567, 180
Trd, 000243.033, 178
Trd, 000243.450, 180
Trd, 000243.650, 179
Trd, 000243.750, 187
Trd, 000243.833, 189
Trd, 000244.333, 181
Trd, 000245.033, 189
Trd, 000245.333, 183
Trd, 000247.233, 184
Trd, 000247.433, 187
Trd, 000247.650, 183
Trd, 000247.883, 183
Trd, 000248.150, 181
Trd, 000248.183, 174
Trd, 000249.050, 178
Trd, 000249.817, 171
Trd, 000249.833, 170
Trd, 000250.683, 176
Trd, 000251.033, 176
Trd, 000251.917, 180
Trd, 000252.100, 180
Trd, 000252.167, 181
Trd, 000253.167, 181
Trd, 000253.500, 182
Trd, 000254.117, 181
Trd, 000254.317, 183
Trd, 000255.033, 181
Trd, 000255.133, 182
Trd, 000255.367, 180
Trd, 000255.750, 181
Trd, 000256.317, 179
Trd, 000256.333, 180
Trd, 000256.517, 193
Trd, 000258.667, 185
Trd, 000259.033, 182
Trd, 000259.400, 185
Trd, 000259.450, 181
Trd, 000259.667, 181
Trd, 000260.767, 182
Trd, 000260.867, 182
Trd, 000261.283, 181
Trd, 000261.300, 181
Trd, 000261.733, 178
Trd, 000262.667, 179
Trd, 000262.933, 178
Trd, 000263.033, 181
Trd, 000263.167, 181
Trd, 000263.350, 180
Trd, 000263.383, 175
Trd, 000264.517, 171
Trd, 000264.550, 174
Trd, 000265.050, 175
Trd, 000265.800, 176
Trd, 000266.433, 178
Trd, 000266.933, 174
Trd, 000266.967, 176
Trd, 000267.000, 174
Trd, 000267.217, 173
Trd, 000267.583, 177
Trd, 000267.633, 174
Trd, 000268.600, 179
Trd, 000270.433, 174
Trd, 000270.450, 176
Trd, 000271.517, 175
Trd, 000271.567, 173
Trd, 000272.200, 173
Trd, 000272.583, 173
Trd, 000272.650, 175
Trd, 000272.750, 180
Trd, 000272.783, 190
Trd, 000274.517, 177
Trd, 000274.883, 181
Trd, 000275.083, 178
Trd, 000275.183, 179
Trd, 000276.083, 181
Trd, 000276.367, 182
Trd, 000276.417, 180
Trd, 000276.650, 179
Trd, 000276.717, 183
Trd, 000277.000, 178
Trd, 000277.583, 181
Trd, 000278.783, 180
Trd, 000279.000, 181
Trd, 000279.200, 180
Trd, 000279.533, 182
Trd, 000279.883, 179
Trd, 000279.933, 182
Trd, 000280.800, 182
Trd, 000281.083, 193
Trd, 000281.600, 180
Trd, 000282.133, 179
Trd, 000282.550, 178
Trd, 000282.883, 183
Trd, 000283.017, 182
Trd, 000283.200, 177
Trd, 000283.367, 177
Trd, 000283.600, 183
Trd, 000285.700, 180
Trd, 000286.383, 178
Trd, 000286.983, 180
Trd, 000287.100, 181
Trd, 000287.200, 182
Trd, 000287.283, 180
Trd, 000288.300, 182
Trd, 000288.317, 179
Trd, 000288.567, 179
Trd, 000288.800, 181
Trd, 000288.917, 183
Trd, 000289.933, 180
Trd, 000290.017, 179
Trd, 000290.067, 183
Trd, 000290.583, 180
Trd, 000292.783, 182
Trd, 000293.200, 181
Trd, 000293.367, 183
Trd, 000293.400, 184
Trd, 000293.867, 181
Trd, 000294.233, 185
Trd, 000294.367, 181
Trd, 000294.900, 181
Trd, 000295.017, 179
Trd, 000296.050, 178
Trd, 000296.133, 195
Trd, 000296.783, 185
Trd, 000297.100, 181
Trd, 000298.050, 182
Trd, 000298.533, 184
Trd, 000298.567, 185
Trd, 000299.067, 183
Trd, 000299.633, 183
Trd, 000299.683, 181
Trd, 000299.717, 178
Trd, 000299.783, 177
