Trd, 000001.100, 168
Trd, 000002.400, 144
Trd, 000003.017, 145
Trd, 000003.650, 143
Trd, 000005.133, 141
Trd, 000005.783, 143
Trd, 000006.117, 148
Trd, 000006.800, 146
Trd, 000006.817, 145
Trd, 000008.217, 149
Trd, 000009.483, 152
Trd, 000009.850, 150
Trd, 000011.667, 149
Trd, 000011.733, 150
Trd, 000012.683, 148
Trd, 000013.517, 147
Trd, 000013.667, 149
Trd, 000014.850, 148
Trd, 000015.433, 146
Trd, 000015.683, 148
Trd, 000015.800, 150
Trd, 000016.667, 150
Trd, 000016.750, 152
Trd, 000017.833, 167
Trd, 000019.050, 162
Trd, 000019.283, 168
Trd, 000019.650, 161
Trd, 000020.033, 158
Trd, 000021.217, 143
Trd, 000022.633, 150
Trd, 000022.883, 146
Trd, 000023.683, 148
Trd, 000023.700, 149
Trd, 000024.650, 149
Trd, 000025.883, 149
Trd, 000026.267, 149
Trd, 000026.867, 149
Trd, 000026.900, 150
Trd, 000028.067, 160
Trd, 000028.217, 156
Trd, 000030.100, 163
Trd, 000030.617, 165
Trd, 000031.633, 162
Trd, 000032.183, 152
Trd, 000033.133, 161
Trd, 000033.250, 168
Trd, 000033.883, 170
Trd, 000034.000, 175
Trd, 000034.550, 154
Trd, 000036.750, 157
Trd, 000037.067, 162
Trd, 000037.233, 164
Trd, 000038.000, 164
Trd, 000038.433, 163
Trd, 000039.367, 162
Trd, 000040.633, 162
Trd, 000041.683, 159
Trd, 000042.150, 162
Trd, 000043.417, 158
Trd, 000044.017, 157
Trd, 000044.150, 158
Trd, 000044.267, 161
Trd, 000044.500, 157
Trd, 000045.250, 159
Trd, 000045.867, 156
Trd, 000045.983, 156
Trd, 000046.717, 156
Trd, 000047.067, 155
Trd, 000047.483, 163
Trd, 000048.500, 159
Trd, 000049.500, 156
Trd, 000049.567, 160
Trd, 000050.583, 160
Trd, 000053.350, 165
Trd, 000053.867, 160
Trd, 000053.883, 173
Trd, 000054.617, 169
Trd, 000054.700, 166
Trd, 000055.450, 169
Trd, 000056.250, 162
Trd, 000056.400, 169
Trd, 000057.633, 158
Trd, 000057.800, 158
Trd, 000058.633, 159
Trd, 000058.917, 160
Trd, 000059.033, 171
Trd, 000061.950, 159
Trd, 000062.283, 160
Trd, 000063.250, 160
Trd, 000063.383, 159
Trd, 000063.817, 160
Trd, 000065.817, 159
Trd, 000066.717, 162
Trd, 000067.467, 159
Trd, 000068.467, 164
Trd, 000069.767, 159
Trd, 000069.867, 163
Trd, 000070.383, 164
Trd, 000071.900, 164
Trd, 000072.433, 158
Trd, 000072.583, 171
Trd, 000073.650, 166
Trd, 000073.950, 165
Trd, 000074.517, 158
Trd, 000075.700, 161
Trd, 000076.567, 159
Trd, 000077.100, 162
Trd, 000077.900, 158
Trd, 000078.517, 162
Trd, 000079.367, 159
Trd, 000079.500, 159
Trd, 000079.700, 158
Trd, 000079.917, 160
Trd, 000081.583, 160
Trd, 000082.233, 161
Trd, 000082.250, 159
Trd, 000084.900, 156
Trd, 000085.117, 163
Trd, 000085.383, 164
Trd, 000085.983, 157
Trd, 000086.267, 160
Trd, 000086.950, 164
Trd, 000087.833, 161
Trd, 000087.967, 161
Trd, 000088.233, 160
Trd, 000090.950, 161
Trd, 000091.617, 160
Trd, 000091.633, 157
Trd, 000093.667, 160
Trd, 000093.750, 161
Trd, 000094.667, 160
Trd, 000094.717, 159
Trd, 000095.433, 159
Trd, 000095.617, 170
Trd, 000096.350, 164
Trd, 000099.700, 163
Trd, 000099.900, 161
Trd, 000100.217, 164
Trd, 000102.183, 161
Trd, 000103.833, 162
Trd, 000104.800, 162
Trd, 000105.450, 160
Trd, 000105.583, 160
Trd, 000106.067, 161
Trd, 000106.083, 162
Trd, 000106.933, 160
Trd, 000107.400, 161
Trd, 000108.883, 176
Trd, 000109.667, 169
Trd, 000110.767, 179
Trd, 000111.350, 176
Trd, 000111.433, 160
Trd, 000112.867, 168
Trd, 000113.417, 163
Trd, 000113.633, 175
Trd, 000114.617, 175
Trd, 000116.367, 166
Trd, 000117.783, 165
Trd, 000118.217, 163
Trd, 000119.000, 163
Trd, 000119.183, 164
Trd, 000120.383, 164
Trd, 000120.450, 165
Trd, 000120.650, 167
Trd, 000121.217, 176
Trd, 000122.917, 160
Trd, 000122.950, 166
Trd, 000123.367, 161
Trd, 000123.517, 162
Trd, 000123.633, 163
Trd, 000125.717, 174
Trd, 000125.900, 168
Trd, 000125.933, 177
Trd, 000126.767, 167
Trd, 000128.400, 167
Trd, 000129.133, 167
Trd, 000129.400, 166
Trd, 000130.433, 167
Trd, 000131.467, 164
Trd, 000131.867, 170
Trd, 000132.650, 164
Trd, 000132.750, 185
Trd, 000133.683, 171
Trd, 000137.133, 168
Trd, 000137.150, 171
Trd, 000137.600, 171
Trd, 000138.783, 170
Trd, 000139.000, 169
Trd, 000139.150, 167
Trd, 000139.350, 158
Trd, 000141.183, 161
Trd, 000141.350, 163
Trd, 000141.950, 163
Trd, 000142.283, 164
Trd, 000142.450, 166
Trd, 000143.950, 157
Trd, 000144.650, 160
Trd, 000145.150, 159
Trd, 000145.583, 157
Trd, 000145.883, 159
Trd, 000146.733, 158
Trd, 000146.883, 159
Trd, 000147.250, 170
Trd, 000148.450, 170
Trd, 000149.383, 165
Trd, 000150.083, 169
Trd, 000150.717, 166
Trd, 000152.617, 166
Trd, 000152.733, 165
Trd, 000153.783, 165
Trd, 000154.817, 164
Trd, 000154.867, 163
Trd, 000155.217, 165
Trd, 000155.650, 163
Trd, 000157.483, 163
Trd, 000158.433, 168
Trd, 000159.250, 164
Trd, 000160.000, 167
Trd, 000160.650, 168
Trd, 000162.000, 174
Trd, 000162.267, 180
Trd, 000163.633, 179
Trd, 000165.117, 172
Trd, 000165.783, 181
Trd, 000166.433, 172
Trd, 000166.950, 173
Trd, 000168.900, 168
Trd, 000169.033, 171
Trd, 000169.267, 173
Trd, 000169.733, 173
Trd, 000170.067, 169
Trd, 000170.283, 175
Trd, 000173.133, 172
Trd, 000174.400, 170
Trd, 000174.483, 170
Trd, 000175.983, 165
Trd, 000176.133, 168
Trd, 000176.533, 166
Trd, 000176.583, 169
Trd, 000178.417, 169
Trd, 000178.850, 170
Trd, 000179.317, 170
Trd, 000179.667, 168
Trd, 000181.550, 171
Trd, 000182.867, 172
Trd, 000183.150, 172
Trd, 000183.400, 169
Trd, 000184.700, 170
Trd, 000185.567, 168
Trd, 000187.083, 168
Trd, 000187.617, 164
Trd, 000188.133, 169
Trd, 000188.950, 164
Trd, 000189.683, 163
Trd, 000190.033, 166
Trd, 000190.400, 168
Trd, 000191.233, 165
Trd, 000191.467, 164
Trd, 000191.500, 166
Trd, 000192.517, 165
Trd, 000194.000, 164
Trd, 000194.200, 163
Trd, 000195.433, 167
Trd, 000196.400, 165
Trd, 000198.600, 166
Trd, 000198.667, 167
Trd, 000199.683, 166
Trd, 000200.083, 167
Trd, 000201.617, 166
Trd, 000202.067, 167
Trd, 000202.950, 167
Trd, 000203.750, 167
Trd, 000205.050, 165
Trd, 000205.283, 164
Trd, 000205.467, 164
Trd, 000206.450, 163
Trd, 000207.033, 168
Trd, 000208.467, 167
Trd, 000210.083, 166
Trd, 000210.717, 166
Trd, 000210.933, 166
Trd, 000211.300, 169
Trd, 000211.700, 169
Trd, 000213.417, 169
Trd, 000213.767, 183
Trd, 000214.700, 175
Trd, 000215.967, 169
Trd, 000217.433, 171
Trd, 000217.883, 169
Trd, 000219.100, 170
Trd, 000220.983, 170
Trd, 000221.050, 169
Trd, 000221.167, 171
Trd, 000221.750, 171
Trd, 000221.933, 168
Trd, 000222.767, 171
Trd, 000223.450, 170
Trd, 000224.000, 168
Trd, 000225.467, 167
Trd, 000225.583, 167
Trd, 000225.850, 168
Trd, 000226.050, 169
Trd, 000226.517, 181
Trd, 000228.483, 176
Trd, 000228.967, 177
Trd, 000229.417, 179
Trd, 000231.083, 179
Trd, 000231.483, 174
Trd, 000232.883, 176
Trd, 000232.950, 172
Trd, 000232.967, 178
Trd, 000234.233, 172
Trd, 000234.267, 177
Trd, 000235.600, 173
Trd, 000235.833, 174
Trd, 000237.033, 171
Trd, 000237.100, 172
Trd, 000238.450, 171
Trd, 000238.967, 173
Trd, 000239.833, 174
Trd, 000240.017, 170
Trd, 000240.433, 172
Trd, 000240.717, 170
Trd, 000241.750, 170
Trd, 000242.083, 171
Trd, 000242.300, 177
Trd, 000242.383, 174
Trd, 000242.400, 179
Trd, 000242.450, 189
Trd, 000243.783, 169
Trd, 000244.133, 169
Trd, 000244.533, 168
Trd, 000244.667, 171
Trd, 000245.367, 169
Trd, 000245.383, 170
Trd, 000246.033, 171
Trd, 000246.533, 172
Trd, 000246.817, 171
Trd, 000246.867, 175
Trd, 000247.483, 171
Trd, 000248.567, 173
Trd, 000249.000, 174
Trd, 000249.583, 174
Trd, 000250.100, 174
Trd, 000250.133, 173
Trd, 000250.350, 173
Trd, 000251.083, 174
Trd, 000251.417, 176
Trd, 000251.633, 174
Trd, 000251.650, 180
Trd, 000252.433, 180
Trd, 000253.100, 182
Trd, 000253.317, 179
Trd, 000254.033, 180
Trd, 000254.817, 180
Trd, 000255.083, 177
Trd, 000255.117, 177
Trd, 000255.350, 177
Trd, 000255.567, 178
Trd, 000256.383, 179
Trd, 000256.717, 179
Trd, 000257.683, 177
Trd, 000258.700, 181
Trd, 000258.967, 181
Trd, 000259.417, 177
Trd, 000259.533, 173
Trd, 000259.750, 181
Trd, 000260.367, 182
Trd, 000260.750, 183
Trd, 000261.467, 179
Trd, 000261.983, 174
Trd, 000262.150, 178
Trd, 000262.417, 178
Trd, 000262.500, 176
Trd, 000262.733, 175
Trd, 000263.150, 177
Trd, 000263.333, 191
Trd, 000263.533, 194
Trd, 000264.850, 185
Trd, 000265.117, 182
Trd, 000265.250, 181
Trd, 000265.517, 186
Trd, 000265.800, 182
Trd, 000266.583, 180
Trd, 000266.767, 184
Trd, 000267.633, 177
Trd, 000267.667, 178
Trd, 000267.950, 178
Trd, 000267.983, 183
Trd, 000268.583, 180
Trd, 000268.867, 182
Trd, 000269.033, 184
Trd, 000269.067, 192
Trd, 000269.467, 189
Trd, 000270.583, 189
Trd, 000271.250, 192
Trd, 000271.550, 192
Trd, 000271.817, 195
Trd, 000272.100, 194
Trd, 000273.333, 193
Trd, 000273.600, 198
Trd, 000273.633, 192
Trd, 000274.017, 186
Trd, 000274.317, 187
Trd, 000275.083, 182
Trd, 000275.683, 184
Trd, 000276.350, 185
Trd, 000277.117, 183
Trd, 000277.633, 185
Trd, 000277.883, 184
Trd, 000278.050, 186
Trd, 000279.283, 183
Trd, 000279.383, 186
Trd, 000279.733, 179
Trd, 000280.517, 181
Trd, 000280.667, 182
Trd, 000281.150, 183
Trd, 000281.517, 184
Trd, 000281.567, 182
Trd, 000281.850, 185
Trd, 000281.950, 187
Trd, 000282.433, 187
Trd, 000283.133, 187
Trd, 000284.150, 184
Trd, 000284.467, 183
Trd, 000284.950, 187
Trd, 000285.183, 182
Trd, 000285.617, 182
Trd, 000285.750, 176
Trd, 000286.050, 183
Trd, 000286.267, 172
Trd, 000286.933, 183
Trd, 000287.167, 182
Trd, 000287.283, 172
Trd, 000288.700, 182
Trd, 000288.750, 183
Trd, 000288.950, 184
Trd, 000289.600, 177
Trd, 000289.683, 187
Trd, 000290.183, 194
Trd, 000290.283, 196
Trd, 000290.433, 185
Trd, 000290.683, 184
Trd, 000291.867, 191
Trd, 000292.700, 184
Trd, 000293.133, 191
Trd, 000293.517, 188
Trd, 000293.683, 190
Trd, 000294.200, 189
Trd, 000294.250, 183
Trd, 000294.667, 190
Trd, 000294.700, 191
Trd, 000295.667, 192
Trd, 000295.800, 184
Trd, 000296.067, 197
Trd, 000296.433, 181
Trd, 000297.483, 193
Trd, 000297.950, 192
Trd, 000298.800, 185
Trd, 000299.017, 195
Trd, 000299.917, 185
