Trd, 000001.533, 186
Trd, 000002.050, 179
Trd, 000003.833, 182
Trd, 000003.983, 173
Trd, 000004.500, 172
Trd, 000004.750, 171
Trd, 000004.867, 170
Trd, 000005.817, 180
Trd, 000006.717, 167
Trd, 000006.817, 156
Trd, 000008.700, 164
Trd, 000008.717, 149
Trd, 000009.633, 160
Trd, 000010.100, 145
Trd, 000010.267, 167
Trd, 000010.750, 165
Trd, 000010.767, 166
Trd, 000011.350, 149
Trd, 000012.150, 156
Trd, 000012.767, 153
Trd, 000012.833, 159
Trd, 000013.183, 152
Trd, 000014.333, 156
Trd, 000014.617, 152
Trd, 000015.317, 152
Trd, 000015.583, 143
Trd, 000015.617, 155
Trd, 000016.700, 150
Trd, 000017.250, 153
Trd, 000018.117, 146
Trd, 000018.533, 152
Trd, 000018.567, 153
Trd, 000018.983, 141
Trd, 000019.367, 154
Trd, 000020.633, 152
Trd, 000020.667, 153
Trd, 000021.367, 140
Trd, 000021.583, 152
Trd, 000021.767, 150
Trd, 000023.700, 149
Trd, 000023.867, 148
Trd, 000024.100, 148
Trd, 000024.250, 147
Trd, 000024.967, 154
Trd, 000025.133, 139
Trd, 000025.500, 151
Trd, 000025.783, 167
Trd, 000025.833, 144
Trd, 000026.333, 182
Trd, 000026.633, 138
Trd, 000027.650, 138
Trd, 000028.083, 138
Trd, 000028.300, 140
Trd, 000028.683, 143
Trd, 000030.083, 145
Trd, 000030.600, 157
Trd, 000030.767, 153
Trd, 000031.317, 153
Trd, 000031.683, 152
Trd, 000031.950, 158
Trd, 000033.450, 170
Trd, 000033.983, 161
Trd, 000034.433, 160
Trd, 000035.067, 167
Trd, 000035.150, 151
Trd, 000035.250, 168
Trd, 000036.683, 154
Trd, 000036.783, 155
Trd, 000036.833, 156
Trd, 000036.867, 142
Trd, 000037.100, 157
Trd, 000037.183, 139
Trd, 000038.617, 158
Trd, 000038.683, 169
Trd, 000039.617, 147
Trd, 000039.883, 173
Trd, 000040.967, 159
Trd, 000041.167, 160
Trd, 000041.467, 152
Trd, 000042.133, 148
Trd, 000042.383, 147
Trd, 000043.367, 153
Trd, 000045.683, 151
Trd, 000046.067, 156
Trd, 000046.267, 158
Trd, 000046.333, 152
Trd, 000046.750, 156
Trd, 000046.767, 155
Trd, 000046.867, 155
Trd, 000047.000, 170
Trd, 000047.600, 159
Trd, 000048.550, 150
Trd, 000048.733, 159
Trd, 000050.017, 158
Trd, 000050.217, 160
Trd, 000050.633, 170
Trd, 000050.917, 147
Trd, 000051.333, 186
Trd, 000051.433, 153
Trd, 000052.083, 157
Trd, 000054.283, 160
Trd, 000054.867, 157
Trd, 000055.033, 153
Trd, 000055.550, 148
Trd, 000055.733, 154
Trd, 000056.033, 156
Trd, 000056.317, 147
Trd, 000057.167, 154
Trd, 000057.533, 154
Trd, 000058.117, 151
Trd, 000058.500, 154
Trd, 000058.567, 150
Trd, 000058.983, 153
Trd, 000059.717, 154
Trd, 000060.400, 153
Trd, 000060.500, 149
Trd, 000060.833, 150
Trd, 000060.883, 149
Trd, 000061.217, 142
Trd, 000062.367, 154
Trd, 000063.733, 146
Trd, 000064.517, 148
Trd, 000064.983, 148
Trd, 000065.150, 148
Trd, 000065.200, 152
Trd, 000065.750, 148
Trd, 000065.900, 150
Trd, 000066.483, 145
Trd, 000067.000, 144
Trd, 000067.017, 152
Trd, 000067.767, 153
Trd, 000069.600, 147
Trd, 000069.733, 153
Trd, 000071.000, 155
Trd, 000071.583, 151
Trd, 000072.117, 153
Trd, 000072.250, 155
Trd, 000073.133, 162
Trd, 000073.700, 160
Trd, 000073.733, 159
Trd, 000074.067, 157
Trd, 000074.283, 170
Trd, 000075.117, 171
Trd, 000075.767, 155
Trd, 000075.883, 149
Trd, 000076.817, 174
Trd, 000077.900, 149
Trd, 000078.083, 146
Trd, 000078.867, 171
Trd, 000080.067, 164
Trd, 000080.500, 166
Trd, 000080.533, 164
Trd, 000081.033, 167
Trd, 000081.233, 164
Trd, 000081.550, 164
Trd, 000081.833, 163
Trd, 000083.167, 155
Trd, 000083.350, 160
Trd, 000084.133, 153
Trd, 000084.533, 147
Trd, 000084.633, 144
Trd, 000085.033, 152
Trd, 000085.783, 150
Trd, 000086.117, 152
Trd, 000086.533, 148
Trd, 000086.667, 152
Trd, 000087.767, 152
Trd, 000088.467, 154
Trd, 000088.750, 150
Trd, 000089.367, 150
Trd, 000089.433, 155
Trd, 000089.600, 149
Trd, 000089.617, 149
Trd, 000092.150, 152
Trd, 000092.217, 154
Trd, 000092.900, 157
Trd, 000094.250, 164
Trd, 000095.017, 154
Trd, 000095.333, 151
Trd, 000095.583, 150
Trd, 000096.150, 153
Trd, 000097.050, 150
Trd, 000097.150, 149
Trd, 000097.233, 153
Trd, 000097.333, 153
Trd, 000097.933, 150
Trd, 000099.300, 153
Trd, 000099.533, 152
Trd, 000099.650, 153
Trd, 000100.233, 153
Trd, 000100.667, 156
Trd, 000101.000, 155
Trd, 000101.817, 157
Trd, 000102.033, 158
Trd, 000102.667, 160
Trd, 000103.300, 160
Trd, 000103.650, 165
Trd, 000104.433, 158
Trd, 000104.917, 158
Trd, 000105.250, 165
Trd, 000105.717, 157
Trd, 000105.950, 157
Trd, 000106.583, 157
Trd, 000107.367, 153
Trd, 000107.683, 155
Trd, 000107.833, 156
Trd, 000108.567, 154
Trd, 000108.700, 146
Trd, 000108.933, 154
Trd, 000109.617, 148
Trd, 000109.650, 158
Trd, 000110.650, 146
Trd, 000111.217, 157
Trd, 000111.600, 159
Trd, 000111.650, 166
Trd, 000112.583, 150
Trd, 000113.500, 155
Trd, 000113.983, 152
Trd, 000114.483, 169
Trd, 000115.783, 160
Trd, 000116.200, 152
Trd, 000116.483, 151
Trd, 000116.500, 161
Trd, 000116.917, 145
Trd, 000117.317, 148
Trd, 000118.533, 147
Trd, 000118.700, 149
Trd, 000119.067, 153
Trd, 000119.317, 149
Trd, 000119.900, 158
Trd, 000120.350, 159
Trd, 000120.800, 160
Trd, 000120.900, 152
Trd, 000122.900, 160
Trd, 000123.150, 162
Trd, 000124.267, 161
Trd, 000124.533, 160
Trd, 000125.083, 160
Trd, 000125.900, 158
Trd, 000126.117, 159
Trd, 000126.383, 158
Trd, 000126.400, 159
Trd, 000126.800, 155
Trd, 000127.017, 157
Trd, 000127.550, 156
Trd, 000128.183, 157
Trd, 000128.517, 156
Trd, 000128.883, 157
Trd, 000129.933, 158
Trd, 000130.533, 153
Trd, 000132.767, 156
Trd, 000132.800, 159
Trd, 000133.100, 156
Trd, 000133.500, 161
Trd, 000133.817, 168
Trd, 000134.483, 167
Trd, 000134.917, 158
Trd, 000135.483, 165
Trd, 000136.017, 160
Trd, 000136.067, 162
Trd, 000136.350, 179
Trd, 000136.700, 165
Trd, 000137.133, 179
Trd, 000137.333, 154
Trd, 000137.583, 164
Trd, 000139.033, 161
Trd, 000139.367, 167
Trd, 000139.467, 160
Trd, 000139.967, 159
Trd, 000140.283, 165
Trd, 000140.517, 166
Trd, 000141.667, 158
Trd, 000142.017, 162
Trd, 000142.950, 157
Trd, 000144.100, 158
Trd, 000144.617, 160
Trd, 000144.850, 161
Trd, 000145.517, 181
Trd, 000145.900, 158
Trd, 000146.000, 169
Trd, 000146.383, 156
Trd, 000146.717, 155
Trd, 000147.183, 157
Trd, 000147.667, 181
Trd, 000147.867, 182
Trd, 000148.667, 164
Trd, 000149.400, 165
Trd, 000149.817, 164
Trd, 000150.733, 162
Trd, 000150.817, 163
Trd, 000151.167, 157
Trd, 000151.833, 155
Trd, 000152.283, 156
Trd, 000152.500, 165
Trd, 000152.767, 163
Trd, 000153.050, 168
Trd, 000153.633, 154
Trd, 000154.333, 165
Trd, 000155.533, 155
Trd, 000155.800, 162
Trd, 000156.833, 160
Trd, 000157.100, 161
Trd, 000158.683, 159
Trd, 000159.100, 159
Trd, 000159.833, 164
Trd, 000160.117, 158
Trd, 000160.200, 159
Trd, 000160.517, 159
Trd, 000161.217, 162
Trd, 000161.700, 161
Trd, 000161.750, 150
Trd, 000163.867, 161
Trd, 000164.283, 159
Trd, 000164.300, 162
Trd, 000165.000, 162
Trd, 000165.383, 158
Trd, 000165.867, 160
Trd, 000166.150, 161
Trd, 000166.867, 160
Trd, 000167.383, 158
Trd, 000167.483, 160
Trd, 000168.167, 165
Trd, 000168.233, 162
Trd, 000169.283, 158
Trd, 000169.317, 169
Trd, 000169.800, 165
Trd, 000170.683, 160
Trd, 000170.767, 159
Trd, 000171.183, 160
Trd, 000171.683, 160
Trd, 000171.800, 172
Trd, 000172.233, 182
Trd, 000172.783, 162
Trd, 000173.300, 159
Trd, 000173.717, 153
Trd, 000175.283, 159
Trd, 000175.617, 159
Trd, 000175.667, 158
Trd, 000176.017, 157
Trd, 000176.250, 159
Trd, 000177.933, 158
Trd, 000178.250, 159
Trd, 000178.883, 165
Trd, 000179.033, 172
Trd, 000179.900, 161
Trd, 000180.267, 165
Trd, 000180.433, 166
Trd, 000181.250, 160
Trd, 000181.483, 158
Trd, 000181.717, 159
Trd, 000182.583, 164
Trd, 000183.400, 164
Trd, 000183.867, 157
Trd, 000184.817, 170
Trd, 000184.850, 168
Trd, 000185.983, 160
Trd, 000186.183, 164
Trd, 000187.150, 160
Trd, 000188.200, 162
Trd, 000188.233, 161
Trd, 000188.417, 160
Trd, 000188.667, 164
Trd, 000189.283, 174
Trd, 000189.317, 163
Trd, 000189.650, 165
Trd, 000189.783, 181
Trd, 000189.833, 182
Trd, 000189.917, 161
Trd, 000190.217, 160
Trd, 000192.150, 164
Trd, 000192.783, 163
Trd, 000193.417, 156
Trd, 000193.867, 164
Trd, 000194.100, 164
Trd, 000194.150, 160
Trd, 000194.167, 159
Trd, 000196.100, 158
Trd, 000196.633, 160
Trd, 000196.717, 161
Trd, 000197.483, 155
Trd, 000198.667, 157
Trd, 000198.883, 156
Trd, 000199.617, 167
Trd, 000200.717, 154
Trd, 000201.383, 163
Trd, 000202.817, 164
Trd, 000203.550, 164
Trd, 000204.117, 159
Trd, 000204.667, 158
Trd, 000205.150, 159
Trd, 000205.667, 166
Trd, 000205.867, 167
Trd, 000206.000, 168
Trd, 000206.717, 166
Trd, 000208.433, 166
Trd, 000209.067, 166
Trd, 000209.150, 165
Trd, 000209.200, 167
Trd, 000209.383, 165
Trd, 000209.933, 168
Trd, 000210.033, 164
Trd, 000210.617, 168
Trd, 000210.700, 169
Trd, 000210.983, 164
Trd, 000212.350, 161
Trd, 000212.767, 163
Trd, 000212.800, 165
Trd, 000213.417, 158
Trd, 000213.600, 163
Trd, 000213.783, 164
Trd, 000213.983, 161
Trd, 000214.600, 176
Trd, 000215.367, 169
Trd, 000216.567, 161
Trd, 000217.833, 166
Trd, 000217.983, 166
Trd, 000218.283, 160
Trd, 000218.833, 162
Trd, 000219.017, 170
Trd, 000219.383, 160
Trd, 000219.500, 177
Trd, 000219.583, 187
Trd, 000219.733, 190
Trd, 000221.300, 180
Trd, 000222.067, 179
Trd, 000222.550, 182
Trd, 000222.850, 172
Trd, 000222.967, 201
Trd, 000223.633, 201
Trd, 000224.967, 181
Trd, 000225.083, 166
Trd, 000226.000, 179
Trd, 000226.800, 176
Trd, 000227.517, 177
Trd, 000228.267, 176
Trd, 000229.300, 178
Trd, 000229.400, 176
Trd, 000229.500, 188
Trd, 000229.733, 173
Trd, 000229.967, 165
Trd, 000230.150, 190
Trd, 000231.567, 171
Trd, 000232.217, 193
Trd, 000232.800, 182
Trd, 000233.350, 181
Trd, 000233.583, 176
Trd, 000233.767, 172
Trd, 000234.250, 167
Trd, 000234.500, 188
Trd, 000236.083, 177
Trd, 000236.933, 176
Trd, 000237.067, 171
Trd, 000237.783, 176
Trd, 000238.350, 173
Trd, 000239.117, 173
Trd, 000239.433, 172
Trd, 000239.500, 175
Trd, 000240.550, 178
Trd, 000240.717, 176
Trd, 000240.950, 177
Trd, 000241.250, 178
Trd, 000241.400, 179
Trd, 000241.550, 179
Trd, 000241.983, 179
Trd, 000242.550, 181
Trd, 000242.800, 179
Trd, 000242.900, 180
Trd, 000243.317, 186
Trd, 000244.733, 179
Trd, 000244.783, 179
Trd, 000244.983, 178
Trd, 000245.133, 172
Trd, 000245.200, 167
Trd, 000245.583, 178
Trd, 000245.833, 179
Trd, 000245.983, 179
Trd, 000246.000, 168
Trd, 000246.517, 166
Trd, 000247.617, 173
Trd, 000247.850, 175
Trd, 000247.967, 179
Trd, 000248.200, 180
Trd, 000248.933, 175
Trd, 000249.100, 174
Trd, 000249.283, 183
Trd, 000250.517, 179
Trd, 000250.550, 179
Trd, 000250.883, 180
Trd, 000251.133, 178
Trd, 000251.500, 179
Trd, 000252.117, 168
Trd, 000252.750, 176
Trd, 000253.400, 174
Trd, 000253.633, 176
Trd, 000254.017, 176
Trd, 000255.117, 176
Trd, 000255.300, 176
Trd, 000255.433, 174
Trd, 000255.450, 180
Trd, 000255.800, 183
Trd, 000256.017, 190
Trd, 000256.083, 174
Trd, 000256.533, 192
Trd, 000256.600, 174
Trd, 000256.667, 174
Trd, 000257.717, 174
Trd, 000257.867, 169
Trd, 000258.050, 165
Trd, 000258.783, 176
Trd, 000259.233, 162
Trd, 000259.600, 180
Trd, 000260.000, 173
Trd, 000260.750, 175
Trd, 000260.950, 171
Trd, 000260.983, 179
Trd, 000261.567, 174
Trd, 000261.900, 174
Trd, 000262.033, 172
Trd, 000262.500, 172
Trd, 000262.667, 169
Trd, 000262.983, 181
Trd, 000263.283, 177
Trd, 000263.550, 176
Trd, 000264.133, 178
Trd, 000264.817, 169
Trd, 000265.167, 168
Trd, 000265.450, 171
Trd, 000265.717, 171
Trd, 000265.833, 170
Trd, 000266.067, 181
Trd, 000266.550, 176
Trd, 000267.183, 178
Trd, 000267.350, 184
Trd, 000268.267, 187
Trd, 000268.717, 187
Trd, 000269.033, 182
Trd, 000269.450, 175
Trd, 000269.483, 186
Trd, 000269.750, 183
Trd, 000269.817, 182
Trd, 000269.900, 184
Trd, 000270.017, 181
Trd, 000270.233, 183
Trd, 000271.283, 184
Trd, 000272.217, 185
Trd, 000272.250, 183
Trd, 000272.617, 182
Trd, 000273.567, 181
Trd, 000273.733, 183
Trd, 000274.050, 184
Trd, 000274.350, 177
Trd, 000274.367, 175
Trd, 000274.883, 180
Trd, 000274.933, 177
Trd, 000275.167, 182
Trd, 000275.950, 190
Trd, 000276.500, 186
Trd, 000277.083, 179
Trd, 000277.650, 178
Trd, 000278.417, 180
Trd, 000278.917, 178
Trd, 000279.417, 178
Trd, 000280.000, 179
Trd, 000280.467, 177
Trd, 000280.517, 183
Trd, 000281.083, 180
Trd, 000281.700, 187
Trd, 000282.267, 190
Trd, 000282.333, 186
Trd, 000283.183, 186
Trd, 000283.500, 185
Trd, 000283.600, 184
Trd, 000284.400, 188
Trd, 000284.667, 190
Trd, 000284.783, 186
Trd, 000284.817, 196
Trd, 000285.650, 189
Trd, 000285.750, 188
Trd, 000285.800, 187
Trd, 000286.117, 184
Trd, 000287.050, 184
Trd, 000287.083, 171
Trd, 000287.933, 181
Trd, 000288.300, 171
Trd, 000288.550, 169
Trd, 000289.267, 165
Trd, 000289.683, 165
Trd, 000289.767, 166
Trd, 000290.083, 170
Trd, 000290.150, 175
Trd, 000291.100, 170
Trd, 000291.117, 171
Trd, 000291.467, 177
Trd, 000291.483, 187
Trd, 000291.983, 168
Trd, 000292.500, 170
Trd, 000292.717, 172
Trd, 000292.867, 184
Trd, 000293.683, 192
Trd, 000293.850, 176
Trd, 000294.367, 176
Trd, 000294.550, 176
Trd, 000294.633, 170
Trd, 000294.650, 183
Trd, 000294.667, 194
Trd, 000294.817, 194
Trd, 000295.167, 184
Trd, 000295.583, 196
Trd, 000296.400, 181
Trd, 000297.067, 185
Trd, 000297.983, 181
Trd, 000298.300, 181
Trd, 000298.450, 172
Trd, 000299.350, 178
