Trd, 000002.300, 162
Trd, 000002.617, 169
Trd, 000003.817, 131
Trd, 000004.167, 143
Trd, 000004.350, 144
Trd, 000004.617, 142
Trd, 000005.017, 142
Trd, 000005.100, 131
Trd, 000005.183, 130
Trd, 000005.717, 154
Trd, 000005.733, 139
Trd, 000006.083, 158
Trd, 000006.317, 160
Trd, 000007.100, 171
Trd, 000007.133, 151
Trd, 000007.150, 143
Trd, 000007.467, 173
Trd, 000008.600, 164
Trd, 000008.833, 163
Trd, 000009.083, 159
Trd, 000009.550, 153
Trd, 000009.800, 140
Trd, 000010.550, 134
Trd, 000011.117, 131
Trd, 000011.483, 130
Trd, 000012.300, 138
Trd, 000012.867, 135
Trd, 000013.100, 135
Trd, 000013.267, 136
Trd, 000013.917, 136
Trd, 000014.533, 135
Trd, 000014.800, 136
Trd, 000015.400, 136
Trd, 000015.717, 137
Trd, 000015.950, 136
Trd, 000016.433, 138
Trd, 000016.767, 137
Trd, 000017.050, 139
Trd, 000017.183, 139
Trd, 000017.517, 137
Trd, 000018.933, 145
Trd, 000019.200, 139
Trd, 000019.667, 144
Trd, 000020.783, 144
Trd, 000021.233, 144
Trd, 000021.567, 143
Trd, 000021.600, 145
Trd, 000023.033, 144
Trd, 000023.367, 144
Trd, 000023.800, 143
Trd, 000024.367, 142
Trd, 000024.633, 142
Trd, 000024.933, 142
Trd, 000025.200, 140
Trd, 000026.100, 140
Trd, 000026.550, 139
Trd, 000026.717, 143
Trd, 000027.167, 143
Trd, 000027.250, 149
Trd, 000028.733, 146
Trd, 000029.250, 150
Trd, 000029.267, 156
Trd, 000029.300, 148
Trd, 000030.033, 147
Trd, 000030.767, 152
Trd, 000031.483, 150
Trd, 000032.317, 150
Trd, 000032.383, 151
Trd, 000032.467, 147
Trd, 000032.683, 153
Trd, 000033.200, 143
Trd, 000033.583, 143
Trd, 000034.067, 155
Trd, 000034.850, 155
Trd, 000035.583, 148
Trd, 000036.517, 154
Trd, 000036.683, 142
Trd, 000037.000, 156
Trd, 000038.850, 151
Trd, 000039.683, 152
Trd, 000039.933, 153
Trd, 000040.467, 158
Trd, 000040.617, 153
Trd, 000041.267, 153
Trd, 000041.367, 152
Trd, 000041.667, 151
Trd, 000042.033, 141
Trd, 000042.283, 155
Trd, 000043.483, 153
Trd, 000044.250, 159
Trd, 000044.917, 157
Trd, 000045.200, 158
Trd, 000045.467, 152
Trd, 000046.417, 156
Trd, 000046.433, 157
Trd, 000047.833, 159
Trd, 000048.550, 155
Trd, 000049.217, 154
Trd, 000049.267, 156
Trd, 000049.350, 158
Trd, 000049.550, 154
Trd, 000050.033, 155
Trd, 000050.100, 160
Trd, 000051.850, 144
Trd, 000051.917, 145
Trd, 000051.967, 153
Trd, 000052.200, 154
Trd, 000052.533, 163
Trd, 000053.317, 153
Trd, 000053.417, 150
Trd, 000054.333, 153
Trd, 000054.767, 150
Trd, 000054.850, 150
Trd, 000055.033, 152
Trd, 000055.933, 152
Trd, 000056.017, 154
Trd, 000056.133, 139
Trd, 000058.700, 148
Trd, 000058.750, 149
Trd, 000058.850, 148
Trd, 000058.933, 147
Trd, 000059.867, 149
Trd, 000060.600, 149
Trd, 000060.900, 150
Trd, 000061.033, 152
Trd, 000061.100, 145
Trd, 000061.833, 147
Trd, 000062.050, 157
Trd, 000063.200, 148
Trd, 000063.800, 146
Trd, 000064.017, 150
Trd, 000064.567, 143
Trd, 000065.000, 143
Trd, 000065.667, 142
Trd, 000066.000, 142
Trd, 000066.117, 143
Trd, 000066.167, 141
Trd, 000066.883, 142
Trd, 000067.117, 142
Trd, 000067.317, 147
Trd, 000067.667, 161
Trd, 000068.367, 142
Trd, 000068.500, 144
Trd, 000068.550, 143
Trd, 000068.583, 140
Trd, 000068.883, 147
Trd, 000069.050, 148
Trd, 000069.450, 164
Trd, 000070.650, 148
Trd, 000071.283, 151
Trd, 000071.433, 162
Trd, 000071.583, 165
Trd, 000072.283, 147
Trd, 000073.467, 149
Trd, 000073.717, 151
Trd, 000074.467, 154
Trd, 000074.767, 149
Trd, 000074.967, 146
Trd, 000075.400, 152
Trd, 000075.517, 153
Trd, 000076.017, 146
Trd, 000076.133, 144
Trd, 000076.417, 153
Trd, 000076.550, 162
Trd, 000076.683, 158
Trd, 000077.717, 144
Trd, 000077.733, 145
Trd, 000078.283, 153
Trd, 000080.167, 149
Trd, 000080.617, 147
Trd, 000081.450, 148
Trd, 000081.500, 148
Trd, 000081.583, 149
Trd, 000081.983, 152
Trd, 000082.517, 147
Trd, 000082.733, 147
Trd, 000082.833, 146
Trd, 000083.900, 148
Trd, 000084.417, 150
Trd, 000085.117, 145
Trd, 000085.167, 152
Trd, 000085.300, 145
Trd, 000087.333, 148
Trd, 000088.450, 150
Trd, 000088.800, 149
Trd, 000088.950, 149
Trd, 000088.983, 141
Trd, 000090.167, 148
Trd, 000090.433, 149
Trd, 000090.883, 151
Trd, 000090.900, 153
Trd, 000090.950, 150
Trd, 000091.017, 167
Trd, 000091.650, 158
Trd, 000092.033, 176
Trd, 000092.167, 175
Trd, 000094.350, 171
Trd, 000094.617, 167
Trd, 000094.633, 155
Trd, 000095.233, 176
Trd, 000095.717, 172
Trd, 000096.133, 171
Trd, 000096.183, 170
Trd, 000097.000, 152
Trd, 000097.467, 152
Trd, 000097.583, 154
Trd, 000097.767, 156
Trd, 000097.900, 154
Trd, 000098.817, 158
Trd, 000099.283, 158
Trd, 000099.417, 156
Trd, 000099.517, 146
Trd, 000099.850, 158
Trd, 000100.750, 158
Trd, 000101.100, 151
Trd, 000101.300, 150
Trd, 000102.167, 159
Trd, 000103.000, 155
Trd, 000103.283, 153
Trd, 000103.933, 157
Trd, 000104.250, 153
Trd, 000105.017, 153
Trd, 000105.067, 154
Trd, 000105.317, 150
Trd, 000105.433, 150
Trd, 000105.467, 155
Trd, 000107.400, 152
Trd, 000107.650, 153
Trd, 000107.667, 154
Trd, 000108.250, 154
Trd, 000108.617, 154
Trd, 000109.117, 154
Trd, 000109.933, 151
Trd, 000110.600, 148
Trd, 000111.183, 153
Trd, 000111.800, 152
Trd, 000112.267, 152
Trd, 000112.583, 153
Trd, 000113.283, 153
Trd, 000113.400, 150
Trd, 000113.600, 155
Trd, 000114.033, 169
Trd, 000114.433, 149
Trd, 000114.533, 148
Trd, 000114.700, 148
Trd, 000114.717, 157
Trd, 000115.783, 166
Trd, 000115.833, 147
Trd, 000117.950, 147
Trd, 000118.250, 154
Trd, 000118.400, 159
Trd, 000118.617, 159
Trd, 000119.483, 149
Trd, 000119.617, 156
Trd, 000121.183, 152
Trd, 000121.850, 153
Trd, 000122.467, 152
Trd, 000122.617, 153
Trd, 000123.067, 152
Trd, 000123.417, 153
Trd, 000123.533, 151
Trd, 000123.833, 155
Trd, 000124.550, 155
Trd, 000124.700, 152
Trd, 000125.667, 154
Trd, 000125.683, 156
Trd, 000126.050, 156
Trd, 000126.550, 155
Trd, 000127.417, 156
Trd, 000127.483, 155
Trd, 000127.583, 157
Trd, 000127.783, 154
Trd, 000127.950, 161
Trd, 000128.250, 153
Trd, 000129.783, 157
Trd, 000130.567, 157
Trd, 000130.983, 159
Trd, 000131.000, 161
Trd, 000131.100, 155
Trd, 000132.617, 153
Trd, 000132.867, 152
Trd, 000133.633, 153
Trd, 000134.267, 154
Trd, 000134.283, 157
Trd, 000134.633, 168
Trd, 000135.300, 155
Trd, 000135.550, 159
Trd, 000136.017, 158
Trd, 000136.483, 156
Trd, 000136.800, 157
Trd, 000136.967, 156
Trd, 000137.200, 155
Trd, 000138.617, 159
Trd, 000140.183, 156
Trd, 000140.217, 156
Trd, 000140.750, 158
Trd, 000141.433, 156
Trd, 000141.500, 158
Trd, 000141.817, 169
Trd, 000142.083, 172
Trd, 000142.417, 176
Trd, 000142.733, 186
Trd, 000143.683, 173
Trd, 000144.300, 155
Trd, 000145.950, 164
Trd, 000146.417, 164
Trd, 000146.467, 162
Trd, 000146.483, 166
Trd, 000146.817, 162
Trd, 000147.133, 156
Trd, 000147.167, 155
Trd, 000148.483, 159
Trd, 000149.217, 158
Trd, 000149.800, 157
Trd, 000150.033, 150
Trd, 000150.333, 152
Trd, 000150.367, 155
Trd, 000150.483, 156
Trd, 000150.817, 159
Trd, 000151.817, 155
Trd, 000151.917, 153
Trd, 000152.183, 155
Trd, 000152.667, 158
Trd, 000153.017, 170
Trd, 000154.350, 153
Trd, 000155.017, 154
Trd, 000155.183, 155
Trd, 000155.200, 156
Trd, 000155.283, 167
Trd, 000156.167, 154
Trd, 000156.183, 172
Trd, 000157.067, 171
Trd, 000157.267, 171
Trd, 000158.033, 170
Trd, 000158.467, 160
Trd, 000158.583, 156
Trd, 000159.050, 157
Trd, 000160.617, 159
Trd, 000161.550, 160
Trd, 000161.850, 159
Trd, 000162.250, 158
Trd, 000162.400, 160
Trd, 000162.917, 158
Trd, 000163.150, 158
Trd, 000163.217, 161
Trd, 000163.283, 154
Trd, 000163.633, 153
Trd, 000163.717, 160
Trd, 000165.800, 152
Trd, 000166.150, 151
Trd, 000166.433, 153
Trd, 000166.567, 156
Trd, 000166.683, 160
Trd, 000167.417, 154
Trd, 000167.650, 168
Trd, 000168.083, 155
Trd, 000169.400, 158
Trd, 000169.533, 157
Trd, 000170.400, 156
Trd, 000170.550, 157
Trd, 000170.733, 160
Trd, 000171.050, 161
Trd, 000171.300, 156
Trd, 000172.217, 163
Trd, 000172.383, 156
Trd, 000172.683, 155
Trd, 000173.317, 166
Trd, 000174.383, 157
Trd, 000174.583, 161
Trd, 000174.850, 165
Trd, 000175.317, 164
Trd, 000175.333, 165
Trd, 000177.100, 171
Trd, 000178.033, 176
Trd, 000178.167, 166
Trd, 000178.383, 165
Trd, 000178.717, 157
Trd, 000178.950, 174
Trd, 000179.033, 175
Trd, 000179.467, 163
Trd, 000179.683, 174
Trd, 000181.400, 171
Trd, 000181.500, 166
Trd, 000181.633, 169
Trd, 000181.750, 173
Trd, 000182.867, 156
Trd, 000183.783, 156
Trd, 000184.150, 155
Trd, 000184.600, 155
Trd, 000184.633, 157
Trd, 000184.717, 151
Trd, 000185.900, 158
Trd, 000186.383, 161
Trd, 000187.017, 161
Trd, 000187.067, 157
Trd, 000187.700, 157
Trd, 000188.433, 161
Trd, 000189.083, 157
Trd, 000189.450, 157
Trd, 000191.117, 151
Trd, 000191.400, 151
Trd, 000191.467, 154
Trd, 000191.717, 156
Trd, 000192.133, 160
Trd, 000192.383, 163
Trd, 000192.500, 177
Trd, 000192.533, 185
Trd, 000192.800, 151
Trd, 000193.433, 155
Trd, 000193.750, 155
Trd, 000194.417, 156
Trd, 000195.333, 158
Trd, 000196.150, 156
Trd, 000196.400, 155
Trd, 000197.617, 159
Trd, 000198.000, 155
Trd, 000198.050, 160
Trd, 000199.633, 161
Trd, 000199.700, 158
Trd, 000200.083, 159
Trd, 000200.583, 160
Trd, 000200.617, 159
Trd, 000200.683, 164
Trd, 000201.017, 164
Trd, 000201.533, 163
Trd, 000201.950, 165
Trd, 000202.100, 176
Trd, 000202.367, 178
Trd, 000203.383, 164
Trd, 000203.583, 177
Trd, 000203.683, 157
Trd, 000203.883, 164
Trd, 000204.033, 178
Trd, 000204.767, 166
Trd, 000206.300, 169
Trd, 000206.550, 168
Trd, 000206.600, 178
Trd, 000206.883, 161
Trd, 000207.083, 179
Trd, 000208.700, 166
Trd, 000208.767, 174
Trd, 000209.083, 174
Trd, 000210.450, 171
Trd, 000210.583, 168
Trd, 000210.950, 171
Trd, 000211.100, 162
Trd, 000213.633, 170
Trd, 000214.233, 167
Trd, 000214.367, 168
Trd, 000214.583, 167
Trd, 000215.167, 167
Trd, 000215.300, 168
Trd, 000215.350, 167
Trd, 000215.517, 168
Trd, 000215.917, 166
Trd, 000216.283, 171
Trd, 000216.483, 172
Trd, 000216.583, 161
Trd, 000216.850, 176
Trd, 000217.267, 180
Trd, 000217.400, 190
Trd, 000217.983, 159
Trd, 000218.250, 158
Trd, 000218.467, 147
Trd, 000219.283, 174
Trd, 000221.767, 165
Trd, 000222.450, 165
Trd, 000222.500, 164
Trd, 000222.867, 161
Trd, 000223.150, 163
Trd, 000223.350, 164
Trd, 000224.583, 161
Trd, 000225.117, 163
Trd, 000225.967, 164
Trd, 000226.200, 163
Trd, 000226.517, 162
Trd, 000226.783, 164
Trd, 000227.400, 160
Trd, 000227.433, 165
Trd, 000228.167, 165
Trd, 000229.667, 165
Trd, 000230.733, 167
Trd, 000230.867, 166
Trd, 000231.183, 167
Trd, 000231.233, 168
Trd, 000231.417, 165
Trd, 000231.883, 170
Trd, 000233.317, 171
Trd, 000233.550, 171
Trd, 000233.733, 172
Trd, 000234.367, 170
Trd, 000235.017, 171
Trd, 000235.417, 177
Trd, 000236.467, 174
Trd, 000237.083, 175
Trd, 000237.333, 176
Trd, 000237.450, 175
Trd, 000237.633, 174
Trd, 000237.750, 178
Trd, 000238.133, 179
Trd, 000238.150, 180
Trd, 000238.700, 173
Trd, 000239.333, 174
Trd, 000239.750, 173
Trd, 000240.033, 177
Trd, 000240.383, 177
Trd, 000240.550, 178
Trd, 000240.667, 177
Trd, 000242.000, 179
Trd, 000242.533, 178
Trd, 000242.667, 178
Trd, 000242.833, 175
Trd, 000243.500, 178
Trd, 000244.133, 178
Trd, 000244.200, 172
Trd, 000244.567, 179
Trd, 000245.200, 175
Trd, 000245.767, 179
Trd, 000246.083, 178
Trd, 000246.450, 178
Trd, 000246.783, 179
Trd, 000246.800, 177
Trd, 000246.967, 176
Trd, 000247.350, 174
Trd, 000247.517, 172
Trd, 000248.233, 176
Trd, 000248.250, 168
Trd, 000249.567, 173
Trd, 000249.583, 174
Trd, 000249.967, 172
Trd, 000250.417, 175
Trd, 000250.533, 176
Trd, 000251.083, 178
Trd, 000251.217, 179
Trd, 000252.167, 180
Trd, 000252.950, 183
Trd, 000253.967, 188
Trd, 000254.133, 185
Trd, 000254.183, 180
Trd, 000254.700, 183
Trd, 000254.800, 176
Trd, 000255.167, 183
Trd, 000255.250, 178
Trd, 000255.267, 173
Trd, 000256.183, 178
Trd, 000256.450, 180
Trd, 000257.150, 179
Trd, 000257.483, 177
Trd, 000257.967, 181
Trd, 000258.817, 182
Trd, 000258.967, 181
Trd, 000259.000, 176
Trd, 000259.283, 175
Trd, 000259.417, 174
Trd, 000259.700, 183
Trd, 000260.717, 169
Trd, 000260.883, 180
Trd, 000260.900, 182
Trd, 000261.700, 171
Trd, 000261.833, 170
Trd, 000262.217, 175
Trd, 000262.267, 170
Trd, 000262.567, 175
Trd, 000262.817, 176
Trd, 000263.500, 169
Trd, 000263.717, 176
Trd, 000263.983, 170
Trd, 000264.550, 177
Trd, 000264.950, 170
Trd, 000265.150, 170
Trd, 000266.517, 168
Trd, 000266.533, 169
Trd, 000266.717, 170
Trd, 000267.217, 169
Trd, 000267.350, 168
Trd, 000267.867, 175
Trd, 000268.000, 181
Trd, 000268.367, 173
Trd, 000268.483, 184
Trd, 000269.067, 180
Trd, 000269.233, 178
Trd, 000269.433, 171
Trd, 000269.733, 170
Trd, 000269.833, 184
Trd, 000270.283, 184
Trd, 000271.450, 184
Trd, 000271.617, 183
Trd, 000271.900, 182
Trd, 000271.967, 180
Trd, 000272.000, 180
Trd, 000272.017, 185
Trd, 000272.500, 191
Trd, 000273.783, 186
Trd, 000274.350, 184
Trd, 000274.600, 187
Trd, 000274.717, 184
Trd, 000274.867, 187
Trd, 000275.017, 192
Trd, 000276.550, 183
Trd, 000276.967, 183
Trd, 000276.983, 182
Trd, 000277.417, 184
Trd, 000277.717, 185
Trd, 000277.733, 178
Trd, 000278.100, 192
Trd, 000278.900, 193
Trd, 000279.283, 183
Trd, 000279.417, 183
Trd, 000279.617, 179
Trd, 000280.067, 176
Trd, 000280.317, 186
Trd, 000280.367, 168
Trd, 000281.433, 186
Trd, 000281.683, 184
Trd, 000282.067, 178
Trd, 000282.133, 185
Trd, 000282.633, 170
Trd, 000282.833, 183
Trd, 000283.017, 184
Trd, 000283.967, 178
Trd, 000284.350, 183
Trd, 000284.667, 178
Trd, 000285.467, 178
Trd, 000285.650, 183
Trd, 000286.050, 177
Trd, 000286.550, 177
Trd, 000286.583, 176
Trd, 000286.917, 178
Trd, 000287.417, 177
Trd, 000287.650, 173
Trd, 000288.500, 172
Trd, 000288.567, 170
Trd, 000288.583, 168
Trd, 000288.850, 185
Trd, 000289.100, 186
Trd, 000289.833, 169
Trd, 000290.750, 182
Trd, 000290.950, 182
Trd, 000291.550, 184
Trd, 000291.567, 185
Trd, 000291.767, 190
Trd, 000291.933, 184
Trd, 000293.117, 186
Trd, 000293.583, 182
Trd, 000293.667, 180
Trd, 000293.683, 177
Trd, 000294.117, 184
Trd, 000294.483, 173
Trd, 000294.783, 174
Trd, 000295.367, 173
Trd, 000295.483, 175
Trd, 000296.150, 176
Trd, 000296.200, 173
Trd, 000296.317, 171
Trd, 000297.067, 183
Trd, 000297.083, 171
Trd, 000297.350, 184
Trd, 000297.733, 181
Trd, 000297.767, 169
Trd, 000299.383, 181
Trd, 000299.550, 182
Trd, 000299.867, 186
