Trd, 000000.683, 193
Trd, 000001.400, 151
Trd, 000001.633, 127
Trd, 000002.383, 134
Trd, 000002.800, 133
Trd, 000004.000, 137
Trd, 000005.117, 145
Trd, 000005.333, 136
Trd, 000005.467, 146
Trd, 000006.983, 156
Trd, 000007.717, 140
Trd, 000008.067, 141
Trd, 000008.367, 137
Trd, 000009.033, 139
Trd, 000009.283, 142
Trd, 000009.400, 144
Trd, 000009.600, 138
Trd, 000011.250, 145
Trd, 000011.567, 141
Trd, 000012.200, 153
Trd, 000012.533, 154
Trd, 000012.567, 152
Trd, 000013.050, 156
Trd, 000013.133, 168
Trd, 000013.817, 149
Trd, 000013.950, 145
Trd, 000017.333, 152
Trd, 000017.567, 153
Trd, 000018.100, 152
Trd, 000018.333, 154
Trd, 000018.533, 155
Trd, 000019.017, 154
Trd, 000019.883, 153
Trd, 000020.900, 152
Trd, 000021.317, 154
Trd, 000021.617, 154
Trd, 000022.717, 153
Trd, 000022.767, 150
Trd, 000022.900, 148
Trd, 000022.983, 151
Trd, 000023.100, 153
Trd, 000024.417, 151
Trd, 000024.950, 158
Trd, 000025.867, 159
Trd, 000026.033, 164
Trd, 000026.883, 156
Trd, 000027.417, 155
Trd, 000027.867, 154
Trd, 000029.383, 156
Trd, 000029.800, 157
Trd, 000030.283, 156
Trd, 000030.417, 154
Trd, 000030.533, 158
Trd, 000032.233, 161
Trd, 000033.100, 155
Trd, 000033.233, 160
Trd, 000033.533, 156
Trd, 000033.683, 160
Trd, 000034.850, 159
Trd, 000035.033, 155
Trd, 000035.433, 155
Trd, 000035.583, 154
Trd, 000035.667, 153
Trd, 000037.233, 157
Trd, 000039.250, 157
Trd, 000040.367, 157
Trd, 000041.800, 156
Trd, 000042.450, 155
Trd, 000042.750, 156
Trd, 000042.817, 155
Trd, 000043.817, 155
Trd, 000044.117, 156
Trd, 000044.317, 156
Trd, 000044.600, 155
Trd, 000044.783, 156
Trd, 000044.800, 157
Trd, 000045.183, 155
Trd, 000045.467, 153
Trd, 000046.283, 154
Trd, 000046.400, 155
Trd, 000046.883, 154
Trd, 000048.717, 153
Trd, 000049.050, 153
Trd, 000049.200, 156
Trd, 000049.667, 158
Trd, 000050.267, 167
Trd, 000050.633, 158
Trd, 000051.417, 154
Trd, 000052.000, 156
Trd, 000052.783, 154
Trd, 000053.300, 156
Trd, 000054.200, 157
Trd, 000054.683, 156
Trd, 000054.850, 155
Trd, 000055.500, 153
Trd, 000056.333, 156
Trd, 000056.833, 156
Trd, 000058.150, 159
Trd, 000058.933, 159
Trd, 000059.417, 157
Trd, 000059.700, 156
Trd, 000059.717, 156
Trd, 000059.733, 161
Trd, 000061.283, 160
Trd, 000062.450, 161
Trd, 000062.917, 159
Trd, 000063.383, 158
Trd, 000063.850, 159
Trd, 000064.083, 158
Trd, 000065.300, 159
Trd, 000065.367, 158
Trd, 000065.850, 157
Trd, 000066.417, 158
Trd, 000066.783, 157
Trd, 000067.100, 160
Trd, 000068.383, 158
Trd, 000069.150, 156
Trd, 000069.367, 155
Trd, 000069.483, 156
Trd, 000071.133, 152
Trd, 000071.733, 155
Trd, 000072.167, 154
Trd, 000072.300, 155
Trd, 000072.400, 158
Trd, 000073.183, 151
Trd, 000074.367, 140
Trd, 000074.617, 149
Trd, 000075.150, 145
Trd, 000075.867, 141
Trd, 000076.733, 146
Trd, 000076.917, 144
Trd, 000078.067, 148
Trd, 000078.183, 154
Trd, 000079.367, 151
Trd, 000079.767, 146
Trd, 000079.883, 148
Trd, 000080.333, 146
Trd, 000080.750, 148
Trd, 000081.217, 150
Trd, 000081.383, 152
Trd, 000082.150, 170
Trd, 000083.833, 167
Trd, 000084.033, 165
Trd, 000084.600, 162
Trd, 000084.933, 159
Trd, 000085.000, 160
Trd, 000085.450, 167
Trd, 000086.183, 165
Trd, 000088.200, 164
Trd, 000089.033, 165
Trd, 000089.183, 168
Trd, 000089.950, 165
Trd, 000090.217, 164
Trd, 000090.250, 161
Trd, 000090.500, 160
Trd, 000091.367, 166
Trd, 000091.800, 163
Trd, 000092.933, 162
Trd, 000093.050, 162
Trd, 000094.267, 163
Trd, 000094.500, 163
Trd, 000095.317, 162
Trd, 000098.183, 163
Trd, 000098.367, 160
Trd, 000099.633, 161
Trd, 000100.517, 162
Trd, 000100.533, 161
Trd, 000100.983, 161
Trd, 000101.033, 160
Trd, 000101.067, 159
Trd, 000102.067, 161
Trd, 000102.583, 159
Trd, 000103.633, 159
Trd, 000103.917, 161
Trd, 000104.250, 158
Trd, 000104.633, 154
Trd, 000104.683, 151
Trd, 000104.767, 150
Trd, 000106.133, 153
Trd, 000106.433, 152
Trd, 000106.850, 152
Trd, 000107.350, 155
Trd, 000107.483, 156
Trd, 000108.317, 153
Trd, 000110.317, 169
Trd, 000110.700, 172
Trd, 000111.017, 162
Trd, 000111.583, 160
Trd, 000112.450, 173
Trd, 000112.867, 159
Trd, 000114.350, 166
Trd, 000115.400, 164
Trd, 000115.767, 162
Trd, 000115.800, 162
Trd, 000116.333, 162
Trd, 000117.800, 162
Trd, 000117.900, 163
Trd, 000118.033, 166
Trd, 000119.117, 163
Trd, 000119.250, 164
Trd, 000120.783, 165
Trd, 000121.117, 165
Trd, 000122.000, 166
Trd, 000122.283, 166
Trd, 000123.117, 165
Trd, 000123.433, 164
Trd, 000123.533, 163
Trd, 000124.317, 161
Trd, 000124.517, 163
Trd, 000125.900, 160
Trd, 000126.167, 165
Trd, 000128.167, 163
Trd, 000128.783, 164
Trd, 000129.533, 165
Trd, 000129.950, 165
Trd, 000130.133, 164
Trd, 000131.883, 164
Trd, 000132.417, 163
Trd, 000133.000, 166
Trd, 000133.250, 164
Trd, 000133.433, 163
Trd, 000133.917, 163
Trd, 000134.667, 164
Trd, 000134.833, 165
Trd, 000135.433, 163
Trd, 000135.850, 166
Trd, 000136.083, 161
Trd, 000136.617, 157
Trd, 000138.450, 158
Trd, 000139.300, 165
Trd, 000139.683, 164
Trd, 000140.567, 163
Trd, 000141.683, 162
Trd, 000141.883, 163
Trd, 000142.617, 161
Trd, 000142.633, 162
Trd, 000143.033, 161
Trd, 000144.050, 162
Trd, 000144.650, 162
Trd, 000145.617, 163
Trd, 000145.783, 162
Trd, 000146.000, 163
Trd, 000146.217, 174
Trd, 000146.317, 165
Trd, 000146.983, 166
Trd, 000147.267, 166
Trd, 000147.783, 172
Trd, 000148.300, 171
Trd, 000149.117, 171
Trd, 000150.067, 170
Trd, 000150.367, 170
Trd, 000152.067, 169
Trd, 000152.550, 169
Trd, 000153.150, 170
Trd, 000153.817, 168
Trd, 000154.033, 173
Trd, 000154.917, 173
Trd, 000155.017, 181
Trd, 000157.250, 175
Trd, 000157.633, 172
Trd, 000158.883, 173
Trd, 000159.933, 177
Trd, 000160.283, 176
Trd, 000161.050, 173
Trd, 000161.350, 172
Trd, 000162.300, 172
Trd, 000162.417, 168
Trd, 000162.717, 173
Trd, 000163.700, 169
Trd, 000165.017, 169
Trd, 000165.500, 170
Trd, 000165.533, 171
Trd, 000165.983, 172
Trd, 000166.117, 174
Trd, 000166.967, 169
Trd, 000168.467, 172
Trd, 000169.033, 172
Trd, 000170.017, 171
Trd, 000170.283, 170
Trd, 000171.900, 171
Trd, 000172.717, 171
Trd, 000172.800, 171
Trd, 000173.067, 172
Trd, 000173.967, 169
Trd, 000174.233, 168
Trd, 000174.283, 169
Trd, 000174.450, 165
Trd, 000176.283, 167
Trd, 000176.450, 168
Trd, 000176.883, 169
Trd, 000178.267, 169
Trd, 000178.833, 168
Trd, 000179.117, 166
Trd, 000179.300, 166
Trd, 000179.900, 169
Trd, 000181.033, 165
Trd, 000181.983, 169
Trd, 000183.483, 169
Trd, 000185.200, 169
Trd, 000185.383, 169
Trd, 000185.400, 166
Trd, 000187.700, 169
Trd, 000188.033, 169
Trd, 000188.167, 166
Trd, 000188.317, 165
Trd, 000188.817, 167
Trd, 000189.583, 166
Trd, 000189.967, 167
Trd, 000190.233, 167
Trd, 000190.567, 167
Trd, 000191.233, 167
Trd, 000191.400, 168
Trd, 000192.400, 165
Trd, 000192.433, 164
Trd, 000192.617, 163
Trd, 000193.250, 163
Trd, 000194.200, 163
Trd, 000194.500, 164
Trd, 000194.900, 173
Trd, 000195.833, 168
Trd, 000197.000, 167
Trd, 000197.233, 166
Trd, 000197.450, 169
Trd, 000197.483, 164
Trd, 000198.017, 182
Trd, 000199.250, 178
Trd, 000199.867, 174
Trd, 000200.150, 161
Trd, 000200.250, 175
Trd, 000200.467, 172
Trd, 000201.250, 173
Trd, 000201.333, 172
Trd, 000202.850, 172
Trd, 000202.967, 172
Trd, 000203.100, 171
Trd, 000205.400, 171
Trd, 000205.450, 172
Trd, 000205.567, 169
Trd, 000205.583, 173
Trd, 000205.717, 168
Trd, 000207.017, 172
Trd, 000207.150, 174
Trd, 000207.967, 168
Trd, 000208.383, 169
Trd, 000208.550, 167
Trd, 000209.317, 167
Trd, 000209.817, 169
Trd, 000210.033, 167
Trd, 000210.517, 168
Trd, 000210.617, 170
Trd, 000210.883, 170
Trd, 000211.617, 172
Trd, 000211.700, 170
Trd, 000213.017, 174
Trd, 000213.550, 183
Trd, 000215.800, 177
Trd, 000216.300, 172
Trd, 000218.250, 172
Trd, 000218.800, 172
Trd, 000218.867, 171
Trd, 000219.083, 171
Trd, 000220.167, 173
Trd, 000220.183, 172
Trd, 000220.917, 171
Trd, 000221.067, 170
Trd, 000221.867, 175
Trd, 000222.067, 168
Trd, 000222.350, 171
Trd, 000222.867, 169
Trd, 000223.150, 168
Trd, 000223.717, 170
Trd, 000225.283, 177
Trd, 000225.667, 174
Trd, 000226.383, 174
Trd, 000226.517, 176
Trd, 000226.817, 174
Trd, 000227.317, 173
Trd, 000228.550, 174
Trd, 000229.783, 176
Trd, 000229.983, 177
Trd, 000230.200, 178
Trd, 000230.817, 176
Trd, 000230.967, 175
Trd, 000232.467, 175
Trd, 000232.550, 179
Trd, 000233.367, 185
Trd, 000233.533, 179
Trd, 000234.267, 180
Trd, 000234.450, 178
Trd, 000236.267, 178
Trd, 000236.350, 175
Trd, 000236.933, 175
Trd, 000237.000, 179
Trd, 000237.717, 180
Trd, 000239.467, 178
Trd, 000239.933, 181
Trd, 000240.250, 176
Trd, 000240.533, 175
Trd, 000240.950, 177
Trd, 000240.967, 176
Trd, 000241.333, 175
Trd, 000241.683, 182
Trd, 000242.200, 178
Trd, 000242.683, 178
Trd, 000244.067, 175
Trd, 000244.650, 176
Trd, 000244.717, 175
Trd, 000244.867, 174
Trd, 000244.950, 175
Trd, 000245.267, 177
Trd, 000245.533, 174
Trd, 000246.733, 177
Trd, 000247.450, 174
Trd, 000247.583, 174
Trd, 000248.300, 175
Trd, 000249.183, 176
Trd, 000249.317, 176
Trd, 000249.333, 172
Trd, 000249.900, 174
Trd, 000250.683, 179
Trd, 000251.067, 176
Trd, 000251.500, 176
Trd, 000251.700, 177
Trd, 000251.917, 176
Trd, 000252.300, 179
Trd, 000252.983, 178
Trd, 000253.750, 176
Trd, 000254.267, 177
Trd, 000254.367, 180
Trd, 000254.867, 180
Trd, 000255.267, 177
Trd, 000255.717, 183
Trd, 000255.983, 176
Trd, 000256.050, 176
Trd, 000257.817, 181
Trd, 000259.150, 180
Trd, 000259.750, 184
Trd, 000259.817, 179
Trd, 000260.333, 184
Trd, 000260.400, 185
Trd, 000260.667, 181
Trd, 000262.167, 180
Trd, 000263.400, 186
Trd, 000263.500, 182
Trd, 000263.650, 178
Trd, 000263.767, 179
Trd, 000264.250, 178
Trd, 000264.633, 178
Trd, 000265.050, 177
Trd, 000265.533, 179
Trd, 000266.250, 181
Trd, 000266.633, 181
Trd, 000267.000, 180
Trd, 000267.200, 184
Trd, 000267.400, 188
Trd, 000267.733, 189
Trd, 000269.150, 182
Trd, 000269.467, 181
Trd, 000270.533, 183
Trd, 000271.467, 185
Trd, 000271.633, 184
Trd, 000271.783, 183
Trd, 000272.500, 182
Trd, 000272.650, 183
Trd, 000272.883, 181
Trd, 000273.317, 179
Trd, 000273.567, 180
Trd, 000274.067, 178
Trd, 000274.383, 180
Trd, 000275.183, 175
Trd, 000275.283, 181
Trd, 000276.250, 185
Trd, 000277.517, 179
Trd, 000278.000, 179
Trd, 000278.300, 179
Trd, 000278.567, 185
Trd, 000278.617, 186
Trd, 000278.733, 179
Trd, 000278.850, 176
Trd, 000279.333, 187
Trd, 000280.017, 189
Trd, 000280.617, 187
Trd, 000281.433, 187
Trd, 000281.833, 187
Trd, 000282.017, 187
Trd, 000282.167, 190
Trd, 000283.067, 182
Trd, 000283.883, 186
Trd, 000284.517, 186
Trd, 000285.100, 185
Trd, 000285.250, 182
Trd, 000285.533, 179
Trd, 000285.850, 186
Trd, 000286.217, 185
Trd, 000286.233, 186
Trd, 000287.267, 185
Trd, 000287.617, 181
Trd, 000287.933, 176
Trd, 000288.733, 185
Trd, 000289.300, 187
Trd, 000289.717, 187
Trd, 000290.683, 186
Trd, 000291.083, 184
Trd, 000291.317, 182
Trd, 000291.500, 185
Trd, 000292.567, 182
Trd, 000293.033, 186
Trd, 000293.133, 182
Trd, 000293.450, 188
Trd, 000294.350, 186
Trd, 000294.633, 186
Trd, 000294.683, 191
Trd, 000296.100, 181
Trd, 000296.300, 183
Trd, 000296.350, 188
Trd, 000297.550, 187
Trd, 000299.483, 187
Trd, 000299.517, 182
