Trd, 000000.933, 150
Trd, 000002.933, 144
Trd, 000003.350, 151
Trd, 000003.750, 141
Trd, 000004.233, 148
Trd, 000005.250, 154
Trd, 000005.667, 142
Trd, 000006.700, 144
Trd, 000006.850, 154
Trd, 000007.000, 146
Trd, 000007.633, 155
Trd, 000009.050, 149
Trd, 000010.133, 149
Trd, 000010.233, 148
Trd, 000010.250, 150
Trd, 000010.550, 149
Trd, 000011.383, 150
Trd, 000012.033, 152
Trd, 000012.450, 156
Trd, 000014.500, 155
Trd, 000014.633, 153
Trd, 000014.967, 152
Trd, 000015.583, 151
Trd, 000015.667, 150
Trd, 000016.767, 153
Trd, 000017.833, 151
Trd, 000018.367, 153
Trd, 000019.333, 152
Trd, 000019.367, 154
Trd, 000019.567, 151
Trd, 000019.733, 156
Trd, 000019.817, 151
Trd, 000020.500, 157
Trd, 000021.133, 152
Trd, 000021.433, 152
Trd, 000022.667, 152
Trd, 000023.100, 153
Trd, 000023.983, 158
Trd, 000024.783, 157
Trd, 000025.400, 155
Trd, 000025.950, 157
Trd, 000026.333, 160
Trd, 000027.100, 155
Trd, 000027.283, 153
Trd, 000029.050, 156
Trd, 000029.883, 154
Trd, 000030.050, 156
Trd, 000030.383, 154
Trd, 000030.433, 155
Trd, 000031.600, 154
Trd, 000032.500, 168
Trd, 000032.650, 152
Trd, 000033.500, 153
Trd, 000034.983, 152
Trd, 000035.483, 152
Trd, 000035.783, 153
Trd, 000036.317, 152
Trd, 000036.367, 152
Trd, 000036.883, 151
Trd, 000037.050, 152
Trd, 000037.083, 154
Trd, 000037.433, 152
Trd, 000037.533, 153
Trd, 000038.800, 148
Trd, 000039.067, 149
Trd, 000040.217, 155
Trd, 000040.433, 154
Trd, 000040.850, 154
Trd, 000041.633, 159
Trd, 000041.750, 155
Trd, 000042.067, 154
Trd, 000044.350, 156
Trd, 000044.800, 157
Trd, 000045.333, 157
Trd, 000045.417, 156
Trd, 000045.600, 155
Trd, 000045.683, 158
Trd, 000047.650, 157
Trd, 000047.883, 157
Trd, 000048.183, 157
Trd, 000048.700, 155
Trd, 000048.833, 155
Trd, 000049.567, 154
Trd, 000049.833, 146
Trd, 000050.783, 149
Trd, 000050.817, 148
Trd, 000050.950, 154
Trd, 000051.450, 155
Trd, 000051.667, 160
Trd, 000052.583, 163
Trd, 000052.833, 154
Trd, 000054.683, 153
Trd, 000054.900, 154
Trd, 000055.117, 155
Trd, 000056.517, 155
Trd, 000057.033, 156
Trd, 000057.517, 155
Trd, 000057.933, 153
Trd, 000058.817, 152
Trd, 000059.400, 153
Trd, 000059.517, 154
Trd, 000059.533, 152
Trd, 000061.583, 153
Trd, 000061.667, 153
Trd, 000061.800, 153
Trd, 000062.333, 153
Trd, 000062.617, 154
Trd, 000062.650, 157
Trd, 000063.250, 164
Trd, 000064.633, 154
Trd, 000065.583, 156
Trd, 000065.867, 155
Trd, 000066.600, 157
Trd, 000067.383, 155
Trd, 000068.983, 157
Trd, 000069.050, 159
Trd, 000069.867, 157
Trd, 000069.983, 160
Trd, 000070.000, 161
Trd, 000070.317, 165
Trd, 000070.467, 158
Trd, 000071.517, 158
Trd, 000072.850, 162
Trd, 000073.233, 162
Trd, 000073.933, 160
Trd, 000074.383, 160
Trd, 000074.733, 159
Trd, 000074.917, 160
Trd, 000074.933, 159
Trd, 000076.100, 161
Trd, 000076.667, 160
Trd, 000076.767, 159
Trd, 000077.233, 162
Trd, 000078.100, 166
Trd, 000078.267, 159
Trd, 000080.133, 159
Trd, 000081.067, 160
Trd, 000081.450, 161
Trd, 000082.767, 160
Trd, 000082.783, 159
Trd, 000083.733, 162
Trd, 000083.750, 158
Trd, 000083.917, 159
Trd, 000085.050, 162
Trd, 000085.100, 163
Trd, 000085.750, 163
Trd, 000088.733, 164
Trd, 000088.783, 164
Trd, 000088.817, 165
Trd, 000089.067, 166
Trd, 000089.200, 162
Trd, 000089.300, 167
Trd, 000089.483, 161
Trd, 000090.033, 161
Trd, 000090.850, 163
Trd, 000091.683, 160
Trd, 000092.350, 160
Trd, 000093.583, 164
Trd, 000093.617, 162
Trd, 000094.083, 161
Trd, 000094.183, 162
Trd, 000094.433, 161
Trd, 000094.783, 162
Trd, 000096.217, 164
Trd, 000097.733, 165
Trd, 000098.533, 166
Trd, 000098.550, 166
Trd, 000098.617, 162
Trd, 000099.150, 162
Trd, 000099.367, 161
Trd, 000099.650, 168
Trd, 000101.567, 163
Trd, 000101.867, 161
Trd, 000101.900, 164
Trd, 000102.400, 161
Trd, 000103.000, 162
Trd, 000103.067, 160
Trd, 000103.333, 160
Trd, 000104.283, 164
Trd, 000105.733, 165
Trd, 000106.000, 165
Trd, 000107.467, 164
Trd, 000108.083, 163
Trd, 000108.800, 163
Trd, 000109.517, 162
Trd, 000110.533, 165
Trd, 000111.050, 164
Trd, 000111.150, 165
Trd, 000113.250, 163
Trd, 000113.283, 165
Trd, 000113.833, 166
Trd, 000114.233, 165
Trd, 000114.733, 165
Trd, 000115.467, 161
Trd, 000115.517, 161
Trd, 000115.750, 165
Trd, 000116.200, 153
Trd, 000116.683, 152
Trd, 000116.917, 159
Trd, 000118.517, 156
Trd, 000118.917, 157
Trd, 000119.367, 160
Trd, 000119.733, 156
Trd, 000120.617, 159
Trd, 000120.767, 158
Trd, 000121.250, 158
Trd, 000121.483, 157
Trd, 000121.600, 159
Trd, 000123.333, 160
Trd, 000123.350, 163
Trd, 000125.617, 161
Trd, 000126.083, 162
Trd, 000126.300, 159
Trd, 000126.867, 163
Trd, 000127.250, 158
Trd, 000127.917, 163
Trd, 000128.150, 163
Trd, 000128.267, 164
Trd, 000128.650, 161
Trd, 000129.400, 162
Trd, 000130.200, 161
Trd, 000130.600, 162
Trd, 000130.867, 163
Trd, 000131.733, 163
Trd, 000131.817, 161
Trd, 000132.700, 162
Trd, 000133.100, 161
Trd, 000133.317, 160
Trd, 000133.333, 162
Trd, 000133.550, 164
Trd, 000133.700, 161
Trd, 000134.017, 171
Trd, 000136.567, 163
Trd, 000137.567, 161
Trd, 000137.667, 163
Trd, 000138.633, 161
Trd, 000138.767, 160
Trd, 000140.133, 162
Trd, 000140.483, 163
Trd, 000141.433, 163
Trd, 000142.317, 165
Trd, 000142.650, 165
Trd, 000142.683, 164
Trd, 000143.250, 167
Trd, 000144.367, 164
Trd, 000145.550, 164
Trd, 000146.033, 163
Trd, 000147.133, 163
Trd, 000147.383, 164
Trd, 000147.650, 163
Trd, 000148.283, 163
Trd, 000148.550, 164
Trd, 000149.033, 164
Trd, 000150.017, 162
Trd, 000150.267, 162
Trd, 000151.000, 162
Trd, 000151.850, 163
Trd, 000152.800, 161
Trd, 000153.317, 160
Trd, 000153.733, 159
Trd, 000154.200, 149
Trd, 000154.867, 159
Trd, 000155.450, 161
Trd, 000155.483, 163
Trd, 000155.883, 163
Trd, 000155.983, 163
Trd, 000156.033, 170
Trd, 000156.517, 173
Trd, 000157.150, 164
Trd, 000158.683, 167
Trd, 000158.817, 166
Trd, 000159.000, 166
Trd, 000159.300, 167
Trd, 000159.450, 167
Trd, 000159.583, 165
Trd, 000159.800, 165
Trd, 000160.400, 164
Trd, 000160.583, 162
Trd, 000162.617, 171
Trd, 000163.333, 167
Trd, 000164.050, 166
Trd, 000164.417, 161
Trd, 000165.033, 167
Trd, 000165.067, 169
Trd, 000166.850, 168
Trd, 000167.100, 165
Trd, 000167.317, 165
Trd, 000167.367, 169
Trd, 000168.100, 167
Trd, 000168.617, 168
Trd, 000168.683, 165
Trd, 000170.350, 167
Trd, 000170.983, 166
Trd, 000171.117, 167
Trd, 000171.700, 166
Trd, 000172.633, 174
Trd, 000173.200, 175
Trd, 000173.950, 183
Trd, 000174.383, 179
Trd, 000174.483, 170
Trd, 000175.783, 184
Trd, 000176.017, 177
Trd, 000176.333, 174
Trd, 000176.400, 173
Trd, 000176.417, 174
Trd, 000177.833, 168
Trd, 000178.017, 169
Trd, 000178.783, 166
Trd, 000179.383, 170
Trd, 000180.050, 162
Trd, 000180.083, 154
Trd, 000180.867, 160
Trd, 000181.800, 162
Trd, 000182.733, 163
Trd, 000182.967, 163
Trd, 000184.233, 163
Trd, 000184.350, 162
Trd, 000185.383, 163
Trd, 000185.750, 162
Trd, 000185.883, 163
Trd, 000186.000, 161
Trd, 000187.383, 161
Trd, 000187.450, 163
Trd, 000188.200, 167
Trd, 000190.000, 166
Trd, 000190.017, 165
Trd, 000190.333, 163
Trd, 000191.150, 164
Trd, 000191.400, 163
Trd, 000192.383, 167
Trd, 000192.483, 170
Trd, 000193.117, 171
Trd, 000193.250, 176
Trd, 000193.550, 163
Trd, 000193.733, 163
Trd, 000195.300, 163
Trd, 000196.550, 167
Trd, 000196.717, 165
Trd, 000197.350, 165
Trd, 000197.483, 164
Trd, 000197.517, 165
Trd, 000199.650, 168
Trd, 000200.400, 177
Trd, 000201.267, 173
Trd, 000201.750, 173
Trd, 000202.250, 172
Trd, 000202.867, 172
Trd, 000203.217, 173
Trd, 000203.983, 173
Trd, 000204.417, 173
Trd, 000204.433, 174
Trd, 000204.533, 172
Trd, 000206.550, 169
Trd, 000207.083, 168
Trd, 000208.067, 164
Trd, 000209.050, 162
Trd, 000209.850, 162
Trd, 000210.350, 160
Trd, 000210.967, 160
Trd, 000211.817, 161
Trd, 000212.100, 161
Trd, 000212.583, 165
Trd, 000212.600, 176
Trd, 000213.317, 179
Trd, 000214.883, 169
Trd, 000215.833, 169
Trd, 000215.900, 168
Trd, 000216.833, 168
Trd, 000216.917, 169
Trd, 000217.233, 171
Trd, 000217.650, 172
Trd, 000218.500, 173
Trd, 000219.533, 176
Trd, 000219.550, 174
Trd, 000219.750, 173
Trd, 000219.883, 169
Trd, 000220.117, 170
Trd, 000221.967, 170
Trd, 000222.933, 170
Trd, 000223.450, 172
Trd, 000223.633, 171
Trd, 000225.250, 171
Trd, 000225.467, 170
Trd, 000226.067, 171
Trd, 000226.333, 170
Trd, 000226.733, 173
Trd, 000227.567, 170
Trd, 000228.300, 171
Trd, 000228.533, 173
Trd, 000228.867, 173
Trd, 000229.100, 173
Trd, 000229.117, 174
Trd, 000230.100, 172
Trd, 000230.433, 171
Trd, 000230.817, 176
Trd, 000231.483, 176
Trd, 000231.900, 177
Trd, 000233.150, 177
Trd, 000233.983, 173
Trd, 000234.200, 174
Trd, 000235.167, 177
Trd, 000236.417, 175
Trd, 000236.567, 173
Trd, 000238.050, 177
Trd, 000239.200, 176
Trd, 000240.200, 175
Trd, 000240.300, 175
Trd, 000240.550, 173
Trd, 000240.967, 174
Trd, 000241.083, 172
Trd, 000241.450, 172
Trd, 000243.533, 173
Trd, 000243.567, 175
Trd, 000243.767, 176
Trd, 000244.117, 176
Trd, 000244.683, 175
Trd, 000244.900, 172
Trd, 000245.067, 176
Trd, 000245.583, 177
Trd, 000246.867, 175
Trd, 000247.317, 172
Trd, 000247.967, 172
Trd, 000248.067, 173
Trd, 000248.333, 175
Trd, 000249.767, 174
Trd, 000250.033, 173
Trd, 000250.517, 174
Trd, 000250.783, 176
Trd, 000250.850, 176
Trd, 000252.400, 174
Trd, 000252.617, 174
Trd, 000252.733, 173
Trd, 000254.017, 173
Trd, 000254.133, 173
Trd, 000254.450, 172
Trd, 000254.617, 173
Trd, 000254.917, 172
Trd, 000255.117, 173
Trd, 000255.850, 174
Trd, 000257.133, 172
Trd, 000257.300, 175
Trd, 000257.333, 177
Trd, 000257.450, 172
Trd, 000257.533, 180
Trd, 000258.400, 174
Trd, 000259.417, 175
Trd, 000259.567, 174
Trd, 000260.083, 173
Trd, 000260.650, 176
Trd, 000260.850, 173
Trd, 000260.983, 176
Trd, 000261.517, 175
Trd, 000261.633, 174
Trd, 000262.067, 172
Trd, 000262.200, 174
Trd, 000262.983, 171
Trd, 000263.250, 174
Trd, 000263.383, 169
Trd, 000263.583, 167
Trd, 000264.133, 160
Trd, 000265.867, 165
Trd, 000266.033, 167
Trd, 000266.400, 174
Trd, 000266.983, 178
Trd, 000268.017, 172
Trd, 000268.700, 171
Trd, 000269.950, 178
Trd, 000270.367, 175
Trd, 000270.517, 178
Trd, 000271.183, 179
Trd, 000271.250, 176
Trd, 000271.533, 175
Trd, 000271.550, 176
Trd, 000271.617, 174
Trd, 000271.900, 173
Trd, 000272.067, 172
Trd, 000272.983, 171
Trd, 000274.233, 176
Trd, 000274.717, 175
Trd, 000275.350, 177
Trd, 000275.750, 179
Trd, 000275.817, 177
Trd, 000276.133, 181
Trd, 000276.300, 176
Trd, 000276.483, 175
Trd, 000276.533, 181
Trd, 000277.417, 176
Trd, 000278.100, 175
Trd, 000278.217, 176
Trd, 000278.583, 176
Trd, 000278.650, 183
Trd, 000279.183, 176
Trd, 000279.700, 176
Trd, 000280.250, 177
Trd, 000280.383, 177
Trd, 000280.833, 176
Trd, 000281.050, 177
Trd, 000281.083, 176
Trd, 000281.217, 179
Trd, 000282.233, 177
Trd, 000282.983, 177
Trd, 000283.267, 176
Trd, 000283.933, 176
Trd, 000284.283, 169
Trd, 000284.550, 177
Trd, 000284.750, 179
Trd, 000284.850, 181
Trd, 000285.667, 177
Trd, 000286.333, 179
Trd, 000286.500, 179
Trd, 000286.767, 179
Trd, 000286.950, 179
Trd, 000287.233, 180
Trd, 000287.450, 178
Trd, 000288.017, 183
Trd, 000288.883, 193
Trd, 000288.983, 185
Trd, 000289.267, 180
Trd, 000290.283, 179
Trd, 000290.567, 179
Trd, 000290.767, 177
Trd, 000290.867, 166
Trd, 000290.967, 184
Trd, 000291.533, 173
Trd, 000291.867, 185
Trd, 000291.983, 194
Trd, 000293.283, 180
Trd, 000293.383, 179
Trd, 000293.517, 177
Trd, 000293.683, 183
Trd, 000293.950, 178
Trd, 000294.700, 179
Trd, 000294.983, 180
Trd, 000295.100, 184
Trd, 000296.150, 177
Trd, 000296.600, 183
Trd, 000297.433, 182
Trd, 000298.233, 183
Trd, 000298.417, 178
Trd, 000298.633, 183
Trd, 000298.700, 179
Trd, 000298.817, 177
Trd, 000299.100, 174
Trd, 000299.633, 182
