Trd, 000001.217, 169
Trd, 000001.283, 134
Trd, 000001.800, 109
Trd, 000002.533, 200
Trd, 000004.617, 136
Trd, 000005.167, 162
Trd, 000005.567, 169
Trd, 000006.033, 149
Trd, 000006.733, 162
Trd, 000006.783, 161
Trd, 000006.833, 141
Trd, 000006.917, 142
Trd, 000009.150, 156
Trd, 000009.300, 164
Trd, 000009.600, 165
Trd, 000009.850, 155
Trd, 000010.217, 157
Trd, 000010.667, 154
Trd, 000011.917, 158
Trd, 000012.183, 161
Trd, 000012.567, 160
Trd, 000012.850, 159
Trd, 000013.017, 159
Trd, 000013.233, 157
Trd, 000014.617, 159
Trd, 000015.250, 167
Trd, 000015.967, 142
Trd, 000016.717, 153
Trd, 000018.133, 147
Trd, 000018.333, 151
Trd, 000019.317, 147
Trd, 000019.633, 149
Trd, 000019.983, 149
Trd, 000020.367, 149
Trd, 000020.683, 150
Trd, 000021.667, 139
Trd, 000022.033, 143
Trd, 000022.117, 127
Trd, 000022.800, 172
Trd, 000022.833, 168
Trd, 000023.183, 167
Trd, 000023.450, 184
Trd, 000025.983, 149
Trd, 000026.433, 144
Trd, 000027.017, 148
Trd, 000027.400, 148
Trd, 000027.667, 138
Trd, 000028.933, 147
Trd, 000029.383, 148
Trd, 000029.833, 148
Trd, 000030.367, 149
Trd, 000030.583, 144
Trd, 000031.033, 151
Trd, 000031.050, 152
Trd, 000031.867, 150
Trd, 000032.250, 149
Trd, 000032.933, 150
Trd, 000033.183, 150
Trd, 000033.433, 148
Trd, 000033.517, 145
Trd, 000033.750, 145
Trd, 000034.067, 144
Trd, 000034.950, 151
Trd, 000036.033, 145
Trd, 000036.267, 150
Trd, 000036.350, 144
Trd, 000038.033, 151
Trd, 000039.383, 147
Trd, 000039.850, 147
Trd, 000040.817, 149
Trd, 000041.600, 149
Trd, 000041.983, 147
Trd, 000042.350, 147
Trd, 000042.367, 145
Trd, 000042.400, 138
Trd, 000043.050, 144
Trd, 000044.233, 143
Trd, 000045.050, 143
Trd, 000045.567, 144
Trd, 000046.133, 140
Trd, 000046.717, 140
Trd, 000046.767, 144
Trd, 000046.933, 145
Trd, 000047.317, 142
Trd, 000047.817, 144
Trd, 000049.117, 145
Trd, 000049.933, 146
Trd, 000050.567, 146
Trd, 000050.633, 153
Trd, 000050.783, 145
Trd, 000050.883, 156
Trd, 000051.000, 144
Trd, 000051.067, 183
Trd, 000052.167, 139
Trd, 000052.717, 146
Trd, 000052.900, 154
Trd, 000053.633, 153
Trd, 000054.433, 152
Trd, 000054.717, 142
Trd, 000056.683, 154
Trd, 000056.833, 149
Trd, 000057.133, 150
Trd, 000057.450, 152
Trd, 000057.917, 152
Trd, 000057.950, 151
Trd, 000058.583, 140
Trd, 000059.617, 151
Trd, 000059.733, 152
Trd, 000060.983, 150
Trd, 000061.483, 154
Trd, 000061.617, 149
Trd, 000061.817, 149
Trd, 000063.317, 150
Trd, 000063.383, 150
Trd, 000063.850, 149
Trd, 000064.300, 149
Trd, 000065.150, 148
Trd, 000065.267, 150
Trd, 000065.500, 151
Trd, 000066.933, 154
Trd, 000067.500, 153
Trd, 000067.617, 157
Trd, 000067.700, 183
Trd, 000068.000, 147
Trd, 000068.900, 149
Trd, 000068.950, 153
Trd, 000070.200, 150
Trd, 000070.533, 155
Trd, 000071.817, 152
Trd, 000072.133, 154
Trd, 000072.550, 152
Trd, 000072.683, 155
Trd, 000073.483, 151
Trd, 000075.050, 156
Trd, 000075.333, 153
Trd, 000076.417, 142
Trd, 000076.717, 150
Trd, 000076.833, 142
Trd, 000077.717, 146
Trd, 000077.733, 141
Trd, 000079.267, 146
Trd, 000080.483, 146
Trd, 000080.750, 146
Trd, 000080.917, 147
Trd, 000081.167, 145
Trd, 000081.367, 147
Trd, 000082.183, 149
Trd, 000082.600, 148
Trd, 000082.700, 156
Trd, 000083.250, 145
Trd, 000084.400, 147
Trd, 000085.283, 148
Trd, 000086.083, 163
Trd, 000086.167, 144
Trd, 000087.033, 156
Trd, 000087.083, 143
Trd, 000087.933, 165
Trd, 000088.267, 186
Trd, 000090.250, 176
Trd, 000090.483, 175
Trd, 000090.783, 175
Trd, 000090.917, 173
Trd, 000091.100, 172
Trd, 000093.267, 176
Trd, 000093.483, 176
Trd, 000093.767, 175
Trd, 000094.417, 173
Trd, 000094.583, 172
Trd, 000094.733, 173
Trd, 000095.217, 173
Trd, 000096.117, 181
Trd, 000096.400, 159
Trd, 000096.417, 151
Trd, 000098.683, 170
Trd, 000098.817, 168
Trd, 000099.067, 167
Trd, 000099.217, 167
Trd, 000100.150, 168
Trd, 000100.450, 168
Trd, 000100.733, 166
Trd, 000100.833, 144
Trd, 000101.717, 135
Trd, 000102.583, 154
Trd, 000103.133, 147
Trd, 000103.283, 151
Trd, 000103.567, 153
Trd, 000104.367, 140
Trd, 000105.100, 141
Trd, 000105.950, 141
Trd, 000106.433, 142
Trd, 000106.517, 148
Trd, 000106.983, 142
Trd, 000107.950, 156
Trd, 000108.817, 144
Trd, 000109.567, 149
Trd, 000110.683, 152
Trd, 000112.567, 151
Trd, 000112.667, 151
Trd, 000112.717, 152
Trd, 000113.117, 150
Trd, 000113.333, 145
Trd, 000113.917, 149
Trd, 000114.600, 157
Trd, 000115.850, 149
Trd, 000117.600, 149
Trd, 000117.683, 159
Trd, 000118.167, 149
Trd, 000118.233, 151
Trd, 000118.417, 148
Trd, 000120.133, 150
Trd, 000120.667, 150
Trd, 000120.783, 151
Trd, 000121.017, 152
Trd, 000121.167, 153
Trd, 000122.367, 153
Trd, 000122.917, 153
Trd, 000123.233, 154
Trd, 000123.900, 156
Trd, 000124.533, 153
Trd, 000125.433, 156
Trd, 000125.500, 155
Trd, 000125.867, 157
Trd, 000125.967, 153
Trd, 000126.900, 160
Trd, 000128.350, 169
Trd, 000128.483, 168
Trd, 000128.950, 161
Trd, 000129.417, 156
Trd, 000129.550, 161
Trd, 000130.183, 157
Trd, 000130.200, 163
Trd, 000130.933, 162
Trd, 000131.933, 160
Trd, 000131.967, 164
Trd, 000132.783, 158
Trd, 000132.900, 160
Trd, 000133.150, 155
Trd, 000133.483, 161
Trd, 000134.400, 156
Trd, 000135.250, 156
Trd, 000136.100, 157
Trd, 000137.367, 158
Trd, 000138.150, 158
Trd, 000138.267, 158
Trd, 000138.900, 158
Trd, 000139.017, 158
Trd, 000139.200, 160
Trd, 000140.117, 159
Trd, 000140.333, 158
Trd, 000140.950, 158
Trd, 000141.450, 157
Trd, 000142.217, 158
Trd, 000142.400, 162
Trd, 000143.283, 160
Trd, 000144.500, 162
Trd, 000145.017, 162
Trd, 000145.183, 159
Trd, 000146.083, 162
Trd, 000146.483, 152
Trd, 000146.933, 162
Trd, 000147.850, 163
Trd, 000148.400, 151
Trd, 000149.600, 152
Trd, 000149.667, 151
Trd, 000150.183, 153
Trd, 000151.300, 152
Trd, 000151.517, 153
Trd, 000152.017, 153
Trd, 000152.300, 153
Trd, 000152.417, 156
Trd, 000153.333, 155
Trd, 000153.400, 152
Trd, 000154.050, 156
Trd, 000154.217, 150
Trd, 000156.283, 154
Trd, 000156.517, 156
Trd, 000156.850, 158
Trd, 000157.417, 158
Trd, 000158.217, 189
Trd, 000158.883, 164
Trd, 000159.000, 159
Trd, 000159.150, 190
Trd, 000159.883, 161
Trd, 000159.900, 160
Trd, 000160.533, 165
Trd, 000160.617, 162
Trd, 000161.017, 158
Trd, 000161.483, 157
Trd, 000161.567, 150
Trd, 000162.383, 144
Trd, 000162.517, 164
Trd, 000163.000, 187
Trd, 000166.033, 168
Trd, 000167.083, 167
Trd, 000167.800, 163
Trd, 000168.217, 165
Trd, 000168.317, 161
Trd, 000168.350, 157
Trd, 000170.050, 158
Trd, 000170.800, 160
Trd, 000171.200, 160
Trd, 000171.417, 159
Trd, 000172.200, 158
Trd, 000172.950, 160
Trd, 000173.000, 161
Trd, 000173.500, 161
Trd, 000173.817, 165
Trd, 000175.200, 163
Trd, 000175.767, 162
Trd, 000176.167, 161
Trd, 000176.450, 163
Trd, 000176.750, 162
Trd, 000177.350, 160
Trd, 000178.033, 161
Trd, 000178.283, 159
Trd, 000178.867, 155
Trd, 000179.367, 151
Trd, 000180.517, 149
Trd, 000180.733, 153
Trd, 000180.950, 154
Trd, 000181.583, 152
Trd, 000181.800, 147
Trd, 000183.033, 152
Trd, 000183.083, 152
Trd, 000183.950, 157
Trd, 000184.400, 155
Trd, 000184.867, 154
Trd, 000185.867, 162
Trd, 000185.900, 163
Trd, 000186.300, 164
Trd, 000186.417, 158
Trd, 000186.817, 159
Trd, 000186.867, 166
Trd, 000187.783, 159
Trd, 000188.450, 165
Trd, 000188.800, 165
Trd, 000189.783, 166
Trd, 000190.783, 165
Trd, 000191.133, 160
Trd, 000191.500, 164
Trd, 000191.850, 165
Trd, 000192.233, 164
Trd, 000192.633, 165
Trd, 000193.750, 165
Trd, 000194.117, 168
Trd, 000194.667, 165
Trd, 000194.867, 166
Trd, 000195.800, 165
Trd, 000196.033, 164
Trd, 000196.267, 167
Trd, 000197.167, 155
Trd, 000198.950, 162
Trd, 000199.767, 161
Trd, 000200.133, 162
Trd, 000200.283, 164
Trd, 000200.650, 162
Trd, 000200.833, 161
Trd, 000201.533, 164
Trd, 000201.683, 163
Trd, 000202.433, 161
Trd, 000202.817, 154
Trd, 000202.917, 163
Trd, 000202.950, 164
Trd, 000204.450, 157
Trd, 000205.200, 163
Trd, 000205.600, 167
Trd, 000206.383, 162
Trd, 000207.033, 167
Trd, 000207.467, 165
Trd, 000207.500, 166
Trd, 000207.650, 164
Trd, 000209.233, 168
Trd, 000209.383, 168
Trd, 000210.050, 165
Trd, 000210.667, 163
Trd, 000211.300, 158
Trd, 000211.533, 165
Trd, 000211.950, 166
Trd, 000212.183, 169
Trd, 000212.300, 165
Trd, 000212.500, 167
Trd, 000213.133, 165
Trd, 000214.533, 166
Trd, 000215.033, 167
Trd, 000215.333, 168
Trd, 000215.567, 169
Trd, 000217.250, 170
Trd, 000217.600, 170
Trd, 000217.917, 166
Trd, 000218.417, 167
Trd, 000218.583, 168
Trd, 000219.683, 168
Trd, 000220.267, 166
Trd, 000221.817, 164
Trd, 000222.333, 165
Trd, 000223.417, 166
Trd, 000223.867, 166
Trd, 000224.600, 168
Trd, 000225.100, 165
Trd, 000225.417, 164
Trd, 000225.867, 165
Trd, 000226.683, 163
Trd, 000226.817, 163
Trd, 000226.833, 164
Trd, 000227.500, 163
Trd, 000228.383, 163
Trd, 000229.867, 165
Trd, 000230.283, 169
Trd, 000230.500, 162
Trd, 000230.733, 157
Trd, 000230.833, 171
Trd, 000231.183, 160
Trd, 000232.083, 154
Trd, 000232.700, 163
Trd, 000233.633, 161
Trd, 000234.367, 163
Trd, 000235.717, 174
Trd, 000236.083, 166
Trd, 000236.417, 166
Trd, 000236.533, 165
Trd, 000236.967, 166
Trd, 000237.583, 167
Trd, 000237.733, 165
Trd, 000237.983, 171
Trd, 000238.433, 164
Trd, 000239.933, 167
Trd, 000240.083, 168
Trd, 000240.283, 167
Trd, 000240.317, 167
Trd, 000240.400, 168
Trd, 000240.450, 166
Trd, 000240.967, 165
Trd, 000241.167, 166
Trd, 000241.267, 167
Trd, 000241.533, 168
Trd, 000242.567, 172
Trd, 000243.200, 172
Trd, 000243.633, 171
Trd, 000244.300, 161
Trd, 000244.733, 172
Trd, 000245.050, 172
Trd, 000245.383, 172
Trd, 000245.550, 175
Trd, 000245.850, 177
Trd, 000245.983, 178
Trd, 000246.633, 176
Trd, 000246.900, 175
Trd, 000247.050, 177
Trd, 000247.867, 176
Trd, 000248.517, 186
Trd, 000248.633, 183
Trd, 000248.983, 181
Trd, 000249.033, 182
Trd, 000249.067, 180
Trd, 000250.250, 174
Trd, 000251.067, 181
Trd, 000251.900, 176
Trd, 000251.983, 175
Trd, 000252.067, 173
Trd, 000252.567, 166
Trd, 000252.683, 162
Trd, 000253.600, 168
Trd, 000253.650, 169
Trd, 000253.917, 167
Trd, 000253.983, 166
Trd, 000254.000, 159
Trd, 000254.567, 163
Trd, 000254.583, 162
Trd, 000255.267, 165
Trd, 000255.900, 169
Trd, 000256.317, 164
Trd, 000256.483, 162
Trd, 000256.700, 168
Trd, 000256.717, 158
Trd, 000257.783, 167
Trd, 000258.183, 165
Trd, 000258.200, 169
Trd, 000258.333, 173
Trd, 000259.967, 181
Trd, 000260.317, 184
Trd, 000260.450, 187
Trd, 000260.750, 191
Trd, 000261.150, 184
Trd, 000261.183, 188
Trd, 000261.233, 183
Trd, 000261.383, 181
Trd, 000261.600, 174
Trd, 000262.717, 177
Trd, 000262.750, 177
Trd, 000263.617, 174
Trd, 000264.350, 192
Trd, 000264.500, 186
Trd, 000264.883, 189
Trd, 000265.183, 190
Trd, 000265.400, 191
Trd, 000265.717, 186
Trd, 000265.767, 167
Trd, 000265.917, 163
Trd, 000266.417, 163
Trd, 000266.617, 169
Trd, 000266.633, 174
Trd, 000266.733, 168
Trd, 000267.217, 165
Trd, 000268.067, 168
Trd, 000268.333, 166
Trd, 000268.817, 165
Trd, 000269.583, 170
Trd, 000269.983, 171
Trd, 000270.667, 167
Trd, 000270.817, 171
Trd, 000270.833, 172
Trd, 000271.167, 172
Trd, 000271.617, 167
Trd, 000271.633, 166
Trd, 000273.117, 173
Trd, 000273.717, 172
Trd, 000273.750, 171
Trd, 000273.967, 171
Trd, 000274.167, 172
Trd, 000275.017, 172
Trd, 000275.650, 173
Trd, 000275.833, 169
Trd, 000276.383, 168
Trd, 000276.633, 172
Trd, 000276.783, 175
Trd, 000277.050, 168
Trd, 000277.617, 178
Trd, 000277.783, 169
Trd, 000278.100, 176
Trd, 000278.333, 169
Trd, 000278.417, 169
Trd, 000278.733, 175
Trd, 000279.483, 183
Trd, 000279.817, 183
Trd, 000279.850, 191
Trd, 000280.050, 183
Trd, 000280.517, 173
Trd, 000280.967, 171
Trd, 000281.350, 165
Trd, 000281.383, 172
Trd, 000282.467, 174
Trd, 000282.567, 173
Trd, 000282.633, 165
Trd, 000282.900, 171
Trd, 000283.050, 162
Trd, 000283.167, 163
Trd, 000284.050, 172
Trd, 000284.417, 173
Trd, 000284.550, 175
Trd, 000284.583, 165
Trd, 000284.867, 176
Trd, 000285.550, 178
Trd, 000286.267, 175
Trd, 000286.317, 173
Trd, 000286.933, 178
Trd, 000287.183, 180
Trd, 000287.483, 178
Trd, 000288.133, 177
Trd, 000288.267, 182
Trd, 000289.700, 185
Trd, 000290.000, 178
Trd, 000290.050, 176
Trd, 000290.717, 176
Trd, 000291.100, 177
Trd, 000291.317, 170
Trd, 000291.683, 177
Trd, 000292.100, 177
Trd, 000292.483, 166
Trd, 000292.817, 163
Trd, 000293.067, 176
Trd, 000293.183, 182
Trd, 000293.333, 156
Trd, 000294.650, 173
Trd, 000294.917, 177
Trd, 000295.450, 172
Trd, 000295.550, 173
Trd, 000295.683, 171
Trd, 000295.983, 174
Trd, 000296.100, 173
Trd, 000296.800, 174
Trd, 000297.350, 173
Trd, 000297.950, 175
Trd, 000297.967, 171
Trd, 000298.100, 167
Trd, 000299.317, 172
Trd, 000299.717, 171
Trd, 000299.850, 172
