Trd, 000001.550, 142
Trd, 000002.250, 179
Trd, 000003.017, 175
Trd, 000003.433, 175
Trd, 000004.300, 147
Trd, 000004.767, 147
Trd, 000004.850, 148
Trd, 000005.133, 168
Trd, 000006.117, 174
Trd, 000006.550, 154
Trd, 000007.483, 165
Trd, 000008.033, 157
Trd, 000008.200, 156
Trd, 000009.100, 157
Trd, 000009.383, 156
Trd, 000010.133, 156
Trd, 000010.483, 157
Trd, 000010.783, 153
Trd, 000010.950, 149
Trd, 000011.067, 156
Trd, 000011.700, 154
Trd, 000012.583, 155
Trd, 000012.600, 158
Trd, 000012.817, 157
Trd, 000013.667, 156
Trd, 000013.700, 155
Trd, 000014.183, 155
Trd, 000014.550, 154
Trd, 000014.767, 149
Trd, 000015.217, 149
Trd, 000015.283, 156
Trd, 000017.117, 153
Trd, 000017.233, 149
Trd, 000017.783, 149
Trd, 000018.550, 149
Trd, 000018.600, 154
Trd, 000019.433, 150
Trd, 000019.817, 149
Trd, 000019.983, 155
Trd, 000020.100, 155
Trd, 000020.200, 146
Trd, 000020.600, 144
Trd, 000021.150, 143
Trd, 000021.667, 155
Trd, 000021.817, 157
Trd, 000022.300, 157
Trd, 000022.800, 147
Trd, 000023.317, 149
Trd, 000023.383, 147
Trd, 000023.950, 149
Trd, 000024.283, 150
Trd, 000024.600, 146
Trd, 000024.817, 188
Trd, 000025.017, 160
Trd, 000026.133, 174
Trd, 000027.367, 163
Trd, 000028.017, 161
Trd, 000028.517, 154
Trd, 000028.750, 153
Trd, 000028.950, 157
Trd, 000029.167, 158
Trd, 000029.317, 154
Trd, 000029.800, 156
Trd, 000030.017, 157
Trd, 000030.500, 154
Trd, 000031.267, 156
Trd, 000031.700, 159
Trd, 000032.317, 152
Trd, 000032.600, 177
Trd, 000032.917, 153
Trd, 000033.233, 160
Trd, 000033.333, 164
Trd, 000035.533, 156
Trd, 000036.333, 156
Trd, 000036.583, 156
Trd, 000036.967, 155
Trd, 000037.233, 152
Trd, 000037.467, 155
Trd, 000038.483, 152
Trd, 000038.883, 155
Trd, 000039.033, 150
Trd, 000039.967, 151
Trd, 000040.083, 151
Trd, 000040.317, 150
Trd, 000040.583, 151
Trd, 000040.683, 155
Trd, 000040.833, 150
Trd, 000041.233, 159
Trd, 000041.817, 152
Trd, 000042.083, 165
Trd, 000042.433, 149
Trd, 000043.000, 153
Trd, 000043.100, 154
Trd, 000043.833, 162
Trd, 000043.967, 164
Trd, 000044.867, 163
Trd, 000045.267, 154
Trd, 000045.633, 162
Trd, 000045.667, 153
Trd, 000046.167, 155
Trd, 000047.133, 164
Trd, 000047.250, 154
Trd, 000048.383, 152
Trd, 000048.450, 153
Trd, 000048.517, 157
Trd, 000049.167, 157
Trd, 000049.267, 157
Trd, 000049.333, 158
Trd, 000049.350, 155
Trd, 000049.450, 169
Trd, 000051.617, 150
Trd, 000051.667, 162
Trd, 000051.767, 163
Trd, 000052.150, 158
Trd, 000053.233, 159
Trd, 000053.533, 156
Trd, 000054.217, 158
Trd, 000054.333, 159
Trd, 000054.600, 155
Trd, 000054.967, 160
Trd, 000055.367, 162
Trd, 000055.650, 162
Trd, 000055.933, 162
Trd, 000055.950, 155
Trd, 000056.167, 146
Trd, 000056.883, 162
Trd, 000057.267, 162
Trd, 000059.067, 163
Trd, 000059.500, 157
Trd, 000059.617, 159
Trd, 000060.450, 162
Trd, 000060.900, 159
Trd, 000060.967, 179
Trd, 000061.733, 168
Trd, 000062.183, 166
Trd, 000062.567, 166
Trd, 000063.067, 163
Trd, 000063.867, 163
Trd, 000063.883, 161
Trd, 000063.950, 161
Trd, 000064.667, 161
Trd, 000066.050, 163
Trd, 000066.067, 162
Trd, 000066.300, 151
Trd, 000066.517, 162
Trd, 000068.033, 158
Trd, 000068.050, 157
Trd, 000068.483, 159
Trd, 000068.950, 157
Trd, 000069.633, 157
Trd, 000069.967, 159
Trd, 000070.517, 159
Trd, 000071.183, 159
Trd, 000071.583, 159
Trd, 000071.983, 157
Trd, 000072.367, 159
Trd, 000072.583, 158
Trd, 000072.967, 161
Trd, 000073.067, 162
Trd, 000073.517, 160
Trd, 000074.367, 163
Trd, 000074.917, 162
Trd, 000075.417, 165
Trd, 000077.117, 162
Trd, 000078.233, 169
Trd, 000078.383, 169
Trd, 000079.217, 170
Trd, 000079.367, 165
Trd, 000080.650, 166
Trd, 000080.900, 168
Trd, 000081.017, 173
Trd, 000081.317, 171
Trd, 000081.350, 178
Trd, 000083.567, 169
Trd, 000084.567, 168
Trd, 000084.800, 167
Trd, 000085.483, 168
Trd, 000085.667, 169
Trd, 000085.783, 167
Trd, 000086.150, 166
Trd, 000087.083, 168
Trd, 000087.433, 171
Trd, 000088.750, 165
Trd, 000088.800, 164
Trd, 000089.650, 165
Trd, 000089.767, 164
Trd, 000089.983, 164
Trd, 000090.033, 165
Trd, 000090.283, 163
Trd, 000091.050, 164
Trd, 000091.150, 165
Trd, 000091.383, 158
Trd, 000091.667, 166
Trd, 000091.950, 167
Trd, 000092.917, 163
Trd, 000093.900, 163
Trd, 000094.367, 159
Trd, 000094.733, 159
Trd, 000096.233, 157
Trd, 000096.950, 160
Trd, 000097.450, 154
Trd, 000097.583, 163
Trd, 000099.117, 158
Trd, 000099.317, 159
Trd, 000099.433, 159
Trd, 000099.733, 160
Trd, 000099.783, 164
Trd, 000099.817, 156
Trd, 000100.017, 182
Trd, 000100.917, 155
Trd, 000101.350, 155
Trd, 000101.650, 155
Trd, 000102.750, 158
Trd, 000103.200, 159
Trd, 000103.433, 159
Trd, 000103.600, 160
Trd, 000104.183, 161
Trd, 000105.683, 162
Trd, 000105.767, 163
Trd, 000106.400, 169
Trd, 000107.367, 166
Trd, 000107.383, 165
Trd, 000108.233, 162
Trd, 000109.100, 163
Trd, 000109.550, 165
Trd, 000109.833, 164
Trd, 000110.150, 165
Trd, 000111.217, 163
Trd, 000111.783, 164
Trd, 000112.283, 162
Trd, 000112.867, 163
Trd, 000113.350, 166
Trd, 000114.117, 159
Trd, 000114.133, 165
Trd, 000114.567, 165
Trd, 000115.050, 159
Trd, 000116.067, 161
Trd, 000116.467, 162
Trd, 000116.533, 162
Trd, 000116.717, 160
Trd, 000117.033, 160
Trd, 000117.833, 167
Trd, 000118.383, 163
Trd, 000118.583, 165
Trd, 000119.583, 175
Trd, 000120.217, 185
Trd, 000121.317, 173
Trd, 000122.800, 171
Trd, 000123.267, 160
Trd, 000123.933, 170
Trd, 000123.950, 171
Trd, 000124.167, 167
Trd, 000124.500, 168
Trd, 000124.817, 169
Trd, 000125.283, 167
Trd, 000125.667, 168
Trd, 000126.750, 165
Trd, 000127.567, 162
Trd, 000128.483, 161
Trd, 000129.117, 162
Trd, 000129.783, 162
Trd, 000130.000, 162
Trd, 000130.100, 164
Trd, 000130.333, 167
Trd, 000131.733, 166
Trd, 000132.433, 164
Trd, 000132.617, 165
Trd, 000133.017, 167
Trd, 000134.550, 164
Trd, 000134.950, 166
Trd, 000135.250, 165
Trd, 000135.950, 164
Trd, 000136.367, 165
Trd, 000136.600, 164
Trd, 000136.800, 166
Trd, 000137.500, 167
Trd, 000137.917, 163
Trd, 000138.417, 162
Trd, 000138.700, 167
Trd, 000139.200, 158
Trd, 000140.267, 162
Trd, 000140.850, 165
Trd, 000141.017, 163
Trd, 000141.033, 161
Trd, 000141.550, 160
Trd, 000141.650, 163
Trd, 000142.117, 164
Trd, 000142.667, 169
Trd, 000143.000, 161
Trd, 000143.083, 160
Trd, 000144.150, 155
Trd, 000145.650, 160
Trd, 000146.000, 160
Trd, 000146.517, 162
Trd, 000146.550, 162
Trd, 000146.850, 161
Trd, 000147.350, 160
Trd, 000148.100, 160
Trd, 000149.433, 159
Trd, 000149.500, 158
Trd, 000149.983, 159
Trd, 000150.500, 157
Trd, 000151.433, 156
Trd, 000151.483, 156
Trd, 000151.567, 157
Trd, 000152.067, 157
Trd, 000152.233, 157
Trd, 000152.633, 163
Trd, 000152.850, 157
Trd, 000153.000, 159
Trd, 000154.133, 161
Trd, 000154.400, 171
Trd, 000155.383, 160
Trd, 000155.817, 162
Trd, 000156.017, 160
Trd, 000156.550, 161
Trd, 000157.017, 162
Trd, 000157.033, 163
Trd, 000159.883, 162
Trd, 000160.083, 161
Trd, 000160.700, 162
Trd, 000161.067, 162
Trd, 000162.050, 164
Trd, 000162.550, 164
Trd, 000162.633, 162
Trd, 000163.150, 162
Trd, 000163.250, 160
Trd, 000163.333, 162
Trd, 000163.433, 167
Trd, 000164.650, 162
Trd, 000165.250, 160
Trd, 000165.450, 159
Trd, 000165.650, 160
Trd, 000166.000, 160
Trd, 000166.533, 163
Trd, 000166.833, 159
Trd, 000167.233, 158
Trd, 000167.917, 158
Trd, 000168.683, 161
Trd, 000169.117, 160
Trd, 000169.183, 158
Trd, 000169.267, 161
Trd, 000169.400, 159
Trd, 000170.800, 161
Trd, 000171.217, 165
Trd, 000172.900, 164
Trd, 000173.067, 163
Trd, 000173.350, 164
Trd, 000174.450, 165
Trd, 000174.983, 162
Trd, 000175.617, 165
Trd, 000175.950, 167
Trd, 000176.250, 162
Trd, 000176.900, 165
Trd, 000177.033, 163
Trd, 000177.333, 165
Trd, 000177.700, 162
Trd, 000178.217, 162
Trd, 000179.867, 162
Trd, 000180.483, 163
Trd, 000180.550, 163
Trd, 000180.900, 163
Trd, 000181.200, 166
Trd, 000181.517, 162
Trd, 000182.383, 161
Trd, 000182.550, 166
Trd, 000183.567, 169
Trd, 000184.283, 168
Trd, 000184.483, 163
Trd, 000184.850, 168
Trd, 000185.667, 166
Trd, 000185.800, 168
Trd, 000186.233, 164
Trd, 000187.967, 167
Trd, 000188.817, 166
Trd, 000189.133, 167
Trd, 000189.317, 168
Trd, 000189.750, 168
Trd, 000189.983, 170
Trd, 000190.283, 165
Trd, 000191.033, 167
Trd, 000191.967, 167
Trd, 000192.700, 166
Trd, 000192.850, 165
Trd, 000192.950, 164
Trd, 000193.717, 163
Trd, 000193.833, 164
Trd, 000194.600, 163
Trd, 000195.217, 162
Trd, 000195.650, 166
Trd, 000195.933, 166
Trd, 000196.067, 167
Trd, 000196.217, 170
Trd, 000196.467, 174
Trd, 000197.517, 166
Trd, 000198.667, 173
Trd, 000198.917, 173
Trd, 000199.217, 172
Trd, 000200.100, 175
Trd, 000200.250, 175
Trd, 000200.700, 173
Trd, 000201.217, 173
Trd, 000201.617, 172
Trd, 000202.667, 171
Trd, 000202.933, 170
Trd, 000203.517, 170
Trd, 000204.117, 169
Trd, 000204.417, 169
Trd, 000204.467, 164
Trd, 000205.383, 170
Trd, 000205.500, 165
Trd, 000206.100, 169
Trd, 000207.383, 169
Trd, 000207.717, 167
Trd, 000208.267, 167
Trd, 000208.367, 168
Trd, 000208.900, 166
Trd, 000209.217, 167
Trd, 000210.533, 167
Trd, 000210.700, 168
Trd, 000211.450, 169
Trd, 000211.650, 169
Trd, 000212.650, 170
Trd, 000212.817, 165
Trd, 000212.933, 165
Trd, 000213.900, 169
Trd, 000214.267, 169
Trd, 000215.083, 168
Trd, 000215.100, 168
Trd, 000216.050, 169
Trd, 000216.333, 170
Trd, 000217.700, 169
Trd, 000218.267, 168
Trd, 000218.367, 170
Trd, 000218.817, 170
Trd, 000219.950, 170
Trd, 000220.067, 170
Trd, 000220.117, 168
Trd, 000220.433, 172
Trd, 000221.850, 170
Trd, 000222.000, 168
Trd, 000222.550, 168
Trd, 000223.117, 167
Trd, 000224.217, 170
Trd, 000224.600, 171
Trd, 000225.300, 168
Trd, 000226.050, 168
Trd, 000226.067, 169
Trd, 000226.717, 175
Trd, 000227.067, 169
Trd, 000227.467, 171
Trd, 000228.067, 174
Trd, 000228.300, 178
Trd, 000228.450, 193
Trd, 000228.500, 172
Trd, 000229.017, 170
Trd, 000229.550, 169
Trd, 000229.933, 170
Trd, 000230.000, 171
Trd, 000230.067, 168
Trd, 000230.683, 167
Trd, 000230.950, 172
Trd, 000231.917, 173
Trd, 000232.183, 174
Trd, 000232.283, 166
Trd, 000232.883, 174
Trd, 000234.150, 182
Trd, 000234.350, 180
Trd, 000234.450, 195
Trd, 000235.800, 180
Trd, 000236.250, 181
Trd, 000237.400, 182
Trd, 000237.883, 183
Trd, 000238.550, 183
Trd, 000238.850, 184
Trd, 000239.267, 180
Trd, 000240.217, 180
Trd, 000240.250, 179
Trd, 000240.367, 180
Trd, 000240.700, 180
Trd, 000241.333, 182
Trd, 000242.033, 182
Trd, 000242.250, 181
Trd, 000242.650, 179
Trd, 000242.800, 181
Trd, 000243.567, 181
Trd, 000243.850, 177
Trd, 000244.600, 178
Trd, 000244.983, 179
Trd, 000245.217, 174
Trd, 000245.517, 172
Trd, 000246.083, 168
Trd, 000246.350, 177
Trd, 000246.517, 177
Trd, 000247.850, 173
Trd, 000248.383, 171
Trd, 000248.867, 168
Trd, 000248.883, 167
Trd, 000248.950, 168
Trd, 000249.483, 166
Trd, 000250.217, 167
Trd, 000250.317, 173
Trd, 000250.833, 176
Trd, 000251.133, 176
Trd, 000251.733, 172
Trd, 000252.033, 173
Trd, 000252.650, 172
Trd, 000252.717, 172
Trd, 000252.783, 171
Trd, 000254.183, 176
Trd, 000254.617, 177
Trd, 000254.817, 180
Trd, 000254.867, 180
Trd, 000255.700, 181
Trd, 000256.133, 183
Trd, 000257.100, 181
Trd, 000257.267, 180
Trd, 000257.583, 178
Trd, 000257.667, 179
Trd, 000257.817, 166
Trd, 000258.200, 181
Trd, 000258.917, 175
Trd, 000259.250, 173
Trd, 000259.283, 173
Trd, 000259.617, 177
Trd, 000260.867, 176
Trd, 000260.917, 177
Trd, 000261.050, 174
Trd, 000261.400, 174
Trd, 000261.500, 173
Trd, 000262.767, 173
Trd, 000262.950, 170
Trd, 000263.483, 173
Trd, 000263.800, 172
Trd, 000264.283, 173
Trd, 000264.367, 171
Trd, 000264.517, 171
Trd, 000264.650, 164
Trd, 000265.767, 173
Trd, 000266.150, 173
Trd, 000266.667, 171
Trd, 000267.217, 174
Trd, 000267.267, 172
Trd, 000268.467, 175
Trd, 000269.083, 173
Trd, 000269.900, 172
Trd, 000269.933, 173
Trd, 000270.150, 175
Trd, 000270.167, 175
Trd, 000270.317, 175
Trd, 000271.200, 173
Trd, 000271.517, 170
Trd, 000271.900, 176
Trd, 000272.483, 175
Trd, 000272.800, 173
Trd, 000272.917, 172
Trd, 000272.983, 171
Trd, 000273.967, 176
Trd, 000274.050, 169
Trd, 000274.250, 176
Trd, 000274.750, 168
Trd, 000274.867, 174
Trd, 000275.133, 175
Trd, 000275.450, 176
Trd, 000276.017, 177
Trd, 000276.300, 170
Trd, 000277.400, 172
Trd, 000277.700, 169
Trd, 000277.733, 176
Trd, 000277.950, 177
Trd, 000278.433, 168
Trd, 000278.950, 177
Trd, 000279.467, 172
Trd, 000279.500, 184
Trd, 000280.000, 177
Trd, 000280.933, 178
Trd, 000281.483, 185
Trd, 000281.667, 183
Trd, 000281.750, 179
Trd, 000281.883, 178
Trd, 000282.717, 174
Trd, 000282.817, 183
Trd, 000283.100, 175
Trd, 000284.083, 176
Trd, 000284.633, 177
Trd, 000285.550, 174
Trd, 000285.650, 176
Trd, 000285.733, 165
Trd, 000285.983, 177
Trd, 000286.217, 177
Trd, 000286.317, 176
Trd, 000286.833, 174
Trd, 000286.950, 179
Trd, 000287.067, 182
Trd, 000287.600, 182
Trd, 000288.633, 176
Trd, 000289.183, 184
Trd, 000289.983, 184
Trd, 000290.167, 183
Trd, 000290.233, 184
Trd, 000291.033, 182
Trd, 000291.083, 173
Trd, 000291.917, 180
Trd, 000293.083, 177
Trd, 000293.133, 176
Trd, 000293.583, 173
Trd, 000293.850, 176
Trd, 000294.183, 170
Trd, 000294.267, 166
Trd, 000295.317, 173
Trd, 000296.200, 175
Trd, 000296.217, 177
Trd, 000296.233, 180
Trd, 000297.083, 175
Trd, 000298.317, 177
Trd, 000299.417, 177
Trd, 000299.883, 176
