Trd, 000000.900, 106
Trd, 000002.517, 119
Trd, 000002.800, 120
Trd, 000003.817, 133
Trd, 000004.700, 146
Trd, 000004.967, 146
Trd, 000005.300, 147
Trd, 000005.733, 148
Trd, 000005.983, 158
Trd, 000006.483, 149
Trd, 000007.767, 159
Trd, 000008.117, 153
Trd, 000008.500, 152
Trd, 000010.317, 154
Trd, 000010.667, 153
Trd, 000010.700, 152
Trd, 000010.917, 153
Trd, 000011.050, 159
Trd, 000011.417, 158
Trd, 000011.767, 168
Trd, 000013.917, 152
Trd, 000014.467, 153
Trd, 000015.433, 152
Trd, 000015.483, 153
Trd, 000015.867, 154
Trd, 000015.983, 154
Trd, 000016.083, 156
Trd, 000016.567, 158
Trd, 000016.883, 159
Trd, 000017.900, 152
Trd, 000019.667, 157
Trd, 000019.900, 156
Trd, 000020.417, 155
Trd, 000020.433, 159
Trd, 000020.917, 155
Trd, 000020.983, 156
Trd, 000022.067, 156
Trd, 000022.617, 155
Trd, 000022.783, 156
Trd, 000024.067, 155
Trd, 000024.217, 157
Trd, 000024.283, 156
Trd, 000025.700, 155
Trd, 000026.050, 156
Trd, 000026.783, 157
Trd, 000028.350, 163
Trd, 000028.383, 170
Trd, 000028.533, 159
Trd, 000028.750, 158
Trd, 000029.317, 157
Trd, 000030.083, 163
Trd, 000030.167, 158
Trd, 000031.433, 157
Trd, 000031.550, 162
Trd, 000031.917, 162
Trd, 000033.300, 159
Trd, 000033.650, 159
Trd, 000034.000, 160
Trd, 000034.250, 158
Trd, 000035.283, 159
Trd, 000035.800, 157
Trd, 000036.383, 156
Trd, 000036.750, 157
Trd, 000037.317, 154
Trd, 000037.700, 155
Trd, 000038.317, 152
Trd, 000038.750, 153
Trd, 000038.933, 152
Trd, 000040.317, 159
Trd, 000040.383, 162
Trd, 000040.950, 183
Trd, 000041.217, 158
Trd, 000042.083, 161
Trd, 000042.833, 165
Trd, 000044.750, 167
Trd, 000045.033, 160
Trd, 000045.300, 161
Trd, 000046.750, 161
Trd, 000046.767, 159
Trd, 000047.317, 162
Trd, 000047.383, 160
Trd, 000047.650, 161
Trd, 000048.133, 161
Trd, 000048.500, 160
Trd, 000049.150, 159
Trd, 000049.500, 161
Trd, 000049.567, 161
Trd, 000049.933, 166
Trd, 000051.000, 160
Trd, 000051.867, 161
Trd, 000052.467, 161
Trd, 000052.933, 161
Trd, 000052.983, 162
Trd, 000053.450, 162
Trd, 000053.750, 160
Trd, 000054.450, 159
Trd, 000054.533, 159
Trd, 000056.017, 160
Trd, 000056.233, 158
Trd, 000056.683, 160
Trd, 000056.850, 158
Trd, 000058.200, 160
Trd, 000058.333, 158
Trd, 000058.817, 159
Trd, 000059.367, 161
Trd, 000060.083, 161
Trd, 000060.800, 168
Trd, 000062.067, 161
Trd, 000062.133, 161
Trd, 000062.150, 160
Trd, 000062.467, 162
Trd, 000062.683, 164
Trd, 000063.250, 161
Trd, 000063.550, 163
Trd, 000064.033, 161
Trd, 000065.817, 173
Trd, 000066.450, 174
Trd, 000066.750, 185
Trd, 000066.850, 160
Trd, 000067.300, 161
Trd, 000068.767, 166
Trd, 000069.533, 167
Trd, 000069.850, 165
Trd, 000070.000, 164
Trd, 000070.317, 166
Trd, 000070.333, 163
Trd, 000071.067, 178
Trd, 000071.417, 170
Trd, 000071.967, 162
Trd, 000072.300, 168
Trd, 000072.683, 167
Trd, 000072.717, 158
Trd, 000072.983, 176
Trd, 000073.417, 162
Trd, 000073.900, 176
Trd, 000075.133, 177
Trd, 000076.100, 184
Trd, 000077.833, 177
Trd, 000078.667, 178
Trd, 000078.767, 179
Trd, 000079.117, 169
Trd, 000080.033, 176
Trd, 000081.367, 174
Trd, 000082.117, 174
Trd, 000082.133, 173
Trd, 000082.417, 176
Trd, 000082.750, 174
Trd, 000083.283, 176
Trd, 000084.683, 175
Trd, 000084.733, 172
Trd, 000085.517, 173
Trd, 000087.017, 169
Trd, 000087.050, 171
Trd, 000089.067, 172
Trd, 000089.117, 171
Trd, 000089.133, 167
Trd, 000089.400, 163
Trd, 000090.167, 167
Trd, 000090.467, 166
Trd, 000090.717, 168
Trd, 000090.933, 168
Trd, 000091.650, 161
Trd, 000092.100, 162
Trd, 000092.617, 161
Trd, 000093.133, 161
Trd, 000093.533, 162
Trd, 000093.967, 163
Trd, 000094.533, 163
Trd, 000095.400, 161
Trd, 000095.600, 162
Trd, 000096.150, 161
Trd, 000096.450, 161
Trd, 000096.750, 161
Trd, 000097.083, 162
Trd, 000097.833, 160
Trd, 000097.933, 160
Trd, 000098.800, 164
Trd, 000098.950, 168
Trd, 000099.500, 178
Trd, 000099.550, 157
Trd, 000101.233, 158
Trd, 000101.767, 159
Trd, 000103.050, 162
Trd, 000103.567, 161
Trd, 000104.133, 159
Trd, 000104.200, 159
Trd, 000104.450, 164
Trd, 000105.117, 160
Trd, 000105.900, 162
Trd, 000106.200, 165
Trd, 000106.233, 166
Trd, 000107.300, 162
Trd, 000107.517, 172
Trd, 000107.833, 163
Trd, 000108.683, 165
Trd, 000109.233, 164
Trd, 000109.733, 165
Trd, 000110.017, 166
Trd, 000110.667, 165
Trd, 000111.133, 164
Trd, 000111.283, 166
Trd, 000111.633, 164
Trd, 000112.100, 178
Trd, 000112.783, 164
Trd, 000113.083, 163
Trd, 000113.117, 162
Trd, 000114.800, 178
Trd, 000116.183, 172
Trd, 000117.583, 168
Trd, 000118.050, 168
Trd, 000119.050, 169
Trd, 000119.367, 168
Trd, 000119.600, 172
Trd, 000119.633, 177
Trd, 000120.850, 176
Trd, 000121.300, 169
Trd, 000123.367, 170
Trd, 000123.550, 168
Trd, 000123.683, 170
Trd, 000124.883, 170
Trd, 000124.983, 167
Trd, 000125.400, 170
Trd, 000125.800, 167
Trd, 000125.967, 180
Trd, 000126.833, 191
Trd, 000126.917, 167
Trd, 000127.217, 181
Trd, 000129.200, 177
Trd, 000129.217, 174
Trd, 000129.500, 184
Trd, 000130.783, 177
Trd, 000130.850, 176
Trd, 000132.250, 174
Trd, 000132.500, 175
Trd, 000133.567, 176
Trd, 000133.650, 174
Trd, 000134.383, 176
Trd, 000134.617, 181
Trd, 000135.200, 182
Trd, 000135.817, 181
Trd, 000136.200, 181
Trd, 000136.617, 180
Trd, 000137.050, 179
Trd, 000138.133, 179
Trd, 000138.750, 177
Trd, 000138.850, 176
Trd, 000139.033, 172
Trd, 000139.467, 178
Trd, 000139.483, 180
Trd, 000139.567, 182
Trd, 000140.867, 179
Trd, 000141.083, 175
Trd, 000142.317, 174
Trd, 000142.817, 174
Trd, 000143.517, 174
Trd, 000143.633, 174
Trd, 000144.633, 176
Trd, 000144.650, 179
Trd, 000145.500, 174
Trd, 000146.133, 174
Trd, 000146.583, 174
Trd, 000148.267, 171
Trd, 000148.800, 172
Trd, 000149.517, 172
Trd, 000150.867, 172
Trd, 000151.067, 176
Trd, 000151.567, 173
Trd, 000151.967, 171
Trd, 000152.067, 174
Trd, 000152.150, 175
Trd, 000152.217, 171
Trd, 000152.667, 175
Trd, 000152.700, 170
Trd, 000153.333, 180
Trd, 000153.600, 173
Trd, 000155.183, 173
Trd, 000156.133, 175
Trd, 000156.500, 173
Trd, 000156.517, 175
Trd, 000156.833, 172
Trd, 000157.100, 172
Trd, 000158.650, 172
Trd, 000158.717, 169
Trd, 000159.333, 174
Trd, 000160.150, 173
Trd, 000160.867, 174
Trd, 000160.950, 173
Trd, 000160.967, 174
Trd, 000161.550, 177
Trd, 000161.817, 170
Trd, 000161.833, 169
Trd, 000162.283, 182
Trd, 000163.717, 177
Trd, 000164.100, 171
Trd, 000165.683, 176
Trd, 000165.883, 177
Trd, 000166.117, 172
Trd, 000166.700, 171
Trd, 000167.133, 171
Trd, 000167.867, 176
Trd, 000168.633, 174
Trd, 000168.717, 175
Trd, 000169.567, 174
Trd, 000169.617, 175
Trd, 000170.000, 171
Trd, 000170.217, 171
Trd, 000170.317, 168
Trd, 000170.833, 171
Trd, 000171.150, 171
Trd, 000172.000, 173
Trd, 000172.500, 170
Trd, 000172.917, 185
Trd, 000174.200, 182
Trd, 000174.800, 179
Trd, 000175.017, 178
Trd, 000175.250, 175
Trd, 000175.517, 177
Trd, 000176.117, 179
Trd, 000176.917, 176
Trd, 000177.033, 175
Trd, 000177.600, 171
Trd, 000178.683, 170
Trd, 000179.133, 172
Trd, 000179.483, 172
Trd, 000180.533, 173
Trd, 000181.250, 171
Trd, 000181.483, 174
Trd, 000182.467, 172
Trd, 000183.600, 174
Trd, 000183.967, 173
Trd, 000184.667, 172
Trd, 000185.150, 175
Trd, 000185.433, 176
Trd, 000185.667, 187
Trd, 000186.200, 179
Trd, 000186.550, 177
Trd, 000186.717, 183
Trd, 000187.100, 182
Trd, 000188.517, 186
Trd, 000188.583, 185
Trd, 000189.983, 185
Trd, 000190.050, 184
Trd, 000190.933, 183
Trd, 000191.067, 181
Trd, 000191.167, 185
Trd, 000191.467, 185
Trd, 000191.583, 186
Trd, 000192.750, 184
Trd, 000193.400, 183
Trd, 000193.750, 182
Trd, 000194.283, 183
Trd, 000194.933, 180
Trd, 000195.500, 180
Trd, 000195.783, 183
Trd, 000195.950, 188
Trd, 000196.250, 180
Trd, 000197.133, 185
Trd, 000197.167, 185
Trd, 000197.867, 181
Trd, 000197.933, 197
Trd, 000200.517, 184
Trd, 000201.517, 182
Trd, 000201.683, 183
Trd, 000201.700, 181
Trd, 000202.117, 183
Trd, 000203.033, 184
Trd, 000203.783, 183
Trd, 000204.200, 181
Trd, 000205.617, 178
Trd, 000205.717, 174
Trd, 000205.883, 178
Trd, 000206.367, 178
Trd, 000206.417, 179
Trd, 000207.767, 175
Trd, 000208.050, 175
Trd, 000208.200, 173
Trd, 000208.967, 176
Trd, 000210.417, 174
Trd, 000210.500, 174
Trd, 000210.800, 174
Trd, 000212.250, 173
Trd, 000212.917, 173
Trd, 000213.050, 176
Trd, 000213.300, 173
Trd, 000213.350, 170
Trd, 000214.683, 173
Trd, 000214.867, 166
Trd, 000215.600, 171
Trd, 000216.250, 171
Trd, 000216.367, 174
Trd, 000217.083, 172
Trd, 000217.317, 171
Trd, 000217.617, 190
Trd, 000218.700, 177
Trd, 000219.817, 178
Trd, 000220.167, 177
Trd, 000220.583, 176
Trd, 000221.000, 178
Trd, 000221.317, 176
Trd, 000221.533, 175
Trd, 000221.750, 172
Trd, 000223.117, 180
Trd, 000223.583, 176
Trd, 000223.867, 180
Trd, 000225.033, 176
Trd, 000226.050, 176
Trd, 000226.100, 179
Trd, 000226.133, 179
Trd, 000226.283, 175
Trd, 000226.467, 174
Trd, 000226.817, 174
Trd, 000227.733, 177
Trd, 000228.567, 175
Trd, 000229.067, 174
Trd, 000229.367, 174
Trd, 000229.833, 176
Trd, 000231.417, 175
Trd, 000231.833, 174
Trd, 000232.167, 175
Trd, 000233.067, 174
Trd, 000233.233, 175
Trd, 000233.700, 173
Trd, 000234.033, 175
Trd, 000234.400, 174
Trd, 000234.483, 173
Trd, 000234.767, 172
Trd, 000235.233, 176
Trd, 000235.817, 178
Trd, 000236.700, 190
Trd, 000236.917, 191
Trd, 000236.950, 176
Trd, 000238.050, 181
Trd, 000238.100, 179
Trd, 000238.700, 177
Trd, 000239.717, 181
Trd, 000239.933, 182
Trd, 000240.783, 181
Trd, 000241.483, 180
Trd, 000242.000, 179
Trd, 000242.200, 180
Trd, 000242.350, 178
Trd, 000243.367, 178
Trd, 000243.417, 177
Trd, 000243.583, 177
Trd, 000243.817, 175
Trd, 000244.650, 173
Trd, 000245.083, 161
Trd, 000245.300, 173
Trd, 000245.617, 172
Trd, 000246.133, 172
Trd, 000246.700, 172
Trd, 000247.767, 172
Trd, 000247.800, 173
Trd, 000248.050, 173
Trd, 000248.400, 173
Trd, 000248.900, 172
Trd, 000249.917, 172
Trd, 000249.933, 172
Trd, 000250.267, 171
Trd, 000250.750, 167
Trd, 000250.850, 167
Trd, 000250.967, 166
Trd, 000251.233, 162
Trd, 000251.450, 164
Trd, 000251.533, 173
Trd, 000252.800, 180
Trd, 000252.883, 183
Trd, 000253.467, 179
Trd, 000254.417, 177
Trd, 000254.583, 178
Trd, 000255.217, 176
Trd, 000255.583, 176
Trd, 000255.750, 175
Trd, 000255.767, 176
Trd, 000256.133, 176
Trd, 000256.217, 175
Trd, 000256.850, 175
Trd, 000257.000, 173
Trd, 000258.100, 174
Trd, 000258.250, 175
Trd, 000259.133, 177
Trd, 000259.450, 178
Trd, 000259.650, 174
Trd, 000260.100, 181
Trd, 000260.567, 179
Trd, 000260.800, 174
Trd, 000261.117, 181
Trd, 000261.483, 174
Trd, 000262.100, 175
Trd, 000262.917, 177
Trd, 000263.383, 177
Trd, 000264.117, 177
Trd, 000264.483, 178
Trd, 000264.517, 175
Trd, 000265.033, 174
Trd, 000265.967, 183
Trd, 000266.250, 180
Trd, 000266.600, 183
Trd, 000266.900, 181
Trd, 000266.917, 180
Trd, 000267.000, 174
Trd, 000267.367, 176
Trd, 000267.633, 175
Trd, 000267.917, 181
Trd, 000268.550, 175
Trd, 000269.383, 175
Trd, 000269.450, 174
Trd, 000270.183, 175
Trd, 000270.200, 176
Trd, 000270.267, 174
Trd, 000270.400, 178
Trd, 000270.500, 179
Trd, 000271.367, 175
Trd, 000271.467, 174
Trd, 000272.267, 176
Trd, 000273.250, 176
Trd, 000273.667, 177
Trd, 000273.850, 176
Trd, 000274.100, 180
Trd, 000275.167, 176
Trd, 000275.800, 182
Trd, 000275.917, 181
Trd, 000277.017, 178
Trd, 000277.050, 175
Trd, 000277.067, 180
Trd, 000277.267, 175
Trd, 000278.433, 176
Trd, 000278.500, 178
Trd, 000278.767, 179
Trd, 000279.100, 175
Trd, 000279.117, 181
Trd, 000280.017, 178
Trd, 000280.817, 180
Trd, 000280.883, 179
Trd, 000281.317, 181
Trd, 000281.500, 183
Trd, 000281.767, 183
Trd, 000282.817, 182
Trd, 000283.117, 183
Trd, 000283.683, 179
Trd, 000283.983, 185
Trd, 000284.267, 180
Trd, 000284.850, 179
Trd, 000285.017, 178
Trd, 000285.683, 178
Trd, 000286.200, 177
Trd, 000286.733, 174
Trd, 000286.767, 177
Trd, 000287.300, 179
Trd, 000287.433, 178
Trd, 000288.333, 172
Trd, 000288.600, 175
Trd, 000288.717, 176
Trd, 000288.867, 175
Trd, 000288.900, 187
Trd, 000289.483, 185
Trd, 000290.600, 173
Trd, 000291.800, 176
Trd, 000291.867, 173
Trd, 000292.083, 171
Trd, 000292.567, 176
Trd, 000292.583, 177
Trd, 000293.417, 171
Trd, 000293.850, 170
Trd, 000293.867, 177
Trd, 000294.350, 177
Trd, 000295.333, 169
Trd, 000295.883, 170
Trd, 000296.417, 170
Trd, 000297.067, 171
Trd, 000297.083, 170
Trd, 000297.550, 171
Trd, 000297.667, 170
Trd, 000298.050, 171
Trd, 000298.300, 169
Trd, 000298.617, 172
Trd, 000298.967, 168
