Trd, 000001.367, 145
Trd, 000003.017, 112
Trd, 000003.250, 113
Trd, 000004.050, 140
Trd, 000004.400, 144
Trd, 000004.483, 148
Trd, 000004.900, 159
Trd, 000005.017, 163
Trd, 000006.200, 152
Trd, 000006.400, 160
Trd, 000006.517, 165
Trd, 000006.550, 145
Trd, 000006.900, 178
Trd, 000006.950, 145
Trd, 000009.667, 155
Trd, 000009.900, 154
Trd, 000010.333, 154
Trd, 000010.433, 153
Trd, 000010.633, 154
Trd, 000011.050, 153
Trd, 000011.450, 145
Trd, 000012.017, 147
Trd, 000012.100, 147
Trd, 000012.367, 142
Trd, 000013.050, 142
Trd, 000013.850, 142
Trd, 000014.083, 143
Trd, 000014.667, 142
Trd, 000014.683, 141
Trd, 000015.500, 134
Trd, 000016.217, 149
Trd, 000016.383, 152
Trd, 000016.567, 155
Trd, 000018.467, 155
Trd, 000019.183, 151
Trd, 000019.783, 153
Trd, 000021.367, 149
Trd, 000021.567, 149
Trd, 000021.800, 147
Trd, 000021.950, 146
Trd, 000022.150, 144
Trd, 000022.867, 144
Trd, 000023.017, 148
Trd, 000024.550, 146
Trd, 000025.433, 144
Trd, 000026.067, 143
Trd, 000026.133, 144
Trd, 000027.283, 145
Trd, 000027.300, 143
Trd, 000027.333, 153
Trd, 000028.883, 152
Trd, 000028.917, 143
Trd, 000029.117, 168
Trd, 000029.733, 130
Trd, 000031.033, 139
Trd, 000031.933, 141
Trd, 000032.083, 140
Trd, 000032.133, 139
Trd, 000032.933, 154
Trd, 000034.200, 141
Trd, 000034.267, 139
Trd, 000034.350, 142
Trd, 000035.450, 141
Trd, 000035.633, 140
Trd, 000035.883, 143
Trd, 000035.967, 144
Trd, 000036.033, 146
Trd, 000036.417, 139
Trd, 000037.233, 143
Trd, 000037.533, 169
Trd, 000039.067, 151
Trd, 000039.200, 152
Trd, 000040.500, 166
Trd, 000041.167, 160
Trd, 000041.467, 155
Trd, 000042.133, 153
Trd, 000042.817, 155
Trd, 000043.183, 155
Trd, 000043.817, 148
Trd, 000044.650, 153
Trd, 000045.317, 153
Trd, 000045.750, 151
Trd, 000046.333, 154
Trd, 000047.017, 154
Trd, 000047.117, 149
Trd, 000047.550, 153
Trd, 000048.900, 149
Trd, 000049.750, 149
Trd, 000049.767, 152
Trd, 000051.133, 150
Trd, 000051.433, 152
Trd, 000052.467, 149
Trd, 000053.083, 150
Trd, 000053.317, 148
Trd, 000053.517, 149
Trd, 000053.683, 173
Trd, 000054.333, 147
Trd, 000054.650, 149
Trd, 000055.867, 154
Trd, 000056.467, 149
Trd, 000056.567, 150
Trd, 000056.933, 147
Trd, 000058.417, 148
Trd, 000058.717, 148
Trd, 000058.950, 148
Trd, 000059.933, 148
Trd, 000060.350, 149
Trd, 000060.550, 152
Trd, 000060.667, 157
Trd, 000062.050, 154
Trd, 000062.400, 170
Trd, 000062.733, 150
Trd, 000064.300, 158
Trd, 000064.817, 171
Trd, 000065.483, 158
Trd, 000066.600, 153
Trd, 000066.850, 152
Trd, 000067.367, 152
Trd, 000067.517, 148
Trd, 000067.683, 156
Trd, 000068.583, 151
Trd, 000069.083, 152
Trd, 000069.883, 175
Trd, 000069.983, 177
Trd, 000070.367, 160
Trd, 000073.350, 166
Trd, 000073.550, 165
Trd, 000073.600, 164
Trd, 000073.983, 164
Trd, 000074.867, 163
Trd, 000075.350, 163
Trd, 000075.433, 163
Trd, 000075.733, 164
Trd, 000075.883, 151
Trd, 000077.083, 158
Trd, 000077.433, 157
Trd, 000078.550, 159
Trd, 000078.767, 156
Trd, 000079.433, 155
Trd, 000079.500, 149
Trd, 000079.600, 160
Trd, 000079.700, 161
Trd, 000080.467, 159
Trd, 000081.233, 156
Trd, 000083.033, 155
Trd, 000083.650, 152
Trd, 000083.767, 150
Trd, 000084.633, 150
Trd, 000084.700, 149
Trd, 000084.817, 152
Trd, 000086.117, 149
Trd, 000086.350, 149
Trd, 000086.633, 150
Trd, 000087.283, 149
Trd, 000088.217, 153
Trd, 000088.300, 160
Trd, 000089.183, 150
Trd, 000089.567, 154
Trd, 000089.683, 155
Trd, 000089.950, 159
Trd, 000090.750, 157
Trd, 000091.333, 162
Trd, 000091.667, 157
Trd, 000092.500, 158
Trd, 000093.367, 156
Trd, 000094.450, 158
Trd, 000094.500, 156
Trd, 000094.850, 154
Trd, 000094.950, 157
Trd, 000095.167, 158
Trd, 000097.633, 157
Trd, 000098.217, 156
Trd, 000098.750, 159
Trd, 000099.750, 158
Trd, 000099.783, 161
Trd, 000099.900, 157
Trd, 000099.950, 155
Trd, 000100.217, 175
Trd, 000101.700, 154
Trd, 000102.367, 158
Trd, 000102.717, 157
Trd, 000102.883, 158
Trd, 000103.233, 156
Trd, 000103.683, 154
Trd, 000103.933, 160
Trd, 000106.117, 158
Trd, 000106.150, 155
Trd, 000106.667, 161
Trd, 000107.667, 154
Trd, 000108.900, 159
Trd, 000108.983, 156
Trd, 000109.300, 156
Trd, 000109.583, 159
Trd, 000110.183, 160
Trd, 000111.600, 157
Trd, 000111.983, 156
Trd, 000112.417, 154
Trd, 000112.517, 161
Trd, 000113.017, 162
Trd, 000113.817, 154
Trd, 000114.067, 156
Trd, 000115.217, 153
Trd, 000115.650, 154
Trd, 000115.767, 153
Trd, 000117.133, 154
Trd, 000117.350, 152
Trd, 000117.567, 153
Trd, 000117.600, 153
Trd, 000117.933, 152
Trd, 000118.483, 162
Trd, 000118.733, 153
Trd, 000118.767, 176
Trd, 000120.583, 149
Trd, 000121.033, 143
Trd, 000121.233, 154
Trd, 000122.567, 153
Trd, 000123.417, 149
Trd, 000124.267, 148
Trd, 000124.433, 153
Trd, 000125.033, 152
Trd, 000125.533, 154
Trd, 000125.767, 153
Trd, 000127.400, 153
Trd, 000127.583, 155
Trd, 000127.733, 163
Trd, 000128.000, 152
Trd, 000128.883, 177
Trd, 000129.967, 160
Trd, 000130.450, 160
Trd, 000131.067, 159
Trd, 000132.250, 152
Trd, 000132.733, 151
Trd, 000133.600, 143
Trd, 000133.917, 148
Trd, 000134.150, 151
Trd, 000134.500, 161
Trd, 000134.617, 164
Trd, 000135.517, 153
Trd, 000135.833, 157
Trd, 000136.250, 156
Trd, 000136.833, 155
Trd, 000137.667, 174
Trd, 000137.900, 165
Trd, 000138.000, 168
Trd, 000138.500, 169
Trd, 000138.800, 167
Trd, 000139.933, 168
Trd, 000140.550, 168
Trd, 000140.733, 164
Trd, 000141.150, 172
Trd, 000142.233, 171
Trd, 000142.583, 163
Trd, 000142.633, 162
Trd, 000143.500, 164
Trd, 000144.000, 165
Trd, 000144.500, 160
Trd, 000144.983, 159
Trd, 000145.733, 176
Trd, 000147.667, 160
Trd, 000148.583, 163
Trd, 000149.117, 163
Trd, 000150.000, 162
Trd, 000150.017, 163
Trd, 000150.433, 160
Trd, 000150.900, 161
Trd, 000150.983, 165
Trd, 000151.683, 159
Trd, 000154.367, 161
Trd, 000154.633, 161
Trd, 000155.767, 163
Trd, 000156.383, 160
Trd, 000156.517, 161
Trd, 000156.983, 162
Trd, 000157.217, 164
Trd, 000158.533, 159
Trd, 000159.617, 160
Trd, 000159.650, 161
Trd, 000159.750, 159
Trd, 000159.917, 161
Trd, 000160.200, 162
Trd, 000161.483, 157
Trd, 000162.317, 157
Trd, 000162.733, 157
Trd, 000162.750, 162
Trd, 000163.033, 163
Trd, 000163.367, 165
Trd, 000164.000, 167
Trd, 000165.217, 159
Trd, 000166.000, 162
Trd, 000166.150, 161
Trd, 000166.450, 161
Trd, 000167.467, 163
Trd, 000167.567, 164
Trd, 000168.400, 161
Trd, 000168.600, 167
Trd, 000169.483, 167
Trd, 000169.817, 168
Trd, 000170.333, 169
Trd, 000172.083, 167
Trd, 000173.167, 161
Trd, 000174.067, 161
Trd, 000174.417, 161
Trd, 000174.767, 162
Trd, 000174.850, 167
Trd, 000174.867, 168
Trd, 000175.783, 161
Trd, 000176.083, 160
Trd, 000176.167, 159
Trd, 000176.900, 167
Trd, 000178.283, 166
Trd, 000178.317, 167
Trd, 000179.467, 167
Trd, 000179.567, 163
Trd, 000179.850, 168
Trd, 000180.100, 168
Trd, 000180.833, 163
Trd, 000181.617, 167
Trd, 000182.233, 172
Trd, 000184.933, 164
Trd, 000185.750, 163
Trd, 000185.900, 164
Trd, 000186.167, 162
Trd, 000186.917, 163
Trd, 000186.950, 162
Trd, 000187.183, 163
Trd, 000187.267, 161
Trd, 000188.600, 165
Trd, 000189.017, 167
Trd, 000189.067, 184
Trd, 000190.067, 178
Trd, 000190.367, 185
Trd, 000190.800, 184
Trd, 000191.367, 180
Trd, 000191.483, 166
Trd, 000192.033, 176
Trd, 000193.467, 168
Trd, 000194.083, 177
Trd, 000195.933, 169
Trd, 000196.233, 169
Trd, 000196.367, 174
Trd, 000196.483, 165
Trd, 000198.383, 171
Trd, 000198.533, 172
Trd, 000199.600, 170
Trd, 000199.633, 169
Trd, 000199.933, 172
Trd, 000200.150, 171
Trd, 000200.500, 169
Trd, 000200.567, 170
Trd, 000200.617, 170
Trd, 000202.483, 185
Trd, 000203.283, 174
Trd, 000203.750, 173
Trd, 000203.867, 174
Trd, 000204.250, 171
Trd, 000204.900, 171
Trd, 000206.217, 168
Trd, 000206.567, 168
Trd, 000208.333, 168
Trd, 000208.417, 164
Trd, 000208.450, 161
Trd, 000208.633, 170
Trd, 000210.867, 162
Trd, 000211.417, 167
Trd, 000211.483, 168
Trd, 000212.517, 164
Trd, 000212.900, 165
Trd, 000213.100, 167
Trd, 000213.767, 166
Trd, 000213.983, 164
Trd, 000214.133, 164
Trd, 000214.367, 166
Trd, 000215.100, 165
Trd, 000215.700, 166
Trd, 000216.950, 166
Trd, 000217.117, 162
Trd, 000218.067, 172
Trd, 000218.950, 166
Trd, 000219.917, 167
Trd, 000220.350, 168
Trd, 000220.400, 166
Trd, 000221.100, 167
Trd, 000221.733, 168
Trd, 000222.433, 173
Trd, 000222.817, 171
Trd, 000223.500, 175
Trd, 000224.033, 172
Trd, 000224.100, 171
Trd, 000226.000, 168
Trd, 000226.183, 167
Trd, 000226.433, 168
Trd, 000227.333, 168
Trd, 000227.717, 176
Trd, 000227.850, 167
Trd, 000228.933, 173
Trd, 000229.533, 171
Trd, 000229.983, 172
Trd, 000230.167, 173
Trd, 000230.600, 174
Trd, 000230.700, 169
Trd, 000232.600, 173
Trd, 000232.883, 174
Trd, 000232.967, 175
Trd, 000234.000, 171
Trd, 000234.467, 170
Trd, 000234.833, 175
Trd, 000235.367, 175
Trd, 000236.100, 176
Trd, 000236.383, 173
Trd, 000236.617, 175
Trd, 000237.133, 175
Trd, 000237.817, 168
Trd, 000240.117, 170
Trd, 000240.217, 170
Trd, 000240.333, 170
Trd, 000240.867, 168
Trd, 000241.967, 166
Trd, 000242.483, 167
Trd, 000242.617, 168
Trd, 000243.417, 166
Trd, 000243.767, 166
Trd, 000244.133, 165
Trd, 000244.433, 161
Trd, 000245.150, 165
Trd, 000245.467, 164
Trd, 000245.883, 165
Trd, 000246.033, 167
Trd, 000246.400, 169
Trd, 000247.033, 169
Trd, 000247.100, 171
Trd, 000247.133, 172
Trd, 000247.317, 176
Trd, 000248.283, 179
Trd, 000249.000, 179
Trd, 000249.767, 187
Trd, 000250.150, 185
Trd, 000250.333, 187
Trd, 000250.500, 186
Trd, 000250.967, 188
Trd, 000251.200, 190
Trd, 000251.783, 193
Trd, 000252.067, 190
Trd, 000252.450, 185
Trd, 000252.700, 185
Trd, 000253.067, 184
Trd, 000254.233, 183
Trd, 000254.567, 184
Trd, 000255.217, 185
Trd, 000255.633, 182
Trd, 000256.767, 182
Trd, 000257.000, 181
Trd, 000257.100, 169
Trd, 000258.667, 168
Trd, 000258.700, 166
Trd, 000259.067, 167
Trd, 000259.167, 163
Trd, 000259.283, 168
Trd, 000259.317, 156
Trd, 000259.517, 173
Trd, 000260.317, 172
Trd, 000260.900, 173
Trd, 000261.583, 176
Trd, 000262.300, 174
Trd, 000262.817, 176
Trd, 000263.050, 175
Trd, 000263.133, 177
Trd, 000264.200, 174
Trd, 000264.650, 175
Trd, 000264.733, 188
Trd, 000265.950, 175
Trd, 000266.033, 175
Trd, 000266.133, 176
Trd, 000266.233, 180
Trd, 000267.217, 181
Trd, 000267.833, 179
Trd, 000268.100, 174
Trd, 000268.233, 181
Trd, 000268.950, 178
Trd, 000269.550, 179
Trd, 000269.567, 183
Trd, 000270.967, 176
Trd, 000272.117, 179
Trd, 000272.383, 176
Trd, 000272.600, 180
Trd, 000272.817, 181
Trd, 000272.967, 178
Trd, 000274.533, 178
Trd, 000274.733, 176
Trd, 000275.450, 174
Trd, 000276.167, 174
Trd, 000276.567, 176
Trd, 000276.683, 177
Trd, 000276.833, 176
Trd, 000277.383, 178
Trd, 000278.050, 173
Trd, 000278.217, 172
Trd, 000278.317, 177
Trd, 000278.350, 179
Trd, 000278.450, 172
Trd, 000280.283, 173
Trd, 000280.383, 181
Trd, 000280.867, 172
Trd, 000280.917, 173
Trd, 000281.300, 172
Trd, 000281.750, 171
Trd, 000281.783, 173
Trd, 000282.550, 180
Trd, 000282.867, 175
Trd, 000283.050, 183
Trd, 000283.733, 179
Trd, 000284.533, 181
Trd, 000284.567, 176
Trd, 000285.117, 172
Trd, 000286.200, 178
Trd, 000286.317, 172
Trd, 000287.267, 179
Trd, 000287.567, 179
Trd, 000288.100, 174
Trd, 000288.617, 179
Trd, 000289.333, 184
Trd, 000289.600, 173
Trd, 000290.000, 171
Trd, 000290.183, 180
Trd, 000291.050, 184
Trd, 000291.133, 186
Trd, 000291.150, 191
Trd, 000291.417, 189
Trd, 000291.700, 187
Trd, 000292.517, 182
Trd, 000292.717, 182
Trd, 000292.867, 185
Trd, 000293.083, 186
Trd, 000293.667, 181
Trd, 000294.050, 180
Trd, 000294.283, 185
Trd, 000294.383, 186
Trd, 000294.767, 186
Trd, 000295.250, 194
Trd, 000295.417, 181
Trd, 000295.750, 197
Trd, 000296.400, 173
Trd, 000296.417, 170
Trd, 000297.433, 176
Trd, 000298.083, 178
Trd, 000298.650, 174
Trd, 000299.017, 174
Trd, 000299.583, 180
Trd, 000299.850, 185
