Trd, 000001.950, 141
Trd, 000003.267, 148
Trd, 000003.533, 150
Trd, 000004.500, 136
Trd, 000004.583, 152
Trd, 000004.650, 155
Trd, 000005.083, 160
Trd, 000005.367, 161
Trd, 000005.533, 137
Trd, 000005.983, 150
Trd, 000006.283, 141
Trd, 000006.800, 135
Trd, 000006.867, 145
Trd, 000007.250, 142
Trd, 000008.050, 138
Trd, 000008.350, 139
Trd, 000008.367, 142
Trd, 000008.383, 149
Trd, 000009.100, 152
Trd, 000011.000, 144
Trd, 000011.033, 142
Trd, 000011.050, 147
Trd, 000011.217, 156
Trd, 000011.900, 142
Trd, 000013.200, 150
Trd, 000014.283, 150
Trd, 000014.367, 150
Trd, 000014.400, 152
Trd, 000014.667, 156
Trd, 000015.100, 153
Trd, 000016.183, 149
Trd, 000016.617, 145
Trd, 000016.817, 150
Trd, 000017.233, 143
Trd, 000017.983, 150
Trd, 000018.267, 146
Trd, 000019.317, 151
Trd, 000019.633, 153
Trd, 000020.133, 150
Trd, 000020.167, 151
Trd, 000021.033, 150
Trd, 000021.050, 151
Trd, 000021.783, 157
Trd, 000021.800, 150
Trd, 000021.967, 146
Trd, 000023.283, 152
Trd, 000023.650, 151
Trd, 000023.767, 151
Trd, 000024.750, 150
Trd, 000024.783, 152
Trd, 000026.533, 152
Trd, 000026.783, 154
Trd, 000026.817, 151
Trd, 000027.050, 153
Trd, 000027.967, 154
Trd, 000028.500, 155
Trd, 000028.950, 158
Trd, 000029.367, 154
Trd, 000030.067, 155
Trd, 000030.717, 154
Trd, 000031.750, 151
Trd, 000031.767, 155
Trd, 000032.933, 154
Trd, 000033.050, 152
Trd, 000033.300, 153
Trd, 000033.583, 153
Trd, 000033.767, 150
Trd, 000034.600, 150
Trd, 000035.250, 152
Trd, 000035.283, 153
Trd, 000036.383, 152
Trd, 000037.800, 153
Trd, 000038.017, 153
Trd, 000038.500, 155
Trd, 000039.250, 152
Trd, 000039.717, 153
Trd, 000040.650, 148
Trd, 000041.033, 155
Trd, 000042.133, 151
Trd, 000042.550, 150
Trd, 000043.017, 152
Trd, 000043.067, 159
Trd, 000043.083, 166
Trd, 000043.717, 148
Trd, 000044.367, 154
Trd, 000044.783, 153
Trd, 000044.917, 152
Trd, 000045.500, 152
Trd, 000045.983, 155
Trd, 000046.150, 155
Trd, 000046.333, 152
Trd, 000048.133, 152
Trd, 000048.600, 153
Trd, 000048.750, 153
Trd, 000048.900, 150
Trd, 000049.800, 152
Trd, 000050.167, 150
Trd, 000050.267, 152
Trd, 000051.267, 153
Trd, 000051.317, 149
Trd, 000051.683, 152
Trd, 000052.967, 153
Trd, 000053.683, 152
Trd, 000054.233, 154
Trd, 000054.383, 156
Trd, 000055.450, 155
Trd, 000055.533, 154
Trd, 000056.017, 153
Trd, 000056.167, 155
Trd, 000056.283, 149
Trd, 000056.333, 156
Trd, 000057.117, 158
Trd, 000057.183, 147
Trd, 000057.250, 158
Trd, 000058.800, 147
Trd, 000059.150, 153
Trd, 000059.683, 150
Trd, 000059.733, 153
Trd, 000060.317, 154
Trd, 000061.467, 152
Trd, 000061.633, 153
Trd, 000062.183, 166
Trd, 000062.400, 152
Trd, 000062.483, 151
Trd, 000062.867, 150
Trd, 000063.500, 152
Trd, 000064.333, 154
Trd, 000065.917, 150
Trd, 000066.083, 151
Trd, 000067.150, 150
Trd, 000067.533, 151
Trd, 000067.567, 151
Trd, 000068.783, 152
Trd, 000069.100, 153
Trd, 000069.217, 151
Trd, 000069.750, 147
Trd, 000070.383, 151
Trd, 000070.583, 137
Trd, 000070.850, 151
Trd, 000071.517, 152
Trd, 000071.767, 155
Trd, 000071.983, 158
Trd, 000073.600, 159
Trd, 000073.650, 158
Trd, 000074.317, 158
Trd, 000074.883, 159
Trd, 000075.150, 156
Trd, 000075.467, 156
Trd, 000076.050, 161
Trd, 000076.150, 155
Trd, 000076.617, 163
Trd, 000076.900, 169
Trd, 000077.917, 162
Trd, 000078.467, 163
Trd, 000079.533, 153
Trd, 000079.767, 160
Trd, 000080.850, 160
Trd, 000081.350, 159
Trd, 000081.500, 156
Trd, 000082.300, 157
Trd, 000082.317, 158
Trd, 000082.683, 157
Trd, 000083.700, 155
Trd, 000083.833, 152
Trd, 000084.083, 151
Trd, 000084.217, 152
Trd, 000086.533, 151
Trd, 000087.350, 152
Trd, 000088.750, 151
Trd, 000089.017, 151
Trd, 000089.367, 153
Trd, 000089.800, 153
Trd, 000090.283, 153
Trd, 000090.350, 153
Trd, 000090.950, 157
Trd, 000091.200, 154
Trd, 000091.667, 158
Trd, 000092.217, 153
Trd, 000092.483, 155
Trd, 000092.867, 157
Trd, 000093.200, 156
Trd, 000095.450, 153
Trd, 000095.617, 153
Trd, 000095.650, 151
Trd, 000095.700, 154
Trd, 000095.800, 156
Trd, 000095.817, 158
Trd, 000095.833, 149
Trd, 000096.533, 153
Trd, 000097.583, 160
Trd, 000097.917, 165
Trd, 000098.833, 158
Trd, 000099.433, 154
Trd, 000099.483, 157
Trd, 000100.567, 153
Trd, 000100.767, 154
Trd, 000100.900, 156
Trd, 000101.217, 152
Trd, 000102.150, 156
Trd, 000102.233, 158
Trd, 000102.283, 158
Trd, 000102.833, 159
Trd, 000103.383, 159
Trd, 000104.217, 159
Trd, 000104.517, 153
Trd, 000105.550, 156
Trd, 000106.417, 157
Trd, 000106.600, 159
Trd, 000106.733, 159
Trd, 000106.850, 159
Trd, 000107.433, 157
Trd, 000108.183, 161
Trd, 000108.767, 162
Trd, 000109.517, 155
Trd, 000109.550, 154
Trd, 000110.950, 160
Trd, 000111.033, 161
Trd, 000111.300, 159
Trd, 000111.367, 161
Trd, 000111.733, 162
Trd, 000113.883, 159
Trd, 000114.300, 159
Trd, 000114.383, 158
Trd, 000114.583, 159
Trd, 000114.667, 160
Trd, 000115.367, 162
Trd, 000115.533, 162
Trd, 000115.767, 162
Trd, 000115.967, 164
Trd, 000116.933, 162
Trd, 000118.133, 163
Trd, 000118.483, 163
Trd, 000118.883, 162
Trd, 000118.917, 165
Trd, 000119.583, 164
Trd, 000120.783, 166
Trd, 000121.717, 163
Trd, 000121.767, 166
Trd, 000122.400, 160
Trd, 000122.983, 166
Trd, 000123.033, 166
Trd, 000125.267, 163
Trd, 000126.183, 163
Trd, 000126.517, 164
Trd, 000126.633, 165
Trd, 000127.300, 167
Trd, 000127.617, 160
Trd, 000128.150, 166
Trd, 000128.467, 167
Trd, 000128.567, 159
Trd, 000129.117, 159
Trd, 000129.167, 157
Trd, 000131.083, 167
Trd, 000131.233, 162
Trd, 000131.533, 167
Trd, 000132.133, 168
Trd, 000132.783, 164
Trd, 000133.017, 161
Trd, 000134.067, 162
Trd, 000134.250, 162
Trd, 000134.367, 163
Trd, 000134.483, 161
Trd, 000135.200, 160
Trd, 000136.117, 161
Trd, 000137.833, 160
Trd, 000138.083, 158
Trd, 000139.533, 157
Trd, 000139.867, 157
Trd, 000140.367, 158
Trd, 000140.417, 157
Trd, 000140.533, 159
Trd, 000140.850, 163
Trd, 000141.517, 163
Trd, 000142.033, 162
Trd, 000142.367, 163
Trd, 000143.400, 164
Trd, 000143.683, 162
Trd, 000143.917, 162
Trd, 000145.133, 159
Trd, 000145.317, 162
Trd, 000145.467, 164
Trd, 000145.667, 165
Trd, 000146.333, 163
Trd, 000146.517, 162
Trd, 000147.433, 164
Trd, 000148.517, 158
Trd, 000148.750, 161
Trd, 000149.017, 161
Trd, 000149.200, 163
Trd, 000149.517, 165
Trd, 000149.750, 163
Trd, 000151.117, 160
Trd, 000151.233, 159
Trd, 000151.567, 163
Trd, 000152.883, 163
Trd, 000154.383, 163
Trd, 000154.900, 163
Trd, 000155.333, 163
Trd, 000155.367, 163
Trd, 000155.550, 162
Trd, 000155.750, 164
Trd, 000156.400, 159
Trd, 000156.700, 160
Trd, 000156.867, 161
Trd, 000157.467, 164
Trd, 000157.550, 167
Trd, 000159.067, 164
Trd, 000159.283, 162
Trd, 000159.600, 156
Trd, 000160.733, 162
Trd, 000161.250, 162
Trd, 000162.467, 163
Trd, 000162.950, 164
Trd, 000163.083, 163
Trd, 000163.450, 162
Trd, 000163.667, 156
Trd, 000163.750, 167
Trd, 000164.367, 165
Trd, 000165.283, 157
Trd, 000166.017, 160
Trd, 000166.583, 157
Trd, 000167.233, 158
Trd, 000167.333, 159
Trd, 000167.867, 161
Trd, 000169.267, 163
Trd, 000170.033, 163
Trd, 000170.317, 164
Trd, 000170.433, 164
Trd, 000170.933, 159
Trd, 000171.283, 165
Trd, 000172.650, 166
Trd, 000173.467, 165
Trd, 000173.983, 166
Trd, 000174.067, 168
Trd, 000174.600, 167
Trd, 000175.267, 162
Trd, 000175.567, 168
Trd, 000176.117, 166
Trd, 000177.483, 165
Trd, 000177.767, 165
Trd, 000178.383, 167
Trd, 000178.433, 165
Trd, 000179.650, 166
Trd, 000180.133, 167
Trd, 000180.767, 170
Trd, 000181.533, 166
Trd, 000181.783, 162
Trd, 000182.467, 167
Trd, 000182.600, 166
Trd, 000182.983, 167
Trd, 000183.167, 166
Trd, 000183.483, 164
Trd, 000183.983, 165
Trd, 000184.783, 166
Trd, 000184.800, 168
Trd, 000185.517, 166
Trd, 000185.600, 169
Trd, 000186.183, 173
Trd, 000187.067, 170
Trd, 000187.283, 172
Trd, 000188.600, 173
Trd, 000188.917, 174
Trd, 000189.850, 168
Trd, 000190.633, 167
Trd, 000190.733, 169
Trd, 000192.817, 169
Trd, 000193.450, 164
Trd, 000193.883, 163
Trd, 000193.950, 159
Trd, 000194.133, 164
Trd, 000194.517, 165
Trd, 000194.950, 165
Trd, 000194.967, 167
Trd, 000196.150, 164
Trd, 000196.417, 167
Trd, 000196.850, 168
Trd, 000197.133, 168
Trd, 000198.200, 169
Trd, 000199.033, 169
Trd, 000199.250, 170
Trd, 000199.733, 165
Trd, 000200.417, 171
Trd, 000200.833, 167
Trd, 000200.967, 169
Trd, 000201.817, 167
Trd, 000202.983, 160
Trd, 000203.283, 163
Trd, 000203.333, 164
Trd, 000203.933, 158
Trd, 000204.617, 162
Trd, 000205.533, 161
Trd, 000206.050, 161
Trd, 000206.350, 162
Trd, 000206.733, 165
Trd, 000207.800, 164
Trd, 000208.017, 164
Trd, 000208.233, 159
Trd, 000208.500, 163
Trd, 000208.600, 164
Trd, 000208.917, 165
Trd, 000208.983, 169
Trd, 000209.217, 168
Trd, 000211.283, 165
Trd, 000212.617, 167
Trd, 000212.650, 168
Trd, 000212.767, 172
Trd, 000214.617, 172
Trd, 000215.000, 170
Trd, 000215.800, 170
Trd, 000216.000, 169
Trd, 000216.300, 171
Trd, 000216.950, 169
Trd, 000217.217, 172
Trd, 000217.717, 174
Trd, 000218.500, 168
Trd, 000219.000, 174
Trd, 000219.300, 165
Trd, 000219.617, 172
Trd, 000219.917, 173
Trd, 000221.300, 173
Trd, 000221.483, 170
Trd, 000222.267, 172
Trd, 000222.600, 170
Trd, 000223.033, 170
Trd, 000223.083, 172
Trd, 000224.000, 163
Trd, 000224.517, 165
Trd, 000224.850, 166
Trd, 000225.250, 165
Trd, 000226.583, 165
Trd, 000226.667, 165
Trd, 000226.817, 165
Trd, 000226.950, 170
Trd, 000227.533, 174
Trd, 000227.683, 178
Trd, 000228.400, 175
Trd, 000229.783, 171
Trd, 000230.750, 169
Trd, 000231.383, 167
Trd, 000231.483, 166
Trd, 000231.733, 163
Trd, 000231.833, 168
Trd, 000232.233, 172
Trd, 000232.533, 172
Trd, 000232.633, 173
Trd, 000232.667, 171
Trd, 000233.067, 173
Trd, 000233.383, 165
Trd, 000234.900, 170
Trd, 000235.033, 174
Trd, 000235.200, 178
Trd, 000235.283, 167
Trd, 000235.483, 174
Trd, 000237.117, 167
Trd, 000237.517, 169
Trd, 000237.533, 171
Trd, 000238.150, 170
Trd, 000238.917, 167
Trd, 000240.100, 172
Trd, 000240.317, 171
Trd, 000240.367, 172
Trd, 000240.383, 172
Trd, 000240.733, 173
Trd, 000241.017, 175
Trd, 000241.633, 176
Trd, 000241.733, 176
Trd, 000241.850, 172
Trd, 000241.983, 172
Trd, 000242.000, 179
Trd, 000243.400, 167
Trd, 000243.467, 178
Trd, 000243.800, 178
Trd, 000243.933, 168
Trd, 000244.083, 173
Trd, 000244.183, 179
Trd, 000244.750, 179
Trd, 000244.983, 182
Trd, 000246.133, 177
Trd, 000246.150, 179
Trd, 000246.817, 172
Trd, 000247.100, 172
Trd, 000247.267, 173
Trd, 000247.517, 178
Trd, 000248.017, 173
Trd, 000248.117, 169
Trd, 000248.233, 177
Trd, 000249.150, 177
Trd, 000249.550, 178
Trd, 000249.783, 178
Trd, 000250.283, 180
Trd, 000250.383, 179
Trd, 000250.483, 180
Trd, 000251.000, 180
Trd, 000251.233, 183
Trd, 000251.417, 181
Trd, 000251.817, 181
Trd, 000252.817, 178
Trd, 000252.900, 179
Trd, 000253.000, 180
Trd, 000253.150, 180
Trd, 000253.167, 183
Trd, 000253.483, 187
Trd, 000254.050, 179
Trd, 000254.433, 178
Trd, 000254.933, 179
Trd, 000255.083, 178
Trd, 000255.550, 173
Trd, 000255.983, 175
Trd, 000256.367, 172
Trd, 000256.667, 170
Trd, 000257.117, 171
Trd, 000257.400, 165
Trd, 000258.783, 171
Trd, 000258.933, 172
Trd, 000259.083, 174
Trd, 000259.767, 175
Trd, 000260.217, 177
Trd, 000260.283, 184
Trd, 000261.017, 181
Trd, 000261.233, 191
Trd, 000261.450, 180
Trd, 000261.833, 174
Trd, 000262.000, 173
Trd, 000262.833, 176
Trd, 000263.267, 175
Trd, 000264.017, 176
Trd, 000264.083, 177
Trd, 000264.783, 183
Trd, 000264.800, 188
Trd, 000265.150, 183
Trd, 000265.450, 181
Trd, 000265.483, 180
Trd, 000265.567, 174
Trd, 000266.567, 178
Trd, 000266.967, 178
Trd, 000267.100, 170
Trd, 000267.500, 179
Trd, 000267.567, 180
Trd, 000267.983, 169
Trd, 000269.767, 177
Trd, 000270.000, 182
Trd, 000270.100, 185
Trd, 000270.533, 183
Trd, 000270.550, 177
Trd, 000271.100, 189
Trd, 000271.400, 187
Trd, 000271.467, 187
Trd, 000271.700, 188
Trd, 000271.717, 188
Trd, 000273.017, 186
Trd, 000273.267, 184
Trd, 000273.367, 178
Trd, 000273.417, 171
Trd, 000273.517, 175
Trd, 000274.567, 187
Trd, 000275.133, 180
Trd, 000275.283, 178
Trd, 000275.300, 182
Trd, 000275.583, 182
Trd, 000275.717, 179
Trd, 000276.367, 180
Trd, 000276.417, 179
Trd, 000276.833, 180
Trd, 000276.900, 180
Trd, 000277.417, 178
Trd, 000277.633, 178
Trd, 000278.167, 189
Trd, 000278.717, 184
Trd, 000278.767, 186
Trd, 000279.367, 185
Trd, 000279.400, 184
Trd, 000279.550, 183
Trd, 000279.817, 185
Trd, 000280.217, 178
Trd, 000280.583, 172
Trd, 000281.117, 181
Trd, 000281.900, 174
Trd, 000282.367, 172
Trd, 000282.717, 172
Trd, 000282.750, 175
Trd, 000283.050, 170
Trd, 000283.400, 169
Trd, 000283.933, 175
Trd, 000283.967, 175
Trd, 000284.867, 175
Trd, 000285.033, 176
Trd, 000285.083, 176
Trd, 000286.417, 179
Trd, 000286.633, 173
Trd, 000286.850, 179
Trd, 000287.217, 173
Trd, 000287.733, 177
Trd, 000287.850, 176
Trd, 000288.517, 183
Trd, 000288.683, 186
Trd, 000289.267, 183
Trd, 000289.567, 177
Trd, 000290.683, 184
Trd, 000291.483, 185
Trd, 000291.550, 180
Trd, 000291.617, 184
Trd, 000291.700, 179
Trd, 000291.917, 187
Trd, 000292.150, 187
Trd, 000292.450, 189
Trd, 000293.317, 185
Trd, 000293.383, 177
Trd, 000293.550, 189
Trd, 000293.750, 191
Trd, 000293.800, 176
Trd, 000294.500, 184
Trd, 000294.633, 193
Trd, 000295.483, 190
Trd, 000296.200, 182
Trd, 000297.800, 183
Trd, 000297.883, 184
Trd, 000298.067, 186
Trd, 000299.533, 182
Trd, 000299.717, 183
Trd, 000299.883, 183
