Trd, 000002.867, 145
Trd, 000002.933, 164
Trd, 000003.450, 172
Trd, 000003.683, 134
Trd, 000004.050, 185
Trd, 000005.283, 158
Trd, 000005.883, 159
Trd, 000006.000, 156
Trd, 000006.817, 152
Trd, 000007.083, 157
Trd, 000007.567, 157
Trd, 000008.900, 151
Trd, 000008.967, 148
Trd, 000009.200, 155
Trd, 000009.667, 158
Trd, 000009.900, 141
Trd, 000010.550, 146
Trd, 000010.850, 152
Trd, 000011.233, 153
Trd, 000011.600, 155
Trd, 000011.683, 152
Trd, 000011.850, 156
Trd, 000012.467, 164
Trd, 000014.167, 153
Trd, 000014.367, 156
Trd, 000015.217, 154
Trd, 000015.317, 153
Trd, 000016.717, 155
Trd, 000017.683, 156
Trd, 000018.067, 157
Trd, 000018.417, 160
Trd, 000018.983, 153
Trd, 000020.000, 157
Trd, 000020.050, 156
Trd, 000020.417, 155
Trd, 000021.100, 154
Trd, 000021.317, 156
Trd, 000022.717, 154
Trd, 000023.233, 150
Trd, 000023.533, 150
Trd, 000024.200, 150
Trd, 000024.250, 158
Trd, 000024.583, 149
Trd, 000024.767, 167
Trd, 000024.917, 170
Trd, 000025.983, 166
Trd, 000026.350, 156
Trd, 000026.367, 153
Trd, 000026.417, 146
Trd, 000026.433, 137
Trd, 000026.883, 145
Trd, 000028.817, 163
Trd, 000029.033, 151
Trd, 000029.283, 150
Trd, 000029.467, 157
Trd, 000030.700, 154
Trd, 000030.767, 154
Trd, 000031.183, 154
Trd, 000031.517, 155
Trd, 000032.150, 158
Trd, 000033.000, 154
Trd, 000033.150, 166
Trd, 000033.983, 152
Trd, 000035.350, 158
Trd, 000037.033, 154
Trd, 000037.400, 153
Trd, 000037.767, 153
Trd, 000038.183, 151
Trd, 000038.533, 154
Trd, 000039.167, 150
Trd, 000039.250, 169
Trd, 000039.350, 150
Trd, 000039.750, 147
Trd, 000040.250, 137
Trd, 000040.833, 146
Trd, 000041.750, 149
Trd, 000041.883, 150
Trd, 000041.933, 151
Trd, 000042.300, 160
Trd, 000043.883, 156
Trd, 000043.917, 136
Trd, 000045.367, 148
Trd, 000045.483, 160
Trd, 000046.400, 161
Trd, 000046.600, 147
Trd, 000046.650, 161
Trd, 000047.683, 132
Trd, 000048.367, 153
Trd, 000048.583, 154
Trd, 000048.733, 150
Trd, 000049.750, 146
Trd, 000050.950, 147
Trd, 000051.150, 145
Trd, 000051.783, 143
Trd, 000053.200, 144
Trd, 000053.517, 143
Trd, 000054.167, 146
Trd, 000054.333, 145
Trd, 000054.767, 147
Trd, 000054.783, 149
Trd, 000054.883, 144
Trd, 000057.383, 157
Trd, 000057.517, 164
Trd, 000058.900, 171
Trd, 000059.150, 158
Trd, 000059.267, 157
Trd, 000059.617, 170
Trd, 000059.633, 151
Trd, 000059.950, 160
Trd, 000060.517, 170
Trd, 000061.733, 158
Trd, 000063.100, 150
Trd, 000063.417, 141
Trd, 000064.017, 150
Trd, 000064.267, 140
Trd, 000064.467, 147
Trd, 000065.217, 144
Trd, 000065.383, 145
Trd, 000065.450, 146
Trd, 000065.950, 148
Trd, 000066.300, 150
Trd, 000068.117, 158
Trd, 000068.300, 158
Trd, 000070.283, 159
Trd, 000070.450, 158
Trd, 000070.633, 158
Trd, 000071.033, 159
Trd, 000071.367, 158
Trd, 000071.533, 158
Trd, 000072.833, 163
Trd, 000073.883, 164
Trd, 000075.417, 158
Trd, 000075.450, 154
Trd, 000075.767, 158
Trd, 000075.900, 157
Trd, 000076.167, 160
Trd, 000077.083, 155
Trd, 000077.100, 150
Trd, 000077.317, 139
Trd, 000077.517, 165
Trd, 000078.317, 173
Trd, 000078.500, 176
Trd, 000079.067, 183
Trd, 000081.633, 169
Trd, 000082.267, 167
Trd, 000082.467, 166
Trd, 000082.667, 159
Trd, 000082.750, 153
Trd, 000083.000, 170
Trd, 000083.050, 171
Trd, 000083.967, 168
Trd, 000086.400, 166
Trd, 000086.717, 166
Trd, 000087.133, 174
Trd, 000087.483, 165
Trd, 000089.300, 167
Trd, 000089.833, 167
Trd, 000090.250, 166
Trd, 000090.350, 164
Trd, 000091.067, 166
Trd, 000091.300, 166
Trd, 000091.533, 165
Trd, 000091.683, 164
Trd, 000091.717, 163
Trd, 000092.067, 161
Trd, 000092.367, 175
Trd, 000093.667, 160
Trd, 000093.767, 156
Trd, 000094.950, 163
Trd, 000095.083, 156
Trd, 000096.283, 157
Trd, 000097.033, 157
Trd, 000097.083, 158
Trd, 000098.150, 162
Trd, 000098.367, 157
Trd, 000098.467, 172
Trd, 000098.650, 161
Trd, 000098.850, 142
Trd, 000099.433, 161
Trd, 000100.433, 155
Trd, 000100.700, 162
Trd, 000101.267, 163
Trd, 000102.117, 168
Trd, 000102.833, 174
Trd, 000103.217, 175
Trd, 000103.267, 163
Trd, 000103.683, 173
Trd, 000104.700, 163
Trd, 000105.550, 165
Trd, 000106.017, 163
Trd, 000106.650, 162
Trd, 000106.783, 165
Trd, 000107.733, 162
Trd, 000108.150, 161
Trd, 000108.167, 142
Trd, 000109.150, 158
Trd, 000109.200, 158
Trd, 000110.933, 156
Trd, 000111.567, 156
Trd, 000112.150, 155
Trd, 000112.350, 154
Trd, 000113.083, 155
Trd, 000113.183, 154
Trd, 000113.267, 156
Trd, 000113.600, 153
Trd, 000113.817, 157
Trd, 000116.067, 171
Trd, 000116.417, 176
Trd, 000117.300, 176
Trd, 000117.850, 175
Trd, 000118.600, 174
Trd, 000118.967, 176
Trd, 000119.067, 175
Trd, 000120.233, 175
Trd, 000121.533, 174
Trd, 000121.633, 174
Trd, 000122.367, 172
Trd, 000122.550, 170
Trd, 000123.233, 173
Trd, 000123.417, 174
Trd, 000125.133, 173
Trd, 000125.417, 166
Trd, 000125.533, 174
Trd, 000126.333, 177
Trd, 000126.783, 164
Trd, 000127.250, 168
Trd, 000127.283, 163
Trd, 000128.833, 165
Trd, 000129.017, 164
Trd, 000130.117, 165
Trd, 000130.250, 164
Trd, 000130.367, 165
Trd, 000130.867, 162
Trd, 000130.883, 167
Trd, 000131.183, 167
Trd, 000131.500, 170
Trd, 000133.117, 167
Trd, 000133.767, 169
Trd, 000134.167, 175
Trd, 000134.933, 171
Trd, 000135.367, 169
Trd, 000135.567, 169
Trd, 000135.633, 172
Trd, 000137.650, 173
Trd, 000137.733, 170
Trd, 000137.967, 172
Trd, 000138.300, 144
Trd, 000139.333, 165
Trd, 000139.750, 164
Trd, 000140.667, 164
Trd, 000140.850, 163
Trd, 000141.150, 165
Trd, 000141.650, 165
Trd, 000143.217, 163
Trd, 000143.483, 179
Trd, 000143.633, 162
Trd, 000143.850, 161
Trd, 000143.983, 181
Trd, 000144.100, 182
Trd, 000145.417, 175
Trd, 000145.450, 174
Trd, 000145.850, 171
Trd, 000146.033, 145
Trd, 000147.333, 142
Trd, 000148.983, 146
Trd, 000149.083, 146
Trd, 000149.200, 146
Trd, 000149.450, 147
Trd, 000150.100, 148
Trd, 000150.183, 146
Trd, 000150.283, 146
Trd, 000150.317, 145
Trd, 000150.583, 149
Trd, 000150.717, 152
Trd, 000151.450, 156
Trd, 000151.717, 144
Trd, 000152.217, 155
Trd, 000152.400, 156
Trd, 000153.550, 158
Trd, 000153.900, 179
Trd, 000155.133, 172
Trd, 000155.217, 168
Trd, 000156.117, 155
Trd, 000157.600, 160
Trd, 000158.200, 159
Trd, 000158.517, 159
Trd, 000158.783, 158
Trd, 000158.917, 158
Trd, 000159.100, 146
Trd, 000159.883, 159
Trd, 000160.567, 160
Trd, 000160.683, 161
Trd, 000160.983, 177
Trd, 000162.050, 173
Trd, 000162.650, 168
Trd, 000163.500, 172
Trd, 000164.550, 172
Trd, 000165.033, 175
Trd, 000165.933, 174
Trd, 000166.250, 174
Trd, 000166.467, 181
Trd, 000167.167, 173
Trd, 000168.500, 173
Trd, 000168.700, 172
Trd, 000168.917, 175
Trd, 000168.933, 168
Trd, 000169.550, 178
Trd, 000170.350, 170
Trd, 000170.567, 175
Trd, 000171.617, 172
Trd, 000171.783, 171
Trd, 000172.450, 173
Trd, 000173.800, 173
Trd, 000175.100, 171
Trd, 000175.467, 168
Trd, 000175.583, 175
Trd, 000176.050, 166
Trd, 000176.583, 179
Trd, 000177.533, 176
Trd, 000178.167, 174
Trd, 000178.250, 175
Trd, 000179.150, 173
Trd, 000179.183, 176
Trd, 000180.333, 172
Trd, 000180.400, 165
Trd, 000180.733, 178
Trd, 000182.183, 178
Trd, 000183.150, 175
Trd, 000183.583, 178
Trd, 000183.750, 171
Trd, 000184.433, 176
Trd, 000184.650, 180
Trd, 000185.617, 176
Trd, 000185.833, 178
Trd, 000186.100, 177
Trd, 000186.517, 178
Trd, 000186.567, 179
Trd, 000187.100, 176
Trd, 000187.517, 169
Trd, 000188.683, 182
Trd, 000188.750, 166
Trd, 000190.083, 169
Trd, 000190.600, 180
Trd, 000190.617, 170
Trd, 000191.333, 177
Trd, 000191.583, 172
Trd, 000192.517, 170
Trd, 000192.983, 170
Trd, 000193.533, 167
Trd, 000194.000, 168
Trd, 000194.233, 167
Trd, 000194.417, 166
Trd, 000194.783, 170
Trd, 000194.933, 171
Trd, 000196.400, 169
Trd, 000196.867, 170
Trd, 000199.017, 176
Trd, 000199.383, 177
Trd, 000199.433, 181
Trd, 000200.750, 181
Trd, 000201.017, 183
Trd, 000201.600, 182
Trd, 000202.167, 179
Trd, 000202.467, 178
Trd, 000203.750, 178
Trd, 000204.017, 178
Trd, 000204.383, 177
Trd, 000205.033, 176
Trd, 000205.683, 176
Trd, 000205.817, 178
Trd, 000206.033, 171
Trd, 000206.517, 175
Trd, 000207.217, 185
Trd, 000207.667, 170
Trd, 000207.817, 186
Trd, 000208.033, 174
Trd, 000208.733, 173
Trd, 000209.917, 172
Trd, 000210.767, 160
Trd, 000210.933, 148
Trd, 000211.750, 165
Trd, 000212.017, 173
Trd, 000212.150, 179
Trd, 000213.467, 161
Trd, 000213.483, 161
Trd, 000213.933, 165
Trd, 000214.783, 161
Trd, 000215.350, 161
Trd, 000215.700, 160
Trd, 000215.717, 163
Trd, 000215.800, 164
Trd, 000215.850, 165
Trd, 000216.550, 160
Trd, 000217.500, 186
Trd, 000217.617, 161
Trd, 000218.467, 174
Trd, 000218.533, 175
Trd, 000218.750, 165
Trd, 000219.633, 171
Trd, 000220.217, 163
Trd, 000220.367, 162
Trd, 000221.000, 170
Trd, 000221.733, 177
Trd, 000222.533, 173
Trd, 000224.000, 167
Trd, 000224.117, 173
Trd, 000225.583, 171
Trd, 000225.600, 169
Trd, 000226.317, 173
Trd, 000226.917, 176
Trd, 000227.250, 184
Trd, 000227.283, 174
Trd, 000228.850, 176
Trd, 000229.717, 179
Trd, 000230.050, 178
Trd, 000230.267, 174
Trd, 000230.800, 179
Trd, 000231.033, 172
Trd, 000231.517, 179
Trd, 000232.433, 176
Trd, 000232.467, 170
Trd, 000233.317, 172
Trd, 000233.500, 170
Trd, 000233.867, 171
Trd, 000234.117, 173
Trd, 000234.833, 175
Trd, 000235.133, 174
Trd, 000235.833, 175
Trd, 000236.000, 169
Trd, 000237.050, 172
Trd, 000237.083, 169
Trd, 000237.333, 171
Trd, 000238.067, 172
Trd, 000238.133, 187
Trd, 000238.550, 185
Trd, 000239.833, 177
Trd, 000239.883, 184
Trd, 000240.350, 185
Trd, 000240.367, 184
Trd, 000240.500, 177
Trd, 000241.250, 183
Trd, 000241.400, 183
Trd, 000242.000, 186
Trd, 000242.450, 187
Trd, 000242.633, 189
Trd, 000242.767, 185
Trd, 000243.317, 180
Trd, 000244.083, 181
Trd, 000244.283, 182
Trd, 000244.500, 180
Trd, 000245.500, 182
Trd, 000245.917, 182
Trd, 000246.083, 187
Trd, 000247.200, 184
Trd, 000247.350, 181
Trd, 000247.983, 183
Trd, 000249.000, 181
Trd, 000249.083, 183
Trd, 000250.017, 181
Trd, 000250.083, 180
Trd, 000250.100, 182
Trd, 000250.167, 183
Trd, 000251.067, 186
Trd, 000251.150, 187
Trd, 000251.233, 186
Trd, 000251.467, 187
Trd, 000251.500, 190
Trd, 000252.850, 187
Trd, 000253.083, 186
Trd, 000253.217, 186
Trd, 000253.667, 189
Trd, 000254.033, 186
Trd, 000254.383, 188
Trd, 000254.933, 183
Trd, 000255.600, 181
Trd, 000255.817, 181
Trd, 000256.450, 182
Trd, 000257.067, 177
Trd, 000257.833, 180
Trd, 000258.333, 181
Trd, 000258.367, 184
Trd, 000258.783, 184
Trd, 000258.800, 188
Trd, 000259.267, 188
Trd, 000259.700, 184
Trd, 000259.767, 191
Trd, 000260.150, 183
Trd, 000260.217, 182
Trd, 000260.233, 177
Trd, 000260.717, 188
Trd, 000260.733, 181
Trd, 000262.350, 173
Trd, 000262.417, 167
Trd, 000262.583, 176
Trd, 000262.650, 180
Trd, 000263.950, 202
Trd, 000264.200, 201
Trd, 000264.267, 198
Trd, 000264.883, 183
Trd, 000265.800, 184
Trd, 000265.867, 168
Trd, 000266.750, 178
Trd, 000267.083, 177
Trd, 000267.367, 178
Trd, 000267.383, 180
Trd, 000267.900, 183
Trd, 000268.067, 185
Trd, 000268.267, 179
Trd, 000268.883, 186
Trd, 000269.033, 179
Trd, 000269.233, 191
Trd, 000269.633, 180
Trd, 000269.967, 176
Trd, 000271.183, 185
Trd, 000271.517, 186
Trd, 000272.483, 181
Trd, 000273.333, 180
Trd, 000273.817, 180
Trd, 000274.750, 181
Trd, 000275.233, 179
Trd, 000275.433, 178
Trd, 000275.933, 182
Trd, 000275.983, 176
Trd, 000276.017, 185
Trd, 000276.150, 185
Trd, 000276.583, 181
Trd, 000277.000, 182
Trd, 000277.217, 184
Trd, 000277.417, 189
Trd, 000277.900, 181
Trd, 000278.583, 186
Trd, 000278.800, 181
Trd, 000278.950, 179
Trd, 000279.600, 179
Trd, 000279.633, 180
Trd, 000280.100, 182
Trd, 000280.183, 193
Trd, 000280.750, 184
Trd, 000281.350, 187
Trd, 000281.417, 195
Trd, 000282.017, 184
Trd, 000282.683, 186
Trd, 000282.733, 187
Trd, 000283.317, 184
Trd, 000283.617, 192
Trd, 000283.950, 190
Trd, 000284.150, 192
Trd, 000285.417, 191
Trd, 000286.100, 190
Trd, 000286.433, 191
Trd, 000286.550, 186
Trd, 000286.967, 194
Trd, 000287.133, 192
Trd, 000287.300, 194
Trd, 000287.500, 192
Trd, 000288.650, 191
Trd, 000288.783, 192
Trd, 000289.033, 180
Trd, 000289.267, 190
Trd, 000289.733, 183
Trd, 000289.967, 196
Trd, 000290.800, 184
Trd, 000291.300, 186
Trd, 000292.250, 185
Trd, 000292.317, 187
Trd, 000292.667, 184
Trd, 000292.767, 187
Trd, 000292.833, 196
Trd, 000293.783, 183
Trd, 000294.483, 188
Trd, 000294.617, 186
Trd, 000294.767, 185
Trd, 000294.967, 182
Trd, 000296.483, 186
Trd, 000296.517, 187
Trd, 000296.733, 183
Trd, 000297.933, 185
Trd, 000298.017, 181
Trd, 000298.033, 186
Trd, 000298.350, 180
Trd, 000298.467, 187
Trd, 000298.683, 188
Trd, 000298.917, 193
Trd, 000298.983, 194
Trd, 000299.000, 187
Trd, 000299.167, 176
Trd, 000299.333, 196
