Trd, 000001.950, 168
Trd, 000002.017, 167
Trd, 000002.983, 160
Trd, 000004.067, 158
Trd, 000005.717, 159
Trd, 000005.983, 168
Trd, 000006.667, 161
Trd, 000007.150, 170
Trd, 000007.200, 170
Trd, 000008.083, 161
Trd, 000008.650, 162
Trd, 000009.883, 161
Trd, 000010.217, 159
Trd, 000010.483, 168
Trd, 000010.850, 151
Trd, 000011.433, 149
Trd, 000012.383, 152
Trd, 000012.717, 152
Trd, 000013.617, 157
Trd, 000014.050, 156
Trd, 000014.733, 149
Trd, 000015.167, 159
Trd, 000015.183, 168
Trd, 000015.667, 153
Trd, 000016.317, 160
Trd, 000017.100, 171
Trd, 000017.200, 163
Trd, 000018.217, 162
Trd, 000018.383, 160
Trd, 000019.167, 160
Trd, 000019.267, 152
Trd, 000019.417, 171
Trd, 000020.100, 156
Trd, 000020.750, 158
Trd, 000021.017, 160
Trd, 000022.100, 168
Trd, 000023.167, 160
Trd, 000023.267, 160
Trd, 000024.067, 152
Trd, 000024.400, 153
Trd, 000024.517, 150
Trd, 000025.283, 146
Trd, 000026.133, 161
Trd, 000026.767, 157
Trd, 000027.317, 162
Trd, 000027.817, 166
Trd, 000028.617, 158
Trd, 000029.083, 151
Trd, 000029.100, 161
Trd, 000030.517, 161
Trd, 000031.050, 162
Trd, 000031.417, 159
Trd, 000031.850, 154
Trd, 000033.400, 158
Trd, 000034.033, 160
Trd, 000034.367, 157
Trd, 000034.767, 166
Trd, 000034.883, 157
Trd, 000035.317, 161
Trd, 000036.400, 166
Trd, 000036.650, 168
Trd, 000036.900, 164
Trd, 000037.017, 162
Trd, 000037.317, 162
Trd, 000037.800, 160
Trd, 000037.817, 153
Trd, 000037.850, 169
Trd, 000039.417, 154
Trd, 000040.267, 167
Trd, 000040.733, 162
Trd, 000040.917, 154
Trd, 000041.767, 162
Trd, 000041.900, 169
Trd, 000042.217, 152
Trd, 000042.983, 159
Trd, 000043.267, 163
Trd, 000043.883, 154
Trd, 000044.050, 155
Trd, 000045.667, 153
Trd, 000046.167, 157
Trd, 000046.250, 154
Trd, 000046.550, 158
Trd, 000047.250, 170
Trd, 000048.267, 154
Trd, 000048.833, 156
Trd, 000049.000, 163
Trd, 000049.350, 161
Trd, 000049.683, 176
Trd, 000050.433, 173
Trd, 000050.717, 157
Trd, 000051.317, 156
Trd, 000052.400, 155
Trd, 000052.600, 159
Trd, 000053.367, 159
Trd, 000054.983, 159
Trd, 000055.283, 155
Trd, 000055.450, 156
Trd, 000055.967, 159
Trd, 000056.083, 153
Trd, 000056.867, 154
Trd, 000057.383, 157
Trd, 000058.633, 156
Trd, 000059.033, 154
Trd, 000059.683, 160
Trd, 000059.933, 154
Trd, 000060.150, 160
Trd, 000061.733, 173
Trd, 000062.317, 164
Trd, 000063.333, 165
Trd, 000063.700, 164
Trd, 000063.733, 152
Trd, 000063.833, 171
Trd, 000064.200, 157
Trd, 000066.383, 158
Trd, 000066.800, 165
Trd, 000067.167, 166
Trd, 000068.000, 161
Trd, 000068.617, 160
Trd, 000069.800, 165
Trd, 000069.900, 162
Trd, 000071.033, 161
Trd, 000071.050, 160
Trd, 000071.550, 162
Trd, 000072.517, 160
Trd, 000072.750, 151
Trd, 000074.933, 159
Trd, 000074.983, 159
Trd, 000075.117, 158
Trd, 000075.300, 156
Trd, 000075.933, 159
Trd, 000076.150, 157
Trd, 000076.283, 156
Trd, 000077.400, 156
Trd, 000077.900, 159
Trd, 000078.400, 156
Trd, 000078.533, 155
Trd, 000079.800, 156
Trd, 000080.017, 156
Trd, 000080.133, 157
Trd, 000080.350, 158
Trd, 000080.483, 156
Trd, 000080.517, 173
Trd, 000082.383, 159
Trd, 000082.850, 157
Trd, 000083.050, 158
Trd, 000083.100, 159
Trd, 000083.833, 169
Trd, 000083.933, 166
Trd, 000086.217, 163
Trd, 000087.417, 173
Trd, 000087.750, 174
Trd, 000087.917, 181
Trd, 000088.067, 169
Trd, 000088.900, 187
Trd, 000088.917, 169
Trd, 000089.867, 175
Trd, 000091.417, 174
Trd, 000093.067, 173
Trd, 000093.800, 171
Trd, 000094.433, 167
Trd, 000094.583, 172
Trd, 000094.800, 167
Trd, 000095.050, 166
Trd, 000095.233, 173
Trd, 000095.300, 171
Trd, 000096.567, 161
Trd, 000096.633, 161
Trd, 000097.400, 167
Trd, 000097.500, 157
Trd, 000098.567, 160
Trd, 000098.917, 159
Trd, 000098.933, 166
Trd, 000099.083, 159
Trd, 000099.850, 165
Trd, 000099.933, 157
Trd, 000100.433, 165
Trd, 000101.767, 168
Trd, 000104.233, 178
Trd, 000104.333, 171
Trd, 000104.433, 169
Trd, 000104.867, 158
Trd, 000104.917, 154
Trd, 000105.033, 156
Trd, 000106.000, 178
Trd, 000106.600, 168
Trd, 000106.633, 166
Trd, 000107.600, 177
Trd, 000107.733, 170
Trd, 000108.350, 169
Trd, 000108.400, 182
Trd, 000108.450, 160
Trd, 000108.783, 155
Trd, 000109.783, 172
Trd, 000109.967, 161
Trd, 000110.017, 173
Trd, 000110.350, 160
Trd, 000110.600, 162
Trd, 000111.483, 182
Trd, 000112.617, 167
Trd, 000112.867, 166
Trd, 000113.283, 159
Trd, 000113.417, 159
Trd, 000113.783, 179
Trd, 000115.117, 169
Trd, 000115.683, 168
Trd, 000115.750, 169
Trd, 000116.617, 168
Trd, 000117.817, 168
Trd, 000118.167, 164
Trd, 000118.217, 162
Trd, 000118.500, 159
Trd, 000118.700, 161
Trd, 000118.833, 163
Trd, 000120.667, 161
Trd, 000120.717, 162
Trd, 000120.967, 160
Trd, 000121.567, 163
Trd, 000122.283, 162
Trd, 000122.367, 159
Trd, 000123.567, 162
Trd, 000123.717, 163
Trd, 000124.633, 164
Trd, 000124.800, 182
Trd, 000124.950, 187
Trd, 000125.267, 164
Trd, 000125.383, 161
Trd, 000125.717, 160
Trd, 000126.283, 172
Trd, 000126.383, 181
Trd, 000126.567, 157
Trd, 000126.817, 156
Trd, 000126.933, 151
Trd, 000128.683, 157
Trd, 000129.183, 177
Trd, 000129.550, 164
Trd, 000131.017, 174
Trd, 000131.383, 173
Trd, 000131.467, 171
Trd, 000132.600, 169
Trd, 000133.600, 168
Trd, 000133.633, 158
Trd, 000134.300, 164
Trd, 000135.183, 164
Trd, 000135.433, 163
Trd, 000135.533, 164
Trd, 000135.567, 161
Trd, 000135.983, 166
Trd, 000136.917, 164
Trd, 000136.967, 157
Trd, 000137.283, 165
Trd, 000139.250, 163
Trd, 000139.317, 166
Trd, 000140.233, 163
Trd, 000140.783, 162
Trd, 000141.050, 179
Trd, 000141.167, 185
Trd, 000141.650, 177
Trd, 000142.400, 183
Trd, 000142.633, 176
Trd, 000142.783, 174
Trd, 000143.317, 172
Trd, 000143.583, 185
Trd, 000143.717, 169
Trd, 000143.783, 161
Trd, 000144.583, 183
Trd, 000144.800, 181
Trd, 000147.783, 173
Trd, 000147.817, 171
Trd, 000148.500, 171
Trd, 000148.550, 168
Trd, 000149.050, 180
Trd, 000150.783, 180
Trd, 000151.217, 166
Trd, 000151.467, 164
Trd, 000151.950, 173
Trd, 000152.050, 182
Trd, 000153.667, 166
Trd, 000154.617, 173
Trd, 000154.733, 177
Trd, 000154.767, 166
Trd, 000154.833, 165
Trd, 000154.933, 179
Trd, 000155.283, 163
Trd, 000155.300, 181
Trd, 000156.683, 163
Trd, 000157.833, 162
Trd, 000158.167, 161
Trd, 000158.983, 164
Trd, 000159.433, 164
Trd, 000160.133, 164
Trd, 000160.850, 167
Trd, 000161.200, 179
Trd, 000161.467, 174
Trd, 000161.750, 168
Trd, 000162.367, 169
Trd, 000163.783, 169
Trd, 000163.900, 170
Trd, 000163.983, 168
Trd, 000164.167, 170
Trd, 000164.933, 167
Trd, 000165.283, 166
Trd, 000165.317, 169
Trd, 000165.933, 183
Trd, 000166.000, 164
Trd, 000166.167, 162
Trd, 000166.200, 161
Trd, 000167.267, 155
Trd, 000167.567, 184
Trd, 000168.350, 166
Trd, 000168.400, 189
Trd, 000168.900, 162
Trd, 000170.217, 168
Trd, 000170.633, 172
Trd, 000170.650, 163
Trd, 000172.233, 164
Trd, 000172.433, 166
Trd, 000173.483, 185
Trd, 000174.950, 175
Trd, 000175.433, 183
Trd, 000175.900, 185
Trd, 000176.133, 184
Trd, 000176.250, 184
Trd, 000176.300, 182
Trd, 000177.317, 181
Trd, 000177.350, 176
Trd, 000177.517, 185
Trd, 000177.850, 193
Trd, 000178.567, 167
Trd, 000180.667, 186
Trd, 000181.150, 184
Trd, 000181.283, 182
Trd, 000181.550, 173
Trd, 000181.833, 183
Trd, 000183.150, 169
Trd, 000183.933, 166
Trd, 000183.983, 167
Trd, 000184.867, 168
Trd, 000185.150, 166
Trd, 000185.183, 180
Trd, 000185.883, 166
Trd, 000186.950, 166
Trd, 000187.600, 168
Trd, 000187.867, 162
Trd, 000188.683, 178
Trd, 000188.950, 184
Trd, 000189.367, 177
Trd, 000191.200, 175
Trd, 000192.050, 179
Trd, 000192.150, 172
Trd, 000194.800, 171
Trd, 000195.000, 170
Trd, 000195.567, 169
Trd, 000195.633, 167
Trd, 000195.650, 170
Trd, 000195.700, 163
Trd, 000195.983, 171
Trd, 000196.700, 170
Trd, 000197.250, 169
Trd, 000197.350, 161
Trd, 000197.683, 156
Trd, 000197.717, 153
Trd, 000197.867, 171
Trd, 000198.683, 193
Trd, 000199.717, 171
Trd, 000199.967, 177
Trd, 000200.067, 189
Trd, 000200.350, 174
Trd, 000201.717, 188
Trd, 000202.400, 185
Trd, 000202.733, 186
Trd, 000202.833, 183
Trd, 000204.567, 178
Trd, 000205.167, 171
Trd, 000205.683, 180
Trd, 000206.067, 179
Trd, 000206.367, 181
Trd, 000206.633, 172
Trd, 000207.183, 185
Trd, 000208.217, 187
Trd, 000208.783, 170
Trd, 000209.883, 172
Trd, 000210.650, 169
Trd, 000211.400, 170
Trd, 000211.450, 180
Trd, 000211.683, 165
Trd, 000212.517, 187
Trd, 000212.733, 167
Trd, 000212.933, 165
Trd, 000213.000, 159
Trd, 000213.717, 174
Trd, 000214.467, 174
Trd, 000214.633, 165
Trd, 000215.033, 173
Trd, 000216.183, 169
Trd, 000216.533, 173
Trd, 000216.783, 188
Trd, 000216.833, 186
Trd, 000218.367, 189
Trd, 000220.583, 187
Trd, 000220.767, 192
Trd, 000220.833, 186
Trd, 000220.883, 185
Trd, 000220.967, 180
Trd, 000221.983, 171
Trd, 000222.150, 188
Trd, 000223.500, 190
Trd, 000223.783, 188
Trd, 000224.517, 185
Trd, 000225.000, 170
Trd, 000225.483, 180
Trd, 000225.583, 169
Trd, 000226.233, 176
Trd, 000226.633, 190
Trd, 000226.750, 183
Trd, 000227.433, 181
Trd, 000227.783, 180
Trd, 000227.850, 179
Trd, 000228.333, 181
Trd, 000228.417, 167
Trd, 000228.850, 171
Trd, 000229.417, 172
Trd, 000229.650, 180
Trd, 000229.817, 167
Trd, 000230.167, 180
Trd, 000230.833, 178
Trd, 000231.050, 179
Trd, 000233.633, 171
Trd, 000234.217, 172
Trd, 000235.733, 173
Trd, 000235.750, 173
Trd, 000235.967, 174
Trd, 000236.383, 174
Trd, 000236.433, 188
Trd, 000236.767, 173
Trd, 000237.433, 192
Trd, 000237.500, 172
Trd, 000237.717, 178
Trd, 000239.183, 191
Trd, 000239.750, 182
Trd, 000240.050, 183
Trd, 000240.117, 182
Trd, 000241.150, 180
Trd, 000241.450, 172
Trd, 000241.850, 179
Trd, 000242.350, 179
Trd, 000242.700, 177
Trd, 000242.800, 178
Trd, 000243.367, 179
Trd, 000243.767, 178
Trd, 000244.033, 176
Trd, 000244.667, 186
Trd, 000245.083, 174
Trd, 000245.333, 172
Trd, 000245.700, 168
Trd, 000245.950, 180
Trd, 000246.067, 169
Trd, 000246.283, 169
Trd, 000246.550, 172
Trd, 000247.650, 187
Trd, 000247.700, 188
Trd, 000247.817, 184
Trd, 000248.400, 187
Trd, 000248.483, 188
Trd, 000248.750, 183
Trd, 000249.000, 169
Trd, 000249.733, 173
Trd, 000249.850, 189
Trd, 000250.150, 173
Trd, 000250.383, 188
Trd, 000250.650, 174
Trd, 000251.317, 173
Trd, 000252.533, 174
Trd, 000253.267, 172
Trd, 000253.950, 174
Trd, 000254.267, 175
Trd, 000254.400, 175
Trd, 000254.700, 173
Trd, 000254.933, 176
Trd, 000255.533, 175
Trd, 000256.000, 175
Trd, 000256.233, 174
Trd, 000256.300, 178
Trd, 000256.417, 173
Trd, 000257.217, 177
Trd, 000257.383, 171
Trd, 000258.333, 173
Trd, 000259.500, 172
Trd, 000259.683, 172
Trd, 000259.900, 175
Trd, 000260.467, 179
Trd, 000261.033, 178
Trd, 000261.533, 181
Trd, 000261.950, 182
Trd, 000262.183, 183
Trd, 000262.200, 178
Trd, 000262.267, 176
Trd, 000262.350, 175
Trd, 000263.233, 186
Trd, 000263.900, 184
Trd, 000264.250, 187
Trd, 000264.317, 181
Trd, 000265.333, 181
Trd, 000265.517, 180
Trd, 000265.617, 179
Trd, 000265.950, 181
Trd, 000266.167, 174
Trd, 000266.583, 182
Trd, 000267.167, 180
Trd, 000267.550, 182
Trd, 000267.833, 175
Trd, 000268.217, 178
Trd, 000268.833, 178
Trd, 000269.250, 176
Trd, 000269.867, 175
Trd, 000271.233, 183
Trd, 000271.650, 180
Trd, 000271.967, 178
Trd, 000272.767, 185
Trd, 000273.583, 183
Trd, 000273.667, 182
Trd, 000274.133, 194
Trd, 000274.250, 195
Trd, 000275.100, 189
Trd, 000275.183, 193
Trd, 000275.617, 186
Trd, 000276.583, 187
Trd, 000277.200, 192
Trd, 000277.233, 186
Trd, 000277.250, 176
Trd, 000277.450, 175
Trd, 000278.683, 171
Trd, 000279.183, 178
Trd, 000279.317, 179
Trd, 000279.550, 165
Trd, 000279.917, 180
Trd, 000280.200, 172
Trd, 000280.450, 170
Trd, 000280.500, 170
Trd, 000281.133, 183
Trd, 000281.583, 177
Trd, 000281.883, 173
Trd, 000283.067, 174
Trd, 000283.567, 173
Trd, 000283.600, 172
Trd, 000283.700, 176
Trd, 000283.733, 176
Trd, 000283.950, 173
Trd, 000284.217, 193
Trd, 000284.300, 173
Trd, 000284.417, 172
Trd, 000284.867, 162
Trd, 000285.983, 166
Trd, 000286.233, 180
Trd, 000286.767, 169
Trd, 000286.800, 183
Trd, 000288.050, 173
Trd, 000288.650, 173
Trd, 000288.700, 174
Trd, 000288.750, 178
Trd, 000288.850, 194
Trd, 000289.150, 169
Trd, 000289.517, 184
Trd, 000289.933, 185
Trd, 000290.083, 169
Trd, 000290.167, 175
Trd, 000290.267, 166
Trd, 000291.550, 187
Trd, 000293.300, 190
Trd, 000293.617, 194
Trd, 000293.833, 191
Trd, 000295.233, 194
Trd, 000295.350, 194
Trd, 000295.567, 192
Trd, 000295.883, 192
Trd, 000295.917, 187
Trd, 000295.967, 177
Trd, 000296.133, 173
Trd, 000297.133, 188
Trd, 000297.433, 166
Trd, 000298.017, 171
Trd, 000298.233, 170
Trd, 000298.533, 175
Trd, 000299.000, 176
Trd, 000299.400, 175
Trd, 000299.633, 185
Trd, 000299.817, 174
Trd, 000299.950, 184
