Trd, 000001.533, 110
Trd, 000001.700, 120
Trd, 000002.417, 135
Trd, 000003.800, 142
Trd, 000003.850, 126
Trd, 000004.283, 148
Trd, 000004.750, 170
Trd, 000004.950, 169
Trd, 000005.800, 146
Trd, 000006.050, 144
Trd, 000006.683, 149
Trd, 000008.783, 145
Trd, 000009.200, 149
Trd, 000009.517, 149
Trd, 000009.917, 151
Trd, 000010.150, 152
Trd, 000010.400, 142
Trd, 000010.833, 144
Trd, 000010.967, 156
Trd, 000011.133, 146
Trd, 000012.033, 145
Trd, 000012.317, 149
Trd, 000012.917, 160
Trd, 000013.233, 149
Trd, 000013.950, 153
Trd, 000015.267, 172
Trd, 000015.767, 154
Trd, 000016.950, 161
Trd, 000017.417, 164
Trd, 000017.567, 164
Trd, 000018.467, 152
Trd, 000018.483, 151
Trd, 000019.783, 170
Trd, 000020.417, 162
Trd, 000021.217, 159
Trd, 000021.950, 162
Trd, 000022.350, 161
Trd, 000022.983, 160
Trd, 000023.483, 162
Trd, 000024.583, 163
Trd, 000024.750, 159
Trd, 000024.767, 179
Trd, 000025.550, 158
Trd, 000025.700, 152
Trd, 000026.283, 150
Trd, 000026.350, 143
Trd, 000027.150, 149
Trd, 000027.283, 148
Trd, 000029.650, 150
Trd, 000029.683, 151
Trd, 000030.400, 154
Trd, 000030.633, 150
Trd, 000030.667, 156
Trd, 000031.800, 158
Trd, 000032.683, 150
Trd, 000032.850, 153
Trd, 000033.400, 151
Trd, 000034.000, 150
Trd, 000035.217, 155
Trd, 000035.467, 156
Trd, 000035.483, 151
Trd, 000036.100, 158
Trd, 000036.883, 163
Trd, 000037.150, 156
Trd, 000037.200, 171
Trd, 000038.033, 152
Trd, 000038.317, 152
Trd, 000038.433, 162
Trd, 000038.450, 152
Trd, 000038.850, 152
Trd, 000041.633, 159
Trd, 000042.383, 155
Trd, 000042.583, 152
Trd, 000042.917, 138
Trd, 000043.400, 152
Trd, 000044.733, 152
Trd, 000044.967, 155
Trd, 000045.067, 149
Trd, 000045.983, 154
Trd, 000046.450, 149
Trd, 000046.567, 153
Trd, 000046.950, 157
Trd, 000047.017, 159
Trd, 000048.617, 153
Trd, 000049.400, 153
Trd, 000050.133, 160
Trd, 000050.150, 155
Trd, 000050.483, 170
Trd, 000051.233, 162
Trd, 000052.017, 155
Trd, 000052.233, 173
Trd, 000052.683, 168
Trd, 000053.000, 182
Trd, 000053.467, 171
Trd, 000054.250, 167
Trd, 000054.783, 169
Trd, 000055.067, 170
Trd, 000055.267, 167
Trd, 000055.633, 173
Trd, 000057.833, 167
Trd, 000058.317, 155
Trd, 000058.983, 154
Trd, 000060.117, 165
Trd, 000060.433, 154
Trd, 000060.883, 154
Trd, 000061.033, 147
Trd, 000061.417, 159
Trd, 000063.600, 154
Trd, 000063.867, 157
Trd, 000064.333, 154
Trd, 000064.417, 160
Trd, 000066.200, 161
Trd, 000066.750, 157
Trd, 000066.767, 155
Trd, 000067.183, 179
Trd, 000067.433, 156
Trd, 000067.950, 164
Trd, 000068.767, 161
Trd, 000068.833, 159
Trd, 000069.200, 164
Trd, 000069.233, 173
Trd, 000069.383, 156
Trd, 000069.700, 155
Trd, 000070.933, 150
Trd, 000073.450, 175
Trd, 000074.100, 159
Trd, 000074.533, 161
Trd, 000075.233, 166
Trd, 000075.600, 155
Trd, 000077.750, 166
Trd, 000078.250, 165
Trd, 000078.467, 161
Trd, 000078.750, 161
Trd, 000079.283, 167
Trd, 000079.467, 176
Trd, 000080.433, 161
Trd, 000080.633, 156
Trd, 000080.817, 156
Trd, 000082.200, 156
Trd, 000082.533, 184
Trd, 000082.767, 157
Trd, 000083.567, 160
Trd, 000084.117, 158
Trd, 000084.217, 157
Trd, 000085.250, 169
Trd, 000085.583, 169
Trd, 000085.867, 168
Trd, 000086.083, 158
Trd, 000087.667, 181
Trd, 000087.850, 157
Trd, 000088.133, 150
Trd, 000090.033, 158
Trd, 000090.083, 169
Trd, 000091.350, 158
Trd, 000092.633, 163
Trd, 000093.650, 161
Trd, 000094.483, 161
Trd, 000094.733, 163
Trd, 000095.050, 166
Trd, 000095.600, 166
Trd, 000096.433, 160
Trd, 000098.033, 167
Trd, 000098.667, 164
Trd, 000099.017, 167
Trd, 000099.567, 166
Trd, 000099.733, 179
Trd, 000100.117, 168
Trd, 000100.167, 169
Trd, 000101.267, 160
Trd, 000101.900, 158
Trd, 000102.533, 151
Trd, 000102.700, 144
Trd, 000103.233, 166
Trd, 000104.883, 157
Trd, 000105.867, 166
Trd, 000107.067, 178
Trd, 000107.717, 161
Trd, 000108.100, 166
Trd, 000108.433, 159
Trd, 000109.583, 167
Trd, 000110.617, 167
Trd, 000110.650, 166
Trd, 000111.217, 165
Trd, 000111.667, 161
Trd, 000112.333, 167
Trd, 000112.683, 165
Trd, 000112.950, 164
Trd, 000113.833, 166
Trd, 000114.067, 161
Trd, 000114.550, 166
Trd, 000115.217, 161
Trd, 000116.500, 160
Trd, 000117.100, 168
Trd, 000117.333, 152
Trd, 000117.817, 178
Trd, 000118.450, 146
Trd, 000118.517, 172
Trd, 000118.700, 174
Trd, 000118.767, 145
Trd, 000118.983, 180
Trd, 000121.167, 163
Trd, 000122.233, 162
Trd, 000122.683, 171
Trd, 000123.100, 163
Trd, 000123.317, 162
Trd, 000126.000, 174
Trd, 000126.300, 168
Trd, 000126.717, 168
Trd, 000126.917, 182
Trd, 000127.950, 171
Trd, 000128.050, 163
Trd, 000128.267, 172
Trd, 000128.833, 178
Trd, 000130.533, 190
Trd, 000130.667, 175
Trd, 000130.733, 170
Trd, 000131.100, 161
Trd, 000131.167, 152
Trd, 000131.233, 176
Trd, 000131.783, 190
Trd, 000132.100, 169
Trd, 000133.583, 171
Trd, 000134.050, 167
Trd, 000134.650, 177
Trd, 000134.883, 190
Trd, 000137.267, 184
Trd, 000138.650, 182
Trd, 000139.633, 181
Trd, 000139.750, 182
Trd, 000140.083, 163
Trd, 000140.250, 161
Trd, 000140.950, 155
Trd, 000141.300, 162
Trd, 000141.367, 184
Trd, 000141.633, 148
Trd, 000141.917, 162
Trd, 000142.283, 156
Trd, 000143.100, 184
Trd, 000143.900, 178
Trd, 000143.950, 196
Trd, 000144.400, 174
Trd, 000144.717, 174
Trd, 000145.467, 175
Trd, 000146.633, 175
Trd, 000148.400, 163
Trd, 000149.267, 169
Trd, 000150.200, 163
Trd, 000150.550, 164
Trd, 000151.267, 163
Trd, 000151.417, 156
Trd, 000151.583, 169
Trd, 000151.850, 172
Trd, 000152.267, 171
Trd, 000152.667, 161
Trd, 000153.350, 163
Trd, 000153.450, 171
Trd, 000153.550, 183
Trd, 000154.050, 163
Trd, 000154.667, 171
Trd, 000156.233, 169
Trd, 000157.500, 170
Trd, 000157.633, 170
Trd, 000158.033, 172
Trd, 000159.367, 170
Trd, 000160.017, 170
Trd, 000160.217, 169
Trd, 000161.250, 174
Trd, 000161.467, 183
Trd, 000161.700, 166
Trd, 000163.100, 177
Trd, 000163.583, 176
Trd, 000164.117, 172
Trd, 000164.167, 164
Trd, 000164.333, 142
Trd, 000167.733, 167
Trd, 000168.050, 167
Trd, 000168.517, 167
Trd, 000168.583, 174
Trd, 000169.433, 167
Trd, 000170.283, 165
Trd, 000171.200, 172
Trd, 000173.150, 172
Trd, 000173.283, 168
Trd, 000174.433, 168
Trd, 000174.900, 165
Trd, 000175.083, 164
Trd, 000175.117, 171
Trd, 000175.917, 164
Trd, 000176.183, 189
Trd, 000176.200, 192
Trd, 000177.067, 166
Trd, 000177.417, 169
Trd, 000177.700, 163
Trd, 000178.783, 168
Trd, 000179.783, 169
Trd, 000179.933, 172
Trd, 000180.050, 168
Trd, 000180.250, 176
Trd, 000181.450, 166
Trd, 000181.700, 166
Trd, 000181.817, 186
Trd, 000182.917, 190
Trd, 000183.350, 193
Trd, 000183.683, 194
Trd, 000184.350, 187
Trd, 000184.683, 166
Trd, 000186.533, 167
Trd, 000187.367, 175
Trd, 000187.800, 174
Trd, 000188.200, 168
Trd, 000190.583, 177
Trd, 000190.883, 177
Trd, 000190.950, 173
Trd, 000191.617, 182
Trd, 000191.933, 172
Trd, 000192.983, 170
Trd, 000193.733, 170
Trd, 000194.383, 169
Trd, 000194.450, 167
Trd, 000194.767, 167
Trd, 000197.083, 172
Trd, 000197.483, 178
Trd, 000197.700, 187
Trd, 000198.067, 179
Trd, 000198.233, 172
Trd, 000199.000, 171
Trd, 000199.083, 192
Trd, 000199.783, 177
Trd, 000200.167, 171
Trd, 000200.800, 172
Trd, 000201.033, 170
Trd, 000201.817, 168
Trd, 000201.983, 163
Trd, 000203.133, 165
Trd, 000204.350, 163
Trd, 000205.833, 159
Trd, 000206.083, 168
Trd, 000206.217, 159
Trd, 000207.067, 171
Trd, 000207.600, 174
Trd, 000208.450, 164
Trd, 000210.017, 172
Trd, 000210.367, 172
Trd, 000210.717, 174
Trd, 000210.933, 170
Trd, 000211.000, 176
Trd, 000211.100, 169
Trd, 000212.383, 189
Trd, 000212.750, 173
Trd, 000212.983, 175
Trd, 000214.050, 177
Trd, 000214.783, 180
Trd, 000215.367, 174
Trd, 000215.833, 174
Trd, 000216.383, 178
Trd, 000216.717, 173
Trd, 000216.900, 171
Trd, 000217.283, 169
Trd, 000217.650, 162
Trd, 000217.667, 185
Trd, 000218.333, 167
Trd, 000218.950, 170
Trd, 000220.283, 175
Trd, 000220.317, 180
Trd, 000221.783, 177
Trd, 000222.633, 182
Trd, 000223.783, 174
Trd, 000223.967, 172
Trd, 000224.133, 181
Trd, 000225.100, 181
Trd, 000225.417, 194
Trd, 000225.700, 176
Trd, 000226.217, 178
Trd, 000226.467, 198
Trd, 000227.450, 195
Trd, 000227.683, 188
Trd, 000227.833, 182
Trd, 000229.000, 186
Trd, 000229.933, 185
Trd, 000230.000, 180
Trd, 000231.500, 182
Trd, 000233.850, 172
Trd, 000234.017, 182
Trd, 000234.383, 171
Trd, 000235.150, 178
Trd, 000235.583, 174
Trd, 000235.750, 181
Trd, 000235.950, 179
Trd, 000236.600, 191
Trd, 000237.033, 176
Trd, 000237.467, 179
Trd, 000237.600, 174
Trd, 000237.617, 159
Trd, 000238.667, 186
Trd, 000240.200, 195
Trd, 000240.233, 171
Trd, 000240.583, 170
Trd, 000241.083, 165
Trd, 000241.333, 183
Trd, 000241.833, 167
Trd, 000242.217, 169
Trd, 000242.417, 172
Trd, 000242.967, 173
Trd, 000243.350, 176
Trd, 000243.717, 175
Trd, 000243.950, 178
Trd, 000244.733, 179
Trd, 000245.433, 174
Trd, 000245.967, 176
Trd, 000246.100, 179
Trd, 000246.550, 175
Trd, 000246.917, 180
Trd, 000247.100, 174
Trd, 000248.183, 173
Trd, 000248.217, 180
Trd, 000249.283, 179
Trd, 000249.900, 178
Trd, 000250.117, 178
Trd, 000250.817, 176
Trd, 000250.950, 177
Trd, 000251.017, 176
Trd, 000251.500, 174
Trd, 000251.517, 173
Trd, 000251.783, 180
Trd, 000252.383, 183
Trd, 000252.650, 172
Trd, 000252.667, 169
Trd, 000253.083, 190
Trd, 000254.750, 171
Trd, 000255.000, 173
Trd, 000255.283, 172
Trd, 000256.150, 176
Trd, 000256.267, 171
Trd, 000256.533, 171
Trd, 000256.983, 184
Trd, 000257.667, 180
Trd, 000258.117, 179
Trd, 000258.167, 188
Trd, 000258.333, 174
Trd, 000258.750, 176
Trd, 000259.583, 177
Trd, 000260.483, 178
Trd, 000260.617, 178
Trd, 000260.783, 174
Trd, 000261.583, 179
Trd, 000262.050, 180
Trd, 000262.067, 176
Trd, 000262.783, 184
Trd, 000262.900, 190
Trd, 000262.967, 173
Trd, 000263.700, 179
Trd, 000263.750, 167
Trd, 000263.917, 180
Trd, 000264.217, 184
Trd, 000264.267, 161
Trd, 000266.617, 184
Trd, 000266.717, 180
Trd, 000267.583, 182
Trd, 000268.033, 181
Trd, 000268.333, 180
Trd, 000268.433, 174
Trd, 000269.950, 179
Trd, 000270.417, 176
Trd, 000270.617, 184
Trd, 000272.183, 184
Trd, 000272.250, 183
Trd, 000272.667, 184
Trd, 000272.700, 183
Trd, 000273.567, 183
Trd, 000273.983, 185
Trd, 000274.700, 168
Trd, 000275.217, 175
Trd, 000275.567, 178
Trd, 000275.800, 183
Trd, 000276.150, 178
Trd, 000276.600, 184
Trd, 000276.750, 183
Trd, 000277.000, 184
Trd, 000277.250, 185
Trd, 000278.183, 176
Trd, 000278.250, 177
Trd, 000278.483, 176
Trd, 000278.683, 187
Trd, 000279.100, 178
Trd, 000279.467, 177
Trd, 000280.617, 185
Trd, 000280.850, 193
Trd, 000281.433, 200
Trd, 000282.367, 183
Trd, 000282.883, 178
Trd, 000283.033, 177
Trd, 000283.467, 186
Trd, 000283.867, 178
Trd, 000284.400, 178
Trd, 000284.483, 177
Trd, 000284.667, 186
Trd, 000286.000, 184
Trd, 000286.267, 184
Trd, 000286.650, 181
Trd, 000286.867, 185
Trd, 000287.500, 180
Trd, 000287.917, 179
Trd, 000288.533, 185
Trd, 000289.100, 186
Trd, 000289.250, 187
Trd, 000289.717, 184
Trd, 000290.000, 178
Trd, 000290.150, 187
Trd, 000290.167, 193
Trd, 000290.233, 177
Trd, 000290.417, 164
Trd, 000290.617, 177
Trd, 000291.083, 164
Trd, 000292.433, 176
Trd, 000292.467, 174
Trd, 000292.800, 163
Trd, 000294.817, 177
Trd, 000295.133, 182
Trd, 000295.350, 180
Trd, 000295.517, 184
Trd, 000295.717, 179
Trd, 000295.850, 178
Trd, 000295.950, 177
Trd, 000296.000, 175
Trd, 000296.017, 187
Trd, 000296.233, 194
Trd, 000296.683, 194
Trd, 000296.817, 171
Trd, 000297.067, 171
Trd, 000297.850, 185
Trd, 000298.000, 180
Trd, 000298.383, 195
Trd, 000298.417, 170
Trd, 000299.817, 188
