Trd, 000001.150, 175
Trd, 000003.700, 157
Trd, 000003.717, 155
Trd, 000003.917, 144
Trd, 000005.633, 147
Trd, 000005.650, 157
Trd, 000005.767, 145
Trd, 000005.833, 144
Trd, 000007.117, 157
Trd, 000007.450, 156
Trd, 000007.650, 157
Trd, 000008.267, 153
Trd, 000009.217, 151
Trd, 000009.283, 150
Trd, 000009.333, 159
Trd, 000010.017, 162
Trd, 000010.600, 161
Trd, 000010.717, 148
Trd, 000013.483, 159
Trd, 000014.367, 160
Trd, 000014.717, 156
Trd, 000015.133, 159
Trd, 000015.817, 155
Trd, 000015.833, 155
Trd, 000017.183, 157
Trd, 000017.217, 155
Trd, 000018.700, 157
Trd, 000019.133, 156
Trd, 000019.167, 157
Trd, 000019.817, 156
Trd, 000020.283, 158
Trd, 000020.500, 156
Trd, 000020.733, 155
Trd, 000022.350, 155
Trd, 000022.700, 156
Trd, 000022.917, 154
Trd, 000023.300, 157
Trd, 000023.750, 158
Trd, 000025.767, 156
Trd, 000026.200, 155
Trd, 000027.900, 154
Trd, 000028.617, 156
Trd, 000029.267, 155
Trd, 000029.933, 158
Trd, 000030.150, 156
Trd, 000031.683, 155
Trd, 000032.433, 153
Trd, 000032.800, 154
Trd, 000033.000, 153
Trd, 000034.283, 151
Trd, 000034.633, 150
Trd, 000034.683, 148
Trd, 000035.017, 153
Trd, 000035.283, 147
Trd, 000036.117, 153
Trd, 000036.733, 145
Trd, 000037.933, 147
Trd, 000038.583, 151
Trd, 000039.433, 155
Trd, 000039.467, 151
Trd, 000040.167, 157
Trd, 000040.683, 159
Trd, 000042.233, 161
Trd, 000042.483, 162
Trd, 000043.150, 160
Trd, 000044.933, 161
Trd, 000045.433, 159
Trd, 000045.917, 161
Trd, 000046.267, 161
Trd, 000046.883, 158
Trd, 000047.167, 160
Trd, 000047.400, 158
Trd, 000049.267, 157
Trd, 000049.817, 158
Trd, 000050.617, 157
Trd, 000051.783, 162
Trd, 000051.933, 162
Trd, 000052.150, 162
Trd, 000052.183, 161
Trd, 000053.100, 163
Trd, 000053.117, 152
Trd, 000053.517, 153
Trd, 000053.983, 157
Trd, 000054.033, 158
Trd, 000054.467, 159
Trd, 000054.717, 159
Trd, 000056.233, 159
Trd, 000056.683, 158
Trd, 000058.033, 169
Trd, 000058.950, 170
Trd, 000059.933, 172
Trd, 000060.333, 169
Trd, 000061.017, 168
Trd, 000061.450, 169
Trd, 000061.633, 168
Trd, 000061.900, 167
Trd, 000063.417, 162
Trd, 000063.950, 165
Trd, 000064.783, 162
Trd, 000065.133, 161
Trd, 000066.717, 162
Trd, 000068.117, 161
Trd, 000068.583, 161
Trd, 000068.950, 153
Trd, 000069.400, 161
Trd, 000069.850, 161
Trd, 000070.200, 158
Trd, 000070.833, 156
Trd, 000071.000, 157
Trd, 000071.400, 157
Trd, 000071.650, 152
Trd, 000071.917, 159
Trd, 000072.817, 161
Trd, 000074.050, 154
Trd, 000075.233, 155
Trd, 000075.333, 155
Trd, 000076.233, 153
Trd, 000077.267, 158
Trd, 000078.333, 161
Trd, 000078.517, 154
Trd, 000079.967, 160
Trd, 000080.467, 159
Trd, 000080.517, 161
Trd, 000081.133, 158
Trd, 000081.500, 157
Trd, 000082.300, 157
Trd, 000082.683, 155
Trd, 000082.817, 152
Trd, 000083.450, 163
Trd, 000084.333, 161
Trd, 000084.667, 161
Trd, 000084.933, 164
Trd, 000087.250, 163
Trd, 000087.683, 166
Trd, 000088.667, 165
Trd, 000088.817, 164
Trd, 000088.867, 166
Trd, 000090.567, 163
Trd, 000090.750, 163
Trd, 000090.950, 165
Trd, 000091.467, 163
Trd, 000092.533, 164
Trd, 000093.883, 163
Trd, 000094.733, 153
Trd, 000094.867, 161
Trd, 000094.967, 160
Trd, 000095.567, 163
Trd, 000096.800, 160
Trd, 000097.717, 161
Trd, 000097.967, 162
Trd, 000098.183, 164
Trd, 000098.933, 163
Trd, 000099.000, 162
Trd, 000099.650, 161
Trd, 000099.750, 160
Trd, 000099.800, 154
Trd, 000101.167, 160
Trd, 000102.317, 161
Trd, 000103.083, 158
Trd, 000103.517, 158
Trd, 000103.617, 165
Trd, 000103.900, 171
Trd, 000104.600, 160
Trd, 000104.667, 167
Trd, 000105.867, 160
Trd, 000107.117, 163
Trd, 000107.400, 162
Trd, 000108.600, 162
Trd, 000108.667, 158
Trd, 000108.933, 155
Trd, 000109.600, 164
Trd, 000110.733, 165
Trd, 000111.033, 162
Trd, 000113.467, 163
Trd, 000113.483, 160
Trd, 000113.867, 166
Trd, 000114.467, 162
Trd, 000114.733, 167
Trd, 000114.800, 166
Trd, 000115.117, 164
Trd, 000116.350, 164
Trd, 000116.933, 164
Trd, 000118.950, 163
Trd, 000119.450, 164
Trd, 000119.667, 163
Trd, 000120.383, 167
Trd, 000121.017, 164
Trd, 000121.583, 168
Trd, 000121.783, 170
Trd, 000122.717, 173
Trd, 000122.733, 172
Trd, 000122.783, 164
Trd, 000123.067, 164
Trd, 000123.500, 174
Trd, 000125.800, 170
Trd, 000125.967, 170
Trd, 000126.050, 171
Trd, 000126.750, 169
Trd, 000127.683, 172
Trd, 000127.917, 171
Trd, 000129.083, 167
Trd, 000129.383, 157
Trd, 000130.533, 168
Trd, 000131.033, 169
Trd, 000131.183, 164
Trd, 000131.217, 165
Trd, 000131.250, 169
Trd, 000132.500, 163
Trd, 000133.317, 164
Trd, 000134.000, 164
Trd, 000134.617, 167
Trd, 000134.717, 167
Trd, 000134.900, 165
Trd, 000135.167, 165
Trd, 000135.883, 164
Trd, 000136.117, 166
Trd, 000136.833, 166
Trd, 000136.950, 168
Trd, 000137.117, 164
Trd, 000138.967, 165
Trd, 000139.450, 168
Trd, 000139.933, 170
Trd, 000140.233, 168
Trd, 000141.150, 167
Trd, 000141.750, 168
Trd, 000142.267, 168
Trd, 000142.600, 166
Trd, 000142.850, 167
Trd, 000143.567, 163
Trd, 000143.667, 158
Trd, 000144.917, 163
Trd, 000146.200, 166
Trd, 000146.650, 164
Trd, 000146.850, 161
Trd, 000147.917, 169
Trd, 000148.833, 171
Trd, 000149.367, 170
Trd, 000150.533, 167
Trd, 000150.833, 166
Trd, 000150.867, 165
Trd, 000152.483, 168
Trd, 000154.233, 168
Trd, 000154.983, 167
Trd, 000155.733, 169
Trd, 000156.267, 167
Trd, 000156.550, 169
Trd, 000157.033, 167
Trd, 000157.467, 171
Trd, 000157.650, 171
Trd, 000158.083, 174
Trd, 000158.333, 175
Trd, 000158.500, 171
Trd, 000158.700, 169
Trd, 000159.100, 185
Trd, 000159.283, 176
Trd, 000159.750, 177
Trd, 000160.900, 176
Trd, 000161.717, 168
Trd, 000162.317, 171
Trd, 000163.483, 165
Trd, 000165.550, 176
Trd, 000165.733, 175
Trd, 000165.817, 176
Trd, 000167.183, 172
Trd, 000168.883, 172
Trd, 000169.217, 171
Trd, 000169.567, 172
Trd, 000169.617, 173
Trd, 000170.250, 171
Trd, 000170.783, 170
Trd, 000170.867, 172
Trd, 000170.900, 161
Trd, 000171.617, 168
Trd, 000171.733, 167
Trd, 000172.383, 173
Trd, 000172.683, 166
Trd, 000175.267, 167
Trd, 000176.483, 167
Trd, 000176.867, 168
Trd, 000176.983, 169
Trd, 000177.283, 167
Trd, 000178.050, 168
Trd, 000178.517, 168
Trd, 000178.583, 169
Trd, 000179.217, 170
Trd, 000180.283, 173
Trd, 000180.783, 173
Trd, 000182.083, 174
Trd, 000182.317, 174
Trd, 000182.767, 175
Trd, 000183.667, 174
Trd, 000184.683, 173
Trd, 000184.883, 172
Trd, 000185.367, 154
Trd, 000185.550, 171
Trd, 000186.183, 173
Trd, 000186.650, 167
Trd, 000186.667, 166
Trd, 000187.567, 164
Trd, 000187.883, 174
Trd, 000190.583, 170
Trd, 000190.767, 169
Trd, 000191.067, 170
Trd, 000191.150, 175
Trd, 000191.750, 175
Trd, 000192.067, 170
Trd, 000193.200, 169
Trd, 000193.983, 169
Trd, 000194.067, 174
Trd, 000194.867, 169
Trd, 000196.050, 167
Trd, 000196.367, 172
Trd, 000197.417, 172
Trd, 000197.683, 174
Trd, 000197.767, 169
Trd, 000198.400, 168
Trd, 000198.717, 168
Trd, 000200.567, 170
Trd, 000201.550, 168
Trd, 000201.600, 169
Trd, 000202.217, 168
Trd, 000202.633, 168
Trd, 000202.983, 169
Trd, 000204.467, 167
Trd, 000205.217, 173
Trd, 000205.500, 168
Trd, 000206.033, 175
Trd, 000206.683, 167
Trd, 000207.417, 174
Trd, 000208.533, 176
Trd, 000208.583, 169
Trd, 000210.350, 171
Trd, 000210.967, 169
Trd, 000212.033, 167
Trd, 000212.800, 170
Trd, 000212.950, 166
Trd, 000213.017, 171
Trd, 000213.050, 166
Trd, 000213.700, 173
Trd, 000215.000, 176
Trd, 000215.333, 168
Trd, 000217.217, 177
Trd, 000218.083, 176
Trd, 000218.300, 176
Trd, 000219.100, 177
Trd, 000219.150, 175
Trd, 000219.883, 179
Trd, 000220.350, 179
Trd, 000220.683, 176
Trd, 000222.200, 176
Trd, 000223.033, 177
Trd, 000223.817, 175
Trd, 000224.333, 175
Trd, 000224.633, 176
Trd, 000224.933, 177
Trd, 000225.833, 177
Trd, 000225.850, 176
Trd, 000226.267, 175
Trd, 000226.950, 176
Trd, 000227.083, 174
Trd, 000227.583, 176
Trd, 000227.983, 175
Trd, 000229.433, 176
Trd, 000229.967, 174
Trd, 000230.217, 175
Trd, 000230.833, 170
Trd, 000231.917, 171
Trd, 000232.450, 170
Trd, 000233.717, 172
Trd, 000233.900, 175
Trd, 000235.017, 178
Trd, 000235.983, 171
Trd, 000236.683, 172
Trd, 000236.867, 172
Trd, 000237.117, 171
Trd, 000238.550, 172
Trd, 000239.367, 171
Trd, 000239.433, 171
Trd, 000239.667, 173
Trd, 000240.200, 174
Trd, 000240.600, 175
Trd, 000240.933, 174
Trd, 000241.050, 172
Trd, 000241.433, 172
Trd, 000241.667, 174
Trd, 000241.800, 172
Trd, 000242.567, 171
Trd, 000242.850, 169
Trd, 000243.117, 168
Trd, 000243.283, 170
Trd, 000244.050, 168
Trd, 000244.250, 169
Trd, 000245.200, 167
Trd, 000246.050, 168
Trd, 000246.167, 170
Trd, 000246.567, 175
Trd, 000247.017, 183
Trd, 000247.467, 169
Trd, 000248.150, 173
Trd, 000248.833, 172
Trd, 000248.950, 173
Trd, 000249.533, 171
Trd, 000249.617, 170
Trd, 000250.400, 170
Trd, 000250.417, 173
Trd, 000250.667, 170
Trd, 000251.267, 170
Trd, 000251.750, 173
Trd, 000252.483, 172
Trd, 000253.383, 172
Trd, 000253.517, 171
Trd, 000254.583, 170
Trd, 000254.767, 170
Trd, 000254.983, 172
Trd, 000255.400, 170
Trd, 000255.900, 169
Trd, 000255.967, 171
Trd, 000256.117, 168
Trd, 000256.667, 170
Trd, 000257.500, 169
Trd, 000257.917, 170
Trd, 000258.100, 167
Trd, 000258.317, 170
Trd, 000258.567, 169
Trd, 000258.983, 169
Trd, 000259.050, 177
Trd, 000260.467, 180
Trd, 000260.683, 180
Trd, 000261.567, 179
Trd, 000261.667, 176
Trd, 000262.500, 176
Trd, 000262.550, 175
Trd, 000262.633, 181
Trd, 000263.150, 175
Trd, 000263.383, 172
Trd, 000264.317, 177
Trd, 000264.817, 179
Trd, 000264.983, 176
Trd, 000265.117, 178
Trd, 000265.933, 179
Trd, 000266.500, 178
Trd, 000267.417, 177
Trd, 000268.567, 177
Trd, 000269.033, 176
Trd, 000269.783, 178
Trd, 000269.933, 177
Trd, 000270.817, 176
Trd, 000270.850, 176
Trd, 000270.883, 174
Trd, 000270.933, 180
Trd, 000271.267, 180
Trd, 000271.400, 181
Trd, 000271.617, 180
Trd, 000272.200, 181
Trd, 000272.317, 182
Trd, 000272.750, 176
Trd, 000272.917, 178
Trd, 000273.517, 176
Trd, 000274.117, 177
Trd, 000274.233, 182
Trd, 000275.217, 176
Trd, 000275.417, 175
Trd, 000276.133, 177
Trd, 000276.700, 178
Trd, 000277.350, 171
Trd, 000278.200, 185
Trd, 000278.383, 190
Trd, 000278.483, 183
Trd, 000278.500, 168
Trd, 000279.400, 185
Trd, 000279.800, 185
Trd, 000280.017, 171
Trd, 000280.633, 172
Trd, 000281.383, 174
Trd, 000281.467, 173
Trd, 000281.633, 176
Trd, 000282.083, 172
Trd, 000282.917, 176
Trd, 000282.933, 177
Trd, 000283.433, 176
Trd, 000283.567, 173
Trd, 000284.183, 177
Trd, 000284.800, 184
Trd, 000285.333, 178
Trd, 000285.883, 177
Trd, 000286.117, 179
Trd, 000287.233, 175
Trd, 000287.833, 178
Trd, 000288.000, 184
Trd, 000288.517, 177
Trd, 000289.067, 185
Trd, 000289.300, 175
Trd, 000289.533, 174
Trd, 000289.750, 173
Trd, 000290.617, 184
Trd, 000291.050, 176
Trd, 000291.233, 175
Trd, 000292.233, 177
Trd, 000293.050, 176
Trd, 000293.217, 175
Trd, 000294.350, 175
Trd, 000294.867, 175
Trd, 000295.100, 174
Trd, 000295.183, 176
Trd, 000295.717, 175
Trd, 000295.833, 184
Trd, 000295.917, 173
Trd, 000296.133, 173
Trd, 000296.583, 180
Trd, 000297.083, 172
Trd, 000297.400, 181
Trd, 000297.417, 172
Trd, 000297.433, 185
Trd, 000298.267, 174
Trd, 000298.633, 173
Trd, 000299.433, 174
Trd, 000299.900, 172
