Trd, 000002.350, 151
Trd, 000002.883, 145
Trd, 000002.900, 144
Trd, 000003.667, 168
Trd, 000003.750, 179
Trd, 000004.267, 167
Trd, 000004.600, 137
Trd, 000005.617, 137
Trd, 000007.000, 162
Trd, 000007.100, 161
Trd, 000007.450, 146
Trd, 000007.750, 146
Trd, 000007.767, 152
Trd, 000008.267, 146
Trd, 000009.283, 154
Trd, 000009.633, 161
Trd, 000011.683, 152
Trd, 000011.817, 157
Trd, 000012.517, 163
Trd, 000012.567, 164
Trd, 000014.083, 156
Trd, 000015.300, 156
Trd, 000015.583, 147
Trd, 000016.183, 161
Trd, 000016.333, 161
Trd, 000016.350, 147
Trd, 000017.233, 150
Trd, 000017.567, 148
Trd, 000018.250, 148
Trd, 000018.883, 153
Trd, 000019.250, 160
Trd, 000020.033, 146
Trd, 000021.933, 151
Trd, 000022.283, 159
Trd, 000023.467, 151
Trd, 000024.583, 159
Trd, 000024.767, 153
Trd, 000024.933, 153
Trd, 000025.617, 155
Trd, 000025.683, 153
Trd, 000027.067, 150
Trd, 000027.500, 150
Trd, 000027.517, 154
Trd, 000027.783, 157
Trd, 000028.267, 158
Trd, 000028.867, 170
Trd, 000029.900, 154
Trd, 000030.383, 158
Trd, 000030.817, 154
Trd, 000032.133, 159
Trd, 000032.383, 156
Trd, 000033.433, 156
Trd, 000034.500, 159
Trd, 000034.550, 157
Trd, 000035.517, 161
Trd, 000035.883, 155
Trd, 000036.133, 171
Trd, 000036.467, 179
Trd, 000036.800, 154
Trd, 000037.267, 150
Trd, 000037.367, 169
Trd, 000037.650, 147
Trd, 000038.050, 171
Trd, 000038.900, 155
Trd, 000039.233, 165
Trd, 000040.100, 155
Trd, 000040.967, 167
Trd, 000041.083, 156
Trd, 000041.567, 167
Trd, 000041.683, 155
Trd, 000042.450, 155
Trd, 000044.350, 167
Trd, 000044.500, 167
Trd, 000044.550, 156
Trd, 000044.767, 155
Trd, 000045.100, 172
Trd, 000046.333, 157
Trd, 000046.467, 158
Trd, 000046.633, 162
Trd, 000048.233, 158
Trd, 000049.300, 156
Trd, 000051.333, 164
Trd, 000052.017, 159
Trd, 000052.050, 164
Trd, 000052.517, 157
Trd, 000053.617, 173
Trd, 000054.133, 180
Trd, 000054.400, 160
Trd, 000055.150, 169
Trd, 000056.117, 160
Trd, 000056.267, 156
Trd, 000057.300, 166
Trd, 000057.617, 163
Trd, 000058.017, 151
Trd, 000058.817, 149
Trd, 000059.317, 162
Trd, 000059.617, 164
Trd, 000059.683, 174
Trd, 000060.333, 166
Trd, 000060.617, 166
Trd, 000062.500, 165
Trd, 000062.783, 154
Trd, 000062.867, 150
Trd, 000064.167, 147
Trd, 000064.883, 148
Trd, 000065.233, 153
Trd, 000065.550, 154
Trd, 000066.333, 150
Trd, 000066.417, 149
Trd, 000067.150, 151
Trd, 000068.183, 155
Trd, 000068.933, 155
Trd, 000069.050, 158
Trd, 000070.933, 156
Trd, 000071.500, 159
Trd, 000072.867, 158
Trd, 000073.650, 158
Trd, 000073.800, 160
Trd, 000074.350, 162
Trd, 000074.900, 161
Trd, 000075.283, 175
Trd, 000075.500, 179
Trd, 000076.000, 181
Trd, 000076.817, 159
Trd, 000077.583, 169
Trd, 000078.433, 180
Trd, 000079.283, 172
Trd, 000079.733, 167
Trd, 000081.083, 170
Trd, 000081.250, 170
Trd, 000082.050, 165
Trd, 000082.367, 172
Trd, 000082.800, 164
Trd, 000085.233, 170
Trd, 000086.217, 173
Trd, 000086.333, 180
Trd, 000087.400, 165
Trd, 000087.767, 164
Trd, 000089.717, 173
Trd, 000089.883, 174
Trd, 000090.467, 174
Trd, 000090.750, 177
Trd, 000091.383, 165
Trd, 000091.400, 164
Trd, 000091.467, 174
Trd, 000091.800, 181
Trd, 000092.417, 155
Trd, 000092.767, 177
Trd, 000094.567, 166
Trd, 000094.683, 161
Trd, 000095.333, 162
Trd, 000095.600, 161
Trd, 000096.000, 158
Trd, 000096.750, 174
Trd, 000096.867, 177
Trd, 000097.133, 182
Trd, 000097.433, 158
Trd, 000097.900, 161
Trd, 000098.300, 159
Trd, 000099.217, 157
Trd, 000101.783, 162
Trd, 000101.883, 172
Trd, 000102.100, 159
Trd, 000102.683, 172
Trd, 000102.700, 157
Trd, 000104.033, 170
Trd, 000104.767, 161
Trd, 000105.600, 164
Trd, 000105.717, 178
Trd, 000106.033, 181
Trd, 000106.483, 162
Trd, 000106.783, 182
Trd, 000107.217, 174
Trd, 000108.350, 161
Trd, 000108.567, 162
Trd, 000108.767, 173
Trd, 000109.150, 186
Trd, 000110.600, 162
Trd, 000111.400, 155
Trd, 000111.933, 161
Trd, 000112.050, 179
Trd, 000114.600, 164
Trd, 000114.833, 171
Trd, 000115.367, 163
Trd, 000115.650, 162
Trd, 000116.867, 168
Trd, 000116.983, 171
Trd, 000117.100, 163
Trd, 000117.217, 179
Trd, 000117.383, 182
Trd, 000117.733, 160
Trd, 000117.883, 173
Trd, 000118.733, 190
Trd, 000121.017, 159
Trd, 000121.117, 156
Trd, 000121.300, 161
Trd, 000122.283, 166
Trd, 000123.567, 165
Trd, 000123.600, 165
Trd, 000124.000, 163
Trd, 000124.150, 180
Trd, 000125.417, 167
Trd, 000126.333, 159
Trd, 000126.700, 167
Trd, 000128.500, 168
Trd, 000129.117, 181
Trd, 000129.667, 177
Trd, 000129.800, 185
Trd, 000130.000, 166
Trd, 000130.017, 164
Trd, 000130.617, 164
Trd, 000130.833, 162
Trd, 000131.867, 169
Trd, 000132.317, 170
Trd, 000133.750, 166
Trd, 000134.517, 166
Trd, 000134.633, 164
Trd, 000134.900, 172
Trd, 000135.017, 174
Trd, 000135.633, 160
Trd, 000136.217, 160
Trd, 000136.417, 168
Trd, 000136.833, 157
Trd, 000137.333, 169
Trd, 000137.417, 174
Trd, 000137.767, 162
Trd, 000138.033, 174
Trd, 000138.300, 178
Trd, 000140.000, 182
Trd, 000140.833, 167
Trd, 000140.933, 166
Trd, 000141.667, 165
Trd, 000143.183, 182
Trd, 000143.617, 169
Trd, 000143.733, 179
Trd, 000144.133, 165
Trd, 000144.683, 165
Trd, 000145.217, 182
Trd, 000145.300, 178
Trd, 000147.533, 178
Trd, 000147.667, 166
Trd, 000148.267, 183
Trd, 000148.433, 188
Trd, 000149.117, 178
Trd, 000150.017, 171
Trd, 000150.883, 170
Trd, 000151.000, 166
Trd, 000151.200, 160
Trd, 000151.800, 159
Trd, 000152.617, 161
Trd, 000152.883, 166
Trd, 000153.067, 166
Trd, 000153.600, 157
Trd, 000154.250, 166
Trd, 000154.283, 152
Trd, 000155.900, 166
Trd, 000156.383, 166
Trd, 000157.050, 167
Trd, 000157.067, 168
Trd, 000157.700, 168
Trd, 000157.883, 183
Trd, 000158.933, 178
Trd, 000159.200, 177
Trd, 000159.217, 167
Trd, 000160.400, 173
Trd, 000160.650, 171
Trd, 000161.083, 171
Trd, 000161.200, 177
Trd, 000161.550, 175
Trd, 000161.583, 167
Trd, 000163.350, 164
Trd, 000163.783, 160
Trd, 000166.267, 166
Trd, 000166.533, 169
Trd, 000167.067, 167
Trd, 000167.383, 166
Trd, 000167.750, 168
Trd, 000167.917, 168
Trd, 000168.567, 188
Trd, 000168.650, 187
Trd, 000170.067, 176
Trd, 000170.250, 170
Trd, 000170.267, 168
Trd, 000170.450, 178
Trd, 000171.900, 167
Trd, 000172.900, 164
Trd, 000173.533, 154
Trd, 000173.717, 168
Trd, 000174.217, 165
Trd, 000175.033, 161
Trd, 000176.283, 164
Trd, 000176.367, 168
Trd, 000176.533, 185
Trd, 000176.833, 167
Trd, 000177.750, 167
Trd, 000178.067, 174
Trd, 000178.183, 167
Trd, 000178.350, 166
Trd, 000178.833, 169
Trd, 000179.767, 173
Trd, 000179.950, 165
Trd, 000182.333, 169
Trd, 000182.633, 167
Trd, 000182.700, 170
Trd, 000184.150, 167
Trd, 000185.067, 166
Trd, 000186.133, 169
Trd, 000186.733, 169
Trd, 000187.583, 181
Trd, 000187.600, 180
Trd, 000187.733, 187
Trd, 000188.417, 177
Trd, 000189.617, 189
Trd, 000190.617, 180
Trd, 000190.800, 176
Trd, 000191.750, 191
Trd, 000191.917, 174
Trd, 000192.233, 166
Trd, 000192.400, 191
Trd, 000193.533, 187
Trd, 000193.600, 163
Trd, 000194.050, 187
Trd, 000195.567, 170
Trd, 000195.850, 188
Trd, 000196.133, 170
Trd, 000196.200, 170
Trd, 000196.450, 184
Trd, 000196.600, 170
Trd, 000196.683, 191
Trd, 000198.617, 171
Trd, 000200.300, 172
Trd, 000200.417, 176
Trd, 000200.967, 172
Trd, 000202.067, 188
Trd, 000202.317, 188
Trd, 000203.283, 173
Trd, 000203.733, 172
Trd, 000204.033, 181
Trd, 000205.667, 171
Trd, 000205.733, 182
Trd, 000205.817, 186
Trd, 000206.717, 193
Trd, 000207.333, 171
Trd, 000208.883, 192
Trd, 000209.217, 189
Trd, 000209.900, 193
Trd, 000210.150, 181
Trd, 000210.600, 168
Trd, 000212.117, 176
Trd, 000214.450, 180
Trd, 000215.017, 177
Trd, 000215.100, 172
Trd, 000215.167, 185
Trd, 000215.200, 185
Trd, 000216.200, 178
Trd, 000216.917, 173
Trd, 000218.017, 177
Trd, 000218.700, 175
Trd, 000218.800, 179
Trd, 000219.233, 173
Trd, 000219.333, 180
Trd, 000220.117, 184
Trd, 000220.250, 170
Trd, 000220.283, 190
Trd, 000222.250, 180
Trd, 000222.300, 182
Trd, 000223.050, 180
Trd, 000223.667, 177
Trd, 000224.433, 181
Trd, 000225.000, 181
Trd, 000225.133, 177
Trd, 000225.350, 182
Trd, 000226.167, 174
Trd, 000227.317, 183
Trd, 000228.050, 182
Trd, 000228.817, 176
Trd, 000229.300, 176
Trd, 000229.400, 175
Trd, 000229.583, 183
Trd, 000231.533, 173
Trd, 000233.383, 181
Trd, 000233.833, 191
Trd, 000233.850, 178
Trd, 000234.117, 174
Trd, 000234.467, 190
Trd, 000235.067, 194
Trd, 000236.817, 172
Trd, 000237.733, 174
Trd, 000237.950, 175
Trd, 000238.300, 168
Trd, 000238.467, 171
Trd, 000238.817, 177
Trd, 000238.967, 161
Trd, 000239.150, 157
Trd, 000240.700, 174
Trd, 000240.883, 176
Trd, 000240.983, 196
Trd, 000241.267, 174
Trd, 000241.500, 172
Trd, 000242.233, 174
Trd, 000242.317, 180
Trd, 000243.217, 181
Trd, 000243.567, 183
Trd, 000244.300, 182
Trd, 000245.167, 180
Trd, 000245.250, 182
Trd, 000245.667, 178
Trd, 000245.817, 180
Trd, 000246.383, 176
Trd, 000246.900, 175
Trd, 000247.650, 171
Trd, 000248.383, 176
Trd, 000248.883, 177
Trd, 000249.350, 175
Trd, 000249.450, 173
Trd, 000250.600, 173
Trd, 000250.917, 174
Trd, 000251.017, 175
Trd, 000251.133, 177
Trd, 000251.383, 172
Trd, 000251.433, 171
Trd, 000251.833, 174
Trd, 000252.483, 173
Trd, 000254.317, 172
Trd, 000254.733, 178
Trd, 000255.033, 179
Trd, 000255.283, 177
Trd, 000255.317, 177
Trd, 000255.683, 176
Trd, 000255.750, 190
Trd, 000255.950, 184
Trd, 000257.517, 170
Trd, 000257.550, 177
Trd, 000258.133, 177
Trd, 000258.533, 174
Trd, 000258.617, 173
Trd, 000259.117, 178
Trd, 000259.233, 190
Trd, 000259.333, 171
Trd, 000260.450, 181
Trd, 000261.183, 180
Trd, 000261.617, 184
Trd, 000261.800, 181
Trd, 000262.483, 177
Trd, 000263.317, 182
Trd, 000263.533, 180
Trd, 000264.117, 172
Trd, 000265.000, 176
Trd, 000265.150, 177
Trd, 000265.950, 175
Trd, 000266.100, 177
Trd, 000266.250, 177
Trd, 000266.350, 177
Trd, 000267.083, 185
Trd, 000267.333, 188
Trd, 000267.483, 188
Trd, 000267.900, 173
Trd, 000268.867, 178
Trd, 000269.250, 183
Trd, 000269.483, 185
Trd, 000269.733, 177
Trd, 000270.733, 195
Trd, 000270.883, 196
Trd, 000271.450, 189
Trd, 000271.783, 193
Trd, 000272.017, 184
Trd, 000272.117, 177
Trd, 000273.500, 185
Trd, 000273.683, 181
Trd, 000273.800, 175
Trd, 000274.433, 174
Trd, 000274.883, 176
Trd, 000275.183, 174
Trd, 000275.200, 178
Trd, 000276.017, 180
Trd, 000276.467, 176
Trd, 000276.883, 183
Trd, 000277.250, 178
Trd, 000278.433, 174
Trd, 000278.533, 191
Trd, 000278.650, 172
Trd, 000278.883, 179
Trd, 000279.500, 171
Trd, 000280.300, 164
Trd, 000280.417, 165
Trd, 000280.483, 179
Trd, 000281.100, 175
Trd, 000281.350, 176
Trd, 000281.433, 180
Trd, 000282.567, 174
Trd, 000282.883, 175
Trd, 000282.933, 177
Trd, 000283.267, 177
Trd, 000283.750, 186
Trd, 000283.833, 179
Trd, 000284.450, 182
Trd, 000285.383, 181
Trd, 000285.483, 181
Trd, 000286.183, 180
Trd, 000286.350, 174
Trd, 000286.500, 166
Trd, 000286.833, 172
Trd, 000287.183, 187
Trd, 000287.533, 184
Trd, 000287.617, 183
Trd, 000288.400, 180
Trd, 000289.417, 180
Trd, 000289.450, 182
Trd, 000290.400, 182
Trd, 000290.817, 177
Trd, 000291.433, 175
Trd, 000291.550, 175
Trd, 000291.750, 183
Trd, 000291.800, 187
Trd, 000291.833, 174
Trd, 000292.550, 197
Trd, 000293.083, 182
Trd, 000293.183, 201
Trd, 000293.267, 179
Trd, 000293.450, 197
Trd, 000293.533, 204
Trd, 000294.033, 195
Trd, 000294.550, 194
Trd, 000295.000, 184
Trd, 000295.333, 167
Trd, 000295.383, 170
Trd, 000296.350, 197
Trd, 000296.517, 173
Trd, 000297.183, 198
Trd, 000297.350, 167
Trd, 000297.400, 198
Trd, 000297.800, 181
Trd, 000298.217, 167
Trd, 000298.917, 178
Trd, 000299.050, 187
Trd, 000299.200, 172
Trd, 000299.233, 188
Trd, 000299.417, 169
Trd, 000299.817, 170
