Trd, 000001.200, 175
Trd, 000001.633, 139
Trd, 000001.900, 150
Trd, 000003.217, 148
Trd, 000003.500, 125
Trd, 000003.767, 139
Trd, 000004.517, 146
Trd, 000004.600, 148
Trd, 000004.833, 126
Trd, 000005.233, 151
Trd, 000006.300, 157
Trd, 000006.533, 158
Trd, 000006.633, 143
Trd, 000007.633, 149
Trd, 000007.667, 148
Trd, 000007.800, 152
Trd, 000008.083, 151
Trd, 000009.983, 152
Trd, 000010.133, 152
Trd, 000010.200, 148
Trd, 000010.883, 152
Trd, 000011.383, 159
Trd, 000011.533, 150
Trd, 000011.633, 149
Trd, 000011.883, 149
Trd, 000012.400, 149
Trd, 000012.500, 148
Trd, 000013.533, 150
Trd, 000014.000, 149
Trd, 000014.033, 150
Trd, 000014.117, 149
Trd, 000014.333, 152
Trd, 000015.700, 169
Trd, 000016.083, 160
Trd, 000016.317, 149
Trd, 000016.417, 169
Trd, 000017.233, 154
Trd, 000018.350, 181
Trd, 000019.467, 158
Trd, 000020.000, 162
Trd, 000020.300, 160
Trd, 000021.100, 160
Trd, 000021.733, 164
Trd, 000022.067, 160
Trd, 000022.183, 157
Trd, 000022.333, 163
Trd, 000023.233, 162
Trd, 000023.600, 152
Trd, 000024.083, 150
Trd, 000024.333, 150
Trd, 000024.433, 162
Trd, 000024.667, 156
Trd, 000025.383, 149
Trd, 000025.583, 150
Trd, 000026.400, 152
Trd, 000026.500, 155
Trd, 000027.617, 152
Trd, 000027.750, 153
Trd, 000027.967, 153
Trd, 000028.600, 156
Trd, 000029.000, 159
Trd, 000029.100, 158
Trd, 000030.133, 157
Trd, 000030.867, 156
Trd, 000031.200, 158
Trd, 000031.350, 151
Trd, 000032.683, 154
Trd, 000032.800, 155
Trd, 000032.900, 147
Trd, 000032.950, 144
Trd, 000033.317, 158
Trd, 000034.433, 148
Trd, 000034.850, 158
Trd, 000035.400, 152
Trd, 000035.717, 153
Trd, 000036.667, 155
Trd, 000036.883, 165
Trd, 000037.817, 153
Trd, 000038.450, 162
Trd, 000038.500, 155
Trd, 000040.133, 163
Trd, 000040.767, 156
Trd, 000041.150, 159
Trd, 000041.217, 155
Trd, 000042.133, 161
Trd, 000042.383, 162
Trd, 000042.950, 160
Trd, 000043.050, 154
Trd, 000043.583, 162
Trd, 000043.767, 163
Trd, 000044.067, 169
Trd, 000044.100, 156
Trd, 000044.350, 155
Trd, 000044.567, 172
Trd, 000046.083, 165
Trd, 000046.133, 165
Trd, 000046.467, 160
Trd, 000046.617, 158
Trd, 000046.700, 166
Trd, 000047.150, 165
Trd, 000048.150, 157
Trd, 000048.583, 155
Trd, 000049.250, 153
Trd, 000049.467, 153
Trd, 000049.533, 152
Trd, 000049.567, 146
Trd, 000049.833, 135
Trd, 000050.900, 158
Trd, 000051.467, 157
Trd, 000052.083, 157
Trd, 000052.483, 156
Trd, 000053.950, 156
Trd, 000054.283, 155
Trd, 000054.417, 157
Trd, 000055.133, 154
Trd, 000055.267, 157
Trd, 000055.883, 156
Trd, 000056.150, 154
Trd, 000056.267, 153
Trd, 000056.350, 157
Trd, 000056.800, 163
Trd, 000057.500, 154
Trd, 000058.050, 154
Trd, 000058.150, 153
Trd, 000058.817, 154
Trd, 000059.067, 155
Trd, 000059.583, 156
Trd, 000060.683, 170
Trd, 000061.200, 155
Trd, 000061.850, 154
Trd, 000062.183, 154
Trd, 000062.350, 153
Trd, 000062.383, 159
Trd, 000062.400, 152
Trd, 000062.667, 160
Trd, 000063.083, 156
Trd, 000063.533, 153
Trd, 000064.633, 155
Trd, 000064.933, 156
Trd, 000064.950, 154
Trd, 000065.850, 155
Trd, 000066.850, 154
Trd, 000066.917, 157
Trd, 000067.667, 155
Trd, 000068.667, 157
Trd, 000069.167, 171
Trd, 000069.783, 155
Trd, 000070.950, 155
Trd, 000071.083, 162
Trd, 000071.633, 168
Trd, 000071.650, 166
Trd, 000071.717, 172
Trd, 000072.583, 166
Trd, 000072.833, 165
Trd, 000073.200, 164
Trd, 000073.917, 163
Trd, 000074.033, 164
Trd, 000074.083, 165
Trd, 000075.967, 164
Trd, 000076.583, 163
Trd, 000076.750, 162
Trd, 000077.517, 158
Trd, 000078.517, 155
Trd, 000078.533, 164
Trd, 000078.567, 148
Trd, 000079.500, 159
Trd, 000079.550, 155
Trd, 000079.717, 163
Trd, 000079.750, 173
Trd, 000079.833, 157
Trd, 000080.017, 156
Trd, 000080.050, 176
Trd, 000080.533, 165
Trd, 000082.617, 176
Trd, 000083.000, 181
Trd, 000083.033, 163
Trd, 000083.783, 176
Trd, 000083.867, 165
Trd, 000083.967, 166
Trd, 000085.217, 166
Trd, 000085.550, 165
Trd, 000086.400, 166
Trd, 000086.767, 163
Trd, 000087.250, 156
Trd, 000087.333, 167
Trd, 000087.467, 156
Trd, 000087.817, 158
Trd, 000088.367, 161
Trd, 000088.683, 161
Trd, 000088.850, 160
Trd, 000088.883, 157
Trd, 000090.617, 161
Trd, 000090.783, 162
Trd, 000091.200, 158
Trd, 000091.350, 158
Trd, 000091.800, 158
Trd, 000092.733, 164
Trd, 000092.833, 159
Trd, 000092.867, 168
Trd, 000093.017, 174
Trd, 000093.250, 160
Trd, 000093.950, 159
Trd, 000094.283, 162
Trd, 000095.200, 160
Trd, 000095.333, 158
Trd, 000095.917, 162
Trd, 000098.550, 162
Trd, 000098.917, 162
Trd, 000099.083, 161
Trd, 000099.483, 159
Trd, 000099.667, 159
Trd, 000100.067, 158
Trd, 000100.483, 162
Trd, 000100.683, 162
Trd, 000101.800, 165
Trd, 000102.583, 165
Trd, 000102.933, 160
Trd, 000103.033, 168
Trd, 000103.333, 164
Trd, 000104.100, 165
Trd, 000105.050, 161
Trd, 000105.083, 161
Trd, 000105.300, 165
Trd, 000106.050, 161
Trd, 000106.567, 174
Trd, 000107.650, 167
Trd, 000108.033, 164
Trd, 000108.350, 164
Trd, 000108.817, 163
Trd, 000109.333, 166
Trd, 000109.517, 163
Trd, 000109.533, 162
Trd, 000110.100, 167
Trd, 000110.400, 166
Trd, 000110.433, 167
Trd, 000110.600, 160
Trd, 000110.883, 159
Trd, 000111.967, 163
Trd, 000111.983, 162
Trd, 000112.000, 169
Trd, 000112.317, 161
Trd, 000112.600, 152
Trd, 000113.650, 162
Trd, 000113.917, 142
Trd, 000114.167, 152
Trd, 000115.200, 161
Trd, 000115.350, 161
Trd, 000115.367, 161
Trd, 000115.400, 163
Trd, 000117.167, 164
Trd, 000117.267, 160
Trd, 000117.350, 161
Trd, 000118.217, 160
Trd, 000118.800, 162
Trd, 000119.083, 163
Trd, 000119.100, 164
Trd, 000119.133, 170
Trd, 000119.383, 173
Trd, 000119.567, 177
Trd, 000119.933, 163
Trd, 000121.217, 174
Trd, 000122.600, 171
Trd, 000122.900, 168
Trd, 000123.300, 167
Trd, 000124.000, 168
Trd, 000124.033, 167
Trd, 000124.250, 167
Trd, 000125.133, 169
Trd, 000126.133, 167
Trd, 000126.400, 167
Trd, 000126.417, 168
Trd, 000126.733, 166
Trd, 000127.100, 165
Trd, 000127.300, 160
Trd, 000127.800, 153
Trd, 000128.067, 168
Trd, 000128.233, 160
Trd, 000128.567, 169
Trd, 000128.667, 143
Trd, 000129.133, 170
Trd, 000129.850, 166
Trd, 000130.133, 165
Trd, 000131.233, 166
Trd, 000131.367, 171
Trd, 000132.317, 165
Trd, 000132.683, 171
Trd, 000133.017, 164
Trd, 000133.267, 163
Trd, 000133.300, 171
Trd, 000133.900, 162
Trd, 000135.000, 168
Trd, 000135.133, 169
Trd, 000136.300, 167
Trd, 000136.683, 168
Trd, 000136.983, 168
Trd, 000137.583, 166
Trd, 000137.700, 164
Trd, 000137.733, 167
Trd, 000138.117, 164
Trd, 000139.617, 164
Trd, 000139.750, 165
Trd, 000140.100, 167
Trd, 000140.233, 164
Trd, 000140.933, 164
Trd, 000141.150, 164
Trd, 000141.717, 163
Trd, 000143.083, 163
Trd, 000143.517, 163
Trd, 000144.183, 165
Trd, 000144.233, 163
Trd, 000144.517, 164
Trd, 000145.050, 163
Trd, 000145.400, 165
Trd, 000145.450, 171
Trd, 000145.583, 165
Trd, 000145.700, 172
Trd, 000146.000, 179
Trd, 000146.033, 162
Trd, 000147.117, 173
Trd, 000147.483, 161
Trd, 000147.600, 172
Trd, 000148.450, 161
Trd, 000148.700, 166
Trd, 000148.933, 170
Trd, 000149.067, 160
Trd, 000149.800, 172
Trd, 000151.933, 167
Trd, 000151.950, 170
Trd, 000152.267, 166
Trd, 000153.350, 168
Trd, 000153.983, 166
Trd, 000154.233, 169
Trd, 000154.450, 171
Trd, 000155.067, 166
Trd, 000155.200, 165
Trd, 000155.383, 171
Trd, 000155.900, 168
Trd, 000156.017, 170
Trd, 000156.433, 165
Trd, 000157.033, 165
Trd, 000157.800, 164
Trd, 000158.467, 165
Trd, 000159.000, 168
Trd, 000159.017, 169
Trd, 000159.950, 164
Trd, 000160.667, 168
Trd, 000160.767, 166
Trd, 000161.200, 170
Trd, 000161.750, 174
Trd, 000162.850, 166
Trd, 000163.017, 166
Trd, 000163.667, 165
Trd, 000163.983, 166
Trd, 000164.683, 169
Trd, 000164.733, 168
Trd, 000165.350, 168
Trd, 000165.833, 167
Trd, 000166.700, 169
Trd, 000167.333, 168
Trd, 000167.633, 171
Trd, 000167.683, 174
Trd, 000167.850, 181
Trd, 000168.800, 168
Trd, 000169.467, 174
Trd, 000169.900, 172
Trd, 000169.950, 175
Trd, 000170.083, 170
Trd, 000170.167, 170
Trd, 000170.233, 168
Trd, 000171.617, 168
Trd, 000172.217, 167
Trd, 000172.683, 169
Trd, 000172.800, 167
Trd, 000172.950, 174
Trd, 000173.083, 175
Trd, 000173.367, 167
Trd, 000173.383, 182
Trd, 000175.233, 170
Trd, 000175.300, 169
Trd, 000175.550, 168
Trd, 000175.633, 167
Trd, 000176.133, 165
Trd, 000176.333, 169
Trd, 000176.633, 165
Trd, 000176.983, 168
Trd, 000177.433, 169
Trd, 000177.717, 173
Trd, 000177.850, 168
Trd, 000178.567, 169
Trd, 000179.083, 166
Trd, 000179.217, 170
Trd, 000179.967, 180
Trd, 000180.850, 169
Trd, 000181.133, 168
Trd, 000181.967, 171
Trd, 000182.383, 168
Trd, 000182.633, 168
Trd, 000183.633, 167
Trd, 000184.167, 167
Trd, 000184.183, 171
Trd, 000184.267, 166
Trd, 000185.000, 168
Trd, 000185.983, 169
Trd, 000186.200, 169
Trd, 000186.350, 167
Trd, 000186.467, 167
Trd, 000186.950, 168
Trd, 000187.567, 177
Trd, 000188.300, 184
Trd, 000188.367, 205
Trd, 000189.617, 175
Trd, 000191.217, 181
Trd, 000191.250, 178
Trd, 000192.367, 177
Trd, 000192.400, 179
Trd, 000192.617, 174
Trd, 000192.683, 174
Trd, 000192.700, 179
Trd, 000192.850, 169
Trd, 000192.867, 167
Trd, 000193.483, 170
Trd, 000193.617, 160
Trd, 000193.983, 143
Trd, 000194.617, 171
Trd, 000194.800, 170
Trd, 000195.850, 170
Trd, 000196.100, 166
Trd, 000196.700, 169
Trd, 000196.800, 169
Trd, 000197.050, 170
Trd, 000197.450, 168
Trd, 000197.700, 168
Trd, 000198.467, 170
Trd, 000199.050, 169
Trd, 000199.483, 170
Trd, 000199.933, 171
Trd, 000200.133, 169
Trd, 000200.583, 170
Trd, 000201.817, 169
Trd, 000201.967, 170
Trd, 000202.333, 168
Trd, 000202.767, 169
Trd, 000203.083, 171
Trd, 000203.350, 171
Trd, 000204.433, 169
Trd, 000204.517, 170
Trd, 000204.567, 168
Trd, 000204.867, 172
Trd, 000206.050, 169
Trd, 000206.117, 172
Trd, 000206.783, 169
Trd, 000207.133, 169
Trd, 000207.533, 173
Trd, 000207.550, 174
Trd, 000208.317, 174
Trd, 000208.683, 172
Trd, 000208.733, 175
Trd, 000209.900, 174
Trd, 000210.533, 173
Trd, 000211.283, 182
Trd, 000211.517, 179
Trd, 000211.833, 185
Trd, 000212.600, 176
Trd, 000213.100, 176
Trd, 000213.633, 177
Trd, 000213.917, 177
Trd, 000214.033, 179
Trd, 000214.200, 175
Trd, 000214.317, 171
Trd, 000214.650, 179
Trd, 000214.683, 179
Trd, 000214.917, 180
Trd, 000217.900, 178
Trd, 000218.067, 177
Trd, 000218.383, 180
Trd, 000218.617, 180
Trd, 000218.683, 179
Trd, 000219.083, 178
Trd, 000219.633, 177
Trd, 000220.017, 178
Trd, 000220.833, 180
Trd, 000221.133, 180
Trd, 000221.333, 177
Trd, 000221.633, 176
Trd, 000222.183, 180
Trd, 000223.083, 178
Trd, 000223.217, 178
Trd, 000223.500, 178
Trd, 000223.767, 187
Trd, 000224.467, 176
Trd, 000225.117, 175
Trd, 000225.483, 176
Trd, 000225.617, 178
Trd, 000226.200, 179
Trd, 000227.117, 178
Trd, 000227.667, 164
Trd, 000227.783, 179
Trd, 000228.183, 180
Trd, 000228.700, 169
Trd, 000229.033, 166
Trd, 000229.100, 174
Trd, 000229.350, 172
Trd, 000229.717, 164
Trd, 000229.917, 177
Trd, 000230.433, 178
Trd, 000231.200, 178
Trd, 000231.683, 175
Trd, 000231.767, 173
Trd, 000232.850, 156
Trd, 000232.900, 171
Trd, 000233.033, 175
Trd, 000233.550, 173
Trd, 000234.633, 169
Trd, 000234.733, 173
Trd, 000236.117, 178
Trd, 000236.483, 179
Trd, 000236.567, 174
Trd, 000236.833, 180
Trd, 000237.033, 181
Trd, 000238.250, 188
Trd, 000238.717, 179
Trd, 000239.050, 179
Trd, 000239.983, 179
Trd, 000240.233, 184
Trd, 000240.767, 180
Trd, 000240.883, 179
Trd, 000241.450, 178
Trd, 000242.483, 178
Trd, 000242.650, 179
Trd, 000243.000, 177
Trd, 000243.383, 179
Trd, 000243.833, 180
Trd, 000244.083, 179
Trd, 000244.283, 178
Trd, 000244.400, 180
Trd, 000244.417, 176
Trd, 000245.000, 174
Trd, 000245.200, 172
Trd, 000245.417, 175
Trd, 000246.317, 179
Trd, 000246.517, 175
Trd, 000247.700, 177
Trd, 000248.150, 170
Trd, 000248.233, 180
Trd, 000248.700, 189
Trd, 000249.133, 181
Trd, 000249.533, 180
Trd, 000250.450, 180
Trd, 000250.750, 179
Trd, 000251.550, 178
Trd, 000251.667, 175
Trd, 000251.850, 174
Trd, 000252.000, 176
Trd, 000252.383, 174
Trd, 000252.467, 175
Trd, 000252.633, 176
Trd, 000252.750, 174
Trd, 000253.867, 178
Trd, 000254.683, 174
Trd, 000254.883, 179
Trd, 000255.167, 179
Trd, 000256.367, 173
Trd, 000256.550, 173
Trd, 000257.167, 173
Trd, 000257.217, 177
Trd, 000257.550, 177
Trd, 000258.267, 174
Trd, 000258.300, 174
Trd, 000259.200, 178
Trd, 000259.883, 179
Trd, 000260.200, 175
Trd, 000260.450, 181
Trd, 000260.783, 175
Trd, 000260.900, 180
Trd, 000261.000, 181
Trd, 000262.000, 175
Trd, 000262.517, 176
Trd, 000262.867, 176
Trd, 000262.883, 175
Trd, 000263.033, 177
Trd, 000263.467, 174
Trd, 000263.600, 174
Trd, 000263.883, 170
Trd, 000264.033, 177
Trd, 000265.683, 173
Trd, 000265.967, 175
Trd, 000266.517, 172
Trd, 000266.733, 175
Trd, 000267.167, 176
Trd, 000267.217, 173
Trd, 000267.800, 177
Trd, 000268.000, 173
Trd, 000268.200, 173
Trd, 000268.700, 176
Trd, 000268.950, 173
Trd, 000269.383, 172
Trd, 000269.817, 171
Trd, 000269.850, 171
Trd, 000269.983, 173
Trd, 000270.133, 175
Trd, 000271.033, 171
Trd, 000271.950, 174
Trd, 000272.567, 174
Trd, 000272.650, 171
Trd, 000272.967, 175
Trd, 000273.500, 169
Trd, 000273.617, 176
Trd, 000273.633, 177
Trd, 000273.983, 170
Trd, 000274.583, 171
Trd, 000274.650, 170
Trd, 000274.983, 177
Trd, 000275.583, 179
Trd, 000276.533, 179
Trd, 000277.567, 176
Trd, 000277.883, 175
Trd, 000278.950, 177
Trd, 000279.017, 177
Trd, 000279.467, 176
Trd, 000280.300, 174
Trd, 000280.750, 175
Trd, 000280.967, 177
Trd, 000281.183, 174
Trd, 000282.683, 177
Trd, 000283.000, 176
Trd, 000283.533, 177
Trd, 000283.733, 176
Trd, 000285.200, 175
Trd, 000285.717, 179
Trd, 000285.767, 179
Trd, 000285.950, 180
Trd, 000286.417, 177
Trd, 000286.567, 178
Trd, 000286.900, 177
Trd, 000287.200, 180
Trd, 000288.183, 177
Trd, 000288.967, 177
Trd, 000289.200, 180
Trd, 000289.883, 176
Trd, 000290.117, 179
Trd, 000290.333, 180
Trd, 000290.533, 179
Trd, 000291.350, 180
Trd, 000291.667, 181
Trd, 000292.050, 180
Trd, 000292.917, 181
Trd, 000293.700, 180
Trd, 000293.933, 180
Trd, 000293.983, 184
Trd, 000294.567, 179
Trd, 000294.717, 185
Trd, 000295.083, 179
Trd, 000295.467, 177
Trd, 000296.133, 186
Trd, 000296.333, 178
Trd, 000296.383, 187
Trd, 000296.633, 177
Trd, 000297.633, 173
Trd, 000297.967, 175
Trd, 000298.283, 175
Trd, 000298.750, 176
Trd, 000298.933, 176
Trd, 000299.317, 175
Trd, 000299.617, 175
Trd, 000299.700, 181
Trd, 000299.717, 183
