Trd, 000002.283, 131
Trd, 000002.417, 127
Trd, 000003.233, 146
Trd, 000004.150, 135
Trd, 000004.500, 143
Trd, 000005.483, 136
Trd, 000006.550, 141
Trd, 000007.567, 139
Trd, 000007.583, 141
Trd, 000007.867, 144
Trd, 000008.000, 141
Trd, 000009.017, 143
Trd, 000009.067, 146
Trd, 000009.950, 142
Trd, 000010.950, 146
Trd, 000011.533, 147
Trd, 000011.817, 148
Trd, 000012.083, 152
Trd, 000012.133, 143
Trd, 000013.800, 138
Trd, 000013.900, 133
Trd, 000013.950, 138
Trd, 000014.683, 142
Trd, 000014.800, 143
Trd, 000015.750, 144
Trd, 000017.333, 143
Trd, 000017.367, 142
Trd, 000017.800, 141
Trd, 000018.750, 141
Trd, 000018.767, 141
Trd, 000019.967, 144
Trd, 000020.450, 141
Trd, 000022.600, 139
Trd, 000023.367, 139
Trd, 000025.017, 142
Trd, 000025.717, 140
Trd, 000026.200, 142
Trd, 000027.267, 139
Trd, 000027.500, 141
Trd, 000027.833, 142
Trd, 000028.467, 143
Trd, 000029.083, 139
Trd, 000029.350, 144
Trd, 000029.767, 153
Trd, 000030.300, 154
Trd, 000032.000, 148
Trd, 000032.483, 145
Trd, 000032.600, 152
Trd, 000033.483, 149
Trd, 000033.983, 149
Trd, 000035.100, 148
Trd, 000035.200, 147
Trd, 000035.767, 146
Trd, 000036.433, 143
Trd, 000037.450, 144
Trd, 000037.933, 145
Trd, 000038.833, 151
Trd, 000039.600, 150
Trd, 000039.700, 152
Trd, 000040.167, 152
Trd, 000040.517, 153
Trd, 000040.833, 151
Trd, 000041.567, 148
Trd, 000042.100, 152
Trd, 000043.000, 151
Trd, 000043.300, 150
Trd, 000044.150, 151
Trd, 000044.367, 148
Trd, 000045.700, 154
Trd, 000046.633, 149
Trd, 000047.133, 148
Trd, 000047.683, 133
Trd, 000047.717, 152
Trd, 000048.633, 147
Trd, 000049.433, 145
Trd, 000050.000, 144
Trd, 000051.050, 143
Trd, 000051.817, 146
Trd, 000051.933, 143
Trd, 000052.150, 142
Trd, 000053.967, 149
Trd, 000054.183, 156
Trd, 000055.483, 144
Trd, 000057.400, 154
Trd, 000059.433, 151
Trd, 000059.517, 150
Trd, 000060.333, 149
Trd, 000060.550, 149
Trd, 000060.950, 152
Trd, 000061.600, 153
Trd, 000061.950, 151
Trd, 000062.000, 152
Trd, 000062.200, 150
Trd, 000063.050, 151
Trd, 000063.433, 149
Trd, 000065.883, 149
Trd, 000066.717, 150
Trd, 000066.800, 149
Trd, 000067.383, 143
Trd, 000068.233, 147
Trd, 000068.300, 148
Trd, 000068.867, 148
Trd, 000070.000, 142
Trd, 000071.783, 145
Trd, 000071.967, 148
Trd, 000072.200, 149
Trd, 000073.117, 148
Trd, 000073.750, 148
Trd, 000075.100, 148
Trd, 000075.900, 146
Trd, 000076.600, 148
Trd, 000076.767, 147
Trd, 000076.967, 145
Trd, 000077.550, 148
Trd, 000078.450, 146
Trd, 000079.100, 142
Trd, 000079.883, 149
Trd, 000080.800, 146
Trd, 000080.950, 147
Trd, 000081.983, 147
Trd, 000082.350, 146
Trd, 000082.850, 145
Trd, 000083.517, 149
Trd, 000085.783, 155
Trd, 000085.917, 148
Trd, 000087.133, 150
Trd, 000089.400, 146
Trd, 000089.583, 141
Trd, 000089.883, 146
Trd, 000090.067, 145
Trd, 000091.067, 145
Trd, 000091.833, 145
Trd, 000092.217, 143
Trd, 000092.967, 150
Trd, 000093.617, 151
Trd, 000095.000, 142
Trd, 000095.250, 142
Trd, 000095.683, 150
Trd, 000096.733, 151
Trd, 000096.850, 147
Trd, 000097.117, 151
Trd, 000098.383, 153
Trd, 000098.967, 153
Trd, 000099.283, 152
Trd, 000099.617, 154
Trd, 000100.250, 152
Trd, 000101.567, 156
Trd, 000102.333, 159
Trd, 000102.600, 155
Trd, 000102.833, 154
Trd, 000104.167, 156
Trd, 000104.417, 158
Trd, 000105.050, 156
Trd, 000106.883, 158
Trd, 000107.067, 159
Trd, 000107.650, 161
Trd, 000107.833, 160
Trd, 000108.900, 159
Trd, 000109.950, 161
Trd, 000110.633, 159
Trd, 000112.200, 160
Trd, 000112.617, 160
Trd, 000112.967, 159
Trd, 000113.333, 162
Trd, 000113.733, 163
Trd, 000114.817, 160
Trd, 000116.100, 163
Trd, 000116.250, 163
Trd, 000116.567, 162
Trd, 000116.717, 163
Trd, 000116.733, 166
Trd, 000117.217, 162
Trd, 000117.433, 146
Trd, 000119.550, 159
Trd, 000120.133, 159
Trd, 000120.400, 158
Trd, 000120.883, 158
Trd, 000120.983, 157
Trd, 000121.933, 159
Trd, 000122.250, 158
Trd, 000123.033, 160
Trd, 000123.433, 157
Trd, 000124.017, 143
Trd, 000125.217, 145
Trd, 000125.817, 143
Trd, 000126.250, 146
Trd, 000126.283, 156
Trd, 000127.200, 148
Trd, 000128.200, 148
Trd, 000129.050, 161
Trd, 000130.850, 149
Trd, 000132.067, 157
Trd, 000132.167, 156
Trd, 000132.433, 154
Trd, 000132.750, 155
Trd, 000133.950, 157
Trd, 000134.500, 157
Trd, 000134.533, 155
Trd, 000135.117, 154
Trd, 000135.717, 153
Trd, 000136.017, 155
Trd, 000137.333, 159
Trd, 000137.717, 161
Trd, 000138.633, 162
Trd, 000139.383, 163
Trd, 000141.133, 164
Trd, 000141.433, 165
Trd, 000141.483, 164
Trd, 000141.817, 165
Trd, 000142.967, 161
Trd, 000143.300, 163
Trd, 000143.600, 164
Trd, 000144.083, 167
Trd, 000145.983, 166
Trd, 000146.200, 167
Trd, 000146.467, 167
Trd, 000146.617, 164
Trd, 000146.883, 168
Trd, 000148.883, 165
Trd, 000149.917, 165
Trd, 000150.033, 166
Trd, 000150.250, 164
Trd, 000151.283, 165
Trd, 000151.600, 164
Trd, 000151.800, 163
Trd, 000152.017, 161
Trd, 000152.200, 163
Trd, 000153.333, 161
Trd, 000153.467, 160
Trd, 000153.900, 165
Trd, 000155.267, 161
Trd, 000155.917, 165
Trd, 000156.083, 154
Trd, 000157.333, 162
Trd, 000157.833, 161
Trd, 000158.567, 160
Trd, 000158.617, 159
Trd, 000159.117, 160
Trd, 000159.583, 156
Trd, 000159.667, 161
Trd, 000160.117, 147
Trd, 000160.917, 163
Trd, 000162.350, 159
Trd, 000162.417, 165
Trd, 000163.033, 168
Trd, 000164.250, 160
Trd, 000165.400, 164
Trd, 000165.617, 165
Trd, 000165.733, 164
Trd, 000165.983, 163
Trd, 000166.467, 166
Trd, 000167.117, 162
Trd, 000168.300, 161
Trd, 000169.700, 163
Trd, 000169.750, 165
Trd, 000170.633, 164
Trd, 000171.300, 164
Trd, 000171.883, 161
Trd, 000172.850, 161
Trd, 000173.167, 158
Trd, 000174.067, 150
Trd, 000174.917, 157
Trd, 000176.467, 157
Trd, 000176.550, 158
Trd, 000176.600, 159
Trd, 000176.867, 155
Trd, 000178.317, 159
Trd, 000178.967, 160
Trd, 000180.183, 159
Trd, 000180.267, 158
Trd, 000180.550, 156
Trd, 000182.400, 156
Trd, 000183.617, 153
Trd, 000183.800, 152
Trd, 000184.133, 154
Trd, 000184.867, 151
Trd, 000185.783, 151
Trd, 000186.017, 152
Trd, 000186.083, 153
Trd, 000186.250, 160
Trd, 000187.867, 152
Trd, 000189.383, 156
Trd, 000189.683, 155
Trd, 000190.283, 157
Trd, 000190.550, 153
Trd, 000190.833, 160
Trd, 000193.767, 155
Trd, 000195.167, 156
Trd, 000195.333, 155
Trd, 000195.633, 155
Trd, 000196.600, 151
Trd, 000197.533, 154
Trd, 000198.867, 156
Trd, 000199.033, 155
Trd, 000199.150, 156
Trd, 000199.683, 157
Trd, 000199.767, 170
Trd, 000200.917, 159
Trd, 000202.467, 161
Trd, 000202.967, 161
Trd, 000203.900, 161
Trd, 000204.367, 160
Trd, 000204.767, 161
Trd, 000205.817, 162
Trd, 000205.967, 160
Trd, 000206.400, 163
Trd, 000207.300, 161
Trd, 000208.533, 161
Trd, 000208.700, 163
Trd, 000209.983, 161
Trd, 000210.850, 162
Trd, 000211.633, 162
Trd, 000211.900, 164
Trd, 000212.117, 160
Trd, 000212.850, 163
Trd, 000213.333, 160
Trd, 000213.383, 158
Trd, 000215.067, 162
Trd, 000216.350, 164
Trd, 000218.517, 163
Trd, 000218.633, 162
Trd, 000219.250, 161
Trd, 000219.467, 162
Trd, 000220.250, 160
Trd, 000220.833, 159
Trd, 000221.033, 164
Trd, 000221.733, 156
Trd, 000222.050, 154
Trd, 000222.917, 154
Trd, 000225.200, 159
Trd, 000225.950, 160
Trd, 000226.267, 160
Trd, 000226.767, 161
Trd, 000227.167, 163
Trd, 000227.250, 166
Trd, 000227.483, 166
Trd, 000228.983, 169
Trd, 000229.050, 163
Trd, 000230.517, 166
Trd, 000232.083, 166
Trd, 000232.233, 165
Trd, 000233.200, 166
Trd, 000233.300, 167
Trd, 000234.400, 169
Trd, 000234.517, 171
Trd, 000236.167, 171
Trd, 000236.583, 170
Trd, 000237.217, 171
Trd, 000237.283, 171
Trd, 000239.567, 173
Trd, 000240.267, 172
Trd, 000240.583, 173
Trd, 000240.600, 174
Trd, 000240.867, 175
Trd, 000240.933, 171
Trd, 000241.750, 174
Trd, 000242.150, 171
Trd, 000242.967, 173
Trd, 000243.117, 175
Trd, 000243.650, 177
Trd, 000243.833, 176
Trd, 000244.050, 177
Trd, 000244.183, 169
Trd, 000244.317, 179
Trd, 000244.483, 171
Trd, 000244.700, 170
Trd, 000245.417, 167
Trd, 000246.050, 167
Trd, 000246.800, 169
Trd, 000246.983, 169
Trd, 000247.083, 155
Trd, 000247.833, 165
Trd, 000248.433, 166
Trd, 000249.300, 166
Trd, 000249.783, 166
Trd, 000250.083, 165
Trd, 000250.433, 165
Trd, 000250.500, 166
Trd, 000250.800, 170
Trd, 000251.600, 170
Trd, 000252.300, 171
Trd, 000252.983, 172
Trd, 000253.150, 168
Trd, 000253.383, 167
Trd, 000253.850, 165
Trd, 000254.533, 166
Trd, 000254.700, 167
Trd, 000254.933, 171
Trd, 000255.267, 176
Trd, 000255.867, 180
Trd, 000256.400, 179
Trd, 000256.683, 179
Trd, 000256.983, 182
Trd, 000257.433, 181
Trd, 000257.733, 177
Trd, 000258.133, 176
Trd, 000258.633, 161
Trd, 000259.000, 167
Trd, 000259.450, 169
Trd, 000259.750, 165
Trd, 000259.850, 166
Trd, 000260.250, 162
Trd, 000260.317, 163
Trd, 000260.783, 157
Trd, 000262.450, 168
Trd, 000262.733, 164
Trd, 000262.900, 164
Trd, 000263.200, 167
Trd, 000263.517, 164
Trd, 000263.650, 165
Trd, 000264.383, 166
Trd, 000264.850, 165
Trd, 000264.900, 167
Trd, 000265.350, 166
Trd, 000265.667, 169
Trd, 000266.733, 176
Trd, 000267.117, 170
Trd, 000267.567, 172
Trd, 000268.933, 172
Trd, 000269.600, 174
Trd, 000269.650, 173
Trd, 000270.200, 174
Trd, 000270.483, 174
Trd, 000271.383, 177
Trd, 000271.467, 172
Trd, 000271.583, 163
Trd, 000272.333, 176
Trd, 000272.667, 178
Trd, 000272.950, 173
Trd, 000273.250, 176
Trd, 000274.433, 175
Trd, 000274.633, 174
Trd, 000274.733, 174
Trd, 000274.817, 171
Trd, 000275.633, 171
Trd, 000275.900, 176
Trd, 000275.967, 177
Trd, 000277.050, 177
Trd, 000277.633, 178
Trd, 000278.517, 167
Trd, 000278.617, 168
Trd, 000279.167, 159
Trd, 000279.583, 159
Trd, 000279.617, 162
Trd, 000279.667, 183
Trd, 000280.433, 171
Trd, 000280.550, 176
Trd, 000280.800, 177
Trd, 000281.150, 170
Trd, 000281.267, 180
Trd, 000281.467, 166
Trd, 000281.750, 172
Trd, 000282.133, 169
Trd, 000282.217, 155
Trd, 000282.933, 171
Trd, 000283.150, 172
Trd, 000284.150, 172
Trd, 000284.183, 173
Trd, 000284.550, 177
Trd, 000284.900, 179
Trd, 000284.983, 183
Trd, 000285.717, 174
Trd, 000286.917, 179
Trd, 000286.950, 174
Trd, 000287.917, 175
Trd, 000288.933, 173
Trd, 000289.150, 179
Trd, 000289.367, 166
Trd, 000290.083, 170
Trd, 000291.117, 163
Trd, 000291.233, 170
Trd, 000291.250, 170
Trd, 000291.567, 177
Trd, 000291.750, 177
Trd, 000292.200, 182
Trd, 000292.433, 183
Trd, 000292.467, 182
Trd, 000293.300, 181
Trd, 000293.317, 182
Trd, 000294.133, 182
Trd, 000294.250, 179
Trd, 000294.717, 184
Trd, 000294.733, 176
Trd, 000294.833, 160
Trd, 000295.367, 176
Trd, 000297.100, 174
Trd, 000297.667, 173
Trd, 000298.367, 174
Trd, 000298.917, 174
