Trd, 000002.017, 119
Trd, 000003.450, 157
Trd, 000003.533, 155
Trd, 000004.800, 158
Trd, 000005.000, 159
Trd, 000006.550, 159
Trd, 000006.783, 157
Trd, 000007.083, 157
Trd, 000008.483, 159
Trd, 000008.533, 158
Trd, 000008.683, 158
Trd, 000009.883, 152
Trd, 000009.917, 156
Trd, 000010.783, 151
Trd, 000011.167, 152
Trd, 000012.167, 151
Trd, 000012.567, 148
Trd, 000012.783, 143
Trd, 000013.700, 150
Trd, 000015.517, 148
Trd, 000015.983, 148
Trd, 000016.067, 149
Trd, 000016.933, 152
Trd, 000016.983, 153
Trd, 000017.383, 162
Trd, 000017.450, 163
Trd, 000017.567, 166
Trd, 000018.000, 192
Trd, 000018.983, 191
Trd, 000019.067, 163
Trd, 000019.217, 156
Trd, 000021.783, 148
Trd, 000022.183, 146
Trd, 000022.750, 148
Trd, 000023.083, 146
Trd, 000023.133, 139
Trd, 000024.250, 143
Trd, 000025.450, 146
Trd, 000025.717, 147
Trd, 000026.150, 148
Trd, 000026.633, 144
Trd, 000026.933, 148
Trd, 000027.000, 150
Trd, 000028.133, 152
Trd, 000028.583, 153
Trd, 000028.917, 151
Trd, 000029.517, 152
Trd, 000029.917, 151
Trd, 000030.700, 154
Trd, 000031.067, 154
Trd, 000031.600, 154
Trd, 000031.933, 152
Trd, 000032.383, 154
Trd, 000032.433, 154
Trd, 000033.067, 154
Trd, 000034.050, 153
Trd, 000034.133, 152
Trd, 000035.883, 151
Trd, 000036.767, 150
Trd, 000036.917, 152
Trd, 000037.050, 153
Trd, 000037.783, 153
Trd, 000038.317, 152
Trd, 000038.383, 151
Trd, 000038.583, 155
Trd, 000039.817, 156
Trd, 000040.450, 158
Trd, 000041.833, 157
Trd, 000042.983, 157
Trd, 000043.717, 155
Trd, 000044.083, 156
Trd, 000044.817, 154
Trd, 000045.100, 156
Trd, 000045.483, 157
Trd, 000045.617, 153
Trd, 000045.767, 155
Trd, 000045.833, 156
Trd, 000046.667, 147
Trd, 000047.583, 153
Trd, 000048.117, 149
Trd, 000048.667, 149
Trd, 000048.850, 148
Trd, 000049.850, 151
Trd, 000050.733, 150
Trd, 000050.850, 156
Trd, 000051.683, 166
Trd, 000052.000, 157
Trd, 000052.033, 155
Trd, 000053.817, 162
Trd, 000054.067, 161
Trd, 000054.367, 161
Trd, 000054.617, 158
Trd, 000055.267, 158
Trd, 000056.083, 161
Trd, 000056.983, 158
Trd, 000057.050, 159
Trd, 000058.417, 157
Trd, 000058.867, 158
Trd, 000059.017, 157
Trd, 000059.100, 158
Trd, 000059.467, 158
Trd, 000060.117, 157
Trd, 000061.233, 160
Trd, 000061.300, 161
Trd, 000062.333, 159
Trd, 000063.733, 144
Trd, 000064.233, 145
Trd, 000064.900, 147
Trd, 000066.050, 148
Trd, 000066.350, 154
Trd, 000066.950, 159
Trd, 000067.650, 167
Trd, 000068.317, 165
Trd, 000068.650, 166
Trd, 000068.683, 163
Trd, 000068.933, 163
Trd, 000069.833, 163
Trd, 000070.367, 164
Trd, 000070.533, 163
Trd, 000071.100, 162
Trd, 000071.833, 161
Trd, 000073.733, 160
Trd, 000074.067, 161
Trd, 000074.233, 162
Trd, 000074.750, 162
Trd, 000074.850, 161
Trd, 000074.883, 158
Trd, 000076.150, 159
Trd, 000076.717, 159
Trd, 000077.033, 160
Trd, 000078.483, 163
Trd, 000079.550, 167
Trd, 000080.267, 163
Trd, 000080.667, 166
Trd, 000080.967, 166
Trd, 000081.250, 163
Trd, 000082.550, 164
Trd, 000082.900, 166
Trd, 000083.000, 161
Trd, 000083.700, 162
Trd, 000084.067, 159
Trd, 000084.950, 163
Trd, 000085.500, 161
Trd, 000086.283, 159
Trd, 000086.333, 160
Trd, 000087.217, 161
Trd, 000087.250, 163
Trd, 000088.317, 164
Trd, 000088.517, 171
Trd, 000089.683, 167
Trd, 000090.467, 167
Trd, 000090.617, 168
Trd, 000091.033, 166
Trd, 000091.150, 165
Trd, 000091.217, 169
Trd, 000091.717, 165
Trd, 000092.483, 160
Trd, 000092.800, 163
Trd, 000093.450, 157
Trd, 000093.750, 156
Trd, 000094.517, 155
Trd, 000094.633, 156
Trd, 000096.150, 159
Trd, 000096.333, 159
Trd, 000097.867, 159
Trd, 000098.950, 161
Trd, 000099.117, 161
Trd, 000099.283, 160
Trd, 000100.333, 160
Trd, 000101.383, 161
Trd, 000101.583, 158
Trd, 000101.617, 163
Trd, 000101.983, 165
Trd, 000102.400, 151
Trd, 000104.400, 162
Trd, 000105.033, 157
Trd, 000105.317, 157
Trd, 000106.383, 158
Trd, 000107.817, 155
Trd, 000107.850, 156
Trd, 000108.133, 156
Trd, 000109.333, 157
Trd, 000109.933, 156
Trd, 000111.600, 155
Trd, 000112.717, 159
Trd, 000112.767, 158
Trd, 000113.050, 157
Trd, 000113.633, 173
Trd, 000114.783, 161
Trd, 000114.933, 157
Trd, 000115.417, 157
Trd, 000115.600, 158
Trd, 000116.683, 159
Trd, 000116.733, 158
Trd, 000117.300, 158
Trd, 000118.950, 154
Trd, 000119.083, 155
Trd, 000119.167, 155
Trd, 000120.633, 154
Trd, 000120.817, 153
Trd, 000120.933, 156
Trd, 000121.767, 158
Trd, 000121.933, 160
Trd, 000124.350, 158
Trd, 000125.367, 159
Trd, 000125.817, 159
Trd, 000125.950, 159
Trd, 000126.150, 153
Trd, 000126.733, 154
Trd, 000127.483, 159
Trd, 000129.417, 160
Trd, 000129.567, 160
Trd, 000130.550, 160
Trd, 000130.933, 160
Trd, 000131.067, 161
Trd, 000131.367, 158
Trd, 000132.917, 164
Trd, 000133.000, 159
Trd, 000133.833, 160
Trd, 000133.900, 161
Trd, 000134.217, 160
Trd, 000134.717, 168
Trd, 000135.083, 164
Trd, 000136.700, 160
Trd, 000137.583, 161
Trd, 000138.017, 160
Trd, 000138.050, 159
Trd, 000138.667, 152
Trd, 000139.633, 161
Trd, 000140.767, 161
Trd, 000140.900, 162
Trd, 000142.533, 160
Trd, 000142.833, 161
Trd, 000143.433, 160
Trd, 000144.350, 162
Trd, 000144.383, 163
Trd, 000144.850, 161
Trd, 000144.900, 162
Trd, 000145.383, 166
Trd, 000145.950, 175
Trd, 000146.117, 167
Trd, 000147.617, 170
Trd, 000148.683, 168
Trd, 000149.033, 169
Trd, 000149.300, 170
Trd, 000149.800, 169
Trd, 000150.017, 170
Trd, 000150.300, 171
Trd, 000150.400, 172
Trd, 000150.867, 166
Trd, 000150.883, 165
Trd, 000151.517, 165
Trd, 000152.250, 174
Trd, 000153.733, 165
Trd, 000154.567, 165
Trd, 000155.167, 166
Trd, 000155.300, 165
Trd, 000155.850, 166
Trd, 000156.367, 165
Trd, 000156.467, 165
Trd, 000156.483, 169
Trd, 000156.817, 175
Trd, 000159.083, 169
Trd, 000159.650, 167
Trd, 000160.467, 168
Trd, 000160.833, 168
Trd, 000161.033, 167
Trd, 000161.683, 166
Trd, 000162.767, 165
Trd, 000162.883, 166
Trd, 000164.300, 162
Trd, 000164.717, 162
Trd, 000164.800, 162
Trd, 000165.017, 162
Trd, 000165.050, 163
Trd, 000166.200, 168
Trd, 000166.617, 168
Trd, 000166.700, 167
Trd, 000167.283, 166
Trd, 000167.433, 165
Trd, 000168.317, 176
Trd, 000168.500, 172
Trd, 000169.250, 167
Trd, 000170.517, 172
Trd, 000170.967, 173
Trd, 000171.117, 170
Trd, 000171.500, 170
Trd, 000173.000, 169
Trd, 000173.467, 170
Trd, 000173.667, 169
Trd, 000174.417, 167
Trd, 000174.600, 167
Trd, 000174.933, 169
Trd, 000175.783, 169
Trd, 000176.050, 169
Trd, 000176.417, 169
Trd, 000176.950, 169
Trd, 000177.850, 171
Trd, 000178.967, 169
Trd, 000179.983, 171
Trd, 000180.000, 172
Trd, 000180.633, 168
Trd, 000181.083, 169
Trd, 000181.333, 172
Trd, 000181.967, 174
Trd, 000181.983, 172
Trd, 000183.083, 171
Trd, 000183.383, 171
Trd, 000183.700, 171
Trd, 000184.683, 171
Trd, 000185.267, 173
Trd, 000185.567, 170
Trd, 000185.950, 169
Trd, 000187.600, 173
Trd, 000187.617, 173
Trd, 000187.783, 174
Trd, 000188.317, 174
Trd, 000189.667, 176
Trd, 000189.733, 175
Trd, 000190.333, 174
Trd, 000190.517, 174
Trd, 000190.933, 174
Trd, 000191.650, 174
Trd, 000191.850, 175
Trd, 000191.933, 174
Trd, 000193.200, 173
Trd, 000194.033, 173
Trd, 000194.117, 172
Trd, 000194.450, 172
Trd, 000195.033, 173
Trd, 000195.617, 173
Trd, 000196.050, 171
Trd, 000196.200, 171
Trd, 000196.467, 170
Trd, 000198.517, 170
Trd, 000198.667, 171
Trd, 000199.433, 171
Trd, 000199.517, 169
Trd, 000200.083, 169
Trd, 000200.900, 171
Trd, 000201.433, 169
Trd, 000202.717, 171
Trd, 000203.250, 171
Trd, 000203.600, 170
Trd, 000204.867, 166
Trd, 000205.250, 161
Trd, 000205.833, 167
Trd, 000206.317, 168
Trd, 000206.350, 167
Trd, 000207.500, 164
Trd, 000208.083, 164
Trd, 000208.500, 164
Trd, 000208.767, 164
Trd, 000210.083, 163
Trd, 000210.917, 165
Trd, 000211.367, 166
Trd, 000211.533, 169
Trd, 000211.867, 167
Trd, 000212.450, 168
Trd, 000212.483, 169
Trd, 000212.917, 168
Trd, 000213.050, 169
Trd, 000213.300, 165
Trd, 000215.267, 168
Trd, 000217.067, 167
Trd, 000217.617, 169
Trd, 000218.283, 169
Trd, 000219.450, 171
Trd, 000219.567, 170
Trd, 000220.500, 172
Trd, 000220.883, 170
Trd, 000221.067, 171
Trd, 000221.117, 172
Trd, 000221.433, 173
Trd, 000222.583, 173
Trd, 000222.683, 172
Trd, 000222.700, 171
Trd, 000223.667, 174
Trd, 000223.850, 172
Trd, 000225.683, 175
Trd, 000226.367, 176
Trd, 000226.467, 176
Trd, 000227.017, 183
Trd, 000228.517, 178
Trd, 000228.800, 178
Trd, 000229.267, 179
Trd, 000229.350, 175
Trd, 000229.967, 176
Trd, 000230.333, 176
Trd, 000231.733, 177
Trd, 000232.100, 176
Trd, 000233.867, 176
Trd, 000234.283, 173
Trd, 000234.483, 177
Trd, 000234.550, 177
Trd, 000235.450, 168
Trd, 000235.617, 174
Trd, 000236.500, 172
Trd, 000236.883, 172
Trd, 000236.933, 170
Trd, 000237.400, 174
Trd, 000238.200, 172
Trd, 000239.117, 173
Trd, 000239.150, 174
Trd, 000240.783, 173
Trd, 000240.967, 173
Trd, 000241.250, 172
Trd, 000241.733, 173
Trd, 000242.067, 174
Trd, 000242.383, 175
Trd, 000242.633, 175
Trd, 000243.383, 174
Trd, 000243.683, 171
Trd, 000244.133, 170
Trd, 000244.733, 170
Trd, 000244.817, 171
Trd, 000245.733, 173
Trd, 000246.000, 172
Trd, 000247.083, 173
Trd, 000247.483, 173
Trd, 000247.617, 173
Trd, 000248.517, 174
Trd, 000248.733, 173
Trd, 000249.433, 174
Trd, 000250.367, 174
Trd, 000250.433, 172
Trd, 000250.733, 171
Trd, 000250.783, 172
Trd, 000251.267, 175
Trd, 000251.333, 176
Trd, 000251.683, 175
Trd, 000252.150, 180
Trd, 000252.550, 181
Trd, 000253.367, 180
Trd, 000253.483, 176
Trd, 000253.650, 172
Trd, 000254.283, 175
Trd, 000254.433, 173
Trd, 000254.933, 178
Trd, 000255.650, 177
Trd, 000256.450, 178
Trd, 000257.033, 178
Trd, 000257.450, 180
Trd, 000257.483, 178
Trd, 000257.650, 175
Trd, 000257.767, 174
Trd, 000258.567, 181
Trd, 000259.300, 179
Trd, 000259.683, 179
Trd, 000259.767, 181
Trd, 000260.367, 180
Trd, 000260.583, 181
Trd, 000260.700, 180
Trd, 000261.100, 181
Trd, 000261.800, 181
Trd, 000262.600, 186
Trd, 000263.150, 188
Trd, 000263.233, 187
Trd, 000263.367, 184
Trd, 000264.417, 185
Trd, 000264.800, 183
Trd, 000264.867, 181
Trd, 000265.350, 181
Trd, 000266.000, 179
Trd, 000266.100, 177
Trd, 000266.550, 179
Trd, 000267.200, 175
Trd, 000268.033, 171
Trd, 000268.233, 171
Trd, 000268.250, 170
Trd, 000268.617, 175
Trd, 000269.783, 172
Trd, 000270.517, 173
Trd, 000270.700, 173
Trd, 000270.800, 174
Trd, 000270.933, 175
Trd, 000271.300, 172
Trd, 000271.633, 174
Trd, 000272.150, 175
Trd, 000272.250, 178
Trd, 000272.550, 173
Trd, 000273.350, 177
Trd, 000273.667, 177
Trd, 000275.500, 178
Trd, 000275.967, 176
Trd, 000276.000, 177
Trd, 000276.100, 188
Trd, 000276.483, 182
Trd, 000276.867, 184
Trd, 000277.567, 184
Trd, 000278.033, 185
Trd, 000278.050, 184
Trd, 000278.367, 184
Trd, 000278.400, 183
Trd, 000278.733, 186
Trd, 000279.967, 184
Trd, 000280.000, 182
Trd, 000280.767, 184
Trd, 000281.867, 185
Trd, 000281.917, 186
Trd, 000282.500, 183
Trd, 000282.683, 186
Trd, 000283.983, 185
Trd, 000284.000, 183
Trd, 000284.317, 180
Trd, 000284.367, 179
Trd, 000285.200, 179
Trd, 000285.250, 177
Trd, 000285.817, 177
Trd, 000286.017, 172
Trd, 000286.133, 176
Trd, 000287.117, 178
Trd, 000287.133, 177
Trd, 000287.367, 179
Trd, 000287.750, 179
Trd, 000287.867, 179
Trd, 000288.300, 177
Trd, 000288.950, 176
Trd, 000289.100, 177
Trd, 000290.117, 173
Trd, 000290.533, 177
Trd, 000291.183, 177
Trd, 000291.483, 179
Trd, 000291.917, 179
Trd, 000292.400, 177
Trd, 000293.950, 177
Trd, 000294.067, 176
Trd, 000294.267, 175
Trd, 000294.517, 178
Trd, 000294.533, 178
Trd, 000294.883, 177
Trd, 000295.083, 173
Trd, 000295.333, 178
Trd, 000295.700, 178
Trd, 000296.650, 176
Trd, 000296.733, 179
Trd, 000296.783, 180
Trd, 000297.083, 178
Trd, 000297.167, 176
Trd, 000298.033, 177
Trd, 000298.600, 181
Trd, 000298.817, 179
Trd, 000299.150, 177
Trd, 000299.917, 182
