Trd, 000002.183, 148
Trd, 000003.750, 158
Trd, 000004.483, 160
Trd, 000005.417, 160
Trd, 000006.350, 161
Trd, 000006.400, 159
Trd, 000006.850, 160
Trd, 000007.217, 161
Trd, 000007.317, 163
Trd, 000007.533, 159
Trd, 000008.117, 162
Trd, 000008.483, 158
Trd, 000009.383, 157
Trd, 000009.917, 156
Trd, 000010.117, 156
Trd, 000010.917, 155
Trd, 000011.550, 155
Trd, 000012.083, 156
Trd, 000013.017, 153
Trd, 000014.100, 155
Trd, 000014.967, 155
Trd, 000015.883, 153
Trd, 000016.167, 153
Trd, 000016.233, 154
Trd, 000016.717, 153
Trd, 000017.167, 165
Trd, 000017.333, 161
Trd, 000017.567, 171
Trd, 000018.117, 160
Trd, 000018.717, 169
Trd, 000019.283, 159
Trd, 000019.350, 144
Trd, 000019.967, 150
Trd, 000020.783, 147
Trd, 000020.883, 143
Trd, 000022.317, 152
Trd, 000023.483, 157
Trd, 000024.100, 157
Trd, 000024.917, 155
Trd, 000025.450, 155
Trd, 000026.650, 155
Trd, 000026.700, 154
Trd, 000027.317, 154
Trd, 000027.650, 154
Trd, 000027.900, 160
Trd, 000028.167, 153
Trd, 000028.500, 151
Trd, 000029.700, 147
Trd, 000030.817, 151
Trd, 000031.717, 152
Trd, 000032.200, 152
Trd, 000033.433, 152
Trd, 000033.583, 151
Trd, 000034.700, 153
Trd, 000034.967, 155
Trd, 000035.250, 160
Trd, 000035.500, 160
Trd, 000035.667, 159
Trd, 000036.000, 160
Trd, 000036.267, 175
Trd, 000037.100, 161
Trd, 000038.400, 160
Trd, 000038.717, 161
Trd, 000039.000, 160
Trd, 000039.300, 162
Trd, 000040.533, 157
Trd, 000040.900, 159
Trd, 000041.217, 156
Trd, 000042.117, 154
Trd, 000042.883, 157
Trd, 000043.750, 156
Trd, 000044.433, 159
Trd, 000045.017, 157
Trd, 000045.417, 154
Trd, 000045.917, 155
Trd, 000047.217, 152
Trd, 000047.367, 154
Trd, 000047.550, 153
Trd, 000047.600, 155
Trd, 000047.667, 160
Trd, 000048.650, 154
Trd, 000048.683, 148
Trd, 000048.900, 163
Trd, 000052.233, 153
Trd, 000053.150, 149
Trd, 000053.300, 149
Trd, 000053.383, 151
Trd, 000054.383, 163
Trd, 000054.667, 153
Trd, 000055.067, 156
Trd, 000055.133, 156
Trd, 000055.417, 156
Trd, 000056.833, 159
Trd, 000057.600, 159
Trd, 000058.250, 160
Trd, 000058.550, 161
Trd, 000058.650, 158
Trd, 000059.667, 158
Trd, 000059.917, 157
Trd, 000059.950, 160
Trd, 000060.067, 157
Trd, 000061.217, 158
Trd, 000062.033, 162
Trd, 000063.183, 158
Trd, 000063.217, 154
Trd, 000064.200, 160
Trd, 000064.333, 156
Trd, 000065.150, 156
Trd, 000065.633, 157
Trd, 000065.717, 153
Trd, 000066.233, 156
Trd, 000067.417, 154
Trd, 000068.217, 156
Trd, 000068.683, 155
Trd, 000068.967, 155
Trd, 000070.133, 156
Trd, 000070.250, 158
Trd, 000070.850, 159
Trd, 000071.083, 157
Trd, 000071.150, 154
Trd, 000072.350, 159
Trd, 000074.217, 158
Trd, 000075.067, 163
Trd, 000075.533, 162
Trd, 000075.750, 159
Trd, 000075.883, 159
Trd, 000075.933, 160
Trd, 000076.567, 160
Trd, 000077.600, 162
Trd, 000077.917, 161
Trd, 000079.033, 159
Trd, 000079.800, 160
Trd, 000080.033, 161
Trd, 000080.867, 157
Trd, 000081.017, 159
Trd, 000081.500, 159
Trd, 000083.200, 159
Trd, 000083.417, 158
Trd, 000083.750, 156
Trd, 000084.617, 159
Trd, 000085.183, 160
Trd, 000086.533, 158
Trd, 000087.350, 162
Trd, 000087.717, 158
Trd, 000088.500, 167
Trd, 000088.517, 159
Trd, 000089.383, 171
Trd, 000089.900, 176
Trd, 000090.150, 174
Trd, 000090.600, 171
Trd, 000091.767, 173
Trd, 000092.383, 170
Trd, 000092.433, 162
Trd, 000093.617, 169
Trd, 000093.767, 157
Trd, 000095.083, 166
Trd, 000095.367, 166
Trd, 000095.400, 167
Trd, 000095.467, 175
Trd, 000097.250, 167
Trd, 000097.333, 168
Trd, 000097.433, 166
Trd, 000097.767, 165
Trd, 000099.550, 163
Trd, 000099.700, 153
Trd, 000100.400, 161
Trd, 000100.683, 164
Trd, 000101.717, 161
Trd, 000102.217, 161
Trd, 000102.267, 163
Trd, 000102.517, 162
Trd, 000103.000, 176
Trd, 000103.833, 168
Trd, 000104.033, 163
Trd, 000105.117, 163
Trd, 000106.100, 162
Trd, 000107.283, 162
Trd, 000107.483, 161
Trd, 000107.850, 158
Trd, 000109.350, 164
Trd, 000109.633, 161
Trd, 000110.367, 164
Trd, 000110.400, 164
Trd, 000111.650, 163
Trd, 000112.217, 162
Trd, 000113.067, 163
Trd, 000113.283, 162
Trd, 000113.400, 161
Trd, 000113.483, 168
Trd, 000116.333, 165
Trd, 000116.983, 161
Trd, 000117.283, 161
Trd, 000118.250, 161
Trd, 000118.850, 162
Trd, 000119.200, 163
Trd, 000119.583, 162
Trd, 000120.067, 163
Trd, 000120.467, 161
Trd, 000120.967, 161
Trd, 000121.317, 160
Trd, 000121.533, 160
Trd, 000122.283, 160
Trd, 000122.800, 160
Trd, 000123.700, 163
Trd, 000124.383, 185
Trd, 000125.517, 164
Trd, 000126.167, 167
Trd, 000126.483, 167
Trd, 000126.667, 166
Trd, 000126.833, 168
Trd, 000127.550, 169
Trd, 000127.683, 167
Trd, 000127.950, 155
Trd, 000129.350, 169
Trd, 000130.733, 166
Trd, 000130.967, 166
Trd, 000131.750, 165
Trd, 000131.867, 164
Trd, 000132.833, 163
Trd, 000133.583, 163
Trd, 000133.950, 161
Trd, 000135.267, 160
Trd, 000135.483, 159
Trd, 000135.600, 163
Trd, 000136.417, 163
Trd, 000136.917, 165
Trd, 000137.300, 165
Trd, 000137.450, 165
Trd, 000138.117, 165
Trd, 000138.317, 168
Trd, 000138.900, 165
Trd, 000140.633, 166
Trd, 000140.967, 165
Trd, 000141.083, 164
Trd, 000141.983, 162
Trd, 000144.183, 162
Trd, 000144.383, 163
Trd, 000144.733, 164
Trd, 000145.700, 164
Trd, 000145.883, 163
Trd, 000145.933, 161
Trd, 000146.150, 159
Trd, 000146.200, 157
Trd, 000146.883, 157
Trd, 000147.300, 166
Trd, 000147.850, 166
Trd, 000148.700, 158
Trd, 000148.817, 159
Trd, 000148.917, 162
Trd, 000150.533, 170
Trd, 000150.933, 189
Trd, 000152.567, 167
Trd, 000153.050, 167
Trd, 000153.750, 166
Trd, 000154.100, 169
Trd, 000154.950, 169
Trd, 000155.367, 169
Trd, 000155.417, 167
Trd, 000155.750, 170
Trd, 000156.867, 173
Trd, 000157.100, 175
Trd, 000157.233, 169
Trd, 000157.983, 167
Trd, 000158.267, 175
Trd, 000158.433, 166
Trd, 000160.017, 177
Trd, 000160.067, 171
Trd, 000162.350, 171
Trd, 000163.467, 172
Trd, 000163.583, 172
Trd, 000164.267, 171
Trd, 000165.050, 160
Trd, 000165.550, 166
Trd, 000165.800, 168
Trd, 000166.033, 158
Trd, 000166.183, 157
Trd, 000166.500, 170
Trd, 000168.567, 170
Trd, 000170.000, 169
Trd, 000170.267, 169
Trd, 000170.283, 173
Trd, 000171.183, 171
Trd, 000171.467, 169
Trd, 000171.483, 166
Trd, 000171.583, 165
Trd, 000171.767, 165
Trd, 000174.033, 168
Trd, 000174.083, 166
Trd, 000174.100, 164
Trd, 000174.800, 165
Trd, 000174.950, 165
Trd, 000175.050, 167
Trd, 000175.300, 164
Trd, 000177.283, 166
Trd, 000179.033, 166
Trd, 000179.567, 166
Trd, 000179.600, 165
Trd, 000179.667, 163
Trd, 000180.317, 169
Trd, 000181.600, 167
Trd, 000183.050, 167
Trd, 000183.400, 167
Trd, 000183.833, 166
Trd, 000183.867, 166
Trd, 000184.200, 165
Trd, 000184.667, 165
Trd, 000184.833, 164
Trd, 000186.267, 164
Trd, 000186.500, 165
Trd, 000187.150, 170
Trd, 000187.967, 171
Trd, 000188.283, 168
Trd, 000189.450, 168
Trd, 000191.233, 168
Trd, 000192.217, 168
Trd, 000192.450, 168
Trd, 000193.267, 169
Trd, 000193.633, 171
Trd, 000194.800, 168
Trd, 000194.983, 170
Trd, 000195.300, 171
Trd, 000195.817, 168
Trd, 000197.933, 168
Trd, 000198.000, 170
Trd, 000198.717, 170
Trd, 000198.850, 168
Trd, 000199.367, 171
Trd, 000200.033, 170
Trd, 000200.250, 169
Trd, 000200.467, 171
Trd, 000200.667, 167
Trd, 000202.517, 167
Trd, 000202.683, 167
Trd, 000202.933, 168
Trd, 000204.400, 171
Trd, 000204.683, 170
Trd, 000205.433, 173
Trd, 000205.600, 171
Trd, 000205.650, 171
Trd, 000206.233, 170
Trd, 000206.817, 169
Trd, 000207.000, 172
Trd, 000208.600, 168
Trd, 000210.617, 167
Trd, 000210.850, 168
Trd, 000210.900, 167
Trd, 000211.783, 170
Trd, 000211.917, 164
Trd, 000212.567, 172
Trd, 000213.783, 171
Trd, 000213.817, 170
Trd, 000213.933, 169
Trd, 000215.083, 172
Trd, 000216.117, 175
Trd, 000217.367, 175
Trd, 000217.467, 169
Trd, 000217.967, 168
Trd, 000218.433, 170
Trd, 000219.333, 168
Trd, 000219.800, 167
Trd, 000220.200, 169
Trd, 000220.217, 172
Trd, 000220.383, 165
Trd, 000221.417, 171
Trd, 000221.767, 170
Trd, 000223.050, 169
Trd, 000223.500, 169
Trd, 000223.617, 170
Trd, 000223.967, 174
Trd, 000224.383, 175
Trd, 000225.350, 172
Trd, 000225.733, 176
Trd, 000225.933, 178
Trd, 000227.600, 176
Trd, 000228.500, 179
Trd, 000229.433, 173
Trd, 000229.667, 173
Trd, 000229.917, 172
Trd, 000230.200, 178
Trd, 000230.900, 174
Trd, 000231.800, 173
Trd, 000232.083, 174
Trd, 000232.567, 173
Trd, 000234.133, 176
Trd, 000234.333, 176
Trd, 000234.617, 176
Trd, 000234.950, 173
Trd, 000235.417, 172
Trd, 000235.650, 180
Trd, 000235.800, 186
Trd, 000235.967, 181
Trd, 000236.933, 179
Trd, 000238.200, 177
Trd, 000239.083, 177
Trd, 000239.500, 171
Trd, 000240.333, 175
Trd, 000240.367, 175
Trd, 000241.133, 168
Trd, 000241.300, 169
Trd, 000241.533, 168
Trd, 000241.683, 170
Trd, 000241.867, 170
Trd, 000242.150, 175
Trd, 000242.417, 179
Trd, 000243.250, 185
Trd, 000243.517, 183
Trd, 000243.833, 183
Trd, 000244.183, 187
Trd, 000244.717, 175
Trd, 000245.267, 180
Trd, 000245.283, 178
Trd, 000245.683, 175
Trd, 000245.700, 175
Trd, 000246.033, 172
Trd, 000246.183, 171
Trd, 000247.300, 177
Trd, 000247.433, 176
Trd, 000247.600, 175
Trd, 000247.767, 167
Trd, 000248.133, 168
Trd, 000248.333, 169
Trd, 000248.700, 180
Trd, 000249.200, 171
Trd, 000250.033, 182
Trd, 000250.150, 178
Trd, 000250.783, 181
Trd, 000251.217, 180
Trd, 000252.017, 180
Trd, 000252.167, 181
Trd, 000252.600, 179
Trd, 000252.750, 179
Trd, 000253.183, 179
Trd, 000253.433, 178
Trd, 000254.583, 179
Trd, 000254.683, 180
Trd, 000255.683, 178
Trd, 000256.367, 179
Trd, 000256.533, 177
Trd, 000256.550, 174
Trd, 000256.967, 174
Trd, 000257.617, 180
Trd, 000258.050, 177
Trd, 000258.083, 182
Trd, 000258.550, 177
Trd, 000259.033, 181
Trd, 000259.150, 183
Trd, 000259.650, 184
Trd, 000261.550, 183
Trd, 000262.117, 183
Trd, 000262.150, 182
Trd, 000262.383, 184
Trd, 000262.667, 182
Trd, 000262.967, 182
Trd, 000263.050, 181
Trd, 000263.667, 182
Trd, 000263.683, 186
Trd, 000264.383, 189
Trd, 000264.483, 194
Trd, 000265.350, 181
Trd, 000265.433, 184
Trd, 000265.967, 186
Trd, 000266.400, 181
Trd, 000266.683, 180
Trd, 000266.967, 180
Trd, 000267.267, 174
Trd, 000268.133, 180
Trd, 000268.817, 178
Trd, 000268.983, 176
Trd, 000269.417, 179
Trd, 000269.683, 180
Trd, 000269.733, 178
Trd, 000269.783, 181
Trd, 000270.850, 180
Trd, 000271.267, 180
Trd, 000271.333, 178
Trd, 000272.683, 177
Trd, 000273.250, 181
Trd, 000273.650, 176
Trd, 000273.933, 176
Trd, 000273.983, 175
Trd, 000274.383, 179
Trd, 000275.433, 178
Trd, 000275.517, 182
Trd, 000275.567, 177
Trd, 000275.983, 171
Trd, 000276.183, 176
Trd, 000276.200, 182
Trd, 000276.967, 177
Trd, 000277.133, 176
Trd, 000277.667, 177
Trd, 000278.250, 179
Trd, 000279.183, 183
Trd, 000279.750, 179
Trd, 000280.150, 177
Trd, 000280.333, 175
Trd, 000280.633, 178
Trd, 000281.167, 179
Trd, 000281.483, 181
Trd, 000282.333, 177
Trd, 000282.583, 183
Trd, 000282.783, 176
Trd, 000283.967, 180
Trd, 000283.983, 177
Trd, 000284.083, 183
Trd, 000284.717, 185
Trd, 000284.950, 186
Trd, 000285.250, 177
Trd, 000285.267, 176
Trd, 000285.633, 178
Trd, 000286.683, 182
Trd, 000286.967, 181
Trd, 000287.267, 177
Trd, 000287.383, 185
Trd, 000288.200, 185
Trd, 000288.483, 184
Trd, 000289.150, 180
Trd, 000289.417, 181
Trd, 000289.867, 178
Trd, 000290.183, 184
Trd, 000290.600, 182
Trd, 000291.233, 184
Trd, 000291.283, 186
Trd, 000291.483, 180
Trd, 000291.600, 178
Trd, 000291.750, 177
Trd, 000291.833, 172
Trd, 000292.083, 186
Trd, 000292.233, 187
Trd, 000293.800, 187
Trd, 000294.433, 185
Trd, 000294.783, 187
Trd, 000294.933, 197
Trd, 000295.350, 197
Trd, 000295.433, 190
Trd, 000295.600, 189
Trd, 000295.950, 185
Trd, 000296.717, 188
Trd, 000296.883, 184
Trd, 000297.033, 177
Trd, 000297.517, 196
Trd, 000298.833, 190
Trd, 000298.850, 187
Trd, 000298.883, 175
Trd, 000299.300, 185
