Trd, 000002.883, 146
Trd, 000003.217, 148
Trd, 000003.250, 134
Trd, 000003.733, 151
Trd, 000004.550, 137
Trd, 000004.750, 165
Trd, 000005.567, 153
Trd, 000006.100, 153
Trd, 000007.083, 155
Trd, 000007.567, 155
Trd, 000008.050, 154
Trd, 000008.550, 155
Trd, 000009.033, 156
Trd, 000009.583, 157
Trd, 000011.967, 158
Trd, 000012.467, 155
Trd, 000014.117, 156
Trd, 000014.150, 155
Trd, 000014.850, 156
Trd, 000015.367, 156
Trd, 000015.417, 156
Trd, 000015.933, 163
Trd, 000016.350, 166
Trd, 000016.517, 157
Trd, 000017.083, 157
Trd, 000019.400, 155
Trd, 000019.533, 156
Trd, 000019.633, 157
Trd, 000020.583, 156
Trd, 000022.183, 157
Trd, 000022.933, 163
Trd, 000023.900, 160
Trd, 000024.383, 161
Trd, 000024.817, 159
Trd, 000025.150, 161
Trd, 000026.067, 161
Trd, 000026.767, 161
Trd, 000028.667, 160
Trd, 000029.133, 158
Trd, 000029.550, 159
Trd, 000029.883, 152
Trd, 000030.183, 158
Trd, 000030.400, 159
Trd, 000031.033, 157
Trd, 000033.217, 154
Trd, 000033.383, 156
Trd, 000034.067, 157
Trd, 000034.133, 161
Trd, 000034.250, 164
Trd, 000034.350, 157
Trd, 000034.550, 165
Trd, 000035.100, 158
Trd, 000035.450, 163
Trd, 000035.850, 157
Trd, 000037.017, 154
Trd, 000038.767, 155
Trd, 000039.183, 155
Trd, 000040.533, 159
Trd, 000040.667, 158
Trd, 000040.817, 162
Trd, 000041.083, 160
Trd, 000041.617, 163
Trd, 000041.883, 163
Trd, 000043.383, 163
Trd, 000043.817, 159
Trd, 000044.600, 156
Trd, 000045.317, 157
Trd, 000045.483, 155
Trd, 000046.433, 158
Trd, 000046.667, 162
Trd, 000047.367, 159
Trd, 000047.833, 156
Trd, 000049.000, 156
Trd, 000049.583, 159
Trd, 000050.483, 157
Trd, 000051.350, 159
Trd, 000051.567, 160
Trd, 000052.017, 160
Trd, 000053.267, 158
Trd, 000054.233, 158
Trd, 000054.367, 157
Trd, 000054.883, 159
Trd, 000056.417, 159
Trd, 000056.617, 160
Trd, 000056.733, 158
Trd, 000056.883, 160
Trd, 000057.267, 159
Trd, 000057.533, 160
Trd, 000059.900, 161
Trd, 000059.983, 161
Trd, 000060.267, 163
Trd, 000061.883, 162
Trd, 000063.067, 163
Trd, 000063.083, 161
Trd, 000063.500, 159
Trd, 000064.017, 158
Trd, 000065.233, 162
Trd, 000065.533, 164
Trd, 000065.767, 165
Trd, 000067.200, 165
Trd, 000067.483, 164
Trd, 000067.933, 164
Trd, 000068.033, 166
Trd, 000068.467, 171
Trd, 000070.033, 166
Trd, 000070.583, 164
Trd, 000070.850, 164
Trd, 000071.317, 163
Trd, 000072.467, 164
Trd, 000073.233, 163
Trd, 000074.617, 162
Trd, 000075.833, 161
Trd, 000076.517, 158
Trd, 000076.700, 162
Trd, 000077.617, 152
Trd, 000078.000, 160
Trd, 000079.433, 160
Trd, 000079.767, 161
Trd, 000080.083, 161
Trd, 000080.317, 160
Trd, 000080.367, 159
Trd, 000080.533, 161
Trd, 000080.767, 161
Trd, 000080.833, 158
Trd, 000081.967, 161
Trd, 000082.700, 162
Trd, 000083.700, 164
Trd, 000084.000, 163
Trd, 000084.350, 164
Trd, 000084.433, 163
Trd, 000085.217, 166
Trd, 000085.300, 170
Trd, 000086.050, 162
Trd, 000087.250, 167
Trd, 000087.317, 166
Trd, 000087.700, 162
Trd, 000087.767, 149
Trd, 000089.350, 159
Trd, 000089.950, 166
Trd, 000090.783, 162
Trd, 000090.883, 164
Trd, 000091.850, 166
Trd, 000092.050, 164
Trd, 000093.567, 162
Trd, 000093.867, 161
Trd, 000094.233, 163
Trd, 000094.717, 160
Trd, 000094.850, 159
Trd, 000095.833, 162
Trd, 000095.917, 148
Trd, 000096.700, 160
Trd, 000096.933, 167
Trd, 000097.117, 162
Trd, 000098.117, 161
Trd, 000098.267, 161
Trd, 000098.367, 164
Trd, 000098.667, 161
Trd, 000099.617, 163
Trd, 000101.017, 161
Trd, 000102.183, 160
Trd, 000103.883, 159
Trd, 000104.617, 159
Trd, 000105.133, 160
Trd, 000105.533, 158
Trd, 000106.150, 152
Trd, 000106.450, 156
Trd, 000107.233, 156
Trd, 000108.033, 159
Trd, 000108.467, 159
Trd, 000108.950, 157
Trd, 000110.417, 161
Trd, 000110.700, 156
Trd, 000111.200, 155
Trd, 000111.750, 161
Trd, 000112.050, 161
Trd, 000112.233, 169
Trd, 000113.583, 168
Trd, 000114.150, 166
Trd, 000115.850, 164
Trd, 000116.100, 167
Trd, 000117.550, 164
Trd, 000117.850, 165
Trd, 000117.867, 177
Trd, 000119.133, 166
Trd, 000119.600, 170
Trd, 000120.017, 168
Trd, 000120.100, 171
Trd, 000120.767, 168
Trd, 000121.050, 168
Trd, 000121.767, 168
Trd, 000122.033, 168
Trd, 000122.383, 166
Trd, 000123.067, 162
Trd, 000124.117, 166
Trd, 000124.200, 165
Trd, 000124.867, 166
Trd, 000125.733, 165
Trd, 000126.100, 174
Trd, 000127.250, 167
Trd, 000127.567, 170
Trd, 000128.700, 169
Trd, 000129.267, 171
Trd, 000129.483, 171
Trd, 000129.567, 178
Trd, 000129.800, 178
Trd, 000131.800, 174
Trd, 000132.917, 171
Trd, 000133.633, 173
Trd, 000133.717, 174
Trd, 000134.517, 173
Trd, 000134.550, 172
Trd, 000134.667, 174
Trd, 000134.900, 168
Trd, 000137.050, 172
Trd, 000137.500, 173
Trd, 000138.583, 174
Trd, 000138.667, 173
Trd, 000139.150, 174
Trd, 000139.867, 175
Trd, 000140.250, 171
Trd, 000140.733, 170
Trd, 000142.617, 171
Trd, 000143.017, 170
Trd, 000143.100, 164
Trd, 000144.250, 166
Trd, 000144.483, 165
Trd, 000145.917, 165
Trd, 000146.100, 166
Trd, 000146.567, 166
Trd, 000147.083, 178
Trd, 000147.550, 178
Trd, 000147.633, 179
Trd, 000149.200, 174
Trd, 000149.667, 174
Trd, 000149.950, 169
Trd, 000150.250, 169
Trd, 000150.667, 173
Trd, 000150.833, 169
Trd, 000151.483, 170
Trd, 000151.783, 175
Trd, 000152.467, 178
Trd, 000153.533, 173
Trd, 000155.167, 171
Trd, 000155.183, 171
Trd, 000156.400, 172
Trd, 000156.583, 173
Trd, 000157.517, 173
Trd, 000158.250, 176
Trd, 000158.933, 176
Trd, 000159.233, 173
Trd, 000159.933, 174
Trd, 000160.100, 171
Trd, 000161.067, 174
Trd, 000161.850, 174
Trd, 000162.500, 172
Trd, 000162.667, 174
Trd, 000164.033, 175
Trd, 000165.883, 177
Trd, 000166.133, 176
Trd, 000166.250, 177
Trd, 000166.700, 176
Trd, 000167.533, 175
Trd, 000167.617, 174
Trd, 000167.633, 172
Trd, 000168.083, 175
Trd, 000168.700, 173
Trd, 000169.167, 170
Trd, 000169.183, 166
Trd, 000170.200, 170
Trd, 000170.633, 171
Trd, 000170.783, 170
Trd, 000172.650, 173
Trd, 000173.283, 175
Trd, 000173.350, 173
Trd, 000174.250, 173
Trd, 000174.317, 171
Trd, 000174.933, 170
Trd, 000176.217, 166
Trd, 000176.367, 168
Trd, 000176.467, 166
Trd, 000176.967, 165
Trd, 000177.650, 168
Trd, 000177.867, 167
Trd, 000177.900, 176
Trd, 000178.133, 165
Trd, 000179.000, 180
Trd, 000179.417, 178
Trd, 000179.967, 183
Trd, 000180.567, 167
Trd, 000182.650, 177
Trd, 000183.117, 175
Trd, 000183.183, 173
Trd, 000184.233, 169
Trd, 000185.333, 172
Trd, 000185.667, 172
Trd, 000186.200, 172
Trd, 000186.300, 175
Trd, 000186.433, 176
Trd, 000187.267, 173
Trd, 000187.450, 171
Trd, 000188.633, 174
Trd, 000188.850, 174
Trd, 000189.433, 174
Trd, 000189.667, 172
Trd, 000190.950, 173
Trd, 000191.267, 174
Trd, 000191.883, 175
Trd, 000192.350, 175
Trd, 000192.500, 174
Trd, 000193.167, 180
Trd, 000193.767, 183
Trd, 000195.083, 181
Trd, 000195.600, 183
Trd, 000196.133, 184
Trd, 000196.300, 178
Trd, 000197.833, 179
Trd, 000199.433, 179
Trd, 000199.983, 178
Trd, 000200.650, 177
Trd, 000202.050, 175
Trd, 000202.317, 176
Trd, 000202.333, 175
Trd, 000202.500, 178
Trd, 000202.950, 179
Trd, 000204.550, 179
Trd, 000204.600, 175
Trd, 000205.517, 178
Trd, 000206.133, 179
Trd, 000206.650, 180
Trd, 000206.767, 178
Trd, 000207.367, 175
Trd, 000207.533, 160
Trd, 000207.967, 176
Trd, 000208.917, 162
Trd, 000209.717, 166
Trd, 000210.333, 174
Trd, 000211.033, 165
Trd, 000213.233, 177
Trd, 000213.733, 178
Trd, 000213.783, 176
Trd, 000213.983, 179
Trd, 000215.250, 178
Trd, 000215.367, 178
Trd, 000215.500, 177
Trd, 000216.783, 178
Trd, 000217.250, 179
Trd, 000218.250, 179
Trd, 000218.367, 178
Trd, 000218.900, 178
Trd, 000219.167, 178
Trd, 000220.683, 179
Trd, 000220.983, 178
Trd, 000221.433, 177
Trd, 000221.933, 175
Trd, 000222.350, 177
Trd, 000222.817, 177
Trd, 000223.883, 162
Trd, 000224.567, 175
Trd, 000225.483, 174
Trd, 000225.533, 174
Trd, 000226.250, 175
Trd, 000226.567, 174
Trd, 000228.317, 172
Trd, 000228.583, 174
Trd, 000229.033, 171
Trd, 000231.017, 171
Trd, 000231.283, 171
Trd, 000232.017, 171
Trd, 000232.200, 174
Trd, 000232.700, 181
Trd, 000232.783, 171
Trd, 000233.683, 171
Trd, 000234.567, 164
Trd, 000234.650, 177
Trd, 000237.467, 173
Trd, 000237.817, 172
Trd, 000238.400, 172
Trd, 000238.983, 172
Trd, 000239.283, 174
Trd, 000239.300, 175
Trd, 000240.483, 176
Trd, 000240.700, 178
Trd, 000240.917, 177
Trd, 000241.133, 175
Trd, 000241.233, 179
Trd, 000241.950, 178
Trd, 000242.050, 175
Trd, 000242.467, 175
Trd, 000243.433, 176
Trd, 000243.650, 174
Trd, 000244.300, 172
Trd, 000244.383, 171
Trd, 000244.967, 164
Trd, 000245.350, 168
Trd, 000246.500, 162
Trd, 000246.633, 160
Trd, 000246.750, 162
Trd, 000247.017, 163
Trd, 000247.317, 163
Trd, 000248.033, 166
Trd, 000248.600, 165
Trd, 000248.650, 163
Trd, 000249.033, 166
Trd, 000250.383, 167
Trd, 000251.367, 166
Trd, 000251.467, 168
Trd, 000251.700, 165
Trd, 000251.850, 164
Trd, 000252.217, 166
Trd, 000252.400, 169
Trd, 000252.450, 169
Trd, 000254.017, 165
Trd, 000254.083, 164
Trd, 000254.883, 166
Trd, 000254.950, 165
Trd, 000254.967, 168
Trd, 000256.400, 165
Trd, 000256.633, 169
Trd, 000257.133, 176
Trd, 000258.000, 172
Trd, 000258.450, 170
Trd, 000258.583, 170
Trd, 000259.817, 172
Trd, 000260.000, 173
Trd, 000260.050, 172
Trd, 000260.183, 177
Trd, 000260.733, 172
Trd, 000260.800, 171
Trd, 000261.617, 171
Trd, 000262.400, 170
Trd, 000263.050, 167
Trd, 000263.200, 166
Trd, 000264.450, 161
Trd, 000264.783, 165
Trd, 000264.967, 165
Trd, 000265.083, 167
Trd, 000265.300, 167
Trd, 000265.733, 168
Trd, 000265.767, 171
Trd, 000266.583, 169
Trd, 000266.850, 183
Trd, 000267.450, 171
Trd, 000267.950, 172
Trd, 000268.167, 177
Trd, 000268.350, 169
Trd, 000268.750, 175
Trd, 000268.833, 171
Trd, 000269.967, 171
Trd, 000270.400, 176
Trd, 000270.967, 175
Trd, 000271.117, 169
Trd, 000271.150, 167
Trd, 000271.867, 177
Trd, 000272.367, 161
Trd, 000273.583, 168
Trd, 000273.833, 164
Trd, 000274.283, 170
Trd, 000274.350, 170
Trd, 000274.367, 171
Trd, 000275.533, 165
Trd, 000275.867, 171
Trd, 000275.883, 166
Trd, 000276.450, 167
Trd, 000277.267, 167
Trd, 000277.733, 172
Trd, 000278.417, 174
Trd, 000278.583, 173
Trd, 000278.867, 175
Trd, 000278.917, 173
Trd, 000279.000, 172
Trd, 000279.183, 181
Trd, 000280.000, 182
Trd, 000280.850, 176
Trd, 000281.317, 182
Trd, 000281.967, 177
Trd, 000282.650, 178
Trd, 000282.933, 177
Trd, 000283.367, 177
Trd, 000283.400, 178
Trd, 000283.683, 178
Trd, 000283.883, 179
Trd, 000284.317, 176
Trd, 000285.200, 180
Trd, 000285.667, 186
Trd, 000286.400, 182
Trd, 000286.517, 181
Trd, 000287.250, 183
Trd, 000287.717, 181
Trd, 000288.250, 180
Trd, 000288.567, 179
Trd, 000288.867, 180
Trd, 000289.133, 171
Trd, 000289.533, 169
Trd, 000289.567, 163
Trd, 000290.317, 177
Trd, 000292.000, 179
Trd, 000292.150, 171
Trd, 000292.933, 172
Trd, 000293.317, 173
Trd, 000293.450, 172
Trd, 000293.567, 177
Trd, 000293.900, 170
Trd, 000294.033, 179
Trd, 000294.450, 164
Trd, 000294.617, 163
Trd, 000295.367, 167
Trd, 000295.467, 165
Trd, 000296.833, 178
Trd, 000297.117, 185
Trd, 000297.467, 186
Trd, 000297.750, 178
Trd, 000299.183, 180
Trd, 000299.283, 179
Trd, 000299.383, 179
Trd, 000299.667, 183
