Trd, 000001.050, 172
Trd, 000001.467, 148
Trd, 000001.717, 180
Trd, 000002.367, 127
Trd, 000003.300, 122
Trd, 000005.817, 138
Trd, 000006.267, 139
Trd, 000006.333, 138
Trd, 000006.433, 137
Trd, 000006.567, 141
Trd, 000008.617, 167
Trd, 000009.133, 155
Trd, 000009.667, 151
Trd, 000010.017, 149
Trd, 000010.567, 155
Trd, 000011.267, 151
Trd, 000012.600, 146
Trd, 000012.850, 153
Trd, 000013.867, 147
Trd, 000015.050, 149
Trd, 000015.333, 153
Trd, 000015.867, 153
Trd, 000016.567, 151
Trd, 000016.650, 153
Trd, 000019.350, 152
Trd, 000019.417, 152
Trd, 000020.700, 151
Trd, 000021.133, 153
Trd, 000022.183, 157
Trd, 000022.267, 151
Trd, 000023.450, 152
Trd, 000023.467, 150
Trd, 000023.867, 157
Trd, 000024.433, 158
Trd, 000024.683, 151
Trd, 000025.050, 150
Trd, 000026.433, 158
Trd, 000026.617, 167
Trd, 000027.050, 152
Trd, 000027.833, 155
Trd, 000027.933, 154
Trd, 000029.367, 154
Trd, 000029.450, 158
Trd, 000030.400, 153
Trd, 000030.667, 156
Trd, 000030.700, 153
Trd, 000032.983, 155
Trd, 000033.600, 152
Trd, 000034.150, 151
Trd, 000035.450, 154
Trd, 000035.900, 151
Trd, 000035.933, 157
Trd, 000036.517, 152
Trd, 000037.183, 161
Trd, 000038.050, 157
Trd, 000038.550, 165
Trd, 000038.750, 165
Trd, 000040.067, 159
Trd, 000040.717, 159
Trd, 000040.783, 155
Trd, 000042.200, 158
Trd, 000043.100, 159
Trd, 000043.200, 157
Trd, 000043.217, 155
Trd, 000043.717, 154
Trd, 000043.767, 162
Trd, 000045.133, 165
Trd, 000045.167, 164
Trd, 000045.833, 163
Trd, 000046.183, 154
Trd, 000047.050, 158
Trd, 000047.167, 153
Trd, 000048.000, 153
Trd, 000048.833, 158
Trd, 000049.033, 154
Trd, 000050.033, 159
Trd, 000050.150, 155
Trd, 000051.450, 150
Trd, 000052.200, 148
Trd, 000052.633, 142
Trd, 000053.033, 159
Trd, 000054.050, 153
Trd, 000054.150, 162
Trd, 000054.867, 161
Trd, 000054.900, 163
Trd, 000055.800, 153
Trd, 000056.567, 172
Trd, 000056.683, 152
Trd, 000057.967, 162
Trd, 000058.633, 158
Trd, 000058.650, 156
Trd, 000059.583, 157
Trd, 000059.800, 157
Trd, 000060.183, 164
Trd, 000060.600, 164
Trd, 000060.967, 171
Trd, 000061.217, 154
Trd, 000062.200, 168
Trd, 000062.283, 154
Trd, 000062.900, 158
Trd, 000063.650, 164
Trd, 000064.100, 172
Trd, 000065.050, 154
Trd, 000066.250, 166
Trd, 000066.417, 165
Trd, 000067.133, 172
Trd, 000067.233, 160
Trd, 000067.250, 154
Trd, 000067.917, 152
Trd, 000069.467, 171
Trd, 000070.033, 157
Trd, 000070.317, 155
Trd, 000071.267, 157
Trd, 000071.550, 157
Trd, 000072.433, 164
Trd, 000073.483, 141
Trd, 000073.817, 162
Trd, 000074.083, 155
Trd, 000075.183, 164
Trd, 000075.983, 161
Trd, 000076.017, 159
Trd, 000076.067, 158
Trd, 000076.317, 156
Trd, 000076.833, 156
Trd, 000077.433, 166
Trd, 000078.150, 155
Trd, 000079.417, 160
Trd, 000079.783, 156
Trd, 000080.167, 158
Trd, 000080.333, 165
Trd, 000081.050, 157
Trd, 000081.350, 156
Trd, 000082.067, 168
Trd, 000083.017, 159
Trd, 000083.167, 141
Trd, 000083.500, 143
Trd, 000083.783, 156
Trd, 000083.900, 161
Trd, 000084.850, 155
Trd, 000085.517, 154
Trd, 000085.567, 158
Trd, 000087.267, 159
Trd, 000088.267, 158
Trd, 000088.667, 158
Trd, 000088.950, 160
Trd, 000090.000, 161
Trd, 000090.283, 161
Trd, 000090.500, 159
Trd, 000090.983, 164
Trd, 000091.267, 166
Trd, 000092.433, 159
Trd, 000094.117, 158
Trd, 000094.233, 157
Trd, 000095.667, 158
Trd, 000095.800, 165
Trd, 000095.933, 167
Trd, 000096.150, 157
Trd, 000096.583, 166
Trd, 000096.733, 174
Trd, 000098.667, 169
Trd, 000098.700, 168
Trd, 000099.800, 167
Trd, 000099.967, 165
Trd, 000100.967, 175
Trd, 000102.167, 162
Trd, 000102.650, 169
Trd, 000102.700, 162
Trd, 000103.667, 164
Trd, 000105.200, 165
Trd, 000105.317, 162
Trd, 000105.683, 167
Trd, 000106.283, 164
Trd, 000106.700, 166
Trd, 000107.033, 159
Trd, 000107.367, 193
Trd, 000107.700, 158
Trd, 000108.100, 144
Trd, 000108.733, 193
Trd, 000109.267, 161
Trd, 000110.133, 171
Trd, 000112.350, 173
Trd, 000112.633, 169
Trd, 000113.117, 174
Trd, 000113.183, 168
Trd, 000113.767, 176
Trd, 000114.267, 159
Trd, 000116.083, 170
Trd, 000116.183, 169
Trd, 000116.800, 169
Trd, 000117.217, 168
Trd, 000117.750, 158
Trd, 000118.517, 165
Trd, 000118.650, 160
Trd, 000119.550, 171
Trd, 000119.917, 170
Trd, 000120.283, 171
Trd, 000121.117, 171
Trd, 000122.217, 168
Trd, 000122.500, 162
Trd, 000123.267, 168
Trd, 000125.133, 166
Trd, 000126.117, 162
Trd, 000126.267, 166
Trd, 000126.600, 160
Trd, 000126.783, 153
Trd, 000126.900, 170
Trd, 000127.267, 157
Trd, 000127.283, 148
Trd, 000129.283, 161
Trd, 000129.517, 164
Trd, 000129.933, 164
Trd, 000130.750, 172
Trd, 000130.867, 171
Trd, 000131.067, 163
Trd, 000132.433, 163
Trd, 000132.467, 161
Trd, 000132.550, 164
Trd, 000132.783, 150
Trd, 000133.967, 165
Trd, 000134.033, 166
Trd, 000135.883, 170
Trd, 000136.150, 162
Trd, 000136.583, 163
Trd, 000137.783, 164
Trd, 000138.383, 169
Trd, 000138.567, 164
Trd, 000138.650, 163
Trd, 000139.633, 172
Trd, 000140.617, 174
Trd, 000141.133, 174
Trd, 000141.350, 176
Trd, 000141.383, 173
Trd, 000141.533, 179
Trd, 000142.000, 162
Trd, 000142.783, 162
Trd, 000143.483, 185
Trd, 000144.667, 168
Trd, 000146.667, 172
Trd, 000147.150, 170
Trd, 000147.900, 172
Trd, 000148.033, 168
Trd, 000148.050, 167
Trd, 000148.633, 172
Trd, 000149.600, 166
Trd, 000149.817, 164
Trd, 000150.483, 163
Trd, 000150.900, 167
Trd, 000151.500, 164
Trd, 000151.800, 157
Trd, 000152.550, 173
Trd, 000153.200, 179
Trd, 000154.900, 164
Trd, 000155.800, 164
Trd, 000156.150, 164
Trd, 000157.000, 167
Trd, 000157.767, 170
Trd, 000158.300, 168
Trd, 000158.917, 179
Trd, 000159.150, 185
Trd, 000159.183, 174
Trd, 000159.217, 173
Trd, 000161.100, 175
Trd, 000161.467, 174
Trd, 000161.567, 173
Trd, 000162.600, 172
Trd, 000162.800, 174
Trd, 000163.300, 166
Trd, 000164.767, 171
Trd, 000165.517, 174
Trd, 000165.533, 171
Trd, 000165.550, 170
Trd, 000165.817, 174
Trd, 000166.133, 165
Trd, 000167.983, 168
Trd, 000168.217, 178
Trd, 000170.317, 172
Trd, 000170.550, 173
Trd, 000170.717, 168
Trd, 000170.767, 173
Trd, 000171.333, 168
Trd, 000171.750, 175
Trd, 000172.350, 168
Trd, 000172.933, 168
Trd, 000173.067, 165
Trd, 000173.133, 179
Trd, 000173.517, 158
Trd, 000174.283, 164
Trd, 000175.050, 164
Trd, 000176.150, 177
Trd, 000177.067, 167
Trd, 000177.300, 169
Trd, 000178.167, 167
Trd, 000178.900, 169
Trd, 000179.467, 167
Trd, 000180.433, 167
Trd, 000180.567, 166
Trd, 000181.650, 166
Trd, 000182.000, 168
Trd, 000182.433, 166
Trd, 000182.867, 164
Trd, 000183.000, 175
Trd, 000183.967, 168
Trd, 000184.783, 166
Trd, 000184.800, 182
Trd, 000185.767, 170
Trd, 000186.183, 176
Trd, 000187.850, 170
Trd, 000188.433, 172
Trd, 000188.633, 174
Trd, 000188.967, 176
Trd, 000189.133, 171
Trd, 000189.267, 168
Trd, 000189.417, 168
Trd, 000190.017, 177
Trd, 000192.950, 174
Trd, 000193.550, 172
Trd, 000193.867, 171
Trd, 000194.133, 171
Trd, 000194.767, 170
Trd, 000195.267, 169
Trd, 000195.367, 167
Trd, 000195.417, 160
Trd, 000195.500, 172
Trd, 000195.683, 177
Trd, 000196.517, 177
Trd, 000198.200, 175
Trd, 000198.367, 170
Trd, 000198.817, 173
Trd, 000198.833, 159
Trd, 000199.083, 174
Trd, 000199.417, 164
Trd, 000200.617, 171
Trd, 000200.733, 170
Trd, 000201.983, 173
Trd, 000202.883, 169
Trd, 000203.517, 168
Trd, 000203.933, 176
Trd, 000204.000, 178
Trd, 000205.017, 172
Trd, 000205.550, 171
Trd, 000206.250, 173
Trd, 000206.483, 170
Trd, 000207.933, 168
Trd, 000208.450, 168
Trd, 000208.533, 169
Trd, 000208.617, 170
Trd, 000210.117, 169
Trd, 000210.367, 171
Trd, 000210.867, 166
Trd, 000211.183, 179
Trd, 000211.433, 162
Trd, 000211.483, 158
Trd, 000212.950, 180
Trd, 000213.250, 180
Trd, 000213.350, 179
Trd, 000213.783, 171
Trd, 000213.850, 162
Trd, 000214.683, 172
Trd, 000215.483, 181
Trd, 000216.733, 172
Trd, 000216.933, 173
Trd, 000216.983, 172
Trd, 000218.033, 173
Trd, 000218.583, 170
Trd, 000218.967, 180
Trd, 000219.117, 181
Trd, 000219.700, 174
Trd, 000220.600, 175
Trd, 000220.667, 176
Trd, 000221.467, 172
Trd, 000222.017, 194
Trd, 000222.767, 170
Trd, 000223.833, 177
Trd, 000224.550, 174
Trd, 000225.067, 178
Trd, 000225.100, 179
Trd, 000225.300, 175
Trd, 000225.433, 174
Trd, 000226.217, 180
Trd, 000228.617, 181
Trd, 000229.567, 175
Trd, 000229.750, 175
Trd, 000230.000, 174
Trd, 000230.317, 180
Trd, 000231.483, 180
Trd, 000231.867, 173
Trd, 000233.833, 178
Trd, 000233.867, 179
Trd, 000234.000, 174
Trd, 000234.950, 180
Trd, 000235.183, 172
Trd, 000235.900, 180
Trd, 000236.200, 172
Trd, 000236.417, 188
Trd, 000237.350, 182
Trd, 000238.333, 175
Trd, 000238.717, 179
Trd, 000238.833, 174
Trd, 000239.900, 174
Trd, 000240.050, 172
Trd, 000240.100, 165
Trd, 000240.500, 166
Trd, 000240.650, 166
Trd, 000241.167, 170
Trd, 000241.267, 169
Trd, 000241.667, 169
Trd, 000241.950, 171
Trd, 000242.117, 172
Trd, 000243.000, 179
Trd, 000243.417, 189
Trd, 000243.533, 178
Trd, 000243.650, 177
Trd, 000243.750, 179
Trd, 000244.383, 179
Trd, 000245.033, 167
Trd, 000245.050, 185
Trd, 000245.200, 161
Trd, 000246.217, 174
Trd, 000247.300, 176
Trd, 000248.000, 175
Trd, 000248.383, 176
Trd, 000248.417, 174
Trd, 000248.617, 174
Trd, 000249.283, 175
Trd, 000249.517, 174
Trd, 000250.183, 174
Trd, 000250.233, 177
Trd, 000250.567, 175
Trd, 000250.833, 178
Trd, 000251.100, 173
Trd, 000251.233, 166
Trd, 000251.883, 174
Trd, 000252.667, 183
Trd, 000252.933, 173
Trd, 000253.350, 171
Trd, 000254.150, 175
Trd, 000255.350, 175
Trd, 000255.467, 174
Trd, 000255.817, 181
Trd, 000255.917, 184
Trd, 000256.200, 180
Trd, 000256.650, 185
Trd, 000257.450, 184
Trd, 000257.483, 185
Trd, 000257.517, 183
Trd, 000257.867, 186
Trd, 000257.933, 184
Trd, 000258.833, 181
Trd, 000259.267, 184
Trd, 000259.683, 180
Trd, 000260.367, 179
Trd, 000261.383, 179
Trd, 000261.617, 183
Trd, 000261.800, 176
Trd, 000262.917, 174
Trd, 000263.133, 175
Trd, 000263.817, 172
Trd, 000263.850, 167
Trd, 000264.200, 157
Trd, 000264.333, 169
Trd, 000264.883, 172
Trd, 000264.900, 171
Trd, 000264.983, 171
Trd, 000265.250, 175
Trd, 000265.550, 168
Trd, 000265.967, 174
Trd, 000266.517, 173
Trd, 000266.767, 172
Trd, 000267.267, 167
Trd, 000268.150, 171
Trd, 000268.350, 172
Trd, 000268.717, 170
Trd, 000269.033, 174
Trd, 000269.317, 183
Trd, 000270.533, 178
Trd, 000270.583, 185
Trd, 000271.133, 183
Trd, 000271.650, 179
Trd, 000271.783, 178
Trd, 000272.150, 185
Trd, 000272.900, 176
Trd, 000273.567, 180
Trd, 000274.133, 186
Trd, 000274.517, 191
Trd, 000274.883, 186
Trd, 000274.900, 185
Trd, 000275.033, 192
Trd, 000275.050, 190
Trd, 000276.267, 187
Trd, 000276.633, 186
Trd, 000276.950, 185
Trd, 000277.333, 186
Trd, 000277.883, 179
Trd, 000278.017, 177
Trd, 000278.183, 181
Trd, 000278.267, 188
Trd, 000278.400, 175
Trd, 000278.667, 176
Trd, 000279.267, 176
Trd, 000279.683, 187
Trd, 000280.433, 187
Trd, 000280.450, 186
Trd, 000280.733, 180
Trd, 000280.883, 177
Trd, 000281.717, 180
Trd, 000281.900, 176
Trd, 000282.350, 183
Trd, 000283.600, 182
Trd, 000284.367, 179
Trd, 000285.000, 179
Trd, 000285.367, 183
Trd, 000285.683, 186
Trd, 000285.900, 180
Trd, 000286.467, 178
Trd, 000286.650, 176
Trd, 000287.017, 178
Trd, 000287.067, 170
Trd, 000287.283, 167
Trd, 000287.767, 167
Trd, 000287.867, 179
Trd, 000288.150, 187
Trd, 000288.733, 192
Trd, 000289.183, 194
Trd, 000289.483, 177
Trd, 000290.100, 179
Trd, 000290.267, 177
Trd, 000290.517, 181
Trd, 000290.750, 169
Trd, 000290.850, 185
Trd, 000291.317, 166
Trd, 000291.700, 168
Trd, 000292.400, 166
Trd, 000292.750, 166
Trd, 000293.100, 171
Trd, 000293.833, 173
Trd, 000294.017, 171
Trd, 000294.900, 171
Trd, 000295.417, 170
Trd, 000295.983, 173
Trd, 000296.067, 174
Trd, 000296.283, 188
Trd, 000297.033, 187
Trd, 000297.117, 169
Trd, 000297.667, 188
Trd, 000297.767, 167
Trd, 000298.150, 182
Trd, 000298.767, 193
Trd, 000298.883, 180
Trd, 000299.033, 185
Trd, 000299.300, 179
Trd, 000299.617, 172
