Trd, 000001.733, 179
Trd, 000001.867, 182
Trd, 000002.517, 161
Trd, 000002.683, 160
Trd, 000003.033, 114
Trd, 000003.917, 110
Trd, 000005.200, 175
Trd, 000006.767, 169
Trd, 000007.500, 166
Trd, 000007.550, 165
Trd, 000008.250, 148
Trd, 000008.333, 152
Trd, 000008.383, 153
Trd, 000008.450, 158
Trd, 000008.550, 160
Trd, 000009.583, 155
Trd, 000010.050, 151
Trd, 000010.200, 156
Trd, 000010.233, 132
Trd, 000011.900, 135
Trd, 000012.050, 112
Trd, 000013.217, 134
Trd, 000013.583, 134
Trd, 000013.617, 135
Trd, 000013.850, 151
Trd, 000013.883, 152
Trd, 000014.433, 159
Trd, 000014.467, 158
Trd, 000014.600, 157
Trd, 000014.633, 160
Trd, 000016.800, 161
Trd, 000017.350, 162
Trd, 000017.767, 162
Trd, 000017.933, 158
Trd, 000018.167, 163
Trd, 000018.317, 146
Trd, 000018.817, 164
Trd, 000019.183, 167
Trd, 000019.300, 148
Trd, 000019.733, 168
Trd, 000019.983, 141
Trd, 000020.383, 176
Trd, 000020.983, 158
Trd, 000021.100, 177
Trd, 000022.350, 171
Trd, 000022.733, 170
Trd, 000023.450, 170
Trd, 000023.867, 166
Trd, 000025.300, 157
Trd, 000025.383, 150
Trd, 000025.800, 134
Trd, 000025.883, 161
Trd, 000027.283, 151
Trd, 000027.333, 146
Trd, 000027.483, 146
Trd, 000027.883, 152
Trd, 000028.133, 153
Trd, 000029.283, 154
Trd, 000029.333, 155
Trd, 000029.733, 136
Trd, 000030.250, 158
Trd, 000030.450, 136
Trd, 000030.900, 151
Trd, 000031.183, 142
Trd, 000031.667, 146
Trd, 000032.133, 160
Trd, 000032.233, 164
Trd, 000032.583, 165
Trd, 000032.850, 135
Trd, 000032.933, 122
Trd, 000033.100, 165
Trd, 000034.550, 144
Trd, 000035.000, 139
Trd, 000036.917, 152
Trd, 000037.150, 151
Trd, 000037.450, 160
Trd, 000037.983, 157
Trd, 000038.067, 158
Trd, 000038.617, 159
Trd, 000039.367, 166
Trd, 000040.000, 167
Trd, 000040.100, 156
Trd, 000040.683, 157
Trd, 000041.117, 167
Trd, 000041.267, 158
Trd, 000041.433, 158
Trd, 000041.867, 152
Trd, 000042.200, 146
Trd, 000042.767, 139
Trd, 000042.983, 136
Trd, 000043.850, 118
Trd, 000044.217, 114
Trd, 000044.600, 124
Trd, 000044.733, 152
Trd, 000045.783, 126
Trd, 000045.983, 164
Trd, 000046.150, 165
Trd, 000046.767, 166
Trd, 000047.217, 139
Trd, 000047.717, 169
Trd, 000047.900, 171
Trd, 000048.183, 164
Trd, 000048.317, 172
Trd, 000048.717, 184
Trd, 000048.850, 141
Trd, 000049.900, 118
Trd, 000050.250, 139
Trd, 000051.517, 142
Trd, 000052.033, 142
Trd, 000052.217, 140
Trd, 000053.000, 156
Trd, 000053.600, 166
Trd, 000053.983, 157
Trd, 000054.183, 139
Trd, 000055.050, 153
Trd, 000055.200, 140
Trd, 000055.617, 160
Trd, 000056.067, 164
Trd, 000056.533, 140
Trd, 000057.783, 162
Trd, 000058.200, 155
Trd, 000058.383, 156
Trd, 000058.467, 152
Trd, 000058.517, 151
Trd, 000059.217, 158
Trd, 000059.733, 151
Trd, 000060.017, 166
Trd, 000060.433, 150
Trd, 000061.117, 165
Trd, 000062.600, 154
Trd, 000064.017, 154
Trd, 000064.300, 157
Trd, 000065.083, 154
Trd, 000065.217, 158
Trd, 000065.250, 154
Trd, 000065.483, 151
Trd, 000065.650, 156
Trd, 000065.717, 161
Trd, 000066.350, 141
Trd, 000066.467, 168
Trd, 000067.150, 140
Trd, 000067.367, 148
Trd, 000067.533, 158
Trd, 000068.817, 147
Trd, 000068.850, 156
Trd, 000069.050, 146
Trd, 000069.500, 154
Trd, 000070.233, 151
Trd, 000070.417, 155
Trd, 000070.433, 156
Trd, 000071.267, 129
Trd, 000071.783, 167
Trd, 000072.200, 161
Trd, 000072.633, 137
Trd, 000072.667, 142
Trd, 000073.733, 150
Trd, 000073.750, 161
Trd, 000074.417, 159
Trd, 000074.700, 156
Trd, 000076.267, 151
Trd, 000076.283, 148
Trd, 000077.400, 140
Trd, 000078.033, 140
Trd, 000078.100, 141
Trd, 000078.150, 126
Trd, 000078.517, 142
Trd, 000078.950, 140
Trd, 000079.433, 151
Trd, 000079.533, 156
Trd, 000079.717, 160
Trd, 000080.200, 163
Trd, 000080.617, 183
Trd, 000082.250, 183
Trd, 000082.767, 140
Trd, 000083.000, 182
Trd, 000083.700, 176
Trd, 000084.150, 169
Trd, 000084.233, 168
Trd, 000084.433, 163
Trd, 000085.217, 144
Trd, 000085.417, 146
Trd, 000085.600, 147
Trd, 000086.450, 143
Trd, 000086.717, 157
Trd, 000087.200, 152
Trd, 000087.567, 153
Trd, 000088.683, 153
Trd, 000089.717, 135
Trd, 000089.817, 121
Trd, 000090.167, 134
Trd, 000090.283, 125
Trd, 000090.583, 135
Trd, 000090.817, 136
Trd, 000090.967, 151
Trd, 000092.267, 159
Trd, 000092.433, 160
Trd, 000092.450, 165
Trd, 000093.250, 153
Trd, 000093.750, 153
Trd, 000095.017, 161
Trd, 000095.183, 153
Trd, 000095.333, 162
Trd, 000095.433, 163
Trd, 000095.450, 170
Trd, 000095.550, 152
Trd, 000095.683, 171
Trd, 000096.767, 176
Trd, 000097.983, 144
Trd, 000099.567, 145
Trd, 000099.917, 162
Trd, 000100.717, 151
Trd, 000100.933, 147
Trd, 000101.483, 148
Trd, 000101.867, 147
Trd, 000102.150, 150
Trd, 000102.533, 157
Trd, 000103.100, 158
Trd, 000103.517, 142
Trd, 000103.867, 141
Trd, 000104.600, 153
Trd, 000105.900, 157
Trd, 000105.950, 158
Trd, 000107.333, 148
Trd, 000107.600, 154
Trd, 000107.900, 167
Trd, 000109.283, 151
Trd, 000109.883, 161
Trd, 000110.267, 151
Trd, 000110.383, 162
Trd, 000110.717, 173
Trd, 000111.567, 155
Trd, 000111.683, 154
Trd, 000111.733, 164
Trd, 000111.817, 142
Trd, 000111.850, 167
Trd, 000112.017, 163
Trd, 000112.100, 169
Trd, 000112.233, 123
Trd, 000112.800, 144
Trd, 000113.017, 179
Trd, 000113.700, 151
Trd, 000114.700, 165
Trd, 000114.950, 166
Trd, 000115.133, 164
Trd, 000116.233, 160
Trd, 000117.800, 159
Trd, 000117.917, 160
Trd, 000118.133, 158
Trd, 000118.517, 157
Trd, 000118.783, 160
Trd, 000119.167, 163
Trd, 000119.567, 174
Trd, 000119.883, 161
Trd, 000120.300, 161
Trd, 000120.683, 161
Trd, 000121.067, 162
Trd, 000121.100, 171
Trd, 000122.017, 173
Trd, 000122.283, 174
Trd, 000122.300, 159
Trd, 000123.583, 144
Trd, 000123.750, 158
Trd, 000123.967, 157
Trd, 000124.067, 169
Trd, 000124.700, 162
Trd, 000124.917, 164
Trd, 000125.433, 158
Trd, 000125.633, 180
Trd, 000125.983, 144
Trd, 000126.950, 143
Trd, 000127.133, 144
Trd, 000127.217, 145
Trd, 000128.100, 147
Trd, 000128.383, 161
Trd, 000129.683, 164
Trd, 000129.733, 175
Trd, 000130.267, 168
Trd, 000130.967, 162
Trd, 000131.517, 166
Trd, 000131.583, 159
Trd, 000131.700, 167
Trd, 000132.533, 161
Trd, 000132.550, 168
Trd, 000132.750, 159
Trd, 000133.000, 169
Trd, 000133.467, 158
Trd, 000134.233, 147
Trd, 000134.617, 153
Trd, 000135.450, 160
Trd, 000135.500, 131
Trd, 000136.100, 160
Trd, 000137.817, 143
Trd, 000138.150, 146
Trd, 000139.583, 147
Trd, 000139.650, 161
Trd, 000140.283, 148
Trd, 000140.950, 164
Trd, 000140.983, 165
Trd, 000141.050, 146
Trd, 000141.417, 175
Trd, 000142.750, 156
Trd, 000142.883, 164
Trd, 000143.633, 172
Trd, 000143.900, 172
Trd, 000143.917, 163
Trd, 000144.167, 164
Trd, 000144.433, 176
Trd, 000145.083, 177
Trd, 000145.867, 176
Trd, 000146.517, 164
Trd, 000147.467, 163
Trd, 000147.550, 172
Trd, 000149.167, 147
Trd, 000149.617, 149
Trd, 000149.650, 163
Trd, 000149.817, 163
Trd, 000149.967, 166
Trd, 000150.250, 135
Trd, 000150.483, 150
Trd, 000151.383, 164
Trd, 000151.467, 133
Trd, 000152.333, 164
Trd, 000152.750, 157
Trd, 000153.150, 144
Trd, 000153.467, 146
Trd, 000154.133, 146
Trd, 000154.400, 143
Trd, 000154.483, 149
Trd, 000154.750, 149
Trd, 000154.833, 133
Trd, 000156.667, 150
Trd, 000156.900, 149
Trd, 000157.450, 147
Trd, 000158.300, 150
Trd, 000158.317, 150
Trd, 000158.583, 172
Trd, 000159.083, 169
Trd, 000159.467, 177
Trd, 000160.367, 177
Trd, 000160.750, 166
Trd, 000161.133, 166
Trd, 000162.250, 167
Trd, 000162.433, 174
Trd, 000162.450, 164
Trd, 000162.750, 175
Trd, 000163.733, 175
Trd, 000163.800, 176
Trd, 000164.633, 167
Trd, 000165.217, 171
Trd, 000165.950, 167
Trd, 000166.383, 167
Trd, 000166.467, 171
Trd, 000166.667, 168
Trd, 000166.717, 166
Trd, 000168.533, 139
Trd, 000169.117, 163
Trd, 000169.383, 166
Trd, 000170.017, 167
Trd, 000170.850, 162
Trd, 000171.617, 168
Trd, 000171.917, 171
Trd, 000172.217, 164
Trd, 000172.300, 177
Trd, 000172.383, 163
Trd, 000172.400, 161
Trd, 000172.483, 160
Trd, 000172.667, 175
Trd, 000173.433, 129
Trd, 000174.200, 155
Trd, 000175.333, 164
Trd, 000176.583, 143
Trd, 000176.883, 161
Trd, 000178.117, 144
Trd, 000178.500, 171
Trd, 000178.550, 172
Trd, 000178.750, 180
Trd, 000178.883, 156
Trd, 000179.300, 181
Trd, 000179.383, 163
Trd, 000179.433, 155
Trd, 000180.267, 153
Trd, 000180.750, 179
Trd, 000181.383, 171
Trd, 000181.967, 180
Trd, 000182.617, 180
Trd, 000182.667, 182
Trd, 000182.750, 185
Trd, 000182.833, 186
Trd, 000183.150, 156
Trd, 000184.400, 152
Trd, 000184.717, 152
Trd, 000185.367, 151
Trd, 000186.267, 178
Trd, 000186.783, 153
Trd, 000186.833, 150
Trd, 000188.100, 155
Trd, 000188.333, 161
Trd, 000189.033, 167
Trd, 000189.433, 170
Trd, 000189.600, 171
Trd, 000189.767, 130
Trd, 000191.083, 146
Trd, 000191.133, 176
Trd, 000191.183, 133
Trd, 000191.317, 178
Trd, 000191.450, 181
Trd, 000192.133, 152
Trd, 000192.200, 149
Trd, 000192.950, 134
Trd, 000194.017, 137
Trd, 000194.667, 141
Trd, 000195.483, 143
Trd, 000195.683, 144
Trd, 000196.083, 143
Trd, 000196.367, 153
Trd, 000196.767, 170
Trd, 000196.950, 174
Trd, 000197.333, 179
Trd, 000197.750, 142
Trd, 000198.200, 176
Trd, 000198.233, 154
Trd, 000198.383, 154
Trd, 000200.100, 174
Trd, 000200.933, 149
Trd, 000200.967, 176
Trd, 000201.083, 174
Trd, 000202.217, 161
Trd, 000202.850, 173
Trd, 000203.683, 171
Trd, 000204.133, 157
Trd, 000204.350, 133
Trd, 000204.983, 170
Trd, 000205.050, 156
Trd, 000205.217, 171
Trd, 000205.400, 134
Trd, 000207.550, 175
Trd, 000208.250, 176
Trd, 000208.533, 165
Trd, 000208.900, 183
Trd, 000209.300, 163
Trd, 000209.333, 184
Trd, 000209.517, 163
Trd, 000209.750, 177
Trd, 000210.067, 178
Trd, 000211.267, 180
Trd, 000211.300, 168
Trd, 000212.017, 182
Trd, 000212.533, 169
Trd, 000212.650, 168
Trd, 000212.733, 159
Trd, 000213.067, 179
Trd, 000213.100, 152
Trd, 000213.650, 179
Trd, 000214.250, 180
Trd, 000214.833, 167
Trd, 000215.500, 165
Trd, 000215.800, 181
Trd, 000216.483, 167
Trd, 000217.050, 167
Trd, 000217.383, 170
Trd, 000217.650, 179
Trd, 000219.383, 176
Trd, 000219.633, 175
Trd, 000219.983, 176
Trd, 000220.483, 178
Trd, 000221.083, 174
Trd, 000221.350, 174
Trd, 000221.600, 174
Trd, 000222.000, 180
Trd, 000222.283, 184
Trd, 000222.983, 187
Trd, 000223.317, 176
Trd, 000223.583, 170
Trd, 000223.683, 173
Trd, 000224.417, 154
Trd, 000224.500, 153
Trd, 000224.767, 155
Trd, 000225.367, 156
Trd, 000225.867, 154
Trd, 000226.200, 143
Trd, 000226.283, 151
Trd, 000227.167, 145
Trd, 000227.300, 171
Trd, 000228.100, 174
Trd, 000228.617, 160
Trd, 000228.967, 182
Trd, 000229.367, 160
Trd, 000229.883, 181
Trd, 000230.133, 161
Trd, 000230.217, 154
Trd, 000230.283, 154
Trd, 000231.550, 176
Trd, 000231.617, 177
Trd, 000231.750, 133
Trd, 000232.667, 174
Trd, 000232.733, 177
Trd, 000232.867, 137
Trd, 000233.567, 184
Trd, 000234.117, 155
Trd, 000234.300, 153
Trd, 000235.100, 146
Trd, 000235.467, 157
Trd, 000237.883, 182
Trd, 000237.983, 183
Trd, 000238.000, 173
Trd, 000238.383, 188
Trd, 000238.500, 172
Trd, 000239.150, 186
Trd, 000239.233, 171
Trd, 000239.950, 167
Trd, 000240.283, 174
Trd, 000240.550, 176
Trd, 000240.817, 175
Trd, 000241.317, 178
Trd, 000241.450, 178
Trd, 000241.600, 180
Trd, 000241.933, 178
Trd, 000242.483, 182
Trd, 000242.650, 178
Trd, 000243.683, 181
Trd, 000243.783, 179
Trd, 000244.083, 168
Trd, 000244.133, 183
Trd, 000244.367, 186
Trd, 000244.467, 189
Trd, 000244.567, 189
Trd, 000244.900, 191
Trd, 000246.367, 172
Trd, 000247.067, 187
Trd, 000247.333, 187
Trd, 000248.083, 182
Trd, 000248.217, 190
Trd, 000249.317, 184
Trd, 000249.433, 182
Trd, 000249.583, 188
Trd, 000250.000, 184
Trd, 000250.017, 179
Trd, 000250.550, 183
Trd, 000251.133, 184
Trd, 000251.483, 186
Trd, 000251.533, 184
Trd, 000252.533, 186
Trd, 000253.217, 187
Trd, 000253.767, 189
Trd, 000254.150, 183
Trd, 000254.617, 182
Trd, 000254.800, 173
Trd, 000255.117, 176
Trd, 000255.833, 176
Trd, 000256.017, 175
Trd, 000256.150, 181
Trd, 000256.333, 166
Trd, 000256.350, 182
Trd, 000256.717, 165
Trd, 000256.883, 162
Trd, 000257.100, 180
Trd, 000257.367, 165
Trd, 000257.717, 178
Trd, 000258.217, 183
Trd, 000258.350, 184
Trd, 000258.400, 190
Trd, 000258.717, 160
Trd, 000259.650, 188
Trd, 000260.617, 178
Trd, 000260.683, 174
Trd, 000261.783, 178
Trd, 000261.867, 177
Trd, 000262.833, 175
Trd, 000262.883, 177
Trd, 000262.933, 170
Trd, 000263.600, 175
Trd, 000263.650, 176
Trd, 000264.017, 184
Trd, 000264.400, 171
Trd, 000265.050, 159
Trd, 000265.117, 170
Trd, 000265.200, 175
Trd, 000265.600, 177
Trd, 000265.767, 178
Trd, 000265.800, 176
Trd, 000266.067, 178
Trd, 000266.950, 181
Trd, 000267.417, 175
Trd, 000267.700, 174
Trd, 000267.967, 175
Trd, 000268.933, 180
Trd, 000269.000, 175
Trd, 000269.433, 171
Trd, 000269.633, 173
Trd, 000269.883, 170
Trd, 000270.033, 171
Trd, 000270.367, 170
Trd, 000270.817, 178
Trd, 000270.850, 179
Trd, 000270.867, 171
Trd, 000271.017, 164
Trd, 000271.367, 158
Trd, 000271.750, 182
Trd, 000271.833, 185
Trd, 000271.917, 154
Trd, 000272.517, 188
Trd, 000274.017, 181
Trd, 000274.450, 178
Trd, 000274.583, 181
Trd, 000274.717, 177
Trd, 000274.800, 182
Trd, 000275.117, 175
Trd, 000275.667, 175
Trd, 000275.883, 174
Trd, 000277.750, 178
Trd, 000277.817, 180
Trd, 000278.183, 181
Trd, 000278.700, 178
Trd, 000278.900, 171
Trd, 000279.533, 179
Trd, 000280.433, 179
Trd, 000280.567, 175
Trd, 000280.600, 175
Trd, 000280.750, 174
Trd, 000280.883, 179
Trd, 000281.733, 172
Trd, 000282.117, 175
Trd, 000282.167, 176
Trd, 000282.267, 178
Trd, 000282.733, 181
Trd, 000283.167, 172
Trd, 000283.800, 182
Trd, 000284.317, 182
Trd, 000285.500, 180
Trd, 000285.717, 180
Trd, 000285.967, 181
Trd, 000286.450, 179
Trd, 000286.483, 173
Trd, 000286.517, 183
Trd, 000286.983, 186
Trd, 000288.200, 179
Trd, 000288.367, 178
Trd, 000289.000, 188
Trd, 000289.300, 178
Trd, 000289.800, 177
Trd, 000289.850, 190
Trd, 000290.350, 181
Trd, 000291.333, 182
Trd, 000291.417, 197
Trd, 000291.467, 197
Trd, 000291.717, 191
Trd, 000292.500, 184
Trd, 000292.667, 176
Trd, 000292.867, 175
Trd, 000293.083, 179
Trd, 000293.517, 183
Trd, 000294.033, 175
Trd, 000294.700, 174
Trd, 000295.433, 181
Trd, 000295.617, 182
Trd, 000295.750, 182
Trd, 000296.333, 175
Trd, 000296.417, 184
Trd, 000296.717, 173
Trd, 000298.833, 178
Trd, 000299.067, 181
Trd, 000299.233, 182
Trd, 000299.283, 178
Trd, 000299.367, 166
Trd, 000299.950, 161
