Trd, 000001.700, 131
Trd, 000003.217, 141
Trd, 000003.483, 140
Trd, 000004.017, 147
Trd, 000004.433, 140
Trd, 000004.950, 181
Trd, 000005.433, 165
Trd, 000005.683, 141
Trd, 000005.833, 150
Trd, 000006.183, 151
Trd, 000006.217, 140
Trd, 000006.467, 150
Trd, 000006.517, 149
Trd, 000007.317, 134
Trd, 000007.617, 135
Trd, 000008.500, 136
Trd, 000009.033, 135
Trd, 000009.300, 144
Trd, 000009.717, 145
Trd, 000009.900, 145
Trd, 000010.350, 137
Trd, 000010.500, 138
Trd, 000012.150, 145
Trd, 000012.183, 145
Trd, 000012.467, 138
Trd, 000012.683, 137
Trd, 000013.233, 159
Trd, 000014.300, 143
Trd, 000014.800, 151
Trd, 000015.717, 150
Trd, 000016.500, 149
Trd, 000016.600, 149
Trd, 000016.800, 148
Trd, 000017.033, 150
Trd, 000017.100, 145
Trd, 000018.517, 150
Trd, 000018.533, 151
Trd, 000018.550, 152
Trd, 000019.083, 137
Trd, 000019.200, 136
Trd, 000020.067, 135
Trd, 000021.117, 139
Trd, 000021.400, 138
Trd, 000021.817, 141
Trd, 000023.933, 141
Trd, 000024.000, 143
Trd, 000024.183, 141
Trd, 000024.233, 140
Trd, 000024.267, 148
Trd, 000024.417, 149
Trd, 000024.917, 146
Trd, 000025.467, 143
Trd, 000027.133, 145
Trd, 000027.400, 143
Trd, 000027.983, 147
Trd, 000028.017, 142
Trd, 000028.067, 139
Trd, 000028.933, 148
Trd, 000029.283, 150
Trd, 000029.900, 151
Trd, 000030.817, 147
Trd, 000031.250, 147
Trd, 000031.450, 145
Trd, 000032.450, 148
Trd, 000033.267, 149
Trd, 000033.483, 149
Trd, 000033.850, 148
Trd, 000035.100, 147
Trd, 000035.200, 145
Trd, 000035.767, 145
Trd, 000035.933, 145
Trd, 000036.250, 138
Trd, 000037.417, 149
Trd, 000038.133, 151
Trd, 000038.733, 152
Trd, 000038.917, 160
Trd, 000038.933, 147
Trd, 000039.217, 148
Trd, 000040.500, 152
Trd, 000041.283, 162
Trd, 000041.417, 152
Trd, 000041.733, 155
Trd, 000041.900, 151
Trd, 000042.167, 158
Trd, 000043.150, 156
Trd, 000044.317, 156
Trd, 000044.483, 152
Trd, 000045.000, 152
Trd, 000045.083, 150
Trd, 000045.417, 155
Trd, 000045.517, 138
Trd, 000045.633, 155
Trd, 000046.150, 162
Trd, 000046.817, 150
Trd, 000048.083, 150
Trd, 000048.467, 149
Trd, 000049.717, 148
Trd, 000049.767, 148
Trd, 000049.983, 148
Trd, 000050.267, 149
Trd, 000051.133, 148
Trd, 000051.700, 146
Trd, 000051.983, 140
Trd, 000052.567, 147
Trd, 000053.217, 141
Trd, 000053.333, 140
Trd, 000055.100, 143
Trd, 000055.133, 141
Trd, 000055.217, 144
Trd, 000055.283, 141
Trd, 000055.517, 140
Trd, 000055.717, 153
Trd, 000055.750, 164
Trd, 000056.267, 154
Trd, 000057.050, 183
Trd, 000057.317, 153
Trd, 000057.350, 140
Trd, 000058.400, 139
Trd, 000058.483, 140
Trd, 000058.500, 156
Trd, 000059.133, 143
Trd, 000059.633, 161
Trd, 000061.533, 162
Trd, 000062.267, 167
Trd, 000062.317, 182
Trd, 000063.033, 171
Trd, 000063.050, 161
Trd, 000063.800, 168
Trd, 000064.033, 155
Trd, 000065.200, 168
Trd, 000065.767, 168
Trd, 000066.650, 162
Trd, 000066.800, 162
Trd, 000067.267, 161
Trd, 000067.417, 163
Trd, 000067.767, 162
Trd, 000067.817, 154
Trd, 000068.783, 161
Trd, 000069.633, 157
Trd, 000069.717, 157
Trd, 000070.067, 155
Trd, 000070.733, 155
Trd, 000071.017, 145
Trd, 000071.100, 140
Trd, 000071.283, 155
Trd, 000071.733, 165
Trd, 000071.867, 140
Trd, 000072.150, 172
Trd, 000072.350, 155
Trd, 000073.400, 163
Trd, 000075.883, 171
Trd, 000076.000, 172
Trd, 000076.067, 172
Trd, 000076.817, 170
Trd, 000077.000, 172
Trd, 000077.033, 173
Trd, 000077.667, 171
Trd, 000077.867, 170
Trd, 000078.100, 162
Trd, 000080.400, 165
Trd, 000081.717, 169
Trd, 000081.850, 167
Trd, 000082.250, 166
Trd, 000083.983, 163
Trd, 000084.567, 163
Trd, 000084.633, 166
Trd, 000084.817, 162
Trd, 000084.867, 156
Trd, 000084.950, 167
Trd, 000085.933, 151
Trd, 000086.033, 160
Trd, 000086.600, 156
Trd, 000086.933, 149
Trd, 000087.667, 155
Trd, 000088.283, 157
Trd, 000089.100, 157
Trd, 000089.350, 157
Trd, 000089.450, 158
Trd, 000090.483, 155
Trd, 000090.683, 155
Trd, 000090.717, 147
Trd, 000090.983, 156
Trd, 000091.083, 158
Trd, 000091.183, 159
Trd, 000091.533, 150
Trd, 000091.950, 149
Trd, 000092.333, 167
Trd, 000092.367, 174
Trd, 000093.967, 160
Trd, 000094.167, 167
Trd, 000094.817, 166
Trd, 000095.067, 162
Trd, 000095.950, 161
Trd, 000096.217, 158
Trd, 000096.300, 151
Trd, 000096.700, 146
Trd, 000096.867, 165
Trd, 000096.917, 141
Trd, 000097.950, 163
Trd, 000098.633, 157
Trd, 000098.700, 154
Trd, 000099.583, 155
Trd, 000100.600, 156
Trd, 000100.733, 155
Trd, 000101.017, 155
Trd, 000101.250, 154
Trd, 000101.467, 153
Trd, 000102.483, 154
Trd, 000102.917, 152
Trd, 000103.283, 152
Trd, 000103.783, 152
Trd, 000104.700, 154
Trd, 000104.983, 153
Trd, 000105.600, 156
Trd, 000105.617, 153
Trd, 000105.933, 158
Trd, 000106.433, 158
Trd, 000106.583, 147
Trd, 000107.167, 147
Trd, 000107.350, 146
Trd, 000107.633, 142
Trd, 000108.417, 137
Trd, 000109.100, 149
Trd, 000109.700, 145
Trd, 000110.383, 153
Trd, 000110.750, 148
Trd, 000110.900, 154
Trd, 000111.283, 147
Trd, 000111.617, 157
Trd, 000112.133, 159
Trd, 000112.367, 148
Trd, 000112.483, 147
Trd, 000114.050, 158
Trd, 000114.200, 157
Trd, 000114.400, 158
Trd, 000115.133, 158
Trd, 000115.200, 157
Trd, 000116.050, 160
Trd, 000116.100, 169
Trd, 000116.117, 176
Trd, 000116.500, 155
Trd, 000117.950, 156
Trd, 000118.267, 152
Trd, 000118.333, 142
Trd, 000118.917, 150
Trd, 000120.233, 156
Trd, 000120.583, 157
Trd, 000121.250, 154
Trd, 000121.617, 154
Trd, 000121.800, 155
Trd, 000122.250, 154
Trd, 000122.417, 155
Trd, 000122.967, 153
Trd, 000123.217, 155
Trd, 000123.383, 156
Trd, 000123.583, 160
Trd, 000123.817, 152
Trd, 000124.283, 167
Trd, 000124.650, 154
Trd, 000124.667, 148
Trd, 000125.417, 163
Trd, 000126.850, 151
Trd, 000127.233, 164
Trd, 000127.433, 150
Trd, 000128.350, 150
Trd, 000128.867, 148
Trd, 000129.133, 161
Trd, 000129.233, 162
Trd, 000129.583, 161
Trd, 000129.633, 158
Trd, 000130.050, 155
Trd, 000132.317, 162
Trd, 000133.350, 162
Trd, 000133.683, 161
Trd, 000133.733, 178
Trd, 000134.783, 161
Trd, 000134.867, 160
Trd, 000135.033, 160
Trd, 000135.550, 166
Trd, 000135.600, 167
Trd, 000136.317, 161
Trd, 000136.683, 162
Trd, 000138.333, 164
Trd, 000138.900, 162
Trd, 000138.967, 160
Trd, 000140.233, 163
Trd, 000140.333, 163
Trd, 000140.417, 162
Trd, 000140.517, 164
Trd, 000140.883, 178
Trd, 000140.983, 162
Trd, 000141.167, 157
Trd, 000141.933, 169
Trd, 000142.500, 154
Trd, 000143.017, 173
Trd, 000143.133, 154
Trd, 000144.933, 163
Trd, 000144.967, 162
Trd, 000145.817, 165
Trd, 000146.033, 163
Trd, 000146.583, 164
Trd, 000147.117, 161
Trd, 000147.250, 164
Trd, 000147.533, 169
Trd, 000148.250, 158
Trd, 000148.350, 165
Trd, 000148.367, 157
Trd, 000149.900, 158
Trd, 000150.300, 167
Trd, 000150.617, 163
Trd, 000150.850, 161
Trd, 000151.083, 164
Trd, 000151.217, 149
Trd, 000151.350, 164
Trd, 000152.217, 164
Trd, 000152.733, 157
Trd, 000153.700, 155
Trd, 000154.350, 156
Trd, 000154.567, 169
Trd, 000154.833, 164
Trd, 000155.650, 165
Trd, 000156.400, 163
Trd, 000156.517, 163
Trd, 000156.767, 153
Trd, 000157.000, 164
Trd, 000157.117, 148
Trd, 000158.033, 165
Trd, 000158.217, 165
Trd, 000158.733, 157
Trd, 000159.517, 157
Trd, 000159.583, 157
Trd, 000160.333, 162
Trd, 000160.517, 161
Trd, 000160.900, 163
Trd, 000161.583, 162
Trd, 000162.217, 163
Trd, 000162.450, 161
Trd, 000163.267, 160
Trd, 000163.817, 158
Trd, 000164.000, 161
Trd, 000164.217, 150
Trd, 000165.250, 157
Trd, 000165.967, 157
Trd, 000166.317, 156
Trd, 000166.833, 158
Trd, 000167.550, 158
Trd, 000167.633, 159
Trd, 000167.750, 156
Trd, 000167.850, 174
Trd, 000168.833, 161
Trd, 000169.050, 162
Trd, 000169.100, 160
Trd, 000169.317, 159
Trd, 000169.967, 164
Trd, 000170.333, 161
Trd, 000171.050, 160
Trd, 000171.233, 163
Trd, 000171.783, 165
Trd, 000172.100, 174
Trd, 000172.583, 168
Trd, 000172.950, 162
Trd, 000174.250, 153
Trd, 000175.467, 160
Trd, 000175.833, 166
Trd, 000176.383, 167
Trd, 000176.783, 166
Trd, 000176.800, 168
Trd, 000177.117, 167
Trd, 000178.200, 161
Trd, 000178.550, 160
Trd, 000178.933, 164
Trd, 000179.017, 164
Trd, 000179.133, 166
Trd, 000179.600, 167
Trd, 000179.883, 167
Trd, 000181.350, 166
Trd, 000181.567, 166
Trd, 000181.733, 183
Trd, 000182.383, 165
Trd, 000182.783, 169
Trd, 000184.617, 169
Trd, 000185.083, 170
Trd, 000185.250, 169
Trd, 000185.783, 168
Trd, 000186.283, 166
Trd, 000186.467, 171
Trd, 000187.050, 167
Trd, 000188.000, 161
Trd, 000189.800, 169
Trd, 000190.183, 167
Trd, 000190.700, 167
Trd, 000190.817, 168
Trd, 000190.850, 171
Trd, 000191.133, 168
Trd, 000191.433, 169
Trd, 000191.683, 171
Trd, 000192.867, 168
Trd, 000193.783, 167
Trd, 000193.917, 169
Trd, 000194.600, 162
Trd, 000194.667, 166
Trd, 000194.883, 156
Trd, 000195.700, 163
Trd, 000195.817, 155
Trd, 000195.833, 164
Trd, 000195.850, 154
Trd, 000195.867, 165
Trd, 000196.117, 146
Trd, 000197.117, 166
Trd, 000197.683, 175
Trd, 000198.267, 167
Trd, 000198.900, 167
Trd, 000201.117, 168
Trd, 000201.183, 166
Trd, 000201.667, 169
Trd, 000201.783, 169
Trd, 000202.133, 177
Trd, 000202.317, 163
Trd, 000202.733, 164
Trd, 000202.833, 163
Trd, 000203.217, 155
Trd, 000203.517, 158
Trd, 000204.117, 168
Trd, 000205.483, 162
Trd, 000205.650, 170
Trd, 000206.817, 166
Trd, 000206.900, 169
Trd, 000207.583, 167
Trd, 000208.300, 165
Trd, 000208.450, 165
Trd, 000208.467, 164
Trd, 000208.517, 167
Trd, 000208.750, 178
Trd, 000209.267, 184
Trd, 000210.150, 169
Trd, 000210.433, 167
Trd, 000211.167, 174
Trd, 000211.717, 162
Trd, 000213.333, 171
Trd, 000213.383, 158
Trd, 000213.617, 157
Trd, 000214.567, 164
Trd, 000215.117, 157
Trd, 000215.633, 159
Trd, 000215.717, 166
Trd, 000216.017, 168
Trd, 000216.233, 169
Trd, 000216.333, 157
Trd, 000216.683, 158
Trd, 000217.283, 171
Trd, 000217.683, 171
Trd, 000218.200, 170
Trd, 000218.517, 164
Trd, 000220.017, 170
Trd, 000220.167, 171
Trd, 000220.200, 169
Trd, 000220.317, 178
Trd, 000220.733, 166
Trd, 000220.967, 180
Trd, 000221.117, 165
Trd, 000221.617, 164
Trd, 000222.417, 165
Trd, 000223.700, 163
Trd, 000223.717, 157
Trd, 000223.800, 161
Trd, 000224.283, 167
Trd, 000224.550, 169
Trd, 000225.867, 171
Trd, 000226.017, 171
Trd, 000226.450, 171
Trd, 000226.900, 170
Trd, 000227.000, 166
Trd, 000227.183, 158
Trd, 000227.333, 172
Trd, 000229.783, 170
Trd, 000230.450, 168
Trd, 000230.483, 165
Trd, 000230.667, 169
Trd, 000230.950, 164
Trd, 000231.333, 157
Trd, 000231.683, 164
Trd, 000231.783, 157
Trd, 000231.883, 165
Trd, 000232.217, 171
Trd, 000234.750, 175
Trd, 000235.150, 179
Trd, 000235.200, 174
Trd, 000235.217, 188
Trd, 000235.267, 173
Trd, 000235.650, 179
Trd, 000235.833, 177
Trd, 000236.533, 172
Trd, 000236.617, 163
Trd, 000237.750, 179
Trd, 000238.017, 179
Trd, 000238.517, 176
Trd, 000239.333, 176
Trd, 000239.850, 176
Trd, 000239.967, 175
Trd, 000240.467, 172
Trd, 000240.650, 177
Trd, 000240.783, 172
Trd, 000240.800, 167
Trd, 000242.000, 157
Trd, 000242.200, 158
Trd, 000242.433, 165
Trd, 000243.167, 166
Trd, 000243.250, 168
Trd, 000243.383, 160
Trd, 000243.600, 175
Trd, 000243.633, 172
Trd, 000243.900, 176
Trd, 000244.150, 179
Trd, 000244.650, 178
Trd, 000245.183, 177
Trd, 000245.717, 175
Trd, 000246.133, 178
Trd, 000246.183, 175
Trd, 000246.517, 176
Trd, 000247.517, 176
Trd, 000247.617, 174
Trd, 000248.433, 176
Trd, 000248.700, 176
Trd, 000249.050, 173
Trd, 000250.017, 172
Trd, 000250.233, 172
Trd, 000250.450, 166
Trd, 000250.583, 173
Trd, 000250.700, 157
Trd, 000251.417, 174
Trd, 000251.800, 162
Trd, 000253.733, 170
Trd, 000253.933, 172
Trd, 000254.117, 169
Trd, 000254.533, 170
Trd, 000254.800, 173
Trd, 000254.850, 173
Trd, 000255.200, 173
Trd, 000255.467, 174
Trd, 000255.933, 173
Trd, 000256.033, 172
Trd, 000256.317, 174
Trd, 000257.183, 174
Trd, 000257.250, 174
Trd, 000257.300, 175
Trd, 000257.817, 176
Trd, 000258.150, 177
Trd, 000258.233, 181
Trd, 000258.600, 175
Trd, 000259.033, 172
Trd, 000259.433, 175
Trd, 000259.717, 168
Trd, 000260.333, 153
Trd, 000260.400, 160
Trd, 000261.283, 163
Trd, 000261.483, 168
Trd, 000261.800, 161
Trd, 000262.233, 165
Trd, 000262.450, 170
Trd, 000263.217, 161
Trd, 000263.433, 161
Trd, 000264.433, 162
Trd, 000264.783, 157
Trd, 000264.967, 169
Trd, 000265.367, 174
Trd, 000265.617, 160
Trd, 000265.700, 177
Trd, 000266.167, 181
Trd, 000267.033, 179
Trd, 000267.100, 178
Trd, 000267.500, 177
Trd, 000267.617, 178
Trd, 000267.950, 176
Trd, 000268.550, 176
Trd, 000268.900, 184
Trd, 000269.833, 184
Trd, 000269.950, 180
Trd, 000269.983, 177
Trd, 000270.400, 178
Trd, 000270.883, 176
Trd, 000271.033, 176
Trd, 000271.700, 175
Trd, 000271.750, 178
Trd, 000272.117, 179
Trd, 000272.167, 160
Trd, 000272.300, 159
Trd, 000272.717, 161
Trd, 000273.483, 163
Trd, 000273.783, 164
Trd, 000274.033, 169
Trd, 000274.300, 168
Trd, 000274.700, 162
Trd, 000275.433, 162
Trd, 000276.167, 166
Trd, 000276.350, 175
Trd, 000276.633, 184
Trd, 000278.350, 182
Trd, 000278.383, 181
Trd, 000278.417, 180
Trd, 000278.850, 182
Trd, 000278.867, 176
Trd, 000279.417, 178
Trd, 000279.817, 179
Trd, 000279.917, 177
Trd, 000279.950, 183
Trd, 000280.367, 178
Trd, 000280.600, 176
Trd, 000281.433, 171
Trd, 000281.850, 164
Trd, 000282.300, 160
Trd, 000282.733, 159
Trd, 000282.883, 162
Trd, 000283.900, 162
Trd, 000283.983, 162
Trd, 000284.100, 170
Trd, 000284.200, 169
Trd, 000284.700, 179
Trd, 000285.117, 182
Trd, 000286.517, 175
Trd, 000286.533, 177
Trd, 000287.067, 175
Trd, 000287.867, 171
Trd, 000288.233, 177
Trd, 000288.333, 170
Trd, 000288.417, 160
Trd, 000288.750, 178
Trd, 000289.133, 179
Trd, 000289.217, 180
Trd, 000289.283, 161
Trd, 000289.700, 181
Trd, 000289.900, 184
Trd, 000291.333, 181
Trd, 000291.517, 175
Trd, 000291.717, 182
Trd, 000292.350, 173
Trd, 000292.700, 177
Trd, 000292.783, 174
Trd, 000293.717, 178
Trd, 000294.600, 177
Trd, 000294.767, 178
Trd, 000295.233, 175
Trd, 000295.383, 179
Trd, 000296.083, 178
Trd, 000296.233, 176
Trd, 000296.400, 174
Trd, 000296.450, 173
Trd, 000296.633, 179
Trd, 000297.100, 162
Trd, 000297.183, 181
Trd, 000297.283, 183
Trd, 000297.733, 164
Trd, 000297.817, 160
Trd, 000298.233, 188
Trd, 000298.383, 166
Trd, 000299.133, 166
Trd, 000299.983, 181
