Trd, 000001.967, 106
Trd, 000002.333, 113
Trd, 000002.517, 134
Trd, 000004.200, 127
Trd, 000004.367, 145
Trd, 000004.583, 147
Trd, 000004.667, 163
Trd, 000005.117, 164
Trd, 000005.367, 149
Trd, 000005.833, 156
Trd, 000006.417, 166
Trd, 000006.800, 170
Trd, 000006.900, 156
Trd, 000007.300, 148
Trd, 000007.483, 122
Trd, 000009.100, 150
Trd, 000009.650, 151
Trd, 000010.400, 150
Trd, 000010.517, 148
Trd, 000010.817, 147
Trd, 000011.550, 146
Trd, 000012.800, 145
Trd, 000012.950, 149
Trd, 000013.133, 144
Trd, 000013.467, 148
Trd, 000013.933, 150
Trd, 000014.250, 152
Trd, 000015.683, 158
Trd, 000016.100, 157
Trd, 000016.167, 156
Trd, 000017.217, 157
Trd, 000017.533, 156
Trd, 000018.033, 157
Trd, 000018.133, 155
Trd, 000018.483, 155
Trd, 000018.633, 156
Trd, 000018.800, 156
Trd, 000019.050, 154
Trd, 000020.000, 129
Trd, 000020.467, 145
Trd, 000020.983, 151
Trd, 000021.350, 149
Trd, 000021.633, 139
Trd, 000021.733, 133
Trd, 000022.850, 148
Trd, 000024.417, 147
Trd, 000024.483, 148
Trd, 000024.667, 147
Trd, 000025.083, 142
Trd, 000025.883, 151
Trd, 000026.750, 147
Trd, 000027.833, 147
Trd, 000027.850, 149
Trd, 000028.150, 147
Trd, 000028.267, 146
Trd, 000028.600, 149
Trd, 000029.950, 141
Trd, 000030.017, 140
Trd, 000030.150, 142
Trd, 000030.167, 143
Trd, 000030.317, 147
Trd, 000030.550, 147
Trd, 000031.283, 142
Trd, 000031.833, 130
Trd, 000032.417, 135
Trd, 000033.550, 140
Trd, 000033.617, 141
Trd, 000034.233, 130
Trd, 000035.133, 137
Trd, 000035.750, 140
Trd, 000036.500, 140
Trd, 000036.667, 140
Trd, 000037.417, 142
Trd, 000037.650, 143
Trd, 000038.050, 147
Trd, 000038.817, 141
Trd, 000040.083, 144
Trd, 000040.583, 142
Trd, 000040.617, 143
Trd, 000041.050, 144
Trd, 000041.517, 144
Trd, 000041.600, 145
Trd, 000042.667, 143
Trd, 000043.267, 144
Trd, 000043.650, 145
Trd, 000043.933, 146
Trd, 000044.483, 144
Trd, 000045.533, 146
Trd, 000045.650, 147
Trd, 000045.933, 148
Trd, 000046.050, 148
Trd, 000046.800, 149
Trd, 000046.883, 154
Trd, 000047.283, 155
Trd, 000047.433, 148
Trd, 000047.867, 156
Trd, 000048.033, 157
Trd, 000048.400, 150
Trd, 000049.217, 167
Trd, 000049.550, 165
Trd, 000051.617, 162
Trd, 000051.717, 161
Trd, 000052.217, 162
Trd, 000052.500, 164
Trd, 000052.900, 166
Trd, 000053.783, 162
Trd, 000054.450, 165
Trd, 000054.683, 162
Trd, 000055.150, 161
Trd, 000055.200, 164
Trd, 000055.700, 161
Trd, 000056.367, 140
Trd, 000057.567, 138
Trd, 000058.233, 163
Trd, 000058.783, 154
Trd, 000059.067, 153
Trd, 000059.267, 155
Trd, 000059.283, 157
Trd, 000060.283, 156
Trd, 000060.350, 156
Trd, 000060.883, 167
Trd, 000062.633, 154
Trd, 000063.817, 154
Trd, 000064.100, 137
Trd, 000064.533, 147
Trd, 000064.767, 142
Trd, 000064.867, 146
Trd, 000065.033, 147
Trd, 000065.550, 147
Trd, 000065.900, 148
Trd, 000065.967, 157
Trd, 000066.283, 168
Trd, 000066.767, 178
Trd, 000068.917, 172
Trd, 000069.333, 156
Trd, 000069.650, 152
Trd, 000069.817, 151
Trd, 000070.250, 138
Trd, 000070.433, 154
Trd, 000070.600, 146
Trd, 000070.817, 155
Trd, 000072.850, 151
Trd, 000073.583, 150
Trd, 000074.100, 147
Trd, 000074.150, 152
Trd, 000074.800, 152
Trd, 000075.017, 136
Trd, 000075.183, 153
Trd, 000075.283, 151
Trd, 000075.483, 152
Trd, 000076.067, 153
Trd, 000077.400, 148
Trd, 000078.067, 151
Trd, 000078.333, 156
Trd, 000078.517, 152
Trd, 000078.583, 150
Trd, 000079.333, 150
Trd, 000079.600, 156
Trd, 000079.717, 149
Trd, 000080.117, 153
Trd, 000080.300, 152
Trd, 000080.867, 153
Trd, 000081.600, 152
Trd, 000082.117, 152
Trd, 000083.067, 152
Trd, 000083.400, 155
Trd, 000083.517, 159
Trd, 000083.800, 150
Trd, 000083.900, 149
Trd, 000084.933, 174
Trd, 000085.650, 164
Trd, 000085.950, 163
Trd, 000086.383, 146
Trd, 000086.617, 162
Trd, 000087.033, 156
Trd, 000087.533, 134
Trd, 000087.833, 136
Trd, 000088.283, 147
Trd, 000088.967, 156
Trd, 000089.667, 149
Trd, 000089.833, 150
Trd, 000090.467, 136
Trd, 000090.800, 149
Trd, 000090.917, 159
Trd, 000091.517, 134
Trd, 000091.800, 136
Trd, 000092.933, 144
Trd, 000093.883, 144
Trd, 000095.900, 145
Trd, 000095.933, 144
Trd, 000096.033, 146
Trd, 000096.183, 147
Trd, 000097.600, 154
Trd, 000097.650, 146
Trd, 000097.683, 145
Trd, 000098.283, 160
Trd, 000098.417, 161
Trd, 000098.867, 146
Trd, 000100.117, 149
Trd, 000100.133, 165
Trd, 000100.167, 166
Trd, 000101.033, 167
Trd, 000102.483, 166
Trd, 000102.533, 167
Trd, 000102.833, 165
Trd, 000102.983, 167
Trd, 000103.300, 157
Trd, 000104.550, 164
Trd, 000105.717, 164
Trd, 000105.833, 156
Trd, 000105.850, 171
Trd, 000107.583, 160
Trd, 000107.667, 162
Trd, 000107.883, 160
Trd, 000108.350, 158
Trd, 000108.700, 164
Trd, 000108.750, 165
Trd, 000109.150, 137
Trd, 000109.750, 167
Trd, 000109.967, 146
Trd, 000110.683, 173
Trd, 000110.783, 162
Trd, 000112.700, 159
Trd, 000113.800, 158
Trd, 000113.833, 157
Trd, 000113.950, 156
Trd, 000114.383, 154
Trd, 000114.617, 138
Trd, 000114.833, 155
Trd, 000115.117, 169
Trd, 000116.000, 161
Trd, 000116.317, 162
Trd, 000117.000, 164
Trd, 000117.150, 155
Trd, 000117.267, 163
Trd, 000117.817, 162
Trd, 000118.383, 143
Trd, 000118.867, 171
Trd, 000118.933, 152
Trd, 000119.367, 184
Trd, 000120.567, 170
Trd, 000120.583, 149
Trd, 000122.017, 159
Trd, 000122.200, 160
Trd, 000122.217, 161
Trd, 000122.717, 159
Trd, 000122.917, 158
Trd, 000123.383, 157
Trd, 000124.100, 163
Trd, 000124.217, 151
Trd, 000124.767, 139
Trd, 000125.117, 159
Trd, 000125.950, 143
Trd, 000126.650, 148
Trd, 000127.317, 146
Trd, 000127.467, 148
Trd, 000128.067, 140
Trd, 000128.800, 148
Trd, 000128.967, 149
Trd, 000129.150, 139
Trd, 000130.183, 158
Trd, 000130.317, 158
Trd, 000130.783, 150
Trd, 000131.400, 152
Trd, 000131.450, 151
Trd, 000132.050, 160
Trd, 000132.283, 151
Trd, 000132.300, 160
Trd, 000132.833, 160
Trd, 000133.650, 151
Trd, 000134.917, 160
Trd, 000135.150, 157
Trd, 000136.083, 159
Trd, 000136.250, 165
Trd, 000136.717, 181
Trd, 000136.850, 180
Trd, 000137.450, 179
Trd, 000137.850, 179
Trd, 000138.167, 176
Trd, 000138.400, 180
Trd, 000139.067, 179
Trd, 000139.650, 179
Trd, 000140.067, 177
Trd, 000140.200, 177
Trd, 000141.333, 172
Trd, 000141.350, 169
Trd, 000143.317, 160
Trd, 000144.117, 159
Trd, 000144.400, 159
Trd, 000144.883, 158
Trd, 000145.217, 160
Trd, 000145.517, 153
Trd, 000146.333, 161
Trd, 000146.350, 156
Trd, 000146.600, 162
Trd, 000146.717, 165
Trd, 000147.167, 158
Trd, 000147.200, 177
Trd, 000148.050, 157
Trd, 000149.317, 174
Trd, 000149.600, 170
Trd, 000150.350, 175
Trd, 000150.383, 164
Trd, 000150.633, 173
Trd, 000150.683, 176
Trd, 000151.383, 166
Trd, 000152.100, 165
Trd, 000152.133, 165
Trd, 000152.683, 166
Trd, 000153.033, 158
Trd, 000153.200, 150
Trd, 000153.217, 155
Trd, 000153.583, 168
Trd, 000154.067, 168
Trd, 000155.983, 164
Trd, 000156.233, 162
Trd, 000156.700, 162
Trd, 000157.033, 163
Trd, 000157.067, 167
Trd, 000157.300, 161
Trd, 000157.450, 161
Trd, 000158.133, 168
Trd, 000158.533, 188
Trd, 000159.483, 171
Trd, 000161.100, 165
Trd, 000161.117, 167
Trd, 000162.250, 151
Trd, 000162.650, 152
Trd, 000162.900, 157
Trd, 000163.000, 160
Trd, 000164.017, 159
Trd, 000164.533, 160
Trd, 000164.567, 157
Trd, 000164.783, 162
Trd, 000165.050, 156
Trd, 000165.233, 155
Trd, 000165.250, 166
Trd, 000165.733, 142
Trd, 000165.883, 166
Trd, 000166.133, 148
Trd, 000167.267, 138
Trd, 000167.750, 137
Trd, 000168.533, 142
Trd, 000168.683, 144
Trd, 000168.767, 160
Trd, 000170.000, 158
Trd, 000170.133, 159
Trd, 000170.400, 159
Trd, 000171.217, 157
Trd, 000171.633, 158
Trd, 000172.700, 157
Trd, 000173.483, 154
Trd, 000174.200, 153
Trd, 000174.283, 155
Trd, 000174.483, 157
Trd, 000174.517, 161
Trd, 000175.700, 158
Trd, 000175.767, 160
Trd, 000175.817, 153
Trd, 000177.233, 159
Trd, 000177.800, 160
Trd, 000178.217, 157
Trd, 000178.567, 158
Trd, 000178.767, 157
Trd, 000178.850, 162
Trd, 000179.250, 156
Trd, 000179.567, 168
Trd, 000180.933, 165
Trd, 000181.117, 168
Trd, 000181.367, 169
Trd, 000181.800, 163
Trd, 000182.500, 143
Trd, 000183.250, 159
Trd, 000183.617, 161
Trd, 000184.117, 161
Trd, 000185.083, 161
Trd, 000185.517, 162
Trd, 000185.683, 160
Trd, 000187.317, 158
Trd, 000188.083, 162
Trd, 000188.500, 163
Trd, 000188.617, 157
Trd, 000189.133, 163
Trd, 000189.767, 162
Trd, 000189.883, 163
Trd, 000190.233, 164
Trd, 000191.133, 164
Trd, 000191.367, 163
Trd, 000193.033, 159
Trd, 000193.083, 160
Trd, 000194.567, 159
Trd, 000194.967, 160
Trd, 000195.033, 161
Trd, 000195.133, 162
Trd, 000195.183, 157
Trd, 000196.300, 162
Trd, 000196.417, 163
Trd, 000196.633, 169
Trd, 000196.900, 170
Trd, 000197.067, 146
Trd, 000198.283, 164
Trd, 000198.517, 163
Trd, 000199.233, 176
Trd, 000200.000, 175
Trd, 000200.317, 171
Trd, 000200.367, 168
Trd, 000200.467, 172
Trd, 000200.700, 172
Trd, 000201.133, 187
Trd, 000201.250, 169
Trd, 000202.983, 165
Trd, 000203.233, 165
Trd, 000203.450, 165
Trd, 000203.767, 153
Trd, 000204.050, 166
Trd, 000204.633, 165
Trd, 000205.017, 166
Trd, 000205.083, 161
Trd, 000205.850, 170
Trd, 000207.550, 165
Trd, 000207.700, 169
Trd, 000208.050, 169
Trd, 000208.650, 168
Trd, 000208.983, 169
Trd, 000209.433, 172
Trd, 000209.650, 167
Trd, 000209.883, 182
Trd, 000211.517, 174
Trd, 000211.633, 173
Trd, 000212.217, 174
Trd, 000212.267, 178
Trd, 000212.800, 186
Trd, 000214.200, 191
Trd, 000215.433, 186
Trd, 000215.717, 185
Trd, 000215.900, 183
Trd, 000216.067, 187
Trd, 000216.467, 186
Trd, 000217.050, 182
Trd, 000217.167, 182
Trd, 000217.733, 182
Trd, 000217.817, 179
Trd, 000218.167, 176
Trd, 000218.300, 183
Trd, 000218.433, 156
Trd, 000218.767, 148
Trd, 000219.750, 167
Trd, 000219.900, 170
Trd, 000220.367, 173
Trd, 000222.533, 161
Trd, 000223.267, 160
Trd, 000223.483, 161
Trd, 000223.583, 162
Trd, 000224.350, 163
Trd, 000224.433, 166
Trd, 000225.150, 194
Trd, 000225.583, 187
Trd, 000226.017, 180
Trd, 000226.233, 188
Trd, 000227.283, 187
Trd, 000227.383, 186
Trd, 000227.467, 178
Trd, 000228.500, 183
Trd, 000228.800, 184
Trd, 000229.300, 181
Trd, 000229.450, 185
Trd, 000231.150, 172
Trd, 000231.183, 172
Trd, 000231.317, 173
Trd, 000231.417, 174
Trd, 000231.583, 186
Trd, 000231.883, 151
Trd, 000232.783, 178
Trd, 000233.167, 174
Trd, 000233.733, 185
Trd, 000234.100, 172
Trd, 000234.133, 186
Trd, 000235.450, 178
Trd, 000235.483, 187
Trd, 000235.983, 186
Trd, 000236.483, 150
Trd, 000237.183, 191
Trd, 000237.200, 189
Trd, 000237.267, 181
Trd, 000238.017, 191
Trd, 000239.233, 189
Trd, 000239.650, 182
Trd, 000240.733, 167
Trd, 000241.183, 166
Trd, 000241.400, 167
Trd, 000242.267, 168
Trd, 000242.317, 166
Trd, 000242.483, 188
Trd, 000243.167, 171
Trd, 000243.417, 173
Trd, 000243.617, 175
Trd, 000244.833, 169
Trd, 000244.883, 168
Trd, 000245.267, 172
Trd, 000245.550, 168
Trd, 000245.667, 173
Trd, 000246.067, 162
Trd, 000246.583, 166
Trd, 000246.983, 168
Trd, 000247.150, 168
Trd, 000247.733, 169
Trd, 000247.800, 170
Trd, 000247.983, 171
Trd, 000248.267, 187
Trd, 000248.750, 186
Trd, 000249.100, 187
Trd, 000249.350, 180
Trd, 000250.883, 185
Trd, 000251.033, 186
Trd, 000251.483, 184
Trd, 000251.583, 183
Trd, 000252.017, 184
Trd, 000252.167, 187
Trd, 000252.700, 183
Trd, 000252.967, 184
Trd, 000253.533, 184
Trd, 000253.833, 185
Trd, 000254.817, 184
Trd, 000255.133, 185
Trd, 000255.767, 183
Trd, 000256.017, 185
Trd, 000256.067, 185
Trd, 000256.300, 182
Trd, 000256.817, 186
Trd, 000256.883, 188
Trd, 000257.200, 181
Trd, 000257.567, 174
Trd, 000257.700, 190
Trd, 000259.600, 182
Trd, 000260.033, 182
Trd, 000260.050, 183
Trd, 000260.100, 181
Trd, 000260.817, 180
Trd, 000261.050, 181
Trd, 000261.217, 179
Trd, 000261.483, 180
Trd, 000261.683, 179
Trd, 000261.900, 175
Trd, 000261.983, 181
Trd, 000262.983, 181
Trd, 000263.133, 188
Trd, 000263.600, 178
Trd, 000264.183, 181
Trd, 000264.833, 178
Trd, 000265.050, 177
Trd, 000265.667, 182
Trd, 000266.467, 178
Trd, 000267.017, 180
Trd, 000267.050, 182
Trd, 000267.083, 177
Trd, 000267.350, 176
Trd, 000267.367, 164
Trd, 000267.567, 183
Trd, 000267.883, 182
Trd, 000268.383, 183
Trd, 000269.317, 178
Trd, 000269.967, 183
Trd, 000270.100, 187
Trd, 000270.150, 178
Trd, 000270.867, 184
Trd, 000271.617, 182
Trd, 000272.050, 182
Trd, 000272.200, 180
Trd, 000272.317, 164
Trd, 000272.333, 188
Trd, 000272.933, 178
Trd, 000273.350, 175
Trd, 000273.383, 176
Trd, 000273.600, 179
Trd, 000274.367, 177
Trd, 000275.050, 176
Trd, 000275.367, 165
Trd, 000275.883, 175
Trd, 000276.200, 178
Trd, 000276.683, 170
Trd, 000277.233, 170
Trd, 000277.533, 169
Trd, 000278.050, 167
Trd, 000278.067, 168
Trd, 000278.400, 166
Trd, 000278.767, 187
Trd, 000279.383, 183
Trd, 000279.433, 189
Trd, 000279.617, 176
Trd, 000280.483, 176
Trd, 000280.733, 182
Trd, 000280.850, 184
Trd, 000281.200, 185
Trd, 000281.783, 183
Trd, 000281.867, 176
Trd, 000282.700, 183
Trd, 000282.933, 180
Trd, 000283.650, 177
Trd, 000284.267, 176
Trd, 000284.333, 177
Trd, 000284.950, 176
Trd, 000286.367, 183
Trd, 000286.483, 183
Trd, 000286.700, 175
Trd, 000286.900, 180
Trd, 000287.067, 180
Trd, 000287.333, 175
Trd, 000287.983, 182
Trd, 000288.400, 176
Trd, 000289.000, 175
Trd, 000289.100, 178
Trd, 000289.167, 180
Trd, 000289.217, 180
Trd, 000289.867, 178
Trd, 000290.117, 177
Trd, 000290.600, 183
Trd, 000290.983, 165
Trd, 000291.383, 192
Trd, 000291.917, 167
Trd, 000292.467, 166
Trd, 000292.983, 177
Trd, 000293.217, 170
Trd, 000293.400, 179
Trd, 000294.217, 179
Trd, 000294.467, 180
Trd, 000294.567, 193
Trd, 000295.233, 173
Trd, 000295.517, 180
Trd, 000295.950, 186
Trd, 000296.383, 178
Trd, 000297.000, 179
Trd, 000297.533, 177
Trd, 000297.800, 176
Trd, 000298.300, 177
Trd, 000298.600, 167
Trd, 000299.267, 169
