Trd, 000001.867, 136
Trd, 000002.117, 139
Trd, 000002.600, 157
Trd, 000003.583, 161
Trd, 000004.133, 157
Trd, 000004.600, 156
Trd, 000004.833, 162
Trd, 000005.733, 142
Trd, 000006.067, 148
Trd, 000007.317, 152
Trd, 000008.433, 150
Trd, 000008.700, 150
Trd, 000008.867, 149
Trd, 000009.467, 148
Trd, 000010.100, 146
Trd, 000010.633, 145
Trd, 000011.017, 144
Trd, 000011.267, 145
Trd, 000011.850, 148
Trd, 000012.333, 144
Trd, 000013.300, 141
Trd, 000014.050, 141
Trd, 000014.383, 141
Trd, 000015.467, 140
Trd, 000015.483, 145
Trd, 000015.717, 149
Trd, 000017.167, 147
Trd, 000018.050, 149
Trd, 000018.950, 147
Trd, 000019.217, 148
Trd, 000019.600, 149
Trd, 000019.650, 148
Trd, 000020.600, 148
Trd, 000021.150, 147
Trd, 000021.750, 148
Trd, 000022.050, 146
Trd, 000023.050, 145
Trd, 000024.000, 148
Trd, 000024.050, 149
Trd, 000024.667, 148
Trd, 000025.683, 149
Trd, 000026.883, 147
Trd, 000027.083, 146
Trd, 000027.300, 148
Trd, 000027.667, 150
Trd, 000027.800, 150
Trd, 000029.550, 148
Trd, 000030.233, 147
Trd, 000030.533, 146
Trd, 000030.900, 146
Trd, 000030.983, 146
Trd, 000031.017, 147
Trd, 000031.167, 151
Trd, 000032.633, 152
Trd, 000033.083, 151
Trd, 000033.217, 153
Trd, 000033.550, 154
Trd, 000033.967, 168
Trd, 000035.050, 165
Trd, 000035.550, 147
Trd, 000035.767, 152
Trd, 000036.517, 150
Trd, 000036.933, 150
Trd, 000036.967, 152
Trd, 000038.067, 151
Trd, 000039.667, 150
Trd, 000039.883, 151
Trd, 000039.900, 147
Trd, 000041.017, 150
Trd, 000041.383, 147
Trd, 000041.850, 152
Trd, 000041.917, 152
Trd, 000042.200, 147
Trd, 000042.567, 144
Trd, 000044.350, 146
Trd, 000044.683, 146
Trd, 000045.017, 146
Trd, 000045.217, 147
Trd, 000046.483, 148
Trd, 000046.600, 146
Trd, 000046.983, 150
Trd, 000047.267, 153
Trd, 000047.800, 154
Trd, 000048.767, 153
Trd, 000049.250, 152
Trd, 000049.333, 153
Trd, 000050.100, 154
Trd, 000050.317, 154
Trd, 000051.067, 148
Trd, 000051.900, 154
Trd, 000052.983, 156
Trd, 000053.500, 153
Trd, 000053.783, 153
Trd, 000054.800, 153
Trd, 000055.333, 152
Trd, 000055.483, 153
Trd, 000055.633, 154
Trd, 000056.433, 160
Trd, 000056.683, 164
Trd, 000057.200, 164
Trd, 000057.317, 174
Trd, 000057.533, 163
Trd, 000058.900, 165
Trd, 000058.933, 164
Trd, 000059.167, 172
Trd, 000060.050, 171
Trd, 000060.533, 167
Trd, 000060.583, 164
Trd, 000061.417, 165
Trd, 000061.917, 166
Trd, 000062.367, 165
Trd, 000062.383, 165
Trd, 000062.883, 164
Trd, 000062.983, 154
Trd, 000063.783, 159
Trd, 000064.783, 153
Trd, 000065.300, 149
Trd, 000066.300, 151
Trd, 000066.983, 151
Trd, 000067.867, 149
Trd, 000068.033, 149
Trd, 000068.150, 149
Trd, 000068.517, 151
Trd, 000068.783, 150
Trd, 000069.417, 153
Trd, 000069.850, 152
Trd, 000070.283, 159
Trd, 000070.417, 162
Trd, 000070.833, 155
Trd, 000071.817, 155
Trd, 000072.050, 154
Trd, 000072.750, 153
Trd, 000072.767, 154
Trd, 000072.883, 155
Trd, 000073.133, 154
Trd, 000074.067, 151
Trd, 000075.150, 150
Trd, 000075.750, 150
Trd, 000076.117, 150
Trd, 000076.183, 149
Trd, 000076.600, 151
Trd, 000077.133, 152
Trd, 000077.500, 151
Trd, 000078.683, 150
Trd, 000079.150, 151
Trd, 000079.217, 150
Trd, 000080.350, 153
Trd, 000081.200, 151
Trd, 000081.650, 148
Trd, 000082.050, 155
Trd, 000082.600, 153
Trd, 000083.867, 150
Trd, 000084.400, 151
Trd, 000085.050, 151
Trd, 000085.250, 150
Trd, 000085.950, 152
Trd, 000086.683, 152
Trd, 000086.850, 153
Trd, 000087.467, 152
Trd, 000087.867, 153
Trd, 000088.517, 156
Trd, 000088.917, 157
Trd, 000089.733, 159
Trd, 000089.983, 158
Trd, 000090.750, 157
Trd, 000091.083, 161
Trd, 000093.050, 157
Trd, 000093.267, 156
Trd, 000093.333, 154
Trd, 000094.683, 153
Trd, 000095.317, 153
Trd, 000095.367, 153
Trd, 000095.650, 153
Trd, 000096.133, 154
Trd, 000096.317, 153
Trd, 000097.950, 158
Trd, 000098.317, 156
Trd, 000098.817, 157
Trd, 000099.083, 157
Trd, 000099.483, 158
Trd, 000100.333, 159
Trd, 000100.767, 160
Trd, 000101.600, 156
Trd, 000101.783, 155
Trd, 000101.833, 153
Trd, 000103.217, 148
Trd, 000103.500, 158
Trd, 000104.133, 157
Trd, 000105.217, 157
Trd, 000105.900, 158
Trd, 000106.117, 158
Trd, 000106.250, 157
Trd, 000107.650, 158
Trd, 000107.933, 160
Trd, 000109.100, 158
Trd, 000109.583, 159
Trd, 000110.483, 160
Trd, 000110.517, 162
Trd, 000110.950, 161
Trd, 000111.017, 165
Trd, 000112.283, 161
Trd, 000112.533, 159
Trd, 000112.933, 162
Trd, 000114.000, 161
Trd, 000115.150, 161
Trd, 000115.767, 165
Trd, 000116.217, 162
Trd, 000116.400, 165
Trd, 000116.783, 161
Trd, 000117.200, 165
Trd, 000117.467, 160
Trd, 000118.017, 166
Trd, 000119.567, 165
Trd, 000120.700, 160
Trd, 000120.767, 160
Trd, 000120.933, 161
Trd, 000120.967, 160
Trd, 000122.017, 161
Trd, 000122.300, 158
Trd, 000123.683, 158
Trd, 000123.700, 159
Trd, 000124.400, 159
Trd, 000124.883, 168
Trd, 000124.950, 158
Trd, 000125.050, 187
Trd, 000125.333, 160
Trd, 000127.067, 158
Trd, 000127.167, 160
Trd, 000127.533, 160
Trd, 000127.583, 157
Trd, 000128.300, 161
Trd, 000128.550, 163
Trd, 000130.383, 160
Trd, 000130.767, 159
Trd, 000130.967, 160
Trd, 000131.600, 160
Trd, 000131.900, 160
Trd, 000132.300, 161
Trd, 000132.567, 160
Trd, 000133.717, 160
Trd, 000133.917, 161
Trd, 000133.950, 159
Trd, 000134.800, 157
Trd, 000135.483, 157
Trd, 000135.567, 157
Trd, 000136.433, 156
Trd, 000136.650, 159
Trd, 000136.933, 160
Trd, 000137.433, 161
Trd, 000139.150, 160
Trd, 000139.583, 159
Trd, 000140.333, 159
Trd, 000140.617, 158
Trd, 000140.950, 160
Trd, 000141.050, 162
Trd, 000141.383, 163
Trd, 000141.583, 163
Trd, 000142.600, 162
Trd, 000143.183, 161
Trd, 000143.567, 162
Trd, 000144.233, 160
Trd, 000145.867, 162
Trd, 000146.100, 161
Trd, 000146.883, 163
Trd, 000147.917, 163
Trd, 000147.967, 164
Trd, 000148.117, 165
Trd, 000148.350, 165
Trd, 000149.367, 166
Trd, 000150.150, 181
Trd, 000150.333, 180
Trd, 000151.283, 176
Trd, 000151.550, 173
Trd, 000151.683, 174
Trd, 000152.017, 173
Trd, 000152.233, 171
Trd, 000153.517, 171
Trd, 000153.950, 170
Trd, 000155.333, 166
Trd, 000155.950, 165
Trd, 000156.167, 166
Trd, 000156.333, 166
Trd, 000156.633, 166
Trd, 000156.667, 167
Trd, 000158.667, 165
Trd, 000159.000, 168
Trd, 000159.967, 164
Trd, 000160.217, 167
Trd, 000160.400, 168
Trd, 000161.300, 167
Trd, 000161.700, 167
Trd, 000162.517, 166
Trd, 000162.783, 167
Trd, 000162.800, 160
Trd, 000163.317, 166
Trd, 000164.267, 163
Trd, 000164.683, 164
Trd, 000164.950, 165
Trd, 000165.650, 163
Trd, 000166.367, 164
Trd, 000167.167, 163
Trd, 000167.633, 164
Trd, 000167.700, 164
Trd, 000168.600, 164
Trd, 000168.783, 163
Trd, 000169.183, 163
Trd, 000170.833, 163
Trd, 000171.033, 163
Trd, 000172.083, 163
Trd, 000172.883, 164
Trd, 000173.133, 164
Trd, 000174.000, 163
Trd, 000174.100, 163
Trd, 000174.333, 163
Trd, 000174.733, 162
Trd, 000175.550, 164
Trd, 000175.767, 163
Trd, 000176.350, 162
Trd, 000176.883, 165
Trd, 000177.850, 169
Trd, 000180.083, 169
Trd, 000180.167, 168
Trd, 000180.617, 167
Trd, 000180.900, 169
Trd, 000181.117, 171
Trd, 000181.400, 168
Trd, 000181.617, 168
Trd, 000181.850, 169
Trd, 000181.917, 167
Trd, 000182.533, 166
Trd, 000182.733, 166
Trd, 000182.817, 161
Trd, 000183.700, 165
Trd, 000184.017, 167
Trd, 000184.350, 168
Trd, 000184.533, 169
Trd, 000185.600, 168
Trd, 000186.683, 166
Trd, 000187.150, 170
Trd, 000187.283, 166
Trd, 000187.867, 170
Trd, 000188.733, 155
Trd, 000190.100, 152
Trd, 000190.750, 158
Trd, 000191.617, 158
Trd, 000191.717, 160
Trd, 000192.200, 162
Trd, 000192.550, 161
Trd, 000193.450, 160
Trd, 000193.700, 161
Trd, 000194.067, 163
Trd, 000194.267, 159
Trd, 000195.017, 160
Trd, 000196.233, 164
Trd, 000196.500, 165
Trd, 000196.750, 170
Trd, 000197.150, 162
Trd, 000197.167, 173
Trd, 000198.850, 168
Trd, 000198.867, 162
Trd, 000200.617, 162
Trd, 000200.867, 161
Trd, 000201.000, 165
Trd, 000202.500, 164
Trd, 000202.917, 164
Trd, 000203.500, 147
Trd, 000204.067, 164
Trd, 000204.433, 160
Trd, 000205.417, 158
Trd, 000205.917, 158
Trd, 000205.983, 161
Trd, 000206.117, 157
Trd, 000207.217, 163
Trd, 000207.800, 167
Trd, 000208.883, 166
Trd, 000209.767, 165
Trd, 000209.833, 165
Trd, 000209.967, 166
Trd, 000210.933, 165
Trd, 000211.517, 166
Trd, 000212.367, 165
Trd, 000212.433, 167
Trd, 000212.817, 169
Trd, 000215.133, 170
Trd, 000215.300, 169
Trd, 000216.183, 166
Trd, 000216.233, 169
Trd, 000216.300, 165
Trd, 000216.817, 164
Trd, 000218.100, 166
Trd, 000218.467, 168
Trd, 000218.650, 168
Trd, 000219.083, 169
Trd, 000220.633, 167
Trd, 000220.683, 166
Trd, 000221.033, 167
Trd, 000221.167, 165
Trd, 000221.350, 166
Trd, 000221.717, 164
Trd, 000221.767, 164
Trd, 000222.017, 165
Trd, 000222.033, 170
Trd, 000222.700, 170
Trd, 000223.433, 165
Trd, 000224.017, 170
Trd, 000224.683, 171
Trd, 000225.900, 172
Trd, 000226.400, 170
Trd, 000227.700, 171
Trd, 000227.917, 173
Trd, 000228.183, 177
Trd, 000228.400, 173
Trd, 000229.383, 173
Trd, 000229.417, 171
Trd, 000229.767, 175
Trd, 000230.767, 175
Trd, 000231.250, 174
Trd, 000231.433, 176
Trd, 000232.667, 174
Trd, 000232.683, 175
Trd, 000233.283, 174
Trd, 000234.317, 173
Trd, 000234.767, 175
Trd, 000234.933, 175
Trd, 000235.733, 174
Trd, 000235.750, 173
Trd, 000236.433, 173
Trd, 000236.567, 175
Trd, 000236.950, 172
Trd, 000237.400, 171
Trd, 000239.100, 172
Trd, 000239.200, 171
Trd, 000239.367, 171
Trd, 000239.467, 170
Trd, 000240.150, 172
Trd, 000240.267, 172
Trd, 000240.317, 167
Trd, 000240.383, 174
Trd, 000241.400, 176
Trd, 000241.617, 177
Trd, 000242.050, 176
Trd, 000242.200, 175
Trd, 000242.650, 176
Trd, 000243.000, 176
Trd, 000243.233, 177
Trd, 000243.650, 177
Trd, 000244.550, 176
Trd, 000245.150, 176
Trd, 000245.617, 177
Trd, 000246.083, 177
Trd, 000246.433, 177
Trd, 000246.583, 180
Trd, 000247.000, 176
Trd, 000247.450, 176
Trd, 000248.317, 172
Trd, 000248.633, 183
Trd, 000248.850, 174
Trd, 000249.933, 178
Trd, 000250.217, 180
Trd, 000250.517, 180
Trd, 000250.550, 179
Trd, 000250.900, 179
Trd, 000251.000, 179
Trd, 000251.267, 179
Trd, 000252.567, 178
Trd, 000252.850, 177
Trd, 000253.600, 177
Trd, 000253.700, 178
Trd, 000254.350, 179
Trd, 000254.550, 179
Trd, 000255.250, 178
Trd, 000255.867, 179
Trd, 000255.883, 176
Trd, 000255.933, 175
Trd, 000256.350, 179
Trd, 000257.333, 173
Trd, 000258.450, 180
Trd, 000258.683, 181
Trd, 000258.817, 177
Trd, 000258.867, 181
Trd, 000259.467, 191
Trd, 000259.867, 193
Trd, 000259.967, 192
Trd, 000260.300, 190
Trd, 000260.717, 189
Trd, 000260.933, 188
Trd, 000261.917, 186
Trd, 000262.417, 185
Trd, 000262.500, 184
Trd, 000263.217, 186
Trd, 000263.567, 186
Trd, 000264.050, 187
Trd, 000264.167, 186
Trd, 000264.317, 184
Trd, 000265.200, 187
Trd, 000266.033, 186
Trd, 000266.167, 187
Trd, 000267.017, 186
Trd, 000267.917, 183
Trd, 000268.117, 181
Trd, 000268.533, 182
Trd, 000269.033, 183
Trd, 000269.200, 182
Trd, 000269.333, 182
Trd, 000269.500, 182
Trd, 000269.650, 177
Trd, 000269.900, 183
Trd, 000269.983, 175
Trd, 000270.350, 182
Trd, 000270.717, 180
Trd, 000271.067, 181
Trd, 000271.750, 178
Trd, 000272.117, 182
Trd, 000272.767, 183
Trd, 000272.900, 180
Trd, 000272.917, 182
Trd, 000273.050, 195
Trd, 000273.933, 184
Trd, 000274.250, 180
Trd, 000274.383, 189
Trd, 000275.650, 186
Trd, 000276.733, 186
Trd, 000277.033, 187
Trd, 000277.417, 186
Trd, 000277.850, 184
Trd, 000278.017, 187
Trd, 000278.150, 184
Trd, 000278.417, 183
Trd, 000278.783, 185
Trd, 000279.283, 183
Trd, 000279.933, 179
Trd, 000281.000, 183
Trd, 000281.800, 185
Trd, 000282.150, 183
Trd, 000282.517, 185
Trd, 000283.183, 185
Trd, 000283.417, 185
Trd, 000283.600, 185
Trd, 000283.617, 183
Trd, 000283.850, 182
Trd, 000283.933, 180
Trd, 000284.200, 182
Trd, 000284.733, 184
Trd, 000285.800, 179
Trd, 000286.517, 177
Trd, 000287.683, 177
Trd, 000287.867, 177
Trd, 000288.300, 177
Trd, 000288.583, 176
Trd, 000289.083, 180
Trd, 000289.233, 183
Trd, 000290.117, 182
Trd, 000290.467, 183
Trd, 000290.483, 184
Trd, 000291.167, 193
Trd, 000292.350, 186
Trd, 000292.383, 185
Trd, 000292.817, 186
Trd, 000293.000, 187
Trd, 000293.233, 185
Trd, 000293.650, 182
Trd, 000294.483, 180
Trd, 000294.750, 185
Trd, 000294.850, 184
Trd, 000295.100, 185
Trd, 000295.450, 185
Trd, 000295.850, 185
Trd, 000296.283, 182
Trd, 000297.267, 180
Trd, 000297.317, 182
Trd, 000298.317, 184
Trd, 000298.600, 181
Trd, 000299.667, 180
Trd, 000299.783, 181
