Trd, 000001.017, 136
Trd, 000002.833, 189
Trd, 000003.383, 163
Trd, 000003.533, 149
Trd, 000003.600, 148
Trd, 000004.767, 154
Trd, 000004.867, 155
Trd, 000005.383, 135
Trd, 000005.833, 148
Trd, 000006.133, 149
Trd, 000007.367, 161
Trd, 000007.650, 159
Trd, 000008.350, 157
Trd, 000008.517, 155
Trd, 000009.217, 157
Trd, 000009.250, 158
Trd, 000009.817, 157
Trd, 000010.650, 154
Trd, 000011.067, 154
Trd, 000011.567, 155
Trd, 000011.833, 155
Trd, 000012.050, 156
Trd, 000013.700, 161
Trd, 000013.800, 163
Trd, 000013.883, 156
Trd, 000014.383, 158
Trd, 000015.283, 158
Trd, 000015.400, 164
Trd, 000015.717, 161
Trd, 000015.917, 167
Trd, 000016.817, 160
Trd, 000017.050, 165
Trd, 000017.417, 161
Trd, 000017.833, 163
Trd, 000018.000, 164
Trd, 000018.067, 164
Trd, 000020.817, 160
Trd, 000021.067, 157
Trd, 000021.133, 161
Trd, 000021.600, 153
Trd, 000021.733, 156
Trd, 000022.317, 156
Trd, 000023.167, 157
Trd, 000023.650, 158
Trd, 000023.983, 155
Trd, 000025.367, 157
Trd, 000025.817, 155
Trd, 000026.417, 159
Trd, 000026.517, 155
Trd, 000027.000, 160
Trd, 000027.367, 160
Trd, 000027.517, 161
Trd, 000027.850, 167
Trd, 000027.967, 174
Trd, 000029.983, 161
Trd, 000030.733, 158
Trd, 000030.900, 166
Trd, 000031.283, 161
Trd, 000032.100, 159
Trd, 000032.917, 166
Trd, 000034.033, 167
Trd, 000034.800, 159
Trd, 000034.817, 157
Trd, 000034.967, 167
Trd, 000035.583, 163
Trd, 000035.683, 158
Trd, 000036.367, 155
Trd, 000036.483, 166
Trd, 000037.533, 167
Trd, 000037.717, 160
Trd, 000037.767, 168
Trd, 000038.783, 162
Trd, 000039.617, 162
Trd, 000040.133, 164
Trd, 000040.917, 163
Trd, 000041.317, 162
Trd, 000041.417, 161
Trd, 000041.567, 165
Trd, 000042.417, 162
Trd, 000042.967, 158
Trd, 000043.017, 161
Trd, 000043.317, 160
Trd, 000043.867, 159
Trd, 000044.300, 159
Trd, 000044.467, 156
Trd, 000045.067, 153
Trd, 000046.967, 154
Trd, 000047.267, 154
Trd, 000048.017, 154
Trd, 000048.433, 154
Trd, 000049.033, 177
Trd, 000049.083, 152
Trd, 000049.633, 160
Trd, 000050.650, 153
Trd, 000051.033, 162
Trd, 000051.183, 161
Trd, 000052.100, 160
Trd, 000052.350, 159
Trd, 000053.067, 154
Trd, 000053.233, 157
Trd, 000053.817, 156
Trd, 000053.917, 155
Trd, 000053.983, 157
Trd, 000055.017, 158
Trd, 000055.567, 155
Trd, 000056.200, 155
Trd, 000056.717, 157
Trd, 000056.867, 160
Trd, 000057.350, 162
Trd, 000057.783, 157
Trd, 000058.867, 161
Trd, 000058.983, 163
Trd, 000059.100, 177
Trd, 000060.400, 164
Trd, 000060.800, 163
Trd, 000060.950, 166
Trd, 000061.833, 166
Trd, 000062.550, 167
Trd, 000063.167, 166
Trd, 000063.483, 168
Trd, 000064.433, 164
Trd, 000065.483, 165
Trd, 000066.000, 164
Trd, 000066.683, 161
Trd, 000067.033, 159
Trd, 000067.500, 158
Trd, 000067.600, 161
Trd, 000068.300, 165
Trd, 000068.433, 162
Trd, 000068.700, 158
Trd, 000068.767, 171
Trd, 000069.400, 168
Trd, 000069.917, 172
Trd, 000071.433, 178
Trd, 000073.433, 169
Trd, 000073.583, 168
Trd, 000073.867, 166
Trd, 000073.967, 165
Trd, 000075.400, 168
Trd, 000075.500, 165
Trd, 000076.233, 166
Trd, 000076.367, 156
Trd, 000076.683, 166
Trd, 000077.167, 164
Trd, 000078.283, 163
Trd, 000078.367, 159
Trd, 000079.000, 159
Trd, 000079.683, 159
Trd, 000079.883, 162
Trd, 000080.867, 161
Trd, 000081.033, 157
Trd, 000081.367, 161
Trd, 000082.300, 160
Trd, 000082.567, 157
Trd, 000082.783, 157
Trd, 000083.350, 157
Trd, 000083.383, 158
Trd, 000083.767, 156
Trd, 000084.350, 157
Trd, 000084.817, 154
Trd, 000085.050, 158
Trd, 000085.633, 156
Trd, 000086.783, 156
Trd, 000086.817, 152
Trd, 000086.950, 157
Trd, 000088.200, 158
Trd, 000088.217, 157
Trd, 000088.550, 171
Trd, 000090.150, 164
Trd, 000090.250, 166
Trd, 000091.233, 167
Trd, 000092.000, 164
Trd, 000092.117, 173
Trd, 000093.650, 164
Trd, 000093.983, 164
Trd, 000094.067, 165
Trd, 000094.917, 162
Trd, 000095.067, 163
Trd, 000096.167, 163
Trd, 000097.367, 162
Trd, 000097.400, 163
Trd, 000097.700, 161
Trd, 000098.867, 161
Trd, 000099.200, 160
Trd, 000099.533, 160
Trd, 000099.767, 165
Trd, 000100.450, 173
Trd, 000100.683, 161
Trd, 000100.933, 191
Trd, 000101.333, 161
Trd, 000101.950, 161
Trd, 000102.367, 175
Trd, 000105.050, 168
Trd, 000105.117, 171
Trd, 000105.150, 172
Trd, 000105.533, 166
Trd, 000106.233, 170
Trd, 000106.367, 165
Trd, 000106.533, 161
Trd, 000107.567, 162
Trd, 000107.667, 170
Trd, 000108.017, 161
Trd, 000108.400, 158
Trd, 000108.617, 165
Trd, 000108.967, 165
Trd, 000109.283, 164
Trd, 000109.450, 166
Trd, 000110.483, 177
Trd, 000111.100, 168
Trd, 000111.933, 165
Trd, 000113.883, 165
Trd, 000114.867, 165
Trd, 000114.883, 162
Trd, 000115.183, 166
Trd, 000115.383, 160
Trd, 000115.733, 164
Trd, 000115.967, 164
Trd, 000116.500, 165
Trd, 000116.617, 160
Trd, 000118.783, 160
Trd, 000119.133, 160
Trd, 000119.267, 148
Trd, 000119.617, 160
Trd, 000119.783, 163
Trd, 000121.483, 160
Trd, 000123.817, 163
Trd, 000123.983, 172
Trd, 000124.317, 164
Trd, 000124.517, 165
Trd, 000124.617, 164
Trd, 000125.100, 165
Trd, 000125.617, 165
Trd, 000125.650, 164
Trd, 000126.617, 170
Trd, 000127.333, 167
Trd, 000128.150, 176
Trd, 000129.417, 171
Trd, 000129.850, 163
Trd, 000129.900, 173
Trd, 000130.117, 178
Trd, 000131.050, 171
Trd, 000131.100, 170
Trd, 000131.667, 169
Trd, 000132.600, 172
Trd, 000133.733, 168
Trd, 000134.200, 168
Trd, 000134.250, 169
Trd, 000134.317, 170
Trd, 000134.350, 164
Trd, 000134.767, 168
Trd, 000135.283, 169
Trd, 000135.750, 166
Trd, 000136.167, 174
Trd, 000137.617, 176
Trd, 000137.833, 175
Trd, 000137.900, 172
Trd, 000139.083, 173
Trd, 000139.167, 174
Trd, 000140.500, 174
Trd, 000140.817, 171
Trd, 000140.883, 175
Trd, 000141.517, 169
Trd, 000141.883, 176
Trd, 000142.200, 169
Trd, 000142.467, 169
Trd, 000142.883, 172
Trd, 000142.967, 175
Trd, 000143.733, 175
Trd, 000145.033, 173
Trd, 000146.467, 171
Trd, 000146.867, 170
Trd, 000146.900, 172
Trd, 000147.200, 169
Trd, 000149.317, 170
Trd, 000149.933, 169
Trd, 000150.100, 173
Trd, 000150.533, 169
Trd, 000150.917, 177
Trd, 000151.283, 177
Trd, 000151.783, 166
Trd, 000152.217, 163
Trd, 000152.267, 176
Trd, 000153.100, 173
Trd, 000153.233, 172
Trd, 000153.950, 175
Trd, 000154.333, 180
Trd, 000154.400, 178
Trd, 000156.033, 174
Trd, 000156.583, 175
Trd, 000156.750, 174
Trd, 000157.200, 170
Trd, 000158.050, 178
Trd, 000158.167, 180
Trd, 000159.317, 173
Trd, 000160.317, 173
Trd, 000160.533, 172
Trd, 000161.017, 171
Trd, 000161.217, 147
Trd, 000161.233, 172
Trd, 000161.867, 174
Trd, 000161.967, 161
Trd, 000162.567, 160
Trd, 000162.617, 171
Trd, 000163.283, 165
Trd, 000163.333, 169
Trd, 000164.100, 169
Trd, 000164.733, 169
Trd, 000165.933, 169
Trd, 000166.100, 168
Trd, 000166.533, 167
Trd, 000167.133, 165
Trd, 000167.783, 167
Trd, 000168.500, 166
Trd, 000168.650, 164
Trd, 000168.733, 168
Trd, 000169.833, 181
Trd, 000170.033, 175
Trd, 000170.183, 164
Trd, 000170.350, 175
Trd, 000171.217, 164
Trd, 000172.283, 177
Trd, 000172.600, 165
Trd, 000173.133, 176
Trd, 000173.333, 163
Trd, 000173.717, 162
Trd, 000175.133, 175
Trd, 000175.867, 175
Trd, 000175.917, 175
Trd, 000175.950, 176
Trd, 000177.017, 178
Trd, 000177.033, 169
Trd, 000177.050, 181
Trd, 000177.767, 182
Trd, 000178.000, 183
Trd, 000178.483, 184
Trd, 000179.733, 176
Trd, 000179.867, 181
Trd, 000180.217, 178
Trd, 000181.917, 179
Trd, 000182.017, 177
Trd, 000182.433, 174
Trd, 000182.483, 173
Trd, 000184.367, 177
Trd, 000184.733, 177
Trd, 000185.883, 175
Trd, 000186.267, 174
Trd, 000186.633, 174
Trd, 000186.917, 173
Trd, 000187.767, 173
Trd, 000187.800, 174
Trd, 000188.183, 173
Trd, 000189.533, 179
Trd, 000189.600, 171
Trd, 000190.533, 184
Trd, 000191.333, 170
Trd, 000191.550, 170
Trd, 000192.700, 170
Trd, 000193.467, 173
Trd, 000193.867, 171
Trd, 000194.033, 173
Trd, 000194.933, 173
Trd, 000195.367, 171
Trd, 000196.267, 184
Trd, 000196.517, 178
Trd, 000197.683, 182
Trd, 000197.717, 173
Trd, 000198.200, 183
Trd, 000198.700, 180
Trd, 000199.033, 178
Trd, 000199.733, 184
Trd, 000200.467, 185
Trd, 000202.067, 178
Trd, 000202.333, 183
Trd, 000202.450, 177
Trd, 000202.817, 175
Trd, 000204.433, 178
Trd, 000204.867, 177
Trd, 000205.533, 175
Trd, 000205.667, 181
Trd, 000205.983, 180
Trd, 000206.117, 174
Trd, 000206.167, 179
Trd, 000206.383, 171
Trd, 000206.517, 169
Trd, 000207.150, 179
Trd, 000208.400, 179
Trd, 000208.683, 176
Trd, 000210.300, 178
Trd, 000211.717, 175
Trd, 000211.733, 176
Trd, 000212.133, 177
Trd, 000212.400, 181
Trd, 000212.500, 174
Trd, 000213.267, 180
Trd, 000213.433, 172
Trd, 000213.983, 184
Trd, 000214.317, 172
Trd, 000214.967, 179
Trd, 000217.850, 179
Trd, 000217.900, 177
Trd, 000218.117, 177
Trd, 000218.267, 180
Trd, 000218.900, 176
Trd, 000219.083, 180
Trd, 000219.533, 179
Trd, 000220.333, 179
Trd, 000220.767, 176
Trd, 000220.800, 175
Trd, 000221.000, 177
Trd, 000221.317, 173
Trd, 000221.933, 175
Trd, 000221.950, 176
Trd, 000223.250, 174
Trd, 000224.050, 174
Trd, 000224.100, 175
Trd, 000224.333, 187
Trd, 000224.350, 173
Trd, 000224.650, 172
Trd, 000225.050, 170
Trd, 000225.167, 193
Trd, 000225.733, 169
Trd, 000225.867, 194
Trd, 000227.350, 181
Trd, 000227.917, 189
Trd, 000229.767, 192
Trd, 000230.417, 193
Trd, 000231.200, 186
Trd, 000231.317, 184
Trd, 000231.533, 188
Trd, 000231.550, 181
Trd, 000233.167, 181
Trd, 000233.650, 184
Trd, 000233.733, 182
Trd, 000234.967, 181
Trd, 000235.017, 182
Trd, 000235.417, 178
Trd, 000235.683, 178
Trd, 000236.133, 181
Trd, 000237.000, 181
Trd, 000237.400, 182
Trd, 000237.783, 182
Trd, 000238.583, 179
Trd, 000239.350, 179
Trd, 000239.767, 178
Trd, 000240.150, 182
Trd, 000240.250, 183
Trd, 000240.650, 177
Trd, 000241.133, 175
Trd, 000242.050, 175
Trd, 000242.267, 175
Trd, 000243.517, 174
Trd, 000244.133, 174
Trd, 000244.633, 172
Trd, 000245.083, 172
Trd, 000245.117, 171
Trd, 000245.233, 173
Trd, 000245.833, 172
Trd, 000245.850, 171
Trd, 000246.267, 172
Trd, 000246.467, 175
Trd, 000246.817, 170
Trd, 000247.417, 174
Trd, 000247.617, 170
Trd, 000247.683, 165
Trd, 000247.800, 170
Trd, 000247.867, 176
Trd, 000247.917, 155
Trd, 000248.267, 177
Trd, 000248.817, 174
Trd, 000249.233, 172
Trd, 000249.367, 174
Trd, 000249.900, 173
Trd, 000250.767, 173
Trd, 000250.883, 170
Trd, 000251.233, 174
Trd, 000251.933, 174
Trd, 000252.133, 187
Trd, 000252.800, 176
Trd, 000252.917, 172
Trd, 000253.300, 187
Trd, 000254.600, 189
Trd, 000254.950, 185
Trd, 000255.717, 177
Trd, 000255.983, 178
Trd, 000256.033, 177
Trd, 000256.267, 182
Trd, 000256.350, 168
Trd, 000256.517, 184
Trd, 000256.700, 167
Trd, 000257.217, 177
Trd, 000257.567, 174
Trd, 000258.033, 173
Trd, 000259.000, 173
Trd, 000259.017, 172
Trd, 000259.717, 159
Trd, 000260.217, 160
Trd, 000260.650, 159
Trd, 000260.717, 172
Trd, 000261.000, 158
Trd, 000262.100, 161
Trd, 000262.950, 163
Trd, 000263.017, 167
Trd, 000263.417, 173
Trd, 000263.917, 163
Trd, 000264.300, 168
Trd, 000264.483, 170
Trd, 000266.317, 172
Trd, 000266.467, 168
Trd, 000266.967, 171
Trd, 000267.000, 169
Trd, 000267.133, 172
Trd, 000267.500, 174
Trd, 000268.533, 185
Trd, 000268.667, 186
Trd, 000269.350, 178
Trd, 000269.483, 177
Trd, 000269.583, 180
Trd, 000269.750, 180
Trd, 000269.900, 177
Trd, 000269.917, 176
Trd, 000270.783, 181
Trd, 000271.500, 168
Trd, 000272.350, 176
Trd, 000272.417, 174
Trd, 000272.667, 171
Trd, 000273.217, 163
Trd, 000273.517, 160
Trd, 000273.783, 162
Trd, 000273.800, 164
Trd, 000274.750, 177
Trd, 000274.800, 175
Trd, 000275.400, 158
Trd, 000276.133, 168
Trd, 000276.733, 172
Trd, 000277.850, 170
Trd, 000278.083, 171
Trd, 000278.133, 169
Trd, 000278.333, 168
Trd, 000278.717, 168
Trd, 000278.917, 171
Trd, 000279.000, 168
Trd, 000279.050, 158
Trd, 000279.667, 171
Trd, 000280.717, 172
Trd, 000281.250, 176
Trd, 000282.217, 176
Trd, 000282.267, 172
Trd, 000282.283, 182
Trd, 000282.550, 172
Trd, 000282.633, 190
Trd, 000283.133, 174
Trd, 000283.200, 166
Trd, 000283.817, 171
Trd, 000285.317, 172
Trd, 000285.650, 174
Trd, 000285.900, 172
Trd, 000286.000, 174
Trd, 000286.633, 174
Trd, 000286.967, 170
Trd, 000287.333, 173
Trd, 000287.383, 176
Trd, 000287.833, 171
Trd, 000288.083, 170
Trd, 000288.950, 169
Trd, 000289.333, 176
Trd, 000289.417, 174
Trd, 000290.083, 176
Trd, 000290.533, 191
Trd, 000290.650, 169
Trd, 000291.483, 175
Trd, 000291.650, 180
Trd, 000291.717, 180
Trd, 000291.850, 170
Trd, 000292.717, 177
Trd, 000292.817, 178
Trd, 000293.217, 176
Trd, 000293.833, 194
Trd, 000294.050, 178
Trd, 000295.450, 180
Trd, 000295.850, 180
Trd, 000296.317, 179
Trd, 000296.550, 178
Trd, 000297.017, 177
Trd, 000297.033, 170
Trd, 000298.000, 170
Trd, 000298.533, 167
Trd, 000299.533, 168
Trd, 000299.950, 171
