Trd, 000000.767, 141
Trd, 000002.633, 195
Trd, 000002.850, 193
Trd, 000003.333, 179
Trd, 000003.667, 179
Trd, 000004.000, 175
Trd, 000004.033, 163
Trd, 000004.650, 163
Trd, 000005.933, 169
Trd, 000006.183, 167
Trd, 000006.217, 162
Trd, 000006.400, 167
Trd, 000007.217, 148
Trd, 000007.467, 149
Trd, 000007.600, 158
Trd, 000009.133, 166
Trd, 000009.833, 159
Trd, 000009.917, 157
Trd, 000010.317, 156
Trd, 000010.817, 154
Trd, 000011.050, 154
Trd, 000011.433, 157
Trd, 000012.183, 157
Trd, 000012.883, 156
Trd, 000013.017, 155
Trd, 000013.300, 156
Trd, 000013.783, 159
Trd, 000015.167, 135
Trd, 000015.250, 161
Trd, 000015.367, 167
Trd, 000015.683, 176
Trd, 000016.483, 155
Trd, 000016.617, 173
Trd, 000016.683, 154
Trd, 000017.267, 154
Trd, 000017.967, 171
Trd, 000018.100, 172
Trd, 000018.333, 157
Trd, 000018.733, 164
Trd, 000019.833, 172
Trd, 000020.750, 173
Trd, 000020.833, 167
Trd, 000021.133, 166
Trd, 000021.433, 174
Trd, 000022.033, 161
Trd, 000023.033, 158
Trd, 000023.767, 158
Trd, 000023.967, 159
Trd, 000024.900, 158
Trd, 000025.050, 143
Trd, 000025.700, 159
Trd, 000025.867, 160
Trd, 000026.133, 160
Trd, 000026.383, 163
Trd, 000026.683, 167
Trd, 000027.650, 164
Trd, 000028.117, 163
Trd, 000028.483, 157
Trd, 000029.267, 156
Trd, 000030.200, 155
Trd, 000030.733, 158
Trd, 000032.383, 158
Trd, 000032.983, 159
Trd, 000033.317, 159
Trd, 000034.200, 158
Trd, 000034.833, 158
Trd, 000035.117, 160
Trd, 000035.350, 147
Trd, 000035.717, 160
Trd, 000036.100, 161
Trd, 000036.400, 161
Trd, 000036.800, 164
Trd, 000037.233, 156
Trd, 000038.017, 169
Trd, 000038.267, 162
Trd, 000038.867, 156
Trd, 000039.100, 164
Trd, 000039.717, 172
Trd, 000040.050, 159
Trd, 000040.683, 172
Trd, 000040.733, 157
Trd, 000040.800, 154
Trd, 000042.500, 165
Trd, 000043.483, 164
Trd, 000043.533, 165
Trd, 000043.867, 164
Trd, 000043.983, 162
Trd, 000046.017, 162
Trd, 000046.050, 164
Trd, 000046.167, 161
Trd, 000046.700, 160
Trd, 000046.850, 164
Trd, 000047.217, 160
Trd, 000047.733, 147
Trd, 000048.267, 163
Trd, 000049.700, 155
Trd, 000049.850, 153
Trd, 000049.967, 159
Trd, 000050.700, 159
Trd, 000052.017, 159
Trd, 000052.067, 163
Trd, 000052.300, 154
Trd, 000052.383, 161
Trd, 000052.817, 161
Trd, 000053.217, 164
Trd, 000053.500, 152
Trd, 000053.700, 156
Trd, 000053.717, 159
Trd, 000056.133, 153
Trd, 000056.267, 153
Trd, 000056.967, 152
Trd, 000057.333, 154
Trd, 000057.583, 153
Trd, 000058.117, 152
Trd, 000058.833, 155
Trd, 000059.417, 153
Trd, 000060.067, 152
Trd, 000060.333, 153
Trd, 000061.017, 151
Trd, 000061.550, 153
Trd, 000061.733, 151
Trd, 000061.817, 152
Trd, 000062.233, 164
Trd, 000063.300, 169
Trd, 000063.533, 160
Trd, 000064.117, 170
Trd, 000064.467, 171
Trd, 000064.500, 178
Trd, 000065.767, 165
Trd, 000066.150, 165
Trd, 000066.650, 166
Trd, 000067.083, 166
Trd, 000067.500, 162
Trd, 000067.950, 161
Trd, 000069.283, 170
Trd, 000070.283, 171
Trd, 000071.950, 168
Trd, 000073.083, 166
Trd, 000073.300, 165
Trd, 000073.417, 164
Trd, 000073.817, 168
Trd, 000074.067, 169
Trd, 000074.367, 149
Trd, 000074.533, 170
Trd, 000074.883, 168
Trd, 000075.600, 168
Trd, 000075.617, 160
Trd, 000076.067, 167
Trd, 000076.333, 168
Trd, 000076.550, 170
Trd, 000076.867, 172
Trd, 000076.900, 159
Trd, 000077.650, 173
Trd, 000077.950, 162
Trd, 000078.217, 179
Trd, 000079.967, 172
Trd, 000080.067, 166
Trd, 000080.550, 165
Trd, 000080.767, 165
Trd, 000080.867, 174
Trd, 000081.967, 165
Trd, 000082.583, 166
Trd, 000083.233, 164
Trd, 000083.300, 163
Trd, 000084.133, 163
Trd, 000084.183, 165
Trd, 000084.317, 161
Trd, 000084.517, 165
Trd, 000085.183, 165
Trd, 000085.683, 164
Trd, 000086.783, 167
Trd, 000087.233, 170
Trd, 000087.467, 167
Trd, 000087.533, 166
Trd, 000088.317, 166
Trd, 000089.267, 166
Trd, 000089.833, 168
Trd, 000090.283, 161
Trd, 000090.400, 164
Trd, 000091.133, 147
Trd, 000091.250, 146
Trd, 000091.850, 154
Trd, 000091.867, 148
Trd, 000092.867, 151
Trd, 000092.983, 152
Trd, 000093.133, 153
Trd, 000093.900, 146
Trd, 000094.100, 153
Trd, 000095.017, 181
Trd, 000096.333, 168
Trd, 000097.633, 159
Trd, 000097.900, 164
Trd, 000098.150, 168
Trd, 000099.067, 168
Trd, 000099.233, 162
Trd, 000099.767, 170
Trd, 000100.117, 167
Trd, 000100.517, 167
Trd, 000100.583, 171
Trd, 000101.550, 169
Trd, 000101.583, 172
Trd, 000101.733, 173
Trd, 000102.300, 175
Trd, 000102.900, 175
Trd, 000102.983, 168
Trd, 000103.000, 177
Trd, 000103.333, 182
Trd, 000104.000, 167
Trd, 000106.467, 172
Trd, 000106.750, 174
Trd, 000106.900, 175
Trd, 000107.067, 170
Trd, 000107.583, 176
Trd, 000108.367, 177
Trd, 000109.400, 183
Trd, 000110.050, 177
Trd, 000110.733, 178
Trd, 000111.133, 176
Trd, 000111.283, 176
Trd, 000112.117, 173
Trd, 000112.617, 177
Trd, 000112.950, 173
Trd, 000113.983, 172
Trd, 000114.300, 175
Trd, 000114.617, 176
Trd, 000115.267, 169
Trd, 000115.917, 172
Trd, 000116.267, 170
Trd, 000117.300, 170
Trd, 000118.367, 174
Trd, 000119.500, 173
Trd, 000119.617, 172
Trd, 000120.033, 170
Trd, 000120.050, 171
Trd, 000120.283, 170
Trd, 000120.450, 171
Trd, 000120.717, 169
Trd, 000121.367, 167
Trd, 000121.600, 166
Trd, 000122.400, 149
Trd, 000122.900, 167
Trd, 000123.767, 169
Trd, 000124.600, 169
Trd, 000125.833, 168
Trd, 000125.883, 170
Trd, 000126.867, 166
Trd, 000127.067, 165
Trd, 000127.217, 165
Trd, 000127.383, 177
Trd, 000127.850, 165
Trd, 000130.183, 170
Trd, 000131.067, 168
Trd, 000131.117, 169
Trd, 000131.867, 166
Trd, 000132.033, 164
Trd, 000133.183, 162
Trd, 000133.200, 161
Trd, 000133.667, 162
Trd, 000134.883, 162
Trd, 000135.483, 161
Trd, 000136.200, 164
Trd, 000136.467, 170
Trd, 000136.767, 169
Trd, 000137.867, 170
Trd, 000138.650, 171
Trd, 000139.733, 171
Trd, 000139.800, 170
Trd, 000140.117, 179
Trd, 000140.283, 168
Trd, 000140.783, 167
Trd, 000141.483, 169
Trd, 000143.417, 171
Trd, 000143.517, 173
Trd, 000144.517, 171
Trd, 000145.083, 171
Trd, 000145.650, 171
Trd, 000146.733, 172
Trd, 000146.950, 170
Trd, 000147.250, 172
Trd, 000147.417, 173
Trd, 000148.500, 168
Trd, 000149.083, 171
Trd, 000149.783, 172
Trd, 000151.000, 172
Trd, 000151.467, 172
Trd, 000151.883, 173
Trd, 000152.200, 181
Trd, 000153.250, 174
Trd, 000153.317, 174
Trd, 000153.550, 173
Trd, 000154.200, 172
Trd, 000154.983, 156
Trd, 000155.000, 169
Trd, 000155.083, 172
Trd, 000155.500, 172
Trd, 000155.633, 173
Trd, 000156.283, 163
Trd, 000157.650, 175
Trd, 000158.800, 168
Trd, 000159.233, 166
Trd, 000159.750, 169
Trd, 000159.900, 170
Trd, 000159.967, 171
Trd, 000160.217, 174
Trd, 000160.817, 165
Trd, 000161.800, 166
Trd, 000163.283, 173
Trd, 000164.883, 170
Trd, 000164.917, 173
Trd, 000165.117, 171
Trd, 000165.483, 174
Trd, 000166.183, 180
Trd, 000166.350, 171
Trd, 000166.550, 170
Trd, 000167.283, 188
Trd, 000167.917, 170
Trd, 000168.800, 176
Trd, 000169.667, 175
Trd, 000169.850, 176
Trd, 000170.033, 177
Trd, 000170.667, 176
Trd, 000170.783, 178
Trd, 000171.450, 175
Trd, 000172.417, 174
Trd, 000172.750, 176
Trd, 000173.233, 173
Trd, 000174.233, 174
Trd, 000175.033, 175
Trd, 000175.300, 176
Trd, 000175.517, 175
Trd, 000176.017, 176
Trd, 000176.250, 174
Trd, 000176.650, 182
Trd, 000177.400, 173
Trd, 000177.850, 179
Trd, 000178.383, 172
Trd, 000178.717, 177
Trd, 000179.250, 172
Trd, 000180.233, 177
Trd, 000180.367, 173
Trd, 000180.417, 177
Trd, 000180.700, 159
Trd, 000182.067, 169
Trd, 000182.117, 170
Trd, 000182.317, 174
Trd, 000182.567, 176
Trd, 000183.683, 173
Trd, 000184.017, 169
Trd, 000184.400, 167
Trd, 000184.583, 174
Trd, 000184.783, 175
Trd, 000185.033, 176
Trd, 000186.317, 174
Trd, 000186.767, 176
Trd, 000187.617, 176
Trd, 000188.183, 177
Trd, 000189.900, 176
Trd, 000191.167, 177
Trd, 000191.483, 176
Trd, 000191.833, 175
Trd, 000192.100, 177
Trd, 000192.150, 174
Trd, 000192.917, 177
Trd, 000193.133, 176
Trd, 000193.617, 191
Trd, 000194.400, 186
Trd, 000194.650, 179
Trd, 000194.667, 183
Trd, 000194.717, 177
Trd, 000195.633, 183
Trd, 000195.833, 184
Trd, 000196.083, 177
Trd, 000196.750, 184
Trd, 000198.117, 183
Trd, 000199.850, 188
Trd, 000200.217, 178
Trd, 000200.483, 179
Trd, 000200.933, 161
Trd, 000201.150, 174
Trd, 000201.233, 161
Trd, 000201.367, 163
Trd, 000201.867, 181
Trd, 000202.950, 170
Trd, 000204.200, 170
Trd, 000204.233, 174
Trd, 000204.283, 174
Trd, 000204.650, 178
Trd, 000204.883, 169
Trd, 000206.650, 171
Trd, 000207.133, 176
Trd, 000207.400, 176
Trd, 000207.867, 176
Trd, 000207.967, 175
Trd, 000208.700, 176
Trd, 000209.550, 174
Trd, 000211.283, 176
Trd, 000211.417, 174
Trd, 000211.833, 176
Trd, 000212.983, 178
Trd, 000213.200, 174
Trd, 000215.183, 177
Trd, 000215.467, 177
Trd, 000215.500, 186
Trd, 000215.700, 193
Trd, 000217.883, 178
Trd, 000218.233, 180
Trd, 000219.650, 176
Trd, 000219.900, 179
Trd, 000220.750, 176
Trd, 000220.850, 179
Trd, 000221.467, 177
Trd, 000222.200, 177
Trd, 000222.500, 177
Trd, 000223.900, 177
Trd, 000224.333, 177
Trd, 000224.733, 178
Trd, 000225.500, 178
Trd, 000225.817, 179
Trd, 000226.017, 180
Trd, 000227.050, 176
Trd, 000227.567, 182
Trd, 000228.083, 181
Trd, 000228.367, 176
Trd, 000228.817, 177
Trd, 000228.883, 188
Trd, 000229.533, 166
Trd, 000231.900, 179
Trd, 000232.283, 178
Trd, 000232.317, 178
Trd, 000232.817, 177
Trd, 000232.900, 179
Trd, 000235.567, 178
Trd, 000235.667, 178
Trd, 000236.350, 177
Trd, 000236.500, 178
Trd, 000237.100, 181
Trd, 000237.500, 195
Trd, 000237.633, 180
Trd, 000238.217, 179
Trd, 000238.867, 191
Trd, 000238.983, 180
Trd, 000239.200, 187
Trd, 000240.667, 181
Trd, 000241.050, 180
Trd, 000241.733, 179
Trd, 000242.083, 178
Trd, 000242.133, 180
Trd, 000242.217, 177
Trd, 000242.650, 179
Trd, 000243.317, 178
Trd, 000243.367, 177
Trd, 000243.467, 175
Trd, 000244.617, 175
Trd, 000245.000, 176
Trd, 000245.250, 175
Trd, 000246.017, 173
Trd, 000246.117, 174
Trd, 000246.867, 177
Trd, 000246.883, 175
Trd, 000247.617, 172
Trd, 000247.883, 175
Trd, 000247.967, 174
Trd, 000248.300, 176
Trd, 000249.900, 174
Trd, 000250.000, 174
Trd, 000250.033, 175
Trd, 000250.667, 172
Trd, 000250.833, 178
Trd, 000250.967, 171
Trd, 000251.650, 174
Trd, 000251.767, 183
Trd, 000252.300, 182
Trd, 000252.550, 183
Trd, 000252.900, 189
Trd, 000254.467, 174
Trd, 000255.017, 175
Trd, 000255.033, 174
Trd, 000255.367, 176
Trd, 000255.433, 176
Trd, 000256.183, 174
Trd, 000256.933, 175
Trd, 000257.350, 179
Trd, 000257.483, 191
Trd, 000258.233, 185
Trd, 000258.500, 185
Trd, 000258.733, 178
Trd, 000258.783, 177
Trd, 000259.333, 186
Trd, 000260.767, 185
Trd, 000262.533, 181
Trd, 000262.667, 179
Trd, 000263.500, 179
Trd, 000263.633, 178
Trd, 000264.000, 175
Trd, 000264.350, 179
Trd, 000264.733, 180
Trd, 000265.100, 176
Trd, 000265.300, 178
Trd, 000265.733, 173
Trd, 000266.217, 176
Trd, 000266.383, 181
Trd, 000266.850, 178
Trd, 000267.650, 178
Trd, 000269.000, 177
Trd, 000269.467, 178
Trd, 000269.533, 177
Trd, 000270.300, 178
Trd, 000270.767, 180
Trd, 000270.967, 178
Trd, 000271.650, 172
Trd, 000271.767, 180
Trd, 000272.533, 177
Trd, 000272.867, 178
Trd, 000272.967, 176
Trd, 000272.983, 175
Trd, 000273.450, 173
Trd, 000274.333, 177
Trd, 000274.450, 177
Trd, 000274.983, 177
Trd, 000275.483, 178
Trd, 000275.867, 178
Trd, 000276.000, 178
Trd, 000276.567, 184
Trd, 000276.883, 185
Trd, 000277.017, 173
Trd, 000277.867, 187
Trd, 000277.900, 184
Trd, 000278.783, 193
Trd, 000279.200, 194
Trd, 000279.600, 194
Trd, 000279.783, 184
Trd, 000280.100, 179
Trd, 000280.150, 179
Trd, 000280.433, 183
Trd, 000281.450, 182
Trd, 000281.583, 183
Trd, 000281.833, 184
Trd, 000282.200, 186
Trd, 000282.600, 181
Trd, 000282.917, 186
Trd, 000283.083, 181
Trd, 000283.617, 181
Trd, 000283.867, 179
Trd, 000284.383, 180
Trd, 000284.617, 186
Trd, 000286.450, 186
Trd, 000286.633, 184
Trd, 000286.983, 186
Trd, 000287.200, 185
Trd, 000287.233, 184
Trd, 000287.450, 183
Trd, 000287.583, 179
Trd, 000288.550, 185
Trd, 000289.533, 185
Trd, 000290.533, 183
Trd, 000290.700, 180
Trd, 000291.200, 182
Trd, 000291.500, 180
Trd, 000291.517, 179
Trd, 000292.067, 181
Trd, 000292.783, 180
Trd, 000292.917, 180
Trd, 000292.933, 179
Trd, 000293.783, 187
Trd, 000293.850, 178
Trd, 000293.933, 183
Trd, 000293.950, 176
Trd, 000294.267, 170
Trd, 000294.900, 194
Trd, 000294.917, 177
Trd, 000295.200, 175
Trd, 000295.817, 181
Trd, 000296.300, 185
Trd, 000297.283, 180
Trd, 000297.450, 184
Trd, 000298.350, 180
Trd, 000299.067, 183
Trd, 000299.400, 181
Trd, 000299.500, 183
Trd, 000299.683, 197
Trd, 000299.783, 183
