Trd, 000000.950, 175
Trd, 000002.400, 183
Trd, 000002.433, 182
Trd, 000003.083, 172
Trd, 000004.433, 172
Trd, 000005.067, 172
Trd, 000005.100, 172
Trd, 000005.500, 165
Trd, 000006.800, 169
Trd, 000007.283, 169
Trd, 000007.450, 170
Trd, 000007.850, 169
Trd, 000008.267, 163
Trd, 000008.500, 158
Trd, 000008.967, 170
Trd, 000009.350, 165
Trd, 000009.400, 169
Trd, 000009.817, 141
Trd, 000010.200, 138
Trd, 000010.467, 154
Trd, 000012.267, 153
Trd, 000012.667, 158
Trd, 000012.733, 158
Trd, 000013.483, 152
Trd, 000013.767, 152
Trd, 000014.533, 152
Trd, 000015.017, 151
Trd, 000015.083, 140
Trd, 000015.783, 151
Trd, 000015.850, 154
Trd, 000016.883, 153
Trd, 000017.233, 151
Trd, 000017.350, 157
Trd, 000017.750, 144
Trd, 000018.217, 132
Trd, 000018.950, 146
Trd, 000019.717, 147
Trd, 000019.817, 147
Trd, 000020.100, 150
Trd, 000020.283, 145
Trd, 000020.317, 145
Trd, 000020.450, 145
Trd, 000020.767, 153
Trd, 000020.850, 141
Trd, 000021.050, 157
Trd, 000021.183, 139
Trd, 000022.500, 173
Trd, 000023.000, 160
Trd, 000023.250, 166
Trd, 000024.267, 168
Trd, 000025.483, 167
Trd, 000025.500, 165
Trd, 000026.333, 162
Trd, 000026.683, 163
Trd, 000026.917, 164
Trd, 000027.083, 162
Trd, 000027.783, 161
Trd, 000027.833, 156
Trd, 000027.867, 166
Trd, 000028.000, 174
Trd, 000029.500, 149
Trd, 000030.000, 161
Trd, 000030.067, 136
Trd, 000030.817, 143
Trd, 000030.983, 147
Trd, 000031.833, 147
Trd, 000033.000, 152
Trd, 000033.367, 164
Trd, 000033.750, 168
Trd, 000034.050, 161
Trd, 000034.200, 160
Trd, 000034.767, 159
Trd, 000034.883, 160
Trd, 000034.933, 143
Trd, 000035.883, 161
Trd, 000035.900, 164
Trd, 000036.300, 175
Trd, 000037.567, 147
Trd, 000037.850, 148
Trd, 000038.167, 146
Trd, 000038.783, 144
Trd, 000039.383, 147
Trd, 000039.650, 154
Trd, 000039.833, 155
Trd, 000040.500, 146
Trd, 000040.567, 147
Trd, 000040.667, 154
Trd, 000040.700, 135
Trd, 000041.867, 137
Trd, 000042.650, 138
Trd, 000043.133, 139
Trd, 000043.150, 136
Trd, 000043.317, 131
Trd, 000043.583, 140
Trd, 000044.200, 148
Trd, 000045.083, 155
Trd, 000045.183, 137
Trd, 000045.417, 159
Trd, 000045.800, 141
Trd, 000046.650, 156
Trd, 000046.867, 169
Trd, 000047.333, 151
Trd, 000047.550, 174
Trd, 000047.800, 176
Trd, 000048.417, 188
Trd, 000049.283, 166
Trd, 000050.233, 167
Trd, 000050.617, 167
Trd, 000050.667, 168
Trd, 000051.117, 166
Trd, 000051.500, 162
Trd, 000053.100, 148
Trd, 000053.167, 146
Trd, 000053.333, 154
Trd, 000053.783, 155
Trd, 000054.183, 154
Trd, 000054.200, 156
Trd, 000054.683, 170
Trd, 000055.383, 161
Trd, 000056.317, 177
Trd, 000056.417, 157
Trd, 000056.783, 166
Trd, 000056.883, 157
Trd, 000057.667, 175
Trd, 000058.450, 168
Trd, 000059.167, 161
Trd, 000060.417, 166
Trd, 000060.817, 166
Trd, 000060.967, 164
Trd, 000061.233, 162
Trd, 000061.683, 161
Trd, 000062.233, 161
Trd, 000062.517, 162
Trd, 000062.633, 162
Trd, 000062.817, 165
Trd, 000063.317, 146
Trd, 000063.817, 165
Trd, 000063.833, 166
Trd, 000066.233, 177
Trd, 000066.283, 158
Trd, 000066.917, 185
Trd, 000068.133, 169
Trd, 000068.200, 158
Trd, 000069.750, 163
Trd, 000070.000, 162
Trd, 000070.100, 168
Trd, 000070.267, 145
Trd, 000070.950, 168
Trd, 000071.300, 168
Trd, 000071.883, 160
Trd, 000072.283, 170
Trd, 000072.300, 189
Trd, 000072.433, 159
Trd, 000072.550, 146
Trd, 000072.967, 148
Trd, 000074.117, 144
Trd, 000074.367, 138
Trd, 000074.417, 169
Trd, 000075.217, 161
Trd, 000075.933, 161
Trd, 000076.467, 153
Trd, 000077.883, 157
Trd, 000078.000, 158
Trd, 000078.433, 152
Trd, 000078.817, 154
Trd, 000080.183, 154
Trd, 000080.400, 155
Trd, 000080.517, 160
Trd, 000080.583, 160
Trd, 000080.600, 161
Trd, 000080.950, 163
Trd, 000081.567, 154
Trd, 000081.667, 154
Trd, 000083.150, 178
Trd, 000083.183, 144
Trd, 000083.950, 179
Trd, 000084.750, 170
Trd, 000085.967, 166
Trd, 000086.083, 167
Trd, 000086.383, 165
Trd, 000087.067, 168
Trd, 000087.233, 164
Trd, 000087.417, 167
Trd, 000087.567, 163
Trd, 000087.817, 167
Trd, 000088.417, 163
Trd, 000089.300, 167
Trd, 000089.850, 166
Trd, 000089.883, 165
Trd, 000090.483, 167
Trd, 000092.500, 165
Trd, 000093.667, 165
Trd, 000093.867, 165
Trd, 000094.883, 164
Trd, 000095.017, 162
Trd, 000095.267, 166
Trd, 000095.283, 160
Trd, 000095.767, 150
Trd, 000095.783, 167
Trd, 000096.317, 148
Trd, 000096.600, 162
Trd, 000097.000, 162
Trd, 000097.533, 161
Trd, 000099.417, 155
Trd, 000099.850, 159
Trd, 000100.217, 155
Trd, 000100.750, 155
Trd, 000100.900, 154
Trd, 000101.667, 153
Trd, 000101.767, 154
Trd, 000102.233, 154
Trd, 000102.250, 152
Trd, 000102.400, 161
Trd, 000103.250, 151
Trd, 000103.367, 160
Trd, 000103.583, 159
Trd, 000104.200, 147
Trd, 000104.217, 154
Trd, 000104.733, 145
Trd, 000105.533, 158
Trd, 000106.783, 153
Trd, 000106.800, 162
Trd, 000107.283, 161
Trd, 000107.833, 153
Trd, 000107.850, 161
Trd, 000108.667, 162
Trd, 000109.417, 165
Trd, 000110.467, 166
Trd, 000110.700, 165
Trd, 000111.450, 166
Trd, 000111.617, 186
Trd, 000111.817, 177
Trd, 000111.867, 157
Trd, 000113.200, 175
Trd, 000114.133, 185
Trd, 000114.250, 193
Trd, 000114.583, 177
Trd, 000114.717, 175
Trd, 000114.750, 174
Trd, 000115.200, 173
Trd, 000115.750, 160
Trd, 000115.800, 151
Trd, 000117.967, 175
Trd, 000118.283, 173
Trd, 000118.583, 174
Trd, 000118.833, 175
Trd, 000118.983, 175
Trd, 000119.400, 174
Trd, 000120.750, 170
Trd, 000120.983, 171
Trd, 000121.267, 162
Trd, 000122.783, 175
Trd, 000123.350, 172
Trd, 000123.700, 171
Trd, 000124.983, 169
Trd, 000125.150, 168
Trd, 000126.367, 165
Trd, 000126.533, 166
Trd, 000126.817, 166
Trd, 000127.450, 165
Trd, 000127.483, 168
Trd, 000127.950, 169
Trd, 000128.100, 152
Trd, 000128.133, 158
Trd, 000128.950, 161
Trd, 000129.083, 164
Trd, 000129.733, 159
Trd, 000130.650, 164
Trd, 000131.067, 153
Trd, 000131.117, 156
Trd, 000131.233, 165
Trd, 000131.750, 156
Trd, 000132.317, 156
Trd, 000132.350, 161
Trd, 000133.167, 154
Trd, 000133.633, 162
Trd, 000134.150, 163
Trd, 000134.500, 154
Trd, 000135.017, 157
Trd, 000135.400, 155
Trd, 000136.000, 161
Trd, 000136.117, 163
Trd, 000136.383, 163
Trd, 000136.450, 154
Trd, 000137.367, 154
Trd, 000138.033, 158
Trd, 000138.450, 167
Trd, 000138.883, 167
Trd, 000139.350, 171
Trd, 000140.233, 154
Trd, 000140.400, 158
Trd, 000140.633, 169
Trd, 000140.817, 166
Trd, 000141.400, 164
Trd, 000142.533, 158
Trd, 000142.650, 157
Trd, 000143.000, 163
Trd, 000143.300, 157
Trd, 000144.333, 158
Trd, 000145.217, 159
Trd, 000145.600, 162
Trd, 000145.733, 157
Trd, 000145.983, 158
Trd, 000146.483, 158
Trd, 000147.150, 160
Trd, 000147.467, 159
Trd, 000147.800, 161
Trd, 000148.517, 166
Trd, 000148.933, 168
Trd, 000149.083, 161
Trd, 000149.950, 169
Trd, 000150.533, 190
Trd, 000150.983, 172
Trd, 000151.317, 165
Trd, 000151.550, 164
Trd, 000151.850, 163
Trd, 000153.250, 168
Trd, 000153.600, 166
Trd, 000155.017, 165
Trd, 000155.267, 166
Trd, 000155.883, 165
Trd, 000155.950, 166
Trd, 000156.133, 163
Trd, 000156.600, 169
Trd, 000156.883, 162
Trd, 000158.883, 164
Trd, 000159.367, 164
Trd, 000159.467, 166
Trd, 000159.517, 166
Trd, 000159.750, 163
Trd, 000160.117, 155
Trd, 000161.017, 153
Trd, 000161.500, 166
Trd, 000161.917, 158
Trd, 000163.400, 158
Trd, 000163.617, 163
Trd, 000163.700, 164
Trd, 000164.133, 164
Trd, 000164.317, 166
Trd, 000165.067, 160
Trd, 000165.433, 161
Trd, 000165.650, 165
Trd, 000166.967, 162
Trd, 000167.533, 167
Trd, 000167.850, 161
Trd, 000168.450, 172
Trd, 000168.983, 192
Trd, 000169.183, 172
Trd, 000170.150, 172
Trd, 000170.300, 170
Trd, 000170.867, 171
Trd, 000171.067, 173
Trd, 000171.383, 193
Trd, 000172.017, 192
Trd, 000173.367, 184
Trd, 000173.467, 179
Trd, 000174.833, 175
Trd, 000175.767, 179
Trd, 000175.850, 178
Trd, 000176.217, 175
Trd, 000176.567, 178
Trd, 000176.583, 180
Trd, 000176.850, 177
Trd, 000177.367, 182
Trd, 000178.583, 180
Trd, 000178.700, 177
Trd, 000179.300, 178
Trd, 000179.833, 176
Trd, 000180.350, 175
Trd, 000180.500, 177
Trd, 000180.667, 175
Trd, 000180.950, 176
Trd, 000180.983, 159
Trd, 000181.500, 181
Trd, 000181.750, 181
Trd, 000183.083, 180
Trd, 000184.417, 171
Trd, 000184.550, 172
Trd, 000184.683, 162
Trd, 000185.800, 164
Trd, 000185.950, 165
Trd, 000186.400, 166
Trd, 000186.533, 166
Trd, 000187.483, 167
Trd, 000187.700, 166
Trd, 000188.317, 167
Trd, 000188.633, 168
Trd, 000188.650, 165
Trd, 000189.050, 159
Trd, 000190.117, 170
Trd, 000190.533, 164
Trd, 000190.800, 174
Trd, 000191.333, 190
Trd, 000191.550, 164
Trd, 000191.650, 163
Trd, 000191.950, 185
Trd, 000192.067, 150
Trd, 000193.100, 158
Trd, 000193.500, 181
Trd, 000194.183, 170
Trd, 000194.817, 179
Trd, 000195.217, 169
Trd, 000195.383, 177
Trd, 000196.417, 177
Trd, 000196.683, 177
Trd, 000196.783, 177
Trd, 000197.950, 176
Trd, 000199.150, 174
Trd, 000199.283, 178
Trd, 000199.700, 175
Trd, 000200.617, 175
Trd, 000200.967, 175
Trd, 000201.350, 176
Trd, 000203.000, 175
Trd, 000203.250, 177
Trd, 000204.617, 175
Trd, 000204.783, 174
Trd, 000205.583, 172
Trd, 000205.733, 173
Trd, 000206.217, 160
Trd, 000206.500, 172
Trd, 000207.117, 156
Trd, 000207.767, 170
Trd, 000208.267, 168
Trd, 000208.667, 169
Trd, 000209.083, 169
Trd, 000209.383, 168
Trd, 000209.700, 171
Trd, 000210.250, 158
Trd, 000210.600, 160
Trd, 000210.833, 152
Trd, 000210.900, 146
Trd, 000211.867, 158
Trd, 000212.033, 174
Trd, 000212.567, 157
Trd, 000213.100, 167
Trd, 000213.700, 161
Trd, 000214.050, 163
Trd, 000214.350, 163
Trd, 000214.467, 163
Trd, 000214.933, 163
Trd, 000215.150, 165
Trd, 000215.367, 165
Trd, 000216.167, 162
Trd, 000216.500, 165
Trd, 000216.767, 170
Trd, 000217.633, 171
Trd, 000218.050, 167
Trd, 000218.700, 162
Trd, 000219.017, 184
Trd, 000219.050, 170
Trd, 000219.317, 194
Trd, 000220.150, 180
Trd, 000220.817, 179
Trd, 000221.117, 183
Trd, 000221.633, 177
Trd, 000221.883, 175
Trd, 000223.333, 178
Trd, 000223.450, 177
Trd, 000223.833, 161
Trd, 000224.783, 171
Trd, 000224.900, 169
Trd, 000225.100, 176
Trd, 000225.550, 168
Trd, 000225.583, 177
Trd, 000225.667, 177
Trd, 000225.900, 175
Trd, 000226.033, 193
Trd, 000226.117, 169
Trd, 000226.950, 160
Trd, 000227.317, 166
Trd, 000227.750, 189
Trd, 000228.833, 168
Trd, 000229.433, 173
Trd, 000230.117, 170
Trd, 000231.317, 171
Trd, 000231.850, 172
Trd, 000231.900, 169
Trd, 000232.050, 173
Trd, 000232.083, 167
Trd, 000233.133, 174
Trd, 000233.200, 176
Trd, 000234.733, 173
Trd, 000234.983, 173
Trd, 000235.667, 172
Trd, 000235.767, 174
Trd, 000236.367, 171
Trd, 000237.117, 172
Trd, 000237.617, 172
Trd, 000237.833, 170
Trd, 000238.350, 169
Trd, 000238.500, 174
Trd, 000238.567, 179
Trd, 000239.733, 179
Trd, 000239.900, 176
Trd, 000240.250, 179
Trd, 000240.617, 176
Trd, 000240.883, 168
Trd, 000241.100, 161
Trd, 000241.583, 166
Trd, 000241.767, 166
Trd, 000243.600, 167
Trd, 000243.617, 169
Trd, 000244.450, 172
Trd, 000244.950, 174
Trd, 000245.267, 177
Trd, 000245.667, 178
Trd, 000246.150, 173
Trd, 000246.283, 170
Trd, 000246.867, 170
Trd, 000247.167, 172
Trd, 000247.283, 174
Trd, 000247.383, 175
Trd, 000247.817, 172
Trd, 000248.400, 177
Trd, 000248.483, 172
Trd, 000248.933, 171
Trd, 000248.983, 164
Trd, 000249.067, 180
Trd, 000249.383, 185
Trd, 000249.467, 173
Trd, 000249.850, 186
Trd, 000250.183, 158
Trd, 000251.167, 172
Trd, 000251.883, 169
Trd, 000252.000, 182
Trd, 000252.150, 164
Trd, 000253.300, 167
Trd, 000253.600, 162
Trd, 000254.783, 167
Trd, 000254.867, 171
Trd, 000255.650, 172
Trd, 000255.717, 160
Trd, 000255.750, 174
Trd, 000256.600, 173
Trd, 000257.117, 164
Trd, 000257.617, 163
Trd, 000258.100, 166
Trd, 000258.633, 172
Trd, 000259.733, 172
Trd, 000260.483, 170
Trd, 000261.267, 169
Trd, 000261.383, 170
Trd, 000261.983, 174
Trd, 000262.050, 177
Trd, 000262.317, 198
Trd, 000263.600, 179
Trd, 000263.633, 183
Trd, 000263.983, 184
Trd, 000264.400, 177
Trd, 000264.983, 185
Trd, 000265.183, 184
Trd, 000265.317, 179
Trd, 000265.500, 178
Trd, 000265.550, 184
Trd, 000266.217, 183
Trd, 000266.700, 180
Trd, 000267.367, 178
Trd, 000268.500, 167
Trd, 000268.917, 165
Trd, 000269.067, 173
Trd, 000269.083, 160
Trd, 000269.167, 163
Trd, 000269.183, 174
Trd, 000269.450, 174
Trd, 000269.733, 188
Trd, 000270.317, 170
Trd, 000271.450, 170
Trd, 000272.050, 169
Trd, 000272.517, 175
Trd, 000272.550, 171
Trd, 000273.267, 167
Trd, 000273.450, 170
Trd, 000274.300, 166
Trd, 000275.233, 171
Trd, 000275.767, 170
Trd, 000276.967, 171
Trd, 000277.033, 170
Trd, 000277.633, 171
Trd, 000278.050, 172
Trd, 000278.267, 177
Trd, 000278.433, 169
Trd, 000278.467, 178
Trd, 000278.783, 179
Trd, 000278.850, 171
Trd, 000279.217, 165
Trd, 000279.950, 172
Trd, 000280.483, 178
Trd, 000281.550, 177
Trd, 000281.600, 181
Trd, 000282.667, 177
Trd, 000282.817, 179
Trd, 000282.933, 171
Trd, 000283.500, 178
Trd, 000284.033, 174
Trd, 000284.583, 171
Trd, 000284.750, 176
Trd, 000284.950, 170
Trd, 000285.117, 170
Trd, 000286.433, 173
Trd, 000286.767, 174
Trd, 000286.800, 179
Trd, 000287.167, 184
Trd, 000287.567, 185
Trd, 000289.467, 184
Trd, 000289.850, 184
Trd, 000290.183, 187
Trd, 000290.467, 189
Trd, 000290.533, 190
Trd, 000290.700, 184
Trd, 000290.867, 183
Trd, 000291.100, 192
Trd, 000291.383, 182
Trd, 000291.500, 180
Trd, 000291.633, 174
Trd, 000293.133, 177
Trd, 000293.417, 176
Trd, 000293.650, 182
Trd, 000293.833, 184
Trd, 000293.867, 184
Trd, 000294.550, 184
Trd, 000294.567, 173
Trd, 000295.933, 173
Trd, 000295.950, 190
Trd, 000296.017, 169
Trd, 000296.767, 187
Trd, 000297.017, 185
Trd, 000297.200, 186
Trd, 000297.333, 186
Trd, 000297.483, 169
Trd, 000297.917, 171
Trd, 000298.183, 164
Trd, 000298.667, 192
Trd, 000298.950, 201
Trd, 000298.983, 176
Trd, 000299.367, 185
