Trd, 000001.383, 160
Trd, 000003.550, 144
Trd, 000003.767, 175
Trd, 000004.383, 162
Trd, 000004.583, 152
Trd, 000005.533, 151
Trd, 000006.667, 174
Trd, 000008.417, 164
Trd, 000009.167, 165
Trd, 000009.733, 163
Trd, 000009.817, 163
Trd, 000010.033, 160
Trd, 000010.350, 165
Trd, 000010.917, 162
Trd, 000010.933, 158
Trd, 000012.467, 149
Trd, 000013.183, 154
Trd, 000013.583, 155
Trd, 000014.367, 166
Trd, 000014.550, 162
Trd, 000015.017, 165
Trd, 000015.333, 166
Trd, 000015.683, 167
Trd, 000016.200, 164
Trd, 000016.317, 165
Trd, 000017.617, 164
Trd, 000018.300, 165
Trd, 000018.517, 166
Trd, 000019.433, 165
Trd, 000019.800, 166
Trd, 000020.350, 166
Trd, 000020.567, 166
Trd, 000021.400, 166
Trd, 000022.217, 165
Trd, 000022.267, 164
Trd, 000023.517, 164
Trd, 000023.533, 159
Trd, 000024.550, 164
Trd, 000025.167, 161
Trd, 000025.483, 164
Trd, 000025.800, 161
Trd, 000027.267, 163
Trd, 000027.617, 160
Trd, 000028.367, 162
Trd, 000029.117, 161
Trd, 000029.150, 162
Trd, 000029.417, 159
Trd, 000029.950, 151
Trd, 000030.767, 160
Trd, 000031.650, 160
Trd, 000032.717, 156
Trd, 000032.783, 158
Trd, 000033.200, 160
Trd, 000033.400, 155
Trd, 000034.183, 155
Trd, 000035.183, 167
Trd, 000036.133, 166
Trd, 000036.500, 166
Trd, 000037.600, 162
Trd, 000038.033, 165
Trd, 000039.383, 164
Trd, 000039.417, 162
Trd, 000039.467, 161
Trd, 000040.783, 162
Trd, 000041.483, 164
Trd, 000041.883, 156
Trd, 000042.417, 152
Trd, 000043.600, 159
Trd, 000043.717, 156
Trd, 000044.483, 156
Trd, 000044.800, 158
Trd, 000045.550, 156
Trd, 000045.783, 159
Trd, 000046.383, 157
Trd, 000047.283, 157
Trd, 000047.567, 158
Trd, 000048.050, 169
Trd, 000049.383, 161
Trd, 000049.933, 156
Trd, 000051.167, 163
Trd, 000051.417, 167
Trd, 000051.817, 163
Trd, 000052.050, 163
Trd, 000052.250, 163
Trd, 000052.900, 166
Trd, 000053.050, 170
Trd, 000053.883, 164
Trd, 000054.383, 163
Trd, 000055.250, 163
Trd, 000055.467, 162
Trd, 000056.083, 163
Trd, 000056.467, 163
Trd, 000056.500, 170
Trd, 000056.750, 153
Trd, 000057.117, 174
Trd, 000058.367, 163
Trd, 000058.800, 156
Trd, 000059.367, 156
Trd, 000059.517, 174
Trd, 000060.933, 172
Trd, 000061.350, 171
Trd, 000061.600, 165
Trd, 000062.050, 165
Trd, 000062.800, 151
Trd, 000063.433, 158
Trd, 000063.833, 151
Trd, 000064.833, 163
Trd, 000064.983, 163
Trd, 000065.567, 152
Trd, 000066.850, 169
Trd, 000067.433, 164
Trd, 000067.500, 164
Trd, 000068.367, 172
Trd, 000068.933, 158
Trd, 000069.433, 158
Trd, 000069.683, 157
Trd, 000069.933, 167
Trd, 000069.950, 169
Trd, 000070.417, 156
Trd, 000071.883, 158
Trd, 000072.000, 162
Trd, 000072.833, 161
Trd, 000072.917, 158
Trd, 000073.583, 163
Trd, 000075.267, 162
Trd, 000075.333, 158
Trd, 000076.167, 170
Trd, 000077.467, 168
Trd, 000078.517, 169
Trd, 000078.750, 167
Trd, 000079.133, 168
Trd, 000079.433, 168
Trd, 000080.750, 170
Trd, 000081.350, 171
Trd, 000081.483, 173
Trd, 000082.217, 174
Trd, 000082.250, 173
Trd, 000082.333, 170
Trd, 000082.450, 165
Trd, 000082.967, 162
Trd, 000083.183, 174
Trd, 000083.967, 175
Trd, 000084.867, 170
Trd, 000085.417, 165
Trd, 000086.250, 174
Trd, 000087.950, 173
Trd, 000088.067, 174
Trd, 000088.200, 167
Trd, 000089.150, 171
Trd, 000089.217, 170
Trd, 000090.333, 169
Trd, 000091.083, 166
Trd, 000091.650, 157
Trd, 000091.717, 171
Trd, 000093.300, 171
Trd, 000093.633, 170
Trd, 000093.767, 165
Trd, 000093.950, 162
Trd, 000095.200, 170
Trd, 000095.700, 161
Trd, 000095.933, 161
Trd, 000096.467, 162
Trd, 000097.300, 162
Trd, 000098.883, 162
Trd, 000099.000, 161
Trd, 000099.117, 161
Trd, 000099.783, 163
Trd, 000099.967, 168
Trd, 000100.267, 175
Trd, 000100.917, 160
Trd, 000101.333, 158
Trd, 000101.883, 154
Trd, 000101.983, 167
Trd, 000102.717, 175
Trd, 000103.433, 177
Trd, 000103.950, 174
Trd, 000104.300, 172
Trd, 000105.417, 171
Trd, 000105.500, 173
Trd, 000105.567, 175
Trd, 000105.900, 174
Trd, 000107.033, 172
Trd, 000107.500, 172
Trd, 000108.633, 171
Trd, 000108.950, 172
Trd, 000109.233, 167
Trd, 000109.283, 153
Trd, 000111.283, 173
Trd, 000111.933, 165
Trd, 000112.050, 165
Trd, 000112.133, 174
Trd, 000112.433, 175
Trd, 000113.050, 163
Trd, 000114.183, 168
Trd, 000114.233, 176
Trd, 000114.300, 165
Trd, 000116.367, 171
Trd, 000117.183, 171
Trd, 000117.433, 169
Trd, 000117.483, 169
Trd, 000118.783, 169
Trd, 000118.933, 170
Trd, 000119.650, 170
Trd, 000121.200, 173
Trd, 000121.550, 171
Trd, 000122.067, 170
Trd, 000122.600, 169
Trd, 000122.983, 173
Trd, 000123.550, 174
Trd, 000123.667, 175
Trd, 000123.967, 180
Trd, 000124.350, 187
Trd, 000125.183, 177
Trd, 000127.267, 182
Trd, 000127.717, 180
Trd, 000127.983, 179
Trd, 000128.150, 176
Trd, 000128.467, 175
Trd, 000128.883, 183
Trd, 000130.383, 176
Trd, 000130.417, 178
Trd, 000130.583, 174
Trd, 000131.583, 167
Trd, 000131.950, 164
Trd, 000132.283, 163
Trd, 000133.083, 176
Trd, 000133.950, 174
Trd, 000135.450, 173
Trd, 000136.617, 168
Trd, 000137.517, 167
Trd, 000137.717, 164
Trd, 000137.767, 176
Trd, 000138.600, 173
Trd, 000139.883, 173
Trd, 000140.333, 172
Trd, 000140.500, 175
Trd, 000140.700, 179
Trd, 000141.317, 164
Trd, 000142.000, 169
Trd, 000143.450, 168
Trd, 000143.567, 168
Trd, 000144.117, 169
Trd, 000144.417, 163
Trd, 000144.917, 170
Trd, 000145.150, 163
Trd, 000145.233, 169
Trd, 000146.933, 163
Trd, 000147.517, 165
Trd, 000147.967, 169
Trd, 000148.583, 169
Trd, 000149.817, 165
Trd, 000150.317, 169
Trd, 000150.617, 163
Trd, 000150.867, 163
Trd, 000151.583, 162
Trd, 000151.833, 169
Trd, 000152.217, 170
Trd, 000152.733, 175
Trd, 000153.117, 175
Trd, 000153.367, 180
Trd, 000154.083, 183
Trd, 000155.567, 167
Trd, 000155.767, 166
Trd, 000156.550, 166
Trd, 000157.067, 173
Trd, 000157.583, 164
Trd, 000159.200, 168
Trd, 000160.183, 164
Trd, 000160.733, 165
Trd, 000160.767, 171
Trd, 000162.217, 166
Trd, 000162.317, 164
Trd, 000163.150, 165
Trd, 000163.300, 164
Trd, 000163.317, 164
Trd, 000163.333, 181
Trd, 000164.217, 185
Trd, 000164.833, 161
Trd, 000166.500, 163
Trd, 000166.683, 169
Trd, 000167.633, 166
Trd, 000167.800, 167
Trd, 000168.350, 166
Trd, 000169.267, 169
Trd, 000169.400, 175
Trd, 000169.517, 182
Trd, 000169.600, 192
Trd, 000170.883, 179
Trd, 000171.700, 178
Trd, 000171.900, 173
Trd, 000172.167, 167
Trd, 000172.633, 177
Trd, 000173.200, 173
Trd, 000173.417, 176
Trd, 000173.567, 173
Trd, 000173.733, 177
Trd, 000173.883, 165
Trd, 000175.100, 182
Trd, 000175.900, 178
Trd, 000176.517, 172
Trd, 000177.450, 171
Trd, 000177.783, 170
Trd, 000178.250, 172
Trd, 000178.717, 169
Trd, 000179.533, 164
Trd, 000179.817, 174
Trd, 000180.267, 175
Trd, 000181.450, 174
Trd, 000182.200, 168
Trd, 000182.383, 168
Trd, 000183.433, 168
Trd, 000183.500, 172
Trd, 000183.767, 173
Trd, 000184.650, 172
Trd, 000184.700, 173
Trd, 000185.400, 167
Trd, 000185.550, 173
Trd, 000188.867, 170
Trd, 000189.283, 167
Trd, 000189.317, 171
Trd, 000190.017, 165
Trd, 000190.767, 173
Trd, 000191.133, 173
Trd, 000191.417, 164
Trd, 000192.000, 165
Trd, 000192.017, 164
Trd, 000192.267, 174
Trd, 000192.550, 161
Trd, 000193.100, 162
Trd, 000193.900, 175
Trd, 000194.450, 174
Trd, 000195.217, 185
Trd, 000196.067, 175
Trd, 000196.117, 177
Trd, 000196.250, 178
Trd, 000196.317, 174
Trd, 000196.683, 185
Trd, 000196.900, 185
Trd, 000199.083, 176
Trd, 000199.150, 177
Trd, 000199.283, 174
Trd, 000200.083, 179
Trd, 000200.300, 174
Trd, 000200.383, 168
Trd, 000200.483, 163
Trd, 000200.617, 179
Trd, 000201.317, 167
Trd, 000201.833, 167
Trd, 000201.917, 179
Trd, 000202.717, 184
Trd, 000204.817, 186
Trd, 000204.867, 186
Trd, 000205.000, 185
Trd, 000205.200, 182
Trd, 000205.217, 177
Trd, 000205.950, 179
Trd, 000206.600, 183
Trd, 000207.400, 183
Trd, 000208.767, 187
Trd, 000209.600, 188
Trd, 000209.617, 183
Trd, 000209.850, 195
Trd, 000211.217, 186
Trd, 000211.717, 183
Trd, 000211.917, 182
Trd, 000213.383, 182
Trd, 000214.450, 183
Trd, 000215.433, 182
Trd, 000215.467, 183
Trd, 000215.650, 184
Trd, 000215.817, 178
Trd, 000216.600, 169
Trd, 000217.300, 190
Trd, 000218.317, 189
Trd, 000218.450, 193
Trd, 000218.667, 187
Trd, 000219.717, 179
Trd, 000219.950, 196
Trd, 000220.167, 165
Trd, 000220.667, 166
Trd, 000221.017, 163
Trd, 000221.117, 149
Trd, 000221.933, 161
Trd, 000222.250, 188
Trd, 000222.800, 181
Trd, 000224.400, 179
Trd, 000225.167, 176
Trd, 000225.517, 176
Trd, 000225.583, 177
Trd, 000225.750, 178
Trd, 000226.100, 180
Trd, 000226.300, 173
Trd, 000227.183, 172
Trd, 000227.517, 177
Trd, 000227.667, 170
Trd, 000227.767, 166
Trd, 000228.300, 178
Trd, 000230.683, 173
Trd, 000231.200, 175
Trd, 000231.317, 172
Trd, 000231.750, 171
Trd, 000232.300, 178
Trd, 000232.917, 172
Trd, 000233.700, 172
Trd, 000234.550, 172
Trd, 000235.217, 172
Trd, 000235.467, 176
Trd, 000235.533, 164
Trd, 000236.000, 176
Trd, 000237.183, 172
Trd, 000238.000, 174
Trd, 000238.767, 174
Trd, 000238.917, 173
Trd, 000239.183, 178
Trd, 000240.383, 179
Trd, 000240.567, 179
Trd, 000240.617, 175
Trd, 000240.767, 179
Trd, 000241.483, 180
Trd, 000241.900, 177
Trd, 000242.417, 176
Trd, 000242.483, 178
Trd, 000242.817, 175
Trd, 000242.933, 175
Trd, 000243.633, 174
Trd, 000244.267, 173
Trd, 000244.717, 170
Trd, 000244.883, 173
Trd, 000245.000, 173
Trd, 000245.283, 179
Trd, 000246.617, 175
Trd, 000246.800, 172
Trd, 000247.333, 172
Trd, 000247.467, 174
Trd, 000247.717, 179
Trd, 000247.750, 168
Trd, 000248.000, 177
Trd, 000249.217, 171
Trd, 000249.317, 172
Trd, 000250.550, 173
Trd, 000251.200, 171
Trd, 000251.667, 173
Trd, 000251.800, 174
Trd, 000251.867, 171
Trd, 000252.767, 174
Trd, 000253.333, 180
Trd, 000253.983, 186
Trd, 000254.200, 187
Trd, 000254.650, 180
Trd, 000255.167, 186
Trd, 000256.167, 185
Trd, 000256.550, 182
Trd, 000257.083, 181
Trd, 000257.183, 185
Trd, 000257.333, 190
Trd, 000258.050, 188
Trd, 000258.500, 188
Trd, 000259.367, 191
Trd, 000260.300, 189
Trd, 000260.733, 188
Trd, 000261.383, 189
Trd, 000261.533, 189
Trd, 000261.767, 190
Trd, 000262.017, 188
Trd, 000262.600, 186
Trd, 000262.800, 183
Trd, 000263.583, 189
Trd, 000263.817, 184
Trd, 000264.217, 181
Trd, 000264.683, 184
Trd, 000264.867, 183
Trd, 000264.950, 185
Trd, 000265.050, 183
Trd, 000266.083, 175
Trd, 000266.850, 175
Trd, 000268.067, 177
Trd, 000268.217, 176
Trd, 000269.050, 169
Trd, 000269.333, 169
Trd, 000269.750, 168
Trd, 000269.817, 170
Trd, 000270.150, 168
Trd, 000270.833, 164
Trd, 000271.067, 171
Trd, 000271.567, 175
Trd, 000272.367, 177
Trd, 000272.700, 180
Trd, 000272.783, 174
Trd, 000273.300, 180
Trd, 000274.067, 176
Trd, 000274.950, 186
Trd, 000275.200, 180
Trd, 000275.367, 180
Trd, 000275.867, 178
Trd, 000275.900, 183
Trd, 000276.350, 177
Trd, 000277.700, 183
Trd, 000278.633, 181
Trd, 000278.883, 181
Trd, 000279.017, 180
Trd, 000279.083, 182
Trd, 000279.400, 183
Trd, 000279.900, 184
Trd, 000280.267, 176
Trd, 000280.317, 176
Trd, 000281.200, 172
Trd, 000281.350, 174
Trd, 000281.367, 176
Trd, 000281.383, 171
Trd, 000282.650, 184
Trd, 000282.700, 182
Trd, 000283.017, 193
Trd, 000283.333, 195
Trd, 000284.017, 182
Trd, 000284.367, 180
Trd, 000284.583, 185
Trd, 000285.600, 185
Trd, 000285.867, 184
Trd, 000286.550, 181
Trd, 000286.850, 183
Trd, 000287.367, 182
Trd, 000287.450, 180
Trd, 000287.717, 177
Trd, 000287.883, 184
Trd, 000288.383, 179
Trd, 000288.517, 185
Trd, 000289.600, 191
Trd, 000289.883, 192
Trd, 000290.400, 186
Trd, 000290.567, 184
Trd, 000291.017, 177
Trd, 000291.100, 184
Trd, 000291.217, 192
Trd, 000291.417, 172
Trd, 000291.967, 191
Trd, 000292.717, 194
Trd, 000293.433, 188
Trd, 000293.500, 168
Trd, 000293.667, 167
Trd, 000294.100, 169
Trd, 000294.750, 172
Trd, 000295.350, 173
Trd, 000295.833, 172
Trd, 000296.433, 180
Trd, 000297.450, 176
Trd, 000297.767, 175
Trd, 000297.933, 174
Trd, 000298.233, 172
Trd, 000298.250, 177
Trd, 000298.483, 178
