Trd, 000001.050, 134
Trd, 000001.600, 175
Trd, 000002.000, 151
Trd, 000002.167, 145
Trd, 000003.383, 174
Trd, 000004.917, 174
Trd, 000005.500, 174
Trd, 000006.267, 172
Trd, 000006.650, 171
Trd, 000007.033, 164
Trd, 000007.867, 160
Trd, 000009.650, 157
Trd, 000009.850, 158
Trd, 000009.950, 158
Trd, 000010.067, 153
Trd, 000010.517, 154
Trd, 000010.617, 155
Trd, 000010.717, 153
Trd, 000011.267, 156
Trd, 000011.767, 176
Trd, 000013.450, 165
Trd, 000014.083, 167
Trd, 000014.400, 165
Trd, 000014.717, 164
Trd, 000014.750, 165
Trd, 000014.850, 152
Trd, 000015.550, 151
Trd, 000015.750, 149
Trd, 000017.550, 152
Trd, 000018.067, 157
Trd, 000018.333, 158
Trd, 000019.050, 159
Trd, 000019.317, 155
Trd, 000019.467, 153
Trd, 000020.517, 155
Trd, 000021.050, 153
Trd, 000021.267, 152
Trd, 000022.067, 152
Trd, 000022.533, 157
Trd, 000023.783, 156
Trd, 000024.200, 153
Trd, 000024.800, 153
Trd, 000025.017, 155
Trd, 000025.583, 153
Trd, 000026.350, 154
Trd, 000026.383, 155
Trd, 000026.717, 154
Trd, 000026.733, 152
Trd, 000027.917, 155
Trd, 000029.483, 156
Trd, 000029.617, 157
Trd, 000029.733, 156
Trd, 000030.383, 157
Trd, 000031.233, 151
Trd, 000031.933, 149
Trd, 000032.850, 154
Trd, 000032.983, 156
Trd, 000033.733, 155
Trd, 000033.900, 155
Trd, 000034.350, 155
Trd, 000034.567, 153
Trd, 000034.650, 152
Trd, 000035.017, 154
Trd, 000035.800, 155
Trd, 000036.350, 153
Trd, 000036.600, 151
Trd, 000038.283, 150
Trd, 000038.717, 147
Trd, 000038.900, 145
Trd, 000038.917, 151
Trd, 000039.433, 151
Trd, 000039.450, 152
Trd, 000039.883, 149
Trd, 000041.150, 149
Trd, 000041.683, 149
Trd, 000041.933, 152
Trd, 000042.233, 152
Trd, 000043.400, 147
Trd, 000045.167, 151
Trd, 000045.383, 148
Trd, 000045.517, 150
Trd, 000045.617, 147
Trd, 000046.133, 151
Trd, 000046.333, 152
Trd, 000046.567, 154
Trd, 000046.950, 155
Trd, 000047.150, 166
Trd, 000047.817, 146
Trd, 000050.017, 181
Trd, 000050.200, 180
Trd, 000050.667, 160
Trd, 000050.833, 162
Trd, 000051.433, 161
Trd, 000052.417, 161
Trd, 000052.850, 153
Trd, 000053.500, 153
Trd, 000054.217, 146
Trd, 000054.267, 133
Trd, 000054.667, 153
Trd, 000055.350, 154
Trd, 000055.433, 142
Trd, 000055.533, 154
Trd, 000056.317, 152
Trd, 000056.550, 148
Trd, 000057.067, 147
Trd, 000057.667, 149
Trd, 000058.283, 150
Trd, 000059.983, 151
Trd, 000060.133, 149
Trd, 000060.717, 149
Trd, 000060.833, 148
Trd, 000061.450, 151
Trd, 000062.417, 149
Trd, 000062.833, 151
Trd, 000063.900, 152
Trd, 000064.417, 150
Trd, 000064.433, 150
Trd, 000064.633, 153
Trd, 000064.717, 154
Trd, 000065.067, 154
Trd, 000065.100, 155
Trd, 000065.383, 149
Trd, 000065.633, 155
Trd, 000066.250, 152
Trd, 000066.317, 154
Trd, 000066.350, 158
Trd, 000066.567, 169
Trd, 000066.767, 150
Trd, 000066.950, 146
Trd, 000067.017, 133
Trd, 000068.267, 156
Trd, 000068.783, 156
Trd, 000069.900, 158
Trd, 000070.467, 158
Trd, 000070.783, 156
Trd, 000071.167, 165
Trd, 000071.767, 158
Trd, 000072.600, 158
Trd, 000072.817, 159
Trd, 000073.367, 157
Trd, 000074.783, 158
Trd, 000074.833, 153
Trd, 000075.150, 158
Trd, 000075.300, 166
Trd, 000076.267, 155
Trd, 000076.767, 162
Trd, 000078.117, 161
Trd, 000078.883, 158
Trd, 000079.200, 162
Trd, 000079.483, 161
Trd, 000080.667, 159
Trd, 000080.750, 159
Trd, 000082.017, 161
Trd, 000082.317, 161
Trd, 000083.000, 162
Trd, 000083.917, 163
Trd, 000084.000, 168
Trd, 000084.850, 165
Trd, 000084.933, 163
Trd, 000085.033, 161
Trd, 000085.217, 154
Trd, 000085.350, 166
Trd, 000085.917, 159
Trd, 000086.017, 167
Trd, 000086.933, 161
Trd, 000088.100, 160
Trd, 000089.117, 159
Trd, 000089.433, 162
Trd, 000089.733, 156
Trd, 000090.083, 160
Trd, 000090.617, 156
Trd, 000091.117, 159
Trd, 000091.217, 160
Trd, 000091.467, 160
Trd, 000092.317, 161
Trd, 000092.467, 157
Trd, 000092.767, 157
Trd, 000093.533, 153
Trd, 000094.083, 156
Trd, 000094.683, 157
Trd, 000094.700, 157
Trd, 000095.717, 156
Trd, 000096.233, 155
Trd, 000096.400, 157
Trd, 000096.483, 149
Trd, 000096.700, 157
Trd, 000097.983, 157
Trd, 000098.117, 154
Trd, 000099.150, 159
Trd, 000099.633, 159
Trd, 000099.750, 158
Trd, 000100.300, 157
Trd, 000100.367, 156
Trd, 000101.567, 158
Trd, 000101.667, 153
Trd, 000102.100, 158
Trd, 000102.483, 157
Trd, 000103.350, 153
Trd, 000104.250, 156
Trd, 000105.250, 154
Trd, 000105.467, 155
Trd, 000105.550, 155
Trd, 000106.383, 155
Trd, 000106.483, 158
Trd, 000107.483, 155
Trd, 000108.033, 155
Trd, 000108.067, 159
Trd, 000108.383, 157
Trd, 000108.567, 161
Trd, 000108.583, 155
Trd, 000108.933, 162
Trd, 000109.167, 156
Trd, 000111.233, 156
Trd, 000111.783, 160
Trd, 000112.733, 157
Trd, 000113.083, 157
Trd, 000113.150, 158
Trd, 000113.367, 155
Trd, 000113.517, 148
Trd, 000113.883, 158
Trd, 000113.900, 158
Trd, 000114.583, 158
Trd, 000115.100, 157
Trd, 000115.450, 159
Trd, 000115.600, 162
Trd, 000115.800, 156
Trd, 000116.033, 155
Trd, 000117.983, 160
Trd, 000118.083, 161
Trd, 000118.567, 164
Trd, 000119.117, 165
Trd, 000119.233, 163
Trd, 000119.583, 163
Trd, 000119.983, 166
Trd, 000120.400, 166
Trd, 000120.717, 165
Trd, 000120.983, 167
Trd, 000121.750, 163
Trd, 000122.583, 164
Trd, 000122.600, 163
Trd, 000123.967, 163
Trd, 000124.117, 160
Trd, 000125.050, 161
Trd, 000125.383, 166
Trd, 000126.117, 164
Trd, 000126.550, 163
Trd, 000127.417, 159
Trd, 000128.050, 160
Trd, 000129.083, 154
Trd, 000129.217, 160
Trd, 000129.483, 161
Trd, 000129.833, 159
Trd, 000130.100, 161
Trd, 000130.483, 161
Trd, 000131.683, 155
Trd, 000132.333, 160
Trd, 000132.450, 154
Trd, 000132.950, 159
Trd, 000134.850, 158
Trd, 000135.333, 159
Trd, 000135.850, 158
Trd, 000136.133, 159
Trd, 000136.833, 159
Trd, 000137.083, 157
Trd, 000137.250, 161
Trd, 000137.450, 157
Trd, 000137.467, 161
Trd, 000137.650, 155
Trd, 000138.050, 165
Trd, 000138.500, 175
Trd, 000139.167, 167
Trd, 000140.883, 172
Trd, 000141.517, 172
Trd, 000141.950, 171
Trd, 000142.067, 180
Trd, 000142.567, 157
Trd, 000143.283, 175
Trd, 000144.433, 173
Trd, 000144.450, 166
Trd, 000145.583, 167
Trd, 000146.400, 168
Trd, 000147.483, 166
Trd, 000147.500, 167
Trd, 000147.917, 166
Trd, 000149.000, 168
Trd, 000149.067, 173
Trd, 000149.500, 171
Trd, 000149.817, 167
Trd, 000149.900, 167
Trd, 000151.033, 166
Trd, 000151.500, 168
Trd, 000151.850, 169
Trd, 000152.700, 167
Trd, 000152.717, 168
Trd, 000152.900, 168
Trd, 000153.800, 170
Trd, 000153.933, 166
Trd, 000154.367, 171
Trd, 000154.650, 156
Trd, 000156.350, 167
Trd, 000158.150, 169
Trd, 000158.333, 170
Trd, 000158.767, 171
Trd, 000158.967, 168
Trd, 000159.350, 167
Trd, 000160.067, 168
Trd, 000160.283, 176
Trd, 000160.517, 168
Trd, 000160.900, 168
Trd, 000161.283, 175
Trd, 000162.600, 170
Trd, 000163.567, 165
Trd, 000164.100, 166
Trd, 000164.183, 167
Trd, 000164.350, 167
Trd, 000164.800, 167
Trd, 000164.983, 167
Trd, 000165.333, 166
Trd, 000166.233, 162
Trd, 000166.933, 165
Trd, 000167.617, 164
Trd, 000168.200, 161
Trd, 000169.200, 163
Trd, 000169.933, 159
Trd, 000170.500, 163
Trd, 000171.933, 162
Trd, 000173.383, 164
Trd, 000173.617, 164
Trd, 000174.033, 164
Trd, 000174.383, 163
Trd, 000174.650, 160
Trd, 000174.700, 164
Trd, 000175.200, 165
Trd, 000175.617, 164
Trd, 000175.967, 169
Trd, 000176.250, 168
Trd, 000176.300, 178
Trd, 000176.967, 165
Trd, 000177.683, 167
Trd, 000177.800, 167
Trd, 000177.817, 166
Trd, 000179.050, 167
Trd, 000179.467, 164
Trd, 000181.183, 166
Trd, 000181.433, 165
Trd, 000181.633, 166
Trd, 000182.233, 166
Trd, 000182.383, 165
Trd, 000182.650, 166
Trd, 000183.150, 165
Trd, 000183.583, 166
Trd, 000183.950, 165
Trd, 000184.150, 167
Trd, 000185.217, 166
Trd, 000185.333, 169
Trd, 000185.750, 166
Trd, 000186.783, 165
Trd, 000187.083, 168
Trd, 000188.383, 164
Trd, 000188.833, 165
Trd, 000189.033, 155
Trd, 000189.783, 164
Trd, 000189.817, 164
Trd, 000190.433, 164
Trd, 000190.500, 167
Trd, 000191.183, 164
Trd, 000191.483, 157
Trd, 000191.533, 181
Trd, 000192.367, 147
Trd, 000192.533, 167
Trd, 000194.017, 168
Trd, 000194.700, 164
Trd, 000194.833, 169
Trd, 000195.433, 165
Trd, 000196.467, 167
Trd, 000196.683, 167
Trd, 000197.433, 168
Trd, 000197.650, 166
Trd, 000198.267, 165
Trd, 000199.800, 167
Trd, 000199.950, 168
Trd, 000200.350, 166
Trd, 000200.367, 168
Trd, 000200.500, 165
Trd, 000200.967, 166
Trd, 000201.333, 169
Trd, 000202.567, 168
Trd, 000203.183, 167
Trd, 000204.400, 166
Trd, 000204.950, 168
Trd, 000205.317, 166
Trd, 000205.433, 168
Trd, 000205.550, 166
Trd, 000206.033, 168
Trd, 000207.050, 168
Trd, 000207.083, 165
Trd, 000208.100, 168
Trd, 000208.150, 165
Trd, 000208.233, 169
Trd, 000208.367, 163
Trd, 000208.467, 158
Trd, 000208.500, 170
Trd, 000210.633, 169
Trd, 000210.733, 170
Trd, 000211.150, 179
Trd, 000211.267, 178
Trd, 000211.800, 168
Trd, 000212.167, 178
Trd, 000214.150, 180
Trd, 000214.717, 176
Trd, 000214.933, 179
Trd, 000214.983, 182
Trd, 000215.417, 174
Trd, 000215.700, 173
Trd, 000216.367, 172
Trd, 000217.183, 169
Trd, 000217.967, 173
Trd, 000218.200, 174
Trd, 000218.433, 173
Trd, 000218.917, 172
Trd, 000219.600, 172
Trd, 000220.617, 173
Trd, 000221.267, 165
Trd, 000221.750, 171
Trd, 000221.900, 167
Trd, 000222.783, 170
Trd, 000222.850, 169
Trd, 000224.483, 168
Trd, 000225.100, 165
Trd, 000225.200, 169
Trd, 000225.250, 169
Trd, 000226.133, 167
Trd, 000226.283, 170
Trd, 000226.917, 171
Trd, 000227.083, 165
Trd, 000227.533, 163
Trd, 000228.800, 170
Trd, 000229.117, 150
Trd, 000229.367, 171
Trd, 000230.217, 163
Trd, 000231.183, 163
Trd, 000231.783, 164
Trd, 000231.800, 165
Trd, 000232.333, 155
Trd, 000233.067, 154
Trd, 000233.367, 171
Trd, 000234.450, 163
Trd, 000234.617, 162
Trd, 000234.883, 162
Trd, 000235.200, 162
Trd, 000236.200, 163
Trd, 000236.267, 167
Trd, 000236.367, 174
Trd, 000237.500, 183
Trd, 000238.033, 176
Trd, 000238.417, 177
Trd, 000239.467, 177
Trd, 000239.533, 179
Trd, 000239.667, 175
Trd, 000239.700, 174
Trd, 000239.783, 171
Trd, 000241.000, 175
Trd, 000241.033, 177
Trd, 000241.267, 179
Trd, 000241.450, 174
Trd, 000241.867, 173
Trd, 000242.083, 178
Trd, 000243.550, 172
Trd, 000243.817, 171
Trd, 000244.417, 171
Trd, 000244.433, 174
Trd, 000244.817, 176
Trd, 000245.150, 175
Trd, 000245.400, 175
Trd, 000246.583, 176
Trd, 000247.150, 175
Trd, 000247.200, 176
Trd, 000247.300, 176
Trd, 000248.133, 181
Trd, 000248.450, 180
Trd, 000248.817, 180
Trd, 000249.467, 180
Trd, 000249.617, 180
Trd, 000250.467, 180
Trd, 000250.533, 181
Trd, 000250.750, 180
Trd, 000250.917, 176
Trd, 000250.983, 172
Trd, 000251.733, 168
Trd, 000252.600, 180
Trd, 000253.067, 171
Trd, 000253.417, 171
Trd, 000253.900, 177
Trd, 000254.417, 174
Trd, 000254.450, 171
Trd, 000254.633, 176
Trd, 000254.750, 177
Trd, 000255.233, 173
Trd, 000257.600, 178
Trd, 000257.767, 174
Trd, 000258.233, 173
Trd, 000258.250, 177
Trd, 000259.000, 174
Trd, 000259.283, 176
Trd, 000259.850, 177
Trd, 000259.883, 173
Trd, 000260.000, 177
Trd, 000260.483, 178
Trd, 000260.833, 184
Trd, 000261.150, 174
Trd, 000263.083, 173
Trd, 000263.650, 173
Trd, 000263.850, 171
Trd, 000264.550, 168
Trd, 000264.583, 167
Trd, 000264.600, 166
Trd, 000265.917, 169
Trd, 000265.933, 168
Trd, 000266.500, 170
Trd, 000266.733, 170
Trd, 000266.767, 167
Trd, 000267.117, 168
Trd, 000267.367, 162
Trd, 000267.633, 169
Trd, 000268.133, 168
Trd, 000268.217, 175
Trd, 000268.517, 171
Trd, 000268.650, 175
Trd, 000269.433, 178
Trd, 000270.050, 175
Trd, 000270.067, 185
Trd, 000271.133, 176
Trd, 000271.617, 180
Trd, 000272.100, 176
Trd, 000272.500, 175
Trd, 000272.600, 173
Trd, 000272.867, 172
Trd, 000273.150, 169
Trd, 000273.667, 173
Trd, 000273.783, 175
Trd, 000274.250, 168
Trd, 000274.783, 177
Trd, 000275.533, 167
Trd, 000275.717, 172
Trd, 000276.000, 173
Trd, 000276.983, 180
Trd, 000277.083, 174
Trd, 000277.683, 175
Trd, 000278.150, 175
Trd, 000278.317, 185
Trd, 000279.500, 184
Trd, 000280.267, 181
Trd, 000280.750, 183
Trd, 000280.833, 185
Trd, 000280.983, 185
Trd, 000281.233, 182
Trd, 000281.467, 182
Trd, 000281.717, 186
Trd, 000281.967, 182
Trd, 000282.133, 179
Trd, 000282.667, 165
Trd, 000283.050, 179
Trd, 000283.750, 171
Trd, 000284.033, 179
Trd, 000285.333, 171
Trd, 000285.867, 173
Trd, 000286.567, 174
Trd, 000287.250, 175
Trd, 000287.667, 173
Trd, 000287.900, 172
Trd, 000288.617, 172
Trd, 000288.700, 174
Trd, 000288.833, 174
Trd, 000289.150, 171
Trd, 000289.633, 174
Trd, 000289.983, 177
Trd, 000290.717, 179
Trd, 000291.400, 176
Trd, 000291.900, 175
Trd, 000292.200, 175
Trd, 000292.417, 180
Trd, 000292.650, 175
Trd, 000293.633, 182
Trd, 000293.950, 197
Trd, 000294.317, 196
Trd, 000294.600, 185
Trd, 000294.617, 170
Trd, 000294.767, 163
Trd, 000295.517, 197
Trd, 000296.700, 183
Trd, 000296.883, 183
Trd, 000297.267, 185
Trd, 000297.300, 182
Trd, 000297.567, 182
Trd, 000298.633, 180
Trd, 000298.817, 178
Trd, 000298.833, 176
Trd, 000299.033, 171
Trd, 000299.383, 172
