Trd, 000002.517, 176
Trd, 000002.833, 175
Trd, 000003.050, 168
Trd, 000003.850, 165
Trd, 000004.733, 162
Trd, 000005.083, 161
Trd, 000005.517, 162
Trd, 000005.533, 148
Trd, 000006.467, 172
Trd, 000007.933, 166
Trd, 000008.017, 148
Trd, 000009.500, 149
Trd, 000009.733, 150
Trd, 000010.350, 149
Trd, 000010.583, 151
Trd, 000011.100, 148
Trd, 000012.450, 145
Trd, 000013.333, 145
Trd, 000013.800, 149
Trd, 000014.200, 174
Trd, 000014.700, 146
Trd, 000016.367, 155
Trd, 000016.400, 154
Trd, 000016.767, 152
Trd, 000017.050, 164
Trd, 000017.183, 164
Trd, 000017.300, 144
Trd, 000017.617, 162
Trd, 000018.933, 145
Trd, 000019.117, 145
Trd, 000020.017, 150
Trd, 000022.433, 146
Trd, 000022.550, 153
Trd, 000022.667, 150
Trd, 000022.967, 150
Trd, 000024.000, 147
Trd, 000024.250, 145
Trd, 000024.500, 147
Trd, 000024.600, 148
Trd, 000025.050, 149
Trd, 000026.017, 149
Trd, 000026.367, 150
Trd, 000026.967, 151
Trd, 000027.633, 147
Trd, 000027.767, 146
Trd, 000028.517, 151
Trd, 000028.550, 154
Trd, 000028.583, 146
Trd, 000030.667, 150
Trd, 000031.483, 150
Trd, 000031.867, 151
Trd, 000032.400, 151
Trd, 000032.567, 151
Trd, 000033.067, 171
Trd, 000033.383, 168
Trd, 000034.517, 150
Trd, 000034.850, 148
Trd, 000034.917, 150
Trd, 000036.117, 152
Trd, 000036.200, 152
Trd, 000036.267, 146
Trd, 000038.000, 152
Trd, 000038.667, 151
Trd, 000039.133, 152
Trd, 000039.350, 151
Trd, 000039.783, 152
Trd, 000039.967, 151
Trd, 000040.383, 154
Trd, 000041.250, 154
Trd, 000041.733, 152
Trd, 000042.167, 153
Trd, 000043.617, 151
Trd, 000044.333, 153
Trd, 000044.617, 151
Trd, 000045.450, 152
Trd, 000045.650, 153
Trd, 000047.283, 149
Trd, 000047.350, 150
Trd, 000047.467, 151
Trd, 000048.017, 147
Trd, 000048.150, 153
Trd, 000048.500, 153
Trd, 000050.517, 155
Trd, 000051.333, 151
Trd, 000052.467, 152
Trd, 000053.917, 152
Trd, 000054.083, 150
Trd, 000054.333, 153
Trd, 000054.617, 153
Trd, 000054.700, 156
Trd, 000055.433, 170
Trd, 000056.950, 164
Trd, 000057.633, 175
Trd, 000057.950, 160
Trd, 000058.200, 157
Trd, 000058.967, 160
Trd, 000059.167, 156
Trd, 000059.283, 160
Trd, 000059.600, 160
Trd, 000060.300, 176
Trd, 000063.250, 156
Trd, 000064.183, 156
Trd, 000064.617, 157
Trd, 000064.667, 158
Trd, 000065.467, 157
Trd, 000066.233, 154
Trd, 000066.467, 155
Trd, 000066.583, 156
Trd, 000067.283, 153
Trd, 000068.167, 155
Trd, 000068.300, 154
Trd, 000068.417, 153
Trd, 000068.450, 155
Trd, 000069.733, 155
Trd, 000070.600, 155
Trd, 000070.850, 155
Trd, 000070.950, 154
Trd, 000071.000, 156
Trd, 000071.733, 158
Trd, 000073.133, 158
Trd, 000073.700, 155
Trd, 000074.533, 158
Trd, 000075.150, 155
Trd, 000075.700, 166
Trd, 000075.917, 186
Trd, 000076.050, 152
Trd, 000076.733, 177
Trd, 000077.583, 154
Trd, 000078.133, 154
Trd, 000078.500, 156
Trd, 000078.900, 159
Trd, 000079.500, 162
Trd, 000082.100, 161
Trd, 000082.167, 157
Trd, 000083.267, 161
Trd, 000083.333, 160
Trd, 000083.883, 161
Trd, 000085.183, 161
Trd, 000085.583, 157
Trd, 000085.600, 159
Trd, 000086.433, 156
Trd, 000086.583, 157
Trd, 000086.650, 158
Trd, 000087.100, 160
Trd, 000087.967, 184
Trd, 000089.183, 164
Trd, 000090.133, 159
Trd, 000090.767, 158
Trd, 000091.067, 159
Trd, 000092.350, 157
Trd, 000092.517, 159
Trd, 000093.067, 157
Trd, 000093.083, 160
Trd, 000093.517, 156
Trd, 000094.250, 158
Trd, 000095.067, 155
Trd, 000095.133, 155
Trd, 000096.917, 155
Trd, 000097.600, 157
Trd, 000098.217, 155
Trd, 000098.650, 157
Trd, 000098.817, 158
Trd, 000100.300, 157
Trd, 000100.400, 158
Trd, 000100.550, 155
Trd, 000100.617, 166
Trd, 000101.533, 189
Trd, 000101.650, 155
Trd, 000101.950, 154
Trd, 000102.217, 172
Trd, 000102.933, 189
Trd, 000104.917, 157
Trd, 000105.117, 157
Trd, 000105.317, 158
Trd, 000105.367, 172
Trd, 000107.233, 159
Trd, 000107.733, 160
Trd, 000107.900, 161
Trd, 000108.150, 160
Trd, 000108.450, 161
Trd, 000108.817, 168
Trd, 000110.267, 166
Trd, 000110.383, 166
Trd, 000110.683, 165
Trd, 000111.150, 166
Trd, 000111.767, 161
Trd, 000111.900, 162
Trd, 000112.200, 164
Trd, 000112.517, 163
Trd, 000112.783, 159
Trd, 000113.167, 157
Trd, 000113.400, 162
Trd, 000115.000, 160
Trd, 000116.900, 158
Trd, 000118.233, 155
Trd, 000118.383, 157
Trd, 000118.917, 158
Trd, 000119.783, 159
Trd, 000119.900, 160
Trd, 000119.950, 162
Trd, 000121.133, 167
Trd, 000121.267, 166
Trd, 000121.283, 166
Trd, 000121.883, 155
Trd, 000122.000, 157
Trd, 000122.217, 153
Trd, 000124.183, 158
Trd, 000125.817, 157
Trd, 000125.950, 158
Trd, 000126.467, 159
Trd, 000126.900, 160
Trd, 000127.133, 161
Trd, 000128.183, 163
Trd, 000128.233, 164
Trd, 000129.167, 161
Trd, 000129.383, 162
Trd, 000129.700, 163
Trd, 000130.050, 164
Trd, 000130.667, 156
Trd, 000130.900, 164
Trd, 000132.883, 161
Trd, 000133.367, 167
Trd, 000134.117, 169
Trd, 000135.300, 164
Trd, 000135.483, 166
Trd, 000135.583, 162
Trd, 000137.533, 166
Trd, 000137.600, 166
Trd, 000138.000, 165
Trd, 000138.500, 164
Trd, 000139.383, 164
Trd, 000140.117, 165
Trd, 000140.167, 164
Trd, 000140.217, 165
Trd, 000140.983, 163
Trd, 000141.617, 165
Trd, 000141.667, 167
Trd, 000143.683, 180
Trd, 000144.017, 167
Trd, 000144.167, 180
Trd, 000145.650, 168
Trd, 000146.100, 167
Trd, 000146.283, 167
Trd, 000146.950, 170
Trd, 000147.467, 166
Trd, 000148.050, 166
Trd, 000148.850, 164
Trd, 000149.050, 166
Trd, 000149.717, 180
Trd, 000150.717, 165
Trd, 000151.050, 161
Trd, 000151.100, 166
Trd, 000152.283, 161
Trd, 000152.967, 162
Trd, 000153.117, 162
Trd, 000153.833, 159
Trd, 000153.933, 158
Trd, 000154.333, 162
Trd, 000155.717, 162
Trd, 000156.300, 161
Trd, 000157.083, 161
Trd, 000157.883, 160
Trd, 000158.500, 163
Trd, 000158.583, 164
Trd, 000158.600, 167
Trd, 000159.450, 173
Trd, 000160.317, 169
Trd, 000161.433, 167
Trd, 000162.900, 164
Trd, 000162.917, 166
Trd, 000163.083, 166
Trd, 000164.700, 165
Trd, 000166.517, 164
Trd, 000167.817, 163
Trd, 000168.100, 165
Trd, 000169.167, 164
Trd, 000169.333, 165
Trd, 000169.683, 167
Trd, 000169.867, 164
Trd, 000170.833, 168
Trd, 000171.900, 168
Trd, 000171.933, 168
Trd, 000172.250, 167
Trd, 000172.267, 168
Trd, 000172.283, 171
Trd, 000173.150, 183
Trd, 000175.367, 167
Trd, 000176.200, 168
Trd, 000176.750, 166
Trd, 000177.017, 167
Trd, 000177.583, 165
Trd, 000178.533, 165
Trd, 000179.000, 164
Trd, 000179.350, 164
Trd, 000179.817, 163
Trd, 000180.150, 161
Trd, 000181.317, 164
Trd, 000181.400, 167
Trd, 000182.217, 183
Trd, 000182.267, 169
Trd, 000183.233, 197
Trd, 000183.667, 171
Trd, 000184.300, 170
Trd, 000185.550, 163
Trd, 000185.667, 161
Trd, 000185.933, 164
Trd, 000186.267, 165
Trd, 000186.567, 166
Trd, 000186.750, 168
Trd, 000186.967, 162
Trd, 000189.833, 165
Trd, 000190.483, 196
Trd, 000190.600, 200
Trd, 000190.850, 194
Trd, 000191.100, 193
Trd, 000192.100, 168
Trd, 000192.300, 167
Trd, 000193.117, 163
Trd, 000193.517, 164
Trd, 000194.050, 163
Trd, 000194.617, 163
Trd, 000194.750, 162
Trd, 000195.667, 161
Trd, 000195.883, 157
Trd, 000196.100, 162
Trd, 000196.950, 163
Trd, 000197.100, 167
Trd, 000197.483, 164
Trd, 000197.783, 165
Trd, 000199.950, 168
Trd, 000200.067, 169
Trd, 000200.267, 170
Trd, 000201.233, 168
Trd, 000201.550, 169
Trd, 000202.067, 168
Trd, 000202.817, 164
Trd, 000205.400, 164
Trd, 000205.733, 165
Trd, 000206.150, 167
Trd, 000207.517, 167
Trd, 000207.700, 167
Trd, 000207.783, 165
Trd, 000209.167, 166
Trd, 000209.333, 167
Trd, 000209.583, 168
Trd, 000210.483, 166
Trd, 000210.800, 166
Trd, 000213.433, 166
Trd, 000213.633, 164
Trd, 000214.000, 166
Trd, 000214.250, 165
Trd, 000214.667, 164
Trd, 000215.500, 167
Trd, 000216.000, 173
Trd, 000216.550, 169
Trd, 000216.733, 170
Trd, 000216.967, 167
Trd, 000218.733, 169
Trd, 000219.383, 168
Trd, 000219.800, 166
Trd, 000219.967, 170
Trd, 000220.467, 170
Trd, 000221.300, 170
Trd, 000221.667, 173
Trd, 000221.967, 192
Trd, 000221.983, 169
Trd, 000223.517, 170
Trd, 000223.550, 168
Trd, 000223.917, 173
Trd, 000224.700, 173
Trd, 000224.883, 172
Trd, 000225.317, 174
Trd, 000225.783, 172
Trd, 000226.900, 173
Trd, 000227.833, 172
Trd, 000228.483, 172
Trd, 000229.233, 173
Trd, 000229.383, 173
Trd, 000229.617, 171
Trd, 000230.383, 174
Trd, 000230.483, 174
Trd, 000231.317, 174
Trd, 000231.850, 170
Trd, 000232.250, 193
Trd, 000232.917, 169
Trd, 000234.317, 167
Trd, 000234.350, 171
Trd, 000236.583, 171
Trd, 000237.883, 171
Trd, 000237.917, 172
Trd, 000238.717, 171
Trd, 000238.917, 168
Trd, 000239.033, 172
Trd, 000239.683, 166
Trd, 000240.200, 167
Trd, 000240.350, 171
Trd, 000240.717, 171
Trd, 000241.350, 170
Trd, 000241.800, 173
Trd, 000241.817, 175
Trd, 000242.133, 181
Trd, 000242.350, 176
Trd, 000242.717, 177
Trd, 000243.283, 187
Trd, 000243.467, 189
Trd, 000243.483, 181
Trd, 000243.700, 188
Trd, 000245.567, 181
Trd, 000245.717, 182
Trd, 000245.767, 181
Trd, 000246.150, 179
Trd, 000246.433, 172
Trd, 000247.100, 177
Trd, 000247.750, 183
Trd, 000247.933, 177
Trd, 000248.217, 175
Trd, 000248.700, 171
Trd, 000248.950, 166
Trd, 000249.300, 168
Trd, 000249.533, 170
Trd, 000249.800, 171
Trd, 000250.533, 170
Trd, 000250.617, 171
Trd, 000251.383, 173
Trd, 000251.650, 176
Trd, 000252.183, 176
Trd, 000252.200, 174
Trd, 000253.167, 176
Trd, 000253.283, 178
Trd, 000254.067, 196
Trd, 000254.100, 193
Trd, 000254.883, 190
Trd, 000255.400, 180
Trd, 000255.933, 173
Trd, 000256.133, 179
Trd, 000256.200, 180
Trd, 000256.267, 174
Trd, 000256.867, 177
Trd, 000256.933, 177
Trd, 000257.233, 177
Trd, 000257.683, 173
Trd, 000258.100, 173
Trd, 000258.250, 171
Trd, 000258.633, 169
Trd, 000259.117, 174
Trd, 000259.200, 177
Trd, 000259.800, 177
Trd, 000260.033, 185
Trd, 000260.417, 186
Trd, 000260.517, 181
Trd, 000260.583, 177
Trd, 000261.500, 175
Trd, 000262.350, 175
Trd, 000263.233, 174
Trd, 000263.517, 175
Trd, 000264.000, 174
Trd, 000264.133, 176
Trd, 000264.383, 177
Trd, 000264.650, 191
Trd, 000265.417, 199
Trd, 000266.150, 201
Trd, 000266.517, 190
Trd, 000266.883, 199
Trd, 000267.650, 195
Trd, 000267.983, 188
Trd, 000268.100, 189
Trd, 000268.583, 183
Trd, 000268.600, 181
Trd, 000268.667, 180
Trd, 000268.833, 180
Trd, 000268.867, 179
Trd, 000269.400, 175
Trd, 000269.700, 178
Trd, 000270.783, 170
Trd, 000270.833, 175
Trd, 000272.167, 180
Trd, 000272.283, 181
Trd, 000273.150, 181
Trd, 000273.500, 180
Trd, 000273.667, 181
Trd, 000273.767, 182
Trd, 000274.533, 175
Trd, 000274.833, 174
Trd, 000274.983, 171
Trd, 000275.367, 164
Trd, 000275.767, 161
Trd, 000275.783, 168
Trd, 000276.200, 170
Trd, 000276.983, 172
Trd, 000278.217, 179
Trd, 000278.717, 180
Trd, 000278.900, 180
Trd, 000279.000, 187
Trd, 000279.050, 192
Trd, 000279.217, 176
Trd, 000279.467, 175
Trd, 000279.500, 170
Trd, 000279.633, 173
Trd, 000280.300, 178
Trd, 000280.817, 179
Trd, 000280.950, 179
Trd, 000281.400, 182
Trd, 000282.383, 188
Trd, 000282.533, 193
Trd, 000283.200, 188
Trd, 000283.900, 186
Trd, 000284.017, 181
Trd, 000284.283, 185
Trd, 000284.633, 178
Trd, 000284.967, 176
Trd, 000285.117, 177
Trd, 000285.267, 171
Trd, 000285.867, 169
Trd, 000286.300, 177
Trd, 000287.117, 177
Trd, 000287.350, 177
Trd, 000287.417, 180
Trd, 000287.750, 177
Trd, 000287.783, 177
Trd, 000288.317, 176
Trd, 000288.350, 180
Trd, 000288.583, 168
Trd, 000288.733, 181
Trd, 000289.683, 168
Trd, 000290.033, 175
Trd, 000290.150, 176
Trd, 000290.267, 171
Trd, 000291.650, 192
Trd, 000291.800, 180
Trd, 000291.950, 184
Trd, 000292.317, 193
Trd, 000292.433, 194
Trd, 000292.633, 187
Trd, 000292.950, 185
Trd, 000293.833, 188
Trd, 000294.200, 192
Trd, 000294.750, 193
Trd, 000295.250, 188
Trd, 000295.500, 186
Trd, 000295.917, 188
Trd, 000295.950, 189
Trd, 000296.217, 186
Trd, 000296.417, 193
Trd, 000296.733, 185
Trd, 000296.833, 182
Trd, 000297.467, 182
Trd, 000297.767, 184
Trd, 000297.933, 191
Trd, 000298.917, 175
Trd, 000299.183, 175
Trd, 000299.583, 173
Trd, 000299.650, 175
Trd, 000299.717, 176
