Trd, 000001.617, 194
Trd, 000002.600, 182
Trd, 000002.833, 139
Trd, 000003.650, 146
Trd, 000003.733, 142
Trd, 000003.867, 137
Trd, 000003.883, 148
Trd, 000005.133, 148
Trd, 000005.183, 142
Trd, 000006.333, 137
Trd, 000006.383, 134
Trd, 000006.750, 144
Trd, 000007.033, 146
Trd, 000007.533, 141
Trd, 000009.017, 139
Trd, 000009.150, 167
Trd, 000011.067, 156
Trd, 000011.333, 151
Trd, 000011.717, 149
Trd, 000012.700, 150
Trd, 000012.950, 147
Trd, 000013.217, 151
Trd, 000013.400, 152
Trd, 000013.617, 147
Trd, 000013.950, 147
Trd, 000014.467, 146
Trd, 000015.483, 149
Trd, 000015.900, 151
Trd, 000016.067, 156
Trd, 000017.200, 151
Trd, 000018.217, 150
Trd, 000019.350, 150
Trd, 000019.383, 146
Trd, 000019.617, 150
Trd, 000019.983, 142
Trd, 000020.633, 144
Trd, 000021.733, 140
Trd, 000022.217, 144
Trd, 000022.367, 140
Trd, 000022.767, 145
Trd, 000022.950, 150
Trd, 000024.317, 139
Trd, 000024.633, 146
Trd, 000025.500, 147
Trd, 000026.150, 143
Trd, 000026.167, 146
Trd, 000027.433, 145
Trd, 000027.733, 143
Trd, 000027.867, 142
Trd, 000028.283, 150
Trd, 000028.350, 140
Trd, 000028.833, 150
Trd, 000030.000, 141
Trd, 000030.300, 149
Trd, 000031.783, 150
Trd, 000032.433, 154
Trd, 000033.367, 142
Trd, 000034.650, 152
Trd, 000034.700, 154
Trd, 000035.283, 151
Trd, 000035.617, 145
Trd, 000036.233, 151
Trd, 000036.967, 151
Trd, 000037.167, 149
Trd, 000037.200, 148
Trd, 000038.400, 150
Trd, 000038.550, 151
Trd, 000040.233, 149
Trd, 000040.433, 148
Trd, 000040.717, 150
Trd, 000041.783, 144
Trd, 000042.300, 140
Trd, 000043.100, 146
Trd, 000043.167, 138
Trd, 000043.467, 150
Trd, 000043.767, 143
Trd, 000045.000, 147
Trd, 000045.767, 149
Trd, 000046.233, 152
Trd, 000047.117, 155
Trd, 000047.267, 169
Trd, 000048.050, 149
Trd, 000048.233, 161
Trd, 000049.317, 163
Trd, 000049.433, 163
Trd, 000049.950, 165
Trd, 000050.167, 162
Trd, 000050.567, 159
Trd, 000052.117, 158
Trd, 000052.150, 165
Trd, 000053.433, 157
Trd, 000054.083, 155
Trd, 000054.133, 163
Trd, 000054.367, 163
Trd, 000054.783, 153
Trd, 000055.817, 154
Trd, 000056.050, 158
Trd, 000056.133, 145
Trd, 000057.783, 150
Trd, 000058.117, 150
Trd, 000058.583, 155
Trd, 000059.083, 154
Trd, 000059.500, 152
Trd, 000059.683, 154
Trd, 000059.817, 150
Trd, 000060.733, 153
Trd, 000061.133, 155
Trd, 000062.300, 150
Trd, 000062.767, 152
Trd, 000063.250, 152
Trd, 000063.550, 150
Trd, 000063.850, 148
Trd, 000063.967, 157
Trd, 000064.083, 146
Trd, 000065.500, 155
Trd, 000066.317, 146
Trd, 000067.100, 153
Trd, 000067.833, 148
Trd, 000068.533, 150
Trd, 000068.633, 147
Trd, 000069.250, 150
Trd, 000070.250, 147
Trd, 000070.283, 148
Trd, 000070.450, 155
Trd, 000070.683, 156
Trd, 000071.017, 144
Trd, 000072.083, 154
Trd, 000072.117, 158
Trd, 000072.933, 150
Trd, 000073.800, 147
Trd, 000074.667, 149
Trd, 000074.817, 152
Trd, 000075.300, 147
Trd, 000075.350, 150
Trd, 000075.700, 151
Trd, 000076.717, 150
Trd, 000076.983, 156
Trd, 000077.300, 157
Trd, 000077.417, 145
Trd, 000077.567, 144
Trd, 000078.783, 161
Trd, 000078.950, 142
Trd, 000079.533, 156
Trd, 000079.817, 156
Trd, 000079.950, 162
Trd, 000080.750, 157
Trd, 000081.033, 160
Trd, 000082.317, 157
Trd, 000082.500, 157
Trd, 000083.117, 159
Trd, 000083.350, 156
Trd, 000083.817, 156
Trd, 000084.167, 154
Trd, 000084.500, 156
Trd, 000084.667, 156
Trd, 000084.750, 148
Trd, 000085.883, 156
Trd, 000085.933, 157
Trd, 000086.317, 162
Trd, 000088.117, 162
Trd, 000088.683, 154
Trd, 000088.867, 161
Trd, 000088.983, 152
Trd, 000091.150, 151
Trd, 000092.283, 149
Trd, 000092.633, 148
Trd, 000092.683, 155
Trd, 000094.050, 159
Trd, 000094.250, 157
Trd, 000094.533, 154
Trd, 000094.667, 154
Trd, 000095.050, 143
Trd, 000095.200, 156
Trd, 000095.483, 157
Trd, 000095.800, 155
Trd, 000095.933, 157
Trd, 000096.500, 146
Trd, 000096.617, 146
Trd, 000097.283, 146
Trd, 000098.000, 158
Trd, 000098.450, 154
Trd, 000100.050, 158
Trd, 000100.667, 159
Trd, 000100.717, 160
Trd, 000100.983, 158
Trd, 000101.600, 160
Trd, 000101.800, 161
Trd, 000101.967, 171
Trd, 000102.200, 162
Trd, 000103.183, 151
Trd, 000103.733, 162
Trd, 000104.550, 150
Trd, 000104.650, 160
Trd, 000104.783, 151
Trd, 000105.267, 161
Trd, 000105.533, 158
Trd, 000106.600, 154
Trd, 000107.200, 158
Trd, 000107.300, 155
Trd, 000107.567, 156
Trd, 000108.117, 161
Trd, 000108.167, 160
Trd, 000108.650, 159
Trd, 000109.067, 162
Trd, 000109.350, 158
Trd, 000109.550, 158
Trd, 000110.383, 166
Trd, 000110.750, 176
Trd, 000112.133, 166
Trd, 000113.000, 161
Trd, 000113.650, 172
Trd, 000114.367, 174
Trd, 000115.233, 171
Trd, 000115.367, 161
Trd, 000115.383, 159
Trd, 000116.000, 150
Trd, 000117.000, 173
Trd, 000119.083, 165
Trd, 000119.767, 167
Trd, 000119.883, 164
Trd, 000120.050, 163
Trd, 000121.233, 162
Trd, 000122.000, 163
Trd, 000122.600, 160
Trd, 000122.783, 161
Trd, 000123.000, 163
Trd, 000123.050, 166
Trd, 000123.217, 158
Trd, 000124.000, 156
Trd, 000124.733, 160
Trd, 000125.017, 158
Trd, 000126.333, 154
Trd, 000126.533, 167
Trd, 000126.667, 151
Trd, 000126.933, 176
Trd, 000127.117, 178
Trd, 000127.367, 168
Trd, 000128.833, 162
Trd, 000129.150, 161
Trd, 000129.817, 149
Trd, 000130.100, 166
Trd, 000131.100, 165
Trd, 000131.767, 157
Trd, 000131.833, 163
Trd, 000132.517, 164
Trd, 000132.967, 157
Trd, 000134.650, 162
Trd, 000134.783, 161
Trd, 000134.850, 159
Trd, 000135.617, 161
Trd, 000135.750, 158
Trd, 000136.667, 159
Trd, 000137.400, 159
Trd, 000138.417, 155
Trd, 000138.617, 157
Trd, 000139.517, 159
Trd, 000139.817, 158
Trd, 000139.900, 153
Trd, 000139.917, 162
Trd, 000140.117, 151
Trd, 000141.917, 160
Trd, 000142.700, 162
Trd, 000142.867, 164
Trd, 000143.650, 164
Trd, 000144.217, 163
Trd, 000144.467, 164
Trd, 000144.550, 162
Trd, 000145.400, 162
Trd, 000146.000, 164
Trd, 000146.350, 163
Trd, 000146.700, 163
Trd, 000147.150, 163
Trd, 000148.017, 152
Trd, 000148.600, 162
Trd, 000149.083, 148
Trd, 000149.767, 155
Trd, 000151.333, 156
Trd, 000151.367, 162
Trd, 000152.167, 162
Trd, 000153.950, 159
Trd, 000154.217, 158
Trd, 000154.533, 159
Trd, 000155.067, 162
Trd, 000155.417, 155
Trd, 000155.633, 163
Trd, 000155.750, 149
Trd, 000156.667, 165
Trd, 000156.967, 154
Trd, 000157.100, 166
Trd, 000157.617, 154
Trd, 000158.450, 165
Trd, 000159.400, 160
Trd, 000159.783, 160
Trd, 000160.250, 164
Trd, 000161.733, 157
Trd, 000163.283, 163
Trd, 000163.317, 156
Trd, 000163.417, 164
Trd, 000164.217, 156
Trd, 000164.933, 164
Trd, 000165.717, 162
Trd, 000165.967, 162
Trd, 000166.150, 161
Trd, 000166.617, 166
Trd, 000166.850, 171
Trd, 000166.983, 162
Trd, 000167.533, 161
Trd, 000168.000, 161
Trd, 000168.300, 172
Trd, 000168.550, 166
Trd, 000169.150, 182
Trd, 000170.083, 179
Trd, 000172.000, 170
Trd, 000172.083, 174
Trd, 000172.483, 166
Trd, 000172.667, 175
Trd, 000172.917, 175
Trd, 000172.950, 157
Trd, 000173.900, 174
Trd, 000174.250, 166
Trd, 000175.100, 165
Trd, 000175.417, 159
Trd, 000175.583, 156
Trd, 000176.550, 162
Trd, 000176.950, 161
Trd, 000177.533, 154
Trd, 000178.250, 156
Trd, 000179.050, 156
Trd, 000179.833, 155
Trd, 000180.000, 157
Trd, 000180.100, 158
Trd, 000180.800, 158
Trd, 000182.133, 158
Trd, 000183.500, 168
Trd, 000183.833, 166
Trd, 000184.033, 169
Trd, 000184.500, 165
Trd, 000185.033, 171
Trd, 000185.417, 171
Trd, 000185.650, 171
Trd, 000186.767, 170
Trd, 000187.383, 169
Trd, 000187.833, 173
Trd, 000187.867, 182
Trd, 000188.017, 185
Trd, 000188.583, 169
Trd, 000188.767, 168
Trd, 000189.633, 170
Trd, 000190.167, 189
Trd, 000190.267, 194
Trd, 000191.733, 169
Trd, 000192.583, 172
Trd, 000192.683, 167
Trd, 000193.467, 168
Trd, 000195.233, 167
Trd, 000195.800, 168
Trd, 000196.083, 167
Trd, 000196.133, 169
Trd, 000196.567, 163
Trd, 000196.667, 170
Trd, 000197.750, 159
Trd, 000198.717, 170
Trd, 000199.217, 168
Trd, 000199.550, 170
Trd, 000199.617, 161
Trd, 000199.800, 171
Trd, 000200.600, 172
Trd, 000202.350, 168
Trd, 000202.983, 169
Trd, 000203.083, 170
Trd, 000203.167, 169
Trd, 000203.200, 171
Trd, 000203.250, 157
Trd, 000203.300, 172
Trd, 000204.300, 147
Trd, 000204.517, 175
Trd, 000206.400, 172
Trd, 000206.450, 171
Trd, 000207.600, 168
Trd, 000208.300, 159
Trd, 000208.333, 162
Trd, 000208.917, 168
Trd, 000209.433, 171
Trd, 000209.950, 169
Trd, 000211.383, 163
Trd, 000212.167, 163
Trd, 000212.767, 161
Trd, 000213.283, 162
Trd, 000213.717, 160
Trd, 000214.117, 164
Trd, 000214.200, 165
Trd, 000215.633, 161
Trd, 000216.167, 165
Trd, 000216.850, 166
Trd, 000217.133, 167
Trd, 000217.250, 163
Trd, 000219.883, 165
Trd, 000220.083, 163
Trd, 000220.350, 164
Trd, 000220.600, 163
Trd, 000220.883, 162
Trd, 000221.167, 159
Trd, 000221.650, 164
Trd, 000221.983, 170
Trd, 000222.250, 159
Trd, 000223.467, 158
Trd, 000223.517, 173
Trd, 000223.733, 176
Trd, 000223.883, 177
Trd, 000224.517, 190
Trd, 000226.367, 160
Trd, 000226.417, 161
Trd, 000226.550, 157
Trd, 000227.100, 160
Trd, 000227.600, 161
Trd, 000227.733, 157
Trd, 000230.550, 163
Trd, 000231.083, 162
Trd, 000231.183, 164
Trd, 000231.517, 161
Trd, 000232.367, 161
Trd, 000232.750, 161
Trd, 000233.550, 160
Trd, 000233.917, 161
Trd, 000234.050, 162
Trd, 000234.833, 159
Trd, 000235.483, 158
Trd, 000235.967, 157
Trd, 000236.267, 157
Trd, 000237.483, 161
Trd, 000237.633, 161
Trd, 000238.367, 169
Trd, 000238.583, 170
Trd, 000238.883, 174
Trd, 000239.200, 164
Trd, 000239.933, 165
Trd, 000240.233, 169
Trd, 000240.533, 170
Trd, 000240.867, 169
Trd, 000241.283, 168
Trd, 000241.383, 167
Trd, 000242.050, 167
Trd, 000242.083, 169
Trd, 000242.183, 172
Trd, 000242.200, 168
Trd, 000242.983, 170
Trd, 000243.017, 175
Trd, 000243.150, 169
Trd, 000244.900, 175
Trd, 000244.967, 168
Trd, 000245.017, 166
Trd, 000246.183, 173
Trd, 000247.000, 175
Trd, 000247.267, 176
Trd, 000247.983, 174
Trd, 000248.200, 175
Trd, 000248.433, 174
Trd, 000248.550, 173
Trd, 000248.867, 174
Trd, 000249.183, 173
Trd, 000249.467, 173
Trd, 000249.567, 175
Trd, 000249.667, 169
Trd, 000250.783, 168
Trd, 000251.683, 169
Trd, 000252.200, 171
Trd, 000252.600, 170
Trd, 000252.950, 170
Trd, 000253.400, 169
Trd, 000253.817, 167
Trd, 000253.883, 165
Trd, 000254.583, 162
Trd, 000255.400, 161
Trd, 000255.500, 162
Trd, 000255.700, 161
Trd, 000256.183, 165
Trd, 000256.200, 173
Trd, 000256.350, 176
Trd, 000257.200, 178
Trd, 000257.233, 183
Trd, 000258.217, 181
Trd, 000258.400, 176
Trd, 000258.433, 183
Trd, 000259.233, 179
Trd, 000259.317, 182
Trd, 000259.767, 178
Trd, 000259.967, 177
Trd, 000260.417, 180
Trd, 000260.900, 180
Trd, 000260.950, 183
Trd, 000261.367, 176
Trd, 000262.083, 180
Trd, 000262.817, 182
Trd, 000262.867, 191
Trd, 000262.967, 181
Trd, 000264.100, 184
Trd, 000264.200, 185
Trd, 000264.417, 183
Trd, 000264.967, 179
Trd, 000265.283, 176
Trd, 000265.417, 181
Trd, 000265.900, 179
Trd, 000266.650, 179
Trd, 000266.883, 174
Trd, 000266.933, 175
Trd, 000267.033, 179
Trd, 000267.200, 178
Trd, 000267.950, 179
Trd, 000268.117, 176
Trd, 000268.150, 180
Trd, 000268.417, 182
Trd, 000269.150, 175
Trd, 000269.283, 171
Trd, 000269.617, 166
Trd, 000269.850, 179
Trd, 000270.233, 175
Trd, 000270.433, 171
Trd, 000270.967, 169
Trd, 000271.050, 164
Trd, 000272.200, 176
Trd, 000272.850, 175
Trd, 000273.667, 171
Trd, 000273.800, 171
Trd, 000273.867, 177
Trd, 000274.633, 181
Trd, 000274.750, 179
Trd, 000275.217, 177
Trd, 000275.517, 181
Trd, 000275.917, 176
Trd, 000276.217, 173
Trd, 000276.967, 174
Trd, 000277.033, 179
Trd, 000277.317, 177
Trd, 000277.517, 181
Trd, 000278.533, 176
Trd, 000278.633, 175
Trd, 000278.683, 175
Trd, 000279.133, 168
Trd, 000279.317, 165
Trd, 000279.517, 169
Trd, 000280.000, 172
Trd, 000280.283, 161
Trd, 000280.533, 165
Trd, 000281.283, 163
Trd, 000281.300, 154
Trd, 000281.333, 172
Trd, 000281.800, 171
Trd, 000281.950, 182
Trd, 000283.067, 175
Trd, 000283.283, 183
Trd, 000283.450, 186
Trd, 000283.550, 186
Trd, 000284.017, 177
Trd, 000284.600, 179
Trd, 000284.633, 178
Trd, 000284.833, 182
Trd, 000284.967, 179
Trd, 000285.033, 176
Trd, 000286.667, 182
Trd, 000287.283, 176
Trd, 000287.417, 181
Trd, 000287.717, 182
Trd, 000288.000, 177
Trd, 000288.133, 170
Trd, 000288.217, 184
Trd, 000288.633, 193
Trd, 000288.850, 184
Trd, 000290.300, 184
Trd, 000290.350, 178
Trd, 000290.583, 173
Trd, 000290.767, 183
Trd, 000291.467, 183
Trd, 000292.017, 177
Trd, 000292.850, 178
Trd, 000292.933, 174
Trd, 000293.333, 180
Trd, 000294.550, 183
Trd, 000294.633, 184
Trd, 000294.917, 176
Trd, 000294.983, 187
Trd, 000295.133, 176
Trd, 000295.300, 175
Trd, 000295.367, 173
Trd, 000296.100, 185
Trd, 000296.567, 184
Trd, 000297.317, 185
Trd, 000297.650, 178
Trd, 000297.917, 182
Trd, 000298.067, 186
Trd, 000298.433, 179
