Trd, 000001.300, 127
Trd, 000001.733, 140
Trd, 000001.817, 137
Trd, 000003.300, 134
Trd, 000003.383, 155
Trd, 000003.750, 157
Trd, 000004.617, 156
Trd, 000004.750, 157
Trd, 000005.817, 159
Trd, 000006.083, 157
Trd, 000007.450, 153
Trd, 000007.750, 154
Trd, 000007.950, 152
Trd, 000008.267, 144
Trd, 000009.033, 149
Trd, 000009.083, 150
Trd, 000009.233, 151
Trd, 000009.567, 152
Trd, 000010.250, 151
Trd, 000011.233, 151
Trd, 000012.717, 151
Trd, 000012.950, 153
Trd, 000014.983, 150
Trd, 000015.417, 147
Trd, 000015.500, 159
Trd, 000015.550, 165
Trd, 000015.650, 138
Trd, 000015.717, 137
Trd, 000016.683, 166
Trd, 000017.067, 148
Trd, 000017.150, 184
Trd, 000017.417, 191
Trd, 000018.033, 148
Trd, 000018.200, 148
Trd, 000018.400, 152
Trd, 000019.400, 160
Trd, 000019.817, 160
Trd, 000020.033, 149
Trd, 000020.950, 139
Trd, 000021.050, 137
Trd, 000021.300, 158
Trd, 000024.083, 149
Trd, 000024.383, 149
Trd, 000024.750, 149
Trd, 000024.850, 148
Trd, 000024.917, 149
Trd, 000025.317, 147
Trd, 000027.033, 152
Trd, 000027.100, 165
Trd, 000027.300, 146
Trd, 000027.833, 162
Trd, 000028.800, 146
Trd, 000029.333, 163
Trd, 000029.667, 146
Trd, 000030.250, 141
Trd, 000031.450, 149
Trd, 000032.033, 150
Trd, 000032.083, 149
Trd, 000033.433, 148
Trd, 000033.900, 148
Trd, 000034.567, 149
Trd, 000035.083, 147
Trd, 000035.250, 155
Trd, 000035.533, 144
Trd, 000036.217, 160
Trd, 000036.467, 157
Trd, 000037.400, 157
Trd, 000038.233, 150
Trd, 000038.333, 151
Trd, 000038.567, 151
Trd, 000039.033, 150
Trd, 000039.767, 160
Trd, 000039.917, 149
Trd, 000040.067, 140
Trd, 000040.100, 159
Trd, 000041.067, 159
Trd, 000041.617, 162
Trd, 000041.667, 158
Trd, 000041.833, 156
Trd, 000042.300, 162
Trd, 000042.683, 166
Trd, 000043.300, 156
Trd, 000044.067, 164
Trd, 000044.717, 165
Trd, 000046.783, 164
Trd, 000046.967, 165
Trd, 000047.983, 161
Trd, 000048.283, 159
Trd, 000048.567, 152
Trd, 000048.633, 162
Trd, 000048.933, 184
Trd, 000049.067, 158
Trd, 000050.317, 146
Trd, 000051.250, 153
Trd, 000052.400, 146
Trd, 000052.550, 149
Trd, 000053.100, 142
Trd, 000053.300, 162
Trd, 000053.900, 157
Trd, 000054.650, 150
Trd, 000055.617, 150
Trd, 000056.483, 149
Trd, 000056.650, 154
Trd, 000057.667, 152
Trd, 000058.850, 150
Trd, 000059.433, 151
Trd, 000059.667, 152
Trd, 000059.750, 144
Trd, 000059.833, 143
Trd, 000060.017, 153
Trd, 000060.283, 164
Trd, 000061.217, 155
Trd, 000062.400, 157
Trd, 000062.617, 153
Trd, 000062.867, 162
Trd, 000063.850, 149
Trd, 000065.167, 163
Trd, 000065.367, 165
Trd, 000065.633, 151
Trd, 000066.000, 143
Trd, 000067.000, 151
Trd, 000067.567, 161
Trd, 000067.933, 150
Trd, 000068.083, 149
Trd, 000068.900, 161
Trd, 000069.183, 162
Trd, 000070.300, 155
Trd, 000070.833, 157
Trd, 000071.583, 155
Trd, 000072.350, 157
Trd, 000072.633, 159
Trd, 000073.350, 155
Trd, 000073.600, 163
Trd, 000074.250, 165
Trd, 000074.850, 153
Trd, 000075.100, 161
Trd, 000075.700, 163
Trd, 000076.433, 163
Trd, 000076.800, 162
Trd, 000076.817, 163
Trd, 000076.933, 160
Trd, 000078.083, 162
Trd, 000079.583, 158
Trd, 000079.600, 145
Trd, 000080.300, 163
Trd, 000080.350, 162
Trd, 000080.700, 165
Trd, 000081.733, 162
Trd, 000082.333, 165
Trd, 000082.500, 154
Trd, 000084.350, 161
Trd, 000084.383, 157
Trd, 000085.800, 156
Trd, 000086.133, 158
Trd, 000086.400, 157
Trd, 000086.500, 156
Trd, 000087.050, 157
Trd, 000087.467, 156
Trd, 000088.150, 155
Trd, 000088.967, 154
Trd, 000089.150, 164
Trd, 000089.417, 157
Trd, 000089.450, 153
Trd, 000090.200, 163
Trd, 000090.333, 167
Trd, 000090.550, 156
Trd, 000092.333, 148
Trd, 000093.133, 160
Trd, 000093.750, 166
Trd, 000094.067, 146
Trd, 000094.267, 164
Trd, 000094.717, 167
Trd, 000095.850, 143
Trd, 000097.783, 154
Trd, 000099.750, 159
Trd, 000100.200, 157
Trd, 000100.283, 155
Trd, 000100.550, 159
Trd, 000101.350, 156
Trd, 000101.967, 155
Trd, 000102.433, 154
Trd, 000102.533, 158
Trd, 000102.550, 149
Trd, 000102.883, 159
Trd, 000102.950, 152
Trd, 000103.733, 149
Trd, 000103.833, 158
Trd, 000104.883, 165
Trd, 000105.200, 161
Trd, 000106.200, 155
Trd, 000106.383, 168
Trd, 000107.900, 168
Trd, 000108.233, 151
Trd, 000108.350, 158
Trd, 000108.767, 151
Trd, 000110.250, 148
Trd, 000110.383, 164
Trd, 000111.400, 163
Trd, 000111.650, 161
Trd, 000112.817, 170
Trd, 000114.617, 162
Trd, 000115.117, 163
Trd, 000115.317, 161
Trd, 000115.733, 160
Trd, 000115.983, 159
Trd, 000117.183, 161
Trd, 000117.250, 158
Trd, 000118.583, 159
Trd, 000118.750, 157
Trd, 000119.350, 160
Trd, 000119.433, 161
Trd, 000120.233, 161
Trd, 000120.617, 161
Trd, 000120.667, 160
Trd, 000121.267, 161
Trd, 000122.533, 167
Trd, 000123.117, 167
Trd, 000123.500, 162
Trd, 000124.583, 169
Trd, 000125.150, 170
Trd, 000125.200, 159
Trd, 000125.583, 172
Trd, 000126.117, 160
Trd, 000126.133, 149
Trd, 000128.517, 156
Trd, 000129.417, 155
Trd, 000130.033, 153
Trd, 000130.683, 152
Trd, 000130.700, 153
Trd, 000131.100, 153
Trd, 000131.233, 154
Trd, 000131.567, 152
Trd, 000131.667, 154
Trd, 000131.833, 150
Trd, 000132.117, 169
Trd, 000132.283, 171
Trd, 000133.400, 171
Trd, 000134.667, 190
Trd, 000134.750, 172
Trd, 000135.400, 160
Trd, 000136.017, 165
Trd, 000136.083, 167
Trd, 000136.550, 159
Trd, 000137.067, 161
Trd, 000138.333, 157
Trd, 000139.067, 156
Trd, 000139.617, 153
Trd, 000139.867, 156
Trd, 000140.017, 156
Trd, 000140.567, 169
Trd, 000140.650, 151
Trd, 000140.967, 148
Trd, 000141.700, 165
Trd, 000141.750, 148
Trd, 000141.817, 150
Trd, 000142.933, 149
Trd, 000144.067, 156
Trd, 000144.950, 150
Trd, 000145.133, 149
Trd, 000145.783, 151
Trd, 000145.967, 152
Trd, 000145.983, 149
Trd, 000146.217, 155
Trd, 000146.800, 155
Trd, 000147.333, 156
Trd, 000148.450, 150
Trd, 000149.317, 153
Trd, 000149.467, 155
Trd, 000149.900, 156
Trd, 000150.533, 154
Trd, 000150.767, 151
Trd, 000151.183, 176
Trd, 000152.033, 173
Trd, 000152.083, 174
Trd, 000152.333, 194
Trd, 000153.000, 171
Trd, 000154.150, 189
Trd, 000154.867, 173
Trd, 000155.683, 174
Trd, 000156.583, 173
Trd, 000157.117, 178
Trd, 000157.817, 175
Trd, 000158.433, 172
Trd, 000158.500, 168
Trd, 000159.950, 170
Trd, 000160.350, 169
Trd, 000160.600, 167
Trd, 000160.967, 163
Trd, 000161.117, 153
Trd, 000161.333, 150
Trd, 000161.817, 163
Trd, 000162.950, 160
Trd, 000163.050, 165
Trd, 000163.833, 170
Trd, 000164.750, 166
Trd, 000164.950, 168
Trd, 000165.933, 168
Trd, 000166.300, 167
Trd, 000166.917, 153
Trd, 000166.983, 172
Trd, 000168.817, 167
Trd, 000168.833, 164
Trd, 000169.950, 168
Trd, 000170.050, 168
Trd, 000170.217, 169
Trd, 000170.233, 164
Trd, 000170.917, 172
Trd, 000171.750, 157
Trd, 000172.167, 155
Trd, 000174.267, 164
Trd, 000174.317, 164
Trd, 000174.800, 163
Trd, 000175.167, 169
Trd, 000175.300, 171
Trd, 000175.900, 173
Trd, 000177.067, 174
Trd, 000177.600, 170
Trd, 000177.700, 163
Trd, 000178.417, 173
Trd, 000179.317, 175
Trd, 000179.767, 167
Trd, 000179.867, 174
Trd, 000179.967, 166
Trd, 000181.183, 167
Trd, 000181.367, 166
Trd, 000181.967, 169
Trd, 000182.367, 165
Trd, 000183.150, 167
Trd, 000183.750, 176
Trd, 000183.850, 179
Trd, 000184.333, 178
Trd, 000185.317, 172
Trd, 000185.883, 172
Trd, 000186.667, 174
Trd, 000186.750, 171
Trd, 000187.950, 172
Trd, 000188.717, 174
Trd, 000188.833, 167
Trd, 000188.950, 166
Trd, 000189.150, 182
Trd, 000189.633, 198
Trd, 000190.167, 205
Trd, 000190.650, 166
Trd, 000191.067, 170
Trd, 000191.683, 167
Trd, 000193.883, 163
Trd, 000194.533, 162
Trd, 000195.333, 162
Trd, 000195.350, 156
Trd, 000195.667, 163
Trd, 000195.833, 165
Trd, 000196.117, 153
Trd, 000196.517, 177
Trd, 000196.833, 161
Trd, 000197.033, 198
Trd, 000197.050, 149
Trd, 000197.750, 198
Trd, 000199.617, 177
Trd, 000199.783, 176
Trd, 000200.183, 177
Trd, 000201.317, 174
Trd, 000202.500, 172
Trd, 000202.617, 169
Trd, 000202.633, 168
Trd, 000202.900, 176
Trd, 000203.067, 167
Trd, 000203.467, 169
Trd, 000205.017, 157
Trd, 000205.600, 166
Trd, 000206.383, 165
Trd, 000206.517, 162
Trd, 000208.050, 162
Trd, 000208.600, 162
Trd, 000208.800, 162
Trd, 000208.833, 160
Trd, 000209.333, 166
Trd, 000209.533, 177
Trd, 000209.867, 184
Trd, 000210.617, 165
Trd, 000210.700, 182
Trd, 000212.217, 167
Trd, 000212.250, 166
Trd, 000213.117, 172
Trd, 000213.833, 172
Trd, 000213.850, 167
Trd, 000214.083, 172
Trd, 000215.233, 170
Trd, 000215.583, 165
Trd, 000216.233, 166
Trd, 000216.933, 167
Trd, 000217.167, 166
Trd, 000217.683, 158
Trd, 000217.833, 152
Trd, 000218.717, 163
Trd, 000219.050, 166
Trd, 000219.067, 168
Trd, 000219.233, 178
Trd, 000219.650, 180
Trd, 000220.967, 168
Trd, 000221.217, 177
Trd, 000222.633, 176
Trd, 000222.867, 175
Trd, 000223.483, 175
Trd, 000223.633, 172
Trd, 000224.317, 171
Trd, 000225.183, 174
Trd, 000225.433, 167
Trd, 000225.517, 175
Trd, 000226.883, 159
Trd, 000227.650, 170
Trd, 000227.783, 171
Trd, 000228.500, 175
Trd, 000229.933, 173
Trd, 000230.650, 175
Trd, 000230.800, 171
Trd, 000231.850, 171
Trd, 000231.900, 170
Trd, 000232.000, 170
Trd, 000232.350, 170
Trd, 000233.983, 169
Trd, 000234.267, 168
Trd, 000234.500, 172
Trd, 000235.500, 166
Trd, 000236.400, 166
Trd, 000236.467, 168
Trd, 000236.700, 182
Trd, 000237.650, 185
Trd, 000238.817, 182
Trd, 000238.917, 183
Trd, 000239.000, 189
Trd, 000239.083, 181
Trd, 000239.850, 178
Trd, 000239.950, 200
Trd, 000240.150, 177
Trd, 000240.450, 180
Trd, 000241.717, 182
Trd, 000241.950, 180
Trd, 000242.367, 182
Trd, 000242.433, 182
Trd, 000242.633, 180
Trd, 000243.217, 178
Trd, 000243.417, 178
Trd, 000243.483, 175
Trd, 000244.233, 180
Trd, 000245.083, 176
Trd, 000245.533, 174
Trd, 000245.667, 177
Trd, 000246.417, 177
Trd, 000246.483, 179
Trd, 000246.817, 180
Trd, 000246.850, 181
Trd, 000246.917, 176
Trd, 000247.300, 176
Trd, 000247.967, 174
Trd, 000249.000, 172
Trd, 000249.833, 168
Trd, 000249.967, 168
Trd, 000250.450, 169
Trd, 000251.000, 166
Trd, 000251.417, 168
Trd, 000251.883, 167
Trd, 000251.917, 169
Trd, 000252.017, 173
Trd, 000252.317, 176
Trd, 000252.567, 169
Trd, 000253.350, 169
Trd, 000253.400, 177
Trd, 000253.783, 179
Trd, 000254.017, 180
Trd, 000254.650, 179
Trd, 000254.900, 172
Trd, 000254.917, 172
Trd, 000255.750, 173
Trd, 000255.917, 171
Trd, 000256.267, 162
Trd, 000256.650, 158
Trd, 000257.217, 173
Trd, 000257.450, 173
Trd, 000257.517, 176
Trd, 000257.900, 177
Trd, 000257.917, 159
Trd, 000260.017, 174
Trd, 000260.183, 176
Trd, 000260.400, 174
Trd, 000260.583, 180
Trd, 000260.617, 173
Trd, 000261.517, 177
Trd, 000261.583, 172
Trd, 000262.083, 177
Trd, 000262.883, 175
Trd, 000262.917, 175
Trd, 000263.217, 163
Trd, 000263.867, 169
Trd, 000264.883, 167
Trd, 000265.067, 170
Trd, 000265.167, 174
Trd, 000265.300, 166
Trd, 000265.750, 173
Trd, 000266.267, 173
Trd, 000266.717, 174
Trd, 000266.900, 169
Trd, 000267.817, 171
Trd, 000268.100, 163
Trd, 000268.117, 173
Trd, 000268.183, 178
Trd, 000268.300, 157
Trd, 000270.083, 181
Trd, 000270.367, 176
Trd, 000270.617, 174
Trd, 000270.950, 175
Trd, 000270.983, 173
Trd, 000271.033, 173
Trd, 000271.167, 175
Trd, 000271.300, 177
Trd, 000271.783, 176
Trd, 000271.850, 172
Trd, 000272.617, 177
Trd, 000273.600, 179
Trd, 000273.800, 182
Trd, 000274.167, 179
Trd, 000275.317, 182
Trd, 000275.600, 183
Trd, 000275.700, 181
Trd, 000276.033, 179
Trd, 000276.367, 179
Trd, 000276.483, 178
Trd, 000276.567, 179
Trd, 000276.617, 178
Trd, 000277.483, 189
Trd, 000277.617, 175
Trd, 000278.250, 207
Trd, 000278.700, 184
Trd, 000279.100, 180
Trd, 000279.250, 179
Trd, 000279.400, 165
Trd, 000280.050, 168
Trd, 000280.217, 172
Trd, 000281.083, 171
Trd, 000281.450, 171
Trd, 000281.750, 171
Trd, 000282.033, 171
Trd, 000282.283, 171
Trd, 000282.500, 170
Trd, 000282.650, 172
Trd, 000282.750, 187
Trd, 000283.500, 165
Trd, 000283.967, 176
Trd, 000284.317, 165
Trd, 000284.933, 176
Trd, 000285.083, 172
Trd, 000285.467, 173
Trd, 000285.900, 173
Trd, 000286.200, 174
Trd, 000286.517, 175
Trd, 000286.950, 171
Trd, 000287.617, 170
Trd, 000288.100, 181
Trd, 000288.200, 174
Trd, 000288.633, 172
Trd, 000288.800, 177
Trd, 000290.167, 174
Trd, 000290.400, 173
Trd, 000290.500, 174
Trd, 000291.100, 177
Trd, 000291.167, 168
Trd, 000291.317, 177
Trd, 000291.383, 167
Trd, 000292.400, 170
Trd, 000292.433, 178
Trd, 000293.583, 183
Trd, 000293.683, 184
Trd, 000293.917, 169
Trd, 000295.533, 172
Trd, 000295.667, 173
Trd, 000295.733, 177
Trd, 000295.750, 188
Trd, 000295.767, 171
Trd, 000295.900, 192
Trd, 000296.383, 208
Trd, 000297.383, 175
Trd, 000297.850, 178
Trd, 000297.983, 177
Trd, 000298.050, 181
Trd, 000298.283, 176
Trd, 000299.133, 176
Trd, 000299.433, 179
Trd, 000299.500, 173
Trd, 000299.533, 190
Trd, 000299.650, 167
Trd, 000299.950, 163
