Trd, 000001.983, 196
Trd, 000002.050, 156
Trd, 000002.717, 132
Trd, 000002.833, 135
Trd, 000004.167, 135
Trd, 000004.283, 145
Trd, 000006.217, 139
Trd, 000006.333, 140
Trd, 000006.667, 141
Trd, 000007.300, 140
Trd, 000007.367, 141
Trd, 000008.050, 140
Trd, 000008.317, 141
Trd, 000008.683, 142
Trd, 000010.167, 143
Trd, 000010.667, 143
Trd, 000010.833, 142
Trd, 000011.500, 145
Trd, 000013.017, 145
Trd, 000013.100, 145
Trd, 000014.233, 144
Trd, 000014.500, 145
Trd, 000014.717, 146
Trd, 000014.883, 151
Trd, 000015.083, 152
Trd, 000016.983, 150
Trd, 000017.967, 149
Trd, 000018.350, 150
Trd, 000018.817, 153
Trd, 000018.883, 149
Trd, 000019.150, 153
Trd, 000019.817, 154
Trd, 000020.350, 152
Trd, 000021.500, 151
Trd, 000022.383, 149
Trd, 000022.600, 148
Trd, 000022.883, 148
Trd, 000023.117, 148
Trd, 000023.350, 150
Trd, 000023.650, 149
Trd, 000023.683, 148
Trd, 000023.950, 149
Trd, 000024.633, 156
Trd, 000025.200, 149
Trd, 000025.550, 152
Trd, 000025.683, 153
Trd, 000026.300, 148
Trd, 000028.450, 149
Trd, 000029.650, 150
Trd, 000029.683, 153
Trd, 000030.217, 153
Trd, 000031.433, 147
Trd, 000033.467, 150
Trd, 000033.633, 154
Trd, 000033.667, 154
Trd, 000033.950, 154
Trd, 000034.567, 154
Trd, 000035.200, 153
Trd, 000035.900, 154
Trd, 000036.033, 155
Trd, 000036.267, 151
Trd, 000036.500, 153
Trd, 000037.033, 152
Trd, 000037.050, 150
Trd, 000037.167, 154
Trd, 000038.350, 151
Trd, 000038.917, 152
Trd, 000040.350, 148
Trd, 000040.683, 144
Trd, 000040.983, 144
Trd, 000041.900, 144
Trd, 000041.917, 145
Trd, 000042.633, 155
Trd, 000043.000, 148
Trd, 000044.133, 152
Trd, 000044.250, 151
Trd, 000044.383, 159
Trd, 000044.667, 147
Trd, 000045.467, 167
Trd, 000046.050, 155
Trd, 000046.950, 156
Trd, 000047.050, 157
Trd, 000047.533, 150
Trd, 000047.983, 167
Trd, 000048.917, 163
Trd, 000050.750, 161
Trd, 000050.967, 160
Trd, 000051.033, 159
Trd, 000053.383, 157
Trd, 000053.667, 156
Trd, 000053.733, 156
Trd, 000055.150, 156
Trd, 000055.483, 155
Trd, 000055.517, 156
Trd, 000055.667, 157
Trd, 000056.100, 152
Trd, 000056.117, 157
Trd, 000057.450, 154
Trd, 000058.600, 153
Trd, 000058.833, 152
Trd, 000058.850, 153
Trd, 000059.100, 153
Trd, 000059.333, 154
Trd, 000060.233, 153
Trd, 000060.283, 154
Trd, 000061.633, 153
Trd, 000061.783, 151
Trd, 000061.800, 154
Trd, 000062.167, 151
Trd, 000064.000, 150
Trd, 000064.333, 153
Trd, 000065.283, 153
Trd, 000066.050, 153
Trd, 000066.483, 153
Trd, 000066.617, 154
Trd, 000067.267, 152
Trd, 000067.317, 151
Trd, 000068.117, 151
Trd, 000068.583, 151
Trd, 000069.133, 151
Trd, 000069.950, 155
Trd, 000070.267, 158
Trd, 000070.333, 153
Trd, 000071.417, 154
Trd, 000071.500, 154
Trd, 000072.067, 160
Trd, 000072.350, 153
Trd, 000072.950, 153
Trd, 000074.400, 155
Trd, 000074.983, 156
Trd, 000076.117, 153
Trd, 000076.333, 153
Trd, 000076.400, 154
Trd, 000076.817, 156
Trd, 000077.217, 158
Trd, 000077.733, 160
Trd, 000078.467, 159
Trd, 000079.517, 156
Trd, 000079.533, 157
Trd, 000080.733, 155
Trd, 000081.100, 155
Trd, 000081.200, 156
Trd, 000081.967, 154
Trd, 000082.267, 154
Trd, 000082.733, 156
Trd, 000082.817, 157
Trd, 000084.433, 156
Trd, 000084.667, 158
Trd, 000084.983, 154
Trd, 000085.867, 153
Trd, 000086.817, 152
Trd, 000087.183, 153
Trd, 000087.467, 152
Trd, 000087.800, 152
Trd, 000088.467, 151
Trd, 000089.500, 149
Trd, 000089.617, 148
Trd, 000089.867, 148
Trd, 000090.117, 148
Trd, 000090.150, 152
Trd, 000090.333, 157
Trd, 000092.417, 149
Trd, 000092.683, 149
Trd, 000093.967, 149
Trd, 000094.067, 149
Trd, 000094.167, 146
Trd, 000094.450, 150
Trd, 000095.017, 156
Trd, 000095.733, 152
Trd, 000096.400, 155
Trd, 000096.983, 154
Trd, 000098.250, 155
Trd, 000098.400, 157
Trd, 000099.917, 154
Trd, 000100.150, 154
Trd, 000100.550, 154
Trd, 000100.650, 154
Trd, 000101.117, 153
Trd, 000101.283, 158
Trd, 000102.117, 156
Trd, 000102.567, 157
Trd, 000103.133, 157
Trd, 000103.583, 158
Trd, 000104.283, 161
Trd, 000105.083, 157
Trd, 000105.500, 155
Trd, 000106.067, 155
Trd, 000106.433, 153
Trd, 000107.100, 156
Trd, 000107.783, 162
Trd, 000107.850, 178
Trd, 000108.383, 164
Trd, 000109.883, 160
Trd, 000110.000, 160
Trd, 000110.183, 159
Trd, 000110.433, 161
Trd, 000111.783, 159
Trd, 000113.017, 158
Trd, 000113.633, 159
Trd, 000113.783, 162
Trd, 000114.367, 159
Trd, 000114.433, 160
Trd, 000114.850, 161
Trd, 000115.533, 162
Trd, 000116.450, 157
Trd, 000116.633, 159
Trd, 000117.817, 159
Trd, 000118.050, 160
Trd, 000118.067, 162
Trd, 000119.833, 160
Trd, 000121.217, 162
Trd, 000121.683, 162
Trd, 000122.267, 162
Trd, 000123.067, 160
Trd, 000123.083, 159
Trd, 000123.783, 158
Trd, 000123.950, 159
Trd, 000125.133, 159
Trd, 000125.650, 158
Trd, 000127.083, 159
Trd, 000127.817, 161
Trd, 000128.133, 159
Trd, 000128.450, 160
Trd, 000128.650, 159
Trd, 000128.850, 164
Trd, 000129.350, 167
Trd, 000129.483, 162
Trd, 000130.567, 166
Trd, 000130.850, 166
Trd, 000131.183, 162
Trd, 000131.350, 167
Trd, 000132.383, 158
Trd, 000134.083, 165
Trd, 000134.333, 165
Trd, 000135.433, 164
Trd, 000135.817, 163
Trd, 000135.900, 161
Trd, 000135.933, 166
Trd, 000136.050, 165
Trd, 000138.033, 161
Trd, 000138.700, 165
Trd, 000139.117, 164
Trd, 000139.267, 169
Trd, 000139.300, 155
Trd, 000141.133, 161
Trd, 000141.967, 163
Trd, 000142.033, 162
Trd, 000142.233, 158
Trd, 000143.017, 162
Trd, 000143.100, 163
Trd, 000143.583, 161
Trd, 000144.217, 163
Trd, 000144.450, 163
Trd, 000144.750, 160
Trd, 000145.267, 158
Trd, 000146.233, 161
Trd, 000147.233, 158
Trd, 000147.433, 157
Trd, 000147.833, 157
Trd, 000147.950, 158
Trd, 000148.400, 158
Trd, 000148.867, 166
Trd, 000149.550, 162
Trd, 000149.917, 159
Trd, 000150.500, 168
Trd, 000150.967, 168
Trd, 000151.467, 183
Trd, 000152.167, 165
Trd, 000152.283, 170
Trd, 000153.683, 163
Trd, 000154.467, 161
Trd, 000154.583, 162
Trd, 000155.433, 162
Trd, 000156.133, 162
Trd, 000156.200, 161
Trd, 000157.183, 163
Trd, 000158.767, 161
Trd, 000158.933, 163
Trd, 000159.233, 161
Trd, 000159.883, 161
Trd, 000160.000, 160
Trd, 000160.367, 162
Trd, 000162.283, 161
Trd, 000162.783, 162
Trd, 000163.250, 163
Trd, 000163.500, 164
Trd, 000164.300, 161
Trd, 000165.017, 162
Trd, 000165.283, 163
Trd, 000165.650, 162
Trd, 000165.783, 161
Trd, 000167.550, 163
Trd, 000167.633, 164
Trd, 000168.650, 165
Trd, 000168.733, 163
Trd, 000170.050, 161
Trd, 000170.183, 164
Trd, 000170.700, 163
Trd, 000171.183, 161
Trd, 000172.117, 168
Trd, 000172.150, 161
Trd, 000173.650, 163
Trd, 000173.900, 158
Trd, 000174.500, 164
Trd, 000175.017, 161
Trd, 000175.283, 162
Trd, 000175.583, 163
Trd, 000176.967, 162
Trd, 000177.050, 161
Trd, 000177.300, 164
Trd, 000177.583, 165
Trd, 000178.083, 169
Trd, 000178.983, 162
Trd, 000180.183, 166
Trd, 000180.700, 165
Trd, 000181.750, 166
Trd, 000181.850, 167
Trd, 000182.883, 166
Trd, 000184.017, 167
Trd, 000184.167, 163
Trd, 000184.633, 168
Trd, 000185.150, 166
Trd, 000185.617, 167
Trd, 000185.683, 168
Trd, 000185.900, 166
Trd, 000186.133, 167
Trd, 000186.483, 169
Trd, 000187.383, 166
Trd, 000187.750, 167
Trd, 000187.850, 173
Trd, 000187.933, 166
Trd, 000188.100, 165
Trd, 000189.233, 162
Trd, 000189.783, 167
Trd, 000190.400, 168
Trd, 000192.300, 165
Trd, 000192.667, 165
Trd, 000192.733, 166
Trd, 000193.083, 166
Trd, 000193.167, 167
Trd, 000195.383, 167
Trd, 000196.117, 166
Trd, 000196.167, 163
Trd, 000196.467, 168
Trd, 000196.533, 164
Trd, 000197.417, 165
Trd, 000197.600, 164
Trd, 000198.333, 164
Trd, 000198.517, 165
Trd, 000198.750, 166
Trd, 000198.833, 166
Trd, 000199.517, 168
Trd, 000200.017, 169
Trd, 000200.750, 170
Trd, 000201.100, 168
Trd, 000201.767, 170
Trd, 000202.017, 171
Trd, 000202.417, 163
Trd, 000202.950, 173
Trd, 000204.333, 170
Trd, 000204.717, 165
Trd, 000206.433, 170
Trd, 000206.750, 168
Trd, 000207.033, 170
Trd, 000207.133, 170
Trd, 000207.583, 170
Trd, 000207.933, 169
Trd, 000209.400, 166
Trd, 000209.700, 167
Trd, 000209.817, 169
Trd, 000210.083, 165
Trd, 000210.383, 172
Trd, 000211.533, 164
Trd, 000211.783, 169
Trd, 000212.600, 171
Trd, 000214.933, 164
Trd, 000215.317, 162
Trd, 000215.433, 162
Trd, 000215.600, 165
Trd, 000216.533, 163
Trd, 000216.683, 168
Trd, 000217.367, 163
Trd, 000217.850, 168
Trd, 000218.350, 168
Trd, 000219.100, 168
Trd, 000219.317, 169
Trd, 000219.600, 173
Trd, 000220.083, 165
Trd, 000220.267, 164
Trd, 000222.233, 167
Trd, 000222.383, 166
Trd, 000222.467, 167
Trd, 000224.717, 167
Trd, 000224.867, 166
Trd, 000225.233, 165
Trd, 000225.750, 165
Trd, 000226.300, 164
Trd, 000226.533, 173
Trd, 000227.000, 177
Trd, 000227.750, 164
Trd, 000228.450, 167
Trd, 000229.750, 174
Trd, 000230.833, 175
Trd, 000231.117, 175
Trd, 000231.400, 176
Trd, 000231.883, 177
Trd, 000232.600, 175
Trd, 000232.917, 177
Trd, 000233.000, 178
Trd, 000234.050, 176
Trd, 000234.833, 178
Trd, 000235.050, 177
Trd, 000235.750, 179
Trd, 000236.183, 175
Trd, 000236.517, 173
Trd, 000236.617, 175
Trd, 000237.267, 177
Trd, 000238.250, 175
Trd, 000238.417, 167
Trd, 000239.733, 173
Trd, 000240.283, 173
Trd, 000240.350, 172
Trd, 000240.767, 170
Trd, 000240.800, 171
Trd, 000241.233, 171
Trd, 000241.317, 170
Trd, 000241.467, 171
Trd, 000241.567, 170
Trd, 000242.083, 174
Trd, 000242.633, 177
Trd, 000243.100, 174
Trd, 000243.233, 174
Trd, 000243.900, 161
Trd, 000245.000, 163
Trd, 000245.250, 169
Trd, 000245.550, 162
Trd, 000246.183, 159
Trd, 000246.600, 162
Trd, 000246.733, 163
Trd, 000247.000, 163
Trd, 000247.300, 175
Trd, 000247.600, 173
Trd, 000247.883, 167
Trd, 000248.333, 173
Trd, 000248.833, 174
Trd, 000248.950, 172
Trd, 000249.300, 173
Trd, 000250.133, 169
Trd, 000251.233, 171
Trd, 000251.267, 172
Trd, 000251.700, 172
Trd, 000251.917, 173
Trd, 000252.767, 174
Trd, 000252.850, 173
Trd, 000253.133, 170
Trd, 000254.533, 172
Trd, 000255.467, 170
Trd, 000255.933, 171
Trd, 000256.150, 173
Trd, 000256.367, 170
Trd, 000256.567, 169
Trd, 000256.633, 171
Trd, 000256.883, 174
Trd, 000256.900, 169
Trd, 000257.883, 176
Trd, 000258.883, 175
Trd, 000259.000, 171
Trd, 000260.150, 172
Trd, 000260.200, 176
Trd, 000260.483, 177
Trd, 000261.367, 174
Trd, 000261.417, 173
Trd, 000261.467, 175
Trd, 000262.200, 174
Trd, 000262.483, 175
Trd, 000262.517, 173
Trd, 000263.133, 174
Trd, 000263.417, 175
Trd, 000264.200, 171
Trd, 000264.300, 176
Trd, 000264.983, 174
Trd, 000265.283, 172
Trd, 000265.317, 176
Trd, 000265.417, 175
Trd, 000265.817, 176
Trd, 000266.150, 171
Trd, 000266.833, 172
Trd, 000266.917, 171
Trd, 000267.017, 175
Trd, 000267.900, 174
Trd, 000268.167, 174
Trd, 000268.717, 172
Trd, 000269.100, 173
Trd, 000269.650, 175
Trd, 000269.750, 177
Trd, 000271.183, 171
Trd, 000271.250, 171
Trd, 000271.283, 169
Trd, 000272.067, 168
Trd, 000272.117, 174
Trd, 000272.417, 158
Trd, 000272.483, 171
Trd, 000272.867, 171
Trd, 000273.483, 178
Trd, 000274.400, 175
Trd, 000274.700, 174
Trd, 000274.767, 167
Trd, 000275.683, 165
Trd, 000275.817, 170
Trd, 000275.867, 174
Trd, 000275.967, 164
Trd, 000276.383, 162
Trd, 000277.067, 168
Trd, 000278.667, 181
Trd, 000278.917, 182
Trd, 000279.133, 180
Trd, 000279.200, 183
Trd, 000279.283, 189
Trd, 000279.717, 179
Trd, 000279.733, 185
Trd, 000280.300, 178
Trd, 000280.717, 185
Trd, 000282.100, 180
Trd, 000282.550, 179
Trd, 000282.800, 178
Trd, 000282.817, 181
Trd, 000282.883, 174
Trd, 000283.700, 165
Trd, 000284.583, 167
Trd, 000284.767, 181
Trd, 000284.950, 176
Trd, 000285.533, 176
Trd, 000285.617, 177
Trd, 000286.217, 175
Trd, 000286.500, 172
Trd, 000286.883, 172
Trd, 000288.050, 170
Trd, 000288.133, 172
Trd, 000288.167, 166
Trd, 000289.083, 171
Trd, 000289.933, 170
Trd, 000290.100, 171
Trd, 000290.167, 170
Trd, 000290.200, 170
Trd, 000290.317, 180
Trd, 000290.450, 184
Trd, 000290.850, 179
Trd, 000291.017, 166
Trd, 000292.150, 180
Trd, 000292.650, 179
Trd, 000292.900, 167
Trd, 000293.417, 176
Trd, 000293.533, 176
Trd, 000293.650, 177
Trd, 000294.333, 164
Trd, 000294.467, 166
Trd, 000294.567, 184
Trd, 000295.300, 163
Trd, 000296.017, 162
Trd, 000296.800, 163
Trd, 000297.800, 166
Trd, 000297.817, 168
Trd, 000297.850, 165
Trd, 000298.600, 167
Trd, 000298.667, 167
Trd, 000298.800, 168
Trd, 000299.767, 168
