Trd, 000002.133, 143
Trd, 000002.800, 144
Trd, 000003.150, 147
Trd, 000003.233, 148
Trd, 000003.817, 147
Trd, 000003.867, 144
Trd, 000003.883, 144
Trd, 000004.600, 147
Trd, 000004.617, 143
Trd, 000006.483, 149
Trd, 000006.900, 149
Trd, 000007.683, 149
Trd, 000007.867, 146
Trd, 000008.100, 150
Trd, 000009.567, 149
Trd, 000010.233, 149
Trd, 000010.600, 149
Trd, 000010.817, 147
Trd, 000011.550, 152
Trd, 000011.633, 153
Trd, 000012.150, 150
Trd, 000012.400, 149
Trd, 000012.700, 155
Trd, 000013.183, 149
Trd, 000013.733, 149
Trd, 000014.517, 150
Trd, 000015.867, 151
Trd, 000015.983, 152
Trd, 000016.583, 152
Trd, 000018.283, 150
Trd, 000018.650, 148
Trd, 000018.850, 148
Trd, 000019.117, 150
Trd, 000020.800, 150
Trd, 000020.850, 149
Trd, 000021.100, 146
Trd, 000021.383, 143
Trd, 000021.617, 145
Trd, 000022.567, 149
Trd, 000024.067, 147
Trd, 000024.650, 148
Trd, 000025.167, 147
Trd, 000025.217, 148
Trd, 000025.417, 146
Trd, 000025.483, 149
Trd, 000026.583, 150
Trd, 000027.033, 147
Trd, 000028.067, 151
Trd, 000029.267, 151
Trd, 000029.533, 150
Trd, 000030.050, 150
Trd, 000031.383, 149
Trd, 000031.500, 151
Trd, 000031.750, 152
Trd, 000032.950, 151
Trd, 000032.967, 149
Trd, 000034.050, 150
Trd, 000034.417, 151
Trd, 000034.550, 147
Trd, 000035.117, 154
Trd, 000035.450, 148
Trd, 000036.533, 150
Trd, 000036.767, 149
Trd, 000037.050, 154
Trd, 000039.100, 155
Trd, 000039.367, 153
Trd, 000039.567, 153
Trd, 000039.900, 155
Trd, 000040.633, 152
Trd, 000041.083, 150
Trd, 000042.317, 153
Trd, 000042.700, 153
Trd, 000043.167, 152
Trd, 000043.533, 152
Trd, 000043.617, 152
Trd, 000044.200, 151
Trd, 000044.250, 149
Trd, 000045.117, 152
Trd, 000045.167, 148
Trd, 000045.200, 147
Trd, 000046.033, 150
Trd, 000046.150, 149
Trd, 000048.367, 151
Trd, 000049.717, 152
Trd, 000049.883, 150
Trd, 000050.367, 151
Trd, 000050.500, 152
Trd, 000050.850, 150
Trd, 000051.183, 149
Trd, 000051.350, 151
Trd, 000052.100, 150
Trd, 000052.633, 146
Trd, 000053.683, 149
Trd, 000053.850, 148
Trd, 000054.900, 149
Trd, 000055.183, 148
Trd, 000055.667, 148
Trd, 000056.633, 149
Trd, 000056.900, 153
Trd, 000057.217, 156
Trd, 000057.500, 157
Trd, 000059.583, 151
Trd, 000059.650, 150
Trd, 000059.667, 153
Trd, 000059.817, 149
Trd, 000060.200, 148
Trd, 000061.867, 150
Trd, 000061.900, 151
Trd, 000063.150, 147
Trd, 000063.483, 148
Trd, 000063.933, 149
Trd, 000064.250, 149
Trd, 000064.533, 148
Trd, 000065.133, 149
Trd, 000065.267, 150
Trd, 000066.000, 150
Trd, 000066.667, 150
Trd, 000066.983, 149
Trd, 000067.133, 151
Trd, 000069.533, 151
Trd, 000069.667, 153
Trd, 000069.950, 149
Trd, 000070.350, 154
Trd, 000070.717, 154
Trd, 000071.500, 154
Trd, 000071.533, 153
Trd, 000072.117, 152
Trd, 000072.867, 152
Trd, 000073.667, 153
Trd, 000074.267, 155
Trd, 000074.917, 154
Trd, 000075.033, 154
Trd, 000075.100, 155
Trd, 000075.283, 158
Trd, 000075.583, 153
Trd, 000075.733, 160
Trd, 000077.867, 158
Trd, 000078.500, 159
Trd, 000078.667, 159
Trd, 000078.867, 160
Trd, 000078.883, 156
Trd, 000078.900, 162
Trd, 000079.133, 154
Trd, 000081.083, 159
Trd, 000081.833, 155
Trd, 000081.867, 158
Trd, 000082.600, 156
Trd, 000083.950, 155
Trd, 000085.067, 153
Trd, 000085.467, 154
Trd, 000085.683, 154
Trd, 000085.767, 157
Trd, 000086.600, 156
Trd, 000086.867, 153
Trd, 000087.300, 156
Trd, 000088.883, 153
Trd, 000089.317, 153
Trd, 000089.700, 156
Trd, 000090.183, 157
Trd, 000090.200, 156
Trd, 000090.683, 155
Trd, 000090.700, 157
Trd, 000091.433, 158
Trd, 000092.083, 158
Trd, 000092.383, 154
Trd, 000092.850, 163
Trd, 000093.567, 163
Trd, 000094.783, 163
Trd, 000095.467, 161
Trd, 000095.583, 162
Trd, 000095.800, 161
Trd, 000096.333, 161
Trd, 000096.600, 160
Trd, 000096.750, 163
Trd, 000098.000, 161
Trd, 000098.467, 162
Trd, 000098.833, 159
Trd, 000098.867, 151
Trd, 000100.900, 161
Trd, 000101.500, 155
Trd, 000102.133, 158
Trd, 000102.250, 156
Trd, 000103.283, 155
Trd, 000103.567, 155
Trd, 000103.633, 153
Trd, 000104.033, 152
Trd, 000105.083, 151
Trd, 000105.100, 156
Trd, 000105.417, 151
Trd, 000106.433, 154
Trd, 000106.700, 161
Trd, 000107.400, 152
Trd, 000108.933, 152
Trd, 000109.167, 153
Trd, 000109.650, 155
Trd, 000109.900, 155
Trd, 000110.933, 154
Trd, 000110.967, 153
Trd, 000111.083, 154
Trd, 000112.783, 155
Trd, 000113.017, 154
Trd, 000113.367, 159
Trd, 000113.683, 162
Trd, 000114.150, 166
Trd, 000115.633, 154
Trd, 000116.550, 154
Trd, 000117.017, 154
Trd, 000117.267, 155
Trd, 000117.533, 155
Trd, 000117.733, 155
Trd, 000118.017, 155
Trd, 000118.100, 158
Trd, 000118.700, 156
Trd, 000119.683, 157
Trd, 000120.667, 163
Trd, 000120.767, 156
Trd, 000120.933, 156
Trd, 000121.783, 158
Trd, 000123.133, 159
Trd, 000123.600, 160
Trd, 000123.733, 158
Trd, 000124.250, 160
Trd, 000124.333, 160
Trd, 000124.883, 162
Trd, 000125.867, 160
Trd, 000126.000, 159
Trd, 000126.267, 158
Trd, 000127.917, 161
Trd, 000128.200, 159
Trd, 000129.767, 160
Trd, 000130.083, 160
Trd, 000130.300, 160
Trd, 000130.567, 160
Trd, 000131.983, 159
Trd, 000132.450, 159
Trd, 000132.867, 158
Trd, 000133.367, 155
Trd, 000133.683, 158
Trd, 000133.717, 159
Trd, 000133.950, 161
Trd, 000133.967, 164
Trd, 000134.500, 157
Trd, 000135.917, 163
Trd, 000136.400, 163
Trd, 000138.017, 165
Trd, 000138.267, 163
Trd, 000138.417, 163
Trd, 000138.667, 165
Trd, 000139.483, 162
Trd, 000139.667, 162
Trd, 000139.767, 166
Trd, 000140.550, 166
Trd, 000140.800, 166
Trd, 000141.467, 165
Trd, 000141.683, 165
Trd, 000141.733, 169
Trd, 000142.217, 163
Trd, 000142.700, 154
Trd, 000143.017, 165
Trd, 000144.117, 160
Trd, 000144.817, 161
Trd, 000145.650, 160
Trd, 000145.933, 163
Trd, 000146.833, 160
Trd, 000148.150, 163
Trd, 000148.700, 164
Trd, 000149.150, 161
Trd, 000149.200, 160
Trd, 000150.050, 163
Trd, 000150.600, 160
Trd, 000150.650, 159
Trd, 000151.183, 160
Trd, 000151.717, 162
Trd, 000152.467, 162
Trd, 000152.533, 163
Trd, 000152.767, 162
Trd, 000153.100, 166
Trd, 000153.283, 166
Trd, 000154.133, 160
Trd, 000154.883, 163
Trd, 000155.167, 165
Trd, 000155.283, 162
Trd, 000155.350, 162
Trd, 000155.717, 166
Trd, 000156.300, 163
Trd, 000156.467, 161
Trd, 000156.900, 166
Trd, 000157.233, 161
Trd, 000158.217, 172
Trd, 000158.550, 171
Trd, 000158.667, 167
Trd, 000160.250, 167
Trd, 000160.367, 166
Trd, 000160.450, 165
Trd, 000160.817, 164
Trd, 000161.967, 157
Trd, 000162.883, 159
Trd, 000163.400, 156
Trd, 000163.433, 160
Trd, 000164.083, 161
Trd, 000164.100, 158
Trd, 000164.917, 158
Trd, 000165.283, 160
Trd, 000165.867, 159
Trd, 000166.567, 157
Trd, 000167.317, 160
Trd, 000167.483, 161
Trd, 000167.633, 158
Trd, 000167.733, 158
Trd, 000168.633, 161
Trd, 000168.733, 158
Trd, 000169.317, 159
Trd, 000171.183, 158
Trd, 000171.467, 159
Trd, 000172.183, 159
Trd, 000172.333, 159
Trd, 000172.683, 158
Trd, 000172.933, 158
Trd, 000173.150, 158
Trd, 000173.917, 156
Trd, 000175.100, 156
Trd, 000176.417, 158
Trd, 000177.500, 161
Trd, 000177.567, 165
Trd, 000178.433, 162
Trd, 000178.517, 161
Trd, 000179.900, 164
Trd, 000180.050, 166
Trd, 000180.300, 168
Trd, 000180.900, 167
Trd, 000180.983, 164
Trd, 000181.433, 163
Trd, 000181.500, 169
Trd, 000182.283, 177
Trd, 000182.783, 176
Trd, 000184.017, 173
Trd, 000184.050, 173
Trd, 000184.733, 173
Trd, 000185.083, 173
Trd, 000186.083, 173
Trd, 000186.350, 172
Trd, 000186.367, 169
Trd, 000186.917, 169
Trd, 000188.067, 170
Trd, 000188.433, 166
Trd, 000188.683, 159
Trd, 000189.200, 163
Trd, 000189.850, 162
Trd, 000189.950, 162
Trd, 000190.417, 161
Trd, 000190.583, 163
Trd, 000193.483, 162
Trd, 000193.917, 162
Trd, 000194.000, 167
Trd, 000194.517, 165
Trd, 000195.167, 169
Trd, 000195.617, 165
Trd, 000196.400, 167
Trd, 000197.533, 169
Trd, 000197.617, 167
Trd, 000197.700, 170
Trd, 000198.367, 167
Trd, 000198.950, 167
Trd, 000200.033, 168
Trd, 000200.533, 168
Trd, 000200.850, 167
Trd, 000201.000, 168
Trd, 000201.400, 169
Trd, 000201.817, 164
Trd, 000202.233, 169
Trd, 000202.500, 169
Trd, 000202.517, 171
Trd, 000203.900, 170
Trd, 000204.400, 171
Trd, 000204.450, 169
Trd, 000204.500, 168
Trd, 000204.850, 175
Trd, 000206.400, 169
Trd, 000206.433, 172
Trd, 000206.700, 168
Trd, 000207.300, 169
Trd, 000207.350, 173
Trd, 000207.867, 169
Trd, 000208.567, 174
Trd, 000208.933, 175
Trd, 000209.233, 176
Trd, 000209.467, 172
Trd, 000210.617, 172
Trd, 000210.817, 172
Trd, 000211.150, 169
Trd, 000211.817, 171
Trd, 000212.333, 171
Trd, 000212.400, 170
Trd, 000213.583, 169
Trd, 000214.033, 169
Trd, 000214.183, 169
Trd, 000214.317, 169
Trd, 000214.633, 172
Trd, 000214.967, 183
Trd, 000215.917, 172
Trd, 000216.050, 169
Trd, 000216.733, 169
Trd, 000217.767, 170
Trd, 000217.817, 169
Trd, 000218.350, 170
Trd, 000218.383, 169
Trd, 000218.450, 170
Trd, 000219.200, 169
Trd, 000219.317, 163
Trd, 000219.917, 163
Trd, 000220.267, 171
Trd, 000221.367, 166
Trd, 000221.733, 156
Trd, 000223.583, 170
Trd, 000223.667, 170
Trd, 000223.683, 172
Trd, 000224.183, 168
Trd, 000225.317, 170
Trd, 000225.433, 170
Trd, 000227.450, 169
Trd, 000227.650, 168
Trd, 000228.417, 167
Trd, 000229.233, 168
Trd, 000229.333, 171
Trd, 000229.667, 168
Trd, 000230.067, 168
Trd, 000230.600, 169
Trd, 000230.917, 170
Trd, 000231.083, 170
Trd, 000231.150, 168
Trd, 000231.217, 167
Trd, 000232.400, 167
Trd, 000232.817, 167
Trd, 000233.983, 167
Trd, 000234.050, 166
Trd, 000235.383, 167
Trd, 000236.233, 170
Trd, 000236.417, 171
Trd, 000236.483, 169
Trd, 000237.600, 171
Trd, 000237.733, 168
Trd, 000238.400, 172
Trd, 000239.233, 173
Trd, 000239.700, 172
Trd, 000240.450, 175
Trd, 000240.500, 173
Trd, 000240.583, 172
Trd, 000240.883, 175
Trd, 000241.167, 176
Trd, 000241.250, 174
Trd, 000242.767, 175
Trd, 000243.100, 173
Trd, 000243.917, 172
Trd, 000244.050, 173
Trd, 000244.483, 173
Trd, 000245.617, 173
Trd, 000245.633, 172
Trd, 000245.733, 174
Trd, 000246.283, 175
Trd, 000246.550, 173
Trd, 000246.733, 172
Trd, 000246.867, 171
Trd, 000247.217, 175
Trd, 000248.550, 179
Trd, 000248.767, 175
Trd, 000249.583, 178
Trd, 000250.033, 179
Trd, 000250.083, 177
Trd, 000250.950, 180
Trd, 000251.050, 177
Trd, 000251.117, 177
Trd, 000251.817, 176
Trd, 000252.167, 176
Trd, 000252.333, 175
Trd, 000252.767, 180
Trd, 000253.583, 177
Trd, 000253.917, 177
Trd, 000254.117, 176
Trd, 000254.600, 177
Trd, 000254.917, 179
Trd, 000257.183, 177
Trd, 000257.500, 176
Trd, 000257.700, 176
Trd, 000258.517, 175
Trd, 000258.667, 176
Trd, 000258.800, 167
Trd, 000259.000, 177
Trd, 000259.550, 170
Trd, 000259.817, 168
Trd, 000260.067, 171
Trd, 000260.633, 168
Trd, 000260.767, 171
Trd, 000261.550, 169
Trd, 000262.717, 175
Trd, 000263.150, 171
Trd, 000263.417, 178
Trd, 000263.683, 173
Trd, 000263.750, 188
Trd, 000264.583, 177
Trd, 000265.133, 177
Trd, 000265.150, 175
Trd, 000265.483, 174
Trd, 000266.200, 174
Trd, 000266.367, 175
Trd, 000266.817, 173
Trd, 000268.033, 176
Trd, 000268.267, 176
Trd, 000268.733, 175
Trd, 000268.933, 175
Trd, 000269.233, 175
Trd, 000269.283, 174
Trd, 000269.433, 173
Trd, 000269.633, 168
Trd, 000270.200, 176
Trd, 000270.450, 177
Trd, 000271.233, 178
Trd, 000271.883, 174
Trd, 000272.800, 178
Trd, 000273.333, 178
Trd, 000273.433, 180
Trd, 000273.583, 177
Trd, 000274.333, 177
Trd, 000274.950, 176
Trd, 000275.150, 176
Trd, 000275.367, 178
Trd, 000275.550, 182
Trd, 000275.583, 178
Trd, 000276.117, 177
Trd, 000276.217, 177
Trd, 000276.333, 189
Trd, 000276.350, 182
Trd, 000276.383, 175
Trd, 000278.017, 182
Trd, 000278.950, 176
Trd, 000279.067, 164
Trd, 000279.533, 172
Trd, 000280.183, 177
Trd, 000280.333, 178
Trd, 000280.500, 179
Trd, 000280.783, 176
Trd, 000281.250, 176
Trd, 000281.617, 175
Trd, 000282.567, 176
Trd, 000282.767, 175
Trd, 000283.133, 179
Trd, 000283.550, 174
Trd, 000283.817, 183
Trd, 000284.183, 186
Trd, 000284.233, 174
Trd, 000285.017, 193
Trd, 000285.417, 188
Trd, 000286.167, 185
Trd, 000286.433, 185
Trd, 000286.650, 186
Trd, 000286.917, 184
Trd, 000287.200, 183
Trd, 000287.467, 184
Trd, 000287.883, 183
Trd, 000287.900, 181
Trd, 000288.483, 180
Trd, 000288.767, 184
Trd, 000290.100, 178
Trd, 000290.150, 177
Trd, 000290.533, 180
Trd, 000290.700, 177
Trd, 000290.783, 179
Trd, 000291.533, 178
Trd, 000292.133, 179
Trd, 000292.517, 176
Trd, 000293.450, 176
Trd, 000293.617, 175
Trd, 000294.667, 175
Trd, 000294.750, 177
Trd, 000295.117, 174
Trd, 000295.150, 180
Trd, 000295.217, 174
Trd, 000296.150, 175
Trd, 000296.783, 181
Trd, 000296.900, 175
Trd, 000297.567, 175
Trd, 000298.133, 179
Trd, 000298.850, 174
Trd, 000299.317, 178
Trd, 000299.433, 173
Trd, 000299.967, 178
