Trd, 000001.067, 100
Trd, 000001.583, 152
Trd, 000002.217, 172
Trd, 000002.417, 151
Trd, 000002.733, 143
Trd, 000003.900, 153
Trd, 000003.983, 152
Trd, 000004.283, 154
Trd, 000005.233, 145
Trd, 000005.450, 146
Trd, 000006.150, 156
Trd, 000006.717, 157
Trd, 000007.200, 158
Trd, 000008.400, 158
Trd, 000008.917, 155
Trd, 000009.150, 162
Trd, 000009.283, 152
Trd, 000010.183, 138
Trd, 000011.200, 147
Trd, 000011.500, 156
Trd, 000011.667, 146
Trd, 000011.750, 166
Trd, 000011.767, 142
Trd, 000012.100, 170
Trd, 000012.317, 152
Trd, 000014.133, 173
Trd, 000014.467, 170
Trd, 000014.633, 163
Trd, 000015.217, 156
Trd, 000015.283, 125
Trd, 000016.150, 161
Trd, 000016.300, 156
Trd, 000016.367, 153
Trd, 000017.500, 163
Trd, 000017.550, 158
Trd, 000017.633, 165
Trd, 000018.150, 165
Trd, 000018.533, 156
Trd, 000019.950, 127
Trd, 000020.083, 162
Trd, 000021.883, 153
Trd, 000022.150, 147
Trd, 000022.833, 136
Trd, 000023.500, 137
Trd, 000023.683, 134
Trd, 000024.367, 136
Trd, 000024.883, 131
Trd, 000025.133, 157
Trd, 000025.283, 158
Trd, 000025.467, 160
Trd, 000025.600, 160
Trd, 000026.117, 143
Trd, 000026.667, 135
Trd, 000027.983, 156
Trd, 000028.033, 154
Trd, 000028.550, 154
Trd, 000029.317, 155
Trd, 000030.733, 142
Trd, 000031.167, 144
Trd, 000031.617, 157
Trd, 000032.217, 168
Trd, 000032.533, 171
Trd, 000032.717, 133
Trd, 000033.150, 154
Trd, 000033.683, 145
Trd, 000034.017, 157
Trd, 000034.317, 162
Trd, 000034.433, 137
Trd, 000035.350, 157
Trd, 000036.183, 157
Trd, 000036.817, 156
Trd, 000036.850, 155
Trd, 000036.950, 158
Trd, 000038.333, 144
Trd, 000038.367, 145
Trd, 000038.417, 160
Trd, 000038.833, 171
Trd, 000040.133, 160
Trd, 000040.450, 159
Trd, 000041.283, 143
Trd, 000042.533, 144
Trd, 000042.700, 139
Trd, 000043.617, 145
Trd, 000044.000, 147
Trd, 000044.883, 148
Trd, 000045.183, 133
Trd, 000045.317, 155
Trd, 000045.850, 156
Trd, 000047.433, 153
Trd, 000047.483, 150
Trd, 000048.883, 149
Trd, 000049.000, 173
Trd, 000049.233, 184
Trd, 000049.900, 171
Trd, 000050.750, 170
Trd, 000052.150, 162
Trd, 000052.633, 161
Trd, 000052.783, 165
Trd, 000052.917, 160
Trd, 000053.233, 146
Trd, 000053.583, 132
Trd, 000054.667, 132
Trd, 000054.800, 135
Trd, 000055.317, 136
Trd, 000055.650, 131
Trd, 000055.900, 142
Trd, 000055.933, 156
Trd, 000056.717, 130
Trd, 000057.383, 139
Trd, 000058.183, 140
Trd, 000058.867, 144
Trd, 000058.917, 157
Trd, 000060.133, 144
Trd, 000060.900, 147
Trd, 000061.367, 145
Trd, 000061.567, 149
Trd, 000061.833, 151
Trd, 000062.417, 130
Trd, 000062.700, 147
Trd, 000063.083, 147
Trd, 000063.133, 164
Trd, 000063.350, 156
Trd, 000063.483, 147
Trd, 000063.533, 146
Trd, 000064.517, 157
Trd, 000064.533, 170
Trd, 000066.233, 162
Trd, 000067.650, 165
Trd, 000067.767, 166
Trd, 000068.317, 166
Trd, 000068.717, 160
Trd, 000069.083, 160
Trd, 000069.367, 159
Trd, 000070.567, 163
Trd, 000070.633, 159
Trd, 000070.650, 166
Trd, 000071.200, 165
Trd, 000071.733, 158
Trd, 000072.417, 162
Trd, 000072.750, 158
Trd, 000073.733, 156
Trd, 000073.833, 175
Trd, 000074.550, 155
Trd, 000076.150, 161
Trd, 000076.183, 163
Trd, 000076.917, 166
Trd, 000077.400, 164
Trd, 000078.017, 163
Trd, 000078.200, 161
Trd, 000078.733, 161
Trd, 000079.883, 163
Trd, 000080.083, 160
Trd, 000080.933, 160
Trd, 000081.183, 160
Trd, 000081.367, 162
Trd, 000082.117, 164
Trd, 000082.450, 159
Trd, 000082.633, 159
Trd, 000083.650, 146
Trd, 000083.683, 164
Trd, 000083.983, 165
Trd, 000084.383, 135
Trd, 000084.767, 153
Trd, 000085.467, 161
Trd, 000086.883, 163
Trd, 000086.967, 171
Trd, 000087.150, 173
Trd, 000087.633, 163
Trd, 000087.900, 163
Trd, 000088.550, 160
Trd, 000089.033, 166
Trd, 000089.583, 167
Trd, 000090.067, 164
Trd, 000091.383, 140
Trd, 000092.067, 158
Trd, 000092.417, 154
Trd, 000092.433, 160
Trd, 000093.950, 166
Trd, 000094.167, 165
Trd, 000094.467, 173
Trd, 000094.483, 174
Trd, 000096.217, 168
Trd, 000096.333, 170
Trd, 000097.567, 169
Trd, 000097.583, 168
Trd, 000098.367, 168
Trd, 000098.833, 165
Trd, 000099.117, 170
Trd, 000099.517, 161
Trd, 000100.400, 161
Trd, 000100.467, 160
Trd, 000101.983, 157
Trd, 000103.267, 159
Trd, 000103.417, 158
Trd, 000103.817, 159
Trd, 000103.833, 136
Trd, 000104.300, 161
Trd, 000104.317, 168
Trd, 000104.900, 163
Trd, 000106.250, 167
Trd, 000107.067, 175
Trd, 000107.900, 169
Trd, 000108.033, 167
Trd, 000108.233, 177
Trd, 000108.650, 178
Trd, 000109.233, 167
Trd, 000109.583, 168
Trd, 000109.700, 167
Trd, 000111.317, 169
Trd, 000112.967, 166
Trd, 000113.383, 166
Trd, 000113.433, 162
Trd, 000113.500, 167
Trd, 000113.617, 169
Trd, 000114.250, 165
Trd, 000114.417, 168
Trd, 000115.700, 166
Trd, 000117.817, 167
Trd, 000118.300, 167
Trd, 000119.633, 167
Trd, 000119.933, 166
Trd, 000120.033, 167
Trd, 000120.200, 164
Trd, 000120.617, 165
Trd, 000121.450, 167
Trd, 000121.900, 162
Trd, 000122.250, 157
Trd, 000122.417, 170
Trd, 000122.767, 153
Trd, 000123.267, 153
Trd, 000123.867, 163
Trd, 000124.217, 168
Trd, 000124.833, 168
Trd, 000125.933, 167
Trd, 000126.300, 173
Trd, 000126.633, 175
Trd, 000126.767, 178
Trd, 000127.000, 168
Trd, 000127.183, 167
Trd, 000128.517, 181
Trd, 000129.500, 172
Trd, 000129.650, 168
Trd, 000130.300, 169
Trd, 000130.367, 139
Trd, 000130.467, 172
Trd, 000131.900, 158
Trd, 000132.167, 155
Trd, 000133.033, 154
Trd, 000133.200, 153
Trd, 000133.433, 158
Trd, 000134.567, 163
Trd, 000134.650, 159
Trd, 000134.950, 171
Trd, 000135.733, 178
Trd, 000135.933, 182
Trd, 000136.650, 151
Trd, 000137.200, 169
Trd, 000138.483, 170
Trd, 000138.933, 165
Trd, 000139.600, 169
Trd, 000140.633, 166
Trd, 000140.667, 169
Trd, 000140.733, 164
Trd, 000140.967, 174
Trd, 000141.567, 140
Trd, 000142.567, 149
Trd, 000142.800, 160
Trd, 000142.967, 170
Trd, 000143.083, 138
Trd, 000143.300, 172
Trd, 000144.500, 163
Trd, 000145.667, 154
Trd, 000145.950, 154
Trd, 000145.983, 155
Trd, 000146.200, 154
Trd, 000147.183, 182
Trd, 000147.617, 172
Trd, 000147.800, 171
Trd, 000148.200, 170
Trd, 000149.233, 179
Trd, 000149.500, 152
Trd, 000149.767, 162
Trd, 000150.067, 139
Trd, 000150.483, 179
Trd, 000150.900, 156
Trd, 000152.033, 179
Trd, 000153.267, 168
Trd, 000153.933, 171
Trd, 000154.183, 168
Trd, 000154.867, 170
Trd, 000155.550, 168
Trd, 000156.000, 167
Trd, 000156.333, 168
Trd, 000156.450, 166
Trd, 000157.317, 157
Trd, 000158.017, 150
Trd, 000158.200, 152
Trd, 000158.917, 154
Trd, 000159.250, 157
Trd, 000159.617, 167
Trd, 000160.633, 171
Trd, 000161.900, 162
Trd, 000162.350, 159
Trd, 000162.583, 167
Trd, 000163.200, 167
Trd, 000164.317, 182
Trd, 000165.117, 178
Trd, 000165.133, 168
Trd, 000165.550, 174
Trd, 000165.700, 175
Trd, 000166.033, 161
Trd, 000166.567, 175
Trd, 000166.967, 170
Trd, 000167.267, 174
Trd, 000167.633, 141
Trd, 000168.183, 158
Trd, 000168.317, 146
Trd, 000169.800, 175
Trd, 000170.383, 174
Trd, 000170.717, 173
Trd, 000171.350, 171
Trd, 000173.333, 180
Trd, 000173.733, 175
Trd, 000173.983, 172
Trd, 000174.133, 154
Trd, 000174.950, 158
Trd, 000175.300, 163
Trd, 000177.117, 151
Trd, 000177.183, 157
Trd, 000177.400, 168
Trd, 000177.750, 169
Trd, 000177.950, 175
Trd, 000179.283, 170
Trd, 000180.017, 172
Trd, 000180.150, 157
Trd, 000180.750, 173
Trd, 000180.767, 183
Trd, 000180.817, 152
Trd, 000181.467, 162
Trd, 000182.583, 186
Trd, 000183.550, 176
Trd, 000184.067, 178
Trd, 000184.100, 174
Trd, 000184.750, 180
Trd, 000185.067, 191
Trd, 000185.950, 175
Trd, 000186.067, 176
Trd, 000187.317, 176
Trd, 000187.500, 175
Trd, 000187.667, 174
Trd, 000187.900, 171
Trd, 000188.833, 177
Trd, 000189.533, 170
Trd, 000190.367, 162
Trd, 000190.533, 144
Trd, 000191.233, 170
Trd, 000191.350, 172
Trd, 000191.500, 175
Trd, 000192.583, 153
Trd, 000193.217, 158
Trd, 000193.833, 158
Trd, 000194.950, 176
Trd, 000196.100, 174
Trd, 000196.183, 175
Trd, 000196.367, 179
Trd, 000197.550, 174
Trd, 000197.567, 178
Trd, 000197.800, 173
Trd, 000198.550, 174
Trd, 000199.417, 176
Trd, 000199.883, 175
Trd, 000199.967, 170
Trd, 000200.083, 177
Trd, 000200.250, 179
Trd, 000201.783, 175
Trd, 000201.883, 173
Trd, 000202.467, 171
Trd, 000202.600, 178
Trd, 000203.833, 165
Trd, 000204.117, 185
Trd, 000204.767, 171
Trd, 000205.200, 172
Trd, 000206.450, 185
Trd, 000206.550, 186
Trd, 000206.967, 179
Trd, 000208.183, 178
Trd, 000208.900, 178
Trd, 000209.767, 177
Trd, 000210.250, 176
Trd, 000210.433, 178
Trd, 000210.450, 176
Trd, 000210.533, 172
Trd, 000211.667, 176
Trd, 000211.783, 176
Trd, 000212.983, 176
Trd, 000213.617, 178
Trd, 000214.150, 179
Trd, 000214.500, 176
Trd, 000214.550, 176
Trd, 000214.933, 174
Trd, 000215.000, 172
Trd, 000215.317, 177
Trd, 000217.400, 150
Trd, 000218.100, 155
Trd, 000218.300, 146
Trd, 000218.517, 156
Trd, 000219.217, 177
Trd, 000219.967, 176
Trd, 000220.583, 173
Trd, 000220.650, 169
Trd, 000220.900, 179
Trd, 000221.317, 180
Trd, 000221.817, 180
Trd, 000222.083, 177
Trd, 000222.900, 178
Trd, 000223.300, 179
Trd, 000223.417, 180
Trd, 000223.483, 179
Trd, 000223.500, 178
Trd, 000224.467, 180
Trd, 000226.000, 176
Trd, 000226.250, 175
Trd, 000226.967, 176
Trd, 000227.550, 176
Trd, 000228.733, 178
Trd, 000228.883, 174
Trd, 000229.183, 179
Trd, 000229.900, 180
Trd, 000230.217, 175
Trd, 000232.083, 180
Trd, 000232.200, 178
Trd, 000232.383, 175
Trd, 000232.817, 181
Trd, 000233.717, 181
Trd, 000233.950, 180
Trd, 000234.183, 187
Trd, 000234.217, 180
Trd, 000234.417, 179
Trd, 000234.517, 157
Trd, 000235.167, 186
Trd, 000237.850, 180
Trd, 000238.467, 178
Trd, 000238.567, 178
Trd, 000240.133, 163
Trd, 000240.183, 164
Trd, 000240.267, 167
Trd, 000240.517, 169
Trd, 000240.650, 169
Trd, 000240.767, 173
Trd, 000240.867, 167
Trd, 000241.283, 175
Trd, 000241.683, 173
Trd, 000242.067, 177
Trd, 000242.083, 172
Trd, 000242.717, 175
Trd, 000242.800, 172
Trd, 000242.900, 185
Trd, 000242.933, 186
Trd, 000243.783, 178
Trd, 000244.250, 177
Trd, 000244.533, 176
Trd, 000244.700, 165
Trd, 000245.067, 169
Trd, 000245.883, 176
Trd, 000246.183, 180
Trd, 000246.500, 189
Trd, 000246.767, 194
Trd, 000246.983, 172
Trd, 000247.200, 176
Trd, 000247.617, 172
Trd, 000247.750, 163
Trd, 000248.850, 163
Trd, 000249.417, 166
Trd, 000249.633, 171
Trd, 000250.600, 175
Trd, 000250.667, 176
Trd, 000250.883, 178
Trd, 000251.300, 183
Trd, 000251.617, 180
Trd, 000251.650, 174
Trd, 000252.100, 180
Trd, 000252.433, 183
Trd, 000252.467, 187
Trd, 000253.700, 181
Trd, 000254.017, 180
Trd, 000254.367, 179
Trd, 000254.933, 180
Trd, 000254.983, 181
Trd, 000255.083, 185
Trd, 000255.400, 176
Trd, 000256.133, 180
Trd, 000256.183, 176
Trd, 000256.217, 173
Trd, 000257.417, 173
Trd, 000257.500, 176
Trd, 000258.283, 177
Trd, 000258.633, 176
Trd, 000258.767, 179
Trd, 000259.050, 187
Trd, 000260.500, 177
Trd, 000260.767, 176
Trd, 000261.517, 178
Trd, 000261.950, 175
Trd, 000262.200, 174
Trd, 000262.833, 182
Trd, 000262.983, 181
Trd, 000263.233, 175
Trd, 000263.867, 174
Trd, 000263.900, 182
Trd, 000263.917, 184
Trd, 000265.367, 182
Trd, 000265.417, 181
Trd, 000265.533, 181
Trd, 000265.867, 185
Trd, 000266.633, 182
Trd, 000266.767, 181
Trd, 000267.917, 186
Trd, 000267.933, 185
Trd, 000268.333, 182
Trd, 000268.633, 178
Trd, 000268.767, 185
Trd, 000270.400, 182
Trd, 000270.450, 172
Trd, 000270.550, 189
Trd, 000271.633, 185
Trd, 000271.750, 182
Trd, 000271.767, 192
Trd, 000272.350, 187
Trd, 000272.967, 191
Trd, 000273.050, 179
Trd, 000273.100, 175
Trd, 000273.633, 168
Trd, 000274.717, 183
Trd, 000275.250, 182
Trd, 000275.400, 180
Trd, 000275.567, 179
Trd, 000276.000, 182
Trd, 000276.117, 184
Trd, 000276.550, 187
Trd, 000276.700, 189
Trd, 000277.917, 183
Trd, 000277.983, 182
Trd, 000278.100, 176
Trd, 000278.317, 168
Trd, 000278.900, 170
Trd, 000279.267, 186
Trd, 000279.383, 179
Trd, 000279.517, 162
Trd, 000279.850, 184
Trd, 000280.600, 185
Trd, 000280.850, 184
Trd, 000281.750, 186
Trd, 000282.217, 186
Trd, 000282.467, 183
Trd, 000283.033, 185
Trd, 000283.083, 181
Trd, 000283.483, 179
Trd, 000284.300, 178
Trd, 000285.033, 183
Trd, 000285.300, 177
Trd, 000285.483, 186
Trd, 000285.917, 177
Trd, 000286.500, 184
Trd, 000286.517, 169
Trd, 000286.767, 191
Trd, 000286.883, 175
Trd, 000287.167, 164
Trd, 000287.633, 195
Trd, 000288.067, 177
Trd, 000288.117, 164
Trd, 000288.533, 163
Trd, 000288.950, 169
Trd, 000289.433, 162
Trd, 000289.700, 175
Trd, 000289.933, 177
Trd, 000290.767, 175
Trd, 000290.800, 177
Trd, 000291.267, 168
Trd, 000291.950, 173
Trd, 000292.283, 189
Trd, 000292.400, 181
Trd, 000292.567, 180
Trd, 000292.800, 181
Trd, 000292.983, 189
Trd, 000294.117, 186
Trd, 000294.483, 187
Trd, 000295.300, 185
Trd, 000295.483, 181
Trd, 000295.550, 187
Trd, 000296.500, 185
Trd, 000296.950, 180
Trd, 000297.317, 185
Trd, 000297.450, 191
Trd, 000297.567, 177
Trd, 000297.850, 180
Trd, 000298.417, 176
Trd, 000298.433, 171
Trd, 000298.550, 163
Trd, 000298.567, 178
Trd, 000299.750, 161
