Trd, 000001.500, 161
Trd, 000001.617, 162
Trd, 000002.917, 159
Trd, 000003.367, 141
Trd, 000003.983, 172
Trd, 000004.183, 172
Trd, 000004.900, 131
Trd, 000005.367, 148
Trd, 000006.100, 142
Trd, 000006.317, 157
Trd, 000006.833, 150
Trd, 000007.817, 158
Trd, 000008.050, 170
Trd, 000010.583, 176
Trd, 000010.983, 169
Trd, 000011.433, 164
Trd, 000011.917, 164
Trd, 000012.683, 160
Trd, 000013.783, 150
Trd, 000014.483, 149
Trd, 000015.567, 152
Trd, 000016.350, 133
Trd, 000016.850, 136
Trd, 000016.933, 135
Trd, 000017.200, 146
Trd, 000018.717, 142
Trd, 000018.750, 143
Trd, 000019.083, 153
Trd, 000020.517, 146
Trd, 000020.550, 146
Trd, 000020.733, 149
Trd, 000021.550, 150
Trd, 000021.583, 145
Trd, 000022.200, 147
Trd, 000022.333, 146
Trd, 000022.650, 143
Trd, 000022.667, 158
Trd, 000024.050, 151
Trd, 000024.533, 159
Trd, 000025.800, 155
Trd, 000026.383, 152
Trd, 000026.617, 149
Trd, 000027.750, 155
Trd, 000028.683, 154
Trd, 000029.850, 152
Trd, 000030.567, 154
Trd, 000030.600, 151
Trd, 000031.417, 154
Trd, 000031.467, 136
Trd, 000031.600, 154
Trd, 000031.967, 157
Trd, 000032.417, 153
Trd, 000032.583, 165
Trd, 000033.083, 151
Trd, 000033.117, 156
Trd, 000033.833, 158
Trd, 000035.700, 155
Trd, 000037.183, 153
Trd, 000037.950, 151
Trd, 000038.533, 154
Trd, 000039.583, 154
Trd, 000040.167, 152
Trd, 000040.450, 152
Trd, 000040.733, 151
Trd, 000040.967, 145
Trd, 000041.533, 154
Trd, 000041.750, 152
Trd, 000042.167, 150
Trd, 000043.667, 152
Trd, 000043.950, 153
Trd, 000045.133, 155
Trd, 000045.500, 155
Trd, 000045.517, 149
Trd, 000045.717, 156
Trd, 000048.167, 156
Trd, 000048.750, 151
Trd, 000050.183, 154
Trd, 000050.383, 153
Trd, 000050.517, 151
Trd, 000050.667, 150
Trd, 000050.983, 153
Trd, 000051.283, 154
Trd, 000051.567, 156
Trd, 000052.217, 160
Trd, 000052.417, 149
Trd, 000052.783, 163
Trd, 000053.583, 171
Trd, 000054.717, 159
Trd, 000055.333, 159
Trd, 000055.750, 157
Trd, 000055.983, 156
Trd, 000058.117, 155
Trd, 000058.183, 153
Trd, 000058.533, 153
Trd, 000058.750, 153
Trd, 000059.017, 154
Trd, 000059.083, 137
Trd, 000059.917, 140
Trd, 000059.983, 149
Trd, 000061.217, 157
Trd, 000061.750, 161
Trd, 000062.017, 158
Trd, 000062.517, 162
Trd, 000062.567, 157
Trd, 000062.750, 164
Trd, 000063.017, 167
Trd, 000064.417, 158
Trd, 000066.150, 161
Trd, 000067.583, 157
Trd, 000068.150, 156
Trd, 000068.617, 160
Trd, 000069.683, 159
Trd, 000070.733, 158
Trd, 000071.217, 155
Trd, 000071.467, 156
Trd, 000072.133, 148
Trd, 000072.517, 158
Trd, 000073.150, 157
Trd, 000073.950, 162
Trd, 000074.367, 155
Trd, 000074.617, 160
Trd, 000074.850, 161
Trd, 000074.867, 153
Trd, 000075.617, 159
Trd, 000076.883, 157
Trd, 000077.617, 158
Trd, 000078.367, 156
Trd, 000078.417, 154
Trd, 000078.800, 153
Trd, 000078.900, 159
Trd, 000079.067, 160
Trd, 000080.017, 159
Trd, 000080.283, 158
Trd, 000080.717, 156
Trd, 000081.283, 158
Trd, 000081.317, 156
Trd, 000081.367, 163
Trd, 000082.550, 155
Trd, 000082.783, 155
Trd, 000084.767, 157
Trd, 000084.967, 158
Trd, 000085.300, 157
Trd, 000085.683, 159
Trd, 000086.367, 157
Trd, 000087.083, 160
Trd, 000087.633, 161
Trd, 000088.250, 159
Trd, 000088.267, 164
Trd, 000089.367, 162
Trd, 000090.417, 157
Trd, 000090.667, 157
Trd, 000090.717, 140
Trd, 000091.700, 160
Trd, 000093.250, 160
Trd, 000093.700, 157
Trd, 000094.067, 160
Trd, 000094.183, 158
Trd, 000094.200, 159
Trd, 000094.400, 167
Trd, 000094.883, 157
Trd, 000095.050, 156
Trd, 000096.050, 159
Trd, 000097.433, 159
Trd, 000097.950, 162
Trd, 000099.467, 162
Trd, 000099.600, 165
Trd, 000099.750, 158
Trd, 000100.483, 159
Trd, 000101.267, 158
Trd, 000101.483, 157
Trd, 000102.233, 157
Trd, 000103.617, 159
Trd, 000103.867, 158
Trd, 000104.317, 161
Trd, 000105.633, 158
Trd, 000105.750, 155
Trd, 000105.917, 155
Trd, 000106.700, 157
Trd, 000107.333, 156
Trd, 000107.433, 160
Trd, 000107.767, 166
Trd, 000107.833, 151
Trd, 000107.983, 162
Trd, 000109.000, 159
Trd, 000109.367, 160
Trd, 000110.767, 158
Trd, 000110.833, 161
Trd, 000111.267, 169
Trd, 000112.067, 160
Trd, 000113.350, 162
Trd, 000113.983, 161
Trd, 000114.550, 162
Trd, 000115.067, 161
Trd, 000115.700, 160
Trd, 000115.967, 162
Trd, 000116.133, 165
Trd, 000116.950, 163
Trd, 000117.133, 164
Trd, 000118.100, 163
Trd, 000119.283, 163
Trd, 000119.333, 164
Trd, 000119.833, 162
Trd, 000120.400, 167
Trd, 000120.600, 161
Trd, 000121.367, 161
Trd, 000121.867, 163
Trd, 000121.883, 163
Trd, 000122.483, 165
Trd, 000122.917, 160
Trd, 000123.033, 160
Trd, 000123.950, 159
Trd, 000124.683, 160
Trd, 000125.267, 153
Trd, 000125.450, 148
Trd, 000125.850, 161
Trd, 000126.150, 167
Trd, 000127.283, 175
Trd, 000129.317, 163
Trd, 000129.850, 164
Trd, 000130.483, 161
Trd, 000132.733, 166
Trd, 000133.483, 166
Trd, 000133.833, 163
Trd, 000134.533, 164
Trd, 000134.750, 163
Trd, 000135.017, 168
Trd, 000135.517, 168
Trd, 000135.717, 162
Trd, 000135.783, 162
Trd, 000136.900, 169
Trd, 000136.917, 169
Trd, 000137.367, 162
Trd, 000137.633, 162
Trd, 000140.067, 167
Trd, 000140.250, 155
Trd, 000141.283, 162
Trd, 000141.883, 167
Trd, 000142.417, 161
Trd, 000142.817, 166
Trd, 000143.550, 161
Trd, 000144.983, 161
Trd, 000145.217, 165
Trd, 000145.517, 169
Trd, 000146.067, 160
Trd, 000146.383, 160
Trd, 000146.467, 165
Trd, 000147.417, 159
Trd, 000147.633, 166
Trd, 000148.600, 165
Trd, 000149.283, 166
Trd, 000150.000, 166
Trd, 000151.833, 163
Trd, 000152.050, 160
Trd, 000152.217, 169
Trd, 000153.867, 170
Trd, 000154.017, 165
Trd, 000154.050, 171
Trd, 000154.167, 164
Trd, 000154.517, 170
Trd, 000155.217, 175
Trd, 000155.417, 176
Trd, 000157.217, 166
Trd, 000157.333, 164
Trd, 000158.250, 171
Trd, 000158.950, 172
Trd, 000159.767, 167
Trd, 000160.167, 167
Trd, 000160.433, 173
Trd, 000160.567, 169
Trd, 000160.867, 172
Trd, 000162.117, 172
Trd, 000162.783, 171
Trd, 000163.350, 170
Trd, 000163.717, 167
Trd, 000163.750, 164
Trd, 000163.900, 169
Trd, 000164.067, 170
Trd, 000164.850, 172
Trd, 000165.167, 170
Trd, 000166.633, 172
Trd, 000166.933, 167
Trd, 000168.033, 165
Trd, 000168.767, 159
Trd, 000168.833, 168
Trd, 000169.517, 174
Trd, 000169.833, 172
Trd, 000170.117, 166
Trd, 000171.433, 172
Trd, 000172.517, 163
Trd, 000173.000, 165
Trd, 000174.217, 163
Trd, 000174.350, 161
Trd, 000174.633, 167
Trd, 000176.033, 167
Trd, 000177.600, 167
Trd, 000178.167, 168
Trd, 000178.200, 169
Trd, 000178.233, 170
Trd, 000179.067, 164
Trd, 000179.367, 164
Trd, 000180.750, 164
Trd, 000181.183, 159
Trd, 000181.700, 171
Trd, 000182.350, 166
Trd, 000182.533, 163
Trd, 000182.900, 169
Trd, 000183.350, 163
Trd, 000186.333, 169
Trd, 000187.183, 168
Trd, 000187.267, 167
Trd, 000187.767, 167
Trd, 000188.767, 168
Trd, 000188.900, 169
Trd, 000189.500, 168
Trd, 000189.567, 170
Trd, 000190.000, 169
Trd, 000190.117, 167
Trd, 000190.667, 169
Trd, 000192.350, 170
Trd, 000192.517, 170
Trd, 000193.017, 176
Trd, 000193.067, 177
Trd, 000194.100, 172
Trd, 000194.267, 170
Trd, 000194.617, 173
Trd, 000194.933, 170
Trd, 000196.500, 168
Trd, 000196.767, 167
Trd, 000197.717, 174
Trd, 000199.133, 167
Trd, 000199.483, 171
Trd, 000200.367, 168
Trd, 000201.050, 168
Trd, 000201.700, 170
Trd, 000201.900, 167
Trd, 000202.083, 170
Trd, 000203.017, 171
Trd, 000204.283, 171
Trd, 000204.917, 173
Trd, 000205.750, 168
Trd, 000206.217, 155
Trd, 000206.400, 160
Trd, 000206.417, 166
Trd, 000207.600, 174
Trd, 000208.417, 162
Trd, 000208.850, 171
Trd, 000210.400, 171
Trd, 000210.583, 169
Trd, 000211.117, 168
Trd, 000211.933, 171
Trd, 000212.300, 172
Trd, 000212.667, 175
Trd, 000212.800, 172
Trd, 000214.133, 171
Trd, 000214.833, 179
Trd, 000215.233, 177
Trd, 000215.583, 177
Trd, 000219.217, 174
Trd, 000219.233, 173
Trd, 000219.517, 171
Trd, 000220.283, 172
Trd, 000220.300, 175
Trd, 000220.817, 174
Trd, 000221.500, 172
Trd, 000221.600, 175
Trd, 000222.617, 176
Trd, 000223.367, 177
Trd, 000223.533, 176
Trd, 000224.550, 177
Trd, 000224.667, 174
Trd, 000224.800, 173
Trd, 000225.017, 173
Trd, 000225.200, 178
Trd, 000225.683, 173
Trd, 000226.417, 178
Trd, 000227.900, 175
Trd, 000228.067, 173
Trd, 000228.550, 177
Trd, 000230.900, 176
Trd, 000230.933, 177
Trd, 000231.017, 174
Trd, 000231.367, 178
Trd, 000231.567, 183
Trd, 000231.583, 173
Trd, 000233.500, 177
Trd, 000233.683, 178
Trd, 000233.750, 174
Trd, 000235.067, 174
Trd, 000235.583, 178
Trd, 000236.550, 172
Trd, 000237.117, 177
Trd, 000237.533, 177
Trd, 000237.683, 186
Trd, 000239.450, 177
Trd, 000239.817, 176
Trd, 000239.917, 175
Trd, 000240.383, 177
Trd, 000240.533, 178
Trd, 000240.800, 172
Trd, 000241.233, 165
Trd, 000241.633, 169
Trd, 000241.933, 167
Trd, 000241.983, 169
Trd, 000242.367, 170
Trd, 000243.550, 169
Trd, 000243.633, 171
Trd, 000243.717, 169
Trd, 000244.083, 175
Trd, 000244.133, 166
Trd, 000244.350, 179
Trd, 000245.733, 179
Trd, 000245.850, 176
Trd, 000246.267, 181
Trd, 000246.900, 179
Trd, 000247.117, 175
Trd, 000247.933, 178
Trd, 000248.300, 179
Trd, 000248.317, 182
Trd, 000248.550, 186
Trd, 000248.700, 176
Trd, 000249.550, 180
Trd, 000250.250, 177
Trd, 000250.417, 173
Trd, 000251.050, 178
Trd, 000251.333, 178
Trd, 000251.650, 178
Trd, 000252.750, 175
Trd, 000252.933, 175
Trd, 000253.050, 176
Trd, 000253.117, 175
Trd, 000254.367, 174
Trd, 000254.533, 174
Trd, 000254.733, 175
Trd, 000254.917, 176
Trd, 000256.000, 175
Trd, 000256.050, 174
Trd, 000256.083, 176
Trd, 000256.333, 176
Trd, 000256.433, 180
Trd, 000256.700, 179
Trd, 000256.850, 178
Trd, 000257.067, 173
Trd, 000257.317, 170
Trd, 000257.483, 181
Trd, 000257.517, 166
Trd, 000258.150, 163
Trd, 000258.200, 167
Trd, 000259.200, 169
Trd, 000259.833, 173
Trd, 000260.800, 178
Trd, 000261.100, 171
Trd, 000261.367, 170
Trd, 000261.767, 171
Trd, 000262.117, 173
Trd, 000262.267, 174
Trd, 000263.400, 176
Trd, 000264.567, 171
Trd, 000264.867, 169
Trd, 000265.117, 173
Trd, 000265.650, 173
Trd, 000266.333, 177
Trd, 000266.350, 175
Trd, 000267.067, 182
Trd, 000267.233, 182
Trd, 000267.617, 176
Trd, 000267.683, 175
Trd, 000268.333, 171
Trd, 000268.750, 176
Trd, 000269.117, 173
Trd, 000269.950, 176
Trd, 000270.050, 175
Trd, 000270.117, 177
Trd, 000270.217, 171
Trd, 000270.867, 180
Trd, 000271.233, 178
Trd, 000271.467, 176
Trd, 000271.583, 180
Trd, 000271.933, 180
Trd, 000272.167, 185
Trd, 000272.433, 189
Trd, 000272.850, 183
Trd, 000272.900, 175
Trd, 000273.250, 180
Trd, 000273.283, 174
Trd, 000274.450, 174
Trd, 000274.467, 180
Trd, 000274.717, 174
Trd, 000274.867, 175
Trd, 000275.667, 174
Trd, 000276.533, 166
Trd, 000276.550, 177
Trd, 000276.983, 171
Trd, 000278.533, 173
Trd, 000278.817, 178
Trd, 000279.283, 172
Trd, 000279.683, 190
Trd, 000279.867, 172
Trd, 000279.933, 194
Trd, 000280.383, 177
Trd, 000280.917, 183
Trd, 000281.150, 179
Trd, 000281.867, 176
Trd, 000282.250, 189
Trd, 000282.633, 171
Trd, 000282.667, 180
Trd, 000283.050, 178
Trd, 000283.433, 169
Trd, 000283.933, 176
Trd, 000284.650, 175
Trd, 000284.867, 171
Trd, 000285.617, 170
Trd, 000286.050, 162
Trd, 000286.083, 154
Trd, 000286.133, 173
Trd, 000286.183, 174
Trd, 000286.717, 175
Trd, 000287.267, 170
Trd, 000287.367, 169
Trd, 000287.600, 179
Trd, 000287.683, 179
Trd, 000288.183, 170
Trd, 000288.283, 177
Trd, 000288.917, 178
Trd, 000289.583, 169
Trd, 000289.700, 183
Trd, 000289.883, 184
Trd, 000290.017, 167
Trd, 000290.650, 180
Trd, 000290.733, 170
Trd, 000290.933, 165
Trd, 000292.267, 185
Trd, 000292.283, 169
Trd, 000292.467, 167
Trd, 000292.733, 184
Trd, 000292.783, 179
Trd, 000293.383, 180
Trd, 000293.983, 186
Trd, 000294.133, 177
Trd, 000294.950, 177
Trd, 000295.367, 184
Trd, 000295.583, 185
Trd, 000295.933, 191
Trd, 000296.583, 181
Trd, 000297.300, 179
Trd, 000297.683, 188
Trd, 000297.833, 189
Trd, 000298.550, 180
Trd, 000298.617, 161
Trd, 000299.467, 183
Trd, 000299.617, 176
Trd, 000299.883, 185
Trd, 000299.950, 176
Trd, 000299.967, 186
