Trd, 000002.433, 165
Trd, 000002.717, 164
Trd, 000002.750, 151
Trd, 000003.833, 167
Trd, 000003.983, 152
Trd, 000004.750, 168
Trd, 000005.467, 158
Trd, 000005.950, 161
Trd, 000006.033, 162
Trd, 000006.667, 161
Trd, 000006.683, 159
Trd, 000006.900, 161
Trd, 000007.700, 164
Trd, 000007.983, 162
Trd, 000008.250, 160
Trd, 000008.800, 160
Trd, 000009.717, 164
Trd, 000010.550, 159
Trd, 000011.350, 161
Trd, 000011.417, 162
Trd, 000012.583, 163
Trd, 000013.083, 163
Trd, 000013.600, 166
Trd, 000014.000, 165
Trd, 000014.767, 164
Trd, 000015.367, 164
Trd, 000016.000, 164
Trd, 000016.700, 164
Trd, 000016.717, 163
Trd, 000016.933, 166
Trd, 000017.417, 162
Trd, 000017.450, 168
Trd, 000017.550, 162
Trd, 000019.800, 164
Trd, 000020.667, 164
Trd, 000020.683, 163
Trd, 000020.967, 164
Trd, 000021.233, 162
Trd, 000021.433, 164
Trd, 000021.483, 153
Trd, 000021.900, 146
Trd, 000022.717, 167
Trd, 000023.633, 162
Trd, 000025.133, 163
Trd, 000025.583, 163
Trd, 000026.400, 162
Trd, 000027.400, 162
Trd, 000027.917, 161
Trd, 000028.050, 165
Trd, 000028.333, 164
Trd, 000028.900, 165
Trd, 000029.217, 163
Trd, 000031.967, 167
Trd, 000032.650, 167
Trd, 000032.850, 168
Trd, 000033.933, 167
Trd, 000034.300, 175
Trd, 000034.983, 168
Trd, 000035.100, 168
Trd, 000035.133, 167
Trd, 000035.217, 166
Trd, 000036.250, 165
Trd, 000036.950, 169
Trd, 000037.117, 168
Trd, 000037.217, 169
Trd, 000037.467, 168
Trd, 000038.017, 166
Trd, 000038.733, 165
Trd, 000038.883, 164
Trd, 000039.567, 164
Trd, 000040.650, 168
Trd, 000041.617, 168
Trd, 000042.400, 168
Trd, 000042.933, 167
Trd, 000042.983, 155
Trd, 000043.100, 147
Trd, 000043.250, 168
Trd, 000043.617, 164
Trd, 000045.450, 158
Trd, 000045.733, 166
Trd, 000046.017, 167
Trd, 000046.783, 158
Trd, 000047.517, 156
Trd, 000047.817, 167
Trd, 000049.033, 162
Trd, 000049.217, 168
Trd, 000050.250, 167
Trd, 000050.817, 162
Trd, 000051.250, 161
Trd, 000052.667, 163
Trd, 000053.367, 164
Trd, 000053.417, 165
Trd, 000053.967, 163
Trd, 000054.633, 165
Trd, 000055.350, 164
Trd, 000056.167, 165
Trd, 000056.933, 166
Trd, 000057.233, 165
Trd, 000057.483, 164
Trd, 000057.850, 167
Trd, 000058.450, 163
Trd, 000058.750, 164
Trd, 000059.167, 168
Trd, 000059.333, 169
Trd, 000060.733, 169
Trd, 000061.233, 165
Trd, 000061.650, 169
Trd, 000062.917, 167
Trd, 000063.000, 166
Trd, 000063.750, 169
Trd, 000063.833, 166
Trd, 000063.983, 166
Trd, 000064.350, 170
Trd, 000065.367, 171
Trd, 000066.683, 166
Trd, 000066.967, 165
Trd, 000068.150, 169
Trd, 000069.217, 160
Trd, 000069.933, 162
Trd, 000070.000, 159
Trd, 000070.100, 163
Trd, 000070.217, 169
Trd, 000071.550, 164
Trd, 000072.283, 163
Trd, 000072.400, 166
Trd, 000072.617, 163
Trd, 000072.883, 161
Trd, 000073.850, 165
Trd, 000074.367, 163
Trd, 000074.533, 165
Trd, 000074.983, 162
Trd, 000075.867, 167
Trd, 000076.467, 172
Trd, 000077.300, 172
Trd, 000077.350, 178
Trd, 000077.733, 172
Trd, 000078.300, 175
Trd, 000078.400, 178
Trd, 000078.700, 171
Trd, 000079.067, 168
Trd, 000081.567, 161
Trd, 000081.800, 160
Trd, 000082.183, 161
Trd, 000082.717, 160
Trd, 000084.033, 162
Trd, 000084.667, 161
Trd, 000085.200, 159
Trd, 000085.300, 164
Trd, 000086.650, 166
Trd, 000087.417, 162
Trd, 000088.083, 169
Trd, 000088.600, 169
Trd, 000088.733, 168
Trd, 000090.167, 168
Trd, 000090.367, 170
Trd, 000090.533, 167
Trd, 000091.433, 168
Trd, 000091.583, 165
Trd, 000091.883, 169
Trd, 000093.850, 165
Trd, 000094.117, 165
Trd, 000094.683, 167
Trd, 000095.233, 167
Trd, 000095.667, 166
Trd, 000096.150, 165
Trd, 000096.467, 167
Trd, 000098.100, 166
Trd, 000099.583, 168
Trd, 000099.850, 168
Trd, 000100.117, 169
Trd, 000100.183, 169
Trd, 000100.483, 167
Trd, 000101.217, 169
Trd, 000102.167, 169
Trd, 000102.350, 172
Trd, 000102.467, 177
Trd, 000103.450, 172
Trd, 000105.567, 175
Trd, 000106.183, 171
Trd, 000106.267, 174
Trd, 000108.350, 175
Trd, 000108.617, 176
Trd, 000109.600, 176
Trd, 000109.950, 174
Trd, 000110.783, 173
Trd, 000111.083, 175
Trd, 000112.117, 176
Trd, 000112.667, 177
Trd, 000112.750, 176
Trd, 000113.117, 166
Trd, 000114.500, 177
Trd, 000115.400, 175
Trd, 000116.183, 177
Trd, 000116.483, 179
Trd, 000117.283, 176
Trd, 000117.350, 176
Trd, 000118.267, 176
Trd, 000118.900, 163
Trd, 000119.650, 173
Trd, 000119.917, 177
Trd, 000120.750, 156
Trd, 000121.033, 168
Trd, 000121.317, 169
Trd, 000122.450, 169
Trd, 000122.733, 163
Trd, 000123.250, 159
Trd, 000123.333, 155
Trd, 000123.417, 167
Trd, 000124.000, 167
Trd, 000125.067, 174
Trd, 000125.367, 177
Trd, 000125.417, 176
Trd, 000127.433, 177
Trd, 000127.800, 175
Trd, 000128.083, 176
Trd, 000128.100, 180
Trd, 000128.750, 176
Trd, 000130.000, 178
Trd, 000130.033, 180
Trd, 000130.233, 178
Trd, 000130.900, 177
Trd, 000130.933, 176
Trd, 000131.200, 164
Trd, 000131.300, 143
Trd, 000132.500, 159
Trd, 000132.667, 166
Trd, 000133.367, 156
Trd, 000134.700, 157
Trd, 000134.883, 160
Trd, 000134.967, 178
Trd, 000135.933, 180
Trd, 000136.950, 181
Trd, 000137.250, 183
Trd, 000137.650, 177
Trd, 000137.867, 186
Trd, 000139.700, 182
Trd, 000139.717, 182
Trd, 000141.033, 182
Trd, 000141.433, 184
Trd, 000141.983, 179
Trd, 000142.000, 165
Trd, 000142.283, 162
Trd, 000142.933, 173
Trd, 000143.000, 156
Trd, 000145.300, 163
Trd, 000146.250, 164
Trd, 000147.233, 166
Trd, 000147.283, 166
Trd, 000147.300, 173
Trd, 000147.767, 169
Trd, 000148.317, 174
Trd, 000149.133, 179
Trd, 000149.217, 178
Trd, 000149.900, 174
Trd, 000151.817, 177
Trd, 000151.833, 179
Trd, 000152.900, 180
Trd, 000153.000, 174
Trd, 000154.200, 174
Trd, 000154.600, 173
Trd, 000154.717, 173
Trd, 000154.933, 172
Trd, 000155.233, 174
Trd, 000155.750, 173
Trd, 000156.450, 174
Trd, 000156.900, 177
Trd, 000158.050, 179
Trd, 000158.083, 177
Trd, 000160.133, 178
Trd, 000160.400, 175
Trd, 000160.850, 180
Trd, 000161.050, 180
Trd, 000162.683, 178
Trd, 000162.850, 177
Trd, 000162.883, 180
Trd, 000163.150, 178
Trd, 000164.300, 177
Trd, 000164.617, 167
Trd, 000164.667, 178
Trd, 000165.183, 178
Trd, 000165.350, 178
Trd, 000166.233, 174
Trd, 000166.283, 173
Trd, 000167.100, 180
Trd, 000168.817, 173
Trd, 000169.100, 180
Trd, 000169.783, 177
Trd, 000169.950, 180
Trd, 000170.933, 180
Trd, 000172.533, 182
Trd, 000173.100, 181
Trd, 000173.133, 179
Trd, 000175.283, 179
Trd, 000175.400, 178
Trd, 000176.267, 179
Trd, 000176.433, 181
Trd, 000176.883, 182
Trd, 000177.000, 180
Trd, 000177.050, 183
Trd, 000177.133, 178
Trd, 000177.900, 178
Trd, 000178.867, 177
Trd, 000178.983, 182
Trd, 000179.850, 182
Trd, 000179.967, 174
Trd, 000180.300, 160
Trd, 000180.317, 173
Trd, 000180.950, 160
Trd, 000181.050, 169
Trd, 000181.983, 170
Trd, 000182.367, 171
Trd, 000183.517, 174
Trd, 000184.533, 180
Trd, 000184.717, 178
Trd, 000184.733, 170
Trd, 000185.733, 172
Trd, 000186.050, 170
Trd, 000187.950, 179
Trd, 000188.333, 179
Trd, 000190.083, 184
Trd, 000190.950, 178
Trd, 000191.600, 178
Trd, 000192.217, 180
Trd, 000192.567, 181
Trd, 000192.917, 177
Trd, 000193.100, 178
Trd, 000193.933, 184
Trd, 000194.567, 180
Trd, 000194.800, 181
Trd, 000195.167, 181
Trd, 000195.433, 179
Trd, 000195.467, 178
Trd, 000196.417, 176
Trd, 000197.117, 182
Trd, 000197.250, 171
Trd, 000197.533, 171
Trd, 000198.567, 179
Trd, 000198.833, 185
Trd, 000200.267, 176
Trd, 000200.567, 176
Trd, 000201.300, 178
Trd, 000201.517, 176
Trd, 000202.683, 185
Trd, 000204.083, 177
Trd, 000204.417, 177
Trd, 000205.167, 179
Trd, 000205.533, 179
Trd, 000206.033, 179
Trd, 000206.733, 179
Trd, 000206.983, 185
Trd, 000207.000, 192
Trd, 000207.300, 177
Trd, 000207.567, 189
Trd, 000208.550, 196
Trd, 000210.417, 182
Trd, 000211.683, 183
Trd, 000211.900, 184
Trd, 000212.567, 183
Trd, 000212.583, 181
Trd, 000213.150, 185
Trd, 000214.033, 183
Trd, 000214.300, 181
Trd, 000214.417, 186
Trd, 000214.967, 185
Trd, 000215.733, 181
Trd, 000216.467, 186
Trd, 000216.600, 181
Trd, 000217.917, 182
Trd, 000219.350, 183
Trd, 000219.650, 182
Trd, 000219.667, 186
Trd, 000219.867, 182
Trd, 000220.233, 181
Trd, 000220.383, 182
Trd, 000222.233, 185
Trd, 000222.367, 187
Trd, 000222.667, 194
Trd, 000222.900, 183
Trd, 000223.217, 195
Trd, 000224.350, 188
Trd, 000225.083, 191
Trd, 000225.867, 188
Trd, 000227.083, 186
Trd, 000227.417, 178
Trd, 000227.850, 185
Trd, 000228.850, 179
Trd, 000228.867, 178
Trd, 000228.933, 183
Trd, 000231.117, 178
Trd, 000231.217, 179
Trd, 000231.833, 174
Trd, 000232.067, 184
Trd, 000232.450, 167
Trd, 000232.583, 166
Trd, 000232.650, 164
Trd, 000233.000, 185
Trd, 000233.500, 186
Trd, 000234.500, 184
Trd, 000235.750, 187
Trd, 000236.117, 188
Trd, 000236.517, 186
Trd, 000236.650, 183
Trd, 000237.300, 183
Trd, 000237.700, 185
Trd, 000237.800, 187
Trd, 000239.417, 185
Trd, 000239.733, 186
Trd, 000240.133, 181
Trd, 000240.300, 183
Trd, 000240.850, 180
Trd, 000241.100, 175
Trd, 000241.200, 177
Trd, 000242.050, 175
Trd, 000242.850, 172
Trd, 000243.300, 173
Trd, 000244.317, 174
Trd, 000244.350, 173
Trd, 000245.383, 177
Trd, 000245.650, 177
Trd, 000246.267, 176
Trd, 000246.883, 177
Trd, 000246.983, 179
Trd, 000247.767, 180
Trd, 000248.217, 177
Trd, 000248.417, 178
Trd, 000248.433, 176
Trd, 000249.467, 172
Trd, 000249.667, 175
Trd, 000249.783, 174
Trd, 000250.133, 168
Trd, 000250.267, 173
Trd, 000251.433, 171
Trd, 000252.267, 171
Trd, 000252.433, 172
Trd, 000252.867, 173
Trd, 000253.550, 174
Trd, 000253.700, 174
Trd, 000253.717, 172
Trd, 000254.083, 177
Trd, 000254.950, 179
Trd, 000255.883, 179
Trd, 000256.150, 175
Trd, 000256.367, 180
Trd, 000256.583, 185
Trd, 000256.750, 187
Trd, 000256.950, 181
Trd, 000257.983, 183
Trd, 000258.150, 183
Trd, 000258.450, 191
Trd, 000258.950, 184
Trd, 000259.383, 184
Trd, 000259.600, 186
Trd, 000260.267, 184
Trd, 000261.200, 186
Trd, 000261.450, 183
Trd, 000262.700, 186
Trd, 000262.750, 187
Trd, 000262.883, 184
Trd, 000263.117, 186
Trd, 000263.200, 184
Trd, 000263.983, 187
Trd, 000264.900, 188
Trd, 000264.983, 186
Trd, 000265.600, 186
Trd, 000266.217, 187
Trd, 000266.500, 185
Trd, 000266.883, 186
Trd, 000266.900, 184
Trd, 000267.567, 182
Trd, 000267.967, 182
Trd, 000269.133, 182
Trd, 000269.617, 182
Trd, 000269.667, 181
Trd, 000270.383, 182
Trd, 000270.417, 179
Trd, 000270.483, 183
Trd, 000271.450, 183
Trd, 000271.983, 183
Trd, 000272.150, 178
Trd, 000272.817, 183
Trd, 000273.000, 170
Trd, 000274.217, 184
Trd, 000274.633, 182
Trd, 000275.067, 181
Trd, 000276.400, 180
Trd, 000276.617, 181
Trd, 000277.050, 187
Trd, 000277.333, 179
Trd, 000277.383, 179
Trd, 000278.583, 181
Trd, 000278.833, 189
Trd, 000279.700, 183
Trd, 000279.917, 183
Trd, 000279.967, 182
Trd, 000280.000, 189
Trd, 000280.200, 182
Trd, 000280.267, 179
Trd, 000280.983, 178
Trd, 000281.083, 178
Trd, 000281.983, 183
Trd, 000282.000, 175
Trd, 000282.150, 189
Trd, 000282.700, 174
Trd, 000283.250, 191
Trd, 000284.450, 180
Trd, 000284.667, 178
Trd, 000284.867, 190
Trd, 000285.100, 176
Trd, 000285.367, 171
Trd, 000286.050, 178
Trd, 000286.883, 177
Trd, 000287.050, 189
Trd, 000287.083, 176
Trd, 000287.350, 178
Trd, 000287.467, 165
Trd, 000288.767, 189
Trd, 000288.933, 187
Trd, 000289.583, 189
Trd, 000289.967, 190
Trd, 000290.300, 189
Trd, 000290.567, 188
Trd, 000291.017, 189
Trd, 000291.250, 192
Trd, 000291.950, 188
Trd, 000292.600, 189
Trd, 000292.950, 189
Trd, 000292.983, 192
Trd, 000293.400, 190
Trd, 000294.267, 187
Trd, 000295.300, 193
Trd, 000295.483, 189
Trd, 000295.600, 194
Trd, 000295.750, 187
Trd, 000296.000, 180
Trd, 000296.750, 186
Trd, 000296.817, 184
Trd, 000297.050, 193
Trd, 000297.683, 173
Trd, 000297.950, 178
Trd, 000298.883, 195
Trd, 000299.233, 184
Trd, 000299.983, 188
