Trd, 000001.250, 168
Trd, 000001.900, 144
Trd, 000002.167, 167
Trd, 000002.350, 141
Trd, 000004.167, 143
Trd, 000004.483, 155
Trd, 000004.517, 141
Trd, 000005.367, 132
Trd, 000005.683, 152
Trd, 000006.067, 153
Trd, 000006.150, 155
Trd, 000006.167, 168
Trd, 000006.433, 136
Trd, 000006.467, 137
Trd, 000007.200, 156
Trd, 000008.317, 142
Trd, 000009.017, 146
Trd, 000009.583, 144
Trd, 000009.917, 151
Trd, 000011.433, 144
Trd, 000011.533, 151
Trd, 000011.833, 155
Trd, 000012.133, 156
Trd, 000013.833, 169
Trd, 000013.850, 144
Trd, 000014.300, 176
Trd, 000014.417, 154
Trd, 000016.267, 149
Trd, 000016.683, 148
Trd, 000016.800, 152
Trd, 000016.833, 153
Trd, 000017.083, 158
Trd, 000017.850, 148
Trd, 000018.000, 148
Trd, 000018.133, 158
Trd, 000018.967, 157
Trd, 000019.017, 150
Trd, 000019.167, 169
Trd, 000020.500, 154
Trd, 000021.317, 156
Trd, 000021.717, 157
Trd, 000022.467, 157
Trd, 000022.817, 154
Trd, 000022.933, 152
Trd, 000023.517, 157
Trd, 000023.767, 146
Trd, 000023.833, 143
Trd, 000025.800, 155
Trd, 000026.167, 157
Trd, 000026.550, 158
Trd, 000027.033, 147
Trd, 000027.567, 156
Trd, 000028.300, 156
Trd, 000028.667, 146
Trd, 000029.683, 151
Trd, 000029.700, 150
Trd, 000029.750, 156
Trd, 000031.650, 151
Trd, 000032.383, 150
Trd, 000032.417, 147
Trd, 000032.650, 144
Trd, 000032.883, 151
Trd, 000032.933, 137
Trd, 000033.850, 146
Trd, 000034.417, 148
Trd, 000035.033, 148
Trd, 000035.433, 145
Trd, 000035.717, 151
Trd, 000035.917, 152
Trd, 000036.100, 158
Trd, 000037.883, 167
Trd, 000038.383, 155
Trd, 000039.067, 170
Trd, 000039.083, 179
Trd, 000039.750, 166
Trd, 000040.367, 157
Trd, 000040.533, 157
Trd, 000040.550, 163
Trd, 000040.650, 155
Trd, 000040.767, 149
Trd, 000040.950, 163
Trd, 000041.183, 164
Trd, 000041.417, 145
Trd, 000043.500, 164
Trd, 000043.817, 180
Trd, 000044.067, 158
Trd, 000044.450, 163
Trd, 000045.433, 159
Trd, 000046.717, 158
Trd, 000047.117, 159
Trd, 000047.300, 163
Trd, 000048.000, 160
Trd, 000048.883, 178
Trd, 000048.933, 180
Trd, 000049.567, 166
Trd, 000050.050, 188
Trd, 000050.517, 158
Trd, 000050.983, 155
Trd, 000051.533, 147
Trd, 000052.583, 168
Trd, 000052.633, 152
Trd, 000053.150, 156
Trd, 000053.283, 168
Trd, 000053.617, 169
Trd, 000053.933, 156
Trd, 000054.050, 170
Trd, 000054.717, 155
Trd, 000056.150, 146
Trd, 000056.217, 139
Trd, 000056.800, 136
Trd, 000056.950, 159
Trd, 000057.483, 156
Trd, 000059.300, 159
Trd, 000059.533, 153
Trd, 000059.783, 151
Trd, 000059.867, 150
Trd, 000060.133, 150
Trd, 000060.500, 157
Trd, 000060.800, 160
Trd, 000061.017, 161
Trd, 000061.050, 172
Trd, 000063.567, 159
Trd, 000063.900, 165
Trd, 000064.717, 161
Trd, 000065.083, 160
Trd, 000065.417, 161
Trd, 000065.717, 160
Trd, 000066.150, 161
Trd, 000066.533, 162
Trd, 000067.017, 162
Trd, 000067.300, 161
Trd, 000067.417, 174
Trd, 000067.883, 160
Trd, 000068.267, 157
Trd, 000068.533, 137
Trd, 000069.267, 166
Trd, 000070.517, 168
Trd, 000070.600, 167
Trd, 000070.650, 175
Trd, 000071.483, 160
Trd, 000071.800, 168
Trd, 000073.117, 161
Trd, 000073.183, 163
Trd, 000074.783, 159
Trd, 000074.850, 162
Trd, 000075.183, 157
Trd, 000076.367, 160
Trd, 000076.633, 162
Trd, 000077.383, 157
Trd, 000078.450, 161
Trd, 000078.833, 163
Trd, 000078.983, 162
Trd, 000079.283, 181
Trd, 000080.100, 173
Trd, 000080.283, 162
Trd, 000080.917, 163
Trd, 000080.983, 158
Trd, 000081.800, 169
Trd, 000082.133, 144
Trd, 000082.150, 149
Trd, 000083.167, 162
Trd, 000083.300, 168
Trd, 000083.750, 169
Trd, 000084.217, 177
Trd, 000085.067, 159
Trd, 000085.233, 155
Trd, 000085.417, 149
Trd, 000086.933, 176
Trd, 000087.550, 157
Trd, 000088.233, 152
Trd, 000088.400, 174
Trd, 000088.417, 154
Trd, 000088.733, 150
Trd, 000089.700, 157
Trd, 000091.217, 160
Trd, 000091.233, 162
Trd, 000092.033, 162
Trd, 000092.633, 164
Trd, 000093.533, 163
Trd, 000094.450, 159
Trd, 000094.800, 159
Trd, 000095.217, 161
Trd, 000095.750, 160
Trd, 000095.950, 162
Trd, 000096.017, 158
Trd, 000096.733, 153
Trd, 000097.183, 162
Trd, 000097.233, 144
Trd, 000098.383, 155
Trd, 000098.417, 156
Trd, 000098.800, 154
Trd, 000099.200, 156
Trd, 000099.733, 158
Trd, 000099.833, 160
Trd, 000100.683, 155
Trd, 000102.667, 157
Trd, 000103.883, 158
Trd, 000104.167, 158
Trd, 000104.333, 158
Trd, 000104.550, 154
Trd, 000104.917, 158
Trd, 000104.983, 154
Trd, 000105.267, 156
Trd, 000105.633, 155
Trd, 000105.900, 165
Trd, 000106.333, 178
Trd, 000106.450, 171
Trd, 000107.200, 154
Trd, 000108.117, 164
Trd, 000109.200, 154
Trd, 000110.367, 164
Trd, 000110.450, 153
Trd, 000110.550, 166
Trd, 000111.183, 179
Trd, 000111.317, 161
Trd, 000112.267, 180
Trd, 000112.933, 179
Trd, 000113.383, 173
Trd, 000113.933, 155
Trd, 000115.100, 157
Trd, 000115.417, 158
Trd, 000115.800, 159
Trd, 000116.217, 159
Trd, 000116.750, 159
Trd, 000117.383, 160
Trd, 000117.700, 167
Trd, 000117.883, 155
Trd, 000118.700, 153
Trd, 000118.983, 147
Trd, 000119.467, 175
Trd, 000119.933, 175
Trd, 000120.267, 165
Trd, 000120.317, 166
Trd, 000121.600, 164
Trd, 000121.617, 159
Trd, 000122.500, 161
Trd, 000123.617, 165
Trd, 000124.533, 161
Trd, 000124.667, 156
Trd, 000124.933, 153
Trd, 000125.083, 165
Trd, 000126.150, 157
Trd, 000126.583, 163
Trd, 000126.967, 159
Trd, 000127.200, 160
Trd, 000127.467, 179
Trd, 000128.333, 163
Trd, 000128.917, 172
Trd, 000129.617, 167
Trd, 000129.817, 163
Trd, 000130.050, 157
Trd, 000131.017, 168
Trd, 000131.217, 173
Trd, 000132.767, 169
Trd, 000132.783, 161
Trd, 000133.400, 169
Trd, 000134.600, 178
Trd, 000134.650, 181
Trd, 000134.783, 174
Trd, 000135.100, 157
Trd, 000135.683, 168
Trd, 000136.533, 167
Trd, 000136.950, 171
Trd, 000137.717, 170
Trd, 000138.583, 169
Trd, 000138.850, 166
Trd, 000139.800, 168
Trd, 000140.283, 166
Trd, 000140.367, 168
Trd, 000140.633, 164
Trd, 000141.133, 168
Trd, 000141.150, 158
Trd, 000141.867, 169
Trd, 000142.850, 167
Trd, 000143.117, 174
Trd, 000143.817, 162
Trd, 000145.217, 167
Trd, 000145.283, 172
Trd, 000145.933, 164
Trd, 000146.117, 163
Trd, 000146.367, 165
Trd, 000146.750, 158
Trd, 000147.217, 159
Trd, 000147.533, 155
Trd, 000147.950, 167
Trd, 000148.117, 158
Trd, 000148.567, 168
Trd, 000148.850, 170
Trd, 000148.917, 158
Trd, 000150.567, 159
Trd, 000151.333, 165
Trd, 000151.717, 159
Trd, 000152.033, 164
Trd, 000152.500, 149
Trd, 000152.667, 165
Trd, 000153.383, 158
Trd, 000153.967, 158
Trd, 000154.500, 157
Trd, 000154.533, 156
Trd, 000155.017, 155
Trd, 000155.433, 163
Trd, 000156.267, 162
Trd, 000156.367, 170
Trd, 000156.500, 182
Trd, 000157.900, 183
Trd, 000159.550, 190
Trd, 000159.650, 190
Trd, 000159.933, 191
Trd, 000160.033, 181
Trd, 000161.150, 171
Trd, 000161.650, 173
Trd, 000161.683, 170
Trd, 000161.900, 164
Trd, 000162.250, 167
Trd, 000162.417, 160
Trd, 000162.550, 157
Trd, 000162.917, 164
Trd, 000163.750, 165
Trd, 000164.283, 164
Trd, 000165.133, 163
Trd, 000165.367, 169
Trd, 000166.167, 161
Trd, 000166.350, 161
Trd, 000168.267, 167
Trd, 000168.867, 168
Trd, 000169.417, 161
Trd, 000169.517, 161
Trd, 000170.667, 167
Trd, 000171.100, 165
Trd, 000171.133, 167
Trd, 000171.467, 168
Trd, 000171.900, 162
Trd, 000172.367, 168
Trd, 000172.867, 168
Trd, 000173.167, 163
Trd, 000173.417, 167
Trd, 000173.517, 166
Trd, 000173.950, 166
Trd, 000174.383, 164
Trd, 000174.517, 162
Trd, 000175.117, 161
Trd, 000177.933, 166
Trd, 000178.433, 167
Trd, 000178.817, 169
Trd, 000178.933, 165
Trd, 000179.317, 171
Trd, 000180.167, 162
Trd, 000180.617, 173
Trd, 000180.800, 186
Trd, 000181.167, 163
Trd, 000182.033, 171
Trd, 000182.367, 176
Trd, 000183.983, 187
Trd, 000184.550, 186
Trd, 000185.083, 180
Trd, 000185.633, 173
Trd, 000185.983, 180
Trd, 000186.550, 172
Trd, 000186.667, 168
Trd, 000187.267, 178
Trd, 000187.417, 177
Trd, 000188.017, 175
Trd, 000188.833, 174
Trd, 000190.033, 167
Trd, 000190.933, 169
Trd, 000191.017, 171
Trd, 000191.783, 172
Trd, 000192.150, 174
Trd, 000192.183, 168
Trd, 000192.267, 166
Trd, 000192.633, 176
Trd, 000192.783, 187
Trd, 000193.050, 188
Trd, 000195.217, 178
Trd, 000196.383, 181
Trd, 000197.400, 177
Trd, 000197.450, 174
Trd, 000197.550, 178
Trd, 000197.567, 170
Trd, 000197.767, 163
Trd, 000198.083, 174
Trd, 000198.483, 178
Trd, 000198.633, 188
Trd, 000198.800, 174
Trd, 000199.317, 188
Trd, 000199.767, 193
Trd, 000201.200, 184
Trd, 000201.767, 185
Trd, 000202.717, 192
Trd, 000202.800, 181
Trd, 000202.917, 173
Trd, 000203.450, 182
Trd, 000204.183, 184
Trd, 000204.450, 179
Trd, 000204.867, 169
Trd, 000205.183, 164
Trd, 000205.717, 161
Trd, 000205.733, 154
Trd, 000206.767, 187
Trd, 000206.967, 187
Trd, 000207.883, 165
Trd, 000209.650, 179
Trd, 000210.000, 179
Trd, 000210.667, 179
Trd, 000210.867, 169
Trd, 000212.083, 177
Trd, 000212.650, 169
Trd, 000212.867, 174
Trd, 000214.150, 169
Trd, 000214.400, 168
Trd, 000214.450, 175
Trd, 000215.217, 168
Trd, 000215.833, 165
Trd, 000216.017, 164
Trd, 000216.200, 169
Trd, 000216.333, 170
Trd, 000217.400, 163
Trd, 000218.817, 169
Trd, 000219.117, 165
Trd, 000219.250, 168
Trd, 000219.667, 171
Trd, 000219.783, 177
Trd, 000220.800, 178
Trd, 000221.833, 189
Trd, 000222.433, 189
Trd, 000223.350, 186
Trd, 000224.367, 181
Trd, 000224.667, 190
Trd, 000224.683, 181
Trd, 000224.917, 179
Trd, 000224.950, 176
Trd, 000225.400, 172
Trd, 000226.450, 173
Trd, 000226.833, 174
Trd, 000227.250, 166
Trd, 000227.333, 176
Trd, 000227.950, 163
Trd, 000228.817, 171
Trd, 000229.267, 172
Trd, 000229.800, 172
Trd, 000230.200, 169
Trd, 000230.867, 167
Trd, 000231.217, 178
Trd, 000233.100, 182
Trd, 000233.450, 172
Trd, 000235.067, 171
Trd, 000235.317, 167
Trd, 000235.600, 172
Trd, 000235.733, 176
Trd, 000235.750, 176
Trd, 000236.117, 168
Trd, 000236.267, 164
Trd, 000237.217, 209
Trd, 000237.650, 167
Trd, 000238.067, 167
Trd, 000238.417, 188
Trd, 000239.300, 186
Trd, 000239.900, 184
Trd, 000239.933, 188
Trd, 000240.050, 167
Trd, 000240.533, 173
Trd, 000241.667, 179
Trd, 000241.700, 176
Trd, 000241.967, 181
Trd, 000242.400, 183
Trd, 000242.450, 182
Trd, 000242.667, 180
Trd, 000243.450, 181
Trd, 000243.583, 192
Trd, 000243.633, 175
Trd, 000244.250, 177
Trd, 000244.350, 174
Trd, 000245.367, 177
Trd, 000245.500, 176
Trd, 000245.550, 174
Trd, 000246.367, 175
Trd, 000247.183, 176
Trd, 000247.200, 176
Trd, 000247.217, 172
Trd, 000247.983, 177
Trd, 000248.217, 177
Trd, 000248.533, 175
Trd, 000249.233, 183
Trd, 000249.367, 179
Trd, 000249.500, 190
Trd, 000251.267, 182
Trd, 000252.567, 176
Trd, 000253.017, 175
Trd, 000253.083, 178
Trd, 000253.350, 172
Trd, 000253.417, 179
Trd, 000254.183, 180
Trd, 000254.233, 179
Trd, 000254.283, 183
Trd, 000254.533, 192
Trd, 000255.767, 180
Trd, 000256.617, 180
Trd, 000256.683, 174
Trd, 000256.850, 175
Trd, 000256.983, 182
Trd, 000257.117, 181
Trd, 000257.383, 182
Trd, 000258.067, 183
Trd, 000258.600, 183
Trd, 000258.717, 180
Trd, 000259.717, 176
Trd, 000260.383, 177
Trd, 000260.467, 169
Trd, 000261.200, 173
Trd, 000261.417, 167
Trd, 000261.917, 173
Trd, 000262.100, 170
Trd, 000262.367, 172
Trd, 000262.550, 170
Trd, 000262.800, 174
Trd, 000262.833, 180
Trd, 000263.017, 181
Trd, 000263.383, 184
Trd, 000263.817, 194
Trd, 000264.633, 190
Trd, 000265.583, 187
Trd, 000266.317, 177
Trd, 000266.417, 170
Trd, 000266.617, 167
Trd, 000266.650, 163
Trd, 000267.400, 171
Trd, 000268.017, 170
Trd, 000268.333, 171
Trd, 000268.867, 173
Trd, 000269.300, 174
Trd, 000269.883, 169
Trd, 000270.100, 174
Trd, 000270.283, 175
Trd, 000270.450, 182
Trd, 000270.700, 169
Trd, 000271.250, 177
Trd, 000271.667, 200
Trd, 000272.050, 202
Trd, 000272.300, 200
Trd, 000272.600, 195
Trd, 000272.883, 200
Trd, 000274.217, 191
Trd, 000274.850, 195
Trd, 000275.267, 184
Trd, 000275.450, 180
Trd, 000275.567, 184
Trd, 000275.950, 171
Trd, 000276.783, 184
Trd, 000277.033, 184
Trd, 000277.100, 185
Trd, 000278.250, 178
Trd, 000278.617, 178
Trd, 000278.750, 169
Trd, 000279.067, 168
Trd, 000279.450, 169
Trd, 000279.667, 165
Trd, 000280.033, 179
Trd, 000280.233, 173
Trd, 000280.350, 183
Trd, 000280.667, 186
Trd, 000281.267, 186
Trd, 000281.833, 177
Trd, 000282.117, 185
Trd, 000282.283, 196
Trd, 000282.783, 189
Trd, 000283.250, 180
Trd, 000283.600, 202
Trd, 000284.300, 199
Trd, 000284.767, 192
Trd, 000284.900, 187
Trd, 000285.417, 191
Trd, 000286.217, 182
Trd, 000286.583, 179
Trd, 000286.817, 173
Trd, 000287.167, 169
Trd, 000287.433, 169
Trd, 000287.500, 170
Trd, 000287.683, 172
Trd, 000288.100, 177
Trd, 000289.317, 196
Trd, 000289.400, 190
Trd, 000289.633, 181
Trd, 000289.683, 180
Trd, 000289.750, 188
Trd, 000290.383, 177
Trd, 000291.150, 201
Trd, 000291.967, 189
Trd, 000292.667, 186
Trd, 000292.850, 174
Trd, 000293.067, 187
Trd, 000293.333, 168
Trd, 000293.917, 168
Trd, 000294.150, 166
Trd, 000294.350, 160
Trd, 000294.517, 169
Trd, 000294.550, 169
Trd, 000294.750, 173
Trd, 000295.033, 163
Trd, 000295.983, 170
Trd, 000296.033, 189
Trd, 000296.550, 190
Trd, 000296.817, 203
Trd, 000297.167, 184
Trd, 000297.600, 186
Trd, 000297.967, 195
Trd, 000298.033, 196
Trd, 000298.133, 183
Trd, 000298.867, 182
Trd, 000299.583, 188
