Trd, 000001.350, 142
Trd, 000001.633, 148
Trd, 000002.133, 150
Trd, 000003.117, 143
Trd, 000003.617, 143
Trd, 000003.950, 141
Trd, 000004.267, 148
Trd, 000004.433, 134
Trd, 000004.967, 149
Trd, 000005.267, 158
Trd, 000006.167, 148
Trd, 000006.517, 135
Trd, 000006.917, 140
Trd, 000007.217, 149
Trd, 000007.400, 151
Trd, 000008.433, 148
Trd, 000008.950, 150
Trd, 000009.133, 151
Trd, 000010.000, 154
Trd, 000010.500, 155
Trd, 000011.067, 157
Trd, 000012.267, 155
Trd, 000013.050, 154
Trd, 000013.100, 153
Trd, 000013.183, 153
Trd, 000013.650, 154
Trd, 000013.883, 152
Trd, 000014.333, 155
Trd, 000015.117, 155
Trd, 000015.217, 154
Trd, 000016.083, 159
Trd, 000016.167, 151
Trd, 000017.917, 155
Trd, 000018.533, 157
Trd, 000019.000, 155
Trd, 000019.067, 155
Trd, 000019.900, 156
Trd, 000020.067, 150
Trd, 000020.600, 156
Trd, 000020.850, 153
Trd, 000021.617, 154
Trd, 000021.683, 153
Trd, 000022.583, 151
Trd, 000024.433, 152
Trd, 000024.800, 151
Trd, 000025.050, 152
Trd, 000025.833, 152
Trd, 000026.017, 153
Trd, 000026.250, 151
Trd, 000026.700, 155
Trd, 000027.967, 156
Trd, 000029.017, 155
Trd, 000029.467, 153
Trd, 000029.867, 154
Trd, 000030.167, 156
Trd, 000030.217, 151
Trd, 000030.350, 144
Trd, 000030.700, 161
Trd, 000032.100, 149
Trd, 000033.283, 151
Trd, 000033.650, 151
Trd, 000034.250, 149
Trd, 000034.867, 152
Trd, 000035.167, 153
Trd, 000035.183, 151
Trd, 000035.767, 152
Trd, 000035.967, 152
Trd, 000037.050, 152
Trd, 000037.267, 152
Trd, 000038.183, 155
Trd, 000039.133, 158
Trd, 000039.383, 157
Trd, 000039.567, 158
Trd, 000039.650, 157
Trd, 000040.333, 155
Trd, 000041.317, 145
Trd, 000041.733, 138
Trd, 000041.817, 151
Trd, 000042.067, 154
Trd, 000042.617, 147
Trd, 000043.383, 135
Trd, 000044.317, 150
Trd, 000044.467, 150
Trd, 000045.533, 150
Trd, 000045.867, 151
Trd, 000046.317, 150
Trd, 000046.417, 150
Trd, 000046.583, 151
Trd, 000047.000, 150
Trd, 000047.417, 152
Trd, 000048.067, 161
Trd, 000048.867, 163
Trd, 000049.233, 167
Trd, 000050.017, 166
Trd, 000050.050, 160
Trd, 000050.733, 161
Trd, 000051.117, 160
Trd, 000051.367, 159
Trd, 000051.767, 153
Trd, 000052.917, 145
Trd, 000053.133, 154
Trd, 000054.283, 155
Trd, 000054.950, 154
Trd, 000055.067, 154
Trd, 000055.500, 154
Trd, 000055.683, 155
Trd, 000055.983, 155
Trd, 000056.433, 156
Trd, 000057.150, 154
Trd, 000057.700, 153
Trd, 000057.783, 157
Trd, 000058.150, 152
Trd, 000060.117, 157
Trd, 000060.683, 155
Trd, 000061.067, 154
Trd, 000061.233, 155
Trd, 000061.283, 155
Trd, 000061.583, 156
Trd, 000063.333, 158
Trd, 000063.600, 157
Trd, 000064.533, 157
Trd, 000064.850, 157
Trd, 000065.067, 157
Trd, 000065.633, 158
Trd, 000066.217, 158
Trd, 000066.983, 159
Trd, 000067.717, 160
Trd, 000067.850, 159
Trd, 000068.533, 158
Trd, 000068.833, 159
Trd, 000069.150, 155
Trd, 000069.233, 160
Trd, 000070.200, 159
Trd, 000070.850, 161
Trd, 000071.067, 156
Trd, 000071.700, 157
Trd, 000071.950, 159
Trd, 000073.667, 151
Trd, 000073.700, 152
Trd, 000073.950, 151
Trd, 000074.817, 148
Trd, 000075.050, 151
Trd, 000075.583, 152
Trd, 000075.767, 165
Trd, 000077.150, 159
Trd, 000077.250, 158
Trd, 000078.833, 161
Trd, 000079.033, 160
Trd, 000079.067, 159
Trd, 000079.133, 159
Trd, 000080.600, 159
Trd, 000082.183, 160
Trd, 000082.517, 161
Trd, 000083.233, 159
Trd, 000083.783, 159
Trd, 000084.050, 158
Trd, 000084.400, 157
Trd, 000084.883, 157
Trd, 000085.983, 160
Trd, 000086.533, 159
Trd, 000086.700, 161
Trd, 000087.817, 159
Trd, 000088.133, 159
Trd, 000088.233, 158
Trd, 000089.367, 158
Trd, 000089.900, 159
Trd, 000090.100, 159
Trd, 000090.900, 158
Trd, 000091.217, 158
Trd, 000092.017, 158
Trd, 000093.000, 157
Trd, 000093.233, 159
Trd, 000093.583, 156
Trd, 000094.983, 167
Trd, 000095.633, 162
Trd, 000095.650, 157
Trd, 000095.950, 162
Trd, 000096.167, 157
Trd, 000096.933, 156
Trd, 000098.100, 158
Trd, 000098.250, 161
Trd, 000099.733, 160
Trd, 000100.300, 161
Trd, 000100.667, 160
Trd, 000100.783, 160
Trd, 000101.067, 160
Trd, 000101.733, 163
Trd, 000102.133, 159
Trd, 000102.300, 168
Trd, 000102.867, 158
Trd, 000103.133, 182
Trd, 000104.300, 168
Trd, 000104.950, 166
Trd, 000105.067, 166
Trd, 000105.433, 165
Trd, 000105.617, 166
Trd, 000105.733, 166
Trd, 000106.733, 166
Trd, 000108.100, 166
Trd, 000108.150, 165
Trd, 000109.233, 164
Trd, 000109.400, 164
Trd, 000110.017, 163
Trd, 000110.633, 163
Trd, 000111.083, 163
Trd, 000111.633, 163
Trd, 000113.283, 161
Trd, 000113.533, 161
Trd, 000113.600, 152
Trd, 000114.183, 161
Trd, 000114.317, 155
Trd, 000114.683, 160
Trd, 000115.233, 159
Trd, 000116.250, 155
Trd, 000116.967, 159
Trd, 000117.817, 160
Trd, 000118.233, 161
Trd, 000118.650, 161
Trd, 000118.850, 162
Trd, 000119.150, 160
Trd, 000119.233, 160
Trd, 000119.917, 159
Trd, 000120.183, 159
Trd, 000120.917, 157
Trd, 000121.017, 158
Trd, 000122.467, 156
Trd, 000123.167, 168
Trd, 000123.700, 159
Trd, 000123.933, 158
Trd, 000124.017, 162
Trd, 000124.717, 163
Trd, 000124.917, 159
Trd, 000125.867, 161
Trd, 000126.567, 160
Trd, 000126.650, 158
Trd, 000126.683, 157
Trd, 000128.517, 157
Trd, 000129.550, 157
Trd, 000130.100, 159
Trd, 000130.233, 159
Trd, 000130.550, 159
Trd, 000131.050, 157
Trd, 000131.133, 159
Trd, 000131.517, 160
Trd, 000132.183, 157
Trd, 000133.150, 160
Trd, 000133.200, 154
Trd, 000133.350, 161
Trd, 000133.600, 160
Trd, 000135.267, 160
Trd, 000135.400, 160
Trd, 000136.000, 160
Trd, 000136.467, 161
Trd, 000136.650, 160
Trd, 000137.250, 161
Trd, 000137.783, 156
Trd, 000138.167, 171
Trd, 000139.317, 162
Trd, 000139.400, 173
Trd, 000140.233, 165
Trd, 000140.550, 165
Trd, 000140.683, 167
Trd, 000141.183, 165
Trd, 000141.200, 164
Trd, 000142.533, 166
Trd, 000143.317, 181
Trd, 000143.350, 168
Trd, 000143.983, 166
Trd, 000145.217, 164
Trd, 000145.400, 163
Trd, 000146.150, 166
Trd, 000146.850, 166
Trd, 000147.250, 165
Trd, 000148.133, 168
Trd, 000148.567, 169
Trd, 000148.633, 166
Trd, 000149.883, 169
Trd, 000149.983, 169
Trd, 000150.717, 169
Trd, 000152.350, 168
Trd, 000152.450, 167
Trd, 000152.600, 166
Trd, 000153.000, 156
Trd, 000153.300, 167
Trd, 000154.483, 168
Trd, 000154.667, 169
Trd, 000155.350, 165
Trd, 000157.333, 168
Trd, 000157.517, 167
Trd, 000158.567, 169
Trd, 000158.583, 168
Trd, 000159.167, 167
Trd, 000159.767, 166
Trd, 000160.150, 170
Trd, 000161.167, 169
Trd, 000162.017, 165
Trd, 000162.183, 165
Trd, 000162.500, 164
Trd, 000162.517, 168
Trd, 000163.833, 167
Trd, 000164.117, 167
Trd, 000164.533, 169
Trd, 000164.800, 164
Trd, 000165.350, 165
Trd, 000165.400, 169
Trd, 000165.817, 170
Trd, 000166.300, 170
Trd, 000166.767, 171
Trd, 000166.800, 169
Trd, 000168.000, 166
Trd, 000168.700, 168
Trd, 000169.183, 169
Trd, 000169.717, 167
Trd, 000171.100, 170
Trd, 000172.000, 170
Trd, 000172.233, 170
Trd, 000173.150, 166
Trd, 000173.233, 166
Trd, 000174.117, 168
Trd, 000174.517, 167
Trd, 000174.933, 168
Trd, 000175.800, 170
Trd, 000176.367, 168
Trd, 000176.467, 168
Trd, 000176.767, 169
Trd, 000176.850, 171
Trd, 000176.867, 167
Trd, 000177.933, 169
Trd, 000178.233, 167
Trd, 000178.783, 170
Trd, 000179.267, 172
Trd, 000179.833, 172
Trd, 000180.450, 170
Trd, 000181.600, 171
Trd, 000181.867, 169
Trd, 000182.817, 171
Trd, 000183.317, 170
Trd, 000183.400, 170
Trd, 000184.033, 169
Trd, 000184.467, 168
Trd, 000184.917, 168
Trd, 000186.183, 169
Trd, 000186.350, 168
Trd, 000187.000, 169
Trd, 000187.033, 167
Trd, 000187.633, 168
Trd, 000188.483, 169
Trd, 000189.500, 169
Trd, 000190.850, 169
Trd, 000191.383, 167
Trd, 000191.750, 169
Trd, 000192.067, 168
Trd, 000192.200, 170
Trd, 000192.800, 168
Trd, 000192.967, 168
Trd, 000192.983, 167
Trd, 000193.150, 153
Trd, 000194.583, 168
Trd, 000195.150, 166
Trd, 000195.367, 166
Trd, 000195.700, 168
Trd, 000196.083, 166
Trd, 000197.233, 168
Trd, 000197.800, 167
Trd, 000198.167, 170
Trd, 000199.033, 170
Trd, 000199.467, 171
Trd, 000199.633, 172
Trd, 000199.950, 170
Trd, 000200.783, 171
Trd, 000202.083, 169
Trd, 000202.533, 173
Trd, 000203.217, 174
Trd, 000203.317, 169
Trd, 000203.367, 175
Trd, 000205.217, 170
Trd, 000205.967, 170
Trd, 000206.817, 172
Trd, 000206.967, 173
Trd, 000207.783, 172
Trd, 000207.833, 170
Trd, 000208.683, 172
Trd, 000209.383, 172
Trd, 000210.117, 171
Trd, 000210.550, 171
Trd, 000211.217, 170
Trd, 000211.233, 162
Trd, 000212.300, 169
Trd, 000213.167, 168
Trd, 000213.333, 164
Trd, 000213.617, 166
Trd, 000214.067, 168
Trd, 000214.550, 168
Trd, 000215.133, 167
Trd, 000215.367, 168
Trd, 000215.967, 168
Trd, 000216.067, 169
Trd, 000216.850, 170
Trd, 000217.533, 178
Trd, 000218.883, 175
Trd, 000219.083, 175
Trd, 000220.317, 176
Trd, 000220.367, 175
Trd, 000221.033, 175
Trd, 000222.450, 176
Trd, 000222.950, 176
Trd, 000223.150, 178
Trd, 000223.750, 177
Trd, 000224.450, 177
Trd, 000225.500, 177
Trd, 000225.850, 182
Trd, 000226.567, 178
Trd, 000226.650, 179
Trd, 000226.783, 177
Trd, 000226.850, 176
Trd, 000227.483, 175
Trd, 000227.583, 174
Trd, 000228.500, 172
Trd, 000228.833, 170
Trd, 000230.433, 174
Trd, 000231.217, 173
Trd, 000231.717, 174
Trd, 000232.217, 175
Trd, 000232.383, 173
Trd, 000232.900, 171
Trd, 000233.583, 172
Trd, 000234.817, 174
Trd, 000235.700, 168
Trd, 000235.950, 168
Trd, 000236.367, 170
Trd, 000236.500, 170
Trd, 000236.617, 171
Trd, 000237.217, 170
Trd, 000237.483, 172
Trd, 000238.317, 172
Trd, 000238.333, 171
Trd, 000238.717, 171
Trd, 000239.900, 171
Trd, 000239.917, 170
Trd, 000240.633, 172
Trd, 000240.750, 171
Trd, 000240.933, 170
Trd, 000241.083, 170
Trd, 000242.350, 170
Trd, 000242.433, 169
Trd, 000242.933, 171
Trd, 000242.950, 172
Trd, 000243.000, 169
Trd, 000243.283, 165
Trd, 000243.633, 155
Trd, 000244.000, 160
Trd, 000244.217, 167
Trd, 000244.450, 160
Trd, 000245.433, 167
Trd, 000246.317, 164
Trd, 000246.517, 161
Trd, 000246.917, 168
Trd, 000247.367, 172
Trd, 000247.967, 167
Trd, 000248.700, 171
Trd, 000249.383, 169
Trd, 000249.483, 172
Trd, 000249.517, 167
Trd, 000249.700, 167
Trd, 000249.917, 172
Trd, 000250.050, 173
Trd, 000250.667, 169
Trd, 000251.933, 173
Trd, 000252.133, 173
Trd, 000252.600, 177
Trd, 000252.983, 178
Trd, 000253.400, 177
Trd, 000254.533, 177
Trd, 000255.200, 175
Trd, 000255.283, 175
Trd, 000255.567, 174
Trd, 000255.800, 173
Trd, 000256.267, 173
Trd, 000256.400, 166
Trd, 000256.683, 164
Trd, 000257.183, 175
Trd, 000258.650, 167
Trd, 000259.217, 170
Trd, 000259.833, 171
Trd, 000260.183, 170
Trd, 000260.783, 170
Trd, 000261.133, 173
Trd, 000261.567, 171
Trd, 000261.700, 174
Trd, 000262.200, 174
Trd, 000262.817, 174
Trd, 000263.200, 173
Trd, 000263.533, 173
Trd, 000264.617, 174
Trd, 000264.833, 172
Trd, 000265.100, 174
Trd, 000265.433, 174
Trd, 000265.467, 171
Trd, 000265.700, 169
Trd, 000266.867, 175
Trd, 000267.433, 176
Trd, 000267.517, 182
Trd, 000267.567, 179
Trd, 000267.933, 175
Trd, 000268.600, 180
Trd, 000269.233, 175
Trd, 000269.333, 175
Trd, 000269.683, 168
Trd, 000270.500, 174
Trd, 000271.450, 174
Trd, 000271.833, 172
Trd, 000272.450, 175
Trd, 000273.167, 168
Trd, 000273.633, 168
Trd, 000274.350, 170
Trd, 000274.467, 171
Trd, 000274.617, 172
Trd, 000274.967, 174
Trd, 000275.250, 167
Trd, 000275.900, 169
Trd, 000276.067, 170
Trd, 000276.083, 169
Trd, 000276.383, 168
Trd, 000276.433, 161
Trd, 000276.683, 175
Trd, 000277.700, 171
Trd, 000278.700, 170
Trd, 000279.233, 170
Trd, 000279.600, 169
Trd, 000279.850, 167
Trd, 000280.183, 165
Trd, 000281.183, 170
Trd, 000281.750, 177
Trd, 000281.983, 176
Trd, 000282.933, 181
Trd, 000283.050, 183
Trd, 000284.133, 184
Trd, 000284.467, 186
Trd, 000284.700, 184
Trd, 000285.117, 183
Trd, 000285.767, 188
Trd, 000285.983, 187
Trd, 000286.100, 186
Trd, 000286.433, 182
Trd, 000287.217, 183
Trd, 000287.450, 180
Trd, 000287.817, 177
Trd, 000287.867, 169
Trd, 000288.433, 162
Trd, 000289.983, 175
Trd, 000290.000, 179
Trd, 000290.400, 182
Trd, 000290.717, 177
Trd, 000291.533, 182
Trd, 000292.017, 181
Trd, 000292.650, 179
Trd, 000293.617, 177
Trd, 000293.917, 178
Trd, 000294.133, 176
Trd, 000294.200, 182
Trd, 000294.383, 176
Trd, 000294.783, 177
Trd, 000295.617, 178
Trd, 000296.133, 178
Trd, 000296.650, 182
Trd, 000297.050, 183
Trd, 000297.183, 182
Trd, 000298.067, 185
Trd, 000298.833, 183
Trd, 000299.467, 184
