Trd, 000002.917, 145
Trd, 000004.467, 137
Trd, 000004.717, 136
Trd, 000005.067, 137
Trd, 000005.133, 152
Trd, 000005.233, 136
Trd, 000006.033, 136
Trd, 000006.350, 145
Trd, 000006.433, 155
Trd, 000008.333, 152
Trd, 000008.483, 152
Trd, 000008.767, 151
Trd, 000008.800, 150
Trd, 000009.467, 169
Trd, 000009.867, 158
Trd, 000010.367, 160
Trd, 000010.883, 160
Trd, 000011.567, 159
Trd, 000011.583, 160
Trd, 000011.600, 158
Trd, 000011.967, 157
Trd, 000012.533, 159
Trd, 000013.167, 159
Trd, 000013.350, 156
Trd, 000014.167, 155
Trd, 000014.617, 157
Trd, 000015.183, 156
Trd, 000016.783, 154
Trd, 000017.583, 154
Trd, 000017.817, 154
Trd, 000018.033, 153
Trd, 000018.617, 154
Trd, 000018.650, 156
Trd, 000018.667, 156
Trd, 000019.117, 157
Trd, 000019.367, 170
Trd, 000019.650, 154
Trd, 000020.850, 160
Trd, 000021.117, 158
Trd, 000021.567, 158
Trd, 000022.817, 157
Trd, 000023.383, 160
Trd, 000023.850, 157
Trd, 000024.200, 157
Trd, 000024.700, 158
Trd, 000024.883, 170
Trd, 000025.383, 157
Trd, 000026.233, 150
Trd, 000026.300, 157
Trd, 000026.617, 157
Trd, 000027.883, 157
Trd, 000029.100, 157
Trd, 000029.200, 157
Trd, 000029.617, 157
Trd, 000029.950, 158
Trd, 000030.033, 159
Trd, 000030.233, 157
Trd, 000030.917, 157
Trd, 000031.450, 156
Trd, 000031.950, 158
Trd, 000032.733, 160
Trd, 000032.967, 157
Trd, 000034.700, 158
Trd, 000035.217, 158
Trd, 000035.467, 156
Trd, 000035.667, 157
Trd, 000035.717, 158
Trd, 000035.850, 156
Trd, 000036.667, 155
Trd, 000037.167, 157
Trd, 000037.450, 158
Trd, 000037.950, 159
Trd, 000039.533, 158
Trd, 000040.350, 159
Trd, 000041.150, 153
Trd, 000041.850, 153
Trd, 000042.167, 152
Trd, 000042.283, 154
Trd, 000042.767, 158
Trd, 000044.450, 156
Trd, 000044.533, 159
Trd, 000044.850, 159
Trd, 000045.467, 152
Trd, 000045.533, 157
Trd, 000045.700, 158
Trd, 000046.617, 159
Trd, 000048.650, 154
Trd, 000049.267, 154
Trd, 000049.467, 158
Trd, 000049.683, 180
Trd, 000050.017, 182
Trd, 000050.417, 166
Trd, 000050.800, 182
Trd, 000050.867, 163
Trd, 000051.317, 160
Trd, 000051.867, 153
Trd, 000052.200, 169
Trd, 000052.267, 156
Trd, 000052.967, 153
Trd, 000053.583, 156
Trd, 000053.683, 167
Trd, 000053.717, 152
Trd, 000054.733, 152
Trd, 000054.783, 150
Trd, 000054.900, 170
Trd, 000055.800, 149
Trd, 000056.833, 142
Trd, 000057.350, 150
Trd, 000057.583, 151
Trd, 000057.617, 139
Trd, 000058.450, 151
Trd, 000058.800, 141
Trd, 000060.200, 150
Trd, 000060.600, 148
Trd, 000061.017, 151
Trd, 000061.333, 149
Trd, 000061.850, 149
Trd, 000061.867, 146
Trd, 000062.250, 147
Trd, 000062.300, 161
Trd, 000062.900, 154
Trd, 000063.983, 153
Trd, 000064.000, 173
Trd, 000064.300, 159
Trd, 000065.117, 157
Trd, 000066.300, 160
Trd, 000066.450, 172
Trd, 000066.583, 173
Trd, 000066.817, 155
Trd, 000067.350, 152
Trd, 000067.683, 174
Trd, 000068.650, 155
Trd, 000068.917, 155
Trd, 000069.433, 163
Trd, 000069.767, 158
Trd, 000070.283, 158
Trd, 000070.600, 163
Trd, 000071.267, 162
Trd, 000072.650, 161
Trd, 000073.033, 161
Trd, 000074.350, 162
Trd, 000074.967, 164
Trd, 000075.033, 164
Trd, 000075.617, 163
Trd, 000076.033, 164
Trd, 000076.200, 161
Trd, 000077.017, 173
Trd, 000077.483, 163
Trd, 000078.933, 168
Trd, 000079.033, 167
Trd, 000079.600, 169
Trd, 000079.700, 169
Trd, 000080.383, 170
Trd, 000081.600, 170
Trd, 000081.650, 183
Trd, 000081.683, 187
Trd, 000083.150, 171
Trd, 000083.983, 171
Trd, 000084.517, 172
Trd, 000084.650, 170
Trd, 000084.783, 168
Trd, 000085.200, 167
Trd, 000085.617, 172
Trd, 000086.483, 166
Trd, 000086.883, 165
Trd, 000086.950, 169
Trd, 000087.233, 177
Trd, 000088.283, 164
Trd, 000090.367, 165
Trd, 000090.900, 166
Trd, 000091.333, 166
Trd, 000091.450, 165
Trd, 000091.883, 163
Trd, 000092.883, 156
Trd, 000094.400, 145
Trd, 000094.483, 150
Trd, 000094.650, 148
Trd, 000094.917, 146
Trd, 000095.083, 150
Trd, 000096.233, 152
Trd, 000096.433, 153
Trd, 000096.700, 160
Trd, 000096.933, 153
Trd, 000097.450, 177
Trd, 000097.733, 179
Trd, 000098.633, 167
Trd, 000099.933, 169
Trd, 000100.117, 166
Trd, 000100.367, 165
Trd, 000100.400, 167
Trd, 000101.667, 165
Trd, 000101.917, 164
Trd, 000102.283, 163
Trd, 000102.500, 181
Trd, 000103.000, 180
Trd, 000103.117, 189
Trd, 000103.533, 172
Trd, 000104.417, 172
Trd, 000105.683, 172
Trd, 000105.733, 172
Trd, 000105.783, 170
Trd, 000106.283, 172
Trd, 000107.550, 173
Trd, 000108.283, 170
Trd, 000108.583, 171
Trd, 000108.867, 172
Trd, 000109.167, 173
Trd, 000109.283, 179
Trd, 000109.400, 168
Trd, 000109.800, 166
Trd, 000110.117, 158
Trd, 000110.700, 164
Trd, 000110.833, 162
Trd, 000111.467, 157
Trd, 000111.583, 162
Trd, 000112.400, 160
Trd, 000113.500, 162
Trd, 000113.817, 166
Trd, 000114.467, 161
Trd, 000115.233, 162
Trd, 000115.950, 160
Trd, 000116.200, 159
Trd, 000116.250, 161
Trd, 000116.483, 161
Trd, 000116.733, 179
Trd, 000117.017, 142
Trd, 000117.517, 179
Trd, 000119.683, 170
Trd, 000119.700, 171
Trd, 000120.200, 167
Trd, 000120.217, 185
Trd, 000120.700, 181
Trd, 000121.300, 183
Trd, 000121.467, 180
Trd, 000121.833, 179
Trd, 000122.133, 183
Trd, 000122.233, 173
Trd, 000122.550, 175
Trd, 000123.883, 179
Trd, 000124.317, 180
Trd, 000124.817, 178
Trd, 000124.850, 180
Trd, 000126.050, 179
Trd, 000126.383, 180
Trd, 000126.400, 176
Trd, 000126.967, 167
Trd, 000127.017, 178
Trd, 000127.117, 159
Trd, 000127.150, 178
Trd, 000128.617, 170
Trd, 000129.183, 177
Trd, 000129.567, 168
Trd, 000129.650, 178
Trd, 000130.583, 175
Trd, 000130.900, 174
Trd, 000132.200, 173
Trd, 000132.800, 172
Trd, 000132.917, 161
Trd, 000134.950, 168
Trd, 000135.133, 171
Trd, 000135.617, 168
Trd, 000136.633, 170
Trd, 000136.700, 171
Trd, 000137.217, 172
Trd, 000137.383, 168
Trd, 000137.583, 167
Trd, 000138.117, 169
Trd, 000139.267, 160
Trd, 000139.517, 171
Trd, 000139.967, 182
Trd, 000140.150, 188
Trd, 000140.700, 182
Trd, 000141.300, 175
Trd, 000141.733, 175
Trd, 000141.917, 174
Trd, 000142.867, 174
Trd, 000143.083, 173
Trd, 000143.383, 169
Trd, 000143.617, 170
Trd, 000144.283, 173
Trd, 000144.333, 174
Trd, 000145.367, 173
Trd, 000145.583, 170
Trd, 000145.617, 169
Trd, 000146.067, 169
Trd, 000147.917, 169
Trd, 000147.933, 168
Trd, 000149.017, 162
Trd, 000149.050, 161
Trd, 000150.233, 170
Trd, 000151.200, 164
Trd, 000151.750, 164
Trd, 000151.800, 166
Trd, 000152.433, 166
Trd, 000152.950, 166
Trd, 000153.017, 167
Trd, 000153.900, 164
Trd, 000154.400, 179
Trd, 000154.450, 161
Trd, 000155.167, 164
Trd, 000155.683, 163
Trd, 000155.867, 164
Trd, 000156.617, 164
Trd, 000157.617, 164
Trd, 000158.333, 166
Trd, 000158.533, 165
Trd, 000158.767, 167
Trd, 000160.317, 166
Trd, 000160.417, 168
Trd, 000160.817, 166
Trd, 000160.917, 168
Trd, 000161.667, 171
Trd, 000161.850, 166
Trd, 000162.867, 174
Trd, 000163.600, 191
Trd, 000163.950, 176
Trd, 000164.033, 178
Trd, 000164.333, 171
Trd, 000165.217, 171
Trd, 000166.683, 172
Trd, 000166.833, 165
Trd, 000167.100, 172
Trd, 000167.183, 164
Trd, 000168.983, 163
Trd, 000169.083, 168
Trd, 000169.717, 185
Trd, 000170.117, 151
Trd, 000171.017, 176
Trd, 000172.017, 179
Trd, 000172.483, 174
Trd, 000172.500, 173
Trd, 000172.617, 176
Trd, 000173.233, 173
Trd, 000173.717, 173
Trd, 000173.983, 175
Trd, 000174.200, 172
Trd, 000174.950, 172
Trd, 000175.417, 171
Trd, 000175.817, 157
Trd, 000175.917, 174
Trd, 000176.317, 175
Trd, 000176.383, 177
Trd, 000178.117, 175
Trd, 000178.167, 175
Trd, 000178.500, 176
Trd, 000178.567, 177
Trd, 000180.267, 173
Trd, 000180.700, 173
Trd, 000181.200, 175
Trd, 000182.050, 174
Trd, 000182.117, 173
Trd, 000182.383, 170
Trd, 000183.533, 171
Trd, 000183.983, 169
Trd, 000184.450, 169
Trd, 000184.533, 173
Trd, 000185.117, 183
Trd, 000185.983, 174
Trd, 000186.667, 175
Trd, 000186.683, 176
Trd, 000187.133, 186
Trd, 000188.450, 182
Trd, 000188.767, 177
Trd, 000188.883, 177
Trd, 000189.067, 182
Trd, 000189.367, 174
Trd, 000190.383, 176
Trd, 000190.883, 176
Trd, 000191.050, 159
Trd, 000192.200, 171
Trd, 000193.033, 172
Trd, 000193.467, 173
Trd, 000193.550, 174
Trd, 000194.067, 174
Trd, 000194.367, 174
Trd, 000194.383, 175
Trd, 000194.417, 171
Trd, 000194.650, 170
Trd, 000195.233, 167
Trd, 000196.017, 168
Trd, 000196.950, 166
Trd, 000197.733, 167
Trd, 000198.500, 165
Trd, 000198.550, 162
Trd, 000198.783, 162
Trd, 000199.017, 167
Trd, 000200.550, 167
Trd, 000200.583, 168
Trd, 000200.667, 169
Trd, 000201.167, 188
Trd, 000202.850, 192
Trd, 000203.050, 170
Trd, 000204.250, 170
Trd, 000205.017, 175
Trd, 000205.417, 173
Trd, 000206.450, 169
Trd, 000206.567, 168
Trd, 000206.833, 172
Trd, 000207.983, 170
Trd, 000208.733, 171
Trd, 000208.783, 172
Trd, 000209.033, 168
Trd, 000210.967, 172
Trd, 000211.150, 171
Trd, 000211.200, 173
Trd, 000211.450, 170
Trd, 000212.217, 175
Trd, 000213.067, 174
Trd, 000213.467, 175
Trd, 000214.133, 176
Trd, 000214.167, 180
Trd, 000214.250, 189
Trd, 000214.617, 176
Trd, 000215.583, 175
Trd, 000216.367, 185
Trd, 000217.133, 176
Trd, 000218.100, 184
Trd, 000218.117, 182
Trd, 000218.367, 168
Trd, 000219.750, 169
Trd, 000219.783, 169
Trd, 000220.600, 170
Trd, 000221.067, 168
Trd, 000221.200, 176
Trd, 000221.533, 177
Trd, 000222.033, 170
Trd, 000222.067, 190
Trd, 000222.783, 169
Trd, 000222.917, 176
Trd, 000223.083, 188
Trd, 000223.300, 169
Trd, 000223.483, 156
Trd, 000223.733, 182
Trd, 000224.033, 181
Trd, 000225.700, 170
Trd, 000226.117, 178
Trd, 000226.333, 177
Trd, 000227.450, 149
Trd, 000228.500, 160
Trd, 000228.567, 161
Trd, 000229.200, 162
Trd, 000229.283, 164
Trd, 000229.383, 164
Trd, 000230.700, 168
Trd, 000230.750, 190
Trd, 000231.717, 179
Trd, 000232.067, 190
Trd, 000233.150, 191
Trd, 000233.383, 198
Trd, 000233.550, 191
Trd, 000233.833, 193
Trd, 000234.167, 189
Trd, 000234.717, 187
Trd, 000235.467, 187
Trd, 000235.967, 187
Trd, 000236.083, 183
Trd, 000236.383, 178
Trd, 000236.467, 182
Trd, 000237.383, 174
Trd, 000238.633, 175
Trd, 000238.717, 172
Trd, 000238.967, 170
Trd, 000239.833, 169
Trd, 000240.150, 165
Trd, 000240.167, 173
Trd, 000240.517, 169
Trd, 000240.683, 169
Trd, 000240.833, 171
Trd, 000241.100, 172
Trd, 000241.333, 170
Trd, 000241.933, 172
Trd, 000242.467, 171
Trd, 000243.017, 174
Trd, 000243.217, 179
Trd, 000243.283, 189
Trd, 000243.800, 179
Trd, 000244.500, 177
Trd, 000244.567, 180
Trd, 000244.767, 179
Trd, 000244.867, 185
Trd, 000245.900, 182
Trd, 000246.050, 179
Trd, 000246.167, 182
Trd, 000246.433, 183
Trd, 000247.133, 182
Trd, 000247.717, 182
Trd, 000247.833, 179
Trd, 000248.133, 186
Trd, 000248.550, 181
Trd, 000248.700, 179
Trd, 000249.100, 178
Trd, 000249.350, 182
Trd, 000250.133, 186
Trd, 000250.283, 181
Trd, 000251.100, 183
Trd, 000251.667, 181
Trd, 000251.950, 183
Trd, 000252.067, 172
Trd, 000252.233, 186
Trd, 000252.350, 187
Trd, 000252.800, 180
Trd, 000252.883, 189
Trd, 000253.733, 183
Trd, 000255.383, 178
Trd, 000255.433, 177
Trd, 000255.717, 179
Trd, 000256.033, 185
Trd, 000256.817, 185
Trd, 000257.533, 184
Trd, 000257.617, 187
Trd, 000257.817, 185
Trd, 000258.033, 186
Trd, 000258.233, 184
Trd, 000258.983, 182
Trd, 000259.517, 184
Trd, 000260.017, 179
Trd, 000260.267, 180
Trd, 000260.333, 171
Trd, 000260.383, 182
Trd, 000260.500, 169
Trd, 000260.617, 181
Trd, 000261.833, 179
Trd, 000261.900, 175
Trd, 000262.017, 188
Trd, 000262.233, 191
Trd, 000263.550, 182
Trd, 000264.133, 182
Trd, 000264.700, 182
Trd, 000265.167, 181
Trd, 000265.900, 183
Trd, 000266.133, 190
Trd, 000266.167, 191
Trd, 000266.400, 201
Trd, 000266.433, 185
Trd, 000267.083, 187
Trd, 000267.500, 186
Trd, 000268.333, 187
Trd, 000269.167, 186
Trd, 000269.233, 187
Trd, 000269.300, 186
Trd, 000269.467, 188
Trd, 000269.633, 185
Trd, 000269.750, 188
Trd, 000269.833, 185
Trd, 000270.467, 182
Trd, 000271.217, 184
Trd, 000271.267, 182
Trd, 000272.550, 180
Trd, 000272.917, 174
Trd, 000273.583, 174
Trd, 000273.617, 174
Trd, 000273.917, 178
Trd, 000273.933, 180
Trd, 000274.633, 176
Trd, 000275.133, 174
Trd, 000276.450, 166
Trd, 000276.517, 170
Trd, 000276.533, 175
Trd, 000277.100, 181
Trd, 000277.200, 170
Trd, 000277.467, 170
Trd, 000278.033, 182
Trd, 000278.217, 177
Trd, 000278.233, 189
Trd, 000278.333, 193
Trd, 000278.500, 195
Trd, 000278.983, 174
Trd, 000279.700, 186
Trd, 000279.933, 174
Trd, 000280.367, 179
Trd, 000280.500, 178
Trd, 000280.633, 180
Trd, 000281.533, 174
Trd, 000282.733, 173
Trd, 000284.000, 176
Trd, 000284.050, 176
Trd, 000284.400, 175
Trd, 000284.950, 172
Trd, 000286.017, 169
Trd, 000286.067, 173
Trd, 000286.133, 177
Trd, 000286.367, 179
Trd, 000286.383, 184
Trd, 000286.650, 179
Trd, 000286.833, 176
Trd, 000287.000, 181
Trd, 000287.133, 190
Trd, 000287.500, 167
Trd, 000288.300, 189
Trd, 000288.700, 173
Trd, 000288.867, 178
Trd, 000288.900, 183
Trd, 000290.767, 187
Trd, 000291.067, 183
Trd, 000291.367, 182
Trd, 000291.450, 178
Trd, 000292.200, 184
Trd, 000292.250, 179
Trd, 000292.300, 185
Trd, 000293.333, 184
Trd, 000293.367, 178
Trd, 000293.500, 186
Trd, 000293.700, 192
Trd, 000294.083, 177
Trd, 000294.683, 164
Trd, 000295.650, 170
Trd, 000295.833, 170
Trd, 000296.217, 171
Trd, 000296.450, 171
Trd, 000296.500, 174
Trd, 000296.833, 165
Trd, 000297.117, 191
Trd, 000297.617, 185
Trd, 000298.183, 167
Trd, 000298.250, 181
Trd, 000298.833, 186
Trd, 000299.083, 185
Trd, 000299.267, 194
Trd, 000299.450, 198
Trd, 000299.917, 163
