Trd, 000001.000, 149
Trd, 000002.917, 156
Trd, 000004.050, 157
Trd, 000004.250, 156
Trd, 000004.667, 156
Trd, 000004.867, 155
Trd, 000005.250, 146
Trd, 000005.317, 158
Trd, 000005.550, 146
Trd, 000006.083, 154
Trd, 000008.300, 149
Trd, 000008.467, 148
Trd, 000008.783, 142
Trd, 000008.867, 151
Trd, 000009.133, 151
Trd, 000009.317, 147
Trd, 000010.033, 150
Trd, 000010.083, 148
Trd, 000010.150, 145
Trd, 000010.267, 152
Trd, 000010.833, 150
Trd, 000011.233, 156
Trd, 000011.367, 151
Trd, 000013.800, 152
Trd, 000013.817, 152
Trd, 000014.867, 155
Trd, 000015.083, 154
Trd, 000015.683, 154
Trd, 000015.800, 151
Trd, 000015.933, 154
Trd, 000016.450, 155
Trd, 000016.850, 150
Trd, 000017.283, 157
Trd, 000018.917, 157
Trd, 000019.083, 155
Trd, 000019.717, 159
Trd, 000020.033, 156
Trd, 000020.383, 161
Trd, 000020.683, 161
Trd, 000021.500, 160
Trd, 000021.817, 157
Trd, 000022.933, 161
Trd, 000023.050, 159
Trd, 000023.683, 159
Trd, 000024.233, 157
Trd, 000024.800, 159
Trd, 000025.033, 156
Trd, 000025.083, 161
Trd, 000025.100, 161
Trd, 000025.183, 156
Trd, 000025.883, 153
Trd, 000026.200, 152
Trd, 000026.367, 143
Trd, 000026.533, 137
Trd, 000027.633, 152
Trd, 000027.717, 152
Trd, 000027.833, 154
Trd, 000028.833, 154
Trd, 000029.133, 153
Trd, 000029.217, 152
Trd, 000030.350, 156
Trd, 000031.017, 156
Trd, 000032.800, 151
Trd, 000032.867, 165
Trd, 000034.333, 156
Trd, 000034.417, 158
Trd, 000035.183, 158
Trd, 000035.400, 154
Trd, 000036.550, 158
Trd, 000037.767, 158
Trd, 000037.850, 157
Trd, 000038.650, 157
Trd, 000039.400, 156
Trd, 000039.500, 155
Trd, 000039.683, 159
Trd, 000039.750, 159
Trd, 000040.350, 159
Trd, 000040.700, 160
Trd, 000041.600, 159
Trd, 000042.200, 159
Trd, 000042.950, 158
Trd, 000044.150, 161
Trd, 000044.317, 161
Trd, 000045.267, 157
Trd, 000046.050, 161
Trd, 000046.150, 162
Trd, 000046.200, 159
Trd, 000046.800, 157
Trd, 000047.700, 155
Trd, 000047.817, 157
Trd, 000048.267, 155
Trd, 000049.300, 156
Trd, 000049.550, 156
Trd, 000050.183, 160
Trd, 000050.400, 161
Trd, 000050.633, 160
Trd, 000050.733, 159
Trd, 000050.983, 154
Trd, 000051.917, 145
Trd, 000052.267, 142
Trd, 000052.950, 153
Trd, 000053.217, 153
Trd, 000053.733, 154
Trd, 000053.983, 146
Trd, 000054.317, 152
Trd, 000056.083, 155
Trd, 000056.350, 156
Trd, 000056.583, 158
Trd, 000057.667, 160
Trd, 000058.250, 160
Trd, 000059.967, 164
Trd, 000060.567, 161
Trd, 000060.817, 162
Trd, 000060.917, 160
Trd, 000061.000, 156
Trd, 000061.350, 163
Trd, 000061.717, 158
Trd, 000062.333, 161
Trd, 000062.617, 156
Trd, 000062.717, 147
Trd, 000064.333, 157
Trd, 000064.767, 157
Trd, 000065.333, 157
Trd, 000065.417, 156
Trd, 000066.267, 157
Trd, 000066.317, 156
Trd, 000066.467, 161
Trd, 000066.650, 168
Trd, 000068.067, 157
Trd, 000069.683, 160
Trd, 000069.783, 160
Trd, 000070.233, 161
Trd, 000070.850, 159
Trd, 000071.200, 160
Trd, 000071.267, 158
Trd, 000071.750, 156
Trd, 000071.967, 159
Trd, 000072.883, 159
Trd, 000073.000, 168
Trd, 000073.283, 169
Trd, 000073.633, 162
Trd, 000074.900, 163
Trd, 000075.267, 163
Trd, 000075.317, 162
Trd, 000076.883, 165
Trd, 000077.217, 157
Trd, 000078.117, 166
Trd, 000078.500, 165
Trd, 000078.950, 161
Trd, 000079.050, 164
Trd, 000079.233, 169
Trd, 000079.617, 162
Trd, 000080.050, 163
Trd, 000080.467, 163
Trd, 000081.200, 164
Trd, 000082.283, 159
Trd, 000082.817, 172
Trd, 000084.067, 166
Trd, 000084.733, 164
Trd, 000085.183, 163
Trd, 000086.050, 166
Trd, 000086.217, 164
Trd, 000087.567, 168
Trd, 000087.933, 163
Trd, 000088.483, 163
Trd, 000089.067, 163
Trd, 000089.650, 165
Trd, 000090.050, 165
Trd, 000090.383, 164
Trd, 000090.850, 166
Trd, 000090.900, 165
Trd, 000092.017, 164
Trd, 000092.217, 164
Trd, 000092.267, 160
Trd, 000092.450, 160
Trd, 000092.483, 159
Trd, 000095.783, 162
Trd, 000095.817, 162
Trd, 000095.867, 159
Trd, 000096.533, 157
Trd, 000096.933, 160
Trd, 000097.300, 159
Trd, 000097.350, 157
Trd, 000097.833, 158
Trd, 000098.767, 160
Trd, 000099.400, 163
Trd, 000099.650, 163
Trd, 000099.817, 162
Trd, 000100.600, 163
Trd, 000101.717, 165
Trd, 000102.033, 159
Trd, 000102.400, 167
Trd, 000103.633, 163
Trd, 000103.983, 167
Trd, 000104.417, 168
Trd, 000105.100, 169
Trd, 000105.800, 164
Trd, 000106.417, 167
Trd, 000106.700, 165
Trd, 000107.500, 165
Trd, 000107.717, 164
Trd, 000107.800, 164
Trd, 000108.900, 166
Trd, 000109.850, 167
Trd, 000109.983, 167
Trd, 000110.300, 166
Trd, 000110.433, 162
Trd, 000110.517, 166
Trd, 000111.200, 163
Trd, 000111.817, 162
Trd, 000112.500, 166
Trd, 000113.317, 162
Trd, 000113.517, 173
Trd, 000113.850, 169
Trd, 000114.800, 161
Trd, 000114.917, 160
Trd, 000115.083, 160
Trd, 000115.300, 168
Trd, 000115.750, 158
Trd, 000116.500, 158
Trd, 000117.817, 158
Trd, 000118.733, 158
Trd, 000120.150, 156
Trd, 000120.533, 160
Trd, 000120.967, 161
Trd, 000121.067, 160
Trd, 000121.583, 161
Trd, 000122.817, 162
Trd, 000123.183, 160
Trd, 000123.333, 159
Trd, 000125.050, 160
Trd, 000125.850, 162
Trd, 000126.083, 163
Trd, 000126.117, 161
Trd, 000127.167, 162
Trd, 000128.167, 161
Trd, 000128.317, 162
Trd, 000128.467, 161
Trd, 000129.200, 165
Trd, 000129.850, 163
Trd, 000130.300, 161
Trd, 000130.467, 162
Trd, 000130.517, 166
Trd, 000131.267, 153
Trd, 000132.033, 164
Trd, 000132.967, 163
Trd, 000133.750, 161
Trd, 000134.267, 162
Trd, 000134.300, 163
Trd, 000134.900, 161
Trd, 000136.517, 165
Trd, 000136.733, 162
Trd, 000136.750, 161
Trd, 000136.850, 165
Trd, 000137.850, 161
Trd, 000137.967, 162
Trd, 000138.483, 163
Trd, 000138.517, 168
Trd, 000140.483, 165
Trd, 000140.617, 164
Trd, 000140.683, 164
Trd, 000141.033, 162
Trd, 000141.450, 162
Trd, 000142.600, 162
Trd, 000142.917, 158
Trd, 000143.683, 159
Trd, 000144.283, 157
Trd, 000145.450, 162
Trd, 000146.350, 164
Trd, 000146.717, 163
Trd, 000147.483, 163
Trd, 000147.550, 163
Trd, 000148.067, 165
Trd, 000148.267, 166
Trd, 000148.583, 166
Trd, 000149.033, 175
Trd, 000149.667, 167
Trd, 000150.450, 171
Trd, 000150.650, 170
Trd, 000151.867, 168
Trd, 000152.200, 168
Trd, 000153.467, 168
Trd, 000153.667, 169
Trd, 000154.433, 168
Trd, 000155.717, 169
Trd, 000156.050, 168
Trd, 000156.283, 169
Trd, 000157.217, 168
Trd, 000157.317, 168
Trd, 000157.967, 178
Trd, 000158.167, 172
Trd, 000158.583, 167
Trd, 000158.867, 165
Trd, 000159.850, 170
Trd, 000159.983, 171
Trd, 000160.517, 170
Trd, 000160.800, 157
Trd, 000162.083, 161
Trd, 000162.517, 161
Trd, 000162.567, 162
Trd, 000163.283, 164
Trd, 000164.367, 167
Trd, 000164.533, 178
Trd, 000164.917, 167
Trd, 000165.150, 167
Trd, 000165.800, 180
Trd, 000166.300, 166
Trd, 000166.983, 161
Trd, 000167.050, 167
Trd, 000167.650, 164
Trd, 000169.100, 167
Trd, 000169.183, 168
Trd, 000169.500, 166
Trd, 000169.583, 164
Trd, 000170.417, 164
Trd, 000171.533, 163
Trd, 000172.733, 167
Trd, 000172.783, 167
Trd, 000173.267, 168
Trd, 000173.900, 166
Trd, 000173.983, 168
Trd, 000174.933, 168
Trd, 000175.000, 166
Trd, 000175.450, 164
Trd, 000176.433, 166
Trd, 000176.583, 166
Trd, 000177.167, 169
Trd, 000177.467, 166
Trd, 000178.750, 163
Trd, 000178.783, 165
Trd, 000179.133, 154
Trd, 000179.500, 165
Trd, 000179.550, 164
Trd, 000180.517, 163
Trd, 000181.417, 166
Trd, 000181.433, 161
Trd, 000181.700, 165
Trd, 000182.617, 165
Trd, 000183.067, 165
Trd, 000184.800, 168
Trd, 000185.067, 169
Trd, 000185.150, 168
Trd, 000185.583, 169
Trd, 000185.800, 171
Trd, 000185.833, 178
Trd, 000185.867, 167
Trd, 000186.117, 179
Trd, 000186.433, 180
Trd, 000188.433, 182
Trd, 000189.033, 172
Trd, 000189.350, 171
Trd, 000189.533, 181
Trd, 000191.000, 180
Trd, 000191.417, 178
Trd, 000191.567, 178
Trd, 000191.583, 177
Trd, 000192.483, 176
Trd, 000194.183, 176
Trd, 000194.400, 180
Trd, 000194.933, 175
Trd, 000195.100, 175
Trd, 000195.500, 175
Trd, 000195.833, 174
Trd, 000196.717, 173
Trd, 000197.267, 174
Trd, 000197.950, 172
Trd, 000198.167, 170
Trd, 000198.883, 157
Trd, 000198.983, 173
Trd, 000199.683, 173
Trd, 000200.383, 168
Trd, 000201.200, 168
Trd, 000202.350, 171
Trd, 000202.367, 168
Trd, 000202.583, 171
Trd, 000202.700, 170
Trd, 000202.933, 173
Trd, 000203.467, 173
Trd, 000204.467, 168
Trd, 000204.617, 168
Trd, 000206.767, 179
Trd, 000207.117, 173
Trd, 000207.783, 180
Trd, 000208.067, 176
Trd, 000209.383, 177
Trd, 000209.633, 178
Trd, 000209.700, 179
Trd, 000210.350, 182
Trd, 000210.650, 176
Trd, 000211.517, 177
Trd, 000212.283, 175
Trd, 000213.367, 176
Trd, 000213.533, 175
Trd, 000214.550, 175
Trd, 000215.217, 175
Trd, 000215.500, 176
Trd, 000216.233, 176
Trd, 000216.650, 175
Trd, 000216.667, 182
Trd, 000217.083, 174
Trd, 000217.183, 183
Trd, 000218.000, 171
Trd, 000218.333, 162
Trd, 000218.783, 159
Trd, 000219.917, 166
Trd, 000220.933, 170
Trd, 000221.317, 171
Trd, 000221.450, 172
Trd, 000221.733, 172
Trd, 000222.717, 171
Trd, 000223.567, 171
Trd, 000224.733, 172
Trd, 000224.750, 174
Trd, 000226.133, 172
Trd, 000226.433, 174
Trd, 000226.517, 177
Trd, 000226.817, 173
Trd, 000228.283, 172
Trd, 000228.450, 171
Trd, 000228.767, 160
Trd, 000229.100, 177
Trd, 000230.633, 176
Trd, 000231.150, 177
Trd, 000231.567, 171
Trd, 000233.050, 177
Trd, 000233.167, 177
Trd, 000234.117, 176
Trd, 000234.533, 173
Trd, 000235.333, 175
Trd, 000235.450, 178
Trd, 000235.733, 180
Trd, 000236.333, 175
Trd, 000236.917, 176
Trd, 000237.833, 178
Trd, 000238.450, 178
Trd, 000238.467, 177
Trd, 000238.483, 176
Trd, 000238.800, 175
Trd, 000239.317, 179
Trd, 000240.200, 177
Trd, 000240.400, 178
Trd, 000240.900, 178
Trd, 000241.183, 177
Trd, 000242.083, 177
Trd, 000242.767, 179
Trd, 000242.783, 179
Trd, 000243.200, 177
Trd, 000244.233, 178
Trd, 000244.683, 176
Trd, 000245.400, 176
Trd, 000245.433, 175
Trd, 000246.167, 176
Trd, 000247.083, 175
Trd, 000247.233, 176
Trd, 000248.250, 179
Trd, 000248.667, 179
Trd, 000248.767, 176
Trd, 000249.167, 181
Trd, 000249.300, 176
Trd, 000249.517, 176
Trd, 000249.600, 180
Trd, 000250.217, 175
Trd, 000250.550, 175
Trd, 000251.433, 174
Trd, 000251.617, 173
Trd, 000251.817, 176
Trd, 000252.017, 176
Trd, 000252.467, 174
Trd, 000253.450, 174
Trd, 000254.183, 172
Trd, 000254.217, 173
Trd, 000254.300, 165
Trd, 000254.850, 176
Trd, 000255.767, 170
Trd, 000256.633, 165
Trd, 000257.333, 174
Trd, 000257.550, 168
Trd, 000258.367, 171
Trd, 000258.383, 175
Trd, 000258.950, 168
Trd, 000260.383, 171
Trd, 000260.733, 177
Trd, 000261.183, 180
Trd, 000261.800, 176
Trd, 000262.167, 174
Trd, 000262.600, 175
Trd, 000263.867, 181
Trd, 000264.050, 173
Trd, 000265.233, 175
Trd, 000265.617, 176
Trd, 000265.683, 177
Trd, 000265.967, 175
Trd, 000266.567, 179
Trd, 000266.617, 174
Trd, 000268.017, 177
Trd, 000268.483, 179
Trd, 000268.900, 177
Trd, 000269.017, 176
Trd, 000270.283, 179
Trd, 000270.383, 179
Trd, 000271.033, 177
Trd, 000271.133, 179
Trd, 000271.200, 182
Trd, 000271.517, 176
Trd, 000272.000, 176
Trd, 000273.200, 177
Trd, 000273.433, 192
Trd, 000274.883, 180
Trd, 000275.300, 177
Trd, 000275.583, 181
Trd, 000276.000, 180
Trd, 000276.583, 181
Trd, 000277.317, 182
Trd, 000277.333, 183
Trd, 000277.783, 181
Trd, 000277.933, 178
Trd, 000277.967, 177
Trd, 000278.417, 175
Trd, 000278.750, 187
Trd, 000279.233, 185
Trd, 000279.367, 187
Trd, 000279.617, 190
Trd, 000279.867, 190
Trd, 000282.367, 188
Trd, 000282.383, 186
Trd, 000283.167, 186
Trd, 000283.350, 184
Trd, 000283.883, 183
Trd, 000283.933, 186
Trd, 000284.217, 186
Trd, 000284.383, 178
Trd, 000284.783, 185
Trd, 000285.333, 184
Trd, 000285.467, 185
Trd, 000287.317, 192
Trd, 000287.817, 193
Trd, 000288.000, 191
Trd, 000288.017, 183
Trd, 000288.067, 178
Trd, 000288.883, 182
Trd, 000289.767, 185
Trd, 000290.117, 185
Trd, 000290.167, 184
Trd, 000290.483, 185
Trd, 000291.450, 197
Trd, 000291.667, 192
Trd, 000292.283, 191
Trd, 000292.900, 191
Trd, 000292.967, 184
Trd, 000293.267, 185
Trd, 000294.867, 188
Trd, 000295.283, 186
Trd, 000295.317, 185
Trd, 000295.650, 184
Trd, 000296.167, 179
Trd, 000296.400, 184
Trd, 000297.200, 183
Trd, 000297.467, 186
Trd, 000297.900, 181
Trd, 000298.267, 181
Trd, 000299.183, 186
Trd, 000299.367, 187
Trd, 000299.467, 189
