Trd, 000000.350, 182
Trd, 000001.450, 186
Trd, 000002.000, 151
Trd, 000002.850, 149
Trd, 000004.150, 162
Trd, 000004.167, 162
Trd, 000004.717, 155
Trd, 000005.300, 151
Trd, 000006.833, 141
Trd, 000007.467, 147
Trd, 000007.683, 148
Trd, 000008.233, 149
Trd, 000008.300, 152
Trd, 000008.933, 156
Trd, 000010.667, 149
Trd, 000011.233, 152
Trd, 000011.483, 159
Trd, 000012.233, 150
Trd, 000013.083, 153
Trd, 000013.750, 154
Trd, 000014.417, 153
Trd, 000015.167, 156
Trd, 000015.183, 157
Trd, 000016.350, 159
Trd, 000017.150, 160
Trd, 000017.583, 158
Trd, 000018.450, 158
Trd, 000019.900, 157
Trd, 000020.233, 159
Trd, 000021.633, 157
Trd, 000021.667, 159
Trd, 000022.283, 157
Trd, 000022.467, 158
Trd, 000022.850, 158
Trd, 000023.600, 158
Trd, 000024.317, 158
Trd, 000025.233, 160
Trd, 000026.450, 158
Trd, 000026.550, 153
Trd, 000026.833, 158
Trd, 000027.933, 156
Trd, 000027.983, 159
Trd, 000028.400, 157
Trd, 000028.883, 158
Trd, 000029.983, 158
Trd, 000031.133, 158
Trd, 000033.217, 156
Trd, 000033.633, 147
Trd, 000033.817, 154
Trd, 000034.083, 155
Trd, 000035.150, 154
Trd, 000035.433, 153
Trd, 000036.000, 161
Trd, 000038.050, 157
Trd, 000038.300, 158
Trd, 000038.650, 159
Trd, 000039.200, 162
Trd, 000039.733, 155
Trd, 000040.217, 164
Trd, 000041.000, 155
Trd, 000041.917, 161
Trd, 000042.433, 163
Trd, 000043.267, 163
Trd, 000043.800, 163
Trd, 000044.533, 162
Trd, 000044.650, 162
Trd, 000044.767, 160
Trd, 000045.250, 159
Trd, 000045.800, 161
Trd, 000046.467, 153
Trd, 000047.633, 144
Trd, 000047.917, 152
Trd, 000049.967, 153
Trd, 000050.200, 154
Trd, 000050.917, 156
Trd, 000051.017, 153
Trd, 000052.333, 155
Trd, 000053.267, 154
Trd, 000053.600, 156
Trd, 000054.333, 155
Trd, 000054.367, 154
Trd, 000055.017, 163
Trd, 000055.333, 161
Trd, 000056.183, 162
Trd, 000056.583, 163
Trd, 000057.900, 164
Trd, 000057.967, 163
Trd, 000058.833, 162
Trd, 000059.017, 161
Trd, 000059.067, 156
Trd, 000060.017, 163
Trd, 000060.150, 158
Trd, 000060.733, 161
Trd, 000061.233, 165
Trd, 000062.500, 159
Trd, 000063.200, 159
Trd, 000063.483, 159
Trd, 000064.783, 166
Trd, 000065.733, 163
Trd, 000067.533, 158
Trd, 000067.783, 157
Trd, 000067.817, 160
Trd, 000068.117, 158
Trd, 000069.283, 162
Trd, 000069.883, 158
Trd, 000070.800, 163
Trd, 000071.217, 163
Trd, 000071.283, 162
Trd, 000072.250, 162
Trd, 000072.667, 165
Trd, 000073.067, 161
Trd, 000074.033, 163
Trd, 000074.550, 163
Trd, 000074.950, 158
Trd, 000076.017, 164
Trd, 000076.683, 165
Trd, 000077.600, 164
Trd, 000078.917, 163
Trd, 000079.133, 152
Trd, 000079.517, 148
Trd, 000080.183, 152
Trd, 000082.100, 151
Trd, 000082.517, 156
Trd, 000082.667, 165
Trd, 000084.233, 163
Trd, 000085.467, 164
Trd, 000085.633, 163
Trd, 000086.883, 161
Trd, 000086.917, 164
Trd, 000087.000, 167
Trd, 000087.200, 160
Trd, 000087.800, 171
Trd, 000087.900, 159
Trd, 000088.700, 160
Trd, 000089.083, 149
Trd, 000090.767, 155
Trd, 000091.000, 162
Trd, 000091.800, 161
Trd, 000092.667, 161
Trd, 000093.567, 162
Trd, 000095.267, 161
Trd, 000095.333, 161
Trd, 000095.933, 160
Trd, 000096.417, 161
Trd, 000096.517, 161
Trd, 000096.933, 164
Trd, 000097.383, 167
Trd, 000098.133, 166
Trd, 000099.067, 164
Trd, 000099.467, 165
Trd, 000099.600, 163
Trd, 000100.467, 163
Trd, 000101.117, 166
Trd, 000104.017, 165
Trd, 000104.250, 165
Trd, 000104.617, 165
Trd, 000105.167, 163
Trd, 000105.417, 161
Trd, 000106.117, 163
Trd, 000106.433, 161
Trd, 000106.533, 164
Trd, 000107.183, 160
Trd, 000107.567, 168
Trd, 000109.500, 165
Trd, 000110.417, 164
Trd, 000111.150, 165
Trd, 000112.333, 165
Trd, 000112.350, 166
Trd, 000112.700, 164
Trd, 000113.667, 165
Trd, 000113.717, 164
Trd, 000114.333, 163
Trd, 000115.433, 165
Trd, 000116.017, 164
Trd, 000117.017, 164
Trd, 000117.200, 165
Trd, 000117.700, 164
Trd, 000117.783, 166
Trd, 000118.567, 164
Trd, 000120.267, 165
Trd, 000120.450, 166
Trd, 000120.983, 167
Trd, 000122.200, 169
Trd, 000123.633, 167
Trd, 000124.117, 169
Trd, 000124.533, 173
Trd, 000124.967, 172
Trd, 000124.983, 171
Trd, 000125.583, 172
Trd, 000126.217, 173
Trd, 000126.367, 173
Trd, 000127.300, 168
Trd, 000128.533, 169
Trd, 000128.650, 173
Trd, 000129.767, 171
Trd, 000129.900, 175
Trd, 000130.333, 170
Trd, 000131.517, 170
Trd, 000131.567, 168
Trd, 000133.717, 168
Trd, 000134.150, 169
Trd, 000134.917, 166
Trd, 000135.233, 169
Trd, 000135.483, 168
Trd, 000135.883, 171
Trd, 000136.967, 164
Trd, 000137.050, 154
Trd, 000138.183, 159
Trd, 000139.367, 160
Trd, 000140.033, 162
Trd, 000141.050, 163
Trd, 000141.250, 164
Trd, 000142.500, 169
Trd, 000143.600, 170
Trd, 000144.283, 170
Trd, 000144.717, 169
Trd, 000144.917, 170
Trd, 000145.067, 165
Trd, 000146.117, 162
Trd, 000147.417, 167
Trd, 000148.317, 169
Trd, 000149.200, 171
Trd, 000149.283, 170
Trd, 000149.367, 170
Trd, 000149.950, 171
Trd, 000150.617, 172
Trd, 000150.817, 170
Trd, 000151.033, 167
Trd, 000153.267, 163
Trd, 000153.767, 162
Trd, 000154.000, 161
Trd, 000154.333, 163
Trd, 000154.617, 163
Trd, 000155.850, 166
Trd, 000156.300, 164
Trd, 000157.567, 166
Trd, 000158.183, 171
Trd, 000158.217, 167
Trd, 000158.367, 178
Trd, 000160.133, 169
Trd, 000160.517, 169
Trd, 000161.317, 168
Trd, 000161.383, 167
Trd, 000163.817, 169
Trd, 000164.183, 169
Trd, 000164.317, 168
Trd, 000164.800, 169
Trd, 000166.033, 170
Trd, 000166.600, 170
Trd, 000167.017, 175
Trd, 000167.250, 178
Trd, 000168.500, 174
Trd, 000169.967, 173
Trd, 000170.067, 172
Trd, 000170.333, 172
Trd, 000171.533, 171
Trd, 000171.800, 168
Trd, 000172.550, 166
Trd, 000173.283, 168
Trd, 000173.433, 168
Trd, 000174.050, 169
Trd, 000174.283, 170
Trd, 000174.533, 169
Trd, 000174.933, 171
Trd, 000176.000, 171
Trd, 000177.683, 172
Trd, 000178.450, 170
Trd, 000179.467, 170
Trd, 000180.967, 173
Trd, 000181.317, 174
Trd, 000181.450, 174
Trd, 000181.500, 176
Trd, 000182.433, 171
Trd, 000182.733, 170
Trd, 000182.800, 169
Trd, 000183.800, 171
Trd, 000184.383, 171
Trd, 000184.450, 160
Trd, 000184.883, 174
Trd, 000185.333, 183
Trd, 000186.700, 174
Trd, 000186.800, 174
Trd, 000188.200, 174
Trd, 000188.583, 175
Trd, 000188.700, 175
Trd, 000189.800, 177
Trd, 000190.367, 174
Trd, 000190.900, 175
Trd, 000190.983, 176
Trd, 000191.583, 175
Trd, 000192.400, 175
Trd, 000192.633, 180
Trd, 000194.600, 177
Trd, 000195.233, 176
Trd, 000195.433, 177
Trd, 000196.250, 175
Trd, 000196.300, 178
Trd, 000197.750, 174
Trd, 000198.217, 174
Trd, 000198.950, 177
Trd, 000199.483, 178
Trd, 000200.200, 178
Trd, 000200.467, 178
Trd, 000201.550, 176
Trd, 000202.200, 175
Trd, 000203.200, 177
Trd, 000203.967, 175
Trd, 000205.233, 175
Trd, 000205.350, 176
Trd, 000205.867, 181
Trd, 000206.800, 177
Trd, 000206.967, 178
Trd, 000207.767, 180
Trd, 000208.067, 180
Trd, 000208.650, 180
Trd, 000211.650, 178
Trd, 000211.767, 178
Trd, 000212.567, 178
Trd, 000212.750, 179
Trd, 000212.883, 177
Trd, 000214.067, 179
Trd, 000214.600, 177
Trd, 000215.083, 179
Trd, 000215.300, 177
Trd, 000216.717, 177
Trd, 000218.167, 175
Trd, 000218.417, 177
Trd, 000218.850, 175
Trd, 000219.667, 173
Trd, 000220.100, 177
Trd, 000221.067, 178
Trd, 000221.617, 179
Trd, 000221.667, 175
Trd, 000223.333, 179
Trd, 000223.600, 178
Trd, 000224.000, 180
Trd, 000224.350, 178
Trd, 000226.067, 179
Trd, 000226.167, 180
Trd, 000226.783, 178
Trd, 000228.517, 178
Trd, 000228.533, 179
Trd, 000229.533, 177
Trd, 000230.733, 176
Trd, 000231.033, 175
Trd, 000231.367, 174
Trd, 000231.633, 163
Trd, 000233.367, 173
Trd, 000233.733, 169
Trd, 000234.250, 170
Trd, 000234.550, 171
Trd, 000235.667, 184
Trd, 000237.433, 176
Trd, 000237.733, 184
Trd, 000238.350, 180
Trd, 000238.417, 182
Trd, 000240.000, 181
Trd, 000240.367, 179
Trd, 000240.400, 178
Trd, 000240.650, 178
Trd, 000240.783, 177
Trd, 000241.333, 175
Trd, 000241.350, 172
Trd, 000241.717, 176
Trd, 000242.050, 179
Trd, 000242.367, 175
Trd, 000243.200, 179
Trd, 000243.450, 186
Trd, 000244.000, 188
Trd, 000244.100, 185
Trd, 000245.167, 181
Trd, 000245.650, 182
Trd, 000245.700, 179
Trd, 000245.867, 182
Trd, 000246.717, 182
Trd, 000246.867, 183
Trd, 000247.417, 182
Trd, 000247.467, 181
Trd, 000247.650, 179
Trd, 000247.883, 179
Trd, 000247.933, 177
Trd, 000248.267, 179
Trd, 000248.433, 182
Trd, 000249.233, 182
Trd, 000250.717, 182
Trd, 000250.817, 181
Trd, 000251.400, 180
Trd, 000251.683, 180
Trd, 000252.217, 178
Trd, 000252.367, 177
Trd, 000252.900, 178
Trd, 000253.550, 176
Trd, 000253.683, 180
Trd, 000253.967, 182
Trd, 000254.133, 174
Trd, 000255.500, 172
Trd, 000256.000, 179
Trd, 000256.267, 178
Trd, 000256.533, 177
Trd, 000256.667, 179
Trd, 000256.833, 176
Trd, 000257.500, 172
Trd, 000257.700, 169
Trd, 000258.083, 172
Trd, 000259.400, 171
Trd, 000259.850, 173
Trd, 000260.833, 172
Trd, 000261.067, 170
Trd, 000261.133, 175
Trd, 000261.233, 172
Trd, 000261.417, 177
Trd, 000261.617, 177
Trd, 000263.567, 179
Trd, 000263.683, 176
Trd, 000264.000, 175
Trd, 000264.917, 179
Trd, 000265.100, 178
Trd, 000265.683, 179
Trd, 000266.083, 177
Trd, 000266.533, 170
Trd, 000267.350, 180
Trd, 000267.833, 178
Trd, 000268.667, 176
Trd, 000268.767, 175
Trd, 000269.817, 167
Trd, 000270.633, 175
Trd, 000270.983, 180
Trd, 000271.100, 182
Trd, 000271.400, 172
Trd, 000271.983, 176
Trd, 000272.250, 178
Trd, 000272.433, 182
Trd, 000272.867, 184
Trd, 000273.483, 184
Trd, 000273.533, 183
Trd, 000273.967, 183
Trd, 000274.200, 184
Trd, 000274.583, 182
Trd, 000274.633, 181
Trd, 000274.700, 185
Trd, 000275.367, 181
Trd, 000276.400, 185
Trd, 000277.150, 183
Trd, 000277.367, 183
Trd, 000277.383, 184
Trd, 000277.683, 183
Trd, 000277.767, 182
Trd, 000278.817, 189
Trd, 000278.883, 192
Trd, 000279.217, 188
Trd, 000279.900, 186
Trd, 000280.117, 185
Trd, 000280.517, 186
Trd, 000280.750, 180
Trd, 000280.783, 181
Trd, 000280.967, 179
Trd, 000281.500, 179
Trd, 000281.733, 180
Trd, 000281.800, 180
Trd, 000283.150, 178
Trd, 000283.750, 182
Trd, 000283.917, 183
Trd, 000284.033, 186
Trd, 000284.067, 192
Trd, 000285.633, 179
Trd, 000285.783, 176
Trd, 000286.650, 178
Trd, 000286.833, 178
Trd, 000286.917, 176
Trd, 000287.383, 168
Trd, 000287.717, 170
Trd, 000287.917, 169
Trd, 000288.317, 170
Trd, 000288.483, 173
Trd, 000288.567, 166
Trd, 000288.883, 172
Trd, 000289.933, 166
Trd, 000290.050, 177
Trd, 000290.883, 180
Trd, 000291.567, 184
Trd, 000292.633, 193
Trd, 000292.767, 186
Trd, 000293.283, 185
Trd, 000293.400, 184
Trd, 000293.550, 187
Trd, 000294.083, 184
Trd, 000294.500, 184
Trd, 000294.850, 180
Trd, 000295.483, 182
Trd, 000295.833, 190
Trd, 000295.900, 193
Trd, 000295.950, 182
Trd, 000296.033, 194
Trd, 000297.450, 193
Trd, 000297.517, 194
Trd, 000298.567, 186
Trd, 000299.267, 186
Trd, 000299.317, 186
Trd, 000299.433, 186
Trd, 000299.817, 187
