Trd, 000001.583, 118
Trd, 000001.600, 157
Trd, 000002.100, 137
Trd, 000002.317, 156
Trd, 000002.500, 146
Trd, 000005.000, 148
Trd, 000006.150, 152
Trd, 000006.483, 151
Trd, 000006.700, 151
Trd, 000007.267, 150
Trd, 000007.333, 152
Trd, 000007.350, 155
Trd, 000007.567, 155
Trd, 000008.867, 150
Trd, 000011.700, 150
Trd, 000012.383, 150
Trd, 000012.617, 150
Trd, 000012.767, 152
Trd, 000012.917, 149
Trd, 000014.200, 152
Trd, 000014.783, 150
Trd, 000016.250, 153
Trd, 000016.367, 156
Trd, 000016.650, 154
Trd, 000016.733, 157
Trd, 000017.333, 157
Trd, 000018.433, 155
Trd, 000018.783, 155
Trd, 000019.083, 154
Trd, 000019.367, 156
Trd, 000020.500, 157
Trd, 000020.667, 157
Trd, 000022.400, 157
Trd, 000022.433, 156
Trd, 000023.133, 158
Trd, 000023.983, 157
Trd, 000024.400, 158
Trd, 000024.633, 155
Trd, 000025.267, 157
Trd, 000026.850, 157
Trd, 000026.917, 158
Trd, 000027.800, 156
Trd, 000027.933, 158
Trd, 000028.217, 160
Trd, 000028.750, 157
Trd, 000029.017, 156
Trd, 000029.100, 167
Trd, 000030.833, 163
Trd, 000031.867, 160
Trd, 000031.967, 159
Trd, 000032.117, 164
Trd, 000032.550, 161
Trd, 000033.283, 165
Trd, 000033.850, 166
Trd, 000035.333, 168
Trd, 000035.383, 170
Trd, 000035.700, 165
Trd, 000037.300, 168
Trd, 000038.333, 166
Trd, 000038.417, 166
Trd, 000038.550, 165
Trd, 000038.667, 165
Trd, 000038.967, 161
Trd, 000039.017, 159
Trd, 000039.283, 165
Trd, 000040.100, 152
Trd, 000041.133, 163
Trd, 000041.933, 167
Trd, 000042.183, 166
Trd, 000042.283, 168
Trd, 000043.350, 164
Trd, 000044.200, 163
Trd, 000044.383, 160
Trd, 000045.183, 162
Trd, 000045.517, 161
Trd, 000046.267, 160
Trd, 000046.700, 165
Trd, 000046.850, 161
Trd, 000046.967, 173
Trd, 000047.600, 170
Trd, 000048.833, 175
Trd, 000049.667, 154
Trd, 000050.317, 154
Trd, 000050.833, 157
Trd, 000050.867, 160
Trd, 000050.933, 160
Trd, 000051.183, 159
Trd, 000051.333, 159
Trd, 000052.250, 160
Trd, 000052.300, 159
Trd, 000052.850, 161
Trd, 000054.700, 160
Trd, 000055.833, 159
Trd, 000056.300, 158
Trd, 000056.367, 158
Trd, 000056.933, 159
Trd, 000057.483, 159
Trd, 000057.833, 161
Trd, 000058.150, 157
Trd, 000059.083, 160
Trd, 000059.333, 159
Trd, 000060.017, 160
Trd, 000060.850, 161
Trd, 000062.717, 159
Trd, 000062.800, 161
Trd, 000062.867, 158
Trd, 000063.100, 161
Trd, 000063.883, 162
Trd, 000064.117, 163
Trd, 000064.333, 162
Trd, 000064.583, 161
Trd, 000064.833, 162
Trd, 000065.517, 162
Trd, 000066.650, 161
Trd, 000066.717, 163
Trd, 000067.150, 160
Trd, 000067.717, 161
Trd, 000069.033, 161
Trd, 000070.483, 160
Trd, 000070.550, 160
Trd, 000070.633, 162
Trd, 000070.817, 162
Trd, 000072.317, 164
Trd, 000073.567, 161
Trd, 000073.950, 164
Trd, 000074.500, 164
Trd, 000074.967, 160
Trd, 000075.517, 160
Trd, 000075.933, 160
Trd, 000076.067, 162
Trd, 000076.517, 164
Trd, 000077.600, 161
Trd, 000078.700, 162
Trd, 000079.767, 161
Trd, 000080.383, 162
Trd, 000081.000, 162
Trd, 000081.500, 163
Trd, 000083.483, 161
Trd, 000083.550, 163
Trd, 000085.183, 161
Trd, 000085.483, 161
Trd, 000085.700, 160
Trd, 000085.800, 160
Trd, 000085.917, 156
Trd, 000086.550, 162
Trd, 000087.900, 158
Trd, 000088.117, 159
Trd, 000088.300, 160
Trd, 000088.667, 159
Trd, 000089.367, 162
Trd, 000089.933, 161
Trd, 000090.000, 162
Trd, 000090.150, 164
Trd, 000091.283, 162
Trd, 000092.617, 163
Trd, 000092.700, 164
Trd, 000093.083, 161
Trd, 000093.583, 160
Trd, 000094.183, 162
Trd, 000094.417, 163
Trd, 000095.717, 164
Trd, 000097.333, 163
Trd, 000098.000, 163
Trd, 000098.633, 162
Trd, 000099.133, 161
Trd, 000099.167, 160
Trd, 000099.300, 162
Trd, 000099.917, 158
Trd, 000100.833, 162
Trd, 000102.000, 165
Trd, 000102.067, 157
Trd, 000103.683, 161
Trd, 000104.017, 161
Trd, 000104.167, 161
Trd, 000104.250, 161
Trd, 000104.400, 162
Trd, 000104.767, 161
Trd, 000105.933, 174
Trd, 000106.367, 169
Trd, 000106.467, 170
Trd, 000107.600, 170
Trd, 000108.433, 168
Trd, 000108.533, 168
Trd, 000108.650, 169
Trd, 000109.850, 166
Trd, 000110.333, 165
Trd, 000111.000, 167
Trd, 000111.217, 174
Trd, 000111.767, 181
Trd, 000112.567, 166
Trd, 000113.133, 166
Trd, 000113.433, 187
Trd, 000114.550, 186
Trd, 000115.733, 175
Trd, 000116.567, 172
Trd, 000117.133, 171
Trd, 000117.700, 170
Trd, 000118.167, 168
Trd, 000118.667, 169
Trd, 000118.833, 167
Trd, 000119.250, 169
Trd, 000119.883, 168
Trd, 000120.500, 168
Trd, 000121.083, 167
Trd, 000122.050, 168
Trd, 000122.250, 169
Trd, 000122.550, 168
Trd, 000122.617, 170
Trd, 000122.650, 171
Trd, 000123.917, 167
Trd, 000124.033, 166
Trd, 000124.300, 167
Trd, 000124.433, 165
Trd, 000125.383, 165
Trd, 000125.650, 165
Trd, 000126.917, 163
Trd, 000127.683, 164
Trd, 000127.700, 163
Trd, 000128.267, 165
Trd, 000128.633, 164
Trd, 000129.500, 176
Trd, 000129.817, 175
Trd, 000130.217, 169
Trd, 000132.267, 168
Trd, 000132.350, 168
Trd, 000132.567, 161
Trd, 000133.950, 161
Trd, 000134.200, 163
Trd, 000134.583, 161
Trd, 000135.083, 163
Trd, 000135.250, 162
Trd, 000135.550, 169
Trd, 000135.833, 169
Trd, 000136.200, 171
Trd, 000136.533, 161
Trd, 000136.633, 162
Trd, 000136.733, 177
Trd, 000137.600, 172
Trd, 000138.033, 163
Trd, 000139.000, 171
Trd, 000139.483, 170
Trd, 000139.917, 170
Trd, 000140.117, 171
Trd, 000140.883, 172
Trd, 000142.083, 169
Trd, 000142.383, 170
Trd, 000142.433, 169
Trd, 000143.483, 169
Trd, 000144.467, 171
Trd, 000144.750, 178
Trd, 000144.867, 169
Trd, 000146.000, 169
Trd, 000146.300, 162
Trd, 000147.567, 167
Trd, 000147.700, 167
Trd, 000148.217, 167
Trd, 000148.950, 166
Trd, 000149.867, 166
Trd, 000150.150, 166
Trd, 000150.367, 164
Trd, 000151.550, 166
Trd, 000151.883, 163
Trd, 000152.367, 167
Trd, 000154.117, 165
Trd, 000154.283, 167
Trd, 000155.950, 168
Trd, 000155.983, 169
Trd, 000156.467, 167
Trd, 000156.733, 166
Trd, 000157.083, 167
Trd, 000157.217, 165
Trd, 000158.883, 165
Trd, 000159.217, 168
Trd, 000159.383, 170
Trd, 000160.183, 164
Trd, 000160.500, 168
Trd, 000160.800, 168
Trd, 000162.167, 166
Trd, 000162.217, 165
Trd, 000163.917, 164
Trd, 000163.933, 164
Trd, 000164.317, 164
Trd, 000164.533, 164
Trd, 000164.650, 168
Trd, 000165.483, 167
Trd, 000166.000, 170
Trd, 000167.400, 170
Trd, 000167.500, 171
Trd, 000168.000, 172
Trd, 000168.317, 170
Trd, 000168.967, 172
Trd, 000170.417, 170
Trd, 000170.633, 170
Trd, 000170.783, 169
Trd, 000171.233, 171
Trd, 000172.300, 168
Trd, 000172.533, 174
Trd, 000173.550, 170
Trd, 000173.783, 168
Trd, 000173.983, 165
Trd, 000174.317, 167
Trd, 000175.100, 166
Trd, 000175.700, 166
Trd, 000176.450, 167
Trd, 000176.500, 166
Trd, 000178.033, 167
Trd, 000178.167, 166
Trd, 000178.617, 172
Trd, 000179.433, 166
Trd, 000179.883, 166
Trd, 000180.467, 165
Trd, 000180.517, 166
Trd, 000180.717, 173
Trd, 000181.667, 166
Trd, 000181.700, 169
Trd, 000182.383, 176
Trd, 000182.567, 183
Trd, 000183.300, 176
Trd, 000183.683, 181
Trd, 000184.417, 199
Trd, 000186.517, 184
Trd, 000186.600, 182
Trd, 000187.133, 182
Trd, 000188.133, 182
Trd, 000188.283, 181
Trd, 000189.817, 179
Trd, 000190.050, 178
Trd, 000190.383, 177
Trd, 000190.850, 176
Trd, 000191.567, 173
Trd, 000191.633, 169
Trd, 000193.717, 172
Trd, 000193.833, 169
Trd, 000193.950, 171
Trd, 000194.467, 171
Trd, 000195.033, 174
Trd, 000196.250, 172
Trd, 000196.483, 172
Trd, 000197.600, 176
Trd, 000198.300, 172
Trd, 000198.550, 172
Trd, 000199.683, 171
Trd, 000199.833, 171
Trd, 000199.900, 172
Trd, 000200.583, 171
Trd, 000200.733, 172
Trd, 000201.417, 177
Trd, 000201.967, 171
Trd, 000202.267, 171
Trd, 000202.917, 178
Trd, 000203.617, 175
Trd, 000204.850, 177
Trd, 000205.167, 174
Trd, 000205.867, 173
Trd, 000206.250, 173
Trd, 000207.633, 169
Trd, 000208.533, 171
Trd, 000209.133, 172
Trd, 000209.233, 172
Trd, 000210.367, 171
Trd, 000211.133, 171
Trd, 000211.883, 170
Trd, 000212.067, 169
Trd, 000212.317, 169
Trd, 000212.483, 167
Trd, 000212.667, 169
Trd, 000212.817, 172
Trd, 000214.300, 169
Trd, 000214.650, 168
Trd, 000214.667, 169
Trd, 000216.383, 169
Trd, 000217.283, 169
Trd, 000217.433, 171
Trd, 000218.350, 176
Trd, 000218.800, 170
Trd, 000219.617, 172
Trd, 000220.017, 170
Trd, 000220.183, 172
Trd, 000220.217, 173
Trd, 000220.600, 173
Trd, 000220.950, 174
Trd, 000221.233, 175
Trd, 000222.067, 175
Trd, 000222.133, 173
Trd, 000223.583, 172
Trd, 000223.650, 173
Trd, 000224.600, 174
Trd, 000224.700, 175
Trd, 000224.933, 175
Trd, 000227.050, 177
Trd, 000228.117, 177
Trd, 000228.333, 176
Trd, 000229.283, 176
Trd, 000229.517, 174
Trd, 000229.583, 175
Trd, 000229.833, 178
Trd, 000230.517, 174
Trd, 000231.267, 174
Trd, 000233.133, 176
Trd, 000233.283, 176
Trd, 000233.467, 175
Trd, 000234.517, 174
Trd, 000235.333, 172
Trd, 000235.367, 171
Trd, 000236.050, 172
Trd, 000236.200, 171
Trd, 000236.800, 171
Trd, 000237.667, 172
Trd, 000237.983, 171
Trd, 000238.167, 177
Trd, 000238.483, 172
Trd, 000238.550, 174
Trd, 000238.867, 175
Trd, 000240.200, 171
Trd, 000240.267, 172
Trd, 000240.433, 171
Trd, 000240.633, 172
Trd, 000240.783, 172
Trd, 000240.817, 172
Trd, 000241.100, 173
Trd, 000242.733, 176
Trd, 000243.200, 175
Trd, 000244.633, 175
Trd, 000245.133, 175
Trd, 000245.550, 175
Trd, 000245.567, 174
Trd, 000245.783, 173
Trd, 000246.117, 176
Trd, 000246.417, 172
Trd, 000246.583, 168
Trd, 000247.050, 165
Trd, 000247.233, 164
Trd, 000247.550, 166
Trd, 000247.650, 161
Trd, 000249.067, 168
Trd, 000249.200, 166
Trd, 000249.450, 169
Trd, 000249.517, 176
Trd, 000250.067, 176
Trd, 000250.567, 178
Trd, 000251.550, 172
Trd, 000252.383, 173
Trd, 000252.467, 174
Trd, 000252.533, 175
Trd, 000252.667, 173
Trd, 000252.867, 172
Trd, 000253.550, 176
Trd, 000254.433, 178
Trd, 000255.083, 180
Trd, 000255.883, 175
Trd, 000256.050, 174
Trd, 000256.550, 177
Trd, 000257.217, 181
Trd, 000258.400, 177
Trd, 000258.633, 176
Trd, 000258.850, 175
Trd, 000258.950, 179
Trd, 000260.350, 178
Trd, 000260.500, 176
Trd, 000260.650, 177
Trd, 000260.717, 176
Trd, 000261.500, 176
Trd, 000262.000, 177
Trd, 000262.033, 175
Trd, 000262.650, 177
Trd, 000264.083, 176
Trd, 000264.167, 177
Trd, 000264.417, 174
Trd, 000264.517, 176
Trd, 000264.917, 174
Trd, 000265.417, 174
Trd, 000265.517, 175
Trd, 000267.033, 174
Trd, 000268.217, 180
Trd, 000268.467, 176
Trd, 000269.867, 177
Trd, 000270.167, 175
Trd, 000270.417, 178
Trd, 000271.383, 176
Trd, 000271.550, 175
Trd, 000271.833, 175
Trd, 000271.850, 177
Trd, 000272.917, 176
Trd, 000273.033, 177
Trd, 000273.067, 176
Trd, 000273.383, 179
Trd, 000273.683, 182
Trd, 000274.333, 185
Trd, 000275.167, 176
Trd, 000275.500, 175
Trd, 000275.683, 175
Trd, 000275.700, 177
Trd, 000276.050, 175
Trd, 000276.583, 183
Trd, 000276.633, 182
Trd, 000277.383, 184
Trd, 000277.567, 182
Trd, 000277.617, 181
Trd, 000278.450, 180
Trd, 000278.517, 181
Trd, 000278.800, 180
Trd, 000279.450, 179
Trd, 000279.533, 179
Trd, 000279.650, 176
Trd, 000281.017, 177
Trd, 000281.333, 176
Trd, 000282.317, 174
Trd, 000282.617, 182
Trd, 000282.667, 185
Trd, 000283.167, 173
Trd, 000283.950, 176
Trd, 000284.017, 177
Trd, 000284.100, 186
Trd, 000285.700, 176
Trd, 000286.250, 175
Trd, 000286.983, 177
Trd, 000287.583, 177
Trd, 000287.850, 176
Trd, 000288.367, 175
Trd, 000289.100, 174
Trd, 000289.167, 173
Trd, 000289.200, 177
Trd, 000289.417, 178
Trd, 000290.300, 185
Trd, 000290.650, 181
Trd, 000291.100, 177
Trd, 000291.150, 181
Trd, 000291.200, 173
Trd, 000291.917, 175
Trd, 000292.283, 177
Trd, 000292.500, 176
Trd, 000293.033, 178
Trd, 000293.467, 176
Trd, 000293.800, 177
Trd, 000294.550, 175
Trd, 000294.950, 176
Trd, 000295.250, 175
Trd, 000295.617, 186
Trd, 000295.867, 187
Trd, 000296.200, 179
Trd, 000296.617, 178
Trd, 000296.733, 184
Trd, 000296.783, 178
Trd, 000297.533, 179
Trd, 000297.633, 178
Trd, 000298.183, 182
Trd, 000298.200, 172
Trd, 000298.233, 183
Trd, 000298.583, 184
Trd, 000299.133, 176
Trd, 000299.733, 175
Trd, 000299.950, 184
