Trd, 000001.700, 125
Trd, 000002.183, 134
Trd, 000002.750, 141
Trd, 000003.100, 149
Trd, 000003.433, 150
Trd, 000003.617, 132
Trd, 000004.467, 146
Trd, 000004.817, 133
Trd, 000005.533, 145
Trd, 000006.900, 143
Trd, 000008.117, 151
Trd, 000008.383, 152
Trd, 000008.983, 147
Trd, 000009.117, 147
Trd, 000009.383, 146
Trd, 000009.900, 145
Trd, 000010.650, 149
Trd, 000011.817, 146
Trd, 000011.883, 145
Trd, 000012.183, 145
Trd, 000012.800, 146
Trd, 000012.983, 146
Trd, 000013.050, 145
Trd, 000013.500, 146
Trd, 000014.050, 146
Trd, 000014.167, 144
Trd, 000014.433, 147
Trd, 000014.700, 150
Trd, 000016.483, 146
Trd, 000016.767, 150
Trd, 000017.317, 146
Trd, 000017.850, 152
Trd, 000018.483, 153
Trd, 000020.067, 150
Trd, 000020.100, 149
Trd, 000020.267, 147
Trd, 000020.533, 151
Trd, 000021.017, 153
Trd, 000021.300, 152
Trd, 000021.950, 153
Trd, 000022.300, 149
Trd, 000022.967, 148
Trd, 000023.183, 152
Trd, 000023.333, 154
Trd, 000025.333, 149
Trd, 000025.867, 153
Trd, 000026.150, 153
Trd, 000027.800, 154
Trd, 000028.300, 154
Trd, 000028.683, 154
Trd, 000028.900, 156
Trd, 000029.900, 154
Trd, 000030.500, 151
Trd, 000030.767, 150
Trd, 000031.850, 150
Trd, 000031.917, 151
Trd, 000032.300, 147
Trd, 000032.517, 144
Trd, 000033.000, 149
Trd, 000033.133, 146
Trd, 000034.300, 147
Trd, 000034.550, 147
Trd, 000034.583, 147
Trd, 000035.067, 149
Trd, 000035.567, 151
Trd, 000037.117, 149
Trd, 000037.417, 136
Trd, 000037.583, 138
Trd, 000037.650, 149
Trd, 000037.800, 154
Trd, 000038.183, 155
Trd, 000040.117, 156
Trd, 000040.433, 156
Trd, 000041.100, 155
Trd, 000041.167, 153
Trd, 000041.850, 155
Trd, 000042.133, 155
Trd, 000042.567, 154
Trd, 000042.583, 153
Trd, 000043.283, 154
Trd, 000043.383, 152
Trd, 000043.783, 152
Trd, 000044.017, 151
Trd, 000044.200, 152
Trd, 000044.950, 151
Trd, 000045.250, 154
Trd, 000047.167, 163
Trd, 000047.433, 171
Trd, 000047.733, 164
Trd, 000048.567, 170
Trd, 000048.833, 162
Trd, 000049.217, 162
Trd, 000049.583, 149
Trd, 000051.417, 157
Trd, 000051.483, 156
Trd, 000053.367, 167
Trd, 000053.417, 163
Trd, 000053.517, 168
Trd, 000054.100, 165
Trd, 000054.167, 163
Trd, 000055.533, 162
Trd, 000056.550, 163
Trd, 000056.633, 162
Trd, 000057.083, 162
Trd, 000057.483, 161
Trd, 000057.783, 163
Trd, 000059.200, 161
Trd, 000059.400, 160
Trd, 000059.650, 159
Trd, 000060.600, 160
Trd, 000062.167, 160
Trd, 000063.333, 160
Trd, 000063.450, 159
Trd, 000063.667, 159
Trd, 000063.800, 158
Trd, 000064.767, 159
Trd, 000064.783, 157
Trd, 000064.817, 161
Trd, 000065.917, 156
Trd, 000066.200, 160
Trd, 000066.650, 160
Trd, 000067.333, 158
Trd, 000067.683, 158
Trd, 000068.767, 158
Trd, 000068.800, 158
Trd, 000069.583, 155
Trd, 000071.167, 155
Trd, 000071.333, 154
Trd, 000072.000, 157
Trd, 000072.350, 158
Trd, 000072.683, 159
Trd, 000072.867, 158
Trd, 000074.300, 153
Trd, 000075.350, 154
Trd, 000075.867, 151
Trd, 000076.567, 149
Trd, 000076.817, 152
Trd, 000077.433, 151
Trd, 000077.567, 150
Trd, 000077.583, 158
Trd, 000078.883, 156
Trd, 000078.917, 150
Trd, 000079.517, 139
Trd, 000080.167, 149
Trd, 000080.350, 156
Trd, 000081.083, 151
Trd, 000081.100, 159
Trd, 000083.267, 157
Trd, 000083.667, 158
Trd, 000083.683, 157
Trd, 000084.117, 158
Trd, 000084.850, 157
Trd, 000084.950, 158
Trd, 000085.317, 156
Trd, 000085.650, 155
Trd, 000085.817, 152
Trd, 000085.867, 157
Trd, 000086.683, 158
Trd, 000087.200, 143
Trd, 000087.650, 161
Trd, 000088.250, 151
Trd, 000088.300, 160
Trd, 000089.650, 161
Trd, 000091.367, 158
Trd, 000091.700, 158
Trd, 000091.950, 161
Trd, 000093.033, 158
Trd, 000093.267, 157
Trd, 000093.300, 178
Trd, 000094.033, 157
Trd, 000094.267, 164
Trd, 000094.767, 160
Trd, 000094.867, 153
Trd, 000095.450, 157
Trd, 000095.700, 156
Trd, 000097.133, 154
Trd, 000097.283, 154
Trd, 000097.783, 153
Trd, 000098.683, 161
Trd, 000098.950, 150
Trd, 000099.117, 141
Trd, 000099.167, 159
Trd, 000099.700, 147
Trd, 000100.350, 154
Trd, 000100.517, 156
Trd, 000101.117, 182
Trd, 000103.150, 150
Trd, 000103.550, 150
Trd, 000104.000, 155
Trd, 000104.133, 156
Trd, 000104.967, 154
Trd, 000105.033, 152
Trd, 000105.433, 153
Trd, 000105.867, 153
Trd, 000106.317, 154
Trd, 000106.750, 155
Trd, 000108.633, 169
Trd, 000108.717, 160
Trd, 000108.967, 162
Trd, 000109.683, 160
Trd, 000109.700, 157
Trd, 000110.150, 162
Trd, 000110.733, 164
Trd, 000111.067, 162
Trd, 000111.367, 162
Trd, 000111.400, 158
Trd, 000112.383, 156
Trd, 000112.483, 157
Trd, 000113.317, 156
Trd, 000114.167, 155
Trd, 000114.200, 156
Trd, 000114.500, 154
Trd, 000114.533, 161
Trd, 000114.717, 152
Trd, 000116.100, 154
Trd, 000117.067, 151
Trd, 000117.533, 157
Trd, 000117.633, 157
Trd, 000117.817, 156
Trd, 000118.933, 145
Trd, 000118.967, 146
Trd, 000118.983, 151
Trd, 000120.000, 153
Trd, 000120.050, 147
Trd, 000121.067, 162
Trd, 000121.350, 163
Trd, 000122.450, 162
Trd, 000123.117, 182
Trd, 000123.367, 163
Trd, 000123.533, 162
Trd, 000123.683, 167
Trd, 000124.550, 171
Trd, 000124.683, 170
Trd, 000125.867, 171
Trd, 000126.117, 172
Trd, 000126.300, 170
Trd, 000126.500, 163
Trd, 000127.450, 166
Trd, 000128.083, 163
Trd, 000128.533, 164
Trd, 000129.267, 163
Trd, 000129.883, 164
Trd, 000129.933, 159
Trd, 000129.983, 166
Trd, 000130.133, 158
Trd, 000130.567, 168
Trd, 000131.183, 168
Trd, 000132.767, 167
Trd, 000132.833, 168
Trd, 000135.033, 166
Trd, 000135.500, 166
Trd, 000136.050, 167
Trd, 000136.717, 165
Trd, 000136.833, 166
Trd, 000136.883, 167
Trd, 000137.350, 168
Trd, 000137.750, 167
Trd, 000137.867, 164
Trd, 000138.583, 165
Trd, 000139.183, 155
Trd, 000140.400, 163
Trd, 000140.650, 162
Trd, 000140.783, 166
Trd, 000140.933, 162
Trd, 000143.350, 164
Trd, 000144.217, 161
Trd, 000144.667, 161
Trd, 000144.833, 162
Trd, 000145.483, 160
Trd, 000146.033, 161
Trd, 000146.083, 159
Trd, 000146.417, 158
Trd, 000146.483, 155
Trd, 000146.883, 160
Trd, 000147.317, 163
Trd, 000148.850, 161
Trd, 000148.983, 163
Trd, 000150.383, 165
Trd, 000150.650, 164
Trd, 000151.167, 162
Trd, 000151.233, 161
Trd, 000151.467, 159
Trd, 000151.650, 166
Trd, 000152.500, 164
Trd, 000154.317, 163
Trd, 000154.400, 163
Trd, 000154.517, 165
Trd, 000155.150, 163
Trd, 000155.183, 163
Trd, 000155.850, 164
Trd, 000156.017, 159
Trd, 000156.467, 164
Trd, 000156.750, 156
Trd, 000157.417, 165
Trd, 000157.917, 164
Trd, 000158.017, 160
Trd, 000158.367, 164
Trd, 000159.050, 161
Trd, 000160.250, 160
Trd, 000160.433, 163
Trd, 000160.533, 161
Trd, 000161.767, 161
Trd, 000161.817, 167
Trd, 000163.433, 162
Trd, 000163.633, 161
Trd, 000164.017, 160
Trd, 000164.150, 157
Trd, 000164.533, 147
Trd, 000165.717, 151
Trd, 000166.433, 154
Trd, 000166.583, 153
Trd, 000166.600, 153
Trd, 000167.200, 155
Trd, 000168.767, 155
Trd, 000168.900, 157
Trd, 000168.933, 158
Trd, 000169.817, 159
Trd, 000170.583, 159
Trd, 000171.317, 162
Trd, 000171.483, 160
Trd, 000171.667, 161
Trd, 000172.500, 163
Trd, 000172.567, 160
Trd, 000174.217, 168
Trd, 000174.933, 184
Trd, 000175.567, 176
Trd, 000176.317, 175
Trd, 000177.567, 175
Trd, 000177.783, 174
Trd, 000177.800, 176
Trd, 000178.333, 176
Trd, 000178.583, 174
Trd, 000179.783, 172
Trd, 000180.333, 173
Trd, 000180.667, 171
Trd, 000181.183, 171
Trd, 000181.700, 170
Trd, 000182.133, 171
Trd, 000182.167, 170
Trd, 000182.217, 169
Trd, 000182.233, 173
Trd, 000182.733, 186
Trd, 000184.167, 172
Trd, 000184.467, 175
Trd, 000184.650, 173
Trd, 000184.883, 174
Trd, 000185.783, 172
Trd, 000186.833, 173
Trd, 000186.933, 173
Trd, 000187.167, 170
Trd, 000187.900, 173
Trd, 000188.550, 172
Trd, 000188.733, 169
Trd, 000188.817, 174
Trd, 000189.517, 169
Trd, 000191.033, 172
Trd, 000191.133, 174
Trd, 000191.467, 189
Trd, 000191.517, 170
Trd, 000191.800, 169
Trd, 000192.617, 170
Trd, 000194.450, 177
Trd, 000194.583, 168
Trd, 000195.317, 178
Trd, 000196.950, 172
Trd, 000197.050, 171
Trd, 000197.117, 170
Trd, 000197.433, 170
Trd, 000197.633, 169
Trd, 000198.083, 161
Trd, 000198.233, 156
Trd, 000198.500, 169
Trd, 000199.567, 154
Trd, 000200.017, 154
Trd, 000200.067, 155
Trd, 000200.683, 156
Trd, 000201.300, 156
Trd, 000201.750, 157
Trd, 000202.017, 155
Trd, 000202.600, 154
Trd, 000203.033, 156
Trd, 000203.050, 153
Trd, 000204.700, 178
Trd, 000204.883, 171
Trd, 000205.233, 170
Trd, 000205.617, 187
Trd, 000206.217, 172
Trd, 000206.383, 167
Trd, 000207.017, 172
Trd, 000207.833, 173
Trd, 000208.733, 173
Trd, 000208.933, 170
Trd, 000209.733, 169
Trd, 000209.983, 171
Trd, 000210.300, 170
Trd, 000210.567, 169
Trd, 000211.733, 154
Trd, 000211.783, 169
Trd, 000212.783, 159
Trd, 000212.867, 160
Trd, 000213.250, 165
Trd, 000213.500, 172
Trd, 000214.350, 166
Trd, 000215.533, 161
Trd, 000216.200, 161
Trd, 000216.700, 161
Trd, 000217.717, 163
Trd, 000217.767, 163
Trd, 000217.950, 163
Trd, 000218.450, 163
Trd, 000218.783, 180
Trd, 000218.883, 189
Trd, 000219.900, 179
Trd, 000220.367, 179
Trd, 000220.500, 178
Trd, 000221.117, 175
Trd, 000221.533, 177
Trd, 000222.033, 174
Trd, 000223.267, 176
Trd, 000223.850, 174
Trd, 000224.033, 173
Trd, 000225.033, 177
Trd, 000225.133, 176
Trd, 000225.633, 175
Trd, 000225.850, 177
Trd, 000226.500, 180
Trd, 000226.833, 174
Trd, 000227.217, 166
Trd, 000227.600, 173
Trd, 000227.933, 171
Trd, 000228.117, 174
Trd, 000228.500, 174
Trd, 000229.033, 172
Trd, 000229.300, 173
Trd, 000230.050, 171
Trd, 000231.250, 171
Trd, 000231.317, 172
Trd, 000231.950, 173
Trd, 000232.083, 173
Trd, 000232.400, 174
Trd, 000232.417, 170
Trd, 000233.683, 167
Trd, 000234.300, 172
Trd, 000235.083, 175
Trd, 000235.367, 174
Trd, 000235.600, 182
Trd, 000235.933, 176
Trd, 000236.250, 181
Trd, 000236.817, 176
Trd, 000237.383, 175
Trd, 000237.600, 175
Trd, 000237.717, 179
Trd, 000237.750, 167
Trd, 000238.483, 176
Trd, 000239.000, 177
Trd, 000239.433, 179
Trd, 000240.917, 179
Trd, 000241.050, 178
Trd, 000241.683, 179
Trd, 000241.733, 180
Trd, 000242.117, 179
Trd, 000242.183, 179
Trd, 000242.500, 182
Trd, 000242.817, 192
Trd, 000242.833, 178
Trd, 000244.067, 185
Trd, 000244.567, 186
Trd, 000246.017, 184
Trd, 000246.433, 185
Trd, 000246.500, 183
Trd, 000246.800, 183
Trd, 000247.117, 183
Trd, 000247.200, 176
Trd, 000247.967, 181
Trd, 000248.017, 172
Trd, 000248.800, 179
Trd, 000249.133, 181
Trd, 000249.700, 180
Trd, 000249.917, 179
Trd, 000250.317, 180
Trd, 000250.450, 177
Trd, 000251.150, 180
Trd, 000251.183, 179
Trd, 000251.817, 182
Trd, 000252.100, 190
Trd, 000252.167, 178
Trd, 000252.250, 177
Trd, 000252.683, 190
Trd, 000254.400, 176
Trd, 000255.200, 173
Trd, 000256.350, 173
Trd, 000256.900, 173
Trd, 000256.967, 174
Trd, 000257.000, 175
Trd, 000257.517, 174
Trd, 000257.650, 172
Trd, 000257.983, 170
Trd, 000258.033, 169
Trd, 000258.683, 173
Trd, 000259.167, 169
Trd, 000259.250, 173
Trd, 000259.800, 174
Trd, 000259.933, 176
Trd, 000260.883, 176
Trd, 000260.983, 175
Trd, 000261.583, 176
Trd, 000261.800, 170
Trd, 000262.017, 177
Trd, 000262.983, 176
Trd, 000263.267, 174
Trd, 000263.933, 174
Trd, 000264.150, 172
Trd, 000264.533, 177
Trd, 000264.600, 179
Trd, 000264.717, 170
Trd, 000265.150, 192
Trd, 000265.800, 186
Trd, 000266.167, 177
Trd, 000267.017, 180
Trd, 000268.950, 180
Trd, 000269.217, 179
Trd, 000269.367, 178
Trd, 000270.067, 179
Trd, 000270.100, 180
Trd, 000270.150, 178
Trd, 000270.667, 181
Trd, 000271.067, 179
Trd, 000272.483, 181
Trd, 000272.600, 179
Trd, 000272.700, 181
Trd, 000272.867, 183
Trd, 000273.083, 178
Trd, 000273.100, 183
Trd, 000273.250, 177
Trd, 000273.367, 175
Trd, 000273.933, 182
Trd, 000274.100, 182
Trd, 000274.333, 171
Trd, 000275.000, 171
Trd, 000275.600, 177
Trd, 000275.733, 177
Trd, 000276.167, 176
Trd, 000276.533, 173
Trd, 000277.200, 176
Trd, 000277.333, 175
Trd, 000277.767, 177
Trd, 000278.450, 179
Trd, 000278.983, 179
Trd, 000279.467, 179
Trd, 000279.917, 180
Trd, 000279.933, 185
Trd, 000280.000, 191
Trd, 000280.683, 180
Trd, 000281.017, 192
Trd, 000281.283, 186
Trd, 000282.050, 181
Trd, 000282.217, 179
Trd, 000282.317, 178
Trd, 000282.583, 176
Trd, 000282.950, 164
Trd, 000283.300, 174
Trd, 000283.467, 176
Trd, 000283.533, 178
Trd, 000284.050, 176
Trd, 000284.300, 176
Trd, 000285.050, 179
Trd, 000285.917, 176
Trd, 000286.167, 172
Trd, 000286.283, 179
Trd, 000287.183, 178
Trd, 000287.667, 179
Trd, 000287.917, 177
Trd, 000289.600, 176
Trd, 000289.867, 179
Trd, 000290.400, 179
Trd, 000290.817, 177
Trd, 000290.833, 176
Trd, 000290.867, 180
Trd, 000291.450, 182
Trd, 000292.133, 177
Trd, 000292.500, 177
Trd, 000293.017, 183
Trd, 000293.250, 187
Trd, 000293.533, 189
Trd, 000293.717, 187
Trd, 000293.967, 186
Trd, 000296.200, 192
Trd, 000296.317, 190
Trd, 000297.233, 190
Trd, 000297.550, 190
Trd, 000298.017, 191
Trd, 000298.683, 190
Trd, 000299.133, 188
Trd, 000299.700, 181
