Trd, 000000.533, 131
Trd, 000000.833, 151
Trd, 000001.433, 143
Trd, 000001.883, 141
Trd, 000002.283, 143
Trd, 000002.583, 126
Trd, 000002.983, 115
Trd, 000003.450, 144
Trd, 000004.967, 127
Trd, 000005.917, 146
Trd, 000006.517, 146
Trd, 000006.800, 148
Trd, 000007.000, 155
Trd, 000007.683, 147
Trd, 000008.017, 147
Trd, 000009.000, 147
Trd, 000009.683, 148
Trd, 000011.783, 145
Trd, 000011.967, 149
Trd, 000012.100, 150
Trd, 000012.433, 152
Trd, 000014.050, 142
Trd, 000014.317, 143
Trd, 000014.667, 142
Trd, 000014.850, 142
Trd, 000015.700, 143
Trd, 000015.967, 145
Trd, 000016.800, 145
Trd, 000017.517, 144
Trd, 000017.667, 145
Trd, 000018.883, 145
Trd, 000018.933, 146
Trd, 000019.133, 146
Trd, 000019.367, 143
Trd, 000019.433, 147
Trd, 000019.717, 141
Trd, 000020.950, 146
Trd, 000021.183, 150
Trd, 000021.833, 149
Trd, 000022.467, 148
Trd, 000023.633, 151
Trd, 000024.017, 150
Trd, 000024.183, 149
Trd, 000024.400, 149
Trd, 000024.783, 148
Trd, 000026.400, 146
Trd, 000027.217, 145
Trd, 000028.033, 147
Trd, 000028.317, 146
Trd, 000029.100, 148
Trd, 000029.217, 153
Trd, 000029.250, 158
Trd, 000029.333, 167
Trd, 000029.617, 148
Trd, 000030.267, 147
Trd, 000031.550, 151
Trd, 000031.900, 151
Trd, 000032.267, 154
Trd, 000032.483, 162
Trd, 000033.383, 156
Trd, 000033.800, 163
Trd, 000034.050, 157
Trd, 000034.267, 156
Trd, 000035.300, 157
Trd, 000036.767, 156
Trd, 000036.867, 154
Trd, 000037.333, 157
Trd, 000037.817, 156
Trd, 000039.117, 156
Trd, 000039.183, 154
Trd, 000039.683, 157
Trd, 000040.217, 158
Trd, 000040.733, 155
Trd, 000040.983, 158
Trd, 000041.233, 157
Trd, 000041.383, 155
Trd, 000041.867, 159
Trd, 000044.517, 159
Trd, 000044.650, 158
Trd, 000044.767, 160
Trd, 000044.933, 155
Trd, 000045.550, 159
Trd, 000045.633, 155
Trd, 000046.700, 158
Trd, 000046.750, 160
Trd, 000046.767, 169
Trd, 000047.517, 156
Trd, 000048.817, 162
Trd, 000049.333, 162
Trd, 000049.733, 161
Trd, 000049.800, 160
Trd, 000050.133, 162
Trd, 000050.433, 158
Trd, 000051.533, 159
Trd, 000052.050, 156
Trd, 000052.817, 157
Trd, 000053.017, 157
Trd, 000053.133, 159
Trd, 000053.250, 160
Trd, 000054.800, 151
Trd, 000056.067, 156
Trd, 000056.133, 155
Trd, 000057.150, 156
Trd, 000057.483, 155
Trd, 000057.733, 156
Trd, 000057.817, 150
Trd, 000058.150, 155
Trd, 000059.417, 154
Trd, 000059.917, 153
Trd, 000059.933, 151
Trd, 000060.067, 155
Trd, 000060.300, 147
Trd, 000060.400, 156
Trd, 000060.900, 155
Trd, 000061.333, 154
Trd, 000061.750, 155
Trd, 000062.233, 150
Trd, 000062.650, 150
Trd, 000063.150, 153
Trd, 000063.550, 151
Trd, 000064.000, 150
Trd, 000064.033, 153
Trd, 000064.483, 157
Trd, 000064.900, 150
Trd, 000065.817, 159
Trd, 000067.017, 149
Trd, 000068.250, 152
Trd, 000068.367, 151
Trd, 000068.850, 156
Trd, 000069.800, 152
Trd, 000069.950, 156
Trd, 000070.383, 153
Trd, 000070.883, 154
Trd, 000071.467, 156
Trd, 000072.050, 153
Trd, 000072.233, 155
Trd, 000072.333, 153
Trd, 000072.633, 152
Trd, 000072.767, 155
Trd, 000072.850, 151
Trd, 000073.550, 151
Trd, 000075.200, 155
Trd, 000076.067, 154
Trd, 000077.117, 156
Trd, 000077.733, 156
Trd, 000077.783, 156
Trd, 000078.250, 155
Trd, 000078.283, 154
Trd, 000078.583, 157
Trd, 000080.700, 158
Trd, 000081.133, 158
Trd, 000081.333, 158
Trd, 000081.717, 155
Trd, 000082.083, 159
Trd, 000082.133, 154
Trd, 000082.717, 173
Trd, 000083.267, 166
Trd, 000083.683, 171
Trd, 000084.133, 175
Trd, 000085.200, 185
Trd, 000085.433, 177
Trd, 000085.683, 177
Trd, 000086.017, 176
Trd, 000086.433, 175
Trd, 000086.467, 173
Trd, 000087.133, 170
Trd, 000087.800, 169
Trd, 000088.483, 176
Trd, 000088.850, 175
Trd, 000089.117, 174
Trd, 000089.150, 166
Trd, 000089.333, 163
Trd, 000092.117, 169
Trd, 000092.333, 167
Trd, 000092.483, 166
Trd, 000093.083, 168
Trd, 000093.383, 166
Trd, 000093.783, 166
Trd, 000093.917, 167
Trd, 000094.167, 166
Trd, 000094.717, 165
Trd, 000095.483, 165
Trd, 000096.067, 165
Trd, 000097.217, 164
Trd, 000097.550, 166
Trd, 000098.067, 160
Trd, 000098.383, 157
Trd, 000099.050, 163
Trd, 000099.067, 159
Trd, 000099.633, 164
Trd, 000099.750, 165
Trd, 000100.367, 163
Trd, 000100.900, 160
Trd, 000101.517, 162
Trd, 000101.833, 161
Trd, 000102.400, 161
Trd, 000102.533, 161
Trd, 000102.767, 162
Trd, 000102.883, 165
Trd, 000103.867, 166
Trd, 000104.167, 163
Trd, 000104.633, 161
Trd, 000104.917, 161
Trd, 000104.950, 158
Trd, 000107.350, 157
Trd, 000107.700, 158
Trd, 000108.000, 158
Trd, 000108.233, 155
Trd, 000108.883, 154
Trd, 000109.983, 160
Trd, 000110.533, 158
Trd, 000110.717, 162
Trd, 000111.050, 163
Trd, 000111.767, 158
Trd, 000112.650, 159
Trd, 000113.050, 158
Trd, 000113.850, 161
Trd, 000114.417, 161
Trd, 000114.533, 160
Trd, 000114.817, 162
Trd, 000114.850, 159
Trd, 000115.800, 162
Trd, 000116.200, 163
Trd, 000116.533, 159
Trd, 000117.533, 166
Trd, 000117.683, 170
Trd, 000118.100, 161
Trd, 000119.300, 165
Trd, 000119.367, 166
Trd, 000120.217, 165
Trd, 000120.433, 164
Trd, 000120.750, 162
Trd, 000120.900, 162
Trd, 000121.250, 163
Trd, 000121.367, 162
Trd, 000121.600, 163
Trd, 000122.067, 165
Trd, 000122.950, 162
Trd, 000123.400, 156
Trd, 000123.517, 157
Trd, 000123.800, 160
Trd, 000125.267, 158
Trd, 000127.217, 160
Trd, 000127.583, 161
Trd, 000127.600, 171
Trd, 000128.233, 164
Trd, 000128.767, 164
Trd, 000128.933, 178
Trd, 000129.933, 166
Trd, 000130.233, 165
Trd, 000130.550, 166
Trd, 000131.367, 179
Trd, 000131.800, 178
Trd, 000132.650, 179
Trd, 000132.733, 177
Trd, 000133.817, 177
Trd, 000134.333, 174
Trd, 000134.783, 175
Trd, 000134.817, 170
Trd, 000135.750, 164
Trd, 000136.583, 158
Trd, 000137.833, 166
Trd, 000139.033, 164
Trd, 000139.350, 163
Trd, 000139.617, 164
Trd, 000139.733, 163
Trd, 000139.750, 158
Trd, 000140.500, 165
Trd, 000140.867, 164
Trd, 000141.633, 165
Trd, 000142.183, 162
Trd, 000143.150, 159
Trd, 000143.183, 155
Trd, 000143.650, 159
Trd, 000145.117, 155
Trd, 000145.350, 156
Trd, 000145.467, 156
Trd, 000146.533, 160
Trd, 000146.967, 160
Trd, 000147.000, 159
Trd, 000147.350, 160
Trd, 000147.567, 157
Trd, 000148.267, 159
Trd, 000148.300, 165
Trd, 000148.467, 157
Trd, 000149.783, 162
Trd, 000150.100, 162
Trd, 000150.183, 161
Trd, 000150.450, 161
Trd, 000150.500, 163
Trd, 000150.950, 160
Trd, 000152.367, 163
Trd, 000152.667, 164
Trd, 000154.033, 163
Trd, 000154.250, 163
Trd, 000154.533, 161
Trd, 000154.700, 166
Trd, 000155.800, 164
Trd, 000155.817, 165
Trd, 000155.983, 163
Trd, 000156.783, 166
Trd, 000157.200, 159
Trd, 000157.933, 166
Trd, 000158.267, 165
Trd, 000158.450, 161
Trd, 000159.117, 157
Trd, 000159.450, 156
Trd, 000159.667, 160
Trd, 000160.250, 160
Trd, 000160.383, 159
Trd, 000161.667, 160
Trd, 000163.000, 162
Trd, 000163.650, 161
Trd, 000163.800, 161
Trd, 000165.533, 161
Trd, 000165.983, 160
Trd, 000166.050, 159
Trd, 000166.167, 158
Trd, 000166.433, 161
Trd, 000166.883, 162
Trd, 000167.117, 160
Trd, 000167.433, 164
Trd, 000168.767, 167
Trd, 000169.067, 164
Trd, 000169.867, 165
Trd, 000170.717, 175
Trd, 000170.800, 166
Trd, 000170.850, 165
Trd, 000171.100, 163
Trd, 000171.400, 168
Trd, 000171.883, 182
Trd, 000172.633, 184
Trd, 000172.667, 182
Trd, 000173.033, 176
Trd, 000173.317, 189
Trd, 000173.450, 188
Trd, 000173.483, 173
Trd, 000174.050, 173
Trd, 000174.717, 179
Trd, 000175.550, 168
Trd, 000176.300, 162
Trd, 000176.517, 161
Trd, 000177.033, 158
Trd, 000178.933, 160
Trd, 000179.117, 167
Trd, 000179.400, 162
Trd, 000180.700, 166
Trd, 000180.733, 164
Trd, 000180.750, 167
Trd, 000182.317, 165
Trd, 000182.450, 166
Trd, 000182.483, 167
Trd, 000183.167, 163
Trd, 000184.717, 162
Trd, 000186.200, 164
Trd, 000186.250, 162
Trd, 000186.367, 166
Trd, 000186.517, 161
Trd, 000187.333, 166
Trd, 000187.450, 165
Trd, 000188.233, 167
Trd, 000188.267, 184
Trd, 000189.133, 175
Trd, 000189.667, 181
Trd, 000190.050, 181
Trd, 000190.517, 178
Trd, 000190.717, 177
Trd, 000191.383, 178
Trd, 000191.633, 177
Trd, 000191.650, 183
Trd, 000191.867, 175
Trd, 000191.883, 175
Trd, 000192.200, 182
Trd, 000192.533, 182
Trd, 000193.500, 180
Trd, 000193.583, 170
Trd, 000194.183, 171
Trd, 000195.383, 170
Trd, 000195.617, 172
Trd, 000196.300, 170
Trd, 000196.450, 170
Trd, 000197.283, 170
Trd, 000197.967, 170
Trd, 000198.367, 171
Trd, 000198.450, 172
Trd, 000199.600, 170
Trd, 000200.633, 171
Trd, 000201.483, 169
Trd, 000202.017, 167
Trd, 000202.483, 166
Trd, 000202.750, 171
Trd, 000202.900, 164
Trd, 000203.450, 161
Trd, 000204.383, 161
Trd, 000204.500, 168
Trd, 000204.917, 157
Trd, 000204.933, 168
Trd, 000205.183, 156
Trd, 000205.950, 164
Trd, 000206.467, 161
Trd, 000206.767, 168
Trd, 000207.067, 159
Trd, 000207.983, 165
Trd, 000208.183, 169
Trd, 000208.700, 170
Trd, 000209.567, 165
Trd, 000211.067, 169
Trd, 000211.633, 171
Trd, 000211.750, 171
Trd, 000212.017, 170
Trd, 000212.300, 170
Trd, 000212.683, 169
Trd, 000213.083, 171
Trd, 000213.483, 172
Trd, 000214.600, 171
Trd, 000214.767, 170
Trd, 000215.483, 170
Trd, 000215.667, 169
Trd, 000215.917, 167
Trd, 000216.300, 172
Trd, 000217.250, 166
Trd, 000217.533, 166
Trd, 000217.650, 167
Trd, 000217.917, 170
Trd, 000217.983, 165
Trd, 000218.067, 164
Trd, 000219.633, 164
Trd, 000219.900, 171
Trd, 000221.450, 165
Trd, 000222.583, 167
Trd, 000223.567, 167
Trd, 000224.017, 167
Trd, 000224.300, 167
Trd, 000224.383, 166
Trd, 000224.400, 168
Trd, 000224.867, 170
Trd, 000224.883, 164
Trd, 000226.433, 167
Trd, 000227.067, 169
Trd, 000227.783, 168
Trd, 000228.233, 171
Trd, 000228.367, 167
Trd, 000229.233, 167
Trd, 000229.467, 173
Trd, 000229.933, 170
Trd, 000230.950, 179
Trd, 000231.733, 173
Trd, 000232.483, 172
Trd, 000233.200, 172
Trd, 000233.233, 174
Trd, 000233.617, 171
Trd, 000233.800, 171
Trd, 000234.300, 171
Trd, 000234.550, 170
Trd, 000234.617, 172
Trd, 000235.117, 170
Trd, 000235.883, 171
Trd, 000236.050, 172
Trd, 000238.133, 171
Trd, 000239.367, 172
Trd, 000240.033, 169
Trd, 000240.133, 168
Trd, 000240.350, 169
Trd, 000240.500, 170
Trd, 000241.033, 171
Trd, 000241.150, 171
Trd, 000241.317, 171
Trd, 000242.383, 169
Trd, 000242.650, 170
Trd, 000243.317, 171
Trd, 000243.667, 170
Trd, 000243.683, 168
Trd, 000244.267, 169
Trd, 000244.417, 172
Trd, 000244.667, 168
Trd, 000244.800, 168
Trd, 000245.083, 171
Trd, 000245.150, 175
Trd, 000245.350, 168
Trd, 000245.433, 179
Trd, 000246.167, 166
Trd, 000247.250, 173
Trd, 000247.383, 170
Trd, 000248.117, 173
Trd, 000248.300, 171
Trd, 000248.317, 173
Trd, 000250.050, 173
Trd, 000250.167, 173
Trd, 000250.183, 174
Trd, 000250.233, 172
Trd, 000250.950, 172
Trd, 000251.633, 173
Trd, 000251.683, 172
Trd, 000251.817, 173
Trd, 000252.717, 172
Trd, 000253.250, 173
Trd, 000253.317, 170
Trd, 000254.350, 171
Trd, 000254.400, 172
Trd, 000254.483, 172
Trd, 000255.133, 170
Trd, 000255.317, 173
Trd, 000256.667, 170
Trd, 000256.867, 170
Trd, 000256.983, 171
Trd, 000257.450, 175
Trd, 000257.583, 177
Trd, 000258.283, 179
Trd, 000258.583, 172
Trd, 000258.883, 172
Trd, 000259.367, 171
Trd, 000259.750, 178
Trd, 000260.167, 179
Trd, 000260.667, 174
Trd, 000260.983, 173
Trd, 000261.650, 170
Trd, 000261.733, 170
Trd, 000261.767, 177
Trd, 000263.583, 177
Trd, 000264.367, 178
Trd, 000264.467, 174
Trd, 000264.850, 176
Trd, 000265.217, 176
Trd, 000265.467, 175
Trd, 000265.817, 180
Trd, 000266.383, 181
Trd, 000267.200, 178
Trd, 000267.317, 178
Trd, 000267.550, 177
Trd, 000268.233, 178
Trd, 000268.267, 182
Trd, 000268.750, 177
Trd, 000269.467, 178
Trd, 000269.583, 174
Trd, 000270.050, 178
Trd, 000270.967, 179
Trd, 000271.217, 178
Trd, 000271.517, 181
Trd, 000272.417, 180
Trd, 000272.600, 181
Trd, 000273.183, 178
Trd, 000273.433, 176
Trd, 000273.717, 181
Trd, 000274.217, 182
Trd, 000274.817, 180
Trd, 000275.200, 178
Trd, 000275.783, 182
Trd, 000275.850, 178
Trd, 000276.317, 177
Trd, 000276.467, 177
Trd, 000276.883, 181
Trd, 000276.917, 176
Trd, 000277.100, 169
Trd, 000277.483, 172
Trd, 000277.633, 182
Trd, 000277.883, 179
Trd, 000278.083, 179
Trd, 000278.700, 182
Trd, 000278.817, 181
Trd, 000279.133, 174
Trd, 000280.217, 176
Trd, 000280.917, 175
Trd, 000281.833, 175
Trd, 000282.383, 177
Trd, 000282.683, 174
Trd, 000282.867, 178
Trd, 000283.250, 182
Trd, 000284.350, 183
Trd, 000284.750, 185
Trd, 000284.933, 186
Trd, 000284.950, 183
Trd, 000285.133, 182
Trd, 000285.283, 179
Trd, 000285.650, 185
Trd, 000285.667, 178
Trd, 000286.183, 187
Trd, 000286.317, 181
Trd, 000288.333, 186
Trd, 000288.700, 184
Trd, 000289.067, 186
Trd, 000289.217, 180
Trd, 000289.283, 177
Trd, 000289.883, 177
Trd, 000289.967, 186
Trd, 000290.333, 179
Trd, 000290.850, 186
Trd, 000291.433, 175
Trd, 000291.583, 175
Trd, 000291.667, 188
Trd, 000292.167, 192
Trd, 000292.667, 180
Trd, 000292.950, 173
Trd, 000293.100, 171
Trd, 000294.233, 173
Trd, 000294.250, 185
Trd, 000295.717, 184
Trd, 000296.017, 184
Trd, 000296.150, 184
Trd, 000296.467, 183
Trd, 000296.550, 184
Trd, 000296.950, 184
Trd, 000297.350, 177
Trd, 000297.667, 179
Trd, 000297.900, 181
Trd, 000298.100, 171
Trd, 000298.267, 167
Trd, 000299.300, 171
Trd, 000299.583, 174
