Trd, 000001.933, 119
Trd, 000002.100, 110
Trd, 000003.450, 130
Trd, 000003.467, 131
Trd, 000004.200, 137
Trd, 000004.567, 137
Trd, 000004.817, 137
Trd, 000005.517, 143
Trd, 000005.550, 142
Trd, 000007.067, 138
Trd, 000007.283, 136
Trd, 000007.317, 139
Trd, 000007.767, 142
Trd, 000008.250, 135
Trd, 000009.617, 139
Trd, 000010.067, 140
Trd, 000010.967, 140
Trd, 000011.050, 140
Trd, 000011.333, 140
Trd, 000011.567, 139
Trd, 000012.100, 141
Trd, 000013.867, 141
Trd, 000014.333, 141
Trd, 000014.350, 139
Trd, 000015.033, 141
Trd, 000015.233, 143
Trd, 000016.567, 142
Trd, 000016.750, 141
Trd, 000017.917, 145
Trd, 000018.017, 145
Trd, 000018.317, 143
Trd, 000018.700, 144
Trd, 000019.550, 151
Trd, 000019.933, 143
Trd, 000021.283, 145
Trd, 000021.700, 146
Trd, 000022.033, 149
Trd, 000022.950, 143
Trd, 000024.617, 147
Trd, 000024.917, 144
Trd, 000025.167, 144
Trd, 000025.517, 143
Trd, 000025.617, 145
Trd, 000025.833, 144
Trd, 000025.967, 143
Trd, 000026.483, 146
Trd, 000026.817, 146
Trd, 000028.567, 143
Trd, 000028.650, 144
Trd, 000028.683, 143
Trd, 000028.900, 142
Trd, 000029.117, 137
Trd, 000029.417, 140
Trd, 000030.283, 143
Trd, 000030.300, 142
Trd, 000030.650, 142
Trd, 000032.283, 145
Trd, 000032.333, 141
Trd, 000033.633, 146
Trd, 000033.683, 143
Trd, 000034.283, 147
Trd, 000034.433, 146
Trd, 000034.733, 149
Trd, 000035.633, 152
Trd, 000036.333, 146
Trd, 000037.517, 145
Trd, 000037.817, 145
Trd, 000038.683, 150
Trd, 000038.917, 148
Trd, 000039.000, 147
Trd, 000039.533, 148
Trd, 000040.567, 148
Trd, 000041.267, 148
Trd, 000041.667, 147
Trd, 000042.100, 149
Trd, 000042.583, 147
Trd, 000043.117, 149
Trd, 000043.250, 147
Trd, 000043.567, 147
Trd, 000043.750, 147
Trd, 000043.850, 146
Trd, 000045.100, 147
Trd, 000045.117, 148
Trd, 000045.917, 145
Trd, 000047.367, 148
Trd, 000047.833, 146
Trd, 000048.900, 146
Trd, 000049.217, 147
Trd, 000049.467, 146
Trd, 000050.550, 147
Trd, 000051.300, 146
Trd, 000051.817, 147
Trd, 000051.967, 146
Trd, 000052.300, 146
Trd, 000053.000, 146
Trd, 000053.317, 145
Trd, 000053.467, 146
Trd, 000053.950, 139
Trd, 000054.983, 145
Trd, 000055.000, 149
Trd, 000056.233, 147
Trd, 000057.017, 149
Trd, 000057.133, 148
Trd, 000057.550, 150
Trd, 000058.267, 153
Trd, 000059.733, 151
Trd, 000060.283, 152
Trd, 000060.433, 151
Trd, 000060.583, 150
Trd, 000060.683, 152
Trd, 000061.483, 152
Trd, 000062.033, 152
Trd, 000063.367, 152
Trd, 000063.467, 151
Trd, 000063.800, 151
Trd, 000064.250, 150
Trd, 000064.517, 151
Trd, 000064.567, 149
Trd, 000064.833, 147
Trd, 000065.167, 148
Trd, 000066.767, 145
Trd, 000066.917, 147
Trd, 000069.067, 151
Trd, 000069.550, 151
Trd, 000069.733, 152
Trd, 000070.500, 153
Trd, 000070.567, 150
Trd, 000071.867, 149
Trd, 000073.233, 152
Trd, 000074.050, 151
Trd, 000074.150, 150
Trd, 000074.350, 153
Trd, 000075.150, 151
Trd, 000075.467, 151
Trd, 000076.067, 158
Trd, 000076.583, 152
Trd, 000076.617, 157
Trd, 000076.733, 159
Trd, 000076.817, 164
Trd, 000077.867, 151
Trd, 000078.017, 151
Trd, 000080.783, 157
Trd, 000081.317, 156
Trd, 000081.533, 156
Trd, 000082.083, 155
Trd, 000082.567, 154
Trd, 000082.667, 152
Trd, 000083.100, 151
Trd, 000083.767, 149
Trd, 000084.183, 152
Trd, 000084.500, 152
Trd, 000084.683, 166
Trd, 000085.083, 151
Trd, 000085.483, 121
Trd, 000085.800, 157
Trd, 000087.033, 151
Trd, 000087.983, 152
Trd, 000088.733, 153
Trd, 000089.083, 152
Trd, 000089.550, 155
Trd, 000090.267, 152
Trd, 000091.183, 154
Trd, 000091.383, 153
Trd, 000092.233, 153
Trd, 000093.300, 153
Trd, 000094.183, 154
Trd, 000094.783, 152
Trd, 000094.817, 153
Trd, 000095.767, 153
Trd, 000095.967, 154
Trd, 000096.017, 152
Trd, 000097.300, 152
Trd, 000098.317, 154
Trd, 000098.783, 152
Trd, 000099.283, 151
Trd, 000099.533, 152
Trd, 000100.133, 151
Trd, 000100.683, 151
Trd, 000100.850, 168
Trd, 000101.400, 150
Trd, 000101.483, 144
Trd, 000102.133, 151
Trd, 000102.383, 143
Trd, 000103.267, 149
Trd, 000104.083, 150
Trd, 000104.183, 148
Trd, 000104.383, 151
Trd, 000104.417, 148
Trd, 000105.233, 151
Trd, 000106.167, 153
Trd, 000106.800, 150
Trd, 000108.033, 149
Trd, 000108.350, 149
Trd, 000108.933, 148
Trd, 000109.000, 145
Trd, 000109.350, 152
Trd, 000110.683, 154
Trd, 000111.200, 153
Trd, 000111.917, 154
Trd, 000112.167, 155
Trd, 000112.400, 154
Trd, 000112.500, 156
Trd, 000112.950, 153
Trd, 000113.300, 153
Trd, 000113.617, 152
Trd, 000113.767, 152
Trd, 000114.900, 152
Trd, 000115.183, 152
Trd, 000115.383, 155
Trd, 000116.783, 151
Trd, 000117.950, 149
Trd, 000118.133, 151
Trd, 000118.667, 149
Trd, 000118.850, 152
Trd, 000119.000, 146
Trd, 000119.367, 149
Trd, 000119.600, 153
Trd, 000120.433, 155
Trd, 000120.917, 153
Trd, 000122.000, 152
Trd, 000122.183, 151
Trd, 000122.383, 149
Trd, 000124.750, 150
Trd, 000125.250, 149
Trd, 000125.833, 149
Trd, 000126.033, 150
Trd, 000126.067, 151
Trd, 000126.267, 153
Trd, 000126.583, 151
Trd, 000127.667, 154
Trd, 000128.000, 154
Trd, 000128.350, 156
Trd, 000128.667, 153
Trd, 000129.017, 154
Trd, 000130.617, 156
Trd, 000131.250, 156
Trd, 000131.467, 157
Trd, 000131.667, 154
Trd, 000132.417, 156
Trd, 000132.900, 156
Trd, 000133.433, 156
Trd, 000133.667, 155
Trd, 000133.767, 156
Trd, 000135.450, 155
Trd, 000135.867, 157
Trd, 000135.950, 155
Trd, 000136.300, 156
Trd, 000136.850, 164
Trd, 000137.033, 162
Trd, 000137.200, 170
Trd, 000139.233, 156
Trd, 000139.400, 155
Trd, 000139.600, 158
Trd, 000140.083, 155
Trd, 000141.067, 155
Trd, 000141.350, 163
Trd, 000142.333, 156
Trd, 000142.433, 162
Trd, 000142.533, 155
Trd, 000142.667, 154
Trd, 000142.983, 152
Trd, 000143.033, 163
Trd, 000144.000, 148
Trd, 000145.533, 155
Trd, 000146.150, 154
Trd, 000146.200, 154
Trd, 000146.267, 155
Trd, 000147.333, 157
Trd, 000147.883, 156
Trd, 000148.183, 159
Trd, 000149.267, 155
Trd, 000150.050, 156
Trd, 000150.150, 156
Trd, 000150.967, 156
Trd, 000151.033, 155
Trd, 000151.967, 155
Trd, 000152.217, 154
Trd, 000152.300, 154
Trd, 000152.900, 154
Trd, 000153.383, 154
Trd, 000153.767, 153
Trd, 000154.183, 152
Trd, 000154.683, 159
Trd, 000155.317, 159
Trd, 000156.083, 157
Trd, 000156.650, 156
Trd, 000156.800, 157
Trd, 000157.700, 155
Trd, 000157.750, 156
Trd, 000158.800, 156
Trd, 000158.867, 158
Trd, 000159.267, 156
Trd, 000160.700, 156
Trd, 000160.817, 156
Trd, 000161.300, 155
Trd, 000161.417, 155
Trd, 000162.350, 155
Trd, 000162.950, 154
Trd, 000163.100, 153
Trd, 000163.750, 159
Trd, 000164.083, 153
Trd, 000165.567, 156
Trd, 000165.983, 157
Trd, 000166.467, 159
Trd, 000166.517, 160
Trd, 000166.967, 161
Trd, 000167.733, 161
Trd, 000168.433, 161
Trd, 000169.083, 162
Trd, 000170.233, 162
Trd, 000170.600, 161
Trd, 000170.833, 163
Trd, 000170.933, 168
Trd, 000171.133, 158
Trd, 000172.417, 162
Trd, 000173.300, 163
Trd, 000173.567, 162
Trd, 000173.600, 160
Trd, 000174.750, 159
Trd, 000175.067, 160
Trd, 000175.267, 161
Trd, 000175.367, 162
Trd, 000175.617, 163
Trd, 000176.767, 165
Trd, 000176.933, 168
Trd, 000177.017, 175
Trd, 000177.217, 159
Trd, 000177.450, 158
Trd, 000178.700, 167
Trd, 000178.783, 166
Trd, 000178.967, 162
Trd, 000180.167, 164
Trd, 000181.167, 164
Trd, 000181.183, 166
Trd, 000181.517, 165
Trd, 000182.117, 166
Trd, 000182.867, 164
Trd, 000183.050, 164
Trd, 000183.900, 159
Trd, 000183.967, 155
Trd, 000184.033, 152
Trd, 000185.217, 156
Trd, 000186.717, 159
Trd, 000187.100, 159
Trd, 000187.367, 158
Trd, 000187.967, 160
Trd, 000188.500, 161
Trd, 000188.883, 161
Trd, 000189.500, 160
Trd, 000189.517, 159
Trd, 000190.150, 162
Trd, 000191.550, 161
Trd, 000191.917, 163
Trd, 000192.383, 163
Trd, 000192.467, 163
Trd, 000192.633, 162
Trd, 000193.517, 164
Trd, 000193.733, 162
Trd, 000194.267, 161
Trd, 000194.733, 162
Trd, 000195.633, 162
Trd, 000196.100, 161
Trd, 000196.183, 161
Trd, 000196.267, 160
Trd, 000197.517, 155
Trd, 000197.750, 159
Trd, 000198.367, 159
Trd, 000198.417, 158
Trd, 000199.333, 157
Trd, 000199.883, 157
Trd, 000200.333, 157
Trd, 000200.667, 163
Trd, 000201.183, 163
Trd, 000201.400, 164
Trd, 000201.417, 162
Trd, 000201.783, 171
Trd, 000202.117, 159
Trd, 000203.750, 171
Trd, 000203.817, 165
Trd, 000204.083, 165
Trd, 000205.267, 163
Trd, 000205.600, 164
Trd, 000206.150, 163
Trd, 000206.417, 163
Trd, 000206.483, 164
Trd, 000206.933, 162
Trd, 000208.483, 164
Trd, 000209.483, 164
Trd, 000209.517, 162
Trd, 000210.033, 162
Trd, 000210.683, 171
Trd, 000211.167, 171
Trd, 000212.200, 168
Trd, 000212.400, 167
Trd, 000212.783, 167
Trd, 000213.067, 167
Trd, 000213.317, 165
Trd, 000213.617, 166
Trd, 000213.900, 165
Trd, 000215.517, 165
Trd, 000215.633, 164
Trd, 000215.733, 164
Trd, 000216.467, 164
Trd, 000216.750, 163
Trd, 000217.350, 162
Trd, 000217.483, 163
Trd, 000218.617, 157
Trd, 000218.967, 163
Trd, 000220.267, 167
Trd, 000220.683, 173
Trd, 000220.900, 172
Trd, 000221.017, 173
Trd, 000221.333, 167
Trd, 000222.883, 169
Trd, 000223.167, 168
Trd, 000223.667, 172
Trd, 000224.483, 172
Trd, 000224.683, 168
Trd, 000224.900, 167
Trd, 000226.500, 169
Trd, 000227.283, 168
Trd, 000227.417, 167
Trd, 000228.317, 167
Trd, 000228.450, 166
Trd, 000228.750, 166
Trd, 000228.917, 165
Trd, 000229.233, 164
Trd, 000229.600, 165
Trd, 000229.917, 164
Trd, 000230.483, 167
Trd, 000231.233, 165
Trd, 000231.850, 166
Trd, 000232.917, 164
Trd, 000233.183, 162
Trd, 000233.383, 165
Trd, 000234.800, 165
Trd, 000234.967, 164
Trd, 000235.450, 166
Trd, 000235.500, 166
Trd, 000236.983, 167
Trd, 000237.267, 166
Trd, 000238.233, 165
Trd, 000238.667, 166
Trd, 000239.750, 164
Trd, 000239.867, 164
Trd, 000240.200, 164
Trd, 000240.483, 165
Trd, 000240.533, 166
Trd, 000240.917, 166
Trd, 000241.183, 166
Trd, 000241.233, 168
Trd, 000242.133, 168
Trd, 000242.617, 175
Trd, 000242.667, 173
Trd, 000242.767, 172
Trd, 000243.100, 167
Trd, 000243.583, 170
Trd, 000243.817, 173
Trd, 000244.133, 172
Trd, 000244.600, 169
Trd, 000245.500, 170
Trd, 000246.300, 171
Trd, 000247.217, 171
Trd, 000247.700, 172
Trd, 000247.867, 173
Trd, 000248.300, 171
Trd, 000248.683, 175
Trd, 000249.167, 171
Trd, 000249.233, 170
Trd, 000250.317, 174
Trd, 000250.950, 174
Trd, 000251.417, 173
Trd, 000251.550, 175
Trd, 000251.583, 176
Trd, 000251.783, 177
Trd, 000251.983, 175
Trd, 000252.133, 174
Trd, 000252.450, 173
Trd, 000252.867, 171
Trd, 000253.583, 171
Trd, 000253.617, 177
Trd, 000253.933, 167
Trd, 000254.533, 173
Trd, 000254.683, 173
Trd, 000255.133, 175
Trd, 000255.750, 172
Trd, 000255.967, 175
Trd, 000257.150, 173
Trd, 000257.233, 174
Trd, 000257.733, 177
Trd, 000258.000, 178
Trd, 000258.383, 177
Trd, 000258.417, 176
Trd, 000259.000, 179
Trd, 000259.783, 177
Trd, 000260.133, 178
Trd, 000260.400, 178
Trd, 000260.783, 180
Trd, 000261.033, 177
Trd, 000261.850, 175
Trd, 000262.017, 177
Trd, 000262.283, 176
Trd, 000262.767, 175
Trd, 000263.183, 174
Trd, 000263.383, 176
Trd, 000263.417, 176
Trd, 000263.467, 173
Trd, 000263.783, 176
Trd, 000264.167, 176
Trd, 000265.067, 173
Trd, 000265.117, 172
Trd, 000266.050, 169
Trd, 000266.333, 173
Trd, 000266.767, 177
Trd, 000266.933, 178
Trd, 000267.567, 178
Trd, 000268.033, 179
Trd, 000268.167, 179
Trd, 000269.317, 181
Trd, 000269.500, 181
Trd, 000269.683, 181
Trd, 000270.167, 183
Trd, 000270.483, 178
Trd, 000270.700, 174
Trd, 000271.267, 177
Trd, 000271.433, 168
Trd, 000271.833, 168
Trd, 000272.250, 167
Trd, 000272.600, 169
Trd, 000272.667, 176
Trd, 000273.333, 166
Trd, 000273.450, 171
Trd, 000273.550, 165
Trd, 000273.567, 170
Trd, 000274.533, 171
Trd, 000274.850, 174
Trd, 000275.067, 169
Trd, 000275.567, 175
Trd, 000276.217, 180
Trd, 000276.317, 182
Trd, 000276.650, 174
Trd, 000277.033, 175
Trd, 000278.217, 172
Trd, 000278.250, 173
Trd, 000278.283, 171
Trd, 000278.817, 174
Trd, 000278.967, 172
Trd, 000279.717, 175
Trd, 000279.817, 174
Trd, 000280.283, 187
Trd, 000280.767, 179
Trd, 000281.050, 184
Trd, 000281.317, 178
Trd, 000281.617, 176
Trd, 000282.583, 177
Trd, 000282.700, 178
Trd, 000283.050, 179
Trd, 000283.067, 177
Trd, 000283.283, 182
Trd, 000283.317, 183
Trd, 000283.467, 175
Trd, 000284.017, 175
Trd, 000285.133, 180
Trd, 000286.550, 176
Trd, 000286.683, 175
Trd, 000286.967, 173
Trd, 000287.133, 176
Trd, 000287.283, 176
Trd, 000287.600, 171
Trd, 000288.117, 177
Trd, 000288.717, 169
Trd, 000289.217, 171
Trd, 000289.683, 172
Trd, 000289.717, 174
Trd, 000290.250, 170
Trd, 000290.700, 171
Trd, 000291.500, 170
Trd, 000292.217, 169
Trd, 000292.417, 171
Trd, 000292.500, 171
Trd, 000292.567, 171
Trd, 000292.583, 173
Trd, 000292.667, 175
Trd, 000293.150, 180
Trd, 000294.050, 169
Trd, 000294.233, 181
Trd, 000294.983, 170
Trd, 000295.250, 169
Trd, 000295.650, 163
Trd, 000295.950, 160
Trd, 000296.150, 173
Trd, 000296.233, 149
Trd, 000296.833, 161
Trd, 000296.850, 162
Trd, 000298.300, 171
Trd, 000298.400, 181
Trd, 000299.367, 170
Trd, 000299.950, 171
