Trd, 000001.500, 110
Trd, 000002.500, 143
Trd, 000002.933, 142
Trd, 000002.950, 136
Trd, 000003.450, 164
Trd, 000003.550, 152
Trd, 000004.067, 165
Trd, 000005.167, 149
Trd, 000005.483, 151
Trd, 000005.983, 153
Trd, 000006.483, 143
Trd, 000007.233, 147
Trd, 000007.383, 146
Trd, 000007.633, 134
Trd, 000007.983, 158
Trd, 000008.833, 151
Trd, 000010.383, 150
Trd, 000010.467, 151
Trd, 000010.783, 143
Trd, 000010.983, 153
Trd, 000011.433, 157
Trd, 000013.017, 150
Trd, 000013.467, 151
Trd, 000014.267, 150
Trd, 000014.617, 149
Trd, 000015.233, 149
Trd, 000016.383, 150
Trd, 000017.083, 148
Trd, 000017.300, 149
Trd, 000017.583, 145
Trd, 000019.017, 148
Trd, 000020.017, 146
Trd, 000020.117, 150
Trd, 000020.417, 149
Trd, 000020.983, 146
Trd, 000021.017, 150
Trd, 000022.700, 150
Trd, 000023.167, 148
Trd, 000023.600, 151
Trd, 000023.933, 150
Trd, 000024.467, 150
Trd, 000025.583, 151
Trd, 000026.083, 144
Trd, 000026.600, 137
Trd, 000028.550, 158
Trd, 000029.367, 160
Trd, 000029.783, 160
Trd, 000030.250, 154
Trd, 000030.450, 157
Trd, 000030.517, 159
Trd, 000031.517, 158
Trd, 000031.717, 157
Trd, 000031.783, 156
Trd, 000031.983, 160
Trd, 000032.200, 161
Trd, 000032.717, 160
Trd, 000034.383, 157
Trd, 000036.800, 159
Trd, 000036.867, 157
Trd, 000037.017, 158
Trd, 000038.800, 160
Trd, 000039.150, 160
Trd, 000039.650, 158
Trd, 000039.983, 159
Trd, 000040.583, 158
Trd, 000041.017, 158
Trd, 000041.333, 159
Trd, 000041.483, 162
Trd, 000041.833, 162
Trd, 000041.883, 155
Trd, 000042.300, 146
Trd, 000042.567, 161
Trd, 000043.333, 159
Trd, 000044.150, 153
Trd, 000046.267, 154
Trd, 000046.700, 153
Trd, 000047.433, 156
Trd, 000048.000, 155
Trd, 000048.967, 155
Trd, 000049.433, 154
Trd, 000049.967, 155
Trd, 000051.667, 157
Trd, 000053.017, 155
Trd, 000053.533, 152
Trd, 000053.933, 156
Trd, 000054.700, 154
Trd, 000055.300, 154
Trd, 000055.500, 154
Trd, 000056.600, 155
Trd, 000056.733, 153
Trd, 000057.150, 156
Trd, 000057.833, 154
Trd, 000058.900, 155
Trd, 000059.300, 153
Trd, 000059.633, 154
Trd, 000060.883, 149
Trd, 000061.317, 160
Trd, 000061.517, 150
Trd, 000061.633, 149
Trd, 000061.683, 162
Trd, 000061.850, 148
Trd, 000062.250, 143
Trd, 000062.600, 164
Trd, 000062.617, 140
Trd, 000064.267, 170
Trd, 000064.367, 164
Trd, 000065.150, 171
Trd, 000067.850, 165
Trd, 000068.183, 165
Trd, 000068.383, 167
Trd, 000068.817, 160
Trd, 000069.283, 166
Trd, 000069.483, 166
Trd, 000070.267, 149
Trd, 000071.633, 155
Trd, 000072.300, 155
Trd, 000073.033, 158
Trd, 000073.733, 163
Trd, 000074.000, 159
Trd, 000074.650, 161
Trd, 000075.183, 159
Trd, 000075.583, 150
Trd, 000075.883, 153
Trd, 000076.767, 162
Trd, 000077.467, 154
Trd, 000078.850, 162
Trd, 000079.383, 160
Trd, 000079.400, 161
Trd, 000079.533, 161
Trd, 000081.283, 160
Trd, 000082.117, 158
Trd, 000082.167, 160
Trd, 000082.733, 150
Trd, 000082.817, 155
Trd, 000084.050, 154
Trd, 000085.017, 155
Trd, 000085.167, 154
Trd, 000085.900, 156
Trd, 000086.983, 154
Trd, 000088.683, 152
Trd, 000089.033, 155
Trd, 000090.017, 154
Trd, 000090.400, 157
Trd, 000090.733, 157
Trd, 000091.417, 154
Trd, 000092.817, 155
Trd, 000094.017, 154
Trd, 000094.167, 153
Trd, 000094.467, 155
Trd, 000095.550, 154
Trd, 000095.867, 156
Trd, 000096.217, 157
Trd, 000096.783, 160
Trd, 000096.833, 165
Trd, 000098.267, 167
Trd, 000098.800, 161
Trd, 000100.300, 162
Trd, 000100.367, 162
Trd, 000100.767, 160
Trd, 000101.617, 153
Trd, 000101.833, 161
Trd, 000101.950, 147
Trd, 000102.183, 144
Trd, 000102.733, 161
Trd, 000103.683, 159
Trd, 000104.417, 156
Trd, 000104.517, 148
Trd, 000105.317, 149
Trd, 000106.550, 153
Trd, 000106.567, 148
Trd, 000106.600, 147
Trd, 000107.233, 155
Trd, 000107.500, 148
Trd, 000108.050, 156
Trd, 000108.300, 157
Trd, 000109.533, 159
Trd, 000110.183, 165
Trd, 000111.250, 166
Trd, 000112.750, 166
Trd, 000113.517, 163
Trd, 000113.550, 162
Trd, 000115.583, 163
Trd, 000115.600, 164
Trd, 000115.867, 160
Trd, 000116.017, 154
Trd, 000117.350, 156
Trd, 000117.450, 162
Trd, 000117.483, 163
Trd, 000117.667, 163
Trd, 000118.283, 164
Trd, 000118.500, 156
Trd, 000118.800, 165
Trd, 000120.267, 164
Trd, 000121.617, 157
Trd, 000121.650, 167
Trd, 000122.483, 157
Trd, 000122.800, 164
Trd, 000123.050, 165
Trd, 000125.817, 164
Trd, 000127.117, 161
Trd, 000127.333, 162
Trd, 000127.500, 163
Trd, 000127.983, 163
Trd, 000128.267, 164
Trd, 000128.850, 163
Trd, 000129.183, 166
Trd, 000129.567, 162
Trd, 000129.650, 156
Trd, 000130.250, 158
Trd, 000130.483, 149
Trd, 000130.733, 165
Trd, 000131.283, 168
Trd, 000131.450, 166
Trd, 000132.367, 148
Trd, 000133.267, 160
Trd, 000133.617, 153
Trd, 000136.067, 161
Trd, 000136.300, 161
Trd, 000136.333, 162
Trd, 000137.417, 161
Trd, 000137.800, 162
Trd, 000140.250, 160
Trd, 000140.267, 162
Trd, 000140.550, 161
Trd, 000140.750, 161
Trd, 000140.883, 159
Trd, 000141.300, 157
Trd, 000141.833, 156
Trd, 000142.317, 162
Trd, 000142.350, 153
Trd, 000143.667, 161
Trd, 000144.033, 149
Trd, 000144.683, 160
Trd, 000145.467, 162
Trd, 000145.683, 169
Trd, 000145.900, 170
Trd, 000147.133, 160
Trd, 000148.650, 162
Trd, 000148.717, 161
Trd, 000148.817, 166
Trd, 000149.217, 165
Trd, 000149.283, 168
Trd, 000150.450, 158
Trd, 000151.233, 168
Trd, 000151.417, 157
Trd, 000152.400, 169
Trd, 000152.517, 170
Trd, 000153.317, 173
Trd, 000154.467, 179
Trd, 000154.883, 164
Trd, 000156.000, 168
Trd, 000156.283, 167
Trd, 000157.083, 167
Trd, 000157.583, 168
Trd, 000157.700, 168
Trd, 000157.717, 169
Trd, 000159.433, 170
Trd, 000159.800, 169
Trd, 000159.917, 170
Trd, 000161.150, 169
Trd, 000162.250, 171
Trd, 000163.417, 167
Trd, 000163.433, 172
Trd, 000163.567, 173
Trd, 000163.600, 159
Trd, 000164.150, 173
Trd, 000166.100, 166
Trd, 000166.233, 168
Trd, 000167.083, 167
Trd, 000167.167, 168
Trd, 000168.183, 168
Trd, 000169.050, 167
Trd, 000169.533, 168
Trd, 000171.300, 167
Trd, 000171.867, 170
Trd, 000172.550, 170
Trd, 000172.617, 168
Trd, 000173.683, 168
Trd, 000174.833, 161
Trd, 000175.200, 167
Trd, 000176.133, 164
Trd, 000176.167, 168
Trd, 000176.417, 169
Trd, 000176.800, 162
Trd, 000177.233, 160
Trd, 000177.983, 154
Trd, 000178.400, 171
Trd, 000178.717, 166
Trd, 000180.167, 169
Trd, 000180.683, 168
Trd, 000180.933, 169
Trd, 000181.167, 166
Trd, 000181.183, 170
Trd, 000183.233, 170
Trd, 000183.300, 171
Trd, 000183.683, 171
Trd, 000183.983, 167
Trd, 000184.383, 167
Trd, 000185.600, 170
Trd, 000185.867, 172
Trd, 000186.867, 171
Trd, 000187.217, 172
Trd, 000188.033, 171
Trd, 000188.600, 168
Trd, 000189.850, 163
Trd, 000190.167, 162
Trd, 000190.233, 164
Trd, 000191.083, 164
Trd, 000191.683, 162
Trd, 000192.283, 167
Trd, 000192.567, 167
Trd, 000192.933, 167
Trd, 000193.183, 163
Trd, 000193.767, 168
Trd, 000194.817, 162
Trd, 000196.450, 164
Trd, 000197.167, 162
Trd, 000198.100, 164
Trd, 000198.583, 163
Trd, 000200.267, 162
Trd, 000200.600, 162
Trd, 000200.800, 160
Trd, 000201.217, 166
Trd, 000203.583, 162
Trd, 000203.817, 164
Trd, 000205.617, 161
Trd, 000205.750, 163
Trd, 000206.267, 164
Trd, 000207.483, 164
Trd, 000208.433, 168
Trd, 000208.667, 164
Trd, 000209.500, 166
Trd, 000210.883, 164
Trd, 000211.250, 162
Trd, 000211.583, 161
Trd, 000212.233, 160
Trd, 000212.383, 160
Trd, 000212.983, 164
Trd, 000213.617, 166
Trd, 000213.650, 169
Trd, 000215.067, 159
Trd, 000216.633, 163
Trd, 000217.433, 164
Trd, 000217.567, 165
Trd, 000219.033, 165
Trd, 000219.317, 170
Trd, 000219.450, 166
Trd, 000219.700, 170
Trd, 000219.833, 165
Trd, 000220.833, 171
Trd, 000223.150, 166
Trd, 000223.300, 168
Trd, 000223.550, 168
Trd, 000224.233, 165
Trd, 000225.150, 168
Trd, 000225.250, 169
Trd, 000225.900, 169
Trd, 000226.100, 169
Trd, 000227.333, 168
Trd, 000227.733, 170
Trd, 000228.633, 168
Trd, 000230.600, 173
Trd, 000230.833, 172
Trd, 000232.100, 171
Trd, 000232.567, 173
Trd, 000233.350, 172
Trd, 000234.817, 175
Trd, 000235.033, 170
Trd, 000235.400, 174
Trd, 000236.600, 171
Trd, 000236.833, 169
Trd, 000237.167, 172
Trd, 000238.567, 173
Trd, 000239.633, 172
Trd, 000240.033, 170
Trd, 000240.817, 170
Trd, 000241.167, 170
Trd, 000241.300, 170
Trd, 000241.417, 169
Trd, 000241.500, 171
Trd, 000241.767, 169
Trd, 000242.133, 167
Trd, 000242.267, 168
Trd, 000242.700, 171
Trd, 000243.683, 171
Trd, 000244.000, 166
Trd, 000244.517, 163
Trd, 000244.700, 161
Trd, 000245.383, 165
Trd, 000245.700, 165
Trd, 000246.217, 165
Trd, 000246.433, 164
Trd, 000246.883, 166
Trd, 000247.100, 168
Trd, 000247.550, 168
Trd, 000247.567, 164
Trd, 000248.017, 168
Trd, 000249.567, 170
Trd, 000250.567, 172
Trd, 000250.900, 170
Trd, 000251.400, 167
Trd, 000251.533, 171
Trd, 000251.867, 173
Trd, 000252.633, 169
Trd, 000253.950, 173
Trd, 000254.267, 169
Trd, 000254.883, 162
Trd, 000255.083, 165
Trd, 000255.167, 166
Trd, 000255.467, 166
Trd, 000255.500, 165
Trd, 000255.650, 170
Trd, 000255.983, 168
Trd, 000256.033, 170
Trd, 000256.117, 164
Trd, 000257.050, 173
Trd, 000257.600, 176
Trd, 000257.683, 171
Trd, 000258.700, 169
Trd, 000259.017, 168
Trd, 000259.067, 174
Trd, 000259.400, 173
Trd, 000259.483, 176
Trd, 000260.583, 173
Trd, 000260.717, 177
Trd, 000261.100, 176
Trd, 000261.900, 177
Trd, 000261.983, 178
Trd, 000262.500, 178
Trd, 000262.517, 174
Trd, 000263.283, 176
Trd, 000263.767, 179
Trd, 000264.167, 179
Trd, 000264.950, 179
Trd, 000265.183, 169
Trd, 000265.233, 167
Trd, 000266.150, 174
Trd, 000267.217, 170
Trd, 000267.317, 171
Trd, 000267.767, 177
Trd, 000268.017, 177
Trd, 000268.283, 178
Trd, 000268.683, 178
Trd, 000268.800, 179
Trd, 000269.550, 179
Trd, 000269.700, 179
Trd, 000270.133, 178
Trd, 000270.950, 178
Trd, 000271.267, 175
Trd, 000271.550, 175
Trd, 000272.067, 170
Trd, 000272.150, 169
Trd, 000273.083, 183
Trd, 000273.517, 184
Trd, 000274.267, 171
Trd, 000274.433, 177
Trd, 000274.817, 180
Trd, 000275.000, 176
Trd, 000275.167, 171
Trd, 000275.900, 177
Trd, 000275.933, 178
Trd, 000276.517, 174
Trd, 000277.017, 179
Trd, 000277.800, 174
Trd, 000277.917, 179
Trd, 000278.083, 180
Trd, 000278.683, 179
Trd, 000279.450, 172
Trd, 000279.617, 175
Trd, 000280.267, 174
Trd, 000280.367, 174
Trd, 000280.950, 173
Trd, 000281.300, 171
Trd, 000281.467, 170
Trd, 000281.617, 178
Trd, 000282.383, 178
Trd, 000282.450, 179
Trd, 000283.500, 174
Trd, 000283.567, 179
Trd, 000283.633, 179
Trd, 000283.683, 180
Trd, 000283.850, 173
Trd, 000284.850, 183
Trd, 000285.233, 179
Trd, 000285.500, 169
Trd, 000286.200, 170
Trd, 000286.533, 170
Trd, 000287.367, 174
Trd, 000287.433, 175
Trd, 000287.667, 166
Trd, 000288.067, 165
Trd, 000288.983, 166
Trd, 000289.083, 171
Trd, 000289.117, 172
Trd, 000289.717, 175
Trd, 000289.883, 177
Trd, 000290.217, 174
Trd, 000291.133, 166
Trd, 000291.317, 165
Trd, 000291.850, 174
Trd, 000293.200, 170
Trd, 000293.533, 169
Trd, 000294.150, 170
Trd, 000294.233, 169
Trd, 000294.283, 173
Trd, 000294.867, 167
Trd, 000295.500, 166
Trd, 000295.517, 166
Trd, 000295.783, 170
Trd, 000296.050, 175
Trd, 000296.517, 172
Trd, 000296.567, 177
Trd, 000297.017, 170
Trd, 000297.150, 181
Trd, 000298.050, 176
Trd, 000298.450, 178
Trd, 000298.933, 170
Trd, 000299.950, 171
