Trd, 000003.800, 143
Trd, 000003.950, 155
Trd, 000004.267, 156
Trd, 000004.350, 142
Trd, 000004.833, 158
Trd, 000005.983, 148
Trd, 000006.300, 148
Trd, 000007.250, 155
Trd, 000008.117, 155
Trd, 000008.967, 154
Trd, 000009.583, 153
Trd, 000010.333, 157
Trd, 000010.583, 157
Trd, 000010.683, 152
Trd, 000012.233, 151
Trd, 000012.517, 151
Trd, 000012.817, 150
Trd, 000012.917, 151
Trd, 000013.567, 148
Trd, 000013.933, 151
Trd, 000013.950, 150
Trd, 000015.200, 150
Trd, 000015.500, 156
Trd, 000017.567, 151
Trd, 000018.767, 152
Trd, 000019.000, 150
Trd, 000020.467, 151
Trd, 000020.500, 152
Trd, 000021.050, 156
Trd, 000021.450, 149
Trd, 000021.567, 149
Trd, 000022.300, 154
Trd, 000023.267, 148
Trd, 000023.300, 148
Trd, 000023.667, 151
Trd, 000023.800, 157
Trd, 000024.567, 147
Trd, 000026.233, 160
Trd, 000027.833, 153
Trd, 000028.617, 150
Trd, 000029.017, 150
Trd, 000029.117, 149
Trd, 000029.333, 154
Trd, 000029.583, 154
Trd, 000031.883, 151
Trd, 000032.067, 151
Trd, 000033.300, 150
Trd, 000033.867, 151
Trd, 000034.150, 151
Trd, 000034.317, 152
Trd, 000035.617, 151
Trd, 000036.683, 150
Trd, 000036.833, 150
Trd, 000037.250, 152
Trd, 000037.450, 157
Trd, 000037.933, 146
Trd, 000038.200, 146
Trd, 000038.317, 144
Trd, 000039.417, 154
Trd, 000040.450, 150
Trd, 000040.767, 153
Trd, 000041.800, 158
Trd, 000042.433, 156
Trd, 000042.867, 155
Trd, 000044.217, 152
Trd, 000044.467, 153
Trd, 000046.683, 154
Trd, 000048.283, 153
Trd, 000049.100, 154
Trd, 000049.133, 154
Trd, 000049.267, 153
Trd, 000050.133, 152
Trd, 000051.183, 155
Trd, 000051.517, 152
Trd, 000052.783, 155
Trd, 000053.300, 157
Trd, 000053.367, 153
Trd, 000053.717, 152
Trd, 000055.217, 156
Trd, 000055.300, 157
Trd, 000055.750, 154
Trd, 000057.100, 156
Trd, 000057.183, 157
Trd, 000057.433, 154
Trd, 000057.517, 152
Trd, 000058.150, 159
Trd, 000059.800, 153
Trd, 000060.150, 153
Trd, 000060.533, 155
Trd, 000061.083, 153
Trd, 000061.600, 153
Trd, 000061.617, 152
Trd, 000061.667, 153
Trd, 000062.633, 152
Trd, 000063.050, 151
Trd, 000063.950, 154
Trd, 000065.917, 152
Trd, 000066.667, 154
Trd, 000068.367, 152
Trd, 000069.067, 152
Trd, 000069.567, 154
Trd, 000070.117, 155
Trd, 000071.783, 156
Trd, 000073.117, 152
Trd, 000073.333, 151
Trd, 000073.633, 155
Trd, 000074.267, 161
Trd, 000075.083, 162
Trd, 000076.233, 155
Trd, 000076.883, 159
Trd, 000078.167, 162
Trd, 000079.183, 158
Trd, 000080.033, 159
Trd, 000080.567, 158
Trd, 000080.883, 158
Trd, 000081.267, 158
Trd, 000081.633, 157
Trd, 000082.133, 159
Trd, 000083.383, 158
Trd, 000084.233, 156
Trd, 000084.317, 155
Trd, 000085.467, 155
Trd, 000085.483, 156
Trd, 000085.883, 156
Trd, 000086.233, 155
Trd, 000086.500, 157
Trd, 000088.033, 158
Trd, 000088.433, 159
Trd, 000089.100, 155
Trd, 000089.250, 156
Trd, 000090.150, 161
Trd, 000092.683, 158
Trd, 000092.867, 157
Trd, 000093.667, 157
Trd, 000095.867, 166
Trd, 000095.933, 158
Trd, 000096.317, 170
Trd, 000096.450, 160
Trd, 000096.700, 157
Trd, 000099.267, 171
Trd, 000100.733, 162
Trd, 000101.433, 160
Trd, 000101.783, 160
Trd, 000102.167, 159
Trd, 000102.667, 158
Trd, 000103.067, 158
Trd, 000103.883, 159
Trd, 000104.383, 160
Trd, 000105.683, 159
Trd, 000106.383, 157
Trd, 000106.783, 159
Trd, 000107.617, 160
Trd, 000108.200, 159
Trd, 000108.300, 163
Trd, 000108.483, 163
Trd, 000108.550, 164
Trd, 000110.017, 161
Trd, 000110.700, 162
Trd, 000111.917, 167
Trd, 000112.500, 172
Trd, 000113.133, 163
Trd, 000113.267, 160
Trd, 000113.983, 160
Trd, 000115.067, 161
Trd, 000115.250, 161
Trd, 000115.917, 160
Trd, 000116.533, 163
Trd, 000117.200, 165
Trd, 000117.850, 161
Trd, 000119.033, 160
Trd, 000120.067, 163
Trd, 000121.267, 162
Trd, 000122.400, 162
Trd, 000122.667, 161
Trd, 000122.683, 161
Trd, 000122.933, 159
Trd, 000123.267, 162
Trd, 000124.033, 167
Trd, 000124.233, 174
Trd, 000125.050, 176
Trd, 000125.117, 161
Trd, 000127.100, 164
Trd, 000127.600, 171
Trd, 000127.933, 172
Trd, 000127.950, 164
Trd, 000130.867, 166
Trd, 000131.550, 164
Trd, 000132.133, 163
Trd, 000132.467, 163
Trd, 000133.283, 162
Trd, 000133.667, 159
Trd, 000133.717, 154
Trd, 000134.650, 161
Trd, 000134.700, 158
Trd, 000134.967, 157
Trd, 000135.267, 158
Trd, 000135.617, 160
Trd, 000136.533, 159
Trd, 000136.983, 157
Trd, 000137.750, 154
Trd, 000138.633, 157
Trd, 000138.700, 158
Trd, 000139.233, 162
Trd, 000139.350, 159
Trd, 000139.750, 159
Trd, 000140.850, 166
Trd, 000141.250, 162
Trd, 000141.933, 169
Trd, 000142.700, 161
Trd, 000143.200, 175
Trd, 000143.783, 175
Trd, 000145.950, 170
Trd, 000146.317, 168
Trd, 000147.483, 168
Trd, 000148.017, 162
Trd, 000149.500, 161
Trd, 000149.583, 163
Trd, 000150.467, 161
Trd, 000150.600, 157
Trd, 000150.867, 162
Trd, 000151.383, 162
Trd, 000151.883, 159
Trd, 000152.017, 162
Trd, 000152.700, 177
Trd, 000155.333, 162
Trd, 000155.500, 163
Trd, 000155.633, 164
Trd, 000156.183, 162
Trd, 000156.967, 162
Trd, 000158.567, 162
Trd, 000158.650, 166
Trd, 000159.583, 164
Trd, 000159.983, 163
Trd, 000161.150, 163
Trd, 000162.133, 163
Trd, 000162.283, 170
Trd, 000162.317, 162
Trd, 000163.067, 162
Trd, 000163.433, 170
Trd, 000163.600, 160
Trd, 000163.950, 171
Trd, 000164.833, 161
Trd, 000165.400, 175
Trd, 000167.450, 169
Trd, 000167.750, 167
Trd, 000168.817, 166
Trd, 000169.550, 167
Trd, 000169.783, 165
Trd, 000169.800, 167
Trd, 000170.233, 172
Trd, 000172.817, 164
Trd, 000174.150, 163
Trd, 000174.800, 167
Trd, 000174.983, 168
Trd, 000176.100, 167
Trd, 000176.150, 165
Trd, 000176.200, 169
Trd, 000176.750, 166
Trd, 000177.667, 167
Trd, 000178.333, 166
Trd, 000178.467, 167
Trd, 000179.867, 166
Trd, 000180.200, 166
Trd, 000180.283, 165
Trd, 000180.700, 164
Trd, 000181.450, 166
Trd, 000182.250, 164
Trd, 000182.300, 162
Trd, 000183.733, 161
Trd, 000183.917, 162
Trd, 000184.833, 166
Trd, 000185.050, 173
Trd, 000185.233, 164
Trd, 000185.417, 184
Trd, 000186.500, 162
Trd, 000186.650, 162
Trd, 000189.583, 167
Trd, 000190.033, 166
Trd, 000190.100, 167
Trd, 000190.850, 165
Trd, 000191.533, 165
Trd, 000191.950, 172
Trd, 000192.500, 175
Trd, 000193.900, 177
Trd, 000194.100, 167
Trd, 000194.650, 175
Trd, 000195.050, 168
Trd, 000195.483, 170
Trd, 000197.833, 173
Trd, 000198.300, 172
Trd, 000198.517, 172
Trd, 000199.983, 170
Trd, 000200.550, 169
Trd, 000200.800, 170
Trd, 000200.933, 169
Trd, 000201.900, 169
Trd, 000204.400, 168
Trd, 000204.483, 167
Trd, 000205.017, 167
Trd, 000206.033, 165
Trd, 000207.000, 166
Trd, 000207.567, 165
Trd, 000208.467, 166
Trd, 000208.883, 167
Trd, 000209.350, 165
Trd, 000210.317, 169
Trd, 000210.917, 172
Trd, 000210.967, 176
Trd, 000211.317, 164
Trd, 000211.817, 183
Trd, 000213.267, 181
Trd, 000213.767, 162
Trd, 000216.333, 172
Trd, 000217.367, 173
Trd, 000217.617, 170
Trd, 000218.200, 170
Trd, 000218.267, 172
Trd, 000219.483, 171
Trd, 000219.733, 171
Trd, 000219.967, 171
Trd, 000221.150, 170
Trd, 000221.467, 170
Trd, 000222.017, 169
Trd, 000222.067, 171
Trd, 000222.717, 176
Trd, 000223.833, 172
Trd, 000224.167, 168
Trd, 000225.383, 170
Trd, 000225.483, 168
Trd, 000225.783, 170
Trd, 000226.083, 167
Trd, 000226.217, 149
Trd, 000226.750, 150
Trd, 000228.050, 147
Trd, 000228.583, 177
Trd, 000228.617, 178
Trd, 000229.583, 175
Trd, 000230.267, 171
Trd, 000232.667, 173
Trd, 000233.300, 174
Trd, 000234.133, 170
Trd, 000234.350, 170
Trd, 000235.867, 170
Trd, 000236.583, 170
Trd, 000237.217, 169
Trd, 000237.283, 171
Trd, 000238.083, 166
Trd, 000238.717, 173
Trd, 000238.883, 172
Trd, 000240.383, 172
Trd, 000240.567, 171
Trd, 000240.600, 173
Trd, 000240.900, 174
Trd, 000240.933, 173
Trd, 000241.067, 172
Trd, 000241.500, 171
Trd, 000241.717, 173
Trd, 000242.167, 172
Trd, 000242.400, 170
Trd, 000242.800, 169
Trd, 000242.833, 171
Trd, 000242.900, 173
Trd, 000243.167, 169
Trd, 000243.667, 173
Trd, 000244.183, 175
Trd, 000244.350, 178
Trd, 000245.117, 175
Trd, 000246.067, 175
Trd, 000246.083, 174
Trd, 000246.217, 173
Trd, 000246.550, 172
Trd, 000247.850, 174
Trd, 000247.917, 173
Trd, 000248.417, 173
Trd, 000249.350, 176
Trd, 000249.933, 179
Trd, 000249.983, 173
Trd, 000250.367, 174
Trd, 000251.300, 171
Trd, 000251.750, 171
Trd, 000252.017, 169
Trd, 000252.533, 171
Trd, 000252.617, 169
Trd, 000253.383, 167
Trd, 000254.000, 171
Trd, 000254.567, 166
Trd, 000255.383, 164
Trd, 000255.450, 169
Trd, 000255.583, 174
Trd, 000256.000, 169
Trd, 000256.550, 169
Trd, 000257.783, 170
Trd, 000257.883, 168
Trd, 000258.033, 167
Trd, 000258.550, 169
Trd, 000258.567, 168
Trd, 000258.850, 171
Trd, 000258.883, 170
Trd, 000259.067, 167
Trd, 000260.433, 174
Trd, 000260.650, 171
Trd, 000260.733, 176
Trd, 000262.683, 177
Trd, 000263.117, 175
Trd, 000263.250, 173
Trd, 000263.750, 173
Trd, 000264.083, 180
Trd, 000264.667, 180
Trd, 000264.767, 182
Trd, 000265.050, 178
Trd, 000265.517, 177
Trd, 000265.550, 178
Trd, 000266.067, 176
Trd, 000266.517, 179
Trd, 000266.717, 177
Trd, 000266.733, 181
Trd, 000267.283, 175
Trd, 000267.733, 178
Trd, 000268.083, 176
Trd, 000269.400, 177
Trd, 000270.000, 167
Trd, 000270.450, 171
Trd, 000270.767, 162
Trd, 000271.000, 167
Trd, 000271.367, 170
Trd, 000271.650, 169
Trd, 000271.783, 167
Trd, 000272.617, 174
Trd, 000273.017, 174
Trd, 000273.100, 172
Trd, 000273.717, 174
Trd, 000274.533, 174
Trd, 000275.150, 172
Trd, 000275.367, 175
Trd, 000275.817, 171
Trd, 000275.917, 170
Trd, 000276.117, 170
Trd, 000276.650, 171
Trd, 000277.133, 177
Trd, 000277.617, 178
Trd, 000277.950, 179
Trd, 000278.300, 183
Trd, 000279.700, 183
Trd, 000280.833, 176
Trd, 000281.083, 176
Trd, 000281.950, 176
Trd, 000282.150, 175
Trd, 000282.667, 174
Trd, 000282.700, 174
Trd, 000282.917, 173
Trd, 000283.450, 169
Trd, 000284.117, 173
Trd, 000284.267, 172
Trd, 000284.833, 170
Trd, 000285.350, 155
Trd, 000285.367, 165
Trd, 000285.583, 152
Trd, 000285.617, 153
Trd, 000285.883, 172
Trd, 000286.533, 178
Trd, 000287.067, 178
Trd, 000287.867, 177
Trd, 000288.367, 178
Trd, 000288.817, 178
Trd, 000289.100, 170
Trd, 000289.517, 175
Trd, 000290.067, 178
Trd, 000290.200, 174
Trd, 000290.517, 160
Trd, 000290.950, 175
Trd, 000291.117, 174
Trd, 000291.217, 176
Trd, 000291.433, 180
Trd, 000291.467, 173
Trd, 000291.767, 170
Trd, 000292.050, 170
Trd, 000292.833, 170
Trd, 000293.217, 183
Trd, 000293.500, 169
Trd, 000294.400, 182
Trd, 000295.617, 187
Trd, 000295.700, 185
Trd, 000295.900, 181
Trd, 000295.950, 179
Trd, 000296.050, 187
Trd, 000296.183, 177
Trd, 000296.517, 173
Trd, 000296.550, 188
Trd, 000296.833, 178
Trd, 000296.933, 191
Trd, 000297.067, 177
Trd, 000297.450, 202
Trd, 000297.950, 198
Trd, 000298.133, 184
Trd, 000298.183, 171
Trd, 000298.567, 157
Trd, 000299.150, 193
Trd, 000299.967, 174
