Trd, 000001.317, 110
Trd, 000003.733, 135
Trd, 000003.917, 137
Trd, 000004.067, 131
Trd, 000004.100, 139
Trd, 000004.333, 141
Trd, 000005.467, 140
Trd, 000005.650, 138
Trd, 000005.717, 135
Trd, 000006.767, 140
Trd, 000006.967, 146
Trd, 000007.667, 137
Trd, 000008.617, 145
Trd, 000009.267, 143
Trd, 000009.450, 139
Trd, 000010.133, 139
Trd, 000011.400, 141
Trd, 000011.817, 139
Trd, 000012.000, 138
Trd, 000012.300, 139
Trd, 000012.550, 138
Trd, 000012.683, 140
Trd, 000012.717, 141
Trd, 000013.733, 145
Trd, 000014.050, 152
Trd, 000015.683, 146
Trd, 000015.950, 145
Trd, 000016.150, 144
Trd, 000017.567, 145
Trd, 000018.383, 144
Trd, 000018.433, 144
Trd, 000018.850, 143
Trd, 000019.567, 145
Trd, 000019.800, 146
Trd, 000019.883, 148
Trd, 000022.150, 147
Trd, 000023.050, 146
Trd, 000023.817, 147
Trd, 000023.967, 148
Trd, 000024.167, 153
Trd, 000024.283, 148
Trd, 000024.417, 146
Trd, 000025.050, 145
Trd, 000025.533, 145
Trd, 000026.200, 146
Trd, 000026.467, 147
Trd, 000027.433, 146
Trd, 000027.850, 144
Trd, 000028.233, 147
Trd, 000028.717, 145
Trd, 000029.133, 150
Trd, 000029.250, 154
Trd, 000029.700, 145
Trd, 000030.450, 150
Trd, 000031.050, 155
Trd, 000032.950, 151
Trd, 000033.383, 151
Trd, 000033.717, 151
Trd, 000034.333, 150
Trd, 000034.867, 158
Trd, 000034.900, 152
Trd, 000035.267, 159
Trd, 000035.617, 154
Trd, 000036.467, 153
Trd, 000038.183, 155
Trd, 000038.883, 155
Trd, 000039.233, 156
Trd, 000039.683, 157
Trd, 000039.933, 155
Trd, 000039.967, 156
Trd, 000040.267, 154
Trd, 000041.600, 153
Trd, 000042.000, 152
Trd, 000042.867, 151
Trd, 000044.150, 148
Trd, 000044.217, 148
Trd, 000044.283, 149
Trd, 000044.400, 149
Trd, 000044.700, 147
Trd, 000046.533, 148
Trd, 000046.817, 147
Trd, 000047.667, 147
Trd, 000048.267, 135
Trd, 000048.633, 145
Trd, 000048.650, 131
Trd, 000048.783, 122
Trd, 000049.417, 146
Trd, 000050.367, 146
Trd, 000050.633, 146
Trd, 000051.283, 146
Trd, 000051.500, 148
Trd, 000052.367, 144
Trd, 000052.950, 144
Trd, 000054.567, 145
Trd, 000054.683, 146
Trd, 000054.900, 143
Trd, 000055.183, 145
Trd, 000056.350, 144
Trd, 000056.367, 146
Trd, 000057.917, 147
Trd, 000058.000, 155
Trd, 000058.783, 148
Trd, 000059.167, 148
Trd, 000060.650, 148
Trd, 000060.883, 147
Trd, 000061.150, 147
Trd, 000061.333, 146
Trd, 000062.383, 148
Trd, 000062.967, 148
Trd, 000063.450, 147
Trd, 000064.067, 146
Trd, 000064.250, 146
Trd, 000064.617, 145
Trd, 000064.850, 157
Trd, 000065.167, 152
Trd, 000066.733, 150
Trd, 000067.000, 158
Trd, 000068.233, 151
Trd, 000068.733, 157
Trd, 000069.217, 161
Trd, 000069.367, 149
Trd, 000070.717, 148
Trd, 000071.783, 151
Trd, 000071.883, 153
Trd, 000072.750, 151
Trd, 000073.133, 153
Trd, 000073.767, 152
Trd, 000074.117, 150
Trd, 000074.267, 150
Trd, 000074.783, 152
Trd, 000075.233, 150
Trd, 000076.300, 152
Trd, 000076.400, 151
Trd, 000077.283, 149
Trd, 000077.600, 153
Trd, 000078.250, 149
Trd, 000079.533, 150
Trd, 000079.917, 149
Trd, 000080.100, 148
Trd, 000080.133, 151
Trd, 000080.733, 153
Trd, 000081.117, 153
Trd, 000081.817, 148
Trd, 000082.733, 159
Trd, 000083.500, 157
Trd, 000083.583, 153
Trd, 000083.600, 152
Trd, 000083.883, 148
Trd, 000085.350, 152
Trd, 000086.150, 152
Trd, 000087.200, 157
Trd, 000088.433, 153
Trd, 000089.050, 153
Trd, 000089.100, 153
Trd, 000089.650, 152
Trd, 000089.750, 154
Trd, 000089.867, 151
Trd, 000090.817, 151
Trd, 000091.233, 150
Trd, 000091.333, 141
Trd, 000092.567, 148
Trd, 000092.600, 155
Trd, 000093.817, 150
Trd, 000094.350, 152
Trd, 000095.117, 152
Trd, 000095.833, 151
Trd, 000096.050, 150
Trd, 000096.083, 152
Trd, 000096.250, 148
Trd, 000096.783, 152
Trd, 000097.000, 153
Trd, 000097.817, 147
Trd, 000097.833, 151
Trd, 000099.067, 147
Trd, 000099.117, 156
Trd, 000099.183, 146
Trd, 000100.167, 142
Trd, 000101.267, 149
Trd, 000101.867, 150
Trd, 000102.600, 151
Trd, 000104.000, 145
Trd, 000104.133, 144
Trd, 000104.667, 144
Trd, 000104.783, 144
Trd, 000105.183, 150
Trd, 000105.633, 151
Trd, 000106.033, 146
Trd, 000106.550, 147
Trd, 000106.867, 156
Trd, 000107.750, 152
Trd, 000109.000, 153
Trd, 000109.083, 148
Trd, 000109.633, 148
Trd, 000110.550, 155
Trd, 000110.700, 153
Trd, 000110.900, 147
Trd, 000111.483, 150
Trd, 000111.800, 153
Trd, 000112.250, 150
Trd, 000113.650, 149
Trd, 000113.783, 152
Trd, 000115.033, 150
Trd, 000116.100, 149
Trd, 000116.683, 149
Trd, 000117.333, 148
Trd, 000117.350, 147
Trd, 000118.050, 150
Trd, 000118.450, 139
Trd, 000118.583, 150
Trd, 000120.017, 146
Trd, 000120.333, 145
Trd, 000120.683, 146
Trd, 000121.583, 147
Trd, 000122.367, 144
Trd, 000122.717, 144
Trd, 000123.450, 146
Trd, 000123.467, 147
Trd, 000124.300, 163
Trd, 000125.017, 165
Trd, 000125.100, 149
Trd, 000126.150, 156
Trd, 000126.267, 148
Trd, 000126.883, 150
Trd, 000127.767, 163
Trd, 000129.000, 153
Trd, 000129.183, 150
Trd, 000129.300, 159
Trd, 000129.500, 136
Trd, 000129.550, 159
Trd, 000129.733, 133
Trd, 000131.567, 151
Trd, 000132.667, 155
Trd, 000133.367, 150
Trd, 000133.667, 164
Trd, 000133.867, 168
Trd, 000134.767, 164
Trd, 000135.200, 159
Trd, 000135.550, 158
Trd, 000135.733, 162
Trd, 000135.767, 157
Trd, 000137.000, 159
Trd, 000137.800, 157
Trd, 000138.317, 157
Trd, 000138.700, 156
Trd, 000138.783, 137
Trd, 000139.817, 158
Trd, 000140.267, 158
Trd, 000140.550, 159
Trd, 000141.117, 159
Trd, 000141.400, 154
Trd, 000142.133, 158
Trd, 000143.117, 159
Trd, 000143.700, 157
Trd, 000144.033, 157
Trd, 000144.967, 157
Trd, 000145.567, 156
Trd, 000145.750, 158
Trd, 000146.400, 156
Trd, 000146.900, 163
Trd, 000147.200, 165
Trd, 000147.733, 156
Trd, 000147.967, 159
Trd, 000148.333, 155
Trd, 000148.733, 146
Trd, 000149.283, 152
Trd, 000152.050, 153
Trd, 000152.400, 155
Trd, 000152.517, 153
Trd, 000152.967, 155
Trd, 000154.667, 154
Trd, 000155.250, 153
Trd, 000155.383, 152
Trd, 000155.900, 151
Trd, 000156.433, 151
Trd, 000156.450, 153
Trd, 000156.483, 147
Trd, 000158.400, 151
Trd, 000158.900, 154
Trd, 000159.317, 150
Trd, 000160.133, 153
Trd, 000160.350, 149
Trd, 000160.383, 153
Trd, 000160.700, 173
Trd, 000160.833, 149
Trd, 000161.650, 160
Trd, 000161.733, 159
Trd, 000162.567, 159
Trd, 000162.883, 158
Trd, 000163.767, 155
Trd, 000164.933, 155
Trd, 000164.983, 151
Trd, 000165.917, 153
Trd, 000167.433, 154
Trd, 000167.483, 153
Trd, 000167.700, 156
Trd, 000168.267, 154
Trd, 000168.400, 157
Trd, 000168.500, 151
Trd, 000171.133, 153
Trd, 000171.167, 152
Trd, 000172.283, 153
Trd, 000173.267, 151
Trd, 000173.733, 151
Trd, 000173.800, 151
Trd, 000174.233, 152
Trd, 000174.483, 158
Trd, 000174.500, 150
Trd, 000174.633, 149
Trd, 000175.700, 158
Trd, 000176.533, 158
Trd, 000176.717, 164
Trd, 000178.683, 163
Trd, 000179.500, 162
Trd, 000179.633, 168
Trd, 000179.867, 171
Trd, 000179.933, 162
Trd, 000180.617, 163
Trd, 000180.667, 162
Trd, 000180.833, 161
Trd, 000181.300, 149
Trd, 000182.183, 155
Trd, 000182.517, 154
Trd, 000182.967, 139
Trd, 000182.983, 138
Trd, 000184.683, 147
Trd, 000185.633, 149
Trd, 000185.833, 149
Trd, 000186.617, 154
Trd, 000187.550, 158
Trd, 000187.700, 158
Trd, 000187.783, 159
Trd, 000188.217, 149
Trd, 000188.717, 171
Trd, 000189.383, 154
Trd, 000189.800, 155
Trd, 000190.317, 161
Trd, 000190.417, 162
Trd, 000192.000, 163
Trd, 000192.450, 162
Trd, 000192.467, 162
Trd, 000192.650, 163
Trd, 000194.333, 164
Trd, 000195.533, 165
Trd, 000196.083, 164
Trd, 000196.117, 166
Trd, 000196.800, 168
Trd, 000197.150, 164
Trd, 000198.250, 166
Trd, 000198.917, 164
Trd, 000199.333, 172
Trd, 000200.117, 169
Trd, 000201.217, 168
Trd, 000201.433, 168
Trd, 000202.367, 167
Trd, 000202.733, 166
Trd, 000202.800, 165
Trd, 000202.833, 160
Trd, 000204.217, 162
Trd, 000204.733, 163
Trd, 000204.983, 162
Trd, 000205.117, 161
Trd, 000205.250, 162
Trd, 000206.000, 166
Trd, 000206.650, 165
Trd, 000206.850, 166
Trd, 000208.783, 165
Trd, 000209.533, 165
Trd, 000209.800, 165
Trd, 000210.633, 163
Trd, 000211.500, 163
Trd, 000211.633, 155
Trd, 000211.733, 164
Trd, 000212.100, 156
Trd, 000212.300, 163
Trd, 000213.767, 157
Trd, 000214.133, 157
Trd, 000214.817, 161
Trd, 000214.983, 161
Trd, 000216.233, 161
Trd, 000216.583, 159
Trd, 000216.983, 162
Trd, 000217.433, 163
Trd, 000218.383, 159
Trd, 000218.950, 168
Trd, 000219.800, 160
Trd, 000219.983, 167
Trd, 000220.117, 160
Trd, 000220.383, 159
Trd, 000220.433, 159
Trd, 000220.667, 169
Trd, 000221.983, 158
Trd, 000223.217, 166
Trd, 000223.600, 159
Trd, 000225.517, 168
Trd, 000225.633, 162
Trd, 000226.383, 164
Trd, 000226.833, 162
Trd, 000226.867, 168
Trd, 000226.967, 169
Trd, 000227.833, 170
Trd, 000228.533, 170
Trd, 000228.683, 174
Trd, 000228.833, 167
Trd, 000229.800, 176
Trd, 000230.033, 169
Trd, 000230.983, 176
Trd, 000231.383, 169
Trd, 000232.883, 172
Trd, 000233.000, 171
Trd, 000234.433, 171
Trd, 000234.517, 171
Trd, 000234.767, 172
Trd, 000235.967, 173
Trd, 000237.433, 171
Trd, 000237.833, 173
Trd, 000237.967, 170
Trd, 000238.517, 170
Trd, 000239.750, 171
Trd, 000240.217, 169
Trd, 000240.317, 179
Trd, 000240.367, 170
Trd, 000240.600, 174
Trd, 000240.733, 173
Trd, 000241.350, 174
Trd, 000241.483, 173
Trd, 000241.767, 168
Trd, 000242.150, 169
Trd, 000242.250, 174
Trd, 000242.350, 168
Trd, 000243.150, 172
Trd, 000243.450, 170
Trd, 000244.600, 168
Trd, 000244.833, 168
Trd, 000245.167, 168
Trd, 000245.367, 167
Trd, 000246.500, 170
Trd, 000246.550, 171
Trd, 000246.950, 170
Trd, 000247.050, 167
Trd, 000247.700, 168
Trd, 000248.267, 170
Trd, 000249.283, 174
Trd, 000249.383, 172
Trd, 000250.250, 172
Trd, 000250.450, 172
Trd, 000250.600, 169
Trd, 000251.300, 173
Trd, 000251.317, 170
Trd, 000251.550, 171
Trd, 000252.367, 170
Trd, 000252.867, 171
Trd, 000253.467, 171
Trd, 000253.583, 169
Trd, 000253.667, 171
Trd, 000254.200, 171
Trd, 000254.267, 169
Trd, 000254.350, 169
Trd, 000254.517, 168
Trd, 000256.067, 175
Trd, 000256.100, 169
Trd, 000256.200, 172
Trd, 000256.883, 170
Trd, 000257.267, 169
Trd, 000257.300, 171
Trd, 000257.950, 157
Trd, 000258.600, 172
Trd, 000258.983, 164
Trd, 000259.017, 178
Trd, 000259.150, 181
Trd, 000260.033, 179
Trd, 000260.617, 177
Trd, 000260.983, 178
Trd, 000261.183, 178
Trd, 000261.967, 178
Trd, 000262.317, 177
Trd, 000262.500, 177
Trd, 000262.617, 177
Trd, 000263.217, 178
Trd, 000263.783, 181
Trd, 000264.083, 180
Trd, 000264.250, 179
Trd, 000264.617, 180
Trd, 000265.783, 179
Trd, 000266.350, 178
Trd, 000266.417, 176
Trd, 000266.917, 175
Trd, 000267.583, 176
Trd, 000267.883, 180
Trd, 000268.817, 178
Trd, 000269.667, 179
Trd, 000269.850, 180
Trd, 000270.033, 178
Trd, 000270.417, 175
Trd, 000270.783, 174
Trd, 000271.283, 179
Trd, 000271.367, 178
Trd, 000271.450, 177
Trd, 000272.250, 179
Trd, 000272.917, 176
Trd, 000273.383, 176
Trd, 000273.433, 175
Trd, 000273.733, 173
Trd, 000273.867, 179
Trd, 000274.417, 173
Trd, 000274.833, 180
Trd, 000275.133, 178
Trd, 000275.383, 174
Trd, 000276.333, 175
Trd, 000276.650, 173
Trd, 000276.700, 178
Trd, 000277.550, 173
Trd, 000277.983, 173
Trd, 000278.417, 172
Trd, 000278.550, 161
Trd, 000278.833, 158
Trd, 000279.567, 167
Trd, 000279.783, 169
Trd, 000280.367, 172
Trd, 000280.417, 167
Trd, 000280.433, 172
Trd, 000281.233, 166
Trd, 000281.750, 170
Trd, 000281.933, 179
Trd, 000282.067, 183
Trd, 000282.683, 175
Trd, 000283.400, 172
Trd, 000283.483, 175
Trd, 000284.067, 171
Trd, 000284.100, 177
Trd, 000284.817, 175
Trd, 000285.083, 171
Trd, 000285.217, 179
Trd, 000285.833, 182
Trd, 000286.450, 180
Trd, 000286.517, 183
Trd, 000286.767, 174
Trd, 000286.967, 173
Trd, 000287.683, 172
Trd, 000288.300, 173
Trd, 000288.350, 172
Trd, 000288.817, 173
Trd, 000288.900, 174
Trd, 000289.583, 173
Trd, 000289.900, 170
Trd, 000290.267, 186
Trd, 000290.400, 176
Trd, 000290.833, 179
Trd, 000290.917, 172
Trd, 000291.767, 176
Trd, 000291.783, 185
Trd, 000291.817, 176
Trd, 000291.967, 175
Trd, 000292.033, 172
Trd, 000292.683, 182
Trd, 000292.900, 185
Trd, 000292.967, 186
Trd, 000293.150, 173
Trd, 000294.667, 180
Trd, 000295.667, 175
Trd, 000296.000, 176
Trd, 000296.350, 175
Trd, 000296.567, 182
Trd, 000297.233, 176
Trd, 000297.867, 173
Trd, 000297.967, 181
Trd, 000298.167, 172
Trd, 000298.417, 181
Trd, 000298.933, 161
Trd, 000299.550, 185
