Trd, 000002.383, 162
Trd, 000003.250, 159
Trd, 000003.633, 159
Trd, 000004.183, 158
Trd, 000005.217, 155
Trd, 000006.083, 155
Trd, 000007.017, 159
Trd, 000008.283, 156
Trd, 000008.450, 157
Trd, 000009.117, 155
Trd, 000009.633, 154
Trd, 000010.383, 153
Trd, 000010.717, 154
Trd, 000010.833, 153
Trd, 000011.183, 153
Trd, 000011.333, 154
Trd, 000011.933, 155
Trd, 000013.200, 153
Trd, 000013.350, 152
Trd, 000013.717, 151
Trd, 000013.933, 152
Trd, 000015.717, 153
Trd, 000015.967, 153
Trd, 000016.083, 154
Trd, 000017.217, 157
Trd, 000019.150, 157
Trd, 000019.500, 158
Trd, 000019.733, 158
Trd, 000020.333, 157
Trd, 000020.717, 158
Trd, 000021.217, 155
Trd, 000021.383, 158
Trd, 000022.067, 156
Trd, 000023.000, 154
Trd, 000023.233, 154
Trd, 000024.017, 156
Trd, 000025.383, 156
Trd, 000026.000, 155
Trd, 000026.567, 153
Trd, 000026.750, 154
Trd, 000027.117, 157
Trd, 000027.283, 153
Trd, 000027.333, 157
Trd, 000027.483, 152
Trd, 000029.667, 153
Trd, 000029.750, 152
Trd, 000030.300, 154
Trd, 000030.867, 153
Trd, 000031.967, 153
Trd, 000032.267, 152
Trd, 000033.450, 153
Trd, 000034.100, 154
Trd, 000034.200, 151
Trd, 000035.233, 152
Trd, 000035.500, 153
Trd, 000035.583, 153
Trd, 000036.983, 172
Trd, 000038.650, 170
Trd, 000038.850, 169
Trd, 000039.233, 169
Trd, 000039.483, 172
Trd, 000039.917, 162
Trd, 000040.750, 155
Trd, 000041.967, 168
Trd, 000042.000, 168
Trd, 000042.217, 170
Trd, 000043.233, 167
Trd, 000044.483, 164
Trd, 000044.717, 163
Trd, 000044.750, 165
Trd, 000045.017, 162
Trd, 000045.467, 161
Trd, 000045.633, 162
Trd, 000046.500, 160
Trd, 000048.617, 159
Trd, 000048.767, 157
Trd, 000048.917, 160
Trd, 000049.133, 159
Trd, 000050.017, 158
Trd, 000050.150, 159
Trd, 000050.250, 159
Trd, 000050.650, 160
Trd, 000051.483, 160
Trd, 000052.800, 161
Trd, 000053.083, 160
Trd, 000053.317, 160
Trd, 000053.733, 161
Trd, 000053.933, 160
Trd, 000054.033, 159
Trd, 000054.217, 160
Trd, 000055.900, 160
Trd, 000056.367, 160
Trd, 000056.700, 159
Trd, 000056.733, 160
Trd, 000057.483, 170
Trd, 000057.750, 164
Trd, 000058.633, 163
Trd, 000060.017, 157
Trd, 000060.750, 158
Trd, 000061.217, 159
Trd, 000061.817, 158
Trd, 000062.350, 159
Trd, 000062.733, 158
Trd, 000062.950, 158
Trd, 000063.083, 156
Trd, 000063.183, 161
Trd, 000063.283, 154
Trd, 000064.083, 160
Trd, 000065.617, 160
Trd, 000066.000, 160
Trd, 000066.117, 181
Trd, 000068.117, 157
Trd, 000069.417, 161
Trd, 000069.700, 161
Trd, 000070.117, 162
Trd, 000070.250, 162
Trd, 000070.700, 161
Trd, 000070.783, 160
Trd, 000071.017, 161
Trd, 000071.317, 162
Trd, 000073.067, 173
Trd, 000074.050, 164
Trd, 000074.200, 162
Trd, 000074.817, 162
Trd, 000074.883, 163
Trd, 000075.300, 164
Trd, 000075.600, 162
Trd, 000076.800, 162
Trd, 000076.867, 164
Trd, 000077.617, 161
Trd, 000078.267, 160
Trd, 000078.583, 161
Trd, 000079.133, 160
Trd, 000079.417, 159
Trd, 000080.083, 159
Trd, 000080.250, 157
Trd, 000081.033, 158
Trd, 000082.000, 157
Trd, 000082.317, 155
Trd, 000082.600, 156
Trd, 000082.933, 156
Trd, 000083.317, 157
Trd, 000083.883, 159
Trd, 000084.583, 155
Trd, 000085.800, 157
Trd, 000086.550, 165
Trd, 000086.633, 164
Trd, 000086.983, 170
Trd, 000088.583, 169
Trd, 000088.917, 167
Trd, 000089.317, 168
Trd, 000089.550, 180
Trd, 000089.633, 167
Trd, 000091.650, 172
Trd, 000092.850, 171
Trd, 000093.200, 170
Trd, 000094.267, 169
Trd, 000094.550, 167
Trd, 000095.617, 171
Trd, 000095.833, 171
Trd, 000097.217, 169
Trd, 000097.233, 170
Trd, 000098.117, 168
Trd, 000098.583, 168
Trd, 000099.017, 169
Trd, 000101.083, 166
Trd, 000101.833, 166
Trd, 000102.500, 167
Trd, 000102.917, 166
Trd, 000103.400, 165
Trd, 000103.933, 166
Trd, 000104.633, 164
Trd, 000104.800, 163
Trd, 000105.000, 158
Trd, 000106.567, 163
Trd, 000106.667, 164
Trd, 000106.867, 162
Trd, 000106.917, 161
Trd, 000107.167, 165
Trd, 000107.700, 164
Trd, 000108.267, 165
Trd, 000108.433, 165
Trd, 000110.133, 167
Trd, 000111.733, 164
Trd, 000112.067, 165
Trd, 000112.583, 163
Trd, 000112.850, 162
Trd, 000113.200, 161
Trd, 000114.000, 159
Trd, 000114.400, 161
Trd, 000116.050, 159
Trd, 000116.100, 160
Trd, 000116.967, 160
Trd, 000117.467, 161
Trd, 000117.600, 161
Trd, 000117.667, 161
Trd, 000118.117, 163
Trd, 000118.900, 160
Trd, 000120.000, 169
Trd, 000120.867, 172
Trd, 000121.133, 170
Trd, 000122.500, 173
Trd, 000123.200, 170
Trd, 000123.233, 170
Trd, 000123.617, 170
Trd, 000123.767, 170
Trd, 000124.000, 185
Trd, 000124.033, 175
Trd, 000125.933, 167
Trd, 000126.350, 182
Trd, 000127.767, 174
Trd, 000128.867, 173
Trd, 000129.083, 174
Trd, 000129.100, 174
Trd, 000129.200, 175
Trd, 000130.617, 175
Trd, 000131.333, 173
Trd, 000131.350, 175
Trd, 000131.850, 176
Trd, 000132.383, 175
Trd, 000132.783, 174
Trd, 000132.817, 171
Trd, 000134.567, 171
Trd, 000135.717, 171
Trd, 000135.933, 172
Trd, 000136.233, 172
Trd, 000136.333, 174
Trd, 000136.800, 174
Trd, 000137.067, 169
Trd, 000137.117, 169
Trd, 000138.200, 168
Trd, 000138.400, 168
Trd, 000139.933, 166
Trd, 000140.000, 166
Trd, 000140.367, 166
Trd, 000140.500, 165
Trd, 000140.733, 167
Trd, 000141.150, 167
Trd, 000141.383, 172
Trd, 000143.217, 163
Trd, 000143.750, 163
Trd, 000144.183, 164
Trd, 000144.550, 164
Trd, 000145.000, 165
Trd, 000146.633, 164
Trd, 000147.050, 162
Trd, 000147.350, 162
Trd, 000147.433, 162
Trd, 000148.300, 162
Trd, 000148.550, 162
Trd, 000148.867, 163
Trd, 000149.433, 162
Trd, 000149.667, 161
Trd, 000150.167, 161
Trd, 000150.283, 162
Trd, 000150.800, 165
Trd, 000151.350, 160
Trd, 000151.617, 160
Trd, 000152.667, 166
Trd, 000152.700, 163
Trd, 000153.650, 167
Trd, 000154.867, 166
Trd, 000155.333, 166
Trd, 000155.400, 180
Trd, 000156.750, 179
Trd, 000156.783, 178
Trd, 000157.633, 179
Trd, 000157.850, 180
Trd, 000158.317, 181
Trd, 000158.350, 177
Trd, 000159.833, 173
Trd, 000160.350, 177
Trd, 000161.117, 177
Trd, 000161.767, 177
Trd, 000161.867, 175
Trd, 000162.117, 178
Trd, 000163.133, 179
Trd, 000163.933, 177
Trd, 000164.283, 177
Trd, 000164.400, 176
Trd, 000165.283, 175
Trd, 000165.433, 175
Trd, 000165.550, 176
Trd, 000165.583, 171
Trd, 000167.000, 169
Trd, 000168.050, 174
Trd, 000169.200, 174
Trd, 000169.667, 172
Trd, 000170.017, 171
Trd, 000170.183, 172
Trd, 000170.633, 171
Trd, 000170.933, 170
Trd, 000171.217, 172
Trd, 000171.550, 172
Trd, 000171.700, 171
Trd, 000173.300, 182
Trd, 000173.367, 179
Trd, 000173.617, 176
Trd, 000174.383, 179
Trd, 000174.400, 176
Trd, 000175.300, 175
Trd, 000175.400, 176
Trd, 000176.133, 175
Trd, 000176.233, 172
Trd, 000176.850, 173
Trd, 000177.383, 173
Trd, 000177.850, 173
Trd, 000178.217, 173
Trd, 000178.367, 174
Trd, 000180.550, 172
Trd, 000181.283, 173
Trd, 000181.400, 174
Trd, 000181.467, 172
Trd, 000182.517, 172
Trd, 000183.583, 171
Trd, 000183.683, 174
Trd, 000184.967, 174
Trd, 000185.250, 173
Trd, 000185.700, 173
Trd, 000186.183, 179
Trd, 000186.783, 178
Trd, 000187.633, 177
Trd, 000188.250, 178
Trd, 000189.533, 175
Trd, 000189.733, 176
Trd, 000189.767, 178
Trd, 000190.183, 174
Trd, 000190.433, 167
Trd, 000190.833, 162
Trd, 000191.167, 170
Trd, 000192.233, 170
Trd, 000192.933, 169
Trd, 000193.483, 169
Trd, 000194.000, 169
Trd, 000194.683, 168
Trd, 000195.367, 170
Trd, 000195.850, 170
Trd, 000196.067, 168
Trd, 000197.417, 172
Trd, 000198.100, 172
Trd, 000199.367, 171
Trd, 000200.050, 169
Trd, 000200.150, 170
Trd, 000200.217, 171
Trd, 000201.200, 168
Trd, 000201.567, 169
Trd, 000202.667, 168
Trd, 000202.700, 169
Trd, 000203.083, 170
Trd, 000203.283, 170
Trd, 000203.500, 168
Trd, 000203.733, 182
Trd, 000203.867, 167
Trd, 000204.517, 175
Trd, 000205.517, 179
Trd, 000205.750, 183
Trd, 000206.017, 173
Trd, 000207.783, 174
Trd, 000208.917, 176
Trd, 000209.250, 176
Trd, 000209.417, 176
Trd, 000210.183, 176
Trd, 000210.483, 175
Trd, 000210.750, 174
Trd, 000211.100, 172
Trd, 000211.167, 173
Trd, 000211.983, 172
Trd, 000212.217, 171
Trd, 000213.933, 169
Trd, 000214.767, 170
Trd, 000214.867, 172
Trd, 000214.950, 172
Trd, 000215.367, 165
Trd, 000215.800, 172
Trd, 000216.867, 171
Trd, 000217.233, 170
Trd, 000217.283, 171
Trd, 000217.450, 162
Trd, 000218.217, 168
Trd, 000219.400, 164
Trd, 000220.133, 166
Trd, 000220.250, 163
Trd, 000220.650, 166
Trd, 000221.700, 164
Trd, 000222.767, 165
Trd, 000223.133, 169
Trd, 000224.667, 168
Trd, 000224.883, 167
Trd, 000225.183, 168
Trd, 000225.867, 168
Trd, 000225.967, 169
Trd, 000226.617, 168
Trd, 000226.850, 170
Trd, 000227.517, 172
Trd, 000228.817, 172
Trd, 000229.100, 171
Trd, 000229.417, 171
Trd, 000229.883, 170
Trd, 000229.967, 171
Trd, 000230.633, 169
Trd, 000231.750, 171
Trd, 000232.250, 169
Trd, 000232.450, 175
Trd, 000233.617, 182
Trd, 000234.033, 179
Trd, 000234.083, 178
Trd, 000234.250, 179
Trd, 000234.767, 178
Trd, 000234.900, 180
Trd, 000235.067, 177
Trd, 000235.900, 174
Trd, 000236.250, 177
Trd, 000236.817, 177
Trd, 000237.167, 172
Trd, 000237.500, 178
Trd, 000238.433, 176
Trd, 000238.817, 175
Trd, 000239.483, 177
Trd, 000239.617, 175
Trd, 000240.083, 175
Trd, 000240.317, 174
Trd, 000240.417, 175
Trd, 000240.667, 176
Trd, 000241.417, 178
Trd, 000241.483, 176
Trd, 000241.883, 179
Trd, 000242.350, 179
Trd, 000242.517, 182
Trd, 000243.417, 181
Trd, 000244.083, 179
Trd, 000244.933, 182
Trd, 000245.017, 180
Trd, 000245.233, 177
Trd, 000245.850, 178
Trd, 000246.367, 180
Trd, 000246.650, 180
Trd, 000247.033, 180
Trd, 000247.083, 181
Trd, 000247.550, 180
Trd, 000247.883, 178
Trd, 000248.017, 179
Trd, 000248.117, 175
Trd, 000249.083, 176
Trd, 000249.117, 177
Trd, 000249.883, 177
Trd, 000250.533, 177
Trd, 000251.033, 176
Trd, 000251.250, 176
Trd, 000251.733, 180
Trd, 000252.067, 181
Trd, 000252.500, 183
Trd, 000252.550, 183
Trd, 000253.767, 187
Trd, 000254.233, 190
Trd, 000254.500, 187
Trd, 000255.217, 184
Trd, 000255.367, 184
Trd, 000255.617, 183
Trd, 000255.783, 184
Trd, 000256.300, 181
Trd, 000256.717, 183
Trd, 000256.933, 183
Trd, 000257.167, 182
Trd, 000257.283, 184
Trd, 000258.083, 180
Trd, 000258.683, 183
Trd, 000258.733, 184
Trd, 000258.883, 176
Trd, 000259.450, 176
Trd, 000259.767, 178
Trd, 000260.017, 179
Trd, 000260.383, 179
Trd, 000260.883, 183
Trd, 000260.917, 182
Trd, 000260.983, 182
Trd, 000261.633, 183
Trd, 000262.567, 181
Trd, 000263.150, 181
Trd, 000263.333, 179
Trd, 000263.400, 177
Trd, 000264.167, 183
Trd, 000264.333, 183
Trd, 000264.750, 183
Trd, 000265.500, 180
Trd, 000266.033, 178
Trd, 000266.500, 181
Trd, 000266.633, 182
Trd, 000267.467, 181
Trd, 000267.633, 181
Trd, 000268.133, 180
Trd, 000268.150, 181
Trd, 000269.283, 179
Trd, 000269.417, 183
Trd, 000270.117, 178
Trd, 000270.417, 177
Trd, 000270.533, 185
Trd, 000271.400, 192
Trd, 000271.833, 184
Trd, 000272.150, 183
Trd, 000272.417, 185
Trd, 000272.567, 186
Trd, 000272.700, 183
Trd, 000272.900, 183
Trd, 000272.983, 182
Trd, 000273.633, 178
Trd, 000273.733, 175
Trd, 000273.800, 181
Trd, 000273.933, 181
Trd, 000274.300, 179
Trd, 000274.600, 179
Trd, 000275.150, 180
Trd, 000275.617, 185
Trd, 000276.533, 184
Trd, 000277.317, 183
Trd, 000277.883, 183
Trd, 000278.267, 182
Trd, 000278.417, 183
Trd, 000278.450, 184
Trd, 000278.850, 182
Trd, 000279.350, 184
Trd, 000279.717, 186
Trd, 000280.533, 183
Trd, 000280.750, 186
Trd, 000281.150, 185
Trd, 000281.967, 183
Trd, 000282.717, 186
Trd, 000282.767, 185
Trd, 000283.150, 186
Trd, 000283.683, 184
Trd, 000283.833, 183
Trd, 000283.917, 181
Trd, 000283.967, 187
Trd, 000285.017, 191
Trd, 000285.267, 190
Trd, 000286.317, 187
Trd, 000286.583, 186
Trd, 000286.783, 187
Trd, 000287.017, 189
Trd, 000287.367, 187
Trd, 000288.117, 183
Trd, 000288.600, 187
Trd, 000289.550, 182
Trd, 000290.433, 184
Trd, 000290.517, 180
Trd, 000290.700, 184
Trd, 000291.200, 186
Trd, 000291.333, 186
Trd, 000291.367, 178
Trd, 000291.583, 185
Trd, 000291.900, 185
Trd, 000292.517, 187
Trd, 000293.550, 184
Trd, 000293.750, 185
Trd, 000294.200, 184
Trd, 000295.633, 188
Trd, 000295.983, 201
Trd, 000296.050, 186
Trd, 000296.100, 185
Trd, 000296.850, 203
Trd, 000296.950, 190
Trd, 000297.100, 202
Trd, 000297.867, 188
Trd, 000298.500, 186
Trd, 000298.733, 186
Trd, 000299.150, 183
Trd, 000299.450, 184
Trd, 000299.550, 181
Trd, 000299.633, 184
