Trd, 000001.417, 161
Trd, 000003.033, 162
Trd, 000003.217, 164
Trd, 000004.117, 158
Trd, 000004.183, 172
Trd, 000004.533, 157
Trd, 000004.567, 144
Trd, 000005.217, 142
Trd, 000005.650, 156
Trd, 000006.967, 155
Trd, 000008.033, 157
Trd, 000008.183, 156
Trd, 000008.233, 158
Trd, 000008.817, 155
Trd, 000009.683, 157
Trd, 000010.000, 155
Trd, 000010.300, 155
Trd, 000010.733, 155
Trd, 000011.050, 145
Trd, 000012.333, 156
Trd, 000012.700, 128
Trd, 000013.017, 156
Trd, 000014.050, 146
Trd, 000014.467, 154
Trd, 000014.683, 157
Trd, 000015.500, 153
Trd, 000016.200, 153
Trd, 000017.767, 157
Trd, 000018.417, 158
Trd, 000018.450, 155
Trd, 000019.683, 155
Trd, 000019.900, 157
Trd, 000020.217, 159
Trd, 000020.650, 160
Trd, 000020.783, 157
Trd, 000021.433, 158
Trd, 000021.550, 157
Trd, 000022.050, 157
Trd, 000022.617, 148
Trd, 000022.933, 150
Trd, 000022.967, 160
Trd, 000023.183, 164
Trd, 000023.417, 146
Trd, 000024.300, 158
Trd, 000025.383, 170
Trd, 000027.500, 163
Trd, 000027.600, 164
Trd, 000027.817, 163
Trd, 000028.033, 162
Trd, 000028.783, 162
Trd, 000029.200, 161
Trd, 000029.783, 160
Trd, 000031.083, 161
Trd, 000031.417, 161
Trd, 000032.083, 161
Trd, 000032.583, 162
Trd, 000033.483, 161
Trd, 000033.550, 159
Trd, 000033.767, 162
Trd, 000033.867, 160
Trd, 000034.617, 161
Trd, 000035.200, 164
Trd, 000037.683, 161
Trd, 000038.033, 163
Trd, 000038.633, 162
Trd, 000038.800, 161
Trd, 000040.217, 161
Trd, 000040.683, 162
Trd, 000040.800, 161
Trd, 000041.050, 160
Trd, 000041.633, 161
Trd, 000041.767, 159
Trd, 000041.817, 148
Trd, 000042.433, 160
Trd, 000044.217, 160
Trd, 000044.383, 159
Trd, 000045.183, 160
Trd, 000045.467, 161
Trd, 000045.950, 162
Trd, 000046.567, 162
Trd, 000046.833, 158
Trd, 000046.867, 158
Trd, 000047.767, 159
Trd, 000048.283, 160
Trd, 000048.483, 158
Trd, 000048.900, 153
Trd, 000049.167, 156
Trd, 000049.917, 162
Trd, 000050.450, 163
Trd, 000051.000, 156
Trd, 000052.700, 161
Trd, 000052.883, 160
Trd, 000054.717, 163
Trd, 000054.900, 159
Trd, 000054.933, 158
Trd, 000055.950, 153
Trd, 000056.050, 157
Trd, 000056.550, 156
Trd, 000056.933, 155
Trd, 000056.967, 154
Trd, 000057.183, 156
Trd, 000057.200, 164
Trd, 000058.033, 145
Trd, 000059.050, 165
Trd, 000059.767, 164
Trd, 000061.600, 164
Trd, 000061.900, 162
Trd, 000062.133, 164
Trd, 000063.300, 162
Trd, 000064.517, 159
Trd, 000064.617, 162
Trd, 000065.017, 151
Trd, 000065.517, 162
Trd, 000065.883, 164
Trd, 000068.400, 164
Trd, 000068.683, 165
Trd, 000069.017, 164
Trd, 000069.283, 164
Trd, 000069.800, 165
Trd, 000070.583, 166
Trd, 000070.633, 165
Trd, 000070.767, 169
Trd, 000071.667, 166
Trd, 000071.850, 163
Trd, 000072.983, 167
Trd, 000073.433, 169
Trd, 000073.950, 171
Trd, 000074.383, 169
Trd, 000074.800, 168
Trd, 000075.267, 169
Trd, 000075.317, 167
Trd, 000075.883, 175
Trd, 000076.317, 167
Trd, 000077.083, 166
Trd, 000077.367, 166
Trd, 000077.783, 166
Trd, 000077.933, 165
Trd, 000080.283, 171
Trd, 000080.800, 168
Trd, 000081.950, 169
Trd, 000082.083, 168
Trd, 000082.367, 166
Trd, 000082.467, 163
Trd, 000082.683, 169
Trd, 000082.833, 166
Trd, 000083.567, 145
Trd, 000083.783, 170
Trd, 000086.600, 169
Trd, 000086.717, 168
Trd, 000087.617, 169
Trd, 000088.717, 168
Trd, 000088.733, 168
Trd, 000088.933, 167
Trd, 000089.633, 169
Trd, 000089.933, 182
Trd, 000090.350, 178
Trd, 000090.633, 176
Trd, 000091.217, 177
Trd, 000091.267, 171
Trd, 000091.600, 164
Trd, 000092.550, 174
Trd, 000093.217, 177
Trd, 000093.767, 172
Trd, 000094.500, 171
Trd, 000095.767, 171
Trd, 000096.217, 169
Trd, 000096.683, 171
Trd, 000097.050, 154
Trd, 000097.467, 168
Trd, 000097.717, 169
Trd, 000097.817, 165
Trd, 000098.517, 170
Trd, 000098.683, 172
Trd, 000099.967, 170
Trd, 000100.400, 165
Trd, 000100.583, 165
Trd, 000101.550, 157
Trd, 000102.000, 170
Trd, 000102.817, 154
Trd, 000102.917, 177
Trd, 000103.733, 178
Trd, 000105.083, 168
Trd, 000105.250, 155
Trd, 000105.267, 154
Trd, 000107.117, 169
Trd, 000107.533, 169
Trd, 000107.583, 170
Trd, 000109.250, 169
Trd, 000109.767, 170
Trd, 000110.233, 167
Trd, 000110.717, 167
Trd, 000111.067, 166
Trd, 000111.517, 166
Trd, 000112.983, 164
Trd, 000113.067, 168
Trd, 000113.333, 155
Trd, 000114.650, 169
Trd, 000116.117, 167
Trd, 000116.133, 169
Trd, 000116.683, 167
Trd, 000116.983, 166
Trd, 000117.167, 165
Trd, 000118.450, 169
Trd, 000119.500, 173
Trd, 000120.333, 170
Trd, 000120.883, 169
Trd, 000121.100, 169
Trd, 000121.750, 168
Trd, 000121.767, 167
Trd, 000122.083, 170
Trd, 000122.400, 167
Trd, 000122.667, 169
Trd, 000122.733, 166
Trd, 000123.917, 169
Trd, 000124.100, 167
Trd, 000124.833, 167
Trd, 000125.000, 168
Trd, 000125.500, 174
Trd, 000126.050, 184
Trd, 000126.500, 177
Trd, 000126.533, 176
Trd, 000128.067, 178
Trd, 000128.633, 178
Trd, 000128.833, 178
Trd, 000129.233, 171
Trd, 000129.250, 170
Trd, 000129.933, 170
Trd, 000131.017, 174
Trd, 000132.167, 173
Trd, 000133.350, 172
Trd, 000133.383, 172
Trd, 000133.733, 175
Trd, 000134.717, 168
Trd, 000134.850, 175
Trd, 000136.233, 175
Trd, 000136.283, 173
Trd, 000136.550, 172
Trd, 000136.583, 170
Trd, 000136.783, 175
Trd, 000138.017, 173
Trd, 000138.383, 172
Trd, 000138.533, 176
Trd, 000138.617, 181
Trd, 000140.017, 173
Trd, 000140.167, 172
Trd, 000140.800, 173
Trd, 000141.167, 174
Trd, 000141.667, 172
Trd, 000142.383, 171
Trd, 000142.417, 169
Trd, 000144.300, 167
Trd, 000144.583, 167
Trd, 000145.167, 168
Trd, 000145.433, 166
Trd, 000146.500, 166
Trd, 000146.650, 166
Trd, 000146.783, 165
Trd, 000147.317, 171
Trd, 000148.883, 171
Trd, 000149.750, 164
Trd, 000150.217, 167
Trd, 000150.300, 161
Trd, 000150.383, 167
Trd, 000150.900, 168
Trd, 000152.700, 170
Trd, 000152.967, 165
Trd, 000153.617, 164
Trd, 000153.667, 170
Trd, 000154.350, 171
Trd, 000155.100, 171
Trd, 000155.533, 171
Trd, 000156.017, 169
Trd, 000156.267, 165
Trd, 000157.967, 169
Trd, 000158.100, 168
Trd, 000159.583, 171
Trd, 000159.633, 172
Trd, 000159.883, 171
Trd, 000160.450, 171
Trd, 000161.483, 173
Trd, 000161.633, 172
Trd, 000162.883, 171
Trd, 000162.917, 174
Trd, 000163.900, 174
Trd, 000164.517, 170
Trd, 000165.733, 167
Trd, 000165.900, 168
Trd, 000165.933, 170
Trd, 000166.167, 174
Trd, 000167.167, 178
Trd, 000167.267, 178
Trd, 000167.383, 177
Trd, 000167.783, 179
Trd, 000169.350, 175
Trd, 000170.367, 174
Trd, 000171.933, 175
Trd, 000172.717, 174
Trd, 000173.100, 174
Trd, 000173.433, 173
Trd, 000173.467, 173
Trd, 000173.550, 174
Trd, 000173.567, 175
Trd, 000174.083, 165
Trd, 000175.250, 161
Trd, 000176.383, 161
Trd, 000177.017, 172
Trd, 000177.117, 175
Trd, 000180.633, 173
Trd, 000180.717, 174
Trd, 000180.800, 171
Trd, 000180.850, 170
Trd, 000180.950, 176
Trd, 000181.633, 176
Trd, 000181.833, 170
Trd, 000182.767, 162
Trd, 000183.733, 167
Trd, 000184.550, 168
Trd, 000184.817, 167
Trd, 000185.500, 169
Trd, 000186.650, 169
Trd, 000187.467, 177
Trd, 000188.483, 178
Trd, 000188.833, 179
Trd, 000188.950, 176
Trd, 000189.417, 181
Trd, 000189.933, 176
Trd, 000190.733, 176
Trd, 000190.867, 178
Trd, 000191.633, 200
Trd, 000193.167, 184
Trd, 000193.367, 183
Trd, 000193.400, 177
Trd, 000194.700, 181
Trd, 000195.717, 180
Trd, 000195.883, 175
Trd, 000196.150, 183
Trd, 000196.283, 187
Trd, 000196.967, 175
Trd, 000197.333, 174
Trd, 000197.783, 163
Trd, 000199.183, 181
Trd, 000200.083, 185
Trd, 000201.117, 183
Trd, 000201.567, 182
Trd, 000201.600, 179
Trd, 000201.617, 178
Trd, 000202.917, 178
Trd, 000203.483, 177
Trd, 000203.900, 176
Trd, 000205.100, 177
Trd, 000205.167, 175
Trd, 000205.717, 175
Trd, 000206.333, 175
Trd, 000207.333, 177
Trd, 000207.467, 178
Trd, 000208.100, 179
Trd, 000209.900, 181
Trd, 000210.133, 183
Trd, 000210.150, 180
Trd, 000211.450, 179
Trd, 000211.783, 178
Trd, 000211.800, 177
Trd, 000212.100, 177
Trd, 000212.817, 177
Trd, 000212.900, 179
Trd, 000212.917, 180
Trd, 000213.367, 177
Trd, 000213.433, 179
Trd, 000213.950, 176
Trd, 000214.033, 165
Trd, 000215.467, 175
Trd, 000216.317, 173
Trd, 000216.667, 183
Trd, 000217.033, 171
Trd, 000217.667, 166
Trd, 000218.483, 179
Trd, 000219.167, 180
Trd, 000219.767, 174
Trd, 000220.133, 175
Trd, 000220.883, 176
Trd, 000221.950, 178
Trd, 000222.033, 180
Trd, 000222.083, 184
Trd, 000222.850, 177
Trd, 000223.000, 190
Trd, 000223.767, 180
Trd, 000223.967, 179
Trd, 000224.917, 178
Trd, 000225.450, 177
Trd, 000226.733, 176
Trd, 000227.233, 177
Trd, 000228.033, 176
Trd, 000228.383, 175
Trd, 000228.883, 167
Trd, 000229.367, 164
Trd, 000230.233, 174
Trd, 000230.800, 169
Trd, 000232.067, 169
Trd, 000232.467, 168
Trd, 000232.833, 164
Trd, 000232.867, 169
Trd, 000233.000, 170
Trd, 000233.167, 180
Trd, 000233.217, 169
Trd, 000234.683, 181
Trd, 000235.417, 184
Trd, 000235.833, 183
Trd, 000236.317, 186
Trd, 000237.017, 192
Trd, 000238.750, 185
Trd, 000239.000, 182
Trd, 000239.250, 181
Trd, 000240.017, 181
Trd, 000240.167, 178
Trd, 000240.400, 175
Trd, 000240.983, 174
Trd, 000241.517, 175
Trd, 000241.567, 176
Trd, 000242.000, 175
Trd, 000242.517, 177
Trd, 000242.900, 171
Trd, 000242.967, 169
Trd, 000243.100, 168
Trd, 000243.183, 172
Trd, 000243.633, 169
Trd, 000243.667, 178
Trd, 000245.767, 182
Trd, 000246.450, 179
Trd, 000246.483, 180
Trd, 000246.633, 185
Trd, 000247.333, 182
Trd, 000247.467, 185
Trd, 000247.833, 187
Trd, 000248.133, 188
Trd, 000248.400, 183
Trd, 000248.433, 181
Trd, 000248.900, 182
Trd, 000249.367, 179
Trd, 000250.317, 179
Trd, 000250.717, 184
Trd, 000250.917, 180
Trd, 000251.200, 180
Trd, 000251.350, 179
Trd, 000251.383, 181
Trd, 000251.433, 182
Trd, 000251.783, 180
Trd, 000252.517, 172
Trd, 000253.717, 180
Trd, 000253.800, 178
Trd, 000254.350, 177
Trd, 000255.050, 171
Trd, 000255.650, 166
Trd, 000255.817, 165
Trd, 000256.117, 162
Trd, 000256.217, 152
Trd, 000256.433, 170
Trd, 000256.450, 173
Trd, 000256.867, 173
Trd, 000257.117, 182
Trd, 000257.183, 183
Trd, 000257.367, 181
Trd, 000258.533, 175
Trd, 000258.950, 174
Trd, 000258.967, 179
Trd, 000259.317, 176
Trd, 000259.550, 176
Trd, 000260.367, 183
Trd, 000260.917, 175
Trd, 000260.933, 173
Trd, 000261.250, 171
Trd, 000261.400, 174
Trd, 000261.567, 175
Trd, 000262.550, 186
Trd, 000262.800, 176
Trd, 000263.400, 175
Trd, 000263.617, 178
Trd, 000263.783, 187
Trd, 000265.117, 179
Trd, 000265.167, 178
Trd, 000265.217, 174
Trd, 000265.267, 182
Trd, 000265.983, 175
Trd, 000266.383, 174
Trd, 000266.750, 179
Trd, 000267.067, 181
Trd, 000268.117, 182
Trd, 000268.367, 184
Trd, 000268.733, 175
Trd, 000268.900, 178
Trd, 000269.300, 176
Trd, 000269.317, 171
Trd, 000269.567, 173
Trd, 000270.350, 172
Trd, 000270.700, 172
Trd, 000271.350, 183
Trd, 000272.000, 182
Trd, 000272.050, 176
Trd, 000272.117, 185
Trd, 000272.150, 182
Trd, 000273.167, 183
Trd, 000273.650, 189
Trd, 000274.283, 182
Trd, 000274.300, 188
Trd, 000274.433, 194
Trd, 000275.117, 179
Trd, 000275.233, 195
Trd, 000275.500, 189
Trd, 000276.317, 188
Trd, 000276.967, 186
Trd, 000276.983, 185
Trd, 000277.267, 186
Trd, 000277.383, 172
Trd, 000277.767, 183
Trd, 000278.567, 183
Trd, 000278.800, 183
Trd, 000278.983, 182
Trd, 000279.517, 175
Trd, 000279.817, 171
Trd, 000279.967, 169
Trd, 000280.433, 164
Trd, 000280.500, 170
Trd, 000281.517, 169
Trd, 000281.783, 163
Trd, 000282.250, 170
Trd, 000282.717, 175
Trd, 000282.800, 169
Trd, 000282.967, 175
Trd, 000283.183, 172
Trd, 000283.267, 170
Trd, 000283.533, 169
Trd, 000283.550, 175
Trd, 000283.817, 169
Trd, 000284.417, 175
Trd, 000284.467, 176
Trd, 000284.867, 166
Trd, 000285.517, 173
Trd, 000286.333, 166
Trd, 000286.717, 177
Trd, 000286.750, 185
Trd, 000286.900, 186
Trd, 000287.483, 168
Trd, 000288.567, 170
Trd, 000288.817, 181
Trd, 000289.800, 184
Trd, 000289.900, 173
Trd, 000290.567, 179
Trd, 000290.600, 173
Trd, 000290.750, 189
Trd, 000291.100, 189
Trd, 000291.517, 180
Trd, 000291.750, 191
Trd, 000292.117, 196
Trd, 000292.233, 187
Trd, 000292.433, 182
Trd, 000292.450, 187
Trd, 000292.800, 197
Trd, 000292.817, 179
Trd, 000293.517, 177
Trd, 000293.583, 181
Trd, 000294.100, 172
Trd, 000294.950, 176
Trd, 000295.033, 177
Trd, 000296.150, 185
Trd, 000296.383, 188
Trd, 000296.483, 175
Trd, 000297.250, 183
Trd, 000297.583, 183
Trd, 000298.233, 179
Trd, 000298.933, 182
Trd, 000299.050, 181
Trd, 000299.433, 179
Trd, 000299.750, 178
Trd, 000299.983, 170
