Trd, 000001.983, 159
Trd, 000002.950, 141
Trd, 000003.567, 148
Trd, 000004.100, 156
Trd, 000004.133, 158
Trd, 000005.350, 152
Trd, 000005.433, 150
Trd, 000006.083, 151
Trd, 000006.250, 152
Trd, 000006.717, 152
Trd, 000006.950, 150
Trd, 000007.533, 146
Trd, 000007.867, 143
Trd, 000008.283, 142
Trd, 000008.817, 152
Trd, 000009.300, 146
Trd, 000009.667, 146
Trd, 000010.150, 146
Trd, 000011.233, 146
Trd, 000011.967, 148
Trd, 000012.467, 148
Trd, 000012.783, 147
Trd, 000013.017, 146
Trd, 000013.050, 148
Trd, 000014.550, 148
Trd, 000015.500, 146
Trd, 000015.783, 147
Trd, 000016.000, 143
Trd, 000016.150, 149
Trd, 000016.417, 142
Trd, 000017.067, 146
Trd, 000018.383, 147
Trd, 000019.400, 147
Trd, 000019.467, 148
Trd, 000020.150, 150
Trd, 000020.267, 171
Trd, 000020.433, 149
Trd, 000021.567, 150
Trd, 000021.967, 149
Trd, 000022.800, 155
Trd, 000023.400, 155
Trd, 000024.500, 159
Trd, 000024.883, 157
Trd, 000025.083, 156
Trd, 000025.150, 154
Trd, 000025.500, 153
Trd, 000025.567, 162
Trd, 000027.683, 156
Trd, 000027.950, 146
Trd, 000028.067, 145
Trd, 000028.733, 152
Trd, 000028.850, 146
Trd, 000029.150, 151
Trd, 000029.583, 151
Trd, 000029.883, 150
Trd, 000031.050, 149
Trd, 000031.333, 149
Trd, 000031.800, 150
Trd, 000031.933, 151
Trd, 000033.167, 153
Trd, 000033.750, 156
Trd, 000033.800, 157
Trd, 000033.967, 154
Trd, 000034.350, 159
Trd, 000034.950, 168
Trd, 000035.517, 159
Trd, 000035.583, 158
Trd, 000036.283, 159
Trd, 000036.550, 159
Trd, 000036.900, 157
Trd, 000037.850, 159
Trd, 000038.467, 157
Trd, 000038.800, 157
Trd, 000038.983, 156
Trd, 000039.783, 149
Trd, 000040.750, 152
Trd, 000041.550, 151
Trd, 000041.717, 150
Trd, 000042.417, 150
Trd, 000042.450, 151
Trd, 000042.767, 150
Trd, 000043.450, 150
Trd, 000043.767, 149
Trd, 000044.483, 150
Trd, 000044.783, 147
Trd, 000045.667, 150
Trd, 000045.900, 149
Trd, 000046.400, 150
Trd, 000047.667, 150
Trd, 000047.967, 150
Trd, 000048.467, 149
Trd, 000048.700, 146
Trd, 000049.150, 145
Trd, 000049.583, 150
Trd, 000050.100, 151
Trd, 000050.917, 153
Trd, 000051.267, 153
Trd, 000051.600, 154
Trd, 000051.967, 146
Trd, 000052.583, 161
Trd, 000052.867, 160
Trd, 000053.150, 160
Trd, 000054.133, 161
Trd, 000054.333, 158
Trd, 000055.500, 158
Trd, 000055.867, 154
Trd, 000055.917, 152
Trd, 000056.050, 157
Trd, 000056.367, 152
Trd, 000057.983, 160
Trd, 000058.267, 159
Trd, 000058.433, 158
Trd, 000058.683, 160
Trd, 000059.267, 160
Trd, 000059.350, 156
Trd, 000060.383, 157
Trd, 000060.700, 157
Trd, 000061.783, 159
Trd, 000062.167, 160
Trd, 000062.867, 161
Trd, 000063.167, 159
Trd, 000063.250, 158
Trd, 000063.317, 157
Trd, 000064.217, 156
Trd, 000065.267, 154
Trd, 000065.483, 152
Trd, 000066.383, 155
Trd, 000067.350, 154
Trd, 000067.567, 152
Trd, 000068.033, 155
Trd, 000068.517, 154
Trd, 000068.667, 152
Trd, 000068.783, 151
Trd, 000069.367, 154
Trd, 000070.133, 154
Trd, 000070.350, 155
Trd, 000070.867, 153
Trd, 000071.500, 153
Trd, 000071.833, 153
Trd, 000072.617, 152
Trd, 000073.300, 151
Trd, 000074.317, 152
Trd, 000074.633, 151
Trd, 000075.450, 151
Trd, 000076.183, 150
Trd, 000076.433, 150
Trd, 000076.917, 148
Trd, 000077.533, 152
Trd, 000078.400, 152
Trd, 000078.450, 148
Trd, 000078.550, 147
Trd, 000079.050, 146
Trd, 000079.733, 151
Trd, 000080.717, 152
Trd, 000080.767, 151
Trd, 000081.017, 149
Trd, 000081.050, 152
Trd, 000081.817, 148
Trd, 000082.183, 149
Trd, 000082.233, 150
Trd, 000083.367, 149
Trd, 000083.717, 150
Trd, 000084.183, 150
Trd, 000084.500, 156
Trd, 000085.217, 166
Trd, 000086.350, 156
Trd, 000086.400, 155
Trd, 000087.283, 157
Trd, 000087.500, 155
Trd, 000087.617, 155
Trd, 000088.067, 156
Trd, 000089.550, 155
Trd, 000089.750, 157
Trd, 000090.383, 156
Trd, 000091.350, 157
Trd, 000091.383, 157
Trd, 000091.683, 155
Trd, 000091.933, 154
Trd, 000092.667, 153
Trd, 000093.083, 154
Trd, 000093.100, 155
Trd, 000093.283, 156
Trd, 000093.667, 155
Trd, 000093.717, 152
Trd, 000095.417, 152
Trd, 000095.767, 153
Trd, 000095.867, 154
Trd, 000096.133, 157
Trd, 000096.867, 154
Trd, 000097.833, 153
Trd, 000099.500, 152
Trd, 000099.733, 152
Trd, 000100.017, 151
Trd, 000100.567, 152
Trd, 000100.983, 151
Trd, 000101.217, 152
Trd, 000101.600, 154
Trd, 000102.017, 158
Trd, 000102.033, 151
Trd, 000102.383, 150
Trd, 000102.667, 164
Trd, 000103.500, 155
Trd, 000104.300, 155
Trd, 000104.867, 154
Trd, 000105.300, 155
Trd, 000106.133, 157
Trd, 000106.233, 157
Trd, 000106.733, 157
Trd, 000107.383, 155
Trd, 000107.617, 151
Trd, 000108.417, 153
Trd, 000108.450, 157
Trd, 000109.600, 158
Trd, 000110.150, 158
Trd, 000110.317, 159
Trd, 000110.883, 158
Trd, 000111.033, 159
Trd, 000111.067, 157
Trd, 000111.167, 167
Trd, 000112.283, 155
Trd, 000113.417, 157
Trd, 000113.667, 157
Trd, 000113.900, 158
Trd, 000114.167, 157
Trd, 000115.483, 158
Trd, 000116.400, 154
Trd, 000116.500, 154
Trd, 000116.800, 156
Trd, 000116.833, 153
Trd, 000117.033, 156
Trd, 000117.800, 158
Trd, 000118.283, 158
Trd, 000118.300, 155
Trd, 000119.250, 168
Trd, 000120.500, 159
Trd, 000120.667, 160
Trd, 000120.767, 160
Trd, 000120.850, 162
Trd, 000121.033, 160
Trd, 000121.300, 160
Trd, 000121.567, 160
Trd, 000122.033, 157
Trd, 000122.400, 148
Trd, 000123.167, 153
Trd, 000123.900, 153
Trd, 000124.467, 155
Trd, 000125.300, 155
Trd, 000125.500, 156
Trd, 000126.467, 155
Trd, 000126.600, 154
Trd, 000126.800, 159
Trd, 000128.333, 156
Trd, 000128.400, 154
Trd, 000128.650, 148
Trd, 000128.800, 157
Trd, 000129.100, 156
Trd, 000130.800, 157
Trd, 000131.367, 158
Trd, 000131.900, 157
Trd, 000131.983, 157
Trd, 000132.067, 156
Trd, 000132.650, 157
Trd, 000132.850, 157
Trd, 000132.883, 156
Trd, 000133.050, 157
Trd, 000133.317, 161
Trd, 000134.317, 159
Trd, 000136.233, 158
Trd, 000136.750, 158
Trd, 000136.800, 159
Trd, 000137.900, 158
Trd, 000138.083, 160
Trd, 000138.450, 161
Trd, 000139.233, 161
Trd, 000140.467, 160
Trd, 000140.850, 161
Trd, 000141.783, 160
Trd, 000142.050, 162
Trd, 000142.167, 160
Trd, 000142.350, 159
Trd, 000142.717, 162
Trd, 000144.017, 155
Trd, 000144.767, 159
Trd, 000145.033, 158
Trd, 000145.650, 159
Trd, 000145.850, 159
Trd, 000146.200, 158
Trd, 000146.400, 159
Trd, 000146.633, 158
Trd, 000146.883, 150
Trd, 000148.433, 152
Trd, 000148.850, 150
Trd, 000149.467, 152
Trd, 000150.800, 157
Trd, 000151.067, 156
Trd, 000151.467, 155
Trd, 000152.467, 156
Trd, 000152.550, 155
Trd, 000154.283, 155
Trd, 000154.433, 156
Trd, 000154.567, 156
Trd, 000154.883, 173
Trd, 000155.433, 163
Trd, 000155.900, 160
Trd, 000156.383, 159
Trd, 000156.967, 162
Trd, 000157.283, 161
Trd, 000157.817, 157
Trd, 000158.317, 157
Trd, 000159.117, 162
Trd, 000160.283, 160
Trd, 000160.367, 159
Trd, 000160.533, 161
Trd, 000161.717, 160
Trd, 000162.133, 158
Trd, 000162.200, 161
Trd, 000162.883, 161
Trd, 000164.100, 161
Trd, 000164.350, 160
Trd, 000164.433, 161
Trd, 000165.650, 160
Trd, 000166.550, 160
Trd, 000167.133, 159
Trd, 000167.517, 158
Trd, 000167.817, 160
Trd, 000168.150, 158
Trd, 000168.217, 160
Trd, 000168.800, 161
Trd, 000168.967, 158
Trd, 000170.067, 163
Trd, 000170.400, 160
Trd, 000171.033, 164
Trd, 000171.567, 160
Trd, 000172.017, 162
Trd, 000172.433, 162
Trd, 000172.783, 162
Trd, 000173.217, 161
Trd, 000173.917, 161
Trd, 000175.183, 160
Trd, 000175.250, 161
Trd, 000175.817, 164
Trd, 000175.833, 163
Trd, 000176.000, 162
Trd, 000176.167, 165
Trd, 000177.883, 165
Trd, 000178.433, 166
Trd, 000178.583, 166
Trd, 000179.267, 169
Trd, 000179.350, 167
Trd, 000179.433, 164
Trd, 000179.683, 164
Trd, 000179.950, 167
Trd, 000181.167, 166
Trd, 000181.267, 166
Trd, 000181.717, 166
Trd, 000182.233, 166
Trd, 000182.417, 166
Trd, 000182.867, 167
Trd, 000183.617, 164
Trd, 000183.850, 159
Trd, 000184.950, 160
Trd, 000185.083, 162
Trd, 000185.883, 163
Trd, 000186.683, 165
Trd, 000187.017, 165
Trd, 000187.283, 165
Trd, 000187.450, 164
Trd, 000187.900, 165
Trd, 000189.383, 163
Trd, 000189.483, 164
Trd, 000189.500, 165
Trd, 000189.517, 161
Trd, 000191.017, 166
Trd, 000191.417, 167
Trd, 000191.617, 166
Trd, 000192.250, 167
Trd, 000193.300, 175
Trd, 000193.817, 166
Trd, 000194.550, 164
Trd, 000194.683, 163
Trd, 000195.783, 164
Trd, 000195.967, 165
Trd, 000195.983, 166
Trd, 000196.867, 165
Trd, 000197.150, 165
Trd, 000197.867, 165
Trd, 000198.233, 164
Trd, 000198.350, 166
Trd, 000198.367, 168
Trd, 000199.317, 167
Trd, 000199.750, 169
Trd, 000199.967, 167
Trd, 000200.800, 177
Trd, 000200.833, 161
Trd, 000201.967, 168
Trd, 000202.150, 168
Trd, 000203.083, 165
Trd, 000203.417, 168
Trd, 000204.217, 166
Trd, 000204.833, 165
Trd, 000205.550, 165
Trd, 000205.817, 164
Trd, 000206.083, 164
Trd, 000206.317, 164
Trd, 000206.933, 163
Trd, 000207.417, 163
Trd, 000207.700, 163
Trd, 000208.067, 165
Trd, 000208.650, 163
Trd, 000208.900, 163
Trd, 000210.350, 164
Trd, 000211.300, 164
Trd, 000211.550, 163
Trd, 000212.100, 164
Trd, 000212.367, 166
Trd, 000212.483, 169
Trd, 000212.567, 163
Trd, 000213.983, 164
Trd, 000215.150, 165
Trd, 000215.467, 166
Trd, 000216.033, 165
Trd, 000216.200, 163
Trd, 000216.217, 162
Trd, 000216.433, 166
Trd, 000217.500, 163
Trd, 000218.133, 164
Trd, 000218.367, 164
Trd, 000219.667, 163
Trd, 000219.950, 161
Trd, 000220.217, 162
Trd, 000220.550, 160
Trd, 000220.800, 163
Trd, 000220.867, 164
Trd, 000221.683, 166
Trd, 000223.000, 164
Trd, 000223.200, 170
Trd, 000224.150, 166
Trd, 000224.233, 167
Trd, 000224.517, 167
Trd, 000225.050, 168
Trd, 000225.283, 168
Trd, 000226.433, 169
Trd, 000227.417, 166
Trd, 000228.050, 167
Trd, 000228.433, 169
Trd, 000228.833, 168
Trd, 000230.100, 168
Trd, 000231.133, 167
Trd, 000231.350, 167
Trd, 000231.500, 168
Trd, 000231.533, 170
Trd, 000232.033, 169
Trd, 000232.450, 170
Trd, 000232.900, 168
Trd, 000233.567, 166
Trd, 000234.017, 165
Trd, 000234.233, 165
Trd, 000234.983, 166
Trd, 000235.017, 167
Trd, 000235.267, 167
Trd, 000235.650, 167
Trd, 000236.400, 169
Trd, 000236.517, 165
Trd, 000236.683, 164
Trd, 000236.950, 164
Trd, 000237.100, 167
Trd, 000238.017, 167
Trd, 000238.750, 167
Trd, 000239.500, 168
Trd, 000239.683, 169
Trd, 000240.417, 178
Trd, 000241.067, 172
Trd, 000241.100, 172
Trd, 000242.033, 171
Trd, 000242.650, 173
Trd, 000242.833, 173
Trd, 000243.433, 172
Trd, 000243.750, 175
Trd, 000244.000, 175
Trd, 000244.417, 172
Trd, 000244.567, 171
Trd, 000245.717, 171
Trd, 000245.800, 175
Trd, 000246.167, 171
Trd, 000246.633, 173
Trd, 000247.383, 173
Trd, 000247.833, 173
Trd, 000248.367, 172
Trd, 000248.550, 171
Trd, 000248.700, 171
Trd, 000250.267, 178
Trd, 000250.350, 177
Trd, 000251.333, 175
Trd, 000251.550, 175
Trd, 000251.600, 177
Trd, 000251.917, 174
Trd, 000252.100, 176
Trd, 000252.417, 176
Trd, 000252.783, 176
Trd, 000252.867, 178
Trd, 000253.433, 176
Trd, 000253.500, 177
Trd, 000253.583, 178
Trd, 000253.700, 175
Trd, 000254.450, 175
Trd, 000254.700, 173
Trd, 000255.900, 168
Trd, 000256.117, 169
Trd, 000256.600, 170
Trd, 000256.933, 166
Trd, 000256.983, 168
Trd, 000257.150, 162
Trd, 000258.133, 161
Trd, 000258.817, 172
Trd, 000258.900, 173
Trd, 000259.433, 170
Trd, 000259.667, 174
Trd, 000259.933, 164
Trd, 000261.017, 173
Trd, 000262.383, 172
Trd, 000262.400, 176
Trd, 000262.633, 172
Trd, 000262.800, 167
Trd, 000263.900, 174
Trd, 000264.983, 172
Trd, 000265.350, 171
Trd, 000265.667, 170
Trd, 000265.950, 173
Trd, 000266.567, 172
Trd, 000266.983, 171
Trd, 000267.300, 170
Trd, 000267.667, 169
Trd, 000268.117, 171
Trd, 000268.450, 172
Trd, 000268.483, 173
Trd, 000269.583, 173
Trd, 000270.217, 173
Trd, 000270.417, 175
Trd, 000270.750, 182
Trd, 000271.517, 174
Trd, 000272.000, 185
Trd, 000272.267, 179
Trd, 000272.367, 177
Trd, 000272.617, 176
Trd, 000272.850, 174
Trd, 000273.050, 178
Trd, 000273.883, 177
Trd, 000273.933, 178
Trd, 000275.100, 177
Trd, 000275.500, 176
Trd, 000276.383, 177
Trd, 000277.583, 178
Trd, 000277.717, 177
Trd, 000278.300, 179
Trd, 000278.617, 186
Trd, 000278.783, 186
Trd, 000279.050, 181
Trd, 000279.450, 192
Trd, 000280.050, 185
Trd, 000280.067, 184
Trd, 000280.383, 193
Trd, 000280.967, 181
Trd, 000280.983, 180
Trd, 000281.750, 180
Trd, 000282.033, 181
Trd, 000282.250, 174
Trd, 000283.150, 183
Trd, 000283.417, 174
Trd, 000283.633, 179
Trd, 000283.700, 174
Trd, 000284.633, 175
Trd, 000284.767, 173
Trd, 000285.267, 174
Trd, 000285.650, 175
Trd, 000285.983, 175
Trd, 000286.633, 176
Trd, 000288.050, 176
Trd, 000288.500, 176
Trd, 000288.633, 177
Trd, 000288.933, 177
Trd, 000289.033, 177
Trd, 000289.150, 174
Trd, 000289.200, 181
Trd, 000289.850, 170
Trd, 000290.150, 179
Trd, 000290.617, 185
Trd, 000291.117, 177
Trd, 000291.700, 178
Trd, 000292.300, 182
Trd, 000292.350, 177
Trd, 000292.550, 176
Trd, 000292.917, 170
Trd, 000293.350, 179
Trd, 000293.383, 164
Trd, 000293.617, 163
Trd, 000295.083, 174
Trd, 000295.267, 174
Trd, 000295.383, 175
Trd, 000295.817, 174
Trd, 000296.350, 179
Trd, 000296.367, 179
Trd, 000297.083, 179
Trd, 000297.967, 177
Trd, 000298.450, 180
Trd, 000299.250, 182
Trd, 000299.433, 183
Trd, 000299.600, 184
