Trd, 000002.000, 154
Trd, 000002.633, 146
Trd, 000002.850, 152
Trd, 000005.467, 145
Trd, 000006.117, 146
Trd, 000006.400, 147
Trd, 000006.617, 146
Trd, 000006.800, 144
Trd, 000007.317, 148
Trd, 000008.333, 152
Trd, 000009.500, 151
Trd, 000009.950, 150
Trd, 000010.333, 150
Trd, 000010.867, 149
Trd, 000011.550, 149
Trd, 000011.600, 150
Trd, 000011.633, 151
Trd, 000012.683, 152
Trd, 000012.750, 152
Trd, 000013.017, 154
Trd, 000013.233, 149
Trd, 000014.567, 153
Trd, 000015.767, 156
Trd, 000016.067, 149
Trd, 000016.417, 157
Trd, 000017.400, 153
Trd, 000017.850, 154
Trd, 000017.917, 159
Trd, 000018.767, 156
Trd, 000018.800, 153
Trd, 000019.550, 153
Trd, 000019.667, 142
Trd, 000021.250, 153
Trd, 000021.567, 147
Trd, 000021.950, 151
Trd, 000023.333, 149
Trd, 000023.400, 148
Trd, 000023.933, 148
Trd, 000024.150, 150
Trd, 000024.850, 150
Trd, 000025.533, 148
Trd, 000025.717, 153
Trd, 000028.100, 153
Trd, 000028.633, 152
Trd, 000028.983, 152
Trd, 000029.133, 151
Trd, 000029.617, 153
Trd, 000029.950, 155
Trd, 000030.733, 133
Trd, 000031.017, 151
Trd, 000031.150, 158
Trd, 000031.683, 152
Trd, 000032.450, 151
Trd, 000032.750, 148
Trd, 000032.783, 153
Trd, 000033.333, 149
Trd, 000034.433, 148
Trd, 000034.633, 147
Trd, 000034.917, 149
Trd, 000035.117, 150
Trd, 000035.267, 161
Trd, 000036.150, 161
Trd, 000036.650, 148
Trd, 000037.467, 157
Trd, 000038.217, 155
Trd, 000038.417, 156
Trd, 000038.517, 154
Trd, 000039.317, 158
Trd, 000039.567, 160
Trd, 000039.917, 147
Trd, 000040.983, 159
Trd, 000041.650, 162
Trd, 000041.817, 163
Trd, 000042.617, 153
Trd, 000042.733, 151
Trd, 000043.267, 152
Trd, 000043.550, 159
Trd, 000045.700, 156
Trd, 000046.417, 154
Trd, 000046.867, 154
Trd, 000046.950, 153
Trd, 000047.183, 153
Trd, 000047.350, 158
Trd, 000048.650, 154
Trd, 000048.883, 159
Trd, 000049.567, 154
Trd, 000050.067, 155
Trd, 000051.783, 154
Trd, 000051.850, 149
Trd, 000053.383, 153
Trd, 000054.183, 152
Trd, 000054.283, 152
Trd, 000054.800, 152
Trd, 000055.000, 152
Trd, 000055.217, 154
Trd, 000055.383, 156
Trd, 000055.883, 154
Trd, 000057.517, 156
Trd, 000058.500, 157
Trd, 000058.933, 157
Trd, 000059.033, 154
Trd, 000059.083, 153
Trd, 000059.100, 159
Trd, 000059.200, 147
Trd, 000060.567, 136
Trd, 000060.917, 139
Trd, 000061.467, 140
Trd, 000061.550, 155
Trd, 000062.283, 161
Trd, 000062.417, 164
Trd, 000062.683, 140
Trd, 000063.000, 152
Trd, 000063.283, 154
Trd, 000063.483, 147
Trd, 000064.933, 149
Trd, 000065.167, 150
Trd, 000065.233, 150
Trd, 000066.083, 150
Trd, 000066.250, 156
Trd, 000066.317, 157
Trd, 000068.633, 150
Trd, 000068.883, 152
Trd, 000069.583, 155
Trd, 000070.833, 153
Trd, 000071.050, 154
Trd, 000071.200, 158
Trd, 000071.217, 153
Trd, 000071.483, 161
Trd, 000071.650, 162
Trd, 000073.233, 162
Trd, 000073.600, 164
Trd, 000074.667, 163
Trd, 000074.850, 158
Trd, 000075.700, 157
Trd, 000076.300, 161
Trd, 000076.417, 162
Trd, 000077.583, 155
Trd, 000077.850, 155
Trd, 000077.867, 156
Trd, 000078.267, 157
Trd, 000078.683, 158
Trd, 000079.117, 159
Trd, 000079.967, 158
Trd, 000081.150, 158
Trd, 000081.400, 155
Trd, 000081.600, 154
Trd, 000082.800, 152
Trd, 000083.150, 156
Trd, 000083.183, 156
Trd, 000084.083, 153
Trd, 000084.500, 159
Trd, 000084.567, 152
Trd, 000084.733, 163
Trd, 000085.467, 152
Trd, 000086.600, 151
Trd, 000087.483, 158
Trd, 000087.500, 159
Trd, 000089.200, 157
Trd, 000089.717, 156
Trd, 000089.933, 157
Trd, 000089.967, 158
Trd, 000090.667, 155
Trd, 000091.250, 154
Trd, 000092.167, 154
Trd, 000092.567, 158
Trd, 000093.767, 160
Trd, 000093.917, 159
Trd, 000093.967, 158
Trd, 000094.833, 158
Trd, 000094.917, 160
Trd, 000095.200, 158
Trd, 000095.400, 153
Trd, 000096.500, 161
Trd, 000096.533, 155
Trd, 000097.150, 155
Trd, 000097.617, 163
Trd, 000098.033, 164
Trd, 000100.200, 158
Trd, 000100.350, 161
Trd, 000100.867, 163
Trd, 000101.500, 157
Trd, 000101.883, 165
Trd, 000102.783, 157
Trd, 000103.050, 154
Trd, 000104.317, 161
Trd, 000104.450, 155
Trd, 000104.467, 160
Trd, 000105.800, 155
Trd, 000106.150, 156
Trd, 000106.433, 158
Trd, 000106.700, 154
Trd, 000107.450, 158
Trd, 000108.317, 159
Trd, 000108.367, 161
Trd, 000108.533, 156
Trd, 000109.500, 157
Trd, 000109.783, 159
Trd, 000110.550, 158
Trd, 000111.000, 159
Trd, 000111.050, 162
Trd, 000111.867, 167
Trd, 000112.833, 158
Trd, 000113.650, 157
Trd, 000114.233, 163
Trd, 000114.250, 163
Trd, 000115.250, 164
Trd, 000115.617, 157
Trd, 000117.883, 159
Trd, 000118.100, 157
Trd, 000118.150, 160
Trd, 000118.517, 158
Trd, 000119.033, 158
Trd, 000119.667, 157
Trd, 000119.783, 158
Trd, 000120.533, 156
Trd, 000120.817, 156
Trd, 000121.667, 162
Trd, 000122.233, 159
Trd, 000122.683, 163
Trd, 000123.500, 157
Trd, 000124.017, 157
Trd, 000124.267, 158
Trd, 000124.750, 161
Trd, 000124.883, 165
Trd, 000125.833, 168
Trd, 000125.850, 170
Trd, 000126.317, 156
Trd, 000126.450, 156
Trd, 000127.800, 163
Trd, 000128.117, 163
Trd, 000128.367, 164
Trd, 000128.483, 158
Trd, 000129.350, 165
Trd, 000130.017, 166
Trd, 000130.250, 164
Trd, 000130.733, 164
Trd, 000131.067, 167
Trd, 000131.183, 161
Trd, 000131.233, 158
Trd, 000131.400, 167
Trd, 000132.133, 167
Trd, 000133.283, 160
Trd, 000133.650, 171
Trd, 000134.083, 181
Trd, 000134.367, 161
Trd, 000134.383, 159
Trd, 000135.467, 170
Trd, 000135.983, 182
Trd, 000136.950, 168
Trd, 000138.133, 162
Trd, 000138.317, 164
Trd, 000138.900, 163
Trd, 000139.500, 165
Trd, 000140.400, 164
Trd, 000141.150, 163
Trd, 000141.550, 162
Trd, 000141.667, 161
Trd, 000142.367, 163
Trd, 000142.867, 163
Trd, 000143.083, 164
Trd, 000143.850, 159
Trd, 000144.183, 160
Trd, 000144.267, 158
Trd, 000144.867, 162
Trd, 000145.967, 159
Trd, 000146.150, 161
Trd, 000146.233, 166
Trd, 000146.733, 168
Trd, 000147.133, 162
Trd, 000147.883, 166
Trd, 000148.867, 163
Trd, 000148.950, 163
Trd, 000149.083, 165
Trd, 000149.300, 166
Trd, 000150.133, 164
Trd, 000150.983, 163
Trd, 000152.333, 162
Trd, 000152.667, 165
Trd, 000153.200, 169
Trd, 000154.217, 169
Trd, 000154.333, 169
Trd, 000154.750, 171
Trd, 000155.250, 171
Trd, 000155.483, 162
Trd, 000155.750, 163
Trd, 000156.267, 162
Trd, 000156.617, 164
Trd, 000156.783, 164
Trd, 000157.550, 165
Trd, 000158.217, 164
Trd, 000159.000, 163
Trd, 000159.150, 162
Trd, 000160.733, 161
Trd, 000161.300, 161
Trd, 000161.450, 162
Trd, 000162.600, 162
Trd, 000163.050, 160
Trd, 000163.183, 157
Trd, 000164.083, 163
Trd, 000164.117, 156
Trd, 000164.317, 167
Trd, 000164.733, 161
Trd, 000165.600, 171
Trd, 000166.233, 168
Trd, 000167.567, 174
Trd, 000167.833, 171
Trd, 000168.900, 178
Trd, 000169.300, 177
Trd, 000169.467, 172
Trd, 000169.700, 179
Trd, 000170.300, 170
Trd, 000170.800, 161
Trd, 000171.733, 169
Trd, 000172.033, 166
Trd, 000172.417, 170
Trd, 000172.567, 172
Trd, 000173.600, 175
Trd, 000173.667, 174
Trd, 000174.133, 171
Trd, 000174.800, 173
Trd, 000175.383, 171
Trd, 000175.600, 170
Trd, 000175.633, 172
Trd, 000176.867, 162
Trd, 000176.933, 161
Trd, 000179.667, 155
Trd, 000180.033, 158
Trd, 000180.083, 159
Trd, 000180.483, 152
Trd, 000180.517, 159
Trd, 000180.850, 160
Trd, 000181.150, 162
Trd, 000182.267, 167
Trd, 000183.017, 164
Trd, 000183.217, 176
Trd, 000184.250, 171
Trd, 000184.300, 159
Trd, 000184.467, 172
Trd, 000184.650, 161
Trd, 000185.133, 166
Trd, 000186.000, 167
Trd, 000186.133, 169
Trd, 000187.783, 166
Trd, 000187.817, 168
Trd, 000188.700, 169
Trd, 000189.050, 171
Trd, 000189.683, 174
Trd, 000189.800, 174
Trd, 000191.633, 173
Trd, 000191.650, 171
Trd, 000192.283, 172
Trd, 000192.483, 167
Trd, 000192.650, 171
Trd, 000193.300, 171
Trd, 000193.867, 171
Trd, 000194.733, 160
Trd, 000195.017, 171
Trd, 000196.033, 168
Trd, 000196.217, 168
Trd, 000196.533, 167
Trd, 000196.683, 169
Trd, 000196.967, 166
Trd, 000199.033, 171
Trd, 000200.350, 171
Trd, 000200.783, 170
Trd, 000200.983, 170
Trd, 000201.300, 168
Trd, 000201.317, 171
Trd, 000202.600, 172
Trd, 000202.883, 173
Trd, 000203.933, 173
Trd, 000204.367, 172
Trd, 000204.383, 175
Trd, 000204.850, 173
Trd, 000204.917, 172
Trd, 000205.150, 165
Trd, 000206.583, 165
Trd, 000207.383, 170
Trd, 000207.567, 172
Trd, 000207.767, 176
Trd, 000207.817, 178
Trd, 000209.617, 173
Trd, 000209.900, 178
Trd, 000210.300, 173
Trd, 000210.783, 174
Trd, 000211.450, 174
Trd, 000211.500, 175
Trd, 000212.017, 172
Trd, 000212.567, 174
Trd, 000212.617, 175
Trd, 000213.117, 176
Trd, 000213.133, 165
Trd, 000213.750, 176
Trd, 000213.767, 179
Trd, 000215.100, 177
Trd, 000215.683, 173
Trd, 000215.800, 172
Trd, 000216.000, 177
Trd, 000216.900, 175
Trd, 000216.950, 175
Trd, 000217.133, 176
Trd, 000217.233, 176
Trd, 000218.117, 172
Trd, 000218.533, 162
Trd, 000218.650, 178
Trd, 000219.917, 165
Trd, 000220.233, 177
Trd, 000221.183, 171
Trd, 000221.483, 178
Trd, 000221.683, 170
Trd, 000221.917, 178
Trd, 000223.450, 172
Trd, 000225.050, 172
Trd, 000225.267, 171
Trd, 000225.767, 171
Trd, 000226.133, 173
Trd, 000226.317, 178
Trd, 000226.833, 177
Trd, 000227.850, 168
Trd, 000229.183, 172
Trd, 000229.533, 173
Trd, 000229.717, 172
Trd, 000230.000, 176
Trd, 000230.583, 177
Trd, 000230.683, 178
Trd, 000231.217, 181
Trd, 000231.500, 171
Trd, 000231.517, 170
Trd, 000231.850, 167
Trd, 000231.933, 179
Trd, 000232.950, 180
Trd, 000234.383, 172
Trd, 000235.267, 172
Trd, 000235.833, 176
Trd, 000237.000, 174
Trd, 000237.033, 175
Trd, 000237.250, 174
Trd, 000237.317, 172
Trd, 000238.800, 171
Trd, 000238.867, 172
Trd, 000239.033, 171
Trd, 000240.067, 170
Trd, 000240.117, 172
Trd, 000240.550, 172
Trd, 000241.250, 171
Trd, 000241.600, 171
Trd, 000241.800, 173
Trd, 000241.850, 174
Trd, 000242.333, 175
Trd, 000242.550, 169
Trd, 000243.083, 177
Trd, 000243.483, 178
Trd, 000244.033, 173
Trd, 000244.250, 179
Trd, 000245.317, 179
Trd, 000246.317, 176
Trd, 000246.433, 177
Trd, 000246.667, 174
Trd, 000246.817, 173
Trd, 000247.100, 176
Trd, 000247.417, 174
Trd, 000248.067, 175
Trd, 000248.133, 176
Trd, 000248.817, 172
Trd, 000249.550, 173
Trd, 000249.650, 173
Trd, 000250.117, 173
Trd, 000250.467, 175
Trd, 000250.650, 174
Trd, 000251.083, 176
Trd, 000251.467, 176
Trd, 000252.167, 176
Trd, 000252.183, 177
Trd, 000252.817, 175
Trd, 000252.917, 175
Trd, 000253.267, 178
Trd, 000253.783, 177
Trd, 000253.867, 174
Trd, 000254.000, 179
Trd, 000255.800, 175
Trd, 000256.050, 176
Trd, 000256.100, 173
Trd, 000256.567, 174
Trd, 000256.633, 172
Trd, 000256.900, 171
Trd, 000257.667, 170
Trd, 000258.100, 171
Trd, 000258.667, 170
Trd, 000258.817, 171
Trd, 000259.050, 176
Trd, 000259.167, 181
Trd, 000260.133, 174
Trd, 000260.667, 170
Trd, 000260.683, 172
Trd, 000260.783, 170
Trd, 000260.833, 174
Trd, 000261.033, 176
Trd, 000262.500, 170
Trd, 000262.517, 170
Trd, 000262.700, 177
Trd, 000263.317, 174
Trd, 000263.467, 174
Trd, 000263.983, 175
Trd, 000264.000, 177
Trd, 000264.117, 174
Trd, 000264.733, 160
Trd, 000264.883, 177
Trd, 000265.517, 182
Trd, 000265.667, 172
Trd, 000266.217, 188
Trd, 000266.483, 181
Trd, 000267.333, 188
Trd, 000268.350, 185
Trd, 000268.367, 186
Trd, 000268.967, 184
Trd, 000269.000, 181
Trd, 000269.083, 178
Trd, 000269.600, 175
Trd, 000270.533, 179
Trd, 000270.667, 176
Trd, 000270.750, 179
Trd, 000272.267, 179
Trd, 000272.433, 177
Trd, 000272.550, 176
Trd, 000272.767, 179
Trd, 000273.050, 179
Trd, 000273.167, 181
Trd, 000273.767, 177
Trd, 000273.800, 180
Trd, 000274.867, 178
Trd, 000275.267, 175
Trd, 000275.600, 180
Trd, 000275.700, 183
Trd, 000275.967, 185
Trd, 000276.217, 181
Trd, 000276.783, 186
Trd, 000276.967, 179
Trd, 000277.383, 173
Trd, 000277.850, 171
Trd, 000278.283, 174
Trd, 000278.367, 168
Trd, 000278.883, 174
Trd, 000279.383, 184
Trd, 000280.100, 180
Trd, 000280.233, 179
Trd, 000281.683, 175
Trd, 000281.850, 175
Trd, 000282.233, 174
Trd, 000282.400, 174
Trd, 000282.967, 172
Trd, 000283.733, 173
Trd, 000283.800, 169
Trd, 000283.850, 174
Trd, 000284.183, 169
Trd, 000284.550, 178
Trd, 000284.767, 186
Trd, 000285.150, 187
Trd, 000285.233, 183
Trd, 000286.483, 186
Trd, 000286.567, 179
Trd, 000286.600, 178
Trd, 000286.683, 178
Trd, 000286.700, 177
Trd, 000287.017, 173
Trd, 000287.467, 173
Trd, 000287.617, 182
Trd, 000288.067, 182
Trd, 000288.333, 182
Trd, 000288.483, 172
Trd, 000290.017, 175
Trd, 000290.183, 176
Trd, 000290.233, 177
Trd, 000290.800, 187
Trd, 000290.950, 172
Trd, 000291.950, 177
Trd, 000292.033, 180
Trd, 000292.667, 180
Trd, 000293.067, 175
Trd, 000293.133, 177
Trd, 000293.350, 170
Trd, 000294.033, 170
Trd, 000294.150, 180
Trd, 000294.950, 180
Trd, 000295.017, 179
Trd, 000295.300, 174
Trd, 000295.333, 173
Trd, 000295.550, 180
Trd, 000296.400, 173
Trd, 000296.600, 182
Trd, 000297.183, 178
Trd, 000298.233, 183
Trd, 000298.633, 183
Trd, 000298.800, 184
Trd, 000298.917, 171
Trd, 000299.350, 186
Trd, 000299.567, 181
