Trd, 000002.100, 124
Trd, 000002.400, 122
Trd, 000002.483, 126
Trd, 000002.700, 129
Trd, 000003.400, 134
Trd, 000003.517, 146
Trd, 000004.800, 142
Trd, 000005.717, 142
Trd, 000006.650, 141
Trd, 000007.217, 143
Trd, 000007.250, 144
Trd, 000007.850, 143
Trd, 000008.067, 168
Trd, 000008.200, 167
Trd, 000009.267, 157
Trd, 000009.983, 155
Trd, 000010.750, 153
Trd, 000010.950, 151
Trd, 000011.467, 155
Trd, 000011.883, 145
Trd, 000012.200, 134
Trd, 000013.050, 148
Trd, 000014.333, 152
Trd, 000014.350, 143
Trd, 000015.067, 148
Trd, 000015.250, 147
Trd, 000015.433, 147
Trd, 000015.783, 163
Trd, 000016.567, 150
Trd, 000016.783, 174
Trd, 000017.033, 147
Trd, 000017.750, 151
Trd, 000018.617, 154
Trd, 000018.967, 151
Trd, 000019.600, 153
Trd, 000020.050, 154
Trd, 000020.400, 153
Trd, 000021.250, 153
Trd, 000021.300, 150
Trd, 000022.350, 151
Trd, 000022.467, 150
Trd, 000022.817, 162
Trd, 000023.067, 150
Trd, 000023.317, 149
Trd, 000024.183, 170
Trd, 000024.467, 160
Trd, 000024.983, 159
Trd, 000025.950, 154
Trd, 000026.783, 152
Trd, 000027.250, 153
Trd, 000027.267, 150
Trd, 000028.050, 153
Trd, 000028.250, 154
Trd, 000028.550, 157
Trd, 000029.067, 153
Trd, 000030.217, 154
Trd, 000030.367, 154
Trd, 000031.517, 155
Trd, 000031.717, 154
Trd, 000031.967, 165
Trd, 000031.983, 153
Trd, 000032.267, 175
Trd, 000032.733, 152
Trd, 000034.500, 152
Trd, 000034.633, 151
Trd, 000034.767, 159
Trd, 000035.017, 160
Trd, 000036.650, 156
Trd, 000036.783, 155
Trd, 000037.183, 156
Trd, 000037.400, 157
Trd, 000037.650, 155
Trd, 000037.667, 158
Trd, 000038.100, 153
Trd, 000039.767, 153
Trd, 000039.833, 153
Trd, 000040.050, 153
Trd, 000040.800, 152
Trd, 000041.533, 142
Trd, 000042.333, 147
Trd, 000042.667, 148
Trd, 000043.150, 148
Trd, 000043.700, 144
Trd, 000043.783, 144
Trd, 000044.083, 148
Trd, 000044.350, 144
Trd, 000044.567, 150
Trd, 000045.100, 142
Trd, 000045.317, 149
Trd, 000045.500, 145
Trd, 000046.167, 141
Trd, 000047.083, 149
Trd, 000047.817, 144
Trd, 000048.350, 149
Trd, 000048.517, 149
Trd, 000048.583, 148
Trd, 000048.600, 145
Trd, 000049.100, 138
Trd, 000050.050, 150
Trd, 000050.233, 156
Trd, 000050.750, 153
Trd, 000050.883, 165
Trd, 000051.567, 158
Trd, 000052.367, 149
Trd, 000052.767, 150
Trd, 000053.217, 146
Trd, 000054.183, 150
Trd, 000054.633, 153
Trd, 000054.783, 154
Trd, 000054.800, 150
Trd, 000054.967, 155
Trd, 000055.300, 145
Trd, 000056.950, 154
Trd, 000058.467, 151
Trd, 000058.767, 154
Trd, 000059.167, 155
Trd, 000059.383, 157
Trd, 000059.600, 158
Trd, 000060.217, 158
Trd, 000060.867, 165
Trd, 000061.783, 164
Trd, 000061.817, 154
Trd, 000062.183, 138
Trd, 000062.500, 137
Trd, 000062.683, 138
Trd, 000063.017, 158
Trd, 000063.867, 154
Trd, 000066.167, 161
Trd, 000066.567, 159
Trd, 000066.800, 158
Trd, 000068.300, 157
Trd, 000068.817, 157
Trd, 000068.900, 158
Trd, 000069.067, 157
Trd, 000069.117, 160
Trd, 000069.550, 157
Trd, 000069.767, 160
Trd, 000070.700, 160
Trd, 000071.200, 155
Trd, 000071.717, 160
Trd, 000072.650, 155
Trd, 000072.733, 169
Trd, 000073.583, 141
Trd, 000074.667, 157
Trd, 000074.783, 156
Trd, 000075.567, 156
Trd, 000075.633, 156
Trd, 000075.667, 158
Trd, 000076.583, 161
Trd, 000076.967, 159
Trd, 000077.117, 157
Trd, 000077.567, 158
Trd, 000078.467, 158
Trd, 000078.800, 159
Trd, 000079.000, 156
Trd, 000079.200, 159
Trd, 000079.567, 170
Trd, 000080.917, 158
Trd, 000081.300, 157
Trd, 000081.633, 158
Trd, 000081.767, 161
Trd, 000082.233, 157
Trd, 000082.483, 156
Trd, 000082.783, 139
Trd, 000082.867, 138
Trd, 000083.867, 156
Trd, 000084.650, 157
Trd, 000085.450, 157
Trd, 000085.617, 152
Trd, 000085.867, 157
Trd, 000086.200, 157
Trd, 000087.417, 153
Trd, 000087.500, 152
Trd, 000087.783, 151
Trd, 000089.383, 155
Trd, 000089.883, 146
Trd, 000090.167, 156
Trd, 000090.233, 158
Trd, 000090.833, 157
Trd, 000091.283, 158
Trd, 000092.283, 159
Trd, 000092.733, 160
Trd, 000092.817, 159
Trd, 000093.617, 168
Trd, 000093.767, 169
Trd, 000093.983, 167
Trd, 000094.400, 160
Trd, 000094.583, 170
Trd, 000094.817, 159
Trd, 000095.900, 158
Trd, 000096.983, 159
Trd, 000097.083, 153
Trd, 000097.850, 166
Trd, 000098.517, 169
Trd, 000098.817, 160
Trd, 000099.483, 159
Trd, 000099.650, 170
Trd, 000100.083, 168
Trd, 000100.233, 158
Trd, 000100.867, 164
Trd, 000101.400, 165
Trd, 000101.900, 165
Trd, 000102.050, 166
Trd, 000102.550, 171
Trd, 000102.583, 168
Trd, 000102.933, 165
Trd, 000104.433, 164
Trd, 000105.317, 163
Trd, 000105.867, 167
Trd, 000106.750, 163
Trd, 000106.933, 163
Trd, 000107.467, 163
Trd, 000107.967, 162
Trd, 000108.300, 161
Trd, 000108.883, 162
Trd, 000109.683, 161
Trd, 000110.033, 160
Trd, 000110.100, 159
Trd, 000110.583, 144
Trd, 000111.567, 151
Trd, 000111.617, 155
Trd, 000111.850, 155
Trd, 000111.967, 158
Trd, 000113.450, 147
Trd, 000114.283, 157
Trd, 000114.717, 173
Trd, 000115.383, 174
Trd, 000115.983, 176
Trd, 000116.000, 173
Trd, 000116.100, 177
Trd, 000116.133, 172
Trd, 000116.833, 157
Trd, 000117.983, 165
Trd, 000118.000, 169
Trd, 000119.067, 167
Trd, 000119.767, 168
Trd, 000120.150, 169
Trd, 000120.267, 166
Trd, 000120.800, 166
Trd, 000120.817, 163
Trd, 000121.067, 160
Trd, 000121.833, 148
Trd, 000121.900, 161
Trd, 000122.300, 163
Trd, 000123.300, 168
Trd, 000123.583, 164
Trd, 000123.750, 158
Trd, 000124.600, 172
Trd, 000125.233, 156
Trd, 000125.300, 147
Trd, 000125.733, 146
Trd, 000125.833, 161
Trd, 000125.900, 163
Trd, 000126.667, 147
Trd, 000127.017, 154
Trd, 000128.950, 155
Trd, 000129.050, 155
Trd, 000129.167, 156
Trd, 000129.233, 157
Trd, 000130.333, 162
Trd, 000130.683, 162
Trd, 000130.800, 159
Trd, 000132.067, 159
Trd, 000132.450, 164
Trd, 000133.050, 175
Trd, 000133.967, 166
Trd, 000134.200, 165
Trd, 000134.350, 164
Trd, 000134.933, 165
Trd, 000135.267, 171
Trd, 000135.783, 164
Trd, 000136.033, 168
Trd, 000136.650, 163
Trd, 000136.717, 168
Trd, 000136.967, 169
Trd, 000138.450, 163
Trd, 000140.217, 165
Trd, 000140.567, 166
Trd, 000140.950, 166
Trd, 000141.050, 164
Trd, 000141.183, 166
Trd, 000141.867, 167
Trd, 000141.950, 168
Trd, 000142.933, 176
Trd, 000143.400, 168
Trd, 000143.867, 169
Trd, 000144.100, 182
Trd, 000144.567, 186
Trd, 000145.150, 184
Trd, 000145.700, 182
Trd, 000145.767, 182
Trd, 000146.083, 176
Trd, 000146.383, 176
Trd, 000146.750, 164
Trd, 000146.867, 162
Trd, 000147.267, 145
Trd, 000147.733, 170
Trd, 000148.400, 171
Trd, 000148.883, 169
Trd, 000149.867, 176
Trd, 000149.967, 165
Trd, 000150.967, 173
Trd, 000152.150, 174
Trd, 000152.633, 172
Trd, 000153.250, 169
Trd, 000153.317, 173
Trd, 000154.267, 174
Trd, 000154.533, 169
Trd, 000154.983, 173
Trd, 000155.517, 171
Trd, 000155.600, 169
Trd, 000156.250, 174
Trd, 000157.600, 173
Trd, 000158.200, 165
Trd, 000158.850, 165
Trd, 000159.567, 170
Trd, 000159.683, 166
Trd, 000159.833, 147
Trd, 000160.283, 160
Trd, 000160.300, 165
Trd, 000160.950, 163
Trd, 000162.150, 162
Trd, 000162.617, 162
Trd, 000163.667, 163
Trd, 000164.267, 164
Trd, 000164.667, 163
Trd, 000164.717, 161
Trd, 000164.933, 163
Trd, 000165.450, 162
Trd, 000165.617, 160
Trd, 000165.667, 164
Trd, 000165.850, 167
Trd, 000166.117, 178
Trd, 000167.150, 161
Trd, 000167.600, 159
Trd, 000168.117, 185
Trd, 000169.867, 171
Trd, 000169.883, 170
Trd, 000170.517, 165
Trd, 000170.683, 171
Trd, 000171.133, 169
Trd, 000171.167, 162
Trd, 000171.333, 150
Trd, 000172.517, 159
Trd, 000172.917, 160
Trd, 000173.367, 161
Trd, 000173.917, 163
Trd, 000174.200, 163
Trd, 000174.567, 173
Trd, 000174.883, 175
Trd, 000175.133, 164
Trd, 000175.767, 164
Trd, 000176.067, 172
Trd, 000176.317, 172
Trd, 000176.717, 165
Trd, 000178.283, 167
Trd, 000178.950, 166
Trd, 000179.117, 169
Trd, 000179.467, 170
Trd, 000180.783, 167
Trd, 000181.017, 170
Trd, 000181.167, 170
Trd, 000181.567, 170
Trd, 000181.633, 169
Trd, 000181.733, 171
Trd, 000181.933, 168
Trd, 000182.583, 167
Trd, 000183.833, 164
Trd, 000183.883, 165
Trd, 000184.333, 162
Trd, 000185.317, 163
Trd, 000185.333, 165
Trd, 000185.700, 167
Trd, 000185.733, 166
Trd, 000186.233, 168
Trd, 000186.817, 153
Trd, 000186.833, 181
Trd, 000187.667, 188
Trd, 000188.250, 168
Trd, 000188.517, 167
Trd, 000188.883, 167
Trd, 000189.317, 150
Trd, 000191.217, 172
Trd, 000191.300, 173
Trd, 000191.717, 173
Trd, 000192.650, 164
Trd, 000192.850, 172
Trd, 000193.300, 163
Trd, 000195.117, 172
Trd, 000195.383, 170
Trd, 000196.117, 172
Trd, 000196.667, 172
Trd, 000196.800, 171
Trd, 000197.617, 171
Trd, 000197.650, 170
Trd, 000199.350, 180
Trd, 000199.383, 179
Trd, 000199.417, 178
Trd, 000200.233, 154
Trd, 000200.267, 152
Trd, 000200.933, 174
Trd, 000201.100, 168
Trd, 000201.617, 164
Trd, 000201.767, 154
Trd, 000202.050, 152
Trd, 000202.350, 160
Trd, 000202.717, 153
Trd, 000203.067, 182
Trd, 000203.267, 151
Trd, 000204.467, 172
Trd, 000204.650, 191
Trd, 000205.433, 168
Trd, 000205.617, 173
Trd, 000205.667, 175
Trd, 000205.733, 176
Trd, 000206.633, 167
Trd, 000207.183, 191
Trd, 000207.967, 190
Trd, 000208.033, 189
Trd, 000208.333, 179
Trd, 000208.950, 166
Trd, 000209.917, 152
Trd, 000210.617, 174
Trd, 000210.967, 171
Trd, 000210.983, 175
Trd, 000211.250, 171
Trd, 000211.617, 170
Trd, 000211.900, 167
Trd, 000212.317, 154
Trd, 000212.433, 155
Trd, 000214.067, 162
Trd, 000214.167, 172
Trd, 000214.833, 166
Trd, 000215.000, 165
Trd, 000216.400, 169
Trd, 000216.500, 170
Trd, 000217.467, 169
Trd, 000217.500, 170
Trd, 000218.400, 167
Trd, 000219.033, 169
Trd, 000219.400, 180
Trd, 000219.500, 168
Trd, 000219.550, 167
Trd, 000221.433, 174
Trd, 000221.683, 175
Trd, 000221.733, 182
Trd, 000221.983, 176
Trd, 000223.067, 178
Trd, 000223.400, 176
Trd, 000223.533, 175
Trd, 000224.683, 172
Trd, 000224.717, 171
Trd, 000224.850, 172
Trd, 000224.917, 173
Trd, 000226.283, 174
Trd, 000226.400, 171
Trd, 000227.133, 173
Trd, 000227.567, 173
Trd, 000227.583, 172
Trd, 000227.933, 173
Trd, 000228.350, 185
Trd, 000228.400, 172
Trd, 000228.750, 179
Trd, 000230.467, 176
Trd, 000230.733, 181
Trd, 000231.350, 172
Trd, 000231.883, 181
Trd, 000232.100, 180
Trd, 000232.700, 178
Trd, 000233.750, 181
Trd, 000234.433, 180
Trd, 000234.850, 179
Trd, 000235.250, 180
Trd, 000235.833, 174
Trd, 000236.650, 178
Trd, 000237.717, 181
Trd, 000237.983, 181
Trd, 000238.167, 180
Trd, 000238.300, 185
Trd, 000238.583, 177
Trd, 000240.100, 179
Trd, 000240.417, 175
Trd, 000240.500, 175
Trd, 000240.533, 173
Trd, 000241.450, 173
Trd, 000242.350, 168
Trd, 000242.533, 169
Trd, 000242.550, 166
Trd, 000242.967, 168
Trd, 000243.317, 174
Trd, 000243.350, 172
Trd, 000243.533, 175
Trd, 000243.750, 176
Trd, 000244.150, 177
Trd, 000244.683, 170
Trd, 000244.883, 177
Trd, 000245.133, 173
Trd, 000245.850, 180
Trd, 000246.433, 186
Trd, 000247.017, 190
Trd, 000247.583, 190
Trd, 000247.850, 189
Trd, 000248.500, 196
Trd, 000248.783, 190
Trd, 000249.667, 189
Trd, 000250.200, 189
Trd, 000250.300, 187
Trd, 000250.650, 187
Trd, 000250.667, 181
Trd, 000250.800, 183
Trd, 000250.967, 174
Trd, 000251.850, 179
Trd, 000251.950, 173
Trd, 000252.200, 171
Trd, 000252.433, 178
Trd, 000252.850, 177
Trd, 000253.133, 175
Trd, 000253.633, 175
Trd, 000254.267, 173
Trd, 000254.533, 173
Trd, 000255.017, 176
Trd, 000255.267, 177
Trd, 000255.817, 174
Trd, 000255.833, 173
Trd, 000256.700, 174
Trd, 000257.067, 177
Trd, 000257.483, 175
Trd, 000257.917, 180
Trd, 000258.067, 174
Trd, 000258.100, 177
Trd, 000259.117, 181
Trd, 000259.500, 174
Trd, 000260.167, 175
Trd, 000260.833, 180
Trd, 000261.267, 174
Trd, 000261.750, 182
Trd, 000262.067, 181
Trd, 000262.117, 183
Trd, 000262.200, 179
Trd, 000262.600, 181
Trd, 000263.050, 179
Trd, 000263.167, 177
Trd, 000263.400, 179
Trd, 000263.683, 180
Trd, 000264.483, 191
Trd, 000264.850, 182
Trd, 000266.067, 183
Trd, 000266.217, 181
Trd, 000266.300, 188
Trd, 000266.550, 189
Trd, 000266.983, 178
Trd, 000267.000, 177
Trd, 000267.750, 180
Trd, 000267.800, 167
Trd, 000267.967, 161
Trd, 000268.433, 168
Trd, 000268.750, 176
Trd, 000269.967, 176
Trd, 000270.150, 177
Trd, 000270.600, 171
Trd, 000270.667, 171
Trd, 000271.133, 173
Trd, 000271.383, 176
Trd, 000271.750, 169
Trd, 000272.133, 181
Trd, 000272.483, 182
Trd, 000272.500, 175
Trd, 000273.167, 169
Trd, 000273.217, 182
Trd, 000273.733, 174
Trd, 000274.433, 172
Trd, 000275.783, 164
Trd, 000276.050, 160
Trd, 000276.183, 161
Trd, 000276.533, 161
Trd, 000276.733, 159
Trd, 000276.883, 162
Trd, 000276.950, 168
Trd, 000277.050, 167
Trd, 000277.800, 161
Trd, 000278.367, 161
Trd, 000278.417, 160
Trd, 000278.800, 159
Trd, 000279.433, 164
Trd, 000279.583, 162
Trd, 000279.650, 165
Trd, 000279.667, 159
Trd, 000279.867, 167
Trd, 000280.933, 164
Trd, 000280.950, 169
Trd, 000282.367, 172
Trd, 000282.567, 183
Trd, 000283.383, 180
Trd, 000283.567, 190
Trd, 000283.883, 187
Trd, 000284.117, 183
Trd, 000284.383, 177
Trd, 000284.683, 169
Trd, 000284.883, 183
Trd, 000285.417, 176
Trd, 000285.933, 169
Trd, 000285.983, 173
Trd, 000286.083, 165
Trd, 000286.700, 172
Trd, 000287.267, 175
Trd, 000288.417, 176
Trd, 000288.700, 176
Trd, 000289.033, 178
Trd, 000289.433, 177
Trd, 000289.450, 178
Trd, 000290.217, 180
Trd, 000290.433, 174
Trd, 000290.750, 177
Trd, 000291.850, 179
Trd, 000292.050, 177
Trd, 000292.350, 180
Trd, 000292.800, 180
Trd, 000292.883, 178
Trd, 000293.100, 180
Trd, 000293.517, 176
Trd, 000293.717, 176
Trd, 000293.767, 181
Trd, 000293.817, 174
Trd, 000293.867, 184
Trd, 000294.467, 169
Trd, 000294.900, 170
Trd, 000295.250, 166
Trd, 000295.783, 162
Trd, 000296.083, 172
Trd, 000296.183, 166
Trd, 000296.367, 172
Trd, 000296.767, 173
Trd, 000297.583, 168
Trd, 000297.850, 167
Trd, 000298.017, 173
Trd, 000298.100, 168
Trd, 000298.750, 172
Trd, 000299.083, 173
Trd, 000299.133, 174
