Trd, 000003.167, 180
Trd, 000003.700, 179
Trd, 000003.900, 167
Trd, 000005.050, 172
Trd, 000005.067, 167
Trd, 000005.533, 164
Trd, 000005.833, 157
Trd, 000006.583, 161
Trd, 000007.067, 166
Trd, 000007.233, 163
Trd, 000007.367, 165
Trd, 000007.550, 163
Trd, 000007.867, 166
Trd, 000008.017, 158
Trd, 000008.183, 166
Trd, 000008.600, 142
Trd, 000010.850, 162
Trd, 000011.250, 156
Trd, 000011.500, 155
Trd, 000012.067, 151
Trd, 000012.300, 148
Trd, 000012.367, 152
Trd, 000012.650, 155
Trd, 000013.417, 148
Trd, 000014.250, 154
Trd, 000014.717, 146
Trd, 000015.050, 150
Trd, 000015.133, 153
Trd, 000015.950, 152
Trd, 000016.683, 166
Trd, 000018.317, 150
Trd, 000018.517, 166
Trd, 000018.550, 155
Trd, 000018.983, 147
Trd, 000019.183, 167
Trd, 000019.733, 163
Trd, 000020.483, 143
Trd, 000020.783, 163
Trd, 000021.533, 152
Trd, 000021.800, 150
Trd, 000022.067, 150
Trd, 000022.567, 149
Trd, 000023.317, 148
Trd, 000023.917, 150
Trd, 000024.867, 149
Trd, 000024.933, 147
Trd, 000025.683, 149
Trd, 000026.583, 149
Trd, 000026.800, 150
Trd, 000028.283, 150
Trd, 000028.567, 150
Trd, 000029.250, 151
Trd, 000029.367, 154
Trd, 000029.800, 168
Trd, 000030.467, 171
Trd, 000031.367, 159
Trd, 000032.550, 167
Trd, 000032.933, 168
Trd, 000033.450, 167
Trd, 000034.000, 161
Trd, 000034.067, 168
Trd, 000034.600, 159
Trd, 000035.417, 158
Trd, 000036.367, 161
Trd, 000036.417, 168
Trd, 000036.750, 153
Trd, 000036.933, 146
Trd, 000037.600, 155
Trd, 000037.950, 155
Trd, 000039.133, 151
Trd, 000039.183, 150
Trd, 000039.283, 152
Trd, 000040.933, 151
Trd, 000041.217, 152
Trd, 000041.900, 152
Trd, 000042.067, 152
Trd, 000042.083, 151
Trd, 000042.200, 149
Trd, 000042.933, 151
Trd, 000043.200, 153
Trd, 000043.900, 150
Trd, 000044.750, 151
Trd, 000046.133, 153
Trd, 000046.683, 153
Trd, 000047.483, 154
Trd, 000047.633, 153
Trd, 000048.750, 154
Trd, 000049.200, 155
Trd, 000049.533, 156
Trd, 000049.783, 156
Trd, 000050.567, 156
Trd, 000050.917, 170
Trd, 000051.633, 173
Trd, 000051.700, 171
Trd, 000052.100, 170
Trd, 000052.800, 158
Trd, 000052.883, 177
Trd, 000053.167, 168
Trd, 000053.500, 167
Trd, 000055.417, 173
Trd, 000055.767, 169
Trd, 000056.317, 171
Trd, 000057.450, 155
Trd, 000057.500, 152
Trd, 000057.700, 149
Trd, 000058.000, 155
Trd, 000058.767, 155
Trd, 000059.583, 152
Trd, 000059.867, 153
Trd, 000060.733, 154
Trd, 000060.983, 153
Trd, 000061.667, 155
Trd, 000061.700, 151
Trd, 000061.750, 157
Trd, 000062.400, 174
Trd, 000062.800, 167
Trd, 000063.617, 147
Trd, 000063.733, 160
Trd, 000064.167, 153
Trd, 000064.233, 140
Trd, 000065.967, 148
Trd, 000066.350, 148
Trd, 000066.450, 151
Trd, 000067.250, 153
Trd, 000067.350, 155
Trd, 000067.667, 148
Trd, 000068.017, 148
Trd, 000068.933, 157
Trd, 000069.217, 150
Trd, 000070.550, 158
Trd, 000070.800, 156
Trd, 000070.983, 159
Trd, 000071.117, 160
Trd, 000071.300, 172
Trd, 000071.517, 159
Trd, 000072.033, 166
Trd, 000072.967, 158
Trd, 000073.250, 157
Trd, 000074.767, 165
Trd, 000075.250, 168
Trd, 000075.633, 159
Trd, 000075.767, 155
Trd, 000076.033, 155
Trd, 000076.233, 167
Trd, 000076.750, 148
Trd, 000076.850, 145
Trd, 000077.567, 168
Trd, 000079.200, 168
Trd, 000079.517, 159
Trd, 000080.300, 156
Trd, 000080.900, 155
Trd, 000081.000, 156
Trd, 000081.133, 156
Trd, 000081.900, 161
Trd, 000081.933, 162
Trd, 000082.300, 170
Trd, 000083.000, 168
Trd, 000083.350, 171
Trd, 000083.617, 161
Trd, 000085.033, 171
Trd, 000085.217, 167
Trd, 000085.300, 165
Trd, 000085.417, 162
Trd, 000085.767, 161
Trd, 000085.917, 153
Trd, 000086.150, 149
Trd, 000086.717, 152
Trd, 000087.317, 154
Trd, 000087.450, 155
Trd, 000087.683, 174
Trd, 000088.517, 155
Trd, 000089.033, 155
Trd, 000089.117, 160
Trd, 000089.400, 155
Trd, 000089.783, 174
Trd, 000090.583, 170
Trd, 000091.217, 158
Trd, 000092.300, 172
Trd, 000093.617, 174
Trd, 000093.717, 169
Trd, 000094.000, 168
Trd, 000094.200, 162
Trd, 000094.250, 162
Trd, 000094.550, 180
Trd, 000094.717, 155
Trd, 000096.250, 160
Trd, 000096.667, 159
Trd, 000097.850, 158
Trd, 000098.317, 158
Trd, 000098.483, 159
Trd, 000099.217, 153
Trd, 000099.550, 159
Trd, 000100.283, 160
Trd, 000100.417, 161
Trd, 000100.600, 162
Trd, 000100.617, 162
Trd, 000100.867, 175
Trd, 000102.967, 175
Trd, 000103.167, 168
Trd, 000103.183, 167
Trd, 000103.667, 176
Trd, 000103.867, 166
Trd, 000104.717, 166
Trd, 000104.933, 175
Trd, 000105.750, 166
Trd, 000105.933, 167
Trd, 000107.100, 168
Trd, 000107.467, 166
Trd, 000107.650, 168
Trd, 000108.367, 160
Trd, 000108.800, 161
Trd, 000108.833, 159
Trd, 000109.867, 159
Trd, 000110.433, 159
Trd, 000110.450, 161
Trd, 000111.583, 161
Trd, 000112.817, 160
Trd, 000112.917, 162
Trd, 000113.083, 159
Trd, 000114.183, 159
Trd, 000114.467, 158
Trd, 000115.233, 159
Trd, 000115.567, 158
Trd, 000115.933, 157
Trd, 000116.383, 152
Trd, 000116.400, 160
Trd, 000116.600, 162
Trd, 000116.767, 176
Trd, 000118.750, 160
Trd, 000118.950, 161
Trd, 000119.417, 160
Trd, 000119.783, 159
Trd, 000120.150, 155
Trd, 000120.350, 160
Trd, 000120.700, 159
Trd, 000121.000, 160
Trd, 000121.200, 155
Trd, 000121.250, 161
Trd, 000122.000, 177
Trd, 000123.083, 154
Trd, 000123.733, 160
Trd, 000123.783, 163
Trd, 000124.367, 162
Trd, 000124.467, 155
Trd, 000125.617, 163
Trd, 000126.083, 154
Trd, 000126.450, 154
Trd, 000126.633, 153
Trd, 000127.467, 153
Trd, 000127.650, 152
Trd, 000128.317, 152
Trd, 000129.250, 152
Trd, 000129.633, 153
Trd, 000130.367, 150
Trd, 000130.717, 154
Trd, 000130.800, 161
Trd, 000130.933, 163
Trd, 000131.033, 153
Trd, 000131.867, 164
Trd, 000132.650, 179
Trd, 000133.200, 169
Trd, 000133.667, 168
Trd, 000134.817, 167
Trd, 000135.000, 170
Trd, 000135.067, 172
Trd, 000135.783, 175
Trd, 000136.150, 161
Trd, 000136.333, 160
Trd, 000136.883, 171
Trd, 000137.633, 177
Trd, 000137.717, 169
Trd, 000137.767, 178
Trd, 000138.817, 179
Trd, 000139.833, 179
Trd, 000139.967, 167
Trd, 000140.333, 180
Trd, 000141.167, 161
Trd, 000141.633, 171
Trd, 000141.933, 164
Trd, 000142.450, 165
Trd, 000143.400, 162
Trd, 000144.700, 165
Trd, 000145.083, 165
Trd, 000145.417, 166
Trd, 000146.800, 167
Trd, 000146.883, 166
Trd, 000147.650, 180
Trd, 000148.017, 160
Trd, 000148.317, 184
Trd, 000149.317, 181
Trd, 000149.567, 182
Trd, 000149.883, 182
Trd, 000150.933, 182
Trd, 000151.717, 181
Trd, 000151.783, 180
Trd, 000151.900, 169
Trd, 000151.917, 185
Trd, 000152.150, 158
Trd, 000152.683, 159
Trd, 000153.133, 156
Trd, 000153.933, 162
Trd, 000154.733, 161
Trd, 000154.917, 162
Trd, 000155.133, 160
Trd, 000155.267, 164
Trd, 000155.917, 183
Trd, 000156.800, 179
Trd, 000157.517, 159
Trd, 000158.083, 169
Trd, 000158.350, 166
Trd, 000159.000, 166
Trd, 000159.200, 158
Trd, 000159.533, 167
Trd, 000160.000, 160
Trd, 000160.867, 166
Trd, 000161.500, 165
Trd, 000161.533, 181
Trd, 000162.700, 189
Trd, 000163.267, 194
Trd, 000163.983, 186
Trd, 000164.733, 183
Trd, 000165.383, 183
Trd, 000165.817, 182
Trd, 000166.100, 181
Trd, 000166.117, 172
Trd, 000167.600, 180
Trd, 000167.667, 170
Trd, 000167.883, 160
Trd, 000168.350, 169
Trd, 000168.450, 158
Trd, 000169.117, 167
Trd, 000170.150, 163
Trd, 000170.217, 167
Trd, 000170.667, 167
Trd, 000171.683, 164
Trd, 000172.033, 163
Trd, 000172.267, 162
Trd, 000173.317, 160
Trd, 000174.283, 160
Trd, 000174.550, 160
Trd, 000174.817, 158
Trd, 000175.050, 156
Trd, 000175.217, 157
Trd, 000175.367, 166
Trd, 000175.533, 168
Trd, 000175.750, 155
Trd, 000177.050, 168
Trd, 000177.200, 182
Trd, 000179.217, 168
Trd, 000180.250, 170
Trd, 000180.933, 169
Trd, 000181.067, 168
Trd, 000181.267, 167
Trd, 000181.717, 167
Trd, 000182.033, 168
Trd, 000183.083, 167
Trd, 000183.200, 165
Trd, 000183.333, 168
Trd, 000183.350, 169
Trd, 000184.167, 183
Trd, 000184.533, 178
Trd, 000184.883, 164
Trd, 000184.917, 161
Trd, 000185.683, 184
Trd, 000185.983, 176
Trd, 000187.333, 181
Trd, 000187.650, 181
Trd, 000187.833, 178
Trd, 000188.783, 169
Trd, 000189.183, 182
Trd, 000189.233, 184
Trd, 000189.817, 174
Trd, 000190.750, 178
Trd, 000191.167, 177
Trd, 000191.217, 177
Trd, 000192.083, 170
Trd, 000192.750, 178
Trd, 000192.867, 178
Trd, 000193.667, 177
Trd, 000193.717, 179
Trd, 000193.833, 184
Trd, 000193.850, 170
Trd, 000194.700, 174
Trd, 000195.633, 170
Trd, 000195.933, 168
Trd, 000196.117, 170
Trd, 000196.717, 167
Trd, 000196.733, 166
Trd, 000196.783, 170
Trd, 000196.917, 165
Trd, 000197.417, 161
Trd, 000198.283, 167
Trd, 000200.033, 162
Trd, 000200.567, 163
Trd, 000200.617, 164
Trd, 000200.850, 165
Trd, 000201.250, 162
Trd, 000201.417, 167
Trd, 000202.283, 164
Trd, 000202.333, 165
Trd, 000202.917, 166
Trd, 000203.383, 168
Trd, 000203.567, 161
Trd, 000204.533, 171
Trd, 000204.583, 162
Trd, 000204.633, 185
Trd, 000205.517, 166
Trd, 000205.567, 163
Trd, 000205.817, 163
Trd, 000206.000, 171
Trd, 000207.217, 173
Trd, 000208.117, 172
Trd, 000209.200, 167
Trd, 000209.300, 188
Trd, 000210.300, 174
Trd, 000211.467, 179
Trd, 000211.800, 182
Trd, 000211.950, 180
Trd, 000212.017, 179
Trd, 000212.883, 172
Trd, 000213.267, 183
Trd, 000213.550, 187
Trd, 000214.217, 186
Trd, 000214.300, 187
Trd, 000215.717, 170
Trd, 000216.117, 170
Trd, 000216.167, 172
Trd, 000216.567, 175
Trd, 000217.667, 176
Trd, 000218.500, 172
Trd, 000218.933, 172
Trd, 000218.967, 171
Trd, 000219.433, 169
Trd, 000219.783, 173
Trd, 000220.617, 172
Trd, 000220.683, 169
Trd, 000221.167, 168
Trd, 000222.117, 165
Trd, 000222.133, 169
Trd, 000222.200, 173
Trd, 000223.333, 168
Trd, 000223.950, 173
Trd, 000224.083, 174
Trd, 000224.283, 175
Trd, 000224.433, 176
Trd, 000225.633, 173
Trd, 000225.733, 171
Trd, 000228.333, 179
Trd, 000228.800, 179
Trd, 000228.817, 176
Trd, 000229.017, 187
Trd, 000229.183, 188
Trd, 000229.750, 188
Trd, 000230.067, 176
Trd, 000230.950, 176
Trd, 000232.383, 180
Trd, 000233.367, 180
Trd, 000234.250, 180
Trd, 000234.717, 177
Trd, 000235.067, 178
Trd, 000235.767, 176
Trd, 000236.017, 175
Trd, 000236.450, 178
Trd, 000236.567, 172
Trd, 000237.033, 174
Trd, 000237.583, 175
Trd, 000238.583, 190
Trd, 000239.467, 174
Trd, 000239.717, 180
Trd, 000240.117, 181
Trd, 000240.567, 174
Trd, 000240.617, 172
Trd, 000241.067, 168
Trd, 000241.083, 169
Trd, 000241.567, 169
Trd, 000242.233, 169
Trd, 000242.533, 167
Trd, 000243.417, 166
Trd, 000244.217, 165
Trd, 000244.300, 168
Trd, 000244.317, 163
Trd, 000244.417, 169
Trd, 000244.433, 172
Trd, 000245.700, 167
Trd, 000245.833, 163
Trd, 000245.867, 169
Trd, 000246.017, 170
Trd, 000246.583, 181
Trd, 000247.000, 172
Trd, 000247.283, 175
Trd, 000247.767, 172
Trd, 000248.267, 168
Trd, 000248.383, 176
Trd, 000249.333, 183
Trd, 000249.500, 187
Trd, 000249.633, 190
Trd, 000249.767, 175
Trd, 000250.100, 173
Trd, 000250.333, 198
Trd, 000250.767, 175
Trd, 000251.150, 187
Trd, 000251.500, 188
Trd, 000251.567, 173
Trd, 000252.283, 183
Trd, 000252.950, 180
Trd, 000253.933, 179
Trd, 000254.183, 178
Trd, 000254.850, 179
Trd, 000255.150, 175
Trd, 000255.383, 173
Trd, 000255.717, 177
Trd, 000256.000, 171
Trd, 000256.100, 167
Trd, 000256.550, 175
Trd, 000258.067, 167
Trd, 000258.133, 169
Trd, 000258.333, 166
Trd, 000258.817, 166
Trd, 000258.933, 167
Trd, 000259.900, 161
Trd, 000260.017, 165
Trd, 000260.150, 169
Trd, 000260.250, 170
Trd, 000261.117, 171
Trd, 000261.283, 175
Trd, 000261.333, 177
Trd, 000261.667, 169
Trd, 000262.600, 175
Trd, 000262.667, 168
Trd, 000263.733, 173
Trd, 000263.750, 170
Trd, 000264.517, 177
Trd, 000264.567, 175
Trd, 000264.683, 177
Trd, 000265.167, 176
Trd, 000265.367, 176
Trd, 000265.750, 183
Trd, 000265.967, 182
Trd, 000266.583, 184
Trd, 000267.133, 182
Trd, 000267.733, 181
Trd, 000267.950, 178
Trd, 000268.317, 181
Trd, 000268.617, 182
Trd, 000269.617, 183
Trd, 000270.217, 183
Trd, 000270.300, 183
Trd, 000270.683, 185
Trd, 000271.067, 185
Trd, 000271.717, 184
Trd, 000271.817, 179
Trd, 000272.250, 180
Trd, 000272.433, 180
Trd, 000272.500, 181
Trd, 000273.033, 175
Trd, 000273.533, 171
Trd, 000273.600, 172
Trd, 000273.867, 171
Trd, 000274.383, 178
Trd, 000274.783, 179
Trd, 000274.900, 173
Trd, 000274.933, 181
Trd, 000275.683, 176
Trd, 000275.750, 175
Trd, 000276.233, 169
Trd, 000277.050, 182
Trd, 000278.100, 174
Trd, 000278.783, 174
Trd, 000279.967, 178
Trd, 000280.000, 178
Trd, 000280.100, 179
Trd, 000280.283, 185
Trd, 000280.300, 171
Trd, 000280.450, 190
Trd, 000281.267, 177
Trd, 000281.433, 174
Trd, 000281.883, 177
Trd, 000282.417, 173
Trd, 000282.783, 172
Trd, 000282.917, 173
Trd, 000283.133, 171
Trd, 000283.500, 165
Trd, 000283.783, 180
Trd, 000284.167, 182
Trd, 000284.233, 174
Trd, 000284.467, 182
Trd, 000284.967, 174
Trd, 000285.217, 182
Trd, 000285.967, 183
Trd, 000286.100, 174
Trd, 000287.183, 179
Trd, 000287.500, 187
Trd, 000287.800, 179
Trd, 000287.850, 175
Trd, 000288.250, 172
Trd, 000288.900, 172
Trd, 000289.533, 170
Trd, 000289.800, 173
Trd, 000290.400, 180
Trd, 000290.500, 174
Trd, 000290.517, 173
Trd, 000291.400, 169
Trd, 000291.417, 170
Trd, 000291.450, 166
Trd, 000291.500, 175
Trd, 000291.750, 174
Trd, 000292.483, 178
Trd, 000293.733, 173
Trd, 000293.883, 180
Trd, 000294.750, 173
Trd, 000295.400, 174
Trd, 000295.433, 172
Trd, 000295.700, 170
Trd, 000295.800, 168
Trd, 000295.983, 170
Trd, 000296.217, 178
Trd, 000297.150, 177
Trd, 000297.517, 178
Trd, 000297.717, 178
Trd, 000298.317, 169
Trd, 000298.417, 177
Trd, 000298.850, 173
Trd, 000299.267, 169
