Trd, 000000.883, 103
Trd, 000002.217, 172
Trd, 000002.500, 189
Trd, 000002.633, 194
Trd, 000003.233, 168
Trd, 000003.317, 167
Trd, 000003.350, 144
Trd, 000004.500, 134
Trd, 000004.583, 151
Trd, 000005.450, 142
Trd, 000006.033, 138
Trd, 000006.417, 133
Trd, 000007.217, 135
Trd, 000008.067, 132
Trd, 000008.550, 132
Trd, 000009.100, 138
Trd, 000009.650, 126
Trd, 000009.767, 126
Trd, 000010.233, 149
Trd, 000010.850, 146
Trd, 000011.133, 169
Trd, 000011.567, 179
Trd, 000012.017, 174
Trd, 000012.600, 173
Trd, 000013.167, 172
Trd, 000013.750, 172
Trd, 000013.983, 165
Trd, 000014.367, 164
Trd, 000014.400, 170
Trd, 000015.033, 163
Trd, 000016.817, 169
Trd, 000016.917, 161
Trd, 000017.333, 145
Trd, 000018.517, 154
Trd, 000018.567, 169
Trd, 000019.683, 163
Trd, 000020.417, 161
Trd, 000020.467, 155
Trd, 000020.617, 146
Trd, 000021.000, 151
Trd, 000021.833, 138
Trd, 000022.033, 145
Trd, 000023.183, 144
Trd, 000023.433, 141
Trd, 000023.567, 144
Trd, 000023.933, 153
Trd, 000024.133, 142
Trd, 000024.717, 150
Trd, 000024.817, 143
Trd, 000024.900, 149
Trd, 000025.317, 140
Trd, 000026.433, 150
Trd, 000027.200, 137
Trd, 000027.267, 165
Trd, 000027.383, 160
Trd, 000027.550, 136
Trd, 000029.817, 127
Trd, 000030.133, 134
Trd, 000030.467, 140
Trd, 000030.517, 137
Trd, 000031.100, 134
Trd, 000032.383, 136
Trd, 000033.000, 137
Trd, 000033.383, 137
Trd, 000033.850, 137
Trd, 000034.067, 140
Trd, 000035.200, 136
Trd, 000035.300, 134
Trd, 000035.567, 134
Trd, 000035.817, 135
Trd, 000036.233, 151
Trd, 000037.400, 166
Trd, 000037.783, 169
Trd, 000037.983, 163
Trd, 000038.617, 164
Trd, 000039.500, 165
Trd, 000039.683, 165
Trd, 000039.717, 148
Trd, 000040.633, 160
Trd, 000040.833, 172
Trd, 000040.883, 138
Trd, 000042.317, 148
Trd, 000042.833, 168
Trd, 000043.033, 155
Trd, 000043.550, 154
Trd, 000044.033, 152
Trd, 000044.150, 149
Trd, 000044.300, 148
Trd, 000044.600, 152
Trd, 000044.650, 153
Trd, 000045.067, 153
Trd, 000045.217, 142
Trd, 000045.550, 171
Trd, 000046.250, 158
Trd, 000046.317, 145
Trd, 000049.433, 147
Trd, 000049.917, 147
Trd, 000050.083, 139
Trd, 000050.233, 148
Trd, 000050.483, 149
Trd, 000050.833, 147
Trd, 000051.300, 147
Trd, 000051.533, 148
Trd, 000051.700, 145
Trd, 000052.700, 143
Trd, 000054.133, 163
Trd, 000054.300, 164
Trd, 000054.350, 148
Trd, 000054.633, 149
Trd, 000055.083, 139
Trd, 000055.850, 136
Trd, 000056.283, 136
Trd, 000057.117, 145
Trd, 000057.783, 148
Trd, 000057.833, 145
Trd, 000058.183, 143
Trd, 000058.450, 128
Trd, 000058.467, 162
Trd, 000058.733, 127
Trd, 000059.017, 173
Trd, 000059.183, 155
Trd, 000059.467, 158
Trd, 000059.617, 173
Trd, 000060.800, 160
Trd, 000061.050, 161
Trd, 000061.317, 135
Trd, 000062.117, 139
Trd, 000062.383, 140
Trd, 000062.533, 141
Trd, 000062.567, 161
Trd, 000063.833, 129
Trd, 000064.000, 127
Trd, 000066.667, 148
Trd, 000066.783, 150
Trd, 000068.283, 148
Trd, 000068.517, 149
Trd, 000068.967, 152
Trd, 000069.017, 149
Trd, 000069.500, 152
Trd, 000069.633, 153
Trd, 000069.683, 155
Trd, 000070.267, 143
Trd, 000072.533, 147
Trd, 000072.583, 148
Trd, 000072.767, 146
Trd, 000073.283, 175
Trd, 000073.317, 186
Trd, 000073.717, 147
Trd, 000073.950, 145
Trd, 000074.767, 143
Trd, 000075.517, 152
Trd, 000076.183, 153
Trd, 000076.300, 153
Trd, 000077.667, 150
Trd, 000078.933, 141
Trd, 000079.767, 147
Trd, 000079.783, 146
Trd, 000080.050, 142
Trd, 000080.183, 146
Trd, 000080.567, 146
Trd, 000080.783, 142
Trd, 000080.800, 146
Trd, 000081.133, 128
Trd, 000081.667, 138
Trd, 000081.783, 139
Trd, 000082.200, 156
Trd, 000082.600, 149
Trd, 000083.417, 150
Trd, 000084.933, 186
Trd, 000085.150, 170
Trd, 000085.267, 152
Trd, 000085.883, 150
Trd, 000086.217, 136
Trd, 000087.383, 143
Trd, 000088.550, 159
Trd, 000088.567, 161
Trd, 000088.783, 158
Trd, 000088.983, 154
Trd, 000089.950, 166
Trd, 000089.967, 160
Trd, 000090.017, 167
Trd, 000090.767, 163
Trd, 000092.450, 160
Trd, 000092.517, 159
Trd, 000092.600, 162
Trd, 000092.633, 162
Trd, 000093.167, 159
Trd, 000093.383, 158
Trd, 000093.950, 165
Trd, 000095.333, 158
Trd, 000096.250, 157
Trd, 000096.367, 158
Trd, 000096.850, 144
Trd, 000097.400, 144
Trd, 000098.800, 144
Trd, 000098.833, 134
Trd, 000099.000, 155
Trd, 000099.933, 154
Trd, 000100.933, 147
Trd, 000101.033, 149
Trd, 000101.183, 154
Trd, 000101.983, 157
Trd, 000102.350, 147
Trd, 000103.350, 177
Trd, 000103.533, 178
Trd, 000103.700, 172
Trd, 000103.867, 189
Trd, 000104.117, 158
Trd, 000104.533, 173
Trd, 000105.733, 173
Trd, 000106.250, 173
Trd, 000107.350, 163
Trd, 000107.383, 165
Trd, 000107.600, 166
Trd, 000108.417, 170
Trd, 000108.850, 164
Trd, 000109.133, 155
Trd, 000110.000, 146
Trd, 000110.350, 158
Trd, 000110.483, 150
Trd, 000110.550, 159
Trd, 000110.650, 145
Trd, 000110.917, 141
Trd, 000112.017, 155
Trd, 000112.283, 157
Trd, 000112.650, 160
Trd, 000113.483, 148
Trd, 000114.317, 155
Trd, 000114.783, 155
Trd, 000115.167, 153
Trd, 000115.517, 156
Trd, 000115.967, 146
Trd, 000117.600, 152
Trd, 000117.967, 151
Trd, 000118.017, 153
Trd, 000118.367, 151
Trd, 000118.933, 149
Trd, 000119.083, 146
Trd, 000119.417, 154
Trd, 000119.550, 136
Trd, 000120.050, 155
Trd, 000120.633, 160
Trd, 000121.217, 174
Trd, 000122.867, 125
Trd, 000124.400, 135
Trd, 000124.983, 134
Trd, 000125.567, 138
Trd, 000125.583, 142
Trd, 000126.117, 143
Trd, 000126.717, 137
Trd, 000127.467, 140
Trd, 000128.000, 139
Trd, 000128.067, 140
Trd, 000128.400, 138
Trd, 000128.883, 143
Trd, 000129.050, 150
Trd, 000130.133, 146
Trd, 000130.500, 148
Trd, 000131.083, 147
Trd, 000131.250, 161
Trd, 000131.867, 175
Trd, 000132.033, 165
Trd, 000132.050, 164
Trd, 000132.067, 157
Trd, 000132.550, 179
Trd, 000132.667, 159
Trd, 000132.767, 160
Trd, 000133.233, 159
Trd, 000134.267, 185
Trd, 000135.200, 175
Trd, 000135.233, 152
Trd, 000135.600, 151
Trd, 000135.950, 189
Trd, 000136.983, 175
Trd, 000137.200, 185
Trd, 000138.000, 175
Trd, 000138.300, 154
Trd, 000138.633, 180
Trd, 000138.867, 164
Trd, 000139.767, 167
Trd, 000140.117, 171
Trd, 000140.233, 166
Trd, 000141.650, 165
Trd, 000141.667, 165
Trd, 000141.817, 145
Trd, 000142.400, 158
Trd, 000142.667, 156
Trd, 000143.617, 170
Trd, 000144.083, 151
Trd, 000144.800, 156
Trd, 000145.050, 157
Trd, 000145.417, 154
Trd, 000147.417, 154
Trd, 000147.733, 150
Trd, 000147.933, 148
Trd, 000148.817, 152
Trd, 000149.300, 154
Trd, 000149.650, 154
Trd, 000149.933, 150
Trd, 000150.367, 154
Trd, 000150.450, 163
Trd, 000150.567, 151
Trd, 000150.800, 165
Trd, 000150.967, 193
Trd, 000151.967, 177
Trd, 000152.233, 194
Trd, 000153.583, 187
Trd, 000153.600, 180
Trd, 000153.750, 187
Trd, 000154.117, 186
Trd, 000155.300, 180
Trd, 000155.700, 179
Trd, 000155.950, 159
Trd, 000156.117, 149
Trd, 000156.900, 150
Trd, 000157.083, 173
Trd, 000157.700, 147
Trd, 000157.733, 139
Trd, 000158.400, 150
Trd, 000158.533, 165
Trd, 000158.700, 161
Trd, 000159.117, 159
Trd, 000159.733, 198
Trd, 000159.983, 188
Trd, 000160.650, 183
Trd, 000161.633, 182
Trd, 000163.050, 138
Trd, 000163.083, 157
Trd, 000163.333, 146
Trd, 000163.467, 147
Trd, 000163.650, 137
Trd, 000164.033, 149
Trd, 000164.733, 143
Trd, 000164.917, 150
Trd, 000165.000, 164
Trd, 000166.133, 160
Trd, 000167.750, 157
Trd, 000168.367, 160
Trd, 000168.567, 156
Trd, 000169.017, 157
Trd, 000169.033, 155
Trd, 000169.050, 159
Trd, 000169.483, 154
Trd, 000169.900, 153
Trd, 000170.500, 154
Trd, 000170.750, 158
Trd, 000170.850, 151
Trd, 000170.983, 185
Trd, 000172.250, 167
Trd, 000172.850, 152
Trd, 000173.217, 144
Trd, 000173.450, 139
Trd, 000173.883, 150
Trd, 000174.017, 148
Trd, 000174.333, 147
Trd, 000175.483, 145
Trd, 000175.717, 152
Trd, 000175.833, 154
Trd, 000175.900, 165
Trd, 000176.617, 185
Trd, 000177.933, 192
Trd, 000178.067, 190
Trd, 000178.200, 192
Trd, 000178.217, 193
Trd, 000178.900, 183
Trd, 000178.950, 180
Trd, 000179.767, 181
Trd, 000179.783, 168
Trd, 000181.950, 174
Trd, 000182.233, 176
Trd, 000182.317, 162
Trd, 000182.450, 177
Trd, 000182.750, 178
Trd, 000182.917, 168
Trd, 000183.467, 185
Trd, 000183.617, 173
Trd, 000183.833, 186
Trd, 000183.917, 174
Trd, 000185.567, 181
Trd, 000186.500, 174
Trd, 000186.867, 175
Trd, 000187.383, 169
Trd, 000187.783, 162
Trd, 000188.067, 152
Trd, 000188.350, 158
Trd, 000188.667, 158
Trd, 000189.067, 159
Trd, 000189.817, 159
Trd, 000190.283, 160
Trd, 000190.617, 159
Trd, 000190.867, 167
Trd, 000191.450, 175
Trd, 000192.117, 181
Trd, 000193.500, 174
Trd, 000193.867, 174
Trd, 000194.300, 185
Trd, 000194.900, 163
Trd, 000194.983, 175
Trd, 000195.133, 176
Trd, 000195.950, 173
Trd, 000196.250, 176
Trd, 000197.400, 182
Trd, 000197.700, 177
Trd, 000198.967, 165
Trd, 000199.983, 164
Trd, 000200.067, 173
Trd, 000200.367, 174
Trd, 000200.750, 176
Trd, 000201.150, 168
Trd, 000201.717, 177
Trd, 000202.333, 164
Trd, 000202.383, 163
Trd, 000203.350, 169
Trd, 000204.917, 164
Trd, 000205.217, 167
Trd, 000205.433, 167
Trd, 000205.583, 168
Trd, 000205.800, 163
Trd, 000206.000, 161
Trd, 000207.967, 165
Trd, 000208.000, 163
Trd, 000208.633, 169
Trd, 000209.367, 164
Trd, 000210.217, 166
Trd, 000210.967, 167
Trd, 000211.383, 166
Trd, 000211.533, 164
Trd, 000211.900, 161
Trd, 000212.000, 160
Trd, 000212.067, 167
Trd, 000212.533, 155
Trd, 000213.550, 167
Trd, 000213.983, 165
Trd, 000214.383, 163
Trd, 000214.783, 162
Trd, 000215.417, 162
Trd, 000215.667, 161
Trd, 000215.783, 163
Trd, 000215.900, 165
Trd, 000216.000, 160
Trd, 000216.367, 169
Trd, 000216.717, 153
Trd, 000216.867, 149
Trd, 000217.833, 184
Trd, 000218.300, 184
Trd, 000218.817, 166
Trd, 000219.200, 175
Trd, 000219.450, 151
Trd, 000220.450, 170
Trd, 000221.200, 171
Trd, 000224.083, 169
Trd, 000224.350, 165
Trd, 000224.850, 164
Trd, 000225.150, 165
Trd, 000225.233, 167
Trd, 000225.267, 170
Trd, 000225.283, 163
Trd, 000225.417, 170
Trd, 000227.667, 163
Trd, 000228.117, 171
Trd, 000228.700, 171
Trd, 000230.433, 163
Trd, 000231.117, 166
Trd, 000231.450, 167
Trd, 000231.933, 165
Trd, 000232.100, 166
Trd, 000232.683, 167
Trd, 000232.717, 163
Trd, 000233.200, 162
Trd, 000233.250, 166
Trd, 000233.383, 168
Trd, 000233.867, 174
Trd, 000234.883, 179
Trd, 000235.100, 177
Trd, 000235.300, 167
Trd, 000235.667, 173
Trd, 000236.517, 170
Trd, 000237.367, 158
Trd, 000237.900, 172
Trd, 000238.033, 172
Trd, 000238.050, 162
Trd, 000238.500, 177
Trd, 000240.383, 172
Trd, 000240.850, 172
Trd, 000240.933, 175
Trd, 000241.017, 171
Trd, 000241.167, 169
Trd, 000241.867, 172
Trd, 000242.350, 171
Trd, 000242.667, 172
Trd, 000243.483, 179
Trd, 000243.650, 177
Trd, 000243.800, 175
Trd, 000244.300, 175
Trd, 000244.500, 173
Trd, 000245.467, 178
Trd, 000245.567, 180
Trd, 000245.667, 175
Trd, 000246.400, 179
Trd, 000246.483, 177
Trd, 000246.933, 179
Trd, 000247.650, 176
Trd, 000248.233, 177
Trd, 000248.300, 179
Trd, 000248.550, 179
Trd, 000248.750, 182
Trd, 000249.150, 187
Trd, 000250.083, 184
Trd, 000250.417, 186
Trd, 000251.100, 190
Trd, 000251.350, 184
Trd, 000251.467, 183
Trd, 000252.167, 173
Trd, 000252.233, 162
Trd, 000252.667, 171
Trd, 000253.417, 169
Trd, 000254.650, 166
Trd, 000254.833, 166
Trd, 000255.067, 165
Trd, 000255.233, 173
Trd, 000256.050, 169
Trd, 000256.217, 170
Trd, 000256.967, 169
Trd, 000257.650, 172
Trd, 000258.300, 173
Trd, 000258.400, 174
Trd, 000259.067, 190
Trd, 000259.500, 181
Trd, 000259.967, 177
Trd, 000260.200, 192
Trd, 000260.433, 191
Trd, 000260.683, 190
Trd, 000260.833, 190
Trd, 000260.933, 192
Trd, 000261.150, 186
Trd, 000261.817, 194
Trd, 000262.983, 174
Trd, 000263.950, 170
Trd, 000264.050, 189
Trd, 000264.333, 178
Trd, 000264.733, 174
Trd, 000265.283, 188
Trd, 000265.350, 189
Trd, 000265.817, 183
Trd, 000265.900, 191
Trd, 000266.550, 178
Trd, 000266.867, 179
Trd, 000267.433, 183
Trd, 000267.450, 178
Trd, 000267.817, 182
Trd, 000268.483, 180
Trd, 000269.117, 184
Trd, 000270.583, 180
Trd, 000270.650, 183
Trd, 000271.000, 178
Trd, 000271.033, 180
Trd, 000271.100, 180
Trd, 000271.633, 178
Trd, 000271.667, 181
Trd, 000271.817, 178
Trd, 000272.333, 175
Trd, 000273.267, 180
Trd, 000274.367, 178
Trd, 000275.050, 179
Trd, 000275.417, 179
Trd, 000275.517, 176
Trd, 000275.683, 181
Trd, 000275.733, 182
Trd, 000275.950, 180
Trd, 000276.967, 182
Trd, 000277.517, 186
Trd, 000277.950, 185
Trd, 000278.233, 179
Trd, 000278.383, 185
Trd, 000278.567, 196
Trd, 000279.017, 165
Trd, 000279.150, 176
Trd, 000279.183, 208
Trd, 000279.600, 176
Trd, 000279.617, 171
Trd, 000279.850, 208
Trd, 000281.050, 180
Trd, 000281.817, 181
Trd, 000282.033, 182
Trd, 000282.550, 178
Trd, 000282.933, 179
Trd, 000283.883, 192
Trd, 000284.167, 193
Trd, 000284.483, 181
Trd, 000284.500, 192
Trd, 000285.100, 193
Trd, 000285.833, 193
Trd, 000286.233, 191
Trd, 000286.267, 176
Trd, 000286.983, 189
Trd, 000287.217, 183
Trd, 000287.433, 183
Trd, 000288.133, 185
Trd, 000288.433, 181
Trd, 000288.450, 185
Trd, 000288.850, 177
Trd, 000289.450, 173
Trd, 000290.667, 184
Trd, 000291.367, 179
Trd, 000291.700, 174
Trd, 000291.783, 182
Trd, 000292.333, 175
Trd, 000292.800, 184
Trd, 000293.500, 177
Trd, 000293.617, 183
Trd, 000294.083, 180
Trd, 000294.250, 175
Trd, 000294.600, 182
Trd, 000294.683, 175
Trd, 000295.433, 173
Trd, 000295.533, 179
Trd, 000296.267, 181
Trd, 000296.717, 182
Trd, 000296.883, 183
Trd, 000296.950, 171
Trd, 000297.850, 176
Trd, 000297.883, 183
Trd, 000298.433, 180
Trd, 000298.583, 167
Trd, 000298.817, 180
