Trd, 000001.367, 118
Trd, 000002.317, 161
Trd, 000002.800, 134
Trd, 000003.483, 124
Trd, 000003.933, 136
Trd, 000004.500, 154
Trd, 000005.350, 152
Trd, 000005.433, 132
Trd, 000006.400, 132
Trd, 000006.683, 134
Trd, 000007.150, 140
Trd, 000008.167, 135
Trd, 000008.633, 140
Trd, 000008.683, 141
Trd, 000010.033, 142
Trd, 000010.250, 142
Trd, 000010.700, 140
Trd, 000010.750, 135
Trd, 000011.183, 137
Trd, 000011.850, 141
Trd, 000012.500, 142
Trd, 000013.050, 137
Trd, 000013.817, 141
Trd, 000014.100, 136
Trd, 000014.267, 142
Trd, 000015.283, 142
Trd, 000015.400, 149
Trd, 000016.967, 157
Trd, 000017.033, 149
Trd, 000017.733, 160
Trd, 000018.017, 157
Trd, 000018.083, 149
Trd, 000018.517, 174
Trd, 000018.733, 170
Trd, 000020.033, 158
Trd, 000020.383, 159
Trd, 000022.183, 159
Trd, 000022.317, 157
Trd, 000022.667, 150
Trd, 000024.033, 153
Trd, 000024.400, 140
Trd, 000024.967, 148
Trd, 000025.467, 152
Trd, 000025.717, 153
Trd, 000025.983, 143
Trd, 000026.500, 164
Trd, 000028.417, 146
Trd, 000029.017, 156
Trd, 000029.650, 153
Trd, 000029.750, 147
Trd, 000031.883, 151
Trd, 000032.167, 149
Trd, 000032.833, 150
Trd, 000033.150, 151
Trd, 000033.167, 152
Trd, 000033.817, 175
Trd, 000033.967, 139
Trd, 000035.333, 156
Trd, 000035.533, 150
Trd, 000036.167, 149
Trd, 000036.767, 140
Trd, 000037.533, 151
Trd, 000037.883, 152
Trd, 000038.817, 152
Trd, 000039.050, 151
Trd, 000039.317, 153
Trd, 000039.383, 153
Trd, 000039.400, 166
Trd, 000039.850, 150
Trd, 000042.367, 151
Trd, 000042.417, 156
Trd, 000043.017, 155
Trd, 000044.283, 154
Trd, 000044.583, 150
Trd, 000044.800, 152
Trd, 000045.133, 151
Trd, 000045.583, 150
Trd, 000045.633, 151
Trd, 000046.017, 148
Trd, 000046.600, 149
Trd, 000047.000, 152
Trd, 000047.150, 150
Trd, 000047.167, 148
Trd, 000048.067, 166
Trd, 000049.017, 147
Trd, 000049.650, 156
Trd, 000050.183, 148
Trd, 000052.317, 151
Trd, 000052.450, 149
Trd, 000052.883, 149
Trd, 000052.950, 147
Trd, 000053.100, 142
Trd, 000053.400, 145
Trd, 000054.533, 144
Trd, 000054.567, 151
Trd, 000054.867, 143
Trd, 000056.383, 150
Trd, 000056.650, 153
Trd, 000056.700, 152
Trd, 000057.067, 154
Trd, 000057.300, 142
Trd, 000058.300, 144
Trd, 000058.450, 156
Trd, 000059.433, 166
Trd, 000061.117, 147
Trd, 000061.700, 152
Trd, 000062.100, 152
Trd, 000062.717, 149
Trd, 000063.533, 147
Trd, 000064.367, 150
Trd, 000064.983, 147
Trd, 000065.217, 148
Trd, 000066.100, 149
Trd, 000066.583, 149
Trd, 000067.800, 150
Trd, 000068.717, 147
Trd, 000068.983, 151
Trd, 000070.833, 155
Trd, 000071.000, 152
Trd, 000071.417, 152
Trd, 000072.017, 153
Trd, 000072.500, 152
Trd, 000072.983, 150
Trd, 000073.467, 150
Trd, 000073.567, 153
Trd, 000074.267, 150
Trd, 000074.433, 150
Trd, 000074.500, 152
Trd, 000076.517, 154
Trd, 000077.083, 149
Trd, 000077.867, 150
Trd, 000078.600, 144
Trd, 000078.900, 152
Trd, 000078.967, 139
Trd, 000078.983, 156
Trd, 000079.750, 162
Trd, 000080.867, 156
Trd, 000081.700, 156
Trd, 000081.917, 157
Trd, 000082.300, 160
Trd, 000082.433, 158
Trd, 000082.583, 156
Trd, 000084.017, 160
Trd, 000084.417, 159
Trd, 000085.133, 160
Trd, 000085.500, 160
Trd, 000085.617, 159
Trd, 000087.067, 156
Trd, 000088.467, 161
Trd, 000089.150, 161
Trd, 000089.450, 160
Trd, 000090.700, 159
Trd, 000090.850, 160
Trd, 000091.350, 159
Trd, 000092.133, 157
Trd, 000092.533, 159
Trd, 000092.683, 158
Trd, 000093.217, 159
Trd, 000094.567, 158
Trd, 000094.933, 157
Trd, 000095.450, 159
Trd, 000096.000, 161
Trd, 000097.617, 162
Trd, 000097.650, 161
Trd, 000098.467, 159
Trd, 000099.267, 158
Trd, 000099.517, 160
Trd, 000099.983, 145
Trd, 000101.050, 155
Trd, 000101.433, 157
Trd, 000102.417, 156
Trd, 000102.867, 156
Trd, 000102.900, 153
Trd, 000102.950, 146
Trd, 000103.217, 146
Trd, 000103.783, 146
Trd, 000103.883, 145
Trd, 000106.100, 145
Trd, 000106.633, 146
Trd, 000107.683, 149
Trd, 000107.800, 154
Trd, 000108.067, 155
Trd, 000108.650, 154
Trd, 000108.933, 156
Trd, 000109.850, 153
Trd, 000111.417, 156
Trd, 000112.083, 155
Trd, 000112.417, 155
Trd, 000112.500, 157
Trd, 000113.550, 159
Trd, 000114.117, 158
Trd, 000114.750, 157
Trd, 000115.000, 156
Trd, 000115.433, 158
Trd, 000115.950, 153
Trd, 000116.600, 149
Trd, 000117.433, 150
Trd, 000118.350, 157
Trd, 000119.883, 155
Trd, 000120.450, 154
Trd, 000120.467, 152
Trd, 000121.350, 148
Trd, 000122.333, 147
Trd, 000122.867, 153
Trd, 000123.100, 153
Trd, 000123.183, 153
Trd, 000123.300, 154
Trd, 000123.933, 153
Trd, 000124.833, 154
Trd, 000125.683, 153
Trd, 000125.733, 154
Trd, 000126.033, 152
Trd, 000126.300, 155
Trd, 000128.017, 151
Trd, 000128.517, 152
Trd, 000128.717, 154
Trd, 000128.800, 154
Trd, 000131.267, 152
Trd, 000131.383, 151
Trd, 000132.617, 153
Trd, 000133.000, 148
Trd, 000135.333, 154
Trd, 000135.350, 154
Trd, 000135.833, 151
Trd, 000135.900, 151
Trd, 000136.050, 150
Trd, 000136.883, 150
Trd, 000137.167, 153
Trd, 000137.733, 155
Trd, 000137.867, 149
Trd, 000138.717, 149
Trd, 000139.383, 150
Trd, 000140.467, 156
Trd, 000141.483, 152
Trd, 000141.783, 153
Trd, 000141.867, 154
Trd, 000142.050, 151
Trd, 000143.083, 156
Trd, 000143.467, 155
Trd, 000144.967, 155
Trd, 000145.450, 154
Trd, 000145.700, 154
Trd, 000146.750, 155
Trd, 000147.617, 163
Trd, 000148.033, 157
Trd, 000148.683, 157
Trd, 000148.733, 156
Trd, 000149.233, 158
Trd, 000149.350, 160
Trd, 000150.067, 162
Trd, 000150.917, 161
Trd, 000152.617, 163
Trd, 000153.150, 163
Trd, 000153.933, 164
Trd, 000154.800, 177
Trd, 000154.867, 187
Trd, 000155.733, 165
Trd, 000156.350, 164
Trd, 000156.650, 163
Trd, 000156.750, 168
Trd, 000156.900, 151
Trd, 000156.950, 167
Trd, 000159.733, 158
Trd, 000160.233, 158
Trd, 000160.517, 157
Trd, 000160.600, 158
Trd, 000161.317, 158
Trd, 000162.267, 157
Trd, 000162.467, 157
Trd, 000162.683, 157
Trd, 000163.317, 156
Trd, 000163.900, 157
Trd, 000164.150, 156
Trd, 000164.233, 158
Trd, 000165.467, 156
Trd, 000165.650, 161
Trd, 000166.150, 155
Trd, 000167.117, 164
Trd, 000167.550, 152
Trd, 000167.917, 150
Trd, 000168.300, 166
Trd, 000170.517, 159
Trd, 000171.233, 158
Trd, 000171.250, 156
Trd, 000171.667, 160
Trd, 000172.800, 159
Trd, 000173.033, 161
Trd, 000173.383, 165
Trd, 000174.017, 160
Trd, 000175.067, 157
Trd, 000175.400, 160
Trd, 000175.633, 160
Trd, 000175.683, 161
Trd, 000175.950, 160
Trd, 000176.450, 159
Trd, 000176.567, 158
Trd, 000177.183, 160
Trd, 000177.300, 164
Trd, 000177.317, 153
Trd, 000177.800, 180
Trd, 000178.750, 189
Trd, 000179.700, 171
Trd, 000179.883, 166
Trd, 000181.050, 167
Trd, 000181.767, 156
Trd, 000182.483, 165
Trd, 000183.250, 164
Trd, 000183.550, 165
Trd, 000184.283, 163
Trd, 000185.767, 164
Trd, 000186.233, 164
Trd, 000186.700, 165
Trd, 000186.983, 165
Trd, 000187.850, 164
Trd, 000187.983, 164
Trd, 000188.367, 162
Trd, 000189.167, 161
Trd, 000189.333, 153
Trd, 000190.350, 153
Trd, 000190.817, 159
Trd, 000191.017, 161
Trd, 000191.133, 160
Trd, 000191.167, 162
Trd, 000192.117, 163
Trd, 000192.700, 190
Trd, 000192.750, 162
Trd, 000192.933, 161
Trd, 000193.267, 150
Trd, 000194.017, 179
Trd, 000194.567, 179
Trd, 000197.450, 169
Trd, 000197.683, 172
Trd, 000198.267, 165
Trd, 000200.250, 166
Trd, 000200.867, 168
Trd, 000201.033, 168
Trd, 000201.633, 166
Trd, 000202.050, 163
Trd, 000202.450, 165
Trd, 000202.683, 164
Trd, 000203.317, 156
Trd, 000203.550, 164
Trd, 000203.883, 163
Trd, 000204.483, 159
Trd, 000205.017, 158
Trd, 000205.917, 168
Trd, 000207.250, 182
Trd, 000208.067, 190
Trd, 000208.800, 191
Trd, 000209.000, 189
Trd, 000210.333, 189
Trd, 000210.350, 182
Trd, 000211.083, 182
Trd, 000212.867, 163
Trd, 000213.133, 177
Trd, 000213.683, 177
Trd, 000214.383, 175
Trd, 000214.433, 169
Trd, 000214.967, 175
Trd, 000215.667, 174
Trd, 000216.367, 175
Trd, 000217.083, 176
Trd, 000217.133, 171
Trd, 000217.150, 169
Trd, 000217.817, 157
Trd, 000219.683, 175
Trd, 000219.767, 176
Trd, 000220.300, 177
Trd, 000220.883, 177
Trd, 000221.000, 176
Trd, 000222.100, 177
Trd, 000223.417, 174
Trd, 000223.933, 173
Trd, 000224.683, 171
Trd, 000225.300, 171
Trd, 000225.317, 172
Trd, 000225.517, 170
Trd, 000225.567, 173
Trd, 000226.250, 166
Trd, 000226.417, 177
Trd, 000227.000, 166
Trd, 000227.167, 158
Trd, 000227.800, 172
Trd, 000228.050, 173
Trd, 000229.300, 167
Trd, 000231.050, 170
Trd, 000231.300, 171
Trd, 000231.350, 172
Trd, 000231.817, 171
Trd, 000231.867, 172
Trd, 000232.850, 170
Trd, 000233.800, 169
Trd, 000233.867, 158
Trd, 000235.283, 165
Trd, 000235.483, 164
Trd, 000235.500, 170
Trd, 000235.583, 171
Trd, 000237.367, 163
Trd, 000237.683, 164
Trd, 000238.133, 164
Trd, 000239.067, 160
Trd, 000239.400, 165
Trd, 000240.683, 162
Trd, 000240.783, 164
Trd, 000240.967, 162
Trd, 000241.183, 163
Trd, 000241.417, 161
Trd, 000241.617, 161
Trd, 000242.100, 162
Trd, 000242.117, 165
Trd, 000242.667, 165
Trd, 000242.850, 164
Trd, 000243.333, 166
Trd, 000243.450, 160
Trd, 000244.200, 164
Trd, 000244.500, 165
Trd, 000244.833, 161
Trd, 000245.850, 163
Trd, 000246.150, 162
Trd, 000246.950, 162
Trd, 000247.617, 164
Trd, 000247.800, 166
Trd, 000248.100, 166
Trd, 000248.783, 169
Trd, 000249.100, 179
Trd, 000249.117, 187
Trd, 000250.683, 182
Trd, 000250.817, 179
Trd, 000251.133, 181
Trd, 000251.517, 180
Trd, 000252.617, 179
Trd, 000253.167, 176
Trd, 000253.383, 179
Trd, 000253.867, 180
Trd, 000254.350, 181
Trd, 000254.750, 179
Trd, 000255.167, 175
Trd, 000255.350, 179
Trd, 000256.467, 161
Trd, 000256.917, 177
Trd, 000257.083, 178
Trd, 000257.517, 177
Trd, 000257.633, 175
Trd, 000257.867, 174
Trd, 000257.967, 174
Trd, 000258.000, 167
Trd, 000258.067, 160
Trd, 000258.833, 167
Trd, 000259.550, 163
Trd, 000259.667, 175
Trd, 000260.483, 179
Trd, 000261.250, 175
Trd, 000261.983, 166
Trd, 000262.567, 163
Trd, 000262.767, 174
Trd, 000263.450, 166
Trd, 000263.883, 172
Trd, 000264.567, 174
Trd, 000264.917, 169
Trd, 000265.250, 171
Trd, 000265.800, 170
Trd, 000265.967, 168
Trd, 000266.583, 169
Trd, 000267.233, 170
Trd, 000267.267, 171
Trd, 000267.817, 172
Trd, 000268.200, 172
Trd, 000268.850, 174
Trd, 000268.883, 175
Trd, 000270.067, 175
Trd, 000270.267, 181
Trd, 000270.283, 179
Trd, 000271.667, 176
Trd, 000271.850, 172
Trd, 000272.183, 174
Trd, 000272.383, 172
Trd, 000272.550, 174
Trd, 000273.717, 173
Trd, 000274.000, 172
Trd, 000274.133, 175
Trd, 000274.450, 173
Trd, 000275.633, 174
Trd, 000275.683, 175
Trd, 000276.000, 174
Trd, 000276.117, 175
Trd, 000276.300, 172
Trd, 000277.533, 173
Trd, 000277.567, 174
Trd, 000277.850, 183
Trd, 000278.533, 181
Trd, 000278.550, 185
Trd, 000279.283, 176
Trd, 000279.517, 175
Trd, 000280.067, 172
Trd, 000281.150, 176
Trd, 000281.217, 177
Trd, 000281.333, 180
Trd, 000281.583, 190
Trd, 000281.883, 176
Trd, 000281.917, 177
Trd, 000281.950, 175
Trd, 000282.000, 191
Trd, 000282.233, 169
Trd, 000283.950, 190
Trd, 000284.117, 182
Trd, 000284.333, 172
Trd, 000284.900, 176
Trd, 000284.933, 175
Trd, 000285.533, 179
Trd, 000285.700, 170
Trd, 000287.183, 180
Trd, 000287.233, 180
Trd, 000287.467, 182
Trd, 000287.733, 182
Trd, 000288.333, 182
Trd, 000288.817, 184
Trd, 000289.817, 181
Trd, 000291.083, 183
Trd, 000291.517, 183
Trd, 000291.867, 182
Trd, 000292.183, 184
Trd, 000292.250, 182
Trd, 000292.617, 184
Trd, 000293.217, 182
Trd, 000293.550, 183
Trd, 000293.783, 182
Trd, 000294.000, 177
Trd, 000294.783, 173
Trd, 000295.550, 174
Trd, 000295.917, 175
Trd, 000296.017, 175
Trd, 000296.083, 176
Trd, 000296.267, 166
Trd, 000296.533, 184
Trd, 000296.950, 174
Trd, 000297.283, 179
Trd, 000297.667, 170
Trd, 000297.950, 164
Trd, 000298.933, 174
Trd, 000299.633, 167
Trd, 000299.667, 173
Trd, 000299.750, 178
Trd, 000299.800, 166
Trd, 000299.950, 178
