Trd, 000002.083, 100
Trd, 000003.700, 125
Trd, 000003.750, 127
Trd, 000003.817, 130
Trd, 000004.017, 118
Trd, 000004.117, 131
Trd, 000004.217, 147
Trd, 000004.717, 148
Trd, 000005.983, 157
Trd, 000006.150, 157
Trd, 000006.750, 155
Trd, 000006.883, 153
Trd, 000007.450, 152
Trd, 000007.683, 153
Trd, 000007.850, 152
Trd, 000008.367, 159
Trd, 000009.667, 149
Trd, 000009.683, 143
Trd, 000010.967, 144
Trd, 000011.100, 149
Trd, 000012.150, 144
Trd, 000012.183, 151
Trd, 000012.517, 153
Trd, 000012.700, 142
Trd, 000013.017, 133
Trd, 000013.450, 155
Trd, 000014.833, 148
Trd, 000017.133, 153
Trd, 000017.200, 148
Trd, 000017.550, 148
Trd, 000018.100, 148
Trd, 000018.133, 153
Trd, 000018.283, 142
Trd, 000018.883, 154
Trd, 000019.767, 154
Trd, 000019.917, 160
Trd, 000020.333, 164
Trd, 000020.883, 154
Trd, 000021.350, 151
Trd, 000022.850, 150
Trd, 000024.150, 154
Trd, 000024.200, 155
Trd, 000024.417, 154
Trd, 000024.833, 157
Trd, 000025.000, 157
Trd, 000025.017, 153
Trd, 000025.233, 158
Trd, 000027.083, 153
Trd, 000028.717, 155
Trd, 000029.150, 153
Trd, 000029.217, 157
Trd, 000029.467, 154
Trd, 000029.700, 158
Trd, 000029.783, 158
Trd, 000030.833, 151
Trd, 000031.467, 144
Trd, 000031.617, 134
Trd, 000032.317, 140
Trd, 000032.550, 151
Trd, 000032.667, 159
Trd, 000034.233, 149
Trd, 000034.367, 150
Trd, 000034.833, 150
Trd, 000035.067, 146
Trd, 000035.650, 158
Trd, 000036.067, 154
Trd, 000036.783, 160
Trd, 000037.500, 154
Trd, 000038.467, 153
Trd, 000039.000, 156
Trd, 000039.333, 158
Trd, 000040.083, 154
Trd, 000041.500, 158
Trd, 000041.800, 154
Trd, 000042.067, 154
Trd, 000042.200, 153
Trd, 000042.317, 159
Trd, 000043.350, 152
Trd, 000043.617, 148
Trd, 000043.667, 156
Trd, 000043.967, 156
Trd, 000044.000, 156
Trd, 000044.133, 156
Trd, 000045.950, 156
Trd, 000047.617, 157
Trd, 000047.733, 163
Trd, 000047.850, 166
Trd, 000047.967, 155
Trd, 000049.000, 158
Trd, 000049.500, 158
Trd, 000050.333, 158
Trd, 000050.783, 159
Trd, 000052.100, 159
Trd, 000052.167, 157
Trd, 000053.433, 168
Trd, 000053.667, 160
Trd, 000053.950, 156
Trd, 000054.100, 160
Trd, 000054.833, 156
Trd, 000054.983, 155
Trd, 000055.367, 153
Trd, 000056.533, 146
Trd, 000056.817, 160
Trd, 000057.417, 157
Trd, 000058.450, 137
Trd, 000059.433, 144
Trd, 000059.933, 143
Trd, 000060.117, 141
Trd, 000060.700, 143
Trd, 000061.300, 139
Trd, 000061.467, 154
Trd, 000061.717, 161
Trd, 000062.083, 138
Trd, 000062.633, 152
Trd, 000063.267, 155
Trd, 000063.567, 154
Trd, 000064.067, 154
Trd, 000064.850, 154
Trd, 000067.283, 154
Trd, 000067.667, 155
Trd, 000068.100, 156
Trd, 000068.283, 151
Trd, 000068.967, 154
Trd, 000069.100, 147
Trd, 000069.817, 162
Trd, 000070.200, 161
Trd, 000070.500, 157
Trd, 000070.600, 162
Trd, 000071.150, 163
Trd, 000071.667, 156
Trd, 000071.700, 148
Trd, 000072.200, 144
Trd, 000073.433, 155
Trd, 000074.217, 154
Trd, 000074.367, 160
Trd, 000075.100, 157
Trd, 000075.183, 156
Trd, 000076.367, 160
Trd, 000076.567, 162
Trd, 000077.000, 158
Trd, 000078.600, 160
Trd, 000078.817, 161
Trd, 000079.767, 159
Trd, 000079.867, 158
Trd, 000080.217, 157
Trd, 000080.283, 160
Trd, 000081.133, 159
Trd, 000081.217, 160
Trd, 000081.917, 160
Trd, 000083.667, 159
Trd, 000083.683, 159
Trd, 000083.867, 160
Trd, 000083.933, 163
Trd, 000084.283, 161
Trd, 000085.417, 158
Trd, 000085.950, 158
Trd, 000086.233, 163
Trd, 000086.450, 156
Trd, 000087.133, 160
Trd, 000087.483, 163
Trd, 000088.383, 160
Trd, 000088.900, 163
Trd, 000089.517, 163
Trd, 000089.650, 158
Trd, 000089.683, 157
Trd, 000090.100, 160
Trd, 000091.733, 155
Trd, 000092.367, 158
Trd, 000092.867, 159
Trd, 000093.567, 158
Trd, 000093.683, 164
Trd, 000094.100, 167
Trd, 000094.267, 157
Trd, 000095.333, 157
Trd, 000096.650, 157
Trd, 000098.733, 159
Trd, 000099.617, 158
Trd, 000099.717, 156
Trd, 000099.833, 157
Trd, 000100.150, 158
Trd, 000100.467, 158
Trd, 000100.567, 158
Trd, 000101.267, 158
Trd, 000101.650, 155
Trd, 000101.867, 159
Trd, 000103.300, 158
Trd, 000103.917, 160
Trd, 000104.167, 157
Trd, 000104.850, 158
Trd, 000104.900, 160
Trd, 000105.233, 165
Trd, 000105.950, 162
Trd, 000106.400, 163
Trd, 000106.583, 169
Trd, 000106.700, 162
Trd, 000107.033, 160
Trd, 000108.717, 163
Trd, 000109.200, 165
Trd, 000109.267, 166
Trd, 000109.433, 160
Trd, 000110.633, 165
Trd, 000111.983, 162
Trd, 000112.217, 159
Trd, 000112.733, 167
Trd, 000113.400, 167
Trd, 000115.550, 160
Trd, 000115.583, 161
Trd, 000116.833, 162
Trd, 000117.033, 162
Trd, 000117.300, 161
Trd, 000117.450, 169
Trd, 000117.533, 160
Trd, 000117.833, 160
Trd, 000118.533, 169
Trd, 000118.717, 159
Trd, 000119.850, 164
Trd, 000120.450, 162
Trd, 000120.950, 160
Trd, 000121.583, 154
Trd, 000122.083, 164
Trd, 000122.117, 165
Trd, 000122.317, 153
Trd, 000122.550, 159
Trd, 000123.633, 158
Trd, 000124.583, 149
Trd, 000125.067, 160
Trd, 000126.600, 157
Trd, 000127.567, 159
Trd, 000127.817, 159
Trd, 000128.383, 157
Trd, 000129.483, 167
Trd, 000129.500, 157
Trd, 000129.783, 154
Trd, 000131.250, 160
Trd, 000131.517, 161
Trd, 000131.650, 153
Trd, 000132.000, 155
Trd, 000132.583, 160
Trd, 000133.100, 161
Trd, 000134.583, 159
Trd, 000135.633, 160
Trd, 000136.217, 168
Trd, 000136.400, 162
Trd, 000136.883, 161
Trd, 000137.333, 170
Trd, 000138.550, 172
Trd, 000138.700, 171
Trd, 000140.667, 167
Trd, 000140.850, 170
Trd, 000141.683, 172
Trd, 000141.750, 174
Trd, 000141.867, 165
Trd, 000142.333, 163
Trd, 000143.433, 165
Trd, 000145.050, 167
Trd, 000145.367, 165
Trd, 000145.517, 169
Trd, 000145.750, 164
Trd, 000146.517, 168
Trd, 000147.200, 168
Trd, 000148.383, 166
Trd, 000148.417, 167
Trd, 000148.567, 168
Trd, 000148.800, 172
Trd, 000149.450, 164
Trd, 000149.650, 164
Trd, 000151.833, 168
Trd, 000152.050, 167
Trd, 000152.383, 169
Trd, 000152.917, 164
Trd, 000153.267, 163
Trd, 000153.300, 156
Trd, 000154.850, 167
Trd, 000155.300, 167
Trd, 000156.417, 168
Trd, 000157.467, 165
Trd, 000157.683, 164
Trd, 000158.483, 168
Trd, 000158.867, 171
Trd, 000159.567, 166
Trd, 000160.000, 171
Trd, 000160.833, 166
Trd, 000161.433, 167
Trd, 000162.067, 166
Trd, 000162.317, 167
Trd, 000162.350, 168
Trd, 000163.233, 165
Trd, 000164.267, 164
Trd, 000164.583, 164
Trd, 000165.000, 168
Trd, 000165.567, 171
Trd, 000165.917, 170
Trd, 000166.667, 171
Trd, 000167.817, 167
Trd, 000168.117, 165
Trd, 000168.633, 167
Trd, 000168.650, 166
Trd, 000169.233, 167
Trd, 000169.833, 157
Trd, 000170.117, 149
Trd, 000171.933, 161
Trd, 000172.483, 161
Trd, 000172.750, 164
Trd, 000173.583, 165
Trd, 000173.683, 190
Trd, 000174.367, 171
Trd, 000174.800, 174
Trd, 000175.633, 174
Trd, 000176.317, 168
Trd, 000176.967, 167
Trd, 000176.983, 175
Trd, 000177.300, 167
Trd, 000178.000, 175
Trd, 000178.117, 167
Trd, 000178.317, 166
Trd, 000178.533, 174
Trd, 000179.600, 172
Trd, 000179.633, 150
Trd, 000182.033, 169
Trd, 000182.100, 171
Trd, 000182.233, 171
Trd, 000182.250, 172
Trd, 000182.317, 173
Trd, 000184.250, 172
Trd, 000184.683, 167
Trd, 000184.733, 176
Trd, 000184.917, 166
Trd, 000185.267, 180
Trd, 000186.250, 167
Trd, 000186.667, 166
Trd, 000188.217, 170
Trd, 000189.700, 170
Trd, 000190.350, 170
Trd, 000190.867, 174
Trd, 000190.933, 175
Trd, 000191.250, 177
Trd, 000192.167, 175
Trd, 000193.183, 175
Trd, 000193.250, 172
Trd, 000193.617, 170
Trd, 000193.783, 174
Trd, 000193.883, 170
Trd, 000194.033, 167
Trd, 000195.550, 168
Trd, 000196.233, 162
Trd, 000196.683, 160
Trd, 000196.867, 167
Trd, 000197.717, 163
Trd, 000197.750, 166
Trd, 000199.217, 166
Trd, 000199.950, 164
Trd, 000200.200, 163
Trd, 000200.483, 175
Trd, 000202.950, 169
Trd, 000203.767, 170
Trd, 000204.283, 171
Trd, 000204.483, 171
Trd, 000204.700, 171
Trd, 000204.900, 168
Trd, 000205.600, 172
Trd, 000206.383, 168
Trd, 000208.117, 169
Trd, 000208.167, 172
Trd, 000208.317, 176
Trd, 000208.667, 169
Trd, 000210.250, 172
Trd, 000210.567, 171
Trd, 000210.833, 174
Trd, 000211.883, 171
Trd, 000212.050, 169
Trd, 000212.800, 169
Trd, 000212.950, 174
Trd, 000214.433, 182
Trd, 000214.467, 168
Trd, 000214.833, 162
Trd, 000215.083, 178
Trd, 000216.317, 175
Trd, 000216.667, 169
Trd, 000218.000, 176
Trd, 000218.650, 172
Trd, 000218.950, 177
Trd, 000219.500, 178
Trd, 000221.200, 177
Trd, 000221.433, 172
Trd, 000221.483, 177
Trd, 000221.717, 173
Trd, 000222.083, 176
Trd, 000222.250, 172
Trd, 000223.967, 174
Trd, 000224.233, 173
Trd, 000224.467, 173
Trd, 000224.917, 173
Trd, 000226.750, 173
Trd, 000228.017, 172
Trd, 000228.600, 170
Trd, 000229.067, 172
Trd, 000229.533, 174
Trd, 000230.233, 160
Trd, 000230.350, 147
Trd, 000230.700, 174
Trd, 000231.417, 170
Trd, 000231.717, 166
Trd, 000232.233, 181
Trd, 000232.750, 164
Trd, 000233.183, 171
Trd, 000233.600, 169
Trd, 000233.883, 169
Trd, 000234.817, 178
Trd, 000235.017, 169
Trd, 000237.100, 189
Trd, 000237.167, 184
Trd, 000237.217, 178
Trd, 000237.450, 190
Trd, 000238.400, 184
Trd, 000238.417, 183
Trd, 000239.133, 181
Trd, 000239.600, 179
Trd, 000240.133, 179
Trd, 000240.733, 180
Trd, 000240.933, 179
Trd, 000241.717, 177
Trd, 000242.733, 179
Trd, 000242.833, 182
Trd, 000242.917, 176
Trd, 000243.283, 182
Trd, 000243.733, 176
Trd, 000243.750, 179
Trd, 000244.300, 176
Trd, 000244.617, 175
Trd, 000244.633, 176
Trd, 000245.017, 176
Trd, 000245.733, 177
Trd, 000246.667, 179
Trd, 000246.717, 180
Trd, 000247.517, 181
Trd, 000248.167, 175
Trd, 000249.050, 176
Trd, 000249.650, 174
Trd, 000250.183, 173
Trd, 000250.383, 170
Trd, 000251.167, 166
Trd, 000251.267, 173
Trd, 000252.267, 175
Trd, 000252.317, 183
Trd, 000252.417, 173
Trd, 000252.567, 186
Trd, 000252.767, 175
Trd, 000253.817, 179
Trd, 000254.017, 176
Trd, 000254.467, 175
Trd, 000254.650, 176
Trd, 000255.133, 174
Trd, 000255.333, 172
Trd, 000256.800, 168
Trd, 000257.167, 171
Trd, 000257.250, 170
Trd, 000257.500, 174
Trd, 000258.500, 170
Trd, 000258.950, 169
Trd, 000259.000, 167
Trd, 000259.267, 159
Trd, 000260.300, 163
Trd, 000260.367, 172
Trd, 000260.533, 173
Trd, 000261.533, 181
Trd, 000261.567, 184
Trd, 000261.583, 188
Trd, 000261.600, 174
Trd, 000262.250, 175
Trd, 000262.317, 172
Trd, 000262.833, 170
Trd, 000263.583, 173
Trd, 000264.267, 175
Trd, 000264.367, 173
Trd, 000264.750, 173
Trd, 000265.383, 176
Trd, 000265.933, 176
Trd, 000266.400, 175
Trd, 000266.433, 176
Trd, 000266.450, 170
Trd, 000266.683, 179
Trd, 000267.233, 176
Trd, 000267.450, 175
Trd, 000267.767, 174
Trd, 000268.533, 176
Trd, 000268.600, 177
Trd, 000268.767, 176
Trd, 000268.883, 179
Trd, 000269.083, 182
Trd, 000269.533, 190
Trd, 000269.933, 180
Trd, 000270.033, 198
Trd, 000271.000, 178
Trd, 000271.600, 179
Trd, 000271.767, 183
Trd, 000271.800, 175
Trd, 000272.150, 169
Trd, 000272.550, 168
Trd, 000272.733, 160
Trd, 000273.117, 165
Trd, 000273.400, 171
Trd, 000274.317, 172
Trd, 000274.550, 170
Trd, 000275.033, 175
Trd, 000275.650, 182
Trd, 000275.900, 169
Trd, 000276.017, 185
Trd, 000277.233, 176
Trd, 000278.483, 179
Trd, 000279.050, 185
Trd, 000279.117, 178
Trd, 000279.283, 179
Trd, 000279.700, 178
Trd, 000279.983, 186
Trd, 000280.017, 190
Trd, 000280.317, 184
Trd, 000280.650, 179
Trd, 000281.133, 184
Trd, 000281.333, 180
Trd, 000282.617, 182
Trd, 000283.150, 185
Trd, 000283.400, 184
Trd, 000283.417, 185
Trd, 000284.250, 178
Trd, 000284.283, 177
Trd, 000285.150, 176
Trd, 000285.683, 177
Trd, 000285.767, 180
Trd, 000285.983, 177
Trd, 000286.767, 182
Trd, 000286.933, 182
Trd, 000286.967, 182
Trd, 000287.000, 183
Trd, 000287.683, 181
Trd, 000287.967, 182
Trd, 000288.050, 180
Trd, 000288.283, 183
Trd, 000288.617, 179
Trd, 000288.667, 184
Trd, 000288.767, 179
Trd, 000289.400, 186
Trd, 000290.617, 186
Trd, 000290.650, 178
Trd, 000291.067, 177
Trd, 000291.767, 178
Trd, 000291.800, 186
Trd, 000291.883, 187
Trd, 000292.400, 187
Trd, 000292.433, 170
Trd, 000293.133, 179
Trd, 000293.233, 181
Trd, 000294.283, 163
Trd, 000294.367, 162
Trd, 000294.600, 187
Trd, 000294.667, 182
Trd, 000295.200, 190
Trd, 000295.517, 187
Trd, 000296.400, 188
Trd, 000297.233, 188
Trd, 000297.633, 181
Trd, 000297.717, 179
Trd, 000297.900, 178
Trd, 000298.083, 178
Trd, 000298.133, 187
Trd, 000298.150, 189
Trd, 000298.467, 203
Trd, 000299.950, 190
Trd, 000299.967, 195
