Trd, 000002.283, 175
Trd, 000002.433, 168
Trd, 000003.200, 148
Trd, 000003.550, 142
Trd, 000004.550, 160
Trd, 000005.100, 177
Trd, 000005.717, 159
Trd, 000006.633, 157
Trd, 000007.183, 160
Trd, 000007.717, 159
Trd, 000008.433, 154
Trd, 000008.750, 152
Trd, 000009.333, 151
Trd, 000009.367, 152
Trd, 000010.533, 151
Trd, 000011.033, 149
Trd, 000011.200, 152
Trd, 000011.350, 147
Trd, 000011.950, 149
Trd, 000012.133, 149
Trd, 000013.450, 148
Trd, 000014.050, 146
Trd, 000014.433, 146
Trd, 000014.467, 146
Trd, 000014.533, 147
Trd, 000014.750, 149
Trd, 000015.900, 130
Trd, 000016.300, 143
Trd, 000016.850, 151
Trd, 000017.583, 171
Trd, 000018.550, 144
Trd, 000019.667, 147
Trd, 000019.883, 149
Trd, 000020.000, 146
Trd, 000020.467, 142
Trd, 000021.333, 142
Trd, 000021.633, 143
Trd, 000021.867, 148
Trd, 000022.250, 146
Trd, 000022.800, 150
Trd, 000023.783, 143
Trd, 000023.817, 161
Trd, 000025.033, 143
Trd, 000025.133, 146
Trd, 000025.267, 145
Trd, 000026.200, 144
Trd, 000026.433, 146
Trd, 000026.633, 147
Trd, 000027.400, 147
Trd, 000027.500, 148
Trd, 000028.383, 144
Trd, 000028.700, 151
Trd, 000028.883, 149
Trd, 000030.367, 148
Trd, 000030.517, 148
Trd, 000030.867, 149
Trd, 000031.100, 147
Trd, 000031.433, 149
Trd, 000032.050, 150
Trd, 000032.850, 141
Trd, 000032.917, 146
Trd, 000033.317, 151
Trd, 000034.383, 163
Trd, 000034.750, 152
Trd, 000035.083, 165
Trd, 000035.733, 165
Trd, 000035.900, 165
Trd, 000035.917, 160
Trd, 000037.517, 159
Trd, 000037.683, 161
Trd, 000038.317, 159
Trd, 000039.517, 159
Trd, 000040.033, 158
Trd, 000040.633, 156
Trd, 000041.583, 150
Trd, 000041.633, 152
Trd, 000042.300, 152
Trd, 000042.683, 149
Trd, 000043.600, 152
Trd, 000043.733, 151
Trd, 000043.850, 166
Trd, 000045.167, 151
Trd, 000045.467, 148
Trd, 000045.750, 150
Trd, 000045.867, 151
Trd, 000046.150, 160
Trd, 000047.767, 153
Trd, 000048.283, 149
Trd, 000048.433, 149
Trd, 000048.600, 150
Trd, 000049.550, 152
Trd, 000049.983, 167
Trd, 000050.783, 153
Trd, 000050.950, 152
Trd, 000051.233, 155
Trd, 000051.883, 163
Trd, 000052.567, 160
Trd, 000053.917, 156
Trd, 000054.267, 155
Trd, 000054.417, 153
Trd, 000054.600, 149
Trd, 000054.717, 153
Trd, 000055.233, 150
Trd, 000056.217, 143
Trd, 000056.533, 147
Trd, 000056.883, 144
Trd, 000057.067, 143
Trd, 000057.383, 147
Trd, 000057.433, 150
Trd, 000057.750, 186
Trd, 000060.033, 144
Trd, 000060.167, 146
Trd, 000060.183, 147
Trd, 000060.533, 151
Trd, 000060.650, 153
Trd, 000061.217, 154
Trd, 000061.717, 146
Trd, 000061.883, 147
Trd, 000063.450, 150
Trd, 000063.617, 150
Trd, 000063.683, 147
Trd, 000063.950, 148
Trd, 000064.583, 149
Trd, 000064.817, 149
Trd, 000065.850, 149
Trd, 000065.950, 148
Trd, 000066.150, 147
Trd, 000066.717, 149
Trd, 000067.267, 150
Trd, 000068.200, 149
Trd, 000068.283, 148
Trd, 000069.183, 148
Trd, 000069.417, 150
Trd, 000069.600, 151
Trd, 000070.317, 155
Trd, 000070.333, 169
Trd, 000070.417, 182
Trd, 000070.617, 158
Trd, 000071.083, 167
Trd, 000071.450, 145
Trd, 000072.283, 156
Trd, 000073.467, 163
Trd, 000073.933, 163
Trd, 000074.200, 161
Trd, 000074.500, 155
Trd, 000075.783, 158
Trd, 000076.433, 159
Trd, 000076.617, 158
Trd, 000077.400, 161
Trd, 000077.967, 162
Trd, 000078.417, 162
Trd, 000078.517, 161
Trd, 000079.083, 162
Trd, 000079.750, 162
Trd, 000080.583, 162
Trd, 000080.983, 156
Trd, 000081.483, 160
Trd, 000081.883, 160
Trd, 000082.200, 159
Trd, 000083.100, 158
Trd, 000083.167, 153
Trd, 000084.550, 153
Trd, 000084.733, 154
Trd, 000085.117, 154
Trd, 000085.567, 152
Trd, 000085.617, 153
Trd, 000085.950, 155
Trd, 000086.783, 155
Trd, 000087.283, 154
Trd, 000088.417, 154
Trd, 000088.483, 153
Trd, 000088.683, 153
Trd, 000089.550, 150
Trd, 000090.083, 151
Trd, 000090.700, 152
Trd, 000091.100, 153
Trd, 000091.833, 152
Trd, 000092.200, 150
Trd, 000092.400, 149
Trd, 000092.633, 151
Trd, 000093.433, 150
Trd, 000093.717, 150
Trd, 000093.933, 149
Trd, 000094.283, 149
Trd, 000094.400, 156
Trd, 000095.300, 148
Trd, 000096.683, 147
Trd, 000097.100, 150
Trd, 000097.167, 152
Trd, 000097.550, 154
Trd, 000098.467, 169
Trd, 000100.067, 157
Trd, 000100.567, 158
Trd, 000100.883, 160
Trd, 000101.533, 158
Trd, 000101.750, 157
Trd, 000102.133, 156
Trd, 000102.250, 157
Trd, 000103.067, 156
Trd, 000104.417, 151
Trd, 000104.483, 148
Trd, 000104.717, 154
Trd, 000105.150, 154
Trd, 000105.450, 154
Trd, 000106.200, 155
Trd, 000106.900, 158
Trd, 000107.367, 172
Trd, 000107.500, 150
Trd, 000109.467, 158
Trd, 000109.667, 157
Trd, 000110.000, 155
Trd, 000111.167, 152
Trd, 000111.317, 153
Trd, 000112.100, 155
Trd, 000112.583, 152
Trd, 000113.750, 152
Trd, 000114.017, 154
Trd, 000114.117, 155
Trd, 000114.167, 150
Trd, 000114.733, 158
Trd, 000115.450, 150
Trd, 000115.633, 148
Trd, 000115.733, 157
Trd, 000115.817, 138
Trd, 000116.417, 156
Trd, 000116.767, 151
Trd, 000118.233, 152
Trd, 000118.317, 151
Trd, 000119.283, 152
Trd, 000119.817, 149
Trd, 000119.850, 156
Trd, 000120.133, 153
Trd, 000120.500, 159
Trd, 000122.567, 155
Trd, 000122.750, 155
Trd, 000123.833, 157
Trd, 000124.017, 158
Trd, 000124.217, 154
Trd, 000124.383, 160
Trd, 000124.750, 159
Trd, 000125.250, 161
Trd, 000126.533, 167
Trd, 000126.600, 159
Trd, 000126.633, 168
Trd, 000127.200, 172
Trd, 000127.533, 166
Trd, 000128.783, 175
Trd, 000129.150, 160
Trd, 000129.250, 157
Trd, 000129.917, 163
Trd, 000130.317, 163
Trd, 000130.600, 162
Trd, 000131.183, 161
Trd, 000131.267, 166
Trd, 000131.917, 165
Trd, 000132.450, 161
Trd, 000132.617, 164
Trd, 000134.600, 154
Trd, 000134.850, 155
Trd, 000135.567, 159
Trd, 000135.900, 160
Trd, 000137.550, 158
Trd, 000137.767, 161
Trd, 000138.033, 161
Trd, 000138.483, 162
Trd, 000140.033, 155
Trd, 000141.267, 155
Trd, 000141.517, 156
Trd, 000141.967, 156
Trd, 000142.183, 155
Trd, 000142.383, 157
Trd, 000143.483, 157
Trd, 000143.633, 155
Trd, 000144.117, 156
Trd, 000144.633, 154
Trd, 000144.817, 156
Trd, 000144.867, 156
Trd, 000145.233, 157
Trd, 000145.533, 159
Trd, 000146.500, 159
Trd, 000146.600, 162
Trd, 000147.783, 163
Trd, 000149.683, 162
Trd, 000149.950, 161
Trd, 000150.083, 162
Trd, 000150.533, 160
Trd, 000151.283, 160
Trd, 000151.550, 160
Trd, 000151.683, 159
Trd, 000151.717, 161
Trd, 000152.050, 163
Trd, 000152.433, 161
Trd, 000152.783, 162
Trd, 000153.367, 158
Trd, 000155.017, 156
Trd, 000155.267, 158
Trd, 000155.300, 159
Trd, 000156.117, 161
Trd, 000156.350, 161
Trd, 000157.533, 164
Trd, 000158.283, 164
Trd, 000158.500, 177
Trd, 000159.083, 173
Trd, 000160.350, 156
Trd, 000160.567, 154
Trd, 000160.800, 157
Trd, 000161.033, 161
Trd, 000161.750, 161
Trd, 000161.967, 162
Trd, 000162.983, 160
Trd, 000163.350, 154
Trd, 000163.833, 162
Trd, 000163.883, 164
Trd, 000164.400, 155
Trd, 000165.100, 156
Trd, 000165.800, 161
Trd, 000166.417, 162
Trd, 000167.033, 161
Trd, 000167.200, 160
Trd, 000167.983, 153
Trd, 000168.167, 158
Trd, 000168.400, 159
Trd, 000169.300, 159
Trd, 000169.517, 160
Trd, 000170.717, 159
Trd, 000170.733, 157
Trd, 000171.633, 156
Trd, 000172.483, 158
Trd, 000172.783, 158
Trd, 000173.433, 159
Trd, 000173.467, 158
Trd, 000173.900, 160
Trd, 000173.933, 161
Trd, 000175.167, 160
Trd, 000176.383, 161
Trd, 000176.900, 160
Trd, 000176.983, 162
Trd, 000178.250, 162
Trd, 000178.283, 160
Trd, 000178.317, 164
Trd, 000178.400, 166
Trd, 000178.817, 166
Trd, 000181.183, 164
Trd, 000181.617, 165
Trd, 000182.283, 162
Trd, 000182.433, 163
Trd, 000182.983, 162
Trd, 000183.300, 162
Trd, 000184.717, 162
Trd, 000185.067, 162
Trd, 000185.517, 162
Trd, 000185.550, 161
Trd, 000185.983, 155
Trd, 000186.333, 166
Trd, 000186.533, 179
Trd, 000187.150, 161
Trd, 000187.350, 176
Trd, 000187.383, 178
Trd, 000188.217, 170
Trd, 000189.033, 163
Trd, 000189.700, 166
Trd, 000190.083, 167
Trd, 000190.683, 167
Trd, 000190.983, 166
Trd, 000191.883, 167
Trd, 000192.317, 163
Trd, 000192.583, 162
Trd, 000193.333, 164
Trd, 000193.467, 166
Trd, 000194.417, 165
Trd, 000194.500, 164
Trd, 000195.250, 166
Trd, 000195.567, 164
Trd, 000195.650, 163
Trd, 000196.667, 170
Trd, 000197.833, 160
Trd, 000198.550, 166
Trd, 000198.767, 164
Trd, 000198.833, 166
Trd, 000199.433, 167
Trd, 000200.167, 167
Trd, 000200.217, 168
Trd, 000201.033, 170
Trd, 000201.317, 182
Trd, 000202.600, 176
Trd, 000202.717, 169
Trd, 000203.667, 168
Trd, 000204.067, 173
Trd, 000205.150, 164
Trd, 000205.367, 168
Trd, 000205.650, 170
Trd, 000206.017, 169
Trd, 000206.583, 169
Trd, 000206.933, 169
Trd, 000208.050, 182
Trd, 000208.950, 170
Trd, 000209.317, 168
Trd, 000209.333, 166
Trd, 000209.817, 171
Trd, 000210.283, 171
Trd, 000210.733, 171
Trd, 000210.817, 172
Trd, 000211.917, 171
Trd, 000212.567, 170
Trd, 000212.700, 169
Trd, 000212.933, 171
Trd, 000213.367, 182
Trd, 000213.483, 166
Trd, 000214.167, 169
Trd, 000214.417, 165
Trd, 000214.733, 166
Trd, 000215.883, 181
Trd, 000216.883, 175
Trd, 000217.683, 175
Trd, 000218.333, 168
Trd, 000218.867, 175
Trd, 000219.417, 167
Trd, 000221.383, 174
Trd, 000221.500, 174
Trd, 000222.300, 170
Trd, 000222.483, 168
Trd, 000223.700, 170
Trd, 000223.783, 170
Trd, 000223.950, 171
Trd, 000225.650, 163
Trd, 000225.950, 169
Trd, 000226.167, 168
Trd, 000226.517, 170
Trd, 000227.200, 169
Trd, 000227.233, 167
Trd, 000227.800, 170
Trd, 000228.017, 170
Trd, 000228.550, 171
Trd, 000230.467, 175
Trd, 000230.633, 177
Trd, 000231.550, 174
Trd, 000233.017, 175
Trd, 000233.817, 174
Trd, 000234.883, 174
Trd, 000235.000, 174
Trd, 000235.933, 173
Trd, 000236.050, 171
Trd, 000236.283, 173
Trd, 000236.500, 165
Trd, 000236.883, 163
Trd, 000237.033, 166
Trd, 000237.983, 170
Trd, 000239.750, 168
Trd, 000239.800, 170
Trd, 000240.033, 168
Trd, 000240.167, 161
Trd, 000240.800, 166
Trd, 000240.933, 167
Trd, 000241.533, 168
Trd, 000241.883, 169
Trd, 000241.917, 169
Trd, 000242.183, 169
Trd, 000243.217, 179
Trd, 000243.250, 175
Trd, 000243.767, 173
Trd, 000243.950, 176
Trd, 000243.967, 183
Trd, 000244.333, 173
Trd, 000244.683, 186
Trd, 000245.383, 189
Trd, 000247.600, 187
Trd, 000247.800, 187
Trd, 000247.883, 184
Trd, 000248.150, 186
Trd, 000248.200, 183
Trd, 000248.833, 181
Trd, 000249.167, 181
Trd, 000250.233, 178
Trd, 000250.667, 181
Trd, 000250.933, 176
Trd, 000251.217, 177
Trd, 000252.667, 176
Trd, 000252.700, 178
Trd, 000253.750, 178
Trd, 000253.967, 179
Trd, 000254.217, 177
Trd, 000254.267, 176
Trd, 000254.633, 179
Trd, 000254.783, 173
Trd, 000255.800, 174
Trd, 000256.817, 174
Trd, 000256.883, 175
Trd, 000257.067, 176
Trd, 000257.467, 167
Trd, 000258.250, 168
Trd, 000258.950, 165
Trd, 000259.167, 167
Trd, 000259.650, 163
Trd, 000259.667, 167
Trd, 000259.950, 167
Trd, 000260.167, 168
Trd, 000260.267, 170
Trd, 000260.883, 162
Trd, 000261.100, 173
Trd, 000262.133, 168
Trd, 000262.433, 171
Trd, 000262.767, 172
Trd, 000262.833, 172
Trd, 000263.050, 174
Trd, 000263.267, 173
Trd, 000264.383, 182
Trd, 000264.800, 180
Trd, 000265.317, 185
Trd, 000265.383, 187
Trd, 000265.800, 188
Trd, 000265.850, 185
Trd, 000265.983, 188
Trd, 000266.200, 187
Trd, 000266.933, 182
Trd, 000268.000, 181
Trd, 000268.083, 183
Trd, 000268.517, 187
Trd, 000268.617, 185
Trd, 000268.800, 187
Trd, 000269.333, 180
Trd, 000269.517, 179
Trd, 000269.783, 175
Trd, 000270.200, 175
Trd, 000271.033, 172
Trd, 000271.283, 170
Trd, 000271.867, 170
Trd, 000272.433, 168
Trd, 000273.000, 167
Trd, 000273.100, 166
Trd, 000273.283, 168
Trd, 000273.883, 166
Trd, 000274.000, 171
Trd, 000274.350, 173
Trd, 000275.067, 169
Trd, 000276.550, 161
Trd, 000277.033, 167
Trd, 000277.817, 169
Trd, 000278.233, 170
Trd, 000278.517, 171
Trd, 000278.533, 173
Trd, 000278.550, 175
Trd, 000279.500, 170
Trd, 000280.617, 174
Trd, 000280.667, 173
Trd, 000281.083, 178
Trd, 000281.800, 176
Trd, 000282.383, 176
Trd, 000283.050, 172
Trd, 000283.500, 167
Trd, 000284.000, 159
Trd, 000284.500, 167
Trd, 000284.967, 167
Trd, 000285.383, 158
Trd, 000285.850, 166
Trd, 000286.633, 165
Trd, 000286.700, 165
Trd, 000286.800, 176
Trd, 000287.050, 178
Trd, 000287.300, 190
Trd, 000287.400, 193
Trd, 000287.683, 203
Trd, 000287.817, 202
Trd, 000288.350, 201
Trd, 000288.767, 203
Trd, 000290.250, 191
Trd, 000291.033, 189
Trd, 000291.083, 177
Trd, 000291.383, 173
Trd, 000291.433, 182
Trd, 000291.600, 180
Trd, 000292.033, 179
Trd, 000292.317, 166
Trd, 000292.717, 168
Trd, 000293.367, 164
Trd, 000293.617, 164
Trd, 000293.717, 164
Trd, 000293.850, 174
Trd, 000294.450, 170
Trd, 000294.750, 176
Trd, 000295.233, 168
Trd, 000295.283, 170
Trd, 000295.600, 177
Trd, 000295.733, 195
Trd, 000296.367, 201
Trd, 000297.083, 184
Trd, 000297.517, 199
Trd, 000297.833, 176
Trd, 000298.317, 184
Trd, 000298.783, 202
Trd, 000299.683, 198
