Trd, 000000.617, 130
Trd, 000000.983, 115
Trd, 000001.367, 158
Trd, 000001.950, 114
Trd, 000002.083, 122
Trd, 000002.150, 124
Trd, 000002.483, 141
Trd, 000002.983, 155
Trd, 000003.150, 148
Trd, 000003.750, 148
Trd, 000005.550, 151
Trd, 000006.883, 155
Trd, 000006.933, 153
Trd, 000007.250, 162
Trd, 000008.017, 151
Trd, 000008.400, 150
Trd, 000010.550, 150
Trd, 000011.033, 152
Trd, 000011.183, 156
Trd, 000011.317, 151
Trd, 000011.983, 153
Trd, 000013.017, 151
Trd, 000014.250, 150
Trd, 000014.517, 150
Trd, 000015.267, 150
Trd, 000015.350, 152
Trd, 000015.433, 136
Trd, 000015.517, 135
Trd, 000016.250, 154
Trd, 000017.217, 152
Trd, 000018.117, 146
Trd, 000019.900, 148
Trd, 000019.983, 149
Trd, 000020.233, 147
Trd, 000020.717, 149
Trd, 000021.900, 148
Trd, 000022.383, 149
Trd, 000022.917, 153
Trd, 000023.567, 172
Trd, 000024.417, 156
Trd, 000024.633, 156
Trd, 000025.733, 155
Trd, 000026.750, 155
Trd, 000026.967, 157
Trd, 000027.033, 155
Trd, 000027.117, 157
Trd, 000028.133, 157
Trd, 000028.283, 158
Trd, 000028.633, 169
Trd, 000028.833, 155
Trd, 000029.217, 154
Trd, 000030.683, 151
Trd, 000031.100, 156
Trd, 000031.650, 154
Trd, 000032.000, 157
Trd, 000032.583, 171
Trd, 000032.950, 164
Trd, 000033.233, 134
Trd, 000034.967, 157
Trd, 000035.717, 155
Trd, 000035.800, 157
Trd, 000036.583, 151
Trd, 000038.367, 153
Trd, 000038.967, 154
Trd, 000039.550, 154
Trd, 000040.433, 153
Trd, 000040.617, 152
Trd, 000040.800, 152
Trd, 000041.067, 155
Trd, 000041.617, 155
Trd, 000042.283, 151
Trd, 000043.200, 155
Trd, 000045.033, 153
Trd, 000045.117, 153
Trd, 000045.300, 152
Trd, 000045.750, 155
Trd, 000046.017, 153
Trd, 000046.417, 154
Trd, 000046.483, 172
Trd, 000046.733, 152
Trd, 000047.150, 155
Trd, 000047.217, 151
Trd, 000048.200, 155
Trd, 000049.083, 156
Trd, 000051.017, 157
Trd, 000051.267, 155
Trd, 000051.700, 154
Trd, 000051.983, 155
Trd, 000052.800, 155
Trd, 000053.767, 155
Trd, 000053.983, 153
Trd, 000054.217, 156
Trd, 000054.667, 153
Trd, 000055.400, 147
Trd, 000055.583, 156
Trd, 000055.733, 157
Trd, 000055.950, 160
Trd, 000058.883, 156
Trd, 000059.867, 153
Trd, 000060.067, 154
Trd, 000060.083, 153
Trd, 000060.100, 151
Trd, 000060.450, 156
Trd, 000061.200, 152
Trd, 000061.583, 156
Trd, 000061.700, 152
Trd, 000061.717, 157
Trd, 000061.933, 161
Trd, 000061.950, 151
Trd, 000062.350, 174
Trd, 000062.567, 178
Trd, 000064.550, 156
Trd, 000065.650, 162
Trd, 000065.833, 163
Trd, 000066.033, 157
Trd, 000066.367, 156
Trd, 000066.600, 154
Trd, 000066.933, 157
Trd, 000067.450, 162
Trd, 000068.733, 146
Trd, 000069.267, 158
Trd, 000070.483, 157
Trd, 000070.650, 159
Trd, 000071.100, 158
Trd, 000071.283, 159
Trd, 000072.300, 157
Trd, 000073.317, 156
Trd, 000074.650, 158
Trd, 000074.817, 156
Trd, 000075.200, 155
Trd, 000075.683, 156
Trd, 000075.933, 156
Trd, 000076.117, 154
Trd, 000076.167, 157
Trd, 000077.650, 163
Trd, 000078.250, 161
Trd, 000078.317, 162
Trd, 000079.183, 158
Trd, 000079.917, 159
Trd, 000079.950, 157
Trd, 000080.567, 157
Trd, 000082.767, 163
Trd, 000084.000, 158
Trd, 000084.883, 159
Trd, 000085.033, 158
Trd, 000085.517, 160
Trd, 000085.700, 157
Trd, 000085.717, 157
Trd, 000086.000, 157
Trd, 000086.333, 157
Trd, 000086.650, 127
Trd, 000086.967, 157
Trd, 000087.200, 157
Trd, 000089.267, 157
Trd, 000089.400, 152
Trd, 000090.433, 153
Trd, 000090.917, 154
Trd, 000091.200, 154
Trd, 000091.467, 154
Trd, 000091.883, 153
Trd, 000092.550, 153
Trd, 000093.467, 153
Trd, 000093.833, 154
Trd, 000094.300, 164
Trd, 000094.967, 156
Trd, 000095.583, 156
Trd, 000095.600, 158
Trd, 000096.017, 157
Trd, 000096.400, 159
Trd, 000096.750, 157
Trd, 000097.717, 157
Trd, 000098.183, 156
Trd, 000098.267, 151
Trd, 000099.067, 157
Trd, 000099.250, 159
Trd, 000099.767, 159
Trd, 000100.367, 159
Trd, 000101.600, 160
Trd, 000102.133, 159
Trd, 000102.650, 155
Trd, 000104.067, 157
Trd, 000104.817, 157
Trd, 000105.167, 158
Trd, 000105.633, 157
Trd, 000105.917, 157
Trd, 000106.683, 158
Trd, 000107.333, 161
Trd, 000107.633, 166
Trd, 000109.383, 159
Trd, 000110.000, 160
Trd, 000110.350, 161
Trd, 000110.583, 161
Trd, 000111.517, 162
Trd, 000111.667, 164
Trd, 000112.183, 159
Trd, 000112.333, 164
Trd, 000113.767, 162
Trd, 000114.550, 162
Trd, 000115.250, 161
Trd, 000115.400, 162
Trd, 000115.817, 163
Trd, 000116.250, 163
Trd, 000118.117, 162
Trd, 000118.483, 163
Trd, 000118.817, 165
Trd, 000119.383, 163
Trd, 000119.783, 164
Trd, 000120.233, 162
Trd, 000120.567, 162
Trd, 000121.450, 161
Trd, 000121.783, 163
Trd, 000122.550, 164
Trd, 000123.133, 165
Trd, 000125.050, 166
Trd, 000125.150, 165
Trd, 000125.867, 164
Trd, 000126.800, 166
Trd, 000126.917, 167
Trd, 000127.700, 163
Trd, 000127.750, 165
Trd, 000127.950, 160
Trd, 000129.033, 163
Trd, 000130.083, 162
Trd, 000130.100, 163
Trd, 000130.633, 163
Trd, 000130.733, 161
Trd, 000130.833, 163
Trd, 000131.583, 163
Trd, 000133.450, 163
Trd, 000133.550, 162
Trd, 000133.933, 163
Trd, 000134.650, 164
Trd, 000134.867, 165
Trd, 000134.983, 165
Trd, 000135.550, 164
Trd, 000138.017, 163
Trd, 000138.133, 162
Trd, 000138.817, 164
Trd, 000139.133, 163
Trd, 000139.150, 165
Trd, 000139.433, 165
Trd, 000140.300, 165
Trd, 000140.400, 165
Trd, 000141.567, 164
Trd, 000141.633, 162
Trd, 000142.317, 165
Trd, 000142.483, 163
Trd, 000143.833, 163
Trd, 000144.083, 164
Trd, 000144.650, 163
Trd, 000145.333, 162
Trd, 000146.033, 164
Trd, 000146.450, 165
Trd, 000146.850, 165
Trd, 000147.400, 165
Trd, 000148.417, 166
Trd, 000148.517, 164
Trd, 000148.583, 179
Trd, 000148.883, 166
Trd, 000150.733, 167
Trd, 000151.467, 164
Trd, 000151.500, 165
Trd, 000152.100, 163
Trd, 000152.117, 166
Trd, 000152.133, 162
Trd, 000152.683, 166
Trd, 000153.283, 160
Trd, 000154.983, 161
Trd, 000155.433, 160
Trd, 000156.150, 161
Trd, 000156.767, 162
Trd, 000157.100, 162
Trd, 000157.150, 163
Trd, 000158.300, 161
Trd, 000158.333, 162
Trd, 000158.500, 161
Trd, 000158.517, 163
Trd, 000159.667, 162
Trd, 000159.950, 160
Trd, 000162.150, 162
Trd, 000162.483, 159
Trd, 000163.300, 160
Trd, 000163.700, 160
Trd, 000163.833, 161
Trd, 000164.000, 164
Trd, 000164.567, 167
Trd, 000167.000, 167
Trd, 000167.250, 166
Trd, 000167.883, 164
Trd, 000168.150, 168
Trd, 000168.750, 166
Trd, 000169.000, 166
Trd, 000169.867, 167
Trd, 000170.650, 167
Trd, 000170.717, 170
Trd, 000171.483, 185
Trd, 000171.733, 188
Trd, 000172.683, 175
Trd, 000172.917, 170
Trd, 000172.950, 169
Trd, 000173.200, 167
Trd, 000173.333, 172
Trd, 000173.550, 149
Trd, 000173.900, 160
Trd, 000175.417, 161
Trd, 000175.650, 167
Trd, 000176.733, 162
Trd, 000177.117, 162
Trd, 000177.433, 161
Trd, 000177.617, 162
Trd, 000177.683, 169
Trd, 000177.833, 173
Trd, 000179.067, 162
Trd, 000179.433, 161
Trd, 000180.183, 165
Trd, 000180.400, 160
Trd, 000180.683, 166
Trd, 000182.300, 163
Trd, 000182.517, 164
Trd, 000182.783, 164
Trd, 000185.017, 163
Trd, 000185.167, 162
Trd, 000185.867, 162
Trd, 000186.000, 162
Trd, 000186.217, 161
Trd, 000186.667, 162
Trd, 000187.267, 161
Trd, 000187.633, 163
Trd, 000187.883, 161
Trd, 000188.100, 163
Trd, 000189.750, 164
Trd, 000190.083, 164
Trd, 000190.100, 163
Trd, 000190.950, 161
Trd, 000191.967, 148
Trd, 000192.017, 163
Trd, 000193.483, 160
Trd, 000193.600, 154
Trd, 000193.900, 160
Trd, 000194.467, 161
Trd, 000195.233, 159
Trd, 000195.667, 160
Trd, 000196.833, 167
Trd, 000197.300, 171
Trd, 000197.717, 174
Trd, 000197.850, 175
Trd, 000198.167, 166
Trd, 000199.167, 167
Trd, 000200.700, 169
Trd, 000200.967, 167
Trd, 000201.317, 167
Trd, 000201.817, 168
Trd, 000203.933, 168
Trd, 000204.667, 168
Trd, 000204.967, 167
Trd, 000205.283, 168
Trd, 000206.267, 167
Trd, 000206.600, 166
Trd, 000206.617, 167
Trd, 000206.950, 168
Trd, 000207.017, 166
Trd, 000207.350, 163
Trd, 000207.683, 163
Trd, 000208.700, 168
Trd, 000208.850, 168
Trd, 000209.417, 166
Trd, 000210.000, 168
Trd, 000210.450, 168
Trd, 000210.600, 165
Trd, 000211.133, 170
Trd, 000211.400, 172
Trd, 000211.433, 163
Trd, 000211.483, 163
Trd, 000212.633, 172
Trd, 000212.850, 176
Trd, 000215.117, 172
Trd, 000216.233, 166
Trd, 000216.267, 169
Trd, 000216.500, 166
Trd, 000216.683, 169
Trd, 000216.883, 168
Trd, 000217.200, 167
Trd, 000218.617, 168
Trd, 000218.917, 167
Trd, 000219.000, 174
Trd, 000219.117, 166
Trd, 000219.783, 174
Trd, 000220.733, 167
Trd, 000220.900, 168
Trd, 000221.317, 168
Trd, 000221.850, 169
Trd, 000223.050, 170
Trd, 000223.233, 173
Trd, 000224.017, 173
Trd, 000225.500, 172
Trd, 000225.833, 173
Trd, 000226.150, 171
Trd, 000226.333, 174
Trd, 000226.850, 171
Trd, 000227.050, 176
Trd, 000227.600, 178
Trd, 000228.617, 177
Trd, 000228.733, 175
Trd, 000229.033, 178
Trd, 000229.567, 171
Trd, 000230.867, 173
Trd, 000231.333, 171
Trd, 000231.700, 178
Trd, 000232.283, 173
Trd, 000233.850, 172
Trd, 000234.050, 174
Trd, 000234.167, 174
Trd, 000234.350, 176
Trd, 000235.350, 174
Trd, 000235.600, 177
Trd, 000236.550, 175
Trd, 000236.767, 177
Trd, 000237.050, 174
Trd, 000238.767, 173
Trd, 000238.917, 172
Trd, 000239.050, 174
Trd, 000240.333, 172
Trd, 000240.500, 173
Trd, 000240.883, 174
Trd, 000241.083, 175
Trd, 000241.250, 177
Trd, 000241.367, 177
Trd, 000241.567, 174
Trd, 000241.983, 173
Trd, 000242.633, 174
Trd, 000242.700, 178
Trd, 000243.217, 174
Trd, 000243.883, 175
Trd, 000244.133, 173
Trd, 000244.633, 174
Trd, 000244.867, 173
Trd, 000245.550, 174
Trd, 000246.050, 174
Trd, 000246.183, 172
Trd, 000246.350, 173
Trd, 000246.933, 175
Trd, 000247.033, 175
Trd, 000247.683, 174
Trd, 000247.733, 172
Trd, 000247.967, 175
Trd, 000248.083, 171
Trd, 000248.733, 171
Trd, 000248.933, 177
Trd, 000250.750, 178
Trd, 000251.067, 177
Trd, 000251.200, 177
Trd, 000251.367, 175
Trd, 000251.683, 174
Trd, 000251.767, 173
Trd, 000251.817, 176
Trd, 000252.183, 176
Trd, 000252.317, 173
Trd, 000253.600, 176
Trd, 000253.717, 173
Trd, 000254.117, 175
Trd, 000254.200, 176
Trd, 000254.717, 176
Trd, 000255.183, 177
Trd, 000255.200, 178
Trd, 000255.983, 175
Trd, 000256.017, 174
Trd, 000256.700, 175
Trd, 000257.417, 178
Trd, 000257.917, 169
Trd, 000258.050, 179
Trd, 000258.633, 173
Trd, 000258.717, 177
Trd, 000260.867, 174
Trd, 000260.967, 175
Trd, 000261.133, 173
Trd, 000261.300, 174
Trd, 000261.600, 174
Trd, 000261.667, 175
Trd, 000261.950, 174
Trd, 000262.200, 174
Trd, 000262.283, 177
Trd, 000262.867, 181
Trd, 000263.017, 194
Trd, 000264.133, 170
Trd, 000264.833, 171
Trd, 000265.600, 171
Trd, 000265.833, 171
Trd, 000266.083, 171
Trd, 000266.133, 172
Trd, 000266.750, 170
Trd, 000266.883, 173
Trd, 000267.317, 171
Trd, 000268.317, 171
Trd, 000268.733, 173
Trd, 000269.000, 172
Trd, 000269.333, 172
Trd, 000269.967, 173
Trd, 000270.017, 176
Trd, 000270.200, 171
Trd, 000270.367, 161
Trd, 000270.550, 181
Trd, 000270.733, 182
Trd, 000271.450, 184
Trd, 000272.083, 185
Trd, 000272.183, 182
Trd, 000273.083, 181
Trd, 000273.383, 172
Trd, 000274.100, 179
Trd, 000275.133, 175
Trd, 000275.717, 176
Trd, 000276.250, 178
Trd, 000276.450, 177
Trd, 000276.750, 177
Trd, 000276.867, 178
Trd, 000277.000, 179
Trd, 000277.250, 178
Trd, 000277.533, 176
Trd, 000277.733, 179
Trd, 000277.750, 179
Trd, 000278.783, 188
Trd, 000278.967, 188
Trd, 000279.233, 187
Trd, 000279.350, 178
Trd, 000279.767, 185
Trd, 000280.300, 196
Trd, 000280.850, 200
Trd, 000281.300, 191
Trd, 000281.517, 188
Trd, 000281.767, 187
Trd, 000282.300, 180
Trd, 000283.083, 179
Trd, 000283.567, 194
Trd, 000283.983, 186
Trd, 000284.233, 186
Trd, 000285.467, 183
Trd, 000285.717, 185
Trd, 000285.750, 189
Trd, 000285.983, 180
Trd, 000286.383, 195
Trd, 000287.233, 181
Trd, 000287.483, 179
Trd, 000287.533, 177
Trd, 000288.583, 179
Trd, 000289.117, 180
Trd, 000289.250, 188
Trd, 000289.300, 188
Trd, 000289.350, 189
Trd, 000289.700, 191
Trd, 000290.783, 186
Trd, 000291.233, 187
Trd, 000291.317, 186
Trd, 000291.700, 187
Trd, 000291.750, 189
Trd, 000291.833, 193
Trd, 000292.150, 186
Trd, 000292.483, 184
Trd, 000293.700, 183
Trd, 000294.600, 183
Trd, 000295.100, 182
Trd, 000295.150, 180
Trd, 000295.250, 184
Trd, 000295.433, 181
Trd, 000296.550, 175
Trd, 000296.833, 178
Trd, 000297.167, 185
Trd, 000297.267, 185
Trd, 000297.300, 179
Trd, 000297.317, 185
Trd, 000297.650, 178
Trd, 000297.683, 177
Trd, 000298.433, 181
Trd, 000298.517, 177
Trd, 000299.383, 177
