Trd, 000000.900, 124
Trd, 000001.050, 122
Trd, 000001.633, 132
Trd, 000002.700, 143
Trd, 000003.383, 143
Trd, 000003.517, 138
Trd, 000003.550, 137
Trd, 000005.300, 144
Trd, 000006.433, 140
Trd, 000006.867, 140
Trd, 000006.933, 145
Trd, 000007.733, 144
Trd, 000008.767, 143
Trd, 000009.100, 144
Trd, 000009.433, 142
Trd, 000009.450, 142
Trd, 000009.783, 141
Trd, 000009.967, 146
Trd, 000009.983, 148
Trd, 000011.933, 146
Trd, 000012.100, 147
Trd, 000012.233, 149
Trd, 000013.217, 146
Trd, 000013.417, 146
Trd, 000013.433, 144
Trd, 000013.717, 142
Trd, 000015.417, 144
Trd, 000015.667, 150
Trd, 000015.783, 143
Trd, 000017.133, 151
Trd, 000017.233, 154
Trd, 000017.667, 151
Trd, 000018.150, 156
Trd, 000018.233, 150
Trd, 000018.867, 143
Trd, 000019.667, 138
Trd, 000020.783, 150
Trd, 000020.933, 151
Trd, 000022.100, 146
Trd, 000022.750, 152
Trd, 000023.583, 148
Trd, 000024.183, 148
Trd, 000025.200, 147
Trd, 000025.400, 148
Trd, 000025.467, 147
Trd, 000025.633, 147
Trd, 000026.350, 148
Trd, 000027.617, 146
Trd, 000027.817, 145
Trd, 000028.000, 144
Trd, 000028.250, 143
Trd, 000028.433, 151
Trd, 000029.150, 161
Trd, 000029.317, 145
Trd, 000031.000, 151
Trd, 000031.800, 151
Trd, 000032.367, 155
Trd, 000032.567, 146
Trd, 000033.083, 145
Trd, 000034.817, 150
Trd, 000035.267, 145
Trd, 000035.833, 149
Trd, 000036.583, 149
Trd, 000036.650, 146
Trd, 000036.783, 148
Trd, 000037.300, 148
Trd, 000037.700, 144
Trd, 000037.767, 141
Trd, 000038.033, 137
Trd, 000039.917, 156
Trd, 000040.700, 156
Trd, 000041.900, 149
Trd, 000042.100, 154
Trd, 000042.267, 152
Trd, 000043.467, 155
Trd, 000043.500, 151
Trd, 000044.167, 149
Trd, 000045.167, 147
Trd, 000046.100, 152
Trd, 000047.467, 149
Trd, 000048.083, 147
Trd, 000048.683, 151
Trd, 000049.000, 152
Trd, 000049.033, 163
Trd, 000049.667, 150
Trd, 000050.633, 154
Trd, 000050.683, 155
Trd, 000051.683, 175
Trd, 000052.000, 153
Trd, 000052.383, 151
Trd, 000053.067, 160
Trd, 000053.350, 152
Trd, 000054.050, 151
Trd, 000054.150, 160
Trd, 000055.717, 158
Trd, 000056.917, 157
Trd, 000057.233, 158
Trd, 000057.267, 160
Trd, 000057.917, 159
Trd, 000058.017, 157
Trd, 000058.567, 156
Trd, 000059.167, 154
Trd, 000059.617, 158
Trd, 000060.000, 153
Trd, 000060.450, 152
Trd, 000060.467, 147
Trd, 000060.900, 150
Trd, 000061.233, 149
Trd, 000061.783, 137
Trd, 000061.833, 150
Trd, 000063.783, 160
Trd, 000065.000, 156
Trd, 000065.083, 157
Trd, 000065.583, 156
Trd, 000067.167, 157
Trd, 000067.483, 155
Trd, 000068.183, 165
Trd, 000069.433, 156
Trd, 000069.933, 158
Trd, 000070.583, 155
Trd, 000070.683, 155
Trd, 000071.100, 158
Trd, 000071.150, 159
Trd, 000072.033, 168
Trd, 000073.067, 159
Trd, 000074.117, 160
Trd, 000074.333, 159
Trd, 000074.650, 159
Trd, 000075.017, 159
Trd, 000075.183, 159
Trd, 000075.933, 159
Trd, 000076.083, 158
Trd, 000077.550, 158
Trd, 000078.650, 157
Trd, 000079.033, 155
Trd, 000079.383, 151
Trd, 000079.650, 150
Trd, 000079.917, 154
Trd, 000080.317, 149
Trd, 000080.433, 154
Trd, 000080.600, 149
Trd, 000081.250, 145
Trd, 000081.717, 155
Trd, 000082.450, 155
Trd, 000082.550, 155
Trd, 000083.183, 153
Trd, 000084.083, 150
Trd, 000084.750, 153
Trd, 000085.317, 152
Trd, 000085.517, 152
Trd, 000087.333, 151
Trd, 000087.400, 152
Trd, 000088.333, 150
Trd, 000088.483, 150
Trd, 000088.517, 152
Trd, 000088.750, 149
Trd, 000088.783, 153
Trd, 000089.333, 155
Trd, 000089.750, 168
Trd, 000090.983, 167
Trd, 000091.133, 151
Trd, 000091.617, 168
Trd, 000092.950, 159
Trd, 000094.900, 160
Trd, 000095.300, 158
Trd, 000095.333, 158
Trd, 000095.950, 158
Trd, 000096.400, 158
Trd, 000096.750, 157
Trd, 000097.500, 157
Trd, 000097.800, 158
Trd, 000098.500, 158
Trd, 000098.683, 157
Trd, 000099.317, 161
Trd, 000099.967, 158
Trd, 000100.667, 158
Trd, 000100.867, 157
Trd, 000101.283, 157
Trd, 000101.517, 151
Trd, 000101.817, 158
Trd, 000102.233, 158
Trd, 000102.617, 147
Trd, 000105.050, 155
Trd, 000105.067, 154
Trd, 000105.333, 153
Trd, 000105.933, 156
Trd, 000106.167, 157
Trd, 000106.367, 166
Trd, 000107.550, 169
Trd, 000108.450, 185
Trd, 000109.600, 173
Trd, 000109.833, 173
Trd, 000110.617, 173
Trd, 000111.100, 168
Trd, 000111.117, 162
Trd, 000111.350, 159
Trd, 000112.500, 173
Trd, 000114.317, 167
Trd, 000114.333, 172
Trd, 000114.933, 166
Trd, 000115.217, 172
Trd, 000115.483, 165
Trd, 000116.933, 165
Trd, 000117.583, 165
Trd, 000117.667, 164
Trd, 000117.867, 165
Trd, 000118.700, 164
Trd, 000118.933, 168
Trd, 000119.117, 158
Trd, 000121.267, 167
Trd, 000121.517, 167
Trd, 000121.550, 163
Trd, 000122.067, 160
Trd, 000122.650, 160
Trd, 000123.483, 165
Trd, 000123.950, 161
Trd, 000124.633, 159
Trd, 000125.217, 158
Trd, 000125.317, 159
Trd, 000127.817, 159
Trd, 000127.883, 159
Trd, 000128.183, 160
Trd, 000128.317, 160
Trd, 000128.517, 158
Trd, 000128.600, 161
Trd, 000128.817, 171
Trd, 000130.450, 163
Trd, 000131.917, 164
Trd, 000132.283, 150
Trd, 000132.850, 160
Trd, 000133.450, 158
Trd, 000133.733, 154
Trd, 000134.167, 166
Trd, 000135.217, 166
Trd, 000136.750, 165
Trd, 000136.850, 164
Trd, 000136.933, 161
Trd, 000137.533, 160
Trd, 000138.250, 152
Trd, 000138.850, 156
Trd, 000139.750, 157
Trd, 000140.050, 162
Trd, 000141.133, 165
Trd, 000141.217, 164
Trd, 000143.000, 155
Trd, 000143.867, 158
Trd, 000144.000, 159
Trd, 000144.650, 159
Trd, 000144.767, 158
Trd, 000145.050, 158
Trd, 000145.100, 155
Trd, 000145.300, 156
Trd, 000145.750, 153
Trd, 000146.217, 154
Trd, 000148.283, 156
Trd, 000148.583, 172
Trd, 000150.433, 160
Trd, 000150.983, 158
Trd, 000151.167, 157
Trd, 000151.300, 156
Trd, 000151.700, 159
Trd, 000151.733, 160
Trd, 000152.367, 156
Trd, 000152.617, 152
Trd, 000153.467, 154
Trd, 000153.733, 155
Trd, 000153.850, 156
Trd, 000154.617, 164
Trd, 000155.233, 148
Trd, 000155.817, 169
Trd, 000156.533, 169
Trd, 000157.850, 167
Trd, 000159.017, 166
Trd, 000159.467, 165
Trd, 000159.583, 157
Trd, 000159.683, 165
Trd, 000160.200, 165
Trd, 000160.467, 164
Trd, 000160.933, 157
Trd, 000161.300, 165
Trd, 000161.467, 159
Trd, 000163.483, 162
Trd, 000163.667, 161
Trd, 000163.717, 158
Trd, 000164.617, 163
Trd, 000164.717, 160
Trd, 000165.900, 161
Trd, 000166.483, 161
Trd, 000167.033, 164
Trd, 000167.733, 159
Trd, 000167.833, 165
Trd, 000168.200, 165
Trd, 000168.217, 158
Trd, 000170.550, 160
Trd, 000170.817, 160
Trd, 000171.400, 165
Trd, 000171.600, 160
Trd, 000171.983, 181
Trd, 000172.650, 174
Trd, 000175.117, 165
Trd, 000175.133, 173
Trd, 000175.567, 166
Trd, 000176.050, 166
Trd, 000176.117, 172
Trd, 000176.833, 167
Trd, 000177.067, 168
Trd, 000177.100, 166
Trd, 000177.483, 165
Trd, 000178.417, 164
Trd, 000178.500, 158
Trd, 000179.100, 162
Trd, 000179.233, 164
Trd, 000179.450, 165
Trd, 000180.317, 165
Trd, 000181.217, 167
Trd, 000181.583, 167
Trd, 000182.567, 173
Trd, 000183.250, 166
Trd, 000183.950, 168
Trd, 000185.533, 170
Trd, 000185.950, 169
Trd, 000187.050, 170
Trd, 000187.083, 169
Trd, 000187.150, 171
Trd, 000187.333, 172
Trd, 000187.633, 174
Trd, 000187.750, 173
Trd, 000189.183, 167
Trd, 000191.050, 176
Trd, 000191.983, 166
Trd, 000192.017, 174
Trd, 000192.983, 167
Trd, 000193.750, 171
Trd, 000194.183, 170
Trd, 000194.333, 169
Trd, 000194.767, 168
Trd, 000195.150, 169
Trd, 000196.083, 169
Trd, 000196.250, 169
Trd, 000196.450, 170
Trd, 000196.467, 168
Trd, 000197.583, 169
Trd, 000197.733, 168
Trd, 000197.900, 175
Trd, 000200.783, 174
Trd, 000201.150, 174
Trd, 000201.350, 175
Trd, 000202.983, 173
Trd, 000203.083, 174
Trd, 000203.333, 168
Trd, 000204.350, 171
Trd, 000205.250, 169
Trd, 000205.500, 170
Trd, 000205.567, 161
Trd, 000205.583, 158
Trd, 000206.267, 170
Trd, 000206.317, 169
Trd, 000206.400, 170
Trd, 000206.750, 168
Trd, 000208.167, 172
Trd, 000209.000, 176
Trd, 000209.100, 178
Trd, 000209.800, 179
Trd, 000209.983, 178
Trd, 000210.517, 177
Trd, 000210.650, 169
Trd, 000210.767, 162
Trd, 000211.417, 172
Trd, 000213.683, 175
Trd, 000214.033, 173
Trd, 000214.200, 173
Trd, 000214.517, 172
Trd, 000214.783, 169
Trd, 000214.967, 171
Trd, 000215.267, 171
Trd, 000216.017, 168
Trd, 000216.267, 158
Trd, 000217.167, 162
Trd, 000218.417, 164
Trd, 000218.633, 165
Trd, 000218.733, 166
Trd, 000219.583, 165
Trd, 000219.983, 167
Trd, 000220.017, 167
Trd, 000220.517, 169
Trd, 000221.333, 178
Trd, 000221.800, 182
Trd, 000223.067, 170
Trd, 000223.867, 180
Trd, 000224.100, 178
Trd, 000224.383, 179
Trd, 000224.950, 180
Trd, 000225.033, 170
Trd, 000225.167, 163
Trd, 000225.500, 175
Trd, 000227.583, 179
Trd, 000227.967, 180
Trd, 000228.233, 181
Trd, 000229.167, 174
Trd, 000230.000, 175
Trd, 000230.283, 175
Trd, 000230.633, 175
Trd, 000230.800, 176
Trd, 000231.250, 177
Trd, 000231.817, 172
Trd, 000232.267, 178
Trd, 000232.417, 171
Trd, 000233.017, 172
Trd, 000233.067, 164
Trd, 000233.383, 177
Trd, 000234.433, 171
Trd, 000235.033, 171
Trd, 000235.350, 164
Trd, 000236.083, 168
Trd, 000237.167, 170
Trd, 000238.133, 172
Trd, 000238.200, 174
Trd, 000238.250, 167
Trd, 000240.117, 168
Trd, 000240.633, 165
Trd, 000240.883, 166
Trd, 000240.983, 167
Trd, 000241.117, 167
Trd, 000241.183, 165
Trd, 000241.267, 166
Trd, 000241.933, 164
Trd, 000242.400, 163
Trd, 000242.550, 164
Trd, 000242.783, 175
Trd, 000243.017, 164
Trd, 000243.717, 164
Trd, 000244.033, 169
Trd, 000244.067, 168
Trd, 000244.183, 172
Trd, 000245.900, 170
Trd, 000246.183, 168
Trd, 000246.633, 170
Trd, 000247.533, 169
Trd, 000247.733, 171
Trd, 000247.750, 171
Trd, 000247.783, 170
Trd, 000247.933, 172
Trd, 000248.417, 183
Trd, 000248.600, 173
Trd, 000248.933, 186
Trd, 000250.667, 175
Trd, 000251.067, 173
Trd, 000251.583, 173
Trd, 000251.917, 173
Trd, 000252.067, 171
Trd, 000252.633, 173
Trd, 000253.100, 170
Trd, 000253.800, 169
Trd, 000254.417, 172
Trd, 000255.250, 172
Trd, 000255.533, 171
Trd, 000256.167, 171
Trd, 000256.417, 173
Trd, 000256.433, 183
Trd, 000256.567, 171
Trd, 000257.017, 187
Trd, 000258.367, 176
Trd, 000259.000, 173
Trd, 000259.700, 173
Trd, 000260.050, 176
Trd, 000260.850, 177
Trd, 000261.200, 176
Trd, 000261.400, 174
Trd, 000261.750, 177
Trd, 000261.983, 177
Trd, 000263.100, 177
Trd, 000263.333, 173
Trd, 000263.417, 171
Trd, 000263.517, 170
Trd, 000264.967, 174
Trd, 000265.450, 173
Trd, 000266.067, 174
Trd, 000266.417, 172
Trd, 000266.717, 170
Trd, 000267.233, 167
Trd, 000267.650, 172
Trd, 000267.750, 163
Trd, 000268.000, 173
Trd, 000268.167, 170
Trd, 000268.917, 175
Trd, 000269.133, 171
Trd, 000269.633, 177
Trd, 000270.667, 169
Trd, 000270.800, 173
Trd, 000271.150, 176
Trd, 000271.550, 176
Trd, 000271.933, 177
Trd, 000272.333, 175
Trd, 000273.083, 171
Trd, 000273.667, 175
Trd, 000274.367, 174
Trd, 000274.850, 169
Trd, 000275.267, 174
Trd, 000276.350, 172
Trd, 000276.417, 172
Trd, 000276.883, 173
Trd, 000277.267, 174
Trd, 000277.550, 175
Trd, 000277.750, 172
Trd, 000278.317, 172
Trd, 000278.883, 171
Trd, 000279.250, 169
Trd, 000280.033, 173
Trd, 000280.150, 175
Trd, 000280.167, 170
Trd, 000280.733, 177
Trd, 000281.183, 177
Trd, 000281.767, 177
Trd, 000282.833, 176
Trd, 000283.233, 175
Trd, 000283.850, 176
Trd, 000284.817, 174
Trd, 000285.100, 186
Trd, 000285.517, 180
Trd, 000285.817, 175
Trd, 000285.933, 179
Trd, 000285.950, 174
Trd, 000287.167, 178
Trd, 000287.183, 179
Trd, 000288.283, 173
Trd, 000288.433, 181
Trd, 000288.800, 172
Trd, 000289.400, 173
Trd, 000290.017, 177
Trd, 000290.033, 178
Trd, 000290.917, 177
Trd, 000291.167, 177
Trd, 000291.317, 175
Trd, 000292.100, 176
Trd, 000292.683, 173
Trd, 000293.600, 173
Trd, 000293.633, 172
Trd, 000294.017, 174
Trd, 000294.583, 173
Trd, 000294.700, 171
Trd, 000295.017, 173
Trd, 000296.200, 174
Trd, 000296.433, 173
Trd, 000296.533, 177
Trd, 000296.600, 177
Trd, 000296.867, 180
Trd, 000296.900, 171
Trd, 000297.017, 179
Trd, 000297.067, 184
Trd, 000297.350, 186
Trd, 000297.983, 173
Trd, 000299.217, 174
Trd, 000299.667, 171
Trd, 000299.967, 181
