Trd, 000002.633, 165
Trd, 000002.700, 155
Trd, 000002.967, 127
Trd, 000003.750, 130
Trd, 000003.867, 132
Trd, 000004.200, 165
Trd, 000005.533, 127
Trd, 000005.767, 138
Trd, 000006.050, 140
Trd, 000008.333, 162
Trd, 000008.483, 162
Trd, 000009.133, 151
Trd, 000009.300, 150
Trd, 000010.333, 156
Trd, 000011.250, 150
Trd, 000011.883, 162
Trd, 000013.683, 158
Trd, 000014.600, 156
Trd, 000014.683, 151
Trd, 000014.700, 150
Trd, 000014.817, 158
Trd, 000015.167, 151
Trd, 000015.367, 163
Trd, 000015.750, 166
Trd, 000016.167, 166
Trd, 000016.583, 169
Trd, 000017.083, 153
Trd, 000017.900, 157
Trd, 000019.150, 158
Trd, 000019.350, 162
Trd, 000020.067, 157
Trd, 000021.833, 160
Trd, 000022.217, 161
Trd, 000024.083, 157
Trd, 000024.550, 157
Trd, 000025.533, 156
Trd, 000025.567, 154
Trd, 000025.933, 164
Trd, 000027.117, 159
Trd, 000027.700, 158
Trd, 000028.683, 159
Trd, 000028.900, 159
Trd, 000029.717, 165
Trd, 000029.983, 158
Trd, 000031.383, 165
Trd, 000032.383, 158
Trd, 000032.500, 168
Trd, 000033.583, 161
Trd, 000034.100, 168
Trd, 000035.033, 169
Trd, 000035.267, 168
Trd, 000035.317, 168
Trd, 000036.817, 169
Trd, 000036.950, 168
Trd, 000037.983, 168
Trd, 000038.400, 165
Trd, 000039.283, 165
Trd, 000039.583, 164
Trd, 000040.300, 163
Trd, 000040.483, 164
Trd, 000040.900, 162
Trd, 000041.267, 165
Trd, 000042.750, 166
Trd, 000043.217, 162
Trd, 000043.650, 163
Trd, 000044.017, 165
Trd, 000044.717, 160
Trd, 000045.517, 162
Trd, 000046.450, 166
Trd, 000046.667, 169
Trd, 000047.883, 161
Trd, 000047.967, 156
Trd, 000048.767, 139
Trd, 000049.100, 152
Trd, 000050.383, 154
Trd, 000050.833, 155
Trd, 000051.733, 154
Trd, 000053.133, 154
Trd, 000053.833, 153
Trd, 000054.283, 152
Trd, 000054.400, 158
Trd, 000054.433, 152
Trd, 000055.433, 141
Trd, 000056.583, 149
Trd, 000056.883, 160
Trd, 000057.450, 167
Trd, 000057.683, 164
Trd, 000058.733, 166
Trd, 000059.117, 162
Trd, 000060.100, 162
Trd, 000060.783, 163
Trd, 000060.900, 159
Trd, 000062.200, 158
Trd, 000062.267, 160
Trd, 000064.083, 161
Trd, 000065.267, 158
Trd, 000066.517, 158
Trd, 000067.083, 162
Trd, 000067.183, 160
Trd, 000067.933, 163
Trd, 000068.967, 163
Trd, 000069.167, 165
Trd, 000069.533, 167
Trd, 000070.967, 166
Trd, 000071.150, 169
Trd, 000071.200, 165
Trd, 000071.417, 172
Trd, 000071.483, 175
Trd, 000071.967, 165
Trd, 000072.400, 164
Trd, 000072.750, 169
Trd, 000073.017, 164
Trd, 000074.167, 164
Trd, 000074.450, 168
Trd, 000075.433, 166
Trd, 000077.083, 164
Trd, 000077.383, 173
Trd, 000078.083, 173
Trd, 000078.933, 159
Trd, 000079.000, 147
Trd, 000080.467, 160
Trd, 000080.700, 155
Trd, 000081.317, 160
Trd, 000081.483, 163
Trd, 000082.200, 170
Trd, 000084.233, 164
Trd, 000084.350, 163
Trd, 000084.533, 158
Trd, 000084.750, 166
Trd, 000085.567, 165
Trd, 000086.867, 144
Trd, 000086.900, 145
Trd, 000087.450, 171
Trd, 000088.083, 160
Trd, 000088.150, 145
Trd, 000089.033, 173
Trd, 000089.517, 152
Trd, 000090.267, 144
Trd, 000091.350, 148
Trd, 000091.733, 152
Trd, 000092.283, 160
Trd, 000093.383, 163
Trd, 000093.783, 160
Trd, 000094.317, 156
Trd, 000094.600, 159
Trd, 000096.950, 156
Trd, 000097.400, 159
Trd, 000097.817, 164
Trd, 000098.100, 157
Trd, 000098.483, 157
Trd, 000098.733, 172
Trd, 000100.333, 165
Trd, 000100.967, 158
Trd, 000101.033, 165
Trd, 000101.717, 164
Trd, 000103.850, 165
Trd, 000103.967, 165
Trd, 000104.000, 160
Trd, 000104.167, 159
Trd, 000104.900, 152
Trd, 000105.933, 159
Trd, 000106.383, 146
Trd, 000106.800, 155
Trd, 000107.667, 156
Trd, 000107.783, 158
Trd, 000107.850, 166
Trd, 000109.150, 170
Trd, 000109.450, 172
Trd, 000109.867, 155
Trd, 000110.383, 165
Trd, 000111.883, 168
Trd, 000112.600, 172
Trd, 000113.000, 164
Trd, 000113.417, 174
Trd, 000114.850, 173
Trd, 000116.133, 172
Trd, 000116.417, 171
Trd, 000116.717, 171
Trd, 000118.567, 171
Trd, 000118.783, 170
Trd, 000119.367, 170
Trd, 000120.017, 174
Trd, 000120.083, 169
Trd, 000121.550, 168
Trd, 000122.633, 165
Trd, 000122.650, 177
Trd, 000123.283, 168
Trd, 000123.767, 175
Trd, 000124.517, 180
Trd, 000124.583, 184
Trd, 000125.150, 170
Trd, 000125.267, 174
Trd, 000125.500, 172
Trd, 000126.617, 176
Trd, 000126.700, 178
Trd, 000127.350, 179
Trd, 000127.517, 174
Trd, 000127.667, 171
Trd, 000128.100, 180
Trd, 000129.617, 173
Trd, 000129.850, 172
Trd, 000129.883, 170
Trd, 000131.717, 174
Trd, 000132.333, 170
Trd, 000134.250, 171
Trd, 000134.417, 171
Trd, 000134.667, 170
Trd, 000135.267, 169
Trd, 000136.000, 172
Trd, 000136.333, 175
Trd, 000137.017, 179
Trd, 000137.850, 180
Trd, 000138.200, 177
Trd, 000138.300, 180
Trd, 000138.483, 176
Trd, 000139.117, 174
Trd, 000140.983, 177
Trd, 000141.150, 178
Trd, 000141.933, 179
Trd, 000142.167, 179
Trd, 000142.633, 182
Trd, 000143.167, 177
Trd, 000143.700, 175
Trd, 000145.533, 176
Trd, 000146.383, 178
Trd, 000146.683, 180
Trd, 000146.900, 180
Trd, 000148.250, 177
Trd, 000148.500, 176
Trd, 000148.567, 177
Trd, 000148.717, 183
Trd, 000149.017, 186
Trd, 000150.367, 179
Trd, 000150.533, 175
Trd, 000150.617, 180
Trd, 000151.217, 148
Trd, 000151.617, 168
Trd, 000152.367, 179
Trd, 000152.900, 171
Trd, 000154.600, 173
Trd, 000155.817, 169
Trd, 000156.650, 175
Trd, 000156.883, 178
Trd, 000157.183, 179
Trd, 000157.550, 176
Trd, 000157.600, 173
Trd, 000158.567, 173
Trd, 000159.633, 174
Trd, 000159.850, 173
Trd, 000159.933, 174
Trd, 000160.083, 178
Trd, 000161.033, 162
Trd, 000161.283, 168
Trd, 000161.933, 162
Trd, 000163.067, 167
Trd, 000163.350, 172
Trd, 000165.067, 170
Trd, 000165.783, 169
Trd, 000166.350, 172
Trd, 000166.817, 169
Trd, 000167.200, 173
Trd, 000167.483, 166
Trd, 000167.750, 170
Trd, 000168.133, 171
Trd, 000168.233, 173
Trd, 000168.800, 175
Trd, 000168.950, 168
Trd, 000170.717, 169
Trd, 000173.183, 173
Trd, 000174.300, 176
Trd, 000174.317, 174
Trd, 000174.633, 173
Trd, 000175.017, 177
Trd, 000175.383, 173
Trd, 000175.400, 179
Trd, 000175.533, 182
Trd, 000178.100, 171
Trd, 000178.767, 172
Trd, 000179.600, 172
Trd, 000179.983, 177
Trd, 000180.317, 172
Trd, 000181.267, 177
Trd, 000181.567, 173
Trd, 000182.850, 178
Trd, 000183.050, 179
Trd, 000183.400, 171
Trd, 000183.567, 180
Trd, 000185.333, 178
Trd, 000185.417, 171
Trd, 000186.083, 174
Trd, 000186.367, 170
Trd, 000186.867, 170
Trd, 000186.983, 180
Trd, 000187.350, 169
Trd, 000187.483, 170
Trd, 000187.867, 183
Trd, 000189.117, 190
Trd, 000189.167, 189
Trd, 000189.750, 180
Trd, 000191.000, 173
Trd, 000192.167, 173
Trd, 000192.200, 174
Trd, 000192.517, 181
Trd, 000193.033, 172
Trd, 000194.783, 176
Trd, 000194.967, 171
Trd, 000195.550, 175
Trd, 000196.067, 178
Trd, 000196.700, 184
Trd, 000197.067, 174
Trd, 000197.433, 173
Trd, 000198.333, 176
Trd, 000198.983, 173
Trd, 000199.450, 175
Trd, 000199.783, 177
Trd, 000200.350, 174
Trd, 000200.800, 172
Trd, 000203.800, 180
Trd, 000204.600, 178
Trd, 000205.100, 183
Trd, 000205.383, 185
Trd, 000205.667, 180
Trd, 000205.867, 179
Trd, 000206.200, 182
Trd, 000206.500, 186
Trd, 000207.867, 180
Trd, 000207.967, 179
Trd, 000208.817, 186
Trd, 000209.467, 187
Trd, 000209.733, 192
Trd, 000210.183, 182
Trd, 000210.350, 183
Trd, 000211.817, 188
Trd, 000211.917, 188
Trd, 000212.967, 166
Trd, 000213.383, 177
Trd, 000213.817, 177
Trd, 000214.000, 176
Trd, 000214.817, 185
Trd, 000215.083, 185
Trd, 000216.583, 181
Trd, 000216.750, 181
Trd, 000218.233, 181
Trd, 000218.367, 184
Trd, 000219.317, 183
Trd, 000220.550, 189
Trd, 000221.283, 187
Trd, 000221.300, 182
Trd, 000223.317, 187
Trd, 000223.483, 188
Trd, 000224.483, 187
Trd, 000225.533, 188
Trd, 000226.050, 185
Trd, 000226.367, 190
Trd, 000226.717, 185
Trd, 000227.300, 191
Trd, 000227.433, 185
Trd, 000227.917, 185
Trd, 000228.383, 184
Trd, 000228.467, 183
Trd, 000228.783, 182
Trd, 000228.850, 189
Trd, 000229.683, 176
Trd, 000230.317, 191
Trd, 000231.650, 188
Trd, 000232.650, 156
Trd, 000233.450, 167
Trd, 000234.483, 191
Trd, 000235.250, 175
Trd, 000235.383, 175
Trd, 000236.050, 163
Trd, 000236.167, 154
Trd, 000236.567, 161
Trd, 000236.800, 160
Trd, 000237.217, 162
Trd, 000238.300, 175
Trd, 000239.517, 179
Trd, 000240.167, 177
Trd, 000240.633, 177
Trd, 000241.350, 176
Trd, 000241.817, 174
Trd, 000242.933, 179
Trd, 000243.033, 178
Trd, 000243.483, 174
Trd, 000243.867, 173
Trd, 000244.600, 179
Trd, 000244.717, 181
Trd, 000245.100, 179
Trd, 000245.317, 182
Trd, 000246.600, 179
Trd, 000247.333, 178
Trd, 000247.850, 179
Trd, 000248.017, 177
Trd, 000249.017, 179
Trd, 000249.267, 181
Trd, 000249.817, 176
Trd, 000249.867, 176
Trd, 000250.383, 178
Trd, 000250.700, 177
Trd, 000251.350, 175
Trd, 000251.717, 174
Trd, 000251.883, 173
Trd, 000252.967, 179
Trd, 000253.483, 175
Trd, 000253.567, 180
Trd, 000253.717, 172
Trd, 000253.883, 181
Trd, 000255.067, 177
Trd, 000255.767, 179
Trd, 000256.350, 176
Trd, 000256.600, 188
Trd, 000256.783, 161
Trd, 000257.633, 184
Trd, 000257.917, 186
Trd, 000258.233, 184
Trd, 000259.717, 184
Trd, 000259.883, 190
Trd, 000260.267, 184
Trd, 000260.867, 182
Trd, 000261.000, 188
Trd, 000261.400, 182
Trd, 000261.700, 182
Trd, 000262.683, 180
Trd, 000263.083, 178
Trd, 000263.733, 177
Trd, 000263.967, 179
Trd, 000264.033, 177
Trd, 000264.583, 180
Trd, 000264.900, 184
Trd, 000265.783, 184
Trd, 000265.900, 178
Trd, 000266.517, 186
Trd, 000267.067, 182
Trd, 000267.850, 190
Trd, 000268.300, 185
Trd, 000269.167, 188
Trd, 000269.750, 185
Trd, 000270.133, 189
Trd, 000270.700, 189
Trd, 000270.717, 186
Trd, 000271.000, 185
Trd, 000271.917, 184
Trd, 000272.750, 170
Trd, 000273.383, 175
Trd, 000273.850, 174
Trd, 000273.867, 175
Trd, 000274.500, 178
Trd, 000275.217, 182
Trd, 000275.233, 185
Trd, 000275.383, 190
Trd, 000276.333, 184
Trd, 000276.583, 190
Trd, 000276.633, 185
Trd, 000276.783, 191
Trd, 000277.550, 184
Trd, 000277.567, 186
Trd, 000279.217, 186
Trd, 000279.500, 185
Trd, 000279.567, 190
Trd, 000279.967, 185
Trd, 000280.083, 184
Trd, 000281.133, 177
Trd, 000281.167, 189
Trd, 000281.983, 190
Trd, 000282.183, 178
Trd, 000282.617, 176
Trd, 000282.767, 164
Trd, 000283.600, 174
Trd, 000284.400, 181
Trd, 000284.483, 182
Trd, 000284.950, 177
Trd, 000285.800, 182
Trd, 000286.517, 177
Trd, 000286.783, 176
Trd, 000287.000, 183
Trd, 000287.050, 186
Trd, 000288.067, 175
Trd, 000288.100, 177
Trd, 000288.750, 187
Trd, 000289.217, 177
Trd, 000289.917, 187
Trd, 000289.983, 190
Trd, 000290.550, 182
Trd, 000291.117, 189
Trd, 000291.317, 189
Trd, 000292.050, 184
Trd, 000292.533, 189
Trd, 000292.550, 190
Trd, 000292.783, 191
Trd, 000292.933, 191
Trd, 000293.783, 193
Trd, 000293.917, 188
Trd, 000294.350, 187
Trd, 000294.683, 185
Trd, 000295.550, 189
Trd, 000296.083, 177
Trd, 000296.133, 169
Trd, 000296.200, 164
Trd, 000296.633, 190
Trd, 000297.000, 169
Trd, 000297.300, 175
Trd, 000297.333, 167
Trd, 000299.183, 181
Trd, 000299.917, 179
