Trd, 000001.683, 131
Trd, 000003.183, 153
Trd, 000003.450, 137
Trd, 000004.250, 153
Trd, 000004.433, 158
Trd, 000004.550, 161
Trd, 000005.383, 162
Trd, 000005.550, 151
Trd, 000006.000, 154
Trd, 000006.633, 152
Trd, 000006.933, 148
Trd, 000007.417, 142
Trd, 000007.983, 158
Trd, 000008.100, 159
Trd, 000008.117, 148
Trd, 000009.950, 146
Trd, 000010.167, 151
Trd, 000010.567, 145
Trd, 000010.867, 149
Trd, 000011.883, 151
Trd, 000012.317, 151
Trd, 000012.767, 150
Trd, 000013.483, 154
Trd, 000013.567, 152
Trd, 000014.433, 153
Trd, 000015.967, 150
Trd, 000016.550, 151
Trd, 000016.600, 153
Trd, 000017.033, 155
Trd, 000017.967, 156
Trd, 000018.050, 153
Trd, 000019.333, 154
Trd, 000019.500, 156
Trd, 000020.250, 154
Trd, 000020.967, 153
Trd, 000021.150, 157
Trd, 000021.867, 150
Trd, 000022.700, 154
Trd, 000023.133, 152
Trd, 000023.817, 152
Trd, 000025.267, 152
Trd, 000025.600, 152
Trd, 000026.067, 154
Trd, 000026.250, 157
Trd, 000026.800, 152
Trd, 000027.750, 151
Trd, 000029.033, 154
Trd, 000030.033, 154
Trd, 000030.933, 152
Trd, 000031.133, 152
Trd, 000031.650, 153
Trd, 000031.817, 153
Trd, 000032.500, 151
Trd, 000033.117, 151
Trd, 000034.000, 152
Trd, 000034.800, 152
Trd, 000036.650, 151
Trd, 000036.867, 158
Trd, 000037.067, 150
Trd, 000037.133, 155
Trd, 000039.617, 152
Trd, 000040.483, 155
Trd, 000041.167, 154
Trd, 000041.417, 155
Trd, 000043.350, 155
Trd, 000045.217, 154
Trd, 000045.783, 154
Trd, 000045.800, 156
Trd, 000047.067, 157
Trd, 000047.617, 158
Trd, 000048.067, 154
Trd, 000049.333, 160
Trd, 000049.367, 155
Trd, 000049.633, 160
Trd, 000049.733, 160
Trd, 000050.367, 155
Trd, 000050.683, 155
Trd, 000050.850, 154
Trd, 000051.617, 160
Trd, 000051.900, 160
Trd, 000052.633, 156
Trd, 000053.133, 155
Trd, 000053.500, 160
Trd, 000054.233, 151
Trd, 000056.383, 156
Trd, 000056.817, 156
Trd, 000056.950, 156
Trd, 000057.283, 156
Trd, 000058.933, 157
Trd, 000059.133, 157
Trd, 000059.283, 157
Trd, 000060.367, 149
Trd, 000061.150, 156
Trd, 000061.217, 158
Trd, 000061.350, 147
Trd, 000062.217, 158
Trd, 000062.633, 178
Trd, 000063.533, 159
Trd, 000063.850, 159
Trd, 000064.400, 163
Trd, 000064.883, 159
Trd, 000066.083, 163
Trd, 000066.633, 163
Trd, 000066.783, 164
Trd, 000067.333, 163
Trd, 000067.517, 161
Trd, 000068.550, 164
Trd, 000068.633, 159
Trd, 000069.250, 159
Trd, 000071.083, 154
Trd, 000071.883, 152
Trd, 000072.100, 157
Trd, 000072.517, 163
Trd, 000072.550, 160
Trd, 000073.400, 157
Trd, 000073.600, 163
Trd, 000075.550, 160
Trd, 000077.967, 159
Trd, 000078.167, 157
Trd, 000078.233, 157
Trd, 000079.483, 160
Trd, 000080.283, 158
Trd, 000080.417, 156
Trd, 000080.483, 160
Trd, 000080.633, 161
Trd, 000080.867, 162
Trd, 000082.150, 153
Trd, 000082.333, 161
Trd, 000082.817, 162
Trd, 000083.250, 163
Trd, 000085.567, 157
Trd, 000085.700, 157
Trd, 000085.750, 156
Trd, 000087.100, 157
Trd, 000087.583, 160
Trd, 000088.317, 170
Trd, 000088.483, 157
Trd, 000090.050, 166
Trd, 000091.433, 159
Trd, 000091.750, 163
Trd, 000092.083, 164
Trd, 000092.733, 165
Trd, 000093.617, 163
Trd, 000095.000, 163
Trd, 000096.150, 161
Trd, 000096.700, 160
Trd, 000096.950, 160
Trd, 000097.833, 164
Trd, 000099.000, 162
Trd, 000099.267, 164
Trd, 000099.633, 162
Trd, 000099.767, 161
Trd, 000100.100, 164
Trd, 000100.383, 165
Trd, 000100.433, 168
Trd, 000102.083, 166
Trd, 000103.450, 166
Trd, 000103.633, 163
Trd, 000103.783, 165
Trd, 000104.350, 163
Trd, 000105.417, 166
Trd, 000105.500, 162
Trd, 000106.433, 164
Trd, 000107.017, 164
Trd, 000107.683, 165
Trd, 000108.100, 162
Trd, 000108.567, 169
Trd, 000109.667, 162
Trd, 000110.450, 163
Trd, 000110.917, 161
Trd, 000111.133, 163
Trd, 000112.633, 163
Trd, 000113.233, 163
Trd, 000113.783, 165
Trd, 000115.200, 163
Trd, 000115.433, 162
Trd, 000116.650, 162
Trd, 000116.950, 166
Trd, 000118.400, 163
Trd, 000118.733, 164
Trd, 000119.483, 162
Trd, 000119.817, 160
Trd, 000120.400, 162
Trd, 000120.833, 163
Trd, 000120.850, 160
Trd, 000121.000, 161
Trd, 000121.083, 160
Trd, 000122.050, 165
Trd, 000123.683, 162
Trd, 000124.350, 160
Trd, 000124.683, 160
Trd, 000126.067, 163
Trd, 000126.567, 162
Trd, 000126.800, 160
Trd, 000126.817, 173
Trd, 000127.200, 159
Trd, 000128.117, 159
Trd, 000130.100, 161
Trd, 000131.133, 163
Trd, 000131.633, 162
Trd, 000131.917, 163
Trd, 000132.600, 160
Trd, 000132.800, 159
Trd, 000133.167, 164
Trd, 000134.600, 158
Trd, 000135.833, 162
Trd, 000135.867, 163
Trd, 000136.983, 164
Trd, 000138.533, 164
Trd, 000139.233, 163
Trd, 000139.667, 164
Trd, 000139.733, 164
Trd, 000140.383, 169
Trd, 000141.200, 169
Trd, 000141.217, 167
Trd, 000142.183, 165
Trd, 000142.300, 165
Trd, 000142.933, 172
Trd, 000144.367, 165
Trd, 000144.800, 164
Trd, 000145.417, 157
Trd, 000145.733, 164
Trd, 000147.333, 162
Trd, 000147.900, 162
Trd, 000148.317, 160
Trd, 000148.800, 163
Trd, 000149.500, 162
Trd, 000149.517, 161
Trd, 000150.367, 163
Trd, 000150.383, 164
Trd, 000150.750, 176
Trd, 000152.383, 166
Trd, 000154.333, 168
Trd, 000154.450, 159
Trd, 000154.817, 165
Trd, 000156.133, 167
Trd, 000156.733, 168
Trd, 000156.767, 171
Trd, 000156.783, 187
Trd, 000158.150, 174
Trd, 000158.167, 174
Trd, 000158.483, 168
Trd, 000159.217, 167
Trd, 000159.850, 168
Trd, 000160.033, 167
Trd, 000160.500, 166
Trd, 000161.100, 169
Trd, 000161.233, 171
Trd, 000162.117, 168
Trd, 000162.433, 169
Trd, 000162.983, 170
Trd, 000165.367, 167
Trd, 000165.400, 168
Trd, 000165.800, 167
Trd, 000166.000, 167
Trd, 000166.500, 168
Trd, 000166.833, 171
Trd, 000167.050, 168
Trd, 000168.617, 170
Trd, 000169.350, 170
Trd, 000170.850, 171
Trd, 000171.450, 170
Trd, 000172.017, 169
Trd, 000172.100, 170
Trd, 000172.750, 171
Trd, 000173.317, 168
Trd, 000173.517, 167
Trd, 000174.933, 171
Trd, 000178.617, 169
Trd, 000178.750, 170
Trd, 000179.700, 168
Trd, 000179.883, 151
Trd, 000180.117, 171
Trd, 000180.583, 172
Trd, 000181.733, 171
Trd, 000182.950, 173
Trd, 000183.333, 172
Trd, 000183.750, 170
Trd, 000184.550, 173
Trd, 000185.400, 172
Trd, 000185.517, 171
Trd, 000185.567, 174
Trd, 000187.950, 170
Trd, 000188.033, 171
Trd, 000188.933, 169
Trd, 000189.450, 171
Trd, 000189.667, 171
Trd, 000189.817, 168
Trd, 000190.883, 171
Trd, 000193.317, 174
Trd, 000193.550, 172
Trd, 000195.033, 171
Trd, 000195.200, 172
Trd, 000195.333, 170
Trd, 000195.517, 174
Trd, 000195.917, 171
Trd, 000196.400, 176
Trd, 000196.800, 170
Trd, 000197.117, 170
Trd, 000197.350, 162
Trd, 000197.500, 173
Trd, 000199.183, 165
Trd, 000199.650, 167
Trd, 000200.083, 167
Trd, 000200.983, 175
Trd, 000201.050, 178
Trd, 000201.883, 169
Trd, 000202.183, 166
Trd, 000202.600, 167
Trd, 000203.383, 174
Trd, 000204.217, 175
Trd, 000205.583, 175
Trd, 000205.700, 164
Trd, 000205.983, 177
Trd, 000206.733, 176
Trd, 000209.350, 176
Trd, 000209.683, 174
Trd, 000209.817, 172
Trd, 000211.183, 177
Trd, 000211.800, 172
Trd, 000212.683, 173
Trd, 000213.283, 172
Trd, 000213.800, 172
Trd, 000213.967, 170
Trd, 000214.367, 171
Trd, 000215.067, 170
Trd, 000215.350, 176
Trd, 000216.400, 165
Trd, 000217.867, 174
Trd, 000219.617, 172
Trd, 000219.783, 170
Trd, 000219.900, 171
Trd, 000220.183, 165
Trd, 000220.300, 171
Trd, 000220.833, 171
Trd, 000221.167, 166
Trd, 000221.333, 171
Trd, 000222.017, 173
Trd, 000222.033, 177
Trd, 000222.467, 180
Trd, 000223.767, 169
Trd, 000224.633, 175
Trd, 000225.883, 178
Trd, 000227.533, 174
Trd, 000227.617, 175
Trd, 000228.717, 176
Trd, 000228.917, 177
Trd, 000229.117, 180
Trd, 000229.133, 184
Trd, 000229.250, 175
Trd, 000231.517, 176
Trd, 000232.267, 175
Trd, 000233.633, 174
Trd, 000233.733, 172
Trd, 000235.833, 172
Trd, 000236.183, 173
Trd, 000237.000, 176
Trd, 000237.567, 172
Trd, 000237.883, 173
Trd, 000237.950, 171
Trd, 000239.933, 172
Trd, 000240.250, 173
Trd, 000240.283, 172
Trd, 000240.350, 174
Trd, 000240.900, 175
Trd, 000241.050, 174
Trd, 000241.250, 178
Trd, 000241.550, 179
Trd, 000241.883, 178
Trd, 000242.200, 177
Trd, 000243.133, 172
Trd, 000243.500, 171
Trd, 000243.917, 174
Trd, 000244.500, 175
Trd, 000244.850, 170
Trd, 000244.983, 166
Trd, 000245.833, 164
Trd, 000245.867, 167
Trd, 000246.050, 170
Trd, 000247.233, 172
Trd, 000247.700, 173
Trd, 000248.200, 173
Trd, 000249.017, 174
Trd, 000249.083, 171
Trd, 000249.500, 168
Trd, 000249.517, 170
Trd, 000249.800, 168
Trd, 000250.583, 170
Trd, 000250.617, 168
Trd, 000251.183, 170
Trd, 000251.367, 169
Trd, 000251.567, 168
Trd, 000251.883, 171
Trd, 000252.550, 170
Trd, 000252.733, 173
Trd, 000253.417, 176
Trd, 000254.167, 177
Trd, 000254.483, 174
Trd, 000255.333, 174
Trd, 000255.483, 174
Trd, 000255.667, 173
Trd, 000256.300, 172
Trd, 000256.333, 172
Trd, 000256.567, 175
Trd, 000257.217, 171
Trd, 000257.683, 168
Trd, 000257.883, 167
Trd, 000259.083, 175
Trd, 000259.100, 176
Trd, 000259.617, 177
Trd, 000259.783, 181
Trd, 000259.867, 180
Trd, 000259.917, 184
Trd, 000260.900, 172
Trd, 000261.183, 168
Trd, 000261.900, 169
Trd, 000262.500, 171
Trd, 000263.000, 169
Trd, 000263.417, 170
Trd, 000263.517, 171
Trd, 000263.583, 177
Trd, 000264.133, 167
Trd, 000264.217, 160
Trd, 000265.783, 170
Trd, 000265.967, 172
Trd, 000266.233, 169
Trd, 000266.600, 170
Trd, 000266.900, 168
Trd, 000267.717, 169
Trd, 000268.117, 172
Trd, 000268.733, 173
Trd, 000269.067, 166
Trd, 000270.050, 175
Trd, 000270.133, 182
Trd, 000270.717, 173
Trd, 000271.067, 174
Trd, 000271.283, 182
Trd, 000271.917, 172
Trd, 000272.050, 176
Trd, 000272.133, 181
Trd, 000272.600, 183
Trd, 000273.033, 171
Trd, 000273.433, 172
Trd, 000273.650, 170
Trd, 000273.817, 172
Trd, 000274.000, 168
Trd, 000274.067, 168
Trd, 000274.683, 171
Trd, 000275.467, 176
Trd, 000275.833, 176
Trd, 000275.933, 178
Trd, 000276.200, 178
Trd, 000277.400, 181
Trd, 000278.067, 181
Trd, 000278.833, 183
Trd, 000279.067, 178
Trd, 000279.183, 176
Trd, 000280.017, 184
Trd, 000280.500, 183
Trd, 000280.683, 180
Trd, 000280.983, 180
Trd, 000281.317, 179
Trd, 000281.550, 178
Trd, 000281.950, 171
Trd, 000282.150, 183
Trd, 000283.100, 179
Trd, 000283.417, 176
Trd, 000283.450, 179
Trd, 000283.717, 175
Trd, 000283.733, 180
Trd, 000284.433, 170
Trd, 000284.967, 181
Trd, 000285.817, 184
Trd, 000286.350, 175
Trd, 000287.400, 181
Trd, 000287.417, 182
Trd, 000287.767, 177
Trd, 000288.433, 177
Trd, 000288.650, 169
Trd, 000289.033, 179
Trd, 000289.767, 179
Trd, 000289.983, 172
Trd, 000290.617, 179
Trd, 000290.650, 174
Trd, 000291.233, 179
Trd, 000291.583, 175
Trd, 000291.683, 180
Trd, 000292.167, 176
Trd, 000292.383, 176
Trd, 000292.517, 174
Trd, 000292.683, 184
Trd, 000293.617, 175
Trd, 000294.317, 177
Trd, 000294.333, 178
Trd, 000294.350, 180
Trd, 000294.600, 172
Trd, 000294.867, 180
Trd, 000295.017, 184
Trd, 000295.117, 170
Trd, 000295.433, 185
Trd, 000295.867, 169
Trd, 000296.183, 165
Trd, 000296.317, 168
Trd, 000297.033, 185
Trd, 000297.283, 185
Trd, 000297.550, 163
Trd, 000298.217, 170
Trd, 000298.700, 175
Trd, 000298.883, 180
Trd, 000299.167, 172
