Trd, 000002.067, 154
Trd, 000002.217, 189
Trd, 000002.933, 118
Trd, 000004.683, 175
Trd, 000004.717, 165
Trd, 000004.867, 155
Trd, 000005.067, 152
Trd, 000005.417, 132
Trd, 000005.833, 150
Trd, 000005.883, 182
Trd, 000005.983, 126
Trd, 000006.433, 154
Trd, 000006.850, 127
Trd, 000008.500, 146
Trd, 000009.567, 146
Trd, 000009.700, 147
Trd, 000010.000, 146
Trd, 000010.517, 150
Trd, 000010.800, 152
Trd, 000012.033, 146
Trd, 000013.767, 147
Trd, 000014.317, 149
Trd, 000014.517, 147
Trd, 000015.117, 147
Trd, 000015.350, 148
Trd, 000016.533, 148
Trd, 000017.117, 147
Trd, 000017.983, 148
Trd, 000018.700, 148
Trd, 000018.833, 149
Trd, 000019.000, 145
Trd, 000019.217, 148
Trd, 000019.550, 144
Trd, 000021.750, 146
Trd, 000022.533, 148
Trd, 000023.483, 150
Trd, 000023.500, 148
Trd, 000023.800, 151
Trd, 000025.050, 160
Trd, 000025.583, 149
Trd, 000025.617, 149
Trd, 000027.567, 151
Trd, 000027.983, 156
Trd, 000029.183, 150
Trd, 000030.150, 149
Trd, 000030.400, 154
Trd, 000030.700, 156
Trd, 000032.300, 154
Trd, 000032.417, 153
Trd, 000032.633, 164
Trd, 000033.850, 145
Trd, 000034.417, 156
Trd, 000034.500, 143
Trd, 000035.400, 146
Trd, 000036.250, 146
Trd, 000037.033, 146
Trd, 000037.200, 151
Trd, 000038.000, 148
Trd, 000039.833, 147
Trd, 000040.517, 148
Trd, 000040.633, 147
Trd, 000041.650, 148
Trd, 000041.750, 147
Trd, 000042.667, 147
Trd, 000043.633, 146
Trd, 000043.833, 147
Trd, 000043.967, 147
Trd, 000044.433, 148
Trd, 000045.233, 152
Trd, 000047.800, 148
Trd, 000047.850, 147
Trd, 000048.167, 149
Trd, 000048.217, 166
Trd, 000048.633, 146
Trd, 000049.217, 153
Trd, 000050.333, 156
Trd, 000050.367, 155
Trd, 000050.567, 157
Trd, 000051.933, 157
Trd, 000052.733, 159
Trd, 000053.850, 154
Trd, 000053.950, 153
Trd, 000055.150, 157
Trd, 000056.017, 157
Trd, 000056.300, 158
Trd, 000056.783, 157
Trd, 000057.100, 154
Trd, 000058.100, 156
Trd, 000058.717, 157
Trd, 000059.367, 156
Trd, 000059.867, 149
Trd, 000060.267, 150
Trd, 000060.917, 154
Trd, 000061.967, 151
Trd, 000062.183, 151
Trd, 000062.617, 150
Trd, 000062.917, 151
Trd, 000064.167, 164
Trd, 000064.367, 154
Trd, 000066.350, 155
Trd, 000066.833, 156
Trd, 000067.417, 154
Trd, 000067.550, 157
Trd, 000067.950, 154
Trd, 000068.400, 158
Trd, 000068.633, 151
Trd, 000070.783, 155
Trd, 000070.917, 156
Trd, 000071.100, 155
Trd, 000071.517, 154
Trd, 000072.317, 155
Trd, 000072.917, 153
Trd, 000073.200, 151
Trd, 000074.400, 151
Trd, 000074.667, 150
Trd, 000075.133, 149
Trd, 000076.383, 150
Trd, 000076.917, 149
Trd, 000076.933, 148
Trd, 000077.133, 149
Trd, 000078.750, 150
Trd, 000078.767, 150
Trd, 000079.100, 149
Trd, 000079.583, 150
Trd, 000079.667, 152
Trd, 000081.767, 151
Trd, 000082.250, 154
Trd, 000083.717, 151
Trd, 000084.417, 151
Trd, 000085.933, 151
Trd, 000086.483, 152
Trd, 000087.033, 154
Trd, 000087.650, 156
Trd, 000088.467, 153
Trd, 000088.783, 160
Trd, 000088.800, 159
Trd, 000089.250, 158
Trd, 000090.050, 160
Trd, 000091.750, 159
Trd, 000092.133, 159
Trd, 000092.917, 158
Trd, 000093.600, 157
Trd, 000093.683, 159
Trd, 000094.400, 156
Trd, 000094.683, 161
Trd, 000095.600, 156
Trd, 000095.667, 157
Trd, 000095.800, 159
Trd, 000096.833, 158
Trd, 000097.683, 155
Trd, 000098.383, 157
Trd, 000098.483, 158
Trd, 000099.267, 154
Trd, 000100.933, 157
Trd, 000101.600, 158
Trd, 000101.817, 160
Trd, 000102.617, 159
Trd, 000102.767, 156
Trd, 000103.817, 159
Trd, 000104.250, 159
Trd, 000105.300, 158
Trd, 000105.700, 158
Trd, 000106.317, 159
Trd, 000106.733, 157
Trd, 000107.483, 172
Trd, 000107.633, 163
Trd, 000108.817, 160
Trd, 000109.050, 165
Trd, 000110.883, 163
Trd, 000111.533, 163
Trd, 000111.550, 162
Trd, 000112.233, 151
Trd, 000112.600, 154
Trd, 000115.117, 152
Trd, 000115.550, 153
Trd, 000115.717, 154
Trd, 000116.200, 151
Trd, 000117.250, 151
Trd, 000117.500, 153
Trd, 000117.883, 152
Trd, 000119.267, 153
Trd, 000120.383, 160
Trd, 000120.633, 154
Trd, 000122.050, 154
Trd, 000122.267, 154
Trd, 000122.417, 156
Trd, 000122.433, 152
Trd, 000122.933, 174
Trd, 000123.200, 177
Trd, 000124.000, 151
Trd, 000125.750, 155
Trd, 000127.183, 156
Trd, 000127.683, 154
Trd, 000128.233, 155
Trd, 000128.367, 157
Trd, 000128.617, 156
Trd, 000128.917, 154
Trd, 000129.400, 156
Trd, 000130.750, 152
Trd, 000132.267, 157
Trd, 000133.667, 156
Trd, 000133.817, 156
Trd, 000134.500, 156
Trd, 000134.833, 156
Trd, 000135.900, 153
Trd, 000136.133, 152
Trd, 000136.283, 152
Trd, 000137.017, 155
Trd, 000137.300, 155
Trd, 000138.200, 159
Trd, 000138.883, 157
Trd, 000139.833, 158
Trd, 000141.000, 158
Trd, 000141.567, 157
Trd, 000141.733, 158
Trd, 000141.867, 157
Trd, 000142.483, 162
Trd, 000143.400, 162
Trd, 000143.567, 159
Trd, 000145.133, 172
Trd, 000145.233, 171
Trd, 000147.550, 161
Trd, 000147.567, 162
Trd, 000148.033, 163
Trd, 000148.700, 162
Trd, 000149.750, 162
Trd, 000150.083, 160
Trd, 000151.433, 162
Trd, 000152.300, 160
Trd, 000153.417, 161
Trd, 000154.167, 162
Trd, 000154.733, 161
Trd, 000155.000, 161
Trd, 000155.217, 163
Trd, 000156.200, 161
Trd, 000156.900, 162
Trd, 000157.150, 162
Trd, 000157.350, 161
Trd, 000158.550, 161
Trd, 000159.683, 163
Trd, 000160.383, 163
Trd, 000161.217, 164
Trd, 000161.800, 162
Trd, 000162.067, 164
Trd, 000162.233, 163
Trd, 000162.483, 162
Trd, 000163.100, 164
Trd, 000163.133, 153
Trd, 000164.317, 162
Trd, 000165.083, 164
Trd, 000165.817, 166
Trd, 000165.833, 161
Trd, 000166.383, 176
Trd, 000166.617, 175
Trd, 000166.967, 163
Trd, 000168.300, 157
Trd, 000169.733, 163
Trd, 000169.767, 165
Trd, 000169.783, 162
Trd, 000170.850, 165
Trd, 000171.583, 163
Trd, 000173.717, 162
Trd, 000173.883, 162
Trd, 000174.117, 162
Trd, 000174.783, 162
Trd, 000175.583, 161
Trd, 000175.967, 162
Trd, 000176.067, 161
Trd, 000177.517, 162
Trd, 000177.700, 165
Trd, 000178.517, 163
Trd, 000179.967, 163
Trd, 000180.267, 165
Trd, 000180.933, 164
Trd, 000181.650, 163
Trd, 000182.683, 165
Trd, 000182.967, 165
Trd, 000183.050, 166
Trd, 000183.433, 166
Trd, 000184.550, 168
Trd, 000184.933, 166
Trd, 000185.983, 167
Trd, 000186.467, 166
Trd, 000188.867, 165
Trd, 000189.067, 167
Trd, 000189.200, 168
Trd, 000190.017, 166
Trd, 000190.967, 168
Trd, 000191.167, 167
Trd, 000191.717, 171
Trd, 000191.750, 164
Trd, 000191.900, 164
Trd, 000192.400, 159
Trd, 000192.500, 163
Trd, 000194.783, 163
Trd, 000195.600, 166
Trd, 000196.067, 167
Trd, 000197.517, 168
Trd, 000198.000, 164
Trd, 000198.550, 163
Trd, 000198.833, 166
Trd, 000199.150, 167
Trd, 000199.733, 166
Trd, 000200.033, 167
Trd, 000200.933, 186
Trd, 000201.350, 181
Trd, 000201.517, 181
Trd, 000202.183, 178
Trd, 000202.550, 182
Trd, 000202.783, 179
Trd, 000203.233, 178
Trd, 000204.750, 179
Trd, 000205.050, 178
Trd, 000206.100, 175
Trd, 000206.467, 176
Trd, 000207.483, 176
Trd, 000208.333, 175
Trd, 000209.017, 174
Trd, 000209.800, 174
Trd, 000210.317, 164
Trd, 000210.333, 165
Trd, 000210.933, 171
Trd, 000211.300, 171
Trd, 000212.850, 170
Trd, 000212.983, 169
Trd, 000214.633, 168
Trd, 000214.867, 168
Trd, 000215.167, 167
Trd, 000215.367, 158
Trd, 000215.383, 182
Trd, 000215.933, 167
Trd, 000215.983, 182
Trd, 000216.567, 183
Trd, 000217.467, 166
Trd, 000219.717, 167
Trd, 000219.883, 166
Trd, 000221.300, 167
Trd, 000221.450, 168
Trd, 000222.667, 168
Trd, 000223.650, 168
Trd, 000223.767, 167
Trd, 000223.800, 168
Trd, 000224.333, 170
Trd, 000224.933, 169
Trd, 000225.217, 167
Trd, 000225.750, 171
Trd, 000226.700, 166
Trd, 000227.600, 166
Trd, 000227.783, 171
Trd, 000228.167, 171
Trd, 000230.217, 171
Trd, 000230.383, 169
Trd, 000231.267, 170
Trd, 000231.583, 169
Trd, 000231.950, 169
Trd, 000232.100, 170
Trd, 000232.167, 170
Trd, 000233.350, 167
Trd, 000234.583, 170
Trd, 000235.500, 170
Trd, 000236.217, 168
Trd, 000236.617, 168
Trd, 000238.383, 169
Trd, 000238.467, 170
Trd, 000238.850, 172
Trd, 000239.567, 169
Trd, 000240.000, 170
Trd, 000240.183, 170
Trd, 000240.517, 168
Trd, 000240.550, 168
Trd, 000240.783, 168
Trd, 000242.000, 168
Trd, 000242.083, 170
Trd, 000242.717, 172
Trd, 000243.233, 171
Trd, 000243.400, 168
Trd, 000243.650, 171
Trd, 000244.317, 169
Trd, 000244.867, 171
Trd, 000245.483, 171
Trd, 000245.833, 168
Trd, 000246.767, 170
Trd, 000246.850, 172
Trd, 000247.317, 170
Trd, 000247.567, 173
Trd, 000247.933, 169
Trd, 000248.367, 170
Trd, 000248.600, 170
Trd, 000249.067, 169
Trd, 000249.333, 171
Trd, 000249.450, 169
Trd, 000249.550, 169
Trd, 000250.700, 173
Trd, 000250.917, 172
Trd, 000252.317, 176
Trd, 000252.467, 178
Trd, 000252.617, 175
Trd, 000252.633, 173
Trd, 000253.450, 180
Trd, 000253.967, 181
Trd, 000254.683, 183
Trd, 000254.933, 181
Trd, 000255.150, 181
Trd, 000255.733, 181
Trd, 000255.783, 184
Trd, 000256.450, 180
Trd, 000257.200, 181
Trd, 000257.367, 180
Trd, 000257.417, 181
Trd, 000257.833, 179
Trd, 000258.967, 179
Trd, 000259.700, 181
Trd, 000259.717, 178
Trd, 000259.900, 170
Trd, 000261.233, 176
Trd, 000262.417, 173
Trd, 000262.550, 170
Trd, 000262.933, 173
Trd, 000262.967, 166
Trd, 000263.700, 172
Trd, 000263.867, 173
Trd, 000264.317, 174
Trd, 000264.700, 174
Trd, 000265.100, 172
Trd, 000265.300, 174
Trd, 000265.500, 173
Trd, 000265.883, 172
Trd, 000267.483, 172
Trd, 000267.850, 177
Trd, 000268.117, 176
Trd, 000268.717, 173
Trd, 000268.733, 176
Trd, 000268.850, 175
Trd, 000269.350, 175
Trd, 000269.667, 177
Trd, 000270.633, 177
Trd, 000272.450, 177
Trd, 000272.533, 175
Trd, 000272.933, 173
Trd, 000273.100, 176
Trd, 000273.150, 172
Trd, 000273.933, 178
Trd, 000274.300, 178
Trd, 000274.533, 179
Trd, 000274.883, 180
Trd, 000274.967, 175
Trd, 000275.000, 174
Trd, 000275.550, 171
Trd, 000275.933, 175
Trd, 000276.467, 174
Trd, 000276.633, 173
Trd, 000277.233, 168
Trd, 000277.700, 169
Trd, 000279.300, 171
Trd, 000279.400, 172
Trd, 000279.867, 173
Trd, 000279.917, 172
Trd, 000280.400, 173
Trd, 000281.233, 176
Trd, 000281.783, 171
Trd, 000282.550, 172
Trd, 000283.150, 171
Trd, 000283.267, 170
Trd, 000283.500, 173
Trd, 000283.717, 175
Trd, 000284.050, 170
Trd, 000284.233, 174
Trd, 000284.800, 176
Trd, 000285.017, 177
Trd, 000286.300, 172
Trd, 000286.967, 173
Trd, 000287.050, 168
Trd, 000287.567, 172
Trd, 000287.683, 172
Trd, 000288.750, 176
Trd, 000288.950, 169
Trd, 000289.517, 173
Trd, 000290.850, 173
Trd, 000291.717, 172
Trd, 000292.000, 175
Trd, 000292.300, 176
Trd, 000292.483, 177
Trd, 000292.983, 180
Trd, 000294.333, 175
Trd, 000294.933, 176
Trd, 000295.600, 172
Trd, 000296.000, 173
Trd, 000296.017, 176
Trd, 000296.167, 178
Trd, 000296.650, 173
Trd, 000296.967, 175
Trd, 000297.083, 172
Trd, 000298.050, 171
Trd, 000298.483, 170
Trd, 000299.000, 170
Trd, 000299.083, 173
Trd, 000299.467, 172
Trd, 000299.783, 169
