Trd, 000002.600, 149
Trd, 000004.183, 147
Trd, 000004.417, 157
Trd, 000004.467, 145
Trd, 000005.517, 145
Trd, 000005.967, 148
Trd, 000006.050, 150
Trd, 000006.433, 152
Trd, 000006.583, 151
Trd, 000006.817, 135
Trd, 000007.167, 139
Trd, 000007.450, 153
Trd, 000008.617, 155
Trd, 000008.883, 149
Trd, 000010.117, 154
Trd, 000010.383, 155
Trd, 000010.533, 156
Trd, 000011.117, 155
Trd, 000011.867, 152
Trd, 000013.600, 152
Trd, 000014.583, 155
Trd, 000015.533, 151
Trd, 000016.233, 151
Trd, 000016.583, 148
Trd, 000016.617, 145
Trd, 000017.000, 151
Trd, 000017.100, 151
Trd, 000017.117, 152
Trd, 000019.567, 148
Trd, 000019.767, 148
Trd, 000020.283, 148
Trd, 000020.367, 147
Trd, 000021.233, 146
Trd, 000021.817, 146
Trd, 000023.183, 147
Trd, 000023.317, 146
Trd, 000023.817, 148
Trd, 000025.533, 146
Trd, 000025.683, 149
Trd, 000025.733, 149
Trd, 000027.017, 146
Trd, 000027.900, 147
Trd, 000028.600, 161
Trd, 000029.233, 163
Trd, 000029.700, 161
Trd, 000029.950, 160
Trd, 000030.517, 159
Trd, 000031.550, 158
Trd, 000031.733, 149
Trd, 000032.533, 155
Trd, 000032.833, 111
Trd, 000032.950, 128
Trd, 000032.983, 129
Trd, 000033.783, 140
Trd, 000034.583, 142
Trd, 000036.050, 143
Trd, 000037.383, 144
Trd, 000038.133, 144
Trd, 000038.200, 150
Trd, 000038.550, 151
Trd, 000039.283, 145
Trd, 000039.967, 144
Trd, 000040.100, 143
Trd, 000040.817, 144
Trd, 000041.283, 145
Trd, 000042.050, 146
Trd, 000042.567, 144
Trd, 000042.683, 145
Trd, 000042.767, 143
Trd, 000044.267, 147
Trd, 000044.933, 145
Trd, 000045.550, 146
Trd, 000045.817, 143
Trd, 000047.117, 147
Trd, 000048.133, 148
Trd, 000048.217, 145
Trd, 000048.833, 148
Trd, 000049.067, 147
Trd, 000049.683, 149
Trd, 000050.267, 147
Trd, 000052.567, 148
Trd, 000053.500, 146
Trd, 000053.933, 148
Trd, 000054.717, 148
Trd, 000054.750, 147
Trd, 000054.800, 145
Trd, 000054.833, 145
Trd, 000055.200, 148
Trd, 000056.117, 148
Trd, 000056.300, 149
Trd, 000056.717, 145
Trd, 000057.367, 147
Trd, 000057.417, 145
Trd, 000058.483, 144
Trd, 000059.050, 147
Trd, 000059.783, 147
Trd, 000059.867, 148
Trd, 000060.517, 147
Trd, 000060.683, 148
Trd, 000061.217, 152
Trd, 000061.933, 154
Trd, 000062.317, 147
Trd, 000063.617, 160
Trd, 000065.017, 159
Trd, 000065.217, 152
Trd, 000065.917, 155
Trd, 000066.333, 153
Trd, 000067.350, 154
Trd, 000067.467, 153
Trd, 000067.817, 155
Trd, 000068.617, 161
Trd, 000069.000, 158
Trd, 000069.717, 160
Trd, 000069.783, 156
Trd, 000070.233, 159
Trd, 000070.667, 154
Trd, 000071.867, 172
Trd, 000072.983, 154
Trd, 000073.133, 155
Trd, 000073.583, 158
Trd, 000074.567, 154
Trd, 000075.467, 155
Trd, 000075.917, 154
Trd, 000076.083, 154
Trd, 000076.733, 156
Trd, 000078.117, 153
Trd, 000078.500, 152
Trd, 000078.767, 154
Trd, 000078.917, 156
Trd, 000079.500, 152
Trd, 000080.067, 151
Trd, 000080.633, 155
Trd, 000080.817, 150
Trd, 000082.050, 168
Trd, 000082.467, 150
Trd, 000083.717, 167
Trd, 000084.383, 158
Trd, 000084.667, 149
Trd, 000086.800, 149
Trd, 000087.383, 154
Trd, 000087.600, 150
Trd, 000089.400, 151
Trd, 000089.517, 150
Trd, 000089.567, 149
Trd, 000089.750, 151
Trd, 000089.850, 153
Trd, 000090.383, 147
Trd, 000091.217, 148
Trd, 000091.450, 154
Trd, 000091.617, 154
Trd, 000092.200, 157
Trd, 000092.350, 147
Trd, 000093.483, 151
Trd, 000093.550, 146
Trd, 000093.767, 160
Trd, 000093.933, 146
Trd, 000094.500, 148
Trd, 000095.733, 155
Trd, 000096.467, 156
Trd, 000096.783, 151
Trd, 000097.483, 161
Trd, 000097.517, 169
Trd, 000098.100, 155
Trd, 000099.367, 162
Trd, 000099.983, 157
Trd, 000100.417, 156
Trd, 000101.267, 158
Trd, 000101.317, 160
Trd, 000103.733, 159
Trd, 000104.550, 158
Trd, 000104.583, 156
Trd, 000104.717, 159
Trd, 000106.017, 160
Trd, 000107.317, 155
Trd, 000107.700, 155
Trd, 000107.883, 156
Trd, 000108.333, 159
Trd, 000108.733, 155
Trd, 000109.067, 162
Trd, 000109.183, 157
Trd, 000110.133, 161
Trd, 000110.300, 157
Trd, 000110.500, 155
Trd, 000112.717, 162
Trd, 000113.083, 164
Trd, 000113.483, 161
Trd, 000114.167, 171
Trd, 000114.183, 161
Trd, 000114.450, 161
Trd, 000114.617, 173
Trd, 000115.167, 160
Trd, 000115.333, 158
Trd, 000116.633, 165
Trd, 000116.833, 167
Trd, 000117.633, 163
Trd, 000117.650, 166
Trd, 000118.267, 163
Trd, 000118.350, 166
Trd, 000118.600, 163
Trd, 000119.883, 163
Trd, 000120.833, 165
Trd, 000121.483, 163
Trd, 000122.117, 163
Trd, 000122.150, 159
Trd, 000122.350, 156
Trd, 000122.950, 163
Trd, 000123.200, 162
Trd, 000123.767, 158
Trd, 000123.867, 160
Trd, 000123.917, 158
Trd, 000124.467, 160
Trd, 000125.700, 160
Trd, 000125.767, 160
Trd, 000125.933, 158
Trd, 000126.200, 167
Trd, 000127.600, 160
Trd, 000128.533, 161
Trd, 000129.067, 160
Trd, 000130.467, 163
Trd, 000130.500, 173
Trd, 000130.600, 162
Trd, 000131.383, 161
Trd, 000133.283, 162
Trd, 000133.317, 161
Trd, 000134.267, 163
Trd, 000135.367, 162
Trd, 000135.617, 165
Trd, 000135.767, 172
Trd, 000136.167, 160
Trd, 000136.717, 160
Trd, 000137.083, 164
Trd, 000137.433, 173
Trd, 000137.533, 173
Trd, 000139.100, 176
Trd, 000140.300, 166
Trd, 000140.417, 165
Trd, 000140.650, 165
Trd, 000141.500, 168
Trd, 000141.683, 162
Trd, 000141.967, 161
Trd, 000143.383, 159
Trd, 000143.450, 163
Trd, 000143.500, 159
Trd, 000144.483, 162
Trd, 000145.767, 159
Trd, 000146.667, 158
Trd, 000147.267, 159
Trd, 000149.583, 159
Trd, 000149.733, 159
Trd, 000149.983, 160
Trd, 000150.083, 158
Trd, 000150.550, 158
Trd, 000150.733, 157
Trd, 000150.883, 155
Trd, 000151.600, 160
Trd, 000152.183, 155
Trd, 000152.267, 160
Trd, 000152.817, 156
Trd, 000153.533, 158
Trd, 000153.583, 158
Trd, 000153.783, 163
Trd, 000155.267, 159
Trd, 000155.367, 162
Trd, 000155.417, 163
Trd, 000155.967, 158
Trd, 000158.333, 158
Trd, 000158.817, 161
Trd, 000158.867, 162
Trd, 000159.300, 160
Trd, 000160.033, 163
Trd, 000160.467, 163
Trd, 000160.767, 160
Trd, 000161.600, 160
Trd, 000161.967, 162
Trd, 000163.617, 160
Trd, 000163.950, 161
Trd, 000164.150, 159
Trd, 000164.267, 158
Trd, 000164.283, 161
Trd, 000165.033, 162
Trd, 000165.133, 164
Trd, 000165.200, 171
Trd, 000165.617, 178
Trd, 000165.850, 161
Trd, 000166.217, 165
Trd, 000166.867, 163
Trd, 000167.067, 165
Trd, 000167.517, 167
Trd, 000167.767, 164
Trd, 000168.667, 165
Trd, 000169.833, 163
Trd, 000171.000, 164
Trd, 000172.617, 161
Trd, 000172.867, 170
Trd, 000172.917, 171
Trd, 000175.700, 166
Trd, 000175.950, 164
Trd, 000176.483, 172
Trd, 000177.667, 164
Trd, 000178.033, 166
Trd, 000178.667, 170
Trd, 000179.500, 169
Trd, 000179.533, 167
Trd, 000180.067, 169
Trd, 000181.217, 168
Trd, 000181.350, 168
Trd, 000181.700, 168
Trd, 000181.733, 169
Trd, 000182.317, 169
Trd, 000183.483, 166
Trd, 000183.717, 163
Trd, 000183.967, 162
Trd, 000184.483, 166
Trd, 000185.183, 163
Trd, 000185.383, 162
Trd, 000185.950, 161
Trd, 000186.200, 159
Trd, 000186.417, 162
Trd, 000188.083, 160
Trd, 000188.817, 160
Trd, 000189.767, 161
Trd, 000190.000, 161
Trd, 000190.450, 162
Trd, 000190.533, 161
Trd, 000191.483, 163
Trd, 000191.567, 159
Trd, 000191.867, 167
Trd, 000192.050, 162
Trd, 000192.167, 160
Trd, 000193.400, 160
Trd, 000193.700, 161
Trd, 000194.733, 160
Trd, 000194.900, 158
Trd, 000195.500, 154
Trd, 000196.050, 151
Trd, 000196.333, 160
Trd, 000196.400, 164
Trd, 000196.867, 166
Trd, 000197.550, 167
Trd, 000197.767, 149
Trd, 000199.417, 161
Trd, 000200.317, 158
Trd, 000200.533, 158
Trd, 000200.967, 158
Trd, 000201.917, 159
Trd, 000203.250, 161
Trd, 000203.567, 162
Trd, 000204.267, 163
Trd, 000204.333, 159
Trd, 000204.817, 163
Trd, 000205.183, 174
Trd, 000205.317, 164
Trd, 000206.183, 166
Trd, 000206.383, 164
Trd, 000206.483, 159
Trd, 000206.917, 168
Trd, 000207.750, 166
Trd, 000209.283, 176
Trd, 000210.333, 175
Trd, 000210.700, 172
Trd, 000211.150, 168
Trd, 000211.350, 169
Trd, 000212.350, 168
Trd, 000212.533, 168
Trd, 000213.667, 167
Trd, 000213.800, 166
Trd, 000214.550, 166
Trd, 000214.650, 169
Trd, 000215.683, 165
Trd, 000215.800, 169
Trd, 000216.083, 165
Trd, 000216.667, 169
Trd, 000217.850, 166
Trd, 000218.083, 167
Trd, 000218.483, 170
Trd, 000218.600, 164
Trd, 000219.817, 173
Trd, 000220.050, 167
Trd, 000220.483, 171
Trd, 000221.350, 169
Trd, 000222.033, 173
Trd, 000222.600, 169
Trd, 000223.750, 168
Trd, 000225.083, 167
Trd, 000225.350, 168
Trd, 000226.200, 168
Trd, 000226.583, 166
Trd, 000226.717, 163
Trd, 000227.467, 163
Trd, 000227.600, 162
Trd, 000227.950, 167
Trd, 000229.317, 171
Trd, 000230.100, 169
Trd, 000230.717, 167
Trd, 000231.533, 168
Trd, 000231.850, 167
Trd, 000232.200, 168
Trd, 000232.267, 170
Trd, 000233.850, 167
Trd, 000234.467, 171
Trd, 000235.383, 167
Trd, 000235.883, 169
Trd, 000236.417, 166
Trd, 000236.733, 168
Trd, 000237.067, 167
Trd, 000237.200, 169
Trd, 000237.633, 167
Trd, 000238.617, 166
Trd, 000239.033, 169
Trd, 000240.183, 169
Trd, 000240.300, 170
Trd, 000240.750, 168
Trd, 000240.833, 172
Trd, 000241.633, 173
Trd, 000241.800, 183
Trd, 000241.967, 173
Trd, 000242.500, 172
Trd, 000242.667, 179
Trd, 000243.300, 170
Trd, 000243.917, 172
Trd, 000244.867, 183
Trd, 000245.350, 183
Trd, 000245.850, 182
Trd, 000246.183, 183
Trd, 000246.283, 181
Trd, 000246.700, 183
Trd, 000246.733, 188
Trd, 000247.317, 186
Trd, 000247.333, 184
Trd, 000247.833, 184
Trd, 000248.283, 189
Trd, 000248.367, 185
Trd, 000248.733, 187
Trd, 000248.917, 190
Trd, 000249.150, 179
Trd, 000249.667, 176
Trd, 000250.917, 182
Trd, 000251.167, 186
Trd, 000252.033, 180
Trd, 000252.067, 181
Trd, 000252.833, 181
Trd, 000253.217, 182
Trd, 000254.233, 185
Trd, 000254.567, 183
Trd, 000255.067, 181
Trd, 000255.533, 184
Trd, 000255.550, 185
Trd, 000256.450, 183
Trd, 000256.767, 182
Trd, 000257.050, 183
Trd, 000257.683, 181
Trd, 000257.783, 181
Trd, 000258.367, 176
Trd, 000259.017, 173
Trd, 000260.750, 181
Trd, 000260.783, 177
Trd, 000261.817, 180
Trd, 000261.983, 180
Trd, 000262.433, 178
Trd, 000263.067, 179
Trd, 000263.117, 180
Trd, 000263.750, 180
Trd, 000263.917, 177
Trd, 000264.583, 174
Trd, 000265.367, 176
Trd, 000265.517, 177
Trd, 000265.950, 174
Trd, 000266.033, 175
Trd, 000266.450, 178
Trd, 000266.667, 178
Trd, 000267.217, 177
Trd, 000267.433, 174
Trd, 000267.617, 167
Trd, 000268.533, 171
Trd, 000269.283, 174
Trd, 000269.517, 175
Trd, 000269.750, 178
Trd, 000270.583, 178
Trd, 000270.933, 182
Trd, 000271.550, 186
Trd, 000271.817, 181
Trd, 000271.883, 179
Trd, 000271.967, 176
Trd, 000272.450, 179
Trd, 000272.933, 177
Trd, 000273.000, 178
Trd, 000273.550, 174
Trd, 000273.700, 171
Trd, 000274.200, 176
Trd, 000274.817, 174
Trd, 000275.017, 174
Trd, 000275.533, 175
Trd, 000275.950, 176
Trd, 000276.867, 189
Trd, 000276.883, 188
Trd, 000276.933, 151
Trd, 000278.283, 185
Trd, 000278.333, 178
Trd, 000278.850, 179
Trd, 000280.000, 177
Trd, 000280.233, 175
Trd, 000280.433, 177
Trd, 000280.733, 173
Trd, 000281.200, 175
Trd, 000281.350, 178
Trd, 000281.417, 178
Trd, 000281.967, 179
Trd, 000282.267, 175
Trd, 000282.350, 172
Trd, 000282.917, 179
Trd, 000284.400, 174
Trd, 000284.617, 175
Trd, 000284.883, 173
Trd, 000285.250, 177
Trd, 000285.467, 172
Trd, 000285.800, 177
Trd, 000286.000, 183
Trd, 000287.017, 172
Trd, 000287.183, 191
Trd, 000287.350, 192
Trd, 000288.167, 194
Trd, 000288.317, 184
Trd, 000289.350, 186
Trd, 000289.767, 196
Trd, 000290.233, 184
Trd, 000290.317, 184
Trd, 000290.867, 180
Trd, 000291.167, 192
Trd, 000292.167, 179
Trd, 000292.350, 176
Trd, 000292.583, 179
Trd, 000293.533, 177
Trd, 000293.783, 170
Trd, 000294.367, 153
Trd, 000295.150, 175
Trd, 000295.300, 177
Trd, 000295.317, 163
Trd, 000295.883, 176
Trd, 000296.417, 176
Trd, 000296.600, 176
Trd, 000296.733, 170
Trd, 000296.950, 193
Trd, 000297.233, 192
Trd, 000297.650, 192
Trd, 000297.767, 185
Trd, 000297.850, 194
Trd, 000298.517, 185
Trd, 000298.667, 185
Trd, 000299.133, 183
Trd, 000299.500, 181
