Trd, 000000.667, 141
Trd, 000002.150, 169
Trd, 000002.300, 168
Trd, 000003.017, 170
Trd, 000004.283, 167
Trd, 000004.567, 169
Trd, 000005.900, 156
Trd, 000006.300, 160
Trd, 000006.833, 162
Trd, 000006.850, 162
Trd, 000007.633, 156
Trd, 000009.400, 147
Trd, 000010.000, 150
Trd, 000010.483, 148
Trd, 000010.517, 145
Trd, 000011.033, 147
Trd, 000011.183, 153
Trd, 000011.283, 155
Trd, 000011.383, 156
Trd, 000012.533, 153
Trd, 000012.617, 166
Trd, 000013.233, 142
Trd, 000014.300, 152
Trd, 000015.233, 164
Trd, 000015.417, 140
Trd, 000015.850, 139
Trd, 000015.917, 138
Trd, 000016.033, 147
Trd, 000016.233, 166
Trd, 000016.983, 146
Trd, 000018.200, 167
Trd, 000019.017, 158
Trd, 000019.967, 167
Trd, 000020.533, 160
Trd, 000020.583, 157
Trd, 000021.700, 144
Trd, 000022.700, 160
Trd, 000022.900, 161
Trd, 000023.033, 145
Trd, 000023.800, 169
Trd, 000023.967, 159
Trd, 000024.050, 157
Trd, 000025.050, 143
Trd, 000025.833, 161
Trd, 000026.067, 169
Trd, 000026.700, 160
Trd, 000026.883, 158
Trd, 000026.983, 150
Trd, 000027.467, 146
Trd, 000027.767, 163
Trd, 000027.833, 164
Trd, 000029.017, 165
Trd, 000029.367, 152
Trd, 000029.383, 151
Trd, 000031.083, 160
Trd, 000031.233, 154
Trd, 000031.450, 161
Trd, 000033.267, 152
Trd, 000033.467, 147
Trd, 000034.267, 158
Trd, 000034.350, 147
Trd, 000034.383, 160
Trd, 000034.517, 146
Trd, 000035.200, 161
Trd, 000035.367, 148
Trd, 000035.383, 174
Trd, 000035.600, 169
Trd, 000036.850, 124
Trd, 000036.900, 125
Trd, 000037.683, 140
Trd, 000038.000, 145
Trd, 000038.017, 149
Trd, 000039.117, 173
Trd, 000039.317, 172
Trd, 000039.333, 175
Trd, 000039.567, 172
Trd, 000039.783, 168
Trd, 000039.967, 149
Trd, 000040.250, 148
Trd, 000042.350, 160
Trd, 000042.817, 159
Trd, 000043.600, 154
Trd, 000044.333, 149
Trd, 000044.450, 159
Trd, 000045.250, 150
Trd, 000045.767, 149
Trd, 000046.000, 158
Trd, 000046.767, 158
Trd, 000047.317, 159
Trd, 000047.400, 169
Trd, 000048.033, 151
Trd, 000048.283, 176
Trd, 000048.433, 158
Trd, 000048.617, 159
Trd, 000049.917, 153
Trd, 000050.550, 165
Trd, 000050.867, 149
Trd, 000052.267, 168
Trd, 000052.433, 160
Trd, 000052.950, 148
Trd, 000053.850, 163
Trd, 000053.983, 160
Trd, 000054.083, 156
Trd, 000055.233, 152
Trd, 000055.367, 161
Trd, 000055.433, 147
Trd, 000056.167, 161
Trd, 000056.500, 162
Trd, 000057.983, 151
Trd, 000058.033, 160
Trd, 000058.233, 162
Trd, 000058.250, 161
Trd, 000058.383, 168
Trd, 000058.617, 150
Trd, 000059.483, 174
Trd, 000060.283, 156
Trd, 000060.333, 174
Trd, 000061.317, 147
Trd, 000061.583, 154
Trd, 000061.850, 173
Trd, 000062.167, 148
Trd, 000062.450, 148
Trd, 000062.900, 166
Trd, 000063.333, 177
Trd, 000063.633, 161
Trd, 000064.883, 161
Trd, 000066.067, 160
Trd, 000066.117, 158
Trd, 000067.350, 162
Trd, 000069.483, 168
Trd, 000069.650, 162
Trd, 000069.717, 162
Trd, 000069.783, 159
Trd, 000070.000, 158
Trd, 000070.217, 151
Trd, 000070.567, 159
Trd, 000071.083, 156
Trd, 000071.133, 149
Trd, 000072.500, 148
Trd, 000072.717, 124
Trd, 000073.033, 144
Trd, 000073.050, 152
Trd, 000074.100, 158
Trd, 000074.383, 153
Trd, 000074.450, 152
Trd, 000075.150, 148
Trd, 000075.250, 151
Trd, 000075.517, 152
Trd, 000076.150, 151
Trd, 000077.083, 162
Trd, 000077.400, 168
Trd, 000077.833, 165
Trd, 000078.217, 178
Trd, 000078.233, 165
Trd, 000078.600, 169
Trd, 000079.017, 163
Trd, 000079.283, 159
Trd, 000079.483, 170
Trd, 000080.417, 151
Trd, 000080.533, 149
Trd, 000081.517, 154
Trd, 000081.983, 152
Trd, 000082.117, 164
Trd, 000083.417, 168
Trd, 000083.983, 162
Trd, 000084.417, 168
Trd, 000085.067, 163
Trd, 000085.467, 172
Trd, 000086.400, 163
Trd, 000086.617, 164
Trd, 000087.267, 159
Trd, 000087.350, 158
Trd, 000087.767, 172
Trd, 000088.450, 153
Trd, 000088.850, 165
Trd, 000090.050, 164
Trd, 000090.133, 173
Trd, 000090.483, 166
Trd, 000091.033, 167
Trd, 000091.317, 167
Trd, 000091.883, 173
Trd, 000092.133, 173
Trd, 000092.633, 167
Trd, 000093.217, 153
Trd, 000093.517, 162
Trd, 000093.717, 160
Trd, 000093.733, 174
Trd, 000094.067, 170
Trd, 000095.883, 173
Trd, 000096.017, 171
Trd, 000096.167, 164
Trd, 000096.550, 150
Trd, 000097.300, 169
Trd, 000097.333, 141
Trd, 000098.250, 171
Trd, 000099.250, 166
Trd, 000099.400, 163
Trd, 000099.717, 175
Trd, 000100.867, 165
Trd, 000101.117, 165
Trd, 000101.483, 173
Trd, 000102.300, 175
Trd, 000103.983, 165
Trd, 000104.267, 174
Trd, 000104.667, 163
Trd, 000105.183, 169
Trd, 000105.700, 165
Trd, 000106.633, 169
Trd, 000107.300, 166
Trd, 000107.467, 169
Trd, 000107.767, 163
Trd, 000109.267, 167
Trd, 000109.550, 167
Trd, 000110.100, 168
Trd, 000110.383, 169
Trd, 000110.567, 171
Trd, 000111.833, 167
Trd, 000112.367, 169
Trd, 000112.400, 167
Trd, 000114.150, 166
Trd, 000115.133, 164
Trd, 000115.533, 165
Trd, 000116.000, 163
Trd, 000116.850, 156
Trd, 000117.033, 167
Trd, 000117.117, 156
Trd, 000117.717, 168
Trd, 000118.000, 167
Trd, 000118.083, 168
Trd, 000118.117, 170
Trd, 000118.167, 176
Trd, 000119.683, 180
Trd, 000119.717, 172
Trd, 000120.067, 153
Trd, 000120.883, 157
Trd, 000121.083, 156
Trd, 000123.500, 162
Trd, 000123.667, 163
Trd, 000123.733, 167
Trd, 000125.383, 156
Trd, 000125.917, 175
Trd, 000126.067, 176
Trd, 000126.383, 178
Trd, 000126.767, 168
Trd, 000127.117, 153
Trd, 000129.250, 152
Trd, 000129.483, 153
Trd, 000129.683, 154
Trd, 000129.717, 157
Trd, 000130.000, 153
Trd, 000130.367, 154
Trd, 000130.950, 164
Trd, 000131.017, 156
Trd, 000131.550, 154
Trd, 000131.633, 177
Trd, 000133.533, 166
Trd, 000133.700, 184
Trd, 000133.750, 158
Trd, 000134.283, 157
Trd, 000136.067, 171
Trd, 000136.317, 172
Trd, 000136.350, 157
Trd, 000136.783, 156
Trd, 000136.833, 171
Trd, 000137.017, 182
Trd, 000137.683, 154
Trd, 000138.567, 164
Trd, 000139.533, 170
Trd, 000139.833, 169
Trd, 000140.250, 171
Trd, 000140.450, 165
Trd, 000140.717, 172
Trd, 000141.233, 169
Trd, 000143.067, 170
Trd, 000143.633, 169
Trd, 000144.167, 165
Trd, 000144.667, 164
Trd, 000145.467, 159
Trd, 000145.700, 155
Trd, 000145.833, 167
Trd, 000146.067, 139
Trd, 000146.783, 170
Trd, 000147.250, 156
Trd, 000147.850, 137
Trd, 000148.250, 138
Trd, 000148.817, 159
Trd, 000149.333, 163
Trd, 000150.433, 149
Trd, 000151.283, 177
Trd, 000151.600, 171
Trd, 000152.950, 173
Trd, 000152.967, 170
Trd, 000153.117, 174
Trd, 000153.733, 169
Trd, 000153.850, 174
Trd, 000154.483, 175
Trd, 000154.650, 180
Trd, 000155.250, 159
Trd, 000155.850, 163
Trd, 000156.517, 171
Trd, 000156.983, 181
Trd, 000157.367, 168
Trd, 000157.567, 156
Trd, 000158.467, 174
Trd, 000158.900, 181
Trd, 000158.933, 169
Trd, 000159.283, 139
Trd, 000159.633, 172
Trd, 000160.450, 171
Trd, 000161.550, 169
Trd, 000161.750, 167
Trd, 000162.083, 160
Trd, 000163.083, 164
Trd, 000164.183, 160
Trd, 000164.467, 160
Trd, 000165.333, 163
Trd, 000166.017, 162
Trd, 000166.050, 164
Trd, 000166.183, 159
Trd, 000166.400, 182
Trd, 000166.417, 164
Trd, 000167.517, 166
Trd, 000168.183, 158
Trd, 000168.500, 168
Trd, 000169.250, 168
Trd, 000169.567, 157
Trd, 000169.583, 169
Trd, 000169.850, 169
Trd, 000169.883, 170
Trd, 000170.450, 164
Trd, 000170.917, 170
Trd, 000171.833, 183
Trd, 000172.267, 158
Trd, 000172.417, 173
Trd, 000173.467, 164
Trd, 000174.033, 179
Trd, 000174.983, 185
Trd, 000175.533, 185
Trd, 000176.117, 173
Trd, 000176.367, 171
Trd, 000176.550, 163
Trd, 000176.700, 166
Trd, 000176.900, 162
Trd, 000177.283, 162
Trd, 000177.983, 173
Trd, 000178.833, 170
Trd, 000179.633, 184
Trd, 000180.867, 186
Trd, 000181.083, 175
Trd, 000181.600, 175
Trd, 000181.733, 177
Trd, 000184.350, 178
Trd, 000184.800, 177
Trd, 000184.950, 173
Trd, 000185.200, 175
Trd, 000185.233, 163
Trd, 000185.533, 162
Trd, 000186.017, 175
Trd, 000186.700, 160
Trd, 000187.450, 183
Trd, 000187.633, 160
Trd, 000189.117, 164
Trd, 000189.800, 166
Trd, 000190.133, 166
Trd, 000190.317, 163
Trd, 000191.217, 167
Trd, 000191.667, 169
Trd, 000192.333, 163
Trd, 000192.583, 162
Trd, 000192.700, 170
Trd, 000193.383, 160
Trd, 000194.150, 167
Trd, 000194.850, 185
Trd, 000195.300, 149
Trd, 000195.433, 153
Trd, 000195.600, 154
Trd, 000196.917, 160
Trd, 000197.100, 186
Trd, 000197.550, 175
Trd, 000197.733, 174
Trd, 000198.383, 176
Trd, 000198.867, 175
Trd, 000200.167, 182
Trd, 000200.333, 183
Trd, 000200.800, 174
Trd, 000201.050, 180
Trd, 000201.700, 184
Trd, 000202.400, 180
Trd, 000202.983, 171
Trd, 000203.533, 183
Trd, 000205.000, 166
Trd, 000205.033, 167
Trd, 000205.650, 164
Trd, 000205.817, 175
Trd, 000206.317, 176
Trd, 000207.083, 176
Trd, 000208.533, 171
Trd, 000208.700, 176
Trd, 000209.133, 170
Trd, 000209.450, 170
Trd, 000209.533, 162
Trd, 000210.050, 145
Trd, 000210.750, 184
Trd, 000210.950, 190
Trd, 000211.283, 189
Trd, 000211.417, 188
Trd, 000211.550, 188
Trd, 000211.600, 165
Trd, 000212.000, 176
Trd, 000212.450, 178
Trd, 000212.967, 159
Trd, 000213.933, 173
Trd, 000214.100, 188
Trd, 000214.583, 179
Trd, 000214.750, 178
Trd, 000215.250, 167
Trd, 000216.550, 163
Trd, 000216.650, 168
Trd, 000216.983, 169
Trd, 000217.367, 170
Trd, 000218.100, 190
Trd, 000218.667, 174
Trd, 000219.017, 193
Trd, 000219.783, 169
Trd, 000220.567, 169
Trd, 000220.583, 178
Trd, 000220.983, 178
Trd, 000221.817, 187
Trd, 000222.267, 169
Trd, 000223.117, 166
Trd, 000223.600, 165
Trd, 000224.267, 190
Trd, 000224.383, 193
Trd, 000224.717, 191
Trd, 000225.067, 190
Trd, 000225.450, 200
Trd, 000226.733, 173
Trd, 000227.567, 190
Trd, 000227.600, 178
Trd, 000227.850, 179
Trd, 000230.083, 174
Trd, 000230.133, 173
Trd, 000230.350, 165
Trd, 000230.983, 170
Trd, 000231.700, 182
Trd, 000232.500, 193
Trd, 000233.417, 193
Trd, 000233.883, 191
Trd, 000234.000, 192
Trd, 000234.517, 189
Trd, 000234.583, 192
Trd, 000234.633, 188
Trd, 000234.733, 194
Trd, 000235.583, 178
Trd, 000236.217, 188
Trd, 000237.550, 178
Trd, 000237.767, 175
Trd, 000237.933, 167
Trd, 000239.367, 171
Trd, 000240.067, 169
Trd, 000240.083, 170
Trd, 000240.683, 179
Trd, 000240.700, 163
Trd, 000240.983, 180
Trd, 000241.083, 181
Trd, 000241.533, 185
Trd, 000242.017, 186
Trd, 000242.717, 187
Trd, 000243.033, 190
Trd, 000243.050, 189
Trd, 000243.617, 192
Trd, 000244.417, 192
Trd, 000244.933, 191
Trd, 000245.767, 176
Trd, 000246.283, 173
Trd, 000246.317, 174
Trd, 000246.600, 170
Trd, 000246.867, 168
Trd, 000246.900, 173
Trd, 000247.433, 173
Trd, 000247.583, 175
Trd, 000249.017, 179
Trd, 000249.350, 188
Trd, 000250.750, 180
Trd, 000250.783, 178
Trd, 000250.867, 175
Trd, 000251.383, 190
Trd, 000252.100, 180
Trd, 000252.533, 180
Trd, 000252.850, 179
Trd, 000253.867, 176
Trd, 000254.200, 169
Trd, 000254.383, 176
Trd, 000254.467, 166
Trd, 000254.767, 176
Trd, 000255.700, 170
Trd, 000255.850, 168
Trd, 000256.467, 170
Trd, 000256.983, 172
Trd, 000258.683, 173
Trd, 000258.733, 177
Trd, 000258.750, 180
Trd, 000258.833, 170
Trd, 000259.083, 171
Trd, 000259.100, 167
Trd, 000259.150, 163
Trd, 000259.650, 175
Trd, 000260.200, 189
Trd, 000260.517, 185
Trd, 000260.567, 181
Trd, 000261.267, 190
Trd, 000261.933, 184
Trd, 000262.150, 186
Trd, 000262.517, 187
Trd, 000262.867, 184
Trd, 000263.017, 183
Trd, 000263.150, 177
Trd, 000263.383, 176
Trd, 000263.517, 179
Trd, 000263.667, 188
Trd, 000264.783, 183
Trd, 000265.417, 188
Trd, 000265.550, 177
Trd, 000266.017, 178
Trd, 000266.967, 191
Trd, 000267.567, 181
Trd, 000268.233, 186
Trd, 000269.167, 188
Trd, 000269.450, 192
Trd, 000269.633, 189
Trd, 000270.117, 192
Trd, 000270.200, 182
Trd, 000270.517, 192
Trd, 000270.600, 170
Trd, 000271.033, 170
Trd, 000271.450, 178
Trd, 000272.117, 179
Trd, 000272.750, 194
Trd, 000273.383, 193
Trd, 000273.400, 189
Trd, 000273.883, 185
Trd, 000273.917, 193
Trd, 000274.717, 174
Trd, 000275.150, 175
Trd, 000275.917, 172
Trd, 000276.283, 172
Trd, 000276.733, 171
Trd, 000276.783, 177
Trd, 000277.033, 171
Trd, 000277.133, 177
Trd, 000277.850, 177
Trd, 000277.983, 172
Trd, 000278.100, 178
Trd, 000278.667, 172
Trd, 000278.683, 178
Trd, 000278.933, 180
Trd, 000278.950, 165
Trd, 000280.017, 187
Trd, 000280.683, 171
Trd, 000280.800, 179
Trd, 000281.250, 194
Trd, 000281.750, 186
Trd, 000281.900, 185
Trd, 000282.500, 194
Trd, 000282.633, 184
Trd, 000282.867, 184
Trd, 000283.383, 184
Trd, 000283.717, 185
Trd, 000283.833, 185
Trd, 000284.350, 184
Trd, 000284.800, 184
Trd, 000284.983, 183
Trd, 000285.500, 184
Trd, 000286.100, 175
Trd, 000286.417, 178
Trd, 000286.833, 175
Trd, 000286.950, 179
Trd, 000287.050, 180
Trd, 000288.717, 180
Trd, 000288.750, 181
Trd, 000288.833, 195
Trd, 000289.033, 175
Trd, 000289.083, 184
Trd, 000289.283, 197
Trd, 000289.800, 191
Trd, 000290.067, 173
Trd, 000290.367, 170
Trd, 000291.167, 167
Trd, 000292.117, 188
Trd, 000292.667, 168
Trd, 000292.717, 167
Trd, 000292.767, 169
Trd, 000292.850, 170
Trd, 000293.167, 166
Trd, 000294.200, 165
Trd, 000294.433, 166
Trd, 000294.450, 175
Trd, 000295.467, 180
Trd, 000295.900, 165
Trd, 000296.267, 199
Trd, 000296.600, 205
Trd, 000296.783, 197
Trd, 000297.167, 198
Trd, 000297.300, 189
Trd, 000298.083, 193
Trd, 000299.000, 200
Trd, 000299.500, 186
Trd, 000299.517, 185
Trd, 000299.550, 198
Trd, 000299.850, 181
