Trd, 000001.233, 196
Trd, 000001.317, 176
Trd, 000001.817, 135
Trd, 000003.250, 160
Trd, 000004.450, 145
Trd, 000004.617, 144
Trd, 000005.100, 142
Trd, 000005.350, 141
Trd, 000006.600, 148
Trd, 000006.800, 142
Trd, 000007.417, 134
Trd, 000007.733, 151
Trd, 000008.083, 151
Trd, 000008.817, 138
Trd, 000010.283, 145
Trd, 000010.817, 147
Trd, 000011.000, 140
Trd, 000011.033, 149
Trd, 000011.950, 142
Trd, 000013.650, 145
Trd, 000013.717, 145
Trd, 000014.683, 143
Trd, 000015.067, 144
Trd, 000015.683, 142
Trd, 000016.250, 143
Trd, 000016.583, 142
Trd, 000016.683, 141
Trd, 000017.433, 139
Trd, 000018.350, 144
Trd, 000018.417, 143
Trd, 000018.583, 147
Trd, 000019.217, 145
Trd, 000020.033, 144
Trd, 000020.700, 146
Trd, 000020.967, 146
Trd, 000021.600, 145
Trd, 000021.783, 144
Trd, 000022.167, 143
Trd, 000023.450, 143
Trd, 000023.483, 144
Trd, 000024.733, 140
Trd, 000025.167, 143
Trd, 000025.483, 143
Trd, 000025.800, 141
Trd, 000026.050, 140
Trd, 000026.600, 145
Trd, 000027.083, 144
Trd, 000027.900, 146
Trd, 000028.300, 141
Trd, 000028.750, 143
Trd, 000029.067, 146
Trd, 000029.183, 144
Trd, 000029.833, 147
Trd, 000031.750, 143
Trd, 000031.867, 142
Trd, 000033.283, 138
Trd, 000033.717, 140
Trd, 000034.017, 141
Trd, 000034.383, 142
Trd, 000034.650, 141
Trd, 000035.033, 138
Trd, 000035.383, 143
Trd, 000035.750, 137
Trd, 000035.850, 144
Trd, 000036.300, 147
Trd, 000036.533, 133
Trd, 000037.917, 136
Trd, 000038.983, 138
Trd, 000039.583, 140
Trd, 000039.983, 135
Trd, 000040.317, 140
Trd, 000040.700, 137
Trd, 000040.733, 141
Trd, 000041.100, 142
Trd, 000041.450, 142
Trd, 000042.800, 138
Trd, 000042.933, 136
Trd, 000044.117, 138
Trd, 000044.700, 139
Trd, 000045.000, 135
Trd, 000045.550, 140
Trd, 000045.650, 146
Trd, 000046.167, 142
Trd, 000046.783, 149
Trd, 000047.350, 152
Trd, 000047.550, 147
Trd, 000047.817, 146
Trd, 000048.133, 145
Trd, 000049.050, 147
Trd, 000049.417, 138
Trd, 000050.033, 147
Trd, 000050.950, 145
Trd, 000051.917, 146
Trd, 000052.217, 146
Trd, 000052.583, 147
Trd, 000052.933, 145
Trd, 000053.350, 145
Trd, 000053.700, 136
Trd, 000053.767, 134
Trd, 000054.300, 146
Trd, 000055.317, 147
Trd, 000055.733, 147
Trd, 000056.417, 148
Trd, 000056.950, 147
Trd, 000059.883, 148
Trd, 000059.950, 148
Trd, 000060.000, 147
Trd, 000060.517, 146
Trd, 000061.000, 146
Trd, 000061.333, 148
Trd, 000061.633, 145
Trd, 000061.667, 148
Trd, 000062.033, 145
Trd, 000063.933, 147
Trd, 000063.967, 145
Trd, 000064.117, 148
Trd, 000064.200, 150
Trd, 000064.667, 144
Trd, 000064.983, 143
Trd, 000065.983, 148
Trd, 000066.750, 146
Trd, 000067.767, 145
Trd, 000068.150, 144
Trd, 000068.383, 146
Trd, 000069.267, 146
Trd, 000069.800, 147
Trd, 000070.117, 144
Trd, 000070.967, 149
Trd, 000071.050, 149
Trd, 000071.133, 151
Trd, 000071.633, 148
Trd, 000071.967, 151
Trd, 000073.117, 158
Trd, 000073.467, 149
Trd, 000074.833, 148
Trd, 000075.117, 148
Trd, 000075.367, 148
Trd, 000075.417, 149
Trd, 000075.500, 145
Trd, 000075.900, 141
Trd, 000076.217, 149
Trd, 000077.600, 148
Trd, 000077.900, 143
Trd, 000077.983, 141
Trd, 000078.233, 139
Trd, 000078.267, 148
Trd, 000078.383, 149
Trd, 000078.400, 138
Trd, 000079.667, 139
Trd, 000079.683, 138
Trd, 000080.167, 150
Trd, 000080.833, 149
Trd, 000082.483, 148
Trd, 000082.617, 144
Trd, 000082.717, 149
Trd, 000083.600, 148
Trd, 000084.183, 143
Trd, 000084.450, 142
Trd, 000084.883, 143
Trd, 000085.000, 148
Trd, 000085.433, 149
Trd, 000086.300, 149
Trd, 000087.017, 145
Trd, 000087.833, 149
Trd, 000088.433, 147
Trd, 000089.000, 150
Trd, 000089.367, 146
Trd, 000089.550, 146
Trd, 000089.967, 149
Trd, 000090.067, 143
Trd, 000091.217, 151
Trd, 000091.967, 152
Trd, 000092.283, 150
Trd, 000092.483, 153
Trd, 000092.600, 164
Trd, 000092.767, 170
Trd, 000094.900, 182
Trd, 000095.350, 174
Trd, 000096.050, 164
Trd, 000096.150, 163
Trd, 000096.400, 154
Trd, 000096.550, 152
Trd, 000098.217, 152
Trd, 000099.250, 159
Trd, 000099.400, 160
Trd, 000100.017, 156
Trd, 000100.217, 156
Trd, 000100.317, 153
Trd, 000100.950, 152
Trd, 000101.533, 151
Trd, 000102.017, 144
Trd, 000102.400, 153
Trd, 000102.483, 154
Trd, 000102.533, 139
Trd, 000102.700, 154
Trd, 000102.867, 156
Trd, 000103.350, 154
Trd, 000105.033, 154
Trd, 000105.050, 157
Trd, 000105.450, 154
Trd, 000105.717, 153
Trd, 000106.150, 152
Trd, 000106.283, 155
Trd, 000106.700, 153
Trd, 000107.833, 154
Trd, 000108.350, 153
Trd, 000109.150, 154
Trd, 000109.267, 153
Trd, 000109.950, 154
Trd, 000110.000, 155
Trd, 000110.867, 152
Trd, 000110.967, 152
Trd, 000111.083, 153
Trd, 000111.367, 145
Trd, 000111.400, 156
Trd, 000112.200, 160
Trd, 000112.283, 137
Trd, 000113.617, 142
Trd, 000113.783, 152
Trd, 000114.167, 153
Trd, 000115.467, 154
Trd, 000116.150, 153
Trd, 000116.167, 151
Trd, 000116.917, 155
Trd, 000118.200, 148
Trd, 000118.367, 147
Trd, 000118.383, 156
Trd, 000118.733, 157
Trd, 000120.667, 157
Trd, 000120.933, 157
Trd, 000121.233, 157
Trd, 000121.517, 158
Trd, 000122.350, 158
Trd, 000124.167, 158
Trd, 000124.583, 157
Trd, 000124.733, 155
Trd, 000124.883, 153
Trd, 000125.083, 146
Trd, 000125.533, 157
Trd, 000126.483, 157
Trd, 000126.983, 152
Trd, 000127.017, 157
Trd, 000127.367, 157
Trd, 000127.467, 158
Trd, 000127.717, 155
Trd, 000128.083, 156
Trd, 000128.217, 154
Trd, 000128.317, 152
Trd, 000129.767, 154
Trd, 000130.933, 144
Trd, 000131.867, 154
Trd, 000131.967, 164
Trd, 000133.250, 155
Trd, 000133.817, 156
Trd, 000134.750, 159
Trd, 000134.950, 158
Trd, 000135.500, 159
Trd, 000135.633, 168
Trd, 000135.967, 156
Trd, 000136.283, 154
Trd, 000137.050, 148
Trd, 000137.750, 143
Trd, 000139.017, 154
Trd, 000139.683, 156
Trd, 000139.717, 157
Trd, 000139.883, 155
Trd, 000141.233, 156
Trd, 000141.250, 154
Trd, 000141.633, 155
Trd, 000142.500, 156
Trd, 000142.667, 154
Trd, 000142.950, 155
Trd, 000143.400, 156
Trd, 000143.750, 154
Trd, 000144.700, 155
Trd, 000146.067, 154
Trd, 000147.333, 155
Trd, 000147.733, 157
Trd, 000147.933, 156
Trd, 000148.333, 157
Trd, 000148.900, 156
Trd, 000149.150, 154
Trd, 000149.450, 170
Trd, 000150.717, 156
Trd, 000150.983, 146
Trd, 000151.933, 154
Trd, 000152.467, 156
Trd, 000152.700, 153
Trd, 000153.050, 158
Trd, 000153.767, 152
Trd, 000154.617, 149
Trd, 000154.833, 155
Trd, 000155.367, 155
Trd, 000155.783, 150
Trd, 000156.150, 155
Trd, 000156.617, 157
Trd, 000156.883, 159
Trd, 000157.050, 156
Trd, 000157.883, 156
Trd, 000157.933, 156
Trd, 000159.050, 155
Trd, 000159.417, 156
Trd, 000160.433, 154
Trd, 000160.483, 150
Trd, 000160.767, 156
Trd, 000160.800, 150
Trd, 000161.283, 156
Trd, 000161.867, 159
Trd, 000162.350, 151
Trd, 000163.317, 160
Trd, 000163.600, 157
Trd, 000164.950, 155
Trd, 000165.067, 156
Trd, 000165.383, 154
Trd, 000165.633, 155
Trd, 000165.967, 156
Trd, 000166.883, 155
Trd, 000167.050, 145
Trd, 000167.450, 151
Trd, 000168.717, 150
Trd, 000169.000, 154
Trd, 000169.483, 154
Trd, 000169.550, 153
Trd, 000169.633, 158
Trd, 000169.683, 161
Trd, 000169.867, 151
Trd, 000170.017, 150
Trd, 000171.433, 157
Trd, 000171.617, 149
Trd, 000172.067, 148
Trd, 000172.567, 159
Trd, 000174.200, 153
Trd, 000174.717, 154
Trd, 000174.800, 162
Trd, 000175.217, 158
Trd, 000175.600, 152
Trd, 000176.617, 151
Trd, 000176.783, 157
Trd, 000177.633, 158
Trd, 000177.833, 155
Trd, 000178.133, 159
Trd, 000178.650, 160
Trd, 000178.733, 159
Trd, 000179.267, 154
Trd, 000179.783, 169
Trd, 000180.550, 152
Trd, 000180.583, 148
Trd, 000180.767, 172
Trd, 000181.600, 163
Trd, 000181.917, 164
Trd, 000182.317, 159
Trd, 000182.750, 155
Trd, 000183.267, 159
Trd, 000183.733, 160
Trd, 000183.967, 160
Trd, 000184.850, 155
Trd, 000186.217, 159
Trd, 000186.867, 159
Trd, 000187.167, 160
Trd, 000187.383, 158
Trd, 000188.600, 155
Trd, 000188.800, 160
Trd, 000189.567, 154
Trd, 000190.567, 157
Trd, 000190.867, 160
Trd, 000190.983, 153
Trd, 000191.567, 149
Trd, 000191.750, 152
Trd, 000191.883, 158
Trd, 000192.233, 146
Trd, 000193.217, 158
Trd, 000193.267, 163
Trd, 000193.367, 173
Trd, 000193.800, 154
Trd, 000194.017, 153
Trd, 000195.050, 189
Trd, 000195.533, 155
Trd, 000196.533, 165
Trd, 000198.017, 160
Trd, 000199.150, 155
Trd, 000199.667, 161
Trd, 000199.750, 161
Trd, 000200.550, 155
Trd, 000201.900, 156
Trd, 000202.233, 156
Trd, 000202.550, 157
Trd, 000202.917, 157
Trd, 000203.000, 150
Trd, 000203.467, 158
Trd, 000203.633, 159
Trd, 000203.833, 154
Trd, 000204.217, 151
Trd, 000206.133, 156
Trd, 000206.333, 157
Trd, 000206.700, 161
Trd, 000207.067, 154
Trd, 000208.583, 156
Trd, 000208.817, 156
Trd, 000209.867, 157
Trd, 000210.250, 161
Trd, 000210.633, 158
Trd, 000210.900, 162
Trd, 000210.983, 157
Trd, 000212.300, 161
Trd, 000212.650, 161
Trd, 000213.133, 160
Trd, 000213.367, 161
Trd, 000214.050, 159
Trd, 000214.183, 158
Trd, 000214.317, 161
Trd, 000216.050, 157
Trd, 000216.150, 155
Trd, 000216.583, 166
Trd, 000217.050, 165
Trd, 000217.850, 156
Trd, 000217.967, 152
Trd, 000218.350, 163
Trd, 000219.283, 157
Trd, 000219.400, 163
Trd, 000219.817, 158
Trd, 000220.350, 161
Trd, 000221.300, 162
Trd, 000221.533, 164
Trd, 000221.967, 161
Trd, 000222.100, 164
Trd, 000222.250, 166
Trd, 000222.817, 165
Trd, 000223.683, 163
Trd, 000223.817, 165
Trd, 000224.150, 163
Trd, 000224.583, 162
Trd, 000225.067, 161
Trd, 000227.117, 159
Trd, 000227.250, 163
Trd, 000227.367, 167
Trd, 000227.767, 157
Trd, 000228.667, 157
Trd, 000228.833, 156
Trd, 000229.117, 160
Trd, 000229.933, 160
Trd, 000230.133, 156
Trd, 000231.200, 160
Trd, 000232.217, 159
Trd, 000233.000, 161
Trd, 000233.317, 160
Trd, 000233.517, 164
Trd, 000233.650, 174
Trd, 000234.000, 170
Trd, 000235.817, 164
Trd, 000236.000, 166
Trd, 000236.033, 158
Trd, 000236.800, 157
Trd, 000237.217, 166
Trd, 000237.567, 165
Trd, 000237.717, 161
Trd, 000237.917, 166
Trd, 000239.033, 166
Trd, 000239.217, 169
Trd, 000239.583, 161
Trd, 000240.233, 167
Trd, 000240.433, 162
Trd, 000241.317, 167
Trd, 000241.350, 167
Trd, 000241.900, 170
Trd, 000242.133, 169
Trd, 000242.333, 175
Trd, 000242.833, 178
Trd, 000242.950, 175
Trd, 000243.483, 173
Trd, 000243.750, 174
Trd, 000243.767, 169
Trd, 000244.150, 167
Trd, 000245.583, 167
Trd, 000246.167, 163
Trd, 000246.483, 164
Trd, 000246.567, 158
Trd, 000246.583, 168
Trd, 000246.850, 168
Trd, 000247.217, 156
Trd, 000248.000, 168
Trd, 000248.483, 161
Trd, 000249.117, 167
Trd, 000249.183, 169
Trd, 000249.300, 166
Trd, 000249.800, 168
Trd, 000250.150, 167
Trd, 000250.400, 169
Trd, 000251.250, 167
Trd, 000252.067, 170
Trd, 000252.450, 171
Trd, 000253.067, 172
Trd, 000253.250, 177
Trd, 000253.433, 180
Trd, 000253.633, 177
Trd, 000253.833, 183
Trd, 000254.567, 192
Trd, 000254.783, 173
Trd, 000255.650, 176
Trd, 000256.167, 187
Trd, 000256.867, 182
Trd, 000257.233, 185
Trd, 000257.500, 185
Trd, 000257.933, 181
Trd, 000258.033, 180
Trd, 000258.367, 178
Trd, 000258.883, 179
Trd, 000260.533, 169
Trd, 000260.817, 171
Trd, 000261.050, 171
Trd, 000261.883, 171
Trd, 000262.100, 167
Trd, 000262.317, 167
Trd, 000262.417, 169
Trd, 000262.733, 170
Trd, 000262.750, 157
Trd, 000263.400, 164
Trd, 000263.667, 164
Trd, 000264.567, 167
Trd, 000264.817, 169
Trd, 000265.300, 173
Trd, 000265.700, 180
Trd, 000265.800, 179
Trd, 000266.350, 181
Trd, 000266.567, 180
Trd, 000267.133, 186
Trd, 000267.300, 182
Trd, 000267.333, 181
Trd, 000267.367, 183
Trd, 000267.617, 172
Trd, 000267.900, 180
Trd, 000268.617, 185
Trd, 000268.783, 180
Trd, 000269.433, 178
Trd, 000269.450, 179
Trd, 000270.267, 178
Trd, 000270.517, 181
Trd, 000271.117, 172
Trd, 000271.133, 170
Trd, 000271.833, 173
Trd, 000272.367, 175
Trd, 000273.300, 175
Trd, 000273.400, 174
Trd, 000274.200, 175
Trd, 000274.633, 176
Trd, 000274.883, 174
Trd, 000274.967, 173
Trd, 000275.033, 176
Trd, 000275.217, 170
Trd, 000276.050, 175
Trd, 000276.317, 176
Trd, 000276.367, 177
Trd, 000277.067, 172
Trd, 000277.467, 173
Trd, 000277.633, 178
Trd, 000278.017, 168
Trd, 000278.517, 162
Trd, 000279.250, 171
Trd, 000280.167, 178
Trd, 000280.317, 178
Trd, 000280.750, 177
Trd, 000280.850, 179
Trd, 000281.167, 179
Trd, 000281.433, 178
Trd, 000281.617, 179
Trd, 000281.867, 178
Trd, 000282.183, 180
Trd, 000282.950, 183
Trd, 000283.150, 184
Trd, 000283.250, 186
Trd, 000283.500, 204
Trd, 000283.900, 203
Trd, 000284.633, 193
Trd, 000285.167, 191
Trd, 000285.567, 190
Trd, 000285.717, 189
Trd, 000285.750, 186
Trd, 000286.050, 183
Trd, 000286.983, 174
Trd, 000287.383, 177
Trd, 000287.500, 175
Trd, 000287.683, 178
Trd, 000287.800, 178
Trd, 000288.433, 180
Trd, 000288.817, 187
Trd, 000289.000, 185
Trd, 000289.100, 188
Trd, 000289.350, 173
Trd, 000290.117, 185
Trd, 000290.417, 175
Trd, 000290.567, 185
Trd, 000291.100, 175
Trd, 000291.900, 179
Trd, 000291.917, 176
Trd, 000292.033, 170
Trd, 000292.117, 180
Trd, 000292.617, 172
Trd, 000293.883, 172
Trd, 000294.117, 175
Trd, 000294.267, 176
Trd, 000294.283, 172
Trd, 000294.533, 176
Trd, 000294.600, 170
Trd, 000295.283, 171
Trd, 000295.483, 170
Trd, 000296.267, 175
Trd, 000296.583, 176
Trd, 000296.783, 169
Trd, 000297.117, 180
Trd, 000297.783, 184
Trd, 000298.267, 169
Trd, 000298.517, 178
Trd, 000298.533, 179
Trd, 000298.617, 166
Trd, 000299.433, 164
Trd, 000299.467, 180
