Trd, 000003.350, 146
Trd, 000003.567, 146
Trd, 000004.333, 147
Trd, 000004.367, 145
Trd, 000004.733, 144
Trd, 000005.067, 145
Trd, 000005.300, 148
Trd, 000005.400, 145
Trd, 000005.750, 145
Trd, 000006.383, 154
Trd, 000007.550, 148
Trd, 000008.733, 150
Trd, 000008.983, 152
Trd, 000009.033, 148
Trd, 000009.050, 153
Trd, 000009.517, 156
Trd, 000009.650, 151
Trd, 000011.867, 150
Trd, 000012.033, 154
Trd, 000012.283, 154
Trd, 000012.917, 151
Trd, 000012.933, 156
Trd, 000013.867, 157
Trd, 000014.883, 155
Trd, 000015.833, 156
Trd, 000016.033, 156
Trd, 000016.050, 157
Trd, 000016.300, 156
Trd, 000017.900, 149
Trd, 000018.883, 147
Trd, 000019.133, 142
Trd, 000019.683, 149
Trd, 000019.750, 146
Trd, 000020.550, 153
Trd, 000020.633, 153
Trd, 000022.883, 147
Trd, 000023.267, 148
Trd, 000023.283, 148
Trd, 000024.450, 148
Trd, 000024.483, 147
Trd, 000024.533, 146
Trd, 000024.550, 150
Trd, 000024.567, 164
Trd, 000024.767, 146
Trd, 000026.400, 153
Trd, 000026.467, 168
Trd, 000027.883, 156
Trd, 000027.933, 155
Trd, 000028.050, 154
Trd, 000029.233, 155
Trd, 000029.250, 157
Trd, 000030.017, 155
Trd, 000030.400, 156
Trd, 000031.283, 155
Trd, 000031.717, 156
Trd, 000032.433, 156
Trd, 000032.817, 156
Trd, 000033.350, 154
Trd, 000035.283, 153
Trd, 000035.617, 153
Trd, 000035.817, 154
Trd, 000036.083, 153
Trd, 000036.717, 154
Trd, 000036.967, 154
Trd, 000038.817, 154
Trd, 000039.033, 152
Trd, 000039.133, 152
Trd, 000039.350, 154
Trd, 000040.233, 155
Trd, 000041.067, 159
Trd, 000041.300, 166
Trd, 000041.350, 155
Trd, 000041.767, 154
Trd, 000042.700, 153
Trd, 000042.900, 153
Trd, 000042.967, 159
Trd, 000043.583, 153
Trd, 000043.750, 158
Trd, 000045.150, 154
Trd, 000045.550, 153
Trd, 000045.967, 158
Trd, 000046.000, 152
Trd, 000047.400, 156
Trd, 000048.617, 155
Trd, 000049.017, 157
Trd, 000049.867, 157
Trd, 000050.133, 157
Trd, 000050.283, 158
Trd, 000050.667, 159
Trd, 000051.167, 157
Trd, 000051.850, 159
Trd, 000052.100, 158
Trd, 000053.900, 160
Trd, 000053.950, 160
Trd, 000054.450, 160
Trd, 000055.150, 161
Trd, 000056.083, 159
Trd, 000056.700, 159
Trd, 000057.367, 161
Trd, 000057.783, 161
Trd, 000058.617, 161
Trd, 000059.517, 161
Trd, 000059.733, 171
Trd, 000060.567, 166
Trd, 000060.817, 158
Trd, 000060.967, 157
Trd, 000061.267, 156
Trd, 000062.133, 161
Trd, 000062.950, 161
Trd, 000063.367, 154
Trd, 000063.700, 161
Trd, 000064.150, 156
Trd, 000064.817, 154
Trd, 000065.217, 153
Trd, 000065.933, 155
Trd, 000066.617, 146
Trd, 000066.667, 155
Trd, 000066.950, 154
Trd, 000067.450, 155
Trd, 000068.717, 156
Trd, 000069.750, 155
Trd, 000069.867, 155
Trd, 000069.917, 155
Trd, 000070.267, 155
Trd, 000071.483, 155
Trd, 000071.667, 154
Trd, 000072.483, 153
Trd, 000072.967, 155
Trd, 000073.683, 161
Trd, 000075.250, 157
Trd, 000075.417, 162
Trd, 000076.150, 161
Trd, 000076.183, 169
Trd, 000077.950, 169
Trd, 000078.183, 167
Trd, 000078.467, 166
Trd, 000078.983, 168
Trd, 000079.017, 167
Trd, 000079.367, 168
Trd, 000079.433, 166
Trd, 000080.567, 164
Trd, 000081.333, 162
Trd, 000082.050, 166
Trd, 000082.633, 165
Trd, 000083.750, 166
Trd, 000083.933, 166
Trd, 000085.200, 166
Trd, 000085.250, 172
Trd, 000085.483, 169
Trd, 000085.817, 164
Trd, 000086.200, 163
Trd, 000086.500, 163
Trd, 000088.267, 164
Trd, 000088.617, 164
Trd, 000089.483, 164
Trd, 000089.750, 163
Trd, 000089.783, 165
Trd, 000090.733, 166
Trd, 000091.367, 167
Trd, 000091.617, 167
Trd, 000093.550, 166
Trd, 000094.250, 167
Trd, 000094.433, 165
Trd, 000095.633, 167
Trd, 000097.683, 168
Trd, 000097.783, 164
Trd, 000098.133, 167
Trd, 000098.700, 165
Trd, 000098.717, 167
Trd, 000098.900, 158
Trd, 000099.217, 165
Trd, 000099.267, 166
Trd, 000100.667, 164
Trd, 000101.417, 165
Trd, 000101.833, 165
Trd, 000102.133, 165
Trd, 000102.267, 165
Trd, 000102.550, 165
Trd, 000103.467, 166
Trd, 000103.500, 165
Trd, 000103.700, 169
Trd, 000103.850, 172
Trd, 000105.167, 164
Trd, 000105.817, 162
Trd, 000106.367, 164
Trd, 000106.833, 164
Trd, 000107.350, 163
Trd, 000107.450, 165
Trd, 000107.633, 165
Trd, 000109.533, 162
Trd, 000110.283, 161
Trd, 000110.333, 165
Trd, 000110.867, 160
Trd, 000111.483, 165
Trd, 000112.250, 159
Trd, 000112.267, 165
Trd, 000113.817, 163
Trd, 000114.017, 161
Trd, 000114.350, 160
Trd, 000114.367, 162
Trd, 000114.767, 160
Trd, 000115.133, 164
Trd, 000116.333, 173
Trd, 000116.767, 160
Trd, 000118.333, 167
Trd, 000119.383, 164
Trd, 000119.733, 162
Trd, 000120.333, 166
Trd, 000120.350, 162
Trd, 000121.733, 163
Trd, 000122.883, 166
Trd, 000123.367, 165
Trd, 000123.867, 166
Trd, 000124.050, 165
Trd, 000124.283, 165
Trd, 000125.150, 165
Trd, 000126.333, 166
Trd, 000126.467, 167
Trd, 000126.500, 163
Trd, 000126.517, 161
Trd, 000126.917, 160
Trd, 000127.400, 168
Trd, 000128.100, 153
Trd, 000128.600, 154
Trd, 000128.817, 148
Trd, 000129.767, 168
Trd, 000130.983, 158
Trd, 000132.000, 154
Trd, 000132.200, 160
Trd, 000133.233, 159
Trd, 000133.250, 159
Trd, 000133.667, 157
Trd, 000134.567, 167
Trd, 000134.817, 165
Trd, 000134.950, 164
Trd, 000135.033, 164
Trd, 000135.083, 167
Trd, 000135.183, 161
Trd, 000135.633, 168
Trd, 000136.950, 165
Trd, 000137.267, 164
Trd, 000137.350, 163
Trd, 000137.617, 166
Trd, 000137.633, 169
Trd, 000139.200, 170
Trd, 000141.400, 166
Trd, 000141.433, 166
Trd, 000141.733, 166
Trd, 000143.767, 165
Trd, 000144.183, 164
Trd, 000144.767, 165
Trd, 000144.833, 166
Trd, 000146.367, 166
Trd, 000146.500, 165
Trd, 000146.583, 167
Trd, 000147.033, 166
Trd, 000147.400, 166
Trd, 000147.500, 165
Trd, 000147.567, 167
Trd, 000148.000, 164
Trd, 000148.567, 177
Trd, 000149.600, 163
Trd, 000150.017, 170
Trd, 000150.167, 171
Trd, 000150.733, 165
Trd, 000151.033, 163
Trd, 000151.533, 165
Trd, 000151.717, 171
Trd, 000152.717, 168
Trd, 000153.483, 170
Trd, 000154.017, 170
Trd, 000154.433, 172
Trd, 000155.200, 170
Trd, 000155.967, 170
Trd, 000156.967, 168
Trd, 000157.083, 170
Trd, 000157.433, 170
Trd, 000158.133, 170
Trd, 000160.083, 171
Trd, 000160.417, 173
Trd, 000160.700, 170
Trd, 000160.983, 173
Trd, 000161.867, 170
Trd, 000162.433, 172
Trd, 000162.883, 170
Trd, 000163.283, 171
Trd, 000163.733, 171
Trd, 000164.000, 170
Trd, 000164.617, 170
Trd, 000165.100, 171
Trd, 000165.583, 169
Trd, 000166.183, 164
Trd, 000166.450, 169
Trd, 000167.883, 169
Trd, 000168.300, 158
Trd, 000169.350, 169
Trd, 000170.000, 171
Trd, 000170.267, 170
Trd, 000171.167, 171
Trd, 000172.150, 171
Trd, 000172.400, 171
Trd, 000172.433, 170
Trd, 000172.883, 167
Trd, 000172.917, 167
Trd, 000173.050, 172
Trd, 000174.117, 172
Trd, 000174.450, 173
Trd, 000175.367, 168
Trd, 000177.483, 173
Trd, 000178.467, 169
Trd, 000178.717, 168
Trd, 000179.100, 163
Trd, 000179.200, 169
Trd, 000179.450, 156
Trd, 000179.583, 169
Trd, 000179.717, 152
Trd, 000180.817, 168
Trd, 000182.233, 169
Trd, 000182.900, 173
Trd, 000183.467, 179
Trd, 000183.950, 166
Trd, 000184.600, 179
Trd, 000184.867, 178
Trd, 000184.917, 171
Trd, 000185.483, 154
Trd, 000185.717, 166
Trd, 000186.017, 168
Trd, 000187.417, 169
Trd, 000187.683, 167
Trd, 000188.000, 169
Trd, 000188.983, 170
Trd, 000189.883, 170
Trd, 000190.467, 169
Trd, 000190.483, 166
Trd, 000190.500, 170
Trd, 000191.683, 172
Trd, 000192.283, 169
Trd, 000192.733, 169
Trd, 000192.917, 167
Trd, 000193.750, 169
Trd, 000194.483, 171
Trd, 000194.567, 165
Trd, 000194.683, 172
Trd, 000194.733, 164
Trd, 000195.100, 174
Trd, 000195.850, 166
Trd, 000196.417, 153
Trd, 000196.750, 147
Trd, 000197.900, 155
Trd, 000198.933, 169
Trd, 000199.017, 172
Trd, 000199.033, 168
Trd, 000199.100, 157
Trd, 000199.767, 183
Trd, 000199.800, 184
Trd, 000199.867, 172
Trd, 000200.583, 162
Trd, 000200.867, 161
Trd, 000201.150, 169
Trd, 000202.533, 168
Trd, 000204.833, 165
Trd, 000204.983, 167
Trd, 000205.300, 162
Trd, 000205.767, 166
Trd, 000205.950, 167
Trd, 000207.017, 164
Trd, 000208.183, 166
Trd, 000208.333, 163
Trd, 000208.367, 163
Trd, 000208.683, 167
Trd, 000208.833, 176
Trd, 000210.367, 173
Trd, 000210.833, 174
Trd, 000211.317, 176
Trd, 000211.683, 172
Trd, 000212.683, 175
Trd, 000213.133, 173
Trd, 000214.183, 172
Trd, 000214.800, 171
Trd, 000215.000, 173
Trd, 000216.583, 174
Trd, 000216.683, 175
Trd, 000217.067, 173
Trd, 000217.100, 176
Trd, 000218.417, 176
Trd, 000219.283, 175
Trd, 000220.883, 175
Trd, 000221.117, 173
Trd, 000221.433, 173
Trd, 000221.683, 177
Trd, 000222.983, 175
Trd, 000223.100, 176
Trd, 000223.700, 175
Trd, 000223.783, 173
Trd, 000223.983, 173
Trd, 000224.333, 176
Trd, 000225.550, 170
Trd, 000226.083, 177
Trd, 000226.100, 177
Trd, 000226.300, 177
Trd, 000227.567, 178
Trd, 000227.967, 175
Trd, 000228.583, 176
Trd, 000229.517, 176
Trd, 000229.867, 174
Trd, 000230.017, 177
Trd, 000231.533, 173
Trd, 000231.700, 174
Trd, 000231.833, 175
Trd, 000232.417, 174
Trd, 000233.417, 178
Trd, 000233.783, 178
Trd, 000234.433, 177
Trd, 000234.717, 184
Trd, 000235.050, 178
Trd, 000235.533, 178
Trd, 000236.600, 178
Trd, 000236.833, 177
Trd, 000237.517, 179
Trd, 000239.933, 180
Trd, 000240.317, 180
Trd, 000240.383, 181
Trd, 000240.550, 179
Trd, 000240.633, 178
Trd, 000240.900, 176
Trd, 000240.950, 175
Trd, 000241.467, 176
Trd, 000242.183, 175
Trd, 000242.433, 176
Trd, 000242.633, 174
Trd, 000242.750, 173
Trd, 000242.767, 172
Trd, 000243.300, 174
Trd, 000243.383, 177
Trd, 000244.183, 172
Trd, 000244.317, 175
Trd, 000244.850, 176
Trd, 000244.900, 179
Trd, 000245.150, 172
Trd, 000245.567, 175
Trd, 000247.483, 176
Trd, 000247.850, 179
Trd, 000248.100, 178
Trd, 000248.117, 179
Trd, 000248.383, 175
Trd, 000248.583, 179
Trd, 000248.700, 176
Trd, 000249.367, 173
Trd, 000250.383, 177
Trd, 000250.900, 177
Trd, 000251.250, 180
Trd, 000251.333, 181
Trd, 000252.000, 183
Trd, 000252.033, 187
Trd, 000252.867, 190
Trd, 000253.133, 187
Trd, 000253.333, 188
Trd, 000253.533, 184
Trd, 000253.733, 182
Trd, 000253.850, 174
Trd, 000254.533, 159
Trd, 000254.617, 168
Trd, 000254.783, 173
Trd, 000255.417, 175
Trd, 000255.900, 175
Trd, 000255.967, 174
Trd, 000256.100, 176
Trd, 000256.367, 175
Trd, 000256.717, 176
Trd, 000257.150, 178
Trd, 000257.917, 179
Trd, 000258.067, 178
Trd, 000258.533, 179
Trd, 000258.600, 169
Trd, 000258.867, 172
Trd, 000259.517, 177
Trd, 000260.317, 177
Trd, 000260.583, 179
Trd, 000260.883, 181
Trd, 000261.267, 175
Trd, 000262.200, 178
Trd, 000263.050, 186
Trd, 000263.150, 188
Trd, 000263.167, 198
Trd, 000263.700, 195
Trd, 000264.083, 189
Trd, 000265.217, 186
Trd, 000265.617, 174
Trd, 000266.017, 166
Trd, 000266.483, 170
Trd, 000266.550, 172
Trd, 000266.800, 174
Trd, 000267.017, 176
Trd, 000267.133, 173
Trd, 000267.983, 173
Trd, 000268.067, 175
Trd, 000268.683, 174
Trd, 000269.083, 175
Trd, 000269.200, 174
Trd, 000269.833, 162
Trd, 000269.883, 177
Trd, 000270.650, 177
Trd, 000271.417, 177
Trd, 000271.450, 178
Trd, 000271.733, 176
Trd, 000271.817, 172
Trd, 000272.033, 178
Trd, 000272.350, 182
Trd, 000273.767, 176
Trd, 000273.883, 177
Trd, 000273.900, 178
Trd, 000274.183, 179
Trd, 000274.533, 176
Trd, 000274.867, 177
Trd, 000275.683, 180
Trd, 000276.200, 182
Trd, 000276.283, 189
Trd, 000276.767, 182
Trd, 000277.083, 183
Trd, 000277.633, 187
Trd, 000278.367, 186
Trd, 000278.900, 186
Trd, 000279.317, 188
Trd, 000279.367, 187
Trd, 000279.967, 189
Trd, 000280.050, 188
Trd, 000280.483, 184
Trd, 000281.017, 190
Trd, 000281.617, 183
Trd, 000281.967, 180
Trd, 000282.050, 176
Trd, 000282.383, 172
Trd, 000282.417, 168
Trd, 000282.467, 177
Trd, 000283.133, 193
Trd, 000283.800, 196
Trd, 000284.067, 189
Trd, 000284.700, 185
Trd, 000285.017, 187
Trd, 000285.450, 183
Trd, 000286.183, 184
Trd, 000286.483, 186
Trd, 000286.633, 185
Trd, 000286.800, 187
Trd, 000287.817, 180
Trd, 000287.867, 187
Trd, 000288.050, 176
Trd, 000289.150, 177
Trd, 000289.333, 175
Trd, 000290.017, 180
Trd, 000290.183, 185
Trd, 000290.683, 185
Trd, 000290.817, 184
Trd, 000291.400, 184
Trd, 000292.300, 184
Trd, 000292.433, 183
Trd, 000292.567, 185
Trd, 000292.617, 179
Trd, 000293.550, 186
Trd, 000294.817, 186
Trd, 000295.017, 183
Trd, 000295.033, 184
Trd, 000295.583, 181
Trd, 000295.750, 183
Trd, 000296.333, 183
Trd, 000296.650, 186
Trd, 000296.950, 183
Trd, 000297.033, 178
Trd, 000297.083, 180
Trd, 000297.333, 172
Trd, 000297.450, 187
Trd, 000297.933, 187
Trd, 000297.983, 192
Trd, 000298.917, 195
Trd, 000299.217, 180
