Trd, 000001.100, 117
Trd, 000001.950, 100
Trd, 000004.000, 137
Trd, 000004.533, 136
Trd, 000004.683, 139
Trd, 000005.017, 141
Trd, 000005.483, 140
Trd, 000006.783, 148
Trd, 000006.967, 144
Trd, 000007.583, 148
Trd, 000008.017, 150
Trd, 000009.100, 144
Trd, 000009.117, 151
Trd, 000010.083, 146
Trd, 000010.967, 144
Trd, 000012.317, 144
Trd, 000012.650, 144
Trd, 000012.717, 147
Trd, 000014.933, 142
Trd, 000015.367, 142
Trd, 000016.233, 146
Trd, 000016.400, 145
Trd, 000016.533, 146
Trd, 000016.717, 152
Trd, 000018.150, 149
Trd, 000018.450, 148
Trd, 000019.717, 148
Trd, 000019.767, 148
Trd, 000019.817, 147
Trd, 000020.467, 148
Trd, 000020.500, 147
Trd, 000021.117, 149
Trd, 000021.800, 148
Trd, 000022.533, 147
Trd, 000023.400, 147
Trd, 000023.800, 146
Trd, 000024.550, 146
Trd, 000024.600, 148
Trd, 000025.700, 146
Trd, 000026.133, 147
Trd, 000026.350, 148
Trd, 000027.433, 147
Trd, 000027.983, 147
Trd, 000029.667, 146
Trd, 000029.783, 147
Trd, 000029.817, 146
Trd, 000030.183, 146
Trd, 000031.617, 148
Trd, 000031.717, 154
Trd, 000033.067, 147
Trd, 000033.183, 147
Trd, 000033.217, 149
Trd, 000033.983, 154
Trd, 000034.017, 158
Trd, 000035.500, 153
Trd, 000036.733, 154
Trd, 000037.233, 154
Trd, 000037.900, 153
Trd, 000038.400, 154
Trd, 000038.617, 153
Trd, 000038.683, 155
Trd, 000039.067, 150
Trd, 000040.667, 151
Trd, 000040.783, 152
Trd, 000041.033, 154
Trd, 000041.133, 148
Trd, 000041.633, 148
Trd, 000044.100, 154
Trd, 000045.367, 149
Trd, 000046.167, 151
Trd, 000046.850, 151
Trd, 000047.233, 150
Trd, 000047.383, 152
Trd, 000048.133, 152
Trd, 000048.767, 150
Trd, 000049.217, 149
Trd, 000052.383, 151
Trd, 000052.533, 149
Trd, 000053.167, 150
Trd, 000053.517, 153
Trd, 000054.333, 153
Trd, 000054.500, 163
Trd, 000054.567, 152
Trd, 000055.383, 156
Trd, 000056.050, 157
Trd, 000056.950, 156
Trd, 000057.000, 155
Trd, 000057.700, 156
Trd, 000057.750, 157
Trd, 000060.000, 156
Trd, 000060.133, 155
Trd, 000060.367, 157
Trd, 000060.483, 164
Trd, 000062.583, 159
Trd, 000063.400, 158
Trd, 000063.433, 158
Trd, 000063.550, 159
Trd, 000064.100, 164
Trd, 000065.100, 158
Trd, 000065.983, 158
Trd, 000066.167, 157
Trd, 000066.183, 156
Trd, 000066.333, 159
Trd, 000066.817, 146
Trd, 000067.217, 161
Trd, 000068.633, 155
Trd, 000068.933, 155
Trd, 000069.183, 153
Trd, 000069.683, 151
Trd, 000070.283, 158
Trd, 000072.433, 153
Trd, 000073.367, 157
Trd, 000073.567, 158
Trd, 000073.700, 155
Trd, 000073.800, 151
Trd, 000074.083, 156
Trd, 000074.833, 155
Trd, 000075.817, 153
Trd, 000076.167, 153
Trd, 000076.350, 155
Trd, 000076.500, 153
Trd, 000076.517, 148
Trd, 000076.767, 158
Trd, 000077.017, 160
Trd, 000078.217, 157
Trd, 000079.800, 158
Trd, 000081.100, 155
Trd, 000081.467, 157
Trd, 000081.883, 155
Trd, 000082.400, 155
Trd, 000082.567, 157
Trd, 000084.367, 156
Trd, 000085.567, 158
Trd, 000086.217, 158
Trd, 000086.333, 154
Trd, 000086.850, 166
Trd, 000087.500, 161
Trd, 000087.550, 152
Trd, 000088.233, 166
Trd, 000088.267, 165
Trd, 000089.533, 166
Trd, 000091.033, 167
Trd, 000091.383, 165
Trd, 000091.633, 163
Trd, 000092.817, 164
Trd, 000092.967, 163
Trd, 000093.833, 162
Trd, 000095.667, 163
Trd, 000096.200, 161
Trd, 000096.367, 163
Trd, 000097.317, 161
Trd, 000097.700, 160
Trd, 000098.217, 158
Trd, 000098.567, 158
Trd, 000098.633, 157
Trd, 000099.667, 161
Trd, 000099.683, 159
Trd, 000100.400, 157
Trd, 000101.050, 156
Trd, 000101.267, 156
Trd, 000102.567, 155
Trd, 000103.067, 155
Trd, 000103.783, 157
Trd, 000103.950, 154
Trd, 000104.500, 153
Trd, 000105.350, 153
Trd, 000105.417, 150
Trd, 000106.017, 155
Trd, 000106.083, 161
Trd, 000106.667, 158
Trd, 000108.400, 154
Trd, 000108.917, 153
Trd, 000109.983, 151
Trd, 000110.383, 152
Trd, 000110.583, 154
Trd, 000110.800, 155
Trd, 000112.600, 156
Trd, 000112.733, 155
Trd, 000112.983, 155
Trd, 000113.233, 152
Trd, 000114.300, 152
Trd, 000115.100, 156
Trd, 000115.267, 151
Trd, 000115.400, 155
Trd, 000115.933, 154
Trd, 000116.483, 151
Trd, 000116.833, 162
Trd, 000118.517, 156
Trd, 000119.233, 150
Trd, 000119.583, 149
Trd, 000121.483, 154
Trd, 000122.100, 151
Trd, 000122.350, 151
Trd, 000123.100, 151
Trd, 000123.417, 151
Trd, 000123.500, 152
Trd, 000124.667, 163
Trd, 000125.267, 150
Trd, 000126.583, 151
Trd, 000127.067, 151
Trd, 000127.433, 154
Trd, 000128.267, 153
Trd, 000128.383, 154
Trd, 000128.833, 155
Trd, 000129.417, 155
Trd, 000129.967, 156
Trd, 000131.267, 155
Trd, 000132.533, 154
Trd, 000132.950, 154
Trd, 000132.967, 153
Trd, 000134.600, 154
Trd, 000135.217, 152
Trd, 000135.233, 164
Trd, 000135.300, 152
Trd, 000135.617, 157
Trd, 000136.483, 168
Trd, 000137.117, 164
Trd, 000137.817, 171
Trd, 000138.633, 165
Trd, 000138.700, 163
Trd, 000139.300, 169
Trd, 000139.950, 152
Trd, 000140.500, 165
Trd, 000140.967, 151
Trd, 000141.717, 151
Trd, 000142.183, 159
Trd, 000142.750, 154
Trd, 000143.400, 157
Trd, 000144.200, 155
Trd, 000144.233, 156
Trd, 000144.550, 157
Trd, 000145.783, 155
Trd, 000146.300, 158
Trd, 000146.333, 157
Trd, 000147.583, 159
Trd, 000148.117, 164
Trd, 000148.150, 165
Trd, 000148.283, 161
Trd, 000149.200, 161
Trd, 000149.650, 166
Trd, 000150.950, 161
Trd, 000151.383, 160
Trd, 000152.267, 169
Trd, 000152.367, 174
Trd, 000153.433, 167
Trd, 000154.133, 167
Trd, 000155.483, 166
Trd, 000155.517, 165
Trd, 000155.700, 167
Trd, 000156.233, 170
Trd, 000156.483, 167
Trd, 000156.967, 166
Trd, 000158.117, 165
Trd, 000158.383, 166
Trd, 000158.767, 160
Trd, 000159.333, 166
Trd, 000160.217, 166
Trd, 000161.667, 166
Trd, 000161.683, 167
Trd, 000163.483, 166
Trd, 000165.150, 166
Trd, 000165.533, 167
Trd, 000166.600, 164
Trd, 000166.667, 163
Trd, 000167.100, 164
Trd, 000167.933, 163
Trd, 000168.333, 162
Trd, 000169.283, 163
Trd, 000170.433, 163
Trd, 000170.533, 162
Trd, 000170.683, 166
Trd, 000170.833, 163
Trd, 000171.733, 161
Trd, 000172.200, 161
Trd, 000172.767, 161
Trd, 000173.350, 161
Trd, 000173.633, 164
Trd, 000174.117, 159
Trd, 000174.150, 157
Trd, 000174.700, 168
Trd, 000175.167, 154
Trd, 000175.550, 175
Trd, 000176.417, 168
Trd, 000176.650, 191
Trd, 000177.350, 158
Trd, 000177.833, 167
Trd, 000178.367, 167
Trd, 000178.850, 162
Trd, 000179.383, 164
Trd, 000179.850, 162
Trd, 000180.533, 164
Trd, 000180.917, 165
Trd, 000181.333, 165
Trd, 000182.383, 162
Trd, 000182.650, 163
Trd, 000183.200, 162
Trd, 000183.350, 162
Trd, 000183.383, 160
Trd, 000184.250, 164
Trd, 000184.783, 163
Trd, 000184.967, 161
Trd, 000185.200, 169
Trd, 000185.450, 161
Trd, 000186.200, 165
Trd, 000188.033, 165
Trd, 000188.750, 164
Trd, 000189.900, 165
Trd, 000189.950, 169
Trd, 000190.333, 168
Trd, 000190.900, 165
Trd, 000191.467, 166
Trd, 000192.333, 164
Trd, 000192.383, 168
Trd, 000192.667, 167
Trd, 000193.100, 170
Trd, 000194.767, 165
Trd, 000194.783, 166
Trd, 000195.167, 166
Trd, 000195.267, 165
Trd, 000195.300, 159
Trd, 000196.083, 156
Trd, 000197.467, 163
Trd, 000197.933, 157
Trd, 000199.400, 166
Trd, 000200.383, 163
Trd, 000200.800, 164
Trd, 000200.900, 162
Trd, 000201.400, 165
Trd, 000201.583, 165
Trd, 000201.733, 167
Trd, 000202.000, 165
Trd, 000202.383, 178
Trd, 000204.467, 177
Trd, 000204.567, 176
Trd, 000204.983, 171
Trd, 000205.800, 171
Trd, 000206.317, 172
Trd, 000207.900, 171
Trd, 000208.433, 169
Trd, 000208.933, 169
Trd, 000209.050, 168
Trd, 000209.667, 169
Trd, 000209.767, 170
Trd, 000210.033, 172
Trd, 000210.317, 172
Trd, 000211.083, 178
Trd, 000211.300, 169
Trd, 000211.383, 175
Trd, 000212.400, 172
Trd, 000212.967, 172
Trd, 000213.433, 173
Trd, 000213.850, 173
Trd, 000215.050, 178
Trd, 000216.150, 175
Trd, 000216.783, 176
Trd, 000217.617, 175
Trd, 000217.917, 173
Trd, 000218.033, 172
Trd, 000219.433, 171
Trd, 000219.700, 166
Trd, 000221.100, 167
Trd, 000221.517, 168
Trd, 000221.867, 169
Trd, 000222.450, 172
Trd, 000222.867, 173
Trd, 000223.200, 180
Trd, 000223.517, 170
Trd, 000224.017, 178
Trd, 000224.517, 174
Trd, 000224.800, 171
Trd, 000225.383, 175
Trd, 000227.667, 174
Trd, 000228.917, 173
Trd, 000229.400, 175
Trd, 000230.017, 173
Trd, 000230.333, 174
Trd, 000230.417, 173
Trd, 000230.683, 167
Trd, 000231.267, 175
Trd, 000231.583, 174
Trd, 000232.817, 171
Trd, 000232.917, 172
Trd, 000233.533, 173
Trd, 000234.000, 167
Trd, 000234.367, 173
Trd, 000236.033, 169
Trd, 000236.067, 165
Trd, 000236.350, 171
Trd, 000236.383, 165
Trd, 000236.400, 171
Trd, 000237.100, 175
Trd, 000238.600, 175
Trd, 000238.750, 169
Trd, 000239.400, 173
Trd, 000240.433, 170
Trd, 000240.850, 169
Trd, 000241.033, 169
Trd, 000241.200, 169
Trd, 000241.567, 170
Trd, 000241.933, 169
Trd, 000242.367, 168
Trd, 000242.400, 168
Trd, 000242.500, 169
Trd, 000242.617, 170
Trd, 000243.067, 171
Trd, 000243.750, 170
Trd, 000244.550, 175
Trd, 000245.200, 172
Trd, 000245.333, 173
Trd, 000245.733, 171
Trd, 000246.233, 182
Trd, 000246.467, 176
Trd, 000247.600, 187
Trd, 000247.900, 176
Trd, 000248.283, 175
Trd, 000249.333, 175
Trd, 000250.200, 174
Trd, 000250.367, 174
Trd, 000251.133, 170
Trd, 000251.350, 171
Trd, 000251.567, 173
Trd, 000251.750, 173
Trd, 000252.217, 170
Trd, 000252.367, 169
Trd, 000252.850, 165
Trd, 000253.467, 172
Trd, 000254.133, 172
Trd, 000254.367, 175
Trd, 000256.400, 171
Trd, 000256.550, 170
Trd, 000257.500, 168
Trd, 000257.650, 170
Trd, 000258.267, 172
Trd, 000258.500, 173
Trd, 000258.883, 174
Trd, 000258.967, 169
Trd, 000259.683, 170
Trd, 000260.200, 173
Trd, 000260.350, 170
Trd, 000260.567, 165
Trd, 000260.833, 172
Trd, 000261.917, 170
Trd, 000262.383, 173
Trd, 000262.767, 171
Trd, 000262.883, 168
Trd, 000263.817, 170
Trd, 000264.100, 172
Trd, 000264.183, 167
Trd, 000265.383, 175
Trd, 000266.050, 168
Trd, 000266.683, 168
Trd, 000267.167, 171
Trd, 000267.417, 169
Trd, 000267.517, 168
Trd, 000267.817, 170
Trd, 000268.050, 167
Trd, 000268.233, 170
Trd, 000269.417, 169
Trd, 000269.867, 169
Trd, 000271.500, 168
Trd, 000271.567, 169
Trd, 000271.900, 168
Trd, 000272.650, 177
Trd, 000272.800, 178
Trd, 000273.883, 175
Trd, 000274.000, 177
Trd, 000274.600, 178
Trd, 000274.717, 179
Trd, 000274.850, 175
Trd, 000275.500, 176
Trd, 000275.683, 173
Trd, 000275.717, 171
Trd, 000276.417, 171
Trd, 000276.533, 177
Trd, 000277.483, 180
Trd, 000278.133, 179
Trd, 000278.483, 178
Trd, 000278.900, 179
Trd, 000279.150, 172
Trd, 000279.517, 165
Trd, 000279.567, 165
Trd, 000280.167, 172
Trd, 000280.450, 164
Trd, 000280.733, 173
Trd, 000280.900, 180
Trd, 000282.350, 180
Trd, 000283.117, 179
Trd, 000284.000, 177
Trd, 000284.950, 176
Trd, 000285.200, 175
Trd, 000285.567, 173
Trd, 000286.267, 176
Trd, 000286.600, 174
Trd, 000287.267, 174
Trd, 000288.767, 175
Trd, 000289.250, 177
Trd, 000289.367, 176
Trd, 000289.633, 179
Trd, 000289.650, 175
Trd, 000289.717, 174
Trd, 000290.083, 179
Trd, 000290.883, 173
Trd, 000291.833, 178
Trd, 000292.750, 169
Trd, 000293.483, 175
Trd, 000293.650, 173
Trd, 000293.850, 176
Trd, 000294.433, 170
Trd, 000294.983, 169
Trd, 000295.433, 172
Trd, 000296.350, 172
Trd, 000296.700, 172
Trd, 000297.133, 173
Trd, 000297.350, 174
Trd, 000297.433, 171
Trd, 000298.333, 174
Trd, 000298.350, 175
Trd, 000298.467, 171
Trd, 000298.483, 175
Trd, 000298.950, 180
Trd, 000299.033, 171
Trd, 000299.433, 170
