Trd, 000001.533, 156
Trd, 000002.433, 162
Trd, 000002.467, 135
Trd, 000004.117, 156
Trd, 000004.167, 148
Trd, 000004.817, 145
Trd, 000005.250, 158
Trd, 000005.817, 153
Trd, 000005.917, 159
Trd, 000006.783, 143
Trd, 000008.117, 161
Trd, 000008.783, 144
Trd, 000009.683, 144
Trd, 000009.917, 148
Trd, 000010.300, 155
Trd, 000010.800, 154
Trd, 000011.000, 153
Trd, 000011.783, 156
Trd, 000012.233, 149
Trd, 000013.367, 151
Trd, 000013.750, 151
Trd, 000014.267, 156
Trd, 000014.300, 159
Trd, 000015.850, 150
Trd, 000016.350, 150
Trd, 000018.183, 158
Trd, 000019.800, 152
Trd, 000019.983, 154
Trd, 000020.033, 154
Trd, 000020.067, 149
Trd, 000020.650, 154
Trd, 000020.683, 157
Trd, 000021.100, 149
Trd, 000021.217, 160
Trd, 000021.750, 164
Trd, 000023.767, 155
Trd, 000024.317, 156
Trd, 000024.817, 152
Trd, 000025.067, 151
Trd, 000025.150, 145
Trd, 000025.933, 152
Trd, 000026.933, 156
Trd, 000027.433, 143
Trd, 000028.167, 144
Trd, 000028.250, 140
Trd, 000028.517, 137
Trd, 000029.083, 149
Trd, 000029.283, 156
Trd, 000030.600, 155
Trd, 000030.717, 158
Trd, 000031.000, 161
Trd, 000032.500, 150
Trd, 000032.733, 157
Trd, 000032.833, 150
Trd, 000033.817, 153
Trd, 000034.317, 148
Trd, 000035.650, 152
Trd, 000036.567, 150
Trd, 000036.867, 155
Trd, 000037.150, 154
Trd, 000038.050, 158
Trd, 000038.133, 154
Trd, 000039.867, 154
Trd, 000040.350, 159
Trd, 000041.067, 153
Trd, 000041.750, 152
Trd, 000041.967, 149
Trd, 000043.800, 155
Trd, 000044.133, 155
Trd, 000044.400, 156
Trd, 000044.500, 157
Trd, 000045.183, 159
Trd, 000045.617, 155
Trd, 000045.967, 162
Trd, 000047.033, 164
Trd, 000047.617, 163
Trd, 000048.200, 161
Trd, 000048.717, 167
Trd, 000049.200, 155
Trd, 000049.500, 163
Trd, 000050.267, 157
Trd, 000050.283, 155
Trd, 000050.500, 164
Trd, 000051.733, 156
Trd, 000052.950, 156
Trd, 000053.567, 160
Trd, 000054.200, 159
Trd, 000054.733, 156
Trd, 000054.883, 154
Trd, 000058.317, 156
Trd, 000058.600, 159
Trd, 000058.767, 158
Trd, 000059.217, 157
Trd, 000059.800, 156
Trd, 000060.350, 156
Trd, 000061.367, 156
Trd, 000062.083, 156
Trd, 000062.550, 156
Trd, 000063.317, 156
Trd, 000063.533, 157
Trd, 000064.333, 155
Trd, 000064.667, 163
Trd, 000065.433, 150
Trd, 000065.683, 149
Trd, 000065.917, 148
Trd, 000066.733, 153
Trd, 000067.083, 148
Trd, 000067.650, 161
Trd, 000068.067, 163
Trd, 000069.883, 148
Trd, 000070.867, 153
Trd, 000071.017, 161
Trd, 000071.200, 171
Trd, 000071.733, 152
Trd, 000072.583, 150
Trd, 000073.267, 157
Trd, 000074.500, 151
Trd, 000075.467, 156
Trd, 000075.617, 158
Trd, 000075.967, 162
Trd, 000076.283, 169
Trd, 000076.450, 165
Trd, 000077.650, 160
Trd, 000077.950, 160
Trd, 000079.467, 164
Trd, 000080.867, 165
Trd, 000081.167, 159
Trd, 000081.667, 158
Trd, 000082.383, 153
Trd, 000083.533, 157
Trd, 000084.467, 156
Trd, 000084.667, 155
Trd, 000084.700, 162
Trd, 000085.433, 153
Trd, 000086.000, 160
Trd, 000086.800, 154
Trd, 000087.200, 151
Trd, 000088.233, 153
Trd, 000088.250, 159
Trd, 000088.950, 157
Trd, 000089.583, 159
Trd, 000090.117, 160
Trd, 000090.383, 152
Trd, 000090.450, 164
Trd, 000091.250, 164
Trd, 000091.583, 151
Trd, 000092.367, 158
Trd, 000092.733, 167
Trd, 000094.117, 153
Trd, 000094.150, 165
Trd, 000095.300, 161
Trd, 000095.433, 162
Trd, 000096.050, 157
Trd, 000096.233, 156
Trd, 000096.433, 156
Trd, 000097.133, 153
Trd, 000097.733, 163
Trd, 000097.783, 164
Trd, 000099.383, 157
Trd, 000099.500, 162
Trd, 000099.733, 156
Trd, 000100.917, 160
Trd, 000102.850, 158
Trd, 000103.233, 157
Trd, 000103.900, 158
Trd, 000104.617, 158
Trd, 000104.667, 156
Trd, 000105.700, 158
Trd, 000105.817, 161
Trd, 000105.900, 167
Trd, 000107.783, 155
Trd, 000108.367, 164
Trd, 000108.917, 165
Trd, 000109.200, 168
Trd, 000109.417, 159
Trd, 000109.783, 156
Trd, 000110.867, 166
Trd, 000111.283, 168
Trd, 000111.650, 154
Trd, 000113.117, 153
Trd, 000113.217, 169
Trd, 000113.483, 162
Trd, 000113.767, 162
Trd, 000114.583, 168
Trd, 000115.083, 162
Trd, 000115.217, 153
Trd, 000115.850, 155
Trd, 000116.767, 155
Trd, 000117.067, 166
Trd, 000117.133, 166
Trd, 000118.750, 154
Trd, 000119.083, 159
Trd, 000120.017, 164
Trd, 000120.200, 167
Trd, 000122.283, 160
Trd, 000122.933, 159
Trd, 000123.700, 161
Trd, 000123.883, 160
Trd, 000124.450, 161
Trd, 000125.517, 161
Trd, 000125.917, 162
Trd, 000125.983, 160
Trd, 000127.883, 161
Trd, 000128.750, 161
Trd, 000128.950, 168
Trd, 000129.100, 159
Trd, 000129.283, 166
Trd, 000132.267, 159
Trd, 000134.483, 158
Trd, 000134.667, 159
Trd, 000134.817, 156
Trd, 000136.033, 161
Trd, 000136.183, 161
Trd, 000136.233, 164
Trd, 000136.383, 157
Trd, 000137.267, 168
Trd, 000137.533, 160
Trd, 000138.183, 171
Trd, 000138.683, 172
Trd, 000138.967, 164
Trd, 000140.450, 166
Trd, 000140.900, 170
Trd, 000141.367, 165
Trd, 000142.117, 166
Trd, 000142.333, 169
Trd, 000143.567, 165
Trd, 000144.283, 164
Trd, 000144.883, 164
Trd, 000145.700, 164
Trd, 000146.967, 165
Trd, 000147.600, 164
Trd, 000148.233, 162
Trd, 000148.550, 164
Trd, 000148.783, 160
Trd, 000149.950, 161
Trd, 000150.583, 165
Trd, 000150.833, 166
Trd, 000152.067, 162
Trd, 000152.367, 170
Trd, 000152.450, 170
Trd, 000152.850, 177
Trd, 000153.067, 175
Trd, 000153.700, 163
Trd, 000154.667, 165
Trd, 000156.133, 166
Trd, 000156.683, 170
Trd, 000157.700, 162
Trd, 000158.167, 159
Trd, 000159.083, 160
Trd, 000159.217, 165
Trd, 000159.750, 168
Trd, 000160.033, 169
Trd, 000161.250, 163
Trd, 000161.267, 169
Trd, 000161.617, 175
Trd, 000162.100, 167
Trd, 000162.417, 178
Trd, 000162.700, 180
Trd, 000165.583, 174
Trd, 000166.383, 173
Trd, 000166.500, 175
Trd, 000166.933, 173
Trd, 000167.183, 171
Trd, 000168.117, 174
Trd, 000168.183, 168
Trd, 000168.733, 172
Trd, 000171.017, 168
Trd, 000172.267, 168
Trd, 000172.800, 167
Trd, 000173.567, 166
Trd, 000173.683, 165
Trd, 000174.000, 160
Trd, 000174.683, 170
Trd, 000174.733, 173
Trd, 000177.150, 167
Trd, 000177.267, 165
Trd, 000177.417, 168
Trd, 000178.267, 164
Trd, 000178.867, 167
Trd, 000180.217, 166
Trd, 000181.183, 173
Trd, 000181.283, 177
Trd, 000181.567, 170
Trd, 000181.733, 180
Trd, 000181.850, 183
Trd, 000181.950, 169
Trd, 000182.117, 167
Trd, 000185.083, 170
Trd, 000185.283, 176
Trd, 000185.467, 168
Trd, 000185.883, 175
Trd, 000187.050, 176
Trd, 000188.150, 172
Trd, 000189.183, 170
Trd, 000189.917, 170
Trd, 000190.283, 174
Trd, 000190.500, 171
Trd, 000191.483, 164
Trd, 000191.800, 162
Trd, 000192.533, 167
Trd, 000193.217, 163
Trd, 000193.683, 165
Trd, 000193.917, 166
Trd, 000194.250, 170
Trd, 000194.667, 172
Trd, 000195.267, 169
Trd, 000196.283, 174
Trd, 000196.767, 177
Trd, 000199.333, 170
Trd, 000199.350, 169
Trd, 000199.950, 175
Trd, 000200.383, 168
Trd, 000200.767, 168
Trd, 000202.333, 173
Trd, 000202.733, 173
Trd, 000203.117, 172
Trd, 000204.567, 172
Trd, 000204.867, 172
Trd, 000204.900, 174
Trd, 000205.183, 175
Trd, 000205.400, 178
Trd, 000206.733, 176
Trd, 000206.817, 177
Trd, 000206.933, 163
Trd, 000207.817, 167
Trd, 000208.300, 176
Trd, 000209.250, 182
Trd, 000210.100, 170
Trd, 000210.667, 170
Trd, 000213.917, 178
Trd, 000214.050, 172
Trd, 000214.250, 169
Trd, 000214.883, 177
Trd, 000215.217, 179
Trd, 000215.633, 179
Trd, 000215.917, 180
Trd, 000216.217, 170
Trd, 000219.250, 175
Trd, 000219.367, 176
Trd, 000219.433, 177
Trd, 000220.167, 171
Trd, 000220.450, 171
Trd, 000220.600, 170
Trd, 000222.183, 179
Trd, 000222.883, 179
Trd, 000223.300, 172
Trd, 000223.833, 159
Trd, 000224.317, 179
Trd, 000224.683, 168
Trd, 000225.233, 177
Trd, 000226.483, 171
Trd, 000227.233, 180
Trd, 000227.667, 181
Trd, 000227.767, 182
Trd, 000228.150, 183
Trd, 000228.433, 180
Trd, 000228.667, 175
Trd, 000228.800, 174
Trd, 000228.867, 184
Trd, 000229.500, 185
Trd, 000230.583, 185
Trd, 000232.167, 179
Trd, 000232.900, 184
Trd, 000233.733, 181
Trd, 000234.200, 180
Trd, 000235.317, 179
Trd, 000235.617, 179
Trd, 000238.050, 177
Trd, 000238.933, 183
Trd, 000238.967, 180
Trd, 000239.417, 192
Trd, 000239.883, 183
Trd, 000240.733, 169
Trd, 000240.950, 169
Trd, 000241.217, 167
Trd, 000241.733, 170
Trd, 000242.167, 171
Trd, 000242.533, 170
Trd, 000243.200, 169
Trd, 000243.800, 171
Trd, 000243.950, 172
Trd, 000244.433, 175
Trd, 000244.467, 179
Trd, 000245.033, 179
Trd, 000245.350, 171
Trd, 000245.617, 180
Trd, 000246.533, 173
Trd, 000246.567, 175
Trd, 000246.683, 171
Trd, 000247.883, 178
Trd, 000248.183, 175
Trd, 000248.950, 174
Trd, 000248.967, 173
Trd, 000249.000, 173
Trd, 000249.917, 171
Trd, 000249.950, 173
Trd, 000250.650, 172
Trd, 000251.300, 180
Trd, 000251.817, 170
Trd, 000252.000, 183
Trd, 000252.983, 175
Trd, 000253.600, 174
Trd, 000254.050, 175
Trd, 000254.117, 176
Trd, 000254.483, 176
Trd, 000255.033, 168
Trd, 000256.133, 180
Trd, 000256.317, 179
Trd, 000256.383, 180
Trd, 000256.450, 173
Trd, 000256.567, 183
Trd, 000257.267, 175
Trd, 000257.417, 174
Trd, 000258.900, 175
Trd, 000259.067, 176
Trd, 000260.033, 178
Trd, 000260.233, 177
Trd, 000260.317, 181
Trd, 000260.500, 181
Trd, 000261.167, 177
Trd, 000261.667, 181
Trd, 000262.917, 177
Trd, 000263.650, 178
Trd, 000264.450, 181
Trd, 000264.500, 179
Trd, 000264.833, 177
Trd, 000264.950, 182
Trd, 000265.383, 179
Trd, 000266.050, 170
Trd, 000266.117, 179
Trd, 000266.133, 171
Trd, 000266.867, 175
Trd, 000267.617, 174
Trd, 000267.683, 178
Trd, 000267.733, 174
Trd, 000268.100, 189
Trd, 000269.433, 187
Trd, 000269.533, 189
Trd, 000269.633, 187
Trd, 000269.950, 182
Trd, 000271.150, 183
Trd, 000271.550, 178
Trd, 000271.783, 175
Trd, 000271.967, 177
Trd, 000272.233, 175
Trd, 000272.983, 176
Trd, 000273.083, 174
Trd, 000274.467, 175
Trd, 000274.583, 176
Trd, 000274.750, 179
Trd, 000275.117, 174
Trd, 000276.183, 178
Trd, 000276.383, 171
Trd, 000276.550, 170
Trd, 000276.883, 164
Trd, 000277.600, 167
Trd, 000277.733, 165
Trd, 000278.583, 183
Trd, 000279.483, 181
Trd, 000279.600, 183
Trd, 000279.733, 186
Trd, 000280.083, 192
Trd, 000280.367, 192
Trd, 000281.583, 183
Trd, 000281.633, 185
Trd, 000281.717, 190
Trd, 000282.067, 182
Trd, 000282.817, 179
Trd, 000282.867, 183
Trd, 000283.083, 183
Trd, 000284.167, 175
Trd, 000284.783, 183
Trd, 000285.233, 180
Trd, 000285.250, 175
Trd, 000285.750, 181
Trd, 000286.000, 171
Trd, 000286.183, 166
Trd, 000286.283, 165
Trd, 000286.767, 180
Trd, 000286.950, 184
Trd, 000287.500, 186
Trd, 000288.283, 180
Trd, 000288.500, 186
Trd, 000288.633, 179
Trd, 000288.850, 166
Trd, 000290.367, 177
Trd, 000290.900, 176
Trd, 000290.917, 181
Trd, 000290.967, 162
Trd, 000291.050, 170
Trd, 000291.333, 184
Trd, 000292.400, 183
Trd, 000292.717, 184
Trd, 000293.767, 181
Trd, 000293.950, 180
Trd, 000294.017, 185
Trd, 000294.333, 187
Trd, 000294.367, 191
Trd, 000294.533, 180
Trd, 000294.650, 194
Trd, 000295.517, 192
Trd, 000295.567, 180
Trd, 000295.817, 200
Trd, 000296.617, 195
Trd, 000297.033, 188
Trd, 000297.517, 184
Trd, 000298.900, 186
Trd, 000299.000, 187
Trd, 000299.017, 184
Trd, 000299.467, 188
Trd, 000299.833, 176
