Trd, 000002.350, 175
Trd, 000002.583, 146
Trd, 000003.083, 155
Trd, 000004.417, 165
Trd, 000004.950, 178
Trd, 000005.283, 176
Trd, 000005.383, 162
Trd, 000007.183, 155
Trd, 000007.200, 153
Trd, 000008.117, 144
Trd, 000008.183, 156
Trd, 000008.467, 157
Trd, 000008.700, 156
Trd, 000008.750, 149
Trd, 000010.733, 156
Trd, 000011.083, 153
Trd, 000012.350, 154
Trd, 000012.750, 152
Trd, 000013.133, 155
Trd, 000014.100, 156
Trd, 000015.683, 152
Trd, 000016.333, 153
Trd, 000016.650, 153
Trd, 000017.217, 168
Trd, 000017.867, 178
Trd, 000018.333, 178
Trd, 000019.300, 177
Trd, 000020.083, 167
Trd, 000020.183, 175
Trd, 000021.400, 175
Trd, 000021.567, 173
Trd, 000021.867, 167
Trd, 000023.733, 168
Trd, 000024.567, 168
Trd, 000024.633, 167
Trd, 000025.167, 164
Trd, 000025.583, 153
Trd, 000026.567, 148
Trd, 000026.683, 147
Trd, 000027.333, 154
Trd, 000027.650, 154
Trd, 000028.200, 154
Trd, 000028.483, 149
Trd, 000029.150, 154
Trd, 000029.483, 150
Trd, 000029.850, 146
Trd, 000031.667, 146
Trd, 000031.750, 151
Trd, 000031.833, 152
Trd, 000032.500, 157
Trd, 000033.100, 154
Trd, 000033.683, 145
Trd, 000034.083, 144
Trd, 000034.733, 158
Trd, 000035.033, 168
Trd, 000037.200, 161
Trd, 000037.233, 160
Trd, 000037.717, 162
Trd, 000038.650, 158
Trd, 000039.133, 163
Trd, 000039.833, 159
Trd, 000039.867, 163
Trd, 000040.700, 160
Trd, 000040.917, 161
Trd, 000041.400, 155
Trd, 000042.983, 151
Trd, 000043.117, 157
Trd, 000043.783, 157
Trd, 000044.467, 157
Trd, 000045.417, 158
Trd, 000045.700, 159
Trd, 000046.050, 160
Trd, 000046.200, 156
Trd, 000046.267, 154
Trd, 000046.617, 160
Trd, 000047.533, 157
Trd, 000047.917, 155
Trd, 000048.633, 160
Trd, 000048.983, 160
Trd, 000049.883, 158
Trd, 000050.517, 156
Trd, 000050.767, 157
Trd, 000050.850, 150
Trd, 000051.117, 158
Trd, 000051.250, 150
Trd, 000051.600, 156
Trd, 000052.200, 156
Trd, 000052.967, 151
Trd, 000053.983, 152
Trd, 000054.083, 149
Trd, 000055.383, 155
Trd, 000055.967, 153
Trd, 000056.667, 152
Trd, 000057.567, 152
Trd, 000057.750, 151
Trd, 000057.933, 150
Trd, 000058.417, 153
Trd, 000058.650, 154
Trd, 000060.017, 148
Trd, 000060.317, 154
Trd, 000060.383, 157
Trd, 000060.433, 161
Trd, 000061.383, 162
Trd, 000061.867, 158
Trd, 000062.033, 157
Trd, 000062.567, 171
Trd, 000063.233, 184
Trd, 000063.333, 181
Trd, 000065.867, 162
Trd, 000066.883, 162
Trd, 000067.133, 162
Trd, 000068.133, 159
Trd, 000068.700, 166
Trd, 000069.317, 158
Trd, 000070.550, 152
Trd, 000070.717, 150
Trd, 000070.883, 162
Trd, 000071.283, 144
Trd, 000072.000, 156
Trd, 000072.117, 157
Trd, 000072.933, 164
Trd, 000073.433, 160
Trd, 000073.733, 160
Trd, 000074.033, 159
Trd, 000074.133, 161
Trd, 000074.167, 158
Trd, 000074.250, 148
Trd, 000074.867, 182
Trd, 000077.717, 167
Trd, 000077.933, 166
Trd, 000079.300, 166
Trd, 000079.367, 166
Trd, 000079.650, 165
Trd, 000080.050, 169
Trd, 000080.767, 168
Trd, 000081.067, 171
Trd, 000081.817, 168
Trd, 000082.017, 170
Trd, 000082.333, 165
Trd, 000082.500, 153
Trd, 000083.317, 151
Trd, 000084.217, 160
Trd, 000084.617, 159
Trd, 000085.133, 160
Trd, 000085.233, 160
Trd, 000086.900, 160
Trd, 000087.800, 161
Trd, 000088.450, 162
Trd, 000088.883, 162
Trd, 000089.083, 164
Trd, 000090.033, 166
Trd, 000090.933, 167
Trd, 000091.183, 166
Trd, 000091.300, 165
Trd, 000092.400, 162
Trd, 000092.983, 164
Trd, 000093.017, 166
Trd, 000093.767, 161
Trd, 000094.217, 168
Trd, 000095.117, 176
Trd, 000095.317, 171
Trd, 000095.717, 161
Trd, 000096.200, 161
Trd, 000096.500, 161
Trd, 000097.000, 175
Trd, 000097.167, 160
Trd, 000097.833, 162
Trd, 000097.967, 152
Trd, 000098.633, 154
Trd, 000100.433, 163
Trd, 000100.933, 162
Trd, 000100.967, 163
Trd, 000102.367, 164
Trd, 000102.483, 165
Trd, 000102.550, 162
Trd, 000102.850, 161
Trd, 000102.967, 166
Trd, 000105.333, 165
Trd, 000105.950, 167
Trd, 000106.133, 169
Trd, 000106.433, 166
Trd, 000106.483, 165
Trd, 000106.800, 152
Trd, 000107.317, 183
Trd, 000107.467, 177
Trd, 000107.867, 183
Trd, 000107.900, 176
Trd, 000110.633, 179
Trd, 000111.867, 179
Trd, 000111.967, 178
Trd, 000111.983, 173
Trd, 000112.050, 180
Trd, 000112.150, 162
Trd, 000112.633, 165
Trd, 000112.800, 152
Trd, 000113.333, 154
Trd, 000113.533, 166
Trd, 000114.133, 154
Trd, 000114.300, 155
Trd, 000114.817, 157
Trd, 000115.600, 160
Trd, 000116.433, 165
Trd, 000117.800, 157
Trd, 000118.400, 158
Trd, 000118.617, 157
Trd, 000118.650, 154
Trd, 000118.750, 158
Trd, 000119.083, 153
Trd, 000119.117, 161
Trd, 000119.417, 166
Trd, 000119.967, 167
Trd, 000121.033, 180
Trd, 000121.517, 170
Trd, 000121.833, 168
Trd, 000122.050, 153
Trd, 000122.833, 171
Trd, 000123.200, 187
Trd, 000123.700, 164
Trd, 000123.733, 180
Trd, 000124.650, 167
Trd, 000125.767, 189
Trd, 000127.333, 182
Trd, 000127.583, 181
Trd, 000128.317, 165
Trd, 000128.700, 178
Trd, 000129.417, 169
Trd, 000129.750, 168
Trd, 000129.967, 182
Trd, 000130.917, 167
Trd, 000131.900, 165
Trd, 000132.333, 166
Trd, 000132.383, 154
Trd, 000132.500, 167
Trd, 000133.250, 155
Trd, 000133.300, 153
Trd, 000134.400, 168
Trd, 000134.750, 178
Trd, 000135.933, 194
Trd, 000136.400, 168
Trd, 000137.450, 189
Trd, 000138.183, 176
Trd, 000139.583, 176
Trd, 000139.600, 186
Trd, 000139.883, 166
Trd, 000139.950, 165
Trd, 000140.150, 165
Trd, 000141.267, 183
Trd, 000141.283, 185
Trd, 000141.333, 179
Trd, 000142.667, 163
Trd, 000143.867, 166
Trd, 000143.883, 167
Trd, 000144.417, 165
Trd, 000144.717, 171
Trd, 000146.017, 166
Trd, 000147.600, 168
Trd, 000149.067, 167
Trd, 000149.150, 166
Trd, 000149.833, 166
Trd, 000150.317, 167
Trd, 000150.367, 164
Trd, 000151.083, 166
Trd, 000151.567, 166
Trd, 000151.800, 167
Trd, 000151.967, 170
Trd, 000153.067, 190
Trd, 000153.233, 180
Trd, 000154.433, 165
Trd, 000154.750, 175
Trd, 000154.833, 175
Trd, 000155.383, 166
Trd, 000156.283, 168
Trd, 000156.883, 168
Trd, 000158.917, 169
Trd, 000159.867, 168
Trd, 000159.983, 168
Trd, 000160.483, 167
Trd, 000160.650, 171
Trd, 000160.833, 175
Trd, 000160.950, 166
Trd, 000161.400, 160
Trd, 000162.083, 159
Trd, 000162.900, 167
Trd, 000163.267, 167
Trd, 000164.600, 170
Trd, 000164.700, 163
Trd, 000165.417, 164
Trd, 000166.450, 168
Trd, 000166.783, 170
Trd, 000168.050, 170
Trd, 000168.600, 170
Trd, 000169.150, 172
Trd, 000169.500, 168
Trd, 000170.050, 168
Trd, 000170.467, 166
Trd, 000171.633, 167
Trd, 000171.717, 168
Trd, 000172.200, 169
Trd, 000172.250, 166
Trd, 000172.633, 168
Trd, 000172.883, 160
Trd, 000173.317, 164
Trd, 000174.883, 163
Trd, 000175.217, 163
Trd, 000175.300, 162
Trd, 000175.667, 172
Trd, 000176.900, 179
Trd, 000178.067, 174
Trd, 000179.417, 169
Trd, 000180.100, 170
Trd, 000180.350, 170
Trd, 000181.067, 171
Trd, 000181.917, 171
Trd, 000182.167, 170
Trd, 000182.450, 170
Trd, 000183.267, 170
Trd, 000183.683, 168
Trd, 000184.217, 171
Trd, 000184.267, 171
Trd, 000184.350, 172
Trd, 000184.600, 173
Trd, 000184.617, 170
Trd, 000184.950, 174
Trd, 000187.283, 188
Trd, 000187.300, 186
Trd, 000187.450, 183
Trd, 000187.983, 170
Trd, 000188.317, 194
Trd, 000189.233, 170
Trd, 000189.467, 170
Trd, 000190.083, 179
Trd, 000190.450, 184
Trd, 000191.417, 198
Trd, 000192.717, 185
Trd, 000193.217, 177
Trd, 000193.783, 189
Trd, 000194.333, 177
Trd, 000195.033, 177
Trd, 000195.800, 183
Trd, 000196.550, 184
Trd, 000197.333, 175
Trd, 000197.850, 175
Trd, 000198.233, 175
Trd, 000198.300, 171
Trd, 000198.683, 178
Trd, 000199.067, 171
Trd, 000199.217, 172
Trd, 000199.300, 165
Trd, 000200.167, 165
Trd, 000200.683, 170
Trd, 000202.317, 167
Trd, 000202.917, 166
Trd, 000203.000, 168
Trd, 000203.433, 170
Trd, 000203.517, 171
Trd, 000203.983, 195
Trd, 000204.900, 165
Trd, 000206.317, 166
Trd, 000206.733, 166
Trd, 000207.233, 166
Trd, 000207.350, 166
Trd, 000208.700, 187
Trd, 000209.500, 192
Trd, 000209.917, 181
Trd, 000210.050, 178
Trd, 000210.933, 177
Trd, 000211.033, 176
Trd, 000212.033, 172
Trd, 000212.083, 165
Trd, 000212.567, 174
Trd, 000213.417, 175
Trd, 000214.400, 175
Trd, 000214.833, 175
Trd, 000214.900, 172
Trd, 000215.333, 168
Trd, 000215.517, 164
Trd, 000216.200, 171
Trd, 000217.133, 160
Trd, 000217.617, 159
Trd, 000217.767, 168
Trd, 000217.900, 170
Trd, 000218.300, 159
Trd, 000219.767, 169
Trd, 000221.367, 167
Trd, 000221.483, 169
Trd, 000222.917, 168
Trd, 000222.950, 167
Trd, 000223.183, 167
Trd, 000223.750, 170
Trd, 000224.383, 171
Trd, 000224.567, 171
Trd, 000224.683, 177
Trd, 000225.683, 173
Trd, 000226.350, 171
Trd, 000226.800, 187
Trd, 000227.517, 184
Trd, 000228.417, 180
Trd, 000229.250, 165
Trd, 000230.450, 178
Trd, 000230.633, 180
Trd, 000231.383, 184
Trd, 000233.017, 181
Trd, 000233.217, 181
Trd, 000233.783, 182
Trd, 000233.867, 181
Trd, 000234.067, 183
Trd, 000234.200, 179
Trd, 000234.783, 199
Trd, 000236.000, 189
Trd, 000236.083, 188
Trd, 000236.267, 185
Trd, 000236.483, 175
Trd, 000236.783, 175
Trd, 000236.833, 191
Trd, 000238.717, 179
Trd, 000239.600, 178
Trd, 000239.800, 177
Trd, 000240.050, 175
Trd, 000240.417, 178
Trd, 000240.783, 178
Trd, 000241.183, 176
Trd, 000241.233, 178
Trd, 000241.317, 173
Trd, 000241.950, 177
Trd, 000242.683, 179
Trd, 000242.700, 178
Trd, 000243.267, 181
Trd, 000243.367, 182
Trd, 000243.833, 181
Trd, 000244.400, 189
Trd, 000244.617, 189
Trd, 000244.783, 182
Trd, 000245.417, 180
Trd, 000245.683, 175
Trd, 000247.017, 180
Trd, 000247.400, 179
Trd, 000247.683, 179
Trd, 000247.750, 181
Trd, 000248.350, 179
Trd, 000248.483, 176
Trd, 000248.633, 172
Trd, 000249.117, 168
Trd, 000249.233, 166
Trd, 000249.383, 169
Trd, 000250.367, 167
Trd, 000250.500, 170
Trd, 000251.200, 170
Trd, 000251.233, 171
Trd, 000251.783, 180
Trd, 000252.850, 185
Trd, 000252.933, 183
Trd, 000253.083, 182
Trd, 000253.333, 189
Trd, 000253.517, 179
Trd, 000253.950, 178
Trd, 000254.283, 181
Trd, 000254.450, 189
Trd, 000255.383, 173
Trd, 000255.700, 175
Trd, 000256.150, 180
Trd, 000256.317, 179
Trd, 000256.533, 172
Trd, 000257.733, 171
Trd, 000258.617, 174
Trd, 000258.683, 175
Trd, 000258.883, 176
Trd, 000260.017, 176
Trd, 000260.283, 175
Trd, 000260.417, 177
Trd, 000260.833, 174
Trd, 000261.017, 176
Trd, 000261.283, 172
Trd, 000261.300, 169
Trd, 000261.917, 167
Trd, 000262.367, 172
Trd, 000262.467, 173
Trd, 000262.783, 162
Trd, 000263.217, 165
Trd, 000263.733, 166
Trd, 000263.783, 165
Trd, 000264.200, 165
Trd, 000264.717, 165
Trd, 000265.017, 170
Trd, 000265.183, 170
Trd, 000265.867, 176
Trd, 000267.033, 175
Trd, 000267.083, 182
Trd, 000267.333, 179
Trd, 000267.367, 191
Trd, 000268.533, 184
Trd, 000268.550, 183
Trd, 000269.167, 188
Trd, 000270.200, 188
Trd, 000270.583, 188
Trd, 000271.517, 189
Trd, 000271.817, 189
Trd, 000272.217, 190
Trd, 000272.233, 184
Trd, 000272.483, 183
Trd, 000273.500, 185
Trd, 000273.733, 186
Trd, 000273.833, 184
Trd, 000274.267, 183
Trd, 000274.467, 182
Trd, 000275.233, 185
Trd, 000276.000, 182
Trd, 000276.133, 187
Trd, 000276.517, 191
Trd, 000276.617, 179
Trd, 000276.883, 178
Trd, 000277.000, 176
Trd, 000278.500, 176
Trd, 000278.900, 176
Trd, 000279.033, 183
Trd, 000279.267, 177
Trd, 000279.967, 177
Trd, 000280.267, 179
Trd, 000280.317, 180
Trd, 000280.783, 181
Trd, 000281.300, 177
Trd, 000281.733, 175
Trd, 000282.633, 180
Trd, 000283.167, 172
Trd, 000283.367, 178
Trd, 000283.833, 173
Trd, 000283.983, 169
Trd, 000285.250, 176
Trd, 000286.133, 176
Trd, 000286.200, 173
Trd, 000286.483, 174
Trd, 000286.783, 173
Trd, 000286.817, 177
Trd, 000286.900, 177
Trd, 000287.017, 172
Trd, 000287.467, 183
Trd, 000288.133, 184
Trd, 000289.567, 183
Trd, 000289.717, 182
Trd, 000289.983, 184
Trd, 000290.600, 183
Trd, 000290.750, 182
Trd, 000290.933, 185
Trd, 000291.017, 190
Trd, 000291.617, 183
Trd, 000292.767, 187
Trd, 000293.017, 186
Trd, 000293.283, 192
Trd, 000293.450, 194
Trd, 000293.483, 177
Trd, 000293.933, 194
Trd, 000294.083, 197
Trd, 000294.467, 181
Trd, 000295.317, 183
Trd, 000295.350, 184
Trd, 000295.417, 181
Trd, 000295.600, 181
Trd, 000295.767, 184
Trd, 000295.933, 192
Trd, 000296.133, 180
Trd, 000296.450, 180
Trd, 000297.250, 190
Trd, 000297.300, 177
Trd, 000297.417, 174
Trd, 000297.867, 191
Trd, 000299.217, 179
Trd, 000299.400, 180
Trd, 000299.650, 179
Trd, 000299.867, 178
Trd, 000299.933, 173
