Trd, 000001.400, 132
Trd, 000001.667, 171
Trd, 000002.283, 145
Trd, 000002.383, 161
Trd, 000003.067, 146
Trd, 000003.433, 160
Trd, 000004.033, 147
Trd, 000004.050, 144
Trd, 000004.300, 137
Trd, 000005.433, 160
Trd, 000006.033, 141
Trd, 000006.833, 124
Trd, 000006.900, 120
Trd, 000007.383, 161
Trd, 000007.767, 161
Trd, 000008.333, 126
Trd, 000009.100, 155
Trd, 000009.600, 154
Trd, 000009.750, 163
Trd, 000010.233, 142
Trd, 000010.433, 163
Trd, 000010.733, 162
Trd, 000012.050, 154
Trd, 000012.500, 153
Trd, 000012.633, 145
Trd, 000012.750, 125
Trd, 000012.833, 158
Trd, 000013.600, 150
Trd, 000014.267, 148
Trd, 000015.350, 141
Trd, 000015.833, 141
Trd, 000016.867, 144
Trd, 000016.983, 145
Trd, 000017.317, 145
Trd, 000018.000, 144
Trd, 000018.150, 140
Trd, 000018.400, 145
Trd, 000019.150, 140
Trd, 000019.183, 146
Trd, 000019.967, 160
Trd, 000020.200, 140
Trd, 000020.617, 154
Trd, 000021.450, 152
Trd, 000022.150, 157
Trd, 000022.233, 158
Trd, 000022.850, 160
Trd, 000023.250, 146
Trd, 000023.783, 145
Trd, 000024.017, 163
Trd, 000024.133, 143
Trd, 000024.200, 164
Trd, 000024.333, 139
Trd, 000024.767, 125
Trd, 000026.133, 139
Trd, 000026.983, 141
Trd, 000027.050, 149
Trd, 000027.117, 150
Trd, 000027.917, 147
Trd, 000028.083, 148
Trd, 000028.583, 144
Trd, 000028.950, 151
Trd, 000029.900, 161
Trd, 000030.167, 148
Trd, 000030.383, 149
Trd, 000030.667, 163
Trd, 000031.550, 162
Trd, 000031.767, 150
Trd, 000031.817, 165
Trd, 000033.400, 160
Trd, 000033.883, 161
Trd, 000034.250, 163
Trd, 000034.817, 167
Trd, 000035.450, 167
Trd, 000035.650, 165
Trd, 000035.667, 164
Trd, 000036.150, 167
Trd, 000037.450, 165
Trd, 000037.517, 158
Trd, 000037.767, 166
Trd, 000037.817, 142
Trd, 000038.600, 151
Trd, 000039.317, 156
Trd, 000039.767, 156
Trd, 000040.050, 156
Trd, 000040.133, 153
Trd, 000040.767, 155
Trd, 000041.233, 148
Trd, 000042.183, 150
Trd, 000042.583, 150
Trd, 000042.950, 148
Trd, 000043.033, 151
Trd, 000043.817, 149
Trd, 000044.750, 147
Trd, 000044.900, 141
Trd, 000045.450, 148
Trd, 000045.633, 149
Trd, 000045.733, 131
Trd, 000046.933, 159
Trd, 000048.333, 159
Trd, 000048.533, 150
Trd, 000048.933, 149
Trd, 000049.300, 160
Trd, 000049.667, 149
Trd, 000050.233, 158
Trd, 000050.417, 146
Trd, 000050.467, 163
Trd, 000050.800, 177
Trd, 000051.583, 170
Trd, 000051.767, 156
Trd, 000052.567, 165
Trd, 000052.633, 157
Trd, 000053.433, 165
Trd, 000054.633, 166
Trd, 000054.750, 160
Trd, 000055.450, 160
Trd, 000055.533, 159
Trd, 000055.750, 161
Trd, 000056.467, 161
Trd, 000056.800, 143
Trd, 000056.967, 142
Trd, 000057.000, 136
Trd, 000057.283, 148
Trd, 000058.083, 156
Trd, 000058.850, 147
Trd, 000059.467, 155
Trd, 000059.600, 157
Trd, 000060.083, 149
Trd, 000060.583, 158
Trd, 000060.767, 143
Trd, 000061.000, 148
Trd, 000062.333, 164
Trd, 000062.450, 168
Trd, 000063.367, 172
Trd, 000063.767, 171
Trd, 000064.200, 172
Trd, 000064.333, 154
Trd, 000064.667, 160
Trd, 000065.600, 159
Trd, 000065.800, 146
Trd, 000066.300, 159
Trd, 000066.317, 144
Trd, 000066.800, 162
Trd, 000066.867, 148
Trd, 000067.217, 148
Trd, 000067.983, 147
Trd, 000068.383, 151
Trd, 000068.867, 149
Trd, 000068.933, 160
Trd, 000070.367, 157
Trd, 000071.783, 156
Trd, 000072.033, 150
Trd, 000072.367, 158
Trd, 000072.583, 159
Trd, 000073.250, 156
Trd, 000073.350, 151
Trd, 000073.900, 155
Trd, 000074.533, 148
Trd, 000074.550, 144
Trd, 000074.633, 151
Trd, 000075.367, 162
Trd, 000075.700, 164
Trd, 000076.633, 161
Trd, 000077.017, 161
Trd, 000077.867, 157
Trd, 000077.900, 158
Trd, 000078.300, 159
Trd, 000078.317, 157
Trd, 000079.083, 156
Trd, 000079.667, 148
Trd, 000079.917, 139
Trd, 000079.967, 140
Trd, 000080.300, 149
Trd, 000080.500, 134
Trd, 000080.933, 149
Trd, 000081.217, 152
Trd, 000081.433, 153
Trd, 000082.717, 149
Trd, 000083.367, 169
Trd, 000084.217, 152
Trd, 000084.333, 150
Trd, 000085.917, 156
Trd, 000086.083, 150
Trd, 000086.167, 149
Trd, 000086.283, 146
Trd, 000086.700, 145
Trd, 000086.783, 153
Trd, 000087.950, 154
Trd, 000088.183, 153
Trd, 000088.250, 145
Trd, 000088.800, 159
Trd, 000089.083, 149
Trd, 000089.567, 159
Trd, 000089.767, 135
Trd, 000089.783, 160
Trd, 000089.833, 160
Trd, 000090.617, 146
Trd, 000091.067, 162
Trd, 000092.383, 150
Trd, 000092.750, 156
Trd, 000093.300, 158
Trd, 000093.333, 161
Trd, 000093.550, 167
Trd, 000093.583, 170
Trd, 000094.667, 181
Trd, 000095.433, 165
Trd, 000095.633, 164
Trd, 000095.650, 164
Trd, 000096.100, 146
Trd, 000096.850, 161
Trd, 000097.017, 159
Trd, 000097.433, 150
Trd, 000098.550, 141
Trd, 000098.633, 146
Trd, 000098.817, 154
Trd, 000099.900, 151
Trd, 000100.367, 153
Trd, 000100.950, 147
Trd, 000101.300, 150
Trd, 000101.950, 146
Trd, 000102.467, 145
Trd, 000102.717, 146
Trd, 000102.950, 146
Trd, 000104.250, 147
Trd, 000104.650, 151
Trd, 000105.833, 160
Trd, 000106.233, 160
Trd, 000106.383, 144
Trd, 000106.833, 143
Trd, 000107.050, 145
Trd, 000107.167, 147
Trd, 000107.550, 148
Trd, 000108.233, 147
Trd, 000108.383, 162
Trd, 000108.667, 158
Trd, 000108.967, 155
Trd, 000109.700, 155
Trd, 000111.200, 157
Trd, 000111.467, 157
Trd, 000111.750, 166
Trd, 000112.717, 155
Trd, 000112.833, 163
Trd, 000112.917, 164
Trd, 000113.733, 160
Trd, 000114.150, 164
Trd, 000115.750, 167
Trd, 000115.867, 165
Trd, 000116.733, 167
Trd, 000117.317, 164
Trd, 000118.133, 165
Trd, 000118.700, 164
Trd, 000119.000, 169
Trd, 000119.150, 174
Trd, 000119.267, 163
Trd, 000120.750, 165
Trd, 000120.783, 164
Trd, 000120.983, 171
Trd, 000121.467, 150
Trd, 000121.817, 149
Trd, 000122.133, 138
Trd, 000122.717, 164
Trd, 000122.967, 165
Trd, 000123.500, 155
Trd, 000123.667, 165
Trd, 000124.883, 162
Trd, 000125.100, 154
Trd, 000125.317, 162
Trd, 000125.933, 162
Trd, 000126.333, 164
Trd, 000126.883, 155
Trd, 000127.583, 149
Trd, 000128.150, 170
Trd, 000128.183, 172
Trd, 000128.933, 168
Trd, 000129.350, 168
Trd, 000129.483, 175
Trd, 000129.667, 167
Trd, 000130.233, 175
Trd, 000130.483, 182
Trd, 000131.483, 159
Trd, 000131.767, 160
Trd, 000131.867, 157
Trd, 000133.067, 150
Trd, 000133.133, 133
Trd, 000134.083, 160
Trd, 000134.317, 161
Trd, 000135.383, 161
Trd, 000135.583, 151
Trd, 000136.350, 162
Trd, 000136.817, 156
Trd, 000136.933, 164
Trd, 000137.767, 150
Trd, 000138.317, 171
Trd, 000138.450, 172
Trd, 000139.817, 149
Trd, 000139.867, 151
Trd, 000140.633, 158
Trd, 000140.850, 158
Trd, 000140.950, 157
Trd, 000141.700, 157
Trd, 000141.767, 165
Trd, 000142.333, 161
Trd, 000142.350, 176
Trd, 000142.783, 193
Trd, 000143.167, 174
Trd, 000143.550, 158
Trd, 000144.667, 176
Trd, 000145.533, 165
Trd, 000145.600, 166
Trd, 000145.733, 151
Trd, 000145.983, 162
Trd, 000146.200, 166
Trd, 000146.767, 173
Trd, 000147.417, 164
Trd, 000147.600, 161
Trd, 000148.150, 173
Trd, 000148.983, 171
Trd, 000149.517, 168
Trd, 000149.650, 166
Trd, 000149.867, 180
Trd, 000150.200, 187
Trd, 000150.600, 186
Trd, 000150.867, 184
Trd, 000151.500, 141
Trd, 000151.833, 177
Trd, 000152.233, 176
Trd, 000153.233, 177
Trd, 000153.450, 175
Trd, 000155.017, 175
Trd, 000155.150, 172
Trd, 000155.183, 168
Trd, 000155.800, 173
Trd, 000156.083, 173
Trd, 000156.483, 173
Trd, 000156.650, 160
Trd, 000156.883, 153
Trd, 000157.233, 164
Trd, 000159.233, 163
Trd, 000159.317, 174
Trd, 000159.617, 161
Trd, 000159.883, 178
Trd, 000160.933, 162
Trd, 000161.617, 171
Trd, 000162.167, 169
Trd, 000162.400, 160
Trd, 000162.983, 156
Trd, 000163.983, 167
Trd, 000164.100, 153
Trd, 000164.333, 147
Trd, 000164.550, 166
Trd, 000164.617, 167
Trd, 000164.833, 167
Trd, 000166.000, 166
Trd, 000166.467, 165
Trd, 000166.717, 175
Trd, 000167.050, 177
Trd, 000167.350, 160
Trd, 000167.533, 173
Trd, 000167.650, 174
Trd, 000168.067, 159
Trd, 000169.100, 171
Trd, 000170.317, 171
Trd, 000170.500, 165
Trd, 000170.783, 171
Trd, 000171.133, 165
Trd, 000171.500, 161
Trd, 000171.733, 175
Trd, 000171.817, 188
Trd, 000172.867, 154
Trd, 000173.250, 161
Trd, 000174.200, 161
Trd, 000175.217, 159
Trd, 000175.300, 160
Trd, 000175.600, 161
Trd, 000175.983, 159
Trd, 000176.167, 164
Trd, 000176.350, 169
Trd, 000176.733, 179
Trd, 000176.833, 169
Trd, 000177.317, 164
Trd, 000177.533, 176
Trd, 000178.250, 176
Trd, 000178.367, 167
Trd, 000179.200, 168
Trd, 000179.800, 170
Trd, 000180.517, 172
Trd, 000180.550, 155
Trd, 000182.050, 157
Trd, 000182.967, 158
Trd, 000183.383, 146
Trd, 000183.700, 143
Trd, 000184.200, 159
Trd, 000184.733, 155
Trd, 000184.817, 159
Trd, 000184.983, 162
Trd, 000185.467, 155
Trd, 000185.850, 158
Trd, 000186.167, 164
Trd, 000186.850, 161
Trd, 000187.400, 160
Trd, 000187.667, 173
Trd, 000187.850, 155
Trd, 000188.467, 173
Trd, 000188.500, 149
Trd, 000188.667, 144
Trd, 000188.750, 174
Trd, 000188.800, 143
Trd, 000189.533, 155
Trd, 000190.267, 165
Trd, 000190.317, 152
Trd, 000190.533, 170
Trd, 000191.967, 166
Trd, 000192.650, 163
Trd, 000192.983, 165
Trd, 000193.300, 165
Trd, 000193.467, 177
Trd, 000194.050, 163
Trd, 000195.283, 172
Trd, 000195.550, 174
Trd, 000195.750, 175
Trd, 000196.867, 171
Trd, 000196.900, 162
Trd, 000197.200, 177
Trd, 000197.483, 177
Trd, 000197.700, 159
Trd, 000198.000, 182
Trd, 000198.117, 179
Trd, 000198.250, 161
Trd, 000199.467, 179
Trd, 000200.050, 176
Trd, 000200.133, 180
Trd, 000200.417, 179
Trd, 000201.000, 174
Trd, 000201.800, 180
Trd, 000202.450, 174
Trd, 000203.767, 173
Trd, 000203.833, 179
Trd, 000203.933, 164
Trd, 000204.850, 158
Trd, 000205.967, 171
Trd, 000206.200, 159
Trd, 000206.317, 173
Trd, 000206.517, 173
Trd, 000207.400, 165
Trd, 000207.450, 170
Trd, 000207.583, 163
Trd, 000208.433, 162
Trd, 000208.983, 161
Trd, 000209.283, 158
Trd, 000209.333, 171
Trd, 000209.483, 158
Trd, 000209.867, 174
Trd, 000210.800, 161
Trd, 000211.700, 162
Trd, 000212.067, 159
Trd, 000212.317, 158
Trd, 000212.333, 160
Trd, 000212.717, 161
Trd, 000213.033, 165
Trd, 000213.617, 165
Trd, 000214.100, 170
Trd, 000214.550, 171
Trd, 000215.233, 172
Trd, 000215.717, 161
Trd, 000216.600, 168
Trd, 000217.433, 177
Trd, 000218.183, 171
Trd, 000219.150, 171
Trd, 000219.217, 169
Trd, 000219.400, 172
Trd, 000219.950, 172
Trd, 000220.033, 175
Trd, 000220.183, 174
Trd, 000220.250, 166
Trd, 000220.450, 180
Trd, 000221.117, 184
Trd, 000221.650, 170
Trd, 000222.400, 160
Trd, 000222.833, 191
Trd, 000222.867, 159
Trd, 000223.967, 184
Trd, 000223.983, 193
Trd, 000224.067, 194
Trd, 000224.583, 184
Trd, 000225.450, 186
Trd, 000225.750, 184
Trd, 000226.917, 179
Trd, 000227.067, 187
Trd, 000227.733, 179
Trd, 000227.950, 178
Trd, 000228.717, 181
Trd, 000229.600, 182
Trd, 000230.417, 176
Trd, 000230.500, 173
Trd, 000231.167, 176
Trd, 000231.350, 172
Trd, 000232.267, 167
Trd, 000232.433, 160
Trd, 000232.867, 160
Trd, 000232.967, 161
Trd, 000233.150, 168
Trd, 000234.233, 160
Trd, 000235.233, 162
Trd, 000235.383, 165
Trd, 000236.000, 163
Trd, 000236.750, 165
Trd, 000237.233, 160
Trd, 000237.617, 158
Trd, 000237.767, 158
Trd, 000237.883, 159
Trd, 000238.217, 148
Trd, 000238.467, 161
Trd, 000239.350, 165
Trd, 000239.417, 168
Trd, 000239.583, 167
Trd, 000239.733, 175
Trd, 000241.317, 171
Trd, 000241.350, 167
Trd, 000242.117, 170
Trd, 000242.617, 172
Trd, 000242.817, 170
Trd, 000244.017, 172
Trd, 000244.883, 172
Trd, 000245.817, 175
Trd, 000246.067, 175
Trd, 000246.467, 175
Trd, 000246.717, 173
Trd, 000246.767, 170
Trd, 000246.967, 168
Trd, 000247.133, 161
Trd, 000247.433, 172
Trd, 000247.600, 187
Trd, 000247.733, 163
Trd, 000248.783, 157
Trd, 000249.167, 183
Trd, 000249.467, 156
Trd, 000249.567, 149
Trd, 000250.617, 167
Trd, 000250.683, 181
Trd, 000250.700, 182
Trd, 000252.633, 177
Trd, 000252.750, 178
Trd, 000252.917, 178
Trd, 000253.583, 179
Trd, 000253.633, 178
Trd, 000253.650, 180
Trd, 000253.833, 176
Trd, 000253.850, 180
Trd, 000254.283, 169
Trd, 000254.600, 180
Trd, 000255.200, 151
Trd, 000255.500, 164
Trd, 000255.667, 181
Trd, 000256.400, 163
Trd, 000256.533, 161
Trd, 000257.433, 168
Trd, 000258.350, 183
Trd, 000258.383, 180
Trd, 000258.483, 184
Trd, 000258.600, 180
Trd, 000258.667, 186
Trd, 000258.983, 187
Trd, 000260.483, 176
Trd, 000260.567, 164
Trd, 000261.533, 163
Trd, 000261.700, 162
Trd, 000262.350, 164
Trd, 000262.950, 169
Trd, 000263.300, 170
Trd, 000263.317, 174
Trd, 000263.950, 168
Trd, 000264.767, 167
Trd, 000265.067, 167
Trd, 000265.083, 166
Trd, 000265.150, 168
Trd, 000265.433, 169
Trd, 000266.067, 169
Trd, 000266.783, 177
Trd, 000269.200, 177
Trd, 000269.217, 178
Trd, 000269.667, 174
Trd, 000269.867, 174
Trd, 000270.050, 178
Trd, 000270.283, 179
Trd, 000270.767, 177
Trd, 000270.900, 171
Trd, 000271.017, 175
Trd, 000271.250, 171
Trd, 000271.550, 177
Trd, 000272.217, 180
Trd, 000272.683, 178
Trd, 000273.467, 164
Trd, 000273.483, 159
Trd, 000274.233, 177
Trd, 000274.917, 182
Trd, 000275.083, 183
Trd, 000275.100, 185
Trd, 000275.567, 164
Trd, 000275.700, 189
Trd, 000277.000, 176
Trd, 000277.183, 176
Trd, 000277.517, 175
Trd, 000277.567, 176
Trd, 000277.617, 177
Trd, 000278.217, 179
Trd, 000278.767, 172
Trd, 000279.033, 199
Trd, 000279.533, 177
Trd, 000279.567, 182
Trd, 000280.767, 178
Trd, 000281.350, 177
Trd, 000281.433, 181
Trd, 000282.350, 176
Trd, 000282.533, 176
Trd, 000282.767, 183
Trd, 000282.817, 185
Trd, 000282.900, 186
Trd, 000283.967, 176
Trd, 000284.300, 177
Trd, 000284.533, 171
Trd, 000284.933, 176
Trd, 000285.417, 175
Trd, 000285.550, 175
Trd, 000285.667, 169
Trd, 000285.683, 165
Trd, 000286.083, 176
Trd, 000286.267, 166
Trd, 000286.583, 169
Trd, 000287.067, 166
Trd, 000287.283, 178
Trd, 000287.300, 154
Trd, 000288.000, 177
Trd, 000288.033, 179
Trd, 000288.483, 174
Trd, 000288.900, 170
Trd, 000289.233, 175
Trd, 000290.017, 175
Trd, 000290.183, 190
Trd, 000290.500, 193
Trd, 000290.983, 193
Trd, 000291.083, 185
Trd, 000291.300, 191
Trd, 000291.667, 184
Trd, 000292.250, 190
Trd, 000292.433, 191
Trd, 000292.567, 175
Trd, 000293.550, 177
Trd, 000293.783, 175
Trd, 000294.267, 184
Trd, 000295.167, 175
Trd, 000295.250, 185
Trd, 000295.467, 187
Trd, 000296.267, 200
Trd, 000296.483, 183
Trd, 000296.783, 177
Trd, 000297.417, 178
Trd, 000297.483, 194
Trd, 000298.100, 181
Trd, 000298.283, 199
Trd, 000298.317, 173
Trd, 000298.450, 196
