Trd, 000001.300, 182
Trd, 000002.000, 148
Trd, 000004.017, 156
Trd, 000004.517, 154
Trd, 000005.333, 162
Trd, 000005.367, 157
Trd, 000006.550, 162
Trd, 000007.567, 161
Trd, 000008.117, 162
Trd, 000008.633, 160
Trd, 000009.383, 159
Trd, 000009.717, 159
Trd, 000009.933, 159
Trd, 000010.183, 149
Trd, 000011.533, 157
Trd, 000012.750, 159
Trd, 000012.917, 156
Trd, 000013.350, 154
Trd, 000013.700, 150
Trd, 000014.417, 158
Trd, 000014.850, 158
Trd, 000015.150, 157
Trd, 000015.367, 157
Trd, 000015.717, 157
Trd, 000016.467, 159
Trd, 000017.133, 154
Trd, 000017.867, 156
Trd, 000018.117, 163
Trd, 000019.067, 154
Trd, 000020.000, 153
Trd, 000020.067, 150
Trd, 000020.200, 135
Trd, 000020.217, 132
Trd, 000021.250, 151
Trd, 000022.433, 149
Trd, 000022.633, 145
Trd, 000023.317, 143
Trd, 000023.367, 144
Trd, 000023.767, 144
Trd, 000023.800, 145
Trd, 000023.883, 143
Trd, 000024.183, 141
Trd, 000025.400, 146
Trd, 000026.100, 154
Trd, 000026.117, 153
Trd, 000027.600, 158
Trd, 000028.250, 157
Trd, 000028.500, 156
Trd, 000029.183, 136
Trd, 000029.233, 154
Trd, 000030.183, 152
Trd, 000030.500, 153
Trd, 000030.667, 151
Trd, 000031.400, 158
Trd, 000033.217, 157
Trd, 000033.433, 157
Trd, 000033.950, 155
Trd, 000034.500, 154
Trd, 000035.083, 151
Trd, 000035.133, 152
Trd, 000035.167, 157
Trd, 000037.300, 155
Trd, 000037.533, 154
Trd, 000037.900, 151
Trd, 000038.833, 155
Trd, 000039.217, 153
Trd, 000039.250, 154
Trd, 000039.400, 151
Trd, 000039.533, 154
Trd, 000042.383, 162
Trd, 000042.433, 160
Trd, 000042.800, 159
Trd, 000043.800, 160
Trd, 000044.017, 157
Trd, 000044.067, 156
Trd, 000045.433, 160
Trd, 000045.917, 160
Trd, 000046.283, 156
Trd, 000047.317, 158
Trd, 000049.667, 159
Trd, 000049.950, 158
Trd, 000049.983, 159
Trd, 000050.750, 156
Trd, 000050.767, 157
Trd, 000050.850, 156
Trd, 000051.033, 163
Trd, 000051.217, 164
Trd, 000051.350, 164
Trd, 000052.483, 164
Trd, 000053.783, 164
Trd, 000054.383, 164
Trd, 000054.400, 162
Trd, 000055.000, 162
Trd, 000056.100, 163
Trd, 000056.767, 162
Trd, 000057.500, 157
Trd, 000057.550, 153
Trd, 000057.717, 139
Trd, 000058.117, 157
Trd, 000059.633, 153
Trd, 000059.767, 153
Trd, 000060.450, 154
Trd, 000060.833, 153
Trd, 000061.083, 154
Trd, 000061.133, 155
Trd, 000061.750, 171
Trd, 000063.017, 155
Trd, 000063.133, 167
Trd, 000065.017, 160
Trd, 000065.333, 157
Trd, 000065.617, 161
Trd, 000067.250, 165
Trd, 000067.300, 170
Trd, 000068.450, 167
Trd, 000068.783, 163
Trd, 000069.383, 165
Trd, 000070.267, 161
Trd, 000070.667, 160
Trd, 000070.767, 161
Trd, 000071.583, 162
Trd, 000071.900, 160
Trd, 000072.450, 159
Trd, 000072.683, 158
Trd, 000074.317, 157
Trd, 000074.467, 163
Trd, 000074.850, 160
Trd, 000074.883, 161
Trd, 000076.267, 158
Trd, 000076.417, 157
Trd, 000076.717, 156
Trd, 000077.800, 159
Trd, 000078.233, 160
Trd, 000079.017, 164
Trd, 000079.200, 161
Trd, 000080.583, 167
Trd, 000081.733, 163
Trd, 000082.117, 156
Trd, 000082.383, 165
Trd, 000082.417, 152
Trd, 000082.800, 159
Trd, 000083.250, 163
Trd, 000084.050, 165
Trd, 000084.600, 165
Trd, 000085.550, 164
Trd, 000085.900, 164
Trd, 000086.033, 167
Trd, 000086.967, 161
Trd, 000087.117, 162
Trd, 000087.167, 158
Trd, 000088.100, 158
Trd, 000088.267, 157
Trd, 000088.467, 157
Trd, 000088.817, 158
Trd, 000089.733, 164
Trd, 000090.483, 168
Trd, 000090.683, 164
Trd, 000090.950, 164
Trd, 000091.367, 171
Trd, 000092.083, 161
Trd, 000092.850, 172
Trd, 000093.650, 161
Trd, 000094.567, 160
Trd, 000095.633, 160
Trd, 000095.683, 157
Trd, 000095.883, 163
Trd, 000096.583, 160
Trd, 000096.633, 159
Trd, 000096.817, 159
Trd, 000096.900, 158
Trd, 000096.950, 159
Trd, 000098.067, 161
Trd, 000098.417, 171
Trd, 000098.467, 159
Trd, 000098.800, 173
Trd, 000099.167, 160
Trd, 000100.283, 144
Trd, 000102.300, 165
Trd, 000103.533, 166
Trd, 000103.650, 163
Trd, 000104.133, 168
Trd, 000104.467, 169
Trd, 000105.667, 169
Trd, 000105.683, 168
Trd, 000106.150, 168
Trd, 000106.683, 168
Trd, 000107.300, 169
Trd, 000108.700, 166
Trd, 000109.000, 173
Trd, 000109.267, 172
Trd, 000109.800, 172
Trd, 000110.000, 171
Trd, 000110.400, 171
Trd, 000111.400, 171
Trd, 000111.867, 171
Trd, 000112.283, 174
Trd, 000112.833, 171
Trd, 000114.117, 169
Trd, 000114.767, 169
Trd, 000115.033, 168
Trd, 000115.883, 163
Trd, 000116.867, 166
Trd, 000116.967, 165
Trd, 000118.367, 165
Trd, 000118.517, 164
Trd, 000118.883, 163
Trd, 000119.417, 163
Trd, 000119.617, 164
Trd, 000120.533, 165
Trd, 000120.600, 162
Trd, 000121.417, 162
Trd, 000121.867, 163
Trd, 000122.483, 161
Trd, 000123.183, 161
Trd, 000123.767, 162
Trd, 000123.967, 160
Trd, 000124.167, 145
Trd, 000124.467, 165
Trd, 000124.767, 144
Trd, 000125.617, 155
Trd, 000126.017, 162
Trd, 000126.833, 157
Trd, 000127.317, 144
Trd, 000127.433, 156
Trd, 000127.650, 156
Trd, 000129.233, 160
Trd, 000129.650, 160
Trd, 000130.100, 160
Trd, 000130.767, 161
Trd, 000131.850, 164
Trd, 000132.667, 173
Trd, 000133.117, 171
Trd, 000133.467, 172
Trd, 000133.667, 171
Trd, 000134.183, 170
Trd, 000135.450, 173
Trd, 000136.700, 172
Trd, 000137.033, 174
Trd, 000137.450, 173
Trd, 000138.000, 175
Trd, 000138.383, 176
Trd, 000139.117, 176
Trd, 000139.183, 175
Trd, 000139.617, 172
Trd, 000139.967, 175
Trd, 000140.100, 165
Trd, 000140.733, 145
Trd, 000140.983, 172
Trd, 000141.267, 172
Trd, 000143.300, 170
Trd, 000144.233, 167
Trd, 000144.500, 168
Trd, 000144.850, 167
Trd, 000145.000, 166
Trd, 000145.183, 169
Trd, 000145.817, 174
Trd, 000147.083, 164
Trd, 000147.750, 163
Trd, 000147.783, 169
Trd, 000148.083, 167
Trd, 000148.850, 166
Trd, 000148.967, 177
Trd, 000150.183, 176
Trd, 000150.483, 175
Trd, 000151.067, 174
Trd, 000151.917, 173
Trd, 000152.317, 166
Trd, 000153.400, 168
Trd, 000153.883, 166
Trd, 000154.000, 165
Trd, 000154.117, 166
Trd, 000155.200, 165
Trd, 000156.333, 166
Trd, 000156.750, 165
Trd, 000157.150, 165
Trd, 000157.383, 166
Trd, 000158.517, 166
Trd, 000159.467, 175
Trd, 000160.033, 183
Trd, 000160.350, 169
Trd, 000161.233, 170
Trd, 000161.567, 170
Trd, 000161.650, 169
Trd, 000161.983, 167
Trd, 000162.400, 165
Trd, 000163.333, 167
Trd, 000164.733, 177
Trd, 000164.750, 178
Trd, 000166.167, 174
Trd, 000166.783, 175
Trd, 000166.900, 173
Trd, 000167.067, 173
Trd, 000167.083, 172
Trd, 000167.367, 172
Trd, 000167.983, 167
Trd, 000168.250, 165
Trd, 000169.633, 163
Trd, 000169.750, 164
Trd, 000170.017, 165
Trd, 000170.083, 167
Trd, 000170.917, 166
Trd, 000173.233, 179
Trd, 000173.417, 176
Trd, 000173.650, 175
Trd, 000173.667, 181
Trd, 000174.233, 172
Trd, 000175.383, 171
Trd, 000176.300, 169
Trd, 000176.417, 170
Trd, 000176.867, 168
Trd, 000177.017, 168
Trd, 000177.083, 169
Trd, 000177.250, 170
Trd, 000177.283, 158
Trd, 000178.600, 168
Trd, 000179.583, 170
Trd, 000179.917, 169
Trd, 000180.633, 168
Trd, 000182.050, 170
Trd, 000182.383, 175
Trd, 000182.483, 168
Trd, 000182.567, 166
Trd, 000182.867, 166
Trd, 000183.667, 166
Trd, 000184.833, 163
Trd, 000185.100, 164
Trd, 000185.300, 166
Trd, 000185.817, 171
Trd, 000186.883, 179
Trd, 000187.567, 176
Trd, 000187.817, 176
Trd, 000188.250, 177
Trd, 000188.683, 178
Trd, 000189.383, 179
Trd, 000189.700, 173
Trd, 000190.650, 171
Trd, 000191.250, 170
Trd, 000192.550, 170
Trd, 000192.633, 175
Trd, 000192.767, 170
Trd, 000193.033, 175
Trd, 000194.550, 169
Trd, 000195.617, 168
Trd, 000196.050, 172
Trd, 000196.500, 171
Trd, 000196.683, 172
Trd, 000197.100, 171
Trd, 000197.567, 171
Trd, 000197.783, 173
Trd, 000198.683, 168
Trd, 000199.983, 172
Trd, 000200.150, 171
Trd, 000200.300, 171
Trd, 000200.933, 171
Trd, 000201.900, 184
Trd, 000202.533, 174
Trd, 000203.833, 172
Trd, 000203.983, 178
Trd, 000204.433, 171
Trd, 000206.717, 176
Trd, 000206.833, 174
Trd, 000207.883, 172
Trd, 000208.017, 172
Trd, 000208.133, 168
Trd, 000208.150, 173
Trd, 000208.183, 175
Trd, 000209.683, 178
Trd, 000210.317, 179
Trd, 000211.567, 179
Trd, 000212.383, 176
Trd, 000212.567, 180
Trd, 000213.167, 176
Trd, 000213.650, 178
Trd, 000213.717, 175
Trd, 000214.317, 183
Trd, 000215.033, 180
Trd, 000216.483, 179
Trd, 000216.667, 178
Trd, 000217.167, 177
Trd, 000217.750, 175
Trd, 000218.167, 178
Trd, 000219.300, 180
Trd, 000220.100, 183
Trd, 000220.883, 181
Trd, 000221.517, 181
Trd, 000221.550, 179
Trd, 000221.817, 180
Trd, 000221.833, 179
Trd, 000222.500, 179
Trd, 000222.700, 177
Trd, 000224.017, 179
Trd, 000224.750, 175
Trd, 000225.183, 176
Trd, 000226.350, 177
Trd, 000226.367, 178
Trd, 000226.483, 176
Trd, 000226.883, 182
Trd, 000227.350, 181
Trd, 000228.117, 183
Trd, 000228.200, 178
Trd, 000229.433, 179
Trd, 000230.317, 178
Trd, 000230.933, 176
Trd, 000231.583, 175
Trd, 000232.183, 174
Trd, 000233.583, 176
Trd, 000234.283, 179
Trd, 000234.383, 179
Trd, 000234.700, 178
Trd, 000234.917, 178
Trd, 000235.133, 177
Trd, 000235.783, 176
Trd, 000236.417, 175
Trd, 000236.633, 178
Trd, 000237.600, 185
Trd, 000238.000, 182
Trd, 000238.600, 179
Trd, 000238.850, 186
Trd, 000239.783, 180
Trd, 000240.283, 180
Trd, 000240.783, 180
Trd, 000240.933, 178
Trd, 000241.683, 177
Trd, 000241.967, 176
Trd, 000242.000, 178
Trd, 000242.200, 178
Trd, 000242.933, 179
Trd, 000243.300, 176
Trd, 000243.550, 175
Trd, 000244.400, 174
Trd, 000244.900, 174
Trd, 000245.033, 173
Trd, 000245.183, 172
Trd, 000245.867, 175
Trd, 000247.017, 175
Trd, 000247.750, 173
Trd, 000247.917, 173
Trd, 000248.100, 175
Trd, 000248.733, 174
Trd, 000249.717, 174
Trd, 000249.783, 174
Trd, 000249.850, 172
Trd, 000250.133, 179
Trd, 000250.950, 175
Trd, 000251.150, 169
Trd, 000251.250, 176
Trd, 000251.567, 175
Trd, 000252.117, 174
Trd, 000252.467, 175
Trd, 000252.767, 180
Trd, 000252.850, 174
Trd, 000253.833, 182
Trd, 000254.033, 177
Trd, 000254.267, 176
Trd, 000254.467, 176
Trd, 000254.667, 173
Trd, 000255.783, 163
Trd, 000255.833, 167
Trd, 000255.883, 168
Trd, 000256.050, 168
Trd, 000256.167, 166
Trd, 000256.300, 169
Trd, 000257.283, 184
Trd, 000257.500, 178
Trd, 000258.100, 181
Trd, 000258.850, 181
Trd, 000259.167, 182
Trd, 000259.400, 180
Trd, 000260.117, 181
Trd, 000260.483, 175
Trd, 000260.950, 177
Trd, 000261.317, 174
Trd, 000262.050, 175
Trd, 000262.117, 176
Trd, 000262.283, 182
Trd, 000262.333, 174
Trd, 000262.983, 174
Trd, 000263.900, 178
Trd, 000264.200, 177
Trd, 000264.950, 181
Trd, 000265.167, 177
Trd, 000265.400, 180
Trd, 000266.067, 177
Trd, 000266.550, 175
Trd, 000266.683, 174
Trd, 000266.850, 176
Trd, 000267.067, 177
Trd, 000267.800, 177
Trd, 000268.383, 174
Trd, 000269.050, 172
Trd, 000269.067, 171
Trd, 000269.317, 174
Trd, 000269.500, 172
Trd, 000270.700, 177
Trd, 000270.750, 175
Trd, 000270.817, 178
Trd, 000272.083, 180
Trd, 000272.950, 180
Trd, 000273.000, 182
Trd, 000273.100, 185
Trd, 000273.600, 182
Trd, 000273.850, 185
Trd, 000274.483, 186
Trd, 000274.567, 185
Trd, 000274.683, 182
Trd, 000274.883, 178
Trd, 000277.200, 182
Trd, 000277.333, 181
Trd, 000277.350, 178
Trd, 000278.117, 177
Trd, 000278.550, 176
Trd, 000278.833, 178
Trd, 000279.683, 176
Trd, 000279.733, 178
Trd, 000280.617, 176
Trd, 000281.383, 175
Trd, 000281.567, 179
Trd, 000281.583, 161
Trd, 000282.433, 169
Trd, 000282.517, 163
Trd, 000282.617, 174
Trd, 000284.183, 181
Trd, 000284.717, 182
Trd, 000285.317, 182
Trd, 000285.467, 177
Trd, 000286.000, 175
Trd, 000286.483, 173
Trd, 000287.367, 179
Trd, 000287.650, 184
Trd, 000288.550, 181
Trd, 000289.017, 181
Trd, 000289.467, 180
Trd, 000289.700, 180
Trd, 000290.550, 184
Trd, 000290.917, 179
Trd, 000291.167, 178
Trd, 000291.550, 183
Trd, 000292.383, 183
Trd, 000293.100, 181
Trd, 000293.217, 182
Trd, 000293.683, 182
Trd, 000293.833, 180
Trd, 000294.217, 184
Trd, 000294.733, 179
Trd, 000294.900, 187
Trd, 000295.650, 180
Trd, 000296.800, 182
Trd, 000297.300, 181
Trd, 000297.350, 184
Trd, 000298.233, 183
Trd, 000298.250, 185
Trd, 000298.483, 184
Trd, 000298.983, 187
Trd, 000299.450, 187
Trd, 000299.883, 187
