Trd, 000002.450, 124
Trd, 000002.500, 132
Trd, 000002.800, 141
Trd, 000003.333, 110
Trd, 000005.033, 136
Trd, 000005.100, 144
Trd, 000005.217, 136
Trd, 000006.700, 145
Trd, 000007.483, 150
Trd, 000008.333, 152
Trd, 000008.450, 143
Trd, 000008.933, 141
Trd, 000008.967, 141
Trd, 000009.033, 152
Trd, 000009.483, 142
Trd, 000009.650, 142
Trd, 000009.683, 138
Trd, 000011.400, 160
Trd, 000011.583, 144
Trd, 000011.983, 145
Trd, 000012.233, 144
Trd, 000012.900, 142
Trd, 000013.800, 148
Trd, 000014.900, 141
Trd, 000014.967, 142
Trd, 000015.550, 141
Trd, 000016.083, 142
Trd, 000017.067, 143
Trd, 000017.167, 142
Trd, 000017.433, 146
Trd, 000017.500, 142
Trd, 000017.617, 141
Trd, 000017.983, 151
Trd, 000020.117, 148
Trd, 000020.650, 150
Trd, 000020.750, 147
Trd, 000021.000, 150
Trd, 000021.083, 144
Trd, 000021.250, 153
Trd, 000021.733, 143
Trd, 000022.167, 143
Trd, 000023.717, 147
Trd, 000024.783, 148
Trd, 000024.950, 145
Trd, 000025.500, 144
Trd, 000025.717, 144
Trd, 000027.650, 144
Trd, 000027.783, 143
Trd, 000028.017, 142
Trd, 000028.717, 143
Trd, 000029.267, 144
Trd, 000029.667, 147
Trd, 000030.400, 150
Trd, 000030.867, 149
Trd, 000031.783, 145
Trd, 000032.450, 144
Trd, 000032.533, 143
Trd, 000032.767, 140
Trd, 000032.850, 154
Trd, 000033.767, 147
Trd, 000034.483, 139
Trd, 000034.500, 148
Trd, 000035.400, 147
Trd, 000035.800, 145
Trd, 000036.367, 142
Trd, 000036.783, 150
Trd, 000037.150, 151
Trd, 000037.867, 150
Trd, 000038.983, 147
Trd, 000039.467, 147
Trd, 000039.850, 146
Trd, 000040.450, 145
Trd, 000040.550, 152
Trd, 000040.800, 152
Trd, 000042.683, 146
Trd, 000043.150, 146
Trd, 000043.817, 152
Trd, 000044.117, 147
Trd, 000045.067, 150
Trd, 000045.533, 148
Trd, 000046.417, 148
Trd, 000047.283, 147
Trd, 000047.550, 146
Trd, 000047.917, 149
Trd, 000047.983, 152
Trd, 000048.017, 145
Trd, 000049.083, 153
Trd, 000049.917, 153
Trd, 000050.033, 149
Trd, 000050.967, 149
Trd, 000051.600, 148
Trd, 000051.650, 147
Trd, 000051.850, 152
Trd, 000051.983, 145
Trd, 000053.450, 155
Trd, 000053.567, 156
Trd, 000054.150, 160
Trd, 000055.167, 150
Trd, 000056.083, 154
Trd, 000056.317, 150
Trd, 000057.400, 150
Trd, 000058.367, 151
Trd, 000058.917, 146
Trd, 000059.317, 151
Trd, 000059.683, 148
Trd, 000059.883, 156
Trd, 000060.533, 156
Trd, 000060.750, 157
Trd, 000061.000, 151
Trd, 000062.833, 150
Trd, 000063.517, 157
Trd, 000063.617, 157
Trd, 000063.783, 149
Trd, 000064.117, 149
Trd, 000064.150, 147
Trd, 000064.650, 143
Trd, 000064.833, 154
Trd, 000064.950, 158
Trd, 000065.200, 158
Trd, 000067.233, 157
Trd, 000067.533, 163
Trd, 000068.417, 165
Trd, 000068.700, 168
Trd, 000069.067, 158
Trd, 000069.750, 188
Trd, 000069.850, 158
Trd, 000070.300, 159
Trd, 000071.017, 162
Trd, 000072.433, 162
Trd, 000072.933, 161
Trd, 000073.933, 162
Trd, 000074.133, 160
Trd, 000074.333, 165
Trd, 000074.733, 159
Trd, 000075.483, 162
Trd, 000075.533, 164
Trd, 000075.667, 150
Trd, 000076.500, 146
Trd, 000076.850, 155
Trd, 000077.250, 147
Trd, 000077.883, 159
Trd, 000078.150, 160
Trd, 000078.283, 149
Trd, 000078.883, 149
Trd, 000079.450, 148
Trd, 000079.600, 158
Trd, 000080.167, 139
Trd, 000080.317, 158
Trd, 000082.017, 149
Trd, 000082.467, 147
Trd, 000084.100, 152
Trd, 000084.183, 154
Trd, 000084.333, 149
Trd, 000085.533, 148
Trd, 000085.917, 149
Trd, 000086.583, 149
Trd, 000087.133, 149
Trd, 000087.250, 147
Trd, 000088.350, 150
Trd, 000088.917, 150
Trd, 000089.967, 150
Trd, 000090.683, 148
Trd, 000090.800, 153
Trd, 000090.867, 157
Trd, 000091.500, 152
Trd, 000092.100, 155
Trd, 000092.500, 158
Trd, 000092.783, 151
Trd, 000093.300, 150
Trd, 000094.050, 148
Trd, 000094.250, 153
Trd, 000096.167, 151
Trd, 000097.383, 152
Trd, 000098.167, 147
Trd, 000098.783, 156
Trd, 000100.333, 155
Trd, 000100.967, 153
Trd, 000102.050, 153
Trd, 000102.083, 154
Trd, 000102.283, 152
Trd, 000102.433, 156
Trd, 000102.800, 158
Trd, 000104.033, 161
Trd, 000104.733, 159
Trd, 000105.117, 152
Trd, 000105.167, 151
Trd, 000106.517, 151
Trd, 000106.700, 166
Trd, 000106.967, 170
Trd, 000107.767, 151
Trd, 000108.033, 149
Trd, 000108.417, 160
Trd, 000110.217, 155
Trd, 000110.650, 152
Trd, 000110.733, 152
Trd, 000110.833, 157
Trd, 000111.667, 151
Trd, 000111.800, 155
Trd, 000112.183, 155
Trd, 000112.583, 156
Trd, 000113.417, 155
Trd, 000113.583, 148
Trd, 000114.333, 149
Trd, 000114.517, 144
Trd, 000116.150, 152
Trd, 000116.217, 149
Trd, 000116.700, 150
Trd, 000117.383, 151
Trd, 000117.867, 152
Trd, 000117.883, 153
Trd, 000117.950, 157
Trd, 000118.300, 152
Trd, 000120.117, 160
Trd, 000120.133, 163
Trd, 000120.183, 153
Trd, 000121.317, 155
Trd, 000121.567, 154
Trd, 000121.617, 153
Trd, 000121.700, 143
Trd, 000122.200, 127
Trd, 000122.733, 136
Trd, 000123.500, 152
Trd, 000124.000, 129
Trd, 000124.133, 160
Trd, 000124.233, 163
Trd, 000124.850, 153
Trd, 000125.817, 144
Trd, 000126.317, 152
Trd, 000126.967, 156
Trd, 000127.867, 172
Trd, 000128.000, 149
Trd, 000129.450, 154
Trd, 000129.817, 153
Trd, 000130.483, 156
Trd, 000130.683, 164
Trd, 000131.050, 151
Trd, 000131.533, 157
Trd, 000131.767, 152
Trd, 000132.000, 152
Trd, 000133.083, 153
Trd, 000133.867, 156
Trd, 000134.800, 157
Trd, 000134.883, 152
Trd, 000134.900, 161
Trd, 000135.400, 152
Trd, 000135.500, 154
Trd, 000135.517, 152
Trd, 000135.767, 150
Trd, 000136.300, 156
Trd, 000138.233, 149
Trd, 000138.867, 139
Trd, 000139.517, 138
Trd, 000140.183, 155
Trd, 000140.683, 154
Trd, 000140.833, 154
Trd, 000141.017, 150
Trd, 000141.567, 150
Trd, 000141.633, 162
Trd, 000142.983, 157
Trd, 000143.233, 149
Trd, 000143.783, 151
Trd, 000145.483, 155
Trd, 000146.367, 155
Trd, 000146.600, 158
Trd, 000146.867, 159
Trd, 000147.583, 156
Trd, 000147.683, 154
Trd, 000148.233, 151
Trd, 000148.950, 151
Trd, 000149.167, 153
Trd, 000149.350, 166
Trd, 000150.350, 160
Trd, 000150.700, 175
Trd, 000150.850, 177
Trd, 000151.450, 186
Trd, 000151.783, 161
Trd, 000153.117, 177
Trd, 000153.917, 176
Trd, 000154.417, 174
Trd, 000154.800, 168
Trd, 000155.200, 168
Trd, 000156.283, 169
Trd, 000156.750, 171
Trd, 000157.017, 160
Trd, 000157.200, 157
Trd, 000157.783, 158
Trd, 000158.183, 163
Trd, 000158.233, 170
Trd, 000158.800, 156
Trd, 000159.417, 158
Trd, 000159.667, 158
Trd, 000160.083, 164
Trd, 000160.700, 158
Trd, 000161.750, 153
Trd, 000162.950, 160
Trd, 000163.300, 167
Trd, 000163.500, 158
Trd, 000163.817, 168
Trd, 000164.867, 171
Trd, 000165.167, 162
Trd, 000166.433, 159
Trd, 000166.517, 167
Trd, 000167.900, 166
Trd, 000168.117, 159
Trd, 000168.683, 158
Trd, 000168.833, 162
Trd, 000169.300, 160
Trd, 000169.733, 164
Trd, 000170.267, 163
Trd, 000171.200, 162
Trd, 000171.533, 160
Trd, 000172.367, 165
Trd, 000172.883, 163
Trd, 000172.967, 162
Trd, 000173.067, 174
Trd, 000173.533, 178
Trd, 000173.550, 160
Trd, 000174.167, 158
Trd, 000175.483, 172
Trd, 000176.517, 163
Trd, 000176.833, 163
Trd, 000176.917, 158
Trd, 000176.950, 154
Trd, 000177.100, 148
Trd, 000178.383, 164
Trd, 000180.400, 149
Trd, 000181.083, 159
Trd, 000181.400, 160
Trd, 000181.733, 166
Trd, 000181.933, 165
Trd, 000182.433, 168
Trd, 000182.833, 157
Trd, 000183.783, 159
Trd, 000183.967, 159
Trd, 000184.033, 159
Trd, 000184.917, 157
Trd, 000186.717, 162
Trd, 000187.733, 161
Trd, 000187.800, 162
Trd, 000188.100, 163
Trd, 000188.783, 167
Trd, 000188.950, 178
Trd, 000189.483, 179
Trd, 000189.600, 174
Trd, 000189.817, 159
Trd, 000190.350, 164
Trd, 000191.050, 172
Trd, 000191.833, 165
Trd, 000192.250, 172
Trd, 000192.917, 169
Trd, 000193.317, 161
Trd, 000193.400, 163
Trd, 000193.783, 157
Trd, 000195.350, 169
Trd, 000195.867, 162
Trd, 000195.917, 162
Trd, 000196.350, 156
Trd, 000197.283, 168
Trd, 000197.417, 168
Trd, 000197.983, 165
Trd, 000198.400, 161
Trd, 000199.300, 161
Trd, 000199.317, 160
Trd, 000199.383, 157
Trd, 000200.083, 160
Trd, 000200.483, 167
Trd, 000200.783, 168
Trd, 000201.050, 166
Trd, 000202.267, 160
Trd, 000202.517, 161
Trd, 000204.300, 163
Trd, 000204.567, 160
Trd, 000205.183, 164
Trd, 000205.333, 162
Trd, 000206.367, 161
Trd, 000207.200, 160
Trd, 000207.400, 163
Trd, 000207.417, 159
Trd, 000207.750, 165
Trd, 000207.850, 169
Trd, 000208.483, 171
Trd, 000209.033, 158
Trd, 000209.817, 162
Trd, 000209.983, 159
Trd, 000210.350, 181
Trd, 000210.783, 158
Trd, 000212.000, 166
Trd, 000212.833, 165
Trd, 000214.267, 162
Trd, 000214.733, 165
Trd, 000215.033, 166
Trd, 000215.083, 162
Trd, 000215.967, 169
Trd, 000216.667, 170
Trd, 000216.817, 164
Trd, 000217.150, 158
Trd, 000217.850, 172
Trd, 000218.150, 174
Trd, 000218.667, 177
Trd, 000218.700, 162
Trd, 000219.283, 162
Trd, 000220.133, 163
Trd, 000220.617, 174
Trd, 000221.050, 163
Trd, 000221.300, 175
Trd, 000221.433, 161
Trd, 000221.683, 176
Trd, 000222.917, 163
Trd, 000223.117, 160
Trd, 000224.233, 179
Trd, 000224.367, 178
Trd, 000224.517, 177
Trd, 000226.217, 164
Trd, 000226.417, 170
Trd, 000226.600, 159
Trd, 000226.917, 162
Trd, 000227.150, 159
Trd, 000228.117, 167
Trd, 000228.250, 163
Trd, 000228.467, 164
Trd, 000228.833, 165
Trd, 000230.267, 164
Trd, 000232.233, 167
Trd, 000233.683, 166
Trd, 000234.317, 167
Trd, 000234.783, 166
Trd, 000234.817, 171
Trd, 000235.167, 164
Trd, 000235.983, 163
Trd, 000236.133, 162
Trd, 000236.417, 161
Trd, 000236.633, 179
Trd, 000237.750, 155
Trd, 000237.850, 136
Trd, 000237.950, 174
Trd, 000239.183, 166
Trd, 000239.833, 175
Trd, 000240.817, 172
Trd, 000240.883, 173
Trd, 000240.950, 173
Trd, 000241.550, 174
Trd, 000241.617, 175
Trd, 000242.183, 175
Trd, 000242.300, 178
Trd, 000242.500, 174
Trd, 000242.583, 169
Trd, 000243.533, 173
Trd, 000244.383, 172
Trd, 000244.583, 173
Trd, 000245.033, 170
Trd, 000245.750, 172
Trd, 000246.067, 173
Trd, 000246.083, 174
Trd, 000246.217, 176
Trd, 000246.417, 172
Trd, 000246.617, 177
Trd, 000247.100, 172
Trd, 000247.683, 178
Trd, 000247.867, 177
Trd, 000248.050, 176
Trd, 000248.783, 171
Trd, 000249.083, 176
Trd, 000249.417, 180
Trd, 000249.533, 182
Trd, 000249.950, 183
Trd, 000250.167, 183
Trd, 000251.050, 180
Trd, 000251.650, 182
Trd, 000252.000, 183
Trd, 000253.000, 179
Trd, 000253.250, 174
Trd, 000253.417, 185
Trd, 000253.533, 187
Trd, 000253.717, 176
Trd, 000254.083, 178
Trd, 000254.200, 173
Trd, 000254.767, 185
Trd, 000255.150, 180
Trd, 000255.267, 176
Trd, 000256.033, 171
Trd, 000256.133, 171
Trd, 000256.717, 172
Trd, 000256.867, 170
Trd, 000257.383, 174
Trd, 000257.433, 169
Trd, 000257.883, 167
Trd, 000258.483, 166
Trd, 000259.850, 175
Trd, 000260.450, 171
Trd, 000260.550, 171
Trd, 000260.717, 175
Trd, 000261.333, 177
Trd, 000261.783, 173
Trd, 000261.833, 174
Trd, 000261.867, 183
Trd, 000262.483, 180
Trd, 000263.783, 179
Trd, 000263.833, 184
Trd, 000263.850, 174
Trd, 000264.300, 188
Trd, 000264.683, 195
Trd, 000264.767, 188
Trd, 000265.367, 196
Trd, 000265.883, 196
Trd, 000266.017, 194
Trd, 000266.367, 194
Trd, 000266.550, 193
Trd, 000267.150, 183
Trd, 000267.733, 192
Trd, 000268.183, 189
Trd, 000268.550, 182
Trd, 000269.067, 180
Trd, 000269.267, 181
Trd, 000269.433, 181
Trd, 000269.450, 183
Trd, 000270.017, 175
Trd, 000270.467, 178
Trd, 000270.517, 180
Trd, 000271.300, 180
Trd, 000271.667, 175
Trd, 000272.600, 185
Trd, 000272.900, 187
Trd, 000273.050, 182
Trd, 000273.083, 180
Trd, 000273.633, 177
Trd, 000274.200, 182
Trd, 000274.800, 183
Trd, 000274.900, 187
Trd, 000275.083, 198
Trd, 000275.133, 175
Trd, 000275.367, 183
Trd, 000275.650, 182
Trd, 000276.567, 181
Trd, 000276.750, 178
Trd, 000277.200, 176
Trd, 000277.367, 183
Trd, 000277.733, 172
Trd, 000278.300, 177
Trd, 000278.583, 183
Trd, 000278.917, 178
Trd, 000279.700, 177
Trd, 000279.983, 177
Trd, 000280.083, 176
Trd, 000280.800, 179
Trd, 000281.500, 179
Trd, 000281.617, 171
Trd, 000281.983, 170
Trd, 000282.367, 169
Trd, 000282.717, 173
Trd, 000282.933, 169
Trd, 000283.100, 165
Trd, 000283.167, 178
Trd, 000283.750, 165
Trd, 000284.000, 169
Trd, 000284.050, 186
Trd, 000284.567, 165
Trd, 000286.083, 187
Trd, 000286.183, 188
Trd, 000286.300, 191
Trd, 000286.600, 200
Trd, 000286.733, 187
Trd, 000287.000, 182
Trd, 000288.050, 190
Trd, 000288.167, 182
Trd, 000289.200, 179
Trd, 000289.217, 180
Trd, 000289.467, 183
Trd, 000289.783, 187
Trd, 000290.050, 188
Trd, 000290.183, 177
Trd, 000290.350, 189
Trd, 000290.533, 187
Trd, 000291.000, 188
Trd, 000291.050, 191
Trd, 000291.150, 172
Trd, 000291.783, 170
Trd, 000292.450, 166
Trd, 000292.817, 190
Trd, 000293.817, 170
Trd, 000294.017, 177
Trd, 000295.050, 168
Trd, 000295.500, 178
Trd, 000295.550, 180
Trd, 000295.867, 170
Trd, 000296.200, 168
Trd, 000296.700, 178
Trd, 000296.750, 180
Trd, 000297.000, 191
Trd, 000297.050, 192
Trd, 000297.133, 173
Trd, 000297.717, 194
Trd, 000297.800, 195
Trd, 000297.917, 172
Trd, 000298.050, 201
Trd, 000298.150, 167
Trd, 000299.233, 185
Trd, 000299.700, 186
