Trd, 000001.967, 182
Trd, 000002.250, 172
Trd, 000002.483, 143
Trd, 000002.717, 137
Trd, 000003.167, 165
Trd, 000003.833, 137
Trd, 000004.250, 175
Trd, 000004.367, 167
Trd, 000004.650, 140
Trd, 000004.767, 139
Trd, 000005.850, 138
Trd, 000005.933, 138
Trd, 000006.267, 158
Trd, 000006.617, 141
Trd, 000006.667, 139
Trd, 000006.850, 166
Trd, 000007.467, 128
Trd, 000007.517, 131
Trd, 000008.233, 156
Trd, 000008.933, 173
Trd, 000011.100, 148
Trd, 000011.767, 150
Trd, 000011.817, 147
Trd, 000011.883, 147
Trd, 000012.000, 146
Trd, 000012.633, 148
Trd, 000013.067, 145
Trd, 000013.550, 148
Trd, 000013.783, 147
Trd, 000014.150, 162
Trd, 000015.467, 145
Trd, 000016.000, 159
Trd, 000016.483, 145
Trd, 000017.117, 137
Trd, 000017.200, 151
Trd, 000017.917, 151
Trd, 000017.983, 152
Trd, 000018.283, 127
Trd, 000019.467, 163
Trd, 000019.767, 157
Trd, 000019.783, 149
Trd, 000019.867, 163
Trd, 000020.367, 149
Trd, 000021.867, 157
Trd, 000022.050, 154
Trd, 000022.933, 153
Trd, 000023.033, 153
Trd, 000023.283, 149
Trd, 000024.100, 154
Trd, 000024.383, 124
Trd, 000024.567, 147
Trd, 000025.250, 125
Trd, 000025.633, 129
Trd, 000025.917, 130
Trd, 000026.450, 126
Trd, 000027.450, 142
Trd, 000028.633, 156
Trd, 000028.983, 143
Trd, 000029.200, 156
Trd, 000030.267, 137
Trd, 000030.500, 140
Trd, 000030.583, 136
Trd, 000030.700, 145
Trd, 000030.817, 157
Trd, 000031.617, 138
Trd, 000031.900, 158
Trd, 000032.600, 142
Trd, 000032.717, 141
Trd, 000033.267, 148
Trd, 000034.433, 148
Trd, 000034.650, 149
Trd, 000035.350, 147
Trd, 000035.717, 148
Trd, 000035.950, 146
Trd, 000036.000, 151
Trd, 000036.833, 157
Trd, 000036.983, 145
Trd, 000037.650, 144
Trd, 000037.667, 139
Trd, 000038.217, 144
Trd, 000038.417, 125
Trd, 000040.067, 139
Trd, 000040.250, 144
Trd, 000040.667, 143
Trd, 000040.967, 144
Trd, 000041.067, 145
Trd, 000041.567, 152
Trd, 000041.917, 166
Trd, 000042.100, 159
Trd, 000042.450, 152
Trd, 000042.533, 151
Trd, 000043.167, 153
Trd, 000043.800, 152
Trd, 000043.933, 154
Trd, 000044.117, 154
Trd, 000044.650, 155
Trd, 000045.000, 145
Trd, 000046.533, 149
Trd, 000046.833, 150
Trd, 000048.617, 149
Trd, 000049.100, 152
Trd, 000049.333, 150
Trd, 000049.683, 148
Trd, 000049.950, 150
Trd, 000050.383, 152
Trd, 000050.933, 148
Trd, 000051.000, 153
Trd, 000051.233, 148
Trd, 000051.717, 148
Trd, 000052.250, 160
Trd, 000052.433, 166
Trd, 000052.883, 141
Trd, 000053.967, 157
Trd, 000054.133, 159
Trd, 000054.233, 154
Trd, 000054.733, 157
Trd, 000055.433, 167
Trd, 000056.533, 159
Trd, 000057.317, 161
Trd, 000057.333, 167
Trd, 000057.850, 161
Trd, 000058.500, 162
Trd, 000058.933, 162
Trd, 000059.233, 163
Trd, 000059.383, 153
Trd, 000059.517, 166
Trd, 000059.550, 168
Trd, 000059.650, 173
Trd, 000061.233, 160
Trd, 000061.533, 159
Trd, 000061.967, 166
Trd, 000062.400, 157
Trd, 000062.867, 167
Trd, 000063.367, 166
Trd, 000064.317, 143
Trd, 000064.900, 142
Trd, 000065.017, 146
Trd, 000065.150, 132
Trd, 000065.467, 147
Trd, 000065.950, 147
Trd, 000066.483, 148
Trd, 000066.767, 148
Trd, 000067.017, 147
Trd, 000068.050, 151
Trd, 000068.350, 145
Trd, 000068.683, 154
Trd, 000069.867, 147
Trd, 000070.967, 147
Trd, 000071.117, 153
Trd, 000071.367, 153
Trd, 000071.667, 154
Trd, 000072.200, 155
Trd, 000072.417, 150
Trd, 000074.350, 157
Trd, 000074.583, 153
Trd, 000074.650, 153
Trd, 000075.267, 154
Trd, 000075.300, 155
Trd, 000075.383, 153
Trd, 000075.883, 152
Trd, 000076.717, 155
Trd, 000077.400, 156
Trd, 000077.783, 156
Trd, 000077.800, 157
Trd, 000078.633, 161
Trd, 000078.650, 155
Trd, 000079.200, 157
Trd, 000079.433, 153
Trd, 000079.533, 168
Trd, 000079.883, 169
Trd, 000080.950, 165
Trd, 000081.250, 155
Trd, 000081.717, 144
Trd, 000082.267, 145
Trd, 000082.533, 161
Trd, 000083.167, 156
Trd, 000083.317, 163
Trd, 000083.583, 148
Trd, 000085.267, 149
Trd, 000085.717, 155
Trd, 000085.833, 149
Trd, 000086.000, 144
Trd, 000086.183, 155
Trd, 000086.567, 147
Trd, 000087.233, 153
Trd, 000087.800, 146
Trd, 000089.300, 153
Trd, 000090.383, 152
Trd, 000090.700, 152
Trd, 000091.333, 156
Trd, 000091.450, 157
Trd, 000092.033, 153
Trd, 000092.150, 150
Trd, 000092.183, 157
Trd, 000092.650, 142
Trd, 000093.033, 136
Trd, 000093.133, 135
Trd, 000093.217, 164
Trd, 000096.167, 147
Trd, 000096.750, 147
Trd, 000098.300, 149
Trd, 000098.467, 148
Trd, 000098.517, 153
Trd, 000098.683, 153
Trd, 000099.200, 151
Trd, 000100.183, 150
Trd, 000100.533, 152
Trd, 000100.650, 149
Trd, 000100.817, 147
Trd, 000101.183, 146
Trd, 000101.333, 147
Trd, 000101.600, 162
Trd, 000101.867, 165
Trd, 000102.367, 167
Trd, 000104.217, 169
Trd, 000104.850, 165
Trd, 000105.700, 168
Trd, 000105.900, 161
Trd, 000105.933, 153
Trd, 000106.200, 165
Trd, 000106.383, 145
Trd, 000107.133, 160
Trd, 000107.917, 153
Trd, 000108.700, 154
Trd, 000108.917, 155
Trd, 000110.150, 157
Trd, 000110.917, 158
Trd, 000111.217, 158
Trd, 000111.350, 166
Trd, 000111.467, 155
Trd, 000111.700, 177
Trd, 000113.900, 160
Trd, 000114.667, 160
Trd, 000115.100, 159
Trd, 000115.233, 160
Trd, 000115.283, 159
Trd, 000115.367, 155
Trd, 000115.533, 160
Trd, 000115.667, 155
Trd, 000116.167, 160
Trd, 000117.033, 154
Trd, 000118.817, 155
Trd, 000119.183, 159
Trd, 000119.850, 157
Trd, 000120.100, 158
Trd, 000120.400, 156
Trd, 000120.700, 155
Trd, 000120.917, 158
Trd, 000121.067, 158
Trd, 000121.117, 153
Trd, 000122.017, 148
Trd, 000122.067, 161
Trd, 000122.117, 162
Trd, 000123.033, 167
Trd, 000123.417, 174
Trd, 000123.550, 152
Trd, 000123.700, 151
Trd, 000124.367, 141
Trd, 000125.133, 190
Trd, 000125.217, 155
Trd, 000126.633, 167
Trd, 000127.417, 159
Trd, 000127.917, 157
Trd, 000128.400, 167
Trd, 000128.950, 156
Trd, 000129.767, 161
Trd, 000129.817, 162
Trd, 000130.217, 159
Trd, 000130.917, 157
Trd, 000131.383, 161
Trd, 000131.917, 149
Trd, 000132.283, 160
Trd, 000132.367, 161
Trd, 000132.883, 150
Trd, 000133.717, 141
Trd, 000134.333, 162
Trd, 000134.417, 141
Trd, 000136.300, 157
Trd, 000136.367, 147
Trd, 000136.750, 150
Trd, 000136.967, 156
Trd, 000138.650, 152
Trd, 000139.250, 151
Trd, 000139.500, 152
Trd, 000139.783, 152
Trd, 000139.967, 162
Trd, 000141.017, 155
Trd, 000141.283, 155
Trd, 000141.500, 157
Trd, 000141.700, 155
Trd, 000141.850, 169
Trd, 000142.233, 159
Trd, 000142.700, 174
Trd, 000143.000, 150
Trd, 000143.500, 179
Trd, 000143.767, 194
Trd, 000145.033, 160
Trd, 000145.150, 151
Trd, 000145.483, 163
Trd, 000146.083, 160
Trd, 000147.317, 161
Trd, 000148.183, 160
Trd, 000148.300, 158
Trd, 000148.600, 161
Trd, 000149.717, 158
Trd, 000150.683, 158
Trd, 000150.800, 158
Trd, 000151.400, 157
Trd, 000151.533, 159
Trd, 000151.750, 152
Trd, 000152.350, 151
Trd, 000152.567, 163
Trd, 000153.333, 155
Trd, 000153.550, 160
Trd, 000153.667, 155
Trd, 000153.833, 170
Trd, 000155.317, 160
Trd, 000155.700, 162
Trd, 000156.267, 159
Trd, 000156.617, 159
Trd, 000156.917, 158
Trd, 000156.983, 158
Trd, 000157.767, 153
Trd, 000157.983, 158
Trd, 000158.367, 162
Trd, 000158.883, 177
Trd, 000159.433, 154
Trd, 000159.667, 152
Trd, 000159.867, 166
Trd, 000161.250, 164
Trd, 000163.633, 160
Trd, 000164.017, 163
Trd, 000164.217, 164
Trd, 000164.483, 163
Trd, 000164.550, 164
Trd, 000164.767, 162
Trd, 000165.933, 164
Trd, 000166.567, 164
Trd, 000167.300, 163
Trd, 000167.417, 161
Trd, 000167.433, 159
Trd, 000169.000, 153
Trd, 000169.300, 172
Trd, 000169.467, 153
Trd, 000169.517, 174
Trd, 000169.750, 152
Trd, 000169.950, 143
Trd, 000169.967, 177
Trd, 000170.300, 171
Trd, 000171.067, 153
Trd, 000172.067, 152
Trd, 000172.100, 154
Trd, 000172.200, 161
Trd, 000173.150, 160
Trd, 000173.800, 146
Trd, 000174.067, 160
Trd, 000175.083, 153
Trd, 000175.883, 165
Trd, 000175.917, 172
Trd, 000176.350, 154
Trd, 000177.167, 157
Trd, 000179.033, 162
Trd, 000179.433, 161
Trd, 000179.550, 158
Trd, 000180.283, 160
Trd, 000180.517, 162
Trd, 000180.683, 163
Trd, 000181.050, 163
Trd, 000181.117, 161
Trd, 000181.467, 163
Trd, 000181.867, 161
Trd, 000182.467, 162
Trd, 000183.283, 162
Trd, 000183.300, 161
Trd, 000183.767, 154
Trd, 000184.167, 161
Trd, 000184.267, 166
Trd, 000184.283, 146
Trd, 000184.400, 180
Trd, 000184.600, 146
Trd, 000185.583, 161
Trd, 000185.617, 144
Trd, 000186.900, 157
Trd, 000188.400, 159
Trd, 000189.017, 161
Trd, 000189.267, 158
Trd, 000189.500, 160
Trd, 000189.717, 172
Trd, 000190.333, 162
Trd, 000190.767, 163
Trd, 000190.883, 162
Trd, 000191.033, 172
Trd, 000191.400, 163
Trd, 000192.817, 165
Trd, 000193.300, 166
Trd, 000193.883, 165
Trd, 000193.933, 167
Trd, 000193.967, 163
Trd, 000194.300, 156
Trd, 000194.767, 154
Trd, 000195.300, 158
Trd, 000195.883, 164
Trd, 000196.133, 166
Trd, 000196.533, 174
Trd, 000197.117, 182
Trd, 000197.217, 185
Trd, 000199.483, 182
Trd, 000199.900, 181
Trd, 000200.067, 190
Trd, 000200.400, 180
Trd, 000200.783, 178
Trd, 000201.483, 181
Trd, 000201.950, 156
Trd, 000202.100, 162
Trd, 000202.983, 169
Trd, 000203.117, 168
Trd, 000203.483, 173
Trd, 000203.517, 155
Trd, 000203.733, 168
Trd, 000203.750, 175
Trd, 000204.450, 145
Trd, 000204.850, 165
Trd, 000205.567, 164
Trd, 000206.333, 164
Trd, 000206.350, 163
Trd, 000206.867, 168
Trd, 000207.183, 170
Trd, 000207.567, 175
Trd, 000207.933, 169
Trd, 000208.400, 159
Trd, 000209.283, 167
Trd, 000209.583, 157
Trd, 000209.767, 170
Trd, 000210.900, 162
Trd, 000211.583, 169
Trd, 000212.150, 170
Trd, 000212.267, 164
Trd, 000212.367, 161
Trd, 000213.033, 161
Trd, 000213.217, 167
Trd, 000214.700, 159
Trd, 000215.367, 164
Trd, 000215.500, 166
Trd, 000215.517, 161
Trd, 000215.583, 169
Trd, 000215.967, 169
Trd, 000216.083, 176
Trd, 000217.183, 160
Trd, 000217.467, 160
Trd, 000218.717, 164
Trd, 000218.983, 173
Trd, 000219.783, 174
Trd, 000220.083, 180
Trd, 000220.300, 177
Trd, 000221.250, 174
Trd, 000221.367, 174
Trd, 000222.133, 173
Trd, 000222.483, 173
Trd, 000222.533, 174
Trd, 000222.550, 175
Trd, 000223.567, 167
Trd, 000223.650, 166
Trd, 000224.533, 173
Trd, 000225.967, 170
Trd, 000226.483, 168
Trd, 000226.633, 172
Trd, 000226.817, 170
Trd, 000227.633, 165
Trd, 000227.883, 171
Trd, 000228.550, 168
Trd, 000229.800, 162
Trd, 000230.683, 169
Trd, 000230.917, 169
Trd, 000232.183, 166
Trd, 000232.367, 165
Trd, 000232.867, 169
Trd, 000233.417, 167
Trd, 000234.417, 169
Trd, 000234.767, 167
Trd, 000235.267, 171
Trd, 000235.383, 164
Trd, 000236.250, 170
Trd, 000236.750, 181
Trd, 000237.267, 175
Trd, 000237.833, 182
Trd, 000238.267, 181
Trd, 000238.450, 184
Trd, 000238.767, 179
Trd, 000238.783, 175
Trd, 000238.900, 185
Trd, 000239.950, 178
Trd, 000240.050, 177
Trd, 000240.367, 162
Trd, 000240.750, 167
Trd, 000241.000, 169
Trd, 000241.183, 169
Trd, 000241.450, 170
Trd, 000242.133, 170
Trd, 000242.850, 169
Trd, 000242.933, 168
Trd, 000243.083, 171
Trd, 000243.933, 165
Trd, 000244.283, 170
Trd, 000244.750, 171
Trd, 000245.483, 168
Trd, 000245.883, 169
Trd, 000246.183, 170
Trd, 000246.283, 172
Trd, 000246.983, 171
Trd, 000247.000, 172
Trd, 000247.050, 168
Trd, 000247.833, 172
Trd, 000248.800, 174
Trd, 000248.833, 175
Trd, 000249.100, 176
Trd, 000249.983, 175
Trd, 000250.067, 176
Trd, 000250.583, 175
Trd, 000251.000, 175
Trd, 000251.050, 176
Trd, 000251.283, 173
Trd, 000251.300, 172
Trd, 000252.067, 164
Trd, 000252.717, 169
Trd, 000253.200, 172
Trd, 000253.783, 176
Trd, 000254.183, 176
Trd, 000254.250, 177
Trd, 000254.583, 174
Trd, 000255.233, 173
Trd, 000255.667, 172
Trd, 000256.083, 171
Trd, 000256.167, 172
Trd, 000256.467, 168
Trd, 000256.883, 172
Trd, 000257.017, 172
Trd, 000257.033, 177
Trd, 000257.517, 162
Trd, 000258.433, 176
Trd, 000259.633, 176
Trd, 000260.000, 174
Trd, 000260.383, 173
Trd, 000260.467, 176
Trd, 000260.617, 174
Trd, 000260.850, 177
Trd, 000261.083, 178
Trd, 000261.800, 181
Trd, 000261.967, 185
Trd, 000262.033, 184
Trd, 000262.717, 181
Trd, 000262.867, 183
Trd, 000263.767, 184
Trd, 000264.017, 186
Trd, 000264.267, 188
Trd, 000264.933, 184
Trd, 000265.633, 184
Trd, 000265.683, 184
Trd, 000265.833, 184
Trd, 000265.933, 180
Trd, 000265.983, 185
Trd, 000266.117, 177
Trd, 000266.217, 173
Trd, 000267.133, 183
Trd, 000267.467, 171
Trd, 000267.583, 182
Trd, 000268.233, 180
Trd, 000268.450, 183
Trd, 000268.650, 175
Trd, 000269.617, 180
Trd, 000269.767, 183
Trd, 000270.483, 185
Trd, 000270.733, 182
Trd, 000270.817, 174
Trd, 000271.183, 177
Trd, 000271.650, 164
Trd, 000271.700, 178
Trd, 000272.683, 166
Trd, 000272.817, 177
Trd, 000272.833, 165
Trd, 000273.267, 175
Trd, 000273.450, 169
Trd, 000273.483, 171
Trd, 000274.700, 170
Trd, 000275.600, 173
Trd, 000275.617, 171
Trd, 000275.667, 169
Trd, 000275.883, 172
Trd, 000276.417, 175
Trd, 000276.500, 168
Trd, 000276.733, 199
Trd, 000278.333, 171
Trd, 000278.367, 169
Trd, 000279.000, 175
Trd, 000279.567, 170
Trd, 000279.617, 169
Trd, 000279.900, 172
Trd, 000280.717, 173
Trd, 000281.017, 173
Trd, 000281.167, 176
Trd, 000281.367, 183
Trd, 000281.767, 173
Trd, 000282.233, 172
Trd, 000283.017, 177
Trd, 000283.300, 180
Trd, 000283.350, 180
Trd, 000283.400, 178
Trd, 000283.717, 179
Trd, 000284.167, 169
Trd, 000285.500, 184
Trd, 000285.583, 183
Trd, 000285.733, 185
Trd, 000285.833, 175
Trd, 000285.900, 175
Trd, 000286.500, 172
Trd, 000286.867, 165
Trd, 000286.917, 173
Trd, 000286.950, 164
Trd, 000287.417, 165
Trd, 000287.883, 176
Trd, 000288.117, 180
Trd, 000288.467, 168
Trd, 000288.750, 173
Trd, 000289.350, 177
Trd, 000289.483, 165
Trd, 000290.433, 177
Trd, 000290.967, 171
Trd, 000291.233, 171
Trd, 000291.433, 172
Trd, 000291.467, 167
Trd, 000291.733, 176
Trd, 000291.900, 184
Trd, 000292.433, 190
Trd, 000292.967, 191
Trd, 000293.117, 197
Trd, 000293.133, 178
Trd, 000293.350, 179
Trd, 000294.333, 177
Trd, 000294.533, 184
Trd, 000294.717, 176
Trd, 000294.950, 166
Trd, 000295.133, 183
Trd, 000295.350, 184
Trd, 000295.417, 165
Trd, 000295.700, 179
Trd, 000295.733, 163
Trd, 000296.083, 192
Trd, 000296.300, 188
Trd, 000296.800, 196
Trd, 000297.183, 186
Trd, 000297.317, 185
Trd, 000298.667, 183
Trd, 000298.967, 186
Trd, 000299.500, 181
Trd, 000299.600, 186
Trd, 000299.867, 191
Trd, 000299.900, 192
