Trd, 000001.167, 130
Trd, 000002.017, 134
Trd, 000002.350, 161
Trd, 000003.150, 161
Trd, 000003.417, 133
Trd, 000003.567, 159
Trd, 000003.633, 160
Trd, 000004.483, 137
Trd, 000005.767, 149
Trd, 000005.833, 148
Trd, 000006.800, 147
Trd, 000006.967, 146
Trd, 000007.667, 142
Trd, 000007.867, 151
Trd, 000008.883, 148
Trd, 000009.083, 149
Trd, 000009.150, 152
Trd, 000010.000, 152
Trd, 000010.183, 148
Trd, 000010.633, 145
Trd, 000010.767, 156
Trd, 000012.250, 155
Trd, 000012.317, 155
Trd, 000012.500, 156
Trd, 000012.767, 157
Trd, 000012.967, 152
Trd, 000014.683, 154
Trd, 000015.567, 153
Trd, 000015.600, 155
Trd, 000015.983, 153
Trd, 000016.417, 152
Trd, 000016.483, 151
Trd, 000016.650, 156
Trd, 000017.267, 152
Trd, 000018.267, 156
Trd, 000019.233, 156
Trd, 000019.517, 156
Trd, 000019.567, 157
Trd, 000020.633, 156
Trd, 000021.217, 157
Trd, 000021.700, 154
Trd, 000021.917, 157
Trd, 000022.583, 145
Trd, 000022.933, 149
Trd, 000023.750, 150
Trd, 000023.900, 151
Trd, 000024.167, 148
Trd, 000025.067, 147
Trd, 000025.900, 146
Trd, 000026.117, 145
Trd, 000027.117, 146
Trd, 000028.250, 147
Trd, 000028.700, 148
Trd, 000028.783, 151
Trd, 000029.250, 151
Trd, 000029.733, 146
Trd, 000030.100, 146
Trd, 000030.467, 147
Trd, 000031.433, 151
Trd, 000031.500, 159
Trd, 000031.683, 160
Trd, 000032.367, 149
Trd, 000032.433, 158
Trd, 000032.500, 149
Trd, 000034.333, 156
Trd, 000034.633, 154
Trd, 000034.767, 155
Trd, 000035.067, 158
Trd, 000035.833, 153
Trd, 000036.050, 151
Trd, 000036.117, 154
Trd, 000036.900, 154
Trd, 000037.267, 154
Trd, 000037.633, 155
Trd, 000037.867, 154
Trd, 000038.150, 161
Trd, 000039.183, 158
Trd, 000039.417, 153
Trd, 000039.867, 153
Trd, 000040.550, 157
Trd, 000041.600, 154
Trd, 000041.733, 151
Trd, 000041.767, 151
Trd, 000041.967, 149
Trd, 000043.200, 153
Trd, 000043.250, 154
Trd, 000044.750, 155
Trd, 000045.400, 155
Trd, 000045.417, 156
Trd, 000046.133, 159
Trd, 000046.717, 162
Trd, 000046.950, 155
Trd, 000048.450, 158
Trd, 000048.750, 159
Trd, 000048.833, 159
Trd, 000048.900, 161
Trd, 000050.033, 160
Trd, 000050.233, 162
Trd, 000050.317, 160
Trd, 000050.650, 159
Trd, 000051.283, 157
Trd, 000051.650, 159
Trd, 000052.633, 156
Trd, 000053.617, 153
Trd, 000054.383, 152
Trd, 000054.883, 152
Trd, 000055.300, 153
Trd, 000055.533, 153
Trd, 000057.583, 151
Trd, 000057.900, 152
Trd, 000058.083, 159
Trd, 000058.967, 153
Trd, 000059.400, 167
Trd, 000060.183, 161
Trd, 000060.567, 162
Trd, 000061.283, 163
Trd, 000061.917, 164
Trd, 000062.433, 164
Trd, 000062.983, 163
Trd, 000064.217, 165
Trd, 000064.300, 165
Trd, 000064.350, 165
Trd, 000064.483, 164
Trd, 000065.017, 161
Trd, 000065.217, 162
Trd, 000065.417, 162
Trd, 000065.733, 164
Trd, 000066.600, 162
Trd, 000066.750, 162
Trd, 000068.050, 162
Trd, 000068.200, 159
Trd, 000068.617, 158
Trd, 000069.717, 159
Trd, 000069.800, 160
Trd, 000070.000, 157
Trd, 000070.867, 151
Trd, 000070.900, 162
Trd, 000071.950, 164
Trd, 000073.467, 159
Trd, 000073.800, 158
Trd, 000074.083, 159
Trd, 000074.400, 158
Trd, 000074.600, 160
Trd, 000074.667, 159
Trd, 000075.383, 158
Trd, 000076.533, 158
Trd, 000076.833, 159
Trd, 000076.883, 157
Trd, 000077.467, 155
Trd, 000078.083, 155
Trd, 000078.933, 154
Trd, 000079.433, 158
Trd, 000079.783, 153
Trd, 000081.650, 156
Trd, 000081.717, 159
Trd, 000081.883, 160
Trd, 000082.617, 157
Trd, 000082.717, 155
Trd, 000083.217, 157
Trd, 000083.550, 155
Trd, 000083.867, 154
Trd, 000084.417, 151
Trd, 000084.917, 150
Trd, 000085.550, 150
Trd, 000086.167, 156
Trd, 000086.333, 156
Trd, 000087.867, 153
Trd, 000088.333, 151
Trd, 000088.733, 150
Trd, 000089.083, 152
Trd, 000089.550, 151
Trd, 000089.783, 163
Trd, 000089.850, 150
Trd, 000089.983, 149
Trd, 000090.533, 150
Trd, 000090.600, 153
Trd, 000091.283, 158
Trd, 000091.467, 158
Trd, 000092.417, 150
Trd, 000093.000, 150
Trd, 000093.850, 157
Trd, 000094.617, 157
Trd, 000095.100, 158
Trd, 000095.633, 153
Trd, 000095.733, 152
Trd, 000096.000, 157
Trd, 000096.700, 157
Trd, 000097.100, 164
Trd, 000097.167, 159
Trd, 000097.567, 161
Trd, 000098.150, 159
Trd, 000098.583, 169
Trd, 000099.133, 165
Trd, 000100.150, 162
Trd, 000100.217, 160
Trd, 000100.400, 159
Trd, 000100.667, 162
Trd, 000100.717, 163
Trd, 000101.033, 159
Trd, 000101.150, 168
Trd, 000102.600, 158
Trd, 000103.033, 165
Trd, 000103.167, 154
Trd, 000103.700, 155
Trd, 000104.067, 153
Trd, 000104.667, 158
Trd, 000106.050, 151
Trd, 000106.300, 141
Trd, 000106.333, 134
Trd, 000106.433, 152
Trd, 000108.617, 148
Trd, 000108.867, 149
Trd, 000109.517, 149
Trd, 000109.700, 151
Trd, 000110.333, 151
Trd, 000110.667, 152
Trd, 000110.750, 150
Trd, 000111.850, 152
Trd, 000112.433, 152
Trd, 000112.483, 154
Trd, 000113.167, 159
Trd, 000113.467, 150
Trd, 000114.433, 157
Trd, 000115.500, 159
Trd, 000115.783, 159
Trd, 000116.317, 158
Trd, 000116.467, 159
Trd, 000116.483, 161
Trd, 000117.133, 159
Trd, 000117.450, 159
Trd, 000117.733, 157
Trd, 000118.250, 163
Trd, 000119.167, 157
Trd, 000120.750, 160
Trd, 000121.300, 159
Trd, 000122.267, 159
Trd, 000122.967, 160
Trd, 000123.133, 162
Trd, 000123.217, 155
Trd, 000123.633, 154
Trd, 000123.917, 160
Trd, 000124.583, 153
Trd, 000124.850, 161
Trd, 000125.367, 158
Trd, 000127.717, 164
Trd, 000127.900, 171
Trd, 000128.317, 162
Trd, 000128.667, 173
Trd, 000128.967, 170
Trd, 000129.500, 168
Trd, 000130.783, 163
Trd, 000131.300, 168
Trd, 000131.483, 163
Trd, 000131.533, 162
Trd, 000132.783, 164
Trd, 000133.100, 166
Trd, 000133.133, 164
Trd, 000134.500, 162
Trd, 000134.583, 161
Trd, 000135.967, 160
Trd, 000136.450, 162
Trd, 000136.717, 161
Trd, 000136.850, 159
Trd, 000137.300, 158
Trd, 000137.417, 159
Trd, 000138.200, 161
Trd, 000138.317, 158
Trd, 000140.217, 162
Trd, 000140.350, 161
Trd, 000141.683, 164
Trd, 000141.733, 162
Trd, 000142.200, 164
Trd, 000143.100, 162
Trd, 000143.367, 163
Trd, 000144.100, 162
Trd, 000144.117, 159
Trd, 000144.367, 163
Trd, 000144.533, 165
Trd, 000144.933, 160
Trd, 000145.167, 166
Trd, 000145.383, 168
Trd, 000146.700, 157
Trd, 000148.133, 165
Trd, 000148.217, 165
Trd, 000148.417, 163
Trd, 000148.550, 163
Trd, 000148.817, 156
Trd, 000149.567, 164
Trd, 000150.700, 170
Trd, 000151.850, 167
Trd, 000151.917, 168
Trd, 000152.033, 167
Trd, 000152.117, 167
Trd, 000152.283, 170
Trd, 000153.617, 170
Trd, 000153.983, 170
Trd, 000154.083, 169
Trd, 000154.200, 170
Trd, 000154.500, 168
Trd, 000154.550, 168
Trd, 000155.067, 171
Trd, 000156.867, 168
Trd, 000156.917, 172
Trd, 000157.350, 172
Trd, 000157.483, 169
Trd, 000158.517, 167
Trd, 000159.783, 171
Trd, 000160.167, 170
Trd, 000160.500, 170
Trd, 000160.583, 168
Trd, 000161.917, 169
Trd, 000162.333, 169
Trd, 000163.100, 170
Trd, 000163.400, 172
Trd, 000163.417, 169
Trd, 000163.617, 160
Trd, 000164.000, 162
Trd, 000164.067, 159
Trd, 000164.317, 178
Trd, 000165.133, 158
Trd, 000166.400, 161
Trd, 000166.967, 159
Trd, 000167.033, 168
Trd, 000167.167, 143
Trd, 000167.583, 155
Trd, 000167.700, 158
Trd, 000169.683, 161
Trd, 000170.600, 158
Trd, 000170.633, 149
Trd, 000171.317, 164
Trd, 000171.517, 165
Trd, 000172.317, 166
Trd, 000172.400, 165
Trd, 000173.100, 166
Trd, 000173.383, 165
Trd, 000174.450, 166
Trd, 000175.483, 167
Trd, 000175.650, 164
Trd, 000176.750, 166
Trd, 000177.350, 169
Trd, 000177.867, 167
Trd, 000178.050, 166
Trd, 000178.683, 166
Trd, 000179.517, 166
Trd, 000179.700, 166
Trd, 000179.867, 163
Trd, 000180.017, 167
Trd, 000180.900, 166
Trd, 000181.300, 168
Trd, 000182.400, 173
Trd, 000182.817, 172
Trd, 000182.883, 171
Trd, 000183.700, 163
Trd, 000184.033, 161
Trd, 000184.733, 161
Trd, 000185.517, 161
Trd, 000185.717, 160
Trd, 000186.050, 162
Trd, 000186.150, 159
Trd, 000186.350, 167
Trd, 000186.733, 159
Trd, 000186.967, 167
Trd, 000188.667, 165
Trd, 000188.933, 166
Trd, 000189.433, 171
Trd, 000189.550, 169
Trd, 000190.067, 162
Trd, 000191.233, 166
Trd, 000191.900, 168
Trd, 000192.133, 167
Trd, 000192.433, 167
Trd, 000193.517, 168
Trd, 000194.233, 169
Trd, 000194.333, 168
Trd, 000194.500, 169
Trd, 000195.017, 174
Trd, 000195.533, 174
Trd, 000195.733, 169
Trd, 000196.350, 170
Trd, 000196.517, 167
Trd, 000198.617, 166
Trd, 000199.567, 166
Trd, 000199.783, 167
Trd, 000200.067, 169
Trd, 000200.683, 169
Trd, 000201.200, 169
Trd, 000201.250, 168
Trd, 000201.917, 170
Trd, 000202.183, 168
Trd, 000202.567, 166
Trd, 000202.750, 175
Trd, 000202.967, 178
Trd, 000204.283, 176
Trd, 000204.667, 167
Trd, 000206.033, 173
Trd, 000206.333, 172
Trd, 000206.417, 175
Trd, 000207.433, 172
Trd, 000208.567, 175
Trd, 000208.850, 173
Trd, 000209.033, 172
Trd, 000209.917, 172
Trd, 000210.867, 172
Trd, 000211.217, 171
Trd, 000211.417, 171
Trd, 000211.550, 170
Trd, 000212.283, 164
Trd, 000212.617, 171
Trd, 000212.650, 165
Trd, 000213.817, 164
Trd, 000215.083, 163
Trd, 000215.700, 169
Trd, 000215.883, 170
Trd, 000216.967, 164
Trd, 000217.200, 164
Trd, 000217.367, 168
Trd, 000217.933, 167
Trd, 000218.250, 168
Trd, 000219.117, 167
Trd, 000219.317, 165
Trd, 000219.367, 171
Trd, 000220.717, 170
Trd, 000220.883, 170
Trd, 000220.967, 169
Trd, 000221.150, 171
Trd, 000221.500, 171
Trd, 000222.317, 164
Trd, 000222.733, 170
Trd, 000222.967, 170
Trd, 000223.350, 171
Trd, 000223.783, 171
Trd, 000224.433, 172
Trd, 000224.617, 168
Trd, 000225.100, 168
Trd, 000225.217, 172
Trd, 000225.350, 167
Trd, 000225.383, 163
Trd, 000225.750, 164
Trd, 000227.150, 163
Trd, 000227.300, 164
Trd, 000228.650, 164
Trd, 000229.100, 163
Trd, 000229.533, 164
Trd, 000229.700, 171
Trd, 000229.733, 181
Trd, 000230.883, 163
Trd, 000230.933, 164
Trd, 000231.367, 162
Trd, 000231.733, 173
Trd, 000232.600, 162
Trd, 000232.900, 173
Trd, 000234.150, 163
Trd, 000234.533, 184
Trd, 000234.783, 185
Trd, 000235.717, 171
Trd, 000237.300, 177
Trd, 000237.417, 176
Trd, 000237.567, 179
Trd, 000238.600, 181
Trd, 000239.450, 179
Trd, 000239.517, 177
Trd, 000239.700, 175
Trd, 000241.267, 173
Trd, 000241.433, 172
Trd, 000241.633, 174
Trd, 000242.167, 172
Trd, 000242.233, 174
Trd, 000242.433, 173
Trd, 000242.517, 171
Trd, 000242.933, 180
Trd, 000243.450, 169
Trd, 000244.050, 170
Trd, 000244.083, 180
Trd, 000244.467, 173
Trd, 000244.867, 181
Trd, 000245.667, 182
Trd, 000246.283, 180
Trd, 000246.517, 181
Trd, 000247.350, 183
Trd, 000247.467, 183
Trd, 000247.700, 186
Trd, 000247.967, 180
Trd, 000248.067, 179
Trd, 000248.500, 189
Trd, 000249.883, 187
Trd, 000250.467, 186
Trd, 000250.800, 186
Trd, 000250.833, 183
Trd, 000251.400, 176
Trd, 000251.500, 185
Trd, 000253.217, 181
Trd, 000253.517, 178
Trd, 000253.633, 177
Trd, 000253.867, 179
Trd, 000254.467, 179
Trd, 000254.933, 181
Trd, 000255.550, 178
Trd, 000255.600, 176
Trd, 000256.333, 178
Trd, 000256.700, 176
Trd, 000257.033, 176
Trd, 000257.350, 178
Trd, 000257.600, 175
Trd, 000257.900, 176
Trd, 000258.400, 178
Trd, 000258.617, 174
Trd, 000259.150, 172
Trd, 000259.517, 174
Trd, 000259.817, 177
Trd, 000260.117, 174
Trd, 000260.150, 177
Trd, 000261.533, 180
Trd, 000261.733, 181
Trd, 000263.250, 178
Trd, 000263.267, 177
Trd, 000263.983, 184
Trd, 000264.800, 182
Trd, 000265.333, 179
Trd, 000265.933, 181
Trd, 000266.217, 180
Trd, 000266.267, 180
Trd, 000266.567, 181
Trd, 000266.917, 182
Trd, 000267.617, 182
Trd, 000267.867, 181
Trd, 000267.933, 180
Trd, 000268.700, 178
Trd, 000269.000, 181
Trd, 000269.517, 182
Trd, 000270.583, 184
Trd, 000271.400, 188
Trd, 000271.467, 184
Trd, 000271.983, 180
Trd, 000272.100, 176
Trd, 000273.750, 181
Trd, 000273.817, 178
Trd, 000274.017, 178
Trd, 000274.150, 177
Trd, 000274.200, 178
Trd, 000274.267, 182
Trd, 000274.500, 182
Trd, 000275.417, 181
Trd, 000276.483, 178
Trd, 000278.233, 182
Trd, 000278.283, 183
Trd, 000278.333, 180
Trd, 000278.483, 186
Trd, 000279.317, 181
Trd, 000279.367, 186
Trd, 000279.933, 180
Trd, 000280.217, 180
Trd, 000280.733, 180
Trd, 000280.933, 187
Trd, 000281.500, 179
Trd, 000281.700, 176
Trd, 000281.817, 187
Trd, 000281.933, 187
Trd, 000282.150, 174
Trd, 000282.417, 174
Trd, 000282.517, 168
Trd, 000283.217, 176
Trd, 000283.867, 174
Trd, 000285.700, 172
Trd, 000285.817, 174
Trd, 000285.900, 173
Trd, 000286.317, 175
Trd, 000286.833, 175
Trd, 000287.083, 176
Trd, 000287.517, 177
Trd, 000287.567, 179
Trd, 000287.917, 174
Trd, 000288.083, 178
Trd, 000288.267, 183
Trd, 000288.633, 173
Trd, 000288.833, 172
Trd, 000289.267, 183
Trd, 000289.567, 174
Trd, 000290.333, 184
Trd, 000290.667, 183
Trd, 000292.000, 180
Trd, 000292.333, 177
Trd, 000292.900, 185
Trd, 000293.483, 186
Trd, 000293.683, 186
Trd, 000294.333, 184
Trd, 000294.367, 182
Trd, 000295.050, 183
Trd, 000295.200, 182
Trd, 000295.433, 181
Trd, 000296.067, 182
Trd, 000296.333, 184
Trd, 000296.433, 187
Trd, 000296.683, 180
Trd, 000297.033, 187
Trd, 000297.683, 185
Trd, 000297.883, 186
Trd, 000298.367, 178
Trd, 000298.833, 178
Trd, 000299.000, 188
