Trd, 000001.083, 137
Trd, 000002.367, 144
Trd, 000002.583, 142
Trd, 000003.583, 134
Trd, 000003.600, 133
Trd, 000003.983, 145
Trd, 000004.067, 146
Trd, 000004.383, 147
Trd, 000004.567, 148
Trd, 000005.067, 145
Trd, 000005.550, 152
Trd, 000005.783, 142
Trd, 000006.117, 156
Trd, 000007.583, 149
Trd, 000007.633, 156
Trd, 000008.983, 147
Trd, 000009.200, 148
Trd, 000009.383, 147
Trd, 000009.900, 149
Trd, 000010.033, 147
Trd, 000010.267, 159
Trd, 000010.333, 150
Trd, 000010.650, 145
Trd, 000011.217, 145
Trd, 000011.350, 154
Trd, 000011.917, 154
Trd, 000012.150, 149
Trd, 000012.817, 153
Trd, 000014.033, 138
Trd, 000014.167, 142
Trd, 000014.383, 130
Trd, 000014.500, 138
Trd, 000015.350, 143
Trd, 000017.050, 155
Trd, 000017.650, 146
Trd, 000018.167, 146
Trd, 000018.517, 144
Trd, 000019.117, 148
Trd, 000019.250, 145
Trd, 000020.533, 148
Trd, 000020.683, 147
Trd, 000020.800, 148
Trd, 000021.000, 147
Trd, 000021.167, 149
Trd, 000021.433, 150
Trd, 000021.483, 157
Trd, 000022.450, 146
Trd, 000024.267, 139
Trd, 000024.600, 146
Trd, 000024.650, 147
Trd, 000025.367, 147
Trd, 000025.767, 149
Trd, 000026.300, 148
Trd, 000026.550, 142
Trd, 000026.933, 147
Trd, 000027.917, 148
Trd, 000027.950, 149
Trd, 000028.633, 150
Trd, 000028.750, 151
Trd, 000029.067, 145
Trd, 000030.033, 151
Trd, 000030.350, 151
Trd, 000031.050, 151
Trd, 000031.783, 152
Trd, 000032.400, 151
Trd, 000033.517, 150
Trd, 000033.617, 152
Trd, 000034.033, 152
Trd, 000034.433, 154
Trd, 000034.700, 155
Trd, 000036.033, 158
Trd, 000036.050, 157
Trd, 000036.717, 163
Trd, 000036.800, 164
Trd, 000036.867, 156
Trd, 000036.967, 155
Trd, 000037.417, 154
Trd, 000037.467, 163
Trd, 000038.000, 162
Trd, 000038.650, 152
Trd, 000038.750, 148
Trd, 000040.067, 147
Trd, 000040.700, 146
Trd, 000041.750, 146
Trd, 000041.817, 147
Trd, 000042.350, 141
Trd, 000042.417, 135
Trd, 000042.617, 145
Trd, 000043.350, 162
Trd, 000043.483, 148
Trd, 000043.600, 148
Trd, 000043.867, 163
Trd, 000044.767, 148
Trd, 000045.117, 147
Trd, 000045.450, 151
Trd, 000046.733, 132
Trd, 000047.667, 137
Trd, 000047.833, 132
Trd, 000048.000, 139
Trd, 000048.100, 131
Trd, 000048.567, 138
Trd, 000048.583, 139
Trd, 000048.667, 142
Trd, 000050.183, 160
Trd, 000050.533, 153
Trd, 000051.267, 133
Trd, 000051.600, 146
Trd, 000052.317, 146
Trd, 000052.783, 137
Trd, 000052.950, 137
Trd, 000053.233, 160
Trd, 000054.467, 142
Trd, 000054.900, 142
Trd, 000055.733, 141
Trd, 000055.850, 142
Trd, 000056.417, 141
Trd, 000056.667, 146
Trd, 000057.517, 141
Trd, 000057.800, 150
Trd, 000058.317, 151
Trd, 000058.383, 154
Trd, 000059.550, 161
Trd, 000059.850, 161
Trd, 000060.017, 162
Trd, 000060.183, 152
Trd, 000060.467, 151
Trd, 000060.900, 168
Trd, 000061.567, 176
Trd, 000061.800, 175
Trd, 000062.233, 153
Trd, 000062.883, 133
Trd, 000063.550, 143
Trd, 000064.350, 151
Trd, 000064.450, 151
Trd, 000064.800, 154
Trd, 000065.183, 154
Trd, 000065.333, 164
Trd, 000065.700, 162
Trd, 000065.783, 163
Trd, 000066.533, 164
Trd, 000066.833, 157
Trd, 000067.183, 155
Trd, 000067.550, 162
Trd, 000067.800, 150
Trd, 000068.400, 164
Trd, 000069.283, 158
Trd, 000069.417, 164
Trd, 000071.783, 161
Trd, 000072.617, 161
Trd, 000072.717, 162
Trd, 000073.867, 160
Trd, 000074.133, 159
Trd, 000074.233, 158
Trd, 000074.367, 156
Trd, 000075.167, 151
Trd, 000075.367, 154
Trd, 000075.550, 154
Trd, 000075.567, 155
Trd, 000076.250, 148
Trd, 000076.967, 147
Trd, 000077.117, 139
Trd, 000077.333, 125
Trd, 000078.133, 130
Trd, 000078.783, 142
Trd, 000079.583, 143
Trd, 000080.200, 140
Trd, 000080.317, 142
Trd, 000080.450, 145
Trd, 000081.533, 149
Trd, 000081.650, 156
Trd, 000082.683, 149
Trd, 000083.033, 151
Trd, 000083.150, 148
Trd, 000084.333, 153
Trd, 000084.750, 152
Trd, 000085.800, 152
Trd, 000085.867, 153
Trd, 000086.650, 153
Trd, 000086.900, 153
Trd, 000087.600, 153
Trd, 000087.783, 152
Trd, 000087.800, 163
Trd, 000088.150, 151
Trd, 000088.467, 166
Trd, 000089.083, 175
Trd, 000089.300, 162
Trd, 000089.867, 170
Trd, 000089.933, 158
Trd, 000090.133, 136
Trd, 000090.633, 167
Trd, 000091.300, 155
Trd, 000092.150, 161
Trd, 000092.517, 157
Trd, 000093.450, 156
Trd, 000094.033, 156
Trd, 000094.200, 157
Trd, 000094.383, 157
Trd, 000094.517, 158
Trd, 000095.150, 159
Trd, 000095.233, 156
Trd, 000096.250, 168
Trd, 000096.567, 155
Trd, 000097.183, 166
Trd, 000098.050, 153
Trd, 000098.350, 162
Trd, 000099.067, 155
Trd, 000099.167, 158
Trd, 000099.450, 158
Trd, 000099.467, 161
Trd, 000099.850, 164
Trd, 000099.867, 165
Trd, 000101.333, 168
Trd, 000102.267, 167
Trd, 000102.667, 167
Trd, 000103.400, 164
Trd, 000103.567, 163
Trd, 000103.867, 166
Trd, 000103.950, 162
Trd, 000104.050, 167
Trd, 000104.433, 160
Trd, 000105.483, 165
Trd, 000107.117, 165
Trd, 000107.317, 164
Trd, 000107.867, 163
Trd, 000108.233, 162
Trd, 000108.617, 162
Trd, 000108.800, 160
Trd, 000109.900, 163
Trd, 000110.650, 163
Trd, 000110.833, 161
Trd, 000111.233, 166
Trd, 000111.583, 160
Trd, 000111.950, 163
Trd, 000112.983, 159
Trd, 000113.317, 162
Trd, 000114.450, 161
Trd, 000114.500, 160
Trd, 000115.317, 166
Trd, 000115.583, 160
Trd, 000115.850, 160
Trd, 000116.117, 159
Trd, 000116.133, 165
Trd, 000116.900, 161
Trd, 000117.817, 160
Trd, 000118.183, 159
Trd, 000119.733, 158
Trd, 000120.150, 157
Trd, 000120.650, 157
Trd, 000120.767, 158
Trd, 000120.850, 156
Trd, 000121.100, 158
Trd, 000122.100, 160
Trd, 000122.383, 167
Trd, 000122.617, 161
Trd, 000122.967, 165
Trd, 000123.350, 160
Trd, 000123.833, 156
Trd, 000123.933, 169
Trd, 000124.300, 169
Trd, 000125.600, 163
Trd, 000127.783, 162
Trd, 000128.350, 163
Trd, 000128.500, 161
Trd, 000128.717, 161
Trd, 000128.733, 160
Trd, 000129.633, 164
Trd, 000129.817, 159
Trd, 000129.850, 162
Trd, 000130.600, 161
Trd, 000130.833, 161
Trd, 000131.150, 162
Trd, 000131.300, 161
Trd, 000133.483, 168
Trd, 000134.333, 165
Trd, 000134.467, 164
Trd, 000134.633, 162
Trd, 000135.083, 161
Trd, 000136.000, 164
Trd, 000136.200, 160
Trd, 000136.400, 158
Trd, 000136.450, 166
Trd, 000137.300, 161
Trd, 000137.683, 171
Trd, 000137.933, 168
Trd, 000138.483, 162
Trd, 000138.833, 168
Trd, 000140.833, 168
Trd, 000141.083, 163
Trd, 000142.167, 164
Trd, 000142.417, 165
Trd, 000142.633, 169
Trd, 000142.900, 171
Trd, 000143.500, 163
Trd, 000143.783, 162
Trd, 000144.150, 171
Trd, 000144.533, 161
Trd, 000145.167, 162
Trd, 000145.267, 161
Trd, 000146.483, 169
Trd, 000147.300, 165
Trd, 000147.833, 166
Trd, 000148.267, 163
Trd, 000148.517, 162
Trd, 000148.533, 163
Trd, 000148.633, 161
Trd, 000148.867, 159
Trd, 000149.383, 160
Trd, 000150.217, 161
Trd, 000151.017, 167
Trd, 000151.400, 163
Trd, 000151.467, 162
Trd, 000151.800, 158
Trd, 000152.400, 167
Trd, 000153.100, 165
Trd, 000153.300, 170
Trd, 000153.350, 173
Trd, 000153.567, 164
Trd, 000154.050, 171
Trd, 000154.800, 175
Trd, 000155.033, 175
Trd, 000155.117, 174
Trd, 000156.033, 168
Trd, 000156.750, 175
Trd, 000157.150, 164
Trd, 000157.733, 184
Trd, 000158.467, 176
Trd, 000158.833, 175
Trd, 000158.950, 179
Trd, 000159.500, 163
Trd, 000159.717, 160
Trd, 000159.933, 163
Trd, 000160.433, 175
Trd, 000160.550, 158
Trd, 000161.000, 173
Trd, 000161.817, 176
Trd, 000161.850, 173
Trd, 000162.267, 176
Trd, 000162.283, 178
Trd, 000163.317, 172
Trd, 000163.883, 177
Trd, 000165.600, 171
Trd, 000165.617, 170
Trd, 000166.233, 164
Trd, 000166.833, 168
Trd, 000166.917, 168
Trd, 000167.217, 167
Trd, 000167.733, 167
Trd, 000167.933, 167
Trd, 000168.050, 160
Trd, 000169.017, 168
Trd, 000169.983, 165
Trd, 000170.283, 164
Trd, 000170.483, 161
Trd, 000171.067, 167
Trd, 000171.867, 168
Trd, 000172.683, 166
Trd, 000173.683, 164
Trd, 000174.133, 172
Trd, 000175.450, 171
Trd, 000175.700, 173
Trd, 000175.817, 174
Trd, 000176.033, 166
Trd, 000176.167, 165
Trd, 000176.600, 163
Trd, 000177.583, 161
Trd, 000178.333, 163
Trd, 000178.483, 174
Trd, 000178.650, 173
Trd, 000178.833, 163
Trd, 000179.533, 172
Trd, 000179.867, 173
Trd, 000180.317, 170
Trd, 000181.100, 165
Trd, 000181.417, 168
Trd, 000181.517, 176
Trd, 000182.133, 164
Trd, 000183.183, 166
Trd, 000183.567, 165
Trd, 000183.667, 164
Trd, 000183.683, 165
Trd, 000184.333, 165
Trd, 000184.567, 165
Trd, 000184.650, 169
Trd, 000185.833, 169
Trd, 000186.067, 170
Trd, 000186.300, 180
Trd, 000186.333, 166
Trd, 000186.517, 166
Trd, 000188.017, 177
Trd, 000188.217, 171
Trd, 000188.517, 176
Trd, 000189.350, 156
Trd, 000189.683, 151
Trd, 000189.883, 173
Trd, 000190.000, 174
Trd, 000190.067, 156
Trd, 000190.500, 172
Trd, 000192.000, 167
Trd, 000192.500, 160
Trd, 000192.717, 163
Trd, 000193.533, 159
Trd, 000193.700, 160
Trd, 000194.067, 156
Trd, 000194.617, 158
Trd, 000194.667, 158
Trd, 000195.350, 159
Trd, 000195.367, 160
Trd, 000196.983, 160
Trd, 000197.383, 161
Trd, 000197.917, 160
Trd, 000198.150, 159
Trd, 000198.433, 161
Trd, 000198.950, 168
Trd, 000199.500, 162
Trd, 000200.217, 175
Trd, 000200.250, 182
Trd, 000201.917, 170
Trd, 000201.967, 181
Trd, 000202.383, 177
Trd, 000203.500, 168
Trd, 000204.400, 170
Trd, 000204.767, 174
Trd, 000205.133, 169
Trd, 000205.317, 174
Trd, 000205.867, 170
Trd, 000206.717, 173
Trd, 000206.750, 172
Trd, 000207.417, 174
Trd, 000207.600, 175
Trd, 000207.733, 179
Trd, 000208.317, 173
Trd, 000208.467, 190
Trd, 000209.067, 186
Trd, 000209.700, 176
Trd, 000210.350, 177
Trd, 000210.717, 175
Trd, 000210.933, 182
Trd, 000211.217, 175
Trd, 000211.817, 175
Trd, 000212.950, 172
Trd, 000213.883, 175
Trd, 000215.000, 172
Trd, 000215.033, 172
Trd, 000215.050, 170
Trd, 000215.533, 167
Trd, 000215.767, 168
Trd, 000216.100, 168
Trd, 000216.767, 169
Trd, 000217.117, 169
Trd, 000217.433, 166
Trd, 000218.250, 167
Trd, 000218.300, 148
Trd, 000219.233, 169
Trd, 000219.733, 169
Trd, 000219.933, 170
Trd, 000220.533, 177
Trd, 000220.867, 171
Trd, 000221.717, 170
Trd, 000222.050, 163
Trd, 000222.950, 173
Trd, 000223.000, 170
Trd, 000223.100, 175
Trd, 000224.367, 177
Trd, 000225.733, 172
Trd, 000228.950, 176
Trd, 000229.783, 172
Trd, 000229.950, 174
Trd, 000230.867, 173
Trd, 000230.917, 173
Trd, 000231.033, 171
Trd, 000231.467, 173
Trd, 000231.550, 174
Trd, 000232.567, 174
Trd, 000232.617, 175
Trd, 000233.450, 174
Trd, 000233.883, 173
Trd, 000234.183, 173
Trd, 000234.783, 171
Trd, 000234.867, 175
Trd, 000235.033, 171
Trd, 000236.950, 173
Trd, 000238.067, 173
Trd, 000238.133, 176
Trd, 000238.283, 179
Trd, 000238.367, 182
Trd, 000239.117, 174
Trd, 000239.383, 184
Trd, 000239.900, 176
Trd, 000240.067, 182
Trd, 000240.967, 179
Trd, 000241.183, 176
Trd, 000241.883, 175
Trd, 000241.900, 175
Trd, 000241.933, 174
Trd, 000242.133, 174
Trd, 000242.250, 175
Trd, 000242.583, 173
Trd, 000243.083, 174
Trd, 000243.200, 182
Trd, 000243.383, 186
Trd, 000243.717, 176
Trd, 000243.733, 199
Trd, 000243.850, 175
Trd, 000243.917, 172
Trd, 000245.233, 180
Trd, 000246.217, 170
Trd, 000247.433, 171
Trd, 000247.567, 172
Trd, 000247.750, 176
Trd, 000247.817, 179
Trd, 000248.800, 179
Trd, 000249.000, 178
Trd, 000249.017, 176
Trd, 000249.600, 175
Trd, 000249.650, 174
Trd, 000250.583, 174
Trd, 000250.667, 175
Trd, 000250.800, 173
Trd, 000250.883, 176
Trd, 000251.850, 173
Trd, 000251.983, 180
Trd, 000252.867, 173
Trd, 000253.033, 175
Trd, 000253.133, 173
Trd, 000253.917, 176
Trd, 000254.033, 174
Trd, 000254.300, 175
Trd, 000254.467, 174
Trd, 000254.617, 183
Trd, 000256.383, 177
Trd, 000256.450, 177
Trd, 000256.583, 178
Trd, 000257.233, 176
Trd, 000257.383, 176
Trd, 000257.450, 177
Trd, 000258.167, 174
Trd, 000258.933, 170
Trd, 000259.150, 171
Trd, 000259.233, 175
Trd, 000259.333, 179
Trd, 000259.783, 175
Trd, 000260.350, 177
Trd, 000260.367, 169
Trd, 000261.167, 172
Trd, 000261.817, 178
Trd, 000262.300, 171
Trd, 000262.650, 172
Trd, 000263.300, 180
Trd, 000263.533, 176
Trd, 000263.817, 171
Trd, 000264.133, 172
Trd, 000264.683, 171
Trd, 000265.050, 170
Trd, 000265.167, 173
Trd, 000265.467, 175
Trd, 000265.550, 177
Trd, 000266.533, 173
Trd, 000266.667, 175
Trd, 000266.967, 178
Trd, 000267.033, 171
Trd, 000268.100, 177
Trd, 000269.000, 173
Trd, 000269.400, 179
Trd, 000270.183, 174
Trd, 000270.917, 175
Trd, 000271.550, 175
Trd, 000271.683, 173
Trd, 000271.700, 177
Trd, 000271.867, 171
Trd, 000272.500, 172
Trd, 000272.683, 175
Trd, 000273.017, 172
Trd, 000273.583, 172
Trd, 000273.817, 173
Trd, 000273.850, 175
Trd, 000274.017, 172
Trd, 000274.083, 173
Trd, 000275.017, 173
Trd, 000275.500, 171
Trd, 000275.550, 175
Trd, 000276.317, 164
Trd, 000276.633, 171
Trd, 000277.100, 168
Trd, 000277.383, 172
Trd, 000278.067, 168
Trd, 000279.133, 171
Trd, 000279.283, 172
Trd, 000280.200, 170
Trd, 000280.233, 169
Trd, 000280.350, 172
Trd, 000280.817, 172
Trd, 000281.383, 173
Trd, 000281.483, 176
Trd, 000281.533, 172
Trd, 000281.983, 173
Trd, 000282.067, 169
Trd, 000283.117, 175
Trd, 000283.250, 170
Trd, 000283.883, 173
Trd, 000284.067, 174
Trd, 000284.483, 178
Trd, 000285.417, 171
Trd, 000285.650, 170
Trd, 000285.767, 172
Trd, 000286.217, 173
Trd, 000286.300, 177
Trd, 000286.350, 179
Trd, 000287.417, 177
Trd, 000287.850, 178
Trd, 000287.983, 173
Trd, 000288.033, 180
Trd, 000288.833, 181
Trd, 000289.350, 180
Trd, 000289.583, 181
Trd, 000290.150, 179
Trd, 000291.000, 177
Trd, 000291.050, 182
Trd, 000291.317, 182
Trd, 000291.683, 184
Trd, 000291.950, 184
Trd, 000292.683, 173
Trd, 000293.467, 173
Trd, 000293.933, 169
Trd, 000294.267, 170
Trd, 000294.500, 158
Trd, 000295.167, 166
Trd, 000296.100, 169
Trd, 000296.500, 171
Trd, 000296.867, 163
Trd, 000297.367, 161
Trd, 000297.817, 172
Trd, 000298.017, 173
Trd, 000298.283, 174
Trd, 000298.450, 167
Trd, 000298.883, 175
Trd, 000299.300, 174
Trd, 000299.433, 178
