Trd, 000001.717, 196
Trd, 000002.617, 144
Trd, 000002.633, 142
Trd, 000002.967, 131
Trd, 000004.633, 131
Trd, 000004.817, 131
Trd, 000004.917, 132
Trd, 000005.100, 134
Trd, 000005.600, 130
Trd, 000005.783, 127
Trd, 000005.883, 151
Trd, 000006.550, 132
Trd, 000006.983, 140
Trd, 000008.333, 143
Trd, 000008.517, 138
Trd, 000008.750, 128
Trd, 000009.067, 139
Trd, 000009.417, 136
Trd, 000009.817, 139
Trd, 000010.683, 145
Trd, 000011.783, 143
Trd, 000011.817, 136
Trd, 000012.167, 136
Trd, 000012.267, 143
Trd, 000012.567, 135
Trd, 000013.617, 144
Trd, 000013.717, 145
Trd, 000014.750, 146
Trd, 000015.517, 140
Trd, 000016.317, 138
Trd, 000016.833, 146
Trd, 000017.850, 144
Trd, 000018.150, 146
Trd, 000018.483, 144
Trd, 000018.517, 146
Trd, 000018.800, 140
Trd, 000019.050, 139
Trd, 000019.200, 133
Trd, 000020.550, 144
Trd, 000020.717, 145
Trd, 000022.283, 141
Trd, 000022.617, 139
Trd, 000022.633, 137
Trd, 000023.150, 139
Trd, 000024.767, 143
Trd, 000025.667, 139
Trd, 000026.033, 141
Trd, 000026.267, 142
Trd, 000026.733, 146
Trd, 000026.817, 153
Trd, 000027.933, 147
Trd, 000028.267, 140
Trd, 000028.500, 140
Trd, 000029.450, 147
Trd, 000029.533, 158
Trd, 000029.833, 163
Trd, 000031.233, 157
Trd, 000031.300, 147
Trd, 000031.567, 158
Trd, 000031.700, 139
Trd, 000031.933, 146
Trd, 000032.783, 154
Trd, 000033.000, 143
Trd, 000033.050, 153
Trd, 000034.567, 143
Trd, 000034.717, 143
Trd, 000035.233, 154
Trd, 000036.283, 145
Trd, 000037.733, 151
Trd, 000037.850, 149
Trd, 000038.533, 146
Trd, 000038.600, 149
Trd, 000038.783, 152
Trd, 000039.583, 152
Trd, 000040.600, 155
Trd, 000041.050, 150
Trd, 000041.517, 154
Trd, 000041.983, 152
Trd, 000042.283, 144
Trd, 000042.533, 148
Trd, 000042.750, 147
Trd, 000043.050, 140
Trd, 000043.850, 138
Trd, 000044.767, 131
Trd, 000045.150, 142
Trd, 000045.583, 141
Trd, 000045.617, 142
Trd, 000046.650, 148
Trd, 000046.900, 140
Trd, 000047.100, 139
Trd, 000047.433, 116
Trd, 000047.867, 149
Trd, 000048.600, 138
Trd, 000049.067, 139
Trd, 000049.200, 136
Trd, 000053.133, 139
Trd, 000053.167, 137
Trd, 000053.233, 136
Trd, 000055.183, 135
Trd, 000055.450, 136
Trd, 000055.483, 135
Trd, 000055.617, 135
Trd, 000055.933, 137
Trd, 000056.400, 136
Trd, 000057.367, 139
Trd, 000057.400, 149
Trd, 000057.750, 137
Trd, 000058.583, 140
Trd, 000059.150, 135
Trd, 000059.300, 141
Trd, 000059.933, 141
Trd, 000059.967, 142
Trd, 000060.650, 140
Trd, 000060.900, 142
Trd, 000061.117, 144
Trd, 000061.283, 168
Trd, 000062.467, 150
Trd, 000063.967, 140
Trd, 000064.000, 149
Trd, 000064.683, 144
Trd, 000065.733, 144
Trd, 000068.150, 148
Trd, 000068.933, 149
Trd, 000069.033, 150
Trd, 000069.233, 151
Trd, 000069.483, 150
Trd, 000070.317, 144
Trd, 000070.350, 150
Trd, 000071.017, 144
Trd, 000071.033, 153
Trd, 000072.233, 143
Trd, 000072.300, 143
Trd, 000073.200, 162
Trd, 000073.750, 155
Trd, 000074.400, 146
Trd, 000074.433, 145
Trd, 000075.017, 151
Trd, 000075.167, 152
Trd, 000075.500, 144
Trd, 000076.183, 152
Trd, 000076.700, 153
Trd, 000077.167, 154
Trd, 000077.900, 146
Trd, 000078.450, 148
Trd, 000078.700, 153
Trd, 000078.817, 144
Trd, 000079.167, 158
Trd, 000079.517, 157
Trd, 000079.883, 144
Trd, 000080.833, 151
Trd, 000081.200, 151
Trd, 000083.117, 148
Trd, 000083.900, 144
Trd, 000084.183, 144
Trd, 000084.433, 144
Trd, 000084.783, 139
Trd, 000085.550, 139
Trd, 000086.267, 138
Trd, 000086.633, 138
Trd, 000086.817, 140
Trd, 000087.583, 147
Trd, 000088.117, 148
Trd, 000088.800, 150
Trd, 000088.817, 153
Trd, 000088.883, 160
Trd, 000089.083, 149
Trd, 000089.517, 158
Trd, 000091.483, 158
Trd, 000092.000, 162
Trd, 000092.400, 163
Trd, 000092.550, 156
Trd, 000093.517, 156
Trd, 000093.817, 155
Trd, 000094.317, 150
Trd, 000095.317, 152
Trd, 000095.350, 148
Trd, 000096.083, 147
Trd, 000096.350, 152
Trd, 000096.767, 149
Trd, 000097.050, 144
Trd, 000099.750, 152
Trd, 000100.000, 152
Trd, 000100.133, 161
Trd, 000100.517, 165
Trd, 000100.567, 164
Trd, 000101.700, 158
Trd, 000102.683, 156
Trd, 000103.917, 153
Trd, 000104.667, 146
Trd, 000104.750, 152
Trd, 000105.600, 152
Trd, 000105.617, 154
Trd, 000105.933, 154
Trd, 000105.967, 149
Trd, 000106.250, 148
Trd, 000106.467, 155
Trd, 000106.900, 155
Trd, 000107.067, 149
Trd, 000107.367, 147
Trd, 000108.850, 147
Trd, 000109.800, 148
Trd, 000110.050, 148
Trd, 000110.067, 152
Trd, 000111.800, 153
Trd, 000111.850, 155
Trd, 000112.317, 162
Trd, 000112.450, 173
Trd, 000113.533, 147
Trd, 000113.617, 146
Trd, 000114.267, 158
Trd, 000114.483, 145
Trd, 000115.183, 157
Trd, 000115.567, 157
Trd, 000117.983, 151
Trd, 000118.000, 154
Trd, 000118.133, 147
Trd, 000118.767, 159
Trd, 000119.133, 151
Trd, 000119.717, 150
Trd, 000120.083, 156
Trd, 000121.033, 154
Trd, 000122.067, 152
Trd, 000122.633, 151
Trd, 000123.367, 150
Trd, 000123.700, 149
Trd, 000124.100, 148
Trd, 000124.467, 149
Trd, 000124.750, 148
Trd, 000126.267, 149
Trd, 000126.667, 150
Trd, 000127.117, 147
Trd, 000127.583, 147
Trd, 000127.650, 146
Trd, 000127.800, 151
Trd, 000128.067, 146
Trd, 000130.500, 152
Trd, 000130.717, 149
Trd, 000130.967, 147
Trd, 000131.667, 153
Trd, 000133.400, 151
Trd, 000133.583, 150
Trd, 000134.250, 150
Trd, 000134.300, 148
Trd, 000134.383, 150
Trd, 000135.250, 157
Trd, 000135.917, 160
Trd, 000136.683, 150
Trd, 000137.100, 156
Trd, 000137.433, 158
Trd, 000137.983, 149
Trd, 000138.383, 150
Trd, 000140.633, 155
Trd, 000140.833, 156
Trd, 000141.017, 151
Trd, 000141.850, 155
Trd, 000142.600, 154
Trd, 000143.200, 154
Trd, 000144.017, 158
Trd, 000144.083, 154
Trd, 000145.200, 153
Trd, 000145.267, 156
Trd, 000145.600, 158
Trd, 000145.633, 158
Trd, 000145.950, 152
Trd, 000146.167, 161
Trd, 000146.383, 151
Trd, 000146.750, 165
Trd, 000146.900, 151
Trd, 000147.267, 151
Trd, 000148.250, 159
Trd, 000148.433, 151
Trd, 000148.800, 169
Trd, 000150.450, 161
Trd, 000150.567, 163
Trd, 000152.433, 162
Trd, 000153.383, 160
Trd, 000153.400, 160
Trd, 000154.150, 155
Trd, 000154.233, 146
Trd, 000154.917, 163
Trd, 000155.217, 165
Trd, 000155.333, 150
Trd, 000155.900, 149
Trd, 000157.133, 152
Trd, 000158.367, 153
Trd, 000158.417, 152
Trd, 000158.633, 160
Trd, 000159.833, 151
Trd, 000161.033, 157
Trd, 000161.650, 156
Trd, 000161.850, 151
Trd, 000161.867, 156
Trd, 000162.383, 155
Trd, 000163.350, 151
Trd, 000163.533, 150
Trd, 000163.750, 153
Trd, 000164.267, 155
Trd, 000164.817, 150
Trd, 000165.017, 149
Trd, 000167.250, 156
Trd, 000167.267, 156
Trd, 000167.500, 156
Trd, 000168.267, 150
Trd, 000168.500, 150
Trd, 000168.850, 161
Trd, 000170.117, 150
Trd, 000171.500, 149
Trd, 000171.617, 151
Trd, 000172.450, 154
Trd, 000173.400, 153
Trd, 000173.983, 149
Trd, 000174.467, 149
Trd, 000174.883, 151
Trd, 000175.333, 152
Trd, 000175.933, 152
Trd, 000176.283, 152
Trd, 000176.617, 151
Trd, 000176.783, 148
Trd, 000178.600, 149
Trd, 000178.633, 148
Trd, 000179.250, 151
Trd, 000179.450, 151
Trd, 000179.500, 152
Trd, 000180.033, 162
Trd, 000180.533, 159
Trd, 000182.250, 152
Trd, 000183.717, 150
Trd, 000184.883, 150
Trd, 000185.000, 148
Trd, 000185.150, 147
Trd, 000185.300, 148
Trd, 000186.100, 149
Trd, 000186.683, 148
Trd, 000186.967, 149
Trd, 000187.667, 153
Trd, 000187.683, 162
Trd, 000188.750, 150
Trd, 000188.817, 163
Trd, 000191.033, 156
Trd, 000191.633, 151
Trd, 000192.900, 150
Trd, 000193.967, 152
Trd, 000194.467, 151
Trd, 000194.650, 153
Trd, 000194.733, 155
Trd, 000195.117, 170
Trd, 000195.417, 159
Trd, 000195.967, 150
Trd, 000198.117, 150
Trd, 000199.750, 151
Trd, 000200.000, 154
Trd, 000200.117, 153
Trd, 000201.217, 155
Trd, 000201.633, 154
Trd, 000201.683, 157
Trd, 000201.933, 153
Trd, 000202.317, 164
Trd, 000202.750, 154
Trd, 000203.050, 161
Trd, 000204.083, 160
Trd, 000205.483, 155
Trd, 000205.717, 154
Trd, 000206.383, 162
Trd, 000206.567, 153
Trd, 000206.883, 164
Trd, 000208.633, 159
Trd, 000208.850, 153
Trd, 000209.617, 159
Trd, 000210.850, 154
Trd, 000211.183, 159
Trd, 000211.267, 159
Trd, 000211.883, 160
Trd, 000211.917, 152
Trd, 000213.200, 155
Trd, 000213.617, 156
Trd, 000213.800, 152
Trd, 000215.067, 153
Trd, 000215.450, 156
Trd, 000216.050, 153
Trd, 000216.267, 156
Trd, 000216.367, 156
Trd, 000216.700, 152
Trd, 000217.417, 156
Trd, 000217.967, 156
Trd, 000218.500, 152
Trd, 000219.150, 152
Trd, 000220.083, 153
Trd, 000220.583, 152
Trd, 000220.867, 152
Trd, 000220.983, 155
Trd, 000221.017, 143
Trd, 000221.667, 156
Trd, 000222.317, 155
Trd, 000222.483, 158
Trd, 000223.067, 149
Trd, 000223.483, 163
Trd, 000224.100, 160
Trd, 000224.767, 156
Trd, 000225.083, 157
Trd, 000225.183, 159
Trd, 000225.917, 166
Trd, 000226.550, 156
Trd, 000228.267, 164
Trd, 000228.433, 165
Trd, 000229.000, 167
Trd, 000229.250, 159
Trd, 000229.717, 167
Trd, 000231.000, 162
Trd, 000231.367, 167
Trd, 000231.383, 161
Trd, 000231.833, 163
Trd, 000232.850, 165
Trd, 000234.083, 166
Trd, 000234.100, 163
Trd, 000234.400, 163
Trd, 000234.983, 168
Trd, 000235.233, 167
Trd, 000236.083, 165
Trd, 000237.117, 167
Trd, 000237.717, 162
Trd, 000238.017, 162
Trd, 000238.133, 177
Trd, 000238.833, 168
Trd, 000239.183, 161
Trd, 000239.617, 177
Trd, 000239.667, 162
Trd, 000240.167, 191
Trd, 000240.667, 191
Trd, 000240.700, 189
Trd, 000241.183, 189
Trd, 000242.967, 188
Trd, 000243.217, 186
Trd, 000243.367, 188
Trd, 000243.850, 185
Trd, 000243.933, 185
Trd, 000244.633, 182
Trd, 000244.667, 162
Trd, 000245.717, 186
Trd, 000245.933, 188
Trd, 000246.017, 164
Trd, 000246.183, 187
Trd, 000247.117, 170
Trd, 000247.317, 189
Trd, 000247.967, 179
Trd, 000249.100, 183
Trd, 000249.283, 177
Trd, 000249.450, 176
Trd, 000249.767, 167
Trd, 000250.550, 179
Trd, 000250.950, 179
Trd, 000250.967, 169
Trd, 000251.550, 168
Trd, 000251.800, 171
Trd, 000251.817, 174
Trd, 000252.233, 176
Trd, 000252.333, 176
Trd, 000252.417, 173
Trd, 000252.433, 165
Trd, 000253.167, 170
Trd, 000253.483, 170
Trd, 000253.750, 169
Trd, 000254.050, 174
Trd, 000254.067, 176
Trd, 000254.650, 181
Trd, 000255.183, 178
Trd, 000256.683, 184
Trd, 000256.750, 187
Trd, 000257.300, 187
Trd, 000257.867, 181
Trd, 000258.050, 186
Trd, 000258.317, 190
Trd, 000258.400, 178
Trd, 000258.550, 166
Trd, 000259.417, 170
Trd, 000260.417, 183
Trd, 000260.533, 182
Trd, 000261.217, 182
Trd, 000262.517, 181
Trd, 000263.667, 179
Trd, 000263.850, 181
Trd, 000264.650, 178
Trd, 000264.850, 180
Trd, 000264.883, 181
Trd, 000265.250, 188
Trd, 000265.633, 191
Trd, 000266.100, 180
Trd, 000266.283, 177
Trd, 000266.783, 176
Trd, 000266.867, 171
Trd, 000267.883, 175
Trd, 000268.483, 178
Trd, 000268.850, 178
Trd, 000268.900, 182
Trd, 000269.133, 176
Trd, 000269.600, 180
Trd, 000269.750, 178
Trd, 000269.817, 174
Trd, 000270.150, 170
Trd, 000270.317, 166
Trd, 000270.383, 179
Trd, 000270.700, 173
Trd, 000270.867, 179
Trd, 000272.250, 180
Trd, 000272.850, 181
Trd, 000272.883, 194
Trd, 000273.467, 178
Trd, 000273.517, 173
Trd, 000274.317, 192
Trd, 000274.450, 179
Trd, 000275.350, 182
Trd, 000275.417, 172
Trd, 000275.533, 185
Trd, 000275.783, 172
Trd, 000276.017, 169
Trd, 000276.967, 182
Trd, 000277.117, 182
Trd, 000277.333, 183
Trd, 000277.567, 168
Trd, 000278.017, 182
Trd, 000278.167, 183
Trd, 000278.433, 180
Trd, 000278.933, 179
Trd, 000279.300, 182
Trd, 000279.600, 173
Trd, 000280.667, 181
Trd, 000281.333, 182
Trd, 000281.500, 174
Trd, 000282.167, 167
Trd, 000282.750, 181
Trd, 000283.283, 179
Trd, 000284.117, 178
Trd, 000284.133, 179
Trd, 000284.183, 174
Trd, 000284.433, 172
Trd, 000284.783, 174
Trd, 000285.267, 181
Trd, 000285.750, 180
Trd, 000287.067, 182
Trd, 000287.917, 182
Trd, 000288.250, 179
Trd, 000289.333, 180
Trd, 000290.000, 177
Trd, 000290.250, 178
Trd, 000290.383, 181
Trd, 000290.450, 190
Trd, 000291.150, 190
Trd, 000291.300, 190
Trd, 000291.350, 180
Trd, 000291.400, 176
Trd, 000292.500, 191
Trd, 000292.850, 177
Trd, 000293.100, 187
Trd, 000293.367, 187
Trd, 000293.683, 188
Trd, 000294.517, 186
Trd, 000295.367, 187
Trd, 000295.683, 183
Trd, 000296.350, 182
Trd, 000296.400, 168
Trd, 000296.583, 187
Trd, 000296.700, 187
Trd, 000297.467, 181
Trd, 000297.800, 176
Trd, 000297.933, 187
Trd, 000299.333, 187
Trd, 000299.667, 179
