Trd, 000001.750, 166
Trd, 000003.300, 153
Trd, 000003.550, 154
Trd, 000003.700, 156
Trd, 000003.983, 145
Trd, 000004.967, 147
Trd, 000005.167, 158
Trd, 000005.583, 148
Trd, 000006.367, 159
Trd, 000007.033, 165
Trd, 000007.433, 159
Trd, 000008.300, 160
Trd, 000009.683, 161
Trd, 000009.817, 162
Trd, 000010.083, 160
Trd, 000012.200, 166
Trd, 000012.733, 163
Trd, 000013.083, 166
Trd, 000013.733, 166
Trd, 000013.950, 166
Trd, 000014.250, 166
Trd, 000014.400, 158
Trd, 000014.450, 167
Trd, 000016.250, 165
Trd, 000016.667, 167
Trd, 000016.850, 163
Trd, 000017.033, 165
Trd, 000017.517, 159
Trd, 000018.850, 160
Trd, 000019.317, 159
Trd, 000019.717, 155
Trd, 000020.317, 159
Trd, 000021.867, 157
Trd, 000022.000, 159
Trd, 000022.433, 156
Trd, 000022.833, 157
Trd, 000023.050, 155
Trd, 000023.450, 160
Trd, 000024.467, 164
Trd, 000025.167, 161
Trd, 000026.267, 158
Trd, 000026.533, 158
Trd, 000027.417, 159
Trd, 000028.450, 160
Trd, 000028.517, 161
Trd, 000028.950, 159
Trd, 000029.283, 168
Trd, 000029.683, 180
Trd, 000029.783, 178
Trd, 000030.667, 169
Trd, 000030.950, 181
Trd, 000031.867, 178
Trd, 000032.017, 175
Trd, 000033.617, 168
Trd, 000034.200, 170
Trd, 000034.267, 167
Trd, 000034.317, 171
Trd, 000036.350, 161
Trd, 000036.533, 162
Trd, 000037.067, 162
Trd, 000037.750, 160
Trd, 000038.500, 162
Trd, 000038.917, 163
Trd, 000039.417, 166
Trd, 000039.650, 169
Trd, 000040.033, 167
Trd, 000041.217, 158
Trd, 000042.467, 160
Trd, 000042.717, 158
Trd, 000043.483, 160
Trd, 000044.533, 156
Trd, 000045.333, 156
Trd, 000045.867, 156
Trd, 000045.950, 157
Trd, 000046.533, 157
Trd, 000046.700, 159
Trd, 000047.350, 162
Trd, 000048.167, 160
Trd, 000048.433, 158
Trd, 000048.783, 160
Trd, 000049.900, 163
Trd, 000050.467, 162
Trd, 000050.750, 163
Trd, 000051.383, 160
Trd, 000051.700, 163
Trd, 000052.300, 165
Trd, 000053.317, 168
Trd, 000053.933, 164
Trd, 000054.350, 166
Trd, 000055.400, 163
Trd, 000055.700, 163
Trd, 000055.917, 161
Trd, 000056.267, 161
Trd, 000057.633, 163
Trd, 000057.850, 162
Trd, 000058.567, 164
Trd, 000058.850, 164
Trd, 000059.283, 158
Trd, 000059.417, 169
Trd, 000061.817, 166
Trd, 000062.450, 165
Trd, 000062.583, 167
Trd, 000063.150, 171
Trd, 000063.367, 173
Trd, 000063.567, 174
Trd, 000063.667, 178
Trd, 000064.083, 182
Trd, 000065.433, 173
Trd, 000067.933, 162
Trd, 000068.150, 164
Trd, 000068.600, 163
Trd, 000068.817, 161
Trd, 000070.317, 160
Trd, 000070.417, 163
Trd, 000070.850, 164
Trd, 000071.333, 163
Trd, 000071.567, 161
Trd, 000071.850, 162
Trd, 000072.517, 160
Trd, 000073.000, 161
Trd, 000073.433, 162
Trd, 000075.800, 162
Trd, 000076.117, 160
Trd, 000076.267, 162
Trd, 000077.450, 164
Trd, 000077.617, 163
Trd, 000077.717, 166
Trd, 000077.917, 172
Trd, 000078.733, 172
Trd, 000079.967, 164
Trd, 000080.183, 170
Trd, 000081.400, 169
Trd, 000082.817, 166
Trd, 000083.383, 166
Trd, 000083.550, 167
Trd, 000084.167, 166
Trd, 000084.867, 164
Trd, 000085.950, 164
Trd, 000086.733, 163
Trd, 000087.317, 163
Trd, 000087.733, 161
Trd, 000088.367, 153
Trd, 000088.800, 167
Trd, 000089.583, 160
Trd, 000090.733, 162
Trd, 000090.750, 163
Trd, 000091.500, 162
Trd, 000091.650, 163
Trd, 000092.617, 162
Trd, 000093.967, 162
Trd, 000095.017, 162
Trd, 000095.650, 160
Trd, 000096.000, 162
Trd, 000096.950, 161
Trd, 000097.517, 164
Trd, 000098.817, 159
Trd, 000099.367, 164
Trd, 000099.500, 157
Trd, 000099.917, 163
Trd, 000100.017, 165
Trd, 000100.983, 164
Trd, 000101.267, 162
Trd, 000102.017, 163
Trd, 000103.667, 161
Trd, 000104.050, 161
Trd, 000104.433, 160
Trd, 000104.600, 165
Trd, 000104.700, 165
Trd, 000105.350, 164
Trd, 000105.867, 167
Trd, 000106.683, 166
Trd, 000106.883, 165
Trd, 000107.550, 167
Trd, 000107.800, 168
Trd, 000109.217, 164
Trd, 000110.950, 169
Trd, 000111.017, 169
Trd, 000111.217, 170
Trd, 000113.033, 169
Trd, 000113.350, 170
Trd, 000113.400, 175
Trd, 000114.750, 171
Trd, 000115.083, 176
Trd, 000115.933, 173
Trd, 000115.983, 174
Trd, 000116.583, 174
Trd, 000116.617, 168
Trd, 000117.133, 169
Trd, 000117.350, 172
Trd, 000117.950, 172
Trd, 000119.917, 168
Trd, 000119.983, 169
Trd, 000120.167, 167
Trd, 000120.433, 163
Trd, 000120.867, 170
Trd, 000121.683, 171
Trd, 000122.050, 180
Trd, 000122.733, 166
Trd, 000124.667, 168
Trd, 000125.250, 167
Trd, 000125.333, 168
Trd, 000125.600, 167
Trd, 000126.100, 167
Trd, 000127.367, 167
Trd, 000127.433, 167
Trd, 000127.667, 166
Trd, 000129.267, 167
Trd, 000129.733, 166
Trd, 000130.450, 165
Trd, 000130.483, 167
Trd, 000130.967, 168
Trd, 000131.833, 170
Trd, 000133.200, 169
Trd, 000134.400, 169
Trd, 000134.467, 170
Trd, 000134.733, 171
Trd, 000136.833, 167
Trd, 000138.167, 166
Trd, 000138.233, 167
Trd, 000138.967, 165
Trd, 000139.000, 168
Trd, 000139.150, 168
Trd, 000139.167, 169
Trd, 000140.983, 163
Trd, 000141.417, 167
Trd, 000142.067, 172
Trd, 000143.050, 173
Trd, 000143.717, 169
Trd, 000144.217, 167
Trd, 000144.267, 168
Trd, 000144.767, 171
Trd, 000145.100, 166
Trd, 000146.533, 165
Trd, 000146.683, 167
Trd, 000147.683, 169
Trd, 000148.083, 169
Trd, 000148.250, 171
Trd, 000149.100, 168
Trd, 000149.333, 171
Trd, 000150.033, 177
Trd, 000151.350, 182
Trd, 000151.550, 183
Trd, 000152.950, 176
Trd, 000153.833, 171
Trd, 000154.933, 175
Trd, 000155.767, 174
Trd, 000156.150, 170
Trd, 000156.200, 174
Trd, 000156.250, 175
Trd, 000158.350, 174
Trd, 000158.467, 173
Trd, 000159.467, 168
Trd, 000159.733, 166
Trd, 000160.800, 169
Trd, 000160.950, 171
Trd, 000161.400, 171
Trd, 000161.467, 171
Trd, 000163.450, 171
Trd, 000163.550, 170
Trd, 000163.567, 167
Trd, 000164.567, 167
Trd, 000164.600, 168
Trd, 000165.000, 170
Trd, 000165.550, 169
Trd, 000165.617, 171
Trd, 000166.533, 166
Trd, 000167.867, 170
Trd, 000167.983, 167
Trd, 000168.467, 168
Trd, 000168.567, 172
Trd, 000170.267, 170
Trd, 000170.800, 179
Trd, 000171.617, 173
Trd, 000172.000, 175
Trd, 000172.150, 175
Trd, 000173.733, 179
Trd, 000174.317, 175
Trd, 000174.483, 173
Trd, 000174.583, 172
Trd, 000174.633, 176
Trd, 000174.700, 179
Trd, 000176.133, 183
Trd, 000176.900, 181
Trd, 000179.417, 171
Trd, 000179.433, 175
Trd, 000179.517, 177
Trd, 000179.683, 177
Trd, 000180.100, 167
Trd, 000181.150, 177
Trd, 000181.383, 177
Trd, 000181.567, 180
Trd, 000181.683, 183
Trd, 000182.133, 190
Trd, 000182.517, 183
Trd, 000183.967, 179
Trd, 000184.267, 183
Trd, 000185.000, 180
Trd, 000185.200, 179
Trd, 000185.317, 180
Trd, 000185.600, 175
Trd, 000186.233, 179
Trd, 000186.933, 175
Trd, 000189.333, 175
Trd, 000189.367, 174
Trd, 000189.883, 173
Trd, 000190.300, 174
Trd, 000190.500, 173
Trd, 000190.717, 173
Trd, 000190.967, 171
Trd, 000191.167, 174
Trd, 000191.200, 175
Trd, 000191.250, 177
Trd, 000192.050, 170
Trd, 000192.683, 163
Trd, 000193.383, 174
Trd, 000193.550, 174
Trd, 000193.650, 174
Trd, 000193.733, 175
Trd, 000195.117, 166
Trd, 000195.167, 175
Trd, 000197.200, 170
Trd, 000197.367, 173
Trd, 000198.217, 175
Trd, 000198.900, 172
Trd, 000199.283, 174
Trd, 000199.783, 183
Trd, 000201.683, 178
Trd, 000202.350, 175
Trd, 000202.467, 177
Trd, 000203.917, 177
Trd, 000204.117, 179
Trd, 000205.617, 179
Trd, 000205.967, 176
Trd, 000207.517, 179
Trd, 000207.917, 177
Trd, 000208.333, 177
Trd, 000208.867, 179
Trd, 000209.167, 178
Trd, 000209.217, 181
Trd, 000210.433, 180
Trd, 000211.100, 182
Trd, 000211.250, 177
Trd, 000211.350, 183
Trd, 000212.500, 175
Trd, 000213.000, 184
Trd, 000213.433, 183
Trd, 000213.483, 184
Trd, 000214.117, 185
Trd, 000214.317, 186
Trd, 000216.400, 180
Trd, 000216.917, 185
Trd, 000217.150, 179
Trd, 000217.850, 178
Trd, 000219.150, 180
Trd, 000219.217, 183
Trd, 000219.417, 183
Trd, 000219.883, 183
Trd, 000221.617, 181
Trd, 000222.383, 181
Trd, 000222.650, 181
Trd, 000222.933, 190
Trd, 000223.217, 194
Trd, 000224.700, 186
Trd, 000224.967, 184
Trd, 000225.050, 187
Trd, 000225.983, 179
Trd, 000226.517, 179
Trd, 000226.683, 168
Trd, 000228.033, 169
Trd, 000228.383, 175
Trd, 000228.400, 176
Trd, 000228.983, 178
Trd, 000230.850, 175
Trd, 000231.500, 177
Trd, 000231.567, 180
Trd, 000231.817, 179
Trd, 000233.283, 179
Trd, 000234.583, 176
Trd, 000235.350, 177
Trd, 000235.950, 176
Trd, 000236.250, 177
Trd, 000236.333, 178
Trd, 000236.350, 175
Trd, 000236.483, 180
Trd, 000237.700, 174
Trd, 000238.050, 183
Trd, 000239.300, 183
Trd, 000239.517, 183
Trd, 000240.217, 184
Trd, 000240.400, 181
Trd, 000240.767, 182
Trd, 000240.950, 180
Trd, 000241.317, 178
Trd, 000241.850, 179
Trd, 000241.917, 177
Trd, 000242.033, 178
Trd, 000242.817, 179
Trd, 000243.350, 179
Trd, 000243.633, 187
Trd, 000244.917, 179
Trd, 000245.150, 179
Trd, 000245.333, 181
Trd, 000245.550, 181
Trd, 000246.050, 180
Trd, 000247.583, 179
Trd, 000247.700, 180
Trd, 000247.750, 180
Trd, 000247.900, 180
Trd, 000248.250, 179
Trd, 000248.583, 180
Trd, 000249.150, 177
Trd, 000250.000, 180
Trd, 000250.333, 178
Trd, 000251.067, 176
Trd, 000251.517, 176
Trd, 000252.333, 177
Trd, 000252.550, 173
Trd, 000252.867, 170
Trd, 000252.883, 172
Trd, 000253.417, 175
Trd, 000254.083, 173
Trd, 000254.283, 173
Trd, 000254.483, 174
Trd, 000255.350, 169
Trd, 000255.500, 171
Trd, 000255.983, 172
Trd, 000256.267, 172
Trd, 000256.533, 180
Trd, 000257.333, 170
Trd, 000257.633, 175
Trd, 000257.917, 176
Trd, 000258.467, 172
Trd, 000258.500, 176
Trd, 000259.150, 178
Trd, 000259.617, 193
Trd, 000259.883, 173
Trd, 000260.933, 186
Trd, 000261.100, 188
Trd, 000262.150, 181
Trd, 000262.383, 175
Trd, 000262.567, 175
Trd, 000263.383, 171
Trd, 000263.550, 170
Trd, 000263.717, 173
Trd, 000263.783, 175
Trd, 000264.317, 194
Trd, 000265.200, 179
Trd, 000265.683, 181
Trd, 000265.783, 178
Trd, 000266.017, 177
Trd, 000266.450, 182
Trd, 000266.917, 177
Trd, 000267.383, 175
Trd, 000267.483, 177
Trd, 000267.600, 174
Trd, 000268.183, 174
Trd, 000268.900, 182
Trd, 000270.417, 173
Trd, 000270.717, 174
Trd, 000271.450, 172
Trd, 000271.733, 173
Trd, 000271.883, 173
Trd, 000272.017, 173
Trd, 000272.050, 180
Trd, 000272.383, 182
Trd, 000272.600, 178
Trd, 000272.717, 178
Trd, 000273.233, 171
Trd, 000274.117, 176
Trd, 000274.417, 171
Trd, 000274.817, 174
Trd, 000275.417, 179
Trd, 000276.283, 182
Trd, 000276.383, 185
Trd, 000276.533, 180
Trd, 000276.800, 180
Trd, 000277.133, 183
Trd, 000277.467, 178
Trd, 000279.083, 183
Trd, 000279.400, 183
Trd, 000280.183, 184
Trd, 000280.500, 181
Trd, 000280.867, 180
Trd, 000281.100, 186
Trd, 000281.750, 179
Trd, 000281.817, 187
Trd, 000283.633, 180
Trd, 000283.767, 182
Trd, 000284.383, 179
Trd, 000284.400, 179
Trd, 000284.650, 180
Trd, 000284.900, 179
Trd, 000285.300, 170
Trd, 000285.450, 183
Trd, 000286.117, 186
Trd, 000286.233, 192
Trd, 000286.483, 175
Trd, 000286.583, 172
Trd, 000286.800, 186
Trd, 000288.317, 178
Trd, 000288.683, 189
Trd, 000290.200, 181
Trd, 000290.333, 186
Trd, 000290.367, 180
Trd, 000290.383, 186
Trd, 000290.450, 187
Trd, 000290.583, 187
Trd, 000290.850, 181
Trd, 000290.933, 188
Trd, 000291.283, 177
Trd, 000293.500, 177
Trd, 000293.633, 185
Trd, 000294.000, 186
Trd, 000294.233, 187
Trd, 000294.583, 176
Trd, 000294.767, 170
Trd, 000295.317, 175
Trd, 000295.667, 173
Trd, 000295.833, 171
Trd, 000296.083, 180
Trd, 000297.550, 180
Trd, 000297.800, 179
Trd, 000297.917, 174
Trd, 000299.033, 175
Trd, 000299.200, 176
Trd, 000299.550, 175
Trd, 000299.783, 176
Trd, 000299.800, 178
Trd, 000299.817, 183
