Trd, 000002.483, 174
Trd, 000003.717, 179
Trd, 000003.800, 175
Trd, 000004.333, 155
Trd, 000004.617, 149
Trd, 000005.050, 140
Trd, 000006.117, 152
Trd, 000006.433, 152
Trd, 000007.367, 147
Trd, 000007.433, 148
Trd, 000007.633, 146
Trd, 000008.100, 144
Trd, 000008.883, 151
Trd, 000009.033, 150
Trd, 000009.167, 154
Trd, 000010.533, 150
Trd, 000011.033, 138
Trd, 000012.767, 155
Trd, 000013.850, 154
Trd, 000014.083, 153
Trd, 000014.817, 152
Trd, 000014.883, 151
Trd, 000015.317, 154
Trd, 000015.417, 155
Trd, 000016.117, 155
Trd, 000016.633, 153
Trd, 000017.250, 156
Trd, 000017.417, 153
Trd, 000017.817, 154
Trd, 000017.933, 153
Trd, 000020.483, 150
Trd, 000021.100, 155
Trd, 000021.817, 151
Trd, 000021.917, 146
Trd, 000022.517, 157
Trd, 000023.467, 144
Trd, 000023.700, 145
Trd, 000025.683, 149
Trd, 000026.767, 150
Trd, 000026.917, 148
Trd, 000027.783, 150
Trd, 000028.050, 150
Trd, 000028.917, 148
Trd, 000029.483, 150
Trd, 000029.633, 151
Trd, 000029.983, 149
Trd, 000030.167, 147
Trd, 000030.550, 148
Trd, 000031.283, 147
Trd, 000031.667, 150
Trd, 000033.350, 147
Trd, 000034.017, 143
Trd, 000035.467, 146
Trd, 000035.550, 145
Trd, 000036.667, 148
Trd, 000036.683, 158
Trd, 000037.133, 157
Trd, 000037.217, 156
Trd, 000037.433, 155
Trd, 000039.333, 151
Trd, 000039.483, 152
Trd, 000040.300, 151
Trd, 000041.917, 156
Trd, 000042.417, 152
Trd, 000044.033, 154
Trd, 000044.450, 151
Trd, 000044.933, 153
Trd, 000045.417, 152
Trd, 000047.467, 152
Trd, 000047.583, 156
Trd, 000047.967, 152
Trd, 000048.650, 153
Trd, 000050.917, 157
Trd, 000051.633, 158
Trd, 000052.050, 158
Trd, 000052.117, 156
Trd, 000052.300, 156
Trd, 000054.000, 156
Trd, 000054.650, 157
Trd, 000054.700, 155
Trd, 000055.983, 158
Trd, 000056.033, 157
Trd, 000056.667, 157
Trd, 000057.600, 157
Trd, 000057.867, 159
Trd, 000059.067, 159
Trd, 000059.083, 157
Trd, 000059.200, 156
Trd, 000060.067, 161
Trd, 000060.350, 158
Trd, 000060.583, 155
Trd, 000062.617, 154
Trd, 000063.367, 155
Trd, 000064.367, 156
Trd, 000064.417, 157
Trd, 000065.300, 155
Trd, 000066.033, 154
Trd, 000066.683, 156
Trd, 000067.517, 157
Trd, 000067.733, 166
Trd, 000068.167, 162
Trd, 000069.900, 162
Trd, 000070.417, 159
Trd, 000072.233, 160
Trd, 000073.117, 159
Trd, 000073.983, 159
Trd, 000074.017, 156
Trd, 000074.500, 151
Trd, 000074.550, 161
Trd, 000074.967, 155
Trd, 000075.050, 154
Trd, 000075.983, 161
Trd, 000076.833, 150
Trd, 000078.867, 153
Trd, 000079.117, 152
Trd, 000079.967, 152
Trd, 000080.550, 153
Trd, 000081.200, 156
Trd, 000081.667, 157
Trd, 000081.767, 163
Trd, 000081.800, 152
Trd, 000081.900, 152
Trd, 000082.117, 150
Trd, 000082.933, 142
Trd, 000083.800, 145
Trd, 000084.750, 149
Trd, 000085.933, 153
Trd, 000086.050, 152
Trd, 000086.367, 152
Trd, 000086.733, 155
Trd, 000086.933, 155
Trd, 000088.000, 153
Trd, 000088.100, 152
Trd, 000088.217, 156
Trd, 000089.667, 161
Trd, 000091.700, 157
Trd, 000093.083, 156
Trd, 000093.850, 157
Trd, 000094.200, 155
Trd, 000094.667, 156
Trd, 000095.150, 164
Trd, 000095.767, 163
Trd, 000095.800, 157
Trd, 000096.183, 168
Trd, 000096.517, 157
Trd, 000096.667, 156
Trd, 000099.200, 164
Trd, 000099.650, 167
Trd, 000099.933, 165
Trd, 000100.433, 163
Trd, 000101.017, 163
Trd, 000101.633, 162
Trd, 000101.667, 159
Trd, 000102.317, 164
Trd, 000103.350, 161
Trd, 000104.233, 161
Trd, 000105.083, 161
Trd, 000106.533, 162
Trd, 000107.067, 161
Trd, 000107.217, 165
Trd, 000108.233, 162
Trd, 000108.283, 161
Trd, 000108.600, 159
Trd, 000108.850, 165
Trd, 000109.867, 155
Trd, 000111.200, 160
Trd, 000112.433, 161
Trd, 000112.600, 159
Trd, 000113.233, 164
Trd, 000113.533, 159
Trd, 000114.183, 157
Trd, 000117.167, 163
Trd, 000117.533, 164
Trd, 000118.250, 163
Trd, 000118.867, 163
Trd, 000118.900, 160
Trd, 000119.150, 160
Trd, 000119.583, 156
Trd, 000119.800, 149
Trd, 000120.133, 152
Trd, 000120.700, 160
Trd, 000122.200, 158
Trd, 000122.767, 157
Trd, 000122.933, 162
Trd, 000125.383, 163
Trd, 000125.767, 160
Trd, 000126.317, 161
Trd, 000126.950, 159
Trd, 000128.150, 160
Trd, 000128.683, 159
Trd, 000129.000, 158
Trd, 000129.050, 161
Trd, 000129.067, 158
Trd, 000129.700, 158
Trd, 000130.683, 157
Trd, 000132.567, 160
Trd, 000132.983, 155
Trd, 000134.267, 156
Trd, 000134.717, 155
Trd, 000134.800, 159
Trd, 000135.067, 159
Trd, 000136.183, 161
Trd, 000137.200, 165
Trd, 000137.517, 160
Trd, 000137.617, 159
Trd, 000137.700, 156
Trd, 000139.300, 159
Trd, 000139.850, 160
Trd, 000140.417, 161
Trd, 000141.250, 162
Trd, 000142.367, 160
Trd, 000142.400, 160
Trd, 000142.600, 160
Trd, 000142.817, 165
Trd, 000144.917, 176
Trd, 000145.267, 162
Trd, 000146.967, 160
Trd, 000148.117, 165
Trd, 000148.183, 161
Trd, 000148.500, 161
Trd, 000149.333, 162
Trd, 000150.217, 165
Trd, 000150.950, 162
Trd, 000151.050, 162
Trd, 000151.233, 161
Trd, 000151.900, 161
Trd, 000152.050, 159
Trd, 000152.333, 166
Trd, 000153.333, 156
Trd, 000154.250, 158
Trd, 000156.900, 158
Trd, 000156.983, 158
Trd, 000157.650, 156
Trd, 000158.033, 159
Trd, 000158.117, 153
Trd, 000159.350, 161
Trd, 000159.500, 167
Trd, 000160.133, 164
Trd, 000160.550, 162
Trd, 000161.850, 162
Trd, 000162.617, 161
Trd, 000162.917, 164
Trd, 000163.633, 158
Trd, 000163.867, 164
Trd, 000165.283, 159
Trd, 000166.683, 163
Trd, 000166.817, 162
Trd, 000167.600, 161
Trd, 000167.883, 165
Trd, 000168.717, 162
Trd, 000168.817, 161
Trd, 000169.750, 167
Trd, 000170.050, 161
Trd, 000170.350, 169
Trd, 000170.617, 168
Trd, 000171.567, 165
Trd, 000172.333, 159
Trd, 000173.783, 170
Trd, 000174.600, 165
Trd, 000175.883, 163
Trd, 000175.983, 162
Trd, 000176.600, 160
Trd, 000177.417, 159
Trd, 000178.033, 160
Trd, 000179.100, 161
Trd, 000179.567, 160
Trd, 000180.400, 161
Trd, 000181.567, 159
Trd, 000181.967, 157
Trd, 000184.150, 157
Trd, 000184.367, 157
Trd, 000184.733, 155
Trd, 000185.200, 166
Trd, 000185.350, 158
Trd, 000185.633, 155
Trd, 000187.650, 161
Trd, 000188.333, 167
Trd, 000188.900, 163
Trd, 000189.500, 165
Trd, 000190.250, 167
Trd, 000191.417, 165
Trd, 000192.533, 170
Trd, 000192.933, 165
Trd, 000193.350, 173
Trd, 000195.333, 171
Trd, 000195.417, 171
Trd, 000195.500, 168
Trd, 000195.633, 166
Trd, 000197.133, 169
Trd, 000197.317, 171
Trd, 000197.917, 168
Trd, 000198.800, 168
Trd, 000198.950, 167
Trd, 000199.783, 166
Trd, 000200.617, 166
Trd, 000201.150, 164
Trd, 000201.533, 159
Trd, 000201.617, 157
Trd, 000202.250, 154
Trd, 000204.400, 166
Trd, 000204.550, 164
Trd, 000206.333, 166
Trd, 000206.367, 164
Trd, 000206.383, 167
Trd, 000208.650, 164
Trd, 000208.917, 164
Trd, 000209.300, 165
Trd, 000209.333, 168
Trd, 000210.400, 165
Trd, 000211.733, 165
Trd, 000212.033, 167
Trd, 000212.333, 168
Trd, 000212.650, 169
Trd, 000212.767, 164
Trd, 000213.183, 162
Trd, 000213.483, 155
Trd, 000214.383, 155
Trd, 000214.917, 169
Trd, 000215.850, 160
Trd, 000216.133, 157
Trd, 000217.500, 172
Trd, 000218.017, 172
Trd, 000218.900, 171
Trd, 000219.633, 171
Trd, 000220.383, 173
Trd, 000221.383, 171
Trd, 000222.950, 174
Trd, 000223.017, 170
Trd, 000223.583, 166
Trd, 000224.083, 169
Trd, 000225.217, 170
Trd, 000225.767, 168
Trd, 000226.217, 168
Trd, 000226.600, 170
Trd, 000226.983, 171
Trd, 000227.383, 168
Trd, 000227.817, 169
Trd, 000228.267, 169
Trd, 000229.417, 167
Trd, 000229.517, 169
Trd, 000231.017, 168
Trd, 000231.450, 168
Trd, 000231.933, 170
Trd, 000232.733, 170
Trd, 000233.167, 169
Trd, 000234.000, 167
Trd, 000235.950, 171
Trd, 000236.717, 176
Trd, 000237.650, 182
Trd, 000238.833, 181
Trd, 000238.950, 180
Trd, 000239.400, 182
Trd, 000239.817, 180
Trd, 000239.967, 179
Trd, 000240.867, 185
Trd, 000240.900, 185
Trd, 000241.250, 183
Trd, 000241.417, 182
Trd, 000241.500, 182
Trd, 000241.833, 179
Trd, 000241.900, 173
Trd, 000242.733, 171
Trd, 000243.183, 179
Trd, 000243.500, 177
Trd, 000244.200, 180
Trd, 000245.017, 179
Trd, 000245.583, 173
Trd, 000246.267, 175
Trd, 000246.417, 176
Trd, 000246.700, 175
Trd, 000247.267, 176
Trd, 000247.317, 174
Trd, 000247.900, 178
Trd, 000247.983, 176
Trd, 000248.517, 176
Trd, 000248.850, 163
Trd, 000249.900, 176
Trd, 000250.517, 178
Trd, 000250.567, 176
Trd, 000251.817, 177
Trd, 000252.200, 175
Trd, 000252.483, 176
Trd, 000252.700, 174
Trd, 000252.850, 172
Trd, 000252.950, 171
Trd, 000254.367, 172
Trd, 000254.783, 170
Trd, 000255.083, 173
Trd, 000255.600, 174
Trd, 000256.033, 179
Trd, 000256.183, 179
Trd, 000256.733, 179
Trd, 000257.117, 174
Trd, 000257.267, 173
Trd, 000257.350, 170
Trd, 000257.650, 171
Trd, 000258.350, 170
Trd, 000258.983, 168
Trd, 000259.050, 172
Trd, 000259.783, 173
Trd, 000260.550, 176
Trd, 000260.750, 172
Trd, 000262.000, 174
Trd, 000262.533, 173
Trd, 000262.700, 176
Trd, 000263.100, 175
Trd, 000263.767, 174
Trd, 000264.300, 173
Trd, 000264.717, 173
Trd, 000265.383, 172
Trd, 000265.450, 172
Trd, 000265.717, 171
Trd, 000266.100, 170
Trd, 000266.183, 174
Trd, 000266.950, 176
Trd, 000267.350, 181
Trd, 000268.350, 184
Trd, 000268.367, 181
Trd, 000268.517, 180
Trd, 000269.017, 182
Trd, 000269.150, 183
Trd, 000269.333, 179
Trd, 000269.400, 176
Trd, 000269.683, 173
Trd, 000269.700, 181
Trd, 000270.267, 172
Trd, 000271.450, 173
Trd, 000271.700, 173
Trd, 000272.733, 174
Trd, 000272.883, 173
Trd, 000273.333, 177
Trd, 000275.317, 175
Trd, 000275.383, 173
Trd, 000275.483, 172
Trd, 000275.733, 178
Trd, 000276.100, 177
Trd, 000276.350, 182
Trd, 000276.667, 179
Trd, 000277.417, 176
Trd, 000278.283, 181
Trd, 000278.600, 183
Trd, 000278.633, 183
Trd, 000278.650, 178
Trd, 000279.383, 185
Trd, 000279.617, 188
Trd, 000280.183, 181
Trd, 000280.383, 175
Trd, 000281.000, 173
Trd, 000281.750, 176
Trd, 000281.917, 182
Trd, 000282.700, 175
Trd, 000283.150, 166
Trd, 000283.900, 189
Trd, 000284.317, 189
Trd, 000284.450, 180
Trd, 000284.633, 169
Trd, 000285.183, 172
Trd, 000286.717, 175
Trd, 000286.767, 178
Trd, 000286.850, 175
Trd, 000286.933, 179
Trd, 000287.417, 187
Trd, 000287.717, 190
Trd, 000287.967, 188
Trd, 000288.017, 187
Trd, 000288.817, 189
Trd, 000289.467, 193
Trd, 000289.750, 190
Trd, 000289.967, 184
Trd, 000290.450, 182
Trd, 000290.700, 178
Trd, 000291.033, 191
Trd, 000291.200, 191
Trd, 000292.067, 181
Trd, 000292.900, 184
Trd, 000293.817, 184
Trd, 000294.200, 183
Trd, 000294.250, 182
Trd, 000294.500, 183
Trd, 000294.567, 169
Trd, 000294.700, 184
Trd, 000295.067, 170
Trd, 000295.167, 169
Trd, 000295.550, 184
Trd, 000296.550, 168
Trd, 000297.167, 173
Trd, 000297.350, 169
Trd, 000297.667, 174
Trd, 000297.967, 170
Trd, 000298.033, 169
Trd, 000298.083, 166
Trd, 000298.750, 165
Trd, 000298.983, 164
Trd, 000299.150, 163
Trd, 000299.617, 178
Trd, 000299.900, 167
Trd, 000299.950, 185
