Trd, 000001.217, 131
Trd, 000002.350, 120
Trd, 000003.233, 153
Trd, 000004.183, 172
Trd, 000005.717, 167
Trd, 000005.983, 167
Trd, 000007.483, 152
Trd, 000008.067, 152
Trd, 000008.183, 160
Trd, 000009.333, 152
Trd, 000009.350, 159
Trd, 000009.567, 151
Trd, 000010.350, 152
Trd, 000010.667, 149
Trd, 000010.750, 157
Trd, 000011.417, 154
Trd, 000011.900, 153
Trd, 000012.000, 156
Trd, 000012.117, 154
Trd, 000012.150, 152
Trd, 000012.200, 145
Trd, 000014.517, 153
Trd, 000015.233, 153
Trd, 000015.517, 152
Trd, 000016.050, 152
Trd, 000016.267, 152
Trd, 000016.500, 153
Trd, 000016.817, 152
Trd, 000016.917, 149
Trd, 000017.067, 164
Trd, 000017.083, 167
Trd, 000018.367, 150
Trd, 000019.333, 160
Trd, 000019.733, 157
Trd, 000019.783, 158
Trd, 000021.267, 151
Trd, 000021.683, 155
Trd, 000022.833, 155
Trd, 000024.117, 156
Trd, 000024.217, 156
Trd, 000024.250, 167
Trd, 000024.500, 168
Trd, 000024.683, 153
Trd, 000025.400, 153
Trd, 000027.767, 152
Trd, 000028.450, 152
Trd, 000028.533, 146
Trd, 000028.583, 143
Trd, 000029.000, 151
Trd, 000029.700, 147
Trd, 000030.000, 146
Trd, 000030.067, 145
Trd, 000030.217, 148
Trd, 000031.000, 151
Trd, 000031.500, 146
Trd, 000031.750, 151
Trd, 000032.917, 152
Trd, 000033.633, 154
Trd, 000033.883, 166
Trd, 000034.183, 148
Trd, 000035.183, 171
Trd, 000035.367, 151
Trd, 000036.717, 157
Trd, 000036.917, 155
Trd, 000037.150, 165
Trd, 000038.150, 161
Trd, 000039.500, 158
Trd, 000039.883, 157
Trd, 000041.583, 157
Trd, 000041.817, 158
Trd, 000041.983, 161
Trd, 000042.250, 160
Trd, 000042.533, 160
Trd, 000044.133, 157
Trd, 000044.633, 156
Trd, 000045.483, 175
Trd, 000045.917, 170
Trd, 000046.217, 157
Trd, 000047.183, 161
Trd, 000047.500, 155
Trd, 000048.033, 161
Trd, 000048.700, 168
Trd, 000049.750, 158
Trd, 000050.883, 160
Trd, 000051.250, 160
Trd, 000051.317, 159
Trd, 000051.667, 158
Trd, 000051.783, 158
Trd, 000052.150, 156
Trd, 000053.000, 159
Trd, 000053.183, 153
Trd, 000054.683, 153
Trd, 000055.333, 158
Trd, 000055.783, 157
Trd, 000056.483, 159
Trd, 000057.000, 158
Trd, 000057.300, 156
Trd, 000057.400, 170
Trd, 000058.283, 172
Trd, 000058.450, 174
Trd, 000060.217, 170
Trd, 000060.833, 171
Trd, 000061.017, 169
Trd, 000061.567, 175
Trd, 000061.817, 171
Trd, 000062.283, 171
Trd, 000063.183, 168
Trd, 000063.867, 160
Trd, 000064.167, 150
Trd, 000065.167, 165
Trd, 000065.883, 162
Trd, 000066.183, 161
Trd, 000067.200, 161
Trd, 000068.033, 160
Trd, 000068.483, 158
Trd, 000068.767, 154
Trd, 000068.983, 161
Trd, 000069.667, 160
Trd, 000070.167, 159
Trd, 000070.250, 160
Trd, 000070.433, 158
Trd, 000071.517, 159
Trd, 000071.800, 158
Trd, 000072.117, 156
Trd, 000073.167, 154
Trd, 000073.950, 155
Trd, 000074.133, 156
Trd, 000074.667, 155
Trd, 000074.767, 158
Trd, 000074.817, 175
Trd, 000075.200, 178
Trd, 000075.683, 166
Trd, 000077.050, 163
Trd, 000077.983, 159
Trd, 000078.350, 151
Trd, 000078.550, 174
Trd, 000080.367, 158
Trd, 000081.117, 161
Trd, 000081.367, 159
Trd, 000081.500, 159
Trd, 000081.683, 159
Trd, 000082.367, 159
Trd, 000082.800, 158
Trd, 000083.033, 159
Trd, 000083.133, 157
Trd, 000083.300, 161
Trd, 000084.600, 177
Trd, 000085.567, 162
Trd, 000085.650, 161
Trd, 000087.217, 162
Trd, 000087.350, 163
Trd, 000087.383, 164
Trd, 000088.117, 161
Trd, 000088.650, 162
Trd, 000089.250, 164
Trd, 000089.450, 160
Trd, 000089.883, 161
Trd, 000090.017, 159
Trd, 000091.200, 160
Trd, 000091.500, 161
Trd, 000091.850, 160
Trd, 000092.883, 162
Trd, 000093.233, 160
Trd, 000095.183, 164
Trd, 000095.467, 165
Trd, 000095.783, 164
Trd, 000096.267, 165
Trd, 000096.567, 164
Trd, 000096.733, 165
Trd, 000097.750, 164
Trd, 000098.733, 165
Trd, 000098.883, 164
Trd, 000099.817, 164
Trd, 000100.900, 163
Trd, 000101.150, 163
Trd, 000103.050, 163
Trd, 000103.617, 163
Trd, 000103.683, 162
Trd, 000103.800, 161
Trd, 000104.883, 158
Trd, 000105.300, 160
Trd, 000106.400, 160
Trd, 000106.417, 159
Trd, 000106.917, 158
Trd, 000107.433, 165
Trd, 000108.083, 170
Trd, 000109.067, 166
Trd, 000109.583, 170
Trd, 000110.183, 168
Trd, 000110.317, 165
Trd, 000110.817, 164
Trd, 000111.567, 167
Trd, 000111.683, 164
Trd, 000113.383, 160
Trd, 000113.683, 159
Trd, 000114.617, 160
Trd, 000114.883, 161
Trd, 000115.000, 162
Trd, 000115.250, 155
Trd, 000115.783, 163
Trd, 000115.900, 163
Trd, 000117.350, 165
Trd, 000117.950, 163
Trd, 000118.067, 160
Trd, 000118.600, 173
Trd, 000119.117, 181
Trd, 000119.283, 193
Trd, 000120.100, 166
Trd, 000121.483, 170
Trd, 000123.817, 170
Trd, 000123.867, 166
Trd, 000124.900, 167
Trd, 000124.967, 164
Trd, 000126.000, 165
Trd, 000126.350, 169
Trd, 000127.550, 168
Trd, 000128.133, 165
Trd, 000128.783, 165
Trd, 000129.183, 164
Trd, 000129.617, 167
Trd, 000130.750, 164
Trd, 000131.967, 164
Trd, 000132.317, 165
Trd, 000132.517, 166
Trd, 000132.650, 168
Trd, 000133.567, 168
Trd, 000133.600, 162
Trd, 000134.133, 163
Trd, 000134.433, 164
Trd, 000136.167, 166
Trd, 000136.317, 164
Trd, 000136.533, 176
Trd, 000139.150, 170
Trd, 000139.350, 166
Trd, 000140.183, 165
Trd, 000140.750, 162
Trd, 000140.933, 158
Trd, 000141.317, 167
Trd, 000142.000, 161
Trd, 000142.917, 167
Trd, 000143.750, 165
Trd, 000144.200, 174
Trd, 000144.433, 169
Trd, 000144.650, 168
Trd, 000145.867, 172
Trd, 000145.883, 167
Trd, 000146.333, 163
Trd, 000148.317, 170
Trd, 000148.617, 171
Trd, 000149.600, 169
Trd, 000149.817, 168
Trd, 000150.267, 166
Trd, 000150.833, 167
Trd, 000151.100, 166
Trd, 000151.167, 169
Trd, 000152.617, 166
Trd, 000152.633, 168
Trd, 000153.733, 164
Trd, 000153.750, 164
Trd, 000153.883, 165
Trd, 000155.117, 163
Trd, 000155.667, 162
Trd, 000155.717, 161
Trd, 000157.183, 163
Trd, 000157.500, 163
Trd, 000157.800, 161
Trd, 000158.033, 160
Trd, 000158.900, 164
Trd, 000159.650, 158
Trd, 000160.483, 159
Trd, 000160.817, 162
Trd, 000161.050, 167
Trd, 000162.167, 167
Trd, 000162.600, 168
Trd, 000162.783, 183
Trd, 000163.083, 167
Trd, 000165.083, 178
Trd, 000165.650, 171
Trd, 000166.100, 172
Trd, 000166.133, 171
Trd, 000167.817, 172
Trd, 000169.050, 173
Trd, 000169.500, 172
Trd, 000170.067, 173
Trd, 000170.350, 171
Trd, 000170.883, 170
Trd, 000170.900, 174
Trd, 000172.600, 171
Trd, 000173.467, 173
Trd, 000174.067, 174
Trd, 000174.683, 176
Trd, 000174.817, 177
Trd, 000174.900, 180
Trd, 000175.067, 171
Trd, 000175.200, 170
Trd, 000175.617, 170
Trd, 000175.667, 168
Trd, 000177.567, 170
Trd, 000177.583, 166
Trd, 000177.917, 167
Trd, 000178.133, 170
Trd, 000179.250, 168
Trd, 000179.333, 167
Trd, 000180.333, 167
Trd, 000180.683, 169
Trd, 000180.833, 167
Trd, 000181.250, 170
Trd, 000181.967, 168
Trd, 000182.600, 171
Trd, 000183.283, 171
Trd, 000183.367, 172
Trd, 000183.783, 172
Trd, 000183.800, 169
Trd, 000184.417, 179
Trd, 000184.567, 168
Trd, 000185.733, 169
Trd, 000186.067, 166
Trd, 000186.733, 170
Trd, 000187.500, 186
Trd, 000187.650, 162
Trd, 000189.983, 169
Trd, 000190.450, 172
Trd, 000190.500, 168
Trd, 000190.733, 169
Trd, 000191.750, 170
Trd, 000192.300, 170
Trd, 000193.667, 171
Trd, 000194.733, 173
Trd, 000194.833, 180
Trd, 000195.067, 172
Trd, 000195.167, 170
Trd, 000196.100, 170
Trd, 000196.517, 177
Trd, 000197.200, 177
Trd, 000197.950, 173
Trd, 000198.217, 169
Trd, 000198.433, 164
Trd, 000199.633, 175
Trd, 000199.900, 174
Trd, 000200.250, 174
Trd, 000200.550, 171
Trd, 000200.800, 170
Trd, 000201.817, 169
Trd, 000202.400, 169
Trd, 000202.633, 171
Trd, 000202.783, 168
Trd, 000202.900, 174
Trd, 000203.583, 164
Trd, 000205.517, 166
Trd, 000205.767, 166
Trd, 000206.050, 166
Trd, 000206.067, 165
Trd, 000207.283, 165
Trd, 000207.333, 164
Trd, 000208.250, 164
Trd, 000208.633, 165
Trd, 000209.367, 161
Trd, 000210.500, 164
Trd, 000210.750, 165
Trd, 000210.783, 172
Trd, 000211.750, 162
Trd, 000211.800, 179
Trd, 000212.183, 172
Trd, 000212.817, 174
Trd, 000212.883, 173
Trd, 000214.233, 173
Trd, 000214.267, 172
Trd, 000214.733, 171
Trd, 000215.917, 168
Trd, 000216.433, 171
Trd, 000217.083, 169
Trd, 000218.217, 170
Trd, 000218.233, 171
Trd, 000218.733, 173
Trd, 000219.817, 170
Trd, 000220.200, 173
Trd, 000220.450, 172
Trd, 000221.517, 171
Trd, 000222.217, 173
Trd, 000222.400, 173
Trd, 000222.883, 168
Trd, 000223.183, 172
Trd, 000223.567, 166
Trd, 000224.383, 172
Trd, 000225.117, 172
Trd, 000226.550, 173
Trd, 000227.633, 170
Trd, 000228.350, 171
Trd, 000228.817, 175
Trd, 000228.900, 183
Trd, 000228.933, 170
Trd, 000230.683, 185
Trd, 000232.450, 177
Trd, 000232.633, 178
Trd, 000232.950, 186
Trd, 000234.233, 178
Trd, 000234.500, 185
Trd, 000235.200, 178
Trd, 000235.700, 183
Trd, 000236.200, 181
Trd, 000237.200, 183
Trd, 000237.583, 182
Trd, 000239.667, 186
Trd, 000239.717, 182
Trd, 000239.800, 178
Trd, 000240.400, 184
Trd, 000240.550, 186
Trd, 000240.700, 192
Trd, 000240.783, 187
Trd, 000240.800, 185
Trd, 000241.833, 191
Trd, 000241.850, 189
Trd, 000241.917, 185
Trd, 000242.117, 182
Trd, 000242.150, 188
Trd, 000242.217, 175
Trd, 000242.317, 190
Trd, 000243.550, 178
Trd, 000243.700, 177
Trd, 000243.883, 176
Trd, 000244.567, 173
Trd, 000245.083, 175
Trd, 000245.350, 175
Trd, 000246.483, 176
Trd, 000246.700, 175
Trd, 000246.833, 176
Trd, 000247.033, 175
Trd, 000247.317, 174
Trd, 000247.517, 173
Trd, 000247.800, 174
Trd, 000248.667, 169
Trd, 000249.300, 171
Trd, 000250.533, 171
Trd, 000251.083, 171
Trd, 000251.317, 171
Trd, 000251.750, 168
Trd, 000251.883, 166
Trd, 000252.267, 168
Trd, 000252.450, 162
Trd, 000252.517, 172
Trd, 000253.617, 174
Trd, 000253.950, 173
Trd, 000254.133, 169
Trd, 000254.633, 170
Trd, 000255.167, 168
Trd, 000255.550, 170
Trd, 000255.600, 173
Trd, 000256.517, 178
Trd, 000256.717, 179
Trd, 000257.183, 182
Trd, 000257.533, 179
Trd, 000257.600, 183
Trd, 000257.833, 178
Trd, 000258.583, 170
Trd, 000258.650, 165
Trd, 000259.017, 170
Trd, 000259.867, 174
Trd, 000260.700, 175
Trd, 000261.050, 172
Trd, 000261.133, 173
Trd, 000261.183, 177
Trd, 000262.583, 194
Trd, 000263.217, 190
Trd, 000263.467, 185
Trd, 000263.633, 186
Trd, 000264.033, 183
Trd, 000264.450, 180
Trd, 000264.900, 181
Trd, 000265.317, 177
Trd, 000265.550, 185
Trd, 000265.750, 172
Trd, 000266.000, 179
Trd, 000266.333, 177
Trd, 000266.400, 178
Trd, 000266.650, 180
Trd, 000266.783, 177
Trd, 000267.033, 181
Trd, 000268.250, 180
Trd, 000268.417, 179
Trd, 000268.467, 181
Trd, 000268.567, 178
Trd, 000268.950, 176
Trd, 000269.333, 171
Trd, 000270.367, 175
Trd, 000270.417, 172
Trd, 000271.333, 178
Trd, 000271.467, 176
Trd, 000272.350, 176
Trd, 000273.100, 178
Trd, 000273.850, 179
Trd, 000274.267, 184
Trd, 000275.133, 178
Trd, 000275.350, 178
Trd, 000275.550, 181
Trd, 000275.617, 178
Trd, 000276.167, 185
Trd, 000276.300, 190
Trd, 000276.350, 182
Trd, 000277.117, 191
Trd, 000278.350, 185
Trd, 000278.417, 186
Trd, 000278.600, 182
Trd, 000278.650, 181
Trd, 000278.667, 179
Trd, 000278.917, 175
Trd, 000279.183, 179
Trd, 000279.633, 186
Trd, 000279.900, 190
Trd, 000280.283, 193
Trd, 000280.433, 193
Trd, 000280.833, 182
Trd, 000281.583, 177
Trd, 000281.717, 179
Trd, 000282.350, 180
Trd, 000282.600, 176
Trd, 000282.633, 185
Trd, 000282.750, 176
Trd, 000282.867, 176
Trd, 000283.350, 183
Trd, 000284.467, 194
Trd, 000284.683, 196
Trd, 000285.200, 190
Trd, 000285.650, 188
Trd, 000285.850, 181
Trd, 000286.033, 198
Trd, 000287.217, 190
Trd, 000287.750, 177
Trd, 000288.400, 189
Trd, 000288.750, 185
Trd, 000288.883, 172
Trd, 000289.600, 180
Trd, 000289.833, 179
Trd, 000290.750, 175
Trd, 000290.800, 173
Trd, 000291.417, 172
Trd, 000291.467, 185
Trd, 000291.550, 186
Trd, 000291.767, 188
Trd, 000292.183, 188
Trd, 000292.517, 193
Trd, 000293.233, 179
Trd, 000293.267, 177
Trd, 000293.317, 185
Trd, 000293.600, 170
Trd, 000293.983, 197
Trd, 000295.950, 185
Trd, 000296.333, 185
Trd, 000296.800, 181
Trd, 000297.033, 181
Trd, 000297.250, 178
Trd, 000297.517, 195
Trd, 000297.850, 181
Trd, 000297.933, 166
Trd, 000298.367, 186
Trd, 000298.400, 187
Trd, 000298.750, 195
Trd, 000299.433, 204
Trd, 000299.633, 202
Trd, 000299.933, 198
