Trd, 000001.500, 115
Trd, 000001.550, 149
Trd, 000002.000, 122
Trd, 000002.433, 143
Trd, 000004.600, 135
Trd, 000004.633, 134
Trd, 000005.100, 143
Trd, 000005.183, 146
Trd, 000005.350, 151
Trd, 000005.667, 155
Trd, 000007.533, 146
Trd, 000007.933, 144
Trd, 000008.850, 144
Trd, 000008.900, 145
Trd, 000009.267, 142
Trd, 000009.433, 142
Trd, 000009.650, 140
Trd, 000009.950, 144
Trd, 000009.983, 152
Trd, 000010.200, 139
Trd, 000012.017, 155
Trd, 000013.500, 148
Trd, 000014.067, 149
Trd, 000014.117, 150
Trd, 000014.283, 151
Trd, 000014.533, 152
Trd, 000015.117, 151
Trd, 000016.383, 154
Trd, 000016.567, 156
Trd, 000017.017, 156
Trd, 000017.883, 157
Trd, 000018.300, 159
Trd, 000018.567, 167
Trd, 000018.800, 169
Trd, 000020.083, 158
Trd, 000021.000, 158
Trd, 000021.067, 161
Trd, 000021.517, 162
Trd, 000021.733, 161
Trd, 000023.033, 161
Trd, 000023.300, 160
Trd, 000023.383, 161
Trd, 000024.817, 156
Trd, 000025.450, 155
Trd, 000025.583, 156
Trd, 000025.667, 158
Trd, 000026.433, 155
Trd, 000028.500, 156
Trd, 000028.583, 157
Trd, 000028.667, 168
Trd, 000029.317, 166
Trd, 000029.583, 155
Trd, 000030.483, 161
Trd, 000031.983, 158
Trd, 000032.683, 159
Trd, 000033.700, 158
Trd, 000033.900, 159
Trd, 000034.417, 159
Trd, 000034.533, 158
Trd, 000034.950, 159
Trd, 000035.600, 159
Trd, 000035.650, 159
Trd, 000036.967, 161
Trd, 000037.033, 160
Trd, 000037.717, 172
Trd, 000038.383, 160
Trd, 000039.017, 174
Trd, 000040.433, 167
Trd, 000040.600, 166
Trd, 000040.800, 167
Trd, 000041.267, 168
Trd, 000041.850, 168
Trd, 000042.550, 166
Trd, 000043.450, 166
Trd, 000043.633, 161
Trd, 000044.817, 162
Trd, 000045.717, 158
Trd, 000045.800, 158
Trd, 000046.550, 157
Trd, 000047.100, 159
Trd, 000047.600, 160
Trd, 000048.683, 159
Trd, 000049.267, 158
Trd, 000049.450, 160
Trd, 000049.650, 159
Trd, 000050.083, 160
Trd, 000051.000, 159
Trd, 000051.117, 161
Trd, 000051.917, 160
Trd, 000052.050, 161
Trd, 000052.267, 158
Trd, 000052.417, 142
Trd, 000054.317, 159
Trd, 000054.650, 160
Trd, 000055.733, 159
Trd, 000055.867, 160
Trd, 000056.500, 157
Trd, 000057.550, 157
Trd, 000058.117, 161
Trd, 000058.833, 159
Trd, 000058.867, 158
Trd, 000059.900, 159
Trd, 000060.233, 157
Trd, 000062.100, 159
Trd, 000062.283, 159
Trd, 000062.850, 159
Trd, 000063.417, 158
Trd, 000063.700, 161
Trd, 000064.967, 161
Trd, 000065.150, 160
Trd, 000065.417, 170
Trd, 000067.017, 164
Trd, 000067.067, 164
Trd, 000067.633, 163
Trd, 000068.150, 162
Trd, 000068.200, 166
Trd, 000069.783, 161
Trd, 000070.350, 161
Trd, 000070.417, 164
Trd, 000070.533, 158
Trd, 000070.683, 157
Trd, 000070.950, 161
Trd, 000071.367, 158
Trd, 000071.383, 160
Trd, 000071.717, 162
Trd, 000072.167, 168
Trd, 000074.217, 164
Trd, 000075.017, 167
Trd, 000075.150, 168
Trd, 000076.250, 169
Trd, 000076.383, 168
Trd, 000078.083, 168
Trd, 000078.117, 169
Trd, 000078.500, 169
Trd, 000079.483, 170
Trd, 000079.967, 163
Trd, 000080.000, 170
Trd, 000080.033, 171
Trd, 000080.333, 168
Trd, 000080.367, 172
Trd, 000080.567, 172
Trd, 000083.067, 172
Trd, 000083.133, 164
Trd, 000083.517, 164
Trd, 000085.150, 166
Trd, 000085.200, 167
Trd, 000085.650, 168
Trd, 000086.067, 165
Trd, 000087.683, 164
Trd, 000088.283, 165
Trd, 000088.567, 164
Trd, 000089.650, 162
Trd, 000089.700, 162
Trd, 000090.967, 162
Trd, 000091.267, 163
Trd, 000091.317, 164
Trd, 000091.517, 162
Trd, 000092.100, 164
Trd, 000092.867, 164
Trd, 000094.350, 163
Trd, 000094.383, 164
Trd, 000095.017, 163
Trd, 000095.367, 164
Trd, 000095.817, 165
Trd, 000096.167, 165
Trd, 000096.617, 167
Trd, 000097.183, 166
Trd, 000097.283, 164
Trd, 000097.450, 164
Trd, 000097.550, 162
Trd, 000099.117, 160
Trd, 000099.583, 162
Trd, 000100.367, 164
Trd, 000100.667, 164
Trd, 000101.133, 167
Trd, 000101.767, 161
Trd, 000101.983, 166
Trd, 000103.300, 153
Trd, 000103.833, 154
Trd, 000103.933, 154
Trd, 000104.783, 154
Trd, 000105.000, 154
Trd, 000105.550, 156
Trd, 000106.317, 161
Trd, 000107.050, 159
Trd, 000107.933, 158
Trd, 000108.000, 159
Trd, 000108.383, 158
Trd, 000109.817, 166
Trd, 000110.500, 174
Trd, 000112.117, 171
Trd, 000112.317, 161
Trd, 000113.283, 168
Trd, 000113.583, 177
Trd, 000114.317, 171
Trd, 000115.417, 175
Trd, 000115.550, 174
Trd, 000115.683, 173
Trd, 000116.033, 176
Trd, 000116.367, 173
Trd, 000116.417, 171
Trd, 000116.817, 175
Trd, 000117.483, 177
Trd, 000118.683, 173
Trd, 000118.850, 173
Trd, 000119.217, 173
Trd, 000119.583, 173
Trd, 000119.617, 172
Trd, 000120.317, 166
Trd, 000121.367, 168
Trd, 000122.117, 173
Trd, 000122.833, 167
Trd, 000123.867, 169
Trd, 000124.567, 170
Trd, 000124.933, 170
Trd, 000125.383, 180
Trd, 000125.433, 182
Trd, 000128.233, 171
Trd, 000128.733, 173
Trd, 000129.633, 171
Trd, 000130.067, 172
Trd, 000130.233, 172
Trd, 000131.633, 171
Trd, 000132.967, 172
Trd, 000133.200, 168
Trd, 000133.333, 172
Trd, 000133.783, 166
Trd, 000134.700, 169
Trd, 000135.867, 167
Trd, 000136.200, 167
Trd, 000136.600, 168
Trd, 000137.283, 169
Trd, 000139.367, 167
Trd, 000139.433, 169
Trd, 000139.617, 169
Trd, 000139.850, 169
Trd, 000140.767, 169
Trd, 000141.433, 170
Trd, 000141.533, 169
Trd, 000142.433, 168
Trd, 000143.667, 168
Trd, 000144.533, 168
Trd, 000145.250, 167
Trd, 000145.733, 167
Trd, 000145.950, 168
Trd, 000146.267, 169
Trd, 000147.933, 169
Trd, 000148.167, 168
Trd, 000148.883, 166
Trd, 000149.350, 168
Trd, 000149.367, 168
Trd, 000149.517, 170
Trd, 000150.717, 171
Trd, 000151.100, 180
Trd, 000151.883, 175
Trd, 000151.917, 176
Trd, 000152.667, 165
Trd, 000153.550, 163
Trd, 000154.517, 164
Trd, 000154.683, 162
Trd, 000155.850, 161
Trd, 000156.083, 159
Trd, 000156.183, 161
Trd, 000157.017, 164
Trd, 000157.167, 166
Trd, 000159.550, 164
Trd, 000160.150, 165
Trd, 000160.367, 168
Trd, 000160.467, 164
Trd, 000161.667, 169
Trd, 000162.567, 169
Trd, 000163.033, 169
Trd, 000163.100, 171
Trd, 000164.483, 170
Trd, 000164.950, 169
Trd, 000165.300, 169
Trd, 000166.050, 170
Trd, 000166.217, 171
Trd, 000166.450, 181
Trd, 000168.317, 175
Trd, 000168.367, 184
Trd, 000169.067, 174
Trd, 000169.150, 170
Trd, 000170.067, 175
Trd, 000170.883, 173
Trd, 000170.983, 176
Trd, 000172.183, 176
Trd, 000172.217, 175
Trd, 000172.917, 172
Trd, 000173.067, 170
Trd, 000173.950, 171
Trd, 000174.817, 170
Trd, 000175.067, 172
Trd, 000175.200, 173
Trd, 000176.017, 173
Trd, 000176.217, 175
Trd, 000177.383, 172
Trd, 000177.483, 179
Trd, 000177.750, 169
Trd, 000179.283, 176
Trd, 000181.233, 171
Trd, 000181.983, 170
Trd, 000182.167, 172
Trd, 000184.150, 169
Trd, 000184.317, 169
Trd, 000184.350, 170
Trd, 000184.750, 171
Trd, 000185.000, 170
Trd, 000185.483, 172
Trd, 000185.867, 170
Trd, 000187.317, 171
Trd, 000187.683, 172
Trd, 000189.183, 172
Trd, 000189.200, 169
Trd, 000189.333, 173
Trd, 000189.883, 174
Trd, 000190.567, 173
Trd, 000191.050, 172
Trd, 000191.133, 172
Trd, 000192.200, 170
Trd, 000192.583, 171
Trd, 000192.633, 172
Trd, 000192.933, 173
Trd, 000193.900, 171
Trd, 000194.650, 172
Trd, 000195.200, 171
Trd, 000196.250, 172
Trd, 000196.417, 171
Trd, 000196.517, 174
Trd, 000198.367, 172
Trd, 000198.783, 174
Trd, 000198.933, 174
Trd, 000199.383, 173
Trd, 000199.583, 171
Trd, 000200.400, 173
Trd, 000200.967, 174
Trd, 000203.050, 174
Trd, 000205.233, 174
Trd, 000205.500, 174
Trd, 000205.967, 174
Trd, 000206.867, 172
Trd, 000207.050, 173
Trd, 000207.767, 174
Trd, 000207.900, 173
Trd, 000208.633, 174
Trd, 000209.117, 173
Trd, 000209.167, 174
Trd, 000209.550, 172
Trd, 000210.417, 173
Trd, 000210.883, 172
Trd, 000211.067, 174
Trd, 000211.383, 174
Trd, 000213.283, 174
Trd, 000213.367, 173
Trd, 000213.867, 175
Trd, 000214.167, 176
Trd, 000215.150, 174
Trd, 000215.550, 175
Trd, 000216.250, 171
Trd, 000216.783, 174
Trd, 000218.117, 173
Trd, 000219.800, 174
Trd, 000220.517, 174
Trd, 000220.683, 173
Trd, 000221.033, 174
Trd, 000221.417, 172
Trd, 000221.717, 173
Trd, 000222.617, 173
Trd, 000223.300, 174
Trd, 000224.550, 173
Trd, 000224.733, 175
Trd, 000224.917, 171
Trd, 000226.117, 171
Trd, 000226.317, 173
Trd, 000226.383, 169
Trd, 000227.067, 172
Trd, 000227.367, 171
Trd, 000228.783, 171
Trd, 000229.400, 171
Trd, 000230.400, 171
Trd, 000231.467, 172
Trd, 000232.067, 174
Trd, 000232.233, 173
Trd, 000232.683, 174
Trd, 000233.517, 174
Trd, 000233.900, 175
Trd, 000234.550, 178
Trd, 000235.183, 190
Trd, 000235.550, 190
Trd, 000236.067, 176
Trd, 000236.933, 179
Trd, 000237.200, 185
Trd, 000238.167, 178
Trd, 000238.650, 179
Trd, 000240.967, 177
Trd, 000241.117, 178
Trd, 000241.133, 178
Trd, 000241.150, 182
Trd, 000241.267, 177
Trd, 000241.617, 172
Trd, 000241.833, 182
Trd, 000242.850, 185
Trd, 000244.067, 180
Trd, 000244.500, 178
Trd, 000245.017, 180
Trd, 000245.167, 181
Trd, 000245.300, 177
Trd, 000245.333, 174
Trd, 000246.667, 180
Trd, 000247.067, 180
Trd, 000248.483, 178
Trd, 000248.517, 180
Trd, 000248.983, 178
Trd, 000249.300, 179
Trd, 000249.817, 178
Trd, 000249.850, 179
Trd, 000249.900, 181
Trd, 000250.167, 183
Trd, 000251.367, 182
Trd, 000251.900, 178
Trd, 000252.000, 181
Trd, 000252.150, 177
Trd, 000253.900, 179
Trd, 000254.583, 181
Trd, 000254.867, 183
Trd, 000255.217, 180
Trd, 000256.217, 181
Trd, 000256.267, 181
Trd, 000256.283, 182
Trd, 000256.567, 181
Trd, 000256.967, 181
Trd, 000257.033, 181
Trd, 000257.383, 178
Trd, 000259.483, 175
Trd, 000260.133, 174
Trd, 000260.150, 177
Trd, 000260.800, 177
Trd, 000261.083, 177
Trd, 000261.250, 176
Trd, 000261.450, 178
Trd, 000262.083, 177
Trd, 000262.233, 180
Trd, 000262.533, 181
Trd, 000263.000, 188
Trd, 000263.600, 184
Trd, 000264.500, 181
Trd, 000264.583, 183
Trd, 000265.167, 182
Trd, 000266.167, 181
Trd, 000266.483, 181
Trd, 000266.850, 181
Trd, 000267.033, 184
Trd, 000267.217, 184
Trd, 000268.233, 184
Trd, 000268.650, 179
Trd, 000269.733, 179
Trd, 000269.967, 182
Trd, 000270.100, 182
Trd, 000270.667, 179
Trd, 000270.750, 178
Trd, 000271.050, 180
Trd, 000271.117, 180
Trd, 000271.300, 177
Trd, 000272.883, 182
Trd, 000273.483, 181
Trd, 000273.617, 176
Trd, 000273.917, 177
Trd, 000275.033, 182
Trd, 000275.100, 182
Trd, 000275.300, 185
Trd, 000275.683, 188
Trd, 000276.317, 182
Trd, 000276.367, 181
Trd, 000277.033, 183
Trd, 000277.600, 183
Trd, 000277.800, 182
Trd, 000277.983, 177
Trd, 000279.383, 183
Trd, 000279.783, 184
Trd, 000280.767, 183
Trd, 000280.900, 183
Trd, 000281.767, 183
Trd, 000281.833, 183
Trd, 000282.417, 181
Trd, 000282.883, 183
Trd, 000283.300, 185
Trd, 000283.333, 186
Trd, 000283.517, 190
Trd, 000283.683, 193
Trd, 000283.883, 196
Trd, 000285.417, 186
Trd, 000285.483, 183
Trd, 000285.650, 183
Trd, 000285.833, 185
Trd, 000286.233, 185
Trd, 000286.750, 182
Trd, 000287.883, 178
Trd, 000288.000, 165
Trd, 000288.017, 186
Trd, 000289.000, 185
Trd, 000289.167, 187
Trd, 000289.417, 179
Trd, 000289.517, 193
Trd, 000289.683, 178
Trd, 000290.567, 184
Trd, 000290.683, 193
Trd, 000290.900, 191
Trd, 000291.517, 186
Trd, 000292.583, 184
Trd, 000292.633, 185
Trd, 000292.817, 178
Trd, 000292.983, 185
Trd, 000293.267, 185
Trd, 000294.233, 182
Trd, 000294.500, 184
Trd, 000294.633, 184
Trd, 000295.250, 186
Trd, 000296.117, 186
Trd, 000296.250, 187
Trd, 000296.717, 185
Trd, 000297.750, 187
Trd, 000299.600, 181
