Trd, 000002.117, 182
Trd, 000003.100, 187
Trd, 000003.750, 165
Trd, 000004.067, 149
Trd, 000004.217, 184
Trd, 000004.667, 168
Trd, 000005.650, 153
Trd, 000005.800, 151
Trd, 000006.967, 150
Trd, 000007.083, 149
Trd, 000007.250, 162
Trd, 000007.850, 162
Trd, 000008.417, 163
Trd, 000009.633, 169
Trd, 000010.650, 165
Trd, 000011.233, 161
Trd, 000011.583, 159
Trd, 000011.817, 162
Trd, 000012.317, 154
Trd, 000012.683, 156
Trd, 000012.700, 149
Trd, 000013.167, 155
Trd, 000013.183, 162
Trd, 000013.467, 144
Trd, 000015.750, 148
Trd, 000015.800, 155
Trd, 000016.000, 147
Trd, 000016.100, 146
Trd, 000016.833, 152
Trd, 000017.183, 154
Trd, 000017.450, 150
Trd, 000017.650, 152
Trd, 000018.150, 149
Trd, 000018.583, 161
Trd, 000019.383, 162
Trd, 000020.217, 155
Trd, 000020.533, 158
Trd, 000021.800, 159
Trd, 000022.133, 157
Trd, 000022.400, 156
Trd, 000022.817, 153
Trd, 000023.050, 158
Trd, 000023.267, 160
Trd, 000024.283, 164
Trd, 000024.350, 161
Trd, 000024.417, 174
Trd, 000024.433, 177
Trd, 000025.733, 167
Trd, 000025.867, 168
Trd, 000026.133, 164
Trd, 000026.417, 161
Trd, 000027.117, 160
Trd, 000028.167, 165
Trd, 000028.317, 167
Trd, 000028.600, 156
Trd, 000028.633, 159
Trd, 000028.950, 151
Trd, 000029.317, 146
Trd, 000029.350, 171
Trd, 000031.400, 166
Trd, 000031.800, 166
Trd, 000032.000, 166
Trd, 000032.483, 165
Trd, 000033.133, 161
Trd, 000033.183, 156
Trd, 000033.567, 166
Trd, 000034.083, 146
Trd, 000034.250, 164
Trd, 000034.433, 144
Trd, 000034.650, 143
Trd, 000035.983, 158
Trd, 000037.133, 162
Trd, 000037.300, 155
Trd, 000039.217, 162
Trd, 000039.500, 154
Trd, 000040.533, 156
Trd, 000040.933, 156
Trd, 000041.050, 155
Trd, 000041.217, 156
Trd, 000041.367, 156
Trd, 000041.533, 155
Trd, 000041.783, 155
Trd, 000042.267, 156
Trd, 000042.367, 157
Trd, 000042.450, 153
Trd, 000042.750, 166
Trd, 000042.783, 153
Trd, 000043.433, 176
Trd, 000044.233, 167
Trd, 000044.250, 158
Trd, 000046.633, 158
Trd, 000047.017, 162
Trd, 000047.783, 162
Trd, 000048.433, 159
Trd, 000049.400, 158
Trd, 000049.567, 158
Trd, 000049.600, 162
Trd, 000050.667, 158
Trd, 000050.783, 167
Trd, 000051.617, 157
Trd, 000051.767, 155
Trd, 000052.050, 161
Trd, 000052.600, 175
Trd, 000052.767, 153
Trd, 000052.867, 177
Trd, 000053.967, 164
Trd, 000054.733, 169
Trd, 000056.000, 154
Trd, 000056.033, 164
Trd, 000056.367, 153
Trd, 000056.717, 164
Trd, 000057.033, 157
Trd, 000057.517, 164
Trd, 000057.667, 166
Trd, 000057.700, 149
Trd, 000058.183, 144
Trd, 000058.433, 166
Trd, 000059.050, 152
Trd, 000059.300, 142
Trd, 000060.700, 161
Trd, 000061.100, 148
Trd, 000061.867, 155
Trd, 000062.983, 160
Trd, 000063.317, 159
Trd, 000064.317, 163
Trd, 000064.517, 159
Trd, 000065.133, 184
Trd, 000065.383, 170
Trd, 000065.983, 166
Trd, 000066.067, 168
Trd, 000066.300, 165
Trd, 000067.200, 177
Trd, 000067.950, 156
Trd, 000068.283, 154
Trd, 000068.750, 161
Trd, 000068.817, 149
Trd, 000069.183, 179
Trd, 000069.800, 155
Trd, 000069.983, 164
Trd, 000071.217, 160
Trd, 000071.450, 159
Trd, 000071.683, 162
Trd, 000072.233, 161
Trd, 000072.350, 159
Trd, 000073.250, 162
Trd, 000074.133, 159
Trd, 000074.217, 167
Trd, 000074.283, 169
Trd, 000075.850, 156
Trd, 000076.217, 155
Trd, 000077.383, 151
Trd, 000077.567, 162
Trd, 000078.350, 162
Trd, 000078.533, 168
Trd, 000079.350, 160
Trd, 000079.550, 170
Trd, 000079.683, 173
Trd, 000079.983, 180
Trd, 000080.133, 156
Trd, 000080.767, 157
Trd, 000080.783, 156
Trd, 000083.033, 155
Trd, 000083.217, 157
Trd, 000083.233, 154
Trd, 000084.467, 154
Trd, 000085.183, 153
Trd, 000085.533, 155
Trd, 000085.617, 156
Trd, 000085.650, 159
Trd, 000087.050, 163
Trd, 000087.733, 159
Trd, 000088.550, 159
Trd, 000088.633, 164
Trd, 000088.667, 167
Trd, 000089.100, 159
Trd, 000089.350, 165
Trd, 000089.583, 155
Trd, 000089.700, 154
Trd, 000089.883, 149
Trd, 000091.283, 157
Trd, 000091.550, 152
Trd, 000093.717, 158
Trd, 000093.733, 158
Trd, 000094.717, 157
Trd, 000094.983, 164
Trd, 000095.167, 157
Trd, 000096.433, 157
Trd, 000097.083, 170
Trd, 000097.450, 171
Trd, 000097.800, 158
Trd, 000097.933, 167
Trd, 000098.350, 184
Trd, 000098.383, 170
Trd, 000099.550, 157
Trd, 000100.267, 159
Trd, 000100.283, 158
Trd, 000101.117, 163
Trd, 000101.167, 150
Trd, 000101.417, 165
Trd, 000101.550, 168
Trd, 000102.767, 157
Trd, 000103.450, 160
Trd, 000103.750, 156
Trd, 000104.517, 160
Trd, 000104.917, 172
Trd, 000105.767, 159
Trd, 000105.983, 163
Trd, 000106.700, 163
Trd, 000107.967, 160
Trd, 000107.983, 166
Trd, 000108.167, 161
Trd, 000108.317, 160
Trd, 000108.667, 173
Trd, 000109.200, 169
Trd, 000109.500, 170
Trd, 000109.767, 159
Trd, 000110.567, 185
Trd, 000110.850, 160
Trd, 000111.717, 160
Trd, 000111.983, 159
Trd, 000112.083, 172
Trd, 000113.467, 161
Trd, 000113.633, 160
Trd, 000113.800, 169
Trd, 000115.367, 165
Trd, 000115.467, 158
Trd, 000116.100, 162
Trd, 000116.350, 164
Trd, 000117.167, 163
Trd, 000117.183, 167
Trd, 000117.383, 169
Trd, 000117.950, 163
Trd, 000118.217, 173
Trd, 000118.300, 184
Trd, 000118.800, 160
Trd, 000119.583, 165
Trd, 000120.167, 164
Trd, 000120.300, 163
Trd, 000120.550, 168
Trd, 000121.417, 163
Trd, 000123.350, 165
Trd, 000123.750, 173
Trd, 000123.800, 164
Trd, 000123.950, 160
Trd, 000124.767, 164
Trd, 000124.800, 170
Trd, 000124.900, 173
Trd, 000125.550, 173
Trd, 000125.817, 174
Trd, 000125.900, 184
Trd, 000126.433, 183
Trd, 000126.850, 165
Trd, 000126.867, 187
Trd, 000127.783, 164
Trd, 000128.150, 183
Trd, 000129.350, 170
Trd, 000129.400, 171
Trd, 000129.750, 168
Trd, 000130.967, 171
Trd, 000132.083, 172
Trd, 000132.350, 170
Trd, 000132.517, 166
Trd, 000133.167, 156
Trd, 000133.583, 161
Trd, 000134.067, 168
Trd, 000134.333, 169
Trd, 000134.900, 169
Trd, 000136.150, 170
Trd, 000136.450, 171
Trd, 000136.867, 167
Trd, 000137.867, 172
Trd, 000138.500, 167
Trd, 000139.017, 172
Trd, 000139.583, 162
Trd, 000139.800, 155
Trd, 000140.083, 172
Trd, 000141.250, 166
Trd, 000141.300, 165
Trd, 000142.983, 167
Trd, 000143.083, 168
Trd, 000143.583, 171
Trd, 000143.600, 176
Trd, 000143.950, 167
Trd, 000144.817, 182
Trd, 000145.117, 168
Trd, 000145.283, 154
Trd, 000145.600, 162
Trd, 000146.100, 173
Trd, 000146.433, 165
Trd, 000146.867, 157
Trd, 000147.083, 154
Trd, 000147.350, 166
Trd, 000147.600, 153
Trd, 000147.850, 154
Trd, 000148.167, 164
Trd, 000148.983, 155
Trd, 000149.217, 164
Trd, 000149.433, 163
Trd, 000150.183, 175
Trd, 000150.583, 175
Trd, 000151.800, 161
Trd, 000152.400, 171
Trd, 000152.467, 165
Trd, 000152.700, 177
Trd, 000154.250, 166
Trd, 000154.383, 185
Trd, 000154.667, 166
Trd, 000154.733, 186
Trd, 000155.333, 166
Trd, 000155.667, 166
Trd, 000155.683, 206
Trd, 000155.733, 198
Trd, 000156.050, 163
Trd, 000156.750, 167
Trd, 000156.833, 181
Trd, 000157.133, 155
Trd, 000158.900, 176
Trd, 000159.167, 174
Trd, 000159.500, 175
Trd, 000159.567, 173
Trd, 000160.267, 175
Trd, 000162.583, 170
Trd, 000162.717, 164
Trd, 000162.800, 171
Trd, 000162.883, 174
Trd, 000163.233, 169
Trd, 000163.367, 174
Trd, 000164.800, 163
Trd, 000165.433, 175
Trd, 000166.017, 187
Trd, 000166.550, 181
Trd, 000167.833, 184
Trd, 000167.950, 176
Trd, 000168.333, 186
Trd, 000169.083, 185
Trd, 000169.717, 187
Trd, 000170.917, 179
Trd, 000171.117, 179
Trd, 000171.317, 175
Trd, 000171.833, 167
Trd, 000172.683, 183
Trd, 000172.850, 182
Trd, 000174.400, 181
Trd, 000174.550, 189
Trd, 000175.150, 173
Trd, 000175.317, 185
Trd, 000175.400, 171
Trd, 000175.783, 175
Trd, 000176.600, 186
Trd, 000176.817, 183
Trd, 000177.017, 186
Trd, 000177.633, 175
Trd, 000179.017, 182
Trd, 000179.483, 174
Trd, 000180.550, 177
Trd, 000181.717, 179
Trd, 000181.817, 177
Trd, 000182.100, 166
Trd, 000183.850, 171
Trd, 000183.967, 176
Trd, 000184.267, 176
Trd, 000184.300, 177
Trd, 000184.583, 179
Trd, 000184.900, 178
Trd, 000184.967, 170
Trd, 000185.333, 161
Trd, 000185.933, 180
Trd, 000187.267, 169
Trd, 000187.983, 167
Trd, 000188.750, 173
Trd, 000189.000, 167
Trd, 000189.500, 167
Trd, 000189.633, 163
Trd, 000190.183, 164
Trd, 000190.283, 175
Trd, 000190.800, 163
Trd, 000191.683, 175
Trd, 000193.400, 163
Trd, 000193.567, 174
Trd, 000193.850, 170
Trd, 000194.200, 176
Trd, 000195.567, 169
Trd, 000196.033, 167
Trd, 000196.150, 176
Trd, 000196.700, 177
Trd, 000196.767, 177
Trd, 000196.983, 169
Trd, 000197.067, 169
Trd, 000197.117, 167
Trd, 000198.850, 177
Trd, 000199.333, 170
Trd, 000200.017, 171
Trd, 000200.217, 177
Trd, 000201.750, 172
Trd, 000201.817, 174
Trd, 000201.883, 171
Trd, 000202.267, 174
Trd, 000202.483, 178
Trd, 000202.733, 182
Trd, 000203.817, 190
Trd, 000203.867, 192
Trd, 000204.933, 173
Trd, 000206.233, 175
Trd, 000206.750, 175
Trd, 000207.250, 174
Trd, 000208.333, 179
Trd, 000209.733, 179
Trd, 000210.100, 176
Trd, 000210.683, 177
Trd, 000210.867, 179
Trd, 000211.067, 183
Trd, 000211.217, 189
Trd, 000211.433, 175
Trd, 000212.017, 182
Trd, 000212.600, 192
Trd, 000213.333, 179
Trd, 000213.483, 177
Trd, 000213.817, 175
Trd, 000214.950, 179
Trd, 000215.167, 177
Trd, 000216.033, 172
Trd, 000216.467, 179
Trd, 000216.833, 175
Trd, 000217.417, 174
Trd, 000217.450, 179
Trd, 000217.550, 170
Trd, 000217.983, 190
Trd, 000218.617, 181
Trd, 000219.183, 166
Trd, 000219.433, 188
Trd, 000219.867, 189
Trd, 000220.383, 190
Trd, 000220.517, 178
Trd, 000221.267, 178
Trd, 000221.533, 176
Trd, 000222.700, 185
Trd, 000222.850, 190
Trd, 000223.483, 167
Trd, 000224.250, 192
Trd, 000225.233, 184
Trd, 000225.267, 187
Trd, 000225.650, 179
Trd, 000225.883, 170
Trd, 000226.450, 190
Trd, 000226.717, 189
Trd, 000228.450, 184
Trd, 000228.483, 189
Trd, 000228.750, 188
Trd, 000229.033, 175
Trd, 000229.250, 194
Trd, 000229.800, 215
Trd, 000230.050, 212
Trd, 000230.067, 184
Trd, 000230.950, 193
Trd, 000231.117, 185
Trd, 000232.333, 181
Trd, 000232.867, 182
Trd, 000233.050, 171
Trd, 000234.067, 163
Trd, 000234.100, 178
Trd, 000234.817, 178
Trd, 000235.117, 181
Trd, 000235.400, 182
Trd, 000235.467, 178
Trd, 000236.750, 182
Trd, 000237.200, 181
Trd, 000238.217, 183
Trd, 000238.783, 179
Trd, 000238.950, 176
Trd, 000239.383, 175
Trd, 000239.883, 168
Trd, 000239.917, 178
Trd, 000240.017, 181
Trd, 000240.483, 177
Trd, 000241.383, 177
Trd, 000241.783, 176
Trd, 000241.967, 177
Trd, 000242.283, 179
Trd, 000242.483, 182
Trd, 000242.817, 185
Trd, 000242.883, 176
Trd, 000243.300, 185
Trd, 000244.283, 175
Trd, 000244.317, 175
Trd, 000245.117, 181
Trd, 000245.450, 179
Trd, 000245.467, 177
Trd, 000245.867, 186
Trd, 000246.617, 184
Trd, 000246.767, 182
Trd, 000247.000, 182
Trd, 000247.150, 181
Trd, 000247.433, 184
Trd, 000248.150, 185
Trd, 000248.333, 180
Trd, 000248.833, 180
Trd, 000249.433, 179
Trd, 000250.100, 180
Trd, 000250.300, 182
Trd, 000250.500, 178
Trd, 000250.683, 183
Trd, 000250.750, 176
Trd, 000251.633, 180
Trd, 000251.983, 179
Trd, 000252.183, 180
Trd, 000252.567, 175
Trd, 000252.933, 177
Trd, 000254.367, 184
Trd, 000254.500, 177
Trd, 000254.717, 180
Trd, 000254.883, 187
Trd, 000255.717, 179
Trd, 000256.150, 180
Trd, 000256.650, 178
Trd, 000256.850, 179
Trd, 000258.117, 180
Trd, 000258.667, 180
Trd, 000259.450, 181
Trd, 000260.700, 183
Trd, 000261.150, 180
Trd, 000261.250, 179
Trd, 000261.283, 178
Trd, 000261.467, 179
Trd, 000261.783, 181
Trd, 000261.800, 179
Trd, 000262.283, 182
Trd, 000262.500, 178
Trd, 000262.550, 177
Trd, 000262.767, 179
Trd, 000263.450, 180
Trd, 000263.533, 177
Trd, 000263.633, 184
Trd, 000263.733, 188
Trd, 000263.933, 184
Trd, 000264.250, 177
Trd, 000264.383, 174
Trd, 000265.217, 176
Trd, 000266.583, 188
Trd, 000267.150, 183
Trd, 000267.183, 180
Trd, 000267.433, 181
Trd, 000267.850, 189
Trd, 000267.950, 195
Trd, 000268.350, 198
Trd, 000268.633, 194
Trd, 000268.950, 189
Trd, 000269.117, 179
Trd, 000270.100, 178
Trd, 000270.367, 177
Trd, 000270.467, 190
Trd, 000271.833, 176
Trd, 000272.067, 175
Trd, 000272.350, 178
Trd, 000272.500, 176
Trd, 000273.133, 180
Trd, 000273.183, 183
Trd, 000273.333, 182
Trd, 000274.050, 179
Trd, 000274.300, 178
Trd, 000274.367, 177
Trd, 000274.900, 180
Trd, 000275.167, 175
Trd, 000275.417, 185
Trd, 000275.617, 171
Trd, 000276.300, 184
Trd, 000276.400, 189
Trd, 000276.867, 179
Trd, 000277.433, 182
Trd, 000278.033, 193
Trd, 000278.467, 184
Trd, 000279.533, 177
Trd, 000279.750, 183
Trd, 000279.867, 180
Trd, 000279.883, 171
Trd, 000280.100, 184
Trd, 000280.817, 178
Trd, 000280.917, 176
Trd, 000282.983, 180
Trd, 000283.050, 182
Trd, 000283.867, 181
Trd, 000284.150, 180
Trd, 000284.550, 181
Trd, 000284.583, 182
Trd, 000284.817, 190
Trd, 000285.383, 180
Trd, 000285.650, 192
Trd, 000285.700, 179
Trd, 000286.050, 185
Trd, 000286.550, 184
Trd, 000286.917, 179
Trd, 000287.333, 189
Trd, 000287.550, 196
Trd, 000288.100, 197
Trd, 000288.233, 203
Trd, 000288.250, 190
Trd, 000288.617, 186
Trd, 000288.800, 185
Trd, 000289.933, 181
Trd, 000290.583, 183
Trd, 000290.667, 184
Trd, 000290.883, 181
Trd, 000291.433, 180
Trd, 000291.633, 179
Trd, 000293.133, 186
Trd, 000293.217, 187
Trd, 000293.233, 188
Trd, 000293.250, 188
Trd, 000294.533, 187
Trd, 000294.817, 181
Trd, 000295.200, 188
Trd, 000295.250, 180
Trd, 000295.600, 178
Trd, 000295.933, 178
Trd, 000296.150, 187
Trd, 000296.233, 185
Trd, 000296.367, 177
Trd, 000296.883, 177
Trd, 000298.233, 188
Trd, 000298.367, 192
Trd, 000298.617, 193
Trd, 000298.650, 197
Trd, 000299.217, 183
