Trd, 000001.867, 103
Trd, 000003.150, 113
Trd, 000003.233, 134
Trd, 000003.817, 150
Trd, 000004.433, 110
Trd, 000004.717, 142
Trd, 000005.217, 151
Trd, 000005.783, 156
Trd, 000006.033, 156
Trd, 000006.117, 157
Trd, 000006.750, 123
Trd, 000006.917, 152
Trd, 000008.200, 146
Trd, 000008.433, 158
Trd, 000010.100, 157
Trd, 000010.300, 156
Trd, 000010.650, 157
Trd, 000010.900, 155
Trd, 000011.117, 154
Trd, 000011.300, 142
Trd, 000012.417, 154
Trd, 000013.317, 149
Trd, 000014.183, 153
Trd, 000014.717, 154
Trd, 000014.750, 155
Trd, 000015.350, 155
Trd, 000015.567, 155
Trd, 000015.783, 156
Trd, 000016.067, 156
Trd, 000016.150, 156
Trd, 000017.317, 156
Trd, 000018.483, 156
Trd, 000018.650, 155
Trd, 000019.200, 158
Trd, 000021.033, 155
Trd, 000021.050, 158
Trd, 000022.350, 156
Trd, 000022.600, 157
Trd, 000023.767, 154
Trd, 000023.783, 156
Trd, 000023.867, 153
Trd, 000024.100, 156
Trd, 000024.967, 155
Trd, 000025.250, 155
Trd, 000026.167, 154
Trd, 000026.883, 156
Trd, 000026.917, 155
Trd, 000027.283, 153
Trd, 000028.417, 153
Trd, 000028.700, 155
Trd, 000029.317, 157
Trd, 000030.233, 158
Trd, 000030.383, 157
Trd, 000030.900, 157
Trd, 000031.050, 156
Trd, 000031.767, 154
Trd, 000033.033, 154
Trd, 000033.683, 155
Trd, 000033.900, 154
Trd, 000034.017, 155
Trd, 000034.533, 154
Trd, 000034.567, 155
Trd, 000035.250, 152
Trd, 000037.200, 153
Trd, 000037.300, 154
Trd, 000037.583, 157
Trd, 000039.050, 157
Trd, 000039.183, 154
Trd, 000039.517, 157
Trd, 000039.567, 153
Trd, 000039.983, 153
Trd, 000040.417, 155
Trd, 000041.300, 157
Trd, 000041.433, 156
Trd, 000042.200, 158
Trd, 000042.333, 159
Trd, 000043.067, 154
Trd, 000043.133, 159
Trd, 000043.800, 155
Trd, 000044.433, 155
Trd, 000044.750, 156
Trd, 000044.900, 157
Trd, 000045.017, 157
Trd, 000046.300, 159
Trd, 000046.350, 157
Trd, 000046.817, 159
Trd, 000047.033, 160
Trd, 000048.067, 162
Trd, 000048.133, 163
Trd, 000048.583, 162
Trd, 000048.767, 160
Trd, 000049.567, 162
Trd, 000049.583, 163
Trd, 000050.633, 159
Trd, 000051.150, 156
Trd, 000052.033, 157
Trd, 000052.717, 159
Trd, 000053.117, 159
Trd, 000054.500, 158
Trd, 000054.700, 157
Trd, 000055.783, 158
Trd, 000056.050, 157
Trd, 000056.533, 156
Trd, 000056.600, 155
Trd, 000056.700, 157
Trd, 000057.000, 159
Trd, 000057.217, 160
Trd, 000057.367, 129
Trd, 000058.583, 162
Trd, 000060.167, 155
Trd, 000060.700, 149
Trd, 000060.967, 154
Trd, 000062.117, 157
Trd, 000062.267, 155
Trd, 000062.483, 162
Trd, 000062.800, 155
Trd, 000063.333, 154
Trd, 000063.850, 155
Trd, 000064.117, 147
Trd, 000065.483, 156
Trd, 000065.683, 157
Trd, 000066.550, 158
Trd, 000067.283, 145
Trd, 000068.050, 156
Trd, 000068.983, 154
Trd, 000069.467, 154
Trd, 000069.583, 154
Trd, 000069.783, 155
Trd, 000070.467, 157
Trd, 000071.433, 161
Trd, 000071.483, 156
Trd, 000071.783, 158
Trd, 000072.300, 158
Trd, 000073.533, 158
Trd, 000073.567, 159
Trd, 000074.000, 162
Trd, 000074.550, 172
Trd, 000074.583, 169
Trd, 000074.817, 134
Trd, 000075.100, 164
Trd, 000075.683, 172
Trd, 000076.867, 140
Trd, 000077.167, 141
Trd, 000077.267, 142
Trd, 000078.300, 141
Trd, 000079.183, 142
Trd, 000079.433, 158
Trd, 000079.667, 159
Trd, 000079.933, 141
Trd, 000081.200, 146
Trd, 000081.650, 147
Trd, 000081.750, 145
Trd, 000082.017, 166
Trd, 000084.033, 155
Trd, 000084.333, 155
Trd, 000084.917, 156
Trd, 000085.717, 158
Trd, 000085.800, 159
Trd, 000086.233, 164
Trd, 000086.300, 160
Trd, 000086.400, 162
Trd, 000086.667, 177
Trd, 000086.700, 162
Trd, 000087.017, 178
Trd, 000088.200, 166
Trd, 000088.600, 165
Trd, 000089.983, 167
Trd, 000090.333, 168
Trd, 000090.767, 168
Trd, 000090.850, 170
Trd, 000091.183, 167
Trd, 000092.117, 166
Trd, 000092.400, 169
Trd, 000093.167, 167
Trd, 000093.417, 166
Trd, 000094.600, 169
Trd, 000095.017, 169
Trd, 000095.333, 168
Trd, 000096.783, 167
Trd, 000097.033, 165
Trd, 000097.900, 166
Trd, 000097.950, 170
Trd, 000098.167, 164
Trd, 000099.433, 161
Trd, 000100.250, 141
Trd, 000100.567, 160
Trd, 000102.517, 155
Trd, 000102.700, 154
Trd, 000102.767, 156
Trd, 000105.250, 151
Trd, 000106.117, 151
Trd, 000106.517, 151
Trd, 000106.617, 152
Trd, 000107.367, 152
Trd, 000107.450, 154
Trd, 000107.983, 159
Trd, 000109.117, 153
Trd, 000109.433, 162
Trd, 000109.967, 157
Trd, 000110.300, 169
Trd, 000111.250, 163
Trd, 000111.733, 169
Trd, 000112.267, 164
Trd, 000113.067, 167
Trd, 000113.367, 168
Trd, 000113.600, 170
Trd, 000114.133, 168
Trd, 000114.217, 169
Trd, 000114.750, 166
Trd, 000115.250, 166
Trd, 000116.033, 166
Trd, 000116.717, 164
Trd, 000117.133, 165
Trd, 000117.667, 165
Trd, 000118.467, 167
Trd, 000118.483, 168
Trd, 000119.017, 194
Trd, 000119.533, 168
Trd, 000119.917, 163
Trd, 000120.083, 155
Trd, 000120.700, 162
Trd, 000121.617, 135
Trd, 000122.933, 155
Trd, 000123.217, 156
Trd, 000123.350, 158
Trd, 000123.783, 159
Trd, 000125.167, 155
Trd, 000125.983, 157
Trd, 000126.417, 158
Trd, 000126.733, 160
Trd, 000126.917, 159
Trd, 000128.117, 159
Trd, 000128.917, 157
Trd, 000129.083, 156
Trd, 000129.383, 156
Trd, 000130.383, 159
Trd, 000131.150, 164
Trd, 000132.400, 160
Trd, 000133.200, 161
Trd, 000133.583, 161
Trd, 000134.050, 159
Trd, 000134.100, 162
Trd, 000134.783, 158
Trd, 000135.317, 160
Trd, 000136.167, 163
Trd, 000136.217, 164
Trd, 000136.850, 168
Trd, 000137.450, 170
Trd, 000137.667, 171
Trd, 000137.933, 171
Trd, 000138.083, 171
Trd, 000138.850, 172
Trd, 000139.550, 180
Trd, 000140.033, 172
Trd, 000140.683, 172
Trd, 000141.867, 170
Trd, 000142.467, 168
Trd, 000142.883, 169
Trd, 000143.250, 168
Trd, 000143.950, 169
Trd, 000144.483, 170
Trd, 000144.867, 167
Trd, 000145.133, 165
Trd, 000146.067, 169
Trd, 000147.133, 170
Trd, 000147.700, 170
Trd, 000147.800, 166
Trd, 000148.400, 166
Trd, 000149.033, 167
Trd, 000149.700, 166
Trd, 000149.767, 165
Trd, 000151.067, 165
Trd, 000151.150, 170
Trd, 000152.617, 168
Trd, 000152.767, 168
Trd, 000152.950, 165
Trd, 000153.467, 167
Trd, 000153.683, 170
Trd, 000153.883, 166
Trd, 000153.983, 167
Trd, 000155.683, 140
Trd, 000156.167, 160
Trd, 000156.383, 166
Trd, 000156.517, 156
Trd, 000156.700, 173
Trd, 000157.833, 164
Trd, 000159.317, 158
Trd, 000159.817, 152
Trd, 000160.933, 161
Trd, 000161.033, 162
Trd, 000161.900, 162
Trd, 000163.017, 162
Trd, 000164.450, 159
Trd, 000164.617, 163
Trd, 000164.900, 161
Trd, 000165.300, 165
Trd, 000167.017, 165
Trd, 000167.183, 165
Trd, 000167.433, 163
Trd, 000168.567, 164
Trd, 000168.933, 168
Trd, 000169.667, 168
Trd, 000169.850, 168
Trd, 000170.400, 170
Trd, 000171.133, 172
Trd, 000171.350, 170
Trd, 000172.117, 170
Trd, 000172.183, 171
Trd, 000172.283, 172
Trd, 000173.900, 171
Trd, 000174.233, 175
Trd, 000174.317, 172
Trd, 000174.683, 185
Trd, 000174.717, 172
Trd, 000177.017, 176
Trd, 000177.033, 173
Trd, 000177.600, 173
Trd, 000177.983, 177
Trd, 000179.133, 175
Trd, 000179.283, 174
Trd, 000180.100, 173
Trd, 000180.133, 172
Trd, 000181.567, 172
Trd, 000181.883, 171
Trd, 000182.650, 169
Trd, 000183.083, 170
Trd, 000183.267, 169
Trd, 000184.000, 164
Trd, 000184.917, 167
Trd, 000186.167, 157
Trd, 000186.317, 158
Trd, 000186.517, 169
Trd, 000186.667, 173
Trd, 000186.917, 176
Trd, 000187.583, 150
Trd, 000187.800, 155
Trd, 000188.150, 160
Trd, 000188.667, 174
Trd, 000190.150, 170
Trd, 000192.450, 167
Trd, 000192.800, 163
Trd, 000193.333, 167
Trd, 000193.417, 170
Trd, 000194.417, 166
Trd, 000194.867, 165
Trd, 000195.350, 170
Trd, 000195.633, 170
Trd, 000197.083, 170
Trd, 000197.550, 175
Trd, 000198.317, 164
Trd, 000199.117, 171
Trd, 000199.350, 171
Trd, 000199.450, 172
Trd, 000201.233, 172
Trd, 000201.350, 171
Trd, 000201.867, 171
Trd, 000202.433, 171
Trd, 000203.167, 170
Trd, 000203.567, 171
Trd, 000203.600, 169
Trd, 000204.733, 172
Trd, 000204.950, 173
Trd, 000205.300, 170
Trd, 000205.867, 175
Trd, 000206.017, 171
Trd, 000207.300, 175
Trd, 000207.633, 174
Trd, 000207.783, 177
Trd, 000208.400, 179
Trd, 000209.417, 180
Trd, 000210.550, 181
Trd, 000210.567, 179
Trd, 000210.850, 181
Trd, 000211.217, 180
Trd, 000211.233, 177
Trd, 000212.100, 185
Trd, 000212.133, 172
Trd, 000212.367, 144
Trd, 000214.300, 160
Trd, 000214.783, 161
Trd, 000215.433, 176
Trd, 000215.817, 172
Trd, 000216.833, 172
Trd, 000217.067, 171
Trd, 000217.117, 171
Trd, 000217.150, 173
Trd, 000217.950, 171
Trd, 000218.033, 174
Trd, 000219.400, 175
Trd, 000219.817, 177
Trd, 000220.867, 178
Trd, 000221.183, 177
Trd, 000222.400, 183
Trd, 000222.567, 182
Trd, 000223.617, 186
Trd, 000223.867, 179
Trd, 000224.167, 180
Trd, 000224.300, 178
Trd, 000225.283, 177
Trd, 000226.150, 177
Trd, 000226.333, 177
Trd, 000226.450, 178
Trd, 000227.100, 177
Trd, 000227.267, 173
Trd, 000228.633, 174
Trd, 000228.800, 179
Trd, 000229.883, 178
Trd, 000230.167, 173
Trd, 000231.100, 172
Trd, 000231.483, 180
Trd, 000232.700, 179
Trd, 000233.000, 177
Trd, 000233.200, 176
Trd, 000233.300, 179
Trd, 000233.600, 176
Trd, 000235.283, 176
Trd, 000235.517, 177
Trd, 000236.117, 175
Trd, 000237.050, 178
Trd, 000237.367, 179
Trd, 000237.583, 179
Trd, 000237.633, 181
Trd, 000237.700, 182
Trd, 000238.450, 183
Trd, 000238.500, 182
Trd, 000238.900, 178
Trd, 000239.000, 177
Trd, 000239.550, 184
Trd, 000240.850, 184
Trd, 000241.050, 184
Trd, 000241.150, 182
Trd, 000241.483, 180
Trd, 000241.517, 180
Trd, 000242.467, 178
Trd, 000242.900, 179
Trd, 000242.950, 175
Trd, 000243.017, 182
Trd, 000243.467, 170
Trd, 000244.233, 172
Trd, 000244.733, 171
Trd, 000245.217, 169
Trd, 000245.317, 170
Trd, 000245.967, 172
Trd, 000246.033, 169
Trd, 000246.767, 169
Trd, 000246.933, 168
Trd, 000247.817, 168
Trd, 000248.133, 167
Trd, 000248.267, 170
Trd, 000249.017, 168
Trd, 000249.317, 176
Trd, 000249.650, 166
Trd, 000250.017, 176
Trd, 000250.700, 176
Trd, 000250.867, 169
Trd, 000251.100, 166
Trd, 000251.117, 174
Trd, 000251.617, 172
Trd, 000252.200, 172
Trd, 000252.550, 171
Trd, 000252.733, 170
Trd, 000252.750, 169
Trd, 000253.683, 169
Trd, 000253.850, 167
Trd, 000253.883, 169
Trd, 000255.717, 168
Trd, 000256.083, 169
Trd, 000256.517, 174
Trd, 000256.833, 172
Trd, 000257.200, 176
Trd, 000258.217, 180
Trd, 000258.600, 184
Trd, 000258.800, 183
Trd, 000258.983, 180
Trd, 000259.100, 180
Trd, 000259.567, 179
Trd, 000259.667, 179
Trd, 000259.883, 176
Trd, 000260.250, 173
Trd, 000260.917, 174
Trd, 000261.133, 175
Trd, 000261.717, 175
Trd, 000262.000, 173
Trd, 000262.267, 176
Trd, 000262.283, 173
Trd, 000262.700, 177
Trd, 000262.767, 179
Trd, 000263.050, 181
Trd, 000263.450, 177
Trd, 000263.983, 188
Trd, 000264.283, 187
Trd, 000264.800, 187
Trd, 000265.267, 186
Trd, 000265.350, 185
Trd, 000265.950, 190
Trd, 000266.100, 187
Trd, 000266.717, 181
Trd, 000266.867, 182
Trd, 000267.000, 177
Trd, 000267.333, 176
Trd, 000268.550, 173
Trd, 000269.150, 175
Trd, 000269.483, 177
Trd, 000269.850, 173
Trd, 000271.033, 177
Trd, 000271.400, 172
Trd, 000271.600, 178
Trd, 000271.800, 176
Trd, 000272.217, 178
Trd, 000272.250, 179
Trd, 000272.533, 179
Trd, 000272.883, 177
Trd, 000273.283, 180
Trd, 000273.567, 176
Trd, 000273.783, 174
Trd, 000274.167, 178
Trd, 000274.967, 182
Trd, 000275.283, 181
Trd, 000276.483, 183
Trd, 000276.500, 184
Trd, 000276.517, 181
Trd, 000276.750, 185
Trd, 000277.050, 181
Trd, 000277.300, 186
Trd, 000278.067, 185
Trd, 000278.267, 186
Trd, 000278.417, 195
Trd, 000278.933, 184
Trd, 000279.600, 184
Trd, 000279.667, 183
Trd, 000280.033, 181
Trd, 000280.533, 186
Trd, 000280.817, 183
Trd, 000282.250, 181
Trd, 000283.133, 181
Trd, 000283.383, 183
Trd, 000283.500, 181
Trd, 000283.750, 179
Trd, 000283.950, 186
Trd, 000284.300, 178
Trd, 000285.000, 175
Trd, 000285.117, 176
Trd, 000285.583, 176
Trd, 000286.183, 176
Trd, 000286.267, 185
Trd, 000286.400, 185
Trd, 000286.883, 172
Trd, 000287.550, 181
Trd, 000287.650, 179
Trd, 000287.833, 183
Trd, 000288.483, 169
Trd, 000288.650, 168
Trd, 000289.583, 180
Trd, 000291.017, 177
Trd, 000291.100, 176
Trd, 000291.217, 175
Trd, 000291.250, 178
Trd, 000291.600, 180
Trd, 000292.183, 177
Trd, 000292.533, 176
Trd, 000292.900, 173
Trd, 000293.433, 175
Trd, 000293.750, 180
Trd, 000293.933, 174
Trd, 000294.167, 180
Trd, 000294.283, 182
Trd, 000295.983, 174
Trd, 000296.217, 173
Trd, 000296.300, 173
Trd, 000296.850, 174
Trd, 000297.150, 178
Trd, 000297.667, 179
Trd, 000297.767, 178
Trd, 000297.817, 174
Trd, 000298.050, 172
Trd, 000298.167, 171
Trd, 000298.183, 184
Trd, 000298.633, 186
Trd, 000298.917, 157
Trd, 000299.017, 152
Trd, 000299.967, 186
