Trd, 000002.050, 153
Trd, 000002.833, 151
Trd, 000003.567, 139
Trd, 000004.600, 151
Trd, 000004.983, 150
Trd, 000005.450, 141
Trd, 000005.750, 143
Trd, 000005.983, 133
Trd, 000006.800, 142
Trd, 000008.300, 139
Trd, 000008.517, 140
Trd, 000008.700, 138
Trd, 000008.717, 137
Trd, 000009.950, 142
Trd, 000010.817, 143
Trd, 000010.967, 141
Trd, 000011.417, 143
Trd, 000011.617, 145
Trd, 000012.367, 147
Trd, 000012.433, 159
Trd, 000013.517, 153
Trd, 000013.700, 163
Trd, 000013.783, 147
Trd, 000014.000, 164
Trd, 000015.183, 152
Trd, 000015.883, 163
Trd, 000016.667, 172
Trd, 000017.233, 170
Trd, 000017.350, 176
Trd, 000020.050, 171
Trd, 000020.417, 159
Trd, 000021.433, 163
Trd, 000021.617, 162
Trd, 000023.550, 161
Trd, 000023.800, 162
Trd, 000024.083, 161
Trd, 000024.883, 156
Trd, 000025.283, 158
Trd, 000025.533, 155
Trd, 000026.400, 154
Trd, 000026.567, 153
Trd, 000027.233, 140
Trd, 000027.617, 154
Trd, 000027.667, 154
Trd, 000028.533, 152
Trd, 000029.050, 147
Trd, 000029.467, 152
Trd, 000030.167, 152
Trd, 000030.767, 152
Trd, 000030.850, 154
Trd, 000030.867, 150
Trd, 000032.650, 155
Trd, 000034.283, 147
Trd, 000034.583, 155
Trd, 000035.233, 151
Trd, 000035.633, 151
Trd, 000035.700, 149
Trd, 000036.433, 150
Trd, 000037.300, 154
Trd, 000037.517, 155
Trd, 000038.950, 154
Trd, 000039.583, 150
Trd, 000039.733, 155
Trd, 000040.017, 156
Trd, 000040.300, 156
Trd, 000041.033, 162
Trd, 000041.167, 155
Trd, 000041.283, 175
Trd, 000042.867, 156
Trd, 000043.600, 155
Trd, 000044.033, 155
Trd, 000044.467, 154
Trd, 000044.500, 158
Trd, 000044.767, 158
Trd, 000045.150, 153
Trd, 000045.433, 158
Trd, 000046.400, 162
Trd, 000046.600, 179
Trd, 000047.317, 161
Trd, 000047.983, 169
Trd, 000048.017, 158
Trd, 000048.967, 163
Trd, 000050.667, 157
Trd, 000051.133, 158
Trd, 000051.483, 159
Trd, 000051.933, 157
Trd, 000052.150, 155
Trd, 000052.733, 153
Trd, 000053.517, 156
Trd, 000053.800, 156
Trd, 000055.000, 151
Trd, 000055.333, 154
Trd, 000055.400, 150
Trd, 000057.933, 151
Trd, 000058.250, 143
Trd, 000058.967, 153
Trd, 000059.167, 153
Trd, 000059.350, 157
Trd, 000059.733, 146
Trd, 000060.250, 170
Trd, 000060.867, 157
Trd, 000062.433, 149
Trd, 000062.800, 148
Trd, 000063.033, 138
Trd, 000063.133, 149
Trd, 000063.833, 150
Trd, 000064.033, 151
Trd, 000064.600, 140
Trd, 000065.250, 151
Trd, 000065.617, 144
Trd, 000066.283, 151
Trd, 000066.317, 151
Trd, 000066.900, 151
Trd, 000068.217, 147
Trd, 000068.867, 148
Trd, 000069.500, 148
Trd, 000070.450, 149
Trd, 000070.517, 146
Trd, 000070.800, 150
Trd, 000071.333, 151
Trd, 000071.800, 148
Trd, 000072.183, 152
Trd, 000073.667, 150
Trd, 000073.917, 150
Trd, 000074.367, 149
Trd, 000074.933, 151
Trd, 000075.050, 150
Trd, 000075.583, 150
Trd, 000077.167, 150
Trd, 000077.483, 151
Trd, 000077.583, 158
Trd, 000078.450, 145
Trd, 000080.017, 152
Trd, 000080.333, 148
Trd, 000081.200, 152
Trd, 000081.250, 153
Trd, 000081.700, 154
Trd, 000081.983, 155
Trd, 000083.500, 149
Trd, 000083.633, 148
Trd, 000083.983, 154
Trd, 000084.550, 154
Trd, 000084.717, 159
Trd, 000085.567, 147
Trd, 000086.500, 156
Trd, 000086.983, 151
Trd, 000087.100, 152
Trd, 000087.333, 153
Trd, 000088.150, 160
Trd, 000089.417, 152
Trd, 000089.650, 148
Trd, 000090.517, 152
Trd, 000090.933, 151
Trd, 000091.283, 146
Trd, 000091.383, 148
Trd, 000091.517, 147
Trd, 000092.150, 148
Trd, 000092.600, 142
Trd, 000094.167, 139
Trd, 000094.583, 140
Trd, 000094.633, 152
Trd, 000094.950, 153
Trd, 000096.300, 146
Trd, 000097.017, 144
Trd, 000097.367, 142
Trd, 000097.500, 145
Trd, 000097.633, 145
Trd, 000097.683, 146
Trd, 000097.767, 161
Trd, 000100.150, 146
Trd, 000100.400, 158
Trd, 000101.533, 153
Trd, 000102.850, 152
Trd, 000102.967, 150
Trd, 000103.600, 151
Trd, 000104.183, 148
Trd, 000104.383, 152
Trd, 000104.550, 153
Trd, 000105.317, 154
Trd, 000105.783, 170
Trd, 000106.817, 162
Trd, 000107.217, 163
Trd, 000108.100, 179
Trd, 000108.483, 171
Trd, 000108.550, 169
Trd, 000110.600, 168
Trd, 000110.817, 166
Trd, 000111.800, 162
Trd, 000111.883, 154
Trd, 000112.217, 159
Trd, 000112.350, 159
Trd, 000113.017, 159
Trd, 000113.083, 160
Trd, 000113.200, 173
Trd, 000114.700, 162
Trd, 000114.950, 159
Trd, 000115.700, 162
Trd, 000116.100, 151
Trd, 000117.250, 162
Trd, 000117.317, 152
Trd, 000117.433, 144
Trd, 000117.717, 162
Trd, 000118.550, 162
Trd, 000119.817, 156
Trd, 000121.600, 154
Trd, 000121.917, 153
Trd, 000123.017, 153
Trd, 000123.117, 153
Trd, 000123.267, 154
Trd, 000123.567, 153
Trd, 000124.133, 154
Trd, 000124.300, 156
Trd, 000124.967, 170
Trd, 000125.983, 181
Trd, 000126.283, 172
Trd, 000126.417, 163
Trd, 000126.767, 174
Trd, 000127.850, 169
Trd, 000128.000, 169
Trd, 000128.133, 170
Trd, 000128.150, 173
Trd, 000129.983, 168
Trd, 000130.200, 164
Trd, 000132.617, 164
Trd, 000132.983, 165
Trd, 000133.450, 163
Trd, 000133.800, 159
Trd, 000134.467, 159
Trd, 000135.467, 159
Trd, 000136.067, 158
Trd, 000136.083, 160
Trd, 000136.133, 161
Trd, 000140.367, 158
Trd, 000140.400, 147
Trd, 000140.867, 160
Trd, 000141.617, 154
Trd, 000141.850, 156
Trd, 000141.983, 157
Trd, 000142.233, 146
Trd, 000142.317, 158
Trd, 000143.983, 157
Trd, 000144.167, 158
Trd, 000144.533, 159
Trd, 000144.550, 153
Trd, 000145.633, 157
Trd, 000145.917, 156
Trd, 000146.133, 156
Trd, 000147.067, 157
Trd, 000147.767, 161
Trd, 000147.933, 158
Trd, 000148.433, 163
Trd, 000149.583, 161
Trd, 000149.933, 162
Trd, 000150.467, 162
Trd, 000150.883, 161
Trd, 000151.650, 158
Trd, 000152.500, 163
Trd, 000152.683, 164
Trd, 000153.683, 165
Trd, 000154.350, 164
Trd, 000155.333, 163
Trd, 000155.983, 163
Trd, 000156.050, 164
Trd, 000156.467, 166
Trd, 000156.800, 159
Trd, 000157.183, 165
Trd, 000157.867, 168
Trd, 000158.883, 168
Trd, 000159.433, 170
Trd, 000160.783, 169
Trd, 000161.000, 168
Trd, 000161.167, 168
Trd, 000161.617, 168
Trd, 000162.017, 169
Trd, 000162.383, 167
Trd, 000162.417, 168
Trd, 000162.767, 166
Trd, 000163.967, 165
Trd, 000164.233, 166
Trd, 000165.267, 166
Trd, 000166.633, 166
Trd, 000167.667, 167
Trd, 000168.367, 166
Trd, 000169.250, 167
Trd, 000169.350, 166
Trd, 000171.183, 166
Trd, 000171.383, 166
Trd, 000171.417, 167
Trd, 000171.600, 154
Trd, 000172.483, 153
Trd, 000172.917, 158
Trd, 000173.433, 149
Trd, 000175.117, 171
Trd, 000175.200, 165
Trd, 000175.767, 166
Trd, 000175.850, 173
Trd, 000176.467, 164
Trd, 000178.133, 167
Trd, 000178.400, 165
Trd, 000178.567, 168
Trd, 000178.683, 168
Trd, 000179.267, 166
Trd, 000179.367, 155
Trd, 000180.400, 167
Trd, 000180.883, 169
Trd, 000181.150, 169
Trd, 000181.400, 166
Trd, 000182.200, 164
Trd, 000183.000, 169
Trd, 000183.533, 165
Trd, 000183.800, 170
Trd, 000183.833, 164
Trd, 000184.467, 168
Trd, 000185.133, 165
Trd, 000185.800, 166
Trd, 000187.167, 162
Trd, 000187.767, 162
Trd, 000187.900, 162
Trd, 000188.133, 169
Trd, 000188.233, 161
Trd, 000188.333, 176
Trd, 000190.767, 162
Trd, 000191.933, 164
Trd, 000192.067, 166
Trd, 000192.117, 160
Trd, 000192.267, 158
Trd, 000192.333, 166
Trd, 000192.733, 161
Trd, 000193.133, 164
Trd, 000193.233, 159
Trd, 000193.867, 170
Trd, 000195.817, 166
Trd, 000196.050, 166
Trd, 000196.483, 167
Trd, 000197.550, 168
Trd, 000197.950, 169
Trd, 000198.450, 171
Trd, 000198.717, 169
Trd, 000199.017, 166
Trd, 000200.850, 167
Trd, 000200.967, 167
Trd, 000201.267, 166
Trd, 000201.850, 165
Trd, 000202.183, 152
Trd, 000202.600, 166
Trd, 000203.450, 162
Trd, 000203.483, 158
Trd, 000203.533, 164
Trd, 000205.700, 159
Trd, 000206.633, 164
Trd, 000207.450, 165
Trd, 000207.467, 166
Trd, 000207.667, 170
Trd, 000208.633, 171
Trd, 000208.983, 169
Trd, 000210.800, 160
Trd, 000210.983, 161
Trd, 000211.483, 160
Trd, 000211.633, 158
Trd, 000212.017, 162
Trd, 000212.567, 162
Trd, 000212.683, 159
Trd, 000213.300, 162
Trd, 000214.450, 163
Trd, 000215.400, 164
Trd, 000216.183, 165
Trd, 000216.733, 164
Trd, 000217.700, 166
Trd, 000218.667, 167
Trd, 000218.767, 173
Trd, 000218.933, 178
Trd, 000219.217, 172
Trd, 000219.750, 169
Trd, 000219.800, 172
Trd, 000220.117, 168
Trd, 000221.417, 169
Trd, 000222.250, 167
Trd, 000223.767, 166
Trd, 000223.833, 168
Trd, 000224.250, 169
Trd, 000224.583, 166
Trd, 000225.200, 160
Trd, 000225.417, 193
Trd, 000226.550, 168
Trd, 000227.200, 166
Trd, 000227.300, 169
Trd, 000228.067, 166
Trd, 000228.350, 165
Trd, 000228.583, 166
Trd, 000229.100, 165
Trd, 000229.283, 166
Trd, 000229.500, 167
Trd, 000229.550, 168
Trd, 000229.817, 193
Trd, 000230.383, 181
Trd, 000232.867, 173
Trd, 000233.317, 174
Trd, 000233.333, 188
Trd, 000233.550, 160
Trd, 000234.050, 160
Trd, 000234.650, 170
Trd, 000234.967, 171
Trd, 000236.017, 165
Trd, 000237.083, 164
Trd, 000237.533, 164
Trd, 000237.683, 165
Trd, 000237.717, 167
Trd, 000238.650, 164
Trd, 000239.050, 163
Trd, 000239.500, 168
Trd, 000240.183, 164
Trd, 000240.217, 164
Trd, 000241.183, 173
Trd, 000241.883, 174
Trd, 000241.933, 173
Trd, 000242.133, 173
Trd, 000242.167, 168
Trd, 000243.317, 175
Trd, 000243.617, 175
Trd, 000244.400, 169
Trd, 000244.933, 172
Trd, 000245.333, 174
Trd, 000245.450, 171
Trd, 000245.633, 174
Trd, 000245.717, 171
Trd, 000245.917, 172
Trd, 000246.833, 176
Trd, 000247.283, 175
Trd, 000248.067, 175
Trd, 000249.450, 175
Trd, 000250.100, 175
Trd, 000250.167, 174
Trd, 000250.617, 176
Trd, 000251.150, 173
Trd, 000251.167, 175
Trd, 000251.250, 173
Trd, 000251.650, 176
Trd, 000252.067, 180
Trd, 000252.333, 178
Trd, 000252.950, 182
Trd, 000253.733, 183
Trd, 000253.783, 181
Trd, 000254.217, 180
Trd, 000254.483, 179
Trd, 000256.000, 179
Trd, 000256.500, 178
Trd, 000256.633, 177
Trd, 000256.983, 176
Trd, 000257.517, 177
Trd, 000258.200, 171
Trd, 000258.717, 174
Trd, 000259.400, 174
Trd, 000260.383, 173
Trd, 000260.917, 171
Trd, 000261.150, 170
Trd, 000261.417, 171
Trd, 000261.667, 171
Trd, 000261.767, 174
Trd, 000261.883, 175
Trd, 000262.017, 177
Trd, 000262.217, 194
Trd, 000263.483, 177
Trd, 000264.050, 180
Trd, 000264.450, 180
Trd, 000264.600, 178
Trd, 000264.633, 176
Trd, 000264.850, 179
Trd, 000265.783, 179
Trd, 000266.217, 179
Trd, 000266.550, 180
Trd, 000267.333, 180
Trd, 000267.500, 180
Trd, 000267.583, 181
Trd, 000267.850, 176
Trd, 000268.150, 183
Trd, 000268.433, 188
Trd, 000268.983, 182
Trd, 000269.500, 179
Trd, 000270.250, 179
Trd, 000270.433, 179
Trd, 000270.600, 180
Trd, 000270.667, 178
Trd, 000271.150, 178
Trd, 000272.067, 177
Trd, 000272.200, 177
Trd, 000272.667, 178
Trd, 000273.217, 180
Trd, 000274.350, 180
Trd, 000274.633, 177
Trd, 000275.133, 181
Trd, 000276.267, 178
Trd, 000276.417, 179
Trd, 000276.917, 177
Trd, 000276.967, 181
Trd, 000277.700, 175
Trd, 000277.933, 182
Trd, 000278.817, 182
Trd, 000279.583, 180
Trd, 000280.533, 182
Trd, 000280.917, 182
Trd, 000281.233, 179
Trd, 000282.483, 181
Trd, 000282.933, 183
Trd, 000283.183, 182
Trd, 000283.483, 179
Trd, 000284.250, 180
Trd, 000285.050, 179
Trd, 000285.117, 181
Trd, 000285.583, 179
Trd, 000285.933, 179
Trd, 000286.317, 182
Trd, 000286.583, 179
Trd, 000287.017, 182
Trd, 000287.100, 183
Trd, 000287.967, 186
Trd, 000288.150, 197
Trd, 000288.450, 179
Trd, 000288.717, 177
Trd, 000288.883, 184
Trd, 000289.550, 184
Trd, 000290.250, 181
Trd, 000290.350, 184
Trd, 000290.883, 180
Trd, 000291.283, 180
Trd, 000292.017, 178
Trd, 000292.083, 166
Trd, 000292.267, 179
Trd, 000294.400, 179
Trd, 000294.483, 180
Trd, 000294.583, 175
Trd, 000296.017, 179
Trd, 000296.050, 180
Trd, 000296.233, 181
Trd, 000296.317, 173
Trd, 000296.383, 184
Trd, 000296.750, 187
Trd, 000297.267, 188
Trd, 000297.567, 180
Trd, 000298.367, 179
Trd, 000299.900, 178
Trd, 000299.967, 179
