Trd, 000002.133, 155
Trd, 000002.733, 126
Trd, 000003.017, 130
Trd, 000003.783, 131
Trd, 000004.100, 122
Trd, 000004.717, 141
Trd, 000005.167, 130
Trd, 000005.700, 137
Trd, 000007.383, 137
Trd, 000007.633, 142
Trd, 000008.283, 144
Trd, 000008.533, 143
Trd, 000009.567, 146
Trd, 000009.883, 158
Trd, 000010.150, 145
Trd, 000010.433, 145
Trd, 000011.450, 144
Trd, 000011.867, 145
Trd, 000012.067, 147
Trd, 000012.667, 145
Trd, 000013.017, 146
Trd, 000013.167, 146
Trd, 000013.250, 146
Trd, 000013.767, 147
Trd, 000014.167, 159
Trd, 000014.567, 162
Trd, 000015.033, 163
Trd, 000015.483, 157
Trd, 000015.583, 159
Trd, 000018.050, 157
Trd, 000018.500, 159
Trd, 000018.750, 157
Trd, 000019.117, 157
Trd, 000019.200, 156
Trd, 000019.917, 160
Trd, 000020.100, 168
Trd, 000020.333, 167
Trd, 000020.567, 153
Trd, 000021.117, 151
Trd, 000021.417, 151
Trd, 000022.367, 154
Trd, 000022.567, 156
Trd, 000022.883, 157
Trd, 000023.600, 157
Trd, 000023.733, 158
Trd, 000023.933, 151
Trd, 000026.917, 150
Trd, 000027.017, 150
Trd, 000028.117, 151
Trd, 000028.500, 149
Trd, 000028.517, 145
Trd, 000028.833, 152
Trd, 000029.167, 154
Trd, 000029.467, 161
Trd, 000029.567, 148
Trd, 000029.600, 162
Trd, 000029.783, 146
Trd, 000030.333, 136
Trd, 000031.150, 140
Trd, 000031.183, 140
Trd, 000031.483, 160
Trd, 000032.400, 164
Trd, 000032.700, 164
Trd, 000033.100, 163
Trd, 000034.117, 165
Trd, 000034.267, 162
Trd, 000035.817, 160
Trd, 000035.983, 159
Trd, 000036.133, 158
Trd, 000036.450, 164
Trd, 000037.917, 158
Trd, 000038.033, 158
Trd, 000038.583, 157
Trd, 000039.883, 158
Trd, 000040.050, 157
Trd, 000040.583, 155
Trd, 000040.800, 159
Trd, 000041.333, 153
Trd, 000041.483, 152
Trd, 000042.083, 158
Trd, 000042.717, 157
Trd, 000044.267, 153
Trd, 000044.317, 153
Trd, 000044.600, 155
Trd, 000044.900, 155
Trd, 000045.333, 155
Trd, 000045.917, 156
Trd, 000045.933, 155
Trd, 000046.117, 153
Trd, 000046.267, 156
Trd, 000046.300, 159
Trd, 000047.133, 152
Trd, 000048.433, 152
Trd, 000050.000, 157
Trd, 000050.117, 157
Trd, 000050.333, 156
Trd, 000050.467, 156
Trd, 000050.717, 157
Trd, 000050.750, 158
Trd, 000051.417, 160
Trd, 000051.900, 158
Trd, 000051.967, 159
Trd, 000052.017, 156
Trd, 000052.150, 159
Trd, 000052.783, 148
Trd, 000053.150, 147
Trd, 000054.717, 156
Trd, 000056.633, 156
Trd, 000056.717, 157
Trd, 000057.200, 156
Trd, 000057.567, 157
Trd, 000057.850, 149
Trd, 000058.500, 156
Trd, 000058.700, 158
Trd, 000059.433, 158
Trd, 000059.783, 160
Trd, 000060.250, 158
Trd, 000060.400, 157
Trd, 000061.350, 160
Trd, 000061.867, 158
Trd, 000062.350, 159
Trd, 000063.350, 159
Trd, 000063.433, 161
Trd, 000063.717, 157
Trd, 000064.133, 158
Trd, 000064.533, 160
Trd, 000065.133, 162
Trd, 000065.283, 154
Trd, 000066.300, 162
Trd, 000066.550, 157
Trd, 000067.067, 157
Trd, 000068.383, 159
Trd, 000068.633, 161
Trd, 000069.350, 156
Trd, 000069.900, 157
Trd, 000070.117, 159
Trd, 000070.333, 162
Trd, 000070.700, 160
Trd, 000071.333, 157
Trd, 000071.617, 158
Trd, 000071.633, 150
Trd, 000072.750, 158
Trd, 000073.417, 165
Trd, 000074.450, 160
Trd, 000074.800, 161
Trd, 000075.067, 162
Trd, 000075.433, 158
Trd, 000075.467, 157
Trd, 000076.350, 164
Trd, 000076.567, 156
Trd, 000076.717, 155
Trd, 000076.900, 169
Trd, 000077.417, 167
Trd, 000077.650, 152
Trd, 000078.017, 153
Trd, 000078.700, 163
Trd, 000079.233, 157
Trd, 000080.017, 158
Trd, 000081.083, 159
Trd, 000081.250, 160
Trd, 000081.267, 162
Trd, 000082.817, 157
Trd, 000083.250, 157
Trd, 000083.283, 157
Trd, 000084.167, 159
Trd, 000084.267, 159
Trd, 000084.467, 157
Trd, 000084.750, 163
Trd, 000085.317, 161
Trd, 000085.433, 162
Trd, 000086.433, 163
Trd, 000086.767, 159
Trd, 000087.150, 160
Trd, 000087.900, 161
Trd, 000088.233, 162
Trd, 000089.167, 162
Trd, 000089.683, 161
Trd, 000089.733, 160
Trd, 000090.783, 160
Trd, 000091.017, 161
Trd, 000092.683, 158
Trd, 000093.283, 158
Trd, 000093.833, 159
Trd, 000094.100, 159
Trd, 000094.367, 164
Trd, 000094.633, 159
Trd, 000094.683, 152
Trd, 000095.600, 170
Trd, 000095.667, 168
Trd, 000096.133, 164
Trd, 000096.817, 157
Trd, 000097.417, 160
Trd, 000097.483, 164
Trd, 000098.633, 159
Trd, 000099.300, 151
Trd, 000099.467, 159
Trd, 000099.517, 159
Trd, 000099.617, 153
Trd, 000100.150, 150
Trd, 000100.533, 148
Trd, 000101.133, 157
Trd, 000101.217, 156
Trd, 000102.533, 149
Trd, 000102.717, 147
Trd, 000103.133, 147
Trd, 000103.600, 148
Trd, 000104.033, 150
Trd, 000104.867, 148
Trd, 000104.883, 146
Trd, 000105.350, 151
Trd, 000106.600, 152
Trd, 000107.217, 153
Trd, 000108.317, 153
Trd, 000108.333, 154
Trd, 000108.583, 153
Trd, 000108.800, 155
Trd, 000108.900, 166
Trd, 000109.000, 160
Trd, 000109.183, 168
Trd, 000109.350, 169
Trd, 000109.367, 155
Trd, 000109.617, 156
Trd, 000109.767, 154
Trd, 000111.517, 167
Trd, 000111.617, 168
Trd, 000111.917, 166
Trd, 000112.550, 168
Trd, 000113.083, 167
Trd, 000113.433, 163
Trd, 000114.200, 159
Trd, 000114.217, 168
Trd, 000114.383, 152
Trd, 000114.517, 169
Trd, 000114.767, 148
Trd, 000115.150, 168
Trd, 000116.817, 161
Trd, 000116.867, 160
Trd, 000116.917, 166
Trd, 000118.050, 152
Trd, 000119.600, 164
Trd, 000119.933, 157
Trd, 000120.483, 164
Trd, 000120.833, 149
Trd, 000121.133, 147
Trd, 000121.650, 162
Trd, 000122.367, 149
Trd, 000123.333, 155
Trd, 000123.700, 156
Trd, 000124.650, 156
Trd, 000124.717, 154
Trd, 000125.567, 156
Trd, 000125.867, 155
Trd, 000126.217, 154
Trd, 000126.467, 156
Trd, 000126.567, 157
Trd, 000126.633, 167
Trd, 000127.600, 163
Trd, 000128.033, 171
Trd, 000129.550, 165
Trd, 000129.817, 171
Trd, 000130.350, 171
Trd, 000131.050, 171
Trd, 000131.417, 165
Trd, 000131.933, 170
Trd, 000133.050, 169
Trd, 000133.083, 168
Trd, 000133.417, 165
Trd, 000134.650, 169
Trd, 000135.883, 166
Trd, 000137.283, 164
Trd, 000137.717, 165
Trd, 000137.833, 161
Trd, 000138.533, 164
Trd, 000138.633, 156
Trd, 000138.850, 166
Trd, 000139.267, 169
Trd, 000139.583, 160
Trd, 000139.817, 168
Trd, 000141.467, 166
Trd, 000142.050, 167
Trd, 000143.350, 168
Trd, 000143.883, 169
Trd, 000144.050, 171
Trd, 000144.117, 162
Trd, 000144.500, 156
Trd, 000144.733, 152
Trd, 000145.217, 169
Trd, 000145.617, 170
Trd, 000146.183, 170
Trd, 000147.267, 165
Trd, 000147.383, 164
Trd, 000148.317, 167
Trd, 000148.783, 166
Trd, 000148.900, 164
Trd, 000148.967, 166
Trd, 000149.333, 168
Trd, 000149.633, 170
Trd, 000150.467, 163
Trd, 000151.000, 168
Trd, 000151.567, 171
Trd, 000151.817, 171
Trd, 000151.983, 170
Trd, 000153.817, 172
Trd, 000153.983, 172
Trd, 000154.383, 169
Trd, 000154.767, 168
Trd, 000155.117, 169
Trd, 000155.400, 173
Trd, 000155.600, 155
Trd, 000156.967, 156
Trd, 000157.550, 157
Trd, 000157.750, 159
Trd, 000158.367, 158
Trd, 000158.417, 158
Trd, 000159.533, 163
Trd, 000159.650, 165
Trd, 000159.900, 159
Trd, 000160.067, 164
Trd, 000160.100, 171
Trd, 000161.433, 167
Trd, 000162.183, 161
Trd, 000162.683, 165
Trd, 000163.550, 166
Trd, 000163.983, 171
Trd, 000164.900, 167
Trd, 000164.933, 166
Trd, 000165.183, 168
Trd, 000165.367, 167
Trd, 000165.400, 169
Trd, 000166.467, 164
Trd, 000167.300, 166
Trd, 000167.750, 162
Trd, 000168.517, 154
Trd, 000168.550, 161
Trd, 000168.933, 157
Trd, 000169.900, 161
Trd, 000170.150, 159
Trd, 000170.517, 161
Trd, 000170.850, 162
Trd, 000171.050, 158
Trd, 000171.983, 162
Trd, 000172.317, 159
Trd, 000173.267, 162
Trd, 000173.333, 163
Trd, 000173.450, 161
Trd, 000173.667, 171
Trd, 000175.800, 167
Trd, 000175.867, 165
Trd, 000176.683, 167
Trd, 000176.983, 166
Trd, 000177.150, 164
Trd, 000178.067, 161
Trd, 000178.550, 161
Trd, 000178.683, 166
Trd, 000179.267, 164
Trd, 000179.617, 163
Trd, 000179.883, 159
Trd, 000181.017, 166
Trd, 000181.200, 162
Trd, 000181.400, 173
Trd, 000181.483, 165
Trd, 000183.483, 162
Trd, 000183.617, 160
Trd, 000183.967, 161
Trd, 000184.367, 162
Trd, 000184.583, 160
Trd, 000184.667, 162
Trd, 000184.717, 162
Trd, 000185.367, 171
Trd, 000185.983, 167
Trd, 000187.367, 165
Trd, 000188.017, 164
Trd, 000189.267, 164
Trd, 000189.800, 159
Trd, 000190.067, 164
Trd, 000190.617, 158
Trd, 000190.867, 165
Trd, 000190.917, 166
Trd, 000190.967, 158
Trd, 000192.550, 165
Trd, 000192.850, 166
Trd, 000193.100, 165
Trd, 000193.667, 165
Trd, 000194.233, 166
Trd, 000195.200, 174
Trd, 000195.283, 166
Trd, 000195.517, 176
Trd, 000196.117, 175
Trd, 000196.183, 162
Trd, 000196.517, 175
Trd, 000196.867, 176
Trd, 000198.200, 172
Trd, 000198.350, 171
Trd, 000198.983, 171
Trd, 000199.250, 172
Trd, 000200.217, 173
Trd, 000200.950, 173
Trd, 000201.967, 172
Trd, 000202.000, 174
Trd, 000202.817, 169
Trd, 000202.850, 168
Trd, 000203.583, 170
Trd, 000205.050, 164
Trd, 000205.433, 164
Trd, 000205.633, 164
Trd, 000205.683, 163
Trd, 000206.117, 164
Trd, 000206.683, 166
Trd, 000206.783, 167
Trd, 000206.867, 165
Trd, 000207.617, 176
Trd, 000209.050, 172
Trd, 000209.217, 169
Trd, 000210.217, 170
Trd, 000210.233, 172
Trd, 000210.267, 179
Trd, 000210.417, 176
Trd, 000210.450, 177
Trd, 000210.567, 168
Trd, 000212.017, 172
Trd, 000212.200, 171
Trd, 000212.633, 176
Trd, 000212.850, 171
Trd, 000213.000, 177
Trd, 000214.033, 159
Trd, 000214.983, 164
Trd, 000215.100, 172
Trd, 000215.817, 168
Trd, 000216.183, 168
Trd, 000216.600, 172
Trd, 000217.283, 167
Trd, 000217.300, 173
Trd, 000217.783, 167
Trd, 000219.067, 172
Trd, 000219.217, 171
Trd, 000219.267, 168
Trd, 000219.467, 170
Trd, 000219.650, 170
Trd, 000220.950, 172
Trd, 000222.033, 173
Trd, 000222.167, 173
Trd, 000222.200, 176
Trd, 000222.750, 177
Trd, 000223.550, 175
Trd, 000224.317, 174
Trd, 000225.100, 177
Trd, 000225.983, 175
Trd, 000226.700, 175
Trd, 000226.750, 174
Trd, 000227.517, 173
Trd, 000227.767, 176
Trd, 000228.283, 175
Trd, 000229.317, 174
Trd, 000229.700, 173
Trd, 000229.867, 173
Trd, 000229.950, 171
Trd, 000229.983, 172
Trd, 000230.183, 168
Trd, 000230.533, 171
Trd, 000230.817, 179
Trd, 000230.933, 180
Trd, 000231.483, 154
Trd, 000231.500, 144
Trd, 000232.267, 193
Trd, 000232.367, 192
Trd, 000232.783, 191
Trd, 000233.583, 186
Trd, 000233.967, 187
Trd, 000234.567, 184
Trd, 000235.383, 182
Trd, 000235.667, 183
Trd, 000237.200, 179
Trd, 000237.567, 174
Trd, 000238.117, 180
Trd, 000238.600, 181
Trd, 000238.800, 179
Trd, 000239.433, 176
Trd, 000239.483, 175
Trd, 000240.850, 173
Trd, 000241.167, 173
Trd, 000241.533, 172
Trd, 000241.683, 171
Trd, 000242.200, 167
Trd, 000243.000, 167
Trd, 000243.383, 168
Trd, 000243.967, 169
Trd, 000245.000, 173
Trd, 000245.117, 172
Trd, 000245.317, 171
Trd, 000245.583, 174
Trd, 000245.900, 174
Trd, 000246.283, 179
Trd, 000246.583, 173
Trd, 000247.533, 183
Trd, 000248.033, 185
Trd, 000248.367, 186
Trd, 000248.517, 182
Trd, 000249.683, 187
Trd, 000250.250, 183
Trd, 000250.383, 182
Trd, 000250.550, 180
Trd, 000251.183, 179
Trd, 000251.450, 176
Trd, 000252.083, 177
Trd, 000252.117, 173
Trd, 000252.283, 176
Trd, 000252.567, 179
Trd, 000252.867, 168
Trd, 000253.033, 168
Trd, 000253.067, 159
Trd, 000253.233, 179
Trd, 000253.467, 180
Trd, 000254.883, 173
Trd, 000255.000, 177
Trd, 000255.467, 179
Trd, 000255.883, 172
Trd, 000257.450, 175
Trd, 000257.950, 178
Trd, 000257.983, 177
Trd, 000258.000, 179
Trd, 000259.550, 176
Trd, 000259.717, 176
Trd, 000260.583, 179
Trd, 000261.050, 178
Trd, 000261.150, 177
Trd, 000261.283, 174
Trd, 000261.383, 180
Trd, 000261.817, 169
Trd, 000262.267, 173
Trd, 000262.917, 179
Trd, 000262.950, 180
Trd, 000263.767, 174
Trd, 000264.167, 175
Trd, 000264.750, 176
Trd, 000265.183, 177
Trd, 000265.333, 175
Trd, 000265.517, 175
Trd, 000266.383, 175
Trd, 000266.533, 180
Trd, 000267.900, 180
Trd, 000268.983, 177
Trd, 000269.267, 170
Trd, 000270.350, 173
Trd, 000270.667, 175
Trd, 000270.750, 174
Trd, 000270.800, 173
Trd, 000271.250, 174
Trd, 000271.533, 174
Trd, 000272.000, 175
Trd, 000272.250, 174
Trd, 000272.900, 175
Trd, 000272.933, 176
Trd, 000273.500, 174
Trd, 000273.650, 165
Trd, 000273.683, 177
Trd, 000274.550, 183
Trd, 000274.833, 179
Trd, 000275.917, 179
Trd, 000276.433, 181
Trd, 000276.667, 179
Trd, 000277.517, 180
Trd, 000277.583, 183
Trd, 000277.817, 175
Trd, 000278.967, 176
Trd, 000279.483, 185
Trd, 000279.700, 180
Trd, 000280.100, 183
Trd, 000280.383, 184
Trd, 000281.083, 182
Trd, 000281.700, 179
Trd, 000282.100, 178
Trd, 000282.900, 176
Trd, 000283.017, 181
Trd, 000283.183, 171
Trd, 000283.650, 170
Trd, 000284.083, 160
Trd, 000284.333, 171
Trd, 000285.350, 170
Trd, 000285.683, 165
Trd, 000286.017, 170
Trd, 000286.083, 171
Trd, 000286.467, 168
Trd, 000286.600, 166
Trd, 000286.633, 188
Trd, 000287.033, 165
Trd, 000288.917, 173
Trd, 000289.017, 173
Trd, 000289.383, 174
Trd, 000289.683, 174
Trd, 000289.750, 175
Trd, 000290.633, 178
Trd, 000290.817, 177
Trd, 000290.883, 177
Trd, 000290.950, 174
Trd, 000291.267, 173
Trd, 000291.417, 170
Trd, 000291.900, 184
Trd, 000292.000, 181
Trd, 000292.717, 177
Trd, 000293.483, 166
Trd, 000293.583, 179
Trd, 000294.467, 178
Trd, 000294.933, 173
Trd, 000295.233, 177
Trd, 000295.750, 178
Trd, 000297.450, 177
Trd, 000297.767, 174
Trd, 000298.000, 178
Trd, 000298.183, 184
Trd, 000298.933, 180
Trd, 000299.067, 182
Trd, 000299.283, 177
Trd, 000299.783, 181
Trd, 000299.833, 182
Trd, 000299.900, 176
