Trd, 000000.733, 145
Trd, 000001.000, 144
Trd, 000001.417, 151
Trd, 000004.533, 150
Trd, 000004.667, 155
Trd, 000004.983, 156
Trd, 000005.667, 136
Trd, 000005.700, 151
Trd, 000006.233, 154
Trd, 000006.400, 156
Trd, 000006.767, 163
Trd, 000007.733, 148
Trd, 000007.983, 147
Trd, 000008.100, 146
Trd, 000008.433, 154
Trd, 000008.467, 144
Trd, 000009.067, 144
Trd, 000009.567, 144
Trd, 000009.983, 143
Trd, 000010.433, 145
Trd, 000011.100, 149
Trd, 000011.867, 150
Trd, 000012.583, 156
Trd, 000012.967, 153
Trd, 000013.733, 154
Trd, 000013.767, 156
Trd, 000013.883, 154
Trd, 000014.550, 164
Trd, 000014.850, 164
Trd, 000015.433, 155
Trd, 000015.717, 164
Trd, 000017.450, 154
Trd, 000017.683, 153
Trd, 000018.083, 160
Trd, 000018.217, 158
Trd, 000019.717, 158
Trd, 000019.800, 158
Trd, 000020.150, 157
Trd, 000020.750, 157
Trd, 000020.983, 157
Trd, 000021.600, 157
Trd, 000022.167, 155
Trd, 000023.167, 150
Trd, 000023.767, 152
Trd, 000024.233, 154
Trd, 000025.083, 153
Trd, 000025.283, 153
Trd, 000025.400, 153
Trd, 000025.850, 153
Trd, 000025.967, 152
Trd, 000026.383, 146
Trd, 000027.167, 147
Trd, 000027.433, 155
Trd, 000028.133, 146
Trd, 000029.733, 146
Trd, 000030.117, 153
Trd, 000030.150, 146
Trd, 000030.667, 155
Trd, 000031.983, 155
Trd, 000032.033, 155
Trd, 000032.233, 157
Trd, 000032.383, 158
Trd, 000033.600, 154
Trd, 000034.467, 147
Trd, 000034.683, 144
Trd, 000035.400, 131
Trd, 000035.533, 146
Trd, 000035.667, 147
Trd, 000036.750, 141
Trd, 000036.967, 148
Trd, 000037.400, 152
Trd, 000037.750, 155
Trd, 000038.417, 158
Trd, 000038.650, 166
Trd, 000039.450, 166
Trd, 000040.050, 154
Trd, 000040.167, 161
Trd, 000040.883, 157
Trd, 000040.933, 160
Trd, 000042.333, 156
Trd, 000042.367, 158
Trd, 000042.917, 155
Trd, 000042.983, 157
Trd, 000043.717, 155
Trd, 000044.167, 153
Trd, 000045.167, 155
Trd, 000045.317, 154
Trd, 000045.517, 159
Trd, 000046.967, 164
Trd, 000047.483, 162
Trd, 000047.733, 161
Trd, 000047.967, 158
Trd, 000049.233, 151
Trd, 000049.250, 148
Trd, 000049.783, 146
Trd, 000050.750, 159
Trd, 000051.750, 158
Trd, 000052.233, 158
Trd, 000052.900, 160
Trd, 000053.267, 158
Trd, 000053.500, 158
Trd, 000053.733, 156
Trd, 000054.000, 154
Trd, 000054.467, 159
Trd, 000054.650, 155
Trd, 000055.783, 166
Trd, 000056.167, 157
Trd, 000057.067, 153
Trd, 000058.100, 159
Trd, 000058.483, 145
Trd, 000058.650, 159
Trd, 000059.517, 156
Trd, 000059.683, 154
Trd, 000059.900, 154
Trd, 000059.983, 156
Trd, 000060.483, 156
Trd, 000060.717, 159
Trd, 000060.733, 153
Trd, 000061.167, 162
Trd, 000062.367, 156
Trd, 000062.800, 154
Trd, 000062.983, 160
Trd, 000064.133, 159
Trd, 000064.800, 159
Trd, 000064.933, 157
Trd, 000065.200, 157
Trd, 000066.650, 159
Trd, 000067.717, 158
Trd, 000067.867, 159
Trd, 000067.883, 168
Trd, 000068.367, 158
Trd, 000069.100, 157
Trd, 000069.250, 165
Trd, 000069.733, 158
Trd, 000070.250, 158
Trd, 000071.667, 157
Trd, 000071.750, 159
Trd, 000071.933, 158
Trd, 000072.650, 159
Trd, 000073.000, 156
Trd, 000073.450, 157
Trd, 000073.867, 158
Trd, 000074.617, 162
Trd, 000074.800, 169
Trd, 000075.200, 158
Trd, 000076.650, 159
Trd, 000077.167, 159
Trd, 000077.550, 158
Trd, 000077.800, 158
Trd, 000078.000, 158
Trd, 000078.300, 159
Trd, 000079.700, 156
Trd, 000080.050, 156
Trd, 000080.250, 157
Trd, 000080.367, 160
Trd, 000080.450, 152
Trd, 000080.550, 149
Trd, 000081.517, 161
Trd, 000081.683, 157
Trd, 000083.000, 145
Trd, 000083.317, 153
Trd, 000083.350, 156
Trd, 000083.700, 163
Trd, 000085.083, 168
Trd, 000085.567, 166
Trd, 000085.600, 161
Trd, 000085.917, 168
Trd, 000087.500, 168
Trd, 000087.517, 163
Trd, 000087.600, 161
Trd, 000088.033, 157
Trd, 000089.333, 165
Trd, 000089.400, 152
Trd, 000089.767, 164
Trd, 000090.167, 149
Trd, 000090.600, 153
Trd, 000091.733, 158
Trd, 000092.800, 149
Trd, 000092.983, 150
Trd, 000093.117, 150
Trd, 000093.183, 148
Trd, 000093.767, 145
Trd, 000094.667, 139
Trd, 000095.100, 146
Trd, 000095.883, 157
Trd, 000096.050, 140
Trd, 000096.400, 158
Trd, 000097.050, 160
Trd, 000097.383, 167
Trd, 000097.683, 154
Trd, 000099.117, 162
Trd, 000099.233, 152
Trd, 000100.067, 158
Trd, 000101.167, 156
Trd, 000101.367, 155
Trd, 000101.867, 156
Trd, 000101.883, 155
Trd, 000102.500, 157
Trd, 000103.017, 162
Trd, 000103.267, 162
Trd, 000103.783, 161
Trd, 000104.567, 161
Trd, 000105.367, 165
Trd, 000106.600, 160
Trd, 000107.300, 156
Trd, 000107.950, 154
Trd, 000108.167, 157
Trd, 000108.250, 156
Trd, 000108.450, 153
Trd, 000108.567, 155
Trd, 000108.867, 152
Trd, 000109.850, 158
Trd, 000110.200, 155
Trd, 000110.383, 158
Trd, 000110.633, 159
Trd, 000111.600, 167
Trd, 000112.033, 156
Trd, 000114.050, 158
Trd, 000114.150, 160
Trd, 000114.750, 160
Trd, 000114.783, 159
Trd, 000114.967, 159
Trd, 000116.050, 160
Trd, 000117.217, 156
Trd, 000117.433, 156
Trd, 000118.383, 158
Trd, 000118.467, 157
Trd, 000119.117, 152
Trd, 000119.183, 158
Trd, 000120.100, 159
Trd, 000120.483, 159
Trd, 000120.650, 160
Trd, 000121.883, 163
Trd, 000122.850, 167
Trd, 000123.017, 174
Trd, 000123.067, 160
Trd, 000123.433, 166
Trd, 000123.517, 156
Trd, 000124.583, 142
Trd, 000125.200, 148
Trd, 000125.383, 149
Trd, 000125.700, 164
Trd, 000126.567, 163
Trd, 000127.633, 164
Trd, 000128.150, 163
Trd, 000128.233, 160
Trd, 000128.883, 167
Trd, 000129.050, 157
Trd, 000129.950, 166
Trd, 000131.217, 161
Trd, 000131.767, 161
Trd, 000132.000, 161
Trd, 000132.200, 161
Trd, 000132.450, 160
Trd, 000132.567, 154
Trd, 000133.167, 160
Trd, 000133.733, 164
Trd, 000133.850, 175
Trd, 000135.450, 172
Trd, 000136.033, 169
Trd, 000136.250, 168
Trd, 000136.917, 168
Trd, 000137.183, 164
Trd, 000137.517, 160
Trd, 000137.850, 162
Trd, 000138.317, 157
Trd, 000139.367, 161
Trd, 000139.417, 162
Trd, 000140.267, 162
Trd, 000142.117, 164
Trd, 000142.383, 164
Trd, 000142.483, 165
Trd, 000142.983, 165
Trd, 000143.900, 169
Trd, 000144.167, 163
Trd, 000145.200, 163
Trd, 000145.467, 166
Trd, 000145.983, 164
Trd, 000146.400, 163
Trd, 000147.017, 164
Trd, 000147.750, 163
Trd, 000148.350, 162
Trd, 000148.783, 162
Trd, 000148.883, 163
Trd, 000148.900, 164
Trd, 000149.033, 165
Trd, 000149.283, 159
Trd, 000149.617, 169
Trd, 000151.100, 164
Trd, 000151.233, 162
Trd, 000151.750, 169
Trd, 000152.050, 170
Trd, 000152.633, 162
Trd, 000154.333, 176
Trd, 000154.550, 177
Trd, 000154.700, 165
Trd, 000155.867, 175
Trd, 000156.067, 167
Trd, 000157.217, 170
Trd, 000157.667, 170
Trd, 000157.867, 171
Trd, 000158.467, 170
Trd, 000159.500, 170
Trd, 000160.733, 170
Trd, 000161.667, 171
Trd, 000161.733, 169
Trd, 000161.833, 167
Trd, 000162.267, 167
Trd, 000162.517, 171
Trd, 000163.550, 170
Trd, 000164.317, 170
Trd, 000164.583, 164
Trd, 000165.567, 168
Trd, 000165.783, 169
Trd, 000165.850, 163
Trd, 000165.917, 162
Trd, 000167.933, 168
Trd, 000168.267, 162
Trd, 000169.733, 163
Trd, 000170.250, 162
Trd, 000170.483, 161
Trd, 000171.017, 158
Trd, 000171.117, 161
Trd, 000171.267, 151
Trd, 000171.550, 154
Trd, 000172.300, 162
Trd, 000173.067, 164
Trd, 000173.400, 165
Trd, 000173.900, 167
Trd, 000174.017, 168
Trd, 000174.083, 161
Trd, 000174.700, 161
Trd, 000175.217, 155
Trd, 000175.833, 169
Trd, 000177.383, 170
Trd, 000177.950, 170
Trd, 000178.033, 169
Trd, 000178.617, 168
Trd, 000178.717, 174
Trd, 000178.733, 179
Trd, 000179.167, 169
Trd, 000181.250, 173
Trd, 000181.333, 174
Trd, 000182.300, 171
Trd, 000182.700, 170
Trd, 000183.183, 172
Trd, 000183.550, 174
Trd, 000183.583, 169
Trd, 000183.633, 162
Trd, 000183.850, 160
Trd, 000184.117, 172
Trd, 000185.167, 170
Trd, 000185.533, 171
Trd, 000185.983, 168
Trd, 000186.400, 168
Trd, 000187.217, 156
Trd, 000187.433, 159
Trd, 000188.883, 159
Trd, 000188.900, 160
Trd, 000189.367, 160
Trd, 000190.083, 164
Trd, 000190.283, 163
Trd, 000190.533, 167
Trd, 000191.767, 169
Trd, 000192.383, 169
Trd, 000192.400, 171
Trd, 000193.000, 173
Trd, 000193.050, 174
Trd, 000193.450, 174
Trd, 000195.233, 173
Trd, 000195.467, 173
Trd, 000196.117, 173
Trd, 000197.633, 171
Trd, 000197.783, 164
Trd, 000197.933, 173
Trd, 000198.733, 147
Trd, 000199.800, 157
Trd, 000200.033, 162
Trd, 000200.483, 162
Trd, 000200.700, 164
Trd, 000200.867, 175
Trd, 000201.133, 179
Trd, 000202.217, 174
Trd, 000202.833, 173
Trd, 000204.133, 176
Trd, 000204.150, 175
Trd, 000204.350, 182
Trd, 000204.550, 183
Trd, 000204.900, 184
Trd, 000205.050, 175
Trd, 000207.600, 172
Trd, 000207.750, 173
Trd, 000208.200, 168
Trd, 000208.783, 172
Trd, 000209.033, 171
Trd, 000209.700, 170
Trd, 000210.333, 165
Trd, 000210.983, 166
Trd, 000212.150, 168
Trd, 000212.350, 166
Trd, 000212.900, 167
Trd, 000213.000, 169
Trd, 000213.117, 172
Trd, 000213.217, 166
Trd, 000214.017, 164
Trd, 000214.033, 165
Trd, 000214.800, 164
Trd, 000215.383, 175
Trd, 000215.783, 163
Trd, 000215.917, 178
Trd, 000217.367, 166
Trd, 000217.950, 163
Trd, 000218.067, 163
Trd, 000219.567, 177
Trd, 000220.367, 169
Trd, 000220.883, 172
Trd, 000221.150, 168
Trd, 000221.517, 169
Trd, 000221.600, 173
Trd, 000221.817, 173
Trd, 000222.400, 173
Trd, 000222.700, 174
Trd, 000222.817, 177
Trd, 000222.917, 170
Trd, 000223.250, 168
Trd, 000223.533, 176
Trd, 000224.200, 166
Trd, 000225.317, 174
Trd, 000225.367, 175
Trd, 000225.833, 167
Trd, 000225.933, 194
Trd, 000226.567, 193
Trd, 000226.733, 171
Trd, 000226.783, 166
Trd, 000228.483, 182
Trd, 000229.150, 183
Trd, 000230.117, 181
Trd, 000230.133, 182
Trd, 000230.233, 183
Trd, 000230.367, 178
Trd, 000231.683, 181
Trd, 000232.933, 181
Trd, 000232.983, 179
Trd, 000233.133, 180
Trd, 000233.383, 182
Trd, 000233.800, 178
Trd, 000234.183, 171
Trd, 000235.317, 176
Trd, 000235.417, 174
Trd, 000235.900, 180
Trd, 000238.550, 173
Trd, 000238.850, 174
Trd, 000239.333, 176
Trd, 000239.533, 178
Trd, 000239.933, 173
Trd, 000240.233, 176
Trd, 000240.267, 174
Trd, 000240.767, 175
Trd, 000240.817, 175
Trd, 000240.850, 176
Trd, 000241.250, 177
Trd, 000241.417, 173
Trd, 000241.933, 176
Trd, 000242.333, 178
Trd, 000243.033, 179
Trd, 000243.633, 178
Trd, 000244.383, 179
Trd, 000244.700, 180
Trd, 000245.183, 177
Trd, 000245.417, 170
Trd, 000245.467, 175
Trd, 000245.900, 171
Trd, 000246.050, 179
Trd, 000246.483, 175
Trd, 000246.767, 171
Trd, 000246.933, 171
Trd, 000247.383, 172
Trd, 000247.500, 172
Trd, 000247.650, 170
Trd, 000247.950, 167
Trd, 000248.133, 171
Trd, 000248.567, 172
Trd, 000249.017, 173
Trd, 000249.317, 172
Trd, 000250.200, 170
Trd, 000250.250, 179
Trd, 000250.617, 169
Trd, 000252.100, 176
Trd, 000252.250, 176
Trd, 000252.767, 179
Trd, 000253.267, 176
Trd, 000253.417, 178
Trd, 000253.450, 177
Trd, 000253.483, 181
Trd, 000253.533, 183
Trd, 000253.550, 187
Trd, 000254.417, 181
Trd, 000254.750, 176
Trd, 000255.450, 179
Trd, 000256.633, 176
Trd, 000256.800, 173
Trd, 000257.033, 169
Trd, 000257.383, 171
Trd, 000257.800, 171
Trd, 000258.067, 172
Trd, 000258.433, 173
Trd, 000259.117, 171
Trd, 000259.367, 172
Trd, 000259.783, 171
Trd, 000259.883, 174
Trd, 000260.733, 170
Trd, 000261.183, 173
Trd, 000261.267, 170
Trd, 000261.517, 170
Trd, 000261.767, 169
Trd, 000262.217, 170
Trd, 000262.800, 176
Trd, 000263.233, 176
Trd, 000263.367, 177
Trd, 000263.733, 176
Trd, 000264.633, 182
Trd, 000265.150, 183
Trd, 000265.917, 177
Trd, 000266.033, 175
Trd, 000266.217, 180
Trd, 000266.833, 178
Trd, 000266.900, 176
Trd, 000267.050, 180
Trd, 000267.300, 175
Trd, 000267.467, 174
Trd, 000268.417, 175
Trd, 000268.967, 180
Trd, 000269.050, 172
Trd, 000269.400, 179
Trd, 000269.517, 183
Trd, 000269.783, 183
Trd, 000270.133, 180
Trd, 000270.550, 182
Trd, 000271.067, 183
Trd, 000271.367, 179
Trd, 000272.117, 180
Trd, 000272.783, 182
Trd, 000273.150, 181
Trd, 000273.467, 178
Trd, 000273.550, 175
Trd, 000274.400, 178
Trd, 000274.517, 179
Trd, 000274.567, 179
Trd, 000274.600, 174
Trd, 000274.617, 185
Trd, 000274.900, 173
Trd, 000275.067, 172
Trd, 000275.117, 171
Trd, 000275.200, 185
Trd, 000276.267, 184
Trd, 000276.583, 175
Trd, 000277.050, 175
Trd, 000277.833, 169
Trd, 000277.917, 175
Trd, 000277.967, 168
Trd, 000279.100, 175
Trd, 000279.683, 189
Trd, 000279.817, 169
Trd, 000279.867, 174
Trd, 000280.450, 182
Trd, 000280.517, 189
Trd, 000280.650, 179
Trd, 000280.783, 189
Trd, 000281.700, 185
Trd, 000281.750, 185
Trd, 000281.967, 185
Trd, 000282.200, 177
Trd, 000282.633, 178
Trd, 000283.200, 183
Trd, 000283.283, 176
Trd, 000284.000, 182
Trd, 000284.217, 177
Trd, 000284.950, 181
Trd, 000285.400, 183
Trd, 000286.450, 180
Trd, 000286.533, 178
Trd, 000286.650, 177
Trd, 000286.800, 181
Trd, 000287.650, 176
Trd, 000288.300, 173
Trd, 000288.400, 172
Trd, 000288.483, 170
Trd, 000289.117, 168
Trd, 000289.583, 171
Trd, 000290.217, 168
Trd, 000290.233, 167
Trd, 000290.317, 170
Trd, 000290.500, 167
Trd, 000290.617, 171
Trd, 000290.883, 181
Trd, 000291.350, 162
Trd, 000291.700, 164
Trd, 000292.133, 158
Trd, 000292.217, 162
Trd, 000292.917, 164
Trd, 000293.150, 166
Trd, 000293.250, 172
Trd, 000293.400, 173
Trd, 000293.600, 177
Trd, 000293.883, 165
Trd, 000294.283, 184
Trd, 000295.000, 163
Trd, 000295.150, 187
Trd, 000296.017, 172
Trd, 000296.617, 173
Trd, 000296.917, 173
Trd, 000297.667, 175
Trd, 000298.300, 175
Trd, 000298.383, 180
Trd, 000298.433, 181
Trd, 000298.750, 189
Trd, 000299.367, 188
Trd, 000299.483, 180
Trd, 000299.833, 192
