Trd, 000001.283, 189
Trd, 000002.383, 179
Trd, 000003.617, 172
Trd, 000004.067, 168
Trd, 000004.583, 160
Trd, 000004.883, 157
Trd, 000004.967, 155
Trd, 000005.083, 151
Trd, 000005.150, 151
Trd, 000005.367, 142
Trd, 000005.467, 180
Trd, 000007.233, 170
Trd, 000007.533, 153
Trd, 000007.617, 154
Trd, 000008.333, 149
Trd, 000009.183, 154
Trd, 000009.350, 153
Trd, 000009.533, 152
Trd, 000009.550, 163
Trd, 000010.117, 152
Trd, 000011.467, 151
Trd, 000012.267, 152
Trd, 000012.450, 158
Trd, 000012.700, 160
Trd, 000013.950, 156
Trd, 000014.383, 154
Trd, 000014.617, 154
Trd, 000014.683, 142
Trd, 000014.950, 161
Trd, 000015.100, 142
Trd, 000015.667, 160
Trd, 000015.683, 153
Trd, 000016.000, 162
Trd, 000017.783, 159
Trd, 000018.750, 162
Trd, 000018.833, 164
Trd, 000018.967, 160
Trd, 000019.050, 157
Trd, 000019.467, 155
Trd, 000020.433, 148
Trd, 000020.783, 145
Trd, 000020.917, 144
Trd, 000021.083, 143
Trd, 000022.433, 162
Trd, 000023.450, 159
Trd, 000024.067, 162
Trd, 000024.933, 164
Trd, 000025.117, 158
Trd, 000026.000, 158
Trd, 000026.233, 159
Trd, 000026.583, 157
Trd, 000026.667, 155
Trd, 000027.850, 155
Trd, 000028.483, 158
Trd, 000029.133, 156
Trd, 000030.033, 160
Trd, 000030.150, 162
Trd, 000030.750, 165
Trd, 000031.150, 160
Trd, 000031.817, 159
Trd, 000032.667, 158
Trd, 000032.933, 161
Trd, 000033.033, 158
Trd, 000033.267, 161
Trd, 000033.450, 162
Trd, 000033.733, 146
Trd, 000034.167, 165
Trd, 000034.750, 156
Trd, 000035.367, 155
Trd, 000035.483, 155
Trd, 000036.033, 155
Trd, 000036.333, 165
Trd, 000036.933, 154
Trd, 000037.150, 174
Trd, 000037.483, 151
Trd, 000037.733, 169
Trd, 000038.033, 146
Trd, 000038.717, 173
Trd, 000038.900, 155
Trd, 000039.317, 145
Trd, 000039.767, 141
Trd, 000040.233, 168
Trd, 000040.383, 169
Trd, 000041.667, 169
Trd, 000042.367, 161
Trd, 000042.483, 172
Trd, 000042.500, 159
Trd, 000042.800, 158
Trd, 000043.033, 176
Trd, 000043.700, 159
Trd, 000044.300, 173
Trd, 000044.583, 160
Trd, 000044.700, 159
Trd, 000044.917, 156
Trd, 000046.767, 161
Trd, 000047.233, 161
Trd, 000047.583, 155
Trd, 000047.717, 166
Trd, 000048.283, 156
Trd, 000048.383, 163
Trd, 000049.367, 153
Trd, 000050.450, 161
Trd, 000050.550, 160
Trd, 000051.150, 156
Trd, 000051.533, 157
Trd, 000051.817, 160
Trd, 000052.467, 167
Trd, 000052.600, 170
Trd, 000053.150, 156
Trd, 000053.250, 160
Trd, 000053.650, 156
Trd, 000053.867, 158
Trd, 000055.183, 170
Trd, 000055.567, 160
Trd, 000055.667, 160
Trd, 000055.850, 158
Trd, 000056.500, 152
Trd, 000056.900, 148
Trd, 000058.250, 160
Trd, 000058.500, 160
Trd, 000058.817, 157
Trd, 000059.083, 160
Trd, 000059.433, 156
Trd, 000059.500, 153
Trd, 000059.650, 159
Trd, 000060.033, 143
Trd, 000061.233, 140
Trd, 000061.417, 141
Trd, 000062.000, 143
Trd, 000062.167, 168
Trd, 000062.233, 148
Trd, 000063.300, 168
Trd, 000064.233, 175
Trd, 000064.433, 152
Trd, 000064.467, 151
Trd, 000065.283, 157
Trd, 000065.833, 166
Trd, 000066.133, 156
Trd, 000066.233, 147
Trd, 000066.783, 162
Trd, 000067.600, 163
Trd, 000067.933, 162
Trd, 000068.667, 145
Trd, 000069.067, 167
Trd, 000069.100, 168
Trd, 000070.467, 158
Trd, 000070.950, 157
Trd, 000071.367, 157
Trd, 000072.833, 162
Trd, 000073.217, 158
Trd, 000073.250, 155
Trd, 000074.100, 159
Trd, 000074.333, 160
Trd, 000074.800, 158
Trd, 000074.933, 155
Trd, 000074.983, 155
Trd, 000075.200, 164
Trd, 000076.317, 155
Trd, 000076.600, 169
Trd, 000077.200, 163
Trd, 000077.650, 161
Trd, 000078.050, 158
Trd, 000078.417, 162
Trd, 000078.617, 163
Trd, 000078.683, 159
Trd, 000078.967, 158
Trd, 000079.150, 165
Trd, 000081.233, 158
Trd, 000081.467, 159
Trd, 000081.850, 161
Trd, 000082.383, 169
Trd, 000082.417, 157
Trd, 000082.433, 155
Trd, 000082.717, 154
Trd, 000083.367, 151
Trd, 000083.517, 161
Trd, 000084.933, 154
Trd, 000085.517, 166
Trd, 000085.717, 170
Trd, 000087.500, 154
Trd, 000087.683, 164
Trd, 000087.867, 160
Trd, 000088.067, 172
Trd, 000088.550, 160
Trd, 000088.900, 151
Trd, 000089.350, 171
Trd, 000089.467, 156
Trd, 000089.650, 149
Trd, 000090.333, 146
Trd, 000090.400, 169
Trd, 000091.317, 170
Trd, 000091.817, 147
Trd, 000093.333, 169
Trd, 000093.500, 172
Trd, 000094.600, 165
Trd, 000094.783, 164
Trd, 000095.183, 162
Trd, 000096.333, 163
Trd, 000096.633, 160
Trd, 000097.017, 165
Trd, 000097.450, 161
Trd, 000097.500, 150
Trd, 000097.767, 151
Trd, 000098.367, 148
Trd, 000099.533, 176
Trd, 000100.133, 170
Trd, 000100.200, 163
Trd, 000100.283, 162
Trd, 000100.533, 178
Trd, 000100.717, 155
Trd, 000103.117, 177
Trd, 000103.233, 165
Trd, 000103.617, 164
Trd, 000103.667, 161
Trd, 000104.200, 156
Trd, 000104.567, 158
Trd, 000104.800, 159
Trd, 000105.250, 156
Trd, 000105.350, 154
Trd, 000105.717, 171
Trd, 000107.100, 171
Trd, 000107.233, 172
Trd, 000107.817, 165
Trd, 000108.783, 171
Trd, 000108.950, 163
Trd, 000109.217, 163
Trd, 000109.250, 162
Trd, 000109.933, 166
Trd, 000110.100, 162
Trd, 000110.533, 161
Trd, 000111.833, 166
Trd, 000112.250, 152
Trd, 000113.433, 164
Trd, 000113.650, 162
Trd, 000114.417, 172
Trd, 000114.633, 161
Trd, 000115.050, 160
Trd, 000115.617, 157
Trd, 000115.783, 152
Trd, 000116.233, 148
Trd, 000118.183, 166
Trd, 000118.600, 169
Trd, 000118.633, 164
Trd, 000118.867, 163
Trd, 000118.950, 163
Trd, 000119.183, 174
Trd, 000119.383, 167
Trd, 000119.750, 155
Trd, 000121.150, 169
Trd, 000121.400, 169
Trd, 000121.767, 167
Trd, 000121.867, 173
Trd, 000122.700, 165
Trd, 000123.233, 153
Trd, 000123.700, 154
Trd, 000123.783, 172
Trd, 000124.533, 155
Trd, 000124.683, 173
Trd, 000124.700, 149
Trd, 000124.933, 156
Trd, 000127.117, 172
Trd, 000127.883, 173
Trd, 000128.100, 168
Trd, 000128.717, 165
Trd, 000128.867, 164
Trd, 000129.383, 164
Trd, 000130.017, 168
Trd, 000130.183, 163
Trd, 000130.883, 185
Trd, 000131.233, 175
Trd, 000131.283, 164
Trd, 000133.017, 164
Trd, 000133.200, 173
Trd, 000133.583, 163
Trd, 000133.717, 162
Trd, 000134.333, 174
Trd, 000134.633, 181
Trd, 000134.683, 160
Trd, 000135.150, 164
Trd, 000135.600, 158
Trd, 000135.617, 157
Trd, 000135.867, 164
Trd, 000137.650, 167
Trd, 000138.483, 176
Trd, 000138.500, 166
Trd, 000139.600, 165
Trd, 000139.900, 168
Trd, 000140.217, 166
Trd, 000140.417, 174
Trd, 000140.583, 163
Trd, 000140.600, 156
Trd, 000140.933, 161
Trd, 000142.133, 151
Trd, 000143.583, 172
Trd, 000143.950, 155
Trd, 000144.167, 169
Trd, 000144.433, 174
Trd, 000145.133, 173
Trd, 000145.450, 176
Trd, 000145.833, 165
Trd, 000146.150, 171
Trd, 000146.600, 168
Trd, 000146.783, 174
Trd, 000148.567, 169
Trd, 000148.717, 152
Trd, 000148.817, 177
Trd, 000148.883, 159
Trd, 000149.167, 183
Trd, 000150.133, 170
Trd, 000150.667, 174
Trd, 000152.083, 176
Trd, 000152.667, 175
Trd, 000153.467, 170
Trd, 000153.550, 169
Trd, 000154.017, 167
Trd, 000154.067, 166
Trd, 000154.217, 175
Trd, 000154.517, 170
Trd, 000154.667, 175
Trd, 000154.783, 156
Trd, 000155.517, 159
Trd, 000155.883, 177
Trd, 000157.083, 177
Trd, 000157.567, 178
Trd, 000157.867, 165
Trd, 000158.000, 163
Trd, 000159.100, 175
Trd, 000159.333, 172
Trd, 000159.750, 171
Trd, 000159.917, 188
Trd, 000160.617, 172
Trd, 000160.850, 181
Trd, 000160.983, 171
Trd, 000161.567, 167
Trd, 000161.650, 189
Trd, 000162.067, 159
Trd, 000162.317, 160
Trd, 000162.350, 187
Trd, 000163.150, 160
Trd, 000164.533, 169
Trd, 000165.283, 171
Trd, 000165.517, 167
Trd, 000165.717, 177
Trd, 000165.750, 172
Trd, 000166.767, 170
Trd, 000167.600, 172
Trd, 000168.133, 170
Trd, 000168.283, 158
Trd, 000169.250, 167
Trd, 000169.267, 175
Trd, 000169.650, 166
Trd, 000169.950, 170
Trd, 000170.650, 176
Trd, 000171.383, 170
Trd, 000171.483, 168
Trd, 000172.233, 168
Trd, 000172.317, 169
Trd, 000172.350, 179
Trd, 000172.700, 167
Trd, 000172.983, 178
Trd, 000174.417, 177
Trd, 000174.583, 165
Trd, 000174.917, 164
Trd, 000175.117, 177
Trd, 000175.633, 163
Trd, 000175.967, 162
Trd, 000176.883, 173
Trd, 000178.400, 176
Trd, 000179.067, 178
Trd, 000179.617, 174
Trd, 000180.467, 173
Trd, 000181.017, 167
Trd, 000181.317, 180
Trd, 000181.700, 169
Trd, 000182.000, 161
Trd, 000182.300, 159
Trd, 000182.583, 182
Trd, 000182.733, 161
Trd, 000183.067, 169
Trd, 000184.667, 173
Trd, 000185.083, 173
Trd, 000185.250, 172
Trd, 000185.333, 170
Trd, 000185.850, 174
Trd, 000185.883, 169
Trd, 000186.483, 173
Trd, 000186.567, 169
Trd, 000186.650, 174
Trd, 000186.883, 175
Trd, 000188.717, 181
Trd, 000189.867, 176
Trd, 000190.283, 176
Trd, 000190.600, 175
Trd, 000190.633, 180
Trd, 000191.133, 174
Trd, 000191.350, 173
Trd, 000191.417, 172
Trd, 000191.700, 170
Trd, 000192.050, 160
Trd, 000192.567, 172
Trd, 000192.717, 165
Trd, 000193.550, 162
Trd, 000193.783, 163
Trd, 000194.367, 143
Trd, 000195.100, 170
Trd, 000195.500, 167
Trd, 000196.333, 164
Trd, 000196.433, 171
Trd, 000197.033, 162
Trd, 000197.383, 161
Trd, 000197.500, 170
Trd, 000198.000, 170
Trd, 000198.367, 180
Trd, 000199.167, 179
Trd, 000199.550, 162
Trd, 000200.183, 201
Trd, 000200.500, 189
Trd, 000200.983, 186
Trd, 000201.950, 180
Trd, 000202.133, 172
Trd, 000202.683, 199
Trd, 000203.650, 180
Trd, 000204.267, 181
Trd, 000204.567, 171
Trd, 000204.633, 200
Trd, 000204.900, 171
Trd, 000205.767, 188
Trd, 000205.883, 171
Trd, 000206.317, 172
Trd, 000206.383, 184
Trd, 000207.033, 185
Trd, 000208.000, 179
Trd, 000208.367, 179
Trd, 000208.517, 176
Trd, 000209.517, 177
Trd, 000209.600, 177
Trd, 000209.750, 174
Trd, 000210.117, 172
Trd, 000210.483, 172
Trd, 000210.700, 162
Trd, 000210.717, 161
Trd, 000211.500, 163
Trd, 000212.850, 170
Trd, 000213.150, 172
Trd, 000213.900, 165
Trd, 000214.067, 176
Trd, 000214.133, 161
Trd, 000214.867, 178
Trd, 000215.083, 179
Trd, 000215.450, 166
Trd, 000216.317, 180
Trd, 000216.450, 161
Trd, 000218.117, 166
Trd, 000218.300, 175
Trd, 000219.233, 175
Trd, 000219.283, 173
Trd, 000219.317, 184
Trd, 000219.450, 170
Trd, 000219.750, 177
Trd, 000220.050, 177
Trd, 000220.333, 166
Trd, 000220.967, 174
Trd, 000221.400, 160
Trd, 000221.567, 166
Trd, 000221.700, 187
Trd, 000222.200, 166
Trd, 000222.600, 173
Trd, 000223.083, 165
Trd, 000224.017, 163
Trd, 000224.233, 162
Trd, 000224.383, 164
Trd, 000224.500, 159
Trd, 000225.000, 165
Trd, 000225.767, 166
Trd, 000225.950, 161
Trd, 000226.100, 184
Trd, 000228.017, 179
Trd, 000228.583, 178
Trd, 000228.783, 176
Trd, 000228.867, 187
Trd, 000229.167, 177
Trd, 000229.733, 188
Trd, 000229.767, 178
Trd, 000230.250, 198
Trd, 000230.700, 205
Trd, 000231.317, 180
Trd, 000231.367, 193
Trd, 000231.783, 179
Trd, 000231.883, 196
Trd, 000232.517, 182
Trd, 000232.583, 176
Trd, 000233.800, 186
Trd, 000234.183, 185
Trd, 000235.883, 184
Trd, 000236.433, 183
Trd, 000236.800, 182
Trd, 000237.333, 182
Trd, 000238.300, 174
Trd, 000238.350, 164
Trd, 000238.983, 179
Trd, 000240.117, 177
Trd, 000240.567, 178
Trd, 000240.933, 178
Trd, 000240.950, 179
Trd, 000241.233, 180
Trd, 000241.550, 181
Trd, 000241.567, 191
Trd, 000241.600, 175
Trd, 000242.167, 187
Trd, 000242.900, 178
Trd, 000243.383, 175
Trd, 000243.417, 165
Trd, 000243.883, 186
Trd, 000244.917, 186
Trd, 000245.067, 186
Trd, 000245.167, 192
Trd, 000245.783, 191
Trd, 000245.867, 185
Trd, 000246.317, 185
Trd, 000247.150, 185
Trd, 000247.550, 185
Trd, 000247.567, 183
Trd, 000247.883, 186
Trd, 000248.117, 185
Trd, 000249.317, 186
Trd, 000249.550, 184
Trd, 000249.833, 188
Trd, 000249.967, 184
Trd, 000251.167, 184
Trd, 000251.483, 188
Trd, 000251.650, 189
Trd, 000251.700, 187
Trd, 000252.250, 190
Trd, 000252.400, 189
Trd, 000252.500, 183
Trd, 000252.817, 180
Trd, 000253.267, 174
Trd, 000254.033, 176
Trd, 000254.567, 174
Trd, 000254.633, 187
Trd, 000254.650, 172
Trd, 000254.817, 187
Trd, 000255.150, 169
Trd, 000256.317, 184
Trd, 000257.100, 187
Trd, 000257.133, 188
Trd, 000257.567, 193
Trd, 000257.767, 184
Trd, 000257.783, 180
Trd, 000258.267, 181
Trd, 000258.550, 182
Trd, 000259.200, 181
Trd, 000260.150, 180
Trd, 000260.317, 181
Trd, 000260.367, 178
Trd, 000260.867, 178
Trd, 000260.883, 179
Trd, 000261.233, 185
Trd, 000261.600, 181
Trd, 000262.367, 189
Trd, 000262.967, 179
Trd, 000263.017, 178
Trd, 000263.300, 177
Trd, 000264.167, 185
Trd, 000265.183, 184
Trd, 000265.250, 177
Trd, 000265.633, 187
Trd, 000266.183, 179
Trd, 000267.100, 187
Trd, 000267.783, 199
Trd, 000267.917, 184
Trd, 000268.083, 182
Trd, 000268.733, 187
Trd, 000269.000, 186
Trd, 000269.233, 185
Trd, 000269.350, 190
Trd, 000269.817, 185
Trd, 000269.917, 191
Trd, 000270.117, 190
Trd, 000270.217, 191
Trd, 000271.317, 184
Trd, 000271.367, 192
Trd, 000271.733, 183
Trd, 000272.783, 188
Trd, 000273.617, 190
Trd, 000274.067, 192
Trd, 000274.100, 189
Trd, 000274.267, 186
Trd, 000274.567, 182
Trd, 000275.217, 179
Trd, 000276.333, 185
Trd, 000277.333, 191
Trd, 000277.367, 186
Trd, 000277.917, 195
Trd, 000278.067, 193
Trd, 000278.083, 186
Trd, 000278.300, 193
Trd, 000278.833, 200
Trd, 000279.517, 191
Trd, 000279.583, 190
Trd, 000279.900, 190
Trd, 000280.417, 191
Trd, 000280.633, 189
Trd, 000280.717, 188
Trd, 000281.183, 186
Trd, 000281.617, 193
Trd, 000281.933, 185
Trd, 000282.333, 183
Trd, 000282.600, 191
Trd, 000283.567, 196
Trd, 000283.633, 196
Trd, 000283.750, 202
Trd, 000284.200, 186
Trd, 000285.383, 191
Trd, 000285.817, 194
Trd, 000285.867, 195
Trd, 000285.933, 190
Trd, 000286.050, 184
Trd, 000286.750, 193
Trd, 000287.200, 184
Trd, 000288.350, 184
Trd, 000289.417, 184
Trd, 000289.883, 184
Trd, 000290.133, 181
Trd, 000290.383, 178
Trd, 000290.417, 194
Trd, 000290.583, 171
Trd, 000290.800, 173
Trd, 000291.283, 174
Trd, 000291.500, 179
Trd, 000292.050, 191
Trd, 000292.183, 184
Trd, 000292.417, 173
Trd, 000292.550, 180
Trd, 000293.083, 187
Trd, 000293.217, 190
Trd, 000293.750, 197
Trd, 000293.850, 181
Trd, 000294.400, 191
Trd, 000295.533, 180
Trd, 000295.617, 179
Trd, 000296.667, 179
Trd, 000296.783, 188
Trd, 000297.217, 171
Trd, 000297.250, 175
Trd, 000297.450, 185
Trd, 000297.783, 170
Trd, 000298.117, 170
Trd, 000298.650, 161
Trd, 000298.867, 182
Trd, 000299.083, 188
Trd, 000299.833, 193
