Trd, 000001.467, 144
Trd, 000002.367, 113
Trd, 000002.517, 114
Trd, 000003.583, 134
Trd, 000004.483, 161
Trd, 000005.433, 162
Trd, 000005.483, 163
Trd, 000006.183, 158
Trd, 000006.817, 153
Trd, 000006.933, 164
Trd, 000007.167, 151
Trd, 000008.583, 152
Trd, 000009.283, 154
Trd, 000009.800, 154
Trd, 000010.283, 155
Trd, 000010.567, 153
Trd, 000010.783, 154
Trd, 000010.817, 152
Trd, 000011.000, 152
Trd, 000011.033, 155
Trd, 000011.467, 151
Trd, 000012.483, 151
Trd, 000012.650, 156
Trd, 000013.417, 151
Trd, 000014.000, 147
Trd, 000014.100, 148
Trd, 000014.700, 146
Trd, 000014.800, 138
Trd, 000014.967, 149
Trd, 000015.983, 143
Trd, 000016.100, 150
Trd, 000017.833, 132
Trd, 000018.100, 133
Trd, 000018.917, 133
Trd, 000019.667, 135
Trd, 000019.967, 136
Trd, 000020.117, 151
Trd, 000020.433, 139
Trd, 000021.283, 153
Trd, 000021.483, 139
Trd, 000022.033, 139
Trd, 000022.250, 156
Trd, 000022.433, 136
Trd, 000022.500, 157
Trd, 000023.467, 158
Trd, 000023.583, 160
Trd, 000023.667, 133
Trd, 000024.433, 141
Trd, 000026.367, 152
Trd, 000027.883, 151
Trd, 000027.950, 152
Trd, 000028.033, 153
Trd, 000028.067, 150
Trd, 000028.133, 147
Trd, 000028.150, 158
Trd, 000029.100, 148
Trd, 000029.183, 147
Trd, 000032.217, 149
Trd, 000032.283, 148
Trd, 000032.450, 151
Trd, 000033.017, 151
Trd, 000033.317, 147
Trd, 000033.550, 141
Trd, 000034.033, 142
Trd, 000034.767, 145
Trd, 000035.150, 151
Trd, 000036.200, 151
Trd, 000037.483, 152
Trd, 000037.733, 147
Trd, 000038.400, 146
Trd, 000038.517, 155
Trd, 000038.550, 141
Trd, 000038.867, 144
Trd, 000038.883, 156
Trd, 000038.933, 157
Trd, 000039.467, 142
Trd, 000040.867, 152
Trd, 000043.833, 150
Trd, 000044.017, 151
Trd, 000044.050, 151
Trd, 000044.167, 150
Trd, 000045.200, 150
Trd, 000045.533, 151
Trd, 000045.633, 148
Trd, 000046.650, 147
Trd, 000048.050, 147
Trd, 000048.133, 148
Trd, 000048.367, 146
Trd, 000048.700, 149
Trd, 000049.433, 153
Trd, 000049.683, 149
Trd, 000050.033, 148
Trd, 000053.083, 151
Trd, 000053.133, 156
Trd, 000053.400, 148
Trd, 000053.517, 159
Trd, 000053.567, 142
Trd, 000053.667, 160
Trd, 000054.533, 144
Trd, 000055.117, 154
Trd, 000055.967, 156
Trd, 000057.150, 159
Trd, 000057.967, 158
Trd, 000059.250, 155
Trd, 000059.350, 147
Trd, 000059.717, 146
Trd, 000061.383, 145
Trd, 000062.033, 145
Trd, 000062.433, 145
Trd, 000062.950, 144
Trd, 000063.783, 144
Trd, 000064.433, 146
Trd, 000064.817, 155
Trd, 000065.000, 159
Trd, 000065.400, 143
Trd, 000066.883, 143
Trd, 000067.933, 149
Trd, 000068.117, 150
Trd, 000068.167, 165
Trd, 000068.783, 165
Trd, 000069.050, 151
Trd, 000069.317, 151
Trd, 000069.833, 158
Trd, 000070.517, 154
Trd, 000070.683, 154
Trd, 000071.900, 156
Trd, 000072.717, 155
Trd, 000072.867, 155
Trd, 000073.217, 156
Trd, 000073.600, 153
Trd, 000073.783, 154
Trd, 000073.883, 155
Trd, 000073.900, 156
Trd, 000075.717, 151
Trd, 000076.217, 144
Trd, 000076.467, 142
Trd, 000078.000, 156
Trd, 000078.050, 157
Trd, 000078.883, 156
Trd, 000079.100, 156
Trd, 000079.633, 157
Trd, 000080.433, 150
Trd, 000080.617, 159
Trd, 000080.633, 150
Trd, 000080.950, 150
Trd, 000081.283, 149
Trd, 000082.633, 160
Trd, 000085.150, 157
Trd, 000085.200, 155
Trd, 000085.467, 159
Trd, 000085.567, 155
Trd, 000086.117, 160
Trd, 000086.367, 155
Trd, 000086.550, 155
Trd, 000087.050, 158
Trd, 000087.600, 160
Trd, 000088.317, 158
Trd, 000089.083, 155
Trd, 000089.133, 150
Trd, 000089.650, 158
Trd, 000089.667, 159
Trd, 000089.833, 154
Trd, 000090.400, 164
Trd, 000090.667, 153
Trd, 000090.850, 167
Trd, 000091.300, 153
Trd, 000092.017, 147
Trd, 000093.150, 164
Trd, 000093.450, 165
Trd, 000094.200, 144
Trd, 000095.067, 158
Trd, 000095.183, 150
Trd, 000095.633, 150
Trd, 000096.367, 152
Trd, 000096.717, 156
Trd, 000098.250, 155
Trd, 000098.500, 150
Trd, 000099.317, 149
Trd, 000099.533, 159
Trd, 000101.600, 155
Trd, 000102.233, 154
Trd, 000102.433, 153
Trd, 000102.567, 152
Trd, 000103.233, 152
Trd, 000103.417, 157
Trd, 000103.767, 158
Trd, 000104.500, 151
Trd, 000104.733, 149
Trd, 000105.000, 165
Trd, 000105.683, 151
Trd, 000105.733, 159
Trd, 000106.267, 153
Trd, 000106.283, 145
Trd, 000106.850, 168
Trd, 000107.050, 149
Trd, 000108.033, 159
Trd, 000109.167, 160
Trd, 000109.600, 151
Trd, 000110.567, 159
Trd, 000111.300, 151
Trd, 000111.433, 160
Trd, 000111.450, 151
Trd, 000112.900, 157
Trd, 000113.817, 153
Trd, 000115.233, 158
Trd, 000115.683, 151
Trd, 000115.717, 158
Trd, 000115.967, 151
Trd, 000116.100, 159
Trd, 000116.117, 162
Trd, 000116.433, 168
Trd, 000116.800, 154
Trd, 000116.950, 176
Trd, 000117.567, 151
Trd, 000117.583, 148
Trd, 000118.783, 158
Trd, 000119.600, 149
Trd, 000121.250, 156
Trd, 000121.467, 151
Trd, 000122.050, 159
Trd, 000122.300, 152
Trd, 000123.150, 158
Trd, 000123.867, 160
Trd, 000123.883, 152
Trd, 000124.200, 152
Trd, 000124.667, 163
Trd, 000124.700, 152
Trd, 000125.533, 162
Trd, 000126.067, 147
Trd, 000127.933, 158
Trd, 000128.567, 161
Trd, 000128.900, 162
Trd, 000129.633, 160
Trd, 000130.500, 158
Trd, 000130.683, 159
Trd, 000131.250, 157
Trd, 000131.967, 160
Trd, 000132.083, 156
Trd, 000132.600, 166
Trd, 000132.867, 168
Trd, 000132.983, 156
Trd, 000133.183, 164
Trd, 000136.133, 156
Trd, 000136.167, 156
Trd, 000136.550, 157
Trd, 000136.967, 155
Trd, 000137.533, 155
Trd, 000138.700, 167
Trd, 000139.267, 155
Trd, 000139.467, 164
Trd, 000139.633, 167
Trd, 000140.000, 171
Trd, 000140.050, 165
Trd, 000140.533, 164
Trd, 000141.467, 168
Trd, 000143.183, 160
Trd, 000143.283, 166
Trd, 000144.300, 162
Trd, 000144.450, 159
Trd, 000145.133, 165
Trd, 000145.667, 164
Trd, 000145.817, 160
Trd, 000146.783, 161
Trd, 000147.017, 165
Trd, 000147.967, 159
Trd, 000148.400, 163
Trd, 000150.050, 161
Trd, 000150.350, 162
Trd, 000150.433, 163
Trd, 000151.150, 161
Trd, 000151.500, 160
Trd, 000152.383, 160
Trd, 000152.750, 159
Trd, 000152.883, 159
Trd, 000153.033, 152
Trd, 000153.217, 160
Trd, 000153.267, 163
Trd, 000154.450, 159
Trd, 000155.283, 164
Trd, 000155.933, 158
Trd, 000155.967, 158
Trd, 000157.133, 158
Trd, 000157.217, 167
Trd, 000158.133, 153
Trd, 000159.717, 159
Trd, 000160.767, 159
Trd, 000160.817, 165
Trd, 000160.850, 166
Trd, 000160.900, 167
Trd, 000162.083, 165
Trd, 000163.550, 158
Trd, 000163.700, 159
Trd, 000164.100, 164
Trd, 000164.150, 167
Trd, 000165.350, 159
Trd, 000165.633, 166
Trd, 000166.483, 161
Trd, 000166.683, 162
Trd, 000166.733, 165
Trd, 000166.900, 159
Trd, 000168.583, 164
Trd, 000168.900, 161
Trd, 000169.333, 166
Trd, 000169.767, 161
Trd, 000170.333, 160
Trd, 000170.450, 166
Trd, 000170.650, 168
Trd, 000171.183, 158
Trd, 000172.500, 154
Trd, 000173.133, 168
Trd, 000173.733, 158
Trd, 000173.867, 168
Trd, 000174.483, 167
Trd, 000174.883, 172
Trd, 000175.700, 173
Trd, 000175.750, 175
Trd, 000176.517, 157
Trd, 000177.000, 157
Trd, 000177.850, 155
Trd, 000178.817, 162
Trd, 000179.217, 165
Trd, 000179.400, 167
Trd, 000180.050, 159
Trd, 000180.067, 168
Trd, 000180.133, 159
Trd, 000181.117, 169
Trd, 000181.550, 170
Trd, 000182.283, 174
Trd, 000182.550, 161
Trd, 000183.100, 166
Trd, 000183.117, 159
Trd, 000183.400, 160
Trd, 000185.417, 162
Trd, 000185.467, 162
Trd, 000185.483, 160
Trd, 000188.583, 159
Trd, 000189.217, 159
Trd, 000189.233, 163
Trd, 000189.633, 158
Trd, 000189.767, 167
Trd, 000190.817, 170
Trd, 000190.983, 167
Trd, 000191.083, 174
Trd, 000191.133, 166
Trd, 000191.167, 165
Trd, 000191.533, 177
Trd, 000191.750, 156
Trd, 000192.267, 182
Trd, 000192.317, 170
Trd, 000193.817, 170
Trd, 000194.483, 167
Trd, 000195.167, 168
Trd, 000195.383, 158
Trd, 000195.633, 156
Trd, 000196.083, 167
Trd, 000196.583, 168
Trd, 000197.567, 168
Trd, 000197.833, 165
Trd, 000198.533, 168
Trd, 000199.583, 164
Trd, 000200.233, 167
Trd, 000200.400, 168
Trd, 000200.550, 166
Trd, 000200.850, 170
Trd, 000201.300, 166
Trd, 000202.883, 169
Trd, 000203.783, 174
Trd, 000204.400, 172
Trd, 000204.933, 171
Trd, 000205.483, 168
Trd, 000205.700, 167
Trd, 000206.000, 166
Trd, 000206.583, 165
Trd, 000207.267, 163
Trd, 000207.483, 163
Trd, 000208.083, 166
Trd, 000208.617, 161
Trd, 000209.000, 160
Trd, 000210.317, 162
Trd, 000210.700, 165
Trd, 000211.217, 166
Trd, 000211.633, 169
Trd, 000212.017, 171
Trd, 000212.467, 171
Trd, 000212.700, 171
Trd, 000213.283, 165
Trd, 000213.683, 172
Trd, 000213.733, 172
Trd, 000215.100, 163
Trd, 000216.800, 165
Trd, 000216.883, 164
Trd, 000217.467, 163
Trd, 000218.400, 164
Trd, 000218.817, 165
Trd, 000218.917, 163
Trd, 000219.200, 164
Trd, 000220.433, 162
Trd, 000220.817, 161
Trd, 000221.033, 157
Trd, 000221.500, 162
Trd, 000221.517, 173
Trd, 000223.400, 168
Trd, 000223.450, 163
Trd, 000223.683, 162
Trd, 000224.133, 162
Trd, 000224.283, 167
Trd, 000224.383, 168
Trd, 000224.633, 156
Trd, 000224.717, 170
Trd, 000225.950, 160
Trd, 000226.000, 175
Trd, 000226.167, 177
Trd, 000227.367, 180
Trd, 000228.133, 168
Trd, 000228.233, 174
Trd, 000228.417, 163
Trd, 000229.000, 177
Trd, 000229.250, 181
Trd, 000229.817, 185
Trd, 000231.150, 176
Trd, 000231.200, 181
Trd, 000232.333, 174
Trd, 000233.117, 179
Trd, 000233.667, 178
Trd, 000234.100, 174
Trd, 000234.200, 173
Trd, 000235.100, 173
Trd, 000235.467, 172
Trd, 000235.517, 172
Trd, 000235.767, 160
Trd, 000236.750, 169
Trd, 000237.300, 169
Trd, 000237.350, 161
Trd, 000237.567, 172
Trd, 000238.667, 174
Trd, 000239.333, 173
Trd, 000239.667, 174
Trd, 000240.350, 173
Trd, 000240.517, 172
Trd, 000240.750, 171
Trd, 000241.200, 168
Trd, 000241.550, 173
Trd, 000242.017, 166
Trd, 000243.067, 173
Trd, 000243.317, 172
Trd, 000243.650, 173
Trd, 000243.767, 175
Trd, 000244.317, 177
Trd, 000244.467, 178
Trd, 000246.317, 173
Trd, 000246.567, 178
Trd, 000247.317, 175
Trd, 000247.667, 176
Trd, 000247.933, 175
Trd, 000248.367, 173
Trd, 000248.783, 173
Trd, 000249.550, 174
Trd, 000249.917, 176
Trd, 000250.533, 176
Trd, 000251.000, 177
Trd, 000251.100, 175
Trd, 000251.650, 176
Trd, 000252.017, 175
Trd, 000252.683, 174
Trd, 000253.067, 174
Trd, 000253.300, 173
Trd, 000253.667, 176
Trd, 000254.300, 176
Trd, 000254.433, 175
Trd, 000255.333, 180
Trd, 000255.800, 182
Trd, 000255.967, 182
Trd, 000256.417, 182
Trd, 000256.650, 181
Trd, 000256.833, 180
Trd, 000257.033, 182
Trd, 000257.817, 181
Trd, 000257.833, 177
Trd, 000257.933, 176
Trd, 000258.933, 178
Trd, 000259.000, 180
Trd, 000259.317, 177
Trd, 000259.483, 176
Trd, 000259.817, 175
Trd, 000260.017, 177
Trd, 000260.450, 181
Trd, 000261.417, 179
Trd, 000261.700, 192
Trd, 000262.500, 177
Trd, 000262.517, 184
Trd, 000262.817, 184
Trd, 000263.167, 181
Trd, 000263.600, 184
Trd, 000263.717, 185
Trd, 000264.583, 177
Trd, 000265.250, 176
Trd, 000265.450, 176
Trd, 000266.300, 176
Trd, 000266.633, 176
Trd, 000266.983, 177
Trd, 000267.083, 175
Trd, 000267.117, 179
Trd, 000267.733, 173
Trd, 000268.267, 183
Trd, 000268.867, 178
Trd, 000268.933, 179
Trd, 000269.467, 185
Trd, 000269.750, 178
Trd, 000270.467, 185
Trd, 000271.300, 180
Trd, 000271.400, 192
Trd, 000271.867, 178
Trd, 000272.467, 194
Trd, 000272.483, 188
Trd, 000272.850, 190
Trd, 000272.967, 190
Trd, 000273.483, 190
Trd, 000273.533, 184
Trd, 000274.233, 179
Trd, 000274.250, 178
Trd, 000274.267, 180
Trd, 000274.317, 164
Trd, 000275.483, 178
Trd, 000275.700, 177
Trd, 000275.933, 178
Trd, 000276.400, 171
Trd, 000276.600, 183
Trd, 000277.183, 176
Trd, 000277.550, 182
Trd, 000277.900, 183
Trd, 000277.950, 178
Trd, 000278.167, 186
Trd, 000278.550, 190
Trd, 000278.917, 182
Trd, 000279.000, 182
Trd, 000279.217, 182
Trd, 000279.417, 162
Trd, 000279.833, 164
Trd, 000279.900, 165
Trd, 000280.317, 179
Trd, 000281.267, 178
Trd, 000281.800, 184
Trd, 000282.500, 192
Trd, 000283.100, 190
Trd, 000283.400, 187
Trd, 000284.083, 182
Trd, 000284.467, 179
Trd, 000284.817, 189
Trd, 000284.833, 179
Trd, 000285.583, 186
Trd, 000285.633, 186
Trd, 000285.767, 186
Trd, 000285.983, 179
Trd, 000286.117, 190
Trd, 000286.367, 190
Trd, 000286.483, 179
Trd, 000287.267, 187
Trd, 000289.133, 188
Trd, 000289.950, 184
Trd, 000290.017, 180
Trd, 000290.467, 187
Trd, 000290.767, 182
Trd, 000290.883, 181
Trd, 000291.050, 181
Trd, 000291.117, 187
Trd, 000291.683, 188
Trd, 000291.883, 194
Trd, 000292.367, 183
Trd, 000292.467, 181
Trd, 000292.950, 189
Trd, 000293.767, 188
Trd, 000294.117, 188
Trd, 000294.350, 189
Trd, 000294.517, 197
Trd, 000294.533, 201
Trd, 000294.900, 185
Trd, 000295.983, 201
Trd, 000297.000, 191
Trd, 000297.583, 192
Trd, 000297.833, 189
Trd, 000298.000, 189
Trd, 000298.033, 180
Trd, 000298.717, 191
Trd, 000298.950, 191
Trd, 000299.317, 192
Trd, 000299.567, 186
Trd, 000299.583, 192
Trd, 000299.617, 183
