Trd, 000001.833, 141
Trd, 000002.467, 144
Trd, 000003.067, 148
Trd, 000005.267, 150
Trd, 000005.567, 151
Trd, 000005.833, 157
Trd, 000005.917, 165
Trd, 000005.933, 165
Trd, 000006.767, 173
Trd, 000008.200, 147
Trd, 000008.367, 146
Trd, 000009.100, 146
Trd, 000009.500, 147
Trd, 000010.583, 154
Trd, 000012.133, 153
Trd, 000012.483, 154
Trd, 000012.683, 154
Trd, 000013.083, 156
Trd, 000013.667, 156
Trd, 000014.233, 162
Trd, 000015.433, 151
Trd, 000015.883, 156
Trd, 000017.317, 155
Trd, 000017.650, 156
Trd, 000018.017, 156
Trd, 000018.700, 153
Trd, 000019.367, 151
Trd, 000020.433, 158
Trd, 000021.500, 157
Trd, 000021.517, 152
Trd, 000021.933, 156
Trd, 000022.983, 154
Trd, 000023.033, 148
Trd, 000024.500, 152
Trd, 000024.717, 152
Trd, 000024.983, 152
Trd, 000025.233, 155
Trd, 000025.333, 157
Trd, 000026.617, 155
Trd, 000027.950, 157
Trd, 000028.617, 153
Trd, 000028.717, 153
Trd, 000029.283, 156
Trd, 000030.367, 155
Trd, 000031.367, 153
Trd, 000031.600, 152
Trd, 000031.983, 153
Trd, 000032.083, 149
Trd, 000032.467, 149
Trd, 000033.000, 152
Trd, 000033.500, 154
Trd, 000034.100, 154
Trd, 000034.300, 158
Trd, 000034.850, 147
Trd, 000037.383, 153
Trd, 000038.000, 155
Trd, 000038.017, 159
Trd, 000038.167, 152
Trd, 000038.367, 151
Trd, 000038.833, 158
Trd, 000040.333, 155
Trd, 000041.617, 151
Trd, 000042.350, 152
Trd, 000042.867, 151
Trd, 000043.550, 148
Trd, 000043.783, 151
Trd, 000044.200, 152
Trd, 000044.517, 152
Trd, 000045.783, 148
Trd, 000046.150, 155
Trd, 000046.600, 159
Trd, 000047.583, 149
Trd, 000047.900, 151
Trd, 000049.150, 146
Trd, 000050.383, 151
Trd, 000051.583, 153
Trd, 000052.083, 155
Trd, 000052.450, 156
Trd, 000052.983, 170
Trd, 000053.450, 159
Trd, 000053.683, 158
Trd, 000053.783, 160
Trd, 000053.800, 165
Trd, 000054.050, 158
Trd, 000054.667, 157
Trd, 000055.500, 154
Trd, 000055.567, 155
Trd, 000056.600, 157
Trd, 000057.083, 156
Trd, 000057.817, 160
Trd, 000058.133, 156
Trd, 000058.150, 157
Trd, 000059.383, 155
Trd, 000060.983, 157
Trd, 000061.383, 155
Trd, 000061.650, 153
Trd, 000062.983, 155
Trd, 000063.000, 158
Trd, 000063.083, 161
Trd, 000063.517, 160
Trd, 000064.500, 171
Trd, 000066.950, 163
Trd, 000067.867, 170
Trd, 000068.517, 161
Trd, 000068.533, 163
Trd, 000068.767, 171
Trd, 000069.667, 163
Trd, 000069.867, 163
Trd, 000070.817, 167
Trd, 000071.750, 167
Trd, 000072.800, 165
Trd, 000073.450, 167
Trd, 000073.550, 164
Trd, 000073.817, 169
Trd, 000074.600, 164
Trd, 000075.583, 159
Trd, 000076.883, 157
Trd, 000078.017, 164
Trd, 000078.200, 164
Trd, 000078.267, 161
Trd, 000078.550, 165
Trd, 000078.650, 166
Trd, 000078.750, 173
Trd, 000079.517, 159
Trd, 000079.700, 169
Trd, 000080.667, 156
Trd, 000081.333, 162
Trd, 000081.350, 171
Trd, 000083.283, 169
Trd, 000083.900, 164
Trd, 000084.050, 168
Trd, 000084.750, 162
Trd, 000085.583, 166
Trd, 000086.667, 159
Trd, 000086.783, 163
Trd, 000087.083, 156
Trd, 000087.150, 155
Trd, 000088.167, 162
Trd, 000088.367, 155
Trd, 000089.750, 158
Trd, 000090.267, 161
Trd, 000090.417, 155
Trd, 000090.783, 163
Trd, 000091.283, 165
Trd, 000092.083, 169
Trd, 000094.167, 156
Trd, 000094.600, 158
Trd, 000095.217, 158
Trd, 000095.817, 159
Trd, 000095.850, 160
Trd, 000095.900, 158
Trd, 000096.233, 160
Trd, 000096.567, 164
Trd, 000097.133, 165
Trd, 000097.783, 157
Trd, 000098.150, 162
Trd, 000100.617, 160
Trd, 000100.700, 160
Trd, 000101.333, 161
Trd, 000101.383, 165
Trd, 000101.683, 160
Trd, 000101.900, 159
Trd, 000102.467, 163
Trd, 000102.550, 159
Trd, 000103.083, 164
Trd, 000103.150, 165
Trd, 000103.833, 168
Trd, 000104.083, 175
Trd, 000105.567, 160
Trd, 000107.133, 166
Trd, 000109.083, 161
Trd, 000109.700, 166
Trd, 000109.983, 162
Trd, 000111.000, 164
Trd, 000111.450, 167
Trd, 000111.533, 166
Trd, 000112.050, 165
Trd, 000113.633, 162
Trd, 000113.933, 167
Trd, 000114.650, 163
Trd, 000115.533, 167
Trd, 000115.617, 179
Trd, 000116.150, 176
Trd, 000116.517, 165
Trd, 000116.683, 161
Trd, 000118.150, 169
Trd, 000119.450, 169
Trd, 000119.867, 170
Trd, 000119.933, 164
Trd, 000120.483, 171
Trd, 000121.083, 164
Trd, 000122.200, 166
Trd, 000122.217, 163
Trd, 000122.783, 169
Trd, 000123.483, 161
Trd, 000123.883, 162
Trd, 000124.467, 164
Trd, 000125.183, 168
Trd, 000126.033, 164
Trd, 000126.283, 164
Trd, 000126.400, 169
Trd, 000126.700, 166
Trd, 000128.017, 165
Trd, 000128.617, 165
Trd, 000128.750, 164
Trd, 000129.117, 164
Trd, 000129.283, 178
Trd, 000129.900, 163
Trd, 000130.367, 170
Trd, 000131.750, 173
Trd, 000131.783, 166
Trd, 000132.367, 171
Trd, 000132.817, 184
Trd, 000135.033, 168
Trd, 000136.767, 163
Trd, 000136.867, 164
Trd, 000137.017, 164
Trd, 000137.733, 167
Trd, 000138.133, 165
Trd, 000138.200, 163
Trd, 000138.550, 170
Trd, 000139.033, 163
Trd, 000139.167, 168
Trd, 000141.167, 162
Trd, 000141.317, 163
Trd, 000142.650, 162
Trd, 000142.900, 162
Trd, 000143.300, 161
Trd, 000143.867, 161
Trd, 000144.217, 155
Trd, 000144.250, 158
Trd, 000144.983, 159
Trd, 000145.233, 162
Trd, 000146.750, 159
Trd, 000146.983, 159
Trd, 000147.167, 161
Trd, 000147.683, 164
Trd, 000148.167, 164
Trd, 000150.500, 166
Trd, 000150.633, 166
Trd, 000151.867, 170
Trd, 000152.183, 167
Trd, 000153.783, 167
Trd, 000153.867, 161
Trd, 000153.917, 160
Trd, 000154.150, 170
Trd, 000154.383, 168
Trd, 000154.933, 167
Trd, 000155.817, 167
Trd, 000156.050, 167
Trd, 000156.183, 162
Trd, 000156.783, 161
Trd, 000157.150, 161
Trd, 000157.300, 148
Trd, 000157.617, 170
Trd, 000157.717, 175
Trd, 000159.417, 168
Trd, 000161.283, 167
Trd, 000161.567, 166
Trd, 000161.583, 167
Trd, 000163.417, 166
Trd, 000163.617, 167
Trd, 000165.383, 166
Trd, 000165.617, 167
Trd, 000165.850, 164
Trd, 000165.867, 168
Trd, 000165.917, 164
Trd, 000166.233, 171
Trd, 000167.150, 171
Trd, 000168.283, 182
Trd, 000168.400, 173
Trd, 000168.900, 178
Trd, 000169.967, 174
Trd, 000170.150, 175
Trd, 000170.500, 174
Trd, 000170.967, 167
Trd, 000171.567, 185
Trd, 000171.717, 189
Trd, 000171.967, 165
Trd, 000172.850, 171
Trd, 000173.283, 172
Trd, 000175.983, 172
Trd, 000176.517, 171
Trd, 000176.867, 170
Trd, 000178.050, 168
Trd, 000178.417, 169
Trd, 000178.950, 162
Trd, 000179.267, 166
Trd, 000179.333, 173
Trd, 000179.400, 166
Trd, 000179.567, 170
Trd, 000179.983, 160
Trd, 000181.300, 173
Trd, 000181.400, 171
Trd, 000182.200, 159
Trd, 000183.500, 162
Trd, 000184.017, 165
Trd, 000184.350, 162
Trd, 000184.850, 166
Trd, 000186.017, 167
Trd, 000187.083, 167
Trd, 000187.633, 169
Trd, 000187.967, 163
Trd, 000188.050, 168
Trd, 000188.583, 162
Trd, 000188.983, 168
Trd, 000190.167, 165
Trd, 000190.217, 164
Trd, 000191.083, 165
Trd, 000191.950, 165
Trd, 000192.100, 167
Trd, 000192.167, 170
Trd, 000193.850, 163
Trd, 000194.117, 163
Trd, 000196.017, 165
Trd, 000196.183, 164
Trd, 000196.233, 165
Trd, 000196.567, 166
Trd, 000196.617, 167
Trd, 000197.883, 174
Trd, 000198.683, 173
Trd, 000198.883, 175
Trd, 000199.200, 166
Trd, 000199.233, 185
Trd, 000199.367, 191
Trd, 000200.583, 169
Trd, 000202.367, 169
Trd, 000202.383, 175
Trd, 000203.000, 168
Trd, 000203.133, 167
Trd, 000203.183, 168
Trd, 000204.333, 169
Trd, 000205.217, 168
Trd, 000205.250, 169
Trd, 000205.833, 168
Trd, 000206.250, 170
Trd, 000206.700, 172
Trd, 000207.867, 168
Trd, 000208.850, 170
Trd, 000209.533, 165
Trd, 000209.817, 169
Trd, 000209.833, 171
Trd, 000210.467, 165
Trd, 000210.567, 176
Trd, 000211.300, 173
Trd, 000212.283, 169
Trd, 000213.267, 172
Trd, 000213.833, 173
Trd, 000213.867, 169
Trd, 000214.367, 168
Trd, 000214.400, 174
Trd, 000215.300, 175
Trd, 000215.583, 174
Trd, 000216.050, 175
Trd, 000216.233, 169
Trd, 000217.217, 176
Trd, 000218.650, 168
Trd, 000219.183, 174
Trd, 000220.183, 168
Trd, 000220.283, 167
Trd, 000220.450, 173
Trd, 000220.600, 187
Trd, 000220.950, 177
Trd, 000223.983, 173
Trd, 000224.350, 174
Trd, 000224.867, 175
Trd, 000225.150, 174
Trd, 000225.800, 172
Trd, 000225.900, 175
Trd, 000226.100, 172
Trd, 000226.567, 174
Trd, 000226.883, 175
Trd, 000227.100, 168
Trd, 000227.133, 178
Trd, 000229.200, 175
Trd, 000229.600, 171
Trd, 000230.017, 175
Trd, 000230.400, 174
Trd, 000230.717, 172
Trd, 000231.967, 175
Trd, 000233.350, 176
Trd, 000233.783, 188
Trd, 000233.983, 202
Trd, 000234.717, 174
Trd, 000235.000, 172
Trd, 000235.983, 170
Trd, 000236.183, 172
Trd, 000236.217, 181
Trd, 000236.300, 170
Trd, 000236.867, 180
Trd, 000237.633, 175
Trd, 000238.450, 171
Trd, 000239.033, 174
Trd, 000239.100, 170
Trd, 000240.567, 173
Trd, 000240.767, 172
Trd, 000240.967, 170
Trd, 000241.133, 172
Trd, 000241.250, 175
Trd, 000241.617, 173
Trd, 000241.850, 172
Trd, 000242.700, 174
Trd, 000243.283, 179
Trd, 000243.317, 177
Trd, 000243.750, 179
Trd, 000244.033, 174
Trd, 000244.983, 177
Trd, 000245.600, 171
Trd, 000245.800, 174
Trd, 000246.467, 173
Trd, 000246.483, 171
Trd, 000246.600, 174
Trd, 000246.917, 175
Trd, 000247.583, 177
Trd, 000247.800, 173
Trd, 000247.933, 177
Trd, 000248.517, 172
Trd, 000248.650, 171
Trd, 000249.467, 175
Trd, 000250.033, 171
Trd, 000250.417, 173
Trd, 000250.533, 177
Trd, 000250.917, 178
Trd, 000251.617, 177
Trd, 000251.733, 176
Trd, 000252.317, 175
Trd, 000252.500, 176
Trd, 000253.167, 173
Trd, 000253.250, 174
Trd, 000253.383, 175
Trd, 000253.433, 172
Trd, 000255.333, 175
Trd, 000255.633, 177
Trd, 000255.733, 180
Trd, 000256.500, 179
Trd, 000256.550, 173
Trd, 000257.400, 173
Trd, 000258.017, 174
Trd, 000258.217, 174
Trd, 000258.483, 173
Trd, 000258.583, 178
Trd, 000259.700, 172
Trd, 000260.417, 177
Trd, 000260.433, 178
Trd, 000261.083, 178
Trd, 000261.650, 180
Trd, 000262.050, 179
Trd, 000262.200, 178
Trd, 000262.900, 180
Trd, 000263.000, 177
Trd, 000263.817, 178
Trd, 000263.833, 174
Trd, 000264.400, 175
Trd, 000264.850, 176
Trd, 000265.583, 177
Trd, 000266.250, 176
Trd, 000266.300, 181
Trd, 000267.250, 176
Trd, 000267.450, 180
Trd, 000267.550, 181
Trd, 000267.633, 178
Trd, 000268.233, 176
Trd, 000269.000, 174
Trd, 000269.533, 173
Trd, 000270.450, 178
Trd, 000270.617, 181
Trd, 000271.383, 181
Trd, 000272.350, 192
Trd, 000272.433, 178
Trd, 000272.917, 176
Trd, 000273.350, 173
Trd, 000274.350, 179
Trd, 000274.500, 181
Trd, 000274.733, 178
Trd, 000274.833, 182
Trd, 000275.350, 177
Trd, 000276.033, 171
Trd, 000276.133, 180
Trd, 000277.067, 172
Trd, 000277.817, 179
Trd, 000279.117, 178
Trd, 000279.217, 179
Trd, 000279.333, 179
Trd, 000279.383, 184
Trd, 000279.867, 175
Trd, 000280.317, 173
Trd, 000280.667, 173
Trd, 000280.917, 174
Trd, 000281.433, 172
Trd, 000281.833, 173
Trd, 000282.167, 172
Trd, 000282.500, 185
Trd, 000282.667, 193
Trd, 000283.800, 172
Trd, 000284.083, 181
Trd, 000284.250, 175
Trd, 000284.600, 173
Trd, 000284.950, 179
Trd, 000285.417, 180
Trd, 000285.800, 172
Trd, 000286.433, 173
Trd, 000287.617, 173
Trd, 000288.033, 173
Trd, 000288.417, 177
Trd, 000288.533, 173
Trd, 000288.583, 177
Trd, 000289.017, 180
Trd, 000289.450, 172
Trd, 000289.600, 183
Trd, 000289.833, 184
Trd, 000290.750, 182
Trd, 000290.850, 186
Trd, 000291.233, 171
Trd, 000292.350, 171
Trd, 000292.367, 180
Trd, 000293.650, 175
Trd, 000294.517, 174
Trd, 000294.650, 177
Trd, 000295.533, 175
Trd, 000295.700, 177
Trd, 000296.017, 184
Trd, 000296.833, 194
Trd, 000296.950, 197
Trd, 000297.517, 175
Trd, 000297.767, 189
Trd, 000298.083, 174
Trd, 000298.367, 184
Trd, 000298.533, 174
Trd, 000298.550, 173
Trd, 000298.767, 187
Trd, 000299.450, 187
Trd, 000299.600, 188
Trd, 000299.833, 188
