Trd, 000001.933, 173
Trd, 000002.300, 172
Trd, 000003.117, 154
Trd, 000003.333, 155
Trd, 000003.633, 158
Trd, 000003.767, 154
Trd, 000004.200, 166
Trd, 000005.667, 153
Trd, 000006.333, 160
Trd, 000006.500, 160
Trd, 000007.883, 155
Trd, 000008.333, 160
Trd, 000008.767, 159
Trd, 000008.817, 160
Trd, 000008.933, 152
Trd, 000009.017, 149
Trd, 000009.317, 138
Trd, 000010.317, 133
Trd, 000010.700, 135
Trd, 000012.000, 144
Trd, 000012.250, 145
Trd, 000012.783, 149
Trd, 000012.883, 145
Trd, 000013.717, 143
Trd, 000014.733, 149
Trd, 000014.783, 151
Trd, 000016.250, 148
Trd, 000016.350, 149
Trd, 000016.367, 147
Trd, 000016.583, 150
Trd, 000016.650, 146
Trd, 000017.183, 159
Trd, 000017.633, 153
Trd, 000017.717, 149
Trd, 000018.267, 137
Trd, 000018.467, 136
Trd, 000019.083, 138
Trd, 000019.617, 139
Trd, 000020.950, 143
Trd, 000021.233, 152
Trd, 000021.450, 160
Trd, 000021.633, 147
Trd, 000022.550, 142
Trd, 000023.483, 131
Trd, 000023.683, 138
Trd, 000024.233, 139
Trd, 000025.567, 141
Trd, 000026.467, 139
Trd, 000027.000, 139
Trd, 000027.267, 137
Trd, 000027.617, 140
Trd, 000028.017, 143
Trd, 000028.517, 146
Trd, 000029.417, 153
Trd, 000030.133, 154
Trd, 000030.633, 149
Trd, 000030.767, 151
Trd, 000030.833, 147
Trd, 000031.050, 150
Trd, 000031.817, 150
Trd, 000032.033, 151
Trd, 000032.300, 136
Trd, 000032.650, 130
Trd, 000033.767, 140
Trd, 000034.033, 143
Trd, 000034.400, 144
Trd, 000034.983, 144
Trd, 000036.350, 154
Trd, 000036.750, 138
Trd, 000036.850, 161
Trd, 000037.433, 170
Trd, 000037.500, 137
Trd, 000038.417, 137
Trd, 000038.483, 141
Trd, 000040.233, 143
Trd, 000041.067, 144
Trd, 000042.267, 142
Trd, 000042.933, 147
Trd, 000042.967, 140
Trd, 000043.400, 148
Trd, 000043.517, 156
Trd, 000043.667, 143
Trd, 000045.083, 145
Trd, 000045.583, 147
Trd, 000046.017, 146
Trd, 000046.233, 149
Trd, 000047.183, 145
Trd, 000047.283, 141
Trd, 000047.750, 153
Trd, 000048.567, 146
Trd, 000048.650, 156
Trd, 000049.733, 137
Trd, 000050.817, 151
Trd, 000050.867, 147
Trd, 000050.917, 146
Trd, 000050.983, 153
Trd, 000051.217, 154
Trd, 000051.400, 162
Trd, 000052.100, 163
Trd, 000052.267, 157
Trd, 000053.667, 156
Trd, 000054.017, 154
Trd, 000054.367, 155
Trd, 000056.017, 144
Trd, 000056.867, 149
Trd, 000057.217, 148
Trd, 000057.817, 147
Trd, 000057.833, 149
Trd, 000058.000, 156
Trd, 000058.317, 146
Trd, 000058.583, 163
Trd, 000058.633, 145
Trd, 000058.717, 141
Trd, 000059.383, 173
Trd, 000059.500, 145
Trd, 000061.933, 156
Trd, 000062.433, 154
Trd, 000062.683, 149
Trd, 000062.883, 148
Trd, 000063.067, 156
Trd, 000063.550, 157
Trd, 000064.100, 160
Trd, 000064.450, 139
Trd, 000064.833, 148
Trd, 000065.033, 171
Trd, 000067.350, 152
Trd, 000067.500, 153
Trd, 000067.750, 154
Trd, 000068.250, 152
Trd, 000069.350, 151
Trd, 000069.567, 153
Trd, 000069.883, 153
Trd, 000070.317, 151
Trd, 000070.733, 150
Trd, 000071.450, 156
Trd, 000071.867, 165
Trd, 000072.233, 155
Trd, 000073.000, 158
Trd, 000073.917, 154
Trd, 000074.317, 154
Trd, 000074.783, 153
Trd, 000074.867, 157
Trd, 000075.117, 152
Trd, 000075.500, 155
Trd, 000076.100, 155
Trd, 000076.283, 144
Trd, 000076.550, 158
Trd, 000076.567, 166
Trd, 000076.733, 179
Trd, 000078.000, 155
Trd, 000078.150, 152
Trd, 000079.533, 153
Trd, 000079.833, 156
Trd, 000081.550, 144
Trd, 000081.700, 145
Trd, 000082.667, 149
Trd, 000082.750, 151
Trd, 000082.950, 152
Trd, 000084.533, 150
Trd, 000085.450, 148
Trd, 000085.567, 148
Trd, 000085.767, 147
Trd, 000086.400, 145
Trd, 000087.217, 145
Trd, 000087.700, 152
Trd, 000087.783, 153
Trd, 000088.250, 160
Trd, 000088.950, 142
Trd, 000089.267, 170
Trd, 000089.583, 150
Trd, 000090.483, 153
Trd, 000091.033, 168
Trd, 000091.750, 160
Trd, 000092.300, 167
Trd, 000092.517, 153
Trd, 000093.167, 165
Trd, 000093.283, 157
Trd, 000095.133, 164
Trd, 000095.583, 165
Trd, 000095.683, 161
Trd, 000096.117, 164
Trd, 000096.667, 162
Trd, 000097.467, 160
Trd, 000097.833, 161
Trd, 000098.667, 158
Trd, 000098.933, 161
Trd, 000099.400, 145
Trd, 000099.733, 147
Trd, 000099.783, 153
Trd, 000100.867, 146
Trd, 000102.350, 159
Trd, 000102.367, 158
Trd, 000104.100, 156
Trd, 000104.500, 157
Trd, 000104.717, 148
Trd, 000104.783, 158
Trd, 000104.883, 158
Trd, 000105.417, 155
Trd, 000105.767, 155
Trd, 000106.467, 156
Trd, 000106.650, 161
Trd, 000107.200, 169
Trd, 000107.333, 156
Trd, 000108.083, 174
Trd, 000109.133, 162
Trd, 000110.500, 165
Trd, 000111.400, 168
Trd, 000111.933, 167
Trd, 000112.717, 167
Trd, 000112.867, 169
Trd, 000112.883, 168
Trd, 000113.200, 166
Trd, 000113.317, 159
Trd, 000113.933, 148
Trd, 000113.950, 170
Trd, 000115.883, 157
Trd, 000116.150, 156
Trd, 000116.217, 149
Trd, 000116.917, 158
Trd, 000117.967, 155
Trd, 000119.233, 158
Trd, 000120.050, 161
Trd, 000120.383, 163
Trd, 000120.633, 155
Trd, 000120.733, 160
Trd, 000120.900, 160
Trd, 000121.017, 170
Trd, 000121.150, 153
Trd, 000121.367, 146
Trd, 000121.600, 138
Trd, 000122.217, 160
Trd, 000123.633, 173
Trd, 000124.083, 163
Trd, 000125.617, 172
Trd, 000125.900, 164
Trd, 000125.933, 163
Trd, 000126.350, 165
Trd, 000126.717, 164
Trd, 000126.950, 165
Trd, 000127.150, 164
Trd, 000127.300, 163
Trd, 000128.117, 165
Trd, 000128.983, 166
Trd, 000130.183, 164
Trd, 000130.250, 164
Trd, 000130.550, 161
Trd, 000130.617, 165
Trd, 000130.650, 147
Trd, 000133.733, 161
Trd, 000134.500, 159
Trd, 000134.617, 161
Trd, 000134.883, 157
Trd, 000135.250, 165
Trd, 000135.283, 164
Trd, 000135.333, 155
Trd, 000136.067, 164
Trd, 000136.217, 165
Trd, 000137.183, 165
Trd, 000137.533, 164
Trd, 000138.100, 162
Trd, 000138.533, 165
Trd, 000138.800, 162
Trd, 000139.750, 161
Trd, 000140.933, 151
Trd, 000140.950, 160
Trd, 000142.300, 161
Trd, 000142.433, 161
Trd, 000142.933, 158
Trd, 000143.133, 162
Trd, 000143.450, 165
Trd, 000144.050, 171
Trd, 000144.900, 149
Trd, 000145.350, 152
Trd, 000145.800, 155
Trd, 000146.333, 163
Trd, 000146.733, 163
Trd, 000147.583, 165
Trd, 000147.833, 164
Trd, 000148.367, 171
Trd, 000148.917, 163
Trd, 000149.950, 162
Trd, 000149.983, 164
Trd, 000150.333, 160
Trd, 000150.733, 149
Trd, 000151.233, 171
Trd, 000151.700, 157
Trd, 000151.850, 156
Trd, 000152.267, 156
Trd, 000153.033, 163
Trd, 000154.567, 157
Trd, 000154.750, 161
Trd, 000154.767, 162
Trd, 000155.567, 161
Trd, 000155.850, 162
Trd, 000157.000, 158
Trd, 000157.200, 159
Trd, 000157.367, 164
Trd, 000158.300, 162
Trd, 000158.417, 159
Trd, 000158.500, 163
Trd, 000158.933, 166
Trd, 000159.200, 167
Trd, 000159.333, 160
Trd, 000159.750, 181
Trd, 000161.050, 187
Trd, 000161.300, 167
Trd, 000162.433, 156
Trd, 000163.800, 166
Trd, 000163.867, 169
Trd, 000164.533, 181
Trd, 000164.617, 165
Trd, 000165.250, 178
Trd, 000165.367, 182
Trd, 000165.650, 164
Trd, 000165.767, 164
Trd, 000167.350, 163
Trd, 000169.650, 156
Trd, 000169.783, 149
Trd, 000170.117, 142
Trd, 000170.483, 144
Trd, 000170.883, 158
Trd, 000170.933, 155
Trd, 000171.000, 161
Trd, 000171.300, 168
Trd, 000171.717, 162
Trd, 000171.733, 153
Trd, 000172.017, 154
Trd, 000172.100, 172
Trd, 000173.350, 165
Trd, 000173.833, 168
Trd, 000174.217, 173
Trd, 000174.667, 157
Trd, 000175.367, 157
Trd, 000175.533, 158
Trd, 000175.983, 152
Trd, 000176.000, 150
Trd, 000176.100, 165
Trd, 000176.333, 169
Trd, 000177.750, 157
Trd, 000180.050, 155
Trd, 000180.317, 159
Trd, 000180.833, 155
Trd, 000180.983, 159
Trd, 000181.533, 168
Trd, 000181.700, 168
Trd, 000182.033, 166
Trd, 000182.067, 169
Trd, 000182.533, 159
Trd, 000182.683, 157
Trd, 000182.783, 163
Trd, 000183.350, 151
Trd, 000183.817, 159
Trd, 000184.567, 160
Trd, 000185.117, 162
Trd, 000187.033, 166
Trd, 000187.050, 169
Trd, 000187.850, 167
Trd, 000188.367, 167
Trd, 000189.117, 169
Trd, 000189.300, 168
Trd, 000189.500, 167
Trd, 000189.617, 167
Trd, 000190.067, 170
Trd, 000190.567, 152
Trd, 000190.583, 156
Trd, 000190.633, 144
Trd, 000190.783, 171
Trd, 000191.333, 154
Trd, 000191.500, 187
Trd, 000192.250, 160
Trd, 000192.983, 137
Trd, 000193.317, 171
Trd, 000194.033, 171
Trd, 000194.350, 158
Trd, 000194.550, 159
Trd, 000194.667, 170
Trd, 000195.000, 184
Trd, 000195.617, 165
Trd, 000196.250, 169
Trd, 000196.383, 164
Trd, 000196.683, 163
Trd, 000198.083, 170
Trd, 000198.583, 170
Trd, 000198.983, 170
Trd, 000199.033, 177
Trd, 000199.500, 168
Trd, 000200.267, 172
Trd, 000202.150, 171
Trd, 000203.367, 170
Trd, 000203.800, 168
Trd, 000204.567, 153
Trd, 000204.767, 168
Trd, 000205.117, 170
Trd, 000205.283, 165
Trd, 000205.917, 171
Trd, 000206.550, 168
Trd, 000206.767, 171
Trd, 000208.667, 168
Trd, 000208.833, 169
Trd, 000209.117, 171
Trd, 000209.283, 172
Trd, 000210.500, 170
Trd, 000211.000, 173
Trd, 000211.350, 177
Trd, 000211.700, 173
Trd, 000212.317, 178
Trd, 000212.983, 178
Trd, 000213.017, 177
Trd, 000213.433, 176
Trd, 000213.533, 175
Trd, 000213.550, 185
Trd, 000214.067, 185
Trd, 000214.417, 184
Trd, 000214.650, 183
Trd, 000215.550, 186
Trd, 000215.950, 176
Trd, 000217.733, 179
Trd, 000218.550, 176
Trd, 000219.033, 177
Trd, 000219.833, 178
Trd, 000220.200, 180
Trd, 000220.833, 178
Trd, 000221.117, 177
Trd, 000222.117, 177
Trd, 000222.300, 177
Trd, 000222.317, 175
Trd, 000223.750, 176
Trd, 000223.767, 175
Trd, 000223.867, 173
Trd, 000225.267, 175
Trd, 000225.817, 176
Trd, 000226.067, 178
Trd, 000226.283, 174
Trd, 000226.617, 174
Trd, 000226.950, 186
Trd, 000228.133, 173
Trd, 000229.350, 174
Trd, 000230.350, 178
Trd, 000230.867, 177
Trd, 000231.267, 175
Trd, 000231.417, 174
Trd, 000231.583, 179
Trd, 000231.950, 175
Trd, 000233.033, 189
Trd, 000233.533, 176
Trd, 000234.467, 179
Trd, 000234.950, 179
Trd, 000235.067, 178
Trd, 000235.400, 181
Trd, 000236.117, 177
Trd, 000236.183, 179
Trd, 000236.967, 179
Trd, 000237.217, 183
Trd, 000237.367, 177
Trd, 000238.850, 187
Trd, 000240.250, 183
Trd, 000240.350, 182
Trd, 000240.500, 183
Trd, 000240.600, 182
Trd, 000240.617, 181
Trd, 000241.017, 182
Trd, 000241.050, 180
Trd, 000241.117, 178
Trd, 000241.517, 179
Trd, 000241.567, 180
Trd, 000242.283, 180
Trd, 000243.083, 183
Trd, 000243.367, 175
Trd, 000244.283, 175
Trd, 000244.317, 178
Trd, 000245.367, 177
Trd, 000245.417, 179
Trd, 000245.600, 176
Trd, 000246.133, 179
Trd, 000246.350, 178
Trd, 000246.383, 179
Trd, 000246.883, 175
Trd, 000248.100, 178
Trd, 000248.950, 175
Trd, 000249.117, 175
Trd, 000249.217, 173
Trd, 000249.300, 157
Trd, 000249.683, 176
Trd, 000250.100, 176
Trd, 000250.283, 173
Trd, 000250.817, 176
Trd, 000250.883, 177
Trd, 000251.083, 179
Trd, 000251.600, 179
Trd, 000251.733, 179
Trd, 000253.100, 176
Trd, 000253.117, 179
Trd, 000254.067, 179
Trd, 000254.300, 180
Trd, 000254.650, 177
Trd, 000255.100, 179
Trd, 000255.117, 177
Trd, 000255.250, 176
Trd, 000255.450, 181
Trd, 000256.400, 186
Trd, 000256.433, 181
Trd, 000256.683, 182
Trd, 000256.850, 175
Trd, 000257.983, 178
Trd, 000258.050, 174
Trd, 000259.033, 173
Trd, 000259.350, 173
Trd, 000259.567, 174
Trd, 000259.933, 177
Trd, 000260.217, 178
Trd, 000260.500, 179
Trd, 000261.133, 177
Trd, 000261.167, 179
Trd, 000261.267, 177
Trd, 000261.800, 181
Trd, 000262.483, 177
Trd, 000262.633, 177
Trd, 000263.083, 179
Trd, 000263.167, 178
Trd, 000263.550, 191
Trd, 000264.383, 181
Trd, 000264.600, 179
Trd, 000264.650, 182
Trd, 000264.783, 181
Trd, 000265.833, 181
Trd, 000265.933, 188
Trd, 000266.283, 186
Trd, 000266.550, 186
Trd, 000267.100, 182
Trd, 000267.700, 182
Trd, 000267.883, 187
Trd, 000268.067, 182
Trd, 000268.717, 186
Trd, 000269.333, 188
Trd, 000269.733, 183
Trd, 000269.967, 192
Trd, 000270.617, 182
Trd, 000270.900, 182
Trd, 000270.950, 181
Trd, 000270.967, 193
Trd, 000271.567, 189
Trd, 000272.150, 196
Trd, 000272.333, 185
Trd, 000273.567, 192
Trd, 000273.833, 178
Trd, 000274.317, 175
Trd, 000275.400, 180
Trd, 000275.417, 180
Trd, 000275.633, 181
Trd, 000276.167, 180
Trd, 000276.367, 178
Trd, 000276.433, 182
Trd, 000276.717, 181
Trd, 000277.083, 180
Trd, 000277.167, 176
Trd, 000277.450, 168
Trd, 000278.117, 179
Trd, 000279.183, 173
Trd, 000279.383, 161
Trd, 000280.000, 160
Trd, 000280.883, 168
Trd, 000281.017, 169
Trd, 000281.400, 172
Trd, 000281.600, 173
Trd, 000281.717, 174
Trd, 000282.033, 177
Trd, 000282.050, 179
Trd, 000282.417, 183
Trd, 000283.200, 176
Trd, 000283.217, 175
Trd, 000283.433, 186
Trd, 000283.533, 193
Trd, 000283.600, 178
Trd, 000284.133, 186
Trd, 000284.150, 185
Trd, 000284.417, 197
Trd, 000284.617, 190
Trd, 000284.667, 186
Trd, 000284.983, 193
Trd, 000285.533, 202
Trd, 000285.933, 179
Trd, 000286.267, 176
Trd, 000286.967, 171
Trd, 000287.017, 173
Trd, 000287.833, 183
Trd, 000287.900, 186
Trd, 000288.183, 176
Trd, 000288.467, 199
Trd, 000289.033, 174
Trd, 000289.350, 185
Trd, 000289.700, 174
Trd, 000289.917, 176
Trd, 000290.350, 166
Trd, 000290.917, 175
Trd, 000291.483, 177
Trd, 000292.000, 163
Trd, 000292.683, 179
Trd, 000294.117, 169
Trd, 000294.317, 170
Trd, 000294.400, 176
Trd, 000294.667, 177
Trd, 000295.083, 177
Trd, 000295.367, 182
Trd, 000295.700, 168
Trd, 000295.733, 184
Trd, 000295.950, 167
Trd, 000296.067, 182
Trd, 000296.767, 165
Trd, 000297.967, 192
Trd, 000298.033, 199
Trd, 000298.967, 178
Trd, 000299.033, 190
Trd, 000299.083, 167
Trd, 000299.350, 196
Trd, 000299.433, 176
