Trd, 000002.083, 130
Trd, 000002.900, 131
Trd, 000003.517, 142
Trd, 000004.267, 147
Trd, 000004.517, 165
Trd, 000005.300, 145
Trd, 000005.833, 143
Trd, 000006.850, 145
Trd, 000007.217, 159
Trd, 000007.800, 147
Trd, 000008.000, 142
Trd, 000008.083, 149
Trd, 000008.400, 155
Trd, 000008.950, 152
Trd, 000009.700, 154
Trd, 000010.583, 151
Trd, 000010.850, 149
Trd, 000011.550, 154
Trd, 000013.317, 148
Trd, 000013.400, 155
Trd, 000013.483, 156
Trd, 000013.650, 149
Trd, 000014.767, 156
Trd, 000014.833, 163
Trd, 000015.017, 149
Trd, 000015.567, 166
Trd, 000016.950, 159
Trd, 000018.000, 163
Trd, 000018.567, 164
Trd, 000018.767, 170
Trd, 000019.633, 164
Trd, 000019.933, 165
Trd, 000019.950, 156
Trd, 000020.467, 170
Trd, 000020.700, 177
Trd, 000020.850, 156
Trd, 000021.000, 182
Trd, 000021.083, 150
Trd, 000022.000, 156
Trd, 000023.717, 157
Trd, 000024.017, 153
Trd, 000024.483, 154
Trd, 000024.967, 153
Trd, 000025.117, 154
Trd, 000025.433, 150
Trd, 000025.583, 143
Trd, 000025.683, 160
Trd, 000025.800, 161
Trd, 000026.117, 172
Trd, 000026.233, 148
Trd, 000026.867, 151
Trd, 000028.333, 155
Trd, 000028.933, 152
Trd, 000028.983, 151
Trd, 000029.683, 154
Trd, 000030.550, 157
Trd, 000030.733, 158
Trd, 000030.967, 152
Trd, 000031.017, 149
Trd, 000031.100, 161
Trd, 000031.817, 163
Trd, 000033.917, 158
Trd, 000034.200, 152
Trd, 000034.533, 161
Trd, 000034.617, 150
Trd, 000035.533, 162
Trd, 000035.717, 165
Trd, 000036.000, 179
Trd, 000036.350, 169
Trd, 000036.667, 172
Trd, 000037.200, 154
Trd, 000037.383, 166
Trd, 000037.583, 172
Trd, 000037.850, 156
Trd, 000038.750, 151
Trd, 000038.833, 153
Trd, 000040.367, 155
Trd, 000040.500, 156
Trd, 000041.167, 153
Trd, 000041.200, 152
Trd, 000042.383, 152
Trd, 000042.600, 156
Trd, 000043.200, 155
Trd, 000043.450, 155
Trd, 000044.350, 154
Trd, 000044.883, 155
Trd, 000045.017, 152
Trd, 000045.917, 156
Trd, 000047.167, 155
Trd, 000047.883, 153
Trd, 000048.033, 156
Trd, 000048.267, 151
Trd, 000048.900, 158
Trd, 000049.083, 151
Trd, 000049.917, 153
Trd, 000050.550, 155
Trd, 000051.500, 160
Trd, 000051.617, 163
Trd, 000052.100, 167
Trd, 000052.483, 161
Trd, 000053.267, 160
Trd, 000053.317, 175
Trd, 000054.300, 159
Trd, 000054.817, 162
Trd, 000055.750, 161
Trd, 000055.883, 162
Trd, 000056.233, 153
Trd, 000056.433, 163
Trd, 000057.283, 161
Trd, 000057.750, 162
Trd, 000057.967, 154
Trd, 000058.417, 163
Trd, 000058.950, 164
Trd, 000059.833, 157
Trd, 000060.517, 148
Trd, 000060.833, 167
Trd, 000061.283, 154
Trd, 000061.733, 153
Trd, 000061.883, 152
Trd, 000063.200, 161
Trd, 000063.383, 163
Trd, 000064.167, 163
Trd, 000064.783, 163
Trd, 000064.933, 154
Trd, 000065.317, 164
Trd, 000065.533, 167
Trd, 000066.383, 164
Trd, 000067.483, 157
Trd, 000067.633, 163
Trd, 000067.983, 156
Trd, 000068.317, 163
Trd, 000068.333, 156
Trd, 000068.517, 164
Trd, 000068.900, 166
Trd, 000069.083, 175
Trd, 000069.450, 155
Trd, 000069.683, 156
Trd, 000070.883, 161
Trd, 000070.967, 175
Trd, 000072.167, 162
Trd, 000072.467, 163
Trd, 000072.700, 165
Trd, 000073.367, 162
Trd, 000074.250, 166
Trd, 000074.317, 181
Trd, 000075.133, 169
Trd, 000076.500, 165
Trd, 000076.700, 161
Trd, 000076.817, 166
Trd, 000077.717, 160
Trd, 000077.900, 165
Trd, 000078.000, 156
Trd, 000078.750, 162
Trd, 000078.983, 157
Trd, 000079.450, 149
Trd, 000080.033, 156
Trd, 000081.333, 166
Trd, 000081.717, 166
Trd, 000081.883, 170
Trd, 000082.467, 176
Trd, 000082.533, 166
Trd, 000082.567, 179
Trd, 000082.600, 158
Trd, 000082.850, 183
Trd, 000083.283, 180
Trd, 000083.950, 157
Trd, 000085.917, 168
Trd, 000085.983, 174
Trd, 000086.083, 175
Trd, 000087.433, 174
Trd, 000088.550, 170
Trd, 000088.917, 172
Trd, 000088.933, 173
Trd, 000088.967, 174
Trd, 000089.417, 168
Trd, 000090.233, 163
Trd, 000091.250, 170
Trd, 000091.383, 171
Trd, 000091.433, 173
Trd, 000093.167, 166
Trd, 000093.867, 164
Trd, 000094.367, 165
Trd, 000094.633, 165
Trd, 000094.983, 163
Trd, 000095.150, 162
Trd, 000095.200, 167
Trd, 000095.250, 168
Trd, 000095.600, 154
Trd, 000096.217, 171
Trd, 000096.450, 177
Trd, 000097.033, 161
Trd, 000097.933, 157
Trd, 000098.533, 166
Trd, 000099.133, 165
Trd, 000099.283, 166
Trd, 000099.583, 167
Trd, 000100.000, 172
Trd, 000100.017, 162
Trd, 000102.117, 161
Trd, 000102.683, 158
Trd, 000103.283, 166
Trd, 000103.850, 167
Trd, 000104.433, 168
Trd, 000104.550, 168
Trd, 000105.750, 166
Trd, 000106.167, 169
Trd, 000106.383, 161
Trd, 000106.467, 167
Trd, 000106.900, 172
Trd, 000108.183, 170
Trd, 000108.200, 167
Trd, 000108.333, 165
Trd, 000110.150, 168
Trd, 000111.767, 169
Trd, 000111.800, 163
Trd, 000111.900, 160
Trd, 000112.033, 169
Trd, 000112.633, 165
Trd, 000113.167, 162
Trd, 000113.417, 166
Trd, 000113.650, 168
Trd, 000114.350, 172
Trd, 000114.817, 160
Trd, 000115.450, 160
Trd, 000115.700, 168
Trd, 000115.800, 159
Trd, 000116.383, 169
Trd, 000116.567, 172
Trd, 000118.400, 172
Trd, 000118.983, 161
Trd, 000119.183, 172
Trd, 000119.283, 174
Trd, 000120.350, 162
Trd, 000120.600, 160
Trd, 000122.000, 163
Trd, 000122.117, 159
Trd, 000122.217, 151
Trd, 000123.533, 162
Trd, 000124.217, 161
Trd, 000124.517, 162
Trd, 000124.650, 170
Trd, 000124.967, 160
Trd, 000125.500, 173
Trd, 000125.850, 166
Trd, 000126.100, 173
Trd, 000126.317, 174
Trd, 000127.050, 178
Trd, 000127.250, 167
Trd, 000127.267, 160
Trd, 000127.833, 180
Trd, 000128.333, 171
Trd, 000128.850, 164
Trd, 000129.350, 174
Trd, 000130.950, 173
Trd, 000131.850, 174
Trd, 000132.100, 175
Trd, 000132.517, 173
Trd, 000133.167, 175
Trd, 000133.733, 173
Trd, 000133.750, 166
Trd, 000134.200, 163
Trd, 000134.333, 181
Trd, 000134.617, 162
Trd, 000135.800, 179
Trd, 000135.933, 161
Trd, 000136.450, 164
Trd, 000136.967, 174
Trd, 000137.200, 174
Trd, 000137.717, 174
Trd, 000137.950, 162
Trd, 000140.350, 172
Trd, 000140.383, 168
Trd, 000141.583, 172
Trd, 000141.667, 168
Trd, 000142.100, 164
Trd, 000142.300, 170
Trd, 000144.217, 167
Trd, 000144.600, 165
Trd, 000144.800, 170
Trd, 000145.733, 172
Trd, 000146.100, 162
Trd, 000146.617, 168
Trd, 000147.133, 170
Trd, 000147.567, 155
Trd, 000147.667, 170
Trd, 000148.117, 171
Trd, 000148.767, 177
Trd, 000150.217, 180
Trd, 000150.233, 181
Trd, 000150.850, 178
Trd, 000151.183, 174
Trd, 000151.500, 182
Trd, 000151.650, 177
Trd, 000152.967, 172
Trd, 000153.000, 181
Trd, 000153.633, 171
Trd, 000154.750, 169
Trd, 000155.350, 168
Trd, 000155.917, 170
Trd, 000157.483, 169
Trd, 000158.017, 170
Trd, 000158.783, 172
Trd, 000159.367, 172
Trd, 000159.833, 173
Trd, 000159.900, 169
Trd, 000160.583, 168
Trd, 000160.733, 171
Trd, 000160.867, 167
Trd, 000162.717, 164
Trd, 000163.450, 169
Trd, 000164.383, 170
Trd, 000164.567, 171
Trd, 000165.550, 165
Trd, 000165.683, 174
Trd, 000166.200, 184
Trd, 000166.333, 168
Trd, 000166.650, 165
Trd, 000167.833, 165
Trd, 000167.933, 166
Trd, 000168.367, 170
Trd, 000168.517, 169
Trd, 000168.617, 165
Trd, 000169.117, 163
Trd, 000169.500, 169
Trd, 000169.983, 168
Trd, 000170.450, 167
Trd, 000171.167, 172
Trd, 000172.100, 179
Trd, 000172.250, 185
Trd, 000172.400, 165
Trd, 000172.467, 184
Trd, 000173.000, 192
Trd, 000173.450, 180
Trd, 000174.183, 176
Trd, 000175.117, 178
Trd, 000175.133, 171
Trd, 000175.967, 179
Trd, 000176.333, 180
Trd, 000176.433, 191
Trd, 000176.983, 165
Trd, 000177.717, 176
Trd, 000178.300, 176
Trd, 000178.817, 175
Trd, 000179.200, 174
Trd, 000180.517, 171
Trd, 000181.267, 176
Trd, 000182.183, 174
Trd, 000182.400, 176
Trd, 000182.483, 176
Trd, 000182.683, 173
Trd, 000184.350, 173
Trd, 000184.367, 175
Trd, 000185.067, 171
Trd, 000185.983, 171
Trd, 000187.083, 171
Trd, 000187.383, 177
Trd, 000188.267, 174
Trd, 000188.433, 170
Trd, 000188.500, 180
Trd, 000188.750, 167
Trd, 000189.133, 176
Trd, 000190.583, 166
Trd, 000190.800, 176
Trd, 000190.950, 177
Trd, 000191.000, 177
Trd, 000193.167, 171
Trd, 000193.650, 175
Trd, 000194.600, 170
Trd, 000195.150, 176
Trd, 000195.300, 176
Trd, 000195.333, 177
Trd, 000195.483, 169
Trd, 000195.650, 178
Trd, 000195.850, 167
Trd, 000196.450, 181
Trd, 000196.767, 186
Trd, 000197.300, 168
Trd, 000197.867, 165
Trd, 000198.033, 186
Trd, 000198.667, 160
Trd, 000200.433, 177
Trd, 000200.550, 178
Trd, 000200.900, 178
Trd, 000200.917, 179
Trd, 000201.150, 171
Trd, 000201.317, 179
Trd, 000201.967, 182
Trd, 000202.567, 185
Trd, 000203.033, 178
Trd, 000203.383, 180
Trd, 000203.617, 175
Trd, 000203.783, 183
Trd, 000204.067, 179
Trd, 000205.117, 174
Trd, 000206.733, 174
Trd, 000208.533, 174
Trd, 000208.567, 176
Trd, 000209.250, 169
Trd, 000209.317, 178
Trd, 000209.383, 168
Trd, 000209.650, 179
Trd, 000210.567, 189
Trd, 000211.717, 177
Trd, 000211.800, 170
Trd, 000211.917, 177
Trd, 000213.433, 177
Trd, 000213.600, 197
Trd, 000214.550, 181
Trd, 000214.633, 173
Trd, 000215.450, 173
Trd, 000216.683, 186
Trd, 000216.733, 189
Trd, 000217.400, 182
Trd, 000217.483, 175
Trd, 000217.583, 183
Trd, 000219.100, 187
Trd, 000219.567, 187
Trd, 000219.900, 203
Trd, 000220.433, 196
Trd, 000220.517, 197
Trd, 000220.733, 192
Trd, 000220.933, 183
Trd, 000222.617, 187
Trd, 000222.683, 170
Trd, 000223.067, 183
Trd, 000223.733, 184
Trd, 000223.850, 176
Trd, 000224.000, 190
Trd, 000224.250, 190
Trd, 000224.867, 191
Trd, 000224.983, 187
Trd, 000225.850, 192
Trd, 000226.067, 181
Trd, 000226.317, 175
Trd, 000227.383, 189
Trd, 000227.550, 179
Trd, 000228.267, 194
Trd, 000228.917, 185
Trd, 000229.000, 181
Trd, 000229.350, 190
Trd, 000229.433, 190
Trd, 000229.500, 170
Trd, 000231.400, 188
Trd, 000231.433, 177
Trd, 000231.983, 189
Trd, 000232.367, 190
Trd, 000232.617, 182
Trd, 000233.233, 177
Trd, 000233.883, 171
Trd, 000234.967, 183
Trd, 000235.200, 185
Trd, 000235.233, 183
Trd, 000236.083, 182
Trd, 000236.267, 182
Trd, 000236.333, 173
Trd, 000236.867, 182
Trd, 000236.900, 182
Trd, 000237.000, 165
Trd, 000237.083, 185
Trd, 000238.150, 184
Trd, 000238.400, 193
Trd, 000238.583, 187
Trd, 000239.800, 189
Trd, 000239.983, 186
Trd, 000240.767, 181
Trd, 000240.783, 179
Trd, 000241.617, 182
Trd, 000242.500, 180
Trd, 000242.733, 177
Trd, 000243.167, 179
Trd, 000243.183, 182
Trd, 000243.367, 186
Trd, 000243.700, 188
Trd, 000244.183, 179
Trd, 000244.550, 185
Trd, 000244.917, 189
Trd, 000244.983, 184
Trd, 000245.817, 182
Trd, 000246.883, 179
Trd, 000247.217, 184
Trd, 000247.267, 178
Trd, 000247.350, 182
Trd, 000247.367, 172
Trd, 000247.550, 187
Trd, 000247.633, 187
Trd, 000247.683, 187
Trd, 000249.200, 177
Trd, 000249.683, 173
Trd, 000250.283, 165
Trd, 000250.500, 174
Trd, 000250.817, 183
Trd, 000251.167, 189
Trd, 000251.333, 171
Trd, 000251.717, 182
Trd, 000251.867, 182
Trd, 000251.967, 179
Trd, 000252.500, 171
Trd, 000252.600, 184
Trd, 000253.083, 183
Trd, 000254.133, 184
Trd, 000254.267, 163
Trd, 000254.833, 183
Trd, 000255.067, 184
Trd, 000255.333, 178
Trd, 000255.983, 175
Trd, 000256.400, 177
Trd, 000257.067, 179
Trd, 000257.517, 177
Trd, 000257.817, 177
Trd, 000257.917, 176
Trd, 000258.150, 188
Trd, 000258.533, 189
Trd, 000259.567, 178
Trd, 000260.217, 176
Trd, 000260.433, 176
Trd, 000260.967, 177
Trd, 000261.833, 169
Trd, 000262.083, 167
Trd, 000263.300, 165
Trd, 000263.533, 170
Trd, 000263.617, 172
Trd, 000263.767, 165
Trd, 000264.050, 181
Trd, 000264.367, 174
Trd, 000264.917, 174
Trd, 000265.333, 163
Trd, 000265.433, 185
Trd, 000265.800, 182
Trd, 000266.667, 172
Trd, 000267.000, 166
Trd, 000267.667, 166
Trd, 000267.783, 163
Trd, 000267.933, 167
Trd, 000268.417, 166
Trd, 000268.983, 163
Trd, 000269.033, 166
Trd, 000269.067, 169
Trd, 000269.783, 177
Trd, 000269.900, 168
Trd, 000269.917, 182
Trd, 000270.117, 184
Trd, 000271.033, 181
Trd, 000271.600, 179
Trd, 000271.650, 177
Trd, 000271.950, 175
Trd, 000272.350, 180
Trd, 000272.450, 174
Trd, 000272.833, 182
Trd, 000272.867, 182
Trd, 000272.950, 185
Trd, 000274.117, 182
Trd, 000274.917, 187
Trd, 000275.833, 176
Trd, 000276.333, 182
Trd, 000276.383, 188
Trd, 000276.600, 189
Trd, 000276.683, 177
Trd, 000277.417, 189
Trd, 000277.850, 178
Trd, 000277.900, 192
Trd, 000277.917, 178
Trd, 000278.533, 196
Trd, 000279.450, 190
Trd, 000279.533, 178
Trd, 000279.867, 183
Trd, 000280.083, 175
Trd, 000280.267, 169
Trd, 000280.500, 176
Trd, 000280.667, 177
Trd, 000280.950, 163
Trd, 000281.133, 182
Trd, 000282.817, 183
Trd, 000283.250, 183
Trd, 000283.783, 184
Trd, 000284.250, 177
Trd, 000284.433, 180
Trd, 000285.000, 190
Trd, 000285.617, 187
Trd, 000285.683, 186
Trd, 000285.750, 191
Trd, 000286.000, 185
Trd, 000286.100, 183
Trd, 000286.800, 187
Trd, 000287.483, 187
Trd, 000287.950, 189
Trd, 000288.467, 177
Trd, 000288.550, 176
Trd, 000289.317, 177
Trd, 000289.433, 189
Trd, 000289.750, 171
Trd, 000290.033, 175
Trd, 000290.283, 176
Trd, 000290.700, 178
Trd, 000291.483, 185
Trd, 000291.550, 187
Trd, 000292.217, 185
Trd, 000292.400, 186
Trd, 000292.583, 191
Trd, 000292.600, 194
Trd, 000292.667, 197
Trd, 000293.450, 194
Trd, 000293.483, 184
Trd, 000293.583, 182
Trd, 000293.700, 181
Trd, 000294.283, 176
Trd, 000294.417, 170
Trd, 000294.750, 188
Trd, 000295.350, 187
Trd, 000295.567, 189
Trd, 000296.433, 190
Trd, 000296.883, 178
Trd, 000297.517, 166
Trd, 000297.917, 178
Trd, 000298.517, 175
Trd, 000299.183, 175
Trd, 000299.283, 166
Trd, 000299.550, 174
Trd, 000299.650, 171
Trd, 000299.733, 185
