Trd, 000001.733, 131
Trd, 000001.800, 176
Trd, 000003.483, 109
Trd, 000004.217, 138
Trd, 000004.267, 142
Trd, 000004.367, 144
Trd, 000004.683, 110
Trd, 000004.750, 134
Trd, 000005.900, 139
Trd, 000007.067, 139
Trd, 000007.933, 141
Trd, 000008.100, 140
Trd, 000008.333, 140
Trd, 000008.500, 141
Trd, 000009.033, 140
Trd, 000009.433, 135
Trd, 000009.650, 145
Trd, 000010.450, 142
Trd, 000011.200, 161
Trd, 000011.250, 163
Trd, 000011.900, 167
Trd, 000012.383, 164
Trd, 000013.617, 167
Trd, 000013.800, 169
Trd, 000013.833, 164
Trd, 000013.883, 163
Trd, 000014.033, 173
Trd, 000014.050, 156
Trd, 000015.683, 165
Trd, 000015.733, 167
Trd, 000016.533, 167
Trd, 000016.833, 165
Trd, 000017.583, 165
Trd, 000017.750, 169
Trd, 000018.350, 166
Trd, 000018.367, 164
Trd, 000019.217, 164
Trd, 000020.133, 164
Trd, 000020.333, 158
Trd, 000020.500, 163
Trd, 000020.650, 157
Trd, 000022.300, 160
Trd, 000022.883, 161
Trd, 000023.967, 160
Trd, 000024.000, 162
Trd, 000024.667, 162
Trd, 000024.817, 161
Trd, 000025.483, 162
Trd, 000025.567, 160
Trd, 000025.650, 163
Trd, 000026.467, 161
Trd, 000027.183, 160
Trd, 000028.950, 141
Trd, 000029.317, 140
Trd, 000029.683, 153
Trd, 000029.733, 154
Trd, 000029.883, 141
Trd, 000030.267, 155
Trd, 000031.617, 154
Trd, 000032.350, 150
Trd, 000032.383, 155
Trd, 000032.433, 165
Trd, 000032.717, 171
Trd, 000032.767, 150
Trd, 000033.150, 165
Trd, 000033.650, 153
Trd, 000034.883, 158
Trd, 000035.650, 159
Trd, 000035.683, 159
Trd, 000036.350, 156
Trd, 000036.800, 156
Trd, 000037.367, 157
Trd, 000037.967, 156
Trd, 000038.183, 156
Trd, 000038.967, 155
Trd, 000039.617, 157
Trd, 000040.100, 154
Trd, 000040.633, 156
Trd, 000041.250, 153
Trd, 000042.200, 154
Trd, 000042.367, 152
Trd, 000042.517, 140
Trd, 000042.633, 155
Trd, 000042.850, 166
Trd, 000043.017, 172
Trd, 000044.067, 174
Trd, 000044.083, 157
Trd, 000044.367, 156
Trd, 000044.667, 173
Trd, 000045.317, 170
Trd, 000046.083, 167
Trd, 000046.500, 166
Trd, 000046.650, 167
Trd, 000046.900, 167
Trd, 000048.350, 166
Trd, 000049.167, 166
Trd, 000049.583, 167
Trd, 000049.917, 163
Trd, 000050.150, 162
Trd, 000050.250, 161
Trd, 000050.617, 162
Trd, 000051.600, 161
Trd, 000051.800, 160
Trd, 000053.233, 160
Trd, 000053.800, 160
Trd, 000054.300, 161
Trd, 000054.350, 160
Trd, 000054.817, 162
Trd, 000054.983, 162
Trd, 000055.233, 163
Trd, 000055.300, 165
Trd, 000056.033, 160
Trd, 000056.317, 159
Trd, 000056.467, 167
Trd, 000058.200, 168
Trd, 000058.233, 169
Trd, 000058.250, 170
Trd, 000058.267, 171
Trd, 000058.933, 172
Trd, 000058.967, 161
Trd, 000059.283, 159
Trd, 000059.917, 157
Trd, 000060.383, 152
Trd, 000060.400, 174
Trd, 000061.350, 169
Trd, 000061.950, 167
Trd, 000063.183, 158
Trd, 000063.367, 158
Trd, 000063.600, 158
Trd, 000063.983, 158
Trd, 000064.633, 159
Trd, 000064.817, 158
Trd, 000065.067, 156
Trd, 000065.217, 160
Trd, 000066.150, 161
Trd, 000066.533, 144
Trd, 000067.083, 161
Trd, 000067.217, 162
Trd, 000067.567, 145
Trd, 000068.817, 143
Trd, 000068.933, 138
Trd, 000069.067, 157
Trd, 000069.867, 150
Trd, 000070.367, 153
Trd, 000070.567, 154
Trd, 000070.650, 158
Trd, 000071.000, 152
Trd, 000072.383, 152
Trd, 000073.067, 155
Trd, 000073.200, 155
Trd, 000073.300, 158
Trd, 000074.417, 158
Trd, 000074.633, 159
Trd, 000074.717, 161
Trd, 000074.750, 164
Trd, 000075.300, 149
Trd, 000075.933, 159
Trd, 000077.100, 157
Trd, 000077.567, 158
Trd, 000078.000, 157
Trd, 000078.167, 159
Trd, 000078.733, 156
Trd, 000080.067, 159
Trd, 000080.267, 158
Trd, 000080.300, 161
Trd, 000080.983, 159
Trd, 000081.450, 155
Trd, 000081.800, 144
Trd, 000082.050, 159
Trd, 000082.067, 161
Trd, 000082.467, 167
Trd, 000083.117, 141
Trd, 000083.583, 139
Trd, 000084.117, 161
Trd, 000084.250, 134
Trd, 000085.667, 143
Trd, 000086.483, 144
Trd, 000087.100, 145
Trd, 000087.133, 147
Trd, 000087.483, 151
Trd, 000087.583, 152
Trd, 000088.633, 150
Trd, 000088.933, 146
Trd, 000089.433, 150
Trd, 000089.467, 147
Trd, 000090.033, 160
Trd, 000090.450, 163
Trd, 000090.783, 159
Trd, 000091.167, 171
Trd, 000093.750, 162
Trd, 000094.117, 162
Trd, 000094.333, 160
Trd, 000094.450, 160
Trd, 000094.683, 165
Trd, 000095.217, 172
Trd, 000096.250, 170
Trd, 000096.683, 170
Trd, 000097.200, 164
Trd, 000097.983, 166
Trd, 000098.767, 164
Trd, 000099.083, 165
Trd, 000099.100, 164
Trd, 000100.050, 163
Trd, 000100.250, 163
Trd, 000100.900, 162
Trd, 000101.617, 157
Trd, 000101.867, 157
Trd, 000102.033, 158
Trd, 000102.550, 158
Trd, 000103.117, 147
Trd, 000104.283, 157
Trd, 000104.750, 158
Trd, 000105.000, 172
Trd, 000105.200, 163
Trd, 000105.583, 156
Trd, 000105.700, 155
Trd, 000105.967, 162
Trd, 000106.133, 156
Trd, 000106.383, 162
Trd, 000107.933, 162
Trd, 000108.133, 160
Trd, 000108.467, 162
Trd, 000109.450, 162
Trd, 000109.567, 163
Trd, 000109.633, 161
Trd, 000110.133, 167
Trd, 000111.333, 169
Trd, 000112.417, 168
Trd, 000112.900, 167
Trd, 000113.500, 166
Trd, 000113.733, 167
Trd, 000113.817, 168
Trd, 000114.100, 143
Trd, 000114.550, 173
Trd, 000115.467, 152
Trd, 000115.817, 164
Trd, 000116.900, 161
Trd, 000117.133, 153
Trd, 000117.567, 160
Trd, 000117.917, 161
Trd, 000119.433, 162
Trd, 000119.550, 162
Trd, 000119.750, 163
Trd, 000119.833, 174
Trd, 000121.067, 167
Trd, 000121.467, 167
Trd, 000121.850, 168
Trd, 000122.050, 166
Trd, 000123.250, 166
Trd, 000123.400, 167
Trd, 000123.433, 166
Trd, 000123.883, 165
Trd, 000124.667, 155
Trd, 000124.700, 168
Trd, 000124.950, 148
Trd, 000125.817, 149
Trd, 000125.883, 150
Trd, 000126.233, 146
Trd, 000127.300, 150
Trd, 000127.767, 164
Trd, 000129.567, 170
Trd, 000129.717, 174
Trd, 000130.117, 169
Trd, 000130.217, 175
Trd, 000130.783, 170
Trd, 000131.150, 170
Trd, 000131.617, 163
Trd, 000132.133, 163
Trd, 000132.700, 162
Trd, 000133.483, 176
Trd, 000133.600, 175
Trd, 000133.650, 176
Trd, 000135.283, 171
Trd, 000135.333, 170
Trd, 000136.117, 172
Trd, 000136.350, 170
Trd, 000137.400, 171
Trd, 000138.117, 171
Trd, 000138.817, 168
Trd, 000139.050, 167
Trd, 000139.533, 169
Trd, 000140.083, 170
Trd, 000140.267, 168
Trd, 000141.950, 169
Trd, 000142.067, 173
Trd, 000142.617, 165
Trd, 000142.717, 164
Trd, 000143.917, 157
Trd, 000144.133, 166
Trd, 000144.717, 165
Trd, 000144.983, 166
Trd, 000145.183, 165
Trd, 000145.283, 173
Trd, 000145.917, 176
Trd, 000146.150, 171
Trd, 000147.567, 170
Trd, 000147.650, 170
Trd, 000147.983, 167
Trd, 000148.333, 170
Trd, 000148.733, 171
Trd, 000149.483, 176
Trd, 000150.650, 172
Trd, 000151.200, 169
Trd, 000152.167, 172
Trd, 000153.150, 171
Trd, 000153.750, 172
Trd, 000153.817, 171
Trd, 000153.917, 170
Trd, 000155.767, 170
Trd, 000156.433, 170
Trd, 000156.783, 171
Trd, 000157.617, 171
Trd, 000157.667, 172
Trd, 000158.150, 172
Trd, 000158.233, 177
Trd, 000158.633, 174
Trd, 000159.400, 174
Trd, 000160.433, 175
Trd, 000160.850, 176
Trd, 000160.983, 171
Trd, 000161.017, 177
Trd, 000161.933, 171
Trd, 000162.150, 184
Trd, 000162.783, 184
Trd, 000162.983, 172
Trd, 000163.850, 173
Trd, 000164.567, 177
Trd, 000165.433, 175
Trd, 000165.683, 174
Trd, 000165.967, 177
Trd, 000166.317, 178
Trd, 000166.450, 178
Trd, 000168.033, 179
Trd, 000168.133, 175
Trd, 000168.517, 178
Trd, 000169.150, 177
Trd, 000170.000, 175
Trd, 000170.433, 174
Trd, 000170.767, 176
Trd, 000170.833, 177
Trd, 000170.983, 176
Trd, 000171.533, 176
Trd, 000171.550, 172
Trd, 000173.367, 176
Trd, 000173.700, 179
Trd, 000175.750, 177
Trd, 000175.967, 175
Trd, 000176.133, 176
Trd, 000176.383, 177
Trd, 000177.250, 176
Trd, 000177.367, 175
Trd, 000177.633, 176
Trd, 000177.783, 175
Trd, 000178.283, 175
Trd, 000178.767, 174
Trd, 000178.867, 173
Trd, 000179.417, 175
Trd, 000180.200, 169
Trd, 000180.683, 174
Trd, 000180.933, 174
Trd, 000181.267, 172
Trd, 000181.333, 173
Trd, 000181.467, 168
Trd, 000181.550, 174
Trd, 000181.900, 155
Trd, 000182.100, 186
Trd, 000183.333, 172
Trd, 000183.567, 161
Trd, 000183.683, 162
Trd, 000184.117, 159
Trd, 000184.200, 160
Trd, 000184.517, 162
Trd, 000185.383, 163
Trd, 000186.367, 169
Trd, 000187.100, 163
Trd, 000187.617, 180
Trd, 000188.383, 178
Trd, 000188.883, 175
Trd, 000188.950, 166
Trd, 000190.467, 166
Trd, 000191.533, 173
Trd, 000191.567, 175
Trd, 000192.883, 168
Trd, 000193.617, 164
Trd, 000193.717, 181
Trd, 000193.733, 187
Trd, 000194.700, 167
Trd, 000195.017, 174
Trd, 000195.367, 172
Trd, 000195.750, 167
Trd, 000196.717, 170
Trd, 000197.467, 168
Trd, 000197.500, 166
Trd, 000198.033, 167
Trd, 000198.950, 168
Trd, 000199.283, 168
Trd, 000200.067, 168
Trd, 000200.100, 169
Trd, 000200.600, 169
Trd, 000200.800, 167
Trd, 000201.233, 167
Trd, 000201.817, 171
Trd, 000201.833, 172
Trd, 000202.450, 164
Trd, 000202.550, 169
Trd, 000203.167, 156
Trd, 000204.050, 170
Trd, 000204.733, 169
Trd, 000205.267, 171
Trd, 000205.800, 159
Trd, 000205.833, 159
Trd, 000206.117, 171
Trd, 000207.050, 166
Trd, 000207.950, 169
Trd, 000208.033, 170
Trd, 000208.700, 169
Trd, 000209.450, 170
Trd, 000209.783, 170
Trd, 000210.850, 170
Trd, 000211.250, 171
Trd, 000211.317, 172
Trd, 000211.433, 171
Trd, 000211.867, 183
Trd, 000213.733, 172
Trd, 000213.750, 171
Trd, 000213.817, 170
Trd, 000214.367, 171
Trd, 000214.400, 172
Trd, 000214.950, 172
Trd, 000216.633, 172
Trd, 000216.800, 173
Trd, 000217.767, 175
Trd, 000217.800, 174
Trd, 000218.067, 176
Trd, 000218.533, 174
Trd, 000218.667, 174
Trd, 000218.917, 173
Trd, 000219.967, 175
Trd, 000220.083, 173
Trd, 000221.533, 174
Trd, 000221.833, 173
Trd, 000221.883, 172
Trd, 000222.117, 173
Trd, 000222.650, 175
Trd, 000223.033, 184
Trd, 000223.083, 190
Trd, 000224.183, 177
Trd, 000225.200, 181
Trd, 000225.650, 181
Trd, 000225.867, 180
Trd, 000226.017, 179
Trd, 000226.033, 177
Trd, 000226.267, 182
Trd, 000226.600, 183
Trd, 000227.667, 177
Trd, 000229.033, 176
Trd, 000229.300, 175
Trd, 000229.367, 182
Trd, 000229.667, 177
Trd, 000229.683, 157
Trd, 000231.133, 169
Trd, 000231.417, 165
Trd, 000231.883, 165
Trd, 000231.950, 170
Trd, 000232.283, 185
Trd, 000235.067, 171
Trd, 000235.300, 172
Trd, 000235.333, 173
Trd, 000235.350, 173
Trd, 000236.300, 171
Trd, 000236.483, 173
Trd, 000236.667, 170
Trd, 000237.067, 174
Trd, 000237.333, 170
Trd, 000237.400, 174
Trd, 000237.717, 169
Trd, 000239.250, 171
Trd, 000239.433, 174
Trd, 000240.033, 170
Trd, 000240.167, 171
Trd, 000240.400, 164
Trd, 000240.933, 169
Trd, 000241.233, 171
Trd, 000241.483, 172
Trd, 000242.250, 173
Trd, 000242.367, 178
Trd, 000243.283, 179
Trd, 000243.950, 175
Trd, 000244.183, 178
Trd, 000244.233, 179
Trd, 000244.483, 180
Trd, 000244.567, 186
Trd, 000245.000, 183
Trd, 000245.367, 184
Trd, 000246.217, 184
Trd, 000246.350, 183
Trd, 000246.950, 186
Trd, 000247.067, 187
Trd, 000247.200, 180
Trd, 000247.950, 182
Trd, 000248.450, 180
Trd, 000249.183, 179
Trd, 000249.833, 180
Trd, 000249.900, 178
Trd, 000251.000, 174
Trd, 000251.117, 176
Trd, 000251.167, 176
Trd, 000251.433, 175
Trd, 000251.850, 175
Trd, 000252.783, 174
Trd, 000252.800, 173
Trd, 000253.083, 176
Trd, 000253.217, 179
Trd, 000253.417, 172
Trd, 000253.600, 186
Trd, 000253.817, 167
Trd, 000254.567, 166
Trd, 000255.567, 163
Trd, 000256.000, 169
Trd, 000256.333, 170
Trd, 000256.450, 168
Trd, 000256.950, 168
Trd, 000257.100, 175
Trd, 000257.200, 186
Trd, 000258.717, 176
Trd, 000259.383, 180
Trd, 000259.833, 181
Trd, 000260.300, 182
Trd, 000260.800, 178
Trd, 000261.000, 181
Trd, 000261.217, 177
Trd, 000261.933, 182
Trd, 000262.950, 179
Trd, 000263.633, 180
Trd, 000263.800, 180
Trd, 000264.167, 181
Trd, 000264.267, 180
Trd, 000265.033, 179
Trd, 000265.183, 182
Trd, 000265.367, 182
Trd, 000266.250, 182
Trd, 000266.383, 179
Trd, 000267.083, 178
Trd, 000267.100, 184
Trd, 000268.167, 181
Trd, 000268.783, 176
Trd, 000269.250, 174
Trd, 000269.333, 178
Trd, 000269.467, 178
Trd, 000269.700, 175
Trd, 000270.000, 175
Trd, 000270.917, 172
Trd, 000271.200, 168
Trd, 000271.433, 175
Trd, 000271.567, 176
Trd, 000272.133, 176
Trd, 000272.500, 176
Trd, 000272.817, 173
Trd, 000272.950, 177
Trd, 000273.217, 172
Trd, 000273.633, 171
Trd, 000273.850, 170
Trd, 000274.583, 180
Trd, 000274.917, 171
Trd, 000275.017, 180
Trd, 000276.183, 175
Trd, 000276.833, 175
Trd, 000277.150, 172
Trd, 000277.433, 179
Trd, 000277.583, 172
Trd, 000277.633, 179
Trd, 000277.717, 185
Trd, 000277.783, 174
Trd, 000277.950, 189
Trd, 000278.133, 172
Trd, 000278.483, 187
Trd, 000278.783, 176
Trd, 000279.300, 183
Trd, 000279.550, 181
Trd, 000280.550, 181
Trd, 000281.983, 181
Trd, 000282.133, 181
Trd, 000282.617, 182
Trd, 000283.333, 183
Trd, 000284.533, 183
Trd, 000284.550, 177
Trd, 000285.500, 187
Trd, 000285.867, 186
Trd, 000286.100, 177
Trd, 000286.150, 176
Trd, 000286.417, 188
Trd, 000286.883, 170
Trd, 000286.917, 176
Trd, 000287.317, 175
Trd, 000287.483, 179
Trd, 000287.850, 174
Trd, 000288.717, 171
Trd, 000289.133, 173
Trd, 000289.400, 171
Trd, 000289.417, 176
Trd, 000289.900, 177
Trd, 000290.150, 170
Trd, 000290.833, 175
Trd, 000291.150, 169
Trd, 000291.217, 175
Trd, 000292.950, 170
Trd, 000293.200, 171
Trd, 000293.317, 172
Trd, 000293.750, 170
Trd, 000293.983, 175
Trd, 000294.050, 177
Trd, 000294.117, 169
Trd, 000294.167, 191
Trd, 000294.300, 197
Trd, 000295.067, 185
Trd, 000295.233, 181
Trd, 000295.467, 161
Trd, 000296.000, 172
Trd, 000296.567, 173
Trd, 000297.233, 173
Trd, 000297.533, 171
Trd, 000297.717, 170
Trd, 000298.017, 165
Trd, 000298.183, 174
Trd, 000298.683, 171
Trd, 000299.200, 175
Trd, 000299.500, 176
Trd, 000299.717, 175
Trd, 000299.833, 175
