Trd, 000002.167, 131
Trd, 000002.317, 133
Trd, 000002.350, 141
Trd, 000002.583, 129
Trd, 000003.350, 140
Trd, 000003.733, 147
Trd, 000004.100, 130
Trd, 000004.217, 134
Trd, 000004.600, 143
Trd, 000005.217, 131
Trd, 000005.333, 148
Trd, 000006.783, 137
Trd, 000007.600, 142
Trd, 000008.333, 137
Trd, 000008.350, 135
Trd, 000008.500, 142
Trd, 000008.650, 143
Trd, 000008.933, 141
Trd, 000008.983, 136
Trd, 000009.317, 145
Trd, 000009.617, 152
Trd, 000010.817, 142
Trd, 000011.000, 147
Trd, 000011.017, 149
Trd, 000011.533, 146
Trd, 000012.683, 138
Trd, 000014.200, 140
Trd, 000015.000, 140
Trd, 000015.483, 144
Trd, 000015.583, 145
Trd, 000015.917, 146
Trd, 000016.550, 146
Trd, 000016.950, 144
Trd, 000017.533, 145
Trd, 000017.567, 146
Trd, 000018.617, 146
Trd, 000019.150, 142
Trd, 000019.267, 144
Trd, 000019.367, 147
Trd, 000020.217, 147
Trd, 000020.483, 150
Trd, 000021.250, 143
Trd, 000022.167, 147
Trd, 000022.550, 147
Trd, 000023.917, 146
Trd, 000024.267, 142
Trd, 000025.483, 144
Trd, 000025.733, 141
Trd, 000025.867, 144
Trd, 000026.733, 144
Trd, 000026.833, 145
Trd, 000027.283, 145
Trd, 000027.567, 146
Trd, 000027.800, 146
Trd, 000028.400, 145
Trd, 000028.683, 142
Trd, 000029.900, 147
Trd, 000029.917, 144
Trd, 000031.050, 147
Trd, 000031.200, 147
Trd, 000031.317, 147
Trd, 000031.883, 146
Trd, 000032.000, 143
Trd, 000032.633, 154
Trd, 000032.983, 130
Trd, 000033.150, 142
Trd, 000034.033, 149
Trd, 000034.833, 149
Trd, 000035.517, 149
Trd, 000036.317, 150
Trd, 000037.133, 148
Trd, 000037.383, 147
Trd, 000038.067, 146
Trd, 000038.117, 147
Trd, 000038.850, 148
Trd, 000039.250, 144
Trd, 000039.300, 148
Trd, 000040.833, 147
Trd, 000040.933, 146
Trd, 000040.983, 152
Trd, 000041.383, 145
Trd, 000042.150, 146
Trd, 000042.183, 148
Trd, 000042.333, 146
Trd, 000042.517, 148
Trd, 000042.600, 149
Trd, 000043.483, 144
Trd, 000044.100, 148
Trd, 000044.667, 142
Trd, 000046.117, 143
Trd, 000046.750, 149
Trd, 000047.000, 156
Trd, 000047.450, 150
Trd, 000047.833, 168
Trd, 000048.967, 154
Trd, 000049.167, 152
Trd, 000049.900, 139
Trd, 000050.700, 139
Trd, 000050.733, 130
Trd, 000050.883, 149
Trd, 000051.250, 153
Trd, 000051.550, 138
Trd, 000053.183, 132
Trd, 000053.750, 135
Trd, 000053.917, 139
Trd, 000055.300, 141
Trd, 000055.783, 143
Trd, 000056.350, 143
Trd, 000056.500, 147
Trd, 000057.333, 144
Trd, 000057.483, 154
Trd, 000058.517, 151
Trd, 000058.617, 152
Trd, 000058.933, 144
Trd, 000059.483, 144
Trd, 000059.583, 152
Trd, 000060.550, 144
Trd, 000060.583, 143
Trd, 000060.650, 149
Trd, 000060.833, 143
Trd, 000064.517, 145
Trd, 000064.550, 145
Trd, 000064.733, 143
Trd, 000064.750, 145
Trd, 000065.200, 147
Trd, 000065.467, 150
Trd, 000065.650, 144
Trd, 000066.300, 153
Trd, 000066.367, 154
Trd, 000068.533, 146
Trd, 000068.967, 145
Trd, 000069.200, 148
Trd, 000069.217, 148
Trd, 000069.983, 147
Trd, 000070.533, 145
Trd, 000070.867, 147
Trd, 000071.700, 145
Trd, 000071.800, 144
Trd, 000072.217, 144
Trd, 000072.767, 134
Trd, 000073.067, 138
Trd, 000073.233, 131
Trd, 000074.367, 147
Trd, 000074.883, 147
Trd, 000075.150, 147
Trd, 000075.567, 148
Trd, 000076.067, 148
Trd, 000076.150, 151
Trd, 000076.683, 142
Trd, 000076.967, 155
Trd, 000078.700, 151
Trd, 000079.333, 148
Trd, 000079.417, 147
Trd, 000079.733, 147
Trd, 000080.650, 151
Trd, 000081.217, 148
Trd, 000081.450, 149
Trd, 000081.767, 147
Trd, 000082.900, 147
Trd, 000083.433, 146
Trd, 000084.283, 148
Trd, 000084.883, 149
Trd, 000085.317, 146
Trd, 000085.383, 145
Trd, 000085.917, 148
Trd, 000086.050, 145
Trd, 000086.467, 149
Trd, 000087.650, 145
Trd, 000088.333, 147
Trd, 000089.017, 147
Trd, 000089.600, 150
Trd, 000089.967, 151
Trd, 000090.467, 150
Trd, 000091.250, 149
Trd, 000092.183, 150
Trd, 000092.317, 147
Trd, 000092.633, 157
Trd, 000092.817, 159
Trd, 000092.950, 146
Trd, 000093.000, 160
Trd, 000095.583, 150
Trd, 000095.950, 149
Trd, 000096.150, 149
Trd, 000096.333, 154
Trd, 000097.167, 152
Trd, 000098.583, 150
Trd, 000098.717, 152
Trd, 000099.967, 152
Trd, 000099.983, 151
Trd, 000100.083, 154
Trd, 000100.633, 158
Trd, 000101.200, 151
Trd, 000101.417, 152
Trd, 000102.450, 152
Trd, 000102.800, 150
Trd, 000103.200, 149
Trd, 000103.850, 147
Trd, 000104.117, 137
Trd, 000104.217, 151
Trd, 000105.233, 145
Trd, 000105.317, 147
Trd, 000106.317, 151
Trd, 000107.833, 153
Trd, 000107.917, 148
Trd, 000108.283, 155
Trd, 000110.150, 149
Trd, 000110.433, 152
Trd, 000111.033, 147
Trd, 000111.200, 152
Trd, 000111.700, 154
Trd, 000111.800, 149
Trd, 000112.433, 162
Trd, 000113.633, 158
Trd, 000114.167, 149
Trd, 000114.650, 156
Trd, 000115.783, 150
Trd, 000115.833, 150
Trd, 000116.533, 149
Trd, 000116.950, 148
Trd, 000117.350, 153
Trd, 000117.933, 150
Trd, 000118.767, 153
Trd, 000118.883, 155
Trd, 000119.667, 148
Trd, 000119.850, 155
Trd, 000121.283, 149
Trd, 000121.717, 155
Trd, 000122.117, 155
Trd, 000122.183, 154
Trd, 000122.883, 153
Trd, 000123.317, 150
Trd, 000124.733, 150
Trd, 000124.783, 155
Trd, 000125.483, 149
Trd, 000125.583, 153
Trd, 000127.217, 153
Trd, 000127.333, 154
Trd, 000127.650, 156
Trd, 000128.333, 152
Trd, 000128.517, 151
Trd, 000128.550, 151
Trd, 000128.617, 150
Trd, 000128.633, 169
Trd, 000128.733, 164
Trd, 000128.883, 169
Trd, 000130.767, 156
Trd, 000130.817, 150
Trd, 000132.183, 161
Trd, 000132.600, 168
Trd, 000133.000, 149
Trd, 000133.267, 147
Trd, 000133.383, 134
Trd, 000133.650, 147
Trd, 000134.850, 148
Trd, 000135.000, 144
Trd, 000135.267, 143
Trd, 000135.817, 142
Trd, 000136.483, 150
Trd, 000137.967, 149
Trd, 000138.317, 151
Trd, 000138.467, 149
Trd, 000139.150, 148
Trd, 000139.817, 151
Trd, 000141.433, 150
Trd, 000141.783, 148
Trd, 000142.050, 151
Trd, 000142.233, 155
Trd, 000143.100, 158
Trd, 000143.300, 162
Trd, 000143.583, 165
Trd, 000143.817, 147
Trd, 000145.333, 149
Trd, 000145.550, 155
Trd, 000145.733, 150
Trd, 000145.800, 155
Trd, 000145.900, 158
Trd, 000146.467, 158
Trd, 000146.967, 156
Trd, 000148.633, 157
Trd, 000148.767, 159
Trd, 000148.967, 156
Trd, 000149.417, 156
Trd, 000149.767, 160
Trd, 000151.483, 158
Trd, 000151.667, 159
Trd, 000151.967, 158
Trd, 000152.050, 159
Trd, 000152.283, 155
Trd, 000152.383, 160
Trd, 000153.200, 156
Trd, 000153.450, 162
Trd, 000153.867, 159
Trd, 000154.850, 161
Trd, 000155.967, 161
Trd, 000156.067, 164
Trd, 000156.283, 160
Trd, 000156.333, 157
Trd, 000157.100, 156
Trd, 000158.783, 150
Trd, 000159.533, 152
Trd, 000159.550, 148
Trd, 000159.583, 147
Trd, 000159.600, 143
Trd, 000160.117, 155
Trd, 000160.800, 159
Trd, 000162.467, 158
Trd, 000162.583, 159
Trd, 000162.667, 149
Trd, 000162.683, 160
Trd, 000162.817, 167
Trd, 000164.667, 163
Trd, 000164.683, 164
Trd, 000165.967, 163
Trd, 000166.500, 166
Trd, 000166.533, 163
Trd, 000166.567, 167
Trd, 000167.217, 164
Trd, 000167.450, 164
Trd, 000168.200, 161
Trd, 000169.650, 165
Trd, 000170.583, 163
Trd, 000170.733, 162
Trd, 000171.117, 164
Trd, 000171.867, 162
Trd, 000172.133, 144
Trd, 000172.450, 143
Trd, 000172.767, 140
Trd, 000172.950, 151
Trd, 000173.300, 159
Trd, 000175.217, 147
Trd, 000175.367, 148
Trd, 000176.033, 148
Trd, 000176.133, 151
Trd, 000177.267, 151
Trd, 000177.300, 152
Trd, 000177.517, 154
Trd, 000177.567, 154
Trd, 000179.883, 154
Trd, 000180.000, 155
Trd, 000180.967, 153
Trd, 000182.033, 156
Trd, 000182.150, 162
Trd, 000182.517, 166
Trd, 000182.683, 151
Trd, 000183.167, 154
Trd, 000183.867, 155
Trd, 000184.283, 158
Trd, 000184.517, 164
Trd, 000184.850, 156
Trd, 000185.067, 159
Trd, 000185.450, 163
Trd, 000186.867, 163
Trd, 000187.183, 162
Trd, 000187.883, 158
Trd, 000188.183, 159
Trd, 000188.333, 160
Trd, 000188.900, 158
Trd, 000189.200, 157
Trd, 000190.250, 157
Trd, 000190.483, 156
Trd, 000190.517, 166
Trd, 000190.883, 153
Trd, 000191.750, 156
Trd, 000192.150, 160
Trd, 000192.717, 163
Trd, 000193.233, 146
Trd, 000194.383, 152
Trd, 000194.817, 153
Trd, 000195.600, 156
Trd, 000196.050, 157
Trd, 000197.150, 156
Trd, 000197.283, 156
Trd, 000198.183, 164
Trd, 000198.350, 170
Trd, 000198.883, 168
Trd, 000200.267, 162
Trd, 000200.350, 171
Trd, 000200.500, 172
Trd, 000200.850, 164
Trd, 000202.067, 162
Trd, 000202.150, 164
Trd, 000202.783, 163
Trd, 000203.667, 161
Trd, 000203.767, 160
Trd, 000203.967, 159
Trd, 000204.083, 162
Trd, 000206.117, 155
Trd, 000206.350, 155
Trd, 000206.450, 159
Trd, 000207.050, 160
Trd, 000207.683, 163
Trd, 000208.183, 163
Trd, 000208.750, 160
Trd, 000208.950, 156
Trd, 000209.933, 161
Trd, 000209.950, 157
Trd, 000210.050, 162
Trd, 000210.250, 164
Trd, 000211.767, 149
Trd, 000211.917, 154
Trd, 000211.967, 168
Trd, 000212.183, 175
Trd, 000214.083, 152
Trd, 000214.200, 155
Trd, 000214.333, 164
Trd, 000215.067, 159
Trd, 000215.233, 150
Trd, 000215.500, 144
Trd, 000216.833, 151
Trd, 000217.417, 160
Trd, 000218.033, 160
Trd, 000218.433, 164
Trd, 000218.700, 161
Trd, 000218.917, 154
Trd, 000221.100, 160
Trd, 000221.833, 160
Trd, 000223.500, 159
Trd, 000224.150, 161
Trd, 000224.383, 159
Trd, 000224.617, 159
Trd, 000224.750, 163
Trd, 000225.183, 162
Trd, 000225.317, 159
Trd, 000225.833, 166
Trd, 000225.900, 170
Trd, 000226.267, 173
Trd, 000226.650, 180
Trd, 000227.567, 160
Trd, 000228.267, 146
Trd, 000228.383, 172
Trd, 000228.633, 182
Trd, 000229.550, 167
Trd, 000229.933, 169
Trd, 000230.267, 183
Trd, 000231.583, 173
Trd, 000231.783, 173
Trd, 000231.900, 172
Trd, 000232.133, 174
Trd, 000233.400, 157
Trd, 000233.633, 164
Trd, 000234.933, 167
Trd, 000235.733, 166
Trd, 000236.467, 167
Trd, 000236.483, 163
Trd, 000237.017, 167
Trd, 000237.800, 167
Trd, 000238.500, 165
Trd, 000239.083, 166
Trd, 000239.217, 167
Trd, 000239.367, 168
Trd, 000240.400, 169
Trd, 000240.533, 168
Trd, 000241.183, 167
Trd, 000241.883, 170
Trd, 000242.033, 168
Trd, 000242.150, 169
Trd, 000242.550, 164
Trd, 000242.850, 165
Trd, 000243.083, 170
Trd, 000243.417, 170
Trd, 000243.483, 172
Trd, 000244.783, 165
Trd, 000245.383, 168
Trd, 000245.650, 168
Trd, 000245.983, 164
Trd, 000246.100, 164
Trd, 000246.133, 168
Trd, 000246.433, 163
Trd, 000246.483, 169
Trd, 000247.267, 173
Trd, 000248.883, 169
Trd, 000249.233, 170
Trd, 000250.267, 170
Trd, 000250.450, 171
Trd, 000250.583, 171
Trd, 000250.950, 171
Trd, 000251.400, 173
Trd, 000251.917, 173
Trd, 000252.117, 173
Trd, 000252.183, 172
Trd, 000253.317, 171
Trd, 000253.467, 172
Trd, 000253.950, 167
Trd, 000254.317, 170
Trd, 000254.783, 165
Trd, 000255.283, 166
Trd, 000255.767, 170
Trd, 000255.950, 170
Trd, 000256.067, 172
Trd, 000256.150, 173
Trd, 000256.417, 168
Trd, 000256.467, 160
Trd, 000256.733, 164
Trd, 000257.717, 169
Trd, 000258.183, 168
Trd, 000258.233, 163
Trd, 000259.217, 165
Trd, 000260.650, 164
Trd, 000260.867, 167
Trd, 000260.917, 165
Trd, 000261.100, 164
Trd, 000261.450, 163
Trd, 000261.817, 168
Trd, 000262.083, 168
Trd, 000262.367, 168
Trd, 000262.533, 169
Trd, 000262.817, 170
Trd, 000263.033, 169
Trd, 000264.000, 177
Trd, 000264.367, 184
Trd, 000265.600, 168
Trd, 000265.633, 166
Trd, 000265.933, 166
Trd, 000265.983, 171
Trd, 000266.250, 172
Trd, 000266.300, 165
Trd, 000266.617, 168
Trd, 000266.667, 163
Trd, 000267.283, 173
Trd, 000267.917, 170
Trd, 000268.050, 165
Trd, 000269.083, 166
Trd, 000269.317, 171
Trd, 000270.467, 170
Trd, 000270.533, 170
Trd, 000271.200, 170
Trd, 000271.267, 165
Trd, 000271.483, 169
Trd, 000272.383, 166
Trd, 000272.783, 167
Trd, 000273.567, 164
Trd, 000273.900, 164
Trd, 000274.000, 168
Trd, 000274.133, 168
Trd, 000275.017, 168
Trd, 000275.133, 168
Trd, 000275.450, 165
Trd, 000275.717, 169
Trd, 000276.383, 174
Trd, 000276.817, 175
Trd, 000276.850, 170
Trd, 000276.967, 168
Trd, 000276.983, 179
Trd, 000277.167, 186
Trd, 000278.317, 179
Trd, 000278.450, 178
Trd, 000278.567, 194
Trd, 000278.700, 178
Trd, 000279.917, 181
Trd, 000280.550, 183
Trd, 000280.767, 180
Trd, 000280.883, 168
Trd, 000280.967, 175
Trd, 000281.250, 175
Trd, 000282.333, 170
Trd, 000282.983, 166
Trd, 000284.967, 171
Trd, 000285.050, 171
Trd, 000285.183, 172
Trd, 000285.217, 170
Trd, 000285.550, 169
Trd, 000285.700, 168
Trd, 000285.717, 175
Trd, 000285.950, 172
Trd, 000286.233, 167
Trd, 000286.750, 162
Trd, 000286.917, 173
Trd, 000287.167, 172
Trd, 000287.233, 173
Trd, 000287.267, 170
Trd, 000287.633, 176
Trd, 000287.750, 179
Trd, 000288.817, 177
Trd, 000288.900, 189
Trd, 000289.367, 169
Trd, 000289.667, 167
Trd, 000290.017, 167
Trd, 000290.267, 174
Trd, 000291.017, 175
Trd, 000291.700, 175
Trd, 000292.283, 173
Trd, 000292.567, 174
Trd, 000292.667, 175
Trd, 000293.083, 169
Trd, 000293.100, 176
Trd, 000294.833, 174
Trd, 000294.983, 169
Trd, 000295.267, 168
Trd, 000295.433, 167
Trd, 000295.883, 174
Trd, 000296.050, 174
Trd, 000296.200, 166
Trd, 000296.250, 175
Trd, 000296.983, 165
Trd, 000297.850, 163
Trd, 000297.917, 157
Trd, 000298.150, 175
Trd, 000298.383, 176
Trd, 000298.550, 178
Trd, 000298.583, 181
Trd, 000299.217, 181
Trd, 000299.350, 194
Trd, 000299.533, 198
