Trd, 000002.367, 138
Trd, 000003.433, 155
Trd, 000003.933, 148
Trd, 000005.367, 146
Trd, 000005.383, 141
Trd, 000005.650, 139
Trd, 000005.767, 149
Trd, 000006.217, 140
Trd, 000007.017, 147
Trd, 000007.567, 148
Trd, 000007.783, 149
Trd, 000008.183, 145
Trd, 000008.750, 154
Trd, 000009.267, 142
Trd, 000009.933, 139
Trd, 000009.967, 138
Trd, 000010.383, 142
Trd, 000012.283, 144
Trd, 000012.350, 134
Trd, 000013.217, 139
Trd, 000013.283, 141
Trd, 000014.117, 142
Trd, 000015.200, 145
Trd, 000015.867, 145
Trd, 000016.050, 144
Trd, 000016.250, 141
Trd, 000016.600, 139
Trd, 000017.183, 127
Trd, 000017.483, 140
Trd, 000017.867, 146
Trd, 000018.267, 139
Trd, 000018.517, 153
Trd, 000018.617, 154
Trd, 000018.767, 138
Trd, 000019.850, 159
Trd, 000020.750, 141
Trd, 000021.117, 154
Trd, 000021.717, 153
Trd, 000021.800, 151
Trd, 000022.183, 160
Trd, 000022.417, 152
Trd, 000022.600, 139
Trd, 000023.950, 156
Trd, 000025.000, 154
Trd, 000025.100, 153
Trd, 000026.383, 150
Trd, 000026.450, 151
Trd, 000026.567, 150
Trd, 000026.883, 149
Trd, 000026.950, 150
Trd, 000027.183, 157
Trd, 000027.983, 157
Trd, 000028.600, 147
Trd, 000029.317, 150
Trd, 000030.017, 150
Trd, 000030.517, 150
Trd, 000030.700, 150
Trd, 000031.567, 151
Trd, 000032.633, 152
Trd, 000033.633, 149
Trd, 000033.867, 140
Trd, 000035.000, 134
Trd, 000035.250, 147
Trd, 000035.783, 146
Trd, 000036.533, 141
Trd, 000036.917, 142
Trd, 000037.317, 145
Trd, 000037.367, 141
Trd, 000037.683, 147
Trd, 000038.250, 141
Trd, 000038.567, 135
Trd, 000038.867, 135
Trd, 000039.517, 134
Trd, 000040.350, 131
Trd, 000040.717, 135
Trd, 000041.233, 144
Trd, 000041.500, 145
Trd, 000041.883, 152
Trd, 000042.100, 155
Trd, 000043.467, 151
Trd, 000043.817, 157
Trd, 000043.967, 139
Trd, 000044.983, 161
Trd, 000045.267, 141
Trd, 000045.350, 161
Trd, 000046.183, 158
Trd, 000046.250, 143
Trd, 000046.283, 159
Trd, 000047.400, 143
Trd, 000047.500, 155
Trd, 000048.667, 143
Trd, 000050.667, 146
Trd, 000050.983, 146
Trd, 000051.483, 147
Trd, 000051.833, 149
Trd, 000052.300, 150
Trd, 000052.600, 151
Trd, 000054.100, 148
Trd, 000054.150, 147
Trd, 000054.667, 144
Trd, 000055.100, 149
Trd, 000056.450, 150
Trd, 000056.983, 145
Trd, 000057.050, 143
Trd, 000057.667, 147
Trd, 000058.133, 148
Trd, 000058.150, 146
Trd, 000058.967, 146
Trd, 000059.517, 147
Trd, 000060.533, 148
Trd, 000061.350, 151
Trd, 000061.583, 154
Trd, 000062.200, 155
Trd, 000063.383, 151
Trd, 000064.267, 149
Trd, 000064.633, 154
Trd, 000065.100, 154
Trd, 000065.717, 151
Trd, 000066.067, 156
Trd, 000066.350, 151
Trd, 000066.733, 154
Trd, 000066.750, 150
Trd, 000067.133, 155
Trd, 000067.300, 150
Trd, 000067.917, 146
Trd, 000068.217, 147
Trd, 000068.733, 154
Trd, 000068.933, 143
Trd, 000069.500, 158
Trd, 000071.417, 153
Trd, 000071.700, 154
Trd, 000071.933, 151
Trd, 000071.967, 149
Trd, 000072.233, 144
Trd, 000072.750, 154
Trd, 000073.533, 155
Trd, 000074.217, 156
Trd, 000074.267, 147
Trd, 000075.400, 146
Trd, 000075.717, 156
Trd, 000076.983, 154
Trd, 000078.717, 156
Trd, 000079.767, 152
Trd, 000079.867, 156
Trd, 000080.133, 152
Trd, 000080.783, 152
Trd, 000081.133, 155
Trd, 000081.383, 156
Trd, 000081.517, 153
Trd, 000081.550, 157
Trd, 000082.100, 157
Trd, 000082.600, 151
Trd, 000082.900, 158
Trd, 000083.167, 160
Trd, 000083.233, 146
Trd, 000083.550, 162
Trd, 000084.933, 152
Trd, 000085.617, 160
Trd, 000086.383, 158
Trd, 000087.183, 152
Trd, 000088.033, 157
Trd, 000088.083, 151
Trd, 000088.717, 157
Trd, 000088.900, 151
Trd, 000089.100, 158
Trd, 000089.233, 146
Trd, 000089.800, 159
Trd, 000090.117, 160
Trd, 000092.567, 156
Trd, 000093.650, 156
Trd, 000093.950, 157
Trd, 000094.100, 158
Trd, 000094.300, 160
Trd, 000094.700, 158
Trd, 000095.400, 158
Trd, 000095.450, 157
Trd, 000095.583, 146
Trd, 000095.717, 133
Trd, 000096.250, 140
Trd, 000096.883, 147
Trd, 000096.983, 136
Trd, 000097.300, 149
Trd, 000097.800, 149
Trd, 000098.517, 157
Trd, 000098.950, 148
Trd, 000099.183, 148
Trd, 000099.300, 144
Trd, 000099.550, 152
Trd, 000100.750, 137
Trd, 000101.517, 158
Trd, 000103.000, 150
Trd, 000103.133, 155
Trd, 000103.800, 158
Trd, 000105.317, 151
Trd, 000105.533, 151
Trd, 000105.567, 156
Trd, 000105.583, 156
Trd, 000107.600, 151
Trd, 000107.917, 149
Trd, 000108.700, 153
Trd, 000109.400, 149
Trd, 000110.350, 154
Trd, 000110.917, 155
Trd, 000112.100, 152
Trd, 000112.117, 151
Trd, 000112.917, 150
Trd, 000112.933, 153
Trd, 000114.167, 149
Trd, 000114.517, 149
Trd, 000114.567, 151
Trd, 000115.200, 150
Trd, 000115.383, 149
Trd, 000115.550, 155
Trd, 000116.583, 149
Trd, 000117.300, 154
Trd, 000118.683, 153
Trd, 000118.917, 152
Trd, 000119.117, 154
Trd, 000120.667, 151
Trd, 000120.783, 153
Trd, 000121.200, 154
Trd, 000121.400, 151
Trd, 000121.533, 157
Trd, 000123.217, 155
Trd, 000123.283, 152
Trd, 000123.783, 155
Trd, 000124.333, 155
Trd, 000125.300, 154
Trd, 000125.317, 155
Trd, 000125.967, 153
Trd, 000126.250, 155
Trd, 000126.367, 156
Trd, 000126.483, 152
Trd, 000127.083, 150
Trd, 000127.100, 138
Trd, 000127.350, 162
Trd, 000127.650, 150
Trd, 000129.300, 151
Trd, 000129.917, 152
Trd, 000130.550, 154
Trd, 000130.567, 156
Trd, 000131.033, 155
Trd, 000131.350, 156
Trd, 000131.850, 151
Trd, 000132.750, 152
Trd, 000133.300, 151
Trd, 000134.067, 156
Trd, 000135.100, 155
Trd, 000135.750, 156
Trd, 000137.250, 155
Trd, 000137.400, 155
Trd, 000137.450, 158
Trd, 000138.950, 158
Trd, 000141.117, 158
Trd, 000141.300, 157
Trd, 000141.317, 159
Trd, 000141.417, 154
Trd, 000142.683, 158
Trd, 000142.783, 154
Trd, 000143.167, 151
Trd, 000144.600, 159
Trd, 000145.217, 155
Trd, 000146.033, 159
Trd, 000146.250, 159
Trd, 000146.267, 161
Trd, 000146.683, 163
Trd, 000148.133, 161
Trd, 000148.300, 163
Trd, 000149.383, 163
Trd, 000149.717, 164
Trd, 000149.883, 165
Trd, 000151.283, 162
Trd, 000151.783, 161
Trd, 000152.383, 160
Trd, 000152.900, 152
Trd, 000153.683, 155
Trd, 000153.817, 160
Trd, 000153.950, 160
Trd, 000154.333, 152
Trd, 000155.467, 158
Trd, 000156.917, 151
Trd, 000157.967, 154
Trd, 000158.100, 158
Trd, 000158.817, 154
Trd, 000159.167, 155
Trd, 000159.250, 154
Trd, 000159.333, 155
Trd, 000159.700, 155
Trd, 000160.000, 158
Trd, 000160.350, 160
Trd, 000161.167, 160
Trd, 000161.600, 160
Trd, 000162.350, 159
Trd, 000163.067, 161
Trd, 000164.167, 164
Trd, 000164.200, 163
Trd, 000164.283, 167
Trd, 000165.033, 184
Trd, 000165.167, 159
Trd, 000165.483, 170
Trd, 000166.733, 177
Trd, 000167.383, 177
Trd, 000167.733, 177
Trd, 000168.317, 163
Trd, 000168.450, 173
Trd, 000169.267, 175
Trd, 000170.767, 175
Trd, 000170.983, 176
Trd, 000171.467, 175
Trd, 000172.767, 172
Trd, 000173.333, 166
Trd, 000174.483, 168
Trd, 000174.850, 168
Trd, 000174.867, 169
Trd, 000174.983, 167
Trd, 000175.300, 164
Trd, 000175.417, 154
Trd, 000175.783, 168
Trd, 000176.083, 171
Trd, 000176.667, 164
Trd, 000177.883, 168
Trd, 000178.167, 164
Trd, 000179.167, 166
Trd, 000179.983, 167
Trd, 000180.200, 138
Trd, 000180.433, 169
Trd, 000180.533, 170
Trd, 000180.717, 175
Trd, 000181.700, 149
Trd, 000182.333, 160
Trd, 000182.667, 161
Trd, 000182.767, 149
Trd, 000183.800, 149
Trd, 000183.933, 156
Trd, 000184.517, 150
Trd, 000184.533, 151
Trd, 000185.150, 161
Trd, 000186.017, 166
Trd, 000186.167, 172
Trd, 000187.433, 166
Trd, 000188.417, 157
Trd, 000188.683, 166
Trd, 000188.850, 157
Trd, 000190.133, 168
Trd, 000190.367, 163
Trd, 000190.783, 162
Trd, 000191.550, 166
Trd, 000191.717, 165
Trd, 000192.000, 167
Trd, 000192.983, 166
Trd, 000193.217, 165
Trd, 000194.183, 168
Trd, 000194.783, 143
Trd, 000195.050, 150
Trd, 000195.133, 159
Trd, 000195.867, 169
Trd, 000197.067, 168
Trd, 000197.150, 168
Trd, 000197.183, 169
Trd, 000199.767, 164
Trd, 000199.800, 165
Trd, 000200.000, 163
Trd, 000200.883, 163
Trd, 000201.367, 159
Trd, 000201.600, 157
Trd, 000201.767, 157
Trd, 000203.383, 158
Trd, 000203.667, 164
Trd, 000204.717, 167
Trd, 000205.567, 165
Trd, 000205.917, 165
Trd, 000205.950, 164
Trd, 000206.000, 167
Trd, 000206.683, 164
Trd, 000206.767, 162
Trd, 000207.383, 166
Trd, 000207.617, 162
Trd, 000207.650, 167
Trd, 000208.783, 163
Trd, 000209.467, 158
Trd, 000209.800, 159
Trd, 000210.350, 168
Trd, 000211.117, 161
Trd, 000211.400, 167
Trd, 000211.667, 166
Trd, 000212.500, 160
Trd, 000213.300, 165
Trd, 000213.417, 159
Trd, 000214.733, 161
Trd, 000215.650, 165
Trd, 000216.050, 166
Trd, 000217.200, 168
Trd, 000217.933, 168
Trd, 000218.067, 170
Trd, 000218.233, 167
Trd, 000218.433, 164
Trd, 000218.700, 170
Trd, 000219.550, 170
Trd, 000220.083, 168
Trd, 000220.983, 164
Trd, 000221.250, 170
Trd, 000222.550, 165
Trd, 000222.867, 170
Trd, 000224.083, 166
Trd, 000224.600, 166
Trd, 000225.433, 164
Trd, 000225.617, 166
Trd, 000225.733, 170
Trd, 000226.050, 171
Trd, 000227.717, 173
Trd, 000227.867, 169
Trd, 000228.033, 169
Trd, 000228.600, 171
Trd, 000228.933, 169
Trd, 000230.033, 170
Trd, 000230.233, 174
Trd, 000231.567, 172
Trd, 000232.450, 175
Trd, 000232.700, 174
Trd, 000233.317, 174
Trd, 000233.917, 173
Trd, 000234.550, 172
Trd, 000234.967, 173
Trd, 000235.283, 170
Trd, 000235.433, 160
Trd, 000235.900, 168
Trd, 000236.183, 171
Trd, 000236.950, 171
Trd, 000237.200, 172
Trd, 000237.233, 172
Trd, 000238.183, 173
Trd, 000238.967, 173
Trd, 000239.717, 174
Trd, 000239.750, 173
Trd, 000240.183, 174
Trd, 000240.650, 175
Trd, 000241.150, 174
Trd, 000241.517, 171
Trd, 000241.883, 172
Trd, 000242.250, 173
Trd, 000242.350, 176
Trd, 000242.817, 174
Trd, 000243.433, 172
Trd, 000243.950, 171
Trd, 000244.483, 175
Trd, 000245.400, 181
Trd, 000245.617, 180
Trd, 000245.733, 182
Trd, 000245.867, 185
Trd, 000245.983, 176
Trd, 000246.450, 175
Trd, 000247.383, 168
Trd, 000247.600, 168
Trd, 000247.950, 169
Trd, 000248.200, 171
Trd, 000248.650, 175
Trd, 000249.567, 181
Trd, 000249.717, 181
Trd, 000249.767, 180
Trd, 000249.850, 182
Trd, 000250.183, 181
Trd, 000250.817, 175
Trd, 000251.050, 181
Trd, 000251.500, 175
Trd, 000251.650, 181
Trd, 000252.583, 176
Trd, 000253.200, 176
Trd, 000253.233, 175
Trd, 000253.450, 172
Trd, 000254.417, 175
Trd, 000255.083, 172
Trd, 000255.667, 172
Trd, 000256.117, 173
Trd, 000256.600, 175
Trd, 000257.183, 172
Trd, 000258.700, 165
Trd, 000259.183, 167
Trd, 000259.633, 169
Trd, 000259.767, 171
Trd, 000260.233, 169
Trd, 000260.267, 168
Trd, 000260.667, 173
Trd, 000260.683, 174
Trd, 000260.817, 177
Trd, 000261.083, 169
Trd, 000261.833, 172
Trd, 000262.217, 174
Trd, 000262.333, 171
Trd, 000262.383, 178
Trd, 000263.050, 176
Trd, 000264.317, 165
Trd, 000264.933, 165
Trd, 000265.067, 173
Trd, 000265.317, 167
Trd, 000265.817, 168
Trd, 000266.550, 172
Trd, 000266.583, 176
Trd, 000267.133, 178
Trd, 000267.617, 180
Trd, 000267.983, 180
Trd, 000268.133, 185
Trd, 000269.333, 181
Trd, 000269.633, 178
Trd, 000269.850, 180
Trd, 000269.883, 178
Trd, 000270.150, 178
Trd, 000271.283, 178
Trd, 000271.367, 178
Trd, 000271.733, 178
Trd, 000272.067, 176
Trd, 000272.467, 174
Trd, 000273.033, 172
Trd, 000273.483, 168
Trd, 000273.733, 176
Trd, 000273.933, 170
Trd, 000273.950, 166
Trd, 000274.000, 165
Trd, 000274.967, 178
Trd, 000275.217, 185
Trd, 000276.767, 181
Trd, 000277.133, 182
Trd, 000277.467, 180
Trd, 000277.950, 180
Trd, 000278.300, 183
Trd, 000278.417, 183
Trd, 000278.500, 181
Trd, 000279.100, 182
Trd, 000279.800, 181
Trd, 000280.717, 178
Trd, 000280.817, 177
Trd, 000281.133, 179
Trd, 000281.667, 177
Trd, 000282.133, 179
Trd, 000282.350, 176
Trd, 000282.400, 175
Trd, 000282.750, 176
Trd, 000282.967, 177
Trd, 000283.333, 176
Trd, 000283.517, 167
Trd, 000284.133, 174
Trd, 000284.600, 170
Trd, 000284.767, 169
Trd, 000285.183, 165
Trd, 000285.317, 173
Trd, 000285.933, 165
Trd, 000287.183, 168
Trd, 000287.667, 168
Trd, 000287.917, 174
Trd, 000288.000, 175
Trd, 000288.050, 179
Trd, 000288.300, 187
Trd, 000288.667, 194
Trd, 000288.683, 199
Trd, 000289.050, 196
Trd, 000289.400, 181
Trd, 000289.900, 180
Trd, 000290.567, 166
Trd, 000291.067, 167
Trd, 000291.383, 168
Trd, 000291.767, 169
Trd, 000291.917, 177
Trd, 000292.333, 182
Trd, 000292.350, 180
Trd, 000293.167, 174
Trd, 000293.400, 173
Trd, 000293.533, 171
Trd, 000293.633, 180
Trd, 000295.467, 160
Trd, 000295.600, 161
Trd, 000295.750, 170
Trd, 000295.783, 158
Trd, 000295.933, 166
Trd, 000296.150, 177
Trd, 000297.133, 173
Trd, 000299.750, 169
