Trd, 000001.267, 143
Trd, 000001.550, 162
Trd, 000002.000, 141
Trd, 000002.400, 140
Trd, 000003.483, 152
Trd, 000004.217, 138
Trd, 000004.950, 154
Trd, 000005.700, 140
Trd, 000006.250, 146
Trd, 000006.350, 140
Trd, 000006.617, 142
Trd, 000006.800, 142
Trd, 000006.883, 134
Trd, 000007.567, 128
Trd, 000007.967, 133
Trd, 000008.283, 134
Trd, 000008.467, 136
Trd, 000009.500, 139
Trd, 000010.650, 140
Trd, 000011.133, 140
Trd, 000011.567, 142
Trd, 000011.683, 139
Trd, 000012.133, 142
Trd, 000013.133, 140
Trd, 000013.433, 150
Trd, 000014.817, 152
Trd, 000015.200, 142
Trd, 000015.333, 139
Trd, 000015.867, 155
Trd, 000015.933, 156
Trd, 000016.583, 141
Trd, 000018.117, 148
Trd, 000018.283, 143
Trd, 000018.517, 144
Trd, 000020.217, 146
Trd, 000020.300, 149
Trd, 000020.333, 150
Trd, 000021.900, 149
Trd, 000022.117, 149
Trd, 000022.333, 150
Trd, 000022.433, 148
Trd, 000022.467, 148
Trd, 000023.317, 148
Trd, 000023.417, 145
Trd, 000023.767, 150
Trd, 000023.783, 143
Trd, 000024.283, 144
Trd, 000025.900, 143
Trd, 000026.100, 152
Trd, 000026.117, 164
Trd, 000026.717, 136
Trd, 000026.867, 160
Trd, 000028.383, 156
Trd, 000028.617, 156
Trd, 000030.367, 154
Trd, 000030.800, 156
Trd, 000030.817, 155
Trd, 000031.083, 155
Trd, 000031.600, 154
Trd, 000031.933, 157
Trd, 000032.150, 155
Trd, 000032.583, 158
Trd, 000032.983, 155
Trd, 000033.750, 156
Trd, 000034.583, 156
Trd, 000035.717, 155
Trd, 000036.050, 157
Trd, 000036.783, 144
Trd, 000038.083, 157
Trd, 000040.083, 150
Trd, 000040.467, 156
Trd, 000041.200, 155
Trd, 000041.867, 153
Trd, 000042.300, 154
Trd, 000042.917, 155
Trd, 000042.983, 153
Trd, 000043.033, 155
Trd, 000043.333, 147
Trd, 000043.450, 146
Trd, 000044.650, 152
Trd, 000044.983, 145
Trd, 000046.550, 132
Trd, 000046.650, 150
Trd, 000047.233, 139
Trd, 000047.350, 148
Trd, 000048.050, 138
Trd, 000049.117, 141
Trd, 000049.633, 142
Trd, 000049.750, 143
Trd, 000049.967, 143
Trd, 000050.517, 146
Trd, 000051.517, 150
Trd, 000051.750, 154
Trd, 000053.233, 156
Trd, 000053.283, 155
Trd, 000053.450, 160
Trd, 000053.700, 167
Trd, 000054.183, 163
Trd, 000054.900, 162
Trd, 000055.867, 160
Trd, 000055.950, 159
Trd, 000057.633, 158
Trd, 000058.500, 157
Trd, 000058.583, 160
Trd, 000059.567, 158
Trd, 000060.217, 158
Trd, 000060.883, 158
Trd, 000061.467, 155
Trd, 000061.967, 154
Trd, 000062.033, 154
Trd, 000062.617, 152
Trd, 000063.283, 151
Trd, 000063.300, 159
Trd, 000063.450, 140
Trd, 000064.683, 147
Trd, 000065.267, 148
Trd, 000065.633, 156
Trd, 000065.767, 151
Trd, 000065.833, 139
Trd, 000066.850, 160
Trd, 000068.833, 155
Trd, 000069.033, 153
Trd, 000069.367, 153
Trd, 000069.733, 158
Trd, 000069.817, 153
Trd, 000070.867, 154
Trd, 000071.167, 156
Trd, 000072.317, 154
Trd, 000072.483, 153
Trd, 000072.517, 154
Trd, 000072.833, 153
Trd, 000073.883, 153
Trd, 000073.917, 151
Trd, 000074.650, 154
Trd, 000075.333, 154
Trd, 000076.167, 151
Trd, 000076.850, 169
Trd, 000077.833, 168
Trd, 000077.900, 167
Trd, 000078.000, 170
Trd, 000078.583, 154
Trd, 000078.967, 151
Trd, 000079.850, 153
Trd, 000079.967, 149
Trd, 000080.000, 163
Trd, 000080.267, 164
Trd, 000082.383, 160
Trd, 000082.883, 157
Trd, 000083.350, 157
Trd, 000083.650, 159
Trd, 000084.183, 156
Trd, 000084.550, 163
Trd, 000084.817, 154
Trd, 000087.033, 166
Trd, 000087.583, 160
Trd, 000088.917, 160
Trd, 000089.267, 160
Trd, 000089.700, 162
Trd, 000089.800, 151
Trd, 000090.700, 159
Trd, 000092.133, 157
Trd, 000092.683, 157
Trd, 000092.700, 158
Trd, 000093.400, 155
Trd, 000093.767, 152
Trd, 000094.367, 150
Trd, 000094.600, 152
Trd, 000095.083, 155
Trd, 000095.733, 154
Trd, 000096.150, 152
Trd, 000096.733, 153
Trd, 000098.433, 155
Trd, 000098.933, 155
Trd, 000099.233, 153
Trd, 000099.983, 157
Trd, 000100.000, 159
Trd, 000100.250, 161
Trd, 000101.600, 156
Trd, 000101.867, 158
Trd, 000102.617, 156
Trd, 000102.733, 155
Trd, 000103.483, 157
Trd, 000103.867, 157
Trd, 000104.400, 156
Trd, 000104.550, 157
Trd, 000104.817, 154
Trd, 000105.967, 156
Trd, 000106.800, 157
Trd, 000107.383, 153
Trd, 000108.150, 158
Trd, 000108.983, 155
Trd, 000109.967, 154
Trd, 000110.067, 152
Trd, 000110.183, 155
Trd, 000110.467, 152
Trd, 000111.183, 160
Trd, 000111.317, 139
Trd, 000111.733, 162
Trd, 000112.067, 173
Trd, 000112.500, 168
Trd, 000112.717, 176
Trd, 000112.733, 150
Trd, 000114.667, 160
Trd, 000114.933, 159
Trd, 000115.433, 160
Trd, 000116.100, 160
Trd, 000116.150, 161
Trd, 000116.250, 159
Trd, 000116.283, 159
Trd, 000116.483, 158
Trd, 000116.833, 152
Trd, 000117.400, 161
Trd, 000117.433, 162
Trd, 000119.100, 148
Trd, 000119.317, 147
Trd, 000119.717, 153
Trd, 000120.083, 158
Trd, 000120.700, 158
Trd, 000121.317, 159
Trd, 000121.367, 155
Trd, 000122.367, 155
Trd, 000122.517, 157
Trd, 000122.617, 158
Trd, 000124.650, 157
Trd, 000124.950, 156
Trd, 000125.067, 155
Trd, 000125.617, 155
Trd, 000125.700, 154
Trd, 000125.767, 154
Trd, 000127.650, 163
Trd, 000128.317, 163
Trd, 000128.683, 164
Trd, 000128.867, 162
Trd, 000129.450, 159
Trd, 000129.967, 158
Trd, 000130.033, 166
Trd, 000131.167, 163
Trd, 000131.767, 160
Trd, 000131.783, 147
Trd, 000132.317, 154
Trd, 000132.533, 162
Trd, 000132.700, 149
Trd, 000134.517, 164
Trd, 000134.600, 165
Trd, 000134.650, 150
Trd, 000136.083, 160
Trd, 000136.833, 162
Trd, 000137.167, 166
Trd, 000137.383, 167
Trd, 000137.583, 168
Trd, 000138.800, 163
Trd, 000139.700, 168
Trd, 000139.850, 165
Trd, 000139.967, 170
Trd, 000140.117, 162
Trd, 000140.433, 149
Trd, 000142.800, 162
Trd, 000142.983, 160
Trd, 000144.150, 158
Trd, 000144.217, 157
Trd, 000144.867, 165
Trd, 000145.850, 161
Trd, 000147.533, 163
Trd, 000147.933, 164
Trd, 000148.317, 159
Trd, 000148.450, 157
Trd, 000149.317, 158
Trd, 000150.133, 158
Trd, 000151.383, 157
Trd, 000151.417, 161
Trd, 000152.450, 160
Trd, 000153.350, 166
Trd, 000154.067, 164
Trd, 000154.100, 168
Trd, 000154.383, 171
Trd, 000154.600, 164
Trd, 000156.417, 164
Trd, 000156.567, 168
Trd, 000157.217, 170
Trd, 000157.267, 165
Trd, 000157.933, 164
Trd, 000159.617, 164
Trd, 000159.650, 170
Trd, 000160.083, 171
Trd, 000160.933, 166
Trd, 000161.200, 167
Trd, 000162.267, 166
Trd, 000162.383, 167
Trd, 000162.817, 167
Trd, 000163.750, 166
Trd, 000163.833, 170
Trd, 000165.150, 169
Trd, 000165.567, 167
Trd, 000165.583, 157
Trd, 000165.683, 150
Trd, 000166.383, 154
Trd, 000167.900, 160
Trd, 000167.933, 160
Trd, 000168.617, 162
Trd, 000168.700, 162
Trd, 000169.650, 168
Trd, 000170.150, 159
Trd, 000171.267, 160
Trd, 000171.350, 163
Trd, 000171.683, 162
Trd, 000173.067, 162
Trd, 000173.317, 162
Trd, 000173.717, 163
Trd, 000174.483, 164
Trd, 000174.783, 162
Trd, 000176.067, 159
Trd, 000176.800, 167
Trd, 000177.700, 161
Trd, 000178.433, 161
Trd, 000178.700, 159
Trd, 000179.017, 163
Trd, 000179.483, 160
Trd, 000180.233, 159
Trd, 000181.033, 160
Trd, 000181.783, 160
Trd, 000182.417, 158
Trd, 000182.833, 159
Trd, 000182.917, 166
Trd, 000185.133, 166
Trd, 000185.900, 165
Trd, 000186.833, 164
Trd, 000187.100, 165
Trd, 000187.333, 164
Trd, 000188.433, 166
Trd, 000188.717, 164
Trd, 000189.583, 164
Trd, 000190.200, 166
Trd, 000191.117, 168
Trd, 000191.133, 166
Trd, 000192.367, 166
Trd, 000192.950, 169
Trd, 000193.350, 169
Trd, 000195.017, 168
Trd, 000195.133, 168
Trd, 000195.200, 167
Trd, 000196.100, 167
Trd, 000196.167, 166
Trd, 000196.200, 167
Trd, 000196.400, 163
Trd, 000197.233, 169
Trd, 000198.467, 169
Trd, 000198.933, 171
Trd, 000199.233, 172
Trd, 000199.300, 167
Trd, 000199.633, 171
Trd, 000200.000, 166
Trd, 000201.600, 168
Trd, 000201.950, 168
Trd, 000203.300, 167
Trd, 000204.083, 168
Trd, 000205.100, 169
Trd, 000205.550, 165
Trd, 000205.667, 172
Trd, 000206.083, 167
Trd, 000206.350, 167
Trd, 000207.950, 163
Trd, 000208.300, 165
Trd, 000209.100, 166
Trd, 000209.217, 165
Trd, 000209.683, 172
Trd, 000209.767, 176
Trd, 000211.083, 165
Trd, 000211.267, 173
Trd, 000212.933, 166
Trd, 000213.117, 165
Trd, 000213.233, 171
Trd, 000214.817, 169
Trd, 000215.117, 163
Trd, 000216.150, 166
Trd, 000216.450, 165
Trd, 000216.817, 166
Trd, 000216.933, 163
Trd, 000217.100, 166
Trd, 000217.817, 165
Trd, 000218.233, 164
Trd, 000218.267, 165
Trd, 000219.500, 165
Trd, 000219.633, 175
Trd, 000219.850, 164
Trd, 000221.350, 174
Trd, 000223.333, 167
Trd, 000224.117, 164
Trd, 000224.350, 167
Trd, 000225.300, 163
Trd, 000225.617, 163
Trd, 000225.667, 164
Trd, 000225.883, 163
Trd, 000226.033, 162
Trd, 000226.100, 164
Trd, 000228.033, 165
Trd, 000228.533, 167
Trd, 000228.817, 167
Trd, 000229.150, 174
Trd, 000229.950, 174
Trd, 000230.283, 175
Trd, 000231.250, 178
Trd, 000231.733, 168
Trd, 000232.067, 177
Trd, 000232.350, 167
Trd, 000233.850, 179
Trd, 000234.817, 169
Trd, 000235.533, 170
Trd, 000236.550, 172
Trd, 000237.100, 172
Trd, 000237.150, 173
Trd, 000237.583, 169
Trd, 000237.950, 168
Trd, 000238.667, 167
Trd, 000239.783, 169
Trd, 000239.833, 169
Trd, 000240.100, 167
Trd, 000240.317, 169
Trd, 000240.583, 179
Trd, 000241.450, 169
Trd, 000241.500, 170
Trd, 000241.700, 171
Trd, 000242.267, 172
Trd, 000242.367, 174
Trd, 000242.633, 168
Trd, 000244.250, 175
Trd, 000244.583, 174
Trd, 000245.350, 177
Trd, 000245.850, 176
Trd, 000246.100, 180
Trd, 000246.517, 176
Trd, 000246.783, 175
Trd, 000246.967, 174
Trd, 000247.383, 179
Trd, 000247.433, 177
Trd, 000247.733, 181
Trd, 000249.333, 177
Trd, 000249.433, 177
Trd, 000249.483, 176
Trd, 000250.417, 177
Trd, 000250.867, 176
Trd, 000250.900, 175
Trd, 000251.433, 177
Trd, 000251.583, 176
Trd, 000251.650, 177
Trd, 000252.300, 175
Trd, 000253.200, 173
Trd, 000253.267, 174
Trd, 000253.283, 173
Trd, 000253.550, 176
Trd, 000254.767, 174
Trd, 000255.467, 176
Trd, 000255.550, 176
Trd, 000255.633, 180
Trd, 000256.550, 174
Trd, 000256.717, 173
Trd, 000256.850, 178
Trd, 000257.300, 174
Trd, 000257.433, 172
Trd, 000259.650, 175
Trd, 000259.800, 174
Trd, 000259.967, 173
Trd, 000260.817, 175
Trd, 000261.333, 175
Trd, 000261.383, 174
Trd, 000261.533, 177
Trd, 000261.567, 172
Trd, 000262.333, 171
Trd, 000262.983, 177
Trd, 000263.017, 171
Trd, 000263.483, 177
Trd, 000263.933, 171
Trd, 000264.233, 170
Trd, 000264.667, 174
Trd, 000265.450, 170
Trd, 000266.317, 174
Trd, 000266.667, 176
Trd, 000266.967, 178
Trd, 000267.167, 178
Trd, 000267.817, 178
Trd, 000269.117, 178
Trd, 000269.300, 176
Trd, 000269.900, 179
Trd, 000270.117, 179
Trd, 000270.583, 175
Trd, 000270.967, 173
Trd, 000271.517, 174
Trd, 000271.983, 171
Trd, 000272.783, 175
Trd, 000273.067, 174
Trd, 000273.083, 171
Trd, 000273.117, 175
Trd, 000274.100, 172
Trd, 000274.617, 172
Trd, 000275.333, 177
Trd, 000275.633, 178
Trd, 000276.500, 178
Trd, 000276.750, 176
Trd, 000277.483, 172
Trd, 000277.783, 172
Trd, 000277.833, 178
Trd, 000278.633, 171
Trd, 000279.250, 178
Trd, 000279.283, 189
Trd, 000279.750, 183
Trd, 000279.950, 183
Trd, 000279.983, 182
Trd, 000280.350, 184
Trd, 000280.483, 182
Trd, 000280.583, 184
Trd, 000280.667, 182
Trd, 000280.683, 161
Trd, 000282.367, 176
Trd, 000282.500, 190
Trd, 000283.267, 193
Trd, 000284.233, 185
Trd, 000284.250, 184
Trd, 000284.400, 186
Trd, 000284.967, 184
Trd, 000285.000, 183
Trd, 000285.667, 180
Trd, 000287.033, 182
Trd, 000287.467, 181
Trd, 000287.600, 180
Trd, 000287.950, 177
Trd, 000288.600, 180
Trd, 000289.000, 180
Trd, 000289.383, 179
Trd, 000290.017, 177
Trd, 000290.317, 177
Trd, 000290.400, 177
Trd, 000290.483, 176
Trd, 000290.767, 176
Trd, 000290.800, 180
Trd, 000291.317, 172
Trd, 000292.600, 173
Trd, 000293.350, 171
Trd, 000293.867, 175
Trd, 000294.183, 175
Trd, 000295.083, 171
Trd, 000295.250, 175
Trd, 000296.100, 171
Trd, 000296.117, 171
Trd, 000296.767, 172
Trd, 000297.233, 172
Trd, 000297.283, 173
Trd, 000298.017, 170
Trd, 000298.033, 171
Trd, 000298.183, 181
Trd, 000299.867, 179
