Trd, 000001.333, 130
Trd, 000002.783, 133
Trd, 000003.283, 133
Trd, 000003.800, 135
Trd, 000003.933, 136
Trd, 000004.033, 137
Trd, 000004.083, 162
Trd, 000004.783, 165
Trd, 000005.300, 134
Trd, 000007.033, 164
Trd, 000007.283, 163
Trd, 000007.867, 164
Trd, 000008.283, 165
Trd, 000010.200, 160
Trd, 000010.317, 156
Trd, 000011.033, 152
Trd, 000011.417, 152
Trd, 000011.967, 151
Trd, 000011.983, 155
Trd, 000012.800, 142
Trd, 000012.917, 154
Trd, 000013.150, 155
Trd, 000014.683, 154
Trd, 000015.050, 160
Trd, 000015.100, 153
Trd, 000016.550, 152
Trd, 000017.417, 149
Trd, 000017.467, 155
Trd, 000017.583, 156
Trd, 000017.950, 164
Trd, 000018.050, 157
Trd, 000018.100, 168
Trd, 000019.350, 154
Trd, 000019.383, 153
Trd, 000019.483, 146
Trd, 000021.717, 160
Trd, 000021.900, 161
Trd, 000021.917, 163
Trd, 000021.983, 164
Trd, 000023.033, 164
Trd, 000023.050, 155
Trd, 000023.250, 153
Trd, 000023.267, 142
Trd, 000023.750, 139
Trd, 000024.517, 168
Trd, 000025.883, 159
Trd, 000027.617, 160
Trd, 000028.067, 166
Trd, 000029.083, 162
Trd, 000029.600, 162
Trd, 000029.617, 163
Trd, 000029.733, 165
Trd, 000029.967, 161
Trd, 000030.233, 154
Trd, 000030.283, 164
Trd, 000030.583, 165
Trd, 000030.817, 147
Trd, 000031.133, 158
Trd, 000031.350, 166
Trd, 000031.700, 159
Trd, 000033.667, 165
Trd, 000034.100, 154
Trd, 000034.150, 167
Trd, 000034.250, 184
Trd, 000034.317, 132
Trd, 000034.967, 150
Trd, 000035.517, 174
Trd, 000036.217, 166
Trd, 000037.367, 162
Trd, 000037.383, 160
Trd, 000037.600, 161
Trd, 000037.617, 159
Trd, 000037.983, 159
Trd, 000038.117, 155
Trd, 000039.067, 160
Trd, 000039.883, 161
Trd, 000040.267, 160
Trd, 000040.433, 148
Trd, 000040.817, 161
Trd, 000041.467, 155
Trd, 000041.567, 166
Trd, 000041.617, 143
Trd, 000042.950, 161
Trd, 000043.983, 169
Trd, 000044.167, 170
Trd, 000044.233, 172
Trd, 000044.333, 168
Trd, 000044.633, 166
Trd, 000044.717, 159
Trd, 000044.800, 172
Trd, 000045.133, 150
Trd, 000047.317, 158
Trd, 000047.817, 158
Trd, 000047.867, 157
Trd, 000048.100, 156
Trd, 000048.233, 158
Trd, 000048.583, 163
Trd, 000048.817, 167
Trd, 000048.883, 150
Trd, 000049.567, 148
Trd, 000050.383, 142
Trd, 000051.383, 143
Trd, 000051.483, 147
Trd, 000051.767, 144
Trd, 000052.250, 148
Trd, 000053.050, 149
Trd, 000054.300, 150
Trd, 000054.850, 150
Trd, 000054.900, 149
Trd, 000055.200, 166
Trd, 000057.067, 186
Trd, 000057.150, 173
Trd, 000057.367, 164
Trd, 000058.433, 163
Trd, 000058.500, 161
Trd, 000060.483, 164
Trd, 000060.617, 162
Trd, 000060.933, 157
Trd, 000060.967, 150
Trd, 000061.167, 149
Trd, 000061.483, 163
Trd, 000061.583, 164
Trd, 000062.033, 166
Trd, 000062.217, 143
Trd, 000064.183, 152
Trd, 000065.133, 154
Trd, 000065.267, 152
Trd, 000065.600, 151
Trd, 000065.650, 155
Trd, 000065.667, 155
Trd, 000066.483, 157
Trd, 000066.833, 169
Trd, 000067.317, 150
Trd, 000068.600, 162
Trd, 000069.283, 163
Trd, 000069.367, 175
Trd, 000070.317, 165
Trd, 000070.467, 160
Trd, 000071.567, 159
Trd, 000072.400, 178
Trd, 000072.767, 178
Trd, 000073.067, 175
Trd, 000073.417, 159
Trd, 000074.283, 173
Trd, 000074.533, 158
Trd, 000074.900, 165
Trd, 000075.183, 144
Trd, 000075.933, 162
Trd, 000076.267, 167
Trd, 000077.617, 165
Trd, 000078.517, 160
Trd, 000078.900, 159
Trd, 000079.383, 161
Trd, 000079.433, 162
Trd, 000079.650, 164
Trd, 000079.700, 163
Trd, 000079.917, 166
Trd, 000080.250, 166
Trd, 000081.750, 149
Trd, 000081.867, 154
Trd, 000082.333, 162
Trd, 000082.633, 159
Trd, 000082.767, 165
Trd, 000083.650, 166
Trd, 000084.383, 166
Trd, 000084.683, 173
Trd, 000084.700, 152
Trd, 000086.017, 153
Trd, 000086.150, 152
Trd, 000086.950, 158
Trd, 000087.850, 154
Trd, 000088.550, 164
Trd, 000088.633, 172
Trd, 000088.750, 157
Trd, 000089.033, 156
Trd, 000089.733, 191
Trd, 000090.150, 160
Trd, 000090.917, 165
Trd, 000091.550, 158
Trd, 000092.200, 160
Trd, 000092.250, 159
Trd, 000092.350, 167
Trd, 000093.933, 165
Trd, 000094.667, 160
Trd, 000095.017, 142
Trd, 000095.167, 155
Trd, 000095.367, 139
Trd, 000095.517, 163
Trd, 000096.650, 162
Trd, 000097.733, 169
Trd, 000098.533, 171
Trd, 000099.483, 167
Trd, 000099.517, 166
Trd, 000099.783, 165
Trd, 000099.833, 161
Trd, 000100.400, 156
Trd, 000100.767, 168
Trd, 000101.017, 169
Trd, 000101.667, 164
Trd, 000101.783, 169
Trd, 000103.000, 164
Trd, 000103.467, 169
Trd, 000103.583, 164
Trd, 000104.533, 164
Trd, 000105.133, 165
Trd, 000105.250, 166
Trd, 000105.733, 170
Trd, 000105.950, 172
Trd, 000106.133, 166
Trd, 000106.350, 165
Trd, 000106.383, 167
Trd, 000106.400, 161
Trd, 000109.083, 166
Trd, 000109.717, 163
Trd, 000109.983, 150
Trd, 000110.950, 154
Trd, 000111.000, 153
Trd, 000111.033, 155
Trd, 000111.083, 164
Trd, 000111.783, 170
Trd, 000112.350, 162
Trd, 000113.083, 177
Trd, 000114.717, 165
Trd, 000115.000, 166
Trd, 000115.117, 155
Trd, 000115.350, 174
Trd, 000116.933, 175
Trd, 000117.233, 193
Trd, 000117.433, 175
Trd, 000117.600, 195
Trd, 000118.900, 174
Trd, 000119.600, 174
Trd, 000119.783, 173
Trd, 000120.133, 175
Trd, 000120.267, 176
Trd, 000121.133, 169
Trd, 000122.300, 168
Trd, 000122.800, 174
Trd, 000123.000, 168
Trd, 000123.367, 167
Trd, 000123.967, 163
Trd, 000123.983, 171
Trd, 000124.650, 149
Trd, 000125.317, 160
Trd, 000126.067, 172
Trd, 000126.300, 172
Trd, 000126.700, 170
Trd, 000127.033, 171
Trd, 000127.250, 173
Trd, 000127.700, 172
Trd, 000128.333, 168
Trd, 000128.350, 176
Trd, 000128.467, 164
Trd, 000129.000, 155
Trd, 000129.683, 170
Trd, 000129.817, 172
Trd, 000130.200, 167
Trd, 000131.383, 168
Trd, 000131.933, 172
Trd, 000132.833, 170
Trd, 000133.683, 171
Trd, 000134.250, 173
Trd, 000134.367, 171
Trd, 000134.683, 168
Trd, 000135.733, 166
Trd, 000135.800, 164
Trd, 000136.583, 166
Trd, 000136.617, 167
Trd, 000138.317, 166
Trd, 000138.433, 158
Trd, 000138.717, 165
Trd, 000138.900, 159
Trd, 000139.133, 171
Trd, 000139.233, 175
Trd, 000139.917, 165
Trd, 000141.417, 167
Trd, 000141.617, 167
Trd, 000142.267, 169
Trd, 000144.050, 170
Trd, 000145.100, 169
Trd, 000145.317, 172
Trd, 000145.517, 176
Trd, 000145.750, 174
Trd, 000145.950, 165
Trd, 000146.767, 167
Trd, 000147.800, 167
Trd, 000147.983, 166
Trd, 000148.117, 153
Trd, 000149.183, 170
Trd, 000149.700, 169
Trd, 000149.817, 170
Trd, 000150.167, 170
Trd, 000150.250, 152
Trd, 000150.900, 171
Trd, 000151.000, 144
Trd, 000152.217, 175
Trd, 000152.833, 168
Trd, 000153.967, 177
Trd, 000154.967, 177
Trd, 000155.133, 176
Trd, 000155.883, 177
Trd, 000155.917, 183
Trd, 000156.000, 170
Trd, 000156.150, 197
Trd, 000157.567, 188
Trd, 000159.317, 183
Trd, 000159.533, 174
Trd, 000159.667, 170
Trd, 000159.683, 181
Trd, 000159.700, 182
Trd, 000160.317, 166
Trd, 000160.433, 164
Trd, 000161.217, 167
Trd, 000161.617, 172
Trd, 000162.400, 171
Trd, 000162.667, 176
Trd, 000162.850, 178
Trd, 000164.133, 180
Trd, 000164.717, 171
Trd, 000165.233, 173
Trd, 000166.017, 174
Trd, 000166.867, 174
Trd, 000167.383, 173
Trd, 000168.017, 172
Trd, 000168.117, 161
Trd, 000168.833, 169
Trd, 000170.300, 178
Trd, 000170.767, 172
Trd, 000171.000, 171
Trd, 000171.050, 185
Trd, 000172.267, 177
Trd, 000172.733, 179
Trd, 000172.900, 179
Trd, 000173.250, 183
Trd, 000173.667, 171
Trd, 000174.150, 181
Trd, 000174.267, 168
Trd, 000174.567, 183
Trd, 000175.883, 150
Trd, 000176.150, 150
Trd, 000176.883, 155
Trd, 000177.433, 154
Trd, 000178.117, 153
Trd, 000178.167, 155
Trd, 000179.467, 169
Trd, 000179.633, 157
Trd, 000179.733, 150
Trd, 000180.633, 176
Trd, 000180.817, 180
Trd, 000183.183, 173
Trd, 000183.417, 176
Trd, 000183.433, 173
Trd, 000183.600, 176
Trd, 000184.133, 173
Trd, 000186.550, 179
Trd, 000186.583, 175
Trd, 000186.683, 180
Trd, 000186.750, 162
Trd, 000187.450, 181
Trd, 000188.650, 177
Trd, 000189.000, 175
Trd, 000190.500, 175
Trd, 000190.683, 174
Trd, 000191.167, 172
Trd, 000191.250, 163
Trd, 000191.283, 156
Trd, 000192.233, 174
Trd, 000192.683, 174
Trd, 000192.800, 156
Trd, 000193.333, 176
Trd, 000194.217, 175
Trd, 000194.483, 174
Trd, 000194.917, 187
Trd, 000195.433, 188
Trd, 000195.817, 187
Trd, 000195.850, 184
Trd, 000197.967, 174
Trd, 000198.400, 170
Trd, 000199.800, 171
Trd, 000200.383, 173
Trd, 000200.417, 176
Trd, 000200.583, 172
Trd, 000200.667, 174
Trd, 000201.183, 172
Trd, 000201.233, 179
Trd, 000201.717, 181
Trd, 000202.150, 188
Trd, 000202.350, 164
Trd, 000202.733, 157
Trd, 000203.550, 188
Trd, 000203.950, 185
Trd, 000204.400, 197
Trd, 000204.833, 172
Trd, 000205.483, 175
Trd, 000206.617, 180
Trd, 000208.017, 174
Trd, 000209.150, 174
Trd, 000209.400, 172
Trd, 000209.900, 172
Trd, 000210.133, 171
Trd, 000210.417, 178
Trd, 000210.467, 177
Trd, 000211.067, 185
Trd, 000211.417, 184
Trd, 000211.650, 176
Trd, 000212.533, 174
Trd, 000212.717, 165
Trd, 000212.833, 174
Trd, 000213.250, 174
Trd, 000213.633, 175
Trd, 000214.783, 173
Trd, 000215.267, 175
Trd, 000215.283, 180
Trd, 000215.367, 182
Trd, 000216.517, 186
Trd, 000216.700, 189
Trd, 000216.883, 173
Trd, 000216.917, 172
Trd, 000217.700, 159
Trd, 000220.117, 178
Trd, 000221.267, 178
Trd, 000221.367, 180
Trd, 000221.400, 177
Trd, 000221.783, 179
Trd, 000221.950, 181
Trd, 000222.283, 178
Trd, 000222.417, 176
Trd, 000222.783, 184
Trd, 000223.583, 176
Trd, 000224.567, 173
Trd, 000226.017, 171
Trd, 000226.717, 171
Trd, 000226.767, 172
Trd, 000227.400, 174
Trd, 000228.100, 160
Trd, 000228.550, 180
Trd, 000229.783, 179
Trd, 000230.167, 180
Trd, 000230.383, 185
Trd, 000230.700, 178
Trd, 000230.900, 177
Trd, 000230.917, 176
Trd, 000232.117, 180
Trd, 000232.350, 180
Trd, 000232.600, 181
Trd, 000232.833, 181
Trd, 000233.200, 180
Trd, 000233.533, 178
Trd, 000234.233, 174
Trd, 000234.850, 156
Trd, 000235.233, 180
Trd, 000236.383, 179
Trd, 000237.033, 178
Trd, 000237.483, 180
Trd, 000237.917, 175
Trd, 000238.167, 175
Trd, 000238.833, 161
Trd, 000239.333, 161
Trd, 000239.350, 192
Trd, 000239.800, 188
Trd, 000240.400, 189
Trd, 000240.900, 185
Trd, 000241.200, 179
Trd, 000241.950, 181
Trd, 000242.333, 180
Trd, 000242.417, 179
Trd, 000242.500, 180
Trd, 000242.717, 178
Trd, 000242.950, 171
Trd, 000243.133, 176
Trd, 000244.050, 158
Trd, 000244.667, 173
Trd, 000245.067, 175
Trd, 000245.967, 174
Trd, 000246.033, 175
Trd, 000246.667, 175
Trd, 000246.783, 172
Trd, 000247.183, 180
Trd, 000247.483, 183
Trd, 000248.200, 175
Trd, 000248.367, 180
Trd, 000249.450, 174
Trd, 000249.667, 177
Trd, 000249.833, 176
Trd, 000250.333, 177
Trd, 000250.467, 181
Trd, 000250.617, 179
Trd, 000251.067, 179
Trd, 000251.350, 179
Trd, 000251.417, 180
Trd, 000251.500, 177
Trd, 000251.650, 180
Trd, 000252.117, 176
Trd, 000252.633, 177
Trd, 000253.367, 180
Trd, 000254.533, 162
Trd, 000254.617, 169
Trd, 000254.800, 180
Trd, 000255.367, 162
Trd, 000255.583, 178
Trd, 000255.900, 180
Trd, 000256.467, 183
Trd, 000256.783, 181
Trd, 000256.967, 184
Trd, 000258.500, 182
Trd, 000258.750, 183
Trd, 000258.767, 181
Trd, 000258.833, 163
Trd, 000259.200, 181
Trd, 000259.283, 177
Trd, 000259.317, 185
Trd, 000259.933, 183
Trd, 000260.800, 187
Trd, 000261.267, 182
Trd, 000261.467, 182
Trd, 000261.733, 181
Trd, 000261.767, 170
Trd, 000262.167, 178
Trd, 000262.683, 180
Trd, 000262.700, 177
Trd, 000263.267, 186
Trd, 000263.283, 185
Trd, 000264.667, 170
Trd, 000264.833, 173
Trd, 000265.067, 172
Trd, 000265.217, 173
Trd, 000266.083, 176
Trd, 000266.333, 177
Trd, 000266.400, 182
Trd, 000266.850, 185
Trd, 000266.950, 184
Trd, 000267.033, 188
Trd, 000267.650, 186
Trd, 000267.783, 184
Trd, 000268.150, 184
Trd, 000268.650, 184
Trd, 000269.300, 183
Trd, 000269.633, 178
Trd, 000270.217, 183
Trd, 000270.400, 184
Trd, 000271.017, 187
Trd, 000271.050, 183
Trd, 000271.167, 185
Trd, 000271.500, 171
Trd, 000272.300, 177
Trd, 000272.333, 164
Trd, 000272.600, 172
Trd, 000273.167, 166
Trd, 000273.783, 173
Trd, 000273.933, 189
Trd, 000274.367, 183
Trd, 000274.383, 192
Trd, 000274.983, 195
Trd, 000275.050, 192
Trd, 000275.517, 187
Trd, 000275.850, 186
Trd, 000276.350, 186
Trd, 000276.367, 185
Trd, 000276.733, 179
Trd, 000277.333, 169
Trd, 000277.383, 165
Trd, 000277.500, 161
Trd, 000277.600, 167
Trd, 000277.967, 166
Trd, 000278.467, 158
Trd, 000278.533, 158
Trd, 000278.933, 155
Trd, 000279.183, 164
Trd, 000279.400, 165
Trd, 000279.683, 169
Trd, 000280.483, 155
Trd, 000280.583, 179
Trd, 000281.167, 180
Trd, 000281.283, 183
Trd, 000281.667, 190
Trd, 000281.917, 182
Trd, 000282.300, 190
Trd, 000282.483, 185
Trd, 000282.667, 185
Trd, 000283.500, 184
Trd, 000283.800, 183
Trd, 000284.183, 166
Trd, 000284.500, 189
Trd, 000284.767, 175
Trd, 000285.117, 172
Trd, 000285.367, 189
Trd, 000285.583, 190
Trd, 000285.617, 165
Trd, 000286.200, 186
Trd, 000286.217, 193
Trd, 000286.650, 194
Trd, 000286.700, 184
Trd, 000287.483, 180
Trd, 000288.267, 160
Trd, 000288.367, 171
Trd, 000288.767, 170
Trd, 000289.033, 179
Trd, 000289.183, 180
Trd, 000289.417, 182
Trd, 000290.283, 167
Trd, 000290.567, 169
Trd, 000290.950, 169
Trd, 000291.033, 168
Trd, 000291.383, 181
Trd, 000291.533, 166
Trd, 000291.617, 181
Trd, 000292.317, 173
Trd, 000292.450, 184
Trd, 000292.700, 174
Trd, 000292.850, 176
Trd, 000293.017, 187
Trd, 000293.233, 164
Trd, 000293.800, 184
Trd, 000294.467, 185
Trd, 000294.700, 185
Trd, 000295.100, 185
Trd, 000295.717, 181
Trd, 000295.967, 186
Trd, 000297.400, 188
Trd, 000297.450, 184
Trd, 000297.517, 183
Trd, 000297.533, 191
Trd, 000298.850, 182
Trd, 000298.933, 193
Trd, 000299.067, 194
Trd, 000299.500, 198
Trd, 000299.700, 182
