Trd, 000001.817, 200
Trd, 000004.383, 146
Trd, 000004.417, 147
Trd, 000004.650, 145
Trd, 000004.767, 150
Trd, 000004.983, 151
Trd, 000005.200, 148
Trd, 000005.450, 150
Trd, 000005.750, 146
Trd, 000006.133, 150
Trd, 000006.167, 151
Trd, 000006.583, 151
Trd, 000008.233, 150
Trd, 000009.317, 149
Trd, 000009.417, 149
Trd, 000009.717, 150
Trd, 000010.183, 149
Trd, 000010.233, 148
Trd, 000011.467, 148
Trd, 000012.250, 150
Trd, 000012.617, 151
Trd, 000013.133, 146
Trd, 000013.333, 152
Trd, 000013.583, 153
Trd, 000013.983, 152
Trd, 000014.233, 167
Trd, 000014.667, 156
Trd, 000017.283, 160
Trd, 000017.550, 157
Trd, 000018.600, 157
Trd, 000018.750, 155
Trd, 000019.033, 154
Trd, 000019.050, 153
Trd, 000019.167, 157
Trd, 000020.833, 155
Trd, 000021.183, 155
Trd, 000021.300, 155
Trd, 000021.483, 156
Trd, 000023.117, 149
Trd, 000023.550, 145
Trd, 000023.667, 153
Trd, 000024.283, 152
Trd, 000024.467, 151
Trd, 000024.700, 147
Trd, 000025.150, 151
Trd, 000025.200, 147
Trd, 000026.750, 152
Trd, 000027.350, 146
Trd, 000027.417, 153
Trd, 000028.067, 153
Trd, 000028.750, 146
Trd, 000029.183, 147
Trd, 000029.683, 146
Trd, 000029.783, 147
Trd, 000030.267, 147
Trd, 000030.700, 146
Trd, 000031.067, 147
Trd, 000031.267, 147
Trd, 000031.483, 148
Trd, 000031.600, 145
Trd, 000032.050, 145
Trd, 000032.483, 149
Trd, 000033.183, 153
Trd, 000033.533, 154
Trd, 000034.600, 154
Trd, 000035.467, 157
Trd, 000036.333, 157
Trd, 000036.833, 154
Trd, 000037.483, 156
Trd, 000038.250, 154
Trd, 000038.667, 156
Trd, 000039.417, 153
Trd, 000039.450, 152
Trd, 000039.733, 155
Trd, 000040.017, 153
Trd, 000040.383, 155
Trd, 000041.217, 154
Trd, 000041.900, 152
Trd, 000042.267, 155
Trd, 000043.033, 156
Trd, 000043.450, 156
Trd, 000043.600, 154
Trd, 000043.617, 151
Trd, 000044.683, 151
Trd, 000045.417, 155
Trd, 000046.633, 151
Trd, 000046.900, 152
Trd, 000047.067, 152
Trd, 000047.100, 150
Trd, 000047.217, 155
Trd, 000047.850, 157
Trd, 000050.333, 162
Trd, 000050.517, 162
Trd, 000050.633, 156
Trd, 000050.717, 163
Trd, 000051.200, 156
Trd, 000052.083, 155
Trd, 000052.333, 159
Trd, 000054.417, 156
Trd, 000054.917, 154
Trd, 000055.183, 154
Trd, 000055.533, 154
Trd, 000055.617, 155
Trd, 000055.983, 154
Trd, 000056.050, 156
Trd, 000056.383, 152
Trd, 000056.933, 148
Trd, 000058.067, 153
Trd, 000058.767, 153
Trd, 000058.850, 154
Trd, 000058.983, 154
Trd, 000059.450, 156
Trd, 000059.667, 170
Trd, 000059.783, 153
Trd, 000060.367, 151
Trd, 000061.483, 162
Trd, 000061.567, 150
Trd, 000061.817, 164
Trd, 000062.350, 165
Trd, 000062.933, 161
Trd, 000063.683, 166
Trd, 000063.800, 150
Trd, 000063.917, 150
Trd, 000065.333, 157
Trd, 000065.533, 157
Trd, 000066.767, 155
Trd, 000066.850, 157
Trd, 000067.133, 156
Trd, 000067.333, 157
Trd, 000067.483, 158
Trd, 000067.833, 155
Trd, 000068.317, 155
Trd, 000068.567, 156
Trd, 000069.600, 155
Trd, 000069.833, 154
Trd, 000069.883, 156
Trd, 000070.867, 153
Trd, 000071.467, 152
Trd, 000072.017, 150
Trd, 000072.550, 152
Trd, 000073.200, 150
Trd, 000073.500, 149
Trd, 000073.800, 150
Trd, 000075.333, 151
Trd, 000076.083, 150
Trd, 000076.233, 149
Trd, 000077.400, 148
Trd, 000077.717, 147
Trd, 000077.983, 148
Trd, 000078.583, 148
Trd, 000078.750, 149
Trd, 000079.350, 158
Trd, 000079.900, 156
Trd, 000080.383, 153
Trd, 000080.417, 159
Trd, 000080.717, 154
Trd, 000081.750, 163
Trd, 000082.383, 163
Trd, 000082.433, 162
Trd, 000083.117, 159
Trd, 000083.700, 158
Trd, 000083.717, 159
Trd, 000083.750, 156
Trd, 000085.933, 155
Trd, 000086.567, 154
Trd, 000086.933, 152
Trd, 000087.133, 156
Trd, 000088.050, 157
Trd, 000088.433, 157
Trd, 000088.617, 159
Trd, 000089.133, 158
Trd, 000089.217, 158
Trd, 000089.283, 158
Trd, 000090.100, 159
Trd, 000090.667, 152
Trd, 000091.433, 150
Trd, 000092.167, 145
Trd, 000092.700, 144
Trd, 000092.867, 146
Trd, 000093.367, 149
Trd, 000093.683, 154
Trd, 000094.333, 150
Trd, 000094.733, 147
Trd, 000095.117, 148
Trd, 000095.933, 147
Trd, 000096.067, 150
Trd, 000096.800, 150
Trd, 000097.200, 152
Trd, 000097.417, 162
Trd, 000098.350, 163
Trd, 000098.583, 154
Trd, 000098.717, 152
Trd, 000099.817, 157
Trd, 000100.100, 155
Trd, 000100.383, 156
Trd, 000101.117, 177
Trd, 000101.983, 168
Trd, 000102.850, 164
Trd, 000103.817, 163
Trd, 000104.033, 163
Trd, 000104.183, 163
Trd, 000104.200, 164
Trd, 000104.983, 163
Trd, 000105.017, 161
Trd, 000105.767, 165
Trd, 000106.350, 160
Trd, 000106.617, 164
Trd, 000106.750, 159
Trd, 000107.700, 160
Trd, 000107.733, 161
Trd, 000108.367, 158
Trd, 000110.483, 157
Trd, 000110.667, 158
Trd, 000110.983, 156
Trd, 000111.267, 156
Trd, 000112.217, 161
Trd, 000112.517, 159
Trd, 000113.033, 159
Trd, 000113.600, 160
Trd, 000113.650, 156
Trd, 000113.733, 161
Trd, 000114.350, 157
Trd, 000114.950, 158
Trd, 000115.267, 160
Trd, 000115.983, 160
Trd, 000116.250, 159
Trd, 000116.500, 160
Trd, 000117.967, 154
Trd, 000118.167, 155
Trd, 000119.400, 158
Trd, 000119.717, 155
Trd, 000120.267, 158
Trd, 000120.800, 157
Trd, 000121.067, 158
Trd, 000121.500, 158
Trd, 000121.917, 155
Trd, 000122.000, 155
Trd, 000122.400, 157
Trd, 000122.533, 154
Trd, 000122.633, 158
Trd, 000123.217, 159
Trd, 000124.433, 158
Trd, 000124.533, 158
Trd, 000124.617, 158
Trd, 000124.983, 159
Trd, 000125.017, 155
Trd, 000125.567, 163
Trd, 000127.600, 182
Trd, 000128.367, 168
Trd, 000129.217, 172
Trd, 000129.483, 168
Trd, 000129.633, 166
Trd, 000129.817, 165
Trd, 000130.383, 172
Trd, 000131.933, 169
Trd, 000132.367, 170
Trd, 000133.117, 168
Trd, 000133.583, 167
Trd, 000133.700, 166
Trd, 000134.017, 166
Trd, 000134.200, 164
Trd, 000134.433, 167
Trd, 000134.917, 164
Trd, 000136.900, 162
Trd, 000137.150, 161
Trd, 000137.283, 163
Trd, 000137.467, 160
Trd, 000138.950, 164
Trd, 000139.367, 163
Trd, 000139.700, 163
Trd, 000140.400, 162
Trd, 000140.417, 164
Trd, 000140.500, 167
Trd, 000141.117, 168
Trd, 000141.750, 168
Trd, 000142.733, 165
Trd, 000144.117, 164
Trd, 000144.167, 165
Trd, 000144.650, 162
Trd, 000145.550, 162
Trd, 000145.767, 162
Trd, 000146.217, 162
Trd, 000146.800, 162
Trd, 000147.333, 164
Trd, 000147.750, 164
Trd, 000147.933, 164
Trd, 000147.967, 160
Trd, 000148.967, 160
Trd, 000149.133, 167
Trd, 000150.100, 166
Trd, 000150.217, 166
Trd, 000150.733, 161
Trd, 000151.450, 179
Trd, 000152.633, 172
Trd, 000153.100, 171
Trd, 000153.483, 170
Trd, 000153.517, 169
Trd, 000154.433, 166
Trd, 000155.917, 168
Trd, 000156.500, 166
Trd, 000156.833, 166
Trd, 000157.033, 168
Trd, 000157.867, 167
Trd, 000158.417, 169
Trd, 000159.517, 181
Trd, 000159.767, 167
Trd, 000161.183, 173
Trd, 000162.167, 171
Trd, 000162.200, 175
Trd, 000162.217, 175
Trd, 000162.533, 170
Trd, 000162.717, 171
Trd, 000162.983, 168
Trd, 000164.183, 164
Trd, 000164.617, 171
Trd, 000165.283, 165
Trd, 000165.367, 164
Trd, 000165.833, 170
Trd, 000166.550, 167
Trd, 000166.967, 168
Trd, 000167.250, 168
Trd, 000167.283, 167
Trd, 000169.317, 167
Trd, 000169.883, 167
Trd, 000170.617, 165
Trd, 000170.750, 164
Trd, 000170.817, 167
Trd, 000170.933, 167
Trd, 000170.983, 163
Trd, 000171.067, 169
Trd, 000171.350, 180
Trd, 000172.000, 160
Trd, 000172.983, 163
Trd, 000174.867, 160
Trd, 000174.883, 158
Trd, 000175.717, 157
Trd, 000176.033, 157
Trd, 000176.167, 158
Trd, 000176.433, 159
Trd, 000176.483, 159
Trd, 000176.583, 161
Trd, 000176.700, 164
Trd, 000177.250, 173
Trd, 000178.183, 168
Trd, 000178.367, 169
Trd, 000179.133, 159
Trd, 000179.717, 165
Trd, 000179.850, 164
Trd, 000180.417, 164
Trd, 000180.483, 166
Trd, 000180.983, 166
Trd, 000181.100, 162
Trd, 000182.050, 165
Trd, 000182.167, 167
Trd, 000182.600, 165
Trd, 000183.050, 163
Trd, 000183.700, 165
Trd, 000184.817, 165
Trd, 000184.967, 164
Trd, 000185.267, 169
Trd, 000185.633, 169
Trd, 000186.683, 170
Trd, 000187.017, 180
Trd, 000187.717, 166
Trd, 000188.683, 177
Trd, 000189.033, 176
Trd, 000189.067, 175
Trd, 000189.800, 174
Trd, 000191.467, 173
Trd, 000191.800, 168
Trd, 000191.900, 173
Trd, 000192.333, 173
Trd, 000193.083, 174
Trd, 000193.500, 169
Trd, 000193.867, 168
Trd, 000194.100, 169
Trd, 000195.600, 168
Trd, 000196.033, 167
Trd, 000196.317, 168
Trd, 000196.950, 167
Trd, 000196.983, 171
Trd, 000197.067, 166
Trd, 000198.150, 166
Trd, 000198.983, 164
Trd, 000199.633, 164
Trd, 000199.767, 164
Trd, 000199.800, 165
Trd, 000200.067, 167
Trd, 000200.233, 171
Trd, 000200.750, 161
Trd, 000200.767, 161
Trd, 000201.433, 186
Trd, 000202.000, 161
Trd, 000203.517, 173
Trd, 000205.133, 175
Trd, 000205.300, 176
Trd, 000205.367, 176
Trd, 000205.633, 177
Trd, 000206.100, 175
Trd, 000206.700, 173
Trd, 000206.733, 171
Trd, 000208.000, 169
Trd, 000208.050, 167
Trd, 000208.200, 171
Trd, 000208.300, 171
Trd, 000208.450, 172
Trd, 000208.483, 164
Trd, 000210.567, 175
Trd, 000211.067, 177
Trd, 000211.200, 176
Trd, 000211.683, 176
Trd, 000212.367, 176
Trd, 000213.133, 172
Trd, 000213.850, 172
Trd, 000214.533, 172
Trd, 000215.767, 169
Trd, 000215.850, 168
Trd, 000216.100, 164
Trd, 000217.067, 162
Trd, 000217.133, 167
Trd, 000217.200, 169
Trd, 000217.600, 170
Trd, 000217.750, 169
Trd, 000218.550, 170
Trd, 000218.917, 170
Trd, 000219.533, 171
Trd, 000220.483, 168
Trd, 000220.550, 168
Trd, 000220.933, 169
Trd, 000221.033, 173
Trd, 000222.650, 174
Trd, 000222.867, 175
Trd, 000223.533, 169
Trd, 000223.700, 168
Trd, 000224.150, 173
Trd, 000225.050, 167
Trd, 000225.133, 172
Trd, 000225.900, 170
Trd, 000226.083, 169
Trd, 000226.533, 170
Trd, 000227.167, 187
Trd, 000227.317, 175
Trd, 000227.617, 188
Trd, 000227.817, 187
Trd, 000228.167, 177
Trd, 000228.917, 174
Trd, 000229.967, 169
Trd, 000230.300, 179
Trd, 000231.933, 181
Trd, 000232.067, 180
Trd, 000233.550, 180
Trd, 000233.617, 174
Trd, 000233.750, 166
Trd, 000233.950, 165
Trd, 000234.817, 176
Trd, 000234.833, 177
Trd, 000235.083, 164
Trd, 000235.850, 189
Trd, 000237.317, 182
Trd, 000238.567, 178
Trd, 000238.933, 176
Trd, 000239.200, 175
Trd, 000239.333, 174
Trd, 000239.433, 175
Trd, 000240.217, 174
Trd, 000240.250, 174
Trd, 000240.283, 173
Trd, 000240.333, 178
Trd, 000241.817, 176
Trd, 000241.933, 178
Trd, 000242.167, 178
Trd, 000242.417, 177
Trd, 000242.967, 171
Trd, 000243.350, 171
Trd, 000243.617, 172
Trd, 000243.700, 175
Trd, 000243.933, 176
Trd, 000244.083, 174
Trd, 000244.233, 173
Trd, 000244.583, 177
Trd, 000244.800, 167
Trd, 000245.117, 174
Trd, 000245.450, 176
Trd, 000246.417, 175
Trd, 000246.833, 178
Trd, 000247.950, 183
Trd, 000248.400, 183
Trd, 000248.500, 183
Trd, 000248.850, 182
Trd, 000249.650, 180
Trd, 000249.817, 181
Trd, 000250.133, 182
Trd, 000250.183, 183
Trd, 000250.333, 183
Trd, 000251.633, 181
Trd, 000252.283, 182
Trd, 000252.450, 183
Trd, 000252.767, 180
Trd, 000253.117, 180
Trd, 000253.300, 181
Trd, 000253.400, 180
Trd, 000253.583, 172
Trd, 000254.133, 179
Trd, 000255.367, 176
Trd, 000255.650, 175
Trd, 000255.850, 179
Trd, 000256.450, 177
Trd, 000257.000, 179
Trd, 000257.133, 179
Trd, 000257.617, 178
Trd, 000258.833, 182
Trd, 000259.150, 183
Trd, 000260.417, 183
Trd, 000261.150, 186
Trd, 000261.167, 185
Trd, 000261.433, 189
Trd, 000262.133, 187
Trd, 000262.700, 189
Trd, 000262.750, 190
Trd, 000263.133, 188
Trd, 000263.150, 187
Trd, 000263.300, 185
Trd, 000263.350, 190
Trd, 000264.350, 181
Trd, 000265.167, 173
Trd, 000265.750, 174
Trd, 000265.950, 172
Trd, 000266.350, 173
Trd, 000266.367, 170
Trd, 000266.617, 175
Trd, 000266.817, 175
Trd, 000267.783, 174
Trd, 000267.983, 173
Trd, 000268.200, 173
Trd, 000268.233, 170
Trd, 000268.983, 175
Trd, 000269.050, 174
Trd, 000269.467, 175
Trd, 000269.867, 175
Trd, 000270.067, 176
Trd, 000270.617, 177
Trd, 000271.033, 178
Trd, 000271.217, 195
Trd, 000271.550, 188
Trd, 000271.767, 188
Trd, 000271.917, 183
Trd, 000273.367, 185
Trd, 000273.433, 187
Trd, 000274.167, 182
Trd, 000274.300, 183
Trd, 000274.483, 183
Trd, 000274.667, 182
Trd, 000275.300, 181
Trd, 000275.533, 180
Trd, 000275.717, 182
Trd, 000276.783, 178
Trd, 000276.850, 177
Trd, 000276.867, 179
Trd, 000277.933, 178
Trd, 000277.967, 177
Trd, 000278.000, 174
Trd, 000278.217, 172
Trd, 000278.500, 175
Trd, 000278.633, 176
Trd, 000279.500, 171
Trd, 000280.100, 172
Trd, 000280.783, 176
Trd, 000280.983, 175
Trd, 000281.667, 175
Trd, 000281.850, 176
Trd, 000282.683, 174
Trd, 000283.250, 173
Trd, 000283.500, 175
Trd, 000283.533, 177
Trd, 000284.150, 172
Trd, 000285.667, 176
Trd, 000285.800, 179
Trd, 000286.000, 175
Trd, 000286.733, 176
Trd, 000287.133, 179
Trd, 000287.183, 180
Trd, 000287.333, 179
Trd, 000287.750, 171
Trd, 000287.900, 176
Trd, 000287.983, 180
Trd, 000288.250, 174
Trd, 000288.567, 197
Trd, 000288.683, 200
Trd, 000289.550, 182
Trd, 000290.983, 183
Trd, 000291.117, 184
Trd, 000291.400, 186
Trd, 000291.683, 184
Trd, 000291.783, 178
Trd, 000294.017, 178
Trd, 000294.067, 178
Trd, 000294.317, 178
Trd, 000294.400, 180
Trd, 000294.450, 178
Trd, 000294.633, 194
Trd, 000295.183, 176
Trd, 000296.083, 178
Trd, 000296.850, 177
Trd, 000297.033, 178
Trd, 000297.317, 179
Trd, 000297.567, 180
Trd, 000298.300, 186
Trd, 000298.583, 196
Trd, 000298.667, 185
Trd, 000299.467, 185
