Trd, 000002.417, 121
Trd, 000002.733, 171
Trd, 000003.033, 175
Trd, 000004.500, 160
Trd, 000005.017, 162
Trd, 000005.550, 171
Trd, 000006.350, 162
Trd, 000007.150, 167
Trd, 000007.183, 166
Trd, 000008.017, 166
Trd, 000008.067, 165
Trd, 000008.117, 138
Trd, 000008.383, 157
Trd, 000009.583, 154
Trd, 000010.700, 160
Trd, 000010.883, 153
Trd, 000011.650, 142
Trd, 000012.667, 153
Trd, 000013.217, 145
Trd, 000013.383, 156
Trd, 000013.467, 156
Trd, 000016.167, 149
Trd, 000016.933, 149
Trd, 000017.567, 149
Trd, 000017.800, 149
Trd, 000018.050, 144
Trd, 000018.067, 169
Trd, 000018.183, 174
Trd, 000019.300, 144
Trd, 000019.600, 144
Trd, 000020.217, 161
Trd, 000020.250, 163
Trd, 000022.000, 155
Trd, 000022.233, 156
Trd, 000022.433, 155
Trd, 000022.450, 157
Trd, 000022.533, 155
Trd, 000023.067, 157
Trd, 000023.767, 158
Trd, 000024.483, 154
Trd, 000025.233, 156
Trd, 000025.617, 155
Trd, 000025.883, 154
Trd, 000026.150, 155
Trd, 000026.850, 154
Trd, 000027.500, 173
Trd, 000027.983, 165
Trd, 000028.267, 173
Trd, 000028.767, 156
Trd, 000029.300, 159
Trd, 000030.667, 163
Trd, 000033.550, 162
Trd, 000033.983, 162
Trd, 000034.050, 163
Trd, 000034.350, 161
Trd, 000034.717, 163
Trd, 000034.750, 161
Trd, 000035.183, 161
Trd, 000035.500, 164
Trd, 000036.700, 161
Trd, 000036.783, 163
Trd, 000037.800, 165
Trd, 000039.300, 165
Trd, 000039.433, 164
Trd, 000040.217, 163
Trd, 000040.800, 142
Trd, 000041.333, 151
Trd, 000042.583, 154
Trd, 000043.367, 150
Trd, 000043.650, 148
Trd, 000044.450, 148
Trd, 000044.983, 148
Trd, 000045.017, 147
Trd, 000045.483, 148
Trd, 000045.517, 141
Trd, 000045.550, 130
Trd, 000047.833, 145
Trd, 000048.800, 144
Trd, 000049.283, 143
Trd, 000049.483, 144
Trd, 000050.400, 145
Trd, 000051.167, 145
Trd, 000051.400, 146
Trd, 000051.867, 149
Trd, 000052.017, 149
Trd, 000053.450, 157
Trd, 000053.800, 157
Trd, 000054.617, 156
Trd, 000055.200, 156
Trd, 000055.767, 156
Trd, 000055.817, 155
Trd, 000056.083, 157
Trd, 000057.217, 158
Trd, 000057.950, 161
Trd, 000058.033, 167
Trd, 000059.067, 158
Trd, 000059.500, 159
Trd, 000059.717, 157
Trd, 000060.150, 157
Trd, 000060.183, 156
Trd, 000060.633, 158
Trd, 000061.233, 150
Trd, 000061.583, 148
Trd, 000062.600, 153
Trd, 000064.300, 148
Trd, 000064.683, 148
Trd, 000065.000, 147
Trd, 000065.667, 147
Trd, 000065.967, 148
Trd, 000066.383, 146
Trd, 000067.350, 149
Trd, 000068.233, 147
Trd, 000068.250, 150
Trd, 000068.300, 151
Trd, 000068.667, 150
Trd, 000069.083, 148
Trd, 000070.750, 160
Trd, 000070.950, 152
Trd, 000071.083, 152
Trd, 000072.267, 162
Trd, 000072.333, 160
Trd, 000072.683, 154
Trd, 000074.150, 157
Trd, 000074.300, 161
Trd, 000074.883, 157
Trd, 000075.383, 162
Trd, 000075.433, 173
Trd, 000076.583, 171
Trd, 000076.917, 172
Trd, 000077.167, 166
Trd, 000077.733, 168
Trd, 000077.833, 164
Trd, 000079.350, 166
Trd, 000079.983, 167
Trd, 000080.133, 164
Trd, 000081.750, 167
Trd, 000082.033, 168
Trd, 000082.117, 170
Trd, 000082.683, 164
Trd, 000083.400, 163
Trd, 000084.850, 167
Trd, 000084.933, 166
Trd, 000085.350, 165
Trd, 000085.550, 165
Trd, 000086.067, 158
Trd, 000086.167, 148
Trd, 000086.967, 152
Trd, 000087.367, 155
Trd, 000087.667, 155
Trd, 000088.667, 155
Trd, 000089.117, 151
Trd, 000089.783, 162
Trd, 000089.800, 151
Trd, 000092.267, 156
Trd, 000092.617, 156
Trd, 000092.650, 157
Trd, 000093.150, 160
Trd, 000093.367, 153
Trd, 000094.050, 152
Trd, 000095.217, 154
Trd, 000095.250, 155
Trd, 000096.400, 154
Trd, 000096.817, 153
Trd, 000097.200, 152
Trd, 000097.417, 154
Trd, 000097.650, 147
Trd, 000098.233, 147
Trd, 000099.000, 151
Trd, 000099.433, 153
Trd, 000100.650, 157
Trd, 000100.783, 164
Trd, 000101.600, 159
Trd, 000102.033, 158
Trd, 000102.100, 160
Trd, 000103.750, 159
Trd, 000105.067, 147
Trd, 000105.450, 156
Trd, 000105.583, 158
Trd, 000106.050, 155
Trd, 000106.650, 155
Trd, 000107.283, 156
Trd, 000107.917, 157
Trd, 000107.967, 157
Trd, 000108.483, 169
Trd, 000108.883, 177
Trd, 000109.483, 158
Trd, 000109.917, 154
Trd, 000109.933, 169
Trd, 000112.050, 163
Trd, 000112.483, 162
Trd, 000112.683, 163
Trd, 000113.500, 158
Trd, 000114.567, 149
Trd, 000115.350, 154
Trd, 000115.383, 156
Trd, 000115.650, 156
Trd, 000115.900, 153
Trd, 000116.750, 157
Trd, 000117.483, 157
Trd, 000118.133, 155
Trd, 000119.400, 157
Trd, 000119.567, 158
Trd, 000119.833, 154
Trd, 000122.200, 155
Trd, 000122.233, 152
Trd, 000122.517, 149
Trd, 000123.433, 153
Trd, 000123.483, 154
Trd, 000123.517, 156
Trd, 000124.417, 155
Trd, 000125.200, 152
Trd, 000125.767, 156
Trd, 000126.283, 155
Trd, 000127.533, 155
Trd, 000127.733, 156
Trd, 000127.933, 150
Trd, 000128.333, 165
Trd, 000129.017, 163
Trd, 000129.717, 163
Trd, 000130.267, 164
Trd, 000130.833, 165
Trd, 000131.167, 166
Trd, 000131.217, 179
Trd, 000131.317, 164
Trd, 000132.200, 175
Trd, 000132.683, 173
Trd, 000133.483, 173
Trd, 000133.783, 172
Trd, 000133.950, 172
Trd, 000134.150, 168
Trd, 000135.567, 152
Trd, 000136.250, 158
Trd, 000136.483, 158
Trd, 000137.033, 157
Trd, 000138.000, 157
Trd, 000138.633, 158
Trd, 000139.183, 160
Trd, 000139.650, 154
Trd, 000140.233, 162
Trd, 000140.783, 162
Trd, 000141.633, 161
Trd, 000142.583, 158
Trd, 000142.833, 160
Trd, 000143.150, 157
Trd, 000143.233, 151
Trd, 000144.017, 159
Trd, 000144.950, 156
Trd, 000145.650, 156
Trd, 000146.200, 158
Trd, 000146.517, 182
Trd, 000147.717, 168
Trd, 000148.400, 168
Trd, 000149.000, 167
Trd, 000149.617, 170
Trd, 000149.867, 169
Trd, 000150.183, 156
Trd, 000150.383, 156
Trd, 000151.117, 159
Trd, 000151.967, 161
Trd, 000153.067, 161
Trd, 000153.233, 160
Trd, 000153.617, 161
Trd, 000153.717, 165
Trd, 000154.100, 160
Trd, 000154.833, 165
Trd, 000155.833, 160
Trd, 000156.583, 166
Trd, 000156.650, 170
Trd, 000156.867, 164
Trd, 000157.150, 168
Trd, 000157.333, 184
Trd, 000157.483, 165
Trd, 000159.633, 173
Trd, 000159.733, 172
Trd, 000160.300, 171
Trd, 000161.467, 172
Trd, 000161.533, 168
Trd, 000161.700, 173
Trd, 000162.267, 171
Trd, 000162.583, 171
Trd, 000162.667, 169
Trd, 000162.917, 163
Trd, 000164.017, 157
Trd, 000164.300, 173
Trd, 000166.083, 167
Trd, 000166.433, 165
Trd, 000166.800, 166
Trd, 000167.183, 166
Trd, 000167.433, 167
Trd, 000168.100, 162
Trd, 000168.783, 168
Trd, 000168.950, 163
Trd, 000169.117, 162
Trd, 000171.683, 161
Trd, 000171.950, 160
Trd, 000172.017, 161
Trd, 000172.317, 162
Trd, 000174.433, 158
Trd, 000174.567, 157
Trd, 000174.700, 165
Trd, 000174.817, 168
Trd, 000175.233, 171
Trd, 000176.650, 157
Trd, 000176.683, 156
Trd, 000176.750, 168
Trd, 000177.150, 169
Trd, 000178.150, 165
Trd, 000178.300, 164
Trd, 000179.083, 166
Trd, 000179.650, 167
Trd, 000181.767, 167
Trd, 000181.933, 169
Trd, 000182.050, 166
Trd, 000182.200, 163
Trd, 000183.083, 170
Trd, 000183.317, 161
Trd, 000184.917, 162
Trd, 000185.600, 164
Trd, 000185.883, 165
Trd, 000186.233, 165
Trd, 000186.517, 163
Trd, 000188.683, 163
Trd, 000189.117, 161
Trd, 000189.867, 163
Trd, 000190.083, 162
Trd, 000190.367, 164
Trd, 000190.500, 161
Trd, 000190.667, 162
Trd, 000193.083, 157
Trd, 000193.950, 157
Trd, 000194.000, 163
Trd, 000194.250, 173
Trd, 000194.933, 166
Trd, 000196.000, 173
Trd, 000196.533, 170
Trd, 000196.700, 172
Trd, 000197.783, 170
Trd, 000198.217, 170
Trd, 000198.667, 172
Trd, 000198.717, 170
Trd, 000198.800, 173
Trd, 000199.333, 172
Trd, 000199.500, 173
Trd, 000200.550, 169
Trd, 000202.283, 173
Trd, 000203.083, 173
Trd, 000204.267, 172
Trd, 000204.833, 173
Trd, 000205.150, 169
Trd, 000205.767, 169
Trd, 000206.467, 169
Trd, 000207.167, 168
Trd, 000207.633, 166
Trd, 000208.067, 165
Trd, 000208.683, 169
Trd, 000209.533, 157
Trd, 000210.100, 161
Trd, 000210.850, 165
Trd, 000211.250, 165
Trd, 000211.267, 164
Trd, 000211.333, 164
Trd, 000211.400, 162
Trd, 000211.650, 164
Trd, 000211.817, 166
Trd, 000212.150, 162
Trd, 000212.183, 164
Trd, 000214.117, 164
Trd, 000214.417, 163
Trd, 000215.300, 161
Trd, 000215.500, 160
Trd, 000215.583, 162
Trd, 000216.483, 160
Trd, 000216.700, 160
Trd, 000217.183, 159
Trd, 000217.417, 177
Trd, 000218.017, 157
Trd, 000218.800, 170
Trd, 000219.350, 159
Trd, 000220.217, 170
Trd, 000221.300, 186
Trd, 000221.633, 185
Trd, 000221.883, 184
Trd, 000222.500, 183
Trd, 000223.033, 183
Trd, 000223.233, 181
Trd, 000225.050, 175
Trd, 000225.067, 177
Trd, 000225.350, 187
Trd, 000225.667, 179
Trd, 000225.867, 180
Trd, 000226.533, 185
Trd, 000226.550, 189
Trd, 000228.617, 186
Trd, 000230.033, 185
Trd, 000230.283, 183
Trd, 000231.067, 185
Trd, 000231.533, 186
Trd, 000231.933, 187
Trd, 000232.050, 184
Trd, 000233.150, 189
Trd, 000233.417, 189
Trd, 000234.917, 185
Trd, 000234.983, 184
Trd, 000235.617, 172
Trd, 000235.817, 178
Trd, 000236.317, 161
Trd, 000236.700, 160
Trd, 000238.050, 162
Trd, 000238.617, 158
Trd, 000239.183, 161
Trd, 000239.550, 162
Trd, 000240.083, 166
Trd, 000240.200, 167
Trd, 000240.517, 166
Trd, 000240.767, 167
Trd, 000241.150, 169
Trd, 000241.667, 181
Trd, 000242.350, 183
Trd, 000242.817, 172
Trd, 000244.017, 177
Trd, 000244.133, 175
Trd, 000244.183, 178
Trd, 000244.867, 175
Trd, 000245.483, 175
Trd, 000245.767, 178
Trd, 000246.000, 176
Trd, 000246.550, 177
Trd, 000246.700, 178
Trd, 000247.150, 177
Trd, 000249.400, 178
Trd, 000249.450, 180
Trd, 000249.700, 177
Trd, 000250.917, 169
Trd, 000251.067, 173
Trd, 000251.267, 171
Trd, 000251.417, 172
Trd, 000251.733, 162
Trd, 000252.200, 174
Trd, 000252.800, 165
Trd, 000253.200, 156
Trd, 000253.783, 162
Trd, 000253.800, 162
Trd, 000253.867, 160
Trd, 000254.467, 165
Trd, 000254.733, 164
Trd, 000254.750, 162
Trd, 000256.017, 166
Trd, 000256.900, 162
Trd, 000257.250, 165
Trd, 000257.817, 163
Trd, 000258.100, 164
Trd, 000258.817, 166
Trd, 000259.000, 165
Trd, 000259.183, 167
Trd, 000259.600, 169
Trd, 000260.600, 181
Trd, 000261.433, 171
Trd, 000261.733, 171
Trd, 000262.050, 177
Trd, 000262.933, 179
Trd, 000263.350, 182
Trd, 000263.783, 181
Trd, 000264.117, 184
Trd, 000264.633, 181
Trd, 000264.650, 180
Trd, 000265.733, 180
Trd, 000265.800, 181
Trd, 000266.100, 181
Trd, 000266.117, 181
Trd, 000266.400, 181
Trd, 000266.933, 178
Trd, 000267.600, 163
Trd, 000267.650, 172
Trd, 000267.783, 162
Trd, 000268.367, 171
Trd, 000268.500, 185
Trd, 000268.783, 169
Trd, 000269.900, 175
Trd, 000270.150, 174
Trd, 000270.567, 176
Trd, 000271.117, 179
Trd, 000271.967, 181
Trd, 000272.333, 175
Trd, 000272.383, 176
Trd, 000273.483, 173
Trd, 000274.067, 178
Trd, 000274.367, 175
Trd, 000274.600, 177
Trd, 000275.200, 173
Trd, 000275.533, 174
Trd, 000275.767, 177
Trd, 000275.983, 176
Trd, 000276.000, 178
Trd, 000276.400, 182
Trd, 000277.200, 191
Trd, 000277.967, 184
Trd, 000278.050, 185
Trd, 000278.750, 180
Trd, 000279.667, 178
Trd, 000280.183, 178
Trd, 000280.250, 185
Trd, 000280.617, 193
Trd, 000280.917, 177
Trd, 000281.033, 170
Trd, 000281.367, 173
Trd, 000281.917, 174
Trd, 000282.967, 181
Trd, 000283.500, 174
Trd, 000283.717, 172
Trd, 000283.850, 165
Trd, 000284.133, 159
Trd, 000284.400, 165
Trd, 000284.883, 166
Trd, 000285.167, 169
Trd, 000285.250, 172
Trd, 000285.550, 193
Trd, 000286.133, 181
Trd, 000287.433, 176
Trd, 000288.183, 179
Trd, 000288.967, 178
Trd, 000289.183, 179
Trd, 000289.517, 179
Trd, 000290.017, 183
Trd, 000290.050, 177
Trd, 000290.300, 178
Trd, 000290.400, 184
Trd, 000290.650, 176
Trd, 000291.067, 184
Trd, 000291.750, 176
Trd, 000292.300, 176
Trd, 000292.517, 170
Trd, 000293.133, 183
Trd, 000293.233, 183
Trd, 000294.117, 181
Trd, 000294.400, 176
Trd, 000294.450, 166
Trd, 000294.533, 182
Trd, 000295.083, 182
Trd, 000295.217, 184
Trd, 000295.350, 167
Trd, 000296.700, 167
Trd, 000298.033, 175
Trd, 000298.133, 172
Trd, 000298.367, 172
Trd, 000298.867, 188
Trd, 000298.900, 172
Trd, 000299.533, 167
Trd, 000299.600, 183
Trd, 000299.667, 187
