Trd, 000002.100, 184
Trd, 000002.617, 155
Trd, 000003.217, 175
Trd, 000004.417, 157
Trd, 000005.233, 155
Trd, 000005.383, 151
Trd, 000007.367, 152
Trd, 000007.983, 154
Trd, 000008.233, 151
Trd, 000008.983, 153
Trd, 000009.400, 153
Trd, 000009.783, 153
Trd, 000009.950, 152
Trd, 000011.217, 150
Trd, 000011.417, 150
Trd, 000012.317, 150
Trd, 000012.617, 149
Trd, 000012.683, 151
Trd, 000015.017, 149
Trd, 000015.033, 148
Trd, 000015.567, 148
Trd, 000016.100, 153
Trd, 000016.300, 148
Trd, 000016.850, 148
Trd, 000017.733, 151
Trd, 000017.950, 149
Trd, 000018.050, 147
Trd, 000018.750, 163
Trd, 000019.217, 175
Trd, 000020.250, 162
Trd, 000021.633, 160
Trd, 000021.917, 160
Trd, 000022.967, 156
Trd, 000023.083, 154
Trd, 000023.183, 157
Trd, 000023.350, 167
Trd, 000023.550, 176
Trd, 000023.750, 177
Trd, 000024.633, 163
Trd, 000025.150, 160
Trd, 000026.600, 153
Trd, 000028.033, 157
Trd, 000028.567, 155
Trd, 000028.817, 155
Trd, 000029.083, 155
Trd, 000029.400, 154
Trd, 000029.733, 154
Trd, 000029.783, 153
Trd, 000029.967, 157
Trd, 000030.067, 159
Trd, 000032.150, 159
Trd, 000032.417, 152
Trd, 000032.650, 159
Trd, 000033.967, 158
Trd, 000034.567, 157
Trd, 000035.867, 158
Trd, 000035.900, 154
Trd, 000036.200, 163
Trd, 000037.217, 160
Trd, 000039.450, 159
Trd, 000039.900, 160
Trd, 000040.050, 158
Trd, 000040.550, 155
Trd, 000040.817, 155
Trd, 000042.283, 154
Trd, 000042.700, 156
Trd, 000043.233, 157
Trd, 000043.583, 155
Trd, 000045.250, 156
Trd, 000046.050, 157
Trd, 000047.567, 156
Trd, 000047.617, 157
Trd, 000047.817, 156
Trd, 000048.200, 155
Trd, 000048.517, 156
Trd, 000049.117, 154
Trd, 000049.933, 156
Trd, 000050.200, 155
Trd, 000050.467, 154
Trd, 000051.400, 153
Trd, 000051.417, 156
Trd, 000052.083, 152
Trd, 000052.433, 154
Trd, 000052.817, 155
Trd, 000053.200, 155
Trd, 000053.617, 154
Trd, 000054.300, 163
Trd, 000055.083, 149
Trd, 000055.700, 163
Trd, 000055.867, 148
Trd, 000055.883, 184
Trd, 000056.917, 162
Trd, 000057.450, 163
Trd, 000057.933, 162
Trd, 000058.200, 161
Trd, 000059.333, 160
Trd, 000059.583, 157
Trd, 000059.617, 161
Trd, 000061.250, 160
Trd, 000061.267, 162
Trd, 000061.950, 164
Trd, 000063.067, 158
Trd, 000064.017, 158
Trd, 000065.033, 159
Trd, 000065.700, 157
Trd, 000066.833, 157
Trd, 000067.267, 156
Trd, 000067.317, 159
Trd, 000067.333, 161
Trd, 000067.800, 155
Trd, 000068.050, 154
Trd, 000068.750, 160
Trd, 000069.500, 149
Trd, 000071.500, 150
Trd, 000071.683, 156
Trd, 000071.967, 154
Trd, 000072.400, 151
Trd, 000072.467, 152
Trd, 000072.933, 152
Trd, 000073.350, 152
Trd, 000073.783, 169
Trd, 000074.367, 153
Trd, 000074.583, 157
Trd, 000075.100, 163
Trd, 000076.717, 157
Trd, 000077.350, 156
Trd, 000077.400, 157
Trd, 000078.000, 156
Trd, 000078.633, 155
Trd, 000078.867, 157
Trd, 000078.917, 152
Trd, 000079.500, 156
Trd, 000079.633, 157
Trd, 000080.450, 156
Trd, 000081.283, 157
Trd, 000081.667, 170
Trd, 000082.317, 158
Trd, 000082.983, 164
Trd, 000083.050, 157
Trd, 000084.617, 161
Trd, 000084.667, 157
Trd, 000085.150, 161
Trd, 000088.067, 161
Trd, 000088.283, 160
Trd, 000088.450, 159
Trd, 000088.950, 159
Trd, 000089.750, 160
Trd, 000089.850, 160
Trd, 000090.100, 162
Trd, 000090.800, 167
Trd, 000091.950, 168
Trd, 000092.617, 165
Trd, 000092.917, 181
Trd, 000093.917, 184
Trd, 000094.117, 188
Trd, 000094.500, 172
Trd, 000095.767, 173
Trd, 000096.400, 170
Trd, 000096.983, 172
Trd, 000097.000, 163
Trd, 000098.450, 164
Trd, 000099.433, 168
Trd, 000099.983, 166
Trd, 000100.100, 166
Trd, 000100.700, 165
Trd, 000101.967, 163
Trd, 000102.933, 163
Trd, 000103.633, 161
Trd, 000104.200, 164
Trd, 000104.350, 164
Trd, 000104.467, 164
Trd, 000105.617, 162
Trd, 000105.783, 165
Trd, 000106.783, 165
Trd, 000106.850, 164
Trd, 000106.917, 171
Trd, 000107.733, 168
Trd, 000109.217, 155
Trd, 000109.250, 167
Trd, 000110.700, 166
Trd, 000111.050, 167
Trd, 000114.050, 163
Trd, 000114.317, 165
Trd, 000114.383, 162
Trd, 000115.033, 165
Trd, 000115.783, 165
Trd, 000116.150, 166
Trd, 000116.217, 167
Trd, 000116.517, 162
Trd, 000116.800, 174
Trd, 000117.217, 186
Trd, 000117.700, 171
Trd, 000118.283, 165
Trd, 000118.883, 153
Trd, 000120.033, 161
Trd, 000120.067, 159
Trd, 000121.317, 162
Trd, 000121.683, 160
Trd, 000121.967, 161
Trd, 000122.083, 160
Trd, 000122.683, 160
Trd, 000123.450, 159
Trd, 000123.583, 160
Trd, 000123.767, 161
Trd, 000124.867, 168
Trd, 000125.267, 159
Trd, 000125.667, 171
Trd, 000126.083, 164
Trd, 000127.917, 164
Trd, 000128.500, 163
Trd, 000128.567, 159
Trd, 000128.700, 165
Trd, 000128.833, 157
Trd, 000129.483, 163
Trd, 000129.533, 164
Trd, 000129.683, 155
Trd, 000129.883, 164
Trd, 000131.283, 165
Trd, 000131.433, 165
Trd, 000132.217, 162
Trd, 000132.933, 163
Trd, 000133.583, 163
Trd, 000133.767, 164
Trd, 000134.083, 165
Trd, 000135.283, 186
Trd, 000135.983, 184
Trd, 000137.317, 175
Trd, 000138.850, 176
Trd, 000139.050, 175
Trd, 000139.067, 172
Trd, 000139.300, 175
Trd, 000140.517, 173
Trd, 000140.750, 168
Trd, 000141.300, 174
Trd, 000142.367, 174
Trd, 000142.417, 173
Trd, 000142.650, 165
Trd, 000143.483, 171
Trd, 000144.683, 168
Trd, 000145.517, 161
Trd, 000146.067, 162
Trd, 000146.133, 162
Trd, 000147.133, 163
Trd, 000147.200, 161
Trd, 000147.367, 162
Trd, 000148.033, 164
Trd, 000148.167, 166
Trd, 000148.483, 173
Trd, 000149.100, 175
Trd, 000149.200, 176
Trd, 000149.683, 167
Trd, 000152.333, 170
Trd, 000153.300, 168
Trd, 000154.100, 165
Trd, 000154.350, 161
Trd, 000154.583, 165
Trd, 000155.167, 166
Trd, 000155.683, 166
Trd, 000156.383, 165
Trd, 000156.417, 163
Trd, 000157.183, 162
Trd, 000157.917, 161
Trd, 000158.233, 161
Trd, 000158.617, 162
Trd, 000159.283, 162
Trd, 000159.367, 164
Trd, 000160.450, 164
Trd, 000161.167, 164
Trd, 000161.217, 158
Trd, 000162.217, 158
Trd, 000162.283, 157
Trd, 000162.833, 163
Trd, 000162.917, 162
Trd, 000163.533, 162
Trd, 000165.617, 165
Trd, 000165.633, 163
Trd, 000166.300, 162
Trd, 000166.383, 164
Trd, 000166.417, 161
Trd, 000167.700, 163
Trd, 000168.783, 178
Trd, 000169.133, 183
Trd, 000169.533, 182
Trd, 000172.367, 175
Trd, 000172.983, 170
Trd, 000173.667, 173
Trd, 000174.350, 170
Trd, 000175.033, 170
Trd, 000175.317, 172
Trd, 000175.933, 172
Trd, 000178.050, 171
Trd, 000178.100, 172
Trd, 000180.000, 174
Trd, 000180.017, 171
Trd, 000180.567, 173
Trd, 000180.633, 174
Trd, 000181.283, 174
Trd, 000181.450, 172
Trd, 000181.533, 170
Trd, 000181.583, 173
Trd, 000182.350, 171
Trd, 000182.650, 172
Trd, 000183.000, 172
Trd, 000183.167, 169
Trd, 000183.783, 173
Trd, 000183.900, 180
Trd, 000185.983, 175
Trd, 000186.383, 172
Trd, 000186.650, 169
Trd, 000186.683, 169
Trd, 000187.233, 170
Trd, 000188.233, 179
Trd, 000189.383, 175
Trd, 000190.650, 173
Trd, 000191.683, 175
Trd, 000193.067, 172
Trd, 000193.800, 172
Trd, 000194.117, 170
Trd, 000194.300, 172
Trd, 000194.400, 173
Trd, 000195.367, 169
Trd, 000196.233, 173
Trd, 000196.617, 174
Trd, 000196.867, 173
Trd, 000196.917, 171
Trd, 000197.050, 174
Trd, 000197.300, 181
Trd, 000198.600, 174
Trd, 000199.233, 173
Trd, 000199.533, 172
Trd, 000199.667, 172
Trd, 000200.300, 173
Trd, 000200.550, 171
Trd, 000200.867, 169
Trd, 000201.083, 173
Trd, 000201.767, 176
Trd, 000201.883, 164
Trd, 000202.767, 173
Trd, 000203.000, 172
Trd, 000203.983, 172
Trd, 000204.333, 172
Trd, 000205.350, 171
Trd, 000205.367, 173
Trd, 000205.683, 171
Trd, 000205.933, 172
Trd, 000206.650, 173
Trd, 000207.983, 171
Trd, 000208.000, 172
Trd, 000209.133, 174
Trd, 000209.333, 170
Trd, 000210.050, 168
Trd, 000210.400, 166
Trd, 000211.333, 167
Trd, 000212.517, 167
Trd, 000213.017, 171
Trd, 000213.150, 182
Trd, 000214.050, 165
Trd, 000214.500, 179
Trd, 000215.650, 170
Trd, 000216.900, 176
Trd, 000217.100, 174
Trd, 000217.783, 173
Trd, 000219.300, 173
Trd, 000219.367, 173
Trd, 000219.900, 174
Trd, 000220.650, 174
Trd, 000221.067, 174
Trd, 000221.217, 174
Trd, 000221.350, 171
Trd, 000221.750, 174
Trd, 000223.067, 170
Trd, 000223.800, 169
Trd, 000223.917, 170
Trd, 000224.150, 166
Trd, 000224.550, 168
Trd, 000225.317, 167
Trd, 000225.350, 167
Trd, 000225.600, 167
Trd, 000226.400, 166
Trd, 000227.367, 169
Trd, 000228.033, 170
Trd, 000228.633, 177
Trd, 000229.217, 179
Trd, 000229.567, 170
Trd, 000230.583, 172
Trd, 000232.233, 172
Trd, 000232.550, 170
Trd, 000232.567, 172
Trd, 000233.167, 171
Trd, 000233.217, 170
Trd, 000233.750, 170
Trd, 000234.617, 170
Trd, 000234.733, 171
Trd, 000235.667, 174
Trd, 000237.017, 172
Trd, 000237.050, 174
Trd, 000237.067, 175
Trd, 000237.817, 174
Trd, 000238.467, 173
Trd, 000239.717, 171
Trd, 000239.933, 171
Trd, 000240.267, 172
Trd, 000240.450, 171
Trd, 000240.567, 173
Trd, 000240.967, 180
Trd, 000241.800, 176
Trd, 000242.100, 175
Trd, 000242.233, 176
Trd, 000242.383, 175
Trd, 000242.717, 183
Trd, 000243.683, 184
Trd, 000244.483, 182
Trd, 000245.017, 181
Trd, 000246.100, 168
Trd, 000246.600, 165
Trd, 000246.617, 171
Trd, 000247.067, 165
Trd, 000247.133, 167
Trd, 000247.750, 166
Trd, 000247.783, 167
Trd, 000248.183, 165
Trd, 000248.383, 170
Trd, 000248.983, 176
Trd, 000249.267, 174
Trd, 000249.600, 169
Trd, 000249.967, 170
Trd, 000250.317, 173
Trd, 000250.533, 177
Trd, 000251.217, 171
Trd, 000251.283, 176
Trd, 000252.283, 179
Trd, 000252.417, 182
Trd, 000252.467, 178
Trd, 000254.050, 179
Trd, 000254.083, 180
Trd, 000254.700, 181
Trd, 000255.483, 180
Trd, 000256.000, 177
Trd, 000256.183, 179
Trd, 000256.433, 170
Trd, 000256.550, 169
Trd, 000256.700, 170
Trd, 000256.767, 169
Trd, 000256.917, 171
Trd, 000257.433, 167
Trd, 000258.250, 175
Trd, 000259.183, 176
Trd, 000260.333, 174
Trd, 000260.367, 176
Trd, 000260.983, 178
Trd, 000261.400, 179
Trd, 000261.767, 180
Trd, 000261.833, 180
Trd, 000262.350, 178
Trd, 000263.650, 175
Trd, 000264.233, 177
Trd, 000264.800, 177
Trd, 000266.050, 175
Trd, 000266.183, 174
Trd, 000266.217, 176
Trd, 000266.600, 174
Trd, 000266.767, 176
Trd, 000266.783, 175
Trd, 000266.883, 177
Trd, 000267.733, 176
Trd, 000268.017, 171
Trd, 000268.383, 180
Trd, 000269.833, 180
Trd, 000269.850, 181
Trd, 000270.017, 185
Trd, 000270.317, 189
Trd, 000270.600, 191
Trd, 000270.733, 192
Trd, 000271.600, 188
Trd, 000272.083, 183
Trd, 000272.183, 181
Trd, 000273.133, 183
Trd, 000273.317, 181
Trd, 000273.367, 180
Trd, 000273.817, 180
Trd, 000274.083, 181
Trd, 000275.133, 181
Trd, 000275.683, 181
Trd, 000276.367, 174
Trd, 000277.050, 181
Trd, 000277.367, 180
Trd, 000277.533, 182
Trd, 000278.117, 176
Trd, 000278.583, 175
Trd, 000279.483, 172
Trd, 000280.233, 172
Trd, 000280.283, 179
Trd, 000280.733, 177
Trd, 000281.283, 176
Trd, 000281.700, 176
Trd, 000281.867, 175
Trd, 000282.500, 176
Trd, 000283.300, 177
Trd, 000283.350, 178
Trd, 000283.683, 175
Trd, 000284.667, 180
Trd, 000284.917, 176
Trd, 000285.300, 176
Trd, 000286.517, 181
Trd, 000287.000, 180
Trd, 000287.183, 181
Trd, 000287.233, 182
Trd, 000287.250, 186
Trd, 000287.617, 180
Trd, 000287.883, 190
Trd, 000288.383, 185
Trd, 000289.717, 182
Trd, 000289.950, 173
Trd, 000290.200, 185
Trd, 000290.433, 176
Trd, 000290.700, 184
Trd, 000291.950, 185
Trd, 000292.250, 184
Trd, 000292.700, 184
Trd, 000292.800, 185
Trd, 000292.817, 186
Trd, 000292.850, 180
Trd, 000293.733, 180
Trd, 000293.850, 185
Trd, 000294.067, 179
Trd, 000294.317, 173
Trd, 000294.667, 170
Trd, 000296.400, 186
Trd, 000296.583, 187
Trd, 000296.867, 184
Trd, 000297.000, 188
Trd, 000297.217, 186
Trd, 000297.450, 188
Trd, 000297.817, 186
Trd, 000298.133, 188
Trd, 000298.900, 189
Trd, 000299.583, 190
