Trd, 000002.533, 167
Trd, 000003.350, 150
Trd, 000003.367, 153
Trd, 000003.700, 153
Trd, 000004.867, 156
Trd, 000005.633, 154
Trd, 000005.817, 155
Trd, 000006.583, 161
Trd, 000008.333, 159
Trd, 000008.833, 160
Trd, 000009.467, 157
Trd, 000009.667, 160
Trd, 000010.183, 155
Trd, 000011.050, 155
Trd, 000011.333, 152
Trd, 000012.367, 153
Trd, 000012.417, 151
Trd, 000013.183, 152
Trd, 000013.517, 153
Trd, 000014.133, 156
Trd, 000014.717, 154
Trd, 000015.650, 153
Trd, 000016.150, 154
Trd, 000016.283, 154
Trd, 000017.267, 159
Trd, 000018.333, 152
Trd, 000018.983, 159
Trd, 000019.850, 152
Trd, 000020.117, 159
Trd, 000020.450, 151
Trd, 000020.633, 159
Trd, 000021.517, 151
Trd, 000022.417, 150
Trd, 000022.733, 150
Trd, 000022.983, 149
Trd, 000023.133, 153
Trd, 000024.267, 151
Trd, 000024.333, 150
Trd, 000024.367, 152
Trd, 000024.517, 159
Trd, 000024.967, 160
Trd, 000025.450, 153
Trd, 000027.700, 158
Trd, 000028.367, 172
Trd, 000028.817, 157
Trd, 000029.517, 156
Trd, 000029.800, 160
Trd, 000030.450, 157
Trd, 000030.900, 158
Trd, 000031.067, 156
Trd, 000032.217, 157
Trd, 000032.250, 161
Trd, 000033.067, 162
Trd, 000034.250, 162
Trd, 000034.667, 156
Trd, 000035.250, 160
Trd, 000036.383, 158
Trd, 000036.900, 156
Trd, 000038.867, 158
Trd, 000039.750, 159
Trd, 000040.083, 158
Trd, 000040.133, 160
Trd, 000040.167, 162
Trd, 000040.467, 161
Trd, 000040.567, 162
Trd, 000040.933, 170
Trd, 000042.883, 163
Trd, 000043.483, 165
Trd, 000043.817, 166
Trd, 000044.033, 166
Trd, 000044.567, 165
Trd, 000045.067, 166
Trd, 000045.383, 165
Trd, 000045.550, 162
Trd, 000045.883, 162
Trd, 000045.933, 164
Trd, 000047.683, 163
Trd, 000047.783, 163
Trd, 000048.367, 161
Trd, 000048.417, 162
Trd, 000048.533, 161
Trd, 000049.900, 160
Trd, 000050.017, 160
Trd, 000051.533, 161
Trd, 000052.300, 160
Trd, 000052.383, 160
Trd, 000052.983, 161
Trd, 000053.000, 153
Trd, 000054.750, 155
Trd, 000055.500, 156
Trd, 000055.567, 154
Trd, 000055.967, 156
Trd, 000056.967, 159
Trd, 000057.183, 162
Trd, 000058.083, 157
Trd, 000059.000, 159
Trd, 000059.833, 160
Trd, 000060.567, 159
Trd, 000060.617, 161
Trd, 000061.933, 161
Trd, 000062.200, 160
Trd, 000062.250, 164
Trd, 000062.817, 160
Trd, 000063.767, 163
Trd, 000063.833, 163
Trd, 000065.067, 171
Trd, 000066.283, 164
Trd, 000066.733, 163
Trd, 000067.483, 164
Trd, 000067.700, 166
Trd, 000067.767, 168
Trd, 000068.167, 165
Trd, 000069.000, 165
Trd, 000069.067, 166
Trd, 000070.250, 165
Trd, 000070.533, 163
Trd, 000071.583, 162
Trd, 000071.850, 175
Trd, 000072.950, 175
Trd, 000073.283, 175
Trd, 000073.683, 173
Trd, 000075.033, 165
Trd, 000075.567, 165
Trd, 000075.600, 163
Trd, 000076.233, 148
Trd, 000076.883, 167
Trd, 000077.650, 160
Trd, 000078.050, 162
Trd, 000078.200, 160
Trd, 000078.300, 160
Trd, 000078.933, 160
Trd, 000079.050, 156
Trd, 000079.133, 161
Trd, 000080.633, 159
Trd, 000081.333, 158
Trd, 000081.833, 161
Trd, 000081.850, 162
Trd, 000082.500, 160
Trd, 000082.917, 161
Trd, 000083.900, 160
Trd, 000084.867, 161
Trd, 000085.217, 158
Trd, 000085.800, 157
Trd, 000086.433, 163
Trd, 000086.667, 163
Trd, 000087.450, 160
Trd, 000087.467, 158
Trd, 000088.117, 161
Trd, 000088.217, 164
Trd, 000088.717, 165
Trd, 000091.833, 164
Trd, 000092.450, 164
Trd, 000093.067, 164
Trd, 000093.233, 163
Trd, 000093.333, 167
Trd, 000093.933, 163
Trd, 000095.317, 164
Trd, 000096.400, 178
Trd, 000096.917, 168
Trd, 000097.167, 180
Trd, 000097.300, 168
Trd, 000098.683, 174
Trd, 000099.333, 176
Trd, 000100.250, 173
Trd, 000100.650, 172
Trd, 000100.717, 173
Trd, 000101.517, 173
Trd, 000101.600, 171
Trd, 000103.733, 171
Trd, 000103.950, 170
Trd, 000104.683, 167
Trd, 000104.850, 167
Trd, 000105.150, 167
Trd, 000105.983, 168
Trd, 000106.667, 168
Trd, 000107.283, 169
Trd, 000108.500, 183
Trd, 000108.817, 168
Trd, 000109.317, 182
Trd, 000111.767, 175
Trd, 000111.817, 173
Trd, 000112.667, 172
Trd, 000112.700, 173
Trd, 000112.767, 175
Trd, 000114.100, 169
Trd, 000114.667, 172
Trd, 000115.200, 173
Trd, 000115.850, 170
Trd, 000116.250, 160
Trd, 000116.733, 164
Trd, 000117.567, 162
Trd, 000118.183, 165
Trd, 000118.767, 163
Trd, 000119.050, 165
Trd, 000119.433, 163
Trd, 000121.067, 163
Trd, 000121.933, 162
Trd, 000123.400, 169
Trd, 000124.217, 164
Trd, 000124.283, 165
Trd, 000124.950, 163
Trd, 000125.550, 164
Trd, 000125.617, 180
Trd, 000126.200, 164
Trd, 000127.300, 170
Trd, 000127.317, 168
Trd, 000127.583, 170
Trd, 000127.967, 170
Trd, 000128.567, 168
Trd, 000129.300, 169
Trd, 000129.867, 167
Trd, 000130.633, 168
Trd, 000131.117, 169
Trd, 000131.833, 168
Trd, 000132.250, 166
Trd, 000134.250, 168
Trd, 000134.667, 172
Trd, 000135.733, 170
Trd, 000136.483, 170
Trd, 000136.683, 169
Trd, 000136.767, 172
Trd, 000137.500, 170
Trd, 000137.883, 169
Trd, 000137.967, 162
Trd, 000138.000, 172
Trd, 000138.417, 172
Trd, 000139.350, 172
Trd, 000140.667, 171
Trd, 000140.817, 171
Trd, 000143.217, 172
Trd, 000143.483, 170
Trd, 000144.317, 173
Trd, 000144.700, 170
Trd, 000144.950, 169
Trd, 000145.450, 172
Trd, 000145.650, 174
Trd, 000146.983, 174
Trd, 000149.000, 171
Trd, 000149.333, 173
Trd, 000149.900, 170
Trd, 000150.350, 170
Trd, 000150.683, 169
Trd, 000151.350, 169
Trd, 000151.850, 168
Trd, 000152.117, 168
Trd, 000152.350, 167
Trd, 000152.833, 167
Trd, 000153.533, 174
Trd, 000153.967, 180
Trd, 000154.850, 174
Trd, 000156.133, 173
Trd, 000156.517, 172
Trd, 000156.850, 171
Trd, 000156.983, 172
Trd, 000157.217, 168
Trd, 000158.900, 172
Trd, 000159.367, 171
Trd, 000160.150, 170
Trd, 000160.333, 169
Trd, 000161.567, 171
Trd, 000161.833, 170
Trd, 000162.067, 169
Trd, 000162.300, 169
Trd, 000162.800, 169
Trd, 000163.683, 168
Trd, 000163.850, 171
Trd, 000165.117, 171
Trd, 000165.717, 167
Trd, 000166.567, 169
Trd, 000167.117, 170
Trd, 000169.000, 167
Trd, 000169.033, 170
Trd, 000170.283, 171
Trd, 000170.633, 169
Trd, 000170.800, 169
Trd, 000171.917, 167
Trd, 000172.083, 168
Trd, 000173.250, 168
Trd, 000173.383, 171
Trd, 000174.050, 167
Trd, 000174.417, 169
Trd, 000175.483, 167
Trd, 000175.800, 166
Trd, 000175.817, 167
Trd, 000176.583, 167
Trd, 000177.483, 166
Trd, 000178.417, 165
Trd, 000178.767, 165
Trd, 000178.850, 169
Trd, 000178.933, 170
Trd, 000179.800, 164
Trd, 000180.233, 166
Trd, 000180.917, 169
Trd, 000181.833, 169
Trd, 000181.867, 170
Trd, 000182.683, 169
Trd, 000182.767, 167
Trd, 000185.417, 168
Trd, 000185.783, 168
Trd, 000186.317, 166
Trd, 000186.483, 168
Trd, 000187.083, 167
Trd, 000187.933, 167
Trd, 000187.950, 168
Trd, 000188.817, 168
Trd, 000189.483, 168
Trd, 000190.567, 167
Trd, 000191.517, 169
Trd, 000191.817, 167
Trd, 000192.883, 167
Trd, 000193.750, 166
Trd, 000194.217, 165
Trd, 000194.483, 167
Trd, 000195.250, 166
Trd, 000196.017, 165
Trd, 000196.600, 165
Trd, 000196.617, 166
Trd, 000197.233, 175
Trd, 000198.967, 171
Trd, 000199.217, 170
Trd, 000199.450, 169
Trd, 000199.517, 169
Trd, 000199.533, 168
Trd, 000200.683, 170
Trd, 000200.817, 171
Trd, 000202.150, 171
Trd, 000202.667, 170
Trd, 000203.550, 170
Trd, 000204.233, 169
Trd, 000205.267, 168
Trd, 000205.750, 169
Trd, 000206.483, 169
Trd, 000207.400, 167
Trd, 000208.050, 166
Trd, 000208.283, 166
Trd, 000208.483, 167
Trd, 000208.900, 162
Trd, 000209.850, 165
Trd, 000209.867, 167
Trd, 000209.967, 167
Trd, 000210.383, 171
Trd, 000210.667, 171
Trd, 000210.800, 155
Trd, 000211.483, 172
Trd, 000212.883, 166
Trd, 000213.283, 170
Trd, 000213.950, 170
Trd, 000214.867, 171
Trd, 000215.250, 172
Trd, 000215.867, 168
Trd, 000216.567, 173
Trd, 000216.933, 170
Trd, 000218.083, 171
Trd, 000218.850, 178
Trd, 000220.000, 174
Trd, 000220.117, 173
Trd, 000220.650, 174
Trd, 000221.250, 174
Trd, 000221.417, 172
Trd, 000221.600, 174
Trd, 000221.850, 172
Trd, 000222.117, 175
Trd, 000222.983, 173
Trd, 000223.200, 179
Trd, 000224.133, 177
Trd, 000225.400, 173
Trd, 000226.233, 191
Trd, 000226.317, 173
Trd, 000227.367, 180
Trd, 000227.633, 180
Trd, 000228.133, 181
Trd, 000228.733, 178
Trd, 000229.333, 177
Trd, 000229.717, 177
Trd, 000230.083, 177
Trd, 000230.817, 177
Trd, 000231.050, 176
Trd, 000232.150, 176
Trd, 000232.350, 176
Trd, 000232.517, 171
Trd, 000232.917, 176
Trd, 000234.033, 177
Trd, 000234.417, 176
Trd, 000234.750, 174
Trd, 000236.133, 177
Trd, 000238.183, 179
Trd, 000238.400, 179
Trd, 000238.517, 178
Trd, 000238.533, 177
Trd, 000239.300, 176
Trd, 000240.050, 177
Trd, 000240.233, 179
Trd, 000240.850, 176
Trd, 000241.017, 178
Trd, 000241.467, 176
Trd, 000241.517, 176
Trd, 000241.617, 177
Trd, 000241.683, 175
Trd, 000242.400, 175
Trd, 000243.017, 177
Trd, 000243.700, 182
Trd, 000243.783, 185
Trd, 000245.250, 182
Trd, 000245.400, 185
Trd, 000247.167, 183
Trd, 000247.467, 180
Trd, 000247.617, 182
Trd, 000247.833, 184
Trd, 000248.683, 183
Trd, 000249.400, 181
Trd, 000249.717, 183
Trd, 000250.900, 184
Trd, 000250.950, 185
Trd, 000251.050, 182
Trd, 000251.383, 182
Trd, 000251.983, 182
Trd, 000252.400, 181
Trd, 000252.567, 182
Trd, 000252.617, 181
Trd, 000253.517, 183
Trd, 000253.550, 183
Trd, 000253.617, 183
Trd, 000253.750, 185
Trd, 000254.100, 179
Trd, 000255.317, 186
Trd, 000256.333, 180
Trd, 000257.050, 180
Trd, 000257.417, 178
Trd, 000257.500, 177
Trd, 000257.567, 176
Trd, 000257.983, 177
Trd, 000259.267, 177
Trd, 000260.167, 176
Trd, 000260.400, 175
Trd, 000260.750, 177
Trd, 000260.800, 178
Trd, 000261.083, 185
Trd, 000261.717, 186
Trd, 000263.150, 184
Trd, 000263.467, 185
Trd, 000264.617, 185
Trd, 000265.400, 181
Trd, 000266.317, 181
Trd, 000266.350, 179
Trd, 000266.800, 177
Trd, 000267.367, 174
Trd, 000267.533, 174
Trd, 000267.617, 173
Trd, 000267.850, 174
Trd, 000268.583, 172
Trd, 000268.617, 173
Trd, 000268.917, 171
Trd, 000269.350, 177
Trd, 000269.850, 177
Trd, 000271.167, 176
Trd, 000271.367, 177
Trd, 000272.567, 174
Trd, 000273.917, 178
Trd, 000274.317, 177
Trd, 000274.550, 175
Trd, 000275.583, 176
Trd, 000275.783, 177
Trd, 000276.267, 177
Trd, 000277.483, 177
Trd, 000277.517, 178
Trd, 000277.767, 175
Trd, 000278.100, 178
Trd, 000278.683, 179
Trd, 000279.517, 178
Trd, 000279.900, 178
Trd, 000280.183, 171
Trd, 000280.433, 179
Trd, 000280.450, 179
Trd, 000280.467, 179
Trd, 000280.667, 180
Trd, 000281.467, 179
Trd, 000281.550, 180
Trd, 000281.950, 169
Trd, 000283.383, 176
Trd, 000283.567, 176
Trd, 000284.050, 175
Trd, 000284.533, 184
Trd, 000285.683, 181
Trd, 000285.750, 179
Trd, 000286.100, 180
Trd, 000286.200, 177
Trd, 000286.850, 185
Trd, 000286.933, 186
Trd, 000287.083, 180
Trd, 000288.083, 180
Trd, 000288.567, 185
Trd, 000289.367, 186
Trd, 000289.467, 180
Trd, 000290.133, 188
Trd, 000291.067, 191
Trd, 000291.333, 183
Trd, 000292.467, 187
Trd, 000292.917, 189
Trd, 000294.017, 186
Trd, 000294.083, 191
Trd, 000294.200, 192
Trd, 000294.333, 188
Trd, 000295.900, 191
Trd, 000296.733, 188
Trd, 000296.900, 188
Trd, 000297.633, 187
Trd, 000297.817, 188
Trd, 000297.850, 189
Trd, 000297.867, 190
Trd, 000298.050, 186
Trd, 000299.167, 186
Trd, 000299.517, 184
Trd, 000299.750, 185
