Trd, 000002.417, 185
Trd, 000002.450, 186
Trd, 000002.717, 128
Trd, 000003.383, 154
Trd, 000003.567, 155
Trd, 000004.033, 156
Trd, 000005.317, 157
Trd, 000005.367, 152
Trd, 000005.500, 151
Trd, 000006.400, 144
Trd, 000006.483, 145
Trd, 000007.550, 145
Trd, 000008.983, 144
Trd, 000009.183, 144
Trd, 000009.917, 143
Trd, 000010.300, 149
Trd, 000010.600, 152
Trd, 000011.600, 153
Trd, 000011.867, 144
Trd, 000012.000, 142
Trd, 000012.783, 146
Trd, 000013.283, 147
Trd, 000013.317, 149
Trd, 000013.617, 143
Trd, 000013.783, 145
Trd, 000015.117, 143
Trd, 000016.033, 142
Trd, 000016.167, 142
Trd, 000016.533, 145
Trd, 000016.667, 132
Trd, 000017.900, 130
Trd, 000018.100, 138
Trd, 000018.500, 133
Trd, 000018.567, 132
Trd, 000018.983, 137
Trd, 000019.400, 139
Trd, 000019.733, 146
Trd, 000019.917, 150
Trd, 000020.233, 153
Trd, 000020.833, 142
Trd, 000020.933, 136
Trd, 000021.267, 160
Trd, 000023.000, 135
Trd, 000023.250, 141
Trd, 000023.933, 145
Trd, 000024.033, 136
Trd, 000024.467, 138
Trd, 000024.667, 139
Trd, 000025.617, 144
Trd, 000027.133, 146
Trd, 000027.250, 141
Trd, 000028.050, 148
Trd, 000028.600, 150
Trd, 000029.183, 148
Trd, 000029.583, 151
Trd, 000029.783, 149
Trd, 000030.083, 153
Trd, 000030.217, 147
Trd, 000030.533, 144
Trd, 000031.283, 134
Trd, 000031.767, 145
Trd, 000031.850, 146
Trd, 000032.517, 151
Trd, 000032.600, 151
Trd, 000032.633, 154
Trd, 000032.650, 141
Trd, 000033.100, 147
Trd, 000034.617, 148
Trd, 000034.850, 148
Trd, 000034.883, 144
Trd, 000035.567, 154
Trd, 000036.683, 151
Trd, 000038.467, 148
Trd, 000038.717, 149
Trd, 000038.883, 149
Trd, 000038.900, 155
Trd, 000039.433, 147
Trd, 000039.717, 148
Trd, 000039.833, 146
Trd, 000040.400, 147
Trd, 000040.483, 152
Trd, 000040.717, 145
Trd, 000041.800, 162
Trd, 000043.583, 146
Trd, 000043.617, 145
Trd, 000043.633, 148
Trd, 000044.350, 135
Trd, 000044.567, 147
Trd, 000044.683, 147
Trd, 000045.050, 149
Trd, 000045.167, 143
Trd, 000045.350, 142
Trd, 000045.600, 152
Trd, 000045.800, 163
Trd, 000046.000, 143
Trd, 000046.967, 155
Trd, 000047.667, 156
Trd, 000047.817, 142
Trd, 000047.933, 156
Trd, 000050.167, 155
Trd, 000050.283, 152
Trd, 000050.883, 150
Trd, 000051.733, 149
Trd, 000051.933, 156
Trd, 000052.367, 149
Trd, 000052.417, 156
Trd, 000052.450, 146
Trd, 000053.283, 165
Trd, 000054.417, 160
Trd, 000054.483, 147
Trd, 000055.017, 161
Trd, 000056.367, 168
Trd, 000057.583, 149
Trd, 000058.050, 148
Trd, 000058.150, 141
Trd, 000058.733, 148
Trd, 000058.833, 143
Trd, 000059.700, 143
Trd, 000059.983, 144
Trd, 000060.383, 150
Trd, 000060.567, 144
Trd, 000060.833, 153
Trd, 000061.317, 154
Trd, 000062.800, 154
Trd, 000062.867, 151
Trd, 000062.950, 147
Trd, 000063.150, 155
Trd, 000063.717, 156
Trd, 000064.167, 149
Trd, 000064.550, 157
Trd, 000065.000, 166
Trd, 000065.233, 156
Trd, 000065.717, 151
Trd, 000066.200, 150
Trd, 000066.317, 156
Trd, 000067.383, 157
Trd, 000068.900, 158
Trd, 000069.850, 149
Trd, 000070.200, 151
Trd, 000070.333, 168
Trd, 000070.867, 150
Trd, 000071.150, 151
Trd, 000072.217, 152
Trd, 000072.833, 154
Trd, 000073.300, 151
Trd, 000073.350, 150
Trd, 000074.133, 148
Trd, 000074.917, 144
Trd, 000076.183, 148
Trd, 000077.283, 145
Trd, 000077.333, 142
Trd, 000077.350, 147
Trd, 000078.000, 151
Trd, 000078.217, 151
Trd, 000078.383, 143
Trd, 000078.700, 152
Trd, 000079.133, 150
Trd, 000079.633, 155
Trd, 000079.950, 156
Trd, 000081.967, 150
Trd, 000082.617, 153
Trd, 000082.800, 151
Trd, 000083.467, 154
Trd, 000083.683, 152
Trd, 000085.267, 151
Trd, 000085.467, 152
Trd, 000085.550, 152
Trd, 000086.417, 156
Trd, 000086.567, 159
Trd, 000086.617, 166
Trd, 000087.383, 173
Trd, 000088.550, 168
Trd, 000088.833, 168
Trd, 000088.883, 166
Trd, 000089.600, 150
Trd, 000089.900, 151
Trd, 000090.000, 153
Trd, 000090.350, 162
Trd, 000091.067, 146
Trd, 000091.117, 140
Trd, 000091.550, 153
Trd, 000092.483, 162
Trd, 000092.750, 158
Trd, 000093.633, 164
Trd, 000093.933, 160
Trd, 000095.650, 161
Trd, 000095.983, 160
Trd, 000096.583, 152
Trd, 000096.600, 153
Trd, 000096.617, 151
Trd, 000097.333, 150
Trd, 000097.433, 160
Trd, 000098.017, 152
Trd, 000099.817, 160
Trd, 000100.333, 159
Trd, 000100.567, 152
Trd, 000100.767, 160
Trd, 000101.333, 151
Trd, 000101.433, 137
Trd, 000102.250, 154
Trd, 000102.700, 148
Trd, 000103.150, 159
Trd, 000103.550, 159
Trd, 000103.817, 161
Trd, 000104.250, 167
Trd, 000104.600, 168
Trd, 000104.833, 175
Trd, 000105.533, 166
Trd, 000105.817, 166
Trd, 000106.283, 178
Trd, 000106.683, 175
Trd, 000107.417, 173
Trd, 000107.883, 154
Trd, 000108.000, 155
Trd, 000108.600, 159
Trd, 000108.967, 161
Trd, 000109.467, 159
Trd, 000109.817, 161
Trd, 000110.117, 169
Trd, 000110.783, 157
Trd, 000111.050, 173
Trd, 000112.017, 166
Trd, 000112.500, 169
Trd, 000113.917, 174
Trd, 000114.400, 176
Trd, 000114.450, 162
Trd, 000115.333, 154
Trd, 000115.367, 167
Trd, 000115.700, 153
Trd, 000116.700, 156
Trd, 000117.500, 159
Trd, 000117.667, 162
Trd, 000117.750, 163
Trd, 000118.200, 158
Trd, 000118.850, 170
Trd, 000119.317, 176
Trd, 000119.783, 173
Trd, 000119.800, 167
Trd, 000120.683, 170
Trd, 000120.733, 164
Trd, 000120.817, 162
Trd, 000122.117, 149
Trd, 000122.933, 148
Trd, 000123.133, 149
Trd, 000123.217, 131
Trd, 000123.717, 148
Trd, 000124.067, 163
Trd, 000124.650, 148
Trd, 000125.717, 160
Trd, 000125.800, 151
Trd, 000125.983, 156
Trd, 000126.467, 164
Trd, 000126.883, 171
Trd, 000127.033, 177
Trd, 000128.883, 155
Trd, 000129.233, 156
Trd, 000129.350, 157
Trd, 000130.433, 160
Trd, 000130.717, 161
Trd, 000131.083, 155
Trd, 000131.150, 154
Trd, 000131.900, 164
Trd, 000131.933, 153
Trd, 000133.617, 157
Trd, 000133.833, 151
Trd, 000134.117, 157
Trd, 000134.483, 157
Trd, 000134.800, 149
Trd, 000135.167, 156
Trd, 000135.467, 157
Trd, 000135.650, 145
Trd, 000135.867, 161
Trd, 000136.900, 165
Trd, 000137.600, 163
Trd, 000137.667, 152
Trd, 000139.067, 156
Trd, 000139.667, 156
Trd, 000139.933, 157
Trd, 000140.083, 155
Trd, 000142.117, 155
Trd, 000142.583, 156
Trd, 000142.633, 157
Trd, 000143.000, 158
Trd, 000143.017, 162
Trd, 000143.067, 155
Trd, 000144.017, 154
Trd, 000144.133, 165
Trd, 000145.400, 161
Trd, 000145.533, 163
Trd, 000145.933, 162
Trd, 000146.550, 159
Trd, 000146.867, 163
Trd, 000147.900, 158
Trd, 000148.100, 158
Trd, 000148.583, 157
Trd, 000149.033, 155
Trd, 000149.050, 156
Trd, 000149.450, 159
Trd, 000149.783, 173
Trd, 000150.933, 152
Trd, 000151.300, 180
Trd, 000152.733, 163
Trd, 000152.900, 163
Trd, 000153.350, 166
Trd, 000154.150, 180
Trd, 000154.700, 173
Trd, 000154.933, 176
Trd, 000155.033, 171
Trd, 000155.233, 170
Trd, 000155.800, 170
Trd, 000155.867, 156
Trd, 000156.483, 155
Trd, 000157.133, 173
Trd, 000157.233, 168
Trd, 000157.817, 169
Trd, 000158.233, 173
Trd, 000158.633, 169
Trd, 000159.050, 171
Trd, 000159.483, 167
Trd, 000161.117, 169
Trd, 000161.200, 169
Trd, 000161.350, 171
Trd, 000161.417, 159
Trd, 000162.133, 167
Trd, 000162.267, 157
Trd, 000162.400, 153
Trd, 000162.750, 168
Trd, 000162.883, 168
Trd, 000163.950, 166
Trd, 000164.050, 157
Trd, 000164.900, 158
Trd, 000165.333, 173
Trd, 000165.367, 152
Trd, 000166.550, 160
Trd, 000167.283, 152
Trd, 000167.300, 172
Trd, 000168.133, 166
Trd, 000169.867, 161
Trd, 000170.367, 162
Trd, 000170.650, 159
Trd, 000170.717, 165
Trd, 000170.883, 173
Trd, 000171.300, 158
Trd, 000171.517, 160
Trd, 000172.583, 161
Trd, 000172.817, 161
Trd, 000173.100, 157
Trd, 000173.600, 155
Trd, 000174.333, 155
Trd, 000174.833, 160
Trd, 000175.350, 161
Trd, 000175.733, 164
Trd, 000175.967, 165
Trd, 000177.200, 169
Trd, 000177.967, 165
Trd, 000178.017, 160
Trd, 000179.133, 174
Trd, 000179.283, 175
Trd, 000179.533, 159
Trd, 000179.617, 177
Trd, 000180.483, 173
Trd, 000180.550, 177
Trd, 000181.733, 161
Trd, 000181.850, 173
Trd, 000181.917, 159
Trd, 000183.150, 169
Trd, 000183.433, 170
Trd, 000183.683, 169
Trd, 000184.117, 177
Trd, 000184.483, 173
Trd, 000184.533, 171
Trd, 000184.733, 175
Trd, 000185.167, 176
Trd, 000185.417, 161
Trd, 000185.550, 157
Trd, 000186.283, 155
Trd, 000186.567, 173
Trd, 000186.817, 181
Trd, 000187.483, 177
Trd, 000188.000, 156
Trd, 000188.633, 162
Trd, 000189.783, 158
Trd, 000190.100, 160
Trd, 000190.633, 160
Trd, 000190.700, 163
Trd, 000191.267, 163
Trd, 000191.633, 175
Trd, 000191.700, 159
Trd, 000192.383, 181
Trd, 000192.650, 161
Trd, 000193.067, 174
Trd, 000194.083, 176
Trd, 000194.133, 184
Trd, 000194.917, 171
Trd, 000194.933, 170
Trd, 000195.933, 160
Trd, 000196.317, 176
Trd, 000196.383, 163
Trd, 000196.500, 150
Trd, 000197.717, 168
Trd, 000198.300, 164
Trd, 000199.633, 164
Trd, 000199.917, 164
Trd, 000200.050, 164
Trd, 000200.150, 163
Trd, 000201.267, 163
Trd, 000201.283, 165
Trd, 000201.400, 168
Trd, 000201.517, 168
Trd, 000201.883, 161
Trd, 000202.950, 168
Trd, 000202.983, 171
Trd, 000203.733, 164
Trd, 000204.333, 160
Trd, 000204.383, 157
Trd, 000204.567, 178
Trd, 000205.517, 164
Trd, 000205.850, 174
Trd, 000206.317, 172
Trd, 000206.450, 176
Trd, 000207.650, 175
Trd, 000208.583, 176
Trd, 000209.083, 175
Trd, 000209.167, 163
Trd, 000209.250, 177
Trd, 000209.933, 164
Trd, 000210.133, 151
Trd, 000210.483, 165
Trd, 000211.433, 169
Trd, 000211.767, 152
Trd, 000212.017, 150
Trd, 000212.150, 165
Trd, 000213.083, 162
Trd, 000213.583, 162
Trd, 000214.667, 163
Trd, 000215.283, 158
Trd, 000215.367, 169
Trd, 000215.550, 161
Trd, 000217.217, 168
Trd, 000217.867, 166
Trd, 000218.800, 164
Trd, 000218.850, 167
Trd, 000219.817, 163
Trd, 000220.067, 163
Trd, 000220.650, 164
Trd, 000220.850, 163
Trd, 000221.000, 174
Trd, 000221.667, 180
Trd, 000221.883, 166
Trd, 000223.083, 184
Trd, 000223.133, 193
Trd, 000223.300, 193
Trd, 000223.383, 170
Trd, 000224.333, 166
Trd, 000224.500, 163
Trd, 000225.800, 173
Trd, 000226.533, 173
Trd, 000226.683, 170
Trd, 000226.767, 167
Trd, 000227.367, 175
Trd, 000227.467, 167
Trd, 000227.550, 175
Trd, 000229.650, 178
Trd, 000230.150, 174
Trd, 000230.183, 175
Trd, 000230.267, 169
Trd, 000230.950, 178
Trd, 000231.667, 174
Trd, 000232.117, 168
Trd, 000232.767, 172
Trd, 000232.783, 174
Trd, 000233.350, 179
Trd, 000233.450, 178
Trd, 000233.717, 178
Trd, 000233.767, 180
Trd, 000234.267, 164
Trd, 000234.833, 154
Trd, 000235.350, 151
Trd, 000236.700, 164
Trd, 000237.250, 170
Trd, 000237.600, 163
Trd, 000238.567, 176
Trd, 000238.917, 179
Trd, 000240.583, 179
Trd, 000240.783, 178
Trd, 000241.367, 179
Trd, 000241.467, 178
Trd, 000241.683, 178
Trd, 000242.233, 176
Trd, 000242.283, 179
Trd, 000242.350, 182
Trd, 000243.067, 189
Trd, 000243.350, 192
Trd, 000243.783, 186
Trd, 000244.050, 186
Trd, 000244.250, 181
Trd, 000245.250, 188
Trd, 000245.500, 182
Trd, 000245.700, 179
Trd, 000246.700, 181
Trd, 000247.667, 179
Trd, 000247.733, 167
Trd, 000248.000, 166
Trd, 000248.117, 162
Trd, 000248.517, 178
Trd, 000248.567, 179
Trd, 000249.667, 177
Trd, 000249.950, 177
Trd, 000250.100, 178
Trd, 000250.183, 193
Trd, 000250.450, 183
Trd, 000251.017, 182
Trd, 000251.200, 180
Trd, 000251.300, 184
Trd, 000252.583, 184
Trd, 000253.133, 184
Trd, 000253.300, 184
Trd, 000253.717, 182
Trd, 000254.033, 184
Trd, 000254.500, 186
Trd, 000254.617, 185
Trd, 000254.683, 182
Trd, 000254.917, 179
Trd, 000255.833, 177
Trd, 000256.000, 176
Trd, 000256.717, 169
Trd, 000257.917, 158
Trd, 000258.233, 162
Trd, 000259.050, 163
Trd, 000259.533, 165
Trd, 000259.550, 166
Trd, 000259.783, 162
Trd, 000260.133, 167
Trd, 000260.350, 170
Trd, 000260.483, 174
Trd, 000261.433, 181
Trd, 000261.867, 170
Trd, 000262.100, 174
Trd, 000262.617, 183
Trd, 000262.650, 180
Trd, 000263.100, 176
Trd, 000263.417, 176
Trd, 000264.217, 168
Trd, 000264.767, 171
Trd, 000265.083, 174
Trd, 000265.850, 178
Trd, 000266.133, 184
Trd, 000266.167, 201
Trd, 000267.083, 198
Trd, 000267.767, 195
Trd, 000268.783, 191
Trd, 000269.300, 190
Trd, 000269.533, 189
Trd, 000269.617, 185
Trd, 000270.000, 191
Trd, 000270.017, 182
Trd, 000270.117, 178
Trd, 000270.767, 175
Trd, 000271.100, 171
Trd, 000271.600, 180
Trd, 000272.300, 178
Trd, 000272.517, 178
Trd, 000272.633, 177
Trd, 000273.883, 176
Trd, 000274.183, 177
Trd, 000274.300, 175
Trd, 000274.450, 182
Trd, 000275.783, 182
Trd, 000276.333, 178
Trd, 000276.550, 183
Trd, 000277.433, 182
Trd, 000277.467, 184
Trd, 000277.817, 185
Trd, 000278.250, 186
Trd, 000278.317, 184
Trd, 000278.483, 188
Trd, 000278.800, 176
Trd, 000278.933, 176
Trd, 000279.033, 175
Trd, 000279.767, 185
Trd, 000280.717, 184
Trd, 000280.850, 185
Trd, 000281.817, 183
Trd, 000281.950, 182
Trd, 000282.100, 176
Trd, 000282.333, 180
Trd, 000282.800, 183
Trd, 000283.167, 185
Trd, 000284.017, 181
Trd, 000284.083, 184
Trd, 000284.167, 179
Trd, 000284.533, 184
Trd, 000284.567, 171
Trd, 000285.267, 158
Trd, 000285.383, 188
Trd, 000287.033, 184
Trd, 000287.717, 173
Trd, 000288.083, 173
Trd, 000288.383, 184
Trd, 000288.483, 184
Trd, 000288.733, 174
Trd, 000288.817, 173
Trd, 000289.300, 184
Trd, 000290.333, 184
Trd, 000290.533, 183
Trd, 000291.033, 172
Trd, 000291.083, 184
Trd, 000291.500, 185
Trd, 000292.117, 176
Trd, 000292.467, 183
Trd, 000293.517, 181
Trd, 000293.700, 186
Trd, 000294.033, 180
Trd, 000294.067, 170
Trd, 000294.767, 173
Trd, 000294.783, 183
Trd, 000295.233, 184
Trd, 000296.150, 183
Trd, 000297.150, 183
Trd, 000297.200, 186
Trd, 000297.500, 187
Trd, 000297.900, 185
Trd, 000297.950, 186
Trd, 000298.900, 186
Trd, 000299.083, 185
Trd, 000299.667, 185
Trd, 000299.833, 181
