Trd, 000001.717, 195
Trd, 000002.750, 137
Trd, 000003.050, 116
Trd, 000003.383, 138
Trd, 000003.650, 148
Trd, 000004.333, 151
Trd, 000004.483, 127
Trd, 000004.550, 154
Trd, 000005.317, 135
Trd, 000005.517, 136
Trd, 000007.317, 152
Trd, 000007.950, 143
Trd, 000008.033, 152
Trd, 000008.067, 143
Trd, 000008.483, 145
Trd, 000008.883, 149
Trd, 000009.000, 150
Trd, 000009.733, 149
Trd, 000010.333, 149
Trd, 000010.517, 147
Trd, 000010.583, 151
Trd, 000011.017, 152
Trd, 000011.250, 155
Trd, 000011.750, 154
Trd, 000011.917, 147
Trd, 000011.950, 163
Trd, 000013.500, 156
Trd, 000013.583, 148
Trd, 000015.667, 150
Trd, 000016.700, 150
Trd, 000017.200, 150
Trd, 000017.400, 150
Trd, 000017.767, 149
Trd, 000018.483, 148
Trd, 000020.033, 149
Trd, 000020.183, 148
Trd, 000020.283, 151
Trd, 000020.467, 148
Trd, 000020.550, 152
Trd, 000020.633, 153
Trd, 000022.067, 156
Trd, 000022.183, 148
Trd, 000022.750, 146
Trd, 000023.117, 155
Trd, 000023.650, 157
Trd, 000023.667, 150
Trd, 000023.700, 149
Trd, 000023.783, 159
Trd, 000024.117, 150
Trd, 000024.267, 160
Trd, 000024.533, 149
Trd, 000024.967, 163
Trd, 000025.267, 146
Trd, 000026.267, 158
Trd, 000027.150, 158
Trd, 000027.300, 145
Trd, 000027.467, 158
Trd, 000028.400, 155
Trd, 000029.383, 153
Trd, 000029.683, 159
Trd, 000029.917, 152
Trd, 000030.517, 160
Trd, 000030.700, 152
Trd, 000031.200, 151
Trd, 000031.317, 158
Trd, 000031.383, 161
Trd, 000031.583, 165
Trd, 000034.083, 158
Trd, 000034.867, 154
Trd, 000035.067, 153
Trd, 000036.033, 155
Trd, 000036.050, 154
Trd, 000036.350, 155
Trd, 000036.483, 153
Trd, 000036.933, 135
Trd, 000037.350, 136
Trd, 000038.067, 152
Trd, 000038.567, 152
Trd, 000038.600, 149
Trd, 000038.967, 148
Trd, 000039.150, 157
Trd, 000040.350, 149
Trd, 000040.917, 153
Trd, 000042.450, 155
Trd, 000043.967, 153
Trd, 000044.200, 152
Trd, 000044.633, 152
Trd, 000044.683, 152
Trd, 000044.767, 151
Trd, 000045.200, 152
Trd, 000045.367, 153
Trd, 000045.567, 152
Trd, 000045.917, 154
Trd, 000047.983, 153
Trd, 000048.383, 152
Trd, 000048.667, 153
Trd, 000048.767, 154
Trd, 000049.417, 152
Trd, 000049.450, 151
Trd, 000049.617, 156
Trd, 000050.917, 159
Trd, 000051.100, 160
Trd, 000051.983, 160
Trd, 000052.067, 157
Trd, 000053.200, 156
Trd, 000053.850, 158
Trd, 000054.150, 155
Trd, 000054.300, 160
Trd, 000055.167, 160
Trd, 000055.233, 156
Trd, 000055.267, 154
Trd, 000055.283, 161
Trd, 000056.367, 163
Trd, 000056.450, 164
Trd, 000057.700, 160
Trd, 000058.500, 161
Trd, 000058.750, 160
Trd, 000058.883, 135
Trd, 000058.933, 165
Trd, 000060.067, 161
Trd, 000060.183, 156
Trd, 000060.283, 163
Trd, 000061.917, 166
Trd, 000062.333, 167
Trd, 000062.350, 163
Trd, 000062.650, 162
Trd, 000062.817, 157
Trd, 000063.767, 160
Trd, 000064.367, 159
Trd, 000064.850, 158
Trd, 000065.117, 159
Trd, 000065.733, 158
Trd, 000066.367, 160
Trd, 000067.417, 156
Trd, 000068.167, 158
Trd, 000069.000, 157
Trd, 000069.117, 157
Trd, 000069.717, 155
Trd, 000069.933, 138
Trd, 000070.483, 136
Trd, 000070.850, 154
Trd, 000071.167, 155
Trd, 000071.717, 151
Trd, 000072.083, 149
Trd, 000072.450, 148
Trd, 000072.783, 161
Trd, 000073.100, 155
Trd, 000074.067, 162
Trd, 000075.450, 156
Trd, 000075.467, 157
Trd, 000075.517, 158
Trd, 000075.650, 137
Trd, 000076.067, 155
Trd, 000076.517, 139
Trd, 000076.683, 157
Trd, 000077.233, 139
Trd, 000077.300, 169
Trd, 000077.567, 159
Trd, 000077.800, 159
Trd, 000078.467, 165
Trd, 000079.783, 168
Trd, 000079.900, 164
Trd, 000080.833, 165
Trd, 000082.267, 165
Trd, 000082.417, 156
Trd, 000082.550, 158
Trd, 000082.933, 139
Trd, 000083.100, 165
Trd, 000083.167, 151
Trd, 000083.983, 159
Trd, 000084.367, 166
Trd, 000084.833, 164
Trd, 000085.517, 158
Trd, 000086.233, 159
Trd, 000086.667, 163
Trd, 000087.200, 158
Trd, 000087.233, 158
Trd, 000087.833, 162
Trd, 000087.883, 158
Trd, 000088.167, 163
Trd, 000088.767, 166
Trd, 000088.850, 171
Trd, 000089.117, 159
Trd, 000089.517, 158
Trd, 000090.900, 164
Trd, 000091.167, 164
Trd, 000092.200, 163
Trd, 000092.483, 160
Trd, 000092.683, 162
Trd, 000093.450, 162
Trd, 000093.467, 157
Trd, 000093.550, 163
Trd, 000094.617, 157
Trd, 000094.650, 140
Trd, 000095.083, 158
Trd, 000095.267, 157
Trd, 000095.750, 159
Trd, 000095.817, 156
Trd, 000096.017, 160
Trd, 000096.500, 164
Trd, 000096.800, 165
Trd, 000097.833, 170
Trd, 000098.183, 169
Trd, 000099.617, 168
Trd, 000099.733, 167
Trd, 000099.933, 165
Trd, 000099.967, 164
Trd, 000100.450, 166
Trd, 000100.933, 165
Trd, 000101.083, 163
Trd, 000101.767, 167
Trd, 000102.283, 166
Trd, 000102.683, 172
Trd, 000102.850, 163
Trd, 000103.083, 190
Trd, 000105.367, 172
Trd, 000105.933, 175
Trd, 000106.333, 174
Trd, 000106.350, 173
Trd, 000106.467, 171
Trd, 000106.817, 174
Trd, 000106.967, 174
Trd, 000107.450, 168
Trd, 000107.917, 176
Trd, 000108.433, 177
Trd, 000109.117, 179
Trd, 000110.050, 177
Trd, 000110.150, 178
Trd, 000110.417, 171
Trd, 000110.533, 169
Trd, 000110.917, 168
Trd, 000111.950, 168
Trd, 000112.017, 169
Trd, 000112.033, 163
Trd, 000112.483, 142
Trd, 000113.667, 168
Trd, 000113.733, 169
Trd, 000114.100, 170
Trd, 000114.167, 159
Trd, 000114.317, 158
Trd, 000114.900, 173
Trd, 000115.817, 174
Trd, 000116.983, 183
Trd, 000117.100, 177
Trd, 000117.217, 168
Trd, 000118.017, 175
Trd, 000118.033, 173
Trd, 000118.367, 169
Trd, 000119.000, 162
Trd, 000119.133, 178
Trd, 000121.300, 175
Trd, 000121.317, 160
Trd, 000121.783, 163
Trd, 000122.950, 165
Trd, 000122.967, 164
Trd, 000123.083, 165
Trd, 000123.267, 166
Trd, 000123.483, 164
Trd, 000124.317, 166
Trd, 000124.750, 164
Trd, 000125.617, 163
Trd, 000126.333, 162
Trd, 000127.033, 167
Trd, 000127.333, 160
Trd, 000127.500, 144
Trd, 000128.733, 161
Trd, 000129.233, 161
Trd, 000129.517, 164
Trd, 000129.750, 161
Trd, 000130.950, 162
Trd, 000131.183, 161
Trd, 000131.300, 168
Trd, 000132.100, 170
Trd, 000132.350, 171
Trd, 000132.383, 159
Trd, 000133.350, 175
Trd, 000133.467, 160
Trd, 000133.967, 185
Trd, 000134.783, 168
Trd, 000135.250, 167
Trd, 000135.450, 175
Trd, 000135.600, 171
Trd, 000135.983, 169
Trd, 000136.750, 167
Trd, 000137.300, 168
Trd, 000137.517, 167
Trd, 000138.117, 169
Trd, 000138.200, 167
Trd, 000138.433, 172
Trd, 000139.167, 172
Trd, 000139.550, 162
Trd, 000141.267, 145
Trd, 000141.400, 171
Trd, 000142.200, 167
Trd, 000142.850, 168
Trd, 000143.417, 168
Trd, 000144.383, 167
Trd, 000144.633, 168
Trd, 000144.683, 167
Trd, 000144.917, 166
Trd, 000145.783, 169
Trd, 000146.383, 165
Trd, 000147.600, 167
Trd, 000148.450, 165
Trd, 000148.600, 166
Trd, 000149.467, 168
Trd, 000149.700, 165
Trd, 000149.883, 166
Trd, 000150.300, 167
Trd, 000150.783, 166
Trd, 000150.883, 165
Trd, 000151.050, 170
Trd, 000152.033, 171
Trd, 000152.217, 173
Trd, 000153.250, 177
Trd, 000153.350, 183
Trd, 000153.767, 165
Trd, 000153.833, 164
Trd, 000154.033, 163
Trd, 000155.250, 164
Trd, 000155.617, 163
Trd, 000157.067, 163
Trd, 000157.767, 163
Trd, 000158.000, 164
Trd, 000158.100, 162
Trd, 000158.217, 164
Trd, 000158.633, 147
Trd, 000158.733, 154
Trd, 000158.900, 163
Trd, 000159.333, 171
Trd, 000159.550, 173
Trd, 000159.700, 178
Trd, 000159.883, 179
Trd, 000161.817, 175
Trd, 000161.950, 173
Trd, 000161.967, 172
Trd, 000162.367, 174
Trd, 000162.583, 176
Trd, 000162.617, 195
Trd, 000163.750, 173
Trd, 000164.100, 148
Trd, 000164.567, 157
Trd, 000165.550, 168
Trd, 000166.700, 171
Trd, 000166.750, 180
Trd, 000166.783, 165
Trd, 000167.583, 165
Trd, 000168.283, 166
Trd, 000169.017, 167
Trd, 000169.817, 167
Trd, 000170.583, 168
Trd, 000171.717, 167
Trd, 000171.950, 166
Trd, 000172.000, 167
Trd, 000172.500, 166
Trd, 000172.950, 168
Trd, 000174.433, 166
Trd, 000174.733, 165
Trd, 000174.750, 171
Trd, 000175.267, 177
Trd, 000175.700, 172
Trd, 000175.750, 163
Trd, 000176.300, 167
Trd, 000177.117, 169
Trd, 000179.400, 168
Trd, 000179.467, 169
Trd, 000179.817, 169
Trd, 000179.950, 168
Trd, 000180.500, 167
Trd, 000180.767, 167
Trd, 000180.850, 166
Trd, 000181.233, 166
Trd, 000181.733, 167
Trd, 000181.800, 166
Trd, 000182.000, 167
Trd, 000182.550, 167
Trd, 000183.300, 167
Trd, 000183.867, 169
Trd, 000183.950, 166
Trd, 000185.100, 167
Trd, 000187.267, 167
Trd, 000187.900, 167
Trd, 000189.100, 166
Trd, 000189.133, 168
Trd, 000189.950, 165
Trd, 000190.133, 166
Trd, 000190.733, 165
Trd, 000190.850, 164
Trd, 000191.667, 170
Trd, 000191.900, 174
Trd, 000192.133, 181
Trd, 000192.550, 170
Trd, 000192.667, 164
Trd, 000193.283, 168
Trd, 000193.717, 155
Trd, 000193.800, 154
Trd, 000195.750, 167
Trd, 000195.950, 171
Trd, 000196.117, 174
Trd, 000196.167, 164
Trd, 000196.983, 167
Trd, 000197.350, 166
Trd, 000197.917, 166
Trd, 000198.783, 163
Trd, 000199.067, 167
Trd, 000199.817, 165
Trd, 000200.483, 167
Trd, 000200.600, 168
Trd, 000201.183, 171
Trd, 000201.367, 164
Trd, 000201.450, 175
Trd, 000201.567, 163
Trd, 000202.583, 156
Trd, 000203.017, 178
Trd, 000203.600, 175
Trd, 000204.633, 198
Trd, 000204.800, 180
Trd, 000205.100, 185
Trd, 000205.417, 197
Trd, 000205.800, 168
Trd, 000205.933, 152
Trd, 000207.250, 152
Trd, 000208.000, 172
Trd, 000208.300, 169
Trd, 000208.467, 165
Trd, 000209.017, 170
Trd, 000209.967, 169
Trd, 000210.317, 169
Trd, 000210.900, 168
Trd, 000210.983, 169
Trd, 000211.200, 170
Trd, 000211.317, 164
Trd, 000211.367, 176
Trd, 000212.017, 178
Trd, 000212.817, 169
Trd, 000212.867, 178
Trd, 000213.217, 169
Trd, 000213.333, 178
Trd, 000213.600, 167
Trd, 000213.767, 153
Trd, 000214.533, 152
Trd, 000215.917, 163
Trd, 000216.300, 168
Trd, 000217.150, 166
Trd, 000217.333, 164
Trd, 000217.467, 167
Trd, 000218.117, 170
Trd, 000218.733, 173
Trd, 000219.583, 166
Trd, 000219.750, 165
Trd, 000219.817, 163
Trd, 000220.367, 168
Trd, 000220.683, 163
Trd, 000220.717, 177
Trd, 000222.167, 165
Trd, 000222.433, 164
Trd, 000222.600, 179
Trd, 000222.767, 180
Trd, 000223.767, 181
Trd, 000224.350, 177
Trd, 000225.283, 178
Trd, 000225.567, 177
Trd, 000225.817, 188
Trd, 000225.867, 177
Trd, 000226.117, 183
Trd, 000227.217, 176
Trd, 000227.583, 177
Trd, 000227.683, 179
Trd, 000228.117, 178
Trd, 000228.250, 179
Trd, 000229.850, 178
Trd, 000229.950, 178
Trd, 000230.017, 177
Trd, 000230.350, 171
Trd, 000230.650, 181
Trd, 000231.017, 173
Trd, 000231.717, 171
Trd, 000232.467, 150
Trd, 000232.617, 148
Trd, 000233.083, 167
Trd, 000233.683, 174
Trd, 000233.900, 178
Trd, 000234.000, 157
Trd, 000235.500, 164
Trd, 000235.883, 165
Trd, 000236.067, 157
Trd, 000236.433, 158
Trd, 000236.833, 174
Trd, 000237.300, 173
Trd, 000237.500, 161
Trd, 000238.267, 172
Trd, 000238.550, 173
Trd, 000239.117, 160
Trd, 000239.317, 179
Trd, 000240.367, 173
Trd, 000240.417, 174
Trd, 000240.600, 176
Trd, 000240.733, 176
Trd, 000240.800, 175
Trd, 000242.000, 178
Trd, 000242.017, 173
Trd, 000242.533, 172
Trd, 000242.650, 178
Trd, 000243.217, 174
Trd, 000243.617, 176
Trd, 000244.233, 186
Trd, 000244.400, 196
Trd, 000245.183, 179
Trd, 000245.767, 180
Trd, 000245.817, 182
Trd, 000246.117, 179
Trd, 000246.533, 178
Trd, 000246.933, 178
Trd, 000247.667, 180
Trd, 000247.833, 178
Trd, 000249.100, 179
Trd, 000249.267, 177
Trd, 000249.317, 173
Trd, 000249.650, 170
Trd, 000249.850, 173
Trd, 000250.050, 159
Trd, 000250.150, 159
Trd, 000250.267, 172
Trd, 000250.767, 174
Trd, 000251.117, 174
Trd, 000251.450, 169
Trd, 000251.600, 175
Trd, 000252.083, 168
Trd, 000252.950, 171
Trd, 000252.983, 173
Trd, 000254.450, 179
Trd, 000254.800, 183
Trd, 000255.333, 176
Trd, 000255.483, 176
Trd, 000255.983, 173
Trd, 000256.700, 176
Trd, 000256.717, 175
Trd, 000256.917, 175
Trd, 000257.150, 172
Trd, 000257.217, 169
Trd, 000257.283, 176
Trd, 000257.683, 180
Trd, 000258.000, 197
Trd, 000258.150, 175
Trd, 000258.517, 189
Trd, 000258.550, 178
Trd, 000259.033, 174
Trd, 000260.783, 171
Trd, 000261.083, 175
Trd, 000261.250, 178
Trd, 000261.483, 178
Trd, 000261.567, 177
Trd, 000261.583, 178
Trd, 000262.683, 177
Trd, 000262.867, 179
Trd, 000263.050, 176
Trd, 000264.100, 176
Trd, 000264.417, 176
Trd, 000264.450, 174
Trd, 000264.667, 170
Trd, 000264.967, 163
Trd, 000265.350, 161
Trd, 000267.067, 173
Trd, 000267.183, 174
Trd, 000267.200, 171
Trd, 000267.367, 174
Trd, 000267.383, 169
Trd, 000267.650, 177
Trd, 000268.250, 171
Trd, 000269.517, 170
Trd, 000269.650, 169
Trd, 000269.733, 168
Trd, 000269.867, 165
Trd, 000270.467, 173
Trd, 000271.117, 174
Trd, 000271.633, 174
Trd, 000271.867, 175
Trd, 000271.933, 172
Trd, 000272.000, 178
Trd, 000272.033, 172
Trd, 000272.133, 164
Trd, 000272.833, 179
Trd, 000272.900, 161
Trd, 000273.567, 167
Trd, 000273.750, 172
Trd, 000274.267, 171
Trd, 000274.383, 170
Trd, 000274.550, 171
Trd, 000275.250, 178
Trd, 000275.767, 185
Trd, 000276.567, 183
Trd, 000276.967, 182
Trd, 000277.300, 183
Trd, 000277.317, 180
Trd, 000277.800, 182
Trd, 000277.883, 183
Trd, 000278.100, 178
Trd, 000278.683, 184
Trd, 000279.100, 177
Trd, 000279.683, 178
Trd, 000279.883, 175
Trd, 000281.150, 176
Trd, 000281.583, 177
Trd, 000281.867, 175
Trd, 000282.067, 182
Trd, 000282.533, 185
Trd, 000282.650, 186
Trd, 000282.850, 190
Trd, 000283.317, 175
Trd, 000283.433, 174
Trd, 000283.883, 184
Trd, 000284.933, 180
Trd, 000285.433, 183
Trd, 000285.800, 179
Trd, 000285.833, 181
Trd, 000285.900, 182
Trd, 000286.567, 182
Trd, 000287.083, 179
Trd, 000287.300, 179
Trd, 000287.617, 176
Trd, 000287.733, 172
Trd, 000287.983, 184
Trd, 000288.133, 176
Trd, 000288.333, 175
Trd, 000288.867, 183
Trd, 000289.133, 184
Trd, 000289.217, 180
Trd, 000290.083, 179
Trd, 000290.367, 178
Trd, 000290.533, 177
Trd, 000290.750, 173
Trd, 000292.517, 175
Trd, 000292.683, 168
Trd, 000292.817, 177
Trd, 000294.017, 177
Trd, 000294.067, 178
Trd, 000294.267, 171
Trd, 000294.383, 170
Trd, 000294.617, 170
Trd, 000294.717, 171
Trd, 000294.750, 187
Trd, 000295.167, 208
Trd, 000295.250, 173
Trd, 000295.500, 178
Trd, 000295.650, 192
Trd, 000295.883, 176
Trd, 000296.200, 182
Trd, 000296.233, 181
Trd, 000296.267, 190
Trd, 000297.583, 180
Trd, 000297.883, 190
Trd, 000298.067, 180
Trd, 000298.417, 182
Trd, 000298.450, 180
Trd, 000299.117, 185
Trd, 000299.550, 190
