Trd, 000002.317, 148
Trd, 000002.600, 144
Trd, 000002.950, 164
Trd, 000003.583, 143
Trd, 000003.600, 144
Trd, 000004.500, 157
Trd, 000005.100, 147
Trd, 000005.550, 141
Trd, 000005.883, 142
Trd, 000006.700, 147
Trd, 000007.250, 152
Trd, 000008.617, 158
Trd, 000010.133, 152
Trd, 000010.983, 152
Trd, 000011.067, 151
Trd, 000011.450, 152
Trd, 000014.067, 151
Trd, 000014.200, 149
Trd, 000014.233, 152
Trd, 000014.317, 150
Trd, 000014.850, 151
Trd, 000014.867, 152
Trd, 000015.150, 156
Trd, 000016.667, 159
Trd, 000017.133, 158
Trd, 000018.233, 159
Trd, 000018.283, 158
Trd, 000019.933, 156
Trd, 000020.350, 155
Trd, 000022.083, 155
Trd, 000022.150, 156
Trd, 000022.500, 153
Trd, 000023.400, 153
Trd, 000023.800, 157
Trd, 000024.033, 152
Trd, 000024.533, 150
Trd, 000024.817, 153
Trd, 000025.500, 156
Trd, 000026.000, 157
Trd, 000027.050, 155
Trd, 000027.867, 155
Trd, 000027.917, 154
Trd, 000028.567, 156
Trd, 000029.417, 154
Trd, 000030.533, 156
Trd, 000031.167, 153
Trd, 000031.950, 157
Trd, 000033.233, 152
Trd, 000033.783, 158
Trd, 000034.100, 158
Trd, 000034.583, 158
Trd, 000036.133, 158
Trd, 000036.733, 155
Trd, 000037.033, 168
Trd, 000037.267, 157
Trd, 000037.783, 176
Trd, 000038.367, 166
Trd, 000039.017, 165
Trd, 000039.500, 164
Trd, 000041.100, 165
Trd, 000041.150, 165
Trd, 000041.950, 155
Trd, 000042.933, 155
Trd, 000043.050, 156
Trd, 000043.683, 155
Trd, 000044.000, 155
Trd, 000044.333, 157
Trd, 000044.967, 155
Trd, 000045.633, 150
Trd, 000046.283, 149
Trd, 000046.417, 152
Trd, 000047.017, 152
Trd, 000048.033, 152
Trd, 000048.433, 156
Trd, 000049.633, 160
Trd, 000049.883, 156
Trd, 000050.150, 157
Trd, 000050.617, 156
Trd, 000051.917, 156
Trd, 000051.967, 158
Trd, 000053.483, 155
Trd, 000053.550, 157
Trd, 000054.533, 158
Trd, 000054.767, 156
Trd, 000055.050, 156
Trd, 000055.267, 154
Trd, 000056.433, 158
Trd, 000057.033, 157
Trd, 000057.700, 157
Trd, 000058.233, 156
Trd, 000058.983, 156
Trd, 000059.233, 155
Trd, 000060.717, 156
Trd, 000061.067, 158
Trd, 000061.333, 157
Trd, 000062.583, 155
Trd, 000063.117, 157
Trd, 000063.283, 154
Trd, 000064.750, 154
Trd, 000064.950, 158
Trd, 000065.617, 161
Trd, 000066.400, 170
Trd, 000068.817, 164
Trd, 000069.500, 163
Trd, 000069.817, 158
Trd, 000070.350, 162
Trd, 000070.517, 158
Trd, 000071.783, 158
Trd, 000073.533, 160
Trd, 000073.850, 158
Trd, 000073.933, 159
Trd, 000074.300, 159
Trd, 000075.100, 158
Trd, 000075.333, 158
Trd, 000076.833, 158
Trd, 000076.933, 158
Trd, 000077.217, 162
Trd, 000077.433, 162
Trd, 000077.900, 157
Trd, 000078.300, 155
Trd, 000078.817, 161
Trd, 000080.167, 156
Trd, 000080.733, 159
Trd, 000080.817, 174
Trd, 000084.017, 164
Trd, 000084.067, 157
Trd, 000084.300, 156
Trd, 000085.483, 160
Trd, 000086.000, 161
Trd, 000087.633, 161
Trd, 000088.083, 161
Trd, 000088.533, 159
Trd, 000088.767, 158
Trd, 000089.250, 163
Trd, 000089.867, 163
Trd, 000090.117, 158
Trd, 000090.767, 164
Trd, 000091.050, 160
Trd, 000092.300, 161
Trd, 000093.750, 162
Trd, 000093.950, 160
Trd, 000094.150, 159
Trd, 000095.483, 158
Trd, 000095.850, 160
Trd, 000096.400, 160
Trd, 000097.200, 157
Trd, 000097.250, 161
Trd, 000097.483, 164
Trd, 000099.700, 159
Trd, 000100.050, 160
Trd, 000100.150, 161
Trd, 000100.267, 158
Trd, 000101.533, 158
Trd, 000102.400, 159
Trd, 000103.933, 163
Trd, 000104.567, 159
Trd, 000104.650, 158
Trd, 000105.067, 161
Trd, 000105.867, 157
Trd, 000105.933, 156
Trd, 000106.117, 159
Trd, 000106.883, 160
Trd, 000106.917, 164
Trd, 000108.583, 164
Trd, 000108.700, 165
Trd, 000108.950, 160
Trd, 000109.367, 169
Trd, 000109.800, 173
Trd, 000110.350, 170
Trd, 000110.600, 171
Trd, 000110.883, 165
Trd, 000111.183, 169
Trd, 000112.567, 166
Trd, 000113.333, 168
Trd, 000113.533, 166
Trd, 000115.567, 164
Trd, 000116.633, 165
Trd, 000116.700, 163
Trd, 000117.083, 162
Trd, 000117.683, 166
Trd, 000117.917, 165
Trd, 000118.883, 164
Trd, 000119.467, 165
Trd, 000120.117, 163
Trd, 000120.683, 167
Trd, 000120.833, 169
Trd, 000120.917, 163
Trd, 000120.933, 160
Trd, 000121.100, 156
Trd, 000124.533, 161
Trd, 000125.000, 161
Trd, 000125.383, 160
Trd, 000125.817, 168
Trd, 000125.950, 158
Trd, 000126.367, 169
Trd, 000127.117, 168
Trd, 000127.550, 164
Trd, 000127.750, 161
Trd, 000128.300, 162
Trd, 000128.767, 163
Trd, 000129.167, 163
Trd, 000131.317, 161
Trd, 000132.267, 163
Trd, 000132.850, 163
Trd, 000133.200, 165
Trd, 000133.283, 162
Trd, 000134.250, 164
Trd, 000134.800, 165
Trd, 000135.267, 162
Trd, 000137.250, 166
Trd, 000137.750, 165
Trd, 000139.100, 163
Trd, 000139.933, 163
Trd, 000141.117, 162
Trd, 000141.267, 162
Trd, 000141.667, 165
Trd, 000141.917, 166
Trd, 000141.983, 164
Trd, 000142.150, 169
Trd, 000142.167, 170
Trd, 000143.633, 165
Trd, 000143.717, 164
Trd, 000144.133, 166
Trd, 000145.550, 167
Trd, 000147.350, 167
Trd, 000149.317, 169
Trd, 000150.667, 167
Trd, 000150.917, 168
Trd, 000151.817, 168
Trd, 000151.833, 169
Trd, 000152.500, 170
Trd, 000152.600, 167
Trd, 000152.667, 169
Trd, 000153.067, 167
Trd, 000154.083, 169
Trd, 000154.267, 166
Trd, 000154.900, 165
Trd, 000156.250, 169
Trd, 000156.600, 161
Trd, 000156.833, 160
Trd, 000157.233, 163
Trd, 000157.333, 169
Trd, 000158.300, 170
Trd, 000159.300, 170
Trd, 000160.033, 169
Trd, 000161.317, 180
Trd, 000161.833, 170
Trd, 000162.317, 167
Trd, 000163.233, 167
Trd, 000163.833, 167
Trd, 000163.867, 166
Trd, 000164.600, 172
Trd, 000165.633, 167
Trd, 000165.783, 172
Trd, 000167.667, 170
Trd, 000168.417, 168
Trd, 000168.700, 168
Trd, 000169.067, 169
Trd, 000169.283, 161
Trd, 000169.550, 171
Trd, 000170.667, 166
Trd, 000171.483, 172
Trd, 000172.200, 168
Trd, 000173.800, 173
Trd, 000173.933, 171
Trd, 000174.067, 170
Trd, 000174.717, 167
Trd, 000175.833, 169
Trd, 000176.467, 167
Trd, 000176.933, 165
Trd, 000177.300, 161
Trd, 000178.100, 172
Trd, 000179.917, 168
Trd, 000179.933, 167
Trd, 000180.883, 168
Trd, 000181.500, 170
Trd, 000181.700, 173
Trd, 000182.017, 169
Trd, 000184.100, 176
Trd, 000184.383, 173
Trd, 000185.900, 169
Trd, 000186.650, 170
Trd, 000187.700, 170
Trd, 000188.000, 170
Trd, 000188.183, 173
Trd, 000189.283, 171
Trd, 000189.850, 169
Trd, 000190.283, 168
Trd, 000190.533, 167
Trd, 000191.783, 168
Trd, 000193.267, 170
Trd, 000193.317, 170
Trd, 000193.883, 169
Trd, 000195.967, 168
Trd, 000196.850, 167
Trd, 000197.500, 170
Trd, 000198.550, 175
Trd, 000198.783, 170
Trd, 000198.933, 177
Trd, 000199.200, 185
Trd, 000199.900, 171
Trd, 000200.217, 168
Trd, 000201.767, 174
Trd, 000202.583, 176
Trd, 000202.650, 174
Trd, 000203.200, 176
Trd, 000203.450, 173
Trd, 000204.983, 174
Trd, 000205.600, 175
Trd, 000205.900, 173
Trd, 000207.283, 172
Trd, 000207.733, 175
Trd, 000208.733, 171
Trd, 000209.483, 173
Trd, 000210.833, 176
Trd, 000212.133, 172
Trd, 000213.117, 172
Trd, 000214.133, 171
Trd, 000214.367, 170
Trd, 000215.167, 171
Trd, 000215.417, 172
Trd, 000215.650, 172
Trd, 000215.733, 170
Trd, 000217.167, 176
Trd, 000217.750, 176
Trd, 000218.817, 173
Trd, 000219.317, 173
Trd, 000219.933, 174
Trd, 000220.833, 174
Trd, 000221.950, 172
Trd, 000223.067, 172
Trd, 000224.017, 171
Trd, 000224.083, 176
Trd, 000224.433, 173
Trd, 000224.567, 180
Trd, 000224.633, 170
Trd, 000226.600, 175
Trd, 000226.717, 177
Trd, 000226.833, 174
Trd, 000227.217, 178
Trd, 000228.067, 171
Trd, 000228.433, 178
Trd, 000228.667, 170
Trd, 000228.850, 170
Trd, 000229.817, 170
Trd, 000232.050, 172
Trd, 000232.100, 171
Trd, 000232.450, 167
Trd, 000233.100, 171
Trd, 000234.350, 174
Trd, 000235.600, 173
Trd, 000235.617, 175
Trd, 000235.767, 171
Trd, 000236.367, 175
Trd, 000236.717, 175
Trd, 000237.933, 176
Trd, 000238.417, 174
Trd, 000239.533, 175
Trd, 000240.233, 174
Trd, 000240.300, 172
Trd, 000240.617, 175
Trd, 000240.767, 174
Trd, 000240.783, 175
Trd, 000240.983, 174
Trd, 000241.317, 176
Trd, 000241.750, 177
Trd, 000243.517, 179
Trd, 000244.467, 182
Trd, 000245.033, 184
Trd, 000245.050, 181
Trd, 000245.200, 179
Trd, 000245.250, 179
Trd, 000245.950, 176
Trd, 000246.183, 177
Trd, 000246.517, 179
Trd, 000247.050, 172
Trd, 000248.283, 179
Trd, 000249.117, 177
Trd, 000249.900, 176
Trd, 000250.350, 176
Trd, 000250.467, 177
Trd, 000250.600, 174
Trd, 000250.700, 173
Trd, 000251.967, 178
Trd, 000252.717, 177
Trd, 000252.800, 179
Trd, 000253.033, 180
Trd, 000253.683, 179
Trd, 000253.867, 177
Trd, 000254.783, 179
Trd, 000254.883, 180
Trd, 000254.983, 182
Trd, 000255.150, 183
Trd, 000255.250, 179
Trd, 000256.667, 179
Trd, 000257.300, 181
Trd, 000257.667, 178
Trd, 000257.950, 181
Trd, 000258.967, 177
Trd, 000259.567, 182
Trd, 000259.650, 174
Trd, 000260.133, 175
Trd, 000261.400, 177
Trd, 000261.600, 178
Trd, 000261.867, 180
Trd, 000263.017, 181
Trd, 000263.083, 182
Trd, 000263.167, 181
Trd, 000263.417, 182
Trd, 000263.567, 180
Trd, 000264.150, 183
Trd, 000264.467, 179
Trd, 000264.667, 183
Trd, 000264.733, 181
Trd, 000265.283, 180
Trd, 000265.550, 184
Trd, 000266.767, 182
Trd, 000267.117, 181
Trd, 000267.517, 180
Trd, 000267.550, 181
Trd, 000267.583, 183
Trd, 000267.600, 179
Trd, 000268.300, 180
Trd, 000269.017, 179
Trd, 000269.383, 174
Trd, 000269.417, 178
Trd, 000269.783, 173
Trd, 000270.433, 189
Trd, 000270.500, 171
Trd, 000270.600, 168
Trd, 000271.683, 175
Trd, 000271.950, 181
Trd, 000272.383, 185
Trd, 000273.183, 181
Trd, 000273.217, 178
Trd, 000273.900, 181
Trd, 000274.250, 177
Trd, 000274.300, 176
Trd, 000274.550, 181
Trd, 000275.550, 179
Trd, 000275.683, 171
Trd, 000276.267, 176
Trd, 000276.317, 182
Trd, 000276.900, 175
Trd, 000276.967, 176
Trd, 000277.317, 175
Trd, 000277.367, 182
Trd, 000278.083, 179
Trd, 000278.117, 174
Trd, 000279.100, 186
Trd, 000279.383, 186
Trd, 000279.550, 186
Trd, 000279.600, 184
Trd, 000280.400, 188
Trd, 000281.317, 188
Trd, 000281.800, 187
Trd, 000283.000, 188
Trd, 000283.617, 189
Trd, 000283.883, 183
Trd, 000284.650, 185
Trd, 000285.350, 184
Trd, 000285.483, 188
Trd, 000285.550, 181
Trd, 000285.850, 186
Trd, 000286.083, 179
Trd, 000286.100, 176
Trd, 000286.533, 169
Trd, 000287.100, 173
Trd, 000287.900, 161
Trd, 000288.200, 173
Trd, 000288.533, 171
Trd, 000288.617, 172
Trd, 000289.717, 171
Trd, 000289.800, 173
Trd, 000289.817, 180
Trd, 000290.000, 181
Trd, 000290.583, 171
Trd, 000290.867, 184
Trd, 000291.867, 184
Trd, 000292.833, 187
Trd, 000293.133, 177
Trd, 000293.300, 174
Trd, 000293.350, 173
Trd, 000293.383, 194
Trd, 000293.650, 197
Trd, 000294.033, 180
Trd, 000294.117, 192
Trd, 000294.200, 179
Trd, 000294.850, 191
Trd, 000295.517, 190
Trd, 000296.350, 180
Trd, 000296.450, 173
Trd, 000296.667, 181
Trd, 000296.717, 178
Trd, 000297.017, 177
Trd, 000298.167, 186
Trd, 000298.350, 187
Trd, 000298.550, 178
Trd, 000298.717, 178
Trd, 000299.117, 188
