Trd, 000002.067, 113
Trd, 000002.117, 141
Trd, 000002.600, 120
Trd, 000003.350, 150
Trd, 000003.933, 147
Trd, 000004.500, 143
Trd, 000004.783, 147
Trd, 000005.517, 146
Trd, 000005.717, 172
Trd, 000007.300, 148
Trd, 000007.467, 143
Trd, 000007.600, 141
Trd, 000007.967, 152
Trd, 000008.033, 163
Trd, 000009.100, 158
Trd, 000009.700, 161
Trd, 000009.767, 164
Trd, 000010.067, 156
Trd, 000010.233, 164
Trd, 000010.283, 165
Trd, 000010.700, 149
Trd, 000010.817, 138
Trd, 000011.200, 166
Trd, 000012.567, 166
Trd, 000013.033, 167
Trd, 000013.067, 171
Trd, 000013.133, 149
Trd, 000013.983, 171
Trd, 000014.300, 162
Trd, 000014.350, 149
Trd, 000015.300, 148
Trd, 000015.767, 144
Trd, 000015.917, 159
Trd, 000016.083, 160
Trd, 000016.667, 148
Trd, 000017.050, 151
Trd, 000017.167, 145
Trd, 000017.483, 143
Trd, 000017.533, 150
Trd, 000017.583, 130
Trd, 000017.717, 152
Trd, 000018.900, 153
Trd, 000019.000, 164
Trd, 000019.683, 148
Trd, 000019.833, 156
Trd, 000020.267, 152
Trd, 000020.450, 164
Trd, 000020.667, 168
Trd, 000021.533, 158
Trd, 000022.050, 153
Trd, 000022.450, 160
Trd, 000023.600, 156
Trd, 000023.717, 155
Trd, 000024.867, 156
Trd, 000025.400, 156
Trd, 000026.067, 154
Trd, 000026.300, 154
Trd, 000026.400, 157
Trd, 000026.700, 145
Trd, 000026.933, 158
Trd, 000027.333, 130
Trd, 000028.067, 154
Trd, 000028.283, 153
Trd, 000028.433, 145
Trd, 000029.383, 142
Trd, 000030.267, 150
Trd, 000030.767, 146
Trd, 000031.333, 150
Trd, 000031.383, 151
Trd, 000031.500, 146
Trd, 000031.700, 151
Trd, 000031.967, 152
Trd, 000032.567, 144
Trd, 000033.050, 152
Trd, 000033.600, 144
Trd, 000033.733, 168
Trd, 000034.467, 154
Trd, 000034.883, 160
Trd, 000034.983, 159
Trd, 000035.350, 144
Trd, 000035.450, 140
Trd, 000035.917, 185
Trd, 000036.317, 117
Trd, 000037.017, 176
Trd, 000038.117, 170
Trd, 000038.467, 158
Trd, 000039.017, 155
Trd, 000039.467, 144
Trd, 000039.883, 162
Trd, 000040.033, 141
Trd, 000040.617, 148
Trd, 000040.817, 162
Trd, 000041.250, 163
Trd, 000042.017, 147
Trd, 000042.550, 147
Trd, 000042.900, 161
Trd, 000043.050, 162
Trd, 000043.283, 166
Trd, 000043.633, 172
Trd, 000043.700, 181
Trd, 000044.967, 175
Trd, 000045.750, 152
Trd, 000046.083, 141
Trd, 000046.367, 151
Trd, 000046.450, 160
Trd, 000046.767, 125
Trd, 000047.600, 139
Trd, 000047.967, 150
Trd, 000048.467, 145
Trd, 000048.800, 139
Trd, 000049.650, 141
Trd, 000051.117, 144
Trd, 000051.183, 145
Trd, 000051.917, 146
Trd, 000052.483, 142
Trd, 000052.733, 141
Trd, 000052.950, 145
Trd, 000053.417, 147
Trd, 000053.667, 142
Trd, 000054.600, 150
Trd, 000054.800, 150
Trd, 000055.150, 147
Trd, 000055.200, 150
Trd, 000055.317, 154
Trd, 000055.367, 156
Trd, 000055.517, 151
Trd, 000056.367, 177
Trd, 000056.567, 176
Trd, 000056.617, 168
Trd, 000057.217, 148
Trd, 000057.717, 158
Trd, 000058.233, 154
Trd, 000058.583, 157
Trd, 000058.717, 157
Trd, 000059.033, 133
Trd, 000059.517, 181
Trd, 000059.867, 165
Trd, 000060.550, 162
Trd, 000060.750, 166
Trd, 000060.850, 158
Trd, 000060.917, 188
Trd, 000062.183, 178
Trd, 000062.383, 158
Trd, 000062.517, 163
Trd, 000064.050, 179
Trd, 000064.633, 171
Trd, 000064.683, 157
Trd, 000064.933, 176
Trd, 000066.167, 154
Trd, 000067.017, 157
Trd, 000067.200, 143
Trd, 000067.250, 157
Trd, 000067.733, 157
Trd, 000067.967, 157
Trd, 000068.200, 157
Trd, 000069.600, 158
Trd, 000069.667, 158
Trd, 000070.217, 158
Trd, 000070.717, 157
Trd, 000070.850, 155
Trd, 000070.967, 155
Trd, 000071.500, 157
Trd, 000071.817, 156
Trd, 000071.900, 154
Trd, 000071.967, 159
Trd, 000072.383, 150
Trd, 000072.417, 172
Trd, 000072.617, 164
Trd, 000073.250, 150
Trd, 000073.550, 146
Trd, 000074.167, 147
Trd, 000075.333, 156
Trd, 000076.450, 156
Trd, 000076.567, 156
Trd, 000076.783, 157
Trd, 000077.317, 159
Trd, 000077.633, 175
Trd, 000078.217, 161
Trd, 000079.233, 156
Trd, 000079.850, 159
Trd, 000079.983, 160
Trd, 000080.100, 161
Trd, 000080.267, 157
Trd, 000080.567, 151
Trd, 000081.167, 149
Trd, 000081.300, 148
Trd, 000081.367, 156
Trd, 000081.483, 145
Trd, 000081.867, 145
Trd, 000081.917, 153
Trd, 000082.117, 158
Trd, 000082.967, 135
Trd, 000083.400, 155
Trd, 000083.483, 139
Trd, 000083.717, 156
Trd, 000083.900, 157
Trd, 000085.933, 149
Trd, 000086.250, 159
Trd, 000087.350, 156
Trd, 000087.383, 155
Trd, 000088.300, 153
Trd, 000088.667, 151
Trd, 000089.183, 156
Trd, 000089.400, 157
Trd, 000089.500, 157
Trd, 000089.783, 152
Trd, 000090.267, 175
Trd, 000090.333, 166
Trd, 000091.250, 168
Trd, 000091.267, 166
Trd, 000092.583, 168
Trd, 000092.700, 166
Trd, 000092.750, 176
Trd, 000092.900, 163
Trd, 000093.483, 158
Trd, 000093.567, 166
Trd, 000093.767, 160
Trd, 000093.783, 150
Trd, 000094.017, 149
Trd, 000094.850, 160
Trd, 000095.083, 161
Trd, 000095.283, 150
Trd, 000096.067, 157
Trd, 000097.083, 154
Trd, 000097.267, 153
Trd, 000098.367, 149
Trd, 000098.900, 171
Trd, 000099.350, 163
Trd, 000100.083, 161
Trd, 000100.250, 163
Trd, 000100.333, 164
Trd, 000100.383, 159
Trd, 000100.700, 158
Trd, 000101.083, 162
Trd, 000101.317, 157
Trd, 000101.633, 164
Trd, 000102.383, 162
Trd, 000103.050, 163
Trd, 000103.633, 175
Trd, 000103.750, 161
Trd, 000104.767, 168
Trd, 000105.267, 165
Trd, 000105.400, 163
Trd, 000106.117, 153
Trd, 000106.517, 152
Trd, 000106.817, 151
Trd, 000107.233, 151
Trd, 000108.267, 153
Trd, 000108.517, 153
Trd, 000109.033, 152
Trd, 000109.133, 150
Trd, 000109.250, 148
Trd, 000109.300, 154
Trd, 000109.750, 155
Trd, 000110.250, 162
Trd, 000111.083, 163
Trd, 000111.133, 176
Trd, 000111.833, 162
Trd, 000113.000, 161
Trd, 000113.700, 155
Trd, 000113.950, 164
Trd, 000115.067, 185
Trd, 000115.700, 154
Trd, 000115.800, 179
Trd, 000116.050, 163
Trd, 000116.483, 156
Trd, 000116.600, 170
Trd, 000117.267, 161
Trd, 000117.383, 161
Trd, 000117.467, 152
Trd, 000117.617, 165
Trd, 000117.917, 166
Trd, 000118.267, 166
Trd, 000119.200, 166
Trd, 000120.033, 164
Trd, 000120.167, 160
Trd, 000120.700, 163
Trd, 000121.000, 155
Trd, 000121.050, 164
Trd, 000121.667, 163
Trd, 000121.767, 158
Trd, 000122.050, 150
Trd, 000122.083, 149
Trd, 000122.750, 157
Trd, 000123.183, 160
Trd, 000124.083, 150
Trd, 000124.283, 149
Trd, 000124.533, 159
Trd, 000124.700, 139
Trd, 000125.017, 160
Trd, 000125.967, 167
Trd, 000126.333, 161
Trd, 000126.533, 161
Trd, 000126.550, 163
Trd, 000127.033, 160
Trd, 000127.783, 160
Trd, 000127.917, 149
Trd, 000129.267, 162
Trd, 000129.950, 157
Trd, 000130.017, 162
Trd, 000130.150, 161
Trd, 000130.850, 161
Trd, 000131.417, 160
Trd, 000131.467, 156
Trd, 000132.150, 155
Trd, 000132.350, 156
Trd, 000132.533, 155
Trd, 000132.750, 161
Trd, 000134.867, 185
Trd, 000135.133, 189
Trd, 000135.900, 175
Trd, 000136.083, 177
Trd, 000136.100, 177
Trd, 000136.133, 175
Trd, 000137.017, 174
Trd, 000137.383, 178
Trd, 000137.883, 167
Trd, 000138.283, 169
Trd, 000138.617, 175
Trd, 000139.317, 186
Trd, 000139.683, 178
Trd, 000140.350, 167
Trd, 000140.483, 162
Trd, 000140.933, 161
Trd, 000140.950, 151
Trd, 000141.267, 163
Trd, 000141.633, 152
Trd, 000142.067, 148
Trd, 000142.667, 151
Trd, 000142.833, 150
Trd, 000143.833, 157
Trd, 000144.033, 149
Trd, 000144.650, 157
Trd, 000144.800, 147
Trd, 000145.200, 157
Trd, 000145.700, 162
Trd, 000146.450, 164
Trd, 000146.800, 161
Trd, 000147.367, 163
Trd, 000147.383, 164
Trd, 000147.500, 153
Trd, 000147.717, 166
Trd, 000148.017, 164
Trd, 000148.083, 180
Trd, 000148.967, 166
Trd, 000149.550, 167
Trd, 000149.667, 169
Trd, 000151.833, 167
Trd, 000152.017, 166
Trd, 000152.633, 168
Trd, 000152.817, 169
Trd, 000153.617, 167
Trd, 000153.967, 163
Trd, 000154.100, 142
Trd, 000154.617, 167
Trd, 000154.900, 166
Trd, 000155.167, 165
Trd, 000155.233, 151
Trd, 000156.800, 157
Trd, 000156.867, 155
Trd, 000156.967, 153
Trd, 000157.833, 161
Trd, 000157.883, 160
Trd, 000158.817, 161
Trd, 000158.867, 161
Trd, 000159.000, 164
Trd, 000159.367, 167
Trd, 000159.900, 152
Trd, 000160.200, 152
Trd, 000160.233, 153
Trd, 000160.900, 161
Trd, 000160.967, 160
Trd, 000161.733, 169
Trd, 000162.250, 167
Trd, 000162.583, 167
Trd, 000162.933, 158
Trd, 000164.033, 166
Trd, 000164.300, 161
Trd, 000164.450, 160
Trd, 000164.500, 167
Trd, 000164.850, 168
Trd, 000165.000, 169
Trd, 000165.283, 184
Trd, 000165.750, 173
Trd, 000166.550, 173
Trd, 000167.183, 167
Trd, 000167.633, 166
Trd, 000167.800, 176
Trd, 000167.833, 177
Trd, 000169.217, 184
Trd, 000169.467, 186
Trd, 000169.633, 165
Trd, 000169.783, 164
Trd, 000170.050, 197
Trd, 000170.900, 189
Trd, 000171.150, 183
Trd, 000171.283, 161
Trd, 000171.383, 159
Trd, 000172.750, 171
Trd, 000173.133, 174
Trd, 000173.750, 171
Trd, 000174.917, 172
Trd, 000176.083, 158
Trd, 000176.100, 157
Trd, 000176.117, 165
Trd, 000176.450, 166
Trd, 000176.567, 159
Trd, 000177.067, 164
Trd, 000177.850, 165
Trd, 000178.167, 166
Trd, 000178.450, 163
Trd, 000178.833, 166
Trd, 000178.933, 159
Trd, 000180.183, 163
Trd, 000180.467, 161
Trd, 000181.317, 160
Trd, 000181.433, 158
Trd, 000182.083, 159
Trd, 000182.417, 157
Trd, 000183.350, 158
Trd, 000183.767, 160
Trd, 000183.917, 161
Trd, 000184.350, 155
Trd, 000184.617, 161
Trd, 000184.800, 162
Trd, 000185.133, 155
Trd, 000185.683, 166
Trd, 000186.233, 153
Trd, 000186.717, 167
Trd, 000186.967, 156
Trd, 000187.417, 169
Trd, 000187.917, 184
Trd, 000188.000, 153
Trd, 000188.083, 184
Trd, 000188.867, 180
Trd, 000188.983, 160
Trd, 000189.017, 180
Trd, 000190.017, 181
Trd, 000192.433, 172
Trd, 000192.467, 174
Trd, 000192.483, 175
Trd, 000193.200, 173
Trd, 000193.217, 170
Trd, 000193.300, 174
Trd, 000193.533, 170
Trd, 000193.567, 169
Trd, 000194.417, 172
Trd, 000194.817, 172
Trd, 000195.683, 172
Trd, 000195.733, 174
Trd, 000195.883, 184
Trd, 000196.000, 170
Trd, 000196.450, 176
Trd, 000196.683, 170
Trd, 000196.817, 195
Trd, 000197.717, 167
Trd, 000198.333, 183
Trd, 000199.850, 176
Trd, 000200.567, 176
Trd, 000200.883, 177
Trd, 000201.250, 175
Trd, 000201.383, 171
Trd, 000201.700, 168
Trd, 000201.967, 169
Trd, 000202.783, 175
Trd, 000203.300, 175
Trd, 000203.600, 167
Trd, 000204.300, 172
Trd, 000204.483, 176
Trd, 000204.533, 165
Trd, 000204.783, 163
Trd, 000205.300, 164
Trd, 000206.433, 169
Trd, 000206.550, 164
Trd, 000206.900, 170
Trd, 000207.533, 169
Trd, 000207.733, 166
Trd, 000208.083, 164
Trd, 000208.350, 161
Trd, 000208.717, 157
Trd, 000208.800, 166
Trd, 000210.383, 162
Trd, 000210.533, 160
Trd, 000210.667, 162
Trd, 000211.083, 159
Trd, 000211.167, 163
Trd, 000212.050, 158
Trd, 000212.183, 165
Trd, 000212.417, 168
Trd, 000212.583, 158
Trd, 000212.850, 169
Trd, 000213.067, 172
Trd, 000214.783, 166
Trd, 000215.167, 167
Trd, 000215.300, 165
Trd, 000215.567, 167
Trd, 000217.017, 166
Trd, 000217.100, 169
Trd, 000217.133, 165
Trd, 000217.233, 162
Trd, 000218.583, 166
Trd, 000219.000, 161
Trd, 000219.100, 166
Trd, 000219.133, 159
Trd, 000219.817, 164
Trd, 000219.883, 163
Trd, 000220.050, 162
Trd, 000220.483, 162
Trd, 000221.400, 159
Trd, 000222.217, 160
Trd, 000222.233, 159
Trd, 000222.500, 163
Trd, 000223.733, 150
Trd, 000224.383, 163
Trd, 000225.350, 161
Trd, 000225.433, 162
Trd, 000225.483, 166
Trd, 000225.800, 170
Trd, 000226.100, 174
Trd, 000226.383, 162
Trd, 000227.533, 170
Trd, 000227.633, 167
Trd, 000228.217, 175
Trd, 000228.333, 175
Trd, 000229.450, 171
Trd, 000229.617, 171
Trd, 000229.783, 172
Trd, 000229.917, 170
Trd, 000229.950, 165
Trd, 000229.967, 161
Trd, 000230.167, 167
Trd, 000230.267, 188
Trd, 000230.633, 204
Trd, 000230.667, 160
Trd, 000231.750, 178
Trd, 000232.967, 151
Trd, 000233.017, 163
Trd, 000233.300, 164
Trd, 000233.800, 160
Trd, 000234.133, 172
Trd, 000234.633, 174
Trd, 000234.700, 174
Trd, 000234.950, 161
Trd, 000235.217, 187
Trd, 000235.233, 189
Trd, 000235.450, 160
Trd, 000235.967, 158
Trd, 000236.117, 163
Trd, 000236.450, 183
Trd, 000236.917, 193
Trd, 000238.050, 159
Trd, 000238.400, 163
Trd, 000238.933, 194
Trd, 000239.267, 174
Trd, 000239.900, 183
Trd, 000240.317, 193
Trd, 000240.517, 187
Trd, 000240.767, 186
Trd, 000241.100, 186
Trd, 000241.300, 185
Trd, 000241.417, 159
Trd, 000241.683, 184
Trd, 000242.117, 182
Trd, 000242.333, 179
Trd, 000243.350, 176
Trd, 000243.667, 176
Trd, 000243.933, 175
Trd, 000244.133, 175
Trd, 000244.183, 176
Trd, 000244.417, 172
Trd, 000244.500, 178
Trd, 000245.300, 200
Trd, 000245.750, 187
Trd, 000246.217, 188
Trd, 000247.217, 188
Trd, 000247.533, 189
Trd, 000247.650, 184
Trd, 000247.800, 189
Trd, 000248.017, 178
Trd, 000248.050, 176
Trd, 000248.183, 164
Trd, 000248.767, 189
Trd, 000248.950, 188
Trd, 000249.233, 165
Trd, 000251.400, 177
Trd, 000251.467, 179
Trd, 000252.467, 177
Trd, 000252.567, 176
Trd, 000252.583, 176
Trd, 000253.217, 175
Trd, 000253.350, 177
Trd, 000253.833, 173
Trd, 000254.200, 172
Trd, 000254.517, 168
Trd, 000254.533, 171
Trd, 000254.650, 168
Trd, 000255.483, 173
Trd, 000255.750, 170
Trd, 000256.067, 169
Trd, 000256.767, 171
Trd, 000256.833, 172
Trd, 000257.050, 168
Trd, 000257.167, 165
Trd, 000257.317, 162
Trd, 000258.283, 172
Trd, 000258.817, 173
Trd, 000258.900, 174
Trd, 000259.100, 177
Trd, 000260.117, 182
Trd, 000260.400, 176
Trd, 000260.450, 177
Trd, 000260.683, 178
Trd, 000261.033, 182
Trd, 000261.100, 181
Trd, 000261.833, 177
Trd, 000261.900, 184
Trd, 000262.167, 191
Trd, 000262.450, 192
Trd, 000263.100, 179
Trd, 000263.200, 177
Trd, 000263.650, 180
Trd, 000264.083, 191
Trd, 000264.617, 182
Trd, 000264.633, 191
Trd, 000264.700, 177
Trd, 000265.100, 174
Trd, 000266.100, 178
Trd, 000266.133, 179
Trd, 000266.917, 181
Trd, 000267.350, 181
Trd, 000267.467, 177
Trd, 000267.850, 176
Trd, 000268.683, 181
Trd, 000268.883, 178
Trd, 000269.583, 180
Trd, 000269.667, 175
Trd, 000270.117, 169
Trd, 000270.517, 174
Trd, 000270.867, 169
Trd, 000271.417, 175
Trd, 000272.200, 175
Trd, 000272.583, 175
Trd, 000272.800, 178
Trd, 000273.900, 175
Trd, 000274.050, 174
Trd, 000274.650, 184
Trd, 000274.917, 185
Trd, 000275.317, 173
Trd, 000276.100, 186
Trd, 000276.383, 180
Trd, 000276.567, 179
Trd, 000277.383, 181
Trd, 000277.500, 186
Trd, 000277.883, 185
Trd, 000278.450, 179
Trd, 000279.250, 182
Trd, 000279.700, 183
Trd, 000279.767, 186
Trd, 000280.050, 192
Trd, 000280.367, 182
Trd, 000280.567, 188
Trd, 000280.967, 181
Trd, 000280.983, 189
Trd, 000281.267, 176
Trd, 000281.383, 194
Trd, 000281.450, 170
Trd, 000281.750, 191
Trd, 000281.883, 170
Trd, 000282.000, 165
Trd, 000282.433, 192
Trd, 000283.167, 180
Trd, 000283.550, 176
Trd, 000284.100, 173
Trd, 000284.417, 175
Trd, 000284.450, 171
Trd, 000284.550, 170
Trd, 000284.783, 175
Trd, 000285.433, 164
Trd, 000286.183, 176
Trd, 000286.400, 176
Trd, 000286.750, 164
Trd, 000287.417, 174
Trd, 000289.067, 176
Trd, 000289.633, 175
Trd, 000289.783, 176
Trd, 000290.417, 175
Trd, 000290.467, 177
Trd, 000290.533, 174
Trd, 000290.667, 174
Trd, 000291.300, 177
Trd, 000291.383, 177
Trd, 000292.267, 173
Trd, 000292.717, 172
Trd, 000293.100, 177
Trd, 000294.483, 173
Trd, 000294.883, 172
Trd, 000294.917, 179
Trd, 000295.217, 171
Trd, 000295.233, 177
Trd, 000295.500, 177
Trd, 000295.717, 178
Trd, 000295.867, 177
Trd, 000296.117, 181
Trd, 000296.367, 183
Trd, 000297.033, 187
Trd, 000297.700, 180
Trd, 000297.817, 176
Trd, 000298.800, 189
Trd, 000298.883, 190
Trd, 000299.583, 182
Trd, 000299.617, 184
Trd, 000299.700, 184
Trd, 000299.967, 181
