Trd, 000001.267, 134
Trd, 000001.333, 142
Trd, 000001.933, 112
Trd, 000002.733, 107
Trd, 000003.333, 122
Trd, 000003.533, 127
Trd, 000004.883, 121
Trd, 000005.017, 131
Trd, 000005.217, 144
Trd, 000005.583, 155
Trd, 000006.633, 157
Trd, 000008.017, 147
Trd, 000008.533, 145
Trd, 000009.567, 147
Trd, 000009.750, 150
Trd, 000009.767, 152
Trd, 000010.233, 154
Trd, 000010.383, 155
Trd, 000010.450, 151
Trd, 000011.750, 156
Trd, 000012.433, 154
Trd, 000012.633, 156
Trd, 000013.383, 154
Trd, 000014.667, 153
Trd, 000014.883, 154
Trd, 000015.233, 151
Trd, 000015.433, 150
Trd, 000015.967, 151
Trd, 000015.983, 155
Trd, 000016.917, 149
Trd, 000017.717, 149
Trd, 000018.067, 152
Trd, 000018.267, 149
Trd, 000018.767, 146
Trd, 000018.933, 143
Trd, 000019.150, 151
Trd, 000019.283, 153
Trd, 000019.700, 152
Trd, 000021.800, 152
Trd, 000022.100, 151
Trd, 000022.183, 150
Trd, 000022.983, 154
Trd, 000023.050, 146
Trd, 000024.283, 147
Trd, 000026.117, 151
Trd, 000026.200, 152
Trd, 000027.150, 153
Trd, 000027.683, 151
Trd, 000027.783, 151
Trd, 000027.850, 154
Trd, 000028.383, 150
Trd, 000028.600, 147
Trd, 000028.883, 156
Trd, 000030.133, 155
Trd, 000030.950, 158
Trd, 000031.350, 157
Trd, 000032.017, 150
Trd, 000032.400, 179
Trd, 000033.317, 172
Trd, 000033.550, 173
Trd, 000034.617, 171
Trd, 000034.950, 170
Trd, 000035.617, 165
Trd, 000035.883, 166
Trd, 000036.350, 166
Trd, 000036.700, 167
Trd, 000036.750, 189
Trd, 000037.900, 171
Trd, 000038.633, 166
Trd, 000039.200, 166
Trd, 000039.567, 152
Trd, 000039.917, 167
Trd, 000040.267, 153
Trd, 000041.117, 153
Trd, 000042.133, 156
Trd, 000042.950, 156
Trd, 000043.383, 158
Trd, 000043.767, 153
Trd, 000044.533, 151
Trd, 000044.583, 156
Trd, 000044.850, 151
Trd, 000045.083, 150
Trd, 000046.067, 155
Trd, 000046.767, 154
Trd, 000048.367, 149
Trd, 000048.967, 154
Trd, 000049.650, 152
Trd, 000049.900, 148
Trd, 000050.350, 151
Trd, 000050.783, 151
Trd, 000050.917, 153
Trd, 000051.550, 160
Trd, 000051.817, 154
Trd, 000052.067, 153
Trd, 000052.383, 167
Trd, 000053.183, 155
Trd, 000053.717, 153
Trd, 000054.050, 162
Trd, 000054.267, 164
Trd, 000054.967, 160
Trd, 000055.383, 163
Trd, 000055.817, 157
Trd, 000056.667, 161
Trd, 000056.683, 163
Trd, 000056.900, 164
Trd, 000057.417, 147
Trd, 000058.750, 181
Trd, 000060.533, 160
Trd, 000061.017, 163
Trd, 000061.550, 163
Trd, 000061.800, 163
Trd, 000061.900, 159
Trd, 000062.783, 163
Trd, 000063.133, 164
Trd, 000063.483, 163
Trd, 000064.267, 159
Trd, 000064.717, 158
Trd, 000065.433, 163
Trd, 000066.233, 161
Trd, 000066.383, 164
Trd, 000067.350, 172
Trd, 000067.700, 170
Trd, 000068.117, 169
Trd, 000068.250, 154
Trd, 000069.217, 162
Trd, 000070.350, 155
Trd, 000070.483, 155
Trd, 000070.500, 162
Trd, 000070.567, 169
Trd, 000070.767, 185
Trd, 000071.283, 151
Trd, 000073.300, 166
Trd, 000073.500, 155
Trd, 000073.967, 163
Trd, 000074.100, 162
Trd, 000075.017, 155
Trd, 000075.600, 160
Trd, 000075.800, 155
Trd, 000076.650, 158
Trd, 000076.933, 157
Trd, 000077.683, 158
Trd, 000078.350, 161
Trd, 000078.617, 152
Trd, 000079.167, 162
Trd, 000079.217, 143
Trd, 000080.900, 160
Trd, 000081.100, 157
Trd, 000081.883, 155
Trd, 000081.900, 160
Trd, 000082.600, 155
Trd, 000083.783, 160
Trd, 000084.017, 157
Trd, 000084.300, 159
Trd, 000085.800, 156
Trd, 000086.083, 156
Trd, 000086.617, 157
Trd, 000086.650, 155
Trd, 000087.650, 157
Trd, 000088.017, 155
Trd, 000088.133, 158
Trd, 000088.567, 157
Trd, 000088.917, 159
Trd, 000089.750, 156
Trd, 000090.317, 158
Trd, 000091.617, 158
Trd, 000091.800, 164
Trd, 000092.083, 167
Trd, 000092.817, 166
Trd, 000094.783, 164
Trd, 000095.183, 160
Trd, 000095.200, 157
Trd, 000096.733, 162
Trd, 000097.567, 161
Trd, 000097.817, 162
Trd, 000098.367, 163
Trd, 000099.983, 161
Trd, 000100.400, 159
Trd, 000100.667, 159
Trd, 000100.750, 164
Trd, 000101.633, 163
Trd, 000102.117, 169
Trd, 000102.133, 159
Trd, 000103.983, 168
Trd, 000105.717, 163
Trd, 000105.933, 164
Trd, 000106.383, 163
Trd, 000107.467, 162
Trd, 000108.183, 162
Trd, 000108.700, 161
Trd, 000109.683, 160
Trd, 000110.617, 161
Trd, 000110.967, 162
Trd, 000111.233, 161
Trd, 000111.250, 164
Trd, 000111.967, 166
Trd, 000112.183, 157
Trd, 000113.533, 164
Trd, 000114.083, 157
Trd, 000115.733, 160
Trd, 000115.883, 160
Trd, 000116.000, 161
Trd, 000116.167, 162
Trd, 000116.500, 161
Trd, 000116.650, 164
Trd, 000117.933, 161
Trd, 000118.783, 161
Trd, 000118.917, 167
Trd, 000119.283, 162
Trd, 000120.350, 162
Trd, 000120.717, 165
Trd, 000121.217, 158
Trd, 000121.583, 164
Trd, 000121.683, 156
Trd, 000121.767, 153
Trd, 000121.867, 166
Trd, 000122.633, 159
Trd, 000124.267, 167
Trd, 000125.317, 167
Trd, 000126.100, 168
Trd, 000126.300, 160
Trd, 000126.800, 168
Trd, 000127.317, 167
Trd, 000127.633, 167
Trd, 000127.650, 158
Trd, 000128.417, 159
Trd, 000128.783, 159
Trd, 000129.567, 167
Trd, 000129.633, 167
Trd, 000131.067, 165
Trd, 000131.467, 166
Trd, 000132.017, 162
Trd, 000132.917, 164
Trd, 000133.233, 163
Trd, 000133.617, 164
Trd, 000133.733, 166
Trd, 000134.700, 156
Trd, 000135.000, 158
Trd, 000135.333, 154
Trd, 000135.517, 167
Trd, 000135.900, 157
Trd, 000137.233, 163
Trd, 000138.567, 161
Trd, 000138.750, 162
Trd, 000138.917, 161
Trd, 000139.433, 159
Trd, 000140.083, 158
Trd, 000140.100, 158
Trd, 000140.883, 158
Trd, 000142.150, 160
Trd, 000142.950, 161
Trd, 000143.217, 162
Trd, 000143.383, 163
Trd, 000143.400, 159
Trd, 000145.467, 160
Trd, 000145.650, 161
Trd, 000146.900, 162
Trd, 000147.017, 160
Trd, 000147.300, 164
Trd, 000147.967, 165
Trd, 000148.033, 161
Trd, 000148.233, 169
Trd, 000148.800, 169
Trd, 000149.133, 171
Trd, 000149.333, 164
Trd, 000150.983, 171
Trd, 000151.433, 164
Trd, 000152.150, 170
Trd, 000153.250, 170
Trd, 000153.750, 166
Trd, 000153.883, 165
Trd, 000155.500, 165
Trd, 000155.883, 165
Trd, 000156.050, 169
Trd, 000156.900, 168
Trd, 000157.233, 163
Trd, 000157.767, 170
Trd, 000158.083, 176
Trd, 000159.233, 163
Trd, 000162.100, 168
Trd, 000162.367, 168
Trd, 000162.467, 171
Trd, 000163.467, 168
Trd, 000164.033, 166
Trd, 000164.283, 167
Trd, 000164.433, 166
Trd, 000164.950, 165
Trd, 000165.017, 168
Trd, 000165.117, 167
Trd, 000165.167, 167
Trd, 000165.250, 164
Trd, 000166.017, 160
Trd, 000166.300, 171
Trd, 000167.600, 173
Trd, 000168.267, 163
Trd, 000169.250, 172
Trd, 000170.200, 172
Trd, 000171.017, 168
Trd, 000171.250, 167
Trd, 000172.100, 171
Trd, 000173.650, 166
Trd, 000173.717, 170
Trd, 000174.250, 170
Trd, 000175.183, 165
Trd, 000175.300, 161
Trd, 000175.583, 168
Trd, 000175.650, 170
Trd, 000176.917, 170
Trd, 000177.033, 162
Trd, 000177.400, 170
Trd, 000178.583, 164
Trd, 000179.383, 170
Trd, 000180.350, 173
Trd, 000180.467, 171
Trd, 000181.417, 170
Trd, 000181.433, 171
Trd, 000182.083, 170
Trd, 000183.733, 168
Trd, 000184.267, 166
Trd, 000184.417, 162
Trd, 000184.650, 168
Trd, 000184.983, 163
Trd, 000185.217, 166
Trd, 000186.117, 165
Trd, 000187.100, 165
Trd, 000187.267, 166
Trd, 000187.367, 163
Trd, 000187.383, 167
Trd, 000187.683, 160
Trd, 000188.400, 174
Trd, 000188.817, 166
Trd, 000189.417, 172
Trd, 000189.833, 166
Trd, 000191.333, 167
Trd, 000191.433, 168
Trd, 000191.550, 168
Trd, 000191.800, 168
Trd, 000192.400, 165
Trd, 000193.400, 166
Trd, 000193.867, 168
Trd, 000193.917, 166
Trd, 000194.217, 166
Trd, 000194.633, 165
Trd, 000195.733, 166
Trd, 000196.383, 167
Trd, 000197.050, 166
Trd, 000197.200, 167
Trd, 000197.833, 166
Trd, 000198.533, 165
Trd, 000199.817, 164
Trd, 000200.100, 169
Trd, 000200.483, 167
Trd, 000200.567, 163
Trd, 000200.667, 169
Trd, 000200.800, 175
Trd, 000201.633, 172
Trd, 000202.683, 168
Trd, 000202.883, 170
Trd, 000203.617, 170
Trd, 000203.950, 169
Trd, 000204.317, 164
Trd, 000206.050, 168
Trd, 000206.117, 170
Trd, 000206.783, 170
Trd, 000206.817, 170
Trd, 000206.933, 176
Trd, 000207.083, 166
Trd, 000208.333, 171
Trd, 000208.633, 172
Trd, 000209.117, 169
Trd, 000209.617, 171
Trd, 000209.833, 172
Trd, 000210.483, 172
Trd, 000211.283, 171
Trd, 000213.133, 172
Trd, 000213.367, 172
Trd, 000213.617, 171
Trd, 000214.450, 170
Trd, 000214.867, 172
Trd, 000214.883, 170
Trd, 000215.700, 170
Trd, 000215.917, 171
Trd, 000217.033, 172
Trd, 000217.100, 173
Trd, 000217.267, 171
Trd, 000217.567, 174
Trd, 000217.683, 173
Trd, 000218.150, 173
Trd, 000218.517, 170
Trd, 000218.733, 166
Trd, 000218.883, 174
Trd, 000218.983, 168
Trd, 000220.050, 173
Trd, 000220.317, 171
Trd, 000221.850, 169
Trd, 000222.017, 164
Trd, 000222.733, 169
Trd, 000222.933, 174
Trd, 000223.100, 173
Trd, 000223.750, 171
Trd, 000224.100, 173
Trd, 000224.517, 174
Trd, 000226.950, 176
Trd, 000227.117, 176
Trd, 000228.750, 178
Trd, 000228.850, 177
Trd, 000230.550, 173
Trd, 000230.717, 174
Trd, 000230.733, 171
Trd, 000231.283, 167
Trd, 000231.967, 170
Trd, 000232.167, 167
Trd, 000232.983, 169
Trd, 000233.917, 168
Trd, 000234.133, 168
Trd, 000234.633, 168
Trd, 000234.700, 167
Trd, 000235.683, 167
Trd, 000235.967, 168
Trd, 000236.133, 166
Trd, 000236.250, 166
Trd, 000237.150, 168
Trd, 000237.450, 169
Trd, 000238.300, 171
Trd, 000238.333, 170
Trd, 000238.400, 168
Trd, 000238.517, 165
Trd, 000239.550, 167
Trd, 000239.717, 168
Trd, 000240.317, 168
Trd, 000240.483, 166
Trd, 000240.600, 165
Trd, 000240.800, 167
Trd, 000241.767, 167
Trd, 000242.217, 166
Trd, 000242.917, 166
Trd, 000243.850, 167
Trd, 000243.933, 167
Trd, 000244.650, 165
Trd, 000244.883, 164
Trd, 000245.367, 169
Trd, 000246.033, 171
Trd, 000246.200, 174
Trd, 000246.317, 179
Trd, 000246.633, 167
Trd, 000246.767, 182
Trd, 000247.433, 171
Trd, 000247.500, 174
Trd, 000248.733, 175
Trd, 000249.183, 173
Trd, 000249.717, 179
Trd, 000250.100, 171
Trd, 000250.717, 169
Trd, 000250.967, 169
Trd, 000251.433, 175
Trd, 000251.933, 166
Trd, 000253.433, 168
Trd, 000253.583, 167
Trd, 000253.733, 166
Trd, 000253.983, 169
Trd, 000254.150, 170
Trd, 000254.267, 167
Trd, 000254.350, 181
Trd, 000254.433, 183
Trd, 000254.900, 175
Trd, 000255.750, 169
Trd, 000256.550, 166
Trd, 000257.583, 167
Trd, 000257.667, 168
Trd, 000257.717, 170
Trd, 000257.983, 170
Trd, 000258.183, 170
Trd, 000259.617, 169
Trd, 000259.950, 169
Trd, 000259.983, 170
Trd, 000260.017, 171
Trd, 000260.167, 174
Trd, 000260.933, 182
Trd, 000261.583, 175
Trd, 000262.183, 179
Trd, 000262.917, 183
Trd, 000263.033, 184
Trd, 000263.200, 176
Trd, 000263.383, 194
Trd, 000264.867, 190
Trd, 000265.050, 191
Trd, 000265.367, 189
Trd, 000265.533, 188
Trd, 000265.833, 186
Trd, 000266.333, 184
Trd, 000266.467, 182
Trd, 000266.500, 188
Trd, 000266.633, 191
Trd, 000267.067, 175
Trd, 000268.800, 174
Trd, 000268.933, 174
Trd, 000269.400, 174
Trd, 000269.600, 176
Trd, 000269.783, 172
Trd, 000269.883, 184
Trd, 000270.033, 170
Trd, 000270.200, 177
Trd, 000271.000, 178
Trd, 000271.250, 171
Trd, 000271.883, 171
Trd, 000272.083, 173
Trd, 000272.533, 176
Trd, 000272.817, 175
Trd, 000273.300, 175
Trd, 000273.317, 174
Trd, 000273.850, 174
Trd, 000274.617, 174
Trd, 000275.700, 176
Trd, 000275.783, 175
Trd, 000275.917, 176
Trd, 000276.467, 177
Trd, 000277.900, 176
Trd, 000278.083, 175
Trd, 000278.167, 175
Trd, 000278.250, 176
Trd, 000278.267, 177
Trd, 000278.567, 172
Trd, 000279.067, 171
Trd, 000279.300, 183
Trd, 000279.617, 168
Trd, 000280.217, 165
Trd, 000280.983, 178
Trd, 000281.500, 169
Trd, 000282.017, 173
Trd, 000282.150, 173
Trd, 000282.733, 173
Trd, 000283.383, 175
Trd, 000283.550, 172
Trd, 000283.567, 171
Trd, 000283.800, 175
Trd, 000284.233, 177
Trd, 000284.633, 171
Trd, 000284.667, 183
Trd, 000286.050, 177
Trd, 000286.317, 174
Trd, 000286.350, 173
Trd, 000286.600, 172
Trd, 000287.083, 176
Trd, 000287.600, 175
Trd, 000287.917, 173
Trd, 000288.600, 177
Trd, 000288.633, 178
Trd, 000289.483, 177
Trd, 000289.700, 185
Trd, 000290.300, 177
Trd, 000290.783, 176
Trd, 000290.967, 175
Trd, 000291.650, 173
Trd, 000292.333, 179
Trd, 000292.850, 180
Trd, 000293.067, 178
Trd, 000293.100, 172
Trd, 000294.600, 172
Trd, 000294.817, 179
Trd, 000295.483, 173
Trd, 000295.900, 178
Trd, 000296.067, 179
Trd, 000296.167, 179
Trd, 000296.500, 177
Trd, 000297.083, 177
Trd, 000297.550, 179
Trd, 000298.200, 178
Trd, 000298.717, 182
Trd, 000299.150, 183
Trd, 000299.283, 176
Trd, 000299.350, 185
Trd, 000299.783, 188
Trd, 000299.850, 174
