Trd, 000001.017, 128
Trd, 000002.283, 126
Trd, 000002.867, 124
Trd, 000003.333, 120
Trd, 000003.500, 137
Trd, 000003.517, 158
Trd, 000004.133, 122
Trd, 000005.283, 126
Trd, 000006.183, 131
Trd, 000007.400, 133
Trd, 000007.783, 139
Trd, 000008.467, 138
Trd, 000009.333, 139
Trd, 000010.367, 138
Trd, 000010.683, 142
Trd, 000010.750, 148
Trd, 000010.783, 149
Trd, 000010.817, 152
Trd, 000011.183, 149
Trd, 000011.517, 149
Trd, 000011.567, 148
Trd, 000011.917, 175
Trd, 000012.200, 141
Trd, 000013.683, 146
Trd, 000013.833, 148
Trd, 000014.750, 140
Trd, 000014.967, 149
Trd, 000015.217, 140
Trd, 000015.583, 142
Trd, 000016.017, 141
Trd, 000016.600, 141
Trd, 000017.133, 143
Trd, 000017.233, 144
Trd, 000017.433, 148
Trd, 000018.300, 148
Trd, 000019.183, 151
Trd, 000019.650, 147
Trd, 000021.167, 149
Trd, 000021.217, 150
Trd, 000021.567, 150
Trd, 000022.217, 147
Trd, 000023.217, 148
Trd, 000023.417, 148
Trd, 000023.600, 142
Trd, 000024.167, 148
Trd, 000024.333, 144
Trd, 000024.917, 150
Trd, 000025.217, 140
Trd, 000026.083, 151
Trd, 000026.233, 143
Trd, 000026.250, 140
Trd, 000026.700, 152
Trd, 000027.183, 140
Trd, 000027.633, 139
Trd, 000028.333, 150
Trd, 000029.100, 142
Trd, 000029.517, 147
Trd, 000030.683, 144
Trd, 000031.817, 148
Trd, 000032.233, 149
Trd, 000032.317, 146
Trd, 000032.767, 154
Trd, 000032.833, 168
Trd, 000033.117, 154
Trd, 000035.200, 161
Trd, 000035.550, 145
Trd, 000035.600, 164
Trd, 000035.817, 166
Trd, 000035.900, 139
Trd, 000036.467, 161
Trd, 000036.483, 140
Trd, 000036.967, 155
Trd, 000037.100, 142
Trd, 000037.700, 162
Trd, 000037.850, 142
Trd, 000038.633, 124
Trd, 000038.967, 144
Trd, 000039.550, 139
Trd, 000040.000, 140
Trd, 000040.617, 142
Trd, 000041.317, 138
Trd, 000041.550, 141
Trd, 000042.400, 138
Trd, 000042.933, 138
Trd, 000043.217, 137
Trd, 000043.433, 145
Trd, 000044.400, 143
Trd, 000044.917, 152
Trd, 000045.500, 153
Trd, 000045.600, 169
Trd, 000045.867, 142
Trd, 000046.300, 145
Trd, 000046.400, 140
Trd, 000047.000, 143
Trd, 000047.217, 169
Trd, 000047.550, 144
Trd, 000047.733, 148
Trd, 000048.183, 156
Trd, 000048.617, 147
Trd, 000048.867, 170
Trd, 000049.367, 145
Trd, 000050.050, 155
Trd, 000050.217, 154
Trd, 000050.317, 141
Trd, 000051.200, 146
Trd, 000052.583, 153
Trd, 000053.467, 149
Trd, 000053.783, 156
Trd, 000054.567, 170
Trd, 000054.767, 179
Trd, 000054.967, 151
Trd, 000055.233, 150
Trd, 000056.950, 155
Trd, 000057.133, 153
Trd, 000057.567, 159
Trd, 000058.717, 152
Trd, 000059.183, 151
Trd, 000059.850, 154
Trd, 000059.983, 157
Trd, 000060.067, 157
Trd, 000060.117, 171
Trd, 000061.617, 149
Trd, 000063.167, 147
Trd, 000063.650, 147
Trd, 000063.933, 154
Trd, 000064.467, 150
Trd, 000064.533, 156
Trd, 000065.717, 154
Trd, 000066.283, 155
Trd, 000066.517, 157
Trd, 000066.550, 151
Trd, 000066.567, 150
Trd, 000066.717, 171
Trd, 000066.833, 147
Trd, 000067.300, 147
Trd, 000067.433, 145
Trd, 000068.633, 148
Trd, 000069.483, 148
Trd, 000070.050, 149
Trd, 000070.217, 147
Trd, 000070.383, 158
Trd, 000070.900, 145
Trd, 000070.917, 143
Trd, 000072.417, 136
Trd, 000073.033, 136
Trd, 000073.267, 137
Trd, 000073.333, 136
Trd, 000073.850, 137
Trd, 000074.800, 137
Trd, 000075.633, 144
Trd, 000076.350, 145
Trd, 000077.000, 145
Trd, 000077.567, 146
Trd, 000077.983, 149
Trd, 000078.500, 145
Trd, 000078.717, 149
Trd, 000079.100, 143
Trd, 000080.033, 153
Trd, 000080.067, 159
Trd, 000080.467, 157
Trd, 000081.433, 170
Trd, 000082.150, 156
Trd, 000082.583, 173
Trd, 000082.933, 183
Trd, 000083.717, 166
Trd, 000084.067, 158
Trd, 000084.683, 157
Trd, 000086.267, 148
Trd, 000086.633, 157
Trd, 000086.650, 147
Trd, 000087.117, 159
Trd, 000087.867, 162
Trd, 000088.417, 147
Trd, 000088.667, 148
Trd, 000089.850, 159
Trd, 000090.000, 150
Trd, 000090.400, 158
Trd, 000090.983, 153
Trd, 000091.450, 149
Trd, 000092.000, 149
Trd, 000092.083, 149
Trd, 000092.217, 147
Trd, 000093.733, 146
Trd, 000093.883, 150
Trd, 000094.467, 146
Trd, 000094.733, 157
Trd, 000096.100, 153
Trd, 000097.017, 154
Trd, 000097.450, 158
Trd, 000097.617, 156
Trd, 000098.067, 157
Trd, 000098.467, 152
Trd, 000098.500, 168
Trd, 000099.350, 146
Trd, 000099.417, 174
Trd, 000099.483, 166
Trd, 000100.133, 165
Trd, 000101.600, 153
Trd, 000101.900, 158
Trd, 000102.300, 156
Trd, 000102.817, 156
Trd, 000102.933, 153
Trd, 000103.100, 152
Trd, 000103.933, 158
Trd, 000104.567, 151
Trd, 000105.367, 156
Trd, 000105.533, 156
Trd, 000106.217, 157
Trd, 000106.800, 154
Trd, 000106.883, 153
Trd, 000107.317, 156
Trd, 000107.617, 151
Trd, 000108.417, 148
Trd, 000109.150, 150
Trd, 000109.167, 153
Trd, 000109.517, 155
Trd, 000110.200, 151
Trd, 000110.483, 147
Trd, 000110.583, 141
Trd, 000111.067, 159
Trd, 000111.850, 153
Trd, 000113.683, 162
Trd, 000113.850, 156
Trd, 000114.367, 151
Trd, 000114.400, 156
Trd, 000114.467, 147
Trd, 000114.750, 158
Trd, 000115.467, 159
Trd, 000115.883, 150
Trd, 000116.417, 178
Trd, 000116.450, 151
Trd, 000117.500, 163
Trd, 000118.050, 161
Trd, 000118.900, 160
Trd, 000119.367, 164
Trd, 000119.700, 154
Trd, 000119.983, 163
Trd, 000120.100, 164
Trd, 000121.200, 163
Trd, 000121.267, 155
Trd, 000121.850, 153
Trd, 000122.033, 163
Trd, 000123.133, 156
Trd, 000123.317, 153
Trd, 000123.867, 153
Trd, 000124.067, 162
Trd, 000124.217, 162
Trd, 000124.500, 156
Trd, 000125.883, 170
Trd, 000125.933, 169
Trd, 000126.200, 168
Trd, 000127.900, 153
Trd, 000128.117, 163
Trd, 000128.567, 165
Trd, 000128.600, 177
Trd, 000129.050, 153
Trd, 000129.250, 152
Trd, 000129.733, 152
Trd, 000129.783, 153
Trd, 000130.033, 152
Trd, 000131.417, 154
Trd, 000133.000, 156
Trd, 000133.367, 161
Trd, 000133.433, 164
Trd, 000133.533, 171
Trd, 000133.733, 151
Trd, 000133.833, 151
Trd, 000134.617, 150
Trd, 000135.900, 152
Trd, 000136.117, 153
Trd, 000136.600, 151
Trd, 000137.167, 151
Trd, 000137.833, 151
Trd, 000137.867, 154
Trd, 000137.967, 152
Trd, 000138.800, 153
Trd, 000139.350, 162
Trd, 000139.817, 158
Trd, 000140.700, 173
Trd, 000140.867, 172
Trd, 000140.900, 162
Trd, 000141.083, 150
Trd, 000141.850, 156
Trd, 000142.483, 165
Trd, 000143.217, 161
Trd, 000144.017, 162
Trd, 000144.033, 163
Trd, 000144.050, 179
Trd, 000145.017, 160
Trd, 000145.250, 177
Trd, 000145.617, 163
Trd, 000145.800, 162
Trd, 000146.483, 159
Trd, 000146.667, 159
Trd, 000147.533, 166
Trd, 000148.300, 166
Trd, 000149.200, 166
Trd, 000149.683, 155
Trd, 000149.833, 166
Trd, 000151.117, 165
Trd, 000151.167, 165
Trd, 000151.267, 155
Trd, 000151.717, 156
Trd, 000152.750, 152
Trd, 000153.783, 154
Trd, 000154.583, 152
Trd, 000155.067, 156
Trd, 000155.417, 156
Trd, 000155.650, 155
Trd, 000155.717, 153
Trd, 000156.100, 162
Trd, 000156.900, 164
Trd, 000157.017, 166
Trd, 000157.250, 168
Trd, 000157.333, 181
Trd, 000158.183, 159
Trd, 000159.667, 159
Trd, 000159.950, 165
Trd, 000160.300, 157
Trd, 000160.517, 156
Trd, 000160.717, 157
Trd, 000161.217, 162
Trd, 000161.283, 164
Trd, 000161.300, 164
Trd, 000161.400, 167
Trd, 000161.517, 181
Trd, 000163.200, 163
Trd, 000163.500, 159
Trd, 000163.833, 159
Trd, 000164.117, 158
Trd, 000164.150, 156
Trd, 000164.450, 163
Trd, 000165.000, 152
Trd, 000167.050, 150
Trd, 000167.550, 149
Trd, 000168.150, 149
Trd, 000168.167, 157
Trd, 000168.200, 165
Trd, 000168.400, 142
Trd, 000169.317, 165
Trd, 000170.067, 166
Trd, 000170.933, 158
Trd, 000171.350, 167
Trd, 000171.400, 166
Trd, 000172.517, 154
Trd, 000172.567, 163
Trd, 000172.700, 168
Trd, 000173.483, 180
Trd, 000173.633, 182
Trd, 000174.383, 175
Trd, 000175.683, 168
Trd, 000176.017, 167
Trd, 000176.767, 167
Trd, 000176.933, 173
Trd, 000178.133, 176
Trd, 000178.250, 174
Trd, 000178.967, 176
Trd, 000179.950, 170
Trd, 000180.133, 169
Trd, 000180.550, 167
Trd, 000180.583, 169
Trd, 000180.833, 166
Trd, 000182.167, 168
Trd, 000182.633, 167
Trd, 000184.133, 162
Trd, 000184.400, 160
Trd, 000184.467, 167
Trd, 000185.200, 171
Trd, 000185.467, 156
Trd, 000185.500, 154
Trd, 000185.833, 170
Trd, 000187.167, 163
Trd, 000187.350, 164
Trd, 000188.800, 167
Trd, 000189.600, 159
Trd, 000189.883, 158
Trd, 000190.017, 154
Trd, 000190.283, 150
Trd, 000190.300, 159
Trd, 000190.500, 156
Trd, 000191.000, 157
Trd, 000191.283, 156
Trd, 000192.333, 152
Trd, 000193.067, 154
Trd, 000193.883, 153
Trd, 000194.033, 155
Trd, 000194.050, 156
Trd, 000194.083, 152
Trd, 000194.733, 160
Trd, 000195.533, 193
Trd, 000196.700, 156
Trd, 000196.867, 156
Trd, 000196.917, 170
Trd, 000197.300, 168
Trd, 000197.617, 155
Trd, 000198.650, 157
Trd, 000198.717, 150
Trd, 000199.650, 161
Trd, 000200.133, 161
Trd, 000200.367, 162
Trd, 000201.383, 161
Trd, 000201.650, 159
Trd, 000201.733, 158
Trd, 000201.867, 168
Trd, 000201.900, 157
Trd, 000203.217, 157
Trd, 000203.883, 159
Trd, 000204.033, 159
Trd, 000204.350, 156
Trd, 000205.000, 154
Trd, 000205.167, 168
Trd, 000205.267, 171
Trd, 000206.050, 161
Trd, 000206.750, 158
Trd, 000206.967, 163
Trd, 000207.700, 160
Trd, 000208.583, 172
Trd, 000208.700, 161
Trd, 000209.117, 162
Trd, 000209.250, 161
Trd, 000210.200, 179
Trd, 000210.383, 160
Trd, 000210.483, 185
Trd, 000212.200, 180
Trd, 000212.383, 192
Trd, 000213.083, 187
Trd, 000213.250, 157
Trd, 000213.383, 158
Trd, 000214.233, 141
Trd, 000214.900, 150
Trd, 000215.567, 158
Trd, 000215.650, 158
Trd, 000216.183, 162
Trd, 000216.367, 160
Trd, 000216.733, 161
Trd, 000217.017, 160
Trd, 000217.583, 163
Trd, 000217.817, 158
Trd, 000218.467, 165
Trd, 000219.100, 167
Trd, 000219.317, 162
Trd, 000220.250, 162
Trd, 000220.850, 163
Trd, 000222.983, 169
Trd, 000223.100, 170
Trd, 000223.467, 187
Trd, 000223.717, 168
Trd, 000223.733, 162
Trd, 000224.450, 173
Trd, 000224.567, 170
Trd, 000224.817, 161
Trd, 000225.283, 173
Trd, 000226.750, 174
Trd, 000227.317, 174
Trd, 000227.850, 174
Trd, 000228.200, 175
Trd, 000228.233, 174
Trd, 000228.867, 181
Trd, 000229.067, 195
Trd, 000229.817, 179
Trd, 000229.933, 178
Trd, 000231.367, 181
Trd, 000231.667, 160
Trd, 000232.067, 156
Trd, 000232.400, 153
Trd, 000232.483, 158
Trd, 000232.950, 160
Trd, 000233.483, 171
Trd, 000234.233, 171
Trd, 000234.500, 181
Trd, 000234.883, 164
Trd, 000235.483, 165
Trd, 000236.200, 169
Trd, 000236.817, 144
Trd, 000237.050, 147
Trd, 000237.200, 148
Trd, 000237.600, 150
Trd, 000238.133, 179
Trd, 000239.533, 157
Trd, 000239.817, 157
Trd, 000240.050, 159
Trd, 000240.867, 165
Trd, 000240.967, 163
Trd, 000241.417, 166
Trd, 000241.700, 169
Trd, 000241.717, 175
Trd, 000241.817, 187
Trd, 000242.317, 168
Trd, 000243.050, 177
Trd, 000243.217, 184
Trd, 000243.533, 168
Trd, 000243.667, 166
Trd, 000243.950, 162
Trd, 000244.650, 162
Trd, 000245.317, 168
Trd, 000245.433, 173
Trd, 000245.467, 175
Trd, 000247.117, 176
Trd, 000247.200, 175
Trd, 000247.350, 177
Trd, 000247.400, 173
Trd, 000248.050, 172
Trd, 000249.267, 174
Trd, 000249.317, 175
Trd, 000249.383, 174
Trd, 000249.600, 173
Trd, 000250.083, 170
Trd, 000250.567, 176
Trd, 000250.733, 172
Trd, 000251.250, 171
Trd, 000252.083, 170
Trd, 000252.283, 169
Trd, 000252.367, 175
Trd, 000252.533, 173
Trd, 000252.900, 176
Trd, 000254.250, 173
Trd, 000254.383, 171
Trd, 000254.500, 172
Trd, 000254.767, 173
Trd, 000255.050, 176
Trd, 000255.867, 177
Trd, 000255.933, 176
Trd, 000256.050, 177
Trd, 000256.083, 175
Trd, 000256.450, 174
Trd, 000256.700, 171
Trd, 000256.967, 180
Trd, 000257.350, 169
Trd, 000258.433, 175
Trd, 000258.783, 161
Trd, 000259.500, 175
Trd, 000259.667, 169
Trd, 000259.983, 172
Trd, 000260.083, 171
Trd, 000260.117, 164
Trd, 000260.200, 173
Trd, 000261.283, 163
Trd, 000261.433, 170
Trd, 000261.950, 169
Trd, 000262.383, 173
Trd, 000262.450, 170
Trd, 000262.800, 174
Trd, 000263.183, 169
Trd, 000263.767, 169
Trd, 000264.133, 173
Trd, 000264.167, 174
Trd, 000264.633, 177
Trd, 000264.683, 181
Trd, 000265.700, 200
Trd, 000265.967, 175
Trd, 000266.250, 201
Trd, 000266.450, 181
Trd, 000266.800, 179
Trd, 000267.117, 186
Trd, 000267.417, 184
Trd, 000267.783, 188
Trd, 000269.050, 185
Trd, 000269.283, 189
Trd, 000269.500, 184
Trd, 000270.417, 179
Trd, 000270.500, 174
Trd, 000270.633, 171
Trd, 000270.700, 179
Trd, 000270.767, 180
Trd, 000271.767, 181
Trd, 000271.783, 182
Trd, 000271.867, 190
Trd, 000272.367, 190
Trd, 000272.550, 189
Trd, 000272.650, 199
Trd, 000273.017, 185
Trd, 000273.500, 204
Trd, 000274.183, 172
Trd, 000274.450, 178
Trd, 000274.517, 173
Trd, 000275.300, 171
Trd, 000275.700, 167
Trd, 000275.850, 176
Trd, 000276.417, 161
Trd, 000276.900, 169
Trd, 000277.167, 176
Trd, 000277.850, 176
Trd, 000277.900, 182
Trd, 000278.383, 181
Trd, 000278.467, 182
Trd, 000278.800, 193
Trd, 000278.900, 187
Trd, 000279.150, 181
Trd, 000279.333, 180
Trd, 000279.600, 186
Trd, 000280.383, 176
Trd, 000280.500, 172
Trd, 000281.283, 177
Trd, 000281.850, 174
Trd, 000282.067, 167
Trd, 000282.983, 167
Trd, 000283.067, 174
Trd, 000283.100, 164
Trd, 000283.500, 168
Trd, 000283.567, 169
Trd, 000284.100, 171
Trd, 000284.433, 172
Trd, 000284.683, 176
Trd, 000285.750, 172
Trd, 000285.917, 172
Trd, 000285.983, 171
Trd, 000286.467, 164
Trd, 000286.950, 178
Trd, 000286.983, 176
Trd, 000287.933, 178
Trd, 000288.033, 179
Trd, 000288.133, 180
Trd, 000288.433, 176
Trd, 000289.033, 180
Trd, 000289.667, 174
Trd, 000290.033, 181
Trd, 000290.233, 178
Trd, 000290.317, 173
Trd, 000291.100, 179
Trd, 000291.967, 179
Trd, 000292.100, 174
Trd, 000292.200, 180
Trd, 000292.617, 182
Trd, 000293.050, 184
Trd, 000293.267, 177
Trd, 000293.467, 177
Trd, 000293.617, 180
Trd, 000293.783, 176
Trd, 000294.900, 180
Trd, 000295.067, 173
Trd, 000295.133, 169
Trd, 000295.967, 180
Trd, 000296.733, 166
Trd, 000297.083, 171
Trd, 000297.717, 172
Trd, 000297.900, 174
Trd, 000298.733, 167
