Trd, 000001.700, 169
Trd, 000002.817, 158
Trd, 000003.183, 170
Trd, 000003.483, 172
Trd, 000003.583, 162
Trd, 000004.650, 137
Trd, 000005.533, 139
Trd, 000005.683, 137
Trd, 000006.500, 140
Trd, 000006.800, 139
Trd, 000006.983, 138
Trd, 000007.383, 142
Trd, 000007.467, 136
Trd, 000008.783, 143
Trd, 000008.933, 144
Trd, 000009.050, 145
Trd, 000009.083, 134
Trd, 000009.750, 163
Trd, 000010.300, 159
Trd, 000011.217, 169
Trd, 000012.100, 159
Trd, 000013.033, 156
Trd, 000013.367, 147
Trd, 000013.383, 148
Trd, 000014.450, 149
Trd, 000014.617, 139
Trd, 000015.067, 147
Trd, 000015.450, 146
Trd, 000016.183, 149
Trd, 000016.500, 144
Trd, 000016.833, 149
Trd, 000017.600, 145
Trd, 000017.983, 147
Trd, 000018.683, 148
Trd, 000019.233, 148
Trd, 000020.450, 143
Trd, 000020.817, 142
Trd, 000021.917, 145
Trd, 000021.983, 145
Trd, 000022.150, 164
Trd, 000023.167, 149
Trd, 000024.033, 149
Trd, 000025.333, 148
Trd, 000025.533, 149
Trd, 000025.717, 149
Trd, 000026.367, 150
Trd, 000026.483, 148
Trd, 000026.717, 163
Trd, 000028.000, 144
Trd, 000028.117, 155
Trd, 000029.600, 151
Trd, 000030.183, 151
Trd, 000030.317, 151
Trd, 000030.350, 152
Trd, 000031.100, 152
Trd, 000032.533, 150
Trd, 000032.917, 147
Trd, 000033.400, 150
Trd, 000033.983, 150
Trd, 000035.217, 151
Trd, 000035.450, 151
Trd, 000035.783, 151
Trd, 000036.817, 151
Trd, 000037.650, 158
Trd, 000037.667, 157
Trd, 000038.367, 165
Trd, 000038.883, 166
Trd, 000038.967, 155
Trd, 000039.883, 157
Trd, 000040.950, 144
Trd, 000041.483, 141
Trd, 000041.600, 150
Trd, 000041.800, 152
Trd, 000042.550, 152
Trd, 000043.200, 148
Trd, 000043.433, 151
Trd, 000043.650, 155
Trd, 000044.367, 148
Trd, 000044.417, 152
Trd, 000045.067, 151
Trd, 000045.850, 150
Trd, 000047.017, 165
Trd, 000047.050, 166
Trd, 000047.217, 163
Trd, 000047.717, 167
Trd, 000048.417, 160
Trd, 000050.383, 159
Trd, 000051.250, 163
Trd, 000052.517, 157
Trd, 000052.650, 158
Trd, 000052.683, 159
Trd, 000052.783, 167
Trd, 000053.350, 162
Trd, 000053.500, 159
Trd, 000054.317, 158
Trd, 000055.183, 159
Trd, 000055.550, 158
Trd, 000055.817, 158
Trd, 000055.967, 173
Trd, 000056.417, 146
Trd, 000056.517, 145
Trd, 000057.617, 161
Trd, 000057.800, 164
Trd, 000058.983, 164
Trd, 000059.300, 168
Trd, 000059.433, 175
Trd, 000060.333, 164
Trd, 000061.117, 163
Trd, 000061.283, 164
Trd, 000061.933, 161
Trd, 000062.367, 164
Trd, 000062.400, 161
Trd, 000062.717, 164
Trd, 000063.450, 161
Trd, 000064.000, 164
Trd, 000065.533, 160
Trd, 000065.650, 143
Trd, 000065.800, 140
Trd, 000065.850, 162
Trd, 000067.133, 165
Trd, 000068.883, 155
Trd, 000069.383, 154
Trd, 000069.550, 156
Trd, 000069.583, 157
Trd, 000069.983, 155
Trd, 000070.017, 159
Trd, 000070.050, 168
Trd, 000070.083, 153
Trd, 000071.217, 154
Trd, 000072.633, 154
Trd, 000072.917, 153
Trd, 000073.817, 154
Trd, 000074.650, 154
Trd, 000075.117, 153
Trd, 000075.400, 153
Trd, 000075.550, 155
Trd, 000075.633, 155
Trd, 000075.650, 168
Trd, 000077.150, 169
Trd, 000078.717, 167
Trd, 000078.783, 162
Trd, 000078.883, 162
Trd, 000078.917, 168
Trd, 000080.500, 161
Trd, 000080.550, 164
Trd, 000081.583, 162
Trd, 000081.850, 163
Trd, 000082.650, 163
Trd, 000082.750, 170
Trd, 000083.317, 166
Trd, 000084.017, 166
Trd, 000084.100, 165
Trd, 000085.167, 167
Trd, 000086.333, 165
Trd, 000087.017, 162
Trd, 000087.283, 165
Trd, 000087.567, 174
Trd, 000088.000, 176
Trd, 000088.250, 149
Trd, 000089.817, 157
Trd, 000090.267, 161
Trd, 000090.933, 160
Trd, 000091.050, 161
Trd, 000091.183, 159
Trd, 000091.933, 160
Trd, 000092.767, 158
Trd, 000092.783, 160
Trd, 000092.833, 158
Trd, 000094.083, 159
Trd, 000094.817, 159
Trd, 000095.200, 158
Trd, 000095.450, 159
Trd, 000096.467, 171
Trd, 000096.817, 159
Trd, 000097.267, 171
Trd, 000097.400, 172
Trd, 000097.783, 166
Trd, 000099.100, 169
Trd, 000099.300, 168
Trd, 000099.433, 170
Trd, 000101.217, 169
Trd, 000101.633, 167
Trd, 000101.917, 168
Trd, 000102.067, 169
Trd, 000102.583, 169
Trd, 000104.817, 168
Trd, 000104.883, 165
Trd, 000104.900, 165
Trd, 000106.550, 165
Trd, 000106.717, 166
Trd, 000107.067, 164
Trd, 000107.283, 163
Trd, 000107.550, 153
Trd, 000108.600, 165
Trd, 000109.283, 161
Trd, 000109.533, 160
Trd, 000109.633, 162
Trd, 000109.817, 165
Trd, 000110.500, 169
Trd, 000111.367, 167
Trd, 000112.067, 166
Trd, 000112.250, 166
Trd, 000113.133, 163
Trd, 000113.367, 162
Trd, 000113.817, 161
Trd, 000113.967, 161
Trd, 000115.617, 162
Trd, 000115.783, 160
Trd, 000116.183, 172
Trd, 000116.217, 173
Trd, 000117.267, 172
Trd, 000118.583, 170
Trd, 000118.633, 162
Trd, 000120.717, 163
Trd, 000120.750, 167
Trd, 000121.433, 165
Trd, 000122.183, 162
Trd, 000122.200, 165
Trd, 000122.433, 177
Trd, 000122.833, 160
Trd, 000123.117, 154
Trd, 000123.283, 174
Trd, 000124.000, 168
Trd, 000124.150, 170
Trd, 000126.233, 169
Trd, 000127.150, 168
Trd, 000127.183, 168
Trd, 000127.267, 167
Trd, 000128.533, 166
Trd, 000129.783, 166
Trd, 000130.050, 165
Trd, 000130.367, 165
Trd, 000131.783, 167
Trd, 000132.217, 164
Trd, 000132.233, 163
Trd, 000132.617, 167
Trd, 000133.767, 167
Trd, 000134.017, 166
Trd, 000135.050, 164
Trd, 000135.600, 167
Trd, 000136.167, 181
Trd, 000136.383, 169
Trd, 000136.600, 170
Trd, 000136.617, 165
Trd, 000136.767, 170
Trd, 000137.817, 171
Trd, 000139.500, 174
Trd, 000140.967, 174
Trd, 000141.217, 172
Trd, 000141.533, 175
Trd, 000142.000, 171
Trd, 000142.367, 176
Trd, 000142.650, 175
Trd, 000145.333, 171
Trd, 000145.800, 173
Trd, 000145.967, 175
Trd, 000146.050, 172
Trd, 000146.067, 170
Trd, 000146.917, 176
Trd, 000146.967, 171
Trd, 000147.000, 169
Trd, 000147.050, 176
Trd, 000147.617, 176
Trd, 000149.167, 163
Trd, 000149.383, 169
Trd, 000150.583, 164
Trd, 000150.600, 167
Trd, 000152.500, 165
Trd, 000152.567, 166
Trd, 000152.583, 167
Trd, 000152.700, 167
Trd, 000152.950, 168
Trd, 000153.517, 177
Trd, 000153.667, 157
Trd, 000155.417, 174
Trd, 000155.717, 173
Trd, 000155.950, 175
Trd, 000157.083, 172
Trd, 000157.100, 173
Trd, 000158.033, 173
Trd, 000158.833, 173
Trd, 000158.917, 165
Trd, 000159.133, 178
Trd, 000160.883, 174
Trd, 000161.400, 173
Trd, 000161.533, 173
Trd, 000162.367, 171
Trd, 000163.100, 171
Trd, 000163.550, 172
Trd, 000163.967, 172
Trd, 000165.000, 171
Trd, 000165.400, 173
Trd, 000166.433, 173
Trd, 000166.850, 169
Trd, 000167.033, 172
Trd, 000167.167, 175
Trd, 000167.733, 178
Trd, 000168.767, 189
Trd, 000169.100, 169
Trd, 000170.067, 176
Trd, 000171.383, 175
Trd, 000171.400, 175
Trd, 000171.883, 173
Trd, 000171.900, 177
Trd, 000173.117, 157
Trd, 000173.617, 176
Trd, 000174.967, 172
Trd, 000175.550, 173
Trd, 000175.617, 172
Trd, 000175.750, 171
Trd, 000177.033, 172
Trd, 000177.133, 170
Trd, 000178.167, 171
Trd, 000178.617, 174
Trd, 000179.300, 166
Trd, 000179.467, 170
Trd, 000180.150, 180
Trd, 000180.617, 169
Trd, 000180.850, 175
Trd, 000181.050, 168
Trd, 000181.467, 177
Trd, 000181.867, 189
Trd, 000182.833, 180
Trd, 000183.417, 180
Trd, 000183.767, 171
Trd, 000184.233, 158
Trd, 000184.267, 166
Trd, 000185.100, 156
Trd, 000185.667, 162
Trd, 000185.767, 167
Trd, 000188.200, 162
Trd, 000188.717, 165
Trd, 000188.867, 167
Trd, 000189.617, 181
Trd, 000191.017, 170
Trd, 000191.317, 167
Trd, 000191.700, 169
Trd, 000192.117, 172
Trd, 000192.833, 171
Trd, 000193.267, 171
Trd, 000193.567, 172
Trd, 000193.700, 187
Trd, 000193.717, 168
Trd, 000195.350, 176
Trd, 000196.183, 173
Trd, 000196.983, 170
Trd, 000197.533, 172
Trd, 000197.850, 171
Trd, 000198.150, 173
Trd, 000198.383, 152
Trd, 000198.983, 169
Trd, 000199.350, 171
Trd, 000199.950, 174
Trd, 000200.167, 168
Trd, 000200.783, 171
Trd, 000201.400, 160
Trd, 000202.900, 170
Trd, 000204.033, 166
Trd, 000204.317, 171
Trd, 000204.450, 165
Trd, 000205.067, 164
Trd, 000206.250, 167
Trd, 000206.417, 168
Trd, 000206.650, 167
Trd, 000207.833, 165
Trd, 000207.850, 167
Trd, 000208.833, 165
Trd, 000209.200, 160
Trd, 000209.233, 165
Trd, 000209.700, 164
Trd, 000209.767, 165
Trd, 000211.267, 162
Trd, 000211.450, 161
Trd, 000211.700, 162
Trd, 000212.150, 162
Trd, 000212.200, 169
Trd, 000213.017, 177
Trd, 000213.283, 178
Trd, 000213.317, 161
Trd, 000213.717, 169
Trd, 000214.517, 169
Trd, 000215.783, 169
Trd, 000216.033, 171
Trd, 000216.183, 169
Trd, 000217.783, 182
Trd, 000219.233, 182
Trd, 000219.350, 169
Trd, 000220.133, 179
Trd, 000220.150, 183
Trd, 000220.633, 181
Trd, 000220.717, 172
Trd, 000221.017, 173
Trd, 000221.350, 178
Trd, 000223.050, 178
Trd, 000223.333, 178
Trd, 000223.417, 176
Trd, 000224.817, 180
Trd, 000225.667, 177
Trd, 000226.033, 166
Trd, 000226.483, 184
Trd, 000227.333, 175
Trd, 000227.450, 174
Trd, 000229.033, 173
Trd, 000229.150, 172
Trd, 000229.833, 162
Trd, 000229.900, 171
Trd, 000230.267, 170
Trd, 000230.800, 170
Trd, 000231.150, 160
Trd, 000231.200, 171
Trd, 000231.950, 172
Trd, 000234.267, 168
Trd, 000234.867, 167
Trd, 000235.267, 167
Trd, 000235.683, 161
Trd, 000237.083, 167
Trd, 000237.200, 171
Trd, 000237.650, 161
Trd, 000237.767, 181
Trd, 000239.050, 172
Trd, 000239.150, 172
Trd, 000239.217, 183
Trd, 000239.767, 183
Trd, 000241.133, 175
Trd, 000241.450, 174
Trd, 000241.700, 173
Trd, 000241.983, 173
Trd, 000242.650, 176
Trd, 000242.983, 176
Trd, 000243.333, 176
Trd, 000244.183, 178
Trd, 000244.433, 182
Trd, 000244.467, 172
Trd, 000244.533, 164
Trd, 000245.633, 180
Trd, 000246.300, 186
Trd, 000246.400, 179
Trd, 000247.367, 176
Trd, 000247.500, 177
Trd, 000247.717, 176
Trd, 000248.817, 179
Trd, 000249.550, 176
Trd, 000249.683, 176
Trd, 000249.717, 174
Trd, 000249.783, 177
Trd, 000250.033, 181
Trd, 000250.983, 170
Trd, 000251.317, 173
Trd, 000251.700, 171
Trd, 000251.800, 172
Trd, 000252.333, 187
Trd, 000252.683, 170
Trd, 000253.133, 168
Trd, 000253.917, 169
Trd, 000254.817, 169
Trd, 000254.900, 172
Trd, 000255.000, 173
Trd, 000255.550, 174
Trd, 000256.183, 186
Trd, 000256.233, 184
Trd, 000257.033, 175
Trd, 000257.650, 180
Trd, 000257.733, 180
Trd, 000258.883, 181
Trd, 000259.050, 178
Trd, 000259.217, 175
Trd, 000259.817, 170
Trd, 000260.300, 174
Trd, 000260.400, 178
Trd, 000260.617, 179
Trd, 000260.983, 184
Trd, 000261.633, 186
Trd, 000262.950, 182
Trd, 000263.117, 184
Trd, 000263.400, 181
Trd, 000263.450, 187
Trd, 000264.583, 183
Trd, 000264.900, 182
Trd, 000265.217, 188
Trd, 000265.400, 182
Trd, 000265.717, 181
Trd, 000266.250, 180
Trd, 000266.350, 185
Trd, 000266.600, 187
Trd, 000266.633, 179
Trd, 000267.533, 177
Trd, 000267.950, 174
Trd, 000269.250, 166
Trd, 000269.467, 171
Trd, 000269.750, 179
Trd, 000269.917, 181
Trd, 000270.350, 182
Trd, 000270.567, 177
Trd, 000270.817, 176
Trd, 000271.050, 177
Trd, 000271.533, 167
Trd, 000271.700, 175
Trd, 000272.750, 176
Trd, 000273.017, 189
Trd, 000273.483, 177
Trd, 000273.650, 177
Trd, 000273.667, 178
Trd, 000275.050, 176
Trd, 000275.133, 173
Trd, 000275.383, 173
Trd, 000275.567, 177
Trd, 000276.083, 179
Trd, 000277.350, 182
Trd, 000277.417, 176
Trd, 000278.367, 186
Trd, 000278.883, 190
Trd, 000279.800, 182
Trd, 000279.867, 186
Trd, 000280.517, 182
Trd, 000280.783, 182
Trd, 000281.650, 180
Trd, 000281.817, 168
Trd, 000281.883, 171
Trd, 000282.017, 172
Trd, 000282.067, 172
Trd, 000282.100, 188
Trd, 000282.500, 181
Trd, 000282.883, 175
Trd, 000283.067, 176
Trd, 000283.367, 166
Trd, 000283.917, 175
Trd, 000284.083, 174
Trd, 000284.617, 174
Trd, 000284.767, 176
Trd, 000284.883, 190
Trd, 000285.550, 183
Trd, 000285.600, 173
Trd, 000285.767, 174
Trd, 000286.750, 175
Trd, 000287.350, 174
Trd, 000288.050, 171
Trd, 000288.133, 168
Trd, 000288.267, 175
Trd, 000289.383, 174
Trd, 000290.117, 178
Trd, 000290.433, 189
Trd, 000290.533, 186
Trd, 000290.817, 184
Trd, 000291.300, 174
Trd, 000292.267, 187
Trd, 000292.500, 176
Trd, 000292.600, 169
Trd, 000292.617, 188
Trd, 000292.983, 187
Trd, 000293.550, 178
Trd, 000294.217, 181
Trd, 000294.717, 182
Trd, 000295.267, 181
Trd, 000295.300, 183
Trd, 000295.650, 177
Trd, 000296.333, 175
Trd, 000296.533, 176
Trd, 000296.800, 181
Trd, 000297.017, 182
Trd, 000297.133, 169
Trd, 000297.467, 178
Trd, 000298.183, 181
Trd, 000298.333, 192
Trd, 000298.617, 196
Trd, 000298.733, 193
Trd, 000299.450, 179
