Trd, 000001.967, 189
Trd, 000002.317, 186
Trd, 000002.583, 172
Trd, 000003.150, 166
Trd, 000003.583, 161
Trd, 000003.767, 170
Trd, 000004.700, 143
Trd, 000006.700, 154
Trd, 000006.917, 148
Trd, 000007.117, 154
Trd, 000007.233, 155
Trd, 000007.567, 155
Trd, 000007.833, 143
Trd, 000008.400, 142
Trd, 000008.517, 153
Trd, 000009.983, 153
Trd, 000010.967, 153
Trd, 000011.083, 159
Trd, 000012.833, 145
Trd, 000013.467, 158
Trd, 000013.900, 148
Trd, 000014.317, 135
Trd, 000014.350, 153
Trd, 000014.617, 145
Trd, 000014.633, 154
Trd, 000015.000, 155
Trd, 000015.433, 159
Trd, 000015.650, 154
Trd, 000017.583, 172
Trd, 000017.817, 156
Trd, 000018.083, 158
Trd, 000018.550, 171
Trd, 000018.983, 156
Trd, 000019.233, 168
Trd, 000020.050, 159
Trd, 000020.067, 155
Trd, 000020.200, 151
Trd, 000020.917, 160
Trd, 000021.117, 160
Trd, 000021.167, 174
Trd, 000021.767, 176
Trd, 000022.017, 158
Trd, 000022.083, 157
Trd, 000023.017, 170
Trd, 000023.233, 173
Trd, 000023.533, 166
Trd, 000025.633, 165
Trd, 000025.867, 165
Trd, 000026.700, 161
Trd, 000027.000, 156
Trd, 000027.450, 151
Trd, 000028.067, 165
Trd, 000029.167, 159
Trd, 000029.267, 164
Trd, 000029.767, 181
Trd, 000030.050, 155
Trd, 000030.067, 161
Trd, 000030.767, 161
Trd, 000031.200, 157
Trd, 000031.767, 180
Trd, 000032.417, 174
Trd, 000032.867, 177
Trd, 000033.017, 151
Trd, 000034.283, 150
Trd, 000034.833, 175
Trd, 000034.900, 167
Trd, 000035.900, 157
Trd, 000037.817, 159
Trd, 000037.950, 161
Trd, 000038.317, 162
Trd, 000038.567, 157
Trd, 000039.083, 176
Trd, 000041.033, 162
Trd, 000041.167, 170
Trd, 000041.283, 155
Trd, 000041.367, 169
Trd, 000041.467, 158
Trd, 000041.917, 152
Trd, 000042.017, 175
Trd, 000043.000, 144
Trd, 000044.317, 131
Trd, 000045.117, 132
Trd, 000045.133, 135
Trd, 000046.200, 135
Trd, 000047.017, 148
Trd, 000047.183, 156
Trd, 000048.400, 167
Trd, 000048.617, 167
Trd, 000049.000, 151
Trd, 000049.667, 159
Trd, 000050.050, 164
Trd, 000051.183, 160
Trd, 000051.683, 159
Trd, 000051.700, 159
Trd, 000052.600, 161
Trd, 000052.767, 164
Trd, 000052.783, 157
Trd, 000053.517, 149
Trd, 000053.767, 163
Trd, 000054.133, 176
Trd, 000055.300, 164
Trd, 000057.683, 161
Trd, 000058.350, 153
Trd, 000058.733, 150
Trd, 000059.333, 164
Trd, 000059.467, 165
Trd, 000060.567, 160
Trd, 000061.150, 159
Trd, 000061.533, 160
Trd, 000061.900, 162
Trd, 000063.933, 158
Trd, 000065.167, 159
Trd, 000065.533, 160
Trd, 000066.067, 163
Trd, 000066.333, 156
Trd, 000066.567, 154
Trd, 000066.667, 152
Trd, 000067.700, 152
Trd, 000068.033, 164
Trd, 000068.450, 151
Trd, 000068.883, 164
Trd, 000069.017, 164
Trd, 000069.183, 151
Trd, 000069.567, 142
Trd, 000069.583, 165
Trd, 000070.133, 161
Trd, 000070.717, 162
Trd, 000073.067, 157
Trd, 000073.100, 160
Trd, 000073.167, 162
Trd, 000074.917, 165
Trd, 000075.367, 162
Trd, 000075.500, 167
Trd, 000075.650, 160
Trd, 000076.867, 165
Trd, 000077.567, 164
Trd, 000078.133, 165
Trd, 000078.600, 166
Trd, 000078.967, 164
Trd, 000079.050, 162
Trd, 000079.250, 162
Trd, 000079.650, 161
Trd, 000080.700, 161
Trd, 000080.983, 152
Trd, 000083.867, 161
Trd, 000083.933, 169
Trd, 000085.267, 165
Trd, 000085.467, 163
Trd, 000085.633, 165
Trd, 000086.600, 170
Trd, 000086.667, 163
Trd, 000086.700, 181
Trd, 000087.017, 162
Trd, 000087.400, 157
Trd, 000087.767, 167
Trd, 000087.817, 189
Trd, 000088.267, 160
Trd, 000089.533, 182
Trd, 000090.917, 172
Trd, 000091.217, 181
Trd, 000092.150, 163
Trd, 000092.650, 161
Trd, 000093.500, 169
Trd, 000094.700, 165
Trd, 000094.817, 156
Trd, 000094.933, 154
Trd, 000095.483, 165
Trd, 000096.367, 164
Trd, 000097.467, 164
Trd, 000098.150, 168
Trd, 000098.333, 161
Trd, 000098.617, 161
Trd, 000098.750, 160
Trd, 000099.083, 169
Trd, 000099.550, 171
Trd, 000099.667, 181
Trd, 000100.900, 174
Trd, 000100.950, 163
Trd, 000101.950, 163
Trd, 000102.133, 166
Trd, 000102.467, 163
Trd, 000102.500, 162
Trd, 000103.933, 164
Trd, 000104.833, 165
Trd, 000105.033, 162
Trd, 000106.150, 168
Trd, 000107.300, 170
Trd, 000107.917, 170
Trd, 000108.400, 171
Trd, 000109.783, 168
Trd, 000110.033, 165
Trd, 000110.167, 164
Trd, 000110.783, 163
Trd, 000111.250, 159
Trd, 000111.500, 169
Trd, 000111.833, 147
Trd, 000112.200, 155
Trd, 000112.350, 167
Trd, 000112.800, 156
Trd, 000113.033, 149
Trd, 000115.833, 168
Trd, 000116.517, 164
Trd, 000116.583, 169
Trd, 000117.083, 170
Trd, 000118.200, 175
Trd, 000118.467, 183
Trd, 000118.567, 168
Trd, 000119.100, 160
Trd, 000120.217, 180
Trd, 000120.383, 164
Trd, 000120.450, 160
Trd, 000120.567, 158
Trd, 000121.033, 170
Trd, 000121.267, 176
Trd, 000121.867, 181
Trd, 000123.417, 170
Trd, 000123.600, 164
Trd, 000124.317, 165
Trd, 000124.967, 165
Trd, 000125.667, 169
Trd, 000125.800, 170
Trd, 000126.350, 166
Trd, 000126.500, 160
Trd, 000127.433, 164
Trd, 000128.250, 170
Trd, 000129.767, 164
Trd, 000129.917, 164
Trd, 000130.017, 175
Trd, 000130.133, 159
Trd, 000130.883, 179
Trd, 000131.800, 153
Trd, 000132.050, 176
Trd, 000132.517, 164
Trd, 000132.800, 148
Trd, 000133.050, 165
Trd, 000133.617, 165
Trd, 000133.950, 164
Trd, 000134.733, 168
Trd, 000135.233, 170
Trd, 000136.250, 157
Trd, 000136.367, 171
Trd, 000136.417, 175
Trd, 000136.650, 186
Trd, 000137.100, 171
Trd, 000138.100, 171
Trd, 000138.717, 172
Trd, 000139.617, 188
Trd, 000140.150, 174
Trd, 000140.350, 186
Trd, 000141.550, 173
Trd, 000143.083, 169
Trd, 000143.150, 168
Trd, 000143.367, 170
Trd, 000143.533, 172
Trd, 000143.667, 170
Trd, 000143.967, 169
Trd, 000144.583, 168
Trd, 000144.667, 172
Trd, 000147.400, 163
Trd, 000147.817, 178
Trd, 000148.667, 188
Trd, 000148.800, 170
Trd, 000149.267, 173
Trd, 000149.917, 175
Trd, 000149.950, 169
Trd, 000150.150, 169
Trd, 000150.783, 180
Trd, 000151.567, 179
Trd, 000152.133, 166
Trd, 000152.267, 163
Trd, 000152.300, 168
Trd, 000153.017, 176
Trd, 000153.417, 171
Trd, 000153.483, 194
Trd, 000153.517, 169
Trd, 000153.633, 163
Trd, 000153.900, 173
Trd, 000155.333, 152
Trd, 000156.017, 154
Trd, 000156.683, 173
Trd, 000157.150, 164
Trd, 000158.883, 166
Trd, 000159.550, 174
Trd, 000159.717, 165
Trd, 000160.483, 164
Trd, 000160.700, 171
Trd, 000161.283, 155
Trd, 000161.550, 171
Trd, 000162.467, 169
Trd, 000162.650, 177
Trd, 000164.700, 168
Trd, 000164.900, 167
Trd, 000165.350, 166
Trd, 000165.883, 164
Trd, 000166.117, 172
Trd, 000166.483, 161
Trd, 000166.500, 150
Trd, 000166.817, 158
Trd, 000167.117, 171
Trd, 000167.450, 177
Trd, 000168.167, 175
Trd, 000168.467, 166
Trd, 000168.633, 171
Trd, 000169.367, 173
Trd, 000169.433, 174
Trd, 000171.550, 172
Trd, 000171.700, 168
Trd, 000172.383, 166
Trd, 000172.417, 173
Trd, 000173.583, 165
Trd, 000174.317, 169
Trd, 000174.633, 152
Trd, 000174.950, 161
Trd, 000175.733, 162
Trd, 000177.117, 173
Trd, 000177.250, 175
Trd, 000177.600, 162
Trd, 000177.650, 189
Trd, 000178.550, 170
Trd, 000178.700, 171
Trd, 000179.233, 164
Trd, 000180.867, 162
Trd, 000181.050, 164
Trd, 000181.317, 174
Trd, 000182.217, 172
Trd, 000182.267, 173
Trd, 000182.683, 176
Trd, 000183.700, 172
Trd, 000184.317, 170
Trd, 000185.017, 164
Trd, 000185.167, 170
Trd, 000186.017, 165
Trd, 000186.317, 172
Trd, 000186.633, 157
Trd, 000187.350, 175
Trd, 000188.233, 174
Trd, 000189.700, 158
Trd, 000190.200, 164
Trd, 000190.400, 168
Trd, 000190.650, 170
Trd, 000191.383, 163
Trd, 000191.433, 162
Trd, 000192.033, 176
Trd, 000193.200, 166
Trd, 000194.417, 170
Trd, 000194.483, 168
Trd, 000194.850, 168
Trd, 000195.617, 173
Trd, 000195.850, 174
Trd, 000196.467, 175
Trd, 000196.483, 177
Trd, 000196.583, 177
Trd, 000197.183, 177
Trd, 000198.500, 170
Trd, 000198.567, 180
Trd, 000198.850, 167
Trd, 000199.800, 168
Trd, 000200.000, 192
Trd, 000200.167, 192
Trd, 000201.167, 157
Trd, 000201.667, 165
Trd, 000201.833, 169
Trd, 000203.067, 161
Trd, 000203.117, 162
Trd, 000204.367, 164
Trd, 000204.550, 198
Trd, 000204.700, 178
Trd, 000204.900, 162
Trd, 000205.783, 170
Trd, 000206.533, 170
Trd, 000206.900, 171
Trd, 000207.633, 182
Trd, 000207.717, 182
Trd, 000207.783, 173
Trd, 000208.333, 174
Trd, 000209.667, 169
Trd, 000210.550, 179
Trd, 000211.017, 165
Trd, 000211.600, 180
Trd, 000211.717, 181
Trd, 000212.350, 168
Trd, 000213.600, 173
Trd, 000214.133, 169
Trd, 000215.517, 165
Trd, 000215.600, 166
Trd, 000215.617, 171
Trd, 000215.767, 155
Trd, 000216.167, 171
Trd, 000216.900, 169
Trd, 000217.383, 169
Trd, 000217.817, 175
Trd, 000218.500, 165
Trd, 000218.533, 177
Trd, 000219.183, 177
Trd, 000219.200, 178
Trd, 000220.117, 166
Trd, 000221.533, 169
Trd, 000221.967, 180
Trd, 000222.100, 184
Trd, 000222.600, 181
Trd, 000222.767, 173
Trd, 000223.683, 169
Trd, 000223.850, 171
Trd, 000223.933, 174
Trd, 000224.583, 175
Trd, 000226.083, 197
Trd, 000227.167, 181
Trd, 000228.383, 181
Trd, 000228.667, 182
Trd, 000229.317, 179
Trd, 000229.633, 183
Trd, 000229.983, 177
Trd, 000232.400, 181
Trd, 000232.700, 185
Trd, 000233.033, 178
Trd, 000234.450, 179
Trd, 000234.767, 177
Trd, 000235.183, 180
Trd, 000235.483, 175
Trd, 000235.633, 171
Trd, 000235.667, 176
Trd, 000236.100, 181
Trd, 000236.283, 169
Trd, 000237.550, 177
Trd, 000237.650, 188
Trd, 000237.883, 196
Trd, 000239.717, 180
Trd, 000240.250, 171
Trd, 000240.433, 177
Trd, 000240.683, 175
Trd, 000240.900, 177
Trd, 000241.167, 177
Trd, 000241.517, 178
Trd, 000241.883, 176
Trd, 000241.950, 172
Trd, 000242.517, 176
Trd, 000243.650, 171
Trd, 000244.083, 175
Trd, 000244.800, 171
Trd, 000244.850, 171
Trd, 000244.917, 172
Trd, 000245.033, 175
Trd, 000245.533, 177
Trd, 000246.817, 175
Trd, 000247.250, 173
Trd, 000247.550, 173
Trd, 000247.800, 172
Trd, 000248.250, 178
Trd, 000248.500, 180
Trd, 000248.617, 183
Trd, 000249.317, 183
Trd, 000249.450, 178
Trd, 000249.867, 176
Trd, 000250.083, 178
Trd, 000250.483, 179
Trd, 000250.550, 181
Trd, 000251.750, 177
Trd, 000252.600, 183
Trd, 000253.517, 184
Trd, 000253.800, 180
Trd, 000254.067, 180
Trd, 000254.133, 183
Trd, 000255.300, 179
Trd, 000255.383, 177
Trd, 000255.800, 177
Trd, 000256.200, 177
Trd, 000256.850, 178
Trd, 000257.050, 180
Trd, 000257.200, 176
Trd, 000257.933, 181
Trd, 000258.383, 177
Trd, 000259.133, 177
Trd, 000259.233, 180
Trd, 000259.733, 177
Trd, 000260.850, 180
Trd, 000260.950, 180
Trd, 000261.200, 181
Trd, 000261.783, 180
Trd, 000261.867, 177
Trd, 000262.817, 181
Trd, 000262.967, 182
Trd, 000263.217, 184
Trd, 000263.267, 199
Trd, 000263.350, 200
Trd, 000264.000, 171
Trd, 000264.017, 201
Trd, 000264.767, 167
Trd, 000265.683, 183
Trd, 000266.917, 181
Trd, 000266.967, 182
Trd, 000267.100, 179
Trd, 000268.983, 182
Trd, 000269.417, 183
Trd, 000270.017, 183
Trd, 000270.033, 181
Trd, 000270.150, 180
Trd, 000270.583, 182
Trd, 000270.717, 178
Trd, 000270.933, 178
Trd, 000271.133, 177
Trd, 000271.900, 176
Trd, 000272.133, 179
Trd, 000272.217, 182
Trd, 000272.350, 175
Trd, 000272.967, 183
Trd, 000273.083, 180
Trd, 000274.033, 175
Trd, 000274.533, 184
Trd, 000275.083, 184
Trd, 000275.633, 179
Trd, 000275.900, 185
Trd, 000277.250, 193
Trd, 000277.267, 179
Trd, 000277.317, 194
Trd, 000277.533, 179
Trd, 000277.817, 194
Trd, 000277.967, 194
Trd, 000278.200, 184
Trd, 000279.417, 183
Trd, 000280.017, 183
Trd, 000280.100, 182
Trd, 000280.317, 185
Trd, 000280.650, 186
Trd, 000280.867, 181
Trd, 000281.117, 179
Trd, 000281.133, 189
Trd, 000281.483, 192
Trd, 000281.900, 182
Trd, 000281.933, 202
Trd, 000283.500, 193
Trd, 000283.633, 188
Trd, 000284.067, 179
Trd, 000284.867, 186
Trd, 000285.333, 180
Trd, 000285.583, 177
Trd, 000285.850, 179
Trd, 000286.017, 176
Trd, 000286.517, 169
Trd, 000286.783, 180
Trd, 000287.417, 172
Trd, 000287.850, 184
Trd, 000288.233, 181
Trd, 000288.250, 173
Trd, 000288.650, 186
Trd, 000289.550, 173
Trd, 000290.383, 172
Trd, 000290.583, 173
Trd, 000291.150, 171
Trd, 000291.567, 171
Trd, 000291.617, 180
Trd, 000291.750, 191
Trd, 000292.283, 188
Trd, 000292.750, 189
Trd, 000293.117, 180
Trd, 000293.650, 179
Trd, 000293.817, 178
Trd, 000293.917, 198
Trd, 000294.050, 171
Trd, 000294.200, 194
Trd, 000294.733, 170
Trd, 000294.783, 188
Trd, 000295.483, 171
Trd, 000295.667, 174
Trd, 000295.750, 163
Trd, 000296.083, 161
Trd, 000296.350, 188
Trd, 000296.967, 157
Trd, 000297.050, 160
Trd, 000297.817, 161
Trd, 000298.367, 178
Trd, 000298.450, 185
Trd, 000299.450, 188
Trd, 000299.500, 172
