Trd, 000001.567, 131
Trd, 000002.217, 127
Trd, 000002.717, 135
Trd, 000003.200, 136
Trd, 000003.650, 141
Trd, 000004.533, 155
Trd, 000005.000, 155
Trd, 000006.050, 157
Trd, 000006.367, 157
Trd, 000006.533, 155
Trd, 000007.150, 154
Trd, 000007.167, 149
Trd, 000007.933, 161
Trd, 000008.350, 156
Trd, 000008.550, 154
Trd, 000009.033, 156
Trd, 000011.133, 153
Trd, 000011.550, 151
Trd, 000011.817, 153
Trd, 000012.083, 155
Trd, 000012.650, 149
Trd, 000013.900, 154
Trd, 000014.683, 155
Trd, 000014.917, 155
Trd, 000015.783, 156
Trd, 000016.567, 154
Trd, 000018.450, 156
Trd, 000018.667, 158
Trd, 000019.867, 158
Trd, 000019.917, 157
Trd, 000020.533, 158
Trd, 000020.550, 156
Trd, 000020.683, 164
Trd, 000023.483, 158
Trd, 000023.617, 159
Trd, 000024.383, 158
Trd, 000024.850, 157
Trd, 000025.117, 158
Trd, 000025.667, 156
Trd, 000025.767, 158
Trd, 000026.783, 157
Trd, 000027.317, 159
Trd, 000027.400, 160
Trd, 000028.050, 162
Trd, 000028.833, 158
Trd, 000030.000, 158
Trd, 000030.217, 159
Trd, 000031.817, 158
Trd, 000032.650, 161
Trd, 000032.733, 162
Trd, 000033.100, 158
Trd, 000033.817, 158
Trd, 000034.333, 158
Trd, 000034.717, 157
Trd, 000035.817, 154
Trd, 000036.100, 154
Trd, 000036.650, 155
Trd, 000038.117, 155
Trd, 000038.400, 154
Trd, 000039.433, 155
Trd, 000039.933, 155
Trd, 000040.200, 154
Trd, 000040.483, 154
Trd, 000041.133, 154
Trd, 000041.867, 155
Trd, 000042.067, 153
Trd, 000042.983, 154
Trd, 000043.150, 155
Trd, 000043.467, 162
Trd, 000044.617, 153
Trd, 000044.800, 152
Trd, 000045.050, 148
Trd, 000045.583, 140
Trd, 000046.467, 156
Trd, 000047.433, 155
Trd, 000048.633, 153
Trd, 000048.933, 152
Trd, 000049.433, 151
Trd, 000050.150, 152
Trd, 000050.583, 152
Trd, 000050.700, 151
Trd, 000051.700, 153
Trd, 000052.850, 153
Trd, 000053.217, 153
Trd, 000053.350, 153
Trd, 000053.433, 152
Trd, 000054.117, 149
Trd, 000054.167, 152
Trd, 000055.233, 151
Trd, 000056.333, 151
Trd, 000056.400, 151
Trd, 000056.800, 150
Trd, 000057.500, 151
Trd, 000058.783, 149
Trd, 000058.867, 149
Trd, 000059.633, 150
Trd, 000061.300, 150
Trd, 000062.117, 149
Trd, 000062.150, 161
Trd, 000062.700, 149
Trd, 000063.350, 153
Trd, 000063.417, 154
Trd, 000063.517, 164
Trd, 000063.800, 153
Trd, 000065.750, 154
Trd, 000066.550, 155
Trd, 000066.900, 156
Trd, 000067.033, 156
Trd, 000067.217, 154
Trd, 000068.133, 155
Trd, 000068.967, 154
Trd, 000069.033, 155
Trd, 000069.283, 154
Trd, 000069.500, 152
Trd, 000070.333, 155
Trd, 000070.850, 156
Trd, 000071.867, 155
Trd, 000073.900, 158
Trd, 000074.000, 157
Trd, 000074.617, 155
Trd, 000074.783, 168
Trd, 000075.550, 158
Trd, 000076.000, 156
Trd, 000076.483, 160
Trd, 000077.433, 159
Trd, 000078.150, 156
Trd, 000079.650, 157
Trd, 000079.750, 158
Trd, 000080.233, 157
Trd, 000080.417, 158
Trd, 000080.950, 159
Trd, 000081.200, 157
Trd, 000081.500, 156
Trd, 000081.750, 158
Trd, 000082.083, 156
Trd, 000084.167, 158
Trd, 000084.917, 158
Trd, 000085.467, 159
Trd, 000086.483, 159
Trd, 000086.733, 157
Trd, 000086.967, 157
Trd, 000087.150, 156
Trd, 000087.967, 158
Trd, 000088.517, 158
Trd, 000088.633, 164
Trd, 000089.633, 159
Trd, 000090.350, 160
Trd, 000091.017, 161
Trd, 000092.200, 160
Trd, 000092.933, 159
Trd, 000093.667, 160
Trd, 000094.350, 160
Trd, 000095.100, 161
Trd, 000095.500, 160
Trd, 000095.767, 161
Trd, 000096.383, 161
Trd, 000098.467, 165
Trd, 000099.117, 165
Trd, 000099.767, 166
Trd, 000100.133, 165
Trd, 000100.967, 166
Trd, 000101.217, 165
Trd, 000101.883, 165
Trd, 000102.283, 161
Trd, 000102.800, 163
Trd, 000103.083, 163
Trd, 000103.450, 164
Trd, 000104.383, 161
Trd, 000104.700, 159
Trd, 000106.000, 162
Trd, 000106.667, 159
Trd, 000106.717, 159
Trd, 000107.517, 162
Trd, 000109.333, 162
Trd, 000109.617, 163
Trd, 000109.700, 163
Trd, 000109.850, 173
Trd, 000111.150, 163
Trd, 000111.717, 162
Trd, 000112.017, 164
Trd, 000112.383, 164
Trd, 000113.617, 163
Trd, 000114.050, 162
Trd, 000115.250, 162
Trd, 000115.700, 165
Trd, 000117.233, 164
Trd, 000117.867, 165
Trd, 000118.333, 161
Trd, 000119.533, 164
Trd, 000119.883, 163
Trd, 000120.383, 163
Trd, 000120.417, 164
Trd, 000121.567, 165
Trd, 000121.650, 171
Trd, 000122.650, 172
Trd, 000123.633, 162
Trd, 000123.700, 162
Trd, 000124.000, 163
Trd, 000126.167, 165
Trd, 000126.717, 164
Trd, 000126.983, 164
Trd, 000127.500, 163
Trd, 000127.833, 164
Trd, 000128.300, 163
Trd, 000129.967, 164
Trd, 000130.400, 164
Trd, 000130.700, 165
Trd, 000130.933, 164
Trd, 000132.483, 163
Trd, 000133.117, 162
Trd, 000133.500, 168
Trd, 000134.650, 162
Trd, 000135.550, 162
Trd, 000136.033, 161
Trd, 000136.483, 161
Trd, 000137.117, 162
Trd, 000137.233, 161
Trd, 000139.133, 162
Trd, 000140.167, 162
Trd, 000140.367, 162
Trd, 000140.533, 168
Trd, 000140.767, 161
Trd, 000140.867, 168
Trd, 000142.583, 163
Trd, 000144.067, 165
Trd, 000144.750, 166
Trd, 000146.000, 167
Trd, 000146.367, 166
Trd, 000147.717, 165
Trd, 000147.950, 166
Trd, 000148.067, 167
Trd, 000148.167, 165
Trd, 000148.583, 169
Trd, 000149.200, 165
Trd, 000149.967, 165
Trd, 000150.767, 166
Trd, 000151.500, 165
Trd, 000151.917, 165
Trd, 000152.067, 164
Trd, 000152.667, 163
Trd, 000154.267, 162
Trd, 000155.083, 161
Trd, 000155.417, 163
Trd, 000156.950, 162
Trd, 000157.000, 159
Trd, 000157.283, 162
Trd, 000157.950, 163
Trd, 000158.383, 166
Trd, 000158.767, 170
Trd, 000160.000, 170
Trd, 000160.533, 171
Trd, 000161.317, 171
Trd, 000162.917, 172
Trd, 000163.267, 171
Trd, 000163.550, 170
Trd, 000163.717, 182
Trd, 000165.483, 169
Trd, 000165.817, 169
Trd, 000166.200, 170
Trd, 000166.983, 170
Trd, 000167.033, 171
Trd, 000167.083, 173
Trd, 000167.617, 169
Trd, 000167.767, 169
Trd, 000168.350, 169
Trd, 000168.717, 171
Trd, 000169.567, 166
Trd, 000170.483, 168
Trd, 000172.500, 170
Trd, 000173.150, 169
Trd, 000174.200, 170
Trd, 000174.383, 169
Trd, 000175.017, 172
Trd, 000175.750, 175
Trd, 000176.550, 173
Trd, 000176.567, 172
Trd, 000176.583, 171
Trd, 000178.033, 168
Trd, 000178.233, 168
Trd, 000179.150, 168
Trd, 000179.383, 168
Trd, 000180.283, 170
Trd, 000180.817, 167
Trd, 000181.700, 167
Trd, 000182.133, 152
Trd, 000182.200, 166
Trd, 000182.700, 173
Trd, 000184.400, 168
Trd, 000184.750, 168
Trd, 000184.767, 180
Trd, 000185.233, 169
Trd, 000185.967, 168
Trd, 000186.350, 168
Trd, 000186.583, 167
Trd, 000187.217, 167
Trd, 000188.350, 165
Trd, 000188.800, 167
Trd, 000188.817, 167
Trd, 000189.333, 167
Trd, 000189.583, 168
Trd, 000190.400, 177
Trd, 000190.600, 176
Trd, 000191.200, 174
Trd, 000192.667, 177
Trd, 000192.833, 181
Trd, 000195.817, 173
Trd, 000195.983, 173
Trd, 000196.633, 173
Trd, 000196.700, 172
Trd, 000197.283, 173
Trd, 000197.533, 172
Trd, 000197.583, 173
Trd, 000199.350, 172
Trd, 000200.433, 172
Trd, 000200.533, 171
Trd, 000200.733, 171
Trd, 000200.817, 170
Trd, 000201.983, 170
Trd, 000202.383, 173
Trd, 000203.117, 169
Trd, 000203.667, 171
Trd, 000203.800, 171
Trd, 000203.950, 170
Trd, 000204.883, 175
Trd, 000204.900, 168
Trd, 000206.517, 172
Trd, 000206.683, 171
Trd, 000208.167, 171
Trd, 000208.300, 173
Trd, 000208.733, 171
Trd, 000209.500, 171
Trd, 000209.633, 171
Trd, 000210.400, 171
Trd, 000210.967, 172
Trd, 000211.850, 171
Trd, 000213.083, 171
Trd, 000213.517, 170
Trd, 000213.550, 171
Trd, 000214.267, 172
Trd, 000214.617, 169
Trd, 000214.733, 167
Trd, 000215.017, 161
Trd, 000215.900, 172
Trd, 000216.483, 170
Trd, 000216.867, 172
Trd, 000217.217, 170
Trd, 000218.500, 173
Trd, 000220.050, 172
Trd, 000222.183, 169
Trd, 000222.533, 172
Trd, 000222.867, 172
Trd, 000223.467, 172
Trd, 000223.850, 170
Trd, 000224.417, 170
Trd, 000225.050, 169
Trd, 000225.450, 167
Trd, 000225.833, 171
Trd, 000227.000, 169
Trd, 000228.167, 168
Trd, 000228.317, 172
Trd, 000228.483, 171
Trd, 000229.283, 171
Trd, 000229.700, 169
Trd, 000230.533, 169
Trd, 000230.883, 169
Trd, 000231.450, 169
Trd, 000231.667, 166
Trd, 000231.967, 165
Trd, 000233.467, 169
Trd, 000234.850, 170
Trd, 000234.983, 169
Trd, 000235.033, 170
Trd, 000235.317, 170
Trd, 000236.317, 172
Trd, 000237.050, 171
Trd, 000238.350, 171
Trd, 000239.067, 170
Trd, 000239.133, 171
Trd, 000239.250, 173
Trd, 000240.467, 171
Trd, 000240.683, 170
Trd, 000240.717, 171
Trd, 000240.733, 173
Trd, 000241.900, 175
Trd, 000241.933, 174
Trd, 000242.483, 173
Trd, 000242.617, 173
Trd, 000243.767, 172
Trd, 000244.100, 170
Trd, 000244.383, 169
Trd, 000244.667, 169
Trd, 000244.867, 169
Trd, 000245.650, 168
Trd, 000246.267, 166
Trd, 000246.733, 168
Trd, 000246.900, 167
Trd, 000247.400, 167
Trd, 000248.450, 167
Trd, 000249.217, 167
Trd, 000249.767, 168
Trd, 000249.800, 169
Trd, 000249.850, 167
Trd, 000250.300, 166
Trd, 000250.517, 166
Trd, 000250.833, 167
Trd, 000251.267, 169
Trd, 000251.517, 167
Trd, 000251.767, 170
Trd, 000252.783, 167
Trd, 000253.000, 166
Trd, 000253.850, 163
Trd, 000254.167, 162
Trd, 000254.983, 165
Trd, 000255.000, 163
Trd, 000255.933, 163
Trd, 000255.983, 164
Trd, 000256.517, 163
Trd, 000256.617, 165
Trd, 000257.083, 165
Trd, 000257.367, 166
Trd, 000257.717, 166
Trd, 000257.783, 167
Trd, 000258.150, 168
Trd, 000258.717, 166
Trd, 000258.783, 162
Trd, 000258.950, 170
Trd, 000259.950, 168
Trd, 000261.033, 175
Trd, 000262.150, 176
Trd, 000262.433, 179
Trd, 000262.517, 178
Trd, 000262.600, 175
Trd, 000263.283, 176
Trd, 000263.567, 174
Trd, 000263.900, 176
Trd, 000264.267, 177
Trd, 000264.783, 175
Trd, 000265.117, 176
Trd, 000265.900, 175
Trd, 000266.117, 174
Trd, 000266.583, 174
Trd, 000266.817, 175
Trd, 000267.133, 175
Trd, 000267.617, 175
Trd, 000267.883, 171
Trd, 000268.300, 178
Trd, 000268.867, 174
Trd, 000268.983, 172
Trd, 000269.100, 174
Trd, 000269.367, 173
Trd, 000270.117, 172
Trd, 000270.617, 172
Trd, 000270.883, 174
Trd, 000271.083, 168
Trd, 000271.217, 174
Trd, 000271.283, 173
Trd, 000271.883, 169
Trd, 000271.967, 174
Trd, 000273.000, 182
Trd, 000273.167, 174
Trd, 000273.200, 173
Trd, 000273.250, 171
Trd, 000273.350, 161
Trd, 000274.450, 161
Trd, 000274.483, 159
Trd, 000274.733, 162
Trd, 000275.333, 171
Trd, 000276.817, 163
Trd, 000276.950, 169
Trd, 000277.183, 169
Trd, 000277.550, 170
Trd, 000278.733, 169
Trd, 000279.817, 170
Trd, 000280.133, 170
Trd, 000280.333, 169
Trd, 000280.467, 186
Trd, 000280.850, 183
Trd, 000281.267, 177
Trd, 000281.333, 177
Trd, 000281.500, 190
Trd, 000282.250, 181
Trd, 000282.450, 195
Trd, 000282.517, 178
Trd, 000283.500, 181
Trd, 000284.100, 182
Trd, 000284.800, 182
Trd, 000285.717, 180
Trd, 000285.817, 178
Trd, 000285.950, 182
Trd, 000286.267, 179
Trd, 000286.867, 181
Trd, 000287.050, 183
Trd, 000287.317, 180
Trd, 000287.650, 180
Trd, 000288.250, 177
Trd, 000288.417, 173
Trd, 000289.033, 173
Trd, 000289.600, 183
Trd, 000290.300, 178
Trd, 000290.367, 177
Trd, 000291.700, 179
Trd, 000291.800, 180
Trd, 000292.217, 180
Trd, 000292.283, 182
Trd, 000293.500, 184
Trd, 000293.667, 182
Trd, 000294.050, 184
Trd, 000294.300, 182
Trd, 000294.433, 175
Trd, 000294.717, 197
Trd, 000295.233, 178
Trd, 000296.083, 176
Trd, 000296.167, 175
Trd, 000296.983, 176
Trd, 000297.117, 180
Trd, 000297.350, 175
Trd, 000297.900, 173
Trd, 000298.400, 173
Trd, 000298.467, 171
Trd, 000299.633, 172
Trd, 000299.767, 175
