Trd, 000001.133, 154
Trd, 000002.217, 155
Trd, 000002.617, 164
Trd, 000002.900, 165
Trd, 000003.083, 132
Trd, 000003.817, 127
Trd, 000004.967, 128
Trd, 000005.017, 149
Trd, 000005.167, 157
Trd, 000005.417, 149
Trd, 000006.750, 149
Trd, 000007.100, 139
Trd, 000007.267, 142
Trd, 000008.050, 154
Trd, 000008.150, 140
Trd, 000008.517, 157
Trd, 000009.483, 151
Trd, 000009.983, 145
Trd, 000010.283, 151
Trd, 000010.317, 152
Trd, 000011.067, 151
Trd, 000011.117, 146
Trd, 000013.000, 150
Trd, 000014.100, 148
Trd, 000014.233, 150
Trd, 000014.450, 150
Trd, 000014.717, 151
Trd, 000014.833, 163
Trd, 000014.883, 158
Trd, 000015.100, 148
Trd, 000015.900, 147
Trd, 000015.983, 157
Trd, 000017.250, 149
Trd, 000017.450, 156
Trd, 000017.867, 156
Trd, 000018.550, 162
Trd, 000018.833, 170
Trd, 000019.100, 170
Trd, 000019.550, 160
Trd, 000020.517, 159
Trd, 000020.767, 157
Trd, 000020.933, 154
Trd, 000021.733, 157
Trd, 000021.783, 154
Trd, 000021.917, 159
Trd, 000022.600, 146
Trd, 000023.400, 157
Trd, 000024.100, 151
Trd, 000024.300, 145
Trd, 000024.317, 158
Trd, 000025.033, 170
Trd, 000025.900, 165
Trd, 000026.333, 172
Trd, 000026.367, 151
Trd, 000027.517, 146
Trd, 000027.617, 153
Trd, 000028.050, 171
Trd, 000028.867, 175
Trd, 000029.167, 165
Trd, 000029.250, 159
Trd, 000029.667, 162
Trd, 000029.950, 164
Trd, 000030.417, 162
Trd, 000031.083, 164
Trd, 000031.100, 158
Trd, 000031.467, 154
Trd, 000032.800, 155
Trd, 000032.867, 163
Trd, 000033.367, 161
Trd, 000034.200, 160
Trd, 000034.567, 161
Trd, 000035.067, 161
Trd, 000035.150, 159
Trd, 000036.867, 158
Trd, 000037.433, 160
Trd, 000037.517, 175
Trd, 000037.583, 155
Trd, 000037.617, 184
Trd, 000037.800, 150
Trd, 000038.767, 152
Trd, 000038.933, 153
Trd, 000039.150, 155
Trd, 000039.650, 147
Trd, 000040.650, 152
Trd, 000041.200, 142
Trd, 000041.567, 157
Trd, 000041.583, 157
Trd, 000041.700, 146
Trd, 000042.033, 144
Trd, 000042.783, 155
Trd, 000042.983, 154
Trd, 000043.500, 156
Trd, 000043.783, 156
Trd, 000044.233, 166
Trd, 000045.217, 171
Trd, 000046.017, 156
Trd, 000046.250, 147
Trd, 000047.233, 153
Trd, 000047.583, 147
Trd, 000047.950, 155
Trd, 000049.767, 155
Trd, 000050.167, 154
Trd, 000051.067, 151
Trd, 000051.450, 151
Trd, 000051.600, 153
Trd, 000051.817, 154
Trd, 000052.483, 156
Trd, 000053.033, 167
Trd, 000053.217, 151
Trd, 000054.217, 148
Trd, 000055.400, 150
Trd, 000055.717, 152
Trd, 000055.750, 148
Trd, 000055.883, 164
Trd, 000056.267, 161
Trd, 000056.450, 157
Trd, 000057.050, 156
Trd, 000057.867, 154
Trd, 000058.133, 152
Trd, 000059.550, 155
Trd, 000059.767, 156
Trd, 000060.250, 152
Trd, 000060.700, 154
Trd, 000061.283, 156
Trd, 000062.100, 157
Trd, 000062.517, 150
Trd, 000062.667, 157
Trd, 000063.250, 150
Trd, 000063.333, 164
Trd, 000063.417, 149
Trd, 000064.650, 157
Trd, 000065.150, 157
Trd, 000065.783, 157
Trd, 000067.283, 153
Trd, 000067.367, 146
Trd, 000067.567, 157
Trd, 000067.783, 150
Trd, 000067.867, 158
Trd, 000069.150, 157
Trd, 000069.950, 156
Trd, 000070.317, 153
Trd, 000070.550, 154
Trd, 000071.400, 150
Trd, 000071.983, 156
Trd, 000072.350, 156
Trd, 000073.050, 169
Trd, 000073.267, 161
Trd, 000074.200, 152
Trd, 000074.517, 152
Trd, 000075.433, 158
Trd, 000075.717, 151
Trd, 000076.083, 158
Trd, 000076.433, 158
Trd, 000076.667, 159
Trd, 000076.983, 167
Trd, 000077.533, 153
Trd, 000077.567, 163
Trd, 000078.100, 161
Trd, 000078.900, 160
Trd, 000079.000, 170
Trd, 000079.367, 150
Trd, 000079.500, 149
Trd, 000079.667, 148
Trd, 000079.833, 159
Trd, 000081.267, 152
Trd, 000081.933, 162
Trd, 000082.033, 162
Trd, 000083.083, 151
Trd, 000083.183, 168
Trd, 000083.833, 152
Trd, 000084.300, 162
Trd, 000084.333, 162
Trd, 000085.067, 153
Trd, 000085.817, 159
Trd, 000086.600, 160
Trd, 000087.617, 155
Trd, 000088.083, 155
Trd, 000088.550, 171
Trd, 000090.067, 154
Trd, 000090.083, 158
Trd, 000090.383, 151
Trd, 000090.967, 159
Trd, 000091.433, 151
Trd, 000091.867, 157
Trd, 000092.067, 152
Trd, 000092.567, 156
Trd, 000092.617, 158
Trd, 000094.167, 160
Trd, 000094.383, 179
Trd, 000094.633, 164
Trd, 000095.017, 150
Trd, 000095.583, 150
Trd, 000095.867, 149
Trd, 000096.317, 159
Trd, 000096.867, 160
Trd, 000097.417, 151
Trd, 000097.717, 158
Trd, 000098.467, 153
Trd, 000098.650, 154
Trd, 000098.950, 148
Trd, 000099.400, 146
Trd, 000099.600, 153
Trd, 000100.233, 151
Trd, 000100.433, 153
Trd, 000100.750, 153
Trd, 000101.217, 149
Trd, 000101.617, 145
Trd, 000101.717, 152
Trd, 000101.917, 161
Trd, 000102.800, 165
Trd, 000103.717, 154
Trd, 000105.017, 152
Trd, 000105.250, 160
Trd, 000105.467, 161
Trd, 000106.300, 161
Trd, 000106.400, 167
Trd, 000106.783, 165
Trd, 000107.583, 171
Trd, 000108.300, 166
Trd, 000109.067, 166
Trd, 000109.817, 154
Trd, 000109.867, 151
Trd, 000110.033, 169
Trd, 000110.117, 172
Trd, 000110.500, 171
Trd, 000111.767, 165
Trd, 000112.567, 166
Trd, 000113.117, 169
Trd, 000113.717, 170
Trd, 000113.983, 162
Trd, 000114.683, 163
Trd, 000114.883, 166
Trd, 000115.333, 169
Trd, 000116.050, 173
Trd, 000116.700, 164
Trd, 000116.950, 164
Trd, 000117.483, 162
Trd, 000117.683, 163
Trd, 000118.467, 165
Trd, 000119.433, 163
Trd, 000119.483, 166
Trd, 000120.067, 162
Trd, 000120.433, 168
Trd, 000120.450, 147
Trd, 000120.850, 174
Trd, 000121.367, 177
Trd, 000121.883, 177
Trd, 000121.900, 184
Trd, 000122.800, 167
Trd, 000122.817, 163
Trd, 000123.183, 158
Trd, 000124.833, 175
Trd, 000125.150, 180
Trd, 000125.267, 167
Trd, 000126.383, 169
Trd, 000126.417, 168
Trd, 000126.650, 171
Trd, 000127.183, 166
Trd, 000127.283, 153
Trd, 000127.367, 152
Trd, 000127.417, 167
Trd, 000128.950, 162
Trd, 000130.017, 160
Trd, 000130.683, 162
Trd, 000130.783, 162
Trd, 000131.700, 160
Trd, 000132.000, 159
Trd, 000132.617, 156
Trd, 000133.733, 153
Trd, 000133.900, 160
Trd, 000134.217, 159
Trd, 000134.833, 158
Trd, 000135.383, 161
Trd, 000135.600, 156
Trd, 000136.550, 162
Trd, 000137.067, 162
Trd, 000137.417, 160
Trd, 000137.817, 162
Trd, 000138.767, 161
Trd, 000138.933, 160
Trd, 000139.867, 162
Trd, 000141.017, 162
Trd, 000141.050, 158
Trd, 000141.267, 156
Trd, 000142.883, 158
Trd, 000143.950, 157
Trd, 000144.000, 156
Trd, 000144.200, 154
Trd, 000144.283, 158
Trd, 000144.350, 161
Trd, 000144.433, 162
Trd, 000144.617, 165
Trd, 000146.100, 156
Trd, 000146.583, 165
Trd, 000146.617, 155
Trd, 000147.817, 163
Trd, 000148.033, 156
Trd, 000148.500, 172
Trd, 000148.667, 176
Trd, 000149.100, 168
Trd, 000149.267, 177
Trd, 000150.633, 183
Trd, 000150.650, 166
Trd, 000150.817, 187
Trd, 000150.967, 170
Trd, 000152.417, 170
Trd, 000153.400, 169
Trd, 000153.417, 170
Trd, 000153.467, 159
Trd, 000153.850, 157
Trd, 000154.350, 167
Trd, 000154.917, 159
Trd, 000154.983, 167
Trd, 000155.417, 168
Trd, 000155.450, 172
Trd, 000156.100, 166
Trd, 000156.717, 161
Trd, 000158.000, 159
Trd, 000158.283, 154
Trd, 000158.800, 161
Trd, 000159.567, 160
Trd, 000160.067, 159
Trd, 000160.617, 163
Trd, 000161.450, 163
Trd, 000161.850, 160
Trd, 000161.883, 167
Trd, 000162.783, 177
Trd, 000163.083, 167
Trd, 000163.233, 173
Trd, 000163.550, 167
Trd, 000163.967, 171
Trd, 000164.200, 169
Trd, 000165.117, 167
Trd, 000165.133, 182
Trd, 000165.467, 167
Trd, 000165.667, 166
Trd, 000165.850, 172
Trd, 000167.067, 177
Trd, 000167.167, 186
Trd, 000167.633, 171
Trd, 000168.200, 160
Trd, 000169.850, 170
Trd, 000169.917, 168
Trd, 000170.667, 165
Trd, 000170.983, 168
Trd, 000171.167, 170
Trd, 000171.217, 171
Trd, 000171.267, 162
Trd, 000172.617, 167
Trd, 000173.000, 167
Trd, 000173.217, 168
Trd, 000174.400, 164
Trd, 000174.467, 168
Trd, 000175.350, 165
Trd, 000175.617, 168
Trd, 000175.750, 166
Trd, 000175.867, 168
Trd, 000176.367, 179
Trd, 000176.517, 173
Trd, 000177.683, 186
Trd, 000177.700, 187
Trd, 000178.167, 185
Trd, 000179.250, 177
Trd, 000180.583, 176
Trd, 000180.617, 173
Trd, 000180.650, 178
Trd, 000180.817, 173
Trd, 000181.300, 169
Trd, 000181.500, 161
Trd, 000182.233, 161
Trd, 000183.133, 176
Trd, 000183.750, 169
Trd, 000184.200, 158
Trd, 000184.467, 169
Trd, 000184.900, 168
Trd, 000185.817, 168
Trd, 000185.867, 190
Trd, 000186.533, 174
Trd, 000187.483, 167
Trd, 000188.283, 177
Trd, 000188.450, 180
Trd, 000189.533, 170
Trd, 000189.950, 169
Trd, 000189.983, 168
Trd, 000190.517, 173
Trd, 000191.117, 172
Trd, 000191.683, 175
Trd, 000191.733, 174
Trd, 000191.750, 168
Trd, 000192.517, 162
Trd, 000193.150, 155
Trd, 000193.533, 156
Trd, 000194.050, 170
Trd, 000194.517, 170
Trd, 000195.650, 170
Trd, 000196.533, 171
Trd, 000197.017, 170
Trd, 000198.083, 169
Trd, 000198.333, 171
Trd, 000199.450, 165
Trd, 000199.600, 163
Trd, 000199.817, 163
Trd, 000199.833, 170
Trd, 000200.133, 161
Trd, 000200.267, 171
Trd, 000200.800, 175
Trd, 000202.033, 160
Trd, 000202.483, 188
Trd, 000202.800, 189
Trd, 000202.883, 202
Trd, 000203.017, 175
Trd, 000203.450, 192
Trd, 000204.167, 181
Trd, 000204.783, 174
Trd, 000205.683, 174
Trd, 000205.933, 182
Trd, 000206.100, 183
Trd, 000206.450, 171
Trd, 000207.033, 170
Trd, 000207.300, 178
Trd, 000207.667, 182
Trd, 000208.200, 177
Trd, 000208.383, 164
Trd, 000208.550, 161
Trd, 000209.100, 177
Trd, 000209.967, 156
Trd, 000210.600, 173
Trd, 000210.983, 155
Trd, 000211.100, 183
Trd, 000211.900, 164
Trd, 000212.017, 178
Trd, 000213.333, 172
Trd, 000213.567, 173
Trd, 000214.067, 170
Trd, 000214.750, 173
Trd, 000215.883, 173
Trd, 000216.050, 172
Trd, 000216.100, 179
Trd, 000216.167, 164
Trd, 000216.550, 183
Trd, 000217.550, 176
Trd, 000217.767, 174
Trd, 000217.817, 172
Trd, 000218.017, 173
Trd, 000218.583, 175
Trd, 000218.800, 175
Trd, 000218.850, 181
Trd, 000220.800, 177
Trd, 000220.917, 174
Trd, 000222.000, 181
Trd, 000222.067, 173
Trd, 000222.083, 182
Trd, 000222.733, 173
Trd, 000223.650, 177
Trd, 000223.717, 173
Trd, 000224.550, 165
Trd, 000224.683, 175
Trd, 000225.650, 158
Trd, 000225.917, 158
Trd, 000226.183, 169
Trd, 000226.800, 174
Trd, 000227.117, 184
Trd, 000227.717, 158
Trd, 000228.733, 173
Trd, 000229.450, 171
Trd, 000230.383, 172
Trd, 000231.150, 175
Trd, 000231.200, 177
Trd, 000232.650, 174
Trd, 000232.850, 170
Trd, 000233.217, 176
Trd, 000233.550, 170
Trd, 000234.767, 168
Trd, 000235.600, 169
Trd, 000235.717, 166
Trd, 000235.933, 171
Trd, 000235.950, 172
Trd, 000237.283, 168
Trd, 000237.900, 171
Trd, 000238.017, 170
Trd, 000238.267, 167
Trd, 000238.683, 173
Trd, 000239.083, 167
Trd, 000239.400, 174
Trd, 000240.483, 169
Trd, 000240.750, 169
Trd, 000241.100, 169
Trd, 000241.200, 173
Trd, 000241.467, 168
Trd, 000241.750, 173
Trd, 000242.217, 174
Trd, 000242.583, 165
Trd, 000242.683, 164
Trd, 000242.817, 165
Trd, 000243.633, 169
Trd, 000243.767, 169
Trd, 000244.050, 166
Trd, 000244.450, 163
Trd, 000244.517, 168
Trd, 000244.533, 169
Trd, 000244.983, 175
Trd, 000245.617, 186
Trd, 000245.633, 187
Trd, 000245.667, 196
Trd, 000246.750, 172
Trd, 000247.033, 165
Trd, 000248.000, 167
Trd, 000248.267, 180
Trd, 000249.433, 175
Trd, 000249.683, 177
Trd, 000249.850, 178
Trd, 000249.867, 174
Trd, 000250.033, 187
Trd, 000250.717, 194
Trd, 000251.233, 193
Trd, 000251.650, 175
Trd, 000251.900, 176
Trd, 000252.017, 175
Trd, 000252.267, 171
Trd, 000252.933, 171
Trd, 000253.400, 168
Trd, 000253.967, 165
Trd, 000254.667, 162
Trd, 000255.017, 161
Trd, 000255.033, 159
Trd, 000256.250, 160
Trd, 000256.317, 162
Trd, 000256.717, 162
Trd, 000256.883, 163
Trd, 000257.050, 167
Trd, 000257.183, 162
Trd, 000257.417, 162
Trd, 000257.750, 168
Trd, 000258.067, 164
Trd, 000258.367, 165
Trd, 000258.617, 167
Trd, 000260.200, 170
Trd, 000260.950, 174
Trd, 000261.233, 177
Trd, 000261.767, 173
Trd, 000262.567, 172
Trd, 000263.750, 174
Trd, 000263.967, 174
Trd, 000265.000, 172
Trd, 000265.100, 174
Trd, 000265.550, 171
Trd, 000265.667, 174
Trd, 000265.700, 176
Trd, 000266.033, 172
Trd, 000266.267, 172
Trd, 000266.333, 176
Trd, 000266.767, 166
Trd, 000266.950, 172
Trd, 000267.000, 177
Trd, 000267.067, 188
Trd, 000267.850, 179
Trd, 000268.817, 193
Trd, 000269.117, 184
Trd, 000269.967, 182
Trd, 000270.967, 189
Trd, 000271.467, 178
Trd, 000271.767, 184
Trd, 000271.850, 178
Trd, 000271.867, 189
Trd, 000272.250, 197
Trd, 000272.600, 185
Trd, 000272.700, 190
Trd, 000272.867, 184
Trd, 000273.217, 189
Trd, 000273.350, 188
Trd, 000273.850, 178
Trd, 000274.183, 172
Trd, 000275.083, 178
Trd, 000275.267, 181
Trd, 000275.317, 177
Trd, 000275.850, 182
Trd, 000276.017, 184
Trd, 000276.417, 182
Trd, 000277.300, 178
Trd, 000277.333, 177
Trd, 000277.533, 182
Trd, 000278.567, 183
Trd, 000278.700, 181
Trd, 000278.883, 190
Trd, 000278.950, 179
Trd, 000279.950, 184
Trd, 000280.850, 181
Trd, 000281.117, 183
Trd, 000281.733, 179
Trd, 000281.933, 183
Trd, 000282.483, 182
Trd, 000282.883, 171
Trd, 000283.100, 173
Trd, 000283.300, 168
Trd, 000283.567, 173
Trd, 000283.883, 176
Trd, 000284.267, 176
Trd, 000284.433, 182
Trd, 000284.917, 178
Trd, 000285.150, 171
Trd, 000285.583, 178
Trd, 000285.700, 178
Trd, 000286.433, 176
Trd, 000286.733, 175
Trd, 000286.883, 175
Trd, 000287.250, 180
Trd, 000287.400, 174
Trd, 000287.417, 185
Trd, 000287.483, 173
Trd, 000287.650, 200
Trd, 000287.717, 197
Trd, 000288.850, 169
Trd, 000288.900, 171
Trd, 000290.317, 174
Trd, 000290.933, 183
Trd, 000290.967, 189
Trd, 000291.067, 190
Trd, 000291.083, 174
Trd, 000291.217, 169
Trd, 000291.933, 177
Trd, 000292.267, 170
Trd, 000292.583, 166
Trd, 000292.933, 180
Trd, 000293.267, 177
Trd, 000293.683, 163
Trd, 000294.333, 169
Trd, 000294.400, 177
Trd, 000294.817, 169
Trd, 000295.183, 174
Trd, 000295.417, 169
Trd, 000295.500, 175
Trd, 000295.650, 177
Trd, 000295.950, 187
Trd, 000296.033, 168
Trd, 000296.733, 179
Trd, 000297.433, 170
Trd, 000297.533, 191
Trd, 000297.617, 192
Trd, 000298.633, 170
Trd, 000299.583, 168
Trd, 000299.617, 177
Trd, 000299.633, 180
