Trd, 000001.950, 187
Trd, 000002.100, 186
Trd, 000002.783, 162
Trd, 000003.750, 154
Trd, 000004.800, 135
Trd, 000005.500, 139
Trd, 000005.700, 167
Trd, 000006.833, 169
Trd, 000007.200, 168
Trd, 000007.600, 163
Trd, 000008.350, 158
Trd, 000008.367, 145
Trd, 000008.583, 145
Trd, 000009.383, 156
Trd, 000010.583, 155
Trd, 000011.200, 156
Trd, 000011.750, 148
Trd, 000011.933, 147
Trd, 000012.250, 155
Trd, 000012.617, 158
Trd, 000014.033, 142
Trd, 000014.050, 140
Trd, 000015.350, 155
Trd, 000018.050, 168
Trd, 000018.083, 167
Trd, 000018.383, 174
Trd, 000018.583, 168
Trd, 000018.833, 168
Trd, 000021.067, 164
Trd, 000021.117, 165
Trd, 000022.267, 162
Trd, 000022.333, 162
Trd, 000022.783, 162
Trd, 000022.867, 141
Trd, 000024.100, 161
Trd, 000024.183, 164
Trd, 000024.750, 164
Trd, 000025.617, 160
Trd, 000026.533, 158
Trd, 000026.600, 164
Trd, 000027.050, 161
Trd, 000028.967, 163
Trd, 000029.333, 163
Trd, 000029.417, 164
Trd, 000029.783, 163
Trd, 000031.000, 165
Trd, 000031.017, 160
Trd, 000031.433, 147
Trd, 000032.033, 158
Trd, 000032.067, 144
Trd, 000032.850, 156
Trd, 000033.283, 158
Trd, 000033.933, 165
Trd, 000034.650, 168
Trd, 000034.700, 162
Trd, 000035.000, 161
Trd, 000036.233, 167
Trd, 000036.283, 170
Trd, 000037.200, 168
Trd, 000037.633, 150
Trd, 000037.783, 159
Trd, 000038.950, 163
Trd, 000040.233, 162
Trd, 000040.417, 160
Trd, 000041.150, 166
Trd, 000041.350, 161
Trd, 000041.400, 169
Trd, 000041.633, 169
Trd, 000041.750, 160
Trd, 000041.883, 144
Trd, 000044.367, 170
Trd, 000044.967, 167
Trd, 000045.067, 166
Trd, 000045.200, 162
Trd, 000045.783, 163
Trd, 000046.267, 167
Trd, 000047.450, 168
Trd, 000047.567, 166
Trd, 000047.883, 168
Trd, 000048.050, 151
Trd, 000050.583, 162
Trd, 000050.617, 161
Trd, 000051.117, 161
Trd, 000051.450, 160
Trd, 000051.817, 144
Trd, 000054.133, 159
Trd, 000054.833, 157
Trd, 000054.983, 156
Trd, 000055.083, 167
Trd, 000056.900, 163
Trd, 000058.333, 166
Trd, 000058.750, 165
Trd, 000059.050, 161
Trd, 000059.317, 161
Trd, 000060.850, 166
Trd, 000061.400, 167
Trd, 000061.683, 166
Trd, 000062.183, 168
Trd, 000062.833, 166
Trd, 000063.350, 169
Trd, 000063.450, 167
Trd, 000063.550, 164
Trd, 000063.650, 163
Trd, 000063.783, 163
Trd, 000065.500, 169
Trd, 000065.933, 144
Trd, 000065.967, 158
Trd, 000067.867, 148
Trd, 000068.667, 166
Trd, 000069.283, 151
Trd, 000069.417, 148
Trd, 000069.950, 147
Trd, 000071.083, 164
Trd, 000071.350, 159
Trd, 000072.100, 148
Trd, 000072.617, 165
Trd, 000073.683, 165
Trd, 000074.050, 166
Trd, 000074.283, 169
Trd, 000074.783, 163
Trd, 000076.583, 159
Trd, 000077.967, 156
Trd, 000078.183, 159
Trd, 000078.867, 171
Trd, 000078.950, 174
Trd, 000079.417, 174
Trd, 000079.850, 170
Trd, 000080.767, 166
Trd, 000081.250, 172
Trd, 000081.883, 165
Trd, 000083.500, 181
Trd, 000083.533, 174
Trd, 000084.217, 173
Trd, 000084.517, 179
Trd, 000085.217, 146
Trd, 000085.267, 166
Trd, 000085.317, 142
Trd, 000086.867, 167
Trd, 000087.167, 167
Trd, 000087.250, 166
Trd, 000087.783, 170
Trd, 000088.300, 154
Trd, 000088.733, 174
Trd, 000089.000, 171
Trd, 000089.717, 145
Trd, 000090.550, 165
Trd, 000090.683, 165
Trd, 000091.300, 172
Trd, 000091.767, 167
Trd, 000092.133, 158
Trd, 000093.333, 165
Trd, 000093.367, 171
Trd, 000094.017, 166
Trd, 000095.233, 166
Trd, 000095.250, 145
Trd, 000095.283, 143
Trd, 000095.417, 169
Trd, 000095.833, 170
Trd, 000096.233, 147
Trd, 000097.267, 151
Trd, 000097.483, 155
Trd, 000097.967, 188
Trd, 000099.050, 168
Trd, 000099.283, 163
Trd, 000099.633, 148
Trd, 000099.767, 147
Trd, 000101.250, 176
Trd, 000101.300, 169
Trd, 000102.550, 171
Trd, 000102.817, 153
Trd, 000102.867, 172
Trd, 000103.217, 147
Trd, 000103.700, 156
Trd, 000103.750, 163
Trd, 000104.200, 172
Trd, 000104.850, 169
Trd, 000105.417, 177
Trd, 000106.583, 168
Trd, 000107.550, 172
Trd, 000107.750, 171
Trd, 000108.517, 176
Trd, 000109.200, 173
Trd, 000109.367, 189
Trd, 000110.150, 172
Trd, 000110.950, 178
Trd, 000111.317, 169
Trd, 000111.867, 149
Trd, 000112.117, 151
Trd, 000113.617, 159
Trd, 000113.817, 158
Trd, 000116.000, 157
Trd, 000116.050, 163
Trd, 000116.083, 165
Trd, 000116.317, 171
Trd, 000117.800, 173
Trd, 000118.167, 162
Trd, 000118.717, 171
Trd, 000119.950, 174
Trd, 000120.883, 174
Trd, 000120.967, 175
Trd, 000121.450, 175
Trd, 000121.983, 170
Trd, 000122.200, 176
Trd, 000122.283, 151
Trd, 000123.450, 160
Trd, 000123.617, 174
Trd, 000124.267, 173
Trd, 000125.133, 171
Trd, 000126.367, 174
Trd, 000126.400, 174
Trd, 000126.567, 174
Trd, 000127.400, 173
Trd, 000127.650, 172
Trd, 000128.600, 174
Trd, 000129.517, 176
Trd, 000130.433, 178
Trd, 000130.733, 178
Trd, 000131.350, 175
Trd, 000132.200, 175
Trd, 000132.350, 176
Trd, 000132.833, 176
Trd, 000134.067, 175
Trd, 000134.267, 171
Trd, 000136.017, 170
Trd, 000136.183, 174
Trd, 000137.300, 172
Trd, 000139.267, 172
Trd, 000139.950, 172
Trd, 000140.000, 171
Trd, 000140.733, 172
Trd, 000141.367, 174
Trd, 000141.983, 173
Trd, 000142.267, 176
Trd, 000142.800, 162
Trd, 000144.600, 165
Trd, 000144.983, 169
Trd, 000145.383, 178
Trd, 000146.217, 178
Trd, 000146.767, 167
Trd, 000147.433, 172
Trd, 000147.900, 171
Trd, 000149.067, 161
Trd, 000149.283, 155
Trd, 000149.817, 166
Trd, 000150.800, 178
Trd, 000151.083, 174
Trd, 000151.617, 175
Trd, 000152.800, 174
Trd, 000153.083, 176
Trd, 000154.050, 173
Trd, 000154.117, 163
Trd, 000154.733, 166
Trd, 000155.000, 174
Trd, 000155.633, 171
Trd, 000155.900, 175
Trd, 000156.717, 175
Trd, 000157.350, 177
Trd, 000158.050, 174
Trd, 000158.200, 173
Trd, 000158.650, 164
Trd, 000159.817, 167
Trd, 000159.867, 166
Trd, 000159.983, 171
Trd, 000161.417, 166
Trd, 000161.500, 172
Trd, 000161.733, 165
Trd, 000161.900, 180
Trd, 000161.950, 162
Trd, 000163.233, 167
Trd, 000163.717, 157
Trd, 000163.967, 164
Trd, 000164.083, 169
Trd, 000165.250, 156
Trd, 000166.150, 178
Trd, 000166.383, 175
Trd, 000166.850, 171
Trd, 000167.233, 166
Trd, 000167.383, 164
Trd, 000168.183, 164
Trd, 000168.400, 171
Trd, 000168.767, 155
Trd, 000168.917, 170
Trd, 000168.967, 172
Trd, 000169.067, 179
Trd, 000171.467, 179
Trd, 000172.283, 160
Trd, 000172.567, 159
Trd, 000172.983, 154
Trd, 000174.317, 171
Trd, 000175.050, 167
Trd, 000177.000, 168
Trd, 000177.367, 167
Trd, 000177.467, 171
Trd, 000177.600, 166
Trd, 000177.750, 182
Trd, 000179.033, 180
Trd, 000179.383, 180
Trd, 000179.400, 176
Trd, 000179.867, 154
Trd, 000180.200, 182
Trd, 000180.367, 181
Trd, 000180.567, 177
Trd, 000181.750, 165
Trd, 000182.050, 171
Trd, 000182.600, 182
Trd, 000183.983, 154
Trd, 000184.133, 174
Trd, 000185.267, 154
Trd, 000185.583, 166
Trd, 000185.800, 166
Trd, 000186.533, 157
Trd, 000189.050, 168
Trd, 000189.150, 181
Trd, 000189.333, 175
Trd, 000189.417, 168
Trd, 000189.517, 167
Trd, 000189.717, 178
Trd, 000192.317, 177
Trd, 000192.367, 169
Trd, 000192.833, 177
Trd, 000193.200, 173
Trd, 000193.217, 178
Trd, 000193.350, 173
Trd, 000195.217, 180
Trd, 000195.450, 154
Trd, 000196.350, 183
Trd, 000196.467, 181
Trd, 000196.750, 160
Trd, 000197.433, 178
Trd, 000198.983, 188
Trd, 000199.350, 161
Trd, 000199.850, 171
Trd, 000200.800, 178
Trd, 000201.233, 172
Trd, 000201.633, 182
Trd, 000202.350, 172
Trd, 000202.583, 171
Trd, 000202.633, 177
Trd, 000202.833, 178
Trd, 000203.350, 184
Trd, 000203.400, 173
Trd, 000203.800, 172
Trd, 000204.433, 170
Trd, 000205.767, 179
Trd, 000206.200, 177
Trd, 000208.400, 168
Trd, 000208.867, 182
Trd, 000208.917, 161
Trd, 000209.667, 173
Trd, 000210.100, 165
Trd, 000211.267, 176
Trd, 000211.383, 177
Trd, 000211.483, 183
Trd, 000211.833, 173
Trd, 000212.167, 181
Trd, 000212.783, 173
Trd, 000213.933, 175
Trd, 000214.417, 175
Trd, 000214.500, 175
Trd, 000215.033, 174
Trd, 000216.133, 174
Trd, 000216.667, 177
Trd, 000217.017, 161
Trd, 000217.867, 160
Trd, 000220.117, 183
Trd, 000221.100, 181
Trd, 000221.467, 181
Trd, 000221.617, 182
Trd, 000221.700, 180
Trd, 000221.800, 175
Trd, 000222.417, 187
Trd, 000224.517, 179
Trd, 000224.583, 177
Trd, 000224.683, 183
Trd, 000224.883, 184
Trd, 000225.133, 167
Trd, 000225.367, 159
Trd, 000226.400, 181
Trd, 000227.500, 157
Trd, 000227.767, 183
Trd, 000227.783, 156
Trd, 000228.533, 185
Trd, 000228.750, 181
Trd, 000229.783, 185
Trd, 000231.000, 185
Trd, 000231.467, 181
Trd, 000232.267, 186
Trd, 000233.250, 187
Trd, 000233.650, 185
Trd, 000234.083, 184
Trd, 000234.167, 182
Trd, 000234.433, 182
Trd, 000235.000, 187
Trd, 000235.983, 181
Trd, 000238.450, 189
Trd, 000238.517, 184
Trd, 000238.533, 183
Trd, 000240.083, 185
Trd, 000240.267, 187
Trd, 000240.417, 184
Trd, 000241.083, 186
Trd, 000241.233, 184
Trd, 000241.250, 182
Trd, 000242.100, 185
Trd, 000242.333, 184
Trd, 000243.183, 185
Trd, 000243.367, 179
Trd, 000243.567, 183
Trd, 000243.650, 186
Trd, 000245.083, 182
Trd, 000246.217, 180
Trd, 000246.267, 177
Trd, 000246.767, 175
Trd, 000247.100, 161
Trd, 000247.817, 163
Trd, 000247.933, 167
Trd, 000248.950, 168
Trd, 000249.083, 167
Trd, 000249.117, 168
Trd, 000249.550, 180
Trd, 000250.183, 187
Trd, 000250.717, 185
Trd, 000251.100, 183
Trd, 000251.683, 184
Trd, 000252.633, 185
Trd, 000253.267, 181
Trd, 000253.533, 178
Trd, 000253.817, 178
Trd, 000254.217, 183
Trd, 000255.133, 183
Trd, 000255.617, 188
Trd, 000256.050, 183
Trd, 000256.333, 177
Trd, 000256.550, 177
Trd, 000256.700, 176
Trd, 000257.367, 165
Trd, 000257.433, 187
Trd, 000258.833, 171
Trd, 000258.850, 168
Trd, 000259.617, 167
Trd, 000259.633, 168
Trd, 000259.950, 165
Trd, 000260.467, 160
Trd, 000260.933, 163
Trd, 000261.133, 161
Trd, 000261.283, 162
Trd, 000261.667, 164
Trd, 000263.117, 177
Trd, 000263.167, 181
Trd, 000263.883, 173
Trd, 000264.383, 163
Trd, 000264.400, 166
Trd, 000265.200, 166
Trd, 000265.283, 164
Trd, 000266.133, 166
Trd, 000266.200, 167
Trd, 000266.217, 165
Trd, 000266.450, 182
Trd, 000266.783, 168
Trd, 000267.850, 182
Trd, 000268.383, 184
Trd, 000268.567, 178
Trd, 000269.200, 194
Trd, 000269.417, 183
Trd, 000270.750, 188
Trd, 000270.867, 186
Trd, 000271.200, 185
Trd, 000271.417, 190
Trd, 000271.533, 178
Trd, 000272.367, 185
Trd, 000272.633, 185
Trd, 000273.533, 186
Trd, 000273.783, 187
Trd, 000273.983, 186
Trd, 000274.467, 185
Trd, 000274.933, 187
Trd, 000275.050, 185
Trd, 000275.333, 173
Trd, 000276.067, 167
Trd, 000276.150, 164
Trd, 000276.567, 170
Trd, 000276.933, 183
Trd, 000277.650, 190
Trd, 000277.800, 186
Trd, 000277.967, 186
Trd, 000278.683, 190
Trd, 000279.100, 188
Trd, 000279.133, 186
Trd, 000279.633, 190
Trd, 000280.083, 192
Trd, 000280.750, 187
Trd, 000281.133, 179
Trd, 000281.767, 187
Trd, 000281.967, 188
Trd, 000282.300, 191
Trd, 000282.883, 193
Trd, 000283.067, 189
Trd, 000283.333, 184
Trd, 000283.783, 179
Trd, 000284.050, 165
Trd, 000285.033, 183
Trd, 000285.517, 182
Trd, 000285.667, 183
Trd, 000286.033, 170
Trd, 000286.200, 181
Trd, 000286.317, 171
Trd, 000286.367, 169
Trd, 000286.800, 177
Trd, 000287.200, 162
Trd, 000287.300, 170
Trd, 000287.367, 163
Trd, 000287.750, 166
Trd, 000287.917, 171
Trd, 000288.383, 173
Trd, 000288.567, 194
Trd, 000288.800, 173
Trd, 000289.183, 185
Trd, 000289.917, 186
Trd, 000290.067, 187
Trd, 000290.567, 188
Trd, 000291.017, 191
Trd, 000291.800, 187
Trd, 000291.950, 196
Trd, 000292.600, 197
Trd, 000293.183, 196
Trd, 000293.350, 187
Trd, 000293.383, 187
Trd, 000293.450, 184
Trd, 000294.933, 188
Trd, 000296.183, 182
Trd, 000296.217, 180
Trd, 000296.483, 189
Trd, 000296.583, 188
Trd, 000297.267, 192
Trd, 000298.250, 185
Trd, 000298.383, 170
Trd, 000298.567, 177
Trd, 000299.200, 177
Trd, 000299.967, 181
