Trd, 000000.783, 151
Trd, 000001.500, 141
Trd, 000001.967, 137
Trd, 000002.300, 137
Trd, 000002.500, 123
Trd, 000002.617, 169
Trd, 000004.467, 130
Trd, 000005.083, 127
Trd, 000005.217, 131
Trd, 000006.050, 127
Trd, 000006.233, 130
Trd, 000008.033, 131
Trd, 000008.833, 134
Trd, 000009.317, 133
Trd, 000009.333, 136
Trd, 000009.500, 152
Trd, 000009.783, 132
Trd, 000010.517, 143
Trd, 000010.750, 154
Trd, 000010.900, 146
Trd, 000011.167, 143
Trd, 000013.700, 152
Trd, 000013.867, 150
Trd, 000015.083, 150
Trd, 000015.633, 150
Trd, 000015.850, 151
Trd, 000016.633, 130
Trd, 000016.683, 131
Trd, 000016.883, 143
Trd, 000017.267, 137
Trd, 000018.050, 148
Trd, 000018.950, 147
Trd, 000019.567, 139
Trd, 000019.867, 143
Trd, 000019.983, 144
Trd, 000021.100, 153
Trd, 000021.317, 143
Trd, 000021.667, 147
Trd, 000022.233, 145
Trd, 000022.717, 147
Trd, 000022.883, 153
Trd, 000024.400, 156
Trd, 000024.500, 157
Trd, 000025.183, 151
Trd, 000025.550, 149
Trd, 000025.750, 153
Trd, 000026.467, 144
Trd, 000027.467, 149
Trd, 000029.017, 149
Trd, 000029.667, 149
Trd, 000029.717, 148
Trd, 000030.683, 146
Trd, 000030.933, 147
Trd, 000031.983, 147
Trd, 000032.417, 146
Trd, 000032.483, 145
Trd, 000033.000, 147
Trd, 000033.650, 146
Trd, 000033.900, 146
Trd, 000033.933, 144
Trd, 000034.217, 136
Trd, 000034.883, 147
Trd, 000036.233, 145
Trd, 000036.400, 147
Trd, 000037.467, 145
Trd, 000038.633, 148
Trd, 000038.700, 149
Trd, 000039.550, 148
Trd, 000040.167, 147
Trd, 000040.817, 149
Trd, 000041.333, 150
Trd, 000041.700, 153
Trd, 000043.617, 150
Trd, 000043.650, 151
Trd, 000044.100, 149
Trd, 000044.417, 147
Trd, 000044.850, 146
Trd, 000045.650, 149
Trd, 000047.150, 147
Trd, 000048.433, 146
Trd, 000048.917, 146
Trd, 000049.450, 146
Trd, 000049.600, 146
Trd, 000050.050, 147
Trd, 000050.250, 150
Trd, 000051.250, 149
Trd, 000051.433, 156
Trd, 000052.383, 148
Trd, 000052.500, 152
Trd, 000052.533, 159
Trd, 000053.383, 149
Trd, 000053.583, 159
Trd, 000053.883, 160
Trd, 000054.117, 150
Trd, 000054.733, 148
Trd, 000055.650, 147
Trd, 000057.983, 149
Trd, 000058.033, 150
Trd, 000058.333, 149
Trd, 000058.350, 149
Trd, 000058.367, 150
Trd, 000059.800, 152
Trd, 000059.917, 151
Trd, 000060.000, 151
Trd, 000061.100, 147
Trd, 000062.333, 151
Trd, 000062.550, 150
Trd, 000062.800, 149
Trd, 000063.150, 151
Trd, 000063.367, 148
Trd, 000064.600, 152
Trd, 000064.750, 149
Trd, 000065.517, 162
Trd, 000066.017, 163
Trd, 000067.300, 159
Trd, 000067.333, 161
Trd, 000067.667, 158
Trd, 000067.717, 158
Trd, 000067.850, 147
Trd, 000068.383, 145
Trd, 000068.600, 148
Trd, 000070.450, 152
Trd, 000070.550, 153
Trd, 000070.667, 142
Trd, 000071.367, 149
Trd, 000071.600, 149
Trd, 000072.200, 152
Trd, 000072.450, 158
Trd, 000072.650, 176
Trd, 000073.017, 162
Trd, 000074.450, 162
Trd, 000075.183, 186
Trd, 000075.400, 178
Trd, 000076.117, 172
Trd, 000076.567, 172
Trd, 000077.733, 153
Trd, 000078.500, 172
Trd, 000078.667, 145
Trd, 000079.800, 147
Trd, 000079.817, 147
Trd, 000080.183, 161
Trd, 000080.983, 151
Trd, 000081.083, 151
Trd, 000081.283, 156
Trd, 000081.433, 159
Trd, 000081.933, 155
Trd, 000082.733, 156
Trd, 000082.983, 150
Trd, 000083.250, 155
Trd, 000084.250, 152
Trd, 000084.350, 155
Trd, 000085.767, 151
Trd, 000086.350, 150
Trd, 000086.533, 149
Trd, 000086.883, 150
Trd, 000087.267, 149
Trd, 000087.283, 150
Trd, 000087.350, 146
Trd, 000087.417, 160
Trd, 000087.967, 163
Trd, 000088.433, 156
Trd, 000091.783, 154
Trd, 000092.083, 153
Trd, 000092.117, 154
Trd, 000092.533, 150
Trd, 000092.867, 150
Trd, 000093.333, 150
Trd, 000093.350, 133
Trd, 000094.167, 148
Trd, 000094.300, 138
Trd, 000094.967, 163
Trd, 000095.817, 142
Trd, 000095.833, 146
Trd, 000098.250, 149
Trd, 000098.633, 150
Trd, 000098.867, 150
Trd, 000099.400, 150
Trd, 000099.917, 151
Trd, 000100.267, 150
Trd, 000100.500, 151
Trd, 000100.650, 150
Trd, 000101.183, 149
Trd, 000101.250, 151
Trd, 000103.433, 150
Trd, 000103.633, 147
Trd, 000103.667, 143
Trd, 000104.500, 146
Trd, 000104.550, 145
Trd, 000106.317, 150
Trd, 000106.733, 149
Trd, 000106.867, 147
Trd, 000107.017, 147
Trd, 000107.100, 148
Trd, 000107.150, 150
Trd, 000108.800, 145
Trd, 000108.900, 149
Trd, 000109.133, 148
Trd, 000109.917, 149
Trd, 000111.133, 151
Trd, 000111.350, 149
Trd, 000112.217, 144
Trd, 000113.150, 149
Trd, 000113.267, 150
Trd, 000113.383, 151
Trd, 000114.083, 151
Trd, 000114.250, 151
Trd, 000114.933, 147
Trd, 000116.733, 157
Trd, 000117.000, 156
Trd, 000117.017, 154
Trd, 000117.500, 154
Trd, 000118.200, 157
Trd, 000119.833, 155
Trd, 000120.133, 155
Trd, 000120.333, 149
Trd, 000120.417, 153
Trd, 000121.617, 152
Trd, 000121.750, 154
Trd, 000122.717, 153
Trd, 000123.100, 161
Trd, 000123.650, 150
Trd, 000123.800, 156
Trd, 000124.600, 155
Trd, 000124.750, 162
Trd, 000124.950, 154
Trd, 000126.033, 153
Trd, 000126.333, 158
Trd, 000126.400, 153
Trd, 000126.733, 158
Trd, 000126.800, 159
Trd, 000128.150, 156
Trd, 000130.100, 157
Trd, 000130.150, 158
Trd, 000130.883, 157
Trd, 000131.150, 157
Trd, 000131.567, 160
Trd, 000132.933, 156
Trd, 000133.083, 158
Trd, 000133.633, 159
Trd, 000134.233, 157
Trd, 000134.867, 156
Trd, 000135.700, 156
Trd, 000135.900, 157
Trd, 000136.800, 156
Trd, 000136.817, 158
Trd, 000137.083, 160
Trd, 000137.150, 155
Trd, 000137.733, 155
Trd, 000139.350, 157
Trd, 000139.633, 156
Trd, 000139.867, 157
Trd, 000140.733, 161
Trd, 000141.133, 165
Trd, 000141.500, 169
Trd, 000143.450, 167
Trd, 000143.983, 167
Trd, 000144.517, 167
Trd, 000145.083, 165
Trd, 000146.117, 165
Trd, 000147.750, 157
Trd, 000147.817, 156
Trd, 000147.917, 155
Trd, 000148.250, 158
Trd, 000149.350, 155
Trd, 000149.750, 155
Trd, 000149.933, 156
Trd, 000150.200, 159
Trd, 000152.100, 154
Trd, 000152.417, 148
Trd, 000152.700, 158
Trd, 000153.567, 159
Trd, 000154.650, 155
Trd, 000155.117, 158
Trd, 000155.217, 157
Trd, 000155.867, 165
Trd, 000158.100, 159
Trd, 000158.850, 159
Trd, 000159.133, 160
Trd, 000159.667, 166
Trd, 000160.567, 164
Trd, 000160.767, 166
Trd, 000160.883, 163
Trd, 000161.467, 165
Trd, 000161.517, 162
Trd, 000162.033, 157
Trd, 000162.317, 162
Trd, 000163.117, 159
Trd, 000163.467, 161
Trd, 000165.150, 162
Trd, 000165.567, 162
Trd, 000165.933, 162
Trd, 000166.083, 157
Trd, 000166.567, 163
Trd, 000167.750, 162
Trd, 000168.550, 161
Trd, 000169.283, 163
Trd, 000169.500, 158
Trd, 000170.467, 160
Trd, 000171.150, 158
Trd, 000171.917, 158
Trd, 000173.167, 158
Trd, 000173.617, 157
Trd, 000173.917, 157
Trd, 000174.117, 157
Trd, 000174.133, 156
Trd, 000174.583, 158
Trd, 000175.667, 158
Trd, 000175.700, 154
Trd, 000176.267, 154
Trd, 000176.683, 157
Trd, 000177.417, 156
Trd, 000177.800, 159
Trd, 000178.267, 155
Trd, 000179.150, 169
Trd, 000180.000, 156
Trd, 000180.550, 161
Trd, 000181.733, 160
Trd, 000182.083, 159
Trd, 000183.350, 162
Trd, 000183.433, 169
Trd, 000184.450, 176
Trd, 000184.550, 175
Trd, 000185.567, 173
Trd, 000185.900, 172
Trd, 000186.117, 173
Trd, 000186.633, 174
Trd, 000186.967, 173
Trd, 000188.583, 171
Trd, 000188.817, 171
Trd, 000189.583, 170
Trd, 000191.067, 168
Trd, 000191.250, 168
Trd, 000191.750, 169
Trd, 000192.000, 169
Trd, 000193.550, 165
Trd, 000193.683, 163
Trd, 000194.350, 162
Trd, 000194.667, 162
Trd, 000195.050, 163
Trd, 000195.700, 170
Trd, 000196.650, 164
Trd, 000196.800, 162
Trd, 000197.600, 161
Trd, 000198.433, 164
Trd, 000199.033, 165
Trd, 000199.567, 165
Trd, 000199.633, 164
Trd, 000201.117, 168
Trd, 000201.583, 170
Trd, 000202.167, 171
Trd, 000202.633, 175
Trd, 000203.467, 171
Trd, 000203.967, 171
Trd, 000204.933, 199
Trd, 000205.417, 180
Trd, 000205.550, 175
Trd, 000205.883, 178
Trd, 000208.117, 169
Trd, 000209.417, 167
Trd, 000211.117, 171
Trd, 000211.133, 172
Trd, 000212.083, 172
Trd, 000212.233, 172
Trd, 000212.650, 172
Trd, 000212.783, 171
Trd, 000213.033, 171
Trd, 000213.067, 170
Trd, 000213.283, 173
Trd, 000216.800, 172
Trd, 000216.983, 172
Trd, 000217.617, 173
Trd, 000217.700, 168
Trd, 000217.817, 162
Trd, 000218.967, 165
Trd, 000220.850, 163
Trd, 000221.267, 164
Trd, 000221.283, 165
Trd, 000221.300, 166
Trd, 000221.883, 167
Trd, 000222.883, 166
Trd, 000223.200, 163
Trd, 000224.200, 162
Trd, 000225.817, 156
Trd, 000226.650, 161
Trd, 000226.800, 159
Trd, 000227.817, 162
Trd, 000228.150, 162
Trd, 000228.717, 163
Trd, 000228.800, 162
Trd, 000229.817, 166
Trd, 000230.017, 167
Trd, 000230.883, 167
Trd, 000231.200, 174
Trd, 000231.383, 197
Trd, 000232.100, 168
Trd, 000232.567, 160
Trd, 000233.100, 160
Trd, 000234.000, 162
Trd, 000234.250, 165
Trd, 000235.383, 165
Trd, 000235.617, 164
Trd, 000236.283, 164
Trd, 000236.850, 164
Trd, 000237.050, 158
Trd, 000238.117, 164
Trd, 000238.183, 164
Trd, 000238.750, 162
Trd, 000240.200, 163
Trd, 000240.400, 163
Trd, 000240.550, 164
Trd, 000240.950, 163
Trd, 000241.217, 162
Trd, 000241.500, 165
Trd, 000242.100, 165
Trd, 000242.183, 166
Trd, 000242.783, 167
Trd, 000243.333, 168
Trd, 000244.017, 167
Trd, 000244.250, 166
Trd, 000244.400, 166
Trd, 000244.450, 164
Trd, 000244.917, 167
Trd, 000245.983, 166
Trd, 000246.017, 162
Trd, 000246.733, 168
Trd, 000247.650, 165
Trd, 000247.783, 165
Trd, 000248.517, 169
Trd, 000249.117, 169
Trd, 000249.300, 172
Trd, 000249.500, 170
Trd, 000249.733, 173
Trd, 000249.917, 176
Trd, 000250.067, 175
Trd, 000250.600, 173
Trd, 000251.167, 190
Trd, 000252.233, 187
Trd, 000252.250, 170
Trd, 000253.083, 172
Trd, 000253.383, 176
Trd, 000253.950, 176
Trd, 000254.367, 178
Trd, 000254.800, 177
Trd, 000255.067, 176
Trd, 000255.167, 180
Trd, 000255.567, 175
Trd, 000256.850, 155
Trd, 000256.983, 159
Trd, 000257.733, 159
Trd, 000257.817, 162
Trd, 000258.450, 162
Trd, 000258.667, 165
Trd, 000258.700, 160
Trd, 000258.833, 166
Trd, 000259.067, 167
Trd, 000259.617, 159
Trd, 000259.700, 170
Trd, 000260.533, 173
Trd, 000260.933, 174
Trd, 000262.217, 170
Trd, 000263.200, 172
Trd, 000263.267, 180
Trd, 000263.317, 179
Trd, 000264.033, 173
Trd, 000264.333, 177
Trd, 000265.133, 186
Trd, 000265.700, 182
Trd, 000265.817, 181
Trd, 000265.867, 183
Trd, 000266.417, 182
Trd, 000266.833, 173
Trd, 000267.433, 177
Trd, 000267.700, 173
Trd, 000267.883, 171
Trd, 000268.083, 176
Trd, 000268.650, 172
Trd, 000268.800, 173
Trd, 000269.217, 173
Trd, 000269.350, 174
Trd, 000270.333, 171
Trd, 000270.583, 168
Trd, 000271.650, 176
Trd, 000271.817, 175
Trd, 000271.933, 177
Trd, 000272.317, 174
Trd, 000272.617, 173
Trd, 000273.150, 174
Trd, 000273.233, 175
Trd, 000273.800, 173
Trd, 000274.283, 173
Trd, 000274.400, 175
Trd, 000274.500, 171
Trd, 000275.683, 178
Trd, 000276.583, 190
Trd, 000276.700, 182
Trd, 000276.950, 182
Trd, 000277.100, 183
Trd, 000277.600, 180
Trd, 000278.583, 183
Trd, 000278.633, 185
Trd, 000278.933, 192
Trd, 000279.017, 188
Trd, 000280.850, 187
Trd, 000280.933, 179
Trd, 000280.983, 161
Trd, 000281.433, 180
Trd, 000281.767, 180
Trd, 000282.000, 179
Trd, 000282.067, 183
Trd, 000282.633, 172
Trd, 000283.683, 179
Trd, 000284.650, 178
Trd, 000285.100, 179
Trd, 000285.267, 170
Trd, 000285.367, 182
Trd, 000286.417, 172
Trd, 000286.933, 177
Trd, 000287.067, 177
Trd, 000287.250, 180
Trd, 000288.517, 177
Trd, 000288.733, 180
Trd, 000289.833, 176
Trd, 000290.100, 180
Trd, 000290.283, 184
Trd, 000290.917, 183
Trd, 000291.633, 183
Trd, 000291.950, 182
Trd, 000291.983, 180
Trd, 000292.317, 185
Trd, 000292.850, 187
Trd, 000292.883, 173
Trd, 000293.050, 189
Trd, 000294.150, 174
Trd, 000294.750, 173
Trd, 000295.383, 173
Trd, 000295.917, 177
Trd, 000296.233, 177
Trd, 000296.767, 174
Trd, 000296.867, 173
Trd, 000296.950, 175
Trd, 000297.067, 176
Trd, 000297.083, 172
Trd, 000298.417, 170
Trd, 000298.500, 174
Trd, 000299.300, 175
