Trd, 000002.500, 141
Trd, 000002.783, 138
Trd, 000003.450, 145
Trd, 000003.500, 149
Trd, 000004.700, 149
Trd, 000004.767, 150
Trd, 000005.033, 149
Trd, 000005.233, 164
Trd, 000006.283, 152
Trd, 000006.983, 151
Trd, 000008.083, 155
Trd, 000008.533, 154
Trd, 000008.783, 156
Trd, 000009.167, 155
Trd, 000009.300, 154
Trd, 000009.600, 152
Trd, 000010.483, 153
Trd, 000010.683, 154
Trd, 000011.150, 155
Trd, 000012.450, 156
Trd, 000012.517, 155
Trd, 000012.967, 155
Trd, 000013.533, 154
Trd, 000013.950, 151
Trd, 000015.133, 151
Trd, 000015.733, 151
Trd, 000015.783, 152
Trd, 000015.883, 150
Trd, 000016.517, 150
Trd, 000017.000, 152
Trd, 000017.400, 151
Trd, 000017.617, 153
Trd, 000018.050, 151
Trd, 000018.917, 151
Trd, 000019.167, 150
Trd, 000019.233, 149
Trd, 000020.117, 151
Trd, 000021.533, 150
Trd, 000021.783, 151
Trd, 000021.917, 150
Trd, 000022.700, 151
Trd, 000022.767, 152
Trd, 000024.450, 151
Trd, 000024.483, 150
Trd, 000025.167, 144
Trd, 000026.017, 149
Trd, 000026.133, 151
Trd, 000026.567, 148
Trd, 000027.750, 149
Trd, 000027.833, 149
Trd, 000028.050, 149
Trd, 000028.150, 148
Trd, 000028.400, 143
Trd, 000028.450, 139
Trd, 000030.217, 148
Trd, 000030.883, 146
Trd, 000031.267, 147
Trd, 000031.500, 149
Trd, 000032.050, 149
Trd, 000032.217, 149
Trd, 000032.717, 151
Trd, 000034.250, 151
Trd, 000034.867, 149
Trd, 000034.933, 149
Trd, 000035.283, 148
Trd, 000035.600, 148
Trd, 000036.233, 144
Trd, 000037.000, 145
Trd, 000037.267, 152
Trd, 000038.550, 148
Trd, 000039.150, 148
Trd, 000039.283, 147
Trd, 000039.317, 149
Trd, 000040.250, 148
Trd, 000040.567, 148
Trd, 000041.200, 149
Trd, 000041.633, 148
Trd, 000042.183, 152
Trd, 000042.250, 153
Trd, 000042.833, 149
Trd, 000043.133, 149
Trd, 000043.283, 150
Trd, 000043.583, 149
Trd, 000044.133, 148
Trd, 000044.567, 148
Trd, 000044.600, 143
Trd, 000046.300, 143
Trd, 000046.633, 146
Trd, 000047.233, 142
Trd, 000048.267, 143
Trd, 000048.567, 143
Trd, 000048.733, 142
Trd, 000049.783, 143
Trd, 000050.650, 145
Trd, 000050.883, 144
Trd, 000051.400, 146
Trd, 000051.817, 147
Trd, 000052.467, 147
Trd, 000052.500, 153
Trd, 000052.850, 146
Trd, 000054.333, 150
Trd, 000054.567, 151
Trd, 000055.850, 150
Trd, 000056.050, 150
Trd, 000056.100, 151
Trd, 000056.700, 154
Trd, 000057.483, 155
Trd, 000058.683, 157
Trd, 000059.017, 156
Trd, 000059.067, 155
Trd, 000059.800, 158
Trd, 000060.633, 159
Trd, 000060.700, 157
Trd, 000060.850, 157
Trd, 000061.150, 158
Trd, 000061.817, 158
Trd, 000062.283, 158
Trd, 000063.100, 156
Trd, 000063.883, 157
Trd, 000064.217, 155
Trd, 000065.133, 154
Trd, 000065.333, 146
Trd, 000065.550, 154
Trd, 000065.917, 155
Trd, 000066.433, 150
Trd, 000066.500, 155
Trd, 000068.100, 155
Trd, 000068.783, 155
Trd, 000068.833, 155
Trd, 000069.017, 158
Trd, 000069.233, 156
Trd, 000070.000, 157
Trd, 000070.217, 157
Trd, 000070.467, 156
Trd, 000070.967, 155
Trd, 000072.367, 157
Trd, 000073.367, 157
Trd, 000073.383, 155
Trd, 000073.950, 156
Trd, 000074.183, 156
Trd, 000074.950, 157
Trd, 000075.017, 154
Trd, 000075.250, 153
Trd, 000075.583, 158
Trd, 000077.967, 155
Trd, 000078.183, 157
Trd, 000078.500, 156
Trd, 000078.817, 155
Trd, 000079.250, 156
Trd, 000079.483, 154
Trd, 000079.800, 156
Trd, 000080.333, 157
Trd, 000080.817, 157
Trd, 000081.350, 159
Trd, 000081.383, 158
Trd, 000082.567, 155
Trd, 000082.683, 154
Trd, 000082.950, 154
Trd, 000083.200, 154
Trd, 000084.517, 154
Trd, 000084.650, 153
Trd, 000084.717, 148
Trd, 000085.417, 146
Trd, 000085.900, 153
Trd, 000086.067, 145
Trd, 000086.350, 153
Trd, 000087.167, 152
Trd, 000087.433, 155
Trd, 000087.450, 150
Trd, 000088.333, 151
Trd, 000089.133, 152
Trd, 000090.050, 154
Trd, 000090.300, 154
Trd, 000090.333, 157
Trd, 000090.867, 158
Trd, 000091.167, 159
Trd, 000092.333, 159
Trd, 000092.850, 159
Trd, 000093.583, 160
Trd, 000094.000, 158
Trd, 000094.417, 160
Trd, 000094.517, 166
Trd, 000094.883, 167
Trd, 000095.617, 169
Trd, 000095.883, 169
Trd, 000096.017, 168
Trd, 000096.933, 167
Trd, 000097.417, 166
Trd, 000097.600, 163
Trd, 000097.617, 166
Trd, 000098.467, 164
Trd, 000098.667, 163
Trd, 000100.367, 162
Trd, 000100.567, 162
Trd, 000100.833, 164
Trd, 000101.617, 159
Trd, 000102.167, 161
Trd, 000102.783, 168
Trd, 000104.133, 165
Trd, 000104.600, 166
Trd, 000104.967, 165
Trd, 000105.783, 163
Trd, 000106.150, 163
Trd, 000106.167, 162
Trd, 000107.450, 157
Trd, 000107.467, 158
Trd, 000107.517, 156
Trd, 000108.167, 158
Trd, 000108.417, 152
Trd, 000108.617, 159
Trd, 000109.250, 155
Trd, 000109.883, 156
Trd, 000110.167, 156
Trd, 000110.200, 157
Trd, 000111.350, 153
Trd, 000112.383, 156
Trd, 000113.717, 156
Trd, 000113.833, 155
Trd, 000113.950, 156
Trd, 000114.383, 154
Trd, 000115.200, 155
Trd, 000115.383, 156
Trd, 000116.700, 157
Trd, 000116.800, 155
Trd, 000117.133, 157
Trd, 000118.017, 157
Trd, 000118.050, 156
Trd, 000118.167, 155
Trd, 000118.417, 156
Trd, 000118.717, 156
Trd, 000118.933, 156
Trd, 000119.500, 155
Trd, 000120.600, 157
Trd, 000121.300, 160
Trd, 000121.533, 155
Trd, 000122.667, 163
Trd, 000122.700, 161
Trd, 000123.100, 161
Trd, 000124.183, 161
Trd, 000125.050, 162
Trd, 000125.067, 163
Trd, 000125.383, 160
Trd, 000125.817, 183
Trd, 000126.000, 159
Trd, 000127.283, 153
Trd, 000127.550, 158
Trd, 000127.683, 151
Trd, 000128.333, 168
Trd, 000129.600, 166
Trd, 000130.050, 166
Trd, 000130.200, 166
Trd, 000130.883, 165
Trd, 000131.433, 164
Trd, 000132.033, 166
Trd, 000132.300, 165
Trd, 000132.533, 165
Trd, 000132.667, 165
Trd, 000132.900, 164
Trd, 000132.950, 164
Trd, 000133.350, 164
Trd, 000134.317, 164
Trd, 000134.483, 164
Trd, 000134.800, 163
Trd, 000135.517, 161
Trd, 000135.900, 161
Trd, 000136.350, 163
Trd, 000137.033, 161
Trd, 000137.383, 161
Trd, 000137.550, 159
Trd, 000137.817, 151
Trd, 000138.717, 160
Trd, 000139.133, 150
Trd, 000140.883, 158
Trd, 000141.400, 159
Trd, 000141.667, 157
Trd, 000142.600, 160
Trd, 000143.200, 157
Trd, 000143.467, 159
Trd, 000143.550, 157
Trd, 000143.767, 154
Trd, 000144.033, 156
Trd, 000144.867, 157
Trd, 000145.717, 154
Trd, 000146.183, 155
Trd, 000146.250, 155
Trd, 000146.850, 155
Trd, 000147.267, 162
Trd, 000147.767, 156
Trd, 000148.517, 156
Trd, 000149.000, 156
Trd, 000149.583, 155
Trd, 000149.650, 154
Trd, 000150.150, 153
Trd, 000151.550, 154
Trd, 000152.033, 154
Trd, 000152.400, 155
Trd, 000152.850, 153
Trd, 000152.917, 154
Trd, 000153.050, 156
Trd, 000153.517, 154
Trd, 000154.083, 162
Trd, 000154.683, 162
Trd, 000154.783, 160
Trd, 000154.833, 163
Trd, 000155.867, 165
Trd, 000156.533, 165
Trd, 000157.000, 166
Trd, 000158.317, 167
Trd, 000158.617, 169
Trd, 000158.983, 169
Trd, 000159.650, 170
Trd, 000159.783, 169
Trd, 000159.917, 170
Trd, 000160.567, 168
Trd, 000160.983, 167
Trd, 000161.283, 167
Trd, 000161.567, 167
Trd, 000162.117, 166
Trd, 000162.683, 165
Trd, 000163.150, 164
Trd, 000163.317, 165
Trd, 000164.300, 162
Trd, 000165.700, 164
Trd, 000166.433, 161
Trd, 000167.117, 159
Trd, 000167.217, 159
Trd, 000167.617, 160
Trd, 000168.117, 161
Trd, 000168.283, 164
Trd, 000169.467, 160
Trd, 000169.600, 157
Trd, 000170.133, 156
Trd, 000170.683, 163
Trd, 000170.783, 163
Trd, 000170.833, 165
Trd, 000170.883, 157
Trd, 000171.783, 157
Trd, 000171.950, 175
Trd, 000173.650, 177
Trd, 000173.883, 176
Trd, 000175.350, 176
Trd, 000175.367, 175
Trd, 000175.617, 172
Trd, 000176.467, 172
Trd, 000176.883, 171
Trd, 000176.950, 175
Trd, 000177.600, 172
Trd, 000177.817, 172
Trd, 000178.117, 169
Trd, 000179.117, 171
Trd, 000179.733, 170
Trd, 000180.100, 169
Trd, 000180.167, 168
Trd, 000180.567, 169
Trd, 000181.567, 166
Trd, 000182.150, 166
Trd, 000182.233, 157
Trd, 000182.700, 167
Trd, 000183.317, 167
Trd, 000183.583, 167
Trd, 000184.083, 164
Trd, 000184.350, 163
Trd, 000185.417, 168
Trd, 000186.383, 169
Trd, 000186.467, 167
Trd, 000186.917, 167
Trd, 000187.900, 168
Trd, 000189.067, 171
Trd, 000189.583, 168
Trd, 000190.667, 169
Trd, 000190.767, 167
Trd, 000190.950, 169
Trd, 000191.450, 168
Trd, 000191.483, 169
Trd, 000191.800, 168
Trd, 000192.117, 170
Trd, 000193.500, 171
Trd, 000194.017, 171
Trd, 000194.033, 174
Trd, 000194.717, 172
Trd, 000195.050, 171
Trd, 000195.983, 172
Trd, 000196.100, 170
Trd, 000196.967, 168
Trd, 000197.300, 169
Trd, 000198.550, 168
Trd, 000198.800, 168
Trd, 000199.267, 167
Trd, 000199.633, 167
Trd, 000200.433, 170
Trd, 000201.367, 170
Trd, 000201.433, 171
Trd, 000201.633, 168
Trd, 000201.967, 171
Trd, 000204.283, 167
Trd, 000204.500, 167
Trd, 000204.667, 168
Trd, 000205.050, 170
Trd, 000205.183, 168
Trd, 000205.350, 166
Trd, 000205.633, 160
Trd, 000206.467, 169
Trd, 000206.717, 168
Trd, 000207.117, 169
Trd, 000207.550, 170
Trd, 000207.583, 169
Trd, 000208.467, 169
Trd, 000208.883, 167
Trd, 000209.933, 170
Trd, 000209.983, 169
Trd, 000211.567, 168
Trd, 000211.583, 167
Trd, 000212.033, 167
Trd, 000212.233, 166
Trd, 000212.317, 166
Trd, 000212.333, 165
Trd, 000213.917, 161
Trd, 000214.283, 172
Trd, 000214.433, 171
Trd, 000214.783, 179
Trd, 000215.367, 173
Trd, 000215.967, 174
Trd, 000217.067, 173
Trd, 000217.667, 172
Trd, 000219.417, 171
Trd, 000219.867, 171
Trd, 000220.017, 170
Trd, 000220.717, 172
Trd, 000221.017, 172
Trd, 000221.150, 173
Trd, 000221.667, 172
Trd, 000221.750, 171
Trd, 000222.017, 171
Trd, 000222.900, 171
Trd, 000223.350, 171
Trd, 000223.500, 170
Trd, 000224.383, 168
Trd, 000225.233, 167
Trd, 000225.300, 167
Trd, 000225.933, 166
Trd, 000226.400, 166
Trd, 000227.317, 166
Trd, 000227.800, 163
Trd, 000228.500, 161
Trd, 000228.733, 160
Trd, 000229.100, 164
Trd, 000230.017, 163
Trd, 000230.400, 164
Trd, 000231.167, 164
Trd, 000231.983, 171
Trd, 000232.150, 168
Trd, 000232.600, 169
Trd, 000233.033, 173
Trd, 000233.967, 172
Trd, 000234.050, 171
Trd, 000234.183, 174
Trd, 000234.483, 172
Trd, 000234.833, 171
Trd, 000235.550, 172
Trd, 000235.567, 179
Trd, 000236.367, 173
Trd, 000236.750, 172
Trd, 000237.417, 172
Trd, 000238.017, 172
Trd, 000238.667, 174
Trd, 000239.267, 172
Trd, 000239.483, 172
Trd, 000239.550, 171
Trd, 000240.017, 170
Trd, 000240.500, 171
Trd, 000240.667, 169
Trd, 000241.400, 169
Trd, 000241.883, 170
Trd, 000242.117, 170
Trd, 000242.417, 168
Trd, 000242.500, 169
Trd, 000242.917, 168
Trd, 000243.317, 170
Trd, 000243.867, 164
Trd, 000244.150, 163
Trd, 000244.233, 165
Trd, 000244.267, 162
Trd, 000245.083, 164
Trd, 000245.250, 163
Trd, 000245.633, 165
Trd, 000246.300, 166
Trd, 000246.517, 165
Trd, 000246.883, 166
Trd, 000247.417, 169
Trd, 000247.583, 164
Trd, 000247.950, 165
Trd, 000248.800, 172
Trd, 000249.150, 173
Trd, 000249.267, 172
Trd, 000249.667, 175
Trd, 000250.183, 179
Trd, 000250.400, 176
Trd, 000250.417, 174
Trd, 000250.733, 175
Trd, 000250.800, 176
Trd, 000250.950, 172
Trd, 000251.933, 169
Trd, 000252.500, 172
Trd, 000252.783, 170
Trd, 000253.200, 170
Trd, 000253.333, 172
Trd, 000253.583, 169
Trd, 000254.033, 165
Trd, 000254.650, 166
Trd, 000254.967, 166
Trd, 000255.383, 165
Trd, 000255.700, 173
Trd, 000256.450, 169
Trd, 000257.183, 170
Trd, 000257.283, 168
Trd, 000257.317, 172
Trd, 000257.633, 172
Trd, 000258.467, 171
Trd, 000258.483, 173
Trd, 000259.067, 176
Trd, 000260.017, 173
Trd, 000260.100, 172
Trd, 000260.683, 171
Trd, 000260.767, 170
Trd, 000261.350, 171
Trd, 000261.850, 169
Trd, 000261.900, 168
Trd, 000262.067, 167
Trd, 000263.150, 170
Trd, 000263.500, 174
Trd, 000264.067, 174
Trd, 000264.250, 175
Trd, 000264.650, 171
Trd, 000264.700, 177
Trd, 000265.017, 181
Trd, 000265.500, 182
Trd, 000265.517, 181
Trd, 000266.100, 181
Trd, 000266.200, 167
Trd, 000266.833, 166
Trd, 000267.033, 180
Trd, 000267.083, 180
Trd, 000267.267, 179
Trd, 000267.517, 164
Trd, 000268.533, 175
Trd, 000268.917, 176
Trd, 000269.133, 173
Trd, 000269.750, 171
Trd, 000270.383, 165
Trd, 000270.400, 164
Trd, 000271.000, 158
Trd, 000271.117, 160
Trd, 000271.217, 161
Trd, 000271.667, 168
Trd, 000272.650, 159
Trd, 000272.900, 161
Trd, 000273.017, 159
Trd, 000273.033, 161
Trd, 000273.183, 168
Trd, 000273.800, 176
Trd, 000274.667, 171
Trd, 000274.750, 171
Trd, 000274.967, 167
Trd, 000275.600, 170
Trd, 000275.683, 169
Trd, 000276.600, 171
Trd, 000276.933, 169
Trd, 000277.233, 167
Trd, 000277.333, 171
Trd, 000277.767, 172
Trd, 000277.867, 171
Trd, 000278.450, 170
Trd, 000278.517, 170
Trd, 000278.833, 168
Trd, 000279.633, 175
Trd, 000280.350, 176
Trd, 000280.433, 179
Trd, 000280.767, 176
Trd, 000281.417, 174
Trd, 000281.867, 200
Trd, 000281.900, 213
Trd, 000282.583, 213
Trd, 000283.000, 201
Trd, 000283.750, 196
Trd, 000283.917, 186
Trd, 000283.983, 190
Trd, 000284.133, 174
Trd, 000284.217, 172
Trd, 000284.233, 188
Trd, 000284.733, 181
Trd, 000285.417, 183
Trd, 000285.817, 184
Trd, 000285.850, 182
Trd, 000286.183, 177
Trd, 000286.450, 176
Trd, 000286.783, 176
Trd, 000287.117, 176
Trd, 000287.300, 168
Trd, 000288.383, 166
Trd, 000288.883, 173
Trd, 000289.133, 165
Trd, 000289.433, 177
Trd, 000290.117, 174
Trd, 000290.250, 176
Trd, 000290.450, 178
Trd, 000290.567, 173
Trd, 000291.017, 171
Trd, 000291.583, 174
Trd, 000292.050, 174
Trd, 000292.200, 177
Trd, 000292.783, 174
Trd, 000293.000, 176
Trd, 000293.633, 173
Trd, 000293.850, 172
Trd, 000294.967, 171
Trd, 000295.167, 171
Trd, 000295.300, 171
Trd, 000296.017, 172
Trd, 000296.267, 176
Trd, 000296.600, 171
Trd, 000296.750, 171
Trd, 000297.400, 171
Trd, 000297.667, 171
Trd, 000297.883, 170
Trd, 000298.400, 172
Trd, 000299.083, 173
Trd, 000299.800, 172
Trd, 000299.983, 171
