Trd, 000001.383, 175
Trd, 000003.933, 139
Trd, 000004.183, 141
Trd, 000004.600, 143
Trd, 000004.717, 143
Trd, 000005.150, 142
Trd, 000005.783, 145
Trd, 000006.017, 145
Trd, 000009.167, 145
Trd, 000009.233, 144
Trd, 000009.867, 145
Trd, 000010.100, 144
Trd, 000010.167, 143
Trd, 000010.650, 144
Trd, 000011.367, 144
Trd, 000011.867, 143
Trd, 000012.983, 144
Trd, 000013.817, 143
Trd, 000013.833, 145
Trd, 000014.433, 145
Trd, 000015.117, 144
Trd, 000016.733, 146
Trd, 000017.250, 146
Trd, 000017.383, 147
Trd, 000018.350, 147
Trd, 000018.917, 148
Trd, 000019.517, 148
Trd, 000019.783, 149
Trd, 000021.817, 149
Trd, 000022.100, 148
Trd, 000022.150, 147
Trd, 000022.267, 150
Trd, 000022.950, 147
Trd, 000023.917, 149
Trd, 000024.000, 150
Trd, 000024.567, 150
Trd, 000026.383, 150
Trd, 000026.500, 149
Trd, 000027.267, 151
Trd, 000027.483, 150
Trd, 000028.983, 149
Trd, 000029.233, 151
Trd, 000029.450, 151
Trd, 000029.867, 151
Trd, 000030.317, 151
Trd, 000030.667, 148
Trd, 000031.033, 147
Trd, 000031.200, 147
Trd, 000031.817, 147
Trd, 000033.017, 145
Trd, 000033.883, 145
Trd, 000034.450, 144
Trd, 000035.300, 146
Trd, 000036.033, 151
Trd, 000037.767, 148
Trd, 000038.233, 148
Trd, 000038.617, 151
Trd, 000039.367, 149
Trd, 000039.633, 148
Trd, 000040.433, 148
Trd, 000041.083, 148
Trd, 000041.550, 149
Trd, 000041.733, 148
Trd, 000041.817, 147
Trd, 000042.067, 148
Trd, 000043.117, 151
Trd, 000044.183, 149
Trd, 000044.200, 150
Trd, 000044.383, 152
Trd, 000044.617, 148
Trd, 000046.033, 147
Trd, 000046.283, 146
Trd, 000046.317, 146
Trd, 000046.833, 147
Trd, 000046.867, 153
Trd, 000047.117, 164
Trd, 000048.650, 147
Trd, 000049.133, 154
Trd, 000049.200, 153
Trd, 000049.700, 155
Trd, 000049.917, 150
Trd, 000050.817, 151
Trd, 000051.650, 151
Trd, 000052.267, 148
Trd, 000053.867, 152
Trd, 000053.900, 152
Trd, 000054.783, 153
Trd, 000055.500, 151
Trd, 000056.833, 148
Trd, 000057.133, 145
Trd, 000057.733, 148
Trd, 000059.717, 149
Trd, 000060.200, 149
Trd, 000060.333, 149
Trd, 000061.483, 148
Trd, 000061.717, 149
Trd, 000062.133, 148
Trd, 000063.600, 147
Trd, 000063.950, 149
Trd, 000063.983, 151
Trd, 000064.033, 151
Trd, 000065.167, 148
Trd, 000067.450, 150
Trd, 000067.500, 152
Trd, 000068.317, 151
Trd, 000068.683, 151
Trd, 000069.033, 150
Trd, 000069.683, 151
Trd, 000070.083, 150
Trd, 000070.567, 155
Trd, 000071.783, 150
Trd, 000072.250, 155
Trd, 000073.517, 148
Trd, 000074.033, 147
Trd, 000074.483, 149
Trd, 000074.500, 147
Trd, 000075.683, 146
Trd, 000075.800, 147
Trd, 000076.617, 146
Trd, 000077.833, 149
Trd, 000078.117, 149
Trd, 000078.217, 148
Trd, 000080.200, 149
Trd, 000080.733, 149
Trd, 000081.167, 150
Trd, 000081.567, 148
Trd, 000083.100, 156
Trd, 000083.700, 151
Trd, 000084.383, 152
Trd, 000085.200, 154
Trd, 000085.867, 152
Trd, 000086.183, 151
Trd, 000086.467, 150
Trd, 000086.967, 152
Trd, 000087.450, 153
Trd, 000089.133, 152
Trd, 000089.200, 152
Trd, 000089.500, 153
Trd, 000089.950, 151
Trd, 000090.800, 151
Trd, 000092.467, 153
Trd, 000093.417, 154
Trd, 000094.050, 155
Trd, 000095.383, 155
Trd, 000095.450, 156
Trd, 000095.533, 156
Trd, 000096.017, 155
Trd, 000096.583, 154
Trd, 000098.117, 157
Trd, 000098.617, 155
Trd, 000099.000, 156
Trd, 000099.867, 157
Trd, 000100.067, 156
Trd, 000100.417, 155
Trd, 000101.233, 153
Trd, 000101.633, 155
Trd, 000102.267, 154
Trd, 000103.283, 153
Trd, 000103.967, 154
Trd, 000104.117, 154
Trd, 000104.433, 161
Trd, 000105.083, 156
Trd, 000105.633, 156
Trd, 000105.967, 154
Trd, 000107.283, 151
Trd, 000107.500, 151
Trd, 000107.583, 147
Trd, 000107.600, 152
Trd, 000108.550, 152
Trd, 000108.983, 154
Trd, 000109.300, 154
Trd, 000109.717, 154
Trd, 000112.133, 155
Trd, 000112.467, 155
Trd, 000112.767, 156
Trd, 000113.367, 155
Trd, 000113.617, 155
Trd, 000113.900, 155
Trd, 000114.017, 159
Trd, 000114.483, 154
Trd, 000115.933, 156
Trd, 000116.333, 157
Trd, 000116.550, 157
Trd, 000117.483, 156
Trd, 000117.617, 156
Trd, 000118.267, 156
Trd, 000118.667, 156
Trd, 000120.500, 153
Trd, 000120.767, 156
Trd, 000121.217, 153
Trd, 000121.733, 149
Trd, 000123.300, 152
Trd, 000123.683, 148
Trd, 000124.133, 151
Trd, 000124.450, 151
Trd, 000124.917, 151
Trd, 000125.800, 152
Trd, 000125.833, 153
Trd, 000127.117, 153
Trd, 000127.250, 155
Trd, 000127.650, 156
Trd, 000129.033, 157
Trd, 000129.550, 155
Trd, 000130.717, 156
Trd, 000130.800, 157
Trd, 000131.033, 158
Trd, 000131.067, 156
Trd, 000131.650, 155
Trd, 000132.650, 156
Trd, 000133.233, 156
Trd, 000134.900, 161
Trd, 000135.050, 158
Trd, 000135.383, 158
Trd, 000135.950, 156
Trd, 000137.367, 157
Trd, 000138.400, 158
Trd, 000138.550, 157
Trd, 000139.067, 158
Trd, 000139.500, 157
Trd, 000140.217, 162
Trd, 000141.083, 160
Trd, 000141.300, 161
Trd, 000141.900, 158
Trd, 000142.033, 158
Trd, 000143.733, 159
Trd, 000144.183, 162
Trd, 000144.967, 160
Trd, 000145.300, 162
Trd, 000145.900, 160
Trd, 000146.267, 161
Trd, 000146.517, 162
Trd, 000146.650, 161
Trd, 000146.817, 163
Trd, 000147.050, 161
Trd, 000147.217, 160
Trd, 000147.933, 156
Trd, 000148.383, 160
Trd, 000148.417, 159
Trd, 000148.950, 161
Trd, 000150.750, 161
Trd, 000150.950, 162
Trd, 000150.983, 163
Trd, 000152.050, 162
Trd, 000152.450, 166
Trd, 000152.800, 162
Trd, 000153.650, 164
Trd, 000153.933, 163
Trd, 000154.167, 164
Trd, 000155.150, 162
Trd, 000155.567, 163
Trd, 000155.683, 163
Trd, 000156.150, 164
Trd, 000157.417, 160
Trd, 000157.567, 160
Trd, 000158.533, 161
Trd, 000159.333, 160
Trd, 000159.917, 164
Trd, 000160.533, 164
Trd, 000160.917, 162
Trd, 000161.517, 163
Trd, 000161.867, 161
Trd, 000162.867, 162
Trd, 000163.233, 163
Trd, 000164.317, 162
Trd, 000164.550, 163
Trd, 000164.900, 167
Trd, 000165.783, 161
Trd, 000166.533, 162
Trd, 000166.683, 162
Trd, 000166.717, 159
Trd, 000166.983, 166
Trd, 000167.367, 167
Trd, 000168.000, 169
Trd, 000169.600, 168
Trd, 000169.933, 169
Trd, 000170.250, 168
Trd, 000171.200, 167
Trd, 000171.617, 165
Trd, 000171.750, 165
Trd, 000172.833, 167
Trd, 000173.800, 166
Trd, 000173.983, 165
Trd, 000174.950, 164
Trd, 000175.400, 159
Trd, 000175.850, 160
Trd, 000178.500, 161
Trd, 000178.567, 160
Trd, 000179.200, 162
Trd, 000179.767, 162
Trd, 000180.600, 161
Trd, 000180.750, 163
Trd, 000180.917, 160
Trd, 000181.400, 163
Trd, 000181.883, 165
Trd, 000183.083, 164
Trd, 000184.100, 165
Trd, 000184.400, 164
Trd, 000184.700, 163
Trd, 000185.083, 166
Trd, 000185.617, 164
Trd, 000186.317, 164
Trd, 000187.367, 165
Trd, 000187.383, 161
Trd, 000187.550, 166
Trd, 000187.783, 167
Trd, 000191.100, 167
Trd, 000191.850, 163
Trd, 000192.317, 163
Trd, 000192.583, 164
Trd, 000193.183, 163
Trd, 000193.983, 163
Trd, 000194.150, 160
Trd, 000196.933, 162
Trd, 000196.950, 162
Trd, 000197.117, 161
Trd, 000197.650, 162
Trd, 000199.583, 163
Trd, 000199.600, 162
Trd, 000199.950, 161
Trd, 000200.167, 163
Trd, 000200.517, 164
Trd, 000201.417, 163
Trd, 000202.283, 159
Trd, 000202.350, 158
Trd, 000203.967, 163
Trd, 000204.767, 161
Trd, 000205.200, 161
Trd, 000205.467, 161
Trd, 000205.500, 162
Trd, 000206.300, 168
Trd, 000207.133, 163
Trd, 000207.150, 170
Trd, 000207.550, 165
Trd, 000207.883, 169
Trd, 000208.433, 168
Trd, 000209.633, 167
Trd, 000210.017, 168
Trd, 000210.617, 169
Trd, 000210.817, 168
Trd, 000211.533, 166
Trd, 000212.750, 167
Trd, 000214.067, 164
Trd, 000214.317, 164
Trd, 000214.350, 165
Trd, 000214.950, 162
Trd, 000215.167, 166
Trd, 000216.817, 165
Trd, 000217.133, 163
Trd, 000217.933, 166
Trd, 000219.300, 165
Trd, 000219.517, 163
Trd, 000220.633, 165
Trd, 000220.850, 165
Trd, 000222.017, 164
Trd, 000222.300, 164
Trd, 000224.033, 165
Trd, 000224.317, 163
Trd, 000224.383, 165
Trd, 000226.067, 165
Trd, 000226.483, 165
Trd, 000226.700, 166
Trd, 000226.850, 163
Trd, 000227.083, 163
Trd, 000228.233, 162
Trd, 000228.267, 163
Trd, 000229.700, 165
Trd, 000230.333, 165
Trd, 000230.700, 171
Trd, 000231.867, 164
Trd, 000233.050, 167
Trd, 000233.317, 164
Trd, 000234.283, 164
Trd, 000234.833, 164
Trd, 000235.950, 164
Trd, 000236.067, 164
Trd, 000237.850, 166
Trd, 000237.917, 167
Trd, 000238.067, 169
Trd, 000238.383, 171
Trd, 000239.950, 170
Trd, 000240.000, 169
Trd, 000240.083, 165
Trd, 000240.567, 168
Trd, 000241.067, 168
Trd, 000241.133, 169
Trd, 000241.300, 169
Trd, 000241.583, 170
Trd, 000242.167, 172
Trd, 000243.050, 172
Trd, 000243.100, 174
Trd, 000244.133, 162
Trd, 000244.283, 169
Trd, 000245.033, 169
Trd, 000245.317, 169
Trd, 000245.333, 168
Trd, 000246.583, 168
Trd, 000246.700, 167
Trd, 000247.100, 169
Trd, 000247.600, 170
Trd, 000249.300, 172
Trd, 000249.317, 168
Trd, 000249.700, 173
Trd, 000249.833, 170
Trd, 000250.083, 172
Trd, 000250.967, 171
Trd, 000251.500, 172
Trd, 000252.217, 170
Trd, 000252.483, 170
Trd, 000252.517, 169
Trd, 000253.867, 168
Trd, 000254.300, 167
Trd, 000254.500, 170
Trd, 000254.633, 172
Trd, 000255.100, 166
Trd, 000255.883, 172
Trd, 000256.100, 171
Trd, 000256.217, 173
Trd, 000256.450, 171
Trd, 000257.133, 171
Trd, 000257.300, 171
Trd, 000258.150, 169
Trd, 000258.533, 169
Trd, 000258.767, 170
Trd, 000259.200, 168
Trd, 000259.950, 163
Trd, 000260.050, 161
Trd, 000260.217, 165
Trd, 000260.933, 169
Trd, 000261.450, 170
Trd, 000261.983, 169
Trd, 000262.150, 168
Trd, 000262.667, 171
Trd, 000263.250, 167
Trd, 000263.950, 167
Trd, 000264.333, 168
Trd, 000264.500, 167
Trd, 000264.967, 168
Trd, 000265.500, 170
Trd, 000266.233, 172
Trd, 000266.367, 171
Trd, 000266.633, 174
Trd, 000266.967, 177
Trd, 000267.000, 180
Trd, 000267.217, 170
Trd, 000268.183, 173
Trd, 000269.167, 178
Trd, 000269.367, 175
Trd, 000269.767, 177
Trd, 000271.483, 175
Trd, 000271.533, 175
Trd, 000271.633, 176
Trd, 000271.883, 177
Trd, 000271.900, 176
Trd, 000272.350, 172
Trd, 000273.100, 171
Trd, 000274.067, 171
Trd, 000274.417, 174
Trd, 000274.933, 171
Trd, 000275.000, 172
Trd, 000275.033, 173
Trd, 000275.783, 169
Trd, 000276.900, 164
Trd, 000277.133, 158
Trd, 000277.517, 169
Trd, 000279.133, 165
Trd, 000279.433, 166
Trd, 000280.367, 173
Trd, 000280.517, 172
Trd, 000280.533, 179
Trd, 000280.883, 186
Trd, 000281.300, 170
Trd, 000281.983, 171
Trd, 000282.017, 169
Trd, 000282.217, 167
Trd, 000282.500, 169
Trd, 000282.633, 165
Trd, 000283.100, 169
Trd, 000283.400, 166
Trd, 000283.583, 168
Trd, 000283.667, 169
Trd, 000284.567, 160
Trd, 000284.700, 169
Trd, 000284.933, 169
Trd, 000286.450, 168
Trd, 000286.483, 169
Trd, 000286.767, 170
Trd, 000287.433, 172
Trd, 000288.617, 172
Trd, 000288.750, 172
Trd, 000288.767, 168
Trd, 000289.000, 173
Trd, 000289.683, 175
Trd, 000290.183, 176
Trd, 000290.317, 179
Trd, 000290.333, 172
Trd, 000291.083, 172
Trd, 000291.617, 173
Trd, 000292.333, 172
Trd, 000292.683, 175
Trd, 000293.033, 171
Trd, 000293.350, 175
Trd, 000293.700, 175
Trd, 000294.500, 170
Trd, 000295.217, 173
Trd, 000295.883, 172
Trd, 000296.650, 170
Trd, 000296.800, 175
Trd, 000297.133, 177
Trd, 000297.433, 176
Trd, 000298.850, 176
Trd, 000299.250, 174
Trd, 000299.300, 177
Trd, 000299.567, 172
Trd, 000299.767, 171
Trd, 000299.950, 172
