Trd, 000001.667, 135
Trd, 000003.417, 153
Trd, 000003.700, 155
Trd, 000004.250, 156
Trd, 000005.017, 151
Trd, 000005.050, 143
Trd, 000005.367, 153
Trd, 000005.850, 157
Trd, 000006.667, 158
Trd, 000006.733, 154
Trd, 000007.683, 159
Trd, 000007.833, 159
Trd, 000009.400, 157
Trd, 000009.750, 155
Trd, 000009.933, 158
Trd, 000010.783, 156
Trd, 000011.383, 160
Trd, 000012.233, 154
Trd, 000012.833, 157
Trd, 000013.667, 154
Trd, 000014.633, 156
Trd, 000014.983, 154
Trd, 000015.117, 153
Trd, 000015.650, 152
Trd, 000016.283, 152
Trd, 000016.817, 150
Trd, 000017.867, 149
Trd, 000018.433, 145
Trd, 000019.033, 152
Trd, 000020.267, 149
Trd, 000021.400, 152
Trd, 000021.967, 153
Trd, 000022.933, 157
Trd, 000023.083, 154
Trd, 000023.300, 160
Trd, 000023.983, 154
Trd, 000024.017, 158
Trd, 000025.500, 161
Trd, 000026.083, 162
Trd, 000026.133, 162
Trd, 000027.150, 161
Trd, 000028.200, 163
Trd, 000029.300, 162
Trd, 000029.533, 161
Trd, 000029.667, 163
Trd, 000030.733, 160
Trd, 000031.100, 164
Trd, 000031.200, 159
Trd, 000033.583, 161
Trd, 000033.650, 163
Trd, 000033.683, 161
Trd, 000034.483, 160
Trd, 000034.767, 157
Trd, 000034.883, 158
Trd, 000035.133, 159
Trd, 000035.617, 160
Trd, 000036.633, 157
Trd, 000036.800, 159
Trd, 000037.283, 159
Trd, 000037.500, 158
Trd, 000037.917, 165
Trd, 000038.983, 161
Trd, 000039.117, 162
Trd, 000039.800, 162
Trd, 000040.267, 162
Trd, 000040.433, 161
Trd, 000040.633, 163
Trd, 000040.950, 159
Trd, 000042.433, 159
Trd, 000043.200, 159
Trd, 000043.850, 159
Trd, 000043.950, 158
Trd, 000045.817, 161
Trd, 000046.017, 162
Trd, 000046.417, 162
Trd, 000046.500, 162
Trd, 000046.583, 157
Trd, 000048.350, 157
Trd, 000048.517, 159
Trd, 000049.450, 157
Trd, 000049.533, 156
Trd, 000050.033, 159
Trd, 000050.450, 160
Trd, 000051.500, 156
Trd, 000051.867, 158
Trd, 000052.033, 156
Trd, 000053.500, 152
Trd, 000053.633, 153
Trd, 000053.783, 153
Trd, 000054.550, 153
Trd, 000055.683, 154
Trd, 000055.850, 154
Trd, 000056.450, 160
Trd, 000056.717, 167
Trd, 000056.917, 151
Trd, 000057.683, 164
Trd, 000059.050, 165
Trd, 000059.650, 160
Trd, 000060.300, 161
Trd, 000060.333, 164
Trd, 000060.633, 160
Trd, 000061.150, 161
Trd, 000061.317, 160
Trd, 000061.450, 163
Trd, 000062.033, 162
Trd, 000062.417, 163
Trd, 000063.417, 162
Trd, 000063.567, 164
Trd, 000063.733, 167
Trd, 000064.017, 161
Trd, 000064.250, 167
Trd, 000065.183, 167
Trd, 000065.700, 160
Trd, 000066.817, 160
Trd, 000067.600, 161
Trd, 000067.800, 162
Trd, 000068.917, 163
Trd, 000068.967, 165
Trd, 000069.350, 175
Trd, 000070.100, 162
Trd, 000071.233, 169
Trd, 000071.867, 161
Trd, 000072.017, 168
Trd, 000073.033, 162
Trd, 000073.767, 161
Trd, 000074.900, 161
Trd, 000075.050, 159
Trd, 000075.183, 162
Trd, 000075.450, 163
Trd, 000075.467, 158
Trd, 000075.550, 164
Trd, 000075.783, 165
Trd, 000077.933, 162
Trd, 000078.100, 162
Trd, 000079.050, 161
Trd, 000079.117, 162
Trd, 000079.133, 163
Trd, 000080.200, 163
Trd, 000080.217, 160
Trd, 000080.967, 162
Trd, 000081.400, 158
Trd, 000081.700, 159
Trd, 000082.333, 163
Trd, 000082.967, 159
Trd, 000083.667, 162
Trd, 000083.900, 162
Trd, 000084.833, 163
Trd, 000085.633, 161
Trd, 000087.050, 163
Trd, 000087.183, 160
Trd, 000087.400, 163
Trd, 000087.700, 160
Trd, 000088.767, 163
Trd, 000089.217, 163
Trd, 000089.767, 164
Trd, 000089.900, 163
Trd, 000090.200, 164
Trd, 000090.717, 166
Trd, 000090.917, 166
Trd, 000091.550, 161
Trd, 000091.800, 167
Trd, 000092.033, 168
Trd, 000092.450, 164
Trd, 000093.600, 174
Trd, 000093.700, 164
Trd, 000095.017, 167
Trd, 000095.533, 164
Trd, 000097.683, 165
Trd, 000098.267, 164
Trd, 000098.483, 166
Trd, 000098.950, 165
Trd, 000099.600, 164
Trd, 000099.833, 165
Trd, 000099.950, 168
Trd, 000101.150, 161
Trd, 000101.467, 164
Trd, 000101.933, 163
Trd, 000102.350, 161
Trd, 000102.883, 161
Trd, 000103.400, 160
Trd, 000103.700, 162
Trd, 000104.317, 162
Trd, 000105.183, 160
Trd, 000105.383, 163
Trd, 000106.517, 161
Trd, 000107.833, 163
Trd, 000109.083, 163
Trd, 000109.117, 162
Trd, 000110.150, 164
Trd, 000111.283, 164
Trd, 000111.633, 163
Trd, 000112.267, 167
Trd, 000112.967, 169
Trd, 000114.400, 170
Trd, 000115.233, 165
Trd, 000116.017, 160
Trd, 000116.267, 165
Trd, 000116.283, 166
Trd, 000117.283, 167
Trd, 000117.567, 164
Trd, 000118.467, 168
Trd, 000118.700, 166
Trd, 000119.333, 165
Trd, 000119.667, 170
Trd, 000119.700, 174
Trd, 000120.317, 165
Trd, 000121.400, 166
Trd, 000122.000, 164
Trd, 000122.283, 166
Trd, 000122.483, 173
Trd, 000124.033, 170
Trd, 000124.583, 167
Trd, 000125.133, 170
Trd, 000125.417, 171
Trd, 000125.733, 171
Trd, 000125.867, 171
Trd, 000126.633, 167
Trd, 000127.100, 167
Trd, 000127.800, 168
Trd, 000127.833, 171
Trd, 000128.250, 166
Trd, 000129.467, 169
Trd, 000130.250, 154
Trd, 000130.983, 164
Trd, 000131.200, 164
Trd, 000132.200, 151
Trd, 000133.100, 154
Trd, 000133.133, 155
Trd, 000133.433, 156
Trd, 000133.950, 156
Trd, 000134.433, 157
Trd, 000134.617, 157
Trd, 000135.300, 154
Trd, 000136.733, 156
Trd, 000137.517, 156
Trd, 000137.683, 153
Trd, 000138.600, 157
Trd, 000139.567, 156
Trd, 000139.700, 157
Trd, 000140.450, 159
Trd, 000140.850, 158
Trd, 000140.967, 165
Trd, 000141.317, 153
Trd, 000141.917, 163
Trd, 000142.817, 162
Trd, 000143.017, 160
Trd, 000143.083, 161
Trd, 000144.533, 162
Trd, 000145.033, 163
Trd, 000145.067, 164
Trd, 000145.700, 165
Trd, 000146.050, 162
Trd, 000147.917, 166
Trd, 000148.050, 166
Trd, 000148.500, 166
Trd, 000149.333, 169
Trd, 000150.400, 168
Trd, 000151.017, 170
Trd, 000152.800, 169
Trd, 000153.250, 170
Trd, 000153.300, 165
Trd, 000154.300, 169
Trd, 000155.300, 169
Trd, 000155.967, 167
Trd, 000156.417, 170
Trd, 000156.783, 167
Trd, 000158.283, 168
Trd, 000159.000, 166
Trd, 000159.617, 167
Trd, 000159.683, 169
Trd, 000160.217, 170
Trd, 000160.900, 167
Trd, 000161.350, 166
Trd, 000162.483, 170
Trd, 000164.167, 167
Trd, 000164.483, 167
Trd, 000164.517, 168
Trd, 000166.167, 170
Trd, 000166.200, 171
Trd, 000166.517, 166
Trd, 000167.417, 165
Trd, 000167.550, 167
Trd, 000168.000, 168
Trd, 000168.617, 168
Trd, 000168.817, 169
Trd, 000169.283, 173
Trd, 000169.883, 175
Trd, 000170.133, 178
Trd, 000170.417, 180
Trd, 000170.883, 173
Trd, 000171.400, 182
Trd, 000171.633, 185
Trd, 000173.317, 175
Trd, 000174.233, 172
Trd, 000174.483, 171
Trd, 000175.300, 171
Trd, 000175.350, 171
Trd, 000175.467, 170
Trd, 000176.417, 168
Trd, 000177.250, 171
Trd, 000178.000, 171
Trd, 000178.683, 172
Trd, 000179.133, 173
Trd, 000179.750, 170
Trd, 000179.817, 168
Trd, 000180.117, 172
Trd, 000180.267, 168
Trd, 000181.617, 169
Trd, 000182.817, 170
Trd, 000183.167, 169
Trd, 000184.167, 170
Trd, 000185.800, 170
Trd, 000186.017, 170
Trd, 000186.317, 173
Trd, 000186.417, 173
Trd, 000187.117, 180
Trd, 000187.267, 186
Trd, 000187.333, 190
Trd, 000187.850, 168
Trd, 000189.483, 169
Trd, 000189.733, 169
Trd, 000190.383, 170
Trd, 000192.283, 172
Trd, 000193.467, 169
Trd, 000194.083, 170
Trd, 000194.300, 171
Trd, 000195.350, 169
Trd, 000195.900, 169
Trd, 000196.667, 169
Trd, 000196.683, 168
Trd, 000198.483, 161
Trd, 000198.567, 167
Trd, 000199.817, 166
Trd, 000200.617, 166
Trd, 000200.667, 166
Trd, 000200.833, 166
Trd, 000200.950, 167
Trd, 000201.383, 171
Trd, 000201.783, 169
Trd, 000201.950, 167
Trd, 000203.167, 172
Trd, 000204.333, 172
Trd, 000204.583, 172
Trd, 000204.750, 174
Trd, 000205.367, 174
Trd, 000205.550, 172
Trd, 000205.567, 175
Trd, 000206.100, 175
Trd, 000206.700, 175
Trd, 000206.767, 178
Trd, 000207.000, 171
Trd, 000207.433, 182
Trd, 000207.683, 189
Trd, 000207.700, 193
Trd, 000208.017, 176
Trd, 000208.333, 176
Trd, 000209.933, 165
Trd, 000210.417, 163
Trd, 000210.467, 166
Trd, 000210.667, 167
Trd, 000211.417, 166
Trd, 000212.367, 168
Trd, 000212.633, 170
Trd, 000213.950, 179
Trd, 000214.033, 171
Trd, 000215.117, 172
Trd, 000215.900, 170
Trd, 000216.183, 171
Trd, 000217.100, 168
Trd, 000218.283, 168
Trd, 000218.550, 169
Trd, 000218.967, 168
Trd, 000219.150, 169
Trd, 000219.517, 163
Trd, 000221.450, 167
Trd, 000221.567, 167
Trd, 000221.850, 168
Trd, 000222.250, 167
Trd, 000222.317, 168
Trd, 000223.333, 165
Trd, 000223.950, 165
Trd, 000224.200, 163
Trd, 000224.433, 166
Trd, 000224.800, 168
Trd, 000226.350, 168
Trd, 000226.467, 173
Trd, 000226.767, 175
Trd, 000227.333, 176
Trd, 000227.467, 177
Trd, 000229.150, 180
Trd, 000229.450, 181
Trd, 000230.267, 175
Trd, 000230.817, 177
Trd, 000231.117, 177
Trd, 000231.333, 176
Trd, 000232.967, 175
Trd, 000234.000, 175
Trd, 000234.083, 176
Trd, 000234.533, 178
Trd, 000234.683, 179
Trd, 000235.483, 180
Trd, 000235.983, 180
Trd, 000236.800, 177
Trd, 000236.983, 178
Trd, 000237.183, 176
Trd, 000238.367, 176
Trd, 000239.983, 176
Trd, 000240.050, 177
Trd, 000240.217, 177
Trd, 000240.317, 175
Trd, 000240.667, 175
Trd, 000240.950, 175
Trd, 000241.133, 173
Trd, 000241.183, 176
Trd, 000241.383, 178
Trd, 000241.717, 172
Trd, 000241.900, 172
Trd, 000243.083, 171
Trd, 000243.517, 172
Trd, 000243.533, 174
Trd, 000243.650, 175
Trd, 000244.717, 172
Trd, 000244.917, 174
Trd, 000245.183, 174
Trd, 000245.283, 175
Trd, 000245.333, 175
Trd, 000245.367, 174
Trd, 000245.533, 182
Trd, 000246.850, 168
Trd, 000247.150, 173
Trd, 000247.550, 172
Trd, 000247.633, 176
Trd, 000247.717, 183
Trd, 000248.817, 186
Trd, 000248.883, 177
Trd, 000249.617, 177
Trd, 000249.867, 174
Trd, 000250.200, 174
Trd, 000251.000, 173
Trd, 000251.050, 175
Trd, 000251.400, 177
Trd, 000251.817, 171
Trd, 000251.833, 168
Trd, 000252.350, 173
Trd, 000252.433, 174
Trd, 000252.517, 174
Trd, 000252.583, 178
Trd, 000254.217, 166
Trd, 000254.583, 166
Trd, 000255.017, 166
Trd, 000255.033, 169
Trd, 000255.250, 164
Trd, 000256.817, 168
Trd, 000256.917, 167
Trd, 000257.217, 168
Trd, 000257.533, 170
Trd, 000258.467, 170
Trd, 000258.783, 163
Trd, 000259.517, 169
Trd, 000260.300, 168
Trd, 000260.433, 169
Trd, 000260.717, 170
Trd, 000260.917, 171
Trd, 000261.000, 172
Trd, 000261.183, 174
Trd, 000261.867, 175
Trd, 000262.717, 168
Trd, 000262.767, 169
Trd, 000263.033, 181
Trd, 000263.717, 179
Trd, 000263.783, 178
Trd, 000264.350, 172
Trd, 000264.683, 180
Trd, 000264.900, 173
Trd, 000265.433, 176
Trd, 000266.050, 174
Trd, 000266.100, 172
Trd, 000266.533, 175
Trd, 000267.817, 176
Trd, 000267.950, 177
Trd, 000268.067, 173
Trd, 000268.750, 177
Trd, 000268.833, 178
Trd, 000269.167, 177
Trd, 000269.517, 176
Trd, 000269.550, 176
Trd, 000270.850, 175
Trd, 000271.483, 176
Trd, 000271.883, 177
Trd, 000272.117, 178
Trd, 000272.267, 179
Trd, 000272.550, 175
Trd, 000272.933, 174
Trd, 000273.183, 168
Trd, 000274.000, 173
Trd, 000274.750, 174
Trd, 000274.850, 171
Trd, 000275.250, 167
Trd, 000275.283, 170
Trd, 000276.083, 176
Trd, 000276.367, 181
Trd, 000276.817, 176
Trd, 000277.067, 170
Trd, 000277.750, 179
Trd, 000278.417, 174
Trd, 000278.883, 173
Trd, 000279.583, 170
Trd, 000279.633, 170
Trd, 000279.783, 169
Trd, 000280.567, 174
Trd, 000280.650, 175
Trd, 000280.800, 175
Trd, 000280.883, 176
Trd, 000281.567, 182
Trd, 000281.883, 172
Trd, 000281.967, 181
Trd, 000282.450, 180
Trd, 000282.783, 176
Trd, 000283.417, 183
Trd, 000283.433, 177
Trd, 000283.883, 174
Trd, 000284.017, 175
Trd, 000285.050, 176
Trd, 000285.167, 177
Trd, 000285.933, 176
Trd, 000286.217, 177
Trd, 000286.750, 178
Trd, 000287.633, 176
Trd, 000288.033, 176
Trd, 000288.100, 179
Trd, 000289.300, 180
Trd, 000289.567, 178
Trd, 000289.717, 175
Trd, 000289.883, 184
Trd, 000290.217, 174
Trd, 000290.550, 170
Trd, 000291.117, 179
Trd, 000291.433, 170
Trd, 000291.783, 177
Trd, 000292.117, 165
Trd, 000292.233, 177
Trd, 000292.433, 163
Trd, 000292.833, 177
Trd, 000292.967, 180
Trd, 000293.200, 161
Trd, 000293.283, 181
Trd, 000294.183, 173
Trd, 000294.250, 177
Trd, 000294.533, 180
Trd, 000295.100, 169
Trd, 000295.433, 186
Trd, 000296.200, 180
Trd, 000296.550, 184
Trd, 000296.750, 180
Trd, 000297.567, 178
Trd, 000297.883, 182
Trd, 000298.000, 171
Trd, 000299.167, 175
