Trd, 000000.383, 172
Trd, 000001.550, 196
Trd, 000001.967, 176
Trd, 000003.683, 166
Trd, 000004.300, 159
Trd, 000004.333, 158
Trd, 000004.717, 155
Trd, 000006.133, 154
Trd, 000006.150, 168
Trd, 000006.167, 172
Trd, 000006.333, 153
Trd, 000006.950, 154
Trd, 000008.033, 161
Trd, 000009.233, 157
Trd, 000010.100, 162
Trd, 000010.133, 163
Trd, 000010.150, 159
Trd, 000010.217, 157
Trd, 000011.400, 139
Trd, 000012.333, 156
Trd, 000013.333, 133
Trd, 000013.633, 154
Trd, 000014.150, 132
Trd, 000014.367, 138
Trd, 000014.717, 138
Trd, 000015.200, 144
Trd, 000015.367, 152
Trd, 000015.867, 157
Trd, 000017.183, 169
Trd, 000017.600, 173
Trd, 000018.067, 152
Trd, 000019.517, 155
Trd, 000019.617, 158
Trd, 000019.850, 141
Trd, 000020.800, 148
Trd, 000021.000, 138
Trd, 000021.033, 157
Trd, 000021.217, 170
Trd, 000022.550, 172
Trd, 000023.017, 173
Trd, 000024.200, 164
Trd, 000024.900, 161
Trd, 000025.167, 161
Trd, 000025.433, 161
Trd, 000026.950, 162
Trd, 000026.983, 136
Trd, 000027.617, 162
Trd, 000027.883, 163
Trd, 000028.717, 161
Trd, 000028.733, 164
Trd, 000029.667, 167
Trd, 000029.733, 153
Trd, 000030.067, 153
Trd, 000030.183, 153
Trd, 000031.600, 153
Trd, 000033.033, 155
Trd, 000033.433, 155
Trd, 000034.183, 156
Trd, 000034.233, 158
Trd, 000035.450, 158
Trd, 000035.617, 160
Trd, 000036.150, 146
Trd, 000037.283, 161
Trd, 000037.367, 169
Trd, 000037.417, 170
Trd, 000037.733, 135
Trd, 000037.983, 171
Trd, 000039.533, 172
Trd, 000039.883, 166
Trd, 000040.900, 166
Trd, 000040.950, 165
Trd, 000041.733, 165
Trd, 000041.900, 162
Trd, 000042.250, 159
Trd, 000042.417, 157
Trd, 000042.600, 159
Trd, 000042.650, 148
Trd, 000042.867, 160
Trd, 000043.317, 149
Trd, 000043.383, 150
Trd, 000043.483, 134
Trd, 000044.667, 131
Trd, 000046.050, 137
Trd, 000046.150, 149
Trd, 000046.300, 145
Trd, 000046.467, 155
Trd, 000046.733, 136
Trd, 000047.317, 135
Trd, 000047.467, 145
Trd, 000047.683, 172
Trd, 000047.917, 137
Trd, 000048.350, 159
Trd, 000048.650, 184
Trd, 000050.133, 163
Trd, 000050.750, 164
Trd, 000051.383, 173
Trd, 000051.483, 173
Trd, 000052.150, 177
Trd, 000052.433, 163
Trd, 000054.117, 177
Trd, 000054.517, 177
Trd, 000055.350, 165
Trd, 000055.983, 165
Trd, 000056.733, 168
Trd, 000057.383, 168
Trd, 000057.750, 165
Trd, 000058.350, 173
Trd, 000058.667, 167
Trd, 000059.083, 161
Trd, 000059.333, 170
Trd, 000059.917, 165
Trd, 000060.867, 168
Trd, 000060.967, 166
Trd, 000061.283, 171
Trd, 000061.700, 164
Trd, 000061.733, 171
Trd, 000062.917, 171
Trd, 000063.000, 149
Trd, 000063.100, 148
Trd, 000063.600, 162
Trd, 000063.783, 173
Trd, 000065.383, 171
Trd, 000066.017, 167
Trd, 000066.433, 169
Trd, 000066.917, 178
Trd, 000067.533, 170
Trd, 000068.133, 172
Trd, 000068.233, 174
Trd, 000068.417, 168
Trd, 000068.500, 177
Trd, 000069.183, 166
Trd, 000069.267, 164
Trd, 000069.283, 150
Trd, 000072.333, 164
Trd, 000073.167, 172
Trd, 000074.850, 169
Trd, 000075.267, 170
Trd, 000075.500, 175
Trd, 000076.250, 162
Trd, 000076.267, 174
Trd, 000076.317, 146
Trd, 000077.083, 155
Trd, 000077.500, 166
Trd, 000078.617, 175
Trd, 000078.983, 145
Trd, 000079.867, 152
Trd, 000080.083, 152
Trd, 000080.500, 153
Trd, 000080.733, 142
Trd, 000081.133, 159
Trd, 000081.150, 122
Trd, 000081.300, 162
Trd, 000082.933, 146
Trd, 000083.217, 145
Trd, 000083.333, 153
Trd, 000085.267, 153
Trd, 000085.517, 151
Trd, 000085.833, 153
Trd, 000085.950, 153
Trd, 000086.233, 134
Trd, 000086.383, 154
Trd, 000086.567, 159
Trd, 000086.883, 144
Trd, 000088.517, 175
Trd, 000088.733, 159
Trd, 000088.917, 181
Trd, 000089.100, 146
Trd, 000089.583, 140
Trd, 000089.683, 150
Trd, 000090.100, 162
Trd, 000091.983, 175
Trd, 000092.050, 177
Trd, 000092.667, 168
Trd, 000092.967, 181
Trd, 000093.300, 167
Trd, 000094.000, 165
Trd, 000094.133, 164
Trd, 000094.233, 147
Trd, 000094.800, 166
Trd, 000096.300, 166
Trd, 000096.400, 166
Trd, 000097.067, 177
Trd, 000098.267, 166
Trd, 000098.417, 159
Trd, 000099.283, 166
Trd, 000099.317, 160
Trd, 000100.117, 161
Trd, 000100.850, 163
Trd, 000101.300, 160
Trd, 000101.683, 161
Trd, 000101.750, 163
Trd, 000102.517, 144
Trd, 000102.533, 178
Trd, 000102.617, 182
Trd, 000103.017, 189
Trd, 000103.567, 144
Trd, 000105.267, 158
Trd, 000105.400, 157
Trd, 000105.700, 156
Trd, 000105.767, 158
Trd, 000105.867, 159
Trd, 000106.083, 162
Trd, 000106.517, 178
Trd, 000107.617, 144
Trd, 000108.050, 148
Trd, 000108.350, 142
Trd, 000109.383, 156
Trd, 000110.050, 159
Trd, 000110.283, 140
Trd, 000112.267, 157
Trd, 000112.467, 156
Trd, 000113.133, 158
Trd, 000113.483, 162
Trd, 000113.633, 154
Trd, 000114.250, 178
Trd, 000114.500, 165
Trd, 000114.750, 163
Trd, 000114.800, 165
Trd, 000114.933, 179
Trd, 000114.983, 183
Trd, 000115.050, 190
Trd, 000115.183, 178
Trd, 000116.000, 172
Trd, 000117.067, 174
Trd, 000117.117, 143
Trd, 000117.633, 184
Trd, 000118.650, 168
Trd, 000119.067, 145
Trd, 000119.300, 149
Trd, 000120.750, 170
Trd, 000121.767, 176
Trd, 000122.067, 170
Trd, 000122.550, 168
Trd, 000122.750, 161
Trd, 000122.883, 177
Trd, 000123.717, 159
Trd, 000124.167, 158
Trd, 000124.400, 157
Trd, 000124.833, 164
Trd, 000125.817, 162
Trd, 000126.317, 163
Trd, 000126.400, 159
Trd, 000127.033, 161
Trd, 000128.517, 164
Trd, 000129.150, 163
Trd, 000129.350, 163
Trd, 000129.850, 159
Trd, 000130.333, 151
Trd, 000130.483, 166
Trd, 000131.133, 158
Trd, 000131.583, 162
Trd, 000131.750, 163
Trd, 000131.833, 148
Trd, 000132.233, 150
Trd, 000133.183, 164
Trd, 000133.467, 147
Trd, 000133.950, 159
Trd, 000133.967, 176
Trd, 000134.850, 155
Trd, 000136.067, 158
Trd, 000136.417, 153
Trd, 000136.700, 159
Trd, 000136.767, 163
Trd, 000137.250, 152
Trd, 000137.367, 176
Trd, 000137.967, 167
Trd, 000138.483, 155
Trd, 000138.983, 167
Trd, 000139.050, 139
Trd, 000140.167, 165
Trd, 000140.300, 166
Trd, 000141.433, 169
Trd, 000141.767, 164
Trd, 000142.400, 174
Trd, 000142.633, 180
Trd, 000143.433, 174
Trd, 000143.800, 173
Trd, 000143.983, 172
Trd, 000145.067, 176
Trd, 000145.300, 169
Trd, 000145.633, 176
Trd, 000146.433, 175
Trd, 000147.350, 182
Trd, 000147.567, 143
Trd, 000147.667, 187
Trd, 000148.050, 181
Trd, 000148.700, 159
Trd, 000149.117, 162
Trd, 000150.150, 169
Trd, 000150.433, 169
Trd, 000150.867, 168
Trd, 000151.183, 175
Trd, 000151.317, 167
Trd, 000151.517, 176
Trd, 000152.000, 182
Trd, 000153.450, 165
Trd, 000153.617, 183
Trd, 000154.417, 163
Trd, 000154.533, 179
Trd, 000155.000, 162
Trd, 000155.217, 171
Trd, 000156.000, 153
Trd, 000156.683, 148
Trd, 000157.067, 170
Trd, 000157.083, 166
Trd, 000157.433, 171
Trd, 000158.200, 185
Trd, 000158.717, 180
Trd, 000159.317, 174
Trd, 000161.067, 181
Trd, 000161.200, 177
Trd, 000161.800, 177
Trd, 000161.933, 171
Trd, 000162.767, 179
Trd, 000163.417, 180
Trd, 000163.550, 173
Trd, 000163.917, 172
Trd, 000163.950, 174
Trd, 000164.267, 170
Trd, 000166.433, 164
Trd, 000166.700, 163
Trd, 000167.217, 164
Trd, 000168.450, 164
Trd, 000168.500, 153
Trd, 000170.367, 154
Trd, 000170.483, 153
Trd, 000170.567, 171
Trd, 000170.833, 151
Trd, 000171.133, 164
Trd, 000171.317, 166
Trd, 000173.117, 162
Trd, 000173.367, 152
Trd, 000173.717, 161
Trd, 000173.800, 168
Trd, 000174.700, 173
Trd, 000175.150, 164
Trd, 000175.550, 154
Trd, 000175.867, 177
Trd, 000176.283, 152
Trd, 000177.000, 154
Trd, 000177.150, 166
Trd, 000177.667, 165
Trd, 000178.083, 166
Trd, 000178.700, 155
Trd, 000178.867, 152
Trd, 000180.400, 164
Trd, 000180.867, 164
Trd, 000181.950, 163
Trd, 000182.300, 167
Trd, 000183.500, 181
Trd, 000184.283, 177
Trd, 000184.367, 182
Trd, 000184.750, 177
Trd, 000185.533, 177
Trd, 000185.917, 176
Trd, 000186.150, 181
Trd, 000186.433, 179
Trd, 000187.417, 178
Trd, 000187.667, 177
Trd, 000188.467, 156
Trd, 000188.533, 173
Trd, 000188.867, 174
Trd, 000189.350, 174
Trd, 000189.617, 158
Trd, 000191.333, 164
Trd, 000191.367, 152
Trd, 000191.400, 167
Trd, 000191.467, 170
Trd, 000192.217, 159
Trd, 000192.333, 161
Trd, 000192.350, 161
Trd, 000192.617, 163
Trd, 000193.667, 176
Trd, 000194.250, 158
Trd, 000194.400, 155
Trd, 000195.533, 152
Trd, 000196.417, 165
Trd, 000196.733, 145
Trd, 000196.850, 166
Trd, 000197.117, 168
Trd, 000197.767, 158
Trd, 000198.967, 182
Trd, 000199.033, 178
Trd, 000200.000, 154
Trd, 000200.167, 182
Trd, 000201.083, 171
Trd, 000202.133, 157
Trd, 000202.150, 164
Trd, 000202.350, 166
Trd, 000203.883, 161
Trd, 000204.317, 161
Trd, 000204.617, 168
Trd, 000205.183, 157
Trd, 000205.317, 168
Trd, 000205.567, 187
Trd, 000205.833, 179
Trd, 000206.483, 156
Trd, 000207.783, 158
Trd, 000208.400, 165
Trd, 000208.667, 175
Trd, 000209.233, 192
Trd, 000210.467, 173
Trd, 000210.567, 153
Trd, 000210.867, 177
Trd, 000211.967, 162
Trd, 000212.033, 155
Trd, 000212.517, 149
Trd, 000212.667, 175
Trd, 000213.283, 178
Trd, 000213.467, 186
Trd, 000213.500, 187
Trd, 000213.633, 189
Trd, 000214.250, 151
Trd, 000214.500, 150
Trd, 000215.967, 175
Trd, 000216.317, 176
Trd, 000217.283, 172
Trd, 000218.667, 156
Trd, 000218.950, 170
Trd, 000219.617, 159
Trd, 000220.383, 168
Trd, 000220.917, 167
Trd, 000221.317, 160
Trd, 000221.650, 167
Trd, 000222.517, 157
Trd, 000222.717, 155
Trd, 000223.733, 156
Trd, 000224.733, 159
Trd, 000224.900, 162
Trd, 000224.983, 166
Trd, 000225.017, 181
Trd, 000225.900, 181
Trd, 000225.967, 179
Trd, 000226.933, 160
Trd, 000227.167, 159
Trd, 000227.283, 154
Trd, 000228.167, 188
Trd, 000228.350, 189
Trd, 000228.467, 190
Trd, 000228.917, 191
Trd, 000229.350, 179
Trd, 000229.483, 163
Trd, 000229.517, 193
Trd, 000231.350, 179
Trd, 000231.467, 181
Trd, 000231.950, 180
Trd, 000233.283, 165
Trd, 000233.517, 162
Trd, 000234.300, 178
Trd, 000236.183, 171
Trd, 000236.217, 178
Trd, 000236.600, 171
Trd, 000236.750, 176
Trd, 000236.867, 175
Trd, 000237.033, 178
Trd, 000237.250, 191
Trd, 000237.883, 188
Trd, 000238.233, 183
Trd, 000238.617, 182
Trd, 000238.983, 179
Trd, 000239.033, 186
Trd, 000240.250, 177
Trd, 000241.050, 183
Trd, 000241.383, 179
Trd, 000241.517, 182
Trd, 000241.767, 181
Trd, 000242.567, 181
Trd, 000242.817, 180
Trd, 000242.933, 175
Trd, 000243.500, 168
Trd, 000243.833, 173
Trd, 000244.317, 176
Trd, 000244.883, 175
Trd, 000246.133, 163
Trd, 000246.200, 171
Trd, 000246.217, 165
Trd, 000246.517, 157
Trd, 000246.633, 186
Trd, 000246.700, 189
Trd, 000247.933, 185
Trd, 000248.617, 191
Trd, 000248.667, 193
Trd, 000249.217, 192
Trd, 000250.033, 193
Trd, 000250.333, 190
Trd, 000250.367, 189
Trd, 000250.517, 183
Trd, 000250.683, 180
Trd, 000250.883, 169
Trd, 000251.683, 156
Trd, 000252.133, 156
Trd, 000252.417, 155
Trd, 000252.567, 154
Trd, 000253.533, 154
Trd, 000253.633, 155
Trd, 000254.350, 155
Trd, 000254.617, 157
Trd, 000255.783, 162
Trd, 000255.800, 159
Trd, 000255.933, 173
Trd, 000257.233, 162
Trd, 000257.483, 164
Trd, 000257.550, 162
Trd, 000257.917, 169
Trd, 000258.217, 167
Trd, 000258.467, 167
Trd, 000259.433, 162
Trd, 000259.617, 167
Trd, 000259.683, 159
Trd, 000260.583, 176
Trd, 000261.083, 169
Trd, 000261.183, 177
Trd, 000261.550, 183
Trd, 000261.583, 191
Trd, 000261.617, 173
Trd, 000262.033, 190
Trd, 000263.383, 189
Trd, 000263.567, 194
Trd, 000264.717, 188
Trd, 000264.733, 184
Trd, 000265.983, 182
Trd, 000266.217, 187
Trd, 000266.600, 188
Trd, 000266.633, 186
Trd, 000267.350, 191
Trd, 000267.967, 183
Trd, 000268.200, 181
Trd, 000268.483, 181
Trd, 000268.667, 177
Trd, 000268.967, 177
Trd, 000269.300, 171
Trd, 000269.933, 175
Trd, 000270.083, 175
Trd, 000270.267, 160
Trd, 000271.050, 164
Trd, 000271.133, 177
Trd, 000271.683, 178
Trd, 000272.717, 168
Trd, 000272.883, 177
Trd, 000272.950, 181
Trd, 000273.533, 175
Trd, 000273.550, 173
Trd, 000273.650, 168
Trd, 000273.683, 170
Trd, 000273.917, 175
Trd, 000274.467, 164
Trd, 000274.917, 164
Trd, 000274.950, 167
Trd, 000276.133, 170
Trd, 000276.683, 175
Trd, 000276.783, 165
Trd, 000276.967, 182
Trd, 000277.583, 183
Trd, 000278.067, 191
Trd, 000278.383, 187
Trd, 000278.433, 182
Trd, 000278.750, 187
Trd, 000278.933, 172
Trd, 000279.467, 185
Trd, 000280.350, 161
Trd, 000280.517, 179
Trd, 000280.633, 160
Trd, 000280.850, 183
Trd, 000281.383, 193
Trd, 000282.133, 179
Trd, 000282.150, 179
Trd, 000282.817, 183
Trd, 000283.617, 180
Trd, 000283.900, 172
Trd, 000284.250, 174
Trd, 000284.700, 171
Trd, 000285.617, 174
Trd, 000285.633, 173
Trd, 000285.733, 181
Trd, 000286.317, 180
Trd, 000286.333, 193
Trd, 000286.733, 179
Trd, 000286.750, 183
Trd, 000287.217, 194
Trd, 000287.850, 191
Trd, 000288.600, 188
Trd, 000288.683, 179
Trd, 000288.783, 195
Trd, 000289.033, 184
Trd, 000289.500, 179
Trd, 000289.917, 186
Trd, 000290.083, 176
Trd, 000290.333, 160
Trd, 000290.567, 170
Trd, 000292.150, 179
Trd, 000292.467, 178
Trd, 000292.483, 180
Trd, 000292.633, 180
Trd, 000292.833, 176
Trd, 000293.250, 174
Trd, 000293.617, 194
Trd, 000293.883, 181
Trd, 000294.100, 191
Trd, 000294.500, 173
Trd, 000294.517, 171
Trd, 000295.233, 163
Trd, 000295.383, 160
Trd, 000295.517, 163
Trd, 000295.717, 184
Trd, 000295.933, 194
Trd, 000296.033, 168
Trd, 000296.450, 188
Trd, 000297.867, 183
Trd, 000298.367, 175
Trd, 000298.567, 184
Trd, 000299.283, 176
Trd, 000299.583, 182
Trd, 000299.750, 178
Trd, 000299.917, 183
