Trd, 000001.083, 100
Trd, 000002.533, 187
Trd, 000002.833, 188
Trd, 000003.517, 186
Trd, 000003.667, 175
Trd, 000004.783, 149
Trd, 000004.883, 150
Trd, 000005.117, 145
Trd, 000005.333, 143
Trd, 000006.317, 151
Trd, 000007.050, 148
Trd, 000007.900, 142
Trd, 000008.233, 149
Trd, 000008.750, 143
Trd, 000009.550, 153
Trd, 000009.967, 152
Trd, 000010.217, 144
Trd, 000010.283, 142
Trd, 000011.983, 149
Trd, 000012.333, 153
Trd, 000012.850, 145
Trd, 000013.317, 151
Trd, 000014.950, 155
Trd, 000015.450, 157
Trd, 000015.633, 149
Trd, 000016.783, 155
Trd, 000017.050, 154
Trd, 000017.283, 153
Trd, 000018.050, 154
Trd, 000018.400, 153
Trd, 000019.500, 155
Trd, 000020.667, 156
Trd, 000020.867, 153
Trd, 000021.217, 153
Trd, 000021.367, 144
Trd, 000021.933, 145
Trd, 000022.283, 146
Trd, 000022.567, 147
Trd, 000022.850, 136
Trd, 000023.400, 146
Trd, 000024.250, 150
Trd, 000025.033, 150
Trd, 000025.533, 154
Trd, 000026.650, 153
Trd, 000027.417, 153
Trd, 000028.033, 155
Trd, 000028.700, 155
Trd, 000029.417, 156
Trd, 000029.700, 160
Trd, 000029.833, 158
Trd, 000031.950, 156
Trd, 000032.017, 155
Trd, 000032.133, 158
Trd, 000032.400, 155
Trd, 000032.767, 159
Trd, 000033.083, 154
Trd, 000033.483, 154
Trd, 000034.400, 154
Trd, 000035.183, 156
Trd, 000035.717, 154
Trd, 000036.033, 152
Trd, 000036.283, 152
Trd, 000036.317, 158
Trd, 000038.950, 156
Trd, 000039.000, 157
Trd, 000039.267, 156
Trd, 000039.450, 157
Trd, 000039.467, 159
Trd, 000039.583, 155
Trd, 000041.233, 152
Trd, 000042.017, 154
Trd, 000042.600, 153
Trd, 000042.983, 159
Trd, 000043.583, 155
Trd, 000044.267, 157
Trd, 000044.350, 155
Trd, 000045.433, 155
Trd, 000045.550, 156
Trd, 000045.783, 155
Trd, 000046.167, 157
Trd, 000046.750, 154
Trd, 000046.800, 146
Trd, 000048.233, 151
Trd, 000048.467, 153
Trd, 000048.933, 153
Trd, 000049.050, 154
Trd, 000049.433, 154
Trd, 000050.400, 154
Trd, 000050.600, 157
Trd, 000051.450, 154
Trd, 000051.633, 155
Trd, 000051.933, 152
Trd, 000052.033, 152
Trd, 000052.650, 151
Trd, 000053.100, 152
Trd, 000053.467, 151
Trd, 000053.617, 146
Trd, 000054.550, 152
Trd, 000054.867, 150
Trd, 000055.067, 153
Trd, 000055.683, 151
Trd, 000056.133, 156
Trd, 000056.783, 163
Trd, 000057.317, 160
Trd, 000059.833, 157
Trd, 000060.433, 157
Trd, 000060.450, 158
Trd, 000060.883, 156
Trd, 000061.133, 156
Trd, 000061.467, 154
Trd, 000062.067, 155
Trd, 000062.300, 154
Trd, 000062.350, 156
Trd, 000063.383, 155
Trd, 000064.150, 152
Trd, 000064.483, 153
Trd, 000065.650, 156
Trd, 000066.050, 157
Trd, 000066.483, 155
Trd, 000066.983, 160
Trd, 000067.167, 155
Trd, 000068.000, 155
Trd, 000069.250, 158
Trd, 000069.700, 158
Trd, 000069.717, 160
Trd, 000069.917, 156
Trd, 000070.033, 162
Trd, 000072.050, 163
Trd, 000072.117, 164
Trd, 000072.300, 158
Trd, 000073.933, 159
Trd, 000074.133, 159
Trd, 000074.300, 158
Trd, 000076.017, 163
Trd, 000076.450, 164
Trd, 000076.700, 164
Trd, 000078.600, 160
Trd, 000078.817, 161
Trd, 000080.050, 159
Trd, 000080.667, 160
Trd, 000080.800, 160
Trd, 000080.933, 159
Trd, 000081.350, 159
Trd, 000082.667, 159
Trd, 000082.967, 158
Trd, 000083.900, 159
Trd, 000084.617, 160
Trd, 000084.750, 160
Trd, 000085.500, 159
Trd, 000085.683, 160
Trd, 000085.933, 161
Trd, 000086.450, 163
Trd, 000086.783, 161
Trd, 000087.233, 160
Trd, 000087.517, 161
Trd, 000088.367, 160
Trd, 000088.883, 159
Trd, 000089.233, 161
Trd, 000089.950, 161
Trd, 000090.267, 160
Trd, 000091.017, 161
Trd, 000091.300, 159
Trd, 000091.383, 158
Trd, 000091.467, 163
Trd, 000092.883, 160
Trd, 000093.783, 162
Trd, 000093.900, 158
Trd, 000094.383, 161
Trd, 000094.467, 160
Trd, 000095.017, 162
Trd, 000095.883, 162
Trd, 000096.750, 159
Trd, 000097.133, 160
Trd, 000097.417, 161
Trd, 000098.117, 163
Trd, 000098.183, 158
Trd, 000099.250, 164
Trd, 000099.717, 161
Trd, 000099.800, 160
Trd, 000101.250, 162
Trd, 000101.283, 163
Trd, 000101.567, 162
Trd, 000102.117, 159
Trd, 000102.183, 159
Trd, 000103.117, 162
Trd, 000103.550, 162
Trd, 000103.717, 161
Trd, 000104.717, 161
Trd, 000105.367, 160
Trd, 000105.517, 160
Trd, 000105.633, 160
Trd, 000106.617, 159
Trd, 000107.167, 161
Trd, 000107.550, 163
Trd, 000108.133, 162
Trd, 000108.200, 161
Trd, 000108.217, 159
Trd, 000108.317, 155
Trd, 000110.000, 163
Trd, 000110.983, 162
Trd, 000111.417, 158
Trd, 000112.350, 161
Trd, 000113.883, 160
Trd, 000114.750, 163
Trd, 000115.483, 163
Trd, 000115.850, 162
Trd, 000116.133, 162
Trd, 000116.233, 161
Trd, 000117.667, 161
Trd, 000118.550, 164
Trd, 000118.683, 161
Trd, 000119.033, 160
Trd, 000119.783, 163
Trd, 000120.933, 163
Trd, 000121.183, 163
Trd, 000121.483, 162
Trd, 000122.467, 163
Trd, 000122.783, 162
Trd, 000123.100, 162
Trd, 000123.183, 161
Trd, 000124.033, 162
Trd, 000125.183, 160
Trd, 000125.750, 163
Trd, 000126.467, 159
Trd, 000127.817, 156
Trd, 000128.617, 155
Trd, 000129.383, 156
Trd, 000129.800, 156
Trd, 000130.433, 157
Trd, 000131.050, 157
Trd, 000131.167, 160
Trd, 000131.400, 161
Trd, 000132.400, 164
Trd, 000133.000, 166
Trd, 000134.000, 161
Trd, 000135.050, 161
Trd, 000135.100, 165
Trd, 000136.450, 161
Trd, 000136.983, 163
Trd, 000137.133, 163
Trd, 000137.367, 160
Trd, 000138.367, 165
Trd, 000139.250, 166
Trd, 000139.500, 166
Trd, 000140.283, 166
Trd, 000141.150, 163
Trd, 000141.900, 167
Trd, 000142.017, 165
Trd, 000142.167, 168
Trd, 000142.283, 164
Trd, 000143.183, 162
Trd, 000143.750, 166
Trd, 000144.133, 164
Trd, 000145.233, 166
Trd, 000145.817, 165
Trd, 000146.400, 167
Trd, 000146.500, 166
Trd, 000147.767, 167
Trd, 000148.850, 165
Trd, 000149.417, 166
Trd, 000149.700, 167
Trd, 000150.050, 163
Trd, 000150.467, 163
Trd, 000150.917, 167
Trd, 000151.267, 165
Trd, 000151.367, 165
Trd, 000151.617, 166
Trd, 000152.150, 163
Trd, 000152.383, 164
Trd, 000152.817, 166
Trd, 000153.083, 164
Trd, 000154.333, 164
Trd, 000154.883, 168
Trd, 000155.450, 162
Trd, 000155.717, 173
Trd, 000156.267, 173
Trd, 000156.733, 173
Trd, 000157.267, 162
Trd, 000157.367, 167
Trd, 000157.400, 166
Trd, 000160.150, 170
Trd, 000160.267, 169
Trd, 000160.467, 167
Trd, 000161.317, 166
Trd, 000162.233, 167
Trd, 000163.200, 166
Trd, 000163.467, 167
Trd, 000163.517, 165
Trd, 000163.867, 167
Trd, 000165.000, 164
Trd, 000165.267, 166
Trd, 000165.333, 163
Trd, 000167.067, 168
Trd, 000167.417, 167
Trd, 000167.867, 167
Trd, 000168.167, 168
Trd, 000169.000, 168
Trd, 000169.133, 167
Trd, 000169.150, 167
Trd, 000170.750, 164
Trd, 000171.350, 165
Trd, 000171.550, 158
Trd, 000172.383, 160
Trd, 000172.700, 159
Trd, 000172.733, 166
Trd, 000173.000, 168
Trd, 000173.533, 175
Trd, 000173.900, 162
Trd, 000175.067, 192
Trd, 000175.233, 169
Trd, 000176.567, 174
Trd, 000176.850, 174
Trd, 000177.417, 171
Trd, 000177.783, 172
Trd, 000179.467, 170
Trd, 000179.583, 170
Trd, 000180.033, 158
Trd, 000180.583, 167
Trd, 000180.617, 164
Trd, 000180.633, 159
Trd, 000181.833, 153
Trd, 000181.950, 152
Trd, 000182.383, 161
Trd, 000182.417, 161
Trd, 000182.983, 168
Trd, 000183.983, 163
Trd, 000184.033, 164
Trd, 000184.167, 169
Trd, 000186.433, 165
Trd, 000187.000, 166
Trd, 000187.133, 165
Trd, 000187.233, 167
Trd, 000187.350, 163
Trd, 000187.617, 163
Trd, 000188.833, 165
Trd, 000189.100, 168
Trd, 000189.933, 169
Trd, 000190.583, 167
Trd, 000190.900, 165
Trd, 000191.783, 165
Trd, 000192.633, 165
Trd, 000193.217, 164
Trd, 000193.617, 169
Trd, 000193.783, 164
Trd, 000195.117, 164
Trd, 000195.467, 168
Trd, 000196.183, 169
Trd, 000196.567, 166
Trd, 000197.017, 168
Trd, 000197.117, 169
Trd, 000197.300, 170
Trd, 000198.767, 170
Trd, 000199.233, 169
Trd, 000200.533, 169
Trd, 000200.567, 170
Trd, 000201.233, 170
Trd, 000201.250, 171
Trd, 000201.383, 172
Trd, 000201.450, 172
Trd, 000201.500, 167
Trd, 000202.133, 175
Trd, 000203.250, 179
Trd, 000203.783, 174
Trd, 000205.000, 173
Trd, 000205.950, 172
Trd, 000206.183, 175
Trd, 000206.317, 173
Trd, 000207.333, 171
Trd, 000207.667, 172
Trd, 000207.800, 168
Trd, 000208.683, 169
Trd, 000209.300, 170
Trd, 000209.517, 168
Trd, 000209.733, 167
Trd, 000210.617, 169
Trd, 000211.817, 170
Trd, 000212.283, 167
Trd, 000212.300, 170
Trd, 000212.867, 170
Trd, 000212.933, 172
Trd, 000214.300, 168
Trd, 000214.833, 167
Trd, 000215.500, 167
Trd, 000215.900, 167
Trd, 000216.333, 171
Trd, 000217.167, 167
Trd, 000217.483, 169
Trd, 000217.533, 165
Trd, 000219.000, 168
Trd, 000219.217, 167
Trd, 000220.517, 169
Trd, 000220.717, 169
Trd, 000220.833, 169
Trd, 000221.117, 169
Trd, 000221.167, 166
Trd, 000222.033, 166
Trd, 000222.950, 168
Trd, 000223.733, 173
Trd, 000223.783, 180
Trd, 000224.333, 197
Trd, 000224.733, 186
Trd, 000226.450, 179
Trd, 000226.767, 179
Trd, 000227.117, 180
Trd, 000227.183, 178
Trd, 000228.350, 178
Trd, 000228.367, 177
Trd, 000228.583, 174
Trd, 000229.033, 179
Trd, 000230.367, 179
Trd, 000230.467, 179
Trd, 000231.017, 175
Trd, 000232.617, 178
Trd, 000232.667, 181
Trd, 000232.700, 177
Trd, 000233.683, 175
Trd, 000233.733, 174
Trd, 000234.700, 176
Trd, 000235.667, 177
Trd, 000235.800, 177
Trd, 000236.117, 176
Trd, 000237.083, 174
Trd, 000237.817, 176
Trd, 000238.317, 173
Trd, 000238.517, 170
Trd, 000239.883, 171
Trd, 000240.533, 175
Trd, 000240.667, 177
Trd, 000241.167, 180
Trd, 000241.900, 182
Trd, 000242.150, 180
Trd, 000242.533, 181
Trd, 000242.783, 181
Trd, 000242.917, 182
Trd, 000243.317, 185
Trd, 000243.583, 184
Trd, 000243.633, 181
Trd, 000243.750, 182
Trd, 000243.917, 181
Trd, 000244.017, 185
Trd, 000244.717, 179
Trd, 000245.700, 182
Trd, 000245.917, 180
Trd, 000246.050, 182
Trd, 000247.067, 183
Trd, 000247.667, 184
Trd, 000248.050, 185
Trd, 000248.300, 184
Trd, 000248.550, 178
Trd, 000248.800, 179
Trd, 000249.067, 182
Trd, 000250.283, 181
Trd, 000250.633, 181
Trd, 000251.117, 182
Trd, 000251.283, 181
Trd, 000251.600, 179
Trd, 000251.933, 181
Trd, 000252.617, 182
Trd, 000253.183, 180
Trd, 000253.367, 182
Trd, 000253.450, 181
Trd, 000253.567, 181
Trd, 000253.767, 178
Trd, 000254.383, 182
Trd, 000254.950, 182
Trd, 000255.450, 181
Trd, 000255.983, 181
Trd, 000256.450, 180
Trd, 000256.817, 179
Trd, 000257.133, 180
Trd, 000257.683, 181
Trd, 000257.733, 182
Trd, 000258.450, 177
Trd, 000258.750, 174
Trd, 000258.767, 178
Trd, 000258.917, 177
Trd, 000259.183, 177
Trd, 000259.733, 177
Trd, 000260.650, 176
Trd, 000260.783, 179
Trd, 000261.400, 177
Trd, 000261.933, 175
Trd, 000262.600, 175
Trd, 000262.733, 174
Trd, 000263.383, 173
Trd, 000263.817, 173
Trd, 000263.933, 174
Trd, 000264.167, 176
Trd, 000265.017, 174
Trd, 000265.583, 174
Trd, 000266.350, 173
Trd, 000266.717, 178
Trd, 000266.833, 181
Trd, 000267.083, 180
Trd, 000267.350, 177
Trd, 000267.700, 176
Trd, 000267.900, 182
Trd, 000268.517, 180
Trd, 000268.750, 179
Trd, 000268.883, 178
Trd, 000268.983, 177
Trd, 000270.133, 176
Trd, 000270.200, 179
Trd, 000270.700, 181
Trd, 000270.800, 182
Trd, 000270.917, 184
Trd, 000271.283, 181
Trd, 000272.900, 185
Trd, 000273.650, 183
Trd, 000273.783, 182
Trd, 000274.383, 187
Trd, 000274.750, 187
Trd, 000275.600, 187
Trd, 000276.200, 185
Trd, 000276.650, 184
Trd, 000276.833, 187
Trd, 000277.467, 186
Trd, 000277.967, 184
Trd, 000278.017, 185
Trd, 000278.500, 183
Trd, 000279.383, 181
Trd, 000279.567, 181
Trd, 000280.100, 182
Trd, 000280.183, 181
Trd, 000280.450, 185
Trd, 000280.600, 179
Trd, 000280.817, 186
Trd, 000281.067, 183
Trd, 000281.150, 187
Trd, 000281.983, 176
Trd, 000282.683, 178
Trd, 000282.917, 180
Trd, 000283.583, 177
Trd, 000283.717, 181
Trd, 000283.733, 183
Trd, 000284.000, 190
Trd, 000284.567, 196
Trd, 000285.583, 191
Trd, 000286.083, 191
Trd, 000286.150, 189
Trd, 000286.883, 185
Trd, 000288.750, 182
Trd, 000289.417, 180
Trd, 000289.467, 184
Trd, 000289.483, 175
Trd, 000289.967, 183
Trd, 000290.267, 173
Trd, 000290.300, 184
Trd, 000290.350, 184
Trd, 000290.867, 167
Trd, 000290.933, 181
Trd, 000291.300, 181
Trd, 000291.650, 181
Trd, 000292.033, 187
Trd, 000292.883, 181
Trd, 000292.950, 180
Trd, 000293.200, 191
Trd, 000294.000, 180
Trd, 000294.200, 180
Trd, 000294.583, 185
Trd, 000294.800, 185
Trd, 000295.033, 179
Trd, 000295.433, 179
Trd, 000295.700, 189
Trd, 000295.800, 176
Trd, 000296.750, 174
Trd, 000296.800, 165
Trd, 000297.000, 173
Trd, 000297.483, 179
Trd, 000297.867, 181
Trd, 000297.950, 172
Trd, 000298.617, 181
Trd, 000298.700, 172
Trd, 000299.633, 185
