Trd, 000002.483, 119
Trd, 000002.667, 120
Trd, 000003.533, 125
Trd, 000003.883, 127
Trd, 000005.133, 126
Trd, 000005.300, 134
Trd, 000005.417, 125
Trd, 000006.650, 129
Trd, 000007.067, 137
Trd, 000007.567, 133
Trd, 000008.783, 137
Trd, 000009.283, 138
Trd, 000010.083, 136
Trd, 000010.217, 135
Trd, 000010.583, 137
Trd, 000011.183, 135
Trd, 000011.300, 136
Trd, 000011.500, 138
Trd, 000012.367, 137
Trd, 000012.833, 137
Trd, 000013.567, 138
Trd, 000013.800, 138
Trd, 000014.167, 137
Trd, 000016.233, 139
Trd, 000017.200, 142
Trd, 000017.317, 166
Trd, 000017.833, 141
Trd, 000018.233, 174
Trd, 000018.500, 145
Trd, 000018.683, 149
Trd, 000019.467, 143
Trd, 000019.967, 146
Trd, 000020.167, 146
Trd, 000021.283, 141
Trd, 000021.917, 138
Trd, 000022.067, 135
Trd, 000023.567, 136
Trd, 000023.667, 132
Trd, 000023.950, 134
Trd, 000023.967, 136
Trd, 000025.450, 137
Trd, 000025.700, 140
Trd, 000025.850, 136
Trd, 000025.950, 135
Trd, 000026.350, 137
Trd, 000027.867, 143
Trd, 000028.317, 154
Trd, 000028.883, 144
Trd, 000029.317, 144
Trd, 000029.883, 144
Trd, 000030.117, 145
Trd, 000030.383, 144
Trd, 000030.500, 169
Trd, 000030.700, 148
Trd, 000031.417, 147
Trd, 000032.983, 153
Trd, 000034.183, 154
Trd, 000034.317, 149
Trd, 000034.533, 148
Trd, 000034.567, 150
Trd, 000035.133, 148
Trd, 000035.300, 151
Trd, 000037.633, 154
Trd, 000037.750, 151
Trd, 000037.833, 151
Trd, 000038.617, 151
Trd, 000038.667, 150
Trd, 000038.833, 149
Trd, 000039.567, 151
Trd, 000039.917, 150
Trd, 000040.117, 151
Trd, 000040.517, 151
Trd, 000040.983, 152
Trd, 000041.700, 151
Trd, 000041.717, 149
Trd, 000042.567, 152
Trd, 000043.150, 153
Trd, 000043.883, 152
Trd, 000044.633, 151
Trd, 000044.867, 151
Trd, 000044.900, 141
Trd, 000045.233, 152
Trd, 000045.317, 153
Trd, 000046.000, 155
Trd, 000046.450, 148
Trd, 000046.517, 146
Trd, 000047.383, 142
Trd, 000048.600, 143
Trd, 000048.767, 135
Trd, 000048.933, 143
Trd, 000049.683, 148
Trd, 000049.750, 134
Trd, 000050.150, 154
Trd, 000050.683, 141
Trd, 000051.000, 141
Trd, 000051.183, 129
Trd, 000051.850, 142
Trd, 000052.817, 144
Trd, 000055.450, 138
Trd, 000055.483, 139
Trd, 000055.833, 141
Trd, 000055.917, 141
Trd, 000056.217, 141
Trd, 000056.400, 143
Trd, 000057.700, 143
Trd, 000058.067, 144
Trd, 000058.617, 143
Trd, 000058.783, 144
Trd, 000058.833, 147
Trd, 000059.150, 145
Trd, 000060.267, 144
Trd, 000060.567, 143
Trd, 000060.650, 142
Trd, 000061.533, 146
Trd, 000061.900, 142
Trd, 000062.617, 148
Trd, 000062.633, 143
Trd, 000062.833, 142
Trd, 000063.900, 147
Trd, 000064.233, 146
Trd, 000065.017, 145
Trd, 000065.067, 147
Trd, 000066.967, 145
Trd, 000067.617, 145
Trd, 000068.550, 145
Trd, 000069.617, 148
Trd, 000069.867, 147
Trd, 000070.083, 149
Trd, 000070.233, 144
Trd, 000070.750, 145
Trd, 000071.583, 150
Trd, 000072.183, 151
Trd, 000072.583, 155
Trd, 000072.883, 145
Trd, 000073.567, 146
Trd, 000074.050, 145
Trd, 000074.683, 148
Trd, 000075.567, 144
Trd, 000076.067, 143
Trd, 000078.200, 145
Trd, 000078.367, 144
Trd, 000079.067, 143
Trd, 000079.550, 148
Trd, 000079.850, 147
Trd, 000080.267, 149
Trd, 000080.850, 148
Trd, 000081.233, 149
Trd, 000081.300, 149
Trd, 000081.433, 149
Trd, 000081.583, 154
Trd, 000082.467, 151
Trd, 000082.667, 150
Trd, 000083.000, 149
Trd, 000084.967, 149
Trd, 000085.217, 148
Trd, 000086.133, 149
Trd, 000086.183, 148
Trd, 000086.500, 147
Trd, 000086.683, 147
Trd, 000086.867, 146
Trd, 000087.300, 146
Trd, 000087.917, 146
Trd, 000089.483, 147
Trd, 000090.167, 147
Trd, 000090.367, 147
Trd, 000091.067, 150
Trd, 000091.733, 160
Trd, 000091.750, 148
Trd, 000092.067, 147
Trd, 000092.600, 158
Trd, 000093.333, 148
Trd, 000093.633, 147
Trd, 000093.917, 176
Trd, 000094.100, 147
Trd, 000095.433, 154
Trd, 000095.567, 152
Trd, 000095.700, 154
Trd, 000097.250, 152
Trd, 000098.433, 150
Trd, 000099.017, 150
Trd, 000099.033, 151
Trd, 000099.800, 150
Trd, 000100.667, 151
Trd, 000100.950, 150
Trd, 000101.933, 150
Trd, 000102.117, 161
Trd, 000102.150, 149
Trd, 000102.417, 148
Trd, 000102.617, 148
Trd, 000103.100, 148
Trd, 000103.433, 150
Trd, 000103.517, 147
Trd, 000103.617, 151
Trd, 000104.817, 151
Trd, 000105.567, 152
Trd, 000106.783, 159
Trd, 000108.000, 162
Trd, 000108.150, 159
Trd, 000108.983, 164
Trd, 000109.117, 165
Trd, 000109.333, 165
Trd, 000110.033, 164
Trd, 000110.250, 164
Trd, 000111.233, 163
Trd, 000111.883, 163
Trd, 000112.017, 164
Trd, 000112.267, 161
Trd, 000112.533, 164
Trd, 000113.217, 163
Trd, 000115.617, 162
Trd, 000115.633, 163
Trd, 000115.933, 161
Trd, 000117.583, 163
Trd, 000117.700, 165
Trd, 000118.283, 165
Trd, 000118.767, 164
Trd, 000119.483, 166
Trd, 000119.667, 176
Trd, 000120.817, 169
Trd, 000121.200, 166
Trd, 000121.567, 166
Trd, 000122.100, 163
Trd, 000122.150, 169
Trd, 000122.667, 161
Trd, 000124.033, 154
Trd, 000124.850, 150
Trd, 000124.983, 149
Trd, 000126.317, 151
Trd, 000126.650, 151
Trd, 000126.783, 153
Trd, 000127.383, 149
Trd, 000127.433, 150
Trd, 000128.150, 148
Trd, 000128.217, 150
Trd, 000129.033, 150
Trd, 000129.317, 164
Trd, 000129.467, 162
Trd, 000129.767, 155
Trd, 000130.383, 177
Trd, 000131.100, 155
Trd, 000131.900, 158
Trd, 000132.583, 160
Trd, 000133.150, 159
Trd, 000133.917, 157
Trd, 000134.017, 150
Trd, 000134.967, 157
Trd, 000135.500, 158
Trd, 000135.850, 153
Trd, 000137.100, 155
Trd, 000137.267, 165
Trd, 000138.783, 154
Trd, 000139.017, 153
Trd, 000139.617, 154
Trd, 000140.367, 154
Trd, 000140.583, 155
Trd, 000140.683, 157
Trd, 000141.617, 154
Trd, 000141.700, 151
Trd, 000143.383, 154
Trd, 000143.467, 152
Trd, 000143.783, 155
Trd, 000144.250, 152
Trd, 000144.583, 157
Trd, 000145.900, 163
Trd, 000146.283, 162
Trd, 000146.717, 162
Trd, 000146.800, 161
Trd, 000147.133, 163
Trd, 000148.000, 160
Trd, 000148.050, 156
Trd, 000149.117, 159
Trd, 000150.383, 158
Trd, 000150.683, 159
Trd, 000150.700, 159
Trd, 000150.933, 158
Trd, 000151.067, 156
Trd, 000151.233, 152
Trd, 000151.867, 159
Trd, 000152.600, 151
Trd, 000152.650, 159
Trd, 000153.417, 153
Trd, 000154.367, 154
Trd, 000155.667, 152
Trd, 000155.833, 152
Trd, 000156.250, 152
Trd, 000157.117, 150
Trd, 000157.483, 153
Trd, 000157.633, 151
Trd, 000158.833, 154
Trd, 000159.150, 155
Trd, 000159.217, 152
Trd, 000160.667, 152
Trd, 000160.800, 151
Trd, 000161.967, 156
Trd, 000162.567, 153
Trd, 000163.683, 155
Trd, 000164.317, 155
Trd, 000164.400, 154
Trd, 000164.583, 154
Trd, 000165.900, 154
Trd, 000166.233, 155
Trd, 000166.583, 153
Trd, 000168.017, 153
Trd, 000168.350, 156
Trd, 000168.617, 152
Trd, 000169.200, 151
Trd, 000169.400, 152
Trd, 000169.550, 154
Trd, 000170.200, 154
Trd, 000170.950, 155
Trd, 000171.033, 155
Trd, 000171.083, 156
Trd, 000171.867, 168
Trd, 000172.950, 157
Trd, 000174.067, 155
Trd, 000175.483, 156
Trd, 000175.767, 155
Trd, 000175.883, 158
Trd, 000176.383, 154
Trd, 000177.033, 153
Trd, 000177.900, 155
Trd, 000178.050, 158
Trd, 000179.267, 157
Trd, 000179.750, 158
Trd, 000181.000, 159
Trd, 000181.583, 160
Trd, 000181.767, 167
Trd, 000182.400, 168
Trd, 000182.917, 163
Trd, 000183.067, 162
Trd, 000183.950, 167
Trd, 000184.367, 162
Trd, 000185.217, 161
Trd, 000185.700, 168
Trd, 000186.533, 163
Trd, 000186.617, 164
Trd, 000188.050, 162
Trd, 000188.950, 163
Trd, 000189.033, 162
Trd, 000189.367, 160
Trd, 000189.883, 162
Trd, 000190.350, 160
Trd, 000190.983, 159
Trd, 000191.717, 162
Trd, 000192.667, 168
Trd, 000192.800, 156
Trd, 000193.700, 157
Trd, 000194.767, 162
Trd, 000195.050, 157
Trd, 000195.200, 161
Trd, 000195.750, 160
Trd, 000195.917, 159
Trd, 000196.117, 156
Trd, 000196.267, 160
Trd, 000196.817, 160
Trd, 000198.017, 159
Trd, 000198.983, 161
Trd, 000199.467, 159
Trd, 000200.233, 157
Trd, 000201.467, 161
Trd, 000202.017, 162
Trd, 000202.950, 168
Trd, 000202.967, 158
Trd, 000203.167, 161
Trd, 000203.667, 159
Trd, 000205.650, 160
Trd, 000206.133, 162
Trd, 000206.583, 163
Trd, 000206.600, 160
Trd, 000206.967, 164
Trd, 000207.133, 160
Trd, 000208.117, 161
Trd, 000208.167, 162
Trd, 000208.650, 170
Trd, 000208.817, 164
Trd, 000209.617, 170
Trd, 000209.650, 172
Trd, 000210.367, 164
Trd, 000210.933, 163
Trd, 000211.733, 168
Trd, 000212.533, 168
Trd, 000212.750, 164
Trd, 000213.650, 165
Trd, 000214.600, 163
Trd, 000214.683, 162
Trd, 000215.833, 164
Trd, 000216.200, 163
Trd, 000216.333, 163
Trd, 000217.033, 162
Trd, 000217.800, 162
Trd, 000218.017, 161
Trd, 000219.017, 162
Trd, 000219.467, 163
Trd, 000219.567, 162
Trd, 000219.783, 163
Trd, 000219.950, 162
Trd, 000220.817, 172
Trd, 000221.417, 163
Trd, 000221.450, 170
Trd, 000222.933, 166
Trd, 000222.950, 164
Trd, 000223.467, 165
Trd, 000223.517, 166
Trd, 000223.933, 164
Trd, 000224.533, 165
Trd, 000224.767, 167
Trd, 000225.083, 163
Trd, 000225.450, 161
Trd, 000227.717, 161
Trd, 000227.900, 164
Trd, 000228.133, 160
Trd, 000228.367, 160
Trd, 000228.400, 162
Trd, 000228.800, 173
Trd, 000229.983, 159
Trd, 000230.150, 180
Trd, 000232.300, 173
Trd, 000232.633, 173
Trd, 000232.667, 174
Trd, 000233.250, 172
Trd, 000233.983, 173
Trd, 000234.083, 172
Trd, 000234.717, 172
Trd, 000235.400, 171
Trd, 000235.617, 172
Trd, 000237.233, 170
Trd, 000237.533, 170
Trd, 000237.733, 160
Trd, 000238.083, 160
Trd, 000238.200, 161
Trd, 000238.633, 162
Trd, 000238.767, 162
Trd, 000239.200, 163
Trd, 000240.383, 163
Trd, 000240.783, 171
Trd, 000241.067, 168
Trd, 000241.417, 170
Trd, 000241.467, 168
Trd, 000242.067, 170
Trd, 000242.617, 175
Trd, 000243.133, 189
Trd, 000243.967, 177
Trd, 000244.117, 176
Trd, 000245.267, 181
Trd, 000245.283, 177
Trd, 000245.483, 177
Trd, 000246.200, 176
Trd, 000246.433, 176
Trd, 000246.967, 176
Trd, 000247.533, 174
Trd, 000248.233, 173
Trd, 000248.600, 175
Trd, 000248.717, 176
Trd, 000249.100, 173
Trd, 000249.117, 173
Trd, 000249.233, 173
Trd, 000249.333, 161
Trd, 000249.583, 153
Trd, 000249.733, 175
Trd, 000250.517, 171
Trd, 000250.717, 175
Trd, 000250.967, 176
Trd, 000251.567, 176
Trd, 000252.017, 175
Trd, 000252.350, 176
Trd, 000252.767, 180
Trd, 000253.050, 180
Trd, 000253.617, 180
Trd, 000253.850, 181
Trd, 000253.983, 180
Trd, 000254.650, 173
Trd, 000255.067, 191
Trd, 000255.183, 163
Trd, 000255.600, 171
Trd, 000255.700, 164
Trd, 000256.133, 173
Trd, 000256.383, 174
Trd, 000256.850, 175
Trd, 000257.383, 173
Trd, 000257.683, 174
Trd, 000257.750, 172
Trd, 000258.000, 171
Trd, 000258.433, 175
Trd, 000258.467, 175
Trd, 000258.517, 170
Trd, 000259.833, 176
Trd, 000259.917, 170
Trd, 000260.383, 173
Trd, 000261.467, 172
Trd, 000261.550, 176
Trd, 000261.883, 177
Trd, 000261.950, 192
Trd, 000263.167, 182
Trd, 000263.350, 177
Trd, 000264.067, 177
Trd, 000264.950, 175
Trd, 000265.033, 174
Trd, 000265.650, 178
Trd, 000265.700, 181
Trd, 000266.383, 181
Trd, 000266.450, 178
Trd, 000266.750, 176
Trd, 000267.417, 179
Trd, 000267.867, 177
Trd, 000268.017, 176
Trd, 000268.683, 176
Trd, 000268.783, 179
Trd, 000269.233, 181
Trd, 000269.400, 180
Trd, 000269.500, 179
Trd, 000270.017, 178
Trd, 000270.150, 176
Trd, 000270.800, 174
Trd, 000271.117, 176
Trd, 000271.300, 177
Trd, 000271.667, 173
Trd, 000272.767, 164
Trd, 000273.217, 160
Trd, 000273.567, 170
Trd, 000274.383, 170
Trd, 000274.967, 167
Trd, 000275.250, 168
Trd, 000275.550, 168
Trd, 000275.833, 171
Trd, 000276.767, 172
Trd, 000276.800, 176
Trd, 000277.250, 185
Trd, 000277.867, 172
Trd, 000278.000, 173
Trd, 000278.217, 172
Trd, 000278.850, 172
Trd, 000278.867, 171
Trd, 000279.250, 173
Trd, 000279.400, 172
Trd, 000279.817, 177
Trd, 000280.100, 171
Trd, 000280.950, 171
Trd, 000281.150, 172
Trd, 000281.267, 175
Trd, 000281.517, 171
Trd, 000281.567, 170
Trd, 000281.817, 175
Trd, 000282.100, 179
Trd, 000282.667, 179
Trd, 000282.683, 184
Trd, 000284.650, 191
Trd, 000285.033, 184
Trd, 000285.533, 183
Trd, 000286.233, 187
Trd, 000286.600, 185
Trd, 000286.617, 188
Trd, 000287.167, 186
Trd, 000287.817, 185
Trd, 000288.383, 185
Trd, 000288.417, 180
Trd, 000288.583, 185
Trd, 000288.650, 185
Trd, 000289.200, 155
Trd, 000290.017, 194
Trd, 000290.683, 193
Trd, 000290.850, 194
Trd, 000290.967, 192
Trd, 000291.017, 187
Trd, 000291.583, 187
Trd, 000291.617, 185
Trd, 000292.600, 187
Trd, 000293.267, 184
Trd, 000293.400, 180
Trd, 000293.533, 177
Trd, 000294.367, 186
Trd, 000295.333, 185
Trd, 000295.383, 187
Trd, 000295.583, 185
Trd, 000295.683, 180
Trd, 000295.700, 194
Trd, 000295.767, 180
Trd, 000295.983, 179
Trd, 000296.500, 179
Trd, 000297.267, 181
Trd, 000297.917, 180
Trd, 000298.100, 189
Trd, 000298.783, 181
Trd, 000298.900, 180
Trd, 000299.350, 177
