Trd, 000001.333, 117
Trd, 000002.317, 153
Trd, 000002.367, 154
Trd, 000003.000, 141
Trd, 000004.367, 136
Trd, 000005.050, 165
Trd, 000005.350, 162
Trd, 000005.567, 132
Trd, 000006.183, 173
Trd, 000006.567, 166
Trd, 000007.033, 146
Trd, 000007.117, 138
Trd, 000008.167, 152
Trd, 000008.967, 169
Trd, 000010.183, 161
Trd, 000010.433, 168
Trd, 000010.617, 168
Trd, 000011.967, 161
Trd, 000012.117, 160
Trd, 000012.500, 156
Trd, 000012.900, 161
Trd, 000012.983, 151
Trd, 000013.467, 163
Trd, 000013.650, 166
Trd, 000014.183, 154
Trd, 000015.150, 161
Trd, 000015.517, 155
Trd, 000015.900, 161
Trd, 000016.117, 159
Trd, 000017.133, 148
Trd, 000018.217, 170
Trd, 000018.517, 159
Trd, 000019.917, 166
Trd, 000020.900, 160
Trd, 000021.517, 159
Trd, 000021.583, 167
Trd, 000022.217, 166
Trd, 000023.183, 163
Trd, 000023.450, 164
Trd, 000024.450, 162
Trd, 000024.817, 174
Trd, 000025.200, 170
Trd, 000025.483, 167
Trd, 000026.667, 173
Trd, 000027.050, 176
Trd, 000027.167, 178
Trd, 000027.183, 181
Trd, 000027.200, 171
Trd, 000028.250, 169
Trd, 000030.000, 171
Trd, 000030.817, 168
Trd, 000030.983, 169
Trd, 000031.067, 168
Trd, 000031.700, 153
Trd, 000032.350, 170
Trd, 000032.683, 151
Trd, 000032.817, 168
Trd, 000033.533, 173
Trd, 000033.767, 156
Trd, 000034.983, 171
Trd, 000035.283, 162
Trd, 000036.400, 157
Trd, 000036.550, 159
Trd, 000036.950, 160
Trd, 000037.067, 160
Trd, 000038.917, 159
Trd, 000039.517, 160
Trd, 000039.633, 162
Trd, 000039.817, 160
Trd, 000040.150, 178
Trd, 000040.417, 179
Trd, 000040.467, 151
Trd, 000040.700, 131
Trd, 000042.467, 145
Trd, 000042.633, 148
Trd, 000043.233, 163
Trd, 000044.267, 165
Trd, 000044.317, 168
Trd, 000044.933, 161
Trd, 000046.233, 156
Trd, 000046.350, 156
Trd, 000046.467, 159
Trd, 000046.817, 153
Trd, 000047.467, 160
Trd, 000047.700, 150
Trd, 000048.333, 161
Trd, 000049.283, 162
Trd, 000049.450, 170
Trd, 000050.383, 177
Trd, 000051.533, 172
Trd, 000051.833, 172
Trd, 000052.000, 170
Trd, 000052.683, 172
Trd, 000052.767, 173
Trd, 000053.383, 170
Trd, 000054.667, 161
Trd, 000055.000, 173
Trd, 000056.433, 173
Trd, 000057.000, 176
Trd, 000057.033, 177
Trd, 000057.533, 170
Trd, 000057.667, 177
Trd, 000058.483, 174
Trd, 000059.317, 173
Trd, 000060.117, 171
Trd, 000060.400, 171
Trd, 000060.767, 160
Trd, 000061.167, 156
Trd, 000061.267, 155
Trd, 000061.550, 169
Trd, 000062.833, 170
Trd, 000063.333, 171
Trd, 000064.550, 168
Trd, 000064.617, 162
Trd, 000066.433, 161
Trd, 000066.917, 160
Trd, 000067.233, 163
Trd, 000067.300, 166
Trd, 000067.517, 165
Trd, 000068.333, 166
Trd, 000070.233, 166
Trd, 000070.733, 161
Trd, 000071.400, 163
Trd, 000071.650, 169
Trd, 000071.683, 172
Trd, 000071.767, 162
Trd, 000071.783, 160
Trd, 000072.700, 180
Trd, 000072.767, 182
Trd, 000074.917, 179
Trd, 000075.167, 180
Trd, 000076.350, 180
Trd, 000076.483, 175
Trd, 000077.983, 173
Trd, 000079.000, 166
Trd, 000079.167, 172
Trd, 000079.883, 171
Trd, 000080.000, 174
Trd, 000080.783, 172
Trd, 000080.850, 170
Trd, 000080.900, 161
Trd, 000081.033, 157
Trd, 000081.500, 173
Trd, 000082.000, 173
Trd, 000082.533, 175
Trd, 000084.250, 162
Trd, 000084.683, 168
Trd, 000085.250, 158
Trd, 000085.267, 168
Trd, 000086.867, 169
Trd, 000087.950, 170
Trd, 000088.167, 182
Trd, 000088.583, 181
Trd, 000089.383, 177
Trd, 000089.767, 178
Trd, 000090.200, 179
Trd, 000090.633, 180
Trd, 000091.133, 181
Trd, 000092.233, 180
Trd, 000093.633, 179
Trd, 000093.783, 178
Trd, 000093.933, 177
Trd, 000094.200, 182
Trd, 000094.683, 174
Trd, 000094.917, 181
Trd, 000095.100, 182
Trd, 000097.217, 178
Trd, 000097.467, 177
Trd, 000097.633, 175
Trd, 000098.833, 178
Trd, 000099.117, 161
Trd, 000100.767, 175
Trd, 000101.000, 172
Trd, 000101.533, 175
Trd, 000101.650, 170
Trd, 000101.683, 159
Trd, 000101.717, 175
Trd, 000102.833, 167
Trd, 000102.917, 170
Trd, 000103.400, 161
Trd, 000104.150, 168
Trd, 000104.650, 159
Trd, 000105.067, 168
Trd, 000105.183, 169
Trd, 000105.650, 175
Trd, 000106.000, 160
Trd, 000106.733, 175
Trd, 000107.517, 157
Trd, 000107.983, 176
Trd, 000108.350, 177
Trd, 000108.417, 164
Trd, 000109.117, 172
Trd, 000110.317, 182
Trd, 000110.933, 180
Trd, 000112.067, 183
Trd, 000112.167, 176
Trd, 000112.517, 190
Trd, 000113.867, 179
Trd, 000114.267, 176
Trd, 000114.517, 159
Trd, 000116.900, 175
Trd, 000117.200, 161
Trd, 000117.367, 164
Trd, 000117.750, 167
Trd, 000118.800, 160
Trd, 000118.817, 163
Trd, 000119.833, 164
Trd, 000120.233, 160
Trd, 000120.550, 161
Trd, 000121.000, 177
Trd, 000121.233, 184
Trd, 000121.700, 159
Trd, 000122.383, 172
Trd, 000123.250, 155
Trd, 000123.467, 152
Trd, 000123.883, 153
Trd, 000124.533, 152
Trd, 000125.033, 152
Trd, 000125.500, 156
Trd, 000125.817, 177
Trd, 000126.133, 151
Trd, 000127.100, 166
Trd, 000128.083, 163
Trd, 000128.350, 175
Trd, 000128.367, 178
Trd, 000128.817, 188
Trd, 000129.000, 159
Trd, 000129.100, 157
Trd, 000129.783, 195
Trd, 000131.067, 178
Trd, 000132.367, 184
Trd, 000132.567, 189
Trd, 000133.167, 178
Trd, 000133.883, 166
Trd, 000134.567, 159
Trd, 000135.900, 162
Trd, 000136.117, 165
Trd, 000136.433, 167
Trd, 000136.700, 168
Trd, 000136.867, 154
Trd, 000137.333, 176
Trd, 000138.317, 171
Trd, 000138.783, 171
Trd, 000139.383, 179
Trd, 000140.650, 179
Trd, 000141.000, 173
Trd, 000141.150, 177
Trd, 000141.800, 186
Trd, 000142.900, 189
Trd, 000143.217, 164
Trd, 000144.350, 186
Trd, 000145.483, 165
Trd, 000145.917, 174
Trd, 000146.167, 175
Trd, 000146.317, 171
Trd, 000146.350, 161
Trd, 000146.717, 176
Trd, 000146.900, 161
Trd, 000146.933, 149
Trd, 000147.750, 188
Trd, 000149.083, 182
Trd, 000150.183, 180
Trd, 000150.250, 184
Trd, 000151.033, 178
Trd, 000151.633, 180
Trd, 000151.800, 181
Trd, 000152.117, 182
Trd, 000152.133, 166
Trd, 000153.883, 178
Trd, 000154.567, 184
Trd, 000154.650, 183
Trd, 000155.067, 177
Trd, 000155.883, 187
Trd, 000157.650, 181
Trd, 000157.767, 188
Trd, 000158.733, 169
Trd, 000158.833, 178
Trd, 000160.250, 176
Trd, 000160.700, 177
Trd, 000161.167, 178
Trd, 000161.933, 177
Trd, 000162.083, 178
Trd, 000162.117, 173
Trd, 000162.550, 180
Trd, 000162.750, 188
Trd, 000162.950, 191
Trd, 000165.067, 185
Trd, 000165.667, 184
Trd, 000166.217, 187
Trd, 000166.550, 184
Trd, 000167.750, 169
Trd, 000168.700, 183
Trd, 000169.217, 182
Trd, 000169.550, 165
Trd, 000169.633, 180
Trd, 000171.033, 171
Trd, 000171.183, 172
Trd, 000171.683, 171
Trd, 000172.100, 172
Trd, 000172.467, 165
Trd, 000172.900, 164
Trd, 000173.167, 162
Trd, 000173.500, 154
Trd, 000173.833, 173
Trd, 000175.050, 155
Trd, 000176.267, 159
Trd, 000176.500, 154
Trd, 000176.983, 156
Trd, 000177.350, 174
Trd, 000177.367, 175
Trd, 000177.917, 149
Trd, 000178.117, 177
Trd, 000178.233, 161
Trd, 000179.300, 191
Trd, 000180.767, 184
Trd, 000181.267, 183
Trd, 000182.200, 180
Trd, 000182.250, 184
Trd, 000182.783, 187
Trd, 000183.717, 186
Trd, 000184.700, 184
Trd, 000185.117, 182
Trd, 000185.617, 181
Trd, 000186.133, 173
Trd, 000186.183, 172
Trd, 000187.133, 176
Trd, 000187.317, 177
Trd, 000187.717, 176
Trd, 000188.117, 170
Trd, 000188.200, 166
Trd, 000188.517, 179
Trd, 000190.467, 171
Trd, 000190.983, 172
Trd, 000191.467, 176
Trd, 000192.317, 175
Trd, 000193.083, 169
Trd, 000193.533, 169
Trd, 000193.750, 175
Trd, 000194.117, 173
Trd, 000194.183, 184
Trd, 000195.383, 191
Trd, 000195.800, 168
Trd, 000196.200, 188
Trd, 000196.600, 169
Trd, 000197.083, 167
Trd, 000197.917, 187
Trd, 000198.417, 185
Trd, 000198.550, 187
Trd, 000200.367, 184
Trd, 000200.867, 174
Trd, 000201.450, 170
Trd, 000201.733, 182
Trd, 000202.217, 169
Trd, 000202.467, 178
Trd, 000203.117, 179
Trd, 000204.033, 179
Trd, 000204.767, 169
Trd, 000204.833, 167
Trd, 000205.133, 179
Trd, 000207.433, 179
Trd, 000207.533, 190
Trd, 000207.867, 188
Trd, 000208.000, 188
Trd, 000208.383, 188
Trd, 000210.550, 173
Trd, 000210.617, 171
Trd, 000210.767, 180
Trd, 000211.233, 181
Trd, 000212.033, 174
Trd, 000212.817, 183
Trd, 000212.950, 185
Trd, 000213.267, 168
Trd, 000213.533, 162
Trd, 000215.550, 179
Trd, 000216.033, 179
Trd, 000216.483, 182
Trd, 000217.867, 176
Trd, 000218.033, 182
Trd, 000218.700, 186
Trd, 000220.250, 181
Trd, 000221.033, 180
Trd, 000221.583, 178
Trd, 000221.917, 178
Trd, 000222.233, 179
Trd, 000222.483, 176
Trd, 000222.850, 184
Trd, 000223.083, 172
Trd, 000223.233, 184
Trd, 000223.483, 187
Trd, 000224.167, 186
Trd, 000224.733, 180
Trd, 000224.950, 174
Trd, 000225.983, 176
Trd, 000226.167, 178
Trd, 000226.750, 171
Trd, 000226.817, 169
Trd, 000227.267, 169
Trd, 000227.567, 179
Trd, 000228.400, 187
Trd, 000229.167, 168
Trd, 000229.633, 172
Trd, 000230.900, 172
Trd, 000230.983, 173
Trd, 000231.383, 171
Trd, 000231.817, 168
Trd, 000231.933, 169
Trd, 000231.950, 173
Trd, 000232.717, 178
Trd, 000233.117, 168
Trd, 000233.517, 168
Trd, 000234.150, 176
Trd, 000234.883, 188
Trd, 000235.717, 189
Trd, 000236.333, 173
Trd, 000236.700, 185
Trd, 000237.233, 189
Trd, 000237.717, 191
Trd, 000238.317, 192
Trd, 000238.617, 195
Trd, 000238.967, 185
Trd, 000239.400, 202
Trd, 000240.767, 191
Trd, 000241.200, 189
Trd, 000241.500, 188
Trd, 000241.917, 188
Trd, 000242.767, 186
Trd, 000243.100, 182
Trd, 000243.233, 183
Trd, 000243.583, 178
Trd, 000243.683, 175
Trd, 000243.717, 172
Trd, 000244.017, 175
Trd, 000244.983, 174
Trd, 000245.050, 172
Trd, 000245.117, 175
Trd, 000245.517, 181
Trd, 000245.550, 189
Trd, 000246.467, 183
Trd, 000246.783, 174
Trd, 000247.167, 172
Trd, 000247.533, 168
Trd, 000248.050, 170
Trd, 000248.450, 164
Trd, 000248.700, 174
Trd, 000248.800, 176
Trd, 000249.417, 175
Trd, 000250.067, 169
Trd, 000250.217, 169
Trd, 000250.933, 172
Trd, 000251.100, 173
Trd, 000251.233, 197
Trd, 000251.483, 198
Trd, 000251.533, 176
Trd, 000252.633, 181
Trd, 000253.150, 193
Trd, 000253.350, 187
Trd, 000253.633, 172
Trd, 000254.833, 197
Trd, 000254.983, 174
Trd, 000255.600, 186
Trd, 000256.250, 178
Trd, 000256.933, 181
Trd, 000257.150, 179
Trd, 000257.200, 178
Trd, 000257.267, 180
Trd, 000257.867, 190
Trd, 000258.067, 183
Trd, 000258.367, 175
Trd, 000258.550, 176
Trd, 000259.933, 176
Trd, 000259.950, 170
Trd, 000260.100, 180
Trd, 000260.750, 177
Trd, 000261.483, 173
Trd, 000262.667, 177
Trd, 000262.683, 177
Trd, 000262.850, 178
Trd, 000263.367, 177
Trd, 000263.400, 181
Trd, 000263.833, 178
Trd, 000264.117, 175
Trd, 000264.767, 174
Trd, 000264.817, 173
Trd, 000264.833, 181
Trd, 000264.917, 191
Trd, 000265.417, 196
Trd, 000266.183, 173
Trd, 000266.433, 184
Trd, 000267.083, 174
Trd, 000268.000, 174
Trd, 000268.217, 174
Trd, 000268.317, 182
Trd, 000268.750, 182
Trd, 000269.217, 171
Trd, 000269.300, 167
Trd, 000270.450, 176
Trd, 000270.517, 178
Trd, 000271.117, 176
Trd, 000271.250, 176
Trd, 000271.533, 175
Trd, 000271.950, 176
Trd, 000272.317, 178
Trd, 000272.633, 174
Trd, 000273.050, 174
Trd, 000273.200, 177
Trd, 000273.283, 177
Trd, 000273.717, 182
Trd, 000273.850, 192
Trd, 000273.883, 180
Trd, 000275.667, 179
Trd, 000275.700, 176
Trd, 000276.067, 192
Trd, 000276.083, 198
Trd, 000276.833, 200
Trd, 000277.167, 200
Trd, 000278.050, 178
Trd, 000279.350, 179
Trd, 000279.650, 177
Trd, 000279.967, 178
Trd, 000280.267, 175
Trd, 000280.517, 175
Trd, 000280.750, 193
Trd, 000280.983, 192
Trd, 000281.450, 184
Trd, 000281.750, 179
Trd, 000281.867, 174
Trd, 000282.000, 181
Trd, 000282.167, 183
Trd, 000282.333, 173
Trd, 000282.700, 175
Trd, 000283.033, 181
Trd, 000283.267, 183
Trd, 000283.733, 196
Trd, 000284.117, 174
Trd, 000284.833, 191
Trd, 000285.017, 173
Trd, 000285.600, 183
Trd, 000285.650, 184
Trd, 000286.283, 182
Trd, 000286.483, 175
Trd, 000286.950, 176
Trd, 000287.717, 185
Trd, 000288.100, 193
Trd, 000288.750, 178
Trd, 000289.283, 191
Trd, 000289.650, 189
Trd, 000290.133, 192
Trd, 000290.267, 177
Trd, 000290.550, 192
Trd, 000290.833, 190
Trd, 000290.900, 175
Trd, 000291.233, 176
Trd, 000291.633, 181
Trd, 000291.683, 203
Trd, 000291.700, 204
Trd, 000292.000, 176
Trd, 000292.167, 173
Trd, 000292.250, 169
Trd, 000292.433, 188
Trd, 000293.167, 176
Trd, 000294.133, 177
Trd, 000294.317, 152
Trd, 000294.583, 156
Trd, 000295.017, 156
Trd, 000295.350, 154
Trd, 000295.667, 178
Trd, 000295.783, 179
Trd, 000296.717, 180
Trd, 000296.800, 188
Trd, 000297.417, 178
Trd, 000297.800, 200
Trd, 000298.317, 184
Trd, 000298.400, 177
Trd, 000298.700, 190
Trd, 000299.433, 180
