Trd, 000001.900, 139
Trd, 000003.017, 132
Trd, 000003.667, 132
Trd, 000003.950, 143
Trd, 000004.150, 144
Trd, 000004.367, 134
Trd, 000005.267, 133
Trd, 000005.517, 136
Trd, 000005.533, 137
Trd, 000005.883, 151
Trd, 000007.183, 148
Trd, 000007.250, 145
Trd, 000007.483, 156
Trd, 000008.867, 153
Trd, 000009.167, 153
Trd, 000009.233, 152
Trd, 000010.033, 151
Trd, 000010.867, 152
Trd, 000011.467, 151
Trd, 000012.233, 151
Trd, 000012.383, 150
Trd, 000012.800, 153
Trd, 000013.650, 150
Trd, 000014.117, 150
Trd, 000014.483, 149
Trd, 000014.650, 147
Trd, 000015.417, 147
Trd, 000015.717, 147
Trd, 000015.933, 148
Trd, 000016.483, 151
Trd, 000016.567, 147
Trd, 000017.950, 152
Trd, 000018.283, 150
Trd, 000019.117, 152
Trd, 000019.267, 151
Trd, 000019.717, 150
Trd, 000020.233, 147
Trd, 000020.683, 149
Trd, 000022.133, 146
Trd, 000022.483, 145
Trd, 000022.933, 142
Trd, 000023.033, 142
Trd, 000023.950, 146
Trd, 000025.450, 142
Trd, 000025.517, 143
Trd, 000025.883, 157
Trd, 000026.467, 156
Trd, 000026.817, 155
Trd, 000027.483, 153
Trd, 000027.567, 144
Trd, 000028.783, 147
Trd, 000028.800, 154
Trd, 000029.250, 150
Trd, 000029.467, 149
Trd, 000030.183, 149
Trd, 000030.783, 150
Trd, 000031.567, 150
Trd, 000032.400, 151
Trd, 000032.583, 150
Trd, 000034.250, 151
Trd, 000034.350, 152
Trd, 000034.400, 151
Trd, 000034.783, 150
Trd, 000035.533, 149
Trd, 000035.617, 150
Trd, 000036.000, 153
Trd, 000036.150, 149
Trd, 000038.133, 148
Trd, 000038.217, 150
Trd, 000038.867, 148
Trd, 000039.933, 148
Trd, 000040.317, 148
Trd, 000040.783, 149
Trd, 000041.817, 150
Trd, 000041.933, 149
Trd, 000042.033, 152
Trd, 000044.667, 151
Trd, 000045.017, 149
Trd, 000045.217, 150
Trd, 000045.300, 149
Trd, 000045.317, 148
Trd, 000046.000, 150
Trd, 000047.050, 151
Trd, 000047.417, 151
Trd, 000049.000, 156
Trd, 000049.917, 154
Trd, 000050.383, 155
Trd, 000050.667, 154
Trd, 000050.733, 154
Trd, 000050.900, 156
Trd, 000051.283, 153
Trd, 000051.633, 156
Trd, 000051.800, 153
Trd, 000053.517, 155
Trd, 000053.617, 156
Trd, 000053.800, 154
Trd, 000054.267, 161
Trd, 000054.733, 160
Trd, 000054.950, 157
Trd, 000055.683, 157
Trd, 000056.883, 156
Trd, 000057.200, 157
Trd, 000058.800, 156
Trd, 000059.050, 159
Trd, 000059.167, 156
Trd, 000059.200, 155
Trd, 000059.750, 156
Trd, 000061.100, 159
Trd, 000061.183, 159
Trd, 000061.367, 158
Trd, 000061.433, 156
Trd, 000061.967, 156
Trd, 000062.083, 155
Trd, 000063.333, 155
Trd, 000063.417, 156
Trd, 000064.283, 156
Trd, 000064.867, 154
Trd, 000065.500, 154
Trd, 000065.933, 154
Trd, 000066.067, 151
Trd, 000067.850, 154
Trd, 000067.900, 155
Trd, 000068.400, 154
Trd, 000068.583, 153
Trd, 000069.883, 152
Trd, 000070.200, 154
Trd, 000070.533, 154
Trd, 000071.333, 154
Trd, 000071.400, 158
Trd, 000071.450, 159
Trd, 000071.467, 151
Trd, 000071.733, 151
Trd, 000072.683, 155
Trd, 000072.883, 154
Trd, 000073.017, 155
Trd, 000074.250, 157
Trd, 000074.850, 157
Trd, 000075.367, 157
Trd, 000076.517, 157
Trd, 000076.617, 156
Trd, 000077.000, 155
Trd, 000077.117, 158
Trd, 000078.467, 151
Trd, 000078.700, 145
Trd, 000079.500, 160
Trd, 000080.267, 147
Trd, 000080.533, 152
Trd, 000080.950, 152
Trd, 000081.183, 152
Trd, 000082.917, 153
Trd, 000084.050, 161
Trd, 000084.117, 156
Trd, 000084.400, 156
Trd, 000085.483, 157
Trd, 000085.517, 159
Trd, 000086.250, 160
Trd, 000086.917, 160
Trd, 000087.900, 161
Trd, 000088.250, 161
Trd, 000088.817, 166
Trd, 000089.217, 159
Trd, 000089.250, 157
Trd, 000089.367, 157
Trd, 000089.383, 167
Trd, 000090.867, 161
Trd, 000090.917, 159
Trd, 000091.333, 159
Trd, 000091.617, 159
Trd, 000091.717, 155
Trd, 000092.350, 159
Trd, 000093.833, 155
Trd, 000093.967, 155
Trd, 000095.250, 156
Trd, 000095.683, 156
Trd, 000096.167, 154
Trd, 000096.250, 153
Trd, 000096.983, 154
Trd, 000098.217, 155
Trd, 000098.500, 154
Trd, 000098.683, 156
Trd, 000098.967, 154
Trd, 000100.250, 158
Trd, 000102.333, 160
Trd, 000102.767, 161
Trd, 000103.433, 162
Trd, 000104.367, 163
Trd, 000105.100, 162
Trd, 000105.133, 165
Trd, 000105.400, 160
Trd, 000105.500, 160
Trd, 000105.583, 158
Trd, 000106.950, 161
Trd, 000108.017, 161
Trd, 000108.600, 160
Trd, 000108.767, 158
Trd, 000109.300, 162
Trd, 000109.350, 162
Trd, 000109.550, 161
Trd, 000109.717, 158
Trd, 000111.317, 155
Trd, 000111.917, 149
Trd, 000112.033, 160
Trd, 000112.533, 148
Trd, 000113.367, 145
Trd, 000113.567, 154
Trd, 000113.867, 145
Trd, 000113.883, 144
Trd, 000115.350, 150
Trd, 000115.517, 149
Trd, 000115.600, 152
Trd, 000115.650, 153
Trd, 000116.217, 155
Trd, 000116.817, 154
Trd, 000117.183, 162
Trd, 000117.300, 154
Trd, 000117.617, 154
Trd, 000118.867, 155
Trd, 000119.783, 156
Trd, 000120.050, 158
Trd, 000120.767, 160
Trd, 000121.283, 163
Trd, 000122.467, 161
Trd, 000122.500, 160
Trd, 000123.567, 162
Trd, 000123.617, 160
Trd, 000123.817, 149
Trd, 000124.117, 146
Trd, 000125.300, 157
Trd, 000126.467, 162
Trd, 000126.517, 157
Trd, 000126.600, 163
Trd, 000126.783, 157
Trd, 000127.733, 159
Trd, 000127.900, 157
Trd, 000128.017, 155
Trd, 000129.083, 157
Trd, 000129.200, 158
Trd, 000129.500, 156
Trd, 000131.117, 163
Trd, 000131.383, 172
Trd, 000132.350, 163
Trd, 000132.950, 163
Trd, 000133.417, 162
Trd, 000133.650, 161
Trd, 000134.733, 162
Trd, 000134.883, 164
Trd, 000136.050, 150
Trd, 000136.067, 151
Trd, 000136.417, 160
Trd, 000137.050, 159
Trd, 000137.150, 165
Trd, 000137.900, 159
Trd, 000138.700, 159
Trd, 000139.083, 164
Trd, 000139.733, 165
Trd, 000140.500, 167
Trd, 000140.717, 165
Trd, 000141.000, 167
Trd, 000141.717, 168
Trd, 000142.033, 167
Trd, 000142.417, 165
Trd, 000143.117, 164
Trd, 000143.617, 169
Trd, 000143.650, 164
Trd, 000144.683, 167
Trd, 000145.350, 167
Trd, 000145.700, 167
Trd, 000147.417, 166
Trd, 000147.917, 165
Trd, 000148.150, 166
Trd, 000148.967, 167
Trd, 000149.633, 168
Trd, 000149.783, 169
Trd, 000150.217, 170
Trd, 000151.033, 168
Trd, 000151.200, 167
Trd, 000151.233, 170
Trd, 000151.467, 165
Trd, 000152.700, 173
Trd, 000152.767, 160
Trd, 000153.283, 172
Trd, 000155.000, 171
Trd, 000155.433, 172
Trd, 000155.667, 171
Trd, 000155.867, 170
Trd, 000156.283, 170
Trd, 000156.567, 171
Trd, 000156.583, 165
Trd, 000158.750, 172
Trd, 000158.933, 167
Trd, 000158.950, 166
Trd, 000159.967, 165
Trd, 000161.083, 163
Trd, 000161.700, 160
Trd, 000162.617, 161
Trd, 000163.033, 164
Trd, 000163.117, 167
Trd, 000163.700, 164
Trd, 000163.867, 164
Trd, 000164.250, 164
Trd, 000165.233, 164
Trd, 000165.783, 165
Trd, 000165.883, 164
Trd, 000166.500, 165
Trd, 000167.367, 165
Trd, 000167.750, 164
Trd, 000168.750, 164
Trd, 000168.883, 166
Trd, 000169.400, 164
Trd, 000169.667, 163
Trd, 000171.017, 163
Trd, 000171.817, 164
Trd, 000172.150, 165
Trd, 000172.417, 165
Trd, 000172.900, 165
Trd, 000173.483, 164
Trd, 000173.700, 163
Trd, 000174.817, 162
Trd, 000175.367, 164
Trd, 000175.817, 161
Trd, 000176.650, 166
Trd, 000176.833, 161
Trd, 000176.850, 160
Trd, 000177.083, 152
Trd, 000178.650, 163
Trd, 000179.467, 157
Trd, 000180.350, 160
Trd, 000180.383, 163
Trd, 000180.800, 173
Trd, 000181.583, 162
Trd, 000181.650, 163
Trd, 000183.333, 169
Trd, 000183.533, 168
Trd, 000183.883, 168
Trd, 000184.050, 174
Trd, 000184.317, 167
Trd, 000185.000, 167
Trd, 000185.333, 174
Trd, 000186.283, 174
Trd, 000186.467, 172
Trd, 000186.600, 171
Trd, 000186.817, 170
Trd, 000187.333, 170
Trd, 000188.850, 170
Trd, 000189.717, 168
Trd, 000189.783, 168
Trd, 000189.817, 162
Trd, 000190.300, 170
Trd, 000190.600, 165
Trd, 000191.550, 164
Trd, 000192.667, 166
Trd, 000193.550, 167
Trd, 000194.067, 167
Trd, 000194.200, 166
Trd, 000194.350, 165
Trd, 000194.600, 168
Trd, 000195.267, 164
Trd, 000196.450, 166
Trd, 000196.567, 167
Trd, 000196.633, 164
Trd, 000198.183, 168
Trd, 000198.483, 166
Trd, 000199.083, 167
Trd, 000199.650, 167
Trd, 000199.950, 164
Trd, 000201.317, 167
Trd, 000201.533, 169
Trd, 000202.333, 172
Trd, 000202.800, 170
Trd, 000203.067, 174
Trd, 000203.217, 169
Trd, 000203.767, 167
Trd, 000204.033, 173
Trd, 000204.400, 166
Trd, 000205.133, 165
Trd, 000205.400, 165
Trd, 000205.883, 165
Trd, 000206.500, 164
Trd, 000207.767, 167
Trd, 000208.717, 167
Trd, 000209.500, 171
Trd, 000209.667, 172
Trd, 000209.850, 172
Trd, 000210.050, 169
Trd, 000210.217, 170
Trd, 000211.767, 174
Trd, 000212.417, 176
Trd, 000212.917, 174
Trd, 000213.567, 173
Trd, 000213.917, 172
Trd, 000214.333, 171
Trd, 000214.550, 171
Trd, 000215.100, 177
Trd, 000215.900, 173
Trd, 000216.117, 172
Trd, 000216.933, 171
Trd, 000217.017, 165
Trd, 000218.133, 176
Trd, 000219.200, 174
Trd, 000220.817, 173
Trd, 000220.883, 172
Trd, 000221.683, 173
Trd, 000222.200, 172
Trd, 000222.567, 172
Trd, 000223.467, 172
Trd, 000223.667, 173
Trd, 000224.133, 172
Trd, 000224.417, 171
Trd, 000225.000, 172
Trd, 000225.950, 171
Trd, 000226.633, 173
Trd, 000226.650, 173
Trd, 000226.783, 172
Trd, 000227.000, 171
Trd, 000227.117, 174
Trd, 000227.233, 170
Trd, 000227.783, 169
Trd, 000228.583, 175
Trd, 000230.533, 170
Trd, 000230.617, 169
Trd, 000230.817, 174
Trd, 000232.100, 175
Trd, 000232.267, 174
Trd, 000232.367, 170
Trd, 000232.500, 175
Trd, 000232.817, 177
Trd, 000233.217, 171
Trd, 000233.750, 168
Trd, 000234.033, 167
Trd, 000236.417, 174
Trd, 000236.633, 174
Trd, 000237.050, 173
Trd, 000238.167, 174
Trd, 000239.117, 174
Trd, 000239.267, 174
Trd, 000239.283, 173
Trd, 000239.567, 173
Trd, 000239.767, 174
Trd, 000239.900, 175
Trd, 000240.217, 171
Trd, 000240.433, 173
Trd, 000240.700, 175
Trd, 000241.333, 176
Trd, 000241.733, 180
Trd, 000241.900, 179
Trd, 000242.367, 179
Trd, 000243.017, 180
Trd, 000243.750, 179
Trd, 000244.083, 179
Trd, 000244.417, 176
Trd, 000244.450, 169
Trd, 000244.850, 179
Trd, 000245.167, 174
Trd, 000246.017, 172
Trd, 000246.150, 175
Trd, 000246.267, 170
Trd, 000246.433, 173
Trd, 000247.617, 180
Trd, 000247.767, 176
Trd, 000248.133, 176
Trd, 000248.283, 174
Trd, 000248.617, 172
Trd, 000249.067, 174
Trd, 000249.933, 169
Trd, 000250.533, 162
Trd, 000250.917, 166
Trd, 000251.117, 172
Trd, 000251.283, 167
Trd, 000251.517, 170
Trd, 000251.983, 170
Trd, 000252.517, 178
Trd, 000253.150, 176
Trd, 000253.500, 174
Trd, 000253.600, 179
Trd, 000253.817, 171
Trd, 000254.050, 170
Trd, 000254.450, 163
Trd, 000255.000, 164
Trd, 000255.067, 163
Trd, 000255.600, 165
Trd, 000256.050, 167
Trd, 000256.083, 165
Trd, 000257.050, 170
Trd, 000257.067, 168
Trd, 000258.150, 173
Trd, 000258.250, 180
Trd, 000258.817, 172
Trd, 000259.567, 177
Trd, 000259.933, 174
Trd, 000260.267, 174
Trd, 000260.717, 173
Trd, 000261.100, 172
Trd, 000261.350, 174
Trd, 000261.433, 173
Trd, 000261.667, 174
Trd, 000262.633, 172
Trd, 000262.750, 174
Trd, 000263.150, 171
Trd, 000263.950, 177
Trd, 000264.167, 174
Trd, 000264.467, 175
Trd, 000265.050, 173
Trd, 000265.867, 172
Trd, 000266.283, 172
Trd, 000266.533, 173
Trd, 000266.733, 174
Trd, 000266.867, 175
Trd, 000267.633, 181
Trd, 000268.067, 183
Trd, 000268.100, 179
Trd, 000268.567, 174
Trd, 000269.617, 174
Trd, 000269.667, 175
Trd, 000269.717, 177
Trd, 000270.067, 174
Trd, 000270.133, 173
Trd, 000270.450, 178
Trd, 000270.783, 176
Trd, 000272.317, 180
Trd, 000272.950, 182
Trd, 000273.250, 180
Trd, 000273.700, 176
Trd, 000274.450, 178
Trd, 000275.433, 177
Trd, 000275.567, 186
Trd, 000275.850, 178
Trd, 000276.467, 179
Trd, 000276.483, 178
Trd, 000276.650, 178
Trd, 000277.250, 179
Trd, 000277.300, 179
Trd, 000277.350, 177
Trd, 000277.583, 183
Trd, 000277.683, 177
Trd, 000278.367, 182
Trd, 000278.717, 186
Trd, 000278.733, 189
Trd, 000278.750, 175
Trd, 000278.867, 172
Trd, 000280.083, 181
Trd, 000280.417, 173
Trd, 000280.817, 172
Trd, 000281.067, 178
Trd, 000281.117, 175
Trd, 000281.367, 174
Trd, 000281.600, 166
Trd, 000282.167, 173
Trd, 000282.550, 166
Trd, 000282.733, 173
Trd, 000282.767, 166
Trd, 000283.750, 168
Trd, 000283.800, 173
Trd, 000283.933, 167
Trd, 000284.583, 172
Trd, 000284.817, 173
Trd, 000285.017, 173
Trd, 000285.567, 179
Trd, 000285.767, 182
Trd, 000286.983, 180
Trd, 000287.533, 180
Trd, 000287.783, 179
Trd, 000288.133, 180
Trd, 000288.350, 177
Trd, 000290.033, 178
Trd, 000290.250, 179
Trd, 000290.333, 177
Trd, 000290.667, 178
Trd, 000290.700, 180
Trd, 000290.933, 177
Trd, 000291.150, 180
Trd, 000291.433, 184
Trd, 000292.183, 173
Trd, 000292.650, 171
Trd, 000292.750, 168
Trd, 000293.250, 166
Trd, 000294.000, 175
Trd, 000294.133, 171
Trd, 000295.300, 175
Trd, 000295.583, 173
Trd, 000295.650, 179
Trd, 000297.017, 180
Trd, 000297.533, 181
Trd, 000297.600, 183
Trd, 000297.717, 179
Trd, 000297.850, 184
Trd, 000297.967, 187
Trd, 000298.533, 180
Trd, 000298.983, 180
Trd, 000299.333, 184
Trd, 000299.883, 185
