Trd, 000002.483, 100
Trd, 000002.650, 149
Trd, 000002.983, 151
Trd, 000003.283, 151
Trd, 000003.300, 152
Trd, 000004.617, 155
Trd, 000005.517, 155
Trd, 000005.533, 145
Trd, 000006.683, 160
Trd, 000006.917, 153
Trd, 000007.367, 161
Trd, 000007.467, 151
Trd, 000008.867, 156
Trd, 000009.550, 155
Trd, 000009.700, 156
Trd, 000010.167, 158
Trd, 000010.500, 157
Trd, 000011.217, 158
Trd, 000011.333, 162
Trd, 000011.467, 163
Trd, 000012.267, 157
Trd, 000013.650, 160
Trd, 000013.683, 159
Trd, 000014.150, 161
Trd, 000014.517, 160
Trd, 000015.217, 158
Trd, 000015.500, 159
Trd, 000016.133, 155
Trd, 000016.150, 145
Trd, 000016.533, 163
Trd, 000017.717, 152
Trd, 000019.250, 151
Trd, 000019.650, 152
Trd, 000019.767, 157
Trd, 000019.917, 146
Trd, 000020.600, 156
Trd, 000021.167, 146
Trd, 000021.250, 153
Trd, 000022.000, 155
Trd, 000023.050, 153
Trd, 000023.133, 154
Trd, 000024.033, 154
Trd, 000024.217, 154
Trd, 000024.317, 155
Trd, 000024.767, 154
Trd, 000025.383, 156
Trd, 000026.667, 152
Trd, 000027.367, 151
Trd, 000027.450, 147
Trd, 000028.567, 152
Trd, 000029.033, 154
Trd, 000029.167, 155
Trd, 000029.850, 157
Trd, 000030.650, 165
Trd, 000031.467, 160
Trd, 000031.667, 161
Trd, 000031.767, 163
Trd, 000032.983, 169
Trd, 000033.417, 164
Trd, 000034.433, 165
Trd, 000034.467, 166
Trd, 000035.167, 165
Trd, 000035.550, 167
Trd, 000035.867, 165
Trd, 000038.050, 161
Trd, 000038.783, 161
Trd, 000039.250, 163
Trd, 000039.383, 163
Trd, 000039.933, 161
Trd, 000040.117, 137
Trd, 000040.417, 157
Trd, 000041.667, 147
Trd, 000041.700, 148
Trd, 000041.717, 151
Trd, 000042.633, 149
Trd, 000043.083, 152
Trd, 000043.333, 157
Trd, 000044.117, 156
Trd, 000045.217, 148
Trd, 000045.600, 147
Trd, 000045.783, 147
Trd, 000046.717, 146
Trd, 000047.050, 146
Trd, 000047.667, 145
Trd, 000047.850, 143
Trd, 000048.383, 157
Trd, 000049.033, 165
Trd, 000049.567, 160
Trd, 000049.733, 160
Trd, 000050.083, 161
Trd, 000051.350, 152
Trd, 000051.433, 165
Trd, 000051.750, 166
Trd, 000053.250, 164
Trd, 000054.000, 163
Trd, 000054.717, 162
Trd, 000054.833, 162
Trd, 000055.300, 162
Trd, 000055.617, 160
Trd, 000055.750, 151
Trd, 000055.767, 163
Trd, 000055.967, 168
Trd, 000059.300, 157
Trd, 000059.417, 158
Trd, 000060.417, 159
Trd, 000061.250, 159
Trd, 000062.267, 157
Trd, 000062.717, 155
Trd, 000063.867, 157
Trd, 000064.100, 157
Trd, 000064.883, 157
Trd, 000064.917, 158
Trd, 000065.383, 157
Trd, 000065.600, 157
Trd, 000065.750, 156
Trd, 000066.583, 161
Trd, 000066.600, 168
Trd, 000068.333, 163
Trd, 000068.433, 169
Trd, 000069.050, 155
Trd, 000069.933, 162
Trd, 000070.733, 158
Trd, 000070.867, 158
Trd, 000071.200, 158
Trd, 000071.383, 159
Trd, 000071.933, 159
Trd, 000073.100, 158
Trd, 000073.133, 158
Trd, 000074.833, 159
Trd, 000074.883, 158
Trd, 000075.167, 158
Trd, 000075.500, 161
Trd, 000077.900, 155
Trd, 000077.933, 154
Trd, 000077.967, 157
Trd, 000078.933, 155
Trd, 000079.167, 155
Trd, 000079.217, 161
Trd, 000079.967, 160
Trd, 000080.167, 159
Trd, 000080.783, 169
Trd, 000081.383, 167
Trd, 000081.767, 167
Trd, 000082.367, 169
Trd, 000083.017, 171
Trd, 000083.533, 170
Trd, 000085.100, 166
Trd, 000085.433, 165
Trd, 000086.167, 164
Trd, 000086.533, 165
Trd, 000086.967, 165
Trd, 000087.567, 166
Trd, 000087.900, 164
Trd, 000088.067, 166
Trd, 000088.283, 166
Trd, 000089.867, 164
Trd, 000090.917, 150
Trd, 000090.967, 139
Trd, 000091.067, 163
Trd, 000091.250, 164
Trd, 000092.450, 158
Trd, 000092.600, 157
Trd, 000092.683, 156
Trd, 000092.800, 155
Trd, 000093.800, 153
Trd, 000093.850, 155
Trd, 000094.800, 155
Trd, 000095.100, 156
Trd, 000096.500, 150
Trd, 000097.483, 153
Trd, 000098.767, 160
Trd, 000099.717, 154
Trd, 000099.783, 155
Trd, 000099.883, 156
Trd, 000100.467, 165
Trd, 000100.617, 171
Trd, 000101.183, 172
Trd, 000101.300, 149
Trd, 000101.367, 141
Trd, 000101.783, 173
Trd, 000102.183, 173
Trd, 000102.750, 173
Trd, 000102.933, 173
Trd, 000103.567, 174
Trd, 000104.050, 172
Trd, 000105.250, 172
Trd, 000106.883, 169
Trd, 000107.283, 173
Trd, 000108.250, 173
Trd, 000108.683, 172
Trd, 000109.233, 170
Trd, 000110.617, 168
Trd, 000110.667, 169
Trd, 000111.083, 167
Trd, 000111.167, 166
Trd, 000112.150, 162
Trd, 000113.533, 161
Trd, 000114.067, 161
Trd, 000114.350, 162
Trd, 000114.600, 160
Trd, 000114.817, 160
Trd, 000115.267, 160
Trd, 000115.800, 164
Trd, 000116.400, 164
Trd, 000116.967, 166
Trd, 000118.267, 166
Trd, 000118.600, 166
Trd, 000118.833, 169
Trd, 000119.383, 177
Trd, 000120.983, 159
Trd, 000121.233, 174
Trd, 000121.883, 172
Trd, 000121.950, 172
Trd, 000122.900, 171
Trd, 000122.933, 168
Trd, 000123.317, 172
Trd, 000125.783, 167
Trd, 000126.133, 166
Trd, 000127.067, 158
Trd, 000128.033, 165
Trd, 000128.550, 160
Trd, 000129.017, 161
Trd, 000129.183, 160
Trd, 000129.300, 161
Trd, 000129.867, 164
Trd, 000130.433, 168
Trd, 000131.583, 166
Trd, 000132.517, 165
Trd, 000132.533, 167
Trd, 000133.283, 166
Trd, 000134.067, 162
Trd, 000134.150, 166
Trd, 000134.767, 164
Trd, 000135.417, 167
Trd, 000135.683, 167
Trd, 000136.183, 169
Trd, 000137.250, 176
Trd, 000137.667, 176
Trd, 000138.667, 176
Trd, 000139.600, 178
Trd, 000140.133, 178
Trd, 000140.700, 179
Trd, 000140.767, 174
Trd, 000142.850, 152
Trd, 000142.983, 170
Trd, 000143.100, 171
Trd, 000144.000, 176
Trd, 000144.583, 169
Trd, 000145.400, 164
Trd, 000145.800, 166
Trd, 000146.183, 160
Trd, 000146.217, 159
Trd, 000146.483, 165
Trd, 000146.667, 158
Trd, 000147.367, 156
Trd, 000147.867, 155
Trd, 000148.867, 154
Trd, 000148.883, 155
Trd, 000149.617, 155
Trd, 000150.267, 157
Trd, 000152.000, 166
Trd, 000152.583, 165
Trd, 000153.083, 166
Trd, 000153.300, 167
Trd, 000153.317, 169
Trd, 000154.117, 168
Trd, 000154.250, 167
Trd, 000155.367, 169
Trd, 000155.550, 170
Trd, 000156.000, 159
Trd, 000156.150, 169
Trd, 000156.450, 170
Trd, 000157.033, 176
Trd, 000158.200, 153
Trd, 000158.583, 171
Trd, 000158.800, 172
Trd, 000159.317, 166
Trd, 000159.917, 170
Trd, 000161.817, 168
Trd, 000162.717, 166
Trd, 000162.800, 162
Trd, 000162.967, 167
Trd, 000163.200, 170
Trd, 000164.617, 169
Trd, 000165.100, 169
Trd, 000165.183, 163
Trd, 000166.383, 167
Trd, 000166.617, 164
Trd, 000167.433, 165
Trd, 000167.617, 166
Trd, 000168.550, 164
Trd, 000169.050, 165
Trd, 000169.767, 166
Trd, 000169.933, 166
Trd, 000170.233, 166
Trd, 000170.533, 167
Trd, 000171.683, 172
Trd, 000172.733, 180
Trd, 000172.983, 181
Trd, 000173.033, 182
Trd, 000173.917, 168
Trd, 000174.283, 172
Trd, 000175.150, 161
Trd, 000176.050, 167
Trd, 000176.900, 166
Trd, 000178.133, 168
Trd, 000178.933, 169
Trd, 000179.350, 171
Trd, 000179.417, 165
Trd, 000180.117, 167
Trd, 000180.550, 168
Trd, 000180.800, 167
Trd, 000180.850, 170
Trd, 000181.033, 170
Trd, 000181.067, 166
Trd, 000184.283, 165
Trd, 000184.450, 165
Trd, 000184.750, 166
Trd, 000184.817, 166
Trd, 000185.200, 167
Trd, 000186.200, 178
Trd, 000186.317, 179
Trd, 000186.750, 179
Trd, 000186.783, 178
Trd, 000188.033, 174
Trd, 000189.117, 175
Trd, 000190.817, 167
Trd, 000191.083, 168
Trd, 000191.517, 168
Trd, 000191.617, 169
Trd, 000191.717, 171
Trd, 000192.450, 174
Trd, 000193.317, 171
Trd, 000193.600, 170
Trd, 000193.750, 172
Trd, 000194.433, 163
Trd, 000195.100, 173
Trd, 000196.267, 167
Trd, 000196.917, 179
Trd, 000196.933, 174
Trd, 000199.233, 167
Trd, 000199.483, 167
Trd, 000199.633, 169
Trd, 000199.817, 175
Trd, 000201.233, 177
Trd, 000201.633, 179
Trd, 000201.800, 177
Trd, 000202.367, 179
Trd, 000202.900, 179
Trd, 000203.167, 180
Trd, 000203.267, 181
Trd, 000204.500, 170
Trd, 000205.367, 171
Trd, 000205.783, 172
Trd, 000205.900, 169
Trd, 000207.567, 172
Trd, 000208.467, 171
Trd, 000209.067, 182
Trd, 000209.400, 186
Trd, 000210.583, 189
Trd, 000211.300, 176
Trd, 000211.467, 180
Trd, 000213.033, 175
Trd, 000214.350, 173
Trd, 000214.417, 171
Trd, 000214.817, 171
Trd, 000215.600, 170
Trd, 000215.950, 171
Trd, 000216.450, 169
Trd, 000217.433, 170
Trd, 000218.000, 169
Trd, 000218.033, 184
Trd, 000219.050, 184
Trd, 000219.583, 184
Trd, 000219.617, 181
Trd, 000220.017, 185
Trd, 000220.500, 184
Trd, 000222.883, 181
Trd, 000223.233, 180
Trd, 000224.067, 178
Trd, 000224.250, 178
Trd, 000224.633, 179
Trd, 000224.950, 179
Trd, 000225.767, 178
Trd, 000226.267, 179
Trd, 000227.417, 178
Trd, 000227.700, 178
Trd, 000227.900, 177
Trd, 000228.250, 183
Trd, 000229.200, 184
Trd, 000229.250, 171
Trd, 000229.617, 185
Trd, 000230.133, 184
Trd, 000231.417, 176
Trd, 000231.517, 181
Trd, 000232.833, 178
Trd, 000233.350, 179
Trd, 000234.000, 182
Trd, 000235.350, 179
Trd, 000235.400, 179
Trd, 000235.500, 181
Trd, 000236.250, 179
Trd, 000236.867, 178
Trd, 000237.617, 179
Trd, 000238.033, 176
Trd, 000238.150, 183
Trd, 000239.250, 172
Trd, 000239.767, 167
Trd, 000240.467, 163
Trd, 000240.550, 164
Trd, 000241.000, 163
Trd, 000241.067, 163
Trd, 000241.200, 163
Trd, 000241.583, 163
Trd, 000241.783, 163
Trd, 000242.000, 164
Trd, 000242.150, 165
Trd, 000243.400, 172
Trd, 000243.700, 170
Trd, 000244.200, 171
Trd, 000244.450, 172
Trd, 000244.583, 174
Trd, 000245.017, 174
Trd, 000245.217, 175
Trd, 000245.333, 173
Trd, 000245.400, 176
Trd, 000247.333, 172
Trd, 000247.500, 171
Trd, 000248.583, 171
Trd, 000248.983, 174
Trd, 000249.717, 173
Trd, 000250.200, 173
Trd, 000250.300, 172
Trd, 000250.383, 172
Trd, 000250.483, 171
Trd, 000250.800, 173
Trd, 000250.867, 171
Trd, 000251.250, 183
Trd, 000252.017, 175
Trd, 000252.617, 175
Trd, 000253.783, 177
Trd, 000254.117, 176
Trd, 000254.667, 180
Trd, 000254.750, 182
Trd, 000255.000, 181
Trd, 000255.067, 180
Trd, 000255.150, 175
Trd, 000255.450, 182
Trd, 000256.017, 177
Trd, 000256.067, 173
Trd, 000256.600, 169
Trd, 000257.400, 176
Trd, 000257.833, 177
Trd, 000258.450, 178
Trd, 000258.867, 177
Trd, 000259.383, 179
Trd, 000260.083, 181
Trd, 000260.433, 184
Trd, 000260.950, 180
Trd, 000261.117, 178
Trd, 000261.333, 180
Trd, 000261.450, 184
Trd, 000261.750, 181
Trd, 000262.483, 181
Trd, 000262.833, 181
Trd, 000263.000, 182
Trd, 000264.150, 183
Trd, 000264.500, 182
Trd, 000264.717, 182
Trd, 000264.800, 181
Trd, 000264.933, 174
Trd, 000265.233, 181
Trd, 000265.733, 182
Trd, 000265.750, 182
Trd, 000265.933, 188
Trd, 000266.733, 181
Trd, 000268.000, 174
Trd, 000268.250, 172
Trd, 000269.417, 171
Trd, 000269.750, 172
Trd, 000270.100, 173
Trd, 000270.250, 179
Trd, 000270.500, 181
Trd, 000270.617, 182
Trd, 000271.067, 182
Trd, 000271.200, 178
Trd, 000271.267, 183
Trd, 000271.600, 189
Trd, 000273.333, 165
Trd, 000273.483, 164
Trd, 000273.583, 165
Trd, 000273.683, 166
Trd, 000274.083, 172
Trd, 000275.050, 185
Trd, 000275.417, 180
Trd, 000275.683, 188
Trd, 000276.317, 180
Trd, 000276.450, 187
Trd, 000276.700, 187
Trd, 000276.867, 185
Trd, 000277.267, 188
Trd, 000277.367, 189
Trd, 000279.550, 192
Trd, 000279.633, 190
Trd, 000280.100, 191
Trd, 000280.267, 191
Trd, 000280.467, 190
Trd, 000280.717, 189
Trd, 000280.933, 189
Trd, 000280.967, 183
Trd, 000282.267, 187
Trd, 000282.317, 185
Trd, 000282.417, 176
Trd, 000283.600, 172
Trd, 000283.900, 168
Trd, 000284.283, 161
Trd, 000285.200, 163
Trd, 000285.500, 168
Trd, 000285.600, 168
Trd, 000285.733, 169
Trd, 000285.967, 168
Trd, 000286.767, 165
Trd, 000286.783, 166
Trd, 000287.233, 181
Trd, 000287.683, 179
Trd, 000288.017, 178
Trd, 000288.067, 181
Trd, 000288.733, 170
Trd, 000288.767, 183
Trd, 000288.983, 182
Trd, 000290.750, 184
Trd, 000290.767, 173
Trd, 000291.117, 184
Trd, 000292.433, 177
Trd, 000292.600, 178
Trd, 000292.783, 164
Trd, 000293.600, 173
Trd, 000294.250, 169
Trd, 000295.017, 173
Trd, 000295.650, 172
Trd, 000295.833, 167
Trd, 000296.050, 172
Trd, 000296.467, 173
Trd, 000297.783, 184
Trd, 000298.567, 185
Trd, 000299.050, 187
Trd, 000299.117, 184
Trd, 000299.567, 188
Trd, 000299.817, 189
