Trd, 000000.433, 127
Trd, 000002.150, 179
Trd, 000002.200, 158
Trd, 000002.317, 113
Trd, 000003.083, 146
Trd, 000003.900, 143
Trd, 000003.917, 165
Trd, 000004.717, 147
Trd, 000004.883, 147
Trd, 000005.567, 143
Trd, 000005.600, 143
Trd, 000005.900, 141
Trd, 000007.300, 135
Trd, 000008.017, 140
Trd, 000008.167, 136
Trd, 000008.367, 141
Trd, 000008.383, 141
Trd, 000008.500, 142
Trd, 000009.417, 141
Trd, 000009.733, 137
Trd, 000010.017, 142
Trd, 000010.383, 143
Trd, 000010.467, 145
Trd, 000010.817, 145
Trd, 000011.850, 143
Trd, 000011.900, 144
Trd, 000012.167, 145
Trd, 000012.883, 156
Trd, 000012.933, 142
Trd, 000014.350, 150
Trd, 000014.950, 162
Trd, 000015.317, 154
Trd, 000016.333, 154
Trd, 000016.500, 167
Trd, 000017.383, 160
Trd, 000017.700, 174
Trd, 000019.033, 163
Trd, 000019.817, 158
Trd, 000020.083, 157
Trd, 000020.183, 163
Trd, 000022.467, 148
Trd, 000022.617, 142
Trd, 000022.650, 146
Trd, 000023.283, 144
Trd, 000024.033, 145
Trd, 000024.433, 144
Trd, 000024.917, 144
Trd, 000025.083, 145
Trd, 000025.250, 146
Trd, 000025.300, 146
Trd, 000025.550, 148
Trd, 000025.617, 143
Trd, 000026.483, 150
Trd, 000027.100, 147
Trd, 000027.667, 147
Trd, 000027.867, 147
Trd, 000028.267, 145
Trd, 000028.683, 146
Trd, 000028.883, 148
Trd, 000029.067, 145
Trd, 000030.250, 149
Trd, 000030.967, 144
Trd, 000032.050, 151
Trd, 000032.167, 175
Trd, 000032.650, 165
Trd, 000032.950, 158
Trd, 000034.317, 162
Trd, 000035.050, 162
Trd, 000035.100, 161
Trd, 000035.167, 162
Trd, 000036.150, 153
Trd, 000036.217, 149
Trd, 000036.450, 148
Trd, 000036.883, 143
Trd, 000037.317, 145
Trd, 000037.717, 147
Trd, 000037.800, 148
Trd, 000038.383, 148
Trd, 000038.533, 147
Trd, 000038.683, 147
Trd, 000039.700, 147
Trd, 000040.917, 146
Trd, 000041.433, 149
Trd, 000041.583, 152
Trd, 000042.017, 159
Trd, 000042.217, 145
Trd, 000042.567, 144
Trd, 000042.583, 138
Trd, 000043.050, 145
Trd, 000044.750, 138
Trd, 000045.067, 139
Trd, 000045.117, 140
Trd, 000045.733, 140
Trd, 000045.850, 142
Trd, 000046.200, 141
Trd, 000047.200, 141
Trd, 000047.600, 141
Trd, 000048.167, 143
Trd, 000048.900, 149
Trd, 000049.500, 146
Trd, 000049.850, 153
Trd, 000049.950, 159
Trd, 000050.283, 160
Trd, 000052.300, 159
Trd, 000053.717, 153
Trd, 000053.767, 156
Trd, 000053.900, 152
Trd, 000054.617, 151
Trd, 000054.950, 154
Trd, 000055.100, 150
Trd, 000055.317, 154
Trd, 000056.283, 153
Trd, 000057.033, 148
Trd, 000057.300, 154
Trd, 000057.950, 144
Trd, 000058.183, 155
Trd, 000058.283, 157
Trd, 000059.183, 152
Trd, 000059.433, 153
Trd, 000060.917, 153
Trd, 000061.633, 152
Trd, 000061.800, 153
Trd, 000061.883, 151
Trd, 000061.933, 148
Trd, 000062.567, 151
Trd, 000063.417, 152
Trd, 000064.033, 148
Trd, 000065.000, 150
Trd, 000065.650, 149
Trd, 000065.683, 153
Trd, 000065.933, 147
Trd, 000066.017, 154
Trd, 000066.467, 154
Trd, 000067.283, 155
Trd, 000067.883, 162
Trd, 000067.933, 149
Trd, 000068.033, 158
Trd, 000068.783, 167
Trd, 000069.283, 165
Trd, 000069.617, 164
Trd, 000070.717, 164
Trd, 000071.817, 163
Trd, 000071.917, 163
Trd, 000072.833, 150
Trd, 000073.183, 161
Trd, 000073.233, 161
Trd, 000073.250, 162
Trd, 000073.417, 157
Trd, 000074.333, 164
Trd, 000074.717, 163
Trd, 000074.983, 165
Trd, 000075.450, 150
Trd, 000075.583, 149
Trd, 000076.200, 154
Trd, 000076.383, 149
Trd, 000076.900, 155
Trd, 000077.267, 170
Trd, 000077.400, 158
Trd, 000079.000, 164
Trd, 000079.400, 152
Trd, 000079.450, 148
Trd, 000080.067, 154
Trd, 000080.267, 163
Trd, 000080.483, 164
Trd, 000082.850, 158
Trd, 000083.083, 163
Trd, 000083.983, 158
Trd, 000084.633, 156
Trd, 000084.750, 158
Trd, 000084.767, 159
Trd, 000085.683, 155
Trd, 000085.717, 157
Trd, 000086.917, 154
Trd, 000087.967, 154
Trd, 000087.983, 156
Trd, 000088.217, 157
Trd, 000088.950, 155
Trd, 000089.750, 153
Trd, 000089.917, 154
Trd, 000090.250, 151
Trd, 000091.133, 152
Trd, 000091.350, 150
Trd, 000091.600, 153
Trd, 000091.833, 164
Trd, 000092.183, 149
Trd, 000092.233, 180
Trd, 000092.583, 162
Trd, 000092.750, 150
Trd, 000093.233, 153
Trd, 000093.950, 150
Trd, 000094.667, 150
Trd, 000095.150, 150
Trd, 000095.633, 150
Trd, 000095.767, 156
Trd, 000095.933, 162
Trd, 000096.733, 152
Trd, 000097.250, 157
Trd, 000097.467, 163
Trd, 000098.200, 180
Trd, 000098.217, 154
Trd, 000100.183, 156
Trd, 000100.850, 158
Trd, 000101.200, 158
Trd, 000101.617, 157
Trd, 000102.283, 156
Trd, 000102.500, 155
Trd, 000102.667, 156
Trd, 000102.717, 158
Trd, 000102.800, 158
Trd, 000103.233, 163
Trd, 000103.917, 168
Trd, 000104.383, 154
Trd, 000105.033, 189
Trd, 000105.183, 165
Trd, 000106.300, 150
Trd, 000106.400, 154
Trd, 000107.100, 160
Trd, 000107.783, 159
Trd, 000107.817, 165
Trd, 000108.383, 169
Trd, 000108.617, 159
Trd, 000109.067, 158
Trd, 000110.150, 162
Trd, 000110.733, 158
Trd, 000111.067, 156
Trd, 000111.117, 157
Trd, 000111.750, 156
Trd, 000112.400, 155
Trd, 000112.750, 155
Trd, 000113.733, 164
Trd, 000114.083, 161
Trd, 000114.200, 153
Trd, 000114.567, 186
Trd, 000114.667, 199
Trd, 000115.367, 153
Trd, 000115.967, 170
Trd, 000116.567, 172
Trd, 000117.067, 172
Trd, 000117.217, 171
Trd, 000117.800, 168
Trd, 000118.283, 175
Trd, 000118.867, 174
Trd, 000119.117, 173
Trd, 000119.783, 167
Trd, 000120.000, 171
Trd, 000120.683, 170
Trd, 000121.400, 168
Trd, 000122.167, 158
Trd, 000122.317, 159
Trd, 000123.200, 155
Trd, 000123.550, 155
Trd, 000123.617, 156
Trd, 000123.767, 152
Trd, 000124.167, 160
Trd, 000124.700, 156
Trd, 000125.217, 156
Trd, 000125.233, 158
Trd, 000125.533, 156
Trd, 000127.033, 179
Trd, 000128.100, 174
Trd, 000128.450, 161
Trd, 000128.517, 178
Trd, 000128.733, 161
Trd, 000129.167, 178
Trd, 000129.833, 177
Trd, 000129.917, 184
Trd, 000130.250, 175
Trd, 000130.467, 171
Trd, 000130.933, 168
Trd, 000131.617, 161
Trd, 000132.233, 157
Trd, 000132.950, 157
Trd, 000133.533, 157
Trd, 000133.833, 158
Trd, 000134.200, 157
Trd, 000134.350, 158
Trd, 000134.683, 161
Trd, 000135.450, 157
Trd, 000136.633, 159
Trd, 000136.683, 156
Trd, 000137.400, 159
Trd, 000137.500, 158
Trd, 000137.550, 168
Trd, 000138.433, 157
Trd, 000138.833, 172
Trd, 000139.400, 166
Trd, 000139.433, 166
Trd, 000139.633, 158
Trd, 000139.650, 155
Trd, 000139.850, 154
Trd, 000140.367, 154
Trd, 000141.317, 153
Trd, 000141.350, 146
Trd, 000141.550, 155
Trd, 000141.900, 162
Trd, 000142.067, 158
Trd, 000142.950, 159
Trd, 000143.633, 160
Trd, 000143.650, 158
Trd, 000143.867, 158
Trd, 000144.733, 155
Trd, 000145.150, 157
Trd, 000145.767, 158
Trd, 000146.350, 162
Trd, 000146.533, 155
Trd, 000147.717, 169
Trd, 000148.117, 159
Trd, 000148.633, 173
Trd, 000149.017, 169
Trd, 000149.217, 165
Trd, 000149.600, 181
Trd, 000150.933, 171
Trd, 000151.150, 172
Trd, 000151.933, 170
Trd, 000152.317, 171
Trd, 000152.467, 170
Trd, 000152.550, 162
Trd, 000152.617, 172
Trd, 000153.000, 165
Trd, 000153.350, 157
Trd, 000154.300, 161
Trd, 000154.700, 160
Trd, 000154.967, 160
Trd, 000155.133, 158
Trd, 000155.283, 159
Trd, 000155.767, 157
Trd, 000156.050, 187
Trd, 000156.317, 202
Trd, 000157.033, 160
Trd, 000157.200, 163
Trd, 000157.583, 159
Trd, 000158.800, 160
Trd, 000159.567, 164
Trd, 000160.117, 164
Trd, 000160.167, 165
Trd, 000160.183, 161
Trd, 000160.200, 165
Trd, 000160.550, 159
Trd, 000161.567, 193
Trd, 000162.267, 170
Trd, 000163.250, 162
Trd, 000164.000, 164
Trd, 000164.217, 159
Trd, 000164.567, 165
Trd, 000165.200, 165
Trd, 000165.533, 171
Trd, 000166.000, 172
Trd, 000166.050, 164
Trd, 000167.033, 170
Trd, 000167.117, 171
Trd, 000167.917, 165
Trd, 000168.550, 184
Trd, 000169.100, 184
Trd, 000169.217, 174
Trd, 000169.667, 163
Trd, 000169.900, 161
Trd, 000170.350, 151
Trd, 000170.900, 152
Trd, 000170.917, 157
Trd, 000171.050, 154
Trd, 000172.967, 155
Trd, 000173.483, 156
Trd, 000173.600, 158
Trd, 000174.033, 158
Trd, 000174.767, 165
Trd, 000175.033, 159
Trd, 000175.433, 169
Trd, 000176.100, 165
Trd, 000177.617, 167
Trd, 000178.167, 165
Trd, 000178.383, 167
Trd, 000179.017, 164
Trd, 000179.150, 172
Trd, 000179.450, 172
Trd, 000179.567, 173
Trd, 000179.700, 163
Trd, 000180.283, 188
Trd, 000181.083, 165
Trd, 000181.717, 165
Trd, 000181.767, 166
Trd, 000182.400, 166
Trd, 000183.167, 173
Trd, 000183.333, 176
Trd, 000183.433, 171
Trd, 000183.467, 169
Trd, 000183.600, 168
Trd, 000184.517, 167
Trd, 000184.583, 165
Trd, 000184.717, 166
Trd, 000184.817, 162
Trd, 000186.250, 165
Trd, 000187.067, 159
Trd, 000187.900, 157
Trd, 000187.983, 153
Trd, 000188.517, 156
Trd, 000189.633, 154
Trd, 000189.700, 155
Trd, 000190.033, 155
Trd, 000190.733, 156
Trd, 000190.750, 160
Trd, 000190.817, 162
Trd, 000191.417, 167
Trd, 000191.617, 187
Trd, 000191.700, 163
Trd, 000191.850, 154
Trd, 000191.967, 153
Trd, 000193.717, 167
Trd, 000193.983, 168
Trd, 000194.100, 177
Trd, 000194.283, 166
Trd, 000194.617, 188
Trd, 000195.350, 166
Trd, 000196.383, 165
Trd, 000196.467, 167
Trd, 000196.733, 166
Trd, 000196.833, 169
Trd, 000197.217, 165
Trd, 000198.117, 171
Trd, 000199.700, 182
Trd, 000199.867, 174
Trd, 000199.967, 167
Trd, 000200.367, 178
Trd, 000200.767, 176
Trd, 000200.833, 162
Trd, 000201.383, 163
Trd, 000201.600, 177
Trd, 000201.917, 161
Trd, 000202.483, 160
Trd, 000202.717, 164
Trd, 000202.967, 172
Trd, 000203.583, 160
Trd, 000204.467, 161
Trd, 000204.700, 163
Trd, 000205.517, 174
Trd, 000205.550, 175
Trd, 000206.283, 179
Trd, 000206.850, 167
Trd, 000208.350, 172
Trd, 000208.483, 171
Trd, 000208.517, 169
Trd, 000208.933, 171
Trd, 000208.950, 172
Trd, 000209.867, 170
Trd, 000210.317, 190
Trd, 000210.683, 193
Trd, 000211.183, 169
Trd, 000211.550, 172
Trd, 000211.950, 167
Trd, 000212.433, 169
Trd, 000213.000, 169
Trd, 000213.683, 165
Trd, 000213.750, 161
Trd, 000214.050, 162
Trd, 000214.833, 160
Trd, 000215.000, 160
Trd, 000215.750, 134
Trd, 000216.167, 155
Trd, 000216.417, 150
Trd, 000217.133, 151
Trd, 000217.383, 163
Trd, 000217.800, 166
Trd, 000218.067, 170
Trd, 000218.567, 154
Trd, 000218.767, 165
Trd, 000220.883, 163
Trd, 000221.250, 162
Trd, 000221.417, 162
Trd, 000221.717, 165
Trd, 000221.983, 159
Trd, 000222.783, 163
Trd, 000223.367, 165
Trd, 000224.500, 161
Trd, 000225.217, 164
Trd, 000225.717, 164
Trd, 000226.183, 162
Trd, 000226.400, 161
Trd, 000227.717, 165
Trd, 000228.433, 160
Trd, 000229.500, 160
Trd, 000229.600, 161
Trd, 000229.650, 159
Trd, 000230.333, 161
Trd, 000230.867, 161
Trd, 000231.050, 163
Trd, 000231.450, 167
Trd, 000231.950, 171
Trd, 000232.300, 163
Trd, 000232.767, 162
Trd, 000232.967, 164
Trd, 000233.183, 165
Trd, 000233.250, 169
Trd, 000234.233, 165
Trd, 000234.550, 164
Trd, 000234.700, 169
Trd, 000235.233, 164
Trd, 000235.950, 165
Trd, 000237.133, 165
Trd, 000237.350, 167
Trd, 000237.650, 195
Trd, 000239.300, 169
Trd, 000239.417, 166
Trd, 000239.717, 167
Trd, 000239.967, 165
Trd, 000240.050, 164
Trd, 000240.200, 163
Trd, 000240.333, 169
Trd, 000240.467, 171
Trd, 000240.667, 164
Trd, 000241.500, 172
Trd, 000242.200, 179
Trd, 000242.550, 171
Trd, 000243.000, 173
Trd, 000243.150, 170
Trd, 000243.417, 171
Trd, 000243.433, 172
Trd, 000243.533, 169
Trd, 000243.750, 165
Trd, 000243.883, 181
Trd, 000244.300, 161
Trd, 000244.850, 169
Trd, 000245.700, 167
Trd, 000246.467, 168
Trd, 000246.517, 166
Trd, 000247.233, 167
Trd, 000247.317, 166
Trd, 000247.700, 167
Trd, 000248.083, 168
Trd, 000248.467, 168
Trd, 000248.783, 168
Trd, 000249.117, 168
Trd, 000249.233, 169
Trd, 000249.850, 167
Trd, 000250.017, 169
Trd, 000251.617, 173
Trd, 000251.917, 174
Trd, 000252.317, 176
Trd, 000252.933, 182
Trd, 000253.050, 173
Trd, 000253.100, 183
Trd, 000253.783, 192
Trd, 000254.100, 180
Trd, 000254.500, 178
Trd, 000254.917, 183
Trd, 000255.100, 173
Trd, 000255.317, 172
Trd, 000256.283, 175
Trd, 000256.400, 175
Trd, 000256.750, 177
Trd, 000257.333, 185
Trd, 000257.367, 180
Trd, 000258.617, 186
Trd, 000258.883, 183
Trd, 000258.933, 187
Trd, 000259.267, 181
Trd, 000259.283, 185
Trd, 000259.317, 181
Trd, 000260.050, 184
Trd, 000260.467, 184
Trd, 000260.567, 184
Trd, 000261.150, 188
Trd, 000261.517, 173
Trd, 000262.050, 194
Trd, 000262.633, 189
Trd, 000262.750, 189
Trd, 000263.283, 192
Trd, 000263.533, 200
Trd, 000263.867, 188
Trd, 000265.567, 185
Trd, 000266.183, 184
Trd, 000266.200, 182
Trd, 000266.450, 171
Trd, 000267.183, 183
Trd, 000267.383, 181
Trd, 000268.167, 176
Trd, 000268.267, 177
Trd, 000268.767, 175
Trd, 000269.183, 178
Trd, 000269.367, 174
Trd, 000269.683, 178
Trd, 000270.767, 177
Trd, 000271.033, 177
Trd, 000271.467, 175
Trd, 000271.750, 181
Trd, 000271.983, 175
Trd, 000272.350, 181
Trd, 000273.000, 173
Trd, 000273.383, 173
Trd, 000273.567, 174
Trd, 000273.883, 167
Trd, 000275.717, 173
Trd, 000275.767, 173
Trd, 000276.000, 174
Trd, 000276.083, 175
Trd, 000276.233, 185
Trd, 000277.117, 185
Trd, 000277.267, 195
Trd, 000277.350, 174
Trd, 000277.900, 168
Trd, 000278.267, 172
Trd, 000278.600, 195
Trd, 000279.150, 172
Trd, 000279.433, 190
Trd, 000280.100, 189
Trd, 000280.150, 176
Trd, 000281.000, 183
Trd, 000281.717, 176
Trd, 000282.000, 176
Trd, 000282.250, 176
Trd, 000282.333, 177
Trd, 000282.983, 180
Trd, 000283.067, 183
Trd, 000283.583, 182
Trd, 000283.817, 185
Trd, 000283.917, 186
Trd, 000284.850, 196
Trd, 000285.050, 188
Trd, 000285.133, 186
Trd, 000285.783, 183
Trd, 000285.900, 175
Trd, 000286.450, 176
Trd, 000286.750, 186
Trd, 000287.317, 174
Trd, 000287.567, 172
Trd, 000288.500, 181
Trd, 000288.583, 183
Trd, 000288.783, 182
Trd, 000289.467, 169
Trd, 000289.883, 165
Trd, 000290.250, 180
Trd, 000290.767, 176
Trd, 000290.900, 171
Trd, 000290.917, 166
Trd, 000291.050, 177
Trd, 000291.433, 178
Trd, 000291.850, 184
Trd, 000292.117, 183
Trd, 000292.933, 187
Trd, 000293.600, 197
Trd, 000293.717, 198
Trd, 000294.267, 187
Trd, 000294.817, 188
Trd, 000294.867, 199
Trd, 000295.067, 189
Trd, 000295.350, 201
Trd, 000295.600, 184
Trd, 000295.733, 191
Trd, 000296.550, 178
Trd, 000296.600, 170
Trd, 000296.617, 181
Trd, 000296.800, 178
Trd, 000297.017, 168
Trd, 000297.867, 175
Trd, 000298.217, 170
Trd, 000299.033, 169
Trd, 000299.233, 169
Trd, 000299.667, 165
Trd, 000299.717, 168
Trd, 000299.900, 168
