Trd, 000001.700, 132
Trd, 000002.550, 141
Trd, 000003.283, 157
Trd, 000004.867, 142
Trd, 000005.167, 142
Trd, 000005.283, 152
Trd, 000006.017, 155
Trd, 000006.100, 159
Trd, 000006.217, 162
Trd, 000006.567, 142
Trd, 000006.983, 150
Trd, 000007.850, 146
Trd, 000009.017, 145
Trd, 000009.050, 146
Trd, 000009.350, 147
Trd, 000009.433, 149
Trd, 000009.783, 148
Trd, 000011.183, 144
Trd, 000011.233, 146
Trd, 000011.283, 147
Trd, 000011.550, 149
Trd, 000011.867, 144
Trd, 000012.100, 158
Trd, 000012.200, 159
Trd, 000012.400, 163
Trd, 000012.700, 154
Trd, 000013.533, 175
Trd, 000015.300, 166
Trd, 000015.750, 175
Trd, 000017.250, 169
Trd, 000017.383, 160
Trd, 000017.583, 156
Trd, 000018.150, 153
Trd, 000018.900, 168
Trd, 000019.200, 163
Trd, 000020.150, 162
Trd, 000020.300, 163
Trd, 000021.250, 161
Trd, 000021.450, 161
Trd, 000021.933, 161
Trd, 000022.200, 161
Trd, 000022.983, 174
Trd, 000023.467, 162
Trd, 000024.450, 167
Trd, 000024.733, 163
Trd, 000024.800, 160
Trd, 000025.800, 169
Trd, 000025.950, 170
Trd, 000026.300, 160
Trd, 000028.983, 164
Trd, 000029.150, 161
Trd, 000029.483, 165
Trd, 000030.750, 161
Trd, 000031.500, 158
Trd, 000031.517, 160
Trd, 000031.717, 160
Trd, 000033.383, 157
Trd, 000033.650, 158
Trd, 000033.967, 158
Trd, 000034.150, 155
Trd, 000034.417, 161
Trd, 000035.550, 157
Trd, 000036.033, 157
Trd, 000036.300, 159
Trd, 000036.350, 159
Trd, 000036.533, 155
Trd, 000037.283, 176
Trd, 000037.900, 164
Trd, 000038.867, 166
Trd, 000039.517, 164
Trd, 000039.783, 164
Trd, 000040.067, 166
Trd, 000040.600, 164
Trd, 000040.967, 164
Trd, 000042.033, 162
Trd, 000042.117, 163
Trd, 000042.367, 165
Trd, 000043.033, 163
Trd, 000043.767, 162
Trd, 000045.517, 157
Trd, 000045.667, 157
Trd, 000045.867, 157
Trd, 000046.017, 156
Trd, 000046.167, 155
Trd, 000046.667, 156
Trd, 000047.800, 156
Trd, 000047.867, 147
Trd, 000048.033, 143
Trd, 000048.367, 156
Trd, 000048.950, 157
Trd, 000048.967, 162
Trd, 000049.200, 140
Trd, 000050.233, 152
Trd, 000050.383, 155
Trd, 000050.417, 155
Trd, 000050.450, 156
Trd, 000050.867, 157
Trd, 000050.967, 148
Trd, 000052.683, 153
Trd, 000052.750, 151
Trd, 000053.217, 148
Trd, 000053.417, 153
Trd, 000054.233, 154
Trd, 000054.517, 154
Trd, 000055.017, 154
Trd, 000055.283, 163
Trd, 000057.450, 154
Trd, 000057.667, 155
Trd, 000058.867, 151
Trd, 000058.967, 153
Trd, 000059.467, 154
Trd, 000059.717, 154
Trd, 000059.767, 154
Trd, 000060.400, 155
Trd, 000060.933, 155
Trd, 000061.333, 155
Trd, 000061.400, 153
Trd, 000061.483, 155
Trd, 000061.983, 163
Trd, 000062.917, 163
Trd, 000063.517, 159
Trd, 000063.800, 157
Trd, 000064.400, 159
Trd, 000064.700, 150
Trd, 000065.067, 154
Trd, 000065.733, 155
Trd, 000066.017, 155
Trd, 000067.100, 153
Trd, 000068.317, 155
Trd, 000069.650, 154
Trd, 000069.700, 154
Trd, 000069.817, 155
Trd, 000069.883, 153
Trd, 000070.150, 155
Trd, 000070.483, 155
Trd, 000071.200, 158
Trd, 000071.333, 151
Trd, 000071.467, 164
Trd, 000071.733, 165
Trd, 000072.033, 180
Trd, 000072.117, 182
Trd, 000072.783, 158
Trd, 000073.200, 168
Trd, 000073.983, 162
Trd, 000074.233, 161
Trd, 000075.683, 160
Trd, 000075.733, 161
Trd, 000076.167, 160
Trd, 000076.350, 161
Trd, 000076.383, 159
Trd, 000077.350, 161
Trd, 000077.383, 163
Trd, 000077.517, 162
Trd, 000078.333, 161
Trd, 000078.917, 164
Trd, 000079.400, 158
Trd, 000080.550, 162
Trd, 000080.817, 159
Trd, 000081.450, 158
Trd, 000082.033, 156
Trd, 000082.650, 155
Trd, 000083.200, 154
Trd, 000083.433, 151
Trd, 000083.933, 153
Trd, 000084.450, 154
Trd, 000085.550, 155
Trd, 000085.833, 149
Trd, 000086.717, 150
Trd, 000087.450, 151
Trd, 000088.250, 152
Trd, 000088.617, 152
Trd, 000088.800, 154
Trd, 000088.950, 150
Trd, 000089.750, 166
Trd, 000090.033, 157
Trd, 000090.167, 159
Trd, 000091.067, 160
Trd, 000091.483, 165
Trd, 000091.600, 166
Trd, 000092.900, 153
Trd, 000093.100, 161
Trd, 000093.700, 160
Trd, 000093.817, 160
Trd, 000093.983, 160
Trd, 000095.183, 162
Trd, 000096.267, 160
Trd, 000097.783, 158
Trd, 000098.267, 161
Trd, 000098.583, 162
Trd, 000099.267, 158
Trd, 000099.483, 154
Trd, 000099.517, 158
Trd, 000099.733, 152
Trd, 000099.783, 160
Trd, 000101.133, 160
Trd, 000101.533, 161
Trd, 000101.867, 168
Trd, 000103.317, 163
Trd, 000103.800, 162
Trd, 000104.283, 163
Trd, 000104.600, 161
Trd, 000105.100, 161
Trd, 000105.150, 162
Trd, 000105.917, 163
Trd, 000106.967, 163
Trd, 000107.933, 162
Trd, 000108.200, 161
Trd, 000108.850, 162
Trd, 000109.183, 161
Trd, 000109.367, 159
Trd, 000109.483, 162
Trd, 000109.550, 163
Trd, 000109.717, 164
Trd, 000110.533, 169
Trd, 000112.483, 180
Trd, 000112.750, 181
Trd, 000112.917, 179
Trd, 000113.100, 178
Trd, 000113.967, 169
Trd, 000114.283, 172
Trd, 000114.767, 172
Trd, 000115.067, 171
Trd, 000115.500, 166
Trd, 000116.400, 175
Trd, 000117.867, 165
Trd, 000117.900, 162
Trd, 000117.967, 171
Trd, 000118.567, 170
Trd, 000118.967, 170
Trd, 000119.200, 156
Trd, 000119.400, 170
Trd, 000120.000, 170
Trd, 000120.183, 163
Trd, 000120.250, 171
Trd, 000122.050, 169
Trd, 000122.100, 170
Trd, 000122.550, 170
Trd, 000122.983, 171
Trd, 000124.050, 168
Trd, 000124.300, 162
Trd, 000124.483, 158
Trd, 000125.717, 162
Trd, 000125.933, 159
Trd, 000126.033, 161
Trd, 000126.183, 158
Trd, 000126.517, 155
Trd, 000127.117, 162
Trd, 000127.183, 165
Trd, 000128.500, 163
Trd, 000129.517, 164
Trd, 000129.717, 164
Trd, 000129.833, 164
Trd, 000130.267, 170
Trd, 000130.400, 171
Trd, 000130.533, 175
Trd, 000130.767, 188
Trd, 000130.983, 156
Trd, 000131.033, 180
Trd, 000132.517, 161
Trd, 000132.633, 162
Trd, 000133.133, 162
Trd, 000133.683, 169
Trd, 000134.417, 170
Trd, 000135.117, 166
Trd, 000135.267, 163
Trd, 000135.617, 164
Trd, 000136.667, 157
Trd, 000137.033, 164
Trd, 000137.267, 161
Trd, 000137.417, 165
Trd, 000138.033, 163
Trd, 000138.650, 160
Trd, 000138.767, 163
Trd, 000139.450, 163
Trd, 000139.717, 158
Trd, 000140.583, 163
Trd, 000141.183, 163
Trd, 000141.300, 164
Trd, 000141.883, 164
Trd, 000142.533, 160
Trd, 000143.683, 160
Trd, 000144.200, 161
Trd, 000144.483, 159
Trd, 000144.867, 162
Trd, 000145.450, 159
Trd, 000146.583, 160
Trd, 000146.867, 158
Trd, 000147.783, 157
Trd, 000147.800, 161
Trd, 000148.300, 160
Trd, 000148.867, 157
Trd, 000149.367, 157
Trd, 000149.433, 158
Trd, 000149.600, 160
Trd, 000149.883, 158
Trd, 000150.133, 163
Trd, 000150.733, 173
Trd, 000151.283, 173
Trd, 000152.033, 156
Trd, 000153.567, 163
Trd, 000153.683, 164
Trd, 000154.183, 163
Trd, 000154.200, 165
Trd, 000154.667, 164
Trd, 000154.750, 163
Trd, 000155.100, 163
Trd, 000155.233, 164
Trd, 000156.333, 163
Trd, 000157.083, 165
Trd, 000157.700, 167
Trd, 000159.417, 167
Trd, 000160.050, 167
Trd, 000160.167, 166
Trd, 000160.417, 167
Trd, 000160.450, 166
Trd, 000160.600, 169
Trd, 000160.867, 169
Trd, 000160.933, 171
Trd, 000161.233, 162
Trd, 000162.250, 161
Trd, 000162.383, 159
Trd, 000162.917, 167
Trd, 000163.267, 166
Trd, 000163.317, 146
Trd, 000163.717, 168
Trd, 000163.950, 174
Trd, 000164.767, 146
Trd, 000165.567, 168
Trd, 000166.150, 167
Trd, 000166.583, 168
Trd, 000167.000, 168
Trd, 000167.183, 197
Trd, 000167.650, 190
Trd, 000167.750, 168
Trd, 000169.050, 175
Trd, 000169.267, 175
Trd, 000170.133, 173
Trd, 000170.350, 173
Trd, 000170.633, 174
Trd, 000170.783, 175
Trd, 000170.867, 172
Trd, 000173.133, 167
Trd, 000173.683, 168
Trd, 000174.300, 169
Trd, 000174.717, 183
Trd, 000175.167, 170
Trd, 000175.400, 168
Trd, 000175.683, 171
Trd, 000176.350, 164
Trd, 000176.700, 163
Trd, 000176.783, 161
Trd, 000177.000, 164
Trd, 000177.217, 167
Trd, 000177.467, 164
Trd, 000177.733, 163
Trd, 000178.483, 179
Trd, 000178.800, 177
Trd, 000179.183, 190
Trd, 000180.050, 176
Trd, 000181.167, 173
Trd, 000181.600, 173
Trd, 000181.650, 174
Trd, 000181.750, 169
Trd, 000182.467, 169
Trd, 000182.583, 175
Trd, 000182.667, 176
Trd, 000183.017, 165
Trd, 000183.383, 174
Trd, 000183.733, 175
Trd, 000184.100, 165
Trd, 000185.150, 165
Trd, 000185.683, 164
Trd, 000185.817, 167
Trd, 000186.167, 170
Trd, 000186.683, 170
Trd, 000186.933, 180
Trd, 000188.933, 173
Trd, 000189.683, 173
Trd, 000189.717, 163
Trd, 000189.750, 175
Trd, 000189.767, 175
Trd, 000190.467, 177
Trd, 000191.017, 171
Trd, 000191.383, 170
Trd, 000192.317, 177
Trd, 000192.950, 177
Trd, 000193.167, 178
Trd, 000193.583, 192
Trd, 000195.133, 191
Trd, 000195.500, 189
Trd, 000195.783, 188
Trd, 000195.817, 190
Trd, 000195.933, 191
Trd, 000196.050, 175
Trd, 000196.383, 176
Trd, 000197.983, 171
Trd, 000198.233, 177
Trd, 000199.117, 182
Trd, 000199.567, 178
Trd, 000200.333, 176
Trd, 000201.350, 182
Trd, 000202.267, 178
Trd, 000202.850, 178
Trd, 000203.200, 177
Trd, 000203.233, 178
Trd, 000203.533, 176
Trd, 000203.567, 171
Trd, 000204.067, 177
Trd, 000204.817, 164
Trd, 000206.500, 174
Trd, 000207.100, 175
Trd, 000207.200, 174
Trd, 000207.450, 172
Trd, 000207.717, 172
Trd, 000208.933, 174
Trd, 000209.283, 171
Trd, 000209.300, 175
Trd, 000210.200, 163
Trd, 000210.400, 172
Trd, 000211.000, 169
Trd, 000211.983, 169
Trd, 000212.967, 166
Trd, 000213.100, 167
Trd, 000213.133, 167
Trd, 000213.767, 166
Trd, 000213.800, 167
Trd, 000214.817, 170
Trd, 000215.717, 168
Trd, 000215.950, 167
Trd, 000216.050, 166
Trd, 000216.383, 165
Trd, 000216.417, 169
Trd, 000216.933, 170
Trd, 000217.250, 179
Trd, 000217.300, 183
Trd, 000217.400, 155
Trd, 000218.083, 173
Trd, 000218.867, 190
Trd, 000218.900, 177
Trd, 000221.200, 174
Trd, 000222.267, 174
Trd, 000222.333, 175
Trd, 000222.667, 173
Trd, 000222.850, 165
Trd, 000224.000, 172
Trd, 000224.117, 173
Trd, 000225.250, 167
Trd, 000225.633, 167
Trd, 000225.833, 169
Trd, 000225.900, 170
Trd, 000226.500, 166
Trd, 000227.050, 170
Trd, 000227.150, 171
Trd, 000228.017, 170
Trd, 000228.117, 172
Trd, 000228.700, 179
Trd, 000228.750, 180
Trd, 000229.100, 188
Trd, 000229.167, 203
Trd, 000229.733, 188
Trd, 000229.767, 187
Trd, 000231.100, 179
Trd, 000231.500, 173
Trd, 000231.717, 166
Trd, 000232.000, 179
Trd, 000232.367, 177
Trd, 000232.617, 179
Trd, 000232.967, 176
Trd, 000235.100, 166
Trd, 000235.233, 157
Trd, 000235.617, 157
Trd, 000236.200, 158
Trd, 000236.417, 157
Trd, 000236.867, 157
Trd, 000237.133, 158
Trd, 000238.617, 165
Trd, 000239.300, 164
Trd, 000239.600, 162
Trd, 000240.217, 162
Trd, 000240.283, 161
Trd, 000240.467, 164
Trd, 000240.483, 166
Trd, 000240.967, 171
Trd, 000241.350, 169
Trd, 000241.417, 172
Trd, 000241.450, 179
Trd, 000242.367, 167
Trd, 000242.683, 177
Trd, 000242.700, 182
Trd, 000243.283, 176
Trd, 000243.650, 175
Trd, 000243.883, 176
Trd, 000243.917, 175
Trd, 000244.433, 174
Trd, 000244.483, 176
Trd, 000245.200, 168
Trd, 000245.683, 168
Trd, 000246.083, 164
Trd, 000246.400, 165
Trd, 000246.583, 167
Trd, 000247.383, 169
Trd, 000247.550, 180
Trd, 000247.900, 182
Trd, 000248.400, 176
Trd, 000248.617, 176
Trd, 000248.667, 177
Trd, 000249.250, 169
Trd, 000249.900, 170
Trd, 000250.283, 172
Trd, 000250.733, 172
Trd, 000250.833, 171
Trd, 000251.033, 170
Trd, 000251.717, 169
Trd, 000252.650, 169
Trd, 000253.333, 166
Trd, 000253.400, 168
Trd, 000253.783, 166
Trd, 000254.083, 167
Trd, 000254.317, 168
Trd, 000254.733, 168
Trd, 000255.217, 167
Trd, 000255.550, 166
Trd, 000255.867, 165
Trd, 000255.917, 168
Trd, 000256.933, 167
Trd, 000257.617, 167
Trd, 000257.783, 169
Trd, 000258.433, 175
Trd, 000258.900, 179
Trd, 000258.983, 180
Trd, 000259.033, 181
Trd, 000260.367, 172
Trd, 000260.500, 170
Trd, 000261.117, 170
Trd, 000261.617, 170
Trd, 000261.667, 174
Trd, 000261.767, 173
Trd, 000262.200, 158
Trd, 000262.400, 169
Trd, 000262.733, 168
Trd, 000263.000, 169
Trd, 000263.283, 167
Trd, 000263.450, 166
Trd, 000264.050, 167
Trd, 000264.267, 170
Trd, 000264.600, 164
Trd, 000264.900, 168
Trd, 000264.950, 169
Trd, 000265.517, 179
Trd, 000266.233, 181
Trd, 000266.350, 183
Trd, 000266.483, 182
Trd, 000267.117, 182
Trd, 000267.600, 179
Trd, 000268.217, 182
Trd, 000268.367, 182
Trd, 000269.033, 189
Trd, 000269.617, 189
Trd, 000270.667, 182
Trd, 000271.567, 177
Trd, 000271.683, 178
Trd, 000271.917, 182
Trd, 000271.983, 180
Trd, 000272.150, 178
Trd, 000272.233, 177
Trd, 000272.667, 177
Trd, 000273.117, 181
Trd, 000273.250, 180
Trd, 000273.300, 181
Trd, 000273.717, 178
Trd, 000274.217, 170
Trd, 000274.317, 173
Trd, 000274.633, 178
Trd, 000274.933, 171
Trd, 000275.083, 172
Trd, 000275.617, 201
Trd, 000275.717, 185
Trd, 000276.483, 179
Trd, 000276.633, 180
Trd, 000276.733, 186
Trd, 000276.833, 196
Trd, 000277.467, 184
Trd, 000277.600, 170
Trd, 000278.067, 170
Trd, 000278.367, 184
Trd, 000278.583, 169
Trd, 000279.133, 183
Trd, 000279.267, 174
Trd, 000279.383, 157
Trd, 000279.883, 161
Trd, 000280.083, 156
Trd, 000280.683, 163
Trd, 000281.633, 164
Trd, 000282.383, 167
Trd, 000282.450, 164
Trd, 000283.367, 167
Trd, 000283.517, 169
Trd, 000283.867, 164
Trd, 000283.900, 172
Trd, 000284.083, 176
Trd, 000284.217, 190
Trd, 000284.733, 171
Trd, 000285.133, 176
Trd, 000285.350, 174
Trd, 000285.433, 175
Trd, 000285.717, 178
Trd, 000286.250, 184
Trd, 000286.467, 187
Trd, 000287.033, 172
Trd, 000287.217, 171
Trd, 000287.667, 180
Trd, 000287.883, 184
Trd, 000289.350, 175
Trd, 000289.950, 172
Trd, 000290.050, 171
Trd, 000290.783, 171
Trd, 000291.117, 171
Trd, 000291.217, 172
Trd, 000291.433, 173
Trd, 000291.850, 172
Trd, 000291.967, 173
Trd, 000292.400, 169
Trd, 000292.650, 170
Trd, 000292.700, 173
Trd, 000293.033, 177
Trd, 000293.283, 173
Trd, 000293.717, 183
Trd, 000293.817, 191
Trd, 000294.017, 179
Trd, 000295.467, 179
Trd, 000295.700, 179
Trd, 000295.800, 172
Trd, 000296.100, 181
Trd, 000296.450, 178
Trd, 000296.967, 171
Trd, 000297.450, 174
Trd, 000297.583, 174
Trd, 000297.667, 176
Trd, 000297.767, 178
Trd, 000298.783, 178
Trd, 000299.017, 177
Trd, 000299.967, 177
