Trd, 000001.350, 124
Trd, 000002.000, 155
Trd, 000002.133, 172
Trd, 000002.367, 144
Trd, 000004.200, 154
Trd, 000005.467, 166
Trd, 000005.933, 166
Trd, 000006.767, 165
Trd, 000007.000, 166
Trd, 000007.017, 165
Trd, 000007.117, 149
Trd, 000007.350, 127
Trd, 000007.967, 143
Trd, 000008.800, 149
Trd, 000008.983, 156
Trd, 000009.467, 157
Trd, 000010.250, 159
Trd, 000010.783, 154
Trd, 000010.933, 157
Trd, 000011.450, 148
Trd, 000012.617, 153
Trd, 000012.867, 145
Trd, 000013.783, 145
Trd, 000014.150, 148
Trd, 000015.300, 146
Trd, 000015.317, 149
Trd, 000015.717, 166
Trd, 000017.167, 157
Trd, 000017.250, 153
Trd, 000018.333, 156
Trd, 000018.733, 155
Trd, 000019.183, 155
Trd, 000019.650, 154
Trd, 000019.683, 156
Trd, 000019.883, 155
Trd, 000021.283, 165
Trd, 000021.383, 155
Trd, 000023.133, 150
Trd, 000023.533, 157
Trd, 000024.133, 153
Trd, 000024.767, 155
Trd, 000025.000, 154
Trd, 000025.133, 159
Trd, 000025.500, 155
Trd, 000026.400, 148
Trd, 000027.050, 182
Trd, 000027.217, 181
Trd, 000027.567, 176
Trd, 000027.683, 181
Trd, 000027.850, 151
Trd, 000028.283, 182
Trd, 000030.183, 157
Trd, 000031.300, 158
Trd, 000031.733, 162
Trd, 000032.117, 161
Trd, 000033.850, 160
Trd, 000034.200, 156
Trd, 000034.267, 154
Trd, 000034.600, 157
Trd, 000034.783, 151
Trd, 000034.883, 152
Trd, 000035.250, 149
Trd, 000035.317, 147
Trd, 000035.500, 154
Trd, 000037.050, 138
Trd, 000037.517, 135
Trd, 000037.867, 142
Trd, 000037.967, 143
Trd, 000038.117, 152
Trd, 000038.217, 135
Trd, 000038.417, 159
Trd, 000040.117, 137
Trd, 000040.183, 151
Trd, 000040.300, 151
Trd, 000040.450, 149
Trd, 000041.400, 162
Trd, 000042.900, 147
Trd, 000043.700, 178
Trd, 000044.150, 177
Trd, 000045.283, 176
Trd, 000045.433, 165
Trd, 000045.617, 176
Trd, 000046.383, 158
Trd, 000046.400, 152
Trd, 000046.783, 155
Trd, 000046.867, 156
Trd, 000046.983, 159
Trd, 000047.017, 160
Trd, 000048.017, 180
Trd, 000048.233, 152
Trd, 000048.500, 177
Trd, 000049.183, 167
Trd, 000049.417, 167
Trd, 000049.700, 166
Trd, 000050.183, 166
Trd, 000050.467, 162
Trd, 000050.750, 171
Trd, 000051.317, 171
Trd, 000053.100, 179
Trd, 000053.867, 177
Trd, 000054.233, 177
Trd, 000055.600, 168
Trd, 000055.733, 149
Trd, 000056.133, 169
Trd, 000056.667, 173
Trd, 000057.150, 169
Trd, 000058.417, 166
Trd, 000058.783, 164
Trd, 000058.833, 163
Trd, 000058.950, 163
Trd, 000059.017, 154
Trd, 000059.783, 168
Trd, 000060.000, 181
Trd, 000060.817, 147
Trd, 000061.733, 169
Trd, 000062.133, 170
Trd, 000063.333, 180
Trd, 000063.483, 178
Trd, 000063.967, 180
Trd, 000064.400, 179
Trd, 000064.767, 177
Trd, 000065.050, 154
Trd, 000065.133, 153
Trd, 000065.233, 162
Trd, 000065.517, 150
Trd, 000066.050, 157
Trd, 000067.000, 155
Trd, 000067.517, 179
Trd, 000068.450, 157
Trd, 000068.767, 166
Trd, 000069.083, 151
Trd, 000069.383, 167
Trd, 000069.933, 142
Trd, 000070.050, 140
Trd, 000070.217, 137
Trd, 000071.250, 150
Trd, 000071.617, 146
Trd, 000072.367, 147
Trd, 000072.383, 151
Trd, 000072.483, 162
Trd, 000072.633, 152
Trd, 000072.717, 162
Trd, 000073.600, 146
Trd, 000075.117, 156
Trd, 000076.117, 160
Trd, 000076.483, 157
Trd, 000076.683, 161
Trd, 000077.150, 156
Trd, 000077.417, 155
Trd, 000078.000, 160
Trd, 000078.350, 160
Trd, 000079.233, 161
Trd, 000079.250, 159
Trd, 000079.467, 170
Trd, 000080.400, 169
Trd, 000080.683, 170
Trd, 000082.083, 153
Trd, 000082.850, 170
Trd, 000083.467, 176
Trd, 000084.633, 168
Trd, 000084.733, 156
Trd, 000085.633, 171
Trd, 000085.800, 164
Trd, 000086.183, 162
Trd, 000087.700, 157
Trd, 000088.067, 153
Trd, 000088.867, 157
Trd, 000089.000, 163
Trd, 000089.733, 143
Trd, 000089.867, 142
Trd, 000091.200, 150
Trd, 000091.267, 151
Trd, 000091.517, 150
Trd, 000091.700, 151
Trd, 000091.900, 151
Trd, 000092.300, 151
Trd, 000092.350, 157
Trd, 000092.400, 164
Trd, 000093.600, 167
Trd, 000093.817, 158
Trd, 000094.000, 154
Trd, 000094.433, 155
Trd, 000094.650, 156
Trd, 000095.333, 156
Trd, 000095.633, 154
Trd, 000097.150, 178
Trd, 000097.517, 177
Trd, 000097.917, 170
Trd, 000098.100, 182
Trd, 000098.750, 171
Trd, 000099.350, 176
Trd, 000099.967, 168
Trd, 000100.350, 177
Trd, 000101.367, 161
Trd, 000101.417, 161
Trd, 000101.633, 164
Trd, 000102.333, 158
Trd, 000102.533, 164
Trd, 000102.600, 153
Trd, 000103.633, 164
Trd, 000105.417, 158
Trd, 000105.450, 158
Trd, 000105.967, 160
Trd, 000106.917, 159
Trd, 000107.050, 159
Trd, 000107.933, 159
Trd, 000109.033, 158
Trd, 000109.083, 158
Trd, 000109.317, 161
Trd, 000109.400, 162
Trd, 000110.133, 166
Trd, 000110.167, 156
Trd, 000110.783, 156
Trd, 000111.317, 160
Trd, 000111.450, 161
Trd, 000112.100, 155
Trd, 000113.033, 162
Trd, 000113.117, 190
Trd, 000113.200, 168
Trd, 000114.400, 161
Trd, 000114.767, 164
Trd, 000115.633, 160
Trd, 000115.650, 163
Trd, 000115.900, 159
Trd, 000116.267, 164
Trd, 000117.117, 173
Trd, 000117.383, 167
Trd, 000117.950, 162
Trd, 000118.167, 186
Trd, 000118.317, 160
Trd, 000118.517, 189
Trd, 000118.600, 155
Trd, 000119.733, 165
Trd, 000120.483, 166
Trd, 000121.167, 165
Trd, 000122.400, 166
Trd, 000122.767, 164
Trd, 000123.300, 157
Trd, 000123.583, 171
Trd, 000124.017, 159
Trd, 000124.733, 167
Trd, 000125.067, 167
Trd, 000125.250, 186
Trd, 000125.850, 160
Trd, 000126.250, 168
Trd, 000127.083, 168
Trd, 000127.200, 192
Trd, 000127.550, 185
Trd, 000128.050, 174
Trd, 000128.633, 175
Trd, 000129.550, 174
Trd, 000130.050, 178
Trd, 000130.550, 173
Trd, 000130.683, 181
Trd, 000130.817, 164
Trd, 000131.450, 161
Trd, 000131.750, 158
Trd, 000131.983, 157
Trd, 000132.617, 164
Trd, 000134.017, 147
Trd, 000134.067, 173
Trd, 000134.783, 163
Trd, 000135.333, 166
Trd, 000135.500, 157
Trd, 000135.850, 162
Trd, 000135.950, 167
Trd, 000136.633, 168
Trd, 000137.383, 165
Trd, 000137.867, 161
Trd, 000138.717, 162
Trd, 000139.250, 158
Trd, 000139.400, 164
Trd, 000139.433, 147
Trd, 000139.717, 163
Trd, 000140.033, 166
Trd, 000140.417, 148
Trd, 000140.650, 169
Trd, 000141.117, 162
Trd, 000141.267, 189
Trd, 000141.733, 153
Trd, 000141.867, 161
Trd, 000141.917, 160
Trd, 000142.317, 159
Trd, 000144.033, 160
Trd, 000144.667, 160
Trd, 000145.367, 162
Trd, 000145.667, 162
Trd, 000146.683, 183
Trd, 000146.900, 189
Trd, 000147.450, 174
Trd, 000147.750, 187
Trd, 000148.283, 183
Trd, 000148.583, 178
Trd, 000149.067, 178
Trd, 000149.817, 177
Trd, 000149.917, 175
Trd, 000150.167, 176
Trd, 000151.533, 173
Trd, 000151.850, 163
Trd, 000153.233, 159
Trd, 000154.067, 163
Trd, 000154.483, 161
Trd, 000154.550, 166
Trd, 000155.667, 170
Trd, 000156.217, 170
Trd, 000156.467, 165
Trd, 000157.800, 169
Trd, 000158.700, 171
Trd, 000158.967, 186
Trd, 000159.317, 188
Trd, 000159.417, 171
Trd, 000160.100, 164
Trd, 000160.367, 174
Trd, 000160.383, 178
Trd, 000161.050, 178
Trd, 000161.133, 176
Trd, 000161.650, 176
Trd, 000162.367, 176
Trd, 000163.067, 175
Trd, 000163.933, 163
Trd, 000164.217, 171
Trd, 000164.650, 170
Trd, 000164.700, 170
Trd, 000165.933, 171
Trd, 000166.500, 164
Trd, 000166.583, 163
Trd, 000166.833, 160
Trd, 000168.567, 160
Trd, 000169.083, 170
Trd, 000169.350, 172
Trd, 000169.800, 165
Trd, 000170.567, 165
Trd, 000170.667, 164
Trd, 000171.233, 164
Trd, 000171.617, 165
Trd, 000171.783, 167
Trd, 000172.250, 167
Trd, 000172.467, 169
Trd, 000172.950, 161
Trd, 000173.050, 159
Trd, 000174.017, 168
Trd, 000174.067, 170
Trd, 000175.867, 163
Trd, 000176.133, 167
Trd, 000176.800, 166
Trd, 000177.900, 167
Trd, 000178.600, 172
Trd, 000178.633, 167
Trd, 000179.333, 167
Trd, 000180.133, 169
Trd, 000180.333, 168
Trd, 000180.700, 166
Trd, 000181.100, 170
Trd, 000181.367, 145
Trd, 000181.683, 159
Trd, 000183.150, 164
Trd, 000183.233, 164
Trd, 000183.567, 166
Trd, 000183.717, 158
Trd, 000184.483, 162
Trd, 000184.600, 165
Trd, 000184.617, 166
Trd, 000185.233, 155
Trd, 000185.283, 163
Trd, 000185.500, 164
Trd, 000186.233, 164
Trd, 000187.000, 170
Trd, 000187.350, 173
Trd, 000187.900, 166
Trd, 000188.017, 165
Trd, 000189.650, 171
Trd, 000190.833, 169
Trd, 000191.517, 167
Trd, 000192.283, 168
Trd, 000192.333, 169
Trd, 000194.000, 166
Trd, 000194.033, 168
Trd, 000194.133, 169
Trd, 000195.067, 166
Trd, 000195.217, 163
Trd, 000195.783, 166
Trd, 000195.933, 170
Trd, 000196.567, 170
Trd, 000196.817, 164
Trd, 000196.983, 169
Trd, 000197.467, 174
Trd, 000198.183, 165
Trd, 000198.617, 172
Trd, 000199.000, 165
Trd, 000199.100, 164
Trd, 000200.500, 171
Trd, 000200.967, 171
Trd, 000201.000, 171
Trd, 000201.283, 171
Trd, 000201.417, 172
Trd, 000202.233, 171
Trd, 000203.300, 170
Trd, 000204.033, 169
Trd, 000204.150, 168
Trd, 000204.583, 169
Trd, 000205.267, 170
Trd, 000205.350, 159
Trd, 000205.433, 171
Trd, 000206.150, 172
Trd, 000206.650, 173
Trd, 000207.433, 167
Trd, 000208.267, 171
Trd, 000210.050, 169
Trd, 000210.217, 168
Trd, 000210.467, 166
Trd, 000210.817, 167
Trd, 000211.433, 172
Trd, 000211.667, 165
Trd, 000212.317, 171
Trd, 000212.733, 165
Trd, 000212.867, 165
Trd, 000213.317, 169
Trd, 000213.433, 170
Trd, 000213.517, 171
Trd, 000213.583, 176
Trd, 000214.183, 174
Trd, 000214.217, 175
Trd, 000214.317, 171
Trd, 000217.283, 184
Trd, 000217.367, 183
Trd, 000217.667, 177
Trd, 000218.917, 178
Trd, 000219.000, 179
Trd, 000219.050, 177
Trd, 000220.517, 176
Trd, 000220.600, 175
Trd, 000220.717, 175
Trd, 000221.350, 175
Trd, 000221.533, 176
Trd, 000222.117, 174
Trd, 000222.750, 176
Trd, 000223.017, 162
Trd, 000223.700, 167
Trd, 000224.017, 167
Trd, 000224.250, 171
Trd, 000224.400, 177
Trd, 000225.583, 171
Trd, 000225.900, 167
Trd, 000227.017, 195
Trd, 000228.483, 171
Trd, 000228.617, 171
Trd, 000229.000, 169
Trd, 000229.650, 167
Trd, 000229.733, 152
Trd, 000230.167, 172
Trd, 000230.267, 175
Trd, 000230.633, 178
Trd, 000230.800, 173
Trd, 000231.700, 197
Trd, 000232.233, 196
Trd, 000232.600, 195
Trd, 000233.450, 192
Trd, 000233.633, 188
Trd, 000233.950, 187
Trd, 000234.867, 182
Trd, 000235.067, 188
Trd, 000236.633, 185
Trd, 000237.033, 178
Trd, 000237.150, 177
Trd, 000237.933, 176
Trd, 000238.367, 179
Trd, 000238.383, 178
Trd, 000238.500, 173
Trd, 000239.517, 179
Trd, 000240.067, 167
Trd, 000240.417, 185
Trd, 000240.583, 185
Trd, 000240.767, 160
Trd, 000241.283, 179
Trd, 000241.700, 181
Trd, 000243.017, 179
Trd, 000243.817, 177
Trd, 000244.317, 175
Trd, 000244.817, 178
Trd, 000244.900, 175
Trd, 000245.267, 176
Trd, 000245.400, 175
Trd, 000245.883, 175
Trd, 000245.983, 176
Trd, 000246.150, 174
Trd, 000246.267, 176
Trd, 000246.500, 179
Trd, 000246.583, 174
Trd, 000247.017, 172
Trd, 000247.050, 176
Trd, 000247.867, 179
Trd, 000248.200, 174
Trd, 000249.817, 178
Trd, 000250.250, 177
Trd, 000250.400, 176
Trd, 000250.417, 178
Trd, 000250.450, 179
Trd, 000250.767, 177
Trd, 000250.817, 176
Trd, 000250.867, 175
Trd, 000252.600, 172
Trd, 000252.833, 171
Trd, 000253.217, 169
Trd, 000253.233, 173
Trd, 000254.333, 174
Trd, 000254.400, 175
Trd, 000254.583, 175
Trd, 000255.100, 173
Trd, 000255.233, 172
Trd, 000255.317, 171
Trd, 000256.650, 173
Trd, 000256.833, 172
Trd, 000257.183, 155
Trd, 000257.867, 160
Trd, 000258.217, 167
Trd, 000258.650, 165
Trd, 000258.983, 169
Trd, 000259.283, 163
Trd, 000260.483, 163
Trd, 000260.733, 168
Trd, 000260.817, 163
Trd, 000261.567, 167
Trd, 000261.783, 168
Trd, 000262.367, 170
Trd, 000262.517, 169
Trd, 000262.667, 167
Trd, 000262.700, 166
Trd, 000262.983, 155
Trd, 000263.967, 173
Trd, 000264.117, 171
Trd, 000264.467, 174
Trd, 000264.600, 177
Trd, 000264.617, 181
Trd, 000264.650, 170
Trd, 000264.967, 187
Trd, 000265.250, 176
Trd, 000266.200, 185
Trd, 000266.600, 183
Trd, 000267.233, 182
Trd, 000267.583, 183
Trd, 000268.467, 182
Trd, 000268.600, 182
Trd, 000268.717, 180
Trd, 000269.367, 180
Trd, 000269.883, 182
Trd, 000270.000, 182
Trd, 000270.283, 183
Trd, 000270.517, 189
Trd, 000271.133, 189
Trd, 000271.300, 189
Trd, 000271.483, 181
Trd, 000271.783, 182
Trd, 000272.217, 181
Trd, 000272.483, 178
Trd, 000272.850, 176
Trd, 000272.950, 175
Trd, 000273.450, 199
Trd, 000274.183, 179
Trd, 000274.983, 184
Trd, 000275.433, 182
Trd, 000275.483, 182
Trd, 000275.567, 171
Trd, 000276.933, 165
Trd, 000277.000, 155
Trd, 000277.150, 168
Trd, 000277.850, 170
Trd, 000277.950, 171
Trd, 000278.083, 174
Trd, 000278.200, 178
Trd, 000278.433, 179
Trd, 000278.450, 178
Trd, 000278.750, 179
Trd, 000279.100, 177
Trd, 000279.833, 177
Trd, 000279.900, 182
Trd, 000280.150, 175
Trd, 000280.400, 189
Trd, 000281.650, 176
Trd, 000282.333, 176
Trd, 000282.833, 179
Trd, 000283.233, 172
Trd, 000283.683, 163
Trd, 000283.933, 176
Trd, 000284.300, 177
Trd, 000284.733, 177
Trd, 000284.900, 178
Trd, 000285.017, 183
Trd, 000285.133, 183
Trd, 000286.550, 178
Trd, 000287.067, 180
Trd, 000287.167, 176
Trd, 000287.800, 177
Trd, 000287.950, 181
Trd, 000288.300, 180
Trd, 000288.417, 183
Trd, 000288.567, 173
Trd, 000288.833, 180
Trd, 000289.000, 172
Trd, 000289.300, 172
Trd, 000289.483, 183
Trd, 000289.733, 157
Trd, 000289.983, 171
Trd, 000290.083, 183
Trd, 000291.033, 184
Trd, 000292.233, 184
Trd, 000292.383, 185
Trd, 000292.767, 181
Trd, 000293.217, 180
Trd, 000293.250, 186
Trd, 000293.333, 179
Trd, 000294.133, 174
Trd, 000294.150, 186
Trd, 000294.217, 170
Trd, 000294.717, 168
Trd, 000294.850, 176
Trd, 000294.917, 173
Trd, 000295.167, 163
Trd, 000295.617, 159
Trd, 000296.450, 170
Trd, 000296.517, 172
Trd, 000296.567, 177
Trd, 000296.700, 171
Trd, 000296.750, 168
Trd, 000297.117, 184
Trd, 000298.967, 178
Trd, 000299.667, 181
Trd, 000299.850, 185
