Trd, 000001.650, 172
Trd, 000002.700, 193
Trd, 000003.367, 150
Trd, 000003.733, 146
Trd, 000004.767, 161
Trd, 000005.550, 144
Trd, 000005.950, 144
Trd, 000005.967, 146
Trd, 000006.050, 162
Trd, 000006.100, 162
Trd, 000006.633, 153
Trd, 000007.117, 166
Trd, 000007.317, 159
Trd, 000008.100, 157
Trd, 000009.283, 161
Trd, 000010.200, 158
Trd, 000010.833, 160
Trd, 000011.717, 159
Trd, 000011.767, 161
Trd, 000012.100, 162
Trd, 000012.517, 163
Trd, 000012.850, 170
Trd, 000013.033, 159
Trd, 000013.600, 173
Trd, 000014.450, 163
Trd, 000014.567, 163
Trd, 000015.900, 161
Trd, 000016.417, 161
Trd, 000016.683, 150
Trd, 000018.300, 146
Trd, 000018.333, 156
Trd, 000018.500, 162
Trd, 000020.567, 155
Trd, 000020.817, 155
Trd, 000020.833, 164
Trd, 000021.483, 155
Trd, 000022.200, 160
Trd, 000022.800, 156
Trd, 000023.750, 157
Trd, 000024.850, 154
Trd, 000025.350, 156
Trd, 000025.483, 156
Trd, 000025.600, 157
Trd, 000026.317, 156
Trd, 000026.450, 155
Trd, 000026.767, 153
Trd, 000026.900, 146
Trd, 000027.450, 154
Trd, 000027.833, 155
Trd, 000027.933, 157
Trd, 000029.717, 155
Trd, 000030.300, 153
Trd, 000030.583, 155
Trd, 000031.367, 162
Trd, 000031.750, 163
Trd, 000032.050, 164
Trd, 000034.550, 163
Trd, 000035.150, 161
Trd, 000035.417, 165
Trd, 000036.000, 164
Trd, 000036.450, 163
Trd, 000037.267, 161
Trd, 000037.583, 162
Trd, 000039.433, 160
Trd, 000039.683, 161
Trd, 000039.950, 162
Trd, 000040.517, 159
Trd, 000041.083, 159
Trd, 000041.450, 160
Trd, 000041.550, 160
Trd, 000041.933, 160
Trd, 000042.000, 159
Trd, 000042.300, 161
Trd, 000043.300, 160
Trd, 000043.517, 161
Trd, 000043.850, 151
Trd, 000044.550, 166
Trd, 000044.750, 148
Trd, 000047.267, 152
Trd, 000047.700, 151
Trd, 000047.983, 152
Trd, 000048.133, 152
Trd, 000048.217, 151
Trd, 000048.883, 149
Trd, 000048.967, 149
Trd, 000049.317, 149
Trd, 000050.033, 149
Trd, 000050.200, 149
Trd, 000050.583, 149
Trd, 000051.300, 142
Trd, 000051.750, 138
Trd, 000052.067, 145
Trd, 000052.450, 146
Trd, 000052.983, 166
Trd, 000053.983, 149
Trd, 000054.583, 148
Trd, 000054.633, 147
Trd, 000055.167, 149
Trd, 000055.233, 179
Trd, 000055.633, 149
Trd, 000056.150, 166
Trd, 000057.450, 164
Trd, 000058.850, 152
Trd, 000059.117, 151
Trd, 000059.517, 158
Trd, 000060.250, 158
Trd, 000061.533, 159
Trd, 000061.583, 166
Trd, 000061.983, 173
Trd, 000062.300, 164
Trd, 000063.400, 179
Trd, 000063.683, 179
Trd, 000063.717, 178
Trd, 000064.150, 172
Trd, 000064.733, 179
Trd, 000065.367, 167
Trd, 000067.083, 169
Trd, 000067.433, 171
Trd, 000068.350, 167
Trd, 000069.767, 160
Trd, 000070.483, 166
Trd, 000070.583, 167
Trd, 000071.000, 167
Trd, 000071.483, 166
Trd, 000071.517, 168
Trd, 000072.233, 168
Trd, 000072.883, 165
Trd, 000073.233, 166
Trd, 000073.250, 161
Trd, 000073.850, 162
Trd, 000074.033, 153
Trd, 000074.433, 160
Trd, 000074.983, 165
Trd, 000075.033, 166
Trd, 000078.100, 155
Trd, 000078.450, 159
Trd, 000079.067, 159
Trd, 000079.983, 157
Trd, 000080.133, 145
Trd, 000080.217, 158
Trd, 000080.233, 170
Trd, 000080.400, 157
Trd, 000080.817, 183
Trd, 000081.267, 167
Trd, 000081.283, 166
Trd, 000082.133, 159
Trd, 000084.317, 164
Trd, 000084.400, 160
Trd, 000085.583, 161
Trd, 000085.617, 160
Trd, 000085.683, 164
Trd, 000085.883, 162
Trd, 000086.533, 161
Trd, 000086.600, 161
Trd, 000087.267, 162
Trd, 000087.733, 162
Trd, 000089.633, 161
Trd, 000090.650, 160
Trd, 000090.833, 163
Trd, 000091.667, 163
Trd, 000091.950, 161
Trd, 000092.517, 162
Trd, 000092.933, 162
Trd, 000093.317, 163
Trd, 000093.633, 160
Trd, 000094.117, 163
Trd, 000094.667, 163
Trd, 000095.667, 159
Trd, 000097.167, 166
Trd, 000097.300, 167
Trd, 000097.317, 156
Trd, 000097.467, 172
Trd, 000098.250, 155
Trd, 000098.883, 154
Trd, 000098.917, 156
Trd, 000099.800, 156
Trd, 000100.433, 157
Trd, 000101.100, 162
Trd, 000101.633, 160
Trd, 000102.050, 163
Trd, 000102.883, 161
Trd, 000103.400, 159
Trd, 000104.333, 159
Trd, 000104.667, 157
Trd, 000106.000, 162
Trd, 000106.067, 157
Trd, 000106.133, 163
Trd, 000106.267, 166
Trd, 000107.633, 158
Trd, 000107.983, 155
Trd, 000109.617, 160
Trd, 000110.417, 161
Trd, 000111.067, 159
Trd, 000111.650, 159
Trd, 000111.833, 159
Trd, 000112.000, 159
Trd, 000112.283, 160
Trd, 000112.583, 173
Trd, 000113.683, 160
Trd, 000114.033, 183
Trd, 000114.583, 176
Trd, 000115.383, 159
Trd, 000116.833, 168
Trd, 000117.200, 174
Trd, 000117.767, 170
Trd, 000118.250, 171
Trd, 000118.400, 169
Trd, 000118.917, 167
Trd, 000119.233, 166
Trd, 000119.600, 166
Trd, 000120.317, 168
Trd, 000121.650, 182
Trd, 000122.050, 169
Trd, 000122.183, 167
Trd, 000122.450, 159
Trd, 000123.550, 173
Trd, 000124.217, 187
Trd, 000124.617, 173
Trd, 000124.933, 174
Trd, 000125.667, 170
Trd, 000125.850, 167
Trd, 000126.367, 171
Trd, 000126.917, 174
Trd, 000127.283, 168
Trd, 000127.350, 174
Trd, 000127.883, 168
Trd, 000127.900, 184
Trd, 000128.300, 169
Trd, 000129.800, 168
Trd, 000131.067, 164
Trd, 000131.283, 163
Trd, 000132.500, 163
Trd, 000132.567, 165
Trd, 000133.483, 164
Trd, 000133.783, 175
Trd, 000134.567, 167
Trd, 000135.717, 164
Trd, 000135.750, 163
Trd, 000136.317, 163
Trd, 000136.350, 165
Trd, 000137.083, 162
Trd, 000137.600, 161
Trd, 000137.983, 160
Trd, 000138.817, 162
Trd, 000139.050, 174
Trd, 000139.133, 175
Trd, 000140.533, 168
Trd, 000142.583, 164
Trd, 000144.350, 163
Trd, 000144.400, 162
Trd, 000144.867, 161
Trd, 000144.917, 163
Trd, 000145.267, 163
Trd, 000146.350, 166
Trd, 000146.400, 162
Trd, 000147.617, 165
Trd, 000148.383, 162
Trd, 000149.000, 162
Trd, 000149.650, 163
Trd, 000150.067, 162
Trd, 000150.300, 164
Trd, 000150.683, 165
Trd, 000150.850, 187
Trd, 000150.933, 161
Trd, 000151.517, 190
Trd, 000152.083, 188
Trd, 000152.250, 164
Trd, 000153.150, 176
Trd, 000153.633, 165
Trd, 000154.467, 165
Trd, 000155.000, 175
Trd, 000155.283, 175
Trd, 000155.667, 165
Trd, 000157.100, 176
Trd, 000158.033, 174
Trd, 000159.583, 167
Trd, 000159.817, 165
Trd, 000160.650, 171
Trd, 000160.950, 171
Trd, 000161.050, 172
Trd, 000161.783, 172
Trd, 000162.967, 169
Trd, 000163.300, 169
Trd, 000164.183, 171
Trd, 000164.267, 173
Trd, 000165.800, 174
Trd, 000166.367, 174
Trd, 000166.700, 173
Trd, 000166.983, 172
Trd, 000167.667, 172
Trd, 000168.433, 173
Trd, 000168.583, 173
Trd, 000170.383, 174
Trd, 000170.667, 175
Trd, 000171.567, 176
Trd, 000172.333, 177
Trd, 000172.517, 177
Trd, 000173.817, 176
Trd, 000173.883, 175
Trd, 000174.250, 172
Trd, 000175.117, 171
Trd, 000175.317, 172
Trd, 000175.850, 172
Trd, 000176.267, 165
Trd, 000176.333, 174
Trd, 000178.117, 174
Trd, 000178.433, 173
Trd, 000178.483, 172
Trd, 000179.417, 171
Trd, 000179.550, 176
Trd, 000179.683, 177
Trd, 000179.817, 165
Trd, 000179.983, 180
Trd, 000182.033, 170
Trd, 000182.367, 174
Trd, 000182.733, 170
Trd, 000183.583, 175
Trd, 000183.950, 179
Trd, 000183.967, 180
Trd, 000184.783, 180
Trd, 000185.333, 174
Trd, 000187.033, 177
Trd, 000187.533, 177
Trd, 000188.317, 177
Trd, 000188.967, 176
Trd, 000189.000, 175
Trd, 000189.083, 173
Trd, 000189.117, 172
Trd, 000189.133, 181
Trd, 000189.433, 180
Trd, 000190.800, 189
Trd, 000190.967, 177
Trd, 000191.167, 177
Trd, 000191.733, 177
Trd, 000191.983, 166
Trd, 000192.850, 179
Trd, 000194.233, 165
Trd, 000194.350, 178
Trd, 000194.933, 176
Trd, 000195.617, 175
Trd, 000195.733, 176
Trd, 000196.450, 177
Trd, 000197.117, 173
Trd, 000198.667, 172
Trd, 000199.433, 172
Trd, 000199.767, 177
Trd, 000201.033, 172
Trd, 000201.067, 176
Trd, 000201.133, 172
Trd, 000201.650, 169
Trd, 000201.833, 169
Trd, 000202.917, 168
Trd, 000202.967, 167
Trd, 000203.150, 170
Trd, 000203.300, 170
Trd, 000204.517, 181
Trd, 000205.767, 182
Trd, 000206.150, 171
Trd, 000206.450, 193
Trd, 000206.667, 180
Trd, 000206.950, 176
Trd, 000207.850, 179
Trd, 000208.233, 179
Trd, 000208.417, 179
Trd, 000209.800, 178
Trd, 000209.883, 178
Trd, 000210.550, 179
Trd, 000210.783, 183
Trd, 000211.250, 178
Trd, 000211.383, 184
Trd, 000212.967, 178
Trd, 000213.367, 177
Trd, 000214.217, 166
Trd, 000214.700, 174
Trd, 000215.150, 178
Trd, 000215.667, 179
Trd, 000216.583, 175
Trd, 000216.667, 176
Trd, 000217.033, 174
Trd, 000217.500, 175
Trd, 000218.050, 177
Trd, 000218.700, 176
Trd, 000218.800, 183
Trd, 000219.700, 182
Trd, 000220.250, 174
Trd, 000221.083, 179
Trd, 000221.117, 181
Trd, 000221.700, 179
Trd, 000223.900, 175
Trd, 000224.583, 175
Trd, 000225.000, 174
Trd, 000225.083, 177
Trd, 000225.117, 177
Trd, 000226.117, 168
Trd, 000226.533, 173
Trd, 000227.350, 173
Trd, 000227.567, 173
Trd, 000227.933, 172
Trd, 000228.317, 175
Trd, 000230.150, 174
Trd, 000231.233, 186
Trd, 000231.417, 180
Trd, 000231.867, 191
Trd, 000232.017, 189
Trd, 000232.033, 188
Trd, 000233.550, 177
Trd, 000234.533, 176
Trd, 000234.550, 175
Trd, 000235.417, 175
Trd, 000235.517, 174
Trd, 000235.633, 175
Trd, 000236.217, 169
Trd, 000236.317, 173
Trd, 000237.350, 172
Trd, 000237.733, 172
Trd, 000238.350, 172
Trd, 000238.633, 172
Trd, 000238.800, 169
Trd, 000239.117, 172
Trd, 000239.150, 185
Trd, 000239.867, 174
Trd, 000240.500, 182
Trd, 000240.600, 180
Trd, 000241.300, 182
Trd, 000241.650, 175
Trd, 000241.983, 174
Trd, 000242.333, 178
Trd, 000242.933, 173
Trd, 000243.067, 174
Trd, 000244.067, 163
Trd, 000244.333, 175
Trd, 000245.267, 169
Trd, 000245.567, 172
Trd, 000246.017, 173
Trd, 000246.533, 174
Trd, 000246.617, 175
Trd, 000246.917, 172
Trd, 000246.967, 184
Trd, 000247.867, 176
Trd, 000248.617, 172
Trd, 000249.217, 175
Trd, 000249.300, 174
Trd, 000249.667, 175
Trd, 000250.167, 175
Trd, 000250.433, 192
Trd, 000251.367, 182
Trd, 000251.750, 182
Trd, 000251.967, 174
Trd, 000253.050, 176
Trd, 000253.467, 173
Trd, 000254.833, 172
Trd, 000255.183, 173
Trd, 000255.450, 175
Trd, 000255.700, 176
Trd, 000255.817, 176
Trd, 000256.017, 177
Trd, 000256.583, 175
Trd, 000257.750, 169
Trd, 000257.917, 182
Trd, 000258.067, 168
Trd, 000259.983, 168
Trd, 000260.317, 171
Trd, 000260.783, 172
Trd, 000260.883, 173
Trd, 000261.000, 170
Trd, 000261.033, 170
Trd, 000261.650, 168
Trd, 000261.833, 172
Trd, 000262.333, 173
Trd, 000262.583, 173
Trd, 000262.867, 176
Trd, 000263.750, 177
Trd, 000264.283, 177
Trd, 000264.617, 181
Trd, 000264.717, 177
Trd, 000265.000, 185
Trd, 000265.033, 188
Trd, 000266.567, 182
Trd, 000266.700, 179
Trd, 000267.217, 177
Trd, 000267.967, 180
Trd, 000268.783, 176
Trd, 000268.833, 177
Trd, 000269.317, 176
Trd, 000269.750, 174
Trd, 000269.817, 176
Trd, 000270.267, 179
Trd, 000270.933, 178
Trd, 000271.250, 180
Trd, 000272.267, 179
Trd, 000272.567, 178
Trd, 000272.767, 173
Trd, 000273.033, 177
Trd, 000273.567, 171
Trd, 000274.167, 178
Trd, 000274.633, 177
Trd, 000275.017, 175
Trd, 000275.050, 177
Trd, 000275.433, 177
Trd, 000275.533, 176
Trd, 000276.050, 175
Trd, 000276.500, 174
Trd, 000276.733, 177
Trd, 000278.283, 178
Trd, 000278.467, 188
Trd, 000278.850, 180
Trd, 000279.100, 175
Trd, 000279.400, 183
Trd, 000279.917, 189
Trd, 000280.667, 179
Trd, 000280.917, 179
Trd, 000281.583, 178
Trd, 000283.217, 180
Trd, 000283.333, 181
Trd, 000284.233, 179
Trd, 000284.567, 178
Trd, 000285.083, 190
Trd, 000285.317, 201
Trd, 000285.583, 175
Trd, 000285.600, 195
Trd, 000285.833, 184
Trd, 000287.933, 186
Trd, 000287.967, 187
Trd, 000287.983, 184
Trd, 000288.033, 187
Trd, 000288.417, 187
Trd, 000290.267, 187
Trd, 000290.767, 184
Trd, 000290.833, 187
Trd, 000291.483, 187
Trd, 000291.550, 176
Trd, 000292.300, 182
Trd, 000292.533, 186
Trd, 000292.917, 183
Trd, 000293.533, 184
Trd, 000294.050, 181
Trd, 000294.367, 180
Trd, 000294.683, 175
Trd, 000295.283, 185
Trd, 000296.533, 185
Trd, 000296.767, 184
Trd, 000296.867, 185
Trd, 000296.917, 184
Trd, 000297.383, 183
Trd, 000297.550, 185
Trd, 000297.983, 180
Trd, 000298.433, 191
Trd, 000298.467, 173
Trd, 000298.617, 173
Trd, 000299.867, 198
