Trd, 000000.967, 186
Trd, 000001.800, 163
Trd, 000002.733, 147
Trd, 000003.867, 147
Trd, 000005.567, 160
Trd, 000006.033, 158
Trd, 000006.567, 158
Trd, 000006.600, 159
Trd, 000006.733, 150
Trd, 000008.933, 160
Trd, 000009.183, 159
Trd, 000009.667, 155
Trd, 000010.500, 155
Trd, 000010.667, 154
Trd, 000010.800, 159
Trd, 000013.117, 157
Trd, 000013.233, 154
Trd, 000014.400, 156
Trd, 000014.483, 149
Trd, 000014.767, 157
Trd, 000015.183, 154
Trd, 000015.550, 152
Trd, 000015.567, 152
Trd, 000015.600, 156
Trd, 000015.833, 143
Trd, 000016.800, 159
Trd, 000017.750, 150
Trd, 000017.867, 146
Trd, 000017.967, 160
Trd, 000018.850, 160
Trd, 000019.533, 152
Trd, 000021.850, 154
Trd, 000022.283, 152
Trd, 000023.833, 154
Trd, 000023.867, 151
Trd, 000024.217, 153
Trd, 000024.650, 152
Trd, 000024.733, 148
Trd, 000024.767, 154
Trd, 000024.833, 129
Trd, 000025.417, 145
Trd, 000026.750, 149
Trd, 000027.483, 154
Trd, 000028.250, 156
Trd, 000028.383, 159
Trd, 000029.083, 161
Trd, 000029.183, 159
Trd, 000029.400, 158
Trd, 000029.917, 150
Trd, 000029.983, 161
Trd, 000030.517, 161
Trd, 000032.583, 153
Trd, 000033.700, 154
Trd, 000034.050, 156
Trd, 000035.200, 149
Trd, 000036.317, 147
Trd, 000036.500, 146
Trd, 000036.617, 150
Trd, 000036.783, 150
Trd, 000037.033, 148
Trd, 000037.167, 140
Trd, 000037.567, 152
Trd, 000037.667, 157
Trd, 000038.233, 161
Trd, 000039.183, 148
Trd, 000039.617, 161
Trd, 000041.450, 151
Trd, 000041.600, 157
Trd, 000042.617, 152
Trd, 000043.567, 133
Trd, 000043.900, 151
Trd, 000044.617, 152
Trd, 000044.750, 149
Trd, 000044.950, 152
Trd, 000045.317, 153
Trd, 000046.183, 149
Trd, 000047.950, 152
Trd, 000048.183, 153
Trd, 000048.300, 152
Trd, 000049.167, 153
Trd, 000049.233, 152
Trd, 000049.333, 164
Trd, 000049.800, 151
Trd, 000050.317, 164
Trd, 000050.583, 161
Trd, 000050.883, 165
Trd, 000051.500, 164
Trd, 000052.050, 163
Trd, 000052.733, 159
Trd, 000052.817, 157
Trd, 000053.400, 151
Trd, 000054.717, 153
Trd, 000055.850, 151
Trd, 000055.867, 153
Trd, 000056.200, 153
Trd, 000056.567, 151
Trd, 000056.600, 156
Trd, 000057.850, 163
Trd, 000059.167, 156
Trd, 000059.250, 155
Trd, 000059.600, 164
Trd, 000060.417, 159
Trd, 000060.483, 153
Trd, 000060.500, 160
Trd, 000061.750, 156
Trd, 000061.767, 157
Trd, 000062.450, 133
Trd, 000063.800, 150
Trd, 000063.983, 149
Trd, 000064.533, 151
Trd, 000065.100, 150
Trd, 000065.650, 149
Trd, 000066.150, 149
Trd, 000067.850, 148
Trd, 000067.933, 152
Trd, 000068.317, 153
Trd, 000068.517, 148
Trd, 000068.767, 147
Trd, 000069.783, 154
Trd, 000070.250, 163
Trd, 000070.400, 162
Trd, 000071.117, 162
Trd, 000071.400, 163
Trd, 000072.333, 163
Trd, 000072.683, 164
Trd, 000073.133, 165
Trd, 000073.233, 154
Trd, 000073.483, 152
Trd, 000073.533, 145
Trd, 000074.133, 153
Trd, 000075.983, 158
Trd, 000076.217, 162
Trd, 000076.517, 170
Trd, 000076.733, 153
Trd, 000076.767, 162
Trd, 000077.900, 152
Trd, 000077.983, 141
Trd, 000078.417, 150
Trd, 000079.217, 156
Trd, 000079.483, 155
Trd, 000079.567, 139
Trd, 000079.633, 131
Trd, 000080.167, 155
Trd, 000080.467, 155
Trd, 000081.433, 156
Trd, 000081.517, 150
Trd, 000081.567, 147
Trd, 000082.300, 157
Trd, 000083.200, 170
Trd, 000084.783, 189
Trd, 000085.483, 170
Trd, 000085.667, 166
Trd, 000086.050, 166
Trd, 000086.500, 161
Trd, 000087.200, 152
Trd, 000087.617, 167
Trd, 000089.483, 162
Trd, 000090.000, 163
Trd, 000090.733, 162
Trd, 000091.200, 161
Trd, 000091.450, 160
Trd, 000091.550, 152
Trd, 000091.683, 143
Trd, 000091.817, 171
Trd, 000092.383, 181
Trd, 000092.933, 195
Trd, 000093.617, 185
Trd, 000094.000, 174
Trd, 000094.200, 173
Trd, 000095.500, 180
Trd, 000096.233, 171
Trd, 000096.883, 174
Trd, 000097.633, 168
Trd, 000097.850, 171
Trd, 000098.350, 170
Trd, 000098.517, 171
Trd, 000099.050, 164
Trd, 000099.717, 164
Trd, 000099.867, 156
Trd, 000100.417, 168
Trd, 000101.050, 168
Trd, 000101.883, 156
Trd, 000102.083, 153
Trd, 000102.183, 158
Trd, 000103.133, 158
Trd, 000103.233, 158
Trd, 000104.367, 155
Trd, 000105.067, 153
Trd, 000105.383, 151
Trd, 000105.867, 158
Trd, 000106.183, 158
Trd, 000106.200, 159
Trd, 000107.667, 161
Trd, 000107.750, 169
Trd, 000107.950, 173
Trd, 000109.717, 172
Trd, 000110.233, 171
Trd, 000110.267, 170
Trd, 000110.350, 163
Trd, 000110.800, 160
Trd, 000111.467, 155
Trd, 000111.867, 153
Trd, 000112.083, 152
Trd, 000112.683, 157
Trd, 000112.800, 161
Trd, 000112.900, 162
Trd, 000114.033, 160
Trd, 000114.083, 160
Trd, 000114.700, 158
Trd, 000115.250, 161
Trd, 000116.050, 161
Trd, 000116.167, 169
Trd, 000116.650, 170
Trd, 000117.300, 163
Trd, 000117.933, 172
Trd, 000118.483, 162
Trd, 000118.783, 162
Trd, 000119.383, 163
Trd, 000119.467, 169
Trd, 000119.650, 170
Trd, 000120.917, 165
Trd, 000121.383, 169
Trd, 000122.283, 164
Trd, 000122.367, 155
Trd, 000124.233, 167
Trd, 000124.717, 168
Trd, 000124.917, 169
Trd, 000124.983, 170
Trd, 000125.667, 163
Trd, 000126.500, 163
Trd, 000127.783, 164
Trd, 000128.267, 163
Trd, 000128.717, 163
Trd, 000129.033, 165
Trd, 000129.350, 171
Trd, 000130.650, 168
Trd, 000131.067, 167
Trd, 000131.183, 170
Trd, 000131.283, 171
Trd, 000131.417, 166
Trd, 000131.500, 172
Trd, 000133.617, 167
Trd, 000134.750, 166
Trd, 000135.100, 167
Trd, 000135.550, 169
Trd, 000135.967, 167
Trd, 000136.117, 159
Trd, 000136.433, 158
Trd, 000137.433, 158
Trd, 000137.600, 158
Trd, 000137.733, 160
Trd, 000138.383, 157
Trd, 000138.433, 160
Trd, 000139.467, 151
Trd, 000140.850, 151
Trd, 000141.083, 151
Trd, 000141.817, 157
Trd, 000141.933, 158
Trd, 000143.917, 154
Trd, 000144.050, 153
Trd, 000144.767, 153
Trd, 000145.083, 152
Trd, 000145.917, 153
Trd, 000146.483, 155
Trd, 000147.233, 156
Trd, 000148.233, 158
Trd, 000149.267, 156
Trd, 000150.167, 158
Trd, 000150.267, 159
Trd, 000150.400, 155
Trd, 000150.667, 160
Trd, 000150.883, 150
Trd, 000151.050, 149
Trd, 000151.683, 159
Trd, 000152.183, 152
Trd, 000153.617, 160
Trd, 000153.817, 156
Trd, 000154.217, 163
Trd, 000154.500, 158
Trd, 000154.633, 164
Trd, 000154.867, 157
Trd, 000155.550, 157
Trd, 000156.050, 173
Trd, 000156.067, 160
Trd, 000157.100, 169
Trd, 000158.367, 168
Trd, 000158.583, 164
Trd, 000158.783, 167
Trd, 000159.450, 164
Trd, 000160.067, 163
Trd, 000161.117, 162
Trd, 000161.850, 166
Trd, 000162.217, 165
Trd, 000162.533, 167
Trd, 000163.283, 166
Trd, 000163.600, 167
Trd, 000163.800, 165
Trd, 000164.817, 153
Trd, 000164.900, 167
Trd, 000165.167, 154
Trd, 000165.550, 166
Trd, 000165.867, 150
Trd, 000165.917, 149
Trd, 000166.467, 176
Trd, 000167.183, 168
Trd, 000168.450, 167
Trd, 000168.500, 172
Trd, 000170.433, 169
Trd, 000170.567, 168
Trd, 000170.933, 170
Trd, 000171.067, 167
Trd, 000171.117, 164
Trd, 000173.567, 171
Trd, 000173.783, 168
Trd, 000173.867, 165
Trd, 000174.000, 165
Trd, 000174.117, 175
Trd, 000175.983, 170
Trd, 000176.817, 168
Trd, 000177.550, 162
Trd, 000178.067, 158
Trd, 000179.350, 165
Trd, 000180.083, 165
Trd, 000180.767, 166
Trd, 000181.300, 164
Trd, 000181.450, 166
Trd, 000181.633, 164
Trd, 000182.200, 169
Trd, 000183.017, 175
Trd, 000183.167, 168
Trd, 000183.250, 176
Trd, 000183.533, 166
Trd, 000185.067, 176
Trd, 000185.733, 167
Trd, 000186.800, 172
Trd, 000187.000, 166
Trd, 000187.317, 168
Trd, 000187.983, 166
Trd, 000190.217, 168
Trd, 000190.750, 167
Trd, 000191.067, 167
Trd, 000191.217, 166
Trd, 000191.417, 167
Trd, 000191.433, 162
Trd, 000191.833, 153
Trd, 000191.933, 152
Trd, 000192.800, 177
Trd, 000193.200, 201
Trd, 000193.717, 165
Trd, 000193.850, 163
Trd, 000194.050, 160
Trd, 000194.733, 158
Trd, 000195.183, 174
Trd, 000195.250, 175
Trd, 000196.467, 165
Trd, 000196.917, 166
Trd, 000197.133, 165
Trd, 000198.667, 165
Trd, 000199.183, 154
Trd, 000199.417, 150
Trd, 000199.767, 157
Trd, 000200.417, 155
Trd, 000200.600, 157
Trd, 000200.667, 152
Trd, 000200.967, 179
Trd, 000202.333, 171
Trd, 000203.083, 164
Trd, 000203.683, 163
Trd, 000203.800, 170
Trd, 000204.567, 170
Trd, 000205.283, 167
Trd, 000205.417, 168
Trd, 000206.133, 166
Trd, 000207.367, 169
Trd, 000208.417, 165
Trd, 000208.700, 172
Trd, 000208.783, 165
Trd, 000209.967, 171
Trd, 000210.550, 169
Trd, 000211.050, 168
Trd, 000211.583, 169
Trd, 000212.200, 168
Trd, 000213.750, 169
Trd, 000214.250, 170
Trd, 000214.583, 169
Trd, 000214.733, 168
Trd, 000216.367, 169
Trd, 000216.600, 168
Trd, 000216.667, 173
Trd, 000218.483, 169
Trd, 000218.600, 169
Trd, 000219.133, 169
Trd, 000219.233, 167
Trd, 000219.650, 170
Trd, 000219.750, 160
Trd, 000220.100, 162
Trd, 000221.417, 166
Trd, 000222.883, 169
Trd, 000223.217, 175
Trd, 000224.300, 168
Trd, 000224.583, 165
Trd, 000225.967, 169
Trd, 000226.267, 169
Trd, 000226.450, 173
Trd, 000226.667, 169
Trd, 000226.767, 179
Trd, 000226.867, 172
Trd, 000227.017, 168
Trd, 000228.167, 179
Trd, 000229.133, 176
Trd, 000229.500, 175
Trd, 000229.567, 173
Trd, 000230.233, 174
Trd, 000230.383, 178
Trd, 000232.983, 172
Trd, 000233.100, 169
Trd, 000233.350, 171
Trd, 000233.450, 162
Trd, 000233.633, 163
Trd, 000234.483, 162
Trd, 000234.867, 157
Trd, 000235.417, 168
Trd, 000236.050, 167
Trd, 000237.400, 169
Trd, 000238.017, 175
Trd, 000239.767, 171
Trd, 000240.000, 170
Trd, 000240.300, 172
Trd, 000240.867, 171
Trd, 000240.967, 172
Trd, 000241.017, 168
Trd, 000241.750, 186
Trd, 000241.917, 161
Trd, 000242.267, 182
Trd, 000243.283, 180
Trd, 000243.350, 181
Trd, 000244.583, 182
Trd, 000245.233, 182
Trd, 000245.533, 181
Trd, 000245.683, 178
Trd, 000246.067, 178
Trd, 000247.117, 175
Trd, 000247.700, 171
Trd, 000247.833, 173
Trd, 000248.483, 183
Trd, 000250.550, 179
Trd, 000250.783, 179
Trd, 000251.000, 177
Trd, 000251.183, 180
Trd, 000251.300, 179
Trd, 000251.333, 173
Trd, 000251.367, 187
Trd, 000251.583, 167
Trd, 000251.917, 171
Trd, 000252.483, 183
Trd, 000253.117, 170
Trd, 000253.583, 179
Trd, 000253.867, 179
Trd, 000255.117, 170
Trd, 000256.417, 173
Trd, 000256.600, 173
Trd, 000256.850, 173
Trd, 000257.217, 175
Trd, 000257.917, 184
Trd, 000258.217, 183
Trd, 000258.350, 183
Trd, 000258.533, 176
Trd, 000258.983, 176
Trd, 000259.100, 182
Trd, 000259.817, 175
Trd, 000259.867, 173
Trd, 000260.483, 170
Trd, 000261.950, 176
Trd, 000262.833, 175
Trd, 000262.950, 177
Trd, 000263.317, 175
Trd, 000264.133, 174
Trd, 000264.767, 172
Trd, 000264.900, 174
Trd, 000265.033, 171
Trd, 000265.133, 160
Trd, 000265.283, 172
Trd, 000265.633, 174
Trd, 000266.883, 180
Trd, 000267.017, 185
Trd, 000267.300, 181
Trd, 000268.550, 186
Trd, 000268.650, 182
Trd, 000269.050, 185
Trd, 000269.150, 180
Trd, 000269.683, 182
Trd, 000269.983, 186
Trd, 000270.300, 187
Trd, 000270.583, 181
Trd, 000270.800, 189
Trd, 000272.050, 185
Trd, 000272.467, 180
Trd, 000272.933, 189
Trd, 000273.733, 189
Trd, 000274.267, 188
Trd, 000274.350, 187
Trd, 000274.600, 186
Trd, 000274.967, 181
Trd, 000275.517, 182
Trd, 000275.650, 185
Trd, 000277.150, 183
Trd, 000277.350, 183
Trd, 000277.600, 179
Trd, 000277.883, 183
Trd, 000278.633, 174
Trd, 000278.700, 172
Trd, 000279.033, 183
Trd, 000280.750, 178
Trd, 000281.050, 173
Trd, 000281.483, 175
Trd, 000281.617, 172
Trd, 000281.733, 173
Trd, 000281.767, 183
Trd, 000283.400, 176
Trd, 000283.767, 172
Trd, 000284.083, 162
Trd, 000284.200, 165
Trd, 000284.617, 160
Trd, 000284.800, 168
Trd, 000284.883, 161
Trd, 000284.917, 160
Trd, 000286.433, 175
Trd, 000286.917, 165
Trd, 000287.017, 163
Trd, 000287.633, 166
Trd, 000289.600, 182
Trd, 000289.700, 178
Trd, 000290.150, 179
Trd, 000290.550, 176
Trd, 000291.483, 167
Trd, 000291.500, 176
Trd, 000291.683, 163
Trd, 000292.100, 176
Trd, 000292.333, 177
Trd, 000292.950, 186
Trd, 000293.917, 179
Trd, 000294.050, 171
Trd, 000294.067, 190
Trd, 000295.033, 179
Trd, 000295.167, 188
Trd, 000295.700, 187
Trd, 000296.117, 191
Trd, 000296.283, 178
Trd, 000296.950, 189
Trd, 000297.733, 188
Trd, 000298.500, 179
Trd, 000298.517, 175
Trd, 000299.000, 191
