Trd, 000000.767, 133
Trd, 000001.950, 179
Trd, 000002.300, 175
Trd, 000002.950, 161
Trd, 000004.117, 157
Trd, 000005.067, 149
Trd, 000005.133, 147
Trd, 000005.333, 150
Trd, 000005.367, 164
Trd, 000006.833, 148
Trd, 000008.000, 146
Trd, 000008.250, 146
Trd, 000008.400, 147
Trd, 000008.650, 145
Trd, 000008.883, 146
Trd, 000009.000, 149
Trd, 000009.217, 149
Trd, 000009.283, 150
Trd, 000009.800, 137
Trd, 000011.633, 150
Trd, 000012.033, 141
Trd, 000012.700, 148
Trd, 000014.333, 145
Trd, 000014.483, 149
Trd, 000014.750, 149
Trd, 000015.483, 147
Trd, 000015.700, 146
Trd, 000015.850, 147
Trd, 000016.200, 147
Trd, 000016.333, 146
Trd, 000016.550, 165
Trd, 000016.717, 145
Trd, 000017.483, 147
Trd, 000017.817, 165
Trd, 000018.500, 146
Trd, 000019.017, 157
Trd, 000019.533, 150
Trd, 000020.067, 149
Trd, 000021.150, 149
Trd, 000021.533, 155
Trd, 000021.767, 147
Trd, 000021.867, 167
Trd, 000022.050, 168
Trd, 000024.217, 156
Trd, 000024.567, 151
Trd, 000024.900, 160
Trd, 000025.300, 160
Trd, 000025.517, 155
Trd, 000026.133, 146
Trd, 000026.833, 157
Trd, 000027.183, 149
Trd, 000028.083, 151
Trd, 000028.433, 156
Trd, 000029.483, 142
Trd, 000029.800, 143
Trd, 000029.983, 156
Trd, 000030.100, 157
Trd, 000030.400, 151
Trd, 000032.217, 144
Trd, 000033.100, 148
Trd, 000033.167, 140
Trd, 000033.617, 141
Trd, 000033.767, 149
Trd, 000034.150, 152
Trd, 000035.100, 143
Trd, 000035.667, 146
Trd, 000035.750, 147
Trd, 000037.100, 150
Trd, 000037.433, 150
Trd, 000037.933, 147
Trd, 000037.983, 165
Trd, 000038.517, 169
Trd, 000038.600, 148
Trd, 000039.650, 152
Trd, 000039.900, 175
Trd, 000040.683, 153
Trd, 000041.350, 153
Trd, 000041.433, 155
Trd, 000043.600, 156
Trd, 000044.317, 158
Trd, 000044.433, 159
Trd, 000044.950, 157
Trd, 000045.633, 157
Trd, 000045.817, 158
Trd, 000046.267, 160
Trd, 000046.383, 155
Trd, 000046.500, 170
Trd, 000046.817, 154
Trd, 000046.967, 164
Trd, 000047.500, 169
Trd, 000048.350, 152
Trd, 000049.667, 155
Trd, 000049.800, 154
Trd, 000050.350, 153
Trd, 000050.600, 159
Trd, 000050.833, 155
Trd, 000051.317, 149
Trd, 000051.500, 153
Trd, 000051.850, 146
Trd, 000052.933, 152
Trd, 000052.983, 151
Trd, 000053.100, 150
Trd, 000053.167, 177
Trd, 000054.550, 170
Trd, 000055.000, 162
Trd, 000055.500, 170
Trd, 000055.550, 155
Trd, 000055.817, 155
Trd, 000055.967, 153
Trd, 000057.817, 158
Trd, 000058.250, 157
Trd, 000058.983, 153
Trd, 000059.400, 152
Trd, 000059.700, 152
Trd, 000060.283, 153
Trd, 000060.583, 150
Trd, 000060.683, 151
Trd, 000060.867, 157
Trd, 000060.950, 171
Trd, 000061.850, 162
Trd, 000062.333, 161
Trd, 000063.217, 156
Trd, 000063.450, 156
Trd, 000063.633, 166
Trd, 000064.033, 171
Trd, 000064.417, 165
Trd, 000065.717, 153
Trd, 000065.767, 150
Trd, 000066.767, 164
Trd, 000067.033, 156
Trd, 000067.267, 155
Trd, 000068.967, 155
Trd, 000069.917, 162
Trd, 000070.450, 155
Trd, 000071.017, 159
Trd, 000071.483, 159
Trd, 000072.550, 158
Trd, 000072.850, 156
Trd, 000073.017, 158
Trd, 000073.417, 157
Trd, 000073.800, 159
Trd, 000074.783, 157
Trd, 000074.800, 158
Trd, 000075.433, 172
Trd, 000076.683, 158
Trd, 000077.100, 176
Trd, 000078.467, 162
Trd, 000078.900, 158
Trd, 000079.417, 154
Trd, 000079.933, 154
Trd, 000080.200, 154
Trd, 000081.200, 152
Trd, 000081.983, 154
Trd, 000082.167, 155
Trd, 000083.217, 152
Trd, 000083.333, 152
Trd, 000083.750, 151
Trd, 000084.517, 147
Trd, 000084.617, 152
Trd, 000084.950, 154
Trd, 000085.033, 155
Trd, 000085.117, 156
Trd, 000085.933, 157
Trd, 000086.250, 173
Trd, 000086.417, 174
Trd, 000087.183, 158
Trd, 000088.133, 175
Trd, 000088.283, 159
Trd, 000088.383, 180
Trd, 000089.483, 160
Trd, 000089.717, 171
Trd, 000089.967, 176
Trd, 000090.133, 159
Trd, 000090.933, 157
Trd, 000091.050, 156
Trd, 000091.817, 157
Trd, 000092.233, 156
Trd, 000092.917, 157
Trd, 000093.450, 156
Trd, 000093.483, 158
Trd, 000094.417, 158
Trd, 000094.483, 155
Trd, 000095.200, 165
Trd, 000095.933, 154
Trd, 000096.750, 161
Trd, 000097.367, 160
Trd, 000097.750, 155
Trd, 000098.667, 156
Trd, 000098.850, 157
Trd, 000099.933, 155
Trd, 000100.417, 156
Trd, 000100.883, 155
Trd, 000101.033, 157
Trd, 000101.150, 158
Trd, 000101.717, 161
Trd, 000103.050, 158
Trd, 000103.767, 155
Trd, 000104.183, 157
Trd, 000104.250, 158
Trd, 000105.183, 157
Trd, 000105.600, 157
Trd, 000105.867, 155
Trd, 000105.900, 158
Trd, 000106.200, 154
Trd, 000108.517, 154
Trd, 000109.033, 154
Trd, 000109.233, 152
Trd, 000109.567, 142
Trd, 000110.283, 156
Trd, 000110.350, 155
Trd, 000110.783, 152
Trd, 000111.883, 153
Trd, 000112.150, 154
Trd, 000112.250, 154
Trd, 000112.683, 154
Trd, 000112.950, 159
Trd, 000113.833, 177
Trd, 000114.083, 152
Trd, 000114.483, 161
Trd, 000116.717, 148
Trd, 000116.883, 147
Trd, 000117.600, 149
Trd, 000118.283, 149
Trd, 000118.367, 148
Trd, 000118.600, 149
Trd, 000118.667, 151
Trd, 000119.867, 158
Trd, 000120.267, 160
Trd, 000120.483, 158
Trd, 000121.200, 157
Trd, 000121.900, 156
Trd, 000122.267, 158
Trd, 000122.700, 167
Trd, 000123.133, 156
Trd, 000123.267, 164
Trd, 000123.283, 178
Trd, 000125.317, 156
Trd, 000125.800, 155
Trd, 000127.100, 157
Trd, 000128.017, 157
Trd, 000128.350, 156
Trd, 000128.867, 155
Trd, 000129.300, 156
Trd, 000129.500, 155
Trd, 000129.800, 155
Trd, 000129.917, 154
Trd, 000130.550, 155
Trd, 000131.500, 154
Trd, 000131.567, 155
Trd, 000132.450, 156
Trd, 000133.317, 161
Trd, 000134.117, 153
Trd, 000134.867, 157
Trd, 000135.050, 156
Trd, 000135.317, 157
Trd, 000136.100, 157
Trd, 000136.633, 158
Trd, 000137.083, 158
Trd, 000137.783, 158
Trd, 000138.800, 162
Trd, 000139.417, 155
Trd, 000140.183, 159
Trd, 000141.267, 159
Trd, 000141.700, 160
Trd, 000141.717, 160
Trd, 000142.500, 160
Trd, 000142.817, 162
Trd, 000142.883, 162
Trd, 000143.183, 179
Trd, 000144.000, 159
Trd, 000144.433, 163
Trd, 000144.717, 160
Trd, 000144.883, 162
Trd, 000145.183, 163
Trd, 000145.933, 160
Trd, 000146.167, 159
Trd, 000146.417, 160
Trd, 000147.283, 158
Trd, 000147.367, 158
Trd, 000148.317, 161
Trd, 000148.933, 159
Trd, 000150.033, 160
Trd, 000150.933, 162
Trd, 000151.083, 160
Trd, 000151.100, 162
Trd, 000151.900, 160
Trd, 000152.283, 159
Trd, 000153.267, 159
Trd, 000153.883, 158
Trd, 000154.333, 158
Trd, 000154.717, 163
Trd, 000155.800, 163
Trd, 000155.967, 160
Trd, 000156.350, 164
Trd, 000156.417, 161
Trd, 000157.233, 164
Trd, 000157.700, 180
Trd, 000157.850, 164
Trd, 000158.117, 163
Trd, 000158.383, 167
Trd, 000159.367, 167
Trd, 000159.667, 171
Trd, 000159.683, 187
Trd, 000161.183, 164
Trd, 000161.400, 165
Trd, 000162.233, 163
Trd, 000162.367, 164
Trd, 000162.633, 161
Trd, 000163.633, 164
Trd, 000164.583, 164
Trd, 000164.700, 163
Trd, 000164.783, 165
Trd, 000165.633, 164
Trd, 000166.067, 165
Trd, 000166.967, 161
Trd, 000168.333, 166
Trd, 000168.683, 163
Trd, 000168.917, 166
Trd, 000169.400, 163
Trd, 000169.850, 165
Trd, 000170.283, 165
Trd, 000170.483, 166
Trd, 000171.600, 181
Trd, 000172.700, 169
Trd, 000172.850, 168
Trd, 000172.867, 170
Trd, 000173.417, 166
Trd, 000174.033, 163
Trd, 000174.067, 174
Trd, 000174.300, 182
Trd, 000176.383, 171
Trd, 000177.150, 165
Trd, 000177.550, 162
Trd, 000177.683, 156
Trd, 000178.167, 164
Trd, 000178.183, 151
Trd, 000179.450, 157
Trd, 000179.833, 157
Trd, 000180.117, 183
Trd, 000181.000, 166
Trd, 000181.750, 164
Trd, 000182.250, 165
Trd, 000182.283, 166
Trd, 000183.033, 167
Trd, 000183.683, 166
Trd, 000184.000, 165
Trd, 000184.450, 166
Trd, 000185.367, 166
Trd, 000185.400, 167
Trd, 000185.550, 168
Trd, 000185.767, 164
Trd, 000186.183, 186
Trd, 000186.733, 166
Trd, 000188.167, 167
Trd, 000188.533, 166
Trd, 000189.117, 173
Trd, 000190.200, 163
Trd, 000191.933, 167
Trd, 000192.100, 164
Trd, 000194.233, 157
Trd, 000194.883, 159
Trd, 000194.933, 158
Trd, 000194.983, 157
Trd, 000195.300, 159
Trd, 000195.583, 158
Trd, 000196.467, 159
Trd, 000196.600, 158
Trd, 000197.450, 156
Trd, 000197.967, 154
Trd, 000198.467, 160
Trd, 000199.933, 160
Trd, 000200.217, 159
Trd, 000200.433, 159
Trd, 000200.917, 159
Trd, 000200.933, 161
Trd, 000200.950, 168
Trd, 000201.550, 185
Trd, 000201.633, 164
Trd, 000202.917, 167
Trd, 000203.717, 168
Trd, 000204.117, 166
Trd, 000204.750, 168
Trd, 000204.933, 166
Trd, 000205.617, 167
Trd, 000205.650, 164
Trd, 000206.550, 161
Trd, 000206.850, 162
Trd, 000207.500, 161
Trd, 000207.700, 163
Trd, 000209.100, 162
Trd, 000209.267, 162
Trd, 000209.317, 163
Trd, 000209.417, 169
Trd, 000209.433, 183
Trd, 000210.600, 169
Trd, 000210.683, 161
Trd, 000211.167, 167
Trd, 000211.617, 170
Trd, 000211.717, 171
Trd, 000214.467, 170
Trd, 000215.300, 173
Trd, 000215.367, 169
Trd, 000215.517, 168
Trd, 000216.250, 180
Trd, 000216.533, 165
Trd, 000216.833, 173
Trd, 000217.050, 175
Trd, 000217.917, 172
Trd, 000218.267, 170
Trd, 000218.467, 169
Trd, 000218.533, 170
Trd, 000219.750, 173
Trd, 000220.133, 171
Trd, 000221.050, 174
Trd, 000221.250, 173
Trd, 000221.717, 174
Trd, 000221.733, 173
Trd, 000221.833, 172
Trd, 000222.000, 171
Trd, 000222.600, 187
Trd, 000223.717, 164
Trd, 000224.717, 165
Trd, 000225.833, 171
Trd, 000226.117, 172
Trd, 000226.650, 165
Trd, 000228.117, 169
Trd, 000228.250, 170
Trd, 000229.550, 169
Trd, 000229.933, 171
Trd, 000230.750, 167
Trd, 000230.917, 165
Trd, 000231.233, 171
Trd, 000231.650, 170
Trd, 000231.733, 173
Trd, 000232.133, 171
Trd, 000232.700, 171
Trd, 000233.067, 171
Trd, 000233.717, 170
Trd, 000235.050, 170
Trd, 000236.250, 169
Trd, 000236.317, 169
Trd, 000236.817, 169
Trd, 000236.867, 171
Trd, 000236.883, 172
Trd, 000237.100, 188
Trd, 000237.467, 195
Trd, 000237.883, 196
Trd, 000238.267, 168
Trd, 000238.900, 166
Trd, 000239.133, 174
Trd, 000239.433, 167
Trd, 000241.633, 168
Trd, 000241.717, 167
Trd, 000241.900, 163
Trd, 000241.983, 170
Trd, 000242.500, 166
Trd, 000242.833, 168
Trd, 000243.583, 166
Trd, 000243.600, 167
Trd, 000244.517, 167
Trd, 000244.533, 169
Trd, 000245.233, 167
Trd, 000246.133, 170
Trd, 000246.583, 172
Trd, 000247.250, 173
Trd, 000247.550, 173
Trd, 000248.283, 169
Trd, 000248.683, 172
Trd, 000249.467, 168
Trd, 000249.683, 172
Trd, 000249.900, 167
Trd, 000250.233, 170
Trd, 000251.083, 168
Trd, 000251.267, 167
Trd, 000251.333, 170
Trd, 000251.917, 173
Trd, 000252.167, 172
Trd, 000252.583, 175
Trd, 000252.700, 167
Trd, 000254.667, 165
Trd, 000255.133, 160
Trd, 000255.650, 164
Trd, 000256.450, 161
Trd, 000256.633, 165
Trd, 000257.033, 160
Trd, 000257.267, 162
Trd, 000257.400, 163
Trd, 000258.083, 163
Trd, 000258.950, 167
Trd, 000259.350, 167
Trd, 000259.567, 167
Trd, 000259.883, 170
Trd, 000260.267, 172
Trd, 000261.333, 171
Trd, 000261.783, 174
Trd, 000261.800, 181
Trd, 000261.817, 184
Trd, 000262.067, 166
Trd, 000263.133, 170
Trd, 000264.433, 170
Trd, 000265.283, 176
Trd, 000266.200, 177
Trd, 000266.300, 173
Trd, 000267.200, 172
Trd, 000267.783, 172
Trd, 000267.900, 173
Trd, 000268.150, 172
Trd, 000268.500, 174
Trd, 000268.550, 170
Trd, 000268.983, 172
Trd, 000269.383, 169
Trd, 000269.500, 167
Trd, 000269.517, 175
Trd, 000269.683, 175
Trd, 000270.200, 164
Trd, 000270.667, 170
Trd, 000272.333, 172
Trd, 000272.883, 173
Trd, 000273.633, 171
Trd, 000273.967, 170
Trd, 000274.100, 168
Trd, 000274.933, 169
Trd, 000275.017, 170
Trd, 000275.133, 172
Trd, 000275.433, 172
Trd, 000275.483, 171
Trd, 000276.533, 172
Trd, 000277.000, 174
Trd, 000277.067, 169
Trd, 000277.083, 174
Trd, 000277.967, 178
Trd, 000278.033, 182
Trd, 000278.567, 170
Trd, 000279.383, 179
Trd, 000279.483, 172
Trd, 000280.083, 175
Trd, 000281.433, 173
Trd, 000281.550, 175
Trd, 000281.617, 176
Trd, 000283.083, 176
Trd, 000283.150, 177
Trd, 000283.883, 175
Trd, 000284.017, 176
Trd, 000284.150, 173
Trd, 000284.283, 170
Trd, 000284.533, 165
Trd, 000284.917, 171
Trd, 000285.533, 172
Trd, 000285.817, 171
Trd, 000285.850, 172
Trd, 000285.933, 176
Trd, 000286.150, 179
Trd, 000286.933, 176
Trd, 000287.167, 170
Trd, 000289.250, 170
Trd, 000290.050, 174
Trd, 000290.200, 175
Trd, 000290.483, 173
Trd, 000290.567, 172
Trd, 000290.650, 171
Trd, 000290.933, 172
Trd, 000291.117, 177
Trd, 000291.517, 177
Trd, 000291.717, 177
Trd, 000292.533, 170
Trd, 000293.483, 167
Trd, 000294.550, 171
Trd, 000295.367, 171
Trd, 000295.717, 171
Trd, 000295.783, 171
Trd, 000296.067, 170
Trd, 000296.100, 171
Trd, 000296.250, 171
Trd, 000296.917, 172
Trd, 000297.350, 177
Trd, 000297.800, 180
Trd, 000298.000, 183
Trd, 000298.550, 179
Trd, 000299.017, 177
Trd, 000299.233, 176
Trd, 000299.300, 175
Trd, 000299.783, 175
