Trd, 000002.150, 134
Trd, 000002.200, 151
Trd, 000003.383, 166
Trd, 000003.550, 158
Trd, 000003.700, 167
Trd, 000003.800, 154
Trd, 000003.900, 143
Trd, 000004.067, 136
Trd, 000004.600, 155
Trd, 000004.917, 148
Trd, 000005.350, 137
Trd, 000005.833, 162
Trd, 000006.167, 187
Trd, 000006.550, 158
Trd, 000006.633, 139
Trd, 000007.083, 165
Trd, 000007.850, 150
Trd, 000008.000, 152
Trd, 000008.767, 150
Trd, 000009.417, 146
Trd, 000009.467, 147
Trd, 000009.650, 148
Trd, 000010.450, 147
Trd, 000010.700, 149
Trd, 000011.400, 149
Trd, 000011.683, 148
Trd, 000012.183, 169
Trd, 000013.517, 151
Trd, 000013.883, 149
Trd, 000014.417, 144
Trd, 000015.717, 142
Trd, 000016.117, 141
Trd, 000016.283, 142
Trd, 000016.417, 142
Trd, 000016.817, 141
Trd, 000017.617, 141
Trd, 000017.767, 142
Trd, 000017.850, 144
Trd, 000018.683, 140
Trd, 000019.367, 145
Trd, 000019.683, 143
Trd, 000019.917, 149
Trd, 000021.033, 145
Trd, 000021.567, 147
Trd, 000022.117, 147
Trd, 000023.017, 145
Trd, 000023.883, 146
Trd, 000024.050, 145
Trd, 000024.083, 143
Trd, 000024.233, 146
Trd, 000025.567, 139
Trd, 000025.933, 143
Trd, 000026.133, 141
Trd, 000026.467, 141
Trd, 000026.867, 139
Trd, 000026.900, 143
Trd, 000027.750, 141
Trd, 000027.850, 142
Trd, 000028.167, 151
Trd, 000028.433, 146
Trd, 000029.467, 144
Trd, 000029.933, 147
Trd, 000030.000, 158
Trd, 000030.083, 154
Trd, 000030.167, 171
Trd, 000030.983, 162
Trd, 000031.400, 175
Trd, 000031.467, 171
Trd, 000031.917, 154
Trd, 000032.367, 161
Trd, 000033.083, 165
Trd, 000033.333, 156
Trd, 000033.683, 196
Trd, 000035.583, 159
Trd, 000036.050, 167
Trd, 000036.650, 158
Trd, 000037.417, 161
Trd, 000037.433, 164
Trd, 000037.500, 158
Trd, 000037.900, 163
Trd, 000038.267, 163
Trd, 000038.300, 164
Trd, 000039.250, 159
Trd, 000040.050, 158
Trd, 000040.300, 152
Trd, 000040.583, 157
Trd, 000041.467, 154
Trd, 000041.517, 153
Trd, 000041.633, 155
Trd, 000041.750, 156
Trd, 000042.233, 159
Trd, 000043.333, 176
Trd, 000044.550, 190
Trd, 000044.567, 176
Trd, 000044.650, 162
Trd, 000044.850, 161
Trd, 000045.167, 155
Trd, 000046.750, 144
Trd, 000047.100, 154
Trd, 000047.450, 154
Trd, 000047.667, 154
Trd, 000047.917, 153
Trd, 000048.150, 155
Trd, 000048.317, 155
Trd, 000048.733, 152
Trd, 000049.667, 152
Trd, 000049.850, 153
Trd, 000050.483, 154
Trd, 000051.317, 154
Trd, 000051.650, 156
Trd, 000052.867, 153
Trd, 000053.250, 156
Trd, 000053.383, 156
Trd, 000053.800, 157
Trd, 000054.050, 154
Trd, 000054.067, 153
Trd, 000054.117, 159
Trd, 000056.617, 154
Trd, 000056.750, 155
Trd, 000057.033, 153
Trd, 000057.050, 156
Trd, 000057.933, 154
Trd, 000058.283, 157
Trd, 000059.450, 156
Trd, 000059.817, 153
Trd, 000059.883, 154
Trd, 000060.067, 153
Trd, 000060.583, 154
Trd, 000061.400, 155
Trd, 000061.817, 161
Trd, 000061.850, 155
Trd, 000062.000, 158
Trd, 000062.517, 157
Trd, 000063.267, 155
Trd, 000063.317, 156
Trd, 000063.883, 175
Trd, 000064.133, 190
Trd, 000064.350, 154
Trd, 000065.250, 170
Trd, 000065.533, 168
Trd, 000065.783, 171
Trd, 000065.983, 172
Trd, 000066.367, 160
Trd, 000067.467, 158
Trd, 000068.017, 158
Trd, 000068.033, 147
Trd, 000068.817, 157
Trd, 000069.400, 159
Trd, 000070.867, 157
Trd, 000071.450, 156
Trd, 000071.967, 156
Trd, 000072.067, 155
Trd, 000072.483, 155
Trd, 000072.767, 160
Trd, 000072.800, 162
Trd, 000073.383, 161
Trd, 000073.583, 161
Trd, 000074.783, 158
Trd, 000074.817, 160
Trd, 000075.100, 158
Trd, 000076.050, 155
Trd, 000076.117, 159
Trd, 000076.917, 161
Trd, 000077.433, 157
Trd, 000077.867, 148
Trd, 000079.417, 150
Trd, 000079.550, 150
Trd, 000080.417, 149
Trd, 000080.533, 148
Trd, 000080.567, 150
Trd, 000080.583, 153
Trd, 000080.600, 155
Trd, 000081.333, 156
Trd, 000081.733, 153
Trd, 000081.833, 158
Trd, 000082.750, 159
Trd, 000082.967, 163
Trd, 000083.417, 159
Trd, 000083.533, 150
Trd, 000083.967, 155
Trd, 000084.017, 156
Trd, 000084.400, 151
Trd, 000085.767, 150
Trd, 000085.883, 150
Trd, 000086.367, 154
Trd, 000086.417, 151
Trd, 000087.350, 154
Trd, 000087.467, 156
Trd, 000087.800, 157
Trd, 000088.567, 150
Trd, 000088.700, 158
Trd, 000088.717, 158
Trd, 000089.850, 156
Trd, 000090.117, 150
Trd, 000090.483, 150
Trd, 000091.650, 151
Trd, 000091.717, 156
Trd, 000092.450, 156
Trd, 000093.000, 157
Trd, 000093.017, 150
Trd, 000093.383, 160
Trd, 000093.433, 177
Trd, 000094.133, 159
Trd, 000094.683, 160
Trd, 000094.917, 160
Trd, 000096.517, 161
Trd, 000096.683, 159
Trd, 000096.700, 163
Trd, 000097.700, 159
Trd, 000097.750, 160
Trd, 000097.883, 159
Trd, 000098.183, 159
Trd, 000099.017, 162
Trd, 000099.867, 158
Trd, 000100.100, 158
Trd, 000100.150, 163
Trd, 000100.867, 158
Trd, 000101.600, 154
Trd, 000102.333, 159
Trd, 000103.100, 156
Trd, 000103.167, 158
Trd, 000103.467, 155
Trd, 000103.700, 154
Trd, 000104.633, 156
Trd, 000104.983, 156
Trd, 000105.600, 156
Trd, 000105.667, 157
Trd, 000105.833, 158
Trd, 000106.300, 157
Trd, 000106.933, 161
Trd, 000107.400, 160
Trd, 000107.467, 156
Trd, 000108.400, 159
Trd, 000108.450, 159
Trd, 000109.000, 160
Trd, 000109.433, 157
Trd, 000110.083, 161
Trd, 000110.850, 162
Trd, 000111.167, 163
Trd, 000112.517, 161
Trd, 000112.967, 161
Trd, 000113.617, 161
Trd, 000114.000, 162
Trd, 000114.333, 161
Trd, 000115.233, 163
Trd, 000116.050, 162
Trd, 000116.983, 161
Trd, 000117.083, 163
Trd, 000117.767, 171
Trd, 000118.100, 162
Trd, 000118.333, 168
Trd, 000120.367, 167
Trd, 000120.500, 167
Trd, 000120.600, 165
Trd, 000120.750, 169
Trd, 000120.967, 167
Trd, 000121.117, 165
Trd, 000121.383, 166
Trd, 000121.650, 168
Trd, 000121.767, 164
Trd, 000122.000, 168
Trd, 000122.500, 168
Trd, 000122.783, 160
Trd, 000123.583, 168
Trd, 000124.433, 169
Trd, 000124.833, 159
Trd, 000125.483, 161
Trd, 000126.100, 162
Trd, 000126.117, 162
Trd, 000126.150, 163
Trd, 000126.517, 163
Trd, 000126.633, 164
Trd, 000127.167, 151
Trd, 000127.717, 143
Trd, 000128.317, 149
Trd, 000128.767, 152
Trd, 000129.250, 149
Trd, 000129.300, 150
Trd, 000130.200, 156
Trd, 000130.467, 161
Trd, 000132.450, 154
Trd, 000133.183, 156
Trd, 000133.217, 154
Trd, 000133.683, 156
Trd, 000134.367, 161
Trd, 000134.383, 164
Trd, 000135.017, 159
Trd, 000135.367, 159
Trd, 000135.833, 154
Trd, 000136.267, 158
Trd, 000136.383, 160
Trd, 000136.450, 165
Trd, 000136.517, 168
Trd, 000137.767, 162
Trd, 000138.733, 164
Trd, 000138.800, 162
Trd, 000140.633, 158
Trd, 000140.783, 159
Trd, 000140.850, 160
Trd, 000140.967, 157
Trd, 000142.283, 156
Trd, 000142.450, 155
Trd, 000142.533, 158
Trd, 000142.617, 158
Trd, 000142.783, 157
Trd, 000142.800, 159
Trd, 000143.333, 159
Trd, 000144.550, 158
Trd, 000144.583, 156
Trd, 000145.183, 157
Trd, 000146.650, 161
Trd, 000147.450, 162
Trd, 000147.767, 156
Trd, 000148.167, 156
Trd, 000148.850, 155
Trd, 000149.033, 162
Trd, 000149.600, 153
Trd, 000149.883, 154
Trd, 000149.983, 155
Trd, 000150.167, 163
Trd, 000151.083, 159
Trd, 000151.767, 163
Trd, 000151.800, 157
Trd, 000152.550, 163
Trd, 000152.817, 163
Trd, 000153.317, 163
Trd, 000154.117, 170
Trd, 000154.467, 162
Trd, 000154.567, 163
Trd, 000155.000, 165
Trd, 000155.067, 164
Trd, 000156.367, 162
Trd, 000156.567, 164
Trd, 000157.067, 165
Trd, 000157.300, 164
Trd, 000157.850, 165
Trd, 000158.783, 165
Trd, 000158.867, 166
Trd, 000159.467, 165
Trd, 000159.783, 167
Trd, 000160.417, 164
Trd, 000160.450, 164
Trd, 000160.983, 164
Trd, 000162.350, 165
Trd, 000163.000, 164
Trd, 000163.850, 165
Trd, 000164.233, 171
Trd, 000164.550, 168
Trd, 000165.500, 164
Trd, 000165.917, 167
Trd, 000166.300, 165
Trd, 000166.500, 166
Trd, 000166.833, 166
Trd, 000166.900, 167
Trd, 000167.050, 168
Trd, 000167.350, 165
Trd, 000168.517, 167
Trd, 000168.667, 169
Trd, 000169.050, 168
Trd, 000169.117, 165
Trd, 000169.283, 169
Trd, 000169.600, 165
Trd, 000169.700, 171
Trd, 000170.483, 164
Trd, 000171.100, 171
Trd, 000171.600, 164
Trd, 000171.700, 157
Trd, 000172.200, 171
Trd, 000172.350, 171
Trd, 000172.767, 165
Trd, 000173.183, 167
Trd, 000173.683, 165
Trd, 000173.850, 166
Trd, 000174.067, 168
Trd, 000174.600, 168
Trd, 000174.983, 164
Trd, 000176.667, 166
Trd, 000176.850, 168
Trd, 000177.250, 167
Trd, 000178.150, 169
Trd, 000178.250, 168
Trd, 000178.283, 169
Trd, 000179.033, 170
Trd, 000179.067, 166
Trd, 000180.300, 168
Trd, 000180.733, 171
Trd, 000181.867, 170
Trd, 000181.917, 171
Trd, 000182.017, 185
Trd, 000182.317, 169
Trd, 000182.717, 172
Trd, 000183.600, 170
Trd, 000183.633, 171
Trd, 000184.167, 173
Trd, 000184.883, 173
Trd, 000185.383, 171
Trd, 000186.150, 176
Trd, 000186.183, 183
Trd, 000186.483, 186
Trd, 000186.817, 172
Trd, 000187.717, 174
Trd, 000188.883, 175
Trd, 000189.600, 174
Trd, 000189.983, 174
Trd, 000190.133, 173
Trd, 000190.967, 174
Trd, 000191.200, 176
Trd, 000191.850, 168
Trd, 000192.417, 170
Trd, 000192.533, 172
Trd, 000193.750, 168
Trd, 000193.933, 171
Trd, 000194.050, 171
Trd, 000194.950, 170
Trd, 000194.967, 168
Trd, 000195.300, 169
Trd, 000195.700, 168
Trd, 000196.467, 165
Trd, 000196.700, 167
Trd, 000196.933, 165
Trd, 000197.817, 166
Trd, 000198.083, 167
Trd, 000198.533, 168
Trd, 000198.567, 167
Trd, 000199.433, 171
Trd, 000200.217, 169
Trd, 000200.683, 168
Trd, 000200.950, 168
Trd, 000201.333, 168
Trd, 000201.750, 169
Trd, 000202.483, 169
Trd, 000202.683, 170
Trd, 000203.567, 172
Trd, 000203.700, 170
Trd, 000204.233, 166
Trd, 000204.983, 166
Trd, 000205.067, 165
Trd, 000205.850, 167
Trd, 000206.250, 168
Trd, 000206.483, 174
Trd, 000206.717, 175
Trd, 000206.967, 166
Trd, 000207.183, 188
Trd, 000208.583, 167
Trd, 000208.617, 169
Trd, 000209.317, 170
Trd, 000209.467, 169
Trd, 000210.150, 170
Trd, 000210.300, 172
Trd, 000210.367, 169
Trd, 000210.767, 168
Trd, 000211.150, 166
Trd, 000211.450, 169
Trd, 000211.600, 161
Trd, 000212.000, 161
Trd, 000212.250, 152
Trd, 000212.567, 161
Trd, 000213.900, 150
Trd, 000214.183, 153
Trd, 000214.383, 155
Trd, 000214.967, 162
Trd, 000215.200, 157
Trd, 000215.467, 169
Trd, 000216.083, 165
Trd, 000216.367, 170
Trd, 000216.517, 171
Trd, 000216.700, 172
Trd, 000217.267, 171
Trd, 000218.233, 170
Trd, 000218.550, 165
Trd, 000218.900, 166
Trd, 000219.150, 168
Trd, 000220.883, 168
Trd, 000221.483, 169
Trd, 000221.650, 170
Trd, 000222.050, 166
Trd, 000222.333, 166
Trd, 000222.683, 172
Trd, 000223.933, 173
Trd, 000224.533, 171
Trd, 000224.733, 172
Trd, 000225.750, 170
Trd, 000225.800, 171
Trd, 000226.517, 170
Trd, 000226.550, 171
Trd, 000226.733, 172
Trd, 000227.617, 171
Trd, 000228.050, 173
Trd, 000229.083, 171
Trd, 000229.333, 163
Trd, 000230.450, 170
Trd, 000230.650, 169
Trd, 000231.283, 169
Trd, 000231.500, 169
Trd, 000232.450, 171
Trd, 000232.967, 172
Trd, 000233.317, 171
Trd, 000233.633, 174
Trd, 000234.000, 170
Trd, 000234.400, 170
Trd, 000234.800, 169
Trd, 000235.400, 170
Trd, 000236.100, 171
Trd, 000236.200, 171
Trd, 000236.550, 174
Trd, 000236.767, 170
Trd, 000237.450, 171
Trd, 000237.600, 173
Trd, 000237.667, 178
Trd, 000237.883, 170
Trd, 000238.850, 173
Trd, 000239.950, 172
Trd, 000240.417, 169
Trd, 000240.633, 171
Trd, 000241.033, 172
Trd, 000241.100, 175
Trd, 000241.700, 173
Trd, 000242.367, 172
Trd, 000242.883, 172
Trd, 000243.083, 169
Trd, 000243.433, 172
Trd, 000243.483, 172
Trd, 000243.750, 175
Trd, 000244.483, 172
Trd, 000244.917, 170
Trd, 000245.367, 170
Trd, 000245.967, 169
Trd, 000246.333, 170
Trd, 000248.167, 171
Trd, 000248.200, 172
Trd, 000248.533, 173
Trd, 000248.750, 169
Trd, 000249.200, 176
Trd, 000250.433, 179
Trd, 000250.800, 179
Trd, 000250.917, 178
Trd, 000251.200, 176
Trd, 000251.283, 178
Trd, 000251.367, 176
Trd, 000251.617, 178
Trd, 000252.650, 178
Trd, 000252.917, 178
Trd, 000253.683, 177
Trd, 000254.633, 176
Trd, 000255.017, 179
Trd, 000255.067, 176
Trd, 000255.850, 175
Trd, 000256.000, 177
Trd, 000256.150, 174
Trd, 000256.317, 177
Trd, 000256.417, 177
Trd, 000256.450, 179
Trd, 000256.467, 173
Trd, 000259.083, 173
Trd, 000259.117, 175
Trd, 000259.550, 176
Trd, 000259.617, 177
Trd, 000259.683, 178
Trd, 000259.767, 181
Trd, 000259.817, 181
Trd, 000259.983, 175
Trd, 000260.483, 173
Trd, 000260.500, 172
Trd, 000260.633, 170
Trd, 000260.850, 174
Trd, 000261.317, 178
Trd, 000261.900, 177
Trd, 000262.550, 178
Trd, 000262.567, 182
Trd, 000263.267, 177
Trd, 000263.400, 190
Trd, 000263.850, 175
Trd, 000264.117, 186
Trd, 000264.333, 176
Trd, 000264.750, 185
Trd, 000264.950, 185
Trd, 000265.183, 178
Trd, 000265.700, 194
Trd, 000266.650, 180
Trd, 000266.833, 184
Trd, 000266.900, 185
Trd, 000267.267, 184
Trd, 000267.533, 182
Trd, 000268.167, 175
Trd, 000268.533, 177
Trd, 000269.567, 173
Trd, 000269.667, 175
Trd, 000269.750, 176
Trd, 000270.250, 177
Trd, 000270.350, 177
Trd, 000270.917, 179
Trd, 000271.650, 161
Trd, 000272.450, 176
Trd, 000272.950, 173
Trd, 000273.567, 174
Trd, 000274.300, 174
Trd, 000274.317, 174
Trd, 000274.417, 172
Trd, 000274.550, 173
Trd, 000274.767, 173
Trd, 000274.783, 175
Trd, 000275.067, 171
Trd, 000275.733, 172
Trd, 000275.850, 178
Trd, 000276.250, 171
Trd, 000276.450, 178
Trd, 000276.750, 170
Trd, 000277.433, 174
Trd, 000277.900, 174
Trd, 000277.950, 172
Trd, 000278.100, 183
Trd, 000278.767, 183
Trd, 000278.900, 179
Trd, 000279.383, 184
Trd, 000279.450, 186
Trd, 000279.500, 178
Trd, 000280.550, 180
Trd, 000280.683, 179
Trd, 000281.000, 186
Trd, 000283.033, 180
Trd, 000283.183, 181
Trd, 000283.950, 179
Trd, 000284.900, 180
Trd, 000285.300, 179
Trd, 000285.833, 179
Trd, 000286.033, 178
Trd, 000286.183, 176
Trd, 000286.400, 172
Trd, 000287.233, 171
Trd, 000287.467, 173
Trd, 000287.800, 172
Trd, 000288.617, 172
Trd, 000288.750, 173
Trd, 000289.650, 172
Trd, 000289.717, 174
Trd, 000290.617, 172
Trd, 000290.700, 173
Trd, 000290.800, 175
Trd, 000290.817, 169
Trd, 000291.500, 175
Trd, 000291.767, 180
Trd, 000292.400, 175
Trd, 000292.950, 175
Trd, 000292.967, 176
Trd, 000293.133, 177
Trd, 000293.250, 184
Trd, 000293.350, 173
Trd, 000293.717, 178
Trd, 000294.200, 179
Trd, 000294.300, 177
Trd, 000294.967, 179
Trd, 000295.483, 175
Trd, 000295.650, 179
Trd, 000296.017, 179
Trd, 000296.383, 177
Trd, 000296.917, 179
Trd, 000297.200, 180
Trd, 000297.517, 177
Trd, 000297.583, 176
Trd, 000297.733, 175
Trd, 000298.933, 177
Trd, 000298.983, 180
Trd, 000299.117, 173
