Trd, 000000.517, 103
Trd, 000002.350, 146
Trd, 000002.383, 162
Trd, 000002.567, 136
Trd, 000003.967, 132
Trd, 000004.100, 133
Trd, 000004.283, 134
Trd, 000004.450, 141
Trd, 000005.217, 133
Trd, 000005.650, 141
Trd, 000006.033, 132
Trd, 000006.067, 149
Trd, 000007.017, 132
Trd, 000007.583, 130
Trd, 000008.467, 136
Trd, 000008.500, 137
Trd, 000008.933, 136
Trd, 000008.950, 137
Trd, 000010.150, 138
Trd, 000010.633, 133
Trd, 000010.683, 138
Trd, 000010.817, 132
Trd, 000010.833, 139
Trd, 000011.233, 140
Trd, 000014.417, 135
Trd, 000014.867, 139
Trd, 000014.950, 139
Trd, 000015.367, 142
Trd, 000016.433, 143
Trd, 000017.600, 145
Trd, 000017.933, 145
Trd, 000018.167, 142
Trd, 000018.350, 147
Trd, 000018.417, 150
Trd, 000018.600, 148
Trd, 000018.767, 162
Trd, 000018.783, 144
Trd, 000019.600, 139
Trd, 000021.017, 164
Trd, 000021.617, 174
Trd, 000022.567, 164
Trd, 000023.000, 159
Trd, 000023.183, 167
Trd, 000023.217, 159
Trd, 000023.333, 174
Trd, 000024.050, 158
Trd, 000024.333, 159
Trd, 000024.567, 168
Trd, 000025.417, 172
Trd, 000025.650, 165
Trd, 000026.100, 172
Trd, 000026.133, 164
Trd, 000026.983, 171
Trd, 000027.150, 172
Trd, 000027.650, 147
Trd, 000027.933, 146
Trd, 000029.167, 155
Trd, 000030.233, 152
Trd, 000031.800, 149
Trd, 000032.133, 137
Trd, 000033.217, 133
Trd, 000033.783, 131
Trd, 000033.817, 131
Trd, 000033.950, 134
Trd, 000034.217, 144
Trd, 000034.800, 134
Trd, 000035.133, 133
Trd, 000036.083, 136
Trd, 000036.100, 142
Trd, 000036.850, 175
Trd, 000037.100, 178
Trd, 000037.200, 146
Trd, 000037.350, 189
Trd, 000037.883, 158
Trd, 000038.317, 148
Trd, 000039.317, 153
Trd, 000040.383, 154
Trd, 000040.850, 157
Trd, 000041.667, 155
Trd, 000042.750, 152
Trd, 000042.783, 140
Trd, 000044.400, 153
Trd, 000045.033, 153
Trd, 000045.100, 154
Trd, 000045.433, 154
Trd, 000045.567, 149
Trd, 000045.783, 155
Trd, 000046.083, 159
Trd, 000046.183, 152
Trd, 000046.483, 152
Trd, 000046.517, 160
Trd, 000046.900, 158
Trd, 000047.317, 153
Trd, 000047.667, 158
Trd, 000048.150, 148
Trd, 000048.283, 155
Trd, 000048.833, 154
Trd, 000049.317, 142
Trd, 000051.317, 155
Trd, 000051.483, 156
Trd, 000052.250, 145
Trd, 000052.600, 173
Trd, 000053.433, 144
Trd, 000053.650, 173
Trd, 000054.167, 145
Trd, 000055.483, 145
Trd, 000055.733, 146
Trd, 000056.467, 144
Trd, 000056.650, 152
Trd, 000056.783, 157
Trd, 000057.233, 157
Trd, 000057.500, 158
Trd, 000058.183, 149
Trd, 000058.733, 148
Trd, 000059.383, 153
Trd, 000060.083, 156
Trd, 000060.433, 156
Trd, 000061.367, 154
Trd, 000061.383, 156
Trd, 000062.850, 151
Trd, 000063.500, 154
Trd, 000063.667, 153
Trd, 000063.850, 154
Trd, 000064.067, 153
Trd, 000064.350, 153
Trd, 000065.150, 153
Trd, 000065.317, 153
Trd, 000066.083, 154
Trd, 000066.367, 154
Trd, 000066.583, 158
Trd, 000067.800, 160
Trd, 000068.567, 159
Trd, 000068.633, 178
Trd, 000068.700, 181
Trd, 000069.117, 183
Trd, 000069.483, 167
Trd, 000069.500, 159
Trd, 000069.867, 144
Trd, 000070.267, 169
Trd, 000070.733, 179
Trd, 000071.267, 169
Trd, 000071.883, 160
Trd, 000072.183, 162
Trd, 000072.667, 156
Trd, 000073.233, 146
Trd, 000073.717, 153
Trd, 000074.100, 153
Trd, 000074.250, 154
Trd, 000074.333, 142
Trd, 000074.400, 155
Trd, 000074.433, 156
Trd, 000074.733, 182
Trd, 000076.033, 162
Trd, 000077.467, 170
Trd, 000077.633, 163
Trd, 000078.300, 164
Trd, 000078.550, 147
Trd, 000078.900, 164
Trd, 000078.950, 155
Trd, 000079.567, 161
Trd, 000080.567, 160
Trd, 000080.683, 153
Trd, 000081.083, 142
Trd, 000082.717, 160
Trd, 000083.117, 149
Trd, 000083.600, 158
Trd, 000084.050, 158
Trd, 000084.417, 156
Trd, 000084.500, 155
Trd, 000084.733, 150
Trd, 000085.600, 150
Trd, 000087.117, 154
Trd, 000087.217, 155
Trd, 000087.567, 154
Trd, 000088.100, 155
Trd, 000088.567, 153
Trd, 000088.800, 155
Trd, 000088.833, 150
Trd, 000088.867, 144
Trd, 000089.367, 157
Trd, 000090.133, 180
Trd, 000090.233, 168
Trd, 000093.117, 166
Trd, 000093.767, 166
Trd, 000093.867, 164
Trd, 000093.917, 166
Trd, 000094.083, 167
Trd, 000094.367, 165
Trd, 000094.717, 164
Trd, 000094.883, 162
Trd, 000096.333, 161
Trd, 000096.667, 162
Trd, 000097.617, 164
Trd, 000097.783, 164
Trd, 000098.067, 166
Trd, 000098.383, 164
Trd, 000099.817, 182
Trd, 000100.300, 170
Trd, 000100.383, 167
Trd, 000100.817, 171
Trd, 000101.133, 168
Trd, 000101.250, 170
Trd, 000101.900, 168
Trd, 000102.317, 167
Trd, 000102.533, 147
Trd, 000102.717, 170
Trd, 000102.783, 171
Trd, 000103.000, 185
Trd, 000104.250, 148
Trd, 000104.767, 159
Trd, 000104.983, 165
Trd, 000105.667, 164
Trd, 000105.783, 157
Trd, 000106.517, 157
Trd, 000107.467, 156
Trd, 000108.267, 158
Trd, 000109.100, 158
Trd, 000109.567, 147
Trd, 000109.583, 145
Trd, 000110.200, 149
Trd, 000111.100, 155
Trd, 000111.817, 154
Trd, 000112.100, 155
Trd, 000112.867, 150
Trd, 000113.600, 154
Trd, 000113.683, 156
Trd, 000114.633, 156
Trd, 000114.767, 155
Trd, 000115.417, 156
Trd, 000115.533, 157
Trd, 000116.233, 156
Trd, 000116.717, 157
Trd, 000116.983, 158
Trd, 000117.000, 157
Trd, 000117.533, 159
Trd, 000117.950, 153
Trd, 000118.700, 148
Trd, 000119.083, 145
Trd, 000119.650, 152
Trd, 000119.800, 153
Trd, 000120.183, 153
Trd, 000120.667, 150
Trd, 000120.900, 151
Trd, 000121.150, 149
Trd, 000121.917, 151
Trd, 000122.700, 151
Trd, 000123.067, 152
Trd, 000123.683, 150
Trd, 000123.883, 161
Trd, 000124.867, 152
Trd, 000125.117, 153
Trd, 000125.150, 155
Trd, 000125.700, 151
Trd, 000126.067, 154
Trd, 000126.383, 149
Trd, 000126.433, 148
Trd, 000127.983, 152
Trd, 000128.400, 153
Trd, 000128.767, 147
Trd, 000128.950, 154
Trd, 000129.050, 155
Trd, 000131.333, 153
Trd, 000131.383, 150
Trd, 000131.667, 150
Trd, 000132.267, 152
Trd, 000132.600, 154
Trd, 000132.767, 155
Trd, 000133.533, 161
Trd, 000133.583, 185
Trd, 000134.683, 187
Trd, 000134.900, 174
Trd, 000135.333, 174
Trd, 000135.550, 170
Trd, 000136.267, 177
Trd, 000137.067, 176
Trd, 000137.750, 168
Trd, 000137.950, 169
Trd, 000138.967, 168
Trd, 000139.117, 157
Trd, 000139.183, 170
Trd, 000140.383, 166
Trd, 000140.783, 164
Trd, 000141.117, 166
Trd, 000141.317, 186
Trd, 000141.350, 153
Trd, 000142.500, 198
Trd, 000143.217, 155
Trd, 000143.367, 153
Trd, 000144.083, 181
Trd, 000144.150, 155
Trd, 000144.400, 186
Trd, 000144.917, 164
Trd, 000144.983, 189
Trd, 000145.167, 163
Trd, 000145.883, 168
Trd, 000146.333, 170
Trd, 000147.233, 166
Trd, 000148.283, 167
Trd, 000149.000, 167
Trd, 000149.267, 167
Trd, 000149.333, 167
Trd, 000149.483, 165
Trd, 000150.150, 164
Trd, 000150.383, 149
Trd, 000150.700, 156
Trd, 000151.217, 163
Trd, 000151.250, 153
Trd, 000151.850, 164
Trd, 000152.317, 164
Trd, 000153.000, 187
Trd, 000153.233, 190
Trd, 000153.300, 201
Trd, 000153.633, 164
Trd, 000153.717, 162
Trd, 000154.400, 200
Trd, 000154.467, 161
Trd, 000156.850, 175
Trd, 000157.617, 176
Trd, 000157.650, 177
Trd, 000158.200, 175
Trd, 000159.033, 171
Trd, 000159.867, 176
Trd, 000160.300, 175
Trd, 000160.433, 172
Trd, 000160.467, 171
Trd, 000160.633, 175
Trd, 000161.700, 175
Trd, 000162.400, 177
Trd, 000162.467, 177
Trd, 000164.250, 172
Trd, 000164.883, 171
Trd, 000165.283, 171
Trd, 000165.417, 175
Trd, 000165.617, 175
Trd, 000165.633, 171
Trd, 000165.967, 177
Trd, 000166.650, 173
Trd, 000167.117, 169
Trd, 000167.300, 169
Trd, 000167.467, 171
Trd, 000167.633, 172
Trd, 000168.617, 170
Trd, 000169.300, 172
Trd, 000169.433, 170
Trd, 000169.750, 179
Trd, 000169.833, 172
Trd, 000169.883, 189
Trd, 000171.317, 170
Trd, 000172.250, 166
Trd, 000172.333, 167
Trd, 000172.783, 166
Trd, 000173.567, 165
Trd, 000174.167, 164
Trd, 000174.433, 154
Trd, 000175.267, 164
Trd, 000175.400, 165
Trd, 000175.967, 164
Trd, 000176.250, 165
Trd, 000176.500, 165
Trd, 000178.017, 159
Trd, 000178.150, 159
Trd, 000178.233, 161
Trd, 000178.533, 177
Trd, 000178.550, 190
Trd, 000179.400, 153
Trd, 000179.583, 175
Trd, 000180.067, 175
Trd, 000180.650, 178
Trd, 000181.200, 177
Trd, 000181.833, 159
Trd, 000182.317, 164
Trd, 000182.550, 163
Trd, 000183.383, 153
Trd, 000183.617, 152
Trd, 000183.867, 162
Trd, 000184.400, 161
Trd, 000185.167, 161
Trd, 000185.417, 161
Trd, 000185.867, 159
Trd, 000186.050, 162
Trd, 000186.350, 160
Trd, 000186.667, 165
Trd, 000186.750, 166
Trd, 000187.133, 159
Trd, 000188.250, 167
Trd, 000189.633, 159
Trd, 000190.133, 165
Trd, 000190.333, 156
Trd, 000191.017, 164
Trd, 000191.633, 156
Trd, 000192.100, 164
Trd, 000192.467, 156
Trd, 000193.333, 165
Trd, 000193.417, 166
Trd, 000193.483, 167
Trd, 000193.517, 156
Trd, 000193.650, 160
Trd, 000193.717, 155
Trd, 000195.383, 154
Trd, 000196.333, 157
Trd, 000196.833, 158
Trd, 000196.850, 159
Trd, 000198.233, 160
Trd, 000198.717, 160
Trd, 000199.283, 162
Trd, 000199.450, 159
Trd, 000200.800, 160
Trd, 000200.817, 158
Trd, 000200.867, 158
Trd, 000201.650, 159
Trd, 000202.017, 161
Trd, 000202.133, 157
Trd, 000202.917, 163
Trd, 000204.017, 166
Trd, 000204.617, 168
Trd, 000204.650, 168
Trd, 000204.717, 176
Trd, 000205.067, 161
Trd, 000205.550, 170
Trd, 000206.583, 170
Trd, 000206.967, 169
Trd, 000207.050, 192
Trd, 000207.400, 174
Trd, 000207.600, 174
Trd, 000207.633, 195
Trd, 000208.083, 205
Trd, 000208.283, 171
Trd, 000208.617, 171
Trd, 000208.917, 205
Trd, 000209.917, 190
Trd, 000210.400, 168
Trd, 000210.917, 182
Trd, 000211.433, 162
Trd, 000211.750, 168
Trd, 000212.017, 166
Trd, 000212.233, 165
Trd, 000213.633, 163
Trd, 000213.767, 165
Trd, 000214.133, 165
Trd, 000214.783, 168
Trd, 000214.967, 165
Trd, 000215.217, 162
Trd, 000215.483, 193
Trd, 000216.467, 184
Trd, 000216.483, 196
Trd, 000218.550, 182
Trd, 000218.633, 186
Trd, 000219.283, 181
Trd, 000219.633, 183
Trd, 000220.267, 179
Trd, 000220.600, 183
Trd, 000220.867, 178
Trd, 000221.133, 178
Trd, 000221.283, 183
Trd, 000223.467, 180
Trd, 000223.767, 176
Trd, 000224.000, 171
Trd, 000224.367, 173
Trd, 000224.500, 157
Trd, 000224.733, 163
Trd, 000225.050, 172
Trd, 000225.650, 174
Trd, 000227.083, 165
Trd, 000227.283, 166
Trd, 000227.400, 166
Trd, 000227.517, 157
Trd, 000227.783, 150
Trd, 000228.383, 159
Trd, 000228.533, 164
Trd, 000228.783, 158
Trd, 000229.283, 166
Trd, 000229.333, 156
Trd, 000229.667, 198
Trd, 000230.033, 164
Trd, 000230.467, 163
Trd, 000231.550, 160
Trd, 000232.067, 164
Trd, 000233.967, 161
Trd, 000234.050, 160
Trd, 000234.150, 159
Trd, 000234.333, 161
Trd, 000234.733, 163
Trd, 000235.400, 158
Trd, 000235.717, 163
Trd, 000235.800, 164
Trd, 000237.583, 164
Trd, 000237.683, 165
Trd, 000238.317, 166
Trd, 000239.400, 172
Trd, 000239.783, 196
Trd, 000240.483, 189
Trd, 000240.500, 186
Trd, 000240.533, 178
Trd, 000240.717, 180
Trd, 000241.617, 172
Trd, 000241.867, 173
Trd, 000241.883, 172
Trd, 000242.583, 178
Trd, 000243.067, 176
Trd, 000243.450, 175
Trd, 000243.633, 177
Trd, 000243.683, 179
Trd, 000244.167, 189
Trd, 000244.283, 186
Trd, 000244.867, 190
Trd, 000245.500, 190
Trd, 000245.583, 191
Trd, 000246.217, 194
Trd, 000246.250, 191
Trd, 000246.433, 189
Trd, 000247.167, 187
Trd, 000247.750, 184
Trd, 000248.017, 182
Trd, 000248.183, 185
Trd, 000248.400, 186
Trd, 000250.417, 183
Trd, 000250.433, 184
Trd, 000250.683, 182
Trd, 000250.833, 182
Trd, 000250.933, 170
Trd, 000251.050, 185
Trd, 000251.450, 166
Trd, 000251.550, 180
Trd, 000251.683, 166
Trd, 000251.917, 165
Trd, 000252.150, 182
Trd, 000252.217, 196
Trd, 000252.783, 166
Trd, 000253.250, 171
Trd, 000253.983, 165
Trd, 000254.717, 170
Trd, 000254.800, 172
Trd, 000254.967, 173
Trd, 000255.600, 172
Trd, 000255.750, 175
Trd, 000256.283, 171
Trd, 000256.733, 168
Trd, 000256.817, 173
Trd, 000257.350, 167
Trd, 000257.983, 170
Trd, 000258.300, 171
Trd, 000258.483, 167
Trd, 000259.017, 172
Trd, 000259.683, 172
Trd, 000259.817, 173
Trd, 000260.783, 173
Trd, 000260.967, 169
Trd, 000261.167, 173
Trd, 000261.517, 172
Trd, 000262.117, 169
Trd, 000262.217, 168
Trd, 000262.400, 166
Trd, 000262.700, 169
Trd, 000263.250, 167
Trd, 000263.450, 166
Trd, 000263.717, 168
Trd, 000264.017, 169
Trd, 000264.350, 167
Trd, 000264.683, 173
Trd, 000264.967, 170
Trd, 000265.783, 170
Trd, 000265.950, 168
Trd, 000265.983, 168
Trd, 000266.317, 167
Trd, 000266.400, 166
Trd, 000267.683, 173
Trd, 000267.867, 167
Trd, 000267.950, 168
Trd, 000268.067, 172
Trd, 000268.317, 174
Trd, 000269.483, 172
Trd, 000269.800, 169
Trd, 000270.483, 173
Trd, 000270.750, 174
Trd, 000271.083, 175
Trd, 000271.650, 170
Trd, 000271.717, 171
Trd, 000271.933, 175
Trd, 000272.317, 176
Trd, 000272.850, 178
Trd, 000273.133, 199
Trd, 000273.417, 175
Trd, 000274.317, 171
Trd, 000274.367, 182
Trd, 000274.617, 168
Trd, 000275.117, 166
Trd, 000275.283, 163
Trd, 000275.767, 164
Trd, 000276.133, 165
Trd, 000276.350, 171
Trd, 000276.533, 168
Trd, 000276.650, 168
Trd, 000277.117, 169
Trd, 000277.217, 171
Trd, 000277.250, 195
Trd, 000277.383, 166
Trd, 000277.700, 169
Trd, 000278.867, 175
Trd, 000278.900, 179
Trd, 000279.083, 200
Trd, 000279.617, 180
Trd, 000279.833, 184
Trd, 000279.933, 183
Trd, 000279.983, 191
Trd, 000280.317, 203
Trd, 000280.617, 189
Trd, 000281.017, 187
Trd, 000282.117, 187
Trd, 000282.183, 188
Trd, 000282.333, 183
Trd, 000282.467, 169
Trd, 000282.683, 189
Trd, 000283.517, 186
Trd, 000283.800, 187
Trd, 000284.067, 179
Trd, 000284.117, 188
Trd, 000284.833, 176
Trd, 000285.100, 188
Trd, 000285.133, 198
Trd, 000285.683, 189
Trd, 000285.700, 155
Trd, 000286.917, 180
Trd, 000286.967, 175
Trd, 000287.200, 172
Trd, 000287.383, 183
Trd, 000287.950, 185
Trd, 000288.167, 173
Trd, 000288.533, 173
Trd, 000289.917, 173
Trd, 000290.567, 171
Trd, 000290.850, 176
Trd, 000290.883, 178
Trd, 000290.967, 178
Trd, 000291.167, 172
Trd, 000291.367, 174
Trd, 000292.067, 173
Trd, 000292.200, 165
Trd, 000292.317, 173
Trd, 000292.817, 171
Trd, 000292.883, 170
Trd, 000292.950, 169
Trd, 000293.567, 172
Trd, 000293.683, 173
Trd, 000294.133, 172
Trd, 000294.733, 173
Trd, 000295.150, 169
Trd, 000295.900, 172
Trd, 000296.183, 166
Trd, 000296.733, 174
Trd, 000296.750, 175
Trd, 000297.017, 181
Trd, 000297.133, 180
Trd, 000298.283, 171
Trd, 000299.617, 176
