Trd, 000001.233, 159
Trd, 000001.733, 179
Trd, 000001.900, 162
Trd, 000002.917, 158
Trd, 000003.533, 130
Trd, 000003.617, 114
Trd, 000003.967, 175
Trd, 000004.583, 134
Trd, 000005.583, 135
Trd, 000005.950, 137
Trd, 000006.533, 141
Trd, 000007.483, 144
Trd, 000007.700, 145
Trd, 000007.833, 144
Trd, 000008.000, 143
Trd, 000009.017, 146
Trd, 000009.183, 146
Trd, 000009.350, 143
Trd, 000010.167, 158
Trd, 000011.250, 164
Trd, 000013.517, 157
Trd, 000014.100, 149
Trd, 000014.383, 152
Trd, 000014.583, 145
Trd, 000015.083, 142
Trd, 000015.367, 147
Trd, 000015.783, 157
Trd, 000017.517, 154
Trd, 000017.583, 153
Trd, 000017.650, 149
Trd, 000017.700, 159
Trd, 000019.550, 148
Trd, 000020.717, 154
Trd, 000020.867, 151
Trd, 000021.233, 149
Trd, 000021.533, 155
Trd, 000022.150, 150
Trd, 000022.283, 143
Trd, 000023.250, 155
Trd, 000023.317, 154
Trd, 000023.967, 155
Trd, 000025.083, 160
Trd, 000025.750, 158
Trd, 000026.367, 161
Trd, 000027.250, 163
Trd, 000027.467, 164
Trd, 000027.550, 165
Trd, 000028.717, 165
Trd, 000028.750, 165
Trd, 000028.933, 165
Trd, 000029.883, 164
Trd, 000030.267, 163
Trd, 000030.433, 167
Trd, 000030.800, 161
Trd, 000031.667, 175
Trd, 000032.000, 178
Trd, 000033.550, 161
Trd, 000034.917, 164
Trd, 000035.267, 165
Trd, 000035.450, 164
Trd, 000035.717, 163
Trd, 000036.300, 164
Trd, 000036.417, 163
Trd, 000036.550, 162
Trd, 000037.417, 161
Trd, 000037.633, 160
Trd, 000038.617, 153
Trd, 000039.350, 153
Trd, 000039.883, 155
Trd, 000041.467, 157
Trd, 000042.350, 160
Trd, 000043.233, 160
Trd, 000043.567, 151
Trd, 000044.017, 157
Trd, 000044.467, 157
Trd, 000045.000, 158
Trd, 000045.633, 162
Trd, 000047.350, 177
Trd, 000048.117, 161
Trd, 000048.733, 167
Trd, 000049.067, 163
Trd, 000049.683, 163
Trd, 000049.850, 162
Trd, 000050.000, 159
Trd, 000050.317, 158
Trd, 000051.917, 159
Trd, 000053.017, 161
Trd, 000053.467, 163
Trd, 000053.667, 153
Trd, 000054.217, 152
Trd, 000054.583, 149
Trd, 000055.617, 155
Trd, 000055.983, 156
Trd, 000056.250, 157
Trd, 000056.333, 162
Trd, 000056.600, 164
Trd, 000058.033, 162
Trd, 000058.283, 161
Trd, 000059.050, 161
Trd, 000060.283, 160
Trd, 000061.450, 147
Trd, 000062.017, 150
Trd, 000063.000, 150
Trd, 000063.817, 148
Trd, 000063.967, 152
Trd, 000064.683, 150
Trd, 000064.867, 155
Trd, 000065.967, 161
Trd, 000066.650, 156
Trd, 000067.283, 158
Trd, 000067.533, 159
Trd, 000068.083, 161
Trd, 000068.383, 161
Trd, 000069.033, 161
Trd, 000069.583, 163
Trd, 000070.100, 165
Trd, 000070.117, 169
Trd, 000070.317, 163
Trd, 000071.083, 160
Trd, 000071.650, 155
Trd, 000072.517, 158
Trd, 000073.183, 164
Trd, 000073.500, 162
Trd, 000074.883, 164
Trd, 000075.033, 165
Trd, 000075.350, 180
Trd, 000076.367, 165
Trd, 000076.950, 167
Trd, 000077.167, 167
Trd, 000077.650, 168
Trd, 000077.700, 155
Trd, 000078.667, 167
Trd, 000078.683, 169
Trd, 000079.317, 171
Trd, 000079.817, 169
Trd, 000080.467, 167
Trd, 000082.267, 169
Trd, 000082.733, 166
Trd, 000083.200, 166
Trd, 000083.233, 165
Trd, 000083.850, 168
Trd, 000084.233, 170
Trd, 000084.600, 167
Trd, 000084.767, 166
Trd, 000085.567, 165
Trd, 000086.283, 164
Trd, 000086.650, 169
Trd, 000087.833, 168
Trd, 000088.067, 171
Trd, 000088.483, 167
Trd, 000089.950, 169
Trd, 000090.183, 169
Trd, 000090.633, 171
Trd, 000091.000, 168
Trd, 000091.517, 168
Trd, 000091.617, 169
Trd, 000091.683, 168
Trd, 000092.400, 167
Trd, 000093.450, 159
Trd, 000094.950, 161
Trd, 000096.000, 160
Trd, 000096.017, 165
Trd, 000096.550, 159
Trd, 000096.850, 159
Trd, 000097.883, 163
Trd, 000098.100, 172
Trd, 000098.167, 160
Trd, 000098.450, 160
Trd, 000098.817, 161
Trd, 000100.767, 167
Trd, 000100.900, 166
Trd, 000102.133, 166
Trd, 000102.317, 168
Trd, 000102.433, 169
Trd, 000102.567, 165
Trd, 000102.733, 164
Trd, 000105.167, 168
Trd, 000105.450, 168
Trd, 000105.600, 167
Trd, 000106.467, 167
Trd, 000106.783, 168
Trd, 000107.000, 168
Trd, 000107.050, 169
Trd, 000107.800, 157
Trd, 000110.250, 165
Trd, 000111.033, 167
Trd, 000111.383, 169
Trd, 000113.050, 168
Trd, 000113.100, 167
Trd, 000113.550, 167
Trd, 000113.850, 166
Trd, 000114.450, 166
Trd, 000114.633, 163
Trd, 000115.650, 170
Trd, 000116.300, 168
Trd, 000117.600, 168
Trd, 000117.717, 170
Trd, 000117.850, 167
Trd, 000117.900, 166
Trd, 000117.983, 172
Trd, 000118.217, 159
Trd, 000119.850, 168
Trd, 000121.483, 166
Trd, 000121.700, 167
Trd, 000121.917, 170
Trd, 000122.067, 166
Trd, 000122.517, 170
Trd, 000123.517, 168
Trd, 000124.017, 170
Trd, 000124.783, 167
Trd, 000124.933, 169
Trd, 000125.400, 160
Trd, 000125.617, 160
Trd, 000126.117, 190
Trd, 000126.300, 159
Trd, 000128.667, 162
Trd, 000129.117, 179
Trd, 000129.883, 169
Trd, 000130.333, 171
Trd, 000130.567, 170
Trd, 000131.267, 172
Trd, 000131.850, 170
Trd, 000132.300, 171
Trd, 000132.550, 175
Trd, 000133.583, 171
Trd, 000134.483, 172
Trd, 000134.750, 171
Trd, 000135.250, 173
Trd, 000135.633, 172
Trd, 000137.033, 174
Trd, 000137.383, 174
Trd, 000137.817, 174
Trd, 000137.883, 173
Trd, 000138.967, 175
Trd, 000139.267, 176
Trd, 000139.367, 161
Trd, 000140.367, 157
Trd, 000140.933, 158
Trd, 000142.067, 161
Trd, 000143.383, 185
Trd, 000143.850, 172
Trd, 000144.217, 169
Trd, 000145.183, 172
Trd, 000146.050, 173
Trd, 000146.417, 174
Trd, 000146.967, 174
Trd, 000147.367, 174
Trd, 000148.267, 175
Trd, 000149.100, 175
Trd, 000149.283, 176
Trd, 000149.550, 176
Trd, 000150.867, 174
Trd, 000151.983, 174
Trd, 000152.717, 177
Trd, 000152.733, 177
Trd, 000153.150, 187
Trd, 000153.667, 173
Trd, 000154.567, 162
Trd, 000154.933, 173
Trd, 000155.567, 173
Trd, 000156.200, 174
Trd, 000156.250, 173
Trd, 000156.600, 172
Trd, 000157.283, 171
Trd, 000157.617, 173
Trd, 000159.317, 168
Trd, 000160.483, 169
Trd, 000160.983, 174
Trd, 000161.050, 166
Trd, 000162.617, 168
Trd, 000162.900, 173
Trd, 000163.867, 170
Trd, 000164.600, 172
Trd, 000164.950, 168
Trd, 000165.167, 173
Trd, 000165.900, 176
Trd, 000167.017, 174
Trd, 000167.117, 173
Trd, 000168.383, 175
Trd, 000168.467, 174
Trd, 000168.983, 188
Trd, 000169.117, 174
Trd, 000169.767, 164
Trd, 000170.250, 158
Trd, 000171.767, 168
Trd, 000172.317, 172
Trd, 000172.550, 173
Trd, 000172.683, 161
Trd, 000173.283, 162
Trd, 000173.367, 163
Trd, 000176.250, 174
Trd, 000176.417, 174
Trd, 000176.817, 175
Trd, 000177.267, 176
Trd, 000177.833, 180
Trd, 000178.083, 178
Trd, 000179.000, 177
Trd, 000179.967, 167
Trd, 000180.450, 166
Trd, 000181.050, 168
Trd, 000181.200, 169
Trd, 000181.483, 172
Trd, 000181.650, 161
Trd, 000182.917, 176
Trd, 000184.117, 179
Trd, 000184.600, 180
Trd, 000184.767, 180
Trd, 000185.033, 180
Trd, 000185.817, 180
Trd, 000186.433, 181
Trd, 000186.983, 183
Trd, 000187.817, 180
Trd, 000188.367, 184
Trd, 000188.950, 179
Trd, 000189.667, 178
Trd, 000189.683, 177
Trd, 000190.083, 166
Trd, 000190.733, 181
Trd, 000191.367, 163
Trd, 000193.217, 176
Trd, 000194.050, 176
Trd, 000194.617, 177
Trd, 000195.167, 175
Trd, 000195.367, 174
Trd, 000195.683, 174
Trd, 000195.850, 175
Trd, 000195.867, 160
Trd, 000195.917, 175
Trd, 000196.150, 154
Trd, 000196.483, 151
Trd, 000198.467, 173
Trd, 000198.867, 167
Trd, 000199.250, 168
Trd, 000199.700, 178
Trd, 000199.967, 173
Trd, 000200.167, 170
Trd, 000202.150, 172
Trd, 000202.583, 173
Trd, 000203.133, 173
Trd, 000203.150, 173
Trd, 000203.617, 174
Trd, 000204.117, 178
Trd, 000204.550, 171
Trd, 000204.617, 161
Trd, 000204.917, 166
Trd, 000205.733, 178
Trd, 000205.800, 181
Trd, 000206.633, 165
Trd, 000206.767, 180
Trd, 000206.983, 180
Trd, 000208.117, 182
Trd, 000209.400, 183
Trd, 000209.650, 182
Trd, 000210.433, 181
Trd, 000211.183, 193
Trd, 000211.683, 180
Trd, 000211.817, 179
Trd, 000212.000, 184
Trd, 000212.150, 167
Trd, 000213.983, 181
Trd, 000215.033, 181
Trd, 000215.383, 181
Trd, 000215.567, 181
Trd, 000215.600, 180
Trd, 000215.683, 184
Trd, 000217.067, 180
Trd, 000217.083, 185
Trd, 000217.167, 180
Trd, 000218.267, 185
Trd, 000218.583, 176
Trd, 000218.983, 168
Trd, 000219.633, 180
Trd, 000220.517, 177
Trd, 000221.267, 178
Trd, 000221.900, 179
Trd, 000222.350, 179
Trd, 000222.433, 178
Trd, 000222.733, 176
Trd, 000222.783, 174
Trd, 000224.683, 175
Trd, 000224.967, 177
Trd, 000226.650, 178
Trd, 000227.017, 183
Trd, 000228.900, 182
Trd, 000229.150, 182
Trd, 000230.000, 181
Trd, 000230.133, 179
Trd, 000230.283, 170
Trd, 000231.867, 178
Trd, 000232.117, 179
Trd, 000232.367, 177
Trd, 000232.717, 178
Trd, 000232.883, 179
Trd, 000233.933, 181
Trd, 000234.450, 181
Trd, 000234.900, 183
Trd, 000235.067, 180
Trd, 000235.283, 185
Trd, 000236.200, 181
Trd, 000236.533, 182
Trd, 000237.067, 172
Trd, 000237.600, 171
Trd, 000238.250, 169
Trd, 000238.633, 166
Trd, 000240.183, 169
Trd, 000240.250, 169
Trd, 000240.700, 170
Trd, 000241.050, 169
Trd, 000241.383, 168
Trd, 000241.433, 170
Trd, 000241.967, 169
Trd, 000242.883, 172
Trd, 000243.067, 170
Trd, 000243.317, 169
Trd, 000244.833, 170
Trd, 000244.917, 173
Trd, 000245.067, 170
Trd, 000245.467, 169
Trd, 000245.483, 168
Trd, 000245.833, 172
Trd, 000246.150, 173
Trd, 000246.183, 174
Trd, 000246.783, 173
Trd, 000247.367, 175
Trd, 000248.517, 174
Trd, 000248.550, 173
Trd, 000248.900, 173
Trd, 000249.433, 173
Trd, 000250.400, 173
Trd, 000250.433, 174
Trd, 000251.033, 173
Trd, 000251.183, 175
Trd, 000251.467, 174
Trd, 000251.567, 173
Trd, 000252.000, 173
Trd, 000252.600, 174
Trd, 000253.100, 173
Trd, 000253.517, 172
Trd, 000253.783, 172
Trd, 000253.917, 173
Trd, 000254.317, 173
Trd, 000254.683, 172
Trd, 000254.733, 171
Trd, 000255.400, 177
Trd, 000255.850, 174
Trd, 000256.367, 177
Trd, 000257.783, 183
Trd, 000258.017, 181
Trd, 000258.300, 180
Trd, 000258.517, 181
Trd, 000258.983, 183
Trd, 000259.117, 185
Trd, 000259.333, 184
Trd, 000259.700, 184
Trd, 000259.867, 188
Trd, 000260.317, 183
Trd, 000260.567, 184
Trd, 000260.783, 182
Trd, 000261.933, 188
Trd, 000263.100, 190
Trd, 000263.550, 188
Trd, 000263.833, 185
Trd, 000264.117, 185
Trd, 000264.183, 183
Trd, 000264.833, 183
Trd, 000265.000, 181
Trd, 000266.033, 182
Trd, 000266.067, 183
Trd, 000266.283, 184
Trd, 000266.300, 181
Trd, 000266.617, 182
Trd, 000266.633, 178
Trd, 000267.350, 176
Trd, 000267.733, 177
Trd, 000268.100, 176
Trd, 000268.300, 178
Trd, 000268.500, 176
Trd, 000268.800, 175
Trd, 000269.633, 198
Trd, 000270.300, 184
Trd, 000270.333, 183
Trd, 000270.667, 184
Trd, 000271.083, 184
Trd, 000271.500, 182
Trd, 000271.550, 185
Trd, 000272.717, 185
Trd, 000272.917, 185
Trd, 000273.783, 190
Trd, 000274.150, 188
Trd, 000274.250, 186
Trd, 000274.333, 185
Trd, 000274.933, 189
Trd, 000274.967, 191
Trd, 000275.300, 184
Trd, 000275.850, 183
Trd, 000275.933, 182
Trd, 000275.967, 178
Trd, 000276.033, 174
Trd, 000277.233, 170
Trd, 000277.733, 175
Trd, 000278.100, 172
Trd, 000278.417, 170
Trd, 000278.633, 169
Trd, 000278.917, 169
Trd, 000279.100, 176
Trd, 000279.183, 163
Trd, 000279.633, 162
Trd, 000279.883, 175
Trd, 000280.300, 176
Trd, 000281.883, 182
Trd, 000282.550, 179
Trd, 000282.867, 180
Trd, 000282.883, 179
Trd, 000283.133, 184
Trd, 000283.700, 183
Trd, 000283.817, 179
Trd, 000284.400, 183
Trd, 000284.817, 180
Trd, 000285.117, 186
Trd, 000285.583, 179
Trd, 000286.000, 183
Trd, 000286.300, 184
Trd, 000287.100, 187
Trd, 000287.683, 186
Trd, 000288.083, 186
Trd, 000288.350, 186
Trd, 000288.467, 185
Trd, 000288.900, 184
Trd, 000289.133, 186
Trd, 000289.517, 192
Trd, 000289.617, 185
Trd, 000290.267, 184
Trd, 000291.483, 183
Trd, 000291.567, 187
Trd, 000292.117, 189
Trd, 000292.633, 189
Trd, 000293.067, 188
Trd, 000293.233, 190
Trd, 000293.883, 189
Trd, 000294.183, 190
Trd, 000294.550, 189
Trd, 000294.633, 188
Trd, 000294.850, 187
Trd, 000294.950, 180
Trd, 000295.717, 170
Trd, 000295.850, 177
Trd, 000296.600, 184
Trd, 000297.017, 182
Trd, 000297.133, 177
Trd, 000297.650, 186
Trd, 000298.233, 182
Trd, 000298.317, 190
Trd, 000298.483, 191
Trd, 000298.667, 181
Trd, 000299.083, 185
Trd, 000299.883, 188
