Trd, 000001.300, 155
Trd, 000002.200, 146
Trd, 000002.917, 166
Trd, 000003.750, 141
Trd, 000004.767, 147
Trd, 000006.517, 141
Trd, 000006.650, 138
Trd, 000007.650, 145
Trd, 000008.150, 152
Trd, 000008.350, 145
Trd, 000009.317, 145
Trd, 000009.733, 145
Trd, 000009.767, 149
Trd, 000009.917, 151
Trd, 000010.233, 147
Trd, 000012.367, 152
Trd, 000012.567, 151
Trd, 000013.567, 150
Trd, 000013.700, 150
Trd, 000013.917, 151
Trd, 000013.950, 153
Trd, 000015.233, 157
Trd, 000015.667, 156
Trd, 000015.933, 149
Trd, 000016.683, 146
Trd, 000016.983, 143
Trd, 000017.383, 153
Trd, 000017.700, 150
Trd, 000018.283, 139
Trd, 000019.767, 148
Trd, 000020.033, 148
Trd, 000020.200, 150
Trd, 000020.383, 133
Trd, 000020.817, 150
Trd, 000021.650, 166
Trd, 000022.750, 169
Trd, 000023.317, 164
Trd, 000023.383, 160
Trd, 000023.750, 175
Trd, 000024.433, 146
Trd, 000026.717, 164
Trd, 000027.167, 167
Trd, 000027.450, 156
Trd, 000027.683, 145
Trd, 000028.233, 165
Trd, 000029.117, 159
Trd, 000030.117, 158
Trd, 000030.283, 157
Trd, 000030.583, 154
Trd, 000030.867, 154
Trd, 000032.800, 144
Trd, 000033.117, 140
Trd, 000033.483, 148
Trd, 000033.883, 150
Trd, 000033.900, 151
Trd, 000034.900, 147
Trd, 000035.550, 148
Trd, 000035.600, 147
Trd, 000035.783, 151
Trd, 000036.050, 151
Trd, 000036.483, 154
Trd, 000038.333, 147
Trd, 000038.483, 145
Trd, 000039.300, 156
Trd, 000039.817, 164
Trd, 000040.117, 150
Trd, 000041.617, 158
Trd, 000042.733, 166
Trd, 000043.183, 162
Trd, 000043.267, 161
Trd, 000043.367, 161
Trd, 000043.533, 159
Trd, 000044.717, 158
Trd, 000045.100, 155
Trd, 000045.167, 158
Trd, 000045.483, 158
Trd, 000045.633, 141
Trd, 000046.550, 142
Trd, 000047.117, 157
Trd, 000047.183, 159
Trd, 000047.350, 142
Trd, 000047.667, 149
Trd, 000048.967, 170
Trd, 000050.483, 169
Trd, 000050.617, 168
Trd, 000050.750, 175
Trd, 000051.567, 174
Trd, 000051.700, 171
Trd, 000052.183, 171
Trd, 000053.050, 168
Trd, 000053.150, 169
Trd, 000054.017, 168
Trd, 000054.250, 166
Trd, 000054.400, 160
Trd, 000055.083, 156
Trd, 000055.400, 153
Trd, 000056.233, 150
Trd, 000058.300, 158
Trd, 000058.367, 156
Trd, 000058.400, 159
Trd, 000059.100, 157
Trd, 000059.833, 155
Trd, 000060.317, 147
Trd, 000060.633, 160
Trd, 000061.700, 152
Trd, 000062.000, 150
Trd, 000062.750, 159
Trd, 000063.350, 143
Trd, 000063.600, 157
Trd, 000063.650, 142
Trd, 000064.633, 143
Trd, 000064.800, 169
Trd, 000065.600, 154
Trd, 000067.100, 166
Trd, 000067.367, 169
Trd, 000067.467, 162
Trd, 000068.533, 162
Trd, 000068.717, 161
Trd, 000069.650, 161
Trd, 000070.017, 160
Trd, 000070.433, 161
Trd, 000070.533, 164
Trd, 000070.783, 162
Trd, 000071.333, 158
Trd, 000072.083, 159
Trd, 000073.217, 158
Trd, 000073.633, 162
Trd, 000073.983, 163
Trd, 000075.483, 162
Trd, 000076.483, 161
Trd, 000077.633, 162
Trd, 000078.267, 162
Trd, 000078.533, 162
Trd, 000078.917, 159
Trd, 000079.133, 163
Trd, 000080.583, 159
Trd, 000080.650, 159
Trd, 000081.500, 163
Trd, 000081.717, 149
Trd, 000082.300, 155
Trd, 000082.583, 165
Trd, 000082.817, 155
Trd, 000083.117, 152
Trd, 000083.850, 152
Trd, 000084.167, 156
Trd, 000085.217, 151
Trd, 000085.267, 155
Trd, 000086.367, 149
Trd, 000087.933, 155
Trd, 000088.350, 148
Trd, 000088.433, 148
Trd, 000088.450, 156
Trd, 000089.083, 156
Trd, 000089.417, 157
Trd, 000090.450, 150
Trd, 000091.233, 153
Trd, 000091.883, 151
Trd, 000092.917, 151
Trd, 000092.950, 153
Trd, 000093.083, 161
Trd, 000093.100, 174
Trd, 000093.383, 171
Trd, 000093.750, 151
Trd, 000093.967, 151
Trd, 000095.717, 158
Trd, 000095.933, 155
Trd, 000096.683, 152
Trd, 000097.583, 150
Trd, 000097.917, 146
Trd, 000098.017, 147
Trd, 000098.583, 144
Trd, 000099.300, 141
Trd, 000099.467, 151
Trd, 000100.317, 152
Trd, 000101.083, 154
Trd, 000101.433, 144
Trd, 000101.733, 154
Trd, 000101.767, 158
Trd, 000102.317, 158
Trd, 000102.867, 150
Trd, 000103.650, 160
Trd, 000104.117, 151
Trd, 000105.250, 151
Trd, 000105.350, 151
Trd, 000106.083, 152
Trd, 000106.300, 154
Trd, 000107.050, 155
Trd, 000107.650, 151
Trd, 000108.067, 149
Trd, 000108.083, 148
Trd, 000109.133, 159
Trd, 000109.300, 156
Trd, 000110.400, 154
Trd, 000110.917, 156
Trd, 000111.100, 153
Trd, 000112.067, 180
Trd, 000112.233, 181
Trd, 000113.017, 179
Trd, 000113.433, 178
Trd, 000114.200, 172
Trd, 000115.917, 168
Trd, 000117.417, 167
Trd, 000117.750, 166
Trd, 000118.950, 159
Trd, 000119.117, 166
Trd, 000119.600, 159
Trd, 000119.917, 155
Trd, 000120.750, 162
Trd, 000121.550, 161
Trd, 000121.583, 160
Trd, 000122.283, 158
Trd, 000122.883, 163
Trd, 000123.650, 158
Trd, 000124.117, 162
Trd, 000124.233, 157
Trd, 000125.217, 166
Trd, 000125.817, 157
Trd, 000126.167, 175
Trd, 000128.517, 169
Trd, 000128.533, 177
Trd, 000128.817, 169
Trd, 000129.033, 166
Trd, 000130.033, 171
Trd, 000130.567, 168
Trd, 000130.917, 173
Trd, 000131.167, 166
Trd, 000131.867, 166
Trd, 000131.883, 166
Trd, 000133.533, 164
Trd, 000134.383, 163
Trd, 000135.333, 165
Trd, 000135.600, 165
Trd, 000135.767, 167
Trd, 000135.817, 167
Trd, 000135.933, 152
Trd, 000135.983, 153
Trd, 000136.000, 150
Trd, 000137.000, 168
Trd, 000137.283, 169
Trd, 000138.350, 159
Trd, 000139.700, 170
Trd, 000139.817, 166
Trd, 000139.883, 164
Trd, 000141.100, 173
Trd, 000141.450, 170
Trd, 000142.033, 172
Trd, 000142.100, 171
Trd, 000142.750, 171
Trd, 000143.500, 178
Trd, 000143.817, 171
Trd, 000144.683, 173
Trd, 000146.317, 174
Trd, 000146.400, 178
Trd, 000146.567, 169
Trd, 000147.300, 180
Trd, 000147.767, 171
Trd, 000147.850, 170
Trd, 000150.217, 176
Trd, 000150.617, 175
Trd, 000150.783, 176
Trd, 000151.267, 177
Trd, 000151.517, 176
Trd, 000152.317, 177
Trd, 000152.683, 176
Trd, 000153.467, 172
Trd, 000154.100, 172
Trd, 000154.600, 170
Trd, 000155.300, 169
Trd, 000155.667, 166
Trd, 000155.817, 167
Trd, 000156.583, 166
Trd, 000157.117, 166
Trd, 000157.583, 160
Trd, 000158.883, 165
Trd, 000158.933, 161
Trd, 000159.283, 171
Trd, 000159.583, 164
Trd, 000160.050, 177
Trd, 000161.883, 164
Trd, 000161.950, 163
Trd, 000162.450, 157
Trd, 000162.667, 167
Trd, 000162.917, 157
Trd, 000163.567, 160
Trd, 000163.583, 154
Trd, 000165.350, 166
Trd, 000167.000, 163
Trd, 000167.767, 164
Trd, 000168.400, 165
Trd, 000169.950, 165
Trd, 000170.933, 163
Trd, 000171.333, 164
Trd, 000171.667, 166
Trd, 000172.200, 165
Trd, 000172.417, 164
Trd, 000173.383, 164
Trd, 000173.583, 165
Trd, 000173.933, 151
Trd, 000174.933, 161
Trd, 000175.233, 154
Trd, 000175.900, 159
Trd, 000177.450, 160
Trd, 000177.467, 161
Trd, 000177.517, 165
Trd, 000177.900, 168
Trd, 000178.400, 158
Trd, 000179.633, 159
Trd, 000180.050, 158
Trd, 000180.067, 157
Trd, 000180.633, 155
Trd, 000181.650, 157
Trd, 000181.867, 155
Trd, 000181.917, 155
Trd, 000182.033, 162
Trd, 000182.300, 169
Trd, 000184.033, 157
Trd, 000184.183, 155
Trd, 000184.900, 149
Trd, 000185.317, 161
Trd, 000185.383, 162
Trd, 000185.417, 154
Trd, 000186.267, 163
Trd, 000187.067, 158
Trd, 000187.400, 164
Trd, 000188.217, 161
Trd, 000189.400, 160
Trd, 000190.100, 164
Trd, 000191.017, 163
Trd, 000191.083, 162
Trd, 000191.383, 163
Trd, 000191.450, 162
Trd, 000191.617, 167
Trd, 000192.500, 165
Trd, 000193.117, 164
Trd, 000193.217, 168
Trd, 000193.567, 161
Trd, 000194.750, 166
Trd, 000194.817, 168
Trd, 000196.033, 163
Trd, 000198.483, 163
Trd, 000199.033, 164
Trd, 000199.133, 161
Trd, 000199.867, 163
Trd, 000200.617, 164
Trd, 000200.650, 162
Trd, 000200.850, 165
Trd, 000201.033, 166
Trd, 000201.167, 166
Trd, 000201.300, 168
Trd, 000201.983, 186
Trd, 000202.333, 177
Trd, 000203.383, 194
Trd, 000204.917, 191
Trd, 000205.433, 190
Trd, 000205.583, 175
Trd, 000206.850, 178
Trd, 000207.300, 165
Trd, 000208.067, 174
Trd, 000208.683, 167
Trd, 000208.733, 174
Trd, 000210.850, 170
Trd, 000210.967, 168
Trd, 000212.233, 168
Trd, 000212.333, 169
Trd, 000212.750, 179
Trd, 000213.500, 177
Trd, 000214.200, 173
Trd, 000214.567, 173
Trd, 000215.117, 161
Trd, 000215.667, 165
Trd, 000216.133, 175
Trd, 000216.367, 167
Trd, 000217.200, 174
Trd, 000217.467, 166
Trd, 000218.150, 174
Trd, 000219.300, 167
Trd, 000221.400, 170
Trd, 000221.867, 169
Trd, 000222.433, 172
Trd, 000222.500, 168
Trd, 000222.867, 163
Trd, 000223.633, 164
Trd, 000224.117, 163
Trd, 000224.183, 162
Trd, 000224.483, 161
Trd, 000225.233, 164
Trd, 000225.383, 166
Trd, 000227.433, 167
Trd, 000227.917, 168
Trd, 000227.933, 171
Trd, 000229.650, 167
Trd, 000229.783, 166
Trd, 000230.700, 166
Trd, 000230.967, 167
Trd, 000230.983, 166
Trd, 000231.400, 166
Trd, 000232.550, 174
Trd, 000232.750, 166
Trd, 000233.633, 166
Trd, 000233.917, 168
Trd, 000233.983, 165
Trd, 000234.833, 165
Trd, 000235.300, 172
Trd, 000235.933, 165
Trd, 000236.433, 159
Trd, 000236.533, 160
Trd, 000236.783, 168
Trd, 000238.833, 170
Trd, 000238.883, 171
Trd, 000240.083, 173
Trd, 000240.100, 166
Trd, 000240.300, 172
Trd, 000241.067, 167
Trd, 000241.350, 172
Trd, 000241.617, 170
Trd, 000241.683, 173
Trd, 000242.700, 173
Trd, 000242.750, 172
Trd, 000243.650, 175
Trd, 000243.733, 173
Trd, 000244.333, 181
Trd, 000244.500, 174
Trd, 000245.433, 176
Trd, 000245.600, 179
Trd, 000246.250, 175
Trd, 000246.933, 180
Trd, 000247.067, 175
Trd, 000248.033, 168
Trd, 000248.983, 174
Trd, 000249.983, 173
Trd, 000250.100, 174
Trd, 000250.167, 172
Trd, 000250.233, 175
Trd, 000250.250, 178
Trd, 000250.883, 169
Trd, 000251.783, 175
Trd, 000251.833, 179
Trd, 000252.067, 172
Trd, 000252.833, 172
Trd, 000253.567, 179
Trd, 000253.800, 180
Trd, 000254.817, 182
Trd, 000255.433, 181
Trd, 000255.767, 180
Trd, 000255.917, 176
Trd, 000256.167, 175
Trd, 000256.533, 181
Trd, 000256.567, 169
Trd, 000256.900, 184
Trd, 000257.283, 181
Trd, 000257.467, 190
Trd, 000258.517, 170
Trd, 000259.183, 167
Trd, 000259.533, 170
Trd, 000260.200, 173
Trd, 000260.300, 174
Trd, 000260.733, 177
Trd, 000261.550, 177
Trd, 000261.833, 179
Trd, 000262.067, 177
Trd, 000262.183, 177
Trd, 000262.433, 175
Trd, 000263.133, 163
Trd, 000263.200, 170
Trd, 000263.650, 174
Trd, 000263.950, 177
Trd, 000264.483, 170
Trd, 000265.017, 173
Trd, 000265.200, 170
Trd, 000265.433, 174
Trd, 000265.883, 179
Trd, 000265.933, 176
Trd, 000266.100, 184
Trd, 000266.650, 191
Trd, 000266.700, 177
Trd, 000266.750, 176
Trd, 000267.117, 185
Trd, 000267.983, 182
Trd, 000268.800, 168
Trd, 000269.067, 160
Trd, 000270.533, 174
Trd, 000270.833, 176
Trd, 000271.117, 178
Trd, 000271.317, 177
Trd, 000271.900, 185
Trd, 000272.050, 181
Trd, 000272.183, 177
Trd, 000273.283, 178
Trd, 000273.633, 181
Trd, 000273.850, 177
Trd, 000274.367, 181
Trd, 000274.400, 177
Trd, 000274.667, 175
Trd, 000274.717, 185
Trd, 000275.200, 181
Trd, 000276.150, 183
Trd, 000276.400, 181
Trd, 000276.567, 177
Trd, 000277.117, 169
Trd, 000277.650, 173
Trd, 000278.150, 172
Trd, 000278.217, 174
Trd, 000278.483, 172
Trd, 000280.233, 171
Trd, 000280.367, 176
Trd, 000280.433, 170
Trd, 000280.550, 169
Trd, 000281.067, 170
Trd, 000281.300, 179
Trd, 000281.383, 162
Trd, 000281.583, 167
Trd, 000282.450, 176
Trd, 000282.883, 166
Trd, 000283.083, 177
Trd, 000283.350, 178
Trd, 000283.617, 174
Trd, 000283.667, 179
Trd, 000284.300, 172
Trd, 000285.200, 179
Trd, 000286.033, 175
Trd, 000286.200, 165
Trd, 000286.617, 173
Trd, 000287.200, 178
Trd, 000287.333, 174
Trd, 000288.067, 177
Trd, 000288.650, 179
Trd, 000289.250, 177
Trd, 000289.883, 179
Trd, 000290.533, 179
Trd, 000290.583, 176
Trd, 000290.933, 175
Trd, 000291.100, 173
Trd, 000291.700, 173
Trd, 000293.133, 174
Trd, 000293.200, 178
Trd, 000293.383, 173
Trd, 000294.300, 171
Trd, 000294.433, 170
Trd, 000294.600, 179
Trd, 000294.883, 179
Trd, 000294.950, 180
Trd, 000295.467, 173
Trd, 000296.433, 185
Trd, 000296.500, 176
Trd, 000297.033, 174
Trd, 000297.567, 171
Trd, 000297.617, 185
Trd, 000299.000, 175
Trd, 000299.383, 183
Trd, 000299.567, 174
