Trd, 000002.167, 189
Trd, 000002.200, 162
Trd, 000003.217, 146
Trd, 000003.500, 146
Trd, 000003.600, 148
Trd, 000005.517, 161
Trd, 000006.200, 156
Trd, 000006.417, 152
Trd, 000006.450, 161
Trd, 000007.750, 150
Trd, 000007.900, 150
Trd, 000008.200, 151
Trd, 000009.600, 153
Trd, 000009.983, 151
Trd, 000010.017, 155
Trd, 000010.550, 151
Trd, 000010.767, 156
Trd, 000012.717, 157
Trd, 000012.817, 161
Trd, 000013.250, 162
Trd, 000013.900, 154
Trd, 000014.800, 154
Trd, 000014.900, 153
Trd, 000015.750, 152
Trd, 000016.717, 154
Trd, 000017.267, 154
Trd, 000017.667, 154
Trd, 000017.983, 155
Trd, 000018.600, 154
Trd, 000019.450, 155
Trd, 000019.783, 155
Trd, 000020.267, 164
Trd, 000021.300, 166
Trd, 000021.500, 161
Trd, 000021.817, 163
Trd, 000022.083, 160
Trd, 000023.383, 160
Trd, 000023.667, 162
Trd, 000024.617, 160
Trd, 000024.683, 161
Trd, 000024.700, 160
Trd, 000026.167, 163
Trd, 000026.750, 164
Trd, 000027.167, 170
Trd, 000027.333, 161
Trd, 000027.683, 159
Trd, 000028.683, 159
Trd, 000028.817, 166
Trd, 000029.783, 160
Trd, 000030.350, 164
Trd, 000031.167, 161
Trd, 000031.350, 161
Trd, 000032.283, 159
Trd, 000032.883, 155
Trd, 000033.067, 160
Trd, 000034.383, 159
Trd, 000034.917, 159
Trd, 000035.133, 156
Trd, 000035.383, 156
Trd, 000035.533, 155
Trd, 000037.150, 158
Trd, 000037.717, 159
Trd, 000037.933, 159
Trd, 000038.783, 168
Trd, 000039.000, 159
Trd, 000039.033, 169
Trd, 000039.233, 170
Trd, 000039.650, 172
Trd, 000040.317, 170
Trd, 000040.567, 161
Trd, 000041.550, 160
Trd, 000041.783, 160
Trd, 000041.950, 155
Trd, 000041.983, 148
Trd, 000042.500, 168
Trd, 000043.683, 167
Trd, 000044.433, 166
Trd, 000045.467, 160
Trd, 000045.850, 161
Trd, 000046.200, 163
Trd, 000046.383, 161
Trd, 000046.450, 162
Trd, 000046.733, 163
Trd, 000047.050, 164
Trd, 000047.333, 162
Trd, 000048.950, 162
Trd, 000049.133, 163
Trd, 000049.967, 162
Trd, 000050.617, 161
Trd, 000051.433, 142
Trd, 000051.567, 131
Trd, 000051.867, 160
Trd, 000052.733, 166
Trd, 000052.983, 166
Trd, 000053.250, 153
Trd, 000054.817, 153
Trd, 000054.917, 154
Trd, 000056.117, 159
Trd, 000056.483, 160
Trd, 000057.283, 158
Trd, 000057.617, 168
Trd, 000058.067, 168
Trd, 000058.133, 168
Trd, 000058.567, 169
Trd, 000058.600, 172
Trd, 000059.467, 170
Trd, 000060.050, 169
Trd, 000060.433, 168
Trd, 000060.567, 170
Trd, 000060.900, 163
Trd, 000060.950, 168
Trd, 000061.817, 165
Trd, 000061.850, 178
Trd, 000063.533, 158
Trd, 000063.883, 171
Trd, 000064.267, 168
Trd, 000065.833, 161
Trd, 000066.283, 162
Trd, 000067.550, 160
Trd, 000067.933, 162
Trd, 000068.217, 161
Trd, 000068.733, 163
Trd, 000068.867, 157
Trd, 000070.217, 164
Trd, 000071.467, 162
Trd, 000071.633, 163
Trd, 000072.367, 162
Trd, 000072.583, 163
Trd, 000072.767, 160
Trd, 000072.933, 160
Trd, 000073.600, 160
Trd, 000073.850, 163
Trd, 000074.217, 160
Trd, 000075.167, 160
Trd, 000076.050, 158
Trd, 000076.183, 158
Trd, 000076.883, 154
Trd, 000077.167, 157
Trd, 000077.333, 159
Trd, 000077.967, 155
Trd, 000078.017, 159
Trd, 000078.567, 168
Trd, 000079.950, 158
Trd, 000081.200, 160
Trd, 000081.250, 162
Trd, 000083.000, 162
Trd, 000083.417, 163
Trd, 000083.800, 161
Trd, 000084.600, 160
Trd, 000085.017, 160
Trd, 000085.167, 164
Trd, 000086.033, 160
Trd, 000087.050, 162
Trd, 000087.533, 161
Trd, 000088.450, 162
Trd, 000088.500, 163
Trd, 000089.250, 162
Trd, 000089.617, 166
Trd, 000089.633, 160
Trd, 000090.400, 166
Trd, 000090.583, 159
Trd, 000090.783, 166
Trd, 000092.017, 166
Trd, 000092.100, 171
Trd, 000092.567, 171
Trd, 000094.600, 165
Trd, 000095.067, 164
Trd, 000095.200, 160
Trd, 000095.600, 164
Trd, 000095.850, 161
Trd, 000096.583, 163
Trd, 000097.083, 162
Trd, 000097.267, 164
Trd, 000097.433, 163
Trd, 000097.967, 171
Trd, 000099.617, 165
Trd, 000099.967, 165
Trd, 000100.700, 166
Trd, 000100.950, 163
Trd, 000101.083, 161
Trd, 000101.183, 172
Trd, 000102.067, 160
Trd, 000102.467, 168
Trd, 000104.367, 162
Trd, 000104.383, 168
Trd, 000105.733, 162
Trd, 000105.867, 163
Trd, 000106.000, 166
Trd, 000106.350, 162
Trd, 000106.833, 161
Trd, 000106.867, 162
Trd, 000107.900, 159
Trd, 000108.967, 161
Trd, 000109.050, 159
Trd, 000109.417, 162
Trd, 000109.817, 162
Trd, 000109.917, 163
Trd, 000110.400, 148
Trd, 000111.017, 164
Trd, 000111.100, 173
Trd, 000112.717, 165
Trd, 000112.733, 164
Trd, 000113.017, 162
Trd, 000113.617, 164
Trd, 000114.217, 161
Trd, 000115.583, 165
Trd, 000115.733, 173
Trd, 000115.767, 179
Trd, 000116.783, 175
Trd, 000117.267, 176
Trd, 000117.967, 174
Trd, 000118.517, 172
Trd, 000118.833, 174
Trd, 000119.033, 175
Trd, 000119.250, 172
Trd, 000120.567, 175
Trd, 000120.950, 174
Trd, 000122.000, 175
Trd, 000122.533, 176
Trd, 000122.933, 174
Trd, 000125.117, 174
Trd, 000125.250, 170
Trd, 000126.217, 173
Trd, 000126.633, 169
Trd, 000126.917, 172
Trd, 000128.267, 170
Trd, 000128.650, 167
Trd, 000128.717, 172
Trd, 000128.950, 174
Trd, 000129.000, 170
Trd, 000129.883, 167
Trd, 000131.117, 171
Trd, 000131.533, 170
Trd, 000131.733, 172
Trd, 000131.767, 164
Trd, 000132.383, 171
Trd, 000133.183, 171
Trd, 000134.017, 165
Trd, 000134.267, 164
Trd, 000134.817, 175
Trd, 000134.883, 158
Trd, 000136.217, 168
Trd, 000136.250, 163
Trd, 000136.333, 162
Trd, 000136.717, 169
Trd, 000138.533, 168
Trd, 000138.667, 167
Trd, 000138.750, 169
Trd, 000139.300, 171
Trd, 000139.483, 172
Trd, 000139.933, 171
Trd, 000140.167, 170
Trd, 000140.600, 172
Trd, 000140.900, 171
Trd, 000141.383, 170
Trd, 000142.567, 165
Trd, 000144.367, 168
Trd, 000144.433, 168
Trd, 000145.017, 165
Trd, 000145.133, 167
Trd, 000145.233, 176
Trd, 000145.533, 176
Trd, 000145.717, 160
Trd, 000147.267, 171
Trd, 000148.883, 175
Trd, 000149.633, 172
Trd, 000149.683, 174
Trd, 000149.833, 171
Trd, 000150.533, 166
Trd, 000151.383, 170
Trd, 000151.533, 172
Trd, 000152.567, 171
Trd, 000152.783, 170
Trd, 000152.833, 172
Trd, 000153.400, 172
Trd, 000154.067, 170
Trd, 000154.667, 171
Trd, 000154.850, 170
Trd, 000155.750, 162
Trd, 000155.900, 159
Trd, 000155.917, 182
Trd, 000156.050, 178
Trd, 000156.550, 164
Trd, 000158.700, 173
Trd, 000159.233, 173
Trd, 000159.833, 172
Trd, 000159.883, 174
Trd, 000161.433, 172
Trd, 000161.700, 171
Trd, 000161.733, 173
Trd, 000161.917, 175
Trd, 000163.200, 169
Trd, 000163.517, 168
Trd, 000163.600, 153
Trd, 000163.767, 155
Trd, 000164.117, 171
Trd, 000164.650, 170
Trd, 000166.417, 171
Trd, 000167.717, 166
Trd, 000168.267, 167
Trd, 000168.317, 169
Trd, 000168.667, 170
Trd, 000168.933, 172
Trd, 000169.050, 168
Trd, 000169.100, 163
Trd, 000169.117, 162
Trd, 000170.733, 179
Trd, 000171.967, 173
Trd, 000172.133, 181
Trd, 000172.467, 173
Trd, 000173.117, 185
Trd, 000174.833, 178
Trd, 000174.917, 178
Trd, 000175.767, 172
Trd, 000176.033, 175
Trd, 000176.250, 174
Trd, 000177.000, 175
Trd, 000177.117, 179
Trd, 000177.583, 174
Trd, 000178.467, 177
Trd, 000179.850, 178
Trd, 000180.833, 177
Trd, 000181.000, 176
Trd, 000181.033, 178
Trd, 000181.450, 175
Trd, 000182.050, 180
Trd, 000182.650, 165
Trd, 000182.967, 177
Trd, 000182.983, 163
Trd, 000183.067, 179
Trd, 000183.867, 163
Trd, 000185.967, 171
Trd, 000186.117, 167
Trd, 000186.683, 173
Trd, 000186.833, 165
Trd, 000186.917, 162
Trd, 000187.400, 162
Trd, 000187.833, 172
Trd, 000189.233, 167
Trd, 000190.333, 168
Trd, 000190.400, 164
Trd, 000190.983, 171
Trd, 000191.300, 174
Trd, 000192.267, 173
Trd, 000193.600, 174
Trd, 000194.017, 187
Trd, 000194.283, 173
Trd, 000194.400, 175
Trd, 000194.883, 177
Trd, 000195.283, 178
Trd, 000195.650, 173
Trd, 000197.800, 176
Trd, 000198.300, 173
Trd, 000199.100, 175
Trd, 000199.117, 178
Trd, 000199.150, 173
Trd, 000199.533, 172
Trd, 000199.817, 177
Trd, 000201.000, 178
Trd, 000202.833, 172
Trd, 000203.433, 172
Trd, 000204.417, 173
Trd, 000204.567, 174
Trd, 000205.067, 172
Trd, 000205.533, 173
Trd, 000205.800, 175
Trd, 000205.817, 172
Trd, 000206.583, 171
Trd, 000206.683, 174
Trd, 000206.783, 175
Trd, 000206.900, 181
Trd, 000209.550, 174
Trd, 000210.400, 178
Trd, 000211.267, 179
Trd, 000211.367, 179
Trd, 000211.600, 175
Trd, 000211.617, 174
Trd, 000214.000, 179
Trd, 000214.050, 175
Trd, 000214.117, 180
Trd, 000215.117, 178
Trd, 000215.850, 179
Trd, 000216.317, 177
Trd, 000216.383, 176
Trd, 000216.517, 178
Trd, 000217.050, 178
Trd, 000218.583, 182
Trd, 000219.267, 183
Trd, 000219.383, 176
Trd, 000219.583, 190
Trd, 000219.683, 175
Trd, 000219.800, 174
Trd, 000220.350, 184
Trd, 000222.050, 176
Trd, 000222.383, 175
Trd, 000223.167, 176
Trd, 000224.217, 176
Trd, 000224.667, 175
Trd, 000225.850, 175
Trd, 000226.033, 174
Trd, 000226.133, 175
Trd, 000227.417, 179
Trd, 000227.500, 173
Trd, 000228.067, 174
Trd, 000228.583, 176
Trd, 000228.750, 179
Trd, 000229.267, 183
Trd, 000229.633, 173
Trd, 000230.400, 185
Trd, 000231.350, 187
Trd, 000231.400, 191
Trd, 000232.200, 186
Trd, 000233.033, 185
Trd, 000233.367, 185
Trd, 000233.617, 186
Trd, 000235.000, 185
Trd, 000235.150, 181
Trd, 000235.417, 182
Trd, 000236.083, 184
Trd, 000237.733, 185
Trd, 000237.783, 183
Trd, 000238.550, 183
Trd, 000239.233, 183
Trd, 000239.550, 182
Trd, 000239.683, 183
Trd, 000240.000, 181
Trd, 000240.567, 174
Trd, 000241.000, 170
Trd, 000241.967, 172
Trd, 000242.283, 171
Trd, 000244.067, 170
Trd, 000244.667, 170
Trd, 000245.533, 170
Trd, 000245.933, 169
Trd, 000246.133, 171
Trd, 000246.717, 172
Trd, 000246.817, 168
Trd, 000248.017, 171
Trd, 000248.233, 172
Trd, 000248.517, 169
Trd, 000249.150, 169
Trd, 000249.350, 172
Trd, 000249.367, 173
Trd, 000249.917, 172
Trd, 000250.083, 171
Trd, 000250.433, 172
Trd, 000251.033, 173
Trd, 000251.217, 173
Trd, 000251.383, 174
Trd, 000251.833, 169
Trd, 000252.833, 169
Trd, 000252.900, 172
Trd, 000252.933, 170
Trd, 000253.583, 172
Trd, 000253.667, 170
Trd, 000254.517, 170
Trd, 000255.133, 170
Trd, 000256.650, 172
Trd, 000256.767, 173
Trd, 000256.900, 173
Trd, 000257.000, 179
Trd, 000258.250, 176
Trd, 000258.733, 176
Trd, 000259.150, 176
Trd, 000259.467, 176
Trd, 000259.633, 175
Trd, 000260.033, 176
Trd, 000260.667, 175
Trd, 000260.833, 176
Trd, 000261.900, 176
Trd, 000262.367, 175
Trd, 000262.683, 173
Trd, 000262.733, 172
Trd, 000263.567, 169
Trd, 000264.167, 168
Trd, 000264.950, 167
Trd, 000265.733, 167
Trd, 000266.133, 166
Trd, 000266.750, 167
Trd, 000266.767, 165
Trd, 000266.783, 168
Trd, 000267.000, 166
Trd, 000267.017, 164
Trd, 000267.817, 168
Trd, 000268.133, 171
Trd, 000268.717, 168
Trd, 000269.017, 173
Trd, 000269.433, 174
Trd, 000269.867, 175
Trd, 000270.600, 178
Trd, 000271.367, 173
Trd, 000271.633, 180
Trd, 000271.783, 173
Trd, 000272.617, 171
Trd, 000272.833, 171
Trd, 000273.150, 172
Trd, 000273.167, 173
Trd, 000273.233, 175
Trd, 000273.433, 175
Trd, 000274.600, 173
Trd, 000274.683, 177
Trd, 000275.383, 175
Trd, 000275.667, 177
Trd, 000276.950, 177
Trd, 000277.250, 178
Trd, 000277.300, 195
Trd, 000277.800, 186
Trd, 000278.117, 191
Trd, 000278.700, 173
Trd, 000278.833, 172
Trd, 000279.417, 176
Trd, 000279.467, 173
Trd, 000279.850, 172
Trd, 000280.950, 173
Trd, 000281.150, 177
Trd, 000281.600, 179
Trd, 000282.750, 176
Trd, 000283.300, 177
Trd, 000283.883, 178
Trd, 000283.900, 177
Trd, 000284.300, 178
Trd, 000284.650, 177
Trd, 000285.350, 177
Trd, 000285.750, 176
Trd, 000286.267, 179
Trd, 000287.017, 178
Trd, 000287.050, 180
Trd, 000287.300, 172
Trd, 000287.550, 180
Trd, 000287.650, 181
Trd, 000288.033, 169
Trd, 000288.417, 183
Trd, 000288.483, 177
Trd, 000288.533, 191
Trd, 000288.633, 173
Trd, 000289.733, 172
Trd, 000289.933, 165
Trd, 000290.517, 177
Trd, 000291.400, 177
Trd, 000291.917, 179
Trd, 000292.167, 172
Trd, 000293.050, 173
Trd, 000293.500, 175
Trd, 000294.333, 177
Trd, 000294.400, 174
Trd, 000294.767, 173
Trd, 000295.183, 177
Trd, 000295.233, 178
Trd, 000296.500, 178
Trd, 000296.950, 179
Trd, 000297.083, 177
Trd, 000298.133, 177
Trd, 000298.617, 180
Trd, 000299.417, 177
