Trd, 000001.817, 172
Trd, 000002.250, 158
Trd, 000003.167, 150
Trd, 000003.317, 131
Trd, 000004.300, 125
Trd, 000004.450, 123
Trd, 000004.867, 139
Trd, 000005.200, 142
Trd, 000006.717, 141
Trd, 000006.867, 151
Trd, 000008.917, 142
Trd, 000009.333, 143
Trd, 000009.450, 143
Trd, 000009.467, 155
Trd, 000009.583, 140
Trd, 000010.667, 141
Trd, 000010.850, 141
Trd, 000012.083, 140
Trd, 000012.167, 142
Trd, 000013.050, 145
Trd, 000013.533, 143
Trd, 000014.233, 144
Trd, 000014.617, 144
Trd, 000015.017, 145
Trd, 000015.650, 149
Trd, 000015.883, 142
Trd, 000016.900, 143
Trd, 000017.833, 150
Trd, 000018.233, 144
Trd, 000018.950, 147
Trd, 000019.517, 147
Trd, 000020.400, 153
Trd, 000020.717, 154
Trd, 000020.800, 148
Trd, 000020.817, 144
Trd, 000021.117, 149
Trd, 000021.617, 149
Trd, 000021.700, 142
Trd, 000022.883, 146
Trd, 000023.150, 151
Trd, 000023.933, 139
Trd, 000024.467, 150
Trd, 000024.717, 150
Trd, 000025.283, 151
Trd, 000025.850, 149
Trd, 000026.350, 150
Trd, 000026.567, 151
Trd, 000028.050, 151
Trd, 000028.333, 153
Trd, 000028.933, 151
Trd, 000029.117, 150
Trd, 000029.150, 149
Trd, 000029.650, 152
Trd, 000031.517, 153
Trd, 000032.117, 154
Trd, 000032.583, 166
Trd, 000033.100, 166
Trd, 000033.500, 149
Trd, 000033.717, 148
Trd, 000034.183, 147
Trd, 000034.467, 143
Trd, 000034.867, 142
Trd, 000035.417, 142
Trd, 000035.483, 136
Trd, 000036.700, 139
Trd, 000036.717, 135
Trd, 000036.900, 145
Trd, 000037.400, 145
Trd, 000037.617, 145
Trd, 000038.550, 145
Trd, 000038.900, 142
Trd, 000040.033, 143
Trd, 000040.400, 143
Trd, 000041.017, 145
Trd, 000041.750, 144
Trd, 000042.150, 146
Trd, 000042.267, 146
Trd, 000042.917, 152
Trd, 000043.400, 155
Trd, 000043.783, 148
Trd, 000044.317, 149
Trd, 000044.517, 147
Trd, 000044.917, 146
Trd, 000045.283, 149
Trd, 000046.100, 150
Trd, 000046.467, 149
Trd, 000046.833, 148
Trd, 000047.167, 149
Trd, 000048.200, 146
Trd, 000050.250, 152
Trd, 000050.900, 149
Trd, 000050.933, 152
Trd, 000050.967, 153
Trd, 000050.983, 147
Trd, 000051.133, 146
Trd, 000052.200, 145
Trd, 000052.300, 146
Trd, 000052.367, 156
Trd, 000052.633, 167
Trd, 000055.533, 153
Trd, 000055.683, 154
Trd, 000056.033, 154
Trd, 000056.567, 154
Trd, 000057.450, 154
Trd, 000057.533, 155
Trd, 000058.767, 155
Trd, 000058.833, 154
Trd, 000060.167, 155
Trd, 000060.300, 156
Trd, 000060.633, 154
Trd, 000061.117, 155
Trd, 000061.233, 156
Trd, 000061.300, 146
Trd, 000062.683, 154
Trd, 000063.533, 149
Trd, 000064.467, 160
Trd, 000064.850, 159
Trd, 000065.183, 157
Trd, 000065.683, 156
Trd, 000065.933, 169
Trd, 000066.300, 154
Trd, 000066.667, 159
Trd, 000066.817, 155
Trd, 000068.217, 152
Trd, 000068.583, 158
Trd, 000068.983, 158
Trd, 000070.550, 148
Trd, 000070.983, 153
Trd, 000071.283, 151
Trd, 000071.567, 153
Trd, 000072.650, 152
Trd, 000072.983, 152
Trd, 000073.833, 153
Trd, 000073.983, 152
Trd, 000074.167, 154
Trd, 000074.900, 151
Trd, 000075.817, 152
Trd, 000075.900, 153
Trd, 000076.350, 151
Trd, 000076.867, 150
Trd, 000077.167, 151
Trd, 000077.217, 147
Trd, 000077.483, 149
Trd, 000078.600, 150
Trd, 000079.300, 150
Trd, 000080.583, 150
Trd, 000080.983, 151
Trd, 000081.617, 152
Trd, 000081.733, 151
Trd, 000081.883, 151
Trd, 000082.233, 159
Trd, 000083.750, 151
Trd, 000084.000, 156
Trd, 000084.517, 157
Trd, 000085.183, 152
Trd, 000086.017, 153
Trd, 000086.417, 155
Trd, 000088.717, 154
Trd, 000089.333, 154
Trd, 000089.400, 155
Trd, 000089.600, 153
Trd, 000090.050, 154
Trd, 000090.300, 155
Trd, 000090.600, 153
Trd, 000091.150, 156
Trd, 000091.450, 156
Trd, 000091.517, 153
Trd, 000091.567, 149
Trd, 000092.500, 154
Trd, 000092.850, 155
Trd, 000093.700, 152
Trd, 000094.500, 156
Trd, 000094.733, 154
Trd, 000095.500, 155
Trd, 000095.767, 157
Trd, 000096.233, 160
Trd, 000096.567, 153
Trd, 000097.067, 156
Trd, 000097.467, 153
Trd, 000098.083, 151
Trd, 000099.950, 158
Trd, 000100.133, 154
Trd, 000101.567, 159
Trd, 000101.717, 158
Trd, 000102.033, 159
Trd, 000102.117, 157
Trd, 000103.100, 156
Trd, 000103.600, 156
Trd, 000103.867, 156
Trd, 000104.083, 156
Trd, 000104.350, 154
Trd, 000104.683, 156
Trd, 000105.300, 159
Trd, 000108.033, 155
Trd, 000108.483, 154
Trd, 000109.300, 157
Trd, 000109.567, 157
Trd, 000109.617, 156
Trd, 000109.833, 157
Trd, 000109.850, 159
Trd, 000110.483, 155
Trd, 000111.300, 156
Trd, 000111.633, 160
Trd, 000112.800, 153
Trd, 000113.683, 152
Trd, 000114.217, 156
Trd, 000114.400, 157
Trd, 000115.200, 154
Trd, 000115.617, 155
Trd, 000115.700, 154
Trd, 000118.583, 156
Trd, 000118.850, 162
Trd, 000118.967, 155
Trd, 000119.150, 155
Trd, 000119.183, 176
Trd, 000119.817, 184
Trd, 000121.150, 169
Trd, 000121.250, 170
Trd, 000121.283, 162
Trd, 000121.517, 163
Trd, 000122.050, 174
Trd, 000123.000, 155
Trd, 000123.167, 167
Trd, 000123.483, 160
Trd, 000124.083, 155
Trd, 000124.317, 146
Trd, 000125.117, 146
Trd, 000125.200, 147
Trd, 000126.333, 152
Trd, 000127.633, 153
Trd, 000128.300, 150
Trd, 000128.933, 151
Trd, 000129.667, 152
Trd, 000129.750, 151
Trd, 000130.583, 147
Trd, 000131.233, 154
Trd, 000131.583, 154
Trd, 000131.717, 150
Trd, 000132.317, 149
Trd, 000132.550, 154
Trd, 000132.583, 154
Trd, 000132.683, 146
Trd, 000134.333, 152
Trd, 000134.350, 154
Trd, 000135.400, 152
Trd, 000135.950, 153
Trd, 000136.050, 152
Trd, 000136.667, 155
Trd, 000137.350, 154
Trd, 000137.717, 159
Trd, 000137.950, 161
Trd, 000138.883, 155
Trd, 000138.900, 154
Trd, 000139.283, 156
Trd, 000139.717, 163
Trd, 000140.683, 160
Trd, 000140.933, 157
Trd, 000141.133, 165
Trd, 000142.033, 157
Trd, 000142.517, 159
Trd, 000142.817, 158
Trd, 000143.150, 157
Trd, 000144.067, 158
Trd, 000144.150, 175
Trd, 000144.617, 162
Trd, 000145.833, 161
Trd, 000146.433, 159
Trd, 000146.517, 162
Trd, 000147.150, 164
Trd, 000147.333, 158
Trd, 000147.900, 153
Trd, 000149.117, 155
Trd, 000149.867, 164
Trd, 000150.767, 163
Trd, 000151.733, 161
Trd, 000152.217, 161
Trd, 000152.833, 162
Trd, 000153.367, 162
Trd, 000153.450, 164
Trd, 000153.517, 164
Trd, 000153.933, 164
Trd, 000154.400, 163
Trd, 000154.817, 162
Trd, 000154.850, 159
Trd, 000155.267, 161
Trd, 000156.833, 161
Trd, 000157.350, 160
Trd, 000158.467, 160
Trd, 000158.500, 166
Trd, 000158.717, 159
Trd, 000159.017, 177
Trd, 000160.000, 165
Trd, 000160.233, 160
Trd, 000161.083, 167
Trd, 000161.567, 169
Trd, 000162.217, 163
Trd, 000162.650, 164
Trd, 000163.000, 166
Trd, 000163.867, 164
Trd, 000165.433, 163
Trd, 000165.667, 164
Trd, 000165.800, 162
Trd, 000165.833, 161
Trd, 000166.783, 160
Trd, 000167.067, 166
Trd, 000167.633, 166
Trd, 000168.850, 165
Trd, 000169.067, 165
Trd, 000169.183, 163
Trd, 000169.283, 162
Trd, 000169.450, 161
Trd, 000169.917, 157
Trd, 000170.800, 166
Trd, 000171.067, 168
Trd, 000171.100, 168
Trd, 000171.567, 167
Trd, 000172.183, 166
Trd, 000172.833, 166
Trd, 000173.000, 165
Trd, 000174.200, 166
Trd, 000174.733, 159
Trd, 000175.233, 165
Trd, 000175.400, 159
Trd, 000176.100, 162
Trd, 000176.367, 161
Trd, 000176.467, 159
Trd, 000176.950, 165
Trd, 000177.650, 158
Trd, 000177.750, 164
Trd, 000178.883, 165
Trd, 000179.333, 163
Trd, 000179.567, 163
Trd, 000179.783, 165
Trd, 000180.117, 169
Trd, 000180.983, 165
Trd, 000181.800, 162
Trd, 000183.117, 164
Trd, 000183.867, 164
Trd, 000184.000, 163
Trd, 000184.217, 162
Trd, 000184.400, 161
Trd, 000185.167, 163
Trd, 000185.900, 161
Trd, 000187.517, 162
Trd, 000187.817, 163
Trd, 000187.900, 167
Trd, 000189.633, 163
Trd, 000190.233, 163
Trd, 000190.833, 166
Trd, 000191.467, 166
Trd, 000191.483, 164
Trd, 000191.650, 163
Trd, 000192.233, 163
Trd, 000192.717, 162
Trd, 000192.950, 164
Trd, 000193.167, 164
Trd, 000193.333, 159
Trd, 000194.700, 164
Trd, 000195.550, 167
Trd, 000196.150, 165
Trd, 000196.400, 163
Trd, 000197.883, 168
Trd, 000197.933, 168
Trd, 000198.583, 168
Trd, 000198.650, 167
Trd, 000198.667, 168
Trd, 000198.800, 164
Trd, 000198.850, 163
Trd, 000199.067, 170
Trd, 000199.333, 176
Trd, 000199.683, 161
Trd, 000200.233, 172
Trd, 000200.483, 161
Trd, 000202.500, 164
Trd, 000202.783, 163
Trd, 000203.850, 161
Trd, 000204.000, 168
Trd, 000204.550, 168
Trd, 000205.217, 159
Trd, 000205.567, 160
Trd, 000206.533, 159
Trd, 000206.717, 163
Trd, 000206.733, 167
Trd, 000207.500, 162
Trd, 000208.083, 162
Trd, 000209.117, 166
Trd, 000209.733, 166
Trd, 000210.283, 167
Trd, 000210.767, 166
Trd, 000211.867, 165
Trd, 000212.100, 165
Trd, 000212.250, 164
Trd, 000212.667, 162
Trd, 000213.400, 165
Trd, 000213.633, 160
Trd, 000214.167, 168
Trd, 000214.567, 154
Trd, 000215.583, 165
Trd, 000217.783, 161
Trd, 000217.867, 162
Trd, 000218.917, 163
Trd, 000219.467, 163
Trd, 000219.833, 164
Trd, 000220.317, 163
Trd, 000220.650, 164
Trd, 000220.800, 170
Trd, 000221.217, 164
Trd, 000221.267, 163
Trd, 000221.483, 162
Trd, 000222.150, 160
Trd, 000223.383, 161
Trd, 000224.217, 163
Trd, 000224.583, 163
Trd, 000225.583, 164
Trd, 000225.600, 162
Trd, 000225.667, 166
Trd, 000226.633, 163
Trd, 000226.650, 171
Trd, 000227.900, 164
Trd, 000228.033, 163
Trd, 000228.317, 162
Trd, 000228.533, 165
Trd, 000230.150, 164
Trd, 000231.000, 170
Trd, 000231.267, 167
Trd, 000231.467, 171
Trd, 000232.017, 181
Trd, 000232.500, 172
Trd, 000232.883, 173
Trd, 000233.483, 172
Trd, 000233.517, 173
Trd, 000234.500, 174
Trd, 000234.667, 172
Trd, 000234.800, 171
Trd, 000235.067, 174
Trd, 000236.467, 171
Trd, 000236.733, 174
Trd, 000237.117, 167
Trd, 000239.467, 176
Trd, 000240.467, 172
Trd, 000240.700, 173
Trd, 000240.783, 172
Trd, 000241.117, 174
Trd, 000241.283, 175
Trd, 000241.700, 175
Trd, 000241.717, 175
Trd, 000241.950, 173
Trd, 000242.000, 172
Trd, 000242.317, 172
Trd, 000242.583, 173
Trd, 000243.033, 174
Trd, 000243.450, 175
Trd, 000243.833, 175
Trd, 000244.300, 175
Trd, 000244.533, 177
Trd, 000244.567, 185
Trd, 000244.583, 173
Trd, 000244.833, 171
Trd, 000246.033, 177
Trd, 000246.350, 178
Trd, 000246.467, 174
Trd, 000246.650, 183
Trd, 000246.833, 173
Trd, 000247.117, 186
Trd, 000247.617, 175
Trd, 000247.850, 189
Trd, 000249.433, 184
Trd, 000249.933, 184
Trd, 000250.733, 182
Trd, 000250.800, 184
Trd, 000251.033, 181
Trd, 000251.050, 183
Trd, 000251.433, 180
Trd, 000252.200, 182
Trd, 000253.017, 183
Trd, 000253.067, 183
Trd, 000253.450, 182
Trd, 000253.733, 181
Trd, 000253.883, 183
Trd, 000253.917, 183
Trd, 000254.000, 180
Trd, 000254.500, 181
Trd, 000254.867, 178
Trd, 000255.267, 180
Trd, 000256.000, 181
Trd, 000256.183, 178
Trd, 000256.483, 184
Trd, 000256.567, 173
Trd, 000257.517, 176
Trd, 000257.850, 182
Trd, 000258.617, 177
Trd, 000258.683, 176
Trd, 000259.267, 175
Trd, 000259.733, 179
Trd, 000259.867, 175
Trd, 000260.017, 174
Trd, 000260.217, 173
Trd, 000260.567, 177
Trd, 000260.883, 179
Trd, 000261.000, 177
Trd, 000261.500, 177
Trd, 000261.567, 179
Trd, 000261.817, 179
Trd, 000262.433, 174
Trd, 000262.583, 170
Trd, 000263.067, 172
Trd, 000263.617, 176
Trd, 000263.667, 176
Trd, 000264.217, 174
Trd, 000265.533, 174
Trd, 000265.783, 176
Trd, 000265.950, 176
Trd, 000265.983, 177
Trd, 000266.367, 174
Trd, 000266.600, 176
Trd, 000267.683, 175
Trd, 000268.000, 173
Trd, 000268.050, 168
Trd, 000268.267, 167
Trd, 000268.817, 171
Trd, 000268.917, 170
Trd, 000269.083, 171
Trd, 000269.133, 165
Trd, 000270.400, 175
Trd, 000270.683, 175
Trd, 000270.967, 175
Trd, 000271.150, 173
Trd, 000271.933, 177
Trd, 000272.350, 180
Trd, 000272.583, 177
Trd, 000272.650, 178
Trd, 000272.683, 176
Trd, 000273.733, 179
Trd, 000274.400, 178
Trd, 000274.767, 175
Trd, 000275.167, 180
Trd, 000275.383, 189
Trd, 000275.483, 179
Trd, 000275.633, 174
Trd, 000275.683, 171
Trd, 000276.167, 178
Trd, 000276.533, 178
Trd, 000276.967, 179
Trd, 000277.350, 183
Trd, 000277.417, 181
Trd, 000277.500, 180
Trd, 000277.717, 199
Trd, 000278.267, 179
Trd, 000278.533, 178
Trd, 000279.817, 184
Trd, 000279.833, 179
Trd, 000279.883, 184
Trd, 000280.550, 178
Trd, 000280.600, 182
Trd, 000280.667, 177
Trd, 000281.100, 182
Trd, 000282.250, 182
Trd, 000282.417, 177
Trd, 000282.867, 182
Trd, 000283.383, 175
Trd, 000284.233, 172
Trd, 000285.083, 175
Trd, 000285.117, 173
Trd, 000285.200, 176
Trd, 000285.233, 176
Trd, 000285.683, 172
Trd, 000285.833, 172
Trd, 000285.917, 167
Trd, 000286.500, 172
Trd, 000286.550, 175
Trd, 000286.717, 177
Trd, 000286.983, 176
Trd, 000287.433, 169
Trd, 000288.200, 174
Trd, 000288.717, 176
Trd, 000289.517, 176
Trd, 000289.667, 177
Trd, 000289.733, 176
Trd, 000289.883, 177
Trd, 000290.083, 178
Trd, 000290.417, 180
Trd, 000290.717, 190
Trd, 000291.350, 201
Trd, 000291.750, 194
Trd, 000292.533, 204
Trd, 000292.567, 195
Trd, 000292.883, 195
Trd, 000292.917, 194
Trd, 000292.933, 185
Trd, 000293.617, 205
Trd, 000293.683, 201
Trd, 000294.050, 195
Trd, 000294.500, 211
Trd, 000294.900, 195
Trd, 000295.150, 194
Trd, 000296.233, 193
Trd, 000296.283, 191
Trd, 000296.967, 190
Trd, 000297.667, 192
Trd, 000297.950, 195
Trd, 000298.000, 188
Trd, 000298.783, 192
Trd, 000298.833, 187
Trd, 000298.867, 185
Trd, 000299.500, 181
