Trd, 000001.950, 127
Trd, 000003.650, 165
Trd, 000003.900, 163
Trd, 000004.433, 141
Trd, 000005.317, 141
Trd, 000005.500, 143
Trd, 000006.650, 156
Trd, 000007.133, 147
Trd, 000007.700, 147
Trd, 000007.950, 148
Trd, 000008.383, 147
Trd, 000009.017, 145
Trd, 000009.033, 142
Trd, 000009.217, 149
Trd, 000010.450, 146
Trd, 000010.600, 147
Trd, 000011.317, 148
Trd, 000011.383, 151
Trd, 000013.567, 164
Trd, 000013.583, 155
Trd, 000013.650, 153
Trd, 000013.783, 163
Trd, 000014.367, 164
Trd, 000014.867, 163
Trd, 000015.050, 157
Trd, 000015.900, 161
Trd, 000016.867, 162
Trd, 000016.933, 160
Trd, 000017.450, 159
Trd, 000017.567, 164
Trd, 000018.100, 165
Trd, 000018.133, 167
Trd, 000019.000, 161
Trd, 000019.300, 162
Trd, 000020.000, 159
Trd, 000020.633, 167
Trd, 000022.300, 160
Trd, 000022.783, 161
Trd, 000022.967, 160
Trd, 000023.050, 161
Trd, 000023.117, 160
Trd, 000025.217, 159
Trd, 000025.583, 153
Trd, 000026.300, 155
Trd, 000026.367, 158
Trd, 000026.417, 150
Trd, 000027.767, 157
Trd, 000028.050, 126
Trd, 000028.633, 144
Trd, 000028.750, 164
Trd, 000028.883, 153
Trd, 000029.117, 153
Trd, 000030.067, 154
Trd, 000030.333, 155
Trd, 000032.000, 156
Trd, 000032.367, 167
Trd, 000032.633, 166
Trd, 000033.767, 157
Trd, 000033.917, 165
Trd, 000034.550, 156
Trd, 000035.333, 155
Trd, 000036.133, 162
Trd, 000036.317, 159
Trd, 000036.583, 164
Trd, 000036.733, 159
Trd, 000036.833, 159
Trd, 000037.517, 162
Trd, 000039.217, 158
Trd, 000039.717, 160
Trd, 000040.150, 159
Trd, 000040.450, 159
Trd, 000041.867, 160
Trd, 000042.783, 160
Trd, 000043.850, 159
Trd, 000044.650, 160
Trd, 000044.767, 162
Trd, 000045.867, 162
Trd, 000046.000, 163
Trd, 000046.233, 161
Trd, 000046.383, 160
Trd, 000046.450, 165
Trd, 000046.933, 159
Trd, 000047.767, 164
Trd, 000049.017, 162
Trd, 000050.067, 162
Trd, 000050.300, 161
Trd, 000050.317, 162
Trd, 000052.050, 159
Trd, 000052.283, 158
Trd, 000052.833, 156
Trd, 000053.450, 154
Trd, 000054.817, 160
Trd, 000055.333, 159
Trd, 000055.783, 158
Trd, 000056.217, 159
Trd, 000056.383, 158
Trd, 000056.733, 158
Trd, 000057.733, 158
Trd, 000058.117, 157
Trd, 000058.467, 157
Trd, 000059.333, 157
Trd, 000059.733, 157
Trd, 000059.900, 156
Trd, 000060.750, 157
Trd, 000061.300, 156
Trd, 000061.767, 158
Trd, 000061.833, 168
Trd, 000062.383, 171
Trd, 000063.600, 168
Trd, 000063.800, 169
Trd, 000064.567, 164
Trd, 000064.633, 172
Trd, 000064.750, 164
Trd, 000066.117, 163
Trd, 000066.450, 160
Trd, 000066.867, 171
Trd, 000067.300, 161
Trd, 000068.317, 162
Trd, 000068.367, 161
Trd, 000068.950, 162
Trd, 000069.417, 163
Trd, 000069.633, 163
Trd, 000069.700, 160
Trd, 000071.017, 166
Trd, 000071.517, 164
Trd, 000072.050, 164
Trd, 000072.217, 162
Trd, 000072.933, 164
Trd, 000072.983, 160
Trd, 000073.417, 159
Trd, 000075.400, 159
Trd, 000075.917, 160
Trd, 000075.933, 156
Trd, 000076.533, 161
Trd, 000076.617, 163
Trd, 000077.533, 160
Trd, 000078.117, 160
Trd, 000078.783, 159
Trd, 000079.017, 159
Trd, 000079.167, 157
Trd, 000079.317, 161
Trd, 000079.383, 156
Trd, 000080.967, 157
Trd, 000081.167, 151
Trd, 000081.517, 158
Trd, 000081.717, 158
Trd, 000082.783, 159
Trd, 000082.800, 172
Trd, 000083.867, 178
Trd, 000084.883, 168
Trd, 000085.167, 169
Trd, 000085.533, 170
Trd, 000085.783, 173
Trd, 000085.967, 162
Trd, 000086.067, 155
Trd, 000086.567, 152
Trd, 000088.050, 168
Trd, 000088.983, 160
Trd, 000089.450, 166
Trd, 000090.100, 167
Trd, 000092.150, 161
Trd, 000092.183, 162
Trd, 000092.267, 160
Trd, 000092.683, 161
Trd, 000092.783, 159
Trd, 000092.800, 164
Trd, 000094.900, 170
Trd, 000095.700, 171
Trd, 000096.517, 166
Trd, 000096.750, 166
Trd, 000097.300, 164
Trd, 000097.400, 163
Trd, 000099.417, 166
Trd, 000099.667, 164
Trd, 000099.817, 165
Trd, 000099.900, 167
Trd, 000100.000, 170
Trd, 000101.550, 164
Trd, 000102.133, 169
Trd, 000102.633, 168
Trd, 000102.900, 170
Trd, 000103.067, 165
Trd, 000103.267, 172
Trd, 000103.683, 175
Trd, 000104.117, 181
Trd, 000104.867, 169
Trd, 000105.533, 161
Trd, 000106.283, 166
Trd, 000106.950, 165
Trd, 000107.067, 164
Trd, 000107.917, 162
Trd, 000107.933, 164
Trd, 000108.900, 164
Trd, 000109.033, 165
Trd, 000109.367, 164
Trd, 000110.017, 171
Trd, 000110.083, 165
Trd, 000110.717, 160
Trd, 000110.817, 172
Trd, 000110.867, 155
Trd, 000112.400, 166
Trd, 000113.167, 166
Trd, 000113.400, 177
Trd, 000115.433, 164
Trd, 000115.483, 164
Trd, 000116.067, 164
Trd, 000116.283, 163
Trd, 000116.550, 166
Trd, 000116.783, 163
Trd, 000118.117, 164
Trd, 000118.400, 167
Trd, 000118.767, 172
Trd, 000119.650, 163
Trd, 000119.733, 162
Trd, 000120.317, 170
Trd, 000121.117, 170
Trd, 000121.383, 172
Trd, 000122.267, 162
Trd, 000123.217, 163
Trd, 000123.750, 169
Trd, 000124.317, 163
Trd, 000125.317, 165
Trd, 000125.783, 166
Trd, 000126.033, 169
Trd, 000126.250, 165
Trd, 000126.650, 163
Trd, 000126.833, 168
Trd, 000126.883, 161
Trd, 000128.517, 167
Trd, 000129.017, 165
Trd, 000129.967, 164
Trd, 000130.167, 164
Trd, 000130.450, 167
Trd, 000130.700, 164
Trd, 000131.150, 163
Trd, 000131.300, 167
Trd, 000132.917, 167
Trd, 000133.267, 166
Trd, 000133.517, 175
Trd, 000134.983, 171
Trd, 000135.633, 168
Trd, 000136.367, 169
Trd, 000136.900, 168
Trd, 000137.267, 169
Trd, 000137.550, 171
Trd, 000137.700, 167
Trd, 000138.583, 174
Trd, 000139.317, 174
Trd, 000140.467, 167
Trd, 000141.117, 169
Trd, 000141.433, 167
Trd, 000142.433, 165
Trd, 000142.900, 164
Trd, 000143.183, 165
Trd, 000143.867, 164
Trd, 000144.000, 167
Trd, 000144.883, 164
Trd, 000144.950, 164
Trd, 000145.733, 165
Trd, 000146.317, 168
Trd, 000146.500, 167
Trd, 000147.283, 166
Trd, 000148.133, 167
Trd, 000148.217, 168
Trd, 000148.450, 166
Trd, 000150.250, 165
Trd, 000150.533, 177
Trd, 000150.667, 180
Trd, 000152.017, 173
Trd, 000152.883, 174
Trd, 000153.317, 170
Trd, 000153.400, 167
Trd, 000153.417, 176
Trd, 000153.517, 166
Trd, 000155.217, 168
Trd, 000155.850, 171
Trd, 000155.883, 172
Trd, 000155.950, 173
Trd, 000156.367, 166
Trd, 000157.550, 171
Trd, 000157.683, 167
Trd, 000158.233, 164
Trd, 000159.167, 170
Trd, 000159.850, 169
Trd, 000159.883, 166
Trd, 000160.333, 167
Trd, 000160.500, 168
Trd, 000160.550, 167
Trd, 000160.900, 167
Trd, 000161.233, 166
Trd, 000161.367, 163
Trd, 000161.417, 159
Trd, 000162.850, 165
Trd, 000163.050, 156
Trd, 000163.167, 157
Trd, 000163.200, 166
Trd, 000164.767, 167
Trd, 000165.350, 177
Trd, 000165.517, 176
Trd, 000165.650, 178
Trd, 000166.817, 173
Trd, 000168.033, 177
Trd, 000168.417, 176
Trd, 000168.617, 179
Trd, 000168.733, 176
Trd, 000169.000, 175
Trd, 000169.783, 176
Trd, 000170.800, 172
Trd, 000171.583, 174
Trd, 000172.933, 173
Trd, 000173.000, 173
Trd, 000173.300, 172
Trd, 000174.500, 172
Trd, 000174.650, 176
Trd, 000175.317, 175
Trd, 000176.450, 175
Trd, 000176.500, 176
Trd, 000176.617, 176
Trd, 000177.150, 174
Trd, 000177.500, 178
Trd, 000177.800, 170
Trd, 000179.017, 176
Trd, 000180.733, 177
Trd, 000180.983, 175
Trd, 000181.067, 174
Trd, 000181.317, 173
Trd, 000181.833, 175
Trd, 000182.383, 173
Trd, 000182.467, 172
Trd, 000183.000, 174
Trd, 000184.617, 177
Trd, 000185.450, 177
Trd, 000185.583, 176
Trd, 000185.767, 172
Trd, 000185.950, 178
Trd, 000186.967, 174
Trd, 000187.033, 171
Trd, 000188.050, 170
Trd, 000188.733, 169
Trd, 000190.183, 167
Trd, 000190.417, 167
Trd, 000190.550, 167
Trd, 000190.633, 169
Trd, 000191.433, 169
Trd, 000191.933, 171
Trd, 000192.433, 168
Trd, 000192.617, 169
Trd, 000193.483, 168
Trd, 000193.517, 169
Trd, 000194.950, 169
Trd, 000195.467, 170
Trd, 000195.850, 170
Trd, 000196.667, 171
Trd, 000197.083, 170
Trd, 000197.567, 168
Trd, 000197.950, 170
Trd, 000199.217, 172
Trd, 000199.667, 173
Trd, 000200.150, 172
Trd, 000200.500, 172
Trd, 000200.683, 182
Trd, 000200.850, 171
Trd, 000201.633, 171
Trd, 000201.650, 167
Trd, 000202.900, 173
Trd, 000203.183, 175
Trd, 000203.683, 170
Trd, 000204.383, 180
Trd, 000204.817, 182
Trd, 000205.450, 174
Trd, 000205.967, 176
Trd, 000206.083, 177
Trd, 000208.033, 175
Trd, 000208.433, 174
Trd, 000208.733, 178
Trd, 000208.900, 173
Trd, 000208.983, 173
Trd, 000209.267, 173
Trd, 000209.417, 179
Trd, 000210.100, 172
Trd, 000211.450, 176
Trd, 000212.150, 176
Trd, 000212.450, 176
Trd, 000212.650, 174
Trd, 000213.150, 174
Trd, 000214.917, 171
Trd, 000215.983, 173
Trd, 000216.233, 173
Trd, 000216.450, 172
Trd, 000216.800, 171
Trd, 000216.917, 173
Trd, 000217.150, 172
Trd, 000217.333, 172
Trd, 000220.050, 174
Trd, 000220.250, 183
Trd, 000221.267, 176
Trd, 000222.133, 176
Trd, 000222.400, 175
Trd, 000222.967, 175
Trd, 000223.633, 173
Trd, 000223.717, 174
Trd, 000224.000, 172
Trd, 000225.233, 174
Trd, 000226.033, 177
Trd, 000226.250, 179
Trd, 000227.483, 175
Trd, 000228.000, 175
Trd, 000228.333, 177
Trd, 000228.750, 173
Trd, 000229.750, 174
Trd, 000230.017, 173
Trd, 000230.283, 172
Trd, 000230.317, 170
Trd, 000230.633, 166
Trd, 000230.933, 170
Trd, 000231.700, 171
Trd, 000232.300, 168
Trd, 000232.550, 170
Trd, 000233.067, 165
Trd, 000233.100, 172
Trd, 000234.433, 171
Trd, 000235.200, 171
Trd, 000235.233, 169
Trd, 000235.350, 171
Trd, 000238.067, 182
Trd, 000238.350, 175
Trd, 000238.617, 175
Trd, 000239.250, 173
Trd, 000239.317, 171
Trd, 000240.583, 174
Trd, 000241.150, 174
Trd, 000241.300, 175
Trd, 000241.483, 175
Trd, 000241.567, 174
Trd, 000241.783, 176
Trd, 000242.167, 175
Trd, 000242.350, 174
Trd, 000242.533, 177
Trd, 000242.933, 175
Trd, 000243.550, 176
Trd, 000244.050, 181
Trd, 000245.033, 175
Trd, 000245.233, 178
Trd, 000245.350, 178
Trd, 000245.617, 177
Trd, 000246.050, 176
Trd, 000246.617, 177
Trd, 000247.733, 175
Trd, 000247.833, 175
Trd, 000247.883, 174
Trd, 000248.200, 172
Trd, 000249.950, 176
Trd, 000250.083, 177
Trd, 000250.633, 177
Trd, 000250.667, 187
Trd, 000250.800, 174
Trd, 000251.917, 174
Trd, 000252.233, 172
Trd, 000252.883, 176
Trd, 000253.083, 176
Trd, 000253.133, 175
Trd, 000253.733, 186
Trd, 000254.383, 179
Trd, 000254.500, 178
Trd, 000254.750, 176
Trd, 000255.250, 168
Trd, 000255.467, 162
Trd, 000255.550, 173
Trd, 000256.617, 173
Trd, 000257.183, 170
Trd, 000257.250, 174
Trd, 000257.683, 174
Trd, 000258.167, 171
Trd, 000258.400, 168
Trd, 000259.733, 172
Trd, 000259.883, 171
Trd, 000260.700, 174
Trd, 000260.817, 174
Trd, 000261.033, 174
Trd, 000261.150, 172
Trd, 000262.417, 173
Trd, 000263.283, 174
Trd, 000263.900, 174
Trd, 000264.333, 173
Trd, 000265.183, 172
Trd, 000265.400, 172
Trd, 000265.617, 172
Trd, 000265.767, 174
Trd, 000266.050, 173
Trd, 000266.283, 174
Trd, 000266.683, 174
Trd, 000267.100, 174
Trd, 000267.133, 168
Trd, 000268.317, 171
Trd, 000268.500, 171
Trd, 000269.917, 171
Trd, 000270.100, 173
Trd, 000270.250, 178
Trd, 000270.883, 180
Trd, 000270.950, 204
Trd, 000272.133, 186
Trd, 000272.317, 186
Trd, 000272.700, 185
Trd, 000273.067, 183
Trd, 000273.200, 183
Trd, 000273.250, 189
Trd, 000273.683, 189
Trd, 000274.083, 189
Trd, 000274.283, 188
Trd, 000274.700, 186
Trd, 000275.700, 183
Trd, 000276.383, 184
Trd, 000276.467, 181
Trd, 000276.533, 185
Trd, 000276.817, 178
Trd, 000277.617, 185
Trd, 000277.817, 175
Trd, 000278.533, 175
Trd, 000278.833, 174
Trd, 000279.167, 177
Trd, 000279.350, 178
Trd, 000279.750, 176
Trd, 000280.183, 181
Trd, 000280.900, 179
Trd, 000280.917, 180
Trd, 000281.167, 193
Trd, 000281.417, 179
Trd, 000282.033, 177
Trd, 000282.817, 184
Trd, 000283.050, 182
Trd, 000283.183, 176
Trd, 000284.450, 177
Trd, 000284.483, 176
Trd, 000284.650, 178
Trd, 000285.567, 186
Trd, 000285.817, 190
Trd, 000286.483, 182
Trd, 000286.667, 193
Trd, 000286.767, 195
Trd, 000287.000, 187
Trd, 000287.117, 183
Trd, 000287.317, 180
Trd, 000287.683, 181
Trd, 000288.283, 181
Trd, 000289.467, 184
Trd, 000289.683, 181
Trd, 000290.500, 182
Trd, 000290.650, 184
Trd, 000290.750, 180
Trd, 000290.917, 177
Trd, 000290.933, 183
Trd, 000291.050, 185
Trd, 000291.433, 186
Trd, 000291.500, 179
Trd, 000293.117, 180
Trd, 000293.800, 180
Trd, 000293.817, 179
Trd, 000293.900, 183
Trd, 000295.033, 181
Trd, 000295.350, 180
Trd, 000295.517, 176
Trd, 000295.883, 173
Trd, 000296.033, 179
Trd, 000296.067, 180
Trd, 000296.267, 181
Trd, 000296.633, 180
Trd, 000296.800, 172
Trd, 000298.517, 177
Trd, 000298.650, 177
Trd, 000299.050, 179
