Trd, 000000.517, 113
Trd, 000001.600, 159
Trd, 000002.033, 145
Trd, 000002.050, 136
Trd, 000002.700, 160
Trd, 000003.133, 158
Trd, 000004.067, 149
Trd, 000005.150, 146
Trd, 000006.450, 151
Trd, 000006.700, 151
Trd, 000006.967, 152
Trd, 000007.233, 151
Trd, 000008.233, 142
Trd, 000009.183, 139
Trd, 000009.750, 144
Trd, 000009.833, 145
Trd, 000010.050, 159
Trd, 000011.483, 149
Trd, 000011.867, 151
Trd, 000012.650, 149
Trd, 000013.783, 151
Trd, 000013.917, 151
Trd, 000014.550, 153
Trd, 000014.983, 152
Trd, 000015.383, 153
Trd, 000015.617, 151
Trd, 000016.200, 156
Trd, 000016.283, 155
Trd, 000016.417, 157
Trd, 000016.550, 161
Trd, 000017.900, 157
Trd, 000018.600, 158
Trd, 000019.233, 156
Trd, 000020.783, 155
Trd, 000021.217, 157
Trd, 000021.750, 155
Trd, 000022.050, 157
Trd, 000022.983, 156
Trd, 000023.050, 157
Trd, 000024.300, 157
Trd, 000024.367, 154
Trd, 000024.450, 151
Trd, 000024.633, 158
Trd, 000025.133, 153
Trd, 000025.633, 151
Trd, 000025.850, 154
Trd, 000027.283, 152
Trd, 000028.100, 152
Trd, 000028.617, 157
Trd, 000029.450, 157
Trd, 000029.517, 156
Trd, 000029.600, 154
Trd, 000030.733, 158
Trd, 000031.633, 157
Trd, 000031.800, 158
Trd, 000031.817, 158
Trd, 000031.850, 159
Trd, 000032.500, 159
Trd, 000032.550, 157
Trd, 000033.033, 156
Trd, 000035.217, 151
Trd, 000035.567, 153
Trd, 000036.067, 159
Trd, 000036.283, 156
Trd, 000037.883, 159
Trd, 000039.450, 152
Trd, 000039.550, 158
Trd, 000039.767, 159
Trd, 000039.850, 159
Trd, 000039.933, 152
Trd, 000040.367, 151
Trd, 000041.550, 152
Trd, 000042.067, 152
Trd, 000042.350, 153
Trd, 000042.917, 142
Trd, 000044.900, 148
Trd, 000045.100, 147
Trd, 000045.233, 147
Trd, 000045.850, 148
Trd, 000046.133, 147
Trd, 000046.217, 150
Trd, 000046.650, 155
Trd, 000047.150, 151
Trd, 000047.467, 159
Trd, 000047.717, 155
Trd, 000047.883, 152
Trd, 000048.667, 154
Trd, 000049.683, 154
Trd, 000049.917, 156
Trd, 000050.717, 156
Trd, 000051.117, 156
Trd, 000052.683, 157
Trd, 000053.283, 160
Trd, 000053.433, 153
Trd, 000055.133, 161
Trd, 000055.300, 161
Trd, 000055.350, 160
Trd, 000055.400, 162
Trd, 000056.633, 163
Trd, 000057.317, 154
Trd, 000057.883, 153
Trd, 000059.683, 158
Trd, 000060.333, 158
Trd, 000060.683, 158
Trd, 000060.700, 153
Trd, 000060.817, 158
Trd, 000061.500, 153
Trd, 000061.783, 155
Trd, 000062.283, 157
Trd, 000063.350, 154
Trd, 000063.950, 154
Trd, 000064.167, 154
Trd, 000064.900, 156
Trd, 000065.367, 152
Trd, 000066.933, 156
Trd, 000067.717, 156
Trd, 000067.767, 156
Trd, 000067.900, 156
Trd, 000068.000, 154
Trd, 000068.350, 152
Trd, 000070.100, 156
Trd, 000070.300, 157
Trd, 000070.717, 157
Trd, 000071.183, 156
Trd, 000071.217, 155
Trd, 000072.150, 157
Trd, 000072.450, 157
Trd, 000073.183, 162
Trd, 000073.467, 158
Trd, 000074.617, 157
Trd, 000074.750, 158
Trd, 000076.933, 157
Trd, 000077.400, 158
Trd, 000078.100, 159
Trd, 000078.667, 158
Trd, 000078.783, 156
Trd, 000079.200, 157
Trd, 000079.650, 161
Trd, 000079.900, 161
Trd, 000080.000, 157
Trd, 000080.283, 153
Trd, 000080.800, 163
Trd, 000082.183, 159
Trd, 000083.100, 161
Trd, 000084.067, 162
Trd, 000084.733, 161
Trd, 000085.033, 160
Trd, 000085.667, 163
Trd, 000086.950, 162
Trd, 000087.183, 163
Trd, 000087.633, 162
Trd, 000087.717, 161
Trd, 000088.417, 161
Trd, 000089.683, 160
Trd, 000089.983, 161
Trd, 000090.567, 162
Trd, 000090.783, 162
Trd, 000090.933, 161
Trd, 000092.383, 163
Trd, 000092.650, 163
Trd, 000092.950, 160
Trd, 000094.217, 161
Trd, 000095.183, 161
Trd, 000095.900, 164
Trd, 000096.483, 156
Trd, 000097.300, 161
Trd, 000098.200, 165
Trd, 000099.300, 165
Trd, 000099.433, 164
Trd, 000099.583, 162
Trd, 000099.817, 161
Trd, 000100.167, 165
Trd, 000100.583, 157
Trd, 000101.383, 165
Trd, 000102.217, 162
Trd, 000102.750, 159
Trd, 000104.033, 161
Trd, 000104.450, 162
Trd, 000104.633, 162
Trd, 000104.900, 161
Trd, 000106.250, 162
Trd, 000106.817, 161
Trd, 000107.900, 160
Trd, 000108.333, 159
Trd, 000108.700, 158
Trd, 000110.233, 152
Trd, 000110.717, 163
Trd, 000110.733, 163
Trd, 000111.733, 162
Trd, 000111.917, 162
Trd, 000112.050, 162
Trd, 000112.600, 165
Trd, 000112.917, 164
Trd, 000113.133, 163
Trd, 000114.250, 164
Trd, 000115.400, 162
Trd, 000115.533, 164
Trd, 000116.567, 161
Trd, 000117.617, 160
Trd, 000118.183, 166
Trd, 000118.917, 159
Trd, 000119.017, 166
Trd, 000120.283, 167
Trd, 000120.533, 162
Trd, 000121.117, 168
Trd, 000121.717, 162
Trd, 000122.650, 163
Trd, 000123.183, 167
Trd, 000124.617, 164
Trd, 000124.667, 166
Trd, 000124.967, 162
Trd, 000125.117, 166
Trd, 000126.433, 163
Trd, 000126.917, 163
Trd, 000127.283, 162
Trd, 000127.633, 163
Trd, 000128.050, 162
Trd, 000130.133, 165
Trd, 000131.217, 164
Trd, 000131.233, 165
Trd, 000131.383, 167
Trd, 000131.550, 163
Trd, 000133.100, 161
Trd, 000133.400, 163
Trd, 000134.667, 163
Trd, 000135.083, 164
Trd, 000135.467, 164
Trd, 000136.250, 165
Trd, 000136.833, 166
Trd, 000136.867, 168
Trd, 000139.600, 167
Trd, 000139.867, 167
Trd, 000139.883, 165
Trd, 000140.400, 166
Trd, 000140.917, 168
Trd, 000141.167, 168
Trd, 000141.883, 167
Trd, 000141.933, 165
Trd, 000144.050, 168
Trd, 000144.300, 168
Trd, 000144.783, 163
Trd, 000145.550, 163
Trd, 000146.117, 165
Trd, 000146.683, 167
Trd, 000147.233, 166
Trd, 000147.717, 166
Trd, 000148.383, 168
Trd, 000149.767, 168
Trd, 000150.633, 169
Trd, 000150.783, 163
Trd, 000150.883, 164
Trd, 000152.600, 166
Trd, 000152.800, 167
Trd, 000153.433, 165
Trd, 000153.783, 163
Trd, 000154.017, 166
Trd, 000154.217, 163
Trd, 000154.467, 167
Trd, 000154.667, 164
Trd, 000154.733, 163
Trd, 000155.733, 166
Trd, 000156.467, 166
Trd, 000156.483, 168
Trd, 000158.833, 166
Trd, 000159.083, 167
Trd, 000159.183, 166
Trd, 000160.350, 170
Trd, 000161.067, 166
Trd, 000161.233, 167
Trd, 000162.150, 167
Trd, 000162.617, 166
Trd, 000162.717, 169
Trd, 000163.517, 168
Trd, 000163.800, 171
Trd, 000164.267, 167
Trd, 000164.983, 171
Trd, 000166.050, 168
Trd, 000166.650, 169
Trd, 000167.083, 170
Trd, 000168.083, 168
Trd, 000168.100, 167
Trd, 000168.450, 169
Trd, 000168.850, 154
Trd, 000169.400, 166
Trd, 000170.783, 164
Trd, 000170.900, 163
Trd, 000171.783, 162
Trd, 000171.883, 162
Trd, 000172.417, 161
Trd, 000172.833, 159
Trd, 000174.633, 162
Trd, 000174.850, 159
Trd, 000174.983, 162
Trd, 000175.100, 164
Trd, 000175.517, 168
Trd, 000176.267, 165
Trd, 000177.617, 167
Trd, 000178.133, 169
Trd, 000178.867, 170
Trd, 000179.183, 171
Trd, 000179.467, 170
Trd, 000180.683, 173
Trd, 000181.050, 173
Trd, 000181.517, 172
Trd, 000182.250, 174
Trd, 000182.433, 172
Trd, 000182.867, 173
Trd, 000182.983, 176
Trd, 000183.883, 171
Trd, 000185.417, 169
Trd, 000185.483, 169
Trd, 000185.517, 168
Trd, 000185.867, 164
Trd, 000186.133, 159
Trd, 000187.083, 168
Trd, 000189.167, 168
Trd, 000189.800, 169
Trd, 000189.933, 156
Trd, 000190.550, 165
Trd, 000190.950, 165
Trd, 000192.100, 166
Trd, 000193.133, 167
Trd, 000193.283, 166
Trd, 000194.633, 168
Trd, 000195.550, 168
Trd, 000195.667, 166
Trd, 000195.883, 167
Trd, 000196.350, 166
Trd, 000197.533, 169
Trd, 000197.833, 169
Trd, 000198.150, 166
Trd, 000199.533, 171
Trd, 000200.150, 171
Trd, 000200.200, 172
Trd, 000200.750, 173
Trd, 000200.917, 172
Trd, 000201.733, 178
Trd, 000202.167, 173
Trd, 000203.100, 172
Trd, 000203.217, 173
Trd, 000203.383, 172
Trd, 000204.500, 175
Trd, 000205.533, 173
Trd, 000205.600, 175
Trd, 000205.950, 177
Trd, 000206.050, 178
Trd, 000206.333, 174
Trd, 000208.417, 174
Trd, 000208.533, 176
Trd, 000208.867, 175
Trd, 000209.350, 175
Trd, 000209.817, 169
Trd, 000210.483, 169
Trd, 000210.900, 169
Trd, 000211.667, 169
Trd, 000211.800, 169
Trd, 000212.367, 169
Trd, 000212.600, 168
Trd, 000213.167, 168
Trd, 000213.383, 152
Trd, 000214.283, 169
Trd, 000215.017, 169
Trd, 000215.300, 170
Trd, 000215.467, 172
Trd, 000216.117, 174
Trd, 000216.517, 176
Trd, 000217.967, 173
Trd, 000218.400, 173
Trd, 000219.817, 174
Trd, 000220.683, 174
Trd, 000220.717, 175
Trd, 000221.267, 174
Trd, 000221.400, 174
Trd, 000221.600, 175
Trd, 000222.517, 176
Trd, 000223.250, 177
Trd, 000223.517, 175
Trd, 000223.633, 173
Trd, 000225.517, 172
Trd, 000225.617, 172
Trd, 000225.833, 173
Trd, 000226.467, 172
Trd, 000226.883, 169
Trd, 000227.817, 173
Trd, 000227.833, 174
Trd, 000230.050, 173
Trd, 000230.300, 172
Trd, 000230.467, 174
Trd, 000231.767, 178
Trd, 000232.167, 178
Trd, 000232.400, 182
Trd, 000232.733, 177
Trd, 000233.633, 176
Trd, 000234.567, 174
Trd, 000235.483, 173
Trd, 000235.500, 173
Trd, 000236.600, 172
Trd, 000237.017, 175
Trd, 000237.900, 174
Trd, 000238.033, 175
Trd, 000239.517, 175
Trd, 000240.100, 175
Trd, 000240.700, 174
Trd, 000240.767, 176
Trd, 000241.183, 175
Trd, 000241.317, 174
Trd, 000241.350, 173
Trd, 000241.633, 173
Trd, 000241.883, 172
Trd, 000241.917, 175
Trd, 000242.667, 171
Trd, 000243.583, 171
Trd, 000244.483, 172
Trd, 000245.433, 170
Trd, 000245.617, 174
Trd, 000245.700, 174
Trd, 000246.450, 174
Trd, 000246.750, 170
Trd, 000246.917, 173
Trd, 000247.500, 171
Trd, 000247.550, 169
Trd, 000248.500, 174
Trd, 000248.950, 176
Trd, 000248.983, 169
Trd, 000249.217, 174
Trd, 000249.333, 176
Trd, 000249.400, 180
Trd, 000249.500, 172
Trd, 000250.317, 175
Trd, 000251.583, 175
Trd, 000251.650, 174
Trd, 000252.033, 178
Trd, 000252.650, 176
Trd, 000252.733, 176
Trd, 000253.217, 178
Trd, 000253.550, 179
Trd, 000254.217, 178
Trd, 000254.267, 177
Trd, 000254.400, 180
Trd, 000254.650, 176
Trd, 000255.067, 169
Trd, 000255.233, 173
Trd, 000256.117, 171
Trd, 000256.583, 166
Trd, 000256.967, 172
Trd, 000257.150, 169
Trd, 000257.633, 171
Trd, 000257.783, 170
Trd, 000258.233, 173
Trd, 000258.633, 176
Trd, 000258.733, 173
Trd, 000259.133, 176
Trd, 000260.150, 168
Trd, 000260.867, 176
Trd, 000262.283, 172
Trd, 000262.400, 173
Trd, 000262.533, 175
Trd, 000262.867, 170
Trd, 000262.983, 171
Trd, 000263.500, 169
Trd, 000263.583, 164
Trd, 000264.950, 169
Trd, 000265.183, 168
Trd, 000266.150, 171
Trd, 000266.250, 170
Trd, 000266.433, 173
Trd, 000266.533, 175
Trd, 000266.900, 173
Trd, 000267.967, 175
Trd, 000268.317, 175
Trd, 000268.667, 174
Trd, 000268.983, 178
Trd, 000269.217, 177
Trd, 000269.317, 181
Trd, 000270.167, 177
Trd, 000270.683, 178
Trd, 000271.167, 176
Trd, 000271.367, 173
Trd, 000271.517, 175
Trd, 000271.800, 178
Trd, 000273.250, 178
Trd, 000273.683, 173
Trd, 000274.167, 180
Trd, 000274.617, 172
Trd, 000275.133, 173
Trd, 000275.250, 172
Trd, 000275.433, 174
Trd, 000275.567, 175
Trd, 000276.567, 175
Trd, 000276.867, 178
Trd, 000276.983, 182
Trd, 000277.117, 176
Trd, 000277.317, 189
Trd, 000277.933, 174
Trd, 000278.250, 197
Trd, 000278.433, 175
Trd, 000278.867, 173
Trd, 000279.067, 179
Trd, 000279.383, 184
Trd, 000279.983, 184
Trd, 000280.100, 186
Trd, 000280.617, 180
Trd, 000280.800, 179
Trd, 000280.817, 178
Trd, 000280.867, 172
Trd, 000281.600, 172
Trd, 000282.283, 181
Trd, 000282.550, 159
Trd, 000283.417, 159
Trd, 000283.833, 172
Trd, 000284.150, 179
Trd, 000284.550, 170
Trd, 000284.733, 173
Trd, 000285.250, 165
Trd, 000285.917, 176
Trd, 000286.333, 177
Trd, 000286.500, 173
Trd, 000287.200, 177
Trd, 000287.483, 177
Trd, 000288.467, 177
Trd, 000288.617, 180
Trd, 000288.750, 180
Trd, 000289.433, 177
Trd, 000290.217, 180
Trd, 000290.317, 178
Trd, 000291.117, 177
Trd, 000291.533, 176
Trd, 000292.167, 178
Trd, 000292.350, 179
Trd, 000292.800, 179
Trd, 000293.117, 177
Trd, 000293.167, 179
Trd, 000293.200, 180
Trd, 000293.683, 182
Trd, 000294.400, 180
Trd, 000294.550, 178
Trd, 000295.217, 176
Trd, 000295.450, 176
Trd, 000295.733, 177
Trd, 000296.667, 181
Trd, 000296.950, 176
Trd, 000297.250, 182
Trd, 000298.300, 181
Trd, 000298.767, 181
Trd, 000298.800, 177
Trd, 000299.200, 178
Trd, 000299.450, 176
Trd, 000299.850, 182
