Trd, 000001.167, 110
Trd, 000002.083, 149
Trd, 000003.900, 170
Trd, 000004.117, 171
Trd, 000004.433, 155
Trd, 000006.033, 171
Trd, 000006.167, 163
Trd, 000006.200, 171
Trd, 000006.817, 162
Trd, 000007.817, 161
Trd, 000008.083, 155
Trd, 000008.467, 159
Trd, 000009.200, 160
Trd, 000009.667, 162
Trd, 000011.983, 161
Trd, 000012.533, 162
Trd, 000013.083, 162
Trd, 000013.800, 162
Trd, 000013.817, 158
Trd, 000014.017, 157
Trd, 000015.833, 160
Trd, 000016.050, 156
Trd, 000016.433, 155
Trd, 000018.433, 154
Trd, 000019.050, 153
Trd, 000019.350, 154
Trd, 000019.733, 154
Trd, 000020.000, 154
Trd, 000020.183, 156
Trd, 000021.700, 155
Trd, 000021.950, 159
Trd, 000022.150, 154
Trd, 000022.267, 154
Trd, 000023.200, 160
Trd, 000023.300, 160
Trd, 000024.567, 156
Trd, 000025.533, 156
Trd, 000025.867, 151
Trd, 000025.933, 169
Trd, 000029.267, 163
Trd, 000029.483, 162
Trd, 000030.650, 161
Trd, 000030.717, 161
Trd, 000031.833, 160
Trd, 000032.467, 158
Trd, 000032.683, 159
Trd, 000032.700, 158
Trd, 000033.917, 157
Trd, 000034.483, 158
Trd, 000035.050, 158
Trd, 000035.383, 155
Trd, 000035.583, 175
Trd, 000036.033, 155
Trd, 000039.050, 157
Trd, 000039.200, 156
Trd, 000039.250, 156
Trd, 000039.417, 157
Trd, 000039.867, 159
Trd, 000039.950, 153
Trd, 000040.267, 162
Trd, 000040.700, 161
Trd, 000041.517, 158
Trd, 000043.083, 164
Trd, 000043.417, 165
Trd, 000044.567, 159
Trd, 000044.650, 157
Trd, 000045.050, 158
Trd, 000045.117, 163
Trd, 000046.783, 159
Trd, 000047.633, 159
Trd, 000047.883, 157
Trd, 000048.167, 156
Trd, 000048.733, 156
Trd, 000049.050, 157
Trd, 000049.383, 154
Trd, 000050.467, 155
Trd, 000050.617, 156
Trd, 000050.967, 154
Trd, 000051.150, 153
Trd, 000051.317, 163
Trd, 000051.450, 177
Trd, 000051.633, 151
Trd, 000053.067, 153
Trd, 000053.150, 160
Trd, 000055.483, 158
Trd, 000055.967, 156
Trd, 000056.067, 156
Trd, 000056.717, 156
Trd, 000056.967, 153
Trd, 000058.067, 154
Trd, 000058.483, 154
Trd, 000058.867, 153
Trd, 000059.750, 154
Trd, 000061.050, 157
Trd, 000061.100, 153
Trd, 000061.850, 154
Trd, 000061.917, 153
Trd, 000062.350, 154
Trd, 000062.950, 154
Trd, 000063.517, 161
Trd, 000063.600, 154
Trd, 000064.700, 154
Trd, 000064.817, 154
Trd, 000065.767, 154
Trd, 000065.900, 154
Trd, 000066.633, 169
Trd, 000067.283, 168
Trd, 000068.717, 165
Trd, 000068.967, 166
Trd, 000069.200, 160
Trd, 000069.783, 163
Trd, 000070.000, 162
Trd, 000070.650, 160
Trd, 000071.517, 160
Trd, 000071.617, 161
Trd, 000073.533, 162
Trd, 000073.900, 162
Trd, 000074.233, 162
Trd, 000075.317, 160
Trd, 000075.367, 159
Trd, 000075.817, 157
Trd, 000077.050, 155
Trd, 000077.600, 162
Trd, 000077.883, 157
Trd, 000079.050, 158
Trd, 000079.267, 159
Trd, 000079.600, 156
Trd, 000079.933, 156
Trd, 000080.433, 158
Trd, 000081.767, 157
Trd, 000082.233, 156
Trd, 000082.317, 179
Trd, 000082.417, 156
Trd, 000084.500, 165
Trd, 000085.167, 164
Trd, 000085.217, 165
Trd, 000085.300, 166
Trd, 000085.417, 159
Trd, 000087.483, 162
Trd, 000088.550, 161
Trd, 000088.867, 171
Trd, 000088.933, 162
Trd, 000089.100, 168
Trd, 000089.883, 167
Trd, 000090.750, 167
Trd, 000090.967, 166
Trd, 000091.317, 164
Trd, 000091.600, 159
Trd, 000093.250, 163
Trd, 000094.050, 162
Trd, 000094.367, 163
Trd, 000095.567, 162
Trd, 000095.733, 162
Trd, 000096.100, 161
Trd, 000096.700, 162
Trd, 000096.850, 168
Trd, 000097.700, 166
Trd, 000097.900, 160
Trd, 000098.017, 158
Trd, 000098.150, 165
Trd, 000100.683, 160
Trd, 000101.250, 159
Trd, 000101.650, 159
Trd, 000101.717, 158
Trd, 000102.417, 158
Trd, 000102.983, 158
Trd, 000103.350, 158
Trd, 000104.533, 158
Trd, 000104.983, 159
Trd, 000105.217, 168
Trd, 000105.400, 185
Trd, 000105.867, 157
Trd, 000107.717, 164
Trd, 000109.300, 166
Trd, 000110.033, 165
Trd, 000110.400, 164
Trd, 000111.250, 170
Trd, 000111.933, 171
Trd, 000113.267, 167
Trd, 000113.400, 168
Trd, 000113.850, 168
Trd, 000114.117, 168
Trd, 000114.467, 168
Trd, 000115.167, 161
Trd, 000115.533, 169
Trd, 000115.667, 163
Trd, 000116.433, 177
Trd, 000117.517, 160
Trd, 000118.217, 161
Trd, 000118.683, 161
Trd, 000118.817, 159
Trd, 000119.517, 161
Trd, 000119.583, 162
Trd, 000119.767, 166
Trd, 000120.400, 166
Trd, 000121.483, 168
Trd, 000121.983, 161
Trd, 000124.083, 168
Trd, 000125.033, 166
Trd, 000126.117, 164
Trd, 000126.400, 163
Trd, 000126.433, 164
Trd, 000126.850, 164
Trd, 000127.483, 163
Trd, 000128.217, 164
Trd, 000128.533, 162
Trd, 000128.700, 165
Trd, 000129.667, 165
Trd, 000130.800, 164
Trd, 000130.883, 163
Trd, 000131.333, 167
Trd, 000132.950, 166
Trd, 000133.467, 165
Trd, 000134.667, 166
Trd, 000135.467, 166
Trd, 000135.883, 163
Trd, 000136.517, 163
Trd, 000137.050, 163
Trd, 000137.483, 163
Trd, 000137.617, 161
Trd, 000137.833, 162
Trd, 000138.850, 161
Trd, 000139.417, 160
Trd, 000140.300, 161
Trd, 000140.383, 170
Trd, 000140.550, 189
Trd, 000140.667, 160
Trd, 000142.633, 173
Trd, 000143.983, 176
Trd, 000144.367, 178
Trd, 000144.917, 165
Trd, 000145.833, 164
Trd, 000147.083, 166
Trd, 000148.133, 165
Trd, 000148.150, 166
Trd, 000148.233, 167
Trd, 000148.500, 165
Trd, 000148.683, 170
Trd, 000149.300, 164
Trd, 000149.883, 165
Trd, 000149.933, 172
Trd, 000151.083, 169
Trd, 000151.317, 165
Trd, 000151.333, 163
Trd, 000153.500, 163
Trd, 000154.133, 160
Trd, 000154.600, 164
Trd, 000155.483, 165
Trd, 000155.700, 163
Trd, 000157.450, 164
Trd, 000157.583, 165
Trd, 000157.767, 173
Trd, 000157.817, 172
Trd, 000157.867, 178
Trd, 000158.967, 175
Trd, 000160.133, 176
Trd, 000160.950, 176
Trd, 000161.250, 176
Trd, 000162.000, 169
Trd, 000162.250, 174
Trd, 000162.300, 176
Trd, 000164.167, 177
Trd, 000165.000, 175
Trd, 000165.817, 174
Trd, 000166.483, 170
Trd, 000166.517, 166
Trd, 000166.550, 164
Trd, 000167.200, 166
Trd, 000168.000, 172
Trd, 000168.417, 171
Trd, 000169.183, 170
Trd, 000169.783, 169
Trd, 000171.083, 168
Trd, 000171.233, 166
Trd, 000172.383, 170
Trd, 000172.617, 170
Trd, 000173.083, 168
Trd, 000173.483, 168
Trd, 000173.667, 174
Trd, 000174.500, 167
Trd, 000174.933, 175
Trd, 000175.083, 171
Trd, 000175.483, 171
Trd, 000175.917, 174
Trd, 000176.667, 170
Trd, 000176.833, 168
Trd, 000177.217, 168
Trd, 000177.300, 173
Trd, 000178.150, 173
Trd, 000179.683, 167
Trd, 000179.833, 169
Trd, 000181.250, 168
Trd, 000181.417, 176
Trd, 000182.533, 170
Trd, 000182.550, 172
Trd, 000182.717, 169
Trd, 000183.533, 167
Trd, 000183.667, 173
Trd, 000183.717, 166
Trd, 000184.000, 173
Trd, 000186.467, 167
Trd, 000186.917, 167
Trd, 000187.117, 167
Trd, 000187.467, 166
Trd, 000187.850, 167
Trd, 000188.517, 168
Trd, 000188.733, 169
Trd, 000189.317, 169
Trd, 000189.767, 163
Trd, 000190.533, 174
Trd, 000192.700, 173
Trd, 000192.750, 173
Trd, 000193.117, 168
Trd, 000193.733, 181
Trd, 000194.000, 178
Trd, 000195.067, 174
Trd, 000195.700, 173
Trd, 000196.333, 172
Trd, 000197.883, 170
Trd, 000198.400, 171
Trd, 000198.550, 172
Trd, 000199.550, 170
Trd, 000200.033, 170
Trd, 000201.050, 174
Trd, 000201.083, 172
Trd, 000201.767, 172
Trd, 000202.867, 169
Trd, 000203.817, 169
Trd, 000203.917, 168
Trd, 000204.317, 168
Trd, 000205.250, 167
Trd, 000205.400, 168
Trd, 000206.400, 166
Trd, 000206.600, 167
Trd, 000207.267, 167
Trd, 000208.717, 168
Trd, 000209.500, 167
Trd, 000209.967, 166
Trd, 000209.983, 167
Trd, 000210.250, 171
Trd, 000211.483, 171
Trd, 000211.800, 167
Trd, 000212.883, 173
Trd, 000212.950, 175
Trd, 000213.683, 170
Trd, 000214.133, 174
Trd, 000215.050, 169
Trd, 000215.550, 169
Trd, 000216.333, 170
Trd, 000216.600, 168
Trd, 000217.167, 168
Trd, 000217.667, 171
Trd, 000219.383, 171
Trd, 000219.833, 170
Trd, 000220.067, 170
Trd, 000220.400, 170
Trd, 000220.867, 169
Trd, 000221.500, 170
Trd, 000222.367, 170
Trd, 000222.833, 171
Trd, 000223.417, 178
Trd, 000223.500, 168
Trd, 000225.283, 172
Trd, 000225.333, 169
Trd, 000226.317, 171
Trd, 000226.550, 170
Trd, 000227.600, 171
Trd, 000228.183, 170
Trd, 000228.483, 169
Trd, 000228.867, 171
Trd, 000229.200, 169
Trd, 000229.333, 170
Trd, 000230.083, 173
Trd, 000230.717, 174
Trd, 000231.817, 160
Trd, 000232.350, 162
Trd, 000232.533, 160
Trd, 000232.617, 163
Trd, 000233.233, 171
Trd, 000234.417, 171
Trd, 000235.750, 172
Trd, 000235.967, 170
Trd, 000236.283, 169
Trd, 000236.533, 167
Trd, 000236.633, 167
Trd, 000237.350, 189
Trd, 000238.233, 198
Trd, 000238.517, 199
Trd, 000238.783, 186
Trd, 000239.633, 191
Trd, 000240.400, 185
Trd, 000240.617, 184
Trd, 000240.967, 179
Trd, 000241.133, 180
Trd, 000241.233, 181
Trd, 000241.750, 177
Trd, 000242.200, 174
Trd, 000242.250, 172
Trd, 000242.583, 171
Trd, 000242.900, 176
Trd, 000243.200, 170
Trd, 000244.650, 172
Trd, 000244.883, 170
Trd, 000245.117, 173
Trd, 000245.317, 172
Trd, 000246.100, 170
Trd, 000246.317, 170
Trd, 000246.383, 171
Trd, 000246.600, 169
Trd, 000246.700, 172
Trd, 000246.933, 172
Trd, 000247.283, 170
Trd, 000247.817, 169
Trd, 000248.200, 170
Trd, 000248.383, 170
Trd, 000248.400, 173
Trd, 000248.933, 169
Trd, 000249.317, 172
Trd, 000250.083, 169
Trd, 000250.417, 170
Trd, 000251.383, 162
Trd, 000252.167, 166
Trd, 000252.317, 162
Trd, 000252.483, 156
Trd, 000252.583, 162
Trd, 000252.917, 154
Trd, 000253.267, 153
Trd, 000253.450, 156
Trd, 000253.667, 157
Trd, 000255.050, 160
Trd, 000255.367, 159
Trd, 000256.050, 159
Trd, 000256.233, 160
Trd, 000256.500, 159
Trd, 000256.683, 160
Trd, 000257.100, 166
Trd, 000257.683, 165
Trd, 000258.483, 164
Trd, 000258.733, 165
Trd, 000258.867, 167
Trd, 000259.150, 164
Trd, 000259.617, 163
Trd, 000260.200, 163
Trd, 000260.517, 162
Trd, 000261.233, 167
Trd, 000261.467, 169
Trd, 000261.717, 163
Trd, 000262.617, 163
Trd, 000263.117, 166
Trd, 000263.567, 165
Trd, 000264.083, 161
Trd, 000264.750, 164
Trd, 000264.833, 165
Trd, 000265.733, 163
Trd, 000266.150, 164
Trd, 000266.283, 162
Trd, 000266.650, 166
Trd, 000267.417, 168
Trd, 000267.467, 170
Trd, 000267.750, 164
Trd, 000268.850, 169
Trd, 000269.617, 167
Trd, 000269.700, 166
Trd, 000269.783, 172
Trd, 000269.917, 166
Trd, 000270.467, 166
Trd, 000271.117, 172
Trd, 000271.250, 172
Trd, 000271.283, 173
Trd, 000272.350, 168
Trd, 000272.383, 169
Trd, 000272.933, 168
Trd, 000272.950, 167
Trd, 000274.217, 168
Trd, 000274.283, 173
Trd, 000274.783, 168
Trd, 000275.550, 166
Trd, 000275.583, 167
Trd, 000275.767, 166
Trd, 000276.350, 167
Trd, 000277.500, 170
Trd, 000277.567, 173
Trd, 000277.967, 179
Trd, 000278.650, 169
Trd, 000278.733, 169
Trd, 000278.867, 168
Trd, 000279.917, 176
Trd, 000280.317, 176
Trd, 000280.617, 176
Trd, 000281.067, 171
Trd, 000281.083, 176
Trd, 000281.300, 177
Trd, 000281.483, 171
Trd, 000281.567, 170
Trd, 000281.917, 178
Trd, 000282.633, 177
Trd, 000282.833, 170
Trd, 000283.717, 176
Trd, 000283.833, 186
Trd, 000284.450, 178
Trd, 000285.167, 179
Trd, 000285.900, 180
Trd, 000286.167, 177
Trd, 000286.283, 176
Trd, 000286.733, 185
Trd, 000286.750, 187
Trd, 000287.483, 176
Trd, 000287.500, 176
Trd, 000287.617, 183
Trd, 000288.433, 173
Trd, 000288.700, 182
Trd, 000288.733, 183
Trd, 000290.500, 179
Trd, 000290.700, 182
Trd, 000290.917, 181
Trd, 000290.933, 179
Trd, 000291.117, 178
Trd, 000291.250, 185
Trd, 000291.967, 187
Trd, 000292.583, 177
Trd, 000292.750, 176
Trd, 000293.683, 177
Trd, 000293.800, 177
Trd, 000294.167, 178
Trd, 000294.550, 176
Trd, 000294.583, 173
Trd, 000294.767, 179
Trd, 000294.917, 169
Trd, 000295.417, 180
Trd, 000295.567, 189
Trd, 000296.083, 168
Trd, 000296.183, 170
Trd, 000297.150, 169
Trd, 000297.267, 163
Trd, 000297.800, 168
Trd, 000298.417, 165
Trd, 000298.817, 168
Trd, 000299.083, 168
Trd, 000299.350, 170
Trd, 000299.417, 174
Trd, 000299.533, 167
Trd, 000299.700, 192
Trd, 000299.750, 202
