Trd, 000002.600, 141
Trd, 000003.100, 148
Trd, 000004.483, 144
Trd, 000004.967, 143
Trd, 000005.000, 137
Trd, 000005.283, 161
Trd, 000006.750, 140
Trd, 000006.950, 141
Trd, 000007.433, 141
Trd, 000008.583, 140
Trd, 000009.000, 139
Trd, 000009.983, 138
Trd, 000010.367, 138
Trd, 000010.600, 140
Trd, 000011.700, 139
Trd, 000012.350, 139
Trd, 000012.867, 138
Trd, 000012.950, 138
Trd, 000014.067, 140
Trd, 000014.167, 137
Trd, 000014.317, 140
Trd, 000014.783, 144
Trd, 000015.100, 149
Trd, 000016.267, 156
Trd, 000016.283, 163
Trd, 000017.533, 149
Trd, 000018.550, 149
Trd, 000018.750, 150
Trd, 000019.067, 150
Trd, 000019.183, 149
Trd, 000019.433, 148
Trd, 000019.817, 149
Trd, 000020.033, 157
Trd, 000020.450, 147
Trd, 000021.833, 150
Trd, 000022.100, 150
Trd, 000022.217, 149
Trd, 000022.800, 148
Trd, 000022.833, 147
Trd, 000023.683, 157
Trd, 000024.250, 147
Trd, 000024.417, 145
Trd, 000025.467, 142
Trd, 000026.417, 150
Trd, 000027.767, 148
Trd, 000027.817, 146
Trd, 000028.200, 146
Trd, 000028.350, 158
Trd, 000030.000, 154
Trd, 000030.383, 153
Trd, 000030.433, 152
Trd, 000031.650, 152
Trd, 000033.800, 152
Trd, 000033.917, 153
Trd, 000034.000, 152
Trd, 000034.567, 151
Trd, 000034.917, 153
Trd, 000034.983, 153
Trd, 000035.317, 158
Trd, 000035.450, 153
Trd, 000037.400, 153
Trd, 000037.850, 153
Trd, 000037.917, 153
Trd, 000038.817, 154
Trd, 000040.500, 152
Trd, 000041.050, 150
Trd, 000041.317, 149
Trd, 000041.400, 149
Trd, 000041.450, 149
Trd, 000041.567, 155
Trd, 000043.483, 150
Trd, 000044.683, 149
Trd, 000045.250, 148
Trd, 000046.183, 149
Trd, 000046.450, 148
Trd, 000046.733, 150
Trd, 000048.400, 149
Trd, 000049.333, 149
Trd, 000049.783, 150
Trd, 000050.950, 148
Trd, 000051.333, 148
Trd, 000051.750, 149
Trd, 000052.450, 146
Trd, 000053.067, 146
Trd, 000054.117, 144
Trd, 000054.583, 147
Trd, 000055.633, 147
Trd, 000056.250, 146
Trd, 000056.717, 145
Trd, 000057.467, 146
Trd, 000057.500, 145
Trd, 000058.983, 144
Trd, 000059.217, 143
Trd, 000059.383, 145
Trd, 000060.567, 145
Trd, 000061.550, 145
Trd, 000062.150, 144
Trd, 000062.333, 144
Trd, 000062.933, 143
Trd, 000063.083, 144
Trd, 000063.733, 143
Trd, 000063.917, 144
Trd, 000064.383, 143
Trd, 000064.400, 145
Trd, 000064.550, 154
Trd, 000066.750, 147
Trd, 000067.617, 151
Trd, 000067.633, 159
Trd, 000068.933, 152
Trd, 000068.967, 154
Trd, 000070.433, 151
Trd, 000070.700, 152
Trd, 000072.017, 152
Trd, 000072.133, 155
Trd, 000072.783, 152
Trd, 000073.150, 151
Trd, 000073.350, 149
Trd, 000074.167, 148
Trd, 000075.317, 146
Trd, 000075.517, 150
Trd, 000076.817, 150
Trd, 000076.900, 156
Trd, 000078.000, 161
Trd, 000078.067, 163
Trd, 000078.333, 163
Trd, 000079.033, 167
Trd, 000079.167, 166
Trd, 000079.783, 162
Trd, 000082.133, 165
Trd, 000082.183, 164
Trd, 000083.333, 165
Trd, 000084.850, 152
Trd, 000085.283, 151
Trd, 000085.550, 150
Trd, 000085.700, 150
Trd, 000085.833, 151
Trd, 000085.917, 153
Trd, 000086.183, 149
Trd, 000087.433, 151
Trd, 000088.250, 150
Trd, 000089.117, 148
Trd, 000089.183, 149
Trd, 000090.500, 149
Trd, 000091.567, 146
Trd, 000091.983, 147
Trd, 000092.450, 147
Trd, 000092.583, 163
Trd, 000093.800, 151
Trd, 000094.283, 164
Trd, 000095.700, 157
Trd, 000095.983, 155
Trd, 000096.517, 154
Trd, 000096.717, 152
Trd, 000096.850, 146
Trd, 000097.033, 152
Trd, 000097.350, 153
Trd, 000097.900, 154
Trd, 000098.150, 150
Trd, 000098.733, 150
Trd, 000098.933, 150
Trd, 000100.300, 151
Trd, 000100.417, 150
Trd, 000100.817, 152
Trd, 000101.533, 153
Trd, 000102.400, 153
Trd, 000102.517, 156
Trd, 000103.050, 154
Trd, 000103.483, 154
Trd, 000103.867, 156
Trd, 000105.033, 154
Trd, 000106.467, 153
Trd, 000107.683, 153
Trd, 000108.667, 151
Trd, 000108.833, 149
Trd, 000108.900, 153
Trd, 000110.067, 149
Trd, 000110.233, 150
Trd, 000110.733, 151
Trd, 000112.533, 152
Trd, 000113.167, 152
Trd, 000113.250, 153
Trd, 000113.383, 156
Trd, 000115.383, 157
Trd, 000115.400, 160
Trd, 000115.767, 155
Trd, 000117.150, 155
Trd, 000117.317, 153
Trd, 000117.350, 153
Trd, 000117.867, 150
Trd, 000118.117, 155
Trd, 000119.067, 151
Trd, 000119.617, 157
Trd, 000119.650, 158
Trd, 000121.300, 157
Trd, 000121.317, 156
Trd, 000121.417, 156
Trd, 000121.567, 154
Trd, 000123.167, 156
Trd, 000124.133, 154
Trd, 000124.383, 159
Trd, 000124.567, 159
Trd, 000124.883, 160
Trd, 000126.450, 163
Trd, 000126.900, 164
Trd, 000128.583, 161
Trd, 000128.850, 162
Trd, 000129.000, 163
Trd, 000129.300, 162
Trd, 000129.533, 161
Trd, 000130.183, 165
Trd, 000130.367, 163
Trd, 000131.283, 162
Trd, 000131.317, 161
Trd, 000131.367, 168
Trd, 000131.883, 165
Trd, 000133.367, 164
Trd, 000134.067, 165
Trd, 000134.283, 164
Trd, 000134.900, 167
Trd, 000135.450, 167
Trd, 000135.467, 162
Trd, 000135.600, 161
Trd, 000136.483, 167
Trd, 000137.617, 168
Trd, 000138.117, 168
Trd, 000139.033, 167
Trd, 000139.550, 168
Trd, 000139.833, 169
Trd, 000140.550, 167
Trd, 000141.483, 168
Trd, 000141.717, 168
Trd, 000142.450, 167
Trd, 000143.517, 166
Trd, 000144.600, 166
Trd, 000145.050, 165
Trd, 000145.233, 164
Trd, 000145.750, 165
Trd, 000146.700, 163
Trd, 000147.600, 164
Trd, 000147.783, 163
Trd, 000148.033, 162
Trd, 000148.417, 161
Trd, 000150.050, 164
Trd, 000150.183, 162
Trd, 000151.133, 148
Trd, 000151.267, 154
Trd, 000152.433, 154
Trd, 000153.100, 154
Trd, 000153.600, 155
Trd, 000154.100, 158
Trd, 000154.383, 153
Trd, 000156.483, 156
Trd, 000156.817, 156
Trd, 000157.100, 157
Trd, 000157.217, 157
Trd, 000157.683, 158
Trd, 000157.933, 157
Trd, 000158.150, 156
Trd, 000160.300, 155
Trd, 000160.983, 157
Trd, 000161.667, 156
Trd, 000161.750, 158
Trd, 000161.767, 160
Trd, 000163.117, 157
Trd, 000163.867, 153
Trd, 000164.217, 148
Trd, 000164.967, 151
Trd, 000165.167, 151
Trd, 000165.483, 152
Trd, 000165.833, 151
Trd, 000166.133, 152
Trd, 000167.983, 153
Trd, 000168.250, 153
Trd, 000169.650, 157
Trd, 000170.617, 160
Trd, 000170.767, 161
Trd, 000171.750, 160
Trd, 000172.633, 161
Trd, 000173.100, 179
Trd, 000173.283, 165
Trd, 000175.700, 162
Trd, 000175.850, 161
Trd, 000175.967, 160
Trd, 000176.050, 160
Trd, 000176.083, 161
Trd, 000176.150, 157
Trd, 000176.667, 161
Trd, 000177.100, 159
Trd, 000178.433, 158
Trd, 000179.650, 161
Trd, 000180.100, 159
Trd, 000180.783, 158
Trd, 000181.400, 157
Trd, 000181.583, 155
Trd, 000181.867, 157
Trd, 000182.467, 157
Trd, 000183.217, 158
Trd, 000183.850, 166
Trd, 000184.983, 157
Trd, 000185.100, 170
Trd, 000186.033, 172
Trd, 000186.450, 165
Trd, 000187.850, 169
Trd, 000188.067, 168
Trd, 000189.617, 170
Trd, 000190.283, 168
Trd, 000190.983, 169
Trd, 000191.483, 173
Trd, 000192.667, 168
Trd, 000194.150, 167
Trd, 000194.617, 166
Trd, 000195.650, 166
Trd, 000195.800, 166
Trd, 000196.167, 167
Trd, 000196.567, 167
Trd, 000197.000, 167
Trd, 000197.400, 168
Trd, 000197.533, 167
Trd, 000197.750, 167
Trd, 000198.150, 167
Trd, 000198.350, 181
Trd, 000198.583, 180
Trd, 000199.250, 171
Trd, 000199.533, 169
Trd, 000200.967, 171
Trd, 000202.967, 172
Trd, 000203.150, 172
Trd, 000203.483, 170
Trd, 000203.783, 171
Trd, 000203.917, 170
Trd, 000204.150, 172
Trd, 000205.233, 171
Trd, 000206.633, 170
Trd, 000207.833, 170
Trd, 000208.333, 171
Trd, 000208.350, 169
Trd, 000210.517, 161
Trd, 000211.167, 161
Trd, 000211.217, 162
Trd, 000211.633, 164
Trd, 000212.550, 163
Trd, 000212.983, 163
Trd, 000213.217, 163
Trd, 000213.633, 163
Trd, 000213.750, 169
Trd, 000214.383, 164
Trd, 000214.867, 165
Trd, 000215.083, 169
Trd, 000216.217, 166
Trd, 000216.717, 165
Trd, 000218.100, 161
Trd, 000218.117, 162
Trd, 000218.233, 152
Trd, 000218.417, 159
Trd, 000219.750, 143
Trd, 000220.100, 161
Trd, 000221.350, 157
Trd, 000221.517, 156
Trd, 000221.617, 157
Trd, 000222.217, 159
Trd, 000222.883, 161
Trd, 000223.067, 158
Trd, 000225.517, 158
Trd, 000225.800, 157
Trd, 000226.133, 157
Trd, 000226.200, 159
Trd, 000226.600, 169
Trd, 000227.800, 161
Trd, 000229.450, 170
Trd, 000229.533, 169
Trd, 000230.317, 170
Trd, 000230.667, 171
Trd, 000231.100, 173
Trd, 000231.583, 170
Trd, 000232.267, 170
Trd, 000232.333, 168
Trd, 000232.817, 171
Trd, 000233.133, 178
Trd, 000233.400, 165
Trd, 000234.333, 165
Trd, 000234.967, 173
Trd, 000235.317, 172
Trd, 000235.667, 170
Trd, 000236.617, 168
Trd, 000237.583, 166
Trd, 000238.583, 164
Trd, 000239.050, 166
Trd, 000240.067, 166
Trd, 000240.467, 168
Trd, 000240.700, 169
Trd, 000240.917, 168
Trd, 000241.233, 168
Trd, 000241.333, 170
Trd, 000242.100, 172
Trd, 000242.267, 175
Trd, 000242.833, 177
Trd, 000243.133, 179
Trd, 000243.767, 176
Trd, 000243.800, 172
Trd, 000243.867, 167
Trd, 000244.533, 168
Trd, 000244.783, 168
Trd, 000244.950, 169
Trd, 000245.050, 169
Trd, 000245.117, 171
Trd, 000245.717, 173
Trd, 000246.350, 176
Trd, 000246.567, 180
Trd, 000246.867, 173
Trd, 000248.033, 165
Trd, 000248.500, 168
Trd, 000248.533, 168
Trd, 000248.833, 171
Trd, 000248.933, 168
Trd, 000249.450, 170
Trd, 000249.983, 171
Trd, 000250.767, 169
Trd, 000250.967, 168
Trd, 000251.267, 168
Trd, 000252.500, 172
Trd, 000252.750, 168
Trd, 000252.917, 172
Trd, 000253.383, 171
Trd, 000253.700, 171
Trd, 000253.850, 172
Trd, 000254.467, 168
Trd, 000254.800, 171
Trd, 000255.283, 171
Trd, 000255.633, 170
Trd, 000255.817, 171
Trd, 000256.267, 170
Trd, 000256.883, 173
Trd, 000257.683, 173
Trd, 000258.433, 178
Trd, 000258.550, 178
Trd, 000258.600, 179
Trd, 000259.900, 176
Trd, 000260.067, 179
Trd, 000260.117, 180
Trd, 000261.250, 177
Trd, 000261.650, 178
Trd, 000262.000, 180
Trd, 000262.083, 176
Trd, 000262.133, 175
Trd, 000262.667, 181
Trd, 000262.683, 191
Trd, 000263.083, 178
Trd, 000263.283, 179
Trd, 000263.383, 175
Trd, 000263.467, 174
Trd, 000264.450, 176
Trd, 000265.117, 170
Trd, 000265.367, 171
Trd, 000266.200, 175
Trd, 000266.683, 175
Trd, 000266.700, 170
Trd, 000267.233, 178
Trd, 000268.033, 179
Trd, 000268.450, 181
Trd, 000268.567, 179
Trd, 000268.883, 182
Trd, 000269.950, 183
Trd, 000270.300, 186
Trd, 000270.650, 185
Trd, 000270.800, 179
Trd, 000271.217, 186
Trd, 000271.933, 178
Trd, 000272.533, 175
Trd, 000272.867, 168
Trd, 000273.617, 170
Trd, 000273.950, 168
Trd, 000274.067, 170
Trd, 000274.717, 173
Trd, 000274.733, 177
Trd, 000275.217, 164
Trd, 000275.917, 166
Trd, 000276.133, 173
Trd, 000276.250, 166
Trd, 000277.267, 169
Trd, 000277.783, 168
Trd, 000278.433, 168
Trd, 000278.683, 168
Trd, 000279.167, 169
Trd, 000279.533, 170
Trd, 000279.633, 176
Trd, 000280.400, 169
Trd, 000280.450, 170
Trd, 000280.550, 173
Trd, 000282.383, 171
Trd, 000283.100, 171
Trd, 000283.483, 169
Trd, 000283.950, 167
Trd, 000284.417, 167
Trd, 000284.700, 171
Trd, 000284.950, 168
Trd, 000285.300, 171
Trd, 000285.467, 172
Trd, 000285.650, 176
Trd, 000285.833, 181
Trd, 000286.717, 178
Trd, 000286.817, 179
Trd, 000287.017, 183
Trd, 000288.033, 178
Trd, 000288.433, 177
Trd, 000289.183, 192
Trd, 000289.400, 177
Trd, 000289.967, 192
Trd, 000290.400, 176
Trd, 000290.567, 169
Trd, 000291.533, 168
Trd, 000291.983, 169
Trd, 000292.417, 170
Trd, 000292.467, 175
Trd, 000292.650, 168
Trd, 000293.017, 172
Trd, 000293.417, 173
Trd, 000293.650, 170
Trd, 000295.400, 170
Trd, 000295.533, 169
Trd, 000296.483, 170
Trd, 000296.700, 176
Trd, 000296.783, 170
Trd, 000297.200, 170
Trd, 000297.267, 170
Trd, 000297.550, 170
Trd, 000297.867, 171
Trd, 000298.167, 175
Trd, 000298.483, 169
Trd, 000298.733, 176
Trd, 000299.900, 170
