Trd, 000001.350, 186
Trd, 000001.767, 168
Trd, 000002.183, 132
Trd, 000003.033, 151
Trd, 000003.283, 161
Trd, 000003.583, 158
Trd, 000005.117, 158
Trd, 000005.650, 159
Trd, 000007.883, 152
Trd, 000009.100, 151
Trd, 000009.117, 151
Trd, 000009.517, 149
Trd, 000009.983, 152
Trd, 000010.267, 156
Trd, 000011.583, 159
Trd, 000011.983, 151
Trd, 000013.417, 172
Trd, 000013.550, 154
Trd, 000014.150, 157
Trd, 000014.217, 159
Trd, 000014.917, 157
Trd, 000015.133, 153
Trd, 000015.617, 152
Trd, 000015.667, 167
Trd, 000016.617, 151
Trd, 000017.783, 159
Trd, 000018.033, 157
Trd, 000018.217, 155
Trd, 000019.483, 155
Trd, 000019.817, 154
Trd, 000020.033, 156
Trd, 000020.583, 155
Trd, 000021.800, 154
Trd, 000022.300, 153
Trd, 000023.617, 153
Trd, 000024.133, 154
Trd, 000025.067, 152
Trd, 000025.817, 156
Trd, 000026.767, 153
Trd, 000027.833, 154
Trd, 000028.367, 153
Trd, 000029.117, 155
Trd, 000029.800, 154
Trd, 000030.917, 155
Trd, 000031.567, 156
Trd, 000031.817, 154
Trd, 000032.283, 164
Trd, 000032.367, 151
Trd, 000032.700, 168
Trd, 000032.917, 153
Trd, 000033.150, 168
Trd, 000034.300, 159
Trd, 000034.317, 158
Trd, 000035.283, 169
Trd, 000036.967, 167
Trd, 000037.133, 166
Trd, 000037.533, 166
Trd, 000039.233, 155
Trd, 000039.400, 152
Trd, 000039.433, 144
Trd, 000041.483, 157
Trd, 000041.650, 156
Trd, 000041.783, 157
Trd, 000042.167, 157
Trd, 000042.200, 158
Trd, 000042.433, 161
Trd, 000043.567, 159
Trd, 000043.583, 156
Trd, 000044.850, 160
Trd, 000045.917, 157
Trd, 000045.933, 156
Trd, 000047.783, 156
Trd, 000048.017, 156
Trd, 000048.067, 158
Trd, 000049.100, 160
Trd, 000049.783, 159
Trd, 000050.867, 160
Trd, 000051.367, 161
Trd, 000051.817, 162
Trd, 000052.983, 170
Trd, 000053.433, 156
Trd, 000055.150, 161
Trd, 000055.550, 158
Trd, 000057.083, 160
Trd, 000057.200, 160
Trd, 000057.783, 160
Trd, 000057.983, 158
Trd, 000059.067, 159
Trd, 000059.467, 157
Trd, 000060.283, 158
Trd, 000061.000, 157
Trd, 000061.017, 159
Trd, 000061.117, 157
Trd, 000061.617, 158
Trd, 000062.050, 159
Trd, 000062.633, 160
Trd, 000062.850, 171
Trd, 000063.767, 164
Trd, 000063.917, 162
Trd, 000064.817, 161
Trd, 000065.117, 161
Trd, 000066.367, 161
Trd, 000066.767, 163
Trd, 000066.917, 164
Trd, 000068.383, 168
Trd, 000069.250, 168
Trd, 000071.417, 161
Trd, 000071.550, 170
Trd, 000073.917, 162
Trd, 000074.483, 159
Trd, 000074.750, 160
Trd, 000075.333, 161
Trd, 000076.333, 160
Trd, 000076.917, 160
Trd, 000076.933, 161
Trd, 000077.000, 161
Trd, 000077.967, 166
Trd, 000078.183, 179
Trd, 000079.817, 166
Trd, 000080.317, 166
Trd, 000080.783, 165
Trd, 000080.833, 169
Trd, 000082.867, 168
Trd, 000083.017, 169
Trd, 000083.683, 165
Trd, 000083.800, 164
Trd, 000083.900, 167
Trd, 000085.183, 164
Trd, 000085.617, 162
Trd, 000086.367, 164
Trd, 000087.050, 161
Trd, 000087.333, 161
Trd, 000088.567, 161
Trd, 000089.817, 164
Trd, 000090.283, 161
Trd, 000090.817, 161
Trd, 000091.167, 160
Trd, 000091.217, 163
Trd, 000091.433, 167
Trd, 000092.133, 160
Trd, 000093.683, 160
Trd, 000093.950, 161
Trd, 000094.200, 159
Trd, 000094.500, 161
Trd, 000095.050, 158
Trd, 000095.583, 163
Trd, 000095.650, 157
Trd, 000096.217, 164
Trd, 000096.267, 165
Trd, 000097.250, 174
Trd, 000098.300, 161
Trd, 000098.933, 161
Trd, 000099.783, 160
Trd, 000100.650, 159
Trd, 000101.300, 159
Trd, 000102.950, 161
Trd, 000103.367, 161
Trd, 000103.400, 158
Trd, 000103.983, 159
Trd, 000104.233, 159
Trd, 000104.550, 160
Trd, 000105.600, 157
Trd, 000106.350, 157
Trd, 000106.817, 161
Trd, 000107.200, 161
Trd, 000108.183, 159
Trd, 000108.283, 159
Trd, 000108.300, 160
Trd, 000108.667, 161
Trd, 000111.067, 167
Trd, 000111.300, 168
Trd, 000112.200, 167
Trd, 000113.583, 175
Trd, 000114.150, 169
Trd, 000114.900, 168
Trd, 000115.050, 167
Trd, 000115.067, 170
Trd, 000116.433, 169
Trd, 000116.617, 169
Trd, 000117.800, 165
Trd, 000119.100, 170
Trd, 000119.233, 167
Trd, 000120.717, 168
Trd, 000121.300, 168
Trd, 000122.250, 167
Trd, 000123.333, 167
Trd, 000123.683, 166
Trd, 000124.050, 167
Trd, 000124.117, 168
Trd, 000125.033, 176
Trd, 000125.933, 185
Trd, 000127.750, 171
Trd, 000128.733, 167
Trd, 000128.883, 168
Trd, 000129.550, 164
Trd, 000129.633, 167
Trd, 000129.917, 167
Trd, 000130.467, 166
Trd, 000131.617, 162
Trd, 000133.400, 166
Trd, 000133.600, 166
Trd, 000133.833, 166
Trd, 000135.133, 167
Trd, 000135.367, 166
Trd, 000136.850, 166
Trd, 000138.150, 165
Trd, 000138.883, 165
Trd, 000139.167, 165
Trd, 000139.367, 165
Trd, 000139.817, 164
Trd, 000139.900, 164
Trd, 000140.050, 165
Trd, 000140.683, 179
Trd, 000141.317, 165
Trd, 000142.100, 170
Trd, 000142.350, 170
Trd, 000142.467, 162
Trd, 000144.417, 163
Trd, 000144.800, 169
Trd, 000145.583, 169
Trd, 000146.833, 167
Trd, 000147.667, 167
Trd, 000148.567, 167
Trd, 000148.667, 167
Trd, 000148.983, 166
Trd, 000149.633, 167
Trd, 000149.850, 165
Trd, 000150.883, 167
Trd, 000151.417, 166
Trd, 000152.267, 155
Trd, 000153.033, 167
Trd, 000153.483, 184
Trd, 000154.967, 169
Trd, 000156.933, 169
Trd, 000157.817, 169
Trd, 000158.583, 170
Trd, 000159.683, 170
Trd, 000160.267, 187
Trd, 000160.617, 184
Trd, 000160.667, 171
Trd, 000161.183, 174
Trd, 000161.350, 180
Trd, 000162.200, 175
Trd, 000162.850, 170
Trd, 000163.883, 168
Trd, 000163.900, 171
Trd, 000164.233, 171
Trd, 000164.433, 168
Trd, 000166.000, 168
Trd, 000166.250, 168
Trd, 000166.267, 169
Trd, 000167.267, 171
Trd, 000167.300, 172
Trd, 000167.883, 168
Trd, 000169.883, 164
Trd, 000169.917, 169
Trd, 000170.333, 167
Trd, 000171.150, 166
Trd, 000171.567, 167
Trd, 000172.033, 167
Trd, 000173.250, 185
Trd, 000173.533, 167
Trd, 000173.783, 189
Trd, 000174.783, 171
Trd, 000174.800, 171
Trd, 000175.733, 170
Trd, 000176.117, 171
Trd, 000176.717, 171
Trd, 000176.883, 170
Trd, 000177.367, 172
Trd, 000177.817, 174
Trd, 000178.283, 182
Trd, 000179.083, 172
Trd, 000179.300, 171
Trd, 000179.950, 173
Trd, 000181.850, 175
Trd, 000182.650, 174
Trd, 000183.700, 174
Trd, 000184.183, 175
Trd, 000185.017, 174
Trd, 000185.167, 174
Trd, 000185.850, 172
Trd, 000187.267, 172
Trd, 000187.350, 172
Trd, 000187.367, 173
Trd, 000188.550, 171
Trd, 000188.800, 172
Trd, 000189.117, 172
Trd, 000189.383, 172
Trd, 000189.617, 170
Trd, 000189.917, 170
Trd, 000190.233, 171
Trd, 000190.567, 173
Trd, 000192.250, 174
Trd, 000192.517, 170
Trd, 000194.167, 175
Trd, 000194.683, 176
Trd, 000194.700, 184
Trd, 000195.317, 175
Trd, 000195.467, 176
Trd, 000196.583, 175
Trd, 000196.867, 176
Trd, 000197.267, 173
Trd, 000199.567, 172
Trd, 000199.600, 171
Trd, 000199.750, 174
Trd, 000200.117, 173
Trd, 000200.783, 171
Trd, 000202.617, 170
Trd, 000202.833, 173
Trd, 000204.533, 174
Trd, 000204.567, 171
Trd, 000204.583, 185
Trd, 000206.033, 176
Trd, 000206.100, 170
Trd, 000206.183, 170
Trd, 000206.400, 174
Trd, 000206.767, 175
Trd, 000207.017, 171
Trd, 000207.433, 172
Trd, 000207.750, 173
Trd, 000208.333, 172
Trd, 000209.633, 170
Trd, 000209.733, 170
Trd, 000211.483, 180
Trd, 000211.950, 183
Trd, 000212.100, 172
Trd, 000212.417, 173
Trd, 000213.117, 173
Trd, 000213.383, 171
Trd, 000214.100, 172
Trd, 000215.733, 173
Trd, 000215.750, 173
Trd, 000216.233, 172
Trd, 000216.517, 171
Trd, 000217.683, 173
Trd, 000217.733, 186
Trd, 000220.050, 179
Trd, 000220.250, 177
Trd, 000220.617, 178
Trd, 000221.200, 177
Trd, 000221.667, 178
Trd, 000222.600, 178
Trd, 000223.233, 178
Trd, 000224.067, 179
Trd, 000224.150, 178
Trd, 000225.550, 177
Trd, 000225.783, 179
Trd, 000227.067, 178
Trd, 000228.167, 178
Trd, 000228.233, 177
Trd, 000228.700, 187
Trd, 000229.883, 179
Trd, 000229.933, 182
Trd, 000230.850, 177
Trd, 000232.100, 178
Trd, 000232.617, 179
Trd, 000232.917, 178
Trd, 000233.217, 174
Trd, 000233.783, 175
Trd, 000234.050, 178
Trd, 000234.450, 176
Trd, 000235.100, 177
Trd, 000236.300, 176
Trd, 000236.350, 177
Trd, 000236.667, 174
Trd, 000236.933, 175
Trd, 000237.117, 172
Trd, 000237.583, 177
Trd, 000239.867, 177
Trd, 000240.433, 176
Trd, 000240.783, 174
Trd, 000241.033, 174
Trd, 000241.283, 173
Trd, 000241.317, 174
Trd, 000241.467, 172
Trd, 000241.483, 174
Trd, 000241.883, 178
Trd, 000242.267, 186
Trd, 000243.000, 180
Trd, 000244.050, 183
Trd, 000244.400, 183
Trd, 000244.800, 181
Trd, 000244.817, 182
Trd, 000245.000, 179
Trd, 000245.400, 177
Trd, 000246.233, 173
Trd, 000246.283, 177
Trd, 000246.817, 175
Trd, 000246.883, 179
Trd, 000247.050, 179
Trd, 000247.183, 174
Trd, 000247.767, 176
Trd, 000248.067, 177
Trd, 000249.500, 176
Trd, 000250.400, 176
Trd, 000250.683, 177
Trd, 000251.717, 174
Trd, 000251.783, 176
Trd, 000252.117, 178
Trd, 000252.317, 178
Trd, 000253.333, 174
Trd, 000253.500, 183
Trd, 000253.700, 184
Trd, 000255.550, 177
Trd, 000255.583, 178
Trd, 000256.400, 178
Trd, 000256.600, 176
Trd, 000257.150, 177
Trd, 000257.383, 177
Trd, 000257.700, 177
Trd, 000257.950, 176
Trd, 000258.100, 178
Trd, 000258.383, 175
Trd, 000258.667, 179
Trd, 000259.117, 176
Trd, 000260.100, 178
Trd, 000260.650, 177
Trd, 000261.450, 175
Trd, 000262.150, 175
Trd, 000262.233, 174
Trd, 000262.733, 173
Trd, 000263.183, 173
Trd, 000264.183, 176
Trd, 000264.883, 176
Trd, 000265.117, 174
Trd, 000265.467, 176
Trd, 000265.533, 176
Trd, 000265.583, 176
Trd, 000266.333, 182
Trd, 000266.467, 183
Trd, 000266.600, 182
Trd, 000266.750, 185
Trd, 000268.100, 185
Trd, 000268.217, 183
Trd, 000268.517, 183
Trd, 000269.283, 186
Trd, 000270.083, 182
Trd, 000270.367, 187
Trd, 000270.683, 186
Trd, 000271.050, 182
Trd, 000271.300, 181
Trd, 000271.433, 179
Trd, 000271.517, 178
Trd, 000273.117, 178
Trd, 000273.483, 178
Trd, 000273.583, 178
Trd, 000273.733, 179
Trd, 000274.383, 178
Trd, 000274.517, 180
Trd, 000275.600, 179
Trd, 000276.100, 177
Trd, 000276.283, 178
Trd, 000276.617, 183
Trd, 000277.633, 182
Trd, 000277.767, 181
Trd, 000278.183, 178
Trd, 000278.900, 180
Trd, 000279.600, 167
Trd, 000279.650, 168
Trd, 000279.817, 176
Trd, 000279.850, 175
Trd, 000279.933, 177
Trd, 000279.983, 190
Trd, 000280.717, 179
Trd, 000281.267, 179
Trd, 000281.467, 176
Trd, 000281.700, 178
Trd, 000281.917, 179
Trd, 000282.450, 176
Trd, 000282.867, 179
Trd, 000283.350, 183
Trd, 000284.283, 180
Trd, 000284.983, 179
Trd, 000285.400, 178
Trd, 000285.583, 179
Trd, 000286.150, 178
Trd, 000286.267, 180
Trd, 000286.683, 181
Trd, 000287.550, 178
Trd, 000288.400, 181
Trd, 000288.500, 179
Trd, 000288.517, 182
Trd, 000289.583, 180
Trd, 000290.400, 182
Trd, 000290.817, 179
Trd, 000291.150, 180
Trd, 000291.400, 180
Trd, 000291.733, 179
Trd, 000291.817, 182
Trd, 000292.450, 182
Trd, 000292.833, 180
Trd, 000292.917, 179
Trd, 000293.550, 183
Trd, 000293.783, 178
Trd, 000294.450, 182
Trd, 000294.883, 180
Trd, 000294.950, 177
Trd, 000296.067, 178
Trd, 000296.083, 179
Trd, 000296.150, 180
Trd, 000296.233, 180
Trd, 000296.950, 178
Trd, 000297.783, 178
Trd, 000298.567, 177
Trd, 000298.850, 190
Trd, 000299.017, 186
Trd, 000299.133, 178
Trd, 000299.750, 188
