Trd, 000001.833, 116
Trd, 000001.900, 122
Trd, 000002.750, 137
Trd, 000003.150, 114
Trd, 000003.817, 161
Trd, 000005.017, 162
Trd, 000007.333, 160
Trd, 000007.350, 163
Trd, 000007.717, 166
Trd, 000008.383, 169
Trd, 000008.467, 170
Trd, 000008.600, 173
Trd, 000008.883, 153
Trd, 000010.033, 152
Trd, 000010.133, 152
Trd, 000011.400, 162
Trd, 000012.417, 159
Trd, 000012.767, 160
Trd, 000013.550, 158
Trd, 000013.767, 157
Trd, 000014.600, 156
Trd, 000014.850, 155
Trd, 000015.000, 153
Trd, 000015.117, 158
Trd, 000015.283, 151
Trd, 000015.383, 159
Trd, 000016.100, 153
Trd, 000017.317, 158
Trd, 000018.633, 155
Trd, 000018.700, 154
Trd, 000018.933, 157
Trd, 000019.167, 146
Trd, 000020.317, 148
Trd, 000020.533, 153
Trd, 000020.683, 157
Trd, 000022.200, 167
Trd, 000022.233, 166
Trd, 000022.467, 174
Trd, 000023.300, 170
Trd, 000023.900, 170
Trd, 000024.533, 169
Trd, 000025.400, 169
Trd, 000025.467, 167
Trd, 000025.750, 171
Trd, 000026.283, 170
Trd, 000026.417, 168
Trd, 000026.450, 155
Trd, 000027.483, 162
Trd, 000028.417, 163
Trd, 000029.400, 161
Trd, 000030.000, 153
Trd, 000030.217, 147
Trd, 000030.667, 162
Trd, 000030.783, 164
Trd, 000030.850, 148
Trd, 000030.967, 165
Trd, 000032.667, 163
Trd, 000032.683, 162
Trd, 000032.750, 157
Trd, 000032.833, 161
Trd, 000033.367, 141
Trd, 000033.733, 159
Trd, 000034.750, 156
Trd, 000035.317, 150
Trd, 000035.517, 154
Trd, 000035.600, 149
Trd, 000036.467, 150
Trd, 000037.200, 148
Trd, 000037.300, 152
Trd, 000037.633, 154
Trd, 000039.083, 151
Trd, 000039.767, 151
Trd, 000040.133, 153
Trd, 000040.400, 170
Trd, 000040.433, 151
Trd, 000040.967, 152
Trd, 000041.383, 160
Trd, 000042.033, 159
Trd, 000042.217, 158
Trd, 000042.667, 153
Trd, 000044.067, 155
Trd, 000044.233, 155
Trd, 000044.283, 155
Trd, 000044.317, 154
Trd, 000044.750, 148
Trd, 000045.633, 154
Trd, 000045.717, 154
Trd, 000046.533, 158
Trd, 000047.600, 156
Trd, 000048.133, 159
Trd, 000048.317, 155
Trd, 000049.900, 156
Trd, 000050.700, 156
Trd, 000050.750, 155
Trd, 000051.533, 154
Trd, 000051.633, 156
Trd, 000051.750, 177
Trd, 000052.317, 164
Trd, 000053.750, 157
Trd, 000053.817, 157
Trd, 000054.200, 157
Trd, 000055.450, 155
Trd, 000055.850, 152
Trd, 000056.050, 149
Trd, 000056.417, 144
Trd, 000056.583, 155
Trd, 000056.617, 158
Trd, 000056.683, 144
Trd, 000056.817, 160
Trd, 000056.833, 177
Trd, 000058.150, 148
Trd, 000058.483, 155
Trd, 000059.183, 152
Trd, 000059.383, 153
Trd, 000060.933, 155
Trd, 000061.267, 153
Trd, 000061.367, 156
Trd, 000062.233, 178
Trd, 000062.367, 168
Trd, 000062.550, 165
Trd, 000063.383, 167
Trd, 000063.567, 164
Trd, 000064.250, 166
Trd, 000065.550, 162
Trd, 000065.667, 168
Trd, 000065.783, 160
Trd, 000067.617, 162
Trd, 000067.783, 163
Trd, 000068.483, 163
Trd, 000068.500, 162
Trd, 000068.567, 157
Trd, 000069.650, 164
Trd, 000070.617, 162
Trd, 000071.500, 164
Trd, 000071.817, 166
Trd, 000072.200, 168
Trd, 000072.967, 164
Trd, 000073.533, 167
Trd, 000073.783, 168
Trd, 000073.917, 175
Trd, 000074.117, 167
Trd, 000075.200, 167
Trd, 000075.750, 173
Trd, 000076.000, 167
Trd, 000076.700, 158
Trd, 000076.800, 154
Trd, 000078.683, 155
Trd, 000078.783, 154
Trd, 000080.333, 161
Trd, 000080.400, 159
Trd, 000081.667, 156
Trd, 000081.917, 158
Trd, 000082.750, 156
Trd, 000083.533, 156
Trd, 000083.683, 156
Trd, 000083.717, 158
Trd, 000084.583, 156
Trd, 000085.683, 156
Trd, 000085.983, 157
Trd, 000086.317, 155
Trd, 000086.467, 154
Trd, 000086.750, 152
Trd, 000087.050, 158
Trd, 000087.317, 159
Trd, 000087.817, 160
Trd, 000088.333, 154
Trd, 000089.050, 159
Trd, 000090.500, 156
Trd, 000090.650, 156
Trd, 000090.717, 154
Trd, 000091.033, 157
Trd, 000092.417, 157
Trd, 000092.550, 156
Trd, 000093.600, 154
Trd, 000093.650, 156
Trd, 000094.033, 153
Trd, 000094.167, 157
Trd, 000096.733, 158
Trd, 000096.817, 159
Trd, 000097.017, 164
Trd, 000097.850, 165
Trd, 000097.883, 158
Trd, 000098.450, 171
Trd, 000098.517, 156
Trd, 000098.783, 156
Trd, 000099.267, 163
Trd, 000099.733, 164
Trd, 000099.983, 164
Trd, 000100.633, 164
Trd, 000101.517, 160
Trd, 000101.717, 158
Trd, 000102.300, 164
Trd, 000103.750, 164
Trd, 000104.650, 165
Trd, 000105.933, 165
Trd, 000106.283, 165
Trd, 000106.533, 165
Trd, 000107.633, 166
Trd, 000107.733, 166
Trd, 000108.400, 164
Trd, 000108.733, 163
Trd, 000109.167, 162
Trd, 000109.283, 161
Trd, 000109.533, 161
Trd, 000109.883, 158
Trd, 000110.183, 160
Trd, 000110.200, 155
Trd, 000110.500, 163
Trd, 000112.017, 156
Trd, 000112.283, 157
Trd, 000112.500, 152
Trd, 000113.133, 159
Trd, 000114.633, 155
Trd, 000114.700, 154
Trd, 000115.650, 155
Trd, 000115.700, 154
Trd, 000115.750, 157
Trd, 000116.017, 158
Trd, 000117.383, 157
Trd, 000118.183, 159
Trd, 000118.567, 166
Trd, 000119.167, 167
Trd, 000119.950, 160
Trd, 000120.117, 167
Trd, 000120.517, 160
Trd, 000120.583, 159
Trd, 000121.583, 160
Trd, 000121.917, 161
Trd, 000122.283, 167
Trd, 000122.533, 161
Trd, 000122.717, 159
Trd, 000123.083, 167
Trd, 000123.583, 167
Trd, 000123.717, 165
Trd, 000125.517, 165
Trd, 000125.617, 165
Trd, 000125.933, 165
Trd, 000126.150, 156
Trd, 000126.900, 169
Trd, 000127.933, 176
Trd, 000128.883, 163
Trd, 000129.233, 169
Trd, 000129.883, 167
Trd, 000130.800, 163
Trd, 000131.717, 167
Trd, 000131.950, 167
Trd, 000132.217, 166
Trd, 000132.567, 167
Trd, 000133.217, 167
Trd, 000133.733, 167
Trd, 000133.883, 166
Trd, 000134.717, 165
Trd, 000135.033, 168
Trd, 000136.300, 179
Trd, 000136.650, 167
Trd, 000137.833, 175
Trd, 000138.217, 173
Trd, 000139.333, 170
Trd, 000139.650, 170
Trd, 000139.917, 171
Trd, 000140.900, 164
Trd, 000140.950, 166
Trd, 000141.567, 168
Trd, 000141.800, 167
Trd, 000141.867, 160
Trd, 000142.550, 166
Trd, 000143.050, 166
Trd, 000143.750, 167
Trd, 000143.783, 168
Trd, 000144.183, 166
Trd, 000145.250, 168
Trd, 000145.550, 165
Trd, 000145.633, 164
Trd, 000146.500, 166
Trd, 000146.983, 165
Trd, 000147.867, 166
Trd, 000148.217, 165
Trd, 000148.750, 167
Trd, 000148.767, 167
Trd, 000149.300, 170
Trd, 000149.983, 180
Trd, 000150.150, 170
Trd, 000150.900, 170
Trd, 000151.217, 172
Trd, 000151.517, 168
Trd, 000154.067, 171
Trd, 000154.533, 170
Trd, 000154.867, 175
Trd, 000155.617, 171
Trd, 000155.883, 173
Trd, 000156.050, 170
Trd, 000156.183, 173
Trd, 000157.350, 170
Trd, 000157.783, 168
Trd, 000158.000, 167
Trd, 000158.883, 168
Trd, 000159.083, 168
Trd, 000159.117, 166
Trd, 000159.633, 165
Trd, 000159.667, 170
Trd, 000160.633, 171
Trd, 000161.200, 166
Trd, 000162.600, 167
Trd, 000162.900, 165
Trd, 000163.250, 168
Trd, 000164.817, 165
Trd, 000164.917, 166
Trd, 000165.183, 165
Trd, 000165.767, 165
Trd, 000165.933, 166
Trd, 000166.117, 163
Trd, 000166.400, 167
Trd, 000166.883, 163
Trd, 000167.933, 164
Trd, 000168.233, 165
Trd, 000168.333, 166
Trd, 000168.867, 171
Trd, 000169.000, 154
Trd, 000169.233, 182
Trd, 000169.700, 188
Trd, 000171.383, 169
Trd, 000171.817, 169
Trd, 000171.850, 168
Trd, 000172.283, 171
Trd, 000172.300, 171
Trd, 000173.067, 172
Trd, 000174.367, 173
Trd, 000174.650, 173
Trd, 000174.800, 173
Trd, 000176.583, 172
Trd, 000176.683, 172
Trd, 000176.967, 166
Trd, 000178.550, 171
Trd, 000179.017, 163
Trd, 000179.183, 161
Trd, 000179.233, 169
Trd, 000180.900, 166
Trd, 000181.100, 166
Trd, 000181.450, 166
Trd, 000181.583, 167
Trd, 000181.733, 168
Trd, 000182.300, 169
Trd, 000182.517, 169
Trd, 000183.333, 168
Trd, 000183.567, 167
Trd, 000184.983, 167
Trd, 000185.417, 168
Trd, 000185.617, 167
Trd, 000186.583, 166
Trd, 000187.133, 167
Trd, 000187.817, 166
Trd, 000188.033, 166
Trd, 000188.183, 185
Trd, 000188.500, 166
Trd, 000188.950, 176
Trd, 000189.833, 168
Trd, 000190.033, 170
Trd, 000190.433, 167
Trd, 000190.733, 167
Trd, 000191.150, 163
Trd, 000192.133, 179
Trd, 000192.317, 169
Trd, 000193.300, 170
Trd, 000193.550, 171
Trd, 000194.767, 171
Trd, 000195.000, 173
Trd, 000195.900, 170
Trd, 000195.950, 173
Trd, 000195.983, 168
Trd, 000196.283, 174
Trd, 000197.317, 173
Trd, 000198.100, 175
Trd, 000198.500, 176
Trd, 000199.300, 185
Trd, 000199.617, 176
Trd, 000199.850, 174
Trd, 000200.450, 176
Trd, 000200.717, 174
Trd, 000201.917, 176
Trd, 000202.133, 173
Trd, 000203.417, 176
Trd, 000203.967, 176
Trd, 000204.317, 178
Trd, 000204.517, 177
Trd, 000204.567, 176
Trd, 000205.450, 173
Trd, 000206.267, 176
Trd, 000206.700, 175
Trd, 000207.067, 176
Trd, 000207.133, 169
Trd, 000207.733, 172
Trd, 000208.850, 170
Trd, 000209.167, 168
Trd, 000209.700, 167
Trd, 000210.017, 168
Trd, 000210.833, 168
Trd, 000211.100, 166
Trd, 000211.267, 168
Trd, 000211.300, 165
Trd, 000211.800, 172
Trd, 000212.117, 171
Trd, 000213.283, 174
Trd, 000213.467, 170
Trd, 000213.900, 173
Trd, 000214.283, 169
Trd, 000214.367, 176
Trd, 000215.017, 168
Trd, 000215.633, 176
Trd, 000216.067, 169
Trd, 000216.167, 184
Trd, 000218.317, 171
Trd, 000218.867, 170
Trd, 000218.900, 169
Trd, 000219.250, 172
Trd, 000219.383, 169
Trd, 000219.833, 175
Trd, 000220.167, 187
Trd, 000221.250, 180
Trd, 000221.633, 183
Trd, 000222.233, 179
Trd, 000223.167, 166
Trd, 000223.233, 176
Trd, 000224.233, 168
Trd, 000224.500, 173
Trd, 000224.700, 174
Trd, 000224.900, 176
Trd, 000225.483, 174
Trd, 000226.467, 174
Trd, 000226.617, 172
Trd, 000226.700, 175
Trd, 000226.800, 176
Trd, 000228.750, 170
Trd, 000228.883, 169
Trd, 000228.983, 167
Trd, 000229.083, 171
Trd, 000229.633, 160
Trd, 000229.750, 171
Trd, 000231.050, 173
Trd, 000231.350, 179
Trd, 000231.817, 172
Trd, 000232.317, 188
Trd, 000232.750, 179
Trd, 000233.867, 175
Trd, 000234.433, 175
Trd, 000235.500, 174
Trd, 000235.650, 175
Trd, 000235.700, 178
Trd, 000237.667, 175
Trd, 000237.833, 174
Trd, 000237.900, 172
Trd, 000238.183, 160
Trd, 000238.233, 177
Trd, 000238.500, 148
Trd, 000239.150, 168
Trd, 000239.383, 174
Trd, 000239.717, 172
Trd, 000240.033, 171
Trd, 000240.333, 174
Trd, 000240.400, 179
Trd, 000241.033, 169
Trd, 000241.900, 168
Trd, 000242.933, 175
Trd, 000243.233, 175
Trd, 000244.117, 176
Trd, 000244.150, 179
Trd, 000244.733, 176
Trd, 000244.833, 175
Trd, 000245.367, 174
Trd, 000245.417, 173
Trd, 000245.800, 173
Trd, 000245.867, 176
Trd, 000246.983, 180
Trd, 000247.667, 180
Trd, 000247.733, 181
Trd, 000247.833, 179
Trd, 000248.600, 179
Trd, 000249.117, 179
Trd, 000250.450, 176
Trd, 000250.717, 176
Trd, 000250.767, 179
Trd, 000251.667, 174
Trd, 000252.683, 180
Trd, 000252.783, 181
Trd, 000252.900, 173
Trd, 000253.350, 169
Trd, 000253.950, 178
Trd, 000254.200, 181
Trd, 000254.683, 181
Trd, 000255.150, 174
Trd, 000255.483, 175
Trd, 000256.033, 174
Trd, 000256.633, 176
Trd, 000256.783, 175
Trd, 000257.083, 175
Trd, 000257.650, 183
Trd, 000257.750, 175
Trd, 000258.200, 173
Trd, 000258.567, 170
Trd, 000259.667, 168
Trd, 000259.800, 169
Trd, 000260.300, 168
Trd, 000260.367, 167
Trd, 000260.400, 169
Trd, 000261.033, 169
Trd, 000261.133, 176
Trd, 000261.400, 170
Trd, 000263.033, 170
Trd, 000263.100, 172
Trd, 000263.733, 172
Trd, 000264.000, 181
Trd, 000264.250, 175
Trd, 000264.467, 171
Trd, 000264.617, 173
Trd, 000265.783, 173
Trd, 000265.833, 172
Trd, 000265.933, 180
Trd, 000266.050, 172
Trd, 000266.350, 177
Trd, 000266.517, 181
Trd, 000267.783, 181
Trd, 000267.867, 179
Trd, 000268.400, 180
Trd, 000268.717, 182
Trd, 000269.867, 181
Trd, 000270.250, 182
Trd, 000270.633, 181
Trd, 000271.183, 177
Trd, 000271.967, 182
Trd, 000272.067, 185
Trd, 000272.167, 183
Trd, 000272.450, 177
Trd, 000272.667, 169
Trd, 000273.033, 182
Trd, 000273.217, 183
Trd, 000273.850, 175
Trd, 000274.267, 169
Trd, 000274.700, 173
Trd, 000275.483, 175
Trd, 000275.533, 171
Trd, 000276.283, 177
Trd, 000276.400, 175
Trd, 000276.700, 171
Trd, 000277.400, 173
Trd, 000277.817, 175
Trd, 000278.750, 181
Trd, 000279.183, 184
Trd, 000279.433, 191
Trd, 000280.517, 186
Trd, 000280.533, 181
Trd, 000281.217, 179
Trd, 000281.367, 178
Trd, 000281.400, 184
Trd, 000282.300, 176
Trd, 000283.700, 177
Trd, 000283.767, 179
Trd, 000284.383, 178
Trd, 000285.100, 179
Trd, 000285.150, 178
Trd, 000285.167, 177
Trd, 000285.383, 173
Trd, 000285.567, 183
Trd, 000285.933, 172
Trd, 000286.000, 174
Trd, 000286.267, 181
Trd, 000287.483, 174
Trd, 000287.533, 181
Trd, 000287.600, 173
Trd, 000288.000, 160
Trd, 000289.583, 172
Trd, 000289.667, 173
Trd, 000289.717, 171
Trd, 000289.767, 170
Trd, 000289.967, 175
Trd, 000289.983, 176
Trd, 000290.300, 171
Trd, 000291.050, 175
Trd, 000291.167, 184
Trd, 000291.500, 172
Trd, 000292.300, 183
Trd, 000293.000, 178
Trd, 000293.117, 183
Trd, 000293.500, 184
Trd, 000293.983, 185
Trd, 000294.017, 178
Trd, 000294.317, 186
Trd, 000294.817, 187
Trd, 000295.083, 180
Trd, 000295.967, 208
Trd, 000296.217, 200
Trd, 000296.417, 195
Trd, 000296.900, 181
Trd, 000297.633, 194
Trd, 000297.683, 187
Trd, 000297.800, 196
Trd, 000299.550, 192
Trd, 000299.817, 189
