Trd, 000001.783, 109
Trd, 000001.817, 117
Trd, 000002.383, 116
Trd, 000002.833, 110
Trd, 000003.400, 117
Trd, 000004.933, 146
Trd, 000005.800, 140
Trd, 000006.333, 149
Trd, 000006.550, 150
Trd, 000007.267, 155
Trd, 000007.533, 157
Trd, 000008.533, 173
Trd, 000008.600, 175
Trd, 000008.917, 176
Trd, 000009.717, 162
Trd, 000010.850, 157
Trd, 000011.633, 159
Trd, 000011.883, 160
Trd, 000012.333, 174
Trd, 000013.233, 165
Trd, 000013.733, 164
Trd, 000014.050, 147
Trd, 000014.450, 156
Trd, 000015.150, 146
Trd, 000015.167, 153
Trd, 000015.617, 153
Trd, 000016.050, 148
Trd, 000016.517, 146
Trd, 000016.833, 153
Trd, 000017.633, 153
Trd, 000018.183, 172
Trd, 000018.933, 156
Trd, 000019.550, 150
Trd, 000020.083, 154
Trd, 000020.867, 149
Trd, 000021.650, 151
Trd, 000021.667, 154
Trd, 000023.233, 153
Trd, 000023.600, 154
Trd, 000024.283, 157
Trd, 000024.717, 154
Trd, 000025.450, 151
Trd, 000025.550, 157
Trd, 000026.133, 156
Trd, 000026.550, 156
Trd, 000027.067, 159
Trd, 000028.200, 154
Trd, 000028.833, 160
Trd, 000029.550, 157
Trd, 000029.567, 158
Trd, 000029.600, 154
Trd, 000029.817, 158
Trd, 000030.150, 148
Trd, 000031.633, 161
Trd, 000031.817, 147
Trd, 000031.983, 172
Trd, 000032.233, 147
Trd, 000033.050, 139
Trd, 000033.450, 147
Trd, 000033.533, 143
Trd, 000033.850, 155
Trd, 000033.867, 158
Trd, 000034.217, 161
Trd, 000035.783, 169
Trd, 000036.000, 153
Trd, 000036.650, 172
Trd, 000036.933, 174
Trd, 000037.633, 160
Trd, 000037.783, 172
Trd, 000038.000, 176
Trd, 000039.683, 174
Trd, 000040.700, 166
Trd, 000040.983, 169
Trd, 000041.417, 151
Trd, 000041.950, 164
Trd, 000042.400, 165
Trd, 000042.883, 163
Trd, 000043.000, 164
Trd, 000043.417, 160
Trd, 000044.250, 161
Trd, 000045.233, 166
Trd, 000046.133, 164
Trd, 000046.200, 176
Trd, 000047.000, 148
Trd, 000047.600, 149
Trd, 000047.667, 156
Trd, 000048.183, 157
Trd, 000048.200, 155
Trd, 000049.267, 163
Trd, 000050.633, 158
Trd, 000051.683, 145
Trd, 000051.717, 173
Trd, 000051.750, 174
Trd, 000051.800, 177
Trd, 000052.200, 147
Trd, 000052.900, 167
Trd, 000053.033, 175
Trd, 000056.083, 162
Trd, 000056.283, 157
Trd, 000057.267, 161
Trd, 000057.617, 161
Trd, 000058.217, 162
Trd, 000058.767, 172
Trd, 000058.917, 160
Trd, 000059.517, 161
Trd, 000060.333, 161
Trd, 000060.633, 160
Trd, 000060.767, 158
Trd, 000061.000, 158
Trd, 000061.433, 150
Trd, 000062.217, 157
Trd, 000062.583, 148
Trd, 000062.883, 153
Trd, 000063.017, 156
Trd, 000064.650, 153
Trd, 000065.383, 154
Trd, 000065.667, 152
Trd, 000066.150, 152
Trd, 000067.667, 158
Trd, 000067.867, 159
Trd, 000068.067, 158
Trd, 000068.550, 158
Trd, 000068.633, 160
Trd, 000068.950, 161
Trd, 000069.000, 165
Trd, 000069.433, 178
Trd, 000070.367, 174
Trd, 000070.683, 159
Trd, 000071.767, 153
Trd, 000071.833, 158
Trd, 000072.100, 158
Trd, 000074.200, 177
Trd, 000074.250, 162
Trd, 000074.517, 177
Trd, 000075.283, 168
Trd, 000075.333, 177
Trd, 000075.533, 158
Trd, 000076.600, 151
Trd, 000076.850, 161
Trd, 000076.950, 143
Trd, 000077.117, 143
Trd, 000077.567, 171
Trd, 000077.817, 172
Trd, 000079.517, 161
Trd, 000080.017, 163
Trd, 000080.633, 157
Trd, 000081.583, 158
Trd, 000081.633, 158
Trd, 000082.200, 158
Trd, 000082.367, 159
Trd, 000082.417, 163
Trd, 000083.000, 180
Trd, 000083.717, 166
Trd, 000083.933, 185
Trd, 000084.050, 185
Trd, 000084.317, 160
Trd, 000086.050, 172
Trd, 000087.300, 176
Trd, 000088.233, 167
Trd, 000088.617, 170
Trd, 000088.817, 166
Trd, 000089.500, 154
Trd, 000090.083, 163
Trd, 000090.583, 160
Trd, 000090.833, 158
Trd, 000092.217, 155
Trd, 000092.633, 154
Trd, 000093.233, 157
Trd, 000093.767, 160
Trd, 000093.983, 158
Trd, 000094.000, 162
Trd, 000094.950, 153
Trd, 000095.117, 144
Trd, 000095.633, 161
Trd, 000096.500, 167
Trd, 000097.717, 157
Trd, 000098.783, 173
Trd, 000099.133, 155
Trd, 000099.250, 173
Trd, 000100.000, 160
Trd, 000100.350, 168
Trd, 000101.450, 162
Trd, 000101.983, 162
Trd, 000102.483, 164
Trd, 000102.600, 159
Trd, 000102.867, 165
Trd, 000102.967, 165
Trd, 000103.500, 168
Trd, 000104.450, 162
Trd, 000104.883, 165
Trd, 000105.217, 164
Trd, 000106.317, 160
Trd, 000106.750, 127
Trd, 000107.217, 160
Trd, 000107.383, 149
Trd, 000108.217, 162
Trd, 000109.050, 160
Trd, 000109.883, 157
Trd, 000110.017, 160
Trd, 000110.083, 169
Trd, 000110.283, 156
Trd, 000111.550, 164
Trd, 000112.233, 165
Trd, 000112.283, 155
Trd, 000113.417, 162
Trd, 000113.833, 166
Trd, 000114.150, 169
Trd, 000114.817, 182
Trd, 000115.617, 183
Trd, 000115.817, 170
Trd, 000116.133, 178
Trd, 000116.233, 171
Trd, 000116.717, 173
Trd, 000118.083, 182
Trd, 000118.117, 184
Trd, 000118.917, 178
Trd, 000119.283, 187
Trd, 000120.200, 177
Trd, 000120.400, 178
Trd, 000120.633, 173
Trd, 000121.717, 179
Trd, 000122.700, 173
Trd, 000123.283, 172
Trd, 000123.633, 171
Trd, 000123.850, 174
Trd, 000124.517, 171
Trd, 000125.200, 170
Trd, 000125.367, 158
Trd, 000126.700, 157
Trd, 000127.100, 171
Trd, 000128.117, 164
Trd, 000128.533, 148
Trd, 000128.683, 161
Trd, 000129.000, 164
Trd, 000129.183, 168
Trd, 000129.900, 162
Trd, 000129.967, 185
Trd, 000131.750, 164
Trd, 000132.767, 168
Trd, 000132.983, 169
Trd, 000134.317, 168
Trd, 000134.433, 169
Trd, 000135.033, 171
Trd, 000135.167, 166
Trd, 000136.000, 185
Trd, 000136.750, 174
Trd, 000137.833, 174
Trd, 000138.867, 172
Trd, 000139.283, 171
Trd, 000139.550, 168
Trd, 000139.950, 171
Trd, 000141.400, 167
Trd, 000143.067, 165
Trd, 000143.583, 166
Trd, 000143.800, 166
Trd, 000144.167, 165
Trd, 000144.383, 166
Trd, 000144.467, 169
Trd, 000144.917, 172
Trd, 000146.233, 162
Trd, 000146.367, 158
Trd, 000146.433, 170
Trd, 000146.900, 187
Trd, 000147.150, 164
Trd, 000147.217, 190
Trd, 000148.917, 166
Trd, 000149.483, 164
Trd, 000149.650, 165
Trd, 000150.183, 174
Trd, 000150.500, 169
Trd, 000150.733, 159
Trd, 000151.650, 155
Trd, 000151.750, 171
Trd, 000151.883, 172
Trd, 000153.800, 168
Trd, 000153.850, 169
Trd, 000153.950, 167
Trd, 000154.167, 169
Trd, 000154.233, 162
Trd, 000154.417, 153
Trd, 000156.017, 170
Trd, 000156.217, 160
Trd, 000156.517, 173
Trd, 000156.750, 184
Trd, 000157.017, 190
Trd, 000158.250, 160
Trd, 000158.550, 178
Trd, 000158.717, 179
Trd, 000160.583, 179
Trd, 000161.783, 174
Trd, 000162.400, 179
Trd, 000163.617, 174
Trd, 000163.717, 174
Trd, 000164.000, 173
Trd, 000164.050, 175
Trd, 000164.517, 177
Trd, 000165.117, 187
Trd, 000165.717, 173
Trd, 000165.900, 160
Trd, 000166.550, 177
Trd, 000167.433, 164
Trd, 000168.567, 169
Trd, 000168.817, 172
Trd, 000169.667, 169
Trd, 000169.933, 168
Trd, 000170.733, 167
Trd, 000171.050, 170
Trd, 000171.117, 172
Trd, 000171.467, 165
Trd, 000172.033, 172
Trd, 000172.533, 163
Trd, 000173.200, 174
Trd, 000173.233, 175
Trd, 000173.433, 188
Trd, 000175.767, 165
Trd, 000175.850, 165
Trd, 000176.517, 165
Trd, 000176.817, 162
Trd, 000177.000, 161
Trd, 000177.517, 154
Trd, 000177.583, 166
Trd, 000177.700, 169
Trd, 000178.667, 171
Trd, 000179.383, 163
Trd, 000180.817, 171
Trd, 000181.050, 172
Trd, 000181.150, 163
Trd, 000181.767, 173
Trd, 000183.500, 168
Trd, 000183.767, 167
Trd, 000184.033, 166
Trd, 000184.433, 165
Trd, 000184.583, 169
Trd, 000185.283, 153
Trd, 000185.600, 166
Trd, 000186.000, 168
Trd, 000186.350, 190
Trd, 000186.783, 191
Trd, 000188.000, 164
Trd, 000188.267, 174
Trd, 000188.683, 173
Trd, 000189.250, 164
Trd, 000189.267, 173
Trd, 000189.367, 155
Trd, 000190.217, 161
Trd, 000191.000, 163
Trd, 000191.183, 172
Trd, 000191.917, 177
Trd, 000192.033, 183
Trd, 000192.350, 168
Trd, 000192.733, 180
Trd, 000193.217, 181
Trd, 000193.450, 176
Trd, 000194.967, 174
Trd, 000195.517, 174
Trd, 000196.833, 174
Trd, 000196.950, 177
Trd, 000197.667, 173
Trd, 000198.700, 175
Trd, 000198.983, 164
Trd, 000199.617, 179
Trd, 000200.583, 173
Trd, 000201.133, 177
Trd, 000201.150, 179
Trd, 000201.550, 172
Trd, 000202.867, 184
Trd, 000204.250, 174
Trd, 000204.717, 173
Trd, 000204.750, 175
Trd, 000205.050, 176
Trd, 000205.517, 175
Trd, 000206.133, 174
Trd, 000206.800, 176
Trd, 000206.833, 179
Trd, 000207.133, 172
Trd, 000208.300, 177
Trd, 000208.317, 179
Trd, 000208.783, 175
Trd, 000209.500, 174
Trd, 000209.917, 183
Trd, 000210.650, 165
Trd, 000210.817, 176
Trd, 000211.300, 174
Trd, 000212.367, 172
Trd, 000213.550, 177
Trd, 000214.533, 172
Trd, 000214.567, 181
Trd, 000214.583, 165
Trd, 000214.617, 181
Trd, 000214.983, 178
Trd, 000215.867, 185
Trd, 000216.700, 171
Trd, 000217.333, 183
Trd, 000217.917, 182
Trd, 000217.983, 181
Trd, 000218.667, 180
Trd, 000219.283, 180
Trd, 000220.650, 181
Trd, 000221.033, 180
Trd, 000222.017, 181
Trd, 000222.600, 188
Trd, 000223.017, 177
Trd, 000223.233, 176
Trd, 000223.500, 186
Trd, 000223.550, 187
Trd, 000223.850, 185
Trd, 000224.100, 170
Trd, 000225.050, 186
Trd, 000225.833, 173
Trd, 000226.650, 174
Trd, 000226.883, 175
Trd, 000227.050, 172
Trd, 000227.200, 167
Trd, 000227.750, 190
Trd, 000227.850, 191
Trd, 000228.683, 160
Trd, 000229.183, 157
Trd, 000229.400, 180
Trd, 000231.933, 172
Trd, 000232.533, 172
Trd, 000232.750, 173
Trd, 000232.900, 174
Trd, 000233.167, 168
Trd, 000233.500, 168
Trd, 000234.783, 166
Trd, 000234.950, 171
Trd, 000235.883, 170
Trd, 000236.300, 171
Trd, 000236.383, 175
Trd, 000236.433, 177
Trd, 000236.567, 168
Trd, 000236.633, 178
Trd, 000237.817, 167
Trd, 000238.967, 174
Trd, 000239.700, 168
Trd, 000239.883, 167
Trd, 000240.050, 158
Trd, 000240.567, 170
Trd, 000240.950, 169
Trd, 000242.050, 169
Trd, 000242.083, 172
Trd, 000243.683, 168
Trd, 000243.983, 168
Trd, 000244.917, 168
Trd, 000245.267, 170
Trd, 000245.283, 172
Trd, 000245.500, 175
Trd, 000246.400, 175
Trd, 000246.667, 176
Trd, 000246.883, 178
Trd, 000247.700, 175
Trd, 000247.967, 177
Trd, 000248.350, 174
Trd, 000249.600, 175
Trd, 000249.833, 171
Trd, 000250.417, 173
Trd, 000251.050, 173
Trd, 000251.617, 173
Trd, 000251.733, 173
Trd, 000251.917, 176
Trd, 000252.067, 177
Trd, 000252.200, 175
Trd, 000253.117, 179
Trd, 000253.267, 179
Trd, 000253.750, 178
Trd, 000253.933, 180
Trd, 000254.833, 180
Trd, 000254.850, 180
Trd, 000255.350, 181
Trd, 000255.550, 178
Trd, 000255.850, 181
Trd, 000256.683, 185
Trd, 000256.867, 178
Trd, 000257.267, 177
Trd, 000257.550, 171
Trd, 000258.583, 168
Trd, 000258.700, 168
Trd, 000259.017, 171
Trd, 000259.033, 172
Trd, 000259.400, 162
Trd, 000260.933, 174
Trd, 000261.183, 170
Trd, 000261.400, 173
Trd, 000261.550, 170
Trd, 000262.100, 173
Trd, 000262.867, 174
Trd, 000263.100, 176
Trd, 000263.333, 169
Trd, 000264.050, 171
Trd, 000264.567, 169
Trd, 000265.133, 162
Trd, 000265.167, 160
Trd, 000266.250, 172
Trd, 000266.617, 173
Trd, 000266.750, 181
Trd, 000267.217, 183
Trd, 000267.583, 184
Trd, 000267.633, 182
Trd, 000268.183, 175
Trd, 000268.283, 179
Trd, 000268.433, 184
Trd, 000268.533, 188
Trd, 000268.650, 206
Trd, 000268.667, 174
Trd, 000268.983, 205
Trd, 000269.333, 206
Trd, 000269.917, 191
Trd, 000270.300, 183
Trd, 000271.400, 180
Trd, 000271.617, 179
Trd, 000271.650, 177
Trd, 000271.683, 182
Trd, 000271.933, 187
Trd, 000272.783, 185
Trd, 000272.833, 171
Trd, 000272.917, 162
Trd, 000273.317, 182
Trd, 000273.900, 184
Trd, 000274.133, 185
Trd, 000275.783, 180
Trd, 000276.133, 177
Trd, 000277.267, 175
Trd, 000277.867, 176
Trd, 000277.950, 176
Trd, 000278.200, 172
Trd, 000278.233, 177
Trd, 000278.583, 173
Trd, 000279.800, 164
Trd, 000280.017, 171
Trd, 000280.250, 176
Trd, 000280.450, 183
Trd, 000281.067, 166
Trd, 000281.417, 173
Trd, 000282.617, 179
Trd, 000283.733, 174
Trd, 000283.833, 179
Trd, 000283.867, 186
Trd, 000283.917, 173
Trd, 000284.133, 190
Trd, 000284.800, 182
Trd, 000285.300, 178
Trd, 000285.367, 175
Trd, 000287.067, 179
Trd, 000287.167, 179
Trd, 000287.250, 174
Trd, 000287.433, 183
Trd, 000287.583, 183
Trd, 000287.900, 185
Trd, 000288.383, 172
Trd, 000289.017, 177
Trd, 000289.467, 173
Trd, 000289.817, 176
Trd, 000290.250, 181
Trd, 000290.467, 174
Trd, 000290.850, 183
Trd, 000291.500, 181
Trd, 000291.667, 183
Trd, 000292.767, 177
Trd, 000292.833, 180
Trd, 000292.883, 181
Trd, 000292.933, 182
Trd, 000293.500, 173
Trd, 000293.733, 184
Trd, 000293.817, 173
Trd, 000294.450, 177
Trd, 000295.183, 165
Trd, 000295.983, 181
Trd, 000296.550, 178
Trd, 000296.667, 172
Trd, 000297.550, 175
Trd, 000297.717, 174
Trd, 000298.133, 180
Trd, 000299.317, 178
Trd, 000299.800, 181
