Trd, 000000.983, 137
Trd, 000001.967, 124
Trd, 000002.133, 130
Trd, 000002.333, 155
Trd, 000002.967, 170
Trd, 000004.000, 168
Trd, 000004.667, 153
Trd, 000005.300, 153
Trd, 000005.583, 153
Trd, 000005.850, 149
Trd, 000006.567, 156
Trd, 000007.517, 158
Trd, 000008.217, 156
Trd, 000008.500, 153
Trd, 000008.533, 166
Trd, 000008.667, 151
Trd, 000008.883, 143
Trd, 000009.100, 152
Trd, 000010.617, 145
Trd, 000010.833, 154
Trd, 000011.367, 147
Trd, 000012.250, 150
Trd, 000012.367, 147
Trd, 000013.467, 150
Trd, 000014.200, 150
Trd, 000015.100, 148
Trd, 000015.283, 151
Trd, 000015.683, 155
Trd, 000016.633, 149
Trd, 000016.800, 150
Trd, 000018.150, 152
Trd, 000018.350, 151
Trd, 000018.533, 157
Trd, 000018.650, 159
Trd, 000018.817, 149
Trd, 000019.483, 167
Trd, 000019.700, 168
Trd, 000021.900, 170
Trd, 000022.867, 165
Trd, 000023.233, 163
Trd, 000023.867, 159
Trd, 000023.883, 162
Trd, 000024.067, 158
Trd, 000024.900, 160
Trd, 000025.317, 156
Trd, 000025.950, 157
Trd, 000027.517, 160
Trd, 000028.567, 160
Trd, 000028.833, 157
Trd, 000029.633, 158
Trd, 000029.650, 168
Trd, 000029.867, 157
Trd, 000031.483, 161
Trd, 000031.533, 160
Trd, 000031.717, 160
Trd, 000033.383, 160
Trd, 000033.800, 146
Trd, 000034.600, 154
Trd, 000034.633, 155
Trd, 000034.817, 154
Trd, 000035.300, 161
Trd, 000035.817, 156
Trd, 000036.583, 156
Trd, 000037.100, 159
Trd, 000037.650, 159
Trd, 000037.700, 169
Trd, 000038.083, 179
Trd, 000039.150, 169
Trd, 000039.250, 162
Trd, 000040.700, 161
Trd, 000040.883, 167
Trd, 000042.633, 147
Trd, 000042.767, 141
Trd, 000044.167, 148
Trd, 000044.267, 147
Trd, 000044.450, 146
Trd, 000044.683, 147
Trd, 000045.400, 148
Trd, 000045.500, 148
Trd, 000045.933, 159
Trd, 000046.317, 150
Trd, 000046.383, 169
Trd, 000046.583, 177
Trd, 000047.017, 150
Trd, 000047.550, 162
Trd, 000047.567, 164
Trd, 000047.983, 149
Trd, 000050.550, 151
Trd, 000051.017, 152
Trd, 000051.767, 158
Trd, 000053.417, 154
Trd, 000054.050, 148
Trd, 000054.433, 155
Trd, 000056.250, 157
Trd, 000057.283, 158
Trd, 000057.883, 159
Trd, 000058.267, 158
Trd, 000058.617, 159
Trd, 000059.367, 160
Trd, 000059.867, 161
Trd, 000060.617, 162
Trd, 000060.767, 171
Trd, 000061.600, 158
Trd, 000061.983, 157
Trd, 000062.117, 158
Trd, 000062.267, 159
Trd, 000062.800, 165
Trd, 000063.700, 173
Trd, 000065.083, 167
Trd, 000065.433, 173
Trd, 000065.483, 166
Trd, 000066.650, 169
Trd, 000067.817, 168
Trd, 000067.983, 172
Trd, 000068.250, 173
Trd, 000068.417, 172
Trd, 000069.100, 171
Trd, 000070.117, 171
Trd, 000070.550, 171
Trd, 000071.033, 167
Trd, 000071.767, 168
Trd, 000072.100, 169
Trd, 000072.150, 165
Trd, 000072.983, 168
Trd, 000073.950, 166
Trd, 000074.283, 167
Trd, 000074.433, 168
Trd, 000075.600, 165
Trd, 000075.817, 168
Trd, 000076.100, 164
Trd, 000076.850, 167
Trd, 000077.717, 171
Trd, 000077.850, 171
Trd, 000078.100, 172
Trd, 000078.517, 170
Trd, 000078.783, 180
Trd, 000079.550, 175
Trd, 000080.433, 166
Trd, 000080.817, 174
Trd, 000081.050, 169
Trd, 000082.550, 160
Trd, 000082.933, 160
Trd, 000083.033, 151
Trd, 000083.317, 161
Trd, 000083.483, 161
Trd, 000083.667, 162
Trd, 000084.250, 161
Trd, 000084.267, 163
Trd, 000085.950, 161
Trd, 000086.567, 162
Trd, 000086.967, 165
Trd, 000088.217, 155
Trd, 000089.383, 153
Trd, 000089.567, 154
Trd, 000090.100, 155
Trd, 000090.267, 153
Trd, 000090.767, 154
Trd, 000090.850, 158
Trd, 000091.767, 154
Trd, 000092.067, 158
Trd, 000093.700, 158
Trd, 000094.150, 159
Trd, 000095.433, 161
Trd, 000095.933, 163
Trd, 000095.950, 159
Trd, 000096.417, 164
Trd, 000098.300, 163
Trd, 000098.517, 164
Trd, 000099.050, 159
Trd, 000100.117, 162
Trd, 000100.250, 164
Trd, 000102.267, 164
Trd, 000103.267, 162
Trd, 000103.500, 165
Trd, 000103.867, 164
Trd, 000104.417, 162
Trd, 000105.117, 165
Trd, 000105.783, 166
Trd, 000106.117, 162
Trd, 000106.250, 153
Trd, 000106.833, 164
Trd, 000107.433, 159
Trd, 000107.833, 160
Trd, 000108.217, 156
Trd, 000108.283, 156
Trd, 000108.517, 162
Trd, 000109.067, 169
Trd, 000109.250, 176
Trd, 000109.833, 179
Trd, 000109.850, 169
Trd, 000110.583, 170
Trd, 000111.533, 159
Trd, 000114.650, 166
Trd, 000114.967, 163
Trd, 000115.383, 165
Trd, 000115.833, 164
Trd, 000115.850, 165
Trd, 000116.333, 160
Trd, 000116.433, 161
Trd, 000117.117, 163
Trd, 000117.883, 156
Trd, 000118.267, 161
Trd, 000119.083, 159
Trd, 000120.050, 176
Trd, 000120.617, 163
Trd, 000121.550, 165
Trd, 000121.767, 166
Trd, 000121.800, 177
Trd, 000122.133, 162
Trd, 000122.217, 158
Trd, 000122.533, 180
Trd, 000123.817, 153
Trd, 000124.700, 161
Trd, 000125.217, 156
Trd, 000125.583, 154
Trd, 000126.433, 168
Trd, 000127.333, 160
Trd, 000128.317, 162
Trd, 000128.433, 162
Trd, 000128.650, 164
Trd, 000130.100, 169
Trd, 000130.383, 164
Trd, 000131.183, 177
Trd, 000131.400, 177
Trd, 000131.483, 188
Trd, 000133.633, 166
Trd, 000134.617, 166
Trd, 000134.883, 167
Trd, 000135.733, 165
Trd, 000136.000, 164
Trd, 000136.783, 158
Trd, 000136.950, 167
Trd, 000137.767, 159
Trd, 000138.333, 166
Trd, 000139.117, 163
Trd, 000139.200, 164
Trd, 000139.300, 164
Trd, 000139.867, 169
Trd, 000140.550, 171
Trd, 000141.550, 172
Trd, 000141.567, 179
Trd, 000142.350, 180
Trd, 000143.067, 172
Trd, 000144.933, 173
Trd, 000145.467, 172
Trd, 000145.617, 173
Trd, 000145.883, 174
Trd, 000146.033, 175
Trd, 000146.250, 171
Trd, 000146.967, 159
Trd, 000147.533, 159
Trd, 000147.767, 162
Trd, 000147.967, 160
Trd, 000148.350, 162
Trd, 000149.200, 162
Trd, 000150.200, 163
Trd, 000150.600, 163
Trd, 000152.850, 170
Trd, 000153.917, 167
Trd, 000154.067, 167
Trd, 000154.450, 169
Trd, 000155.067, 165
Trd, 000156.583, 164
Trd, 000156.833, 165
Trd, 000157.117, 170
Trd, 000158.083, 167
Trd, 000158.300, 173
Trd, 000158.483, 167
Trd, 000159.600, 169
Trd, 000160.083, 163
Trd, 000160.800, 160
Trd, 000161.567, 168
Trd, 000162.317, 161
Trd, 000162.900, 168
Trd, 000164.350, 168
Trd, 000164.383, 171
Trd, 000165.450, 166
Trd, 000166.933, 164
Trd, 000167.533, 169
Trd, 000167.583, 162
Trd, 000167.600, 170
Trd, 000169.383, 168
Trd, 000169.583, 169
Trd, 000169.750, 170
Trd, 000171.850, 170
Trd, 000172.217, 171
Trd, 000173.133, 178
Trd, 000174.233, 173
Trd, 000175.217, 173
Trd, 000175.750, 173
Trd, 000175.933, 174
Trd, 000176.233, 173
Trd, 000177.650, 169
Trd, 000178.117, 171
Trd, 000179.183, 173
Trd, 000179.733, 174
Trd, 000179.800, 176
Trd, 000180.767, 169
Trd, 000181.483, 174
Trd, 000182.700, 173
Trd, 000183.850, 175
Trd, 000184.150, 175
Trd, 000184.550, 174
Trd, 000184.933, 173
Trd, 000185.050, 175
Trd, 000185.967, 173
Trd, 000186.750, 175
Trd, 000187.100, 172
Trd, 000188.100, 163
Trd, 000189.283, 167
Trd, 000190.017, 167
Trd, 000190.617, 170
Trd, 000191.467, 171
Trd, 000192.500, 170
Trd, 000193.400, 172
Trd, 000194.917, 172
Trd, 000195.050, 171
Trd, 000195.617, 170
Trd, 000195.733, 173
Trd, 000196.167, 168
Trd, 000196.400, 172
Trd, 000196.800, 174
Trd, 000197.033, 177
Trd, 000197.267, 170
Trd, 000197.383, 185
Trd, 000199.217, 171
Trd, 000201.117, 172
Trd, 000201.167, 175
Trd, 000201.183, 178
Trd, 000201.500, 178
Trd, 000202.083, 179
Trd, 000203.450, 177
Trd, 000203.917, 179
Trd, 000204.167, 174
Trd, 000204.900, 173
Trd, 000205.150, 164
Trd, 000205.417, 172
Trd, 000206.717, 166
Trd, 000206.750, 173
Trd, 000207.117, 173
Trd, 000207.600, 175
Trd, 000207.750, 168
Trd, 000208.083, 184
Trd, 000209.267, 179
Trd, 000210.083, 176
Trd, 000210.567, 180
Trd, 000211.567, 180
Trd, 000212.233, 180
Trd, 000212.617, 176
Trd, 000212.783, 181
Trd, 000214.133, 183
Trd, 000214.250, 187
Trd, 000214.317, 181
Trd, 000215.400, 184
Trd, 000215.517, 181
Trd, 000216.483, 183
Trd, 000217.450, 184
Trd, 000217.500, 185
Trd, 000218.100, 181
Trd, 000218.367, 165
Trd, 000218.683, 186
Trd, 000220.300, 174
Trd, 000220.950, 172
Trd, 000221.433, 179
Trd, 000221.767, 164
Trd, 000223.067, 164
Trd, 000223.367, 165
Trd, 000224.600, 166
Trd, 000225.650, 166
Trd, 000225.817, 170
Trd, 000226.000, 167
Trd, 000226.350, 169
Trd, 000226.733, 169
Trd, 000226.983, 170
Trd, 000227.750, 170
Trd, 000228.117, 170
Trd, 000229.550, 169
Trd, 000229.700, 166
Trd, 000230.967, 168
Trd, 000231.317, 169
Trd, 000232.950, 160
Trd, 000233.100, 162
Trd, 000233.217, 165
Trd, 000234.050, 165
Trd, 000234.100, 178
Trd, 000234.883, 170
Trd, 000235.733, 176
Trd, 000236.217, 178
Trd, 000236.433, 171
Trd, 000238.100, 178
Trd, 000238.183, 186
Trd, 000239.233, 179
Trd, 000239.467, 189
Trd, 000240.200, 198
Trd, 000240.300, 186
Trd, 000240.850, 187
Trd, 000240.900, 191
Trd, 000241.700, 187
Trd, 000242.367, 173
Trd, 000242.883, 177
Trd, 000242.900, 175
Trd, 000243.867, 172
Trd, 000244.767, 170
Trd, 000245.183, 175
Trd, 000245.350, 174
Trd, 000245.783, 172
Trd, 000246.533, 174
Trd, 000247.183, 167
Trd, 000247.250, 173
Trd, 000248.267, 173
Trd, 000249.183, 178
Trd, 000250.083, 177
Trd, 000250.400, 178
Trd, 000250.600, 179
Trd, 000250.950, 178
Trd, 000251.083, 177
Trd, 000251.450, 179
Trd, 000251.517, 176
Trd, 000251.533, 173
Trd, 000251.767, 180
Trd, 000252.367, 174
Trd, 000252.450, 173
Trd, 000252.467, 183
Trd, 000252.550, 168
Trd, 000253.717, 179
Trd, 000254.417, 167
Trd, 000254.617, 167
Trd, 000254.950, 176
Trd, 000256.033, 177
Trd, 000256.317, 176
Trd, 000256.783, 177
Trd, 000256.917, 176
Trd, 000257.783, 176
Trd, 000257.983, 175
Trd, 000258.117, 177
Trd, 000259.450, 177
Trd, 000260.267, 177
Trd, 000261.033, 174
Trd, 000261.050, 175
Trd, 000261.150, 179
Trd, 000261.217, 180
Trd, 000261.600, 174
Trd, 000261.967, 175
Trd, 000262.200, 174
Trd, 000262.583, 177
Trd, 000263.267, 178
Trd, 000263.567, 171
Trd, 000264.117, 174
Trd, 000264.450, 178
Trd, 000266.083, 176
Trd, 000266.367, 176
Trd, 000267.233, 175
Trd, 000267.650, 178
Trd, 000268.083, 180
Trd, 000268.133, 176
Trd, 000269.100, 176
Trd, 000269.767, 175
Trd, 000269.867, 176
Trd, 000270.050, 181
Trd, 000270.067, 192
Trd, 000270.367, 190
Trd, 000270.750, 207
Trd, 000271.350, 193
Trd, 000272.217, 181
Trd, 000272.533, 171
Trd, 000272.767, 176
Trd, 000273.167, 172
Trd, 000273.400, 178
Trd, 000273.867, 182
Trd, 000274.483, 181
Trd, 000274.533, 181
Trd, 000274.783, 181
Trd, 000274.867, 179
Trd, 000274.883, 182
Trd, 000275.200, 179
Trd, 000275.350, 186
Trd, 000276.467, 167
Trd, 000276.550, 167
Trd, 000277.500, 190
Trd, 000277.767, 191
Trd, 000277.983, 191
Trd, 000278.333, 178
Trd, 000279.233, 192
Trd, 000280.167, 188
Trd, 000280.600, 190
Trd, 000280.983, 191
Trd, 000281.000, 189
Trd, 000281.400, 191
Trd, 000281.717, 187
Trd, 000282.067, 188
Trd, 000282.667, 187
Trd, 000282.900, 187
Trd, 000282.967, 188
Trd, 000283.133, 192
Trd, 000283.267, 186
Trd, 000283.633, 176
Trd, 000284.483, 181
Trd, 000285.367, 180
Trd, 000286.000, 176
Trd, 000286.500, 176
Trd, 000287.350, 175
Trd, 000287.600, 182
Trd, 000288.033, 172
Trd, 000288.467, 182
Trd, 000288.883, 169
Trd, 000289.183, 169
Trd, 000289.800, 179
Trd, 000289.967, 179
Trd, 000290.133, 180
Trd, 000290.767, 177
Trd, 000290.900, 184
Trd, 000291.583, 174
Trd, 000291.733, 187
Trd, 000292.317, 173
Trd, 000292.467, 196
Trd, 000293.200, 171
Trd, 000294.067, 182
Trd, 000294.267, 184
Trd, 000294.383, 185
Trd, 000294.833, 185
Trd, 000295.467, 177
Trd, 000295.817, 180
Trd, 000296.267, 185
Trd, 000296.350, 194
Trd, 000296.967, 184
Trd, 000297.000, 183
Trd, 000297.617, 189
Trd, 000298.217, 202
Trd, 000298.267, 204
Trd, 000299.950, 201
