Trd, 000000.550, 151
Trd, 000002.200, 124
Trd, 000002.217, 127
Trd, 000002.400, 120
Trd, 000004.833, 161
Trd, 000004.917, 154
Trd, 000005.150, 148
Trd, 000005.350, 160
Trd, 000005.667, 138
Trd, 000005.967, 146
Trd, 000007.150, 158
Trd, 000008.250, 162
Trd, 000008.933, 156
Trd, 000009.317, 155
Trd, 000011.133, 155
Trd, 000011.150, 154
Trd, 000012.400, 152
Trd, 000012.783, 152
Trd, 000013.567, 153
Trd, 000014.117, 149
Trd, 000015.000, 152
Trd, 000016.200, 149
Trd, 000018.150, 152
Trd, 000018.400, 153
Trd, 000019.333, 151
Trd, 000019.417, 152
Trd, 000019.617, 150
Trd, 000020.133, 150
Trd, 000021.433, 149
Trd, 000022.967, 153
Trd, 000023.167, 152
Trd, 000023.450, 151
Trd, 000024.267, 150
Trd, 000024.300, 153
Trd, 000025.017, 154
Trd, 000025.350, 160
Trd, 000025.617, 149
Trd, 000027.233, 153
Trd, 000028.667, 154
Trd, 000028.917, 153
Trd, 000029.033, 147
Trd, 000029.683, 154
Trd, 000030.467, 154
Trd, 000030.783, 151
Trd, 000032.000, 152
Trd, 000032.167, 151
Trd, 000032.233, 153
Trd, 000032.283, 150
Trd, 000032.700, 165
Trd, 000033.300, 148
Trd, 000035.233, 152
Trd, 000035.983, 154
Trd, 000037.933, 153
Trd, 000037.967, 148
Trd, 000038.600, 154
Trd, 000038.617, 155
Trd, 000039.617, 154
Trd, 000039.667, 153
Trd, 000040.833, 155
Trd, 000041.517, 156
Trd, 000042.267, 156
Trd, 000043.350, 173
Trd, 000043.400, 158
Trd, 000044.800, 159
Trd, 000045.017, 162
Trd, 000046.500, 166
Trd, 000046.600, 159
Trd, 000047.567, 160
Trd, 000049.300, 159
Trd, 000050.167, 160
Trd, 000050.850, 157
Trd, 000051.400, 153
Trd, 000051.833, 156
Trd, 000054.767, 155
Trd, 000054.800, 154
Trd, 000055.700, 153
Trd, 000057.000, 155
Trd, 000057.217, 154
Trd, 000058.050, 157
Trd, 000059.600, 158
Trd, 000059.817, 154
Trd, 000060.383, 157
Trd, 000061.250, 153
Trd, 000062.483, 155
Trd, 000062.567, 156
Trd, 000062.717, 154
Trd, 000063.867, 154
Trd, 000065.500, 152
Trd, 000065.533, 150
Trd, 000066.017, 140
Trd, 000067.067, 142
Trd, 000067.467, 149
Trd, 000068.283, 149
Trd, 000069.300, 150
Trd, 000070.783, 151
Trd, 000073.000, 151
Trd, 000073.067, 153
Trd, 000073.650, 152
Trd, 000074.033, 152
Trd, 000074.117, 153
Trd, 000074.150, 152
Trd, 000076.433, 159
Trd, 000076.733, 158
Trd, 000077.650, 164
Trd, 000077.750, 165
Trd, 000078.300, 161
Trd, 000078.317, 159
Trd, 000079.183, 161
Trd, 000079.517, 159
Trd, 000080.100, 159
Trd, 000080.967, 160
Trd, 000081.250, 156
Trd, 000082.733, 158
Trd, 000082.917, 156
Trd, 000083.233, 156
Trd, 000083.900, 157
Trd, 000084.600, 154
Trd, 000085.200, 156
Trd, 000086.633, 156
Trd, 000086.817, 154
Trd, 000087.200, 156
Trd, 000088.250, 156
Trd, 000088.717, 157
Trd, 000089.483, 166
Trd, 000089.933, 168
Trd, 000090.717, 167
Trd, 000090.933, 166
Trd, 000091.133, 168
Trd, 000091.183, 170
Trd, 000091.300, 163
Trd, 000091.567, 161
Trd, 000092.283, 160
Trd, 000094.717, 163
Trd, 000095.083, 162
Trd, 000095.167, 160
Trd, 000096.217, 163
Trd, 000096.883, 159
Trd, 000097.100, 158
Trd, 000099.150, 161
Trd, 000099.217, 158
Trd, 000100.467, 158
Trd, 000100.667, 157
Trd, 000101.900, 154
Trd, 000102.133, 156
Trd, 000102.617, 154
Trd, 000102.917, 159
Trd, 000103.750, 159
Trd, 000104.450, 163
Trd, 000104.833, 158
Trd, 000104.883, 164
Trd, 000104.983, 158
Trd, 000105.300, 159
Trd, 000106.100, 160
Trd, 000109.267, 165
Trd, 000109.350, 163
Trd, 000110.700, 164
Trd, 000110.717, 162
Trd, 000111.017, 161
Trd, 000111.150, 163
Trd, 000112.000, 163
Trd, 000112.783, 168
Trd, 000114.750, 162
Trd, 000115.283, 161
Trd, 000116.100, 160
Trd, 000117.150, 159
Trd, 000117.433, 155
Trd, 000117.483, 160
Trd, 000117.833, 152
Trd, 000118.517, 160
Trd, 000119.833, 155
Trd, 000120.050, 160
Trd, 000120.167, 160
Trd, 000121.167, 168
Trd, 000121.583, 164
Trd, 000122.033, 163
Trd, 000122.317, 163
Trd, 000122.417, 160
Trd, 000124.783, 159
Trd, 000125.417, 162
Trd, 000126.483, 161
Trd, 000128.033, 161
Trd, 000128.233, 162
Trd, 000128.383, 160
Trd, 000129.250, 159
Trd, 000129.433, 161
Trd, 000129.867, 163
Trd, 000130.717, 164
Trd, 000132.200, 166
Trd, 000133.350, 166
Trd, 000133.367, 167
Trd, 000133.517, 166
Trd, 000133.700, 157
Trd, 000135.067, 163
Trd, 000135.100, 161
Trd, 000135.517, 163
Trd, 000135.667, 169
Trd, 000136.867, 169
Trd, 000138.883, 163
Trd, 000139.383, 168
Trd, 000139.433, 160
Trd, 000139.450, 169
Trd, 000141.133, 165
Trd, 000141.883, 163
Trd, 000142.367, 162
Trd, 000142.817, 168
Trd, 000143.117, 166
Trd, 000143.533, 161
Trd, 000144.283, 165
Trd, 000144.500, 160
Trd, 000145.117, 162
Trd, 000145.667, 163
Trd, 000146.133, 158
Trd, 000147.017, 163
Trd, 000147.250, 163
Trd, 000148.350, 159
Trd, 000148.517, 148
Trd, 000151.100, 160
Trd, 000151.200, 159
Trd, 000151.333, 161
Trd, 000152.250, 160
Trd, 000152.500, 162
Trd, 000153.267, 161
Trd, 000153.300, 160
Trd, 000153.550, 159
Trd, 000155.017, 157
Trd, 000156.167, 172
Trd, 000157.767, 166
Trd, 000158.083, 165
Trd, 000158.383, 166
Trd, 000159.033, 159
Trd, 000159.117, 168
Trd, 000160.900, 165
Trd, 000161.100, 168
Trd, 000161.400, 174
Trd, 000161.600, 177
Trd, 000161.633, 160
Trd, 000163.200, 164
Trd, 000163.517, 178
Trd, 000164.550, 165
Trd, 000165.417, 168
Trd, 000166.600, 167
Trd, 000167.017, 168
Trd, 000167.767, 167
Trd, 000167.933, 160
Trd, 000168.750, 165
Trd, 000168.817, 172
Trd, 000168.867, 178
Trd, 000169.400, 162
Trd, 000172.433, 170
Trd, 000173.750, 171
Trd, 000173.983, 172
Trd, 000174.333, 173
Trd, 000175.300, 172
Trd, 000177.800, 174
Trd, 000178.950, 171
Trd, 000179.050, 170
Trd, 000179.350, 175
Trd, 000179.533, 169
Trd, 000180.717, 166
Trd, 000180.883, 171
Trd, 000181.983, 169
Trd, 000182.033, 167
Trd, 000182.633, 171
Trd, 000183.333, 170
Trd, 000183.950, 167
Trd, 000185.017, 169
Trd, 000185.433, 169
Trd, 000185.467, 170
Trd, 000186.767, 166
Trd, 000187.683, 168
Trd, 000188.017, 151
Trd, 000188.450, 163
Trd, 000189.350, 172
Trd, 000189.917, 173
Trd, 000190.450, 169
Trd, 000191.750, 171
Trd, 000191.883, 171
Trd, 000192.550, 175
Trd, 000192.717, 170
Trd, 000194.067, 171
Trd, 000194.917, 170
Trd, 000195.633, 171
Trd, 000195.683, 167
Trd, 000195.983, 164
Trd, 000197.767, 166
Trd, 000198.750, 166
Trd, 000198.933, 163
Trd, 000199.383, 166
Trd, 000199.400, 164
Trd, 000200.617, 165
Trd, 000201.050, 163
Trd, 000201.067, 162
Trd, 000202.133, 164
Trd, 000202.683, 165
Trd, 000203.117, 163
Trd, 000204.133, 166
Trd, 000204.750, 164
Trd, 000205.217, 169
Trd, 000205.517, 166
Trd, 000206.383, 171
Trd, 000206.650, 176
Trd, 000209.567, 179
Trd, 000210.283, 172
Trd, 000211.333, 175
Trd, 000211.667, 176
Trd, 000212.300, 175
Trd, 000212.467, 176
Trd, 000212.983, 178
Trd, 000213.083, 174
Trd, 000213.150, 179
Trd, 000213.400, 165
Trd, 000214.517, 173
Trd, 000214.750, 172
Trd, 000215.400, 169
Trd, 000215.683, 165
Trd, 000216.917, 170
Trd, 000218.900, 172
Trd, 000219.017, 170
Trd, 000219.383, 172
Trd, 000220.217, 170
Trd, 000220.300, 169
Trd, 000220.483, 169
Trd, 000220.950, 170
Trd, 000222.967, 170
Trd, 000223.017, 167
Trd, 000223.933, 166
Trd, 000225.767, 176
Trd, 000226.150, 173
Trd, 000226.383, 178
Trd, 000227.450, 174
Trd, 000227.783, 177
Trd, 000230.100, 175
Trd, 000230.300, 174
Trd, 000231.467, 172
Trd, 000231.733, 174
Trd, 000232.567, 173
Trd, 000232.700, 172
Trd, 000233.033, 174
Trd, 000233.867, 171
Trd, 000234.050, 176
Trd, 000235.733, 171
Trd, 000235.850, 172
Trd, 000236.017, 167
Trd, 000236.183, 177
Trd, 000236.217, 155
Trd, 000238.117, 169
Trd, 000239.050, 168
Trd, 000239.183, 172
Trd, 000239.433, 172
Trd, 000240.667, 168
Trd, 000240.833, 171
Trd, 000240.950, 170
Trd, 000240.983, 171
Trd, 000241.117, 168
Trd, 000241.717, 171
Trd, 000242.500, 171
Trd, 000243.117, 175
Trd, 000243.200, 174
Trd, 000243.250, 171
Trd, 000243.750, 174
Trd, 000244.167, 174
Trd, 000244.567, 173
Trd, 000244.850, 174
Trd, 000245.067, 169
Trd, 000247.133, 168
Trd, 000247.417, 169
Trd, 000248.217, 175
Trd, 000249.117, 173
Trd, 000249.267, 172
Trd, 000249.733, 172
Trd, 000250.150, 173
Trd, 000250.267, 173
Trd, 000250.933, 174
Trd, 000251.233, 173
Trd, 000251.300, 177
Trd, 000252.383, 174
Trd, 000254.267, 178
Trd, 000254.633, 184
Trd, 000254.717, 182
Trd, 000255.433, 181
Trd, 000255.667, 181
Trd, 000255.733, 182
Trd, 000255.833, 181
Trd, 000256.083, 176
Trd, 000256.333, 183
Trd, 000256.883, 177
Trd, 000258.083, 181
Trd, 000259.467, 178
Trd, 000260.033, 179
Trd, 000260.117, 178
Trd, 000260.867, 182
Trd, 000260.967, 183
Trd, 000261.233, 181
Trd, 000261.467, 177
Trd, 000261.850, 181
Trd, 000262.083, 183
Trd, 000263.083, 180
Trd, 000263.317, 180
Trd, 000264.533, 181
Trd, 000265.217, 177
Trd, 000265.433, 180
Trd, 000265.817, 176
Trd, 000266.083, 171
Trd, 000266.367, 179
Trd, 000266.517, 177
Trd, 000266.767, 175
Trd, 000267.017, 172
Trd, 000267.650, 180
Trd, 000268.200, 176
Trd, 000268.433, 176
Trd, 000269.050, 181
Trd, 000270.567, 185
Trd, 000271.367, 182
Trd, 000271.650, 181
Trd, 000271.933, 182
Trd, 000271.983, 179
Trd, 000272.250, 177
Trd, 000272.717, 181
Trd, 000273.333, 175
Trd, 000273.633, 182
Trd, 000273.833, 182
Trd, 000274.100, 183
Trd, 000274.200, 189
Trd, 000274.733, 188
Trd, 000275.033, 184
Trd, 000275.683, 180
Trd, 000276.383, 184
Trd, 000276.717, 185
Trd, 000276.783, 189
Trd, 000276.917, 189
Trd, 000277.217, 183
Trd, 000278.000, 181
Trd, 000278.650, 185
Trd, 000279.133, 185
Trd, 000279.217, 186
Trd, 000279.450, 179
Trd, 000279.683, 180
Trd, 000280.000, 176
Trd, 000280.567, 172
Trd, 000280.817, 169
Trd, 000281.250, 168
Trd, 000282.167, 168
Trd, 000282.467, 168
Trd, 000282.567, 172
Trd, 000283.450, 163
Trd, 000283.833, 169
Trd, 000284.850, 186
Trd, 000284.983, 182
Trd, 000285.833, 189
Trd, 000286.500, 182
Trd, 000286.583, 184
Trd, 000286.950, 187
Trd, 000287.017, 179
Trd, 000287.467, 176
Trd, 000289.317, 181
Trd, 000289.967, 180
Trd, 000289.983, 175
Trd, 000290.033, 182
Trd, 000290.817, 173
Trd, 000291.267, 177
Trd, 000291.517, 173
Trd, 000291.550, 179
Trd, 000291.817, 171
Trd, 000291.917, 180
Trd, 000292.083, 170
Trd, 000292.717, 169
Trd, 000294.783, 180
Trd, 000294.933, 182
Trd, 000295.433, 180
Trd, 000295.550, 178
Trd, 000295.650, 184
Trd, 000295.667, 185
Trd, 000295.850, 187
Trd, 000297.183, 177
Trd, 000297.517, 182
Trd, 000297.783, 183
Trd, 000298.533, 177
Trd, 000299.533, 183
Trd, 000299.733, 181
