Trd, 000000.900, 158
Trd, 000001.150, 126
Trd, 000001.333, 158
Trd, 000002.883, 137
Trd, 000003.233, 135
Trd, 000003.533, 148
Trd, 000004.783, 148
Trd, 000005.017, 151
Trd, 000005.100, 150
Trd, 000005.233, 148
Trd, 000005.933, 152
Trd, 000006.633, 147
Trd, 000006.650, 145
Trd, 000006.817, 142
Trd, 000008.283, 153
Trd, 000008.650, 148
Trd, 000008.767, 159
Trd, 000009.233, 147
Trd, 000009.633, 157
Trd, 000010.383, 161
Trd, 000010.433, 153
Trd, 000010.617, 149
Trd, 000012.067, 144
Trd, 000012.233, 145
Trd, 000012.717, 150
Trd, 000013.517, 149
Trd, 000013.683, 152
Trd, 000014.183, 145
Trd, 000014.217, 180
Trd, 000014.417, 141
Trd, 000015.067, 146
Trd, 000015.367, 146
Trd, 000015.833, 145
Trd, 000016.617, 149
Trd, 000018.250, 150
Trd, 000018.283, 146
Trd, 000019.383, 148
Trd, 000019.450, 148
Trd, 000019.483, 147
Trd, 000019.700, 149
Trd, 000019.817, 149
Trd, 000020.033, 150
Trd, 000020.583, 146
Trd, 000020.850, 144
Trd, 000021.117, 146
Trd, 000022.083, 147
Trd, 000022.433, 147
Trd, 000023.250, 151
Trd, 000024.250, 150
Trd, 000024.700, 149
Trd, 000024.767, 150
Trd, 000025.150, 142
Trd, 000026.217, 134
Trd, 000026.233, 133
Trd, 000026.517, 149
Trd, 000027.483, 151
Trd, 000028.133, 151
Trd, 000028.950, 153
Trd, 000029.117, 149
Trd, 000029.683, 153
Trd, 000029.767, 150
Trd, 000031.217, 150
Trd, 000031.683, 151
Trd, 000031.967, 151
Trd, 000032.100, 152
Trd, 000033.067, 154
Trd, 000033.450, 155
Trd, 000033.733, 175
Trd, 000033.967, 172
Trd, 000034.400, 154
Trd, 000034.433, 154
Trd, 000034.833, 149
Trd, 000034.950, 147
Trd, 000035.367, 156
Trd, 000035.633, 143
Trd, 000036.400, 148
Trd, 000037.800, 150
Trd, 000038.483, 154
Trd, 000038.650, 153
Trd, 000039.250, 152
Trd, 000039.950, 152
Trd, 000040.400, 147
Trd, 000041.817, 152
Trd, 000042.167, 148
Trd, 000042.733, 148
Trd, 000043.033, 152
Trd, 000043.700, 148
Trd, 000043.883, 148
Trd, 000043.983, 151
Trd, 000044.350, 149
Trd, 000045.400, 151
Trd, 000045.700, 152
Trd, 000046.567, 153
Trd, 000046.967, 152
Trd, 000047.600, 154
Trd, 000048.667, 156
Trd, 000048.750, 155
Trd, 000048.950, 155
Trd, 000049.133, 154
Trd, 000049.267, 153
Trd, 000050.500, 149
Trd, 000050.783, 157
Trd, 000052.017, 163
Trd, 000052.200, 159
Trd, 000052.283, 158
Trd, 000053.000, 166
Trd, 000053.333, 159
Trd, 000053.667, 158
Trd, 000054.683, 157
Trd, 000054.767, 153
Trd, 000056.167, 153
Trd, 000056.833, 154
Trd, 000057.200, 152
Trd, 000058.367, 156
Trd, 000058.400, 157
Trd, 000059.000, 154
Trd, 000059.883, 155
Trd, 000059.950, 156
Trd, 000060.233, 156
Trd, 000060.350, 155
Trd, 000060.450, 154
Trd, 000060.950, 157
Trd, 000061.667, 158
Trd, 000061.683, 150
Trd, 000061.900, 146
Trd, 000062.317, 162
Trd, 000063.867, 155
Trd, 000063.900, 161
Trd, 000065.383, 160
Trd, 000065.717, 159
Trd, 000066.417, 156
Trd, 000066.467, 154
Trd, 000067.267, 150
Trd, 000068.000, 137
Trd, 000068.267, 132
Trd, 000068.333, 147
Trd, 000068.367, 148
Trd, 000069.067, 149
Trd, 000069.517, 150
Trd, 000069.783, 150
Trd, 000070.200, 151
Trd, 000070.517, 155
Trd, 000070.717, 148
Trd, 000071.967, 155
Trd, 000072.617, 153
Trd, 000072.850, 150
Trd, 000074.067, 150
Trd, 000074.133, 151
Trd, 000074.167, 149
Trd, 000074.300, 147
Trd, 000074.317, 151
Trd, 000075.533, 141
Trd, 000075.667, 151
Trd, 000076.317, 155
Trd, 000077.550, 161
Trd, 000078.417, 154
Trd, 000078.567, 154
Trd, 000078.667, 152
Trd, 000078.683, 156
Trd, 000079.283, 154
Trd, 000079.483, 155
Trd, 000079.750, 152
Trd, 000080.383, 158
Trd, 000081.933, 153
Trd, 000082.600, 156
Trd, 000083.467, 151
Trd, 000084.200, 151
Trd, 000084.500, 151
Trd, 000084.717, 151
Trd, 000084.833, 152
Trd, 000085.017, 148
Trd, 000085.100, 152
Trd, 000085.883, 154
Trd, 000086.900, 152
Trd, 000087.400, 143
Trd, 000087.650, 143
Trd, 000088.267, 147
Trd, 000089.217, 150
Trd, 000089.833, 150
Trd, 000090.033, 152
Trd, 000090.083, 147
Trd, 000090.133, 139
Trd, 000090.817, 153
Trd, 000091.200, 144
Trd, 000092.083, 159
Trd, 000092.433, 143
Trd, 000093.167, 149
Trd, 000093.817, 150
Trd, 000093.917, 151
Trd, 000094.133, 151
Trd, 000095.133, 147
Trd, 000095.800, 151
Trd, 000096.300, 152
Trd, 000097.467, 151
Trd, 000097.517, 157
Trd, 000097.550, 148
Trd, 000098.033, 168
Trd, 000098.500, 156
Trd, 000098.967, 153
Trd, 000099.500, 150
Trd, 000099.917, 150
Trd, 000100.133, 150
Trd, 000100.783, 153
Trd, 000101.367, 158
Trd, 000101.783, 151
Trd, 000101.967, 161
Trd, 000102.267, 179
Trd, 000102.367, 151
Trd, 000103.517, 170
Trd, 000104.917, 171
Trd, 000105.450, 174
Trd, 000105.600, 168
Trd, 000105.733, 164
Trd, 000106.917, 172
Trd, 000107.017, 171
Trd, 000107.400, 158
Trd, 000107.567, 171
Trd, 000108.333, 167
Trd, 000108.483, 165
Trd, 000108.900, 165
Trd, 000110.733, 168
Trd, 000110.883, 168
Trd, 000111.417, 167
Trd, 000111.467, 164
Trd, 000111.833, 158
Trd, 000112.100, 168
Trd, 000112.350, 167
Trd, 000113.317, 168
Trd, 000114.633, 166
Trd, 000114.850, 167
Trd, 000115.483, 166
Trd, 000115.817, 165
Trd, 000115.933, 164
Trd, 000116.717, 160
Trd, 000118.300, 167
Trd, 000119.233, 164
Trd, 000119.283, 162
Trd, 000119.467, 160
Trd, 000120.133, 157
Trd, 000120.900, 156
Trd, 000121.017, 151
Trd, 000121.100, 159
Trd, 000121.483, 162
Trd, 000122.983, 146
Trd, 000123.417, 146
Trd, 000123.450, 145
Trd, 000123.983, 136
Trd, 000124.367, 160
Trd, 000124.817, 152
Trd, 000125.250, 156
Trd, 000125.800, 157
Trd, 000127.350, 165
Trd, 000127.650, 183
Trd, 000128.283, 164
Trd, 000129.117, 172
Trd, 000129.200, 163
Trd, 000129.917, 153
Trd, 000130.267, 155
Trd, 000130.617, 161
Trd, 000130.867, 165
Trd, 000132.117, 161
Trd, 000132.400, 157
Trd, 000133.467, 157
Trd, 000134.067, 159
Trd, 000134.333, 161
Trd, 000135.450, 160
Trd, 000136.017, 160
Trd, 000137.000, 162
Trd, 000137.183, 163
Trd, 000137.367, 163
Trd, 000137.450, 161
Trd, 000137.500, 164
Trd, 000138.533, 159
Trd, 000138.967, 165
Trd, 000139.700, 162
Trd, 000141.317, 161
Trd, 000141.450, 163
Trd, 000141.550, 159
Trd, 000142.100, 158
Trd, 000142.283, 163
Trd, 000142.400, 165
Trd, 000143.600, 165
Trd, 000144.500, 163
Trd, 000144.967, 162
Trd, 000145.050, 163
Trd, 000145.100, 162
Trd, 000145.383, 161
Trd, 000145.683, 154
Trd, 000146.150, 159
Trd, 000146.200, 162
Trd, 000148.217, 162
Trd, 000148.300, 161
Trd, 000148.533, 160
Trd, 000149.217, 164
Trd, 000150.083, 163
Trd, 000150.867, 166
Trd, 000151.550, 168
Trd, 000151.600, 167
Trd, 000151.933, 167
Trd, 000152.150, 168
Trd, 000153.883, 166
Trd, 000153.933, 163
Trd, 000154.017, 159
Trd, 000154.800, 157
Trd, 000155.000, 158
Trd, 000155.050, 159
Trd, 000155.850, 161
Trd, 000156.000, 164
Trd, 000156.317, 163
Trd, 000156.700, 165
Trd, 000156.767, 162
Trd, 000158.133, 166
Trd, 000158.167, 166
Trd, 000158.333, 162
Trd, 000158.750, 139
Trd, 000159.367, 174
Trd, 000160.450, 166
Trd, 000161.000, 166
Trd, 000161.150, 164
Trd, 000162.267, 166
Trd, 000162.833, 167
Trd, 000163.250, 164
Trd, 000163.750, 160
Trd, 000164.283, 160
Trd, 000164.617, 159
Trd, 000165.133, 161
Trd, 000165.350, 160
Trd, 000165.383, 159
Trd, 000165.400, 163
Trd, 000165.467, 157
Trd, 000166.233, 156
Trd, 000167.700, 152
Trd, 000167.967, 154
Trd, 000168.150, 157
Trd, 000168.983, 155
Trd, 000169.217, 158
Trd, 000169.733, 164
Trd, 000170.733, 161
Trd, 000171.083, 154
Trd, 000171.467, 165
Trd, 000171.683, 157
Trd, 000172.517, 160
Trd, 000174.050, 160
Trd, 000174.367, 163
Trd, 000174.633, 161
Trd, 000174.967, 160
Trd, 000175.783, 163
Trd, 000176.233, 162
Trd, 000176.483, 161
Trd, 000176.800, 165
Trd, 000177.917, 162
Trd, 000177.933, 166
Trd, 000178.567, 163
Trd, 000179.050, 167
Trd, 000179.483, 162
Trd, 000180.150, 158
Trd, 000180.267, 166
Trd, 000181.017, 166
Trd, 000181.233, 165
Trd, 000181.350, 166
Trd, 000181.900, 164
Trd, 000182.017, 163
Trd, 000182.717, 162
Trd, 000182.767, 167
Trd, 000182.800, 162
Trd, 000183.683, 152
Trd, 000184.000, 155
Trd, 000185.633, 164
Trd, 000185.933, 161
Trd, 000186.150, 165
Trd, 000186.767, 163
Trd, 000187.633, 164
Trd, 000187.817, 162
Trd, 000188.700, 165
Trd, 000189.267, 166
Trd, 000189.600, 163
Trd, 000189.750, 162
Trd, 000190.100, 165
Trd, 000191.967, 163
Trd, 000192.083, 166
Trd, 000193.350, 164
Trd, 000194.217, 163
Trd, 000194.300, 161
Trd, 000194.350, 167
Trd, 000195.117, 167
Trd, 000195.667, 161
Trd, 000196.050, 161
Trd, 000196.067, 159
Trd, 000196.100, 162
Trd, 000196.833, 161
Trd, 000197.883, 155
Trd, 000198.167, 155
Trd, 000198.233, 154
Trd, 000198.700, 157
Trd, 000199.867, 164
Trd, 000201.033, 159
Trd, 000201.133, 162
Trd, 000201.233, 160
Trd, 000201.283, 162
Trd, 000201.683, 159
Trd, 000202.533, 159
Trd, 000202.700, 161
Trd, 000203.667, 162
Trd, 000203.683, 160
Trd, 000203.700, 163
Trd, 000204.033, 159
Trd, 000204.567, 164
Trd, 000204.650, 168
Trd, 000205.033, 158
Trd, 000207.817, 179
Trd, 000207.917, 178
Trd, 000208.050, 169
Trd, 000208.200, 168
Trd, 000209.050, 155
Trd, 000209.500, 157
Trd, 000210.000, 154
Trd, 000210.050, 155
Trd, 000210.167, 158
Trd, 000210.200, 151
Trd, 000211.783, 161
Trd, 000211.967, 165
Trd, 000212.583, 168
Trd, 000213.267, 161
Trd, 000213.467, 164
Trd, 000214.000, 167
Trd, 000214.183, 169
Trd, 000215.250, 171
Trd, 000215.433, 170
Trd, 000215.517, 163
Trd, 000216.733, 165
Trd, 000217.733, 172
Trd, 000218.350, 170
Trd, 000218.683, 168
Trd, 000218.850, 165
Trd, 000218.950, 164
Trd, 000219.583, 163
Trd, 000219.650, 162
Trd, 000219.883, 167
Trd, 000220.000, 167
Trd, 000220.050, 152
Trd, 000221.317, 164
Trd, 000222.367, 163
Trd, 000222.600, 166
Trd, 000222.900, 156
Trd, 000223.250, 167
Trd, 000224.817, 160
Trd, 000225.050, 160
Trd, 000225.267, 162
Trd, 000225.383, 160
Trd, 000225.517, 163
Trd, 000225.833, 165
Trd, 000226.483, 166
Trd, 000226.733, 161
Trd, 000227.767, 169
Trd, 000227.900, 170
Trd, 000228.017, 168
Trd, 000228.767, 171
Trd, 000229.850, 167
Trd, 000230.500, 171
Trd, 000230.650, 167
Trd, 000230.983, 170
Trd, 000231.100, 169
Trd, 000231.150, 166
Trd, 000231.533, 171
Trd, 000231.983, 167
Trd, 000232.233, 174
Trd, 000234.367, 170
Trd, 000234.600, 169
Trd, 000234.933, 167
Trd, 000235.067, 166
Trd, 000235.583, 171
Trd, 000236.533, 165
Trd, 000236.650, 165
Trd, 000237.533, 167
Trd, 000238.267, 166
Trd, 000239.350, 162
Trd, 000240.000, 168
Trd, 000240.117, 167
Trd, 000240.183, 169
Trd, 000240.433, 166
Trd, 000240.667, 168
Trd, 000241.050, 170
Trd, 000241.250, 170
Trd, 000241.533, 170
Trd, 000241.800, 172
Trd, 000241.917, 175
Trd, 000242.133, 173
Trd, 000242.600, 176
Trd, 000242.900, 174
Trd, 000243.083, 176
Trd, 000243.350, 182
Trd, 000243.500, 173
Trd, 000243.733, 172
Trd, 000244.683, 177
Trd, 000245.750, 173
Trd, 000245.800, 172
Trd, 000246.300, 174
Trd, 000247.067, 172
Trd, 000247.317, 172
Trd, 000247.467, 175
Trd, 000247.667, 173
Trd, 000248.350, 171
Trd, 000248.750, 169
Trd, 000249.950, 169
Trd, 000250.500, 169
Trd, 000250.633, 167
Trd, 000250.667, 169
Trd, 000250.850, 173
Trd, 000251.200, 176
Trd, 000251.400, 178
Trd, 000251.650, 183
Trd, 000251.833, 183
Trd, 000252.183, 186
Trd, 000252.417, 183
Trd, 000253.050, 179
Trd, 000253.633, 178
Trd, 000254.000, 173
Trd, 000254.600, 173
Trd, 000254.633, 178
Trd, 000255.700, 166
Trd, 000256.583, 175
Trd, 000256.683, 173
Trd, 000256.817, 176
Trd, 000256.900, 178
Trd, 000257.533, 177
Trd, 000257.933, 175
Trd, 000258.150, 176
Trd, 000258.300, 174
Trd, 000258.717, 170
Trd, 000259.383, 170
Trd, 000259.667, 168
Trd, 000259.900, 167
Trd, 000260.300, 170
Trd, 000260.767, 170
Trd, 000261.683, 171
Trd, 000262.483, 181
Trd, 000263.033, 181
Trd, 000263.183, 182
Trd, 000263.333, 180
Trd, 000264.083, 180
Trd, 000264.417, 179
Trd, 000264.500, 177
Trd, 000264.650, 179
Trd, 000264.733, 170
Trd, 000265.267, 177
Trd, 000265.583, 174
Trd, 000266.367, 174
Trd, 000266.867, 175
Trd, 000267.250, 175
Trd, 000267.367, 174
Trd, 000268.150, 176
Trd, 000268.167, 182
Trd, 000268.467, 174
Trd, 000269.467, 180
Trd, 000269.667, 185
Trd, 000269.833, 184
Trd, 000270.333, 184
Trd, 000270.967, 179
Trd, 000271.367, 175
Trd, 000272.767, 175
Trd, 000272.883, 173
Trd, 000273.100, 177
Trd, 000273.633, 178
Trd, 000273.850, 177
Trd, 000273.883, 171
Trd, 000274.050, 176
Trd, 000274.433, 167
Trd, 000274.667, 175
Trd, 000274.717, 179
Trd, 000274.950, 181
Trd, 000275.633, 179
Trd, 000276.483, 179
Trd, 000276.667, 178
Trd, 000276.967, 183
Trd, 000277.400, 180
Trd, 000277.717, 179
Trd, 000278.017, 179
Trd, 000278.200, 180
Trd, 000278.900, 177
Trd, 000278.933, 172
Trd, 000279.850, 176
Trd, 000280.467, 173
Trd, 000280.583, 166
Trd, 000280.650, 176
Trd, 000280.983, 177
Trd, 000281.683, 182
Trd, 000281.850, 186
Trd, 000282.150, 186
Trd, 000282.317, 182
Trd, 000283.450, 176
Trd, 000283.933, 181
Trd, 000284.300, 182
Trd, 000284.583, 182
Trd, 000284.750, 181
Trd, 000284.950, 182
Trd, 000285.050, 185
Trd, 000285.133, 181
Trd, 000285.250, 182
Trd, 000285.467, 180
Trd, 000285.983, 186
Trd, 000286.250, 179
Trd, 000286.433, 176
Trd, 000286.883, 184
Trd, 000287.617, 177
Trd, 000287.683, 173
Trd, 000288.450, 185
Trd, 000289.117, 174
Trd, 000289.200, 185
Trd, 000289.383, 186
Trd, 000289.433, 173
Trd, 000289.833, 176
Trd, 000289.967, 172
Trd, 000290.300, 170
Trd, 000290.967, 171
Trd, 000291.317, 172
Trd, 000292.100, 173
Trd, 000292.117, 175
Trd, 000293.567, 171
Trd, 000293.683, 172
Trd, 000293.750, 173
Trd, 000294.150, 177
Trd, 000294.583, 174
Trd, 000294.633, 173
Trd, 000294.667, 177
Trd, 000294.717, 172
Trd, 000295.317, 180
Trd, 000295.767, 180
Trd, 000295.900, 187
Trd, 000296.350, 179
Trd, 000296.450, 186
Trd, 000296.967, 173
Trd, 000298.250, 174
Trd, 000298.333, 179
Trd, 000298.550, 181
Trd, 000298.667, 171
Trd, 000298.933, 182
Trd, 000299.050, 192
Trd, 000299.067, 173
Trd, 000299.150, 169
