Trd, 000001.133, 193
Trd, 000002.100, 167
Trd, 000002.117, 172
Trd, 000003.050, 166
Trd, 000003.183, 165
Trd, 000005.233, 158
Trd, 000005.883, 155
Trd, 000006.550, 156
Trd, 000006.817, 154
Trd, 000007.850, 155
Trd, 000007.950, 156
Trd, 000008.317, 158
Trd, 000009.000, 153
Trd, 000009.250, 154
Trd, 000009.467, 152
Trd, 000009.517, 152
Trd, 000009.667, 157
Trd, 000010.300, 150
Trd, 000010.317, 159
Trd, 000010.550, 151
Trd, 000012.367, 148
Trd, 000012.433, 149
Trd, 000013.133, 147
Trd, 000013.967, 151
Trd, 000014.550, 145
Trd, 000014.917, 151
Trd, 000015.083, 146
Trd, 000015.633, 151
Trd, 000015.800, 152
Trd, 000015.900, 144
Trd, 000016.200, 153
Trd, 000018.133, 152
Trd, 000018.483, 144
Trd, 000019.500, 144
Trd, 000019.733, 149
Trd, 000020.183, 151
Trd, 000020.417, 145
Trd, 000020.500, 152
Trd, 000022.633, 146
Trd, 000022.683, 150
Trd, 000022.967, 151
Trd, 000023.050, 146
Trd, 000024.033, 151
Trd, 000024.717, 148
Trd, 000025.167, 152
Trd, 000025.900, 151
Trd, 000026.717, 152
Trd, 000027.317, 148
Trd, 000028.417, 148
Trd, 000029.333, 144
Trd, 000029.767, 145
Trd, 000030.267, 145
Trd, 000030.283, 144
Trd, 000030.367, 150
Trd, 000030.883, 151
Trd, 000030.933, 140
Trd, 000031.067, 151
Trd, 000033.100, 150
Trd, 000033.233, 150
Trd, 000034.083, 150
Trd, 000034.117, 151
Trd, 000035.050, 151
Trd, 000035.633, 150
Trd, 000036.067, 150
Trd, 000036.533, 148
Trd, 000037.383, 149
Trd, 000037.867, 150
Trd, 000038.967, 153
Trd, 000039.317, 152
Trd, 000039.467, 153
Trd, 000039.600, 150
Trd, 000040.100, 150
Trd, 000041.583, 149
Trd, 000041.850, 151
Trd, 000043.083, 146
Trd, 000043.367, 150
Trd, 000043.433, 138
Trd, 000044.000, 142
Trd, 000044.483, 151
Trd, 000044.950, 147
Trd, 000045.283, 147
Trd, 000045.650, 152
Trd, 000046.083, 146
Trd, 000046.783, 153
Trd, 000047.267, 145
Trd, 000047.683, 154
Trd, 000048.750, 145
Trd, 000049.133, 156
Trd, 000050.000, 143
Trd, 000050.150, 157
Trd, 000050.200, 158
Trd, 000051.500, 176
Trd, 000051.667, 157
Trd, 000051.983, 156
Trd, 000052.417, 161
Trd, 000053.133, 154
Trd, 000053.383, 153
Trd, 000053.517, 150
Trd, 000053.683, 148
Trd, 000053.900, 156
Trd, 000054.250, 157
Trd, 000055.800, 154
Trd, 000055.950, 157
Trd, 000056.100, 151
Trd, 000057.583, 155
Trd, 000057.800, 151
Trd, 000058.283, 150
Trd, 000059.133, 154
Trd, 000059.750, 153
Trd, 000061.633, 153
Trd, 000062.067, 153
Trd, 000062.133, 153
Trd, 000062.350, 154
Trd, 000062.517, 152
Trd, 000063.667, 153
Trd, 000064.417, 152
Trd, 000065.700, 151
Trd, 000065.733, 154
Trd, 000065.750, 148
Trd, 000066.600, 155
Trd, 000067.317, 149
Trd, 000068.617, 150
Trd, 000068.633, 155
Trd, 000069.683, 156
Trd, 000070.550, 150
Trd, 000070.567, 157
Trd, 000071.133, 149
Trd, 000071.217, 156
Trd, 000071.583, 153
Trd, 000071.817, 147
Trd, 000072.300, 156
Trd, 000072.500, 158
Trd, 000072.883, 153
Trd, 000073.950, 153
Trd, 000074.467, 152
Trd, 000074.850, 155
Trd, 000075.467, 155
Trd, 000075.517, 156
Trd, 000077.200, 158
Trd, 000078.767, 155
Trd, 000078.800, 156
Trd, 000079.100, 156
Trd, 000079.967, 159
Trd, 000080.400, 156
Trd, 000081.067, 154
Trd, 000081.767, 149
Trd, 000082.133, 157
Trd, 000082.417, 159
Trd, 000082.717, 159
Trd, 000083.450, 150
Trd, 000085.483, 154
Trd, 000085.583, 153
Trd, 000085.833, 155
Trd, 000086.033, 156
Trd, 000086.317, 153
Trd, 000087.950, 156
Trd, 000088.000, 159
Trd, 000088.467, 159
Trd, 000088.533, 167
Trd, 000088.583, 150
Trd, 000089.367, 160
Trd, 000089.850, 158
Trd, 000090.633, 160
Trd, 000091.983, 157
Trd, 000092.100, 156
Trd, 000092.700, 156
Trd, 000092.783, 155
Trd, 000092.950, 157
Trd, 000093.367, 158
Trd, 000093.683, 171
Trd, 000094.383, 155
Trd, 000095.417, 154
Trd, 000096.267, 157
Trd, 000096.550, 154
Trd, 000097.733, 154
Trd, 000097.800, 150
Trd, 000098.700, 158
Trd, 000098.917, 160
Trd, 000099.117, 153
Trd, 000100.217, 158
Trd, 000100.517, 157
Trd, 000102.517, 158
Trd, 000102.900, 154
Trd, 000103.067, 156
Trd, 000103.983, 157
Trd, 000104.183, 151
Trd, 000104.650, 149
Trd, 000105.567, 155
Trd, 000105.583, 156
Trd, 000106.317, 151
Trd, 000106.650, 156
Trd, 000107.467, 156
Trd, 000107.683, 157
Trd, 000107.900, 152
Trd, 000107.950, 159
Trd, 000109.983, 155
Trd, 000110.467, 151
Trd, 000111.583, 152
Trd, 000111.717, 151
Trd, 000112.600, 152
Trd, 000112.867, 152
Trd, 000113.167, 152
Trd, 000113.583, 150
Trd, 000116.017, 152
Trd, 000116.050, 151
Trd, 000116.083, 152
Trd, 000116.483, 150
Trd, 000117.833, 152
Trd, 000117.983, 148
Trd, 000118.317, 152
Trd, 000118.417, 147
Trd, 000118.800, 151
Trd, 000120.033, 155
Trd, 000120.750, 157
Trd, 000121.033, 160
Trd, 000121.267, 154
Trd, 000121.467, 153
Trd, 000121.867, 149
Trd, 000123.350, 156
Trd, 000123.883, 147
Trd, 000124.633, 154
Trd, 000125.367, 154
Trd, 000125.917, 156
Trd, 000126.200, 149
Trd, 000127.033, 150
Trd, 000127.117, 150
Trd, 000127.383, 151
Trd, 000127.600, 158
Trd, 000128.400, 171
Trd, 000128.817, 161
Trd, 000129.000, 164
Trd, 000129.667, 163
Trd, 000130.900, 169
Trd, 000131.133, 170
Trd, 000131.367, 169
Trd, 000131.683, 168
Trd, 000133.517, 169
Trd, 000134.250, 168
Trd, 000134.550, 169
Trd, 000135.000, 168
Trd, 000135.033, 167
Trd, 000135.583, 169
Trd, 000135.700, 166
Trd, 000135.967, 172
Trd, 000136.900, 169
Trd, 000137.617, 167
Trd, 000138.017, 155
Trd, 000138.200, 170
Trd, 000139.267, 157
Trd, 000139.900, 156
Trd, 000140.333, 164
Trd, 000141.350, 163
Trd, 000141.500, 160
Trd, 000141.700, 165
Trd, 000142.167, 162
Trd, 000143.000, 166
Trd, 000143.383, 171
Trd, 000143.600, 172
Trd, 000143.750, 185
Trd, 000144.417, 173
Trd, 000144.650, 163
Trd, 000145.767, 165
Trd, 000145.850, 164
Trd, 000146.383, 163
Trd, 000146.583, 159
Trd, 000146.700, 155
Trd, 000147.317, 164
Trd, 000147.733, 167
Trd, 000149.300, 160
Trd, 000149.900, 165
Trd, 000151.767, 162
Trd, 000152.467, 162
Trd, 000153.467, 163
Trd, 000153.850, 164
Trd, 000153.867, 161
Trd, 000154.417, 164
Trd, 000155.500, 164
Trd, 000155.633, 161
Trd, 000156.017, 161
Trd, 000156.350, 160
Trd, 000156.917, 160
Trd, 000157.117, 158
Trd, 000157.267, 161
Trd, 000157.767, 157
Trd, 000157.983, 164
Trd, 000158.583, 165
Trd, 000160.350, 161
Trd, 000161.200, 166
Trd, 000161.317, 167
Trd, 000161.733, 161
Trd, 000162.217, 164
Trd, 000162.533, 166
Trd, 000162.983, 164
Trd, 000163.800, 162
Trd, 000164.350, 161
Trd, 000165.350, 167
Trd, 000165.417, 157
Trd, 000165.800, 156
Trd, 000166.550, 163
Trd, 000167.417, 165
Trd, 000167.783, 164
Trd, 000168.617, 164
Trd, 000169.033, 163
Trd, 000169.267, 165
Trd, 000169.400, 161
Trd, 000169.600, 165
Trd, 000170.367, 156
Trd, 000171.200, 151
Trd, 000171.850, 166
Trd, 000172.033, 158
Trd, 000173.300, 167
Trd, 000173.517, 166
Trd, 000174.050, 163
Trd, 000174.200, 165
Trd, 000174.817, 160
Trd, 000175.333, 163
Trd, 000175.783, 165
Trd, 000176.133, 160
Trd, 000176.267, 174
Trd, 000177.300, 168
Trd, 000178.000, 161
Trd, 000178.850, 161
Trd, 000179.617, 164
Trd, 000179.767, 162
Trd, 000180.650, 163
Trd, 000181.467, 160
Trd, 000182.017, 164
Trd, 000182.583, 164
Trd, 000182.733, 163
Trd, 000182.917, 162
Trd, 000183.367, 163
Trd, 000183.817, 160
Trd, 000184.517, 160
Trd, 000184.567, 165
Trd, 000184.800, 167
Trd, 000185.533, 159
Trd, 000185.883, 165
Trd, 000186.150, 166
Trd, 000187.350, 167
Trd, 000188.067, 191
Trd, 000188.800, 155
Trd, 000188.933, 154
Trd, 000189.667, 160
Trd, 000189.983, 161
Trd, 000190.117, 166
Trd, 000190.983, 163
Trd, 000191.683, 163
Trd, 000193.433, 163
Trd, 000193.883, 160
Trd, 000193.967, 164
Trd, 000194.433, 164
Trd, 000194.833, 162
Trd, 000195.150, 166
Trd, 000197.067, 164
Trd, 000197.150, 163
Trd, 000197.500, 162
Trd, 000197.967, 160
Trd, 000200.083, 162
Trd, 000200.350, 162
Trd, 000200.767, 163
Trd, 000200.950, 161
Trd, 000201.117, 161
Trd, 000201.517, 163
Trd, 000202.333, 163
Trd, 000202.800, 164
Trd, 000203.067, 168
Trd, 000204.033, 170
Trd, 000204.133, 163
Trd, 000204.367, 178
Trd, 000204.500, 182
Trd, 000204.517, 161
Trd, 000205.400, 161
Trd, 000207.217, 169
Trd, 000207.333, 171
Trd, 000207.800, 170
Trd, 000208.800, 171
Trd, 000208.950, 171
Trd, 000209.433, 166
Trd, 000210.267, 167
Trd, 000211.167, 166
Trd, 000211.383, 170
Trd, 000211.800, 166
Trd, 000212.283, 165
Trd, 000212.583, 166
Trd, 000212.750, 168
Trd, 000213.350, 166
Trd, 000213.750, 163
Trd, 000214.317, 172
Trd, 000215.800, 167
Trd, 000217.917, 161
Trd, 000219.050, 165
Trd, 000219.283, 169
Trd, 000219.733, 163
Trd, 000220.033, 163
Trd, 000220.217, 166
Trd, 000220.867, 162
Trd, 000221.800, 167
Trd, 000222.650, 161
Trd, 000222.783, 163
Trd, 000223.050, 161
Trd, 000223.700, 162
Trd, 000224.383, 163
Trd, 000224.900, 164
Trd, 000225.033, 165
Trd, 000225.600, 163
Trd, 000226.783, 166
Trd, 000226.850, 162
Trd, 000227.183, 163
Trd, 000227.333, 161
Trd, 000227.533, 164
Trd, 000228.167, 167
Trd, 000228.350, 171
Trd, 000229.733, 160
Trd, 000229.950, 167
Trd, 000231.983, 170
Trd, 000232.950, 170
Trd, 000233.783, 171
Trd, 000234.467, 167
Trd, 000235.183, 168
Trd, 000235.517, 171
Trd, 000236.100, 172
Trd, 000236.467, 169
Trd, 000236.900, 168
Trd, 000237.350, 173
Trd, 000237.900, 175
Trd, 000237.917, 182
Trd, 000238.017, 168
Trd, 000238.433, 176
Trd, 000238.733, 167
Trd, 000239.817, 167
Trd, 000240.983, 171
Trd, 000241.233, 171
Trd, 000241.417, 169
Trd, 000242.033, 169
Trd, 000242.200, 169
Trd, 000243.000, 168
Trd, 000243.300, 168
Trd, 000243.950, 168
Trd, 000244.033, 169
Trd, 000244.750, 168
Trd, 000244.833, 167
Trd, 000244.933, 169
Trd, 000244.983, 172
Trd, 000245.067, 173
Trd, 000245.167, 175
Trd, 000246.750, 173
Trd, 000247.117, 175
Trd, 000247.700, 175
Trd, 000248.317, 176
Trd, 000248.383, 177
Trd, 000248.583, 187
Trd, 000249.550, 184
Trd, 000249.733, 185
Trd, 000249.817, 183
Trd, 000250.033, 178
Trd, 000250.150, 172
Trd, 000251.217, 175
Trd, 000251.600, 174
Trd, 000251.933, 174
Trd, 000252.517, 169
Trd, 000252.917, 172
Trd, 000253.317, 174
Trd, 000253.467, 172
Trd, 000253.517, 169
Trd, 000253.567, 173
Trd, 000254.783, 174
Trd, 000254.917, 171
Trd, 000256.017, 170
Trd, 000256.117, 174
Trd, 000256.917, 174
Trd, 000257.917, 174
Trd, 000257.950, 175
Trd, 000258.850, 176
Trd, 000258.933, 177
Trd, 000259.267, 177
Trd, 000259.683, 175
Trd, 000260.550, 173
Trd, 000260.650, 173
Trd, 000260.867, 177
Trd, 000261.400, 174
Trd, 000262.100, 177
Trd, 000262.333, 175
Trd, 000263.250, 175
Trd, 000263.550, 175
Trd, 000264.017, 176
Trd, 000264.267, 175
Trd, 000264.767, 181
Trd, 000265.100, 184
Trd, 000265.267, 176
Trd, 000265.933, 177
Trd, 000266.233, 175
Trd, 000267.300, 175
Trd, 000267.417, 176
Trd, 000268.117, 175
Trd, 000268.217, 191
Trd, 000268.650, 185
Trd, 000268.933, 175
Trd, 000270.183, 173
Trd, 000270.950, 180
Trd, 000271.183, 178
Trd, 000271.417, 179
Trd, 000271.450, 181
Trd, 000271.567, 176
Trd, 000271.700, 182
Trd, 000272.233, 182
Trd, 000272.533, 185
Trd, 000272.983, 181
Trd, 000273.233, 181
Trd, 000273.917, 179
Trd, 000274.533, 180
Trd, 000274.867, 181
Trd, 000274.950, 182
Trd, 000275.517, 179
Trd, 000275.600, 180
Trd, 000275.683, 178
Trd, 000276.700, 178
Trd, 000277.133, 178
Trd, 000277.333, 174
Trd, 000277.983, 182
Trd, 000278.533, 185
Trd, 000279.283, 179
Trd, 000279.450, 173
Trd, 000280.383, 172
Trd, 000280.850, 175
Trd, 000281.250, 179
Trd, 000281.867, 178
Trd, 000282.167, 178
Trd, 000282.300, 179
Trd, 000282.567, 178
Trd, 000282.950, 178
Trd, 000283.133, 177
Trd, 000283.150, 172
Trd, 000283.300, 171
Trd, 000283.467, 178
Trd, 000284.050, 174
Trd, 000284.067, 178
Trd, 000284.783, 183
Trd, 000285.267, 180
Trd, 000285.450, 186
Trd, 000285.583, 172
Trd, 000287.033, 169
Trd, 000287.200, 167
Trd, 000287.267, 180
Trd, 000287.967, 180
Trd, 000288.100, 187
Trd, 000288.333, 179
Trd, 000288.467, 184
Trd, 000288.983, 178
Trd, 000289.433, 177
Trd, 000289.683, 180
Trd, 000290.067, 182
Trd, 000290.550, 179
Trd, 000290.733, 180
Trd, 000290.817, 181
Trd, 000291.750, 179
Trd, 000291.767, 180
Trd, 000292.167, 183
Trd, 000292.250, 177
Trd, 000293.717, 180
Trd, 000293.783, 179
Trd, 000294.217, 180
Trd, 000295.250, 179
Trd, 000295.967, 177
Trd, 000296.100, 178
Trd, 000296.567, 178
Trd, 000297.217, 177
Trd, 000297.267, 181
Trd, 000297.917, 176
Trd, 000298.417, 182
Trd, 000299.067, 181
Trd, 000299.083, 184
