Trd, 000001.750, 151
Trd, 000001.983, 149
Trd, 000003.167, 148
Trd, 000003.700, 144
Trd, 000004.050, 146
Trd, 000005.050, 153
Trd, 000005.233, 155
Trd, 000005.283, 148
Trd, 000006.967, 151
Trd, 000008.217, 151
Trd, 000009.033, 153
Trd, 000009.167, 150
Trd, 000009.333, 149
Trd, 000009.383, 152
Trd, 000010.317, 154
Trd, 000010.717, 156
Trd, 000011.283, 150
Trd, 000011.717, 149
Trd, 000012.017, 154
Trd, 000012.333, 155
Trd, 000012.533, 149
Trd, 000015.300, 152
Trd, 000015.367, 156
Trd, 000015.933, 157
Trd, 000016.683, 151
Trd, 000018.117, 157
Trd, 000018.250, 164
Trd, 000018.367, 150
Trd, 000020.083, 151
Trd, 000020.117, 155
Trd, 000020.450, 150
Trd, 000021.650, 150
Trd, 000021.950, 155
Trd, 000023.083, 151
Trd, 000023.167, 157
Trd, 000023.733, 150
Trd, 000024.350, 156
Trd, 000024.367, 150
Trd, 000026.333, 155
Trd, 000027.367, 152
Trd, 000028.833, 151
Trd, 000029.700, 151
Trd, 000029.717, 150
Trd, 000029.817, 155
Trd, 000030.067, 150
Trd, 000030.450, 155
Trd, 000030.900, 157
Trd, 000031.400, 160
Trd, 000033.183, 155
Trd, 000033.200, 152
Trd, 000033.250, 160
Trd, 000034.150, 151
Trd, 000034.767, 153
Trd, 000034.950, 160
Trd, 000035.833, 153
Trd, 000036.683, 158
Trd, 000036.883, 155
Trd, 000037.267, 158
Trd, 000038.467, 156
Trd, 000039.200, 159
Trd, 000039.233, 160
Trd, 000039.700, 155
Trd, 000040.183, 156
Trd, 000040.967, 159
Trd, 000041.617, 159
Trd, 000042.300, 159
Trd, 000042.950, 154
Trd, 000044.683, 152
Trd, 000045.117, 148
Trd, 000045.250, 148
Trd, 000046.050, 149
Trd, 000046.500, 154
Trd, 000046.600, 150
Trd, 000046.850, 154
Trd, 000047.183, 155
Trd, 000048.817, 153
Trd, 000049.883, 153
Trd, 000050.350, 153
Trd, 000050.417, 154
Trd, 000050.900, 153
Trd, 000051.583, 154
Trd, 000052.700, 152
Trd, 000052.717, 151
Trd, 000053.000, 153
Trd, 000053.083, 153
Trd, 000054.267, 152
Trd, 000055.533, 153
Trd, 000055.550, 160
Trd, 000055.883, 151
Trd, 000055.917, 151
Trd, 000056.600, 155
Trd, 000059.133, 161
Trd, 000059.333, 162
Trd, 000059.633, 162
Trd, 000060.217, 160
Trd, 000060.383, 164
Trd, 000061.200, 162
Trd, 000062.800, 159
Trd, 000062.850, 158
Trd, 000063.783, 161
Trd, 000063.967, 162
Trd, 000064.750, 159
Trd, 000064.933, 156
Trd, 000065.417, 160
Trd, 000066.200, 159
Trd, 000066.500, 158
Trd, 000066.583, 161
Trd, 000067.333, 157
Trd, 000067.650, 157
Trd, 000068.150, 157
Trd, 000068.567, 157
Trd, 000068.800, 161
Trd, 000069.200, 164
Trd, 000069.533, 155
Trd, 000070.733, 161
Trd, 000071.100, 163
Trd, 000071.267, 170
Trd, 000071.817, 154
Trd, 000072.000, 168
Trd, 000072.150, 151
Trd, 000072.617, 157
Trd, 000074.150, 162
Trd, 000074.283, 156
Trd, 000075.717, 163
Trd, 000076.700, 163
Trd, 000077.833, 158
Trd, 000078.000, 161
Trd, 000078.400, 161
Trd, 000079.433, 160
Trd, 000080.067, 162
Trd, 000080.450, 159
Trd, 000080.917, 158
Trd, 000080.967, 163
Trd, 000081.217, 158
Trd, 000082.133, 163
Trd, 000083.583, 159
Trd, 000083.850, 158
Trd, 000084.333, 161
Trd, 000084.817, 158
Trd, 000085.900, 158
Trd, 000086.083, 163
Trd, 000087.667, 160
Trd, 000088.067, 158
Trd, 000088.717, 157
Trd, 000088.800, 153
Trd, 000089.617, 158
Trd, 000089.650, 161
Trd, 000089.883, 164
Trd, 000090.683, 163
Trd, 000090.833, 159
Trd, 000092.467, 159
Trd, 000093.000, 159
Trd, 000093.150, 163
Trd, 000093.600, 153
Trd, 000093.683, 164
Trd, 000093.933, 150
Trd, 000094.167, 163
Trd, 000095.383, 163
Trd, 000096.917, 162
Trd, 000097.133, 159
Trd, 000098.933, 171
Trd, 000099.633, 168
Trd, 000099.800, 171
Trd, 000100.050, 167
Trd, 000100.167, 171
Trd, 000100.383, 160
Trd, 000100.483, 160
Trd, 000101.083, 164
Trd, 000101.933, 163
Trd, 000104.050, 163
Trd, 000104.250, 164
Trd, 000104.300, 162
Trd, 000104.333, 162
Trd, 000104.350, 160
Trd, 000104.550, 165
Trd, 000106.067, 166
Trd, 000107.400, 164
Trd, 000107.417, 162
Trd, 000107.667, 161
Trd, 000107.950, 166
Trd, 000108.250, 159
Trd, 000110.300, 156
Trd, 000110.433, 157
Trd, 000110.617, 158
Trd, 000112.467, 158
Trd, 000112.850, 158
Trd, 000113.050, 159
Trd, 000113.650, 159
Trd, 000114.267, 157
Trd, 000114.933, 156
Trd, 000115.483, 159
Trd, 000115.517, 166
Trd, 000116.067, 157
Trd, 000116.400, 155
Trd, 000116.483, 167
Trd, 000116.867, 166
Trd, 000117.317, 160
Trd, 000117.400, 153
Trd, 000117.667, 170
Trd, 000119.167, 162
Trd, 000119.500, 164
Trd, 000119.617, 171
Trd, 000121.617, 172
Trd, 000121.800, 171
Trd, 000122.500, 163
Trd, 000123.450, 162
Trd, 000123.483, 164
Trd, 000123.617, 160
Trd, 000124.817, 162
Trd, 000125.400, 161
Trd, 000125.700, 162
Trd, 000126.017, 162
Trd, 000126.200, 162
Trd, 000128.650, 171
Trd, 000128.667, 161
Trd, 000129.683, 162
Trd, 000130.983, 161
Trd, 000132.117, 162
Trd, 000133.000, 162
Trd, 000133.767, 161
Trd, 000133.900, 161
Trd, 000134.217, 162
Trd, 000134.267, 164
Trd, 000135.767, 160
Trd, 000136.483, 159
Trd, 000137.100, 159
Trd, 000137.467, 159
Trd, 000138.600, 160
Trd, 000139.567, 162
Trd, 000139.733, 163
Trd, 000140.333, 163
Trd, 000140.817, 170
Trd, 000140.833, 161
Trd, 000141.167, 161
Trd, 000141.233, 161
Trd, 000141.383, 162
Trd, 000142.250, 162
Trd, 000142.667, 161
Trd, 000142.733, 162
Trd, 000144.250, 162
Trd, 000145.183, 163
Trd, 000146.017, 162
Trd, 000146.817, 166
Trd, 000147.217, 163
Trd, 000147.267, 169
Trd, 000147.483, 161
Trd, 000147.983, 170
Trd, 000149.617, 163
Trd, 000149.800, 163
Trd, 000150.850, 163
Trd, 000151.017, 162
Trd, 000151.950, 162
Trd, 000152.933, 165
Trd, 000153.583, 164
Trd, 000153.650, 165
Trd, 000155.400, 163
Trd, 000155.600, 163
Trd, 000155.817, 164
Trd, 000156.317, 164
Trd, 000156.350, 165
Trd, 000156.517, 161
Trd, 000156.850, 161
Trd, 000158.967, 164
Trd, 000159.200, 161
Trd, 000159.833, 164
Trd, 000160.117, 168
Trd, 000162.533, 173
Trd, 000162.817, 172
Trd, 000163.217, 171
Trd, 000163.333, 168
Trd, 000163.683, 167
Trd, 000163.700, 174
Trd, 000163.883, 177
Trd, 000164.767, 167
Trd, 000165.633, 175
Trd, 000166.450, 169
Trd, 000166.500, 175
Trd, 000167.867, 170
Trd, 000167.883, 169
Trd, 000167.967, 168
Trd, 000169.000, 167
Trd, 000170.133, 169
Trd, 000170.583, 171
Trd, 000171.017, 168
Trd, 000172.233, 172
Trd, 000172.383, 173
Trd, 000173.200, 167
Trd, 000173.550, 173
Trd, 000174.567, 172
Trd, 000174.700, 167
Trd, 000175.300, 166
Trd, 000176.250, 166
Trd, 000177.950, 170
Trd, 000178.617, 170
Trd, 000178.650, 171
Trd, 000178.733, 169
Trd, 000179.233, 167
Trd, 000179.967, 166
Trd, 000180.733, 171
Trd, 000180.817, 168
Trd, 000181.800, 168
Trd, 000181.983, 172
Trd, 000182.683, 166
Trd, 000184.700, 173
Trd, 000185.767, 168
Trd, 000186.400, 171
Trd, 000186.667, 170
Trd, 000186.883, 173
Trd, 000186.950, 173
Trd, 000187.300, 171
Trd, 000188.017, 174
Trd, 000188.367, 169
Trd, 000190.717, 173
Trd, 000191.000, 174
Trd, 000191.217, 177
Trd, 000191.633, 171
Trd, 000191.700, 171
Trd, 000192.600, 179
Trd, 000193.200, 172
Trd, 000193.733, 172
Trd, 000194.850, 171
Trd, 000195.733, 176
Trd, 000196.433, 175
Trd, 000196.783, 174
Trd, 000197.667, 172
Trd, 000198.300, 170
Trd, 000198.450, 173
Trd, 000198.717, 168
Trd, 000199.050, 164
Trd, 000200.067, 173
Trd, 000200.800, 172
Trd, 000201.317, 175
Trd, 000201.750, 176
Trd, 000202.483, 175
Trd, 000203.517, 173
Trd, 000203.817, 172
Trd, 000204.200, 171
Trd, 000204.383, 174
Trd, 000204.733, 174
Trd, 000204.967, 174
Trd, 000205.750, 171
Trd, 000207.817, 175
Trd, 000209.250, 175
Trd, 000209.600, 173
Trd, 000210.100, 172
Trd, 000211.300, 172
Trd, 000211.667, 171
Trd, 000211.683, 171
Trd, 000212.083, 174
Trd, 000212.533, 176
Trd, 000213.867, 171
Trd, 000215.033, 170
Trd, 000215.633, 170
Trd, 000215.750, 169
Trd, 000215.767, 171
Trd, 000216.500, 172
Trd, 000217.050, 172
Trd, 000217.217, 175
Trd, 000218.483, 171
Trd, 000218.767, 171
Trd, 000219.150, 173
Trd, 000219.300, 171
Trd, 000220.333, 173
Trd, 000221.250, 170
Trd, 000221.367, 179
Trd, 000221.900, 170
Trd, 000222.000, 175
Trd, 000222.800, 166
Trd, 000222.850, 146
Trd, 000223.433, 174
Trd, 000224.217, 161
Trd, 000226.567, 170
Trd, 000227.167, 170
Trd, 000227.533, 170
Trd, 000227.900, 171
Trd, 000228.850, 170
Trd, 000229.417, 172
Trd, 000231.150, 172
Trd, 000231.433, 171
Trd, 000233.217, 169
Trd, 000233.417, 171
Trd, 000233.917, 169
Trd, 000234.350, 171
Trd, 000234.550, 172
Trd, 000235.183, 173
Trd, 000236.017, 180
Trd, 000236.450, 170
Trd, 000236.867, 169
Trd, 000237.800, 169
Trd, 000238.617, 177
Trd, 000238.667, 181
Trd, 000239.667, 171
Trd, 000239.817, 178
Trd, 000240.500, 175
Trd, 000240.983, 176
Trd, 000241.200, 177
Trd, 000241.583, 178
Trd, 000241.700, 179
Trd, 000242.433, 185
Trd, 000242.483, 183
Trd, 000243.067, 180
Trd, 000243.133, 174
Trd, 000243.367, 173
Trd, 000244.000, 181
Trd, 000244.833, 182
Trd, 000245.250, 181
Trd, 000246.300, 181
Trd, 000246.900, 178
Trd, 000246.967, 177
Trd, 000247.300, 176
Trd, 000247.383, 173
Trd, 000247.883, 174
Trd, 000248.083, 168
Trd, 000248.333, 180
Trd, 000248.350, 186
Trd, 000249.200, 190
Trd, 000250.300, 181
Trd, 000251.133, 180
Trd, 000251.183, 176
Trd, 000251.483, 176
Trd, 000252.133, 181
Trd, 000252.850, 175
Trd, 000253.250, 175
Trd, 000254.350, 180
Trd, 000254.767, 183
Trd, 000254.783, 176
Trd, 000255.667, 179
Trd, 000255.800, 177
Trd, 000257.583, 179
Trd, 000258.133, 180
Trd, 000258.250, 176
Trd, 000259.100, 177
Trd, 000259.117, 180
Trd, 000259.583, 180
Trd, 000259.667, 176
Trd, 000260.767, 175
Trd, 000261.417, 177
Trd, 000261.600, 179
Trd, 000261.800, 179
Trd, 000262.283, 175
Trd, 000263.067, 174
Trd, 000263.733, 175
Trd, 000263.883, 177
Trd, 000264.667, 176
Trd, 000264.867, 174
Trd, 000264.967, 176
Trd, 000267.250, 175
Trd, 000267.600, 176
Trd, 000267.767, 177
Trd, 000267.800, 178
Trd, 000268.317, 178
Trd, 000269.133, 182
Trd, 000269.283, 185
Trd, 000270.133, 188
Trd, 000270.400, 190
Trd, 000270.717, 195
Trd, 000271.050, 192
Trd, 000271.200, 199
Trd, 000271.217, 183
Trd, 000271.817, 191
Trd, 000272.417, 187
Trd, 000274.350, 186
Trd, 000274.467, 184
Trd, 000274.550, 182
Trd, 000274.683, 187
Trd, 000274.950, 181
Trd, 000275.100, 176
Trd, 000275.917, 181
Trd, 000276.417, 183
Trd, 000276.450, 185
Trd, 000276.617, 181
Trd, 000276.733, 176
Trd, 000277.267, 169
Trd, 000277.950, 174
Trd, 000278.417, 179
Trd, 000278.933, 176
Trd, 000279.100, 172
Trd, 000280.367, 180
Trd, 000281.400, 182
Trd, 000281.450, 183
Trd, 000282.567, 179
Trd, 000282.800, 176
Trd, 000283.533, 176
Trd, 000283.650, 176
Trd, 000283.950, 179
Trd, 000284.233, 178
Trd, 000284.517, 175
Trd, 000285.383, 175
Trd, 000286.217, 178
Trd, 000286.333, 179
Trd, 000286.650, 180
Trd, 000287.083, 182
Trd, 000287.867, 182
Trd, 000288.100, 184
Trd, 000288.350, 181
Trd, 000288.383, 175
Trd, 000289.867, 184
Trd, 000291.117, 184
Trd, 000291.233, 180
Trd, 000291.950, 183
Trd, 000291.983, 184
Trd, 000292.367, 180
Trd, 000292.600, 185
Trd, 000293.133, 184
Trd, 000293.267, 185
Trd, 000293.450, 184
Trd, 000293.583, 179
Trd, 000295.100, 192
Trd, 000295.383, 179
Trd, 000296.267, 179
Trd, 000296.767, 180
Trd, 000297.033, 181
Trd, 000297.333, 179
Trd, 000297.983, 179
Trd, 000298.000, 175
Trd, 000299.950, 175
