Trd, 000001.783, 188
Trd, 000002.717, 184
Trd, 000003.217, 119
Trd, 000003.517, 166
Trd, 000004.900, 127
Trd, 000006.550, 132
Trd, 000007.017, 137
Trd, 000007.083, 140
Trd, 000007.417, 151
Trd, 000007.567, 140
Trd, 000007.650, 138
Trd, 000008.067, 154
Trd, 000008.633, 143
Trd, 000009.667, 142
Trd, 000009.833, 154
Trd, 000010.850, 142
Trd, 000011.733, 146
Trd, 000012.450, 147
Trd, 000013.017, 149
Trd, 000013.450, 148
Trd, 000013.533, 151
Trd, 000014.117, 147
Trd, 000014.200, 152
Trd, 000014.233, 147
Trd, 000015.483, 147
Trd, 000015.883, 155
Trd, 000015.933, 148
Trd, 000016.033, 155
Trd, 000016.317, 156
Trd, 000016.550, 159
Trd, 000019.133, 161
Trd, 000019.217, 162
Trd, 000019.450, 159
Trd, 000019.600, 159
Trd, 000019.800, 159
Trd, 000019.867, 156
Trd, 000020.350, 155
Trd, 000021.017, 167
Trd, 000021.550, 145
Trd, 000021.617, 145
Trd, 000022.117, 180
Trd, 000022.267, 147
Trd, 000023.700, 159
Trd, 000023.750, 159
Trd, 000024.633, 169
Trd, 000025.950, 162
Trd, 000026.250, 163
Trd, 000026.650, 163
Trd, 000026.667, 167
Trd, 000026.783, 170
Trd, 000027.300, 161
Trd, 000027.617, 179
Trd, 000028.967, 172
Trd, 000029.100, 169
Trd, 000029.300, 166
Trd, 000030.967, 168
Trd, 000031.450, 158
Trd, 000032.000, 166
Trd, 000032.067, 149
Trd, 000033.233, 144
Trd, 000033.400, 144
Trd, 000033.517, 156
Trd, 000033.650, 157
Trd, 000034.233, 153
Trd, 000034.333, 150
Trd, 000034.583, 165
Trd, 000034.817, 144
Trd, 000035.617, 156
Trd, 000036.033, 157
Trd, 000037.200, 155
Trd, 000037.767, 152
Trd, 000038.800, 157
Trd, 000039.200, 159
Trd, 000039.383, 161
Trd, 000040.367, 162
Trd, 000040.517, 161
Trd, 000040.600, 160
Trd, 000040.867, 159
Trd, 000041.117, 183
Trd, 000042.267, 159
Trd, 000043.033, 159
Trd, 000043.333, 167
Trd, 000043.383, 168
Trd, 000043.433, 151
Trd, 000044.300, 147
Trd, 000045.600, 156
Trd, 000046.033, 156
Trd, 000046.150, 157
Trd, 000046.350, 155
Trd, 000046.600, 154
Trd, 000047.783, 157
Trd, 000048.583, 157
Trd, 000049.067, 160
Trd, 000049.200, 163
Trd, 000049.233, 164
Trd, 000049.833, 166
Trd, 000049.850, 170
Trd, 000050.433, 156
Trd, 000051.083, 172
Trd, 000051.550, 156
Trd, 000052.433, 169
Trd, 000053.067, 157
Trd, 000053.417, 157
Trd, 000053.867, 158
Trd, 000054.583, 159
Trd, 000054.783, 160
Trd, 000055.067, 158
Trd, 000055.933, 157
Trd, 000055.950, 160
Trd, 000056.217, 155
Trd, 000057.183, 162
Trd, 000057.383, 153
Trd, 000058.000, 158
Trd, 000059.133, 157
Trd, 000059.167, 158
Trd, 000059.800, 159
Trd, 000060.017, 156
Trd, 000060.200, 161
Trd, 000060.317, 155
Trd, 000060.433, 153
Trd, 000062.017, 158
Trd, 000062.917, 150
Trd, 000064.433, 158
Trd, 000064.967, 159
Trd, 000065.517, 160
Trd, 000065.550, 159
Trd, 000065.767, 174
Trd, 000065.800, 159
Trd, 000066.267, 161
Trd, 000066.283, 160
Trd, 000066.333, 152
Trd, 000067.183, 166
Trd, 000067.317, 169
Trd, 000067.750, 150
Trd, 000068.633, 170
Trd, 000068.950, 155
Trd, 000069.750, 157
Trd, 000070.367, 150
Trd, 000070.533, 158
Trd, 000070.717, 162
Trd, 000071.150, 153
Trd, 000071.950, 158
Trd, 000072.000, 159
Trd, 000072.367, 158
Trd, 000073.000, 156
Trd, 000073.333, 165
Trd, 000074.033, 156
Trd, 000074.533, 156
Trd, 000074.933, 154
Trd, 000075.300, 154
Trd, 000075.483, 158
Trd, 000075.950, 153
Trd, 000076.417, 160
Trd, 000076.483, 151
Trd, 000077.517, 162
Trd, 000077.600, 166
Trd, 000078.217, 174
Trd, 000078.600, 175
Trd, 000079.450, 163
Trd, 000079.700, 163
Trd, 000079.833, 162
Trd, 000079.917, 162
Trd, 000080.517, 161
Trd, 000081.150, 152
Trd, 000082.917, 160
Trd, 000082.967, 161
Trd, 000083.017, 159
Trd, 000083.083, 162
Trd, 000083.250, 168
Trd, 000083.950, 160
Trd, 000085.233, 160
Trd, 000085.917, 160
Trd, 000086.417, 161
Trd, 000086.933, 162
Trd, 000087.583, 162
Trd, 000087.733, 160
Trd, 000087.817, 164
Trd, 000088.150, 155
Trd, 000089.500, 166
Trd, 000089.600, 158
Trd, 000090.033, 167
Trd, 000090.100, 158
Trd, 000090.400, 155
Trd, 000091.150, 156
Trd, 000091.283, 155
Trd, 000091.700, 154
Trd, 000091.833, 152
Trd, 000092.150, 163
Trd, 000092.633, 151
Trd, 000092.650, 164
Trd, 000092.883, 166
Trd, 000093.100, 167
Trd, 000093.300, 151
Trd, 000093.317, 150
Trd, 000095.767, 158
Trd, 000096.583, 157
Trd, 000096.733, 157
Trd, 000096.900, 156
Trd, 000097.367, 168
Trd, 000097.567, 170
Trd, 000098.183, 158
Trd, 000098.883, 158
Trd, 000099.483, 158
Trd, 000099.500, 156
Trd, 000100.433, 163
Trd, 000100.850, 159
Trd, 000101.117, 168
Trd, 000101.317, 158
Trd, 000101.650, 165
Trd, 000102.533, 162
Trd, 000103.017, 163
Trd, 000103.183, 164
Trd, 000103.300, 162
Trd, 000103.567, 164
Trd, 000103.800, 165
Trd, 000103.900, 151
Trd, 000104.083, 168
Trd, 000104.267, 132
Trd, 000104.733, 137
Trd, 000105.517, 150
Trd, 000105.667, 149
Trd, 000105.950, 135
Trd, 000107.917, 133
Trd, 000108.383, 138
Trd, 000108.633, 166
Trd, 000109.483, 173
Trd, 000110.533, 154
Trd, 000111.217, 164
Trd, 000111.983, 164
Trd, 000112.217, 163
Trd, 000112.250, 162
Trd, 000112.433, 165
Trd, 000113.117, 162
Trd, 000114.100, 163
Trd, 000114.200, 161
Trd, 000115.017, 164
Trd, 000115.600, 160
Trd, 000116.200, 166
Trd, 000117.817, 165
Trd, 000117.833, 160
Trd, 000117.983, 166
Trd, 000118.183, 170
Trd, 000119.883, 172
Trd, 000120.017, 167
Trd, 000120.533, 174
Trd, 000120.817, 170
Trd, 000121.100, 168
Trd, 000121.200, 167
Trd, 000121.483, 175
Trd, 000122.067, 169
Trd, 000122.467, 175
Trd, 000122.550, 168
Trd, 000123.067, 177
Trd, 000123.133, 168
Trd, 000123.350, 167
Trd, 000124.700, 173
Trd, 000124.967, 161
Trd, 000125.000, 160
Trd, 000125.783, 159
Trd, 000126.217, 169
Trd, 000126.383, 169
Trd, 000127.133, 171
Trd, 000127.533, 155
Trd, 000128.367, 163
Trd, 000128.500, 162
Trd, 000129.317, 138
Trd, 000129.800, 137
Trd, 000130.367, 140
Trd, 000130.450, 163
Trd, 000131.467, 149
Trd, 000133.450, 159
Trd, 000133.617, 167
Trd, 000133.833, 167
Trd, 000134.167, 156
Trd, 000134.200, 155
Trd, 000135.317, 155
Trd, 000135.383, 154
Trd, 000135.750, 152
Trd, 000136.150, 160
Trd, 000136.233, 164
Trd, 000136.900, 162
Trd, 000137.117, 169
Trd, 000137.567, 172
Trd, 000137.800, 172
Trd, 000138.683, 173
Trd, 000139.100, 163
Trd, 000139.117, 161
Trd, 000140.233, 161
Trd, 000140.550, 160
Trd, 000141.750, 160
Trd, 000142.267, 160
Trd, 000142.717, 163
Trd, 000143.200, 160
Trd, 000143.667, 161
Trd, 000143.850, 163
Trd, 000144.300, 160
Trd, 000144.633, 164
Trd, 000144.683, 161
Trd, 000145.650, 165
Trd, 000146.433, 171
Trd, 000147.017, 163
Trd, 000147.233, 162
Trd, 000147.483, 155
Trd, 000148.117, 125
Trd, 000148.517, 166
Trd, 000149.000, 158
Trd, 000149.650, 166
Trd, 000149.717, 167
Trd, 000150.533, 162
Trd, 000151.050, 163
Trd, 000151.200, 170
Trd, 000153.433, 168
Trd, 000153.517, 169
Trd, 000153.883, 170
Trd, 000154.400, 172
Trd, 000154.533, 173
Trd, 000155.233, 174
Trd, 000156.133, 173
Trd, 000156.350, 174
Trd, 000156.567, 174
Trd, 000156.767, 173
Trd, 000157.517, 163
Trd, 000158.433, 168
Trd, 000158.667, 170
Trd, 000159.417, 143
Trd, 000159.800, 165
Trd, 000160.033, 154
Trd, 000160.417, 171
Trd, 000160.583, 154
Trd, 000160.983, 173
Trd, 000161.483, 158
Trd, 000162.200, 174
Trd, 000162.700, 161
Trd, 000163.083, 162
Trd, 000163.683, 160
Trd, 000164.100, 174
Trd, 000166.500, 175
Trd, 000166.633, 175
Trd, 000166.767, 172
Trd, 000166.817, 172
Trd, 000167.067, 171
Trd, 000167.317, 176
Trd, 000167.433, 177
Trd, 000167.550, 172
Trd, 000168.933, 172
Trd, 000169.867, 173
Trd, 000169.983, 170
Trd, 000170.500, 177
Trd, 000171.367, 173
Trd, 000172.050, 172
Trd, 000172.167, 174
Trd, 000172.633, 164
Trd, 000172.817, 162
Trd, 000174.500, 168
Trd, 000174.817, 168
Trd, 000175.133, 173
Trd, 000175.883, 165
Trd, 000177.617, 165
Trd, 000178.667, 171
Trd, 000178.983, 166
Trd, 000179.217, 172
Trd, 000179.517, 173
Trd, 000180.050, 170
Trd, 000180.317, 167
Trd, 000180.533, 169
Trd, 000180.783, 173
Trd, 000180.817, 165
Trd, 000182.383, 173
Trd, 000182.867, 168
Trd, 000183.367, 172
Trd, 000183.900, 168
Trd, 000184.267, 172
Trd, 000184.600, 173
Trd, 000184.800, 167
Trd, 000186.400, 171
Trd, 000187.033, 175
Trd, 000188.467, 176
Trd, 000188.567, 175
Trd, 000188.600, 177
Trd, 000188.867, 174
Trd, 000190.233, 176
Trd, 000190.567, 179
Trd, 000190.783, 179
Trd, 000190.967, 174
Trd, 000191.033, 174
Trd, 000191.217, 173
Trd, 000191.367, 180
Trd, 000191.550, 166
Trd, 000192.483, 161
Trd, 000192.917, 172
Trd, 000193.283, 174
Trd, 000194.050, 171
Trd, 000195.317, 172
Trd, 000196.083, 173
Trd, 000196.583, 174
Trd, 000197.033, 176
Trd, 000197.783, 176
Trd, 000197.883, 177
Trd, 000198.433, 184
Trd, 000198.767, 175
Trd, 000198.950, 184
Trd, 000199.750, 176
Trd, 000200.483, 175
Trd, 000200.633, 175
Trd, 000200.667, 167
Trd, 000200.750, 182
Trd, 000201.867, 173
Trd, 000202.817, 164
Trd, 000202.917, 178
Trd, 000203.683, 178
Trd, 000203.700, 166
Trd, 000203.783, 179
Trd, 000204.333, 164
Trd, 000204.700, 178
Trd, 000205.667, 168
Trd, 000206.217, 169
Trd, 000206.250, 168
Trd, 000207.800, 170
Trd, 000208.117, 173
Trd, 000208.467, 169
Trd, 000208.767, 170
Trd, 000208.783, 175
Trd, 000209.267, 169
Trd, 000210.450, 174
Trd, 000211.150, 176
Trd, 000211.933, 177
Trd, 000212.483, 175
Trd, 000212.933, 176
Trd, 000213.067, 175
Trd, 000214.017, 179
Trd, 000214.217, 177
Trd, 000214.250, 176
Trd, 000214.633, 168
Trd, 000214.850, 183
Trd, 000214.917, 186
Trd, 000216.450, 175
Trd, 000216.833, 176
Trd, 000217.167, 174
Trd, 000217.467, 172
Trd, 000217.967, 177
Trd, 000218.667, 177
Trd, 000220.417, 177
Trd, 000220.700, 178
Trd, 000221.200, 173
Trd, 000221.683, 173
Trd, 000222.250, 179
Trd, 000222.450, 180
Trd, 000222.633, 173
Trd, 000222.650, 172
Trd, 000223.550, 175
Trd, 000225.333, 174
Trd, 000225.450, 172
Trd, 000226.733, 173
Trd, 000226.967, 172
Trd, 000227.767, 165
Trd, 000227.917, 174
Trd, 000228.150, 174
Trd, 000228.633, 177
Trd, 000228.950, 173
Trd, 000229.100, 167
Trd, 000229.650, 167
Trd, 000230.850, 172
Trd, 000230.917, 168
Trd, 000231.300, 174
Trd, 000232.200, 177
Trd, 000232.333, 176
Trd, 000233.717, 176
Trd, 000234.267, 176
Trd, 000234.567, 177
Trd, 000234.967, 178
Trd, 000235.183, 176
Trd, 000235.233, 173
Trd, 000235.267, 181
Trd, 000235.450, 176
Trd, 000236.200, 190
Trd, 000236.700, 172
Trd, 000237.000, 183
Trd, 000237.233, 191
Trd, 000237.833, 181
Trd, 000238.200, 180
Trd, 000238.583, 173
Trd, 000240.383, 176
Trd, 000240.650, 178
Trd, 000240.950, 177
Trd, 000241.283, 179
Trd, 000241.983, 178
Trd, 000242.433, 176
Trd, 000242.650, 175
Trd, 000243.400, 177
Trd, 000243.967, 174
Trd, 000244.033, 174
Trd, 000244.900, 177
Trd, 000245.283, 174
Trd, 000245.767, 173
Trd, 000245.833, 175
Trd, 000246.350, 173
Trd, 000246.517, 173
Trd, 000246.850, 176
Trd, 000247.267, 173
Trd, 000247.283, 172
Trd, 000247.700, 180
Trd, 000247.783, 182
Trd, 000248.317, 178
Trd, 000248.517, 177
Trd, 000249.400, 178
Trd, 000249.417, 182
Trd, 000249.750, 178
Trd, 000249.883, 179
Trd, 000250.450, 176
Trd, 000251.083, 177
Trd, 000251.383, 172
Trd, 000252.433, 168
Trd, 000252.683, 173
Trd, 000252.917, 175
Trd, 000254.217, 176
Trd, 000254.283, 171
Trd, 000254.383, 180
Trd, 000254.567, 169
Trd, 000254.800, 171
Trd, 000255.000, 179
Trd, 000255.567, 173
Trd, 000255.883, 171
Trd, 000256.133, 171
Trd, 000256.167, 176
Trd, 000256.667, 171
Trd, 000256.900, 170
Trd, 000257.000, 174
Trd, 000257.700, 173
Trd, 000258.183, 174
Trd, 000259.200, 174
Trd, 000259.333, 174
Trd, 000259.383, 169
Trd, 000259.717, 167
Trd, 000260.150, 171
Trd, 000261.000, 171
Trd, 000261.250, 168
Trd, 000261.300, 168
Trd, 000261.400, 174
Trd, 000262.750, 169
Trd, 000262.983, 173
Trd, 000263.417, 173
Trd, 000263.550, 174
Trd, 000263.617, 171
Trd, 000263.717, 169
Trd, 000264.067, 175
Trd, 000264.317, 177
Trd, 000264.950, 172
Trd, 000265.067, 173
Trd, 000265.150, 172
Trd, 000265.217, 169
Trd, 000265.250, 177
Trd, 000266.650, 181
Trd, 000267.217, 184
Trd, 000268.167, 173
Trd, 000268.217, 175
Trd, 000268.650, 178
Trd, 000268.917, 173
Trd, 000269.017, 173
Trd, 000269.300, 174
Trd, 000270.300, 177
Trd, 000270.617, 178
Trd, 000270.700, 178
Trd, 000270.967, 174
Trd, 000271.700, 178
Trd, 000271.783, 173
Trd, 000271.800, 180
Trd, 000271.883, 182
Trd, 000272.917, 178
Trd, 000273.133, 172
Trd, 000273.600, 173
Trd, 000273.983, 180
Trd, 000274.567, 173
Trd, 000274.617, 173
Trd, 000274.767, 173
Trd, 000275.450, 172
Trd, 000275.667, 170
Trd, 000275.767, 169
Trd, 000276.183, 171
Trd, 000276.417, 170
Trd, 000276.533, 175
Trd, 000276.950, 168
Trd, 000277.233, 167
Trd, 000277.867, 171
Trd, 000278.017, 172
Trd, 000278.083, 186
Trd, 000278.600, 178
Trd, 000278.650, 167
Trd, 000279.283, 182
Trd, 000279.367, 175
Trd, 000279.417, 182
Trd, 000280.967, 183
Trd, 000281.450, 180
Trd, 000281.467, 179
Trd, 000281.617, 183
Trd, 000282.483, 183
Trd, 000282.833, 186
Trd, 000283.383, 178
Trd, 000283.700, 179
Trd, 000283.917, 178
Trd, 000284.883, 172
Trd, 000285.000, 179
Trd, 000285.500, 179
Trd, 000285.800, 172
Trd, 000286.033, 171
Trd, 000286.233, 169
Trd, 000286.483, 170
Trd, 000286.667, 172
Trd, 000286.850, 166
Trd, 000287.517, 180
Trd, 000287.917, 182
Trd, 000288.083, 169
Trd, 000288.150, 167
Trd, 000288.317, 176
Trd, 000288.467, 165
Trd, 000289.400, 162
Trd, 000290.000, 177
Trd, 000290.433, 180
Trd, 000290.450, 184
Trd, 000291.117, 180
Trd, 000292.200, 173
Trd, 000293.000, 173
Trd, 000293.133, 177
Trd, 000293.950, 177
Trd, 000294.267, 176
Trd, 000294.483, 173
Trd, 000295.033, 174
Trd, 000295.317, 174
Trd, 000295.683, 178
Trd, 000296.100, 181
Trd, 000296.233, 182
Trd, 000296.417, 173
Trd, 000296.617, 171
Trd, 000296.817, 178
Trd, 000297.233, 169
Trd, 000297.900, 168
Trd, 000298.633, 183
Trd, 000298.850, 181
Trd, 000298.883, 184
