Trd, 000003.183, 148
Trd, 000003.633, 130
Trd, 000003.983, 151
Trd, 000004.217, 141
Trd, 000004.783, 139
Trd, 000005.167, 151
Trd, 000005.817, 143
Trd, 000005.833, 142
Trd, 000006.000, 141
Trd, 000006.233, 158
Trd, 000006.917, 141
Trd, 000007.933, 149
Trd, 000008.233, 153
Trd, 000008.350, 154
Trd, 000008.900, 152
Trd, 000009.133, 154
Trd, 000009.567, 152
Trd, 000010.100, 152
Trd, 000011.100, 160
Trd, 000011.650, 159
Trd, 000011.800, 148
Trd, 000013.350, 141
Trd, 000013.667, 142
Trd, 000013.683, 149
Trd, 000013.933, 150
Trd, 000015.267, 149
Trd, 000015.417, 149
Trd, 000015.633, 149
Trd, 000015.900, 150
Trd, 000016.167, 148
Trd, 000016.217, 144
Trd, 000016.700, 151
Trd, 000016.967, 135
Trd, 000017.950, 160
Trd, 000019.333, 146
Trd, 000019.417, 146
Trd, 000019.833, 152
Trd, 000020.367, 150
Trd, 000020.467, 145
Trd, 000020.700, 150
Trd, 000021.217, 133
Trd, 000022.883, 143
Trd, 000023.067, 149
Trd, 000023.650, 150
Trd, 000024.067, 150
Trd, 000024.617, 150
Trd, 000024.817, 147
Trd, 000025.183, 150
Trd, 000025.583, 154
Trd, 000026.767, 155
Trd, 000026.833, 154
Trd, 000027.017, 157
Trd, 000027.667, 156
Trd, 000027.717, 154
Trd, 000027.967, 161
Trd, 000028.200, 164
Trd, 000029.233, 161
Trd, 000029.617, 162
Trd, 000029.733, 161
Trd, 000030.000, 160
Trd, 000031.117, 158
Trd, 000031.317, 146
Trd, 000033.533, 159
Trd, 000034.233, 158
Trd, 000034.533, 161
Trd, 000035.167, 160
Trd, 000035.250, 158
Trd, 000035.583, 158
Trd, 000035.917, 161
Trd, 000036.667, 148
Trd, 000036.750, 152
Trd, 000036.833, 153
Trd, 000036.883, 161
Trd, 000036.983, 169
Trd, 000037.650, 149
Trd, 000039.083, 165
Trd, 000039.200, 162
Trd, 000040.050, 163
Trd, 000040.783, 154
Trd, 000041.067, 159
Trd, 000042.667, 153
Trd, 000043.083, 157
Trd, 000043.617, 159
Trd, 000043.717, 159
Trd, 000043.850, 158
Trd, 000044.567, 159
Trd, 000045.050, 158
Trd, 000045.400, 159
Trd, 000045.433, 158
Trd, 000045.650, 155
Trd, 000045.933, 129
Trd, 000046.650, 159
Trd, 000047.800, 149
Trd, 000048.417, 152
Trd, 000048.733, 151
Trd, 000049.567, 151
Trd, 000050.033, 147
Trd, 000050.200, 151
Trd, 000050.400, 153
Trd, 000051.517, 160
Trd, 000052.067, 165
Trd, 000052.483, 167
Trd, 000052.583, 158
Trd, 000052.667, 157
Trd, 000053.167, 160
Trd, 000053.650, 158
Trd, 000053.850, 163
Trd, 000053.950, 157
Trd, 000054.100, 156
Trd, 000056.033, 160
Trd, 000056.567, 159
Trd, 000056.717, 153
Trd, 000057.000, 157
Trd, 000057.550, 159
Trd, 000057.617, 152
Trd, 000057.833, 146
Trd, 000060.017, 150
Trd, 000060.117, 152
Trd, 000060.633, 152
Trd, 000060.900, 152
Trd, 000061.283, 152
Trd, 000061.483, 149
Trd, 000062.317, 152
Trd, 000062.650, 153
Trd, 000062.750, 153
Trd, 000063.283, 154
Trd, 000063.900, 161
Trd, 000064.333, 174
Trd, 000064.550, 166
Trd, 000064.567, 173
Trd, 000065.083, 149
Trd, 000065.700, 154
Trd, 000065.833, 150
Trd, 000066.817, 151
Trd, 000066.833, 150
Trd, 000067.017, 154
Trd, 000067.133, 155
Trd, 000067.600, 156
Trd, 000068.500, 156
Trd, 000070.067, 155
Trd, 000070.433, 151
Trd, 000070.700, 153
Trd, 000071.983, 153
Trd, 000072.217, 153
Trd, 000072.250, 154
Trd, 000072.367, 152
Trd, 000073.033, 153
Trd, 000073.983, 159
Trd, 000074.400, 149
Trd, 000074.600, 131
Trd, 000075.700, 138
Trd, 000076.617, 141
Trd, 000077.150, 144
Trd, 000077.783, 146
Trd, 000078.750, 156
Trd, 000079.050, 153
Trd, 000079.450, 152
Trd, 000080.333, 156
Trd, 000080.450, 154
Trd, 000080.567, 163
Trd, 000080.867, 154
Trd, 000081.250, 159
Trd, 000081.833, 161
Trd, 000082.500, 157
Trd, 000082.550, 166
Trd, 000083.367, 161
Trd, 000083.517, 162
Trd, 000083.950, 163
Trd, 000084.183, 164
Trd, 000084.550, 165
Trd, 000084.933, 166
Trd, 000085.850, 163
Trd, 000085.900, 167
Trd, 000086.433, 166
Trd, 000086.583, 159
Trd, 000087.317, 157
Trd, 000087.983, 159
Trd, 000088.200, 161
Trd, 000088.800, 163
Trd, 000088.917, 164
Trd, 000089.383, 152
Trd, 000089.733, 147
Trd, 000091.183, 162
Trd, 000091.833, 161
Trd, 000091.983, 166
Trd, 000092.067, 167
Trd, 000092.117, 160
Trd, 000092.717, 157
Trd, 000092.783, 167
Trd, 000093.250, 146
Trd, 000093.417, 170
Trd, 000093.567, 156
Trd, 000094.500, 147
Trd, 000095.350, 156
Trd, 000095.717, 156
Trd, 000096.417, 150
Trd, 000097.433, 154
Trd, 000097.567, 155
Trd, 000098.633, 154
Trd, 000099.467, 153
Trd, 000100.250, 156
Trd, 000100.333, 156
Trd, 000100.933, 158
Trd, 000102.067, 160
Trd, 000102.233, 153
Trd, 000102.650, 150
Trd, 000102.900, 161
Trd, 000103.217, 151
Trd, 000103.583, 165
Trd, 000103.800, 146
Trd, 000104.000, 162
Trd, 000104.117, 168
Trd, 000104.450, 145
Trd, 000105.400, 136
Trd, 000106.150, 162
Trd, 000106.183, 161
Trd, 000107.033, 160
Trd, 000107.167, 161
Trd, 000107.500, 131
Trd, 000108.750, 152
Trd, 000109.017, 151
Trd, 000109.533, 151
Trd, 000109.967, 152
Trd, 000110.833, 159
Trd, 000111.233, 166
Trd, 000111.467, 163
Trd, 000112.083, 164
Trd, 000112.100, 162
Trd, 000112.417, 165
Trd, 000114.017, 156
Trd, 000114.250, 161
Trd, 000115.133, 158
Trd, 000115.300, 160
Trd, 000115.850, 157
Trd, 000116.017, 162
Trd, 000116.417, 166
Trd, 000117.150, 160
Trd, 000118.600, 161
Trd, 000118.783, 160
Trd, 000119.767, 162
Trd, 000120.017, 159
Trd, 000120.117, 155
Trd, 000120.583, 162
Trd, 000120.900, 163
Trd, 000121.050, 167
Trd, 000121.783, 154
Trd, 000121.867, 149
Trd, 000121.983, 169
Trd, 000124.283, 154
Trd, 000124.567, 154
Trd, 000124.883, 152
Trd, 000124.933, 155
Trd, 000125.150, 155
Trd, 000125.483, 152
Trd, 000125.950, 151
Trd, 000125.983, 157
Trd, 000126.467, 161
Trd, 000126.567, 170
Trd, 000127.017, 166
Trd, 000127.983, 166
Trd, 000128.917, 168
Trd, 000129.083, 169
Trd, 000129.217, 160
Trd, 000129.250, 159
Trd, 000130.133, 159
Trd, 000130.183, 153
Trd, 000130.517, 165
Trd, 000130.883, 166
Trd, 000131.000, 164
Trd, 000131.450, 176
Trd, 000132.183, 154
Trd, 000133.550, 160
Trd, 000133.833, 156
Trd, 000133.900, 153
Trd, 000134.733, 139
Trd, 000134.767, 161
Trd, 000135.217, 148
Trd, 000135.483, 147
Trd, 000135.967, 161
Trd, 000135.983, 169
Trd, 000137.300, 159
Trd, 000137.467, 150
Trd, 000138.033, 160
Trd, 000138.100, 150
Trd, 000138.433, 145
Trd, 000139.117, 161
Trd, 000140.083, 160
Trd, 000140.450, 162
Trd, 000141.183, 157
Trd, 000141.850, 158
Trd, 000142.317, 159
Trd, 000142.567, 154
Trd, 000142.883, 154
Trd, 000143.000, 162
Trd, 000143.317, 169
Trd, 000143.450, 172
Trd, 000144.183, 173
Trd, 000144.383, 172
Trd, 000144.417, 170
Trd, 000146.000, 169
Trd, 000147.833, 166
Trd, 000148.133, 172
Trd, 000148.467, 170
Trd, 000149.717, 162
Trd, 000149.967, 159
Trd, 000150.117, 158
Trd, 000150.250, 163
Trd, 000150.983, 158
Trd, 000153.133, 159
Trd, 000153.717, 159
Trd, 000153.917, 158
Trd, 000154.317, 160
Trd, 000154.850, 158
Trd, 000155.100, 162
Trd, 000156.117, 163
Trd, 000157.183, 162
Trd, 000157.317, 160
Trd, 000157.383, 163
Trd, 000157.567, 157
Trd, 000158.550, 167
Trd, 000158.967, 161
Trd, 000159.233, 159
Trd, 000159.833, 164
Trd, 000160.433, 163
Trd, 000160.683, 159
Trd, 000160.983, 158
Trd, 000161.517, 158
Trd, 000161.633, 163
Trd, 000161.667, 153
Trd, 000162.250, 152
Trd, 000162.600, 171
Trd, 000163.400, 169
Trd, 000164.383, 174
Trd, 000165.483, 168
Trd, 000165.967, 170
Trd, 000166.150, 167
Trd, 000166.517, 165
Trd, 000166.800, 164
Trd, 000167.217, 162
Trd, 000167.567, 161
Trd, 000168.950, 160
Trd, 000169.017, 164
Trd, 000169.383, 166
Trd, 000170.033, 175
Trd, 000170.400, 162
Trd, 000170.717, 164
Trd, 000170.983, 162
Trd, 000172.317, 172
Trd, 000172.550, 165
Trd, 000172.683, 161
Trd, 000172.933, 168
Trd, 000174.133, 158
Trd, 000174.367, 159
Trd, 000174.900, 159
Trd, 000174.967, 163
Trd, 000175.917, 159
Trd, 000177.000, 160
Trd, 000178.400, 160
Trd, 000178.717, 161
Trd, 000178.967, 159
Trd, 000179.317, 161
Trd, 000179.883, 162
Trd, 000179.983, 166
Trd, 000180.317, 169
Trd, 000180.667, 173
Trd, 000181.250, 161
Trd, 000181.617, 164
Trd, 000181.717, 161
Trd, 000181.883, 165
Trd, 000182.117, 166
Trd, 000183.000, 161
Trd, 000184.017, 168
Trd, 000184.500, 158
Trd, 000184.933, 157
Trd, 000185.017, 156
Trd, 000185.033, 169
Trd, 000185.117, 173
Trd, 000185.483, 154
Trd, 000186.617, 164
Trd, 000187.000, 163
Trd, 000187.050, 165
Trd, 000187.500, 152
Trd, 000188.633, 174
Trd, 000189.317, 171
Trd, 000190.417, 166
Trd, 000190.533, 167
Trd, 000190.900, 167
Trd, 000191.083, 167
Trd, 000191.200, 165
Trd, 000191.483, 162
Trd, 000191.867, 166
Trd, 000192.017, 169
Trd, 000192.400, 167
Trd, 000192.717, 158
Trd, 000194.933, 162
Trd, 000195.050, 167
Trd, 000195.483, 164
Trd, 000195.967, 167
Trd, 000196.033, 164
Trd, 000196.733, 161
Trd, 000197.133, 165
Trd, 000197.367, 157
Trd, 000197.517, 166
Trd, 000197.583, 166
Trd, 000197.733, 167
Trd, 000198.233, 158
Trd, 000198.550, 157
Trd, 000199.717, 170
Trd, 000200.250, 167
Trd, 000200.833, 166
Trd, 000201.350, 167
Trd, 000201.917, 163
Trd, 000202.000, 164
Trd, 000202.733, 162
Trd, 000203.083, 166
Trd, 000203.400, 166
Trd, 000204.650, 168
Trd, 000204.950, 172
Trd, 000205.550, 175
Trd, 000206.000, 167
Trd, 000206.867, 171
Trd, 000207.267, 171
Trd, 000207.583, 170
Trd, 000207.817, 167
Trd, 000209.250, 168
Trd, 000209.733, 176
Trd, 000210.400, 169
Trd, 000210.683, 168
Trd, 000210.700, 171
Trd, 000211.100, 172
Trd, 000211.983, 172
Trd, 000212.483, 164
Trd, 000213.667, 177
Trd, 000213.800, 159
Trd, 000214.017, 179
Trd, 000214.400, 172
Trd, 000214.717, 163
Trd, 000214.850, 181
Trd, 000215.033, 157
Trd, 000215.733, 167
Trd, 000216.500, 148
Trd, 000216.567, 146
Trd, 000217.350, 148
Trd, 000218.083, 158
Trd, 000218.633, 160
Trd, 000219.000, 157
Trd, 000219.883, 159
Trd, 000220.100, 167
Trd, 000220.433, 155
Trd, 000220.583, 154
Trd, 000221.283, 170
Trd, 000221.583, 173
Trd, 000221.667, 174
Trd, 000222.683, 175
Trd, 000224.433, 172
Trd, 000224.667, 168
Trd, 000224.800, 173
Trd, 000224.867, 175
Trd, 000225.200, 168
Trd, 000226.233, 170
Trd, 000227.033, 165
Trd, 000227.967, 168
Trd, 000228.917, 166
Trd, 000229.383, 167
Trd, 000229.417, 167
Trd, 000230.600, 167
Trd, 000230.833, 170
Trd, 000230.900, 171
Trd, 000230.983, 167
Trd, 000231.200, 166
Trd, 000231.450, 171
Trd, 000231.767, 178
Trd, 000232.733, 177
Trd, 000232.783, 175
Trd, 000233.200, 184
Trd, 000233.750, 175
Trd, 000234.183, 176
Trd, 000235.000, 174
Trd, 000235.150, 178
Trd, 000235.917, 168
Trd, 000236.083, 182
Trd, 000236.183, 182
Trd, 000236.767, 166
Trd, 000237.550, 159
Trd, 000237.717, 175
Trd, 000237.883, 175
Trd, 000238.500, 182
Trd, 000240.000, 170
Trd, 000240.100, 171
Trd, 000240.183, 170
Trd, 000240.250, 168
Trd, 000240.367, 170
Trd, 000240.467, 170
Trd, 000241.450, 179
Trd, 000242.267, 181
Trd, 000242.317, 179
Trd, 000242.600, 186
Trd, 000242.650, 179
Trd, 000242.917, 167
Trd, 000243.467, 194
Trd, 000243.533, 191
Trd, 000244.067, 167
Trd, 000244.500, 190
Trd, 000244.567, 164
Trd, 000245.433, 177
Trd, 000245.567, 176
Trd, 000245.700, 182
Trd, 000245.933, 181
Trd, 000246.483, 175
Trd, 000246.833, 183
Trd, 000246.917, 160
Trd, 000247.017, 182
Trd, 000247.583, 166
Trd, 000248.383, 170
Trd, 000248.600, 179
Trd, 000248.650, 186
Trd, 000249.567, 174
Trd, 000250.000, 175
Trd, 000250.250, 179
Trd, 000251.350, 180
Trd, 000251.400, 178
Trd, 000251.500, 180
Trd, 000251.567, 177
Trd, 000251.617, 183
Trd, 000251.683, 176
Trd, 000251.800, 191
Trd, 000251.850, 168
Trd, 000252.533, 183
Trd, 000252.817, 166
Trd, 000253.533, 176
Trd, 000253.900, 174
Trd, 000254.233, 176
Trd, 000254.633, 176
Trd, 000255.100, 174
Trd, 000255.700, 177
Trd, 000255.850, 179
Trd, 000256.250, 179
Trd, 000256.517, 180
Trd, 000256.717, 179
Trd, 000257.183, 169
Trd, 000257.667, 168
Trd, 000257.917, 187
Trd, 000258.967, 183
Trd, 000260.017, 182
Trd, 000260.400, 184
Trd, 000260.867, 184
Trd, 000260.883, 181
Trd, 000260.967, 188
Trd, 000261.067, 189
Trd, 000261.833, 181
Trd, 000262.150, 184
Trd, 000262.983, 182
Trd, 000263.183, 184
Trd, 000263.417, 181
Trd, 000263.617, 184
Trd, 000264.883, 184
Trd, 000264.967, 170
Trd, 000265.217, 173
Trd, 000265.583, 178
Trd, 000266.033, 176
Trd, 000266.183, 177
Trd, 000266.350, 178
Trd, 000266.517, 178
Trd, 000266.683, 180
Trd, 000266.783, 175
Trd, 000267.583, 181
Trd, 000267.967, 179
Trd, 000268.450, 181
Trd, 000268.783, 181
Trd, 000269.000, 183
Trd, 000269.650, 184
Trd, 000269.767, 183
Trd, 000270.200, 182
Trd, 000270.300, 179
Trd, 000270.400, 185
Trd, 000272.333, 183
Trd, 000272.833, 182
Trd, 000272.967, 185
Trd, 000273.983, 185
Trd, 000274.483, 186
Trd, 000275.400, 182
Trd, 000275.417, 181
Trd, 000275.583, 178
Trd, 000276.833, 186
Trd, 000277.067, 185
Trd, 000277.767, 183
Trd, 000278.133, 183
Trd, 000278.217, 179
Trd, 000278.283, 190
Trd, 000278.500, 187
Trd, 000279.083, 188
Trd, 000279.733, 183
Trd, 000280.033, 181
Trd, 000281.017, 180
Trd, 000281.033, 179
Trd, 000281.433, 177
Trd, 000282.050, 178
Trd, 000282.200, 176
Trd, 000282.317, 186
Trd, 000282.583, 173
Trd, 000283.183, 185
Trd, 000283.667, 193
Trd, 000283.917, 183
Trd, 000284.117, 194
Trd, 000284.233, 187
Trd, 000284.300, 174
Trd, 000284.800, 188
Trd, 000285.700, 184
Trd, 000285.717, 184
Trd, 000286.167, 180
Trd, 000286.717, 184
Trd, 000286.883, 187
Trd, 000287.117, 180
Trd, 000287.300, 179
Trd, 000287.317, 187
Trd, 000288.067, 178
Trd, 000288.733, 192
Trd, 000289.600, 191
Trd, 000289.967, 188
Trd, 000290.083, 187
Trd, 000290.300, 190
Trd, 000291.450, 180
Trd, 000292.217, 178
Trd, 000292.617, 178
Trd, 000292.683, 187
Trd, 000293.017, 187
Trd, 000293.100, 177
Trd, 000293.117, 188
Trd, 000293.167, 189
Trd, 000293.200, 191
Trd, 000293.317, 172
Trd, 000293.700, 193
Trd, 000294.250, 180
Trd, 000294.933, 164
Trd, 000295.217, 178
Trd, 000295.300, 184
Trd, 000295.617, 192
Trd, 000295.733, 172
Trd, 000296.233, 185
Trd, 000296.500, 192
Trd, 000297.333, 188
Trd, 000297.867, 183
Trd, 000297.967, 191
Trd, 000297.983, 182
Trd, 000298.483, 185
Trd, 000299.017, 182
Trd, 000299.333, 181
Trd, 000299.600, 195
Trd, 000299.800, 178
