Trd, 000001.233, 197
Trd, 000002.433, 189
Trd, 000002.500, 165
Trd, 000003.500, 160
Trd, 000004.700, 166
Trd, 000005.067, 163
Trd, 000005.583, 162
Trd, 000005.833, 161
Trd, 000006.300, 148
Trd, 000007.133, 156
Trd, 000007.150, 153
Trd, 000007.200, 157
Trd, 000008.150, 156
Trd, 000008.267, 157
Trd, 000008.317, 154
Trd, 000008.917, 157
Trd, 000009.600, 158
Trd, 000010.317, 158
Trd, 000010.883, 154
Trd, 000011.967, 155
Trd, 000012.317, 156
Trd, 000012.783, 154
Trd, 000013.033, 155
Trd, 000013.533, 154
Trd, 000013.650, 153
Trd, 000013.733, 152
Trd, 000014.483, 152
Trd, 000014.717, 151
Trd, 000014.783, 154
Trd, 000014.833, 143
Trd, 000015.200, 131
Trd, 000016.117, 127
Trd, 000017.217, 129
Trd, 000017.617, 128
Trd, 000017.800, 157
Trd, 000018.383, 158
Trd, 000018.600, 140
Trd, 000018.867, 154
Trd, 000018.883, 159
Trd, 000021.433, 151
Trd, 000021.600, 152
Trd, 000021.900, 160
Trd, 000022.617, 157
Trd, 000023.783, 158
Trd, 000025.083, 157
Trd, 000025.100, 167
Trd, 000025.750, 157
Trd, 000025.917, 164
Trd, 000026.083, 156
Trd, 000026.400, 172
Trd, 000028.617, 163
Trd, 000029.267, 161
Trd, 000029.283, 162
Trd, 000029.500, 161
Trd, 000029.550, 160
Trd, 000030.133, 162
Trd, 000030.150, 165
Trd, 000030.200, 164
Trd, 000030.650, 165
Trd, 000030.833, 160
Trd, 000030.850, 165
Trd, 000031.150, 164
Trd, 000033.933, 162
Trd, 000034.000, 163
Trd, 000034.667, 162
Trd, 000034.767, 162
Trd, 000035.533, 162
Trd, 000035.667, 161
Trd, 000035.867, 156
Trd, 000036.733, 163
Trd, 000037.250, 162
Trd, 000037.283, 162
Trd, 000037.667, 161
Trd, 000038.083, 163
Trd, 000038.500, 147
Trd, 000039.700, 163
Trd, 000040.333, 161
Trd, 000040.350, 157
Trd, 000041.067, 161
Trd, 000041.517, 163
Trd, 000041.967, 169
Trd, 000042.150, 172
Trd, 000043.167, 170
Trd, 000043.750, 171
Trd, 000044.767, 172
Trd, 000044.950, 169
Trd, 000045.433, 167
Trd, 000045.583, 166
Trd, 000046.333, 169
Trd, 000047.050, 168
Trd, 000047.200, 168
Trd, 000047.600, 167
Trd, 000047.683, 168
Trd, 000048.517, 167
Trd, 000048.583, 166
Trd, 000048.933, 167
Trd, 000049.167, 153
Trd, 000049.333, 146
Trd, 000049.517, 165
Trd, 000050.000, 148
Trd, 000050.033, 152
Trd, 000050.683, 164
Trd, 000053.033, 158
Trd, 000053.183, 156
Trd, 000053.717, 162
Trd, 000053.767, 163
Trd, 000054.033, 156
Trd, 000054.500, 170
Trd, 000054.583, 155
Trd, 000055.217, 153
Trd, 000055.417, 168
Trd, 000055.950, 159
Trd, 000056.283, 155
Trd, 000057.050, 157
Trd, 000057.200, 154
Trd, 000057.867, 157
Trd, 000058.283, 160
Trd, 000059.483, 157
Trd, 000059.950, 158
Trd, 000060.283, 158
Trd, 000060.767, 161
Trd, 000061.300, 164
Trd, 000062.400, 165
Trd, 000062.833, 162
Trd, 000062.950, 161
Trd, 000063.367, 163
Trd, 000063.517, 159
Trd, 000064.067, 164
Trd, 000064.300, 164
Trd, 000065.800, 161
Trd, 000066.200, 169
Trd, 000067.000, 167
Trd, 000067.083, 168
Trd, 000067.183, 166
Trd, 000067.917, 166
Trd, 000068.467, 168
Trd, 000069.050, 166
Trd, 000069.983, 169
Trd, 000070.383, 169
Trd, 000070.683, 170
Trd, 000071.567, 172
Trd, 000071.583, 167
Trd, 000072.533, 170
Trd, 000073.583, 166
Trd, 000074.300, 167
Trd, 000074.433, 165
Trd, 000074.917, 165
Trd, 000075.433, 164
Trd, 000075.650, 166
Trd, 000075.917, 165
Trd, 000077.083, 166
Trd, 000077.117, 166
Trd, 000077.383, 168
Trd, 000078.167, 167
Trd, 000078.217, 165
Trd, 000078.400, 168
Trd, 000078.533, 168
Trd, 000079.250, 165
Trd, 000079.383, 166
Trd, 000079.550, 164
Trd, 000079.817, 169
Trd, 000080.517, 173
Trd, 000081.167, 134
Trd, 000082.683, 152
Trd, 000083.800, 158
Trd, 000084.733, 159
Trd, 000085.067, 160
Trd, 000085.217, 162
Trd, 000085.517, 163
Trd, 000085.867, 170
Trd, 000086.517, 168
Trd, 000087.883, 169
Trd, 000088.983, 174
Trd, 000089.300, 174
Trd, 000089.400, 176
Trd, 000090.150, 181
Trd, 000090.567, 171
Trd, 000091.367, 176
Trd, 000092.067, 174
Trd, 000092.783, 173
Trd, 000092.800, 173
Trd, 000093.233, 172
Trd, 000093.767, 171
Trd, 000094.433, 172
Trd, 000095.750, 171
Trd, 000095.833, 170
Trd, 000095.883, 171
Trd, 000096.250, 169
Trd, 000096.417, 166
Trd, 000098.500, 168
Trd, 000098.867, 168
Trd, 000099.300, 168
Trd, 000100.000, 167
Trd, 000100.150, 169
Trd, 000100.750, 168
Trd, 000100.883, 166
Trd, 000101.250, 166
Trd, 000101.433, 172
Trd, 000101.467, 175
Trd, 000101.667, 176
Trd, 000102.550, 175
Trd, 000102.750, 165
Trd, 000103.133, 172
Trd, 000103.350, 191
Trd, 000104.500, 178
Trd, 000105.600, 171
Trd, 000105.883, 172
Trd, 000108.083, 163
Trd, 000108.633, 164
Trd, 000108.767, 165
Trd, 000108.900, 166
Trd, 000109.683, 166
Trd, 000109.783, 167
Trd, 000110.150, 168
Trd, 000110.733, 169
Trd, 000111.367, 165
Trd, 000111.517, 169
Trd, 000111.550, 176
Trd, 000111.767, 176
Trd, 000113.283, 174
Trd, 000114.267, 174
Trd, 000114.900, 173
Trd, 000115.833, 174
Trd, 000115.983, 171
Trd, 000116.017, 173
Trd, 000116.517, 172
Trd, 000116.533, 177
Trd, 000117.683, 170
Trd, 000118.433, 176
Trd, 000118.583, 177
Trd, 000118.967, 175
Trd, 000119.050, 179
Trd, 000120.083, 174
Trd, 000120.800, 173
Trd, 000121.650, 174
Trd, 000122.117, 176
Trd, 000122.150, 175
Trd, 000122.667, 172
Trd, 000122.900, 165
Trd, 000124.150, 167
Trd, 000124.433, 167
Trd, 000124.483, 167
Trd, 000124.983, 167
Trd, 000125.567, 169
Trd, 000126.017, 164
Trd, 000126.617, 163
Trd, 000126.767, 163
Trd, 000127.467, 162
Trd, 000127.833, 152
Trd, 000128.217, 142
Trd, 000128.517, 151
Trd, 000128.700, 163
Trd, 000128.950, 143
Trd, 000129.917, 160
Trd, 000130.183, 160
Trd, 000131.633, 160
Trd, 000132.117, 162
Trd, 000132.500, 164
Trd, 000133.933, 169
Trd, 000134.500, 165
Trd, 000134.783, 165
Trd, 000134.917, 163
Trd, 000134.950, 167
Trd, 000135.367, 164
Trd, 000136.233, 176
Trd, 000136.550, 173
Trd, 000137.833, 163
Trd, 000138.200, 171
Trd, 000138.450, 171
Trd, 000138.750, 170
Trd, 000139.450, 171
Trd, 000140.300, 171
Trd, 000140.333, 167
Trd, 000141.083, 171
Trd, 000141.433, 167
Trd, 000142.350, 168
Trd, 000143.350, 171
Trd, 000143.583, 169
Trd, 000144.217, 169
Trd, 000144.833, 168
Trd, 000145.550, 168
Trd, 000145.567, 170
Trd, 000145.767, 171
Trd, 000146.700, 166
Trd, 000147.067, 172
Trd, 000147.283, 172
Trd, 000147.633, 166
Trd, 000147.883, 173
Trd, 000147.900, 178
Trd, 000149.400, 174
Trd, 000149.833, 174
Trd, 000151.467, 175
Trd, 000151.600, 172
Trd, 000152.183, 174
Trd, 000152.800, 173
Trd, 000152.833, 175
Trd, 000153.550, 179
Trd, 000154.350, 180
Trd, 000155.317, 177
Trd, 000155.550, 179
Trd, 000155.567, 174
Trd, 000155.900, 177
Trd, 000156.150, 177
Trd, 000156.917, 174
Trd, 000157.233, 173
Trd, 000157.667, 173
Trd, 000158.533, 171
Trd, 000160.300, 168
Trd, 000160.467, 170
Trd, 000160.967, 170
Trd, 000161.150, 171
Trd, 000161.333, 171
Trd, 000161.683, 174
Trd, 000161.767, 184
Trd, 000162.250, 179
Trd, 000163.317, 178
Trd, 000163.600, 178
Trd, 000164.683, 176
Trd, 000164.983, 176
Trd, 000165.900, 174
Trd, 000166.517, 174
Trd, 000167.050, 174
Trd, 000167.167, 184
Trd, 000167.800, 173
Trd, 000169.383, 174
Trd, 000169.500, 180
Trd, 000170.483, 175
Trd, 000170.500, 180
Trd, 000170.617, 173
Trd, 000170.883, 178
Trd, 000171.117, 180
Trd, 000171.600, 179
Trd, 000171.667, 180
Trd, 000172.117, 181
Trd, 000174.267, 179
Trd, 000175.267, 179
Trd, 000175.850, 180
Trd, 000176.033, 177
Trd, 000176.217, 179
Trd, 000176.317, 174
Trd, 000177.017, 179
Trd, 000177.483, 172
Trd, 000178.933, 173
Trd, 000178.950, 174
Trd, 000179.050, 175
Trd, 000179.850, 173
Trd, 000180.067, 181
Trd, 000180.083, 183
Trd, 000180.233, 186
Trd, 000180.750, 170
Trd, 000182.683, 180
Trd, 000183.317, 179
Trd, 000183.817, 173
Trd, 000184.583, 174
Trd, 000184.617, 173
Trd, 000184.750, 172
Trd, 000184.817, 173
Trd, 000186.433, 173
Trd, 000187.050, 173
Trd, 000187.433, 170
Trd, 000187.517, 169
Trd, 000187.800, 174
Trd, 000188.917, 170
Trd, 000189.067, 177
Trd, 000189.117, 172
Trd, 000190.500, 178
Trd, 000190.600, 174
Trd, 000190.800, 172
Trd, 000191.267, 177
Trd, 000191.967, 177
Trd, 000192.650, 175
Trd, 000192.783, 178
Trd, 000193.050, 172
Trd, 000193.533, 184
Trd, 000194.267, 176
Trd, 000195.233, 174
Trd, 000195.933, 176
Trd, 000195.983, 173
Trd, 000196.300, 177
Trd, 000196.367, 172
Trd, 000197.617, 177
Trd, 000198.317, 171
Trd, 000198.533, 170
Trd, 000199.383, 171
Trd, 000199.600, 170
Trd, 000200.133, 171
Trd, 000201.433, 175
Trd, 000201.967, 177
Trd, 000203.217, 169
Trd, 000203.450, 173
Trd, 000203.767, 173
Trd, 000203.883, 170
Trd, 000204.800, 172
Trd, 000205.017, 169
Trd, 000205.517, 172
Trd, 000206.217, 170
Trd, 000206.700, 170
Trd, 000207.133, 169
Trd, 000207.150, 171
Trd, 000208.083, 178
Trd, 000208.550, 169
Trd, 000208.867, 178
Trd, 000209.883, 172
Trd, 000210.967, 170
Trd, 000211.467, 171
Trd, 000211.633, 172
Trd, 000212.417, 176
Trd, 000213.283, 173
Trd, 000213.850, 175
Trd, 000214.300, 174
Trd, 000214.500, 172
Trd, 000214.517, 177
Trd, 000215.150, 172
Trd, 000215.617, 185
Trd, 000216.450, 182
Trd, 000217.333, 184
Trd, 000217.450, 183
Trd, 000217.550, 180
Trd, 000218.100, 186
Trd, 000219.233, 182
Trd, 000219.400, 182
Trd, 000219.467, 183
Trd, 000220.467, 182
Trd, 000220.767, 181
Trd, 000221.217, 177
Trd, 000223.200, 187
Trd, 000223.383, 185
Trd, 000223.850, 179
Trd, 000224.583, 183
Trd, 000224.833, 182
Trd, 000225.183, 177
Trd, 000225.267, 184
Trd, 000225.833, 181
Trd, 000226.067, 184
Trd, 000226.467, 185
Trd, 000226.500, 174
Trd, 000226.700, 173
Trd, 000228.233, 179
Trd, 000228.433, 179
Trd, 000228.783, 180
Trd, 000229.200, 179
Trd, 000229.883, 182
Trd, 000230.117, 181
Trd, 000230.883, 181
Trd, 000231.783, 182
Trd, 000232.483, 183
Trd, 000232.717, 188
Trd, 000233.417, 181
Trd, 000233.983, 187
Trd, 000234.733, 183
Trd, 000234.750, 180
Trd, 000235.317, 185
Trd, 000235.617, 185
Trd, 000235.767, 186
Trd, 000236.350, 184
Trd, 000237.550, 183
Trd, 000238.083, 185
Trd, 000238.467, 183
Trd, 000239.400, 183
Trd, 000239.867, 183
Trd, 000240.167, 181
Trd, 000240.550, 180
Trd, 000240.617, 181
Trd, 000240.883, 178
Trd, 000241.150, 178
Trd, 000242.117, 172
Trd, 000242.417, 173
Trd, 000242.533, 174
Trd, 000242.667, 174
Trd, 000242.733, 172
Trd, 000243.633, 174
Trd, 000244.850, 172
Trd, 000244.900, 176
Trd, 000245.467, 172
Trd, 000246.367, 176
Trd, 000247.300, 174
Trd, 000247.367, 175
Trd, 000248.283, 175
Trd, 000248.400, 176
Trd, 000249.317, 179
Trd, 000249.550, 179
Trd, 000249.800, 180
Trd, 000250.050, 175
Trd, 000251.850, 178
Trd, 000252.583, 178
Trd, 000253.000, 181
Trd, 000253.550, 182
Trd, 000253.583, 180
Trd, 000253.933, 178
Trd, 000253.983, 182
Trd, 000255.350, 181
Trd, 000255.550, 179
Trd, 000255.617, 176
Trd, 000255.717, 177
Trd, 000256.250, 179
Trd, 000256.783, 179
Trd, 000257.267, 177
Trd, 000257.300, 180
Trd, 000257.550, 175
Trd, 000258.167, 175
Trd, 000258.633, 175
Trd, 000258.783, 176
Trd, 000258.933, 174
Trd, 000259.050, 169
Trd, 000259.700, 174
Trd, 000259.767, 177
Trd, 000260.683, 167
Trd, 000261.317, 161
Trd, 000261.500, 168
Trd, 000261.683, 168
Trd, 000262.383, 182
Trd, 000263.183, 170
Trd, 000263.267, 169
Trd, 000263.550, 173
Trd, 000265.217, 172
Trd, 000265.567, 170
Trd, 000265.600, 171
Trd, 000265.633, 172
Trd, 000265.933, 177
Trd, 000266.333, 179
Trd, 000267.100, 178
Trd, 000267.833, 176
Trd, 000268.300, 171
Trd, 000268.333, 170
Trd, 000268.567, 176
Trd, 000270.467, 172
Trd, 000270.600, 177
Trd, 000271.867, 174
Trd, 000271.933, 173
Trd, 000272.083, 173
Trd, 000272.200, 175
Trd, 000272.450, 175
Trd, 000273.767, 181
Trd, 000274.400, 174
Trd, 000274.750, 174
Trd, 000275.283, 172
Trd, 000275.417, 174
Trd, 000275.767, 179
Trd, 000275.850, 182
Trd, 000276.267, 176
Trd, 000277.667, 174
Trd, 000277.833, 175
Trd, 000277.967, 180
Trd, 000278.167, 180
Trd, 000278.217, 176
Trd, 000278.367, 174
Trd, 000278.750, 181
Trd, 000279.883, 178
Trd, 000280.483, 179
Trd, 000280.783, 177
Trd, 000281.083, 178
Trd, 000281.233, 177
Trd, 000281.517, 179
Trd, 000281.583, 177
Trd, 000281.917, 176
Trd, 000282.367, 180
Trd, 000283.250, 177
Trd, 000283.300, 179
Trd, 000283.583, 183
Trd, 000283.767, 190
Trd, 000284.933, 175
Trd, 000285.050, 196
Trd, 000285.633, 176
Trd, 000285.917, 180
Trd, 000286.167, 178
Trd, 000286.333, 180
Trd, 000286.533, 182
Trd, 000287.167, 178
Trd, 000287.700, 182
Trd, 000288.883, 178
Trd, 000289.183, 208
Trd, 000289.683, 197
Trd, 000289.883, 198
Trd, 000290.300, 197
Trd, 000290.600, 196
Trd, 000290.717, 191
Trd, 000291.717, 188
Trd, 000291.883, 186
Trd, 000291.933, 192
Trd, 000292.350, 181
Trd, 000292.717, 190
Trd, 000292.733, 191
Trd, 000292.950, 184
Trd, 000292.967, 180
Trd, 000293.050, 177
Trd, 000293.633, 174
Trd, 000294.417, 178
Trd, 000295.033, 173
Trd, 000296.000, 179
Trd, 000296.100, 181
Trd, 000296.417, 175
Trd, 000297.450, 182
Trd, 000297.583, 178
Trd, 000297.850, 181
Trd, 000298.000, 175
Trd, 000298.033, 175
Trd, 000298.983, 177
Trd, 000299.067, 182
Trd, 000299.450, 176
