Trd, 000002.817, 135
Trd, 000002.933, 133
Trd, 000004.317, 134
Trd, 000004.883, 133
Trd, 000004.983, 133
Trd, 000005.250, 131
Trd, 000005.283, 142
Trd, 000006.100, 151
Trd, 000006.300, 150
Trd, 000006.900, 148
Trd, 000008.467, 150
Trd, 000008.567, 150
Trd, 000008.700, 152
Trd, 000009.267, 149
Trd, 000009.350, 150
Trd, 000010.717, 151
Trd, 000010.767, 153
Trd, 000012.383, 151
Trd, 000013.550, 155
Trd, 000013.667, 152
Trd, 000014.067, 155
Trd, 000014.583, 154
Trd, 000015.700, 153
Trd, 000015.767, 154
Trd, 000016.217, 154
Trd, 000017.450, 156
Trd, 000017.883, 155
Trd, 000019.883, 154
Trd, 000020.033, 154
Trd, 000020.467, 156
Trd, 000020.667, 155
Trd, 000020.717, 154
Trd, 000020.850, 157
Trd, 000021.883, 146
Trd, 000021.917, 143
Trd, 000022.317, 154
Trd, 000022.717, 150
Trd, 000023.033, 151
Trd, 000023.833, 151
Trd, 000024.933, 151
Trd, 000025.850, 150
Trd, 000026.050, 151
Trd, 000026.117, 152
Trd, 000026.133, 153
Trd, 000026.850, 150
Trd, 000026.917, 153
Trd, 000029.133, 153
Trd, 000029.617, 154
Trd, 000029.867, 155
Trd, 000030.717, 158
Trd, 000031.833, 149
Trd, 000032.517, 150
Trd, 000032.933, 154
Trd, 000033.333, 152
Trd, 000034.083, 151
Trd, 000034.267, 149
Trd, 000034.783, 149
Trd, 000035.300, 149
Trd, 000035.967, 150
Trd, 000036.283, 151
Trd, 000036.317, 148
Trd, 000037.700, 152
Trd, 000039.667, 153
Trd, 000039.750, 153
Trd, 000039.850, 148
Trd, 000040.450, 152
Trd, 000040.983, 144
Trd, 000042.183, 147
Trd, 000042.333, 146
Trd, 000042.450, 148
Trd, 000042.700, 159
Trd, 000043.233, 148
Trd, 000044.550, 151
Trd, 000045.333, 151
Trd, 000045.500, 150
Trd, 000046.067, 151
Trd, 000046.483, 151
Trd, 000046.617, 152
Trd, 000048.117, 152
Trd, 000048.283, 151
Trd, 000049.350, 151
Trd, 000049.367, 150
Trd, 000049.733, 151
Trd, 000050.133, 152
Trd, 000051.250, 153
Trd, 000051.383, 152
Trd, 000051.917, 151
Trd, 000052.083, 150
Trd, 000052.533, 151
Trd, 000052.867, 153
Trd, 000052.983, 158
Trd, 000053.700, 150
Trd, 000054.350, 155
Trd, 000055.183, 154
Trd, 000055.200, 153
Trd, 000055.483, 154
Trd, 000057.183, 157
Trd, 000057.800, 161
Trd, 000058.683, 161
Trd, 000058.700, 159
Trd, 000058.883, 164
Trd, 000060.450, 166
Trd, 000060.950, 168
Trd, 000061.017, 166
Trd, 000061.700, 165
Trd, 000062.050, 162
Trd, 000063.267, 150
Trd, 000063.950, 154
Trd, 000064.083, 155
Trd, 000064.583, 155
Trd, 000065.167, 154
Trd, 000065.483, 153
Trd, 000065.983, 151
Trd, 000066.600, 151
Trd, 000067.200, 148
Trd, 000067.217, 142
Trd, 000067.417, 141
Trd, 000067.683, 149
Trd, 000067.883, 150
Trd, 000070.250, 147
Trd, 000071.183, 147
Trd, 000071.883, 148
Trd, 000071.983, 148
Trd, 000072.533, 148
Trd, 000073.100, 149
Trd, 000073.467, 148
Trd, 000075.150, 148
Trd, 000075.500, 150
Trd, 000075.567, 151
Trd, 000075.733, 147
Trd, 000076.833, 149
Trd, 000077.350, 148
Trd, 000077.600, 148
Trd, 000077.900, 150
Trd, 000077.933, 151
Trd, 000079.183, 152
Trd, 000079.650, 148
Trd, 000079.683, 152
Trd, 000080.283, 153
Trd, 000081.183, 154
Trd, 000082.150, 153
Trd, 000082.383, 152
Trd, 000082.633, 153
Trd, 000082.733, 149
Trd, 000083.417, 152
Trd, 000084.750, 155
Trd, 000085.150, 153
Trd, 000085.867, 155
Trd, 000086.117, 156
Trd, 000086.450, 156
Trd, 000087.550, 159
Trd, 000089.117, 161
Trd, 000090.083, 159
Trd, 000090.533, 160
Trd, 000090.583, 159
Trd, 000091.367, 160
Trd, 000092.350, 161
Trd, 000092.400, 162
Trd, 000093.100, 162
Trd, 000093.400, 163
Trd, 000094.400, 160
Trd, 000095.050, 164
Trd, 000095.150, 158
Trd, 000095.983, 164
Trd, 000096.817, 165
Trd, 000098.067, 167
Trd, 000098.100, 165
Trd, 000098.200, 164
Trd, 000098.683, 166
Trd, 000100.033, 166
Trd, 000100.233, 165
Trd, 000100.550, 163
Trd, 000102.017, 165
Trd, 000102.600, 163
Trd, 000103.000, 163
Trd, 000103.567, 165
Trd, 000104.083, 166
Trd, 000104.400, 165
Trd, 000104.633, 164
Trd, 000105.283, 163
Trd, 000105.383, 161
Trd, 000105.850, 161
Trd, 000106.883, 161
Trd, 000107.433, 162
Trd, 000108.150, 148
Trd, 000108.867, 160
Trd, 000109.633, 148
Trd, 000109.750, 163
Trd, 000111.233, 162
Trd, 000112.117, 158
Trd, 000112.383, 160
Trd, 000112.583, 158
Trd, 000113.200, 158
Trd, 000113.867, 157
Trd, 000113.983, 159
Trd, 000114.333, 157
Trd, 000115.600, 159
Trd, 000117.417, 159
Trd, 000119.450, 158
Trd, 000120.050, 158
Trd, 000120.567, 160
Trd, 000120.733, 159
Trd, 000121.117, 158
Trd, 000121.417, 159
Trd, 000122.867, 159
Trd, 000122.900, 158
Trd, 000123.500, 159
Trd, 000123.583, 159
Trd, 000123.850, 156
Trd, 000125.967, 158
Trd, 000126.050, 160
Trd, 000126.083, 160
Trd, 000126.467, 162
Trd, 000127.383, 163
Trd, 000127.533, 165
Trd, 000127.717, 165
Trd, 000128.867, 164
Trd, 000129.100, 164
Trd, 000129.117, 165
Trd, 000129.817, 162
Trd, 000130.650, 163
Trd, 000133.383, 165
Trd, 000133.850, 165
Trd, 000134.950, 164
Trd, 000134.967, 168
Trd, 000135.617, 164
Trd, 000136.467, 164
Trd, 000136.750, 168
Trd, 000136.783, 163
Trd, 000137.833, 166
Trd, 000138.317, 166
Trd, 000138.617, 166
Trd, 000138.800, 167
Trd, 000139.133, 166
Trd, 000139.150, 168
Trd, 000140.500, 165
Trd, 000141.150, 169
Trd, 000141.167, 169
Trd, 000142.650, 169
Trd, 000142.767, 169
Trd, 000142.817, 169
Trd, 000143.517, 169
Trd, 000144.283, 169
Trd, 000144.417, 170
Trd, 000144.917, 179
Trd, 000145.117, 178
Trd, 000146.000, 175
Trd, 000146.033, 176
Trd, 000147.517, 177
Trd, 000147.567, 171
Trd, 000148.100, 170
Trd, 000148.167, 168
Trd, 000148.333, 170
Trd, 000149.633, 172
Trd, 000150.217, 172
Trd, 000150.350, 171
Trd, 000150.817, 171
Trd, 000151.117, 170
Trd, 000152.683, 169
Trd, 000153.517, 169
Trd, 000153.700, 170
Trd, 000153.717, 172
Trd, 000155.150, 167
Trd, 000155.317, 168
Trd, 000155.483, 167
Trd, 000155.717, 170
Trd, 000156.150, 172
Trd, 000156.400, 167
Trd, 000157.800, 170
Trd, 000158.267, 170
Trd, 000158.533, 169
Trd, 000159.583, 168
Trd, 000161.017, 167
Trd, 000161.050, 170
Trd, 000161.300, 170
Trd, 000161.417, 166
Trd, 000163.300, 168
Trd, 000163.350, 167
Trd, 000163.467, 169
Trd, 000163.617, 171
Trd, 000164.650, 172
Trd, 000165.117, 169
Trd, 000165.850, 167
Trd, 000167.267, 168
Trd, 000167.283, 171
Trd, 000168.650, 172
Trd, 000169.133, 168
Trd, 000169.483, 172
Trd, 000170.533, 169
Trd, 000170.567, 170
Trd, 000170.633, 170
Trd, 000171.150, 171
Trd, 000172.233, 170
Trd, 000172.967, 171
Trd, 000173.283, 170
Trd, 000173.550, 169
Trd, 000174.200, 168
Trd, 000174.550, 169
Trd, 000175.767, 172
Trd, 000175.783, 168
Trd, 000177.250, 182
Trd, 000177.367, 179
Trd, 000178.400, 180
Trd, 000179.367, 180
Trd, 000179.400, 178
Trd, 000180.450, 178
Trd, 000180.467, 179
Trd, 000181.017, 178
Trd, 000181.283, 175
Trd, 000182.200, 177
Trd, 000182.533, 177
Trd, 000182.667, 176
Trd, 000182.883, 178
Trd, 000183.017, 178
Trd, 000183.500, 178
Trd, 000183.783, 179
Trd, 000184.217, 178
Trd, 000184.333, 179
Trd, 000185.467, 176
Trd, 000185.617, 181
Trd, 000186.283, 176
Trd, 000186.667, 164
Trd, 000189.350, 175
Trd, 000190.517, 175
Trd, 000190.550, 176
Trd, 000190.833, 176
Trd, 000191.317, 175
Trd, 000191.833, 175
Trd, 000192.333, 175
Trd, 000192.983, 179
Trd, 000193.233, 174
Trd, 000194.033, 176
Trd, 000194.500, 174
Trd, 000194.983, 175
Trd, 000196.083, 176
Trd, 000196.433, 177
Trd, 000197.050, 176
Trd, 000197.350, 176
Trd, 000197.683, 177
Trd, 000198.017, 175
Trd, 000198.300, 174
Trd, 000199.250, 174
Trd, 000199.867, 174
Trd, 000200.017, 175
Trd, 000200.683, 177
Trd, 000201.883, 177
Trd, 000202.067, 177
Trd, 000202.467, 177
Trd, 000202.883, 176
Trd, 000203.083, 175
Trd, 000204.300, 175
Trd, 000204.400, 176
Trd, 000205.533, 175
Trd, 000205.867, 173
Trd, 000206.383, 174
Trd, 000207.717, 173
Trd, 000208.183, 172
Trd, 000208.283, 172
Trd, 000208.833, 173
Trd, 000209.067, 174
Trd, 000210.383, 175
Trd, 000210.433, 177
Trd, 000211.250, 174
Trd, 000211.567, 172
Trd, 000211.583, 175
Trd, 000211.733, 176
Trd, 000211.950, 174
Trd, 000213.000, 172
Trd, 000213.400, 171
Trd, 000213.450, 171
Trd, 000214.017, 172
Trd, 000214.883, 171
Trd, 000215.433, 172
Trd, 000216.000, 170
Trd, 000218.333, 175
Trd, 000218.450, 176
Trd, 000219.200, 177
Trd, 000219.867, 177
Trd, 000219.883, 175
Trd, 000219.967, 178
Trd, 000220.550, 177
Trd, 000221.483, 177
Trd, 000221.500, 177
Trd, 000222.300, 176
Trd, 000223.150, 178
Trd, 000224.200, 176
Trd, 000224.483, 179
Trd, 000225.083, 178
Trd, 000226.117, 178
Trd, 000226.417, 179
Trd, 000226.650, 179
Trd, 000227.300, 179
Trd, 000227.383, 177
Trd, 000227.850, 180
Trd, 000228.033, 181
Trd, 000228.750, 181
Trd, 000229.517, 180
Trd, 000230.083, 179
Trd, 000231.200, 180
Trd, 000231.600, 180
Trd, 000231.950, 178
Trd, 000232.450, 178
Trd, 000232.967, 175
Trd, 000234.017, 176
Trd, 000235.300, 180
Trd, 000235.750, 179
Trd, 000236.150, 178
Trd, 000236.300, 181
Trd, 000236.933, 181
Trd, 000237.000, 181
Trd, 000237.017, 180
Trd, 000237.350, 178
Trd, 000238.800, 176
Trd, 000238.967, 177
Trd, 000239.900, 178
Trd, 000240.233, 178
Trd, 000240.333, 177
Trd, 000240.467, 175
Trd, 000240.500, 174
Trd, 000240.667, 179
Trd, 000241.250, 171
Trd, 000241.850, 166
Trd, 000242.133, 167
Trd, 000242.400, 166
Trd, 000242.450, 164
Trd, 000242.667, 167
Trd, 000243.267, 169
Trd, 000243.550, 167
Trd, 000243.850, 166
Trd, 000244.267, 165
Trd, 000244.467, 168
Trd, 000244.983, 168
Trd, 000245.067, 162
Trd, 000246.067, 170
Trd, 000246.467, 170
Trd, 000246.750, 168
Trd, 000246.917, 170
Trd, 000247.200, 169
Trd, 000247.550, 166
Trd, 000247.667, 169
Trd, 000248.200, 173
Trd, 000248.450, 172
Trd, 000248.617, 173
Trd, 000249.200, 171
Trd, 000249.217, 174
Trd, 000250.767, 176
Trd, 000251.100, 174
Trd, 000252.483, 175
Trd, 000253.067, 175
Trd, 000253.117, 174
Trd, 000253.333, 176
Trd, 000253.633, 176
Trd, 000253.700, 177
Trd, 000253.800, 178
Trd, 000254.817, 178
Trd, 000254.950, 178
Trd, 000255.017, 176
Trd, 000257.250, 176
Trd, 000257.317, 174
Trd, 000257.433, 177
Trd, 000257.550, 173
Trd, 000257.667, 177
Trd, 000258.250, 175
Trd, 000258.950, 172
Trd, 000259.050, 173
Trd, 000259.167, 174
Trd, 000260.017, 188
Trd, 000260.883, 178
Trd, 000261.200, 177
Trd, 000261.733, 177
Trd, 000262.017, 179
Trd, 000263.050, 178
Trd, 000263.417, 177
Trd, 000263.667, 180
Trd, 000263.933, 179
Trd, 000264.550, 175
Trd, 000264.617, 174
Trd, 000265.200, 176
Trd, 000265.300, 172
Trd, 000265.567, 175
Trd, 000266.650, 177
Trd, 000266.867, 178
Trd, 000267.250, 181
Trd, 000267.500, 172
Trd, 000268.683, 176
Trd, 000269.333, 175
Trd, 000269.583, 173
Trd, 000269.600, 173
Trd, 000269.783, 173
Trd, 000270.683, 174
Trd, 000270.700, 172
Trd, 000270.750, 175
Trd, 000271.100, 176
Trd, 000271.967, 174
Trd, 000272.467, 172
Trd, 000272.650, 173
Trd, 000273.683, 172
Trd, 000273.717, 158
Trd, 000274.250, 159
Trd, 000274.900, 165
Trd, 000275.067, 163
Trd, 000275.250, 163
Trd, 000275.617, 162
Trd, 000275.917, 165
Trd, 000276.517, 166
Trd, 000277.183, 167
Trd, 000277.200, 169
Trd, 000277.283, 173
Trd, 000277.767, 176
Trd, 000278.067, 176
Trd, 000278.117, 174
Trd, 000278.300, 167
Trd, 000278.467, 178
Trd, 000278.983, 183
Trd, 000279.233, 176
Trd, 000279.417, 172
Trd, 000280.050, 181
Trd, 000281.250, 177
Trd, 000282.167, 173
Trd, 000282.567, 174
Trd, 000283.200, 172
Trd, 000284.267, 174
Trd, 000284.350, 176
Trd, 000284.517, 176
Trd, 000284.917, 176
Trd, 000284.983, 174
Trd, 000285.217, 173
Trd, 000285.367, 174
Trd, 000285.450, 175
Trd, 000286.333, 181
Trd, 000286.900, 176
Trd, 000287.017, 177
Trd, 000287.300, 176
Trd, 000288.067, 176
Trd, 000288.150, 174
Trd, 000288.217, 178
Trd, 000288.550, 178
Trd, 000289.000, 180
Trd, 000289.383, 174
Trd, 000290.000, 184
Trd, 000290.233, 174
Trd, 000291.050, 179
Trd, 000291.350, 180
Trd, 000291.467, 178
Trd, 000292.017, 178
Trd, 000292.617, 178
Trd, 000292.983, 176
Trd, 000293.133, 179
Trd, 000293.583, 175
Trd, 000294.483, 180
Trd, 000294.917, 182
Trd, 000295.133, 179
Trd, 000296.233, 181
Trd, 000296.600, 180
Trd, 000296.717, 178
Trd, 000296.883, 177
Trd, 000298.233, 179
Trd, 000298.867, 178
Trd, 000299.450, 178
Trd, 000299.917, 176
