Trd, 000000.933, 106
Trd, 000002.367, 162
Trd, 000002.533, 124
Trd, 000002.917, 136
Trd, 000003.483, 151
Trd, 000004.083, 155
Trd, 000004.917, 156
Trd, 000005.717, 148
Trd, 000006.550, 141
Trd, 000007.700, 151
Trd, 000008.117, 143
Trd, 000008.367, 144
Trd, 000008.583, 151
Trd, 000009.283, 145
Trd, 000009.317, 151
Trd, 000009.400, 153
Trd, 000010.150, 158
Trd, 000010.700, 153
Trd, 000010.733, 155
Trd, 000013.733, 152
Trd, 000014.233, 153
Trd, 000014.650, 152
Trd, 000014.700, 151
Trd, 000014.867, 151
Trd, 000015.083, 150
Trd, 000016.033, 144
Trd, 000016.267, 143
Trd, 000016.500, 154
Trd, 000016.783, 156
Trd, 000017.217, 145
Trd, 000017.400, 145
Trd, 000017.617, 157
Trd, 000017.850, 159
Trd, 000018.000, 150
Trd, 000018.067, 143
Trd, 000018.983, 153
Trd, 000020.483, 153
Trd, 000021.467, 153
Trd, 000021.600, 152
Trd, 000021.733, 136
Trd, 000022.200, 155
Trd, 000022.517, 147
Trd, 000022.650, 132
Trd, 000023.667, 143
Trd, 000024.217, 156
Trd, 000024.433, 152
Trd, 000025.017, 153
Trd, 000025.383, 156
Trd, 000025.683, 149
Trd, 000026.033, 157
Trd, 000026.750, 154
Trd, 000028.017, 152
Trd, 000030.683, 152
Trd, 000030.700, 151
Trd, 000030.767, 153
Trd, 000030.817, 154
Trd, 000030.933, 151
Trd, 000031.017, 151
Trd, 000031.483, 154
Trd, 000032.833, 165
Trd, 000032.850, 166
Trd, 000033.033, 166
Trd, 000033.800, 158
Trd, 000033.833, 155
Trd, 000033.967, 151
Trd, 000035.150, 158
Trd, 000035.683, 152
Trd, 000036.050, 149
Trd, 000037.617, 154
Trd, 000037.633, 152
Trd, 000037.783, 149
Trd, 000037.917, 156
Trd, 000039.850, 153
Trd, 000040.033, 155
Trd, 000040.150, 155
Trd, 000040.267, 152
Trd, 000041.117, 152
Trd, 000043.050, 158
Trd, 000043.150, 158
Trd, 000044.800, 156
Trd, 000044.817, 157
Trd, 000044.983, 159
Trd, 000045.017, 155
Trd, 000045.733, 154
Trd, 000046.117, 160
Trd, 000046.167, 153
Trd, 000046.650, 161
Trd, 000046.733, 152
Trd, 000047.967, 155
Trd, 000048.267, 163
Trd, 000048.333, 156
Trd, 000050.000, 163
Trd, 000050.550, 160
Trd, 000051.200, 159
Trd, 000051.850, 160
Trd, 000051.917, 158
Trd, 000052.633, 159
Trd, 000052.983, 157
Trd, 000053.583, 157
Trd, 000053.733, 154
Trd, 000054.400, 156
Trd, 000055.050, 155
Trd, 000055.083, 160
Trd, 000055.683, 165
Trd, 000055.767, 166
Trd, 000055.900, 160
Trd, 000057.650, 161
Trd, 000058.500, 159
Trd, 000058.533, 159
Trd, 000059.033, 160
Trd, 000059.700, 159
Trd, 000060.083, 161
Trd, 000060.167, 154
Trd, 000060.417, 140
Trd, 000060.583, 163
Trd, 000061.050, 164
Trd, 000061.817, 157
Trd, 000062.600, 158
Trd, 000063.250, 150
Trd, 000063.283, 164
Trd, 000063.800, 152
Trd, 000064.000, 141
Trd, 000064.150, 142
Trd, 000064.600, 159
Trd, 000065.317, 142
Trd, 000066.300, 156
Trd, 000066.633, 149
Trd, 000066.983, 157
Trd, 000067.433, 148
Trd, 000068.517, 156
Trd, 000068.533, 158
Trd, 000068.667, 153
Trd, 000069.333, 161
Trd, 000069.467, 162
Trd, 000070.233, 152
Trd, 000070.650, 168
Trd, 000071.017, 154
Trd, 000071.067, 149
Trd, 000071.117, 169
Trd, 000072.133, 160
Trd, 000072.733, 169
Trd, 000073.867, 150
Trd, 000074.200, 157
Trd, 000074.450, 160
Trd, 000075.883, 158
Trd, 000076.517, 158
Trd, 000077.450, 157
Trd, 000078.017, 158
Trd, 000078.083, 163
Trd, 000078.333, 157
Trd, 000079.583, 164
Trd, 000079.967, 156
Trd, 000080.383, 156
Trd, 000080.900, 169
Trd, 000081.200, 156
Trd, 000081.433, 164
Trd, 000083.417, 160
Trd, 000083.767, 160
Trd, 000084.500, 159
Trd, 000084.867, 159
Trd, 000085.017, 156
Trd, 000085.233, 160
Trd, 000085.300, 163
Trd, 000085.750, 156
Trd, 000085.983, 166
Trd, 000086.767, 167
Trd, 000086.983, 153
Trd, 000087.167, 155
Trd, 000089.400, 167
Trd, 000089.817, 169
Trd, 000090.467, 165
Trd, 000090.767, 162
Trd, 000091.450, 163
Trd, 000091.683, 167
Trd, 000093.550, 166
Trd, 000093.900, 163
Trd, 000094.050, 161
Trd, 000094.400, 166
Trd, 000095.383, 166
Trd, 000095.983, 167
Trd, 000096.000, 168
Trd, 000096.033, 171
Trd, 000096.567, 161
Trd, 000096.850, 161
Trd, 000097.383, 158
Trd, 000098.067, 167
Trd, 000099.017, 165
Trd, 000099.100, 159
Trd, 000100.167, 168
Trd, 000100.783, 177
Trd, 000101.967, 172
Trd, 000102.483, 164
Trd, 000102.983, 177
Trd, 000104.167, 165
Trd, 000105.650, 167
Trd, 000105.950, 167
Trd, 000106.183, 166
Trd, 000107.417, 164
Trd, 000107.617, 168
Trd, 000109.033, 165
Trd, 000109.783, 166
Trd, 000110.233, 164
Trd, 000110.533, 163
Trd, 000111.267, 165
Trd, 000111.483, 164
Trd, 000113.450, 163
Trd, 000113.683, 164
Trd, 000114.100, 162
Trd, 000114.367, 163
Trd, 000114.500, 159
Trd, 000115.600, 162
Trd, 000116.267, 163
Trd, 000117.617, 162
Trd, 000118.367, 162
Trd, 000118.683, 161
Trd, 000119.000, 160
Trd, 000119.450, 162
Trd, 000119.767, 164
Trd, 000120.033, 160
Trd, 000120.117, 160
Trd, 000121.017, 167
Trd, 000122.117, 169
Trd, 000122.383, 162
Trd, 000123.417, 168
Trd, 000124.167, 169
Trd, 000125.017, 169
Trd, 000125.300, 163
Trd, 000125.500, 163
Trd, 000125.767, 161
Trd, 000125.867, 169
Trd, 000126.400, 160
Trd, 000127.000, 160
Trd, 000127.133, 170
Trd, 000127.233, 175
Trd, 000128.133, 167
Trd, 000128.850, 164
Trd, 000129.700, 162
Trd, 000131.100, 165
Trd, 000131.483, 165
Trd, 000131.733, 165
Trd, 000132.650, 163
Trd, 000132.767, 162
Trd, 000133.333, 168
Trd, 000133.950, 162
Trd, 000134.967, 161
Trd, 000135.533, 169
Trd, 000136.583, 165
Trd, 000136.817, 161
Trd, 000136.833, 166
Trd, 000138.550, 157
Trd, 000139.050, 163
Trd, 000139.533, 165
Trd, 000140.067, 160
Trd, 000140.283, 171
Trd, 000140.450, 172
Trd, 000140.867, 169
Trd, 000141.067, 168
Trd, 000141.133, 170
Trd, 000141.700, 158
Trd, 000141.783, 171
Trd, 000142.317, 162
Trd, 000143.683, 165
Trd, 000143.833, 161
Trd, 000143.850, 155
Trd, 000145.017, 154
Trd, 000145.100, 165
Trd, 000145.550, 155
Trd, 000147.933, 159
Trd, 000148.550, 165
Trd, 000148.633, 165
Trd, 000149.717, 162
Trd, 000150.033, 160
Trd, 000151.117, 167
Trd, 000151.300, 162
Trd, 000151.750, 165
Trd, 000151.800, 169
Trd, 000151.850, 163
Trd, 000152.017, 166
Trd, 000152.950, 166
Trd, 000155.067, 166
Trd, 000155.200, 166
Trd, 000155.717, 166
Trd, 000156.117, 167
Trd, 000156.483, 168
Trd, 000156.633, 168
Trd, 000157.333, 173
Trd, 000157.750, 171
Trd, 000157.800, 165
Trd, 000158.600, 164
Trd, 000158.650, 174
Trd, 000158.950, 164
Trd, 000160.067, 164
Trd, 000161.117, 167
Trd, 000161.367, 170
Trd, 000161.533, 165
Trd, 000161.867, 171
Trd, 000162.633, 173
Trd, 000164.217, 173
Trd, 000164.783, 165
Trd, 000164.867, 171
Trd, 000165.050, 165
Trd, 000165.317, 166
Trd, 000165.750, 163
Trd, 000166.183, 177
Trd, 000167.783, 168
Trd, 000168.300, 172
Trd, 000169.283, 168
Trd, 000169.617, 168
Trd, 000169.683, 168
Trd, 000169.717, 167
Trd, 000170.500, 167
Trd, 000170.933, 167
Trd, 000171.733, 166
Trd, 000172.033, 166
Trd, 000173.700, 168
Trd, 000173.750, 171
Trd, 000173.817, 166
Trd, 000174.283, 172
Trd, 000175.100, 177
Trd, 000175.317, 172
Trd, 000175.517, 177
Trd, 000177.133, 177
Trd, 000177.383, 172
Trd, 000178.750, 180
Trd, 000179.233, 180
Trd, 000179.317, 175
Trd, 000179.567, 173
Trd, 000180.133, 160
Trd, 000181.083, 180
Trd, 000181.300, 180
Trd, 000181.350, 176
Trd, 000182.117, 175
Trd, 000182.350, 174
Trd, 000182.650, 172
Trd, 000183.250, 169
Trd, 000183.350, 176
Trd, 000183.500, 177
Trd, 000183.717, 166
Trd, 000184.150, 160
Trd, 000185.833, 169
Trd, 000185.983, 172
Trd, 000186.833, 167
Trd, 000187.367, 172
Trd, 000187.883, 167
Trd, 000188.650, 167
Trd, 000188.900, 172
Trd, 000188.950, 164
Trd, 000189.850, 172
Trd, 000190.683, 170
Trd, 000191.317, 172
Trd, 000192.517, 169
Trd, 000192.683, 168
Trd, 000193.733, 169
Trd, 000193.800, 169
Trd, 000195.267, 168
Trd, 000195.650, 168
Trd, 000195.733, 167
Trd, 000196.200, 173
Trd, 000197.433, 171
Trd, 000197.567, 173
Trd, 000197.900, 171
Trd, 000197.917, 171
Trd, 000198.217, 170
Trd, 000198.250, 169
Trd, 000199.333, 173
Trd, 000199.933, 174
Trd, 000200.500, 173
Trd, 000201.300, 174
Trd, 000201.717, 169
Trd, 000202.117, 175
Trd, 000204.333, 177
Trd, 000205.167, 171
Trd, 000205.283, 169
Trd, 000206.100, 168
Trd, 000206.483, 175
Trd, 000206.583, 167
Trd, 000207.917, 172
Trd, 000209.450, 170
Trd, 000209.583, 171
Trd, 000209.983, 170
Trd, 000210.033, 171
Trd, 000210.233, 172
Trd, 000210.267, 179
Trd, 000211.633, 170
Trd, 000211.667, 169
Trd, 000212.083, 174
Trd, 000213.067, 168
Trd, 000213.500, 174
Trd, 000214.550, 167
Trd, 000215.250, 165
Trd, 000215.817, 172
Trd, 000216.350, 166
Trd, 000216.417, 171
Trd, 000216.967, 175
Trd, 000218.083, 166
Trd, 000218.733, 166
Trd, 000218.900, 165
Trd, 000218.967, 173
Trd, 000219.450, 172
Trd, 000220.783, 173
Trd, 000220.817, 174
Trd, 000221.717, 171
Trd, 000222.383, 177
Trd, 000222.633, 171
Trd, 000223.233, 171
Trd, 000224.000, 176
Trd, 000224.833, 175
Trd, 000225.050, 177
Trd, 000226.650, 173
Trd, 000226.700, 179
Trd, 000227.183, 172
Trd, 000227.550, 178
Trd, 000227.717, 179
Trd, 000229.400, 180
Trd, 000230.567, 179
Trd, 000231.283, 176
Trd, 000232.217, 176
Trd, 000233.033, 185
Trd, 000233.283, 175
Trd, 000233.433, 174
Trd, 000233.500, 184
Trd, 000235.083, 185
Trd, 000235.100, 180
Trd, 000235.400, 185
Trd, 000235.700, 172
Trd, 000236.883, 178
Trd, 000237.250, 171
Trd, 000237.517, 176
Trd, 000238.017, 175
Trd, 000238.533, 176
Trd, 000238.633, 176
Trd, 000238.650, 175
Trd, 000238.683, 165
Trd, 000239.567, 179
Trd, 000239.633, 172
Trd, 000241.083, 178
Trd, 000241.417, 176
Trd, 000242.083, 178
Trd, 000242.750, 179
Trd, 000243.000, 189
Trd, 000243.250, 175
Trd, 000243.450, 175
Trd, 000244.283, 178
Trd, 000244.700, 166
Trd, 000244.967, 179
Trd, 000246.233, 170
Trd, 000246.400, 174
Trd, 000247.350, 176
Trd, 000247.550, 183
Trd, 000247.633, 174
Trd, 000249.217, 177
Trd, 000249.267, 177
Trd, 000249.283, 179
Trd, 000249.500, 176
Trd, 000250.067, 186
Trd, 000250.767, 175
Trd, 000251.317, 178
Trd, 000251.550, 175
Trd, 000251.567, 173
Trd, 000251.833, 174
Trd, 000252.333, 172
Trd, 000252.483, 179
Trd, 000253.950, 172
Trd, 000254.383, 173
Trd, 000254.717, 171
Trd, 000255.117, 174
Trd, 000256.267, 172
Trd, 000256.367, 171
Trd, 000256.550, 174
Trd, 000256.817, 179
Trd, 000256.983, 180
Trd, 000257.283, 175
Trd, 000257.783, 175
Trd, 000258.450, 178
Trd, 000259.833, 184
Trd, 000259.867, 176
Trd, 000260.017, 176
Trd, 000260.267, 182
Trd, 000260.350, 185
Trd, 000260.750, 182
Trd, 000261.083, 177
Trd, 000261.350, 176
Trd, 000261.450, 175
Trd, 000261.567, 181
Trd, 000262.133, 179
Trd, 000262.367, 181
Trd, 000263.617, 184
Trd, 000264.050, 174
Trd, 000265.317, 182
Trd, 000265.567, 179
Trd, 000266.867, 180
Trd, 000266.933, 182
Trd, 000267.167, 179
Trd, 000268.050, 179
Trd, 000268.483, 180
Trd, 000268.817, 180
Trd, 000268.867, 181
Trd, 000269.350, 189
Trd, 000270.217, 189
Trd, 000270.833, 189
Trd, 000271.050, 188
Trd, 000271.567, 188
Trd, 000272.167, 186
Trd, 000272.733, 186
Trd, 000273.267, 186
Trd, 000274.017, 185
Trd, 000274.100, 187
Trd, 000274.150, 185
Trd, 000274.333, 182
Trd, 000275.083, 187
Trd, 000275.167, 182
Trd, 000276.600, 185
Trd, 000277.133, 187
Trd, 000277.633, 181
Trd, 000277.800, 176
Trd, 000278.000, 179
Trd, 000278.433, 185
Trd, 000278.717, 185
Trd, 000278.750, 186
Trd, 000279.883, 188
Trd, 000279.933, 185
Trd, 000280.383, 181
Trd, 000281.783, 180
Trd, 000281.800, 180
Trd, 000281.833, 183
Trd, 000282.450, 183
Trd, 000282.717, 186
Trd, 000282.733, 179
Trd, 000283.833, 190
Trd, 000284.300, 190
Trd, 000284.383, 187
Trd, 000284.467, 186
Trd, 000285.000, 180
Trd, 000285.350, 181
Trd, 000285.717, 179
Trd, 000285.817, 178
Trd, 000286.417, 181
Trd, 000287.500, 181
Trd, 000288.133, 181
Trd, 000288.717, 179
Trd, 000288.917, 178
Trd, 000289.050, 177
Trd, 000289.683, 170
Trd, 000290.333, 169
Trd, 000290.667, 170
Trd, 000291.200, 169
Trd, 000291.433, 168
Trd, 000291.767, 172
Trd, 000291.983, 177
Trd, 000293.333, 170
Trd, 000293.383, 177
Trd, 000294.117, 180
Trd, 000294.350, 179
Trd, 000294.567, 177
Trd, 000295.333, 182
Trd, 000295.817, 176
Trd, 000295.933, 184
Trd, 000296.233, 174
Trd, 000296.250, 175
Trd, 000297.033, 183
Trd, 000297.383, 173
Trd, 000298.867, 174
Trd, 000298.900, 186
