Trd, 000003.867, 154
Trd, 000003.900, 153
Trd, 000003.933, 152
Trd, 000004.417, 153
Trd, 000004.733, 152
Trd, 000004.800, 149
Trd, 000005.117, 147
Trd, 000005.300, 152
Trd, 000005.333, 144
Trd, 000005.750, 152
Trd, 000007.100, 152
Trd, 000007.167, 155
Trd, 000008.783, 153
Trd, 000009.250, 179
Trd, 000010.050, 176
Trd, 000010.317, 166
Trd, 000010.900, 165
Trd, 000010.917, 150
Trd, 000011.200, 158
Trd, 000011.467, 159
Trd, 000011.517, 160
Trd, 000011.983, 166
Trd, 000013.683, 160
Trd, 000013.983, 165
Trd, 000014.733, 166
Trd, 000015.200, 160
Trd, 000015.500, 159
Trd, 000016.000, 159
Trd, 000016.250, 151
Trd, 000016.883, 162
Trd, 000018.167, 157
Trd, 000018.783, 157
Trd, 000018.867, 157
Trd, 000019.033, 159
Trd, 000019.917, 158
Trd, 000020.000, 160
Trd, 000020.100, 163
Trd, 000022.283, 161
Trd, 000023.183, 160
Trd, 000023.350, 159
Trd, 000023.817, 161
Trd, 000025.517, 163
Trd, 000025.750, 161
Trd, 000026.033, 160
Trd, 000026.300, 163
Trd, 000026.867, 161
Trd, 000027.267, 163
Trd, 000028.700, 163
Trd, 000028.767, 163
Trd, 000029.333, 165
Trd, 000029.483, 161
Trd, 000029.867, 167
Trd, 000030.300, 182
Trd, 000030.500, 153
Trd, 000032.117, 155
Trd, 000033.250, 157
Trd, 000033.550, 151
Trd, 000034.583, 152
Trd, 000034.933, 154
Trd, 000035.183, 157
Trd, 000035.667, 154
Trd, 000035.817, 153
Trd, 000037.233, 154
Trd, 000037.367, 155
Trd, 000037.533, 154
Trd, 000037.900, 153
Trd, 000038.567, 149
Trd, 000039.117, 157
Trd, 000039.950, 155
Trd, 000040.400, 152
Trd, 000040.600, 154
Trd, 000040.767, 145
Trd, 000041.133, 151
Trd, 000041.333, 150
Trd, 000043.167, 151
Trd, 000043.450, 150
Trd, 000044.133, 149
Trd, 000044.150, 149
Trd, 000044.850, 148
Trd, 000045.233, 149
Trd, 000045.300, 155
Trd, 000045.867, 155
Trd, 000047.467, 151
Trd, 000047.783, 151
Trd, 000047.933, 150
Trd, 000048.717, 149
Trd, 000048.767, 151
Trd, 000049.150, 153
Trd, 000049.700, 151
Trd, 000050.133, 150
Trd, 000050.217, 155
Trd, 000050.733, 156
Trd, 000050.767, 150
Trd, 000050.833, 149
Trd, 000053.117, 153
Trd, 000053.517, 153
Trd, 000053.733, 154
Trd, 000053.933, 154
Trd, 000054.283, 156
Trd, 000054.567, 160
Trd, 000056.067, 156
Trd, 000056.333, 156
Trd, 000056.667, 160
Trd, 000057.000, 152
Trd, 000057.233, 170
Trd, 000057.567, 152
Trd, 000058.717, 160
Trd, 000059.083, 161
Trd, 000059.833, 162
Trd, 000062.433, 158
Trd, 000062.467, 159
Trd, 000063.000, 160
Trd, 000063.067, 155
Trd, 000063.083, 161
Trd, 000063.200, 154
Trd, 000063.400, 154
Trd, 000065.700, 155
Trd, 000065.950, 153
Trd, 000066.600, 153
Trd, 000066.750, 158
Trd, 000066.967, 160
Trd, 000068.367, 160
Trd, 000068.967, 154
Trd, 000070.217, 155
Trd, 000070.367, 154
Trd, 000071.233, 154
Trd, 000071.467, 155
Trd, 000071.650, 156
Trd, 000072.383, 151
Trd, 000074.633, 154
Trd, 000074.817, 152
Trd, 000075.083, 151
Trd, 000075.517, 151
Trd, 000075.550, 151
Trd, 000075.633, 150
Trd, 000075.650, 151
Trd, 000075.667, 152
Trd, 000075.967, 154
Trd, 000076.383, 151
Trd, 000077.833, 152
Trd, 000078.600, 152
Trd, 000078.733, 151
Trd, 000079.867, 151
Trd, 000079.917, 154
Trd, 000081.033, 151
Trd, 000081.300, 153
Trd, 000081.417, 150
Trd, 000081.767, 153
Trd, 000082.150, 159
Trd, 000084.183, 155
Trd, 000084.883, 155
Trd, 000085.450, 159
Trd, 000086.550, 157
Trd, 000087.617, 156
Trd, 000087.867, 156
Trd, 000088.250, 159
Trd, 000088.533, 159
Trd, 000089.167, 157
Trd, 000089.183, 155
Trd, 000089.300, 158
Trd, 000090.383, 157
Trd, 000091.400, 156
Trd, 000091.483, 156
Trd, 000093.667, 155
Trd, 000093.767, 156
Trd, 000094.100, 159
Trd, 000094.217, 160
Trd, 000094.717, 153
Trd, 000094.817, 153
Trd, 000096.383, 157
Trd, 000097.583, 157
Trd, 000098.633, 157
Trd, 000098.967, 157
Trd, 000099.100, 156
Trd, 000100.067, 157
Trd, 000100.133, 157
Trd, 000100.550, 156
Trd, 000101.750, 157
Trd, 000101.783, 156
Trd, 000104.117, 158
Trd, 000104.450, 161
Trd, 000105.033, 174
Trd, 000105.483, 157
Trd, 000105.583, 175
Trd, 000106.100, 188
Trd, 000106.167, 186
Trd, 000107.250, 159
Trd, 000109.150, 166
Trd, 000109.567, 171
Trd, 000109.867, 173
Trd, 000110.317, 160
Trd, 000111.167, 162
Trd, 000111.217, 163
Trd, 000111.417, 165
Trd, 000111.433, 168
Trd, 000112.333, 164
Trd, 000112.367, 163
Trd, 000112.800, 162
Trd, 000112.817, 161
Trd, 000113.267, 164
Trd, 000114.383, 161
Trd, 000115.383, 160
Trd, 000115.767, 160
Trd, 000117.500, 162
Trd, 000118.133, 161
Trd, 000118.183, 161
Trd, 000118.567, 160
Trd, 000119.800, 161
Trd, 000120.267, 160
Trd, 000120.367, 159
Trd, 000121.583, 160
Trd, 000121.633, 157
Trd, 000121.683, 162
Trd, 000123.600, 161
Trd, 000124.050, 159
Trd, 000124.650, 160
Trd, 000124.817, 159
Trd, 000125.167, 160
Trd, 000125.350, 161
Trd, 000125.417, 158
Trd, 000125.567, 157
Trd, 000126.783, 163
Trd, 000127.800, 164
Trd, 000128.000, 163
Trd, 000128.733, 163
Trd, 000128.750, 163
Trd, 000129.317, 164
Trd, 000129.750, 162
Trd, 000130.217, 161
Trd, 000130.467, 163
Trd, 000131.367, 158
Trd, 000132.267, 166
Trd, 000132.300, 168
Trd, 000133.183, 159
Trd, 000133.717, 175
Trd, 000134.483, 166
Trd, 000134.700, 167
Trd, 000135.800, 165
Trd, 000135.817, 164
Trd, 000136.500, 166
Trd, 000136.800, 164
Trd, 000136.867, 166
Trd, 000137.133, 163
Trd, 000138.250, 160
Trd, 000138.450, 158
Trd, 000138.567, 166
Trd, 000138.617, 154
Trd, 000139.483, 160
Trd, 000139.733, 162
Trd, 000140.933, 160
Trd, 000141.033, 161
Trd, 000142.783, 167
Trd, 000143.000, 168
Trd, 000143.167, 165
Trd, 000143.417, 168
Trd, 000145.850, 165
Trd, 000145.933, 165
Trd, 000146.117, 163
Trd, 000146.583, 164
Trd, 000146.817, 165
Trd, 000147.467, 164
Trd, 000147.933, 168
Trd, 000148.550, 166
Trd, 000148.567, 165
Trd, 000149.017, 181
Trd, 000149.817, 179
Trd, 000149.900, 180
Trd, 000151.533, 178
Trd, 000152.317, 167
Trd, 000153.000, 169
Trd, 000153.200, 168
Trd, 000153.683, 173
Trd, 000154.167, 172
Trd, 000154.700, 169
Trd, 000155.017, 166
Trd, 000155.817, 170
Trd, 000157.267, 167
Trd, 000157.817, 167
Trd, 000158.283, 165
Trd, 000158.517, 164
Trd, 000159.133, 165
Trd, 000159.717, 163
Trd, 000159.967, 165
Trd, 000160.050, 161
Trd, 000160.617, 156
Trd, 000161.183, 161
Trd, 000161.417, 165
Trd, 000162.200, 163
Trd, 000163.133, 165
Trd, 000163.267, 166
Trd, 000163.567, 166
Trd, 000164.167, 166
Trd, 000165.867, 158
Trd, 000165.967, 158
Trd, 000166.850, 166
Trd, 000166.917, 166
Trd, 000168.850, 166
Trd, 000169.133, 165
Trd, 000169.183, 166
Trd, 000169.917, 165
Trd, 000171.050, 163
Trd, 000171.067, 161
Trd, 000171.083, 170
Trd, 000173.350, 164
Trd, 000173.867, 164
Trd, 000174.067, 164
Trd, 000174.300, 168
Trd, 000174.417, 162
Trd, 000174.883, 166
Trd, 000175.667, 163
Trd, 000176.583, 164
Trd, 000177.100, 165
Trd, 000177.367, 166
Trd, 000178.150, 172
Trd, 000179.633, 167
Trd, 000180.250, 168
Trd, 000180.633, 165
Trd, 000180.933, 167
Trd, 000181.067, 165
Trd, 000181.450, 164
Trd, 000181.500, 162
Trd, 000182.383, 164
Trd, 000182.917, 160
Trd, 000182.950, 163
Trd, 000183.717, 162
Trd, 000184.267, 161
Trd, 000185.083, 161
Trd, 000185.450, 160
Trd, 000185.650, 162
Trd, 000185.883, 163
Trd, 000186.000, 168
Trd, 000186.933, 159
Trd, 000187.550, 167
Trd, 000188.683, 166
Trd, 000188.733, 167
Trd, 000189.067, 164
Trd, 000189.767, 167
Trd, 000189.800, 163
Trd, 000189.933, 163
Trd, 000190.583, 165
Trd, 000191.750, 170
Trd, 000192.400, 169
Trd, 000192.633, 164
Trd, 000193.500, 169
Trd, 000194.417, 166
Trd, 000194.567, 167
Trd, 000194.733, 170
Trd, 000194.850, 174
Trd, 000195.967, 169
Trd, 000197.017, 164
Trd, 000197.717, 168
Trd, 000197.950, 170
Trd, 000199.667, 168
Trd, 000200.050, 168
Trd, 000200.650, 166
Trd, 000201.200, 164
Trd, 000201.533, 164
Trd, 000201.667, 165
Trd, 000201.750, 161
Trd, 000203.333, 162
Trd, 000203.817, 163
Trd, 000204.500, 162
Trd, 000205.033, 163
Trd, 000206.183, 168
Trd, 000206.300, 169
Trd, 000206.917, 171
Trd, 000207.200, 163
Trd, 000207.317, 171
Trd, 000207.433, 165
Trd, 000208.617, 171
Trd, 000208.917, 185
Trd, 000210.717, 166
Trd, 000210.833, 171
Trd, 000212.567, 166
Trd, 000212.617, 167
Trd, 000212.900, 166
Trd, 000213.600, 166
Trd, 000214.250, 164
Trd, 000214.650, 164
Trd, 000215.383, 164
Trd, 000215.817, 164
Trd, 000216.450, 163
Trd, 000216.550, 170
Trd, 000216.967, 173
Trd, 000217.333, 165
Trd, 000218.050, 176
Trd, 000218.850, 187
Trd, 000221.067, 189
Trd, 000221.417, 176
Trd, 000222.300, 177
Trd, 000223.183, 180
Trd, 000223.350, 179
Trd, 000223.550, 179
Trd, 000224.150, 172
Trd, 000224.950, 171
Trd, 000225.217, 171
Trd, 000225.800, 163
Trd, 000226.017, 171
Trd, 000227.150, 170
Trd, 000227.217, 172
Trd, 000227.867, 170
Trd, 000228.233, 167
Trd, 000228.467, 173
Trd, 000228.650, 166
Trd, 000229.317, 169
Trd, 000229.667, 168
Trd, 000230.017, 172
Trd, 000231.700, 170
Trd, 000232.267, 169
Trd, 000232.683, 169
Trd, 000233.733, 173
Trd, 000233.950, 174
Trd, 000234.267, 170
Trd, 000235.983, 171
Trd, 000236.233, 171
Trd, 000236.883, 172
Trd, 000237.667, 171
Trd, 000237.767, 170
Trd, 000238.067, 167
Trd, 000238.467, 175
Trd, 000239.117, 167
Trd, 000240.100, 169
Trd, 000240.417, 171
Trd, 000240.467, 170
Trd, 000240.750, 168
Trd, 000241.200, 170
Trd, 000241.400, 170
Trd, 000241.750, 171
Trd, 000241.883, 172
Trd, 000242.567, 172
Trd, 000243.017, 174
Trd, 000243.100, 175
Trd, 000243.333, 176
Trd, 000243.950, 174
Trd, 000244.083, 178
Trd, 000244.500, 179
Trd, 000245.167, 189
Trd, 000245.467, 187
Trd, 000245.617, 184
Trd, 000246.483, 186
Trd, 000246.783, 186
Trd, 000246.817, 184
Trd, 000247.317, 183
Trd, 000248.083, 174
Trd, 000248.717, 171
Trd, 000248.967, 171
Trd, 000249.283, 170
Trd, 000249.617, 171
Trd, 000249.683, 173
Trd, 000250.317, 175
Trd, 000250.367, 172
Trd, 000250.483, 169
Trd, 000251.383, 173
Trd, 000251.683, 172
Trd, 000251.950, 172
Trd, 000252.433, 170
Trd, 000252.517, 170
Trd, 000252.867, 180
Trd, 000252.900, 172
Trd, 000253.550, 189
Trd, 000254.017, 172
Trd, 000255.483, 174
Trd, 000255.817, 174
Trd, 000255.933, 173
Trd, 000256.167, 177
Trd, 000256.283, 175
Trd, 000256.767, 173
Trd, 000256.800, 175
Trd, 000256.867, 171
Trd, 000256.917, 176
Trd, 000257.083, 177
Trd, 000257.133, 173
Trd, 000257.500, 169
Trd, 000257.600, 171
Trd, 000258.467, 177
Trd, 000258.600, 176
Trd, 000259.600, 178
Trd, 000260.567, 179
Trd, 000261.033, 180
Trd, 000261.250, 187
Trd, 000261.383, 187
Trd, 000261.500, 188
Trd, 000262.300, 185
Trd, 000262.467, 183
Trd, 000262.567, 185
Trd, 000262.683, 181
Trd, 000263.333, 187
Trd, 000263.750, 181
Trd, 000264.383, 181
Trd, 000264.750, 182
Trd, 000265.050, 181
Trd, 000265.417, 183
Trd, 000265.600, 183
Trd, 000266.433, 184
Trd, 000266.550, 187
Trd, 000267.033, 184
Trd, 000267.500, 183
Trd, 000267.667, 188
Trd, 000268.233, 186
Trd, 000268.283, 182
Trd, 000268.700, 178
Trd, 000269.950, 181
Trd, 000270.650, 181
Trd, 000270.667, 177
Trd, 000270.800, 178
Trd, 000270.867, 176
Trd, 000271.367, 182
Trd, 000271.883, 179
Trd, 000272.383, 179
Trd, 000272.783, 174
Trd, 000273.950, 179
Trd, 000274.633, 186
Trd, 000274.733, 192
Trd, 000275.233, 182
Trd, 000275.367, 173
Trd, 000276.267, 175
Trd, 000276.767, 176
Trd, 000277.033, 177
Trd, 000277.317, 178
Trd, 000277.933, 182
Trd, 000278.017, 183
Trd, 000278.200, 178
Trd, 000278.217, 175
Trd, 000278.967, 186
Trd, 000279.367, 187
Trd, 000279.483, 172
Trd, 000279.600, 185
Trd, 000280.183, 191
Trd, 000280.800, 183
Trd, 000281.200, 187
Trd, 000281.400, 185
Trd, 000281.533, 184
Trd, 000281.950, 185
Trd, 000282.300, 184
Trd, 000282.700, 187
Trd, 000283.967, 186
Trd, 000284.433, 186
Trd, 000284.583, 186
Trd, 000284.600, 183
Trd, 000284.633, 183
Trd, 000284.650, 188
Trd, 000284.867, 194
Trd, 000285.050, 178
Trd, 000285.117, 175
Trd, 000286.017, 170
Trd, 000286.150, 162
Trd, 000286.283, 180
Trd, 000286.633, 173
Trd, 000287.317, 173
Trd, 000288.933, 174
Trd, 000289.200, 177
Trd, 000289.400, 173
Trd, 000290.050, 178
Trd, 000290.217, 179
Trd, 000290.933, 183
Trd, 000291.367, 178
Trd, 000291.467, 181
Trd, 000291.500, 182
Trd, 000291.633, 184
Trd, 000292.333, 179
Trd, 000292.800, 180
Trd, 000293.117, 196
Trd, 000293.783, 190
Trd, 000293.950, 185
Trd, 000294.317, 184
Trd, 000294.483, 184
Trd, 000294.817, 188
Trd, 000294.900, 189
Trd, 000295.267, 179
Trd, 000295.383, 185
Trd, 000295.500, 186
Trd, 000295.700, 189
Trd, 000295.717, 179
Trd, 000295.733, 179
Trd, 000296.550, 179
Trd, 000297.717, 178
Trd, 000299.650, 183
Trd, 000299.750, 184
