Trd, 000001.050, 127
Trd, 000001.833, 121
Trd, 000002.633, 148
Trd, 000003.983, 129
Trd, 000004.817, 136
Trd, 000005.600, 135
Trd, 000005.750, 137
Trd, 000005.900, 137
Trd, 000006.033, 134
Trd, 000008.117, 137
Trd, 000008.850, 136
Trd, 000009.700, 135
Trd, 000009.983, 136
Trd, 000010.567, 133
Trd, 000011.583, 134
Trd, 000012.850, 137
Trd, 000013.917, 136
Trd, 000013.967, 137
Trd, 000014.600, 138
Trd, 000015.250, 141
Trd, 000016.267, 142
Trd, 000017.550, 140
Trd, 000017.683, 140
Trd, 000018.183, 140
Trd, 000019.333, 140
Trd, 000020.717, 140
Trd, 000020.883, 138
Trd, 000020.950, 141
Trd, 000021.300, 140
Trd, 000021.683, 142
Trd, 000022.583, 140
Trd, 000023.100, 140
Trd, 000024.233, 141
Trd, 000025.033, 139
Trd, 000026.433, 140
Trd, 000026.517, 141
Trd, 000028.917, 140
Trd, 000029.533, 140
Trd, 000029.617, 140
Trd, 000029.867, 140
Trd, 000030.033, 139
Trd, 000031.267, 139
Trd, 000031.367, 138
Trd, 000031.633, 140
Trd, 000032.400, 137
Trd, 000032.433, 139
Trd, 000032.867, 138
Trd, 000033.067, 144
Trd, 000035.367, 147
Trd, 000035.967, 146
Trd, 000036.433, 143
Trd, 000037.667, 149
Trd, 000039.333, 148
Trd, 000039.817, 149
Trd, 000039.833, 148
Trd, 000039.967, 147
Trd, 000040.833, 148
Trd, 000042.033, 147
Trd, 000042.400, 149
Trd, 000042.783, 146
Trd, 000043.650, 145
Trd, 000044.100, 146
Trd, 000044.583, 147
Trd, 000044.617, 148
Trd, 000046.050, 146
Trd, 000046.750, 146
Trd, 000047.717, 148
Trd, 000048.233, 146
Trd, 000048.917, 145
Trd, 000049.300, 144
Trd, 000052.533, 146
Trd, 000053.400, 146
Trd, 000054.950, 146
Trd, 000055.000, 146
Trd, 000055.067, 144
Trd, 000055.900, 146
Trd, 000056.150, 145
Trd, 000056.267, 144
Trd, 000057.067, 145
Trd, 000057.550, 144
Trd, 000058.150, 145
Trd, 000058.800, 145
Trd, 000058.833, 144
Trd, 000059.650, 140
Trd, 000061.733, 142
Trd, 000062.400, 141
Trd, 000063.000, 142
Trd, 000063.417, 143
Trd, 000064.083, 147
Trd, 000064.700, 141
Trd, 000065.567, 142
Trd, 000066.100, 143
Trd, 000067.433, 143
Trd, 000067.750, 144
Trd, 000068.550, 144
Trd, 000069.900, 143
Trd, 000070.600, 143
Trd, 000070.650, 143
Trd, 000070.783, 144
Trd, 000071.567, 142
Trd, 000071.650, 143
Trd, 000071.800, 138
Trd, 000072.767, 142
Trd, 000073.550, 135
Trd, 000074.500, 143
Trd, 000075.300, 140
Trd, 000075.633, 148
Trd, 000076.550, 145
Trd, 000077.200, 142
Trd, 000077.317, 142
Trd, 000078.100, 141
Trd, 000080.117, 144
Trd, 000080.250, 145
Trd, 000080.383, 145
Trd, 000082.983, 145
Trd, 000083.267, 146
Trd, 000083.750, 147
Trd, 000084.617, 145
Trd, 000085.117, 144
Trd, 000085.933, 145
Trd, 000086.117, 145
Trd, 000087.050, 144
Trd, 000087.467, 149
Trd, 000087.567, 144
Trd, 000088.650, 145
Trd, 000089.167, 147
Trd, 000089.633, 147
Trd, 000089.917, 147
Trd, 000090.267, 140
Trd, 000090.933, 145
Trd, 000091.700, 146
Trd, 000092.017, 146
Trd, 000092.683, 150
Trd, 000092.700, 145
Trd, 000092.850, 144
Trd, 000094.083, 146
Trd, 000094.967, 145
Trd, 000095.117, 146
Trd, 000097.250, 145
Trd, 000097.417, 146
Trd, 000097.967, 145
Trd, 000098.233, 147
Trd, 000098.700, 147
Trd, 000099.233, 147
Trd, 000099.650, 146
Trd, 000100.350, 147
Trd, 000101.967, 151
Trd, 000102.533, 153
Trd, 000102.800, 154
Trd, 000104.433, 157
Trd, 000104.750, 161
Trd, 000104.867, 156
Trd, 000105.417, 158
Trd, 000105.467, 157
Trd, 000106.167, 158
Trd, 000107.317, 159
Trd, 000107.583, 158
Trd, 000108.233, 158
Trd, 000108.483, 159
Trd, 000108.900, 161
Trd, 000108.983, 158
Trd, 000110.583, 158
Trd, 000111.917, 158
Trd, 000111.983, 157
Trd, 000112.833, 159
Trd, 000112.983, 157
Trd, 000114.117, 155
Trd, 000114.333, 159
Trd, 000114.617, 156
Trd, 000115.967, 155
Trd, 000116.217, 156
Trd, 000117.183, 155
Trd, 000117.733, 156
Trd, 000117.833, 155
Trd, 000118.100, 160
Trd, 000119.700, 156
Trd, 000119.750, 159
Trd, 000120.000, 158
Trd, 000121.917, 157
Trd, 000123.633, 156
Trd, 000124.417, 157
Trd, 000124.517, 157
Trd, 000124.900, 156
Trd, 000124.983, 156
Trd, 000125.783, 156
Trd, 000126.150, 155
Trd, 000126.717, 155
Trd, 000126.817, 154
Trd, 000127.200, 156
Trd, 000128.567, 154
Trd, 000129.900, 156
Trd, 000131.250, 155
Trd, 000132.017, 154
Trd, 000132.183, 154
Trd, 000132.267, 153
Trd, 000132.850, 150
Trd, 000134.533, 150
Trd, 000134.833, 147
Trd, 000136.417, 151
Trd, 000136.967, 154
Trd, 000138.033, 158
Trd, 000138.350, 156
Trd, 000138.617, 154
Trd, 000139.567, 157
Trd, 000139.950, 155
Trd, 000140.567, 154
Trd, 000140.633, 155
Trd, 000141.367, 154
Trd, 000142.367, 154
Trd, 000143.283, 153
Trd, 000143.517, 155
Trd, 000144.183, 155
Trd, 000145.500, 156
Trd, 000145.700, 156
Trd, 000146.283, 156
Trd, 000146.733, 158
Trd, 000147.717, 155
Trd, 000148.533, 155
Trd, 000149.800, 155
Trd, 000149.983, 155
Trd, 000150.350, 157
Trd, 000151.000, 157
Trd, 000151.083, 155
Trd, 000151.583, 156
Trd, 000151.733, 155
Trd, 000152.517, 157
Trd, 000153.300, 152
Trd, 000153.533, 156
Trd, 000153.600, 151
Trd, 000154.433, 156
Trd, 000155.867, 156
Trd, 000157.400, 159
Trd, 000157.550, 155
Trd, 000158.967, 155
Trd, 000159.850, 155
Trd, 000160.050, 156
Trd, 000160.500, 155
Trd, 000160.867, 158
Trd, 000161.117, 154
Trd, 000162.200, 157
Trd, 000163.017, 160
Trd, 000163.217, 155
Trd, 000163.967, 155
Trd, 000164.583, 157
Trd, 000164.617, 156
Trd, 000165.483, 156
Trd, 000165.567, 159
Trd, 000165.883, 160
Trd, 000167.033, 160
Trd, 000167.267, 155
Trd, 000168.000, 158
Trd, 000168.167, 157
Trd, 000168.733, 160
Trd, 000169.950, 162
Trd, 000170.183, 161
Trd, 000170.233, 164
Trd, 000171.317, 161
Trd, 000171.850, 162
Trd, 000172.067, 162
Trd, 000172.317, 161
Trd, 000172.767, 161
Trd, 000172.783, 160
Trd, 000173.383, 162
Trd, 000174.750, 159
Trd, 000175.300, 158
Trd, 000175.667, 158
Trd, 000175.883, 159
Trd, 000176.550, 159
Trd, 000177.050, 161
Trd, 000177.067, 162
Trd, 000178.633, 161
Trd, 000178.683, 165
Trd, 000179.117, 166
Trd, 000179.450, 161
Trd, 000179.967, 166
Trd, 000181.167, 166
Trd, 000181.283, 165
Trd, 000182.433, 166
Trd, 000182.583, 166
Trd, 000183.117, 165
Trd, 000183.333, 165
Trd, 000183.367, 150
Trd, 000183.950, 155
Trd, 000184.533, 161
Trd, 000185.433, 159
Trd, 000185.633, 155
Trd, 000187.017, 160
Trd, 000187.350, 158
Trd, 000187.967, 159
Trd, 000188.700, 160
Trd, 000189.283, 157
Trd, 000190.783, 159
Trd, 000191.033, 160
Trd, 000191.167, 187
Trd, 000191.717, 162
Trd, 000192.167, 160
Trd, 000193.350, 161
Trd, 000193.683, 160
Trd, 000194.250, 164
Trd, 000194.383, 160
Trd, 000194.683, 164
Trd, 000195.517, 163
Trd, 000197.667, 163
Trd, 000197.917, 164
Trd, 000198.617, 163
Trd, 000199.083, 163
Trd, 000199.500, 164
Trd, 000199.517, 161
Trd, 000199.667, 164
Trd, 000199.750, 159
Trd, 000201.900, 160
Trd, 000202.833, 162
Trd, 000203.133, 162
Trd, 000203.883, 162
Trd, 000204.500, 162
Trd, 000204.950, 161
Trd, 000205.617, 158
Trd, 000207.067, 161
Trd, 000207.317, 161
Trd, 000207.417, 158
Trd, 000207.800, 160
Trd, 000208.383, 158
Trd, 000209.100, 158
Trd, 000209.117, 163
Trd, 000209.700, 152
Trd, 000211.217, 162
Trd, 000211.500, 160
Trd, 000211.917, 158
Trd, 000212.650, 159
Trd, 000213.250, 158
Trd, 000213.367, 160
Trd, 000213.467, 162
Trd, 000214.550, 160
Trd, 000214.933, 162
Trd, 000215.300, 162
Trd, 000215.650, 158
Trd, 000215.900, 152
Trd, 000217.117, 162
Trd, 000218.750, 160
Trd, 000218.833, 163
Trd, 000219.317, 162
Trd, 000219.633, 163
Trd, 000219.750, 161
Trd, 000220.017, 165
Trd, 000220.483, 160
Trd, 000221.700, 158
Trd, 000222.567, 158
Trd, 000222.783, 157
Trd, 000223.767, 158
Trd, 000224.483, 157
Trd, 000225.017, 159
Trd, 000225.400, 160
Trd, 000226.950, 159
Trd, 000227.500, 160
Trd, 000227.767, 160
Trd, 000228.317, 161
Trd, 000228.717, 160
Trd, 000230.667, 160
Trd, 000231.117, 161
Trd, 000231.583, 164
Trd, 000232.183, 159
Trd, 000233.133, 161
Trd, 000233.267, 162
Trd, 000233.633, 167
Trd, 000235.850, 164
Trd, 000236.017, 163
Trd, 000236.550, 164
Trd, 000237.467, 166
Trd, 000238.250, 167
Trd, 000238.883, 167
Trd, 000239.217, 166
Trd, 000239.750, 166
Trd, 000240.067, 165
Trd, 000240.400, 167
Trd, 000240.667, 168
Trd, 000240.833, 169
Trd, 000241.217, 168
Trd, 000241.367, 166
Trd, 000241.833, 166
Trd, 000242.117, 167
Trd, 000242.567, 165
Trd, 000243.233, 172
Trd, 000243.583, 164
Trd, 000243.900, 163
Trd, 000243.933, 161
Trd, 000244.733, 168
Trd, 000245.383, 166
Trd, 000245.600, 166
Trd, 000245.667, 165
Trd, 000246.167, 165
Trd, 000247.500, 163
Trd, 000248.133, 162
Trd, 000249.083, 163
Trd, 000249.567, 163
Trd, 000249.733, 163
Trd, 000249.817, 162
Trd, 000250.283, 169
Trd, 000250.550, 165
Trd, 000250.783, 164
Trd, 000251.983, 170
Trd, 000252.267, 171
Trd, 000252.967, 170
Trd, 000252.983, 166
Trd, 000253.050, 171
Trd, 000253.483, 169
Trd, 000254.267, 170
Trd, 000254.617, 170
Trd, 000255.300, 169
Trd, 000255.417, 168
Trd, 000256.367, 170
Trd, 000256.467, 167
Trd, 000256.733, 170
Trd, 000256.817, 170
Trd, 000257.483, 173
Trd, 000258.267, 170
Trd, 000258.617, 172
Trd, 000258.717, 171
Trd, 000259.617, 174
Trd, 000259.733, 174
Trd, 000260.017, 174
Trd, 000260.183, 170
Trd, 000261.067, 163
Trd, 000261.900, 171
Trd, 000262.533, 170
Trd, 000262.667, 171
Trd, 000263.317, 169
Trd, 000263.333, 171
Trd, 000263.717, 171
Trd, 000263.983, 168
Trd, 000264.117, 169
Trd, 000264.300, 167
Trd, 000265.000, 167
Trd, 000265.033, 168
Trd, 000265.533, 167
Trd, 000266.383, 167
Trd, 000267.017, 166
Trd, 000267.383, 159
Trd, 000267.583, 160
Trd, 000268.350, 165
Trd, 000268.417, 160
Trd, 000269.050, 170
Trd, 000269.633, 162
Trd, 000269.800, 171
Trd, 000270.733, 178
Trd, 000271.200, 175
Trd, 000271.333, 173
Trd, 000271.583, 173
Trd, 000271.883, 174
Trd, 000272.300, 172
Trd, 000272.567, 171
Trd, 000272.650, 175
Trd, 000274.550, 178
Trd, 000274.900, 176
Trd, 000274.983, 175
Trd, 000275.183, 175
Trd, 000275.233, 175
Trd, 000275.683, 174
Trd, 000275.783, 170
Trd, 000275.850, 170
Trd, 000276.567, 175
Trd, 000276.850, 173
Trd, 000277.333, 166
Trd, 000277.433, 177
Trd, 000277.833, 178
Trd, 000278.450, 176
Trd, 000279.017, 183
Trd, 000279.200, 181
Trd, 000279.417, 179
Trd, 000279.983, 187
Trd, 000280.200, 182
Trd, 000280.417, 177
Trd, 000281.400, 179
Trd, 000281.467, 179
Trd, 000283.117, 182
Trd, 000283.383, 178
Trd, 000284.017, 177
Trd, 000284.683, 176
Trd, 000284.767, 179
Trd, 000284.950, 176
Trd, 000285.250, 179
Trd, 000285.300, 179
Trd, 000285.483, 181
Trd, 000285.667, 183
Trd, 000286.200, 183
Trd, 000286.833, 180
Trd, 000287.867, 180
Trd, 000287.917, 179
Trd, 000287.950, 176
Trd, 000288.583, 177
Trd, 000289.633, 178
Trd, 000289.650, 180
Trd, 000289.917, 176
Trd, 000289.983, 180
Trd, 000290.217, 183
Trd, 000290.300, 176
Trd, 000290.567, 183
Trd, 000291.833, 183
Trd, 000292.050, 177
Trd, 000292.300, 180
Trd, 000293.000, 177
Trd, 000293.283, 177
Trd, 000293.533, 179
Trd, 000293.800, 176
Trd, 000294.900, 177
Trd, 000295.167, 175
Trd, 000295.300, 175
Trd, 000295.533, 177
Trd, 000296.900, 174
Trd, 000297.000, 173
Trd, 000297.050, 164
Trd, 000298.183, 171
Trd, 000298.983, 171
Trd, 000299.400, 167
Trd, 000299.533, 171
