Trd, 000002.067, 121
Trd, 000002.767, 131
Trd, 000002.833, 167
Trd, 000003.067, 134
Trd, 000003.100, 166
Trd, 000004.450, 166
Trd, 000004.800, 161
Trd, 000005.967, 173
Trd, 000006.133, 160
Trd, 000006.217, 160
Trd, 000006.733, 156
Trd, 000007.800, 152
Trd, 000008.383, 150
Trd, 000008.700, 152
Trd, 000008.750, 160
Trd, 000008.917, 142
Trd, 000009.150, 136
Trd, 000010.750, 145
Trd, 000010.767, 146
Trd, 000011.133, 147
Trd, 000011.700, 149
Trd, 000011.967, 149
Trd, 000012.167, 149
Trd, 000012.433, 148
Trd, 000012.900, 148
Trd, 000013.067, 152
Trd, 000013.833, 159
Trd, 000014.050, 151
Trd, 000014.883, 151
Trd, 000015.517, 158
Trd, 000015.733, 156
Trd, 000016.400, 160
Trd, 000018.467, 161
Trd, 000019.083, 157
Trd, 000019.417, 166
Trd, 000019.817, 167
Trd, 000020.183, 168
Trd, 000021.133, 173
Trd, 000021.167, 167
Trd, 000021.367, 173
Trd, 000022.183, 165
Trd, 000022.783, 167
Trd, 000023.767, 169
Trd, 000024.867, 167
Trd, 000025.150, 168
Trd, 000025.500, 166
Trd, 000026.150, 168
Trd, 000027.067, 167
Trd, 000027.300, 168
Trd, 000027.567, 167
Trd, 000028.883, 169
Trd, 000029.750, 167
Trd, 000029.833, 166
Trd, 000030.150, 166
Trd, 000030.867, 145
Trd, 000031.083, 162
Trd, 000032.283, 158
Trd, 000032.617, 159
Trd, 000033.083, 158
Trd, 000034.883, 155
Trd, 000035.067, 151
Trd, 000035.217, 155
Trd, 000036.367, 153
Trd, 000036.517, 154
Trd, 000037.317, 153
Trd, 000037.783, 151
Trd, 000038.250, 148
Trd, 000038.783, 151
Trd, 000039.150, 150
Trd, 000039.367, 151
Trd, 000040.633, 149
Trd, 000040.950, 142
Trd, 000040.967, 155
Trd, 000040.983, 162
Trd, 000041.683, 143
Trd, 000042.250, 153
Trd, 000043.683, 149
Trd, 000044.217, 149
Trd, 000044.917, 149
Trd, 000045.117, 155
Trd, 000045.733, 148
Trd, 000045.900, 161
Trd, 000046.733, 151
Trd, 000048.233, 149
Trd, 000048.717, 150
Trd, 000048.983, 149
Trd, 000049.017, 150
Trd, 000049.083, 148
Trd, 000049.450, 161
Trd, 000050.867, 154
Trd, 000051.550, 154
Trd, 000052.050, 147
Trd, 000052.833, 153
Trd, 000053.383, 152
Trd, 000053.600, 153
Trd, 000055.550, 152
Trd, 000055.867, 153
Trd, 000056.650, 154
Trd, 000057.183, 156
Trd, 000057.850, 153
Trd, 000058.333, 153
Trd, 000058.417, 151
Trd, 000058.617, 152
Trd, 000059.633, 153
Trd, 000060.067, 154
Trd, 000060.200, 155
Trd, 000061.800, 154
Trd, 000062.250, 155
Trd, 000063.533, 154
Trd, 000063.733, 152
Trd, 000063.750, 154
Trd, 000064.217, 152
Trd, 000064.467, 152
Trd, 000064.633, 150
Trd, 000066.133, 151
Trd, 000066.517, 153
Trd, 000067.267, 154
Trd, 000068.550, 149
Trd, 000069.267, 151
Trd, 000069.433, 153
Trd, 000069.533, 154
Trd, 000069.550, 140
Trd, 000069.983, 141
Trd, 000071.633, 146
Trd, 000071.650, 147
Trd, 000071.900, 145
Trd, 000072.333, 144
Trd, 000072.933, 143
Trd, 000073.450, 146
Trd, 000074.667, 145
Trd, 000074.867, 147
Trd, 000075.200, 150
Trd, 000075.367, 144
Trd, 000075.533, 165
Trd, 000076.483, 146
Trd, 000076.867, 147
Trd, 000078.133, 150
Trd, 000079.300, 151
Trd, 000079.533, 152
Trd, 000079.600, 153
Trd, 000079.667, 154
Trd, 000080.183, 164
Trd, 000080.517, 164
Trd, 000080.683, 165
Trd, 000081.150, 163
Trd, 000081.467, 158
Trd, 000082.367, 166
Trd, 000084.517, 162
Trd, 000084.817, 162
Trd, 000084.967, 158
Trd, 000086.167, 159
Trd, 000086.183, 160
Trd, 000086.600, 158
Trd, 000086.633, 161
Trd, 000087.733, 160
Trd, 000088.483, 161
Trd, 000088.583, 163
Trd, 000088.750, 164
Trd, 000089.283, 164
Trd, 000089.683, 181
Trd, 000090.500, 162
Trd, 000090.800, 171
Trd, 000091.500, 168
Trd, 000092.450, 166
Trd, 000093.600, 164
Trd, 000093.733, 164
Trd, 000094.183, 163
Trd, 000094.433, 162
Trd, 000094.483, 164
Trd, 000095.667, 163
Trd, 000096.200, 163
Trd, 000097.450, 163
Trd, 000098.267, 162
Trd, 000098.717, 164
Trd, 000099.583, 162
Trd, 000099.867, 158
Trd, 000100.267, 163
Trd, 000100.950, 163
Trd, 000101.017, 164
Trd, 000101.133, 162
Trd, 000101.533, 161
Trd, 000102.450, 158
Trd, 000103.017, 159
Trd, 000103.233, 160
Trd, 000103.467, 168
Trd, 000104.533, 166
Trd, 000104.550, 165
Trd, 000105.700, 165
Trd, 000105.917, 166
Trd, 000106.183, 166
Trd, 000107.133, 170
Trd, 000108.650, 177
Trd, 000109.200, 178
Trd, 000109.283, 172
Trd, 000109.683, 172
Trd, 000111.033, 177
Trd, 000111.433, 173
Trd, 000112.517, 172
Trd, 000112.833, 173
Trd, 000113.017, 172
Trd, 000114.117, 171
Trd, 000114.267, 171
Trd, 000114.733, 170
Trd, 000115.050, 171
Trd, 000115.633, 166
Trd, 000115.750, 172
Trd, 000116.433, 170
Trd, 000116.633, 167
Trd, 000117.417, 171
Trd, 000117.917, 168
Trd, 000118.050, 167
Trd, 000118.417, 159
Trd, 000119.783, 167
Trd, 000119.983, 161
Trd, 000121.200, 162
Trd, 000121.417, 170
Trd, 000123.017, 173
Trd, 000123.067, 161
Trd, 000124.700, 167
Trd, 000125.017, 165
Trd, 000125.633, 166
Trd, 000125.650, 165
Trd, 000125.767, 167
Trd, 000127.067, 163
Trd, 000127.133, 168
Trd, 000128.133, 164
Trd, 000128.717, 162
Trd, 000129.517, 165
Trd, 000129.733, 155
Trd, 000129.817, 166
Trd, 000130.400, 158
Trd, 000130.617, 158
Trd, 000130.783, 160
Trd, 000131.333, 161
Trd, 000131.483, 168
Trd, 000131.900, 184
Trd, 000132.033, 161
Trd, 000133.067, 181
Trd, 000133.717, 165
Trd, 000134.033, 173
Trd, 000134.400, 168
Trd, 000135.717, 172
Trd, 000136.317, 170
Trd, 000136.850, 156
Trd, 000137.350, 156
Trd, 000137.733, 164
Trd, 000138.083, 165
Trd, 000138.517, 165
Trd, 000138.567, 166
Trd, 000139.017, 158
Trd, 000139.200, 167
Trd, 000140.150, 165
Trd, 000140.400, 156
Trd, 000140.700, 165
Trd, 000142.800, 160
Trd, 000142.900, 159
Trd, 000144.183, 159
Trd, 000144.383, 160
Trd, 000144.400, 161
Trd, 000145.367, 160
Trd, 000146.117, 161
Trd, 000146.317, 160
Trd, 000146.483, 165
Trd, 000148.017, 160
Trd, 000148.717, 159
Trd, 000148.917, 161
Trd, 000149.183, 161
Trd, 000149.417, 161
Trd, 000149.817, 160
Trd, 000150.333, 160
Trd, 000151.150, 165
Trd, 000151.350, 166
Trd, 000152.800, 184
Trd, 000152.950, 170
Trd, 000153.783, 172
Trd, 000154.067, 167
Trd, 000154.650, 171
Trd, 000155.783, 170
Trd, 000155.917, 172
Trd, 000156.383, 168
Trd, 000156.400, 163
Trd, 000157.017, 169
Trd, 000159.317, 161
Trd, 000160.317, 161
Trd, 000160.400, 163
Trd, 000160.583, 163
Trd, 000161.017, 164
Trd, 000161.117, 166
Trd, 000161.200, 167
Trd, 000161.367, 174
Trd, 000161.967, 188
Trd, 000162.183, 172
Trd, 000163.783, 183
Trd, 000164.017, 179
Trd, 000164.550, 180
Trd, 000164.833, 178
Trd, 000165.450, 179
Trd, 000165.483, 178
Trd, 000165.733, 177
Trd, 000165.967, 171
Trd, 000167.117, 174
Trd, 000167.167, 175
Trd, 000167.267, 188
Trd, 000169.783, 179
Trd, 000170.400, 177
Trd, 000171.017, 179
Trd, 000171.467, 178
Trd, 000171.750, 178
Trd, 000172.117, 176
Trd, 000172.517, 175
Trd, 000172.967, 176
Trd, 000173.450, 177
Trd, 000174.167, 176
Trd, 000174.300, 172
Trd, 000174.700, 176
Trd, 000174.833, 177
Trd, 000175.033, 174
Trd, 000175.267, 165
Trd, 000176.833, 172
Trd, 000177.150, 174
Trd, 000177.600, 151
Trd, 000178.150, 161
Trd, 000178.517, 160
Trd, 000178.717, 162
Trd, 000178.867, 168
Trd, 000179.300, 165
Trd, 000180.650, 162
Trd, 000182.483, 162
Trd, 000182.583, 160
Trd, 000183.500, 162
Trd, 000183.750, 160
Trd, 000183.883, 162
Trd, 000184.433, 159
Trd, 000185.200, 161
Trd, 000185.417, 160
Trd, 000186.083, 158
Trd, 000186.250, 159
Trd, 000186.550, 160
Trd, 000186.667, 151
Trd, 000186.750, 169
Trd, 000188.200, 165
Trd, 000189.150, 160
Trd, 000190.800, 166
Trd, 000190.933, 166
Trd, 000191.083, 167
Trd, 000191.217, 170
Trd, 000191.650, 164
Trd, 000192.483, 168
Trd, 000193.950, 167
Trd, 000194.233, 166
Trd, 000194.300, 163
Trd, 000195.733, 165
Trd, 000195.883, 162
Trd, 000196.250, 161
Trd, 000196.467, 162
Trd, 000196.533, 166
Trd, 000197.650, 164
Trd, 000198.633, 167
Trd, 000198.767, 171
Trd, 000199.750, 165
Trd, 000201.000, 169
Trd, 000201.417, 169
Trd, 000201.533, 171
Trd, 000202.300, 172
Trd, 000202.350, 169
Trd, 000203.583, 170
Trd, 000203.667, 168
Trd, 000203.867, 170
Trd, 000204.283, 167
Trd, 000204.317, 167
Trd, 000206.333, 170
Trd, 000206.367, 172
Trd, 000207.167, 168
Trd, 000207.467, 170
Trd, 000207.850, 170
Trd, 000208.033, 170
Trd, 000208.517, 170
Trd, 000208.800, 169
Trd, 000209.317, 171
Trd, 000209.850, 168
Trd, 000211.150, 167
Trd, 000212.033, 166
Trd, 000212.150, 166
Trd, 000212.500, 165
Trd, 000212.967, 167
Trd, 000213.017, 166
Trd, 000213.317, 167
Trd, 000213.700, 170
Trd, 000215.000, 169
Trd, 000215.033, 170
Trd, 000215.600, 169
Trd, 000216.783, 167
Trd, 000217.867, 171
Trd, 000218.800, 173
Trd, 000219.067, 173
Trd, 000219.733, 170
Trd, 000220.583, 175
Trd, 000220.700, 173
Trd, 000221.183, 173
Trd, 000221.283, 174
Trd, 000222.183, 170
Trd, 000222.817, 179
Trd, 000223.983, 172
Trd, 000224.367, 173
Trd, 000224.583, 174
Trd, 000224.850, 170
Trd, 000224.867, 181
Trd, 000225.983, 177
Trd, 000226.983, 178
Trd, 000227.233, 179
Trd, 000227.317, 177
Trd, 000228.217, 179
Trd, 000228.933, 178
Trd, 000229.883, 179
Trd, 000230.133, 179
Trd, 000230.633, 178
Trd, 000230.767, 178
Trd, 000230.850, 179
Trd, 000232.467, 180
Trd, 000232.800, 182
Trd, 000234.000, 180
Trd, 000234.133, 176
Trd, 000234.500, 184
Trd, 000235.950, 178
Trd, 000236.183, 180
Trd, 000236.400, 180
Trd, 000236.967, 181
Trd, 000237.817, 183
Trd, 000238.467, 180
Trd, 000238.650, 178
Trd, 000239.067, 180
Trd, 000239.583, 176
Trd, 000239.717, 179
Trd, 000240.133, 179
Trd, 000240.500, 175
Trd, 000241.250, 174
Trd, 000241.867, 176
Trd, 000242.183, 172
Trd, 000242.517, 177
Trd, 000242.600, 179
Trd, 000242.783, 176
Trd, 000243.000, 176
Trd, 000243.367, 176
Trd, 000243.600, 177
Trd, 000243.900, 179
Trd, 000244.650, 175
Trd, 000244.883, 178
Trd, 000246.283, 174
Trd, 000247.917, 178
Trd, 000248.750, 175
Trd, 000249.317, 173
Trd, 000249.433, 174
Trd, 000249.483, 175
Trd, 000249.517, 176
Trd, 000249.700, 180
Trd, 000249.917, 173
Trd, 000250.000, 182
Trd, 000250.500, 179
Trd, 000250.733, 182
Trd, 000250.900, 176
Trd, 000252.133, 179
Trd, 000252.283, 177
Trd, 000253.483, 175
Trd, 000253.700, 173
Trd, 000254.333, 176
Trd, 000254.417, 173
Trd, 000254.833, 174
Trd, 000255.150, 176
Trd, 000255.367, 179
Trd, 000255.400, 180
Trd, 000255.467, 193
Trd, 000256.700, 184
Trd, 000256.717, 181
Trd, 000257.450, 185
Trd, 000257.750, 186
Trd, 000258.583, 183
Trd, 000259.017, 181
Trd, 000259.117, 182
Trd, 000259.667, 180
Trd, 000259.833, 181
Trd, 000260.033, 184
Trd, 000260.533, 180
Trd, 000260.883, 181
Trd, 000261.150, 181
Trd, 000261.183, 183
Trd, 000261.317, 177
Trd, 000262.133, 179
Trd, 000262.783, 178
Trd, 000262.933, 178
Trd, 000263.017, 179
Trd, 000263.733, 180
Trd, 000263.833, 180
Trd, 000264.617, 179
Trd, 000264.933, 178
Trd, 000265.383, 178
Trd, 000265.650, 179
Trd, 000265.800, 174
Trd, 000266.617, 177
Trd, 000267.450, 167
Trd, 000267.800, 166
Trd, 000268.667, 166
Trd, 000268.900, 166
Trd, 000268.950, 168
Trd, 000269.217, 178
Trd, 000269.483, 165
Trd, 000269.867, 177
Trd, 000270.450, 182
Trd, 000271.417, 182
Trd, 000271.883, 194
Trd, 000272.350, 191
Trd, 000272.867, 187
Trd, 000273.417, 188
Trd, 000273.700, 186
Trd, 000274.217, 186
Trd, 000274.300, 185
Trd, 000274.600, 187
Trd, 000274.800, 188
Trd, 000275.300, 184
Trd, 000275.550, 189
Trd, 000275.750, 183
Trd, 000276.750, 190
Trd, 000276.950, 188
Trd, 000277.600, 187
Trd, 000277.717, 185
Trd, 000278.067, 186
Trd, 000278.850, 184
Trd, 000279.600, 185
Trd, 000280.583, 183
Trd, 000280.783, 186
Trd, 000281.133, 188
Trd, 000281.900, 186
Trd, 000281.933, 183
Trd, 000282.917, 184
Trd, 000283.283, 183
Trd, 000283.467, 183
Trd, 000283.933, 183
Trd, 000283.950, 183
Trd, 000284.533, 179
Trd, 000284.967, 182
Trd, 000285.117, 182
Trd, 000285.683, 183
Trd, 000285.933, 177
Trd, 000286.433, 180
Trd, 000286.567, 183
Trd, 000286.817, 200
Trd, 000287.867, 196
Trd, 000288.167, 185
Trd, 000288.250, 184
Trd, 000288.917, 193
Trd, 000289.150, 187
Trd, 000289.233, 193
Trd, 000290.100, 185
Trd, 000290.167, 180
Trd, 000291.150, 180
Trd, 000291.700, 186
Trd, 000291.867, 185
Trd, 000292.517, 181
Trd, 000292.800, 179
Trd, 000293.417, 180
Trd, 000293.700, 179
Trd, 000293.800, 180
Trd, 000293.850, 179
Trd, 000293.983, 187
Trd, 000294.217, 197
Trd, 000294.683, 186
Trd, 000294.850, 195
Trd, 000294.867, 194
Trd, 000295.217, 189
Trd, 000295.833, 187
Trd, 000296.483, 186
Trd, 000297.183, 184
Trd, 000297.317, 188
Trd, 000297.750, 188
Trd, 000298.367, 187
Trd, 000298.983, 183
Trd, 000299.017, 189
Trd, 000299.350, 189
Trd, 000299.367, 171
Trd, 000299.767, 159
