Trd, 000002.167, 145
Trd, 000003.017, 144
Trd, 000004.467, 143
Trd, 000004.600, 138
Trd, 000005.533, 140
Trd, 000006.867, 145
Trd, 000008.517, 145
Trd, 000008.717, 144
Trd, 000009.017, 147
Trd, 000010.133, 146
Trd, 000010.650, 145
Trd, 000010.883, 145
Trd, 000011.467, 142
Trd, 000012.200, 145
Trd, 000012.367, 149
Trd, 000013.283, 157
Trd, 000014.300, 157
Trd, 000015.217, 156
Trd, 000015.900, 156
Trd, 000016.150, 155
Trd, 000016.483, 156
Trd, 000016.933, 155
Trd, 000017.383, 154
Trd, 000018.783, 154
Trd, 000019.517, 155
Trd, 000019.633, 158
Trd, 000020.633, 153
Trd, 000021.867, 154
Trd, 000021.883, 153
Trd, 000022.367, 146
Trd, 000023.250, 157
Trd, 000023.683, 157
Trd, 000024.150, 156
Trd, 000025.067, 148
Trd, 000025.133, 149
Trd, 000025.783, 150
Trd, 000026.050, 155
Trd, 000026.700, 166
Trd, 000029.400, 154
Trd, 000029.483, 155
Trd, 000029.633, 160
Trd, 000030.067, 155
Trd, 000031.033, 161
Trd, 000031.133, 155
Trd, 000032.300, 147
Trd, 000034.083, 153
Trd, 000034.633, 152
Trd, 000034.800, 153
Trd, 000034.883, 151
Trd, 000036.183, 152
Trd, 000036.817, 152
Trd, 000038.867, 156
Trd, 000039.367, 157
Trd, 000040.033, 158
Trd, 000040.983, 158
Trd, 000041.250, 159
Trd, 000041.383, 161
Trd, 000042.633, 158
Trd, 000042.800, 158
Trd, 000043.950, 157
Trd, 000044.117, 157
Trd, 000046.233, 152
Trd, 000046.433, 153
Trd, 000046.750, 155
Trd, 000047.867, 151
Trd, 000048.383, 151
Trd, 000049.017, 150
Trd, 000049.500, 149
Trd, 000050.183, 148
Trd, 000051.633, 151
Trd, 000051.717, 147
Trd, 000053.483, 148
Trd, 000054.417, 148
Trd, 000054.800, 148
Trd, 000055.350, 149
Trd, 000056.133, 150
Trd, 000056.933, 151
Trd, 000057.767, 150
Trd, 000058.600, 150
Trd, 000059.117, 151
Trd, 000059.467, 150
Trd, 000059.800, 150
Trd, 000060.183, 151
Trd, 000061.500, 154
Trd, 000061.550, 153
Trd, 000063.750, 158
Trd, 000064.450, 157
Trd, 000064.700, 170
Trd, 000065.217, 158
Trd, 000065.567, 168
Trd, 000066.067, 159
Trd, 000066.683, 159
Trd, 000067.583, 159
Trd, 000067.883, 159
Trd, 000068.350, 158
Trd, 000068.850, 160
Trd, 000069.950, 158
Trd, 000070.350, 160
Trd, 000071.133, 158
Trd, 000071.383, 155
Trd, 000072.033, 160
Trd, 000072.417, 156
Trd, 000073.050, 155
Trd, 000073.600, 155
Trd, 000075.367, 154
Trd, 000076.433, 156
Trd, 000076.967, 155
Trd, 000077.900, 156
Trd, 000078.867, 156
Trd, 000079.417, 154
Trd, 000079.950, 155
Trd, 000080.183, 154
Trd, 000081.817, 155
Trd, 000082.683, 155
Trd, 000082.950, 154
Trd, 000084.467, 154
Trd, 000084.533, 153
Trd, 000084.900, 175
Trd, 000085.350, 159
Trd, 000085.667, 154
Trd, 000086.950, 156
Trd, 000087.633, 157
Trd, 000088.967, 159
Trd, 000090.000, 156
Trd, 000091.300, 158
Trd, 000091.983, 158
Trd, 000092.933, 157
Trd, 000093.217, 158
Trd, 000093.650, 158
Trd, 000094.700, 157
Trd, 000095.983, 157
Trd, 000096.250, 158
Trd, 000098.000, 158
Trd, 000098.483, 158
Trd, 000098.500, 157
Trd, 000099.517, 157
Trd, 000099.567, 158
Trd, 000100.183, 158
Trd, 000100.700, 158
Trd, 000101.600, 156
Trd, 000102.433, 156
Trd, 000102.633, 157
Trd, 000103.233, 155
Trd, 000103.250, 154
Trd, 000104.317, 155
Trd, 000105.317, 158
Trd, 000105.700, 158
Trd, 000106.250, 157
Trd, 000106.683, 174
Trd, 000107.750, 163
Trd, 000107.883, 173
Trd, 000108.133, 165
Trd, 000109.300, 164
Trd, 000109.767, 162
Trd, 000110.000, 162
Trd, 000111.183, 159
Trd, 000112.883, 172
Trd, 000113.300, 168
Trd, 000114.250, 167
Trd, 000115.217, 163
Trd, 000115.567, 164
Trd, 000115.983, 166
Trd, 000116.350, 164
Trd, 000118.583, 165
Trd, 000118.817, 166
Trd, 000119.617, 167
Trd, 000120.017, 167
Trd, 000120.467, 167
Trd, 000120.567, 148
Trd, 000121.950, 163
Trd, 000121.983, 167
Trd, 000122.183, 167
Trd, 000123.867, 162
Trd, 000124.300, 164
Trd, 000124.550, 162
Trd, 000125.533, 164
Trd, 000125.800, 162
Trd, 000129.483, 163
Trd, 000130.117, 162
Trd, 000130.317, 162
Trd, 000130.467, 164
Trd, 000130.883, 164
Trd, 000131.133, 163
Trd, 000132.067, 162
Trd, 000133.583, 161
Trd, 000134.233, 160
Trd, 000135.167, 161
Trd, 000135.433, 161
Trd, 000135.600, 178
Trd, 000135.767, 161
Trd, 000137.967, 166
Trd, 000138.333, 164
Trd, 000139.400, 165
Trd, 000139.867, 164
Trd, 000140.167, 164
Trd, 000141.317, 166
Trd, 000141.400, 167
Trd, 000141.917, 162
Trd, 000143.733, 162
Trd, 000144.383, 160
Trd, 000145.733, 162
Trd, 000146.617, 160
Trd, 000147.117, 162
Trd, 000147.483, 161
Trd, 000147.767, 160
Trd, 000148.167, 165
Trd, 000148.317, 180
Trd, 000148.933, 156
Trd, 000151.283, 161
Trd, 000151.767, 160
Trd, 000152.300, 161
Trd, 000152.467, 163
Trd, 000153.250, 161
Trd, 000154.267, 160
Trd, 000154.500, 160
Trd, 000155.433, 160
Trd, 000156.367, 160
Trd, 000158.433, 159
Trd, 000158.750, 158
Trd, 000158.850, 160
Trd, 000159.117, 159
Trd, 000159.700, 159
Trd, 000159.983, 164
Trd, 000160.350, 159
Trd, 000161.933, 160
Trd, 000162.583, 159
Trd, 000163.383, 160
Trd, 000163.650, 159
Trd, 000165.600, 160
Trd, 000166.583, 159
Trd, 000166.917, 158
Trd, 000167.117, 157
Trd, 000167.533, 158
Trd, 000168.233, 158
Trd, 000168.600, 159
Trd, 000169.200, 158
Trd, 000169.233, 159
Trd, 000169.417, 160
Trd, 000172.533, 162
Trd, 000173.200, 163
Trd, 000174.017, 181
Trd, 000175.733, 164
Trd, 000175.833, 163
Trd, 000176.117, 164
Trd, 000176.200, 165
Trd, 000176.517, 164
Trd, 000177.083, 165
Trd, 000177.350, 164
Trd, 000178.383, 163
Trd, 000178.700, 164
Trd, 000179.183, 166
Trd, 000180.083, 180
Trd, 000181.583, 170
Trd, 000182.150, 168
Trd, 000183.733, 168
Trd, 000184.367, 169
Trd, 000184.700, 166
Trd, 000185.983, 167
Trd, 000186.367, 167
Trd, 000186.617, 167
Trd, 000187.817, 166
Trd, 000188.600, 167
Trd, 000189.950, 166
Trd, 000190.067, 164
Trd, 000190.500, 166
Trd, 000190.883, 167
Trd, 000191.933, 166
Trd, 000192.050, 167
Trd, 000192.133, 168
Trd, 000192.200, 166
Trd, 000193.867, 163
Trd, 000194.133, 164
Trd, 000194.367, 163
Trd, 000195.667, 164
Trd, 000197.467, 167
Trd, 000197.617, 165
Trd, 000198.517, 163
Trd, 000198.550, 164
Trd, 000199.000, 163
Trd, 000199.233, 165
Trd, 000199.983, 163
Trd, 000201.383, 166
Trd, 000203.450, 163
Trd, 000204.000, 164
Trd, 000205.350, 164
Trd, 000205.617, 165
Trd, 000205.983, 165
Trd, 000206.017, 163
Trd, 000206.300, 162
Trd, 000206.983, 164
Trd, 000207.283, 165
Trd, 000208.167, 166
Trd, 000209.783, 165
Trd, 000210.667, 164
Trd, 000211.583, 164
Trd, 000211.800, 164
Trd, 000212.767, 168
Trd, 000212.800, 164
Trd, 000214.600, 164
Trd, 000215.517, 163
Trd, 000215.783, 164
Trd, 000215.850, 165
Trd, 000217.800, 166
Trd, 000218.767, 166
Trd, 000219.183, 167
Trd, 000219.267, 169
Trd, 000219.350, 166
Trd, 000220.033, 173
Trd, 000220.583, 187
Trd, 000221.000, 174
Trd, 000221.633, 188
Trd, 000224.050, 180
Trd, 000224.483, 179
Trd, 000224.700, 178
Trd, 000225.733, 177
Trd, 000225.917, 177
Trd, 000226.250, 177
Trd, 000226.700, 176
Trd, 000227.233, 176
Trd, 000228.350, 169
Trd, 000228.550, 176
Trd, 000228.850, 176
Trd, 000230.017, 175
Trd, 000230.933, 174
Trd, 000232.683, 175
Trd, 000233.050, 174
Trd, 000233.083, 171
Trd, 000233.517, 167
Trd, 000234.917, 156
Trd, 000235.717, 171
Trd, 000236.433, 170
Trd, 000237.383, 169
Trd, 000237.750, 168
Trd, 000238.033, 170
Trd, 000240.050, 169
Trd, 000240.133, 170
Trd, 000240.333, 170
Trd, 000240.417, 169
Trd, 000240.700, 168
Trd, 000240.783, 167
Trd, 000241.200, 167
Trd, 000241.750, 169
Trd, 000241.967, 172
Trd, 000242.733, 178
Trd, 000243.867, 168
Trd, 000244.183, 171
Trd, 000244.583, 171
Trd, 000244.733, 171
Trd, 000245.683, 170
Trd, 000246.100, 169
Trd, 000246.367, 168
Trd, 000247.150, 169
Trd, 000247.383, 171
Trd, 000247.650, 179
Trd, 000248.450, 171
Trd, 000248.600, 171
Trd, 000249.367, 169
Trd, 000249.383, 171
Trd, 000249.733, 168
Trd, 000250.717, 170
Trd, 000251.283, 171
Trd, 000251.567, 170
Trd, 000252.083, 173
Trd, 000252.217, 173
Trd, 000252.467, 174
Trd, 000252.650, 172
Trd, 000253.800, 173
Trd, 000254.550, 169
Trd, 000255.550, 172
Trd, 000255.800, 172
Trd, 000255.900, 171
Trd, 000256.450, 169
Trd, 000257.733, 168
Trd, 000257.783, 170
Trd, 000258.050, 168
Trd, 000258.400, 168
Trd, 000259.450, 169
Trd, 000259.467, 170
Trd, 000260.000, 173
Trd, 000260.167, 174
Trd, 000260.567, 181
Trd, 000261.133, 179
Trd, 000261.650, 170
Trd, 000262.650, 173
Trd, 000262.767, 173
Trd, 000262.783, 174
Trd, 000263.033, 172
Trd, 000263.600, 173
Trd, 000263.800, 169
Trd, 000264.283, 164
Trd, 000264.583, 165
Trd, 000265.150, 169
Trd, 000265.817, 167
Trd, 000267.150, 165
Trd, 000267.783, 163
Trd, 000269.050, 167
Trd, 000269.200, 175
Trd, 000269.783, 175
Trd, 000270.633, 171
Trd, 000271.183, 169
Trd, 000271.767, 168
Trd, 000271.900, 172
Trd, 000271.933, 167
Trd, 000272.083, 172
Trd, 000272.533, 168
Trd, 000273.617, 170
Trd, 000273.917, 173
Trd, 000274.000, 175
Trd, 000274.733, 168
Trd, 000275.000, 174
Trd, 000276.500, 175
Trd, 000276.767, 174
Trd, 000277.000, 174
Trd, 000277.100, 173
Trd, 000277.383, 173
Trd, 000277.633, 175
Trd, 000279.650, 173
Trd, 000280.217, 175
Trd, 000280.383, 173
Trd, 000281.400, 174
Trd, 000281.867, 173
Trd, 000282.283, 173
Trd, 000282.467, 172
Trd, 000283.133, 173
Trd, 000283.517, 174
Trd, 000284.617, 175
Trd, 000284.983, 176
Trd, 000285.100, 172
Trd, 000285.817, 173
Trd, 000286.500, 177
Trd, 000286.583, 177
Trd, 000286.850, 173
Trd, 000287.367, 172
Trd, 000287.650, 172
Trd, 000288.583, 178
Trd, 000289.300, 174
Trd, 000289.933, 175
Trd, 000290.150, 173
Trd, 000290.933, 176
Trd, 000291.033, 177
Trd, 000291.600, 184
Trd, 000291.683, 174
Trd, 000293.100, 177
Trd, 000293.600, 174
Trd, 000294.517, 176
Trd, 000294.600, 175
Trd, 000294.850, 176
Trd, 000295.417, 174
Trd, 000295.450, 176
Trd, 000295.500, 174
Trd, 000296.300, 173
Trd, 000296.383, 175
Trd, 000297.733, 175
Trd, 000298.250, 175
Trd, 000298.283, 176
Trd, 000299.017, 175
Trd, 000299.217, 173
Trd, 000299.383, 171
Trd, 000299.750, 174
