Trd, 000002.200, 134
Trd, 000002.650, 133
Trd, 000003.033, 135
Trd, 000003.933, 144
Trd, 000004.633, 139
Trd, 000004.967, 148
Trd, 000005.200, 151
Trd, 000005.433, 144
Trd, 000006.483, 151
Trd, 000006.883, 141
Trd, 000007.983, 147
Trd, 000009.267, 149
Trd, 000009.317, 149
Trd, 000009.683, 149
Trd, 000011.050, 148
Trd, 000011.167, 149
Trd, 000011.183, 151
Trd, 000011.583, 152
Trd, 000011.717, 148
Trd, 000011.867, 147
Trd, 000012.383, 152
Trd, 000013.617, 150
Trd, 000014.117, 152
Trd, 000014.700, 149
Trd, 000014.850, 161
Trd, 000015.100, 154
Trd, 000015.767, 153
Trd, 000016.317, 153
Trd, 000016.733, 155
Trd, 000017.300, 151
Trd, 000017.600, 152
Trd, 000018.800, 153
Trd, 000019.367, 156
Trd, 000019.617, 156
Trd, 000020.583, 153
Trd, 000021.150, 154
Trd, 000021.467, 156
Trd, 000021.783, 151
Trd, 000022.117, 152
Trd, 000023.617, 152
Trd, 000023.683, 151
Trd, 000023.833, 150
Trd, 000024.083, 152
Trd, 000024.367, 153
Trd, 000025.150, 155
Trd, 000025.183, 151
Trd, 000026.050, 155
Trd, 000026.500, 161
Trd, 000026.900, 149
Trd, 000027.367, 150
Trd, 000027.533, 153
Trd, 000028.583, 153
Trd, 000028.900, 154
Trd, 000029.350, 153
Trd, 000030.467, 153
Trd, 000031.133, 152
Trd, 000031.933, 153
Trd, 000032.000, 153
Trd, 000032.183, 152
Trd, 000032.533, 152
Trd, 000032.617, 151
Trd, 000032.700, 153
Trd, 000033.917, 154
Trd, 000033.967, 155
Trd, 000034.150, 155
Trd, 000034.600, 155
Trd, 000034.767, 153
Trd, 000036.833, 153
Trd, 000037.400, 153
Trd, 000038.217, 156
Trd, 000038.383, 151
Trd, 000038.850, 154
Trd, 000039.283, 153
Trd, 000039.667, 153
Trd, 000040.400, 153
Trd, 000040.450, 152
Trd, 000041.950, 149
Trd, 000042.333, 150
Trd, 000043.133, 151
Trd, 000043.150, 152
Trd, 000043.617, 151
Trd, 000044.200, 151
Trd, 000044.400, 155
Trd, 000045.750, 154
Trd, 000045.800, 152
Trd, 000045.850, 151
Trd, 000046.150, 155
Trd, 000046.700, 156
Trd, 000047.133, 152
Trd, 000047.933, 162
Trd, 000049.633, 155
Trd, 000049.800, 155
Trd, 000050.050, 156
Trd, 000050.783, 154
Trd, 000050.950, 154
Trd, 000051.350, 155
Trd, 000051.400, 154
Trd, 000051.850, 154
Trd, 000053.050, 155
Trd, 000053.583, 154
Trd, 000054.117, 153
Trd, 000054.233, 154
Trd, 000054.700, 156
Trd, 000055.017, 154
Trd, 000055.133, 154
Trd, 000055.500, 151
Trd, 000056.500, 157
Trd, 000057.717, 156
Trd, 000058.383, 152
Trd, 000059.000, 154
Trd, 000059.533, 154
Trd, 000059.583, 155
Trd, 000059.917, 156
Trd, 000060.133, 155
Trd, 000060.333, 156
Trd, 000061.033, 156
Trd, 000061.933, 157
Trd, 000062.117, 154
Trd, 000062.467, 157
Trd, 000063.667, 156
Trd, 000063.933, 157
Trd, 000064.000, 156
Trd, 000065.217, 157
Trd, 000065.433, 156
Trd, 000065.583, 159
Trd, 000065.767, 155
Trd, 000066.467, 158
Trd, 000066.550, 154
Trd, 000067.000, 139
Trd, 000069.333, 154
Trd, 000069.367, 150
Trd, 000069.917, 152
Trd, 000070.033, 151
Trd, 000070.100, 153
Trd, 000070.833, 153
Trd, 000071.817, 155
Trd, 000072.383, 155
Trd, 000072.567, 156
Trd, 000073.283, 158
Trd, 000073.367, 154
Trd, 000074.267, 155
Trd, 000074.783, 156
Trd, 000075.250, 157
Trd, 000076.033, 160
Trd, 000076.550, 168
Trd, 000077.000, 158
Trd, 000077.717, 166
Trd, 000078.383, 160
Trd, 000078.617, 159
Trd, 000079.083, 161
Trd, 000079.917, 158
Trd, 000080.233, 157
Trd, 000080.683, 156
Trd, 000080.800, 155
Trd, 000080.933, 152
Trd, 000081.217, 151
Trd, 000082.000, 157
Trd, 000082.150, 154
Trd, 000084.417, 152
Trd, 000084.450, 153
Trd, 000084.617, 150
Trd, 000084.967, 150
Trd, 000085.600, 151
Trd, 000086.083, 152
Trd, 000086.233, 154
Trd, 000086.600, 155
Trd, 000086.700, 156
Trd, 000088.117, 154
Trd, 000088.917, 150
Trd, 000089.550, 150
Trd, 000089.567, 149
Trd, 000089.750, 150
Trd, 000090.517, 149
Trd, 000090.600, 150
Trd, 000091.633, 153
Trd, 000092.250, 154
Trd, 000092.700, 148
Trd, 000092.983, 148
Trd, 000094.067, 167
Trd, 000095.217, 160
Trd, 000095.283, 159
Trd, 000095.383, 159
Trd, 000095.750, 159
Trd, 000095.900, 160
Trd, 000096.850, 161
Trd, 000097.167, 161
Trd, 000097.267, 160
Trd, 000097.600, 158
Trd, 000098.883, 160
Trd, 000099.617, 160
Trd, 000100.667, 154
Trd, 000100.800, 154
Trd, 000100.817, 156
Trd, 000101.000, 152
Trd, 000101.150, 151
Trd, 000101.950, 153
Trd, 000102.417, 151
Trd, 000102.517, 149
Trd, 000105.217, 152
Trd, 000105.933, 150
Trd, 000106.350, 151
Trd, 000106.450, 151
Trd, 000106.833, 151
Trd, 000106.867, 158
Trd, 000106.950, 162
Trd, 000107.583, 149
Trd, 000107.983, 158
Trd, 000108.717, 148
Trd, 000109.500, 149
Trd, 000109.917, 151
Trd, 000110.583, 152
Trd, 000111.350, 153
Trd, 000112.350, 155
Trd, 000113.017, 156
Trd, 000113.067, 162
Trd, 000114.117, 154
Trd, 000114.850, 156
Trd, 000115.100, 159
Trd, 000115.483, 157
Trd, 000115.850, 159
Trd, 000115.967, 160
Trd, 000117.100, 159
Trd, 000117.783, 159
Trd, 000118.900, 160
Trd, 000120.083, 163
Trd, 000120.333, 164
Trd, 000120.483, 162
Trd, 000120.917, 160
Trd, 000121.033, 161
Trd, 000121.283, 160
Trd, 000121.433, 160
Trd, 000121.850, 162
Trd, 000122.550, 163
Trd, 000123.167, 163
Trd, 000124.450, 164
Trd, 000124.617, 163
Trd, 000125.167, 164
Trd, 000125.250, 165
Trd, 000125.267, 163
Trd, 000125.917, 162
Trd, 000126.133, 160
Trd, 000128.017, 159
Trd, 000128.900, 160
Trd, 000129.200, 158
Trd, 000129.667, 159
Trd, 000129.883, 161
Trd, 000130.150, 158
Trd, 000131.967, 160
Trd, 000132.200, 159
Trd, 000132.683, 157
Trd, 000133.633, 152
Trd, 000134.500, 157
Trd, 000134.867, 157
Trd, 000135.317, 164
Trd, 000135.400, 157
Trd, 000135.700, 159
Trd, 000136.150, 160
Trd, 000137.050, 155
Trd, 000138.033, 156
Trd, 000138.433, 159
Trd, 000139.000, 161
Trd, 000139.150, 158
Trd, 000139.450, 159
Trd, 000139.617, 160
Trd, 000139.683, 162
Trd, 000141.017, 161
Trd, 000142.267, 160
Trd, 000142.300, 159
Trd, 000143.217, 153
Trd, 000143.267, 151
Trd, 000143.783, 160
Trd, 000144.117, 160
Trd, 000145.050, 161
Trd, 000145.450, 162
Trd, 000146.283, 162
Trd, 000146.333, 159
Trd, 000146.450, 159
Trd, 000146.633, 160
Trd, 000147.300, 157
Trd, 000147.733, 166
Trd, 000148.800, 162
Trd, 000149.350, 162
Trd, 000149.533, 162
Trd, 000150.900, 162
Trd, 000150.917, 163
Trd, 000150.933, 163
Trd, 000151.467, 164
Trd, 000151.750, 163
Trd, 000151.917, 165
Trd, 000152.433, 166
Trd, 000153.050, 169
Trd, 000153.350, 165
Trd, 000153.550, 167
Trd, 000153.850, 173
Trd, 000154.200, 168
Trd, 000155.533, 166
Trd, 000156.400, 166
Trd, 000156.717, 166
Trd, 000156.983, 167
Trd, 000157.100, 166
Trd, 000158.033, 165
Trd, 000158.400, 165
Trd, 000158.850, 165
Trd, 000160.233, 170
Trd, 000160.350, 171
Trd, 000160.600, 174
Trd, 000161.833, 170
Trd, 000161.933, 164
Trd, 000163.167, 157
Trd, 000163.617, 157
Trd, 000164.233, 159
Trd, 000164.650, 159
Trd, 000165.400, 158
Trd, 000166.317, 160
Trd, 000166.767, 159
Trd, 000167.050, 159
Trd, 000167.350, 160
Trd, 000167.417, 161
Trd, 000167.483, 158
Trd, 000168.133, 162
Trd, 000168.400, 165
Trd, 000169.417, 163
Trd, 000170.150, 163
Trd, 000170.600, 164
Trd, 000171.483, 164
Trd, 000171.517, 165
Trd, 000172.050, 164
Trd, 000172.083, 168
Trd, 000172.533, 169
Trd, 000173.000, 162
Trd, 000173.550, 162
Trd, 000174.550, 161
Trd, 000175.700, 160
Trd, 000175.950, 161
Trd, 000176.083, 162
Trd, 000176.100, 164
Trd, 000176.233, 166
Trd, 000176.267, 160
Trd, 000177.150, 163
Trd, 000177.250, 162
Trd, 000177.617, 166
Trd, 000177.867, 167
Trd, 000178.567, 168
Trd, 000178.850, 163
Trd, 000180.250, 164
Trd, 000180.583, 161
Trd, 000182.117, 162
Trd, 000183.367, 163
Trd, 000183.483, 163
Trd, 000183.550, 164
Trd, 000183.600, 163
Trd, 000184.683, 164
Trd, 000185.533, 163
Trd, 000186.450, 164
Trd, 000186.967, 164
Trd, 000187.117, 164
Trd, 000187.717, 166
Trd, 000188.033, 163
Trd, 000188.433, 165
Trd, 000189.017, 165
Trd, 000189.233, 165
Trd, 000190.983, 165
Trd, 000191.433, 164
Trd, 000192.000, 165
Trd, 000192.217, 159
Trd, 000193.950, 160
Trd, 000194.167, 161
Trd, 000194.300, 162
Trd, 000195.050, 161
Trd, 000195.533, 159
Trd, 000196.217, 163
Trd, 000196.850, 164
Trd, 000197.167, 165
Trd, 000197.350, 163
Trd, 000197.583, 163
Trd, 000197.983, 162
Trd, 000198.033, 169
Trd, 000198.533, 161
Trd, 000199.250, 167
Trd, 000200.850, 164
Trd, 000200.900, 164
Trd, 000201.033, 164
Trd, 000201.667, 164
Trd, 000202.233, 165
Trd, 000202.450, 168
Trd, 000203.250, 167
Trd, 000204.633, 169
Trd, 000205.233, 178
Trd, 000205.483, 182
Trd, 000205.767, 171
Trd, 000206.267, 170
Trd, 000206.367, 171
Trd, 000206.733, 174
Trd, 000207.600, 174
Trd, 000207.850, 172
Trd, 000209.150, 175
Trd, 000209.883, 174
Trd, 000210.067, 176
Trd, 000210.167, 174
Trd, 000210.400, 177
Trd, 000211.833, 173
Trd, 000212.567, 172
Trd, 000212.750, 174
Trd, 000212.967, 174
Trd, 000212.983, 160
Trd, 000213.400, 174
Trd, 000215.283, 168
Trd, 000215.983, 168
Trd, 000216.017, 166
Trd, 000216.067, 169
Trd, 000216.767, 168
Trd, 000216.883, 167
Trd, 000217.017, 165
Trd, 000217.067, 168
Trd, 000218.183, 169
Trd, 000219.383, 168
Trd, 000219.683, 167
Trd, 000219.800, 167
Trd, 000219.817, 159
Trd, 000220.017, 170
Trd, 000220.367, 173
Trd, 000220.783, 173
Trd, 000221.117, 180
Trd, 000221.417, 162
Trd, 000222.267, 175
Trd, 000222.633, 162
Trd, 000223.033, 169
Trd, 000223.500, 163
Trd, 000224.967, 162
Trd, 000225.033, 161
Trd, 000225.400, 163
Trd, 000225.900, 162
Trd, 000226.517, 160
Trd, 000227.733, 165
Trd, 000228.600, 163
Trd, 000228.917, 165
Trd, 000229.917, 167
Trd, 000230.033, 167
Trd, 000230.417, 168
Trd, 000231.133, 170
Trd, 000231.650, 170
Trd, 000231.750, 171
Trd, 000232.467, 172
Trd, 000233.017, 172
Trd, 000233.917, 174
Trd, 000234.383, 174
Trd, 000234.583, 171
Trd, 000235.783, 171
Trd, 000236.300, 173
Trd, 000236.650, 171
Trd, 000236.700, 168
Trd, 000236.850, 173
Trd, 000238.000, 172
Trd, 000238.333, 174
Trd, 000238.567, 171
Trd, 000239.067, 175
Trd, 000239.183, 175
Trd, 000240.750, 175
Trd, 000240.900, 174
Trd, 000241.300, 175
Trd, 000241.467, 172
Trd, 000241.500, 171
Trd, 000242.050, 172
Trd, 000242.400, 173
Trd, 000242.417, 179
Trd, 000242.700, 171
Trd, 000242.817, 181
Trd, 000243.200, 179
Trd, 000243.450, 186
Trd, 000244.400, 173
Trd, 000245.067, 173
Trd, 000245.183, 174
Trd, 000245.550, 175
Trd, 000245.633, 174
Trd, 000246.183, 173
Trd, 000246.483, 172
Trd, 000247.633, 174
Trd, 000247.800, 175
Trd, 000248.250, 176
Trd, 000248.817, 175
Trd, 000249.167, 173
Trd, 000249.200, 173
Trd, 000249.850, 176
Trd, 000250.200, 177
Trd, 000250.250, 175
Trd, 000250.567, 170
Trd, 000250.933, 172
Trd, 000251.550, 171
Trd, 000251.750, 171
Trd, 000252.117, 172
Trd, 000252.283, 170
Trd, 000252.583, 173
Trd, 000252.717, 180
Trd, 000252.950, 177
Trd, 000253.833, 176
Trd, 000254.750, 176
Trd, 000254.967, 175
Trd, 000255.050, 175
Trd, 000255.250, 174
Trd, 000256.100, 174
Trd, 000256.350, 175
Trd, 000256.617, 176
Trd, 000257.433, 175
Trd, 000257.800, 175
Trd, 000258.050, 177
Trd, 000258.350, 174
Trd, 000259.200, 177
Trd, 000259.217, 178
Trd, 000259.567, 172
Trd, 000259.817, 170
Trd, 000259.950, 170
Trd, 000260.633, 172
Trd, 000261.333, 169
Trd, 000261.417, 172
Trd, 000261.667, 171
Trd, 000262.133, 170
Trd, 000262.150, 171
Trd, 000262.667, 174
Trd, 000263.933, 174
Trd, 000264.967, 171
Trd, 000265.050, 175
Trd, 000265.283, 170
Trd, 000266.333, 174
Trd, 000266.567, 170
Trd, 000266.850, 175
Trd, 000267.583, 171
Trd, 000267.667, 168
Trd, 000267.700, 167
Trd, 000268.317, 171
Trd, 000268.817, 167
Trd, 000269.433, 168
Trd, 000269.617, 168
Trd, 000269.650, 170
Trd, 000269.683, 167
Trd, 000270.250, 171
Trd, 000270.750, 167
Trd, 000270.850, 160
Trd, 000270.917, 178
Trd, 000271.983, 176
Trd, 000272.183, 171
Trd, 000272.483, 176
Trd, 000272.500, 171
Trd, 000272.850, 177
Trd, 000273.250, 176
Trd, 000273.317, 172
Trd, 000274.050, 173
Trd, 000274.150, 174
Trd, 000274.633, 173
Trd, 000274.650, 175
Trd, 000274.683, 171
Trd, 000275.100, 175
Trd, 000275.967, 178
Trd, 000276.000, 178
Trd, 000277.250, 177
Trd, 000278.317, 176
Trd, 000279.000, 178
Trd, 000279.483, 177
Trd, 000279.533, 179
Trd, 000279.567, 176
Trd, 000279.717, 183
Trd, 000280.300, 178
Trd, 000280.350, 175
Trd, 000280.617, 181
Trd, 000281.150, 180
Trd, 000281.183, 182
Trd, 000281.333, 186
Trd, 000281.350, 175
Trd, 000283.267, 176
Trd, 000283.600, 176
Trd, 000283.617, 172
Trd, 000284.283, 170
Trd, 000284.367, 174
Trd, 000284.467, 176
Trd, 000285.883, 171
Trd, 000286.217, 170
Trd, 000286.250, 169
Trd, 000286.517, 173
Trd, 000286.550, 174
Trd, 000287.183, 175
Trd, 000287.683, 175
Trd, 000287.933, 176
Trd, 000288.133, 175
Trd, 000289.317, 176
Trd, 000289.500, 179
Trd, 000289.600, 184
Trd, 000290.017, 180
Trd, 000290.100, 177
Trd, 000291.217, 178
Trd, 000291.567, 180
Trd, 000291.733, 180
Trd, 000291.833, 187
Trd, 000292.133, 178
Trd, 000292.233, 185
Trd, 000292.467, 191
Trd, 000292.600, 178
Trd, 000293.133, 194
Trd, 000294.283, 178
Trd, 000294.433, 177
Trd, 000295.050, 176
Trd, 000295.183, 176
Trd, 000295.267, 179
Trd, 000296.117, 177
Trd, 000296.550, 183
Trd, 000296.600, 177
Trd, 000297.117, 183
Trd, 000297.283, 180
Trd, 000297.733, 182
Trd, 000298.500, 181
Trd, 000298.717, 183
Trd, 000299.000, 180
Trd, 000299.050, 183
Trd, 000299.217, 180
Trd, 000299.717, 181
Trd, 000299.767, 180
