Trd, 000001.300, 166
Trd, 000001.750, 162
Trd, 000001.967, 142
Trd, 000003.683, 155
Trd, 000004.133, 129
Trd, 000005.483, 132
Trd, 000005.533, 159
Trd, 000005.617, 128
Trd, 000006.833, 150
Trd, 000008.050, 147
Trd, 000008.767, 148
Trd, 000009.050, 147
Trd, 000009.233, 146
Trd, 000009.267, 146
Trd, 000009.950, 147
Trd, 000010.083, 131
Trd, 000010.200, 148
Trd, 000010.267, 148
Trd, 000010.400, 150
Trd, 000011.067, 151
Trd, 000012.517, 149
Trd, 000013.200, 148
Trd, 000013.383, 156
Trd, 000015.150, 154
Trd, 000015.433, 153
Trd, 000016.033, 159
Trd, 000016.350, 163
Trd, 000016.617, 152
Trd, 000016.750, 172
Trd, 000017.383, 163
Trd, 000019.300, 158
Trd, 000020.100, 159
Trd, 000020.567, 161
Trd, 000021.100, 162
Trd, 000021.133, 164
Trd, 000021.550, 160
Trd, 000022.267, 158
Trd, 000024.083, 158
Trd, 000024.617, 158
Trd, 000024.900, 159
Trd, 000025.000, 158
Trd, 000025.550, 157
Trd, 000025.683, 155
Trd, 000026.283, 148
Trd, 000026.633, 147
Trd, 000027.250, 149
Trd, 000027.650, 154
Trd, 000028.883, 152
Trd, 000030.533, 153
Trd, 000030.600, 152
Trd, 000031.283, 153
Trd, 000031.667, 155
Trd, 000031.683, 155
Trd, 000032.167, 153
Trd, 000032.983, 154
Trd, 000033.700, 151
Trd, 000033.933, 156
Trd, 000035.250, 153
Trd, 000036.383, 146
Trd, 000038.217, 150
Trd, 000038.233, 149
Trd, 000038.717, 152
Trd, 000039.217, 152
Trd, 000039.800, 151
Trd, 000040.017, 152
Trd, 000040.483, 154
Trd, 000040.550, 150
Trd, 000041.283, 153
Trd, 000041.567, 149
Trd, 000043.883, 160
Trd, 000044.450, 167
Trd, 000045.050, 166
Trd, 000045.350, 168
Trd, 000045.900, 166
Trd, 000045.917, 164
Trd, 000046.533, 164
Trd, 000046.983, 166
Trd, 000047.250, 167
Trd, 000047.867, 164
Trd, 000048.250, 163
Trd, 000048.700, 167
Trd, 000050.133, 165
Trd, 000050.650, 165
Trd, 000051.483, 164
Trd, 000051.550, 161
Trd, 000052.433, 161
Trd, 000053.050, 160
Trd, 000053.233, 159
Trd, 000053.567, 162
Trd, 000053.767, 164
Trd, 000054.150, 164
Trd, 000055.533, 147
Trd, 000056.000, 148
Trd, 000056.600, 136
Trd, 000056.733, 150
Trd, 000056.967, 149
Trd, 000057.467, 154
Trd, 000057.600, 163
Trd, 000060.133, 142
Trd, 000060.200, 152
Trd, 000060.517, 152
Trd, 000061.067, 152
Trd, 000062.533, 151
Trd, 000062.667, 151
Trd, 000063.183, 151
Trd, 000063.417, 151
Trd, 000063.883, 151
Trd, 000065.150, 152
Trd, 000065.317, 152
Trd, 000065.933, 153
Trd, 000066.167, 151
Trd, 000066.200, 155
Trd, 000066.583, 162
Trd, 000066.983, 154
Trd, 000067.733, 168
Trd, 000068.367, 169
Trd, 000070.383, 166
Trd, 000071.033, 160
Trd, 000071.400, 160
Trd, 000071.633, 159
Trd, 000072.017, 163
Trd, 000072.433, 158
Trd, 000072.617, 157
Trd, 000072.867, 159
Trd, 000073.667, 158
Trd, 000074.517, 156
Trd, 000074.833, 156
Trd, 000076.417, 145
Trd, 000077.150, 143
Trd, 000077.500, 155
Trd, 000078.050, 151
Trd, 000080.283, 151
Trd, 000080.383, 151
Trd, 000080.467, 153
Trd, 000081.133, 151
Trd, 000081.667, 152
Trd, 000082.533, 153
Trd, 000082.783, 152
Trd, 000083.067, 156
Trd, 000083.150, 151
Trd, 000083.533, 156
Trd, 000084.100, 170
Trd, 000084.350, 149
Trd, 000086.300, 149
Trd, 000087.050, 157
Trd, 000087.817, 156
Trd, 000087.833, 162
Trd, 000088.250, 154
Trd, 000090.433, 160
Trd, 000090.550, 159
Trd, 000090.850, 159
Trd, 000091.400, 160
Trd, 000091.717, 164
Trd, 000091.850, 158
Trd, 000092.683, 163
Trd, 000092.867, 161
Trd, 000093.650, 164
Trd, 000093.667, 171
Trd, 000095.033, 170
Trd, 000096.417, 172
Trd, 000097.600, 171
Trd, 000097.950, 165
Trd, 000098.433, 166
Trd, 000098.950, 167
Trd, 000099.467, 168
Trd, 000099.783, 172
Trd, 000100.217, 157
Trd, 000100.300, 148
Trd, 000102.550, 169
Trd, 000103.850, 164
Trd, 000104.017, 163
Trd, 000105.017, 166
Trd, 000105.150, 167
Trd, 000105.633, 166
Trd, 000105.817, 168
Trd, 000105.917, 165
Trd, 000105.967, 163
Trd, 000107.167, 169
Trd, 000108.050, 146
Trd, 000108.250, 169
Trd, 000109.167, 163
Trd, 000109.533, 165
Trd, 000110.583, 165
Trd, 000110.700, 162
Trd, 000112.100, 162
Trd, 000112.867, 163
Trd, 000113.500, 163
Trd, 000114.583, 164
Trd, 000114.767, 165
Trd, 000114.800, 162
Trd, 000115.067, 161
Trd, 000115.983, 160
Trd, 000116.583, 162
Trd, 000116.917, 173
Trd, 000117.750, 168
Trd, 000118.550, 176
Trd, 000119.600, 174
Trd, 000120.167, 169
Trd, 000120.383, 168
Trd, 000120.400, 173
Trd, 000120.533, 167
Trd, 000122.283, 168
Trd, 000122.533, 169
Trd, 000122.933, 169
Trd, 000123.100, 168
Trd, 000123.683, 168
Trd, 000124.183, 167
Trd, 000124.983, 156
Trd, 000125.533, 167
Trd, 000126.200, 165
Trd, 000127.467, 169
Trd, 000127.767, 169
Trd, 000129.000, 170
Trd, 000130.150, 169
Trd, 000130.550, 169
Trd, 000130.867, 170
Trd, 000130.933, 169
Trd, 000131.667, 170
Trd, 000131.933, 176
Trd, 000132.083, 175
Trd, 000132.950, 168
Trd, 000133.383, 178
Trd, 000134.250, 177
Trd, 000134.383, 175
Trd, 000134.400, 178
Trd, 000134.983, 178
Trd, 000135.317, 172
Trd, 000135.500, 169
Trd, 000136.167, 168
Trd, 000136.350, 175
Trd, 000137.567, 176
Trd, 000137.650, 169
Trd, 000138.133, 152
Trd, 000138.633, 175
Trd, 000140.533, 162
Trd, 000140.917, 163
Trd, 000141.883, 163
Trd, 000142.150, 161
Trd, 000143.200, 163
Trd, 000143.217, 162
Trd, 000144.233, 164
Trd, 000144.283, 176
Trd, 000145.233, 162
Trd, 000145.800, 159
Trd, 000146.017, 158
Trd, 000146.850, 163
Trd, 000147.533, 163
Trd, 000147.833, 165
Trd, 000148.117, 143
Trd, 000148.250, 165
Trd, 000150.350, 162
Trd, 000150.950, 161
Trd, 000151.350, 162
Trd, 000151.750, 162
Trd, 000152.867, 163
Trd, 000152.967, 162
Trd, 000153.450, 177
Trd, 000154.250, 173
Trd, 000154.750, 178
Trd, 000155.600, 174
Trd, 000157.833, 175
Trd, 000158.117, 178
Trd, 000159.150, 179
Trd, 000159.883, 177
Trd, 000160.000, 176
Trd, 000161.617, 177
Trd, 000162.150, 179
Trd, 000162.217, 177
Trd, 000162.267, 174
Trd, 000162.700, 177
Trd, 000165.100, 176
Trd, 000165.517, 177
Trd, 000165.933, 177
Trd, 000166.567, 178
Trd, 000166.783, 178
Trd, 000167.217, 179
Trd, 000167.417, 177
Trd, 000167.833, 176
Trd, 000167.867, 171
Trd, 000168.267, 181
Trd, 000170.333, 181
Trd, 000171.317, 179
Trd, 000171.433, 178
Trd, 000171.600, 181
Trd, 000171.767, 176
Trd, 000172.217, 177
Trd, 000172.350, 176
Trd, 000172.517, 179
Trd, 000173.783, 175
Trd, 000174.833, 177
Trd, 000175.083, 178
Trd, 000175.767, 176
Trd, 000175.950, 175
Trd, 000177.117, 174
Trd, 000177.367, 172
Trd, 000178.267, 175
Trd, 000178.517, 175
Trd, 000179.750, 176
Trd, 000181.200, 176
Trd, 000182.200, 178
Trd, 000182.683, 176
Trd, 000183.367, 175
Trd, 000183.400, 177
Trd, 000184.200, 177
Trd, 000185.317, 177
Trd, 000185.483, 178
Trd, 000185.617, 176
Trd, 000185.850, 175
Trd, 000186.567, 173
Trd, 000187.217, 179
Trd, 000189.067, 174
Trd, 000189.867, 180
Trd, 000190.550, 179
Trd, 000190.717, 180
Trd, 000190.800, 180
Trd, 000191.033, 177
Trd, 000192.383, 180
Trd, 000192.467, 179
Trd, 000193.050, 176
Trd, 000193.950, 177
Trd, 000195.667, 180
Trd, 000195.933, 180
Trd, 000196.167, 181
Trd, 000196.283, 180
Trd, 000196.450, 176
Trd, 000197.183, 181
Trd, 000197.617, 182
Trd, 000197.800, 182
Trd, 000198.050, 191
Trd, 000198.400, 180
Trd, 000200.233, 182
Trd, 000200.800, 183
Trd, 000202.367, 182
Trd, 000203.367, 181
Trd, 000203.750, 166
Trd, 000203.967, 175
Trd, 000205.467, 154
Trd, 000205.633, 169
Trd, 000205.800, 170
Trd, 000206.033, 150
Trd, 000206.217, 169
Trd, 000206.667, 169
Trd, 000207.433, 158
Trd, 000207.950, 151
Trd, 000208.167, 170
Trd, 000208.200, 183
Trd, 000209.000, 186
Trd, 000209.383, 181
Trd, 000209.983, 163
Trd, 000212.483, 163
Trd, 000212.500, 166
Trd, 000213.317, 152
Trd, 000213.867, 159
Trd, 000214.417, 158
Trd, 000214.667, 159
Trd, 000214.950, 160
Trd, 000215.517, 155
Trd, 000215.967, 163
Trd, 000216.917, 161
Trd, 000216.950, 154
Trd, 000217.300, 152
Trd, 000218.817, 155
Trd, 000219.000, 161
Trd, 000219.550, 165
Trd, 000220.517, 166
Trd, 000220.533, 166
Trd, 000221.867, 184
Trd, 000224.333, 157
Trd, 000225.067, 162
Trd, 000225.300, 162
Trd, 000225.333, 163
Trd, 000225.383, 158
Trd, 000225.417, 166
Trd, 000225.633, 166
Trd, 000226.317, 164
Trd, 000226.550, 169
Trd, 000228.233, 165
Trd, 000228.850, 166
Trd, 000229.817, 168
Trd, 000230.333, 167
Trd, 000230.833, 165
Trd, 000230.983, 170
Trd, 000231.533, 167
Trd, 000231.650, 168
Trd, 000231.883, 188
Trd, 000232.050, 169
Trd, 000232.283, 165
Trd, 000233.667, 185
Trd, 000234.267, 178
Trd, 000234.383, 185
Trd, 000234.483, 185
Trd, 000234.717, 184
Trd, 000236.150, 184
Trd, 000236.250, 182
Trd, 000237.067, 180
Trd, 000237.383, 178
Trd, 000238.250, 185
Trd, 000239.217, 180
Trd, 000240.067, 181
Trd, 000240.300, 180
Trd, 000240.417, 181
Trd, 000240.533, 183
Trd, 000240.667, 179
Trd, 000241.167, 182
Trd, 000241.417, 178
Trd, 000241.667, 180
Trd, 000242.733, 183
Trd, 000242.950, 182
Trd, 000243.133, 184
Trd, 000243.233, 186
Trd, 000243.633, 186
Trd, 000244.100, 184
Trd, 000244.300, 183
Trd, 000245.033, 182
Trd, 000245.483, 173
Trd, 000246.467, 184
Trd, 000246.483, 183
Trd, 000246.783, 181
Trd, 000247.250, 180
Trd, 000248.267, 179
Trd, 000248.667, 182
Trd, 000248.700, 182
Trd, 000250.183, 181
Trd, 000250.350, 183
Trd, 000250.383, 186
Trd, 000250.650, 187
Trd, 000250.667, 182
Trd, 000251.000, 187
Trd, 000252.050, 183
Trd, 000252.250, 184
Trd, 000252.850, 187
Trd, 000253.367, 184
Trd, 000255.050, 185
Trd, 000255.333, 184
Trd, 000255.483, 182
Trd, 000255.667, 182
Trd, 000255.867, 181
Trd, 000255.917, 185
Trd, 000256.383, 180
Trd, 000257.367, 183
Trd, 000258.200, 181
Trd, 000258.700, 180
Trd, 000259.317, 181
Trd, 000260.067, 180
Trd, 000260.100, 180
Trd, 000260.950, 181
Trd, 000261.150, 183
Trd, 000261.350, 183
Trd, 000261.750, 187
Trd, 000262.100, 186
Trd, 000262.417, 167
Trd, 000264.017, 179
Trd, 000264.667, 186
Trd, 000264.983, 185
Trd, 000265.083, 183
Trd, 000265.267, 188
Trd, 000265.350, 191
Trd, 000266.133, 197
Trd, 000266.400, 192
Trd, 000266.683, 197
Trd, 000266.900, 191
Trd, 000267.133, 182
Trd, 000267.350, 182
Trd, 000267.650, 184
Trd, 000268.150, 188
Trd, 000268.217, 164
Trd, 000268.767, 187
Trd, 000268.950, 189
Trd, 000269.267, 187
Trd, 000269.350, 182
Trd, 000270.017, 166
Trd, 000271.100, 180
Trd, 000271.333, 180
Trd, 000271.683, 178
Trd, 000272.517, 180
Trd, 000272.950, 169
Trd, 000273.733, 175
Trd, 000273.817, 174
Trd, 000275.050, 177
Trd, 000275.167, 178
Trd, 000276.033, 177
Trd, 000276.667, 177
Trd, 000276.900, 178
Trd, 000277.167, 178
Trd, 000277.267, 178
Trd, 000277.317, 164
Trd, 000277.567, 179
Trd, 000277.833, 182
Trd, 000278.300, 177
Trd, 000279.600, 183
Trd, 000279.717, 187
Trd, 000280.167, 189
Trd, 000280.650, 195
Trd, 000280.833, 193
Trd, 000281.117, 190
Trd, 000281.533, 191
Trd, 000281.850, 192
Trd, 000281.867, 193
Trd, 000281.933, 193
Trd, 000282.117, 185
Trd, 000283.283, 189
Trd, 000283.467, 183
Trd, 000284.450, 184
Trd, 000284.517, 188
Trd, 000284.650, 190
Trd, 000284.883, 183
Trd, 000285.100, 190
Trd, 000285.983, 174
Trd, 000287.017, 172
Trd, 000287.433, 173
Trd, 000287.717, 172
Trd, 000287.983, 177
Trd, 000288.400, 179
Trd, 000288.467, 179
Trd, 000289.033, 168
Trd, 000289.317, 179
Trd, 000289.983, 180
Trd, 000290.267, 181
Trd, 000291.017, 178
Trd, 000291.650, 181
Trd, 000292.400, 184
Trd, 000292.517, 191
Trd, 000292.600, 182
Trd, 000292.800, 185
Trd, 000293.183, 189
Trd, 000293.300, 182
Trd, 000293.667, 181
Trd, 000294.067, 185
Trd, 000294.233, 186
Trd, 000294.800, 186
Trd, 000295.250, 186
Trd, 000295.883, 185
Trd, 000296.000, 184
Trd, 000296.150, 185
Trd, 000297.267, 186
Trd, 000297.767, 185
Trd, 000297.900, 184
Trd, 000298.233, 183
Trd, 000298.467, 185
Trd, 000298.750, 182
Trd, 000298.900, 192
Trd, 000299.067, 201
Trd, 000299.617, 170
