Trd, 000001.317, 149
Trd, 000001.633, 152
Trd, 000001.683, 149
Trd, 000002.800, 179
Trd, 000003.217, 182
Trd, 000003.467, 149
Trd, 000004.250, 171
Trd, 000004.267, 159
Trd, 000006.117, 160
Trd, 000006.217, 154
Trd, 000006.950, 152
Trd, 000007.517, 152
Trd, 000007.617, 161
Trd, 000008.300, 151
Trd, 000008.900, 156
Trd, 000009.300, 150
Trd, 000010.250, 149
Trd, 000010.417, 158
Trd, 000010.917, 150
Trd, 000011.950, 151
Trd, 000012.000, 151
Trd, 000012.483, 150
Trd, 000013.617, 153
Trd, 000014.667, 155
Trd, 000014.833, 154
Trd, 000015.317, 155
Trd, 000015.433, 152
Trd, 000016.650, 153
Trd, 000016.833, 155
Trd, 000018.283, 155
Trd, 000018.433, 156
Trd, 000018.550, 151
Trd, 000018.833, 153
Trd, 000019.400, 151
Trd, 000020.467, 154
Trd, 000020.567, 153
Trd, 000020.617, 181
Trd, 000021.300, 160
Trd, 000023.150, 158
Trd, 000023.467, 160
Trd, 000023.783, 158
Trd, 000024.033, 155
Trd, 000024.067, 150
Trd, 000025.350, 154
Trd, 000025.433, 151
Trd, 000026.617, 153
Trd, 000027.650, 155
Trd, 000028.183, 154
Trd, 000028.333, 153
Trd, 000028.583, 155
Trd, 000028.867, 153
Trd, 000029.967, 152
Trd, 000030.900, 153
Trd, 000031.050, 151
Trd, 000032.267, 150
Trd, 000032.967, 149
Trd, 000033.417, 149
Trd, 000033.767, 151
Trd, 000034.500, 152
Trd, 000034.883, 151
Trd, 000035.467, 150
Trd, 000035.617, 148
Trd, 000035.783, 150
Trd, 000035.800, 152
Trd, 000036.583, 152
Trd, 000036.733, 151
Trd, 000036.867, 150
Trd, 000036.900, 153
Trd, 000038.167, 154
Trd, 000038.817, 152
Trd, 000039.117, 152
Trd, 000039.467, 150
Trd, 000040.850, 152
Trd, 000041.750, 153
Trd, 000042.717, 150
Trd, 000043.017, 151
Trd, 000043.317, 150
Trd, 000043.883, 148
Trd, 000044.233, 159
Trd, 000045.433, 153
Trd, 000045.650, 149
Trd, 000045.683, 160
Trd, 000046.567, 150
Trd, 000047.450, 148
Trd, 000048.133, 154
Trd, 000048.283, 156
Trd, 000048.767, 149
Trd, 000049.367, 155
Trd, 000049.500, 152
Trd, 000049.633, 156
Trd, 000049.867, 151
Trd, 000050.300, 152
Trd, 000050.933, 152
Trd, 000051.983, 152
Trd, 000052.267, 153
Trd, 000052.500, 153
Trd, 000053.100, 151
Trd, 000054.033, 155
Trd, 000054.150, 157
Trd, 000054.300, 155
Trd, 000055.600, 157
Trd, 000056.350, 157
Trd, 000056.617, 159
Trd, 000057.583, 157
Trd, 000059.267, 161
Trd, 000059.317, 160
Trd, 000059.833, 159
Trd, 000060.067, 171
Trd, 000060.600, 164
Trd, 000060.883, 162
Trd, 000060.917, 158
Trd, 000061.883, 161
Trd, 000061.950, 154
Trd, 000064.083, 158
Trd, 000064.483, 157
Trd, 000064.617, 158
Trd, 000064.950, 159
Trd, 000065.083, 157
Trd, 000065.150, 155
Trd, 000066.017, 150
Trd, 000067.150, 158
Trd, 000068.250, 158
Trd, 000068.917, 158
Trd, 000069.367, 157
Trd, 000070.283, 158
Trd, 000070.317, 156
Trd, 000070.483, 156
Trd, 000071.083, 156
Trd, 000071.333, 157
Trd, 000071.433, 155
Trd, 000071.650, 155
Trd, 000072.367, 152
Trd, 000073.267, 162
Trd, 000073.583, 158
Trd, 000074.700, 162
Trd, 000075.133, 159
Trd, 000075.250, 162
Trd, 000075.417, 161
Trd, 000076.083, 160
Trd, 000076.550, 159
Trd, 000077.617, 160
Trd, 000078.450, 161
Trd, 000078.817, 160
Trd, 000079.350, 159
Trd, 000080.317, 163
Trd, 000080.967, 169
Trd, 000081.233, 161
Trd, 000081.800, 166
Trd, 000082.000, 164
Trd, 000082.283, 166
Trd, 000082.433, 165
Trd, 000083.200, 163
Trd, 000083.533, 162
Trd, 000084.317, 166
Trd, 000086.383, 165
Trd, 000086.667, 158
Trd, 000087.100, 165
Trd, 000087.317, 166
Trd, 000087.667, 165
Trd, 000088.067, 163
Trd, 000088.917, 164
Trd, 000090.617, 163
Trd, 000090.883, 164
Trd, 000091.067, 164
Trd, 000091.400, 163
Trd, 000091.883, 159
Trd, 000092.633, 163
Trd, 000093.267, 163
Trd, 000093.550, 164
Trd, 000093.900, 162
Trd, 000094.050, 157
Trd, 000094.517, 168
Trd, 000094.550, 156
Trd, 000095.117, 160
Trd, 000095.400, 155
Trd, 000097.800, 164
Trd, 000098.383, 165
Trd, 000098.400, 164
Trd, 000098.450, 165
Trd, 000098.617, 164
Trd, 000099.050, 163
Trd, 000099.800, 161
Trd, 000100.400, 160
Trd, 000100.667, 155
Trd, 000101.483, 158
Trd, 000101.700, 161
Trd, 000101.933, 157
Trd, 000103.350, 158
Trd, 000104.000, 163
Trd, 000104.017, 164
Trd, 000105.300, 158
Trd, 000105.550, 157
Trd, 000105.867, 159
Trd, 000106.333, 158
Trd, 000106.733, 157
Trd, 000106.783, 164
Trd, 000109.033, 164
Trd, 000109.050, 163
Trd, 000110.117, 163
Trd, 000110.267, 162
Trd, 000110.500, 162
Trd, 000110.600, 163
Trd, 000111.033, 160
Trd, 000111.567, 161
Trd, 000112.967, 161
Trd, 000113.617, 163
Trd, 000114.033, 163
Trd, 000114.283, 162
Trd, 000115.017, 162
Trd, 000115.383, 162
Trd, 000115.533, 162
Trd, 000115.850, 161
Trd, 000116.267, 159
Trd, 000116.683, 158
Trd, 000117.133, 156
Trd, 000117.700, 161
Trd, 000118.400, 157
Trd, 000119.567, 157
Trd, 000119.683, 156
Trd, 000119.783, 157
Trd, 000119.883, 160
Trd, 000122.017, 154
Trd, 000122.217, 159
Trd, 000122.333, 155
Trd, 000122.467, 162
Trd, 000123.550, 164
Trd, 000124.583, 160
Trd, 000124.883, 160
Trd, 000125.083, 159
Trd, 000125.233, 164
Trd, 000126.250, 160
Trd, 000126.683, 158
Trd, 000126.817, 161
Trd, 000127.150, 159
Trd, 000127.300, 162
Trd, 000128.733, 163
Trd, 000129.400, 165
Trd, 000129.883, 162
Trd, 000129.983, 161
Trd, 000130.733, 165
Trd, 000131.167, 174
Trd, 000131.900, 178
Trd, 000132.717, 174
Trd, 000132.867, 174
Trd, 000133.133, 172
Trd, 000134.550, 171
Trd, 000134.583, 170
Trd, 000135.767, 171
Trd, 000136.133, 172
Trd, 000137.217, 170
Trd, 000137.400, 170
Trd, 000137.733, 172
Trd, 000138.150, 175
Trd, 000138.350, 178
Trd, 000138.683, 172
Trd, 000140.117, 173
Trd, 000140.300, 163
Trd, 000140.317, 161
Trd, 000140.483, 164
Trd, 000140.517, 165
Trd, 000142.433, 166
Trd, 000142.700, 165
Trd, 000143.750, 169
Trd, 000144.133, 167
Trd, 000144.600, 167
Trd, 000144.883, 167
Trd, 000145.233, 166
Trd, 000145.400, 172
Trd, 000146.000, 168
Trd, 000148.567, 168
Trd, 000148.667, 168
Trd, 000149.317, 167
Trd, 000149.367, 169
Trd, 000149.917, 170
Trd, 000150.250, 171
Trd, 000150.317, 166
Trd, 000150.383, 172
Trd, 000150.583, 180
Trd, 000151.200, 169
Trd, 000151.900, 176
Trd, 000152.950, 175
Trd, 000153.600, 178
Trd, 000154.200, 179
Trd, 000154.317, 178
Trd, 000154.433, 178
Trd, 000154.983, 177
Trd, 000156.367, 176
Trd, 000156.717, 178
Trd, 000157.167, 171
Trd, 000157.567, 177
Trd, 000158.450, 175
Trd, 000159.467, 175
Trd, 000160.833, 173
Trd, 000161.367, 173
Trd, 000161.433, 173
Trd, 000161.667, 174
Trd, 000161.700, 173
Trd, 000162.067, 171
Trd, 000162.733, 164
Trd, 000162.750, 174
Trd, 000164.233, 169
Trd, 000165.383, 167
Trd, 000166.100, 167
Trd, 000166.283, 167
Trd, 000166.433, 168
Trd, 000166.817, 167
Trd, 000166.833, 166
Trd, 000167.433, 168
Trd, 000168.950, 168
Trd, 000169.433, 167
Trd, 000170.683, 164
Trd, 000171.250, 166
Trd, 000173.317, 168
Trd, 000173.350, 165
Trd, 000173.983, 168
Trd, 000174.217, 167
Trd, 000174.450, 169
Trd, 000175.017, 191
Trd, 000175.067, 165
Trd, 000175.283, 166
Trd, 000175.633, 178
Trd, 000176.350, 171
Trd, 000176.567, 171
Trd, 000176.667, 165
Trd, 000177.700, 167
Trd, 000179.100, 176
Trd, 000179.167, 172
Trd, 000179.217, 169
Trd, 000179.750, 168
Trd, 000179.817, 166
Trd, 000181.150, 173
Trd, 000181.500, 170
Trd, 000182.500, 169
Trd, 000182.917, 167
Trd, 000183.600, 167
Trd, 000184.250, 168
Trd, 000185.133, 173
Trd, 000185.150, 183
Trd, 000186.050, 168
Trd, 000186.167, 168
Trd, 000186.667, 167
Trd, 000188.917, 169
Trd, 000189.050, 170
Trd, 000189.100, 168
Trd, 000190.267, 169
Trd, 000190.450, 174
Trd, 000190.683, 167
Trd, 000190.933, 168
Trd, 000191.483, 170
Trd, 000192.983, 169
Trd, 000193.633, 169
Trd, 000193.983, 168
Trd, 000194.017, 167
Trd, 000195.483, 168
Trd, 000195.783, 167
Trd, 000195.900, 168
Trd, 000196.033, 169
Trd, 000196.183, 175
Trd, 000196.200, 167
Trd, 000196.267, 167
Trd, 000196.483, 184
Trd, 000197.900, 166
Trd, 000198.633, 173
Trd, 000198.850, 173
Trd, 000199.267, 173
Trd, 000201.133, 173
Trd, 000201.433, 172
Trd, 000201.533, 173
Trd, 000201.633, 171
Trd, 000202.950, 170
Trd, 000203.533, 170
Trd, 000204.067, 171
Trd, 000204.750, 171
Trd, 000204.883, 170
Trd, 000205.217, 174
Trd, 000206.267, 172
Trd, 000207.050, 175
Trd, 000207.417, 171
Trd, 000207.617, 170
Trd, 000208.800, 171
Trd, 000209.400, 172
Trd, 000209.433, 177
Trd, 000209.717, 172
Trd, 000209.883, 172
Trd, 000210.183, 173
Trd, 000212.083, 172
Trd, 000212.217, 174
Trd, 000212.567, 171
Trd, 000212.817, 169
Trd, 000213.517, 175
Trd, 000213.733, 176
Trd, 000214.700, 174
Trd, 000215.100, 175
Trd, 000215.567, 183
Trd, 000216.633, 180
Trd, 000217.100, 178
Trd, 000219.250, 182
Trd, 000219.550, 181
Trd, 000219.750, 180
Trd, 000220.300, 180
Trd, 000220.700, 178
Trd, 000220.917, 182
Trd, 000221.183, 178
Trd, 000221.217, 177
Trd, 000222.467, 179
Trd, 000222.817, 179
Trd, 000223.400, 179
Trd, 000223.900, 179
Trd, 000225.183, 178
Trd, 000225.333, 178
Trd, 000225.517, 179
Trd, 000225.617, 180
Trd, 000226.400, 181
Trd, 000226.850, 179
Trd, 000226.933, 177
Trd, 000227.483, 180
Trd, 000228.683, 180
Trd, 000229.350, 178
Trd, 000229.450, 177
Trd, 000229.567, 173
Trd, 000229.650, 166
Trd, 000231.833, 177
Trd, 000232.167, 179
Trd, 000232.600, 179
Trd, 000233.350, 179
Trd, 000234.017, 177
Trd, 000235.100, 179
Trd, 000235.200, 174
Trd, 000235.567, 175
Trd, 000235.933, 178
Trd, 000236.067, 179
Trd, 000236.633, 177
Trd, 000237.033, 176
Trd, 000237.467, 174
Trd, 000238.600, 178
Trd, 000238.733, 178
Trd, 000239.500, 177
Trd, 000240.383, 180
Trd, 000240.700, 179
Trd, 000240.967, 178
Trd, 000241.000, 180
Trd, 000241.283, 178
Trd, 000241.300, 178
Trd, 000241.667, 174
Trd, 000241.867, 174
Trd, 000241.933, 172
Trd, 000242.283, 173
Trd, 000243.000, 169
Trd, 000243.417, 168
Trd, 000243.717, 170
Trd, 000244.367, 172
Trd, 000244.750, 173
Trd, 000245.000, 170
Trd, 000245.083, 175
Trd, 000245.117, 158
Trd, 000245.617, 175
Trd, 000245.833, 176
Trd, 000246.167, 173
Trd, 000246.400, 172
Trd, 000246.917, 171
Trd, 000247.267, 171
Trd, 000247.383, 169
Trd, 000248.017, 168
Trd, 000248.100, 173
Trd, 000248.400, 175
Trd, 000248.683, 176
Trd, 000248.917, 180
Trd, 000248.950, 178
Trd, 000249.500, 178
Trd, 000249.650, 177
Trd, 000249.767, 181
Trd, 000250.533, 178
Trd, 000251.367, 176
Trd, 000251.750, 177
Trd, 000252.067, 178
Trd, 000252.083, 176
Trd, 000253.150, 177
Trd, 000253.250, 174
Trd, 000253.567, 172
Trd, 000254.650, 169
Trd, 000254.750, 171
Trd, 000254.867, 172
Trd, 000254.933, 175
Trd, 000254.950, 176
Trd, 000256.067, 175
Trd, 000256.100, 176
Trd, 000257.017, 176
Trd, 000257.900, 176
Trd, 000258.467, 177
Trd, 000258.600, 178
Trd, 000258.800, 180
Trd, 000259.300, 179
Trd, 000259.767, 179
Trd, 000259.833, 181
Trd, 000260.083, 178
Trd, 000260.600, 178
Trd, 000260.933, 182
Trd, 000261.050, 179
Trd, 000261.433, 180
Trd, 000261.950, 183
Trd, 000262.483, 183
Trd, 000262.550, 179
Trd, 000262.733, 180
Trd, 000263.750, 182
Trd, 000264.383, 182
Trd, 000264.667, 178
Trd, 000265.467, 179
Trd, 000265.867, 181
Trd, 000265.933, 182
Trd, 000266.150, 177
Trd, 000267.017, 178
Trd, 000267.167, 178
Trd, 000267.267, 177
Trd, 000267.583, 177
Trd, 000267.900, 175
Trd, 000268.550, 173
Trd, 000269.350, 179
Trd, 000269.450, 172
Trd, 000269.800, 171
Trd, 000269.917, 161
Trd, 000270.167, 163
Trd, 000270.817, 164
Trd, 000271.033, 168
Trd, 000271.417, 178
Trd, 000271.733, 182
Trd, 000272.133, 178
Trd, 000272.550, 178
Trd, 000272.767, 179
Trd, 000272.850, 192
Trd, 000272.967, 179
Trd, 000273.183, 178
Trd, 000273.417, 178
Trd, 000274.150, 175
Trd, 000274.450, 173
Trd, 000275.333, 175
Trd, 000275.867, 176
Trd, 000275.900, 178
Trd, 000276.350, 176
Trd, 000276.867, 185
Trd, 000276.917, 178
Trd, 000276.983, 171
Trd, 000277.850, 179
Trd, 000278.067, 179
Trd, 000278.783, 185
Trd, 000278.967, 178
Trd, 000279.683, 178
Trd, 000279.817, 184
Trd, 000279.917, 177
Trd, 000280.183, 181
Trd, 000280.317, 181
Trd, 000280.800, 179
Trd, 000281.583, 178
Trd, 000282.100, 180
Trd, 000282.367, 181
Trd, 000282.600, 179
Trd, 000283.367, 179
Trd, 000283.633, 179
Trd, 000283.833, 178
Trd, 000283.867, 193
Trd, 000284.733, 195
Trd, 000284.933, 178
Trd, 000285.933, 176
Trd, 000285.983, 179
Trd, 000286.433, 179
Trd, 000286.633, 169
Trd, 000286.667, 162
Trd, 000286.767, 172
Trd, 000287.667, 173
Trd, 000287.883, 177
Trd, 000287.933, 180
Trd, 000288.650, 175
Trd, 000289.750, 176
Trd, 000290.000, 177
Trd, 000290.117, 176
Trd, 000290.467, 176
Trd, 000290.683, 176
Trd, 000290.700, 174
Trd, 000291.367, 180
Trd, 000291.417, 175
Trd, 000291.717, 174
Trd, 000291.833, 180
Trd, 000292.267, 178
Trd, 000292.317, 184
Trd, 000292.467, 188
Trd, 000293.200, 183
Trd, 000293.467, 180
Trd, 000294.383, 193
Trd, 000294.467, 181
Trd, 000294.900, 180
Trd, 000295.000, 180
Trd, 000295.300, 180
Trd, 000295.467, 180
Trd, 000295.800, 179
Trd, 000295.950, 179
Trd, 000296.783, 179
Trd, 000296.800, 180
Trd, 000297.383, 181
Trd, 000297.867, 178
Trd, 000298.533, 179
Trd, 000298.883, 178
Trd, 000299.383, 181
Trd, 000299.600, 182
Trd, 000299.633, 176
