Trd, 000001.267, 110
Trd, 000001.917, 146
Trd, 000002.000, 141
Trd, 000002.783, 158
Trd, 000003.217, 155
Trd, 000004.933, 156
Trd, 000005.367, 153
Trd, 000005.633, 156
Trd, 000006.033, 155
Trd, 000007.133, 156
Trd, 000007.850, 157
Trd, 000008.417, 154
Trd, 000008.950, 153
Trd, 000009.067, 150
Trd, 000009.767, 150
Trd, 000009.800, 154
Trd, 000011.150, 152
Trd, 000011.700, 153
Trd, 000012.200, 152
Trd, 000012.250, 153
Trd, 000012.783, 152
Trd, 000012.917, 152
Trd, 000013.050, 150
Trd, 000013.633, 153
Trd, 000013.867, 151
Trd, 000014.050, 159
Trd, 000014.917, 151
Trd, 000015.833, 154
Trd, 000015.900, 156
Trd, 000016.683, 153
Trd, 000017.917, 152
Trd, 000018.417, 155
Trd, 000019.283, 152
Trd, 000019.800, 152
Trd, 000019.900, 151
Trd, 000020.017, 153
Trd, 000020.200, 150
Trd, 000020.850, 152
Trd, 000021.117, 152
Trd, 000022.117, 160
Trd, 000022.550, 160
Trd, 000023.250, 161
Trd, 000024.067, 159
Trd, 000024.817, 162
Trd, 000025.333, 159
Trd, 000025.650, 164
Trd, 000025.733, 160
Trd, 000027.350, 159
Trd, 000027.767, 157
Trd, 000028.000, 158
Trd, 000028.667, 156
Trd, 000028.717, 153
Trd, 000029.217, 159
Trd, 000029.500, 156
Trd, 000030.650, 155
Trd, 000030.833, 154
Trd, 000032.200, 154
Trd, 000032.583, 155
Trd, 000032.750, 154
Trd, 000034.117, 155
Trd, 000034.983, 153
Trd, 000035.467, 154
Trd, 000035.533, 153
Trd, 000035.717, 151
Trd, 000035.817, 152
Trd, 000036.450, 154
Trd, 000036.583, 155
Trd, 000036.683, 156
Trd, 000037.800, 168
Trd, 000038.267, 163
Trd, 000038.583, 164
Trd, 000038.650, 163
Trd, 000039.150, 165
Trd, 000040.433, 166
Trd, 000040.750, 166
Trd, 000041.083, 164
Trd, 000041.600, 163
Trd, 000042.533, 163
Trd, 000043.200, 163
Trd, 000044.383, 164
Trd, 000044.633, 163
Trd, 000044.667, 165
Trd, 000045.383, 166
Trd, 000046.317, 165
Trd, 000046.767, 163
Trd, 000047.333, 160
Trd, 000048.150, 163
Trd, 000048.517, 161
Trd, 000049.383, 160
Trd, 000050.083, 160
Trd, 000050.300, 161
Trd, 000050.333, 162
Trd, 000051.717, 159
Trd, 000051.917, 160
Trd, 000052.000, 160
Trd, 000052.350, 159
Trd, 000053.083, 162
Trd, 000053.367, 160
Trd, 000054.633, 160
Trd, 000054.983, 159
Trd, 000055.317, 161
Trd, 000055.333, 163
Trd, 000056.133, 155
Trd, 000056.917, 160
Trd, 000057.550, 159
Trd, 000057.883, 160
Trd, 000058.367, 161
Trd, 000059.017, 162
Trd, 000060.283, 162
Trd, 000060.983, 161
Trd, 000061.717, 162
Trd, 000061.917, 160
Trd, 000062.517, 158
Trd, 000062.533, 160
Trd, 000062.950, 163
Trd, 000063.317, 174
Trd, 000063.883, 178
Trd, 000064.967, 166
Trd, 000065.283, 164
Trd, 000066.967, 163
Trd, 000067.067, 161
Trd, 000067.233, 156
Trd, 000067.333, 162
Trd, 000070.133, 159
Trd, 000070.267, 158
Trd, 000070.383, 157
Trd, 000070.667, 158
Trd, 000070.683, 157
Trd, 000071.317, 156
Trd, 000071.433, 156
Trd, 000071.500, 156
Trd, 000071.550, 158
Trd, 000072.350, 157
Trd, 000073.450, 157
Trd, 000075.450, 158
Trd, 000075.517, 160
Trd, 000075.950, 158
Trd, 000076.000, 159
Trd, 000076.050, 155
Trd, 000076.517, 176
Trd, 000076.600, 179
Trd, 000078.033, 166
Trd, 000078.117, 169
Trd, 000078.533, 169
Trd, 000079.550, 169
Trd, 000080.133, 165
Trd, 000080.283, 163
Trd, 000080.517, 149
Trd, 000080.867, 162
Trd, 000081.333, 160
Trd, 000082.283, 160
Trd, 000082.333, 159
Trd, 000082.783, 159
Trd, 000083.217, 161
Trd, 000084.283, 162
Trd, 000084.633, 160
Trd, 000084.983, 158
Trd, 000085.700, 161
Trd, 000086.050, 161
Trd, 000086.067, 160
Trd, 000086.783, 163
Trd, 000087.633, 165
Trd, 000087.833, 166
Trd, 000088.950, 165
Trd, 000089.100, 164
Trd, 000089.750, 164
Trd, 000090.333, 164
Trd, 000090.667, 164
Trd, 000090.883, 163
Trd, 000091.850, 161
Trd, 000092.633, 158
Trd, 000092.800, 163
Trd, 000092.867, 164
Trd, 000093.367, 167
Trd, 000093.417, 177
Trd, 000094.417, 157
Trd, 000095.317, 160
Trd, 000095.900, 165
Trd, 000097.350, 159
Trd, 000098.050, 157
Trd, 000098.383, 159
Trd, 000098.467, 157
Trd, 000098.983, 143
Trd, 000099.483, 143
Trd, 000099.717, 148
Trd, 000100.567, 158
Trd, 000101.000, 153
Trd, 000101.267, 154
Trd, 000101.333, 158
Trd, 000101.467, 153
Trd, 000102.450, 177
Trd, 000102.933, 153
Trd, 000103.850, 155
Trd, 000104.183, 159
Trd, 000104.617, 158
Trd, 000105.000, 156
Trd, 000105.317, 159
Trd, 000105.733, 161
Trd, 000106.650, 162
Trd, 000107.850, 159
Trd, 000108.033, 160
Trd, 000108.283, 179
Trd, 000109.400, 170
Trd, 000109.917, 169
Trd, 000110.400, 169
Trd, 000110.817, 169
Trd, 000111.233, 168
Trd, 000111.317, 161
Trd, 000112.333, 173
Trd, 000112.733, 170
Trd, 000113.300, 168
Trd, 000114.450, 169
Trd, 000115.333, 167
Trd, 000115.733, 167
Trd, 000115.817, 168
Trd, 000116.233, 168
Trd, 000116.633, 167
Trd, 000117.300, 169
Trd, 000117.333, 179
Trd, 000117.433, 182
Trd, 000118.833, 168
Trd, 000121.083, 173
Trd, 000121.767, 173
Trd, 000122.500, 171
Trd, 000122.917, 171
Trd, 000123.517, 171
Trd, 000123.733, 171
Trd, 000124.267, 172
Trd, 000124.883, 170
Trd, 000125.133, 170
Trd, 000125.250, 172
Trd, 000126.550, 170
Trd, 000126.833, 170
Trd, 000127.750, 170
Trd, 000128.550, 171
Trd, 000130.267, 170
Trd, 000130.683, 171
Trd, 000130.783, 170
Trd, 000130.817, 169
Trd, 000131.000, 172
Trd, 000131.450, 172
Trd, 000132.717, 171
Trd, 000133.117, 168
Trd, 000133.433, 168
Trd, 000133.483, 163
Trd, 000133.983, 170
Trd, 000135.500, 163
Trd, 000135.567, 167
Trd, 000136.200, 165
Trd, 000136.233, 164
Trd, 000136.750, 165
Trd, 000137.067, 161
Trd, 000137.383, 164
Trd, 000138.017, 162
Trd, 000138.083, 161
Trd, 000138.100, 169
Trd, 000138.117, 185
Trd, 000138.150, 157
Trd, 000138.200, 187
Trd, 000138.750, 175
Trd, 000140.000, 176
Trd, 000141.217, 175
Trd, 000142.133, 164
Trd, 000142.433, 155
Trd, 000142.850, 174
Trd, 000143.383, 171
Trd, 000144.200, 172
Trd, 000144.750, 171
Trd, 000144.850, 169
Trd, 000144.867, 163
Trd, 000144.883, 172
Trd, 000144.933, 174
Trd, 000146.050, 173
Trd, 000146.500, 168
Trd, 000146.983, 166
Trd, 000147.433, 168
Trd, 000148.500, 167
Trd, 000149.650, 165
Trd, 000149.967, 165
Trd, 000150.033, 166
Trd, 000150.117, 164
Trd, 000150.167, 167
Trd, 000151.700, 164
Trd, 000152.600, 163
Trd, 000153.567, 165
Trd, 000153.617, 164
Trd, 000153.767, 166
Trd, 000154.400, 164
Trd, 000155.483, 163
Trd, 000156.200, 164
Trd, 000156.733, 164
Trd, 000157.033, 165
Trd, 000157.283, 165
Trd, 000157.467, 166
Trd, 000158.233, 165
Trd, 000158.433, 166
Trd, 000158.500, 169
Trd, 000158.867, 183
Trd, 000159.233, 174
Trd, 000160.667, 175
Trd, 000161.250, 183
Trd, 000162.817, 179
Trd, 000162.933, 179
Trd, 000163.283, 180
Trd, 000163.517, 178
Trd, 000165.450, 180
Trd, 000165.617, 180
Trd, 000167.083, 178
Trd, 000167.900, 177
Trd, 000168.517, 176
Trd, 000168.950, 177
Trd, 000169.117, 178
Trd, 000170.317, 177
Trd, 000170.550, 176
Trd, 000171.100, 178
Trd, 000171.733, 176
Trd, 000171.967, 180
Trd, 000172.367, 177
Trd, 000173.400, 177
Trd, 000173.967, 179
Trd, 000174.450, 178
Trd, 000174.583, 176
Trd, 000175.333, 176
Trd, 000175.467, 175
Trd, 000175.900, 175
Trd, 000176.383, 175
Trd, 000176.600, 173
Trd, 000177.450, 174
Trd, 000178.200, 173
Trd, 000178.867, 170
Trd, 000178.917, 169
Trd, 000179.167, 168
Trd, 000179.267, 169
Trd, 000179.617, 178
Trd, 000179.767, 189
Trd, 000180.650, 177
Trd, 000181.583, 181
Trd, 000181.883, 183
Trd, 000182.950, 181
Trd, 000183.050, 176
Trd, 000183.783, 176
Trd, 000183.917, 175
Trd, 000185.600, 176
Trd, 000185.633, 176
Trd, 000186.083, 179
Trd, 000186.967, 177
Trd, 000187.067, 174
Trd, 000187.217, 177
Trd, 000188.400, 173
Trd, 000190.183, 173
Trd, 000190.367, 172
Trd, 000191.167, 171
Trd, 000191.483, 171
Trd, 000191.700, 170
Trd, 000192.233, 168
Trd, 000193.617, 170
Trd, 000193.867, 170
Trd, 000194.200, 170
Trd, 000194.367, 164
Trd, 000194.450, 161
Trd, 000194.867, 162
Trd, 000195.000, 161
Trd, 000195.600, 163
Trd, 000195.950, 168
Trd, 000197.983, 163
Trd, 000198.850, 191
Trd, 000199.433, 178
Trd, 000199.617, 176
Trd, 000199.817, 178
Trd, 000201.617, 178
Trd, 000202.000, 178
Trd, 000202.450, 177
Trd, 000202.683, 179
Trd, 000202.850, 178
Trd, 000203.433, 180
Trd, 000203.767, 180
Trd, 000204.250, 179
Trd, 000205.350, 178
Trd, 000205.817, 180
Trd, 000207.650, 178
Trd, 000207.867, 178
Trd, 000208.033, 178
Trd, 000208.117, 170
Trd, 000208.517, 173
Trd, 000208.633, 169
Trd, 000208.900, 181
Trd, 000209.250, 176
Trd, 000209.433, 179
Trd, 000209.450, 180
Trd, 000210.250, 178
Trd, 000211.050, 181
Trd, 000212.900, 182
Trd, 000213.350, 184
Trd, 000213.567, 181
Trd, 000214.533, 183
Trd, 000215.817, 181
Trd, 000216.000, 182
Trd, 000216.383, 180
Trd, 000216.400, 177
Trd, 000216.900, 177
Trd, 000217.067, 176
Trd, 000217.650, 176
Trd, 000218.000, 174
Trd, 000218.067, 177
Trd, 000218.867, 177
Trd, 000219.100, 178
Trd, 000219.967, 180
Trd, 000220.967, 182
Trd, 000221.350, 185
Trd, 000221.983, 178
Trd, 000222.183, 179
Trd, 000222.433, 179
Trd, 000222.717, 178
Trd, 000222.983, 177
Trd, 000223.433, 178
Trd, 000224.900, 177
Trd, 000225.167, 175
Trd, 000225.267, 178
Trd, 000225.800, 177
Trd, 000226.183, 179
Trd, 000226.933, 180
Trd, 000226.950, 173
Trd, 000227.350, 182
Trd, 000228.050, 176
Trd, 000229.450, 182
Trd, 000230.550, 180
Trd, 000230.700, 179
Trd, 000231.667, 182
Trd, 000232.317, 181
Trd, 000232.733, 180
Trd, 000233.767, 178
Trd, 000233.867, 181
Trd, 000234.333, 180
Trd, 000234.750, 173
Trd, 000234.800, 171
Trd, 000235.067, 171
Trd, 000235.450, 179
Trd, 000235.950, 179
Trd, 000236.317, 137
Trd, 000237.700, 177
Trd, 000238.533, 168
Trd, 000239.017, 166
Trd, 000239.283, 165
Trd, 000239.483, 166
Trd, 000239.533, 168
Trd, 000239.650, 166
Trd, 000239.933, 175
Trd, 000240.017, 175
Trd, 000240.167, 195
Trd, 000240.667, 169
Trd, 000241.733, 179
Trd, 000241.950, 180
Trd, 000242.050, 181
Trd, 000242.117, 180
Trd, 000242.600, 181
Trd, 000242.850, 180
Trd, 000243.550, 182
Trd, 000244.800, 185
Trd, 000244.917, 183
Trd, 000245.267, 185
Trd, 000245.633, 186
Trd, 000245.867, 186
Trd, 000246.317, 189
Trd, 000246.583, 189
Trd, 000247.317, 188
Trd, 000247.583, 187
Trd, 000247.867, 187
Trd, 000248.033, 187
Trd, 000248.167, 188
Trd, 000248.717, 190
Trd, 000249.083, 190
Trd, 000249.400, 190
Trd, 000249.667, 192
Trd, 000249.850, 190
Trd, 000251.633, 190
Trd, 000251.900, 180
Trd, 000252.017, 183
Trd, 000252.350, 183
Trd, 000252.500, 183
Trd, 000253.317, 178
Trd, 000253.867, 179
Trd, 000253.917, 181
Trd, 000254.200, 180
Trd, 000254.500, 178
Trd, 000255.350, 181
Trd, 000255.700, 179
Trd, 000256.583, 178
Trd, 000256.717, 178
Trd, 000256.983, 176
Trd, 000257.383, 179
Trd, 000257.417, 180
Trd, 000257.650, 181
Trd, 000258.233, 184
Trd, 000258.833, 185
Trd, 000259.250, 186
Trd, 000260.050, 182
Trd, 000260.150, 187
Trd, 000260.483, 183
Trd, 000260.517, 184
Trd, 000261.250, 186
Trd, 000262.333, 183
Trd, 000262.533, 183
Trd, 000262.733, 181
Trd, 000264.000, 183
Trd, 000264.667, 184
Trd, 000264.833, 182
Trd, 000265.000, 181
Trd, 000265.100, 176
Trd, 000265.183, 174
Trd, 000265.300, 192
Trd, 000265.967, 169
Trd, 000266.500, 178
Trd, 000267.333, 178
Trd, 000267.667, 178
Trd, 000267.983, 176
Trd, 000268.050, 178
Trd, 000268.100, 179
Trd, 000268.583, 181
Trd, 000268.700, 178
Trd, 000269.317, 182
Trd, 000269.983, 183
Trd, 000270.117, 198
Trd, 000270.467, 182
Trd, 000271.333, 189
Trd, 000271.767, 187
Trd, 000272.033, 182
Trd, 000272.467, 184
Trd, 000272.533, 182
Trd, 000273.300, 191
Trd, 000273.683, 191
Trd, 000275.183, 191
Trd, 000275.700, 187
Trd, 000276.233, 191
Trd, 000276.400, 187
Trd, 000276.883, 189
Trd, 000277.167, 188
Trd, 000278.167, 188
Trd, 000278.900, 188
Trd, 000279.550, 188
Trd, 000279.650, 188
Trd, 000279.750, 186
Trd, 000279.767, 186
Trd, 000279.917, 189
Trd, 000280.217, 189
Trd, 000280.600, 186
Trd, 000280.650, 188
Trd, 000281.167, 183
Trd, 000281.417, 188
Trd, 000281.983, 189
Trd, 000282.317, 186
Trd, 000282.450, 187
Trd, 000283.000, 178
Trd, 000283.200, 186
Trd, 000283.283, 176
Trd, 000283.833, 187
Trd, 000284.067, 180
Trd, 000284.567, 188
Trd, 000284.883, 196
Trd, 000285.267, 196
Trd, 000286.067, 193
Trd, 000286.367, 190
Trd, 000286.517, 186
Trd, 000287.133, 185
Trd, 000287.600, 185
Trd, 000287.683, 197
Trd, 000288.367, 185
Trd, 000289.283, 189
Trd, 000290.367, 187
Trd, 000290.717, 187
Trd, 000290.733, 188
Trd, 000290.900, 190
Trd, 000291.083, 191
Trd, 000291.850, 186
Trd, 000292.233, 184
Trd, 000292.317, 184
Trd, 000292.517, 182
Trd, 000292.850, 184
Trd, 000293.133, 177
Trd, 000294.283, 183
Trd, 000294.800, 179
Trd, 000294.867, 182
Trd, 000294.883, 183
Trd, 000295.050, 183
Trd, 000295.217, 183
Trd, 000295.933, 181
Trd, 000296.783, 180
Trd, 000296.950, 182
Trd, 000297.150, 182
Trd, 000297.800, 181
Trd, 000297.900, 184
Trd, 000297.950, 197
Trd, 000298.650, 179
Trd, 000298.733, 190
Trd, 000298.967, 200
Trd, 000299.767, 197
