Trd, 000000.983, 176
Trd, 000001.267, 164
Trd, 000002.050, 170
Trd, 000002.067, 109
Trd, 000003.900, 158
Trd, 000003.933, 131
Trd, 000004.233, 130
Trd, 000005.017, 182
Trd, 000005.183, 146
Trd, 000005.633, 142
Trd, 000006.867, 144
Trd, 000007.467, 146
Trd, 000009.150, 148
Trd, 000009.167, 149
Trd, 000009.533, 145
Trd, 000010.517, 149
Trd, 000011.233, 145
Trd, 000011.517, 145
Trd, 000012.033, 148
Trd, 000012.833, 145
Trd, 000013.233, 148
Trd, 000013.750, 144
Trd, 000013.917, 146
Trd, 000013.933, 143
Trd, 000014.717, 142
Trd, 000015.133, 135
Trd, 000015.350, 136
Trd, 000015.500, 138
Trd, 000017.400, 142
Trd, 000017.717, 144
Trd, 000018.733, 142
Trd, 000018.817, 141
Trd, 000019.183, 146
Trd, 000020.150, 147
Trd, 000020.817, 147
Trd, 000020.833, 143
Trd, 000020.850, 150
Trd, 000022.683, 153
Trd, 000023.383, 145
Trd, 000023.717, 147
Trd, 000024.133, 146
Trd, 000024.467, 148
Trd, 000024.500, 146
Trd, 000024.517, 150
Trd, 000026.017, 145
Trd, 000027.767, 144
Trd, 000028.133, 147
Trd, 000028.233, 144
Trd, 000029.250, 147
Trd, 000029.600, 144
Trd, 000029.700, 146
Trd, 000029.967, 143
Trd, 000030.050, 148
Trd, 000030.400, 149
Trd, 000030.833, 154
Trd, 000031.800, 147
Trd, 000032.433, 149
Trd, 000032.933, 146
Trd, 000032.967, 151
Trd, 000033.050, 161
Trd, 000033.217, 144
Trd, 000034.850, 150
Trd, 000035.050, 158
Trd, 000035.867, 150
Trd, 000036.500, 150
Trd, 000036.567, 150
Trd, 000037.050, 145
Trd, 000037.550, 147
Trd, 000037.767, 144
Trd, 000037.883, 153
Trd, 000038.433, 144
Trd, 000039.417, 149
Trd, 000039.967, 148
Trd, 000041.217, 147
Trd, 000041.800, 148
Trd, 000041.867, 148
Trd, 000041.883, 145
Trd, 000042.100, 149
Trd, 000042.933, 145
Trd, 000043.167, 152
Trd, 000043.733, 146
Trd, 000044.750, 147
Trd, 000045.183, 148
Trd, 000045.967, 148
Trd, 000046.133, 147
Trd, 000047.100, 147
Trd, 000047.433, 147
Trd, 000047.633, 153
Trd, 000048.783, 147
Trd, 000049.033, 154
Trd, 000049.383, 154
Trd, 000049.483, 147
Trd, 000050.200, 156
Trd, 000051.000, 150
Trd, 000051.633, 148
Trd, 000052.017, 157
Trd, 000052.267, 147
Trd, 000052.583, 153
Trd, 000053.067, 152
Trd, 000053.817, 146
Trd, 000054.150, 149
Trd, 000054.983, 149
Trd, 000055.317, 146
Trd, 000055.400, 156
Trd, 000055.933, 146
Trd, 000056.617, 164
Trd, 000057.000, 151
Trd, 000058.450, 151
Trd, 000058.917, 153
Trd, 000058.983, 150
Trd, 000059.050, 154
Trd, 000059.233, 155
Trd, 000060.167, 150
Trd, 000060.433, 156
Trd, 000060.500, 150
Trd, 000061.200, 151
Trd, 000062.133, 154
Trd, 000064.267, 154
Trd, 000065.133, 155
Trd, 000065.550, 153
Trd, 000066.083, 153
Trd, 000066.283, 156
Trd, 000066.867, 152
Trd, 000067.117, 157
Trd, 000067.850, 150
Trd, 000068.400, 149
Trd, 000069.233, 151
Trd, 000069.467, 150
Trd, 000069.867, 157
Trd, 000069.917, 158
Trd, 000070.283, 159
Trd, 000070.700, 165
Trd, 000070.717, 155
Trd, 000071.083, 172
Trd, 000071.200, 157
Trd, 000071.700, 155
Trd, 000071.767, 163
Trd, 000072.433, 164
Trd, 000072.783, 165
Trd, 000073.317, 153
Trd, 000074.567, 164
Trd, 000074.667, 154
Trd, 000074.983, 152
Trd, 000075.083, 150
Trd, 000076.133, 142
Trd, 000076.567, 146
Trd, 000076.700, 152
Trd, 000076.733, 149
Trd, 000076.933, 151
Trd, 000077.417, 149
Trd, 000077.433, 155
Trd, 000078.700, 148
Trd, 000079.267, 154
Trd, 000079.733, 151
Trd, 000080.350, 153
Trd, 000081.283, 156
Trd, 000082.350, 150
Trd, 000083.017, 149
Trd, 000083.083, 156
Trd, 000083.533, 152
Trd, 000083.550, 153
Trd, 000084.333, 154
Trd, 000084.800, 149
Trd, 000086.317, 150
Trd, 000086.783, 151
Trd, 000086.800, 149
Trd, 000087.167, 149
Trd, 000087.900, 153
Trd, 000088.533, 150
Trd, 000088.633, 167
Trd, 000088.733, 150
Trd, 000089.567, 168
Trd, 000090.983, 151
Trd, 000091.233, 152
Trd, 000091.317, 153
Trd, 000092.000, 151
Trd, 000092.367, 151
Trd, 000092.550, 153
Trd, 000092.800, 154
Trd, 000092.967, 157
Trd, 000093.500, 150
Trd, 000094.033, 148
Trd, 000094.100, 160
Trd, 000094.917, 162
Trd, 000097.283, 158
Trd, 000098.233, 157
Trd, 000098.500, 160
Trd, 000098.617, 157
Trd, 000099.533, 159
Trd, 000100.433, 158
Trd, 000100.917, 161
Trd, 000101.867, 157
Trd, 000102.267, 144
Trd, 000102.750, 161
Trd, 000104.267, 154
Trd, 000104.500, 154
Trd, 000104.533, 158
Trd, 000104.633, 158
Trd, 000105.050, 153
Trd, 000105.067, 159
Trd, 000105.133, 153
Trd, 000108.550, 155
Trd, 000108.867, 157
Trd, 000109.617, 155
Trd, 000109.650, 154
Trd, 000110.783, 154
Trd, 000112.017, 158
Trd, 000112.617, 162
Trd, 000112.917, 155
Trd, 000113.100, 153
Trd, 000113.250, 169
Trd, 000113.267, 173
Trd, 000113.883, 169
Trd, 000114.717, 157
Trd, 000114.883, 158
Trd, 000115.083, 159
Trd, 000116.250, 156
Trd, 000116.983, 156
Trd, 000117.950, 156
Trd, 000118.133, 155
Trd, 000118.283, 154
Trd, 000120.050, 159
Trd, 000120.367, 156
Trd, 000120.933, 160
Trd, 000120.983, 155
Trd, 000121.117, 161
Trd, 000121.283, 161
Trd, 000121.450, 155
Trd, 000121.500, 161
Trd, 000122.333, 163
Trd, 000123.700, 170
Trd, 000124.500, 156
Trd, 000125.333, 158
Trd, 000125.500, 155
Trd, 000126.200, 161
Trd, 000126.683, 161
Trd, 000126.800, 161
Trd, 000127.500, 160
Trd, 000128.467, 159
Trd, 000128.533, 163
Trd, 000128.733, 162
Trd, 000128.783, 154
Trd, 000130.150, 157
Trd, 000130.283, 161
Trd, 000130.350, 172
Trd, 000130.567, 155
Trd, 000131.350, 154
Trd, 000132.400, 155
Trd, 000132.883, 154
Trd, 000133.067, 154
Trd, 000133.167, 153
Trd, 000134.250, 156
Trd, 000134.517, 163
Trd, 000135.333, 158
Trd, 000135.800, 161
Trd, 000136.033, 154
Trd, 000136.567, 158
Trd, 000136.833, 157
Trd, 000138.517, 158
Trd, 000138.567, 157
Trd, 000138.600, 159
Trd, 000139.267, 159
Trd, 000139.300, 159
Trd, 000139.650, 153
Trd, 000139.917, 159
Trd, 000140.000, 160
Trd, 000141.117, 159
Trd, 000141.667, 162
Trd, 000142.517, 165
Trd, 000143.083, 161
Trd, 000144.067, 160
Trd, 000145.650, 166
Trd, 000145.967, 160
Trd, 000146.650, 167
Trd, 000146.883, 168
Trd, 000147.067, 160
Trd, 000147.083, 160
Trd, 000147.450, 157
Trd, 000148.567, 169
Trd, 000148.767, 160
Trd, 000148.933, 158
Trd, 000149.617, 156
Trd, 000149.733, 163
Trd, 000150.417, 169
Trd, 000151.350, 157
Trd, 000152.783, 162
Trd, 000153.117, 159
Trd, 000153.450, 163
Trd, 000153.733, 159
Trd, 000154.367, 162
Trd, 000154.433, 166
Trd, 000154.900, 174
Trd, 000155.650, 167
Trd, 000155.833, 158
Trd, 000156.017, 168
Trd, 000156.167, 158
Trd, 000157.200, 169
Trd, 000158.367, 158
Trd, 000158.883, 163
Trd, 000160.050, 159
Trd, 000160.267, 158
Trd, 000161.417, 159
Trd, 000162.800, 158
Trd, 000163.217, 160
Trd, 000163.767, 158
Trd, 000164.333, 158
Trd, 000164.433, 160
Trd, 000164.617, 157
Trd, 000165.017, 159
Trd, 000165.217, 157
Trd, 000165.683, 160
Trd, 000166.417, 162
Trd, 000166.533, 164
Trd, 000166.567, 158
Trd, 000167.217, 167
Trd, 000167.733, 157
Trd, 000168.400, 156
Trd, 000170.817, 158
Trd, 000171.133, 160
Trd, 000171.533, 159
Trd, 000172.350, 158
Trd, 000172.383, 158
Trd, 000173.033, 158
Trd, 000173.733, 159
Trd, 000173.950, 160
Trd, 000174.017, 157
Trd, 000174.117, 161
Trd, 000175.100, 158
Trd, 000175.683, 161
Trd, 000175.700, 166
Trd, 000175.883, 158
Trd, 000177.683, 159
Trd, 000177.733, 157
Trd, 000177.800, 162
Trd, 000177.833, 165
Trd, 000178.517, 161
Trd, 000178.917, 160
Trd, 000179.183, 159
Trd, 000180.167, 159
Trd, 000180.350, 160
Trd, 000181.083, 159
Trd, 000181.933, 164
Trd, 000181.983, 166
Trd, 000182.567, 169
Trd, 000184.150, 159
Trd, 000184.500, 159
Trd, 000184.650, 158
Trd, 000185.267, 165
Trd, 000185.950, 164
Trd, 000186.517, 162
Trd, 000186.767, 164
Trd, 000188.900, 163
Trd, 000189.683, 165
Trd, 000189.833, 162
Trd, 000189.933, 161
Trd, 000190.150, 167
Trd, 000190.417, 168
Trd, 000190.983, 162
Trd, 000191.017, 162
Trd, 000191.050, 160
Trd, 000191.300, 170
Trd, 000191.450, 161
Trd, 000191.717, 160
Trd, 000193.467, 160
Trd, 000193.783, 160
Trd, 000194.317, 159
Trd, 000194.583, 161
Trd, 000194.867, 159
Trd, 000195.900, 161
Trd, 000196.050, 158
Trd, 000196.300, 163
Trd, 000197.433, 166
Trd, 000199.033, 164
Trd, 000199.533, 162
Trd, 000199.567, 166
Trd, 000199.883, 164
Trd, 000200.033, 166
Trd, 000200.467, 168
Trd, 000201.033, 165
Trd, 000201.267, 162
Trd, 000201.833, 171
Trd, 000203.183, 163
Trd, 000203.217, 162
Trd, 000204.100, 168
Trd, 000204.317, 168
Trd, 000204.550, 168
Trd, 000204.717, 170
Trd, 000205.983, 166
Trd, 000207.100, 168
Trd, 000207.117, 165
Trd, 000207.433, 165
Trd, 000207.517, 181
Trd, 000210.350, 170
Trd, 000210.583, 172
Trd, 000211.383, 169
Trd, 000211.417, 171
Trd, 000211.433, 173
Trd, 000211.500, 168
Trd, 000211.717, 162
Trd, 000213.283, 165
Trd, 000213.317, 164
Trd, 000213.383, 163
Trd, 000214.683, 164
Trd, 000215.450, 169
Trd, 000215.483, 170
Trd, 000215.567, 179
Trd, 000216.250, 166
Trd, 000216.367, 164
Trd, 000216.567, 168
Trd, 000217.033, 163
Trd, 000219.050, 166
Trd, 000219.883, 166
Trd, 000220.633, 164
Trd, 000220.733, 164
Trd, 000221.267, 164
Trd, 000221.583, 165
Trd, 000221.850, 170
Trd, 000222.517, 164
Trd, 000222.783, 173
Trd, 000223.450, 164
Trd, 000223.650, 164
Trd, 000223.800, 172
Trd, 000223.867, 164
Trd, 000223.983, 180
Trd, 000224.883, 173
Trd, 000225.400, 169
Trd, 000225.700, 174
Trd, 000226.150, 171
Trd, 000226.200, 167
Trd, 000226.467, 171
Trd, 000226.750, 173
Trd, 000228.183, 167
Trd, 000228.600, 166
Trd, 000229.067, 171
Trd, 000230.050, 172
Trd, 000230.083, 165
Trd, 000230.233, 174
Trd, 000230.600, 164
Trd, 000230.967, 164
Trd, 000231.933, 164
Trd, 000232.283, 163
Trd, 000232.733, 167
Trd, 000233.400, 167
Trd, 000234.450, 164
Trd, 000235.717, 167
Trd, 000236.450, 169
Trd, 000236.783, 165
Trd, 000237.400, 171
Trd, 000237.517, 172
Trd, 000238.250, 169
Trd, 000238.883, 174
Trd, 000239.517, 170
Trd, 000240.183, 170
Trd, 000240.333, 168
Trd, 000240.600, 168
Trd, 000240.833, 170
Trd, 000240.917, 172
Trd, 000241.850, 175
Trd, 000242.717, 174
Trd, 000243.217, 174
Trd, 000243.250, 169
Trd, 000243.833, 170
Trd, 000244.200, 170
Trd, 000244.667, 170
Trd, 000244.817, 171
Trd, 000245.117, 170
Trd, 000245.150, 172
Trd, 000245.367, 169
Trd, 000245.400, 166
Trd, 000245.933, 172
Trd, 000246.000, 172
Trd, 000246.233, 175
Trd, 000246.383, 176
Trd, 000246.583, 166
Trd, 000247.417, 179
Trd, 000247.983, 176
Trd, 000248.150, 181
Trd, 000248.383, 179
Trd, 000248.933, 182
Trd, 000249.300, 178
Trd, 000249.733, 175
Trd, 000250.333, 178
Trd, 000250.950, 177
Trd, 000251.550, 176
Trd, 000251.750, 176
Trd, 000252.767, 176
Trd, 000253.233, 176
Trd, 000253.800, 177
Trd, 000254.667, 173
Trd, 000255.717, 173
Trd, 000255.833, 171
Trd, 000256.267, 175
Trd, 000256.617, 172
Trd, 000256.650, 171
Trd, 000256.833, 168
Trd, 000257.000, 173
Trd, 000258.450, 166
Trd, 000258.950, 167
Trd, 000259.233, 165
Trd, 000259.467, 165
Trd, 000260.083, 170
Trd, 000260.950, 171
Trd, 000261.317, 168
Trd, 000261.667, 168
Trd, 000261.850, 168
Trd, 000261.917, 172
Trd, 000262.017, 167
Trd, 000262.200, 174
Trd, 000262.283, 166
Trd, 000263.867, 172
Trd, 000264.700, 170
Trd, 000264.750, 169
Trd, 000265.883, 169
Trd, 000266.600, 170
Trd, 000266.617, 174
Trd, 000266.867, 169
Trd, 000266.983, 174
Trd, 000267.350, 167
Trd, 000267.600, 177
Trd, 000268.683, 175
Trd, 000268.833, 168
Trd, 000269.683, 172
Trd, 000269.700, 171
Trd, 000270.267, 170
Trd, 000270.350, 171
Trd, 000270.367, 167
Trd, 000270.883, 170
Trd, 000271.083, 169
Trd, 000271.933, 169
Trd, 000272.017, 170
Trd, 000272.033, 168
Trd, 000273.183, 177
Trd, 000273.733, 179
Trd, 000273.750, 173
Trd, 000273.950, 176
Trd, 000274.583, 175
Trd, 000274.900, 178
Trd, 000275.150, 173
Trd, 000275.833, 174
Trd, 000276.500, 168
Trd, 000277.067, 175
Trd, 000277.150, 168
Trd, 000277.783, 169
Trd, 000278.433, 170
Trd, 000278.467, 179
Trd, 000278.750, 178
Trd, 000279.050, 177
Trd, 000279.200, 172
Trd, 000279.683, 162
Trd, 000280.117, 168
Trd, 000281.133, 170
Trd, 000281.200, 166
Trd, 000281.483, 176
Trd, 000281.633, 179
Trd, 000281.917, 174
Trd, 000282.767, 175
Trd, 000283.250, 169
Trd, 000283.517, 177
Trd, 000284.167, 177
Trd, 000284.300, 176
Trd, 000284.367, 169
Trd, 000284.517, 168
Trd, 000285.150, 170
Trd, 000285.583, 178
Trd, 000285.683, 178
Trd, 000286.000, 179
Trd, 000286.600, 178
Trd, 000288.217, 176
Trd, 000289.050, 177
Trd, 000289.617, 176
Trd, 000289.700, 174
Trd, 000289.983, 177
Trd, 000290.100, 181
Trd, 000290.517, 180
Trd, 000291.317, 181
Trd, 000291.567, 177
Trd, 000291.700, 172
Trd, 000291.750, 170
Trd, 000291.867, 184
Trd, 000292.883, 181
Trd, 000293.800, 179
Trd, 000293.900, 184
Trd, 000294.083, 174
Trd, 000294.450, 184
Trd, 000294.483, 171
Trd, 000294.850, 186
Trd, 000295.300, 180
Trd, 000295.883, 175
Trd, 000296.200, 185
Trd, 000296.500, 185
Trd, 000296.517, 176
Trd, 000296.833, 174
Trd, 000297.550, 175
Trd, 000298.033, 179
Trd, 000298.667, 178
Trd, 000298.850, 174
Trd, 000298.867, 174
Trd, 000298.900, 184
Trd, 000299.083, 173
Trd, 000299.283, 181
