Trd, 000001.867, 113
Trd, 000003.733, 138
Trd, 000004.483, 144
Trd, 000005.250, 138
Trd, 000005.800, 141
Trd, 000006.200, 140
Trd, 000006.350, 137
Trd, 000006.383, 136
Trd, 000007.367, 141
Trd, 000008.850, 143
Trd, 000009.417, 140
Trd, 000009.717, 140
Trd, 000009.750, 145
Trd, 000009.767, 149
Trd, 000009.900, 152
Trd, 000010.367, 147
Trd, 000010.733, 144
Trd, 000011.083, 144
Trd, 000011.650, 149
Trd, 000012.583, 149
Trd, 000013.833, 150
Trd, 000014.433, 151
Trd, 000014.550, 150
Trd, 000014.800, 150
Trd, 000015.200, 151
Trd, 000015.583, 149
Trd, 000015.967, 149
Trd, 000016.867, 151
Trd, 000017.933, 151
Trd, 000018.967, 151
Trd, 000019.167, 150
Trd, 000019.533, 152
Trd, 000019.950, 153
Trd, 000020.133, 153
Trd, 000020.400, 151
Trd, 000020.767, 158
Trd, 000021.483, 155
Trd, 000021.667, 164
Trd, 000021.817, 152
Trd, 000022.367, 158
Trd, 000023.467, 150
Trd, 000023.583, 149
Trd, 000025.267, 153
Trd, 000025.717, 156
Trd, 000025.733, 155
Trd, 000026.950, 157
Trd, 000027.050, 153
Trd, 000027.400, 153
Trd, 000027.750, 158
Trd, 000028.500, 159
Trd, 000028.883, 158
Trd, 000029.050, 157
Trd, 000029.150, 159
Trd, 000029.333, 154
Trd, 000029.917, 156
Trd, 000030.783, 159
Trd, 000030.967, 160
Trd, 000031.800, 160
Trd, 000031.933, 159
Trd, 000032.317, 160
Trd, 000032.500, 159
Trd, 000032.583, 153
Trd, 000035.433, 160
Trd, 000035.767, 158
Trd, 000035.950, 158
Trd, 000036.233, 158
Trd, 000036.433, 150
Trd, 000037.000, 159
Trd, 000037.067, 159
Trd, 000037.133, 153
Trd, 000037.633, 153
Trd, 000038.383, 156
Trd, 000038.650, 146
Trd, 000040.050, 147
Trd, 000040.700, 146
Trd, 000042.900, 146
Trd, 000043.250, 146
Trd, 000043.517, 148
Trd, 000043.550, 148
Trd, 000044.267, 148
Trd, 000044.583, 147
Trd, 000044.750, 134
Trd, 000045.783, 148
Trd, 000046.100, 153
Trd, 000047.017, 148
Trd, 000048.333, 149
Trd, 000049.117, 149
Trd, 000049.300, 150
Trd, 000049.450, 150
Trd, 000050.050, 152
Trd, 000050.983, 156
Trd, 000051.217, 156
Trd, 000051.233, 151
Trd, 000051.433, 166
Trd, 000052.217, 154
Trd, 000052.367, 155
Trd, 000052.850, 156
Trd, 000054.350, 156
Trd, 000055.417, 157
Trd, 000055.533, 154
Trd, 000055.783, 158
Trd, 000056.233, 154
Trd, 000056.750, 156
Trd, 000057.217, 156
Trd, 000057.500, 157
Trd, 000057.517, 155
Trd, 000058.567, 153
Trd, 000058.950, 165
Trd, 000059.133, 167
Trd, 000059.917, 164
Trd, 000060.600, 163
Trd, 000060.783, 163
Trd, 000061.667, 164
Trd, 000061.733, 163
Trd, 000061.817, 167
Trd, 000061.917, 168
Trd, 000063.117, 161
Trd, 000064.167, 156
Trd, 000064.267, 154
Trd, 000064.800, 159
Trd, 000065.750, 158
Trd, 000065.883, 158
Trd, 000066.033, 161
Trd, 000067.067, 157
Trd, 000067.483, 158
Trd, 000068.250, 157
Trd, 000068.783, 158
Trd, 000069.000, 157
Trd, 000069.133, 157
Trd, 000069.300, 156
Trd, 000069.933, 155
Trd, 000070.117, 153
Trd, 000070.450, 145
Trd, 000071.117, 147
Trd, 000071.267, 155
Trd, 000071.450, 156
Trd, 000073.233, 153
Trd, 000073.750, 155
Trd, 000073.967, 155
Trd, 000074.067, 154
Trd, 000074.550, 155
Trd, 000074.917, 151
Trd, 000075.200, 151
Trd, 000075.967, 145
Trd, 000076.233, 157
Trd, 000076.950, 157
Trd, 000078.617, 156
Trd, 000079.250, 157
Trd, 000079.633, 158
Trd, 000080.067, 158
Trd, 000080.083, 157
Trd, 000080.500, 157
Trd, 000081.300, 158
Trd, 000081.467, 158
Trd, 000082.383, 159
Trd, 000082.433, 194
Trd, 000083.100, 157
Trd, 000083.733, 173
Trd, 000083.967, 159
Trd, 000084.083, 158
Trd, 000084.600, 182
Trd, 000084.883, 181
Trd, 000085.617, 145
Trd, 000085.783, 164
Trd, 000086.817, 163
Trd, 000086.967, 163
Trd, 000087.883, 163
Trd, 000088.100, 164
Trd, 000088.567, 163
Trd, 000088.650, 161
Trd, 000088.917, 165
Trd, 000089.333, 161
Trd, 000090.333, 159
Trd, 000091.000, 165
Trd, 000091.867, 163
Trd, 000091.967, 164
Trd, 000092.117, 165
Trd, 000093.317, 165
Trd, 000093.483, 164
Trd, 000093.533, 162
Trd, 000094.250, 162
Trd, 000095.500, 158
Trd, 000096.633, 151
Trd, 000097.267, 158
Trd, 000097.367, 158
Trd, 000097.633, 158
Trd, 000097.683, 160
Trd, 000098.000, 155
Trd, 000098.133, 155
Trd, 000099.850, 158
Trd, 000100.217, 158
Trd, 000100.300, 159
Trd, 000100.733, 158
Trd, 000101.700, 158
Trd, 000101.817, 161
Trd, 000102.150, 157
Trd, 000102.383, 160
Trd, 000102.767, 158
Trd, 000103.400, 161
Trd, 000104.483, 159
Trd, 000105.483, 158
Trd, 000105.550, 159
Trd, 000105.950, 157
Trd, 000106.533, 159
Trd, 000107.217, 158
Trd, 000107.333, 158
Trd, 000108.100, 160
Trd, 000108.200, 159
Trd, 000108.583, 159
Trd, 000108.667, 158
Trd, 000110.333, 159
Trd, 000111.167, 158
Trd, 000111.867, 160
Trd, 000111.933, 162
Trd, 000112.800, 160
Trd, 000112.833, 159
Trd, 000113.217, 159
Trd, 000113.683, 160
Trd, 000114.033, 157
Trd, 000114.133, 150
Trd, 000115.300, 161
Trd, 000116.083, 162
Trd, 000116.150, 160
Trd, 000116.283, 156
Trd, 000116.833, 157
Trd, 000117.367, 154
Trd, 000117.700, 149
Trd, 000119.450, 155
Trd, 000120.100, 158
Trd, 000120.367, 158
Trd, 000121.333, 157
Trd, 000121.350, 158
Trd, 000121.633, 159
Trd, 000122.150, 155
Trd, 000122.583, 159
Trd, 000122.917, 158
Trd, 000122.950, 160
Trd, 000123.817, 159
Trd, 000124.200, 159
Trd, 000124.617, 159
Trd, 000126.767, 160
Trd, 000127.167, 161
Trd, 000127.717, 163
Trd, 000127.817, 175
Trd, 000128.283, 164
Trd, 000128.383, 163
Trd, 000128.517, 164
Trd, 000128.767, 161
Trd, 000128.850, 164
Trd, 000129.483, 161
Trd, 000130.350, 176
Trd, 000130.800, 170
Trd, 000132.383, 176
Trd, 000132.400, 160
Trd, 000133.717, 169
Trd, 000134.533, 160
Trd, 000134.933, 160
Trd, 000135.200, 161
Trd, 000135.283, 163
Trd, 000136.217, 164
Trd, 000137.250, 165
Trd, 000137.583, 165
Trd, 000138.017, 167
Trd, 000138.250, 168
Trd, 000139.233, 172
Trd, 000139.467, 174
Trd, 000139.583, 172
Trd, 000139.900, 178
Trd, 000140.400, 170
Trd, 000140.633, 164
Trd, 000141.383, 167
Trd, 000141.683, 166
Trd, 000142.367, 173
Trd, 000143.117, 164
Trd, 000143.133, 161
Trd, 000143.733, 142
Trd, 000143.817, 169
Trd, 000145.867, 163
Trd, 000146.650, 162
Trd, 000147.217, 162
Trd, 000147.467, 161
Trd, 000147.650, 160
Trd, 000148.017, 163
Trd, 000148.550, 163
Trd, 000149.067, 164
Trd, 000150.033, 164
Trd, 000150.300, 165
Trd, 000150.700, 163
Trd, 000151.067, 165
Trd, 000151.367, 165
Trd, 000151.450, 165
Trd, 000151.533, 164
Trd, 000152.383, 165
Trd, 000152.567, 162
Trd, 000152.750, 163
Trd, 000153.017, 163
Trd, 000154.767, 165
Trd, 000154.967, 162
Trd, 000155.100, 165
Trd, 000155.433, 163
Trd, 000155.450, 166
Trd, 000155.600, 162
Trd, 000155.800, 167
Trd, 000156.250, 162
Trd, 000156.517, 163
Trd, 000157.033, 161
Trd, 000157.050, 161
Trd, 000157.183, 159
Trd, 000157.833, 164
Trd, 000159.583, 163
Trd, 000159.733, 164
Trd, 000159.867, 164
Trd, 000161.483, 162
Trd, 000161.633, 161
Trd, 000162.117, 162
Trd, 000162.400, 163
Trd, 000162.917, 163
Trd, 000163.533, 162
Trd, 000163.583, 163
Trd, 000163.600, 164
Trd, 000164.667, 164
Trd, 000164.700, 162
Trd, 000164.717, 187
Trd, 000166.483, 162
Trd, 000167.150, 160
Trd, 000167.867, 155
Trd, 000168.283, 154
Trd, 000169.333, 160
Trd, 000169.417, 160
Trd, 000169.717, 161
Trd, 000169.867, 162
Trd, 000170.450, 160
Trd, 000170.733, 161
Trd, 000171.050, 162
Trd, 000171.783, 162
Trd, 000172.100, 165
Trd, 000172.400, 168
Trd, 000172.800, 164
Trd, 000173.750, 167
Trd, 000173.783, 166
Trd, 000174.467, 176
Trd, 000175.550, 173
Trd, 000175.900, 172
Trd, 000175.950, 168
Trd, 000176.383, 167
Trd, 000176.850, 171
Trd, 000177.633, 170
Trd, 000177.717, 169
Trd, 000178.217, 171
Trd, 000178.500, 168
Trd, 000179.000, 171
Trd, 000179.783, 169
Trd, 000180.467, 171
Trd, 000180.900, 171
Trd, 000181.033, 167
Trd, 000181.250, 165
Trd, 000184.083, 166
Trd, 000184.483, 169
Trd, 000185.200, 170
Trd, 000185.233, 171
Trd, 000185.267, 181
Trd, 000185.767, 168
Trd, 000186.100, 170
Trd, 000186.317, 170
Trd, 000186.350, 169
Trd, 000186.400, 204
Trd, 000186.767, 175
Trd, 000187.600, 169
Trd, 000188.417, 175
Trd, 000190.200, 170
Trd, 000190.983, 171
Trd, 000191.367, 170
Trd, 000191.617, 171
Trd, 000191.917, 170
Trd, 000191.933, 172
Trd, 000192.350, 171
Trd, 000192.717, 170
Trd, 000193.083, 168
Trd, 000193.200, 168
Trd, 000194.367, 169
Trd, 000195.900, 172
Trd, 000196.167, 174
Trd, 000196.967, 172
Trd, 000197.217, 173
Trd, 000197.283, 175
Trd, 000197.600, 172
Trd, 000198.783, 175
Trd, 000199.050, 174
Trd, 000199.283, 174
Trd, 000199.500, 175
Trd, 000199.700, 173
Trd, 000199.867, 173
Trd, 000200.433, 166
Trd, 000201.233, 168
Trd, 000202.217, 168
Trd, 000203.050, 170
Trd, 000203.867, 170
Trd, 000203.900, 169
Trd, 000203.917, 171
Trd, 000204.167, 169
Trd, 000204.183, 167
Trd, 000204.483, 158
Trd, 000205.867, 169
Trd, 000206.217, 170
Trd, 000206.533, 162
Trd, 000206.817, 171
Trd, 000207.200, 171
Trd, 000207.250, 171
Trd, 000207.633, 165
Trd, 000208.100, 165
Trd, 000210.450, 170
Trd, 000210.683, 170
Trd, 000211.667, 169
Trd, 000211.833, 170
Trd, 000212.517, 168
Trd, 000212.700, 168
Trd, 000213.767, 169
Trd, 000213.783, 169
Trd, 000214.783, 169
Trd, 000215.150, 168
Trd, 000215.750, 171
Trd, 000215.850, 170
Trd, 000216.033, 172
Trd, 000216.433, 183
Trd, 000217.483, 172
Trd, 000217.533, 170
Trd, 000217.700, 167
Trd, 000218.433, 156
Trd, 000220.333, 169
Trd, 000220.517, 164
Trd, 000221.483, 167
Trd, 000221.500, 166
Trd, 000222.200, 165
Trd, 000222.333, 164
Trd, 000222.800, 167
Trd, 000223.383, 166
Trd, 000223.767, 169
Trd, 000223.817, 167
Trd, 000224.200, 168
Trd, 000224.700, 173
Trd, 000225.750, 208
Trd, 000226.200, 181
Trd, 000226.850, 181
Trd, 000227.217, 181
Trd, 000227.267, 180
Trd, 000227.650, 179
Trd, 000227.700, 181
Trd, 000228.800, 180
Trd, 000229.083, 179
Trd, 000229.283, 178
Trd, 000230.383, 178
Trd, 000230.517, 181
Trd, 000231.133, 177
Trd, 000231.483, 180
Trd, 000232.000, 177
Trd, 000232.283, 180
Trd, 000232.833, 177
Trd, 000234.117, 178
Trd, 000234.150, 179
Trd, 000234.250, 177
Trd, 000234.817, 178
Trd, 000235.067, 180
Trd, 000235.533, 176
Trd, 000236.217, 174
Trd, 000236.600, 173
Trd, 000237.917, 179
Trd, 000238.283, 179
Trd, 000239.350, 173
Trd, 000240.017, 178
Trd, 000240.517, 177
Trd, 000240.983, 176
Trd, 000241.100, 175
Trd, 000241.150, 172
Trd, 000241.300, 172
Trd, 000241.833, 179
Trd, 000242.533, 176
Trd, 000242.667, 178
Trd, 000243.717, 177
Trd, 000244.117, 174
Trd, 000244.583, 178
Trd, 000244.850, 178
Trd, 000245.050, 179
Trd, 000245.283, 174
Trd, 000245.633, 178
Trd, 000245.933, 174
Trd, 000246.133, 177
Trd, 000246.433, 174
Trd, 000246.967, 176
Trd, 000248.200, 175
Trd, 000248.583, 176
Trd, 000249.217, 176
Trd, 000249.583, 171
Trd, 000250.000, 174
Trd, 000250.600, 175
Trd, 000250.667, 174
Trd, 000250.833, 180
Trd, 000251.517, 180
Trd, 000251.867, 187
Trd, 000252.333, 179
Trd, 000252.500, 183
Trd, 000253.117, 181
Trd, 000253.267, 178
Trd, 000254.150, 193
Trd, 000254.917, 191
Trd, 000255.267, 190
Trd, 000255.550, 190
Trd, 000255.717, 187
Trd, 000256.167, 186
Trd, 000256.600, 182
Trd, 000256.733, 186
Trd, 000257.650, 180
Trd, 000257.767, 176
Trd, 000258.367, 188
Trd, 000258.533, 173
Trd, 000259.350, 168
Trd, 000259.433, 184
Trd, 000260.683, 181
Trd, 000261.150, 183
Trd, 000261.167, 182
Trd, 000261.250, 181
Trd, 000262.083, 178
Trd, 000262.467, 173
Trd, 000262.550, 174
Trd, 000263.067, 178
Trd, 000264.183, 177
Trd, 000264.250, 176
Trd, 000264.817, 178
Trd, 000264.983, 175
Trd, 000265.317, 178
Trd, 000265.567, 177
Trd, 000265.767, 178
Trd, 000266.683, 175
Trd, 000267.683, 178
Trd, 000268.400, 180
Trd, 000268.733, 180
Trd, 000269.250, 179
Trd, 000269.483, 181
Trd, 000269.533, 181
Trd, 000269.583, 182
Trd, 000269.633, 188
Trd, 000271.233, 189
Trd, 000271.500, 187
Trd, 000271.550, 184
Trd, 000271.883, 183
Trd, 000271.983, 183
Trd, 000272.567, 183
Trd, 000273.633, 178
Trd, 000273.883, 180
Trd, 000273.917, 177
Trd, 000275.000, 174
Trd, 000275.783, 176
Trd, 000276.717, 181
Trd, 000276.867, 181
Trd, 000277.617, 181
Trd, 000278.183, 182
Trd, 000278.667, 182
Trd, 000279.067, 183
Trd, 000279.150, 183
Trd, 000279.650, 190
Trd, 000280.200, 195
Trd, 000280.350, 187
Trd, 000280.517, 190
Trd, 000281.500, 185
Trd, 000281.600, 184
Trd, 000282.233, 184
Trd, 000282.333, 183
Trd, 000283.050, 188
Trd, 000283.150, 183
Trd, 000283.367, 182
Trd, 000283.683, 178
Trd, 000284.767, 187
Trd, 000284.933, 187
Trd, 000285.617, 188
Trd, 000285.917, 179
Trd, 000287.233, 181
Trd, 000287.517, 187
Trd, 000287.933, 181
Trd, 000288.017, 181
Trd, 000288.367, 182
Trd, 000288.533, 188
Trd, 000289.000, 180
Trd, 000289.150, 179
Trd, 000290.083, 187
Trd, 000290.200, 184
Trd, 000290.717, 187
Trd, 000290.750, 189
Trd, 000291.717, 180
Trd, 000293.300, 182
Trd, 000293.400, 179
Trd, 000293.583, 186
Trd, 000293.750, 178
Trd, 000293.883, 187
Trd, 000293.917, 188
Trd, 000295.350, 201
Trd, 000295.983, 187
Trd, 000296.417, 187
Trd, 000296.467, 189
Trd, 000296.833, 189
Trd, 000296.917, 182
Trd, 000297.767, 185
Trd, 000297.917, 180
Trd, 000298.833, 182
Trd, 000299.283, 185
Trd, 000299.500, 183
