Trd, 000002.150, 116
Trd, 000002.483, 140
Trd, 000003.267, 168
Trd, 000003.883, 134
Trd, 000003.917, 120
Trd, 000003.950, 151
Trd, 000005.533, 137
Trd, 000006.517, 142
Trd, 000007.483, 149
Trd, 000007.683, 141
Trd, 000008.283, 144
Trd, 000008.333, 143
Trd, 000008.733, 140
Trd, 000008.883, 147
Trd, 000009.300, 149
Trd, 000009.717, 141
Trd, 000009.883, 138
Trd, 000010.183, 138
Trd, 000011.100, 140
Trd, 000011.333, 150
Trd, 000011.683, 150
Trd, 000012.167, 150
Trd, 000012.483, 142
Trd, 000013.017, 142
Trd, 000014.967, 151
Trd, 000015.000, 150
Trd, 000015.617, 150
Trd, 000016.017, 150
Trd, 000016.167, 147
Trd, 000016.950, 149
Trd, 000017.433, 148
Trd, 000017.450, 149
Trd, 000018.317, 148
Trd, 000019.117, 145
Trd, 000019.717, 149
Trd, 000020.150, 147
Trd, 000020.600, 146
Trd, 000020.617, 143
Trd, 000021.033, 144
Trd, 000021.783, 144
Trd, 000022.167, 145
Trd, 000022.333, 141
Trd, 000022.733, 146
Trd, 000024.367, 145
Trd, 000024.683, 146
Trd, 000024.817, 147
Trd, 000025.483, 147
Trd, 000025.683, 153
Trd, 000026.283, 147
Trd, 000026.583, 146
Trd, 000027.400, 151
Trd, 000028.083, 150
Trd, 000028.450, 150
Trd, 000028.583, 151
Trd, 000028.917, 151
Trd, 000029.917, 154
Trd, 000030.200, 153
Trd, 000030.383, 148
Trd, 000031.283, 154
Trd, 000031.317, 155
Trd, 000032.150, 154
Trd, 000032.333, 149
Trd, 000033.783, 149
Trd, 000033.983, 148
Trd, 000034.350, 146
Trd, 000035.450, 150
Trd, 000035.517, 150
Trd, 000035.783, 149
Trd, 000036.017, 151
Trd, 000036.467, 154
Trd, 000037.317, 148
Trd, 000038.067, 147
Trd, 000038.417, 152
Trd, 000039.067, 147
Trd, 000039.667, 149
Trd, 000040.050, 148
Trd, 000040.717, 148
Trd, 000040.950, 145
Trd, 000042.350, 148
Trd, 000043.150, 149
Trd, 000043.417, 144
Trd, 000043.483, 143
Trd, 000043.867, 141
Trd, 000044.200, 148
Trd, 000044.483, 149
Trd, 000044.950, 152
Trd, 000046.067, 151
Trd, 000046.617, 151
Trd, 000047.033, 153
Trd, 000047.383, 154
Trd, 000048.000, 156
Trd, 000048.050, 163
Trd, 000049.850, 154
Trd, 000049.883, 148
Trd, 000050.567, 152
Trd, 000051.667, 153
Trd, 000051.750, 149
Trd, 000052.383, 152
Trd, 000052.517, 152
Trd, 000053.550, 152
Trd, 000053.717, 156
Trd, 000053.817, 163
Trd, 000054.150, 157
Trd, 000054.283, 151
Trd, 000054.733, 154
Trd, 000054.767, 152
Trd, 000055.633, 151
Trd, 000057.100, 153
Trd, 000057.233, 148
Trd, 000057.983, 152
Trd, 000058.083, 150
Trd, 000058.467, 153
Trd, 000059.267, 149
Trd, 000059.783, 153
Trd, 000059.850, 154
Trd, 000060.033, 152
Trd, 000060.983, 154
Trd, 000061.283, 154
Trd, 000061.317, 150
Trd, 000062.217, 155
Trd, 000063.550, 150
Trd, 000065.067, 154
Trd, 000065.367, 150
Trd, 000065.600, 149
Trd, 000065.850, 151
Trd, 000066.833, 151
Trd, 000067.150, 150
Trd, 000067.750, 152
Trd, 000068.100, 152
Trd, 000068.750, 152
Trd, 000069.583, 150
Trd, 000070.067, 150
Trd, 000070.400, 148
Trd, 000070.667, 151
Trd, 000071.183, 151
Trd, 000071.383, 155
Trd, 000071.900, 151
Trd, 000072.333, 155
Trd, 000072.583, 154
Trd, 000072.783, 158
Trd, 000072.867, 165
Trd, 000073.117, 150
Trd, 000073.550, 149
Trd, 000075.400, 156
Trd, 000075.567, 156
Trd, 000075.867, 154
Trd, 000076.717, 155
Trd, 000076.967, 154
Trd, 000077.933, 156
Trd, 000078.500, 154
Trd, 000078.583, 158
Trd, 000079.250, 152
Trd, 000079.267, 154
Trd, 000080.617, 158
Trd, 000080.917, 154
Trd, 000083.750, 156
Trd, 000083.967, 156
Trd, 000084.050, 155
Trd, 000084.217, 154
Trd, 000085.167, 154
Trd, 000085.250, 150
Trd, 000086.550, 153
Trd, 000086.667, 153
Trd, 000087.350, 150
Trd, 000088.017, 152
Trd, 000088.450, 157
Trd, 000088.850, 151
Trd, 000089.033, 150
Trd, 000089.917, 157
Trd, 000090.800, 154
Trd, 000090.983, 153
Trd, 000091.350, 157
Trd, 000092.017, 155
Trd, 000092.317, 154
Trd, 000093.017, 160
Trd, 000093.100, 159
Trd, 000093.667, 165
Trd, 000094.650, 167
Trd, 000094.850, 161
Trd, 000095.817, 161
Trd, 000095.867, 160
Trd, 000096.967, 165
Trd, 000097.733, 167
Trd, 000098.367, 162
Trd, 000098.700, 164
Trd, 000099.500, 162
Trd, 000099.833, 160
Trd, 000100.317, 157
Trd, 000101.300, 161
Trd, 000101.517, 160
Trd, 000101.600, 158
Trd, 000102.433, 156
Trd, 000102.550, 153
Trd, 000102.683, 151
Trd, 000103.867, 157
Trd, 000103.883, 154
Trd, 000104.533, 159
Trd, 000104.617, 161
Trd, 000105.300, 167
Trd, 000106.750, 162
Trd, 000107.300, 162
Trd, 000107.733, 158
Trd, 000107.783, 161
Trd, 000108.467, 163
Trd, 000108.683, 154
Trd, 000108.967, 165
Trd, 000109.183, 165
Trd, 000110.917, 165
Trd, 000111.033, 161
Trd, 000111.417, 179
Trd, 000112.217, 167
Trd, 000112.867, 167
Trd, 000113.300, 166
Trd, 000114.633, 167
Trd, 000114.750, 165
Trd, 000114.967, 161
Trd, 000115.800, 161
Trd, 000115.967, 162
Trd, 000116.250, 165
Trd, 000116.433, 157
Trd, 000117.033, 156
Trd, 000117.450, 154
Trd, 000117.567, 162
Trd, 000118.483, 158
Trd, 000119.233, 156
Trd, 000119.267, 158
Trd, 000120.783, 157
Trd, 000121.000, 156
Trd, 000121.133, 156
Trd, 000122.283, 160
Trd, 000122.383, 157
Trd, 000123.350, 161
Trd, 000124.217, 158
Trd, 000125.967, 160
Trd, 000126.017, 158
Trd, 000126.267, 160
Trd, 000126.733, 158
Trd, 000127.133, 160
Trd, 000127.367, 161
Trd, 000127.783, 161
Trd, 000128.483, 160
Trd, 000129.667, 161
Trd, 000129.850, 161
Trd, 000129.967, 161
Trd, 000130.817, 160
Trd, 000131.067, 158
Trd, 000131.900, 157
Trd, 000132.700, 159
Trd, 000132.817, 157
Trd, 000133.267, 158
Trd, 000133.450, 157
Trd, 000133.950, 156
Trd, 000134.133, 159
Trd, 000134.950, 154
Trd, 000135.833, 159
Trd, 000136.283, 160
Trd, 000136.450, 157
Trd, 000137.167, 161
Trd, 000137.617, 161
Trd, 000138.467, 161
Trd, 000139.150, 159
Trd, 000139.767, 160
Trd, 000139.783, 161
Trd, 000139.850, 161
Trd, 000140.600, 160
Trd, 000141.067, 163
Trd, 000141.200, 159
Trd, 000142.400, 161
Trd, 000142.867, 161
Trd, 000142.883, 162
Trd, 000142.950, 165
Trd, 000143.083, 158
Trd, 000144.200, 157
Trd, 000145.700, 162
Trd, 000145.783, 162
Trd, 000145.867, 162
Trd, 000146.400, 161
Trd, 000147.917, 161
Trd, 000148.083, 163
Trd, 000148.200, 163
Trd, 000148.883, 159
Trd, 000149.650, 159
Trd, 000149.667, 165
Trd, 000150.033, 172
Trd, 000151.283, 165
Trd, 000151.900, 164
Trd, 000152.483, 162
Trd, 000152.650, 164
Trd, 000154.467, 163
Trd, 000154.667, 160
Trd, 000155.133, 159
Trd, 000155.683, 162
Trd, 000155.883, 163
Trd, 000156.067, 163
Trd, 000156.467, 161
Trd, 000157.067, 163
Trd, 000157.300, 163
Trd, 000158.067, 162
Trd, 000158.150, 161
Trd, 000158.867, 164
Trd, 000159.467, 161
Trd, 000160.083, 163
Trd, 000160.567, 162
Trd, 000160.933, 163
Trd, 000163.033, 161
Trd, 000163.167, 162
Trd, 000163.417, 164
Trd, 000163.800, 166
Trd, 000164.400, 165
Trd, 000164.933, 165
Trd, 000165.567, 164
Trd, 000165.583, 162
Trd, 000166.150, 163
Trd, 000166.233, 167
Trd, 000166.550, 167
Trd, 000166.883, 168
Trd, 000167.967, 165
Trd, 000168.433, 163
Trd, 000169.000, 168
Trd, 000170.183, 166
Trd, 000170.600, 166
Trd, 000170.933, 167
Trd, 000171.117, 160
Trd, 000171.450, 153
Trd, 000173.167, 166
Trd, 000173.317, 170
Trd, 000174.150, 169
Trd, 000174.567, 165
Trd, 000174.800, 164
Trd, 000175.483, 159
Trd, 000176.050, 162
Trd, 000176.200, 161
Trd, 000176.233, 165
Trd, 000176.483, 165
Trd, 000177.550, 165
Trd, 000178.033, 165
Trd, 000178.067, 162
Trd, 000179.517, 163
Trd, 000179.683, 160
Trd, 000179.800, 159
Trd, 000180.917, 164
Trd, 000181.417, 162
Trd, 000181.917, 156
Trd, 000182.200, 159
Trd, 000182.417, 162
Trd, 000183.750, 162
Trd, 000184.500, 162
Trd, 000185.067, 164
Trd, 000185.583, 166
Trd, 000186.000, 167
Trd, 000186.200, 168
Trd, 000186.917, 169
Trd, 000187.200, 162
Trd, 000187.333, 169
Trd, 000188.217, 161
Trd, 000188.750, 170
Trd, 000189.050, 160
Trd, 000189.533, 174
Trd, 000189.567, 161
Trd, 000189.767, 176
Trd, 000190.150, 165
Trd, 000191.267, 173
Trd, 000191.333, 167
Trd, 000192.250, 171
Trd, 000192.567, 170
Trd, 000192.683, 173
Trd, 000193.700, 171
Trd, 000193.883, 170
Trd, 000195.117, 167
Trd, 000195.200, 169
Trd, 000196.167, 167
Trd, 000196.717, 166
Trd, 000197.917, 166
Trd, 000198.283, 170
Trd, 000198.617, 168
Trd, 000198.650, 170
Trd, 000199.017, 169
Trd, 000199.500, 170
Trd, 000199.600, 167
Trd, 000200.050, 169
Trd, 000200.583, 168
Trd, 000202.100, 166
Trd, 000202.333, 168
Trd, 000203.250, 168
Trd, 000203.367, 163
Trd, 000204.000, 165
Trd, 000204.350, 162
Trd, 000204.933, 164
Trd, 000205.017, 165
Trd, 000206.783, 165
Trd, 000207.083, 164
Trd, 000207.183, 165
Trd, 000207.433, 163
Trd, 000207.583, 165
Trd, 000207.767, 168
Trd, 000208.050, 172
Trd, 000209.933, 163
Trd, 000210.900, 168
Trd, 000211.667, 167
Trd, 000212.333, 169
Trd, 000213.233, 167
Trd, 000213.267, 165
Trd, 000213.683, 167
Trd, 000214.883, 162
Trd, 000215.217, 163
Trd, 000215.483, 163
Trd, 000215.583, 166
Trd, 000216.117, 165
Trd, 000216.817, 165
Trd, 000217.050, 166
Trd, 000217.867, 165
Trd, 000218.133, 165
Trd, 000218.700, 167
Trd, 000219.417, 166
Trd, 000220.083, 162
Trd, 000220.433, 167
Trd, 000220.883, 165
Trd, 000221.517, 169
Trd, 000221.750, 169
Trd, 000222.267, 169
Trd, 000222.800, 165
Trd, 000223.950, 167
Trd, 000224.183, 167
Trd, 000225.083, 164
Trd, 000225.783, 167
Trd, 000225.967, 164
Trd, 000226.067, 163
Trd, 000226.217, 164
Trd, 000226.383, 168
Trd, 000227.083, 171
Trd, 000227.117, 163
Trd, 000227.950, 169
Trd, 000228.000, 173
Trd, 000228.383, 165
Trd, 000228.517, 163
Trd, 000228.750, 173
Trd, 000229.317, 174
Trd, 000229.967, 168
Trd, 000230.350, 173
Trd, 000231.000, 172
Trd, 000231.533, 174
Trd, 000232.233, 173
Trd, 000232.800, 170
Trd, 000233.700, 169
Trd, 000234.200, 169
Trd, 000234.650, 172
Trd, 000234.733, 167
Trd, 000234.867, 167
Trd, 000235.333, 170
Trd, 000237.100, 170
Trd, 000237.333, 169
Trd, 000237.500, 169
Trd, 000237.817, 168
Trd, 000238.433, 167
Trd, 000239.200, 169
Trd, 000239.850, 170
Trd, 000240.200, 169
Trd, 000240.517, 168
Trd, 000240.933, 165
Trd, 000241.150, 170
Trd, 000241.800, 170
Trd, 000241.867, 172
Trd, 000242.050, 185
Trd, 000242.817, 183
Trd, 000243.483, 173
Trd, 000244.200, 174
Trd, 000244.533, 175
Trd, 000245.117, 175
Trd, 000245.533, 174
Trd, 000245.583, 175
Trd, 000245.700, 176
Trd, 000245.900, 172
Trd, 000246.650, 170
Trd, 000247.267, 173
Trd, 000247.517, 171
Trd, 000247.783, 169
Trd, 000248.383, 169
Trd, 000248.517, 168
Trd, 000248.883, 171
Trd, 000249.100, 170
Trd, 000249.850, 169
Trd, 000251.150, 174
Trd, 000251.333, 175
Trd, 000251.683, 170
Trd, 000252.100, 173
Trd, 000253.183, 175
Trd, 000253.283, 176
Trd, 000253.583, 172
Trd, 000254.167, 174
Trd, 000254.700, 176
Trd, 000254.933, 173
Trd, 000255.183, 177
Trd, 000255.367, 176
Trd, 000255.567, 172
Trd, 000256.533, 171
Trd, 000256.600, 177
Trd, 000257.500, 171
Trd, 000257.550, 176
Trd, 000257.883, 170
Trd, 000259.267, 174
Trd, 000259.317, 171
Trd, 000259.783, 173
Trd, 000260.083, 173
Trd, 000260.117, 169
Trd, 000260.867, 171
Trd, 000260.900, 167
Trd, 000261.350, 174
Trd, 000261.583, 174
Trd, 000261.783, 171
Trd, 000261.817, 173
Trd, 000262.917, 169
Trd, 000263.267, 167
Trd, 000263.417, 168
Trd, 000263.550, 160
Trd, 000264.033, 170
Trd, 000265.200, 164
Trd, 000265.633, 172
Trd, 000265.683, 172
Trd, 000265.933, 172
Trd, 000266.367, 184
Trd, 000266.867, 195
Trd, 000267.250, 169
Trd, 000267.300, 178
Trd, 000267.633, 191
Trd, 000268.817, 174
Trd, 000269.750, 175
Trd, 000270.050, 180
Trd, 000270.167, 181
Trd, 000270.817, 181
Trd, 000271.200, 176
Trd, 000271.917, 181
Trd, 000272.450, 180
Trd, 000272.850, 180
Trd, 000273.283, 180
Trd, 000273.317, 179
Trd, 000273.683, 176
Trd, 000274.117, 177
Trd, 000274.417, 176
Trd, 000274.517, 175
Trd, 000275.383, 174
Trd, 000275.883, 175
Trd, 000277.050, 171
Trd, 000277.217, 169
Trd, 000278.033, 171
Trd, 000278.367, 169
Trd, 000278.700, 172
Trd, 000278.717, 174
Trd, 000279.367, 174
Trd, 000279.383, 170
Trd, 000279.867, 175
Trd, 000280.050, 176
Trd, 000280.383, 176
Trd, 000280.967, 176
Trd, 000281.000, 179
Trd, 000281.217, 170
Trd, 000281.633, 168
Trd, 000282.133, 164
Trd, 000282.150, 181
Trd, 000283.667, 175
Trd, 000283.717, 175
Trd, 000283.733, 173
Trd, 000283.750, 176
Trd, 000284.900, 176
Trd, 000284.933, 182
Trd, 000285.267, 185
Trd, 000286.000, 183
Trd, 000286.867, 183
Trd, 000286.950, 181
Trd, 000287.283, 184
Trd, 000287.417, 179
Trd, 000287.517, 169
Trd, 000288.783, 178
Trd, 000289.167, 179
Trd, 000289.600, 180
Trd, 000289.717, 178
Trd, 000289.817, 187
Trd, 000289.883, 197
Trd, 000290.483, 197
Trd, 000293.000, 180
Trd, 000293.033, 179
Trd, 000293.050, 177
Trd, 000293.850, 173
Trd, 000293.983, 179
Trd, 000294.367, 172
Trd, 000294.733, 181
Trd, 000295.067, 178
Trd, 000295.367, 178
Trd, 000295.400, 177
Trd, 000295.817, 174
Trd, 000296.150, 179
Trd, 000296.367, 180
Trd, 000297.250, 178
Trd, 000298.000, 181
Trd, 000298.400, 187
Trd, 000298.617, 201
Trd, 000298.883, 181
Trd, 000299.750, 181
Trd, 000299.950, 188
