Trd, 000002.467, 151
Trd, 000003.233, 144
Trd, 000003.350, 143
Trd, 000004.483, 142
Trd, 000004.583, 149
Trd, 000004.633, 150
Trd, 000004.767, 141
Trd, 000005.600, 135
Trd, 000006.150, 142
Trd, 000007.550, 136
Trd, 000008.350, 140
Trd, 000008.433, 139
Trd, 000009.650, 145
Trd, 000010.000, 167
Trd, 000010.667, 156
Trd, 000011.367, 160
Trd, 000011.467, 145
Trd, 000012.333, 155
Trd, 000013.233, 146
Trd, 000013.633, 153
Trd, 000013.650, 145
Trd, 000014.317, 152
Trd, 000015.000, 153
Trd, 000015.050, 152
Trd, 000015.667, 153
Trd, 000016.400, 148
Trd, 000016.600, 144
Trd, 000016.867, 151
Trd, 000018.183, 152
Trd, 000019.083, 152
Trd, 000019.417, 152
Trd, 000019.517, 154
Trd, 000020.283, 163
Trd, 000021.567, 152
Trd, 000022.033, 152
Trd, 000022.500, 153
Trd, 000022.900, 151
Trd, 000023.183, 152
Trd, 000023.433, 150
Trd, 000023.700, 150
Trd, 000023.767, 128
Trd, 000024.883, 145
Trd, 000024.900, 151
Trd, 000025.250, 151
Trd, 000027.600, 151
Trd, 000028.283, 150
Trd, 000028.550, 151
Trd, 000029.283, 150
Trd, 000030.183, 149
Trd, 000030.800, 148
Trd, 000031.083, 147
Trd, 000031.683, 145
Trd, 000032.183, 148
Trd, 000033.733, 140
Trd, 000033.833, 148
Trd, 000034.517, 144
Trd, 000035.050, 144
Trd, 000035.733, 147
Trd, 000036.250, 148
Trd, 000036.583, 147
Trd, 000036.817, 148
Trd, 000038.333, 149
Trd, 000038.967, 147
Trd, 000039.100, 146
Trd, 000040.050, 149
Trd, 000040.250, 150
Trd, 000040.317, 151
Trd, 000040.767, 166
Trd, 000040.950, 169
Trd, 000041.383, 147
Trd, 000041.467, 162
Trd, 000041.700, 157
Trd, 000042.150, 146
Trd, 000042.333, 145
Trd, 000043.633, 156
Trd, 000044.267, 149
Trd, 000044.633, 155
Trd, 000044.933, 152
Trd, 000046.817, 150
Trd, 000047.617, 145
Trd, 000047.717, 150
Trd, 000048.450, 148
Trd, 000048.750, 148
Trd, 000048.950, 149
Trd, 000049.500, 156
Trd, 000049.833, 157
Trd, 000051.300, 153
Trd, 000051.483, 146
Trd, 000052.267, 147
Trd, 000052.350, 171
Trd, 000052.717, 171
Trd, 000053.017, 167
Trd, 000053.483, 149
Trd, 000055.017, 153
Trd, 000055.550, 154
Trd, 000055.700, 153
Trd, 000056.183, 153
Trd, 000056.517, 157
Trd, 000056.967, 152
Trd, 000057.933, 154
Trd, 000058.633, 154
Trd, 000058.983, 152
Trd, 000059.150, 149
Trd, 000060.533, 147
Trd, 000061.400, 154
Trd, 000061.700, 153
Trd, 000062.050, 150
Trd, 000062.150, 154
Trd, 000063.150, 156
Trd, 000063.450, 170
Trd, 000063.517, 168
Trd, 000064.567, 164
Trd, 000064.683, 165
Trd, 000064.900, 169
Trd, 000066.150, 161
Trd, 000067.300, 161
Trd, 000067.683, 160
Trd, 000067.700, 163
Trd, 000067.717, 165
Trd, 000068.117, 163
Trd, 000069.583, 160
Trd, 000069.917, 160
Trd, 000070.517, 153
Trd, 000071.683, 159
Trd, 000071.900, 159
Trd, 000072.083, 159
Trd, 000072.450, 158
Trd, 000072.833, 150
Trd, 000074.000, 151
Trd, 000074.217, 156
Trd, 000074.650, 151
Trd, 000074.850, 156
Trd, 000075.600, 156
Trd, 000076.000, 157
Trd, 000076.200, 153
Trd, 000078.717, 157
Trd, 000079.067, 155
Trd, 000080.350, 156
Trd, 000080.583, 155
Trd, 000081.450, 156
Trd, 000081.567, 153
Trd, 000081.783, 154
Trd, 000081.917, 159
Trd, 000083.550, 170
Trd, 000084.017, 155
Trd, 000084.083, 154
Trd, 000084.517, 162
Trd, 000085.033, 163
Trd, 000086.850, 164
Trd, 000087.767, 161
Trd, 000087.850, 160
Trd, 000088.550, 161
Trd, 000088.883, 162
Trd, 000088.917, 163
Trd, 000089.367, 165
Trd, 000089.583, 172
Trd, 000090.550, 159
Trd, 000091.033, 158
Trd, 000091.733, 158
Trd, 000092.083, 165
Trd, 000092.267, 152
Trd, 000093.733, 164
Trd, 000093.750, 164
Trd, 000094.567, 164
Trd, 000094.967, 156
Trd, 000096.617, 157
Trd, 000096.667, 155
Trd, 000096.833, 160
Trd, 000096.883, 168
Trd, 000097.067, 156
Trd, 000098.367, 164
Trd, 000098.917, 157
Trd, 000100.467, 158
Trd, 000100.833, 157
Trd, 000100.950, 159
Trd, 000101.050, 156
Trd, 000101.483, 154
Trd, 000102.817, 154
Trd, 000103.383, 155
Trd, 000104.400, 153
Trd, 000104.567, 155
Trd, 000104.583, 160
Trd, 000105.983, 159
Trd, 000106.450, 155
Trd, 000106.500, 153
Trd, 000106.883, 159
Trd, 000107.050, 161
Trd, 000107.833, 162
Trd, 000108.000, 175
Trd, 000108.600, 176
Trd, 000108.800, 159
Trd, 000109.067, 157
Trd, 000109.150, 154
Trd, 000110.467, 166
Trd, 000110.700, 166
Trd, 000112.900, 162
Trd, 000113.617, 161
Trd, 000114.200, 161
Trd, 000114.567, 162
Trd, 000114.767, 162
Trd, 000114.817, 158
Trd, 000116.417, 159
Trd, 000116.817, 162
Trd, 000116.950, 159
Trd, 000117.400, 155
Trd, 000117.617, 161
Trd, 000117.700, 162
Trd, 000118.483, 158
Trd, 000118.817, 159
Trd, 000118.933, 156
Trd, 000119.667, 161
Trd, 000120.883, 156
Trd, 000121.217, 159
Trd, 000121.550, 160
Trd, 000123.667, 161
Trd, 000124.467, 160
Trd, 000124.950, 156
Trd, 000124.967, 161
Trd, 000126.267, 157
Trd, 000126.400, 159
Trd, 000126.867, 158
Trd, 000126.917, 155
Trd, 000127.617, 155
Trd, 000128.117, 159
Trd, 000129.533, 159
Trd, 000129.817, 160
Trd, 000130.000, 159
Trd, 000130.417, 160
Trd, 000131.233, 158
Trd, 000131.850, 157
Trd, 000132.367, 156
Trd, 000132.383, 156
Trd, 000132.433, 164
Trd, 000132.583, 154
Trd, 000133.583, 160
Trd, 000134.733, 154
Trd, 000134.867, 163
Trd, 000135.000, 174
Trd, 000135.550, 175
Trd, 000137.883, 168
Trd, 000138.233, 162
Trd, 000139.233, 165
Trd, 000139.467, 157
Trd, 000139.917, 161
Trd, 000140.250, 161
Trd, 000140.317, 164
Trd, 000140.800, 164
Trd, 000142.283, 165
Trd, 000142.783, 161
Trd, 000142.900, 163
Trd, 000143.167, 160
Trd, 000143.250, 161
Trd, 000143.550, 165
Trd, 000143.833, 165
Trd, 000143.950, 179
Trd, 000144.967, 169
Trd, 000145.117, 168
Trd, 000146.267, 166
Trd, 000146.867, 167
Trd, 000148.017, 161
Trd, 000148.317, 163
Trd, 000148.900, 165
Trd, 000150.233, 170
Trd, 000150.283, 173
Trd, 000150.900, 171
Trd, 000150.950, 178
Trd, 000151.667, 171
Trd, 000151.983, 168
Trd, 000152.500, 169
Trd, 000153.233, 168
Trd, 000154.083, 156
Trd, 000154.167, 151
Trd, 000154.417, 159
Trd, 000155.400, 160
Trd, 000155.617, 160
Trd, 000155.700, 160
Trd, 000155.800, 161
Trd, 000156.383, 161
Trd, 000157.133, 164
Trd, 000157.967, 164
Trd, 000158.000, 165
Trd, 000158.100, 160
Trd, 000159.683, 158
Trd, 000159.700, 167
Trd, 000160.333, 165
Trd, 000161.250, 161
Trd, 000162.567, 161
Trd, 000162.767, 159
Trd, 000162.883, 159
Trd, 000162.900, 167
Trd, 000163.100, 168
Trd, 000164.217, 157
Trd, 000164.667, 159
Trd, 000164.733, 160
Trd, 000164.867, 162
Trd, 000165.850, 161
Trd, 000166.883, 161
Trd, 000167.233, 162
Trd, 000167.317, 161
Trd, 000167.367, 162
Trd, 000169.333, 164
Trd, 000170.183, 165
Trd, 000170.717, 170
Trd, 000171.083, 165
Trd, 000171.117, 160
Trd, 000171.283, 165
Trd, 000171.933, 162
Trd, 000172.467, 162
Trd, 000172.500, 163
Trd, 000173.800, 158
Trd, 000174.917, 169
Trd, 000175.400, 172
Trd, 000175.967, 160
Trd, 000176.233, 166
Trd, 000176.267, 160
Trd, 000176.650, 172
Trd, 000177.367, 171
Trd, 000177.917, 162
Trd, 000178.083, 161
Trd, 000178.333, 169
Trd, 000178.650, 169
Trd, 000180.233, 163
Trd, 000180.933, 162
Trd, 000181.850, 166
Trd, 000182.617, 161
Trd, 000182.767, 160
Trd, 000182.800, 159
Trd, 000183.250, 164
Trd, 000183.850, 169
Trd, 000184.333, 160
Trd, 000184.367, 182
Trd, 000184.550, 152
Trd, 000185.200, 183
Trd, 000186.333, 161
Trd, 000186.600, 160
Trd, 000188.350, 161
Trd, 000188.800, 163
Trd, 000189.217, 164
Trd, 000189.233, 161
Trd, 000190.050, 170
Trd, 000190.983, 166
Trd, 000191.767, 180
Trd, 000192.817, 181
Trd, 000192.933, 169
Trd, 000194.283, 174
Trd, 000194.683, 173
Trd, 000194.700, 174
Trd, 000194.917, 175
Trd, 000195.650, 171
Trd, 000196.133, 175
Trd, 000197.767, 174
Trd, 000198.667, 170
Trd, 000198.717, 171
Trd, 000198.900, 174
Trd, 000199.267, 170
Trd, 000199.533, 175
Trd, 000200.183, 182
Trd, 000200.367, 181
Trd, 000201.983, 177
Trd, 000202.067, 178
Trd, 000202.183, 176
Trd, 000202.767, 177
Trd, 000204.283, 175
Trd, 000204.383, 173
Trd, 000204.717, 176
Trd, 000205.283, 164
Trd, 000205.350, 169
Trd, 000205.533, 170
Trd, 000206.200, 170
Trd, 000207.467, 171
Trd, 000208.117, 172
Trd, 000209.500, 172
Trd, 000209.917, 173
Trd, 000210.050, 164
Trd, 000210.333, 163
Trd, 000210.783, 186
Trd, 000210.900, 189
Trd, 000211.617, 162
Trd, 000211.767, 172
Trd, 000211.983, 188
Trd, 000212.433, 158
Trd, 000215.667, 174
Trd, 000215.717, 175
Trd, 000215.883, 176
Trd, 000216.483, 174
Trd, 000217.417, 170
Trd, 000217.617, 173
Trd, 000217.867, 174
Trd, 000218.967, 169
Trd, 000219.067, 164
Trd, 000220.000, 169
Trd, 000220.400, 169
Trd, 000220.750, 168
Trd, 000221.267, 170
Trd, 000221.367, 166
Trd, 000222.350, 166
Trd, 000222.850, 166
Trd, 000223.850, 166
Trd, 000223.900, 167
Trd, 000224.667, 166
Trd, 000224.700, 165
Trd, 000225.217, 173
Trd, 000225.283, 164
Trd, 000225.317, 187
Trd, 000225.833, 163
Trd, 000227.783, 175
Trd, 000227.833, 176
Trd, 000228.417, 166
Trd, 000228.517, 173
Trd, 000228.533, 173
Trd, 000231.033, 172
Trd, 000231.117, 165
Trd, 000231.983, 167
Trd, 000232.050, 174
Trd, 000232.217, 187
Trd, 000233.083, 174
Trd, 000233.283, 165
Trd, 000233.717, 172
Trd, 000234.350, 171
Trd, 000234.867, 171
Trd, 000235.083, 170
Trd, 000236.383, 172
Trd, 000236.400, 167
Trd, 000236.600, 166
Trd, 000238.283, 172
Trd, 000238.400, 172
Trd, 000239.433, 173
Trd, 000239.833, 170
Trd, 000240.033, 174
Trd, 000240.100, 185
Trd, 000241.250, 173
Trd, 000241.483, 171
Trd, 000241.717, 175
Trd, 000241.783, 175
Trd, 000241.800, 189
Trd, 000242.433, 178
Trd, 000243.400, 176
Trd, 000243.450, 175
Trd, 000243.600, 175
Trd, 000244.083, 175
Trd, 000244.267, 174
Trd, 000244.850, 174
Trd, 000244.950, 177
Trd, 000245.267, 182
Trd, 000245.300, 167
Trd, 000245.383, 185
Trd, 000246.450, 181
Trd, 000246.933, 172
Trd, 000247.650, 180
Trd, 000247.800, 180
Trd, 000248.433, 177
Trd, 000248.500, 174
Trd, 000249.267, 175
Trd, 000249.450, 177
Trd, 000249.683, 175
Trd, 000249.700, 183
Trd, 000249.767, 193
Trd, 000250.800, 186
Trd, 000251.783, 179
Trd, 000252.317, 178
Trd, 000252.867, 176
Trd, 000253.267, 168
Trd, 000253.467, 161
Trd, 000253.500, 176
Trd, 000253.867, 176
Trd, 000254.100, 166
Trd, 000254.267, 171
Trd, 000254.783, 171
Trd, 000255.450, 170
Trd, 000255.717, 174
Trd, 000255.733, 176
Trd, 000255.833, 190
Trd, 000256.467, 179
Trd, 000257.050, 181
Trd, 000257.817, 178
Trd, 000258.117, 177
Trd, 000258.367, 194
Trd, 000258.533, 176
Trd, 000259.250, 194
Trd, 000259.550, 190
Trd, 000259.617, 195
Trd, 000260.383, 177
Trd, 000260.533, 181
Trd, 000260.833, 185
Trd, 000260.850, 172
Trd, 000261.217, 180
Trd, 000262.283, 169
Trd, 000262.900, 171
Trd, 000263.017, 171
Trd, 000263.683, 167
Trd, 000264.383, 162
Trd, 000264.517, 164
Trd, 000264.733, 165
Trd, 000265.133, 166
Trd, 000265.267, 163
Trd, 000265.667, 163
Trd, 000266.217, 162
Trd, 000266.250, 167
Trd, 000266.583, 167
Trd, 000266.867, 177
Trd, 000267.817, 179
Trd, 000268.283, 168
Trd, 000268.367, 167
Trd, 000268.617, 175
Trd, 000269.233, 168
Trd, 000269.800, 168
Trd, 000270.383, 169
Trd, 000270.717, 169
Trd, 000270.733, 170
Trd, 000271.067, 168
Trd, 000271.100, 171
Trd, 000271.400, 168
Trd, 000272.533, 168
Trd, 000272.767, 184
Trd, 000273.017, 184
Trd, 000273.233, 173
Trd, 000273.683, 176
Trd, 000274.233, 192
Trd, 000274.283, 195
Trd, 000275.317, 174
Trd, 000275.600, 173
Trd, 000276.100, 173
Trd, 000276.267, 175
Trd, 000276.550, 177
Trd, 000277.100, 172
Trd, 000277.800, 179
Trd, 000277.900, 181
Trd, 000278.133, 199
Trd, 000278.950, 192
Trd, 000279.333, 186
Trd, 000280.233, 186
Trd, 000280.367, 184
Trd, 000280.817, 181
Trd, 000280.983, 179
Trd, 000281.017, 169
Trd, 000282.567, 179
Trd, 000282.667, 171
Trd, 000283.250, 176
Trd, 000283.500, 176
Trd, 000283.967, 178
Trd, 000284.067, 176
Trd, 000284.100, 175
Trd, 000284.183, 169
Trd, 000284.483, 164
Trd, 000284.767, 172
Trd, 000284.783, 166
Trd, 000284.950, 173
Trd, 000285.883, 172
Trd, 000286.550, 170
Trd, 000286.717, 172
Trd, 000287.917, 176
Trd, 000288.083, 179
Trd, 000288.300, 197
Trd, 000288.983, 184
Trd, 000289.000, 170
Trd, 000289.550, 178
Trd, 000289.583, 176
Trd, 000289.767, 195
Trd, 000290.183, 180
Trd, 000290.817, 179
Trd, 000291.550, 175
Trd, 000291.750, 180
Trd, 000292.200, 178
Trd, 000292.767, 171
Trd, 000293.700, 175
Trd, 000293.850, 170
Trd, 000293.900, 174
Trd, 000294.083, 177
Trd, 000294.467, 172
Trd, 000294.650, 175
Trd, 000295.050, 177
Trd, 000295.133, 167
Trd, 000295.917, 175
Trd, 000296.050, 176
Trd, 000296.683, 167
Trd, 000296.733, 165
Trd, 000297.283, 174
Trd, 000297.383, 174
Trd, 000297.550, 170
Trd, 000297.600, 164
Trd, 000297.667, 181
Trd, 000297.850, 184
Trd, 000298.150, 161
Trd, 000298.750, 177
Trd, 000299.400, 171
Trd, 000299.950, 181
