Trd, 000002.417, 165
Trd, 000002.433, 149
Trd, 000003.467, 148
Trd, 000003.983, 145
Trd, 000004.600, 152
Trd, 000004.717, 145
Trd, 000005.900, 143
Trd, 000006.100, 158
Trd, 000006.500, 153
Trd, 000006.817, 154
Trd, 000007.050, 159
Trd, 000007.217, 171
Trd, 000007.500, 152
Trd, 000008.117, 147
Trd, 000008.250, 138
Trd, 000008.967, 149
Trd, 000009.967, 152
Trd, 000010.083, 154
Trd, 000010.667, 155
Trd, 000010.750, 154
Trd, 000011.400, 153
Trd, 000012.000, 155
Trd, 000012.483, 154
Trd, 000012.967, 154
Trd, 000013.017, 153
Trd, 000014.117, 151
Trd, 000015.167, 153
Trd, 000016.550, 153
Trd, 000016.750, 154
Trd, 000018.617, 155
Trd, 000019.433, 154
Trd, 000019.633, 155
Trd, 000019.917, 156
Trd, 000020.933, 155
Trd, 000020.950, 156
Trd, 000022.033, 157
Trd, 000022.983, 155
Trd, 000023.000, 156
Trd, 000023.467, 155
Trd, 000023.950, 154
Trd, 000025.200, 153
Trd, 000025.350, 154
Trd, 000026.300, 154
Trd, 000026.667, 153
Trd, 000026.783, 156
Trd, 000028.217, 157
Trd, 000029.067, 160
Trd, 000029.217, 159
Trd, 000029.850, 159
Trd, 000030.350, 158
Trd, 000030.433, 156
Trd, 000031.133, 153
Trd, 000031.417, 153
Trd, 000032.150, 153
Trd, 000032.367, 152
Trd, 000033.433, 153
Trd, 000034.367, 154
Trd, 000034.800, 154
Trd, 000034.950, 155
Trd, 000035.150, 154
Trd, 000035.183, 154
Trd, 000035.667, 153
Trd, 000036.617, 153
Trd, 000036.700, 157
Trd, 000037.100, 169
Trd, 000037.433, 146
Trd, 000039.733, 160
Trd, 000040.467, 163
Trd, 000040.567, 162
Trd, 000040.617, 159
Trd, 000041.067, 163
Trd, 000042.483, 152
Trd, 000042.533, 160
Trd, 000043.267, 156
Trd, 000044.100, 156
Trd, 000044.200, 156
Trd, 000044.883, 155
Trd, 000044.933, 155
Trd, 000045.183, 153
Trd, 000045.400, 152
Trd, 000045.667, 157
Trd, 000045.717, 175
Trd, 000045.917, 167
Trd, 000046.367, 165
Trd, 000046.433, 167
Trd, 000046.767, 142
Trd, 000048.367, 159
Trd, 000048.633, 158
Trd, 000049.683, 158
Trd, 000049.850, 161
Trd, 000050.417, 161
Trd, 000050.833, 166
Trd, 000051.500, 164
Trd, 000051.983, 163
Trd, 000052.833, 173
Trd, 000053.983, 168
Trd, 000054.267, 168
Trd, 000055.500, 169
Trd, 000056.350, 168
Trd, 000058.200, 169
Trd, 000058.783, 161
Trd, 000059.117, 155
Trd, 000059.417, 170
Trd, 000060.550, 168
Trd, 000061.017, 161
Trd, 000061.083, 167
Trd, 000061.133, 160
Trd, 000062.083, 160
Trd, 000063.717, 163
Trd, 000064.383, 164
Trd, 000064.883, 163
Trd, 000065.150, 165
Trd, 000065.400, 166
Trd, 000066.067, 166
Trd, 000067.700, 165
Trd, 000067.983, 157
Trd, 000068.217, 152
Trd, 000068.583, 168
Trd, 000068.767, 155
Trd, 000069.283, 168
Trd, 000069.483, 166
Trd, 000069.950, 163
Trd, 000070.400, 162
Trd, 000070.867, 165
Trd, 000070.950, 165
Trd, 000071.333, 176
Trd, 000072.817, 170
Trd, 000073.883, 169
Trd, 000074.867, 169
Trd, 000075.033, 170
Trd, 000075.117, 168
Trd, 000075.400, 170
Trd, 000076.433, 169
Trd, 000077.050, 172
Trd, 000077.417, 172
Trd, 000078.533, 173
Trd, 000080.417, 167
Trd, 000080.567, 159
Trd, 000080.733, 158
Trd, 000081.317, 162
Trd, 000081.700, 166
Trd, 000082.350, 164
Trd, 000083.600, 156
Trd, 000084.800, 167
Trd, 000085.100, 165
Trd, 000085.633, 165
Trd, 000085.767, 165
Trd, 000085.783, 167
Trd, 000085.867, 167
Trd, 000086.233, 163
Trd, 000086.383, 177
Trd, 000086.767, 171
Trd, 000087.267, 159
Trd, 000087.300, 151
Trd, 000088.650, 169
Trd, 000089.133, 169
Trd, 000089.333, 171
Trd, 000089.383, 157
Trd, 000089.967, 147
Trd, 000090.517, 148
Trd, 000091.417, 152
Trd, 000091.750, 156
Trd, 000093.833, 155
Trd, 000093.867, 157
Trd, 000093.917, 154
Trd, 000094.067, 152
Trd, 000094.567, 147
Trd, 000095.017, 146
Trd, 000095.167, 158
Trd, 000096.750, 156
Trd, 000097.617, 156
Trd, 000097.750, 149
Trd, 000098.350, 154
Trd, 000098.767, 179
Trd, 000098.900, 164
Trd, 000099.683, 162
Trd, 000100.567, 158
Trd, 000100.783, 149
Trd, 000100.983, 148
Trd, 000101.850, 178
Trd, 000102.833, 168
Trd, 000102.983, 167
Trd, 000104.567, 169
Trd, 000104.767, 165
Trd, 000105.183, 168
Trd, 000105.850, 160
Trd, 000106.000, 168
Trd, 000106.850, 165
Trd, 000106.967, 168
Trd, 000107.250, 162
Trd, 000107.800, 171
Trd, 000108.850, 182
Trd, 000109.250, 179
Trd, 000109.417, 176
Trd, 000110.450, 178
Trd, 000110.683, 184
Trd, 000110.917, 175
Trd, 000111.233, 173
Trd, 000111.367, 176
Trd, 000111.517, 169
Trd, 000111.583, 178
Trd, 000112.850, 162
Trd, 000114.533, 163
Trd, 000115.300, 162
Trd, 000115.817, 165
Trd, 000116.267, 164
Trd, 000116.483, 162
Trd, 000117.100, 164
Trd, 000118.333, 162
Trd, 000118.550, 161
Trd, 000118.833, 161
Trd, 000119.300, 162
Trd, 000119.617, 162
Trd, 000119.683, 160
Trd, 000120.583, 162
Trd, 000120.767, 160
Trd, 000123.050, 171
Trd, 000123.767, 184
Trd, 000123.800, 180
Trd, 000124.033, 174
Trd, 000124.317, 170
Trd, 000124.767, 177
Trd, 000127.900, 174
Trd, 000128.050, 173
Trd, 000128.467, 167
Trd, 000129.033, 164
Trd, 000130.750, 170
Trd, 000130.933, 169
Trd, 000131.533, 167
Trd, 000131.867, 167
Trd, 000131.967, 166
Trd, 000132.400, 168
Trd, 000132.417, 163
Trd, 000132.950, 162
Trd, 000134.833, 163
Trd, 000134.983, 164
Trd, 000135.017, 164
Trd, 000135.283, 164
Trd, 000136.433, 179
Trd, 000136.883, 171
Trd, 000137.150, 172
Trd, 000137.683, 172
Trd, 000137.950, 171
Trd, 000139.950, 172
Trd, 000140.367, 169
Trd, 000141.067, 170
Trd, 000141.467, 170
Trd, 000141.867, 167
Trd, 000142.150, 168
Trd, 000142.400, 169
Trd, 000142.617, 171
Trd, 000142.633, 173
Trd, 000142.717, 165
Trd, 000142.750, 164
Trd, 000145.867, 171
Trd, 000146.067, 169
Trd, 000146.633, 166
Trd, 000147.017, 169
Trd, 000147.550, 169
Trd, 000149.167, 170
Trd, 000149.200, 170
Trd, 000149.433, 170
Trd, 000149.750, 167
Trd, 000150.633, 167
Trd, 000150.850, 164
Trd, 000151.133, 164
Trd, 000151.450, 166
Trd, 000151.717, 167
Trd, 000151.950, 152
Trd, 000153.700, 166
Trd, 000153.783, 187
Trd, 000154.217, 180
Trd, 000154.350, 163
Trd, 000154.633, 160
Trd, 000154.717, 178
Trd, 000156.017, 167
Trd, 000156.250, 167
Trd, 000156.533, 166
Trd, 000157.600, 173
Trd, 000157.650, 172
Trd, 000157.800, 172
Trd, 000158.583, 173
Trd, 000158.967, 172
Trd, 000159.650, 171
Trd, 000160.883, 172
Trd, 000161.300, 171
Trd, 000162.083, 171
Trd, 000162.250, 172
Trd, 000162.467, 165
Trd, 000162.683, 170
Trd, 000162.783, 168
Trd, 000163.483, 173
Trd, 000163.667, 172
Trd, 000164.733, 171
Trd, 000164.933, 170
Trd, 000165.550, 173
Trd, 000167.567, 166
Trd, 000168.100, 174
Trd, 000169.250, 172
Trd, 000169.400, 171
Trd, 000170.500, 174
Trd, 000171.700, 173
Trd, 000172.067, 172
Trd, 000173.067, 173
Trd, 000173.600, 174
Trd, 000173.983, 175
Trd, 000174.767, 176
Trd, 000175.267, 175
Trd, 000175.567, 172
Trd, 000175.700, 172
Trd, 000177.317, 172
Trd, 000177.883, 169
Trd, 000178.200, 170
Trd, 000178.367, 168
Trd, 000178.600, 170
Trd, 000178.900, 171
Trd, 000179.450, 171
Trd, 000180.183, 173
Trd, 000180.500, 173
Trd, 000181.117, 177
Trd, 000181.667, 176
Trd, 000182.783, 175
Trd, 000182.933, 173
Trd, 000183.550, 168
Trd, 000183.850, 175
Trd, 000183.967, 176
Trd, 000184.567, 176
Trd, 000186.183, 171
Trd, 000187.033, 172
Trd, 000187.383, 168
Trd, 000189.017, 171
Trd, 000190.100, 173
Trd, 000190.267, 169
Trd, 000190.300, 169
Trd, 000190.483, 171
Trd, 000190.533, 172
Trd, 000191.333, 170
Trd, 000191.383, 169
Trd, 000192.400, 170
Trd, 000192.533, 171
Trd, 000192.900, 179
Trd, 000193.650, 187
Trd, 000194.150, 177
Trd, 000195.650, 176
Trd, 000195.717, 172
Trd, 000197.300, 176
Trd, 000197.367, 178
Trd, 000198.550, 176
Trd, 000199.617, 179
Trd, 000199.767, 179
Trd, 000200.167, 176
Trd, 000200.533, 179
Trd, 000200.900, 179
Trd, 000201.600, 171
Trd, 000202.050, 171
Trd, 000202.083, 179
Trd, 000202.583, 183
Trd, 000203.917, 172
Trd, 000203.950, 170
Trd, 000204.967, 158
Trd, 000205.200, 173
Trd, 000206.017, 174
Trd, 000206.267, 184
Trd, 000206.533, 186
Trd, 000206.883, 182
Trd, 000207.417, 176
Trd, 000208.133, 178
Trd, 000208.733, 171
Trd, 000209.283, 174
Trd, 000209.800, 170
Trd, 000210.200, 169
Trd, 000211.000, 175
Trd, 000212.450, 153
Trd, 000212.683, 161
Trd, 000213.017, 159
Trd, 000213.383, 155
Trd, 000213.483, 156
Trd, 000213.867, 155
Trd, 000214.000, 158
Trd, 000214.367, 162
Trd, 000214.717, 166
Trd, 000216.700, 190
Trd, 000217.400, 189
Trd, 000217.450, 186
Trd, 000217.500, 183
Trd, 000218.417, 177
Trd, 000218.967, 187
Trd, 000219.467, 184
Trd, 000219.750, 186
Trd, 000220.417, 184
Trd, 000221.933, 178
Trd, 000222.383, 172
Trd, 000222.883, 177
Trd, 000222.983, 176
Trd, 000223.267, 173
Trd, 000223.983, 172
Trd, 000224.533, 171
Trd, 000225.750, 171
Trd, 000226.650, 171
Trd, 000226.800, 176
Trd, 000227.917, 171
Trd, 000228.100, 174
Trd, 000228.233, 176
Trd, 000228.967, 191
Trd, 000229.233, 190
Trd, 000229.817, 189
Trd, 000230.800, 188
Trd, 000231.783, 180
Trd, 000232.917, 184
Trd, 000233.300, 182
Trd, 000233.767, 184
Trd, 000233.783, 185
Trd, 000234.100, 175
Trd, 000234.750, 184
Trd, 000234.867, 184
Trd, 000235.083, 174
Trd, 000236.133, 174
Trd, 000236.467, 182
Trd, 000237.367, 172
Trd, 000238.883, 179
Trd, 000239.367, 178
Trd, 000239.583, 179
Trd, 000239.717, 178
Trd, 000240.133, 176
Trd, 000240.250, 177
Trd, 000240.550, 178
Trd, 000241.733, 178
Trd, 000241.983, 174
Trd, 000242.450, 173
Trd, 000243.050, 172
Trd, 000243.117, 165
Trd, 000244.400, 160
Trd, 000244.733, 168
Trd, 000244.800, 167
Trd, 000245.133, 166
Trd, 000245.183, 168
Trd, 000245.667, 165
Trd, 000246.533, 167
Trd, 000246.633, 168
Trd, 000246.850, 169
Trd, 000247.333, 183
Trd, 000247.933, 176
Trd, 000248.500, 179
Trd, 000249.633, 179
Trd, 000249.783, 180
Trd, 000249.833, 169
Trd, 000250.417, 186
Trd, 000250.500, 173
Trd, 000251.017, 185
Trd, 000251.450, 182
Trd, 000252.067, 183
Trd, 000252.317, 186
Trd, 000252.783, 181
Trd, 000253.650, 180
Trd, 000254.100, 179
Trd, 000254.217, 180
Trd, 000254.567, 175
Trd, 000254.717, 175
Trd, 000254.933, 180
Trd, 000255.000, 174
Trd, 000255.067, 173
Trd, 000255.467, 187
Trd, 000256.200, 187
Trd, 000256.333, 188
Trd, 000256.983, 185
Trd, 000257.150, 185
Trd, 000257.517, 184
Trd, 000258.217, 184
Trd, 000258.550, 186
Trd, 000260.067, 176
Trd, 000260.767, 172
Trd, 000260.833, 176
Trd, 000260.967, 177
Trd, 000261.250, 180
Trd, 000261.483, 175
Trd, 000261.583, 184
Trd, 000262.517, 184
Trd, 000262.533, 180
Trd, 000262.917, 183
Trd, 000263.333, 184
Trd, 000263.817, 183
Trd, 000264.333, 183
Trd, 000265.300, 183
Trd, 000265.717, 184
Trd, 000265.983, 182
Trd, 000266.833, 181
Trd, 000266.983, 182
Trd, 000267.200, 183
Trd, 000267.467, 181
Trd, 000268.033, 175
Trd, 000269.417, 178
Trd, 000269.767, 177
Trd, 000269.833, 164
Trd, 000270.067, 175
Trd, 000270.167, 173
Trd, 000271.700, 177
Trd, 000272.083, 179
Trd, 000272.300, 179
Trd, 000273.617, 182
Trd, 000273.867, 181
Trd, 000273.917, 180
Trd, 000274.533, 178
Trd, 000274.750, 178
Trd, 000274.967, 177
Trd, 000275.267, 181
Trd, 000275.317, 189
Trd, 000276.050, 176
Trd, 000276.117, 186
Trd, 000276.400, 195
Trd, 000276.650, 176
Trd, 000277.150, 179
Trd, 000277.267, 184
Trd, 000277.283, 177
Trd, 000278.617, 193
Trd, 000278.783, 191
Trd, 000279.183, 191
Trd, 000279.200, 190
Trd, 000279.717, 186
Trd, 000280.083, 185
Trd, 000280.117, 183
Trd, 000280.167, 190
Trd, 000280.750, 183
Trd, 000280.883, 178
Trd, 000282.067, 178
Trd, 000282.283, 183
Trd, 000283.100, 184
Trd, 000284.867, 179
Trd, 000285.150, 178
Trd, 000285.167, 176
Trd, 000285.517, 177
Trd, 000285.683, 176
Trd, 000285.700, 179
Trd, 000286.267, 186
Trd, 000286.417, 179
Trd, 000286.933, 182
Trd, 000287.217, 183
Trd, 000287.383, 177
Trd, 000288.533, 184
Trd, 000288.867, 185
Trd, 000289.417, 183
Trd, 000289.567, 182
Trd, 000289.717, 181
Trd, 000290.050, 184
Trd, 000290.583, 178
Trd, 000291.650, 186
Trd, 000291.700, 187
Trd, 000292.550, 181
Trd, 000292.683, 190
Trd, 000294.983, 186
Trd, 000295.067, 179
Trd, 000295.467, 191
Trd, 000295.583, 181
Trd, 000295.817, 178
Trd, 000296.033, 189
Trd, 000296.067, 190
Trd, 000296.283, 177
Trd, 000296.300, 190
Trd, 000296.683, 175
Trd, 000296.733, 189
Trd, 000296.750, 174
Trd, 000298.600, 169
Trd, 000298.817, 184
Trd, 000299.500, 184
Trd, 000299.683, 176
