Trd, 000001.967, 153
Trd, 000002.467, 144
Trd, 000003.833, 162
Trd, 000004.500, 165
Trd, 000004.517, 168
Trd, 000004.650, 168
Trd, 000004.967, 152
Trd, 000005.000, 141
Trd, 000005.450, 173
Trd, 000006.017, 133
Trd, 000006.067, 132
Trd, 000006.200, 158
Trd, 000006.350, 171
Trd, 000006.517, 194
Trd, 000007.117, 187
Trd, 000007.267, 156
Trd, 000008.350, 156
Trd, 000009.050, 165
Trd, 000009.750, 155
Trd, 000010.233, 146
Trd, 000010.533, 151
Trd, 000011.233, 158
Trd, 000011.667, 156
Trd, 000013.150, 149
Trd, 000013.700, 147
Trd, 000014.100, 151
Trd, 000014.650, 144
Trd, 000014.733, 142
Trd, 000014.850, 155
Trd, 000015.083, 156
Trd, 000015.200, 159
Trd, 000015.450, 163
Trd, 000015.683, 155
Trd, 000016.000, 154
Trd, 000017.267, 153
Trd, 000017.333, 162
Trd, 000017.783, 165
Trd, 000018.017, 164
Trd, 000018.200, 156
Trd, 000018.483, 167
Trd, 000019.133, 168
Trd, 000019.383, 157
Trd, 000020.133, 154
Trd, 000020.400, 151
Trd, 000020.550, 169
Trd, 000021.067, 170
Trd, 000021.567, 164
Trd, 000021.583, 146
Trd, 000021.917, 185
Trd, 000022.267, 143
Trd, 000022.417, 138
Trd, 000024.150, 162
Trd, 000024.667, 158
Trd, 000024.717, 159
Trd, 000025.367, 158
Trd, 000026.050, 157
Trd, 000026.200, 156
Trd, 000026.217, 151
Trd, 000026.400, 161
Trd, 000026.483, 165
Trd, 000026.717, 160
Trd, 000026.917, 146
Trd, 000027.650, 162
Trd, 000028.017, 159
Trd, 000028.683, 157
Trd, 000029.650, 160
Trd, 000030.533, 161
Trd, 000030.933, 156
Trd, 000031.283, 160
Trd, 000031.717, 160
Trd, 000032.083, 168
Trd, 000033.267, 159
Trd, 000033.633, 158
Trd, 000033.717, 163
Trd, 000033.817, 157
Trd, 000033.900, 164
Trd, 000034.250, 165
Trd, 000035.083, 162
Trd, 000036.183, 155
Trd, 000036.200, 153
Trd, 000036.283, 166
Trd, 000037.083, 155
Trd, 000037.167, 189
Trd, 000037.350, 197
Trd, 000037.417, 154
Trd, 000037.983, 159
Trd, 000038.067, 158
Trd, 000039.017, 164
Trd, 000039.750, 151
Trd, 000040.200, 164
Trd, 000041.250, 160
Trd, 000042.567, 158
Trd, 000043.300, 153
Trd, 000043.600, 158
Trd, 000043.650, 158
Trd, 000043.983, 153
Trd, 000044.333, 160
Trd, 000044.433, 162
Trd, 000044.817, 157
Trd, 000045.383, 166
Trd, 000045.550, 169
Trd, 000045.917, 159
Trd, 000045.933, 159
Trd, 000046.700, 158
Trd, 000047.133, 171
Trd, 000047.333, 176
Trd, 000047.867, 166
Trd, 000047.950, 165
Trd, 000048.483, 145
Trd, 000049.817, 167
Trd, 000049.883, 149
Trd, 000049.950, 172
Trd, 000051.483, 165
Trd, 000051.533, 170
Trd, 000052.367, 165
Trd, 000052.400, 167
Trd, 000052.750, 159
Trd, 000053.200, 169
Trd, 000053.983, 160
Trd, 000054.150, 158
Trd, 000054.583, 166
Trd, 000054.700, 167
Trd, 000055.217, 149
Trd, 000055.250, 167
Trd, 000055.350, 168
Trd, 000056.050, 170
Trd, 000057.950, 149
Trd, 000058.250, 146
Trd, 000058.800, 149
Trd, 000058.983, 150
Trd, 000059.050, 145
Trd, 000059.567, 148
Trd, 000059.950, 163
Trd, 000060.183, 171
Trd, 000060.367, 183
Trd, 000060.400, 151
Trd, 000060.883, 150
Trd, 000061.783, 162
Trd, 000062.117, 148
Trd, 000062.300, 168
Trd, 000062.367, 168
Trd, 000062.633, 149
Trd, 000062.833, 166
Trd, 000062.950, 150
Trd, 000064.483, 159
Trd, 000065.700, 161
Trd, 000065.983, 159
Trd, 000066.117, 149
Trd, 000066.633, 165
Trd, 000067.117, 165
Trd, 000067.583, 155
Trd, 000067.983, 148
Trd, 000068.367, 155
Trd, 000069.033, 152
Trd, 000069.183, 164
Trd, 000069.633, 150
Trd, 000070.100, 162
Trd, 000070.400, 172
Trd, 000071.717, 179
Trd, 000071.850, 180
Trd, 000072.450, 166
Trd, 000072.833, 203
Trd, 000073.283, 196
Trd, 000073.383, 163
Trd, 000074.150, 193
Trd, 000075.483, 169
Trd, 000076.150, 170
Trd, 000076.267, 160
Trd, 000076.400, 171
Trd, 000076.833, 161
Trd, 000077.400, 170
Trd, 000077.667, 156
Trd, 000078.150, 152
Trd, 000078.367, 151
Trd, 000078.450, 168
Trd, 000079.150, 161
Trd, 000079.233, 163
Trd, 000079.600, 165
Trd, 000079.767, 160
Trd, 000080.017, 166
Trd, 000080.183, 170
Trd, 000080.967, 171
Trd, 000081.000, 149
Trd, 000081.917, 170
Trd, 000082.750, 166
Trd, 000083.817, 160
Trd, 000084.100, 159
Trd, 000084.167, 152
Trd, 000084.267, 163
Trd, 000084.350, 164
Trd, 000084.383, 165
Trd, 000085.367, 152
Trd, 000085.683, 167
Trd, 000085.717, 170
Trd, 000085.933, 171
Trd, 000086.483, 171
Trd, 000088.183, 157
Trd, 000088.517, 159
Trd, 000089.300, 171
Trd, 000089.933, 171
Trd, 000089.967, 172
Trd, 000089.983, 150
Trd, 000091.250, 159
Trd, 000091.383, 154
Trd, 000091.817, 169
Trd, 000091.833, 171
Trd, 000092.683, 172
Trd, 000093.217, 161
Trd, 000093.317, 160
Trd, 000093.400, 145
Trd, 000094.100, 153
Trd, 000094.767, 171
Trd, 000095.467, 171
Trd, 000095.483, 173
Trd, 000096.150, 158
Trd, 000096.817, 173
Trd, 000097.300, 172
Trd, 000097.867, 174
Trd, 000098.783, 168
Trd, 000099.017, 174
Trd, 000099.417, 175
Trd, 000100.200, 166
Trd, 000100.467, 164
Trd, 000100.767, 160
Trd, 000101.133, 169
Trd, 000101.317, 170
Trd, 000101.467, 173
Trd, 000101.567, 154
Trd, 000101.717, 159
Trd, 000101.917, 146
Trd, 000102.083, 166
Trd, 000103.050, 158
Trd, 000105.283, 157
Trd, 000105.350, 156
Trd, 000105.900, 156
Trd, 000106.183, 158
Trd, 000106.417, 156
Trd, 000106.500, 159
Trd, 000106.700, 155
Trd, 000107.933, 161
Trd, 000108.117, 155
Trd, 000108.867, 155
Trd, 000109.283, 168
Trd, 000109.350, 173
Trd, 000109.683, 152
Trd, 000109.800, 168
Trd, 000109.883, 148
Trd, 000110.567, 173
Trd, 000112.317, 151
Trd, 000112.633, 149
Trd, 000113.167, 149
Trd, 000113.600, 165
Trd, 000114.167, 156
Trd, 000114.300, 166
Trd, 000115.300, 164
Trd, 000115.317, 166
Trd, 000115.350, 173
Trd, 000115.717, 171
Trd, 000115.900, 157
Trd, 000116.117, 155
Trd, 000116.283, 171
Trd, 000117.217, 183
Trd, 000117.633, 175
Trd, 000118.233, 185
Trd, 000118.733, 167
Trd, 000118.817, 166
Trd, 000119.150, 182
Trd, 000119.267, 174
Trd, 000119.650, 183
Trd, 000119.683, 166
Trd, 000119.850, 184
Trd, 000119.983, 153
Trd, 000120.333, 149
Trd, 000121.167, 186
Trd, 000122.517, 166
Trd, 000123.033, 171
Trd, 000123.433, 171
Trd, 000124.400, 170
Trd, 000124.550, 170
Trd, 000124.700, 177
Trd, 000124.833, 167
Trd, 000125.000, 148
Trd, 000125.417, 167
Trd, 000125.733, 151
Trd, 000126.450, 172
Trd, 000126.517, 158
Trd, 000126.583, 173
Trd, 000127.383, 172
Trd, 000127.467, 174
Trd, 000127.683, 178
Trd, 000128.050, 187
Trd, 000128.200, 171
Trd, 000128.483, 170
Trd, 000130.233, 171
Trd, 000130.883, 175
Trd, 000131.950, 178
Trd, 000132.083, 177
Trd, 000132.183, 165
Trd, 000132.833, 174
Trd, 000132.967, 175
Trd, 000133.333, 171
Trd, 000133.600, 176
Trd, 000134.700, 178
Trd, 000134.733, 188
Trd, 000135.150, 175
Trd, 000135.517, 176
Trd, 000135.550, 181
Trd, 000137.267, 178
Trd, 000137.800, 157
Trd, 000137.917, 173
Trd, 000138.083, 173
Trd, 000138.317, 174
Trd, 000138.550, 163
Trd, 000139.567, 156
Trd, 000139.917, 168
Trd, 000140.550, 170
Trd, 000140.567, 155
Trd, 000140.933, 169
Trd, 000140.967, 176
Trd, 000141.450, 158
Trd, 000141.500, 176
Trd, 000141.583, 176
Trd, 000142.033, 160
Trd, 000143.150, 161
Trd, 000143.167, 158
Trd, 000143.333, 185
Trd, 000143.783, 183
Trd, 000143.833, 157
Trd, 000143.967, 186
Trd, 000144.550, 174
Trd, 000144.700, 157
Trd, 000145.800, 156
Trd, 000146.050, 170
Trd, 000146.450, 157
Trd, 000147.617, 159
Trd, 000148.567, 160
Trd, 000148.917, 170
Trd, 000149.117, 159
Trd, 000149.233, 156
Trd, 000150.067, 173
Trd, 000150.200, 156
Trd, 000150.350, 152
Trd, 000150.467, 177
Trd, 000150.667, 176
Trd, 000150.833, 180
Trd, 000150.967, 190
Trd, 000152.583, 175
Trd, 000153.083, 163
Trd, 000153.400, 179
Trd, 000154.100, 187
Trd, 000154.417, 177
Trd, 000155.083, 182
Trd, 000155.467, 183
Trd, 000155.500, 165
Trd, 000156.150, 166
Trd, 000156.917, 163
Trd, 000157.617, 160
Trd, 000158.067, 157
Trd, 000158.350, 168
Trd, 000158.967, 165
Trd, 000159.017, 157
Trd, 000159.483, 173
Trd, 000159.633, 170
Trd, 000160.117, 152
Trd, 000160.567, 169
Trd, 000160.667, 178
Trd, 000160.900, 160
Trd, 000162.267, 170
Trd, 000162.300, 174
Trd, 000162.950, 175
Trd, 000163.100, 163
Trd, 000163.183, 161
Trd, 000163.800, 161
Trd, 000164.533, 178
Trd, 000164.617, 181
Trd, 000164.700, 191
Trd, 000165.250, 160
Trd, 000165.267, 183
Trd, 000165.517, 159
Trd, 000165.850, 187
Trd, 000167.200, 172
Trd, 000167.500, 176
Trd, 000167.833, 176
Trd, 000168.250, 170
Trd, 000169.117, 176
Trd, 000169.300, 181
Trd, 000169.467, 170
Trd, 000169.883, 182
Trd, 000170.317, 181
Trd, 000170.683, 180
Trd, 000170.850, 168
Trd, 000171.317, 167
Trd, 000172.117, 168
Trd, 000172.300, 176
Trd, 000172.517, 167
Trd, 000172.600, 161
Trd, 000173.517, 164
Trd, 000173.850, 163
Trd, 000174.583, 175
Trd, 000175.417, 163
Trd, 000175.617, 171
Trd, 000176.633, 172
Trd, 000176.733, 172
Trd, 000177.100, 175
Trd, 000177.567, 179
Trd, 000178.417, 175
Trd, 000178.850, 174
Trd, 000178.983, 178
Trd, 000179.033, 179
Trd, 000179.100, 162
Trd, 000179.317, 168
Trd, 000180.667, 171
Trd, 000181.050, 170
Trd, 000181.350, 162
Trd, 000181.400, 172
Trd, 000182.317, 165
Trd, 000182.683, 175
Trd, 000183.217, 180
Trd, 000183.717, 168
Trd, 000183.833, 181
Trd, 000184.217, 183
Trd, 000184.783, 168
Trd, 000185.150, 166
Trd, 000185.583, 159
Trd, 000186.017, 179
Trd, 000187.333, 189
Trd, 000187.550, 194
Trd, 000187.983, 186
Trd, 000189.817, 189
Trd, 000189.917, 183
Trd, 000190.117, 190
Trd, 000190.583, 181
Trd, 000190.750, 173
Trd, 000190.883, 177
Trd, 000191.250, 188
Trd, 000192.400, 187
Trd, 000192.900, 186
Trd, 000193.350, 186
Trd, 000193.683, 181
Trd, 000193.833, 163
Trd, 000195.067, 169
Trd, 000195.367, 168
Trd, 000195.883, 176
Trd, 000196.050, 170
Trd, 000196.433, 179
Trd, 000196.567, 181
Trd, 000197.450, 183
Trd, 000197.567, 180
Trd, 000197.767, 174
Trd, 000198.117, 180
Trd, 000199.083, 175
Trd, 000199.800, 173
Trd, 000199.933, 178
Trd, 000200.533, 171
Trd, 000200.883, 155
Trd, 000201.250, 179
Trd, 000201.683, 173
Trd, 000202.650, 158
Trd, 000203.617, 176
Trd, 000204.550, 178
Trd, 000204.667, 164
Trd, 000204.717, 179
Trd, 000205.083, 179
Trd, 000205.850, 170
Trd, 000206.233, 180
Trd, 000206.967, 173
Trd, 000206.983, 174
Trd, 000207.333, 172
Trd, 000207.667, 165
Trd, 000208.050, 170
Trd, 000208.350, 173
Trd, 000208.933, 182
Trd, 000210.967, 178
Trd, 000211.050, 177
Trd, 000211.317, 174
Trd, 000211.450, 172
Trd, 000212.167, 178
Trd, 000212.217, 173
Trd, 000212.483, 180
Trd, 000212.800, 171
Trd, 000212.917, 165
Trd, 000213.167, 180
Trd, 000214.017, 183
Trd, 000214.233, 178
Trd, 000214.283, 186
Trd, 000215.517, 185
Trd, 000215.733, 177
Trd, 000215.950, 175
Trd, 000216.633, 197
Trd, 000217.633, 185
Trd, 000218.500, 184
Trd, 000218.567, 184
Trd, 000218.817, 179
Trd, 000219.633, 176
Trd, 000219.733, 175
Trd, 000220.317, 174
Trd, 000220.583, 183
Trd, 000220.783, 180
Trd, 000220.833, 180
Trd, 000221.100, 166
Trd, 000221.233, 163
Trd, 000221.317, 159
Trd, 000222.950, 179
Trd, 000223.183, 164
Trd, 000223.233, 183
Trd, 000223.583, 187
Trd, 000224.217, 174
Trd, 000224.867, 163
Trd, 000224.883, 184
Trd, 000224.900, 185
Trd, 000225.300, 186
Trd, 000226.967, 173
Trd, 000227.133, 164
Trd, 000227.900, 169
Trd, 000228.450, 176
Trd, 000229.017, 177
Trd, 000229.200, 170
Trd, 000229.333, 167
Trd, 000229.517, 178
Trd, 000230.017, 172
Trd, 000231.250, 178
Trd, 000232.133, 181
Trd, 000232.167, 177
Trd, 000232.367, 185
Trd, 000232.667, 188
Trd, 000232.917, 177
Trd, 000233.117, 177
Trd, 000233.783, 188
Trd, 000233.967, 182
Trd, 000234.383, 185
Trd, 000234.950, 181
Trd, 000235.250, 185
Trd, 000236.000, 186
Trd, 000236.500, 180
Trd, 000237.867, 187
Trd, 000238.700, 180
Trd, 000238.967, 186
Trd, 000239.350, 177
Trd, 000239.650, 186
Trd, 000239.850, 177
Trd, 000240.533, 185
Trd, 000240.650, 180
Trd, 000240.717, 183
Trd, 000241.283, 180
Trd, 000241.600, 177
Trd, 000241.633, 176
Trd, 000242.417, 177
Trd, 000242.433, 178
Trd, 000242.967, 184
Trd, 000243.333, 196
Trd, 000243.683, 195
Trd, 000243.750, 196
Trd, 000244.283, 196
Trd, 000244.767, 193
Trd, 000245.133, 191
Trd, 000245.650, 188
Trd, 000246.217, 189
Trd, 000246.700, 179
Trd, 000246.817, 184
Trd, 000246.900, 186
Trd, 000246.933, 176
Trd, 000247.200, 206
Trd, 000247.300, 170
Trd, 000247.750, 185
Trd, 000248.017, 194
Trd, 000249.150, 184
Trd, 000249.783, 185
Trd, 000249.817, 182
Trd, 000249.900, 179
Trd, 000250.350, 169
Trd, 000250.817, 176
Trd, 000251.417, 179
Trd, 000251.600, 176
Trd, 000251.917, 173
Trd, 000251.967, 175
Trd, 000252.250, 167
Trd, 000252.750, 167
Trd, 000253.350, 176
Trd, 000253.600, 166
Trd, 000253.800, 177
Trd, 000253.933, 186
Trd, 000254.033, 187
Trd, 000254.183, 184
Trd, 000254.267, 179
Trd, 000254.483, 174
Trd, 000254.933, 174
Trd, 000256.717, 181
Trd, 000256.833, 183
Trd, 000257.167, 190
Trd, 000257.783, 190
Trd, 000257.983, 170
Trd, 000258.867, 177
Trd, 000259.333, 172
Trd, 000259.350, 170
Trd, 000259.367, 169
Trd, 000259.633, 173
Trd, 000259.683, 167
Trd, 000260.033, 175
Trd, 000260.433, 175
Trd, 000261.567, 174
Trd, 000261.867, 173
Trd, 000261.950, 170
Trd, 000262.333, 169
Trd, 000262.567, 169
Trd, 000262.683, 170
Trd, 000262.933, 184
Trd, 000263.417, 184
Trd, 000263.833, 167
Trd, 000264.067, 182
Trd, 000264.133, 188
Trd, 000264.417, 170
Trd, 000264.683, 165
Trd, 000266.667, 177
Trd, 000266.683, 179
Trd, 000267.900, 179
Trd, 000268.483, 177
Trd, 000268.733, 176
Trd, 000268.767, 180
Trd, 000269.267, 181
Trd, 000269.367, 178
Trd, 000269.933, 178
Trd, 000270.350, 181
Trd, 000270.400, 182
Trd, 000270.600, 183
Trd, 000270.750, 171
Trd, 000270.767, 168
Trd, 000271.017, 185
Trd, 000271.467, 162
Trd, 000272.383, 178
Trd, 000273.117, 171
Trd, 000273.400, 175
Trd, 000274.117, 164
Trd, 000274.400, 171
Trd, 000274.550, 161
Trd, 000275.967, 164
Trd, 000276.117, 163
Trd, 000276.217, 162
Trd, 000276.300, 161
Trd, 000276.417, 177
Trd, 000277.117, 183
Trd, 000277.317, 183
Trd, 000277.467, 188
Trd, 000277.767, 190
Trd, 000278.300, 192
Trd, 000278.483, 192
Trd, 000278.700, 189
Trd, 000279.050, 182
Trd, 000279.600, 174
Trd, 000279.633, 170
Trd, 000280.267, 184
Trd, 000280.917, 181
Trd, 000281.450, 172
Trd, 000281.733, 186
Trd, 000282.283, 186
Trd, 000282.467, 187
Trd, 000282.600, 184
Trd, 000282.767, 174
Trd, 000283.050, 190
Trd, 000284.667, 174
Trd, 000284.683, 172
Trd, 000285.733, 171
Trd, 000285.750, 172
Trd, 000286.233, 173
Trd, 000286.267, 176
Trd, 000286.550, 169
Trd, 000286.983, 167
Trd, 000287.117, 173
Trd, 000287.367, 164
Trd, 000287.967, 173
Trd, 000288.800, 174
Trd, 000288.850, 166
Trd, 000288.950, 166
Trd, 000289.500, 165
Trd, 000289.800, 164
Trd, 000289.883, 166
Trd, 000289.917, 163
Trd, 000290.167, 180
Trd, 000290.600, 183
Trd, 000290.867, 203
Trd, 000291.000, 195
Trd, 000291.550, 201
Trd, 000291.667, 194
Trd, 000292.150, 181
Trd, 000292.200, 172
Trd, 000292.400, 184
Trd, 000292.667, 189
Trd, 000293.383, 173
Trd, 000293.950, 188
Trd, 000294.500, 187
Trd, 000294.700, 173
Trd, 000294.867, 189
Trd, 000295.000, 190
Trd, 000295.750, 192
Trd, 000296.067, 170
Trd, 000296.517, 192
Trd, 000296.617, 192
Trd, 000296.633, 195
Trd, 000296.650, 204
Trd, 000296.800, 164
Trd, 000297.250, 167
Trd, 000297.650, 211
Trd, 000297.700, 161
Trd, 000298.383, 154
Trd, 000298.967, 205
Trd, 000299.383, 189
Trd, 000299.517, 195
Trd, 000299.533, 184
