Trd, 000001.317, 129
Trd, 000001.967, 128
Trd, 000003.433, 156
Trd, 000003.633, 164
Trd, 000003.683, 155
Trd, 000004.550, 165
Trd, 000005.533, 154
Trd, 000005.750, 152
Trd, 000008.150, 160
Trd, 000008.333, 161
Trd, 000008.500, 158
Trd, 000008.517, 156
Trd, 000009.017, 163
Trd, 000009.600, 159
Trd, 000010.883, 158
Trd, 000011.000, 155
Trd, 000011.733, 156
Trd, 000011.983, 152
Trd, 000012.900, 153
Trd, 000013.083, 154
Trd, 000013.567, 151
Trd, 000015.300, 153
Trd, 000015.617, 154
Trd, 000016.000, 153
Trd, 000016.433, 152
Trd, 000016.550, 152
Trd, 000017.183, 153
Trd, 000017.517, 152
Trd, 000018.317, 153
Trd, 000018.417, 152
Trd, 000019.550, 152
Trd, 000019.717, 153
Trd, 000020.317, 154
Trd, 000021.017, 154
Trd, 000021.083, 153
Trd, 000021.317, 164
Trd, 000021.717, 159
Trd, 000022.233, 158
Trd, 000022.767, 158
Trd, 000023.767, 164
Trd, 000024.450, 159
Trd, 000024.817, 159
Trd, 000027.350, 161
Trd, 000028.083, 159
Trd, 000028.650, 157
Trd, 000028.950, 154
Trd, 000029.650, 155
Trd, 000029.917, 155
Trd, 000030.283, 151
Trd, 000030.567, 150
Trd, 000030.850, 143
Trd, 000031.317, 156
Trd, 000031.433, 157
Trd, 000032.133, 155
Trd, 000032.567, 156
Trd, 000033.933, 165
Trd, 000033.950, 158
Trd, 000034.100, 159
Trd, 000035.267, 159
Trd, 000035.367, 158
Trd, 000035.533, 154
Trd, 000036.083, 160
Trd, 000037.483, 162
Trd, 000037.650, 155
Trd, 000039.850, 160
Trd, 000040.017, 159
Trd, 000040.133, 156
Trd, 000040.483, 156
Trd, 000042.033, 159
Trd, 000042.183, 154
Trd, 000042.467, 159
Trd, 000042.983, 153
Trd, 000043.050, 151
Trd, 000043.733, 155
Trd, 000044.950, 155
Trd, 000045.100, 154
Trd, 000045.717, 155
Trd, 000046.983, 155
Trd, 000047.350, 156
Trd, 000048.517, 166
Trd, 000048.733, 163
Trd, 000049.233, 164
Trd, 000049.650, 164
Trd, 000049.983, 163
Trd, 000050.367, 162
Trd, 000050.817, 162
Trd, 000051.250, 162
Trd, 000051.400, 152
Trd, 000051.750, 159
Trd, 000054.167, 155
Trd, 000054.350, 156
Trd, 000054.633, 156
Trd, 000054.800, 157
Trd, 000055.200, 153
Trd, 000055.500, 169
Trd, 000056.317, 170
Trd, 000056.717, 157
Trd, 000057.317, 157
Trd, 000057.683, 155
Trd, 000057.850, 157
Trd, 000059.117, 151
Trd, 000059.200, 151
Trd, 000059.633, 147
Trd, 000059.983, 155
Trd, 000060.083, 155
Trd, 000060.717, 153
Trd, 000062.200, 155
Trd, 000062.233, 156
Trd, 000062.300, 148
Trd, 000062.517, 157
Trd, 000062.650, 158
Trd, 000063.283, 168
Trd, 000063.467, 164
Trd, 000063.933, 160
Trd, 000064.750, 162
Trd, 000065.083, 162
Trd, 000065.450, 165
Trd, 000066.233, 161
Trd, 000066.500, 162
Trd, 000066.683, 154
Trd, 000067.017, 158
Trd, 000067.600, 159
Trd, 000068.200, 160
Trd, 000068.983, 160
Trd, 000069.583, 161
Trd, 000070.200, 158
Trd, 000070.517, 164
Trd, 000070.600, 159
Trd, 000071.650, 161
Trd, 000072.500, 158
Trd, 000073.600, 164
Trd, 000073.800, 165
Trd, 000075.467, 165
Trd, 000075.750, 163
Trd, 000076.083, 163
Trd, 000077.083, 163
Trd, 000077.317, 163
Trd, 000077.850, 169
Trd, 000078.317, 161
Trd, 000079.633, 161
Trd, 000080.300, 167
Trd, 000081.167, 166
Trd, 000081.700, 165
Trd, 000083.000, 166
Trd, 000083.350, 166
Trd, 000083.650, 165
Trd, 000083.767, 164
Trd, 000084.683, 165
Trd, 000085.083, 164
Trd, 000085.133, 163
Trd, 000085.550, 165
Trd, 000085.950, 165
Trd, 000086.400, 164
Trd, 000087.133, 165
Trd, 000087.217, 166
Trd, 000087.400, 163
Trd, 000088.933, 163
Trd, 000089.783, 163
Trd, 000089.867, 162
Trd, 000090.050, 164
Trd, 000090.400, 166
Trd, 000091.883, 162
Trd, 000092.333, 160
Trd, 000092.967, 158
Trd, 000093.467, 160
Trd, 000094.067, 160
Trd, 000094.150, 162
Trd, 000094.333, 162
Trd, 000095.067, 169
Trd, 000095.767, 167
Trd, 000096.100, 162
Trd, 000096.117, 170
Trd, 000098.883, 166
Trd, 000099.233, 166
Trd, 000099.900, 167
Trd, 000099.983, 165
Trd, 000100.983, 165
Trd, 000101.067, 164
Trd, 000102.383, 165
Trd, 000102.433, 164
Trd, 000102.450, 167
Trd, 000102.550, 161
Trd, 000102.600, 157
Trd, 000104.550, 165
Trd, 000105.117, 163
Trd, 000106.667, 169
Trd, 000106.717, 169
Trd, 000107.633, 167
Trd, 000107.933, 167
Trd, 000108.417, 167
Trd, 000108.633, 167
Trd, 000109.433, 172
Trd, 000109.567, 166
Trd, 000110.733, 166
Trd, 000110.850, 165
Trd, 000110.933, 168
Trd, 000111.183, 164
Trd, 000111.350, 169
Trd, 000111.833, 162
Trd, 000111.933, 167
Trd, 000112.050, 158
Trd, 000112.867, 166
Trd, 000113.417, 165
Trd, 000113.900, 165
Trd, 000114.683, 164
Trd, 000114.833, 157
Trd, 000114.967, 165
Trd, 000115.183, 173
Trd, 000116.800, 164
Trd, 000117.183, 168
Trd, 000118.733, 167
Trd, 000118.950, 166
Trd, 000119.017, 168
Trd, 000119.150, 165
Trd, 000119.450, 163
Trd, 000119.883, 165
Trd, 000120.317, 171
Trd, 000122.883, 167
Trd, 000122.917, 167
Trd, 000123.233, 166
Trd, 000124.283, 162
Trd, 000124.467, 163
Trd, 000124.500, 161
Trd, 000125.250, 165
Trd, 000126.467, 164
Trd, 000126.517, 165
Trd, 000127.033, 163
Trd, 000127.350, 165
Trd, 000127.783, 166
Trd, 000128.767, 165
Trd, 000128.983, 167
Trd, 000129.600, 165
Trd, 000129.683, 164
Trd, 000129.767, 163
Trd, 000130.683, 166
Trd, 000131.350, 165
Trd, 000131.533, 160
Trd, 000132.517, 162
Trd, 000133.000, 164
Trd, 000133.550, 163
Trd, 000133.733, 163
Trd, 000133.800, 160
Trd, 000134.333, 151
Trd, 000134.467, 164
Trd, 000135.983, 159
Trd, 000136.433, 163
Trd, 000136.717, 163
Trd, 000137.017, 175
Trd, 000137.450, 160
Trd, 000138.600, 162
Trd, 000139.383, 163
Trd, 000140.017, 162
Trd, 000140.350, 163
Trd, 000140.417, 162
Trd, 000141.050, 163
Trd, 000141.217, 165
Trd, 000141.383, 176
Trd, 000141.950, 165
Trd, 000142.250, 164
Trd, 000142.333, 162
Trd, 000142.383, 167
Trd, 000143.917, 163
Trd, 000144.017, 162
Trd, 000144.767, 161
Trd, 000145.833, 162
Trd, 000145.983, 163
Trd, 000146.167, 163
Trd, 000146.467, 159
Trd, 000147.283, 164
Trd, 000147.400, 164
Trd, 000147.417, 176
Trd, 000148.583, 166
Trd, 000148.817, 165
Trd, 000148.883, 162
Trd, 000149.033, 164
Trd, 000149.133, 166
Trd, 000150.200, 165
Trd, 000150.750, 164
Trd, 000152.000, 166
Trd, 000152.217, 164
Trd, 000152.750, 166
Trd, 000152.883, 163
Trd, 000153.700, 165
Trd, 000154.117, 160
Trd, 000154.517, 165
Trd, 000155.383, 161
Trd, 000155.533, 162
Trd, 000155.733, 165
Trd, 000156.767, 164
Trd, 000156.917, 161
Trd, 000157.817, 163
Trd, 000158.467, 161
Trd, 000158.750, 153
Trd, 000159.233, 159
Trd, 000159.517, 159
Trd, 000160.550, 158
Trd, 000160.967, 160
Trd, 000161.650, 160
Trd, 000162.167, 167
Trd, 000162.433, 178
Trd, 000162.767, 177
Trd, 000163.533, 176
Trd, 000163.733, 174
Trd, 000164.100, 177
Trd, 000165.050, 173
Trd, 000165.900, 172
Trd, 000166.383, 174
Trd, 000166.550, 171
Trd, 000166.700, 170
Trd, 000167.700, 168
Trd, 000168.367, 167
Trd, 000168.783, 170
Trd, 000169.233, 172
Trd, 000169.550, 173
Trd, 000169.867, 174
Trd, 000170.217, 175
Trd, 000170.417, 174
Trd, 000171.417, 173
Trd, 000171.683, 177
Trd, 000172.917, 172
Trd, 000173.167, 168
Trd, 000173.217, 140
Trd, 000174.550, 165
Trd, 000175.333, 172
Trd, 000175.350, 173
Trd, 000175.683, 170
Trd, 000176.250, 171
Trd, 000176.867, 173
Trd, 000177.367, 167
Trd, 000178.100, 167
Trd, 000178.733, 166
Trd, 000178.800, 168
Trd, 000179.400, 172
Trd, 000180.017, 172
Trd, 000180.600, 174
Trd, 000180.800, 170
Trd, 000181.183, 170
Trd, 000181.333, 169
Trd, 000181.417, 165
Trd, 000181.600, 176
Trd, 000182.117, 178
Trd, 000182.300, 183
Trd, 000182.483, 174
Trd, 000182.617, 173
Trd, 000183.167, 168
Trd, 000183.267, 186
Trd, 000187.050, 173
Trd, 000187.967, 175
Trd, 000188.183, 174
Trd, 000188.283, 176
Trd, 000189.133, 173
Trd, 000189.217, 177
Trd, 000190.150, 174
Trd, 000190.617, 175
Trd, 000191.100, 174
Trd, 000191.433, 173
Trd, 000191.500, 170
Trd, 000192.300, 172
Trd, 000193.067, 172
Trd, 000193.100, 171
Trd, 000193.367, 171
Trd, 000193.583, 172
Trd, 000194.367, 170
Trd, 000195.300, 166
Trd, 000195.367, 167
Trd, 000195.533, 165
Trd, 000198.050, 167
Trd, 000198.200, 165
Trd, 000198.250, 168
Trd, 000198.400, 167
Trd, 000199.167, 167
Trd, 000199.283, 169
Trd, 000199.450, 166
Trd, 000199.667, 170
Trd, 000200.250, 166
Trd, 000201.133, 157
Trd, 000202.683, 163
Trd, 000202.850, 164
Trd, 000203.383, 164
Trd, 000204.583, 170
Trd, 000205.100, 169
Trd, 000205.133, 170
Trd, 000205.583, 168
Trd, 000206.450, 171
Trd, 000207.733, 171
Trd, 000208.333, 172
Trd, 000208.633, 171
Trd, 000209.067, 168
Trd, 000210.217, 171
Trd, 000210.317, 171
Trd, 000210.767, 171
Trd, 000212.483, 169
Trd, 000212.567, 169
Trd, 000212.933, 169
Trd, 000213.083, 170
Trd, 000213.200, 172
Trd, 000213.317, 166
Trd, 000214.283, 166
Trd, 000215.500, 170
Trd, 000215.750, 171
Trd, 000215.800, 170
Trd, 000215.900, 172
Trd, 000216.500, 173
Trd, 000216.933, 173
Trd, 000217.133, 169
Trd, 000217.750, 173
Trd, 000217.967, 168
Trd, 000218.517, 159
Trd, 000218.667, 158
Trd, 000219.900, 169
Trd, 000220.783, 171
Trd, 000221.367, 172
Trd, 000221.867, 182
Trd, 000221.967, 176
Trd, 000222.717, 173
Trd, 000222.983, 173
Trd, 000224.267, 173
Trd, 000224.400, 172
Trd, 000224.517, 176
Trd, 000225.200, 174
Trd, 000225.983, 173
Trd, 000226.217, 172
Trd, 000227.000, 169
Trd, 000227.383, 174
Trd, 000227.533, 176
Trd, 000228.883, 174
Trd, 000231.033, 173
Trd, 000231.583, 172
Trd, 000232.567, 171
Trd, 000232.750, 170
Trd, 000232.833, 173
Trd, 000232.850, 170
Trd, 000232.900, 169
Trd, 000233.117, 174
Trd, 000233.817, 173
Trd, 000234.867, 172
Trd, 000235.450, 170
Trd, 000236.217, 171
Trd, 000236.450, 171
Trd, 000237.017, 170
Trd, 000237.900, 169
Trd, 000237.967, 161
Trd, 000238.033, 170
Trd, 000238.183, 153
Trd, 000238.583, 169
Trd, 000238.717, 174
Trd, 000239.083, 175
Trd, 000239.233, 161
Trd, 000239.800, 172
Trd, 000241.300, 170
Trd, 000241.600, 172
Trd, 000241.783, 175
Trd, 000242.500, 175
Trd, 000242.733, 177
Trd, 000243.450, 175
Trd, 000244.100, 178
Trd, 000244.400, 177
Trd, 000245.400, 178
Trd, 000245.667, 179
Trd, 000246.067, 177
Trd, 000246.317, 178
Trd, 000247.650, 178
Trd, 000247.833, 176
Trd, 000248.033, 174
Trd, 000248.767, 175
Trd, 000249.083, 174
Trd, 000249.100, 175
Trd, 000250.017, 180
Trd, 000250.333, 174
Trd, 000250.400, 180
Trd, 000250.867, 165
Trd, 000251.483, 175
Trd, 000252.000, 172
Trd, 000253.133, 176
Trd, 000253.350, 176
Trd, 000253.667, 180
Trd, 000253.900, 181
Trd, 000253.933, 176
Trd, 000254.083, 179
Trd, 000254.283, 172
Trd, 000254.533, 171
Trd, 000255.483, 168
Trd, 000255.700, 163
Trd, 000256.400, 166
Trd, 000257.083, 168
Trd, 000257.350, 167
Trd, 000257.450, 169
Trd, 000257.667, 170
Trd, 000259.167, 170
Trd, 000259.317, 170
Trd, 000260.267, 172
Trd, 000260.417, 177
Trd, 000260.617, 181
Trd, 000260.733, 176
Trd, 000261.367, 181
Trd, 000261.467, 173
Trd, 000262.067, 177
Trd, 000262.200, 176
Trd, 000262.300, 178
Trd, 000262.533, 179
Trd, 000262.833, 179
Trd, 000263.400, 179
Trd, 000264.317, 183
Trd, 000264.733, 184
Trd, 000264.900, 183
Trd, 000265.283, 183
Trd, 000265.800, 183
Trd, 000265.883, 182
Trd, 000266.333, 185
Trd, 000267.000, 177
Trd, 000267.400, 187
Trd, 000267.583, 182
Trd, 000268.300, 175
Trd, 000269.100, 180
Trd, 000269.233, 184
Trd, 000270.000, 185
Trd, 000270.017, 184
Trd, 000270.433, 184
Trd, 000270.617, 185
Trd, 000271.517, 183
Trd, 000271.583, 184
Trd, 000271.900, 182
Trd, 000271.917, 185
Trd, 000271.933, 187
Trd, 000272.950, 189
Trd, 000273.067, 195
Trd, 000273.433, 189
Trd, 000273.933, 190
Trd, 000273.967, 185
Trd, 000275.000, 182
Trd, 000276.083, 186
Trd, 000276.400, 183
Trd, 000276.933, 184
Trd, 000277.217, 184
Trd, 000278.000, 184
Trd, 000278.417, 182
Trd, 000279.250, 184
Trd, 000279.567, 186
Trd, 000279.700, 186
Trd, 000280.850, 185
Trd, 000281.267, 186
Trd, 000281.367, 188
Trd, 000281.417, 184
Trd, 000281.867, 184
Trd, 000281.883, 185
Trd, 000281.917, 183
Trd, 000282.550, 183
Trd, 000282.700, 186
Trd, 000282.933, 190
Trd, 000283.000, 183
Trd, 000283.633, 192
Trd, 000284.683, 190
Trd, 000285.000, 193
Trd, 000285.517, 188
Trd, 000286.300, 188
Trd, 000286.817, 192
Trd, 000286.867, 191
Trd, 000287.717, 179
Trd, 000287.800, 184
Trd, 000289.567, 184
Trd, 000290.300, 186
Trd, 000290.333, 183
Trd, 000290.500, 183
Trd, 000290.650, 187
Trd, 000290.867, 191
Trd, 000291.200, 188
Trd, 000291.333, 187
Trd, 000291.400, 184
Trd, 000291.500, 197
Trd, 000291.683, 183
Trd, 000291.850, 184
Trd, 000292.267, 187
Trd, 000292.283, 180
Trd, 000293.217, 184
Trd, 000293.550, 186
Trd, 000293.917, 181
Trd, 000294.417, 177
Trd, 000295.250, 178
Trd, 000295.267, 175
Trd, 000295.500, 181
Trd, 000295.533, 159
Trd, 000296.367, 183
Trd, 000296.383, 184
Trd, 000297.183, 185
Trd, 000297.583, 181
Trd, 000298.000, 186
Trd, 000298.483, 180
Trd, 000298.850, 181
Trd, 000299.133, 186
Trd, 000299.533, 185
