Trd, 000002.817, 129
Trd, 000003.283, 113
Trd, 000003.300, 115
Trd, 000003.800, 130
Trd, 000003.900, 134
Trd, 000004.817, 155
Trd, 000005.317, 162
Trd, 000005.950, 165
Trd, 000006.483, 154
Trd, 000006.717, 153
Trd, 000006.900, 152
Trd, 000007.500, 150
Trd, 000008.833, 161
Trd, 000010.383, 155
Trd, 000010.683, 155
Trd, 000012.100, 155
Trd, 000012.117, 151
Trd, 000012.550, 149
Trd, 000012.950, 149
Trd, 000013.167, 153
Trd, 000013.517, 153
Trd, 000014.433, 150
Trd, 000014.567, 154
Trd, 000014.850, 153
Trd, 000014.900, 165
Trd, 000014.917, 149
Trd, 000015.717, 163
Trd, 000016.467, 153
Trd, 000018.267, 156
Trd, 000018.367, 146
Trd, 000019.250, 152
Trd, 000020.000, 152
Trd, 000020.167, 151
Trd, 000021.083, 152
Trd, 000021.783, 152
Trd, 000022.533, 152
Trd, 000022.700, 150
Trd, 000023.433, 151
Trd, 000023.833, 151
Trd, 000023.883, 148
Trd, 000024.417, 167
Trd, 000025.367, 159
Trd, 000026.817, 159
Trd, 000027.333, 150
Trd, 000028.133, 155
Trd, 000028.400, 154
Trd, 000029.183, 144
Trd, 000029.633, 151
Trd, 000031.083, 149
Trd, 000031.883, 149
Trd, 000032.800, 150
Trd, 000033.217, 151
Trd, 000033.450, 150
Trd, 000033.833, 147
Trd, 000034.700, 148
Trd, 000035.217, 146
Trd, 000035.350, 148
Trd, 000035.450, 150
Trd, 000036.033, 151
Trd, 000036.500, 152
Trd, 000036.950, 152
Trd, 000037.350, 151
Trd, 000037.483, 145
Trd, 000038.667, 152
Trd, 000039.600, 149
Trd, 000040.067, 153
Trd, 000040.567, 154
Trd, 000040.867, 155
Trd, 000041.233, 156
Trd, 000041.383, 166
Trd, 000041.667, 154
Trd, 000042.317, 174
Trd, 000044.333, 158
Trd, 000044.683, 156
Trd, 000044.867, 155
Trd, 000045.317, 158
Trd, 000045.717, 160
Trd, 000047.317, 157
Trd, 000047.833, 156
Trd, 000047.967, 159
Trd, 000048.033, 164
Trd, 000048.133, 152
Trd, 000049.333, 152
Trd, 000049.867, 153
Trd, 000050.167, 153
Trd, 000050.517, 167
Trd, 000050.900, 157
Trd, 000051.350, 177
Trd, 000051.667, 154
Trd, 000051.983, 179
Trd, 000052.333, 155
Trd, 000053.233, 154
Trd, 000053.283, 162
Trd, 000054.200, 158
Trd, 000055.867, 157
Trd, 000056.833, 154
Trd, 000057.050, 150
Trd, 000057.067, 154
Trd, 000057.150, 156
Trd, 000058.467, 151
Trd, 000058.583, 155
Trd, 000059.017, 147
Trd, 000059.367, 155
Trd, 000059.700, 157
Trd, 000060.883, 158
Trd, 000061.733, 156
Trd, 000062.017, 159
Trd, 000062.833, 155
Trd, 000063.750, 154
Trd, 000063.783, 153
Trd, 000064.317, 150
Trd, 000065.033, 153
Trd, 000065.567, 154
Trd, 000065.667, 154
Trd, 000066.850, 152
Trd, 000067.117, 154
Trd, 000067.500, 154
Trd, 000068.050, 157
Trd, 000068.583, 168
Trd, 000069.450, 166
Trd, 000070.050, 164
Trd, 000070.183, 169
Trd, 000070.367, 163
Trd, 000070.700, 165
Trd, 000071.000, 164
Trd, 000072.417, 161
Trd, 000074.017, 163
Trd, 000074.417, 162
Trd, 000074.800, 162
Trd, 000075.650, 156
Trd, 000076.100, 155
Trd, 000076.200, 162
Trd, 000078.433, 158
Trd, 000078.750, 157
Trd, 000079.350, 155
Trd, 000079.483, 158
Trd, 000079.617, 159
Trd, 000079.850, 149
Trd, 000079.983, 159
Trd, 000080.250, 158
Trd, 000080.483, 159
Trd, 000081.750, 156
Trd, 000082.133, 170
Trd, 000082.933, 172
Trd, 000082.983, 164
Trd, 000083.617, 169
Trd, 000084.617, 172
Trd, 000085.450, 172
Trd, 000085.867, 172
Trd, 000086.467, 171
Trd, 000087.167, 171
Trd, 000087.333, 163
Trd, 000087.950, 156
Trd, 000088.633, 166
Trd, 000090.467, 162
Trd, 000090.483, 161
Trd, 000091.383, 163
Trd, 000091.800, 164
Trd, 000091.933, 162
Trd, 000092.567, 161
Trd, 000093.550, 160
Trd, 000094.533, 160
Trd, 000095.150, 160
Trd, 000095.483, 161
Trd, 000095.517, 159
Trd, 000095.617, 158
Trd, 000097.783, 159
Trd, 000097.850, 158
Trd, 000097.950, 160
Trd, 000098.667, 159
Trd, 000098.883, 159
Trd, 000098.983, 172
Trd, 000099.350, 158
Trd, 000100.517, 163
Trd, 000101.550, 172
Trd, 000101.683, 172
Trd, 000101.767, 171
Trd, 000102.133, 168
Trd, 000102.550, 173
Trd, 000102.700, 174
Trd, 000106.083, 159
Trd, 000106.500, 164
Trd, 000106.767, 167
Trd, 000106.950, 158
Trd, 000107.100, 168
Trd, 000108.317, 161
Trd, 000108.933, 160
Trd, 000109.383, 169
Trd, 000110.517, 167
Trd, 000111.633, 161
Trd, 000112.933, 165
Trd, 000113.050, 166
Trd, 000114.517, 162
Trd, 000114.583, 166
Trd, 000115.283, 164
Trd, 000115.633, 166
Trd, 000115.750, 167
Trd, 000116.417, 166
Trd, 000116.450, 163
Trd, 000118.017, 168
Trd, 000118.567, 171
Trd, 000118.950, 172
Trd, 000118.983, 159
Trd, 000119.067, 176
Trd, 000119.083, 168
Trd, 000120.683, 169
Trd, 000120.817, 170
Trd, 000121.183, 168
Trd, 000121.950, 170
Trd, 000122.767, 166
Trd, 000123.283, 168
Trd, 000123.483, 169
Trd, 000124.017, 169
Trd, 000124.233, 167
Trd, 000125.183, 169
Trd, 000125.200, 169
Trd, 000125.617, 168
Trd, 000126.917, 160
Trd, 000127.367, 162
Trd, 000128.500, 164
Trd, 000128.950, 170
Trd, 000129.617, 168
Trd, 000130.033, 171
Trd, 000130.167, 163
Trd, 000131.917, 167
Trd, 000133.333, 166
Trd, 000134.433, 166
Trd, 000135.117, 163
Trd, 000135.450, 164
Trd, 000135.783, 164
Trd, 000136.117, 166
Trd, 000136.733, 167
Trd, 000137.067, 162
Trd, 000138.833, 167
Trd, 000139.117, 166
Trd, 000139.400, 165
Trd, 000139.917, 165
Trd, 000140.850, 164
Trd, 000141.233, 156
Trd, 000141.733, 165
Trd, 000142.267, 165
Trd, 000142.550, 176
Trd, 000143.000, 170
Trd, 000144.350, 164
Trd, 000144.583, 166
Trd, 000144.750, 163
Trd, 000145.333, 162
Trd, 000145.900, 161
Trd, 000146.000, 162
Trd, 000146.717, 163
Trd, 000147.683, 158
Trd, 000148.250, 157
Trd, 000148.567, 164
Trd, 000149.850, 164
Trd, 000149.983, 152
Trd, 000150.300, 156
Trd, 000150.317, 163
Trd, 000150.950, 163
Trd, 000152.550, 163
Trd, 000153.250, 161
Trd, 000153.317, 160
Trd, 000155.867, 158
Trd, 000156.100, 158
Trd, 000156.267, 162
Trd, 000156.550, 155
Trd, 000156.933, 160
Trd, 000157.767, 162
Trd, 000157.917, 163
Trd, 000158.233, 166
Trd, 000158.600, 168
Trd, 000158.633, 159
Trd, 000160.267, 165
Trd, 000160.900, 163
Trd, 000162.083, 161
Trd, 000162.117, 163
Trd, 000162.500, 160
Trd, 000163.533, 160
Trd, 000163.567, 161
Trd, 000163.633, 164
Trd, 000163.817, 163
Trd, 000163.883, 164
Trd, 000164.300, 167
Trd, 000166.717, 167
Trd, 000166.933, 166
Trd, 000167.100, 168
Trd, 000167.150, 166
Trd, 000167.417, 167
Trd, 000167.517, 178
Trd, 000168.767, 165
Trd, 000169.150, 180
Trd, 000169.250, 168
Trd, 000169.400, 165
Trd, 000170.017, 179
Trd, 000170.433, 179
Trd, 000170.550, 166
Trd, 000171.167, 154
Trd, 000172.417, 170
Trd, 000174.417, 167
Trd, 000174.783, 167
Trd, 000175.867, 166
Trd, 000176.317, 165
Trd, 000177.083, 165
Trd, 000177.917, 161
Trd, 000177.967, 165
Trd, 000178.333, 167
Trd, 000178.700, 166
Trd, 000179.333, 159
Trd, 000180.400, 167
Trd, 000180.533, 167
Trd, 000181.017, 168
Trd, 000181.150, 166
Trd, 000182.217, 168
Trd, 000182.417, 169
Trd, 000182.733, 168
Trd, 000182.817, 166
Trd, 000183.283, 169
Trd, 000183.367, 175
Trd, 000183.750, 177
Trd, 000185.933, 179
Trd, 000186.467, 175
Trd, 000187.200, 176
Trd, 000187.850, 177
Trd, 000187.917, 178
Trd, 000189.483, 164
Trd, 000189.600, 164
Trd, 000189.633, 161
Trd, 000190.450, 170
Trd, 000193.217, 170
Trd, 000193.333, 172
Trd, 000194.117, 171
Trd, 000194.600, 170
Trd, 000194.683, 171
Trd, 000194.717, 169
Trd, 000195.350, 169
Trd, 000195.950, 170
Trd, 000196.867, 170
Trd, 000197.200, 167
Trd, 000197.850, 170
Trd, 000198.183, 166
Trd, 000198.617, 169
Trd, 000198.700, 170
Trd, 000201.100, 170
Trd, 000202.950, 164
Trd, 000203.217, 169
Trd, 000204.833, 169
Trd, 000204.950, 168
Trd, 000206.033, 164
Trd, 000207.000, 164
Trd, 000207.017, 162
Trd, 000207.433, 162
Trd, 000207.850, 163
Trd, 000207.950, 165
Trd, 000208.017, 169
Trd, 000208.383, 170
Trd, 000208.667, 181
Trd, 000210.550, 170
Trd, 000210.617, 169
Trd, 000211.517, 170
Trd, 000212.300, 164
Trd, 000212.333, 172
Trd, 000212.850, 170
Trd, 000212.933, 164
Trd, 000213.483, 165
Trd, 000213.583, 166
Trd, 000214.883, 167
Trd, 000214.933, 168
Trd, 000215.883, 169
Trd, 000215.900, 166
Trd, 000216.667, 184
Trd, 000217.417, 189
Trd, 000217.550, 170
Trd, 000218.167, 184
Trd, 000218.783, 185
Trd, 000220.100, 166
Trd, 000220.833, 169
Trd, 000221.467, 176
Trd, 000221.833, 175
Trd, 000222.333, 175
Trd, 000223.583, 172
Trd, 000223.650, 175
Trd, 000223.850, 176
Trd, 000224.967, 175
Trd, 000225.100, 175
Trd, 000226.300, 175
Trd, 000226.833, 173
Trd, 000227.267, 172
Trd, 000228.367, 172
Trd, 000228.700, 173
Trd, 000229.167, 172
Trd, 000230.633, 174
Trd, 000230.800, 175
Trd, 000231.233, 172
Trd, 000231.667, 183
Trd, 000232.233, 181
Trd, 000233.167, 180
Trd, 000233.483, 177
Trd, 000234.333, 175
Trd, 000235.767, 175
Trd, 000236.217, 176
Trd, 000236.267, 177
Trd, 000237.050, 160
Trd, 000237.733, 176
Trd, 000238.567, 172
Trd, 000238.883, 173
Trd, 000239.600, 175
Trd, 000239.767, 176
Trd, 000240.200, 174
Trd, 000240.233, 175
Trd, 000240.433, 177
Trd, 000240.717, 179
Trd, 000241.050, 180
Trd, 000241.733, 177
Trd, 000243.200, 175
Trd, 000243.733, 176
Trd, 000244.117, 175
Trd, 000244.517, 176
Trd, 000244.550, 179
Trd, 000245.150, 174
Trd, 000245.267, 182
Trd, 000245.500, 172
Trd, 000246.100, 171
Trd, 000246.817, 174
Trd, 000246.933, 173
Trd, 000247.317, 178
Trd, 000247.617, 175
Trd, 000247.667, 176
Trd, 000248.167, 176
Trd, 000248.383, 177
Trd, 000249.033, 180
Trd, 000249.133, 177
Trd, 000249.983, 182
Trd, 000250.017, 183
Trd, 000250.900, 176
Trd, 000252.100, 178
Trd, 000252.367, 180
Trd, 000252.417, 187
Trd, 000252.750, 176
Trd, 000253.283, 175
Trd, 000254.167, 176
Trd, 000254.500, 173
Trd, 000254.783, 173
Trd, 000255.600, 175
Trd, 000256.250, 175
Trd, 000256.667, 172
Trd, 000256.833, 171
Trd, 000257.017, 173
Trd, 000257.317, 176
Trd, 000257.933, 172
Trd, 000258.183, 183
Trd, 000258.333, 172
Trd, 000259.383, 167
Trd, 000259.983, 159
Trd, 000260.033, 160
Trd, 000260.817, 169
Trd, 000261.200, 170
Trd, 000261.683, 167
Trd, 000262.117, 171
Trd, 000262.250, 165
Trd, 000262.717, 174
Trd, 000263.450, 171
Trd, 000264.217, 174
Trd, 000264.283, 177
Trd, 000264.600, 173
Trd, 000265.083, 184
Trd, 000265.733, 178
Trd, 000266.100, 180
Trd, 000267.483, 173
Trd, 000267.700, 168
Trd, 000267.717, 172
Trd, 000268.083, 172
Trd, 000268.283, 173
Trd, 000268.867, 173
Trd, 000269.167, 174
Trd, 000269.750, 169
Trd, 000270.650, 171
Trd, 000271.067, 172
Trd, 000271.083, 173
Trd, 000271.267, 171
Trd, 000271.717, 170
Trd, 000271.817, 175
Trd, 000272.767, 168
Trd, 000273.100, 168
Trd, 000273.117, 171
Trd, 000273.417, 173
Trd, 000274.750, 174
Trd, 000274.850, 177
Trd, 000274.967, 178
Trd, 000275.650, 173
Trd, 000275.800, 173
Trd, 000275.833, 175
Trd, 000276.583, 176
Trd, 000276.833, 174
Trd, 000277.233, 177
Trd, 000278.000, 177
Trd, 000278.117, 176
Trd, 000278.333, 164
Trd, 000278.817, 166
Trd, 000278.967, 173
Trd, 000279.633, 168
Trd, 000279.650, 176
Trd, 000280.383, 188
Trd, 000280.467, 188
Trd, 000281.083, 190
Trd, 000282.867, 189
Trd, 000283.000, 187
Trd, 000283.100, 186
Trd, 000283.500, 192
Trd, 000283.683, 186
Trd, 000284.117, 200
Trd, 000285.333, 170
Trd, 000285.883, 175
Trd, 000286.067, 175
Trd, 000286.167, 169
Trd, 000286.267, 176
Trd, 000287.100, 176
Trd, 000287.300, 168
Trd, 000287.367, 177
Trd, 000287.483, 180
Trd, 000288.033, 171
Trd, 000288.250, 170
Trd, 000288.617, 166
Trd, 000289.217, 158
Trd, 000289.267, 172
Trd, 000290.533, 178
Trd, 000290.867, 178
Trd, 000291.117, 170
Trd, 000291.250, 178
Trd, 000291.450, 180
Trd, 000291.933, 179
Trd, 000292.500, 181
Trd, 000292.533, 179
Trd, 000292.783, 179
Trd, 000292.967, 177
Trd, 000293.167, 179
Trd, 000293.500, 180
Trd, 000294.283, 180
Trd, 000294.300, 176
Trd, 000294.317, 175
Trd, 000294.700, 179
Trd, 000294.750, 160
Trd, 000295.917, 179
Trd, 000296.033, 180
Trd, 000296.433, 194
Trd, 000296.950, 181
Trd, 000297.717, 174
Trd, 000298.000, 183
Trd, 000298.500, 180
Trd, 000298.583, 174
Trd, 000298.600, 181
Trd, 000299.117, 175
Trd, 000299.300, 173
Trd, 000299.767, 181
