Trd, 000001.233, 153
Trd, 000002.950, 194
Trd, 000003.017, 145
Trd, 000004.167, 162
Trd, 000004.250, 158
Trd, 000004.500, 159
Trd, 000005.483, 156
Trd, 000006.017, 157
Trd, 000006.800, 151
Trd, 000006.967, 151
Trd, 000007.583, 148
Trd, 000007.783, 150
Trd, 000008.300, 149
Trd, 000008.833, 150
Trd, 000008.950, 152
Trd, 000009.700, 160
Trd, 000009.833, 159
Trd, 000010.267, 157
Trd, 000010.750, 157
Trd, 000011.467, 154
Trd, 000012.283, 143
Trd, 000013.083, 152
Trd, 000013.367, 153
Trd, 000013.500, 153
Trd, 000014.267, 153
Trd, 000014.367, 151
Trd, 000015.800, 149
Trd, 000016.083, 150
Trd, 000016.417, 149
Trd, 000016.750, 150
Trd, 000017.367, 148
Trd, 000017.683, 148
Trd, 000017.917, 149
Trd, 000019.050, 151
Trd, 000019.483, 149
Trd, 000019.867, 150
Trd, 000020.383, 147
Trd, 000020.550, 145
Trd, 000020.767, 147
Trd, 000021.317, 145
Trd, 000021.450, 149
Trd, 000022.433, 149
Trd, 000023.000, 146
Trd, 000023.750, 148
Trd, 000024.967, 149
Trd, 000025.717, 148
Trd, 000026.317, 149
Trd, 000026.400, 150
Trd, 000026.883, 150
Trd, 000026.900, 151
Trd, 000027.050, 149
Trd, 000027.583, 148
Trd, 000028.150, 148
Trd, 000028.167, 146
Trd, 000029.333, 147
Trd, 000029.417, 148
Trd, 000031.467, 146
Trd, 000032.317, 147
Trd, 000032.933, 146
Trd, 000033.183, 146
Trd, 000034.050, 146
Trd, 000034.067, 145
Trd, 000034.517, 147
Trd, 000034.933, 147
Trd, 000035.733, 147
Trd, 000036.550, 152
Trd, 000037.283, 153
Trd, 000037.367, 155
Trd, 000038.283, 165
Trd, 000038.850, 165
Trd, 000039.667, 163
Trd, 000039.783, 166
Trd, 000040.017, 162
Trd, 000040.033, 166
Trd, 000042.333, 160
Trd, 000042.467, 159
Trd, 000043.833, 157
Trd, 000044.200, 153
Trd, 000044.933, 154
Trd, 000045.550, 147
Trd, 000045.617, 151
Trd, 000046.667, 143
Trd, 000046.917, 145
Trd, 000047.400, 143
Trd, 000047.450, 146
Trd, 000048.667, 148
Trd, 000049.100, 146
Trd, 000049.467, 145
Trd, 000049.483, 144
Trd, 000049.750, 147
Trd, 000050.367, 149
Trd, 000050.550, 149
Trd, 000050.750, 150
Trd, 000051.767, 151
Trd, 000052.283, 151
Trd, 000053.750, 149
Trd, 000054.167, 147
Trd, 000054.667, 146
Trd, 000054.967, 145
Trd, 000054.983, 147
Trd, 000057.033, 147
Trd, 000057.400, 148
Trd, 000057.467, 146
Trd, 000057.917, 149
Trd, 000057.950, 143
Trd, 000060.083, 149
Trd, 000060.350, 150
Trd, 000060.533, 150
Trd, 000061.867, 150
Trd, 000063.033, 149
Trd, 000063.250, 148
Trd, 000063.450, 149
Trd, 000064.167, 147
Trd, 000065.000, 146
Trd, 000065.017, 147
Trd, 000065.967, 147
Trd, 000066.433, 149
Trd, 000066.567, 151
Trd, 000067.000, 149
Trd, 000067.917, 151
Trd, 000069.100, 151
Trd, 000069.833, 150
Trd, 000071.133, 151
Trd, 000072.150, 151
Trd, 000072.750, 150
Trd, 000073.867, 150
Trd, 000074.033, 148
Trd, 000074.417, 152
Trd, 000074.917, 168
Trd, 000075.500, 154
Trd, 000075.617, 155
Trd, 000076.033, 151
Trd, 000076.133, 153
Trd, 000076.750, 153
Trd, 000077.117, 150
Trd, 000077.583, 149
Trd, 000078.533, 151
Trd, 000078.867, 150
Trd, 000079.067, 149
Trd, 000079.133, 151
Trd, 000080.217, 151
Trd, 000080.567, 152
Trd, 000080.967, 170
Trd, 000081.400, 152
Trd, 000082.033, 156
Trd, 000082.100, 157
Trd, 000082.150, 158
Trd, 000084.767, 161
Trd, 000084.900, 162
Trd, 000085.100, 163
Trd, 000085.483, 164
Trd, 000086.133, 157
Trd, 000087.783, 164
Trd, 000088.283, 159
Trd, 000088.400, 165
Trd, 000089.283, 166
Trd, 000090.167, 159
Trd, 000090.717, 163
Trd, 000091.283, 163
Trd, 000091.700, 159
Trd, 000092.167, 153
Trd, 000092.967, 156
Trd, 000093.200, 161
Trd, 000093.550, 161
Trd, 000094.683, 161
Trd, 000096.533, 156
Trd, 000097.233, 156
Trd, 000097.667, 156
Trd, 000097.683, 155
Trd, 000097.917, 154
Trd, 000098.967, 156
Trd, 000099.567, 157
Trd, 000099.617, 158
Trd, 000100.233, 157
Trd, 000100.500, 155
Trd, 000100.833, 154
Trd, 000101.267, 153
Trd, 000101.300, 172
Trd, 000101.917, 158
Trd, 000103.650, 157
Trd, 000103.900, 158
Trd, 000104.083, 170
Trd, 000104.300, 154
Trd, 000104.433, 172
Trd, 000105.200, 164
Trd, 000106.717, 154
Trd, 000106.900, 154
Trd, 000107.200, 154
Trd, 000108.133, 154
Trd, 000108.500, 157
Trd, 000109.067, 173
Trd, 000109.683, 186
Trd, 000109.783, 169
Trd, 000110.433, 166
Trd, 000112.033, 166
Trd, 000113.133, 164
Trd, 000113.150, 163
Trd, 000113.700, 162
Trd, 000114.300, 160
Trd, 000114.467, 158
Trd, 000115.350, 157
Trd, 000115.517, 158
Trd, 000116.033, 157
Trd, 000116.117, 156
Trd, 000116.517, 156
Trd, 000116.650, 157
Trd, 000118.050, 169
Trd, 000118.467, 162
Trd, 000119.633, 160
Trd, 000119.767, 159
Trd, 000120.567, 155
Trd, 000120.617, 156
Trd, 000121.367, 191
Trd, 000121.983, 168
Trd, 000122.250, 169
Trd, 000122.417, 170
Trd, 000122.850, 168
Trd, 000122.883, 167
Trd, 000124.133, 156
Trd, 000124.367, 156
Trd, 000124.650, 157
Trd, 000125.167, 158
Trd, 000125.233, 160
Trd, 000125.633, 160
Trd, 000125.967, 155
Trd, 000127.117, 156
Trd, 000128.483, 155
Trd, 000128.817, 157
Trd, 000129.067, 157
Trd, 000129.250, 155
Trd, 000129.317, 161
Trd, 000130.567, 156
Trd, 000131.017, 157
Trd, 000131.100, 175
Trd, 000131.300, 169
Trd, 000132.700, 171
Trd, 000133.800, 168
Trd, 000134.517, 171
Trd, 000135.300, 170
Trd, 000135.517, 169
Trd, 000135.683, 172
Trd, 000137.250, 170
Trd, 000137.267, 169
Trd, 000137.600, 169
Trd, 000137.650, 170
Trd, 000137.983, 170
Trd, 000139.150, 170
Trd, 000139.633, 171
Trd, 000139.867, 169
Trd, 000140.317, 174
Trd, 000142.217, 169
Trd, 000142.650, 167
Trd, 000143.183, 166
Trd, 000144.000, 157
Trd, 000144.500, 158
Trd, 000144.817, 159
Trd, 000145.167, 157
Trd, 000145.433, 157
Trd, 000145.550, 151
Trd, 000146.100, 158
Trd, 000146.417, 156
Trd, 000146.450, 158
Trd, 000147.267, 154
Trd, 000147.550, 154
Trd, 000147.617, 159
Trd, 000147.983, 159
Trd, 000148.767, 160
Trd, 000148.900, 162
Trd, 000149.500, 158
Trd, 000149.933, 159
Trd, 000151.600, 163
Trd, 000151.717, 157
Trd, 000153.767, 161
Trd, 000154.700, 159
Trd, 000154.817, 158
Trd, 000154.900, 159
Trd, 000155.017, 163
Trd, 000155.533, 177
Trd, 000155.833, 173
Trd, 000157.267, 165
Trd, 000157.667, 164
Trd, 000157.950, 167
Trd, 000158.667, 167
Trd, 000159.767, 165
Trd, 000159.950, 165
Trd, 000160.433, 163
Trd, 000160.733, 163
Trd, 000161.200, 163
Trd, 000161.567, 164
Trd, 000162.083, 164
Trd, 000162.883, 163
Trd, 000162.917, 164
Trd, 000163.117, 164
Trd, 000164.433, 164
Trd, 000164.683, 164
Trd, 000165.150, 162
Trd, 000165.233, 161
Trd, 000166.883, 159
Trd, 000166.933, 159
Trd, 000167.333, 158
Trd, 000167.867, 172
Trd, 000167.983, 169
Trd, 000169.683, 170
Trd, 000169.933, 171
Trd, 000170.133, 175
Trd, 000172.317, 178
Trd, 000172.783, 179
Trd, 000173.250, 178
Trd, 000173.367, 177
Trd, 000174.700, 178
Trd, 000175.100, 175
Trd, 000175.767, 175
Trd, 000175.917, 174
Trd, 000176.067, 173
Trd, 000176.300, 178
Trd, 000177.117, 161
Trd, 000177.867, 172
Trd, 000177.983, 174
Trd, 000178.500, 167
Trd, 000179.450, 174
Trd, 000180.900, 171
Trd, 000181.850, 169
Trd, 000181.933, 169
Trd, 000182.050, 170
Trd, 000182.233, 170
Trd, 000182.400, 170
Trd, 000182.933, 170
Trd, 000183.350, 179
Trd, 000184.967, 166
Trd, 000185.067, 166
Trd, 000185.283, 172
Trd, 000186.000, 171
Trd, 000186.367, 171
Trd, 000186.900, 169
Trd, 000187.550, 169
Trd, 000188.717, 168
Trd, 000189.083, 168
Trd, 000189.567, 166
Trd, 000189.783, 169
Trd, 000190.200, 166
Trd, 000191.317, 163
Trd, 000192.267, 159
Trd, 000192.717, 160
Trd, 000193.150, 158
Trd, 000193.233, 159
Trd, 000193.550, 158
Trd, 000193.850, 160
Trd, 000194.250, 159
Trd, 000194.417, 167
Trd, 000194.783, 163
Trd, 000194.883, 166
Trd, 000195.167, 167
Trd, 000195.817, 162
Trd, 000197.267, 163
Trd, 000198.283, 160
Trd, 000198.833, 161
Trd, 000199.800, 163
Trd, 000199.900, 164
Trd, 000200.733, 165
Trd, 000200.767, 163
Trd, 000201.400, 166
Trd, 000201.767, 165
Trd, 000202.150, 165
Trd, 000203.200, 164
Trd, 000204.250, 163
Trd, 000204.583, 164
Trd, 000204.817, 166
Trd, 000205.033, 168
Trd, 000205.733, 163
Trd, 000206.133, 164
Trd, 000206.433, 186
Trd, 000206.883, 175
Trd, 000208.483, 167
Trd, 000208.767, 166
Trd, 000208.800, 165
Trd, 000209.517, 162
Trd, 000209.633, 165
Trd, 000211.167, 167
Trd, 000213.817, 166
Trd, 000214.550, 164
Trd, 000215.033, 165
Trd, 000215.250, 163
Trd, 000216.083, 165
Trd, 000216.250, 166
Trd, 000216.483, 167
Trd, 000216.850, 166
Trd, 000217.267, 165
Trd, 000217.467, 166
Trd, 000217.883, 164
Trd, 000218.550, 163
Trd, 000218.667, 164
Trd, 000219.567, 166
Trd, 000219.717, 166
Trd, 000220.733, 165
Trd, 000221.500, 167
Trd, 000222.467, 168
Trd, 000222.833, 170
Trd, 000223.333, 181
Trd, 000224.483, 170
Trd, 000224.633, 180
Trd, 000225.900, 177
Trd, 000226.467, 169
Trd, 000226.967, 167
Trd, 000227.517, 179
Trd, 000227.733, 179
Trd, 000228.083, 170
Trd, 000228.883, 169
Trd, 000229.050, 171
Trd, 000229.867, 167
Trd, 000231.467, 164
Trd, 000231.550, 164
Trd, 000232.233, 163
Trd, 000232.317, 165
Trd, 000232.633, 163
Trd, 000233.583, 164
Trd, 000233.783, 167
Trd, 000234.117, 184
Trd, 000234.167, 185
Trd, 000235.600, 175
Trd, 000237.117, 170
Trd, 000237.167, 171
Trd, 000237.217, 169
Trd, 000238.117, 179
Trd, 000238.517, 185
Trd, 000238.633, 182
Trd, 000239.233, 189
Trd, 000240.267, 194
Trd, 000240.633, 192
Trd, 000241.200, 192
Trd, 000241.517, 191
Trd, 000242.867, 180
Trd, 000242.983, 180
Trd, 000243.300, 180
Trd, 000243.350, 177
Trd, 000243.467, 179
Trd, 000243.917, 181
Trd, 000244.317, 181
Trd, 000244.900, 182
Trd, 000245.150, 180
Trd, 000245.917, 179
Trd, 000245.933, 176
Trd, 000246.183, 179
Trd, 000246.950, 178
Trd, 000247.067, 181
Trd, 000247.100, 183
Trd, 000248.033, 180
Trd, 000248.167, 180
Trd, 000248.333, 181
Trd, 000249.000, 177
Trd, 000249.733, 182
Trd, 000249.833, 180
Trd, 000250.550, 180
Trd, 000250.967, 185
Trd, 000252.000, 195
Trd, 000252.550, 193
Trd, 000253.200, 191
Trd, 000253.583, 192
Trd, 000253.717, 190
Trd, 000255.233, 191
Trd, 000255.517, 189
Trd, 000255.733, 192
Trd, 000255.767, 192
Trd, 000255.867, 188
Trd, 000256.583, 187
Trd, 000256.717, 187
Trd, 000257.233, 186
Trd, 000257.733, 183
Trd, 000258.017, 183
Trd, 000258.050, 185
Trd, 000258.183, 181
Trd, 000259.067, 168
Trd, 000259.467, 168
Trd, 000259.850, 168
Trd, 000260.000, 170
Trd, 000260.517, 171
Trd, 000260.650, 181
Trd, 000261.133, 185
Trd, 000261.867, 188
Trd, 000262.317, 186
Trd, 000262.850, 186
Trd, 000262.983, 185
Trd, 000263.617, 171
Trd, 000264.067, 169
Trd, 000264.167, 169
Trd, 000264.383, 167
Trd, 000264.683, 166
Trd, 000264.850, 166
Trd, 000265.350, 170
Trd, 000265.533, 170
Trd, 000265.833, 172
Trd, 000266.583, 166
Trd, 000266.950, 171
Trd, 000267.767, 182
Trd, 000268.217, 188
Trd, 000268.483, 185
Trd, 000268.950, 183
Trd, 000269.333, 181
Trd, 000269.733, 180
Trd, 000269.900, 181
Trd, 000270.633, 177
Trd, 000270.867, 180
Trd, 000271.133, 174
Trd, 000271.167, 182
Trd, 000271.667, 173
Trd, 000272.267, 189
Trd, 000273.633, 185
Trd, 000273.733, 189
Trd, 000274.150, 174
Trd, 000274.467, 176
Trd, 000275.000, 174
Trd, 000275.033, 170
Trd, 000275.333, 173
Trd, 000275.383, 175
Trd, 000275.650, 180
Trd, 000276.617, 180
Trd, 000276.683, 171
Trd, 000276.783, 172
Trd, 000277.517, 174
Trd, 000278.267, 175
Trd, 000278.333, 176
Trd, 000279.417, 172
Trd, 000279.450, 179
Trd, 000279.583, 190
Trd, 000280.883, 175
Trd, 000281.233, 174
Trd, 000281.500, 173
Trd, 000281.717, 172
Trd, 000281.850, 174
Trd, 000282.617, 173
Trd, 000283.167, 172
Trd, 000283.550, 171
Trd, 000283.583, 172
Trd, 000283.867, 174
Trd, 000284.133, 170
Trd, 000284.183, 159
Trd, 000284.200, 166
Trd, 000284.383, 176
Trd, 000285.717, 171
Trd, 000285.850, 171
Trd, 000285.967, 174
Trd, 000286.233, 170
Trd, 000286.600, 189
Trd, 000287.067, 181
Trd, 000287.583, 181
Trd, 000288.300, 173
Trd, 000288.633, 174
Trd, 000289.300, 175
Trd, 000289.517, 177
Trd, 000289.800, 184
Trd, 000290.217, 172
Trd, 000290.317, 190
Trd, 000290.400, 204
Trd, 000290.633, 190
Trd, 000290.867, 186
Trd, 000291.383, 180
Trd, 000292.167, 178
Trd, 000292.650, 173
Trd, 000292.817, 170
Trd, 000292.900, 166
Trd, 000293.400, 169
Trd, 000293.783, 169
Trd, 000294.450, 165
Trd, 000294.850, 163
Trd, 000295.283, 162
Trd, 000295.383, 164
Trd, 000295.533, 164
Trd, 000295.817, 164
Trd, 000296.300, 162
Trd, 000296.700, 161
Trd, 000296.867, 161
Trd, 000297.050, 191
Trd, 000297.067, 192
Trd, 000298.367, 174
Trd, 000298.767, 173
Trd, 000299.367, 174
Trd, 000299.600, 174
Trd, 000299.700, 166
