Trd, 000002.017, 175
Trd, 000002.733, 161
Trd, 000003.300, 164
Trd, 000004.350, 138
Trd, 000004.433, 153
Trd, 000004.750, 138
Trd, 000006.250, 138
Trd, 000006.433, 135
Trd, 000006.500, 134
Trd, 000006.633, 128
Trd, 000007.267, 149
Trd, 000007.417, 156
Trd, 000007.933, 169
Trd, 000008.200, 163
Trd, 000008.600, 133
Trd, 000008.617, 174
Trd, 000008.750, 179
Trd, 000009.867, 133
Trd, 000010.833, 132
Trd, 000011.433, 130
Trd, 000012.567, 146
Trd, 000012.817, 125
Trd, 000013.283, 152
Trd, 000013.667, 153
Trd, 000014.283, 148
Trd, 000015.050, 140
Trd, 000015.400, 139
Trd, 000015.417, 138
Trd, 000015.733, 154
Trd, 000016.767, 156
Trd, 000017.583, 151
Trd, 000018.100, 144
Trd, 000018.500, 144
Trd, 000018.617, 136
Trd, 000019.717, 146
Trd, 000020.050, 146
Trd, 000020.133, 144
Trd, 000020.200, 152
Trd, 000020.317, 153
Trd, 000020.883, 157
Trd, 000021.217, 146
Trd, 000021.250, 130
Trd, 000021.600, 160
Trd, 000023.183, 119
Trd, 000023.283, 164
Trd, 000023.383, 133
Trd, 000025.300, 147
Trd, 000025.317, 142
Trd, 000025.900, 145
Trd, 000026.067, 152
Trd, 000026.150, 156
Trd, 000026.483, 157
Trd, 000026.667, 158
Trd, 000028.300, 150
Trd, 000028.450, 155
Trd, 000028.533, 149
Trd, 000028.817, 156
Trd, 000029.583, 157
Trd, 000029.883, 150
Trd, 000030.233, 149
Trd, 000031.617, 156
Trd, 000031.633, 157
Trd, 000032.433, 152
Trd, 000032.567, 161
Trd, 000032.950, 165
Trd, 000033.400, 151
Trd, 000034.667, 151
Trd, 000035.167, 158
Trd, 000035.817, 142
Trd, 000036.000, 156
Trd, 000036.883, 154
Trd, 000037.183, 151
Trd, 000037.450, 151
Trd, 000037.583, 131
Trd, 000038.400, 153
Trd, 000038.483, 136
Trd, 000038.500, 154
Trd, 000038.767, 139
Trd, 000038.817, 134
Trd, 000039.100, 156
Trd, 000041.567, 157
Trd, 000041.933, 139
Trd, 000042.117, 138
Trd, 000042.317, 162
Trd, 000042.600, 166
Trd, 000043.783, 138
Trd, 000044.150, 137
Trd, 000044.583, 121
Trd, 000044.900, 152
Trd, 000045.683, 152
Trd, 000045.883, 135
Trd, 000047.267, 149
Trd, 000047.933, 140
Trd, 000048.017, 156
Trd, 000048.150, 132
Trd, 000048.633, 164
Trd, 000049.133, 155
Trd, 000049.367, 155
Trd, 000050.750, 143
Trd, 000050.783, 156
Trd, 000051.233, 156
Trd, 000052.850, 150
Trd, 000053.067, 154
Trd, 000053.133, 149
Trd, 000053.633, 156
Trd, 000054.483, 149
Trd, 000054.833, 155
Trd, 000055.467, 156
Trd, 000055.933, 152
Trd, 000056.000, 150
Trd, 000056.467, 161
Trd, 000057.250, 148
Trd, 000057.417, 157
Trd, 000057.683, 160
Trd, 000058.500, 150
Trd, 000060.767, 152
Trd, 000061.117, 155
Trd, 000062.500, 152
Trd, 000062.850, 157
Trd, 000063.433, 157
Trd, 000063.617, 153
Trd, 000063.817, 157
Trd, 000065.100, 159
Trd, 000065.183, 161
Trd, 000066.433, 152
Trd, 000066.933, 152
Trd, 000067.000, 160
Trd, 000067.067, 149
Trd, 000067.283, 151
Trd, 000067.633, 164
Trd, 000068.000, 138
Trd, 000068.150, 137
Trd, 000068.733, 162
Trd, 000069.350, 142
Trd, 000069.400, 161
Trd, 000070.983, 154
Trd, 000071.100, 146
Trd, 000071.533, 146
Trd, 000072.467, 160
Trd, 000072.850, 162
Trd, 000073.167, 145
Trd, 000073.850, 157
Trd, 000075.000, 165
Trd, 000075.767, 146
Trd, 000075.867, 155
Trd, 000076.117, 158
Trd, 000077.317, 159
Trd, 000077.333, 160
Trd, 000079.117, 162
Trd, 000080.267, 155
Trd, 000080.300, 166
Trd, 000080.317, 155
Trd, 000080.833, 154
Trd, 000081.650, 157
Trd, 000081.900, 161
Trd, 000082.550, 156
Trd, 000083.050, 155
Trd, 000084.167, 160
Trd, 000084.317, 151
Trd, 000085.933, 160
Trd, 000086.900, 160
Trd, 000087.017, 154
Trd, 000087.183, 161
Trd, 000087.550, 163
Trd, 000088.350, 153
Trd, 000089.200, 161
Trd, 000089.300, 163
Trd, 000089.583, 166
Trd, 000089.950, 155
Trd, 000092.900, 155
Trd, 000093.067, 153
Trd, 000094.333, 162
Trd, 000094.400, 163
Trd, 000094.683, 167
Trd, 000094.817, 154
Trd, 000095.350, 152
Trd, 000095.783, 133
Trd, 000096.000, 163
Trd, 000096.483, 164
Trd, 000097.183, 147
Trd, 000097.600, 146
Trd, 000098.850, 168
Trd, 000099.017, 147
Trd, 000099.150, 146
Trd, 000099.450, 131
Trd, 000099.717, 158
Trd, 000100.050, 187
Trd, 000100.500, 152
Trd, 000101.150, 134
Trd, 000101.217, 163
Trd, 000101.267, 165
Trd, 000101.700, 147
Trd, 000101.800, 172
Trd, 000102.333, 148
Trd, 000102.400, 147
Trd, 000104.383, 160
Trd, 000105.633, 150
Trd, 000106.000, 162
Trd, 000106.033, 150
Trd, 000107.133, 162
Trd, 000107.183, 149
Trd, 000107.317, 149
Trd, 000108.733, 149
Trd, 000109.233, 162
Trd, 000110.167, 161
Trd, 000111.617, 150
Trd, 000111.700, 159
Trd, 000112.100, 157
Trd, 000112.183, 152
Trd, 000112.500, 158
Trd, 000113.067, 150
Trd, 000113.900, 139
Trd, 000114.117, 158
Trd, 000115.633, 163
Trd, 000116.450, 151
Trd, 000116.500, 163
Trd, 000117.333, 169
Trd, 000118.683, 152
Trd, 000118.767, 152
Trd, 000118.917, 152
Trd, 000119.550, 154
Trd, 000120.000, 158
Trd, 000120.483, 160
Trd, 000121.800, 163
Trd, 000122.417, 167
Trd, 000122.567, 158
Trd, 000122.917, 174
Trd, 000123.650, 171
Trd, 000124.233, 170
Trd, 000124.400, 177
Trd, 000124.667, 159
Trd, 000124.833, 161
Trd, 000126.033, 166
Trd, 000126.367, 164
Trd, 000126.617, 160
Trd, 000128.050, 162
Trd, 000128.200, 162
Trd, 000128.517, 167
Trd, 000128.533, 155
Trd, 000129.167, 154
Trd, 000129.250, 137
Trd, 000129.817, 174
Trd, 000130.683, 129
Trd, 000131.133, 168
Trd, 000132.200, 170
Trd, 000133.450, 163
Trd, 000133.467, 151
Trd, 000133.483, 167
Trd, 000133.683, 151
Trd, 000133.967, 168
Trd, 000134.583, 151
Trd, 000135.533, 159
Trd, 000135.583, 153
Trd, 000136.717, 168
Trd, 000137.150, 153
Trd, 000137.817, 165
Trd, 000139.183, 166
Trd, 000139.767, 154
Trd, 000140.033, 167
Trd, 000140.233, 155
Trd, 000141.733, 168
Trd, 000142.017, 169
Trd, 000142.067, 156
Trd, 000142.500, 155
Trd, 000142.667, 163
Trd, 000144.133, 176
Trd, 000145.067, 172
Trd, 000145.650, 170
Trd, 000145.867, 170
Trd, 000146.800, 174
Trd, 000147.383, 168
Trd, 000148.150, 167
Trd, 000149.500, 168
Trd, 000149.767, 170
Trd, 000150.233, 170
Trd, 000150.700, 162
Trd, 000150.750, 169
Trd, 000151.150, 165
Trd, 000151.717, 169
Trd, 000151.850, 165
Trd, 000153.450, 162
Trd, 000153.650, 170
Trd, 000153.700, 170
Trd, 000154.000, 162
Trd, 000154.583, 151
Trd, 000155.450, 156
Trd, 000156.833, 161
Trd, 000157.117, 162
Trd, 000157.183, 167
Trd, 000157.783, 168
Trd, 000158.233, 159
Trd, 000158.433, 158
Trd, 000158.567, 164
Trd, 000159.033, 157
Trd, 000159.783, 168
Trd, 000159.833, 174
Trd, 000160.567, 160
Trd, 000160.967, 170
Trd, 000161.167, 159
Trd, 000161.650, 163
Trd, 000162.167, 169
Trd, 000162.967, 162
Trd, 000162.983, 169
Trd, 000163.133, 138
Trd, 000164.050, 171
Trd, 000164.300, 178
Trd, 000165.567, 160
Trd, 000165.900, 160
Trd, 000167.050, 171
Trd, 000167.317, 171
Trd, 000167.967, 159
Trd, 000168.500, 159
Trd, 000169.050, 149
Trd, 000169.217, 171
Trd, 000169.267, 148
Trd, 000170.600, 156
Trd, 000170.700, 171
Trd, 000170.817, 172
Trd, 000171.433, 155
Trd, 000172.700, 175
Trd, 000173.250, 158
Trd, 000173.283, 157
Trd, 000173.550, 194
Trd, 000173.700, 176
Trd, 000174.367, 156
Trd, 000174.800, 156
Trd, 000175.383, 172
Trd, 000175.567, 155
Trd, 000175.633, 174
Trd, 000175.883, 149
Trd, 000177.333, 156
Trd, 000177.533, 160
Trd, 000178.250, 161
Trd, 000180.067, 162
Trd, 000180.533, 164
Trd, 000180.783, 157
Trd, 000180.867, 173
Trd, 000181.600, 177
Trd, 000182.617, 165
Trd, 000183.200, 165
Trd, 000183.450, 172
Trd, 000183.517, 176
Trd, 000184.800, 164
Trd, 000185.683, 165
Trd, 000186.033, 165
Trd, 000186.350, 166
Trd, 000186.733, 163
Trd, 000186.800, 162
Trd, 000186.933, 167
Trd, 000188.200, 173
Trd, 000188.233, 166
Trd, 000188.250, 176
Trd, 000188.633, 180
Trd, 000188.833, 166
Trd, 000188.917, 180
Trd, 000190.850, 169
Trd, 000191.800, 169
Trd, 000191.983, 168
Trd, 000192.433, 173
Trd, 000194.150, 168
Trd, 000194.650, 169
Trd, 000194.667, 168
Trd, 000194.867, 146
Trd, 000195.767, 170
Trd, 000195.783, 174
Trd, 000195.983, 163
Trd, 000196.200, 162
Trd, 000196.683, 177
Trd, 000197.350, 176
Trd, 000197.683, 160
Trd, 000198.667, 198
Trd, 000198.733, 182
Trd, 000199.400, 168
Trd, 000199.767, 167
Trd, 000199.833, 162
Trd, 000199.867, 199
Trd, 000200.667, 142
Trd, 000200.883, 180
Trd, 000201.667, 161
Trd, 000203.583, 163
Trd, 000203.633, 162
Trd, 000203.800, 161
Trd, 000203.833, 164
Trd, 000204.333, 165
Trd, 000204.417, 175
Trd, 000204.667, 161
Trd, 000205.717, 166
Trd, 000206.500, 171
Trd, 000206.533, 163
Trd, 000207.383, 171
Trd, 000207.550, 162
Trd, 000207.583, 178
Trd, 000207.733, 182
Trd, 000208.567, 161
Trd, 000209.017, 175
Trd, 000209.750, 163
Trd, 000210.750, 176
Trd, 000211.367, 169
Trd, 000211.833, 172
Trd, 000212.367, 172
Trd, 000212.617, 170
Trd, 000214.433, 172
Trd, 000214.450, 176
Trd, 000214.667, 170
Trd, 000215.417, 177
Trd, 000216.033, 169
Trd, 000216.633, 170
Trd, 000217.333, 179
Trd, 000217.500, 170
Trd, 000218.217, 169
Trd, 000218.517, 168
Trd, 000218.733, 177
Trd, 000219.233, 168
Trd, 000219.267, 177
Trd, 000219.283, 180
Trd, 000220.533, 165
Trd, 000221.817, 176
Trd, 000222.033, 176
Trd, 000222.933, 169
Trd, 000223.283, 168
Trd, 000223.683, 182
Trd, 000224.033, 165
Trd, 000224.450, 146
Trd, 000224.750, 180
Trd, 000228.150, 170
Trd, 000228.167, 167
Trd, 000229.167, 168
Trd, 000229.200, 170
Trd, 000229.217, 172
Trd, 000229.467, 168
Trd, 000229.900, 170
Trd, 000229.967, 166
Trd, 000230.267, 171
Trd, 000230.667, 166
Trd, 000230.767, 172
Trd, 000231.600, 162
Trd, 000232.200, 145
Trd, 000232.450, 147
Trd, 000234.083, 179
Trd, 000234.133, 182
Trd, 000234.450, 133
Trd, 000235.333, 177
Trd, 000236.050, 176
Trd, 000236.533, 158
Trd, 000236.583, 158
Trd, 000237.500, 178
Trd, 000238.917, 172
Trd, 000239.050, 174
Trd, 000239.100, 157
Trd, 000239.967, 174
Trd, 000240.617, 175
Trd, 000241.250, 174
Trd, 000241.333, 175
Trd, 000242.067, 175
Trd, 000242.133, 179
Trd, 000242.917, 178
Trd, 000243.283, 179
Trd, 000243.717, 178
Trd, 000243.833, 178
Trd, 000244.750, 175
Trd, 000244.883, 177
Trd, 000245.100, 178
Trd, 000245.217, 176
Trd, 000245.233, 179
Trd, 000245.950, 177
Trd, 000246.183, 179
Trd, 000246.950, 177
Trd, 000247.250, 178
Trd, 000247.383, 181
Trd, 000247.900, 180
Trd, 000248.400, 177
Trd, 000248.933, 187
Trd, 000249.500, 190
Trd, 000249.567, 181
Trd, 000249.833, 187
Trd, 000250.533, 186
Trd, 000250.767, 187
Trd, 000251.483, 186
Trd, 000251.517, 183
Trd, 000251.833, 191
Trd, 000252.033, 197
Trd, 000252.183, 175
Trd, 000252.833, 193
Trd, 000253.150, 193
Trd, 000253.733, 156
Trd, 000253.867, 193
Trd, 000254.650, 187
Trd, 000254.817, 188
Trd, 000255.117, 180
Trd, 000255.617, 180
Trd, 000255.667, 179
Trd, 000255.817, 168
Trd, 000255.967, 175
Trd, 000256.967, 181
Trd, 000257.100, 182
Trd, 000257.117, 187
Trd, 000257.433, 186
Trd, 000257.950, 197
Trd, 000258.483, 187
Trd, 000259.083, 192
Trd, 000259.267, 188
Trd, 000259.467, 188
Trd, 000259.767, 189
Trd, 000260.217, 187
Trd, 000261.100, 184
Trd, 000261.583, 177
Trd, 000261.683, 175
Trd, 000261.733, 169
Trd, 000262.067, 150
Trd, 000262.567, 177
Trd, 000263.433, 171
Trd, 000263.517, 175
Trd, 000263.783, 176
Trd, 000264.667, 173
Trd, 000264.900, 174
Trd, 000265.050, 172
Trd, 000265.133, 176
Trd, 000265.400, 177
Trd, 000265.900, 169
Trd, 000265.933, 145
Trd, 000266.817, 158
Trd, 000267.017, 178
Trd, 000267.600, 177
Trd, 000268.083, 180
Trd, 000268.133, 181
Trd, 000268.167, 184
Trd, 000268.333, 176
Trd, 000268.400, 174
Trd, 000270.100, 172
Trd, 000270.217, 174
Trd, 000270.950, 177
Trd, 000271.100, 176
Trd, 000271.200, 178
Trd, 000271.433, 171
Trd, 000271.667, 178
Trd, 000271.900, 176
Trd, 000272.200, 177
Trd, 000273.133, 181
Trd, 000273.400, 176
Trd, 000273.617, 182
Trd, 000273.633, 174
Trd, 000274.467, 178
Trd, 000275.250, 185
Trd, 000275.383, 183
Trd, 000275.717, 189
Trd, 000275.750, 181
Trd, 000276.167, 189
Trd, 000276.467, 187
Trd, 000276.733, 186
Trd, 000276.817, 179
Trd, 000276.917, 195
Trd, 000278.683, 179
Trd, 000278.750, 183
Trd, 000278.833, 185
Trd, 000279.017, 186
Trd, 000279.917, 186
Trd, 000280.433, 193
Trd, 000280.617, 193
Trd, 000280.917, 178
Trd, 000281.150, 175
Trd, 000281.317, 195
Trd, 000281.350, 171
Trd, 000281.600, 195
Trd, 000281.683, 196
Trd, 000281.967, 200
Trd, 000282.817, 192
Trd, 000282.967, 190
Trd, 000283.050, 188
Trd, 000283.100, 193
Trd, 000284.000, 193
Trd, 000284.433, 187
Trd, 000284.533, 203
Trd, 000285.150, 178
Trd, 000285.250, 170
Trd, 000285.867, 161
Trd, 000286.117, 147
Trd, 000286.667, 172
Trd, 000287.083, 176
Trd, 000287.267, 180
Trd, 000287.450, 181
Trd, 000288.200, 174
Trd, 000288.633, 170
Trd, 000288.883, 177
Trd, 000288.933, 188
Trd, 000289.300, 169
Trd, 000289.417, 173
Trd, 000289.750, 168
Trd, 000289.833, 183
Trd, 000290.667, 180
Trd, 000290.883, 181
Trd, 000290.900, 170
Trd, 000291.283, 170
Trd, 000291.383, 164
Trd, 000292.200, 184
Trd, 000292.783, 191
Trd, 000293.183, 154
Trd, 000293.783, 180
Trd, 000293.817, 181
Trd, 000293.867, 188
Trd, 000294.017, 170
Trd, 000294.533, 193
Trd, 000294.683, 197
Trd, 000295.050, 190
Trd, 000295.433, 178
Trd, 000295.700, 170
Trd, 000295.800, 178
Trd, 000296.500, 185
Trd, 000296.700, 201
Trd, 000296.717, 192
Trd, 000296.867, 159
Trd, 000297.050, 153
Trd, 000297.250, 162
Trd, 000297.417, 163
Trd, 000297.733, 194
Trd, 000297.767, 203
Trd, 000298.933, 167
Trd, 000299.017, 183
Trd, 000299.617, 190
