Trd, 000002.483, 110
Trd, 000002.983, 120
Trd, 000003.283, 138
Trd, 000004.317, 121
Trd, 000004.433, 137
Trd, 000005.633, 140
Trd, 000005.667, 134
Trd, 000006.267, 144
Trd, 000007.300, 145
Trd, 000008.383, 148
Trd, 000008.483, 145
Trd, 000008.650, 144
Trd, 000008.917, 150
Trd, 000010.117, 146
Trd, 000011.183, 149
Trd, 000011.667, 147
Trd, 000011.917, 147
Trd, 000012.300, 148
Trd, 000013.633, 148
Trd, 000013.700, 149
Trd, 000013.733, 152
Trd, 000014.000, 153
Trd, 000014.117, 153
Trd, 000015.417, 152
Trd, 000016.417, 152
Trd, 000016.983, 154
Trd, 000017.067, 153
Trd, 000018.000, 163
Trd, 000018.050, 163
Trd, 000018.750, 166
Trd, 000018.833, 163
Trd, 000019.067, 166
Trd, 000019.100, 168
Trd, 000020.033, 162
Trd, 000021.500, 161
Trd, 000022.933, 161
Trd, 000023.050, 168
Trd, 000023.150, 169
Trd, 000024.600, 165
Trd, 000024.767, 164
Trd, 000025.000, 163
Trd, 000025.700, 161
Trd, 000026.117, 161
Trd, 000026.133, 164
Trd, 000026.183, 165
Trd, 000027.117, 163
Trd, 000027.383, 162
Trd, 000027.800, 167
Trd, 000027.867, 147
Trd, 000028.500, 155
Trd, 000028.583, 165
Trd, 000029.133, 158
Trd, 000029.650, 145
Trd, 000031.400, 148
Trd, 000032.000, 148
Trd, 000032.650, 149
Trd, 000032.917, 151
Trd, 000033.783, 150
Trd, 000034.783, 161
Trd, 000035.233, 162
Trd, 000035.300, 167
Trd, 000035.917, 162
Trd, 000036.450, 161
Trd, 000036.817, 161
Trd, 000037.717, 161
Trd, 000037.983, 162
Trd, 000038.583, 161
Trd, 000039.000, 160
Trd, 000039.083, 159
Trd, 000039.167, 162
Trd, 000039.233, 186
Trd, 000040.800, 166
Trd, 000040.917, 167
Trd, 000041.717, 164
Trd, 000043.417, 167
Trd, 000043.767, 165
Trd, 000044.650, 164
Trd, 000044.683, 164
Trd, 000045.200, 163
Trd, 000045.383, 163
Trd, 000046.817, 162
Trd, 000047.300, 160
Trd, 000048.533, 160
Trd, 000048.583, 161
Trd, 000049.733, 161
Trd, 000049.767, 161
Trd, 000050.467, 156
Trd, 000051.367, 161
Trd, 000051.750, 162
Trd, 000052.050, 156
Trd, 000052.067, 153
Trd, 000052.700, 159
Trd, 000054.000, 153
Trd, 000054.183, 142
Trd, 000054.300, 157
Trd, 000054.417, 146
Trd, 000054.583, 129
Trd, 000055.600, 156
Trd, 000056.783, 157
Trd, 000058.183, 155
Trd, 000058.467, 153
Trd, 000058.500, 154
Trd, 000058.600, 128
Trd, 000058.933, 139
Trd, 000059.250, 154
Trd, 000059.883, 154
Trd, 000060.483, 147
Trd, 000060.783, 161
Trd, 000061.650, 153
Trd, 000062.117, 152
Trd, 000062.417, 156
Trd, 000062.800, 152
Trd, 000064.300, 151
Trd, 000064.567, 156
Trd, 000065.250, 154
Trd, 000065.733, 154
Trd, 000066.217, 156
Trd, 000066.350, 154
Trd, 000067.617, 160
Trd, 000067.717, 161
Trd, 000067.867, 158
Trd, 000068.667, 158
Trd, 000068.817, 173
Trd, 000069.150, 156
Trd, 000069.617, 157
Trd, 000069.783, 156
Trd, 000070.300, 162
Trd, 000070.483, 172
Trd, 000070.600, 145
Trd, 000070.800, 190
Trd, 000073.250, 160
Trd, 000074.150, 163
Trd, 000074.217, 165
Trd, 000074.467, 170
Trd, 000075.533, 168
Trd, 000076.267, 169
Trd, 000076.433, 169
Trd, 000076.650, 168
Trd, 000078.967, 167
Trd, 000079.000, 165
Trd, 000079.900, 164
Trd, 000080.100, 163
Trd, 000080.267, 164
Trd, 000080.333, 163
Trd, 000080.650, 162
Trd, 000081.067, 163
Trd, 000081.967, 164
Trd, 000082.533, 163
Trd, 000082.650, 161
Trd, 000083.200, 151
Trd, 000085.050, 166
Trd, 000085.367, 166
Trd, 000086.300, 165
Trd, 000086.417, 163
Trd, 000086.467, 159
Trd, 000087.067, 165
Trd, 000088.317, 164
Trd, 000088.767, 163
Trd, 000088.967, 160
Trd, 000089.183, 164
Trd, 000089.250, 156
Trd, 000089.500, 155
Trd, 000090.817, 156
Trd, 000091.033, 163
Trd, 000092.017, 159
Trd, 000092.267, 173
Trd, 000092.817, 165
Trd, 000093.133, 163
Trd, 000093.383, 162
Trd, 000093.767, 163
Trd, 000095.283, 160
Trd, 000096.017, 161
Trd, 000096.100, 162
Trd, 000096.300, 177
Trd, 000096.833, 152
Trd, 000096.850, 160
Trd, 000097.967, 158
Trd, 000098.233, 158
Trd, 000098.300, 159
Trd, 000098.317, 160
Trd, 000098.383, 157
Trd, 000100.200, 157
Trd, 000100.483, 156
Trd, 000100.867, 161
Trd, 000101.483, 162
Trd, 000102.083, 157
Trd, 000102.867, 160
Trd, 000103.267, 160
Trd, 000103.333, 157
Trd, 000104.183, 160
Trd, 000104.383, 161
Trd, 000104.967, 141
Trd, 000105.017, 139
Trd, 000105.033, 157
Trd, 000105.650, 158
Trd, 000106.417, 165
Trd, 000107.083, 155
Trd, 000107.100, 152
Trd, 000107.200, 148
Trd, 000108.317, 152
Trd, 000108.433, 158
Trd, 000109.450, 159
Trd, 000110.467, 156
Trd, 000110.850, 157
Trd, 000111.750, 162
Trd, 000112.750, 163
Trd, 000112.917, 162
Trd, 000113.250, 162
Trd, 000113.350, 158
Trd, 000113.983, 159
Trd, 000114.533, 156
Trd, 000115.283, 157
Trd, 000115.467, 160
Trd, 000116.133, 162
Trd, 000116.300, 155
Trd, 000117.200, 153
Trd, 000117.633, 154
Trd, 000117.700, 162
Trd, 000118.950, 158
Trd, 000119.967, 160
Trd, 000119.983, 159
Trd, 000120.100, 161
Trd, 000120.533, 159
Trd, 000120.833, 162
Trd, 000121.717, 159
Trd, 000121.767, 163
Trd, 000122.467, 162
Trd, 000122.483, 167
Trd, 000123.950, 163
Trd, 000124.133, 162
Trd, 000125.267, 163
Trd, 000125.750, 164
Trd, 000126.200, 166
Trd, 000126.517, 164
Trd, 000126.717, 164
Trd, 000127.067, 166
Trd, 000127.450, 174
Trd, 000127.600, 163
Trd, 000127.667, 136
Trd, 000128.533, 166
Trd, 000128.917, 166
Trd, 000129.317, 165
Trd, 000130.300, 168
Trd, 000131.333, 165
Trd, 000131.983, 165
Trd, 000133.250, 177
Trd, 000133.417, 174
Trd, 000133.517, 173
Trd, 000134.267, 173
Trd, 000134.417, 172
Trd, 000134.850, 170
Trd, 000136.817, 170
Trd, 000136.917, 171
Trd, 000137.017, 169
Trd, 000137.483, 166
Trd, 000138.133, 168
Trd, 000138.317, 165
Trd, 000138.967, 168
Trd, 000140.667, 165
Trd, 000141.150, 167
Trd, 000141.333, 166
Trd, 000141.567, 165
Trd, 000141.900, 165
Trd, 000142.900, 164
Trd, 000143.150, 165
Trd, 000143.467, 151
Trd, 000143.517, 169
Trd, 000144.117, 156
Trd, 000144.833, 145
Trd, 000145.883, 161
Trd, 000147.267, 162
Trd, 000148.017, 162
Trd, 000148.433, 163
Trd, 000148.617, 164
Trd, 000148.883, 169
Trd, 000149.133, 169
Trd, 000149.717, 181
Trd, 000150.267, 164
Trd, 000150.283, 166
Trd, 000152.233, 164
Trd, 000152.483, 154
Trd, 000152.717, 158
Trd, 000153.900, 171
Trd, 000154.600, 171
Trd, 000155.733, 166
Trd, 000156.500, 169
Trd, 000156.533, 170
Trd, 000156.950, 170
Trd, 000157.200, 171
Trd, 000157.500, 180
Trd, 000158.417, 173
Trd, 000159.000, 172
Trd, 000159.450, 171
Trd, 000159.483, 171
Trd, 000160.083, 167
Trd, 000160.700, 179
Trd, 000161.233, 176
Trd, 000162.917, 179
Trd, 000163.300, 177
Trd, 000163.833, 178
Trd, 000164.317, 176
Trd, 000165.317, 177
Trd, 000166.167, 178
Trd, 000166.750, 174
Trd, 000166.817, 174
Trd, 000167.550, 177
Trd, 000168.033, 178
Trd, 000168.167, 177
Trd, 000168.483, 179
Trd, 000168.567, 177
Trd, 000169.400, 175
Trd, 000170.583, 172
Trd, 000171.967, 172
Trd, 000172.133, 170
Trd, 000172.333, 168
Trd, 000172.583, 164
Trd, 000173.367, 164
Trd, 000175.817, 165
Trd, 000176.017, 168
Trd, 000176.083, 172
Trd, 000176.400, 163
Trd, 000177.533, 165
Trd, 000177.617, 163
Trd, 000178.950, 166
Trd, 000179.667, 166
Trd, 000180.167, 166
Trd, 000180.367, 166
Trd, 000180.400, 165
Trd, 000181.267, 165
Trd, 000182.000, 167
Trd, 000182.633, 168
Trd, 000183.050, 166
Trd, 000183.267, 164
Trd, 000184.450, 167
Trd, 000184.800, 169
Trd, 000185.000, 168
Trd, 000185.367, 173
Trd, 000185.583, 167
Trd, 000186.267, 172
Trd, 000186.333, 172
Trd, 000186.650, 173
Trd, 000187.650, 172
Trd, 000188.417, 174
Trd, 000188.783, 181
Trd, 000189.500, 174
Trd, 000190.133, 174
Trd, 000190.400, 177
Trd, 000190.717, 176
Trd, 000191.533, 171
Trd, 000191.900, 171
Trd, 000192.467, 172
Trd, 000192.867, 170
Trd, 000193.167, 172
Trd, 000193.750, 172
Trd, 000194.500, 157
Trd, 000195.100, 168
Trd, 000195.450, 173
Trd, 000195.683, 168
Trd, 000195.950, 167
Trd, 000196.750, 165
Trd, 000196.783, 174
Trd, 000198.217, 181
Trd, 000198.567, 163
Trd, 000199.617, 171
Trd, 000199.633, 170
Trd, 000200.200, 171
Trd, 000200.400, 170
Trd, 000200.517, 171
Trd, 000201.067, 168
Trd, 000201.500, 174
Trd, 000201.783, 167
Trd, 000201.967, 158
Trd, 000202.933, 165
Trd, 000203.033, 174
Trd, 000203.250, 174
Trd, 000203.267, 175
Trd, 000203.550, 165
Trd, 000204.517, 163
Trd, 000204.617, 164
Trd, 000205.933, 168
Trd, 000206.400, 159
Trd, 000206.417, 175
Trd, 000206.683, 161
Trd, 000207.517, 178
Trd, 000207.633, 160
Trd, 000208.467, 159
Trd, 000209.317, 175
Trd, 000209.450, 160
Trd, 000210.450, 178
Trd, 000210.650, 182
Trd, 000211.367, 168
Trd, 000211.967, 167
Trd, 000212.317, 166
Trd, 000213.167, 169
Trd, 000213.667, 168
Trd, 000215.100, 167
Trd, 000215.550, 167
Trd, 000215.650, 166
Trd, 000216.183, 166
Trd, 000216.267, 168
Trd, 000216.983, 168
Trd, 000217.017, 170
Trd, 000217.583, 173
Trd, 000217.867, 169
Trd, 000218.183, 203
Trd, 000218.483, 186
Trd, 000219.000, 182
Trd, 000219.333, 159
Trd, 000220.317, 176
Trd, 000220.483, 176
Trd, 000220.983, 177
Trd, 000221.350, 175
Trd, 000221.600, 179
Trd, 000221.800, 178
Trd, 000222.000, 182
Trd, 000222.017, 179
Trd, 000222.083, 177
Trd, 000223.017, 173
Trd, 000223.833, 172
Trd, 000224.167, 173
Trd, 000224.183, 177
Trd, 000224.450, 173
Trd, 000225.417, 175
Trd, 000225.583, 177
Trd, 000226.500, 189
Trd, 000228.817, 183
Trd, 000229.183, 183
Trd, 000229.583, 184
Trd, 000230.717, 186
Trd, 000230.917, 186
Trd, 000231.217, 186
Trd, 000231.600, 184
Trd, 000231.633, 187
Trd, 000233.167, 183
Trd, 000233.467, 183
Trd, 000233.967, 178
Trd, 000234.000, 174
Trd, 000234.450, 183
Trd, 000234.683, 168
Trd, 000234.950, 170
Trd, 000235.750, 177
Trd, 000235.967, 182
Trd, 000236.350, 175
Trd, 000236.500, 178
Trd, 000237.233, 179
Trd, 000238.267, 178
Trd, 000238.950, 176
Trd, 000239.467, 175
Trd, 000239.600, 161
Trd, 000240.500, 176
Trd, 000241.600, 175
Trd, 000242.167, 174
Trd, 000242.183, 173
Trd, 000242.333, 174
Trd, 000242.533, 172
Trd, 000242.783, 169
Trd, 000243.583, 168
Trd, 000244.533, 169
Trd, 000244.633, 169
Trd, 000244.967, 177
Trd, 000245.433, 171
Trd, 000245.867, 177
Trd, 000245.900, 178
Trd, 000245.950, 173
Trd, 000246.050, 179
Trd, 000246.533, 176
Trd, 000246.600, 182
Trd, 000246.783, 179
Trd, 000246.933, 192
Trd, 000247.133, 168
Trd, 000247.600, 174
Trd, 000249.167, 188
Trd, 000249.917, 190
Trd, 000250.117, 192
Trd, 000250.350, 189
Trd, 000250.700, 188
Trd, 000250.917, 187
Trd, 000250.967, 185
Trd, 000251.000, 180
Trd, 000251.233, 178
Trd, 000252.700, 184
Trd, 000253.383, 185
Trd, 000253.450, 184
Trd, 000253.500, 182
Trd, 000253.717, 182
Trd, 000253.917, 184
Trd, 000254.133, 180
Trd, 000254.667, 176
Trd, 000254.867, 162
Trd, 000255.350, 173
Trd, 000255.367, 172
Trd, 000255.783, 170
Trd, 000256.583, 171
Trd, 000257.017, 169
Trd, 000257.217, 166
Trd, 000257.833, 174
Trd, 000258.067, 173
Trd, 000258.583, 174
Trd, 000258.733, 174
Trd, 000259.633, 177
Trd, 000260.183, 178
Trd, 000260.367, 177
Trd, 000261.267, 183
Trd, 000262.067, 182
Trd, 000262.400, 184
Trd, 000262.817, 184
Trd, 000262.883, 181
Trd, 000263.600, 191
Trd, 000263.617, 183
Trd, 000264.033, 177
Trd, 000264.767, 183
Trd, 000265.300, 181
Trd, 000265.567, 181
Trd, 000266.683, 177
Trd, 000267.033, 171
Trd, 000267.117, 180
Trd, 000267.367, 171
Trd, 000268.167, 172
Trd, 000268.583, 164
Trd, 000268.867, 168
Trd, 000270.000, 168
Trd, 000270.400, 168
Trd, 000270.633, 170
Trd, 000270.733, 171
Trd, 000271.000, 175
Trd, 000271.550, 174
Trd, 000271.900, 173
Trd, 000272.633, 176
Trd, 000273.933, 177
Trd, 000274.233, 176
Trd, 000274.350, 178
Trd, 000274.617, 176
Trd, 000275.617, 177
Trd, 000275.667, 178
Trd, 000276.433, 177
Trd, 000276.950, 177
Trd, 000277.417, 180
Trd, 000277.517, 178
Trd, 000277.633, 177
Trd, 000278.383, 172
Trd, 000278.833, 178
Trd, 000279.333, 172
Trd, 000279.517, 175
Trd, 000279.567, 179
Trd, 000279.850, 170
Trd, 000280.117, 166
Trd, 000280.167, 165
Trd, 000280.183, 155
Trd, 000281.517, 174
Trd, 000281.583, 175
Trd, 000282.100, 174
Trd, 000282.450, 172
Trd, 000283.117, 176
Trd, 000283.150, 173
Trd, 000283.367, 179
Trd, 000283.967, 172
Trd, 000283.983, 174
Trd, 000284.717, 164
Trd, 000285.017, 163
Trd, 000285.433, 163
Trd, 000285.567, 164
Trd, 000285.617, 172
Trd, 000286.533, 175
Trd, 000286.633, 177
Trd, 000287.300, 170
Trd, 000287.467, 171
Trd, 000287.550, 180
Trd, 000287.800, 176
Trd, 000287.983, 179
Trd, 000288.100, 170
Trd, 000288.717, 179
Trd, 000289.233, 176
Trd, 000289.350, 178
Trd, 000289.617, 174
Trd, 000289.783, 173
Trd, 000290.150, 161
Trd, 000290.233, 158
Trd, 000290.950, 166
Trd, 000291.633, 167
Trd, 000292.383, 169
Trd, 000292.700, 170
Trd, 000293.067, 166
Trd, 000294.233, 177
Trd, 000294.283, 176
Trd, 000294.900, 180
Trd, 000295.283, 176
Trd, 000295.500, 175
Trd, 000295.783, 175
Trd, 000296.083, 173
Trd, 000296.483, 176
Trd, 000296.717, 177
Trd, 000297.100, 185
Trd, 000297.267, 169
Trd, 000298.183, 181
Trd, 000298.500, 175
Trd, 000299.833, 176
