Trd, 000002.950, 124
Trd, 000002.967, 137
Trd, 000003.067, 119
Trd, 000003.567, 142
Trd, 000004.417, 141
Trd, 000004.733, 141
Trd, 000004.817, 144
Trd, 000004.983, 146
Trd, 000005.867, 156
Trd, 000006.667, 152
Trd, 000007.033, 142
Trd, 000007.767, 143
Trd, 000008.483, 147
Trd, 000008.750, 148
Trd, 000009.100, 148
Trd, 000009.483, 146
Trd, 000009.683, 146
Trd, 000010.800, 153
Trd, 000013.017, 160
Trd, 000013.333, 164
Trd, 000013.383, 161
Trd, 000014.017, 159
Trd, 000014.550, 156
Trd, 000014.983, 161
Trd, 000015.483, 158
Trd, 000015.783, 149
Trd, 000016.483, 158
Trd, 000016.867, 151
Trd, 000017.567, 162
Trd, 000017.733, 165
Trd, 000017.783, 161
Trd, 000018.967, 163
Trd, 000020.917, 164
Trd, 000021.667, 160
Trd, 000021.883, 159
Trd, 000022.000, 168
Trd, 000022.450, 169
Trd, 000022.567, 157
Trd, 000023.683, 165
Trd, 000024.450, 162
Trd, 000024.933, 160
Trd, 000026.017, 159
Trd, 000026.200, 158
Trd, 000027.017, 161
Trd, 000027.867, 159
Trd, 000028.383, 155
Trd, 000029.750, 153
Trd, 000029.900, 152
Trd, 000030.400, 158
Trd, 000030.683, 158
Trd, 000030.967, 157
Trd, 000031.150, 153
Trd, 000031.783, 151
Trd, 000031.933, 151
Trd, 000032.233, 148
Trd, 000033.500, 153
Trd, 000033.517, 149
Trd, 000034.550, 151
Trd, 000035.333, 149
Trd, 000035.950, 151
Trd, 000036.083, 151
Trd, 000037.100, 169
Trd, 000037.883, 160
Trd, 000039.017, 167
Trd, 000039.117, 164
Trd, 000039.133, 163
Trd, 000040.267, 162
Trd, 000040.450, 153
Trd, 000041.350, 162
Trd, 000041.750, 153
Trd, 000041.767, 163
Trd, 000042.617, 162
Trd, 000043.733, 168
Trd, 000044.300, 162
Trd, 000044.917, 161
Trd, 000045.900, 161
Trd, 000047.483, 163
Trd, 000047.817, 159
Trd, 000048.367, 161
Trd, 000049.050, 161
Trd, 000049.650, 162
Trd, 000050.250, 160
Trd, 000050.883, 161
Trd, 000051.800, 162
Trd, 000051.867, 160
Trd, 000053.483, 158
Trd, 000053.517, 157
Trd, 000054.067, 159
Trd, 000054.817, 153
Trd, 000054.850, 158
Trd, 000055.217, 157
Trd, 000055.300, 149
Trd, 000055.483, 147
Trd, 000056.017, 159
Trd, 000056.300, 160
Trd, 000057.900, 164
Trd, 000057.983, 156
Trd, 000058.500, 154
Trd, 000059.300, 163
Trd, 000059.667, 162
Trd, 000060.217, 163
Trd, 000060.967, 161
Trd, 000061.000, 156
Trd, 000061.917, 155
Trd, 000062.967, 161
Trd, 000063.717, 162
Trd, 000063.967, 171
Trd, 000064.500, 158
Trd, 000065.067, 157
Trd, 000065.233, 164
Trd, 000065.567, 157
Trd, 000065.917, 167
Trd, 000066.183, 158
Trd, 000066.950, 168
Trd, 000067.100, 158
Trd, 000068.533, 165
Trd, 000069.233, 167
Trd, 000069.433, 157
Trd, 000070.400, 167
Trd, 000070.783, 165
Trd, 000071.883, 164
Trd, 000071.900, 155
Trd, 000072.267, 162
Trd, 000072.450, 166
Trd, 000073.050, 166
Trd, 000073.450, 170
Trd, 000074.233, 148
Trd, 000076.133, 166
Trd, 000076.833, 165
Trd, 000077.100, 164
Trd, 000077.183, 165
Trd, 000077.767, 171
Trd, 000078.383, 166
Trd, 000078.550, 165
Trd, 000079.050, 165
Trd, 000080.500, 163
Trd, 000080.617, 164
Trd, 000081.417, 168
Trd, 000082.383, 163
Trd, 000082.650, 163
Trd, 000083.217, 165
Trd, 000083.983, 163
Trd, 000084.717, 162
Trd, 000085.433, 158
Trd, 000085.900, 160
Trd, 000085.917, 161
Trd, 000087.233, 157
Trd, 000087.300, 162
Trd, 000088.233, 154
Trd, 000088.267, 145
Trd, 000089.050, 156
Trd, 000090.033, 155
Trd, 000090.767, 157
Trd, 000091.150, 155
Trd, 000091.483, 157
Trd, 000092.367, 158
Trd, 000092.667, 164
Trd, 000094.067, 169
Trd, 000094.367, 171
Trd, 000094.750, 174
Trd, 000096.267, 175
Trd, 000096.783, 176
Trd, 000096.900, 174
Trd, 000097.833, 174
Trd, 000099.350, 173
Trd, 000099.500, 168
Trd, 000100.750, 173
Trd, 000100.833, 172
Trd, 000100.883, 165
Trd, 000101.167, 168
Trd, 000101.650, 169
Trd, 000101.783, 167
Trd, 000101.867, 176
Trd, 000102.450, 160
Trd, 000104.517, 171
Trd, 000105.300, 172
Trd, 000105.583, 173
Trd, 000106.033, 173
Trd, 000106.150, 174
Trd, 000106.350, 172
Trd, 000106.417, 172
Trd, 000107.900, 170
Trd, 000108.533, 171
Trd, 000108.667, 170
Trd, 000109.083, 170
Trd, 000109.967, 169
Trd, 000110.083, 160
Trd, 000111.133, 170
Trd, 000111.467, 167
Trd, 000113.117, 161
Trd, 000113.717, 164
Trd, 000113.800, 169
Trd, 000114.417, 150
Trd, 000114.650, 151
Trd, 000114.767, 152
Trd, 000114.833, 156
Trd, 000115.183, 148
Trd, 000115.933, 156
Trd, 000116.300, 158
Trd, 000117.117, 163
Trd, 000118.267, 169
Trd, 000119.400, 169
Trd, 000119.650, 166
Trd, 000120.317, 171
Trd, 000120.383, 170
Trd, 000121.333, 169
Trd, 000122.000, 168
Trd, 000122.517, 169
Trd, 000122.683, 167
Trd, 000122.833, 165
Trd, 000123.250, 170
Trd, 000123.683, 167
Trd, 000123.700, 171
Trd, 000123.817, 165
Trd, 000124.750, 162
Trd, 000125.150, 172
Trd, 000126.983, 168
Trd, 000127.000, 169
Trd, 000127.700, 162
Trd, 000129.150, 169
Trd, 000129.350, 162
Trd, 000130.067, 157
Trd, 000130.950, 159
Trd, 000130.967, 158
Trd, 000131.233, 151
Trd, 000132.450, 161
Trd, 000133.117, 160
Trd, 000133.150, 156
Trd, 000134.267, 157
Trd, 000134.633, 158
Trd, 000135.067, 157
Trd, 000135.233, 156
Trd, 000135.733, 156
Trd, 000136.900, 156
Trd, 000137.183, 157
Trd, 000138.350, 157
Trd, 000138.900, 154
Trd, 000139.617, 156
Trd, 000139.767, 156
Trd, 000139.917, 154
Trd, 000140.617, 155
Trd, 000141.217, 155
Trd, 000141.767, 153
Trd, 000141.783, 155
Trd, 000141.833, 158
Trd, 000142.517, 153
Trd, 000143.633, 156
Trd, 000144.317, 157
Trd, 000145.083, 160
Trd, 000145.617, 166
Trd, 000146.517, 159
Trd, 000146.583, 157
Trd, 000147.217, 157
Trd, 000147.483, 156
Trd, 000148.133, 156
Trd, 000149.083, 157
Trd, 000149.400, 163
Trd, 000150.617, 173
Trd, 000150.900, 178
Trd, 000151.817, 172
Trd, 000152.717, 180
Trd, 000153.300, 176
Trd, 000153.367, 173
Trd, 000153.700, 171
Trd, 000154.233, 177
Trd, 000155.350, 174
Trd, 000155.933, 165
Trd, 000156.367, 175
Trd, 000157.483, 172
Trd, 000157.967, 171
Trd, 000158.650, 173
Trd, 000159.117, 172
Trd, 000159.133, 171
Trd, 000159.767, 182
Trd, 000159.800, 184
Trd, 000160.217, 179
Trd, 000160.433, 170
Trd, 000161.067, 173
Trd, 000161.633, 165
Trd, 000161.683, 164
Trd, 000161.950, 163
Trd, 000163.367, 157
Trd, 000163.700, 156
Trd, 000164.217, 158
Trd, 000165.767, 170
Trd, 000165.800, 171
Trd, 000166.117, 156
Trd, 000167.400, 184
Trd, 000168.667, 170
Trd, 000169.033, 182
Trd, 000169.667, 179
Trd, 000170.017, 178
Trd, 000170.367, 172
Trd, 000170.383, 181
Trd, 000170.700, 167
Trd, 000170.883, 165
Trd, 000171.600, 165
Trd, 000171.617, 156
Trd, 000172.350, 175
Trd, 000172.783, 156
Trd, 000173.267, 160
Trd, 000173.533, 161
Trd, 000174.883, 177
Trd, 000175.167, 175
Trd, 000175.950, 176
Trd, 000176.583, 175
Trd, 000176.850, 175
Trd, 000177.500, 176
Trd, 000177.867, 182
Trd, 000178.817, 176
Trd, 000179.000, 174
Trd, 000179.850, 178
Trd, 000179.900, 177
Trd, 000180.483, 168
Trd, 000181.783, 179
Trd, 000182.850, 174
Trd, 000182.883, 174
Trd, 000184.000, 173
Trd, 000184.183, 176
Trd, 000184.217, 168
Trd, 000185.767, 170
Trd, 000185.900, 169
Trd, 000186.083, 168
Trd, 000186.183, 171
Trd, 000186.267, 183
Trd, 000186.900, 168
Trd, 000188.650, 181
Trd, 000188.800, 174
Trd, 000189.017, 181
Trd, 000190.050, 177
Trd, 000191.033, 174
Trd, 000191.617, 176
Trd, 000192.333, 177
Trd, 000192.767, 177
Trd, 000194.100, 176
Trd, 000194.217, 178
Trd, 000194.500, 184
Trd, 000194.817, 169
Trd, 000195.800, 174
Trd, 000196.017, 168
Trd, 000196.067, 163
Trd, 000196.617, 178
Trd, 000197.433, 174
Trd, 000198.417, 174
Trd, 000198.500, 172
Trd, 000199.350, 175
Trd, 000199.650, 176
Trd, 000200.367, 174
Trd, 000201.167, 173
Trd, 000201.250, 174
Trd, 000201.583, 170
Trd, 000201.783, 169
Trd, 000202.167, 169
Trd, 000202.250, 175
Trd, 000203.250, 174
Trd, 000203.483, 159
Trd, 000204.900, 174
Trd, 000204.917, 171
Trd, 000205.717, 172
Trd, 000207.017, 173
Trd, 000207.200, 176
Trd, 000207.917, 184
Trd, 000208.317, 175
Trd, 000208.617, 181
Trd, 000209.950, 175
Trd, 000210.050, 175
Trd, 000210.550, 172
Trd, 000210.800, 174
Trd, 000211.050, 175
Trd, 000211.333, 180
Trd, 000211.900, 179
Trd, 000212.017, 169
Trd, 000212.383, 172
Trd, 000213.850, 176
Trd, 000214.317, 177
Trd, 000214.683, 177
Trd, 000214.817, 176
Trd, 000215.267, 173
Trd, 000215.667, 171
Trd, 000216.317, 180
Trd, 000216.983, 186
Trd, 000219.317, 183
Trd, 000219.367, 180
Trd, 000219.383, 178
Trd, 000219.817, 177
Trd, 000221.683, 180
Trd, 000221.933, 181
Trd, 000222.333, 180
Trd, 000223.267, 178
Trd, 000223.283, 177
Trd, 000224.983, 179
Trd, 000225.800, 177
Trd, 000225.850, 172
Trd, 000226.167, 176
Trd, 000226.333, 179
Trd, 000227.133, 177
Trd, 000228.100, 190
Trd, 000228.450, 178
Trd, 000228.717, 176
Trd, 000229.067, 181
Trd, 000229.083, 173
Trd, 000229.983, 172
Trd, 000230.183, 171
Trd, 000232.533, 173
Trd, 000232.967, 171
Trd, 000233.183, 167
Trd, 000233.217, 170
Trd, 000233.283, 172
Trd, 000234.050, 163
Trd, 000234.067, 164
Trd, 000234.417, 166
Trd, 000235.217, 165
Trd, 000235.517, 166
Trd, 000236.000, 171
Trd, 000236.600, 178
Trd, 000237.567, 167
Trd, 000237.617, 178
Trd, 000238.367, 180
Trd, 000238.933, 173
Trd, 000239.500, 171
Trd, 000240.333, 171
Trd, 000240.483, 172
Trd, 000240.783, 172
Trd, 000241.217, 171
Trd, 000241.700, 172
Trd, 000243.000, 171
Trd, 000243.017, 172
Trd, 000243.167, 173
Trd, 000243.683, 176
Trd, 000243.750, 179
Trd, 000243.817, 172
Trd, 000244.400, 170
Trd, 000244.600, 175
Trd, 000245.033, 167
Trd, 000245.517, 168
Trd, 000245.683, 167
Trd, 000246.100, 175
Trd, 000246.717, 175
Trd, 000247.750, 169
Trd, 000248.300, 169
Trd, 000248.383, 170
Trd, 000248.933, 171
Trd, 000249.033, 172
Trd, 000249.167, 173
Trd, 000251.033, 172
Trd, 000251.167, 171
Trd, 000251.683, 173
Trd, 000252.200, 180
Trd, 000252.467, 178
Trd, 000252.817, 181
Trd, 000252.867, 183
Trd, 000253.383, 177
Trd, 000253.783, 179
Trd, 000253.833, 175
Trd, 000254.700, 178
Trd, 000255.133, 173
Trd, 000255.267, 172
Trd, 000255.433, 174
Trd, 000255.617, 177
Trd, 000257.017, 191
Trd, 000257.800, 191
Trd, 000257.900, 192
Trd, 000258.583, 187
Trd, 000258.967, 184
Trd, 000258.983, 181
Trd, 000260.300, 180
Trd, 000260.683, 181
Trd, 000260.717, 182
Trd, 000260.900, 176
Trd, 000261.383, 174
Trd, 000261.567, 174
Trd, 000261.633, 176
Trd, 000261.733, 173
Trd, 000262.917, 177
Trd, 000263.517, 174
Trd, 000263.733, 178
Trd, 000264.300, 173
Trd, 000264.433, 173
Trd, 000265.150, 172
Trd, 000265.700, 170
Trd, 000265.983, 166
Trd, 000266.283, 164
Trd, 000266.417, 172
Trd, 000266.583, 173
Trd, 000267.067, 173
Trd, 000267.767, 171
Trd, 000268.383, 171
Trd, 000268.683, 182
Trd, 000269.283, 182
Trd, 000269.633, 192
Trd, 000269.700, 186
Trd, 000270.367, 183
Trd, 000270.717, 182
Trd, 000271.050, 182
Trd, 000271.317, 185
Trd, 000271.867, 183
Trd, 000272.850, 178
Trd, 000272.883, 182
Trd, 000273.333, 177
Trd, 000273.867, 176
Trd, 000274.467, 190
Trd, 000274.483, 178
Trd, 000274.867, 185
Trd, 000275.417, 187
Trd, 000276.150, 186
Trd, 000276.217, 182
Trd, 000276.367, 177
Trd, 000276.850, 182
Trd, 000277.083, 175
Trd, 000278.983, 167
Trd, 000279.000, 182
Trd, 000279.033, 165
Trd, 000279.417, 181
Trd, 000279.700, 172
Trd, 000279.983, 178
Trd, 000280.433, 178
Trd, 000280.467, 183
Trd, 000280.583, 185
Trd, 000281.317, 175
Trd, 000281.533, 174
Trd, 000281.950, 180
Trd, 000282.167, 176
Trd, 000282.467, 182
Trd, 000282.667, 174
Trd, 000282.700, 183
Trd, 000283.117, 174
Trd, 000283.600, 174
Trd, 000283.833, 173
Trd, 000284.300, 178
Trd, 000284.483, 177
Trd, 000284.550, 179
Trd, 000285.550, 178
Trd, 000286.267, 178
Trd, 000286.783, 177
Trd, 000286.917, 179
Trd, 000287.133, 193
Trd, 000287.233, 186
Trd, 000287.433, 190
Trd, 000288.000, 196
Trd, 000288.200, 197
Trd, 000288.667, 193
Trd, 000289.450, 198
Trd, 000290.150, 185
Trd, 000290.483, 184
Trd, 000290.650, 177
Trd, 000290.733, 165
Trd, 000291.617, 181
Trd, 000292.333, 179
Trd, 000292.950, 178
Trd, 000293.400, 177
Trd, 000293.700, 180
Trd, 000293.833, 184
Trd, 000294.383, 182
Trd, 000294.400, 182
Trd, 000295.033, 184
Trd, 000295.317, 184
Trd, 000295.683, 178
Trd, 000295.933, 177
Trd, 000296.667, 170
Trd, 000296.833, 160
Trd, 000297.117, 163
Trd, 000297.283, 157
Trd, 000297.317, 171
Trd, 000297.717, 177
Trd, 000298.133, 171
Trd, 000298.267, 165
Trd, 000298.400, 164
Trd, 000299.883, 169
