Trd, 000001.183, 193
Trd, 000001.717, 127
Trd, 000002.250, 143
Trd, 000002.317, 136
Trd, 000002.550, 146
Trd, 000002.700, 146
Trd, 000002.783, 137
Trd, 000002.883, 147
Trd, 000004.683, 151
Trd, 000004.750, 169
Trd, 000006.267, 155
Trd, 000006.400, 159
Trd, 000007.400, 147
Trd, 000007.750, 150
Trd, 000008.133, 151
Trd, 000008.167, 153
Trd, 000008.333, 152
Trd, 000009.733, 154
Trd, 000009.917, 154
Trd, 000010.867, 152
Trd, 000011.417, 172
Trd, 000012.267, 158
Trd, 000012.817, 164
Trd, 000013.000, 157
Trd, 000013.350, 156
Trd, 000013.683, 156
Trd, 000015.183, 160
Trd, 000015.350, 161
Trd, 000015.383, 162
Trd, 000015.617, 163
Trd, 000016.433, 162
Trd, 000017.200, 163
Trd, 000017.717, 162
Trd, 000018.550, 162
Trd, 000018.817, 158
Trd, 000019.217, 157
Trd, 000019.850, 160
Trd, 000020.033, 158
Trd, 000020.133, 161
Trd, 000020.183, 158
Trd, 000021.483, 156
Trd, 000021.683, 161
Trd, 000021.833, 157
Trd, 000022.417, 157
Trd, 000022.967, 159
Trd, 000023.683, 158
Trd, 000023.717, 158
Trd, 000024.617, 159
Trd, 000024.917, 158
Trd, 000025.967, 158
Trd, 000026.750, 158
Trd, 000026.933, 157
Trd, 000026.983, 158
Trd, 000027.367, 156
Trd, 000027.767, 160
Trd, 000028.517, 156
Trd, 000028.633, 161
Trd, 000029.267, 158
Trd, 000030.100, 160
Trd, 000030.300, 158
Trd, 000030.450, 154
Trd, 000031.517, 154
Trd, 000032.233, 146
Trd, 000032.550, 153
Trd, 000033.050, 149
Trd, 000033.333, 147
Trd, 000033.383, 149
Trd, 000034.150, 151
Trd, 000034.317, 150
Trd, 000034.350, 154
Trd, 000034.850, 161
Trd, 000034.883, 153
Trd, 000035.767, 159
Trd, 000035.983, 154
Trd, 000037.600, 162
Trd, 000038.383, 159
Trd, 000038.450, 158
Trd, 000038.633, 156
Trd, 000038.733, 144
Trd, 000039.017, 155
Trd, 000039.850, 159
Trd, 000039.967, 159
Trd, 000040.300, 149
Trd, 000040.367, 154
Trd, 000041.050, 161
Trd, 000042.333, 158
Trd, 000042.700, 159
Trd, 000042.950, 154
Trd, 000043.533, 159
Trd, 000044.500, 162
Trd, 000044.600, 164
Trd, 000045.350, 160
Trd, 000046.050, 159
Trd, 000046.217, 160
Trd, 000046.383, 162
Trd, 000046.667, 168
Trd, 000046.900, 160
Trd, 000047.467, 166
Trd, 000049.150, 159
Trd, 000049.500, 159
Trd, 000049.983, 158
Trd, 000050.017, 160
Trd, 000050.083, 161
Trd, 000050.550, 156
Trd, 000051.517, 147
Trd, 000051.833, 157
Trd, 000051.950, 146
Trd, 000052.183, 156
Trd, 000052.900, 156
Trd, 000054.667, 156
Trd, 000055.067, 154
Trd, 000055.433, 156
Trd, 000055.617, 160
Trd, 000056.550, 154
Trd, 000056.883, 164
Trd, 000057.133, 162
Trd, 000057.250, 157
Trd, 000058.050, 156
Trd, 000058.650, 154
Trd, 000059.033, 154
Trd, 000059.150, 157
Trd, 000059.283, 160
Trd, 000059.917, 159
Trd, 000060.833, 139
Trd, 000061.433, 157
Trd, 000061.717, 144
Trd, 000062.417, 161
Trd, 000064.200, 157
Trd, 000065.000, 156
Trd, 000065.133, 154
Trd, 000065.417, 157
Trd, 000065.433, 153
Trd, 000065.800, 158
Trd, 000067.067, 158
Trd, 000067.283, 157
Trd, 000067.433, 161
Trd, 000067.467, 174
Trd, 000067.717, 172
Trd, 000067.933, 199
Trd, 000068.167, 180
Trd, 000069.517, 163
Trd, 000069.700, 163
Trd, 000070.650, 164
Trd, 000072.283, 167
Trd, 000072.433, 165
Trd, 000072.617, 168
Trd, 000072.733, 169
Trd, 000073.617, 167
Trd, 000074.133, 164
Trd, 000074.617, 165
Trd, 000074.733, 164
Trd, 000075.433, 163
Trd, 000075.517, 163
Trd, 000076.500, 164
Trd, 000077.483, 165
Trd, 000077.550, 165
Trd, 000078.433, 164
Trd, 000079.550, 165
Trd, 000079.733, 166
Trd, 000079.900, 163
Trd, 000080.300, 163
Trd, 000080.550, 165
Trd, 000081.350, 162
Trd, 000082.033, 165
Trd, 000083.017, 166
Trd, 000083.200, 163
Trd, 000083.600, 160
Trd, 000084.133, 153
Trd, 000085.150, 158
Trd, 000085.217, 159
Trd, 000085.333, 158
Trd, 000085.367, 159
Trd, 000086.317, 160
Trd, 000086.833, 159
Trd, 000087.333, 159
Trd, 000089.000, 160
Trd, 000089.483, 162
Trd, 000089.567, 162
Trd, 000089.733, 164
Trd, 000089.950, 166
Trd, 000090.033, 174
Trd, 000090.400, 169
Trd, 000090.600, 163
Trd, 000091.967, 165
Trd, 000092.017, 171
Trd, 000092.200, 177
Trd, 000092.450, 165
Trd, 000092.767, 180
Trd, 000092.967, 164
Trd, 000095.450, 170
Trd, 000095.967, 166
Trd, 000095.983, 165
Trd, 000096.933, 167
Trd, 000097.200, 168
Trd, 000097.217, 165
Trd, 000097.467, 174
Trd, 000097.917, 165
Trd, 000098.067, 165
Trd, 000099.483, 166
Trd, 000099.767, 161
Trd, 000099.833, 163
Trd, 000099.883, 168
Trd, 000100.283, 158
Trd, 000101.417, 161
Trd, 000101.467, 158
Trd, 000101.600, 157
Trd, 000102.200, 176
Trd, 000102.850, 169
Trd, 000103.717, 166
Trd, 000103.900, 167
Trd, 000104.167, 168
Trd, 000104.300, 165
Trd, 000105.933, 166
Trd, 000106.483, 166
Trd, 000106.517, 167
Trd, 000106.817, 167
Trd, 000108.333, 164
Trd, 000108.400, 168
Trd, 000109.350, 167
Trd, 000109.583, 167
Trd, 000109.967, 166
Trd, 000110.267, 165
Trd, 000110.767, 165
Trd, 000110.783, 169
Trd, 000110.800, 164
Trd, 000111.117, 171
Trd, 000111.567, 174
Trd, 000111.683, 163
Trd, 000111.717, 162
Trd, 000113.167, 166
Trd, 000113.333, 163
Trd, 000114.383, 167
Trd, 000115.117, 166
Trd, 000115.933, 166
Trd, 000116.150, 166
Trd, 000116.500, 166
Trd, 000116.583, 165
Trd, 000117.100, 165
Trd, 000117.633, 167
Trd, 000117.750, 164
Trd, 000117.767, 161
Trd, 000118.233, 167
Trd, 000119.233, 165
Trd, 000119.600, 166
Trd, 000119.733, 176
Trd, 000119.983, 177
Trd, 000120.117, 179
Trd, 000120.350, 165
Trd, 000122.383, 172
Trd, 000122.717, 170
Trd, 000122.933, 171
Trd, 000123.000, 170
Trd, 000123.200, 167
Trd, 000123.817, 167
Trd, 000123.983, 167
Trd, 000124.283, 165
Trd, 000124.300, 155
Trd, 000125.217, 143
Trd, 000125.233, 157
Trd, 000126.267, 162
Trd, 000127.400, 161
Trd, 000128.400, 169
Trd, 000128.533, 170
Trd, 000128.550, 178
Trd, 000128.900, 172
Trd, 000129.750, 173
Trd, 000130.250, 168
Trd, 000130.333, 164
Trd, 000130.850, 163
Trd, 000131.283, 156
Trd, 000131.650, 150
Trd, 000132.050, 159
Trd, 000132.833, 158
Trd, 000133.383, 154
Trd, 000133.700, 155
Trd, 000134.733, 158
Trd, 000134.750, 164
Trd, 000135.483, 167
Trd, 000135.700, 168
Trd, 000136.700, 168
Trd, 000137.600, 170
Trd, 000137.967, 162
Trd, 000138.033, 172
Trd, 000138.067, 179
Trd, 000138.400, 163
Trd, 000139.217, 179
Trd, 000139.333, 180
Trd, 000139.550, 179
Trd, 000139.733, 171
Trd, 000141.250, 173
Trd, 000141.833, 173
Trd, 000142.067, 173
Trd, 000142.117, 170
Trd, 000142.350, 175
Trd, 000143.050, 172
Trd, 000144.033, 173
Trd, 000144.567, 173
Trd, 000145.000, 172
Trd, 000145.450, 171
Trd, 000145.583, 168
Trd, 000146.550, 172
Trd, 000147.783, 168
Trd, 000148.167, 169
Trd, 000148.417, 172
Trd, 000149.067, 167
Trd, 000150.000, 170
Trd, 000150.517, 171
Trd, 000150.783, 165
Trd, 000150.900, 166
Trd, 000151.717, 171
Trd, 000151.750, 165
Trd, 000153.000, 172
Trd, 000153.183, 173
Trd, 000153.600, 173
Trd, 000154.867, 170
Trd, 000155.000, 173
Trd, 000155.183, 180
Trd, 000155.317, 186
Trd, 000155.833, 169
Trd, 000156.867, 174
Trd, 000157.367, 174
Trd, 000157.450, 172
Trd, 000157.733, 174
Trd, 000157.917, 174
Trd, 000158.433, 176
Trd, 000158.650, 178
Trd, 000159.933, 191
Trd, 000160.217, 187
Trd, 000160.717, 188
Trd, 000161.367, 178
Trd, 000161.500, 174
Trd, 000161.733, 173
Trd, 000162.233, 171
Trd, 000163.950, 171
Trd, 000164.150, 169
Trd, 000164.633, 171
Trd, 000164.967, 169
Trd, 000164.983, 171
Trd, 000165.567, 170
Trd, 000165.583, 169
Trd, 000165.983, 171
Trd, 000166.050, 165
Trd, 000166.333, 173
Trd, 000167.317, 168
Trd, 000167.400, 167
Trd, 000168.550, 173
Trd, 000168.583, 174
Trd, 000168.967, 172
Trd, 000169.883, 172
Trd, 000170.067, 167
Trd, 000170.217, 172
Trd, 000171.000, 167
Trd, 000171.100, 168
Trd, 000171.450, 172
Trd, 000171.867, 171
Trd, 000172.150, 170
Trd, 000173.883, 171
Trd, 000174.367, 169
Trd, 000174.783, 168
Trd, 000174.917, 170
Trd, 000175.033, 172
Trd, 000175.550, 166
Trd, 000175.933, 180
Trd, 000176.617, 167
Trd, 000176.650, 162
Trd, 000177.000, 160
Trd, 000177.033, 168
Trd, 000177.133, 152
Trd, 000178.117, 185
Trd, 000179.217, 185
Trd, 000179.600, 174
Trd, 000180.017, 176
Trd, 000180.083, 178
Trd, 000180.567, 173
Trd, 000180.717, 173
Trd, 000180.817, 172
Trd, 000180.933, 176
Trd, 000181.450, 172
Trd, 000182.350, 172
Trd, 000183.183, 173
Trd, 000183.617, 175
Trd, 000183.717, 173
Trd, 000183.850, 176
Trd, 000185.150, 173
Trd, 000185.400, 175
Trd, 000185.733, 172
Trd, 000186.100, 176
Trd, 000186.150, 177
Trd, 000186.367, 172
Trd, 000186.400, 169
Trd, 000187.750, 174
Trd, 000187.917, 171
Trd, 000188.800, 172
Trd, 000189.617, 172
Trd, 000189.817, 173
Trd, 000190.117, 171
Trd, 000190.500, 176
Trd, 000191.300, 186
Trd, 000191.800, 190
Trd, 000192.317, 180
Trd, 000192.333, 174
Trd, 000192.933, 183
Trd, 000193.233, 179
Trd, 000194.017, 179
Trd, 000195.900, 180
Trd, 000196.267, 178
Trd, 000196.333, 179
Trd, 000196.633, 180
Trd, 000196.750, 177
Trd, 000196.817, 179
Trd, 000197.700, 180
Trd, 000197.817, 179
Trd, 000198.150, 179
Trd, 000198.400, 178
Trd, 000198.600, 176
Trd, 000199.000, 176
Trd, 000200.400, 178
Trd, 000200.817, 179
Trd, 000201.117, 180
Trd, 000201.200, 176
Trd, 000201.767, 176
Trd, 000201.800, 180
Trd, 000201.850, 174
Trd, 000202.517, 175
Trd, 000203.017, 147
Trd, 000205.083, 175
Trd, 000205.200, 173
Trd, 000205.933, 175
Trd, 000207.467, 175
Trd, 000207.700, 176
Trd, 000207.883, 174
Trd, 000207.900, 178
Trd, 000208.083, 171
Trd, 000208.117, 178
Trd, 000208.983, 179
Trd, 000209.000, 185
Trd, 000209.517, 193
Trd, 000211.117, 200
Trd, 000211.383, 193
Trd, 000211.900, 200
Trd, 000212.000, 195
Trd, 000212.933, 186
Trd, 000213.217, 177
Trd, 000213.383, 194
Trd, 000213.917, 192
Trd, 000213.983, 177
Trd, 000215.633, 186
Trd, 000216.083, 184
Trd, 000216.617, 184
Trd, 000217.150, 183
Trd, 000217.250, 179
Trd, 000218.617, 179
Trd, 000218.817, 178
Trd, 000219.367, 180
Trd, 000219.400, 181
Trd, 000220.433, 181
Trd, 000220.567, 179
Trd, 000220.617, 177
Trd, 000221.050, 184
Trd, 000221.733, 177
Trd, 000222.067, 183
Trd, 000223.117, 175
Trd, 000223.150, 177
Trd, 000223.750, 176
Trd, 000224.067, 179
Trd, 000224.233, 175
Trd, 000225.183, 170
Trd, 000225.333, 171
Trd, 000225.683, 167
Trd, 000225.817, 165
Trd, 000226.850, 174
Trd, 000226.983, 170
Trd, 000227.250, 167
Trd, 000228.550, 167
Trd, 000229.500, 166
Trd, 000230.200, 167
Trd, 000230.233, 166
Trd, 000230.283, 171
Trd, 000230.417, 181
Trd, 000231.267, 182
Trd, 000231.933, 194
Trd, 000232.317, 183
Trd, 000232.450, 181
Trd, 000232.983, 181
Trd, 000233.667, 194
Trd, 000234.567, 193
Trd, 000235.267, 184
Trd, 000236.183, 181
Trd, 000236.317, 180
Trd, 000236.500, 188
Trd, 000237.133, 188
Trd, 000237.350, 188
Trd, 000237.367, 180
Trd, 000237.433, 188
Trd, 000238.650, 196
Trd, 000239.517, 192
Trd, 000240.150, 186
Trd, 000240.183, 183
Trd, 000240.933, 182
Trd, 000241.400, 181
Trd, 000241.767, 180
Trd, 000242.067, 180
Trd, 000242.217, 180
Trd, 000242.450, 179
Trd, 000243.683, 173
Trd, 000243.950, 170
Trd, 000244.133, 169
Trd, 000244.700, 173
Trd, 000245.083, 168
Trd, 000245.583, 169
Trd, 000245.667, 170
Trd, 000245.750, 173
Trd, 000246.250, 176
Trd, 000246.383, 179
Trd, 000247.167, 182
Trd, 000247.350, 172
Trd, 000248.067, 172
Trd, 000248.250, 180
Trd, 000249.183, 181
Trd, 000249.567, 177
Trd, 000249.650, 179
Trd, 000249.783, 175
Trd, 000249.883, 178
Trd, 000251.350, 174
Trd, 000251.767, 178
Trd, 000253.300, 173
Trd, 000253.517, 173
Trd, 000253.983, 175
Trd, 000254.033, 171
Trd, 000254.050, 178
Trd, 000254.300, 170
Trd, 000254.733, 177
Trd, 000254.950, 182
Trd, 000255.433, 179
Trd, 000255.750, 177
Trd, 000256.350, 181
Trd, 000257.017, 185
Trd, 000257.500, 184
Trd, 000257.950, 184
Trd, 000258.333, 184
Trd, 000258.567, 183
Trd, 000259.183, 186
Trd, 000259.567, 184
Trd, 000259.683, 197
Trd, 000260.233, 182
Trd, 000260.283, 183
Trd, 000260.417, 188
Trd, 000260.850, 182
Trd, 000260.950, 181
Trd, 000261.383, 173
Trd, 000261.400, 172
Trd, 000261.650, 189
Trd, 000262.050, 191
Trd, 000262.350, 177
Trd, 000263.067, 178
Trd, 000263.817, 180
Trd, 000264.500, 178
Trd, 000264.883, 179
Trd, 000264.983, 180
Trd, 000265.467, 177
Trd, 000265.950, 182
Trd, 000266.200, 169
Trd, 000266.800, 172
Trd, 000267.900, 168
Trd, 000268.917, 164
Trd, 000269.300, 161
Trd, 000269.350, 168
Trd, 000269.500, 167
Trd, 000269.967, 166
Trd, 000270.450, 164
Trd, 000270.817, 166
Trd, 000271.067, 178
Trd, 000271.283, 169
Trd, 000271.483, 182
Trd, 000271.650, 183
Trd, 000271.950, 185
Trd, 000272.650, 188
Trd, 000273.183, 182
Trd, 000273.633, 182
Trd, 000273.867, 178
Trd, 000274.183, 178
Trd, 000274.600, 168
Trd, 000275.283, 170
Trd, 000276.517, 179
Trd, 000277.083, 172
Trd, 000277.250, 173
Trd, 000277.483, 173
Trd, 000277.817, 170
Trd, 000278.183, 168
Trd, 000278.883, 171
Trd, 000278.900, 172
Trd, 000279.500, 171
Trd, 000279.800, 181
Trd, 000279.900, 182
Trd, 000280.133, 170
Trd, 000280.267, 185
Trd, 000280.300, 190
Trd, 000280.433, 167
Trd, 000281.117, 184
Trd, 000281.317, 183
Trd, 000282.367, 179
Trd, 000282.800, 171
Trd, 000283.200, 174
Trd, 000283.317, 165
Trd, 000284.067, 178
Trd, 000284.217, 179
Trd, 000285.183, 168
Trd, 000285.433, 172
Trd, 000285.917, 170
Trd, 000286.183, 172
Trd, 000286.350, 173
Trd, 000286.400, 179
Trd, 000286.667, 183
Trd, 000287.033, 177
Trd, 000288.533, 181
Trd, 000288.983, 184
Trd, 000289.000, 180
Trd, 000290.283, 186
Trd, 000290.533, 183
Trd, 000290.633, 186
Trd, 000291.017, 180
Trd, 000291.100, 190
Trd, 000291.400, 191
Trd, 000291.717, 179
Trd, 000291.850, 189
Trd, 000292.317, 178
Trd, 000292.617, 179
Trd, 000293.183, 172
Trd, 000293.400, 172
Trd, 000293.533, 166
Trd, 000293.567, 180
Trd, 000293.617, 163
Trd, 000293.933, 178
Trd, 000294.200, 189
Trd, 000294.233, 190
Trd, 000295.117, 172
Trd, 000295.150, 194
Trd, 000295.900, 175
Trd, 000297.300, 187
Trd, 000297.800, 188
Trd, 000298.350, 192
Trd, 000299.300, 187
Trd, 000299.683, 188
Trd, 000299.783, 187
Trd, 000299.833, 185
Trd, 000299.900, 181
