Trd, 000000.867, 120
Trd, 000001.050, 131
Trd, 000001.683, 144
Trd, 000003.417, 148
Trd, 000004.600, 146
Trd, 000004.933, 148
Trd, 000005.800, 147
Trd, 000005.867, 146
Trd, 000006.317, 147
Trd, 000007.900, 148
Trd, 000008.067, 146
Trd, 000008.350, 147
Trd, 000009.767, 148
Trd, 000009.833, 147
Trd, 000009.883, 149
Trd, 000010.567, 152
Trd, 000010.783, 157
Trd, 000010.950, 151
Trd, 000011.467, 158
Trd, 000011.650, 160
Trd, 000011.717, 159
Trd, 000011.967, 176
Trd, 000012.983, 167
Trd, 000014.033, 155
Trd, 000014.117, 154
Trd, 000014.383, 153
Trd, 000015.067, 153
Trd, 000015.333, 151
Trd, 000015.950, 163
Trd, 000016.783, 153
Trd, 000018.167, 149
Trd, 000018.467, 150
Trd, 000019.567, 150
Trd, 000019.917, 148
Trd, 000020.233, 148
Trd, 000020.250, 146
Trd, 000021.233, 151
Trd, 000022.033, 151
Trd, 000022.533, 150
Trd, 000022.600, 149
Trd, 000022.617, 152
Trd, 000023.450, 152
Trd, 000023.817, 150
Trd, 000024.183, 150
Trd, 000024.217, 151
Trd, 000024.333, 153
Trd, 000024.533, 149
Trd, 000024.683, 152
Trd, 000025.067, 148
Trd, 000026.133, 146
Trd, 000026.967, 151
Trd, 000027.300, 155
Trd, 000027.450, 155
Trd, 000027.967, 151
Trd, 000028.283, 153
Trd, 000028.633, 151
Trd, 000029.167, 150
Trd, 000029.200, 152
Trd, 000030.200, 149
Trd, 000030.750, 155
Trd, 000031.500, 178
Trd, 000031.733, 168
Trd, 000032.367, 162
Trd, 000032.550, 160
Trd, 000033.617, 160
Trd, 000034.183, 159
Trd, 000034.350, 160
Trd, 000034.733, 158
Trd, 000035.083, 157
Trd, 000036.067, 160
Trd, 000036.317, 154
Trd, 000037.417, 157
Trd, 000037.983, 158
Trd, 000038.467, 161
Trd, 000039.133, 162
Trd, 000039.333, 162
Trd, 000039.633, 155
Trd, 000040.017, 154
Trd, 000041.233, 162
Trd, 000043.117, 160
Trd, 000043.633, 158
Trd, 000044.050, 158
Trd, 000044.217, 156
Trd, 000044.317, 156
Trd, 000044.983, 156
Trd, 000045.150, 157
Trd, 000045.783, 155
Trd, 000046.683, 155
Trd, 000046.867, 153
Trd, 000046.900, 159
Trd, 000047.300, 153
Trd, 000048.350, 160
Trd, 000048.850, 162
Trd, 000049.417, 154
Trd, 000049.633, 153
Trd, 000050.500, 156
Trd, 000050.917, 158
Trd, 000051.017, 155
Trd, 000052.217, 158
Trd, 000052.633, 157
Trd, 000053.067, 154
Trd, 000053.883, 158
Trd, 000054.250, 161
Trd, 000054.550, 154
Trd, 000055.750, 160
Trd, 000055.800, 161
Trd, 000057.217, 154
Trd, 000057.467, 162
Trd, 000057.633, 154
Trd, 000057.650, 163
Trd, 000057.917, 164
Trd, 000059.517, 161
Trd, 000060.817, 160
Trd, 000061.317, 161
Trd, 000061.500, 162
Trd, 000062.517, 177
Trd, 000062.983, 163
Trd, 000063.350, 162
Trd, 000063.950, 163
Trd, 000064.417, 161
Trd, 000064.700, 160
Trd, 000064.750, 154
Trd, 000065.967, 162
Trd, 000066.017, 161
Trd, 000066.817, 162
Trd, 000066.833, 161
Trd, 000067.550, 161
Trd, 000067.833, 163
Trd, 000068.233, 164
Trd, 000070.850, 163
Trd, 000071.217, 163
Trd, 000071.633, 162
Trd, 000072.000, 161
Trd, 000072.867, 160
Trd, 000073.217, 161
Trd, 000073.450, 164
Trd, 000073.650, 160
Trd, 000073.833, 165
Trd, 000074.000, 172
Trd, 000075.217, 160
Trd, 000075.550, 160
Trd, 000076.533, 160
Trd, 000076.583, 159
Trd, 000078.633, 161
Trd, 000078.717, 160
Trd, 000078.733, 161
Trd, 000078.800, 163
Trd, 000079.400, 157
Trd, 000079.433, 156
Trd, 000080.883, 152
Trd, 000081.150, 159
Trd, 000083.200, 163
Trd, 000083.467, 156
Trd, 000083.600, 146
Trd, 000083.783, 164
Trd, 000084.317, 152
Trd, 000084.617, 150
Trd, 000084.633, 146
Trd, 000084.983, 160
Trd, 000085.433, 159
Trd, 000086.000, 160
Trd, 000086.067, 152
Trd, 000086.183, 161
Trd, 000086.200, 166
Trd, 000086.567, 152
Trd, 000086.817, 145
Trd, 000088.433, 159
Trd, 000088.867, 155
Trd, 000089.183, 153
Trd, 000089.433, 159
Trd, 000090.017, 158
Trd, 000090.933, 159
Trd, 000093.267, 156
Trd, 000094.017, 158
Trd, 000094.583, 157
Trd, 000094.700, 155
Trd, 000094.933, 155
Trd, 000095.000, 156
Trd, 000095.450, 158
Trd, 000095.467, 160
Trd, 000095.533, 167
Trd, 000095.717, 158
Trd, 000096.117, 161
Trd, 000096.767, 157
Trd, 000097.817, 172
Trd, 000098.200, 168
Trd, 000098.383, 154
Trd, 000099.117, 163
Trd, 000100.033, 163
Trd, 000100.067, 164
Trd, 000100.250, 162
Trd, 000100.433, 169
Trd, 000100.867, 160
Trd, 000101.067, 158
Trd, 000103.017, 166
Trd, 000103.150, 159
Trd, 000103.550, 158
Trd, 000103.883, 156
Trd, 000104.750, 162
Trd, 000105.667, 161
Trd, 000105.983, 161
Trd, 000106.067, 161
Trd, 000106.250, 162
Trd, 000106.617, 160
Trd, 000108.150, 164
Trd, 000108.650, 163
Trd, 000109.317, 163
Trd, 000109.433, 159
Trd, 000110.250, 164
Trd, 000110.667, 162
Trd, 000111.200, 162
Trd, 000111.850, 166
Trd, 000112.083, 173
Trd, 000112.450, 164
Trd, 000114.700, 169
Trd, 000115.000, 161
Trd, 000115.850, 161
Trd, 000115.900, 159
Trd, 000116.283, 159
Trd, 000116.367, 159
Trd, 000116.467, 160
Trd, 000116.517, 162
Trd, 000116.733, 147
Trd, 000117.783, 162
Trd, 000118.650, 159
Trd, 000119.333, 160
Trd, 000119.450, 160
Trd, 000119.683, 159
Trd, 000120.683, 158
Trd, 000121.283, 170
Trd, 000121.983, 173
Trd, 000122.217, 177
Trd, 000122.867, 183
Trd, 000122.967, 182
Trd, 000123.183, 180
Trd, 000123.383, 178
Trd, 000123.933, 182
Trd, 000124.133, 174
Trd, 000124.450, 168
Trd, 000125.050, 177
Trd, 000125.767, 187
Trd, 000126.467, 184
Trd, 000127.033, 175
Trd, 000128.117, 175
Trd, 000128.933, 167
Trd, 000129.450, 160
Trd, 000129.750, 162
Trd, 000130.567, 168
Trd, 000130.583, 158
Trd, 000131.150, 165
Trd, 000131.317, 165
Trd, 000131.817, 166
Trd, 000132.483, 163
Trd, 000132.583, 167
Trd, 000132.817, 163
Trd, 000132.967, 162
Trd, 000133.300, 171
Trd, 000133.983, 163
Trd, 000134.283, 166
Trd, 000134.833, 184
Trd, 000135.267, 162
Trd, 000136.317, 167
Trd, 000136.733, 168
Trd, 000137.250, 168
Trd, 000139.017, 167
Trd, 000139.333, 163
Trd, 000139.433, 163
Trd, 000140.050, 162
Trd, 000140.400, 162
Trd, 000140.433, 167
Trd, 000140.683, 168
Trd, 000141.333, 169
Trd, 000142.933, 171
Trd, 000144.183, 166
Trd, 000144.550, 164
Trd, 000145.233, 165
Trd, 000145.333, 167
Trd, 000145.533, 168
Trd, 000145.867, 166
Trd, 000146.817, 168
Trd, 000146.933, 165
Trd, 000148.133, 165
Trd, 000148.667, 165
Trd, 000148.733, 169
Trd, 000149.533, 163
Trd, 000150.000, 161
Trd, 000150.767, 163
Trd, 000151.117, 163
Trd, 000151.133, 165
Trd, 000151.317, 161
Trd, 000151.917, 159
Trd, 000152.017, 166
Trd, 000152.150, 160
Trd, 000152.567, 173
Trd, 000153.333, 171
Trd, 000155.067, 177
Trd, 000155.083, 170
Trd, 000156.650, 165
Trd, 000157.250, 165
Trd, 000157.517, 167
Trd, 000157.733, 164
Trd, 000158.683, 166
Trd, 000159.150, 166
Trd, 000159.200, 165
Trd, 000159.917, 166
Trd, 000159.950, 165
Trd, 000160.117, 164
Trd, 000160.800, 162
Trd, 000161.383, 162
Trd, 000162.333, 172
Trd, 000162.817, 160
Trd, 000163.000, 173
Trd, 000163.567, 157
Trd, 000163.767, 172
Trd, 000164.483, 173
Trd, 000164.517, 151
Trd, 000164.950, 150
Trd, 000165.067, 174
Trd, 000166.483, 170
Trd, 000166.650, 179
Trd, 000168.667, 183
Trd, 000168.900, 182
Trd, 000169.250, 181
Trd, 000169.633, 177
Trd, 000169.817, 179
Trd, 000170.233, 176
Trd, 000170.500, 174
Trd, 000171.000, 175
Trd, 000171.017, 168
Trd, 000171.400, 175
Trd, 000171.850, 168
Trd, 000172.917, 168
Trd, 000172.933, 167
Trd, 000173.433, 172
Trd, 000173.850, 175
Trd, 000174.183, 174
Trd, 000175.050, 175
Trd, 000175.217, 168
Trd, 000175.417, 165
Trd, 000175.517, 169
Trd, 000176.433, 174
Trd, 000177.300, 168
Trd, 000177.350, 167
Trd, 000177.417, 166
Trd, 000178.883, 166
Trd, 000179.617, 171
Trd, 000180.117, 169
Trd, 000180.350, 170
Trd, 000180.433, 171
Trd, 000180.467, 172
Trd, 000181.350, 169
Trd, 000181.817, 175
Trd, 000182.200, 169
Trd, 000182.550, 175
Trd, 000182.733, 168
Trd, 000183.317, 168
Trd, 000183.467, 171
Trd, 000183.483, 167
Trd, 000183.883, 167
Trd, 000184.150, 162
Trd, 000184.683, 149
Trd, 000185.450, 159
Trd, 000185.567, 163
Trd, 000186.550, 162
Trd, 000186.600, 164
Trd, 000187.217, 164
Trd, 000188.567, 165
Trd, 000188.867, 167
Trd, 000189.050, 165
Trd, 000189.233, 166
Trd, 000190.117, 167
Trd, 000190.467, 163
Trd, 000190.733, 170
Trd, 000190.750, 187
Trd, 000193.067, 184
Trd, 000194.333, 180
Trd, 000194.417, 180
Trd, 000194.567, 180
Trd, 000194.617, 179
Trd, 000194.950, 174
Trd, 000195.100, 181
Trd, 000195.300, 185
Trd, 000195.333, 167
Trd, 000195.517, 167
Trd, 000196.250, 178
Trd, 000196.667, 168
Trd, 000197.150, 167
Trd, 000198.267, 175
Trd, 000198.750, 177
Trd, 000199.567, 172
Trd, 000200.517, 174
Trd, 000200.950, 174
Trd, 000201.450, 174
Trd, 000201.917, 172
Trd, 000202.083, 172
Trd, 000202.100, 169
Trd, 000202.150, 175
Trd, 000202.450, 174
Trd, 000202.933, 172
Trd, 000203.317, 168
Trd, 000203.400, 175
Trd, 000203.783, 164
Trd, 000204.200, 167
Trd, 000205.283, 168
Trd, 000206.217, 166
Trd, 000207.817, 166
Trd, 000208.133, 168
Trd, 000208.583, 170
Trd, 000209.017, 168
Trd, 000209.100, 177
Trd, 000209.583, 165
Trd, 000210.617, 177
Trd, 000210.850, 173
Trd, 000210.900, 172
Trd, 000211.083, 171
Trd, 000211.250, 178
Trd, 000212.033, 176
Trd, 000213.200, 176
Trd, 000213.483, 174
Trd, 000213.600, 175
Trd, 000214.933, 174
Trd, 000214.983, 171
Trd, 000215.500, 175
Trd, 000215.883, 175
Trd, 000216.933, 172
Trd, 000216.967, 170
Trd, 000217.050, 169
Trd, 000217.317, 175
Trd, 000217.750, 180
Trd, 000217.950, 171
Trd, 000218.250, 185
Trd, 000218.317, 184
Trd, 000219.283, 196
Trd, 000220.283, 187
Trd, 000220.667, 183
Trd, 000221.150, 184
Trd, 000222.200, 184
Trd, 000222.517, 182
Trd, 000224.117, 181
Trd, 000224.900, 173
Trd, 000225.733, 173
Trd, 000226.267, 178
Trd, 000226.500, 173
Trd, 000226.667, 179
Trd, 000227.083, 180
Trd, 000227.950, 180
Trd, 000228.983, 177
Trd, 000229.017, 172
Trd, 000229.200, 171
Trd, 000229.283, 171
Trd, 000230.200, 175
Trd, 000231.117, 168
Trd, 000231.533, 176
Trd, 000231.633, 167
Trd, 000231.650, 175
Trd, 000233.267, 169
Trd, 000233.300, 170
Trd, 000233.833, 169
Trd, 000234.783, 171
Trd, 000235.633, 169
Trd, 000236.183, 171
Trd, 000236.267, 174
Trd, 000236.467, 179
Trd, 000237.400, 179
Trd, 000238.000, 178
Trd, 000238.467, 179
Trd, 000238.833, 182
Trd, 000238.950, 176
Trd, 000239.017, 174
Trd, 000239.033, 172
Trd, 000240.333, 175
Trd, 000240.350, 177
Trd, 000240.900, 176
Trd, 000241.950, 173
Trd, 000242.200, 173
Trd, 000242.250, 172
Trd, 000242.583, 173
Trd, 000242.850, 174
Trd, 000243.033, 176
Trd, 000244.333, 186
Trd, 000245.067, 182
Trd, 000245.333, 181
Trd, 000245.383, 179
Trd, 000245.500, 172
Trd, 000245.667, 173
Trd, 000246.000, 171
Trd, 000246.600, 169
Trd, 000246.817, 171
Trd, 000247.700, 181
Trd, 000248.700, 181
Trd, 000248.917, 177
Trd, 000249.300, 191
Trd, 000249.817, 187
Trd, 000250.633, 185
Trd, 000250.833, 176
Trd, 000251.400, 176
Trd, 000252.100, 177
Trd, 000252.117, 176
Trd, 000252.300, 176
Trd, 000252.350, 179
Trd, 000252.400, 176
Trd, 000254.250, 173
Trd, 000254.683, 173
Trd, 000254.700, 173
Trd, 000254.800, 169
Trd, 000255.583, 161
Trd, 000256.017, 162
Trd, 000256.633, 166
Trd, 000256.900, 165
Trd, 000257.000, 163
Trd, 000257.550, 165
Trd, 000257.817, 167
Trd, 000258.283, 173
Trd, 000258.883, 173
Trd, 000259.217, 176
Trd, 000259.567, 163
Trd, 000259.950, 173
Trd, 000260.667, 172
Trd, 000260.700, 170
Trd, 000260.783, 168
Trd, 000260.817, 177
Trd, 000260.883, 190
Trd, 000261.767, 177
Trd, 000262.650, 175
Trd, 000262.733, 178
Trd, 000263.067, 176
Trd, 000263.483, 177
Trd, 000263.567, 174
Trd, 000265.383, 170
Trd, 000265.767, 172
Trd, 000266.167, 174
Trd, 000266.450, 173
Trd, 000266.550, 174
Trd, 000266.750, 175
Trd, 000267.467, 174
Trd, 000268.533, 173
Trd, 000268.667, 171
Trd, 000268.933, 175
Trd, 000269.267, 171
Trd, 000269.367, 170
Trd, 000270.067, 170
Trd, 000270.533, 173
Trd, 000270.950, 169
Trd, 000271.000, 173
Trd, 000271.267, 173
Trd, 000272.233, 173
Trd, 000272.483, 175
Trd, 000272.500, 172
Trd, 000272.783, 178
Trd, 000273.717, 185
Trd, 000273.817, 176
Trd, 000274.733, 176
Trd, 000275.200, 176
Trd, 000275.217, 175
Trd, 000275.467, 174
Trd, 000275.483, 176
Trd, 000277.300, 175
Trd, 000277.600, 173
Trd, 000278.950, 164
Trd, 000279.250, 170
Trd, 000279.517, 175
Trd, 000279.683, 176
Trd, 000280.350, 168
Trd, 000280.750, 175
Trd, 000281.367, 176
Trd, 000281.400, 176
Trd, 000281.500, 179
Trd, 000281.567, 176
Trd, 000281.633, 183
Trd, 000281.783, 168
Trd, 000282.467, 172
Trd, 000283.450, 175
Trd, 000283.650, 179
Trd, 000283.667, 175
Trd, 000284.117, 176
Trd, 000284.600, 175
Trd, 000285.083, 175
Trd, 000285.283, 173
Trd, 000285.350, 175
Trd, 000285.783, 176
Trd, 000285.900, 183
Trd, 000285.950, 173
Trd, 000285.983, 172
Trd, 000286.200, 181
Trd, 000288.383, 165
Trd, 000288.550, 185
Trd, 000288.833, 184
Trd, 000289.667, 173
Trd, 000289.767, 170
Trd, 000290.333, 179
Trd, 000290.850, 180
Trd, 000291.067, 171
Trd, 000291.417, 172
Trd, 000291.650, 180
Trd, 000291.783, 181
Trd, 000292.183, 173
Trd, 000293.550, 172
Trd, 000293.967, 169
Trd, 000294.000, 163
Trd, 000294.383, 162
Trd, 000294.683, 170
Trd, 000295.300, 160
Trd, 000295.433, 169
Trd, 000295.683, 171
Trd, 000296.133, 174
Trd, 000296.633, 177
Trd, 000297.367, 177
Trd, 000297.750, 180
Trd, 000298.000, 180
Trd, 000298.183, 181
Trd, 000298.217, 184
Trd, 000298.233, 175
Trd, 000298.550, 174
Trd, 000299.250, 178
Trd, 000299.267, 178
Trd, 000299.767, 181
