Trd, 000001.850, 110
Trd, 000001.967, 109
Trd, 000002.533, 179
Trd, 000002.617, 118
Trd, 000003.400, 148
Trd, 000004.283, 150
Trd, 000004.567, 150
Trd, 000004.700, 150
Trd, 000006.250, 142
Trd, 000007.400, 146
Trd, 000007.917, 151
Trd, 000008.433, 163
Trd, 000009.333, 157
Trd, 000009.867, 166
Trd, 000009.983, 157
Trd, 000010.350, 151
Trd, 000010.750, 150
Trd, 000012.283, 149
Trd, 000012.333, 150
Trd, 000012.683, 154
Trd, 000013.467, 149
Trd, 000013.500, 149
Trd, 000013.583, 153
Trd, 000014.700, 157
Trd, 000015.050, 147
Trd, 000015.300, 150
Trd, 000016.083, 155
Trd, 000016.100, 145
Trd, 000017.183, 155
Trd, 000019.317, 153
Trd, 000019.600, 151
Trd, 000019.933, 152
Trd, 000020.433, 151
Trd, 000021.933, 153
Trd, 000022.467, 152
Trd, 000022.517, 153
Trd, 000023.417, 163
Trd, 000023.983, 154
Trd, 000024.150, 152
Trd, 000024.317, 163
Trd, 000024.500, 164
Trd, 000024.550, 152
Trd, 000024.750, 174
Trd, 000025.167, 146
Trd, 000025.567, 171
Trd, 000027.117, 141
Trd, 000028.233, 142
Trd, 000028.933, 142
Trd, 000028.950, 144
Trd, 000028.983, 140
Trd, 000029.300, 146
Trd, 000029.883, 144
Trd, 000030.133, 147
Trd, 000030.417, 141
Trd, 000030.567, 151
Trd, 000031.100, 152
Trd, 000032.033, 154
Trd, 000032.733, 165
Trd, 000033.117, 145
Trd, 000033.400, 145
Trd, 000033.533, 144
Trd, 000034.750, 144
Trd, 000035.217, 149
Trd, 000035.333, 140
Trd, 000036.283, 148
Trd, 000036.400, 143
Trd, 000036.683, 147
Trd, 000037.033, 147
Trd, 000037.067, 151
Trd, 000038.350, 152
Trd, 000038.717, 146
Trd, 000038.850, 155
Trd, 000040.950, 151
Trd, 000041.017, 161
Trd, 000041.233, 162
Trd, 000041.267, 150
Trd, 000041.950, 150
Trd, 000042.117, 162
Trd, 000042.833, 145
Trd, 000043.500, 166
Trd, 000044.533, 147
Trd, 000044.567, 148
Trd, 000044.800, 148
Trd, 000045.000, 149
Trd, 000045.117, 152
Trd, 000045.200, 148
Trd, 000045.683, 150
Trd, 000046.050, 149
Trd, 000046.250, 166
Trd, 000046.700, 174
Trd, 000046.717, 147
Trd, 000047.933, 150
Trd, 000048.317, 150
Trd, 000049.333, 150
Trd, 000049.700, 155
Trd, 000050.000, 156
Trd, 000050.800, 158
Trd, 000051.267, 166
Trd, 000052.167, 153
Trd, 000052.400, 167
Trd, 000053.067, 162
Trd, 000053.350, 161
Trd, 000053.700, 175
Trd, 000053.750, 177
Trd, 000054.467, 171
Trd, 000055.150, 167
Trd, 000055.917, 175
Trd, 000056.050, 180
Trd, 000056.300, 166
Trd, 000057.783, 175
Trd, 000058.717, 173
Trd, 000058.983, 168
Trd, 000059.033, 173
Trd, 000059.967, 170
Trd, 000060.183, 171
Trd, 000060.750, 168
Trd, 000060.933, 154
Trd, 000061.150, 170
Trd, 000061.967, 171
Trd, 000062.300, 172
Trd, 000062.333, 165
Trd, 000062.800, 173
Trd, 000062.883, 159
Trd, 000063.333, 178
Trd, 000063.783, 173
Trd, 000064.300, 143
Trd, 000064.550, 174
Trd, 000065.217, 170
Trd, 000066.117, 175
Trd, 000067.117, 160
Trd, 000067.233, 177
Trd, 000068.233, 188
Trd, 000068.483, 186
Trd, 000068.500, 169
Trd, 000069.150, 180
Trd, 000069.217, 185
Trd, 000070.800, 177
Trd, 000071.167, 171
Trd, 000071.200, 151
Trd, 000072.400, 175
Trd, 000074.050, 162
Trd, 000074.433, 160
Trd, 000074.483, 158
Trd, 000074.500, 162
Trd, 000074.683, 161
Trd, 000074.917, 155
Trd, 000075.533, 163
Trd, 000077.217, 159
Trd, 000077.550, 157
Trd, 000078.017, 163
Trd, 000079.033, 163
Trd, 000079.767, 163
Trd, 000079.900, 161
Trd, 000080.750, 169
Trd, 000080.817, 159
Trd, 000081.683, 159
Trd, 000083.250, 164
Trd, 000083.467, 159
Trd, 000083.617, 159
Trd, 000084.150, 164
Trd, 000084.367, 170
Trd, 000084.583, 160
Trd, 000084.800, 176
Trd, 000085.617, 158
Trd, 000086.100, 166
Trd, 000086.517, 166
Trd, 000087.000, 153
Trd, 000088.383, 158
Trd, 000088.450, 157
Trd, 000088.667, 164
Trd, 000089.600, 157
Trd, 000090.317, 167
Trd, 000090.750, 158
Trd, 000091.150, 168
Trd, 000091.600, 171
Trd, 000091.883, 160
Trd, 000092.550, 146
Trd, 000092.633, 170
Trd, 000094.117, 158
Trd, 000094.567, 169
Trd, 000095.417, 161
Trd, 000095.600, 169
Trd, 000096.383, 169
Trd, 000097.200, 162
Trd, 000097.400, 158
Trd, 000097.433, 157
Trd, 000098.150, 153
Trd, 000099.150, 163
Trd, 000099.200, 158
Trd, 000099.550, 163
Trd, 000099.583, 164
Trd, 000100.567, 170
Trd, 000100.683, 171
Trd, 000100.783, 172
Trd, 000100.900, 132
Trd, 000101.633, 167
Trd, 000103.233, 158
Trd, 000103.250, 157
Trd, 000103.450, 161
Trd, 000103.933, 159
Trd, 000104.583, 161
Trd, 000104.967, 172
Trd, 000105.183, 169
Trd, 000105.350, 161
Trd, 000106.450, 162
Trd, 000106.633, 176
Trd, 000106.967, 177
Trd, 000107.250, 162
Trd, 000107.667, 161
Trd, 000109.000, 161
Trd, 000110.700, 154
Trd, 000111.250, 171
Trd, 000112.350, 169
Trd, 000113.150, 180
Trd, 000113.367, 158
Trd, 000113.800, 159
Trd, 000114.150, 159
Trd, 000114.350, 158
Trd, 000115.700, 157
Trd, 000115.717, 159
Trd, 000115.800, 155
Trd, 000116.350, 158
Trd, 000116.600, 159
Trd, 000117.117, 173
Trd, 000117.917, 155
Trd, 000117.983, 154
Trd, 000118.250, 152
Trd, 000118.350, 158
Trd, 000118.667, 153
Trd, 000118.833, 160
Trd, 000120.300, 161
Trd, 000121.367, 162
Trd, 000121.483, 163
Trd, 000122.483, 157
Trd, 000123.917, 158
Trd, 000124.083, 159
Trd, 000124.883, 158
Trd, 000125.417, 160
Trd, 000125.700, 160
Trd, 000126.283, 157
Trd, 000126.400, 156
Trd, 000127.333, 160
Trd, 000127.783, 161
Trd, 000128.050, 157
Trd, 000128.133, 156
Trd, 000128.950, 160
Trd, 000129.050, 155
Trd, 000130.350, 161
Trd, 000130.467, 163
Trd, 000130.950, 161
Trd, 000131.967, 161
Trd, 000132.050, 163
Trd, 000132.417, 172
Trd, 000132.517, 173
Trd, 000132.850, 173
Trd, 000133.417, 159
Trd, 000133.983, 169
Trd, 000134.400, 181
Trd, 000135.100, 175
Trd, 000136.550, 180
Trd, 000136.683, 164
Trd, 000137.083, 164
Trd, 000137.950, 183
Trd, 000138.067, 164
Trd, 000138.200, 183
Trd, 000138.417, 185
Trd, 000139.767, 181
Trd, 000140.067, 167
Trd, 000140.317, 187
Trd, 000140.850, 187
Trd, 000142.217, 172
Trd, 000143.183, 170
Trd, 000143.417, 180
Trd, 000143.617, 169
Trd, 000144.283, 179
Trd, 000144.967, 179
Trd, 000145.300, 178
Trd, 000145.550, 180
Trd, 000147.283, 168
Trd, 000148.283, 175
Trd, 000148.700, 167
Trd, 000148.717, 163
Trd, 000148.967, 177
Trd, 000149.367, 182
Trd, 000150.333, 183
Trd, 000150.417, 182
Trd, 000150.850, 168
Trd, 000151.183, 184
Trd, 000151.250, 159
Trd, 000151.317, 185
Trd, 000152.200, 187
Trd, 000153.800, 181
Trd, 000154.483, 180
Trd, 000155.217, 179
Trd, 000155.683, 171
Trd, 000155.883, 170
Trd, 000156.333, 167
Trd, 000157.100, 177
Trd, 000158.183, 170
Trd, 000159.283, 176
Trd, 000159.433, 178
Trd, 000161.050, 174
Trd, 000161.167, 173
Trd, 000161.267, 172
Trd, 000161.283, 164
Trd, 000161.533, 174
Trd, 000162.133, 164
Trd, 000162.217, 176
Trd, 000162.667, 158
Trd, 000162.967, 174
Trd, 000163.650, 161
Trd, 000163.817, 160
Trd, 000163.917, 175
Trd, 000164.000, 178
Trd, 000166.200, 178
Trd, 000166.717, 179
Trd, 000167.400, 179
Trd, 000168.100, 170
Trd, 000169.100, 180
Trd, 000169.350, 171
Trd, 000169.383, 169
Trd, 000169.750, 179
Trd, 000170.333, 165
Trd, 000170.717, 182
Trd, 000170.833, 154
Trd, 000171.733, 184
Trd, 000172.300, 157
Trd, 000172.350, 158
Trd, 000172.383, 156
Trd, 000172.400, 165
Trd, 000174.433, 157
Trd, 000175.450, 168
Trd, 000175.683, 164
Trd, 000176.300, 171
Trd, 000177.183, 172
Trd, 000177.250, 180
Trd, 000179.717, 173
Trd, 000179.733, 174
Trd, 000179.750, 172
Trd, 000180.250, 173
Trd, 000180.467, 167
Trd, 000180.600, 163
Trd, 000181.283, 166
Trd, 000181.633, 160
Trd, 000183.250, 165
Trd, 000183.483, 167
Trd, 000184.817, 165
Trd, 000185.083, 166
Trd, 000185.683, 167
Trd, 000186.133, 165
Trd, 000186.350, 168
Trd, 000186.633, 169
Trd, 000187.417, 167
Trd, 000187.667, 163
Trd, 000187.867, 163
Trd, 000188.650, 177
Trd, 000190.033, 167
Trd, 000190.167, 165
Trd, 000191.500, 171
Trd, 000191.917, 171
Trd, 000192.100, 169
Trd, 000193.383, 167
Trd, 000193.417, 170
Trd, 000193.517, 156
Trd, 000193.950, 169
Trd, 000194.800, 187
Trd, 000195.183, 175
Trd, 000195.217, 187
Trd, 000196.383, 174
Trd, 000196.983, 173
Trd, 000197.633, 183
Trd, 000197.800, 175
Trd, 000198.450, 184
Trd, 000198.533, 176
Trd, 000198.983, 174
Trd, 000199.950, 175
Trd, 000200.733, 174
Trd, 000200.750, 182
Trd, 000201.683, 178
Trd, 000202.083, 175
Trd, 000203.033, 176
Trd, 000203.083, 168
Trd, 000203.750, 170
Trd, 000204.483, 176
Trd, 000204.567, 173
Trd, 000204.667, 178
Trd, 000204.900, 180
Trd, 000206.817, 178
Trd, 000207.083, 181
Trd, 000207.183, 182
Trd, 000207.500, 187
Trd, 000207.600, 173
Trd, 000207.633, 188
Trd, 000207.983, 168
Trd, 000209.433, 174
Trd, 000210.650, 174
Trd, 000210.983, 173
Trd, 000211.000, 189
Trd, 000212.833, 159
Trd, 000213.400, 160
Trd, 000213.683, 161
Trd, 000213.767, 162
Trd, 000214.017, 159
Trd, 000214.917, 163
Trd, 000216.017, 183
Trd, 000216.100, 183
Trd, 000216.300, 183
Trd, 000217.083, 172
Trd, 000217.417, 166
Trd, 000217.633, 171
Trd, 000218.100, 172
Trd, 000218.167, 173
Trd, 000218.417, 189
Trd, 000219.133, 169
Trd, 000219.617, 169
Trd, 000219.750, 168
Trd, 000220.150, 181
Trd, 000221.333, 168
Trd, 000221.533, 167
Trd, 000222.100, 166
Trd, 000223.400, 160
Trd, 000223.950, 166
Trd, 000224.183, 170
Trd, 000224.417, 170
Trd, 000224.900, 172
Trd, 000225.017, 173
Trd, 000226.167, 172
Trd, 000227.050, 167
Trd, 000227.317, 171
Trd, 000227.733, 169
Trd, 000228.717, 180
Trd, 000229.267, 182
Trd, 000229.967, 172
Trd, 000230.283, 173
Trd, 000230.350, 191
Trd, 000230.950, 187
Trd, 000231.483, 194
Trd, 000231.733, 171
Trd, 000231.767, 167
Trd, 000232.183, 188
Trd, 000232.350, 162
Trd, 000232.933, 163
Trd, 000233.117, 164
Trd, 000234.317, 190
Trd, 000234.900, 184
Trd, 000234.933, 179
Trd, 000235.167, 171
Trd, 000235.433, 188
Trd, 000236.767, 184
Trd, 000238.083, 168
Trd, 000239.100, 170
Trd, 000239.767, 171
Trd, 000239.833, 172
Trd, 000239.983, 181
Trd, 000240.233, 179
Trd, 000240.983, 180
Trd, 000241.533, 178
Trd, 000241.717, 177
Trd, 000242.183, 178
Trd, 000242.367, 175
Trd, 000242.583, 178
Trd, 000242.800, 172
Trd, 000243.767, 174
Trd, 000244.050, 174
Trd, 000244.300, 169
Trd, 000244.550, 175
Trd, 000245.650, 171
Trd, 000245.783, 170
Trd, 000246.250, 172
Trd, 000246.383, 171
Trd, 000246.483, 173
Trd, 000246.700, 172
Trd, 000246.983, 169
Trd, 000247.267, 169
Trd, 000248.233, 173
Trd, 000248.817, 176
Trd, 000249.117, 177
Trd, 000249.883, 177
Trd, 000249.967, 179
Trd, 000250.067, 176
Trd, 000250.150, 173
Trd, 000250.383, 177
Trd, 000251.100, 177
Trd, 000252.083, 178
Trd, 000252.400, 174
Trd, 000252.500, 174
Trd, 000252.700, 176
Trd, 000253.100, 173
Trd, 000253.183, 171
Trd, 000253.217, 169
Trd, 000253.633, 171
Trd, 000254.650, 170
Trd, 000254.683, 171
Trd, 000254.900, 169
Trd, 000255.300, 170
Trd, 000256.000, 175
Trd, 000256.317, 169
Trd, 000256.833, 171
Trd, 000257.800, 173
Trd, 000258.083, 168
Trd, 000258.183, 174
Trd, 000258.617, 176
Trd, 000259.250, 184
Trd, 000259.450, 184
Trd, 000259.667, 183
Trd, 000260.500, 184
Trd, 000261.050, 178
Trd, 000261.067, 180
Trd, 000261.183, 181
Trd, 000261.383, 177
Trd, 000261.567, 183
Trd, 000262.650, 175
Trd, 000262.833, 179
Trd, 000263.217, 174
Trd, 000264.033, 179
Trd, 000264.100, 183
Trd, 000264.267, 174
Trd, 000264.900, 183
Trd, 000265.700, 178
Trd, 000265.950, 177
Trd, 000266.183, 178
Trd, 000266.383, 175
Trd, 000267.400, 175
Trd, 000267.517, 172
Trd, 000268.267, 172
Trd, 000268.533, 173
Trd, 000268.800, 171
Trd, 000269.067, 169
Trd, 000269.217, 170
Trd, 000269.283, 167
Trd, 000269.367, 177
Trd, 000270.567, 172
Trd, 000271.000, 169
Trd, 000271.267, 168
Trd, 000271.350, 166
Trd, 000271.550, 169
Trd, 000272.000, 180
Trd, 000272.700, 181
Trd, 000273.583, 173
Trd, 000273.633, 181
Trd, 000274.350, 173
Trd, 000274.817, 169
Trd, 000275.150, 172
Trd, 000275.450, 172
Trd, 000275.683, 177
Trd, 000275.883, 177
Trd, 000276.167, 172
Trd, 000276.200, 164
Trd, 000276.533, 172
Trd, 000277.033, 170
Trd, 000277.300, 176
Trd, 000277.567, 178
Trd, 000278.817, 180
Trd, 000278.967, 176
Trd, 000279.183, 185
Trd, 000279.617, 175
Trd, 000280.217, 173
Trd, 000280.617, 173
Trd, 000281.233, 173
Trd, 000281.400, 174
Trd, 000281.450, 171
Trd, 000281.950, 175
Trd, 000282.383, 170
Trd, 000282.867, 176
Trd, 000282.917, 179
Trd, 000283.283, 186
Trd, 000283.900, 179
Trd, 000283.950, 172
Trd, 000284.533, 170
Trd, 000284.600, 170
Trd, 000285.050, 170
Trd, 000285.200, 172
Trd, 000286.150, 169
Trd, 000286.450, 168
Trd, 000286.467, 175
Trd, 000287.300, 174
Trd, 000287.383, 179
Trd, 000287.400, 184
Trd, 000287.450, 187
Trd, 000287.683, 162
Trd, 000287.817, 178
Trd, 000288.300, 185
Trd, 000288.900, 187
Trd, 000289.350, 180
Trd, 000289.500, 176
Trd, 000289.700, 177
Trd, 000290.150, 176
Trd, 000290.367, 174
Trd, 000291.600, 171
Trd, 000292.100, 173
Trd, 000292.900, 171
Trd, 000293.083, 170
Trd, 000293.400, 172
Trd, 000293.433, 169
Trd, 000293.700, 166
Trd, 000294.817, 172
Trd, 000294.900, 177
Trd, 000295.900, 169
Trd, 000296.883, 181
Trd, 000296.917, 176
Trd, 000297.183, 175
Trd, 000297.250, 185
Trd, 000297.783, 175
Trd, 000298.000, 175
Trd, 000298.933, 174
Trd, 000299.000, 173
Trd, 000299.433, 180
Trd, 000299.500, 181
Trd, 000299.633, 183
