Trd, 000001.133, 106
Trd, 000002.167, 134
Trd, 000003.183, 143
Trd, 000003.883, 144
Trd, 000004.100, 136
Trd, 000004.900, 144
Trd, 000004.917, 136
Trd, 000005.850, 144
Trd, 000006.417, 132
Trd, 000007.067, 132
Trd, 000007.367, 132
Trd, 000007.517, 145
Trd, 000007.550, 146
Trd, 000007.567, 149
Trd, 000008.067, 135
Trd, 000008.700, 141
Trd, 000009.717, 142
Trd, 000010.317, 143
Trd, 000010.917, 144
Trd, 000011.550, 145
Trd, 000012.750, 145
Trd, 000013.450, 145
Trd, 000014.067, 152
Trd, 000014.267, 145
Trd, 000014.433, 165
Trd, 000014.667, 144
Trd, 000015.283, 158
Trd, 000015.633, 149
Trd, 000015.667, 145
Trd, 000016.167, 146
Trd, 000016.500, 157
Trd, 000017.017, 148
Trd, 000017.300, 146
Trd, 000017.900, 149
Trd, 000018.133, 166
Trd, 000019.350, 163
Trd, 000019.417, 161
Trd, 000019.483, 146
Trd, 000020.617, 153
Trd, 000020.683, 165
Trd, 000021.133, 135
Trd, 000022.283, 132
Trd, 000022.350, 136
Trd, 000022.500, 110
Trd, 000022.967, 140
Trd, 000023.217, 144
Trd, 000024.083, 139
Trd, 000024.683, 141
Trd, 000026.433, 145
Trd, 000026.517, 144
Trd, 000026.650, 146
Trd, 000027.083, 151
Trd, 000027.400, 153
Trd, 000028.050, 161
Trd, 000029.483, 155
Trd, 000029.650, 154
Trd, 000029.783, 151
Trd, 000030.033, 147
Trd, 000030.183, 162
Trd, 000030.733, 147
Trd, 000031.083, 144
Trd, 000031.133, 143
Trd, 000031.317, 149
Trd, 000032.917, 146
Trd, 000033.100, 136
Trd, 000033.700, 144
Trd, 000034.017, 151
Trd, 000036.183, 147
Trd, 000036.333, 147
Trd, 000036.600, 152
Trd, 000036.667, 146
Trd, 000037.367, 150
Trd, 000038.000, 149
Trd, 000039.750, 151
Trd, 000040.000, 150
Trd, 000040.600, 152
Trd, 000040.783, 155
Trd, 000040.817, 169
Trd, 000041.167, 157
Trd, 000041.417, 148
Trd, 000041.817, 140
Trd, 000042.267, 152
Trd, 000042.483, 152
Trd, 000042.567, 148
Trd, 000043.083, 139
Trd, 000043.800, 146
Trd, 000044.133, 139
Trd, 000044.367, 146
Trd, 000044.400, 147
Trd, 000044.500, 148
Trd, 000044.833, 138
Trd, 000044.983, 155
Trd, 000046.383, 162
Trd, 000047.567, 161
Trd, 000048.117, 163
Trd, 000048.533, 156
Trd, 000049.000, 141
Trd, 000049.783, 157
Trd, 000050.167, 144
Trd, 000050.500, 153
Trd, 000051.000, 143
Trd, 000051.850, 149
Trd, 000051.917, 153
Trd, 000052.867, 138
Trd, 000053.500, 139
Trd, 000053.933, 138
Trd, 000054.233, 146
Trd, 000055.017, 143
Trd, 000055.917, 143
Trd, 000056.017, 144
Trd, 000056.933, 142
Trd, 000057.250, 139
Trd, 000058.483, 138
Trd, 000058.667, 135
Trd, 000059.150, 146
Trd, 000059.650, 147
Trd, 000059.917, 146
Trd, 000059.967, 148
Trd, 000060.267, 149
Trd, 000060.600, 144
Trd, 000061.650, 149
Trd, 000061.767, 150
Trd, 000061.867, 154
Trd, 000062.267, 153
Trd, 000062.967, 142
Trd, 000064.067, 157
Trd, 000064.100, 155
Trd, 000064.133, 154
Trd, 000064.717, 154
Trd, 000065.183, 171
Trd, 000065.533, 159
Trd, 000065.783, 178
Trd, 000066.967, 165
Trd, 000067.083, 164
Trd, 000068.083, 166
Trd, 000068.117, 158
Trd, 000068.917, 157
Trd, 000069.283, 156
Trd, 000069.667, 156
Trd, 000070.250, 159
Trd, 000070.383, 161
Trd, 000070.600, 163
Trd, 000070.717, 158
Trd, 000071.133, 166
Trd, 000071.167, 155
Trd, 000071.317, 152
Trd, 000072.667, 170
Trd, 000072.917, 158
Trd, 000073.550, 164
Trd, 000073.700, 167
Trd, 000073.967, 158
Trd, 000074.250, 155
Trd, 000074.417, 172
Trd, 000074.650, 152
Trd, 000075.033, 151
Trd, 000075.283, 140
Trd, 000076.667, 163
Trd, 000076.867, 159
Trd, 000077.833, 142
Trd, 000078.167, 144
Trd, 000078.550, 141
Trd, 000078.783, 153
Trd, 000079.283, 152
Trd, 000080.100, 152
Trd, 000080.700, 147
Trd, 000081.283, 151
Trd, 000081.350, 148
Trd, 000082.900, 147
Trd, 000083.383, 151
Trd, 000083.550, 153
Trd, 000083.900, 156
Trd, 000084.733, 145
Trd, 000085.717, 149
Trd, 000086.150, 152
Trd, 000086.733, 152
Trd, 000087.067, 160
Trd, 000087.217, 157
Trd, 000087.717, 166
Trd, 000087.833, 152
Trd, 000087.967, 172
Trd, 000088.067, 142
Trd, 000088.550, 170
Trd, 000088.667, 169
Trd, 000088.717, 173
Trd, 000088.933, 160
Trd, 000089.417, 162
Trd, 000090.350, 133
Trd, 000090.650, 153
Trd, 000092.467, 153
Trd, 000092.483, 150
Trd, 000092.533, 153
Trd, 000093.350, 152
Trd, 000093.633, 153
Trd, 000093.900, 144
Trd, 000094.267, 143
Trd, 000094.517, 154
Trd, 000095.000, 155
Trd, 000095.633, 143
Trd, 000095.700, 157
Trd, 000097.333, 146
Trd, 000097.617, 153
Trd, 000098.600, 147
Trd, 000099.117, 153
Trd, 000099.233, 154
Trd, 000099.567, 158
Trd, 000099.867, 158
Trd, 000099.933, 161
Trd, 000100.183, 153
Trd, 000101.550, 156
Trd, 000102.467, 160
Trd, 000102.600, 157
Trd, 000103.867, 161
Trd, 000103.883, 146
Trd, 000104.200, 144
Trd, 000104.333, 156
Trd, 000106.083, 151
Trd, 000106.250, 149
Trd, 000106.317, 154
Trd, 000107.183, 158
Trd, 000107.217, 161
Trd, 000107.300, 176
Trd, 000107.483, 155
Trd, 000107.567, 149
Trd, 000107.633, 183
Trd, 000107.650, 138
Trd, 000108.600, 159
Trd, 000108.667, 142
Trd, 000108.850, 168
Trd, 000109.467, 174
Trd, 000110.900, 159
Trd, 000111.200, 155
Trd, 000111.350, 154
Trd, 000112.033, 155
Trd, 000112.767, 159
Trd, 000113.183, 128
Trd, 000114.350, 141
Trd, 000114.600, 143
Trd, 000115.650, 145
Trd, 000116.233, 144
Trd, 000116.633, 150
Trd, 000117.083, 154
Trd, 000117.317, 155
Trd, 000118.383, 158
Trd, 000118.500, 151
Trd, 000118.883, 152
Trd, 000119.750, 151
Trd, 000120.317, 146
Trd, 000120.367, 151
Trd, 000120.767, 146
Trd, 000121.017, 145
Trd, 000121.100, 154
Trd, 000122.250, 160
Trd, 000122.767, 144
Trd, 000123.217, 163
Trd, 000123.283, 162
Trd, 000123.767, 156
Trd, 000124.017, 142
Trd, 000124.133, 174
Trd, 000126.317, 165
Trd, 000126.333, 164
Trd, 000126.967, 162
Trd, 000127.250, 166
Trd, 000127.800, 166
Trd, 000128.367, 184
Trd, 000128.900, 167
Trd, 000128.967, 164
Trd, 000129.483, 179
Trd, 000129.683, 163
Trd, 000129.733, 161
Trd, 000130.283, 157
Trd, 000131.283, 163
Trd, 000131.383, 164
Trd, 000131.917, 161
Trd, 000131.967, 160
Trd, 000132.300, 146
Trd, 000133.917, 160
Trd, 000134.150, 158
Trd, 000134.433, 178
Trd, 000134.817, 162
Trd, 000134.850, 160
Trd, 000135.100, 164
Trd, 000136.117, 157
Trd, 000136.217, 159
Trd, 000136.783, 157
Trd, 000137.667, 165
Trd, 000137.850, 158
Trd, 000138.167, 180
Trd, 000138.533, 165
Trd, 000139.400, 170
Trd, 000139.950, 168
Trd, 000140.550, 162
Trd, 000140.583, 151
Trd, 000141.367, 170
Trd, 000142.217, 149
Trd, 000142.433, 156
Trd, 000143.000, 157
Trd, 000143.317, 158
Trd, 000143.367, 156
Trd, 000143.550, 157
Trd, 000143.567, 158
Trd, 000144.017, 162
Trd, 000144.117, 155
Trd, 000144.767, 148
Trd, 000145.633, 147
Trd, 000146.450, 142
Trd, 000146.917, 154
Trd, 000147.533, 167
Trd, 000147.833, 175
Trd, 000147.917, 166
Trd, 000148.050, 180
Trd, 000148.550, 163
Trd, 000148.583, 204
Trd, 000148.833, 159
Trd, 000149.133, 186
Trd, 000149.400, 190
Trd, 000151.183, 169
Trd, 000151.633, 168
Trd, 000151.750, 163
Trd, 000151.900, 146
Trd, 000152.033, 179
Trd, 000153.750, 149
Trd, 000154.583, 164
Trd, 000154.950, 150
Trd, 000155.950, 160
Trd, 000156.083, 163
Trd, 000156.250, 157
Trd, 000156.583, 165
Trd, 000157.017, 155
Trd, 000157.083, 148
Trd, 000157.717, 164
Trd, 000158.717, 155
Trd, 000158.900, 155
Trd, 000159.000, 156
Trd, 000159.433, 160
Trd, 000159.617, 149
Trd, 000160.300, 158
Trd, 000161.183, 163
Trd, 000162.383, 167
Trd, 000162.450, 169
Trd, 000162.517, 166
Trd, 000162.567, 163
Trd, 000163.450, 179
Trd, 000165.083, 173
Trd, 000165.883, 170
Trd, 000166.250, 167
Trd, 000166.300, 164
Trd, 000166.467, 160
Trd, 000166.500, 173
Trd, 000166.783, 187
Trd, 000167.033, 161
Trd, 000167.400, 151
Trd, 000169.750, 167
Trd, 000170.433, 165
Trd, 000170.483, 164
Trd, 000170.983, 163
Trd, 000171.033, 168
Trd, 000171.050, 161
Trd, 000171.350, 168
Trd, 000171.367, 160
Trd, 000171.733, 188
Trd, 000171.900, 189
Trd, 000172.167, 168
Trd, 000172.417, 165
Trd, 000173.850, 163
Trd, 000174.783, 158
Trd, 000174.833, 162
Trd, 000174.850, 156
Trd, 000175.283, 165
Trd, 000175.683, 155
Trd, 000177.367, 152
Trd, 000177.417, 160
Trd, 000178.067, 153
Trd, 000178.500, 161
Trd, 000178.567, 162
Trd, 000178.817, 152
Trd, 000179.183, 151
Trd, 000179.833, 161
Trd, 000180.450, 161
Trd, 000180.867, 151
Trd, 000181.300, 162
Trd, 000182.317, 149
Trd, 000182.800, 162
Trd, 000183.533, 163
Trd, 000183.567, 148
Trd, 000184.600, 153
Trd, 000184.717, 166
Trd, 000184.800, 148
Trd, 000185.517, 163
Trd, 000185.733, 163
Trd, 000185.933, 155
Trd, 000186.033, 169
Trd, 000186.617, 167
Trd, 000186.783, 168
Trd, 000187.917, 167
Trd, 000188.167, 167
Trd, 000188.350, 168
Trd, 000188.400, 167
Trd, 000188.450, 168
Trd, 000190.383, 169
Trd, 000190.567, 180
Trd, 000190.700, 179
Trd, 000191.083, 168
Trd, 000191.533, 167
Trd, 000191.600, 163
Trd, 000192.450, 163
Trd, 000193.317, 174
Trd, 000193.717, 176
Trd, 000194.600, 186
Trd, 000195.033, 185
Trd, 000195.417, 181
Trd, 000196.200, 171
Trd, 000196.250, 170
Trd, 000196.333, 182
Trd, 000196.667, 183
Trd, 000197.000, 174
Trd, 000198.350, 195
Trd, 000198.367, 171
Trd, 000198.383, 197
Trd, 000198.850, 167
Trd, 000199.600, 180
Trd, 000200.367, 184
Trd, 000200.433, 182
Trd, 000200.500, 190
Trd, 000202.000, 172
Trd, 000202.283, 168
Trd, 000202.683, 164
Trd, 000203.733, 164
Trd, 000204.317, 175
Trd, 000204.483, 180
Trd, 000204.750, 185
Trd, 000205.083, 197
Trd, 000205.217, 195
Trd, 000205.383, 171
Trd, 000207.067, 181
Trd, 000207.550, 188
Trd, 000207.817, 181
Trd, 000207.917, 189
Trd, 000208.967, 193
Trd, 000209.017, 189
Trd, 000210.283, 179
Trd, 000210.717, 174
Trd, 000210.800, 172
Trd, 000210.950, 190
Trd, 000211.017, 172
Trd, 000212.133, 169
Trd, 000212.283, 182
Trd, 000212.417, 165
Trd, 000213.083, 165
Trd, 000213.300, 156
Trd, 000214.083, 156
Trd, 000214.867, 154
Trd, 000214.983, 149
Trd, 000215.683, 171
Trd, 000215.900, 170
Trd, 000216.833, 169
Trd, 000216.867, 170
Trd, 000217.100, 165
Trd, 000218.150, 169
Trd, 000218.650, 170
Trd, 000218.767, 166
Trd, 000218.983, 170
Trd, 000219.683, 166
Trd, 000220.317, 170
Trd, 000220.717, 157
Trd, 000220.867, 170
Trd, 000220.900, 173
Trd, 000221.100, 157
Trd, 000221.283, 187
Trd, 000222.633, 171
Trd, 000223.550, 173
Trd, 000223.683, 172
Trd, 000223.900, 176
Trd, 000224.233, 170
Trd, 000224.783, 173
Trd, 000224.867, 176
Trd, 000224.967, 166
Trd, 000225.067, 177
Trd, 000226.000, 177
Trd, 000226.367, 173
Trd, 000226.733, 187
Trd, 000227.367, 157
Trd, 000227.650, 171
Trd, 000228.117, 174
Trd, 000230.350, 158
Trd, 000230.383, 161
Trd, 000230.500, 156
Trd, 000231.200, 164
Trd, 000231.550, 163
Trd, 000232.633, 166
Trd, 000232.750, 165
Trd, 000232.967, 167
Trd, 000233.050, 165
Trd, 000234.050, 153
Trd, 000234.467, 168
Trd, 000234.550, 174
Trd, 000234.933, 167
Trd, 000235.333, 171
Trd, 000235.533, 178
Trd, 000235.567, 167
Trd, 000235.983, 170
Trd, 000236.617, 167
Trd, 000237.017, 167
Trd, 000237.400, 158
Trd, 000237.883, 156
Trd, 000237.933, 153
Trd, 000238.783, 160
Trd, 000239.050, 164
Trd, 000239.633, 168
Trd, 000240.383, 170
Trd, 000240.400, 172
Trd, 000240.600, 170
Trd, 000240.683, 172
Trd, 000241.117, 173
Trd, 000242.067, 170
Trd, 000242.250, 175
Trd, 000242.483, 170
Trd, 000243.200, 182
Trd, 000243.217, 176
Trd, 000243.567, 175
Trd, 000243.700, 180
Trd, 000243.750, 174
Trd, 000244.283, 174
Trd, 000244.333, 186
Trd, 000244.433, 185
Trd, 000244.550, 168
Trd, 000245.017, 157
Trd, 000245.367, 179
Trd, 000247.050, 159
Trd, 000247.233, 158
Trd, 000247.683, 163
Trd, 000247.850, 159
Trd, 000248.050, 158
Trd, 000248.100, 163
Trd, 000248.283, 165
Trd, 000248.700, 182
Trd, 000249.100, 170
Trd, 000249.683, 170
Trd, 000250.217, 168
Trd, 000250.283, 171
Trd, 000250.567, 169
Trd, 000250.767, 173
Trd, 000251.650, 173
Trd, 000251.817, 173
Trd, 000252.050, 171
Trd, 000253.017, 175
Trd, 000253.150, 176
Trd, 000253.950, 169
Trd, 000254.333, 171
Trd, 000254.383, 173
Trd, 000254.650, 161
Trd, 000255.167, 168
Trd, 000255.350, 169
Trd, 000255.683, 161
Trd, 000256.217, 168
Trd, 000256.750, 171
Trd, 000256.800, 172
Trd, 000257.250, 167
Trd, 000257.317, 177
Trd, 000258.350, 183
Trd, 000258.600, 182
Trd, 000259.367, 179
Trd, 000260.267, 181
Trd, 000260.350, 182
Trd, 000260.500, 178
Trd, 000260.617, 177
Trd, 000260.900, 183
Trd, 000260.967, 180
Trd, 000261.000, 159
Trd, 000262.083, 176
Trd, 000262.150, 175
Trd, 000262.433, 170
Trd, 000262.500, 169
Trd, 000263.233, 172
Trd, 000263.267, 176
Trd, 000263.333, 184
Trd, 000264.400, 165
Trd, 000265.917, 170
Trd, 000266.283, 171
Trd, 000266.467, 172
Trd, 000266.750, 175
Trd, 000267.117, 176
Trd, 000267.283, 174
Trd, 000267.367, 173
Trd, 000267.850, 176
Trd, 000268.100, 169
Trd, 000268.350, 174
Trd, 000268.800, 169
Trd, 000268.950, 168
Trd, 000269.000, 171
Trd, 000269.167, 171
Trd, 000269.217, 172
Trd, 000269.383, 175
Trd, 000269.600, 170
Trd, 000269.833, 157
Trd, 000270.117, 161
Trd, 000271.350, 169
Trd, 000271.550, 170
Trd, 000272.267, 170
Trd, 000272.300, 167
Trd, 000272.400, 178
Trd, 000272.433, 185
Trd, 000272.917, 161
Trd, 000272.983, 175
Trd, 000274.600, 166
Trd, 000275.483, 175
Trd, 000275.767, 168
Trd, 000275.917, 172
Trd, 000276.150, 172
Trd, 000276.183, 183
Trd, 000276.467, 178
Trd, 000276.950, 179
Trd, 000277.183, 179
Trd, 000277.300, 177
Trd, 000277.750, 162
Trd, 000277.883, 157
Trd, 000277.983, 159
Trd, 000278.583, 166
Trd, 000278.633, 160
Trd, 000278.883, 160
Trd, 000279.400, 159
Trd, 000279.833, 163
Trd, 000280.317, 164
Trd, 000280.800, 165
Trd, 000281.433, 163
Trd, 000282.133, 163
Trd, 000282.217, 160
Trd, 000282.350, 172
Trd, 000282.633, 176
Trd, 000282.883, 174
Trd, 000283.517, 178
Trd, 000283.550, 175
Trd, 000283.733, 166
Trd, 000284.050, 169
Trd, 000284.483, 176
Trd, 000284.633, 177
Trd, 000284.933, 179
Trd, 000285.200, 186
Trd, 000285.783, 180
Trd, 000286.000, 190
Trd, 000287.133, 189
Trd, 000287.317, 188
Trd, 000287.567, 188
Trd, 000288.217, 172
Trd, 000288.267, 170
Trd, 000288.583, 178
Trd, 000288.667, 165
Trd, 000288.717, 215
Trd, 000289.517, 173
Trd, 000289.600, 179
Trd, 000290.383, 204
Trd, 000290.683, 185
Trd, 000291.000, 191
Trd, 000291.383, 196
Trd, 000291.867, 195
Trd, 000292.117, 194
Trd, 000292.233, 193
Trd, 000292.717, 185
Trd, 000294.383, 187
Trd, 000294.450, 185
Trd, 000294.800, 190
Trd, 000294.867, 191
Trd, 000295.650, 184
Trd, 000295.733, 180
Trd, 000295.750, 194
Trd, 000295.883, 177
Trd, 000296.433, 173
Trd, 000296.467, 181
Trd, 000296.500, 171
Trd, 000296.700, 215
Trd, 000296.933, 172
Trd, 000297.917, 185
Trd, 000298.217, 183
Trd, 000298.483, 184
Trd, 000298.900, 183
Trd, 000299.033, 167
Trd, 000299.517, 185
