Trd, 000000.767, 105
Trd, 000002.217, 163
Trd, 000002.917, 168
Trd, 000003.767, 162
Trd, 000003.833, 158
Trd, 000004.700, 159
Trd, 000004.783, 143
Trd, 000004.900, 160
Trd, 000006.200, 146
Trd, 000006.333, 144
Trd, 000007.150, 141
Trd, 000007.233, 156
Trd, 000008.133, 154
Trd, 000008.350, 152
Trd, 000008.417, 156
Trd, 000009.933, 155
Trd, 000010.400, 156
Trd, 000011.083, 156
Trd, 000011.183, 159
Trd, 000012.417, 160
Trd, 000012.883, 161
Trd, 000013.067, 161
Trd, 000013.217, 162
Trd, 000013.967, 159
Trd, 000013.983, 163
Trd, 000014.050, 166
Trd, 000014.700, 164
Trd, 000015.583, 157
Trd, 000017.050, 156
Trd, 000017.217, 134
Trd, 000018.433, 151
Trd, 000018.500, 152
Trd, 000018.867, 151
Trd, 000019.367, 157
Trd, 000019.383, 150
Trd, 000020.283, 156
Trd, 000020.900, 150
Trd, 000020.967, 151
Trd, 000021.800, 152
Trd, 000022.317, 150
Trd, 000023.450, 151
Trd, 000023.517, 150
Trd, 000023.850, 151
Trd, 000024.433, 150
Trd, 000024.917, 151
Trd, 000025.467, 147
Trd, 000025.583, 149
Trd, 000025.933, 155
Trd, 000026.100, 160
Trd, 000026.383, 165
Trd, 000028.250, 149
Trd, 000028.500, 158
Trd, 000029.433, 147
Trd, 000030.000, 157
Trd, 000030.533, 154
Trd, 000030.933, 154
Trd, 000031.067, 157
Trd, 000031.733, 148
Trd, 000031.750, 154
Trd, 000033.683, 152
Trd, 000034.017, 152
Trd, 000034.050, 153
Trd, 000034.067, 155
Trd, 000034.150, 149
Trd, 000035.417, 160
Trd, 000035.850, 158
Trd, 000037.217, 158
Trd, 000037.800, 152
Trd, 000040.533, 156
Trd, 000040.817, 158
Trd, 000040.950, 154
Trd, 000041.183, 157
Trd, 000041.583, 152
Trd, 000042.317, 156
Trd, 000044.133, 156
Trd, 000044.267, 157
Trd, 000044.817, 156
Trd, 000045.100, 152
Trd, 000045.417, 153
Trd, 000046.150, 153
Trd, 000046.317, 154
Trd, 000047.133, 155
Trd, 000048.033, 148
Trd, 000048.900, 156
Trd, 000049.033, 157
Trd, 000050.183, 157
Trd, 000050.217, 158
Trd, 000050.583, 159
Trd, 000050.633, 160
Trd, 000051.217, 160
Trd, 000051.250, 163
Trd, 000051.500, 167
Trd, 000051.817, 173
Trd, 000052.883, 169
Trd, 000053.083, 169
Trd, 000053.533, 168
Trd, 000054.017, 163
Trd, 000054.533, 166
Trd, 000054.950, 165
Trd, 000055.233, 160
Trd, 000055.750, 150
Trd, 000055.850, 164
Trd, 000056.200, 165
Trd, 000057.900, 166
Trd, 000058.083, 162
Trd, 000058.533, 166
Trd, 000058.833, 167
Trd, 000059.483, 164
Trd, 000059.983, 164
Trd, 000060.917, 161
Trd, 000061.117, 150
Trd, 000061.783, 161
Trd, 000062.433, 161
Trd, 000063.050, 158
Trd, 000064.267, 156
Trd, 000064.750, 155
Trd, 000065.217, 157
Trd, 000065.533, 161
Trd, 000065.833, 155
Trd, 000066.117, 156
Trd, 000066.167, 158
Trd, 000066.883, 156
Trd, 000067.283, 157
Trd, 000067.450, 160
Trd, 000067.683, 149
Trd, 000068.000, 139
Trd, 000068.267, 162
Trd, 000070.383, 159
Trd, 000070.400, 160
Trd, 000071.150, 157
Trd, 000071.617, 157
Trd, 000072.183, 152
Trd, 000072.400, 162
Trd, 000072.617, 165
Trd, 000072.750, 139
Trd, 000073.800, 167
Trd, 000073.850, 158
Trd, 000073.917, 169
Trd, 000075.033, 166
Trd, 000075.967, 163
Trd, 000076.167, 165
Trd, 000077.500, 159
Trd, 000078.133, 160
Trd, 000078.167, 163
Trd, 000079.750, 162
Trd, 000080.533, 162
Trd, 000081.133, 164
Trd, 000081.467, 165
Trd, 000081.817, 162
Trd, 000082.783, 161
Trd, 000082.850, 163
Trd, 000082.883, 164
Trd, 000083.050, 150
Trd, 000085.383, 154
Trd, 000085.483, 155
Trd, 000085.600, 141
Trd, 000086.033, 166
Trd, 000087.300, 165
Trd, 000089.000, 158
Trd, 000089.017, 161
Trd, 000089.367, 161
Trd, 000089.417, 158
Trd, 000089.700, 162
Trd, 000090.200, 163
Trd, 000090.700, 164
Trd, 000091.183, 167
Trd, 000092.933, 171
Trd, 000093.450, 171
Trd, 000093.717, 166
Trd, 000094.567, 172
Trd, 000096.283, 168
Trd, 000096.500, 166
Trd, 000096.867, 168
Trd, 000097.083, 167
Trd, 000097.267, 167
Trd, 000097.283, 168
Trd, 000097.617, 170
Trd, 000099.350, 168
Trd, 000100.117, 162
Trd, 000100.550, 153
Trd, 000101.200, 156
Trd, 000101.567, 157
Trd, 000102.417, 156
Trd, 000103.033, 157
Trd, 000103.167, 157
Trd, 000103.700, 175
Trd, 000103.750, 173
Trd, 000104.100, 172
Trd, 000104.783, 163
Trd, 000104.950, 141
Trd, 000106.333, 163
Trd, 000106.367, 163
Trd, 000106.600, 163
Trd, 000106.783, 164
Trd, 000107.700, 156
Trd, 000108.950, 161
Trd, 000109.267, 161
Trd, 000109.817, 160
Trd, 000110.267, 159
Trd, 000110.950, 161
Trd, 000111.533, 162
Trd, 000111.633, 166
Trd, 000111.967, 159
Trd, 000112.050, 169
Trd, 000112.483, 173
Trd, 000112.583, 165
Trd, 000112.633, 159
Trd, 000113.967, 172
Trd, 000114.233, 172
Trd, 000114.767, 172
Trd, 000115.033, 172
Trd, 000115.317, 169
Trd, 000115.683, 173
Trd, 000116.083, 155
Trd, 000116.600, 141
Trd, 000116.667, 163
Trd, 000117.850, 144
Trd, 000118.983, 159
Trd, 000119.217, 160
Trd, 000119.350, 163
Trd, 000120.000, 163
Trd, 000120.967, 157
Trd, 000121.000, 163
Trd, 000121.550, 157
Trd, 000121.567, 155
Trd, 000121.783, 163
Trd, 000121.817, 143
Trd, 000123.083, 164
Trd, 000123.783, 166
Trd, 000125.883, 167
Trd, 000126.333, 168
Trd, 000126.850, 168
Trd, 000127.733, 165
Trd, 000128.083, 169
Trd, 000128.183, 170
Trd, 000128.233, 175
Trd, 000128.333, 166
Trd, 000128.733, 165
Trd, 000129.917, 169
Trd, 000130.567, 162
Trd, 000131.000, 157
Trd, 000131.083, 164
Trd, 000131.717, 165
Trd, 000132.317, 156
Trd, 000133.967, 166
Trd, 000134.967, 166
Trd, 000134.983, 167
Trd, 000135.033, 168
Trd, 000135.867, 171
Trd, 000135.950, 176
Trd, 000136.500, 176
Trd, 000137.833, 172
Trd, 000138.067, 177
Trd, 000138.250, 167
Trd, 000139.067, 171
Trd, 000139.483, 171
Trd, 000140.567, 174
Trd, 000140.733, 176
Trd, 000140.883, 170
Trd, 000141.683, 157
Trd, 000141.950, 155
Trd, 000142.067, 172
Trd, 000143.167, 145
Trd, 000143.483, 155
Trd, 000144.300, 157
Trd, 000145.417, 156
Trd, 000145.517, 157
Trd, 000146.250, 158
Trd, 000146.300, 169
Trd, 000146.567, 169
Trd, 000146.867, 170
Trd, 000147.933, 161
Trd, 000148.600, 160
Trd, 000150.233, 160
Trd, 000150.467, 160
Trd, 000150.533, 162
Trd, 000151.167, 163
Trd, 000151.217, 159
Trd, 000152.233, 164
Trd, 000152.517, 165
Trd, 000153.450, 166
Trd, 000153.867, 169
Trd, 000154.033, 170
Trd, 000154.950, 168
Trd, 000155.417, 168
Trd, 000155.483, 166
Trd, 000155.633, 161
Trd, 000156.100, 159
Trd, 000157.233, 165
Trd, 000157.583, 165
Trd, 000157.617, 166
Trd, 000158.417, 160
Trd, 000159.200, 163
Trd, 000159.817, 163
Trd, 000159.867, 161
Trd, 000160.517, 162
Trd, 000161.083, 158
Trd, 000162.250, 166
Trd, 000162.433, 167
Trd, 000162.483, 174
Trd, 000163.883, 162
Trd, 000164.983, 163
Trd, 000165.067, 162
Trd, 000165.200, 164
Trd, 000166.033, 166
Trd, 000167.683, 166
Trd, 000167.783, 168
Trd, 000168.317, 168
Trd, 000168.733, 162
Trd, 000169.183, 172
Trd, 000169.817, 162
Trd, 000170.250, 162
Trd, 000170.300, 163
Trd, 000170.783, 164
Trd, 000171.300, 162
Trd, 000171.700, 175
Trd, 000172.033, 173
Trd, 000172.300, 179
Trd, 000172.700, 182
Trd, 000173.917, 160
Trd, 000174.517, 172
Trd, 000174.917, 171
Trd, 000175.467, 172
Trd, 000176.683, 163
Trd, 000178.233, 165
Trd, 000178.433, 173
Trd, 000178.833, 173
Trd, 000180.167, 170
Trd, 000180.650, 170
Trd, 000181.317, 170
Trd, 000181.567, 170
Trd, 000181.600, 173
Trd, 000181.633, 169
Trd, 000183.700, 171
Trd, 000183.883, 173
Trd, 000184.183, 179
Trd, 000184.583, 173
Trd, 000184.683, 171
Trd, 000185.200, 173
Trd, 000185.567, 170
Trd, 000186.000, 176
Trd, 000187.100, 179
Trd, 000187.133, 180
Trd, 000187.667, 169
Trd, 000188.533, 174
Trd, 000189.150, 174
Trd, 000189.700, 174
Trd, 000189.983, 174
Trd, 000190.283, 177
Trd, 000190.383, 175
Trd, 000191.383, 177
Trd, 000192.383, 177
Trd, 000193.917, 163
Trd, 000194.350, 174
Trd, 000194.533, 175
Trd, 000195.067, 163
Trd, 000195.233, 168
Trd, 000195.333, 171
Trd, 000196.050, 167
Trd, 000196.817, 169
Trd, 000196.850, 168
Trd, 000197.167, 169
Trd, 000197.367, 163
Trd, 000197.483, 170
Trd, 000197.917, 173
Trd, 000198.500, 178
Trd, 000199.117, 185
Trd, 000199.583, 176
Trd, 000201.333, 165
Trd, 000201.650, 167
Trd, 000201.933, 162
Trd, 000203.017, 164
Trd, 000203.033, 163
Trd, 000203.250, 168
Trd, 000203.283, 171
Trd, 000203.383, 175
Trd, 000204.067, 181
Trd, 000204.767, 178
Trd, 000206.117, 177
Trd, 000206.467, 178
Trd, 000207.717, 178
Trd, 000208.500, 173
Trd, 000208.600, 172
Trd, 000209.550, 172
Trd, 000209.800, 174
Trd, 000210.133, 175
Trd, 000210.967, 173
Trd, 000211.283, 171
Trd, 000211.700, 155
Trd, 000212.100, 167
Trd, 000212.483, 164
Trd, 000212.850, 176
Trd, 000214.567, 169
Trd, 000214.817, 173
Trd, 000215.167, 170
Trd, 000215.400, 170
Trd, 000215.417, 172
Trd, 000216.100, 173
Trd, 000216.550, 179
Trd, 000217.017, 177
Trd, 000218.333, 174
Trd, 000219.033, 166
Trd, 000219.200, 176
Trd, 000219.350, 156
Trd, 000220.783, 178
Trd, 000222.167, 171
Trd, 000222.667, 170
Trd, 000223.017, 173
Trd, 000223.267, 175
Trd, 000223.383, 171
Trd, 000223.750, 172
Trd, 000223.933, 173
Trd, 000225.467, 170
Trd, 000225.600, 172
Trd, 000225.883, 171
Trd, 000227.150, 172
Trd, 000227.217, 173
Trd, 000227.567, 171
Trd, 000227.983, 180
Trd, 000228.033, 185
Trd, 000228.417, 171
Trd, 000229.083, 178
Trd, 000230.400, 175
Trd, 000230.717, 176
Trd, 000231.083, 175
Trd, 000232.033, 174
Trd, 000232.583, 174
Trd, 000232.933, 181
Trd, 000233.567, 173
Trd, 000234.950, 173
Trd, 000236.050, 174
Trd, 000236.267, 175
Trd, 000237.417, 176
Trd, 000237.583, 174
Trd, 000238.233, 177
Trd, 000239.467, 172
Trd, 000239.983, 170
Trd, 000240.133, 169
Trd, 000240.650, 171
Trd, 000240.733, 169
Trd, 000241.183, 168
Trd, 000241.267, 168
Trd, 000241.350, 170
Trd, 000241.650, 168
Trd, 000241.783, 170
Trd, 000242.267, 169
Trd, 000242.417, 170
Trd, 000242.950, 172
Trd, 000243.400, 166
Trd, 000243.417, 173
Trd, 000243.750, 175
Trd, 000243.800, 179
Trd, 000244.917, 182
Trd, 000245.267, 177
Trd, 000245.633, 184
Trd, 000245.683, 186
Trd, 000246.867, 177
Trd, 000246.933, 179
Trd, 000247.717, 174
Trd, 000247.733, 176
Trd, 000248.200, 175
Trd, 000248.733, 175
Trd, 000249.950, 173
Trd, 000249.967, 172
Trd, 000250.117, 183
Trd, 000250.283, 178
Trd, 000250.517, 178
Trd, 000250.750, 173
Trd, 000251.050, 173
Trd, 000251.150, 178
Trd, 000252.717, 176
Trd, 000253.400, 177
Trd, 000253.617, 176
Trd, 000254.033, 179
Trd, 000254.083, 180
Trd, 000254.317, 180
Trd, 000254.500, 174
Trd, 000254.633, 173
Trd, 000254.867, 178
Trd, 000255.883, 177
Trd, 000255.900, 176
Trd, 000256.383, 178
Trd, 000256.517, 183
Trd, 000257.117, 174
Trd, 000257.450, 177
Trd, 000257.667, 178
Trd, 000257.933, 176
Trd, 000258.333, 176
Trd, 000258.567, 180
Trd, 000259.500, 176
Trd, 000259.733, 180
Trd, 000259.783, 177
Trd, 000260.333, 178
Trd, 000260.833, 173
Trd, 000261.117, 177
Trd, 000262.067, 177
Trd, 000262.083, 174
Trd, 000262.867, 181
Trd, 000263.050, 180
Trd, 000263.850, 180
Trd, 000263.967, 177
Trd, 000264.233, 174
Trd, 000264.850, 176
Trd, 000264.950, 173
Trd, 000265.383, 173
Trd, 000265.717, 169
Trd, 000266.450, 170
Trd, 000266.750, 168
Trd, 000266.983, 164
Trd, 000267.150, 165
Trd, 000267.517, 159
Trd, 000267.600, 164
Trd, 000267.933, 165
Trd, 000268.000, 159
Trd, 000268.633, 165
Trd, 000269.367, 171
Trd, 000269.467, 178
Trd, 000269.583, 178
Trd, 000269.817, 179
Trd, 000270.250, 170
Trd, 000270.600, 166
Trd, 000271.183, 168
Trd, 000271.867, 173
Trd, 000272.350, 182
Trd, 000272.700, 185
Trd, 000272.917, 189
Trd, 000273.600, 185
Trd, 000273.800, 189
Trd, 000274.233, 189
Trd, 000274.733, 189
Trd, 000275.183, 187
Trd, 000275.283, 189
Trd, 000275.500, 183
Trd, 000275.817, 178
Trd, 000276.250, 183
Trd, 000276.483, 171
Trd, 000276.683, 180
Trd, 000276.833, 181
Trd, 000277.050, 182
Trd, 000277.617, 170
Trd, 000278.367, 170
Trd, 000278.667, 171
Trd, 000279.117, 178
Trd, 000279.200, 179
Trd, 000279.300, 178
Trd, 000280.150, 177
Trd, 000280.450, 181
Trd, 000280.517, 180
Trd, 000280.583, 186
Trd, 000281.133, 190
Trd, 000281.417, 182
Trd, 000281.867, 183
Trd, 000283.217, 190
Trd, 000283.283, 190
Trd, 000283.417, 186
Trd, 000283.550, 182
Trd, 000283.667, 181
Trd, 000284.700, 181
Trd, 000284.783, 179
Trd, 000284.817, 176
Trd, 000285.550, 179
Trd, 000285.617, 179
Trd, 000285.750, 179
Trd, 000285.950, 180
Trd, 000286.333, 180
Trd, 000286.917, 183
Trd, 000287.033, 186
Trd, 000287.600, 177
Trd, 000287.650, 171
Trd, 000287.867, 178
Trd, 000288.483, 180
Trd, 000288.767, 187
Trd, 000288.817, 190
Trd, 000289.217, 202
Trd, 000289.433, 191
Trd, 000290.883, 187
Trd, 000291.317, 180
Trd, 000291.783, 180
Trd, 000291.833, 177
Trd, 000292.533, 172
Trd, 000292.600, 162
Trd, 000292.683, 179
Trd, 000293.183, 177
Trd, 000293.400, 179
Trd, 000294.217, 181
Trd, 000294.833, 182
Trd, 000295.000, 182
Trd, 000295.100, 184
Trd, 000295.517, 187
Trd, 000295.933, 182
Trd, 000296.050, 180
Trd, 000296.517, 177
Trd, 000296.650, 186
Trd, 000297.200, 192
Trd, 000297.467, 185
Trd, 000298.167, 185
Trd, 000298.300, 197
Trd, 000298.650, 163
Trd, 000299.267, 164
Trd, 000299.900, 189
Trd, 000299.933, 194
