Trd, 000001.633, 120
Trd, 000002.783, 139
Trd, 000003.050, 137
Trd, 000003.133, 155
Trd, 000003.283, 170
Trd, 000003.417, 171
Trd, 000005.033, 126
Trd, 000005.383, 127
Trd, 000006.117, 148
Trd, 000007.467, 156
Trd, 000007.633, 146
Trd, 000008.283, 161
Trd, 000008.867, 152
Trd, 000008.950, 146
Trd, 000009.000, 160
Trd, 000009.433, 161
Trd, 000009.750, 145
Trd, 000010.083, 144
Trd, 000010.467, 159
Trd, 000010.917, 143
Trd, 000011.817, 156
Trd, 000012.917, 153
Trd, 000013.733, 153
Trd, 000013.983, 153
Trd, 000014.567, 156
Trd, 000014.967, 156
Trd, 000015.950, 160
Trd, 000015.983, 164
Trd, 000016.850, 158
Trd, 000017.250, 160
Trd, 000017.617, 157
Trd, 000018.467, 162
Trd, 000019.100, 160
Trd, 000019.317, 157
Trd, 000019.750, 144
Trd, 000020.550, 151
Trd, 000021.150, 154
Trd, 000021.217, 165
Trd, 000021.433, 153
Trd, 000021.850, 155
Trd, 000021.983, 164
Trd, 000023.950, 158
Trd, 000024.100, 157
Trd, 000024.317, 143
Trd, 000024.933, 158
Trd, 000025.483, 118
Trd, 000027.417, 158
Trd, 000028.050, 165
Trd, 000028.600, 134
Trd, 000028.967, 160
Trd, 000029.033, 165
Trd, 000029.883, 158
Trd, 000030.367, 123
Trd, 000030.483, 161
Trd, 000030.517, 134
Trd, 000030.900, 134
Trd, 000031.750, 163
Trd, 000032.133, 162
Trd, 000033.267, 160
Trd, 000033.367, 161
Trd, 000033.917, 165
Trd, 000033.933, 168
Trd, 000034.483, 164
Trd, 000034.650, 164
Trd, 000035.217, 165
Trd, 000035.500, 165
Trd, 000035.950, 158
Trd, 000037.067, 149
Trd, 000037.550, 147
Trd, 000037.983, 156
Trd, 000038.517, 164
Trd, 000038.950, 131
Trd, 000040.150, 156
Trd, 000040.350, 157
Trd, 000040.467, 158
Trd, 000044.233, 164
Trd, 000044.250, 165
Trd, 000044.617, 161
Trd, 000045.167, 165
Trd, 000045.450, 162
Trd, 000046.433, 159
Trd, 000047.017, 145
Trd, 000047.767, 157
Trd, 000048.267, 150
Trd, 000048.800, 156
Trd, 000048.850, 158
Trd, 000049.483, 149
Trd, 000049.783, 160
Trd, 000050.633, 150
Trd, 000050.883, 166
Trd, 000051.000, 167
Trd, 000051.333, 179
Trd, 000051.533, 149
Trd, 000051.750, 147
Trd, 000052.650, 145
Trd, 000052.717, 157
Trd, 000052.767, 158
Trd, 000053.950, 160
Trd, 000054.000, 148
Trd, 000054.950, 160
Trd, 000055.517, 160
Trd, 000056.333, 169
Trd, 000056.683, 168
Trd, 000057.500, 169
Trd, 000057.583, 161
Trd, 000057.867, 162
Trd, 000058.117, 135
Trd, 000058.283, 129
Trd, 000059.233, 145
Trd, 000060.000, 157
Trd, 000060.750, 164
Trd, 000061.417, 162
Trd, 000061.533, 161
Trd, 000061.733, 172
Trd, 000063.533, 162
Trd, 000063.883, 161
Trd, 000064.683, 166
Trd, 000065.533, 166
Trd, 000066.667, 166
Trd, 000067.233, 166
Trd, 000067.883, 167
Trd, 000068.350, 165
Trd, 000069.683, 166
Trd, 000069.783, 167
Trd, 000070.167, 163
Trd, 000071.000, 179
Trd, 000071.183, 163
Trd, 000071.600, 162
Trd, 000071.750, 152
Trd, 000072.200, 149
Trd, 000072.533, 165
Trd, 000073.033, 162
Trd, 000074.033, 163
Trd, 000074.350, 165
Trd, 000075.150, 161
Trd, 000075.267, 164
Trd, 000076.967, 164
Trd, 000077.300, 165
Trd, 000077.433, 162
Trd, 000077.517, 165
Trd, 000077.683, 163
Trd, 000079.183, 164
Trd, 000079.500, 160
Trd, 000079.833, 165
Trd, 000080.067, 169
Trd, 000080.300, 164
Trd, 000080.600, 163
Trd, 000080.883, 173
Trd, 000081.983, 161
Trd, 000082.583, 164
Trd, 000083.067, 171
Trd, 000083.317, 171
Trd, 000083.683, 165
Trd, 000084.050, 163
Trd, 000084.833, 164
Trd, 000085.583, 171
Trd, 000085.733, 161
Trd, 000086.950, 166
Trd, 000087.533, 163
Trd, 000088.283, 162
Trd, 000089.067, 174
Trd, 000090.550, 171
Trd, 000090.633, 164
Trd, 000090.883, 148
Trd, 000091.317, 139
Trd, 000091.733, 157
Trd, 000092.933, 161
Trd, 000093.200, 145
Trd, 000093.383, 157
Trd, 000093.517, 157
Trd, 000095.567, 157
Trd, 000095.917, 157
Trd, 000096.233, 164
Trd, 000096.367, 158
Trd, 000097.167, 170
Trd, 000097.500, 167
Trd, 000098.683, 174
Trd, 000098.817, 166
Trd, 000099.183, 171
Trd, 000099.633, 168
Trd, 000100.367, 169
Trd, 000101.167, 166
Trd, 000101.817, 165
Trd, 000101.867, 166
Trd, 000102.050, 163
Trd, 000102.283, 153
Trd, 000103.733, 154
Trd, 000103.917, 138
Trd, 000104.200, 158
Trd, 000105.267, 144
Trd, 000106.267, 156
Trd, 000107.750, 172
Trd, 000107.783, 161
Trd, 000108.050, 167
Trd, 000109.083, 167
Trd, 000110.050, 167
Trd, 000110.183, 168
Trd, 000110.650, 166
Trd, 000111.500, 167
Trd, 000111.883, 166
Trd, 000112.767, 165
Trd, 000113.233, 163
Trd, 000113.650, 165
Trd, 000115.267, 166
Trd, 000115.533, 161
Trd, 000115.767, 166
Trd, 000116.200, 164
Trd, 000117.500, 164
Trd, 000117.533, 153
Trd, 000117.917, 173
Trd, 000118.433, 161
Trd, 000119.200, 161
Trd, 000119.567, 170
Trd, 000120.833, 153
Trd, 000120.900, 152
Trd, 000121.450, 167
Trd, 000122.867, 162
Trd, 000123.017, 162
Trd, 000123.233, 163
Trd, 000124.017, 174
Trd, 000124.233, 175
Trd, 000124.700, 171
Trd, 000125.333, 159
Trd, 000125.500, 158
Trd, 000125.767, 157
Trd, 000126.067, 177
Trd, 000126.150, 142
Trd, 000127.533, 170
Trd, 000128.300, 176
Trd, 000128.583, 177
Trd, 000128.900, 174
Trd, 000129.600, 178
Trd, 000129.667, 172
Trd, 000130.217, 178
Trd, 000130.433, 168
Trd, 000131.750, 168
Trd, 000132.667, 156
Trd, 000132.867, 168
Trd, 000133.300, 145
Trd, 000133.867, 160
Trd, 000134.433, 167
Trd, 000134.833, 168
Trd, 000135.000, 168
Trd, 000135.533, 160
Trd, 000136.867, 162
Trd, 000136.883, 167
Trd, 000137.583, 168
Trd, 000137.933, 156
Trd, 000138.000, 169
Trd, 000138.150, 144
Trd, 000138.167, 169
Trd, 000138.933, 169
Trd, 000140.417, 168
Trd, 000140.600, 167
Trd, 000141.050, 176
Trd, 000142.950, 178
Trd, 000144.033, 179
Trd, 000144.083, 173
Trd, 000144.650, 172
Trd, 000145.167, 170
Trd, 000145.867, 178
Trd, 000145.933, 179
Trd, 000146.533, 179
Trd, 000146.617, 180
Trd, 000147.500, 170
Trd, 000147.950, 177
Trd, 000148.233, 170
Trd, 000149.000, 174
Trd, 000149.350, 169
Trd, 000149.533, 169
Trd, 000150.117, 149
Trd, 000150.433, 171
Trd, 000152.867, 165
Trd, 000153.067, 165
Trd, 000153.267, 158
Trd, 000153.500, 156
Trd, 000154.017, 165
Trd, 000154.233, 163
Trd, 000155.400, 170
Trd, 000155.467, 178
Trd, 000155.583, 158
Trd, 000156.450, 188
Trd, 000157.417, 157
Trd, 000159.750, 172
Trd, 000160.617, 167
Trd, 000160.817, 159
Trd, 000160.967, 176
Trd, 000161.067, 176
Trd, 000162.050, 164
Trd, 000162.333, 165
Trd, 000162.633, 163
Trd, 000162.950, 164
Trd, 000164.883, 163
Trd, 000164.950, 162
Trd, 000165.267, 171
Trd, 000165.850, 163
Trd, 000166.133, 171
Trd, 000166.583, 170
Trd, 000167.017, 162
Trd, 000167.067, 171
Trd, 000167.450, 171
Trd, 000167.500, 161
Trd, 000168.433, 160
Trd, 000169.133, 170
Trd, 000169.567, 166
Trd, 000170.333, 175
Trd, 000170.600, 177
Trd, 000171.283, 169
Trd, 000171.550, 182
Trd, 000172.967, 168
Trd, 000173.733, 176
Trd, 000174.433, 172
Trd, 000174.883, 175
Trd, 000175.933, 171
Trd, 000176.533, 171
Trd, 000176.817, 172
Trd, 000177.100, 171
Trd, 000177.500, 173
Trd, 000178.400, 172
Trd, 000178.917, 160
Trd, 000178.983, 162
Trd, 000180.200, 168
Trd, 000180.533, 171
Trd, 000181.500, 170
Trd, 000181.567, 173
Trd, 000181.717, 162
Trd, 000181.967, 180
Trd, 000182.100, 183
Trd, 000183.317, 171
Trd, 000183.700, 171
Trd, 000183.967, 164
Trd, 000184.283, 187
Trd, 000184.383, 148
Trd, 000184.833, 189
Trd, 000185.650, 171
Trd, 000186.350, 173
Trd, 000186.750, 178
Trd, 000186.800, 173
Trd, 000187.833, 175
Trd, 000188.767, 176
Trd, 000189.550, 176
Trd, 000189.633, 181
Trd, 000189.950, 175
Trd, 000190.183, 162
Trd, 000190.200, 148
Trd, 000190.367, 182
Trd, 000192.467, 177
Trd, 000192.517, 178
Trd, 000194.167, 175
Trd, 000194.583, 177
Trd, 000194.733, 177
Trd, 000194.783, 176
Trd, 000194.800, 174
Trd, 000195.000, 169
Trd, 000195.500, 177
Trd, 000196.550, 174
Trd, 000196.750, 161
Trd, 000196.783, 147
Trd, 000196.883, 175
Trd, 000197.200, 154
Trd, 000197.417, 158
Trd, 000197.583, 143
Trd, 000198.117, 175
Trd, 000199.350, 158
Trd, 000200.183, 173
Trd, 000200.933, 169
Trd, 000201.533, 147
Trd, 000202.200, 151
Trd, 000202.867, 165
Trd, 000204.367, 175
Trd, 000204.400, 182
Trd, 000204.850, 159
Trd, 000206.283, 176
Trd, 000206.867, 183
Trd, 000207.400, 175
Trd, 000207.433, 176
Trd, 000207.517, 168
Trd, 000208.217, 174
Trd, 000208.433, 171
Trd, 000209.767, 158
Trd, 000210.367, 170
Trd, 000210.733, 171
Trd, 000211.383, 170
Trd, 000211.950, 172
Trd, 000212.650, 165
Trd, 000212.850, 176
Trd, 000213.017, 172
Trd, 000213.217, 163
Trd, 000213.450, 150
Trd, 000214.233, 174
Trd, 000214.283, 176
Trd, 000214.683, 166
Trd, 000215.283, 181
Trd, 000216.867, 172
Trd, 000218.117, 172
Trd, 000218.367, 163
Trd, 000218.850, 178
Trd, 000219.783, 177
Trd, 000220.317, 176
Trd, 000220.733, 167
Trd, 000221.067, 177
Trd, 000222.650, 175
Trd, 000222.800, 175
Trd, 000223.650, 179
Trd, 000223.867, 180
Trd, 000224.017, 174
Trd, 000225.133, 181
Trd, 000225.317, 179
Trd, 000226.400, 182
Trd, 000226.800, 187
Trd, 000227.250, 178
Trd, 000229.050, 180
Trd, 000229.200, 179
Trd, 000229.433, 178
Trd, 000229.700, 182
Trd, 000229.767, 164
Trd, 000231.117, 150
Trd, 000231.833, 171
Trd, 000232.383, 171
Trd, 000232.833, 178
Trd, 000233.400, 163
Trd, 000235.067, 183
Trd, 000236.000, 180
Trd, 000236.400, 178
Trd, 000237.617, 182
Trd, 000238.017, 183
Trd, 000238.167, 181
Trd, 000239.433, 181
Trd, 000240.167, 181
Trd, 000240.500, 182
Trd, 000240.600, 183
Trd, 000240.800, 177
Trd, 000241.450, 181
Trd, 000241.883, 187
Trd, 000242.767, 186
Trd, 000244.383, 183
Trd, 000244.450, 181
Trd, 000244.667, 181
Trd, 000244.900, 179
Trd, 000245.050, 182
Trd, 000245.617, 180
Trd, 000245.717, 180
Trd, 000245.767, 177
Trd, 000246.850, 175
Trd, 000247.317, 172
Trd, 000247.350, 163
Trd, 000247.600, 177
Trd, 000247.733, 178
Trd, 000247.767, 187
Trd, 000249.083, 183
Trd, 000249.433, 171
Trd, 000250.317, 170
Trd, 000250.483, 184
Trd, 000251.200, 176
Trd, 000251.250, 178
Trd, 000251.417, 173
Trd, 000251.683, 178
Trd, 000252.167, 180
Trd, 000252.433, 180
Trd, 000252.600, 180
Trd, 000252.650, 181
Trd, 000253.183, 179
Trd, 000254.367, 181
Trd, 000254.433, 184
Trd, 000255.567, 183
Trd, 000255.800, 181
Trd, 000256.267, 185
Trd, 000256.300, 180
Trd, 000256.833, 180
Trd, 000256.883, 173
Trd, 000256.950, 184
Trd, 000256.983, 167
Trd, 000258.200, 182
Trd, 000258.333, 184
Trd, 000258.567, 185
Trd, 000258.783, 187
Trd, 000259.883, 184
Trd, 000259.933, 183
Trd, 000260.367, 182
Trd, 000260.633, 181
Trd, 000260.983, 163
Trd, 000262.450, 174
Trd, 000262.533, 173
Trd, 000263.033, 174
Trd, 000263.067, 173
Trd, 000263.633, 174
Trd, 000263.850, 172
Trd, 000264.100, 176
Trd, 000264.333, 179
Trd, 000264.567, 176
Trd, 000264.867, 179
Trd, 000265.833, 168
Trd, 000266.033, 165
Trd, 000266.367, 164
Trd, 000267.917, 168
Trd, 000268.283, 169
Trd, 000268.817, 165
Trd, 000269.050, 164
Trd, 000269.067, 166
Trd, 000269.150, 165
Trd, 000270.500, 175
Trd, 000270.750, 171
Trd, 000271.133, 176
Trd, 000271.183, 170
Trd, 000271.200, 182
Trd, 000271.417, 192
Trd, 000272.033, 202
Trd, 000272.267, 176
Trd, 000272.900, 198
Trd, 000272.917, 177
Trd, 000273.333, 190
Trd, 000274.867, 182
Trd, 000275.150, 177
Trd, 000276.283, 175
Trd, 000276.600, 177
Trd, 000276.767, 173
Trd, 000277.383, 169
Trd, 000277.600, 169
Trd, 000278.183, 168
Trd, 000278.417, 167
Trd, 000278.450, 165
Trd, 000278.700, 161
Trd, 000278.800, 168
Trd, 000279.100, 182
Trd, 000280.033, 176
Trd, 000280.150, 177
Trd, 000280.517, 178
Trd, 000280.683, 176
Trd, 000281.183, 175
Trd, 000281.333, 182
Trd, 000283.767, 175
Trd, 000284.067, 179
Trd, 000284.217, 174
Trd, 000284.350, 181
Trd, 000284.467, 179
Trd, 000284.633, 183
Trd, 000284.700, 190
Trd, 000284.783, 172
Trd, 000285.283, 183
Trd, 000286.033, 183
Trd, 000286.100, 176
Trd, 000286.117, 175
Trd, 000286.250, 172
Trd, 000286.283, 184
Trd, 000287.050, 187
Trd, 000287.067, 184
Trd, 000287.117, 177
Trd, 000287.567, 187
Trd, 000288.833, 191
Trd, 000288.967, 194
Trd, 000289.100, 183
Trd, 000289.367, 182
Trd, 000289.700, 172
Trd, 000290.167, 168
Trd, 000290.600, 166
Trd, 000290.900, 168
Trd, 000291.033, 170
Trd, 000292.300, 171
Trd, 000293.017, 170
Trd, 000293.633, 184
Trd, 000294.733, 185
Trd, 000294.783, 184
Trd, 000295.383, 184
Trd, 000295.800, 183
Trd, 000295.833, 187
Trd, 000295.850, 172
Trd, 000296.017, 189
Trd, 000297.133, 181
Trd, 000297.667, 171
Trd, 000297.767, 171
Trd, 000298.033, 175
Trd, 000298.383, 176
Trd, 000298.767, 171
Trd, 000299.383, 186
Trd, 000299.850, 187
