Trd, 000002.267, 131
Trd, 000002.317, 130
Trd, 000003.183, 133
Trd, 000003.433, 120
Trd, 000003.883, 142
Trd, 000004.033, 136
Trd, 000005.500, 134
Trd, 000005.683, 137
Trd, 000006.000, 143
Trd, 000006.667, 140
Trd, 000007.800, 135
Trd, 000008.217, 150
Trd, 000008.250, 150
Trd, 000008.900, 150
Trd, 000010.083, 144
Trd, 000010.267, 144
Trd, 000012.017, 145
Trd, 000012.117, 143
Trd, 000012.417, 143
Trd, 000012.733, 151
Trd, 000013.633, 143
Trd, 000013.683, 146
Trd, 000014.133, 142
Trd, 000014.267, 135
Trd, 000014.983, 143
Trd, 000015.750, 143
Trd, 000017.250, 133
Trd, 000017.800, 132
Trd, 000018.900, 142
Trd, 000019.000, 143
Trd, 000019.283, 146
Trd, 000019.400, 149
Trd, 000019.533, 146
Trd, 000020.017, 150
Trd, 000020.967, 149
Trd, 000021.383, 146
Trd, 000022.200, 150
Trd, 000022.250, 151
Trd, 000022.450, 151
Trd, 000022.700, 153
Trd, 000023.417, 150
Trd, 000023.817, 145
Trd, 000024.733, 145
Trd, 000025.183, 149
Trd, 000025.267, 150
Trd, 000025.417, 143
Trd, 000026.117, 145
Trd, 000027.100, 147
Trd, 000028.317, 148
Trd, 000028.333, 148
Trd, 000028.850, 149
Trd, 000029.500, 144
Trd, 000029.700, 148
Trd, 000029.817, 137
Trd, 000030.717, 150
Trd, 000030.867, 134
Trd, 000031.467, 152
Trd, 000031.867, 160
Trd, 000031.933, 175
Trd, 000032.300, 149
Trd, 000032.633, 157
Trd, 000033.617, 155
Trd, 000033.833, 156
Trd, 000034.267, 156
Trd, 000034.683, 171
Trd, 000036.050, 146
Trd, 000036.250, 164
Trd, 000036.800, 163
Trd, 000037.333, 164
Trd, 000038.817, 162
Trd, 000039.283, 163
Trd, 000040.000, 155
Trd, 000040.617, 157
Trd, 000040.900, 156
Trd, 000041.083, 157
Trd, 000041.833, 145
Trd, 000041.900, 155
Trd, 000042.033, 155
Trd, 000042.833, 154
Trd, 000043.350, 138
Trd, 000043.850, 135
Trd, 000043.883, 157
Trd, 000044.033, 157
Trd, 000044.867, 162
Trd, 000045.183, 169
Trd, 000045.833, 159
Trd, 000046.200, 159
Trd, 000046.933, 159
Trd, 000046.983, 152
Trd, 000047.083, 162
Trd, 000047.400, 147
Trd, 000047.783, 162
Trd, 000048.267, 160
Trd, 000048.650, 156
Trd, 000048.700, 160
Trd, 000049.183, 146
Trd, 000051.650, 154
Trd, 000051.717, 154
Trd, 000052.967, 153
Trd, 000053.817, 152
Trd, 000054.500, 151
Trd, 000055.233, 150
Trd, 000055.367, 151
Trd, 000055.417, 153
Trd, 000057.533, 149
Trd, 000057.583, 150
Trd, 000057.733, 148
Trd, 000057.950, 147
Trd, 000058.267, 148
Trd, 000059.500, 148
Trd, 000059.683, 149
Trd, 000059.733, 147
Trd, 000060.183, 150
Trd, 000061.900, 150
Trd, 000062.417, 148
Trd, 000063.000, 148
Trd, 000063.050, 150
Trd, 000063.533, 150
Trd, 000063.833, 153
Trd, 000065.483, 153
Trd, 000065.917, 152
Trd, 000066.517, 151
Trd, 000066.583, 152
Trd, 000066.767, 148
Trd, 000067.300, 151
Trd, 000067.400, 147
Trd, 000067.783, 157
Trd, 000068.200, 156
Trd, 000069.250, 157
Trd, 000069.517, 141
Trd, 000069.583, 158
Trd, 000070.233, 128
Trd, 000071.367, 151
Trd, 000071.467, 151
Trd, 000072.600, 151
Trd, 000073.017, 150
Trd, 000073.283, 151
Trd, 000073.450, 158
Trd, 000073.867, 159
Trd, 000074.250, 157
Trd, 000074.717, 156
Trd, 000074.750, 154
Trd, 000075.050, 157
Trd, 000075.900, 149
Trd, 000077.050, 148
Trd, 000077.550, 173
Trd, 000078.200, 174
Trd, 000078.817, 173
Trd, 000079.033, 156
Trd, 000079.833, 156
Trd, 000080.583, 161
Trd, 000081.183, 159
Trd, 000081.383, 160
Trd, 000081.683, 150
Trd, 000082.067, 153
Trd, 000082.150, 160
Trd, 000082.350, 160
Trd, 000082.433, 161
Trd, 000082.817, 149
Trd, 000083.633, 159
Trd, 000084.150, 157
Trd, 000084.967, 151
Trd, 000084.983, 149
Trd, 000086.617, 149
Trd, 000087.167, 153
Trd, 000087.200, 147
Trd, 000088.000, 149
Trd, 000088.367, 149
Trd, 000088.900, 151
Trd, 000089.417, 150
Trd, 000089.567, 151
Trd, 000090.100, 152
Trd, 000090.783, 153
Trd, 000090.883, 147
Trd, 000091.233, 157
Trd, 000092.400, 146
Trd, 000092.867, 154
Trd, 000092.917, 148
Trd, 000093.283, 152
Trd, 000093.333, 148
Trd, 000093.500, 151
Trd, 000093.750, 155
Trd, 000093.900, 159
Trd, 000094.967, 143
Trd, 000095.083, 160
Trd, 000095.400, 162
Trd, 000096.717, 162
Trd, 000097.350, 157
Trd, 000097.683, 159
Trd, 000098.067, 158
Trd, 000098.133, 163
Trd, 000098.983, 159
Trd, 000099.317, 165
Trd, 000100.083, 164
Trd, 000100.167, 151
Trd, 000100.417, 187
Trd, 000100.733, 174
Trd, 000101.750, 179
Trd, 000102.217, 178
Trd, 000102.367, 169
Trd, 000103.200, 162
Trd, 000103.717, 144
Trd, 000103.833, 172
Trd, 000104.233, 161
Trd, 000104.717, 173
Trd, 000104.817, 171
Trd, 000105.200, 173
Trd, 000106.883, 162
Trd, 000107.350, 154
Trd, 000108.300, 168
Trd, 000108.867, 155
Trd, 000109.200, 168
Trd, 000109.833, 167
Trd, 000110.000, 168
Trd, 000110.033, 168
Trd, 000110.867, 167
Trd, 000111.417, 167
Trd, 000111.667, 163
Trd, 000112.117, 166
Trd, 000112.583, 166
Trd, 000112.850, 162
Trd, 000113.783, 160
Trd, 000113.950, 165
Trd, 000114.150, 166
Trd, 000115.700, 163
Trd, 000116.033, 163
Trd, 000116.550, 164
Trd, 000116.800, 162
Trd, 000118.267, 159
Trd, 000118.517, 157
Trd, 000119.683, 162
Trd, 000120.833, 159
Trd, 000121.250, 159
Trd, 000121.317, 159
Trd, 000121.783, 158
Trd, 000122.117, 156
Trd, 000122.450, 160
Trd, 000123.317, 160
Trd, 000123.967, 155
Trd, 000124.433, 155
Trd, 000124.550, 163
Trd, 000126.083, 156
Trd, 000127.333, 155
Trd, 000127.633, 156
Trd, 000128.900, 157
Trd, 000129.133, 157
Trd, 000129.467, 159
Trd, 000129.517, 156
Trd, 000129.567, 161
Trd, 000129.833, 156
Trd, 000130.817, 159
Trd, 000131.250, 159
Trd, 000132.433, 154
Trd, 000133.083, 154
Trd, 000133.117, 157
Trd, 000133.250, 153
Trd, 000133.517, 159
Trd, 000134.367, 158
Trd, 000134.617, 157
Trd, 000134.850, 158
Trd, 000136.383, 157
Trd, 000137.200, 156
Trd, 000138.483, 156
Trd, 000138.517, 158
Trd, 000139.400, 155
Trd, 000139.550, 156
Trd, 000139.750, 158
Trd, 000140.150, 162
Trd, 000140.350, 156
Trd, 000140.433, 161
Trd, 000140.800, 163
Trd, 000142.250, 159
Trd, 000143.717, 158
Trd, 000143.767, 163
Trd, 000144.167, 162
Trd, 000144.483, 158
Trd, 000145.733, 162
Trd, 000146.233, 159
Trd, 000146.650, 158
Trd, 000146.750, 155
Trd, 000146.983, 155
Trd, 000147.267, 158
Trd, 000148.550, 154
Trd, 000149.333, 154
Trd, 000150.417, 154
Trd, 000150.667, 152
Trd, 000151.383, 155
Trd, 000151.400, 155
Trd, 000152.467, 159
Trd, 000152.583, 156
Trd, 000153.133, 156
Trd, 000153.783, 157
Trd, 000154.000, 156
Trd, 000154.233, 156
Trd, 000154.617, 155
Trd, 000155.017, 158
Trd, 000155.350, 159
Trd, 000155.433, 163
Trd, 000156.000, 167
Trd, 000156.950, 155
Trd, 000159.283, 157
Trd, 000159.533, 162
Trd, 000159.883, 154
Trd, 000160.567, 161
Trd, 000162.667, 156
Trd, 000162.867, 157
Trd, 000163.317, 158
Trd, 000164.083, 159
Trd, 000164.100, 155
Trd, 000164.317, 163
Trd, 000164.717, 164
Trd, 000164.950, 188
Trd, 000165.983, 169
Trd, 000167.200, 160
Trd, 000168.183, 182
Trd, 000168.250, 168
Trd, 000168.567, 176
Trd, 000168.933, 173
Trd, 000169.767, 173
Trd, 000170.233, 177
Trd, 000170.817, 177
Trd, 000171.317, 176
Trd, 000171.350, 174
Trd, 000172.017, 170
Trd, 000172.533, 168
Trd, 000172.950, 168
Trd, 000173.483, 162
Trd, 000173.717, 167
Trd, 000174.200, 167
Trd, 000175.183, 160
Trd, 000175.267, 151
Trd, 000176.450, 162
Trd, 000176.533, 164
Trd, 000177.033, 161
Trd, 000177.617, 164
Trd, 000178.600, 165
Trd, 000179.000, 160
Trd, 000179.617, 165
Trd, 000179.767, 161
Trd, 000181.050, 161
Trd, 000181.117, 166
Trd, 000181.683, 160
Trd, 000181.900, 163
Trd, 000183.100, 161
Trd, 000183.750, 161
Trd, 000184.150, 166
Trd, 000184.433, 159
Trd, 000184.617, 169
Trd, 000185.867, 176
Trd, 000186.450, 171
Trd, 000186.550, 169
Trd, 000186.950, 168
Trd, 000187.633, 170
Trd, 000187.900, 171
Trd, 000188.250, 172
Trd, 000189.283, 174
Trd, 000190.517, 174
Trd, 000190.550, 173
Trd, 000190.650, 174
Trd, 000190.933, 171
Trd, 000191.017, 170
Trd, 000191.267, 174
Trd, 000192.067, 171
Trd, 000192.783, 171
Trd, 000192.900, 160
Trd, 000193.283, 153
Trd, 000193.967, 169
Trd, 000194.617, 168
Trd, 000195.683, 164
Trd, 000195.783, 163
Trd, 000196.267, 166
Trd, 000196.633, 152
Trd, 000197.317, 161
Trd, 000197.500, 163
Trd, 000198.083, 161
Trd, 000198.383, 162
Trd, 000198.850, 161
Trd, 000198.883, 162
Trd, 000198.983, 152
Trd, 000199.217, 168
Trd, 000199.367, 151
Trd, 000200.117, 171
Trd, 000200.600, 164
Trd, 000201.967, 155
Trd, 000202.167, 170
Trd, 000202.917, 171
Trd, 000203.700, 169
Trd, 000204.450, 165
Trd, 000204.467, 169
Trd, 000205.283, 169
Trd, 000205.950, 165
Trd, 000206.183, 164
Trd, 000206.350, 165
Trd, 000207.083, 161
Trd, 000207.200, 166
Trd, 000207.500, 162
Trd, 000208.033, 165
Trd, 000208.900, 164
Trd, 000209.550, 164
Trd, 000210.367, 162
Trd, 000211.283, 160
Trd, 000211.333, 162
Trd, 000211.867, 162
Trd, 000212.633, 159
Trd, 000213.133, 169
Trd, 000213.567, 170
Trd, 000213.900, 172
Trd, 000214.750, 171
Trd, 000215.033, 158
Trd, 000215.417, 162
Trd, 000216.033, 166
Trd, 000217.050, 164
Trd, 000218.033, 156
Trd, 000218.667, 152
Trd, 000218.900, 153
Trd, 000219.333, 162
Trd, 000220.467, 159
Trd, 000220.717, 163
Trd, 000220.783, 170
Trd, 000221.767, 165
Trd, 000221.983, 171
Trd, 000223.100, 170
Trd, 000223.233, 166
Trd, 000223.383, 172
Trd, 000223.550, 167
Trd, 000223.800, 165
Trd, 000224.767, 165
Trd, 000225.083, 166
Trd, 000225.250, 165
Trd, 000225.950, 173
Trd, 000225.967, 172
Trd, 000226.300, 181
Trd, 000227.583, 168
Trd, 000228.217, 171
Trd, 000230.050, 170
Trd, 000230.550, 171
Trd, 000230.700, 168
Trd, 000230.867, 168
Trd, 000231.350, 160
Trd, 000231.417, 167
Trd, 000232.033, 166
Trd, 000232.100, 168
Trd, 000233.233, 164
Trd, 000233.683, 154
Trd, 000234.450, 147
Trd, 000234.683, 166
Trd, 000235.200, 165
Trd, 000235.600, 162
Trd, 000235.783, 174
Trd, 000236.533, 167
Trd, 000236.750, 167
Trd, 000237.167, 167
Trd, 000238.433, 159
Trd, 000238.667, 171
Trd, 000238.833, 159
Trd, 000239.250, 159
Trd, 000239.667, 167
Trd, 000240.450, 168
Trd, 000240.817, 168
Trd, 000240.900, 169
Trd, 000241.300, 171
Trd, 000241.317, 172
Trd, 000242.433, 171
Trd, 000242.983, 170
Trd, 000243.083, 172
Trd, 000243.217, 173
Trd, 000243.600, 171
Trd, 000243.617, 172
Trd, 000243.783, 170
Trd, 000244.583, 172
Trd, 000245.200, 172
Trd, 000245.217, 173
Trd, 000245.450, 174
Trd, 000246.200, 175
Trd, 000246.300, 174
Trd, 000246.550, 182
Trd, 000247.850, 167
Trd, 000248.200, 174
Trd, 000249.233, 174
Trd, 000249.517, 175
Trd, 000249.600, 174
Trd, 000249.633, 176
Trd, 000249.750, 178
Trd, 000250.233, 173
Trd, 000250.800, 166
Trd, 000251.350, 176
Trd, 000252.000, 171
Trd, 000252.533, 174
Trd, 000252.867, 172
Trd, 000253.150, 171
Trd, 000253.750, 173
Trd, 000253.883, 175
Trd, 000253.917, 176
Trd, 000256.633, 174
Trd, 000256.733, 173
Trd, 000256.767, 175
Trd, 000257.217, 176
Trd, 000257.267, 177
Trd, 000257.300, 182
Trd, 000257.517, 173
Trd, 000258.550, 180
Trd, 000259.150, 180
Trd, 000259.383, 179
Trd, 000259.433, 177
Trd, 000259.783, 176
Trd, 000259.800, 175
Trd, 000260.400, 178
Trd, 000260.533, 179
Trd, 000260.600, 174
Trd, 000260.767, 167
Trd, 000260.983, 163
Trd, 000261.933, 177
Trd, 000261.983, 178
Trd, 000262.717, 175
Trd, 000263.633, 175
Trd, 000264.600, 176
Trd, 000264.750, 175
Trd, 000265.000, 173
Trd, 000265.200, 177
Trd, 000265.217, 177
Trd, 000265.667, 167
Trd, 000266.567, 174
Trd, 000266.717, 176
Trd, 000267.083, 177
Trd, 000268.017, 179
Trd, 000268.217, 175
Trd, 000268.400, 184
Trd, 000268.517, 168
Trd, 000269.533, 175
Trd, 000269.617, 179
Trd, 000269.733, 174
Trd, 000270.200, 179
Trd, 000270.650, 180
Trd, 000270.867, 180
Trd, 000270.900, 180
Trd, 000271.133, 181
Trd, 000271.417, 185
Trd, 000272.067, 183
Trd, 000272.533, 179
Trd, 000272.733, 179
Trd, 000273.200, 178
Trd, 000273.567, 178
Trd, 000274.817, 181
Trd, 000275.083, 182
Trd, 000275.200, 182
Trd, 000275.317, 181
Trd, 000275.667, 184
Trd, 000278.317, 182
Trd, 000278.500, 179
Trd, 000278.967, 183
Trd, 000279.400, 176
Trd, 000279.783, 181
Trd, 000279.867, 183
Trd, 000279.983, 181
Trd, 000280.317, 186
Trd, 000281.483, 183
Trd, 000282.033, 183
Trd, 000282.117, 184
Trd, 000282.133, 185
Trd, 000282.767, 188
Trd, 000283.400, 184
Trd, 000283.967, 189
Trd, 000284.233, 183
Trd, 000284.417, 182
Trd, 000285.217, 186
Trd, 000285.400, 189
Trd, 000286.233, 189
Trd, 000286.417, 185
Trd, 000286.533, 190
Trd, 000287.067, 182
Trd, 000287.483, 180
Trd, 000287.800, 181
Trd, 000288.833, 173
Trd, 000288.883, 170
Trd, 000289.000, 166
Trd, 000289.533, 176
Trd, 000289.700, 178
Trd, 000290.083, 176
Trd, 000290.800, 176
Trd, 000292.100, 174
Trd, 000292.167, 176
Trd, 000292.683, 176
Trd, 000292.717, 178
Trd, 000293.167, 179
Trd, 000293.417, 179
Trd, 000293.467, 180
Trd, 000293.533, 187
Trd, 000294.333, 182
Trd, 000294.900, 174
Trd, 000295.000, 180
Trd, 000295.383, 170
Trd, 000295.933, 183
Trd, 000296.900, 183
Trd, 000297.017, 181
Trd, 000297.300, 167
Trd, 000297.517, 161
Trd, 000298.217, 181
Trd, 000298.317, 182
Trd, 000298.500, 171
Trd, 000299.383, 188
Trd, 000299.633, 172
