Trd, 000002.833, 193
Trd, 000002.983, 186
Trd, 000003.533, 182
Trd, 000004.033, 168
Trd, 000004.583, 164
Trd, 000004.800, 162
Trd, 000006.717, 167
Trd, 000006.750, 159
Trd, 000008.417, 161
Trd, 000008.650, 161
Trd, 000008.717, 158
Trd, 000009.083, 150
Trd, 000009.467, 163
Trd, 000009.733, 150
Trd, 000009.783, 142
Trd, 000010.333, 162
Trd, 000011.700, 152
Trd, 000012.000, 161
Trd, 000012.033, 176
Trd, 000012.517, 153
Trd, 000013.833, 158
Trd, 000014.633, 160
Trd, 000014.800, 162
Trd, 000015.767, 159
Trd, 000015.800, 163
Trd, 000015.950, 151
Trd, 000017.533, 158
Trd, 000017.683, 158
Trd, 000018.183, 152
Trd, 000018.433, 156
Trd, 000019.100, 159
Trd, 000021.033, 157
Trd, 000021.333, 156
Trd, 000021.783, 156
Trd, 000021.950, 158
Trd, 000022.000, 162
Trd, 000023.167, 144
Trd, 000023.467, 144
Trd, 000024.433, 150
Trd, 000025.350, 159
Trd, 000026.000, 151
Trd, 000026.233, 158
Trd, 000027.433, 151
Trd, 000027.933, 152
Trd, 000028.467, 154
Trd, 000028.733, 153
Trd, 000029.267, 152
Trd, 000029.750, 151
Trd, 000030.050, 151
Trd, 000030.250, 134
Trd, 000030.933, 147
Trd, 000032.200, 165
Trd, 000032.217, 178
Trd, 000033.017, 148
Trd, 000033.217, 147
Trd, 000033.450, 147
Trd, 000034.350, 155
Trd, 000035.033, 155
Trd, 000035.117, 156
Trd, 000035.317, 164
Trd, 000035.683, 155
Trd, 000036.533, 163
Trd, 000037.117, 179
Trd, 000038.533, 179
Trd, 000039.517, 170
Trd, 000040.017, 164
Trd, 000040.833, 162
Trd, 000041.367, 162
Trd, 000041.450, 162
Trd, 000041.917, 162
Trd, 000042.600, 166
Trd, 000043.350, 156
Trd, 000044.000, 157
Trd, 000044.783, 154
Trd, 000045.517, 147
Trd, 000046.033, 165
Trd, 000046.283, 166
Trd, 000047.900, 157
Trd, 000048.200, 155
Trd, 000048.267, 164
Trd, 000048.833, 158
Trd, 000049.800, 174
Trd, 000050.317, 173
Trd, 000051.150, 165
Trd, 000051.567, 166
Trd, 000051.600, 168
Trd, 000051.883, 163
Trd, 000052.933, 163
Trd, 000053.700, 167
Trd, 000053.783, 154
Trd, 000055.283, 160
Trd, 000056.933, 175
Trd, 000057.383, 167
Trd, 000057.600, 169
Trd, 000058.433, 167
Trd, 000058.800, 166
Trd, 000059.000, 165
Trd, 000060.050, 165
Trd, 000060.300, 166
Trd, 000060.817, 166
Trd, 000061.383, 168
Trd, 000061.467, 157
Trd, 000062.000, 148
Trd, 000062.967, 160
Trd, 000063.317, 159
Trd, 000064.533, 147
Trd, 000064.800, 157
Trd, 000065.900, 156
Trd, 000066.517, 154
Trd, 000066.817, 138
Trd, 000067.350, 152
Trd, 000068.917, 151
Trd, 000069.567, 152
Trd, 000069.633, 150
Trd, 000070.217, 152
Trd, 000070.350, 150
Trd, 000070.617, 154
Trd, 000071.367, 154
Trd, 000071.933, 154
Trd, 000072.367, 153
Trd, 000072.933, 148
Trd, 000073.167, 154
Trd, 000073.917, 151
Trd, 000075.067, 155
Trd, 000075.600, 159
Trd, 000076.217, 158
Trd, 000077.133, 158
Trd, 000078.000, 168
Trd, 000078.200, 166
Trd, 000079.133, 160
Trd, 000079.183, 159
Trd, 000079.633, 163
Trd, 000079.850, 158
Trd, 000080.850, 159
Trd, 000081.183, 159
Trd, 000082.683, 159
Trd, 000082.967, 163
Trd, 000083.183, 158
Trd, 000083.383, 158
Trd, 000083.633, 167
Trd, 000085.283, 162
Trd, 000085.550, 157
Trd, 000085.700, 157
Trd, 000086.733, 160
Trd, 000086.933, 161
Trd, 000087.050, 162
Trd, 000087.183, 160
Trd, 000087.733, 159
Trd, 000089.183, 177
Trd, 000089.550, 162
Trd, 000089.583, 161
Trd, 000090.683, 162
Trd, 000091.300, 163
Trd, 000092.100, 151
Trd, 000092.583, 161
Trd, 000093.833, 161
Trd, 000094.233, 162
Trd, 000094.917, 159
Trd, 000096.800, 159
Trd, 000096.900, 158
Trd, 000097.067, 163
Trd, 000097.283, 163
Trd, 000097.333, 158
Trd, 000097.533, 150
Trd, 000097.700, 154
Trd, 000099.983, 160
Trd, 000100.333, 158
Trd, 000100.500, 162
Trd, 000100.783, 162
Trd, 000102.417, 164
Trd, 000103.433, 184
Trd, 000106.150, 172
Trd, 000106.333, 168
Trd, 000106.350, 168
Trd, 000106.633, 166
Trd, 000106.917, 160
Trd, 000107.033, 170
Trd, 000108.650, 164
Trd, 000108.700, 165
Trd, 000108.950, 163
Trd, 000109.083, 173
Trd, 000109.567, 164
Trd, 000109.767, 179
Trd, 000110.783, 169
Trd, 000111.283, 185
Trd, 000112.467, 169
Trd, 000112.617, 186
Trd, 000114.717, 179
Trd, 000115.083, 174
Trd, 000115.633, 173
Trd, 000116.717, 172
Trd, 000118.150, 174
Trd, 000118.800, 172
Trd, 000119.083, 171
Trd, 000119.267, 172
Trd, 000119.500, 174
Trd, 000119.550, 170
Trd, 000121.033, 169
Trd, 000122.067, 182
Trd, 000122.133, 173
Trd, 000122.933, 180
Trd, 000123.233, 164
Trd, 000124.467, 181
Trd, 000124.633, 168
Trd, 000124.883, 168
Trd, 000125.250, 187
Trd, 000126.050, 168
Trd, 000127.033, 171
Trd, 000127.083, 168
Trd, 000127.400, 173
Trd, 000127.600, 167
Trd, 000127.950, 173
Trd, 000128.300, 162
Trd, 000128.667, 172
Trd, 000128.750, 164
Trd, 000129.583, 170
Trd, 000130.967, 168
Trd, 000131.600, 170
Trd, 000133.350, 166
Trd, 000133.833, 170
Trd, 000134.150, 167
Trd, 000134.717, 171
Trd, 000135.233, 169
Trd, 000135.450, 169
Trd, 000135.833, 166
Trd, 000136.833, 182
Trd, 000137.500, 165
Trd, 000137.767, 164
Trd, 000139.333, 166
Trd, 000139.400, 167
Trd, 000139.683, 163
Trd, 000140.767, 157
Trd, 000140.783, 158
Trd, 000141.367, 162
Trd, 000141.917, 163
Trd, 000142.583, 162
Trd, 000142.700, 160
Trd, 000143.583, 161
Trd, 000144.000, 163
Trd, 000144.067, 161
Trd, 000144.500, 176
Trd, 000146.050, 187
Trd, 000146.483, 160
Trd, 000146.917, 183
Trd, 000147.650, 159
Trd, 000149.817, 170
Trd, 000150.267, 169
Trd, 000150.467, 171
Trd, 000150.983, 169
Trd, 000151.250, 174
Trd, 000151.517, 175
Trd, 000152.933, 172
Trd, 000153.017, 168
Trd, 000153.933, 169
Trd, 000154.367, 168
Trd, 000154.917, 170
Trd, 000155.417, 169
Trd, 000155.467, 167
Trd, 000156.100, 167
Trd, 000156.250, 169
Trd, 000156.467, 166
Trd, 000156.800, 165
Trd, 000157.667, 176
Trd, 000159.500, 170
Trd, 000160.617, 169
Trd, 000160.750, 168
Trd, 000160.883, 166
Trd, 000160.950, 169
Trd, 000161.550, 159
Trd, 000161.800, 160
Trd, 000161.900, 171
Trd, 000162.417, 191
Trd, 000162.767, 195
Trd, 000165.050, 165
Trd, 000165.283, 165
Trd, 000165.417, 174
Trd, 000165.633, 178
Trd, 000165.967, 166
Trd, 000166.300, 170
Trd, 000166.967, 188
Trd, 000167.333, 177
Trd, 000168.300, 159
Trd, 000168.717, 165
Trd, 000169.117, 176
Trd, 000170.067, 172
Trd, 000170.367, 171
Trd, 000171.350, 170
Trd, 000173.033, 158
Trd, 000173.117, 166
Trd, 000173.317, 167
Trd, 000173.483, 166
Trd, 000173.767, 166
Trd, 000175.000, 167
Trd, 000175.450, 178
Trd, 000175.800, 166
Trd, 000177.267, 178
Trd, 000177.350, 167
Trd, 000178.533, 173
Trd, 000178.750, 172
Trd, 000179.017, 183
Trd, 000179.133, 162
Trd, 000179.750, 174
Trd, 000179.817, 161
Trd, 000180.433, 167
Trd, 000180.517, 168
Trd, 000181.050, 167
Trd, 000181.283, 166
Trd, 000181.400, 161
Trd, 000181.633, 161
Trd, 000181.800, 162
Trd, 000184.217, 175
Trd, 000184.467, 162
Trd, 000184.833, 164
Trd, 000185.233, 162
Trd, 000185.333, 181
Trd, 000186.500, 191
Trd, 000186.767, 192
Trd, 000189.117, 175
Trd, 000189.233, 174
Trd, 000190.450, 177
Trd, 000190.617, 175
Trd, 000190.700, 175
Trd, 000190.867, 177
Trd, 000190.900, 175
Trd, 000191.217, 169
Trd, 000191.650, 161
Trd, 000191.800, 163
Trd, 000192.667, 180
Trd, 000192.800, 181
Trd, 000193.117, 163
Trd, 000193.917, 194
Trd, 000195.783, 172
Trd, 000196.150, 174
Trd, 000196.300, 173
Trd, 000196.467, 172
Trd, 000197.433, 169
Trd, 000198.150, 163
Trd, 000199.517, 171
Trd, 000199.667, 171
Trd, 000199.700, 172
Trd, 000199.833, 168
Trd, 000202.217, 173
Trd, 000202.233, 172
Trd, 000203.450, 176
Trd, 000203.967, 173
Trd, 000204.200, 172
Trd, 000205.000, 175
Trd, 000205.550, 175
Trd, 000205.850, 173
Trd, 000207.617, 179
Trd, 000207.683, 175
Trd, 000207.917, 176
Trd, 000207.983, 175
Trd, 000209.067, 179
Trd, 000209.667, 177
Trd, 000210.300, 177
Trd, 000210.650, 179
Trd, 000211.550, 181
Trd, 000211.633, 178
Trd, 000212.033, 183
Trd, 000212.633, 178
Trd, 000214.383, 190
Trd, 000214.817, 189
Trd, 000215.150, 195
Trd, 000215.483, 184
Trd, 000215.567, 196
Trd, 000216.400, 183
Trd, 000216.450, 171
Trd, 000216.650, 162
Trd, 000217.150, 182
Trd, 000219.767, 187
Trd, 000220.267, 183
Trd, 000220.283, 171
Trd, 000221.383, 172
Trd, 000221.433, 171
Trd, 000222.783, 177
Trd, 000222.817, 171
Trd, 000223.550, 171
Trd, 000225.267, 173
Trd, 000225.467, 174
Trd, 000225.783, 171
Trd, 000226.117, 171
Trd, 000226.300, 181
Trd, 000226.667, 163
Trd, 000227.517, 182
Trd, 000227.933, 172
Trd, 000228.733, 173
Trd, 000228.967, 181
Trd, 000229.017, 184
Trd, 000229.300, 171
Trd, 000229.567, 197
Trd, 000232.100, 177
Trd, 000233.033, 176
Trd, 000233.483, 177
Trd, 000233.600, 175
Trd, 000234.233, 176
Trd, 000234.967, 174
Trd, 000235.983, 175
Trd, 000236.167, 173
Trd, 000236.517, 175
Trd, 000236.700, 175
Trd, 000237.133, 173
Trd, 000237.683, 157
Trd, 000237.850, 185
Trd, 000239.283, 192
Trd, 000240.283, 179
Trd, 000241.067, 184
Trd, 000241.233, 183
Trd, 000241.500, 181
Trd, 000241.600, 182
Trd, 000241.700, 181
Trd, 000241.783, 174
Trd, 000243.283, 182
Trd, 000243.567, 180
Trd, 000243.750, 180
Trd, 000244.267, 179
Trd, 000244.350, 174
Trd, 000245.117, 175
Trd, 000245.167, 177
Trd, 000245.300, 166
Trd, 000246.233, 166
Trd, 000246.383, 175
Trd, 000247.067, 175
Trd, 000247.617, 173
Trd, 000247.933, 173
Trd, 000247.950, 175
Trd, 000248.033, 172
Trd, 000248.650, 171
Trd, 000248.783, 171
Trd, 000249.233, 172
Trd, 000249.883, 171
Trd, 000250.950, 170
Trd, 000250.983, 170
Trd, 000251.600, 173
Trd, 000251.717, 172
Trd, 000251.900, 174
Trd, 000251.967, 166
Trd, 000252.600, 156
Trd, 000252.900, 166
Trd, 000253.033, 149
Trd, 000253.183, 167
Trd, 000254.933, 169
Trd, 000255.400, 171
Trd, 000255.567, 169
Trd, 000255.683, 173
Trd, 000256.667, 170
Trd, 000256.967, 171
Trd, 000257.250, 176
Trd, 000257.400, 173
Trd, 000258.000, 170
Trd, 000258.150, 177
Trd, 000259.717, 173
Trd, 000260.367, 173
Trd, 000260.450, 170
Trd, 000261.700, 171
Trd, 000261.733, 173
Trd, 000262.417, 174
Trd, 000263.017, 169
Trd, 000263.283, 170
Trd, 000263.783, 172
Trd, 000264.233, 173
Trd, 000265.033, 172
Trd, 000265.300, 174
Trd, 000265.633, 173
Trd, 000265.967, 171
Trd, 000266.750, 170
Trd, 000267.050, 174
Trd, 000267.267, 170
Trd, 000267.517, 172
Trd, 000267.533, 175
Trd, 000268.033, 175
Trd, 000268.417, 177
Trd, 000269.650, 177
Trd, 000269.967, 176
Trd, 000270.033, 178
Trd, 000270.233, 174
Trd, 000270.700, 174
Trd, 000271.033, 184
Trd, 000271.317, 174
Trd, 000271.350, 168
Trd, 000271.367, 187
Trd, 000272.700, 170
Trd, 000272.900, 168
Trd, 000273.017, 167
Trd, 000273.883, 171
Trd, 000274.150, 172
Trd, 000274.883, 169
Trd, 000275.217, 175
Trd, 000275.900, 173
Trd, 000277.150, 172
Trd, 000277.200, 173
Trd, 000277.717, 172
Trd, 000278.133, 172
Trd, 000278.150, 169
Trd, 000279.017, 170
Trd, 000279.050, 169
Trd, 000279.183, 179
Trd, 000279.667, 170
Trd, 000280.167, 176
Trd, 000280.233, 168
Trd, 000280.833, 159
Trd, 000281.017, 175
Trd, 000281.150, 156
Trd, 000282.567, 175
Trd, 000283.017, 169
Trd, 000283.350, 171
Trd, 000283.383, 168
Trd, 000283.683, 167
Trd, 000284.250, 170
Trd, 000284.967, 170
Trd, 000285.517, 172
Trd, 000285.533, 176
Trd, 000286.200, 192
Trd, 000286.767, 179
Trd, 000287.217, 178
Trd, 000287.617, 179
Trd, 000288.433, 178
Trd, 000288.550, 178
Trd, 000288.633, 179
Trd, 000288.900, 181
Trd, 000289.150, 176
Trd, 000289.167, 187
Trd, 000289.567, 197
Trd, 000290.383, 187
Trd, 000290.500, 186
Trd, 000292.033, 185
Trd, 000292.317, 185
Trd, 000292.900, 184
Trd, 000293.167, 184
Trd, 000293.333, 187
Trd, 000294.767, 184
Trd, 000294.983, 187
Trd, 000295.400, 187
Trd, 000295.600, 182
Trd, 000295.650, 170
Trd, 000295.950, 187
Trd, 000296.383, 180
Trd, 000296.650, 180
Trd, 000296.967, 181
Trd, 000297.683, 181
Trd, 000297.833, 180
Trd, 000298.017, 178
Trd, 000298.267, 181
Trd, 000298.500, 177
Trd, 000298.817, 188
