Trd, 000002.233, 172
Trd, 000003.567, 186
Trd, 000003.850, 163
Trd, 000004.200, 151
Trd, 000004.383, 134
Trd, 000004.867, 161
Trd, 000005.333, 145
Trd, 000005.433, 144
Trd, 000007.017, 163
Trd, 000008.500, 158
Trd, 000009.383, 158
Trd, 000010.033, 156
Trd, 000010.483, 152
Trd, 000010.667, 146
Trd, 000010.800, 145
Trd, 000011.067, 141
Trd, 000011.383, 143
Trd, 000011.633, 158
Trd, 000012.133, 153
Trd, 000012.750, 165
Trd, 000013.450, 157
Trd, 000015.000, 152
Trd, 000015.833, 152
Trd, 000016.500, 154
Trd, 000017.017, 153
Trd, 000017.583, 155
Trd, 000018.117, 157
Trd, 000018.133, 154
Trd, 000018.883, 153
Trd, 000018.967, 149
Trd, 000019.683, 152
Trd, 000019.983, 153
Trd, 000020.700, 154
Trd, 000020.867, 167
Trd, 000021.117, 143
Trd, 000021.500, 164
Trd, 000022.000, 155
Trd, 000022.133, 142
Trd, 000023.733, 159
Trd, 000023.900, 162
Trd, 000024.267, 146
Trd, 000024.617, 164
Trd, 000027.650, 155
Trd, 000027.683, 141
Trd, 000029.067, 151
Trd, 000029.183, 136
Trd, 000029.600, 154
Trd, 000029.950, 159
Trd, 000031.133, 158
Trd, 000031.883, 158
Trd, 000033.067, 158
Trd, 000033.100, 157
Trd, 000033.200, 154
Trd, 000033.567, 152
Trd, 000035.500, 150
Trd, 000036.233, 145
Trd, 000037.117, 146
Trd, 000037.617, 147
Trd, 000037.717, 150
Trd, 000038.067, 148
Trd, 000039.433, 145
Trd, 000039.733, 138
Trd, 000039.933, 150
Trd, 000041.983, 156
Trd, 000042.433, 155
Trd, 000043.383, 156
Trd, 000044.717, 156
Trd, 000045.150, 155
Trd, 000045.333, 156
Trd, 000045.433, 153
Trd, 000045.717, 148
Trd, 000045.800, 144
Trd, 000045.867, 154
Trd, 000047.433, 151
Trd, 000048.100, 146
Trd, 000049.083, 146
Trd, 000050.250, 148
Trd, 000051.100, 152
Trd, 000052.067, 153
Trd, 000052.500, 168
Trd, 000053.183, 157
Trd, 000054.533, 159
Trd, 000055.200, 160
Trd, 000056.867, 158
Trd, 000057.400, 156
Trd, 000057.683, 159
Trd, 000057.983, 159
Trd, 000058.833, 169
Trd, 000058.983, 159
Trd, 000059.917, 166
Trd, 000060.367, 161
Trd, 000060.433, 160
Trd, 000060.517, 158
Trd, 000060.667, 158
Trd, 000060.983, 169
Trd, 000061.783, 169
Trd, 000062.067, 151
Trd, 000062.350, 157
Trd, 000063.267, 154
Trd, 000064.417, 163
Trd, 000064.867, 146
Trd, 000064.950, 137
Trd, 000065.733, 150
Trd, 000066.317, 150
Trd, 000067.117, 150
Trd, 000067.683, 148
Trd, 000068.250, 147
Trd, 000069.000, 148
Trd, 000069.733, 147
Trd, 000070.200, 149
Trd, 000070.800, 141
Trd, 000071.000, 145
Trd, 000071.200, 139
Trd, 000072.817, 140
Trd, 000073.083, 143
Trd, 000073.967, 172
Trd, 000074.050, 165
Trd, 000074.333, 152
Trd, 000074.783, 146
Trd, 000076.433, 147
Trd, 000076.883, 149
Trd, 000076.917, 150
Trd, 000077.233, 160
Trd, 000078.450, 161
Trd, 000078.667, 159
Trd, 000080.817, 158
Trd, 000081.767, 152
Trd, 000082.133, 153
Trd, 000082.433, 151
Trd, 000082.583, 152
Trd, 000083.250, 172
Trd, 000083.600, 157
Trd, 000084.167, 173
Trd, 000084.533, 163
Trd, 000085.350, 166
Trd, 000085.917, 167
Trd, 000087.317, 168
Trd, 000087.383, 169
Trd, 000087.500, 164
Trd, 000089.067, 173
Trd, 000089.367, 164
Trd, 000089.950, 172
Trd, 000090.467, 154
Trd, 000090.717, 160
Trd, 000091.150, 167
Trd, 000092.283, 161
Trd, 000093.333, 160
Trd, 000094.200, 158
Trd, 000094.600, 153
Trd, 000094.817, 160
Trd, 000095.150, 173
Trd, 000096.567, 150
Trd, 000097.367, 175
Trd, 000098.633, 161
Trd, 000099.300, 162
Trd, 000099.733, 169
Trd, 000099.817, 163
Trd, 000100.367, 169
Trd, 000101.683, 161
Trd, 000101.767, 147
Trd, 000102.300, 163
Trd, 000103.017, 162
Trd, 000103.100, 164
Trd, 000104.100, 164
Trd, 000105.133, 161
Trd, 000105.333, 165
Trd, 000106.033, 144
Trd, 000106.633, 152
Trd, 000106.850, 145
Trd, 000109.633, 170
Trd, 000109.850, 168
Trd, 000110.000, 166
Trd, 000110.233, 162
Trd, 000111.517, 167
Trd, 000112.050, 157
Trd, 000113.017, 159
Trd, 000113.900, 154
Trd, 000114.217, 169
Trd, 000115.117, 157
Trd, 000115.667, 155
Trd, 000116.333, 152
Trd, 000116.617, 164
Trd, 000117.867, 163
Trd, 000118.067, 164
Trd, 000119.217, 170
Trd, 000119.617, 160
Trd, 000121.900, 168
Trd, 000122.083, 170
Trd, 000122.100, 166
Trd, 000122.267, 163
Trd, 000122.350, 174
Trd, 000124.850, 166
Trd, 000125.383, 166
Trd, 000125.433, 165
Trd, 000125.800, 164
Trd, 000126.233, 163
Trd, 000127.033, 159
Trd, 000127.250, 158
Trd, 000127.433, 165
Trd, 000128.217, 159
Trd, 000128.317, 157
Trd, 000128.817, 158
Trd, 000130.150, 158
Trd, 000131.083, 155
Trd, 000131.933, 153
Trd, 000132.450, 153
Trd, 000132.667, 156
Trd, 000132.950, 147
Trd, 000133.700, 153
Trd, 000134.500, 144
Trd, 000135.100, 151
Trd, 000135.817, 147
Trd, 000135.883, 149
Trd, 000135.917, 178
Trd, 000136.433, 149
Trd, 000137.967, 161
Trd, 000138.500, 165
Trd, 000139.733, 177
Trd, 000139.783, 178
Trd, 000141.067, 170
Trd, 000142.183, 170
Trd, 000142.250, 172
Trd, 000143.117, 179
Trd, 000143.600, 168
Trd, 000143.850, 169
Trd, 000143.967, 174
Trd, 000144.150, 169
Trd, 000144.767, 168
Trd, 000145.900, 170
Trd, 000146.150, 168
Trd, 000146.717, 171
Trd, 000146.983, 166
Trd, 000148.150, 158
Trd, 000148.267, 160
Trd, 000150.500, 158
Trd, 000150.817, 156
Trd, 000151.167, 162
Trd, 000151.817, 160
Trd, 000152.433, 160
Trd, 000152.600, 159
Trd, 000153.383, 161
Trd, 000153.517, 159
Trd, 000154.133, 164
Trd, 000154.450, 169
Trd, 000155.700, 173
Trd, 000155.883, 169
Trd, 000156.467, 173
Trd, 000157.050, 167
Trd, 000157.250, 157
Trd, 000157.300, 156
Trd, 000158.183, 149
Trd, 000158.283, 180
Trd, 000158.783, 172
Trd, 000159.867, 173
Trd, 000160.183, 164
Trd, 000160.833, 168
Trd, 000164.050, 173
Trd, 000164.567, 168
Trd, 000165.767, 168
Trd, 000166.217, 170
Trd, 000166.683, 172
Trd, 000167.100, 167
Trd, 000167.350, 172
Trd, 000167.433, 161
Trd, 000169.617, 172
Trd, 000169.883, 165
Trd, 000170.317, 182
Trd, 000171.183, 171
Trd, 000171.567, 168
Trd, 000171.617, 175
Trd, 000171.917, 169
Trd, 000172.150, 199
Trd, 000172.667, 192
Trd, 000174.083, 189
Trd, 000174.550, 176
Trd, 000174.567, 168
Trd, 000174.967, 162
Trd, 000175.133, 161
Trd, 000175.450, 164
Trd, 000176.000, 173
Trd, 000176.150, 185
Trd, 000176.483, 158
Trd, 000177.450, 181
Trd, 000177.783, 168
Trd, 000178.833, 167
Trd, 000180.833, 173
Trd, 000181.117, 173
Trd, 000181.917, 169
Trd, 000183.617, 173
Trd, 000184.433, 158
Trd, 000184.633, 172
Trd, 000185.250, 173
Trd, 000185.650, 167
Trd, 000187.267, 165
Trd, 000187.383, 162
Trd, 000187.667, 172
Trd, 000187.967, 161
Trd, 000188.517, 171
Trd, 000189.867, 172
Trd, 000190.550, 171
Trd, 000191.383, 171
Trd, 000192.000, 172
Trd, 000192.683, 184
Trd, 000193.867, 171
Trd, 000194.017, 170
Trd, 000195.067, 172
Trd, 000196.167, 173
Trd, 000196.567, 172
Trd, 000196.683, 178
Trd, 000197.583, 171
Trd, 000198.267, 177
Trd, 000198.283, 173
Trd, 000198.533, 178
Trd, 000199.600, 162
Trd, 000199.717, 160
Trd, 000200.083, 162
Trd, 000200.633, 163
Trd, 000203.167, 174
Trd, 000203.217, 173
Trd, 000203.300, 161
Trd, 000204.117, 176
Trd, 000204.433, 171
Trd, 000204.767, 185
Trd, 000204.800, 188
Trd, 000206.067, 169
Trd, 000206.400, 164
Trd, 000207.367, 161
Trd, 000207.900, 169
Trd, 000208.067, 160
Trd, 000209.500, 163
Trd, 000209.750, 164
Trd, 000210.033, 163
Trd, 000210.867, 163
Trd, 000211.833, 175
Trd, 000211.917, 167
Trd, 000212.533, 161
Trd, 000215.300, 180
Trd, 000215.600, 177
Trd, 000215.650, 176
Trd, 000216.133, 182
Trd, 000218.567, 173
Trd, 000219.100, 167
Trd, 000219.600, 166
Trd, 000219.700, 174
Trd, 000219.933, 168
Trd, 000220.267, 175
Trd, 000220.850, 176
Trd, 000222.067, 186
Trd, 000223.200, 187
Trd, 000223.733, 179
Trd, 000224.217, 178
Trd, 000225.783, 190
Trd, 000226.433, 181
Trd, 000226.783, 181
Trd, 000226.817, 182
Trd, 000226.983, 180
Trd, 000227.033, 179
Trd, 000227.833, 176
Trd, 000228.417, 176
Trd, 000229.167, 179
Trd, 000229.650, 180
Trd, 000229.817, 174
Trd, 000231.300, 179
Trd, 000231.783, 178
Trd, 000232.150, 178
Trd, 000232.550, 165
Trd, 000233.067, 171
Trd, 000233.483, 174
Trd, 000233.550, 167
Trd, 000234.367, 165
Trd, 000236.450, 171
Trd, 000236.750, 165
Trd, 000236.800, 171
Trd, 000237.100, 164
Trd, 000237.300, 170
Trd, 000237.350, 172
Trd, 000239.533, 188
Trd, 000239.933, 169
Trd, 000241.083, 177
Trd, 000241.183, 177
Trd, 000241.383, 176
Trd, 000241.567, 179
Trd, 000241.600, 175
Trd, 000242.933, 178
Trd, 000242.967, 176
Trd, 000243.233, 175
Trd, 000243.300, 171
Trd, 000243.683, 168
Trd, 000244.433, 167
Trd, 000244.683, 178
Trd, 000246.533, 178
Trd, 000246.733, 179
Trd, 000247.033, 179
Trd, 000248.500, 179
Trd, 000248.583, 176
Trd, 000248.917, 179
Trd, 000249.267, 181
Trd, 000249.533, 179
Trd, 000249.717, 182
Trd, 000249.950, 178
Trd, 000250.567, 180
Trd, 000251.150, 176
Trd, 000251.417, 177
Trd, 000252.167, 180
Trd, 000252.233, 178
Trd, 000252.683, 183
Trd, 000252.917, 182
Trd, 000253.783, 181
Trd, 000254.633, 180
Trd, 000255.250, 180
Trd, 000255.283, 181
Trd, 000255.533, 183
Trd, 000256.233, 176
Trd, 000257.783, 178
Trd, 000258.233, 176
Trd, 000258.483, 176
Trd, 000258.883, 173
Trd, 000260.033, 177
Trd, 000260.617, 179
Trd, 000260.783, 178
Trd, 000260.917, 177
Trd, 000261.367, 178
Trd, 000261.450, 176
Trd, 000261.917, 180
Trd, 000262.583, 184
Trd, 000262.850, 182
Trd, 000262.917, 183
Trd, 000263.017, 185
Trd, 000263.967, 179
Trd, 000264.133, 177
Trd, 000265.300, 178
Trd, 000265.617, 176
Trd, 000266.867, 170
Trd, 000268.067, 174
Trd, 000268.150, 178
Trd, 000268.817, 179
Trd, 000268.917, 179
Trd, 000269.000, 180
Trd, 000269.250, 185
Trd, 000269.333, 172
Trd, 000269.650, 166
Trd, 000269.883, 186
Trd, 000271.900, 167
Trd, 000272.117, 164
Trd, 000272.483, 178
Trd, 000273.433, 173
Trd, 000273.833, 170
Trd, 000274.000, 175
Trd, 000274.800, 176
Trd, 000274.950, 176
Trd, 000275.650, 183
Trd, 000276.367, 185
Trd, 000276.683, 188
Trd, 000276.733, 168
Trd, 000277.000, 165
Trd, 000278.133, 166
Trd, 000278.483, 168
Trd, 000278.983, 178
Trd, 000279.467, 177
Trd, 000279.983, 175
Trd, 000280.233, 176
Trd, 000280.717, 176
Trd, 000281.117, 177
Trd, 000281.250, 170
Trd, 000281.500, 183
Trd, 000282.017, 171
Trd, 000282.283, 182
Trd, 000282.750, 171
Trd, 000282.950, 186
Trd, 000283.117, 190
Trd, 000283.517, 186
Trd, 000284.050, 177
Trd, 000284.650, 176
Trd, 000284.750, 165
Trd, 000284.783, 178
Trd, 000285.167, 179
Trd, 000285.383, 181
Trd, 000285.950, 181
Trd, 000286.017, 191
Trd, 000286.083, 193
Trd, 000287.150, 173
Trd, 000287.783, 185
Trd, 000287.850, 180
Trd, 000288.483, 186
Trd, 000288.817, 184
Trd, 000289.017, 172
Trd, 000289.900, 177
Trd, 000290.650, 187
Trd, 000290.983, 172
Trd, 000291.667, 180
Trd, 000292.000, 173
Trd, 000292.633, 178
Trd, 000292.933, 178
Trd, 000293.333, 178
Trd, 000293.683, 178
Trd, 000294.350, 177
Trd, 000294.750, 178
Trd, 000295.033, 180
Trd, 000295.383, 176
Trd, 000296.500, 173
Trd, 000296.817, 169
Trd, 000297.300, 182
Trd, 000297.400, 183
Trd, 000297.817, 181
Trd, 000297.917, 174
Trd, 000298.717, 180
Trd, 000299.183, 180
