Trd, 000001.117, 111
Trd, 000001.533, 173
Trd, 000001.783, 144
Trd, 000003.483, 137
Trd, 000003.917, 141
Trd, 000004.067, 142
Trd, 000005.233, 138
Trd, 000006.267, 140
Trd, 000006.800, 143
Trd, 000006.817, 135
Trd, 000007.650, 138
Trd, 000008.533, 145
Trd, 000009.100, 144
Trd, 000009.717, 150
Trd, 000009.933, 145
Trd, 000010.317, 150
Trd, 000010.383, 145
Trd, 000011.617, 150
Trd, 000012.700, 149
Trd, 000013.050, 148
Trd, 000013.483, 150
Trd, 000014.450, 149
Trd, 000014.633, 163
Trd, 000015.350, 161
Trd, 000015.783, 151
Trd, 000016.000, 149
Trd, 000016.067, 163
Trd, 000016.317, 154
Trd, 000016.483, 166
Trd, 000016.633, 153
Trd, 000017.867, 153
Trd, 000018.300, 167
Trd, 000019.150, 166
Trd, 000020.167, 156
Trd, 000023.217, 155
Trd, 000024.117, 158
Trd, 000024.283, 157
Trd, 000024.933, 157
Trd, 000025.300, 157
Trd, 000025.383, 156
Trd, 000025.483, 155
Trd, 000025.783, 154
Trd, 000026.033, 154
Trd, 000027.283, 153
Trd, 000027.483, 155
Trd, 000028.583, 155
Trd, 000028.700, 155
Trd, 000030.933, 154
Trd, 000031.083, 153
Trd, 000031.133, 156
Trd, 000031.633, 152
Trd, 000033.033, 151
Trd, 000033.800, 151
Trd, 000034.750, 155
Trd, 000035.833, 152
Trd, 000035.900, 152
Trd, 000036.150, 153
Trd, 000036.917, 151
Trd, 000037.617, 152
Trd, 000037.967, 151
Trd, 000038.117, 151
Trd, 000038.900, 154
Trd, 000039.167, 151
Trd, 000039.650, 154
Trd, 000041.250, 151
Trd, 000041.350, 150
Trd, 000041.967, 150
Trd, 000042.700, 152
Trd, 000042.917, 151
Trd, 000043.933, 150
Trd, 000044.467, 154
Trd, 000045.233, 159
Trd, 000045.267, 161
Trd, 000045.817, 152
Trd, 000046.900, 152
Trd, 000047.567, 152
Trd, 000047.667, 158
Trd, 000048.117, 163
Trd, 000048.750, 153
Trd, 000048.833, 161
Trd, 000049.700, 154
Trd, 000049.900, 160
Trd, 000050.633, 154
Trd, 000051.417, 154
Trd, 000051.950, 153
Trd, 000052.967, 154
Trd, 000053.800, 139
Trd, 000054.117, 146
Trd, 000054.450, 147
Trd, 000055.333, 156
Trd, 000055.600, 155
Trd, 000056.483, 152
Trd, 000057.417, 152
Trd, 000057.450, 148
Trd, 000059.817, 153
Trd, 000059.967, 154
Trd, 000060.050, 153
Trd, 000061.117, 153
Trd, 000061.183, 154
Trd, 000061.733, 155
Trd, 000062.117, 154
Trd, 000062.133, 154
Trd, 000062.733, 154
Trd, 000063.550, 155
Trd, 000064.150, 151
Trd, 000064.917, 155
Trd, 000065.983, 168
Trd, 000066.183, 155
Trd, 000066.250, 153
Trd, 000066.300, 153
Trd, 000066.450, 153
Trd, 000066.717, 167
Trd, 000067.300, 144
Trd, 000068.050, 166
Trd, 000070.567, 163
Trd, 000071.267, 171
Trd, 000071.567, 161
Trd, 000072.000, 162
Trd, 000073.133, 162
Trd, 000073.667, 163
Trd, 000074.850, 165
Trd, 000076.133, 162
Trd, 000076.167, 163
Trd, 000077.317, 162
Trd, 000077.583, 154
Trd, 000078.950, 162
Trd, 000079.317, 161
Trd, 000079.533, 161
Trd, 000079.667, 160
Trd, 000080.083, 162
Trd, 000080.133, 159
Trd, 000081.617, 155
Trd, 000082.117, 163
Trd, 000082.150, 156
Trd, 000082.517, 146
Trd, 000082.917, 159
Trd, 000083.200, 145
Trd, 000083.533, 139
Trd, 000084.867, 152
Trd, 000085.417, 158
Trd, 000086.333, 149
Trd, 000086.783, 153
Trd, 000088.067, 151
Trd, 000088.083, 153
Trd, 000088.567, 152
Trd, 000088.933, 152
Trd, 000089.800, 150
Trd, 000090.083, 155
Trd, 000090.217, 157
Trd, 000090.767, 154
Trd, 000091.233, 154
Trd, 000092.383, 155
Trd, 000094.400, 161
Trd, 000094.933, 159
Trd, 000095.317, 159
Trd, 000095.700, 159
Trd, 000096.600, 160
Trd, 000097.033, 158
Trd, 000097.050, 157
Trd, 000097.950, 162
Trd, 000099.017, 162
Trd, 000099.100, 163
Trd, 000099.383, 161
Trd, 000099.667, 159
Trd, 000100.583, 157
Trd, 000101.183, 168
Trd, 000102.650, 164
Trd, 000103.200, 163
Trd, 000103.583, 159
Trd, 000103.617, 158
Trd, 000104.367, 159
Trd, 000104.633, 161
Trd, 000104.967, 157
Trd, 000105.500, 168
Trd, 000106.483, 160
Trd, 000107.333, 159
Trd, 000107.850, 158
Trd, 000107.950, 158
Trd, 000108.583, 163
Trd, 000109.717, 160
Trd, 000109.733, 158
Trd, 000111.367, 160
Trd, 000111.833, 159
Trd, 000112.500, 160
Trd, 000112.633, 158
Trd, 000112.817, 157
Trd, 000114.383, 158
Trd, 000114.450, 157
Trd, 000114.833, 157
Trd, 000114.967, 155
Trd, 000115.300, 156
Trd, 000115.483, 159
Trd, 000115.700, 153
Trd, 000116.233, 169
Trd, 000116.417, 173
Trd, 000116.550, 152
Trd, 000119.517, 168
Trd, 000119.567, 164
Trd, 000120.800, 168
Trd, 000120.817, 169
Trd, 000121.083, 167
Trd, 000121.883, 168
Trd, 000122.583, 166
Trd, 000122.867, 169
Trd, 000124.900, 167
Trd, 000124.983, 170
Trd, 000125.967, 168
Trd, 000126.517, 169
Trd, 000126.567, 166
Trd, 000128.617, 171
Trd, 000129.000, 168
Trd, 000129.633, 172
Trd, 000129.750, 178
Trd, 000129.883, 169
Trd, 000130.100, 167
Trd, 000130.433, 165
Trd, 000131.833, 172
Trd, 000132.233, 165
Trd, 000132.733, 172
Trd, 000133.517, 165
Trd, 000133.750, 164
Trd, 000133.917, 163
Trd, 000133.933, 169
Trd, 000136.500, 164
Trd, 000136.817, 164
Trd, 000138.050, 161
Trd, 000138.683, 162
Trd, 000138.967, 160
Trd, 000139.100, 159
Trd, 000139.667, 162
Trd, 000139.967, 163
Trd, 000140.583, 163
Trd, 000142.383, 160
Trd, 000142.750, 162
Trd, 000143.117, 172
Trd, 000143.400, 163
Trd, 000144.267, 166
Trd, 000144.867, 166
Trd, 000145.233, 163
Trd, 000145.383, 164
Trd, 000145.617, 166
Trd, 000148.983, 163
Trd, 000149.033, 164
Trd, 000149.417, 163
Trd, 000150.100, 164
Trd, 000150.350, 164
Trd, 000150.367, 161
Trd, 000150.767, 165
Trd, 000151.300, 160
Trd, 000152.533, 168
Trd, 000153.050, 160
Trd, 000154.533, 161
Trd, 000154.917, 161
Trd, 000156.100, 160
Trd, 000156.183, 158
Trd, 000156.200, 152
Trd, 000157.833, 161
Trd, 000158.917, 162
Trd, 000160.267, 164
Trd, 000160.517, 159
Trd, 000162.000, 161
Trd, 000162.167, 160
Trd, 000162.250, 160
Trd, 000162.900, 160
Trd, 000163.100, 161
Trd, 000163.217, 160
Trd, 000163.900, 163
Trd, 000164.517, 160
Trd, 000165.017, 159
Trd, 000166.517, 164
Trd, 000166.683, 164
Trd, 000167.050, 160
Trd, 000167.850, 160
Trd, 000167.900, 164
Trd, 000168.433, 162
Trd, 000169.483, 164
Trd, 000170.883, 161
Trd, 000171.550, 161
Trd, 000172.017, 161
Trd, 000172.050, 160
Trd, 000172.867, 158
Trd, 000172.950, 161
Trd, 000174.483, 157
Trd, 000175.517, 160
Trd, 000175.683, 158
Trd, 000175.800, 161
Trd, 000176.467, 157
Trd, 000176.800, 155
Trd, 000177.467, 160
Trd, 000179.433, 162
Trd, 000179.833, 159
Trd, 000180.200, 160
Trd, 000181.283, 160
Trd, 000181.567, 163
Trd, 000182.250, 160
Trd, 000182.283, 159
Trd, 000182.767, 158
Trd, 000183.750, 156
Trd, 000184.000, 163
Trd, 000185.233, 159
Trd, 000185.867, 157
Trd, 000188.467, 160
Trd, 000189.117, 160
Trd, 000189.833, 159
Trd, 000190.033, 158
Trd, 000190.133, 161
Trd, 000190.783, 161
Trd, 000192.267, 161
Trd, 000192.767, 162
Trd, 000193.233, 161
Trd, 000193.650, 163
Trd, 000193.717, 160
Trd, 000195.550, 162
Trd, 000195.983, 163
Trd, 000196.100, 160
Trd, 000196.400, 164
Trd, 000196.617, 160
Trd, 000197.500, 160
Trd, 000197.833, 167
Trd, 000199.283, 167
Trd, 000199.833, 162
Trd, 000200.700, 168
Trd, 000201.817, 164
Trd, 000203.183, 166
Trd, 000203.450, 165
Trd, 000204.333, 164
Trd, 000204.650, 166
Trd, 000205.267, 165
Trd, 000206.433, 164
Trd, 000207.100, 165
Trd, 000208.417, 166
Trd, 000208.517, 168
Trd, 000208.717, 165
Trd, 000208.950, 169
Trd, 000209.050, 164
Trd, 000209.383, 164
Trd, 000211.217, 164
Trd, 000211.500, 164
Trd, 000211.667, 168
Trd, 000212.867, 168
Trd, 000213.367, 166
Trd, 000214.167, 167
Trd, 000214.800, 167
Trd, 000215.367, 164
Trd, 000216.567, 164
Trd, 000216.800, 165
Trd, 000216.867, 163
Trd, 000217.433, 169
Trd, 000219.000, 169
Trd, 000219.600, 170
Trd, 000220.000, 171
Trd, 000220.533, 170
Trd, 000220.700, 167
Trd, 000221.067, 182
Trd, 000221.950, 183
Trd, 000223.050, 172
Trd, 000223.650, 169
Trd, 000224.500, 169
Trd, 000224.617, 168
Trd, 000225.900, 173
Trd, 000226.083, 170
Trd, 000226.983, 171
Trd, 000227.717, 170
Trd, 000228.233, 168
Trd, 000228.600, 159
Trd, 000228.800, 166
Trd, 000231.017, 164
Trd, 000231.350, 165
Trd, 000231.517, 165
Trd, 000231.700, 164
Trd, 000231.983, 166
Trd, 000232.850, 170
Trd, 000233.733, 169
Trd, 000233.967, 168
Trd, 000234.300, 171
Trd, 000234.383, 168
Trd, 000234.683, 167
Trd, 000236.183, 173
Trd, 000236.767, 171
Trd, 000236.867, 168
Trd, 000237.617, 171
Trd, 000237.900, 171
Trd, 000238.383, 170
Trd, 000238.400, 168
Trd, 000240.283, 170
Trd, 000240.350, 170
Trd, 000241.000, 171
Trd, 000241.217, 174
Trd, 000241.767, 171
Trd, 000242.050, 170
Trd, 000242.567, 171
Trd, 000243.250, 172
Trd, 000243.550, 173
Trd, 000243.917, 185
Trd, 000245.433, 176
Trd, 000246.133, 176
Trd, 000246.233, 173
Trd, 000246.683, 170
Trd, 000246.850, 173
Trd, 000247.533, 177
Trd, 000247.600, 172
Trd, 000247.900, 173
Trd, 000248.733, 175
Trd, 000248.783, 174
Trd, 000250.350, 176
Trd, 000250.817, 178
Trd, 000251.133, 178
Trd, 000251.733, 177
Trd, 000251.800, 178
Trd, 000252.117, 180
Trd, 000252.267, 176
Trd, 000252.283, 175
Trd, 000252.317, 180
Trd, 000252.350, 173
Trd, 000253.467, 175
Trd, 000254.067, 178
Trd, 000254.617, 177
Trd, 000255.450, 177
Trd, 000255.700, 175
Trd, 000256.250, 176
Trd, 000256.417, 175
Trd, 000257.433, 175
Trd, 000258.183, 174
Trd, 000258.467, 178
Trd, 000258.683, 183
Trd, 000258.750, 186
Trd, 000259.000, 176
Trd, 000259.350, 175
Trd, 000259.833, 177
Trd, 000260.367, 176
Trd, 000260.583, 175
Trd, 000260.883, 173
Trd, 000260.967, 175
Trd, 000261.767, 163
Trd, 000262.183, 166
Trd, 000262.650, 165
Trd, 000263.500, 168
Trd, 000263.717, 169
Trd, 000263.750, 168
Trd, 000263.817, 174
Trd, 000264.617, 173
Trd, 000264.867, 171
Trd, 000265.300, 169
Trd, 000265.767, 174
Trd, 000266.767, 175
Trd, 000267.050, 177
Trd, 000267.317, 172
Trd, 000268.267, 181
Trd, 000268.417, 183
Trd, 000269.533, 183
Trd, 000269.700, 185
Trd, 000270.000, 189
Trd, 000270.200, 189
Trd, 000270.300, 182
Trd, 000270.717, 182
Trd, 000270.967, 180
Trd, 000271.317, 181
Trd, 000272.067, 186
Trd, 000272.183, 185
Trd, 000272.317, 189
Trd, 000272.900, 190
Trd, 000273.050, 189
Trd, 000273.550, 184
Trd, 000273.567, 189
Trd, 000274.117, 187
Trd, 000274.583, 185
Trd, 000274.800, 187
Trd, 000274.983, 182
Trd, 000275.083, 182
Trd, 000275.850, 175
Trd, 000276.500, 171
Trd, 000277.250, 165
Trd, 000277.883, 164
Trd, 000278.200, 164
Trd, 000279.283, 163
Trd, 000279.717, 164
Trd, 000279.833, 167
Trd, 000280.067, 163
Trd, 000280.517, 168
Trd, 000281.100, 169
Trd, 000281.400, 167
Trd, 000281.450, 168
Trd, 000281.783, 166
Trd, 000282.417, 169
Trd, 000282.700, 176
Trd, 000283.217, 177
Trd, 000283.517, 168
Trd, 000284.317, 167
Trd, 000285.350, 176
Trd, 000285.717, 167
Trd, 000285.767, 165
Trd, 000285.817, 174
Trd, 000286.050, 174
Trd, 000286.167, 176
Trd, 000286.800, 188
Trd, 000286.867, 167
Trd, 000287.183, 175
Trd, 000287.283, 179
Trd, 000287.383, 166
Trd, 000288.533, 178
Trd, 000288.867, 171
Trd, 000289.117, 173
Trd, 000289.917, 171
Trd, 000290.150, 170
Trd, 000290.617, 170
Trd, 000290.983, 166
Trd, 000291.883, 176
Trd, 000291.900, 174
Trd, 000292.500, 177
Trd, 000294.033, 173
Trd, 000294.133, 172
Trd, 000294.150, 170
Trd, 000294.933, 172
Trd, 000295.150, 177
Trd, 000295.233, 178
Trd, 000295.300, 171
Trd, 000295.350, 180
Trd, 000296.000, 171
Trd, 000296.950, 184
Trd, 000297.383, 181
Trd, 000298.200, 176
Trd, 000298.350, 178
Trd, 000298.533, 176
Trd, 000298.600, 176
Trd, 000299.117, 176
Trd, 000299.383, 178
Trd, 000299.517, 192
