Trd, 000003.117, 168
Trd, 000003.517, 162
Trd, 000003.983, 164
Trd, 000004.833, 162
Trd, 000005.050, 160
Trd, 000005.367, 160
Trd, 000005.633, 159
Trd, 000006.467, 159
Trd, 000006.783, 158
Trd, 000006.950, 158
Trd, 000007.383, 159
Trd, 000007.583, 158
Trd, 000007.750, 157
Trd, 000008.133, 158
Trd, 000009.050, 158
Trd, 000009.150, 156
Trd, 000009.967, 155
Trd, 000010.133, 142
Trd, 000010.333, 156
Trd, 000010.700, 158
Trd, 000011.317, 165
Trd, 000011.683, 140
Trd, 000012.517, 159
Trd, 000012.733, 156
Trd, 000014.917, 154
Trd, 000015.050, 153
Trd, 000015.483, 159
Trd, 000015.817, 158
Trd, 000016.033, 159
Trd, 000016.217, 155
Trd, 000017.883, 155
Trd, 000018.267, 155
Trd, 000018.533, 156
Trd, 000019.033, 157
Trd, 000019.150, 159
Trd, 000019.783, 156
Trd, 000020.150, 164
Trd, 000020.267, 157
Trd, 000020.700, 164
Trd, 000020.717, 156
Trd, 000021.650, 161
Trd, 000021.967, 160
Trd, 000022.467, 161
Trd, 000022.650, 160
Trd, 000023.583, 156
Trd, 000023.800, 156
Trd, 000024.050, 160
Trd, 000024.817, 160
Trd, 000025.483, 155
Trd, 000025.500, 149
Trd, 000026.767, 145
Trd, 000027.483, 145
Trd, 000027.717, 150
Trd, 000027.783, 152
Trd, 000028.050, 151
Trd, 000028.717, 150
Trd, 000028.933, 148
Trd, 000029.383, 152
Trd, 000029.900, 151
Trd, 000030.500, 153
Trd, 000032.250, 161
Trd, 000032.800, 158
Trd, 000032.967, 157
Trd, 000033.467, 161
Trd, 000033.717, 156
Trd, 000033.800, 156
Trd, 000034.250, 160
Trd, 000034.900, 165
Trd, 000036.017, 163
Trd, 000036.517, 161
Trd, 000037.683, 159
Trd, 000037.767, 144
Trd, 000038.383, 156
Trd, 000038.967, 155
Trd, 000039.100, 155
Trd, 000039.217, 156
Trd, 000039.700, 168
Trd, 000039.733, 167
Trd, 000040.233, 169
Trd, 000040.383, 166
Trd, 000040.683, 160
Trd, 000041.967, 160
Trd, 000042.317, 163
Trd, 000042.333, 158
Trd, 000043.500, 137
Trd, 000043.733, 161
Trd, 000044.017, 162
Trd, 000044.783, 155
Trd, 000045.617, 160
Trd, 000047.017, 157
Trd, 000047.683, 159
Trd, 000047.850, 165
Trd, 000047.883, 157
Trd, 000047.917, 155
Trd, 000049.067, 162
Trd, 000049.650, 165
Trd, 000049.683, 166
Trd, 000050.517, 159
Trd, 000050.600, 159
Trd, 000052.050, 163
Trd, 000052.150, 159
Trd, 000052.900, 163
Trd, 000053.067, 162
Trd, 000053.267, 161
Trd, 000053.300, 161
Trd, 000053.383, 163
Trd, 000053.917, 162
Trd, 000055.833, 163
Trd, 000056.217, 163
Trd, 000056.250, 162
Trd, 000056.667, 158
Trd, 000057.050, 162
Trd, 000057.317, 164
Trd, 000057.500, 164
Trd, 000058.067, 165
Trd, 000058.817, 159
Trd, 000058.967, 159
Trd, 000058.983, 158
Trd, 000059.883, 158
Trd, 000060.267, 163
Trd, 000060.633, 168
Trd, 000061.183, 170
Trd, 000061.217, 169
Trd, 000062.317, 171
Trd, 000062.967, 171
Trd, 000063.017, 170
Trd, 000063.267, 164
Trd, 000065.150, 166
Trd, 000065.383, 174
Trd, 000066.233, 172
Trd, 000066.717, 172
Trd, 000067.217, 170
Trd, 000067.233, 173
Trd, 000067.250, 168
Trd, 000067.717, 161
Trd, 000068.300, 167
Trd, 000068.550, 167
Trd, 000068.717, 167
Trd, 000069.033, 166
Trd, 000069.300, 166
Trd, 000070.233, 166
Trd, 000070.333, 165
Trd, 000070.600, 161
Trd, 000070.917, 167
Trd, 000071.433, 167
Trd, 000071.567, 142
Trd, 000072.433, 164
Trd, 000073.567, 164
Trd, 000074.400, 163
Trd, 000074.567, 166
Trd, 000075.250, 166
Trd, 000075.683, 165
Trd, 000075.800, 165
Trd, 000075.850, 166
Trd, 000076.217, 167
Trd, 000076.250, 164
Trd, 000076.617, 163
Trd, 000077.167, 168
Trd, 000077.217, 162
Trd, 000077.800, 162
Trd, 000078.600, 167
Trd, 000079.067, 170
Trd, 000079.633, 166
Trd, 000079.650, 162
Trd, 000081.367, 170
Trd, 000081.417, 163
Trd, 000081.900, 162
Trd, 000082.683, 162
Trd, 000082.950, 165
Trd, 000083.283, 164
Trd, 000084.033, 162
Trd, 000084.300, 161
Trd, 000084.650, 165
Trd, 000085.333, 160
Trd, 000085.450, 159
Trd, 000085.567, 158
Trd, 000086.133, 169
Trd, 000086.367, 168
Trd, 000086.967, 150
Trd, 000088.267, 170
Trd, 000089.083, 168
Trd, 000089.200, 171
Trd, 000089.700, 167
Trd, 000090.333, 168
Trd, 000090.350, 171
Trd, 000090.833, 165
Trd, 000091.767, 166
Trd, 000092.267, 167
Trd, 000092.683, 166
Trd, 000093.700, 172
Trd, 000094.033, 163
Trd, 000094.317, 174
Trd, 000094.850, 178
Trd, 000095.200, 173
Trd, 000095.583, 173
Trd, 000095.750, 171
Trd, 000096.283, 168
Trd, 000097.467, 175
Trd, 000097.600, 172
Trd, 000097.750, 170
Trd, 000097.800, 171
Trd, 000098.183, 167
Trd, 000098.833, 168
Trd, 000098.933, 165
Trd, 000100.133, 169
Trd, 000101.067, 168
Trd, 000101.333, 165
Trd, 000102.567, 166
Trd, 000102.717, 164
Trd, 000103.267, 169
Trd, 000103.633, 163
Trd, 000104.517, 169
Trd, 000104.967, 169
Trd, 000105.100, 168
Trd, 000105.833, 167
Trd, 000106.200, 169
Trd, 000106.650, 169
Trd, 000108.567, 174
Trd, 000109.100, 172
Trd, 000109.683, 171
Trd, 000109.850, 173
Trd, 000109.933, 171
Trd, 000110.033, 170
Trd, 000110.050, 169
Trd, 000110.300, 173
Trd, 000110.333, 169
Trd, 000111.233, 152
Trd, 000112.267, 162
Trd, 000113.500, 163
Trd, 000113.633, 159
Trd, 000114.733, 153
Trd, 000115.067, 156
Trd, 000115.100, 152
Trd, 000115.883, 152
Trd, 000116.217, 156
Trd, 000117.150, 169
Trd, 000117.283, 170
Trd, 000118.267, 160
Trd, 000118.517, 171
Trd, 000119.000, 160
Trd, 000119.083, 159
Trd, 000120.250, 160
Trd, 000120.767, 164
Trd, 000121.067, 163
Trd, 000121.183, 177
Trd, 000121.433, 161
Trd, 000121.817, 160
Trd, 000122.550, 170
Trd, 000122.717, 171
Trd, 000123.083, 174
Trd, 000123.433, 166
Trd, 000124.383, 174
Trd, 000124.733, 165
Trd, 000125.450, 178
Trd, 000125.483, 166
Trd, 000125.517, 165
Trd, 000125.717, 165
Trd, 000128.000, 165
Trd, 000128.250, 154
Trd, 000128.350, 146
Trd, 000128.817, 147
Trd, 000128.900, 166
Trd, 000129.367, 155
Trd, 000130.450, 157
Trd, 000130.933, 159
Trd, 000131.200, 161
Trd, 000131.783, 156
Trd, 000132.183, 161
Trd, 000132.483, 162
Trd, 000132.650, 158
Trd, 000133.217, 164
Trd, 000133.450, 175
Trd, 000134.333, 164
Trd, 000135.700, 173
Trd, 000135.817, 165
Trd, 000136.067, 169
Trd, 000136.600, 166
Trd, 000137.300, 168
Trd, 000137.350, 169
Trd, 000137.617, 167
Trd, 000137.650, 169
Trd, 000138.133, 166
Trd, 000138.867, 172
Trd, 000139.300, 168
Trd, 000139.500, 167
Trd, 000139.683, 171
Trd, 000140.300, 166
Trd, 000141.917, 169
Trd, 000142.217, 176
Trd, 000142.983, 172
Trd, 000143.233, 167
Trd, 000143.500, 172
Trd, 000144.333, 176
Trd, 000144.850, 179
Trd, 000145.017, 175
Trd, 000145.533, 175
Trd, 000146.200, 174
Trd, 000146.467, 172
Trd, 000147.000, 177
Trd, 000147.333, 188
Trd, 000147.350, 176
Trd, 000148.250, 181
Trd, 000149.417, 181
Trd, 000149.733, 183
Trd, 000149.967, 184
Trd, 000150.450, 183
Trd, 000150.467, 181
Trd, 000150.650, 173
Trd, 000150.750, 169
Trd, 000151.083, 156
Trd, 000152.350, 163
Trd, 000152.983, 153
Trd, 000153.367, 175
Trd, 000154.517, 170
Trd, 000154.783, 172
Trd, 000155.083, 163
Trd, 000155.950, 166
Trd, 000156.050, 172
Trd, 000156.117, 165
Trd, 000157.367, 172
Trd, 000157.383, 167
Trd, 000158.050, 174
Trd, 000159.033, 175
Trd, 000159.633, 176
Trd, 000159.650, 173
Trd, 000160.450, 174
Trd, 000160.600, 175
Trd, 000160.850, 172
Trd, 000161.117, 170
Trd, 000161.350, 168
Trd, 000162.050, 169
Trd, 000162.167, 167
Trd, 000163.033, 156
Trd, 000163.450, 155
Trd, 000164.400, 165
Trd, 000164.567, 167
Trd, 000164.667, 160
Trd, 000165.700, 178
Trd, 000166.417, 166
Trd, 000166.467, 165
Trd, 000166.483, 178
Trd, 000166.667, 163
Trd, 000166.683, 161
Trd, 000167.317, 162
Trd, 000167.350, 177
Trd, 000167.500, 161
Trd, 000169.400, 164
Trd, 000169.933, 163
Trd, 000170.533, 165
Trd, 000171.450, 172
Trd, 000172.400, 169
Trd, 000172.783, 162
Trd, 000173.650, 162
Trd, 000174.250, 165
Trd, 000174.567, 166
Trd, 000175.400, 164
Trd, 000175.567, 179
Trd, 000175.667, 178
Trd, 000176.050, 169
Trd, 000176.417, 179
Trd, 000177.250, 176
Trd, 000177.883, 167
Trd, 000178.433, 171
Trd, 000178.500, 177
Trd, 000179.033, 177
Trd, 000180.383, 170
Trd, 000181.283, 173
Trd, 000181.350, 172
Trd, 000181.567, 174
Trd, 000181.650, 180
Trd, 000182.883, 170
Trd, 000183.167, 169
Trd, 000183.683, 170
Trd, 000183.967, 159
Trd, 000184.583, 172
Trd, 000184.967, 171
Trd, 000185.017, 173
Trd, 000185.267, 175
Trd, 000185.583, 169
Trd, 000186.817, 183
Trd, 000187.017, 173
Trd, 000187.567, 177
Trd, 000188.367, 182
Trd, 000188.867, 177
Trd, 000189.083, 177
Trd, 000189.350, 176
Trd, 000189.583, 176
Trd, 000190.517, 177
Trd, 000191.383, 175
Trd, 000191.483, 173
Trd, 000191.983, 173
Trd, 000192.200, 174
Trd, 000193.200, 162
Trd, 000193.300, 160
Trd, 000193.800, 173
Trd, 000194.317, 182
Trd, 000194.583, 164
Trd, 000195.500, 174
Trd, 000196.067, 172
Trd, 000196.483, 166
Trd, 000196.633, 172
Trd, 000197.350, 166
Trd, 000199.050, 166
Trd, 000199.383, 161
Trd, 000199.517, 166
Trd, 000199.583, 167
Trd, 000199.900, 160
Trd, 000200.367, 153
Trd, 000200.500, 154
Trd, 000200.617, 167
Trd, 000201.067, 182
Trd, 000202.300, 160
Trd, 000202.717, 165
Trd, 000203.650, 164
Trd, 000203.717, 165
Trd, 000204.283, 165
Trd, 000204.700, 164
Trd, 000204.950, 181
Trd, 000205.033, 161
Trd, 000205.050, 161
Trd, 000205.167, 159
Trd, 000205.267, 182
Trd, 000206.317, 182
Trd, 000206.483, 186
Trd, 000207.233, 171
Trd, 000208.767, 176
Trd, 000209.033, 183
Trd, 000209.083, 175
Trd, 000209.250, 179
Trd, 000209.517, 175
Trd, 000209.683, 182
Trd, 000209.700, 174
Trd, 000210.150, 181
Trd, 000211.117, 179
Trd, 000211.367, 181
Trd, 000212.167, 180
Trd, 000212.283, 162
Trd, 000212.950, 153
Trd, 000213.350, 155
Trd, 000214.433, 165
Trd, 000214.817, 170
Trd, 000214.950, 170
Trd, 000216.283, 164
Trd, 000216.567, 181
Trd, 000216.833, 167
Trd, 000217.417, 177
Trd, 000217.933, 166
Trd, 000218.650, 176
Trd, 000219.233, 181
Trd, 000219.333, 179
Trd, 000219.400, 166
Trd, 000220.817, 182
Trd, 000221.267, 182
Trd, 000221.283, 184
Trd, 000221.533, 181
Trd, 000221.733, 180
Trd, 000221.933, 180
Trd, 000222.133, 163
Trd, 000222.233, 186
Trd, 000222.367, 178
Trd, 000222.467, 184
Trd, 000223.417, 180
Trd, 000224.267, 181
Trd, 000224.683, 181
Trd, 000225.467, 181
Trd, 000226.033, 181
Trd, 000226.267, 183
Trd, 000226.817, 175
Trd, 000228.383, 183
Trd, 000228.433, 181
Trd, 000229.250, 179
Trd, 000229.383, 175
Trd, 000230.000, 176
Trd, 000231.300, 178
Trd, 000231.333, 179
Trd, 000231.400, 177
Trd, 000231.733, 179
Trd, 000232.483, 161
Trd, 000233.567, 168
Trd, 000233.700, 164
Trd, 000233.833, 177
Trd, 000234.183, 177
Trd, 000235.083, 142
Trd, 000235.317, 173
Trd, 000236.083, 175
Trd, 000236.133, 176
Trd, 000236.483, 165
Trd, 000236.950, 167
Trd, 000237.300, 177
Trd, 000237.600, 155
Trd, 000238.600, 168
Trd, 000239.267, 185
Trd, 000239.950, 182
Trd, 000240.183, 184
Trd, 000240.417, 182
Trd, 000240.717, 178
Trd, 000240.900, 181
Trd, 000241.350, 180
Trd, 000241.450, 177
Trd, 000241.950, 178
Trd, 000241.967, 177
Trd, 000242.283, 175
Trd, 000242.417, 176
Trd, 000242.900, 176
Trd, 000243.200, 185
Trd, 000244.267, 177
Trd, 000244.300, 176
Trd, 000244.850, 175
Trd, 000245.317, 173
Trd, 000245.717, 179
Trd, 000245.783, 165
Trd, 000247.017, 190
Trd, 000247.450, 190
Trd, 000247.467, 187
Trd, 000247.633, 189
Trd, 000247.717, 188
Trd, 000248.400, 189
Trd, 000248.817, 188
Trd, 000249.933, 183
Trd, 000249.967, 179
Trd, 000251.100, 173
Trd, 000251.250, 170
Trd, 000252.200, 173
Trd, 000252.283, 173
Trd, 000252.533, 172
Trd, 000252.700, 174
Trd, 000252.833, 172
Trd, 000253.450, 173
Trd, 000253.517, 172
Trd, 000253.683, 174
Trd, 000254.217, 175
Trd, 000254.300, 181
Trd, 000254.350, 171
Trd, 000254.433, 170
Trd, 000255.300, 185
Trd, 000255.567, 181
Trd, 000255.900, 176
Trd, 000255.983, 180
Trd, 000256.667, 183
Trd, 000257.217, 177
Trd, 000258.000, 179
Trd, 000258.717, 180
Trd, 000258.767, 177
Trd, 000259.250, 176
Trd, 000260.100, 175
Trd, 000260.333, 179
Trd, 000260.350, 187
Trd, 000260.600, 184
Trd, 000260.950, 177
Trd, 000261.000, 175
Trd, 000261.450, 176
Trd, 000261.567, 174
Trd, 000261.667, 178
Trd, 000261.767, 178
Trd, 000263.050, 189
Trd, 000263.817, 189
Trd, 000264.850, 188
Trd, 000265.400, 186
Trd, 000265.617, 188
Trd, 000265.667, 187
Trd, 000266.500, 189
Trd, 000266.550, 186
Trd, 000266.567, 184
Trd, 000266.683, 181
Trd, 000267.067, 186
Trd, 000267.300, 183
Trd, 000267.550, 181
Trd, 000268.300, 189
Trd, 000269.017, 182
Trd, 000269.733, 190
Trd, 000269.933, 189
Trd, 000270.467, 192
Trd, 000271.050, 184
Trd, 000271.333, 186
Trd, 000271.683, 188
Trd, 000272.083, 186
Trd, 000272.100, 184
Trd, 000272.500, 181
Trd, 000273.267, 178
Trd, 000274.033, 177
Trd, 000274.333, 177
Trd, 000274.433, 169
Trd, 000275.100, 172
Trd, 000275.383, 178
Trd, 000275.767, 174
Trd, 000276.067, 178
Trd, 000276.450, 173
Trd, 000277.083, 178
Trd, 000277.167, 179
Trd, 000277.383, 179
Trd, 000277.567, 186
Trd, 000277.667, 175
Trd, 000277.717, 173
Trd, 000278.033, 186
Trd, 000278.133, 176
Trd, 000278.167, 189
Trd, 000278.517, 193
Trd, 000278.867, 190
Trd, 000279.917, 170
Trd, 000279.933, 189
Trd, 000282.017, 188
Trd, 000282.517, 181
Trd, 000283.217, 181
Trd, 000283.617, 184
Trd, 000283.650, 179
Trd, 000283.683, 185
Trd, 000284.250, 178
Trd, 000284.833, 180
Trd, 000284.917, 186
Trd, 000285.017, 179
Trd, 000285.767, 179
Trd, 000285.967, 174
Trd, 000286.133, 169
Trd, 000286.517, 163
Trd, 000286.750, 169
Trd, 000287.033, 191
Trd, 000287.450, 197
Trd, 000288.067, 188
Trd, 000289.383, 181
Trd, 000289.883, 183
Trd, 000290.033, 181
Trd, 000290.350, 180
Trd, 000290.533, 181
Trd, 000290.700, 180
Trd, 000290.850, 187
Trd, 000291.033, 187
Trd, 000292.150, 170
Trd, 000292.267, 180
Trd, 000292.783, 166
Trd, 000293.133, 188
Trd, 000293.667, 187
Trd, 000293.983, 181
Trd, 000294.133, 180
Trd, 000294.617, 180
Trd, 000294.967, 179
Trd, 000294.983, 180
Trd, 000295.017, 176
Trd, 000295.283, 187
Trd, 000295.967, 180
Trd, 000296.700, 173
Trd, 000297.000, 172
Trd, 000297.167, 171
Trd, 000297.233, 182
Trd, 000297.417, 181
Trd, 000299.183, 179
Trd, 000299.450, 181
Trd, 000299.600, 178
Trd, 000299.650, 192
Trd, 000299.717, 192
Trd, 000299.783, 177
