Trd, 000001.000, 184
Trd, 000002.133, 117
Trd, 000002.617, 108
Trd, 000003.350, 113
Trd, 000004.283, 113
Trd, 000004.500, 114
Trd, 000005.050, 137
Trd, 000005.617, 141
Trd, 000007.117, 147
Trd, 000007.717, 146
Trd, 000007.817, 147
Trd, 000007.933, 148
Trd, 000008.467, 147
Trd, 000009.467, 145
Trd, 000009.683, 145
Trd, 000009.900, 148
Trd, 000010.017, 163
Trd, 000010.433, 144
Trd, 000010.983, 150
Trd, 000011.183, 151
Trd, 000011.500, 152
Trd, 000012.717, 158
Trd, 000012.733, 157
Trd, 000013.517, 157
Trd, 000014.050, 163
Trd, 000016.133, 155
Trd, 000016.250, 150
Trd, 000016.333, 149
Trd, 000018.250, 149
Trd, 000018.700, 153
Trd, 000018.950, 152
Trd, 000019.417, 151
Trd, 000019.883, 151
Trd, 000019.900, 152
Trd, 000020.217, 153
Trd, 000020.333, 153
Trd, 000021.583, 152
Trd, 000021.800, 154
Trd, 000022.067, 151
Trd, 000022.117, 159
Trd, 000024.267, 152
Trd, 000025.250, 155
Trd, 000025.583, 156
Trd, 000026.900, 153
Trd, 000027.983, 154
Trd, 000028.133, 153
Trd, 000028.467, 152
Trd, 000028.700, 154
Trd, 000029.583, 153
Trd, 000029.667, 153
Trd, 000030.233, 155
Trd, 000031.700, 153
Trd, 000032.150, 151
Trd, 000032.450, 151
Trd, 000033.183, 152
Trd, 000033.467, 152
Trd, 000033.767, 153
Trd, 000034.367, 152
Trd, 000035.333, 154
Trd, 000036.733, 164
Trd, 000036.917, 157
Trd, 000037.333, 156
Trd, 000037.400, 153
Trd, 000039.133, 156
Trd, 000039.517, 156
Trd, 000039.667, 157
Trd, 000040.483, 155
Trd, 000041.333, 154
Trd, 000041.550, 152
Trd, 000041.917, 153
Trd, 000042.767, 152
Trd, 000043.533, 154
Trd, 000044.067, 151
Trd, 000044.983, 153
Trd, 000045.700, 153
Trd, 000045.950, 154
Trd, 000046.400, 152
Trd, 000047.717, 154
Trd, 000047.883, 152
Trd, 000048.400, 154
Trd, 000048.650, 151
Trd, 000050.083, 153
Trd, 000050.200, 167
Trd, 000050.833, 164
Trd, 000051.300, 163
Trd, 000051.367, 157
Trd, 000052.100, 161
Trd, 000052.883, 160
Trd, 000052.900, 162
Trd, 000054.467, 157
Trd, 000054.533, 158
Trd, 000054.567, 156
Trd, 000054.950, 158
Trd, 000055.717, 153
Trd, 000055.983, 158
Trd, 000056.150, 150
Trd, 000056.483, 158
Trd, 000057.050, 167
Trd, 000057.400, 150
Trd, 000057.717, 161
Trd, 000057.800, 170
Trd, 000058.400, 170
Trd, 000059.950, 162
Trd, 000060.950, 164
Trd, 000061.800, 161
Trd, 000062.183, 159
Trd, 000062.933, 162
Trd, 000062.950, 165
Trd, 000063.317, 168
Trd, 000063.633, 158
Trd, 000065.283, 167
Trd, 000065.867, 170
Trd, 000065.883, 159
Trd, 000066.183, 171
Trd, 000069.200, 163
Trd, 000069.767, 162
Trd, 000069.833, 164
Trd, 000070.183, 162
Trd, 000070.583, 162
Trd, 000071.667, 162
Trd, 000072.083, 162
Trd, 000072.717, 161
Trd, 000073.300, 161
Trd, 000073.567, 162
Trd, 000073.933, 161
Trd, 000074.633, 160
Trd, 000074.867, 155
Trd, 000075.317, 161
Trd, 000076.300, 158
Trd, 000076.717, 161
Trd, 000077.033, 169
Trd, 000078.817, 157
Trd, 000079.900, 160
Trd, 000080.317, 159
Trd, 000080.650, 159
Trd, 000080.817, 161
Trd, 000081.200, 158
Trd, 000081.233, 161
Trd, 000082.433, 155
Trd, 000083.083, 156
Trd, 000083.567, 151
Trd, 000083.850, 156
Trd, 000083.983, 155
Trd, 000085.200, 154
Trd, 000085.833, 155
Trd, 000086.767, 156
Trd, 000087.183, 155
Trd, 000088.450, 157
Trd, 000088.467, 156
Trd, 000089.000, 157
Trd, 000089.817, 159
Trd, 000090.717, 169
Trd, 000090.850, 170
Trd, 000092.483, 165
Trd, 000092.567, 163
Trd, 000093.000, 165
Trd, 000094.150, 161
Trd, 000094.700, 163
Trd, 000096.283, 161
Trd, 000096.517, 162
Trd, 000097.233, 161
Trd, 000097.367, 164
Trd, 000097.850, 162
Trd, 000100.100, 161
Trd, 000100.450, 161
Trd, 000100.733, 161
Trd, 000101.083, 161
Trd, 000101.133, 162
Trd, 000102.700, 161
Trd, 000102.967, 160
Trd, 000103.417, 161
Trd, 000103.667, 160
Trd, 000104.033, 160
Trd, 000104.450, 160
Trd, 000104.683, 160
Trd, 000106.133, 161
Trd, 000106.350, 160
Trd, 000107.517, 158
Trd, 000107.633, 140
Trd, 000107.833, 159
Trd, 000108.267, 154
Trd, 000108.800, 155
Trd, 000109.450, 159
Trd, 000110.133, 158
Trd, 000110.583, 159
Trd, 000110.717, 164
Trd, 000111.817, 158
Trd, 000112.367, 161
Trd, 000112.583, 162
Trd, 000113.317, 161
Trd, 000114.183, 170
Trd, 000114.550, 162
Trd, 000114.600, 162
Trd, 000114.933, 161
Trd, 000115.600, 163
Trd, 000116.033, 168
Trd, 000117.750, 165
Trd, 000118.517, 163
Trd, 000118.833, 163
Trd, 000118.983, 163
Trd, 000119.300, 166
Trd, 000119.367, 162
Trd, 000120.000, 173
Trd, 000120.300, 163
Trd, 000120.800, 161
Trd, 000121.383, 162
Trd, 000121.883, 162
Trd, 000124.300, 162
Trd, 000124.600, 160
Trd, 000125.717, 160
Trd, 000125.833, 161
Trd, 000125.900, 161
Trd, 000126.250, 162
Trd, 000126.600, 164
Trd, 000126.800, 177
Trd, 000127.333, 164
Trd, 000128.850, 168
Trd, 000129.433, 170
Trd, 000130.900, 170
Trd, 000131.050, 168
Trd, 000131.533, 168
Trd, 000131.867, 169
Trd, 000132.433, 169
Trd, 000133.067, 171
Trd, 000134.850, 168
Trd, 000134.967, 171
Trd, 000135.250, 167
Trd, 000135.700, 171
Trd, 000137.050, 168
Trd, 000137.150, 168
Trd, 000137.950, 166
Trd, 000138.633, 167
Trd, 000138.867, 164
Trd, 000139.967, 167
Trd, 000140.217, 166
Trd, 000140.333, 164
Trd, 000141.050, 151
Trd, 000141.617, 162
Trd, 000142.417, 163
Trd, 000142.833, 165
Trd, 000143.467, 189
Trd, 000144.467, 177
Trd, 000144.833, 176
Trd, 000144.983, 169
Trd, 000145.617, 172
Trd, 000145.733, 172
Trd, 000146.300, 164
Trd, 000147.417, 171
Trd, 000147.450, 171
Trd, 000147.500, 172
Trd, 000147.833, 172
Trd, 000148.067, 170
Trd, 000148.833, 169
Trd, 000149.650, 174
Trd, 000149.683, 166
Trd, 000151.067, 168
Trd, 000151.233, 164
Trd, 000151.750, 164
Trd, 000151.917, 166
Trd, 000152.000, 166
Trd, 000153.550, 164
Trd, 000153.900, 144
Trd, 000154.433, 149
Trd, 000155.717, 150
Trd, 000156.583, 151
Trd, 000156.667, 152
Trd, 000157.550, 145
Trd, 000159.017, 150
Trd, 000159.033, 151
Trd, 000159.333, 150
Trd, 000161.050, 168
Trd, 000161.433, 176
Trd, 000161.983, 168
Trd, 000162.867, 168
Trd, 000163.150, 176
Trd, 000163.500, 167
Trd, 000163.983, 166
Trd, 000164.317, 165
Trd, 000165.167, 168
Trd, 000165.933, 164
Trd, 000166.350, 164
Trd, 000166.867, 164
Trd, 000167.250, 163
Trd, 000167.550, 158
Trd, 000167.750, 148
Trd, 000167.767, 164
Trd, 000168.150, 165
Trd, 000170.367, 157
Trd, 000170.433, 157
Trd, 000170.467, 158
Trd, 000170.700, 159
Trd, 000172.017, 160
Trd, 000172.367, 159
Trd, 000172.933, 159
Trd, 000173.017, 158
Trd, 000174.100, 160
Trd, 000174.517, 163
Trd, 000174.700, 163
Trd, 000174.867, 162
Trd, 000175.300, 163
Trd, 000176.350, 164
Trd, 000177.250, 165
Trd, 000177.350, 163
Trd, 000178.517, 166
Trd, 000179.333, 164
Trd, 000179.400, 170
Trd, 000179.933, 177
Trd, 000180.267, 179
Trd, 000181.333, 169
Trd, 000183.317, 169
Trd, 000183.450, 170
Trd, 000184.283, 171
Trd, 000184.817, 168
Trd, 000185.567, 169
Trd, 000186.200, 168
Trd, 000186.833, 166
Trd, 000188.133, 169
Trd, 000188.283, 173
Trd, 000189.150, 172
Trd, 000190.083, 169
Trd, 000190.650, 175
Trd, 000191.417, 174
Trd, 000191.583, 175
Trd, 000191.767, 173
Trd, 000192.850, 176
Trd, 000194.600, 173
Trd, 000195.517, 173
Trd, 000195.783, 173
Trd, 000196.317, 172
Trd, 000196.450, 172
Trd, 000197.050, 173
Trd, 000197.100, 168
Trd, 000198.433, 169
Trd, 000198.500, 167
Trd, 000198.783, 170
Trd, 000198.800, 174
Trd, 000198.833, 166
Trd, 000200.700, 170
Trd, 000201.783, 170
Trd, 000202.117, 169
Trd, 000202.950, 169
Trd, 000203.117, 168
Trd, 000203.600, 168
Trd, 000204.083, 168
Trd, 000204.550, 172
Trd, 000205.967, 167
Trd, 000206.400, 175
Trd, 000206.967, 173
Trd, 000207.983, 173
Trd, 000208.150, 171
Trd, 000208.567, 172
Trd, 000210.200, 174
Trd, 000210.500, 171
Trd, 000210.517, 174
Trd, 000210.700, 174
Trd, 000210.717, 171
Trd, 000211.767, 172
Trd, 000211.900, 173
Trd, 000211.967, 183
Trd, 000212.817, 177
Trd, 000212.983, 171
Trd, 000213.300, 171
Trd, 000213.600, 171
Trd, 000213.717, 173
Trd, 000214.083, 174
Trd, 000216.800, 174
Trd, 000216.883, 174
Trd, 000217.683, 173
Trd, 000218.767, 172
Trd, 000219.033, 174
Trd, 000220.550, 171
Trd, 000221.150, 171
Trd, 000221.800, 170
Trd, 000221.950, 171
Trd, 000221.967, 172
Trd, 000222.350, 170
Trd, 000222.883, 172
Trd, 000223.267, 170
Trd, 000224.583, 170
Trd, 000225.483, 171
Trd, 000226.117, 170
Trd, 000226.717, 169
Trd, 000226.833, 170
Trd, 000227.217, 170
Trd, 000227.250, 171
Trd, 000227.983, 172
Trd, 000228.383, 183
Trd, 000229.500, 175
Trd, 000230.233, 178
Trd, 000230.800, 176
Trd, 000231.150, 174
Trd, 000231.750, 175
Trd, 000233.367, 175
Trd, 000233.833, 174
Trd, 000233.967, 175
Trd, 000234.183, 172
Trd, 000235.367, 175
Trd, 000235.683, 172
Trd, 000236.233, 172
Trd, 000236.767, 173
Trd, 000237.083, 173
Trd, 000237.717, 173
Trd, 000237.733, 172
Trd, 000239.233, 172
Trd, 000239.833, 178
Trd, 000240.233, 173
Trd, 000240.283, 174
Trd, 000240.817, 176
Trd, 000240.883, 177
Trd, 000241.117, 179
Trd, 000241.217, 176
Trd, 000242.283, 181
Trd, 000242.750, 183
Trd, 000243.383, 185
Trd, 000243.433, 186
Trd, 000243.917, 185
Trd, 000244.067, 183
Trd, 000244.683, 181
Trd, 000245.117, 182
Trd, 000245.450, 179
Trd, 000245.550, 183
Trd, 000245.967, 181
Trd, 000246.250, 183
Trd, 000246.283, 183
Trd, 000247.483, 181
Trd, 000248.283, 180
Trd, 000248.433, 181
Trd, 000248.633, 181
Trd, 000248.717, 180
Trd, 000248.783, 178
Trd, 000250.800, 175
Trd, 000251.150, 177
Trd, 000251.167, 178
Trd, 000251.667, 179
Trd, 000252.133, 178
Trd, 000252.283, 173
Trd, 000252.350, 178
Trd, 000253.333, 176
Trd, 000254.567, 173
Trd, 000255.517, 176
Trd, 000255.667, 176
Trd, 000255.700, 177
Trd, 000256.217, 183
Trd, 000256.817, 184
Trd, 000257.100, 182
Trd, 000257.667, 186
Trd, 000258.000, 185
Trd, 000258.400, 184
Trd, 000258.650, 183
Trd, 000259.017, 187
Trd, 000259.600, 181
Trd, 000259.667, 181
Trd, 000260.667, 186
Trd, 000260.850, 184
Trd, 000260.967, 187
Trd, 000262.083, 183
Trd, 000262.133, 183
Trd, 000262.450, 188
Trd, 000262.567, 180
Trd, 000262.883, 188
Trd, 000263.400, 180
Trd, 000264.567, 186
Trd, 000265.217, 182
Trd, 000265.500, 180
Trd, 000265.783, 179
Trd, 000266.733, 182
Trd, 000267.117, 182
Trd, 000267.567, 180
Trd, 000267.617, 178
Trd, 000268.083, 182
Trd, 000268.117, 177
Trd, 000268.717, 179
Trd, 000268.850, 175
Trd, 000269.317, 163
Trd, 000269.850, 179
Trd, 000270.417, 181
Trd, 000270.633, 182
Trd, 000271.417, 180
Trd, 000272.250, 180
Trd, 000272.633, 181
Trd, 000273.183, 180
Trd, 000273.217, 182
Trd, 000274.450, 182
Trd, 000274.567, 184
Trd, 000275.117, 192
Trd, 000275.150, 178
Trd, 000276.067, 178
Trd, 000276.150, 177
Trd, 000276.283, 179
Trd, 000276.317, 176
Trd, 000277.217, 184
Trd, 000277.333, 182
Trd, 000278.233, 182
Trd, 000279.433, 183
Trd, 000280.333, 179
Trd, 000280.850, 177
Trd, 000280.900, 176
Trd, 000280.967, 185
Trd, 000281.267, 177
Trd, 000281.867, 186
Trd, 000282.633, 184
Trd, 000282.950, 185
Trd, 000283.283, 182
Trd, 000283.383, 181
Trd, 000283.667, 177
Trd, 000284.383, 178
Trd, 000285.183, 179
Trd, 000285.267, 183
Trd, 000285.350, 185
Trd, 000285.450, 185
Trd, 000286.500, 182
Trd, 000287.217, 185
Trd, 000287.700, 186
Trd, 000287.800, 182
Trd, 000288.933, 182
Trd, 000289.167, 180
Trd, 000289.933, 182
Trd, 000290.033, 178
Trd, 000290.217, 182
Trd, 000290.733, 180
Trd, 000290.750, 179
Trd, 000291.133, 178
Trd, 000291.633, 178
Trd, 000292.217, 178
Trd, 000292.367, 179
Trd, 000292.900, 187
Trd, 000293.083, 188
Trd, 000293.267, 191
Trd, 000294.267, 189
Trd, 000294.433, 176
Trd, 000295.017, 180
Trd, 000295.500, 180
Trd, 000295.583, 182
Trd, 000295.783, 179
Trd, 000296.283, 164
Trd, 000296.900, 172
Trd, 000296.917, 172
Trd, 000297.467, 173
Trd, 000298.033, 193
Trd, 000298.800, 177
Trd, 000299.683, 182
