Trd, 000001.533, 172
Trd, 000002.300, 142
Trd, 000002.517, 164
Trd, 000002.717, 151
Trd, 000004.583, 155
Trd, 000004.800, 152
Trd, 000005.533, 151
Trd, 000006.483, 149
Trd, 000007.483, 155
Trd, 000008.633, 149
Trd, 000008.750, 137
Trd, 000008.917, 136
Trd, 000010.750, 140
Trd, 000011.283, 145
Trd, 000011.333, 149
Trd, 000011.417, 138
Trd, 000012.500, 138
Trd, 000012.667, 138
Trd, 000013.683, 139
Trd, 000013.817, 149
Trd, 000015.067, 143
Trd, 000015.117, 142
Trd, 000016.050, 154
Trd, 000016.283, 154
Trd, 000016.417, 156
Trd, 000017.133, 160
Trd, 000017.400, 161
Trd, 000018.817, 150
Trd, 000019.317, 153
Trd, 000019.433, 149
Trd, 000020.050, 149
Trd, 000021.000, 148
Trd, 000022.733, 147
Trd, 000022.817, 150
Trd, 000023.200, 147
Trd, 000023.817, 150
Trd, 000023.867, 150
Trd, 000023.983, 149
Trd, 000025.233, 160
Trd, 000025.300, 159
Trd, 000025.583, 140
Trd, 000026.800, 158
Trd, 000026.850, 161
Trd, 000028.933, 150
Trd, 000029.083, 142
Trd, 000029.867, 139
Trd, 000030.017, 150
Trd, 000030.767, 140
Trd, 000031.150, 146
Trd, 000032.267, 150
Trd, 000032.417, 140
Trd, 000032.833, 140
Trd, 000033.000, 150
Trd, 000033.017, 151
Trd, 000033.200, 139
Trd, 000033.983, 149
Trd, 000035.050, 153
Trd, 000035.233, 152
Trd, 000035.267, 139
Trd, 000036.367, 148
Trd, 000036.633, 148
Trd, 000036.667, 138
Trd, 000036.967, 149
Trd, 000038.350, 141
Trd, 000038.450, 145
Trd, 000038.517, 136
Trd, 000039.483, 152
Trd, 000039.650, 155
Trd, 000040.350, 161
Trd, 000042.350, 162
Trd, 000043.850, 163
Trd, 000044.167, 166
Trd, 000044.383, 184
Trd, 000044.467, 158
Trd, 000044.933, 152
Trd, 000045.567, 150
Trd, 000045.783, 147
Trd, 000046.950, 155
Trd, 000047.483, 156
Trd, 000048.250, 155
Trd, 000048.783, 155
Trd, 000048.917, 156
Trd, 000050.133, 141
Trd, 000050.383, 151
Trd, 000050.500, 150
Trd, 000050.650, 151
Trd, 000050.683, 149
Trd, 000052.583, 148
Trd, 000053.417, 148
Trd, 000053.800, 149
Trd, 000054.117, 149
Trd, 000054.383, 151
Trd, 000054.450, 142
Trd, 000054.483, 153
Trd, 000055.100, 142
Trd, 000055.967, 156
Trd, 000056.667, 163
Trd, 000057.700, 145
Trd, 000058.033, 150
Trd, 000058.567, 162
Trd, 000059.217, 145
Trd, 000059.617, 157
Trd, 000060.000, 144
Trd, 000060.850, 156
Trd, 000060.917, 157
Trd, 000061.933, 157
Trd, 000062.717, 149
Trd, 000062.800, 148
Trd, 000063.050, 147
Trd, 000063.233, 156
Trd, 000063.267, 164
Trd, 000064.517, 156
Trd, 000065.550, 155
Trd, 000065.950, 152
Trd, 000066.917, 150
Trd, 000068.000, 142
Trd, 000068.017, 152
Trd, 000069.733, 144
Trd, 000069.750, 155
Trd, 000070.450, 143
Trd, 000072.617, 144
Trd, 000073.100, 146
Trd, 000073.150, 143
Trd, 000073.367, 151
Trd, 000074.317, 145
Trd, 000074.333, 154
Trd, 000075.033, 155
Trd, 000076.083, 163
Trd, 000076.350, 163
Trd, 000076.500, 159
Trd, 000076.767, 163
Trd, 000076.833, 150
Trd, 000077.200, 153
Trd, 000077.917, 166
Trd, 000078.950, 160
Trd, 000080.350, 157
Trd, 000081.517, 156
Trd, 000081.750, 155
Trd, 000081.867, 154
Trd, 000081.950, 155
Trd, 000082.067, 155
Trd, 000083.083, 158
Trd, 000083.617, 158
Trd, 000084.933, 150
Trd, 000086.267, 157
Trd, 000087.817, 158
Trd, 000088.433, 158
Trd, 000089.200, 157
Trd, 000089.367, 158
Trd, 000089.950, 146
Trd, 000090.167, 140
Trd, 000090.217, 158
Trd, 000090.550, 156
Trd, 000090.800, 159
Trd, 000091.467, 151
Trd, 000092.517, 152
Trd, 000094.933, 152
Trd, 000095.050, 153
Trd, 000095.150, 153
Trd, 000095.183, 154
Trd, 000095.333, 154
Trd, 000095.633, 152
Trd, 000095.900, 157
Trd, 000097.833, 148
Trd, 000097.883, 161
Trd, 000098.283, 146
Trd, 000098.533, 150
Trd, 000098.833, 159
Trd, 000099.183, 157
Trd, 000100.500, 145
Trd, 000101.133, 147
Trd, 000101.450, 152
Trd, 000101.633, 149
Trd, 000103.283, 160
Trd, 000103.550, 161
Trd, 000104.033, 160
Trd, 000104.617, 146
Trd, 000104.833, 159
Trd, 000105.267, 163
Trd, 000105.750, 156
Trd, 000105.783, 162
Trd, 000106.600, 167
Trd, 000107.033, 168
Trd, 000107.217, 175
Trd, 000107.250, 133
Trd, 000108.533, 162
Trd, 000110.267, 146
Trd, 000110.867, 148
Trd, 000111.150, 150
Trd, 000111.650, 151
Trd, 000111.700, 159
Trd, 000114.167, 147
Trd, 000114.550, 167
Trd, 000115.400, 168
Trd, 000115.933, 152
Trd, 000116.000, 159
Trd, 000117.000, 165
Trd, 000117.500, 166
Trd, 000118.067, 167
Trd, 000118.267, 168
Trd, 000118.417, 170
Trd, 000118.833, 165
Trd, 000121.817, 165
Trd, 000121.917, 163
Trd, 000122.367, 164
Trd, 000122.950, 165
Trd, 000123.133, 166
Trd, 000123.517, 169
Trd, 000124.217, 165
Trd, 000124.367, 163
Trd, 000125.467, 166
Trd, 000126.417, 166
Trd, 000127.183, 162
Trd, 000127.683, 164
Trd, 000128.250, 163
Trd, 000128.583, 164
Trd, 000129.083, 161
Trd, 000129.133, 163
Trd, 000129.467, 160
Trd, 000130.667, 165
Trd, 000130.917, 168
Trd, 000131.300, 169
Trd, 000131.533, 166
Trd, 000132.550, 148
Trd, 000133.900, 168
Trd, 000134.117, 171
Trd, 000135.733, 173
Trd, 000135.900, 172
Trd, 000136.533, 171
Trd, 000137.633, 170
Trd, 000137.833, 169
Trd, 000138.117, 169
Trd, 000138.783, 164
Trd, 000140.200, 164
Trd, 000140.700, 164
Trd, 000140.983, 165
Trd, 000141.067, 164
Trd, 000141.350, 173
Trd, 000141.867, 162
Trd, 000142.167, 166
Trd, 000142.417, 173
Trd, 000143.783, 156
Trd, 000144.533, 162
Trd, 000145.567, 160
Trd, 000146.567, 158
Trd, 000146.967, 153
Trd, 000147.300, 150
Trd, 000147.617, 155
Trd, 000147.883, 156
Trd, 000148.867, 156
Trd, 000149.200, 153
Trd, 000149.733, 157
Trd, 000151.250, 161
Trd, 000152.250, 163
Trd, 000152.567, 166
Trd, 000152.717, 174
Trd, 000153.017, 154
Trd, 000153.233, 179
Trd, 000154.750, 159
Trd, 000155.167, 162
Trd, 000155.300, 159
Trd, 000155.617, 162
Trd, 000156.017, 159
Trd, 000156.900, 162
Trd, 000158.017, 162
Trd, 000158.500, 162
Trd, 000158.700, 152
Trd, 000160.350, 153
Trd, 000160.600, 157
Trd, 000161.533, 146
Trd, 000161.633, 160
Trd, 000161.733, 159
Trd, 000163.533, 153
Trd, 000164.233, 164
Trd, 000164.417, 165
Trd, 000164.933, 156
Trd, 000165.683, 158
Trd, 000166.200, 158
Trd, 000167.200, 160
Trd, 000168.950, 166
Trd, 000169.167, 167
Trd, 000169.267, 160
Trd, 000169.517, 160
Trd, 000169.600, 168
Trd, 000171.250, 168
Trd, 000171.333, 165
Trd, 000172.183, 166
Trd, 000173.083, 173
Trd, 000173.917, 153
Trd, 000174.700, 168
Trd, 000175.883, 154
Trd, 000176.317, 161
Trd, 000177.133, 156
Trd, 000177.300, 156
Trd, 000177.700, 155
Trd, 000179.317, 161
Trd, 000179.583, 161
Trd, 000179.800, 163
Trd, 000180.483, 154
Trd, 000182.267, 162
Trd, 000182.533, 162
Trd, 000183.200, 161
Trd, 000183.367, 161
Trd, 000183.667, 162
Trd, 000185.117, 163
Trd, 000185.950, 166
Trd, 000186.117, 165
Trd, 000186.150, 164
Trd, 000186.883, 170
Trd, 000187.117, 168
Trd, 000187.783, 169
Trd, 000188.567, 169
Trd, 000189.550, 168
Trd, 000190.283, 168
Trd, 000190.783, 169
Trd, 000191.150, 167
Trd, 000191.617, 169
Trd, 000193.250, 168
Trd, 000193.667, 169
Trd, 000195.317, 168
Trd, 000195.367, 167
Trd, 000195.700, 170
Trd, 000195.967, 177
Trd, 000197.417, 172
Trd, 000198.167, 175
Trd, 000198.550, 176
Trd, 000198.917, 176
Trd, 000199.167, 177
Trd, 000200.967, 175
Trd, 000201.317, 168
Trd, 000201.567, 143
Trd, 000202.633, 154
Trd, 000202.683, 156
Trd, 000202.983, 157
Trd, 000203.067, 152
Trd, 000203.850, 161
Trd, 000204.033, 156
Trd, 000204.533, 155
Trd, 000205.450, 172
Trd, 000205.650, 171
Trd, 000206.267, 169
Trd, 000206.483, 168
Trd, 000207.300, 170
Trd, 000207.733, 167
Trd, 000208.767, 171
Trd, 000209.350, 145
Trd, 000209.850, 171
Trd, 000210.300, 169
Trd, 000211.217, 169
Trd, 000211.567, 167
Trd, 000213.367, 164
Trd, 000214.400, 158
Trd, 000214.700, 158
Trd, 000215.417, 165
Trd, 000215.500, 169
Trd, 000216.433, 164
Trd, 000217.033, 172
Trd, 000217.067, 160
Trd, 000217.500, 177
Trd, 000217.683, 173
Trd, 000217.717, 178
Trd, 000218.417, 174
Trd, 000218.733, 184
Trd, 000219.833, 172
Trd, 000220.967, 173
Trd, 000222.450, 172
Trd, 000222.767, 172
Trd, 000222.833, 173
Trd, 000223.433, 160
Trd, 000223.650, 154
Trd, 000223.867, 175
Trd, 000224.250, 178
Trd, 000224.567, 159
Trd, 000227.883, 176
Trd, 000228.017, 174
Trd, 000228.550, 175
Trd, 000229.083, 181
Trd, 000229.867, 179
Trd, 000230.417, 182
Trd, 000231.200, 181
Trd, 000231.817, 181
Trd, 000231.833, 171
Trd, 000232.167, 181
Trd, 000233.200, 181
Trd, 000234.317, 180
Trd, 000234.583, 181
Trd, 000235.250, 156
Trd, 000235.667, 160
Trd, 000236.333, 179
Trd, 000236.417, 175
Trd, 000236.850, 181
Trd, 000236.883, 182
Trd, 000237.150, 162
Trd, 000239.400, 180
Trd, 000239.550, 181
Trd, 000240.267, 169
Trd, 000240.717, 177
Trd, 000240.900, 177
Trd, 000241.267, 175
Trd, 000241.400, 175
Trd, 000241.483, 175
Trd, 000241.583, 176
Trd, 000241.700, 174
Trd, 000243.117, 175
Trd, 000243.133, 173
Trd, 000243.483, 175
Trd, 000244.300, 172
Trd, 000244.383, 177
Trd, 000244.583, 175
Trd, 000245.883, 175
Trd, 000246.350, 178
Trd, 000246.567, 177
Trd, 000246.817, 176
Trd, 000246.900, 179
Trd, 000246.933, 172
Trd, 000247.250, 172
Trd, 000247.700, 175
Trd, 000248.000, 171
Trd, 000248.067, 168
Trd, 000249.067, 171
Trd, 000249.817, 167
Trd, 000250.350, 164
Trd, 000250.700, 163
Trd, 000250.800, 168
Trd, 000251.867, 170
Trd, 000251.900, 173
Trd, 000252.267, 175
Trd, 000253.417, 172
Trd, 000253.917, 172
Trd, 000254.283, 172
Trd, 000254.333, 171
Trd, 000254.367, 183
Trd, 000254.783, 167
Trd, 000255.083, 182
Trd, 000255.267, 161
Trd, 000255.933, 162
Trd, 000256.667, 181
Trd, 000256.900, 181
Trd, 000257.000, 177
Trd, 000257.617, 179
Trd, 000258.667, 184
Trd, 000258.950, 178
Trd, 000258.983, 175
Trd, 000259.600, 178
Trd, 000259.783, 180
Trd, 000259.800, 176
Trd, 000260.233, 187
Trd, 000261.000, 186
Trd, 000261.033, 191
Trd, 000261.250, 182
Trd, 000261.517, 179
Trd, 000262.567, 186
Trd, 000262.800, 175
Trd, 000263.183, 185
Trd, 000263.283, 186
Trd, 000263.367, 182
Trd, 000264.017, 178
Trd, 000264.033, 174
Trd, 000264.467, 170
Trd, 000264.517, 182
Trd, 000265.350, 179
Trd, 000265.800, 177
Trd, 000265.850, 173
Trd, 000267.283, 173
Trd, 000267.550, 174
Trd, 000267.633, 174
Trd, 000268.183, 171
Trd, 000268.517, 174
Trd, 000268.883, 173
Trd, 000269.150, 168
Trd, 000269.467, 174
Trd, 000269.917, 173
Trd, 000270.183, 170
Trd, 000270.900, 178
Trd, 000271.317, 172
Trd, 000271.650, 171
Trd, 000272.433, 169
Trd, 000272.533, 168
Trd, 000272.983, 174
Trd, 000273.000, 175
Trd, 000274.567, 174
Trd, 000274.617, 172
Trd, 000274.817, 183
Trd, 000275.267, 182
Trd, 000275.283, 183
Trd, 000275.700, 180
Trd, 000276.000, 184
Trd, 000276.700, 179
Trd, 000277.083, 178
Trd, 000277.633, 163
Trd, 000277.733, 172
Trd, 000277.883, 179
Trd, 000278.233, 189
Trd, 000278.867, 183
Trd, 000278.933, 179
Trd, 000279.017, 175
Trd, 000280.383, 168
Trd, 000281.417, 174
Trd, 000281.433, 174
Trd, 000281.867, 176
Trd, 000282.350, 174
Trd, 000283.067, 173
Trd, 000283.283, 174
Trd, 000283.450, 172
Trd, 000283.617, 171
Trd, 000283.933, 176
Trd, 000284.050, 170
Trd, 000284.100, 163
Trd, 000284.167, 178
Trd, 000284.467, 162
Trd, 000284.683, 169
Trd, 000285.633, 177
Trd, 000286.500, 179
Trd, 000287.133, 191
Trd, 000287.233, 179
Trd, 000287.750, 194
Trd, 000287.933, 191
Trd, 000287.950, 196
Trd, 000288.233, 190
Trd, 000288.917, 186
Trd, 000289.183, 184
Trd, 000289.383, 187
Trd, 000289.583, 191
Trd, 000290.067, 198
Trd, 000290.267, 183
Trd, 000290.417, 198
Trd, 000290.500, 197
Trd, 000290.833, 190
Trd, 000291.517, 192
Trd, 000291.933, 197
Trd, 000292.117, 194
Trd, 000292.167, 180
Trd, 000292.817, 193
Trd, 000293.667, 191
Trd, 000293.833, 192
Trd, 000294.100, 180
Trd, 000294.367, 191
Trd, 000295.133, 187
Trd, 000295.717, 183
Trd, 000296.050, 188
Trd, 000296.133, 184
Trd, 000296.150, 189
Trd, 000296.550, 182
Trd, 000297.033, 174
Trd, 000297.450, 173
Trd, 000297.650, 194
Trd, 000297.850, 164
Trd, 000298.200, 181
Trd, 000298.300, 191
Trd, 000298.750, 189
Trd, 000299.133, 178
Trd, 000299.717, 188
Trd, 000299.983, 190
