Trd, 000001.317, 148
Trd, 000003.100, 132
Trd, 000004.150, 137
Trd, 000004.450, 144
Trd, 000004.800, 137
Trd, 000004.817, 136
Trd, 000005.050, 175
Trd, 000005.200, 173
Trd, 000005.767, 170
Trd, 000005.800, 160
Trd, 000007.000, 168
Trd, 000007.167, 158
Trd, 000008.233, 158
Trd, 000008.300, 145
Trd, 000009.067, 152
Trd, 000009.317, 138
Trd, 000009.733, 141
Trd, 000010.067, 142
Trd, 000010.467, 145
Trd, 000011.150, 142
Trd, 000011.417, 142
Trd, 000011.533, 151
Trd, 000011.617, 152
Trd, 000012.333, 153
Trd, 000012.800, 150
Trd, 000012.867, 149
Trd, 000013.050, 149
Trd, 000013.533, 141
Trd, 000013.717, 142
Trd, 000014.733, 145
Trd, 000015.733, 154
Trd, 000015.783, 155
Trd, 000016.567, 149
Trd, 000017.033, 156
Trd, 000017.083, 149
Trd, 000018.967, 151
Trd, 000019.233, 150
Trd, 000019.783, 154
Trd, 000019.917, 157
Trd, 000020.400, 152
Trd, 000020.433, 152
Trd, 000020.650, 150
Trd, 000020.900, 169
Trd, 000021.417, 142
Trd, 000023.717, 154
Trd, 000023.783, 165
Trd, 000024.100, 170
Trd, 000024.533, 152
Trd, 000024.600, 151
Trd, 000026.583, 152
Trd, 000026.633, 158
Trd, 000027.183, 153
Trd, 000029.183, 156
Trd, 000029.483, 156
Trd, 000029.500, 155
Trd, 000029.567, 157
Trd, 000029.717, 154
Trd, 000029.767, 158
Trd, 000030.167, 162
Trd, 000030.183, 153
Trd, 000030.233, 141
Trd, 000030.383, 167
Trd, 000031.567, 160
Trd, 000032.333, 160
Trd, 000032.483, 152
Trd, 000032.650, 151
Trd, 000032.667, 140
Trd, 000033.883, 161
Trd, 000034.150, 152
Trd, 000034.450, 136
Trd, 000034.583, 134
Trd, 000036.000, 143
Trd, 000036.350, 145
Trd, 000036.633, 162
Trd, 000036.950, 168
Trd, 000037.950, 153
Trd, 000038.200, 165
Trd, 000038.700, 155
Trd, 000038.867, 154
Trd, 000039.167, 166
Trd, 000039.833, 152
Trd, 000040.950, 166
Trd, 000041.333, 141
Trd, 000041.617, 141
Trd, 000041.667, 135
Trd, 000042.217, 148
Trd, 000043.150, 157
Trd, 000043.583, 153
Trd, 000043.800, 156
Trd, 000044.250, 157
Trd, 000044.767, 159
Trd, 000045.133, 166
Trd, 000045.267, 169
Trd, 000045.400, 157
Trd, 000045.800, 155
Trd, 000046.133, 176
Trd, 000046.317, 157
Trd, 000046.500, 154
Trd, 000047.033, 167
Trd, 000047.200, 170
Trd, 000047.667, 158
Trd, 000048.233, 154
Trd, 000048.300, 153
Trd, 000048.450, 172
Trd, 000048.550, 150
Trd, 000049.117, 175
Trd, 000049.783, 153
Trd, 000050.450, 151
Trd, 000051.083, 150
Trd, 000051.717, 145
Trd, 000052.667, 148
Trd, 000052.683, 154
Trd, 000053.533, 166
Trd, 000053.850, 153
Trd, 000054.383, 188
Trd, 000054.683, 163
Trd, 000055.000, 154
Trd, 000055.717, 153
Trd, 000055.767, 170
Trd, 000056.217, 153
Trd, 000056.517, 190
Trd, 000057.433, 145
Trd, 000057.833, 144
Trd, 000057.967, 155
Trd, 000058.933, 150
Trd, 000059.100, 149
Trd, 000059.800, 157
Trd, 000060.267, 160
Trd, 000060.300, 162
Trd, 000060.433, 163
Trd, 000060.783, 156
Trd, 000061.500, 154
Trd, 000061.867, 153
Trd, 000062.033, 145
Trd, 000062.217, 155
Trd, 000062.800, 163
Trd, 000062.867, 143
Trd, 000063.417, 162
Trd, 000063.633, 156
Trd, 000064.667, 158
Trd, 000064.700, 160
Trd, 000064.883, 157
Trd, 000065.067, 156
Trd, 000065.200, 161
Trd, 000065.950, 157
Trd, 000066.167, 143
Trd, 000066.250, 148
Trd, 000066.350, 147
Trd, 000066.600, 164
Trd, 000067.150, 143
Trd, 000068.167, 165
Trd, 000068.733, 156
Trd, 000068.767, 166
Trd, 000069.400, 149
Trd, 000070.250, 156
Trd, 000070.367, 155
Trd, 000070.717, 168
Trd, 000071.350, 181
Trd, 000071.717, 164
Trd, 000072.250, 158
Trd, 000072.317, 157
Trd, 000073.600, 144
Trd, 000073.633, 138
Trd, 000073.667, 144
Trd, 000074.117, 134
Trd, 000074.967, 147
Trd, 000075.117, 148
Trd, 000075.817, 174
Trd, 000076.250, 149
Trd, 000076.983, 153
Trd, 000077.583, 153
Trd, 000077.833, 161
Trd, 000078.450, 156
Trd, 000078.650, 161
Trd, 000079.967, 156
Trd, 000080.283, 155
Trd, 000080.333, 160
Trd, 000080.367, 161
Trd, 000080.433, 156
Trd, 000081.883, 156
Trd, 000082.133, 156
Trd, 000082.467, 160
Trd, 000083.150, 159
Trd, 000083.267, 155
Trd, 000084.067, 150
Trd, 000084.400, 158
Trd, 000085.083, 149
Trd, 000085.700, 149
Trd, 000085.850, 149
Trd, 000085.983, 147
Trd, 000086.050, 150
Trd, 000086.450, 144
Trd, 000086.617, 153
Trd, 000086.950, 144
Trd, 000087.933, 164
Trd, 000088.450, 165
Trd, 000088.867, 164
Trd, 000088.933, 163
Trd, 000089.567, 168
Trd, 000089.717, 163
Trd, 000090.683, 162
Trd, 000091.883, 158
Trd, 000092.417, 173
Trd, 000094.017, 164
Trd, 000094.167, 170
Trd, 000094.200, 174
Trd, 000094.550, 165
Trd, 000094.633, 163
Trd, 000095.217, 159
Trd, 000095.417, 157
Trd, 000095.600, 181
Trd, 000096.533, 150
Trd, 000097.617, 165
Trd, 000097.983, 164
Trd, 000098.217, 172
Trd, 000098.383, 173
Trd, 000098.850, 174
Trd, 000098.967, 150
Trd, 000099.950, 151
Trd, 000100.150, 176
Trd, 000100.683, 172
Trd, 000101.267, 150
Trd, 000102.667, 159
Trd, 000102.750, 158
Trd, 000103.167, 154
Trd, 000103.983, 149
Trd, 000104.033, 162
Trd, 000104.800, 160
Trd, 000104.900, 165
Trd, 000106.300, 166
Trd, 000106.750, 165
Trd, 000106.767, 164
Trd, 000107.217, 164
Trd, 000107.550, 164
Trd, 000107.600, 160
Trd, 000108.167, 158
Trd, 000108.183, 154
Trd, 000108.950, 151
Trd, 000109.083, 150
Trd, 000109.250, 148
Trd, 000109.983, 154
Trd, 000110.150, 162
Trd, 000110.450, 167
Trd, 000110.883, 153
Trd, 000111.167, 178
Trd, 000111.583, 158
Trd, 000112.200, 172
Trd, 000112.800, 170
Trd, 000112.933, 170
Trd, 000113.700, 159
Trd, 000113.733, 159
Trd, 000114.000, 160
Trd, 000114.933, 161
Trd, 000115.567, 160
Trd, 000115.717, 159
Trd, 000116.300, 180
Trd, 000117.417, 177
Trd, 000117.467, 178
Trd, 000119.017, 176
Trd, 000119.033, 174
Trd, 000119.633, 176
Trd, 000119.900, 173
Trd, 000119.933, 170
Trd, 000120.017, 159
Trd, 000120.133, 176
Trd, 000120.417, 152
Trd, 000120.583, 177
Trd, 000120.783, 161
Trd, 000121.150, 149
Trd, 000121.733, 175
Trd, 000122.350, 175
Trd, 000122.733, 175
Trd, 000122.800, 160
Trd, 000124.350, 155
Trd, 000124.683, 153
Trd, 000124.717, 156
Trd, 000125.050, 163
Trd, 000125.200, 153
Trd, 000125.650, 157
Trd, 000126.650, 165
Trd, 000127.633, 165
Trd, 000128.433, 168
Trd, 000128.667, 159
Trd, 000128.900, 152
Trd, 000128.917, 151
Trd, 000129.417, 170
Trd, 000129.483, 150
Trd, 000129.900, 157
Trd, 000131.067, 169
Trd, 000131.367, 169
Trd, 000131.917, 172
Trd, 000132.150, 155
Trd, 000132.417, 155
Trd, 000132.567, 178
Trd, 000133.883, 199
Trd, 000135.450, 174
Trd, 000136.000, 174
Trd, 000136.150, 171
Trd, 000136.200, 158
Trd, 000136.300, 161
Trd, 000136.567, 162
Trd, 000137.150, 170
Trd, 000137.333, 154
Trd, 000137.533, 160
Trd, 000137.900, 158
Trd, 000138.067, 154
Trd, 000138.633, 169
Trd, 000138.950, 155
Trd, 000139.950, 165
Trd, 000141.100, 162
Trd, 000141.233, 168
Trd, 000141.367, 168
Trd, 000141.733, 159
Trd, 000142.033, 155
Trd, 000142.283, 155
Trd, 000142.533, 153
Trd, 000142.633, 151
Trd, 000143.500, 155
Trd, 000144.333, 158
Trd, 000144.650, 161
Trd, 000144.800, 162
Trd, 000144.983, 160
Trd, 000145.717, 170
Trd, 000146.417, 158
Trd, 000146.583, 171
Trd, 000146.933, 160
Trd, 000147.167, 144
Trd, 000147.383, 171
Trd, 000147.767, 172
Trd, 000147.800, 183
Trd, 000149.433, 165
Trd, 000149.683, 163
Trd, 000149.967, 168
Trd, 000150.000, 169
Trd, 000150.600, 161
Trd, 000151.350, 168
Trd, 000151.400, 155
Trd, 000151.950, 153
Trd, 000152.367, 164
Trd, 000152.517, 152
Trd, 000152.833, 156
Trd, 000153.050, 146
Trd, 000153.733, 165
Trd, 000154.467, 152
Trd, 000155.000, 158
Trd, 000155.600, 166
Trd, 000155.883, 155
Trd, 000157.067, 162
Trd, 000157.617, 161
Trd, 000159.000, 167
Trd, 000159.267, 173
Trd, 000159.350, 165
Trd, 000159.900, 173
Trd, 000160.133, 169
Trd, 000160.183, 181
Trd, 000160.217, 163
Trd, 000160.517, 172
Trd, 000160.750, 164
Trd, 000161.533, 168
Trd, 000161.550, 155
Trd, 000161.867, 153
Trd, 000162.517, 147
Trd, 000163.017, 178
Trd, 000163.117, 180
Trd, 000164.100, 176
Trd, 000164.767, 175
Trd, 000165.350, 164
Trd, 000165.883, 154
Trd, 000166.200, 160
Trd, 000166.350, 176
Trd, 000166.500, 182
Trd, 000167.333, 167
Trd, 000167.567, 172
Trd, 000167.767, 158
Trd, 000167.933, 157
Trd, 000168.300, 172
Trd, 000168.717, 173
Trd, 000168.833, 174
Trd, 000169.483, 169
Trd, 000170.267, 174
Trd, 000170.483, 175
Trd, 000171.117, 169
Trd, 000171.350, 183
Trd, 000172.650, 183
Trd, 000172.833, 167
Trd, 000173.000, 165
Trd, 000173.683, 153
Trd, 000174.183, 175
Trd, 000174.483, 165
Trd, 000174.717, 159
Trd, 000175.383, 171
Trd, 000175.683, 176
Trd, 000175.750, 159
Trd, 000176.150, 183
Trd, 000176.883, 178
Trd, 000177.050, 165
Trd, 000177.167, 180
Trd, 000177.817, 181
Trd, 000178.450, 183
Trd, 000179.000, 174
Trd, 000179.750, 170
Trd, 000179.983, 182
Trd, 000180.033, 184
Trd, 000180.250, 169
Trd, 000180.367, 167
Trd, 000180.767, 166
Trd, 000181.417, 150
Trd, 000182.183, 161
Trd, 000183.367, 162
Trd, 000183.683, 183
Trd, 000184.217, 181
Trd, 000184.717, 163
Trd, 000184.950, 176
Trd, 000185.433, 162
Trd, 000186.167, 177
Trd, 000186.317, 169
Trd, 000186.350, 167
Trd, 000186.400, 162
Trd, 000186.750, 157
Trd, 000187.150, 156
Trd, 000187.683, 159
Trd, 000188.283, 160
Trd, 000189.283, 170
Trd, 000189.500, 177
Trd, 000189.850, 163
Trd, 000189.900, 178
Trd, 000190.283, 184
Trd, 000190.850, 161
Trd, 000191.233, 160
Trd, 000191.517, 162
Trd, 000191.583, 159
Trd, 000191.783, 168
Trd, 000192.333, 158
Trd, 000192.983, 169
Trd, 000193.067, 185
Trd, 000193.300, 156
Trd, 000194.683, 159
Trd, 000195.750, 159
Trd, 000196.117, 164
Trd, 000196.467, 178
Trd, 000197.450, 180
Trd, 000198.083, 163
Trd, 000198.550, 163
Trd, 000198.717, 164
Trd, 000199.000, 162
Trd, 000199.317, 159
Trd, 000199.867, 159
Trd, 000200.817, 160
Trd, 000200.983, 161
Trd, 000201.133, 160
Trd, 000201.417, 157
Trd, 000201.433, 158
Trd, 000201.867, 171
Trd, 000201.950, 177
Trd, 000203.450, 164
Trd, 000203.733, 188
Trd, 000203.750, 165
Trd, 000204.317, 165
Trd, 000204.650, 179
Trd, 000205.183, 168
Trd, 000205.600, 178
Trd, 000206.833, 162
Trd, 000207.400, 169
Trd, 000207.467, 162
Trd, 000207.683, 165
Trd, 000209.450, 165
Trd, 000209.750, 160
Trd, 000209.817, 158
Trd, 000210.983, 170
Trd, 000211.250, 172
Trd, 000211.683, 171
Trd, 000212.100, 170
Trd, 000212.267, 170
Trd, 000212.400, 169
Trd, 000212.800, 183
Trd, 000212.967, 187
Trd, 000213.133, 168
Trd, 000213.283, 160
Trd, 000214.083, 180
Trd, 000214.567, 168
Trd, 000216.033, 168
Trd, 000216.067, 167
Trd, 000216.150, 179
Trd, 000217.317, 166
Trd, 000217.650, 179
Trd, 000217.883, 180
Trd, 000218.217, 178
Trd, 000218.233, 171
Trd, 000218.633, 192
Trd, 000218.783, 167
Trd, 000219.167, 165
Trd, 000220.667, 181
Trd, 000220.683, 159
Trd, 000221.050, 182
Trd, 000221.150, 163
Trd, 000221.533, 194
Trd, 000221.700, 193
Trd, 000222.283, 174
Trd, 000222.833, 170
Trd, 000222.900, 159
Trd, 000223.300, 195
Trd, 000224.317, 180
Trd, 000224.567, 180
Trd, 000224.750, 179
Trd, 000225.483, 189
Trd, 000227.250, 182
Trd, 000227.550, 184
Trd, 000227.583, 185
Trd, 000227.950, 184
Trd, 000228.000, 181
Trd, 000228.033, 172
Trd, 000228.517, 181
Trd, 000228.933, 171
Trd, 000229.400, 160
Trd, 000229.467, 161
Trd, 000229.500, 180
Trd, 000231.267, 163
Trd, 000233.233, 178
Trd, 000233.750, 176
Trd, 000234.183, 175
Trd, 000234.417, 176
Trd, 000234.683, 179
Trd, 000235.233, 173
Trd, 000235.267, 172
Trd, 000235.350, 171
Trd, 000235.383, 181
Trd, 000235.550, 174
Trd, 000235.600, 173
Trd, 000235.683, 187
Trd, 000237.233, 175
Trd, 000237.300, 174
Trd, 000237.683, 186
Trd, 000238.183, 165
Trd, 000238.633, 154
Trd, 000238.817, 161
Trd, 000239.083, 180
Trd, 000239.800, 178
Trd, 000239.850, 168
Trd, 000240.017, 180
Trd, 000240.067, 168
Trd, 000241.067, 181
Trd, 000241.617, 181
Trd, 000242.117, 179
Trd, 000242.683, 178
Trd, 000242.917, 178
Trd, 000243.450, 177
Trd, 000243.983, 172
Trd, 000244.400, 176
Trd, 000244.950, 181
Trd, 000245.133, 168
Trd, 000245.433, 169
Trd, 000245.783, 179
Trd, 000246.167, 180
Trd, 000247.050, 174
Trd, 000247.333, 172
Trd, 000247.617, 170
Trd, 000248.217, 167
Trd, 000248.800, 161
Trd, 000249.000, 167
Trd, 000249.217, 169
Trd, 000249.467, 183
Trd, 000249.500, 160
Trd, 000250.117, 171
Trd, 000250.517, 175
Trd, 000251.283, 181
Trd, 000251.450, 176
Trd, 000251.483, 181
Trd, 000251.733, 176
Trd, 000252.100, 175
Trd, 000252.833, 176
Trd, 000252.917, 175
Trd, 000253.017, 173
Trd, 000253.167, 173
Trd, 000253.250, 176
Trd, 000253.967, 180
Trd, 000254.683, 167
Trd, 000255.600, 179
Trd, 000255.950, 182
Trd, 000256.033, 180
Trd, 000256.367, 179
Trd, 000256.383, 178
Trd, 000256.667, 177
Trd, 000257.083, 175
Trd, 000257.283, 181
Trd, 000257.433, 174
Trd, 000258.667, 166
Trd, 000259.017, 165
Trd, 000259.167, 164
Trd, 000259.733, 164
Trd, 000260.283, 167
Trd, 000260.433, 170
Trd, 000260.883, 174
Trd, 000261.683, 175
Trd, 000262.133, 180
Trd, 000262.433, 183
Trd, 000262.500, 185
Trd, 000262.800, 184
Trd, 000263.183, 176
Trd, 000263.550, 187
Trd, 000263.617, 176
Trd, 000264.217, 175
Trd, 000264.400, 174
Trd, 000264.583, 166
Trd, 000265.500, 169
Trd, 000265.750, 167
Trd, 000266.717, 173
Trd, 000266.800, 188
Trd, 000266.883, 163
Trd, 000267.483, 163
Trd, 000267.767, 167
Trd, 000267.883, 160
Trd, 000268.083, 164
Trd, 000268.350, 170
Trd, 000269.000, 167
Trd, 000269.133, 171
Trd, 000269.633, 174
Trd, 000269.867, 178
Trd, 000270.300, 176
Trd, 000270.600, 176
Trd, 000270.733, 176
Trd, 000271.317, 176
Trd, 000271.417, 175
Trd, 000271.917, 175
Trd, 000272.283, 176
Trd, 000272.350, 178
Trd, 000272.650, 182
Trd, 000273.050, 168
Trd, 000274.200, 160
Trd, 000274.700, 169
Trd, 000275.483, 173
Trd, 000275.900, 173
Trd, 000276.450, 183
Trd, 000276.667, 170
Trd, 000276.683, 184
Trd, 000276.917, 170
Trd, 000276.933, 185
Trd, 000277.100, 188
Trd, 000277.183, 176
Trd, 000277.833, 176
Trd, 000278.650, 169
Trd, 000279.683, 172
Trd, 000281.017, 171
Trd, 000281.183, 169
Trd, 000281.233, 172
Trd, 000281.417, 168
Trd, 000281.600, 168
Trd, 000282.350, 167
Trd, 000282.467, 167
Trd, 000282.500, 169
Trd, 000282.667, 172
Trd, 000283.267, 162
Trd, 000283.467, 165
Trd, 000284.150, 174
Trd, 000284.500, 165
Trd, 000284.567, 164
Trd, 000284.717, 175
Trd, 000285.717, 176
Trd, 000286.067, 173
Trd, 000286.833, 191
Trd, 000287.117, 187
Trd, 000287.167, 186
Trd, 000287.633, 184
Trd, 000288.283, 176
Trd, 000288.433, 177
Trd, 000289.100, 170
Trd, 000289.317, 183
Trd, 000289.750, 182
Trd, 000289.883, 182
Trd, 000289.933, 166
Trd, 000290.683, 166
Trd, 000291.050, 170
Trd, 000291.200, 167
Trd, 000291.650, 166
Trd, 000291.750, 165
Trd, 000291.883, 172
Trd, 000292.283, 173
Trd, 000292.900, 167
Trd, 000293.050, 173
Trd, 000293.700, 177
Trd, 000293.900, 168
Trd, 000295.250, 181
Trd, 000295.517, 180
Trd, 000295.567, 179
Trd, 000295.600, 177
Trd, 000296.333, 180
Trd, 000296.350, 185
Trd, 000296.617, 177
Trd, 000297.000, 188
Trd, 000297.300, 185
Trd, 000297.800, 195
Trd, 000297.833, 201
Trd, 000298.150, 190
Trd, 000298.450, 178
Trd, 000299.783, 192
Trd, 000299.850, 179
Trd, 000299.950, 172
