Trd, 000001.183, 131
Trd, 000002.217, 153
Trd, 000003.483, 152
Trd, 000003.733, 150
Trd, 000003.783, 149
Trd, 000004.117, 158
Trd, 000004.617, 149
Trd, 000004.667, 148
Trd, 000004.817, 162
Trd, 000005.200, 178
Trd, 000006.850, 155
Trd, 000006.917, 169
Trd, 000006.967, 150
Trd, 000008.317, 155
Trd, 000008.583, 159
Trd, 000009.517, 161
Trd, 000010.750, 159
Trd, 000011.183, 158
Trd, 000011.383, 159
Trd, 000011.850, 154
Trd, 000011.883, 149
Trd, 000012.433, 156
Trd, 000012.900, 150
Trd, 000013.100, 155
Trd, 000014.533, 153
Trd, 000014.550, 150
Trd, 000015.017, 155
Trd, 000015.167, 154
Trd, 000015.817, 154
Trd, 000016.233, 153
Trd, 000016.600, 160
Trd, 000016.817, 144
Trd, 000016.883, 126
Trd, 000017.883, 155
Trd, 000017.917, 156
Trd, 000018.333, 160
Trd, 000018.617, 151
Trd, 000018.817, 150
Trd, 000018.983, 134
Trd, 000020.033, 152
Trd, 000020.433, 141
Trd, 000020.550, 164
Trd, 000021.400, 163
Trd, 000022.117, 164
Trd, 000023.033, 162
Trd, 000023.117, 151
Trd, 000023.217, 148
Trd, 000025.067, 156
Trd, 000025.083, 157
Trd, 000025.283, 157
Trd, 000026.217, 161
Trd, 000026.417, 178
Trd, 000026.733, 161
Trd, 000027.583, 166
Trd, 000028.017, 163
Trd, 000028.550, 161
Trd, 000029.200, 165
Trd, 000030.150, 165
Trd, 000030.567, 165
Trd, 000031.033, 164
Trd, 000031.067, 166
Trd, 000031.750, 158
Trd, 000031.900, 152
Trd, 000032.433, 167
Trd, 000033.783, 173
Trd, 000033.933, 180
Trd, 000034.050, 172
Trd, 000034.133, 164
Trd, 000035.000, 180
Trd, 000035.300, 179
Trd, 000035.317, 178
Trd, 000035.683, 179
Trd, 000036.933, 174
Trd, 000037.550, 161
Trd, 000037.600, 167
Trd, 000037.817, 159
Trd, 000037.850, 151
Trd, 000038.033, 173
Trd, 000039.367, 157
Trd, 000040.283, 162
Trd, 000040.333, 155
Trd, 000040.550, 166
Trd, 000041.300, 160
Trd, 000044.483, 159
Trd, 000044.700, 160
Trd, 000044.800, 159
Trd, 000044.933, 160
Trd, 000045.633, 157
Trd, 000046.233, 157
Trd, 000046.650, 156
Trd, 000046.750, 162
Trd, 000048.117, 155
Trd, 000048.583, 154
Trd, 000048.933, 155
Trd, 000049.267, 160
Trd, 000049.567, 154
Trd, 000049.583, 158
Trd, 000050.583, 154
Trd, 000051.333, 153
Trd, 000051.850, 153
Trd, 000052.517, 158
Trd, 000052.783, 163
Trd, 000052.967, 167
Trd, 000053.267, 163
Trd, 000053.783, 163
Trd, 000053.867, 161
Trd, 000054.317, 162
Trd, 000056.100, 162
Trd, 000056.233, 163
Trd, 000056.733, 165
Trd, 000058.200, 164
Trd, 000058.267, 164
Trd, 000058.300, 165
Trd, 000059.017, 163
Trd, 000059.250, 166
Trd, 000059.333, 161
Trd, 000059.850, 181
Trd, 000060.467, 177
Trd, 000060.750, 161
Trd, 000061.267, 160
Trd, 000061.300, 179
Trd, 000062.633, 162
Trd, 000063.000, 161
Trd, 000063.217, 161
Trd, 000063.450, 164
Trd, 000063.517, 162
Trd, 000063.867, 160
Trd, 000064.150, 156
Trd, 000064.667, 160
Trd, 000064.967, 161
Trd, 000065.667, 154
Trd, 000066.517, 162
Trd, 000067.433, 162
Trd, 000067.983, 161
Trd, 000068.617, 162
Trd, 000068.867, 162
Trd, 000068.917, 164
Trd, 000069.133, 156
Trd, 000069.367, 155
Trd, 000069.550, 165
Trd, 000070.467, 151
Trd, 000070.867, 153
Trd, 000071.250, 166
Trd, 000071.433, 167
Trd, 000071.450, 152
Trd, 000072.733, 154
Trd, 000072.817, 166
Trd, 000074.383, 162
Trd, 000074.783, 156
Trd, 000075.650, 161
Trd, 000075.850, 157
Trd, 000077.533, 159
Trd, 000078.367, 157
Trd, 000078.383, 155
Trd, 000079.100, 150
Trd, 000079.300, 159
Trd, 000079.400, 160
Trd, 000080.333, 161
Trd, 000080.350, 166
Trd, 000081.050, 160
Trd, 000081.717, 162
Trd, 000082.300, 162
Trd, 000082.367, 158
Trd, 000082.450, 170
Trd, 000083.600, 174
Trd, 000083.733, 172
Trd, 000083.850, 157
Trd, 000084.400, 163
Trd, 000084.683, 169
Trd, 000085.317, 172
Trd, 000085.333, 169
Trd, 000085.567, 164
Trd, 000087.133, 167
Trd, 000087.333, 161
Trd, 000088.350, 167
Trd, 000088.733, 163
Trd, 000089.067, 157
Trd, 000089.200, 167
Trd, 000090.033, 166
Trd, 000090.183, 166
Trd, 000090.633, 161
Trd, 000091.000, 168
Trd, 000091.783, 167
Trd, 000092.450, 161
Trd, 000093.283, 165
Trd, 000093.400, 160
Trd, 000093.417, 152
Trd, 000093.433, 143
Trd, 000094.100, 136
Trd, 000094.483, 160
Trd, 000094.800, 157
Trd, 000095.533, 159
Trd, 000095.717, 154
Trd, 000095.767, 171
Trd, 000096.550, 168
Trd, 000097.433, 159
Trd, 000097.983, 164
Trd, 000098.333, 165
Trd, 000098.783, 164
Trd, 000099.883, 170
Trd, 000100.033, 169
Trd, 000100.150, 159
Trd, 000101.117, 168
Trd, 000101.433, 162
Trd, 000101.900, 168
Trd, 000102.033, 168
Trd, 000103.433, 158
Trd, 000103.800, 154
Trd, 000104.333, 163
Trd, 000105.033, 157
Trd, 000105.233, 154
Trd, 000105.800, 154
Trd, 000105.833, 159
Trd, 000106.833, 154
Trd, 000106.950, 154
Trd, 000107.717, 153
Trd, 000107.733, 157
Trd, 000107.750, 172
Trd, 000108.150, 161
Trd, 000108.217, 186
Trd, 000109.300, 155
Trd, 000109.667, 167
Trd, 000112.300, 165
Trd, 000112.500, 165
Trd, 000112.700, 168
Trd, 000112.917, 169
Trd, 000113.217, 173
Trd, 000113.750, 162
Trd, 000114.400, 168
Trd, 000114.750, 161
Trd, 000114.800, 160
Trd, 000115.367, 161
Trd, 000116.450, 167
Trd, 000116.650, 172
Trd, 000117.217, 163
Trd, 000117.550, 163
Trd, 000117.750, 169
Trd, 000118.183, 161
Trd, 000118.400, 170
Trd, 000119.200, 160
Trd, 000120.517, 187
Trd, 000121.033, 174
Trd, 000121.167, 191
Trd, 000122.467, 171
Trd, 000122.500, 174
Trd, 000123.350, 171
Trd, 000124.017, 170
Trd, 000124.183, 173
Trd, 000124.783, 173
Trd, 000125.017, 167
Trd, 000125.050, 155
Trd, 000125.633, 170
Trd, 000126.067, 173
Trd, 000126.600, 172
Trd, 000126.683, 162
Trd, 000126.867, 172
Trd, 000129.367, 165
Trd, 000129.850, 171
Trd, 000130.867, 168
Trd, 000131.000, 167
Trd, 000131.183, 164
Trd, 000131.433, 167
Trd, 000131.583, 167
Trd, 000131.650, 175
Trd, 000131.717, 194
Trd, 000131.817, 179
Trd, 000132.350, 178
Trd, 000133.833, 171
Trd, 000134.300, 170
Trd, 000134.350, 176
Trd, 000134.883, 177
Trd, 000135.333, 176
Trd, 000135.883, 172
Trd, 000136.000, 170
Trd, 000136.350, 169
Trd, 000137.017, 168
Trd, 000137.217, 164
Trd, 000137.600, 164
Trd, 000138.383, 168
Trd, 000138.550, 162
Trd, 000138.800, 167
Trd, 000140.467, 171
Trd, 000140.650, 170
Trd, 000141.067, 172
Trd, 000141.200, 176
Trd, 000141.400, 174
Trd, 000141.567, 169
Trd, 000142.033, 166
Trd, 000142.950, 189
Trd, 000143.600, 172
Trd, 000143.800, 193
Trd, 000145.317, 169
Trd, 000145.567, 172
Trd, 000145.633, 168
Trd, 000145.667, 177
Trd, 000147.250, 172
Trd, 000147.433, 173
Trd, 000147.617, 171
Trd, 000147.900, 173
Trd, 000147.933, 174
Trd, 000148.417, 165
Trd, 000148.950, 176
Trd, 000149.167, 177
Trd, 000150.183, 165
Trd, 000150.450, 166
Trd, 000151.683, 168
Trd, 000152.517, 167
Trd, 000152.567, 165
Trd, 000152.750, 164
Trd, 000153.333, 168
Trd, 000153.450, 163
Trd, 000153.633, 158
Trd, 000154.717, 167
Trd, 000154.833, 167
Trd, 000155.883, 168
Trd, 000156.067, 168
Trd, 000156.550, 169
Trd, 000156.700, 174
Trd, 000156.800, 167
Trd, 000157.033, 177
Trd, 000157.217, 178
Trd, 000157.333, 191
Trd, 000158.183, 172
Trd, 000158.350, 171
Trd, 000161.417, 171
Trd, 000161.717, 170
Trd, 000162.117, 172
Trd, 000162.383, 173
Trd, 000162.517, 174
Trd, 000163.167, 173
Trd, 000164.350, 173
Trd, 000165.317, 172
Trd, 000165.967, 168
Trd, 000166.100, 166
Trd, 000166.383, 174
Trd, 000166.400, 176
Trd, 000166.533, 184
Trd, 000166.733, 159
Trd, 000167.433, 163
Trd, 000167.650, 172
Trd, 000167.783, 153
Trd, 000168.167, 175
Trd, 000169.817, 177
Trd, 000170.383, 174
Trd, 000171.050, 176
Trd, 000171.117, 179
Trd, 000171.367, 172
Trd, 000171.533, 172
Trd, 000172.400, 177
Trd, 000172.483, 195
Trd, 000172.750, 173
Trd, 000173.350, 172
Trd, 000174.267, 167
Trd, 000174.317, 165
Trd, 000174.600, 173
Trd, 000174.933, 174
Trd, 000176.417, 175
Trd, 000176.500, 174
Trd, 000176.767, 176
Trd, 000176.933, 178
Trd, 000177.267, 179
Trd, 000177.600, 180
Trd, 000178.783, 176
Trd, 000180.633, 179
Trd, 000181.200, 179
Trd, 000181.267, 176
Trd, 000181.950, 176
Trd, 000182.433, 174
Trd, 000182.500, 176
Trd, 000182.600, 173
Trd, 000182.883, 168
Trd, 000183.983, 174
Trd, 000184.100, 167
Trd, 000184.483, 173
Trd, 000184.550, 176
Trd, 000184.750, 166
Trd, 000185.950, 161
Trd, 000187.050, 177
Trd, 000187.067, 177
Trd, 000188.400, 173
Trd, 000188.800, 172
Trd, 000189.283, 175
Trd, 000189.417, 174
Trd, 000189.500, 171
Trd, 000189.750, 168
Trd, 000190.400, 175
Trd, 000190.750, 177
Trd, 000191.683, 176
Trd, 000192.817, 179
Trd, 000193.083, 177
Trd, 000193.567, 176
Trd, 000194.233, 175
Trd, 000194.267, 179
Trd, 000194.583, 181
Trd, 000194.617, 174
Trd, 000195.733, 178
Trd, 000196.350, 177
Trd, 000198.217, 175
Trd, 000199.483, 176
Trd, 000199.783, 177
Trd, 000199.917, 175
Trd, 000200.150, 175
Trd, 000200.733, 178
Trd, 000200.850, 170
Trd, 000201.100, 169
Trd, 000201.533, 178
Trd, 000201.833, 179
Trd, 000203.000, 181
Trd, 000203.083, 178
Trd, 000203.150, 178
Trd, 000203.917, 196
Trd, 000204.450, 175
Trd, 000205.650, 175
Trd, 000205.667, 169
Trd, 000206.067, 168
Trd, 000206.433, 171
Trd, 000207.217, 148
Trd, 000207.650, 170
Trd, 000207.783, 171
Trd, 000208.233, 159
Trd, 000208.433, 168
Trd, 000208.950, 157
Trd, 000209.267, 148
Trd, 000209.833, 159
Trd, 000210.000, 164
Trd, 000210.517, 165
Trd, 000210.867, 161
Trd, 000211.450, 171
Trd, 000211.617, 179
Trd, 000211.700, 161
Trd, 000212.633, 169
Trd, 000213.183, 172
Trd, 000214.183, 179
Trd, 000214.683, 177
Trd, 000215.550, 176
Trd, 000215.567, 176
Trd, 000216.183, 176
Trd, 000216.967, 182
Trd, 000216.983, 173
Trd, 000217.167, 183
Trd, 000217.583, 183
Trd, 000217.617, 171
Trd, 000217.950, 169
Trd, 000219.567, 171
Trd, 000220.017, 199
Trd, 000220.267, 171
Trd, 000220.633, 186
Trd, 000221.083, 197
Trd, 000221.167, 180
Trd, 000221.767, 178
Trd, 000222.383, 177
Trd, 000222.550, 183
Trd, 000222.667, 185
Trd, 000222.950, 184
Trd, 000222.967, 185
Trd, 000224.550, 180
Trd, 000224.650, 180
Trd, 000224.967, 176
Trd, 000226.367, 176
Trd, 000226.417, 175
Trd, 000226.483, 172
Trd, 000226.850, 180
Trd, 000228.650, 174
Trd, 000229.067, 178
Trd, 000229.167, 174
Trd, 000229.267, 179
Trd, 000229.750, 179
Trd, 000230.183, 180
Trd, 000230.467, 185
Trd, 000230.567, 171
Trd, 000231.067, 179
Trd, 000231.600, 172
Trd, 000232.967, 181
Trd, 000233.417, 175
Trd, 000234.000, 173
Trd, 000234.150, 166
Trd, 000234.283, 176
Trd, 000234.683, 157
Trd, 000236.067, 174
Trd, 000236.117, 176
Trd, 000236.167, 181
Trd, 000236.667, 177
Trd, 000236.817, 177
Trd, 000236.850, 172
Trd, 000237.067, 177
Trd, 000237.800, 174
Trd, 000237.817, 172
Trd, 000238.800, 179
Trd, 000240.183, 179
Trd, 000240.333, 178
Trd, 000240.600, 180
Trd, 000241.267, 176
Trd, 000241.283, 182
Trd, 000241.467, 186
Trd, 000241.767, 174
Trd, 000242.650, 185
Trd, 000242.933, 187
Trd, 000243.283, 176
Trd, 000243.383, 175
Trd, 000243.433, 182
Trd, 000244.350, 180
Trd, 000244.483, 183
Trd, 000245.083, 179
Trd, 000245.367, 182
Trd, 000245.700, 182
Trd, 000245.950, 184
Trd, 000246.800, 181
Trd, 000247.617, 180
Trd, 000247.900, 185
Trd, 000248.550, 189
Trd, 000248.567, 180
Trd, 000248.767, 187
Trd, 000249.783, 185
Trd, 000250.033, 183
Trd, 000250.083, 182
Trd, 000250.700, 185
Trd, 000251.267, 175
Trd, 000251.867, 182
Trd, 000251.883, 173
Trd, 000251.933, 183
Trd, 000252.467, 177
Trd, 000252.633, 181
Trd, 000253.417, 179
Trd, 000254.000, 179
Trd, 000254.033, 175
Trd, 000254.900, 178
Trd, 000255.433, 177
Trd, 000255.867, 175
Trd, 000255.950, 175
Trd, 000255.983, 178
Trd, 000256.117, 173
Trd, 000256.300, 179
Trd, 000256.850, 180
Trd, 000257.717, 179
Trd, 000258.033, 183
Trd, 000258.417, 176
Trd, 000258.600, 174
Trd, 000258.867, 169
Trd, 000259.167, 171
Trd, 000259.617, 175
Trd, 000260.250, 181
Trd, 000260.917, 177
Trd, 000261.000, 180
Trd, 000261.617, 180
Trd, 000261.750, 179
Trd, 000262.100, 182
Trd, 000262.633, 174
Trd, 000263.083, 182
Trd, 000263.767, 173
Trd, 000263.967, 173
Trd, 000264.100, 166
Trd, 000265.383, 175
Trd, 000265.783, 172
Trd, 000265.950, 176
Trd, 000266.183, 184
Trd, 000266.333, 175
Trd, 000266.433, 188
Trd, 000266.933, 184
Trd, 000267.233, 181
Trd, 000267.767, 180
Trd, 000268.333, 183
Trd, 000268.400, 183
Trd, 000268.783, 180
Trd, 000269.167, 179
Trd, 000269.267, 184
Trd, 000269.417, 177
Trd, 000270.017, 182
Trd, 000270.567, 178
Trd, 000271.200, 182
Trd, 000271.483, 179
Trd, 000271.900, 183
Trd, 000272.033, 178
Trd, 000272.133, 175
Trd, 000273.050, 171
Trd, 000273.167, 185
Trd, 000273.400, 189
Trd, 000274.267, 190
Trd, 000274.450, 191
Trd, 000275.717, 177
Trd, 000276.000, 172
Trd, 000276.467, 182
Trd, 000276.833, 182
Trd, 000276.900, 186
Trd, 000276.917, 181
Trd, 000277.183, 178
Trd, 000277.567, 183
Trd, 000278.383, 179
Trd, 000279.017, 183
Trd, 000279.350, 180
Trd, 000279.483, 180
Trd, 000279.717, 184
Trd, 000280.217, 184
Trd, 000280.617, 184
Trd, 000281.617, 182
Trd, 000281.933, 183
Trd, 000282.417, 186
Trd, 000282.433, 187
Trd, 000282.633, 180
Trd, 000282.933, 192
Trd, 000283.150, 180
Trd, 000284.033, 178
Trd, 000284.050, 178
Trd, 000284.500, 186
Trd, 000284.600, 184
Trd, 000284.783, 188
Trd, 000285.000, 189
Trd, 000285.183, 190
Trd, 000286.383, 179
Trd, 000286.517, 184
Trd, 000287.250, 184
Trd, 000287.650, 187
Trd, 000288.283, 187
Trd, 000288.400, 193
Trd, 000288.867, 179
Trd, 000289.500, 191
Trd, 000290.017, 184
Trd, 000290.067, 183
Trd, 000290.700, 184
Trd, 000290.950, 186
Trd, 000291.317, 179
Trd, 000291.467, 177
Trd, 000291.583, 186
Trd, 000291.933, 188
Trd, 000292.317, 172
Trd, 000292.433, 170
Trd, 000293.100, 188
Trd, 000293.350, 187
Trd, 000293.600, 191
Trd, 000294.367, 187
Trd, 000295.033, 166
Trd, 000295.583, 185
Trd, 000295.633, 194
Trd, 000296.750, 183
Trd, 000297.600, 186
Trd, 000297.883, 183
Trd, 000298.233, 185
Trd, 000299.017, 184
Trd, 000299.400, 188
Trd, 000299.717, 182
