Trd, 000002.233, 111
Trd, 000002.600, 127
Trd, 000002.867, 121
Trd, 000003.650, 117
Trd, 000004.267, 131
Trd, 000004.617, 144
Trd, 000005.167, 121
Trd, 000005.467, 124
Trd, 000005.750, 150
Trd, 000006.217, 150
Trd, 000006.317, 149
Trd, 000007.750, 150
Trd, 000008.533, 152
Trd, 000008.733, 153
Trd, 000009.067, 151
Trd, 000009.183, 154
Trd, 000009.600, 152
Trd, 000010.067, 149
Trd, 000011.417, 147
Trd, 000011.533, 151
Trd, 000012.867, 151
Trd, 000013.083, 152
Trd, 000013.717, 152
Trd, 000013.733, 151
Trd, 000013.900, 149
Trd, 000014.150, 148
Trd, 000015.183, 148
Trd, 000015.783, 150
Trd, 000016.300, 152
Trd, 000016.767, 151
Trd, 000017.783, 153
Trd, 000018.117, 153
Trd, 000018.633, 151
Trd, 000018.650, 151
Trd, 000018.667, 155
Trd, 000019.183, 155
Trd, 000019.850, 154
Trd, 000020.417, 154
Trd, 000021.117, 152
Trd, 000021.650, 153
Trd, 000022.650, 154
Trd, 000023.567, 153
Trd, 000023.917, 154
Trd, 000024.183, 152
Trd, 000025.767, 153
Trd, 000025.783, 155
Trd, 000026.100, 153
Trd, 000027.000, 154
Trd, 000027.967, 153
Trd, 000028.767, 151
Trd, 000030.200, 151
Trd, 000030.683, 151
Trd, 000031.583, 149
Trd, 000032.700, 150
Trd, 000033.167, 150
Trd, 000033.200, 151
Trd, 000033.667, 151
Trd, 000034.267, 150
Trd, 000034.300, 149
Trd, 000034.633, 158
Trd, 000035.467, 148
Trd, 000035.700, 146
Trd, 000035.767, 153
Trd, 000036.300, 145
Trd, 000036.550, 153
Trd, 000036.883, 152
Trd, 000037.167, 145
Trd, 000038.633, 146
Trd, 000039.033, 147
Trd, 000039.150, 153
Trd, 000039.567, 147
Trd, 000041.100, 149
Trd, 000041.633, 147
Trd, 000042.117, 148
Trd, 000043.083, 149
Trd, 000043.200, 150
Trd, 000044.500, 150
Trd, 000044.917, 148
Trd, 000045.767, 148
Trd, 000046.050, 150
Trd, 000046.600, 148
Trd, 000046.617, 151
Trd, 000047.133, 147
Trd, 000047.267, 147
Trd, 000047.533, 151
Trd, 000048.800, 148
Trd, 000050.000, 149
Trd, 000050.883, 149
Trd, 000050.983, 149
Trd, 000051.550, 153
Trd, 000051.633, 148
Trd, 000052.167, 148
Trd, 000052.433, 155
Trd, 000052.483, 156
Trd, 000053.850, 154
Trd, 000054.400, 153
Trd, 000055.283, 150
Trd, 000057.117, 151
Trd, 000057.300, 150
Trd, 000057.433, 152
Trd, 000058.350, 155
Trd, 000058.567, 153
Trd, 000059.300, 155
Trd, 000059.833, 154
Trd, 000060.700, 155
Trd, 000061.333, 155
Trd, 000062.467, 155
Trd, 000063.583, 155
Trd, 000063.717, 156
Trd, 000064.050, 157
Trd, 000064.467, 160
Trd, 000065.433, 157
Trd, 000065.450, 155
Trd, 000066.017, 158
Trd, 000066.083, 157
Trd, 000066.600, 154
Trd, 000066.817, 154
Trd, 000067.050, 150
Trd, 000067.817, 154
Trd, 000068.583, 141
Trd, 000068.683, 152
Trd, 000069.000, 151
Trd, 000070.067, 148
Trd, 000071.750, 147
Trd, 000072.033, 148
Trd, 000072.867, 146
Trd, 000073.900, 143
Trd, 000074.233, 141
Trd, 000074.483, 142
Trd, 000075.067, 142
Trd, 000075.250, 158
Trd, 000075.633, 146
Trd, 000075.883, 165
Trd, 000076.383, 151
Trd, 000077.167, 152
Trd, 000077.800, 152
Trd, 000077.833, 154
Trd, 000077.933, 159
Trd, 000078.767, 154
Trd, 000079.233, 158
Trd, 000080.033, 154
Trd, 000080.517, 155
Trd, 000081.000, 155
Trd, 000081.100, 155
Trd, 000082.133, 155
Trd, 000082.300, 156
Trd, 000082.917, 157
Trd, 000083.317, 156
Trd, 000083.433, 158
Trd, 000084.100, 154
Trd, 000084.233, 153
Trd, 000086.083, 156
Trd, 000086.333, 157
Trd, 000086.500, 157
Trd, 000087.100, 155
Trd, 000087.633, 159
Trd, 000087.767, 160
Trd, 000088.050, 159
Trd, 000088.150, 152
Trd, 000089.117, 152
Trd, 000090.200, 155
Trd, 000090.433, 158
Trd, 000090.833, 157
Trd, 000091.417, 157
Trd, 000092.950, 158
Trd, 000093.067, 158
Trd, 000094.333, 158
Trd, 000094.417, 159
Trd, 000094.500, 156
Trd, 000095.983, 157
Trd, 000096.450, 159
Trd, 000096.867, 160
Trd, 000097.350, 158
Trd, 000097.417, 161
Trd, 000097.550, 162
Trd, 000097.767, 157
Trd, 000098.567, 160
Trd, 000099.050, 159
Trd, 000100.317, 158
Trd, 000100.333, 154
Trd, 000100.800, 161
Trd, 000100.950, 153
Trd, 000101.483, 163
Trd, 000103.000, 162
Trd, 000103.717, 162
Trd, 000104.583, 164
Trd, 000104.967, 165
Trd, 000105.183, 164
Trd, 000105.833, 163
Trd, 000106.600, 163
Trd, 000107.117, 163
Trd, 000107.500, 163
Trd, 000107.583, 162
Trd, 000108.367, 163
Trd, 000108.683, 162
Trd, 000109.533, 162
Trd, 000109.850, 160
Trd, 000109.900, 154
Trd, 000110.417, 162
Trd, 000111.283, 160
Trd, 000112.650, 159
Trd, 000113.633, 155
Trd, 000114.083, 158
Trd, 000114.167, 157
Trd, 000114.483, 159
Trd, 000114.567, 155
Trd, 000117.417, 160
Trd, 000117.683, 162
Trd, 000118.150, 163
Trd, 000118.300, 162
Trd, 000118.517, 161
Trd, 000118.550, 154
Trd, 000119.400, 155
Trd, 000120.233, 161
Trd, 000121.000, 157
Trd, 000121.383, 156
Trd, 000121.550, 162
Trd, 000122.333, 160
Trd, 000123.167, 162
Trd, 000123.417, 161
Trd, 000123.967, 161
Trd, 000124.350, 162
Trd, 000125.067, 162
Trd, 000125.467, 162
Trd, 000125.967, 163
Trd, 000126.233, 166
Trd, 000126.450, 162
Trd, 000126.633, 161
Trd, 000127.483, 166
Trd, 000127.700, 166
Trd, 000128.867, 166
Trd, 000129.083, 167
Trd, 000129.400, 165
Trd, 000130.183, 165
Trd, 000131.083, 164
Trd, 000131.933, 161
Trd, 000133.517, 160
Trd, 000133.700, 156
Trd, 000134.967, 156
Trd, 000134.983, 157
Trd, 000135.600, 156
Trd, 000135.833, 162
Trd, 000136.367, 160
Trd, 000136.750, 159
Trd, 000136.883, 160
Trd, 000138.533, 159
Trd, 000139.417, 157
Trd, 000139.700, 161
Trd, 000140.450, 160
Trd, 000141.083, 160
Trd, 000141.283, 159
Trd, 000141.550, 156
Trd, 000142.117, 156
Trd, 000142.750, 159
Trd, 000144.000, 159
Trd, 000144.983, 160
Trd, 000145.217, 160
Trd, 000145.683, 161
Trd, 000145.833, 163
Trd, 000147.017, 164
Trd, 000147.317, 164
Trd, 000148.050, 165
Trd, 000148.483, 164
Trd, 000148.533, 166
Trd, 000149.017, 166
Trd, 000149.250, 164
Trd, 000149.917, 163
Trd, 000151.400, 164
Trd, 000151.800, 158
Trd, 000151.917, 163
Trd, 000152.183, 163
Trd, 000153.350, 166
Trd, 000153.567, 161
Trd, 000154.067, 165
Trd, 000155.267, 161
Trd, 000156.167, 161
Trd, 000156.567, 161
Trd, 000157.867, 161
Trd, 000158.917, 162
Trd, 000159.400, 161
Trd, 000159.433, 160
Trd, 000159.550, 160
Trd, 000159.717, 161
Trd, 000160.617, 161
Trd, 000160.917, 160
Trd, 000161.233, 161
Trd, 000162.117, 160
Trd, 000163.667, 160
Trd, 000165.017, 161
Trd, 000165.467, 162
Trd, 000166.117, 163
Trd, 000166.567, 163
Trd, 000166.617, 163
Trd, 000167.217, 163
Trd, 000167.317, 161
Trd, 000167.867, 165
Trd, 000168.083, 165
Trd, 000168.633, 165
Trd, 000168.733, 171
Trd, 000170.050, 165
Trd, 000170.500, 164
Trd, 000170.567, 168
Trd, 000170.750, 163
Trd, 000172.233, 163
Trd, 000172.667, 175
Trd, 000173.400, 166
Trd, 000173.767, 167
Trd, 000174.600, 166
Trd, 000174.683, 166
Trd, 000174.783, 166
Trd, 000175.417, 165
Trd, 000175.667, 166
Trd, 000175.883, 158
Trd, 000175.933, 168
Trd, 000177.233, 172
Trd, 000177.400, 167
Trd, 000178.167, 169
Trd, 000178.383, 167
Trd, 000178.550, 166
Trd, 000180.583, 168
Trd, 000180.900, 167
Trd, 000181.150, 166
Trd, 000181.317, 167
Trd, 000181.667, 166
Trd, 000181.750, 157
Trd, 000183.733, 164
Trd, 000184.117, 164
Trd, 000184.433, 167
Trd, 000185.100, 168
Trd, 000185.367, 169
Trd, 000186.367, 169
Trd, 000186.417, 168
Trd, 000186.700, 169
Trd, 000187.433, 169
Trd, 000188.983, 169
Trd, 000189.117, 169
Trd, 000189.267, 169
Trd, 000189.850, 168
Trd, 000189.867, 170
Trd, 000190.017, 171
Trd, 000190.917, 167
Trd, 000191.467, 170
Trd, 000192.167, 169
Trd, 000192.633, 168
Trd, 000192.833, 167
Trd, 000193.000, 170
Trd, 000193.400, 168
Trd, 000194.967, 168
Trd, 000196.150, 168
Trd, 000197.033, 169
Trd, 000197.200, 171
Trd, 000197.467, 168
Trd, 000197.717, 167
Trd, 000198.583, 168
Trd, 000198.667, 169
Trd, 000198.783, 169
Trd, 000199.217, 169
Trd, 000199.533, 171
Trd, 000199.867, 169
Trd, 000200.750, 171
Trd, 000203.050, 170
Trd, 000203.150, 169
Trd, 000203.983, 171
Trd, 000204.150, 170
Trd, 000204.417, 170
Trd, 000204.850, 169
Trd, 000205.833, 171
Trd, 000206.300, 168
Trd, 000206.750, 170
Trd, 000207.417, 169
Trd, 000207.583, 170
Trd, 000208.167, 171
Trd, 000208.700, 164
Trd, 000209.250, 165
Trd, 000212.133, 167
Trd, 000212.500, 168
Trd, 000212.783, 169
Trd, 000212.917, 169
Trd, 000213.550, 170
Trd, 000213.733, 171
Trd, 000216.167, 170
Trd, 000216.483, 170
Trd, 000216.667, 169
Trd, 000217.067, 168
Trd, 000217.083, 167
Trd, 000217.317, 164
Trd, 000217.350, 161
Trd, 000218.233, 168
Trd, 000218.367, 155
Trd, 000219.800, 166
Trd, 000219.917, 161
Trd, 000220.667, 167
Trd, 000220.833, 168
Trd, 000222.000, 168
Trd, 000222.017, 171
Trd, 000222.167, 173
Trd, 000223.500, 171
Trd, 000224.600, 172
Trd, 000225.333, 173
Trd, 000225.767, 173
Trd, 000225.917, 177
Trd, 000227.467, 178
Trd, 000227.600, 177
Trd, 000228.383, 176
Trd, 000228.983, 178
Trd, 000229.500, 179
Trd, 000230.500, 177
Trd, 000230.533, 175
Trd, 000231.650, 173
Trd, 000231.800, 171
Trd, 000231.950, 174
Trd, 000232.017, 165
Trd, 000235.283, 171
Trd, 000235.483, 172
Trd, 000236.550, 171
Trd, 000237.133, 172
Trd, 000237.450, 171
Trd, 000237.650, 173
Trd, 000238.617, 171
Trd, 000240.100, 171
Trd, 000240.133, 170
Trd, 000240.283, 172
Trd, 000240.617, 171
Trd, 000240.883, 172
Trd, 000240.933, 175
Trd, 000241.383, 172
Trd, 000241.450, 170
Trd, 000241.583, 173
Trd, 000242.083, 173
Trd, 000242.267, 171
Trd, 000242.650, 167
Trd, 000242.783, 172
Trd, 000243.167, 172
Trd, 000243.467, 173
Trd, 000243.617, 175
Trd, 000244.133, 170
Trd, 000244.867, 186
Trd, 000245.000, 173
Trd, 000246.367, 178
Trd, 000246.483, 179
Trd, 000246.650, 181
Trd, 000246.800, 182
Trd, 000247.233, 181
Trd, 000247.950, 188
Trd, 000248.200, 184
Trd, 000248.633, 183
Trd, 000248.883, 185
Trd, 000249.983, 184
Trd, 000250.700, 185
Trd, 000251.000, 185
Trd, 000251.117, 183
Trd, 000252.033, 181
Trd, 000252.333, 187
Trd, 000252.983, 183
Trd, 000253.650, 185
Trd, 000254.167, 183
Trd, 000254.633, 184
Trd, 000254.850, 182
Trd, 000254.867, 181
Trd, 000255.400, 184
Trd, 000255.417, 181
Trd, 000255.783, 180
Trd, 000256.167, 179
Trd, 000257.133, 174
Trd, 000257.467, 172
Trd, 000257.717, 168
Trd, 000257.750, 174
Trd, 000258.267, 172
Trd, 000259.017, 173
Trd, 000259.050, 172
Trd, 000259.367, 172
Trd, 000259.800, 175
Trd, 000260.133, 175
Trd, 000260.783, 173
Trd, 000261.667, 176
Trd, 000262.183, 174
Trd, 000262.567, 176
Trd, 000263.033, 175
Trd, 000263.167, 172
Trd, 000263.333, 171
Trd, 000263.700, 169
Trd, 000263.933, 173
Trd, 000264.183, 174
Trd, 000264.567, 174
Trd, 000266.350, 176
Trd, 000266.383, 174
Trd, 000266.850, 180
Trd, 000267.267, 178
Trd, 000267.433, 174
Trd, 000268.750, 177
Trd, 000268.950, 177
Trd, 000269.450, 178
Trd, 000269.500, 175
Trd, 000270.050, 171
Trd, 000270.450, 172
Trd, 000270.500, 169
Trd, 000271.567, 179
Trd, 000271.633, 182
Trd, 000271.650, 178
Trd, 000272.300, 185
Trd, 000273.367, 179
Trd, 000273.450, 180
Trd, 000273.667, 181
Trd, 000273.933, 180
Trd, 000274.200, 181
Trd, 000274.267, 180
Trd, 000275.067, 178
Trd, 000275.283, 181
Trd, 000275.917, 176
Trd, 000276.583, 182
Trd, 000276.800, 182
Trd, 000277.933, 190
Trd, 000278.817, 181
Trd, 000279.183, 184
Trd, 000279.233, 185
Trd, 000279.400, 182
Trd, 000279.550, 185
Trd, 000280.317, 182
Trd, 000280.783, 181
Trd, 000281.700, 186
Trd, 000281.717, 181
Trd, 000282.117, 181
Trd, 000282.517, 181
Trd, 000283.550, 185
Trd, 000283.583, 186
Trd, 000283.650, 186
Trd, 000284.267, 184
Trd, 000284.433, 184
Trd, 000284.617, 186
Trd, 000284.767, 182
Trd, 000285.200, 182
Trd, 000286.200, 186
Trd, 000286.267, 184
Trd, 000286.433, 181
Trd, 000286.550, 190
Trd, 000287.850, 182
Trd, 000288.367, 181
Trd, 000288.550, 179
Trd, 000288.733, 176
Trd, 000289.283, 183
Trd, 000289.633, 177
Trd, 000290.333, 180
Trd, 000290.383, 183
Trd, 000290.567, 179
Trd, 000290.917, 184
Trd, 000291.200, 186
Trd, 000292.533, 184
Trd, 000292.583, 183
Trd, 000293.200, 183
Trd, 000294.033, 180
Trd, 000294.067, 183
Trd, 000294.817, 183
Trd, 000295.150, 182
Trd, 000295.350, 182
Trd, 000295.550, 184
Trd, 000295.617, 184
Trd, 000296.383, 181
Trd, 000296.767, 182
Trd, 000297.050, 184
Trd, 000297.333, 185
Trd, 000297.533, 186
Trd, 000297.683, 181
Trd, 000298.033, 180
Trd, 000298.617, 178
Trd, 000298.733, 187
Trd, 000298.750, 191
Trd, 000299.567, 178
Trd, 000299.917, 172
