Trd, 000001.233, 120.0
Trd, 000002.133, 148.0
Trd, 000002.250, 120
Trd, 000003.033, 131.0
Trd, 000003.567, 134
Trd, 000003.617, 144.0
Trd, 000004.000, 185
Trd, 000004.467, 162.0
Trd, 000006.867, 156.0
Trd, 000007.233, 155.0
Trd, 000007.533, 139
Trd, 000007.550, 157
Trd, 000007.667, 158
Trd, 000008.117, 158
Trd, 000008.483, 161
Trd, 000009.133, 141
Trd, 000009.267, 140
Trd, 000010.083, 165
Trd, 000010.167, 141
Trd, 000010.283, 139
Trd, 000010.783, 150
Trd, 000011.167, 159
Trd, 000011.967, 156
Trd, 000012.450, 155.0
Trd, 000012.617, 163
Trd, 000013.000, 152
Trd, 000013.017, 158
Trd, 000013.100, 171
Trd, 000013.150, 149.0
Trd, 000014.117, 148.0
Trd, 000014.767, 150
Trd, 000017.417, 155.0
Trd, 000017.483, 157
Trd, 000018.300, 155
Trd, 000018.383, 154
Trd, 000018.750, 143
Trd, 000018.850, 155
Trd, 000019.317, 155.0
Trd, 000019.717, 155
Trd, 000019.900, 158
Trd, 000020.217, 152
Trd, 000020.250, 151.0
Trd, 000020.533, 150
Trd, 000021.083, 180
Trd, 000021.267, 150.0
Trd, 000022.050, 165
Trd, 000022.067, 148.0
Trd, 000023.050, 167
Trd, 000023.783, 166
Trd, 000024.117, 166
Trd, 000024.533, 162.0
Trd, 000024.767, 157
Trd, 000025.233, 155.0
Trd, 000025.650, 159
Trd, 000026.167, 164
Trd, 000026.567, 160
Trd, 000026.917, 162.0
Trd, 000027.200, 165
Trd, 000028.433, 162
Trd, 000028.933, 162
Trd, 000029.417, 160
Trd, 000029.983, 161
Trd, 000030.400, 161
Trd, 000031.050, 160
Trd, 000031.083, 157
Trd, 000031.367, 166
Trd, 000031.417, 157
Trd, 000032.467, 155.0
Trd, 000032.850, 160
Trd, 000033.317, 158
Trd, 000034.017, 157
Trd, 000034.167, 162
Trd, 000034.500, 162
Trd, 000034.767, 165
Trd, 000035.183, 155
Trd, 000035.217, 154
Trd, 000035.450, 160
Trd, 000036.100, 149.0
Trd, 000036.233, 163
Trd, 000037.117, 151
Trd, 000038.917, 159
Trd, 000038.950, 162
Trd, 000039.217, 162
Trd, 000039.500, 160
Trd, 000039.750, 164
Trd, 000040.017, 165
Trd, 000040.250, 166
Trd, 000040.300, 156.0
Trd, 000040.783, 155.0
Trd, 000041.167, 155
Trd, 000041.217, 148.0
Trd, 000041.333, 143
Trd, 000041.817, 131.0
Trd, 000042.167, 162.0
Trd, 000042.233, 127
Trd, 000044.217, 148.0
Trd, 000044.350, 158
Trd, 000045.483, 157
Trd, 000045.850, 159
Trd, 000046.300, 160
Trd, 000046.417, 156
Trd, 000046.583, 162
Trd, 000046.600, 155.0
Trd, 000046.683, 151
Trd, 000046.833, 159
Trd, 000047.033, 148
Trd, 000047.733, 148.0
Trd, 000048.350, 159
Trd, 000048.917, 162
Trd, 000049.167, 147
Trd, 000049.817, 154
Trd, 000051.050, 156
Trd, 000052.050, 159
Trd, 000052.217, 162
Trd, 000052.333, 162
Trd, 000053.950, 158
Trd, 000054.083, 157
Trd, 000054.417, 156
Trd, 000054.550, 155.0
Trd, 000054.667, 158
Trd, 000054.883, 162
Trd, 000055.167, 154
Trd, 000055.600, 163
Trd, 000056.300, 152
Trd, 000058.500, 157
Trd, 000059.033, 157
Trd, 000059.050, 156
Trd, 000059.317, 156.0
Trd, 000059.667, 157
Trd, 000059.800, 160
Trd, 000059.983, 160
Trd, 000060.367, 162
Trd, 000060.483, 168
Trd, 000061.283, 155.0
Trd, 000061.400, 154
Trd, 000061.600, 163
Trd, 000062.583, 153
Trd, 000063.550, 149.0
Trd, 000063.667, 148.0
Trd, 000063.767, 158
Trd, 000064.500, 154
Trd, 000064.533, 157
Trd, 000064.600, 157
Trd, 000064.650, 152
Trd, 000064.783, 150
Trd, 000065.617, 160
Trd, 000065.750, 162
Trd, 000065.867, 142
Trd, 000065.917, 163
Trd, 000068.100, 153
Trd, 000068.200, 150.0
Trd, 000068.650, 168
Trd, 000069.100, 150.0
Trd, 000069.617, 150.0
Trd, 000069.683, 166
Trd, 000069.717, 167
Trd, 000070.133, 148.0
Trd, 000070.833, 162.0
Trd, 000070.950, 153
Trd, 000071.283, 158
Trd, 000071.867, 158
Trd, 000072.283, 155.0
Trd, 000073.017, 144
Trd, 000073.283, 158
Trd, 000073.433, 148.0
Trd, 000073.600, 156
Trd, 000073.950, 143
Trd, 000074.933, 154
Trd, 000075.017, 159
Trd, 000075.700, 156
Trd, 000075.817, 158
Trd, 000076.150, 148
Trd, 000076.667, 159
Trd, 000076.683, 139
Trd, 000076.800, 137
Trd, 000076.883, 130
Trd, 000077.550, 162
Trd, 000078.167, 166
Trd, 000078.233, 167
Trd, 000078.517, 168
Trd, 000078.667, 179
Trd, 000079.017, 162.0
Trd, 000080.717, 155.0
Trd, 000080.867, 159
Trd, 000081.367, 159
Trd, 000081.500, 159
Trd, 000081.967, 157.0
Trd, 000082.317, 162
Trd, 000082.350, 155
Trd, 000082.683, 154
Trd, 000083.233, 148.0
Trd, 000083.767, 160
Trd, 000084.200, 162
Trd, 000084.567, 152
Trd, 000085.000, 165
Trd, 000086.483, 148
Trd, 000087.017, 142
Trd, 000087.550, 158
Trd, 000088.233, 156
Trd, 000088.550, 157
Trd, 000089.267, 152
Trd, 000090.033, 156
Trd, 000090.800, 160
Trd, 000091.133, 157
Trd, 000091.283, 156
Trd, 000092.200, 161
Trd, 000092.567, 162
Trd, 000092.633, 154
Trd, 000092.717, 154
Trd, 000093.400, 154
Trd, 000093.483, 153
Trd, 000094.400, 162
Trd, 000094.633, 153
Trd, 000094.917, 152
Trd, 000095.750, 161
Trd, 000095.933, 162
Trd, 000096.617, 151
Trd, 000097.100, 152
Trd, 000097.267, 148.0
Trd, 000097.433, 143
Trd, 000097.717, 155
Trd, 000098.667, 154
Trd, 000099.083, 150
Trd, 000099.233, 155
Trd, 000099.383, 149
Trd, 000099.633, 158
Trd, 000101.783, 156
Trd, 000101.833, 153
Trd, 000103.300, 159
Trd, 000103.450, 162
Trd, 000104.300, 164
Trd, 000104.817, 156
Trd, 000104.867, 155.0
Trd, 000104.950, 151
Trd, 000105.400, 162.0
Trd, 000106.283, 161
Trd, 000106.567, 156
Trd, 000106.683, 161
Trd, 000107.633, 162.0
Trd, 000107.933, 152
Trd, 000108.300, 162
Trd, 000108.367, 160
Trd, 000109.267, 157.0
Trd, 000109.783, 155.0
Trd, 000110.017, 154
Trd, 000110.483, 157
Trd, 000110.767, 148.0
Trd, 000112.033, 151
Trd, 000112.383, 155
Trd, 000112.933, 157
Trd, 000112.950, 160
Trd, 000113.500, 162.0
Trd, 000113.800, 159
Trd, 000113.817, 163
Trd, 000113.900, 168
Trd, 000114.283, 144
Trd, 000115.467, 154
Trd, 000116.000, 153
Trd, 000116.033, 160
Trd, 000116.067, 161
Trd, 000116.250, 152
Trd, 000117.333, 148.0
Trd, 000118.250, 153
Trd, 000119.050, 153
Trd, 000119.467, 156
Trd, 000119.933, 150
Trd, 000119.950, 155
Trd, 000120.267, 155
Trd, 000120.800, 136
Trd, 000121.450, 155
Trd, 000122.300, 149
Trd, 000122.367, 142
Trd, 000122.483, 150
Trd, 000122.650, 154
Trd, 000123.067, 144
Trd, 000123.667, 143
Trd, 000123.750, 143
Trd, 000124.300, 131.0
Trd, 000124.317, 155.0
Trd, 000124.367, 126
Trd, 000124.683, 158
Trd, 000124.783, 162
Trd, 000125.650, 162
Trd, 000125.883, 131
Trd, 000126.083, 155
Trd, 000126.133, 128
Trd, 000126.517, 164
Trd, 000126.733, 164
Trd, 000126.983, 156
Trd, 000127.283, 126
Trd, 000128.033, 148
Trd, 000128.050, 124
Trd, 000129.083, 160
Trd, 000129.717, 163.0
Trd, 000130.150, 163.0
Trd, 000130.317, 162.0
Trd, 000130.717, 166
Trd, 000131.417, 157
Trd, 000131.467, 156
Trd, 000132.733, 149.0
Trd, 000134.217, 152
Trd, 000134.850, 153
Trd, 000135.167, 155
Trd, 000135.367, 155
Trd, 000135.583, 156
Trd, 000136.083, 154
Trd, 000136.350, 155
Trd, 000136.433, 156
Trd, 000136.917, 152
Trd, 000137.100, 152
Trd, 000137.333, 157
Trd, 000138.183, 162
Trd, 000138.817, 162
Trd, 000139.317, 152
Trd, 000139.633, 151
Trd, 000139.650, 149.0
Trd, 000140.100, 163
Trd, 000140.417, 159
Trd, 000141.100, 150.0
Trd, 000141.783, 168
Trd, 000143.317, 161
Trd, 000143.617, 148.0
Trd, 000143.967, 161
Trd, 000144.283, 162
Trd, 000144.600, 144
Trd, 000144.933, 145
Trd, 000145.283, 144
Trd, 000145.533, 162
Trd, 000145.733, 163
Trd, 000146.133, 161
Trd, 000146.250, 143
Trd, 000146.783, 134
Trd, 000146.983, 168
Trd, 000147.183, 146
Trd, 000148.217, 151
Trd, 000148.250, 148.0
Trd, 000148.433, 156
Trd, 000150.783, 156
Trd, 000150.800, 157
Trd, 000150.983, 159
Trd, 000151.500, 157
Trd, 000151.517, 160
Trd, 000151.583, 154
Trd, 000151.733, 162
Trd, 000151.983, 152
Trd, 000152.367, 155
Trd, 000152.383, 156
Trd, 000152.883, 144
Trd, 000153.567, 156
Trd, 000154.767, 135
Trd, 000155.033, 156
Trd, 000155.283, 142
Trd, 000155.367, 145
Trd, 000156.317, 148.0
Trd, 000156.950, 149
Trd, 000157.117, 143
Trd, 000157.283, 160
Trd, 000157.700, 160
Trd, 000157.883, 143
Trd, 000158.383, 151
Trd, 000158.567, 161
Trd, 000159.050, 162
Trd, 000159.417, 145
Trd, 000159.867, 160
Trd, 000160.750, 160
Trd, 000161.483, 153
Trd, 000161.683, 152
Trd, 000162.300, 151
Trd, 000162.467, 152
Trd, 000162.917, 155
Trd, 000163.183, 155
Trd, 000163.317, 156
Trd, 000163.783, 150
Trd, 000164.067, 157
Trd, 000165.950, 160
Trd, 000166.000, 152
Trd, 000166.050, 149
Trd, 000166.683, 150
Trd, 000167.367, 151
Trd, 000167.650, 149
Trd, 000168.067, 148.0
Trd, 000169.533, 144
Trd, 000169.817, 144
Trd, 000170.067, 143
Trd, 000170.250, 149
Trd, 000170.583, 149
Trd, 000170.717, 147
Trd, 000170.917, 142
Trd, 000171.133, 150
Trd, 000171.583, 153
Trd, 000172.417, 146
Trd, 000172.633, 148.0
Trd, 000173.267, 155.0
Trd, 000174.050, 161
Trd, 000174.150, 161
Trd, 000174.900, 154
Trd, 000175.083, 161
Trd, 000175.483, 162
Trd, 000175.817, 158
Trd, 000175.917, 152
Trd, 000176.133, 153
Trd, 000176.383, 168
Trd, 000176.650, 152
Trd, 000177.117, 152
Trd, 000177.533, 168
Trd, 000177.600, 169
Trd, 000177.867, 165
Trd, 000178.767, 148.0
Trd, 000179.950, 155
Trd, 000180.483, 154
Trd, 000180.633, 161
Trd, 000180.683, 162
Trd, 000180.967, 162
Trd, 000181.183, 153
Trd, 000181.733, 162
Trd, 000182.550, 154
Trd, 000182.667, 169
Trd, 000182.983, 153
Trd, 000183.350, 155
Trd, 000183.683, 149.0
Trd, 000183.767, 157
Trd, 000184.333, 149.0
Trd, 000184.633, 148.0
Trd, 000184.750, 159
Trd, 000186.083, 156
Trd, 000186.550, 156
Trd, 000186.733, 155
Trd, 000187.250, 151
Trd, 000188.300, 156
Trd, 000188.317, 162
Trd, 000188.700, 163
Trd, 000188.750, 154
Trd, 000189.067, 168
Trd, 000190.633, 162.0
Trd, 000190.683, 155
Trd, 000191.100, 156
Trd, 000192.317, 160
Trd, 000192.450, 159
Trd, 000192.467, 158
Trd, 000193.100, 155.0
Trd, 000193.117, 143
Trd, 000193.417, 131.0
Trd, 000194.150, 148
Trd, 000194.567, 149
Trd, 000195.317, 162
Trd, 000196.200, 146
Trd, 000196.317, 162.0
Trd, 000197.183, 168
Trd, 000197.267, 147
Trd, 000197.450, 150
Trd, 000198.067, 165
Trd, 000198.167, 170
Trd, 000198.700, 150
Trd, 000199.267, 170
Trd, 000200.017, 135
Trd, 000200.367, 170
Trd, 000200.533, 134
Trd, 000201.150, 169
Trd, 000201.783, 165
Trd, 000202.433, 166.0
Trd, 000202.567, 162.0
Trd, 000203.067, 158
Trd, 000203.467, 157
Trd, 000204.667, 156.0
Trd, 000205.083, 156
Trd, 000205.233, 163
Trd, 000206.717, 155
Trd, 000206.783, 157
Trd, 000207.050, 152
Trd, 000207.450, 151
Trd, 000208.200, 151
Trd, 000208.350, 154
Trd, 000208.483, 155.0
Trd, 000209.267, 162.0
Trd, 000209.417, 149
Trd, 000210.050, 154
Trd, 000210.333, 162
Trd, 000210.800, 153
Trd, 000210.933, 157
Trd, 000211.683, 149.0
Trd, 000211.733, 148.0
Trd, 000212.017, 159
Trd, 000212.700, 161
Trd, 000212.750, 162
Trd, 000213.517, 148.0
Trd, 000213.850, 146
Trd, 000213.950, 144
Trd, 000214.517, 161
Trd, 000215.433, 174
Trd, 000215.850, 163
Trd, 000216.300, 161
Trd, 000217.333, 162
Trd, 000217.367, 156
Trd, 000218.217, 162
Trd, 000219.250, 157.0
Trd, 000219.267, 161
Trd, 000220.033, 159.0
Trd, 000220.283, 164
Trd, 000220.383, 164
Trd, 000220.467, 165
Trd, 000221.433, 158
Trd, 000221.567, 155.0
Trd, 000223.700, 154
Trd, 000224.600, 152.0
Trd, 000225.417, 155
Trd, 000225.450, 156
Trd, 000225.633, 157
Trd, 000225.667, 152.0
Trd, 000225.867, 151.0
Trd, 000225.883, 148.0
Trd, 000226.650, 150
Trd, 000226.683, 157
Trd, 000226.950, 161
Trd, 000227.067, 163
Trd, 000228.550, 160
Trd, 000228.817, 161
Trd, 000229.367, 162
Trd, 000229.767, 153
Trd, 000230.317, 153
Trd, 000230.333, 148.0
Trd, 000230.717, 169
Trd, 000230.750, 143
Trd, 000231.533, 166
Trd, 000232.300, 165.0
Trd, 000232.517, 164.0
Trd, 000232.867, 166
Trd, 000233.417, 167
Trd, 000233.683, 162.0
Trd, 000234.450, 161
Trd, 000235.033, 165
Trd, 000235.400, 162
Trd, 000235.467, 161
Trd, 000235.533, 156
Trd, 000236.117, 163
Trd, 000236.517, 159
Trd, 000236.850, 157
Trd, 000237.267, 155.0
Trd, 000237.833, 148.0
Trd, 000238.867, 155
Trd, 000239.183, 152
Trd, 000239.233, 156
Trd, 000239.300, 151
Trd, 000240.133, 149
Trd, 000240.433, 160
Trd, 000241.383, 151
Trd, 000241.517, 148.0
Trd, 000241.700, 150
Trd, 000242.150, 143
Trd, 000242.750, 154
Trd, 000243.233, 150
Trd, 000243.317, 145
Trd, 000243.567, 151
Trd, 000244.400, 162
Trd, 000244.733, 163
Trd, 000245.533, 145
Trd, 000246.150, 148.0
Trd, 000246.483, 146
Trd, 000246.600, 148.0
Trd, 000246.817, 146
Trd, 000246.833, 143
Trd, 000246.983, 151
Trd, 000247.200, 143
Trd, 000247.483, 141.0
Trd, 000247.750, 138.0
Trd, 000247.967, 152
Trd, 000248.000, 155.0
Trd, 000249.083, 158
Trd, 000249.333, 161
Trd, 000250.250, 158
Trd, 000250.983, 151.0
Trd, 000251.017, 157
Trd, 000251.033, 148.0
Trd, 000251.533, 143
Trd, 000251.667, 158
Trd, 000251.750, 161
Trd, 000252.050, 162
Trd, 000252.650, 156
Trd, 000253.433, 155.0
Trd, 000253.817, 154
Trd, 000254.400, 149
Trd, 000254.433, 148.0
Trd, 000254.617, 142
Trd, 000255.283, 147
Trd, 000256.417, 148
Trd, 000256.867, 145
Trd, 000256.883, 148
Trd, 000256.933, 150
Trd, 000257.700, 146
Trd, 000258.183, 151.0
Trd, 000258.267, 152
Trd, 000258.333, 146
Trd, 000258.817, 153
Trd, 000259.267, 154.0
Trd, 000259.433, 155.0
Trd, 000259.633, 157
Trd, 000260.233, 154.0
Trd, 000260.617, 154.0
Trd, 000260.850, 152
Trd, 000261.533, 153
Trd, 000261.783, 152
Trd, 000262.267, 152.0
Trd, 000262.900, 155
Trd, 000263.250, 151.0
Trd, 000263.400, 158.0
Trd, 000263.533, 158
Trd, 000263.583, 159
Trd, 000264.383, 152
Trd, 000265.350, 153
Trd, 000265.367, 157
Trd, 000265.583, 152
Trd, 000265.717, 152
Trd, 000265.800, 151.0
Trd, 000266.433, 148.0
Trd, 000267.083, 149
Trd, 000267.267, 150
Trd, 000267.717, 151
Trd, 000268.000, 148.0
Trd, 000268.467, 143
Trd, 000268.483, 151.0
Trd, 000268.633, 137.0
Trd, 000268.883, 153
Trd, 000269.550, 154
Trd, 000269.617, 152
Trd, 000269.650, 151.0
Trd, 000269.750, 144
Trd, 000270.350, 144.0
Trd, 000271.183, 148.0
Trd, 000271.983, 149.0
Trd, 000273.183, 149.0
Trd, 000273.267, 147
Trd, 000273.283, 150
Trd, 000273.550, 151.0
Trd, 000273.900, 150
Trd, 000274.600, 148
Trd, 000274.833, 148
Trd, 000275.000, 149.0
Trd, 000275.250, 155.0
Trd, 000275.267, 148.0
Trd, 000276.483, 161
Trd, 000277.367, 153
Trd, 000277.400, 154.0
Trd, 000277.517, 153.0
Trd, 000277.683, 151.0
Trd, 000278.100, 154
Trd, 000278.233, 151
Trd, 000278.717, 147
Trd, 000278.817, 155.0
Trd, 000278.867, 151.0
Trd, 000279.150, 158
Trd, 000279.217, 158.0
Trd, 000279.583, 148
Trd, 000280.500, 141.0
Trd, 000280.667, 157
Trd, 000281.600, 147
Trd, 000281.750, 151.0
Trd, 000281.950, 146
Trd, 000282.033, 142
Trd, 000282.383, 138.0
Trd, 000282.817, 137.0
Trd, 000283.433, 131
Trd, 000283.733, 141.0
Trd, 000283.800, 144.0
Trd, 000283.850, 144
Trd, 000283.950, 150
Trd, 000284.383, 151.0
Trd, 000284.500, 155.0
Trd, 000284.717, 156.0
Trd, 000285.200, 148.0
Trd, 000285.583, 145
Trd, 000285.800, 144
Trd, 000286.600, 147
Trd, 000286.633, 143
Trd, 000286.700, 148
Trd, 000286.783, 141.0
Trd, 000287.500, 153.0
Trd, 000287.567, 148.0
Trd, 000288.083, 147
Trd, 000288.667, 143
Trd, 000289.083, 134
Trd, 000289.150, 144.0
Trd, 000289.300, 147
Trd, 000290.200, 143.0
Trd, 000290.533, 158.0
Trd, 000291.050, 143
Trd, 000291.783, 153
Trd, 000292.383, 151
Trd, 000292.467, 160
Trd, 000292.550, 161
Trd, 000293.000, 156
Trd, 000293.100, 143
Trd, 000293.317, 142
Trd, 000293.500, 155
Trd, 000293.767, 141.0
Trd, 000294.800, 161
Trd, 000296.300, 151.0
Trd, 000296.317, 155.0
Trd, 000296.367, 157
Trd, 000296.817, 145
Trd, 000296.883, 143
Trd, 000297.133, 144
Trd, 000297.167, 143
Trd, 000297.667, 151.0
Trd, 000297.700, 156
Trd, 000298.067, 158
Trd, 000298.383, 148.0
Trd, 000298.883, 151.0
Trd, 000299.200, 151.0
Trd, 000299.483, 150
