Trd, 000001.950, 158.0
Trd, 000002.350, 150
Trd, 000002.733, 148
Trd, 000003.850, 152
Trd, 000004.933, 151
Trd, 000005.067, 155
Trd, 000005.200, 150
Trd, 000005.300, 155
Trd, 000005.750, 155
Trd, 000006.833, 157
Trd, 000007.250, 155
Trd, 000007.800, 153
Trd, 000008.567, 155
Trd, 000009.367, 156
Trd, 000010.033, 156
Trd, 000010.333, 156
Trd, 000010.383, 155
Trd, 000010.767, 156
Trd, 000011.150, 156.0
Trd, 000011.533, 156
Trd, 000012.217, 156.0
Trd, 000012.450, 154
Trd, 000012.500, 153
Trd, 000013.133, 153
Trd, 000013.700, 153
Trd, 000013.817, 156.0
Trd, 000014.383, 154
Trd, 000015.017, 154
Trd, 000015.933, 153
Trd, 000016.217, 153
Trd, 000017.017, 153
Trd, 000018.050, 154
Trd, 000018.067, 154
Trd, 000018.533, 152
Trd, 000018.750, 152
Trd, 000019.533, 151
Trd, 000019.750, 150
Trd, 000020.133, 150.0
Trd, 000020.700, 151
Trd, 000021.300, 151
Trd, 000022.150, 151.0
Trd, 000022.250, 158.0
Trd, 000022.333, 150.0
Trd, 000023.250, 155
Trd, 000023.950, 154
Trd, 000024.533, 155
Trd, 000024.650, 154
Trd, 000024.717, 154
Trd, 000025.450, 154
Trd, 000025.600, 154
Trd, 000026.433, 153
Trd, 000026.583, 153
Trd, 000027.500, 152
Trd, 000028.317, 152
Trd, 000028.833, 151
Trd, 000029.283, 150
Trd, 000030.650, 152
Trd, 000031.050, 151
Trd, 000031.683, 152
Trd, 000031.783, 151
Trd, 000033.150, 152
Trd, 000033.200, 151
Trd, 000033.517, 150
Trd, 000035.100, 150
Trd, 000035.383, 150
Trd, 000035.467, 151
Trd, 000036.850, 152
Trd, 000037.717, 152
Trd, 000038.283, 168
Trd, 000039.817, 160
Trd, 000040.017, 159
Trd, 000040.183, 159
Trd, 000040.383, 159
Trd, 000040.450, 158.0
Trd, 000041.400, 158.0
Trd, 000041.667, 158
Trd, 000042.617, 158
Trd, 000042.983, 157
Trd, 000043.417, 155
Trd, 000044.567, 154
Trd, 000044.583, 156
Trd, 000044.750, 155
Trd, 000044.900, 149.0
Trd, 000045.083, 157
Trd, 000046.833, 155
Trd, 000047.950, 151
Trd, 000048.683, 152
Trd, 000049.233, 152
Trd, 000049.467, 152
Trd, 000049.917, 151
Trd, 000050.017, 150
Trd, 000050.067, 151
Trd, 000050.917, 149
Trd, 000050.967, 150
Trd, 000051.767, 149.0
Trd, 000051.950, 148.0
Trd, 000052.417, 146
Trd, 000053.200, 147
Trd, 000053.533, 149
Trd, 000054.267, 157.0
Trd, 000055.217, 153
Trd, 000055.283, 150
Trd, 000056.000, 151
Trd, 000056.517, 151
Trd, 000056.617, 152
Trd, 000058.933, 151
Trd, 000059.150, 152
Trd, 000059.267, 150
Trd, 000060.100, 149
Trd, 000060.317, 150
Trd, 000060.783, 150
Trd, 000060.883, 150
Trd, 000061.217, 149
Trd, 000061.333, 151
Trd, 000061.583, 149.0
Trd, 000061.833, 150
Trd, 000063.483, 150
Trd, 000064.350, 148
Trd, 000064.450, 148.0
Trd, 000064.950, 149
Trd, 000065.067, 151
Trd, 000067.933, 157.0
Trd, 000067.983, 153
Trd, 000068.433, 158.0
Trd, 000069.050, 160.0
Trd, 000069.183, 159.0
Trd, 000069.567, 158
Trd, 000069.583, 158.0
Trd, 000070.283, 156
Trd, 000070.433, 157
Trd, 000071.083, 156
Trd, 000071.200, 156
Trd, 000071.417, 153
Trd, 000071.467, 149.0
Trd, 000071.683, 148.0
Trd, 000072.267, 156
Trd, 000073.283, 148
Trd, 000073.667, 150
Trd, 000074.033, 145
Trd, 000074.733, 154
Trd, 000075.750, 150
Trd, 000077.100, 151
Trd, 000077.150, 150
Trd, 000077.517, 151
Trd, 000078.267, 152
Trd, 000079.067, 153
Trd, 000079.367, 153
Trd, 000079.800, 154
Trd, 000080.083, 152
Trd, 000080.450, 155.0
Trd, 000081.017, 155.0
Trd, 000081.167, 152
Trd, 000081.867, 157
Trd, 000083.533, 155.0
Trd, 000083.667, 152
Trd, 000084.233, 156.0
Trd, 000084.283, 151
Trd, 000085.117, 155
Trd, 000085.517, 155
Trd, 000086.500, 154
Trd, 000087.483, 151
Trd, 000088.600, 152
Trd, 000088.750, 153
Trd, 000088.933, 153
Trd, 000089.233, 153
Trd, 000089.683, 154
Trd, 000090.383, 154.0
Trd, 000091.067, 156
Trd, 000091.317, 156
Trd, 000091.467, 156
Trd, 000093.817, 155
Trd, 000094.567, 160.0
Trd, 000094.800, 159.0
Trd, 000094.833, 158.0
Trd, 000095.300, 159
Trd, 000097.200, 157
Trd, 000097.550, 154
Trd, 000097.933, 157
Trd, 000098.583, 157.0
Trd, 000099.250, 157.0
Trd, 000099.733, 155.0
Trd, 000100.500, 155.0
Trd, 000100.700, 154
Trd, 000100.867, 154
Trd, 000101.183, 152
Trd, 000101.317, 143
Trd, 000101.800, 131
Trd, 000102.317, 147
Trd, 000102.517, 151
Trd, 000103.250, 146
Trd, 000103.983, 144
Trd, 000104.450, 145
Trd, 000105.067, 158.0
Trd, 000106.350, 160.0
Trd, 000106.567, 156
Trd, 000106.767, 154
Trd, 000107.567, 156.0
Trd, 000107.650, 156
Trd, 000108.550, 156.0
Trd, 000109.617, 156.0
Trd, 000110.033, 158.0
Trd, 000110.133, 157
Trd, 000110.400, 158
Trd, 000110.617, 154
Trd, 000112.083, 156
Trd, 000112.783, 156
Trd, 000112.817, 155
Trd, 000113.100, 154
Trd, 000113.333, 154
Trd, 000113.483, 155
Trd, 000113.583, 157
Trd, 000114.367, 153
Trd, 000114.500, 158.0
Trd, 000114.600, 165.0
Trd, 000114.967, 151.0
Trd, 000117.250, 152
Trd, 000117.850, 153
Trd, 000118.317, 152
Trd, 000118.400, 148.0
Trd, 000119.417, 147
Trd, 000120.567, 144
Trd, 000120.783, 140
Trd, 000120.817, 144
Trd, 000121.217, 144
Trd, 000121.367, 149
Trd, 000121.433, 143
Trd, 000122.017, 145
Trd, 000123.000, 149
Trd, 000123.417, 148
Trd, 000123.783, 148
Trd, 000124.000, 148
Trd, 000124.600, 148
Trd, 000125.017, 149
Trd, 000125.067, 149
Trd, 000126.183, 159.0
Trd, 000126.317, 158.0
Trd, 000126.667, 154
Trd, 000126.883, 154
Trd, 000127.183, 153
Trd, 000128.467, 154
Trd, 000129.250, 152
Trd, 000129.483, 156
Trd, 000129.600, 152
Trd, 000130.150, 157.0
Trd, 000130.483, 153
Trd, 000130.617, 152
Trd, 000131.300, 156
Trd, 000132.750, 153
Trd, 000132.917, 151
Trd, 000133.650, 153
Trd, 000134.617, 154
Trd, 000134.700, 154
Trd, 000134.750, 150
Trd, 000135.017, 149
Trd, 000137.733, 152
Trd, 000138.100, 151
Trd, 000138.367, 150
Trd, 000138.700, 150
Trd, 000138.867, 149
Trd, 000139.000, 152
Trd, 000139.150, 153
Trd, 000139.367, 151
Trd, 000140.167, 166
Trd, 000140.517, 158.0
Trd, 000141.717, 165.0
Trd, 000141.917, 159
Trd, 000141.967, 167
Trd, 000142.000, 160
Trd, 000142.033, 158.0
Trd, 000144.267, 162
Trd, 000144.867, 161
Trd, 000145.317, 160
Trd, 000145.567, 161
Trd, 000145.783, 160
Trd, 000146.117, 161
Trd, 000146.400, 162
Trd, 000146.417, 161
Trd, 000147.350, 161
Trd, 000147.783, 160
Trd, 000147.967, 159
Trd, 000148.983, 159
Trd, 000149.300, 160
Trd, 000149.967, 158.0
Trd, 000151.400, 154
Trd, 000151.900, 157
Trd, 000152.783, 157
Trd, 000152.967, 156
Trd, 000154.450, 157
Trd, 000154.483, 156
Trd, 000155.050, 158.0
Trd, 000155.183, 155
Trd, 000155.983, 156
Trd, 000157.833, 158
Trd, 000158.133, 157
Trd, 000159.533, 158
Trd, 000159.783, 158
Trd, 000159.800, 157
Trd, 000160.333, 159
Trd, 000160.883, 158
Trd, 000162.017, 158
Trd, 000162.033, 158.0
Trd, 000162.450, 158
Trd, 000163.183, 157
Trd, 000163.250, 157
Trd, 000163.483, 158.0
Trd, 000163.683, 158.0
Trd, 000164.150, 155
Trd, 000165.767, 158
Trd, 000165.883, 156
Trd, 000166.117, 156
Trd, 000166.133, 159
Trd, 000166.933, 156
Trd, 000167.083, 154
Trd, 000167.633, 159
Trd, 000167.933, 160
Trd, 000168.300, 165.0
Trd, 000169.267, 161.0
Trd, 000169.800, 161
Trd, 000170.183, 160
Trd, 000170.450, 160
Trd, 000170.500, 160
Trd, 000172.367, 160
Trd, 000173.333, 159
Trd, 000173.550, 158.0
Trd, 000174.433, 158
Trd, 000174.567, 158
Trd, 000175.100, 158
Trd, 000175.533, 156
Trd, 000175.700, 159
Trd, 000175.750, 159
Trd, 000176.483, 160
Trd, 000178.517, 162.0
Trd, 000178.750, 160
Trd, 000178.983, 158
Trd, 000179.217, 159
Trd, 000179.933, 161
Trd, 000180.700, 160
Trd, 000180.850, 161
Trd, 000181.200, 160
Trd, 000181.383, 162
Trd, 000181.700, 159
Trd, 000181.817, 165.0
Trd, 000181.983, 159
Trd, 000182.767, 163
Trd, 000183.133, 158.0
Trd, 000183.600, 154
Trd, 000184.567, 156
Trd, 000184.600, 160
Trd, 000185.350, 159
Trd, 000186.117, 158
Trd, 000186.317, 158
Trd, 000186.533, 159
Trd, 000187.500, 158.0
Trd, 000188.333, 158
Trd, 000188.883, 157
Trd, 000189.033, 159
Trd, 000189.500, 154
Trd, 000189.717, 154
Trd, 000189.867, 149.0
Trd, 000190.417, 161.0
Trd, 000190.683, 158.0
Trd, 000190.967, 163.0
Trd, 000191.783, 156
Trd, 000193.083, 157
Trd, 000194.167, 158
Trd, 000194.533, 158
Trd, 000194.817, 158
Trd, 000195.083, 158
Trd, 000195.283, 158
Trd, 000196.250, 158
Trd, 000196.517, 157
Trd, 000197.550, 157
Trd, 000198.000, 158.0
Trd, 000199.167, 157
Trd, 000199.400, 156
Trd, 000200.083, 155
Trd, 000200.800, 155
Trd, 000201.550, 156
Trd, 000201.683, 155
Trd, 000201.717, 154
Trd, 000201.850, 155
Trd, 000202.583, 155
Trd, 000203.017, 158
Trd, 000203.717, 158.0
Trd, 000204.683, 160
Trd, 000204.967, 161
Trd, 000205.683, 162
Trd, 000205.833, 161
Trd, 000205.850, 160
Trd, 000206.550, 158
Trd, 000206.967, 159
Trd, 000207.367, 157
Trd, 000208.633, 158
Trd, 000210.350, 157
Trd, 000210.367, 158
Trd, 000210.550, 155
Trd, 000210.717, 158.0
Trd, 000211.583, 156
Trd, 000211.783, 156
Trd, 000212.733, 155
Trd, 000214.450, 156
Trd, 000214.567, 156
Trd, 000215.150, 155
Trd, 000215.683, 156
Trd, 000216.650, 156
Trd, 000216.683, 157
Trd, 000216.933, 158.0
Trd, 000216.950, 152
Trd, 000216.983, 151
Trd, 000217.817, 152
Trd, 000219.167, 154
Trd, 000219.417, 151
Trd, 000219.450, 150
Trd, 000219.783, 151
Trd, 000220.433, 152
Trd, 000220.767, 150
Trd, 000222.550, 149
Trd, 000223.233, 151
Trd, 000223.400, 149
Trd, 000223.433, 148
Trd, 000223.967, 148.0
Trd, 000224.533, 149
Trd, 000224.550, 148
Trd, 000225.167, 149
Trd, 000225.850, 151
Trd, 000225.950, 158.0
Trd, 000226.417, 156
Trd, 000228.117, 158.0
Trd, 000228.850, 158
Trd, 000229.317, 165
Trd, 000229.833, 162
Trd, 000230.567, 162.0
Trd, 000231.000, 161
Trd, 000231.217, 160
Trd, 000231.283, 161
Trd, 000231.317, 159
Trd, 000231.517, 161
Trd, 000231.917, 160
Trd, 000233.550, 158.0
Trd, 000233.583, 160
Trd, 000233.933, 148.0
Trd, 000234.283, 127.0
Trd, 000235.917, 152
Trd, 000236.500, 151
Trd, 000236.633, 151
Trd, 000236.683, 153
Trd, 000237.117, 151
Trd, 000238.117, 152
Trd, 000238.300, 151
Trd, 000239.167, 151
Trd, 000240.317, 151
Trd, 000240.450, 150
Trd, 000240.533, 149
Trd, 000240.900, 148.0
Trd, 000242.150, 148
Trd, 000242.183, 150.0
Trd, 000242.433, 151
Trd, 000243.850, 150
Trd, 000244.000, 151
Trd, 000244.467, 155.0
Trd, 000244.733, 157.0
Trd, 000245.350, 153
Trd, 000245.933, 151
Trd, 000246.267, 151
Trd, 000246.400, 150
Trd, 000246.417, 151
Trd, 000247.617, 152
Trd, 000247.900, 151
Trd, 000247.933, 152
Trd, 000248.633, 150
Trd, 000248.650, 149
Trd, 000249.633, 149
Trd, 000249.767, 150
Trd, 000250.250, 149
Trd, 000250.783, 158.0
Trd, 000251.683, 153
Trd, 000252.417, 158.0
Trd, 000252.583, 159.0
Trd, 000252.983, 156
Trd, 000253.567, 157
Trd, 000253.917, 154
Trd, 000254.367, 154
Trd, 000254.650, 153
Trd, 000255.300, 157.0
Trd, 000255.667, 156
Trd, 000255.817, 156
Trd, 000256.600, 154.0
Trd, 000256.650, 158.0
Trd, 000257.050, 155
Trd, 000257.533, 154
Trd, 000258.517, 152
Trd, 000259.500, 147.0
Trd, 000259.733, 150
Trd, 000259.950, 151
Trd, 000260.717, 151
Trd, 000261.100, 151
Trd, 000261.183, 150
Trd, 000261.333, 161.0
Trd, 000261.450, 158.0
Trd, 000261.700, 149
Trd, 000261.750, 157
Trd, 000262.217, 148.0
Trd, 000262.783, 153.0
Trd, 000263.033, 154.0
Trd, 000263.833, 154
Trd, 000264.800, 152
Trd, 000264.817, 160.0
Trd, 000265.800, 152
Trd, 000265.850, 151
Trd, 000266.000, 151
Trd, 000266.900, 150
Trd, 000267.483, 150
Trd, 000267.567, 151
Trd, 000268.067, 149
Trd, 000268.083, 152
Trd, 000268.233, 153
Trd, 000268.317, 149
Trd, 000269.033, 158.0
Trd, 000270.083, 155
Trd, 000271.050, 152.0
Trd, 000271.600, 152
Trd, 000272.150, 149.0
Trd, 000272.383, 148.0
Trd, 000272.733, 147
Trd, 000273.383, 147
Trd, 000273.967, 146
Trd, 000274.400, 146
Trd, 000274.900, 145
Trd, 000275.383, 144
Trd, 000275.517, 143.0
Trd, 000275.617, 145
Trd, 000275.800, 146
Trd, 000276.050, 151
Trd, 000276.250, 158.0
Trd, 000276.867, 157
Trd, 000277.183, 149
Trd, 000277.767, 150
Trd, 000277.967, 150
Trd, 000278.017, 148
Trd, 000278.983, 146
Trd, 000279.617, 150.0
Trd, 000280.150, 149
Trd, 000280.750, 150
Trd, 000280.967, 149
Trd, 000281.117, 148
Trd, 000281.333, 151
Trd, 000281.517, 152
Trd, 000283.317, 151
Trd, 000283.600, 152
Trd, 000284.267, 151
Trd, 000285.017, 150
Trd, 000285.500, 149
Trd, 000285.700, 151
Trd, 000286.483, 152
Trd, 000286.617, 152
Trd, 000286.633, 150
Trd, 000286.683, 150
Trd, 000287.550, 151
Trd, 000287.683, 149
Trd, 000288.167, 150
Trd, 000288.217, 153
Trd, 000289.167, 152
Trd, 000289.283, 151
Trd, 000290.200, 150
Trd, 000290.917, 151
Trd, 000291.350, 153
Trd, 000291.467, 153
Trd, 000291.800, 150
Trd, 000291.933, 149
Trd, 000292.400, 153
Trd, 000292.450, 158.0
Trd, 000292.933, 162.0
Trd, 000293.483, 148.0
Trd, 000293.950, 158
Trd, 000295.500, 156
Trd, 000295.950, 157
Trd, 000296.133, 156
Trd, 000296.567, 156.0
Trd, 000297.817, 157.0
Trd, 000297.967, 157
Trd, 000298.033, 158.0
Trd, 000298.517, 154
Trd, 000299.867, 156
Trd, 000299.917, 157
