Trd, 000001.317, 123
Trd, 000001.767, 123
Trd, 000002.650, 131.0
Trd, 000002.717, 168.0
Trd, 000003.883, 157
Trd, 000003.917, 156
Trd, 000004.667, 136
Trd, 000004.800, 124.0
Trd, 000005.517, 137.0
Trd, 000005.950, 138
Trd, 000006.000, 156
Trd, 000006.383, 158.0
Trd, 000006.567, 142
Trd, 000007.783, 152
Trd, 000009.600, 152.0
Trd, 000009.883, 154
Trd, 000010.667, 153.0
Trd, 000011.050, 151.0
Trd, 000011.267, 153
Trd, 000012.017, 158.0
Trd, 000013.117, 151
Trd, 000013.583, 155
Trd, 000013.717, 157
Trd, 000014.800, 153
Trd, 000015.650, 159
Trd, 000015.917, 158
Trd, 000016.383, 156
Trd, 000016.800, 158
Trd, 000018.500, 157
Trd, 000019.450, 158
Trd, 000020.250, 159
Trd, 000021.300, 157
Trd, 000021.317, 154
Trd, 000021.517, 158
Trd, 000022.750, 152.0
Trd, 000023.433, 152
Trd, 000023.983, 155
Trd, 000025.417, 152
Trd, 000026.183, 154
Trd, 000026.367, 151
Trd, 000027.967, 153
Trd, 000029.067, 151.0
Trd, 000029.450, 152
Trd, 000029.467, 151
Trd, 000029.633, 153
Trd, 000029.850, 154
Trd, 000030.367, 158.0
Trd, 000030.850, 157
Trd, 000031.733, 157
Trd, 000032.950, 155
Trd, 000033.367, 155
Trd, 000033.917, 155
Trd, 000033.933, 157
Trd, 000034.017, 154
Trd, 000034.650, 143
Trd, 000035.833, 157
Trd, 000036.517, 153
Trd, 000037.250, 151.0
Trd, 000039.050, 151
Trd, 000039.700, 153
Trd, 000040.600, 154
Trd, 000041.083, 154
Trd, 000041.217, 152
Trd, 000041.867, 155
Trd, 000041.983, 154
Trd, 000043.117, 174.0
Trd, 000043.150, 157
Trd, 000043.583, 161
Trd, 000045.100, 156
Trd, 000045.133, 156
Trd, 000046.750, 154
Trd, 000046.767, 158
Trd, 000046.817, 151.0
Trd, 000047.150, 153
Trd, 000047.683, 158
Trd, 000047.950, 158
Trd, 000048.200, 141.0
Trd, 000049.200, 154
Trd, 000050.117, 153
Trd, 000050.650, 153
Trd, 000050.933, 153
Trd, 000051.517, 154.0
Trd, 000051.533, 152
Trd, 000051.567, 151.0
Trd, 000051.983, 154
Trd, 000052.150, 158.0
Trd, 000052.967, 154
Trd, 000054.767, 152
Trd, 000055.383, 152
Trd, 000055.500, 152
Trd, 000055.617, 151.0
Trd, 000056.667, 151
Trd, 000056.867, 158.0
Trd, 000057.500, 175.0
Trd, 000057.867, 155
Trd, 000058.117, 155
Trd, 000058.300, 155
Trd, 000058.667, 154
Trd, 000059.517, 141
Trd, 000060.900, 156
Trd, 000061.733, 151
Trd, 000062.000, 150
Trd, 000062.133, 155
Trd, 000063.233, 154
Trd, 000063.750, 154
Trd, 000064.067, 155
Trd, 000064.467, 151.0
Trd, 000064.700, 142.0
Trd, 000065.883, 152
Trd, 000066.533, 151.0
Trd, 000066.600, 146
Trd, 000067.400, 153
Trd, 000067.433, 153
Trd, 000069.033, 153
Trd, 000069.600, 154
Trd, 000069.633, 155
Trd, 000070.917, 157.0
Trd, 000071.100, 155.0
Trd, 000071.183, 153
Trd, 000072.867, 153
Trd, 000072.983, 151.0
Trd, 000074.117, 155
Trd, 000075.400, 153
Trd, 000075.667, 153
Trd, 000075.733, 154
Trd, 000076.150, 151
Trd, 000077.400, 155
Trd, 000078.233, 154.0
Trd, 000078.350, 158.0
Trd, 000080.000, 153
Trd, 000080.150, 157
Trd, 000080.917, 156
Trd, 000081.200, 154
Trd, 000082.467, 153
Trd, 000082.683, 151.0
Trd, 000083.767, 155
Trd, 000085.317, 152
Trd, 000085.450, 151
Trd, 000085.667, 154
Trd, 000085.983, 154
Trd, 000086.050, 151.0
Trd, 000088.367, 153
Trd, 000088.683, 154
Trd, 000089.683, 155
Trd, 000089.817, 151.0
Trd, 000090.133, 155
Trd, 000090.700, 152
Trd, 000091.317, 153
Trd, 000092.383, 152
Trd, 000093.767, 154
Trd, 000094.850, 151
Trd, 000095.050, 150
Trd, 000095.133, 143
Trd, 000095.500, 152.0
Trd, 000095.750, 153
Trd, 000096.033, 155
Trd, 000096.300, 156
Trd, 000096.350, 151.0
Trd, 000099.333, 153
Trd, 000099.700, 152
Trd, 000100.683, 152
Trd, 000100.900, 155
Trd, 000101.700, 151
Trd, 000101.867, 151.0
Trd, 000102.550, 154
Trd, 000104.017, 153
Trd, 000104.350, 154
Trd, 000104.433, 152
Trd, 000104.483, 155
Trd, 000105.517, 154
Trd, 000105.533, 175.0
Trd, 000105.617, 151.0
Trd, 000107.050, 158
Trd, 000107.167, 159
Trd, 000108.383, 152
Trd, 000108.950, 153
Trd, 000108.967, 152
Trd, 000109.333, 154
Trd, 000109.433, 157
Trd, 000109.917, 152
Trd, 000110.833, 153
Trd, 000112.867, 155.0
Trd, 000114.200, 156
Trd, 000114.800, 156
Trd, 000114.967, 155.0
Trd, 000115.067, 151.0
Trd, 000115.967, 152
Trd, 000116.233, 150
Trd, 000117.333, 149
Trd, 000117.883, 149
Trd, 000119.217, 156
Trd, 000121.267, 156
Trd, 000121.550, 156
Trd, 000121.800, 156
Trd, 000123.333, 156
Trd, 000123.383, 157
Trd, 000123.917, 157
Trd, 000124.033, 157
Trd, 000125.133, 157
Trd, 000125.700, 155
Trd, 000127.517, 158.0
Trd, 000128.467, 157
Trd, 000128.517, 158
Trd, 000129.350, 156
Trd, 000129.433, 153
Trd, 000129.467, 169
Trd, 000129.933, 164
Trd, 000130.400, 157
Trd, 000130.633, 154
Trd, 000131.283, 151.0
Trd, 000131.350, 143
Trd, 000132.233, 166
Trd, 000133.467, 161
Trd, 000133.483, 156
Trd, 000135.167, 154
Trd, 000136.183, 158
Trd, 000136.317, 156
Trd, 000136.667, 156
Trd, 000137.450, 154
Trd, 000137.517, 158
Trd, 000137.867, 154
Trd, 000138.250, 153
Trd, 000139.167, 157
Trd, 000140.133, 158
Trd, 000140.233, 152
Trd, 000141.017, 141.0
Trd, 000141.333, 159
Trd, 000141.683, 159
Trd, 000142.567, 151.0
Trd, 000142.967, 157
Trd, 000143.533, 158
Trd, 000143.883, 154
Trd, 000146.033, 157
Trd, 000146.183, 156
Trd, 000146.233, 155
Trd, 000146.917, 157
Trd, 000148.083, 157
Trd, 000148.317, 157
Trd, 000150.283, 155
Trd, 000151.233, 155
Trd, 000151.517, 155
Trd, 000152.017, 154
Trd, 000153.000, 156
Trd, 000154.433, 155
Trd, 000155.450, 153
Trd, 000156.533, 154
Trd, 000157.133, 156
Trd, 000157.367, 157
Trd, 000158.233, 157
Trd, 000158.483, 155
Trd, 000160.183, 156
Trd, 000160.567, 157
Trd, 000161.833, 156
Trd, 000162.333, 156
Trd, 000164.717, 154
Trd, 000164.817, 156
Trd, 000165.183, 154
Trd, 000165.433, 154
Trd, 000165.850, 154
Trd, 000166.067, 156
Trd, 000166.117, 153
Trd, 000166.333, 151.0
Trd, 000166.500, 157
Trd, 000166.583, 157
Trd, 000167.700, 153
Trd, 000168.883, 153
Trd, 000169.750, 153
Trd, 000170.850, 153
Trd, 000171.483, 152
Trd, 000171.817, 151.0
Trd, 000172.067, 154
Trd, 000172.433, 154
Trd, 000174.250, 152.0
Trd, 000174.417, 153
Trd, 000174.733, 153
Trd, 000175.633, 151
Trd, 000176.083, 153
Trd, 000176.217, 151.0
Trd, 000177.550, 151
Trd, 000178.150, 151
Trd, 000178.500, 149
Trd, 000179.133, 153
Trd, 000180.000, 153.0
Trd, 000180.150, 151.0
Trd, 000181.367, 150
Trd, 000181.817, 152
Trd, 000182.417, 151
Trd, 000182.467, 149
Trd, 000182.600, 153
Trd, 000182.783, 149
Trd, 000183.233, 152
Trd, 000183.383, 151
Trd, 000184.300, 151
Trd, 000186.150, 153
Trd, 000186.233, 154
Trd, 000186.333, 151.0
Trd, 000189.050, 150
Trd, 000189.383, 153
Trd, 000189.633, 153
Trd, 000189.800, 153
Trd, 000191.017, 154
Trd, 000191.683, 152
Trd, 000191.867, 151.0
Trd, 000192.983, 151
Trd, 000193.183, 154
Trd, 000193.283, 153
Trd, 000194.050, 152.0
Trd, 000195.533, 153
Trd, 000196.217, 152
Trd, 000196.350, 151.0
Trd, 000196.700, 150
Trd, 000196.917, 155
Trd, 000198.533, 152
Trd, 000198.833, 149
Trd, 000199.017, 143
Trd, 000200.867, 149
Trd, 000200.900, 151
Trd, 000201.333, 152
Trd, 000202.133, 151.0
Trd, 000202.300, 150
Trd, 000202.417, 152
Trd, 000202.467, 158.0
Trd, 000203.250, 154
Trd, 000204.383, 143
Trd, 000204.800, 152
Trd, 000205.133, 168.0
Trd, 000205.667, 155
Trd, 000206.350, 155
Trd, 000206.433, 151.0
Trd, 000207.250, 159
Trd, 000207.817, 152
Trd, 000209.417, 155
Trd, 000210.050, 156
Trd, 000210.300, 158
Trd, 000210.967, 155
Trd, 000212.433, 154
Trd, 000213.117, 156
Trd, 000214.050, 154
Trd, 000214.067, 155
Trd, 000214.233, 153
Trd, 000217.100, 154
Trd, 000217.333, 153
Trd, 000217.483, 152
Trd, 000217.517, 155
Trd, 000217.533, 152
Trd, 000218.300, 153
Trd, 000219.917, 155
Trd, 000221.550, 155
Trd, 000222.950, 155
Trd, 000223.167, 155
Trd, 000223.350, 151
Trd, 000225.600, 152
Trd, 000225.850, 151
Trd, 000226.400, 153
Trd, 000226.550, 153
Trd, 000226.617, 155
Trd, 000227.533, 156
Trd, 000227.717, 151.0
Trd, 000227.833, 157
Trd, 000227.900, 150
Trd, 000229.317, 158
Trd, 000229.967, 152
Trd, 000230.200, 157
Trd, 000231.633, 152
Trd, 000232.833, 155
Trd, 000233.217, 156
Trd, 000233.500, 155
Trd, 000233.617, 153
Trd, 000234.200, 156
Trd, 000234.317, 156
Trd, 000236.767, 152
Trd, 000238.350, 152
Trd, 000238.683, 154
Trd, 000239.150, 153.0
Trd, 000239.400, 151.0
Trd, 000239.767, 143
Trd, 000240.550, 152
Trd, 000241.400, 150
Trd, 000241.500, 150
Trd, 000241.533, 151
Trd, 000241.967, 151.0
Trd, 000242.033, 149
Trd, 000242.050, 148
Trd, 000242.183, 141.0
Trd, 000242.950, 147
Trd, 000244.033, 143
Trd, 000244.583, 146
Trd, 000244.617, 144
Trd, 000245.267, 144
Trd, 000245.500, 143
Trd, 000245.700, 142
Trd, 000245.883, 141
Trd, 000246.600, 142
Trd, 000248.300, 148
Trd, 000248.550, 151.0
Trd, 000248.767, 158.0
Trd, 000249.050, 157
Trd, 000249.133, 157
Trd, 000249.583, 156.0
Trd, 000250.217, 151
Trd, 000250.533, 151.0
Trd, 000250.633, 150
Trd, 000251.033, 151
Trd, 000251.150, 153
Trd, 000251.200, 150
Trd, 000252.367, 153
Trd, 000252.967, 151.0
Trd, 000253.000, 152
Trd, 000253.133, 155
Trd, 000253.700, 150
Trd, 000253.867, 154
Trd, 000254.767, 155.0
Trd, 000254.917, 153
Trd, 000255.667, 149
Trd, 000256.083, 151.0
Trd, 000256.500, 149
Trd, 000257.283, 152
Trd, 000258.483, 141.0
Trd, 000259.133, 150
Trd, 000259.700, 148
Trd, 000259.783, 147
Trd, 000260.000, 142
Trd, 000260.450, 145
Trd, 000260.933, 138
Trd, 000261.400, 134
Trd, 000261.783, 136
Trd, 000262.300, 136
Trd, 000262.817, 137.0
Trd, 000263.217, 141
Trd, 000263.583, 135
Trd, 000264.217, 140
Trd, 000264.983, 135
Trd, 000265.067, 137.0
Trd, 000265.417, 134
Trd, 000265.833, 135
Trd, 000266.333, 136
Trd, 000266.650, 136
Trd, 000266.900, 136
Trd, 000266.917, 141
Trd, 000267.367, 149
Trd, 000267.400, 135
Trd, 000267.850, 146
Trd, 000268.017, 149
Trd, 000268.750, 147
Trd, 000269.850, 143
Trd, 000270.100, 147
Trd, 000270.550, 145
Trd, 000270.817, 144
Trd, 000271.100, 149
Trd, 000271.200, 149
Trd, 000271.467, 143
Trd, 000271.967, 151.0
Trd, 000272.567, 148
Trd, 000273.100, 149
Trd, 000274.117, 148
Trd, 000274.450, 146
Trd, 000275.267, 150
Trd, 000275.317, 151.0
Trd, 000275.383, 147
Trd, 000275.400, 146
Trd, 000276.117, 146
Trd, 000276.167, 143
Trd, 000276.467, 137.0
Trd, 000276.567, 144
Trd, 000277.133, 138
Trd, 000277.733, 142
Trd, 000277.967, 142
Trd, 000278.417, 150
Trd, 000278.450, 149
Trd, 000278.800, 151.0
Trd, 000279.200, 158.0
Trd, 000279.633, 148
Trd, 000279.667, 148
Trd, 000280.317, 147
Trd, 000281.167, 153
Trd, 000281.317, 155
Trd, 000281.333, 158.0
Trd, 000281.367, 162.0
Trd, 000281.650, 161
Trd, 000282.383, 151.0
Trd, 000283.600, 153
Trd, 000283.817, 151
Trd, 000284.017, 156
Trd, 000284.183, 159.0
Trd, 000284.400, 150
Trd, 000284.417, 141.0
Trd, 000285.383, 149
Trd, 000285.533, 147
Trd, 000287.600, 148
Trd, 000287.767, 150
Trd, 000287.850, 147
Trd, 000288.283, 148
Trd, 000288.600, 147
Trd, 000288.617, 149
Trd, 000289.533, 146
Trd, 000289.583, 148
Trd, 000289.650, 146
Trd, 000289.917, 146
Trd, 000290.017, 158.0
Trd, 000290.167, 143
Trd, 000290.317, 168.0
Trd, 000291.050, 143
Trd, 000291.133, 159
Trd, 000291.483, 159
Trd, 000292.067, 163
Trd, 000292.700, 158
Trd, 000292.917, 153
Trd, 000292.967, 142
Trd, 000293.183, 150
Trd, 000293.550, 152.0
Trd, 000293.883, 151.0
Trd, 000294.067, 158
Trd, 000294.283, 149
Trd, 000294.733, 157
Trd, 000295.433, 150
Trd, 000295.533, 149
Trd, 000296.450, 154
Trd, 000296.650, 140.0
Trd, 000297.083, 137.0
Trd, 000297.400, 161.0
Trd, 000299.183, 151.0
Trd, 000299.667, 149
Trd, 000299.850, 148
