Trd, 000002.617, 108
Trd, 000002.817, 134.0
Trd, 000002.917, 148
Trd, 000003.600, 151.0
Trd, 000004.200, 145.0
Trd, 000004.250, 144.0
Trd, 000004.350, 157
Trd, 000005.050, 155
Trd, 000005.233, 132
Trd, 000005.683, 132
Trd, 000006.300, 150
Trd, 000006.933, 145
Trd, 000007.233, 144
Trd, 000007.467, 144.0
Trd, 000008.950, 140
Trd, 000008.967, 143
Trd, 000009.500, 141
Trd, 000010.150, 151.0
Trd, 000010.433, 154
Trd, 000010.633, 155.0
Trd, 000011.250, 153
Trd, 000012.100, 154
Trd, 000012.533, 155
Trd, 000012.583, 162
Trd, 000012.600, 154
Trd, 000012.783, 163
Trd, 000014.717, 161
Trd, 000015.017, 159
Trd, 000015.717, 161
Trd, 000015.783, 159
Trd, 000016.150, 164
Trd, 000016.550, 159
Trd, 000017.517, 163.0
Trd, 000018.117, 162.0
Trd, 000018.450, 161
Trd, 000019.317, 160.0
Trd, 000019.933, 159
Trd, 000020.050, 158.0
Trd, 000020.100, 159
Trd, 000020.317, 159
Trd, 000020.433, 155.0
Trd, 000020.717, 144.0
Trd, 000022.333, 147
Trd, 000022.617, 145.0
Trd, 000022.667, 147
Trd, 000023.150, 149.0
Trd, 000024.567, 149
Trd, 000025.617, 149
Trd, 000026.467, 150
Trd, 000026.517, 151.0
Trd, 000026.683, 146.0
Trd, 000027.050, 155.0
Trd, 000028.450, 153
Trd, 000028.633, 157.0
Trd, 000028.733, 158.0
Trd, 000028.883, 152.0
Trd, 000028.967, 164
Trd, 000029.733, 153.0
Trd, 000030.250, 156
Trd, 000030.650, 156
Trd, 000031.350, 158
Trd, 000031.433, 156
Trd, 000031.517, 154
Trd, 000032.283, 156
Trd, 000032.867, 152.0
Trd, 000033.350, 151.0
Trd, 000034.483, 151
Trd, 000034.783, 152.0
Trd, 000035.233, 153
Trd, 000035.250, 149.0
Trd, 000036.500, 155.0
Trd, 000038.150, 157.0
Trd, 000038.417, 158
Trd, 000038.867, 156.0
Trd, 000039.150, 157.0
Trd, 000039.200, 156.0
Trd, 000039.533, 156.0
Trd, 000040.083, 156
Trd, 000040.367, 156
Trd, 000041.350, 156
Trd, 000041.867, 156
Trd, 000042.467, 155
Trd, 000042.533, 155.0
Trd, 000043.433, 156.0
Trd, 000043.650, 155
Trd, 000043.950, 157
Trd, 000044.950, 157
Trd, 000045.350, 154
Trd, 000046.567, 153
Trd, 000046.583, 155.0
Trd, 000047.133, 151.0
Trd, 000048.450, 154
Trd, 000048.467, 150.0
Trd, 000048.833, 149.0
Trd, 000050.067, 151
Trd, 000050.400, 156.0
Trd, 000050.533, 156.0
Trd, 000051.500, 156.0
Trd, 000051.517, 155.0
Trd, 000052.150, 156
Trd, 000053.400, 156
Trd, 000054.317, 155
Trd, 000055.317, 155.0
Trd, 000055.333, 151
Trd, 000055.800, 149.0
Trd, 000057.433, 158
Trd, 000057.483, 159
Trd, 000058.367, 159
Trd, 000058.467, 159.0
Trd, 000058.867, 160
Trd, 000059.150, 162
Trd, 000060.050, 161
Trd, 000060.433, 159.0
Trd, 000060.633, 159.0
Trd, 000061.917, 158.0
Trd, 000062.317, 158
Trd, 000062.467, 155
Trd, 000062.667, 148.0
Trd, 000063.150, 158
Trd, 000063.700, 159.0
Trd, 000063.783, 158.0
Trd, 000064.300, 156.0
Trd, 000064.600, 161
Trd, 000064.900, 162
Trd, 000064.983, 155.0
Trd, 000066.017, 150
Trd, 000066.750, 153
Trd, 000067.150, 157
Trd, 000068.617, 163
Trd, 000068.800, 156.0
Trd, 000068.850, 166.0
Trd, 000070.033, 162
Trd, 000070.200, 163
Trd, 000070.283, 162
Trd, 000071.350, 162
Trd, 000072.567, 165
Trd, 000072.933, 168.0
Trd, 000073.567, 167
Trd, 000073.833, 178
Trd, 000074.300, 160
Trd, 000074.817, 166
Trd, 000075.000, 167
Trd, 000075.050, 164
Trd, 000075.183, 168.0
Trd, 000076.883, 163
Trd, 000076.933, 162
Trd, 000078.367, 164
Trd, 000078.383, 164
Trd, 000078.550, 162.0
Trd, 000078.633, 162.0
Trd, 000078.817, 158.0
Trd, 000079.500, 157.0
Trd, 000079.600, 163
Trd, 000079.967, 155.0
Trd, 000080.767, 157
Trd, 000081.133, 151.0
Trd, 000081.683, 158
Trd, 000081.700, 157
Trd, 000081.867, 155
Trd, 000082.600, 167.0
Trd, 000082.850, 149
Trd, 000082.983, 137.0
Trd, 000083.767, 164
Trd, 000084.817, 161
Trd, 000084.883, 161
Trd, 000085.800, 159
Trd, 000085.967, 158.0
Trd, 000086.917, 158.0
Trd, 000087.217, 158
Trd, 000088.567, 160
Trd, 000088.800, 158
Trd, 000089.700, 158
Trd, 000089.900, 157
Trd, 000090.283, 157.0
Trd, 000090.633, 156
Trd, 000091.733, 155.0
Trd, 000091.933, 157.0
Trd, 000092.100, 156
Trd, 000092.750, 155
Trd, 000093.100, 155
Trd, 000093.300, 151
Trd, 000094.600, 155.0
Trd, 000094.633, 151.0
Trd, 000095.517, 153
Trd, 000096.250, 155.0
Trd, 000097.467, 147.0
Trd, 000097.967, 155.0
Trd, 000099.083, 151.0
Trd, 000099.583, 149.0
Trd, 000100.167, 154
Trd, 000101.017, 156
Trd, 000101.067, 155.0
Trd, 000101.967, 157
Trd, 000102.250, 155
Trd, 000102.667, 157.0
Trd, 000103.100, 156
Trd, 000103.350, 155.0
Trd, 000103.367, 153
Trd, 000104.517, 160
Trd, 000104.900, 160
Trd, 000105.117, 159
Trd, 000105.733, 158.0
Trd, 000105.983, 160
Trd, 000106.117, 153
Trd, 000107.500, 161
Trd, 000107.733, 146
Trd, 000108.533, 148.0
Trd, 000108.717, 153
Trd, 000109.633, 154
Trd, 000109.983, 155
Trd, 000110.383, 157.0
Trd, 000111.283, 156.0
Trd, 000111.883, 155.0
Trd, 000112.300, 155
Trd, 000112.800, 153
Trd, 000113.183, 155
Trd, 000113.383, 157
Trd, 000113.500, 153
Trd, 000114.150, 158
Trd, 000114.250, 153
Trd, 000115.100, 158
Trd, 000115.750, 155.0
Trd, 000116.283, 157
Trd, 000116.750, 160
Trd, 000116.967, 158
Trd, 000117.100, 160
Trd, 000119.300, 163
Trd, 000119.683, 161
Trd, 000120.050, 160
Trd, 000120.267, 159.0
Trd, 000121.050, 158.0
Trd, 000121.200, 158
Trd, 000121.367, 155.0
Trd, 000121.667, 147
Trd, 000122.100, 145.0
Trd, 000122.417, 157
Trd, 000124.100, 154
Trd, 000124.883, 155
Trd, 000125.000, 155
Trd, 000125.600, 158
Trd, 000126.367, 159
Trd, 000126.500, 158
Trd, 000126.617, 158.0
Trd, 000126.717, 161
Trd, 000126.750, 154
Trd, 000127.683, 159
Trd, 000128.283, 158
Trd, 000128.583, 156
Trd, 000129.133, 155.0
Trd, 000131.100, 155
Trd, 000131.700, 154.0
Trd, 000132.167, 155
Trd, 000132.533, 158.0
Trd, 000133.900, 158.0
Trd, 000134.133, 160
Trd, 000134.433, 163
Trd, 000134.867, 158.0
Trd, 000135.033, 157
Trd, 000135.683, 151.0
Trd, 000136.333, 153
Trd, 000136.667, 152
Trd, 000136.967, 151.0
Trd, 000137.117, 149.0
Trd, 000137.650, 158.0
Trd, 000139.167, 155.0
Trd, 000139.833, 153.0
Trd, 000140.067, 155
Trd, 000140.300, 155
Trd, 000140.617, 153.0
Trd, 000141.050, 152.0
Trd, 000141.083, 152
Trd, 000141.283, 152
Trd, 000141.850, 148.0
Trd, 000141.983, 144.0
Trd, 000142.600, 153
Trd, 000142.817, 154
Trd, 000143.483, 155
Trd, 000144.200, 154
Trd, 000144.700, 156.0
Trd, 000145.317, 157.0
Trd, 000145.917, 157
Trd, 000146.133, 158.0
Trd, 000146.700, 163
Trd, 000146.833, 161
Trd, 000147.667, 161
Trd, 000147.733, 160
Trd, 000148.633, 158.0
Trd, 000149.433, 159
Trd, 000149.517, 158
Trd, 000149.750, 160
Trd, 000150.000, 157
Trd, 000150.117, 155.0
Trd, 000150.750, 150.0
Trd, 000151.050, 149.0
Trd, 000151.267, 148.0
Trd, 000152.567, 150.0
Trd, 000154.033, 150
Trd, 000154.500, 151
Trd, 000154.833, 151.0
Trd, 000154.983, 150.0
Trd, 000155.183, 151
Trd, 000155.233, 155.0
Trd, 000155.517, 160
Trd, 000156.050, 154
Trd, 000156.533, 157.0
Trd, 000157.083, 155.0
Trd, 000158.400, 154
Trd, 000159.333, 157
Trd, 000159.583, 158.0
Trd, 000160.167, 157
Trd, 000160.250, 156
Trd, 000160.550, 152
Trd, 000160.950, 157
Trd, 000161.400, 156
Trd, 000161.517, 155.0
Trd, 000162.067, 155.0
Trd, 000162.350, 161
Trd, 000162.450, 161
Trd, 000163.233, 154
Trd, 000163.467, 159
Trd, 000163.833, 161
Trd, 000165.017, 152
Trd, 000166.400, 160
Trd, 000166.550, 159.0
Trd, 000166.733, 161
Trd, 000167.433, 160
Trd, 000167.817, 158.0
Trd, 000169.467, 158
Trd, 000169.750, 151
Trd, 000170.783, 157
Trd, 000171.017, 156
Trd, 000171.033, 158
Trd, 000171.350, 158
Trd, 000171.900, 159
Trd, 000172.400, 156.0
Trd, 000174.100, 160
Trd, 000174.417, 159
Trd, 000174.633, 159
Trd, 000174.733, 158
Trd, 000175.217, 158.0
Trd, 000175.717, 155.0
Trd, 000175.850, 157
Trd, 000176.233, 154
Trd, 000177.100, 155
Trd, 000177.333, 154
Trd, 000178.183, 150.0
Trd, 000178.467, 149.0
Trd, 000178.517, 152
Trd, 000178.983, 148.0
Trd, 000180.800, 147
Trd, 000181.033, 150
Trd, 000181.117, 148.0
Trd, 000182.600, 148
Trd, 000182.633, 147
Trd, 000183.117, 150.0
Trd, 000183.317, 150
Trd, 000183.500, 151.0
Trd, 000184.350, 152
Trd, 000186.200, 155.0
Trd, 000186.317, 157.0
Trd, 000187.000, 157
Trd, 000187.133, 158
Trd, 000187.200, 157
Trd, 000187.417, 158
Trd, 000188.650, 158
Trd, 000189.367, 162
Trd, 000190.033, 168.0
Trd, 000190.083, 160.0
Trd, 000190.533, 158
Trd, 000191.167, 158
Trd, 000191.633, 159.0
Trd, 000191.750, 158.0
Trd, 000192.183, 156
Trd, 000193.833, 157
Trd, 000194.233, 155.0
Trd, 000195.183, 155
Trd, 000195.417, 155
Trd, 000195.683, 156
Trd, 000196.650, 156.0
Trd, 000197.250, 157.0
Trd, 000197.917, 157
Trd, 000198.233, 158.0
Trd, 000198.500, 157.0
Trd, 000199.617, 161
Trd, 000199.733, 162
Trd, 000199.950, 160.0
Trd, 000200.267, 162
Trd, 000201.167, 157.0
Trd, 000202.117, 161
Trd, 000202.650, 158
Trd, 000203.367, 159
Trd, 000203.833, 157.0
Trd, 000203.867, 155.0
Trd, 000204.550, 158
Trd, 000204.867, 158
Trd, 000205.767, 162
Trd, 000205.850, 158
Trd, 000205.867, 157
Trd, 000206.783, 161
Trd, 000207.183, 155
Trd, 000207.533, 159
Trd, 000207.783, 148.0
Trd, 000208.500, 151.0
Trd, 000208.533, 152
Trd, 000210.683, 153
Trd, 000211.400, 153
Trd, 000211.950, 153
Trd, 000212.133, 155.0
Trd, 000212.283, 155
Trd, 000212.650, 155
Trd, 000212.833, 153
Trd, 000213.600, 156
Trd, 000214.183, 155
Trd, 000214.867, 155.0
Trd, 000215.433, 153
Trd, 000216.233, 155.0
Trd, 000216.933, 153
Trd, 000217.950, 154
Trd, 000218.283, 154
Trd, 000219.000, 157.0
Trd, 000219.167, 156
Trd, 000219.600, 158.0
Trd, 000219.933, 156
Trd, 000220.083, 148.0
Trd, 000220.217, 138.0
Trd, 000220.350, 157
Trd, 000221.350, 159
Trd, 000221.583, 157.0
Trd, 000221.817, 155.0
Trd, 000223.167, 157
Trd, 000223.683, 157
Trd, 000223.933, 156.0
Trd, 000224.417, 158
Trd, 000224.617, 158.0
Trd, 000225.300, 158
Trd, 000226.400, 159.0
Trd, 000226.650, 158.0
Trd, 000226.867, 157
Trd, 000227.700, 155
Trd, 000229.133, 155.0
Trd, 000229.367, 162
Trd, 000229.383, 153
Trd, 000230.467, 163
Trd, 000231.033, 154.0
Trd, 000231.533, 158
Trd, 000231.817, 158
Trd, 000231.933, 158
Trd, 000232.150, 159
Trd, 000233.050, 158.0
Trd, 000233.483, 157
Trd, 000233.733, 156.0
Trd, 000233.983, 155.0
Trd, 000234.133, 158
Trd, 000234.600, 158
Trd, 000235.867, 153
Trd, 000236.183, 159
Trd, 000236.333, 160
Trd, 000237.350, 162
Trd, 000237.400, 155
Trd, 000237.983, 154
Trd, 000238.783, 158
Trd, 000239.917, 154
Trd, 000240.133, 156
Trd, 000240.433, 157
Trd, 000240.750, 158.0
Trd, 000240.767, 159
Trd, 000241.067, 160
Trd, 000241.667, 159
Trd, 000242.117, 160
Trd, 000242.333, 159.0
Trd, 000243.250, 158.0
Trd, 000243.717, 155.0
Trd, 000244.117, 157
Trd, 000244.167, 155
Trd, 000244.400, 159
Trd, 000244.717, 156
Trd, 000245.633, 156
Trd, 000245.967, 158
Trd, 000246.383, 158
Trd, 000246.400, 157
Trd, 000246.450, 159
Trd, 000247.167, 157
Trd, 000247.200, 156
Trd, 000247.417, 158
Trd, 000247.517, 161
Trd, 000247.783, 157
Trd, 000247.967, 159
Trd, 000248.267, 157
Trd, 000249.167, 157
Trd, 000249.383, 155.0
Trd, 000250.033, 148.0
Trd, 000250.183, 154
Trd, 000250.483, 157
Trd, 000251.150, 159
Trd, 000251.567, 156
Trd, 000252.950, 158
Trd, 000253.267, 157
Trd, 000253.483, 153
Trd, 000254.617, 148.0
Trd, 000255.183, 151.0
Trd, 000255.283, 149
Trd, 000256.300, 149.0
Trd, 000256.467, 150
Trd, 000256.933, 149.0
Trd, 000257.250, 149
Trd, 000257.383, 148.0
Trd, 000258.267, 149
Trd, 000258.350, 150
Trd, 000258.800, 152
Trd, 000259.433, 150
Trd, 000260.483, 150
Trd, 000260.567, 149
Trd, 000260.967, 151.0
Trd, 000262.133, 158.0
Trd, 000262.867, 154
Trd, 000263.367, 155.0
Trd, 000264.100, 155
Trd, 000265.100, 158.0
Trd, 000265.667, 160.0
Trd, 000266.217, 159.0
Trd, 000266.450, 157
Trd, 000266.883, 156.0
Trd, 000267.117, 156
Trd, 000267.133, 155
Trd, 000267.200, 155.0
Trd, 000267.383, 158
Trd, 000267.500, 144.0
Trd, 000267.917, 157
Trd, 000269.500, 155
Trd, 000269.667, 155
Trd, 000269.883, 156
Trd, 000270.367, 156
Trd, 000270.567, 157
Trd, 000271.350, 156
Trd, 000271.567, 158
Trd, 000271.667, 158.0
Trd, 000271.683, 153
Trd, 000272.483, 154
Trd, 000272.667, 157
Trd, 000273.533, 165
Trd, 000274.583, 155
Trd, 000274.967, 155
Trd, 000275.133, 144.0
Trd, 000275.500, 154
Trd, 000275.700, 154
Trd, 000276.133, 157
Trd, 000276.433, 154
Trd, 000276.600, 152
Trd, 000278.017, 153
Trd, 000278.233, 152
Trd, 000278.500, 148.0
Trd, 000278.600, 156
Trd, 000279.017, 156.0
Trd, 000279.033, 156
Trd, 000279.217, 155.0
Trd, 000279.333, 158.0
Trd, 000279.833, 154
Trd, 000280.483, 153
Trd, 000280.617, 156
Trd, 000281.100, 153
Trd, 000281.200, 155
Trd, 000281.450, 153
Trd, 000281.700, 152
Trd, 000282.567, 150.0
Trd, 000282.900, 151.0
Trd, 000283.467, 150
Trd, 000283.633, 151
Trd, 000284.250, 151.0
Trd, 000284.533, 158.0
Trd, 000285.850, 161
Trd, 000286.200, 158
Trd, 000286.250, 156
Trd, 000286.733, 156
Trd, 000286.833, 156
Trd, 000287.367, 155.0
Trd, 000287.750, 148.0
Trd, 000288.167, 155
Trd, 000288.683, 155
Trd, 000289.050, 155
Trd, 000289.233, 156
Trd, 000289.567, 154
Trd, 000290.333, 155
Trd, 000290.650, 146.0
Trd, 000290.767, 155
Trd, 000290.867, 144.0
Trd, 000291.183, 137.0
Trd, 000291.800, 142.0
Trd, 000291.883, 143
Trd, 000292.150, 144.0
Trd, 000293.233, 146.0
Trd, 000293.867, 154.0
Trd, 000294.983, 148.0
Trd, 000295.683, 150
Trd, 000296.083, 147.0
Trd, 000296.167, 148
Trd, 000296.567, 150
Trd, 000297.217, 151.0
Trd, 000297.633, 150.0
Trd, 000298.217, 154
Trd, 000298.850, 153
Trd, 000299.050, 155
Trd, 000299.833, 157.0
