Trd, 000001.250, 193
Trd, 000001.417, 117.0
Trd, 000001.967, 142
Trd, 000002.583, 113
Trd, 000003.367, 127
Trd, 000004.400, 134.0
Trd, 000004.750, 136.0
Trd, 000004.867, 132
Trd, 000004.983, 137.0
Trd, 000005.667, 152
Trd, 000005.883, 143
Trd, 000006.117, 133.0
Trd, 000006.367, 134.0
Trd, 000007.983, 136
Trd, 000008.400, 137.0
Trd, 000008.600, 136
Trd, 000008.950, 137
Trd, 000009.200, 164.0
Trd, 000009.733, 137
Trd, 000011.083, 162
Trd, 000012.233, 157
Trd, 000012.483, 144.0
Trd, 000012.683, 141
Trd, 000013.200, 135.0
Trd, 000013.617, 137.0
Trd, 000014.167, 136.0
Trd, 000014.500, 141
Trd, 000014.683, 134.0
Trd, 000014.883, 142
Trd, 000015.317, 155
Trd, 000016.383, 149
Trd, 000016.733, 147
Trd, 000016.767, 136
Trd, 000016.900, 151
Trd, 000017.267, 123
Trd, 000017.317, 137.0
Trd, 000017.433, 155.0
Trd, 000017.683, 164
Trd, 000018.683, 167
Trd, 000019.267, 162
Trd, 000019.917, 164
Trd, 000019.983, 165
Trd, 000020.183, 174
Trd, 000020.467, 158.0
Trd, 000021.067, 164
Trd, 000021.783, 168
Trd, 000022.633, 159
Trd, 000022.717, 158.0
Trd, 000023.400, 158
Trd, 000023.867, 162
Trd, 000023.900, 155.0
Trd, 000024.400, 162
Trd, 000024.783, 128
Trd, 000025.633, 158
Trd, 000026.917, 153
Trd, 000027.400, 151
Trd, 000027.950, 152
Trd, 000028.550, 148
Trd, 000028.767, 151
Trd, 000028.833, 127
Trd, 000029.083, 152
Trd, 000029.283, 138
Trd, 000029.600, 134.0
Trd, 000031.217, 142
Trd, 000031.733, 137
Trd, 000031.967, 142
Trd, 000032.083, 146
Trd, 000032.283, 155.0
Trd, 000033.467, 157.0
Trd, 000033.850, 155.0
Trd, 000035.133, 151
Trd, 000035.467, 151
Trd, 000035.533, 152
Trd, 000036.000, 150
Trd, 000036.283, 151
Trd, 000036.483, 148
Trd, 000036.567, 134.0
Trd, 000036.667, 121
Trd, 000036.850, 152
Trd, 000037.917, 140
Trd, 000039.117, 137
Trd, 000039.400, 148
Trd, 000039.433, 138
Trd, 000040.333, 151
Trd, 000040.583, 152
Trd, 000041.050, 139
Trd, 000041.250, 151
Trd, 000041.383, 139
Trd, 000042.400, 141
Trd, 000042.750, 162
Trd, 000042.917, 163
Trd, 000043.933, 153
Trd, 000044.483, 151
Trd, 000044.950, 154
Trd, 000045.083, 161.0
Trd, 000045.233, 163.0
Trd, 000045.417, 150
Trd, 000045.433, 148
Trd, 000045.917, 155.0
Trd, 000046.367, 156
Trd, 000046.467, 144.0
Trd, 000046.917, 137
Trd, 000047.833, 156
Trd, 000048.333, 126
Trd, 000049.050, 154
Trd, 000049.850, 138
Trd, 000050.750, 152
Trd, 000050.800, 153
Trd, 000051.500, 144
Trd, 000051.717, 143
Trd, 000051.933, 152
Trd, 000052.000, 153
Trd, 000052.517, 142
Trd, 000052.833, 135
Trd, 000052.917, 155.0
Trd, 000053.483, 160
Trd, 000054.850, 137.0
Trd, 000055.717, 152.0
Trd, 000056.233, 133
Trd, 000056.800, 152.0
Trd, 000057.917, 150
Trd, 000058.333, 139
Trd, 000058.600, 137
Trd, 000059.283, 143
Trd, 000059.817, 145
Trd, 000060.083, 146
Trd, 000060.167, 136
Trd, 000060.317, 134.0
Trd, 000060.367, 152
Trd, 000061.133, 137.0
Trd, 000062.883, 150
Trd, 000062.983, 151.0
Trd, 000063.217, 149
Trd, 000063.533, 149
Trd, 000063.983, 152
Trd, 000064.217, 146
Trd, 000064.367, 144.0
Trd, 000064.550, 134.0
Trd, 000065.333, 148
Trd, 000066.317, 137
Trd, 000066.400, 147
Trd, 000067.150, 147
Trd, 000067.483, 146
Trd, 000067.883, 155.0
Trd, 000067.933, 162
Trd, 000068.067, 135
Trd, 000068.167, 136
Trd, 000068.750, 136
Trd, 000069.683, 137.0
Trd, 000069.767, 125
Trd, 000071.333, 158
Trd, 000071.767, 159
Trd, 000072.250, 158
Trd, 000072.483, 157
Trd, 000072.533, 158
Trd, 000072.767, 182.0
Trd, 000073.183, 188
Trd, 000074.233, 170
Trd, 000074.433, 165.0
Trd, 000074.800, 164
Trd, 000075.183, 158.0
Trd, 000075.517, 155.0
Trd, 000076.250, 163
Trd, 000077.067, 161
Trd, 000077.267, 163
Trd, 000077.683, 150.0
Trd, 000077.933, 148.0
Trd, 000078.617, 156
Trd, 000079.433, 155.0
Trd, 000080.467, 156
Trd, 000080.517, 152
Trd, 000081.533, 144.0
Trd, 000081.717, 146
Trd, 000082.483, 134.0
Trd, 000082.817, 137.0
Trd, 000083.850, 143
Trd, 000083.933, 137
Trd, 000084.050, 144
Trd, 000084.400, 150
Trd, 000084.867, 144
Trd, 000084.950, 145
Trd, 000085.433, 139
Trd, 000086.300, 140
Trd, 000086.417, 152
Trd, 000086.433, 139
Trd, 000087.417, 164
Trd, 000088.033, 163.0
Trd, 000088.567, 152
Trd, 000088.750, 137.0
Trd, 000090.333, 147
Trd, 000090.717, 140
Trd, 000090.983, 141
Trd, 000091.083, 137
Trd, 000091.150, 147
Trd, 000092.067, 146
Trd, 000092.100, 165
Trd, 000092.350, 155
Trd, 000093.467, 136.0
Trd, 000093.717, 163.0
Trd, 000093.833, 165.0
Trd, 000093.950, 158
Trd, 000094.333, 140
Trd, 000094.500, 139
Trd, 000094.767, 156
Trd, 000095.117, 172.0
Trd, 000095.667, 155.0
Trd, 000095.850, 145
Trd, 000096.350, 169
Trd, 000096.467, 124
Trd, 000096.833, 123
Trd, 000098.150, 155.0
Trd, 000098.983, 161
Trd, 000099.783, 147
Trd, 000099.917, 146
Trd, 000100.417, 156
Trd, 000100.533, 157
Trd, 000101.400, 156
Trd, 000101.483, 160
Trd, 000101.867, 144.0
Trd, 000102.250, 122
Trd, 000102.967, 157
Trd, 000103.450, 156.0
Trd, 000103.717, 155.0
Trd, 000103.883, 156
Trd, 000104.433, 157
Trd, 000104.800, 158
Trd, 000104.950, 148
Trd, 000105.450, 158
Trd, 000105.900, 138
Trd, 000105.983, 155
Trd, 000106.183, 136
Trd, 000107.150, 143
Trd, 000107.167, 154.0
Trd, 000107.417, 154
Trd, 000107.517, 134.0
Trd, 000107.817, 116
Trd, 000108.617, 151
Trd, 000108.933, 152
Trd, 000109.967, 153
Trd, 000110.683, 145
Trd, 000110.983, 146.0
Trd, 000111.217, 164.0
Trd, 000111.383, 165.0
Trd, 000111.883, 164
Trd, 000112.167, 166
Trd, 000112.450, 175.0
Trd, 000113.650, 155.0
Trd, 000114.217, 134.0
Trd, 000115.233, 138
Trd, 000116.100, 143
Trd, 000116.633, 161.0
Trd, 000116.783, 147
Trd, 000118.017, 145
Trd, 000119.100, 147
Trd, 000119.183, 148
Trd, 000119.217, 160
Trd, 000119.383, 146.0
Trd, 000120.017, 155.0
Trd, 000120.800, 156
Trd, 000121.183, 150
Trd, 000121.717, 156
Trd, 000121.750, 153
Trd, 000121.967, 157.0
Trd, 000122.050, 157
Trd, 000122.900, 161
Trd, 000122.983, 162
Trd, 000123.000, 155.0
Trd, 000123.500, 158
Trd, 000124.633, 156
Trd, 000124.850, 155
Trd, 000125.200, 135.0
Trd, 000125.600, 152
Trd, 000126.117, 134.0
Trd, 000126.200, 151
Trd, 000126.733, 162.0
Trd, 000127.567, 136
Trd, 000127.933, 155
Trd, 000128.000, 122
Trd, 000128.883, 154.0
Trd, 000129.267, 136
Trd, 000129.467, 135
Trd, 000130.100, 147
Trd, 000130.167, 134.0
Trd, 000130.833, 150
Trd, 000130.867, 147
Trd, 000131.450, 137.0
Trd, 000131.583, 139
Trd, 000132.067, 138
Trd, 000132.450, 137
Trd, 000133.333, 135
Trd, 000134.150, 130
Trd, 000134.617, 135
Trd, 000134.650, 136
Trd, 000135.000, 134
Trd, 000135.417, 134.0
Trd, 000136.533, 149
Trd, 000137.033, 126
Trd, 000137.267, 151
Trd, 000137.317, 124
Trd, 000137.733, 137.0
Trd, 000139.200, 162
Trd, 000139.217, 142
Trd, 000139.283, 165.0
Trd, 000140.283, 173.0
Trd, 000140.300, 137
Trd, 000140.733, 149
Trd, 000141.467, 152
Trd, 000142.017, 155.0
Trd, 000143.067, 150
Trd, 000143.400, 141
Trd, 000143.433, 127
Trd, 000143.550, 155
Trd, 000144.133, 137.0
Trd, 000145.600, 132.0
Trd, 000145.633, 134.0
Trd, 000145.750, 133
Trd, 000146.167, 139
Trd, 000147.017, 128
Trd, 000147.333, 147
Trd, 000147.767, 146
Trd, 000148.083, 155.0
Trd, 000148.267, 162
Trd, 000148.617, 155.0
Trd, 000149.317, 156
Trd, 000149.617, 155
Trd, 000150.200, 150
Trd, 000150.933, 149
Trd, 000151.450, 134.0
Trd, 000151.467, 148
Trd, 000151.767, 148
Trd, 000152.667, 148
Trd, 000152.750, 122
Trd, 000153.017, 146
Trd, 000153.267, 161
Trd, 000153.833, 126
Trd, 000154.017, 133.0
Trd, 000154.100, 134.0
Trd, 000154.817, 126
Trd, 000155.600, 143
Trd, 000156.017, 154
Trd, 000156.667, 161
Trd, 000157.000, 141
Trd, 000157.167, 162
Trd, 000157.217, 141
Trd, 000157.750, 165.0
Trd, 000158.333, 139
Trd, 000158.883, 165
Trd, 000160.183, 171.0
Trd, 000160.633, 156.0
Trd, 000161.083, 165
Trd, 000161.367, 161
Trd, 000161.517, 158
Trd, 000161.967, 161
Trd, 000162.017, 165.0
Trd, 000162.383, 155.0
Trd, 000162.700, 145.0
Trd, 000162.883, 144.0
Trd, 000163.233, 151
Trd, 000164.417, 147
Trd, 000164.450, 146
Trd, 000164.600, 135
Trd, 000165.117, 150
Trd, 000165.300, 150
Trd, 000165.650, 134.0
Trd, 000165.883, 151
Trd, 000167.083, 148
Trd, 000167.200, 150
Trd, 000167.850, 147
Trd, 000168.767, 145
Trd, 000168.983, 144.0
Trd, 000169.700, 148
Trd, 000169.833, 142
Trd, 000170.617, 158
Trd, 000171.150, 152
Trd, 000171.800, 142
Trd, 000171.950, 152
Trd, 000172.483, 141
Trd, 000172.733, 161
Trd, 000173.150, 155.0
Trd, 000173.217, 162
Trd, 000174.467, 146
Trd, 000176.100, 155
Trd, 000176.200, 147
Trd, 000176.767, 136.0
Trd, 000176.867, 134.0
Trd, 000176.967, 123
Trd, 000177.467, 154
Trd, 000178.350, 161
Trd, 000178.650, 154
Trd, 000178.933, 162
Trd, 000179.150, 138
Trd, 000179.200, 124
Trd, 000179.417, 122
Trd, 000179.583, 165.0
Trd, 000180.633, 165.0
Trd, 000181.683, 147
Trd, 000182.217, 158
Trd, 000182.783, 146.0
Trd, 000182.933, 145.0
Trd, 000183.617, 134.0
Trd, 000183.667, 137.0
Trd, 000184.067, 136
Trd, 000185.083, 137
Trd, 000185.650, 137
Trd, 000185.817, 130
Trd, 000186.867, 149
Trd, 000187.300, 149
Trd, 000187.583, 151
Trd, 000187.600, 140
Trd, 000187.700, 155.0
Trd, 000188.100, 141
Trd, 000188.733, 149
Trd, 000189.050, 143
Trd, 000189.200, 150
Trd, 000189.517, 143
Trd, 000190.050, 142
Trd, 000190.067, 155.0
Trd, 000191.550, 141
Trd, 000192.250, 134.0
Trd, 000192.733, 148
Trd, 000193.417, 134.0
Trd, 000193.550, 147
Trd, 000194.317, 126
Trd, 000195.467, 137.0
Trd, 000195.567, 152
Trd, 000195.700, 155.0
Trd, 000195.967, 136
Trd, 000196.167, 145
Trd, 000196.517, 146
Trd, 000197.267, 165
Trd, 000197.500, 163
Trd, 000198.567, 165.0
Trd, 000198.883, 167
Trd, 000199.500, 158.0
Trd, 000199.783, 150
Trd, 000199.967, 139
Trd, 000200.433, 163
Trd, 000200.500, 173
Trd, 000200.700, 168
Trd, 000200.717, 175.0
Trd, 000201.767, 162
Trd, 000201.800, 164
Trd, 000202.000, 162
Trd, 000202.450, 174.0
Trd, 000204.217, 174
Trd, 000204.800, 167
Trd, 000204.900, 166.0
Trd, 000205.250, 165.0
Trd, 000206.350, 186.0
Trd, 000206.567, 155.0
Trd, 000206.833, 135
Trd, 000207.083, 134
Trd, 000207.117, 134.0
Trd, 000207.200, 159
Trd, 000208.367, 137.0
Trd, 000208.650, 125
Trd, 000208.767, 151
Trd, 000209.617, 147
Trd, 000210.000, 151
Trd, 000210.233, 151
Trd, 000210.367, 140
Trd, 000211.033, 144
Trd, 000211.833, 148
Trd, 000212.100, 137.0
Trd, 000212.617, 151
Trd, 000212.767, 150
Trd, 000212.883, 150
Trd, 000213.533, 162
Trd, 000213.683, 145
Trd, 000213.983, 144
Trd, 000215.633, 155.0
Trd, 000215.933, 160
Trd, 000216.067, 161
Trd, 000216.100, 135.0
Trd, 000217.050, 161
Trd, 000217.250, 150
Trd, 000217.467, 163
Trd, 000217.500, 147
Trd, 000217.817, 165
Trd, 000218.083, 144.0
Trd, 000218.200, 134.0
Trd, 000219.783, 158
Trd, 000220.067, 157.0
Trd, 000220.283, 158
Trd, 000220.600, 155.0
Trd, 000220.833, 151
Trd, 000220.900, 149
Trd, 000222.650, 154
Trd, 000222.783, 149
Trd, 000222.917, 173.0
Trd, 000223.717, 159
Trd, 000224.517, 158.0
Trd, 000224.933, 156.0
Trd, 000225.183, 166.0
Trd, 000225.200, 157
Trd, 000225.567, 155.0
Trd, 000225.700, 144.0
Trd, 000226.217, 162
Trd, 000226.283, 164.0
Trd, 000227.550, 146
Trd, 000227.883, 134.0
Trd, 000228.283, 115
Trd, 000229.400, 118
Trd, 000229.617, 147
Trd, 000229.883, 117
Trd, 000229.967, 134.0
Trd, 000230.533, 137.0
Trd, 000230.550, 145
Trd, 000230.900, 145
Trd, 000231.150, 140
Trd, 000231.567, 150
Trd, 000231.833, 151
Trd, 000232.250, 140
Trd, 000233.150, 144
Trd, 000234.033, 159
Trd, 000234.067, 175.0
Trd, 000234.700, 141
Trd, 000235.367, 142
Trd, 000235.633, 160
Trd, 000235.800, 154
Trd, 000235.900, 143
Trd, 000236.550, 141
Trd, 000236.600, 151
Trd, 000237.733, 140
Trd, 000238.033, 152.0
Trd, 000238.650, 155.0
Trd, 000239.033, 142
Trd, 000239.817, 145
Trd, 000240.300, 153
Trd, 000240.383, 152
Trd, 000241.000, 162
Trd, 000241.150, 158.0
Trd, 000241.267, 156.0
Trd, 000241.300, 155.0
Trd, 000241.867, 155
Trd, 000242.733, 155.0
Trd, 000243.133, 155
Trd, 000243.200, 156
Trd, 000244.233, 166.0
Trd, 000244.250, 159
Trd, 000244.850, 162.0
Trd, 000245.017, 161.0
Trd, 000245.617, 158.0
Trd, 000245.850, 158
Trd, 000245.950, 158
Trd, 000246.550, 157
Trd, 000247.283, 153.0
Trd, 000247.433, 144.0
Trd, 000248.017, 155
Trd, 000248.200, 140.0
Trd, 000248.683, 155
Trd, 000248.933, 157
Trd, 000249.850, 150
Trd, 000250.300, 146
Trd, 000250.533, 144.0
Trd, 000250.850, 140.0
Trd, 000251.233, 145
Trd, 000251.283, 150
Trd, 000251.550, 151
Trd, 000252.650, 151
Trd, 000252.900, 151
Trd, 000253.167, 155.0
Trd, 000254.133, 162
Trd, 000254.267, 159
Trd, 000254.533, 158.0
Trd, 000254.617, 157
Trd, 000255.517, 151.0
Trd, 000255.583, 144.0
Trd, 000255.750, 149
Trd, 000255.867, 151.0
Trd, 000256.983, 151.0
Trd, 000257.150, 152
Trd, 000257.300, 148
Trd, 000257.617, 151
Trd, 000257.983, 147
Trd, 000258.600, 149.0
Trd, 000259.100, 147.0
Trd, 000259.283, 147.0
Trd, 000259.933, 148
Trd, 000259.950, 149
Trd, 000260.183, 151
Trd, 000260.300, 151.0
Trd, 000260.383, 144.0
Trd, 000261.017, 131.0
Trd, 000261.667, 163
Trd, 000262.167, 152
Trd, 000262.183, 165.0
Trd, 000262.417, 124
Trd, 000262.433, 123
Trd, 000263.100, 163.0
Trd, 000263.333, 162.0
Trd, 000263.717, 155.0
Trd, 000264.383, 137
Trd, 000264.467, 160
Trd, 000264.617, 165.0
Trd, 000265.017, 164
Trd, 000265.267, 165
Trd, 000265.883, 166.0
Trd, 000266.850, 161
Trd, 000267.183, 163
Trd, 000267.233, 164
Trd, 000267.917, 158
Trd, 000268.167, 158.0
Trd, 000268.583, 151.0
Trd, 000268.733, 149.0
Trd, 000268.833, 144.0
Trd, 000269.767, 151
Trd, 000270.050, 150
Trd, 000270.633, 145
Trd, 000270.850, 151
Trd, 000271.133, 133.0
Trd, 000271.883, 139
Trd, 000272.317, 138.0
Trd, 000272.433, 151
Trd, 000272.817, 152
Trd, 000273.600, 145
Trd, 000273.717, 152
Trd, 000273.983, 146
Trd, 000274.333, 161
Trd, 000274.417, 162
Trd, 000275.467, 154
Trd, 000275.683, 154
Trd, 000276.017, 134
Trd, 000276.100, 134.0
Trd, 000276.750, 147
Trd, 000277.117, 154
Trd, 000277.833, 161
Trd, 000278.050, 151.0
Trd, 000278.333, 147
Trd, 000279.300, 151
Trd, 000279.583, 153
Trd, 000279.683, 162
Trd, 000279.933, 150
Trd, 000279.967, 142
Trd, 000280.050, 157.0
Trd, 000281.217, 135.0
Trd, 000281.250, 131.0
Trd, 000281.833, 139
Trd, 000282.383, 136.0
Trd, 000282.467, 137.0
Trd, 000282.533, 143
Trd, 000282.817, 136
Trd, 000282.917, 151
Trd, 000283.517, 155.0
Trd, 000284.717, 126
Trd, 000285.283, 145
Trd, 000285.583, 165.0
Trd, 000286.283, 155
Trd, 000286.300, 154
Trd, 000286.417, 156
Trd, 000286.550, 153.0
Trd, 000286.567, 164
Trd, 000286.717, 167.0
Trd, 000286.817, 151.0
Trd, 000287.067, 134.0
Trd, 000287.750, 165.0
Trd, 000287.800, 155.0
Trd, 000288.117, 147
Trd, 000288.783, 157.0
Trd, 000289.183, 154
Trd, 000289.250, 153
Trd, 000289.483, 158.0
Trd, 000289.500, 159.0
Trd, 000289.783, 152
Trd, 000290.250, 155.0
Trd, 000290.767, 160
Trd, 000291.250, 144.0
Trd, 000291.283, 161.0
Trd, 000291.633, 162
Trd, 000292.150, 140
Trd, 000292.333, 164
Trd, 000292.400, 168.0
Trd, 000292.733, 151.0
Trd, 000293.133, 164
Trd, 000293.617, 162.0
Trd, 000293.983, 164
Trd, 000294.850, 160
Trd, 000295.017, 169.0
Trd, 000295.083, 157
Trd, 000295.167, 134.0
Trd, 000295.517, 131.0
Trd, 000296.283, 156
Trd, 000296.483, 156
Trd, 000296.750, 157
Trd, 000296.767, 152.0
Trd, 000297.767, 144.0
Trd, 000298.000, 123
Trd, 000298.150, 144
Trd, 000298.250, 160
Trd, 000299.017, 158
Trd, 000299.033, 151.0
Trd, 000299.067, 162
Trd, 000299.533, 159
