Trd, 000001.217, 151
Trd, 000002.217, 177.0
Trd, 000002.617, 162.0
Trd, 000003.083, 148
Trd, 000003.967, 158
Trd, 000004.433, 156
Trd, 000006.017, 152
Trd, 000006.817, 151.0
Trd, 000006.900, 155
Trd, 000006.950, 156
Trd, 000007.067, 156
Trd, 000007.650, 152
Trd, 000007.933, 153
Trd, 000008.350, 153
Trd, 000009.717, 144
Trd, 000010.600, 149
Trd, 000011.033, 149
Trd, 000011.117, 148
Trd, 000011.617, 148
Trd, 000012.467, 149
Trd, 000012.717, 131
Trd, 000013.933, 145
Trd, 000014.067, 143
Trd, 000014.650, 144
Trd, 000014.883, 144
Trd, 000015.217, 145
Trd, 000016.167, 145
Trd, 000016.867, 145
Trd, 000017.417, 144
Trd, 000017.817, 144
Trd, 000018.350, 145
Trd, 000018.383, 141
Trd, 000018.417, 146
Trd, 000018.850, 134.0
Trd, 000019.433, 142
Trd, 000020.733, 161.0
Trd, 000020.917, 150
Trd, 000020.983, 149
Trd, 000022.000, 149
Trd, 000022.783, 150
Trd, 000024.017, 150
Trd, 000024.633, 147
Trd, 000024.950, 144
Trd, 000025.200, 134.0
Trd, 000025.883, 141
Trd, 000026.150, 134
Trd, 000027.167, 136.0
Trd, 000027.417, 136.0
Trd, 000028.283, 137.0
Trd, 000028.317, 135
Trd, 000029.200, 124.0
Trd, 000029.700, 135
Trd, 000030.150, 136
Trd, 000030.667, 134.0
Trd, 000031.417, 137
Trd, 000032.833, 135.0
Trd, 000033.150, 137
Trd, 000033.267, 137.0
Trd, 000033.583, 134.0
Trd, 000034.483, 137
Trd, 000034.650, 137
Trd, 000035.317, 137.0
Trd, 000035.533, 138.0
Trd, 000036.667, 138
Trd, 000037.083, 136
Trd, 000037.483, 134.0
Trd, 000037.933, 132
Trd, 000037.967, 135
Trd, 000038.933, 136
Trd, 000040.117, 136
Trd, 000040.400, 136
Trd, 000041.900, 140.0
Trd, 000042.200, 134.0
Trd, 000042.800, 135
Trd, 000042.817, 133
Trd, 000043.233, 137
Trd, 000044.550, 136
Trd, 000045.733, 133
Trd, 000045.883, 134
Trd, 000046.183, 136
Trd, 000046.400, 134.0
Trd, 000048.033, 134
Trd, 000048.050, 135
Trd, 000048.100, 134
Trd, 000048.367, 133
Trd, 000048.783, 133
Trd, 000048.917, 134.0
Trd, 000048.950, 141.0
Trd, 000049.100, 139
Trd, 000049.300, 145
Trd, 000049.883, 140.0
Trd, 000049.983, 141.0
Trd, 000050.717, 137
Trd, 000051.383, 144
Trd, 000051.667, 136
Trd, 000052.983, 120.0
Trd, 000053.617, 123
Trd, 000053.667, 136
Trd, 000054.300, 138
Trd, 000055.333, 136
Trd, 000056.233, 135.0
Trd, 000056.500, 136.0
Trd, 000056.600, 135.0
Trd, 000056.683, 135.0
Trd, 000057.200, 137.0
Trd, 000058.733, 144
Trd, 000058.800, 144
Trd, 000058.933, 140
Trd, 000059.367, 145
Trd, 000060.867, 139.0
Trd, 000060.933, 140.0
Trd, 000061.067, 139.0
Trd, 000061.367, 140.0
Trd, 000061.467, 141.0
Trd, 000062.050, 149
Trd, 000062.433, 139
Trd, 000063.833, 141
Trd, 000064.600, 137
Trd, 000065.400, 137
Trd, 000066.300, 135.0
Trd, 000066.917, 136
Trd, 000067.200, 136
Trd, 000067.733, 137
Trd, 000067.833, 141.0
Trd, 000068.167, 162.0
Trd, 000069.917, 145
Trd, 000070.267, 142
Trd, 000070.533, 143
Trd, 000071.400, 141
Trd, 000071.967, 142
Trd, 000072.733, 142
Trd, 000072.850, 141
Trd, 000073.233, 144
Trd, 000074.300, 144
Trd, 000074.583, 150
Trd, 000075.750, 147
Trd, 000075.967, 158.0
Trd, 000076.317, 153
Trd, 000076.700, 155
Trd, 000077.300, 157.0
Trd, 000077.683, 151
Trd, 000078.000, 137
Trd, 000078.100, 134.0
Trd, 000078.383, 150
Trd, 000079.183, 139
Trd, 000080.100, 137
Trd, 000080.550, 137
Trd, 000080.917, 137
Trd, 000081.417, 138
Trd, 000082.233, 138
Trd, 000082.967, 136
Trd, 000083.750, 136
Trd, 000084.467, 137
Trd, 000085.100, 135
Trd, 000085.883, 136
Trd, 000086.533, 136
Trd, 000086.617, 136
Trd, 000087.450, 135
Trd, 000087.567, 136
Trd, 000087.750, 136.0
Trd, 000089.133, 135
Trd, 000089.250, 135
Trd, 000089.383, 134.0
Trd, 000089.717, 137.0
Trd, 000090.367, 136
Trd, 000091.400, 134
Trd, 000091.650, 137
Trd, 000091.933, 135
Trd, 000092.117, 138.0
Trd, 000092.150, 140.0
Trd, 000092.200, 141.0
Trd, 000092.883, 140
Trd, 000093.700, 139
Trd, 000093.800, 139
Trd, 000094.117, 162.0
Trd, 000094.383, 141.0
Trd, 000096.700, 153
Trd, 000096.833, 179.0
Trd, 000097.217, 156
Trd, 000098.100, 161
Trd, 000098.517, 162.0
Trd, 000098.717, 145
Trd, 000099.617, 151
Trd, 000099.983, 151
Trd, 000100.533, 150
Trd, 000100.550, 151
Trd, 000100.950, 151
Trd, 000101.250, 150
Trd, 000101.550, 149
Trd, 000102.817, 157.0
Trd, 000102.950, 147
Trd, 000103.133, 140
Trd, 000103.350, 134.0
Trd, 000104.817, 143
Trd, 000105.717, 137
Trd, 000106.050, 139
Trd, 000106.217, 140
Trd, 000106.533, 140.0
Trd, 000107.217, 141.0
Trd, 000107.317, 142
Trd, 000108.733, 147
Trd, 000109.400, 147
Trd, 000109.433, 146
Trd, 000109.700, 143
Trd, 000109.850, 155
Trd, 000110.350, 153
Trd, 000110.833, 145
Trd, 000111.167, 146
Trd, 000111.600, 150
Trd, 000112.033, 148
Trd, 000112.467, 148
Trd, 000113.833, 147
Trd, 000113.850, 145
Trd, 000115.650, 141
Trd, 000115.767, 141.0
Trd, 000116.300, 141
Trd, 000116.533, 142
Trd, 000117.917, 152
Trd, 000118.767, 152
Trd, 000118.933, 152.0
Trd, 000119.300, 152
Trd, 000119.583, 152
Trd, 000121.383, 152.0
Trd, 000121.883, 152.0
Trd, 000122.100, 154
Trd, 000123.533, 144
Trd, 000123.550, 146
Trd, 000124.117, 147
Trd, 000124.567, 146
Trd, 000124.650, 145
Trd, 000125.317, 145
Trd, 000125.600, 144
Trd, 000126.067, 136.0
Trd, 000126.867, 134.0
Trd, 000126.983, 138
Trd, 000127.733, 130
Trd, 000127.950, 133
Trd, 000128.300, 135
Trd, 000128.383, 138
Trd, 000128.467, 141.0
Trd, 000128.967, 137.0
Trd, 000130.117, 136.0
Trd, 000130.350, 136
Trd, 000130.717, 134.0
Trd, 000131.400, 135
Trd, 000131.733, 138
Trd, 000132.050, 161.0
Trd, 000133.533, 143
Trd, 000134.467, 146
Trd, 000134.700, 144
Trd, 000134.883, 142
Trd, 000135.133, 124.0
Trd, 000136.100, 139.0
Trd, 000136.117, 138
Trd, 000136.383, 139.0
Trd, 000136.933, 139
Trd, 000137.683, 137
Trd, 000138.033, 134.0
Trd, 000138.817, 140.0
Trd, 000139.417, 141.0
Trd, 000140.900, 135
Trd, 000141.567, 141
Trd, 000142.150, 136
Trd, 000142.200, 139
Trd, 000142.433, 141.0
Trd, 000143.417, 140
Trd, 000143.867, 141
Trd, 000144.117, 142
Trd, 000144.433, 138
Trd, 000145.050, 137
Trd, 000145.317, 141
Trd, 000145.383, 136
Trd, 000145.533, 142
Trd, 000145.683, 161.0
Trd, 000146.033, 134.0
Trd, 000147.633, 133
Trd, 000147.700, 133
Trd, 000147.750, 134
Trd, 000148.033, 137
Trd, 000148.167, 139
Trd, 000150.033, 144
Trd, 000150.500, 145
Trd, 000150.917, 144
Trd, 000150.967, 156.0
Trd, 000153.133, 149
Trd, 000153.167, 150
Trd, 000153.200, 148
Trd, 000154.133, 150
Trd, 000154.433, 149
Trd, 000155.283, 150
Trd, 000155.967, 158.0
Trd, 000156.000, 148
Trd, 000156.267, 134
Trd, 000156.417, 160.0
Trd, 000157.567, 161.0
Trd, 000159.817, 150
Trd, 000159.833, 147
Trd, 000159.917, 134.0
Trd, 000160.883, 140.0
Trd, 000161.467, 138
Trd, 000161.817, 137
Trd, 000161.967, 138
Trd, 000162.950, 140
Trd, 000163.017, 141.0
Trd, 000163.133, 137.0
Trd, 000163.267, 134.0
Trd, 000163.317, 165
Trd, 000166.167, 137
Trd, 000166.383, 137
Trd, 000166.417, 138
Trd, 000166.667, 138
Trd, 000167.033, 137
Trd, 000167.233, 140
Trd, 000168.667, 149
Trd, 000168.900, 147
Trd, 000169.267, 160.0
Trd, 000169.950, 151
Trd, 000170.200, 150
Trd, 000170.783, 150
Trd, 000171.383, 148
Trd, 000171.983, 149
Trd, 000172.450, 153
Trd, 000172.867, 148
Trd, 000174.033, 149
Trd, 000174.633, 146
Trd, 000175.300, 147
Trd, 000175.433, 145
Trd, 000175.450, 147
Trd, 000176.183, 142
Trd, 000177.500, 139
Trd, 000178.267, 139
Trd, 000178.567, 141.0
Trd, 000179.683, 139
Trd, 000180.517, 138
Trd, 000180.783, 136
Trd, 000181.117, 120.0
Trd, 000182.350, 137
Trd, 000182.633, 134.0
Trd, 000182.900, 138
Trd, 000182.983, 138
Trd, 000184.533, 139.0
Trd, 000184.717, 137
Trd, 000184.967, 139.0
Trd, 000185.300, 138
Trd, 000186.167, 137
Trd, 000186.583, 139
Trd, 000188.083, 138
Trd, 000188.400, 136
Trd, 000188.467, 137
Trd, 000189.517, 141.0
Trd, 000190.000, 148
Trd, 000190.467, 160.0
Trd, 000191.050, 153
Trd, 000191.167, 145
Trd, 000192.100, 152
Trd, 000192.600, 150
Trd, 000193.683, 152
Trd, 000194.117, 139
Trd, 000194.600, 150
Trd, 000195.000, 144
Trd, 000195.600, 148
Trd, 000196.017, 149
Trd, 000197.000, 148
Trd, 000197.150, 147
Trd, 000197.283, 150
Trd, 000197.717, 146
Trd, 000198.733, 160.0
Trd, 000199.817, 151
Trd, 000200.667, 148
Trd, 000202.067, 146
Trd, 000202.733, 145
Trd, 000202.750, 145
Trd, 000204.133, 144
Trd, 000204.750, 158.0
Trd, 000206.683, 149
Trd, 000206.700, 150
Trd, 000206.767, 151
Trd, 000207.083, 147
Trd, 000207.750, 153
Trd, 000207.883, 153
Trd, 000208.217, 146
Trd, 000208.467, 140
Trd, 000208.633, 134.0
Trd, 000208.850, 152
Trd, 000210.433, 154.0
Trd, 000211.067, 153.0
Trd, 000211.817, 135
Trd, 000212.467, 151
Trd, 000213.050, 146
Trd, 000213.233, 148
Trd, 000213.483, 144
Trd, 000213.517, 155
Trd, 000214.100, 158.0
Trd, 000216.167, 152
Trd, 000216.183, 151
Trd, 000216.433, 153
Trd, 000216.917, 155
Trd, 000217.150, 149
Trd, 000217.983, 157.0
Trd, 000218.483, 159
Trd, 000219.000, 150
Trd, 000219.467, 151
Trd, 000220.000, 135.0
Trd, 000220.217, 152
Trd, 000221.267, 146
Trd, 000222.100, 145
Trd, 000222.567, 150
Trd, 000222.733, 151
Trd, 000223.583, 146
Trd, 000223.750, 152
Trd, 000223.883, 165
Trd, 000226.150, 154
Trd, 000226.317, 153
Trd, 000226.433, 154
Trd, 000226.700, 154
Trd, 000227.083, 152
Trd, 000227.417, 148
Trd, 000228.217, 141
Trd, 000228.900, 138
Trd, 000229.100, 140
Trd, 000229.817, 135
Trd, 000230.167, 138
Trd, 000230.750, 135.0
Trd, 000231.267, 138
Trd, 000231.700, 136
Trd, 000232.117, 137
Trd, 000232.883, 137.0
Trd, 000233.433, 137
Trd, 000233.717, 140.0
Trd, 000234.033, 139
Trd, 000234.083, 136
Trd, 000235.233, 141.0
Trd, 000235.333, 140
Trd, 000235.700, 149
Trd, 000236.783, 140
Trd, 000237.283, 139
Trd, 000237.567, 141
Trd, 000239.133, 160.0
Trd, 000239.717, 141.0
Trd, 000240.200, 143
Trd, 000240.433, 144
Trd, 000240.817, 145
Trd, 000241.383, 143
Trd, 000241.550, 143
Trd, 000241.733, 142
Trd, 000243.217, 136.0
Trd, 000243.350, 134.0
Trd, 000243.717, 137
Trd, 000244.200, 136
Trd, 000244.267, 137
Trd, 000245.100, 134.0
Trd, 000245.333, 131.0
Trd, 000245.550, 135
Trd, 000245.567, 136
Trd, 000246.933, 135
Trd, 000247.467, 137
Trd, 000247.683, 148.0
Trd, 000248.400, 138
Trd, 000248.800, 140.0
Trd, 000248.983, 140.0
Trd, 000249.567, 138
Trd, 000249.717, 141.0
Trd, 000250.067, 141
Trd, 000250.083, 137
Trd, 000250.683, 137
Trd, 000251.700, 140
Trd, 000252.350, 139
Trd, 000252.650, 137
Trd, 000252.733, 139
Trd, 000253.817, 138
Trd, 000254.217, 134.0
Trd, 000254.283, 131.0
Trd, 000255.150, 139
Trd, 000255.367, 136
Trd, 000255.850, 141.0
Trd, 000256.300, 150
Trd, 000257.183, 146
Trd, 000257.250, 138
Trd, 000257.483, 147
Trd, 000258.050, 148.0
Trd, 000258.933, 145
Trd, 000258.967, 147
Trd, 000259.033, 148
Trd, 000259.817, 143
Trd, 000259.983, 141.0
Trd, 000260.567, 145
Trd, 000260.767, 141
Trd, 000260.800, 143
Trd, 000261.367, 145
Trd, 000262.317, 145.0
Trd, 000262.333, 148.0
Trd, 000262.417, 143.0
Trd, 000262.533, 148
Trd, 000263.817, 145
Trd, 000264.117, 149
Trd, 000265.250, 147
Trd, 000265.267, 146
Trd, 000265.517, 147
Trd, 000265.650, 144
Trd, 000266.200, 148
Trd, 000266.467, 143
Trd, 000266.500, 148.0
Trd, 000266.533, 148
Trd, 000266.900, 151.0
Trd, 000267.483, 163
Trd, 000267.650, 158
Trd, 000268.100, 148.0
Trd, 000268.167, 150
Trd, 000269.667, 151.0
Trd, 000269.750, 151.0
Trd, 000269.917, 147.0
Trd, 000270.017, 149
Trd, 000270.083, 157
Trd, 000270.850, 148
Trd, 000271.067, 153
Trd, 000271.133, 162.0
Trd, 000271.433, 157
Trd, 000271.967, 146
Trd, 000273.033, 153
Trd, 000273.517, 151.0
Trd, 000273.550, 153
Trd, 000273.733, 159
Trd, 000274.833, 155
Trd, 000275.583, 150
Trd, 000275.750, 149
Trd, 000276.017, 148
Trd, 000276.383, 148.0
Trd, 000276.700, 152
Trd, 000277.483, 150
Trd, 000277.850, 147
Trd, 000278.233, 150
Trd, 000278.683, 134.0
Trd, 000278.783, 150.0
Trd, 000278.867, 151.0
Trd, 000280.050, 145
Trd, 000280.083, 145
Trd, 000280.183, 146
Trd, 000280.367, 143
Trd, 000280.733, 145
Trd, 000281.183, 146.0
Trd, 000281.333, 147.0
Trd, 000281.650, 142
Trd, 000282.283, 145
Trd, 000282.533, 148.0
Trd, 000284.033, 148.0
Trd, 000284.333, 148.0
Trd, 000285.250, 148
Trd, 000285.500, 151.0
Trd, 000285.683, 152
Trd, 000286.233, 152
Trd, 000286.583, 150
Trd, 000286.833, 147
Trd, 000286.900, 153
Trd, 000287.000, 153
Trd, 000287.100, 145
Trd, 000287.200, 131.0
Trd, 000287.500, 134.0
Trd, 000287.933, 146
Trd, 000288.800, 134.0
Trd, 000289.400, 136
Trd, 000289.917, 139
Trd, 000290.000, 140
Trd, 000290.033, 141
Trd, 000290.450, 140
Trd, 000291.100, 132
Trd, 000291.483, 133.0
Trd, 000291.750, 144
Trd, 000293.000, 136.0
Trd, 000293.100, 134.0
Trd, 000295.067, 136
Trd, 000295.500, 135
Trd, 000295.833, 134
Trd, 000295.917, 135
Trd, 000296.117, 137
Trd, 000296.200, 139
Trd, 000296.267, 148.0
Trd, 000296.300, 151.0
Trd, 000296.850, 134.0
Trd, 000297.600, 156
Trd, 000298.050, 161.0
Trd, 000298.483, 161.0
Trd, 000298.667, 147
Trd, 000299.133, 141.0
Trd, 000299.183, 136
