Trd, 000000.833, 124.0
Trd, 000001.667, 182.0
Trd, 000002.117, 123
Trd, 000002.983, 163
Trd, 000003.667, 165
Trd, 000004.183, 140
Trd, 000004.967, 164.0
Trd, 000005.117, 150
Trd, 000005.567, 140
Trd, 000005.867, 139
Trd, 000006.100, 163.0
Trd, 000006.150, 134.0
Trd, 000006.333, 157
Trd, 000007.200, 168.0
Trd, 000008.050, 160
Trd, 000008.517, 172.0
Trd, 000009.250, 169
Trd, 000009.550, 166
Trd, 000010.367, 166
Trd, 000010.950, 160.0
Trd, 000011.333, 162.0
Trd, 000011.750, 161
Trd, 000012.183, 172.0
Trd, 000013.083, 169
Trd, 000014.217, 167
Trd, 000014.817, 162.0
Trd, 000014.850, 161
Trd, 000015.167, 145
Trd, 000016.183, 161
Trd, 000018.050, 154
Trd, 000018.267, 152
Trd, 000018.667, 153
Trd, 000019.133, 153
Trd, 000019.400, 162.0
Trd, 000019.550, 165.0
Trd, 000020.050, 146
Trd, 000020.267, 145
Trd, 000021.800, 150
Trd, 000021.850, 148
Trd, 000022.217, 154
Trd, 000022.600, 155
Trd, 000023.300, 147
Trd, 000023.767, 155
Trd, 000023.867, 168.0
Trd, 000024.467, 158
Trd, 000026.350, 149
Trd, 000026.917, 149
Trd, 000027.617, 155
Trd, 000027.800, 162.0
Trd, 000027.900, 175.0
Trd, 000029.200, 149
Trd, 000029.233, 158
Trd, 000029.617, 148
Trd, 000030.850, 154
Trd, 000032.133, 150
Trd, 000032.817, 168.0
Trd, 000033.200, 155
Trd, 000033.450, 149
Trd, 000034.300, 153
Trd, 000035.167, 153
Trd, 000035.300, 148
Trd, 000036.967, 150
Trd, 000037.183, 151
Trd, 000037.267, 162.0
Trd, 000037.533, 162
Trd, 000040.100, 154
Trd, 000040.133, 153
Trd, 000040.383, 156
Trd, 000040.700, 158
Trd, 000041.150, 154
Trd, 000041.200, 153
Trd, 000041.700, 155
Trd, 000042.717, 154
Trd, 000042.950, 157
Trd, 000044.517, 153
Trd, 000045.017, 152
Trd, 000045.433, 151
Trd, 000046.900, 153
Trd, 000047.200, 154
Trd, 000047.333, 152
Trd, 000047.883, 151
Trd, 000047.917, 161.0
Trd, 000048.650, 157
Trd, 000049.150, 157
Trd, 000050.300, 154
Trd, 000050.900, 151
Trd, 000051.050, 155
Trd, 000051.267, 151
Trd, 000051.350, 144.0
Trd, 000051.467, 140
Trd, 000051.883, 147
Trd, 000052.483, 149
Trd, 000053.000, 161.0
Trd, 000053.250, 154
Trd, 000055.600, 154
Trd, 000055.733, 153
Trd, 000056.450, 152
Trd, 000056.467, 144.0
Trd, 000056.483, 140
Trd, 000057.167, 153
Trd, 000057.783, 152
Trd, 000058.967, 151
Trd, 000059.700, 154
Trd, 000059.850, 152
Trd, 000060.250, 152
Trd, 000060.400, 154
Trd, 000061.583, 162.0
Trd, 000062.667, 158
Trd, 000063.533, 162.0
Trd, 000063.717, 163.0
Trd, 000064.133, 157
Trd, 000064.233, 156
Trd, 000065.150, 156
Trd, 000065.633, 160
Trd, 000065.850, 162.0
Trd, 000066.550, 165.0
Trd, 000067.183, 158
Trd, 000068.250, 157
Trd, 000068.483, 156
Trd, 000069.017, 163
Trd, 000069.267, 164
Trd, 000069.717, 162.0
Trd, 000069.867, 156
Trd, 000070.500, 162
Trd, 000070.667, 155
Trd, 000070.817, 163
Trd, 000072.167, 157
Trd, 000073.867, 155
Trd, 000073.883, 157
Trd, 000074.517, 159
Trd, 000074.700, 153
Trd, 000075.183, 150
Trd, 000076.067, 151
Trd, 000077.867, 152
Trd, 000078.550, 149
Trd, 000078.617, 153
Trd, 000079.350, 145.0
Trd, 000079.917, 152
Trd, 000080.183, 151
Trd, 000080.717, 154
Trd, 000081.017, 148
Trd, 000081.367, 154
Trd, 000082.283, 168
Trd, 000082.517, 146.0
Trd, 000083.633, 143
Trd, 000084.250, 151
Trd, 000084.717, 145
Trd, 000084.933, 144
Trd, 000084.967, 152
Trd, 000085.150, 152
Trd, 000085.350, 153
Trd, 000085.950, 162.0
Trd, 000087.467, 158
Trd, 000087.833, 156
Trd, 000088.150, 140
Trd, 000088.283, 165.0
Trd, 000088.467, 135.0
Trd, 000088.883, 162
Trd, 000090.417, 161
Trd, 000090.583, 162.0
Trd, 000091.167, 156
Trd, 000091.183, 158
Trd, 000091.433, 155
Trd, 000092.617, 158
Trd, 000093.617, 156
Trd, 000093.767, 157
Trd, 000094.900, 153
Trd, 000095.133, 157
Trd, 000095.233, 143
Trd, 000095.517, 156
Trd, 000096.983, 161.0
Trd, 000097.267, 162.0
Trd, 000097.550, 160
Trd, 000098.333, 150
Trd, 000099.933, 159
Trd, 000100.117, 156
Trd, 000100.183, 155
Trd, 000100.333, 154
Trd, 000100.683, 148
Trd, 000101.383, 156
Trd, 000101.933, 152
Trd, 000102.217, 156
Trd, 000102.950, 142
Trd, 000103.400, 144
Trd, 000103.417, 151
Trd, 000103.733, 143
Trd, 000104.317, 141
Trd, 000105.200, 146
Trd, 000105.633, 147
Trd, 000106.850, 145
Trd, 000107.633, 147
Trd, 000108.083, 147
Trd, 000108.250, 162.0
Trd, 000109.083, 163.0
Trd, 000109.967, 145
Trd, 000110.133, 144
Trd, 000110.417, 149
Trd, 000110.533, 144
Trd, 000110.567, 151.0
Trd, 000111.667, 140
Trd, 000112.350, 151
Trd, 000113.850, 150
Trd, 000114.350, 151
Trd, 000114.717, 145
Trd, 000115.783, 144.0
Trd, 000115.900, 151
Trd, 000117.600, 150
Trd, 000118.067, 144
Trd, 000118.267, 145
Trd, 000118.600, 146
Trd, 000118.833, 162.0
Trd, 000118.867, 144
Trd, 000120.117, 150
Trd, 000120.383, 150
Trd, 000121.133, 149
Trd, 000121.567, 151.0
Trd, 000122.250, 151
Trd, 000123.067, 156
Trd, 000123.250, 151
Trd, 000124.850, 152
Trd, 000125.300, 150
Trd, 000125.833, 150
Trd, 000125.917, 149
Trd, 000126.767, 147
Trd, 000126.867, 150
Trd, 000127.533, 145
Trd, 000128.217, 149
Trd, 000129.317, 140
Trd, 000129.383, 160.0
Trd, 000129.700, 156
Trd, 000130.233, 154
Trd, 000132.583, 151
Trd, 000132.917, 145
Trd, 000133.433, 151.0
Trd, 000133.667, 150
Trd, 000134.267, 151
Trd, 000134.583, 150
Trd, 000134.600, 146
Trd, 000135.400, 144.0
Trd, 000136.200, 149
Trd, 000136.350, 147
Trd, 000137.317, 147
Trd, 000138.333, 146.0
Trd, 000140.167, 147
Trd, 000140.650, 147
Trd, 000140.667, 146
Trd, 000140.733, 148
Trd, 000141.050, 151.0
Trd, 000141.833, 148
Trd, 000141.967, 151
Trd, 000142.633, 155
Trd, 000143.500, 156
Trd, 000143.750, 152
Trd, 000145.550, 153
Trd, 000145.567, 152
Trd, 000146.250, 154
Trd, 000146.367, 155
Trd, 000146.817, 158
Trd, 000147.033, 160
Trd, 000147.083, 156
Trd, 000147.450, 155
Trd, 000148.017, 162.0
Trd, 000148.883, 158
Trd, 000149.067, 160
Trd, 000149.200, 159
Trd, 000150.033, 157
Trd, 000150.167, 156
Trd, 000150.483, 144.0
Trd, 000150.967, 143
Trd, 000151.550, 150
Trd, 000155.050, 150
Trd, 000155.067, 151
Trd, 000155.083, 149
Trd, 000155.650, 151
Trd, 000156.017, 151
Trd, 000156.633, 151.0
Trd, 000157.250, 162.0
Trd, 000157.433, 149
Trd, 000157.483, 148
Trd, 000159.050, 154
Trd, 000159.417, 141
Trd, 000160.133, 154
Trd, 000160.600, 162.0
Trd, 000161.033, 145
Trd, 000161.800, 172.0
Trd, 000162.000, 162
Trd, 000163.650, 151
Trd, 000163.917, 166.0
Trd, 000164.967, 158
Trd, 000165.017, 154
Trd, 000166.117, 165.0
Trd, 000166.983, 168.0
Trd, 000167.467, 175.0
Trd, 000167.783, 168.0
Trd, 000167.867, 171
Trd, 000167.917, 162.0
Trd, 000168.583, 162
Trd, 000169.017, 161
Trd, 000169.317, 155
Trd, 000170.533, 145
Trd, 000171.000, 144.0
Trd, 000171.783, 143
Trd, 000171.950, 152
Trd, 000172.800, 151
Trd, 000172.833, 141
Trd, 000173.350, 148
Trd, 000174.350, 145
Trd, 000174.750, 147
Trd, 000175.267, 148
Trd, 000175.617, 149
Trd, 000176.567, 151
Trd, 000176.900, 162.0
Trd, 000179.350, 161.0
Trd, 000179.483, 162.0
Trd, 000179.967, 159
Trd, 000180.050, 153
Trd, 000181.283, 152
Trd, 000181.633, 152
Trd, 000183.417, 151
Trd, 000183.833, 154
Trd, 000184.317, 155
Trd, 000184.383, 150
Trd, 000184.450, 149
Trd, 000184.733, 148
Trd, 000185.400, 155
Trd, 000186.267, 160
Trd, 000186.500, 161
Trd, 000186.933, 161.0
Trd, 000187.817, 162.0
Trd, 000188.183, 163
Trd, 000189.117, 144.0
Trd, 000190.150, 140
Trd, 000190.300, 144
Trd, 000190.633, 147
Trd, 000190.783, 160
Trd, 000191.967, 147
Trd, 000192.200, 147
Trd, 000192.350, 141
Trd, 000193.217, 151
Trd, 000193.650, 149
Trd, 000193.667, 148
Trd, 000196.000, 148
Trd, 000196.133, 144
Trd, 000196.750, 147
Trd, 000197.350, 145
Trd, 000197.900, 148
Trd, 000198.067, 149
Trd, 000198.733, 151.0
Trd, 000199.117, 162.0
Trd, 000200.117, 155
Trd, 000200.483, 150
Trd, 000200.733, 155
Trd, 000202.333, 149
Trd, 000202.367, 164.0
Trd, 000203.633, 150
Trd, 000204.883, 160
Trd, 000204.917, 163.0
Trd, 000206.167, 156
Trd, 000206.300, 159
Trd, 000206.450, 159
Trd, 000208.150, 151
Trd, 000209.083, 159
Trd, 000209.683, 156
Trd, 000210.417, 155
Trd, 000210.733, 142
Trd, 000211.333, 150
Trd, 000211.417, 151
Trd, 000211.600, 153
Trd, 000211.767, 162.0
Trd, 000212.083, 149
Trd, 000212.900, 143
Trd, 000213.750, 156
Trd, 000214.900, 140
Trd, 000215.333, 154
Trd, 000215.433, 155
Trd, 000216.150, 146
Trd, 000216.167, 163.0
Trd, 000217.167, 151
Trd, 000218.033, 156
Trd, 000218.483, 158
Trd, 000219.817, 162.0
Trd, 000219.883, 153
Trd, 000220.867, 161
Trd, 000221.783, 162.0
Trd, 000223.133, 159
Trd, 000224.333, 159
Trd, 000224.567, 154
Trd, 000225.033, 153
Trd, 000225.117, 159
Trd, 000225.233, 160
Trd, 000226.133, 154
Trd, 000227.450, 160
Trd, 000227.750, 153
Trd, 000228.050, 152
Trd, 000228.100, 147
Trd, 000228.117, 158
Trd, 000228.400, 158
Trd, 000229.867, 138
Trd, 000231.433, 149
Trd, 000232.100, 148
Trd, 000233.217, 151
Trd, 000233.383, 151
Trd, 000233.783, 150
Trd, 000234.850, 162.0
Trd, 000235.633, 155
Trd, 000235.717, 162.0
Trd, 000236.200, 156
Trd, 000236.950, 160.0
Trd, 000237.850, 161.0
Trd, 000239.500, 158
Trd, 000240.117, 158
Trd, 000240.300, 158
Trd, 000240.450, 160
Trd, 000240.550, 159
Trd, 000240.567, 158
Trd, 000240.633, 156
Trd, 000241.150, 160
Trd, 000241.267, 160
Trd, 000241.383, 162.0
Trd, 000241.817, 155
Trd, 000242.917, 154
Trd, 000243.767, 149
Trd, 000243.817, 151.0
Trd, 000243.883, 147
Trd, 000244.033, 144.0
Trd, 000245.000, 155
Trd, 000245.333, 149
Trd, 000246.017, 152
Trd, 000246.550, 153
Trd, 000246.633, 155
Trd, 000247.117, 162.0
Trd, 000247.400, 153
Trd, 000247.500, 158
Trd, 000247.767, 168.0
Trd, 000248.250, 163
Trd, 000248.783, 168
Trd, 000248.933, 167
Trd, 000249.050, 165
Trd, 000249.217, 162.0
Trd, 000249.867, 161
Trd, 000250.517, 143
Trd, 000251.733, 142
Trd, 000252.100, 140
Trd, 000252.267, 147
Trd, 000252.883, 143.0
Trd, 000253.050, 144
Trd, 000253.083, 148.0
Trd, 000253.450, 146
Trd, 000253.967, 145
Trd, 000254.233, 145.0
Trd, 000254.633, 148
Trd, 000255.000, 151.0
Trd, 000255.583, 150.0
Trd, 000256.633, 149.0
Trd, 000256.667, 148
Trd, 000257.500, 144.0
Trd, 000257.633, 150.0
Trd, 000258.150, 151
Trd, 000258.800, 152
Trd, 000259.567, 152
Trd, 000259.750, 153
Trd, 000260.133, 151
Trd, 000260.300, 158.0
Trd, 000260.350, 162.0
Trd, 000260.767, 150
Trd, 000261.717, 150
Trd, 000262.033, 150.0
Trd, 000262.450, 151.0
Trd, 000262.467, 151
Trd, 000262.683, 149
Trd, 000262.783, 151
Trd, 000263.633, 153
Trd, 000263.850, 150
Trd, 000264.583, 148.0
Trd, 000264.833, 158.0
Trd, 000265.950, 160.0
Trd, 000267.067, 158
Trd, 000267.733, 162.0
Trd, 000267.867, 155.0
Trd, 000267.883, 154
Trd, 000268.183, 153
Trd, 000268.333, 160.0
Trd, 000268.650, 144.0
Trd, 000269.183, 149
Trd, 000269.483, 154
Trd, 000270.100, 151
Trd, 000270.350, 152
Trd, 000271.133, 152
Trd, 000271.300, 153
Trd, 000271.817, 152.0
Trd, 000272.033, 165.0
Trd, 000272.950, 155
Trd, 000273.317, 153
Trd, 000273.767, 141
Trd, 000273.900, 141
Trd, 000274.383, 148.0
Trd, 000274.400, 149
Trd, 000274.883, 144
Trd, 000275.117, 148.0
Trd, 000275.417, 150
Trd, 000275.767, 151.0
Trd, 000275.950, 158.0
Trd, 000276.900, 153
Trd, 000276.967, 155
Trd, 000277.683, 162.0
Trd, 000278.217, 157
Trd, 000278.483, 158
Trd, 000279.283, 148
Trd, 000279.350, 166.0
Trd, 000279.917, 152
Trd, 000280.717, 153.0
Trd, 000280.883, 146.0
Trd, 000281.083, 146.0
Trd, 000281.183, 144.0
Trd, 000281.717, 148.0
Trd, 000281.883, 149
Trd, 000282.717, 145
Trd, 000283.117, 145
Trd, 000284.633, 144
Trd, 000285.250, 144
Trd, 000285.467, 145
Trd, 000285.617, 148
Trd, 000285.667, 148.0
Trd, 000285.683, 142
Trd, 000286.333, 149
Trd, 000286.550, 151.0
Trd, 000286.650, 146
Trd, 000286.900, 158.0
Trd, 000287.217, 162.0
Trd, 000287.250, 157
Trd, 000287.700, 153.0
Trd, 000288.050, 148
Trd, 000288.367, 144.0
Trd, 000289.133, 152.0
Trd, 000289.933, 151
Trd, 000290.217, 144.0
Trd, 000290.600, 152
Trd, 000291.150, 152
Trd, 000291.333, 152
Trd, 000292.017, 153
Trd, 000292.983, 161
Trd, 000293.150, 161
Trd, 000293.167, 160
Trd, 000293.733, 165.0
Trd, 000294.333, 143
Trd, 000294.433, 164
Trd, 000295.183, 151
Trd, 000295.267, 168.0
Trd, 000295.300, 140
Trd, 000295.900, 148.0
Trd, 000296.000, 151.0
Trd, 000296.417, 139.0
Trd, 000296.450, 154
Trd, 000296.567, 156
Trd, 000296.783, 168.0
Trd, 000296.933, 168.0
Trd, 000297.600, 174.0
Trd, 000297.850, 175.0
Trd, 000298.533, 147
Trd, 000298.600, 158
Trd, 000298.883, 161
Trd, 000299.483, 142
Trd, 000299.550, 148.0
