Trd, 000003.700, 143.0
Trd, 000003.867, 144.0
Trd, 000004.383, 147.0
Trd, 000004.517, 148.0
Trd, 000004.717, 162
Trd, 000004.967, 169
Trd, 000005.450, 149
Trd, 000005.933, 158
Trd, 000006.283, 166
Trd, 000007.967, 159
Trd, 000008.900, 159
Trd, 000009.517, 158
Trd, 000009.733, 151.0
Trd, 000009.783, 147
Trd, 000010.233, 163
Trd, 000010.883, 163
Trd, 000011.050, 164
Trd, 000012.117, 159
Trd, 000013.050, 163
Trd, 000013.167, 158
Trd, 000013.300, 157
Trd, 000014.017, 164
Trd, 000014.283, 156
Trd, 000014.433, 152
Trd, 000014.650, 162
Trd, 000014.767, 163
Trd, 000014.817, 151
Trd, 000015.200, 147
Trd, 000015.583, 148.0
Trd, 000015.617, 142.0
Trd, 000016.850, 151
Trd, 000018.200, 141.0
Trd, 000018.317, 149
Trd, 000018.517, 151
Trd, 000018.900, 150
Trd, 000019.167, 148
Trd, 000020.567, 151
Trd, 000020.767, 148
Trd, 000021.050, 148
Trd, 000021.583, 147
Trd, 000021.667, 141.0
Trd, 000021.917, 150
Trd, 000023.533, 148
Trd, 000024.300, 148
Trd, 000024.667, 149
Trd, 000025.283, 150
Trd, 000025.383, 149
Trd, 000025.500, 154
Trd, 000025.833, 149
Trd, 000026.033, 148
Trd, 000026.750, 146
Trd, 000026.800, 147.0
Trd, 000027.067, 148.0
Trd, 000027.083, 155
Trd, 000028.117, 155
Trd, 000028.700, 155
Trd, 000029.300, 154
Trd, 000029.933, 151
Trd, 000030.417, 156
Trd, 000030.867, 147
Trd, 000030.983, 163.0
Trd, 000032.967, 153
Trd, 000033.300, 161.0
Trd, 000033.550, 153
Trd, 000033.583, 161
Trd, 000034.267, 156
Trd, 000034.567, 157
Trd, 000034.750, 161.0
Trd, 000034.867, 156
Trd, 000035.750, 156
Trd, 000037.233, 155
Trd, 000037.383, 156
Trd, 000037.667, 155
Trd, 000038.617, 144.0
Trd, 000038.767, 148.0
Trd, 000039.283, 148
Trd, 000040.350, 152
Trd, 000040.750, 152
Trd, 000040.817, 157
Trd, 000040.950, 167
Trd, 000041.150, 150
Trd, 000042.500, 167
Trd, 000042.717, 155
Trd, 000042.867, 151
Trd, 000043.750, 152
Trd, 000043.900, 166
Trd, 000045.833, 161
Trd, 000046.950, 156
Trd, 000047.617, 155.0
Trd, 000048.033, 155
Trd, 000048.483, 155
Trd, 000048.517, 154
Trd, 000048.917, 155
Trd, 000049.367, 154
Trd, 000050.083, 156
Trd, 000050.533, 159
Trd, 000050.667, 152.0
Trd, 000050.850, 151.0
Trd, 000051.083, 148.0
Trd, 000052.333, 153
Trd, 000052.400, 152
Trd, 000053.367, 152
Trd, 000053.417, 151
Trd, 000054.467, 148.0
Trd, 000054.783, 153
Trd, 000054.950, 149
Trd, 000055.633, 148
Trd, 000056.583, 154
Trd, 000056.700, 168
Trd, 000057.233, 172.0
Trd, 000057.267, 148
Trd, 000057.450, 147
Trd, 000058.033, 148.0
Trd, 000059.083, 159
Trd, 000060.033, 149.0
Trd, 000060.167, 156
Trd, 000060.517, 155
Trd, 000060.867, 156
Trd, 000061.283, 172.0
Trd, 000061.617, 149.0
Trd, 000061.700, 148
Trd, 000062.917, 177
Trd, 000062.983, 172.0
Trd, 000063.650, 164
Trd, 000064.383, 166
Trd, 000066.367, 155.0
Trd, 000067.633, 154
Trd, 000067.683, 154
Trd, 000067.883, 156
Trd, 000068.000, 153
Trd, 000068.083, 157
Trd, 000069.067, 155
Trd, 000069.583, 154
Trd, 000070.300, 156
Trd, 000070.750, 156
Trd, 000071.500, 157
Trd, 000072.200, 156
Trd, 000072.750, 156
Trd, 000073.533, 148
Trd, 000074.200, 154
Trd, 000074.450, 152
Trd, 000074.500, 149
Trd, 000074.833, 155
Trd, 000074.983, 148
Trd, 000075.083, 147
Trd, 000075.683, 156
Trd, 000076.050, 169
Trd, 000076.167, 149
Trd, 000079.400, 149
Trd, 000079.450, 147
Trd, 000079.767, 147
Trd, 000080.233, 147.0
Trd, 000080.367, 148.0
Trd, 000080.967, 155
Trd, 000081.067, 155
Trd, 000081.367, 154
Trd, 000081.700, 162
Trd, 000081.817, 171
Trd, 000082.300, 147
Trd, 000082.600, 163
Trd, 000084.100, 150
Trd, 000085.083, 152
Trd, 000085.600, 151
Trd, 000086.100, 162
Trd, 000086.567, 161
Trd, 000086.767, 162
Trd, 000087.333, 159
Trd, 000087.367, 160
Trd, 000088.000, 155.0
Trd, 000088.617, 155
Trd, 000089.850, 155
Trd, 000090.233, 149
Trd, 000091.800, 153
Trd, 000091.833, 153
Trd, 000091.883, 151
Trd, 000091.900, 155
Trd, 000091.983, 169
Trd, 000092.250, 158
Trd, 000092.683, 152
Trd, 000092.883, 170.0
Trd, 000095.150, 158
Trd, 000095.233, 153
Trd, 000095.433, 159
Trd, 000096.167, 160
Trd, 000096.833, 153
Trd, 000096.983, 153
Trd, 000097.133, 158
Trd, 000097.800, 147
Trd, 000098.050, 147
Trd, 000098.400, 141.0
Trd, 000098.550, 148
Trd, 000098.850, 138
Trd, 000099.717, 151
Trd, 000100.583, 148
Trd, 000100.967, 149
Trd, 000101.050, 155
Trd, 000102.633, 148
Trd, 000103.033, 147
Trd, 000103.417, 146
Trd, 000103.450, 146
Trd, 000103.900, 147
Trd, 000103.983, 147
Trd, 000104.033, 148
Trd, 000104.417, 147
Trd, 000105.933, 148.0
Trd, 000105.967, 155
Trd, 000107.133, 147
Trd, 000107.683, 148
Trd, 000108.833, 155
Trd, 000108.850, 172.0
Trd, 000109.683, 153
Trd, 000109.950, 153
Trd, 000110.100, 151
Trd, 000110.350, 149
Trd, 000110.533, 170
Trd, 000111.617, 151
Trd, 000113.167, 151
Trd, 000114.083, 150
Trd, 000115.017, 141.0
Trd, 000115.033, 149
Trd, 000115.500, 144.0
Trd, 000115.733, 148
Trd, 000115.983, 149
Trd, 000116.400, 146
Trd, 000116.667, 145
Trd, 000117.267, 148.0
Trd, 000119.917, 151
Trd, 000120.017, 153
Trd, 000120.233, 151
Trd, 000120.267, 148
Trd, 000120.467, 147
Trd, 000120.567, 147
Trd, 000121.683, 152
Trd, 000122.517, 147
Trd, 000122.617, 156
Trd, 000123.700, 151
Trd, 000123.917, 171
Trd, 000124.783, 144.0
Trd, 000124.800, 143.0
Trd, 000125.100, 156
Trd, 000125.267, 142.0
Trd, 000125.617, 154
Trd, 000125.900, 154
Trd, 000127.333, 144.0
Trd, 000127.783, 149
Trd, 000127.950, 153
Trd, 000128.600, 148.0
Trd, 000129.400, 154
Trd, 000131.000, 152
Trd, 000131.417, 150.0
Trd, 000131.633, 152
Trd, 000131.650, 149
Trd, 000132.117, 162
Trd, 000132.133, 151.0
Trd, 000132.317, 147
Trd, 000133.100, 170
Trd, 000133.817, 169
Trd, 000134.383, 167
Trd, 000134.833, 169
Trd, 000135.900, 170
Trd, 000135.983, 159.0
Trd, 000137.733, 161
Trd, 000137.850, 170.0
Trd, 000137.900, 160
Trd, 000138.800, 168
Trd, 000139.500, 161.0
Trd, 000139.883, 162
Trd, 000140.367, 168
Trd, 000141.483, 162
Trd, 000141.633, 166
Trd, 000141.683, 167
Trd, 000141.800, 161
Trd, 000141.983, 161
Trd, 000142.833, 155.0
Trd, 000143.617, 160
Trd, 000143.700, 160
Trd, 000144.133, 165
Trd, 000145.183, 151.0
Trd, 000145.467, 166
Trd, 000146.317, 149
Trd, 000148.033, 147
Trd, 000148.767, 148.0
Trd, 000149.200, 160
Trd, 000150.050, 154
Trd, 000150.467, 157
Trd, 000150.550, 158
Trd, 000150.983, 155
Trd, 000151.383, 154
Trd, 000152.533, 155.0
Trd, 000152.850, 154
Trd, 000152.900, 154
Trd, 000153.850, 154
Trd, 000154.800, 152
Trd, 000155.600, 166
Trd, 000156.000, 152.0
Trd, 000156.017, 151.0
Trd, 000156.300, 159
Trd, 000156.400, 160
Trd, 000156.433, 147
Trd, 000156.733, 160
Trd, 000157.750, 154
Trd, 000158.700, 153
Trd, 000159.133, 146
Trd, 000159.617, 142.0
Trd, 000159.933, 143.0
Trd, 000160.100, 144.0
Trd, 000160.167, 142.0
Trd, 000160.650, 148.0
Trd, 000160.967, 148
Trd, 000161.283, 147
Trd, 000161.733, 155
Trd, 000162.167, 147
Trd, 000163.900, 162
Trd, 000165.117, 155
Trd, 000165.400, 152
Trd, 000165.417, 150
Trd, 000166.000, 164
Trd, 000166.267, 163
Trd, 000166.367, 165
Trd, 000166.800, 165
Trd, 000166.867, 162
Trd, 000168.383, 164
Trd, 000169.400, 157
Trd, 000169.583, 157
Trd, 000170.150, 162
Trd, 000170.667, 159
Trd, 000170.683, 155.0
Trd, 000170.800, 151.0
Trd, 000171.033, 163
Trd, 000171.650, 162
Trd, 000172.600, 156
Trd, 000173.167, 154
Trd, 000173.517, 147
Trd, 000174.617, 147.0
Trd, 000174.650, 148.0
Trd, 000175.117, 155
Trd, 000175.200, 154
Trd, 000175.267, 168
Trd, 000176.550, 153
Trd, 000177.350, 153.0
Trd, 000178.133, 147
Trd, 000178.633, 151
Trd, 000178.767, 150
Trd, 000178.900, 146
Trd, 000180.433, 153
Trd, 000181.283, 152
Trd, 000181.567, 152
Trd, 000181.600, 151
Trd, 000181.817, 155
Trd, 000181.833, 168
Trd, 000182.150, 154
Trd, 000182.317, 149
Trd, 000182.633, 148
Trd, 000183.367, 169
Trd, 000183.467, 147
Trd, 000183.600, 137.0
Trd, 000183.900, 163
Trd, 000183.983, 172.0
Trd, 000185.333, 147.0
Trd, 000185.967, 148.0
Trd, 000185.983, 147
Trd, 000187.367, 149
Trd, 000187.550, 154
Trd, 000187.833, 172
Trd, 000187.850, 148
Trd, 000188.450, 147
Trd, 000188.800, 147
Trd, 000189.283, 147.0
Trd, 000189.700, 148.0
Trd, 000190.567, 150
Trd, 000190.983, 151
Trd, 000191.750, 156
Trd, 000192.267, 156
Trd, 000192.600, 152
Trd, 000192.917, 155
Trd, 000193.133, 157
Trd, 000193.633, 150
Trd, 000193.850, 147
Trd, 000194.867, 147
Trd, 000196.167, 148
Trd, 000196.750, 150
Trd, 000196.867, 159
Trd, 000199.167, 151
Trd, 000199.517, 152
Trd, 000199.933, 151.0
Trd, 000200.150, 154
Trd, 000200.250, 151
Trd, 000201.000, 151
Trd, 000201.200, 147
Trd, 000201.617, 147
Trd, 000202.450, 144.0
Trd, 000203.133, 150
Trd, 000203.583, 149
Trd, 000203.917, 150
Trd, 000204.383, 149
Trd, 000204.450, 172.0
Trd, 000204.867, 178
Trd, 000204.900, 153
Trd, 000205.567, 154
Trd, 000206.450, 133
Trd, 000207.917, 143.0
Trd, 000208.250, 147
Trd, 000209.700, 142.0
Trd, 000210.250, 141.0
Trd, 000210.283, 137.0
Trd, 000210.300, 142.0
Trd, 000210.417, 143
Trd, 000211.950, 144.0
Trd, 000212.167, 144
Trd, 000212.233, 148.0
Trd, 000212.550, 143
Trd, 000212.600, 154
Trd, 000213.217, 144
Trd, 000214.600, 144
Trd, 000214.867, 146
Trd, 000215.133, 147
Trd, 000215.233, 145
Trd, 000216.000, 148.0
Trd, 000216.667, 145
Trd, 000216.733, 156
Trd, 000217.050, 151.0
Trd, 000217.433, 174
Trd, 000217.550, 179
Trd, 000219.500, 155
Trd, 000221.617, 157.0
Trd, 000222.550, 159
Trd, 000222.667, 158
Trd, 000222.933, 156
Trd, 000223.350, 156
Trd, 000224.183, 156
Trd, 000224.317, 155.0
Trd, 000224.367, 157
Trd, 000224.867, 152.0
Trd, 000225.533, 154
Trd, 000226.400, 152
Trd, 000227.833, 150
Trd, 000227.933, 154
Trd, 000228.267, 152
Trd, 000228.850, 151.0
Trd, 000228.900, 151
Trd, 000229.000, 147
Trd, 000229.217, 153
Trd, 000229.400, 154
Trd, 000230.900, 144.0
Trd, 000232.217, 154
Trd, 000232.383, 150
Trd, 000233.300, 156
Trd, 000233.333, 155.0
Trd, 000234.000, 152
Trd, 000235.150, 151.0
Trd, 000235.383, 152
Trd, 000235.967, 150
Trd, 000236.017, 155
Trd, 000236.483, 154
Trd, 000237.633, 153
Trd, 000238.050, 152
Trd, 000238.517, 152
Trd, 000238.700, 152
Trd, 000239.550, 153
Trd, 000240.367, 152.0
Trd, 000240.633, 154.0
Trd, 000241.000, 155
Trd, 000241.083, 162.0
Trd, 000241.300, 153.0
Trd, 000241.850, 151.0
Trd, 000242.417, 152
Trd, 000242.767, 163
Trd, 000243.233, 166
Trd, 000244.083, 153
Trd, 000244.383, 155
Trd, 000244.817, 153
Trd, 000245.633, 157
Trd, 000245.850, 152
Trd, 000245.883, 151.0
Trd, 000246.100, 149
Trd, 000246.500, 147
Trd, 000246.967, 144.0
Trd, 000247.000, 149
Trd, 000247.550, 147
Trd, 000247.783, 146
Trd, 000248.383, 144
Trd, 000249.200, 145.0
Trd, 000249.617, 148.0
Trd, 000249.683, 145.0
Trd, 000249.967, 147
Trd, 000250.150, 154
Trd, 000250.900, 147
Trd, 000251.267, 146
Trd, 000251.683, 141.0
Trd, 000252.000, 146
Trd, 000253.250, 149
Trd, 000253.900, 151
Trd, 000253.983, 149
Trd, 000254.017, 147
Trd, 000254.250, 146
Trd, 000255.200, 147
Trd, 000255.633, 150
Trd, 000256.017, 152
Trd, 000256.350, 154
Trd, 000256.617, 152
Trd, 000256.750, 154
Trd, 000256.833, 145
Trd, 000257.233, 154
Trd, 000257.683, 155
Trd, 000257.750, 153
Trd, 000258.050, 161.0
Trd, 000258.367, 162.0
Trd, 000259.633, 154
Trd, 000260.500, 161
Trd, 000260.933, 153
Trd, 000260.967, 151
Trd, 000261.217, 151.0
Trd, 000261.983, 158
Trd, 000262.017, 163
Trd, 000262.183, 154
Trd, 000262.467, 146
Trd, 000262.817, 144.0
Trd, 000263.600, 143.0
Trd, 000264.417, 142.0
Trd, 000264.533, 142.0
Trd, 000264.617, 144.0
Trd, 000264.917, 148.0
Trd, 000265.767, 146
Trd, 000265.933, 148
Trd, 000266.617, 155
Trd, 000266.883, 147
Trd, 000267.333, 151
Trd, 000268.617, 153
Trd, 000268.950, 152
Trd, 000269.000, 155
Trd, 000269.517, 158
Trd, 000270.633, 155
Trd, 000270.683, 153
Trd, 000270.733, 151
Trd, 000271.583, 151.0
Trd, 000272.317, 148.0
Trd, 000272.467, 153
Trd, 000272.633, 148
Trd, 000272.917, 149
Trd, 000272.983, 154
Trd, 000273.017, 155
Trd, 000273.433, 147
Trd, 000273.733, 142
Trd, 000274.150, 146
Trd, 000274.483, 144.0
Trd, 000275.733, 146
Trd, 000275.800, 149
Trd, 000275.817, 155
Trd, 000276.467, 144.0
Trd, 000276.817, 159.0
Trd, 000276.950, 145
Trd, 000278.233, 146
Trd, 000278.333, 146
Trd, 000278.567, 147
Trd, 000278.717, 144
Trd, 000278.767, 152
Trd, 000278.917, 148.0
Trd, 000278.967, 142.0
Trd, 000279.100, 162.0
Trd, 000279.883, 143
Trd, 000280.133, 155
Trd, 000281.117, 143
Trd, 000281.367, 144.0
Trd, 000282.133, 145
Trd, 000282.167, 146
Trd, 000282.250, 144
Trd, 000283.100, 144
Trd, 000284.333, 144
Trd, 000284.900, 144
Trd, 000285.133, 143
Trd, 000285.633, 145.0
Trd, 000285.833, 145
Trd, 000285.867, 147.0
Trd, 000286.283, 146.0
Trd, 000286.300, 144
Trd, 000286.333, 148.0
Trd, 000286.517, 153
Trd, 000286.633, 142
Trd, 000286.867, 158
Trd, 000287.483, 153
Trd, 000287.500, 146
Trd, 000288.067, 147
Trd, 000288.500, 146
Trd, 000288.550, 145
Trd, 000289.367, 146.0
Trd, 000289.617, 141.0
Trd, 000290.217, 134.0
Trd, 000290.617, 148.0
Trd, 000291.217, 146
Trd, 000291.333, 142
Trd, 000291.783, 142
Trd, 000291.883, 143.0
Trd, 000292.483, 144
Trd, 000293.200, 143.0
Trd, 000293.417, 139
Trd, 000293.533, 142.0
Trd, 000294.533, 139
Trd, 000295.100, 141.0
Trd, 000295.583, 141
Trd, 000295.700, 141
Trd, 000295.950, 142.0
Trd, 000296.767, 143.0
Trd, 000297.267, 146
Trd, 000297.600, 145
Trd, 000297.883, 144
Trd, 000298.183, 146.0
Trd, 000298.883, 145
Trd, 000299.167, 145.0
Trd, 000299.683, 148.0
