Trd, 000005.283, 162.0
Trd, 000005.300, 164.0
Trd, 000005.333, 161.0
Trd, 000005.433, 160.0
Trd, 000005.767, 158.0
Trd, 000006.033, 155.0
Trd, 000006.400, 161
Trd, 000007.133, 158
Trd, 000007.250, 150
Trd, 000009.533, 147
Trd, 000010.300, 155.0
Trd, 000010.700, 148
Trd, 000011.567, 153
Trd, 000012.717, 152
Trd, 000012.933, 150
Trd, 000013.533, 152
Trd, 000013.900, 152
Trd, 000014.050, 162
Trd, 000014.150, 165.0
Trd, 000014.500, 159
Trd, 000015.200, 155
Trd, 000015.717, 155
Trd, 000015.850, 156
Trd, 000017.250, 156
Trd, 000017.350, 157
Trd, 000018.050, 158
Trd, 000018.983, 158
Trd, 000019.217, 156.0
Trd, 000019.367, 158
Trd, 000019.450, 159
Trd, 000020.783, 155.0
Trd, 000022.683, 151
Trd, 000023.683, 158
Trd, 000024.717, 157
Trd, 000025.533, 153
Trd, 000025.583, 149
Trd, 000026.617, 156
Trd, 000026.700, 146
Trd, 000026.867, 157
Trd, 000027.683, 155.0
Trd, 000028.850, 156
Trd, 000029.017, 155
Trd, 000030.133, 150
Trd, 000030.217, 155
Trd, 000030.267, 155
Trd, 000031.500, 152
Trd, 000031.717, 154
Trd, 000032.117, 155
Trd, 000033.050, 160
Trd, 000033.300, 156
Trd, 000033.833, 161
Trd, 000035.433, 148
Trd, 000036.167, 157
Trd, 000036.333, 157
Trd, 000037.033, 157
Trd, 000037.750, 155.0
Trd, 000038.467, 156
Trd, 000039.783, 149
Trd, 000039.917, 154
Trd, 000040.150, 137.0
Trd, 000040.250, 154
Trd, 000040.717, 159
Trd, 000041.083, 162
Trd, 000043.250, 153
Trd, 000043.400, 152
Trd, 000044.233, 154
Trd, 000044.533, 154
Trd, 000044.800, 151
Trd, 000045.167, 147
Trd, 000045.883, 153
Trd, 000048.017, 147
Trd, 000048.700, 148
Trd, 000048.717, 153
Trd, 000050.050, 156
Trd, 000050.550, 155
Trd, 000050.833, 158
Trd, 000051.533, 157
Trd, 000051.750, 155.0
Trd, 000052.083, 147
Trd, 000052.100, 159
Trd, 000052.567, 148
Trd, 000053.300, 158
Trd, 000055.367, 149
Trd, 000056.250, 146
Trd, 000056.767, 150
Trd, 000057.700, 151
Trd, 000058.500, 154
Trd, 000058.900, 162
Trd, 000060.333, 155.0
Trd, 000061.567, 154
Trd, 000062.150, 152
Trd, 000063.033, 153
Trd, 000063.367, 153
Trd, 000063.533, 148
Trd, 000064.150, 154
Trd, 000064.683, 147
Trd, 000065.467, 155
Trd, 000065.817, 160
Trd, 000066.567, 160
Trd, 000068.400, 155
Trd, 000068.467, 155.0
Trd, 000069.267, 150
Trd, 000069.283, 154
Trd, 000071.383, 150
Trd, 000072.383, 151
Trd, 000072.750, 150
Trd, 000073.233, 151
Trd, 000073.900, 151
Trd, 000075.050, 150
Trd, 000075.100, 153
Trd, 000075.717, 151
Trd, 000076.050, 150
Trd, 000077.000, 155
Trd, 000077.183, 150
Trd, 000078.000, 149
Trd, 000078.617, 150
Trd, 000078.983, 150
Trd, 000079.150, 148
Trd, 000079.350, 153
Trd, 000080.033, 146
Trd, 000081.000, 151
Trd, 000081.233, 147
Trd, 000082.950, 148
Trd, 000083.017, 147
Trd, 000084.067, 148
Trd, 000084.300, 149
Trd, 000084.600, 151
Trd, 000084.850, 154
Trd, 000086.800, 151
Trd, 000088.717, 151
Trd, 000090.400, 151
Trd, 000090.700, 151
Trd, 000090.833, 152
Trd, 000091.183, 155
Trd, 000091.750, 150
Trd, 000092.817, 153
Trd, 000093.300, 134.0
Trd, 000093.750, 152
Trd, 000094.233, 155
Trd, 000095.183, 151
Trd, 000095.417, 148
Trd, 000095.733, 152
Trd, 000096.900, 160
Trd, 000097.533, 162
Trd, 000098.767, 156
Trd, 000099.217, 157
Trd, 000100.050, 157
Trd, 000100.433, 156.0
Trd, 000100.600, 155.0
Trd, 000100.883, 150
Trd, 000101.500, 152
Trd, 000101.733, 147
Trd, 000102.783, 154
Trd, 000103.367, 157
Trd, 000103.717, 147
Trd, 000104.317, 141
Trd, 000104.400, 161
Trd, 000105.183, 157
Trd, 000106.067, 162
Trd, 000106.600, 158
Trd, 000107.200, 159
Trd, 000107.833, 158
Trd, 000107.867, 159
Trd, 000108.550, 156.0
Trd, 000110.483, 157
Trd, 000110.767, 155.0
Trd, 000111.550, 150
Trd, 000111.800, 154
Trd, 000112.167, 147
Trd, 000113.233, 155
Trd, 000114.467, 150
Trd, 000114.800, 148
Trd, 000115.433, 145
Trd, 000115.483, 147
Trd, 000116.250, 150
Trd, 000116.450, 151
Trd, 000117.367, 162
Trd, 000118.783, 133.0
Trd, 000119.533, 134.0
Trd, 000119.733, 160
Trd, 000119.917, 153
Trd, 000121.500, 155
Trd, 000122.933, 148
Trd, 000122.983, 147
Trd, 000123.533, 147
Trd, 000123.767, 145
Trd, 000123.933, 154
Trd, 000124.567, 152
Trd, 000124.650, 154
Trd, 000125.150, 146
Trd, 000125.300, 155
Trd, 000127.667, 152
Trd, 000127.767, 150
Trd, 000127.933, 147
Trd, 000128.300, 145
Trd, 000128.850, 145
Trd, 000130.200, 151
Trd, 000130.917, 145
Trd, 000130.983, 146
Trd, 000131.767, 146
Trd, 000132.200, 155
Trd, 000133.167, 161
Trd, 000133.483, 153
Trd, 000134.567, 152
Trd, 000135.083, 153
Trd, 000135.600, 152
Trd, 000135.833, 151
Trd, 000136.633, 155
Trd, 000136.850, 162
Trd, 000136.983, 165.0
Trd, 000137.017, 154
Trd, 000138.983, 159
Trd, 000139.000, 156
Trd, 000140.683, 155.0
Trd, 000141.400, 155
Trd, 000141.633, 154
Trd, 000142.167, 155
Trd, 000142.917, 154
Trd, 000143.533, 156
Trd, 000144.250, 161
Trd, 000145.033, 161
Trd, 000146.200, 158
Trd, 000146.650, 150
Trd, 000146.683, 147
Trd, 000147.300, 158
Trd, 000147.950, 141
Trd, 000149.383, 157
Trd, 000149.600, 158
Trd, 000150.717, 158.0
Trd, 000151.300, 157.0
Trd, 000151.883, 155.0
Trd, 000152.383, 150
Trd, 000152.550, 156
Trd, 000153.117, 147
Trd, 000153.583, 152
Trd, 000155.283, 153
Trd, 000155.517, 154
Trd, 000156.050, 155
Trd, 000156.300, 149
Trd, 000156.933, 155.0
Trd, 000157.033, 157
Trd, 000158.167, 156
Trd, 000159.100, 159
Trd, 000159.967, 152
Trd, 000161.300, 158
Trd, 000161.467, 157
Trd, 000161.533, 155
Trd, 000162.183, 155.0
Trd, 000162.550, 151
Trd, 000162.850, 157
Trd, 000163.583, 157
Trd, 000163.867, 142
Trd, 000164.300, 151
Trd, 000164.400, 145
Trd, 000165.650, 140
Trd, 000165.767, 149
Trd, 000166.467, 142.0
Trd, 000167.750, 146
Trd, 000167.883, 126
Trd, 000168.417, 151
Trd, 000168.633, 162
Trd, 000169.783, 155
Trd, 000170.317, 137.0
Trd, 000171.267, 154
Trd, 000171.567, 152
Trd, 000172.100, 153
Trd, 000173.300, 153
Trd, 000173.533, 149
Trd, 000174.050, 150
Trd, 000174.067, 149
Trd, 000174.450, 151
Trd, 000174.733, 147
Trd, 000175.150, 155
Trd, 000175.533, 137.0
Trd, 000175.650, 162
Trd, 000178.183, 141
Trd, 000178.600, 147
Trd, 000178.933, 139
Trd, 000178.983, 149
Trd, 000179.300, 152
Trd, 000179.983, 134
Trd, 000180.650, 137
Trd, 000180.733, 143
Trd, 000181.433, 148
Trd, 000182.133, 163
Trd, 000183.117, 146
Trd, 000183.300, 161.0
Trd, 000183.600, 162.0
Trd, 000184.000, 143
Trd, 000185.300, 155.0
Trd, 000185.367, 141
Trd, 000186.483, 156
Trd, 000187.050, 142
Trd, 000187.517, 162
Trd, 000188.217, 143
Trd, 000189.317, 150
Trd, 000190.300, 144
Trd, 000190.683, 146
Trd, 000190.733, 142
Trd, 000190.750, 148
Trd, 000192.750, 146
Trd, 000193.050, 149
Trd, 000193.133, 143
Trd, 000194.433, 151
Trd, 000194.633, 155
Trd, 000194.817, 162
Trd, 000197.500, 155
Trd, 000197.783, 154
Trd, 000198.833, 153
Trd, 000199.000, 155
Trd, 000199.350, 156
Trd, 000199.667, 158
Trd, 000200.217, 150
Trd, 000200.717, 156
Trd, 000201.117, 156.0
Trd, 000202.167, 155.0
Trd, 000203.250, 155
Trd, 000204.367, 157
Trd, 000204.717, 155.0
Trd, 000204.733, 154
Trd, 000205.567, 152
Trd, 000205.850, 153
Trd, 000206.250, 150
Trd, 000206.317, 153
Trd, 000206.800, 154
Trd, 000207.533, 153
Trd, 000207.933, 155
Trd, 000208.133, 162
Trd, 000210.650, 154
Trd, 000211.350, 162
Trd, 000211.550, 161
Trd, 000211.817, 151
Trd, 000212.467, 162
Trd, 000212.800, 137.0
Trd, 000213.317, 146
Trd, 000214.700, 145
Trd, 000214.800, 151
Trd, 000215.833, 148
Trd, 000216.517, 148
Trd, 000217.200, 149
Trd, 000217.400, 155
Trd, 000218.183, 153
Trd, 000218.233, 148
Trd, 000220.117, 148
Trd, 000221.900, 153
Trd, 000222.467, 151
Trd, 000222.617, 152
Trd, 000222.683, 153
Trd, 000222.833, 155
Trd, 000222.867, 151
Trd, 000223.150, 163
Trd, 000224.200, 155
Trd, 000224.667, 155
Trd, 000226.167, 153
Trd, 000226.317, 151
Trd, 000226.500, 149
Trd, 000227.167, 147
Trd, 000227.917, 151
Trd, 000228.467, 150
Trd, 000228.583, 151
Trd, 000229.767, 149
Trd, 000229.783, 150
Trd, 000230.400, 149
Trd, 000230.550, 151
Trd, 000231.667, 154
Trd, 000231.683, 148
Trd, 000232.167, 150
Trd, 000232.183, 152
Trd, 000233.983, 155
Trd, 000234.883, 156
Trd, 000235.483, 158
Trd, 000235.767, 157
Trd, 000236.083, 159
Trd, 000236.333, 150
Trd, 000238.033, 157
Trd, 000238.083, 158
Trd, 000238.333, 158
Trd, 000239.000, 162
Trd, 000239.617, 165.0
Trd, 000241.083, 164
Trd, 000241.433, 163.0
Trd, 000241.533, 162.0
Trd, 000241.750, 168.0
Trd, 000242.517, 158.0
Trd, 000242.600, 161
Trd, 000244.067, 161
Trd, 000245.017, 158.0
Trd, 000245.233, 160
Trd, 000246.267, 159
Trd, 000246.450, 159.0
Trd, 000247.033, 159
Trd, 000247.100, 158.0
Trd, 000247.300, 160
Trd, 000247.617, 154
Trd, 000247.983, 155
Trd, 000248.500, 151
Trd, 000249.083, 155
Trd, 000249.133, 155
Trd, 000249.633, 156
Trd, 000250.600, 156
Trd, 000250.983, 162
Trd, 000251.883, 159
Trd, 000251.950, 158
Trd, 000252.533, 157
Trd, 000253.933, 156
Trd, 000254.683, 157
Trd, 000254.700, 156
Trd, 000254.900, 158
Trd, 000255.567, 158
Trd, 000255.850, 155.0
Trd, 000256.233, 155
Trd, 000257.150, 150
Trd, 000257.350, 155
Trd, 000257.717, 149
Trd, 000258.667, 151
Trd, 000259.017, 151
Trd, 000259.367, 147
Trd, 000260.467, 146
Trd, 000261.033, 150
Trd, 000261.167, 151
Trd, 000261.300, 155
Trd, 000262.067, 149.0
Trd, 000262.450, 149.0
Trd, 000263.733, 152.0
Trd, 000263.833, 152.0
Trd, 000264.017, 155.0
Trd, 000264.367, 152.0
Trd, 000265.383, 158
Trd, 000265.617, 155.0
Trd, 000265.750, 158
Trd, 000265.983, 150
Trd, 000267.283, 151
Trd, 000267.483, 143.0
Trd, 000267.700, 155
Trd, 000268.217, 151
Trd, 000268.367, 152
Trd, 000268.817, 150
Trd, 000269.133, 155
Trd, 000269.383, 157
Trd, 000269.967, 148
Trd, 000270.383, 155
Trd, 000271.400, 153
Trd, 000271.467, 154
Trd, 000271.667, 155
Trd, 000272.183, 150
Trd, 000272.333, 148
Trd, 000273.083, 154
Trd, 000273.500, 154
Trd, 000273.650, 156
Trd, 000274.883, 159
Trd, 000275.000, 162
Trd, 000275.050, 165.0
Trd, 000275.250, 148
Trd, 000275.517, 148
Trd, 000276.617, 158.0
Trd, 000276.833, 157.0
Trd, 000276.967, 155.0
Trd, 000277.867, 155.0
Trd, 000277.917, 147
Trd, 000278.333, 155
Trd, 000278.533, 159
Trd, 000278.883, 158
Trd, 000279.767, 157
Trd, 000279.933, 159
Trd, 000280.133, 145.0
Trd, 000280.533, 135
Trd, 000280.617, 134
Trd, 000281.267, 146
Trd, 000281.683, 153
Trd, 000282.267, 150
Trd, 000283.250, 147
Trd, 000283.500, 147
Trd, 000283.733, 149
Trd, 000284.067, 155
Trd, 000284.817, 161
Trd, 000285.200, 156
Trd, 000285.317, 156
Trd, 000285.950, 160
Trd, 000286.033, 158
Trd, 000286.900, 150
Trd, 000288.167, 151
Trd, 000288.383, 157
Trd, 000288.417, 162
Trd, 000288.733, 165.0
Trd, 000288.783, 168.0
Trd, 000289.050, 164
Trd, 000289.283, 158.0
Trd, 000289.483, 172.0
Trd, 000290.517, 179.0
Trd, 000290.967, 166.0
Trd, 000291.117, 165.0
Trd, 000291.200, 155.0
Trd, 000291.250, 149
Trd, 000291.900, 139
Trd, 000292.867, 146
Trd, 000293.617, 149
Trd, 000294.000, 147
Trd, 000294.600, 148
Trd, 000295.100, 148
Trd, 000295.150, 146
Trd, 000295.333, 151
Trd, 000295.633, 145
Trd, 000296.500, 137.0
Trd, 000296.533, 150
Trd, 000297.050, 134.0
Trd, 000297.100, 151
Trd, 000297.950, 155
Trd, 000298.033, 126
Trd, 000298.417, 162
Trd, 000298.800, 137
Trd, 000298.933, 165.0
Trd, 000299.100, 168.0
Trd, 000299.167, 172
Trd, 000299.333, 138
Trd, 000299.450, 172.0
Trd, 000299.633, 166
