Trd, 000001.250, 186
Trd, 000001.350, 148.0
Trd, 000002.100, 137
Trd, 000003.167, 127.0
Trd, 000003.400, 131.0
Trd, 000003.833, 148.0
Trd, 000004.133, 149.0
Trd, 000004.517, 151.0
Trd, 000005.217, 145
Trd, 000005.617, 145
Trd, 000005.700, 142
Trd, 000007.100, 152
Trd, 000008.350, 147
Trd, 000008.550, 149
Trd, 000009.117, 146
Trd, 000009.250, 151
Trd, 000010.200, 145
Trd, 000010.500, 145
Trd, 000010.883, 149
Trd, 000011.317, 148.0
Trd, 000011.950, 147
Trd, 000012.100, 155
Trd, 000012.550, 149
Trd, 000012.567, 148
Trd, 000013.017, 149
Trd, 000014.567, 147
Trd, 000014.917, 151.0
Trd, 000015.583, 150
Trd, 000016.217, 151
Trd, 000016.500, 150
Trd, 000016.800, 147
Trd, 000017.667, 152
Trd, 000017.983, 155
Trd, 000018.033, 150
Trd, 000018.200, 154
Trd, 000018.800, 151
Trd, 000019.783, 151
Trd, 000019.983, 152
Trd, 000020.433, 154
Trd, 000021.150, 153
Trd, 000021.533, 150
Trd, 000021.567, 148.0
Trd, 000022.917, 148
Trd, 000023.533, 151
Trd, 000024.150, 151
Trd, 000024.233, 150
Trd, 000024.500, 150
Trd, 000024.883, 150
Trd, 000025.267, 152
Trd, 000025.983, 154
Trd, 000026.300, 155
Trd, 000027.283, 155
Trd, 000027.417, 153
Trd, 000027.800, 152.0
Trd, 000028.200, 149
Trd, 000028.250, 151.0
Trd, 000029.083, 153
Trd, 000029.950, 152
Trd, 000030.367, 151
Trd, 000030.783, 149
Trd, 000032.417, 152
Trd, 000032.617, 152
Trd, 000033.417, 152.0
Trd, 000033.617, 153
Trd, 000034.683, 150
Trd, 000035.250, 151
Trd, 000035.967, 151
Trd, 000036.067, 150
Trd, 000036.100, 151
Trd, 000036.483, 148.0
Trd, 000036.583, 146
Trd, 000037.367, 149
Trd, 000037.400, 151
Trd, 000038.633, 150
Trd, 000039.817, 150.0
Trd, 000040.400, 155.0
Trd, 000040.500, 149
Trd, 000041.617, 148.0
Trd, 000042.000, 153.0
Trd, 000042.617, 141
Trd, 000043.367, 151.0
Trd, 000045.383, 144
Trd, 000045.633, 146
Trd, 000045.767, 144
Trd, 000045.933, 146
Trd, 000046.750, 145
Trd, 000046.900, 144
Trd, 000047.400, 147
Trd, 000047.617, 146
Trd, 000048.583, 142
Trd, 000049.567, 153
Trd, 000049.867, 152
Trd, 000051.917, 151.0
Trd, 000052.000, 149
Trd, 000053.067, 149
Trd, 000053.233, 149
Trd, 000053.617, 155
Trd, 000054.133, 149
Trd, 000054.317, 156.0
Trd, 000054.600, 149
Trd, 000054.867, 158.0
Trd, 000055.433, 163
Trd, 000055.733, 165
Trd, 000056.917, 149.0
Trd, 000057.800, 149.0
Trd, 000058.400, 153
Trd, 000058.783, 153
Trd, 000059.583, 152
Trd, 000059.750, 153
Trd, 000060.317, 149
Trd, 000060.600, 151
Trd, 000061.817, 153
Trd, 000062.200, 150
Trd, 000063.150, 152
Trd, 000063.350, 152
Trd, 000064.067, 153
Trd, 000064.183, 152
Trd, 000064.583, 148.0
Trd, 000065.733, 150
Trd, 000065.950, 151
Trd, 000067.233, 143
Trd, 000067.783, 148.0
Trd, 000068.283, 148
Trd, 000068.650, 139
Trd, 000069.150, 143
Trd, 000069.317, 147
Trd, 000071.017, 145
Trd, 000071.567, 142
Trd, 000072.783, 151.0
Trd, 000073.017, 154.0
Trd, 000073.567, 144
Trd, 000073.833, 142
Trd, 000074.283, 147
Trd, 000074.933, 147
Trd, 000075.267, 147
Trd, 000075.633, 148
Trd, 000077.000, 144
Trd, 000077.467, 151
Trd, 000077.567, 152
Trd, 000078.417, 151
Trd, 000078.517, 154
Trd, 000080.050, 155
Trd, 000080.517, 155
Trd, 000081.583, 156.0
Trd, 000081.767, 155
Trd, 000082.050, 156.0
Trd, 000082.717, 158.0
Trd, 000083.183, 171
Trd, 000083.633, 172
Trd, 000084.383, 172
Trd, 000084.400, 163.0
Trd, 000086.083, 162.0
Trd, 000088.150, 155
Trd, 000088.400, 153
Trd, 000088.600, 153
Trd, 000088.867, 150
Trd, 000089.300, 150
Trd, 000089.500, 134
Trd, 000090.350, 150
Trd, 000090.650, 153
Trd, 000090.817, 148.0
Trd, 000091.333, 137.0
Trd, 000091.767, 148
Trd, 000093.933, 143
Trd, 000094.167, 146
Trd, 000094.383, 146
Trd, 000094.867, 145
Trd, 000094.900, 146
Trd, 000095.667, 147
Trd, 000095.850, 143
Trd, 000095.917, 146
Trd, 000095.950, 142
Trd, 000095.967, 137.0
Trd, 000096.633, 147
Trd, 000096.717, 155
Trd, 000097.033, 140
Trd, 000097.567, 152
Trd, 000098.683, 152
Trd, 000099.083, 151
Trd, 000100.133, 150
Trd, 000100.217, 150
Trd, 000100.300, 153
Trd, 000100.383, 149
Trd, 000100.783, 158.0
Trd, 000101.733, 154
Trd, 000102.067, 155
Trd, 000102.200, 156
Trd, 000103.117, 151
Trd, 000103.833, 154
Trd, 000103.883, 148.0
Trd, 000105.050, 150
Trd, 000106.067, 151
Trd, 000106.233, 150
Trd, 000106.467, 150
Trd, 000106.833, 151
Trd, 000107.517, 149
Trd, 000107.950, 149
Trd, 000108.850, 150
Trd, 000109.500, 150.0
Trd, 000109.917, 149
Trd, 000110.217, 151.0
Trd, 000112.150, 152
Trd, 000112.817, 152
Trd, 000114.417, 148.0
Trd, 000114.800, 146
Trd, 000115.367, 147
Trd, 000115.533, 145
Trd, 000115.767, 150
Trd, 000116.650, 143
Trd, 000117.467, 143
Trd, 000118.017, 148.0
Trd, 000118.617, 148
Trd, 000119.433, 149
Trd, 000120.000, 147
Trd, 000120.667, 147
Trd, 000120.833, 147
Trd, 000121.083, 146
Trd, 000122.200, 147
Trd, 000123.667, 149
Trd, 000124.467, 149
Trd, 000124.617, 149.0
Trd, 000124.933, 148.0
Trd, 000125.533, 151.0
Trd, 000125.617, 155
Trd, 000126.000, 153
Trd, 000126.733, 152
Trd, 000127.600, 150
Trd, 000128.133, 153
Trd, 000128.183, 154.0
Trd, 000129.733, 157.0
Trd, 000130.117, 155
Trd, 000130.783, 155
Trd, 000131.300, 155.0
Trd, 000132.367, 154
Trd, 000133.433, 149.0
Trd, 000134.183, 149
Trd, 000134.250, 158.0
Trd, 000134.317, 159
Trd, 000135.133, 157
Trd, 000135.267, 151
Trd, 000136.600, 156
Trd, 000136.750, 155
Trd, 000136.817, 154
Trd, 000137.833, 148.0
Trd, 000137.917, 141.0
Trd, 000138.167, 137.0
Trd, 000138.483, 147
Trd, 000138.967, 131
Trd, 000139.050, 130
Trd, 000139.750, 147
Trd, 000140.083, 147
Trd, 000142.783, 141
Trd, 000143.033, 137
Trd, 000143.967, 140.0
Trd, 000144.150, 141.0
Trd, 000144.217, 143.0
Trd, 000145.117, 142
Trd, 000145.167, 144.0
Trd, 000145.350, 140
Trd, 000145.533, 151.0
Trd, 000145.600, 139
Trd, 000146.833, 148
Trd, 000147.600, 155
Trd, 000147.850, 155
Trd, 000148.967, 148.0
Trd, 000149.017, 149
Trd, 000149.667, 143
Trd, 000149.717, 149
Trd, 000151.317, 151.0
Trd, 000151.833, 147
Trd, 000152.083, 155.0
Trd, 000152.833, 155
Trd, 000154.300, 151
Trd, 000154.700, 152.0
Trd, 000154.767, 149
Trd, 000155.917, 150
Trd, 000156.817, 155
Trd, 000157.850, 155
Trd, 000158.167, 155
Trd, 000158.600, 157.0
Trd, 000158.783, 153
Trd, 000159.317, 143
Trd, 000160.017, 147
Trd, 000160.117, 156
Trd, 000160.517, 153
Trd, 000161.017, 152
Trd, 000161.900, 155
Trd, 000162.117, 158.0
Trd, 000162.700, 152.0
Trd, 000163.267, 151.0
Trd, 000164.633, 149
Trd, 000164.733, 149
Trd, 000164.917, 151
Trd, 000165.800, 150
Trd, 000166.017, 149
Trd, 000166.833, 148.0
Trd, 000167.717, 152
Trd, 000168.467, 147
Trd, 000168.733, 150
Trd, 000169.900, 148.0
Trd, 000170.417, 149
Trd, 000170.433, 150
Trd, 000171.300, 155
Trd, 000172.433, 154
Trd, 000173.100, 154
Trd, 000173.250, 155
Trd, 000173.700, 155
Trd, 000173.967, 152
Trd, 000174.783, 153.0
Trd, 000175.350, 152
Trd, 000175.517, 151
Trd, 000175.933, 151
Trd, 000176.717, 149.0
Trd, 000177.583, 148.0
Trd, 000177.950, 147
Trd, 000179.283, 147
Trd, 000180.233, 148
Trd, 000180.317, 150
Trd, 000181.233, 147
Trd, 000181.367, 146
Trd, 000181.883, 146
Trd, 000181.983, 151.0
Trd, 000182.633, 158.0
Trd, 000183.517, 149
Trd, 000184.400, 149
Trd, 000184.483, 148
Trd, 000184.650, 147
Trd, 000184.733, 139
Trd, 000185.400, 147
Trd, 000186.433, 142
Trd, 000187.050, 143
Trd, 000187.450, 155
Trd, 000188.133, 155.0
Trd, 000188.483, 141
Trd, 000188.500, 155.0
Trd, 000189.467, 141.0
Trd, 000189.600, 147
Trd, 000190.450, 147
Trd, 000191.017, 151.0
Trd, 000191.383, 141
Trd, 000191.533, 156
Trd, 000192.350, 139.0
Trd, 000192.900, 152.0
Trd, 000192.967, 153.0
Trd, 000194.017, 149
Trd, 000194.183, 151
Trd, 000195.083, 149
Trd, 000195.867, 151
Trd, 000195.967, 151.0
Trd, 000196.600, 155
Trd, 000197.267, 148.0
Trd, 000197.367, 155
Trd, 000197.817, 147
Trd, 000199.533, 145
Trd, 000199.717, 137.0
Trd, 000201.117, 149
Trd, 000201.333, 150.0
Trd, 000201.683, 151.0
Trd, 000202.350, 152
Trd, 000202.767, 153
Trd, 000202.850, 154
Trd, 000202.883, 154
Trd, 000203.017, 155
Trd, 000203.550, 149.0
Trd, 000203.650, 153
Trd, 000203.817, 152
Trd, 000204.283, 152
Trd, 000204.317, 151
Trd, 000205.633, 150
Trd, 000206.450, 148.0
Trd, 000207.117, 149
Trd, 000207.650, 148
Trd, 000208.117, 148
Trd, 000208.700, 150.0
Trd, 000210.233, 145
Trd, 000210.267, 148
Trd, 000211.100, 149
Trd, 000211.617, 148.0
Trd, 000213.867, 146
Trd, 000213.950, 150.0
Trd, 000214.767, 150
Trd, 000214.850, 148
Trd, 000215.067, 149.0
Trd, 000215.917, 148.0
Trd, 000215.933, 151
Trd, 000216.083, 155
Trd, 000216.383, 158.0
Trd, 000216.683, 148
Trd, 000216.983, 148
Trd, 000218.550, 153
Trd, 000219.383, 152
Trd, 000219.533, 153
Trd, 000220.183, 155
Trd, 000220.567, 155
Trd, 000221.117, 150
Trd, 000221.983, 151
Trd, 000223.033, 151
Trd, 000223.750, 151.0
Trd, 000223.883, 148.0
Trd, 000224.600, 152
Trd, 000225.167, 152
Trd, 000225.967, 153
Trd, 000227.567, 152
Trd, 000228.067, 152
Trd, 000228.333, 151
Trd, 000228.517, 150
Trd, 000229.917, 150
Trd, 000230.267, 149.0
Trd, 000230.767, 149.0
Trd, 000231.767, 148
Trd, 000233.950, 140
Trd, 000233.983, 138
Trd, 000234.183, 137.0
Trd, 000234.217, 134.0
Trd, 000234.233, 138
Trd, 000235.083, 141.0
Trd, 000235.317, 141
Trd, 000236.233, 151.0
Trd, 000236.517, 155
Trd, 000237.217, 149
Trd, 000238.267, 153.0
Trd, 000239.033, 152
Trd, 000239.267, 147
Trd, 000239.667, 152.0
Trd, 000240.750, 149
Trd, 000240.967, 153
Trd, 000241.183, 151
Trd, 000241.633, 154
Trd, 000242.083, 150
Trd, 000242.400, 150
Trd, 000242.617, 154
Trd, 000242.867, 158.0
Trd, 000243.017, 151.0
Trd, 000243.883, 149
Trd, 000244.000, 156
Trd, 000244.283, 155
Trd, 000244.633, 156
Trd, 000246.150, 157
Trd, 000246.333, 158.0
Trd, 000246.933, 158.0
Trd, 000247.050, 157
Trd, 000247.983, 155
Trd, 000248.267, 155
Trd, 000248.867, 152
Trd, 000249.317, 151
Trd, 000250.017, 150.0
Trd, 000250.083, 151
Trd, 000251.050, 151
Trd, 000251.317, 155
Trd, 000251.533, 154
Trd, 000252.433, 149
Trd, 000252.917, 149
Trd, 000252.933, 150
Trd, 000253.283, 144.0
Trd, 000254.683, 149.0
Trd, 000255.050, 150
Trd, 000255.333, 153
Trd, 000255.567, 152
Trd, 000256.050, 152
Trd, 000256.450, 151.0
Trd, 000256.533, 148.0
Trd, 000256.550, 147
Trd, 000256.933, 148
Trd, 000257.567, 148
Trd, 000257.650, 147
Trd, 000258.267, 151.0
Trd, 000259.017, 154.0
Trd, 000259.950, 152
Trd, 000260.217, 154
Trd, 000260.733, 155
Trd, 000260.800, 152
Trd, 000261.717, 153
Trd, 000262.000, 156
Trd, 000262.117, 158.0
Trd, 000262.200, 151.0
Trd, 000263.267, 154
Trd, 000263.583, 148.0
Trd, 000263.683, 144.0
Trd, 000263.983, 148.0
Trd, 000264.217, 149
Trd, 000264.750, 150
Trd, 000265.017, 165
Trd, 000265.083, 151
Trd, 000265.350, 150
Trd, 000265.367, 149
Trd, 000267.283, 140
Trd, 000268.067, 139
Trd, 000268.883, 144
Trd, 000269.017, 145
Trd, 000269.250, 142.0
Trd, 000269.700, 141.0
Trd, 000269.867, 151
Trd, 000269.967, 157
Trd, 000270.567, 153
Trd, 000271.067, 158
Trd, 000271.333, 148.0
Trd, 000271.583, 146
Trd, 000271.617, 147
Trd, 000272.733, 145
Trd, 000273.150, 144
Trd, 000273.600, 151.0
Trd, 000273.867, 148
Trd, 000274.017, 156
Trd, 000274.333, 148.0
Trd, 000274.417, 158.0
Trd, 000274.667, 134.0
Trd, 000275.883, 148
Trd, 000276.117, 144
Trd, 000276.217, 149
Trd, 000276.550, 150
Trd, 000276.667, 147
Trd, 000277.250, 146.0
Trd, 000277.333, 151.0
Trd, 000277.467, 144.0
Trd, 000277.650, 151
Trd, 000278.317, 137.0
Trd, 000278.467, 140.0
Trd, 000278.750, 141.0
Trd, 000279.517, 144
Trd, 000279.850, 144
Trd, 000280.217, 145
Trd, 000280.417, 158.0
Trd, 000281.617, 155
Trd, 000281.850, 155
Trd, 000282.167, 154
Trd, 000283.050, 154
Trd, 000283.300, 154
Trd, 000284.017, 153
Trd, 000284.117, 156
Trd, 000284.200, 157.0
Trd, 000284.900, 152
Trd, 000284.917, 157.0
Trd, 000285.350, 152.0
Trd, 000285.733, 149
Trd, 000286.233, 151
Trd, 000286.333, 158
Trd, 000286.667, 148.0
Trd, 000287.033, 141.0
Trd, 000288.100, 143
Trd, 000288.500, 141.0
Trd, 000288.833, 153.0
Trd, 000288.933, 155.0
Trd, 000289.367, 158.0
Trd, 000289.667, 154
Trd, 000290.233, 159
Trd, 000290.250, 155
Trd, 000291.167, 155
Trd, 000291.600, 148.0
Trd, 000291.617, 155
Trd, 000292.183, 152.0
Trd, 000292.567, 151.0
Trd, 000293.167, 149
Trd, 000293.383, 141.0
Trd, 000293.833, 144
Trd, 000294.167, 146
Trd, 000294.350, 147
Trd, 000294.433, 144
Trd, 000294.833, 158
Trd, 000295.300, 140
Trd, 000295.467, 137.0
Trd, 000296.017, 135.0
Trd, 000296.300, 152
Trd, 000296.583, 156.0
Trd, 000297.000, 146
Trd, 000297.550, 137.0
Trd, 000297.950, 157.0
Trd, 000299.233, 157
Trd, 000299.400, 156
Trd, 000299.417, 152
Trd, 000299.750, 151.0
Trd, 000299.817, 138
Trd, 000299.933, 152
