Trd, 000001.650, 200.0
Trd, 000002.933, 153
Trd, 000003.783, 155
Trd, 000004.117, 144.0
Trd, 000004.600, 153
Trd, 000004.717, 147
Trd, 000005.517, 158.0
Trd, 000006.350, 155
Trd, 000006.433, 168.0
Trd, 000008.433, 156
Trd, 000009.317, 154
Trd, 000010.033, 156
Trd, 000010.417, 156
Trd, 000010.483, 155
Trd, 000010.500, 154
Trd, 000010.550, 148
Trd, 000012.167, 155
Trd, 000012.350, 168.0
Trd, 000013.133, 157
Trd, 000013.400, 156
Trd, 000013.600, 159
Trd, 000014.733, 155
Trd, 000015.667, 156
Trd, 000015.700, 157
Trd, 000016.250, 157
Trd, 000016.417, 158.0
Trd, 000016.850, 156
Trd, 000016.883, 157
Trd, 000017.233, 168.0
Trd, 000018.383, 157
Trd, 000019.683, 162
Trd, 000020.833, 160
Trd, 000021.983, 158.0
Trd, 000023.017, 157
Trd, 000023.100, 157
Trd, 000023.400, 158
Trd, 000024.100, 158
Trd, 000024.367, 158
Trd, 000024.733, 159
Trd, 000025.133, 157
Trd, 000026.000, 161
Trd, 000026.033, 159
Trd, 000026.350, 157
Trd, 000026.817, 157
Trd, 000027.033, 157
Trd, 000028.100, 155
Trd, 000028.983, 157
Trd, 000029.383, 156
Trd, 000029.683, 157
Trd, 000029.950, 154
Trd, 000030.083, 152
Trd, 000030.317, 158
Trd, 000030.517, 158.0
Trd, 000031.050, 153
Trd, 000032.100, 154
Trd, 000032.283, 158
Trd, 000032.633, 158.0
Trd, 000033.967, 156
Trd, 000034.300, 156
Trd, 000034.567, 155
Trd, 000034.700, 158
Trd, 000035.533, 156
Trd, 000036.367, 158
Trd, 000036.800, 154
Trd, 000037.917, 156
Trd, 000038.050, 158
Trd, 000038.117, 156
Trd, 000038.283, 154
Trd, 000039.400, 153
Trd, 000040.200, 156
Trd, 000040.617, 152
Trd, 000041.233, 148
Trd, 000041.600, 151
Trd, 000042.317, 156
Trd, 000044.283, 155
Trd, 000044.733, 153
Trd, 000044.917, 155
Trd, 000045.400, 153
Trd, 000045.583, 152
Trd, 000045.867, 151
Trd, 000046.317, 149
Trd, 000046.867, 154
Trd, 000049.067, 154
Trd, 000049.167, 154
Trd, 000049.383, 158.0
Trd, 000049.533, 153
Trd, 000049.900, 157
Trd, 000050.000, 152
Trd, 000051.000, 151
Trd, 000051.800, 150
Trd, 000052.283, 156
Trd, 000053.250, 153
Trd, 000054.067, 152
Trd, 000054.417, 153
Trd, 000054.583, 148
Trd, 000055.733, 152
Trd, 000055.933, 155
Trd, 000056.350, 158.0
Trd, 000056.950, 164.0
Trd, 000057.517, 156
Trd, 000058.300, 161.0
Trd, 000059.733, 160
Trd, 000060.200, 160
Trd, 000060.250, 168.0
Trd, 000061.167, 167
Trd, 000061.183, 166
Trd, 000061.833, 165
Trd, 000062.000, 175
Trd, 000062.917, 165
Trd, 000063.233, 162
Trd, 000063.967, 160
Trd, 000064.000, 161
Trd, 000064.517, 148
Trd, 000066.483, 157
Trd, 000066.983, 147
Trd, 000067.550, 144.0
Trd, 000068.017, 154
Trd, 000068.433, 153
Trd, 000068.600, 154
Trd, 000069.017, 154
Trd, 000070.633, 151
Trd, 000070.817, 150
Trd, 000071.467, 152
Trd, 000072.133, 152
Trd, 000072.767, 153
Trd, 000073.317, 153
Trd, 000074.383, 151
Trd, 000074.600, 153
Trd, 000075.317, 152
Trd, 000075.533, 158.0
Trd, 000076.417, 168.0
Trd, 000077.133, 160
Trd, 000078.033, 161
Trd, 000078.500, 161
Trd, 000078.617, 160
Trd, 000079.233, 160
Trd, 000079.717, 159
Trd, 000079.783, 161
Trd, 000079.867, 161
Trd, 000080.167, 158
Trd, 000081.067, 158
Trd, 000082.133, 158
Trd, 000083.083, 159
Trd, 000083.233, 158
Trd, 000083.433, 160
Trd, 000083.450, 157
Trd, 000083.567, 157
Trd, 000084.033, 160
Trd, 000085.217, 161
Trd, 000085.350, 159
Trd, 000085.933, 160
Trd, 000086.900, 160
Trd, 000087.583, 161
Trd, 000087.900, 161
Trd, 000088.800, 150
Trd, 000089.233, 162
Trd, 000090.167, 159
Trd, 000090.233, 159
Trd, 000090.600, 161
Trd, 000090.650, 175.0
Trd, 000092.917, 164
Trd, 000092.933, 162
Trd, 000093.583, 164
Trd, 000093.883, 166
Trd, 000095.367, 164
Trd, 000095.950, 166
Trd, 000096.233, 165
Trd, 000096.367, 167.0
Trd, 000097.667, 164
Trd, 000097.817, 165
Trd, 000097.933, 165
Trd, 000098.700, 163
Trd, 000099.200, 162
Trd, 000100.317, 166
Trd, 000101.033, 164
Trd, 000101.633, 161
Trd, 000101.667, 166
Trd, 000101.933, 147
Trd, 000102.300, 161
Trd, 000102.683, 157
Trd, 000102.750, 165
Trd, 000102.967, 165
Trd, 000103.550, 157
Trd, 000103.917, 156
Trd, 000106.217, 158
Trd, 000106.283, 157
Trd, 000106.317, 158
Trd, 000106.433, 157
Trd, 000107.017, 156
Trd, 000108.333, 168
Trd, 000108.667, 163
Trd, 000109.417, 165
Trd, 000110.050, 165
Trd, 000110.217, 165.0
Trd, 000110.667, 167
Trd, 000111.183, 164
Trd, 000111.467, 166
Trd, 000112.050, 146
Trd, 000112.333, 167
Trd, 000112.383, 168
Trd, 000113.367, 165
Trd, 000113.717, 164
Trd, 000114.433, 163
Trd, 000115.150, 162
Trd, 000116.417, 157
Trd, 000117.300, 155
Trd, 000117.317, 152
Trd, 000117.783, 155
Trd, 000118.000, 153
Trd, 000118.817, 154
Trd, 000118.867, 144.0
Trd, 000119.483, 151
Trd, 000119.917, 145
Trd, 000120.767, 151
Trd, 000121.267, 143.0
Trd, 000122.150, 148
Trd, 000122.683, 149
Trd, 000123.950, 145
Trd, 000125.167, 144
Trd, 000125.400, 148
Trd, 000125.883, 147
Trd, 000126.867, 148.0
Trd, 000127.150, 158.0
Trd, 000127.533, 147
Trd, 000127.750, 168
Trd, 000128.283, 147
Trd, 000128.650, 159
Trd, 000129.017, 149
Trd, 000130.433, 153
Trd, 000131.783, 154
Trd, 000133.017, 154
Trd, 000134.200, 155
Trd, 000134.467, 155
Trd, 000134.650, 154
Trd, 000135.617, 155
Trd, 000136.033, 155
Trd, 000136.767, 158.0
Trd, 000137.667, 153
Trd, 000137.933, 153
Trd, 000138.467, 155
Trd, 000138.517, 156
Trd, 000138.567, 158.0
Trd, 000138.917, 168.0
Trd, 000139.467, 162
Trd, 000139.717, 155
Trd, 000140.967, 159
Trd, 000142.067, 158
Trd, 000142.700, 159
Trd, 000143.183, 159
Trd, 000143.767, 158
Trd, 000143.867, 157
Trd, 000144.083, 156
Trd, 000144.733, 159
Trd, 000145.483, 159
Trd, 000146.033, 160
Trd, 000146.550, 161
Trd, 000146.733, 160
Trd, 000146.750, 159
Trd, 000147.633, 168.0
Trd, 000147.983, 162
Trd, 000148.583, 164
Trd, 000149.767, 163
Trd, 000150.383, 163
Trd, 000150.583, 162
Trd, 000151.083, 162
Trd, 000151.883, 160
Trd, 000151.933, 147
Trd, 000153.250, 154
Trd, 000153.833, 157
Trd, 000154.583, 157
Trd, 000154.717, 158
Trd, 000155.100, 158
Trd, 000156.183, 158
Trd, 000157.483, 160
Trd, 000157.867, 168.0
Trd, 000158.700, 166
Trd, 000159.950, 165
Trd, 000160.200, 166
Trd, 000160.367, 162
Trd, 000161.317, 164
Trd, 000161.433, 162
Trd, 000161.750, 164
Trd, 000162.567, 164
Trd, 000162.933, 165
Trd, 000163.317, 164
Trd, 000163.333, 166
Trd, 000163.583, 164
Trd, 000163.700, 166
Trd, 000163.750, 163
Trd, 000163.933, 162
Trd, 000164.400, 170
Trd, 000166.300, 150
Trd, 000166.950, 151
Trd, 000168.183, 151
Trd, 000168.250, 150
Trd, 000168.817, 150
Trd, 000169.283, 155
Trd, 000169.433, 152
Trd, 000170.183, 150
Trd, 000170.650, 154
Trd, 000171.017, 152
Trd, 000171.367, 151
Trd, 000171.483, 172
Trd, 000172.667, 154
Trd, 000173.700, 172.0
Trd, 000173.717, 174.0
Trd, 000174.000, 157
Trd, 000174.267, 165
Trd, 000174.283, 156
Trd, 000174.917, 153
Trd, 000175.733, 148
Trd, 000177.000, 155
Trd, 000177.750, 156
Trd, 000177.767, 157
Trd, 000179.733, 156
Trd, 000180.350, 155
Trd, 000180.867, 156
Trd, 000181.250, 157
Trd, 000181.950, 156
Trd, 000182.100, 155
Trd, 000182.117, 154
Trd, 000182.600, 158
Trd, 000183.000, 158
Trd, 000184.117, 158
Trd, 000184.517, 158
Trd, 000185.267, 162.0
Trd, 000185.467, 158
Trd, 000186.383, 159
Trd, 000186.633, 159
Trd, 000186.667, 161
Trd, 000188.600, 159
Trd, 000188.867, 159
Trd, 000190.300, 158
Trd, 000190.550, 157
Trd, 000190.767, 147
Trd, 000191.083, 159
Trd, 000191.300, 159
Trd, 000192.067, 153
Trd, 000193.100, 157
Trd, 000193.300, 158
Trd, 000193.850, 155
Trd, 000194.200, 157
Trd, 000194.583, 155
Trd, 000195.733, 155
Trd, 000197.333, 154
Trd, 000199.217, 154
Trd, 000199.350, 152
Trd, 000199.467, 154
Trd, 000201.150, 153
Trd, 000201.700, 153
Trd, 000202.000, 154
Trd, 000202.433, 150
Trd, 000202.500, 150
Trd, 000203.217, 151
Trd, 000204.283, 154
Trd, 000204.500, 154
Trd, 000204.750, 154
Trd, 000206.000, 155
Trd, 000206.600, 154
Trd, 000206.950, 153
Trd, 000208.167, 154
Trd, 000208.333, 155
Trd, 000208.717, 158.0
Trd, 000209.417, 158
Trd, 000209.967, 162
Trd, 000210.933, 165.0
Trd, 000211.117, 163
Trd, 000211.350, 161
Trd, 000211.733, 167
Trd, 000212.317, 163
Trd, 000212.783, 163
Trd, 000213.100, 163
Trd, 000213.450, 168.0
Trd, 000213.900, 174.0
Trd, 000216.000, 168
Trd, 000216.617, 164
Trd, 000217.133, 165
Trd, 000217.633, 165
Trd, 000217.717, 163
Trd, 000217.917, 163
Trd, 000218.350, 164
Trd, 000219.117, 165
Trd, 000219.350, 151
Trd, 000219.567, 172
Trd, 000220.683, 158
Trd, 000220.867, 164
Trd, 000221.433, 162
Trd, 000221.967, 161
Trd, 000222.150, 162
Trd, 000222.500, 154
Trd, 000222.533, 144.0
Trd, 000223.067, 141.0
Trd, 000223.783, 154
Trd, 000224.300, 157
Trd, 000224.383, 158.0
Trd, 000224.833, 156
Trd, 000226.017, 158
Trd, 000226.550, 159
Trd, 000226.900, 160
Trd, 000227.917, 157
Trd, 000228.233, 157
Trd, 000228.933, 160
Trd, 000230.000, 158
Trd, 000230.400, 158.0
Trd, 000230.733, 159
Trd, 000230.933, 158
Trd, 000231.383, 158
Trd, 000232.150, 156
Trd, 000232.300, 152
Trd, 000232.400, 149
Trd, 000232.933, 159
Trd, 000233.250, 151
Trd, 000234.400, 151
Trd, 000235.100, 150
Trd, 000235.217, 149
Trd, 000235.833, 153
Trd, 000236.083, 155
Trd, 000236.933, 156
Trd, 000238.267, 153
Trd, 000238.833, 155
Trd, 000239.250, 154
Trd, 000240.200, 153
Trd, 000240.250, 156
Trd, 000240.700, 152
Trd, 000240.967, 154.0
Trd, 000241.300, 154.0
Trd, 000242.383, 153
Trd, 000243.017, 151
Trd, 000243.783, 152
Trd, 000243.950, 154
Trd, 000243.967, 155
Trd, 000245.117, 154
Trd, 000245.433, 155.0
Trd, 000245.767, 153
Trd, 000245.983, 153
Trd, 000247.483, 153
Trd, 000247.617, 154
Trd, 000247.967, 152
Trd, 000248.050, 153
Trd, 000248.933, 153
Trd, 000249.333, 152
Trd, 000249.633, 151
Trd, 000249.717, 151
Trd, 000249.917, 153
Trd, 000251.100, 153
Trd, 000251.617, 153
Trd, 000251.933, 151
Trd, 000252.183, 150
Trd, 000252.333, 153
Trd, 000253.133, 158.0
Trd, 000254.200, 153
Trd, 000254.317, 152
Trd, 000254.417, 152
Trd, 000255.183, 151
Trd, 000255.867, 150
Trd, 000255.883, 152
Trd, 000256.383, 150
Trd, 000256.567, 154
Trd, 000257.150, 150
Trd, 000257.800, 149
Trd, 000258.483, 147
Trd, 000258.783, 141.0
Trd, 000259.033, 148
Trd, 000259.983, 145
Trd, 000260.117, 143
Trd, 000261.333, 146
Trd, 000261.583, 146
Trd, 000261.617, 148.0
Trd, 000261.833, 144.0
Trd, 000261.917, 147
Trd, 000262.800, 155
Trd, 000262.817, 147
Trd, 000263.017, 147
Trd, 000263.833, 146
Trd, 000263.867, 145
Trd, 000265.200, 148
Trd, 000265.300, 147
Trd, 000265.667, 147
Trd, 000266.083, 154.0
Trd, 000267.467, 152
Trd, 000268.000, 150
Trd, 000268.517, 150
Trd, 000268.700, 148
Trd, 000270.583, 148
Trd, 000270.867, 147
Trd, 000270.883, 149
Trd, 000272.033, 146
Trd, 000272.133, 149
Trd, 000272.733, 155
Trd, 000273.000, 152
Trd, 000273.567, 147
Trd, 000274.517, 156.0
Trd, 000275.233, 153
Trd, 000275.267, 150
Trd, 000275.867, 149
Trd, 000276.100, 150
Trd, 000276.850, 149
Trd, 000276.883, 148
Trd, 000277.017, 156
Trd, 000277.433, 149
Trd, 000277.600, 156
Trd, 000277.900, 149
Trd, 000278.583, 144.0
Trd, 000279.317, 147
Trd, 000279.900, 146
Trd, 000280.917, 145
Trd, 000280.967, 150
Trd, 000281.300, 145
Trd, 000282.100, 147
Trd, 000282.517, 145
Trd, 000282.783, 144
Trd, 000282.800, 144
Trd, 000282.967, 141.0
Trd, 000284.450, 145.0
Trd, 000284.483, 148
Trd, 000284.717, 158.0
Trd, 000284.867, 144.0
Trd, 000285.150, 144
Trd, 000285.417, 143
Trd, 000285.933, 152
Trd, 000286.150, 152
Trd, 000286.717, 143
Trd, 000287.033, 153
Trd, 000287.433, 155
Trd, 000287.750, 145
Trd, 000289.483, 147
Trd, 000289.933, 152
Trd, 000290.183, 157
Trd, 000291.050, 152
Trd, 000291.350, 152
Trd, 000291.433, 153
Trd, 000292.200, 161.0
Trd, 000292.500, 151
Trd, 000292.517, 162.0
Trd, 000292.717, 150
Trd, 000292.883, 168.0
Trd, 000292.900, 148
Trd, 000293.033, 147
Trd, 000293.483, 145
Trd, 000293.750, 144.0
Trd, 000294.633, 151
Trd, 000294.700, 143.0
Trd, 000295.100, 143.0
Trd, 000295.983, 145
Trd, 000296.083, 145
Trd, 000296.167, 144
Trd, 000296.233, 150
Trd, 000296.683, 151
Trd, 000296.983, 144.0
Trd, 000297.350, 153
Trd, 000297.433, 162.0
Trd, 000297.700, 148
Trd, 000298.333, 146
Trd, 000298.783, 145
Trd, 000298.867, 144.0
Trd, 000299.550, 155
Trd, 000299.600, 143
Trd, 000299.967, 144.0
