Trd, 000003.183, 114
Trd, 000004.050, 144.0
Trd, 000004.233, 151.0
Trd, 000004.717, 159
Trd, 000005.083, 151
Trd, 000005.950, 152
Trd, 000005.983, 159
Trd, 000006.000, 165
Trd, 000006.583, 166
Trd, 000007.100, 151.0
Trd, 000007.200, 137
Trd, 000007.467, 134.0
Trd, 000007.767, 135
Trd, 000007.950, 126
Trd, 000009.200, 148
Trd, 000009.333, 155
Trd, 000010.367, 172.0
Trd, 000010.417, 134
Trd, 000010.633, 174.0
Trd, 000011.917, 152
Trd, 000012.067, 151.0
Trd, 000014.467, 154
Trd, 000014.867, 143
Trd, 000015.233, 153
Trd, 000015.583, 156
Trd, 000016.300, 153
Trd, 000016.983, 153
Trd, 000017.283, 175.0
Trd, 000018.317, 153
Trd, 000018.950, 158.0
Trd, 000019.383, 156
Trd, 000020.717, 156
Trd, 000020.833, 159
Trd, 000021.367, 156
Trd, 000022.567, 156
Trd, 000023.417, 158
Trd, 000024.433, 158
Trd, 000024.917, 157
Trd, 000025.400, 156
Trd, 000025.867, 156
Trd, 000026.267, 158
Trd, 000026.583, 159
Trd, 000026.817, 160
Trd, 000026.833, 155
Trd, 000027.817, 141.0
Trd, 000028.617, 159
Trd, 000029.817, 158.0
Trd, 000030.317, 155
Trd, 000030.667, 141.0
Trd, 000031.367, 141.0
Trd, 000031.400, 144.0
Trd, 000031.850, 151.0
Trd, 000032.417, 158.0
Trd, 000032.433, 136.0
Trd, 000033.033, 158
Trd, 000033.050, 157
Trd, 000033.317, 156
Trd, 000033.667, 155
Trd, 000035.517, 159
Trd, 000035.683, 171.0
Trd, 000036.433, 155
Trd, 000036.483, 155
Trd, 000036.917, 156
Trd, 000037.300, 138
Trd, 000037.567, 141.0
Trd, 000038.467, 156
Trd, 000038.950, 172.0
Trd, 000039.000, 148
Trd, 000039.383, 148
Trd, 000040.050, 167
Trd, 000041.033, 153
Trd, 000042.217, 156
Trd, 000042.550, 155
Trd, 000043.433, 158.0
Trd, 000044.433, 160
Trd, 000045.183, 158
Trd, 000045.267, 159
Trd, 000045.300, 157
Trd, 000046.333, 157
Trd, 000046.367, 158
Trd, 000046.433, 151.0
Trd, 000046.683, 141.0
Trd, 000046.717, 134.0
Trd, 000048.350, 146
Trd, 000048.817, 159
Trd, 000049.517, 159.0
Trd, 000051.650, 165
Trd, 000052.650, 165
Trd, 000053.267, 166
Trd, 000053.567, 168.0
Trd, 000053.683, 164
Trd, 000054.217, 160
Trd, 000054.300, 165
Trd, 000054.833, 158.0
Trd, 000055.767, 161
Trd, 000057.333, 163
Trd, 000059.250, 161
Trd, 000059.583, 161
Trd, 000060.300, 159
Trd, 000060.367, 164
Trd, 000060.467, 142.0
Trd, 000060.950, 141.0
Trd, 000061.350, 154
Trd, 000061.417, 155
Trd, 000061.817, 155
Trd, 000062.417, 151.0
Trd, 000062.867, 147
Trd, 000063.033, 146
Trd, 000064.917, 152
Trd, 000064.967, 153
Trd, 000065.483, 156
Trd, 000065.550, 157
Trd, 000066.533, 154
Trd, 000067.350, 170.0
Trd, 000067.650, 152
Trd, 000068.150, 151.0
Trd, 000070.367, 158
Trd, 000070.917, 154
Trd, 000071.183, 157
Trd, 000071.333, 153
Trd, 000071.367, 152
Trd, 000071.650, 156
Trd, 000073.100, 158.0
Trd, 000073.917, 158
Trd, 000074.550, 157
Trd, 000075.267, 170.0
Trd, 000075.867, 174.0
Trd, 000076.667, 173.0
Trd, 000077.483, 171
Trd, 000077.583, 161
Trd, 000077.617, 161
Trd, 000078.083, 165
Trd, 000078.633, 161
Trd, 000079.900, 165
Trd, 000081.050, 161.0
Trd, 000082.283, 159
Trd, 000082.850, 159
Trd, 000083.850, 159.0
Trd, 000083.950, 158.0
Trd, 000085.017, 164
Trd, 000085.583, 151.0
Trd, 000085.817, 162
Trd, 000086.283, 144.0
Trd, 000086.400, 155
Trd, 000087.333, 161
Trd, 000087.767, 158.0
Trd, 000088.517, 157
Trd, 000088.683, 160
Trd, 000089.483, 155
Trd, 000089.567, 172.0
Trd, 000089.867, 154
Trd, 000090.417, 169
Trd, 000093.250, 161
Trd, 000093.317, 151.0
Trd, 000094.833, 160
Trd, 000095.200, 155
Trd, 000095.483, 154
Trd, 000096.583, 157
Trd, 000096.733, 156
Trd, 000096.817, 159
Trd, 000097.250, 156
Trd, 000097.367, 151.0
Trd, 000099.150, 151
Trd, 000100.250, 157
Trd, 000100.283, 150
Trd, 000100.733, 155
Trd, 000102.400, 160
Trd, 000103.117, 159
Trd, 000103.367, 158
Trd, 000104.133, 164
Trd, 000104.550, 163
Trd, 000105.250, 158.0
Trd, 000106.283, 152.0
Trd, 000106.583, 162
Trd, 000106.950, 152.0
Trd, 000108.017, 151.0
Trd, 000108.667, 152
Trd, 000108.900, 157
Trd, 000109.550, 155
Trd, 000109.617, 156
Trd, 000109.667, 151
Trd, 000110.767, 158.0
Trd, 000112.033, 172.0
Trd, 000113.517, 162
Trd, 000113.533, 159.0
Trd, 000114.050, 159.0
Trd, 000115.017, 162
Trd, 000115.583, 161
Trd, 000115.950, 161
Trd, 000118.167, 163
Trd, 000118.683, 160
Trd, 000118.733, 161
Trd, 000119.950, 159.0
Trd, 000120.267, 158.0
Trd, 000120.767, 151.0
Trd, 000121.383, 154
Trd, 000121.583, 153
Trd, 000121.917, 154
Trd, 000122.017, 157
Trd, 000122.067, 141.0
Trd, 000122.517, 142
Trd, 000123.433, 163
Trd, 000124.400, 157
Trd, 000125.617, 156
Trd, 000126.000, 162
Trd, 000126.267, 151.0
Trd, 000126.567, 158.0
Trd, 000126.933, 142.0
Trd, 000128.050, 156
Trd, 000128.300, 155
Trd, 000128.917, 158
Trd, 000129.717, 158.0
Trd, 000130.167, 155
Trd, 000130.300, 155
Trd, 000130.833, 159
Trd, 000131.133, 160
Trd, 000131.717, 153.0
Trd, 000132.133, 151.0
Trd, 000133.100, 170.0
Trd, 000133.567, 141
Trd, 000133.850, 129.0
Trd, 000134.633, 158
Trd, 000134.717, 128.0
Trd, 000135.017, 158.0
Trd, 000136.250, 153
Trd, 000136.417, 154
Trd, 000136.650, 151.0
Trd, 000136.667, 140
Trd, 000138.133, 161
Trd, 000138.550, 162
Trd, 000139.767, 161
Trd, 000140.717, 168
Trd, 000141.217, 163
Trd, 000142.100, 164
Trd, 000142.750, 159
Trd, 000143.233, 159
Trd, 000144.517, 158
Trd, 000144.933, 160
Trd, 000145.750, 158.0
Trd, 000146.167, 151.0
Trd, 000146.533, 148
Trd, 000147.950, 152
Trd, 000148.100, 150
Trd, 000148.333, 142.0
Trd, 000149.950, 152
Trd, 000150.300, 152
Trd, 000150.467, 153
Trd, 000150.533, 155
Trd, 000150.850, 146
Trd, 000151.000, 151.0
Trd, 000151.217, 146
Trd, 000151.850, 141.0
Trd, 000152.083, 124
Trd, 000153.333, 130
Trd, 000154.667, 147
Trd, 000155.283, 145
Trd, 000155.533, 147
Trd, 000155.600, 151.0
Trd, 000156.000, 172.0
Trd, 000156.017, 144
Trd, 000157.367, 146
Trd, 000158.383, 156
Trd, 000158.467, 158.0
Trd, 000158.817, 158
Trd, 000159.367, 160
Trd, 000159.483, 182.0
Trd, 000160.983, 171
Trd, 000162.300, 156
Trd, 000162.383, 157
Trd, 000162.917, 156
Trd, 000163.567, 156
Trd, 000164.117, 160
Trd, 000164.767, 155
Trd, 000165.333, 172.0
Trd, 000165.417, 175.0
Trd, 000166.517, 163
Trd, 000167.467, 163
Trd, 000167.900, 160
Trd, 000168.517, 166
Trd, 000169.067, 158.0
Trd, 000169.167, 151.0
Trd, 000169.900, 159
Trd, 000169.950, 160
Trd, 000170.717, 160
Trd, 000171.700, 164
Trd, 000172.267, 175.0
Trd, 000172.533, 182.0
Trd, 000173.567, 177
Trd, 000173.650, 175
Trd, 000173.750, 172
Trd, 000174.267, 171
Trd, 000174.833, 158.0
Trd, 000175.550, 160
Trd, 000175.600, 164
Trd, 000176.000, 160
Trd, 000176.050, 163
Trd, 000177.533, 178
Trd, 000177.683, 164
Trd, 000178.350, 160
Trd, 000178.767, 158.0
Trd, 000179.467, 166
Trd, 000179.683, 155
Trd, 000181.167, 164
Trd, 000181.200, 157
Trd, 000182.450, 158
Trd, 000182.883, 163
Trd, 000183.217, 158
Trd, 000183.600, 158
Trd, 000184.750, 158
Trd, 000185.317, 158.0
Trd, 000185.433, 151.0
Trd, 000185.583, 159
Trd, 000186.083, 174.0
Trd, 000186.600, 183
Trd, 000187.117, 167
Trd, 000187.583, 141.0
Trd, 000188.317, 158.0
Trd, 000188.517, 160
Trd, 000188.983, 159
Trd, 000189.067, 157
Trd, 000189.567, 134
Trd, 000189.700, 161
Trd, 000190.100, 134.0
Trd, 000190.867, 132
Trd, 000192.433, 156
Trd, 000194.067, 158
Trd, 000194.517, 160
Trd, 000195.450, 158
Trd, 000195.533, 158
Trd, 000196.017, 158.0
Trd, 000196.067, 159
Trd, 000196.450, 154
Trd, 000196.550, 159
Trd, 000197.600, 155
Trd, 000198.283, 160
Trd, 000199.267, 141.0
Trd, 000199.483, 134
Trd, 000200.750, 156
Trd, 000200.767, 172.0
Trd, 000200.800, 157
Trd, 000200.967, 167
Trd, 000201.800, 158.0
Trd, 000202.583, 157.0
Trd, 000202.617, 151.0
Trd, 000203.250, 161
Trd, 000203.800, 161
Trd, 000204.617, 158.0
Trd, 000204.933, 151.0
Trd, 000205.050, 159
Trd, 000205.950, 150
Trd, 000206.433, 151.0
Trd, 000206.867, 151
Trd, 000208.067, 152
Trd, 000209.033, 151.0
Trd, 000209.450, 155
Trd, 000210.000, 149
Trd, 000210.017, 156
Trd, 000210.100, 149
Trd, 000211.650, 141.0
Trd, 000212.983, 148
Trd, 000213.667, 149
Trd, 000214.450, 147
Trd, 000216.133, 141.0
Trd, 000216.600, 134.0
Trd, 000216.667, 147
Trd, 000216.733, 148
Trd, 000217.000, 150.0
Trd, 000217.683, 151.0
Trd, 000217.983, 156
Trd, 000218.700, 172.0
Trd, 000219.567, 152.0
Trd, 000219.850, 151.0
Trd, 000220.700, 141.0
Trd, 000221.267, 155
Trd, 000221.333, 156
Trd, 000221.767, 141.0
Trd, 000222.117, 151
Trd, 000222.800, 153
Trd, 000223.333, 157
Trd, 000223.700, 141.0
Trd, 000224.417, 158
Trd, 000225.167, 159
Trd, 000225.217, 171
Trd, 000226.133, 161.0
Trd, 000226.800, 161
Trd, 000227.083, 158.0
Trd, 000228.100, 134.0
Trd, 000228.350, 151
Trd, 000230.000, 152
Trd, 000230.083, 153
Trd, 000230.683, 151
Trd, 000230.967, 151.0
Trd, 000231.650, 151
Trd, 000231.733, 156
Trd, 000232.183, 157
Trd, 000232.633, 150
Trd, 000233.467, 158.0
Trd, 000233.950, 154.0
Trd, 000234.483, 155
Trd, 000235.683, 153.0
Trd, 000235.800, 153
Trd, 000236.283, 151.0
Trd, 000237.167, 155
Trd, 000237.200, 155
Trd, 000237.317, 154
Trd, 000238.500, 172.0
Trd, 000239.517, 156
Trd, 000240.667, 160
Trd, 000241.017, 161
Trd, 000241.033, 162.0
Trd, 000241.400, 159
Trd, 000241.417, 160.0
Trd, 000242.400, 158.0
Trd, 000242.583, 159.0
Trd, 000242.967, 157
Trd, 000242.983, 162.0
Trd, 000243.433, 155
Trd, 000244.100, 151.0
Trd, 000244.617, 150
Trd, 000245.317, 152
Trd, 000245.717, 152
Trd, 000245.783, 151.0
Trd, 000246.000, 148.0
Trd, 000246.417, 153
Trd, 000247.183, 153
Trd, 000247.683, 147
Trd, 000247.983, 156
Trd, 000248.083, 167
Trd, 000250.467, 155.0
Trd, 000250.533, 158.0
Trd, 000250.750, 160
Trd, 000251.267, 158.0
Trd, 000251.700, 156.0
Trd, 000251.767, 159
Trd, 000252.400, 156
Trd, 000252.483, 151.0
Trd, 000253.367, 158
Trd, 000253.800, 152
Trd, 000254.117, 152
Trd, 000254.250, 153
Trd, 000254.533, 152
Trd, 000255.350, 153
Trd, 000255.633, 151
Trd, 000255.800, 148.0
Trd, 000256.317, 152
Trd, 000256.333, 141.0
Trd, 000256.883, 149
Trd, 000257.300, 155
Trd, 000257.583, 160
Trd, 000257.700, 151
Trd, 000258.333, 154.0
Trd, 000258.650, 154.0
Trd, 000259.717, 150
Trd, 000259.983, 152.0
Trd, 000260.483, 149
Trd, 000261.150, 153.0
Trd, 000261.817, 152
Trd, 000262.750, 165.0
Trd, 000263.633, 158
Trd, 000264.183, 158.0
Trd, 000264.483, 159.0
Trd, 000264.883, 156
Trd, 000265.050, 153
Trd, 000265.533, 156
Trd, 000265.933, 153
Trd, 000266.150, 157
Trd, 000266.783, 155.0
Trd, 000267.217, 154
Trd, 000267.250, 154
Trd, 000267.383, 152.0
Trd, 000267.417, 157
Trd, 000267.933, 152
Trd, 000269.650, 157.0
Trd, 000269.800, 155.0
Trd, 000270.333, 154.0
Trd, 000270.833, 153.0
Trd, 000270.850, 151.0
Trd, 000271.683, 157
Trd, 000272.017, 148.0
Trd, 000272.650, 154
Trd, 000272.933, 148
Trd, 000273.450, 150
Trd, 000274.033, 140.0
Trd, 000274.100, 135.0
Trd, 000274.750, 133
Trd, 000274.967, 141.0
Trd, 000275.167, 147
Trd, 000276.083, 144
Trd, 000277.033, 156
Trd, 000277.383, 151.0
Trd, 000278.100, 149
Trd, 000278.567, 150.0
Trd, 000278.617, 148.0
Trd, 000278.633, 151.0
Trd, 000279.050, 151
Trd, 000279.900, 151.0
Trd, 000280.000, 151
Trd, 000280.083, 154
Trd, 000280.733, 151
Trd, 000281.833, 155
Trd, 000282.600, 151.0
Trd, 000282.700, 158
Trd, 000282.967, 164.0
Trd, 000283.133, 151
Trd, 000283.717, 151
Trd, 000284.300, 155.0
Trd, 000284.717, 151
Trd, 000284.983, 155
Trd, 000285.433, 160
Trd, 000286.283, 158.0
Trd, 000286.367, 148.0
Trd, 000287.033, 163
Trd, 000287.350, 158
Trd, 000287.700, 156.0
Trd, 000288.083, 162.0
Trd, 000289.633, 156
Trd, 000290.533, 156.0
Trd, 000291.133, 160
Trd, 000291.333, 158.0
Trd, 000291.383, 156
Trd, 000291.483, 164.0
Trd, 000291.517, 155.0
Trd, 000292.400, 154
Trd, 000292.450, 148.0
Trd, 000292.567, 141.0
Trd, 000293.767, 155.0
Trd, 000293.900, 154.0
Trd, 000294.350, 159
Trd, 000294.683, 153
Trd, 000294.783, 151.0
Trd, 000294.900, 149.0
Trd, 000295.117, 159
Trd, 000295.917, 159
Trd, 000296.683, 158.0
Trd, 000297.833, 156
Trd, 000297.950, 157
Trd, 000298.200, 156.0
Trd, 000298.367, 155.0
Trd, 000298.817, 166
Trd, 000299.467, 163
Trd, 000299.650, 158.0
