Trd, 000002.250, 106
Trd, 000002.600, 109
Trd, 000003.083, 124.0
Trd, 000003.383, 144.0
Trd, 000003.967, 154
Trd, 000004.633, 137.0
Trd, 000006.100, 143
Trd, 000006.383, 144
Trd, 000006.583, 145
Trd, 000007.250, 143
Trd, 000007.500, 148
Trd, 000008.517, 146
Trd, 000008.583, 145
Trd, 000009.383, 157
Trd, 000010.000, 154
Trd, 000010.117, 158.0
Trd, 000010.150, 147
Trd, 000011.117, 146
Trd, 000011.567, 145
Trd, 000011.933, 144
Trd, 000012.033, 150
Trd, 000012.200, 150
Trd, 000012.217, 143
Trd, 000012.517, 133
Trd, 000012.750, 131.0
Trd, 000013.767, 147
Trd, 000014.300, 129
Trd, 000015.050, 144
Trd, 000015.300, 141
Trd, 000015.350, 158.0
Trd, 000015.850, 165
Trd, 000016.233, 164
Trd, 000016.700, 158.0
Trd, 000017.117, 146
Trd, 000017.817, 163
Trd, 000018.400, 161
Trd, 000018.600, 155.0
Trd, 000018.783, 161
Trd, 000019.683, 157
Trd, 000020.017, 157
Trd, 000020.033, 147
Trd, 000020.667, 146
Trd, 000021.683, 154
Trd, 000022.783, 151
Trd, 000022.883, 150
Trd, 000022.950, 154
Trd, 000022.967, 158.0
Trd, 000023.917, 155
Trd, 000024.833, 149
Trd, 000025.450, 153
Trd, 000025.867, 153
Trd, 000025.900, 150
Trd, 000026.250, 155
Trd, 000026.467, 148
Trd, 000027.117, 147
Trd, 000027.433, 144
Trd, 000027.500, 153
Trd, 000029.817, 143
Trd, 000029.900, 143
Trd, 000030.100, 144.0
Trd, 000030.183, 143
Trd, 000030.250, 148
Trd, 000030.833, 143
Trd, 000031.300, 146
Trd, 000032.450, 145
Trd, 000032.617, 146
Trd, 000032.783, 155
Trd, 000033.050, 158.0
Trd, 000033.450, 169
Trd, 000034.033, 144
Trd, 000034.733, 146
Trd, 000034.750, 144
Trd, 000035.617, 144
Trd, 000035.917, 145
Trd, 000036.983, 153
Trd, 000037.217, 157
Trd, 000037.300, 144
Trd, 000037.650, 145
Trd, 000038.533, 146
Trd, 000038.750, 149
Trd, 000039.250, 144.0
Trd, 000039.583, 145
Trd, 000040.267, 147
Trd, 000040.483, 144
Trd, 000040.767, 144
Trd, 000041.333, 148
Trd, 000042.633, 146
Trd, 000042.800, 148
Trd, 000043.267, 145
Trd, 000044.000, 148
Trd, 000044.200, 149
Trd, 000044.900, 145
Trd, 000045.183, 150
Trd, 000045.333, 146
Trd, 000045.367, 155
Trd, 000045.617, 144
Trd, 000045.850, 144
Trd, 000045.917, 158.0
Trd, 000046.100, 162.0
Trd, 000046.317, 171
Trd, 000047.167, 144.0
Trd, 000047.683, 144
Trd, 000048.883, 144.0
Trd, 000048.917, 141.0
Trd, 000049.117, 147
Trd, 000049.467, 134
Trd, 000049.533, 133
Trd, 000049.950, 140
Trd, 000050.683, 137
Trd, 000051.067, 142
Trd, 000051.100, 149
Trd, 000051.133, 155
Trd, 000052.667, 150
Trd, 000053.633, 152
Trd, 000053.917, 151
Trd, 000054.050, 150
Trd, 000054.350, 149
Trd, 000054.383, 148
Trd, 000054.467, 147
Trd, 000055.117, 164
Trd, 000055.433, 162.0
Trd, 000056.983, 149
Trd, 000057.133, 156
Trd, 000058.200, 155
Trd, 000058.317, 150
Trd, 000058.883, 154
Trd, 000059.133, 150
Trd, 000060.150, 150
Trd, 000060.450, 150
Trd, 000060.900, 149
Trd, 000060.933, 154
Trd, 000061.017, 147
Trd, 000061.067, 156
Trd, 000061.233, 144
Trd, 000061.817, 158.0
Trd, 000062.283, 144
Trd, 000062.500, 143
Trd, 000063.067, 162.0
Trd, 000064.233, 150
Trd, 000065.433, 149
Trd, 000066.083, 150
Trd, 000066.333, 151
Trd, 000066.533, 152
Trd, 000066.617, 150
Trd, 000067.867, 147
Trd, 000068.250, 147
Trd, 000068.683, 147
Trd, 000069.000, 150
Trd, 000069.700, 145
Trd, 000070.283, 144
Trd, 000070.567, 145
Trd, 000070.667, 146
Trd, 000070.867, 145
Trd, 000071.300, 144.0
Trd, 000071.550, 146
Trd, 000071.700, 155
Trd, 000073.083, 144
Trd, 000073.200, 143
Trd, 000073.483, 151
Trd, 000074.200, 149
Trd, 000074.250, 142.0
Trd, 000074.633, 152
Trd, 000074.833, 142.0
Trd, 000075.067, 155
Trd, 000075.617, 141.0
Trd, 000076.500, 143.0
Trd, 000076.583, 144.0
Trd, 000077.583, 143
Trd, 000078.033, 144
Trd, 000079.083, 145
Trd, 000079.350, 149
Trd, 000079.500, 150
Trd, 000079.567, 144
Trd, 000080.017, 144
Trd, 000080.167, 144
Trd, 000080.500, 143
Trd, 000081.167, 141.0
Trd, 000081.450, 141
Trd, 000081.733, 145
Trd, 000082.033, 144
Trd, 000082.183, 146
Trd, 000082.317, 144.0
Trd, 000082.533, 135
Trd, 000084.183, 140
Trd, 000085.533, 150
Trd, 000085.983, 147
Trd, 000086.767, 147
Trd, 000086.817, 150
Trd, 000086.950, 144.0
Trd, 000087.667, 150
Trd, 000088.267, 151
Trd, 000088.400, 150
Trd, 000089.517, 148
Trd, 000091.283, 155
Trd, 000091.750, 155
Trd, 000092.667, 153
Trd, 000093.567, 152
Trd, 000093.850, 151
Trd, 000094.383, 150
Trd, 000095.050, 153
Trd, 000095.117, 152
Trd, 000095.350, 152
Trd, 000095.483, 155
Trd, 000095.750, 148
Trd, 000096.450, 151
Trd, 000097.017, 152
Trd, 000097.033, 150
Trd, 000098.800, 147
Trd, 000099.183, 143
Trd, 000100.217, 152
Trd, 000100.300, 153
Trd, 000101.100, 152
Trd, 000101.367, 151
Trd, 000101.533, 155
Trd, 000102.000, 162.0
Trd, 000102.317, 180.0
Trd, 000102.650, 179.0
Trd, 000102.850, 186.0
Trd, 000103.000, 177
Trd, 000103.267, 175.0
Trd, 000104.767, 135
Trd, 000105.533, 162
Trd, 000106.167, 161
Trd, 000106.200, 159
Trd, 000106.833, 158.0
Trd, 000107.000, 146
Trd, 000107.350, 161
Trd, 000107.967, 153
Trd, 000108.650, 143
Trd, 000108.750, 152
Trd, 000109.867, 145
Trd, 000110.383, 145
Trd, 000110.600, 146
Trd, 000110.817, 144
Trd, 000111.433, 146
Trd, 000113.300, 150
Trd, 000113.317, 155
Trd, 000113.367, 160
Trd, 000114.033, 150
Trd, 000114.083, 147
Trd, 000114.467, 157
Trd, 000115.800, 153
Trd, 000116.917, 153
Trd, 000116.950, 151
Trd, 000117.117, 155
Trd, 000117.883, 149
Trd, 000118.683, 156
Trd, 000120.300, 166
Trd, 000120.367, 162.0
Trd, 000121.067, 159.0
Trd, 000121.333, 158.0
Trd, 000121.450, 160
Trd, 000121.583, 155.0
Trd, 000122.583, 157
Trd, 000123.817, 156.0
Trd, 000124.100, 157
Trd, 000124.383, 147
Trd, 000125.083, 154
Trd, 000125.217, 153
Trd, 000125.467, 151
Trd, 000125.950, 154
Trd, 000126.333, 153
Trd, 000126.500, 144
Trd, 000126.783, 145
Trd, 000127.017, 154
Trd, 000127.217, 144
Trd, 000127.633, 145
Trd, 000128.300, 144
Trd, 000128.650, 152
Trd, 000130.533, 150
Trd, 000130.617, 150
Trd, 000131.417, 152
Trd, 000132.083, 151
Trd, 000132.217, 153
Trd, 000132.633, 155
Trd, 000132.650, 153
Trd, 000133.500, 153
Trd, 000134.233, 143
Trd, 000134.717, 155
Trd, 000135.817, 154
Trd, 000136.000, 152
Trd, 000136.083, 149
Trd, 000136.617, 147
Trd, 000137.133, 152
Trd, 000137.550, 155
Trd, 000139.017, 148
Trd, 000139.050, 153
Trd, 000139.667, 152
Trd, 000140.017, 151
Trd, 000140.783, 151
Trd, 000141.000, 153
Trd, 000141.667, 154
Trd, 000141.917, 150
Trd, 000142.083, 155
Trd, 000142.250, 148
Trd, 000144.317, 148
Trd, 000144.483, 148
Trd, 000144.667, 151
Trd, 000144.967, 148
Trd, 000145.067, 147
Trd, 000145.117, 146
Trd, 000145.317, 133
Trd, 000145.883, 133.0
Trd, 000145.983, 137
Trd, 000146.267, 147
Trd, 000146.367, 136
Trd, 000146.517, 148
Trd, 000147.000, 136
Trd, 000147.117, 135
Trd, 000147.250, 155
Trd, 000148.333, 134.0
Trd, 000150.433, 152
Trd, 000150.533, 152
Trd, 000150.983, 145
Trd, 000151.267, 146
Trd, 000151.950, 146
Trd, 000152.783, 147
Trd, 000153.250, 147
Trd, 000153.517, 146
Trd, 000153.983, 145
Trd, 000154.183, 148
Trd, 000154.233, 145
Trd, 000154.533, 155
Trd, 000154.850, 155
Trd, 000155.417, 172
Trd, 000155.533, 161
Trd, 000157.200, 146
Trd, 000157.567, 146
Trd, 000158.100, 145
Trd, 000158.683, 160
Trd, 000159.567, 147
Trd, 000161.100, 145
Trd, 000161.133, 151
Trd, 000161.900, 146
Trd, 000161.917, 145
Trd, 000162.250, 145
Trd, 000162.467, 144.0
Trd, 000162.900, 145
Trd, 000163.150, 150
Trd, 000164.283, 143.0
Trd, 000165.067, 141.0
Trd, 000165.283, 146
Trd, 000165.300, 141
Trd, 000165.500, 156
Trd, 000166.033, 140
Trd, 000166.517, 174
Trd, 000167.083, 162.0
Trd, 000167.817, 141
Trd, 000169.583, 146
Trd, 000169.900, 155
Trd, 000170.100, 157
Trd, 000170.650, 150
Trd, 000170.800, 148
Trd, 000171.267, 148
Trd, 000171.300, 147
Trd, 000172.083, 148
Trd, 000172.533, 153
Trd, 000174.133, 150
Trd, 000174.300, 152
Trd, 000174.783, 150
Trd, 000175.183, 150
Trd, 000175.933, 162.0
Trd, 000176.117, 160.0
Trd, 000176.183, 158.0
Trd, 000177.267, 157
Trd, 000177.433, 147
Trd, 000177.850, 144.0
Trd, 000178.500, 143
Trd, 000179.083, 141
Trd, 000179.900, 148
Trd, 000180.667, 146
Trd, 000180.800, 147
Trd, 000181.233, 149
Trd, 000182.067, 147
Trd, 000182.083, 146
Trd, 000182.100, 145
Trd, 000182.267, 150
Trd, 000183.183, 144
Trd, 000183.533, 141.0
Trd, 000183.733, 137
Trd, 000184.217, 139
Trd, 000185.100, 134
Trd, 000185.733, 140
Trd, 000186.700, 137
Trd, 000186.900, 139
Trd, 000187.650, 140
Trd, 000188.083, 137.0
Trd, 000188.417, 137
Trd, 000188.650, 135.0
Trd, 000188.667, 131.0
Trd, 000189.283, 136
Trd, 000189.617, 135
Trd, 000190.167, 136
Trd, 000190.517, 137
Trd, 000190.733, 144.0
Trd, 000191.767, 158.0
Trd, 000192.183, 154
Trd, 000192.283, 150
Trd, 000192.433, 149
Trd, 000193.167, 148
Trd, 000193.867, 155
Trd, 000194.200, 156
Trd, 000194.883, 150
Trd, 000195.133, 148
Trd, 000196.700, 155
Trd, 000196.717, 154
Trd, 000197.700, 152
Trd, 000197.850, 148
Trd, 000198.217, 148
Trd, 000198.617, 147
Trd, 000198.850, 143
Trd, 000199.417, 151
Trd, 000200.333, 148
Trd, 000200.533, 152
Trd, 000200.950, 147
Trd, 000201.050, 153
Trd, 000201.517, 154
Trd, 000202.050, 146
Trd, 000202.400, 151
Trd, 000202.800, 144
Trd, 000202.950, 143
Trd, 000203.200, 150
Trd, 000203.400, 152
Trd, 000206.000, 148
Trd, 000206.083, 148
Trd, 000206.650, 150
Trd, 000206.817, 149
Trd, 000207.450, 149
Trd, 000207.600, 158.0
Trd, 000207.733, 143
Trd, 000208.117, 141.0
Trd, 000208.267, 144.0
Trd, 000208.917, 136
Trd, 000209.933, 139
Trd, 000210.033, 140
Trd, 000210.533, 139
Trd, 000210.633, 140
Trd, 000211.133, 141
Trd, 000211.883, 144.0
Trd, 000212.450, 146
Trd, 000212.800, 145
Trd, 000213.183, 157
Trd, 000213.333, 144
Trd, 000213.533, 143
Trd, 000214.717, 150
Trd, 000216.783, 149
Trd, 000216.800, 148
Trd, 000216.850, 144
Trd, 000216.983, 155
Trd, 000217.000, 158.0
Trd, 000218.183, 147
Trd, 000218.433, 144.0
Trd, 000218.533, 136
Trd, 000219.400, 145
Trd, 000220.083, 146
Trd, 000221.133, 142
Trd, 000221.267, 141
Trd, 000221.433, 141.0
Trd, 000222.200, 143
Trd, 000222.417, 141
Trd, 000222.833, 140
Trd, 000223.483, 143
Trd, 000223.717, 142
Trd, 000224.400, 140
Trd, 000224.867, 139
Trd, 000225.217, 140
Trd, 000225.767, 144.0
Trd, 000225.950, 138
Trd, 000226.550, 157
Trd, 000227.317, 142
Trd, 000227.850, 146
Trd, 000228.017, 145
Trd, 000229.133, 144
Trd, 000229.417, 148
Trd, 000230.100, 148
Trd, 000231.083, 148
Trd, 000231.167, 149
Trd, 000231.667, 155
Trd, 000232.367, 157
Trd, 000232.517, 153
Trd, 000232.983, 151
Trd, 000233.000, 146
Trd, 000233.483, 150
Trd, 000234.217, 151
Trd, 000234.650, 171
Trd, 000234.883, 146
Trd, 000235.267, 143
Trd, 000235.800, 144.0
Trd, 000235.950, 158
Trd, 000236.033, 141.0
Trd, 000236.250, 133
Trd, 000237.033, 163.0
Trd, 000237.067, 162.0
Trd, 000237.683, 170
Trd, 000237.800, 160
Trd, 000238.083, 147
Trd, 000238.917, 154
Trd, 000238.983, 131.0
Trd, 000240.033, 144
Trd, 000240.150, 148
Trd, 000241.233, 149
Trd, 000241.267, 147
Trd, 000241.533, 151.0
Trd, 000241.800, 150
Trd, 000242.583, 149
Trd, 000242.667, 144.0
Trd, 000242.783, 147
Trd, 000243.133, 148.0
Trd, 000244.250, 150
Trd, 000244.367, 154
Trd, 000245.150, 152
Trd, 000245.400, 150
Trd, 000245.483, 149
Trd, 000246.167, 153
Trd, 000246.517, 151
Trd, 000246.850, 150
Trd, 000247.550, 151
Trd, 000248.483, 150
Trd, 000248.883, 153
Trd, 000248.917, 153
Trd, 000249.733, 152
Trd, 000249.783, 151
Trd, 000250.033, 151
Trd, 000250.533, 147
Trd, 000250.917, 148
Trd, 000251.083, 152
Trd, 000251.383, 149
Trd, 000251.667, 146
Trd, 000251.917, 146
Trd, 000252.400, 150.0
Trd, 000252.533, 151.0
Trd, 000252.883, 147
Trd, 000253.350, 147
Trd, 000254.317, 150
Trd, 000255.400, 150
Trd, 000255.433, 149
Trd, 000255.517, 151
Trd, 000256.050, 150
Trd, 000256.333, 151
Trd, 000256.650, 147
Trd, 000256.783, 151.0
Trd, 000256.900, 153
Trd, 000257.117, 143
Trd, 000258.700, 148
Trd, 000258.983, 147
Trd, 000259.133, 146
Trd, 000259.267, 148
Trd, 000259.517, 146
Trd, 000260.050, 143
Trd, 000260.217, 148
Trd, 000260.383, 141.0
Trd, 000260.583, 146
Trd, 000260.700, 149
Trd, 000261.700, 151.0
Trd, 000262.200, 152
Trd, 000262.467, 149
Trd, 000262.633, 151
Trd, 000262.667, 151
Trd, 000263.550, 152
Trd, 000263.750, 154
Trd, 000263.833, 151
Trd, 000263.867, 150
Trd, 000265.833, 158.0
Trd, 000266.067, 157
Trd, 000266.233, 154.0
Trd, 000266.250, 159.0
Trd, 000266.417, 157
Trd, 000267.050, 153
Trd, 000267.783, 157
Trd, 000268.233, 147
Trd, 000269.300, 147
Trd, 000269.500, 147
Trd, 000269.683, 151
Trd, 000269.933, 148
Trd, 000270.383, 154
Trd, 000270.550, 151
Trd, 000270.667, 153
Trd, 000271.217, 147
Trd, 000271.350, 155
Trd, 000272.100, 151
Trd, 000272.717, 157.0
Trd, 000272.850, 158.0
Trd, 000273.000, 162.0
Trd, 000273.333, 162.0
Trd, 000273.650, 156
Trd, 000273.700, 155
Trd, 000273.767, 149
Trd, 000274.800, 157
Trd, 000275.083, 151
Trd, 000275.600, 157
Trd, 000275.717, 157
Trd, 000275.967, 156
Trd, 000276.467, 151
Trd, 000276.850, 156
Trd, 000277.250, 150
Trd, 000277.567, 151
Trd, 000277.600, 158.0
Trd, 000278.367, 148
Trd, 000279.433, 149
Trd, 000279.533, 148
Trd, 000279.917, 151.0
Trd, 000280.800, 158.0
Trd, 000280.917, 157
Trd, 000281.367, 147
Trd, 000281.467, 155
Trd, 000281.583, 156
Trd, 000281.600, 147
Trd, 000281.967, 157
Trd, 000282.317, 154
Trd, 000282.817, 149
Trd, 000283.200, 144.0
Trd, 000283.750, 148.0
Trd, 000283.867, 152
Trd, 000284.467, 147
Trd, 000285.083, 147
Trd, 000285.183, 146
Trd, 000285.667, 150
Trd, 000286.150, 151
Trd, 000286.433, 151
Trd, 000286.600, 146
Trd, 000286.733, 144
Trd, 000288.233, 145
Trd, 000288.900, 150
Trd, 000289.283, 151.0
Trd, 000289.317, 151
Trd, 000289.383, 146
Trd, 000290.267, 152
Trd, 000290.500, 143
Trd, 000290.533, 147.0
Trd, 000291.117, 148.0
Trd, 000291.433, 144
Trd, 000291.833, 143
Trd, 000291.900, 146
Trd, 000292.133, 147
Trd, 000292.433, 146
Trd, 000292.550, 143
Trd, 000293.200, 155
Trd, 000293.467, 150
Trd, 000293.500, 151.0
Trd, 000294.233, 161.0
Trd, 000294.933, 162.0
Trd, 000295.167, 175
Trd, 000295.417, 152
Trd, 000296.383, 153
Trd, 000296.567, 146
Trd, 000296.683, 144.0
Trd, 000297.150, 144
Trd, 000298.100, 146
Trd, 000298.450, 146
Trd, 000298.483, 145
Trd, 000298.533, 143
Trd, 000298.933, 156
Trd, 000299.433, 155
Trd, 000299.950, 144.0
