Trd, 000001.633, 196.0
Trd, 000001.750, 179.0
Trd, 000003.100, 172
Trd, 000003.450, 163
Trd, 000003.750, 157
Trd, 000004.700, 175.0
Trd, 000005.117, 148
Trd, 000005.950, 175.0
Trd, 000006.367, 170
Trd, 000007.217, 166
Trd, 000007.400, 164
Trd, 000009.550, 154
Trd, 000010.900, 154
Trd, 000011.567, 149
Trd, 000011.667, 154
Trd, 000012.567, 155
Trd, 000012.633, 156
Trd, 000013.833, 156
Trd, 000014.833, 156
Trd, 000015.017, 155
Trd, 000015.267, 150
Trd, 000016.683, 155
Trd, 000017.233, 155
Trd, 000017.617, 154
Trd, 000017.667, 150
Trd, 000018.933, 152
Trd, 000019.317, 153
Trd, 000020.833, 154
Trd, 000021.483, 152
Trd, 000021.550, 155
Trd, 000022.200, 154
Trd, 000023.983, 153
Trd, 000024.133, 153
Trd, 000024.833, 153
Trd, 000025.383, 148
Trd, 000025.400, 147
Trd, 000026.817, 151
Trd, 000027.517, 151
Trd, 000027.750, 152
Trd, 000028.150, 149
Trd, 000029.983, 150
Trd, 000030.950, 149
Trd, 000032.517, 151
Trd, 000032.683, 148
Trd, 000032.733, 148
Trd, 000032.800, 151
Trd, 000032.933, 152
Trd, 000033.233, 163
Trd, 000034.800, 157
Trd, 000035.617, 153
Trd, 000037.183, 152
Trd, 000038.017, 151
Trd, 000038.200, 134.0
Trd, 000038.383, 142
Trd, 000039.317, 148
Trd, 000039.333, 149
Trd, 000039.533, 143
Trd, 000040.167, 153
Trd, 000041.117, 152
Trd, 000041.600, 152
Trd, 000041.633, 143
Trd, 000042.367, 149
Trd, 000042.500, 156
Trd, 000042.617, 145
Trd, 000043.367, 151
Trd, 000044.383, 149
Trd, 000045.367, 147
Trd, 000045.617, 146
Trd, 000046.350, 133
Trd, 000046.583, 134.0
Trd, 000047.917, 144
Trd, 000048.083, 144
Trd, 000048.183, 151
Trd, 000048.300, 146
Trd, 000049.583, 151
Trd, 000049.767, 150
Trd, 000050.467, 149
Trd, 000050.850, 150
Trd, 000051.167, 146
Trd, 000051.383, 162.0
Trd, 000052.000, 153
Trd, 000052.233, 151
Trd, 000054.533, 149
Trd, 000055.033, 149
Trd, 000055.600, 150
Trd, 000056.817, 150
Trd, 000058.617, 149
Trd, 000058.867, 149
Trd, 000058.983, 150
Trd, 000059.317, 150
Trd, 000060.717, 150
Trd, 000061.100, 151
Trd, 000061.800, 156
Trd, 000063.100, 155
Trd, 000063.800, 157
Trd, 000064.183, 156
Trd, 000064.217, 161.0
Trd, 000064.783, 155
Trd, 000065.033, 156
Trd, 000065.083, 155
Trd, 000066.717, 155
Trd, 000067.433, 150
Trd, 000067.683, 139
Trd, 000068.433, 155
Trd, 000069.750, 154
Trd, 000070.667, 154
Trd, 000071.017, 150
Trd, 000071.167, 154
Trd, 000071.217, 154
Trd, 000073.267, 151
Trd, 000073.667, 151
Trd, 000073.750, 152
Trd, 000074.200, 154
Trd, 000076.183, 153
Trd, 000076.200, 154
Trd, 000076.467, 155
Trd, 000077.033, 149
Trd, 000077.183, 151
Trd, 000077.617, 149
Trd, 000079.233, 150
Trd, 000079.350, 152
Trd, 000082.800, 149
Trd, 000083.983, 149
Trd, 000084.333, 150
Trd, 000084.383, 151
Trd, 000084.750, 149
Trd, 000084.850, 148
Trd, 000085.517, 150
Trd, 000086.150, 150
Trd, 000087.567, 149
Trd, 000088.433, 148
Trd, 000088.483, 147
Trd, 000089.583, 148
Trd, 000089.767, 149
Trd, 000090.100, 147
Trd, 000092.350, 148
Trd, 000092.533, 151
Trd, 000093.333, 150
Trd, 000093.450, 149
Trd, 000095.117, 161.0
Trd, 000095.133, 147
Trd, 000095.300, 155
Trd, 000095.733, 158
Trd, 000096.217, 152
Trd, 000097.033, 153
Trd, 000097.133, 152
Trd, 000097.950, 151
Trd, 000098.633, 150
Trd, 000099.017, 168.0
Trd, 000099.167, 147
Trd, 000099.333, 152
Trd, 000100.200, 151
Trd, 000101.333, 150
Trd, 000101.667, 134
Trd, 000103.333, 148
Trd, 000103.733, 138
Trd, 000104.050, 149
Trd, 000104.300, 149
Trd, 000106.167, 147
Trd, 000107.483, 145
Trd, 000107.833, 146
Trd, 000107.967, 146
Trd, 000108.467, 144
Trd, 000108.700, 142
Trd, 000110.100, 161
Trd, 000110.467, 150
Trd, 000112.050, 154
Trd, 000113.767, 149
Trd, 000114.467, 149
Trd, 000114.533, 147
Trd, 000115.633, 151
Trd, 000116.683, 151
Trd, 000116.833, 152
Trd, 000117.550, 150
Trd, 000118.417, 150
Trd, 000118.767, 151
Trd, 000119.233, 162
Trd, 000119.400, 148
Trd, 000119.883, 155
Trd, 000119.917, 147
Trd, 000120.033, 147
Trd, 000120.433, 160
Trd, 000121.133, 155
Trd, 000122.417, 148
Trd, 000122.583, 147
Trd, 000122.800, 152
Trd, 000122.933, 153
Trd, 000125.683, 145
Trd, 000126.050, 146
Trd, 000126.700, 146
Trd, 000126.733, 147
Trd, 000126.850, 144
Trd, 000129.200, 151
Trd, 000129.683, 146
Trd, 000130.500, 142
Trd, 000131.033, 145
Trd, 000131.300, 143
Trd, 000131.383, 146
Trd, 000132.733, 145
Trd, 000132.850, 144
Trd, 000132.900, 145
Trd, 000133.567, 141
Trd, 000134.633, 144
Trd, 000134.750, 144
Trd, 000135.267, 156
Trd, 000135.867, 149
Trd, 000137.100, 151
Trd, 000137.583, 152
Trd, 000137.933, 168.0
Trd, 000138.367, 150
Trd, 000139.683, 149
Trd, 000140.183, 154
Trd, 000140.433, 161.0
Trd, 000140.967, 151
Trd, 000141.883, 152
Trd, 000142.083, 147
Trd, 000142.500, 153
Trd, 000145.467, 154
Trd, 000145.983, 153
Trd, 000146.683, 153
Trd, 000147.567, 153
Trd, 000147.717, 152
Trd, 000147.817, 151
Trd, 000148.733, 150
Trd, 000148.983, 152
Trd, 000150.967, 152
Trd, 000151.217, 150
Trd, 000151.267, 151
Trd, 000152.483, 151
Trd, 000152.683, 152
Trd, 000153.017, 147
Trd, 000153.350, 157
Trd, 000154.383, 160
Trd, 000154.850, 154
Trd, 000155.300, 162.0
Trd, 000156.367, 158
Trd, 000156.850, 155
Trd, 000158.133, 154
Trd, 000159.433, 150
Trd, 000160.317, 155
Trd, 000160.433, 157
Trd, 000160.600, 156
Trd, 000161.000, 150
Trd, 000161.083, 157
Trd, 000161.517, 150
Trd, 000164.217, 151
Trd, 000165.167, 154
Trd, 000165.567, 154
Trd, 000166.000, 154
Trd, 000166.883, 151
Trd, 000166.950, 154
Trd, 000167.650, 154
Trd, 000168.233, 165.0
Trd, 000169.133, 157
Trd, 000170.400, 158
Trd, 000171.067, 159
Trd, 000172.017, 155
Trd, 000173.167, 157
Trd, 000173.700, 157
Trd, 000173.900, 157
Trd, 000174.983, 157
Trd, 000175.783, 150
Trd, 000176.283, 154
Trd, 000178.350, 153
Trd, 000179.667, 153
Trd, 000180.883, 148
Trd, 000181.217, 150
Trd, 000181.267, 151
Trd, 000181.333, 153
Trd, 000182.550, 152
Trd, 000182.783, 150
Trd, 000183.683, 153
Trd, 000183.783, 152
Trd, 000184.567, 147
Trd, 000185.317, 150
Trd, 000187.467, 149
Trd, 000188.483, 149
Trd, 000189.683, 150
Trd, 000190.050, 147
Trd, 000190.450, 147
Trd, 000190.750, 146
Trd, 000191.433, 149
Trd, 000192.783, 148
Trd, 000193.183, 149
Trd, 000193.517, 147
Trd, 000195.067, 147
Trd, 000195.567, 146
Trd, 000196.100, 144
Trd, 000196.650, 148
Trd, 000196.733, 150
Trd, 000196.817, 150
Trd, 000197.083, 152
Trd, 000197.483, 157
Trd, 000198.200, 162
Trd, 000198.233, 158
Trd, 000199.117, 157
Trd, 000201.367, 152
Trd, 000201.483, 153
Trd, 000201.583, 154
Trd, 000202.367, 153
Trd, 000202.767, 155
Trd, 000203.050, 162.0
Trd, 000203.200, 163.0
Trd, 000203.433, 167
Trd, 000204.233, 154
Trd, 000204.517, 158
Trd, 000207.333, 156
Trd, 000208.017, 154
Trd, 000208.300, 155
Trd, 000208.567, 150
Trd, 000209.183, 153
Trd, 000209.267, 152
Trd, 000209.883, 154
Trd, 000210.433, 154
Trd, 000210.900, 155
Trd, 000211.617, 151
Trd, 000211.983, 151
Trd, 000212.583, 156
Trd, 000213.183, 152
Trd, 000214.467, 152
Trd, 000216.350, 153
Trd, 000217.150, 153
Trd, 000217.317, 153
Trd, 000217.350, 151
Trd, 000217.700, 153
Trd, 000219.767, 153
Trd, 000220.017, 153
Trd, 000221.133, 152
Trd, 000221.967, 153
Trd, 000222.500, 154
Trd, 000222.750, 151
Trd, 000223.283, 153
Trd, 000225.950, 151
Trd, 000227.100, 149
Trd, 000227.183, 151
Trd, 000227.367, 152
Trd, 000227.633, 152
Trd, 000228.300, 152
Trd, 000228.583, 151
Trd, 000228.733, 151
Trd, 000229.300, 152
Trd, 000231.900, 150
Trd, 000232.400, 151
Trd, 000232.550, 152
Trd, 000232.583, 153
Trd, 000232.900, 153
Trd, 000233.533, 152
Trd, 000233.983, 163
Trd, 000234.117, 150
Trd, 000234.333, 150
Trd, 000235.033, 148
Trd, 000236.983, 154
Trd, 000237.333, 150
Trd, 000238.617, 132
Trd, 000238.900, 153
Trd, 000239.767, 149
Trd, 000240.350, 145
Trd, 000241.417, 150
Trd, 000241.650, 149
Trd, 000241.667, 147
Trd, 000241.767, 150
Trd, 000242.317, 151
Trd, 000242.833, 150
Trd, 000243.600, 156
Trd, 000244.283, 158.0
Trd, 000245.150, 154
Trd, 000245.200, 154
Trd, 000245.250, 162.0
Trd, 000246.017, 157
Trd, 000246.800, 155
Trd, 000248.167, 160
Trd, 000248.383, 159
Trd, 000249.133, 148
Trd, 000249.383, 147
Trd, 000250.533, 148
Trd, 000250.883, 144
Trd, 000251.433, 148
Trd, 000251.517, 149
Trd, 000251.667, 139
Trd, 000251.967, 149
Trd, 000252.750, 150
Trd, 000252.983, 142
Trd, 000254.300, 150
Trd, 000254.667, 150
Trd, 000254.683, 151
Trd, 000254.717, 151
Trd, 000255.417, 155
Trd, 000255.733, 158.0
Trd, 000256.033, 158
Trd, 000256.317, 160.0
Trd, 000256.867, 162.0
Trd, 000257.917, 160
Trd, 000258.717, 158.0
Trd, 000259.083, 157
Trd, 000260.150, 155
Trd, 000260.417, 154
Trd, 000261.117, 150
Trd, 000261.417, 151
Trd, 000261.650, 152
Trd, 000262.617, 151
Trd, 000262.817, 152
Trd, 000262.867, 150
Trd, 000263.217, 153
Trd, 000263.233, 159
Trd, 000263.550, 162.0
Trd, 000265.100, 154
Trd, 000265.483, 156
Trd, 000265.683, 154
Trd, 000266.250, 156
Trd, 000267.517, 152
Trd, 000267.617, 154
Trd, 000268.150, 155
Trd, 000268.967, 152
Trd, 000269.100, 152
Trd, 000269.783, 155
Trd, 000270.350, 153
Trd, 000270.567, 150
Trd, 000271.333, 154
Trd, 000271.400, 148
Trd, 000272.100, 148
Trd, 000272.317, 149
Trd, 000272.367, 150
Trd, 000273.333, 140
Trd, 000273.567, 143
Trd, 000274.233, 143
Trd, 000274.533, 147
Trd, 000274.767, 142
Trd, 000275.533, 156
Trd, 000275.700, 157.0
Trd, 000276.267, 150
Trd, 000276.633, 153
Trd, 000276.683, 149
Trd, 000277.717, 154
Trd, 000278.000, 148
Trd, 000278.167, 153
Trd, 000278.783, 139
Trd, 000279.550, 151
Trd, 000280.117, 149
Trd, 000280.317, 149
Trd, 000280.517, 149
Trd, 000280.917, 146
Trd, 000281.433, 158.0
Trd, 000283.067, 147
Trd, 000283.433, 153.0
Trd, 000283.950, 148
Trd, 000284.433, 149
Trd, 000284.633, 150
Trd, 000284.733, 151
Trd, 000285.417, 153
Trd, 000286.017, 152
Trd, 000286.983, 150
Trd, 000287.317, 149
Trd, 000287.567, 152
Trd, 000288.300, 152
Trd, 000288.633, 148
Trd, 000289.033, 152
Trd, 000290.217, 152
Trd, 000290.250, 153
Trd, 000290.917, 154
Trd, 000292.900, 151
Trd, 000293.350, 151
Trd, 000293.433, 153
Trd, 000293.550, 150
Trd, 000293.933, 157.0
Trd, 000294.033, 158.0
Trd, 000294.250, 162.0
Trd, 000294.917, 164
Trd, 000296.417, 165.0
Trd, 000297.067, 163
Trd, 000297.517, 161
Trd, 000297.817, 158.0
Trd, 000297.883, 168.0
Trd, 000298.150, 153
Trd, 000298.600, 147
Trd, 000299.033, 166
Trd, 000299.883, 158
