Trd, 000002.383, 151
Trd, 000002.700, 172
Trd, 000004.033, 136
Trd, 000004.283, 140
Trd, 000005.067, 137
Trd, 000005.317, 139
Trd, 000005.417, 137
Trd, 000005.950, 140
Trd, 000006.300, 139
Trd, 000006.700, 132
Trd, 000006.867, 131
Trd, 000008.017, 162.0
Trd, 000008.117, 142
Trd, 000008.400, 162
Trd, 000008.633, 144
Trd, 000009.467, 160
Trd, 000010.467, 144
Trd, 000011.417, 146
Trd, 000012.217, 146
Trd, 000012.267, 149
Trd, 000013.200, 147
Trd, 000014.000, 151
Trd, 000014.283, 152
Trd, 000015.050, 154
Trd, 000016.217, 154
Trd, 000016.867, 153
Trd, 000017.000, 155
Trd, 000017.850, 155
Trd, 000019.017, 151
Trd, 000019.717, 155.0
Trd, 000021.000, 155
Trd, 000021.167, 155
Trd, 000022.650, 152
Trd, 000023.167, 155
Trd, 000023.233, 158.0
Trd, 000023.450, 162.0
Trd, 000024.967, 157
Trd, 000025.683, 157
Trd, 000025.733, 156
Trd, 000025.833, 157
Trd, 000025.950, 146
Trd, 000027.167, 152
Trd, 000027.517, 154
Trd, 000027.600, 155
Trd, 000028.217, 155
Trd, 000028.433, 157
Trd, 000029.900, 156
Trd, 000031.267, 159.0
Trd, 000033.217, 160.0
Trd, 000033.467, 158
Trd, 000033.750, 162.0
Trd, 000034.233, 157
Trd, 000034.750, 157
Trd, 000035.550, 155.0
Trd, 000036.733, 155
Trd, 000037.850, 155
Trd, 000038.717, 155
Trd, 000039.283, 155
Trd, 000039.600, 153
Trd, 000039.733, 155
Trd, 000040.983, 157
Trd, 000041.383, 158.0
Trd, 000043.183, 158
Trd, 000043.367, 158
Trd, 000044.633, 158.0
Trd, 000044.650, 157
Trd, 000044.800, 159
Trd, 000045.167, 155
Trd, 000046.250, 155
Trd, 000046.867, 156
Trd, 000047.900, 154
Trd, 000048.133, 154
Trd, 000048.150, 153
Trd, 000048.333, 156
Trd, 000049.300, 154
Trd, 000049.483, 154
Trd, 000050.183, 154
Trd, 000053.000, 147
Trd, 000053.317, 154
Trd, 000053.350, 155
Trd, 000054.067, 153
Trd, 000054.150, 153
Trd, 000054.233, 154
Trd, 000056.750, 152
Trd, 000056.950, 153
Trd, 000057.600, 151
Trd, 000059.317, 150
Trd, 000059.667, 151
Trd, 000059.767, 152
Trd, 000060.050, 150
Trd, 000062.133, 149
Trd, 000062.400, 149
Trd, 000062.567, 150
Trd, 000062.883, 150
Trd, 000062.933, 148
Trd, 000063.283, 156
Trd, 000064.767, 153
Trd, 000065.250, 146
Trd, 000065.833, 153
Trd, 000067.400, 150
Trd, 000067.650, 150
Trd, 000067.933, 150
Trd, 000068.283, 147
Trd, 000070.383, 150
Trd, 000070.617, 150
Trd, 000071.017, 156
Trd, 000072.383, 150
Trd, 000072.950, 151
Trd, 000073.100, 151
Trd, 000073.500, 153
Trd, 000073.983, 153
Trd, 000074.683, 158.0
Trd, 000075.200, 153
Trd, 000076.300, 155
Trd, 000076.583, 152
Trd, 000076.783, 155
Trd, 000077.550, 153
Trd, 000078.033, 154
Trd, 000078.967, 155
Trd, 000079.450, 154
Trd, 000079.683, 157
Trd, 000081.733, 155
Trd, 000082.817, 157
Trd, 000083.100, 156
Trd, 000083.800, 157
Trd, 000085.583, 155
Trd, 000085.667, 156
Trd, 000085.967, 156
Trd, 000086.600, 157
Trd, 000086.817, 155
Trd, 000087.333, 156
Trd, 000088.567, 157.0
Trd, 000090.133, 155
Trd, 000090.500, 156
Trd, 000091.417, 156
Trd, 000092.217, 156
Trd, 000092.567, 149
Trd, 000093.133, 150
Trd, 000093.250, 154
Trd, 000093.850, 155
Trd, 000096.083, 151
Trd, 000096.950, 151
Trd, 000097.683, 155
Trd, 000098.967, 155
Trd, 000099.367, 155
Trd, 000099.800, 155
Trd, 000099.950, 158.0
Trd, 000100.967, 155
Trd, 000101.217, 155
Trd, 000101.600, 155
Trd, 000102.150, 155
Trd, 000103.083, 157
Trd, 000103.333, 156
Trd, 000104.300, 157
Trd, 000104.317, 156
Trd, 000105.050, 155
Trd, 000106.450, 157
Trd, 000106.467, 158.0
Trd, 000106.867, 159
Trd, 000107.517, 132
Trd, 000110.250, 148
Trd, 000110.333, 155
Trd, 000111.367, 138
Trd, 000112.117, 143
Trd, 000112.383, 141
Trd, 000112.700, 143
Trd, 000113.283, 142
Trd, 000113.600, 143
Trd, 000114.117, 158.0
Trd, 000117.300, 144
Trd, 000118.117, 145
Trd, 000118.250, 144
Trd, 000118.517, 145
Trd, 000118.717, 146
Trd, 000119.667, 146
Trd, 000120.167, 158.0
Trd, 000120.400, 146
Trd, 000121.883, 149
Trd, 000121.967, 147
Trd, 000122.817, 148
Trd, 000122.900, 158
Trd, 000123.383, 150
Trd, 000123.517, 150
Trd, 000124.633, 149
Trd, 000124.933, 152
Trd, 000125.383, 153
Trd, 000125.750, 157
Trd, 000126.317, 152
Trd, 000128.200, 157.0
Trd, 000128.650, 158.0
Trd, 000129.883, 160
Trd, 000130.017, 174
Trd, 000130.600, 159
Trd, 000131.150, 159
Trd, 000131.733, 160.0
Trd, 000132.200, 158
Trd, 000133.200, 157
Trd, 000133.450, 160
Trd, 000133.983, 160
Trd, 000134.467, 157
Trd, 000134.850, 155
Trd, 000135.050, 155.0
Trd, 000135.133, 153
Trd, 000135.650, 140
Trd, 000136.633, 136
Trd, 000138.000, 149
Trd, 000138.083, 149
Trd, 000138.450, 146
Trd, 000139.517, 146
Trd, 000140.117, 146
Trd, 000140.167, 145
Trd, 000141.867, 148
Trd, 000143.083, 145
Trd, 000143.867, 146
Trd, 000144.033, 155
Trd, 000146.250, 149
Trd, 000146.933, 148
Trd, 000147.167, 148
Trd, 000148.317, 149
Trd, 000149.017, 150
Trd, 000149.733, 149
Trd, 000149.950, 148
Trd, 000150.033, 149
Trd, 000150.917, 150
Trd, 000151.217, 151
Trd, 000151.600, 140
Trd, 000152.283, 144
Trd, 000152.800, 147
Trd, 000154.050, 147
Trd, 000154.783, 157.0
Trd, 000156.067, 149
Trd, 000156.083, 154
Trd, 000157.533, 149
Trd, 000157.917, 155
Trd, 000158.250, 157
Trd, 000158.567, 151
Trd, 000158.800, 149
Trd, 000160.033, 161.0
Trd, 000160.550, 160
Trd, 000161.017, 160
Trd, 000162.283, 156
Trd, 000163.733, 157
Trd, 000163.800, 158
Trd, 000164.133, 160
Trd, 000164.517, 159
Trd, 000165.400, 158
Trd, 000165.983, 160
Trd, 000166.367, 157
Trd, 000168.000, 155.0
Trd, 000168.917, 144
Trd, 000169.017, 152
Trd, 000169.100, 140
Trd, 000170.117, 151
Trd, 000170.150, 150
Trd, 000170.350, 152
Trd, 000170.733, 153
Trd, 000172.783, 153
Trd, 000173.217, 154
Trd, 000173.300, 155
Trd, 000173.817, 153
Trd, 000174.150, 155
Trd, 000174.567, 155
Trd, 000175.067, 154
Trd, 000175.833, 151
Trd, 000176.800, 156.0
Trd, 000177.117, 157.0
Trd, 000177.400, 151
Trd, 000178.467, 156
Trd, 000178.617, 156
Trd, 000178.850, 155
Trd, 000179.583, 154
Trd, 000181.667, 156
Trd, 000181.900, 156
Trd, 000184.217, 156
Trd, 000185.117, 158
Trd, 000185.733, 157
Trd, 000185.950, 156.0
Trd, 000186.583, 155.0
Trd, 000186.933, 154
Trd, 000187.167, 155
Trd, 000187.850, 156
Trd, 000189.083, 155
Trd, 000189.400, 157
Trd, 000191.033, 156
Trd, 000191.500, 156
Trd, 000192.117, 158.0
Trd, 000192.250, 156
Trd, 000192.617, 157
Trd, 000193.150, 157
Trd, 000193.600, 157
Trd, 000193.700, 156
Trd, 000194.817, 157
Trd, 000195.450, 155.0
Trd, 000195.900, 156
Trd, 000197.117, 156
Trd, 000197.533, 156
Trd, 000199.017, 157
Trd, 000199.150, 156.0
Trd, 000199.267, 155.0
Trd, 000200.233, 160.0
Trd, 000200.800, 160
Trd, 000201.400, 159
Trd, 000202.800, 158
Trd, 000203.233, 156
Trd, 000205.000, 141
Trd, 000205.200, 158
Trd, 000205.667, 156
Trd, 000206.517, 155
Trd, 000206.633, 152
Trd, 000206.917, 151
Trd, 000207.417, 153
Trd, 000208.150, 154
Trd, 000208.583, 154
Trd, 000208.883, 154
Trd, 000210.000, 155
Trd, 000211.117, 154
Trd, 000211.400, 153
Trd, 000211.733, 155
Trd, 000212.350, 152
Trd, 000213.867, 152
Trd, 000214.267, 155
Trd, 000215.383, 152
Trd, 000216.383, 152
Trd, 000217.083, 152
Trd, 000217.517, 151
Trd, 000220.000, 151
Trd, 000220.067, 151
Trd, 000220.100, 152
Trd, 000220.467, 151
Trd, 000220.517, 150
Trd, 000221.733, 153
Trd, 000221.817, 152
Trd, 000222.300, 154
Trd, 000223.233, 153
Trd, 000223.500, 152
Trd, 000223.567, 154
Trd, 000223.933, 155
Trd, 000225.067, 156.0
Trd, 000226.150, 155.0
Trd, 000228.167, 155
Trd, 000228.550, 156.0
Trd, 000228.667, 155
Trd, 000229.167, 153
Trd, 000229.533, 161.0
Trd, 000229.633, 159
Trd, 000229.750, 154
Trd, 000230.867, 155
Trd, 000232.300, 154
Trd, 000232.533, 140
Trd, 000232.967, 153
Trd, 000233.000, 154
Trd, 000233.267, 155
Trd, 000233.317, 158.0
Trd, 000234.417, 161.0
Trd, 000235.567, 151
Trd, 000237.617, 155
Trd, 000238.150, 156
Trd, 000238.417, 156
Trd, 000238.550, 155
Trd, 000238.600, 162.0
Trd, 000238.933, 157
Trd, 000240.167, 158
Trd, 000240.467, 156
Trd, 000240.933, 154
Trd, 000241.117, 153
Trd, 000241.583, 153
Trd, 000242.267, 154
Trd, 000242.633, 151.0
Trd, 000242.817, 151
Trd, 000243.467, 150
Trd, 000243.650, 151
Trd, 000245.183, 144.0
Trd, 000245.267, 145
Trd, 000246.117, 142
Trd, 000246.183, 140
Trd, 000246.600, 140
Trd, 000246.717, 141
Trd, 000246.833, 140
Trd, 000246.950, 140
Trd, 000247.383, 138
Trd, 000247.950, 149
Trd, 000248.317, 155
Trd, 000249.067, 147
Trd, 000249.383, 151
Trd, 000251.450, 152
Trd, 000251.567, 152
Trd, 000251.583, 151
Trd, 000251.867, 152
Trd, 000252.100, 152
Trd, 000253.317, 150
Trd, 000254.467, 150
Trd, 000254.850, 153
Trd, 000254.950, 154
Trd, 000255.083, 153
Trd, 000255.533, 148
Trd, 000256.983, 153
Trd, 000257.367, 154
Trd, 000258.450, 146
Trd, 000258.500, 142
Trd, 000259.067, 161.0
Trd, 000259.883, 158.0
Trd, 000260.717, 150
Trd, 000260.967, 148
Trd, 000261.083, 147
Trd, 000262.067, 150
Trd, 000262.150, 151
Trd, 000262.283, 149
Trd, 000262.917, 151
Trd, 000263.150, 147
Trd, 000264.533, 152.0
Trd, 000264.800, 153.0
Trd, 000264.833, 151
Trd, 000264.933, 154
Trd, 000265.167, 152
Trd, 000265.283, 158.0
Trd, 000266.583, 151.0
Trd, 000266.617, 155
Trd, 000266.983, 155
Trd, 000268.850, 150
Trd, 000269.183, 151.0
Trd, 000269.783, 150
Trd, 000270.050, 152
Trd, 000270.783, 153
Trd, 000271.683, 152
Trd, 000271.767, 140
Trd, 000271.867, 155
Trd, 000272.200, 155
Trd, 000272.583, 149
Trd, 000272.717, 157.0
Trd, 000274.333, 150
Trd, 000274.617, 150
Trd, 000275.200, 150
Trd, 000276.267, 151
Trd, 000276.333, 149
Trd, 000276.800, 145.0
Trd, 000277.283, 149
Trd, 000278.050, 146.0
Trd, 000278.700, 148
Trd, 000279.350, 147
Trd, 000279.833, 147
Trd, 000280.300, 147.0
Trd, 000280.600, 146.0
Trd, 000280.750, 147
Trd, 000280.817, 145
Trd, 000281.017, 143
Trd, 000283.450, 146
Trd, 000283.900, 147
Trd, 000283.967, 149
Trd, 000284.867, 148.0
Trd, 000285.133, 148
Trd, 000285.450, 155.0
Trd, 000285.533, 150.0
Trd, 000285.933, 149.0
Trd, 000286.167, 156
Trd, 000287.000, 145
Trd, 000287.483, 150
Trd, 000287.883, 149
Trd, 000288.083, 151
Trd, 000288.567, 154
Trd, 000289.350, 148
Trd, 000289.533, 151.0
Trd, 000289.700, 156
Trd, 000289.717, 150
Trd, 000289.933, 144.0
Trd, 000290.933, 145
Trd, 000291.017, 140
Trd, 000292.817, 142
Trd, 000293.050, 144.0
Trd, 000293.333, 140
Trd, 000293.917, 145
Trd, 000293.967, 144.0
Trd, 000294.283, 145
Trd, 000294.700, 142
Trd, 000294.883, 145
Trd, 000295.067, 146
Trd, 000295.150, 157
Trd, 000295.517, 140
Trd, 000295.583, 158.0
Trd, 000296.517, 161.0
Trd, 000296.700, 162.0
Trd, 000296.783, 165.0
Trd, 000297.800, 146
Trd, 000297.883, 143
Trd, 000298.200, 144.0
Trd, 000299.250, 142
