Trd, 000001.133, 151
Trd, 000002.183, 168.0
Trd, 000002.533, 165.0
Trd, 000003.450, 155.0
Trd, 000003.483, 151
Trd, 000003.850, 158
Trd, 000004.650, 158
Trd, 000005.433, 153
Trd, 000006.267, 151
Trd, 000006.317, 152
Trd, 000006.667, 152
Trd, 000006.733, 150
Trd, 000007.250, 150
Trd, 000008.750, 153
Trd, 000009.650, 153
Trd, 000009.717, 151
Trd, 000010.367, 151
Trd, 000011.583, 153
Trd, 000011.850, 156.0
Trd, 000011.933, 156.0
Trd, 000012.633, 153
Trd, 000013.350, 152.0
Trd, 000013.850, 151
Trd, 000014.650, 153.0
Trd, 000015.483, 150
Trd, 000015.683, 151
Trd, 000016.017, 155
Trd, 000016.550, 150
Trd, 000016.967, 151.0
Trd, 000017.683, 150
Trd, 000018.567, 150
Trd, 000019.383, 148
Trd, 000019.433, 147
Trd, 000019.450, 149
Trd, 000019.967, 158.0
Trd, 000020.117, 148
Trd, 000020.283, 172.0
Trd, 000021.667, 158
Trd, 000021.717, 157
Trd, 000023.267, 157.0
Trd, 000024.400, 156
Trd, 000025.067, 155.0
Trd, 000025.250, 154
Trd, 000025.400, 156.0
Trd, 000025.850, 154
Trd, 000026.333, 153
Trd, 000026.550, 151.0
Trd, 000026.617, 153
Trd, 000028.883, 150
Trd, 000029.333, 148
Trd, 000029.767, 150
Trd, 000030.033, 151.0
Trd, 000030.150, 149
Trd, 000031.300, 148
Trd, 000031.350, 154.0
Trd, 000031.417, 157.0
Trd, 000033.133, 151
Trd, 000033.383, 151
Trd, 000034.233, 151
Trd, 000034.317, 152
Trd, 000034.450, 152
Trd, 000034.650, 158.0
Trd, 000035.433, 154
Trd, 000036.217, 157
Trd, 000036.300, 156
Trd, 000037.367, 155
Trd, 000037.517, 156.0
Trd, 000038.850, 156.0
Trd, 000038.900, 158.0
Trd, 000039.467, 167
Trd, 000039.567, 156.0
Trd, 000040.067, 155.0
Trd, 000040.633, 158
Trd, 000040.817, 158
Trd, 000042.417, 165.0
Trd, 000042.667, 161
Trd, 000043.167, 161
Trd, 000043.750, 169.0
Trd, 000043.983, 168.0
Trd, 000044.133, 162.0
Trd, 000044.417, 160
Trd, 000045.483, 161
Trd, 000047.133, 160
Trd, 000048.167, 159
Trd, 000048.350, 159
Trd, 000048.767, 155.0
Trd, 000049.467, 151.0
Trd, 000049.883, 157.0
Trd, 000049.950, 158.0
Trd, 000050.367, 153
Trd, 000050.700, 154
Trd, 000052.050, 155
Trd, 000052.233, 159.0
Trd, 000052.483, 147
Trd, 000053.550, 151
Trd, 000054.150, 150
Trd, 000054.167, 151
Trd, 000054.300, 152
Trd, 000054.517, 151
Trd, 000054.850, 152
Trd, 000055.933, 157.0
Trd, 000056.100, 155.0
Trd, 000056.267, 151
Trd, 000056.800, 151.0
Trd, 000057.983, 154
Trd, 000058.200, 149
Trd, 000059.150, 158.0
Trd, 000061.017, 162
Trd, 000061.533, 160
Trd, 000061.800, 161
Trd, 000061.917, 161
Trd, 000062.467, 162.0
Trd, 000062.667, 137
Trd, 000062.717, 162.0
Trd, 000062.767, 153
Trd, 000063.667, 152
Trd, 000064.983, 147.0
Trd, 000065.950, 138
Trd, 000066.083, 148.0
Trd, 000066.567, 151.0
Trd, 000067.567, 140
Trd, 000068.000, 146
Trd, 000068.083, 146
Trd, 000068.600, 148
Trd, 000068.717, 151.0
Trd, 000068.950, 147
Trd, 000069.367, 155.0
Trd, 000070.350, 153.0
Trd, 000070.600, 155.0
Trd, 000070.833, 148
Trd, 000071.233, 148
Trd, 000071.800, 152
Trd, 000072.533, 148
Trd, 000072.767, 148
Trd, 000073.017, 146
Trd, 000075.500, 146
Trd, 000075.700, 147
Trd, 000075.717, 146
Trd, 000076.050, 151.0
Trd, 000076.133, 158.0
Trd, 000077.067, 145
Trd, 000077.650, 144
Trd, 000077.917, 148
Trd, 000078.583, 165
Trd, 000079.783, 155.0
Trd, 000081.433, 153
Trd, 000081.667, 152
Trd, 000081.950, 151
Trd, 000083.083, 155.0
Trd, 000083.867, 156
Trd, 000084.067, 155.0
Trd, 000085.333, 169.0
Trd, 000085.383, 155.0
Trd, 000085.600, 155
Trd, 000085.750, 168.0
Trd, 000086.250, 168.0
Trd, 000086.450, 168
Trd, 000087.267, 167
Trd, 000087.300, 164
Trd, 000088.033, 162
Trd, 000088.317, 170.0
Trd, 000088.550, 151.0
Trd, 000089.850, 166.0
Trd, 000090.683, 165.0
Trd, 000090.733, 149
Trd, 000091.567, 150.0
Trd, 000091.767, 151.0
Trd, 000092.283, 151
Trd, 000093.000, 152
Trd, 000093.317, 151.0
Trd, 000093.717, 150
Trd, 000095.017, 150
Trd, 000095.300, 147
Trd, 000095.400, 139
Trd, 000096.350, 151
Trd, 000096.767, 148
Trd, 000097.333, 149
Trd, 000097.483, 136
Trd, 000098.183, 148
Trd, 000099.600, 147
Trd, 000100.083, 148
Trd, 000100.567, 151.0
Trd, 000100.883, 158.0
Trd, 000101.667, 148
Trd, 000102.550, 157.0
Trd, 000104.433, 150
Trd, 000104.633, 151
Trd, 000105.083, 153
Trd, 000105.883, 154
Trd, 000106.033, 151.0
Trd, 000106.400, 150
Trd, 000106.550, 151.0
Trd, 000108.267, 156.0
Trd, 000108.483, 158.0
Trd, 000108.783, 157
Trd, 000110.133, 153
Trd, 000110.217, 151
Trd, 000110.283, 150
Trd, 000110.900, 149
Trd, 000111.733, 139
Trd, 000112.433, 143.0
Trd, 000112.750, 144.0
Trd, 000113.400, 143
Trd, 000114.050, 145.0
Trd, 000114.200, 151.0
Trd, 000114.767, 146
Trd, 000114.817, 146
Trd, 000116.367, 149
Trd, 000116.850, 149
Trd, 000117.167, 149
Trd, 000118.300, 147
Trd, 000118.367, 150.0
Trd, 000118.417, 151.0
Trd, 000119.900, 156.0
Trd, 000120.950, 147
Trd, 000121.450, 148
Trd, 000121.950, 147
Trd, 000121.983, 152.0
Trd, 000122.667, 146
Trd, 000123.183, 145
Trd, 000123.267, 136
Trd, 000123.483, 126
Trd, 000123.517, 147.0
Trd, 000123.867, 150.0
Trd, 000124.917, 147
Trd, 000125.450, 148
Trd, 000126.517, 150.0
Trd, 000126.550, 139.0
Trd, 000128.067, 144
Trd, 000129.000, 148.0
Trd, 000129.100, 150.0
Trd, 000129.317, 145
Trd, 000129.750, 144
Trd, 000130.350, 148
Trd, 000132.667, 144
Trd, 000132.917, 144
Trd, 000133.083, 147
Trd, 000133.583, 147
Trd, 000134.617, 145
Trd, 000135.167, 144
Trd, 000136.450, 144
Trd, 000136.967, 147
Trd, 000137.317, 148
Trd, 000138.083, 149
Trd, 000138.283, 150.0
Trd, 000138.900, 151.0
Trd, 000139.867, 149
Trd, 000140.650, 153.0
Trd, 000141.317, 151
Trd, 000142.083, 152
Trd, 000142.267, 168.0
Trd, 000143.517, 159
Trd, 000143.700, 158
Trd, 000144.433, 151.0
Trd, 000145.033, 139
Trd, 000145.467, 155.0
Trd, 000145.717, 165.0
Trd, 000147.150, 161.0
Trd, 000147.200, 162.0
Trd, 000147.883, 157
Trd, 000148.217, 158
Trd, 000148.733, 171.0
Trd, 000149.100, 157
Trd, 000149.550, 157
Trd, 000150.050, 157
Trd, 000151.833, 155
Trd, 000152.017, 155
Trd, 000152.050, 158.0
Trd, 000153.083, 156.0
Trd, 000153.217, 158
Trd, 000154.100, 157
Trd, 000154.767, 156.0
Trd, 000154.883, 155.0
Trd, 000156.417, 155
Trd, 000156.483, 153
Trd, 000156.967, 155.0
Trd, 000157.600, 155
Trd, 000158.117, 154
Trd, 000158.200, 153
Trd, 000158.383, 152
Trd, 000158.433, 151.0
Trd, 000158.450, 154
Trd, 000159.433, 168.0
Trd, 000159.650, 151
Trd, 000160.267, 158
Trd, 000161.250, 144.0
Trd, 000161.533, 151.0
Trd, 000162.217, 154
Trd, 000163.133, 153
Trd, 000163.833, 165.0
Trd, 000164.000, 168.0
Trd, 000164.283, 162.0
Trd, 000166.100, 160
Trd, 000167.433, 163
Trd, 000167.483, 164.0
Trd, 000167.667, 160
Trd, 000167.767, 160
Trd, 000168.233, 159
Trd, 000168.667, 161.0
Trd, 000168.817, 158
Trd, 000169.383, 155.0
Trd, 000170.783, 151
Trd, 000171.550, 157.0
Trd, 000171.733, 157
Trd, 000172.867, 158.0
Trd, 000174.183, 157
Trd, 000174.917, 158
Trd, 000175.400, 158.0
Trd, 000175.517, 157
Trd, 000176.067, 162.0
Trd, 000177.867, 151
Trd, 000179.283, 139
Trd, 000179.767, 137
Trd, 000179.933, 143
Trd, 000180.217, 143
Trd, 000181.017, 143
Trd, 000181.500, 144.0
Trd, 000182.267, 155
Trd, 000182.750, 156.0
Trd, 000182.900, 158.0
Trd, 000183.650, 154
Trd, 000184.350, 154
Trd, 000184.567, 155
Trd, 000184.783, 154
Trd, 000184.983, 169.0
Trd, 000186.167, 168.0
Trd, 000187.750, 162
Trd, 000188.033, 156.0
Trd, 000189.650, 158
Trd, 000189.983, 157
Trd, 000190.083, 157
Trd, 000190.267, 158.0
Trd, 000191.450, 165.0
Trd, 000191.950, 163
Trd, 000191.967, 165.0
Trd, 000192.233, 162
Trd, 000192.367, 157
Trd, 000192.450, 155.0
Trd, 000192.650, 151.0
Trd, 000192.900, 147
Trd, 000193.117, 144
Trd, 000194.067, 156.0
Trd, 000194.200, 155.0
Trd, 000195.367, 161
Trd, 000196.617, 160
Trd, 000196.950, 155
Trd, 000199.100, 158
Trd, 000200.283, 166.0
Trd, 000200.367, 166.0
Trd, 000200.933, 165.0
Trd, 000201.133, 162.0
Trd, 000201.600, 159
Trd, 000202.233, 165.0
Trd, 000203.233, 160
Trd, 000203.317, 158
Trd, 000203.733, 163
Trd, 000203.983, 157
Trd, 000205.733, 158
Trd, 000206.517, 157
Trd, 000206.633, 156
Trd, 000207.133, 155.0
Trd, 000208.250, 155
Trd, 000209.067, 154
Trd, 000209.367, 154
Trd, 000209.633, 156
Trd, 000210.183, 157
Trd, 000210.583, 155.0
Trd, 000210.600, 157.0
Trd, 000211.050, 153
Trd, 000212.050, 154
Trd, 000212.117, 158
Trd, 000212.700, 153
Trd, 000212.950, 151.0
Trd, 000214.317, 155.0
Trd, 000215.500, 157
Trd, 000215.733, 158
Trd, 000215.850, 157
Trd, 000216.117, 165.0
Trd, 000217.750, 163
Trd, 000218.983, 162
Trd, 000219.100, 163
Trd, 000219.750, 162
Trd, 000219.867, 161
Trd, 000220.200, 159
Trd, 000220.600, 168.0
Trd, 000221.017, 166.0
Trd, 000221.617, 165.0
Trd, 000222.017, 164
Trd, 000222.350, 155.0
Trd, 000223.483, 170
Trd, 000223.700, 158.0
Trd, 000224.183, 160
Trd, 000224.567, 160
Trd, 000224.833, 161
Trd, 000226.350, 157.0
Trd, 000227.250, 158.0
Trd, 000227.617, 159.0
Trd, 000227.967, 159
Trd, 000228.350, 158
Trd, 000228.500, 160
Trd, 000228.917, 155.0
Trd, 000230.067, 154
Trd, 000230.217, 140
Trd, 000230.833, 154
Trd, 000230.950, 150
Trd, 000231.817, 153
Trd, 000232.667, 157.0
Trd, 000232.700, 138
Trd, 000233.050, 153
Trd, 000233.267, 137
Trd, 000235.500, 144
Trd, 000236.367, 145
Trd, 000237.117, 147
Trd, 000237.583, 148
Trd, 000237.650, 151.0
Trd, 000238.683, 150
Trd, 000240.217, 151
Trd, 000240.617, 153
Trd, 000240.667, 155.0
Trd, 000240.700, 153
Trd, 000240.733, 156.0
Trd, 000240.983, 151
Trd, 000241.917, 157
Trd, 000242.450, 154
Trd, 000243.550, 157.0
Trd, 000243.767, 156
Trd, 000245.050, 156.0
Trd, 000245.300, 156.0
Trd, 000245.350, 155.0
Trd, 000245.483, 152.0
Trd, 000245.817, 157.0
Trd, 000246.517, 152
Trd, 000246.917, 155.0
Trd, 000246.933, 151.0
Trd, 000247.483, 150.0
Trd, 000247.633, 150
Trd, 000248.200, 158.0
Trd, 000248.300, 155.0
Trd, 000248.517, 137
Trd, 000249.067, 156.0
Trd, 000249.917, 148.0
Trd, 000250.150, 150.0
Trd, 000250.250, 143
Trd, 000250.600, 150.0
Trd, 000251.317, 147
Trd, 000251.650, 147
Trd, 000251.717, 148.0
Trd, 000252.033, 144.0
Trd, 000252.850, 142
Trd, 000253.300, 150.0
Trd, 000253.550, 150.0
Trd, 000254.783, 148
Trd, 000255.183, 149
Trd, 000255.517, 148
Trd, 000255.917, 150
Trd, 000256.367, 157.0
Trd, 000256.617, 155.0
Trd, 000257.750, 158.0
Trd, 000257.883, 152
Trd, 000259.067, 154
Trd, 000259.200, 154
Trd, 000259.450, 152
Trd, 000259.750, 156
Trd, 000261.467, 157.0
Trd, 000261.567, 158.0
Trd, 000261.700, 156.0
Trd, 000261.983, 155.0
Trd, 000262.267, 155.0
Trd, 000262.983, 153
Trd, 000263.000, 155.0
Trd, 000263.083, 156.0
Trd, 000263.133, 153
Trd, 000263.817, 152.0
Trd, 000264.433, 156
Trd, 000265.333, 158.0
Trd, 000265.883, 155.0
Trd, 000266.483, 153.0
Trd, 000266.500, 161.0
Trd, 000266.983, 165.0
Trd, 000267.617, 155.0
Trd, 000267.817, 155
Trd, 000268.283, 157
Trd, 000268.383, 157
Trd, 000269.133, 157
Trd, 000269.167, 156
Trd, 000269.183, 151.0
Trd, 000269.717, 141
Trd, 000271.350, 137
Trd, 000272.567, 138
Trd, 000272.917, 139
Trd, 000274.067, 142
Trd, 000274.433, 139
Trd, 000274.617, 138
Trd, 000274.917, 143
Trd, 000275.350, 142
Trd, 000275.567, 138
Trd, 000275.583, 144.0
Trd, 000276.333, 147
Trd, 000276.983, 144
Trd, 000277.500, 144
Trd, 000277.800, 145
Trd, 000278.267, 148
Trd, 000278.367, 144
Trd, 000278.650, 143.0
Trd, 000278.833, 150.0
Trd, 000279.050, 151.0
Trd, 000280.067, 164
Trd, 000280.383, 147
Trd, 000280.667, 152
Trd, 000281.267, 151.0
Trd, 000281.317, 151
Trd, 000281.900, 137
Trd, 000281.950, 146.0
Trd, 000282.133, 145
Trd, 000282.517, 142
Trd, 000282.767, 144.0
Trd, 000282.833, 137
Trd, 000283.467, 148
Trd, 000284.467, 153.0
Trd, 000285.017, 154
Trd, 000285.317, 151
Trd, 000285.567, 155.0
Trd, 000285.917, 156.0
Trd, 000286.467, 152.0
Trd, 000286.950, 157.0
Trd, 000287.100, 151.0
Trd, 000287.133, 146
Trd, 000287.767, 137
Trd, 000288.050, 148
Trd, 000288.083, 156.0
Trd, 000289.667, 148
Trd, 000290.250, 149.0
Trd, 000290.400, 151.0
Trd, 000290.850, 149
Trd, 000290.967, 152
Trd, 000291.083, 148
Trd, 000291.467, 155.0
Trd, 000292.783, 151.0
Trd, 000293.000, 151
Trd, 000293.250, 158.0
Trd, 000293.683, 151
Trd, 000294.933, 157
Trd, 000294.950, 158.0
Trd, 000295.367, 158
Trd, 000295.383, 156
Trd, 000295.567, 160
Trd, 000295.817, 155
Trd, 000295.983, 155.0
Trd, 000296.717, 158.0
Trd, 000297.483, 159.0
Trd, 000297.500, 151.0
Trd, 000298.167, 155
Trd, 000298.533, 152
Trd, 000299.083, 150
Trd, 000299.500, 153
