Trd, 000002.783, 110.0
Trd, 000003.350, 116
Trd, 000003.633, 123
Trd, 000003.933, 135
Trd, 000004.783, 141.0
Trd, 000005.800, 143.0
Trd, 000005.933, 144.0
Trd, 000006.450, 148.0
Trd, 000006.967, 151.0
Trd, 000008.333, 148
Trd, 000009.867, 143
Trd, 000010.317, 144
Trd, 000010.567, 145
Trd, 000010.817, 145
Trd, 000011.167, 144
Trd, 000011.733, 146
Trd, 000011.800, 148.0
Trd, 000013.017, 144
Trd, 000013.117, 143
Trd, 000014.317, 144
Trd, 000014.800, 145
Trd, 000015.300, 144
Trd, 000015.333, 146
Trd, 000015.350, 142
Trd, 000015.467, 142
Trd, 000016.833, 142
Trd, 000017.783, 147
Trd, 000019.467, 145
Trd, 000019.750, 148.0
Trd, 000020.767, 145
Trd, 000020.783, 151.0
Trd, 000021.383, 144.0
Trd, 000021.700, 147
Trd, 000022.433, 144
Trd, 000023.900, 144
Trd, 000024.533, 160.0
Trd, 000024.967, 159.0
Trd, 000025.833, 146.0
Trd, 000025.900, 147.0
Trd, 000026.683, 145
Trd, 000027.033, 145
Trd, 000027.800, 144
Trd, 000028.233, 148.0
Trd, 000028.583, 143
Trd, 000029.933, 145
Trd, 000030.050, 146
Trd, 000031.483, 143
Trd, 000031.550, 145
Trd, 000032.267, 140
Trd, 000032.867, 139
Trd, 000033.033, 139.0
Trd, 000033.483, 141.0
Trd, 000035.483, 139
Trd, 000035.500, 138
Trd, 000035.817, 144
Trd, 000035.883, 138
Trd, 000037.083, 142
Trd, 000037.433, 144.0
Trd, 000037.783, 144
Trd, 000037.983, 148.0
Trd, 000038.683, 145
Trd, 000039.283, 151.0
Trd, 000041.100, 147
Trd, 000041.717, 147
Trd, 000042.233, 147
Trd, 000042.500, 146
Trd, 000042.767, 147.0
Trd, 000044.250, 144.0
Trd, 000044.400, 144
Trd, 000045.500, 141
Trd, 000046.583, 147
Trd, 000048.017, 150.0
Trd, 000048.517, 148
Trd, 000048.917, 151.0
Trd, 000049.350, 162.0
Trd, 000049.767, 148.0
Trd, 000050.517, 151
Trd, 000050.983, 152
Trd, 000051.283, 149
Trd, 000052.033, 150
Trd, 000052.600, 149
Trd, 000052.883, 150
Trd, 000054.267, 150
Trd, 000054.400, 149
Trd, 000055.433, 149
Trd, 000055.567, 151
Trd, 000056.117, 148
Trd, 000056.367, 146
Trd, 000059.750, 147
Trd, 000060.017, 146.0
Trd, 000060.033, 144.0
Trd, 000060.850, 146
Trd, 000061.117, 145
Trd, 000061.883, 144.0
Trd, 000062.100, 144
Trd, 000062.433, 142
Trd, 000062.967, 141
Trd, 000063.067, 147.0
Trd, 000063.433, 148.0
Trd, 000064.583, 137
Trd, 000065.167, 148.0
Trd, 000065.717, 151.0
Trd, 000067.400, 162.0
Trd, 000067.933, 143
Trd, 000068.100, 154
Trd, 000068.967, 163.0
Trd, 000069.067, 162.0
Trd, 000069.633, 143
Trd, 000070.367, 154
Trd, 000070.717, 153
Trd, 000071.333, 150
Trd, 000072.133, 150
Trd, 000072.483, 149
Trd, 000073.483, 148
Trd, 000074.250, 146
Trd, 000074.300, 145.0
Trd, 000074.433, 146
Trd, 000074.533, 148
Trd, 000074.667, 144.0
Trd, 000075.167, 151.0
Trd, 000076.733, 147
Trd, 000077.117, 145
Trd, 000077.500, 143
Trd, 000078.833, 143
Trd, 000078.983, 144
Trd, 000079.017, 144
Trd, 000079.733, 144
Trd, 000080.517, 144
Trd, 000081.300, 143
Trd, 000081.317, 145
Trd, 000081.967, 144
Trd, 000082.367, 148.0
Trd, 000083.283, 148
Trd, 000084.083, 148.0
Trd, 000085.033, 145
Trd, 000085.283, 145
Trd, 000085.600, 144
Trd, 000085.883, 144.0
Trd, 000086.350, 144
Trd, 000086.500, 144
Trd, 000086.667, 145
Trd, 000087.333, 146
Trd, 000087.683, 147
Trd, 000090.967, 145
Trd, 000092.200, 145.0
Trd, 000092.483, 144
Trd, 000093.600, 144.0
Trd, 000094.200, 145
Trd, 000094.533, 145
Trd, 000095.283, 128.0
Trd, 000095.617, 127.0
Trd, 000095.650, 145
Trd, 000096.217, 145
Trd, 000096.983, 147.0
Trd, 000097.217, 144
Trd, 000098.200, 144
Trd, 000098.783, 145.0
Trd, 000099.300, 145
Trd, 000099.383, 147
Trd, 000099.567, 148.0
Trd, 000099.817, 151.0
Trd, 000100.167, 144.0
Trd, 000100.250, 162
Trd, 000101.750, 147
Trd, 000102.117, 156
Trd, 000102.800, 162.0
Trd, 000105.650, 149
Trd, 000105.983, 142
Trd, 000106.250, 148
Trd, 000106.300, 149
Trd, 000106.567, 146
Trd, 000106.883, 147
Trd, 000107.200, 145
Trd, 000108.067, 146
Trd, 000108.283, 144
Trd, 000108.567, 152
Trd, 000108.817, 150
Trd, 000109.283, 143
Trd, 000110.200, 148.0
Trd, 000111.650, 145
Trd, 000111.850, 144.0
Trd, 000112.900, 144
Trd, 000113.133, 146
Trd, 000113.233, 144
Trd, 000113.800, 146
Trd, 000114.767, 144
Trd, 000114.950, 144
Trd, 000115.283, 143
Trd, 000115.783, 148.0
Trd, 000116.117, 144
Trd, 000117.533, 146
Trd, 000117.600, 148
Trd, 000119.017, 160.0
Trd, 000119.317, 147
Trd, 000119.550, 146
Trd, 000120.533, 148.0
Trd, 000121.450, 150
Trd, 000121.700, 148
Trd, 000121.783, 148.0
Trd, 000122.017, 147
Trd, 000122.967, 145
Trd, 000123.250, 128.0
Trd, 000124.100, 140
Trd, 000125.350, 144
Trd, 000125.400, 151.0
Trd, 000127.633, 143
Trd, 000128.000, 144
Trd, 000128.133, 140
Trd, 000128.700, 144
Trd, 000128.733, 144.0
Trd, 000129.717, 145
Trd, 000130.283, 162.0
Trd, 000130.700, 155
Trd, 000131.233, 150
Trd, 000132.617, 153
Trd, 000133.133, 155
Trd, 000133.533, 163.0
Trd, 000133.850, 165.0
Trd, 000134.767, 152
Trd, 000135.267, 148.0
Trd, 000135.517, 150
Trd, 000136.367, 156
Trd, 000136.450, 160
Trd, 000137.400, 157
Trd, 000138.817, 150
Trd, 000140.050, 150
Trd, 000140.617, 149
Trd, 000140.767, 154
Trd, 000141.100, 148
Trd, 000141.200, 147
Trd, 000142.233, 146
Trd, 000143.083, 147.0
Trd, 000143.483, 148
Trd, 000144.183, 148
Trd, 000144.817, 144
Trd, 000144.883, 144
Trd, 000146.233, 144
Trd, 000146.717, 144
Trd, 000147.167, 143
Trd, 000147.833, 144
Trd, 000148.283, 146.0
Trd, 000149.417, 145.0
Trd, 000150.217, 148.0
Trd, 000150.283, 142
Trd, 000152.867, 147
Trd, 000153.233, 148
Trd, 000153.850, 148.0
Trd, 000154.067, 145.0
Trd, 000154.700, 148
Trd, 000155.667, 144
Trd, 000156.200, 146
Trd, 000156.300, 144.0
Trd, 000156.600, 148
Trd, 000157.483, 149
Trd, 000158.250, 148.0
Trd, 000158.650, 145
Trd, 000159.517, 144
Trd, 000159.717, 144
Trd, 000160.133, 149
Trd, 000160.717, 134
Trd, 000161.417, 143
Trd, 000161.767, 144.0
Trd, 000162.817, 148
Trd, 000163.533, 140
Trd, 000163.967, 144
Trd, 000164.717, 143
Trd, 000164.817, 142
Trd, 000165.250, 143
Trd, 000165.500, 144
Trd, 000165.683, 148.0
Trd, 000166.533, 150.0
Trd, 000167.417, 147.0
Trd, 000168.783, 145.0
Trd, 000169.683, 146
Trd, 000169.933, 147.0
Trd, 000170.367, 148.0
Trd, 000171.217, 145
Trd, 000171.800, 144.0
Trd, 000172.117, 146
Trd, 000172.650, 146
Trd, 000173.767, 145
Trd, 000174.667, 146
Trd, 000175.033, 146
Trd, 000175.450, 147
Trd, 000176.867, 146
Trd, 000177.367, 146
Trd, 000177.567, 147
Trd, 000177.833, 148.0
Trd, 000178.183, 145
Trd, 000178.250, 151.0
Trd, 000178.900, 147
Trd, 000179.983, 148
Trd, 000180.450, 148
Trd, 000182.350, 148
Trd, 000182.367, 146
Trd, 000182.500, 151
Trd, 000182.800, 161.0
Trd, 000183.733, 158.0
Trd, 000184.050, 156
Trd, 000185.233, 153
Trd, 000185.867, 151
Trd, 000186.783, 149
Trd, 000186.933, 148
Trd, 000187.433, 126
Trd, 000187.883, 151
Trd, 000188.700, 143
Trd, 000189.800, 148
Trd, 000190.450, 145
Trd, 000191.867, 146
Trd, 000191.917, 146
Trd, 000192.033, 147
Trd, 000192.400, 144
Trd, 000192.717, 151.0
Trd, 000193.417, 148.0
Trd, 000194.683, 144.0
Trd, 000194.867, 143
Trd, 000195.250, 145
Trd, 000196.083, 142
Trd, 000196.333, 130.0
Trd, 000198.283, 143.0
Trd, 000198.300, 144.0
Trd, 000199.067, 142
Trd, 000199.317, 142
Trd, 000199.500, 142
Trd, 000200.317, 142
Trd, 000200.983, 143
Trd, 000201.200, 147
Trd, 000203.767, 145
Trd, 000204.133, 143
Trd, 000204.550, 145
Trd, 000206.050, 143
Trd, 000206.267, 146
Trd, 000206.683, 145
Trd, 000206.883, 144
Trd, 000207.483, 142
Trd, 000207.900, 145
Trd, 000208.233, 143
Trd, 000208.933, 143
Trd, 000210.533, 137
Trd, 000210.883, 124
Trd, 000211.183, 144.0
Trd, 000211.517, 140
Trd, 000212.250, 134
Trd, 000212.533, 133
Trd, 000214.717, 139
Trd, 000215.000, 139
Trd, 000215.083, 132
Trd, 000215.200, 141.0
Trd, 000216.583, 144.0
Trd, 000216.800, 147
Trd, 000216.817, 141
Trd, 000217.633, 148.0
Trd, 000218.417, 148
Trd, 000220.133, 145
Trd, 000220.200, 146
Trd, 000220.267, 145
Trd, 000220.450, 144.0
Trd, 000221.133, 143
Trd, 000221.700, 147
Trd, 000222.950, 147.0
Trd, 000223.133, 144
Trd, 000223.150, 148.0
Trd, 000225.600, 148
Trd, 000225.717, 148
Trd, 000225.767, 148.0
Trd, 000226.800, 146
Trd, 000227.367, 144
Trd, 000227.600, 144.0
Trd, 000228.017, 145
Trd, 000228.117, 144
Trd, 000228.950, 140
Trd, 000229.717, 139
Trd, 000230.333, 144.0
Trd, 000231.583, 141
Trd, 000231.617, 143
Trd, 000231.683, 138
Trd, 000232.300, 137
Trd, 000232.700, 143
Trd, 000233.017, 147.0
Trd, 000233.450, 148.0
Trd, 000233.917, 140
Trd, 000234.467, 144
Trd, 000234.883, 127
Trd, 000235.917, 140
Trd, 000236.900, 135
Trd, 000238.533, 137
Trd, 000238.917, 136
Trd, 000239.000, 136
Trd, 000239.133, 141.0
Trd, 000239.883, 141
Trd, 000240.550, 143.0
Trd, 000240.833, 143
Trd, 000241.350, 144.0
Trd, 000241.383, 145.0
Trd, 000241.617, 160.0
Trd, 000242.183, 143
Trd, 000242.833, 147
Trd, 000243.083, 148
Trd, 000243.733, 148
Trd, 000244.267, 148.0
Trd, 000244.300, 145
Trd, 000244.483, 148
Trd, 000244.717, 149
Trd, 000244.783, 148
Trd, 000245.500, 148
Trd, 000245.600, 147
Trd, 000245.900, 147
Trd, 000246.483, 148.0
Trd, 000246.983, 146
Trd, 000247.483, 148
Trd, 000247.817, 150.0
Trd, 000247.950, 151.0
Trd, 000248.717, 148
Trd, 000249.417, 147.0
Trd, 000250.350, 144.0
Trd, 000250.383, 144
Trd, 000251.550, 141.0
Trd, 000251.567, 141.0
Trd, 000252.183, 141
Trd, 000252.700, 151.0
Trd, 000252.800, 162.0
Trd, 000253.150, 144
Trd, 000254.017, 146
Trd, 000254.567, 146
Trd, 000254.733, 148.0
Trd, 000255.283, 147
Trd, 000255.600, 143
Trd, 000255.850, 144
Trd, 000256.600, 144
Trd, 000256.883, 144
Trd, 000257.450, 145
Trd, 000257.633, 146
Trd, 000257.767, 143
Trd, 000258.500, 147
Trd, 000258.750, 149
Trd, 000258.883, 146
Trd, 000259.200, 149
Trd, 000259.267, 151.0
Trd, 000259.317, 145
Trd, 000259.900, 152
Trd, 000261.250, 149
Trd, 000261.383, 149
Trd, 000261.450, 150
Trd, 000261.800, 162.0
Trd, 000262.800, 151
Trd, 000263.500, 151
Trd, 000263.883, 150
Trd, 000264.350, 150
Trd, 000265.083, 151.0
Trd, 000265.367, 151
Trd, 000265.500, 150
Trd, 000265.850, 152
Trd, 000265.983, 154
Trd, 000266.150, 161.0
Trd, 000267.200, 149
Trd, 000267.733, 155.0
Trd, 000268.083, 153.0
Trd, 000268.250, 148.0
Trd, 000268.650, 153
Trd, 000268.800, 153
Trd, 000270.033, 148
Trd, 000270.200, 146.0
Trd, 000270.917, 141
Trd, 000271.017, 137.0
Trd, 000271.033, 142
Trd, 000271.233, 143.0
Trd, 000271.900, 128.0
Trd, 000272.900, 142
Trd, 000273.550, 142
Trd, 000273.833, 138.0
Trd, 000274.183, 144.0
Trd, 000274.750, 147.0
Trd, 000275.333, 148.0
Trd, 000276.217, 147
Trd, 000276.517, 147
Trd, 000276.533, 145.0
Trd, 000277.117, 150.0
Trd, 000277.683, 144.0
Trd, 000278.283, 144
Trd, 000278.333, 143
Trd, 000278.417, 150
Trd, 000279.050, 144
Trd, 000279.117, 150
Trd, 000279.267, 151.0
Trd, 000280.817, 155.0
Trd, 000280.950, 153
Trd, 000281.433, 154.0
Trd, 000281.767, 153
Trd, 000282.100, 155.0
Trd, 000282.383, 152
Trd, 000282.533, 154
Trd, 000282.933, 155
Trd, 000283.283, 162.0
Trd, 000284.300, 152
Trd, 000285.267, 149.0
Trd, 000285.550, 147.0
Trd, 000285.683, 148.0
Trd, 000285.750, 149
Trd, 000286.217, 145.0
Trd, 000286.467, 148.0
Trd, 000286.833, 144.0
Trd, 000286.850, 149
Trd, 000287.183, 137.0
Trd, 000287.733, 137.0
Trd, 000287.767, 142
Trd, 000288.567, 147.0
Trd, 000289.150, 148.0
Trd, 000289.433, 151.0
Trd, 000290.267, 152
Trd, 000290.783, 152
Trd, 000291.283, 153
Trd, 000291.533, 151
Trd, 000292.100, 153
Trd, 000292.200, 151
Trd, 000292.333, 150
Trd, 000293.067, 155.0
Trd, 000293.550, 153
Trd, 000294.000, 154
Trd, 000294.483, 157
Trd, 000295.333, 153
Trd, 000295.400, 153
Trd, 000295.467, 144
Trd, 000295.767, 154.0
Trd, 000295.917, 162.0
Trd, 000296.700, 148.0
Trd, 000296.850, 162.0
Trd, 000296.917, 138.0
Trd, 000297.567, 165.0
Trd, 000298.517, 162.0
Trd, 000299.033, 155.0
Trd, 000299.133, 152
