Trd, 000001.150, 168.0
Trd, 000001.250, 173
Trd, 000002.467, 179.0
Trd, 000002.900, 126
Trd, 000004.050, 135
Trd, 000005.183, 139
Trd, 000005.300, 140
Trd, 000005.550, 137
Trd, 000005.583, 138
Trd, 000006.450, 136
Trd, 000007.433, 149
Trd, 000007.483, 151.0
Trd, 000007.517, 155
Trd, 000007.933, 138
Trd, 000008.433, 147
Trd, 000008.667, 142
Trd, 000009.467, 143.0
Trd, 000010.050, 148
Trd, 000010.350, 142
Trd, 000011.167, 150
Trd, 000011.583, 143.0
Trd, 000012.567, 149
Trd, 000012.600, 150
Trd, 000012.767, 151
Trd, 000013.717, 150.0
Trd, 000013.933, 143.0
Trd, 000014.200, 150
Trd, 000014.467, 151.0
Trd, 000014.583, 151
Trd, 000015.250, 143
Trd, 000015.283, 143
Trd, 000015.533, 142.0
Trd, 000015.867, 156
Trd, 000016.267, 141.0
Trd, 000016.817, 148
Trd, 000017.150, 147
Trd, 000019.100, 140
Trd, 000019.250, 141
Trd, 000020.500, 142
Trd, 000021.217, 145
Trd, 000021.317, 150
Trd, 000021.500, 150
Trd, 000022.167, 143
Trd, 000022.567, 150
Trd, 000022.933, 151.0
Trd, 000022.983, 144
Trd, 000023.317, 144
Trd, 000024.083, 148
Trd, 000024.833, 142
Trd, 000026.050, 142.0
Trd, 000026.200, 146
Trd, 000027.250, 146
Trd, 000027.933, 143.0
Trd, 000027.950, 148
Trd, 000029.133, 143
Trd, 000029.833, 145
Trd, 000030.500, 142
Trd, 000031.333, 145
Trd, 000031.883, 145
Trd, 000031.933, 142.0
Trd, 000032.367, 141
Trd, 000032.433, 147
Trd, 000033.033, 148
Trd, 000033.267, 136
Trd, 000035.183, 148
Trd, 000035.333, 150.0
Trd, 000035.500, 151.0
Trd, 000035.533, 141
Trd, 000036.067, 154
Trd, 000036.950, 154
Trd, 000037.250, 153
Trd, 000037.917, 154
Trd, 000038.033, 155
Trd, 000038.283, 156
Trd, 000038.500, 146
Trd, 000040.317, 147
Trd, 000040.767, 148
Trd, 000041.200, 156
Trd, 000041.300, 156
Trd, 000041.967, 152
Trd, 000042.967, 155
Trd, 000043.067, 149
Trd, 000043.433, 147
Trd, 000044.500, 158.0
Trd, 000045.067, 149
Trd, 000045.300, 146
Trd, 000045.483, 156
Trd, 000045.517, 145
Trd, 000047.150, 136
Trd, 000047.417, 166.0
Trd, 000047.450, 168.0
Trd, 000048.100, 148
Trd, 000048.950, 148
Trd, 000050.283, 154
Trd, 000050.567, 152
Trd, 000050.767, 155
Trd, 000050.833, 156
Trd, 000050.967, 148
Trd, 000052.550, 153
Trd, 000053.767, 155
Trd, 000053.783, 153
Trd, 000054.033, 142
Trd, 000054.567, 154
Trd, 000054.867, 143.0
Trd, 000055.783, 143
Trd, 000055.817, 151.0
Trd, 000056.367, 150
Trd, 000056.500, 143
Trd, 000056.633, 141.0
Trd, 000057.600, 149
Trd, 000057.900, 148
Trd, 000057.917, 151.0
Trd, 000058.183, 152
Trd, 000059.017, 155
Trd, 000059.417, 153
Trd, 000060.550, 156
Trd, 000060.783, 158.0
Trd, 000061.067, 146
Trd, 000061.100, 143
Trd, 000061.950, 156
Trd, 000062.483, 166.0
Trd, 000063.283, 160
Trd, 000064.000, 142
Trd, 000064.200, 157
Trd, 000065.250, 153
Trd, 000066.117, 147
Trd, 000066.150, 145
Trd, 000066.467, 143
Trd, 000066.750, 141.0
Trd, 000066.833, 151
Trd, 000067.633, 151
Trd, 000067.900, 154
Trd, 000068.617, 148
Trd, 000068.800, 155
Trd, 000069.750, 168.0
Trd, 000070.450, 157
Trd, 000070.983, 157.0
Trd, 000072.083, 147
Trd, 000072.200, 142
Trd, 000072.817, 155
Trd, 000073.550, 158.0
Trd, 000074.083, 157
Trd, 000074.100, 152
Trd, 000075.217, 162
Trd, 000075.833, 151
Trd, 000075.917, 154
Trd, 000075.983, 155
Trd, 000076.150, 151
Trd, 000078.883, 154
Trd, 000078.933, 148
Trd, 000078.983, 155
Trd, 000079.150, 154
Trd, 000079.433, 144
Trd, 000079.717, 145
Trd, 000080.100, 155
Trd, 000080.267, 142
Trd, 000081.117, 154.0
Trd, 000083.300, 156.0
Trd, 000083.617, 158.0
Trd, 000083.900, 156
Trd, 000084.383, 172
Trd, 000084.733, 147
Trd, 000084.750, 146
Trd, 000084.883, 149
Trd, 000086.167, 156
Trd, 000087.333, 146
Trd, 000088.017, 155
Trd, 000088.133, 155
Trd, 000088.250, 152
Trd, 000089.100, 151
Trd, 000089.117, 164.0
Trd, 000089.917, 149
Trd, 000090.650, 152
Trd, 000091.100, 153
Trd, 000092.567, 155
Trd, 000092.600, 158.0
Trd, 000092.633, 152
Trd, 000095.917, 143
Trd, 000096.000, 151
Trd, 000096.167, 150
Trd, 000096.900, 148
Trd, 000097.050, 151.0
Trd, 000097.350, 152
Trd, 000097.817, 155
Trd, 000099.100, 148
Trd, 000099.350, 147
Trd, 000099.650, 146
Trd, 000099.817, 151
Trd, 000100.133, 152
Trd, 000101.333, 153
Trd, 000102.133, 155.0
Trd, 000102.217, 144
Trd, 000103.383, 147
Trd, 000103.500, 156.0
Trd, 000104.400, 151
Trd, 000105.433, 151
Trd, 000106.000, 151
Trd, 000106.550, 151.0
Trd, 000106.650, 153
Trd, 000107.583, 150
Trd, 000107.717, 150
Trd, 000108.300, 152
Trd, 000108.467, 153
Trd, 000108.550, 152
Trd, 000108.900, 147
Trd, 000109.183, 148
Trd, 000110.000, 151.0
Trd, 000110.817, 152
Trd, 000111.783, 150
Trd, 000112.267, 146
Trd, 000113.750, 153
Trd, 000114.017, 155
Trd, 000114.233, 158.0
Trd, 000114.300, 147
Trd, 000114.467, 157
Trd, 000114.567, 143
Trd, 000115.417, 150
Trd, 000115.700, 149
Trd, 000116.167, 146
Trd, 000116.750, 146
Trd, 000117.267, 145
Trd, 000117.600, 151.0
Trd, 000117.850, 151
Trd, 000118.567, 144
Trd, 000118.850, 152
Trd, 000119.233, 155
Trd, 000119.583, 154
Trd, 000120.550, 146
Trd, 000120.700, 158.0
Trd, 000120.750, 155
Trd, 000121.517, 147
Trd, 000121.967, 146
Trd, 000122.350, 168.0
Trd, 000122.783, 172
Trd, 000123.783, 162
Trd, 000123.817, 168.0
Trd, 000124.000, 157
Trd, 000124.483, 155
Trd, 000126.000, 155
Trd, 000126.200, 154
Trd, 000126.750, 153
Trd, 000128.233, 156
Trd, 000128.983, 152
Trd, 000130.200, 152
Trd, 000130.417, 152
Trd, 000130.683, 151
Trd, 000130.733, 150
Trd, 000132.867, 152
Trd, 000133.350, 148
Trd, 000133.533, 146
Trd, 000133.650, 155
Trd, 000134.850, 152
Trd, 000135.100, 150
Trd, 000135.550, 149
Trd, 000135.850, 143
Trd, 000135.983, 154
Trd, 000136.383, 154
Trd, 000136.617, 153
Trd, 000138.133, 149
Trd, 000138.700, 152
Trd, 000138.917, 147
Trd, 000139.533, 142
Trd, 000140.733, 152
Trd, 000141.150, 152
Trd, 000141.600, 145
Trd, 000141.667, 145
Trd, 000142.217, 144
Trd, 000143.683, 145
Trd, 000143.800, 146
Trd, 000145.033, 146
Trd, 000145.867, 144
Trd, 000145.917, 147
Trd, 000145.950, 151.0
Trd, 000146.517, 149
Trd, 000146.700, 142
Trd, 000147.317, 148
Trd, 000147.333, 141.0
Trd, 000147.533, 148
Trd, 000148.383, 139
Trd, 000148.767, 141
Trd, 000149.100, 145
Trd, 000149.150, 151.0
Trd, 000149.333, 155
Trd, 000150.000, 154
Trd, 000150.283, 156.0
Trd, 000150.967, 156
Trd, 000152.250, 147
Trd, 000152.550, 154
Trd, 000153.000, 143
Trd, 000153.450, 150
Trd, 000153.717, 141
Trd, 000153.733, 155
Trd, 000155.817, 147
Trd, 000155.833, 151
Trd, 000156.650, 146
Trd, 000156.750, 150
Trd, 000156.933, 150
Trd, 000157.283, 158.0
Trd, 000158.417, 151.0
Trd, 000158.433, 151
Trd, 000158.600, 151.0
Trd, 000158.983, 152
Trd, 000159.000, 143
Trd, 000159.017, 156
Trd, 000159.500, 160
Trd, 000160.783, 146
Trd, 000160.800, 145
Trd, 000161.817, 144
Trd, 000162.150, 154
Trd, 000163.233, 145
Trd, 000163.700, 149
Trd, 000163.833, 148
Trd, 000165.083, 148
Trd, 000165.767, 143
Trd, 000166.750, 143
Trd, 000166.800, 149
Trd, 000167.150, 151.0
Trd, 000167.767, 154
Trd, 000168.417, 158.0
Trd, 000168.650, 157
Trd, 000169.183, 168.0
Trd, 000170.717, 149
Trd, 000170.933, 169
Trd, 000171.100, 142
Trd, 000171.600, 159
Trd, 000172.317, 152
Trd, 000172.450, 141.0
Trd, 000173.117, 150
Trd, 000173.300, 149
Trd, 000173.767, 151.0
Trd, 000174.583, 150
Trd, 000174.700, 147
Trd, 000175.517, 155
Trd, 000176.033, 151
Trd, 000176.150, 150
Trd, 000176.517, 141.0
Trd, 000176.667, 135
Trd, 000176.850, 152
Trd, 000177.983, 138
Trd, 000178.267, 136
Trd, 000179.733, 138
Trd, 000180.217, 146
Trd, 000180.250, 149
Trd, 000180.300, 150
Trd, 000180.550, 145
Trd, 000180.767, 150.0
Trd, 000181.067, 145
Trd, 000182.383, 147
Trd, 000183.283, 144
Trd, 000183.683, 148
Trd, 000184.283, 147
Trd, 000184.350, 149.0
Trd, 000185.350, 150
Trd, 000185.917, 151.0
Trd, 000186.383, 148
Trd, 000187.100, 154
Trd, 000187.233, 146
Trd, 000187.550, 152
Trd, 000188.283, 155
Trd, 000188.567, 158.0
Trd, 000189.383, 153
Trd, 000189.517, 153
Trd, 000189.683, 167.0
Trd, 000190.750, 152
Trd, 000191.000, 158
Trd, 000191.233, 143
Trd, 000192.083, 138
Trd, 000192.333, 153
Trd, 000195.567, 153
Trd, 000196.183, 155
Trd, 000196.267, 157.0
Trd, 000196.700, 168.0
Trd, 000197.317, 151
Trd, 000197.867, 152
Trd, 000198.667, 147
Trd, 000199.217, 145
Trd, 000199.367, 154
Trd, 000199.483, 155
Trd, 000199.533, 156
Trd, 000200.750, 144
Trd, 000201.333, 156
Trd, 000201.633, 149
Trd, 000202.100, 154
Trd, 000202.633, 152
Trd, 000203.383, 150
Trd, 000203.717, 154
Trd, 000203.867, 155
Trd, 000203.950, 155
Trd, 000204.200, 154
Trd, 000204.400, 155
Trd, 000204.683, 149
Trd, 000204.700, 147
Trd, 000205.083, 153
Trd, 000205.733, 143
Trd, 000206.133, 154
Trd, 000206.500, 141.0
Trd, 000206.650, 156.0
Trd, 000207.217, 158.0
Trd, 000207.433, 157
Trd, 000208.483, 168.0
Trd, 000208.583, 157
Trd, 000209.333, 157
Trd, 000210.050, 156
Trd, 000210.317, 166
Trd, 000210.567, 155
Trd, 000210.583, 144
Trd, 000211.117, 141
Trd, 000211.433, 141.0
Trd, 000211.983, 141
Trd, 000212.517, 146
Trd, 000212.967, 140
Trd, 000213.483, 142
Trd, 000214.233, 143
Trd, 000214.783, 148
Trd, 000215.667, 154
Trd, 000216.317, 149
Trd, 000216.533, 151
Trd, 000216.867, 152
Trd, 000217.217, 153
Trd, 000217.783, 154
Trd, 000219.350, 148
Trd, 000220.400, 149
Trd, 000220.933, 149
Trd, 000221.650, 147
Trd, 000222.667, 142
Trd, 000223.533, 150
Trd, 000223.950, 143.0
Trd, 000224.633, 148
Trd, 000224.683, 149
Trd, 000225.517, 146.0
Trd, 000225.767, 150
Trd, 000225.933, 155
Trd, 000226.117, 158.0
Trd, 000226.283, 145.0
Trd, 000226.617, 147
Trd, 000226.950, 167.0
Trd, 000227.617, 146
Trd, 000228.283, 146
Trd, 000228.817, 143
Trd, 000228.950, 166.0
Trd, 000229.233, 145
Trd, 000231.267, 150
Trd, 000231.667, 158
Trd, 000232.000, 156
Trd, 000233.667, 149
Trd, 000233.783, 147
Trd, 000234.033, 150
Trd, 000234.183, 151
Trd, 000234.483, 151.0
Trd, 000234.550, 142
Trd, 000235.750, 155
Trd, 000236.000, 152
Trd, 000237.350, 156
Trd, 000237.483, 155
Trd, 000238.150, 155
Trd, 000238.217, 166
Trd, 000239.233, 160
Trd, 000239.400, 159
Trd, 000239.867, 166.0
Trd, 000240.517, 154
Trd, 000240.833, 160
Trd, 000241.500, 154.0
Trd, 000241.550, 156.0
Trd, 000241.633, 145
Trd, 000242.000, 150
Trd, 000242.067, 146
Trd, 000242.817, 148
Trd, 000243.283, 148
Trd, 000243.600, 155
Trd, 000244.017, 155
Trd, 000244.250, 152
Trd, 000244.300, 155
Trd, 000244.800, 157
Trd, 000245.233, 156.0
Trd, 000245.317, 155
Trd, 000246.033, 154
Trd, 000246.350, 152
Trd, 000246.750, 157.0
Trd, 000247.767, 157
Trd, 000247.783, 151.0
Trd, 000248.033, 151
Trd, 000248.050, 157
Trd, 000250.683, 157.0
Trd, 000250.800, 156
Trd, 000251.017, 155
Trd, 000251.383, 157.0
Trd, 000251.583, 157
Trd, 000252.650, 152.0
Trd, 000253.333, 154.0
Trd, 000253.633, 153
Trd, 000253.683, 154
Trd, 000253.867, 155.0
Trd, 000254.017, 155.0
Trd, 000254.167, 152.0
Trd, 000255.183, 151.0
Trd, 000256.683, 150
Trd, 000256.817, 147
Trd, 000257.017, 145
Trd, 000257.200, 143
Trd, 000257.217, 150
Trd, 000257.550, 148
Trd, 000257.833, 142
Trd, 000258.017, 141
Trd, 000258.333, 141.0
Trd, 000258.800, 142
Trd, 000258.817, 145
Trd, 000259.700, 152
Trd, 000260.167, 141
Trd, 000260.533, 153
Trd, 000261.700, 151
Trd, 000262.133, 151.0
Trd, 000262.417, 155
Trd, 000262.667, 153
Trd, 000263.133, 150.0
Trd, 000263.183, 154.0
Trd, 000264.033, 156.0
Trd, 000264.600, 153.0
Trd, 000264.867, 155
Trd, 000265.433, 154.0
Trd, 000265.633, 155.0
Trd, 000266.150, 151.0
Trd, 000266.250, 158.0
Trd, 000267.733, 152
Trd, 000267.767, 155
Trd, 000268.017, 154
Trd, 000268.350, 149
Trd, 000268.750, 161.0
Trd, 000268.783, 147
Trd, 000268.833, 162.0
Trd, 000268.867, 164.0
Trd, 000269.633, 157
Trd, 000271.383, 158
Trd, 000272.367, 156
Trd, 000272.783, 151.0
Trd, 000272.950, 147
Trd, 000273.117, 143
Trd, 000273.250, 156
Trd, 000273.517, 155
Trd, 000274.483, 153
Trd, 000274.867, 152
Trd, 000275.383, 155
Trd, 000275.700, 154
Trd, 000275.950, 152.0
Trd, 000276.633, 153
Trd, 000276.867, 151.0
Trd, 000277.433, 151
Trd, 000277.450, 147
Trd, 000277.817, 151
Trd, 000277.917, 154
Trd, 000278.233, 165.0
Trd, 000279.133, 151.0
Trd, 000279.183, 147
Trd, 000281.817, 149
Trd, 000282.083, 148
Trd, 000282.317, 151
Trd, 000282.367, 146
Trd, 000282.550, 151
Trd, 000282.617, 151
Trd, 000282.683, 153
Trd, 000283.233, 152
Trd, 000284.067, 147
Trd, 000284.350, 153
Trd, 000284.667, 153
Trd, 000285.683, 154
Trd, 000285.883, 153
Trd, 000286.200, 152
Trd, 000286.567, 153
Trd, 000287.367, 154
Trd, 000287.450, 151.0
Trd, 000287.517, 147
Trd, 000287.983, 143
Trd, 000288.567, 155
Trd, 000288.850, 149
Trd, 000289.050, 165.0
Trd, 000289.300, 154.0
Trd, 000289.367, 141.0
Trd, 000289.750, 150
Trd, 000290.000, 136
Trd, 000290.133, 156
Trd, 000290.867, 165.0
Trd, 000291.117, 150
Trd, 000291.267, 146
Trd, 000291.683, 141
Trd, 000292.217, 154
Trd, 000292.467, 167.0
Trd, 000292.633, 167.0
Trd, 000293.950, 153.0
Trd, 000294.217, 152
Trd, 000294.450, 152.0
Trd, 000294.467, 151.0
Trd, 000295.183, 155
Trd, 000295.550, 148
Trd, 000296.000, 153
Trd, 000296.867, 151.0
Trd, 000296.950, 152
Trd, 000297.467, 151
Trd, 000297.517, 147
Trd, 000297.917, 152
Trd, 000297.933, 144
Trd, 000298.167, 153
Trd, 000298.433, 151.0
Trd, 000299.583, 152
Trd, 000299.900, 145
