Trd, 000002.250, 145
Trd, 000002.617, 130
Trd, 000002.650, 130
Trd, 000002.983, 119
Trd, 000003.317, 134.0
Trd, 000004.200, 126
Trd, 000004.383, 145
Trd, 000004.767, 149
Trd, 000006.367, 157
Trd, 000006.400, 154
Trd, 000006.450, 151
Trd, 000006.800, 151
Trd, 000007.467, 155
Trd, 000007.650, 153
Trd, 000007.867, 159.0
Trd, 000008.233, 154
Trd, 000008.983, 159.0
Trd, 000010.733, 160
Trd, 000010.983, 160
Trd, 000011.967, 158
Trd, 000012.917, 157
Trd, 000013.283, 156
Trd, 000014.133, 155
Trd, 000014.217, 154
Trd, 000014.367, 158
Trd, 000014.800, 159
Trd, 000015.950, 155.0
Trd, 000016.133, 156
Trd, 000016.550, 155.0
Trd, 000016.950, 157
Trd, 000017.517, 156
Trd, 000017.717, 155
Trd, 000017.967, 154
Trd, 000018.117, 152
Trd, 000018.283, 151.0
Trd, 000018.317, 139
Trd, 000018.500, 159.0
Trd, 000018.667, 131.0
Trd, 000020.733, 154
Trd, 000022.017, 142
Trd, 000023.500, 143
Trd, 000023.517, 152
Trd, 000024.050, 143
Trd, 000024.317, 153
Trd, 000024.350, 162.0
Trd, 000024.667, 143
Trd, 000024.833, 143
Trd, 000025.683, 157
Trd, 000027.567, 154
Trd, 000027.683, 153
Trd, 000029.000, 153
Trd, 000029.867, 154
Trd, 000029.917, 152
Trd, 000029.983, 152
Trd, 000030.367, 153
Trd, 000030.817, 153
Trd, 000030.900, 152
Trd, 000031.317, 155
Trd, 000031.667, 151.0
Trd, 000032.450, 155
Trd, 000032.517, 152
Trd, 000032.867, 152
Trd, 000034.183, 152
Trd, 000034.917, 153
Trd, 000035.317, 153
Trd, 000035.850, 153
Trd, 000035.950, 152
Trd, 000036.483, 154
Trd, 000037.833, 152
Trd, 000037.883, 151
Trd, 000037.917, 152
Trd, 000038.483, 151.0
Trd, 000038.650, 152
Trd, 000039.117, 153
Trd, 000039.617, 151
Trd, 000039.667, 155
Trd, 000040.183, 150
Trd, 000040.767, 150
Trd, 000041.683, 154
Trd, 000041.983, 150
Trd, 000042.500, 139
Trd, 000043.067, 156
Trd, 000044.217, 152
Trd, 000044.333, 159.0
Trd, 000044.917, 153
Trd, 000045.400, 153
Trd, 000045.817, 155
Trd, 000045.917, 152
Trd, 000046.100, 153
Trd, 000047.650, 157.0
Trd, 000047.967, 157.0
Trd, 000048.450, 156.0
Trd, 000049.933, 156
Trd, 000050.233, 155
Trd, 000050.733, 155
Trd, 000051.000, 155
Trd, 000051.200, 154
Trd, 000051.767, 154
Trd, 000052.567, 156
Trd, 000053.183, 153
Trd, 000053.283, 151.0
Trd, 000053.583, 152
Trd, 000054.800, 152
Trd, 000055.533, 151
Trd, 000055.550, 151.0
Trd, 000055.850, 151
Trd, 000056.600, 150
Trd, 000057.033, 151
Trd, 000057.667, 152
Trd, 000058.483, 151.0
Trd, 000058.967, 152
Trd, 000059.800, 151
Trd, 000059.867, 152
Trd, 000060.083, 151
Trd, 000060.833, 151
Trd, 000061.300, 151
Trd, 000061.533, 151
Trd, 000062.650, 152
Trd, 000062.733, 151.0
Trd, 000064.000, 151
Trd, 000064.200, 153
Trd, 000064.317, 155
Trd, 000065.167, 134.0
Trd, 000065.533, 134.0
Trd, 000065.733, 133
Trd, 000066.100, 145
Trd, 000066.683, 153
Trd, 000067.100, 152
Trd, 000067.983, 140
Trd, 000068.250, 141
Trd, 000069.800, 147
Trd, 000070.367, 148
Trd, 000070.967, 149
Trd, 000071.017, 149
Trd, 000071.383, 148
Trd, 000071.450, 149
Trd, 000072.617, 149
Trd, 000072.867, 149
Trd, 000073.583, 149
Trd, 000073.750, 150
Trd, 000074.333, 150
Trd, 000074.600, 150
Trd, 000074.667, 150
Trd, 000075.117, 150
Trd, 000075.950, 149
Trd, 000075.967, 148
Trd, 000076.117, 151
Trd, 000078.150, 150
Trd, 000078.317, 150
Trd, 000078.800, 152
Trd, 000079.000, 149
Trd, 000079.533, 149
Trd, 000079.950, 155
Trd, 000080.383, 147
Trd, 000080.517, 134.0
Trd, 000081.467, 140
Trd, 000083.150, 140
Trd, 000083.700, 149
Trd, 000083.850, 150
Trd, 000084.733, 142
Trd, 000085.150, 142
Trd, 000085.183, 141
Trd, 000085.317, 142
Trd, 000085.333, 141
Trd, 000086.683, 144
Trd, 000087.100, 146
Trd, 000088.150, 146
Trd, 000088.267, 147
Trd, 000088.733, 145
Trd, 000088.800, 145
Trd, 000090.133, 144
Trd, 000090.783, 145
Trd, 000091.183, 144
Trd, 000091.383, 143
Trd, 000092.600, 147
Trd, 000093.600, 146
Trd, 000094.467, 144
Trd, 000094.517, 148
Trd, 000094.600, 142
Trd, 000094.833, 143
Trd, 000096.000, 143
Trd, 000096.783, 156
Trd, 000097.267, 162.0
Trd, 000097.917, 158.0
Trd, 000097.967, 155
Trd, 000097.983, 154
Trd, 000098.950, 155
Trd, 000099.150, 150
Trd, 000100.600, 155
Trd, 000100.700, 153
Trd, 000100.983, 152
Trd, 000101.350, 153
Trd, 000102.150, 153
Trd, 000102.600, 155
Trd, 000102.633, 152
Trd, 000103.267, 157
Trd, 000103.933, 156
Trd, 000104.517, 162.0
Trd, 000105.933, 157
Trd, 000106.117, 156
Trd, 000106.783, 155
Trd, 000106.983, 156
Trd, 000108.867, 154
Trd, 000109.400, 155
Trd, 000109.833, 155
Trd, 000109.900, 154
Trd, 000109.983, 154
Trd, 000110.000, 154
Trd, 000110.333, 152.0
Trd, 000111.250, 155
Trd, 000111.767, 156
Trd, 000112.150, 160
Trd, 000112.250, 154
Trd, 000113.117, 156
Trd, 000113.467, 155
Trd, 000113.883, 154
Trd, 000114.433, 155
Trd, 000114.750, 155
Trd, 000115.667, 154
Trd, 000115.683, 153
Trd, 000115.867, 153
Trd, 000115.883, 155
Trd, 000116.400, 151.0
Trd, 000117.600, 156
Trd, 000117.683, 151
Trd, 000117.950, 153
Trd, 000118.167, 160.0
Trd, 000118.967, 152
Trd, 000120.817, 150
Trd, 000121.000, 151
Trd, 000121.500, 150
Trd, 000121.667, 149
Trd, 000121.717, 150
Trd, 000121.967, 147
Trd, 000122.033, 146
Trd, 000123.383, 163.0
Trd, 000123.400, 162.0
Trd, 000124.167, 154
Trd, 000124.817, 152
Trd, 000124.850, 152
Trd, 000125.317, 139
Trd, 000126.567, 150
Trd, 000126.733, 149
Trd, 000126.850, 148
Trd, 000127.333, 151
Trd, 000128.517, 148
Trd, 000128.750, 148
Trd, 000129.450, 146
Trd, 000129.800, 149
Trd, 000130.567, 149
Trd, 000130.617, 145
Trd, 000130.817, 145
Trd, 000131.467, 148
Trd, 000132.167, 147
Trd, 000133.283, 148
Trd, 000134.050, 149
Trd, 000134.383, 149
Trd, 000134.883, 147
Trd, 000135.583, 150
Trd, 000135.867, 154
Trd, 000136.183, 148
Trd, 000137.483, 152
Trd, 000137.717, 149
Trd, 000137.867, 148
Trd, 000138.467, 148
Trd, 000138.550, 147
Trd, 000140.033, 146
Trd, 000140.067, 145
Trd, 000140.267, 135.0
Trd, 000140.517, 148
Trd, 000140.917, 149
Trd, 000141.833, 141
Trd, 000142.617, 138
Trd, 000142.900, 132.0
Trd, 000144.867, 139
Trd, 000144.967, 146
Trd, 000145.317, 138
Trd, 000145.633, 135
Trd, 000145.750, 145
Trd, 000146.883, 139
Trd, 000147.800, 140
Trd, 000147.950, 140
Trd, 000148.767, 141
Trd, 000149.217, 143
Trd, 000149.500, 144
Trd, 000149.517, 144
Trd, 000149.767, 148
Trd, 000151.083, 142
Trd, 000151.367, 149
Trd, 000151.600, 145
Trd, 000151.850, 144
Trd, 000152.283, 143
Trd, 000153.117, 142
Trd, 000153.583, 144
Trd, 000153.700, 146
Trd, 000155.383, 152
Trd, 000156.150, 152
Trd, 000156.583, 152.0
Trd, 000156.667, 151.0
Trd, 000157.083, 154
Trd, 000158.817, 155
Trd, 000158.850, 155
Trd, 000159.200, 156
Trd, 000159.250, 154
Trd, 000159.550, 154
Trd, 000159.667, 155
Trd, 000161.083, 155
Trd, 000161.650, 159.0
Trd, 000162.000, 156
Trd, 000162.533, 155
Trd, 000163.250, 153
Trd, 000164.133, 136
Trd, 000164.617, 134.0
Trd, 000165.200, 149
Trd, 000165.467, 144
Trd, 000165.783, 149
Trd, 000165.800, 150
Trd, 000165.850, 143
Trd, 000166.200, 152
Trd, 000167.433, 150
Trd, 000167.650, 151
Trd, 000167.683, 150
Trd, 000168.000, 151
Trd, 000168.017, 155
Trd, 000169.517, 151
Trd, 000169.800, 150
Trd, 000169.983, 150
Trd, 000171.717, 159.0
Trd, 000172.000, 149
Trd, 000172.900, 148
Trd, 000173.700, 136
Trd, 000173.733, 136.0
Trd, 000174.633, 141
Trd, 000175.550, 143
Trd, 000176.000, 146
Trd, 000176.367, 155
Trd, 000176.817, 145
Trd, 000177.467, 143
Trd, 000177.633, 149
Trd, 000177.683, 145
Trd, 000178.967, 146
Trd, 000178.983, 145
Trd, 000179.450, 146
Trd, 000179.600, 148
Trd, 000179.617, 149
Trd, 000179.917, 145
Trd, 000181.250, 144
Trd, 000182.633, 145
Trd, 000182.867, 148
Trd, 000183.017, 149
Trd, 000183.850, 154
Trd, 000184.100, 154
Trd, 000184.450, 153
Trd, 000184.533, 155
Trd, 000184.550, 153
Trd, 000186.217, 139
Trd, 000186.317, 155
Trd, 000186.600, 134.0
Trd, 000186.867, 134.0
Trd, 000187.967, 147
Trd, 000188.100, 148
Trd, 000188.533, 146
Trd, 000189.567, 146
Trd, 000190.350, 149
Trd, 000190.550, 148
Trd, 000191.133, 146
Trd, 000191.267, 146
Trd, 000191.933, 148
Trd, 000192.583, 145
Trd, 000192.733, 144
Trd, 000192.817, 155
Trd, 000193.100, 131.0
Trd, 000193.817, 126
Trd, 000193.833, 125
Trd, 000196.117, 141
Trd, 000196.267, 143
Trd, 000196.583, 142
Trd, 000196.950, 143
Trd, 000198.333, 142
Trd, 000198.383, 148
Trd, 000198.567, 141
Trd, 000198.867, 168.0
Trd, 000199.083, 154
Trd, 000199.767, 158
Trd, 000200.983, 159
Trd, 000201.050, 156
Trd, 000201.167, 156
Trd, 000202.033, 156
Trd, 000202.383, 154
Trd, 000203.567, 154
Trd, 000203.817, 153.0
Trd, 000204.650, 153
Trd, 000204.667, 153
Trd, 000205.233, 154
Trd, 000205.767, 153
Trd, 000205.983, 152
Trd, 000206.383, 155
Trd, 000207.017, 151
Trd, 000207.533, 151
Trd, 000207.733, 151
Trd, 000207.917, 150
Trd, 000208.367, 151
Trd, 000208.550, 150
Trd, 000210.650, 152
Trd, 000210.717, 151.0
Trd, 000210.867, 150
Trd, 000211.050, 150
Trd, 000211.233, 151
Trd, 000211.317, 155
Trd, 000211.500, 162.0
Trd, 000212.317, 152
Trd, 000212.533, 151
Trd, 000212.700, 151
Trd, 000212.800, 153
Trd, 000213.583, 155
Trd, 000214.750, 157
Trd, 000215.517, 157
Trd, 000216.283, 158
Trd, 000216.550, 160
Trd, 000216.800, 156
Trd, 000217.167, 155
Trd, 000217.317, 154
Trd, 000217.583, 156
Trd, 000217.900, 153
Trd, 000218.667, 135.0
Trd, 000218.950, 135.0
Trd, 000220.300, 148
Trd, 000220.683, 144
Trd, 000220.867, 145
Trd, 000221.583, 144
Trd, 000223.767, 145
Trd, 000223.967, 146
Trd, 000224.217, 144
Trd, 000224.233, 162.0
Trd, 000225.700, 149
Trd, 000226.017, 152
Trd, 000226.033, 155
Trd, 000226.117, 146
Trd, 000226.267, 146
Trd, 000226.700, 146
Trd, 000226.817, 144
Trd, 000226.867, 143
Trd, 000227.050, 134.0
Trd, 000227.417, 131.0
Trd, 000227.550, 151
Trd, 000229.600, 133.0
Trd, 000230.317, 143
Trd, 000230.617, 144
Trd, 000233.150, 144
Trd, 000233.200, 148
Trd, 000233.433, 143
Trd, 000233.550, 140
Trd, 000233.633, 140
Trd, 000235.417, 145
Trd, 000236.033, 146
Trd, 000236.383, 148
Trd, 000236.900, 147
Trd, 000237.117, 148
Trd, 000237.650, 148
Trd, 000237.683, 147
Trd, 000238.567, 147
Trd, 000239.200, 146
Trd, 000240.033, 146
Trd, 000240.083, 146
Trd, 000240.683, 148
Trd, 000240.733, 145
Trd, 000241.650, 148
Trd, 000241.767, 148.0
Trd, 000242.833, 148
Trd, 000243.133, 147
Trd, 000243.783, 147
Trd, 000244.950, 155
Trd, 000245.117, 151
Trd, 000245.167, 151
Trd, 000245.450, 148.0
Trd, 000245.800, 155
Trd, 000246.250, 150
Trd, 000246.783, 150
Trd, 000246.867, 155.0
Trd, 000247.367, 151
Trd, 000248.250, 153
Trd, 000248.767, 151
Trd, 000248.783, 150
Trd, 000249.483, 150
Trd, 000249.600, 150
Trd, 000250.217, 149.0
Trd, 000250.233, 151
Trd, 000250.783, 148.0
Trd, 000251.150, 148
Trd, 000251.867, 148
Trd, 000252.250, 149
Trd, 000252.983, 145
Trd, 000253.317, 143
Trd, 000255.267, 146
Trd, 000255.900, 144
Trd, 000256.033, 143
Trd, 000256.083, 141
Trd, 000256.433, 147
Trd, 000256.750, 139.0
Trd, 000257.200, 138.0
Trd, 000257.567, 138.0
Trd, 000258.033, 146
Trd, 000258.750, 139
Trd, 000259.183, 143
Trd, 000259.350, 140
Trd, 000259.550, 144
Trd, 000259.900, 139
Trd, 000260.900, 145
Trd, 000260.967, 148
Trd, 000261.883, 155
Trd, 000262.450, 148
Trd, 000263.200, 148
Trd, 000263.333, 148.0
Trd, 000263.383, 149
Trd, 000264.400, 148
Trd, 000264.633, 149
Trd, 000264.683, 148
Trd, 000264.833, 147
Trd, 000265.733, 147
Trd, 000266.150, 147
Trd, 000267.083, 148
Trd, 000267.250, 148
Trd, 000267.267, 149
Trd, 000268.383, 158.0
Trd, 000269.300, 156
Trd, 000269.450, 151
Trd, 000269.783, 146
Trd, 000271.183, 153
Trd, 000271.583, 152
Trd, 000271.617, 151
Trd, 000271.933, 151
Trd, 000271.950, 151.0
Trd, 000272.017, 151
Trd, 000273.050, 153
Trd, 000273.383, 151
Trd, 000273.483, 150
Trd, 000273.850, 148.0
Trd, 000273.950, 152
Trd, 000275.683, 153
Trd, 000275.767, 147
Trd, 000277.117, 152
Trd, 000277.367, 152
Trd, 000277.800, 153.0
Trd, 000277.883, 156.0
Trd, 000278.000, 158.0
Trd, 000278.183, 151
Trd, 000279.483, 153
Trd, 000279.567, 153
Trd, 000280.000, 152
Trd, 000280.417, 151
Trd, 000281.500, 143
Trd, 000282.117, 148
Trd, 000282.400, 149
Trd, 000282.917, 148
Trd, 000282.950, 148
Trd, 000283.217, 150
Trd, 000283.650, 150
Trd, 000284.000, 149
Trd, 000284.633, 149.0
Trd, 000284.667, 148.0
Trd, 000285.383, 157.0
Trd, 000285.450, 158.0
Trd, 000285.933, 149
Trd, 000286.133, 150
Trd, 000287.900, 149
Trd, 000288.117, 148
Trd, 000288.550, 149.0
Trd, 000289.017, 148.0
Trd, 000289.450, 150
Trd, 000289.683, 150
Trd, 000289.833, 148
Trd, 000290.200, 150
Trd, 000291.267, 147
Trd, 000291.283, 151
Trd, 000292.400, 150
Trd, 000292.650, 150.0
Trd, 000293.050, 149.0
Trd, 000293.933, 150
Trd, 000294.567, 152
Trd, 000294.933, 155
Trd, 000295.167, 158.0
Trd, 000295.267, 152
Trd, 000296.050, 151
Trd, 000296.133, 151.0
Trd, 000296.150, 156
Trd, 000296.367, 157
Trd, 000296.933, 157
Trd, 000298.317, 157
Trd, 000298.483, 156
Trd, 000298.650, 156
Trd, 000298.783, 157.0
Trd, 000299.083, 154
Trd, 000299.633, 153
Trd, 000299.883, 155
