Trd, 000002.000, 165
Trd, 000004.333, 130
Trd, 000004.450, 129
Trd, 000004.700, 123
Trd, 000004.933, 125
Trd, 000005.083, 138
Trd, 000005.683, 139
Trd, 000005.817, 148.0
Trd, 000006.167, 143
Trd, 000006.667, 134
Trd, 000007.050, 142
Trd, 000007.067, 144
Trd, 000007.567, 133
Trd, 000008.600, 147
Trd, 000008.900, 147
Trd, 000009.017, 148.0
Trd, 000009.033, 162.0
Trd, 000011.950, 149.0
Trd, 000013.233, 147
Trd, 000013.567, 151.0
Trd, 000013.883, 146
Trd, 000014.767, 147
Trd, 000015.450, 148
Trd, 000015.733, 160.0
Trd, 000017.867, 148.0
Trd, 000018.017, 148
Trd, 000019.283, 149.0
Trd, 000020.017, 147
Trd, 000020.067, 148
Trd, 000020.650, 150
Trd, 000021.217, 148.0
Trd, 000022.100, 148.0
Trd, 000022.150, 150
Trd, 000022.883, 148.0
Trd, 000023.467, 148.0
Trd, 000023.600, 147.0
Trd, 000025.017, 148
Trd, 000025.717, 147
Trd, 000028.100, 147
Trd, 000028.267, 146
Trd, 000028.500, 147
Trd, 000029.600, 145
Trd, 000030.483, 148
Trd, 000031.667, 148
Trd, 000031.883, 148.0
Trd, 000033.133, 148.0
Trd, 000034.533, 146
Trd, 000034.700, 147
Trd, 000034.783, 146
Trd, 000035.550, 145
Trd, 000035.783, 144
Trd, 000036.483, 146
Trd, 000036.867, 144.0
Trd, 000037.567, 144
Trd, 000038.567, 148.0
Trd, 000038.650, 147.0
Trd, 000040.583, 148
Trd, 000041.050, 148
Trd, 000041.817, 148
Trd, 000042.150, 148
Trd, 000042.583, 148
Trd, 000043.100, 147
Trd, 000044.967, 148
Trd, 000045.000, 148.0
Trd, 000047.200, 148
Trd, 000047.783, 148.0
Trd, 000049.517, 149
Trd, 000052.250, 150.0
Trd, 000052.283, 151.0
Trd, 000052.400, 150
Trd, 000054.267, 150
Trd, 000054.883, 148
Trd, 000055.000, 148
Trd, 000055.567, 144.0
Trd, 000055.850, 150
Trd, 000056.200, 148
Trd, 000056.783, 149.0
Trd, 000056.833, 142.0
Trd, 000057.567, 141.0
Trd, 000057.700, 148
Trd, 000058.767, 150
Trd, 000059.383, 148
Trd, 000060.400, 148.0
Trd, 000060.800, 147.0
Trd, 000060.850, 144.0
Trd, 000061.167, 143
Trd, 000064.200, 145
Trd, 000064.583, 146.0
Trd, 000065.250, 146
Trd, 000065.383, 145.0
Trd, 000067.083, 147
Trd, 000067.900, 148.0
Trd, 000068.183, 151.0
Trd, 000068.300, 147
Trd, 000068.633, 145
Trd, 000070.517, 145
Trd, 000071.600, 146.0
Trd, 000072.317, 148.0
Trd, 000072.833, 145.0
Trd, 000074.217, 144
Trd, 000074.783, 146
Trd, 000074.917, 147
Trd, 000075.367, 148.0
Trd, 000077.267, 147
Trd, 000077.583, 144.0
Trd, 000078.533, 148
Trd, 000079.000, 146
Trd, 000079.167, 145.0
Trd, 000080.233, 144.0
Trd, 000080.950, 141.0
Trd, 000081.500, 146
Trd, 000082.333, 148.0
Trd, 000082.617, 148
Trd, 000084.467, 146
Trd, 000085.450, 145
Trd, 000086.367, 146
Trd, 000086.567, 144
Trd, 000086.767, 147
Trd, 000087.850, 145
Trd, 000088.383, 144.0
Trd, 000088.500, 144
Trd, 000089.700, 144.0
Trd, 000090.350, 143.0
Trd, 000090.717, 145
Trd, 000090.783, 144
Trd, 000092.283, 145.0
Trd, 000092.467, 162.0
Trd, 000094.117, 145
Trd, 000095.233, 146
Trd, 000096.800, 145.0
Trd, 000097.650, 145
Trd, 000097.933, 145
Trd, 000098.117, 145.0
Trd, 000098.783, 146.0
Trd, 000099.017, 147
Trd, 000099.200, 145
Trd, 000100.050, 145.0
Trd, 000100.583, 148.0
Trd, 000100.600, 144
Trd, 000100.917, 151.0
Trd, 000101.617, 162.0
Trd, 000103.083, 144.0
Trd, 000105.117, 145
Trd, 000105.333, 146
Trd, 000105.717, 146
Trd, 000106.200, 145
Trd, 000106.467, 148
Trd, 000106.667, 147
Trd, 000108.233, 146
Trd, 000108.250, 145
Trd, 000109.383, 147
Trd, 000109.467, 147
Trd, 000109.500, 148.0
Trd, 000110.500, 151.0
Trd, 000110.683, 147
Trd, 000111.567, 151
Trd, 000112.100, 151
Trd, 000112.617, 152
Trd, 000114.800, 153
Trd, 000115.283, 151
Trd, 000116.483, 148.0
Trd, 000116.700, 150
Trd, 000117.117, 149
Trd, 000117.233, 150
Trd, 000117.283, 156
Trd, 000117.517, 148
Trd, 000118.367, 152
Trd, 000118.417, 162.0
Trd, 000119.100, 153
Trd, 000119.883, 144.0
Trd, 000119.950, 142.0
Trd, 000120.700, 157
Trd, 000120.817, 158
Trd, 000121.450, 159
Trd, 000123.050, 149
Trd, 000123.917, 150
Trd, 000124.933, 149
Trd, 000125.167, 149
Trd, 000125.500, 148
Trd, 000125.967, 148.0
Trd, 000126.250, 144.0
Trd, 000126.950, 151
Trd, 000128.533, 146.0
Trd, 000129.000, 145.0
Trd, 000129.750, 146
Trd, 000130.883, 147
Trd, 000131.217, 148.0
Trd, 000131.500, 151.0
Trd, 000131.883, 146.0
Trd, 000132.383, 148.0
Trd, 000134.067, 148
Trd, 000134.983, 145.0
Trd, 000135.883, 144.0
Trd, 000136.733, 146
Trd, 000137.100, 147
Trd, 000137.250, 147
Trd, 000137.433, 147
Trd, 000139.233, 146
Trd, 000140.917, 146
Trd, 000141.317, 145
Trd, 000141.567, 145
Trd, 000141.850, 146
Trd, 000142.067, 148.0
Trd, 000142.300, 146
Trd, 000142.517, 148
Trd, 000143.167, 146
Trd, 000144.083, 145.0
Trd, 000145.067, 149.0
Trd, 000145.317, 149.0
Trd, 000147.067, 144.0
Trd, 000147.667, 148.0
Trd, 000148.000, 143
Trd, 000149.050, 146
Trd, 000149.217, 145
Trd, 000150.033, 146
Trd, 000150.967, 145
Trd, 000151.200, 144.0
Trd, 000151.217, 142.0
Trd, 000152.483, 145
Trd, 000154.533, 145
Trd, 000155.000, 144.0
Trd, 000155.533, 143.0
Trd, 000156.283, 144
Trd, 000156.683, 143
Trd, 000157.600, 145.0
Trd, 000158.050, 144
Trd, 000158.633, 147
Trd, 000159.533, 145.0
Trd, 000159.767, 148.0
Trd, 000159.883, 143.0
Trd, 000159.950, 151.0
Trd, 000160.533, 143
Trd, 000160.800, 150
Trd, 000164.483, 148.0
Trd, 000165.017, 149
Trd, 000165.383, 148
Trd, 000165.467, 145
Trd, 000165.667, 147
Trd, 000166.883, 148.0
Trd, 000167.150, 148
Trd, 000167.333, 148.0
Trd, 000168.617, 151.0
Trd, 000169.567, 152
Trd, 000170.200, 150
Trd, 000170.917, 162.0
Trd, 000172.967, 151
Trd, 000173.117, 149.0
Trd, 000173.333, 141.0
Trd, 000174.383, 146.0
Trd, 000175.400, 146
Trd, 000176.900, 145.0
Trd, 000177.200, 146
Trd, 000178.517, 144.0
Trd, 000179.950, 144.0
Trd, 000180.233, 145
Trd, 000180.367, 148
Trd, 000180.683, 145
Trd, 000182.033, 145
Trd, 000182.917, 147
Trd, 000184.383, 147
Trd, 000184.600, 145
Trd, 000185.050, 148
Trd, 000185.917, 147
Trd, 000185.950, 146
Trd, 000186.300, 146
Trd, 000187.083, 147
Trd, 000187.533, 146.0
Trd, 000187.983, 147.0
Trd, 000188.867, 148.0
Trd, 000189.533, 147
Trd, 000189.933, 147
Trd, 000190.383, 146
Trd, 000191.350, 147.0
Trd, 000192.317, 147
Trd, 000193.450, 148
Trd, 000193.550, 148.0
Trd, 000194.300, 148
Trd, 000194.917, 148
Trd, 000195.250, 149
Trd, 000195.567, 151.0
Trd, 000198.000, 147
Trd, 000198.050, 151
Trd, 000199.033, 147
Trd, 000199.467, 151.0
Trd, 000200.067, 156.0
Trd, 000200.200, 146
Trd, 000201.033, 162
Trd, 000201.200, 149
Trd, 000202.500, 150
Trd, 000202.767, 150.0
Trd, 000203.517, 147.0
Trd, 000203.733, 146.0
Trd, 000204.783, 148.0
Trd, 000205.117, 143.0
Trd, 000206.050, 147
Trd, 000207.150, 145
Trd, 000207.917, 147.0
Trd, 000209.150, 144.0
Trd, 000211.600, 145
Trd, 000211.933, 144
Trd, 000213.117, 144.0
Trd, 000213.833, 144
Trd, 000214.367, 145
Trd, 000215.333, 150
Trd, 000215.850, 149.0
Trd, 000216.350, 151.0
Trd, 000217.250, 148.0
Trd, 000217.967, 149
Trd, 000218.267, 148
Trd, 000218.633, 148
Trd, 000220.867, 149
Trd, 000220.900, 148
Trd, 000221.200, 148
Trd, 000221.933, 148
Trd, 000222.250, 150.0
Trd, 000222.333, 145
Trd, 000223.283, 145.0
Trd, 000223.617, 148
Trd, 000223.650, 149
Trd, 000224.550, 144.0
Trd, 000226.400, 146.0
Trd, 000228.167, 148
Trd, 000229.017, 148.0
Trd, 000229.800, 148
Trd, 000230.700, 148.0
Trd, 000230.967, 151
Trd, 000232.150, 145
Trd, 000232.250, 146
Trd, 000232.350, 141.0
Trd, 000233.083, 149
Trd, 000233.467, 143
Trd, 000233.817, 149
Trd, 000234.433, 148.0
Trd, 000234.933, 148
Trd, 000235.000, 147.0
Trd, 000236.267, 147
Trd, 000237.317, 148
Trd, 000238.417, 150.0
Trd, 000239.000, 149
Trd, 000239.700, 149
Trd, 000240.017, 148
Trd, 000240.183, 150
Trd, 000240.333, 150.0
Trd, 000240.417, 149.0
Trd, 000240.533, 148
Trd, 000240.567, 149.0
Trd, 000241.117, 147
Trd, 000241.217, 151.0
Trd, 000242.217, 157.0
Trd, 000242.983, 146
Trd, 000243.617, 152
Trd, 000243.717, 151
Trd, 000243.950, 151
Trd, 000244.017, 150.0
Trd, 000244.433, 150
Trd, 000244.600, 162.0
Trd, 000245.800, 151
Trd, 000245.867, 152
Trd, 000246.117, 153
Trd, 000246.933, 150
Trd, 000246.967, 162.0
Trd, 000247.217, 149
Trd, 000247.517, 149.0
Trd, 000247.750, 148.0
Trd, 000248.500, 144.0
Trd, 000249.367, 137.0
Trd, 000249.467, 137.0
Trd, 000249.483, 138
Trd, 000249.750, 141
Trd, 000250.050, 143
Trd, 000250.400, 148
Trd, 000252.017, 148.0
Trd, 000252.200, 148
Trd, 000252.400, 149
Trd, 000252.683, 149
Trd, 000253.750, 149.0
Trd, 000254.167, 151.0
Trd, 000254.750, 151.0
Trd, 000255.767, 154
Trd, 000256.217, 155.0
Trd, 000256.517, 151
Trd, 000256.817, 156.0
Trd, 000257.283, 150
Trd, 000257.617, 149
Trd, 000257.700, 153
Trd, 000257.883, 152.0
Trd, 000258.567, 148.0
Trd, 000258.983, 151
Trd, 000259.283, 161.0
Trd, 000259.533, 149.0
Trd, 000259.583, 148.0
Trd, 000260.617, 157
Trd, 000260.750, 158.0
Trd, 000261.050, 157
Trd, 000261.433, 158
Trd, 000261.983, 154
Trd, 000262.967, 155
Trd, 000263.050, 154
Trd, 000263.417, 153
Trd, 000264.400, 155
Trd, 000264.767, 155.0
Trd, 000265.017, 154.0
Trd, 000265.050, 158
Trd, 000265.450, 160.0
Trd, 000265.600, 153.0
Trd, 000266.800, 158.0
Trd, 000266.933, 158.0
Trd, 000267.000, 153.0
Trd, 000267.450, 153.0
Trd, 000267.650, 153.0
Trd, 000267.833, 148.0
Trd, 000268.350, 149
Trd, 000268.500, 156
Trd, 000269.250, 164
Trd, 000270.500, 159
Trd, 000272.067, 159
Trd, 000272.317, 159
Trd, 000272.550, 162.0
Trd, 000272.633, 164.0
Trd, 000272.900, 161
Trd, 000273.900, 159.0
Trd, 000274.400, 158
Trd, 000275.183, 161.0
Trd, 000275.367, 154
Trd, 000276.317, 160.0
Trd, 000276.567, 155.0
Trd, 000277.467, 155.0
Trd, 000278.117, 148.0
Trd, 000278.167, 149
Trd, 000278.600, 144.0
Trd, 000279.000, 148.0
Trd, 000279.117, 141.0
Trd, 000279.500, 148
Trd, 000279.550, 146.0
Trd, 000279.967, 150
Trd, 000280.200, 152
Trd, 000282.567, 149.0
Trd, 000282.867, 148.0
Trd, 000283.350, 149.0
Trd, 000283.533, 148
Trd, 000283.650, 150
Trd, 000283.850, 162.0
Trd, 000284.033, 158
Trd, 000284.283, 164
Trd, 000284.633, 155.0
Trd, 000284.767, 154
Trd, 000285.483, 154
Trd, 000286.517, 143
Trd, 000286.550, 144
Trd, 000286.817, 148
Trd, 000287.433, 149
Trd, 000288.350, 153
Trd, 000288.667, 149.0
Trd, 000288.733, 149.0
Trd, 000288.983, 151.0
Trd, 000290.033, 147.0
Trd, 000290.333, 148.0
Trd, 000290.483, 144.0
Trd, 000290.700, 162.0
Trd, 000291.233, 148.0
Trd, 000291.367, 149.0
Trd, 000291.417, 150
Trd, 000291.883, 149
Trd, 000292.183, 147
Trd, 000292.217, 146
Trd, 000293.483, 144.0
Trd, 000294.383, 148.0
Trd, 000294.883, 148.0
Trd, 000295.367, 149
Trd, 000295.400, 147.0
Trd, 000295.517, 150
Trd, 000296.050, 150
Trd, 000296.533, 150.0
Trd, 000296.683, 151.0
Trd, 000296.900, 162.0
Trd, 000298.683, 152
Trd, 000299.083, 163.0
