Trd, 000001.600, 149
Trd, 000001.683, 158
Trd, 000001.717, 135
Trd, 000002.283, 142
Trd, 000002.367, 143
Trd, 000002.867, 133
Trd, 000003.967, 132
Trd, 000004.717, 137
Trd, 000004.883, 157
Trd, 000006.433, 136
Trd, 000006.817, 141
Trd, 000007.617, 137
Trd, 000008.117, 137
Trd, 000008.267, 138
Trd, 000008.400, 139
Trd, 000009.183, 131.0
Trd, 000009.250, 140
Trd, 000009.350, 124.0
Trd, 000009.567, 148.0
Trd, 000010.217, 161
Trd, 000010.300, 162.0
Trd, 000012.083, 161
Trd, 000013.267, 139
Trd, 000013.333, 138
Trd, 000013.683, 140
Trd, 000014.867, 137
Trd, 000014.900, 138
Trd, 000014.950, 136
Trd, 000015.167, 140
Trd, 000015.517, 148
Trd, 000016.117, 148.0
Trd, 000017.000, 154
Trd, 000017.300, 132
Trd, 000018.750, 138
Trd, 000018.783, 140
Trd, 000018.983, 144
Trd, 000019.333, 147.0
Trd, 000019.600, 148.0
Trd, 000020.283, 137
Trd, 000021.000, 153
Trd, 000021.650, 138
Trd, 000021.733, 137
Trd, 000021.750, 127.0
Trd, 000022.300, 148
Trd, 000022.750, 120.0
Trd, 000022.967, 148.0
Trd, 000024.300, 136
Trd, 000024.633, 152
Trd, 000024.900, 155
Trd, 000026.200, 159
Trd, 000026.383, 143
Trd, 000026.517, 160
Trd, 000028.067, 158.0
Trd, 000028.633, 156.0
Trd, 000028.650, 157.0
Trd, 000029.117, 154
Trd, 000029.300, 143
Trd, 000029.583, 142
Trd, 000030.100, 142
Trd, 000030.550, 143
Trd, 000031.050, 142
Trd, 000031.783, 145
Trd, 000032.250, 146
Trd, 000032.283, 140
Trd, 000033.050, 147
Trd, 000033.983, 142
Trd, 000034.217, 146
Trd, 000034.300, 148.0
Trd, 000035.000, 158
Trd, 000035.350, 151
Trd, 000035.583, 162.0
Trd, 000035.750, 158
Trd, 000035.800, 141
Trd, 000035.900, 156
Trd, 000038.000, 157
Trd, 000038.550, 158
Trd, 000038.567, 150
Trd, 000040.167, 158.0
Trd, 000041.083, 155
Trd, 000041.367, 157.0
Trd, 000041.733, 156
Trd, 000041.900, 158.0
Trd, 000041.983, 148
Trd, 000042.667, 147
Trd, 000042.767, 158
Trd, 000043.283, 157
Trd, 000044.033, 127
Trd, 000044.583, 157
Trd, 000044.983, 140
Trd, 000045.500, 138
Trd, 000045.683, 148
Trd, 000046.383, 147
Trd, 000046.633, 138
Trd, 000046.650, 149
Trd, 000047.200, 137
Trd, 000047.283, 159
Trd, 000047.550, 138
Trd, 000047.750, 148.0
Trd, 000047.783, 127.0
Trd, 000048.000, 149
Trd, 000048.683, 150
Trd, 000049.183, 158
Trd, 000049.933, 153
Trd, 000050.783, 157
Trd, 000051.517, 148
Trd, 000052.133, 148.0
Trd, 000052.217, 154
Trd, 000052.717, 155
Trd, 000054.200, 145
Trd, 000054.483, 147
Trd, 000054.583, 136
Trd, 000054.783, 148
Trd, 000055.983, 142
Trd, 000056.400, 139
Trd, 000057.833, 141
Trd, 000058.300, 142
Trd, 000058.383, 143
Trd, 000058.800, 144
Trd, 000058.867, 150
Trd, 000058.933, 154
Trd, 000059.433, 155
Trd, 000059.883, 143
Trd, 000060.350, 143
Trd, 000061.250, 141
Trd, 000061.467, 140
Trd, 000061.533, 148.0
Trd, 000062.683, 149
Trd, 000062.800, 146
Trd, 000062.833, 129
Trd, 000062.933, 157
Trd, 000063.633, 146
Trd, 000064.017, 148.0
Trd, 000065.800, 142
Trd, 000065.983, 140
Trd, 000066.650, 141
Trd, 000067.000, 139
Trd, 000067.283, 140
Trd, 000067.350, 142
Trd, 000067.733, 148.0
Trd, 000068.033, 145
Trd, 000068.550, 156
Trd, 000069.417, 144
Trd, 000069.883, 154
Trd, 000070.483, 152
Trd, 000071.133, 158
Trd, 000071.383, 144
Trd, 000071.767, 161.0
Trd, 000072.700, 155
Trd, 000073.167, 151
Trd, 000073.450, 153
Trd, 000073.650, 151
Trd, 000074.067, 153
Trd, 000074.500, 151
Trd, 000074.600, 151
Trd, 000075.033, 147
Trd, 000075.733, 155
Trd, 000075.817, 162.0
Trd, 000076.033, 140
Trd, 000076.500, 153
Trd, 000077.450, 151
Trd, 000078.583, 157
Trd, 000078.683, 156
Trd, 000078.700, 155
Trd, 000079.600, 158
Trd, 000079.933, 160
Trd, 000080.167, 155
Trd, 000080.483, 161.0
Trd, 000080.733, 156
Trd, 000081.167, 160
Trd, 000081.333, 160
Trd, 000082.633, 157
Trd, 000082.867, 158
Trd, 000083.400, 156
Trd, 000083.517, 158.0
Trd, 000083.533, 156
Trd, 000083.917, 147
Trd, 000083.933, 162.0
Trd, 000085.650, 141
Trd, 000085.717, 148.0
Trd, 000087.100, 147.0
Trd, 000087.483, 146
Trd, 000087.950, 148.0
Trd, 000088.033, 146
Trd, 000088.317, 148
Trd, 000088.400, 149
Trd, 000089.000, 155
Trd, 000089.067, 158
Trd, 000089.317, 158
Trd, 000089.617, 147
Trd, 000090.450, 159
Trd, 000090.983, 145
Trd, 000091.383, 140
Trd, 000091.483, 158.0
Trd, 000091.500, 159.0
Trd, 000092.783, 156
Trd, 000093.017, 157
Trd, 000093.217, 158
Trd, 000093.233, 158
Trd, 000094.100, 156
Trd, 000095.333, 156
Trd, 000095.617, 155
Trd, 000096.250, 147
Trd, 000096.483, 155
Trd, 000096.567, 156
Trd, 000096.600, 138
Trd, 000097.883, 153
Trd, 000098.500, 151
Trd, 000098.667, 148
Trd, 000098.750, 127.0
Trd, 000099.300, 143
Trd, 000100.017, 139
Trd, 000100.233, 148.0
Trd, 000101.967, 141
Trd, 000102.167, 143
Trd, 000102.400, 141
Trd, 000102.500, 148.0
Trd, 000103.683, 153
Trd, 000103.867, 154
Trd, 000104.217, 141
Trd, 000104.233, 160
Trd, 000104.800, 139
Trd, 000105.083, 152
Trd, 000105.400, 155
Trd, 000105.667, 154
Trd, 000106.083, 154
Trd, 000106.983, 151
Trd, 000107.900, 156
Trd, 000108.717, 155
Trd, 000108.867, 148
Trd, 000109.800, 158
Trd, 000109.933, 146
Trd, 000110.517, 146
Trd, 000110.633, 145
Trd, 000110.800, 152
Trd, 000111.067, 140
Trd, 000112.667, 143
Trd, 000112.700, 144
Trd, 000113.017, 162.0
Trd, 000114.933, 143.0
Trd, 000115.133, 148.0
Trd, 000115.450, 140
Trd, 000115.683, 155
Trd, 000115.983, 161
Trd, 000116.000, 143
Trd, 000116.583, 159
Trd, 000116.700, 145
Trd, 000117.567, 147.0
Trd, 000117.583, 148.0
Trd, 000117.850, 154
Trd, 000118.533, 158
Trd, 000118.550, 146
Trd, 000118.967, 162.0
Trd, 000119.200, 172.0
Trd, 000119.600, 140
Trd, 000119.783, 130
Trd, 000120.017, 149
Trd, 000120.250, 152
Trd, 000120.967, 149
Trd, 000121.433, 181
Trd, 000121.550, 168
Trd, 000122.250, 178
Trd, 000123.017, 148
Trd, 000123.233, 147
Trd, 000124.183, 149
Trd, 000124.233, 138
Trd, 000125.267, 145
Trd, 000125.800, 145
Trd, 000126.100, 147
Trd, 000126.817, 146
Trd, 000126.883, 157
Trd, 000127.767, 146.0
Trd, 000127.883, 148.0
Trd, 000128.800, 146
Trd, 000129.617, 146
Trd, 000129.767, 145
Trd, 000130.617, 147
Trd, 000130.733, 155
Trd, 000132.017, 145
Trd, 000132.100, 140
Trd, 000132.133, 157
Trd, 000132.383, 147
Trd, 000132.783, 147.0
Trd, 000133.133, 148.0
Trd, 000133.250, 141
Trd, 000133.400, 157
Trd, 000133.567, 158
Trd, 000134.567, 142
Trd, 000135.667, 144
Trd, 000135.833, 143
Trd, 000136.117, 144
Trd, 000137.417, 143
Trd, 000137.833, 143
Trd, 000138.267, 144
Trd, 000138.333, 139
Trd, 000138.383, 131
Trd, 000138.483, 145
Trd, 000139.000, 138
Trd, 000139.417, 148.0
Trd, 000140.233, 156
Trd, 000140.350, 156
Trd, 000140.483, 155
Trd, 000141.650, 155
Trd, 000142.550, 147
Trd, 000144.133, 148
Trd, 000144.317, 149
Trd, 000144.350, 147
Trd, 000144.500, 158
Trd, 000144.967, 148.0
Trd, 000145.083, 162.0
Trd, 000146.567, 153
Trd, 000147.117, 149
Trd, 000148.200, 150
Trd, 000148.317, 155
Trd, 000148.383, 154
Trd, 000148.900, 153
Trd, 000150.150, 155
Trd, 000151.050, 151
Trd, 000151.167, 150
Trd, 000151.217, 147
Trd, 000151.250, 154
Trd, 000151.833, 148.0
Trd, 000152.367, 155
Trd, 000152.550, 158
Trd, 000152.700, 140
Trd, 000153.567, 144
Trd, 000154.750, 153
Trd, 000155.167, 154
Trd, 000155.450, 150
Trd, 000155.533, 152
Trd, 000155.733, 149
Trd, 000155.983, 147
Trd, 000156.117, 157
Trd, 000156.667, 146
Trd, 000156.983, 139
Trd, 000157.350, 148.0
Trd, 000158.517, 149
Trd, 000159.250, 151
Trd, 000159.350, 147
Trd, 000160.333, 155
Trd, 000160.683, 152
Trd, 000160.817, 151
Trd, 000161.250, 150
Trd, 000161.600, 147
Trd, 000162.550, 148
Trd, 000162.617, 148
Trd, 000162.700, 141
Trd, 000162.867, 150
Trd, 000163.083, 139
Trd, 000163.117, 151
Trd, 000163.383, 157
Trd, 000163.950, 158
Trd, 000165.967, 157
Trd, 000166.000, 156
Trd, 000166.833, 159
Trd, 000167.450, 151
Trd, 000168.383, 147
Trd, 000168.633, 152
Trd, 000168.967, 147
Trd, 000169.367, 148.0
Trd, 000169.450, 158.0
Trd, 000170.517, 143
Trd, 000170.550, 139
Trd, 000170.700, 154
Trd, 000170.917, 139
Trd, 000170.933, 156
Trd, 000171.000, 158
Trd, 000172.433, 147.0
Trd, 000173.283, 147
Trd, 000173.400, 148.0
Trd, 000173.533, 141
Trd, 000173.833, 141
Trd, 000174.000, 158
Trd, 000174.300, 151
Trd, 000174.417, 162.0
Trd, 000174.983, 158.0
Trd, 000176.900, 154
Trd, 000177.950, 154
Trd, 000178.800, 154
Trd, 000179.267, 154
Trd, 000179.683, 153
Trd, 000179.717, 147
Trd, 000180.000, 154
Trd, 000180.217, 143
Trd, 000180.250, 155
Trd, 000180.800, 140
Trd, 000180.983, 148
Trd, 000181.667, 148
Trd, 000182.167, 148.0
Trd, 000182.717, 146
Trd, 000183.350, 138
Trd, 000183.467, 149
Trd, 000184.300, 159.0
Trd, 000184.367, 172.0
Trd, 000184.683, 158.0
Trd, 000185.717, 158
Trd, 000185.767, 145
Trd, 000185.883, 143
Trd, 000186.467, 160.0
Trd, 000186.883, 161.0
Trd, 000187.600, 159
Trd, 000188.167, 157
Trd, 000188.217, 144
Trd, 000189.200, 159
Trd, 000189.633, 158.0
Trd, 000189.700, 159
Trd, 000189.967, 156
Trd, 000190.817, 147
Trd, 000191.017, 147
Trd, 000191.267, 148.0
Trd, 000191.933, 139
Trd, 000192.200, 154
Trd, 000192.317, 143
Trd, 000193.483, 147
Trd, 000194.400, 147
Trd, 000194.483, 143
Trd, 000195.717, 155
Trd, 000195.967, 157
Trd, 000196.083, 142
Trd, 000196.283, 148.0
Trd, 000196.500, 162.0
Trd, 000197.017, 155
Trd, 000197.717, 140
Trd, 000198.200, 140
Trd, 000198.367, 146
Trd, 000198.467, 148.0
Trd, 000198.900, 148
Trd, 000199.183, 137
Trd, 000199.667, 153
Trd, 000200.333, 128.0
Trd, 000200.533, 133
Trd, 000201.250, 152
Trd, 000201.917, 153
Trd, 000202.333, 154
Trd, 000202.800, 143
Trd, 000203.183, 148.0
Trd, 000203.783, 149
Trd, 000203.950, 159
Trd, 000204.917, 156
Trd, 000206.250, 144
Trd, 000206.983, 144
Trd, 000207.217, 147
Trd, 000207.517, 148
Trd, 000207.783, 143
Trd, 000208.867, 145
Trd, 000209.600, 149
Trd, 000209.967, 142
Trd, 000210.250, 140
Trd, 000210.783, 157
Trd, 000211.217, 150
Trd, 000211.267, 142
Trd, 000211.333, 159
Trd, 000211.867, 154
Trd, 000211.900, 148
Trd, 000211.933, 156
Trd, 000212.750, 158.0
Trd, 000213.633, 158
Trd, 000214.700, 152
Trd, 000214.733, 157
Trd, 000214.883, 151
Trd, 000214.950, 157
Trd, 000215.683, 148
Trd, 000217.300, 148
Trd, 000217.767, 147
Trd, 000218.050, 148
Trd, 000218.550, 155
Trd, 000218.650, 148.0
Trd, 000218.767, 149
Trd, 000219.033, 147
Trd, 000220.150, 145
Trd, 000220.567, 156
Trd, 000220.867, 142
Trd, 000221.183, 158
Trd, 000221.567, 145
Trd, 000221.750, 158.0
Trd, 000222.500, 160.0
Trd, 000223.633, 156
Trd, 000224.017, 150
Trd, 000224.033, 141
Trd, 000225.650, 144
Trd, 000225.767, 143
Trd, 000225.800, 148.0
Trd, 000226.767, 152
Trd, 000226.917, 152
Trd, 000228.333, 151
Trd, 000228.683, 157
Trd, 000228.950, 157
Trd, 000229.200, 149
Trd, 000229.233, 147
Trd, 000230.400, 155
Trd, 000230.483, 156
Trd, 000230.683, 146
Trd, 000230.700, 140
Trd, 000230.983, 127.0
Trd, 000231.100, 156
Trd, 000231.317, 158
Trd, 000232.967, 147.0
Trd, 000233.017, 148.0
Trd, 000233.050, 162.0
Trd, 000233.533, 153
Trd, 000233.750, 166
Trd, 000233.933, 127.0
Trd, 000235.650, 148.0
Trd, 000236.783, 148
Trd, 000237.017, 146
Trd, 000237.517, 146
Trd, 000237.600, 146
Trd, 000238.217, 142
Trd, 000239.117, 145
Trd, 000239.483, 146
Trd, 000240.683, 145.0
Trd, 000241.000, 144
Trd, 000241.367, 145.0
Trd, 000241.750, 148.0
Trd, 000241.967, 148
Trd, 000242.167, 147
Trd, 000242.250, 148
Trd, 000242.450, 151.0
Trd, 000242.700, 144
Trd, 000243.033, 155
Trd, 000243.600, 155
Trd, 000243.650, 155
Trd, 000244.500, 150
Trd, 000244.583, 153
Trd, 000244.683, 144
Trd, 000245.700, 150
Trd, 000246.750, 151.0
Trd, 000247.633, 148
Trd, 000247.983, 147
Trd, 000248.333, 152
Trd, 000248.667, 155
Trd, 000248.933, 161.0
Trd, 000249.200, 162.0
Trd, 000249.867, 147
Trd, 000250.117, 158
Trd, 000251.033, 146
Trd, 000251.283, 140
Trd, 000251.533, 149
Trd, 000251.783, 147.0
Trd, 000252.400, 143
Trd, 000252.600, 131.0
Trd, 000253.250, 126.0
Trd, 000253.483, 148.0
Trd, 000253.750, 149
Trd, 000254.000, 150
Trd, 000254.167, 139
Trd, 000254.833, 151.0
Trd, 000255.350, 155
Trd, 000255.683, 158
Trd, 000256.233, 150
Trd, 000256.667, 149
Trd, 000257.050, 157
Trd, 000257.567, 157
Trd, 000257.583, 150
Trd, 000257.667, 158
Trd, 000257.883, 149
Trd, 000258.550, 158
Trd, 000259.983, 152
Trd, 000260.350, 154
Trd, 000260.483, 152
Trd, 000260.883, 152
Trd, 000261.217, 151
Trd, 000261.733, 153
Trd, 000262.350, 151.0
Trd, 000262.767, 147
Trd, 000264.050, 141
Trd, 000264.117, 139
Trd, 000264.550, 143
Trd, 000264.600, 141
Trd, 000264.717, 144
Trd, 000264.750, 139
Trd, 000266.200, 142
Trd, 000266.267, 144
Trd, 000266.500, 145
Trd, 000266.767, 148.0
Trd, 000266.867, 142
Trd, 000267.350, 150.0
Trd, 000267.617, 145
Trd, 000268.267, 151.0
Trd, 000268.433, 145
Trd, 000268.767, 144
Trd, 000269.050, 148
Trd, 000269.367, 148
Trd, 000269.767, 146
Trd, 000270.067, 142
Trd, 000270.083, 140
Trd, 000270.500, 143.0
Trd, 000270.867, 148.0
Trd, 000272.233, 137
Trd, 000272.383, 136.0
Trd, 000272.467, 151.0
Trd, 000272.600, 147
Trd, 000273.183, 143.0
Trd, 000273.817, 142
Trd, 000275.867, 144
Trd, 000275.883, 147
Trd, 000276.200, 140
Trd, 000276.333, 147
Trd, 000276.400, 148
Trd, 000276.850, 151.0
Trd, 000277.267, 151.0
Trd, 000277.300, 155
Trd, 000278.233, 150.0
Trd, 000278.483, 151.0
Trd, 000278.533, 151
Trd, 000278.650, 149
Trd, 000279.117, 147
Trd, 000279.683, 141
Trd, 000280.700, 144.0
Trd, 000280.867, 139
Trd, 000281.350, 151.0
Trd, 000282.083, 147.0
Trd, 000282.650, 143
Trd, 000283.033, 132
Trd, 000283.767, 155
Trd, 000284.400, 150
Trd, 000284.483, 148
Trd, 000284.583, 150
Trd, 000284.767, 155.0
Trd, 000285.517, 155
Trd, 000285.900, 151
Trd, 000286.267, 151
Trd, 000286.383, 151
Trd, 000286.583, 152
Trd, 000286.767, 153
Trd, 000287.067, 154
Trd, 000287.083, 147
Trd, 000287.667, 158
Trd, 000287.917, 148.0
Trd, 000288.267, 140
Trd, 000288.450, 142
Trd, 000289.117, 149
Trd, 000289.133, 150.0
Trd, 000289.700, 136.0
Trd, 000289.817, 150.0
Trd, 000290.133, 151.0
Trd, 000290.867, 146
Trd, 000291.150, 142
Trd, 000291.867, 144
Trd, 000292.167, 147
Trd, 000293.650, 144
Trd, 000293.967, 145
Trd, 000294.300, 151.0
Trd, 000294.367, 156
Trd, 000294.517, 143
Trd, 000294.967, 144
Trd, 000295.550, 148.0
Trd, 000295.567, 144
Trd, 000296.233, 152
Trd, 000296.400, 153
Trd, 000296.683, 155
Trd, 000296.733, 152.0
Trd, 000297.083, 142
Trd, 000298.150, 151
Trd, 000298.383, 140
Trd, 000299.017, 127.0
Trd, 000299.767, 147
Trd, 000299.867, 135
