Trd, 000001.600, 103.0
Trd, 000001.983, 132
Trd, 000004.100, 114
Trd, 000005.000, 120.0
Trd, 000005.350, 122
Trd, 000005.583, 127.0
Trd, 000006.050, 134.0
Trd, 000007.067, 148.0
Trd, 000007.883, 147
Trd, 000008.683, 141
Trd, 000008.717, 142
Trd, 000008.817, 148.0
Trd, 000009.667, 143
Trd, 000010.050, 142
Trd, 000010.500, 140
Trd, 000010.617, 145
Trd, 000010.800, 140
Trd, 000011.850, 150.0
Trd, 000012.067, 151.0
Trd, 000012.667, 148.0
Trd, 000012.733, 158.0
Trd, 000013.250, 145
Trd, 000013.683, 146
Trd, 000013.900, 164
Trd, 000014.333, 151.0
Trd, 000014.450, 140
Trd, 000015.117, 145
Trd, 000015.150, 147
Trd, 000015.350, 151
Trd, 000016.617, 143
Trd, 000016.850, 144
Trd, 000017.517, 144
Trd, 000017.883, 144
Trd, 000018.150, 140
Trd, 000019.150, 147.0
Trd, 000019.800, 146
Trd, 000020.350, 148.0
Trd, 000020.617, 151.0
Trd, 000022.133, 145.0
Trd, 000022.783, 146
Trd, 000023.133, 147
Trd, 000023.333, 148.0
Trd, 000023.817, 157.0
Trd, 000024.183, 141
Trd, 000024.933, 149
Trd, 000025.783, 146.0
Trd, 000025.950, 145
Trd, 000027.700, 144
Trd, 000028.483, 144
Trd, 000028.850, 145
Trd, 000030.450, 145
Trd, 000030.667, 146
Trd, 000031.300, 147
Trd, 000031.883, 148
Trd, 000031.933, 146
Trd, 000032.250, 148.0
Trd, 000033.433, 149.0
Trd, 000033.583, 149
Trd, 000034.250, 147
Trd, 000034.800, 145
Trd, 000035.083, 148
Trd, 000035.883, 141
Trd, 000036.450, 150.0
Trd, 000036.667, 151.0
Trd, 000036.683, 158.0
Trd, 000036.783, 168.0
Trd, 000037.433, 153
Trd, 000038.750, 148.0
Trd, 000038.867, 147
Trd, 000039.533, 147
Trd, 000039.733, 147
Trd, 000040.383, 147
Trd, 000041.683, 147
Trd, 000042.600, 151
Trd, 000043.767, 147
Trd, 000043.950, 124
Trd, 000044.183, 148
Trd, 000044.750, 138
Trd, 000045.467, 143.0
Trd, 000047.100, 143
Trd, 000047.550, 143.0
Trd, 000047.667, 142
Trd, 000048.067, 142
Trd, 000048.417, 142.0
Trd, 000048.883, 143.0
Trd, 000049.367, 142
Trd, 000049.383, 141
Trd, 000050.050, 144
Trd, 000050.767, 148.0
Trd, 000052.017, 144
Trd, 000052.483, 146
Trd, 000052.500, 148.0
Trd, 000052.600, 151.0
Trd, 000053.583, 155.0
Trd, 000053.900, 155.0
Trd, 000055.217, 151
Trd, 000055.617, 152.0
Trd, 000055.933, 150
Trd, 000056.267, 148
Trd, 000056.650, 150
Trd, 000056.683, 149
Trd, 000057.083, 140
Trd, 000058.317, 147.0
Trd, 000058.450, 134
Trd, 000058.617, 147.0
Trd, 000060.250, 140
Trd, 000060.883, 146.0
Trd, 000061.117, 145
Trd, 000061.367, 142
Trd, 000061.917, 143
Trd, 000062.217, 123
Trd, 000064.333, 140
Trd, 000064.500, 142
Trd, 000064.567, 142
Trd, 000064.633, 142
Trd, 000065.300, 143
Trd, 000067.050, 143.0
Trd, 000067.100, 144.0
Trd, 000068.133, 148.0
Trd, 000068.600, 147
Trd, 000069.333, 147.0
Trd, 000069.400, 146
Trd, 000069.800, 146
Trd, 000069.950, 140
Trd, 000071.950, 138
Trd, 000072.200, 137
Trd, 000072.767, 138
Trd, 000073.133, 147.0
Trd, 000073.433, 147.0
Trd, 000074.183, 147.0
Trd, 000074.400, 148.0
Trd, 000074.567, 148
Trd, 000074.950, 137
Trd, 000076.033, 143
Trd, 000076.200, 145
Trd, 000076.750, 148.0
Trd, 000077.883, 151.0
Trd, 000078.600, 143
Trd, 000078.617, 146
Trd, 000078.717, 147
Trd, 000079.133, 146
Trd, 000079.867, 157.0
Trd, 000081.583, 160
Trd, 000081.783, 155
Trd, 000082.083, 158
Trd, 000082.917, 140
Trd, 000083.067, 151
Trd, 000084.267, 142
Trd, 000084.300, 142
Trd, 000084.667, 145
Trd, 000085.167, 139
Trd, 000085.600, 144
Trd, 000086.700, 140
Trd, 000087.033, 140
Trd, 000087.067, 124
Trd, 000087.867, 134
Trd, 000088.200, 134
Trd, 000088.650, 134
Trd, 000089.917, 135
Trd, 000090.150, 136
Trd, 000092.750, 138
Trd, 000092.800, 148.0
Trd, 000092.900, 158.0
Trd, 000093.017, 146
Trd, 000093.617, 151.0
Trd, 000094.600, 149
Trd, 000095.483, 148
Trd, 000096.017, 146
Trd, 000096.350, 145
Trd, 000097.383, 140
Trd, 000098.283, 138
Trd, 000098.650, 139
Trd, 000099.400, 138.0
Trd, 000099.533, 140.0
Trd, 000099.750, 141
Trd, 000100.850, 149.0
Trd, 000101.583, 151.0
Trd, 000101.800, 148.0
Trd, 000101.817, 158.0
Trd, 000102.283, 146
Trd, 000102.417, 168.0
Trd, 000104.250, 147
Trd, 000104.333, 151
Trd, 000105.383, 148
Trd, 000105.667, 149
Trd, 000106.167, 146
Trd, 000106.233, 147
Trd, 000107.450, 147
Trd, 000107.833, 148
Trd, 000107.900, 151.0
Trd, 000108.067, 144
Trd, 000109.133, 150
Trd, 000110.083, 149
Trd, 000110.417, 155.0
Trd, 000110.817, 147
Trd, 000111.517, 149.0
Trd, 000112.233, 150
Trd, 000112.417, 151.0
Trd, 000112.583, 150
Trd, 000112.617, 149
Trd, 000113.117, 149
Trd, 000114.350, 143
Trd, 000114.683, 142
Trd, 000114.833, 143
Trd, 000115.117, 140
Trd, 000115.283, 144
Trd, 000115.900, 145
Trd, 000116.767, 151.0
Trd, 000117.667, 146.0
Trd, 000118.233, 148.0
Trd, 000118.767, 144
Trd, 000118.983, 157.0
Trd, 000119.567, 157.0
Trd, 000119.950, 148
Trd, 000121.617, 140
Trd, 000121.983, 144
Trd, 000122.000, 145
Trd, 000122.083, 148
Trd, 000122.933, 140
Trd, 000123.033, 146
Trd, 000124.100, 143
Trd, 000125.383, 143
Trd, 000125.450, 143
Trd, 000125.833, 143
Trd, 000126.733, 144
Trd, 000127.150, 144
Trd, 000127.617, 144
Trd, 000127.717, 150.0
Trd, 000128.100, 150.0
Trd, 000128.767, 148.0
Trd, 000130.133, 149.0
Trd, 000130.333, 143
Trd, 000130.983, 150
Trd, 000131.067, 147
Trd, 000132.383, 146
Trd, 000132.417, 150
Trd, 000133.050, 147.0
Trd, 000133.067, 148.0
Trd, 000133.983, 146
Trd, 000134.633, 147
Trd, 000134.717, 148
Trd, 000135.933, 145
Trd, 000136.983, 147
Trd, 000137.183, 148
Trd, 000138.183, 150
Trd, 000138.500, 140
Trd, 000138.533, 151.0
Trd, 000140.033, 148.0
Trd, 000140.500, 147
Trd, 000140.633, 142
Trd, 000141.450, 138
Trd, 000141.983, 135
Trd, 000142.300, 136
Trd, 000142.467, 136
Trd, 000142.867, 137
Trd, 000143.417, 139
Trd, 000144.267, 136
Trd, 000144.700, 124
Trd, 000144.833, 137
Trd, 000144.950, 158.0
Trd, 000146.550, 143
Trd, 000147.633, 147.0
Trd, 000148.317, 146
Trd, 000148.450, 148.0
Trd, 000148.967, 151.0
Trd, 000150.733, 152
Trd, 000150.950, 153
Trd, 000151.000, 152
Trd, 000151.467, 151
Trd, 000151.600, 155.0
Trd, 000151.733, 151.0
Trd, 000151.817, 156.0
Trd, 000152.400, 158.0
Trd, 000153.100, 167.0
Trd, 000153.850, 147
Trd, 000154.033, 149.0
Trd, 000154.233, 151.0
Trd, 000154.633, 147
Trd, 000156.467, 142
Trd, 000156.583, 144
Trd, 000156.800, 143
Trd, 000157.250, 144
Trd, 000157.417, 158.0
Trd, 000159.083, 149.0
Trd, 000159.333, 147
Trd, 000159.867, 148.0
Trd, 000160.200, 151.0
Trd, 000161.417, 148.0
Trd, 000161.567, 149
Trd, 000161.983, 147
Trd, 000162.750, 146
Trd, 000162.833, 145
Trd, 000163.100, 146
Trd, 000163.267, 147
Trd, 000163.433, 149
Trd, 000164.367, 141
Trd, 000165.200, 147
Trd, 000165.517, 147
Trd, 000165.633, 151.0
Trd, 000166.767, 145
Trd, 000167.033, 150
Trd, 000167.617, 147.0
Trd, 000167.817, 148.0
Trd, 000168.600, 150.0
Trd, 000169.500, 149
Trd, 000169.550, 149.0
Trd, 000169.967, 149
Trd, 000170.283, 151.0
Trd, 000170.550, 148
Trd, 000171.283, 137
Trd, 000171.617, 141
Trd, 000171.733, 144
Trd, 000172.233, 145
Trd, 000172.283, 134
Trd, 000173.100, 157.0
Trd, 000174.650, 147.0
Trd, 000174.950, 147
Trd, 000175.117, 149
Trd, 000175.483, 148.0
Trd, 000176.133, 147
Trd, 000176.233, 145
Trd, 000176.367, 148
Trd, 000176.783, 151.0
Trd, 000178.233, 148
Trd, 000178.400, 150
Trd, 000178.450, 149
Trd, 000178.617, 150
Trd, 000179.600, 149
Trd, 000179.933, 148
Trd, 000181.317, 144
Trd, 000181.800, 146.0
Trd, 000181.850, 147.0
Trd, 000182.217, 147
Trd, 000182.617, 151.0
Trd, 000183.217, 148
Trd, 000184.700, 147
Trd, 000185.017, 148
Trd, 000185.667, 149.0
Trd, 000186.100, 150.0
Trd, 000186.367, 150
Trd, 000186.417, 148
Trd, 000188.717, 147
Trd, 000188.783, 151.0
Trd, 000189.100, 165
Trd, 000189.717, 169.0
Trd, 000190.167, 168.0
Trd, 000190.617, 151.0
Trd, 000191.517, 153
Trd, 000191.783, 152
Trd, 000193.533, 149
Trd, 000193.900, 147.0
Trd, 000194.150, 147.0
Trd, 000194.400, 148.0
Trd, 000194.733, 147
Trd, 000195.283, 145
Trd, 000195.967, 146
Trd, 000196.067, 142
Trd, 000197.250, 144
Trd, 000197.817, 144
Trd, 000198.883, 142
Trd, 000199.083, 140
Trd, 000199.483, 141
Trd, 000199.817, 143
Trd, 000199.833, 144
Trd, 000199.950, 151.0
Trd, 000200.517, 147.0
Trd, 000200.633, 140
Trd, 000200.800, 147
Trd, 000202.767, 151.0
Trd, 000203.433, 151
Trd, 000203.500, 150
Trd, 000204.250, 158.0
Trd, 000205.350, 157
Trd, 000205.383, 162.0
Trd, 000206.283, 158
Trd, 000206.383, 164.0
Trd, 000206.950, 161
Trd, 000208.333, 155
Trd, 000209.067, 155.0
Trd, 000209.150, 156.0
Trd, 000210.083, 165.0
Trd, 000210.433, 156
Trd, 000212.550, 155
Trd, 000212.567, 154
Trd, 000212.583, 156
Trd, 000213.133, 151.0
Trd, 000213.183, 156
Trd, 000213.367, 157
Trd, 000213.583, 158.0
Trd, 000214.150, 151.0
Trd, 000214.517, 159
Trd, 000214.600, 168.0
Trd, 000215.100, 142
Trd, 000215.950, 153
Trd, 000217.517, 148
Trd, 000217.800, 148
Trd, 000218.633, 147
Trd, 000218.833, 148
Trd, 000219.467, 148
Trd, 000219.617, 149
Trd, 000219.717, 154
Trd, 000220.933, 151.0
Trd, 000222.633, 149
Trd, 000223.400, 150.0
Trd, 000223.917, 149
Trd, 000224.233, 150
Trd, 000225.100, 151.0
Trd, 000225.500, 157.0
Trd, 000225.700, 151
Trd, 000226.250, 148.0
Trd, 000226.767, 149
Trd, 000227.417, 151.0
Trd, 000227.583, 149
Trd, 000228.400, 149
Trd, 000228.583, 150
Trd, 000230.517, 155.0
Trd, 000231.083, 154.0
Trd, 000231.350, 156.0
Trd, 000231.367, 153
Trd, 000232.000, 168.0
Trd, 000232.200, 158.0
Trd, 000232.933, 153
Trd, 000233.433, 157
Trd, 000233.500, 157
Trd, 000234.417, 151.0
Trd, 000234.917, 149.0
Trd, 000236.600, 148
Trd, 000236.633, 140
Trd, 000236.733, 150
Trd, 000237.050, 153
Trd, 000237.333, 148.0
Trd, 000237.983, 148
Trd, 000238.000, 147
Trd, 000238.200, 149
Trd, 000239.017, 146
Trd, 000239.383, 146
Trd, 000240.183, 156.0
Trd, 000240.717, 151
Trd, 000241.333, 161.0
Trd, 000241.833, 158.0
Trd, 000242.317, 154
Trd, 000242.333, 155
Trd, 000242.800, 155.0
Trd, 000243.300, 153
Trd, 000243.783, 148.0
Trd, 000244.450, 145.0
Trd, 000244.933, 141
Trd, 000245.433, 149
Trd, 000246.083, 147
Trd, 000246.250, 147.0
Trd, 000246.350, 148.0
Trd, 000247.000, 147.0
Trd, 000247.333, 146.0
Trd, 000247.533, 144.0
Trd, 000248.267, 142
Trd, 000248.483, 143
Trd, 000248.700, 145
Trd, 000249.150, 144
Trd, 000249.367, 146
Trd, 000249.683, 146
Trd, 000250.217, 150
Trd, 000250.650, 145.0
Trd, 000251.067, 147.0
Trd, 000251.100, 150.0
Trd, 000251.817, 146.0
Trd, 000251.900, 144
Trd, 000252.117, 151.0
Trd, 000252.233, 151.0
Trd, 000252.350, 157
Trd, 000253.117, 145.0
Trd, 000253.367, 148.0
Trd, 000253.500, 149
Trd, 000253.533, 153
Trd, 000254.467, 150.0
Trd, 000255.350, 149
Trd, 000255.483, 151.0
Trd, 000256.133, 152.0
Trd, 000256.617, 146.0
Trd, 000257.467, 148
Trd, 000258.167, 143.0
Trd, 000258.233, 144
Trd, 000258.333, 145
Trd, 000259.500, 145
Trd, 000259.667, 144
Trd, 000259.850, 145
Trd, 000259.967, 146
Trd, 000260.783, 152
Trd, 000260.967, 151.0
Trd, 000261.617, 148
Trd, 000261.900, 147.0
Trd, 000262.133, 144
Trd, 000262.267, 148.0
Trd, 000263.117, 144
Trd, 000263.433, 146.0
Trd, 000263.533, 148.0
Trd, 000263.600, 142
Trd, 000264.217, 148.0
Trd, 000264.917, 149
Trd, 000266.017, 147.0
Trd, 000266.350, 146
Trd, 000266.483, 144.0
Trd, 000266.533, 146
Trd, 000266.950, 144
Trd, 000267.233, 142
Trd, 000267.300, 145
Trd, 000267.583, 146
Trd, 000268.383, 143
Trd, 000268.483, 146
Trd, 000269.267, 141
Trd, 000269.317, 140.0
Trd, 000270.067, 143
Trd, 000270.783, 150.0
Trd, 000271.300, 145.0
Trd, 000271.333, 147.0
Trd, 000272.667, 145.0
Trd, 000273.217, 147.0
Trd, 000273.317, 148.0
Trd, 000273.433, 148
Trd, 000273.817, 146.0
Trd, 000274.583, 150.0
Trd, 000275.133, 151.0
Trd, 000275.667, 147
Trd, 000275.900, 146
Trd, 000276.167, 145
Trd, 000276.317, 144.0
Trd, 000276.483, 147.0
Trd, 000276.517, 148.0
Trd, 000276.550, 150
Trd, 000276.967, 143
Trd, 000277.200, 148
Trd, 000277.283, 150
Trd, 000277.667, 151.0
Trd, 000279.000, 158.0
Trd, 000279.083, 151
Trd, 000280.067, 154
Trd, 000280.100, 162.0
Trd, 000280.383, 160.0
Trd, 000280.550, 154
Trd, 000281.083, 154
Trd, 000281.667, 154.0
Trd, 000282.450, 155
Trd, 000282.617, 149
Trd, 000283.233, 153.0
Trd, 000283.617, 150
Trd, 000283.633, 151
Trd, 000284.183, 144.0
Trd, 000284.517, 147.0
Trd, 000285.100, 147.0
Trd, 000285.317, 146
Trd, 000285.733, 140
Trd, 000286.100, 141.0
Trd, 000286.150, 146
Trd, 000286.550, 143.0
Trd, 000287.083, 142.0
Trd, 000287.350, 145
Trd, 000287.633, 146
Trd, 000288.783, 142
Trd, 000289.350, 145.0
Trd, 000289.783, 146
Trd, 000289.933, 145
Trd, 000290.033, 144.0
Trd, 000290.433, 147
Trd, 000291.217, 147
Trd, 000291.933, 146
Trd, 000292.167, 144
Trd, 000292.500, 147
Trd, 000292.633, 151.0
Trd, 000292.783, 144
Trd, 000292.850, 158.0
Trd, 000293.317, 159.0
Trd, 000293.717, 161.0
Trd, 000294.717, 148.0
Trd, 000295.083, 155
Trd, 000295.150, 140
Trd, 000295.217, 137.0
Trd, 000295.467, 168.0
Trd, 000295.500, 134.0
Trd, 000296.000, 122
Trd, 000296.617, 158.0
Trd, 000297.117, 160
Trd, 000298.150, 153.0
Trd, 000298.733, 152.0
Trd, 000299.250, 152.0
Trd, 000299.383, 151.0
Trd, 000299.583, 153
Trd, 000299.767, 153.0
Trd, 000299.883, 153
Trd, 000299.983, 147
