Trd, 000001.183, 103.0
Trd, 000002.583, 158
Trd, 000003.517, 162
Trd, 000003.933, 157
Trd, 000003.983, 172.0
Trd, 000004.317, 155.0
Trd, 000005.200, 175.0
Trd, 000005.667, 152.0
Trd, 000006.017, 151.0
Trd, 000006.667, 172
Trd, 000007.083, 170
Trd, 000007.283, 168
Trd, 000008.383, 157
Trd, 000009.383, 159
Trd, 000010.083, 155.0
Trd, 000010.900, 158
Trd, 000011.617, 157.0
Trd, 000011.917, 153
Trd, 000011.950, 157
Trd, 000012.933, 155.0
Trd, 000013.217, 154
Trd, 000013.450, 156
Trd, 000013.517, 152
Trd, 000014.583, 157
Trd, 000014.600, 157
Trd, 000015.950, 155.0
Trd, 000016.767, 166.0
Trd, 000017.133, 167.0
Trd, 000018.133, 151.0
Trd, 000018.750, 147
Trd, 000020.300, 153
Trd, 000020.517, 153
Trd, 000020.783, 153
Trd, 000021.550, 153.0
Trd, 000022.083, 152
Trd, 000022.533, 151.0
Trd, 000022.683, 145
Trd, 000023.267, 152
Trd, 000023.367, 150
Trd, 000023.400, 149
Trd, 000024.183, 154
Trd, 000024.433, 155.0
Trd, 000025.067, 154
Trd, 000026.617, 152
Trd, 000026.767, 154
Trd, 000026.833, 156.0
Trd, 000027.283, 158.0
Trd, 000027.767, 153.0
Trd, 000029.683, 155
Trd, 000030.233, 156
Trd, 000030.633, 155
Trd, 000031.250, 155
Trd, 000031.617, 156
Trd, 000032.283, 156
Trd, 000032.733, 155
Trd, 000033.233, 154
Trd, 000034.033, 156
Trd, 000034.717, 156
Trd, 000035.150, 157
Trd, 000035.433, 156
Trd, 000036.033, 154
Trd, 000036.500, 151.0
Trd, 000037.200, 156
Trd, 000037.917, 158
Trd, 000038.567, 154
Trd, 000039.567, 154
Trd, 000039.650, 155.0
Trd, 000039.983, 153
Trd, 000040.150, 155
Trd, 000040.400, 155
Trd, 000040.933, 156
Trd, 000041.450, 155
Trd, 000041.583, 157.0
Trd, 000042.533, 155
Trd, 000043.383, 155
Trd, 000043.617, 155
Trd, 000043.717, 158.0
Trd, 000044.917, 162
Trd, 000045.283, 166.0
Trd, 000046.200, 157
Trd, 000046.717, 158
Trd, 000046.750, 156
Trd, 000047.067, 155.0
Trd, 000047.733, 156
Trd, 000047.750, 153
Trd, 000048.867, 156
Trd, 000049.983, 153.0
Trd, 000050.083, 147
Trd, 000050.133, 156
Trd, 000050.183, 136
Trd, 000050.433, 156
Trd, 000050.583, 167.0
Trd, 000052.500, 150
Trd, 000052.667, 149
Trd, 000053.333, 152.0
Trd, 000053.717, 151.0
Trd, 000054.017, 152
Trd, 000054.683, 154.0
Trd, 000055.567, 153
Trd, 000056.200, 150
Trd, 000056.617, 150
Trd, 000057.217, 151
Trd, 000057.233, 151
Trd, 000058.350, 149
Trd, 000058.833, 152
Trd, 000059.550, 152
Trd, 000060.200, 150
Trd, 000061.350, 149
Trd, 000061.483, 149
Trd, 000062.000, 151
Trd, 000062.100, 149
Trd, 000063.667, 150
Trd, 000063.933, 150
Trd, 000065.117, 167.0
Trd, 000065.300, 168.0
Trd, 000065.983, 155
Trd, 000066.400, 157
Trd, 000066.817, 159
Trd, 000067.083, 151
Trd, 000067.700, 148
Trd, 000067.950, 155.0
Trd, 000068.967, 155
Trd, 000069.033, 156
Trd, 000069.300, 155
Trd, 000070.767, 154
Trd, 000071.300, 154
Trd, 000071.533, 153
Trd, 000072.083, 153
Trd, 000072.667, 152
Trd, 000072.767, 155
Trd, 000072.817, 151.0
Trd, 000072.933, 150
Trd, 000073.050, 158.0
Trd, 000073.717, 155.0
Trd, 000073.950, 172.0
Trd, 000074.933, 156
Trd, 000075.000, 157
Trd, 000076.533, 157
Trd, 000076.550, 156
Trd, 000077.067, 149
Trd, 000078.483, 154
Trd, 000078.983, 154
Trd, 000080.533, 153.0
Trd, 000081.017, 153.0
Trd, 000081.417, 154.0
Trd, 000081.900, 152
Trd, 000082.300, 152.0
Trd, 000082.700, 153
Trd, 000083.033, 154
Trd, 000083.133, 153.0
Trd, 000083.967, 151.0
Trd, 000085.717, 152.0
Trd, 000086.050, 151.0
Trd, 000086.333, 152
Trd, 000087.617, 151
Trd, 000088.450, 152
Trd, 000089.217, 153
Trd, 000089.283, 155.0
Trd, 000090.367, 153.0
Trd, 000090.417, 154.0
Trd, 000091.067, 154.0
Trd, 000091.267, 151.0
Trd, 000091.367, 150
Trd, 000092.483, 154.0
Trd, 000094.183, 154
Trd, 000094.233, 153
Trd, 000094.500, 153
Trd, 000094.767, 154
Trd, 000094.817, 152
Trd, 000095.433, 154.0
Trd, 000095.717, 155.0
Trd, 000095.800, 158.0
Trd, 000096.417, 154
Trd, 000097.083, 155.0
Trd, 000098.533, 153
Trd, 000099.383, 153
Trd, 000099.967, 154
Trd, 000100.767, 154
Trd, 000101.800, 154
Trd, 000103.033, 154
Trd, 000103.067, 155.0
Trd, 000103.700, 155
Trd, 000103.917, 156.0
Trd, 000104.250, 157.0
Trd, 000104.767, 156
Trd, 000105.083, 155
Trd, 000106.467, 156
Trd, 000106.967, 155
Trd, 000106.983, 154
Trd, 000107.417, 156
Trd, 000108.250, 155
Trd, 000108.267, 156
Trd, 000109.367, 155.0
Trd, 000110.000, 157
Trd, 000110.417, 154
Trd, 000111.733, 155.0
Trd, 000112.833, 154
Trd, 000114.600, 155
Trd, 000115.133, 155
Trd, 000115.500, 153
Trd, 000116.300, 152.0
Trd, 000116.867, 151.0
Trd, 000116.883, 152.0
Trd, 000117.150, 151
Trd, 000118.417, 155.0
Trd, 000119.567, 154
Trd, 000119.767, 153
Trd, 000120.683, 152
Trd, 000121.317, 153
Trd, 000122.217, 153
Trd, 000122.300, 154
Trd, 000122.850, 155.0
Trd, 000122.883, 147
Trd, 000123.450, 151.0
Trd, 000123.617, 154
Trd, 000123.750, 151
Trd, 000124.433, 153.0
Trd, 000124.667, 151
Trd, 000124.700, 150
Trd, 000126.033, 153
Trd, 000126.267, 152
Trd, 000126.800, 153
Trd, 000128.433, 151
Trd, 000129.533, 153
Trd, 000130.067, 154
Trd, 000130.200, 155.0
Trd, 000130.233, 152
Trd, 000130.483, 153
Trd, 000132.700, 156
Trd, 000133.383, 152.0
Trd, 000133.983, 152
Trd, 000134.067, 153
Trd, 000134.167, 151
Trd, 000134.233, 151.0
Trd, 000134.933, 152
Trd, 000135.050, 136
Trd, 000135.450, 151
Trd, 000136.917, 153
Trd, 000137.733, 152
Trd, 000137.767, 153
Trd, 000137.933, 155.0
Trd, 000137.983, 152.0
Trd, 000139.367, 155
Trd, 000139.467, 153
Trd, 000139.917, 154
Trd, 000140.283, 153
Trd, 000140.467, 154
Trd, 000140.983, 156
Trd, 000141.483, 165.0
Trd, 000142.383, 165
Trd, 000142.433, 156
Trd, 000143.033, 168.0
Trd, 000143.217, 154.0
Trd, 000144.900, 153.0
Trd, 000144.917, 154.0
Trd, 000145.400, 153.0
Trd, 000146.283, 152
Trd, 000148.700, 154
Trd, 000148.933, 154
Trd, 000149.233, 153
Trd, 000150.083, 153.0
Trd, 000150.567, 153
Trd, 000150.617, 151.0
Trd, 000150.833, 154
Trd, 000151.633, 150
Trd, 000151.833, 151
Trd, 000151.933, 154
Trd, 000152.700, 155.0
Trd, 000154.417, 154.0
Trd, 000154.583, 151.0
Trd, 000155.050, 154
Trd, 000155.783, 152
Trd, 000156.000, 151
Trd, 000156.500, 152.0
Trd, 000156.750, 152.0
Trd, 000157.867, 153
Trd, 000158.000, 154
Trd, 000160.233, 154.0
Trd, 000160.383, 155.0
Trd, 000160.533, 154
Trd, 000161.033, 154.0
Trd, 000161.400, 151.0
Trd, 000161.433, 154
Trd, 000162.167, 155.0
Trd, 000162.783, 147
Trd, 000164.083, 151
Trd, 000164.383, 150
Trd, 000164.483, 150
Trd, 000165.483, 151
Trd, 000165.583, 154
Trd, 000166.717, 150
Trd, 000167.467, 165.0
Trd, 000168.250, 155
Trd, 000169.367, 153
Trd, 000169.383, 155
Trd, 000169.700, 156
Trd, 000169.817, 152
Trd, 000171.067, 154.0
Trd, 000171.133, 153
Trd, 000171.317, 151.0
Trd, 000171.550, 155.0
Trd, 000173.217, 155
Trd, 000173.483, 158.0
Trd, 000173.833, 167.0
Trd, 000174.267, 157
Trd, 000175.367, 160
Trd, 000175.500, 161
Trd, 000175.733, 161
Trd, 000175.750, 162
Trd, 000175.800, 159
Trd, 000176.550, 159
Trd, 000177.017, 163.0
Trd, 000177.383, 168.0
Trd, 000178.950, 161
Trd, 000179.200, 164
Trd, 000179.217, 164
Trd, 000180.317, 167.0
Trd, 000180.683, 158
Trd, 000181.350, 158
Trd, 000181.983, 156.0
Trd, 000182.567, 155.0
Trd, 000183.017, 152.0
Trd, 000183.200, 161.0
Trd, 000184.200, 159
Trd, 000184.667, 151.0
Trd, 000184.683, 157
Trd, 000186.033, 151
Trd, 000186.933, 153.0
Trd, 000187.433, 153
Trd, 000187.533, 152
Trd, 000188.233, 155.0
Trd, 000189.767, 153.0
Trd, 000190.700, 153
Trd, 000190.833, 154
Trd, 000191.633, 152
Trd, 000192.183, 153
Trd, 000192.717, 152
Trd, 000192.733, 154
Trd, 000193.667, 153
Trd, 000193.767, 151.0
Trd, 000194.583, 149
Trd, 000194.883, 150
Trd, 000195.283, 150
Trd, 000195.450, 151
Trd, 000195.967, 151.0
Trd, 000196.467, 153
Trd, 000196.483, 158.0
Trd, 000197.150, 151
Trd, 000197.583, 151.0
Trd, 000198.100, 153
Trd, 000198.700, 152
Trd, 000199.483, 151
Trd, 000200.483, 152.0
Trd, 000200.867, 148
Trd, 000200.967, 138
Trd, 000201.400, 154
Trd, 000201.950, 155.0
Trd, 000203.433, 166.0
Trd, 000203.850, 167.0
Trd, 000204.200, 154
Trd, 000205.233, 162
Trd, 000207.150, 154
Trd, 000207.483, 154
Trd, 000208.400, 154
Trd, 000208.650, 155
Trd, 000209.233, 153
Trd, 000209.467, 154
Trd, 000209.750, 152
Trd, 000210.600, 154.0
Trd, 000211.000, 155.0
Trd, 000211.117, 155
Trd, 000212.033, 156
Trd, 000212.267, 151.0
Trd, 000212.433, 149
Trd, 000213.150, 148
Trd, 000213.983, 155
Trd, 000214.333, 155
Trd, 000214.583, 154.0
Trd, 000214.900, 155.0
Trd, 000216.317, 153
Trd, 000217.533, 152
Trd, 000218.617, 154
Trd, 000219.050, 154
Trd, 000219.650, 153.0
Trd, 000219.833, 154.0
Trd, 000220.967, 155.0
Trd, 000221.083, 156
Trd, 000222.833, 154
Trd, 000224.650, 154
Trd, 000225.417, 153
Trd, 000226.433, 152.0
Trd, 000226.517, 151.0
Trd, 000226.550, 153.0
Trd, 000226.967, 155.0
Trd, 000227.117, 155
Trd, 000227.150, 168.0
Trd, 000228.850, 151.0
Trd, 000229.633, 153
Trd, 000229.967, 152
Trd, 000231.133, 152.0
Trd, 000231.433, 154
Trd, 000232.350, 152
Trd, 000234.217, 151.0
Trd, 000235.383, 151
Trd, 000235.467, 151
Trd, 000235.567, 150
Trd, 000235.600, 150
Trd, 000236.267, 151
Trd, 000236.600, 158.0
Trd, 000236.850, 168.0
Trd, 000236.917, 172.0
Trd, 000237.583, 169
Trd, 000237.967, 167
Trd, 000238.900, 170
Trd, 000239.083, 179
Trd, 000240.050, 167
Trd, 000240.200, 169
Trd, 000240.483, 168
Trd, 000240.700, 167
Trd, 000241.450, 166.0
Trd, 000241.733, 157.0
Trd, 000243.317, 161
Trd, 000243.350, 160
Trd, 000243.500, 155.0
Trd, 000244.050, 152.0
Trd, 000244.117, 151.0
Trd, 000244.383, 147
Trd, 000245.250, 152
Trd, 000245.267, 150.0
Trd, 000245.400, 153
Trd, 000245.433, 147.0
Trd, 000246.650, 152
Trd, 000247.033, 153
Trd, 000247.900, 154
Trd, 000248.367, 152.0
Trd, 000249.450, 147
Trd, 000249.500, 148.0
Trd, 000250.100, 150
Trd, 000250.150, 152.0
Trd, 000250.667, 151
Trd, 000250.700, 148
Trd, 000251.033, 147
Trd, 000252.217, 149
Trd, 000253.283, 149
Trd, 000253.767, 150
Trd, 000253.867, 150
Trd, 000254.017, 150
Trd, 000255.117, 150.0
Trd, 000255.417, 158.0
Trd, 000255.867, 152
Trd, 000255.883, 150
Trd, 000256.067, 147
Trd, 000256.267, 147
Trd, 000256.283, 144.0
Trd, 000256.633, 149
Trd, 000257.333, 162.0
Trd, 000257.700, 160.0
Trd, 000257.833, 152
Trd, 000257.883, 148
Trd, 000258.633, 155
Trd, 000259.383, 150.0
Trd, 000259.433, 151.0
Trd, 000259.767, 150.0
Trd, 000259.900, 151.0
Trd, 000260.183, 151
Trd, 000261.133, 170.0
Trd, 000261.300, 168.0
Trd, 000261.500, 172.0
Trd, 000262.867, 168.0
Trd, 000264.733, 160
Trd, 000264.900, 160
Trd, 000265.167, 161
Trd, 000265.383, 159.0
Trd, 000265.550, 162.0
Trd, 000265.650, 158.0
Trd, 000266.250, 154
Trd, 000266.733, 157
Trd, 000266.983, 156.0
Trd, 000267.150, 157
Trd, 000267.233, 157
Trd, 000267.250, 155.0
Trd, 000267.300, 147
Trd, 000267.783, 155.0
Trd, 000268.267, 151.0
Trd, 000268.833, 152
Trd, 000269.000, 152
Trd, 000269.100, 148
Trd, 000269.683, 147
Trd, 000269.800, 147
Trd, 000270.083, 149.0
Trd, 000270.183, 144.0
Trd, 000271.067, 153
Trd, 000272.100, 153
Trd, 000272.150, 152.0
Trd, 000272.233, 151.0
Trd, 000272.583, 148
Trd, 000272.783, 149
Trd, 000273.000, 155.0
Trd, 000273.367, 152.0
Trd, 000273.450, 151.0
Trd, 000273.483, 158.0
Trd, 000274.000, 161.0
Trd, 000274.500, 154
Trd, 000274.883, 158.0
Trd, 000275.483, 160
Trd, 000275.833, 162.0
Trd, 000276.717, 160
Trd, 000276.783, 162.0
Trd, 000277.683, 161
Trd, 000278.250, 160
Trd, 000278.533, 159
Trd, 000278.767, 155.0
Trd, 000279.200, 147
Trd, 000280.800, 158
Trd, 000281.000, 159
Trd, 000281.367, 162.0
Trd, 000281.567, 158.0
Trd, 000281.950, 158.0
Trd, 000282.633, 159
Trd, 000282.700, 165.0
Trd, 000283.350, 160
Trd, 000283.733, 160
Trd, 000283.750, 159
Trd, 000283.817, 162
Trd, 000284.017, 162
Trd, 000284.317, 151.0
Trd, 000285.133, 157
Trd, 000285.233, 147
Trd, 000285.500, 159
Trd, 000285.917, 158
Trd, 000286.850, 151.0
Trd, 000287.250, 154
Trd, 000287.283, 162.0
Trd, 000287.750, 158.0
Trd, 000288.550, 155.0
Trd, 000288.750, 146.0
Trd, 000289.733, 155
Trd, 000289.983, 149
Trd, 000290.533, 154
Trd, 000290.900, 151
Trd, 000290.983, 149
Trd, 000291.183, 151.0
Trd, 000291.583, 151
Trd, 000291.750, 154
Trd, 000291.767, 155
Trd, 000292.567, 148
Trd, 000292.650, 147
Trd, 000293.233, 154
Trd, 000293.483, 154
Trd, 000294.017, 157.0
Trd, 000294.417, 157.0
Trd, 000294.467, 158.0
Trd, 000294.533, 151.0
Trd, 000296.750, 160.0
Trd, 000296.850, 159.0
Trd, 000297.083, 162.0
Trd, 000297.333, 158.0
Trd, 000297.967, 167.0
Trd, 000298.400, 165
Trd, 000298.667, 156.0
Trd, 000298.983, 165.0
Trd, 000299.317, 155.0
Trd, 000299.467, 155
Trd, 000299.700, 150
Trd, 000299.900, 163.0
