Trd, 000001.933, 175.0
Trd, 000002.517, 151
Trd, 000003.267, 145
Trd, 000004.250, 155
Trd, 000004.600, 145
Trd, 000005.300, 148.0
Trd, 000005.683, 147
Trd, 000006.117, 142
Trd, 000006.150, 144
Trd, 000006.250, 131
Trd, 000006.717, 132
Trd, 000007.917, 136
Trd, 000008.117, 137
Trd, 000008.767, 139
Trd, 000009.667, 139
Trd, 000010.067, 138
Trd, 000010.733, 140
Trd, 000011.400, 139.0
Trd, 000011.850, 139.0
Trd, 000012.750, 148.0
Trd, 000012.767, 138
Trd, 000012.800, 138
Trd, 000014.333, 142
Trd, 000014.517, 141
Trd, 000015.300, 140
Trd, 000015.567, 141
Trd, 000015.650, 139
Trd, 000015.900, 141.0
Trd, 000016.350, 144
Trd, 000017.450, 146
Trd, 000018.767, 148.0
Trd, 000018.950, 152
Trd, 000020.433, 154
Trd, 000020.900, 154
Trd, 000021.017, 150
Trd, 000022.467, 153
Trd, 000023.000, 152
Trd, 000023.117, 154
Trd, 000023.467, 151
Trd, 000023.583, 150
Trd, 000024.517, 150
Trd, 000025.567, 150
Trd, 000026.567, 151
Trd, 000026.767, 149
Trd, 000026.883, 151
Trd, 000027.250, 155
Trd, 000027.300, 149
Trd, 000028.517, 154
Trd, 000028.567, 153
Trd, 000029.133, 155
Trd, 000029.483, 154
Trd, 000029.917, 154
Trd, 000030.817, 153
Trd, 000031.000, 152
Trd, 000032.367, 151
Trd, 000032.400, 152
Trd, 000032.517, 150
Trd, 000033.483, 152
Trd, 000033.833, 151
Trd, 000034.233, 149
Trd, 000036.400, 147
Trd, 000037.117, 148
Trd, 000037.833, 145
Trd, 000038.100, 146
Trd, 000039.250, 148.0
Trd, 000039.483, 147
Trd, 000040.067, 148
Trd, 000040.133, 147
Trd, 000040.417, 146
Trd, 000040.983, 148
Trd, 000041.517, 146
Trd, 000041.983, 141
Trd, 000042.633, 147.0
Trd, 000043.250, 142
Trd, 000044.767, 145
Trd, 000045.133, 144
Trd, 000045.600, 143
Trd, 000045.950, 148.0
Trd, 000047.883, 153
Trd, 000048.550, 153
Trd, 000048.733, 154
Trd, 000049.267, 156
Trd, 000049.567, 155
Trd, 000049.850, 152
Trd, 000049.867, 160.0
Trd, 000050.583, 153
Trd, 000050.717, 156
Trd, 000051.367, 156
Trd, 000051.550, 153
Trd, 000051.867, 152
Trd, 000053.400, 141
Trd, 000053.500, 140
Trd, 000053.683, 149
Trd, 000054.100, 150
Trd, 000054.217, 146
Trd, 000054.917, 149
Trd, 000055.100, 146
Trd, 000056.583, 149
Trd, 000057.433, 149
Trd, 000058.967, 149
Trd, 000059.500, 154
Trd, 000059.783, 151
Trd, 000059.883, 150
Trd, 000060.000, 150
Trd, 000061.317, 150
Trd, 000062.317, 150
Trd, 000062.783, 149
Trd, 000062.867, 155
Trd, 000063.750, 154
Trd, 000064.400, 152
Trd, 000065.167, 152
Trd, 000065.317, 151
Trd, 000065.733, 151
Trd, 000065.817, 148
Trd, 000066.333, 148
Trd, 000066.450, 149
Trd, 000066.700, 150
Trd, 000066.767, 155
Trd, 000067.600, 148
Trd, 000068.517, 148
Trd, 000068.867, 156
Trd, 000068.967, 147
Trd, 000070.333, 149
Trd, 000070.533, 148
Trd, 000070.967, 150
Trd, 000072.033, 148
Trd, 000072.333, 147
Trd, 000072.500, 147
Trd, 000072.617, 148.0
Trd, 000074.000, 146
Trd, 000074.083, 149
Trd, 000074.533, 156
Trd, 000074.633, 148
Trd, 000074.900, 148
Trd, 000075.100, 148
Trd, 000075.883, 149
Trd, 000076.183, 147
Trd, 000076.700, 148
Trd, 000077.583, 149
Trd, 000078.733, 148
Trd, 000079.317, 148
Trd, 000080.100, 147
Trd, 000080.267, 148
Trd, 000080.700, 151
Trd, 000081.083, 150
Trd, 000082.367, 150
Trd, 000082.567, 149
Trd, 000083.683, 151
Trd, 000083.717, 150
Trd, 000083.933, 147
Trd, 000084.400, 151
Trd, 000084.850, 151
Trd, 000085.333, 154
Trd, 000085.367, 149
Trd, 000086.333, 154
Trd, 000086.983, 148
Trd, 000087.100, 147
Trd, 000088.217, 153
Trd, 000089.033, 148.0
Trd, 000089.783, 158
Trd, 000089.867, 150
Trd, 000090.783, 158
Trd, 000090.967, 152
Trd, 000091.183, 153
Trd, 000091.617, 155
Trd, 000091.800, 154
Trd, 000092.817, 152
Trd, 000093.517, 152
Trd, 000094.300, 151
Trd, 000094.667, 152
Trd, 000095.250, 152
Trd, 000095.783, 150
Trd, 000095.867, 149
Trd, 000096.083, 150
Trd, 000096.233, 149
Trd, 000097.083, 149
Trd, 000097.817, 148
Trd, 000097.900, 149
Trd, 000098.017, 148
Trd, 000098.233, 155
Trd, 000099.017, 151
Trd, 000099.267, 150
Trd, 000099.383, 152
Trd, 000099.417, 149
Trd, 000099.550, 147
Trd, 000101.850, 146
Trd, 000102.233, 146
Trd, 000103.833, 147
Trd, 000104.033, 147
Trd, 000104.500, 146
Trd, 000105.467, 147
Trd, 000105.867, 146
Trd, 000106.083, 148.0
Trd, 000106.300, 146
Trd, 000106.717, 145
Trd, 000107.167, 147
Trd, 000107.533, 144
Trd, 000107.917, 146
Trd, 000109.567, 143
Trd, 000109.867, 144
Trd, 000110.533, 145
Trd, 000111.000, 146
Trd, 000111.067, 145
Trd, 000111.250, 155
Trd, 000111.633, 143
Trd, 000111.867, 141
Trd, 000112.483, 152
Trd, 000113.833, 147
Trd, 000114.350, 148.0
Trd, 000114.667, 145
Trd, 000115.433, 147
Trd, 000115.617, 148
Trd, 000116.167, 148
Trd, 000116.883, 148
Trd, 000118.033, 147
Trd, 000118.200, 146
Trd, 000118.450, 145
Trd, 000118.967, 148.0
Trd, 000119.917, 141
Trd, 000120.217, 148
Trd, 000120.417, 149
Trd, 000121.633, 147
Trd, 000122.800, 147
Trd, 000123.233, 156
Trd, 000123.533, 146
Trd, 000124.350, 139
Trd, 000125.717, 144
Trd, 000126.033, 145
Trd, 000126.117, 153
Trd, 000126.833, 145
Trd, 000126.967, 143
Trd, 000127.317, 147
Trd, 000129.800, 144
Trd, 000130.500, 147
Trd, 000130.583, 148.0
Trd, 000131.033, 147
Trd, 000131.217, 148
Trd, 000131.667, 150
Trd, 000132.067, 150
Trd, 000132.150, 149
Trd, 000132.750, 150
Trd, 000133.200, 150
Trd, 000133.317, 151
Trd, 000134.833, 150
Trd, 000135.100, 151
Trd, 000135.467, 149
Trd, 000136.767, 150
Trd, 000139.000, 152
Trd, 000139.283, 149
Trd, 000139.767, 149
Trd, 000140.417, 153
Trd, 000140.600, 149
Trd, 000141.500, 155
Trd, 000144.000, 149
Trd, 000144.267, 144
Trd, 000144.817, 144
Trd, 000144.950, 147
Trd, 000145.000, 152
Trd, 000145.350, 143
Trd, 000145.800, 145
Trd, 000146.517, 147.0
Trd, 000147.150, 145
Trd, 000147.867, 146.0
Trd, 000148.083, 145
Trd, 000149.567, 143
Trd, 000150.333, 144.0
Trd, 000150.567, 144
Trd, 000151.133, 145.0
Trd, 000151.483, 145
Trd, 000152.383, 145
Trd, 000152.983, 144
Trd, 000153.150, 145
Trd, 000153.367, 144
Trd, 000153.883, 140
Trd, 000154.333, 128
Trd, 000154.467, 145
Trd, 000155.933, 144
Trd, 000157.450, 144
Trd, 000157.550, 143
Trd, 000157.683, 145
Trd, 000158.483, 145
Trd, 000158.833, 146.0
Trd, 000158.850, 148.0
Trd, 000159.750, 146
Trd, 000159.917, 148
Trd, 000160.750, 143
Trd, 000161.000, 142
Trd, 000161.067, 140
Trd, 000161.300, 149
Trd, 000162.583, 155
Trd, 000163.133, 148.0
Trd, 000163.200, 147
Trd, 000164.767, 151
Trd, 000165.667, 149
Trd, 000165.800, 149
Trd, 000166.100, 146
Trd, 000166.467, 149
Trd, 000166.583, 140
Trd, 000166.717, 125
Trd, 000166.983, 148
Trd, 000168.050, 146.0
Trd, 000168.367, 147.0
Trd, 000171.617, 145
Trd, 000171.750, 145
Trd, 000172.117, 146
Trd, 000172.467, 148.0
Trd, 000173.500, 148
Trd, 000173.633, 147
Trd, 000173.650, 145
Trd, 000174.317, 148
Trd, 000175.333, 148.0
Trd, 000175.950, 154
Trd, 000176.150, 155
Trd, 000176.583, 146
Trd, 000177.567, 145
Trd, 000177.950, 146
Trd, 000178.400, 147.0
Trd, 000178.667, 146
Trd, 000178.750, 147.0
Trd, 000179.650, 148
Trd, 000179.783, 148.0
Trd, 000180.417, 148
Trd, 000181.017, 148
Trd, 000181.217, 146
Trd, 000181.567, 149
Trd, 000181.767, 145
Trd, 000182.567, 148.0
Trd, 000183.417, 142
Trd, 000184.117, 140
Trd, 000184.267, 145
Trd, 000185.417, 144
Trd, 000185.483, 145
Trd, 000185.667, 143
Trd, 000187.617, 144
Trd, 000187.633, 142
Trd, 000188.950, 145
Trd, 000189.317, 146
Trd, 000189.450, 153
Trd, 000190.917, 148.0
Trd, 000191.500, 150
Trd, 000191.783, 150
Trd, 000192.117, 150
Trd, 000192.733, 151
Trd, 000193.333, 149
Trd, 000193.383, 155
Trd, 000194.733, 152
Trd, 000195.067, 152
Trd, 000195.267, 150
Trd, 000195.717, 148
Trd, 000196.900, 151
Trd, 000197.417, 151
Trd, 000197.750, 151
Trd, 000197.883, 155
Trd, 000199.517, 152
Trd, 000199.950, 153
Trd, 000200.467, 152
Trd, 000200.550, 152
Trd, 000200.617, 150
Trd, 000200.900, 124.0
Trd, 000202.183, 153
Trd, 000202.417, 151
Trd, 000203.067, 153
Trd, 000203.633, 153
Trd, 000203.683, 152
Trd, 000204.200, 151
Trd, 000205.067, 153
Trd, 000205.317, 152
Trd, 000205.433, 151
Trd, 000207.167, 150
Trd, 000208.183, 155
Trd, 000208.217, 158
Trd, 000208.950, 162
Trd, 000208.967, 154
Trd, 000210.367, 159
Trd, 000210.900, 153
Trd, 000211.650, 153
Trd, 000211.733, 155
Trd, 000211.833, 154
Trd, 000212.000, 154
Trd, 000212.383, 152
Trd, 000212.633, 149
Trd, 000213.417, 140
Trd, 000214.700, 148
Trd, 000214.833, 149
Trd, 000215.367, 144
Trd, 000215.450, 151
Trd, 000217.350, 147.0
Trd, 000217.367, 148.0
Trd, 000217.433, 145
Trd, 000218.733, 148.0
Trd, 000219.817, 154
Trd, 000220.300, 150
Trd, 000220.417, 155
Trd, 000221.500, 152
Trd, 000221.783, 151
Trd, 000221.883, 150
Trd, 000223.133, 152
Trd, 000223.283, 151
Trd, 000223.883, 152
Trd, 000224.017, 153
Trd, 000224.833, 153
Trd, 000225.283, 152
Trd, 000225.683, 153
Trd, 000225.700, 151
Trd, 000226.600, 152
Trd, 000227.317, 151
Trd, 000227.467, 149
Trd, 000227.600, 153
Trd, 000228.017, 150
Trd, 000228.350, 154
Trd, 000229.917, 153
Trd, 000230.867, 149
Trd, 000231.000, 150
Trd, 000231.183, 149
Trd, 000231.567, 150
Trd, 000232.167, 144
Trd, 000232.400, 143
Trd, 000233.550, 144.0
Trd, 000234.017, 147
Trd, 000234.267, 147
Trd, 000235.383, 147.0
Trd, 000235.683, 147
Trd, 000236.200, 148.0
Trd, 000236.300, 154
Trd, 000236.983, 152
Trd, 000237.483, 151
Trd, 000238.433, 152
Trd, 000239.300, 154
Trd, 000239.400, 153
Trd, 000239.700, 149
Trd, 000240.033, 155
Trd, 000240.717, 149
Trd, 000241.083, 146
Trd, 000241.150, 148
Trd, 000241.450, 145
Trd, 000241.633, 146
Trd, 000241.717, 144
Trd, 000243.083, 144
Trd, 000243.433, 145
Trd, 000244.450, 146
Trd, 000244.750, 147
Trd, 000245.150, 146
Trd, 000245.283, 147
Trd, 000245.717, 147.0
Trd, 000245.917, 148.0
Trd, 000246.433, 148
Trd, 000246.467, 147
Trd, 000247.217, 157
Trd, 000247.250, 158
Trd, 000247.317, 162.0
Trd, 000247.967, 152
Trd, 000248.200, 155.0
Trd, 000248.683, 157
Trd, 000248.800, 152
Trd, 000249.083, 156
Trd, 000249.533, 155
Trd, 000250.183, 156
Trd, 000251.350, 156.0
Trd, 000251.367, 155.0
Trd, 000251.483, 154
Trd, 000252.000, 157
Trd, 000252.050, 159
Trd, 000252.533, 161.0
Trd, 000252.667, 158
Trd, 000253.883, 159.0
Trd, 000254.517, 158
Trd, 000254.850, 159
Trd, 000255.100, 158.0
Trd, 000255.267, 148.0
Trd, 000255.600, 140
Trd, 000255.767, 158.0
Trd, 000257.767, 152
Trd, 000257.983, 153
Trd, 000258.517, 152
Trd, 000258.850, 151
Trd, 000259.283, 153
Trd, 000259.317, 151
Trd, 000260.250, 153
Trd, 000260.583, 155
Trd, 000260.833, 152
Trd, 000260.967, 151
Trd, 000261.150, 153
Trd, 000262.200, 154
Trd, 000263.700, 154
Trd, 000263.983, 153
Trd, 000264.367, 153
Trd, 000264.933, 154
Trd, 000265.533, 153
Trd, 000265.767, 154
Trd, 000265.783, 151
Trd, 000266.183, 154
Trd, 000267.683, 152
Trd, 000268.900, 153
Trd, 000269.150, 151
Trd, 000269.400, 154
Trd, 000269.883, 152
Trd, 000270.033, 152
Trd, 000270.050, 153
Trd, 000270.733, 153
Trd, 000270.800, 155
Trd, 000271.550, 152
Trd, 000271.933, 155
Trd, 000273.817, 154
Trd, 000273.867, 155
Trd, 000273.933, 153
Trd, 000275.317, 152
Trd, 000275.600, 152
Trd, 000275.933, 151
Trd, 000276.433, 153
Trd, 000276.600, 150
Trd, 000276.617, 149
Trd, 000277.433, 135
Trd, 000277.717, 136
Trd, 000277.767, 132.0
Trd, 000278.000, 134.0
Trd, 000278.850, 141.0
Trd, 000279.517, 141
Trd, 000279.850, 154
Trd, 000279.883, 155
Trd, 000280.383, 149
Trd, 000281.367, 153
Trd, 000281.750, 152
Trd, 000281.967, 151
Trd, 000282.300, 155
Trd, 000283.533, 160.0
Trd, 000284.067, 162.0
Trd, 000284.100, 160
Trd, 000285.217, 161
Trd, 000285.483, 161
Trd, 000285.583, 159
Trd, 000285.900, 158.0
Trd, 000286.300, 157
Trd, 000287.283, 156
Trd, 000287.400, 157
Trd, 000287.567, 155.0
Trd, 000287.750, 152
Trd, 000287.850, 155
Trd, 000288.550, 154
Trd, 000288.750, 148.0
Trd, 000289.917, 154
Trd, 000290.083, 151
Trd, 000290.650, 151
Trd, 000290.750, 153
Trd, 000290.983, 151
Trd, 000291.200, 152
Trd, 000291.400, 155
Trd, 000291.933, 156
Trd, 000292.733, 155
Trd, 000292.983, 153
Trd, 000293.067, 162.0
Trd, 000293.617, 164.0
Trd, 000294.500, 152
Trd, 000295.717, 157
Trd, 000296.317, 158
Trd, 000296.333, 158
Trd, 000297.033, 159
Trd, 000297.633, 158.0
Trd, 000298.483, 159
Trd, 000298.617, 158
Trd, 000299.350, 159
Trd, 000299.517, 158
Trd, 000299.900, 158.0
Trd, 000299.917, 159
