Trd, 000001.433, 170
Trd, 000001.500, 127.0
Trd, 000003.267, 179.0
Trd, 000003.817, 168.0
Trd, 000004.283, 165.0
Trd, 000004.600, 162.0
Trd, 000004.783, 163
Trd, 000005.133, 163
Trd, 000005.500, 164
Trd, 000005.867, 159
Trd, 000006.867, 158
Trd, 000007.533, 157
Trd, 000007.917, 133
Trd, 000008.717, 155
Trd, 000008.783, 157
Trd, 000009.100, 155
Trd, 000009.583, 138.0
Trd, 000009.817, 155
Trd, 000012.017, 141.0
Trd, 000012.033, 137.0
Trd, 000012.400, 152
Trd, 000012.933, 151
Trd, 000013.633, 153
Trd, 000014.267, 133
Trd, 000014.433, 134.0
Trd, 000014.483, 132
Trd, 000014.683, 134
Trd, 000014.833, 156
Trd, 000015.233, 156
Trd, 000015.267, 130
Trd, 000015.750, 165
Trd, 000015.950, 137.0
Trd, 000016.583, 127.0
Trd, 000016.900, 141.0
Trd, 000017.783, 156
Trd, 000017.900, 157
Trd, 000019.567, 147
Trd, 000020.017, 140.0
Trd, 000020.033, 141.0
Trd, 000020.050, 144.0
Trd, 000020.900, 143
Trd, 000021.517, 144
Trd, 000021.633, 138.0
Trd, 000022.300, 160
Trd, 000023.850, 164
Trd, 000023.917, 165
Trd, 000025.433, 147
Trd, 000025.467, 146
Trd, 000026.333, 141.0
Trd, 000027.067, 139.0
Trd, 000028.450, 146
Trd, 000028.617, 147
Trd, 000028.950, 146
Trd, 000029.333, 139.0
Trd, 000029.350, 154
Trd, 000029.517, 154
Trd, 000030.250, 155
Trd, 000030.900, 137.0
Trd, 000031.850, 160
Trd, 000032.533, 141.0
Trd, 000033.050, 161
Trd, 000033.367, 133
Trd, 000033.550, 139
Trd, 000034.150, 141.0
Trd, 000035.083, 147.0
Trd, 000035.550, 148.0
Trd, 000035.667, 140.0
Trd, 000036.117, 151.0
Trd, 000037.350, 163
Trd, 000037.467, 165
Trd, 000037.950, 146
Trd, 000038.200, 162
Trd, 000038.967, 162
Trd, 000039.150, 145
Trd, 000040.200, 141.0
Trd, 000041.117, 141.0
Trd, 000041.450, 164
Trd, 000041.900, 166
Trd, 000041.933, 144
Trd, 000042.117, 168
Trd, 000044.367, 137.0
Trd, 000044.400, 130
Trd, 000045.500, 134.0
Trd, 000046.233, 153
Trd, 000046.450, 168
Trd, 000047.283, 156
Trd, 000047.900, 157
Trd, 000048.300, 134
Trd, 000049.600, 138
Trd, 000050.133, 143.0
Trd, 000050.333, 143.0
Trd, 000050.800, 141
Trd, 000050.833, 141.0
Trd, 000051.183, 144.0
Trd, 000052.017, 148.0
Trd, 000052.067, 140
Trd, 000052.250, 151.0
Trd, 000052.850, 165
Trd, 000053.433, 167
Trd, 000053.767, 166
Trd, 000053.950, 167
Trd, 000054.150, 140
Trd, 000054.650, 154
Trd, 000055.000, 149
Trd, 000056.383, 147
Trd, 000056.533, 165
Trd, 000056.850, 166
Trd, 000057.050, 165.0
Trd, 000057.700, 141.0
Trd, 000058.050, 140.0
Trd, 000058.867, 161
Trd, 000058.883, 162
Trd, 000059.000, 163
Trd, 000059.517, 137.0
Trd, 000060.367, 134.0
Trd, 000060.783, 130
Trd, 000062.350, 138.0
Trd, 000062.650, 140.0
Trd, 000063.150, 141.0
Trd, 000063.700, 148.0
Trd, 000063.783, 155
Trd, 000064.367, 144
Trd, 000065.150, 138.0
Trd, 000065.200, 137.0
Trd, 000065.567, 129
Trd, 000066.300, 135
Trd, 000067.283, 149
Trd, 000067.433, 147
Trd, 000068.067, 146
Trd, 000068.817, 148.0
Trd, 000069.100, 149
Trd, 000069.117, 151.0
Trd, 000069.767, 155
Trd, 000070.450, 141.0
Trd, 000071.000, 137.0
Trd, 000071.900, 163
Trd, 000071.933, 164
Trd, 000072.500, 153
Trd, 000073.000, 138
Trd, 000073.917, 140.0
Trd, 000074.233, 141.0
Trd, 000074.533, 151.0
Trd, 000074.750, 159
Trd, 000075.033, 157
Trd, 000075.200, 158
Trd, 000076.517, 163
Trd, 000076.617, 139
Trd, 000076.800, 130
Trd, 000077.767, 161
Trd, 000078.067, 162
Trd, 000078.433, 142
Trd, 000079.383, 152
Trd, 000079.633, 163
Trd, 000080.300, 141
Trd, 000080.717, 161
Trd, 000081.017, 163
Trd, 000081.933, 163
Trd, 000081.967, 168
Trd, 000082.683, 132
Trd, 000082.733, 166
Trd, 000083.633, 141.0
Trd, 000084.650, 139.0
Trd, 000085.167, 157
Trd, 000085.633, 137.0
Trd, 000085.933, 134.0
Trd, 000087.350, 150.0
Trd, 000087.850, 151.0
Trd, 000088.750, 150
Trd, 000089.183, 149
Trd, 000089.817, 150
Trd, 000089.967, 148
Trd, 000090.233, 137.0
Trd, 000090.550, 152
Trd, 000090.600, 128
Trd, 000090.650, 153
Trd, 000090.700, 155
Trd, 000090.917, 167
Trd, 000092.067, 165.0
Trd, 000092.900, 156
Trd, 000093.100, 162
Trd, 000093.833, 166
Trd, 000094.333, 144
Trd, 000094.350, 166
Trd, 000094.417, 137.0
Trd, 000094.983, 136
Trd, 000095.800, 130
Trd, 000096.817, 164
Trd, 000097.067, 163
Trd, 000097.117, 161
Trd, 000097.950, 162
Trd, 000098.250, 131
Trd, 000098.700, 129
Trd, 000099.150, 128
Trd, 000100.167, 152
Trd, 000100.333, 152
Trd, 000100.867, 152
Trd, 000101.133, 141
Trd, 000101.517, 141.0
Trd, 000101.900, 152
Trd, 000102.217, 154
Trd, 000102.333, 155
Trd, 000104.033, 141.0
Trd, 000104.233, 162
Trd, 000104.617, 163
Trd, 000106.017, 164
Trd, 000107.017, 155
Trd, 000107.317, 145
Trd, 000107.383, 144
Trd, 000108.433, 158
Trd, 000109.183, 148
Trd, 000109.367, 137.0
Trd, 000109.767, 153
Trd, 000110.000, 154
Trd, 000110.817, 155
Trd, 000110.867, 149
Trd, 000110.883, 157
Trd, 000111.283, 165
Trd, 000111.517, 140
Trd, 000112.017, 141.0
Trd, 000115.117, 149
Trd, 000115.167, 153
Trd, 000115.783, 152
Trd, 000116.283, 150
Trd, 000116.717, 151.0
Trd, 000116.850, 147
Trd, 000117.083, 152
Trd, 000117.250, 155
Trd, 000117.700, 167
Trd, 000119.200, 140
Trd, 000119.800, 141.0
Trd, 000120.883, 141
Trd, 000121.083, 144
Trd, 000121.200, 148.0
Trd, 000121.483, 150.0
Trd, 000121.783, 151.0
Trd, 000122.250, 149
Trd, 000122.267, 139
Trd, 000122.667, 180
Trd, 000123.867, 175
Trd, 000124.967, 138.0
Trd, 000125.000, 155
Trd, 000125.133, 137.0
Trd, 000125.400, 155
Trd, 000125.450, 148
Trd, 000126.567, 141.0
Trd, 000127.033, 134
Trd, 000127.100, 156
Trd, 000127.667, 155
Trd, 000128.533, 153
Trd, 000128.600, 138.0
Trd, 000129.433, 141.0
Trd, 000129.650, 137.0
Trd, 000129.700, 144.0
Trd, 000132.450, 150
Trd, 000132.467, 138
Trd, 000132.667, 149
Trd, 000132.900, 144
Trd, 000133.217, 147.0
Trd, 000133.467, 143
Trd, 000134.717, 148.0
Trd, 000134.767, 151.0
Trd, 000135.283, 152
Trd, 000137.267, 137.0
Trd, 000137.517, 141.0
Trd, 000138.667, 147
Trd, 000138.850, 148
Trd, 000139.233, 147.0
Trd, 000139.533, 142
Trd, 000139.817, 141
Trd, 000139.917, 148.0
Trd, 000140.167, 155
Trd, 000140.967, 155
Trd, 000142.550, 144
Trd, 000142.717, 137.0
Trd, 000143.017, 134
Trd, 000143.117, 154
Trd, 000143.950, 140
Trd, 000144.233, 155
Trd, 000144.300, 131
Trd, 000145.233, 173
Trd, 000146.000, 170
Trd, 000146.400, 156
Trd, 000146.467, 154
Trd, 000147.700, 144
Trd, 000147.800, 152
Trd, 000148.050, 152
Trd, 000148.167, 142
Trd, 000148.683, 147
Trd, 000148.883, 152
Trd, 000148.900, 132
Trd, 000148.983, 153
Trd, 000149.483, 137.0
Trd, 000150.867, 158
Trd, 000151.383, 131
Trd, 000152.667, 139.0
Trd, 000153.433, 141.0
Trd, 000153.617, 151.0
Trd, 000153.683, 155
Trd, 000153.867, 155
Trd, 000154.617, 165.0
Trd, 000155.283, 158
Trd, 000155.567, 136
Trd, 000156.067, 141
Trd, 000156.967, 139.0
Trd, 000157.017, 137.0
Trd, 000158.450, 152
Trd, 000159.183, 137.0
Trd, 000160.350, 140.0
Trd, 000160.383, 141.0
Trd, 000161.400, 144.0
Trd, 000161.867, 151.0
Trd, 000162.083, 155
Trd, 000162.167, 169
Trd, 000162.950, 143
Trd, 000163.417, 164
Trd, 000163.517, 145
Trd, 000164.017, 165
Trd, 000164.667, 131
Trd, 000165.167, 157
Trd, 000165.250, 130
Trd, 000165.450, 158
Trd, 000165.783, 134.0
Trd, 000167.583, 135
Trd, 000167.800, 141.0
Trd, 000168.250, 137.0
Trd, 000168.550, 152
Trd, 000168.633, 130
Trd, 000169.050, 151
Trd, 000169.600, 151
Trd, 000170.150, 152
Trd, 000171.983, 134
Trd, 000172.500, 141.0
Trd, 000173.833, 144.0
Trd, 000174.017, 151.0
Trd, 000174.500, 154
Trd, 000174.583, 140
Trd, 000174.783, 154
Trd, 000175.683, 148
Trd, 000176.067, 146
Trd, 000176.933, 150
Trd, 000177.117, 138.0
Trd, 000178.150, 139.0
Trd, 000178.400, 144
Trd, 000179.133, 144.0
Trd, 000179.933, 143
Trd, 000180.283, 137.0
Trd, 000180.417, 133
Trd, 000180.800, 140
Trd, 000180.867, 148.0
Trd, 000181.067, 151.0
Trd, 000181.383, 155
Trd, 000182.350, 140.0
Trd, 000184.267, 148.0
Trd, 000184.400, 138.0
Trd, 000185.083, 138.0
Trd, 000185.167, 163
Trd, 000185.300, 137.0
Trd, 000185.800, 141.0
Trd, 000186.783, 132
Trd, 000188.033, 130
Trd, 000188.283, 154
Trd, 000188.817, 158
Trd, 000188.933, 159
Trd, 000189.533, 167
Trd, 000189.950, 162.0
Trd, 000190.250, 155
Trd, 000190.483, 163
Trd, 000191.650, 158
Trd, 000192.100, 144
Trd, 000192.350, 155
Trd, 000192.500, 155
Trd, 000192.633, 137.0
Trd, 000192.967, 156
Trd, 000194.100, 130
Trd, 000194.517, 158
Trd, 000195.267, 153
Trd, 000195.633, 154
Trd, 000195.733, 157
Trd, 000196.867, 144
Trd, 000197.000, 135
Trd, 000197.100, 159
Trd, 000197.783, 159
Trd, 000198.867, 161
Trd, 000199.083, 164
Trd, 000199.250, 142
Trd, 000199.567, 141.0
Trd, 000201.067, 147
Trd, 000201.083, 164
Trd, 000201.350, 146
Trd, 000201.400, 152
Trd, 000203.050, 154
Trd, 000204.100, 156
Trd, 000204.600, 154
Trd, 000204.933, 153
Trd, 000205.017, 139.0
Trd, 000205.533, 153
Trd, 000205.617, 154
Trd, 000206.583, 156
Trd, 000206.617, 142.0
Trd, 000206.667, 137.0
Trd, 000207.167, 163
Trd, 000207.717, 161
Trd, 000208.233, 140
Trd, 000208.850, 159
Trd, 000209.267, 143
Trd, 000211.050, 156
Trd, 000211.350, 140
Trd, 000211.733, 157
Trd, 000212.850, 161
Trd, 000213.150, 159
Trd, 000213.717, 137.0
Trd, 000213.900, 141.0
Trd, 000214.050, 130
Trd, 000215.700, 152
Trd, 000216.133, 141.0
Trd, 000216.383, 133.0
Trd, 000217.317, 134.0
Trd, 000217.450, 148.0
Trd, 000218.567, 164
Trd, 000218.583, 165
Trd, 000218.967, 166
Trd, 000218.983, 169
Trd, 000219.183, 137.0
Trd, 000219.217, 132
Trd, 000220.233, 164
Trd, 000220.400, 134.0
Trd, 000222.400, 132
Trd, 000222.883, 134
Trd, 000223.650, 135
Trd, 000223.817, 130
Trd, 000224.000, 147.0
Trd, 000224.167, 148.0
Trd, 000224.217, 137.0
Trd, 000225.800, 145.0
Trd, 000225.883, 149.0
Trd, 000226.833, 141.0
Trd, 000227.483, 135
Trd, 000227.733, 151.0
Trd, 000228.417, 155
Trd, 000228.467, 143
Trd, 000230.267, 142
Trd, 000230.483, 149
Trd, 000230.667, 165.0
Trd, 000231.733, 143
Trd, 000232.517, 142
Trd, 000232.867, 152
Trd, 000234.183, 149
Trd, 000234.683, 149
Trd, 000235.067, 150
Trd, 000235.417, 131
Trd, 000235.583, 154
Trd, 000235.800, 130
Trd, 000236.283, 138.0
Trd, 000237.317, 137.0
Trd, 000237.783, 139.0
Trd, 000238.533, 137.0
Trd, 000238.650, 141.0
Trd, 000239.250, 150
Trd, 000240.133, 151.0
Trd, 000240.300, 155
Trd, 000241.100, 138
Trd, 000241.133, 163
Trd, 000241.717, 159
Trd, 000241.833, 162
Trd, 000242.333, 146.0
Trd, 000242.783, 154
Trd, 000243.150, 149.0
Trd, 000243.450, 148.0
Trd, 000243.883, 148
Trd, 000244.217, 151
Trd, 000244.667, 144
Trd, 000244.883, 146
Trd, 000245.183, 145.0
Trd, 000245.367, 142.0
Trd, 000245.483, 149.0
Trd, 000246.067, 150.0
Trd, 000246.300, 151.0
Trd, 000247.000, 144.0
Trd, 000247.600, 139
Trd, 000248.767, 152
Trd, 000248.917, 146.0
Trd, 000249.467, 147
Trd, 000250.033, 145
Trd, 000250.050, 142.0
Trd, 000250.217, 147
Trd, 000250.267, 148
Trd, 000250.383, 149
Trd, 000250.517, 141.0
Trd, 000251.367, 147.0
Trd, 000251.500, 144.0
Trd, 000251.883, 144.0
Trd, 000251.967, 155
Trd, 000252.600, 166
Trd, 000254.317, 161
Trd, 000254.417, 163
Trd, 000255.283, 159
Trd, 000255.450, 159
Trd, 000255.467, 162
Trd, 000255.500, 158
Trd, 000256.333, 153
Trd, 000256.400, 161
Trd, 000256.450, 150
Trd, 000256.700, 161
Trd, 000257.483, 162.0
Trd, 000258.283, 162
Trd, 000258.300, 161
Trd, 000258.417, 158.0
Trd, 000258.983, 151
Trd, 000259.267, 159
Trd, 000260.567, 141.0
Trd, 000260.650, 146
Trd, 000260.950, 147
Trd, 000261.183, 148
Trd, 000261.683, 148.0
Trd, 000263.167, 158.0
Trd, 000263.267, 161
Trd, 000263.483, 158.0
Trd, 000263.683, 143
Trd, 000263.817, 152
Trd, 000265.167, 150.0
Trd, 000265.667, 146.0
Trd, 000266.550, 153.0
Trd, 000266.950, 154
Trd, 000267.183, 154
Trd, 000267.467, 152
Trd, 000267.917, 152
Trd, 000268.067, 155
Trd, 000268.217, 155
Trd, 000268.917, 148
Trd, 000268.933, 156
Trd, 000269.517, 150
Trd, 000269.667, 149
Trd, 000270.183, 153
Trd, 000270.400, 137
Trd, 000271.850, 145
Trd, 000272.150, 149
Trd, 000272.850, 144.0
Trd, 000273.317, 151
Trd, 000273.600, 151
Trd, 000273.900, 149.0
Trd, 000273.950, 130
Trd, 000274.367, 146
Trd, 000274.617, 151
Trd, 000275.000, 155
Trd, 000275.333, 168
Trd, 000275.400, 142.0
Trd, 000276.383, 158.0
Trd, 000276.483, 148
Trd, 000276.783, 159
Trd, 000277.000, 160
Trd, 000277.083, 141.0
Trd, 000277.550, 160
Trd, 000278.417, 128
Trd, 000278.617, 127.0
Trd, 000278.717, 140
Trd, 000278.783, 150
Trd, 000278.817, 154
Trd, 000279.517, 145.0
Trd, 000280.233, 138.0
Trd, 000280.617, 153
Trd, 000281.033, 154
Trd, 000281.267, 157
Trd, 000281.400, 165.0
Trd, 000283.150, 154.0
Trd, 000283.517, 161
Trd, 000283.717, 160.0
Trd, 000284.233, 161
Trd, 000284.250, 151.0
Trd, 000285.150, 142.0
Trd, 000285.233, 169
Trd, 000285.433, 141.0
Trd, 000285.483, 137.0
Trd, 000285.617, 155
Trd, 000285.650, 141
Trd, 000285.850, 165.0
Trd, 000286.483, 160
Trd, 000287.283, 148
Trd, 000287.583, 157
Trd, 000288.100, 151.0
Trd, 000288.500, 153
Trd, 000289.017, 154
Trd, 000289.067, 155
Trd, 000289.167, 147
Trd, 000289.533, 155
Trd, 000289.883, 167
Trd, 000290.367, 170
Trd, 000290.767, 141.0
Trd, 000291.450, 168
Trd, 000291.567, 170
Trd, 000292.350, 173.0
Trd, 000292.800, 178
Trd, 000293.233, 179
Trd, 000293.967, 174.0
Trd, 000294.350, 181.0
Trd, 000295.167, 172.0
Trd, 000296.067, 168.0
Trd, 000296.133, 162.0
Trd, 000296.733, 167
Trd, 000297.050, 167
Trd, 000297.483, 169
Trd, 000297.750, 165.0
Trd, 000297.767, 158.0
Trd, 000297.950, 151.0
Trd, 000298.567, 166
Trd, 000298.633, 169
Trd, 000299.533, 143.0
Trd, 000299.933, 165
Trd, 000299.983, 142.0
