Trd, 000001.150, 140
Trd, 000001.600, 109
Trd, 000001.633, 124.0
Trd, 000003.033, 144.0
Trd, 000003.283, 109
Trd, 000003.333, 112
Trd, 000003.917, 131.0
Trd, 000004.033, 155.0
Trd, 000004.750, 149
Trd, 000005.100, 148
Trd, 000005.467, 154
Trd, 000005.900, 145
Trd, 000006.233, 134.0
Trd, 000007.700, 144.0
Trd, 000007.817, 167.0
Trd, 000008.383, 142
Trd, 000008.850, 145
Trd, 000009.150, 144
Trd, 000009.583, 155
Trd, 000010.033, 144
Trd, 000010.133, 155.0
Trd, 000010.167, 142
Trd, 000010.583, 141
Trd, 000011.683, 161
Trd, 000012.500, 150
Trd, 000013.050, 149
Trd, 000013.467, 149
Trd, 000013.533, 148
Trd, 000013.800, 154
Trd, 000013.867, 158
Trd, 000014.667, 155.0
Trd, 000015.517, 152
Trd, 000016.383, 140.0
Trd, 000017.100, 140
Trd, 000017.283, 142
Trd, 000017.650, 154
Trd, 000017.733, 141
Trd, 000018.083, 152
Trd, 000018.433, 155.0
Trd, 000019.850, 155.0
Trd, 000020.417, 153
Trd, 000020.717, 154.0
Trd, 000021.117, 152
Trd, 000021.883, 152
Trd, 000022.050, 148.0
Trd, 000022.117, 149
Trd, 000022.150, 155.0
Trd, 000022.917, 147
Trd, 000023.467, 147
Trd, 000023.867, 146
Trd, 000024.400, 138
Trd, 000024.417, 137.0
Trd, 000025.117, 159
Trd, 000025.567, 166
Trd, 000025.867, 134.0
Trd, 000026.333, 150
Trd, 000027.300, 155.0
Trd, 000027.617, 149
Trd, 000028.050, 150
Trd, 000028.100, 148.0
Trd, 000028.900, 150
Trd, 000030.167, 150
Trd, 000030.350, 153
Trd, 000030.533, 155.0
Trd, 000030.617, 148
Trd, 000030.683, 163
Trd, 000031.867, 174
Trd, 000032.050, 155.0
Trd, 000033.250, 161
Trd, 000033.950, 160
Trd, 000034.633, 159
Trd, 000034.783, 159
Trd, 000034.983, 159
Trd, 000035.033, 167
Trd, 000035.067, 158.0
Trd, 000035.117, 157
Trd, 000035.150, 139
Trd, 000035.683, 166
Trd, 000035.967, 147
Trd, 000036.900, 135
Trd, 000038.450, 144.0
Trd, 000038.617, 137.0
Trd, 000039.317, 142
Trd, 000039.467, 137.0
Trd, 000040.050, 149
Trd, 000040.233, 148
Trd, 000040.883, 142
Trd, 000041.183, 148
Trd, 000041.650, 151
Trd, 000042.167, 148
Trd, 000042.600, 148
Trd, 000044.733, 147
Trd, 000045.250, 146
Trd, 000045.850, 145
Trd, 000046.150, 140
Trd, 000047.133, 144.0
Trd, 000047.550, 147
Trd, 000048.350, 144
Trd, 000048.767, 147
Trd, 000049.050, 155.0
Trd, 000050.067, 146
Trd, 000050.200, 153
Trd, 000050.517, 153
Trd, 000050.733, 145
Trd, 000050.950, 140
Trd, 000051.400, 162
Trd, 000051.500, 135.0
Trd, 000052.217, 134.0
Trd, 000053.400, 143
Trd, 000053.433, 145
Trd, 000054.167, 137.0
Trd, 000054.467, 155.0
Trd, 000055.183, 155.0
Trd, 000055.400, 150
Trd, 000055.617, 148.0
Trd, 000056.700, 154
Trd, 000057.350, 154.0
Trd, 000057.483, 152
Trd, 000057.883, 150
Trd, 000058.733, 141
Trd, 000059.083, 141
Trd, 000059.283, 155.0
Trd, 000059.750, 140.0
Trd, 000059.850, 139
Trd, 000060.200, 147
Trd, 000060.467, 147
Trd, 000062.567, 149
Trd, 000062.600, 148
Trd, 000062.767, 148
Trd, 000063.283, 147
Trd, 000063.433, 168.0
Trd, 000063.617, 175
Trd, 000064.850, 159
Trd, 000065.283, 155.0
Trd, 000065.517, 152
Trd, 000065.983, 152
Trd, 000066.750, 148.0
Trd, 000066.833, 140
Trd, 000068.900, 154
Trd, 000069.000, 147
Trd, 000069.467, 152
Trd, 000069.517, 146
Trd, 000070.267, 153
Trd, 000070.583, 153
Trd, 000071.017, 146
Trd, 000072.150, 154
Trd, 000072.317, 145
Trd, 000073.000, 145
Trd, 000073.217, 154
Trd, 000073.683, 155.0
Trd, 000073.717, 148
Trd, 000075.433, 148
Trd, 000076.033, 149
Trd, 000076.133, 148.0
Trd, 000076.433, 152
Trd, 000076.783, 150
Trd, 000077.383, 155.0
Trd, 000078.267, 139
Trd, 000078.533, 131.0
Trd, 000079.400, 141
Trd, 000079.883, 142
Trd, 000080.067, 140
Trd, 000080.400, 141.0
Trd, 000080.417, 140
Trd, 000081.700, 141
Trd, 000083.200, 142
Trd, 000083.367, 144.0
Trd, 000083.950, 140
Trd, 000084.217, 140
Trd, 000084.883, 140
Trd, 000084.917, 146
Trd, 000084.950, 139
Trd, 000085.083, 147
Trd, 000085.900, 155.0
Trd, 000087.417, 144.0
Trd, 000087.567, 141
Trd, 000087.833, 139
Trd, 000088.000, 146
Trd, 000088.433, 155.0
Trd, 000090.067, 149
Trd, 000090.300, 142
Trd, 000091.367, 150
Trd, 000092.100, 163
Trd, 000093.033, 143
Trd, 000093.367, 143
Trd, 000093.550, 147
Trd, 000094.417, 144.0
Trd, 000094.900, 147
Trd, 000095.367, 148
Trd, 000095.517, 145
Trd, 000096.000, 152
Trd, 000097.300, 145
Trd, 000097.483, 146
Trd, 000098.117, 151
Trd, 000098.317, 153
Trd, 000098.517, 145
Trd, 000099.367, 144.0
Trd, 000099.400, 143
Trd, 000099.900, 150
Trd, 000100.217, 142
Trd, 000101.317, 155.0
Trd, 000101.650, 147
Trd, 000102.483, 148
Trd, 000102.767, 152
Trd, 000102.850, 154
Trd, 000103.367, 152
Trd, 000103.400, 150
Trd, 000104.833, 158
Trd, 000105.433, 154
Trd, 000106.817, 150
Trd, 000107.100, 151
Trd, 000107.117, 143
Trd, 000107.950, 148
Trd, 000108.033, 146
Trd, 000108.200, 151
Trd, 000108.367, 155.0
Trd, 000108.817, 143.0
Trd, 000109.050, 144.0
Trd, 000110.417, 147
Trd, 000111.150, 145
Trd, 000111.167, 144
Trd, 000111.467, 140
Trd, 000112.517, 147
Trd, 000112.533, 141
Trd, 000112.750, 137.0
Trd, 000112.917, 134.0
Trd, 000112.933, 163
Trd, 000115.467, 155.0
Trd, 000116.133, 152
Trd, 000117.350, 148.0
Trd, 000117.750, 152
Trd, 000118.950, 148
Trd, 000119.317, 148
Trd, 000120.433, 163
Trd, 000120.533, 155.0
Trd, 000121.383, 155.0
Trd, 000121.733, 152
Trd, 000121.750, 151
Trd, 000122.183, 154
Trd, 000123.133, 154
Trd, 000123.317, 150
Trd, 000123.950, 154
Trd, 000124.017, 147
Trd, 000124.683, 155.0
Trd, 000125.333, 149
Trd, 000125.833, 158
Trd, 000125.900, 147
Trd, 000126.800, 163
Trd, 000127.450, 148
Trd, 000127.867, 148
Trd, 000127.933, 168
Trd, 000128.500, 168.0
Trd, 000129.017, 155.0
Trd, 000129.467, 155
Trd, 000129.683, 168
Trd, 000130.483, 156
Trd, 000130.667, 155.0
Trd, 000132.183, 137.0
Trd, 000133.167, 143
Trd, 000133.200, 136.0
Trd, 000133.917, 140
Trd, 000134.117, 138
Trd, 000134.683, 144
Trd, 000134.950, 143
Trd, 000135.900, 141
Trd, 000136.183, 144
Trd, 000137.217, 138
Trd, 000138.333, 144.0
Trd, 000138.483, 154.0
Trd, 000138.650, 139
Trd, 000138.817, 137.0
Trd, 000139.217, 148
Trd, 000140.233, 148
Trd, 000141.750, 144
Trd, 000141.767, 139
Trd, 000142.617, 141
Trd, 000143.167, 151
Trd, 000144.417, 155.0
Trd, 000144.583, 152
Trd, 000144.617, 150
Trd, 000145.267, 153
Trd, 000146.367, 153
Trd, 000146.817, 152
Trd, 000146.917, 150
Trd, 000148.133, 149
Trd, 000149.700, 152
Trd, 000149.783, 154
Trd, 000149.867, 155.0
Trd, 000151.250, 156.0
Trd, 000151.733, 155.0
Trd, 000152.133, 162
Trd, 000152.967, 152
Trd, 000153.050, 155.0
Trd, 000153.417, 152
Trd, 000153.450, 140
Trd, 000153.650, 137.0
Trd, 000154.350, 147
Trd, 000154.583, 144
Trd, 000155.100, 151
Trd, 000155.783, 150
Trd, 000156.350, 144
Trd, 000156.433, 167.0
Trd, 000156.517, 138.0
Trd, 000157.300, 138
Trd, 000157.967, 148
Trd, 000158.283, 137.0
Trd, 000158.733, 134.0
Trd, 000158.767, 147
Trd, 000158.850, 131.0
Trd, 000159.683, 133
Trd, 000159.800, 149
Trd, 000160.600, 144.0
Trd, 000160.900, 146
Trd, 000161.267, 138
Trd, 000161.283, 138
Trd, 000161.500, 155.0
Trd, 000162.567, 151
Trd, 000162.783, 162
Trd, 000164.900, 155.0
Trd, 000166.183, 155
Trd, 000166.517, 155.0
Trd, 000166.600, 154
Trd, 000167.283, 152
Trd, 000167.567, 154.0
Trd, 000167.900, 152
Trd, 000168.000, 155.0
Trd, 000170.133, 157
Trd, 000170.233, 152
Trd, 000170.583, 151
Trd, 000170.900, 157
Trd, 000171.567, 148.0
Trd, 000171.700, 159
Trd, 000172.033, 168.0
Trd, 000172.683, 144
Trd, 000172.817, 163
Trd, 000172.900, 139
Trd, 000173.117, 137.0
Trd, 000174.200, 144
Trd, 000174.467, 142
Trd, 000175.750, 143
Trd, 000175.883, 141
Trd, 000177.217, 144
Trd, 000177.817, 144.0
Trd, 000178.700, 157
Trd, 000178.950, 142
Trd, 000179.150, 145
Trd, 000180.017, 140
Trd, 000180.417, 142
Trd, 000180.917, 143
Trd, 000180.933, 141
Trd, 000181.983, 138
Trd, 000182.483, 137.0
Trd, 000182.800, 144
Trd, 000182.917, 136.0
Trd, 000183.150, 144.0
Trd, 000184.100, 150
Trd, 000185.133, 154.0
Trd, 000185.700, 153
Trd, 000186.300, 155.0
Trd, 000187.267, 141
Trd, 000187.683, 140
Trd, 000187.900, 153
Trd, 000188.500, 154
Trd, 000189.083, 149.0
Trd, 000189.850, 154
Trd, 000190.300, 155.0
Trd, 000190.417, 148
Trd, 000190.750, 147
Trd, 000191.367, 141
Trd, 000191.817, 143.0
Trd, 000193.917, 142
Trd, 000193.967, 143.0
Trd, 000194.067, 140
Trd, 000194.333, 137.0
Trd, 000194.850, 143
Trd, 000195.467, 145
Trd, 000195.933, 158
Trd, 000196.350, 148.0
Trd, 000197.000, 146
Trd, 000198.167, 147
Trd, 000198.667, 155.0
Trd, 000198.683, 162
Trd, 000198.783, 148
Trd, 000199.217, 155
Trd, 000199.317, 148.0
Trd, 000200.333, 150
Trd, 000200.783, 149
Trd, 000201.133, 146
Trd, 000201.750, 137
Trd, 000202.683, 155.0
Trd, 000203.333, 155.0
Trd, 000204.267, 156
Trd, 000206.233, 157.0
Trd, 000206.333, 155.0
Trd, 000206.433, 153
Trd, 000206.500, 149
Trd, 000206.733, 160
Trd, 000207.433, 159
Trd, 000207.550, 151
Trd, 000208.183, 150
Trd, 000208.750, 159
Trd, 000208.850, 148.0
Trd, 000209.100, 168.0
Trd, 000209.467, 147
Trd, 000209.700, 164
Trd, 000210.433, 146
Trd, 000211.183, 139.0
Trd, 000211.500, 138
Trd, 000212.000, 144.0
Trd, 000212.717, 140
Trd, 000213.500, 138.0
Trd, 000214.800, 143
Trd, 000214.933, 143
Trd, 000215.533, 143
Trd, 000215.900, 144
Trd, 000216.083, 145
Trd, 000216.433, 162
Trd, 000216.983, 144.0
Trd, 000217.900, 155.0
Trd, 000218.067, 175
Trd, 000218.383, 146
Trd, 000218.517, 146
Trd, 000219.183, 159
Trd, 000219.350, 139
Trd, 000219.433, 160
Trd, 000219.583, 137.0
Trd, 000220.500, 155.0
Trd, 000221.133, 165
Trd, 000222.483, 149
Trd, 000222.833, 149
Trd, 000223.583, 150
Trd, 000223.600, 148
Trd, 000223.967, 148.0
Trd, 000224.150, 150
Trd, 000224.417, 147
Trd, 000224.683, 147
Trd, 000225.167, 150
Trd, 000226.167, 150
Trd, 000226.633, 153
Trd, 000227.233, 149
Trd, 000227.383, 148
Trd, 000227.767, 153.0
Trd, 000228.250, 155.0
Trd, 000229.017, 148
Trd, 000229.167, 149
Trd, 000229.417, 147
Trd, 000229.683, 140
Trd, 000231.017, 155.0
Trd, 000231.283, 146
Trd, 000231.917, 145
Trd, 000232.267, 150
Trd, 000232.600, 151
Trd, 000232.717, 137.0
Trd, 000233.733, 152
Trd, 000235.783, 155.0
Trd, 000236.067, 159
Trd, 000236.433, 153
Trd, 000236.533, 150
Trd, 000236.617, 161
Trd, 000236.950, 149.0
Trd, 000237.817, 158
Trd, 000238.233, 161
Trd, 000238.317, 162
Trd, 000239.067, 154
Trd, 000240.117, 163
Trd, 000241.100, 165
Trd, 000241.117, 158
Trd, 000241.350, 157
Trd, 000242.417, 161
Trd, 000243.117, 159.0
Trd, 000243.533, 159.0
Trd, 000244.100, 157.0
Trd, 000244.150, 155.0
Trd, 000244.883, 156
Trd, 000245.367, 158
Trd, 000245.933, 155
Trd, 000245.967, 155.0
Trd, 000246.033, 154.0
Trd, 000246.467, 153
Trd, 000246.733, 157
Trd, 000246.917, 152
Trd, 000247.033, 165.0
Trd, 000247.567, 158
Trd, 000247.583, 149.0
Trd, 000248.017, 151.0
Trd, 000248.267, 159
Trd, 000248.733, 155
Trd, 000249.217, 158
Trd, 000249.333, 157
Trd, 000249.783, 148.0
Trd, 000250.150, 152
Trd, 000250.450, 159
Trd, 000250.867, 155.0
Trd, 000251.767, 159
Trd, 000252.967, 155.0
Trd, 000253.100, 153
Trd, 000254.083, 152
Trd, 000255.133, 157
Trd, 000255.200, 151
Trd, 000255.733, 155.0
Trd, 000256.033, 154
Trd, 000256.067, 152
Trd, 000256.083, 143
Trd, 000256.933, 143
Trd, 000256.950, 155
Trd, 000257.667, 157
Trd, 000258.350, 158
Trd, 000258.367, 151
Trd, 000259.167, 152
Trd, 000259.383, 162
Trd, 000259.633, 155.0
Trd, 000259.817, 144
Trd, 000260.500, 152
Trd, 000261.267, 153
Trd, 000261.617, 157
Trd, 000261.650, 155
Trd, 000262.150, 157
Trd, 000262.833, 155.0
Trd, 000262.950, 158
Trd, 000263.017, 154
Trd, 000263.067, 152
Trd, 000263.750, 152.0
Trd, 000264.583, 152
Trd, 000265.217, 151
Trd, 000265.417, 152
Trd, 000265.783, 150
Trd, 000265.850, 148.0
Trd, 000266.483, 146
Trd, 000267.033, 148
Trd, 000267.300, 162
Trd, 000267.583, 152
Trd, 000268.017, 156
Trd, 000268.350, 147
Trd, 000268.400, 140
Trd, 000268.500, 149
Trd, 000269.033, 155.0
Trd, 000269.333, 149
Trd, 000269.417, 147
Trd, 000269.933, 149
Trd, 000270.100, 146
Trd, 000270.200, 152
Trd, 000270.783, 144
Trd, 000272.833, 140
Trd, 000273.450, 141.0
Trd, 000273.567, 139
Trd, 000273.633, 141
Trd, 000273.867, 138
Trd, 000274.150, 144
Trd, 000274.367, 144
Trd, 000274.550, 137.0
Trd, 000275.083, 162
Trd, 000275.500, 136
Trd, 000275.567, 153
Trd, 000275.983, 144.0
Trd, 000276.217, 128
Trd, 000276.517, 152.0
Trd, 000277.000, 155.0
Trd, 000277.050, 146
Trd, 000277.917, 155.0
Trd, 000278.717, 153
Trd, 000279.067, 156
Trd, 000279.767, 160
Trd, 000280.317, 161
Trd, 000281.050, 163.0
Trd, 000281.167, 159
Trd, 000281.483, 163
Trd, 000281.633, 160
Trd, 000282.183, 165.0
Trd, 000282.267, 157
Trd, 000282.800, 155.0
Trd, 000282.900, 148.0
Trd, 000283.033, 146
Trd, 000283.283, 137.0
Trd, 000283.533, 161
Trd, 000284.500, 160
Trd, 000284.983, 160
Trd, 000285.317, 156.0
Trd, 000285.450, 155.0
Trd, 000285.733, 161
Trd, 000286.117, 152
Trd, 000287.267, 161
Trd, 000287.283, 155.0
Trd, 000287.500, 151
Trd, 000287.733, 154
Trd, 000288.017, 148.0
Trd, 000288.483, 150
Trd, 000288.600, 162
Trd, 000289.383, 144
Trd, 000289.800, 153
Trd, 000290.567, 160
Trd, 000290.600, 162
Trd, 000290.750, 158.0
Trd, 000290.833, 148.0
Trd, 000291.417, 138
Trd, 000291.800, 144.0
Trd, 000291.883, 142
Trd, 000292.367, 168.0
Trd, 000292.783, 175
Trd, 000292.967, 154
Trd, 000293.700, 156
Trd, 000294.517, 139
Trd, 000294.717, 135.0
Trd, 000295.283, 146
Trd, 000295.700, 162
Trd, 000296.617, 155.0
Trd, 000296.783, 146
Trd, 000297.167, 157
Trd, 000297.600, 140
Trd, 000297.667, 136
Trd, 000297.700, 134.0
Trd, 000297.850, 143.0
Trd, 000297.867, 144.0
Trd, 000298.417, 155.0
Trd, 000298.700, 162
Trd, 000298.850, 140
Trd, 000299.417, 143
Trd, 000299.633, 148
