Trd, 000000.983, 100.0
Trd, 000001.433, 103.0
Trd, 000002.867, 169.0
Trd, 000003.300, 169.0
Trd, 000004.050, 172.0
Trd, 000004.567, 171.0
Trd, 000005.100, 168.0
Trd, 000005.733, 162.0
Trd, 000005.750, 144.0
Trd, 000006.067, 142
Trd, 000006.550, 162
Trd, 000007.167, 147
Trd, 000007.517, 148
Trd, 000007.750, 150
Trd, 000007.817, 141.0
Trd, 000007.933, 126.0
Trd, 000008.383, 155
Trd, 000009.033, 145.0
Trd, 000009.967, 144.0
Trd, 000010.183, 145
Trd, 000011.683, 143
Trd, 000013.350, 142
Trd, 000013.600, 142
Trd, 000014.283, 134
Trd, 000014.533, 139
Trd, 000014.567, 140
Trd, 000015.167, 144
Trd, 000015.317, 152
Trd, 000015.850, 141.0
Trd, 000015.983, 148
Trd, 000017.133, 141
Trd, 000017.167, 154.0
Trd, 000017.600, 140
Trd, 000017.817, 137
Trd, 000019.133, 143
Trd, 000019.433, 144
Trd, 000019.550, 144
Trd, 000019.583, 143
Trd, 000020.200, 147
Trd, 000021.117, 144.0
Trd, 000021.167, 145
Trd, 000021.883, 145
Trd, 000022.467, 144
Trd, 000022.717, 145
Trd, 000022.767, 146
Trd, 000024.050, 141.0
Trd, 000024.850, 131
Trd, 000024.900, 147
Trd, 000025.583, 126
Trd, 000026.300, 155.0
Trd, 000027.267, 147.0
Trd, 000027.367, 145.0
Trd, 000028.267, 145.0
Trd, 000028.467, 144.0
Trd, 000028.883, 147
Trd, 000029.250, 148
Trd, 000029.717, 153
Trd, 000029.833, 144.0
Trd, 000030.117, 158.0
Trd, 000030.617, 147
Trd, 000030.733, 146
Trd, 000031.450, 145
Trd, 000032.417, 147
Trd, 000032.967, 127
Trd, 000033.167, 141.0
Trd, 000033.350, 126
Trd, 000034.383, 138
Trd, 000035.183, 132
Trd, 000035.367, 136
Trd, 000035.650, 137
Trd, 000035.733, 126
Trd, 000036.567, 136
Trd, 000037.750, 143
Trd, 000037.817, 127
Trd, 000038.883, 143
Trd, 000039.533, 141.0
Trd, 000040.283, 144
Trd, 000040.333, 133
Trd, 000041.117, 148
Trd, 000043.583, 135
Trd, 000043.800, 139.0
Trd, 000043.917, 135
Trd, 000044.150, 135
Trd, 000044.517, 138
Trd, 000044.700, 138
Trd, 000045.667, 137
Trd, 000046.083, 138
Trd, 000046.350, 124.0
Trd, 000046.533, 141.0
Trd, 000046.567, 144
Trd, 000047.067, 135
Trd, 000049.417, 140
Trd, 000049.800, 140
Trd, 000050.067, 141.0
Trd, 000050.383, 143
Trd, 000050.967, 144
Trd, 000051.117, 154
Trd, 000051.467, 148
Trd, 000051.850, 146.0
Trd, 000051.933, 155.0
Trd, 000052.667, 147
Trd, 000052.700, 146
Trd, 000053.200, 160
Trd, 000054.483, 147
Trd, 000055.200, 147
Trd, 000055.400, 148
Trd, 000055.933, 149
Trd, 000056.883, 146
Trd, 000057.200, 145.0
Trd, 000057.367, 144.0
Trd, 000057.450, 126
Trd, 000057.683, 147
Trd, 000058.133, 149
Trd, 000058.233, 155.0
Trd, 000060.467, 139.0
Trd, 000061.617, 137
Trd, 000062.017, 138
Trd, 000062.350, 137
Trd, 000062.733, 136
Trd, 000062.917, 130
Trd, 000063.000, 137
Trd, 000063.233, 124.0
Trd, 000063.333, 137.0
Trd, 000063.667, 144
Trd, 000064.517, 137
Trd, 000065.183, 141.0
Trd, 000066.550, 126
Trd, 000066.850, 144
Trd, 000067.967, 123
Trd, 000068.383, 135
Trd, 000068.767, 136
Trd, 000069.117, 137
Trd, 000069.500, 148
Trd, 000069.550, 144.0
Trd, 000071.800, 154.0
Trd, 000071.950, 155.0
Trd, 000072.233, 162
Trd, 000072.867, 153
Trd, 000073.017, 153
Trd, 000073.567, 151
Trd, 000074.450, 151
Trd, 000075.117, 151
Trd, 000075.633, 150
Trd, 000075.933, 141
Trd, 000076.350, 152
Trd, 000076.417, 153
Trd, 000076.550, 153
Trd, 000076.783, 144.0
Trd, 000077.117, 138
Trd, 000077.917, 149
Trd, 000078.317, 123
Trd, 000079.183, 133
Trd, 000079.567, 144
Trd, 000079.867, 143
Trd, 000079.900, 141.0
Trd, 000080.583, 142
Trd, 000080.933, 142
Trd, 000081.000, 142
Trd, 000081.033, 155.0
Trd, 000081.867, 144.0
Trd, 000082.333, 143
Trd, 000082.467, 142
Trd, 000084.100, 142
Trd, 000084.250, 141
Trd, 000085.133, 145
Trd, 000085.967, 142
Trd, 000086.117, 148
Trd, 000086.867, 141.0
Trd, 000087.517, 144
Trd, 000088.250, 144
Trd, 000088.667, 143
Trd, 000088.967, 142
Trd, 000089.783, 147
Trd, 000090.217, 144.0
Trd, 000090.917, 144
Trd, 000091.617, 144
Trd, 000091.817, 147
Trd, 000092.917, 148
Trd, 000093.783, 153.0
Trd, 000094.100, 140
Trd, 000094.633, 141.0
Trd, 000094.833, 141
Trd, 000095.317, 144
Trd, 000096.367, 142
Trd, 000096.950, 143
Trd, 000097.417, 144
Trd, 000097.733, 144
Trd, 000097.800, 143
Trd, 000098.050, 142
Trd, 000098.950, 140.0
Trd, 000099.333, 140
Trd, 000099.783, 141.0
Trd, 000100.550, 127.0
Trd, 000101.183, 138
Trd, 000101.433, 139
Trd, 000101.600, 148
Trd, 000101.817, 129.0
Trd, 000101.867, 153
Trd, 000102.433, 126
Trd, 000103.517, 130
Trd, 000104.400, 135
Trd, 000104.517, 135
Trd, 000104.667, 135
Trd, 000105.800, 137.0
Trd, 000106.200, 141.0
Trd, 000106.567, 137
Trd, 000107.150, 142
Trd, 000107.417, 143
Trd, 000107.983, 137
Trd, 000108.400, 144
Trd, 000110.350, 142
Trd, 000110.367, 141
Trd, 000110.467, 147
Trd, 000110.533, 148
Trd, 000111.350, 139
Trd, 000112.250, 141.0
Trd, 000112.367, 147
Trd, 000112.783, 146
Trd, 000114.283, 134
Trd, 000114.333, 145
Trd, 000115.033, 137
Trd, 000115.533, 145
Trd, 000115.950, 137
Trd, 000116.617, 135
Trd, 000117.133, 146
Trd, 000117.367, 144.0
Trd, 000117.900, 147
Trd, 000118.683, 143
Trd, 000118.950, 148
Trd, 000119.633, 155.0
Trd, 000120.183, 144
Trd, 000120.300, 126
Trd, 000120.883, 146
Trd, 000121.083, 148
Trd, 000121.383, 158.0
Trd, 000122.133, 133
Trd, 000123.733, 144.0
Trd, 000124.617, 143
Trd, 000124.850, 129
Trd, 000125.000, 144
Trd, 000125.167, 145
Trd, 000125.550, 140.0
Trd, 000125.567, 141.0
Trd, 000126.367, 150
Trd, 000127.417, 155.0
Trd, 000127.550, 144
Trd, 000128.317, 141
Trd, 000129.017, 145
Trd, 000129.583, 153.0
Trd, 000129.917, 146
Trd, 000130.067, 146
Trd, 000130.183, 153.0
Trd, 000130.933, 144
Trd, 000131.167, 149
Trd, 000131.400, 144.0
Trd, 000132.400, 134
Trd, 000132.600, 137.0
Trd, 000132.667, 138
Trd, 000133.000, 141
Trd, 000133.283, 127.0
Trd, 000133.683, 132
Trd, 000134.517, 131
Trd, 000136.267, 141.0
Trd, 000137.867, 139.0
Trd, 000138.067, 134
Trd, 000138.183, 140.0
Trd, 000138.833, 132
Trd, 000139.500, 140.0
Trd, 000140.567, 141.0
Trd, 000140.650, 144
Trd, 000141.283, 145
Trd, 000141.617, 141
Trd, 000141.633, 136
Trd, 000142.250, 141
Trd, 000142.417, 137
Trd, 000143.150, 147
Trd, 000143.317, 151
Trd, 000144.117, 148
Trd, 000144.550, 147
Trd, 000144.733, 145
Trd, 000145.800, 149.0
Trd, 000145.983, 150.0
Trd, 000146.550, 149
Trd, 000146.783, 149
Trd, 000146.833, 158
Trd, 000147.817, 151
Trd, 000147.967, 155.0
Trd, 000148.333, 151
Trd, 000148.767, 127
Trd, 000148.883, 152
Trd, 000149.700, 154
Trd, 000149.933, 142
Trd, 000150.883, 147
Trd, 000151.133, 146
Trd, 000151.567, 150
Trd, 000151.783, 147
Trd, 000152.983, 147
Trd, 000153.083, 144.0
Trd, 000154.083, 147
Trd, 000154.367, 127
Trd, 000154.683, 147
Trd, 000155.433, 126
Trd, 000155.983, 148
Trd, 000156.017, 137
Trd, 000156.817, 128
Trd, 000158.600, 142
Trd, 000158.700, 143
Trd, 000158.933, 142
Trd, 000159.100, 138
Trd, 000159.983, 141
Trd, 000160.183, 144
Trd, 000160.917, 141
Trd, 000161.333, 129
Trd, 000161.750, 144.0
Trd, 000162.417, 142
Trd, 000162.483, 141
Trd, 000162.550, 140
Trd, 000162.733, 142
Trd, 000165.133, 139
Trd, 000165.450, 132
Trd, 000166.800, 131
Trd, 000168.217, 134
Trd, 000168.233, 137.0
Trd, 000168.267, 144
Trd, 000168.917, 141.0
Trd, 000169.100, 135
Trd, 000170.567, 143
Trd, 000170.733, 141
Trd, 000171.033, 144.0
Trd, 000171.800, 143
Trd, 000172.700, 144
Trd, 000172.883, 141.0
Trd, 000173.733, 147
Trd, 000173.967, 140
Trd, 000174.467, 145
Trd, 000174.833, 144
Trd, 000176.117, 144
Trd, 000176.867, 142
Trd, 000177.433, 141
Trd, 000177.483, 143
Trd, 000177.567, 143
Trd, 000177.800, 141
Trd, 000178.017, 140
Trd, 000178.117, 144
Trd, 000178.467, 148
Trd, 000179.700, 153
Trd, 000180.883, 127
Trd, 000182.200, 146
Trd, 000182.250, 148
Trd, 000182.267, 137
Trd, 000183.150, 135
Trd, 000184.767, 123
Trd, 000185.317, 134
Trd, 000185.333, 127
Trd, 000185.833, 136.0
Trd, 000186.650, 136.0
Trd, 000186.850, 141.0
Trd, 000187.050, 135
Trd, 000187.383, 144
Trd, 000187.517, 135
Trd, 000187.750, 153
Trd, 000188.133, 136
Trd, 000188.233, 146
Trd, 000188.667, 146
Trd, 000188.800, 148
Trd, 000190.383, 157
Trd, 000190.683, 154
Trd, 000191.183, 144.0
Trd, 000192.367, 156.0
Trd, 000192.450, 158.0
Trd, 000192.683, 155
Trd, 000194.350, 142
Trd, 000195.350, 148
Trd, 000195.633, 148
Trd, 000195.667, 147
Trd, 000195.750, 148
Trd, 000195.900, 148
Trd, 000196.217, 124.0
Trd, 000196.583, 149
Trd, 000196.750, 144.0
Trd, 000197.200, 155.0
Trd, 000197.333, 158.0
Trd, 000198.033, 127
Trd, 000198.883, 140.0
Trd, 000199.200, 141.0
Trd, 000201.217, 142
Trd, 000201.417, 139
Trd, 000201.550, 138
Trd, 000202.033, 140
Trd, 000202.183, 142
Trd, 000203.133, 140
Trd, 000203.983, 140
Trd, 000204.183, 141.0
Trd, 000205.583, 140
Trd, 000205.817, 139
Trd, 000206.100, 141
Trd, 000206.233, 142
Trd, 000206.867, 143
Trd, 000207.067, 144
Trd, 000207.700, 143
Trd, 000208.433, 147
Trd, 000208.450, 148
Trd, 000208.467, 143
Trd, 000209.383, 152
Trd, 000210.283, 146
Trd, 000210.467, 147
Trd, 000210.900, 149
Trd, 000211.233, 148
Trd, 000211.417, 148.0
Trd, 000211.683, 144.0
Trd, 000212.600, 126
Trd, 000212.750, 137
Trd, 000212.867, 148
Trd, 000214.033, 149
Trd, 000214.167, 153.0
Trd, 000215.017, 143
Trd, 000215.867, 147
Trd, 000215.900, 145
Trd, 000215.967, 148
Trd, 000216.117, 144
Trd, 000218.200, 146.0
Trd, 000218.350, 148
Trd, 000218.683, 155.0
Trd, 000219.150, 148
Trd, 000219.200, 147
Trd, 000219.250, 144.0
Trd, 000220.050, 134
Trd, 000221.800, 128
Trd, 000222.083, 137.0
Trd, 000222.300, 141.0
Trd, 000222.967, 144
Trd, 000223.183, 144
Trd, 000224.250, 148
Trd, 000225.367, 149
Trd, 000225.700, 152.0
Trd, 000226.533, 151
Trd, 000226.933, 149
Trd, 000227.750, 149
Trd, 000228.267, 149.0
Trd, 000228.283, 148
Trd, 000228.467, 150.0
Trd, 000229.250, 148
Trd, 000229.333, 145.0
Trd, 000229.783, 146.0
Trd, 000229.833, 148
Trd, 000231.250, 138
Trd, 000231.500, 133
Trd, 000231.633, 148
Trd, 000232.267, 157
Trd, 000234.083, 150
Trd, 000234.417, 154.0
Trd, 000234.467, 145
Trd, 000235.667, 147
Trd, 000235.750, 149
Trd, 000235.883, 154.0
Trd, 000236.067, 146
Trd, 000236.567, 146.0
Trd, 000237.333, 148
Trd, 000237.917, 149
Trd, 000238.050, 147.0
Trd, 000238.600, 151
Trd, 000238.733, 145.0
Trd, 000239.067, 152
Trd, 000239.433, 158.0
Trd, 000239.700, 145.0
Trd, 000241.133, 149
Trd, 000241.167, 148.0
Trd, 000241.333, 139
Trd, 000242.367, 147
Trd, 000243.050, 149
Trd, 000243.300, 148.0
Trd, 000243.500, 148
Trd, 000243.667, 147
Trd, 000243.933, 146.0
Trd, 000244.267, 148
Trd, 000245.333, 147.0
Trd, 000245.800, 154.0
Trd, 000246.283, 151.0
Trd, 000246.300, 149.0
Trd, 000246.867, 151
Trd, 000246.967, 154.0
Trd, 000247.283, 152
Trd, 000247.350, 149
Trd, 000248.317, 152
Trd, 000249.183, 151.0
Trd, 000249.683, 149.0
Trd, 000249.700, 151
Trd, 000249.900, 151
Trd, 000250.467, 151.0
Trd, 000250.500, 150
Trd, 000250.700, 153.0
Trd, 000251.250, 153.0
Trd, 000251.750, 151.0
Trd, 000253.417, 157.0
Trd, 000253.900, 159
Trd, 000254.017, 157
Trd, 000254.350, 155
Trd, 000254.850, 158.0
Trd, 000255.500, 157.0
Trd, 000255.550, 156.0
Trd, 000256.217, 156.0
Trd, 000256.233, 153
Trd, 000256.533, 144.0
Trd, 000257.667, 151
Trd, 000257.800, 153
Trd, 000257.883, 157
Trd, 000258.467, 152
Trd, 000258.633, 153
Trd, 000259.267, 155
Trd, 000259.933, 151
Trd, 000259.950, 150
Trd, 000260.100, 156
Trd, 000260.583, 156
Trd, 000261.217, 162
Trd, 000261.317, 144.0
Trd, 000261.467, 137.0
Trd, 000261.667, 163.0
Trd, 000262.350, 144.0
Trd, 000262.917, 137
Trd, 000263.017, 146
Trd, 000263.950, 142
Trd, 000264.217, 140
Trd, 000264.617, 150
Trd, 000265.433, 141.0
Trd, 000265.550, 147
Trd, 000266.383, 146
Trd, 000266.517, 147
Trd, 000266.683, 146.0
Trd, 000266.883, 145.0
Trd, 000267.933, 154
Trd, 000268.567, 155.0
Trd, 000269.833, 153.0
Trd, 000270.067, 153.0
Trd, 000270.117, 158.0
Trd, 000270.183, 162
Trd, 000270.367, 157.0
Trd, 000270.717, 154
Trd, 000271.100, 153.0
Trd, 000271.300, 151.0
Trd, 000272.350, 150.0
Trd, 000272.467, 151
Trd, 000272.917, 147
Trd, 000273.333, 148
Trd, 000273.583, 150
Trd, 000274.417, 155.0
Trd, 000274.600, 151.0
Trd, 000275.267, 149
Trd, 000275.650, 149.0
Trd, 000276.167, 148
Trd, 000276.183, 154.0
Trd, 000276.300, 146
Trd, 000276.767, 154.0
Trd, 000277.683, 153
Trd, 000277.867, 153
Trd, 000278.200, 152
Trd, 000278.667, 154
Trd, 000278.867, 164.0
Trd, 000279.350, 141.0
Trd, 000279.850, 151
Trd, 000280.917, 154.0
Trd, 000280.950, 149
Trd, 000281.100, 152
Trd, 000281.133, 155.0
Trd, 000281.317, 162
Trd, 000282.300, 153.0
Trd, 000282.400, 153
Trd, 000282.900, 152.0
Trd, 000282.950, 151.0
Trd, 000283.333, 154
Trd, 000283.433, 155
Trd, 000284.300, 160
Trd, 000284.433, 152.0
Trd, 000284.483, 150.0
Trd, 000285.300, 155
Trd, 000285.517, 155.0
Trd, 000286.017, 156.0
Trd, 000287.000, 155.0
Trd, 000287.383, 154.0
Trd, 000287.883, 144.0
Trd, 000287.917, 141
Trd, 000288.117, 145
Trd, 000288.417, 137.0
Trd, 000288.817, 150
Trd, 000288.933, 151
Trd, 000289.950, 151
Trd, 000290.133, 144.0
Trd, 000290.783, 151.0
Trd, 000291.183, 152
Trd, 000291.250, 154.0
Trd, 000291.500, 155.0
Trd, 000292.433, 155.0
Trd, 000292.633, 148.0
Trd, 000293.617, 151.0
Trd, 000293.867, 152
Trd, 000293.883, 151
Trd, 000294.133, 153.0
Trd, 000294.500, 152
Trd, 000295.150, 154
Trd, 000295.500, 158.0
Trd, 000295.533, 162
Trd, 000295.550, 151.0
Trd, 000296.867, 157
Trd, 000296.933, 156
Trd, 000297.483, 137.0
Trd, 000297.633, 153
Trd, 000297.783, 157
Trd, 000297.883, 158.0
Trd, 000298.400, 151.0
Trd, 000299.883, 155
