Trd, 000001.417, 100.0
Trd, 000001.667, 106.0
Trd, 000002.550, 113.0
Trd, 000002.933, 142
Trd, 000004.083, 144
Trd, 000004.633, 143
Trd, 000005.083, 159
Trd, 000005.617, 147
Trd, 000006.767, 148.0
Trd, 000007.033, 148
Trd, 000007.467, 145
Trd, 000007.950, 146
Trd, 000008.800, 145
Trd, 000009.150, 145
Trd, 000009.200, 145
Trd, 000009.650, 146
Trd, 000009.767, 144.0
Trd, 000009.933, 147
Trd, 000010.967, 142
Trd, 000011.950, 141.0
Trd, 000012.600, 139
Trd, 000013.133, 140
Trd, 000013.417, 147.0
Trd, 000014.150, 148.0
Trd, 000014.950, 146
Trd, 000015.500, 146
Trd, 000015.600, 148
Trd, 000015.967, 150.0
Trd, 000016.533, 148
Trd, 000016.833, 147
Trd, 000017.183, 149
Trd, 000017.233, 145
Trd, 000018.083, 145
Trd, 000019.700, 147
Trd, 000019.783, 147
Trd, 000019.950, 151.0
Trd, 000020.350, 149
Trd, 000021.550, 146
Trd, 000022.300, 149
Trd, 000022.400, 149
Trd, 000023.317, 155
Trd, 000023.667, 155
Trd, 000024.233, 155
Trd, 000024.617, 153
Trd, 000025.033, 151.0
Trd, 000026.367, 152
Trd, 000027.033, 151
Trd, 000027.283, 154
Trd, 000027.483, 148
Trd, 000028.650, 152
Trd, 000030.200, 149
Trd, 000030.233, 148.0
Trd, 000030.483, 146
Trd, 000031.833, 149
Trd, 000032.283, 148
Trd, 000032.350, 147
Trd, 000032.633, 146
Trd, 000033.400, 150
Trd, 000033.767, 149
Trd, 000034.700, 149.0
Trd, 000034.817, 147
Trd, 000036.150, 148
Trd, 000036.683, 150
Trd, 000037.033, 150
Trd, 000037.600, 158
Trd, 000038.300, 151.0
Trd, 000039.133, 159
Trd, 000040.133, 160
Trd, 000040.183, 151.0
Trd, 000041.450, 161
Trd, 000041.733, 161
Trd, 000042.067, 160
Trd, 000042.833, 160
Trd, 000043.900, 148
Trd, 000044.850, 147
Trd, 000044.883, 148.0
Trd, 000044.950, 146
Trd, 000045.350, 151
Trd, 000045.567, 150
Trd, 000045.583, 151.0
Trd, 000045.600, 152
Trd, 000045.850, 150
Trd, 000046.483, 148
Trd, 000046.883, 149
Trd, 000049.117, 153
Trd, 000049.133, 151
Trd, 000049.383, 151
Trd, 000049.567, 149
Trd, 000049.733, 144.0
Trd, 000050.367, 150
Trd, 000051.233, 145
Trd, 000052.250, 150.0
Trd, 000052.283, 145
Trd, 000053.100, 145
Trd, 000053.217, 150
Trd, 000053.933, 145
Trd, 000054.600, 144
Trd, 000054.683, 146
Trd, 000054.817, 147
Trd, 000056.200, 148
Trd, 000056.800, 147.0
Trd, 000057.233, 150
Trd, 000057.400, 148
Trd, 000057.783, 151.0
Trd, 000058.683, 149
Trd, 000058.867, 146
Trd, 000060.333, 146.0
Trd, 000060.783, 147
Trd, 000061.667, 147
Trd, 000061.833, 148
Trd, 000062.033, 148
Trd, 000062.600, 149
Trd, 000062.683, 148
Trd, 000063.433, 150
Trd, 000064.650, 159
Trd, 000064.683, 160
Trd, 000065.267, 154
Trd, 000065.717, 150
Trd, 000066.233, 145
Trd, 000066.783, 151
Trd, 000066.850, 151
Trd, 000067.133, 150
Trd, 000067.250, 149
Trd, 000067.667, 155
Trd, 000068.550, 154
Trd, 000070.483, 148
Trd, 000070.717, 151.0
Trd, 000071.033, 149
Trd, 000071.333, 150
Trd, 000072.100, 150
Trd, 000072.217, 151
Trd, 000073.300, 156
Trd, 000073.533, 157
Trd, 000074.217, 152.0
Trd, 000074.700, 152
Trd, 000075.200, 151.0
Trd, 000075.483, 149
Trd, 000075.850, 154
Trd, 000076.517, 150
Trd, 000077.867, 149
Trd, 000079.050, 150
Trd, 000079.367, 151.0
Trd, 000079.650, 150
Trd, 000079.867, 149
Trd, 000080.517, 145
Trd, 000082.250, 148
Trd, 000082.283, 148
Trd, 000082.317, 146
Trd, 000082.833, 147
Trd, 000083.117, 149
Trd, 000084.100, 148
Trd, 000084.383, 147
Trd, 000084.450, 149.0
Trd, 000084.967, 149.0
Trd, 000085.100, 147
Trd, 000085.167, 146
Trd, 000086.250, 147
Trd, 000086.267, 151.0
Trd, 000087.933, 148
Trd, 000088.767, 149
Trd, 000089.250, 151.0
Trd, 000089.900, 149
Trd, 000090.683, 148
Trd, 000090.717, 150
Trd, 000091.717, 148
Trd, 000092.783, 149
Trd, 000093.133, 148
Trd, 000093.317, 149
Trd, 000093.433, 149
Trd, 000094.233, 148
Trd, 000094.550, 149.0
Trd, 000095.000, 147
Trd, 000095.633, 147
Trd, 000095.950, 144.0
Trd, 000097.200, 146
Trd, 000097.717, 147
Trd, 000098.700, 145
Trd, 000098.733, 148
Trd, 000099.300, 145
Trd, 000099.433, 149
Trd, 000100.083, 150
Trd, 000100.717, 157
Trd, 000101.333, 148
Trd, 000101.700, 150
Trd, 000101.850, 149
Trd, 000102.300, 149.0
Trd, 000102.700, 150.0
Trd, 000103.183, 148
Trd, 000104.050, 149
Trd, 000104.950, 150
Trd, 000105.517, 150
Trd, 000105.617, 148
Trd, 000106.017, 151
Trd, 000107.267, 151.0
Trd, 000107.317, 150
Trd, 000108.983, 148
Trd, 000109.217, 151
Trd, 000109.533, 156
Trd, 000110.233, 151.0
Trd, 000111.183, 151
Trd, 000111.383, 151
Trd, 000111.683, 157
Trd, 000111.850, 154
Trd, 000112.767, 153
Trd, 000112.783, 151.0
Trd, 000112.867, 147
Trd, 000112.983, 145.0
Trd, 000113.467, 154
Trd, 000114.083, 146
Trd, 000115.717, 147
Trd, 000116.083, 148
Trd, 000116.450, 145
Trd, 000117.300, 146
Trd, 000117.700, 147
Trd, 000118.617, 146
Trd, 000119.033, 148
Trd, 000119.500, 148
Trd, 000120.550, 147
Trd, 000120.950, 148
Trd, 000122.200, 148
Trd, 000122.350, 148
Trd, 000122.483, 151.0
Trd, 000123.200, 148
Trd, 000123.300, 147
Trd, 000124.300, 153
Trd, 000124.367, 154
Trd, 000124.433, 149
Trd, 000124.450, 148
Trd, 000127.567, 149
Trd, 000127.633, 151
Trd, 000128.000, 151
Trd, 000128.283, 149
Trd, 000129.917, 151.0
Trd, 000130.333, 150
Trd, 000130.967, 149
Trd, 000131.183, 154
Trd, 000131.917, 149
Trd, 000132.000, 149
Trd, 000132.300, 147
Trd, 000133.233, 147
Trd, 000134.567, 146
Trd, 000134.817, 146
Trd, 000135.667, 147
Trd, 000136.100, 147
Trd, 000136.150, 144.0
Trd, 000136.567, 151.0
Trd, 000137.517, 147
Trd, 000137.617, 144
Trd, 000137.733, 149
Trd, 000138.950, 149
Trd, 000139.683, 148
Trd, 000139.783, 147
Trd, 000139.833, 143
Trd, 000140.467, 148
Trd, 000140.533, 141.0
Trd, 000140.717, 146
Trd, 000141.433, 149
Trd, 000142.083, 150
Trd, 000142.250, 145
Trd, 000143.183, 145.0
Trd, 000143.417, 148
Trd, 000144.100, 148
Trd, 000144.267, 145.0
Trd, 000144.333, 144.0
Trd, 000144.367, 144
Trd, 000144.717, 150
Trd, 000144.883, 151.0
Trd, 000146.383, 146
Trd, 000147.100, 146
Trd, 000147.250, 146
Trd, 000147.333, 147
Trd, 000147.750, 149
Trd, 000147.917, 145
Trd, 000148.433, 158
Trd, 000148.767, 145
Trd, 000150.567, 146
Trd, 000150.817, 146
Trd, 000151.567, 147.0
Trd, 000151.850, 147
Trd, 000152.683, 146
Trd, 000152.733, 144.0
Trd, 000153.850, 148
Trd, 000153.933, 151.0
Trd, 000154.650, 141.0
Trd, 000155.450, 147
Trd, 000155.483, 148
Trd, 000155.533, 148
Trd, 000156.617, 148
Trd, 000156.867, 148
Trd, 000157.417, 152
Trd, 000157.683, 150
Trd, 000158.067, 155
Trd, 000159.167, 153
Trd, 000160.433, 154
Trd, 000161.133, 154
Trd, 000161.250, 152
Trd, 000162.000, 151.0
Trd, 000162.033, 151
Trd, 000162.183, 151
Trd, 000163.950, 152
Trd, 000164.050, 151
Trd, 000164.083, 150
Trd, 000164.267, 151
Trd, 000164.350, 144.0
Trd, 000165.233, 154
Trd, 000165.317, 146
Trd, 000165.333, 157
Trd, 000166.633, 147
Trd, 000167.917, 147
Trd, 000168.383, 148
Trd, 000168.483, 151.0
Trd, 000169.717, 147
Trd, 000171.033, 149
Trd, 000171.067, 147
Trd, 000171.083, 150
Trd, 000171.617, 147
Trd, 000172.000, 148
Trd, 000172.917, 147
Trd, 000172.983, 145
Trd, 000174.083, 147
Trd, 000174.283, 147
Trd, 000175.167, 148
Trd, 000175.250, 149
Trd, 000175.333, 151.0
Trd, 000175.600, 144.0
Trd, 000175.700, 141.0
Trd, 000175.967, 133
Trd, 000177.167, 149
Trd, 000177.183, 138
Trd, 000177.483, 116.0
Trd, 000177.583, 145
Trd, 000179.017, 135
Trd, 000180.583, 137
Trd, 000180.617, 138
Trd, 000180.633, 139
Trd, 000181.150, 136
Trd, 000181.283, 141.0
Trd, 000181.867, 142
Trd, 000182.783, 142
Trd, 000183.367, 143
Trd, 000183.917, 149.0
Trd, 000183.950, 141
Trd, 000184.417, 150.0
Trd, 000185.967, 147
Trd, 000186.050, 148
Trd, 000186.117, 151.0
Trd, 000187.683, 150
Trd, 000187.767, 156
Trd, 000188.267, 151
Trd, 000188.617, 147
Trd, 000188.650, 158
Trd, 000188.683, 161
Trd, 000189.400, 162
Trd, 000190.633, 165
Trd, 000191.133, 165
Trd, 000191.450, 162
Trd, 000191.583, 158
Trd, 000191.933, 159
Trd, 000193.167, 158
Trd, 000193.733, 160
Trd, 000193.800, 160
Trd, 000194.217, 157
Trd, 000194.433, 147
Trd, 000195.117, 151.0
Trd, 000196.717, 159
Trd, 000197.300, 152
Trd, 000197.600, 154
Trd, 000197.950, 155
Trd, 000198.400, 151
Trd, 000199.167, 151
Trd, 000200.217, 153
Trd, 000201.083, 152
Trd, 000201.317, 154
Trd, 000201.467, 151.0
Trd, 000202.867, 149
Trd, 000203.467, 148.0
Trd, 000204.050, 149
Trd, 000204.700, 149
Trd, 000204.950, 149
Trd, 000205.550, 148
Trd, 000205.783, 151.0
Trd, 000206.600, 151
Trd, 000207.050, 146
Trd, 000207.217, 146
Trd, 000208.100, 147
Trd, 000208.233, 158
Trd, 000210.017, 148
Trd, 000210.200, 150
Trd, 000210.367, 149
Trd, 000210.600, 149
Trd, 000210.883, 150
Trd, 000211.117, 148
Trd, 000211.967, 147
Trd, 000211.983, 148
Trd, 000212.483, 147
Trd, 000212.950, 150.0
Trd, 000213.883, 147
Trd, 000214.133, 146.0
Trd, 000215.300, 148.0
Trd, 000215.417, 146
Trd, 000216.283, 146.0
Trd, 000217.250, 148.0
Trd, 000217.550, 145
Trd, 000218.700, 148
Trd, 000218.733, 149
Trd, 000219.200, 148.0
Trd, 000220.333, 148
Trd, 000220.683, 147
Trd, 000220.750, 148
Trd, 000221.133, 144
Trd, 000221.317, 150
Trd, 000222.433, 151.0
Trd, 000223.700, 147
Trd, 000224.867, 149
Trd, 000225.400, 146.0
Trd, 000225.550, 150
Trd, 000225.800, 145
Trd, 000226.117, 150
Trd, 000226.900, 149.0
Trd, 000228.000, 147
Trd, 000229.217, 147.0
Trd, 000229.350, 147
Trd, 000230.383, 146
Trd, 000230.450, 145
Trd, 000230.783, 148
Trd, 000231.017, 144
Trd, 000231.733, 146
Trd, 000233.000, 145
Trd, 000233.017, 147
Trd, 000233.500, 145
Trd, 000234.250, 144.0
Trd, 000234.767, 145
Trd, 000234.933, 147
Trd, 000236.067, 147
Trd, 000236.283, 147
Trd, 000236.333, 144
Trd, 000237.433, 147
Trd, 000237.983, 146
Trd, 000238.233, 146
Trd, 000238.483, 145
Trd, 000240.017, 148
Trd, 000240.483, 147
Trd, 000240.883, 147.0
Trd, 000241.000, 146
Trd, 000241.350, 147
Trd, 000242.033, 149.0
Trd, 000242.100, 148
Trd, 000242.583, 148.0
Trd, 000242.833, 152
Trd, 000242.967, 147
Trd, 000243.283, 150
Trd, 000244.283, 150
Trd, 000244.583, 150
Trd, 000245.217, 149
Trd, 000245.367, 151.0
Trd, 000245.500, 150
Trd, 000245.600, 147
Trd, 000246.083, 150
Trd, 000246.383, 151
Trd, 000247.217, 150
Trd, 000247.817, 154
Trd, 000248.467, 150
Trd, 000248.567, 151
Trd, 000248.700, 151
Trd, 000249.167, 149
Trd, 000249.617, 148
Trd, 000249.983, 147
Trd, 000250.167, 146
Trd, 000250.767, 147.0
Trd, 000252.450, 147
Trd, 000253.150, 147.0
Trd, 000253.467, 148
Trd, 000254.217, 147.0
Trd, 000254.833, 148
Trd, 000255.467, 152.0
Trd, 000255.517, 147.0
Trd, 000255.833, 152.0
Trd, 000255.950, 152.0
Trd, 000256.600, 150
Trd, 000256.800, 148.0
Trd, 000257.817, 150.0
Trd, 000257.833, 149
Trd, 000258.200, 151.0
Trd, 000258.350, 153
Trd, 000258.650, 150
Trd, 000258.933, 155.0
Trd, 000259.083, 149
Trd, 000259.433, 151.0
Trd, 000260.550, 148
Trd, 000261.067, 151
Trd, 000261.383, 147
Trd, 000261.617, 150
Trd, 000261.833, 150
Trd, 000262.283, 147
Trd, 000262.500, 145
Trd, 000262.950, 145
Trd, 000263.183, 147
Trd, 000263.433, 149
Trd, 000264.150, 149
Trd, 000264.300, 155.0
Trd, 000264.683, 152.0
Trd, 000265.567, 151
Trd, 000265.817, 151
Trd, 000266.833, 150
Trd, 000267.317, 150
Trd, 000267.617, 150.0
Trd, 000267.667, 151.0
Trd, 000268.067, 151
Trd, 000268.200, 150
Trd, 000268.550, 151
Trd, 000268.850, 150
Trd, 000269.067, 148
Trd, 000269.367, 152
Trd, 000270.200, 148
Trd, 000270.517, 149.0
Trd, 000271.050, 147
Trd, 000272.017, 146
Trd, 000272.567, 146
Trd, 000272.750, 144.0
Trd, 000273.250, 142.0
Trd, 000273.667, 151.0
Trd, 000274.083, 149
Trd, 000274.217, 152.0
Trd, 000274.600, 143.0
Trd, 000274.900, 142.0
Trd, 000275.467, 146
Trd, 000276.450, 144
Trd, 000276.733, 144
Trd, 000277.217, 141
Trd, 000277.883, 143.0
Trd, 000278.383, 144.0
Trd, 000278.567, 141.0
Trd, 000278.767, 143
Trd, 000279.033, 144
Trd, 000279.383, 143
Trd, 000280.083, 144
Trd, 000280.517, 143
Trd, 000280.850, 145
Trd, 000281.550, 146
Trd, 000281.850, 143
Trd, 000282.033, 151.0
Trd, 000282.333, 154
Trd, 000282.567, 149
Trd, 000283.500, 150
Trd, 000283.633, 148
Trd, 000283.650, 148
Trd, 000284.050, 148
Trd, 000284.367, 149
Trd, 000284.383, 151
Trd, 000284.650, 152
Trd, 000285.833, 150
Trd, 000286.800, 149.0
Trd, 000287.050, 148
Trd, 000287.083, 150.0
Trd, 000288.533, 149.0
Trd, 000288.600, 147
Trd, 000289.067, 147
Trd, 000289.100, 148
Trd, 000289.150, 141.0
Trd, 000289.583, 147
Trd, 000290.133, 147
Trd, 000290.750, 151.0
Trd, 000290.850, 142
Trd, 000290.950, 158
Trd, 000291.700, 142.0
Trd, 000292.350, 153.0
Trd, 000293.367, 152.0
Trd, 000294.183, 151
Trd, 000294.750, 149
Trd, 000295.233, 149
Trd, 000295.300, 150
Trd, 000295.617, 150
Trd, 000296.167, 149
Trd, 000296.267, 150
Trd, 000296.317, 149
Trd, 000296.450, 155.0
Trd, 000296.483, 159
Trd, 000297.050, 154.0
Trd, 000297.117, 148
Trd, 000297.683, 154.0
Trd, 000298.150, 147
Trd, 000298.267, 144.0
