Trd, 000003.600, 165.0
Trd, 000004.183, 161
Trd, 000004.467, 148.0
Trd, 000005.167, 181
Trd, 000005.750, 165
Trd, 000007.167, 164
Trd, 000007.200, 163
Trd, 000007.433, 166
Trd, 000008.033, 165
Trd, 000008.250, 162
Trd, 000009.567, 160
Trd, 000009.733, 161
Trd, 000010.033, 161
Trd, 000010.367, 160
Trd, 000010.600, 161
Trd, 000011.850, 160
Trd, 000012.200, 161
Trd, 000012.583, 168
Trd, 000012.800, 163
Trd, 000013.533, 162
Trd, 000013.817, 162
Trd, 000014.000, 162
Trd, 000014.150, 161
Trd, 000015.450, 163
Trd, 000015.967, 162
Trd, 000016.317, 159
Trd, 000017.650, 152
Trd, 000018.183, 158
Trd, 000018.867, 160
Trd, 000018.900, 146.0
Trd, 000019.233, 144.0
Trd, 000019.850, 163
Trd, 000022.000, 155
Trd, 000022.233, 154
Trd, 000022.533, 155
Trd, 000022.750, 156
Trd, 000023.533, 156
Trd, 000024.200, 155
Trd, 000024.367, 155
Trd, 000025.083, 158.0
Trd, 000025.183, 154
Trd, 000025.500, 144.0
Trd, 000026.267, 141
Trd, 000027.483, 147
Trd, 000028.333, 147
Trd, 000028.417, 143
Trd, 000028.717, 148
Trd, 000028.917, 142
Trd, 000029.483, 162.0
Trd, 000030.267, 157
Trd, 000030.400, 155
Trd, 000031.133, 156
Trd, 000031.733, 154
Trd, 000031.750, 144.0
Trd, 000032.067, 162
Trd, 000032.850, 158
Trd, 000033.383, 155
Trd, 000033.450, 159
Trd, 000034.217, 155
Trd, 000034.267, 165
Trd, 000034.617, 155
Trd, 000036.717, 162
Trd, 000037.000, 165.0
Trd, 000037.367, 161
Trd, 000037.667, 148.0
Trd, 000038.733, 157
Trd, 000039.233, 162
Trd, 000040.383, 159.0
Trd, 000041.817, 156
Trd, 000042.133, 158
Trd, 000042.517, 157
Trd, 000043.267, 157
Trd, 000043.717, 156
Trd, 000043.750, 152
Trd, 000045.033, 154
Trd, 000046.317, 153
Trd, 000046.483, 148.0
Trd, 000046.567, 144
Trd, 000046.667, 155
Trd, 000046.683, 144.0
Trd, 000046.983, 155
Trd, 000049.883, 150
Trd, 000049.933, 160.0
Trd, 000050.217, 149
Trd, 000050.400, 157.0
Trd, 000050.417, 158.0
Trd, 000051.867, 158
Trd, 000054.100, 155
Trd, 000054.667, 155
Trd, 000055.467, 156
Trd, 000055.500, 155
Trd, 000055.550, 153
Trd, 000055.783, 158
Trd, 000056.767, 154
Trd, 000057.550, 155
Trd, 000058.017, 154
Trd, 000058.283, 158
Trd, 000058.550, 162.0
Trd, 000059.100, 155
Trd, 000059.867, 155
Trd, 000060.600, 156
Trd, 000060.733, 155
Trd, 000061.467, 157
Trd, 000062.200, 153
Trd, 000063.917, 156
Trd, 000063.983, 152
Trd, 000065.500, 152
Trd, 000065.517, 154
Trd, 000065.683, 151
Trd, 000066.183, 151
Trd, 000067.167, 154
Trd, 000069.133, 155
Trd, 000069.150, 155
Trd, 000069.567, 161.0
Trd, 000070.133, 157
Trd, 000070.317, 155
Trd, 000070.417, 159
Trd, 000070.767, 161
Trd, 000071.367, 154
Trd, 000072.167, 153
Trd, 000072.833, 155
Trd, 000073.117, 149.0
Trd, 000073.483, 152
Trd, 000073.567, 154
Trd, 000074.950, 154
Trd, 000075.633, 154
Trd, 000076.217, 150
Trd, 000076.267, 150
Trd, 000079.000, 150
Trd, 000079.750, 151
Trd, 000080.100, 152
Trd, 000080.233, 154
Trd, 000080.800, 155
Trd, 000080.917, 149
Trd, 000080.967, 160
Trd, 000082.983, 148.0
Trd, 000083.083, 155
Trd, 000083.250, 165
Trd, 000083.533, 186
Trd, 000084.150, 172.0
Trd, 000084.483, 158
Trd, 000085.967, 161
Trd, 000086.400, 161
Trd, 000086.600, 160
Trd, 000086.950, 162
Trd, 000087.500, 161
Trd, 000087.967, 159
Trd, 000088.617, 159
Trd, 000088.717, 160
Trd, 000089.267, 160
Trd, 000090.033, 158
Trd, 000090.467, 157
Trd, 000090.983, 155
Trd, 000092.533, 155
Trd, 000092.667, 157
Trd, 000092.750, 158
Trd, 000093.500, 153
Trd, 000094.200, 152
Trd, 000094.783, 148.0
Trd, 000096.700, 153
Trd, 000097.700, 152
Trd, 000098.717, 150
Trd, 000098.900, 152
Trd, 000099.167, 151
Trd, 000099.600, 152
Trd, 000100.150, 150
Trd, 000100.367, 155
Trd, 000100.783, 162.0
Trd, 000101.983, 150
Trd, 000102.183, 159
Trd, 000103.200, 157
Trd, 000104.450, 157
Trd, 000104.483, 152
Trd, 000104.833, 152
Trd, 000106.217, 153
Trd, 000107.183, 151
Trd, 000107.917, 150
Trd, 000108.283, 150
Trd, 000108.550, 148.0
Trd, 000109.300, 150
Trd, 000109.367, 151
Trd, 000110.050, 150
Trd, 000110.183, 148
Trd, 000110.267, 153
Trd, 000110.433, 155
Trd, 000111.700, 155
Trd, 000112.567, 159
Trd, 000114.417, 149
Trd, 000114.617, 148.0
Trd, 000115.200, 147
Trd, 000115.583, 148
Trd, 000115.800, 155
Trd, 000116.150, 153
Trd, 000117.033, 149
Trd, 000117.617, 147
Trd, 000118.417, 146
Trd, 000119.950, 147
Trd, 000120.400, 146
Trd, 000120.467, 148
Trd, 000120.767, 153
Trd, 000122.233, 154
Trd, 000122.633, 154
Trd, 000123.000, 154
Trd, 000123.950, 152
Trd, 000124.550, 151
Trd, 000125.183, 149
Trd, 000125.950, 149.0
Trd, 000126.617, 148.0
Trd, 000126.983, 152
Trd, 000127.600, 154
Trd, 000127.733, 155
Trd, 000128.850, 158
Trd, 000129.033, 151
Trd, 000129.983, 151
Trd, 000130.667, 150
Trd, 000130.733, 157
Trd, 000131.217, 152
Trd, 000132.333, 162.0
Trd, 000133.650, 153
Trd, 000133.833, 151
Trd, 000134.600, 151
Trd, 000134.900, 152
Trd, 000135.233, 148.0
Trd, 000135.783, 149
Trd, 000135.983, 151
Trd, 000136.367, 147
Trd, 000137.717, 146
Trd, 000137.800, 155
Trd, 000138.000, 160
Trd, 000140.467, 147.0
Trd, 000141.767, 145.0
Trd, 000142.250, 150
Trd, 000143.417, 147
Trd, 000143.633, 147
Trd, 000143.867, 147
Trd, 000145.050, 147
Trd, 000145.133, 148
Trd, 000145.150, 150
Trd, 000146.200, 152
Trd, 000146.650, 148
Trd, 000147.933, 154
Trd, 000148.400, 155
Trd, 000149.267, 151
Trd, 000150.017, 150
Trd, 000150.150, 149
Trd, 000151.133, 156
Trd, 000151.567, 157
Trd, 000152.117, 158
Trd, 000153.117, 156
Trd, 000153.600, 154
Trd, 000153.617, 153
Trd, 000154.350, 151
Trd, 000154.500, 150
Trd, 000156.550, 151
Trd, 000156.683, 151
Trd, 000157.133, 154
Trd, 000157.667, 154
Trd, 000158.050, 150
Trd, 000159.000, 155
Trd, 000159.817, 150
Trd, 000160.867, 154
Trd, 000161.600, 155
Trd, 000161.617, 154
Trd, 000162.083, 162.0
Trd, 000162.417, 161
Trd, 000162.883, 153
Trd, 000163.317, 148.0
Trd, 000163.867, 150
Trd, 000164.633, 154
Trd, 000164.917, 159
Trd, 000165.017, 155
Trd, 000165.267, 163
Trd, 000165.950, 146
Trd, 000166.983, 150
Trd, 000168.117, 144.0
Trd, 000168.317, 155
Trd, 000169.283, 155
Trd, 000169.767, 160
Trd, 000170.300, 162
Trd, 000170.433, 148
Trd, 000170.883, 162.0
Trd, 000171.300, 149
Trd, 000171.950, 149
Trd, 000172.900, 158
Trd, 000173.633, 156
Trd, 000174.067, 150
Trd, 000174.083, 158
Trd, 000174.850, 159
Trd, 000174.867, 152
Trd, 000175.167, 152
Trd, 000176.800, 158
Trd, 000177.217, 160.0
Trd, 000177.383, 162.0
Trd, 000178.817, 163
Trd, 000178.967, 155
Trd, 000179.033, 155
Trd, 000180.700, 159
Trd, 000180.817, 156
Trd, 000180.883, 161
Trd, 000181.033, 155
Trd, 000181.250, 154
Trd, 000181.717, 160
Trd, 000182.533, 148.0
Trd, 000184.250, 156
Trd, 000185.083, 152
Trd, 000186.850, 153
Trd, 000187.983, 152
Trd, 000188.183, 150
Trd, 000188.450, 152
Trd, 000188.550, 148.0
Trd, 000188.817, 144.0
Trd, 000190.683, 155
Trd, 000190.833, 148
Trd, 000191.083, 162.0
Trd, 000191.100, 165
Trd, 000191.817, 148.0
Trd, 000192.150, 158
Trd, 000192.533, 158
Trd, 000193.600, 152
Trd, 000195.217, 151
Trd, 000196.050, 151
Trd, 000197.067, 151
Trd, 000197.150, 148.0
Trd, 000197.383, 148
Trd, 000197.600, 146
Trd, 000198.800, 155
Trd, 000198.950, 162.0
Trd, 000199.200, 147.0
Trd, 000200.350, 155
Trd, 000201.383, 156
Trd, 000201.717, 149
Trd, 000203.117, 152
Trd, 000203.350, 150
Trd, 000205.483, 152
Trd, 000205.517, 155
Trd, 000205.550, 159
Trd, 000205.567, 149
Trd, 000205.800, 159
Trd, 000205.917, 148.0
Trd, 000208.150, 146
Trd, 000208.283, 149
Trd, 000209.050, 153
Trd, 000209.133, 158
Trd, 000210.367, 160
Trd, 000210.450, 153
Trd, 000210.667, 158
Trd, 000212.467, 156
Trd, 000212.533, 158.0
Trd, 000212.783, 158.0
Trd, 000213.667, 160
Trd, 000213.850, 157
Trd, 000214.483, 157
Trd, 000215.200, 156
Trd, 000216.150, 154
Trd, 000216.333, 152
Trd, 000216.917, 159
Trd, 000216.967, 150
Trd, 000217.250, 158
Trd, 000217.883, 148.0
Trd, 000219.183, 150
Trd, 000219.817, 155
Trd, 000220.367, 154
Trd, 000221.633, 150
Trd, 000222.050, 152
Trd, 000222.167, 149
Trd, 000223.167, 152
Trd, 000223.317, 149
Trd, 000223.717, 148.0
Trd, 000224.733, 147
Trd, 000224.967, 144.0
Trd, 000225.033, 148
Trd, 000225.350, 151
Trd, 000225.500, 155
Trd, 000226.167, 155
Trd, 000226.850, 148
Trd, 000227.833, 162
Trd, 000228.067, 149
Trd, 000228.583, 151
Trd, 000228.667, 150
Trd, 000228.717, 163
Trd, 000228.933, 148
Trd, 000230.533, 152
Trd, 000231.167, 153
Trd, 000232.167, 152
Trd, 000232.483, 153
Trd, 000232.867, 149
Trd, 000234.333, 155
Trd, 000235.400, 150
Trd, 000235.833, 150
Trd, 000236.200, 150
Trd, 000236.367, 149
Trd, 000237.100, 152
Trd, 000238.267, 155
Trd, 000239.333, 154
Trd, 000240.617, 154
Trd, 000241.267, 152
Trd, 000241.283, 150
Trd, 000241.450, 149
Trd, 000243.067, 151.0
Trd, 000243.250, 149
Trd, 000243.300, 150
Trd, 000243.600, 148
Trd, 000244.217, 149
Trd, 000244.483, 149
Trd, 000244.700, 148.0
Trd, 000245.250, 145
Trd, 000245.500, 144.0
Trd, 000246.017, 145
Trd, 000246.617, 147
Trd, 000247.400, 148
Trd, 000247.683, 155
Trd, 000247.783, 151.0
Trd, 000247.833, 158.0
Trd, 000248.533, 152
Trd, 000249.450, 151
Trd, 000249.467, 151
Trd, 000249.550, 152
Trd, 000250.000, 152
Trd, 000250.100, 150
Trd, 000251.100, 151.0
Trd, 000251.233, 150
Trd, 000251.717, 155
Trd, 000252.033, 150
Trd, 000252.117, 148.0
Trd, 000253.833, 151.0
Trd, 000253.883, 152.0
Trd, 000254.217, 153
Trd, 000254.667, 150
Trd, 000255.650, 151
Trd, 000256.000, 150
Trd, 000256.083, 152
Trd, 000256.267, 154
Trd, 000256.783, 149
Trd, 000257.917, 148
Trd, 000258.583, 149
Trd, 000259.267, 150
Trd, 000259.583, 151.0
Trd, 000259.900, 149
Trd, 000259.983, 148
Trd, 000260.317, 155
Trd, 000260.650, 155
Trd, 000261.033, 148
Trd, 000261.967, 147
Trd, 000262.450, 151
Trd, 000263.000, 151
Trd, 000263.483, 152
Trd, 000263.900, 151
Trd, 000264.533, 151
Trd, 000265.000, 152
Trd, 000265.183, 150
Trd, 000265.833, 150
Trd, 000265.867, 148.0
Trd, 000266.100, 147
Trd, 000266.267, 144.0
Trd, 000266.833, 146.0
Trd, 000267.433, 146
Trd, 000267.800, 151
Trd, 000268.317, 154
Trd, 000268.800, 155
Trd, 000268.817, 149
Trd, 000268.867, 148.0
Trd, 000269.267, 149
Trd, 000269.850, 149
Trd, 000269.967, 151.0
Trd, 000270.583, 152.0
Trd, 000271.117, 152.0
Trd, 000272.183, 153.0
Trd, 000272.683, 150
Trd, 000272.700, 151
Trd, 000273.950, 150
Trd, 000274.083, 151
Trd, 000274.183, 149
Trd, 000274.383, 152
Trd, 000274.550, 149
Trd, 000275.217, 155.0
Trd, 000275.233, 154.0
Trd, 000275.783, 158.0
Trd, 000276.067, 153
Trd, 000276.633, 158
Trd, 000277.233, 164
Trd, 000277.767, 165
Trd, 000278.400, 164
Trd, 000279.067, 160
Trd, 000279.500, 164
Trd, 000281.100, 160
Trd, 000281.167, 158
Trd, 000281.300, 159
Trd, 000281.800, 158
Trd, 000281.900, 155.0
Trd, 000283.100, 148.0
Trd, 000283.167, 131.0
Trd, 000283.917, 142
Trd, 000284.083, 143.0
Trd, 000284.267, 144.0
Trd, 000284.300, 147
Trd, 000284.733, 141.0
Trd, 000284.867, 149.0
Trd, 000285.083, 150.0
Trd, 000285.100, 151.0
Trd, 000285.500, 140
Trd, 000286.167, 149
Trd, 000287.567, 143
Trd, 000287.767, 144
Trd, 000287.817, 142
Trd, 000288.117, 147
Trd, 000288.367, 155
Trd, 000288.700, 142
Trd, 000289.967, 142
Trd, 000290.000, 141
Trd, 000290.167, 140
Trd, 000290.300, 137.0
Trd, 000290.967, 142.0
Trd, 000291.717, 142
Trd, 000292.133, 144.0
Trd, 000292.917, 144
Trd, 000293.383, 147
Trd, 000293.750, 147
Trd, 000294.117, 151
Trd, 000294.233, 145.0
Trd, 000294.267, 143.0
Trd, 000294.800, 144
Trd, 000295.483, 151.0
Trd, 000295.867, 143
Trd, 000296.617, 142
Trd, 000297.217, 144.0
Trd, 000297.467, 148
Trd, 000297.700, 149
Trd, 000298.150, 143
Trd, 000299.783, 147
