Trd, 000001.833, 113.0
Trd, 000002.400, 153.0
Trd, 000002.933, 158
Trd, 000003.617, 154
Trd, 000004.500, 151.0
Trd, 000005.000, 153
Trd, 000006.350, 158
Trd, 000006.367, 144
Trd, 000007.117, 143
Trd, 000008.517, 147.0
Trd, 000008.683, 145
Trd, 000008.900, 149
Trd, 000008.983, 145
Trd, 000009.167, 144
Trd, 000011.100, 148
Trd, 000011.183, 146
Trd, 000011.633, 149
Trd, 000011.650, 155.0
Trd, 000011.933, 158
Trd, 000012.150, 152
Trd, 000012.833, 148
Trd, 000014.433, 151
Trd, 000015.167, 148
Trd, 000015.783, 151
Trd, 000016.183, 152
Trd, 000016.450, 152
Trd, 000016.983, 151
Trd, 000017.167, 152
Trd, 000017.533, 152
Trd, 000018.250, 153
Trd, 000018.267, 158
Trd, 000019.767, 151.0
Trd, 000019.850, 150
Trd, 000021.067, 152
Trd, 000021.183, 150
Trd, 000021.200, 154
Trd, 000021.350, 147
Trd, 000022.400, 154
Trd, 000023.483, 154.0
Trd, 000024.417, 153.0
Trd, 000024.833, 151.0
Trd, 000024.867, 154
Trd, 000025.717, 152
Trd, 000026.383, 155.0
Trd, 000027.183, 157
Trd, 000027.850, 158
Trd, 000028.217, 154
Trd, 000028.417, 165.0
Trd, 000029.717, 159
Trd, 000030.417, 159.0
Trd, 000030.500, 158.0
Trd, 000031.500, 159
Trd, 000031.683, 160
Trd, 000032.083, 160
Trd, 000033.633, 158
Trd, 000034.217, 158
Trd, 000034.350, 158.0
Trd, 000034.800, 156
Trd, 000035.250, 154
Trd, 000035.333, 152.0
Trd, 000035.800, 159
Trd, 000035.900, 152.0
Trd, 000038.017, 154
Trd, 000038.517, 153.0
Trd, 000039.667, 152
Trd, 000039.717, 154
Trd, 000040.450, 154
Trd, 000041.217, 154
Trd, 000041.417, 152
Trd, 000042.633, 152
Trd, 000043.167, 153
Trd, 000043.367, 154
Trd, 000043.500, 155.0
Trd, 000044.733, 153
Trd, 000044.800, 152.0
Trd, 000045.433, 152
Trd, 000046.317, 155
Trd, 000046.767, 158
Trd, 000047.150, 157.0
Trd, 000047.683, 155
Trd, 000047.800, 155
Trd, 000048.550, 154
Trd, 000048.667, 153
Trd, 000049.050, 153
Trd, 000049.233, 152
Trd, 000050.617, 153
Trd, 000051.400, 152.0
Trd, 000052.567, 158
Trd, 000053.167, 160
Trd, 000053.883, 158
Trd, 000054.417, 161.0
Trd, 000054.883, 157
Trd, 000055.367, 156
Trd, 000055.383, 158
Trd, 000056.583, 160
Trd, 000056.600, 160
Trd, 000057.567, 159.0
Trd, 000058.483, 163.0
Trd, 000058.650, 160
Trd, 000058.750, 160
Trd, 000059.650, 160
Trd, 000060.083, 158.0
Trd, 000060.500, 155
Trd, 000062.617, 160
Trd, 000062.917, 155
Trd, 000063.717, 155
Trd, 000064.167, 156
Trd, 000064.233, 155
Trd, 000064.983, 155
Trd, 000065.083, 151.0
Trd, 000065.200, 158
Trd, 000066.250, 152
Trd, 000066.333, 156
Trd, 000068.133, 155
Trd, 000068.367, 155
Trd, 000068.600, 151.0
Trd, 000069.483, 155
Trd, 000069.633, 158
Trd, 000069.700, 135.0
Trd, 000070.233, 158.0
Trd, 000071.283, 158
Trd, 000072.600, 156
Trd, 000072.900, 151
Trd, 000073.200, 154
Trd, 000073.617, 151.0
Trd, 000073.967, 151
Trd, 000074.400, 154
Trd, 000074.633, 149
Trd, 000074.900, 153
Trd, 000076.067, 153
Trd, 000077.117, 153
Trd, 000077.450, 155.0
Trd, 000077.783, 152
Trd, 000078.400, 150
Trd, 000078.567, 158
Trd, 000078.600, 147
Trd, 000079.750, 158.0
Trd, 000081.883, 155
Trd, 000082.133, 154.0
Trd, 000083.483, 154.0
Trd, 000083.650, 151.0
Trd, 000084.267, 153
Trd, 000084.383, 153
Trd, 000084.667, 154
Trd, 000084.800, 154
Trd, 000085.533, 155.0
Trd, 000086.167, 155
Trd, 000087.033, 156
Trd, 000087.783, 153
Trd, 000088.433, 155
Trd, 000089.733, 153
Trd, 000089.833, 153
Trd, 000090.067, 154
Trd, 000090.167, 153
Trd, 000090.183, 154
Trd, 000091.500, 154
Trd, 000091.583, 158
Trd, 000092.167, 156
Trd, 000092.533, 160
Trd, 000093.050, 155
Trd, 000093.300, 156
Trd, 000094.033, 158.0
Trd, 000095.733, 156
Trd, 000096.233, 155
Trd, 000096.867, 156.0
Trd, 000097.267, 153
Trd, 000097.700, 156
Trd, 000099.017, 161.0
Trd, 000099.100, 160.0
Trd, 000099.200, 164.0
Trd, 000099.867, 163
Trd, 000100.033, 162
Trd, 000100.700, 164.0
Trd, 000100.867, 151.0
Trd, 000101.783, 159
Trd, 000101.950, 162
Trd, 000103.383, 156
Trd, 000104.433, 154
Trd, 000104.900, 155.0
Trd, 000105.567, 156
Trd, 000106.133, 155
Trd, 000106.333, 152
Trd, 000106.467, 153
Trd, 000106.583, 156
Trd, 000107.333, 147
Trd, 000108.050, 155
Trd, 000108.650, 159
Trd, 000109.433, 153.0
Trd, 000110.850, 155.0
Trd, 000110.867, 156
Trd, 000111.967, 155
Trd, 000112.117, 153.0
Trd, 000112.317, 155
Trd, 000113.217, 151.0
Trd, 000115.050, 152
Trd, 000115.117, 149
Trd, 000115.400, 151
Trd, 000115.567, 153
Trd, 000116.217, 153.0
Trd, 000116.433, 155.0
Trd, 000117.000, 153
Trd, 000118.033, 154
Trd, 000118.683, 154
Trd, 000119.917, 154
Trd, 000120.367, 154
Trd, 000120.617, 154
Trd, 000121.617, 153
Trd, 000122.550, 153
Trd, 000122.833, 155.0
Trd, 000123.633, 153
Trd, 000123.850, 154
Trd, 000123.950, 154
Trd, 000124.433, 155
Trd, 000124.800, 158
Trd, 000124.900, 152
Trd, 000126.417, 152
Trd, 000128.250, 155.0
Trd, 000128.517, 152.0
Trd, 000128.683, 151.0
Trd, 000128.867, 147
Trd, 000129.083, 155
Trd, 000129.750, 156
Trd, 000130.767, 140
Trd, 000130.900, 152
Trd, 000131.050, 147
Trd, 000131.733, 152
Trd, 000133.550, 151
Trd, 000133.833, 152
Trd, 000134.067, 155.0
Trd, 000134.283, 152
Trd, 000135.883, 151
Trd, 000136.067, 158
Trd, 000137.117, 155
Trd, 000137.167, 154
Trd, 000137.700, 156.0
Trd, 000138.950, 155
Trd, 000139.100, 156
Trd, 000140.300, 154
Trd, 000140.600, 151.0
Trd, 000140.683, 154
Trd, 000140.750, 155
Trd, 000141.250, 150
Trd, 000142.067, 151.0
Trd, 000142.300, 137.0
Trd, 000143.683, 137
Trd, 000144.300, 147
Trd, 000144.350, 147
Trd, 000144.683, 142
Trd, 000146.033, 146
Trd, 000146.233, 158
Trd, 000146.350, 143
Trd, 000147.183, 164
Trd, 000147.633, 160
Trd, 000148.433, 159
Trd, 000148.850, 160
Trd, 000148.950, 151.0
Trd, 000150.100, 158
Trd, 000150.300, 154
Trd, 000151.367, 154
Trd, 000151.917, 156
Trd, 000152.100, 156
Trd, 000152.450, 154
Trd, 000152.700, 155
Trd, 000153.167, 154
Trd, 000153.617, 151
Trd, 000154.583, 152
Trd, 000154.617, 154
Trd, 000155.183, 155
Trd, 000155.283, 155.0
Trd, 000155.850, 151
Trd, 000156.650, 153
Trd, 000156.733, 154
Trd, 000157.217, 152.0
Trd, 000158.550, 165.0
Trd, 000158.867, 154
Trd, 000159.633, 159
Trd, 000160.333, 156
Trd, 000160.533, 155
Trd, 000162.567, 156
Trd, 000162.600, 155
Trd, 000163.200, 155
Trd, 000164.633, 155
Trd, 000164.967, 154
Trd, 000164.983, 157
Trd, 000165.583, 158.0
Trd, 000165.600, 159
Trd, 000166.500, 151.0
Trd, 000166.750, 159
Trd, 000166.883, 149
Trd, 000168.183, 158.0
Trd, 000168.667, 158
Trd, 000169.050, 158
Trd, 000169.150, 158
Trd, 000170.233, 162
Trd, 000170.850, 163.0
Trd, 000171.850, 162
Trd, 000172.467, 151.0
Trd, 000172.600, 147
Trd, 000173.383, 158.0
Trd, 000173.517, 160
Trd, 000174.017, 158
Trd, 000175.517, 157
Trd, 000176.100, 157
Trd, 000176.733, 158
Trd, 000176.833, 157
Trd, 000176.983, 158
Trd, 000177.050, 168.0
Trd, 000177.200, 157
Trd, 000177.517, 165.0
Trd, 000179.067, 161
Trd, 000179.150, 156
Trd, 000180.800, 160.0
Trd, 000181.950, 159.0
Trd, 000182.083, 159
Trd, 000182.733, 158.0
Trd, 000183.500, 154
Trd, 000184.500, 147
Trd, 000184.783, 148
Trd, 000185.650, 148
Trd, 000185.733, 150
Trd, 000186.317, 147
Trd, 000186.983, 147
Trd, 000187.383, 153.0
Trd, 000188.417, 149
Trd, 000188.683, 155.0
Trd, 000190.050, 153
Trd, 000190.783, 152
Trd, 000191.017, 154
Trd, 000191.267, 153
Trd, 000191.917, 155.0
Trd, 000192.200, 154
Trd, 000193.417, 155
Trd, 000194.483, 156
Trd, 000195.400, 156
Trd, 000195.717, 154
Trd, 000196.483, 156
Trd, 000196.567, 153
Trd, 000196.733, 157
Trd, 000197.150, 168.0
Trd, 000197.267, 167
Trd, 000199.817, 161
Trd, 000201.117, 159.0
Trd, 000201.583, 158.0
Trd, 000202.133, 159
Trd, 000202.217, 161
Trd, 000202.633, 154
Trd, 000203.300, 151.0
Trd, 000204.000, 154
Trd, 000204.800, 147
Trd, 000205.117, 150
Trd, 000205.167, 151
Trd, 000206.700, 156
Trd, 000207.650, 152
Trd, 000209.483, 151
Trd, 000209.983, 152
Trd, 000210.417, 150
Trd, 000211.000, 149
Trd, 000211.533, 151
Trd, 000211.717, 155.0
Trd, 000212.383, 149
Trd, 000212.500, 152
Trd, 000212.683, 158
Trd, 000212.733, 149
Trd, 000212.783, 147
Trd, 000213.300, 164
Trd, 000213.517, 162
Trd, 000215.450, 156
Trd, 000215.800, 156.0
Trd, 000215.867, 158.0
Trd, 000216.283, 156
Trd, 000216.583, 157
Trd, 000216.633, 154
Trd, 000217.350, 159
Trd, 000218.083, 158.0
Trd, 000218.567, 156
Trd, 000218.800, 157
Trd, 000220.133, 158
Trd, 000220.533, 156
Trd, 000220.683, 156
Trd, 000222.167, 159
Trd, 000223.133, 160
Trd, 000224.317, 158.0
Trd, 000224.383, 157
Trd, 000225.383, 158
Trd, 000225.650, 156
Trd, 000226.033, 154
Trd, 000226.350, 155
Trd, 000226.567, 159
Trd, 000226.917, 159
Trd, 000227.250, 152.0
Trd, 000228.817, 151.0
Trd, 000229.267, 155
Trd, 000229.917, 147
Trd, 000229.967, 154
Trd, 000230.983, 156
Trd, 000231.083, 149
Trd, 000232.050, 154
Trd, 000233.600, 158
Trd, 000234.833, 153.0
Trd, 000235.517, 152
Trd, 000235.567, 136
Trd, 000236.383, 148
Trd, 000236.600, 153
Trd, 000237.167, 152
Trd, 000237.483, 152
Trd, 000237.600, 151
Trd, 000238.767, 151.0
Trd, 000239.233, 152
Trd, 000239.267, 151
Trd, 000239.633, 151
Trd, 000239.700, 152
Trd, 000240.300, 153
Trd, 000240.450, 152
Trd, 000241.100, 151
Trd, 000241.250, 153.0
Trd, 000241.300, 155.0
Trd, 000241.450, 158
Trd, 000242.917, 158
Trd, 000243.350, 162
Trd, 000243.683, 157
Trd, 000243.733, 161.0
Trd, 000244.117, 163.0
Trd, 000244.283, 162.0
Trd, 000244.350, 160
Trd, 000245.317, 158
Trd, 000245.850, 159
Trd, 000246.300, 159
Trd, 000246.833, 158
Trd, 000247.000, 157
Trd, 000247.583, 158
Trd, 000247.883, 159
Trd, 000248.350, 158.0
Trd, 000248.617, 159
Trd, 000248.750, 155
Trd, 000249.150, 159
Trd, 000249.333, 160
Trd, 000249.667, 157
Trd, 000249.717, 154
Trd, 000250.300, 151.0
Trd, 000250.533, 148
Trd, 000250.817, 147
Trd, 000250.850, 134
Trd, 000250.867, 150
Trd, 000251.317, 153
Trd, 000251.450, 158
Trd, 000251.783, 169
Trd, 000252.167, 168.0
Trd, 000252.967, 161
Trd, 000253.167, 158
Trd, 000254.067, 158.0
Trd, 000254.417, 153.0
Trd, 000254.483, 155.0
Trd, 000254.833, 156.0
Trd, 000255.267, 157
Trd, 000255.500, 158
Trd, 000256.017, 158
Trd, 000256.317, 153
Trd, 000257.317, 151.0
Trd, 000257.667, 150
Trd, 000258.017, 156
Trd, 000258.350, 163.0
Trd, 000259.117, 163
Trd, 000260.200, 168.0
Trd, 000260.583, 166.0
Trd, 000260.950, 167.0
Trd, 000261.100, 172.0
Trd, 000261.633, 169.0
Trd, 000261.650, 165.0
Trd, 000262.250, 164
Trd, 000262.850, 160
Trd, 000263.300, 156
Trd, 000263.350, 157
Trd, 000263.800, 158
Trd, 000264.567, 159
Trd, 000265.300, 157
Trd, 000265.583, 153
Trd, 000265.600, 154
Trd, 000265.683, 158
Trd, 000265.833, 151.0
Trd, 000265.917, 147
Trd, 000266.517, 152
Trd, 000267.217, 148
Trd, 000267.333, 147
Trd, 000267.767, 151
Trd, 000267.900, 147
Trd, 000268.700, 149
Trd, 000268.883, 150
Trd, 000269.767, 151
Trd, 000269.850, 152
Trd, 000270.050, 150
Trd, 000270.183, 157
Trd, 000271.017, 168.0
Trd, 000271.083, 165.0
Trd, 000271.483, 162
Trd, 000271.800, 164
Trd, 000273.083, 160
Trd, 000273.233, 159.0
Trd, 000273.350, 158.0
Trd, 000274.000, 152.0
Trd, 000274.250, 156
Trd, 000274.383, 157
Trd, 000274.417, 151.0
Trd, 000274.750, 152
Trd, 000275.483, 153
Trd, 000275.917, 158.0
Trd, 000276.617, 154
Trd, 000276.817, 165.0
Trd, 000277.100, 155
Trd, 000277.267, 154
Trd, 000277.467, 152
Trd, 000277.900, 154
Trd, 000278.083, 151
Trd, 000278.483, 151.0
Trd, 000278.900, 158
Trd, 000278.917, 148
Trd, 000279.183, 157
Trd, 000279.400, 158
Trd, 000280.433, 164
Trd, 000280.517, 165
Trd, 000281.050, 167.0
Trd, 000281.700, 166.0
Trd, 000281.767, 165.0
Trd, 000282.017, 164
Trd, 000282.783, 151.0
Trd, 000283.867, 152
Trd, 000284.317, 162.0
Trd, 000284.367, 156
Trd, 000284.900, 163
Trd, 000285.200, 163
Trd, 000285.283, 161
Trd, 000285.400, 155
Trd, 000286.317, 160
Trd, 000286.333, 162
Trd, 000287.267, 162
Trd, 000287.767, 163
Trd, 000288.050, 164.0
Trd, 000288.400, 159.0
Trd, 000289.433, 158
Trd, 000290.150, 158.0
Trd, 000290.267, 157
Trd, 000290.317, 154
Trd, 000291.183, 162
Trd, 000291.467, 150.0
Trd, 000291.567, 159
Trd, 000292.067, 156
Trd, 000292.583, 156
Trd, 000292.783, 152
Trd, 000293.150, 157
Trd, 000293.567, 155
Trd, 000293.683, 154
Trd, 000293.800, 153
Trd, 000294.400, 156
Trd, 000294.667, 158
Trd, 000295.467, 157
Trd, 000295.650, 157
Trd, 000296.233, 153.0
Trd, 000296.367, 155
Trd, 000296.850, 156
Trd, 000296.883, 158
Trd, 000296.967, 152.0
Trd, 000298.133, 156
Trd, 000298.533, 156
Trd, 000298.733, 157
Trd, 000299.317, 155
Trd, 000299.667, 156
