Trd, 000001.400, 106.0
Trd, 000001.433, 155.0
Trd, 000001.950, 158.0
Trd, 000002.467, 166
Trd, 000003.750, 184
Trd, 000003.917, 165
Trd, 000005.150, 161
Trd, 000006.017, 144.0
Trd, 000006.650, 146
Trd, 000007.300, 148.0
Trd, 000007.417, 162
Trd, 000008.083, 162.0
Trd, 000010.500, 153.0
Trd, 000010.583, 153.0
Trd, 000010.683, 152
Trd, 000010.817, 148
Trd, 000011.700, 147.0
Trd, 000012.000, 148.0
Trd, 000012.150, 147
Trd, 000012.317, 146
Trd, 000013.117, 145.0
Trd, 000013.950, 152.0
Trd, 000014.983, 147
Trd, 000015.250, 147
Trd, 000015.400, 145
Trd, 000015.500, 155.0
Trd, 000015.933, 158
Trd, 000016.900, 170.0
Trd, 000017.133, 162.0
Trd, 000017.250, 176
Trd, 000017.350, 173
Trd, 000018.400, 172
Trd, 000018.533, 160
Trd, 000020.300, 164
Trd, 000022.167, 164
Trd, 000022.217, 164
Trd, 000022.733, 163.0
Trd, 000023.133, 164.0
Trd, 000024.517, 162.0
Trd, 000024.600, 158.0
Trd, 000025.517, 159
Trd, 000025.717, 160
Trd, 000026.350, 157
Trd, 000026.683, 157
Trd, 000027.483, 149
Trd, 000027.983, 159
Trd, 000028.200, 159
Trd, 000028.767, 158.0
Trd, 000028.833, 172.0
Trd, 000029.317, 154
Trd, 000030.333, 162.0
Trd, 000030.717, 153
Trd, 000031.983, 151.0
Trd, 000032.550, 154.0
Trd, 000032.967, 155
Trd, 000033.450, 154.0
Trd, 000033.533, 155.0
Trd, 000034.900, 165
Trd, 000035.067, 164
Trd, 000035.900, 163
Trd, 000037.850, 158.0
Trd, 000038.400, 151.0
Trd, 000038.917, 162.0
Trd, 000039.150, 155
Trd, 000040.350, 158
Trd, 000040.367, 155
Trd, 000041.083, 162
Trd, 000041.783, 153
Trd, 000041.833, 154.0
Trd, 000042.067, 153
Trd, 000042.567, 153
Trd, 000042.967, 151.0
Trd, 000043.550, 151.0
Trd, 000043.917, 148
Trd, 000044.033, 144.0
Trd, 000044.700, 155.0
Trd, 000045.667, 148.0
Trd, 000045.867, 150
Trd, 000046.133, 135
Trd, 000046.317, 141
Trd, 000047.583, 158
Trd, 000048.033, 157
Trd, 000049.317, 171
Trd, 000049.767, 162.0
Trd, 000050.283, 161
Trd, 000050.483, 160
Trd, 000051.017, 158.0
Trd, 000052.083, 162.0
Trd, 000052.117, 157
Trd, 000052.850, 160
Trd, 000053.967, 158
Trd, 000054.083, 161
Trd, 000054.333, 163
Trd, 000056.167, 158
Trd, 000056.467, 158.0
Trd, 000057.067, 136
Trd, 000057.400, 137.0
Trd, 000059.050, 144.0
Trd, 000059.283, 145.0
Trd, 000059.533, 144
Trd, 000059.650, 148.0
Trd, 000060.133, 155.0
Trd, 000060.417, 145
Trd, 000060.500, 158
Trd, 000061.233, 150
Trd, 000062.117, 152
Trd, 000063.833, 154.0
Trd, 000064.050, 150
Trd, 000064.150, 154.0
Trd, 000064.283, 143
Trd, 000064.667, 155.0
Trd, 000065.033, 146
Trd, 000065.483, 162.0
Trd, 000066.867, 165
Trd, 000068.767, 148
Trd, 000069.683, 155
Trd, 000069.883, 151
Trd, 000070.050, 152
Trd, 000070.550, 155.0
Trd, 000070.767, 153.0
Trd, 000071.133, 155
Trd, 000071.433, 155
Trd, 000072.100, 156
Trd, 000072.217, 179.0
Trd, 000073.633, 157
Trd, 000074.367, 160
Trd, 000074.617, 156
Trd, 000075.217, 158.0
Trd, 000075.517, 156
Trd, 000075.583, 156
Trd, 000076.467, 151.0
Trd, 000077.483, 144.0
Trd, 000078.117, 150
Trd, 000078.650, 148
Trd, 000078.750, 149
Trd, 000079.317, 149
Trd, 000079.417, 150
Trd, 000079.917, 155.0
Trd, 000080.083, 137
Trd, 000080.717, 158
Trd, 000082.567, 165
Trd, 000082.600, 163.0
Trd, 000083.383, 169.0
Trd, 000084.000, 164
Trd, 000084.083, 162.0
Trd, 000084.700, 161
Trd, 000084.917, 166.0
Trd, 000085.867, 159
Trd, 000086.517, 165.0
Trd, 000087.317, 159
Trd, 000088.300, 162
Trd, 000088.417, 158
Trd, 000088.583, 151
Trd, 000089.267, 160
Trd, 000089.333, 158.0
Trd, 000091.183, 154.0
Trd, 000091.250, 153.0
Trd, 000091.933, 151.0
Trd, 000092.450, 151
Trd, 000094.450, 145
Trd, 000094.833, 146
Trd, 000095.450, 154.0
Trd, 000095.650, 155.0
Trd, 000095.667, 146
Trd, 000096.750, 147.0
Trd, 000096.933, 147.0
Trd, 000097.233, 145
Trd, 000097.700, 154.0
Trd, 000098.433, 155.0
Trd, 000099.517, 148
Trd, 000100.250, 155
Trd, 000100.417, 157
Trd, 000101.433, 150
Trd, 000101.500, 162
Trd, 000102.067, 162.0
Trd, 000103.183, 156
Trd, 000103.767, 157
Trd, 000103.833, 158
Trd, 000104.883, 158.0
Trd, 000104.983, 159
Trd, 000105.517, 157
Trd, 000105.583, 158
Trd, 000107.050, 158
Trd, 000107.133, 154
Trd, 000109.000, 168.0
Trd, 000109.033, 153
Trd, 000109.883, 157
Trd, 000111.133, 160
Trd, 000111.400, 158.0
Trd, 000111.417, 159
Trd, 000111.767, 160
Trd, 000112.250, 156
Trd, 000112.350, 151.0
Trd, 000114.150, 149.0
Trd, 000114.717, 148
Trd, 000115.033, 148.0
Trd, 000115.133, 145.0
Trd, 000115.933, 147.0
Trd, 000116.600, 147.0
Trd, 000117.750, 144.0
Trd, 000118.067, 144
Trd, 000118.817, 144
Trd, 000119.283, 143
Trd, 000119.317, 144
Trd, 000119.950, 145
Trd, 000120.050, 146
Trd, 000120.467, 155.0
Trd, 000121.117, 144
Trd, 000121.167, 147.0
Trd, 000122.667, 145
Trd, 000124.417, 145
Trd, 000124.633, 147
Trd, 000125.450, 147.0
Trd, 000127.300, 145.0
Trd, 000127.700, 146
Trd, 000128.017, 145.0
Trd, 000128.467, 148.0
Trd, 000128.933, 155.0
Trd, 000129.433, 158
Trd, 000129.483, 147.0
Trd, 000130.267, 146
Trd, 000130.983, 155
Trd, 000131.650, 155
Trd, 000131.967, 155
Trd, 000133.383, 153
Trd, 000133.450, 154.0
Trd, 000134.233, 154.0
Trd, 000134.533, 152
Trd, 000134.733, 155.0
Trd, 000136.017, 154
Trd, 000136.433, 155
Trd, 000136.717, 151.0
Trd, 000136.883, 150
Trd, 000137.067, 149
Trd, 000137.533, 149
Trd, 000138.367, 149
Trd, 000139.400, 148
Trd, 000139.717, 149
Trd, 000140.483, 157
Trd, 000140.567, 152
Trd, 000140.767, 157
Trd, 000142.083, 151.0
Trd, 000143.550, 153
Trd, 000143.667, 154.0
Trd, 000144.583, 152
Trd, 000144.650, 151
Trd, 000145.000, 153
Trd, 000145.900, 149
Trd, 000146.467, 153.0
Trd, 000148.017, 149
Trd, 000148.200, 147
Trd, 000148.500, 151.0
Trd, 000148.683, 157
Trd, 000148.867, 152
Trd, 000148.983, 158
Trd, 000149.917, 158
Trd, 000150.100, 148.0
Trd, 000153.000, 160
Trd, 000153.567, 164.0
Trd, 000154.200, 161
Trd, 000154.533, 160
Trd, 000154.600, 158.0
Trd, 000155.383, 159
Trd, 000156.100, 160
Trd, 000156.333, 146
Trd, 000157.550, 148.0
Trd, 000157.783, 158
Trd, 000158.083, 148
Trd, 000158.467, 157
Trd, 000159.500, 156
Trd, 000160.167, 172.0
Trd, 000160.417, 168.0
Trd, 000160.850, 161
Trd, 000161.533, 161
Trd, 000162.500, 160
Trd, 000162.683, 144.0
Trd, 000163.867, 166.0
Trd, 000164.317, 158.0
Trd, 000164.550, 165
Trd, 000165.450, 156
Trd, 000166.733, 162.0
Trd, 000167.233, 162
Trd, 000167.767, 166.0
Trd, 000168.433, 164.0
Trd, 000169.333, 163.0
Trd, 000169.433, 164
Trd, 000169.767, 162.0
Trd, 000170.617, 162
Trd, 000171.250, 163
Trd, 000171.833, 162
Trd, 000172.467, 163
Trd, 000172.717, 159
Trd, 000172.917, 162
Trd, 000173.067, 158.0
Trd, 000173.083, 144.0
Trd, 000174.417, 148.0
Trd, 000175.567, 150
Trd, 000176.200, 151
Trd, 000176.900, 154
Trd, 000177.233, 153
Trd, 000177.517, 153
Trd, 000178.583, 151
Trd, 000179.033, 155
Trd, 000179.667, 157
Trd, 000180.533, 151.0
Trd, 000180.983, 154
Trd, 000181.400, 149
Trd, 000181.417, 153
Trd, 000182.350, 154.0
Trd, 000182.567, 150
Trd, 000182.900, 154.0
Trd, 000182.917, 155.0
Trd, 000184.083, 158
Trd, 000184.100, 172.0
Trd, 000185.117, 162.0
Trd, 000185.167, 161
Trd, 000186.050, 161
Trd, 000187.267, 162
Trd, 000188.483, 163
Trd, 000189.200, 161
Trd, 000189.683, 160
Trd, 000190.067, 158.0
Trd, 000190.850, 172.0
Trd, 000190.983, 160
Trd, 000191.750, 161
Trd, 000192.000, 153
Trd, 000192.650, 155.0
Trd, 000193.217, 151.0
Trd, 000193.583, 157
Trd, 000193.733, 151
Trd, 000195.483, 155
Trd, 000196.050, 153
Trd, 000196.533, 155
Trd, 000196.650, 152
Trd, 000197.617, 155
Trd, 000197.850, 151
Trd, 000198.717, 149
Trd, 000199.317, 148
Trd, 000199.717, 147
Trd, 000199.733, 148
Trd, 000200.600, 149
Trd, 000201.000, 149
Trd, 000201.833, 172.0
Trd, 000202.583, 145
Trd, 000202.683, 142
Trd, 000203.233, 147
Trd, 000203.317, 148.0
Trd, 000203.367, 152.0
Trd, 000204.500, 152.0
Trd, 000205.100, 152
Trd, 000205.250, 154.0
Trd, 000206.283, 154.0
Trd, 000208.067, 152.0
Trd, 000208.167, 155.0
Trd, 000209.600, 151
Trd, 000209.750, 157
Trd, 000210.717, 158
Trd, 000211.300, 156
Trd, 000213.167, 151.0
Trd, 000213.650, 154
Trd, 000213.683, 144.0
Trd, 000213.900, 139
Trd, 000214.250, 156
Trd, 000214.533, 142
Trd, 000215.233, 155.0
Trd, 000215.400, 156
Trd, 000217.000, 150
Trd, 000217.433, 148.0
Trd, 000217.783, 158.0
Trd, 000218.450, 150
Trd, 000219.200, 153
Trd, 000219.517, 158
Trd, 000220.350, 151.0
Trd, 000220.883, 151
Trd, 000221.017, 151
Trd, 000221.050, 152
Trd, 000221.250, 153
Trd, 000221.333, 157
Trd, 000221.633, 150
Trd, 000222.850, 155
Trd, 000223.383, 154
Trd, 000223.550, 155.0
Trd, 000223.650, 151.0
Trd, 000224.967, 165
Trd, 000225.700, 168
Trd, 000225.717, 158.0
Trd, 000226.567, 159
Trd, 000227.483, 156
Trd, 000227.633, 159
Trd, 000227.783, 159
Trd, 000228.300, 155
Trd, 000228.483, 151.0
Trd, 000228.783, 158.0
Trd, 000230.450, 159
Trd, 000232.917, 154
Trd, 000233.767, 162
Trd, 000234.233, 159
Trd, 000234.350, 155
Trd, 000234.483, 172.0
Trd, 000235.533, 155.0
Trd, 000236.500, 155
Trd, 000236.533, 152.0
Trd, 000236.750, 157
Trd, 000237.367, 153
Trd, 000237.500, 151.0
Trd, 000238.167, 150
Trd, 000238.450, 153
Trd, 000239.300, 152
Trd, 000239.700, 153
Trd, 000240.100, 137
Trd, 000240.667, 146
Trd, 000240.750, 145
Trd, 000240.917, 148
Trd, 000241.150, 146
Trd, 000241.483, 145
Trd, 000242.050, 146
Trd, 000242.350, 146
Trd, 000242.783, 154.0
Trd, 000242.933, 151.0
Trd, 000243.183, 149
Trd, 000243.883, 150.0
Trd, 000244.083, 151
Trd, 000244.333, 152.0
Trd, 000244.717, 147
Trd, 000245.467, 154.0
Trd, 000245.600, 155.0
Trd, 000246.617, 158
Trd, 000246.867, 154
Trd, 000246.967, 157.0
Trd, 000247.317, 153
Trd, 000247.383, 152.0
Trd, 000247.400, 154.0
Trd, 000248.183, 151.0
Trd, 000248.600, 148.0
Trd, 000249.333, 145.0
Trd, 000249.567, 146.0
Trd, 000249.900, 147.0
Trd, 000250.283, 145.0
Trd, 000250.333, 144.0
Trd, 000250.383, 148.0
Trd, 000251.383, 144.0
Trd, 000251.583, 146
Trd, 000251.867, 145
Trd, 000251.883, 147
Trd, 000252.533, 155.0
Trd, 000253.600, 162.0
Trd, 000254.150, 165
Trd, 000254.300, 162.0
Trd, 000254.500, 162
Trd, 000254.850, 165.0
Trd, 000255.350, 160
Trd, 000255.950, 158.0
Trd, 000256.250, 155.0
Trd, 000256.600, 152
Trd, 000257.000, 158
Trd, 000257.750, 158
Trd, 000257.983, 157
Trd, 000258.900, 157
Trd, 000258.933, 155.0
Trd, 000259.033, 156
Trd, 000259.283, 157
Trd, 000260.833, 153
Trd, 000260.867, 154
Trd, 000261.033, 156
Trd, 000261.300, 158
Trd, 000261.583, 151.0
Trd, 000262.100, 149
Trd, 000262.650, 150
Trd, 000262.717, 148.0
Trd, 000262.933, 154
Trd, 000263.300, 154
Trd, 000263.600, 170.0
Trd, 000264.167, 162.0
Trd, 000265.467, 160.0
Trd, 000265.717, 161.0
Trd, 000265.733, 158.0
Trd, 000265.983, 156.0
Trd, 000266.517, 155.0
Trd, 000266.617, 151.0
Trd, 000267.400, 145.0
Trd, 000267.550, 147.0
Trd, 000267.650, 147.0
Trd, 000267.850, 149.0
Trd, 000267.967, 154.0
Trd, 000267.983, 155.0
Trd, 000268.533, 151
Trd, 000268.800, 146
Trd, 000269.217, 154.0
Trd, 000269.667, 155
Trd, 000270.050, 155
Trd, 000270.083, 157
Trd, 000271.367, 153
Trd, 000271.400, 156
Trd, 000271.750, 154
Trd, 000271.850, 144.0
Trd, 000272.167, 151
Trd, 000272.267, 158
Trd, 000273.250, 152
Trd, 000273.450, 151
Trd, 000274.350, 151
Trd, 000274.650, 143
Trd, 000275.100, 146
Trd, 000275.117, 152
Trd, 000275.533, 148.0
Trd, 000275.750, 143
Trd, 000276.250, 153
Trd, 000276.683, 154
Trd, 000276.750, 147
Trd, 000277.150, 155.0
Trd, 000277.550, 149.0
Trd, 000278.083, 151
Trd, 000278.383, 151
Trd, 000279.683, 150
Trd, 000280.000, 151
Trd, 000280.267, 152
Trd, 000280.683, 150
Trd, 000280.717, 149
Trd, 000280.967, 154.0
Trd, 000280.983, 149.0
Trd, 000281.267, 155.0
Trd, 000281.733, 148.0
Trd, 000282.017, 158
Trd, 000282.733, 163.0
Trd, 000283.333, 162.0
Trd, 000283.417, 166.0
Trd, 000284.017, 158.0
Trd, 000284.400, 165.0
Trd, 000284.800, 162
Trd, 000285.100, 161
Trd, 000285.283, 155.0
Trd, 000285.383, 165.0
Trd, 000285.617, 166.0
Trd, 000286.183, 172.0
Trd, 000286.217, 158
Trd, 000287.417, 163
Trd, 000287.983, 165
Trd, 000288.667, 165
Trd, 000289.317, 166
Trd, 000289.400, 165
Trd, 000289.533, 163
Trd, 000289.800, 162.0
Trd, 000290.200, 158.0
Trd, 000290.217, 157
Trd, 000290.433, 167.0
Trd, 000291.200, 166.0
Trd, 000291.617, 158
Trd, 000292.167, 155.0
Trd, 000292.450, 152.0
Trd, 000292.500, 151.0
Trd, 000292.833, 148.0
Trd, 000293.083, 164.0
Trd, 000293.583, 158
Trd, 000293.667, 166
Trd, 000293.833, 158
Trd, 000294.883, 160
Trd, 000295.267, 158.0
Trd, 000295.400, 154
Trd, 000295.433, 155.0
Trd, 000296.417, 155.0
Trd, 000297.033, 155
Trd, 000297.500, 155
Trd, 000297.533, 156
Trd, 000297.583, 151.0
Trd, 000298.117, 148.0
Trd, 000299.083, 147
Trd, 000299.317, 149
Trd, 000299.867, 146
Trd, 000299.983, 148
