Trd, 000002.150, 134
Trd, 000002.750, 153
Trd, 000002.850, 152
Trd, 000003.700, 177
Trd, 000004.767, 161.0
Trd, 000005.133, 158
Trd, 000005.183, 156
Trd, 000005.250, 155.0
Trd, 000005.433, 151.0
Trd, 000005.917, 160.0
Trd, 000006.617, 162.0
Trd, 000006.967, 154
Trd, 000007.300, 151.0
Trd, 000008.983, 156.0
Trd, 000009.433, 156
Trd, 000010.000, 155.0
Trd, 000010.067, 149
Trd, 000010.167, 156
Trd, 000010.267, 158
Trd, 000010.300, 137.0
Trd, 000011.700, 156
Trd, 000011.733, 157
Trd, 000011.767, 157
Trd, 000012.550, 155
Trd, 000012.933, 158
Trd, 000013.717, 169
Trd, 000013.983, 155
Trd, 000014.050, 162.0
Trd, 000014.850, 160
Trd, 000015.017, 159
Trd, 000016.133, 159
Trd, 000017.050, 159
Trd, 000017.550, 159
Trd, 000018.100, 158
Trd, 000018.183, 157
Trd, 000018.450, 159
Trd, 000019.283, 158
Trd, 000019.433, 157
Trd, 000019.950, 160
Trd, 000020.333, 156
Trd, 000020.650, 155.0
Trd, 000021.167, 154
Trd, 000021.450, 156
Trd, 000021.950, 153.0
Trd, 000022.450, 137.0
Trd, 000022.800, 146
Trd, 000023.733, 149
Trd, 000024.450, 151.0
Trd, 000025.050, 140.0
Trd, 000025.200, 148.0
Trd, 000025.333, 139.0
Trd, 000025.467, 137.0
Trd, 000025.933, 148
Trd, 000026.133, 137
Trd, 000027.083, 139
Trd, 000027.167, 149
Trd, 000029.583, 150
Trd, 000029.717, 151
Trd, 000030.133, 151.0
Trd, 000030.700, 148
Trd, 000031.167, 155
Trd, 000031.650, 155
Trd, 000031.817, 153
Trd, 000032.000, 153
Trd, 000032.133, 162.0
Trd, 000032.583, 155
Trd, 000032.717, 153
Trd, 000033.700, 178
Trd, 000034.567, 164
Trd, 000035.150, 162.0
Trd, 000035.417, 164
Trd, 000036.850, 158
Trd, 000036.883, 159
Trd, 000037.200, 158
Trd, 000037.217, 157
Trd, 000037.450, 156.0
Trd, 000037.733, 156.0
Trd, 000039.017, 159
Trd, 000039.233, 155
Trd, 000039.283, 159
Trd, 000039.500, 153
Trd, 000040.467, 154
Trd, 000042.067, 156.0
Trd, 000042.317, 158.0
Trd, 000043.033, 156.0
Trd, 000043.333, 156
Trd, 000043.350, 155.0
Trd, 000044.550, 155
Trd, 000044.633, 156
Trd, 000044.933, 155
Trd, 000045.517, 156
Trd, 000047.133, 156
Trd, 000047.633, 156
Trd, 000047.733, 155
Trd, 000048.367, 155
Trd, 000048.983, 155
Trd, 000049.150, 155
Trd, 000049.233, 156
Trd, 000049.383, 162.0
Trd, 000050.733, 158
Trd, 000051.450, 153
Trd, 000052.767, 157
Trd, 000052.950, 157
Trd, 000053.333, 157
Trd, 000053.533, 154.0
Trd, 000054.050, 154
Trd, 000054.133, 154.0
Trd, 000055.400, 157
Trd, 000055.883, 157
Trd, 000056.517, 156
Trd, 000056.617, 158
Trd, 000057.350, 158
Trd, 000057.483, 156
Trd, 000057.700, 162.0
Trd, 000058.467, 164
Trd, 000059.033, 155
Trd, 000059.200, 157.0
Trd, 000059.833, 158.0
Trd, 000059.900, 159
Trd, 000060.433, 159
Trd, 000060.967, 159
Trd, 000061.017, 155
Trd, 000061.117, 160
Trd, 000061.433, 157.0
Trd, 000062.183, 160
Trd, 000063.567, 160
Trd, 000063.950, 160
Trd, 000063.983, 160
Trd, 000064.367, 155.0
Trd, 000064.833, 151.0
Trd, 000066.117, 158.0
Trd, 000066.600, 155
Trd, 000066.883, 157
Trd, 000067.233, 154
Trd, 000068.317, 154
Trd, 000068.383, 153
Trd, 000069.917, 153
Trd, 000070.133, 149
Trd, 000070.333, 154
Trd, 000070.383, 138.0
Trd, 000071.067, 154.0
Trd, 000071.533, 152.0
Trd, 000072.117, 155.0
Trd, 000072.383, 151.0
Trd, 000072.650, 148
Trd, 000073.433, 147
Trd, 000073.817, 154
Trd, 000074.050, 151.0
Trd, 000075.350, 151
Trd, 000076.117, 149
Trd, 000076.267, 150
Trd, 000077.167, 149
Trd, 000078.550, 150
Trd, 000079.283, 151.0
Trd, 000079.450, 154
Trd, 000079.883, 161.0
Trd, 000080.000, 150
Trd, 000080.150, 148
Trd, 000081.617, 151.0
Trd, 000082.200, 150
Trd, 000082.367, 154
Trd, 000082.600, 154
Trd, 000082.617, 160.0
Trd, 000082.833, 153
Trd, 000083.250, 162.0
Trd, 000083.383, 153
Trd, 000083.517, 152
Trd, 000084.783, 155
Trd, 000085.383, 160.0
Trd, 000086.433, 160
Trd, 000086.900, 160
Trd, 000087.383, 158
Trd, 000087.750, 159
Trd, 000088.433, 160
Trd, 000089.150, 157
Trd, 000089.567, 156
Trd, 000089.800, 161.0
Trd, 000090.733, 156
Trd, 000091.250, 155.0
Trd, 000091.883, 154
Trd, 000091.967, 155
Trd, 000094.317, 153
Trd, 000095.117, 152
Trd, 000095.567, 148.0
Trd, 000095.817, 151
Trd, 000096.167, 152
Trd, 000096.383, 150
Trd, 000096.767, 151.0
Trd, 000097.250, 152
Trd, 000098.217, 149
Trd, 000098.550, 145
Trd, 000098.650, 152
Trd, 000099.800, 153
Trd, 000100.117, 151.0
Trd, 000100.283, 148
Trd, 000100.533, 151
Trd, 000101.683, 148
Trd, 000102.100, 137.0
Trd, 000102.250, 146
Trd, 000102.800, 149.0
Trd, 000103.117, 149
Trd, 000103.883, 148
Trd, 000104.950, 153.0
Trd, 000104.967, 151.0
Trd, 000105.183, 147
Trd, 000105.633, 149
Trd, 000106.583, 142
Trd, 000107.350, 147
Trd, 000107.917, 145
Trd, 000108.083, 147
Trd, 000108.617, 148
Trd, 000110.133, 144
Trd, 000110.250, 145
Trd, 000110.383, 146
Trd, 000111.117, 155
Trd, 000111.317, 146
Trd, 000111.600, 144
Trd, 000112.217, 160.0
Trd, 000112.233, 161.0
Trd, 000112.450, 162.0
Trd, 000112.500, 145
Trd, 000113.833, 177
Trd, 000114.017, 175
Trd, 000114.300, 148
Trd, 000114.617, 163
Trd, 000115.600, 160
Trd, 000115.617, 155
Trd, 000116.217, 158.0
Trd, 000116.600, 155
Trd, 000116.717, 157
Trd, 000117.417, 155.0
Trd, 000117.900, 154.0
Trd, 000119.200, 157
Trd, 000120.317, 156
Trd, 000120.700, 154
Trd, 000121.200, 156
Trd, 000121.350, 155
Trd, 000121.683, 153
Trd, 000122.000, 151.0
Trd, 000122.583, 155
Trd, 000123.267, 155
Trd, 000123.300, 155
Trd, 000123.917, 152
Trd, 000124.033, 151
Trd, 000124.150, 151
Trd, 000125.033, 153
Trd, 000125.767, 153
Trd, 000126.583, 153
Trd, 000127.317, 153
Trd, 000128.300, 152
Trd, 000128.317, 160.0
Trd, 000129.767, 153
Trd, 000130.067, 153
Trd, 000130.133, 153
Trd, 000130.400, 152.0
Trd, 000130.750, 153
Trd, 000131.100, 155
Trd, 000131.317, 150
Trd, 000131.633, 152
Trd, 000131.917, 151.0
Trd, 000132.200, 154
Trd, 000134.033, 141.0
Trd, 000134.233, 154
Trd, 000134.367, 154
Trd, 000134.683, 145
Trd, 000135.250, 153
Trd, 000135.650, 147
Trd, 000136.450, 151.0
Trd, 000137.083, 151
Trd, 000137.433, 150
Trd, 000137.467, 146
Trd, 000138.250, 142
Trd, 000138.650, 144
Trd, 000139.483, 144
Trd, 000139.650, 145
Trd, 000139.883, 148.0
Trd, 000140.267, 145
Trd, 000140.783, 146
Trd, 000140.833, 154
Trd, 000142.083, 145
Trd, 000142.200, 144
Trd, 000143.033, 144
Trd, 000143.183, 155
Trd, 000143.383, 155
Trd, 000144.117, 156.0
Trd, 000144.667, 155.0
Trd, 000144.867, 157.0
Trd, 000145.217, 155.0
Trd, 000145.633, 155.0
Trd, 000146.250, 158
Trd, 000146.500, 155
Trd, 000146.967, 155
Trd, 000147.183, 157
Trd, 000148.250, 156
Trd, 000148.550, 171
Trd, 000148.683, 157
Trd, 000149.517, 159
Trd, 000150.300, 156
Trd, 000152.167, 159.0
Trd, 000152.367, 158
Trd, 000152.400, 162.0
Trd, 000152.467, 156.0
Trd, 000152.733, 161
Trd, 000152.783, 177
Trd, 000154.433, 159
Trd, 000154.817, 159
Trd, 000155.300, 158
Trd, 000155.600, 160
Trd, 000155.617, 162
Trd, 000156.517, 157
Trd, 000156.733, 160.0
Trd, 000157.467, 157
Trd, 000157.483, 155.0
Trd, 000157.950, 137.0
Trd, 000158.167, 158
Trd, 000158.667, 154
Trd, 000159.783, 151.0
Trd, 000160.400, 152
Trd, 000160.533, 151
Trd, 000160.633, 150
Trd, 000162.533, 152
Trd, 000163.033, 151.0
Trd, 000163.367, 150
Trd, 000164.767, 152
Trd, 000164.967, 152
Trd, 000165.133, 151.0
Trd, 000165.683, 153
Trd, 000166.117, 154
Trd, 000166.883, 154
Trd, 000166.950, 154
Trd, 000167.300, 156
Trd, 000167.717, 152
Trd, 000167.733, 155
Trd, 000167.883, 151
Trd, 000168.717, 151.0
Trd, 000168.750, 154
Trd, 000170.667, 151
Trd, 000170.833, 144
Trd, 000171.933, 148
Trd, 000171.983, 149
Trd, 000172.267, 147
Trd, 000172.300, 149
Trd, 000172.767, 146
Trd, 000172.917, 150
Trd, 000173.083, 142
Trd, 000173.333, 143
Trd, 000173.550, 137.0
Trd, 000174.433, 153
Trd, 000175.017, 154
Trd, 000175.817, 154
Trd, 000176.250, 155.0
Trd, 000176.733, 157
Trd, 000176.767, 162.0
Trd, 000178.133, 164
Trd, 000178.233, 163
Trd, 000178.883, 159
Trd, 000179.617, 161
Trd, 000179.950, 162
Trd, 000180.733, 159
Trd, 000180.800, 158
Trd, 000181.367, 157
Trd, 000181.750, 153.0
Trd, 000181.833, 161
Trd, 000182.167, 151.0
Trd, 000182.350, 144
Trd, 000183.083, 156
Trd, 000184.217, 162.0
Trd, 000185.033, 160
Trd, 000186.200, 158
Trd, 000186.483, 160
Trd, 000186.717, 159
Trd, 000187.117, 157
Trd, 000187.183, 155.0
Trd, 000187.750, 156
Trd, 000188.150, 157
Trd, 000188.400, 154
Trd, 000188.717, 153.0
Trd, 000189.033, 153
Trd, 000189.083, 152.0
Trd, 000189.250, 155
Trd, 000189.567, 151.0
Trd, 000190.233, 154
Trd, 000192.217, 154
Trd, 000192.467, 161
Trd, 000193.650, 156
Trd, 000193.683, 155
Trd, 000194.267, 155
Trd, 000194.283, 156
Trd, 000194.333, 154
Trd, 000194.617, 156
Trd, 000195.233, 153.0
Trd, 000196.217, 151.0
Trd, 000196.433, 156
Trd, 000196.567, 137.0
Trd, 000196.967, 162.0
Trd, 000198.700, 158
Trd, 000199.100, 136.0
Trd, 000199.217, 160
Trd, 000200.283, 159
Trd, 000200.683, 153
Trd, 000201.183, 154
Trd, 000201.350, 156
Trd, 000201.817, 156
Trd, 000201.950, 158.0
Trd, 000203.333, 149
Trd, 000204.517, 153
Trd, 000204.800, 153
Trd, 000205.017, 152
Trd, 000205.067, 144
Trd, 000205.367, 153
Trd, 000206.183, 151.0
Trd, 000206.383, 155
Trd, 000207.033, 151
Trd, 000207.300, 151
Trd, 000209.017, 152
Trd, 000209.383, 151
Trd, 000209.917, 156
Trd, 000209.983, 152
Trd, 000210.467, 153
Trd, 000210.633, 154
Trd, 000210.717, 162.0
Trd, 000211.683, 154
Trd, 000212.683, 155
Trd, 000213.067, 154
Trd, 000214.217, 157
Trd, 000214.583, 161
Trd, 000214.783, 177
Trd, 000214.917, 154
Trd, 000215.883, 173.0
Trd, 000216.567, 172.0
Trd, 000217.633, 172
Trd, 000218.850, 170
Trd, 000218.900, 169
Trd, 000218.950, 162.0
Trd, 000219.517, 157
Trd, 000220.217, 166
Trd, 000220.483, 165
Trd, 000221.050, 164
Trd, 000221.317, 163
Trd, 000223.167, 163
Trd, 000223.317, 163
Trd, 000223.350, 162
Trd, 000223.650, 161
Trd, 000223.800, 157
Trd, 000224.100, 141
Trd, 000225.700, 149
Trd, 000226.767, 148
Trd, 000227.017, 151.0
Trd, 000227.233, 151
Trd, 000227.933, 143
Trd, 000227.950, 142
Trd, 000228.683, 146
Trd, 000229.550, 150
Trd, 000230.200, 150
Trd, 000230.600, 150
Trd, 000230.767, 149
Trd, 000230.883, 151.0
Trd, 000231.267, 155
Trd, 000232.667, 152
Trd, 000232.783, 151
Trd, 000232.867, 151
Trd, 000233.633, 154
Trd, 000234.383, 158.0
Trd, 000234.400, 159.0
Trd, 000234.500, 162.0
Trd, 000235.667, 152
Trd, 000235.933, 151
Trd, 000236.217, 152.0
Trd, 000236.600, 151.0
Trd, 000237.200, 151
Trd, 000237.617, 151
Trd, 000237.717, 150
Trd, 000239.100, 151.0
Trd, 000239.467, 150
Trd, 000240.233, 147
Trd, 000240.533, 148.0
Trd, 000240.600, 147
Trd, 000241.050, 147
Trd, 000241.133, 148.0
Trd, 000241.217, 146
Trd, 000241.333, 146
Trd, 000241.533, 144.0
Trd, 000241.967, 146
Trd, 000242.350, 144
Trd, 000242.367, 143
Trd, 000242.433, 141.0
Trd, 000243.483, 145
Trd, 000243.533, 148.0
Trd, 000243.617, 139
Trd, 000243.783, 138.0
Trd, 000244.050, 142
Trd, 000244.250, 145
Trd, 000244.400, 151.0
Trd, 000244.967, 144.0
Trd, 000245.300, 147
Trd, 000245.867, 155
Trd, 000246.133, 145
Trd, 000246.617, 146
Trd, 000247.533, 156.0
Trd, 000247.567, 162.0
Trd, 000247.950, 159
Trd, 000249.167, 160
Trd, 000250.083, 162
Trd, 000250.367, 161
Trd, 000250.533, 163.0
Trd, 000250.950, 160
Trd, 000251.050, 161
Trd, 000251.100, 159
Trd, 000252.183, 158
Trd, 000252.233, 157
Trd, 000253.117, 157
Trd, 000253.150, 160
Trd, 000253.183, 155.0
Trd, 000253.517, 144.0
Trd, 000253.800, 141.0
Trd, 000254.867, 144.0
Trd, 000255.117, 148.0
Trd, 000255.550, 155
Trd, 000255.650, 156
Trd, 000255.933, 153.0
Trd, 000256.467, 157
Trd, 000256.533, 154
Trd, 000256.767, 153
Trd, 000256.850, 151.0
Trd, 000257.133, 143.0
Trd, 000258.267, 146
Trd, 000258.317, 148
Trd, 000259.100, 147
Trd, 000259.467, 148
Trd, 000260.017, 151.0
Trd, 000261.267, 151
Trd, 000261.567, 150
Trd, 000262.067, 150
Trd, 000262.633, 154
Trd, 000262.700, 155
Trd, 000262.900, 158.0
Trd, 000263.150, 161.0
Trd, 000263.817, 160
Trd, 000264.433, 156
Trd, 000265.033, 156
Trd, 000265.050, 158
Trd, 000265.300, 154
Trd, 000265.650, 144.0
Trd, 000266.600, 158
Trd, 000266.783, 143.0
Trd, 000266.900, 149
Trd, 000267.267, 148
Trd, 000267.317, 154
Trd, 000267.550, 154
Trd, 000267.633, 153.0
Trd, 000267.933, 152.0
Trd, 000268.750, 151.0
Trd, 000268.900, 150
Trd, 000269.550, 155
Trd, 000270.200, 152
Trd, 000270.383, 151
Trd, 000270.633, 155
Trd, 000270.733, 144.0
Trd, 000270.983, 146.0
Trd, 000271.733, 153
Trd, 000271.983, 149
Trd, 000272.533, 149
Trd, 000272.700, 146
Trd, 000272.750, 141.0
Trd, 000273.750, 135.0
Trd, 000274.250, 140
Trd, 000274.500, 141.0
Trd, 000274.517, 144.0
Trd, 000274.867, 143
Trd, 000275.117, 150.0
Trd, 000275.433, 146.0
Trd, 000275.467, 151.0
Trd, 000277.467, 147
Trd, 000277.867, 154
Trd, 000278.250, 149
Trd, 000278.650, 151.0
Trd, 000278.767, 150.0
Trd, 000278.983, 149.0
Trd, 000279.933, 147
Trd, 000280.317, 147
Trd, 000280.350, 149
Trd, 000280.450, 145.0
Trd, 000281.133, 139
Trd, 000281.150, 142
Trd, 000281.433, 144
Trd, 000282.533, 149
Trd, 000282.700, 150
Trd, 000283.050, 144
Trd, 000283.217, 149
Trd, 000283.317, 144.0
Trd, 000283.617, 144
Trd, 000284.383, 144.0
Trd, 000285.133, 141.0
Trd, 000285.467, 148
Trd, 000285.817, 149
Trd, 000286.200, 154
Trd, 000286.700, 155
Trd, 000286.850, 159
Trd, 000287.150, 155
Trd, 000287.183, 153
Trd, 000288.050, 154
Trd, 000288.250, 151.0
Trd, 000288.500, 151
Trd, 000289.017, 149
Trd, 000289.150, 141.0
Trd, 000289.433, 141
Trd, 000289.583, 137.0
Trd, 000289.867, 151.0
Trd, 000290.517, 146
Trd, 000291.550, 149
Trd, 000292.517, 148
Trd, 000292.917, 153
Trd, 000293.017, 154
Trd, 000293.050, 155
Trd, 000293.233, 148
Trd, 000293.333, 147
Trd, 000293.583, 162.0
Trd, 000293.783, 146
Trd, 000294.433, 146
Trd, 000295.400, 144.0
Trd, 000295.800, 143.0
Trd, 000296.433, 147
Trd, 000296.850, 144.0
Trd, 000298.117, 147
Trd, 000298.300, 148
Trd, 000298.317, 145.0
Trd, 000298.850, 149
Trd, 000298.900, 145.0
Trd, 000299.333, 146
Trd, 000299.917, 149
