Trd, 000001.383, 161
Trd, 000001.650, 159
Trd, 000003.283, 158.0
Trd, 000003.433, 135
Trd, 000004.833, 139
Trd, 000005.033, 140
Trd, 000005.733, 142.0
Trd, 000006.317, 141
Trd, 000007.400, 141
Trd, 000007.633, 139
Trd, 000008.667, 140
Trd, 000009.083, 140
Trd, 000009.300, 139
Trd, 000009.500, 139
Trd, 000009.750, 144.0
Trd, 000010.400, 141
Trd, 000010.783, 139
Trd, 000011.083, 140
Trd, 000011.583, 139
Trd, 000012.200, 138
Trd, 000013.300, 137
Trd, 000014.250, 137
Trd, 000014.417, 138
Trd, 000014.600, 137
Trd, 000014.967, 138
Trd, 000015.133, 148.0
Trd, 000015.550, 143
Trd, 000016.200, 145
Trd, 000017.183, 143
Trd, 000017.200, 144
Trd, 000017.267, 143
Trd, 000018.033, 142
Trd, 000018.150, 142
Trd, 000018.217, 142
Trd, 000018.600, 144
Trd, 000020.467, 145
Trd, 000021.383, 144.0
Trd, 000021.883, 144
Trd, 000022.317, 143.0
Trd, 000023.200, 144
Trd, 000023.700, 144
Trd, 000025.133, 143
Trd, 000025.200, 144.0
Trd, 000025.633, 145
Trd, 000025.867, 143
Trd, 000026.417, 144
Trd, 000026.783, 143
Trd, 000027.883, 143
Trd, 000028.483, 142
Trd, 000028.733, 141.0
Trd, 000028.833, 144.0
Trd, 000029.417, 140
Trd, 000029.933, 142
Trd, 000030.000, 141
Trd, 000030.933, 143
Trd, 000031.200, 144
Trd, 000031.750, 144.0
Trd, 000034.150, 144
Trd, 000035.267, 143
Trd, 000035.433, 143
Trd, 000035.783, 143
Trd, 000036.200, 142
Trd, 000036.483, 142
Trd, 000036.783, 142.0
Trd, 000037.633, 141
Trd, 000037.767, 120.0
Trd, 000038.800, 143
Trd, 000039.117, 141
Trd, 000039.233, 141
Trd, 000039.700, 141
Trd, 000040.950, 140
Trd, 000041.267, 142
Trd, 000041.883, 142
Trd, 000042.750, 143
Trd, 000043.183, 142
Trd, 000043.333, 148.0
Trd, 000044.333, 142
Trd, 000044.900, 142
Trd, 000045.900, 143
Trd, 000046.800, 141
Trd, 000046.983, 141
Trd, 000047.150, 143
Trd, 000047.250, 144.0
Trd, 000047.550, 140
Trd, 000049.017, 139
Trd, 000049.350, 143
Trd, 000049.750, 141
Trd, 000049.800, 148.0
Trd, 000050.133, 144
Trd, 000050.950, 144
Trd, 000051.583, 146
Trd, 000051.917, 148
Trd, 000052.167, 149.0
Trd, 000052.717, 148
Trd, 000053.033, 147
Trd, 000054.833, 147
Trd, 000055.000, 147
Trd, 000055.100, 147
Trd, 000055.283, 148
Trd, 000055.900, 148
Trd, 000055.950, 149
Trd, 000056.083, 146
Trd, 000056.700, 146
Trd, 000057.700, 147
Trd, 000057.867, 146
Trd, 000057.917, 147
Trd, 000059.050, 148
Trd, 000059.567, 145
Trd, 000060.150, 144
Trd, 000060.283, 148
Trd, 000061.133, 143
Trd, 000061.500, 146
Trd, 000063.150, 147
Trd, 000063.417, 147.0
Trd, 000063.750, 145
Trd, 000063.900, 144
Trd, 000064.733, 145
Trd, 000065.333, 145
Trd, 000065.900, 146
Trd, 000066.583, 146
Trd, 000067.083, 145
Trd, 000067.700, 144
Trd, 000068.117, 145
Trd, 000068.617, 145
Trd, 000069.450, 148.0
Trd, 000069.533, 146
Trd, 000070.283, 148
Trd, 000070.717, 147
Trd, 000070.833, 145
Trd, 000070.900, 151.0
Trd, 000071.233, 152
Trd, 000072.600, 158.0
Trd, 000073.017, 162.0
Trd, 000074.283, 161
Trd, 000074.483, 160
Trd, 000075.583, 159
Trd, 000076.267, 159
Trd, 000076.517, 158
Trd, 000076.883, 157
Trd, 000077.367, 156.0
Trd, 000077.400, 156
Trd, 000077.650, 157
Trd, 000078.233, 156
Trd, 000078.567, 157
Trd, 000078.583, 155.0
Trd, 000078.967, 156
Trd, 000079.150, 156
Trd, 000079.717, 155
Trd, 000080.733, 153
Trd, 000082.033, 153
Trd, 000082.483, 152
Trd, 000082.850, 146
Trd, 000084.067, 150
Trd, 000084.983, 149
Trd, 000085.300, 151.0
Trd, 000085.650, 148
Trd, 000087.383, 147
Trd, 000087.550, 147
Trd, 000087.567, 147
Trd, 000087.983, 147
Trd, 000088.150, 149
Trd, 000088.867, 149
Trd, 000088.917, 150
Trd, 000089.667, 149
Trd, 000090.250, 148
Trd, 000090.300, 146
Trd, 000090.667, 147
Trd, 000091.450, 145
Trd, 000092.167, 145
Trd, 000092.183, 148
Trd, 000093.383, 148
Trd, 000093.967, 147
Trd, 000094.050, 148.0
Trd, 000095.900, 146
Trd, 000096.083, 148
Trd, 000096.233, 145
Trd, 000096.717, 147
Trd, 000096.983, 145
Trd, 000097.450, 145
Trd, 000097.483, 144
Trd, 000097.817, 142
Trd, 000098.700, 145
Trd, 000098.833, 143
Trd, 000099.117, 145
Trd, 000099.600, 144
Trd, 000099.833, 145
Trd, 000101.367, 146
Trd, 000103.367, 143
Trd, 000103.583, 144.0
Trd, 000104.233, 144
Trd, 000104.300, 147
Trd, 000104.467, 143
Trd, 000104.867, 146
Trd, 000105.867, 143
Trd, 000106.517, 142
Trd, 000106.667, 141
Trd, 000107.033, 143
Trd, 000108.600, 144
Trd, 000109.050, 143.0
Trd, 000109.133, 144.0
Trd, 000109.517, 145
Trd, 000109.600, 143
Trd, 000109.800, 148.0
Trd, 000110.600, 147
Trd, 000111.367, 143
Trd, 000112.383, 144
Trd, 000112.583, 146
Trd, 000112.833, 144
Trd, 000112.883, 143
Trd, 000113.633, 142
Trd, 000114.250, 144
Trd, 000114.917, 141
Trd, 000115.633, 142
Trd, 000115.767, 143
Trd, 000117.200, 141
Trd, 000117.217, 142
Trd, 000117.800, 144
Trd, 000117.817, 143
Trd, 000118.083, 142
Trd, 000119.250, 143
Trd, 000120.083, 143
Trd, 000120.333, 143
Trd, 000120.583, 144.0
Trd, 000121.733, 145
Trd, 000121.950, 148.0
Trd, 000122.333, 145
Trd, 000122.500, 151.0
Trd, 000123.167, 158.0
Trd, 000123.917, 151
Trd, 000125.200, 150
Trd, 000125.417, 151.0
Trd, 000126.000, 151
Trd, 000126.917, 151
Trd, 000127.700, 151
Trd, 000127.950, 151
Trd, 000128.217, 149
Trd, 000128.283, 147
Trd, 000128.300, 141.0
Trd, 000128.383, 127
Trd, 000129.233, 151
Trd, 000130.233, 144.0
Trd, 000130.667, 144
Trd, 000131.433, 144
Trd, 000132.433, 144
Trd, 000132.667, 145.0
Trd, 000132.717, 144
Trd, 000133.950, 144
Trd, 000134.267, 144
Trd, 000134.383, 144
Trd, 000134.750, 145
Trd, 000135.917, 145
Trd, 000137.067, 143
Trd, 000137.100, 144
Trd, 000137.367, 144
Trd, 000137.767, 142
Trd, 000138.517, 144
Trd, 000138.583, 141
Trd, 000139.067, 145
Trd, 000139.217, 148.0
Trd, 000139.950, 144.0
Trd, 000140.583, 143.0
Trd, 000141.650, 143
Trd, 000141.717, 144
Trd, 000142.667, 145
Trd, 000142.983, 144
Trd, 000143.267, 146
Trd, 000144.817, 144
Trd, 000145.433, 143
Trd, 000146.017, 143
Trd, 000146.100, 143
Trd, 000146.650, 144.0
Trd, 000146.683, 143
Trd, 000146.900, 142
Trd, 000147.867, 143
Trd, 000148.683, 144
Trd, 000148.900, 143
Trd, 000149.100, 144.0
Trd, 000149.600, 144
Trd, 000151.083, 146
Trd, 000151.350, 145
Trd, 000152.117, 147
Trd, 000152.650, 145
Trd, 000154.167, 147
Trd, 000154.433, 148.0
Trd, 000154.650, 148
Trd, 000154.683, 146
Trd, 000154.700, 143
Trd, 000155.967, 143
Trd, 000157.150, 144.0
Trd, 000157.317, 146
Trd, 000157.517, 142
Trd, 000157.900, 142
Trd, 000158.033, 144.0
Trd, 000159.000, 144
Trd, 000159.017, 141.0
Trd, 000159.433, 142
Trd, 000160.767, 144
Trd, 000161.517, 145.0
Trd, 000161.817, 148.0
Trd, 000162.700, 148
Trd, 000163.100, 145
Trd, 000163.667, 144
Trd, 000163.867, 144
Trd, 000164.900, 145
Trd, 000164.917, 144
Trd, 000165.483, 146
Trd, 000165.767, 146
Trd, 000166.800, 144
Trd, 000167.250, 143
Trd, 000167.717, 143
Trd, 000167.850, 144
Trd, 000168.683, 143
Trd, 000169.200, 143.0
Trd, 000170.550, 143
Trd, 000171.700, 144.0
Trd, 000172.050, 143
Trd, 000172.533, 144
Trd, 000172.567, 142
Trd, 000173.233, 144
Trd, 000173.750, 141
Trd, 000174.317, 142
Trd, 000174.450, 141.0
Trd, 000175.483, 143
Trd, 000175.783, 144.0
Trd, 000176.183, 145
Trd, 000177.650, 142
Trd, 000177.967, 141
Trd, 000178.200, 141
Trd, 000178.400, 140
Trd, 000178.467, 117.0
Trd, 000178.500, 147.0
Trd, 000179.450, 141
Trd, 000180.800, 140
Trd, 000181.100, 140
Trd, 000181.200, 140
Trd, 000182.550, 140
Trd, 000183.083, 141
Trd, 000183.100, 140
Trd, 000184.100, 143
Trd, 000184.683, 142
Trd, 000184.983, 144.0
Trd, 000185.783, 144.0
Trd, 000187.150, 143
Trd, 000187.933, 144
Trd, 000188.217, 143
Trd, 000188.833, 144
Trd, 000190.183, 141.0
Trd, 000190.317, 143
Trd, 000190.617, 143
Trd, 000190.800, 142
Trd, 000191.000, 140
Trd, 000192.083, 142
Trd, 000192.167, 139
Trd, 000192.500, 148.0
Trd, 000193.633, 143
Trd, 000194.150, 144.0
Trd, 000194.367, 144
Trd, 000195.217, 145
Trd, 000195.667, 145
Trd, 000196.300, 144
Trd, 000196.600, 144
Trd, 000196.650, 144
Trd, 000196.767, 145
Trd, 000197.300, 147
Trd, 000197.383, 148.0
Trd, 000198.750, 144.0
Trd, 000198.917, 147
Trd, 000199.783, 148
Trd, 000200.017, 143
Trd, 000200.883, 148
Trd, 000201.283, 144
Trd, 000201.483, 143
Trd, 000202.383, 144
Trd, 000204.300, 144
Trd, 000204.350, 143
Trd, 000204.400, 145
Trd, 000205.783, 146
Trd, 000205.900, 145
Trd, 000206.150, 146
Trd, 000206.700, 145
Trd, 000207.133, 144
Trd, 000207.767, 144
Trd, 000208.950, 147.0
Trd, 000210.167, 146
Trd, 000210.367, 145
Trd, 000210.733, 144
Trd, 000211.083, 146
Trd, 000211.350, 147
Trd, 000211.583, 145
Trd, 000211.967, 143
Trd, 000212.267, 142
Trd, 000215.283, 144.0
Trd, 000215.350, 143
Trd, 000215.950, 145
Trd, 000216.583, 145
Trd, 000216.933, 145
Trd, 000217.050, 144
Trd, 000217.183, 144
Trd, 000217.317, 143
Trd, 000218.233, 145
Trd, 000218.300, 143
Trd, 000219.133, 144.0
Trd, 000220.033, 144
Trd, 000220.800, 144
Trd, 000222.100, 145
Trd, 000223.000, 144
Trd, 000223.867, 144
Trd, 000224.317, 146
Trd, 000224.417, 144
Trd, 000224.467, 147
Trd, 000225.317, 143
Trd, 000225.417, 146
Trd, 000226.150, 147.0
Trd, 000226.833, 147
Trd, 000227.350, 151.0
Trd, 000228.133, 150
Trd, 000229.550, 150
Trd, 000230.167, 150
Trd, 000230.717, 150
Trd, 000230.767, 149
Trd, 000230.967, 151.0
Trd, 000231.033, 147
Trd, 000231.250, 148
Trd, 000231.300, 146
Trd, 000231.800, 150
Trd, 000231.833, 147
Trd, 000233.150, 147
Trd, 000233.617, 149
Trd, 000233.650, 147
Trd, 000233.983, 148
Trd, 000234.300, 146
Trd, 000234.650, 145
Trd, 000235.050, 150
Trd, 000237.150, 148.0
Trd, 000237.517, 147
Trd, 000237.917, 147
Trd, 000237.983, 148
Trd, 000238.483, 147
Trd, 000238.767, 146
Trd, 000239.683, 148
Trd, 000239.733, 147
Trd, 000240.300, 145
Trd, 000240.817, 146
Trd, 000241.150, 147
Trd, 000241.200, 146
Trd, 000241.350, 146
Trd, 000241.450, 145
Trd, 000241.833, 144
Trd, 000244.283, 147
Trd, 000244.883, 145
Trd, 000245.233, 144
Trd, 000245.383, 144
Trd, 000245.517, 144
Trd, 000245.833, 144
Trd, 000246.383, 147
Trd, 000246.400, 143
Trd, 000246.600, 148.0
Trd, 000246.850, 143
Trd, 000246.950, 144.0
Trd, 000247.067, 146
Trd, 000247.317, 146
Trd, 000247.967, 145
Trd, 000248.050, 143
Trd, 000248.117, 143
Trd, 000248.417, 143
Trd, 000248.767, 141
Trd, 000248.867, 144
Trd, 000249.767, 147.0
Trd, 000250.033, 141.0
Trd, 000250.300, 137.0
Trd, 000251.233, 140
Trd, 000251.250, 141.0
Trd, 000251.517, 141
Trd, 000252.100, 142
Trd, 000252.117, 144.0
Trd, 000252.717, 147.0
Trd, 000252.967, 146
Trd, 000253.383, 146
Trd, 000254.167, 145.0
Trd, 000254.683, 141
Trd, 000255.583, 142
Trd, 000255.867, 141
Trd, 000256.100, 143
Trd, 000256.733, 141
Trd, 000256.767, 140
Trd, 000256.967, 144
Trd, 000257.300, 144.0
Trd, 000258.467, 146
Trd, 000258.800, 146
Trd, 000259.017, 145
Trd, 000259.167, 145
Trd, 000259.800, 146
Trd, 000259.967, 146
Trd, 000260.050, 144
Trd, 000260.850, 146
Trd, 000261.183, 146
Trd, 000261.900, 146
Trd, 000262.083, 146
Trd, 000262.583, 145
Trd, 000263.300, 145
Trd, 000263.333, 144
Trd, 000263.683, 145.0
Trd, 000264.317, 146
Trd, 000264.383, 147
Trd, 000264.700, 144.0
Trd, 000265.767, 143
Trd, 000266.333, 145
Trd, 000266.667, 143
Trd, 000266.800, 144
Trd, 000266.933, 142
Trd, 000267.350, 146
Trd, 000267.583, 148.0
Trd, 000268.033, 151.0
Trd, 000268.367, 146
Trd, 000268.600, 142
Trd, 000268.667, 145
Trd, 000268.783, 142
Trd, 000269.417, 147
Trd, 000270.200, 144
Trd, 000270.800, 143.0
Trd, 000270.817, 145
Trd, 000270.900, 146
Trd, 000271.367, 144
Trd, 000272.467, 146
Trd, 000272.750, 146
Trd, 000273.300, 143
Trd, 000274.250, 145.0
Trd, 000274.333, 145
Trd, 000274.850, 146.0
Trd, 000274.933, 148.0
Trd, 000275.400, 151.0
Trd, 000275.550, 168.0
Trd, 000275.783, 162
Trd, 000276.167, 156
Trd, 000277.083, 156.0
Trd, 000277.850, 155
Trd, 000277.900, 159
Trd, 000278.183, 155.0
Trd, 000278.383, 155
Trd, 000278.500, 158
Trd, 000278.933, 155.0
Trd, 000280.083, 154
Trd, 000280.433, 158
Trd, 000280.550, 147
Trd, 000281.467, 157
Trd, 000281.783, 154
Trd, 000282.300, 155
Trd, 000282.433, 154
Trd, 000282.517, 153
Trd, 000283.017, 155
Trd, 000283.200, 155
Trd, 000283.317, 155
Trd, 000283.800, 157
Trd, 000283.917, 159.0
Trd, 000284.883, 158
Trd, 000284.933, 156
Trd, 000284.950, 153
Trd, 000285.383, 147
Trd, 000285.883, 151
Trd, 000286.750, 149
Trd, 000287.100, 147
Trd, 000287.483, 145
Trd, 000287.583, 144
Trd, 000288.300, 143
Trd, 000288.317, 145
Trd, 000288.850, 142.0
Trd, 000289.000, 141.0
Trd, 000289.017, 139.0
Trd, 000289.033, 148.0
Trd, 000289.083, 148.0
Trd, 000289.700, 138
Trd, 000289.917, 148
Trd, 000290.517, 137.0
Trd, 000291.583, 141
Trd, 000292.200, 146
Trd, 000292.450, 144
Trd, 000293.150, 145
Trd, 000293.750, 145
Trd, 000293.783, 145
Trd, 000294.200, 144.0
Trd, 000294.833, 143
Trd, 000295.083, 143
Trd, 000295.717, 143.0
Trd, 000295.800, 142
Trd, 000295.917, 141.0
Trd, 000296.300, 144
Trd, 000296.583, 145
Trd, 000296.717, 146
Trd, 000296.800, 141.0
Trd, 000297.017, 140
Trd, 000297.250, 140
Trd, 000297.283, 137.0
Trd, 000297.600, 138
Trd, 000298.067, 139
Trd, 000298.167, 148.0
Trd, 000299.067, 162.0
