Trd, 000001.567, 194.0
Trd, 000002.283, 193.0
Trd, 000002.383, 187
Trd, 000002.933, 186.0
Trd, 000003.750, 194
Trd, 000004.117, 158.0
Trd, 000005.750, 155
Trd, 000005.833, 134.0
Trd, 000006.417, 158.0
Trd, 000006.933, 161.0
Trd, 000007.283, 162.0
Trd, 000009.133, 157
Trd, 000009.517, 155
Trd, 000009.850, 153
Trd, 000010.083, 148.0
Trd, 000011.200, 151
Trd, 000011.367, 135.0
Trd, 000012.283, 147
Trd, 000012.417, 149
Trd, 000012.450, 150
Trd, 000013.117, 151
Trd, 000013.600, 144
Trd, 000013.833, 135.0
Trd, 000014.817, 142
Trd, 000015.300, 133.0
Trd, 000015.700, 134.0
Trd, 000016.917, 136
Trd, 000017.017, 137
Trd, 000017.117, 135
Trd, 000017.233, 140
Trd, 000017.867, 143
Trd, 000018.667, 144
Trd, 000020.233, 141
Trd, 000020.950, 142
Trd, 000020.983, 145
Trd, 000022.317, 142
Trd, 000023.117, 134.0
Trd, 000023.433, 144
Trd, 000023.833, 144
Trd, 000024.150, 133.0
Trd, 000025.250, 134
Trd, 000025.450, 144
Trd, 000026.150, 145
Trd, 000026.717, 147
Trd, 000027.050, 143
Trd, 000027.317, 137
Trd, 000027.450, 151
Trd, 000028.783, 147
Trd, 000028.883, 152
Trd, 000029.283, 157
Trd, 000029.667, 146
Trd, 000030.233, 150
Trd, 000030.850, 149
Trd, 000031.250, 155
Trd, 000031.550, 152
Trd, 000031.867, 148.0
Trd, 000031.967, 147
Trd, 000032.000, 162.0
Trd, 000034.167, 148.0
Trd, 000034.350, 151
Trd, 000035.233, 150
Trd, 000035.600, 150
Trd, 000036.350, 150
Trd, 000036.533, 152
Trd, 000037.600, 150
Trd, 000037.933, 153
Trd, 000038.417, 148
Trd, 000039.050, 150
Trd, 000039.467, 156
Trd, 000041.300, 149
Trd, 000041.883, 148.0
Trd, 000043.017, 143
Trd, 000043.283, 134.0
Trd, 000043.583, 145
Trd, 000043.683, 146
Trd, 000043.733, 144
Trd, 000044.033, 158
Trd, 000044.483, 148
Trd, 000045.150, 149
Trd, 000045.267, 155
Trd, 000047.600, 144
Trd, 000047.683, 145
Trd, 000047.750, 143
Trd, 000047.867, 146
Trd, 000048.117, 142
Trd, 000048.367, 158
Trd, 000049.183, 149.0
Trd, 000049.283, 152
Trd, 000049.483, 151
Trd, 000049.667, 151
Trd, 000050.850, 148.0
Trd, 000051.200, 134.0
Trd, 000051.733, 151
Trd, 000053.083, 142
Trd, 000053.333, 140
Trd, 000053.533, 162.0
Trd, 000053.550, 172.0
Trd, 000054.300, 159.0
Trd, 000054.450, 158.0
Trd, 000055.867, 150
Trd, 000056.233, 150
Trd, 000057.083, 151
Trd, 000057.633, 151
Trd, 000057.767, 149
Trd, 000057.967, 151
Trd, 000058.067, 148.0
Trd, 000058.717, 147
Trd, 000059.417, 148
Trd, 000059.800, 150
Trd, 000060.183, 146
Trd, 000060.817, 148.0
Trd, 000061.083, 147
Trd, 000062.350, 146
Trd, 000063.183, 146
Trd, 000063.350, 145
Trd, 000064.583, 146
Trd, 000064.833, 147
Trd, 000065.417, 148
Trd, 000065.917, 147
Trd, 000066.217, 148
Trd, 000067.050, 147
Trd, 000067.183, 151
Trd, 000067.733, 149
Trd, 000067.767, 144
Trd, 000068.450, 134.0
Trd, 000069.800, 154
Trd, 000070.467, 150
Trd, 000071.100, 150.0
Trd, 000072.367, 148
Trd, 000072.600, 148
Trd, 000072.633, 148.0
Trd, 000072.700, 149
Trd, 000072.817, 151
Trd, 000073.000, 145
Trd, 000073.700, 149
Trd, 000074.017, 151
Trd, 000074.383, 149
Trd, 000075.300, 156
Trd, 000076.900, 151
Trd, 000077.033, 148
Trd, 000077.250, 135.0
Trd, 000077.383, 158
Trd, 000078.233, 148
Trd, 000079.350, 147
Trd, 000080.083, 148
Trd, 000080.100, 145
Trd, 000082.250, 147
Trd, 000082.500, 147
Trd, 000082.633, 143
Trd, 000083.083, 147
Trd, 000083.100, 150
Trd, 000083.217, 142
Trd, 000084.433, 151
Trd, 000085.100, 151
Trd, 000086.050, 142
Trd, 000086.267, 153
Trd, 000087.483, 152
Trd, 000087.517, 148.0
Trd, 000087.667, 145
Trd, 000089.083, 150
Trd, 000089.167, 148
Trd, 000089.517, 148
Trd, 000089.883, 149
Trd, 000090.300, 148
Trd, 000091.633, 147
Trd, 000092.200, 149
Trd, 000092.383, 149
Trd, 000093.417, 149
Trd, 000093.883, 151
Trd, 000094.000, 148
Trd, 000094.867, 147
Trd, 000095.000, 150
Trd, 000095.100, 145
Trd, 000095.250, 153
Trd, 000096.067, 146
Trd, 000097.500, 153
Trd, 000098.483, 152
Trd, 000098.750, 151
Trd, 000099.500, 149.0
Trd, 000099.533, 150
Trd, 000099.783, 149.0
Trd, 000099.817, 151
Trd, 000099.900, 152
Trd, 000100.300, 148.0
Trd, 000100.317, 147
Trd, 000101.550, 148.0
Trd, 000102.067, 147
Trd, 000102.200, 148
Trd, 000102.367, 151
Trd, 000102.950, 147
Trd, 000103.250, 145
Trd, 000103.817, 148
Trd, 000103.850, 149
Trd, 000105.100, 149
Trd, 000105.183, 147
Trd, 000105.283, 151
Trd, 000105.450, 158
Trd, 000105.917, 148.0
Trd, 000106.967, 160.0
Trd, 000107.117, 158.0
Trd, 000107.833, 151
Trd, 000109.783, 152
Trd, 000110.367, 152
Trd, 000110.833, 153
Trd, 000111.133, 157
Trd, 000111.700, 151
Trd, 000111.967, 148.0
Trd, 000112.533, 149
Trd, 000112.650, 150
Trd, 000113.900, 147
Trd, 000114.083, 148
Trd, 000114.533, 150
Trd, 000114.717, 135
Trd, 000115.617, 148.0
Trd, 000116.100, 150
Trd, 000116.700, 150
Trd, 000117.517, 151
Trd, 000118.050, 157
Trd, 000118.300, 158
Trd, 000118.833, 148
Trd, 000119.233, 148
Trd, 000119.567, 147
Trd, 000120.467, 151
Trd, 000120.950, 150.0
Trd, 000121.083, 151
Trd, 000121.467, 151
Trd, 000121.833, 151.0
Trd, 000121.900, 148.0
Trd, 000122.217, 147
Trd, 000122.917, 149
Trd, 000123.317, 150
Trd, 000123.900, 148
Trd, 000124.467, 148.0
Trd, 000125.250, 134.0
Trd, 000125.733, 151
Trd, 000126.017, 152
Trd, 000126.283, 140
Trd, 000127.383, 150
Trd, 000127.617, 134.0
Trd, 000127.667, 156
Trd, 000127.867, 158
Trd, 000129.167, 149
Trd, 000129.483, 135
Trd, 000130.117, 145
Trd, 000130.250, 145
Trd, 000130.750, 144
Trd, 000130.833, 145
Trd, 000130.933, 146
Trd, 000132.100, 150
Trd, 000132.500, 160
Trd, 000133.067, 153
Trd, 000133.350, 146
Trd, 000133.633, 149.0
Trd, 000135.700, 148.0
Trd, 000136.100, 150
Trd, 000136.667, 150
Trd, 000136.867, 148
Trd, 000137.467, 148
Trd, 000137.483, 149
Trd, 000137.633, 150
Trd, 000138.250, 146
Trd, 000139.017, 148.0
Trd, 000140.150, 146
Trd, 000140.233, 136.0
Trd, 000140.317, 146
Trd, 000140.400, 135.0
Trd, 000140.967, 147
Trd, 000141.300, 148
Trd, 000141.900, 148
Trd, 000142.583, 138
Trd, 000143.167, 145
Trd, 000143.800, 143
Trd, 000144.317, 142
Trd, 000144.800, 134.0
Trd, 000145.450, 141
Trd, 000145.517, 143
Trd, 000146.017, 143
Trd, 000146.117, 144
Trd, 000147.733, 149
Trd, 000148.583, 140
Trd, 000148.600, 151
Trd, 000148.733, 140
Trd, 000149.083, 158
Trd, 000149.667, 161.0
Trd, 000149.933, 159.0
Trd, 000150.267, 158.0
Trd, 000152.133, 154
Trd, 000152.483, 154
Trd, 000153.750, 151
Trd, 000154.000, 151
Trd, 000154.950, 151
Trd, 000155.317, 151
Trd, 000156.317, 135.0
Trd, 000156.583, 147
Trd, 000156.667, 148
Trd, 000157.100, 150
Trd, 000157.150, 151
Trd, 000157.317, 141
Trd, 000158.850, 151
Trd, 000160.000, 148.0
Trd, 000160.850, 147
Trd, 000161.317, 147
Trd, 000161.367, 150
Trd, 000161.950, 146
Trd, 000162.333, 151
Trd, 000162.900, 155
Trd, 000164.050, 157
Trd, 000164.700, 150
Trd, 000164.850, 136
Trd, 000165.400, 153
Trd, 000165.750, 152
Trd, 000165.983, 148.0
Trd, 000166.517, 150
Trd, 000167.417, 162.0
Trd, 000168.883, 155
Trd, 000168.917, 153
Trd, 000169.567, 152
Trd, 000169.967, 154
Trd, 000170.317, 155
Trd, 000170.683, 151
Trd, 000170.800, 156
Trd, 000171.433, 150
Trd, 000171.467, 157
Trd, 000172.383, 134.0
Trd, 000173.383, 154
Trd, 000174.117, 153
Trd, 000174.650, 148.0
Trd, 000176.217, 147
Trd, 000176.517, 147
Trd, 000176.733, 148
Trd, 000177.100, 149
Trd, 000177.133, 150
Trd, 000177.350, 151
Trd, 000177.533, 147
Trd, 000178.000, 158
Trd, 000178.183, 162.0
Trd, 000179.833, 150
Trd, 000179.867, 168.0
Trd, 000180.817, 150
Trd, 000181.450, 150
Trd, 000181.700, 149
Trd, 000182.117, 149
Trd, 000182.150, 154
Trd, 000182.183, 161
Trd, 000182.433, 168
Trd, 000183.367, 148.0
Trd, 000183.467, 134.0
Trd, 000185.367, 149
Trd, 000185.567, 148
Trd, 000186.167, 148
Trd, 000186.683, 149
Trd, 000186.733, 152
Trd, 000188.733, 136
Trd, 000188.883, 149
Trd, 000188.933, 134.0
Trd, 000189.100, 151
Trd, 000190.000, 139
Trd, 000190.767, 145
Trd, 000191.217, 144
Trd, 000192.333, 144
Trd, 000192.617, 144
Trd, 000193.133, 143
Trd, 000193.333, 144
Trd, 000193.433, 140
Trd, 000195.550, 151
Trd, 000196.167, 147
Trd, 000196.550, 149
Trd, 000196.583, 150
Trd, 000196.767, 151
Trd, 000197.317, 148.0
Trd, 000198.183, 157
Trd, 000198.217, 158
Trd, 000198.750, 152
Trd, 000199.233, 148
Trd, 000199.250, 147
Trd, 000199.483, 152
Trd, 000199.550, 153
Trd, 000201.467, 149
Trd, 000201.583, 148.0
Trd, 000202.550, 147
Trd, 000202.667, 149
Trd, 000202.717, 151
Trd, 000203.083, 149
Trd, 000203.850, 145
Trd, 000204.317, 145
Trd, 000205.050, 145
Trd, 000205.150, 138
Trd, 000205.750, 143
Trd, 000206.467, 139
Trd, 000207.867, 144
Trd, 000209.050, 143
Trd, 000209.100, 144
Trd, 000209.783, 151
Trd, 000210.000, 158
Trd, 000210.717, 151.0
Trd, 000210.850, 150.0
Trd, 000211.633, 150
Trd, 000212.317, 149
Trd, 000212.883, 150
Trd, 000214.417, 152
Trd, 000214.717, 148.0
Trd, 000215.867, 148
Trd, 000216.033, 148
Trd, 000216.150, 145
Trd, 000216.217, 150
Trd, 000216.700, 147
Trd, 000217.483, 134.0
Trd, 000218.133, 145
Trd, 000218.167, 146
Trd, 000218.200, 147
Trd, 000218.733, 151
Trd, 000220.517, 150.0
Trd, 000221.200, 149.0
Trd, 000221.950, 149
Trd, 000222.317, 149
Trd, 000222.700, 150
Trd, 000223.250, 148
Trd, 000223.917, 148
Trd, 000223.983, 148
Trd, 000224.083, 150
Trd, 000224.350, 134.0
Trd, 000225.600, 151
Trd, 000225.717, 151.0
Trd, 000226.267, 153
Trd, 000226.617, 150
Trd, 000226.983, 152
Trd, 000227.983, 151.0
Trd, 000228.433, 152
Trd, 000228.467, 148.0
Trd, 000228.533, 147
Trd, 000228.967, 134.0
Trd, 000230.150, 153
Trd, 000231.250, 157
Trd, 000231.900, 157
Trd, 000232.200, 157
Trd, 000232.483, 158
Trd, 000232.633, 150.0
Trd, 000232.917, 161.0
Trd, 000233.100, 149.0
Trd, 000233.117, 148.0
Trd, 000235.100, 148.0
Trd, 000235.350, 153
Trd, 000235.867, 151
Trd, 000236.933, 147
Trd, 000236.983, 135.0
Trd, 000237.383, 134.0
Trd, 000237.833, 148
Trd, 000237.917, 149
Trd, 000238.817, 151
Trd, 000239.100, 150
Trd, 000239.283, 151
Trd, 000240.467, 147
Trd, 000240.733, 151
Trd, 000241.350, 144
Trd, 000241.617, 154
Trd, 000241.900, 148
Trd, 000242.483, 144
Trd, 000242.967, 146
Trd, 000243.183, 147
Trd, 000243.600, 146
Trd, 000244.517, 149
Trd, 000245.117, 151
Trd, 000245.817, 153
Trd, 000246.617, 155.0
Trd, 000246.683, 154
Trd, 000247.083, 153.0
Trd, 000247.667, 153
Trd, 000247.817, 153.0
Trd, 000248.450, 154
Trd, 000248.533, 151
Trd, 000248.867, 155.0
Trd, 000249.417, 154
Trd, 000249.600, 150
Trd, 000250.283, 151
Trd, 000250.883, 151.0
Trd, 000251.067, 152
Trd, 000251.333, 152
Trd, 000251.717, 154
Trd, 000252.567, 152
Trd, 000252.733, 153
Trd, 000253.733, 154
Trd, 000253.900, 152
Trd, 000254.800, 151
Trd, 000255.067, 151
Trd, 000255.283, 134.0
Trd, 000255.300, 152
Trd, 000255.600, 153
Trd, 000255.683, 138
Trd, 000256.567, 151.0
Trd, 000256.600, 152
Trd, 000256.850, 153
Trd, 000257.033, 150
Trd, 000257.750, 158
Trd, 000258.000, 162.0
Trd, 000258.167, 156.0
Trd, 000258.750, 167.0
Trd, 000259.683, 162.0
Trd, 000259.700, 125
Trd, 000260.167, 153.0
Trd, 000260.667, 155
Trd, 000260.933, 152.0
Trd, 000261.050, 154
Trd, 000261.283, 153
Trd, 000261.367, 155
Trd, 000261.800, 154
Trd, 000262.217, 154
Trd, 000262.550, 155.0
Trd, 000262.717, 155.0
Trd, 000263.783, 157
Trd, 000263.800, 158
Trd, 000264.550, 155
Trd, 000264.600, 158
Trd, 000264.683, 151.0
Trd, 000265.733, 152
Trd, 000265.800, 151
Trd, 000266.317, 148.0
Trd, 000266.767, 151
Trd, 000266.967, 152
Trd, 000267.417, 157
Trd, 000267.617, 139.0
Trd, 000268.483, 152.0
Trd, 000268.817, 158
Trd, 000269.800, 158
Trd, 000270.083, 154
Trd, 000270.367, 153
Trd, 000270.517, 156
Trd, 000271.367, 153.0
Trd, 000271.750, 153
Trd, 000272.267, 154
Trd, 000272.417, 152
Trd, 000273.633, 153
Trd, 000273.667, 151.0
Trd, 000274.167, 152
Trd, 000274.600, 152
Trd, 000274.867, 151
Trd, 000274.917, 151
Trd, 000274.967, 155
Trd, 000275.200, 158
Trd, 000275.650, 161.0
Trd, 000276.233, 157
Trd, 000276.300, 155.0
Trd, 000276.717, 160
Trd, 000277.933, 160
Trd, 000277.967, 148.0
Trd, 000278.283, 149
Trd, 000278.400, 142
Trd, 000279.050, 157
Trd, 000279.167, 151
Trd, 000280.033, 151
Trd, 000280.100, 155
Trd, 000280.133, 158
Trd, 000280.767, 158.0
Trd, 000280.900, 161.0
Trd, 000281.233, 160
Trd, 000281.650, 152
Trd, 000282.033, 150
Trd, 000283.117, 157
Trd, 000283.617, 151.0
Trd, 000283.967, 156
Trd, 000283.983, 157
Trd, 000284.350, 157
Trd, 000285.050, 158
Trd, 000285.367, 159.0
Trd, 000286.117, 159.0
Trd, 000286.483, 158.0
Trd, 000286.717, 152
Trd, 000287.183, 153
Trd, 000287.333, 148.0
Trd, 000288.183, 155
Trd, 000288.550, 154
Trd, 000288.750, 153
Trd, 000288.967, 148.0
Trd, 000290.050, 151
Trd, 000290.217, 152
Trd, 000290.383, 155
Trd, 000290.600, 158
Trd, 000291.700, 161.0
Trd, 000292.250, 159.0
Trd, 000292.783, 160.0
Trd, 000292.900, 161.0
Trd, 000293.533, 165.0
Trd, 000294.050, 158.0
Trd, 000294.100, 159
Trd, 000294.517, 160
Trd, 000295.050, 154
Trd, 000295.867, 153
Trd, 000296.083, 158
Trd, 000297.317, 154
Trd, 000297.583, 156
Trd, 000297.933, 153
Trd, 000298.117, 157
Trd, 000298.433, 151.0
Trd, 000298.633, 157
Trd, 000298.933, 152
Trd, 000299.167, 149.0
Trd, 000299.683, 156
