Trd, 000001.750, 163
Trd, 000002.183, 188
Trd, 000002.917, 168
Trd, 000003.567, 172
Trd, 000004.000, 167
Trd, 000004.633, 162.0
Trd, 000005.167, 134.0
Trd, 000006.400, 152
Trd, 000006.533, 159
Trd, 000006.800, 157
Trd, 000006.850, 151.0
Trd, 000006.867, 158.0
Trd, 000007.033, 161
Trd, 000007.867, 151.0
Trd, 000007.917, 162.0
Trd, 000008.050, 144.0
Trd, 000009.467, 162.0
Trd, 000009.700, 159
Trd, 000010.250, 158
Trd, 000010.617, 151.0
Trd, 000011.483, 150
Trd, 000011.500, 156
Trd, 000011.867, 130
Trd, 000012.050, 151
Trd, 000012.317, 142
Trd, 000012.900, 132
Trd, 000013.217, 150.0
Trd, 000013.350, 151.0
Trd, 000013.500, 162.0
Trd, 000013.700, 146
Trd, 000013.833, 176
Trd, 000015.500, 168.0
Trd, 000015.567, 172
Trd, 000016.250, 178
Trd, 000016.783, 157
Trd, 000017.567, 149.0
Trd, 000017.967, 144.0
Trd, 000018.500, 151.0
Trd, 000018.617, 157
Trd, 000018.850, 158.0
Trd, 000019.017, 136
Trd, 000019.117, 162.0
Trd, 000020.283, 175
Trd, 000020.917, 152
Trd, 000021.700, 155
Trd, 000022.417, 154
Trd, 000022.633, 160
Trd, 000022.833, 160
Trd, 000023.283, 160
Trd, 000023.533, 151.0
Trd, 000023.933, 130
Trd, 000024.567, 141
Trd, 000025.117, 140
Trd, 000026.367, 151.0
Trd, 000026.483, 151
Trd, 000026.833, 138
Trd, 000028.167, 156
Trd, 000029.117, 161.0
Trd, 000029.367, 152.0
Trd, 000029.817, 153
Trd, 000030.267, 160.0
Trd, 000030.317, 161.0
Trd, 000031.017, 152
Trd, 000031.350, 151.0
Trd, 000031.450, 159
Trd, 000031.517, 162.0
Trd, 000032.167, 152
Trd, 000033.133, 155
Trd, 000033.433, 151
Trd, 000033.900, 145.0
Trd, 000034.233, 144.0
Trd, 000034.567, 167
Trd, 000034.600, 146
Trd, 000034.917, 153
Trd, 000035.850, 155
Trd, 000036.567, 151.0
Trd, 000037.783, 159
Trd, 000038.517, 169
Trd, 000038.617, 162.0
Trd, 000038.733, 169
Trd, 000038.817, 151.0
Trd, 000039.467, 156
Trd, 000039.583, 156
Trd, 000040.150, 150
Trd, 000040.967, 147.0
Trd, 000041.000, 144.0
Trd, 000042.700, 150
Trd, 000043.117, 149.0
Trd, 000043.450, 147
Trd, 000043.667, 150.0
Trd, 000043.700, 151.0
Trd, 000043.783, 146
Trd, 000044.267, 144.0
Trd, 000044.700, 153
Trd, 000044.917, 156
Trd, 000045.250, 158.0
Trd, 000045.283, 136
Trd, 000047.550, 161.0
Trd, 000047.967, 162
Trd, 000047.983, 162.0
Trd, 000048.083, 145
Trd, 000049.317, 157
Trd, 000049.500, 148
Trd, 000049.583, 151.0
Trd, 000049.667, 135
Trd, 000050.167, 132
Trd, 000050.617, 150.0
Trd, 000050.833, 129
Trd, 000052.050, 151
Trd, 000052.083, 151.0
Trd, 000052.833, 158.0
Trd, 000052.883, 151.0
Trd, 000054.083, 150
Trd, 000054.400, 148
Trd, 000055.567, 147
Trd, 000055.633, 144.0
Trd, 000056.517, 149
Trd, 000056.917, 138
Trd, 000057.183, 137
Trd, 000057.400, 150
Trd, 000058.083, 150
Trd, 000058.617, 157.0
Trd, 000059.467, 151.0
Trd, 000059.650, 145
Trd, 000060.100, 147
Trd, 000061.650, 151.0
Trd, 000062.433, 150
Trd, 000063.033, 150
Trd, 000063.267, 148
Trd, 000063.750, 158.0
Trd, 000063.967, 152.0
Trd, 000064.217, 151.0
Trd, 000064.517, 144.0
Trd, 000064.950, 135
Trd, 000065.150, 159
Trd, 000065.333, 162.0
Trd, 000065.600, 168
Trd, 000066.267, 146
Trd, 000067.300, 171
Trd, 000067.333, 172
Trd, 000067.983, 169
Trd, 000068.600, 168
Trd, 000068.850, 155
Trd, 000068.967, 154
Trd, 000069.233, 162.0
Trd, 000069.750, 162
Trd, 000070.217, 155
Trd, 000071.000, 161
Trd, 000071.200, 170
Trd, 000071.217, 151.0
Trd, 000071.900, 149
Trd, 000072.183, 144.0
Trd, 000072.400, 151.0
Trd, 000072.950, 144.0
Trd, 000073.200, 168
Trd, 000074.100, 162.0
Trd, 000074.683, 162.0
Trd, 000075.433, 158
Trd, 000075.900, 154
Trd, 000075.917, 154
Trd, 000076.367, 152
Trd, 000076.650, 144.0
Trd, 000077.450, 159
Trd, 000077.883, 155
Trd, 000077.950, 134
Trd, 000078.200, 134.0
Trd, 000078.533, 146
Trd, 000078.550, 157
Trd, 000079.183, 158
Trd, 000079.350, 138
Trd, 000079.633, 162.0
Trd, 000080.733, 161
Trd, 000080.900, 151.0
Trd, 000082.233, 148
Trd, 000082.533, 144.0
Trd, 000083.467, 151.0
Trd, 000083.767, 151.0
Trd, 000084.117, 148
Trd, 000084.333, 151
Trd, 000084.733, 142
Trd, 000085.183, 144
Trd, 000085.817, 148
Trd, 000085.850, 144.0
Trd, 000086.050, 162.0
Trd, 000086.967, 163.0
Trd, 000087.150, 162.0
Trd, 000088.350, 153
Trd, 000088.950, 151.0
Trd, 000089.300, 147
Trd, 000089.817, 158
Trd, 000090.350, 158
Trd, 000091.017, 146
Trd, 000091.267, 158.0
Trd, 000091.383, 159
Trd, 000091.600, 162.0
Trd, 000091.750, 160
Trd, 000091.783, 168
Trd, 000091.850, 135
Trd, 000092.950, 171
Trd, 000093.100, 157
Trd, 000093.133, 155
Trd, 000094.100, 151.0
Trd, 000094.483, 154
Trd, 000095.350, 144.0
Trd, 000095.767, 151
Trd, 000096.533, 164
Trd, 000097.400, 151.0
Trd, 000098.133, 165
Trd, 000098.750, 147
Trd, 000099.883, 162.0
Trd, 000099.967, 152
Trd, 000100.317, 159
Trd, 000100.483, 153
Trd, 000100.833, 152
Trd, 000101.750, 157
Trd, 000101.867, 151.0
Trd, 000103.133, 160
Trd, 000104.050, 161.0
Trd, 000104.217, 152
Trd, 000104.467, 144.0
Trd, 000104.650, 136
Trd, 000105.083, 133
Trd, 000105.550, 157
Trd, 000105.700, 156
Trd, 000106.717, 158.0
Trd, 000106.883, 144.0
Trd, 000107.850, 154
Trd, 000107.883, 153
Trd, 000108.700, 152
Trd, 000108.783, 154
Trd, 000109.467, 149
Trd, 000110.317, 145
Trd, 000110.733, 146
Trd, 000110.850, 148
Trd, 000111.267, 151.0
Trd, 000111.550, 145
Trd, 000111.900, 135
Trd, 000112.133, 154
Trd, 000112.567, 144
Trd, 000112.950, 154
Trd, 000113.150, 158.0
Trd, 000113.467, 168
Trd, 000113.883, 151.0
Trd, 000114.033, 172.0
Trd, 000114.050, 174
Trd, 000114.333, 144.0
Trd, 000114.567, 135
Trd, 000114.967, 134.0
Trd, 000115.450, 137
Trd, 000116.317, 130
Trd, 000116.617, 143
Trd, 000116.967, 120.0
Trd, 000118.083, 136
Trd, 000118.350, 135
Trd, 000118.667, 144.0
Trd, 000118.783, 151.0
Trd, 000119.400, 157.0
Trd, 000119.450, 158.0
Trd, 000120.200, 155
Trd, 000120.250, 154
Trd, 000120.633, 151.0
Trd, 000121.033, 161.0
Trd, 000121.550, 162.0
Trd, 000122.067, 148
Trd, 000122.100, 146.0
Trd, 000122.617, 150.0
Trd, 000123.667, 151
Trd, 000124.017, 151.0
Trd, 000124.667, 160
Trd, 000125.433, 166
Trd, 000126.683, 175
Trd, 000127.033, 154.0
Trd, 000127.517, 151.0
Trd, 000127.867, 170
Trd, 000128.283, 153
Trd, 000128.633, 144.0
Trd, 000129.250, 152
Trd, 000129.417, 151.0
Trd, 000129.867, 158.0
Trd, 000129.950, 166
Trd, 000130.483, 167
Trd, 000130.717, 160
Trd, 000131.650, 151
Trd, 000132.650, 150
Trd, 000133.117, 145
Trd, 000133.550, 152
Trd, 000133.667, 175
Trd, 000134.267, 173
Trd, 000134.733, 163
Trd, 000134.867, 162.0
Trd, 000134.917, 165
Trd, 000135.817, 144.0
Trd, 000136.150, 150.0
Trd, 000136.167, 129
Trd, 000136.417, 151.0
Trd, 000136.783, 151.0
Trd, 000138.217, 140
Trd, 000138.333, 136
Trd, 000138.367, 153
Trd, 000139.617, 139
Trd, 000141.417, 147
Trd, 000141.517, 148
Trd, 000141.767, 149.0
Trd, 000142.600, 151.0
Trd, 000142.883, 157.0
Trd, 000143.050, 144
Trd, 000143.850, 144.0
Trd, 000144.483, 152
Trd, 000144.767, 161.0
Trd, 000145.183, 162.0
Trd, 000146.133, 153
Trd, 000146.200, 155
Trd, 000146.417, 169
Trd, 000146.817, 164
Trd, 000147.717, 153
Trd, 000148.100, 170
Trd, 000148.250, 152
Trd, 000149.050, 162
Trd, 000149.433, 162.0
Trd, 000149.750, 163
Trd, 000150.450, 164
Trd, 000150.467, 163
Trd, 000151.333, 151.0
Trd, 000152.217, 154
Trd, 000152.450, 151.0
Trd, 000152.633, 132
Trd, 000152.683, 150
Trd, 000152.800, 151
Trd, 000153.383, 144.0
Trd, 000153.400, 158
Trd, 000153.417, 160
Trd, 000155.400, 161
Trd, 000156.200, 166
Trd, 000156.650, 151.0
Trd, 000156.683, 147
Trd, 000157.350, 149
Trd, 000157.633, 144.0
Trd, 000157.717, 134
Trd, 000159.417, 150.0
Trd, 000159.867, 148
Trd, 000160.117, 151.0
Trd, 000160.533, 146
Trd, 000161.133, 158.0
Trd, 000161.167, 151.0
Trd, 000161.450, 167
Trd, 000161.967, 146
Trd, 000163.117, 167
Trd, 000163.200, 163.0
Trd, 000163.300, 162.0
Trd, 000164.083, 152
Trd, 000164.383, 153
Trd, 000164.767, 152
Trd, 000165.067, 158
Trd, 000165.117, 151.0
Trd, 000165.417, 167
Trd, 000165.833, 168
Trd, 000166.567, 150
Trd, 000167.250, 148
Trd, 000167.283, 151.0
Trd, 000167.533, 166
Trd, 000168.450, 162.0
Trd, 000169.450, 153
Trd, 000170.417, 152
Trd, 000171.617, 151
Trd, 000172.267, 149
Trd, 000172.367, 151.0
Trd, 000172.433, 152
Trd, 000172.550, 158.0
Trd, 000172.700, 144.0
Trd, 000173.517, 156
Trd, 000174.567, 156
Trd, 000176.017, 158.0
Trd, 000176.217, 158.0
Trd, 000176.367, 155
Trd, 000176.383, 160
Trd, 000176.850, 154
Trd, 000176.883, 161
Trd, 000177.633, 151
Trd, 000177.817, 144.0
Trd, 000178.133, 162.0
Trd, 000178.267, 130
Trd, 000178.283, 119
Trd, 000178.800, 162.0
Trd, 000179.383, 127
Trd, 000179.983, 143
Trd, 000180.683, 143
Trd, 000181.967, 150.0
Trd, 000182.167, 151.0
Trd, 000182.333, 158.0
Trd, 000182.417, 144.0
Trd, 000183.817, 164
Trd, 000184.200, 156
Trd, 000184.283, 154
Trd, 000184.483, 147
Trd, 000184.567, 164
Trd, 000184.800, 160
Trd, 000185.150, 147.0
Trd, 000186.650, 151.0
Trd, 000186.900, 149
Trd, 000187.183, 147
Trd, 000187.317, 148
Trd, 000187.617, 149
Trd, 000187.967, 151
Trd, 000188.250, 156.0
Trd, 000188.717, 145.0
Trd, 000189.700, 144.0
Trd, 000191.317, 145
Trd, 000191.367, 150
Trd, 000191.517, 151.0
Trd, 000192.033, 153
Trd, 000192.867, 144
Trd, 000193.033, 144.0
Trd, 000193.067, 144
Trd, 000193.150, 136
Trd, 000193.367, 165
Trd, 000193.933, 152
Trd, 000194.233, 152
Trd, 000194.600, 158.0
Trd, 000194.800, 145
Trd, 000195.450, 151.0
Trd, 000196.250, 151
Trd, 000197.850, 148
Trd, 000197.917, 149
Trd, 000197.933, 150
Trd, 000198.400, 151
Trd, 000198.617, 147
Trd, 000198.700, 146
Trd, 000199.717, 137
Trd, 000199.867, 135
Trd, 000199.900, 151
Trd, 000201.017, 151
Trd, 000202.483, 151.0
Trd, 000202.633, 157
Trd, 000203.567, 168
Trd, 000204.600, 183
Trd, 000204.817, 159
Trd, 000205.217, 182
Trd, 000205.350, 164
Trd, 000205.633, 152
Trd, 000205.767, 151.0
Trd, 000206.783, 145.0
Trd, 000207.183, 156
Trd, 000208.033, 155
Trd, 000208.183, 160
Trd, 000208.217, 162.0
Trd, 000208.583, 162
Trd, 000208.900, 151.0
Trd, 000210.217, 155
Trd, 000210.283, 159
Trd, 000210.317, 160
Trd, 000211.083, 161
Trd, 000211.200, 162.0
Trd, 000211.450, 144.0
Trd, 000212.500, 167
Trd, 000212.783, 158
Trd, 000212.967, 136
Trd, 000213.167, 165
Trd, 000214.317, 160
Trd, 000214.700, 163
Trd, 000214.767, 162.0
Trd, 000214.817, 154
Trd, 000215.367, 144.0
Trd, 000215.900, 148
Trd, 000215.967, 135
Trd, 000216.233, 163
Trd, 000216.600, 154
Trd, 000217.200, 151.0
Trd, 000217.217, 164
Trd, 000218.233, 134
Trd, 000218.567, 151.0
Trd, 000218.867, 134.0
Trd, 000219.300, 150
Trd, 000220.367, 149
Trd, 000220.417, 145
Trd, 000221.200, 147
Trd, 000221.433, 143
Trd, 000221.783, 148
Trd, 000221.833, 143
Trd, 000222.183, 158.0
Trd, 000222.950, 146
Trd, 000223.150, 153
Trd, 000223.950, 162.0
Trd, 000224.267, 153.0
Trd, 000225.133, 151.0
Trd, 000225.400, 151
Trd, 000226.583, 151
Trd, 000226.650, 156
Trd, 000227.067, 151
Trd, 000227.667, 149
Trd, 000228.383, 160.0
Trd, 000228.917, 145
Trd, 000229.300, 144.0
Trd, 000229.550, 139
Trd, 000230.617, 134.0
Trd, 000231.350, 150
Trd, 000231.583, 151.0
Trd, 000232.083, 160.0
Trd, 000232.200, 144
Trd, 000233.267, 144.0
Trd, 000233.483, 136
Trd, 000233.967, 155
Trd, 000234.467, 162.0
Trd, 000234.483, 144.0
Trd, 000235.200, 153
Trd, 000236.067, 152.0
Trd, 000236.583, 161
Trd, 000236.650, 151.0
Trd, 000236.750, 162
Trd, 000237.050, 148
Trd, 000237.333, 135
Trd, 000237.467, 134
Trd, 000239.400, 140
Trd, 000239.483, 160
Trd, 000240.533, 164.0
Trd, 000240.600, 162.0
Trd, 000241.033, 165
Trd, 000241.067, 164
Trd, 000241.200, 163
Trd, 000241.233, 162
Trd, 000241.383, 160
Trd, 000241.533, 148.0
Trd, 000242.133, 158
Trd, 000242.333, 151.0
Trd, 000242.783, 159
Trd, 000242.867, 161
Trd, 000243.467, 147
Trd, 000243.600, 156.0
Trd, 000244.017, 142.0
Trd, 000244.267, 148.0
Trd, 000244.600, 144.0
Trd, 000245.000, 147.0
Trd, 000245.400, 148
Trd, 000245.967, 149
Trd, 000246.767, 144
Trd, 000246.850, 144.0
Trd, 000247.033, 148.0
Trd, 000247.933, 151.0
Trd, 000248.117, 155.0
Trd, 000248.283, 145.0
Trd, 000248.850, 147.0
Trd, 000249.133, 158.0
Trd, 000249.900, 151.0
Trd, 000250.450, 159.0
Trd, 000251.433, 151.0
Trd, 000251.833, 150
Trd, 000251.867, 156.0
Trd, 000251.917, 148.0
Trd, 000252.300, 149
Trd, 000252.317, 153
Trd, 000252.800, 144.0
Trd, 000253.300, 151
Trd, 000253.650, 151.0
Trd, 000253.733, 136
Trd, 000254.100, 162.0
Trd, 000254.817, 143
Trd, 000255.417, 153
Trd, 000255.833, 144
Trd, 000255.933, 146
Trd, 000256.233, 152
Trd, 000256.633, 158.0
Trd, 000257.200, 145.0
Trd, 000258.533, 156.0
Trd, 000259.267, 154
Trd, 000259.733, 154.0
Trd, 000259.933, 155.0
Trd, 000260.217, 151
Trd, 000260.667, 150
Trd, 000260.850, 150
Trd, 000260.950, 144.0
Trd, 000261.567, 147.0
Trd, 000262.133, 135
Trd, 000262.700, 151.0
Trd, 000263.500, 150
Trd, 000263.733, 147
Trd, 000264.067, 144.0
Trd, 000264.217, 148
Trd, 000264.900, 154.0
Trd, 000265.200, 151.0
Trd, 000265.483, 151
Trd, 000265.567, 155.0
Trd, 000267.217, 153.0
Trd, 000267.717, 158.0
Trd, 000268.167, 157.0
Trd, 000268.217, 153.0
Trd, 000268.450, 161.0
Trd, 000269.483, 152
Trd, 000269.900, 162.0
Trd, 000269.967, 152
Trd, 000270.083, 150
Trd, 000270.733, 157.0
Trd, 000270.850, 156
Trd, 000271.250, 152.0
Trd, 000271.383, 151.0
Trd, 000271.417, 153.0
Trd, 000272.083, 150
Trd, 000272.217, 149
Trd, 000272.383, 148.0
Trd, 000272.717, 148
Trd, 000272.733, 149
Trd, 000273.767, 158.0
Trd, 000274.450, 153
Trd, 000275.283, 148.0
Trd, 000276.033, 164.0
Trd, 000277.283, 150
Trd, 000277.350, 150
Trd, 000277.600, 162.0
Trd, 000277.750, 151.0
Trd, 000277.867, 149
Trd, 000278.183, 149.0
Trd, 000278.317, 148.0
Trd, 000278.867, 150
Trd, 000279.267, 155.0
Trd, 000279.333, 144.0
Trd, 000279.400, 158.0
Trd, 000280.500, 151.0
Trd, 000281.183, 162.0
Trd, 000281.300, 157.0
Trd, 000281.800, 141.0
Trd, 000282.583, 140
Trd, 000282.600, 143.0
Trd, 000282.733, 136
Trd, 000282.900, 144.0
Trd, 000283.100, 134.0
Trd, 000283.450, 144.0
Trd, 000283.533, 149
Trd, 000283.683, 129
Trd, 000284.150, 150
Trd, 000284.633, 162.0
Trd, 000284.667, 163.0
Trd, 000285.217, 151.0
Trd, 000285.883, 141
Trd, 000285.950, 140
Trd, 000285.967, 142.0
Trd, 000286.467, 152.0
Trd, 000286.717, 141.0
Trd, 000286.800, 136
Trd, 000287.817, 153
Trd, 000287.900, 143
Trd, 000287.983, 148.0
Trd, 000288.217, 154
Trd, 000288.383, 142
Trd, 000288.900, 144.0
Trd, 000289.217, 145.0
Trd, 000289.600, 155.0
Trd, 000290.183, 158.0
Trd, 000290.367, 168
Trd, 000290.667, 156.0
Trd, 000291.067, 165
Trd, 000291.533, 168
Trd, 000291.600, 169.0
Trd, 000292.017, 162.0
Trd, 000292.033, 169.0
Trd, 000292.500, 148.0
Trd, 000293.283, 150.0
Trd, 000293.333, 151.0
Trd, 000294.250, 150
Trd, 000294.400, 141.0
Trd, 000294.800, 136
Trd, 000295.117, 151
Trd, 000295.167, 155.0
Trd, 000295.967, 158.0
Trd, 000296.150, 148.0
Trd, 000297.500, 149
Trd, 000297.967, 151.0
Trd, 000298.517, 155
Trd, 000298.917, 160
Trd, 000299.600, 160.0
Trd, 000299.867, 157
