Trd, 000002.683, 156
Trd, 000002.767, 161
Trd, 000003.633, 149
Trd, 000003.650, 141.0
Trd, 000004.183, 138
Trd, 000004.200, 148
Trd, 000005.233, 171
Trd, 000005.817, 143
Trd, 000006.067, 148.0
Trd, 000006.533, 145
Trd, 000006.950, 144
Trd, 000008.833, 142.0
Trd, 000009.100, 142
Trd, 000009.283, 143
Trd, 000009.350, 142.0
Trd, 000009.750, 143
Trd, 000010.233, 143.0
Trd, 000010.533, 148.0
Trd, 000011.017, 145
Trd, 000011.350, 143.0
Trd, 000012.233, 144
Trd, 000013.483, 144
Trd, 000013.750, 145
Trd, 000013.950, 146
Trd, 000014.333, 147
Trd, 000014.483, 143
Trd, 000015.017, 147.0
Trd, 000015.383, 148.0
Trd, 000017.500, 147
Trd, 000017.600, 144
Trd, 000018.567, 146
Trd, 000018.867, 145
Trd, 000019.267, 146
Trd, 000019.583, 146
Trd, 000020.950, 144.0
Trd, 000022.000, 144
Trd, 000022.750, 144
Trd, 000022.767, 145
Trd, 000022.967, 146
Trd, 000023.250, 144
Trd, 000023.383, 145
Trd, 000023.683, 145
Trd, 000024.167, 146
Trd, 000024.467, 146
Trd, 000024.650, 145
Trd, 000025.717, 146
Trd, 000026.533, 147.0
Trd, 000026.550, 147
Trd, 000026.833, 147
Trd, 000027.750, 147.0
Trd, 000027.767, 148.0
Trd, 000028.233, 148
Trd, 000028.717, 152
Trd, 000029.583, 179.0
Trd, 000029.817, 155
Trd, 000030.017, 180.0
Trd, 000030.883, 150
Trd, 000031.600, 150
Trd, 000032.450, 164
Trd, 000032.767, 158
Trd, 000033.400, 157
Trd, 000033.533, 144.0
Trd, 000035.217, 151
Trd, 000035.733, 151
Trd, 000036.450, 149
Trd, 000036.817, 148.0
Trd, 000037.667, 146
Trd, 000038.417, 145
Trd, 000038.600, 144
Trd, 000039.767, 145
Trd, 000040.817, 142
Trd, 000041.250, 142
Trd, 000041.333, 143
Trd, 000041.567, 142.0
Trd, 000041.650, 143
Trd, 000041.833, 143
Trd, 000042.500, 142.0
Trd, 000043.333, 142
Trd, 000043.550, 142
Trd, 000043.583, 141.0
Trd, 000043.650, 141
Trd, 000044.417, 140
Trd, 000044.533, 143
Trd, 000044.700, 148.0
Trd, 000045.133, 179.0
Trd, 000046.967, 140.0
Trd, 000048.050, 140
Trd, 000048.833, 141.0
Trd, 000049.033, 148.0
Trd, 000049.483, 148
Trd, 000050.300, 145
Trd, 000050.450, 146
Trd, 000050.833, 145
Trd, 000050.917, 146
Trd, 000051.600, 144
Trd, 000051.883, 144
Trd, 000052.033, 143
Trd, 000052.383, 142
Trd, 000052.400, 141.0
Trd, 000052.850, 179.0
Trd, 000054.050, 142
Trd, 000055.233, 146
Trd, 000055.367, 146
Trd, 000056.383, 146
Trd, 000056.450, 147
Trd, 000056.683, 148
Trd, 000056.817, 145
Trd, 000057.883, 145
Trd, 000059.433, 144
Trd, 000059.700, 143
Trd, 000059.933, 146
Trd, 000060.067, 145
Trd, 000060.083, 144
Trd, 000060.250, 145
Trd, 000061.733, 144.0
Trd, 000061.800, 146.0
Trd, 000062.800, 143.0
Trd, 000062.933, 142
Trd, 000063.350, 146
Trd, 000063.483, 146
Trd, 000063.550, 148.0
Trd, 000064.133, 157
Trd, 000064.583, 152
Trd, 000065.367, 148.0
Trd, 000065.467, 149
Trd, 000066.700, 148.0
Trd, 000067.600, 147.0
Trd, 000067.700, 148
Trd, 000069.083, 148
Trd, 000069.350, 147
Trd, 000069.500, 148
Trd, 000069.617, 148.0
Trd, 000070.333, 148
Trd, 000070.800, 147
Trd, 000071.017, 149
Trd, 000071.800, 148
Trd, 000072.317, 149
Trd, 000072.617, 148
Trd, 000073.217, 148
Trd, 000073.633, 147
Trd, 000074.017, 144.0
Trd, 000074.083, 148
Trd, 000074.117, 148
Trd, 000075.133, 141.0
Trd, 000076.317, 147
Trd, 000077.367, 142
Trd, 000077.833, 146
Trd, 000078.333, 147
Trd, 000079.200, 147
Trd, 000080.250, 148.0
Trd, 000080.283, 147
Trd, 000081.033, 145
Trd, 000081.183, 146
Trd, 000082.083, 144.0
Trd, 000082.683, 142
Trd, 000083.217, 145
Trd, 000083.500, 145
Trd, 000083.550, 141.0
Trd, 000083.650, 148
Trd, 000083.983, 146
Trd, 000084.133, 146
Trd, 000084.783, 147
Trd, 000085.900, 145
Trd, 000087.150, 147
Trd, 000088.450, 146
Trd, 000088.483, 144.0
Trd, 000088.867, 145
Trd, 000089.083, 146
Trd, 000089.833, 145
Trd, 000090.117, 145
Trd, 000091.417, 145
Trd, 000091.967, 145
Trd, 000093.050, 141.0
Trd, 000093.733, 142
Trd, 000093.867, 143
Trd, 000094.083, 141
Trd, 000094.683, 143
Trd, 000094.717, 143
Trd, 000095.483, 141
Trd, 000096.817, 141
Trd, 000096.833, 143
Trd, 000097.417, 148.0
Trd, 000097.917, 143
Trd, 000098.100, 143
Trd, 000098.317, 144
Trd, 000098.450, 148.0
Trd, 000100.100, 145
Trd, 000100.150, 147
Trd, 000100.900, 144
Trd, 000101.367, 146
Trd, 000101.383, 148
Trd, 000102.333, 149
Trd, 000103.050, 148
Trd, 000103.383, 152
Trd, 000103.600, 172
Trd, 000103.650, 176.0
Trd, 000103.817, 148.0
Trd, 000104.333, 144.0
Trd, 000105.150, 148
Trd, 000105.433, 146
Trd, 000105.567, 149
Trd, 000106.583, 148
Trd, 000106.850, 148
Trd, 000107.067, 147
Trd, 000107.750, 146
Trd, 000107.767, 147
Trd, 000108.083, 141.0
Trd, 000110.617, 142.0
Trd, 000110.717, 143
Trd, 000111.100, 143
Trd, 000111.750, 144
Trd, 000112.283, 146
Trd, 000112.433, 148.0
Trd, 000113.050, 147
Trd, 000113.283, 153
Trd, 000113.867, 160
Trd, 000114.217, 161
Trd, 000114.683, 156
Trd, 000114.883, 175
Trd, 000115.350, 171
Trd, 000116.933, 160
Trd, 000117.817, 156
Trd, 000117.883, 157
Trd, 000118.733, 156
Trd, 000119.117, 156
Trd, 000119.350, 144.0
Trd, 000120.150, 148
Trd, 000120.317, 150
Trd, 000121.250, 148
Trd, 000121.517, 148
Trd, 000121.817, 148
Trd, 000121.850, 148.0
Trd, 000123.083, 160
Trd, 000123.283, 144
Trd, 000124.150, 147
Trd, 000125.300, 143
Trd, 000125.417, 144
Trd, 000125.483, 144
Trd, 000125.983, 144
Trd, 000126.967, 145
Trd, 000127.000, 145
Trd, 000127.833, 156
Trd, 000128.517, 149
Trd, 000129.150, 145.0
Trd, 000130.717, 146
Trd, 000130.800, 147
Trd, 000131.367, 146
Trd, 000131.700, 148
Trd, 000132.433, 146
Trd, 000132.467, 149
Trd, 000132.867, 145
Trd, 000133.583, 147
Trd, 000133.700, 147
Trd, 000134.050, 146
Trd, 000134.750, 147
Trd, 000136.217, 146
Trd, 000137.000, 147
Trd, 000137.233, 146
Trd, 000137.517, 144.0
Trd, 000137.983, 145
Trd, 000138.350, 145
Trd, 000138.383, 146
Trd, 000139.000, 143
Trd, 000139.650, 146
Trd, 000139.850, 147.0
Trd, 000141.767, 145
Trd, 000141.783, 147.0
Trd, 000142.500, 147
Trd, 000144.300, 147
Trd, 000144.717, 143
Trd, 000145.900, 143
Trd, 000146.017, 142
Trd, 000146.067, 142
Trd, 000146.650, 143
Trd, 000146.917, 142.0
Trd, 000147.000, 143
Trd, 000147.033, 143
Trd, 000147.667, 143
Trd, 000148.117, 144
Trd, 000148.133, 148.0
Trd, 000149.217, 153
Trd, 000150.033, 151
Trd, 000150.083, 148.0
Trd, 000150.300, 144.0
Trd, 000151.383, 149
Trd, 000151.683, 177
Trd, 000151.833, 154
Trd, 000152.750, 167
Trd, 000153.250, 158
Trd, 000154.383, 178.0
Trd, 000154.667, 148.0
Trd, 000156.933, 155
Trd, 000157.033, 154
Trd, 000158.117, 150
Trd, 000158.917, 150
Trd, 000159.267, 145.0
Trd, 000159.967, 147
Trd, 000160.067, 146
Trd, 000160.167, 148
Trd, 000160.500, 148
Trd, 000160.817, 148
Trd, 000161.300, 148.0
Trd, 000161.783, 173
Trd, 000162.733, 164
Trd, 000163.783, 174.0
Trd, 000164.500, 166
Trd, 000164.567, 164
Trd, 000164.750, 161
Trd, 000164.817, 162
Trd, 000164.967, 160
Trd, 000165.483, 156
Trd, 000165.950, 161
Trd, 000166.717, 154
Trd, 000167.133, 156
Trd, 000168.550, 154
Trd, 000168.767, 155
Trd, 000168.967, 149.0
Trd, 000169.483, 148.0
Trd, 000169.550, 144.0
Trd, 000170.933, 148
Trd, 000171.367, 148
Trd, 000171.917, 145
Trd, 000172.500, 144.0
Trd, 000172.683, 144
Trd, 000172.867, 144
Trd, 000173.117, 148.0
Trd, 000173.483, 144
Trd, 000173.800, 146
Trd, 000174.633, 147
Trd, 000175.683, 146
Trd, 000175.750, 147
Trd, 000177.233, 147
Trd, 000177.350, 148
Trd, 000177.600, 148.0
Trd, 000177.650, 146
Trd, 000178.117, 145
Trd, 000178.133, 147
Trd, 000178.917, 148
Trd, 000179.333, 148
Trd, 000179.483, 149
Trd, 000180.683, 146
Trd, 000182.033, 145
Trd, 000183.000, 146
Trd, 000183.683, 147
Trd, 000183.717, 144
Trd, 000183.817, 147
Trd, 000184.050, 143
Trd, 000184.217, 147
Trd, 000185.950, 147
Trd, 000186.567, 144
Trd, 000186.933, 142
Trd, 000187.100, 144
Trd, 000187.917, 143
Trd, 000188.550, 143
Trd, 000189.050, 144
Trd, 000189.250, 145
Trd, 000189.717, 143
Trd, 000190.200, 144
Trd, 000190.267, 141.0
Trd, 000190.700, 146
Trd, 000191.600, 144
Trd, 000191.633, 146
Trd, 000192.683, 145
Trd, 000193.717, 145
Trd, 000194.283, 145
Trd, 000194.367, 146
Trd, 000194.983, 148.0
Trd, 000195.833, 146
Trd, 000196.033, 147
Trd, 000196.250, 145.0
Trd, 000196.467, 148
Trd, 000197.117, 146
Trd, 000197.417, 148
Trd, 000198.500, 146
Trd, 000198.567, 146.0
Trd, 000198.700, 174
Trd, 000199.233, 153
Trd, 000201.950, 152
Trd, 000202.100, 153
Trd, 000203.233, 152
Trd, 000203.683, 150
Trd, 000204.500, 151
Trd, 000204.733, 153
Trd, 000204.850, 153
Trd, 000205.300, 150
Trd, 000205.567, 153
Trd, 000205.783, 149
Trd, 000207.267, 148.0
Trd, 000208.283, 150
Trd, 000208.367, 148
Trd, 000208.600, 149
Trd, 000208.683, 148
Trd, 000209.833, 146
Trd, 000209.967, 145
Trd, 000210.033, 146
Trd, 000210.183, 144.0
Trd, 000210.550, 146
Trd, 000211.000, 143
Trd, 000212.850, 143
Trd, 000212.967, 141.0
Trd, 000214.383, 146
Trd, 000214.517, 146
Trd, 000214.800, 140
Trd, 000215.167, 145
Trd, 000215.650, 139
Trd, 000216.767, 136
Trd, 000217.000, 137
Trd, 000217.150, 137
Trd, 000218.100, 137
Trd, 000218.183, 137
Trd, 000218.567, 140
Trd, 000218.717, 141
Trd, 000218.883, 148.0
Trd, 000220.633, 142
Trd, 000220.783, 143
Trd, 000221.050, 143
Trd, 000221.350, 144
Trd, 000221.433, 145
Trd, 000221.967, 177.0
Trd, 000222.450, 148.0
Trd, 000222.867, 150
Trd, 000224.183, 149
Trd, 000224.550, 149
Trd, 000225.150, 148
Trd, 000225.983, 151
Trd, 000226.550, 150
Trd, 000226.600, 146
Trd, 000227.267, 144
Trd, 000229.867, 147
Trd, 000230.583, 147
Trd, 000230.667, 147
Trd, 000231.000, 147
Trd, 000231.150, 146
Trd, 000231.467, 146
Trd, 000231.817, 147
Trd, 000231.883, 144.0
Trd, 000232.350, 146
Trd, 000233.417, 143
Trd, 000233.700, 144
Trd, 000234.483, 141.0
Trd, 000234.650, 143
Trd, 000234.817, 143
Trd, 000235.317, 141
Trd, 000235.767, 146
Trd, 000236.167, 145
Trd, 000236.283, 179.0
Trd, 000236.483, 145
Trd, 000236.833, 148.0
Trd, 000236.900, 182.0
Trd, 000236.983, 144
Trd, 000238.350, 162
Trd, 000238.900, 151
Trd, 000239.183, 157
Trd, 000240.333, 153
Trd, 000240.717, 150
Trd, 000240.867, 154
Trd, 000242.150, 151
Trd, 000242.250, 149
Trd, 000242.533, 151.0
Trd, 000242.583, 152
Trd, 000243.200, 154
Trd, 000244.033, 151
Trd, 000244.117, 148.0
Trd, 000244.383, 150
Trd, 000245.383, 151
Trd, 000245.617, 151
Trd, 000246.217, 150
Trd, 000246.300, 149
Trd, 000246.317, 152
Trd, 000246.617, 148.0
Trd, 000247.467, 148
Trd, 000247.700, 150
Trd, 000248.167, 148.0
Trd, 000248.383, 149
Trd, 000249.383, 147
Trd, 000249.617, 146
Trd, 000250.350, 146
Trd, 000250.400, 148.0
Trd, 000250.800, 149
Trd, 000251.000, 149
Trd, 000251.017, 150
Trd, 000251.283, 157.0
Trd, 000253.217, 152
Trd, 000253.500, 158.0
Trd, 000254.350, 150
Trd, 000254.867, 153
Trd, 000255.200, 149
Trd, 000255.250, 156.0
Trd, 000255.500, 157.0
Trd, 000256.350, 152
Trd, 000256.517, 152
Trd, 000256.567, 150
Trd, 000256.900, 149
Trd, 000257.633, 148.0
Trd, 000258.283, 149
Trd, 000258.333, 150
Trd, 000259.367, 148.0
Trd, 000260.150, 148
Trd, 000260.383, 148
Trd, 000260.433, 147
Trd, 000260.533, 148
Trd, 000260.550, 149
Trd, 000260.833, 149
Trd, 000261.267, 147
Trd, 000262.400, 162.0
Trd, 000262.967, 157
Trd, 000263.867, 160
Trd, 000263.950, 160
Trd, 000264.150, 162.0
Trd, 000264.300, 159
Trd, 000264.600, 159
Trd, 000264.617, 163
Trd, 000265.800, 160
Trd, 000266.300, 158
Trd, 000266.750, 155
Trd, 000268.167, 153
Trd, 000268.583, 153
Trd, 000269.383, 150
Trd, 000269.500, 148.0
Trd, 000270.717, 152
Trd, 000270.800, 153
Trd, 000271.617, 150
Trd, 000271.717, 151
Trd, 000271.900, 151
Trd, 000272.050, 148.0
Trd, 000272.583, 152
Trd, 000272.700, 146
Trd, 000272.733, 151
Trd, 000273.450, 147
Trd, 000273.967, 151
Trd, 000274.767, 151
Trd, 000275.050, 147
Trd, 000275.483, 148.0
Trd, 000275.583, 151
Trd, 000275.733, 151
Trd, 000276.283, 151
Trd, 000276.667, 152
Trd, 000276.717, 157.0
Trd, 000277.533, 158.0
Trd, 000277.883, 165.0
Trd, 000277.917, 150
Trd, 000278.017, 148.0
Trd, 000280.100, 156
Trd, 000280.717, 156
Trd, 000281.167, 153
Trd, 000281.600, 152
Trd, 000281.667, 155
Trd, 000282.350, 152
Trd, 000282.850, 150
Trd, 000283.533, 150
Trd, 000283.650, 151
Trd, 000283.667, 153
Trd, 000284.017, 148.0
Trd, 000284.233, 150
Trd, 000284.383, 144.0
Trd, 000284.683, 150
Trd, 000286.067, 144
Trd, 000286.617, 144
Trd, 000287.033, 150
Trd, 000288.250, 150
Trd, 000288.783, 151
Trd, 000289.250, 158.0
Trd, 000289.650, 162.0
Trd, 000289.867, 165.0
Trd, 000289.950, 160
Trd, 000290.100, 156
Trd, 000291.350, 153
Trd, 000291.533, 153
Trd, 000291.667, 150
Trd, 000292.167, 150
Trd, 000292.567, 149
Trd, 000292.950, 147
Trd, 000294.567, 145.0
Trd, 000294.667, 144.0
Trd, 000294.750, 148.0
Trd, 000295.033, 148
Trd, 000295.417, 144
Trd, 000295.450, 147
Trd, 000297.667, 145
Trd, 000297.800, 144.0
Trd, 000297.900, 146
Trd, 000298.167, 146
Trd, 000298.700, 145
Trd, 000298.983, 144
Trd, 000299.950, 145
