Trd, 000003.817, 131
Trd, 000004.033, 130
Trd, 000004.200, 155.0
Trd, 000004.483, 148.0
Trd, 000005.717, 143
Trd, 000006.283, 141
Trd, 000006.783, 154
Trd, 000006.950, 144
Trd, 000007.083, 143
Trd, 000007.200, 157
Trd, 000007.450, 148.0
Trd, 000008.667, 148
Trd, 000010.767, 153
Trd, 000011.150, 150
Trd, 000011.833, 149
Trd, 000012.083, 148
Trd, 000012.900, 155
Trd, 000013.700, 155
Trd, 000013.850, 152
Trd, 000014.100, 151
Trd, 000014.333, 149.0
Trd, 000015.283, 149.0
Trd, 000015.533, 151
Trd, 000015.950, 151
Trd, 000016.217, 152
Trd, 000016.383, 147
Trd, 000016.500, 148.0
Trd, 000017.250, 126
Trd, 000017.617, 156
Trd, 000017.950, 144
Trd, 000018.183, 159
Trd, 000019.217, 161
Trd, 000020.900, 152
Trd, 000022.283, 157
Trd, 000022.850, 156
Trd, 000023.033, 157
Trd, 000023.417, 157
Trd, 000023.683, 158
Trd, 000023.800, 156
Trd, 000023.867, 161
Trd, 000024.333, 156
Trd, 000024.433, 153
Trd, 000024.500, 148.0
Trd, 000024.983, 143
Trd, 000025.067, 122
Trd, 000025.800, 160
Trd, 000026.217, 136
Trd, 000026.550, 162
Trd, 000026.950, 135
Trd, 000027.500, 159
Trd, 000028.767, 131
Trd, 000029.083, 130
Trd, 000031.450, 152.0
Trd, 000032.583, 155
Trd, 000033.000, 154
Trd, 000033.583, 154
Trd, 000033.683, 154.0
Trd, 000033.733, 153
Trd, 000034.550, 151
Trd, 000035.000, 154.0
Trd, 000035.083, 153
Trd, 000035.217, 148.0
Trd, 000036.183, 154.0
Trd, 000037.267, 146
Trd, 000037.367, 142
Trd, 000037.483, 147
Trd, 000039.567, 149.0
Trd, 000039.683, 150.0
Trd, 000039.850, 145
Trd, 000040.917, 149.0
Trd, 000040.950, 155.0
Trd, 000041.067, 148.0
Trd, 000041.317, 143
Trd, 000041.367, 126
Trd, 000043.650, 157
Trd, 000044.067, 148.0
Trd, 000044.267, 144
Trd, 000044.633, 157
Trd, 000045.083, 145
Trd, 000045.667, 156
Trd, 000045.800, 149
Trd, 000046.233, 157
Trd, 000046.367, 150
Trd, 000046.550, 148
Trd, 000046.983, 158
Trd, 000047.317, 148
Trd, 000048.150, 161
Trd, 000048.367, 160
Trd, 000048.500, 159
Trd, 000049.900, 155
Trd, 000050.133, 154
Trd, 000050.400, 160
Trd, 000051.667, 152.0
Trd, 000051.883, 152.0
Trd, 000053.450, 152
Trd, 000054.083, 154
Trd, 000054.217, 154
Trd, 000054.233, 153.0
Trd, 000055.067, 155.0
Trd, 000055.733, 157
Trd, 000055.900, 156
Trd, 000056.850, 149.0
Trd, 000057.883, 156
Trd, 000058.550, 158
Trd, 000058.633, 146
Trd, 000059.383, 152.0
Trd, 000059.717, 156
Trd, 000060.017, 151.0
Trd, 000060.067, 148.0
Trd, 000061.167, 149
Trd, 000061.767, 144
Trd, 000062.217, 143
Trd, 000062.867, 149
Trd, 000063.583, 153.0
Trd, 000063.667, 155.0
Trd, 000064.317, 154
Trd, 000064.950, 156
Trd, 000065.617, 158
Trd, 000066.017, 162
Trd, 000066.367, 152
Trd, 000066.617, 160
Trd, 000066.667, 151
Trd, 000067.567, 154.0
Trd, 000067.617, 174.0
Trd, 000068.150, 155.0
Trd, 000068.183, 154.0
Trd, 000068.817, 165
Trd, 000071.267, 174.0
Trd, 000071.517, 174.0
Trd, 000071.950, 174.0
Trd, 000072.200, 173.0
Trd, 000072.550, 173.0
Trd, 000072.733, 173.0
Trd, 000073.433, 172.0
Trd, 000074.767, 161
Trd, 000076.000, 151
Trd, 000076.517, 148.0
Trd, 000077.050, 159
Trd, 000078.650, 148
Trd, 000078.900, 147
Trd, 000079.267, 150
Trd, 000080.233, 152
Trd, 000080.300, 151
Trd, 000080.600, 152
Trd, 000080.867, 152
Trd, 000081.067, 155.0
Trd, 000081.467, 152
Trd, 000082.567, 151
Trd, 000082.817, 144
Trd, 000082.900, 145
Trd, 000083.800, 152.0
Trd, 000084.333, 145
Trd, 000084.483, 155.0
Trd, 000085.200, 145
Trd, 000085.750, 158
Trd, 000087.883, 153.0
Trd, 000088.050, 150.0
Trd, 000088.083, 143
Trd, 000089.133, 153
Trd, 000089.433, 153
Trd, 000089.700, 152
Trd, 000090.700, 151
Trd, 000090.817, 153
Trd, 000090.883, 148.0
Trd, 000091.650, 156
Trd, 000093.150, 151
Trd, 000093.567, 151
Trd, 000094.217, 151
Trd, 000094.883, 151
Trd, 000094.933, 153
Trd, 000095.383, 155
Trd, 000096.217, 150
Trd, 000097.167, 155.0
Trd, 000097.433, 151
Trd, 000098.183, 149
Trd, 000098.750, 149.0
Trd, 000099.783, 148.0
Trd, 000099.850, 154
Trd, 000100.517, 148
Trd, 000101.400, 152
Trd, 000101.767, 148
Trd, 000102.883, 150
Trd, 000102.917, 155.0
Trd, 000103.300, 148
Trd, 000103.433, 148
Trd, 000104.600, 150
Trd, 000105.467, 149
Trd, 000106.383, 151
Trd, 000106.700, 148
Trd, 000107.050, 148.0
Trd, 000107.067, 143
Trd, 000107.233, 133
Trd, 000107.817, 155.0
Trd, 000108.650, 157
Trd, 000108.917, 158
Trd, 000110.950, 152.0
Trd, 000111.217, 148.0
Trd, 000112.567, 150
Trd, 000112.583, 148
Trd, 000112.717, 151
Trd, 000113.300, 162
Trd, 000115.900, 155
Trd, 000116.317, 156
Trd, 000116.617, 154
Trd, 000116.967, 155
Trd, 000118.350, 153.0
Trd, 000118.800, 152.0
Trd, 000118.967, 153
Trd, 000119.400, 154.0
Trd, 000119.550, 155.0
Trd, 000120.083, 152.0
Trd, 000120.183, 149.0
Trd, 000120.250, 153
Trd, 000121.233, 152
Trd, 000121.900, 148.0
Trd, 000122.433, 143
Trd, 000123.700, 151
Trd, 000124.017, 149.0
Trd, 000125.200, 148.0
Trd, 000125.817, 153
Trd, 000126.767, 152
Trd, 000126.967, 149
Trd, 000127.367, 149
Trd, 000127.417, 155.0
Trd, 000127.517, 149
Trd, 000128.167, 157
Trd, 000129.617, 158
Trd, 000130.167, 149
Trd, 000130.533, 160
Trd, 000130.667, 161
Trd, 000131.200, 162
Trd, 000131.883, 151.0
Trd, 000132.933, 157
Trd, 000133.117, 156.0
Trd, 000133.483, 155.0
Trd, 000134.583, 153
Trd, 000135.683, 155.0
Trd, 000136.817, 144
Trd, 000137.000, 148.0
Trd, 000137.100, 149
Trd, 000138.567, 148
Trd, 000138.850, 148
Trd, 000138.867, 145
Trd, 000138.900, 160
Trd, 000139.000, 142
Trd, 000139.550, 146
Trd, 000140.600, 145
Trd, 000141.117, 145
Trd, 000141.783, 157
Trd, 000142.383, 158
Trd, 000142.667, 159
Trd, 000143.150, 163
Trd, 000143.517, 168
Trd, 000143.583, 155
Trd, 000144.067, 150
Trd, 000144.167, 174.0
Trd, 000145.050, 163
Trd, 000146.600, 158
Trd, 000146.633, 149
Trd, 000147.717, 151.0
Trd, 000148.333, 157
Trd, 000148.650, 154.0
Trd, 000148.867, 158
Trd, 000148.967, 159
Trd, 000149.883, 157.0
Trd, 000149.967, 152
Trd, 000150.683, 151.0
Trd, 000150.733, 159
Trd, 000152.050, 148.0
Trd, 000152.217, 144
Trd, 000152.333, 162
Trd, 000153.917, 154
Trd, 000154.150, 148
Trd, 000155.017, 153
Trd, 000155.100, 149.0
Trd, 000156.500, 154.0
Trd, 000156.850, 155.0
Trd, 000157.133, 149
Trd, 000157.567, 162
Trd, 000158.633, 150.0
Trd, 000159.717, 153
Trd, 000159.867, 155
Trd, 000160.283, 154.0
Trd, 000160.300, 153.0
Trd, 000161.350, 155.0
Trd, 000161.533, 148.0
Trd, 000162.150, 158
Trd, 000163.817, 150
Trd, 000165.250, 156
Trd, 000165.567, 157
Trd, 000166.650, 158
Trd, 000167.367, 161
Trd, 000167.867, 159
Trd, 000168.700, 159
Trd, 000168.967, 161
Trd, 000169.483, 162
Trd, 000170.067, 161
Trd, 000170.200, 160
Trd, 000170.283, 152
Trd, 000171.250, 162
Trd, 000171.783, 149
Trd, 000171.967, 148.0
Trd, 000172.550, 143
Trd, 000172.767, 160
Trd, 000173.967, 152
Trd, 000174.233, 151
Trd, 000174.483, 156
Trd, 000175.217, 152
Trd, 000175.950, 154
Trd, 000176.167, 152
Trd, 000176.367, 151
Trd, 000176.650, 141
Trd, 000177.533, 149
Trd, 000177.650, 156
Trd, 000177.800, 159
Trd, 000177.900, 162
Trd, 000178.717, 163
Trd, 000179.483, 132
Trd, 000180.133, 127.0
Trd, 000180.917, 149.0
Trd, 000181.117, 148.0
Trd, 000181.633, 142
Trd, 000182.133, 149
Trd, 000182.233, 129
Trd, 000183.800, 156
Trd, 000184.000, 129
Trd, 000185.183, 161
Trd, 000185.900, 161
Trd, 000186.700, 158
Trd, 000186.733, 149
Trd, 000187.750, 151
Trd, 000188.733, 158
Trd, 000189.900, 154
Trd, 000191.417, 154
Trd, 000191.583, 157
Trd, 000192.117, 153
Trd, 000192.233, 158
Trd, 000193.350, 158
Trd, 000194.400, 155
Trd, 000195.467, 157
Trd, 000196.033, 155.0
Trd, 000196.100, 155
Trd, 000196.433, 152
Trd, 000196.517, 148.0
Trd, 000197.567, 156
Trd, 000197.950, 158
Trd, 000198.333, 182.0
Trd, 000199.167, 157
Trd, 000199.617, 157
Trd, 000199.783, 157
Trd, 000200.600, 156
Trd, 000200.650, 148.0
Trd, 000200.833, 159
Trd, 000201.217, 151
Trd, 000201.767, 153
Trd, 000202.083, 146
Trd, 000202.500, 152
Trd, 000202.600, 155.0
Trd, 000203.400, 150
Trd, 000203.583, 159
Trd, 000204.050, 150
Trd, 000204.433, 161
Trd, 000205.583, 159
Trd, 000206.100, 160
Trd, 000206.450, 159
Trd, 000207.533, 153
Trd, 000208.750, 160
Trd, 000209.117, 162
Trd, 000209.367, 152.0
Trd, 000211.217, 152.0
Trd, 000211.883, 154.0
Trd, 000212.817, 153.0
Trd, 000213.567, 152
Trd, 000213.717, 155
Trd, 000214.033, 148.0
Trd, 000214.100, 142
Trd, 000214.550, 157
Trd, 000215.067, 147
Trd, 000215.183, 156
Trd, 000215.950, 147
Trd, 000216.250, 158
Trd, 000218.083, 162
Trd, 000218.117, 148
Trd, 000220.617, 154.0
Trd, 000221.000, 154.0
Trd, 000221.183, 153
Trd, 000222.350, 155.0
Trd, 000222.433, 151
Trd, 000223.100, 150
Trd, 000223.950, 151
Trd, 000224.950, 153.0
Trd, 000225.383, 155
Trd, 000225.683, 156
Trd, 000226.067, 157
Trd, 000226.333, 156
Trd, 000226.583, 144
Trd, 000226.833, 148.0
Trd, 000227.500, 157
Trd, 000227.550, 151
Trd, 000228.700, 157
Trd, 000229.900, 158
Trd, 000230.800, 159
Trd, 000230.833, 158
Trd, 000230.983, 156
Trd, 000232.650, 157
Trd, 000233.817, 156
Trd, 000234.150, 158
Trd, 000234.383, 155
Trd, 000234.850, 162
Trd, 000235.133, 175.0
Trd, 000235.533, 146
Trd, 000236.500, 162
Trd, 000236.750, 154
Trd, 000236.983, 155
Trd, 000237.467, 167
Trd, 000238.200, 165
Trd, 000238.300, 155
Trd, 000238.533, 145
Trd, 000240.467, 159
Trd, 000240.567, 161
Trd, 000240.783, 167.0
Trd, 000241.383, 164
Trd, 000241.633, 162
Trd, 000242.050, 162
Trd, 000242.150, 163
Trd, 000242.917, 163
Trd, 000243.250, 165
Trd, 000243.600, 166
Trd, 000243.883, 161.0
Trd, 000244.050, 158.0
Trd, 000244.417, 151.0
Trd, 000244.517, 147
Trd, 000244.817, 147
Trd, 000245.517, 149
Trd, 000245.783, 152
Trd, 000246.267, 157.0
Trd, 000247.083, 148.0
Trd, 000247.667, 151
Trd, 000247.717, 154
Trd, 000247.767, 158
Trd, 000248.217, 167.0
Trd, 000249.283, 152
Trd, 000249.650, 152
Trd, 000249.750, 154
Trd, 000250.333, 156
Trd, 000250.967, 154
Trd, 000251.100, 155
Trd, 000251.350, 154
Trd, 000251.783, 153
Trd, 000251.800, 148.0
Trd, 000251.817, 156
Trd, 000252.250, 143
Trd, 000253.283, 145
Trd, 000254.333, 146
Trd, 000254.367, 147
Trd, 000254.383, 148
Trd, 000254.417, 148.0
Trd, 000254.917, 157
Trd, 000255.300, 158
Trd, 000255.767, 171.0
Trd, 000256.617, 162
Trd, 000257.383, 159
Trd, 000257.833, 158
Trd, 000257.850, 157
Trd, 000257.967, 155
Trd, 000258.017, 152
Trd, 000258.200, 159
Trd, 000258.783, 149.0
Trd, 000259.717, 148.0
Trd, 000259.850, 145
Trd, 000260.167, 152
Trd, 000261.267, 148
Trd, 000261.333, 147
Trd, 000261.650, 156
Trd, 000262.617, 158
Trd, 000263.083, 156
Trd, 000263.483, 162
Trd, 000263.667, 158
Trd, 000263.867, 174.0
Trd, 000264.250, 143
Trd, 000264.383, 128
Trd, 000264.667, 139
Trd, 000266.050, 138
Trd, 000266.283, 141.0
Trd, 000266.583, 141.0
Trd, 000266.767, 146.0
Trd, 000266.850, 148.0
Trd, 000267.517, 156
Trd, 000267.850, 159
Trd, 000267.917, 148
Trd, 000268.233, 151
Trd, 000269.900, 151
Trd, 000270.383, 151
Trd, 000270.900, 150
Trd, 000271.017, 150
Trd, 000271.133, 151
Trd, 000271.733, 149.0
Trd, 000271.917, 154.0
Trd, 000272.600, 156
Trd, 000273.200, 155.0
Trd, 000273.400, 158
Trd, 000274.617, 151
Trd, 000274.800, 150
Trd, 000275.333, 149.0
Trd, 000276.217, 141.0
Trd, 000276.350, 144
Trd, 000276.683, 155.0
Trd, 000276.700, 137.0
Trd, 000276.967, 130
Trd, 000277.667, 162
Trd, 000277.950, 158.0
Trd, 000278.733, 157.0
Trd, 000279.367, 162.0
Trd, 000279.683, 158.0
Trd, 000280.217, 155
Trd, 000280.583, 160
Trd, 000280.700, 161
Trd, 000281.133, 160
Trd, 000281.333, 161
Trd, 000282.050, 159
Trd, 000282.083, 163
Trd, 000282.350, 158
Trd, 000282.867, 165
Trd, 000283.350, 171
Trd, 000283.667, 170.0
Trd, 000283.817, 168.0
Trd, 000285.067, 164
Trd, 000285.217, 158.0
Trd, 000285.833, 153
Trd, 000286.533, 160
Trd, 000286.650, 159
Trd, 000286.883, 155
Trd, 000286.983, 152
Trd, 000287.700, 158.0
Trd, 000287.883, 148.0
Trd, 000288.550, 148
Trd, 000288.933, 140
Trd, 000289.050, 141.0
Trd, 000289.550, 154.0
Trd, 000290.250, 155.0
Trd, 000290.817, 155.0
Trd, 000291.583, 165
Trd, 000292.317, 159.0
Trd, 000292.667, 158.0
Trd, 000292.983, 154.0
Trd, 000293.183, 159
Trd, 000293.450, 160
Trd, 000293.467, 148.0
Trd, 000293.550, 162
Trd, 000295.550, 163
Trd, 000295.900, 161.0
Trd, 000296.833, 163
Trd, 000297.000, 162
Trd, 000297.200, 168.0
Trd, 000297.967, 165
Trd, 000298.200, 160
Trd, 000298.217, 158.0
Trd, 000299.083, 152
Trd, 000299.750, 172.0
