Trd, 000001.417, 175.0
Trd, 000001.800, 155.0
Trd, 000004.617, 171.0
Trd, 000005.000, 163
Trd, 000005.050, 158.0
Trd, 000006.150, 167.0
Trd, 000006.667, 167
Trd, 000006.717, 160
Trd, 000007.117, 179.0
Trd, 000008.400, 158
Trd, 000009.433, 159.0
Trd, 000010.133, 164
Trd, 000010.833, 161
Trd, 000012.533, 159
Trd, 000012.967, 159
Trd, 000013.267, 158.0
Trd, 000013.867, 162
Trd, 000014.783, 156
Trd, 000015.533, 156
Trd, 000017.000, 156.0
Trd, 000017.483, 156
Trd, 000019.050, 154
Trd, 000019.133, 158
Trd, 000019.567, 158.0
Trd, 000021.067, 155
Trd, 000021.567, 155
Trd, 000021.850, 155.0
Trd, 000022.333, 155
Trd, 000022.633, 157
Trd, 000024.750, 157
Trd, 000025.233, 157
Trd, 000025.867, 155.0
Trd, 000027.000, 157.0
Trd, 000027.100, 155.0
Trd, 000028.367, 162
Trd, 000029.267, 157.0
Trd, 000030.150, 157.0
Trd, 000030.867, 158.0
Trd, 000031.783, 157
Trd, 000032.283, 154
Trd, 000033.933, 160
Trd, 000034.200, 162
Trd, 000036.433, 156.0
Trd, 000036.550, 160
Trd, 000037.517, 156
Trd, 000038.450, 155.0
Trd, 000039.317, 157.0
Trd, 000039.867, 158.0
Trd, 000040.617, 156
Trd, 000040.967, 157
Trd, 000043.400, 158.0
Trd, 000044.017, 162
Trd, 000045.083, 157
Trd, 000045.833, 157
Trd, 000046.217, 160
Trd, 000046.417, 158.0
Trd, 000046.517, 157
Trd, 000046.767, 156
Trd, 000047.233, 157
Trd, 000047.583, 155.0
Trd, 000047.917, 156
Trd, 000048.567, 158
Trd, 000050.317, 162
Trd, 000051.667, 155
Trd, 000052.483, 156.0
Trd, 000052.617, 155.0
Trd, 000053.367, 156.0
Trd, 000053.433, 154
Trd, 000053.967, 155
Trd, 000054.333, 158.0
Trd, 000056.750, 158.0
Trd, 000057.600, 163
Trd, 000057.833, 161
Trd, 000058.600, 163
Trd, 000058.633, 158
Trd, 000059.017, 158
Trd, 000060.850, 158.0
Trd, 000060.967, 162
Trd, 000061.167, 155.0
Trd, 000061.333, 163
Trd, 000062.917, 161
Trd, 000063.933, 162
Trd, 000064.867, 158.0
Trd, 000065.500, 157
Trd, 000066.667, 164
Trd, 000067.350, 157
Trd, 000067.967, 158.0
Trd, 000068.283, 156
Trd, 000069.750, 160
Trd, 000070.450, 161
Trd, 000071.617, 165
Trd, 000072.133, 167.0
Trd, 000074.450, 164
Trd, 000076.233, 162
Trd, 000076.967, 162
Trd, 000077.100, 160
Trd, 000078.800, 163
Trd, 000078.850, 163
Trd, 000079.567, 164
Trd, 000079.933, 163
Trd, 000080.550, 162
Trd, 000080.950, 162
Trd, 000082.150, 161
Trd, 000082.200, 159
Trd, 000082.633, 160
Trd, 000083.317, 159
Trd, 000084.217, 158.0
Trd, 000085.433, 150
Trd, 000086.600, 158.0
Trd, 000086.750, 157
Trd, 000088.000, 162
Trd, 000088.067, 158.0
Trd, 000088.117, 157.0
Trd, 000088.433, 156
Trd, 000088.817, 155.0
Trd, 000089.450, 161
Trd, 000090.250, 158.0
Trd, 000091.167, 155.0
Trd, 000091.283, 156
Trd, 000092.317, 155
Trd, 000093.483, 154
Trd, 000093.667, 151
Trd, 000094.667, 152
Trd, 000095.767, 155
Trd, 000096.183, 158.0
Trd, 000096.283, 153
Trd, 000096.300, 162
Trd, 000097.283, 161
Trd, 000097.800, 163
Trd, 000098.450, 167
Trd, 000098.683, 162
Trd, 000099.817, 163
Trd, 000100.650, 162
Trd, 000101.167, 163
Trd, 000102.117, 165
Trd, 000102.400, 160
Trd, 000102.917, 160
Trd, 000103.250, 164
Trd, 000104.500, 159.0
Trd, 000105.250, 160
Trd, 000106.050, 161
Trd, 000106.683, 159
Trd, 000107.417, 161
Trd, 000108.317, 158.0
Trd, 000108.817, 159
Trd, 000109.533, 159
Trd, 000110.650, 157
Trd, 000111.917, 159
Trd, 000112.417, 160
Trd, 000112.517, 161
Trd, 000113.000, 158
Trd, 000114.583, 159.0
Trd, 000114.750, 158.0
Trd, 000115.850, 157
Trd, 000116.267, 156
Trd, 000116.817, 162
Trd, 000117.583, 158.0
Trd, 000119.283, 160
Trd, 000121.333, 156
Trd, 000121.767, 157
Trd, 000121.950, 159
Trd, 000122.267, 162
Trd, 000122.750, 158.0
Trd, 000123.200, 164
Trd, 000123.283, 158
Trd, 000124.383, 157
Trd, 000124.550, 158.0
Trd, 000124.667, 162
Trd, 000125.483, 161
Trd, 000127.000, 159
Trd, 000127.367, 159
Trd, 000127.550, 158
Trd, 000127.917, 158.0
Trd, 000129.567, 160
Trd, 000129.900, 160
Trd, 000130.317, 163
Trd, 000132.167, 159
Trd, 000132.517, 159
Trd, 000133.433, 161
Trd, 000134.017, 159
Trd, 000134.317, 159
Trd, 000134.383, 157
Trd, 000134.400, 155.0
Trd, 000136.100, 151
Trd, 000137.100, 150
Trd, 000138.050, 152
Trd, 000138.950, 155.0
Trd, 000139.817, 158.0
Trd, 000139.983, 152
Trd, 000142.233, 161
Trd, 000142.583, 161
Trd, 000144.117, 158.0
Trd, 000144.767, 157
Trd, 000144.817, 161
Trd, 000145.617, 160
Trd, 000146.417, 157
Trd, 000146.750, 159
Trd, 000146.850, 158
Trd, 000147.600, 161
Trd, 000148.550, 162
Trd, 000149.483, 159
Trd, 000149.750, 158
Trd, 000150.700, 158
Trd, 000151.383, 158.0
Trd, 000151.550, 160
Trd, 000152.300, 157
Trd, 000153.800, 164
Trd, 000155.033, 164
Trd, 000155.617, 165
Trd, 000156.433, 166
Trd, 000156.500, 158
Trd, 000156.817, 165
Trd, 000158.083, 162
Trd, 000158.883, 163
Trd, 000159.033, 159
Trd, 000160.583, 164
Trd, 000163.700, 160
Trd, 000164.000, 162
Trd, 000164.083, 163
Trd, 000164.117, 163
Trd, 000165.683, 159
Trd, 000165.783, 161
Trd, 000166.400, 159
Trd, 000166.900, 162
Trd, 000167.833, 164
Trd, 000168.617, 159
Trd, 000168.717, 158.0
Trd, 000170.183, 158
Trd, 000170.517, 160
Trd, 000170.600, 157
Trd, 000170.717, 161
Trd, 000171.017, 163
Trd, 000171.483, 164
Trd, 000174.167, 158
Trd, 000176.233, 158.0
Trd, 000176.533, 157
Trd, 000177.333, 156
Trd, 000177.783, 156
Trd, 000177.933, 160
Trd, 000178.700, 161
Trd, 000178.817, 150
Trd, 000178.967, 161
Trd, 000179.067, 152
Trd, 000179.500, 158.0
Trd, 000179.533, 160
Trd, 000181.483, 158
Trd, 000182.583, 154
Trd, 000182.667, 162
Trd, 000183.017, 165
Trd, 000184.000, 165
Trd, 000185.000, 159.0
Trd, 000185.083, 163
Trd, 000185.383, 158.0
Trd, 000187.567, 160
Trd, 000188.383, 159
Trd, 000189.467, 158
Trd, 000190.083, 158.0
Trd, 000190.333, 157
Trd, 000190.833, 160
Trd, 000191.000, 157
Trd, 000191.200, 157.0
Trd, 000192.233, 158
Trd, 000193.700, 157
Trd, 000194.283, 157.0
Trd, 000194.350, 158.0
Trd, 000194.700, 155.0
Trd, 000194.833, 162
Trd, 000196.067, 165
Trd, 000197.667, 159
Trd, 000197.850, 158.0
Trd, 000199.417, 158
Trd, 000199.517, 160
Trd, 000199.800, 162
Trd, 000200.483, 159
Trd, 000201.550, 158.0
Trd, 000202.483, 158
Trd, 000204.067, 157
Trd, 000205.083, 157
Trd, 000205.717, 157
Trd, 000205.983, 157
Trd, 000206.467, 156
Trd, 000206.717, 157
Trd, 000208.950, 157.0
Trd, 000210.133, 156
Trd, 000210.367, 154
Trd, 000210.467, 158.0
Trd, 000210.733, 157
Trd, 000211.733, 157
Trd, 000212.067, 155.0
Trd, 000212.133, 158.0
Trd, 000212.383, 162
Trd, 000213.250, 168.0
Trd, 000215.917, 160
Trd, 000216.417, 159
Trd, 000216.950, 160
Trd, 000217.483, 160
Trd, 000217.517, 162
Trd, 000218.500, 162
Trd, 000218.567, 164
Trd, 000218.717, 165
Trd, 000221.250, 162.0
Trd, 000221.633, 161
Trd, 000221.950, 158.0
Trd, 000222.333, 161
Trd, 000222.933, 157
Trd, 000224.900, 158.0
Trd, 000225.083, 157
Trd, 000225.250, 158
Trd, 000225.517, 156
Trd, 000226.333, 155
Trd, 000227.050, 155.0
Trd, 000228.200, 160
Trd, 000228.433, 165
Trd, 000229.767, 158.0
Trd, 000231.600, 159
Trd, 000232.067, 158
Trd, 000232.133, 158.0
Trd, 000232.783, 158.0
Trd, 000233.350, 158
Trd, 000234.767, 156
Trd, 000235.367, 156
Trd, 000235.633, 158
Trd, 000236.733, 155.0
Trd, 000237.467, 150
Trd, 000237.633, 141.0
Trd, 000238.267, 157
Trd, 000238.717, 158
Trd, 000238.950, 160
Trd, 000239.683, 162
Trd, 000239.783, 165
Trd, 000240.617, 157
Trd, 000240.783, 157
Trd, 000241.233, 158
Trd, 000241.467, 156
Trd, 000242.367, 157
Trd, 000243.033, 157.0
Trd, 000243.267, 155.0
Trd, 000243.817, 155
Trd, 000244.350, 152
Trd, 000244.767, 152.0
Trd, 000245.067, 156
Trd, 000245.183, 157
Trd, 000245.767, 153
Trd, 000246.067, 153
Trd, 000246.233, 155.0
Trd, 000246.433, 155.0
Trd, 000246.633, 152
Trd, 000247.467, 158.0
Trd, 000248.617, 154
Trd, 000249.717, 155
Trd, 000249.900, 153
Trd, 000249.983, 157
Trd, 000250.400, 155
Trd, 000250.600, 155.0
Trd, 000250.867, 156
Trd, 000251.100, 158.0
Trd, 000252.100, 162
Trd, 000252.650, 155
Trd, 000252.817, 153
Trd, 000252.867, 159
Trd, 000253.133, 162
Trd, 000253.200, 151
Trd, 000254.000, 158.0
Trd, 000254.050, 161
Trd, 000254.433, 158.0
Trd, 000254.683, 157
Trd, 000255.117, 159
Trd, 000255.783, 162
Trd, 000255.950, 161
Trd, 000256.483, 161
Trd, 000256.683, 161
Trd, 000257.800, 159
Trd, 000258.933, 155
Trd, 000258.967, 155.0
Trd, 000259.333, 157
Trd, 000259.383, 154
Trd, 000259.733, 158
Trd, 000259.783, 154
Trd, 000260.017, 150
Trd, 000261.183, 150
Trd, 000261.417, 144.0
Trd, 000261.900, 155.0
Trd, 000263.017, 154
Trd, 000263.583, 155.0
Trd, 000263.600, 156
Trd, 000263.983, 154.0
Trd, 000264.783, 157.0
Trd, 000265.067, 158.0
Trd, 000265.283, 160
Trd, 000265.533, 158
Trd, 000265.650, 157
Trd, 000266.200, 155
Trd, 000266.300, 157
Trd, 000266.883, 161
Trd, 000267.000, 162
Trd, 000267.367, 160
Trd, 000267.917, 160
Trd, 000268.300, 158.0
Trd, 000268.550, 150
Trd, 000269.000, 159
Trd, 000269.567, 155.0
Trd, 000269.750, 156.0
Trd, 000269.983, 156.0
Trd, 000271.867, 154
Trd, 000271.917, 155
Trd, 000272.367, 154
Trd, 000273.283, 156
Trd, 000273.433, 158.0
Trd, 000273.583, 155
Trd, 000274.117, 160
Trd, 000274.767, 156
Trd, 000274.850, 158
Trd, 000275.167, 160
Trd, 000275.967, 161
Trd, 000276.150, 157
Trd, 000276.167, 162
Trd, 000276.483, 158
Trd, 000277.817, 165
Trd, 000277.850, 166
Trd, 000277.867, 163
Trd, 000278.700, 158.0
Trd, 000278.783, 172
Trd, 000279.550, 169
Trd, 000279.583, 152
Trd, 000279.733, 169
Trd, 000280.017, 165
Trd, 000280.283, 150
Trd, 000280.300, 144.0
Trd, 000280.567, 147
Trd, 000280.900, 141.0
Trd, 000282.017, 148
Trd, 000282.567, 154
Trd, 000282.583, 156
Trd, 000282.933, 153
Trd, 000283.050, 158
Trd, 000283.567, 153
Trd, 000283.767, 152
Trd, 000284.450, 158.0
Trd, 000284.583, 150
Trd, 000285.167, 160
Trd, 000286.317, 158.0
Trd, 000287.433, 153
Trd, 000287.917, 161
Trd, 000288.333, 154
Trd, 000288.500, 153
Trd, 000288.833, 162
Trd, 000289.533, 168.0
Trd, 000289.550, 161
Trd, 000289.583, 170
Trd, 000290.433, 172
Trd, 000290.600, 158.0
Trd, 000290.817, 157
Trd, 000291.367, 163
Trd, 000292.983, 159.0
Trd, 000293.733, 159
Trd, 000294.333, 158.0
Trd, 000294.350, 157
Trd, 000294.600, 158
Trd, 000295.000, 159
Trd, 000295.100, 158
Trd, 000295.117, 155.0
Trd, 000295.767, 144.0
Trd, 000296.000, 147
Trd, 000296.033, 162
Trd, 000296.450, 151.0
Trd, 000296.617, 165
Trd, 000297.167, 141.0
Trd, 000297.333, 139.0
Trd, 000297.933, 138.0
Trd, 000297.950, 146
Trd, 000298.150, 164
Trd, 000298.333, 137.0
