Trd, 000001.333, 138
Trd, 000002.750, 139
Trd, 000002.867, 139
Trd, 000003.483, 153.0
Trd, 000003.650, 155.0
Trd, 000004.267, 151.0
Trd, 000005.300, 164
Trd, 000005.833, 151
Trd, 000006.017, 151
Trd, 000006.367, 156
Trd, 000006.467, 157
Trd, 000007.283, 150
Trd, 000008.533, 150
Trd, 000008.933, 149
Trd, 000010.350, 151.0
Trd, 000010.383, 152
Trd, 000010.933, 151
Trd, 000011.217, 151
Trd, 000011.483, 149
Trd, 000012.233, 148
Trd, 000012.283, 146
Trd, 000014.050, 147
Trd, 000014.700, 145
Trd, 000014.983, 145
Trd, 000015.083, 144
Trd, 000015.283, 143
Trd, 000015.483, 144
Trd, 000015.617, 148
Trd, 000016.083, 145
Trd, 000016.167, 143
Trd, 000016.383, 150
Trd, 000017.933, 151.0
Trd, 000019.150, 146
Trd, 000020.117, 144
Trd, 000020.667, 143
Trd, 000021.050, 144
Trd, 000021.467, 144.0
Trd, 000021.967, 144
Trd, 000022.833, 143
Trd, 000023.333, 142
Trd, 000023.800, 142
Trd, 000023.817, 142
Trd, 000024.700, 141.0
Trd, 000024.983, 141
Trd, 000025.050, 144
Trd, 000026.367, 144
Trd, 000026.900, 145
Trd, 000027.600, 148
Trd, 000028.250, 143
Trd, 000029.583, 145
Trd, 000029.717, 146.0
Trd, 000030.700, 145
Trd, 000030.867, 146
Trd, 000032.817, 146
Trd, 000033.217, 144
Trd, 000033.517, 145
Trd, 000033.850, 145
Trd, 000034.717, 146
Trd, 000035.150, 144
Trd, 000035.583, 143
Trd, 000035.983, 143
Trd, 000037.150, 143
Trd, 000037.917, 144.0
Trd, 000038.433, 146
Trd, 000038.600, 147
Trd, 000038.650, 148
Trd, 000038.967, 149
Trd, 000040.400, 144
Trd, 000040.933, 142
Trd, 000041.750, 142
Trd, 000041.967, 143
Trd, 000042.267, 142
Trd, 000042.467, 142
Trd, 000042.717, 144.0
Trd, 000042.850, 145
Trd, 000044.767, 144
Trd, 000045.067, 143
Trd, 000045.217, 145
Trd, 000045.400, 142
Trd, 000045.567, 144
Trd, 000046.067, 144
Trd, 000046.617, 147
Trd, 000047.300, 147
Trd, 000048.333, 145
Trd, 000049.267, 143
Trd, 000049.950, 143
Trd, 000050.267, 144
Trd, 000050.367, 142
Trd, 000051.183, 141
Trd, 000051.533, 141.0
Trd, 000051.783, 139
Trd, 000052.717, 141
Trd, 000053.617, 143
Trd, 000053.850, 143
Trd, 000054.333, 144.0
Trd, 000054.900, 141.0
Trd, 000056.167, 142
Trd, 000056.750, 141
Trd, 000056.850, 143
Trd, 000057.217, 144.0
Trd, 000058.033, 142
Trd, 000058.067, 143
Trd, 000058.333, 142
Trd, 000059.233, 142
Trd, 000059.417, 143
Trd, 000060.533, 144.0
Trd, 000061.083, 142
Trd, 000061.350, 141
Trd, 000061.783, 141
Trd, 000062.117, 143
Trd, 000062.750, 144
Trd, 000064.533, 146
Trd, 000064.700, 147
Trd, 000065.333, 147
Trd, 000066.233, 141.0
Trd, 000066.917, 146
Trd, 000067.833, 145
Trd, 000068.233, 147
Trd, 000068.717, 148
Trd, 000069.917, 145
Trd, 000070.633, 143
Trd, 000072.150, 142
Trd, 000072.250, 141
Trd, 000072.717, 141.0
Trd, 000073.517, 142
Trd, 000073.583, 144
Trd, 000073.917, 141
Trd, 000074.400, 145
Trd, 000075.350, 145
Trd, 000075.617, 144
Trd, 000075.867, 142.0
Trd, 000077.467, 142
Trd, 000077.817, 143
Trd, 000077.833, 144
Trd, 000077.850, 145
Trd, 000079.583, 145
Trd, 000080.150, 145
Trd, 000080.267, 141
Trd, 000081.850, 143
Trd, 000082.050, 143
Trd, 000083.283, 144
Trd, 000084.400, 143.0
Trd, 000084.633, 141.0
Trd, 000084.817, 143.0
Trd, 000084.933, 144.0
Trd, 000085.133, 145
Trd, 000085.800, 141
Trd, 000086.350, 144
Trd, 000088.433, 141
Trd, 000089.417, 142
Trd, 000089.533, 144
Trd, 000090.550, 144.0
Trd, 000090.817, 141.0
Trd, 000091.133, 144
Trd, 000092.633, 141
Trd, 000093.000, 145
Trd, 000093.317, 147
Trd, 000093.433, 148
Trd, 000093.617, 141
Trd, 000093.883, 147
Trd, 000094.033, 155.0
Trd, 000094.817, 141
Trd, 000095.200, 145
Trd, 000096.533, 144
Trd, 000096.933, 143
Trd, 000097.500, 144
Trd, 000097.533, 144
Trd, 000097.967, 145
Trd, 000098.383, 146
Trd, 000099.083, 146
Trd, 000100.050, 147
Trd, 000101.900, 142
Trd, 000102.567, 144
Trd, 000102.783, 143
Trd, 000103.567, 142
Trd, 000103.650, 147
Trd, 000103.800, 148
Trd, 000104.550, 148
Trd, 000105.067, 155.0
Trd, 000105.717, 158.0
Trd, 000106.300, 153
Trd, 000107.583, 149
Trd, 000108.233, 148
Trd, 000108.400, 147
Trd, 000108.667, 149
Trd, 000108.983, 149
Trd, 000109.850, 147
Trd, 000110.200, 147
Trd, 000111.067, 146
Trd, 000111.400, 147
Trd, 000112.533, 145
Trd, 000113.350, 144
Trd, 000113.467, 145
Trd, 000113.917, 146
Trd, 000114.333, 143
Trd, 000114.833, 143
Trd, 000114.867, 145
Trd, 000115.550, 143
Trd, 000115.800, 142
Trd, 000116.283, 141
Trd, 000116.517, 141
Trd, 000117.050, 142
Trd, 000117.217, 143
Trd, 000117.450, 146
Trd, 000117.717, 148
Trd, 000118.050, 155.0
Trd, 000119.600, 151
Trd, 000119.967, 152
Trd, 000120.233, 152
Trd, 000120.267, 152
Trd, 000120.283, 151.0
Trd, 000120.533, 153
Trd, 000122.033, 155.0
Trd, 000122.250, 151.0
Trd, 000122.850, 151
Trd, 000124.333, 149
Trd, 000124.700, 150
Trd, 000124.950, 149
Trd, 000125.317, 150
Trd, 000126.067, 148
Trd, 000126.517, 147
Trd, 000126.683, 148
Trd, 000126.917, 147
Trd, 000127.200, 146
Trd, 000128.050, 147
Trd, 000128.500, 147
Trd, 000129.150, 148
Trd, 000130.467, 145
Trd, 000130.600, 145
Trd, 000131.033, 146
Trd, 000131.800, 147
Trd, 000132.350, 148
Trd, 000132.767, 148
Trd, 000133.550, 149
Trd, 000134.117, 147
Trd, 000134.767, 147
Trd, 000135.450, 147
Trd, 000135.533, 148
Trd, 000136.483, 147
Trd, 000136.967, 149
Trd, 000137.667, 148
Trd, 000137.817, 147
Trd, 000139.367, 146
Trd, 000139.400, 146
Trd, 000140.300, 144
Trd, 000141.167, 144
Trd, 000141.467, 143
Trd, 000141.650, 144
Trd, 000141.717, 144
Trd, 000142.633, 145
Trd, 000143.067, 145
Trd, 000143.117, 145
Trd, 000143.417, 144
Trd, 000144.100, 145
Trd, 000146.283, 141.0
Trd, 000146.733, 142
Trd, 000147.683, 143
Trd, 000148.400, 142
Trd, 000148.833, 142
Trd, 000149.850, 142
Trd, 000150.033, 143.0
Trd, 000150.450, 144.0
Trd, 000150.883, 145
Trd, 000152.000, 144
Trd, 000153.167, 144
Trd, 000153.433, 146
Trd, 000154.350, 144
Trd, 000154.417, 147
Trd, 000154.583, 148
Trd, 000154.933, 151.0
Trd, 000155.600, 154.0
Trd, 000156.133, 151
Trd, 000156.817, 153
Trd, 000156.850, 154
Trd, 000157.783, 152
Trd, 000158.067, 152
Trd, 000158.367, 155.0
Trd, 000158.767, 152
Trd, 000159.183, 155.0
Trd, 000159.800, 161
Trd, 000160.767, 158
Trd, 000161.167, 157
Trd, 000161.867, 156
Trd, 000162.017, 156
Trd, 000162.467, 155
Trd, 000162.617, 156
Trd, 000163.517, 155
Trd, 000163.633, 154
Trd, 000165.783, 154
Trd, 000165.800, 153
Trd, 000166.117, 154
Trd, 000166.267, 152
Trd, 000166.317, 154
Trd, 000167.300, 155.0
Trd, 000168.183, 153
Trd, 000169.383, 152
Trd, 000170.150, 151.0
Trd, 000170.883, 151
Trd, 000171.217, 149
Trd, 000171.667, 150
Trd, 000172.083, 149
Trd, 000172.200, 150
Trd, 000172.433, 150
Trd, 000173.433, 150
Trd, 000174.717, 147
Trd, 000174.883, 148
Trd, 000175.133, 146
Trd, 000175.367, 147
Trd, 000176.883, 143
Trd, 000177.083, 146
Trd, 000177.150, 146
Trd, 000177.217, 143
Trd, 000177.467, 144
Trd, 000177.617, 149
Trd, 000178.050, 141.0
Trd, 000179.550, 140
Trd, 000180.133, 147
Trd, 000180.167, 147
Trd, 000180.817, 144
Trd, 000182.017, 144
Trd, 000182.100, 143
Trd, 000182.917, 142
Trd, 000183.800, 142.0
Trd, 000184.083, 144.0
Trd, 000184.467, 144
Trd, 000184.600, 144
Trd, 000184.933, 151.0
Trd, 000185.500, 145
Trd, 000186.350, 143
Trd, 000186.800, 144
Trd, 000187.533, 144
Trd, 000188.033, 143
Trd, 000188.483, 141.0
Trd, 000188.900, 142
Trd, 000188.983, 144.0
Trd, 000189.017, 146
Trd, 000190.567, 142
Trd, 000190.867, 146
Trd, 000191.850, 141
Trd, 000192.650, 148
Trd, 000192.967, 148
Trd, 000194.133, 145
Trd, 000194.467, 143
Trd, 000195.200, 143
Trd, 000195.517, 142
Trd, 000195.650, 141
Trd, 000196.017, 142
Trd, 000197.150, 143
Trd, 000198.367, 141.0
Trd, 000198.750, 142
Trd, 000199.050, 142
Trd, 000199.167, 141
Trd, 000199.217, 143
Trd, 000199.250, 144
Trd, 000199.783, 147
Trd, 000200.767, 151.0
Trd, 000200.833, 153.0
Trd, 000202.533, 149
Trd, 000202.717, 149
Trd, 000202.933, 148
Trd, 000203.617, 147
Trd, 000203.750, 148
Trd, 000204.117, 150
Trd, 000205.933, 150
Trd, 000206.167, 147
Trd, 000207.267, 148
Trd, 000207.400, 148
Trd, 000207.533, 149
Trd, 000209.000, 147
Trd, 000209.250, 147
Trd, 000209.483, 147
Trd, 000210.267, 146
Trd, 000211.217, 147
Trd, 000211.383, 145
Trd, 000211.967, 147
Trd, 000213.167, 148
Trd, 000213.733, 147
Trd, 000214.200, 146
Trd, 000214.633, 146
Trd, 000215.117, 147
Trd, 000216.033, 145
Trd, 000216.333, 145
Trd, 000216.550, 145
Trd, 000216.700, 147
Trd, 000217.400, 144
Trd, 000218.167, 144
Trd, 000218.467, 147
Trd, 000219.050, 147
Trd, 000219.150, 143
Trd, 000220.067, 146
Trd, 000220.733, 143
Trd, 000220.850, 141.0
Trd, 000220.950, 147
Trd, 000221.000, 155.0
Trd, 000221.550, 149
Trd, 000222.667, 149
Trd, 000223.583, 148
Trd, 000224.317, 148
Trd, 000224.383, 147
Trd, 000225.483, 148
Trd, 000226.083, 148
Trd, 000226.500, 146
Trd, 000226.550, 155.0
Trd, 000228.133, 151
Trd, 000228.333, 150
Trd, 000229.017, 154.0
Trd, 000229.817, 154.0
Trd, 000230.517, 149
Trd, 000231.217, 150
Trd, 000231.350, 149
Trd, 000231.550, 147
Trd, 000232.333, 152
Trd, 000232.433, 152
Trd, 000233.083, 152
Trd, 000233.583, 152
Trd, 000234.350, 150.0
Trd, 000235.267, 149
Trd, 000235.567, 150
Trd, 000235.617, 149
Trd, 000237.067, 148
Trd, 000237.433, 147
Trd, 000237.650, 146
Trd, 000238.067, 147
Trd, 000238.283, 148
Trd, 000240.067, 144
Trd, 000240.167, 145
Trd, 000240.250, 146
Trd, 000240.450, 147
Trd, 000240.900, 146
Trd, 000241.517, 147
Trd, 000241.700, 146
Trd, 000242.017, 148
Trd, 000242.100, 150
Trd, 000242.883, 155.0
Trd, 000243.300, 154
Trd, 000243.317, 151
Trd, 000243.750, 150
Trd, 000244.567, 150
Trd, 000245.050, 147
Trd, 000245.117, 142
Trd, 000245.150, 148
Trd, 000245.933, 147
Trd, 000246.117, 148
Trd, 000246.733, 146
Trd, 000246.817, 147
Trd, 000247.150, 148
Trd, 000248.283, 153
Trd, 000248.367, 154.0
Trd, 000249.883, 152
Trd, 000250.517, 152.0
Trd, 000250.783, 152
Trd, 000250.800, 151
Trd, 000250.883, 154.0
Trd, 000251.333, 153.0
Trd, 000252.067, 153.0
Trd, 000252.850, 152
Trd, 000252.983, 151.0
Trd, 000253.350, 150
Trd, 000253.600, 150
Trd, 000254.467, 153
Trd, 000255.150, 153
Trd, 000255.483, 151.0
Trd, 000256.583, 151
Trd, 000257.550, 151
Trd, 000258.283, 149
Trd, 000258.433, 150
Trd, 000258.717, 152
Trd, 000259.133, 149
Trd, 000259.550, 149
Trd, 000259.700, 147
Trd, 000260.033, 147
Trd, 000261.033, 147
Trd, 000261.433, 148
Trd, 000261.550, 149
Trd, 000261.833, 148
Trd, 000261.850, 149
Trd, 000262.167, 149
Trd, 000262.450, 148
Trd, 000262.550, 155.0
Trd, 000264.467, 148
Trd, 000264.517, 147
Trd, 000264.583, 145
Trd, 000264.967, 147
Trd, 000265.600, 145
Trd, 000266.283, 144
Trd, 000266.400, 144
Trd, 000266.417, 146
Trd, 000267.100, 146
Trd, 000267.183, 148
Trd, 000268.483, 145
Trd, 000269.467, 146
Trd, 000269.600, 144
Trd, 000269.767, 144
Trd, 000269.900, 147
Trd, 000269.950, 149
Trd, 000270.483, 149.0
Trd, 000270.550, 150.0
Trd, 000270.933, 150.0
Trd, 000271.317, 141.0
Trd, 000272.217, 147
Trd, 000272.867, 148
Trd, 000273.167, 148
Trd, 000273.317, 144
Trd, 000274.100, 145
Trd, 000274.333, 149
Trd, 000274.917, 157.0
Trd, 000275.467, 147
Trd, 000276.400, 151.0
Trd, 000277.450, 149
Trd, 000277.500, 151
Trd, 000277.617, 147
Trd, 000277.750, 152
Trd, 000279.033, 148
Trd, 000279.183, 152
Trd, 000279.267, 147
Trd, 000280.217, 147
Trd, 000280.300, 154.0
Trd, 000280.967, 154.0
Trd, 000281.233, 146
Trd, 000281.533, 146
Trd, 000282.183, 144
Trd, 000282.233, 146
Trd, 000282.533, 148
Trd, 000283.333, 147
Trd, 000283.467, 144
Trd, 000283.850, 145
Trd, 000284.100, 145
Trd, 000285.000, 144
Trd, 000285.417, 144
Trd, 000285.583, 143
Trd, 000285.883, 146
Trd, 000286.700, 143
Trd, 000286.750, 147
Trd, 000287.083, 148
Trd, 000287.383, 144
Trd, 000287.550, 147
Trd, 000288.300, 147
Trd, 000289.450, 145
Trd, 000289.583, 144
Trd, 000289.683, 144
Trd, 000289.850, 145
Trd, 000289.967, 146
Trd, 000291.700, 142
Trd, 000292.067, 146
Trd, 000292.767, 148
Trd, 000293.067, 144
Trd, 000293.317, 153.0
Trd, 000293.667, 151.0
Trd, 000293.850, 150
Trd, 000294.083, 143
Trd, 000294.533, 143
Trd, 000295.150, 148
Trd, 000295.767, 143
Trd, 000295.800, 145
Trd, 000297.567, 143
Trd, 000297.883, 142
Trd, 000298.067, 141.0
Trd, 000298.250, 142
Trd, 000298.600, 143
Trd, 000298.850, 144
