Trd, 000000.567, 106.0
Trd, 000002.633, 141.0
Trd, 000002.850, 142.0
Trd, 000003.367, 144.0
Trd, 000004.067, 148
Trd, 000006.633, 140
Trd, 000007.067, 141
Trd, 000008.383, 140
Trd, 000008.533, 139
Trd, 000008.550, 140
Trd, 000009.500, 141.0
Trd, 000010.817, 141
Trd, 000011.067, 146
Trd, 000011.450, 142.0
Trd, 000011.700, 143
Trd, 000012.750, 143.0
Trd, 000013.417, 141
Trd, 000015.233, 143.0
Trd, 000015.433, 142
Trd, 000015.517, 141.0
Trd, 000015.683, 144.0
Trd, 000015.883, 144.0
Trd, 000016.233, 156
Trd, 000016.483, 162.0
Trd, 000017.133, 158.0
Trd, 000017.450, 162
Trd, 000018.483, 158
Trd, 000019.783, 153
Trd, 000019.900, 152
Trd, 000019.983, 151
Trd, 000020.783, 151
Trd, 000021.450, 154
Trd, 000022.050, 147
Trd, 000023.150, 152
Trd, 000023.667, 152
Trd, 000025.017, 150
Trd, 000025.300, 150
Trd, 000026.067, 151
Trd, 000026.250, 151
Trd, 000026.483, 152
Trd, 000027.117, 150
Trd, 000027.483, 151
Trd, 000028.433, 156.0
Trd, 000028.850, 149
Trd, 000029.183, 155.0
Trd, 000029.417, 158.0
Trd, 000031.083, 152
Trd, 000032.100, 154
Trd, 000032.367, 152
Trd, 000033.750, 151
Trd, 000033.767, 147
Trd, 000033.983, 153
Trd, 000034.117, 147
Trd, 000034.183, 145.0
Trd, 000035.400, 147
Trd, 000036.450, 145
Trd, 000037.583, 144.0
Trd, 000037.667, 144
Trd, 000038.883, 144.0
Trd, 000039.117, 143
Trd, 000039.300, 144
Trd, 000040.033, 146
Trd, 000041.133, 160.0
Trd, 000041.567, 152
Trd, 000041.650, 158.0
Trd, 000042.600, 162.0
Trd, 000043.467, 151
Trd, 000043.783, 156
Trd, 000045.367, 152
Trd, 000046.133, 151
Trd, 000046.450, 150
Trd, 000047.117, 149
Trd, 000047.167, 149
Trd, 000048.017, 153
Trd, 000048.467, 158.0
Trd, 000049.833, 158
Trd, 000050.433, 149
Trd, 000050.617, 157
Trd, 000050.983, 152
Trd, 000051.550, 153
Trd, 000051.617, 152
Trd, 000051.933, 154
Trd, 000051.967, 149
Trd, 000051.983, 144.0
Trd, 000052.083, 156
Trd, 000053.583, 158.0
Trd, 000054.383, 153
Trd, 000054.467, 151
Trd, 000054.933, 151
Trd, 000055.017, 150
Trd, 000055.217, 152
Trd, 000057.283, 149
Trd, 000057.750, 147
Trd, 000058.017, 150
Trd, 000058.483, 148
Trd, 000059.200, 147
Trd, 000059.550, 145
Trd, 000059.717, 146
Trd, 000059.850, 149
Trd, 000061.433, 151
Trd, 000061.833, 150
Trd, 000062.667, 145
Trd, 000064.783, 145
Trd, 000065.767, 147
Trd, 000066.667, 146
Trd, 000067.133, 145
Trd, 000068.583, 144
Trd, 000068.783, 145
Trd, 000069.483, 143
Trd, 000070.000, 143
Trd, 000070.433, 144.0
Trd, 000070.800, 141.0
Trd, 000071.100, 144
Trd, 000071.200, 148
Trd, 000071.900, 149
Trd, 000072.183, 148
Trd, 000073.317, 155.0
Trd, 000074.367, 152
Trd, 000075.433, 149
Trd, 000075.550, 151
Trd, 000075.617, 149
Trd, 000077.767, 148
Trd, 000078.083, 148
Trd, 000078.150, 147
Trd, 000078.533, 145
Trd, 000078.717, 145
Trd, 000078.867, 158.0
Trd, 000080.367, 145.0
Trd, 000081.067, 158
Trd, 000081.200, 144.0
Trd, 000082.000, 157.0
Trd, 000082.917, 146
Trd, 000084.433, 147
Trd, 000084.783, 152
Trd, 000085.700, 146
Trd, 000085.800, 153
Trd, 000086.300, 146
Trd, 000086.383, 150
Trd, 000087.450, 149
Trd, 000088.717, 147
Trd, 000089.017, 147
Trd, 000089.767, 146
Trd, 000089.817, 150
Trd, 000090.717, 149
Trd, 000090.967, 145
Trd, 000091.017, 144.0
Trd, 000091.700, 145
Trd, 000092.900, 158.0
Trd, 000093.350, 146
Trd, 000094.383, 148
Trd, 000094.667, 148
Trd, 000095.417, 145
Trd, 000095.833, 144.0
Trd, 000096.150, 143.0
Trd, 000097.050, 141.0
Trd, 000097.167, 142
Trd, 000097.400, 143
Trd, 000097.433, 144.0
Trd, 000098.317, 158.0
Trd, 000098.533, 162.0
Trd, 000099.117, 151
Trd, 000100.967, 149
Trd, 000101.317, 143
Trd, 000101.950, 150
Trd, 000102.117, 149
Trd, 000103.467, 147
Trd, 000105.283, 146
Trd, 000105.517, 146
Trd, 000105.700, 147
Trd, 000106.200, 158.0
Trd, 000107.283, 145
Trd, 000107.750, 144.0
Trd, 000107.850, 144
Trd, 000108.067, 150
Trd, 000108.767, 146
Trd, 000108.950, 148
Trd, 000109.100, 145
Trd, 000109.433, 144.0
Trd, 000110.533, 145
Trd, 000110.783, 142
Trd, 000111.933, 144
Trd, 000112.467, 144
Trd, 000113.017, 158.0
Trd, 000113.733, 146
Trd, 000115.433, 143
Trd, 000115.500, 143
Trd, 000116.067, 141.0
Trd, 000116.333, 142
Trd, 000116.350, 144.0
Trd, 000116.483, 146
Trd, 000117.517, 152
Trd, 000118.117, 162.0
Trd, 000118.567, 151
Trd, 000118.783, 154
Trd, 000120.867, 154
Trd, 000121.950, 150
Trd, 000122.167, 157.0
Trd, 000122.817, 156
Trd, 000122.850, 158.0
Trd, 000124.017, 150
Trd, 000125.833, 150
Trd, 000126.633, 150
Trd, 000127.600, 146
Trd, 000127.717, 146
Trd, 000129.017, 146
Trd, 000129.183, 144.0
Trd, 000130.133, 148
Trd, 000130.200, 155.0
Trd, 000130.550, 151
Trd, 000130.883, 151
Trd, 000131.483, 144.0
Trd, 000131.883, 151
Trd, 000132.250, 151
Trd, 000134.367, 146
Trd, 000135.150, 149
Trd, 000135.433, 158.0
Trd, 000136.067, 154
Trd, 000136.583, 149
Trd, 000137.783, 153
Trd, 000138.017, 150
Trd, 000138.733, 151
Trd, 000140.267, 150
Trd, 000140.283, 151
Trd, 000140.717, 152
Trd, 000141.133, 149
Trd, 000142.183, 151
Trd, 000142.700, 148
Trd, 000144.000, 148
Trd, 000144.417, 147
Trd, 000145.283, 148
Trd, 000145.367, 146
Trd, 000145.417, 149
Trd, 000145.600, 144.0
Trd, 000146.717, 145
Trd, 000147.017, 148
Trd, 000147.267, 143
Trd, 000147.517, 148
Trd, 000148.017, 152
Trd, 000148.050, 143.0
Trd, 000150.733, 144
Trd, 000152.383, 145
Trd, 000152.783, 144.0
Trd, 000152.900, 145
Trd, 000152.917, 143
Trd, 000153.000, 142
Trd, 000153.183, 141.0
Trd, 000154.050, 142
Trd, 000154.200, 142
Trd, 000155.467, 143
Trd, 000156.883, 141
Trd, 000157.167, 142.0
Trd, 000158.317, 140
Trd, 000159.117, 142.0
Trd, 000159.750, 142.0
Trd, 000160.483, 141.0
Trd, 000160.700, 142
Trd, 000161.033, 141
Trd, 000162.383, 142
Trd, 000162.850, 143
Trd, 000163.150, 144.0
Trd, 000163.317, 158.0
Trd, 000164.083, 149
Trd, 000164.367, 148
Trd, 000166.417, 148
Trd, 000166.783, 156
Trd, 000166.883, 158.0
Trd, 000167.167, 161.0
Trd, 000168.900, 156
Trd, 000168.933, 159
Trd, 000169.883, 157
Trd, 000170.517, 156
Trd, 000170.767, 155
Trd, 000171.450, 155.0
Trd, 000172.050, 157
Trd, 000172.217, 152
Trd, 000174.867, 153
Trd, 000174.917, 152
Trd, 000175.567, 151
Trd, 000175.867, 144.0
Trd, 000176.400, 151
Trd, 000177.100, 152
Trd, 000177.400, 158.0
Trd, 000177.600, 157
Trd, 000178.283, 145
Trd, 000179.367, 145
Trd, 000179.817, 149
Trd, 000180.983, 152
Trd, 000182.817, 147
Trd, 000183.567, 148
Trd, 000184.033, 147
Trd, 000184.150, 147
Trd, 000184.900, 147
Trd, 000186.117, 146
Trd, 000186.867, 149
Trd, 000188.017, 147
Trd, 000188.583, 157.0
Trd, 000189.050, 147
Trd, 000189.233, 157.0
Trd, 000189.283, 147
Trd, 000189.567, 147
Trd, 000190.317, 158.0
Trd, 000193.267, 146
Trd, 000193.367, 145
Trd, 000194.367, 147
Trd, 000194.617, 146
Trd, 000195.250, 147
Trd, 000197.133, 147
Trd, 000197.283, 153.0
Trd, 000197.400, 145
Trd, 000198.000, 151.0
Trd, 000198.783, 145
Trd, 000199.467, 144.0
Trd, 000200.050, 145
Trd, 000200.433, 146
Trd, 000201.683, 144
Trd, 000203.200, 145.0
Trd, 000203.767, 143
Trd, 000204.100, 145
Trd, 000204.667, 145
Trd, 000204.933, 144.0
Trd, 000205.717, 144
Trd, 000205.800, 146
Trd, 000206.717, 142
Trd, 000207.033, 144.0
Trd, 000207.483, 142
Trd, 000207.683, 158.0
Trd, 000207.700, 162.0
Trd, 000208.217, 158
Trd, 000210.233, 153
Trd, 000210.633, 152
Trd, 000210.667, 150
Trd, 000211.567, 150
Trd, 000211.833, 151
Trd, 000212.467, 148
Trd, 000212.900, 149
Trd, 000213.333, 147
Trd, 000213.600, 149
Trd, 000214.333, 145.0
Trd, 000215.433, 144.0
Trd, 000215.800, 141
Trd, 000216.017, 142
Trd, 000216.417, 134.0
Trd, 000216.650, 142
Trd, 000216.933, 137
Trd, 000218.767, 144
Trd, 000219.267, 141.0
Trd, 000220.033, 142
Trd, 000220.350, 143
Trd, 000220.767, 142.0
Trd, 000221.250, 144.0
Trd, 000223.133, 148
Trd, 000223.450, 156.0
Trd, 000225.000, 147
Trd, 000225.100, 147
Trd, 000225.133, 154.0
Trd, 000225.883, 150
Trd, 000226.300, 151
Trd, 000227.033, 149
Trd, 000227.217, 148
Trd, 000227.350, 146
Trd, 000229.200, 147
Trd, 000229.333, 147
Trd, 000229.900, 149
Trd, 000230.200, 150
Trd, 000232.600, 147
Trd, 000232.750, 148
Trd, 000233.117, 149
Trd, 000233.800, 148
Trd, 000234.083, 158.0
Trd, 000234.283, 147
Trd, 000235.400, 146
Trd, 000236.067, 153
Trd, 000238.000, 144.0
Trd, 000238.400, 141.0
Trd, 000238.433, 147
Trd, 000239.933, 144
Trd, 000240.033, 143
Trd, 000240.183, 144
Trd, 000240.200, 142
Trd, 000240.400, 143.0
Trd, 000240.583, 142
Trd, 000240.817, 143.0
Trd, 000241.117, 144.0
Trd, 000241.383, 146
Trd, 000241.917, 146
Trd, 000242.367, 146
Trd, 000242.850, 147
Trd, 000243.317, 147.0
Trd, 000243.850, 145
Trd, 000243.983, 148.0
Trd, 000244.167, 158.0
Trd, 000244.983, 153
Trd, 000245.283, 152
Trd, 000245.817, 154
Trd, 000245.983, 146
Trd, 000246.400, 148
Trd, 000246.583, 148
Trd, 000246.833, 147
Trd, 000247.533, 149.0
Trd, 000248.667, 147
Trd, 000249.100, 146
Trd, 000250.117, 147.0
Trd, 000250.717, 147.0
Trd, 000251.067, 148.0
Trd, 000252.133, 147
Trd, 000252.217, 148
Trd, 000252.450, 158.0
Trd, 000252.883, 162.0
Trd, 000253.600, 150
Trd, 000254.000, 152
Trd, 000254.283, 151
Trd, 000254.767, 150
Trd, 000254.883, 153
Trd, 000254.933, 148
Trd, 000255.583, 152
Trd, 000256.083, 150
Trd, 000256.250, 158.0
Trd, 000256.900, 154
Trd, 000257.233, 164.0
Trd, 000257.783, 158.0
Trd, 000258.250, 161.0
Trd, 000258.833, 161
Trd, 000259.967, 161
Trd, 000260.300, 160
Trd, 000261.267, 158
Trd, 000261.383, 154
Trd, 000261.717, 154
Trd, 000261.833, 154
Trd, 000262.017, 158
Trd, 000262.550, 144.0
Trd, 000262.617, 151
Trd, 000263.233, 149
Trd, 000263.850, 150
Trd, 000263.967, 161.0
Trd, 000265.367, 151
Trd, 000265.800, 151
Trd, 000266.183, 152
Trd, 000266.383, 151
Trd, 000266.550, 152
Trd, 000267.283, 150
Trd, 000267.800, 148
Trd, 000267.900, 152
Trd, 000268.783, 147
Trd, 000268.817, 148
Trd, 000269.433, 147
Trd, 000269.450, 148
Trd, 000269.567, 144.0
Trd, 000269.617, 158.0
Trd, 000270.350, 154
Trd, 000270.600, 151.0
Trd, 000270.950, 150
Trd, 000271.683, 149
Trd, 000271.867, 150
Trd, 000272.133, 154
Trd, 000273.067, 154
Trd, 000273.183, 156.0
Trd, 000273.550, 156
Trd, 000273.950, 154
Trd, 000274.467, 158.0
Trd, 000275.267, 154
Trd, 000275.433, 152
Trd, 000276.050, 155
Trd, 000276.417, 152
Trd, 000276.667, 151
Trd, 000276.867, 152
Trd, 000277.517, 154
Trd, 000278.033, 154
Trd, 000278.150, 150
Trd, 000278.450, 149
Trd, 000279.850, 144.0
Trd, 000280.117, 141.0
Trd, 000280.133, 145
Trd, 000280.367, 145.0
Trd, 000280.867, 145
Trd, 000280.950, 146
Trd, 000282.067, 154.0
Trd, 000282.467, 158.0
Trd, 000283.000, 155
Trd, 000283.050, 155
Trd, 000283.133, 147.0
Trd, 000283.783, 151
Trd, 000283.983, 152
Trd, 000284.400, 150
Trd, 000284.483, 155
Trd, 000285.567, 156
Trd, 000285.667, 157.0
Trd, 000286.217, 149
Trd, 000286.333, 148
Trd, 000286.933, 158.0
Trd, 000287.250, 162.0
Trd, 000288.000, 145.0
Trd, 000288.200, 147
Trd, 000288.800, 152.0
Trd, 000288.817, 165.0
Trd, 000289.367, 168
Trd, 000290.883, 161.0
Trd, 000291.117, 162.0
Trd, 000291.733, 157
Trd, 000291.983, 157
Trd, 000292.350, 157
Trd, 000292.883, 155
Trd, 000292.950, 147
Trd, 000292.983, 144.0
Trd, 000293.133, 141.0
Trd, 000293.433, 153
Trd, 000294.317, 152
Trd, 000294.467, 144
Trd, 000294.617, 153
Trd, 000294.700, 144.0
Trd, 000294.750, 145
Trd, 000294.933, 144
Trd, 000295.517, 148.0
Trd, 000295.783, 158.0
Trd, 000296.850, 170.0
Trd, 000298.067, 168.0
Trd, 000298.217, 158.0
Trd, 000298.650, 164
Trd, 000299.450, 159
