Trd, 000001.433, 158
Trd, 000002.983, 151
Trd, 000003.600, 147.0
Trd, 000005.017, 145
Trd, 000005.067, 159
Trd, 000005.200, 146
Trd, 000005.350, 160
Trd, 000006.033, 161
Trd, 000006.800, 160
Trd, 000008.217, 152
Trd, 000008.267, 158
Trd, 000008.783, 158
Trd, 000009.483, 159
Trd, 000010.100, 176
Trd, 000011.200, 166
Trd, 000011.317, 158
Trd, 000011.800, 159
Trd, 000012.233, 154
Trd, 000012.583, 159
Trd, 000012.883, 158
Trd, 000013.583, 158
Trd, 000015.467, 156
Trd, 000016.317, 157
Trd, 000016.467, 153
Trd, 000017.467, 173
Trd, 000018.850, 154
Trd, 000019.200, 161
Trd, 000020.117, 158
Trd, 000020.500, 159
Trd, 000020.617, 147
Trd, 000021.067, 162
Trd, 000024.417, 156
Trd, 000024.483, 158
Trd, 000025.833, 158
Trd, 000026.200, 156
Trd, 000026.417, 156
Trd, 000026.717, 153
Trd, 000026.950, 147
Trd, 000028.633, 152
Trd, 000028.983, 152
Trd, 000029.567, 152
Trd, 000029.717, 151
Trd, 000029.883, 154
Trd, 000030.217, 148
Trd, 000030.400, 179
Trd, 000030.417, 164
Trd, 000032.500, 155
Trd, 000032.533, 165
Trd, 000032.967, 179
Trd, 000033.000, 151
Trd, 000033.083, 139
Trd, 000034.333, 159
Trd, 000034.967, 169
Trd, 000036.467, 159
Trd, 000036.583, 161
Trd, 000037.000, 149
Trd, 000037.717, 177
Trd, 000041.817, 164
Trd, 000042.650, 164
Trd, 000043.067, 164
Trd, 000043.367, 164
Trd, 000043.783, 162
Trd, 000043.950, 162
Trd, 000044.300, 162.0
Trd, 000044.717, 160
Trd, 000044.917, 164
Trd, 000045.783, 149
Trd, 000046.083, 164
Trd, 000046.533, 144.0
Trd, 000047.533, 151
Trd, 000048.833, 149
Trd, 000049.150, 150
Trd, 000049.467, 149
Trd, 000050.017, 145
Trd, 000051.367, 149
Trd, 000051.550, 146
Trd, 000051.817, 151
Trd, 000052.200, 152
Trd, 000052.217, 145
Trd, 000052.550, 157
Trd, 000054.167, 164
Trd, 000056.133, 164
Trd, 000056.200, 171
Trd, 000058.617, 164
Trd, 000059.233, 164
Trd, 000059.417, 163
Trd, 000060.117, 162.0
Trd, 000060.433, 162
Trd, 000061.317, 160
Trd, 000062.533, 155
Trd, 000062.617, 159
Trd, 000062.750, 160
Trd, 000063.167, 146
Trd, 000063.683, 162
Trd, 000065.367, 158
Trd, 000066.400, 157
Trd, 000066.800, 154
Trd, 000067.950, 157
Trd, 000068.333, 154
Trd, 000068.517, 153
Trd, 000068.867, 147
Trd, 000069.650, 156
Trd, 000070.767, 153
Trd, 000070.933, 154
Trd, 000071.683, 152
Trd, 000072.133, 152
Trd, 000072.800, 152
Trd, 000072.867, 153
Trd, 000073.517, 154
Trd, 000073.750, 151
Trd, 000074.833, 153
Trd, 000075.383, 152
Trd, 000075.967, 151
Trd, 000076.400, 177
Trd, 000078.600, 169
Trd, 000078.850, 167
Trd, 000079.417, 173
Trd, 000080.067, 169
Trd, 000080.567, 165
Trd, 000081.533, 165
Trd, 000081.700, 165
Trd, 000082.117, 162.0
Trd, 000082.567, 163
Trd, 000082.817, 163
Trd, 000083.167, 162
Trd, 000083.650, 160
Trd, 000084.900, 164
Trd, 000084.983, 161
Trd, 000086.200, 160
Trd, 000086.233, 161
Trd, 000086.417, 154
Trd, 000086.600, 151
Trd, 000087.817, 150
Trd, 000087.867, 157
Trd, 000088.283, 158
Trd, 000089.467, 158
Trd, 000090.750, 152
Trd, 000091.433, 153
Trd, 000092.217, 153
Trd, 000092.433, 154
Trd, 000093.200, 154
Trd, 000093.217, 152
Trd, 000094.567, 150
Trd, 000094.767, 154
Trd, 000096.600, 153
Trd, 000096.800, 153
Trd, 000098.050, 152
Trd, 000099.233, 152
Trd, 000099.383, 153
Trd, 000099.450, 182.0
Trd, 000101.883, 155
Trd, 000102.517, 154
Trd, 000102.733, 155
Trd, 000103.383, 155
Trd, 000104.233, 154
Trd, 000105.333, 155
Trd, 000106.133, 154
Trd, 000106.417, 151
Trd, 000108.267, 156
Trd, 000108.733, 155
Trd, 000108.883, 156
Trd, 000109.450, 153
Trd, 000109.633, 152
Trd, 000110.150, 153
Trd, 000110.967, 152
Trd, 000112.000, 153
Trd, 000112.200, 152
Trd, 000112.883, 152
Trd, 000113.717, 151
Trd, 000114.367, 152
Trd, 000114.533, 151
Trd, 000114.917, 152
Trd, 000115.050, 153
Trd, 000116.867, 152
Trd, 000116.983, 150
Trd, 000118.233, 150
Trd, 000118.900, 153
Trd, 000119.333, 152
Trd, 000120.600, 149
Trd, 000120.900, 149
Trd, 000121.133, 147
Trd, 000121.350, 151
Trd, 000122.233, 182.0
Trd, 000123.583, 164
Trd, 000123.783, 171
Trd, 000124.450, 165
Trd, 000124.517, 162.0
Trd, 000124.817, 162
Trd, 000126.400, 161
Trd, 000128.233, 161
Trd, 000128.433, 158
Trd, 000129.583, 160
Trd, 000129.733, 159
Trd, 000131.067, 159
Trd, 000132.233, 158
Trd, 000132.483, 159
Trd, 000132.500, 157
Trd, 000132.517, 145
Trd, 000132.650, 144.0
Trd, 000133.100, 154
Trd, 000133.550, 154
Trd, 000134.367, 155
Trd, 000135.117, 154
Trd, 000135.167, 152
Trd, 000135.683, 173
Trd, 000137.400, 151
Trd, 000138.250, 157
Trd, 000138.533, 158
Trd, 000139.417, 158
Trd, 000139.733, 151
Trd, 000139.883, 150
Trd, 000140.117, 150
Trd, 000140.717, 178
Trd, 000141.850, 161
Trd, 000142.450, 165
Trd, 000143.050, 160
Trd, 000143.717, 147
Trd, 000145.083, 164
Trd, 000145.817, 161
Trd, 000146.150, 163
Trd, 000146.483, 161
Trd, 000147.267, 160
Trd, 000148.533, 159
Trd, 000149.050, 157
Trd, 000149.917, 148
Trd, 000150.317, 142.0
Trd, 000151.700, 148
Trd, 000151.867, 148
Trd, 000152.333, 149
Trd, 000152.550, 148
Trd, 000152.750, 144.0
Trd, 000152.850, 141.0
Trd, 000155.317, 144
Trd, 000155.550, 149
Trd, 000155.900, 142
Trd, 000157.583, 145
Trd, 000157.767, 145
Trd, 000158.367, 144.0
Trd, 000158.467, 145
Trd, 000158.533, 141.0
Trd, 000159.267, 145
Trd, 000160.083, 145
Trd, 000161.033, 146
Trd, 000161.133, 145
Trd, 000161.817, 146
Trd, 000162.983, 179
Trd, 000163.550, 168
Trd, 000164.350, 162.0
Trd, 000164.767, 164
Trd, 000165.500, 161
Trd, 000165.817, 161
Trd, 000165.900, 164
Trd, 000167.367, 155
Trd, 000167.683, 155
Trd, 000168.000, 144
Trd, 000168.150, 144.0
Trd, 000168.533, 153
Trd, 000169.500, 152
Trd, 000170.833, 152
Trd, 000171.150, 153
Trd, 000173.333, 151
Trd, 000173.983, 151
Trd, 000174.133, 150
Trd, 000174.217, 151
Trd, 000174.650, 149
Trd, 000175.033, 152
Trd, 000175.383, 182.0
Trd, 000176.167, 158
Trd, 000176.733, 164
Trd, 000177.900, 164
Trd, 000179.667, 163
Trd, 000179.933, 175
Trd, 000180.317, 163
Trd, 000180.333, 162.0
Trd, 000180.450, 169
Trd, 000180.567, 160
Trd, 000181.817, 169
Trd, 000182.233, 165
Trd, 000182.817, 159
Trd, 000183.733, 161
Trd, 000185.067, 159
Trd, 000185.400, 160
Trd, 000186.000, 158
Trd, 000186.500, 158
Trd, 000187.217, 158
Trd, 000188.533, 156
Trd, 000188.900, 158
Trd, 000189.200, 149
Trd, 000189.550, 155
Trd, 000190.400, 154
Trd, 000191.067, 154
Trd, 000191.367, 153
Trd, 000192.067, 152
Trd, 000192.550, 147
Trd, 000192.567, 153
Trd, 000194.267, 157
Trd, 000195.933, 161
Trd, 000196.117, 160
Trd, 000196.983, 159
Trd, 000197.067, 160
Trd, 000197.583, 158
Trd, 000198.117, 158
Trd, 000198.767, 160
Trd, 000199.350, 162
Trd, 000200.017, 160
Trd, 000200.867, 159
Trd, 000201.350, 163
Trd, 000202.767, 157
Trd, 000202.983, 163
Trd, 000203.417, 154
Trd, 000205.867, 159
Trd, 000207.317, 157
Trd, 000207.400, 156
Trd, 000207.700, 161
Trd, 000209.100, 177
Trd, 000209.417, 155
Trd, 000210.217, 179
Trd, 000212.317, 160
Trd, 000212.350, 155
Trd, 000212.600, 165
Trd, 000213.183, 166
Trd, 000213.883, 170
Trd, 000214.367, 164
Trd, 000214.600, 166
Trd, 000215.633, 164
Trd, 000216.317, 164
Trd, 000216.383, 163
Trd, 000217.283, 163
Trd, 000218.983, 162
Trd, 000220.133, 162.0
Trd, 000220.483, 162
Trd, 000220.583, 161
Trd, 000221.450, 161
Trd, 000221.533, 162
Trd, 000221.933, 160
Trd, 000222.517, 155
Trd, 000222.617, 158
Trd, 000223.217, 157
Trd, 000224.317, 156
Trd, 000224.750, 154
Trd, 000225.833, 152
Trd, 000226.217, 163
Trd, 000226.483, 164
Trd, 000228.117, 175
Trd, 000228.300, 180
Trd, 000230.550, 160
Trd, 000230.850, 161
Trd, 000231.683, 159
Trd, 000232.800, 159
Trd, 000233.500, 156
Trd, 000233.567, 157
Trd, 000233.633, 146
Trd, 000235.133, 145
Trd, 000235.533, 154
Trd, 000236.233, 155
Trd, 000237.567, 153
Trd, 000237.867, 152
Trd, 000238.383, 151
Trd, 000238.583, 152
Trd, 000239.567, 154
Trd, 000240.183, 154
Trd, 000240.667, 163
Trd, 000241.233, 168
Trd, 000241.850, 164
Trd, 000241.983, 162
Trd, 000242.100, 165
Trd, 000242.267, 162.0
Trd, 000242.567, 158
Trd, 000243.017, 157
Trd, 000243.317, 147
Trd, 000244.800, 151
Trd, 000245.100, 152
Trd, 000245.267, 153
Trd, 000245.750, 151
Trd, 000245.800, 149
Trd, 000245.917, 151
Trd, 000247.433, 149
Trd, 000247.650, 147
Trd, 000247.817, 147
Trd, 000248.400, 147
Trd, 000248.900, 145
Trd, 000248.967, 146
Trd, 000249.233, 141.0
Trd, 000249.633, 147
Trd, 000250.683, 147
Trd, 000251.000, 145
Trd, 000251.417, 147.0
Trd, 000251.650, 146
Trd, 000251.967, 147
Trd, 000252.200, 148.0
Trd, 000252.383, 147.0
Trd, 000252.500, 155.0
Trd, 000253.050, 155.0
Trd, 000253.633, 158.0
Trd, 000254.433, 150
Trd, 000254.983, 154
Trd, 000255.650, 153
Trd, 000257.150, 154
Trd, 000257.350, 153
Trd, 000257.550, 155
Trd, 000257.717, 155
Trd, 000258.067, 155
Trd, 000258.517, 155
Trd, 000258.633, 153
Trd, 000258.650, 156
Trd, 000259.133, 153
Trd, 000259.383, 154.0
Trd, 000260.150, 153
Trd, 000261.450, 152
Trd, 000261.667, 152
Trd, 000261.933, 152
Trd, 000262.267, 151
Trd, 000262.367, 146
Trd, 000262.583, 152
Trd, 000263.333, 151.0
Trd, 000263.567, 152
Trd, 000264.067, 149
Trd, 000264.317, 150
Trd, 000265.750, 150
Trd, 000265.850, 151
Trd, 000266.183, 149
Trd, 000266.650, 145
Trd, 000266.883, 145
Trd, 000266.917, 146
Trd, 000266.933, 144.0
Trd, 000267.317, 149
Trd, 000267.350, 150
Trd, 000267.533, 162.0
Trd, 000268.650, 153
Trd, 000269.117, 152
Trd, 000269.483, 169
Trd, 000270.183, 167
Trd, 000270.817, 165
Trd, 000271.067, 162
Trd, 000271.533, 159
Trd, 000272.667, 163
Trd, 000272.867, 165
Trd, 000273.167, 159
Trd, 000274.367, 154
Trd, 000274.567, 158
Trd, 000274.600, 153
Trd, 000274.667, 150
Trd, 000274.750, 147
Trd, 000275.383, 157
Trd, 000275.800, 156
Trd, 000276.583, 152
Trd, 000276.750, 147
Trd, 000277.767, 150
Trd, 000278.367, 148
Trd, 000278.417, 149
Trd, 000278.467, 146
Trd, 000279.367, 144
Trd, 000279.700, 148.0
Trd, 000280.317, 146
Trd, 000280.517, 148
Trd, 000280.850, 144.0
Trd, 000281.233, 147
Trd, 000282.233, 147
Trd, 000282.333, 147
Trd, 000282.383, 145
Trd, 000282.683, 151.0
Trd, 000282.967, 143
Trd, 000283.383, 152.0
Trd, 000283.983, 144.0
Trd, 000284.100, 160.0
Trd, 000284.400, 147
Trd, 000286.383, 148.0
Trd, 000286.650, 151.0
Trd, 000287.550, 146
Trd, 000287.817, 149
Trd, 000287.967, 150
Trd, 000288.283, 148
Trd, 000288.383, 149
Trd, 000288.883, 146
Trd, 000289.267, 146
Trd, 000289.283, 149.0
Trd, 000289.483, 150.0
Trd, 000290.133, 150
Trd, 000290.333, 151.0
Trd, 000290.700, 162.0
Trd, 000291.750, 157
Trd, 000291.800, 155
Trd, 000292.517, 154
Trd, 000292.933, 165
Trd, 000293.517, 156
Trd, 000293.633, 153
Trd, 000293.983, 154
Trd, 000294.300, 150
Trd, 000294.967, 144.0
Trd, 000295.317, 147.0
Trd, 000296.767, 144
Trd, 000297.350, 144.0
Trd, 000297.483, 145
Trd, 000297.767, 146
Trd, 000298.033, 144.0
Trd, 000298.383, 147
Trd, 000298.733, 148
Trd, 000298.767, 148.0
Trd, 000298.817, 162.0
Trd, 000299.067, 145
Trd, 000299.367, 144
