Trd, 000001.967, 113.0
Trd, 000002.117, 163
Trd, 000002.850, 182.0
Trd, 000003.283, 167
Trd, 000005.000, 159.0
Trd, 000005.433, 158
Trd, 000005.450, 159
Trd, 000005.483, 158.0
Trd, 000007.067, 153.0
Trd, 000007.950, 153.0
Trd, 000008.183, 153
Trd, 000008.217, 151.0
Trd, 000010.200, 151
Trd, 000010.367, 152
Trd, 000010.400, 151
Trd, 000010.500, 153
Trd, 000010.533, 149
Trd, 000010.550, 153
Trd, 000011.050, 150
Trd, 000011.483, 150
Trd, 000011.950, 155.0
Trd, 000012.733, 158.0
Trd, 000012.867, 149
Trd, 000014.350, 151
Trd, 000015.133, 151
Trd, 000015.933, 155
Trd, 000016.233, 155
Trd, 000016.567, 155
Trd, 000016.633, 156
Trd, 000017.033, 153
Trd, 000017.317, 158.0
Trd, 000017.717, 152
Trd, 000020.617, 156
Trd, 000020.933, 156
Trd, 000021.550, 156
Trd, 000021.683, 162
Trd, 000021.767, 156
Trd, 000021.800, 155
Trd, 000022.200, 156
Trd, 000022.417, 158.0
Trd, 000023.567, 159.0
Trd, 000023.633, 158.0
Trd, 000023.850, 157
Trd, 000023.950, 162.0
Trd, 000025.033, 163
Trd, 000025.883, 155.0
Trd, 000026.367, 159
Trd, 000027.150, 157
Trd, 000028.667, 156
Trd, 000028.783, 156
Trd, 000028.800, 157
Trd, 000028.833, 158.0
Trd, 000029.783, 154
Trd, 000030.233, 147
Trd, 000031.033, 143
Trd, 000031.200, 155.0
Trd, 000031.500, 144
Trd, 000031.533, 158
Trd, 000031.983, 134.0
Trd, 000033.100, 152
Trd, 000034.533, 154
Trd, 000034.733, 154
Trd, 000035.167, 151
Trd, 000035.250, 153.0
Trd, 000035.867, 155
Trd, 000036.150, 158
Trd, 000036.317, 162
Trd, 000036.417, 151
Trd, 000036.817, 151.0
Trd, 000036.917, 155.0
Trd, 000037.683, 153
Trd, 000038.200, 154
Trd, 000039.283, 158.0
Trd, 000039.850, 155
Trd, 000040.733, 155
Trd, 000040.950, 157
Trd, 000041.833, 154
Trd, 000043.850, 153
Trd, 000043.950, 152
Trd, 000044.000, 154
Trd, 000044.033, 156
Trd, 000044.450, 154.0
Trd, 000045.317, 154.0
Trd, 000045.567, 152.0
Trd, 000045.800, 151.0
Trd, 000046.283, 155
Trd, 000046.550, 155.0
Trd, 000046.933, 151
Trd, 000047.667, 158.0
Trd, 000048.150, 155.0
Trd, 000048.667, 154
Trd, 000049.567, 154
Trd, 000050.767, 153
Trd, 000050.850, 151.0
Trd, 000051.200, 149
Trd, 000052.467, 151
Trd, 000052.833, 159.0
Trd, 000053.300, 153
Trd, 000053.650, 151
Trd, 000054.467, 152
Trd, 000054.567, 158.0
Trd, 000054.633, 151
Trd, 000055.817, 153
Trd, 000056.417, 155
Trd, 000056.650, 157.0
Trd, 000056.917, 158.0
Trd, 000057.433, 158
Trd, 000058.367, 155
Trd, 000059.167, 153
Trd, 000059.450, 153
Trd, 000059.733, 158
Trd, 000059.800, 162
Trd, 000060.550, 151.0
Trd, 000061.367, 154.0
Trd, 000061.750, 155.0
Trd, 000062.467, 155.0
Trd, 000062.817, 157
Trd, 000063.433, 155
Trd, 000063.767, 156
Trd, 000064.233, 157.0
Trd, 000065.483, 157.0
Trd, 000066.133, 156
Trd, 000066.433, 155
Trd, 000066.533, 157
Trd, 000066.917, 155
Trd, 000067.550, 154
Trd, 000068.033, 156.0
Trd, 000068.283, 158.0
Trd, 000068.817, 156.0
Trd, 000068.850, 162
Trd, 000070.117, 172.0
Trd, 000071.017, 163
Trd, 000071.100, 158.0
Trd, 000072.017, 169
Trd, 000072.233, 165
Trd, 000072.650, 164
Trd, 000073.150, 155
Trd, 000073.783, 158.0
Trd, 000074.567, 160
Trd, 000075.083, 160
Trd, 000075.133, 162
Trd, 000075.200, 158
Trd, 000075.883, 162
Trd, 000076.000, 157
Trd, 000076.350, 163
Trd, 000076.400, 158.0
Trd, 000079.033, 162
Trd, 000079.350, 162
Trd, 000079.567, 161
Trd, 000080.133, 164
Trd, 000080.600, 165.0
Trd, 000080.983, 162
Trd, 000081.017, 161
Trd, 000081.767, 161
Trd, 000082.917, 156.0
Trd, 000083.117, 155
Trd, 000083.433, 154
Trd, 000083.767, 156
Trd, 000083.783, 151.0
Trd, 000083.933, 157
Trd, 000085.450, 155
Trd, 000086.333, 155.0
Trd, 000088.083, 152
Trd, 000088.300, 151
Trd, 000088.817, 154.0
Trd, 000089.917, 154.0
Trd, 000090.300, 154.0
Trd, 000090.767, 153.0
Trd, 000090.883, 151.0
Trd, 000091.033, 150
Trd, 000091.100, 150
Trd, 000091.650, 152
Trd, 000091.683, 147
Trd, 000092.067, 151
Trd, 000092.750, 151
Trd, 000093.800, 148
Trd, 000094.350, 150
Trd, 000094.367, 137.0
Trd, 000096.567, 149
Trd, 000097.133, 158.0
Trd, 000097.467, 152
Trd, 000097.950, 150
Trd, 000098.300, 152
Trd, 000098.400, 154
Trd, 000099.750, 149
Trd, 000100.000, 148
Trd, 000100.150, 148
Trd, 000100.867, 152.0
Trd, 000101.133, 155.0
Trd, 000101.367, 156
Trd, 000102.000, 158.0
Trd, 000102.617, 153
Trd, 000103.150, 152
Trd, 000103.300, 154
Trd, 000104.050, 152
Trd, 000104.983, 154
Trd, 000105.283, 158.0
Trd, 000105.400, 162
Trd, 000105.717, 154
Trd, 000106.033, 154.0
Trd, 000106.367, 153
Trd, 000106.600, 152
Trd, 000108.800, 155.0
Trd, 000109.467, 157.0
Trd, 000109.617, 158.0
Trd, 000110.117, 152
Trd, 000110.833, 157
Trd, 000111.150, 158
Trd, 000112.067, 156
Trd, 000112.417, 156
Trd, 000112.717, 155
Trd, 000113.050, 156
Trd, 000113.567, 155
Trd, 000113.967, 158.0
Trd, 000114.250, 154
Trd, 000114.600, 162
Trd, 000115.367, 155
Trd, 000117.167, 155
Trd, 000117.683, 156
Trd, 000118.600, 155.0
Trd, 000118.633, 154
Trd, 000118.850, 158
Trd, 000119.217, 154
Trd, 000119.367, 157.0
Trd, 000119.417, 152
Trd, 000120.767, 155.0
Trd, 000121.233, 152
Trd, 000121.333, 153
Trd, 000122.283, 154
Trd, 000122.700, 154
Trd, 000122.983, 155
Trd, 000124.017, 155
Trd, 000124.767, 155
Trd, 000125.133, 154
Trd, 000125.250, 155
Trd, 000126.483, 156.0
Trd, 000127.583, 158.0
Trd, 000128.083, 157
Trd, 000128.350, 154
Trd, 000128.500, 154
Trd, 000128.567, 157
Trd, 000128.700, 153
Trd, 000129.900, 158
Trd, 000130.033, 160
Trd, 000130.983, 154
Trd, 000131.117, 161
Trd, 000131.950, 158.0
Trd, 000132.817, 158
Trd, 000132.883, 153
Trd, 000132.917, 151.0
Trd, 000133.083, 160
Trd, 000133.283, 162
Trd, 000134.367, 163
Trd, 000134.917, 161
Trd, 000136.033, 172.0
Trd, 000136.183, 179
Trd, 000136.467, 166
Trd, 000136.817, 163
Trd, 000137.267, 158.0
Trd, 000138.100, 158
Trd, 000138.383, 156
Trd, 000138.417, 154
Trd, 000139.150, 164
Trd, 000139.650, 162
Trd, 000140.500, 152.0
Trd, 000140.767, 158
Trd, 000140.883, 147
Trd, 000141.267, 154
Trd, 000141.383, 156
Trd, 000141.600, 157
Trd, 000142.583, 138
Trd, 000142.833, 159
Trd, 000143.917, 149
Trd, 000144.700, 154
Trd, 000145.233, 152
Trd, 000145.250, 153
Trd, 000146.850, 153
Trd, 000147.500, 152
Trd, 000147.667, 152
Trd, 000147.850, 147
Trd, 000148.350, 153
Trd, 000148.867, 155.0
Trd, 000149.717, 157.0
Trd, 000149.750, 153
Trd, 000149.817, 158.0
Trd, 000150.383, 152
Trd, 000150.600, 152
Trd, 000151.817, 154.0
Trd, 000152.117, 155
Trd, 000152.317, 158.0
Trd, 000153.183, 160
Trd, 000153.417, 160
Trd, 000153.433, 159
Trd, 000153.667, 157
Trd, 000155.483, 159
Trd, 000155.617, 158.0
Trd, 000156.267, 160
Trd, 000156.683, 158
Trd, 000158.683, 156
Trd, 000159.483, 156
Trd, 000159.567, 153
Trd, 000159.967, 155.0
Trd, 000160.950, 157
Trd, 000161.200, 156.0
Trd, 000161.417, 156
Trd, 000161.467, 155.0
Trd, 000161.533, 158.0
Trd, 000162.283, 155.0
Trd, 000163.300, 156
Trd, 000163.350, 154
Trd, 000164.067, 153
Trd, 000165.050, 154
Trd, 000166.417, 153
Trd, 000166.617, 152
Trd, 000166.700, 152
Trd, 000167.717, 154
Trd, 000167.983, 155
Trd, 000168.500, 155.0
Trd, 000168.783, 153
Trd, 000168.967, 151.0
Trd, 000170.750, 153
Trd, 000170.767, 154
Trd, 000171.600, 152
Trd, 000171.917, 151
Trd, 000172.850, 156.0
Trd, 000172.967, 155.0
Trd, 000173.483, 155.0
Trd, 000173.650, 153.0
Trd, 000173.750, 156.0
Trd, 000174.300, 158.0
Trd, 000174.367, 162
Trd, 000175.083, 154
Trd, 000175.300, 155
Trd, 000176.400, 156
Trd, 000178.083, 155
Trd, 000178.633, 156
Trd, 000179.133, 155
Trd, 000179.633, 155.0
Trd, 000179.750, 156
Trd, 000180.600, 154
Trd, 000180.750, 165.0
Trd, 000181.350, 155.0
Trd, 000182.350, 155
Trd, 000182.967, 154
Trd, 000183.150, 155
Trd, 000183.233, 153
Trd, 000183.767, 155
Trd, 000184.533, 152.0
Trd, 000184.633, 155.0
Trd, 000185.550, 155
Trd, 000186.633, 152.0
Trd, 000187.750, 152
Trd, 000188.233, 151.0
Trd, 000188.483, 153
Trd, 000188.583, 153
Trd, 000189.067, 153
Trd, 000190.383, 152
Trd, 000190.450, 150
Trd, 000190.900, 155
Trd, 000191.667, 154.0
Trd, 000191.900, 155.0
Trd, 000195.450, 151
Trd, 000195.667, 152
Trd, 000195.733, 150
Trd, 000195.767, 149
Trd, 000196.550, 151
Trd, 000196.967, 151
Trd, 000197.067, 150
Trd, 000197.083, 152
Trd, 000198.183, 153
Trd, 000198.717, 155.0
Trd, 000198.950, 158.0
Trd, 000199.733, 155.0
Trd, 000199.833, 149
Trd, 000201.050, 155
Trd, 000201.367, 155
Trd, 000201.500, 156
Trd, 000202.600, 154
Trd, 000202.783, 155
Trd, 000203.633, 155
Trd, 000203.950, 153
Trd, 000204.700, 155.0
Trd, 000204.783, 155
Trd, 000205.350, 154
Trd, 000206.217, 155
Trd, 000206.600, 154
Trd, 000207.050, 156.0
Trd, 000207.933, 156.0
Trd, 000208.633, 157
Trd, 000209.567, 158.0
Trd, 000210.017, 157
Trd, 000210.700, 155
Trd, 000210.950, 162
Trd, 000211.417, 172.0
Trd, 000211.483, 169
Trd, 000211.983, 154
Trd, 000212.300, 152.0
Trd, 000213.833, 154
Trd, 000213.983, 153.0
Trd, 000214.467, 151.0
Trd, 000215.000, 154.0
Trd, 000215.417, 154.0
Trd, 000216.283, 153
Trd, 000216.417, 154
Trd, 000216.433, 155
Trd, 000216.667, 155.0
Trd, 000217.000, 161
Trd, 000217.567, 154
Trd, 000218.767, 156
Trd, 000219.967, 156
Trd, 000220.067, 154
Trd, 000220.300, 159
Trd, 000220.550, 162
Trd, 000221.900, 156
Trd, 000222.100, 155
Trd, 000222.217, 156
Trd, 000222.283, 156
Trd, 000222.350, 158.0
Trd, 000224.233, 158.0
Trd, 000224.600, 155
Trd, 000225.600, 155
Trd, 000226.367, 155.0
Trd, 000226.433, 157.0
Trd, 000226.817, 154
Trd, 000227.783, 154
Trd, 000227.833, 155
Trd, 000227.950, 155.0
Trd, 000228.433, 153
Trd, 000229.383, 157
Trd, 000229.417, 153
Trd, 000229.817, 156
Trd, 000230.883, 153
Trd, 000231.067, 156
Trd, 000231.767, 157.0
Trd, 000231.967, 158.0
Trd, 000232.267, 156
Trd, 000232.300, 162
Trd, 000233.050, 157
Trd, 000233.067, 156
Trd, 000235.067, 155.0
Trd, 000235.233, 153
Trd, 000235.617, 156
Trd, 000235.833, 153.0
Trd, 000236.317, 155
Trd, 000237.317, 154.0
Trd, 000237.867, 155
Trd, 000238.617, 155
Trd, 000238.867, 158.0
Trd, 000239.067, 155
Trd, 000239.333, 159
Trd, 000240.133, 172.0
Trd, 000240.517, 158.0
Trd, 000240.917, 159
Trd, 000241.650, 162
Trd, 000242.117, 159
Trd, 000243.267, 162
Trd, 000243.833, 161
Trd, 000244.083, 160
Trd, 000244.217, 160
Trd, 000244.317, 159
Trd, 000244.583, 154
Trd, 000244.683, 160
Trd, 000245.283, 152.0
Trd, 000245.917, 152
Trd, 000246.033, 153
Trd, 000246.417, 152
Trd, 000246.583, 154.0
Trd, 000246.950, 155.0
Trd, 000247.733, 152
Trd, 000248.167, 152
Trd, 000249.633, 151
Trd, 000249.717, 152
Trd, 000250.183, 151
Trd, 000250.250, 151
Trd, 000250.617, 152
Trd, 000250.650, 150
Trd, 000250.900, 148
Trd, 000251.283, 157.0
Trd, 000251.483, 149
Trd, 000251.533, 158.0
Trd, 000251.983, 153.0
Trd, 000253.300, 154.0
Trd, 000253.467, 155.0
Trd, 000254.200, 153
Trd, 000254.233, 155
Trd, 000254.417, 158.0
Trd, 000254.900, 155.0
Trd, 000255.600, 152
Trd, 000255.633, 152.0
Trd, 000256.067, 151.0
Trd, 000256.400, 151
Trd, 000256.650, 149
Trd, 000256.750, 152
Trd, 000256.933, 155
Trd, 000257.417, 147
Trd, 000259.117, 149.0
Trd, 000259.150, 148
Trd, 000259.617, 156.0
Trd, 000260.133, 155
Trd, 000260.650, 151
Trd, 000260.683, 153
Trd, 000260.833, 151.0
Trd, 000260.883, 150
Trd, 000261.750, 154
Trd, 000262.350, 155.0
Trd, 000262.450, 152
Trd, 000263.033, 152
Trd, 000263.183, 155
Trd, 000263.250, 151
Trd, 000263.900, 157.0
Trd, 000264.833, 153.0
Trd, 000264.883, 147
Trd, 000265.050, 156.0
Trd, 000265.750, 155
Trd, 000266.067, 157.0
Trd, 000267.017, 155.0
Trd, 000267.400, 153
Trd, 000268.217, 156
Trd, 000268.550, 158.0
Trd, 000268.833, 155.0
Trd, 000268.950, 162
Trd, 000269.150, 164.0
Trd, 000269.550, 158.0
Trd, 000270.000, 154
Trd, 000270.083, 153
Trd, 000271.750, 156.0
Trd, 000272.100, 156
Trd, 000272.583, 153
Trd, 000272.683, 151.0
Trd, 000273.000, 157.0
Trd, 000274.100, 153
Trd, 000274.250, 152
Trd, 000274.267, 151
Trd, 000274.867, 152
Trd, 000275.050, 152
Trd, 000275.067, 154
Trd, 000275.317, 155.0
Trd, 000275.633, 151.0
Trd, 000275.800, 150
Trd, 000276.017, 149
Trd, 000276.833, 149
Trd, 000277.117, 151.0
Trd, 000277.617, 154
Trd, 000277.883, 152.0
Trd, 000279.267, 155.0
Trd, 000279.400, 152.0
Trd, 000279.467, 151.0
Trd, 000280.333, 156.0
Trd, 000280.417, 151
Trd, 000280.483, 157.0
Trd, 000280.917, 158.0
Trd, 000281.667, 152
Trd, 000281.850, 158
Trd, 000282.150, 150
Trd, 000282.483, 157
Trd, 000283.283, 158
Trd, 000283.783, 160
Trd, 000284.067, 162
Trd, 000285.017, 153
Trd, 000285.300, 155
Trd, 000285.833, 155
Trd, 000286.500, 156
Trd, 000286.650, 157
Trd, 000286.883, 156
Trd, 000287.117, 157.0
Trd, 000287.200, 154
Trd, 000287.650, 157.0
Trd, 000288.000, 157
Trd, 000288.267, 158.0
Trd, 000289.367, 154
Trd, 000290.533, 154
Trd, 000290.550, 151.0
Trd, 000290.983, 154
Trd, 000291.117, 158.0
Trd, 000291.467, 151
Trd, 000291.483, 147
Trd, 000291.500, 165.0
Trd, 000292.217, 159.0
Trd, 000292.250, 158.0
Trd, 000292.300, 159
Trd, 000292.717, 153
Trd, 000293.017, 155.0
Trd, 000293.317, 157
Trd, 000294.083, 160
Trd, 000295.267, 151
Trd, 000295.567, 152
Trd, 000295.617, 152
Trd, 000295.900, 154
Trd, 000296.133, 142.0
Trd, 000296.667, 149
Trd, 000297.133, 158.0
Trd, 000297.567, 152
Trd, 000297.983, 151.0
Trd, 000298.450, 160
Trd, 000299.167, 156
Trd, 000299.317, 155
