Trd, 000002.533, 154
Trd, 000002.817, 157.0
Trd, 000003.217, 137.0
Trd, 000003.733, 135.0
Trd, 000004.083, 134.0
Trd, 000004.700, 151.0
Trd, 000005.200, 151
Trd, 000005.617, 134.0
Trd, 000006.450, 148
Trd, 000006.900, 135
Trd, 000007.017, 147
Trd, 000007.600, 147
Trd, 000008.883, 147
Trd, 000010.400, 148
Trd, 000010.517, 148
Trd, 000011.017, 150
Trd, 000011.133, 151.0
Trd, 000011.467, 155
Trd, 000011.800, 150
Trd, 000012.083, 154
Trd, 000013.350, 152
Trd, 000013.700, 153
Trd, 000014.300, 154
Trd, 000014.700, 152
Trd, 000015.417, 153
Trd, 000015.983, 154
Trd, 000016.500, 152
Trd, 000017.283, 153
Trd, 000017.600, 152
Trd, 000018.283, 138.0
Trd, 000018.950, 151.0
Trd, 000018.967, 154
Trd, 000021.000, 151
Trd, 000021.300, 153
Trd, 000021.667, 155
Trd, 000022.400, 153
Trd, 000022.633, 153
Trd, 000023.450, 154
Trd, 000024.583, 154
Trd, 000024.867, 154
Trd, 000025.200, 153
Trd, 000025.900, 154
Trd, 000025.933, 153
Trd, 000027.467, 153
Trd, 000028.600, 154
Trd, 000028.950, 155
Trd, 000029.583, 153
Trd, 000030.150, 156
Trd, 000030.450, 155
Trd, 000031.317, 151
Trd, 000031.350, 152
Trd, 000031.450, 162.0
Trd, 000032.867, 153
Trd, 000033.500, 154
Trd, 000035.083, 155
Trd, 000035.133, 158.0
Trd, 000035.333, 162.0
Trd, 000035.650, 156
Trd, 000035.983, 154
Trd, 000036.450, 154
Trd, 000037.400, 154
Trd, 000037.667, 153
Trd, 000037.850, 154
Trd, 000038.317, 155
Trd, 000038.667, 145
Trd, 000039.867, 148
Trd, 000039.967, 150
Trd, 000040.117, 150
Trd, 000040.717, 149
Trd, 000041.467, 147
Trd, 000041.600, 148
Trd, 000041.650, 150
Trd, 000042.533, 147
Trd, 000042.917, 145
Trd, 000043.183, 149
Trd, 000043.883, 146
Trd, 000044.050, 142.0
Trd, 000045.250, 146
Trd, 000046.550, 143
Trd, 000047.267, 143
Trd, 000047.317, 142
Trd, 000048.383, 151.0
Trd, 000048.800, 148
Trd, 000049.233, 147
Trd, 000049.467, 146
Trd, 000050.167, 149
Trd, 000051.717, 148
Trd, 000051.733, 148
Trd, 000052.133, 150.0
Trd, 000052.950, 150
Trd, 000053.217, 151.0
Trd, 000053.483, 155
Trd, 000053.633, 158.0
Trd, 000054.783, 154
Trd, 000055.467, 154
Trd, 000055.667, 153
Trd, 000055.933, 152
Trd, 000055.950, 140
Trd, 000057.650, 144
Trd, 000058.267, 141.0
Trd, 000059.300, 142
Trd, 000059.383, 142
Trd, 000060.067, 140
Trd, 000061.083, 141
Trd, 000062.383, 141
Trd, 000062.633, 141
Trd, 000062.867, 148
Trd, 000063.283, 151.0
Trd, 000064.567, 139
Trd, 000064.683, 141
Trd, 000064.800, 142
Trd, 000064.900, 139
Trd, 000065.467, 142
Trd, 000066.950, 141
Trd, 000066.983, 140
Trd, 000067.317, 148
Trd, 000067.533, 155
Trd, 000068.733, 143
Trd, 000069.900, 143
Trd, 000070.367, 141
Trd, 000070.717, 145
Trd, 000072.217, 144
Trd, 000072.733, 140
Trd, 000072.750, 134.0
Trd, 000072.917, 143
Trd, 000073.683, 134.0
Trd, 000073.700, 140
Trd, 000075.567, 137
Trd, 000075.667, 139
Trd, 000076.100, 141.0
Trd, 000077.817, 142
Trd, 000078.817, 148
Trd, 000079.133, 148.0
Trd, 000080.267, 145
Trd, 000080.317, 144
Trd, 000080.733, 143
Trd, 000080.767, 144
Trd, 000081.167, 143
Trd, 000081.417, 151.0
Trd, 000081.800, 158.0
Trd, 000082.250, 149
Trd, 000082.617, 150
Trd, 000082.817, 151.0
Trd, 000084.133, 151
Trd, 000084.150, 150
Trd, 000084.433, 151
Trd, 000084.550, 152
Trd, 000086.017, 151
Trd, 000087.100, 149
Trd, 000087.233, 149
Trd, 000087.350, 150
Trd, 000088.017, 152
Trd, 000088.283, 149
Trd, 000090.600, 151.0
Trd, 000090.633, 151
Trd, 000090.850, 150
Trd, 000091.283, 149
Trd, 000091.600, 153
Trd, 000091.967, 155
Trd, 000092.467, 151
Trd, 000093.383, 159.0
Trd, 000094.017, 154
Trd, 000094.267, 153
Trd, 000094.600, 159.0
Trd, 000095.050, 153
Trd, 000095.500, 158.0
Trd, 000095.617, 154
Trd, 000095.800, 151
Trd, 000097.333, 151.0
Trd, 000097.583, 150
Trd, 000097.867, 149
Trd, 000100.150, 150
Trd, 000100.183, 152
Trd, 000101.700, 151
Trd, 000102.050, 152
Trd, 000103.083, 153
Trd, 000103.167, 155
Trd, 000103.417, 152
Trd, 000103.483, 151
Trd, 000103.967, 155
Trd, 000104.883, 158.0
Trd, 000105.117, 155
Trd, 000105.267, 162.0
Trd, 000106.383, 158.0
Trd, 000107.067, 164
Trd, 000108.650, 168
Trd, 000108.717, 169.0
Trd, 000109.217, 166
Trd, 000109.283, 169.0
Trd, 000109.300, 163
Trd, 000110.167, 162
Trd, 000110.700, 155.0
Trd, 000111.117, 146
Trd, 000111.700, 150
Trd, 000112.200, 151.0
Trd, 000112.750, 155
Trd, 000113.250, 156
Trd, 000113.683, 156
Trd, 000114.900, 151
Trd, 000115.617, 156
Trd, 000116.083, 153
Trd, 000116.467, 154
Trd, 000117.017, 152
Trd, 000117.800, 151
Trd, 000118.383, 152
Trd, 000119.467, 150
Trd, 000120.200, 151
Trd, 000120.383, 151.0
Trd, 000120.483, 155
Trd, 000120.800, 154
Trd, 000122.100, 153
Trd, 000122.350, 152
Trd, 000122.467, 151
Trd, 000122.733, 149
Trd, 000125.783, 151.0
Trd, 000126.083, 152
Trd, 000126.317, 153
Trd, 000126.350, 153
Trd, 000127.400, 151.0
Trd, 000127.650, 150
Trd, 000128.083, 151
Trd, 000128.417, 152
Trd, 000128.450, 152
Trd, 000129.117, 150
Trd, 000129.167, 158.0
Trd, 000129.500, 148
Trd, 000129.917, 152
Trd, 000130.733, 155
Trd, 000132.617, 154
Trd, 000133.100, 152
Trd, 000134.533, 154
Trd, 000134.783, 155
Trd, 000135.050, 154
Trd, 000135.500, 158.0
Trd, 000135.700, 157
Trd, 000136.167, 156
Trd, 000136.550, 154
Trd, 000137.133, 156
Trd, 000137.217, 153
Trd, 000138.483, 155
Trd, 000138.700, 156
Trd, 000138.933, 162.0
Trd, 000139.983, 157
Trd, 000140.033, 156
Trd, 000140.250, 157.0
Trd, 000140.800, 155
Trd, 000140.900, 153
Trd, 000141.033, 144
Trd, 000141.550, 150.0
Trd, 000143.200, 148
Trd, 000143.933, 149
Trd, 000144.267, 148
Trd, 000144.700, 148
Trd, 000144.767, 149
Trd, 000145.567, 148
Trd, 000145.667, 147
Trd, 000145.850, 148
Trd, 000146.033, 149
Trd, 000146.600, 148
Trd, 000147.750, 149
Trd, 000147.817, 155
Trd, 000147.933, 158.0
Trd, 000150.267, 148
Trd, 000151.450, 148
Trd, 000151.483, 146
Trd, 000151.567, 147
Trd, 000151.617, 147
Trd, 000152.833, 147
Trd, 000153.067, 147
Trd, 000153.917, 146
Trd, 000154.333, 148
Trd, 000155.067, 148
Trd, 000155.133, 145
Trd, 000156.933, 149
Trd, 000158.583, 148
Trd, 000158.800, 149
Trd, 000159.033, 147
Trd, 000159.117, 146
Trd, 000159.150, 148
Trd, 000160.150, 151.0
Trd, 000160.533, 148
Trd, 000161.167, 147
Trd, 000161.467, 151
Trd, 000162.200, 155
Trd, 000162.917, 151.0
Trd, 000164.483, 152
Trd, 000164.800, 151
Trd, 000165.000, 152
Trd, 000165.317, 148
Trd, 000165.500, 137.0
Trd, 000165.867, 149
Trd, 000166.533, 149
Trd, 000167.233, 136.0
Trd, 000168.800, 143
Trd, 000168.883, 144
Trd, 000169.883, 142
Trd, 000170.917, 141
Trd, 000171.017, 140
Trd, 000171.617, 142
Trd, 000172.517, 141
Trd, 000172.933, 143
Trd, 000173.183, 144
Trd, 000173.633, 140
Trd, 000175.217, 145
Trd, 000175.233, 144
Trd, 000176.550, 146
Trd, 000177.283, 151.0
Trd, 000178.200, 154
Trd, 000178.650, 146
Trd, 000179.150, 147
Trd, 000180.050, 148
Trd, 000180.867, 146
Trd, 000181.933, 148
Trd, 000182.217, 148
Trd, 000182.617, 149
Trd, 000183.200, 150
Trd, 000184.083, 150
Trd, 000184.317, 151.0
Trd, 000184.500, 149
Trd, 000184.650, 137.0
Trd, 000185.183, 151
Trd, 000186.050, 144
Trd, 000186.683, 145
Trd, 000186.917, 144
Trd, 000188.783, 144
Trd, 000189.333, 144
Trd, 000189.367, 143
Trd, 000190.200, 144
Trd, 000190.483, 144
Trd, 000191.050, 145
Trd, 000192.450, 146
Trd, 000192.533, 143
Trd, 000192.917, 148
Trd, 000193.017, 151.0
Trd, 000193.817, 148
Trd, 000195.217, 147
Trd, 000195.467, 147
Trd, 000195.583, 147
Trd, 000195.617, 146
Trd, 000195.933, 153
Trd, 000196.700, 151.0
Trd, 000196.817, 155
Trd, 000198.133, 151
Trd, 000198.783, 154
Trd, 000199.467, 153
Trd, 000199.500, 154
Trd, 000200.533, 154
Trd, 000201.050, 154
Trd, 000202.117, 158.0
Trd, 000203.133, 153
Trd, 000203.183, 151
Trd, 000203.550, 154
Trd, 000204.233, 151.0
Trd, 000205.483, 151
Trd, 000205.567, 152
Trd, 000205.667, 152
Trd, 000205.800, 153
Trd, 000206.267, 152
Trd, 000206.783, 151
Trd, 000207.983, 148
Trd, 000208.000, 137.0
Trd, 000208.583, 143
Trd, 000209.600, 142
Trd, 000210.517, 148
Trd, 000210.917, 149
Trd, 000211.333, 148
Trd, 000211.550, 150
Trd, 000212.317, 151.0
Trd, 000212.950, 148
Trd, 000213.567, 148
Trd, 000214.883, 147
Trd, 000215.383, 148
Trd, 000215.483, 149
Trd, 000216.267, 148
Trd, 000216.650, 148
Trd, 000216.917, 150
Trd, 000218.367, 149
Trd, 000218.550, 148
Trd, 000219.833, 148
Trd, 000220.167, 148
Trd, 000220.483, 149
Trd, 000220.517, 150
Trd, 000220.700, 151.0
Trd, 000221.483, 151
Trd, 000221.500, 148
Trd, 000222.100, 158.0
Trd, 000222.933, 150
Trd, 000223.200, 152
Trd, 000223.617, 154
Trd, 000224.167, 153
Trd, 000225.183, 155
Trd, 000225.467, 150
Trd, 000226.283, 148
Trd, 000226.400, 151.0
Trd, 000226.483, 153
Trd, 000226.833, 153
Trd, 000228.033, 153
Trd, 000228.350, 153
Trd, 000228.767, 152
Trd, 000228.817, 145
Trd, 000231.100, 151
Trd, 000231.317, 150.0
Trd, 000232.000, 151
Trd, 000232.067, 147
Trd, 000233.550, 148
Trd, 000233.833, 148
Trd, 000234.350, 148
Trd, 000234.933, 150.0
Trd, 000235.467, 149
Trd, 000235.850, 149
Trd, 000236.117, 149
Trd, 000236.733, 150
Trd, 000236.833, 149
Trd, 000238.083, 148
Trd, 000238.133, 151.0
Trd, 000240.083, 148
Trd, 000240.200, 147
Trd, 000240.450, 146
Trd, 000240.483, 148
Trd, 000240.600, 149
Trd, 000241.283, 143.0
Trd, 000241.700, 138.0
Trd, 000241.850, 148.0
Trd, 000242.633, 148
Trd, 000243.000, 144
Trd, 000243.050, 146.0
Trd, 000243.817, 148.0
Trd, 000244.850, 142
Trd, 000245.083, 139.0
Trd, 000245.350, 139.0
Trd, 000245.800, 141.0
Trd, 000246.167, 144
Trd, 000246.233, 141.0
Trd, 000246.533, 150.0
Trd, 000246.633, 155
Trd, 000247.450, 151.0
Trd, 000247.583, 150
Trd, 000248.217, 155.0
Trd, 000248.483, 153
Trd, 000248.967, 152
Trd, 000249.400, 154.0
Trd, 000250.433, 152
Trd, 000250.467, 153
Trd, 000250.700, 155
Trd, 000251.200, 152
Trd, 000251.417, 152
Trd, 000251.533, 155
Trd, 000251.700, 146.0
Trd, 000251.933, 134.0
Trd, 000252.117, 153
Trd, 000253.317, 148
Trd, 000253.633, 148
Trd, 000253.683, 148
Trd, 000254.567, 148
Trd, 000255.633, 147
Trd, 000255.850, 148
Trd, 000256.267, 148
Trd, 000256.650, 148
Trd, 000256.917, 145
Trd, 000257.583, 147
Trd, 000258.033, 147
Trd, 000258.217, 146
Trd, 000258.433, 148
Trd, 000258.850, 150
Trd, 000259.417, 150
Trd, 000259.667, 150
Trd, 000259.783, 150
Trd, 000259.883, 151.0
Trd, 000259.900, 149
Trd, 000260.383, 149
Trd, 000261.967, 151.0
Trd, 000261.983, 155
Trd, 000263.233, 156.0
Trd, 000263.383, 154
Trd, 000264.167, 150
Trd, 000264.350, 151
Trd, 000264.733, 151
Trd, 000264.917, 152
Trd, 000264.967, 148
Trd, 000265.417, 151
Trd, 000265.617, 134
Trd, 000266.433, 149
Trd, 000266.850, 144
Trd, 000267.033, 143
Trd, 000267.417, 142
Trd, 000268.083, 143
Trd, 000269.533, 148
Trd, 000269.600, 151.0
Trd, 000270.100, 150
Trd, 000270.517, 149
Trd, 000270.633, 149
Trd, 000270.667, 149
Trd, 000271.133, 154
Trd, 000271.700, 155
Trd, 000272.000, 157
Trd, 000272.050, 151
Trd, 000272.300, 162.0
Trd, 000272.583, 154
Trd, 000273.017, 154
Trd, 000273.183, 153
Trd, 000273.483, 151
Trd, 000273.800, 151
Trd, 000273.967, 152.0
Trd, 000274.367, 154
Trd, 000274.667, 153
Trd, 000275.317, 155
Trd, 000275.650, 143.0
Trd, 000276.567, 142
Trd, 000276.800, 144
Trd, 000277.667, 146
Trd, 000277.683, 145
Trd, 000277.717, 147
Trd, 000278.150, 150
Trd, 000278.400, 149
Trd, 000278.683, 147
Trd, 000278.717, 148
Trd, 000278.833, 155
Trd, 000279.433, 158.0
Trd, 000280.267, 154
Trd, 000280.583, 164
Trd, 000280.750, 161
Trd, 000281.083, 157
Trd, 000282.017, 134.0
Trd, 000282.083, 151.0
Trd, 000282.367, 147
Trd, 000283.033, 137.0
Trd, 000283.233, 133.0
Trd, 000283.517, 134.0
Trd, 000283.883, 135
Trd, 000284.567, 137
Trd, 000284.600, 146
Trd, 000284.750, 137.0
Trd, 000284.833, 135.0
Trd, 000285.500, 139
Trd, 000286.017, 137
Trd, 000287.233, 136
Trd, 000287.483, 137
Trd, 000287.900, 141.0
Trd, 000288.200, 141
Trd, 000288.583, 135
Trd, 000288.683, 134.0
Trd, 000289.383, 145
Trd, 000289.650, 148
Trd, 000290.483, 139
Trd, 000290.617, 137
Trd, 000290.833, 149.0
Trd, 000291.617, 140.0
Trd, 000292.333, 144
Trd, 000292.883, 145
Trd, 000293.617, 147
Trd, 000293.633, 151.0
Trd, 000294.150, 149
Trd, 000294.533, 144
Trd, 000294.617, 149
Trd, 000295.067, 148
Trd, 000296.017, 148
Trd, 000296.300, 146
Trd, 000296.383, 148
Trd, 000296.600, 150
Trd, 000296.950, 149
Trd, 000297.850, 155
Trd, 000298.467, 145
Trd, 000298.517, 151.0
Trd, 000299.433, 147
Trd, 000299.917, 151
