Trd, 000001.700, 122
Trd, 000002.467, 180
Trd, 000003.817, 124.0
Trd, 000003.833, 144.0
Trd, 000004.050, 136
Trd, 000004.467, 166
Trd, 000004.750, 158.0
Trd, 000004.867, 161
Trd, 000005.200, 160
Trd, 000006.233, 148
Trd, 000006.917, 149
Trd, 000007.067, 154.0
Trd, 000007.567, 155
Trd, 000009.167, 137.0
Trd, 000009.333, 144
Trd, 000009.467, 143
Trd, 000009.633, 144
Trd, 000009.817, 143
Trd, 000009.833, 155.0
Trd, 000011.817, 138.0
Trd, 000011.917, 139.0
Trd, 000012.417, 129
Trd, 000013.400, 139
Trd, 000013.617, 139
Trd, 000013.650, 140
Trd, 000013.667, 144.0
Trd, 000014.483, 159
Trd, 000014.717, 157
Trd, 000015.433, 155.0
Trd, 000015.517, 150
Trd, 000015.817, 159
Trd, 000016.150, 172.0
Trd, 000016.700, 157.0
Trd, 000016.850, 182.0
Trd, 000019.033, 172.0
Trd, 000019.133, 156
Trd, 000019.267, 157
Trd, 000019.483, 158.0
Trd, 000020.300, 157
Trd, 000020.400, 155.0
Trd, 000020.967, 153
Trd, 000021.133, 155
Trd, 000022.183, 156
Trd, 000022.800, 158
Trd, 000023.450, 155.0
Trd, 000023.800, 155
Trd, 000024.383, 153
Trd, 000024.417, 155.0
Trd, 000025.533, 152
Trd, 000025.600, 151
Trd, 000025.633, 156
Trd, 000026.267, 158
Trd, 000027.350, 150
Trd, 000027.450, 151
Trd, 000027.517, 152
Trd, 000027.533, 153
Trd, 000029.583, 141.0
Trd, 000030.200, 144.0
Trd, 000030.333, 144
Trd, 000030.917, 148
Trd, 000031.433, 155.0
Trd, 000031.717, 159
Trd, 000032.517, 156
Trd, 000033.517, 162.0
Trd, 000033.750, 158.0
Trd, 000034.150, 161
Trd, 000035.183, 161
Trd, 000035.650, 162.0
Trd, 000036.050, 165.0
Trd, 000037.200, 161
Trd, 000037.433, 160
Trd, 000038.233, 160
Trd, 000038.733, 161.0
Trd, 000039.200, 170
Trd, 000040.967, 160
Trd, 000041.083, 158.0
Trd, 000041.133, 155.0
Trd, 000041.717, 159
Trd, 000042.050, 143.0
Trd, 000042.317, 144.0
Trd, 000042.550, 147
Trd, 000043.100, 158
Trd, 000043.250, 160
Trd, 000044.283, 155.0
Trd, 000045.433, 169
Trd, 000045.933, 168
Trd, 000046.000, 158.0
Trd, 000046.083, 156
Trd, 000046.283, 158
Trd, 000046.783, 157
Trd, 000046.883, 157
Trd, 000047.533, 159
Trd, 000048.767, 155.0
Trd, 000049.467, 151
Trd, 000051.217, 150
Trd, 000051.417, 151
Trd, 000051.833, 153
Trd, 000052.400, 162.0
Trd, 000052.700, 155.0
Trd, 000053.100, 152
Trd, 000053.800, 154
Trd, 000054.083, 158.0
Trd, 000054.400, 158
Trd, 000054.567, 159
Trd, 000055.550, 156
Trd, 000056.850, 153
Trd, 000056.950, 157
Trd, 000057.200, 156
Trd, 000058.067, 159
Trd, 000058.783, 159
Trd, 000058.800, 158
Trd, 000059.417, 137.0
Trd, 000060.483, 170.0
Trd, 000060.517, 155
Trd, 000061.650, 141.0
Trd, 000061.833, 142
Trd, 000063.017, 150
Trd, 000063.233, 149
Trd, 000063.250, 158
Trd, 000063.617, 153
Trd, 000064.233, 145
Trd, 000064.917, 149.0
Trd, 000065.133, 150.0
Trd, 000065.350, 151.0
Trd, 000065.400, 142
Trd, 000066.017, 137.0
Trd, 000066.367, 155.0
Trd, 000067.017, 172.0
Trd, 000069.033, 174
Trd, 000069.733, 171
Trd, 000069.817, 171
Trd, 000070.183, 167
Trd, 000070.317, 158.0
Trd, 000071.517, 155.0
Trd, 000072.050, 154
Trd, 000072.217, 158
Trd, 000072.300, 159
Trd, 000072.833, 158
Trd, 000073.083, 139
Trd, 000074.583, 142.0
Trd, 000074.600, 143.0
Trd, 000075.600, 143.0
Trd, 000075.883, 144.0
Trd, 000076.017, 144
Trd, 000076.850, 146
Trd, 000076.917, 140
Trd, 000077.167, 144
Trd, 000079.133, 140
Trd, 000079.767, 139
Trd, 000079.833, 141
Trd, 000079.900, 144.0
Trd, 000080.100, 155.0
Trd, 000080.283, 160
Trd, 000080.900, 153
Trd, 000082.067, 158.0
Trd, 000083.333, 154
Trd, 000083.383, 145
Trd, 000084.183, 149
Trd, 000084.317, 153
Trd, 000084.500, 154
Trd, 000084.800, 134.0
Trd, 000084.817, 155.0
Trd, 000085.167, 143.0
Trd, 000085.533, 144.0
Trd, 000086.350, 155.0
Trd, 000086.383, 159
Trd, 000087.583, 162.0
Trd, 000088.867, 144.0
Trd, 000089.400, 152
Trd, 000089.617, 151
Trd, 000089.767, 153
Trd, 000089.967, 172.0
Trd, 000090.200, 156
Trd, 000090.367, 155.0
Trd, 000090.483, 150
Trd, 000091.850, 137.0
Trd, 000092.100, 152
Trd, 000092.450, 151
Trd, 000093.200, 142.0
Trd, 000093.383, 144.0
Trd, 000093.583, 146
Trd, 000094.483, 163
Trd, 000095.517, 164
Trd, 000095.833, 155
Trd, 000096.267, 159
Trd, 000096.483, 160
Trd, 000096.750, 163
Trd, 000097.750, 156
Trd, 000097.783, 156
Trd, 000098.417, 155.0
Trd, 000099.317, 162
Trd, 000099.583, 159
Trd, 000099.867, 158.0
Trd, 000100.250, 155.0
Trd, 000100.467, 149
Trd, 000101.367, 156
Trd, 000101.500, 157
Trd, 000101.833, 182.0
Trd, 000102.617, 168
Trd, 000103.233, 168
Trd, 000104.267, 165
Trd, 000104.983, 162.0
Trd, 000105.533, 163
Trd, 000106.050, 164
Trd, 000106.350, 162
Trd, 000107.500, 162.0
Trd, 000107.733, 163
Trd, 000107.933, 163
Trd, 000109.483, 155.0
Trd, 000109.567, 159
Trd, 000109.783, 158
Trd, 000110.250, 157
Trd, 000110.317, 158
Trd, 000112.067, 151
Trd, 000112.533, 144
Trd, 000112.650, 150
Trd, 000113.583, 144.0
Trd, 000113.983, 145
Trd, 000114.300, 145
Trd, 000114.850, 145
Trd, 000115.767, 147
Trd, 000116.667, 148
Trd, 000116.733, 144
Trd, 000117.017, 147
Trd, 000117.217, 158
Trd, 000117.400, 150
Trd, 000119.067, 146
Trd, 000119.150, 146
Trd, 000120.167, 137.0
Trd, 000120.333, 146
Trd, 000120.650, 152
Trd, 000121.067, 154.0
Trd, 000121.283, 155.0
Trd, 000121.600, 158
Trd, 000124.333, 170.0
Trd, 000124.850, 168
Trd, 000124.933, 170.0
Trd, 000125.250, 167
Trd, 000125.550, 158.0
Trd, 000125.567, 168
Trd, 000126.500, 164
Trd, 000126.667, 163
Trd, 000126.933, 155
Trd, 000127.250, 164
Trd, 000127.367, 165
Trd, 000127.583, 155.0
Trd, 000128.400, 163
Trd, 000129.450, 164
Trd, 000129.733, 164
Trd, 000130.050, 162.0
Trd, 000130.967, 163
Trd, 000131.917, 162
Trd, 000132.700, 161
Trd, 000132.933, 160
Trd, 000133.450, 160
Trd, 000134.000, 155.0
Trd, 000135.217, 154
Trd, 000135.767, 155.0
Trd, 000135.833, 156
Trd, 000135.983, 155.0
Trd, 000136.600, 143
Trd, 000136.617, 155
Trd, 000137.200, 154
Trd, 000137.450, 154
Trd, 000137.467, 155
Trd, 000138.300, 156
Trd, 000138.367, 155.0
Trd, 000138.583, 152
Trd, 000139.783, 154
Trd, 000140.267, 154
Trd, 000140.867, 154
Trd, 000141.767, 155.0
Trd, 000142.417, 156
Trd, 000142.950, 158
Trd, 000143.033, 156
Trd, 000143.400, 146
Trd, 000144.567, 144.0
Trd, 000144.750, 148
Trd, 000144.967, 149
Trd, 000145.317, 150
Trd, 000145.550, 159
Trd, 000145.983, 150
Trd, 000146.800, 155.0
Trd, 000147.050, 156
Trd, 000148.350, 148
Trd, 000148.600, 147
Trd, 000148.617, 147
Trd, 000148.983, 147
Trd, 000149.483, 146
Trd, 000149.667, 146
Trd, 000149.700, 147
Trd, 000150.567, 158
Trd, 000150.883, 155.0
Trd, 000151.233, 172.0
Trd, 000151.517, 136.0
Trd, 000152.383, 155.0
Trd, 000153.950, 142.0
Trd, 000154.283, 143.0
Trd, 000155.800, 143.0
Trd, 000156.117, 144.0
Trd, 000156.250, 144
Trd, 000156.517, 146
Trd, 000156.900, 148
Trd, 000157.983, 157
Trd, 000158.017, 158
Trd, 000158.650, 182.0
Trd, 000159.283, 166
Trd, 000160.150, 164
Trd, 000160.883, 162.0
Trd, 000161.700, 166
Trd, 000162.267, 164
Trd, 000162.983, 165
Trd, 000164.250, 164
Trd, 000165.800, 163
Trd, 000165.883, 163
Trd, 000166.033, 162.0
Trd, 000166.250, 162
Trd, 000166.633, 160
Trd, 000167.000, 161
Trd, 000167.217, 158.0
Trd, 000167.833, 155.0
Trd, 000167.867, 134.0
Trd, 000168.500, 153
Trd, 000168.533, 154
Trd, 000169.900, 159
Trd, 000170.267, 158.0
Trd, 000171.317, 155
Trd, 000171.517, 159
Trd, 000171.800, 159
Trd, 000172.883, 150
Trd, 000173.517, 145
Trd, 000174.333, 144
Trd, 000174.533, 145
Trd, 000175.217, 139.0
Trd, 000175.433, 150
Trd, 000177.283, 145
Trd, 000178.083, 165
Trd, 000178.617, 150
Trd, 000178.633, 147
Trd, 000178.700, 148
Trd, 000179.200, 144.0
Trd, 000179.567, 145
Trd, 000180.100, 154.0
Trd, 000180.167, 154.0
Trd, 000181.167, 154.0
Trd, 000181.733, 155.0
Trd, 000182.550, 150
Trd, 000183.050, 148
Trd, 000183.150, 150
Trd, 000184.150, 146
Trd, 000184.617, 148
Trd, 000184.867, 148
Trd, 000186.100, 153.0
Trd, 000186.150, 150
Trd, 000186.433, 149
Trd, 000186.633, 154.0
Trd, 000187.283, 155.0
Trd, 000187.767, 153
Trd, 000188.817, 158
Trd, 000189.550, 172.0
Trd, 000190.217, 149
Trd, 000190.517, 148
Trd, 000190.983, 149
Trd, 000191.150, 155.0
Trd, 000191.650, 155
Trd, 000192.200, 155
Trd, 000192.517, 155.0
Trd, 000192.767, 159
Trd, 000193.283, 159
Trd, 000193.533, 158.0
Trd, 000194.233, 157
Trd, 000195.017, 157
Trd, 000195.250, 157
Trd, 000195.400, 151
Trd, 000196.483, 148
Trd, 000196.717, 146
Trd, 000197.000, 144.0
Trd, 000197.083, 172.0
Trd, 000197.817, 152
Trd, 000198.133, 182.0
Trd, 000199.550, 148
Trd, 000199.817, 157
Trd, 000200.817, 152
Trd, 000200.833, 154
Trd, 000201.250, 154
Trd, 000202.667, 147
Trd, 000203.033, 153
Trd, 000203.133, 154
Trd, 000203.467, 154
Trd, 000204.533, 156
Trd, 000205.500, 156.0
Trd, 000205.617, 155.0
Trd, 000205.967, 157
Trd, 000206.233, 172.0
Trd, 000206.333, 162.0
Trd, 000206.433, 156
Trd, 000206.550, 176
Trd, 000207.133, 154
Trd, 000207.617, 158.0
Trd, 000208.183, 160
Trd, 000208.583, 155.0
Trd, 000209.317, 155.0
Trd, 000210.217, 138.0
Trd, 000212.233, 153
Trd, 000212.417, 151
Trd, 000212.533, 153
Trd, 000212.583, 154
Trd, 000212.600, 154
Trd, 000213.167, 154
Trd, 000213.383, 155
Trd, 000213.733, 154
Trd, 000213.767, 158
Trd, 000214.100, 151
Trd, 000214.533, 172.0
Trd, 000214.633, 158
Trd, 000216.183, 158
Trd, 000216.233, 173
Trd, 000217.417, 158
Trd, 000218.967, 157
Trd, 000219.400, 158
Trd, 000219.467, 157
Trd, 000219.917, 158.0
Trd, 000221.000, 157
Trd, 000221.250, 158
Trd, 000222.000, 157
Trd, 000222.200, 155.0
Trd, 000222.517, 157
Trd, 000222.917, 146
Trd, 000223.600, 148
Trd, 000223.683, 149
Trd, 000223.967, 152
Trd, 000224.467, 149
Trd, 000225.083, 144.0
Trd, 000226.000, 142
Trd, 000226.583, 143
Trd, 000226.850, 142
Trd, 000227.267, 158
Trd, 000228.333, 141.0
Trd, 000228.483, 143
Trd, 000229.133, 142
Trd, 000229.400, 142
Trd, 000230.183, 142
Trd, 000230.667, 143.0
Trd, 000231.117, 144.0
Trd, 000231.967, 144
Trd, 000233.317, 143
Trd, 000233.333, 155.0
Trd, 000233.883, 144
Trd, 000234.000, 146
Trd, 000234.250, 154
Trd, 000234.617, 179
Trd, 000235.033, 150
Trd, 000236.683, 152
Trd, 000236.950, 153
Trd, 000237.250, 152
Trd, 000237.800, 157
Trd, 000238.483, 172.0
Trd, 000238.533, 158.0
Trd, 000238.767, 163.0
Trd, 000239.500, 169
Trd, 000239.567, 162.0
Trd, 000239.850, 163
Trd, 000240.117, 163
Trd, 000240.417, 162
Trd, 000240.767, 155.0
Trd, 000240.800, 150
Trd, 000241.033, 153
Trd, 000241.233, 145.0
Trd, 000241.483, 151
Trd, 000242.333, 146
Trd, 000243.350, 141
Trd, 000243.500, 139
Trd, 000244.350, 141
Trd, 000244.650, 141.0
Trd, 000244.817, 146
Trd, 000245.233, 145.0
Trd, 000245.400, 147.0
Trd, 000245.833, 143.0
Trd, 000246.000, 140
Trd, 000246.533, 143.0
Trd, 000247.050, 143
Trd, 000247.700, 148.0
Trd, 000247.950, 143.0
Trd, 000248.317, 142
Trd, 000249.117, 143
Trd, 000249.500, 144.0
Trd, 000249.533, 152
Trd, 000249.933, 146
Trd, 000250.167, 154.0
Trd, 000250.217, 155.0
Trd, 000250.700, 145
Trd, 000251.133, 152.0
Trd, 000251.283, 144
Trd, 000251.767, 149.0
Trd, 000251.900, 152.0
Trd, 000252.967, 142
Trd, 000253.267, 142
Trd, 000253.483, 142
Trd, 000253.817, 141.0
Trd, 000254.050, 141
Trd, 000254.467, 142
Trd, 000254.650, 141
Trd, 000255.550, 142
Trd, 000255.583, 144
Trd, 000255.933, 145
Trd, 000256.083, 141.0
Trd, 000256.233, 148.0
Trd, 000257.233, 142.0
Trd, 000257.567, 144.0
Trd, 000257.650, 153
Trd, 000257.767, 146
Trd, 000257.917, 143
Trd, 000258.200, 154.0
Trd, 000258.900, 155.0
Trd, 000258.950, 158
Trd, 000259.300, 155.0
Trd, 000259.667, 152
Trd, 000260.033, 156
Trd, 000260.783, 151.0
Trd, 000260.883, 155
Trd, 000261.417, 150
Trd, 000261.667, 152
Trd, 000261.717, 152
Trd, 000262.133, 148
Trd, 000262.900, 152
Trd, 000263.483, 152
Trd, 000264.133, 148
Trd, 000264.350, 149
Trd, 000264.667, 153
Trd, 000266.467, 155.0
Trd, 000266.700, 153
Trd, 000266.850, 148
Trd, 000267.333, 147
Trd, 000267.983, 142.0
Trd, 000268.133, 141.0
Trd, 000268.400, 137.0
Trd, 000268.683, 146
Trd, 000269.167, 138
Trd, 000269.600, 134.0
Trd, 000269.933, 144
Trd, 000269.983, 146
Trd, 000270.433, 155.0
Trd, 000271.083, 142.0
Trd, 000271.717, 141.0
Trd, 000272.083, 143.0
Trd, 000272.100, 144.0
Trd, 000272.167, 148.0
Trd, 000272.700, 146
Trd, 000273.183, 141.0
Trd, 000273.600, 146
Trd, 000273.967, 158
Trd, 000275.183, 148
Trd, 000275.750, 146.0
Trd, 000276.283, 141.0
Trd, 000276.467, 147.0
Trd, 000276.933, 146
Trd, 000277.217, 144
Trd, 000277.317, 154.0
Trd, 000277.733, 151
Trd, 000277.800, 155.0
Trd, 000278.133, 158.0
Trd, 000278.367, 172.0
Trd, 000279.117, 155.0
Trd, 000279.133, 156
Trd, 000279.800, 151
Trd, 000280.150, 153
Trd, 000280.250, 152.0
Trd, 000280.400, 151.0
Trd, 000280.567, 153
Trd, 000280.983, 153
Trd, 000281.650, 155
Trd, 000281.683, 151
Trd, 000283.033, 152
Trd, 000283.367, 151.0
Trd, 000283.833, 152
Trd, 000284.217, 150
Trd, 000284.767, 144
Trd, 000284.967, 145
Trd, 000285.400, 145
Trd, 000285.500, 146
Trd, 000285.550, 141.0
Trd, 000286.183, 139.0
Trd, 000286.267, 146
Trd, 000286.417, 143
Trd, 000286.450, 148.0
Trd, 000286.800, 143.0
Trd, 000287.000, 144.0
Trd, 000287.217, 147
Trd, 000287.517, 143.0
Trd, 000287.783, 146
Trd, 000289.383, 142.0
Trd, 000289.717, 138
Trd, 000290.033, 143.0
Trd, 000290.217, 142.0
Trd, 000290.317, 141.0
Trd, 000291.100, 144.0
Trd, 000291.550, 147
Trd, 000291.683, 139
Trd, 000292.900, 148.0
Trd, 000293.017, 138
Trd, 000293.167, 137.0
Trd, 000293.700, 149
Trd, 000294.467, 154.0
Trd, 000294.750, 135
Trd, 000295.050, 147
Trd, 000295.733, 147
Trd, 000295.900, 147
Trd, 000295.917, 134.0
Trd, 000297.033, 155.0
Trd, 000297.083, 151.0
Trd, 000297.117, 158
Trd, 000297.500, 144.0
Trd, 000298.417, 147
Trd, 000299.700, 147
