Trd, 000001.033, 120.0
Trd, 000001.800, 141
Trd, 000003.300, 152
Trd, 000003.500, 131
Trd, 000003.767, 132
Trd, 000004.000, 132
Trd, 000004.983, 153
Trd, 000005.417, 153.0
Trd, 000006.500, 155.0
Trd, 000007.050, 158.0
Trd, 000007.650, 151
Trd, 000007.967, 150
Trd, 000008.700, 146
Trd, 000008.800, 148.0
Trd, 000009.633, 156.0
Trd, 000009.933, 146
Trd, 000010.167, 155
Trd, 000010.483, 157.0
Trd, 000011.250, 146
Trd, 000012.433, 148
Trd, 000013.100, 148
Trd, 000013.383, 153
Trd, 000014.317, 152
Trd, 000014.383, 151
Trd, 000014.617, 151.0
Trd, 000014.717, 154
Trd, 000016.150, 161.0
Trd, 000017.417, 157.0
Trd, 000017.467, 158.0
Trd, 000019.033, 157
Trd, 000020.183, 161.0
Trd, 000020.767, 161
Trd, 000021.083, 160
Trd, 000021.200, 156
Trd, 000021.400, 156.0
Trd, 000021.567, 155.0
Trd, 000023.133, 159.0
Trd, 000024.000, 156.0
Trd, 000025.350, 155
Trd, 000025.883, 156
Trd, 000026.417, 158.0
Trd, 000026.867, 155
Trd, 000026.900, 155.0
Trd, 000027.333, 151.0
Trd, 000027.817, 156
Trd, 000028.367, 154
Trd, 000028.900, 149
Trd, 000029.867, 149
Trd, 000030.233, 150
Trd, 000030.350, 149
Trd, 000031.067, 150
Trd, 000031.433, 159.0
Trd, 000032.333, 153.0
Trd, 000032.800, 152.0
Trd, 000033.517, 157.0
Trd, 000034.133, 156.0
Trd, 000034.850, 155
Trd, 000034.967, 155
Trd, 000035.450, 156
Trd, 000035.900, 155
Trd, 000036.350, 157.0
Trd, 000036.700, 158.0
Trd, 000036.817, 155.0
Trd, 000037.033, 155
Trd, 000038.817, 154.0
Trd, 000039.400, 155
Trd, 000039.800, 154.0
Trd, 000040.433, 155
Trd, 000041.000, 154.0
Trd, 000041.167, 154
Trd, 000041.533, 151.0
Trd, 000041.833, 133
Trd, 000042.583, 155
Trd, 000043.517, 139
Trd, 000043.650, 138
Trd, 000043.867, 155
Trd, 000043.950, 151.0
Trd, 000044.150, 155.0
Trd, 000045.000, 156.0
Trd, 000045.117, 152
Trd, 000045.217, 158.0
Trd, 000045.900, 160
Trd, 000046.667, 157
Trd, 000047.283, 157
Trd, 000048.667, 157
Trd, 000050.233, 157
Trd, 000050.300, 158.0
Trd, 000051.283, 158
Trd, 000051.417, 157
Trd, 000051.733, 156
Trd, 000051.767, 158
Trd, 000052.183, 158
Trd, 000053.283, 157.0
Trd, 000053.633, 156.0
Trd, 000053.667, 158
Trd, 000053.700, 155.0
Trd, 000054.033, 159
Trd, 000054.250, 151.0
Trd, 000055.233, 162.0
Trd, 000056.033, 162
Trd, 000056.700, 158.0
Trd, 000057.133, 161.0
Trd, 000057.583, 162.0
Trd, 000057.833, 158
Trd, 000059.600, 158
Trd, 000059.817, 157.0
Trd, 000060.733, 157
Trd, 000061.400, 159
Trd, 000062.567, 158.0
Trd, 000062.983, 156
Trd, 000063.300, 155.0
Trd, 000064.150, 151.0
Trd, 000064.200, 156
Trd, 000064.350, 157
Trd, 000064.700, 150
Trd, 000066.033, 152
Trd, 000066.167, 155
Trd, 000066.317, 151
Trd, 000066.650, 157
Trd, 000067.100, 151.0
Trd, 000067.233, 158.0
Trd, 000068.917, 155
Trd, 000069.333, 157.0
Trd, 000070.167, 154
Trd, 000070.817, 153
Trd, 000070.983, 154
Trd, 000071.117, 157
Trd, 000072.367, 158.0
Trd, 000072.433, 153
Trd, 000073.633, 160.0
Trd, 000073.683, 159.0
Trd, 000074.950, 159
Trd, 000075.300, 159
Trd, 000075.733, 161
Trd, 000076.000, 158.0
Trd, 000076.100, 158
Trd, 000077.000, 162.0
Trd, 000077.633, 155.0
Trd, 000078.450, 156.0
Trd, 000079.600, 155
Trd, 000080.033, 156.0
Trd, 000080.150, 155.0
Trd, 000080.183, 158.0
Trd, 000081.133, 153.0
Trd, 000081.900, 152.0
Trd, 000082.433, 153
Trd, 000083.017, 152.0
Trd, 000083.133, 155
Trd, 000084.833, 152.0
Trd, 000085.883, 156.0
Trd, 000086.050, 157.0
Trd, 000086.283, 155.0
Trd, 000087.000, 155
Trd, 000087.167, 157
Trd, 000087.400, 157
Trd, 000087.517, 156.0
Trd, 000088.150, 156.0
Trd, 000088.517, 155.0
Trd, 000089.400, 155
Trd, 000090.167, 155
Trd, 000090.800, 154.0
Trd, 000091.717, 153
Trd, 000091.833, 151.0
Trd, 000092.633, 147
Trd, 000093.067, 153
Trd, 000093.383, 162.0
Trd, 000094.167, 138
Trd, 000094.933, 147
Trd, 000095.100, 148
Trd, 000095.500, 151
Trd, 000095.717, 151
Trd, 000096.333, 151
Trd, 000096.750, 143
Trd, 000097.283, 158.0
Trd, 000097.850, 158.0
Trd, 000097.867, 155.0
Trd, 000098.583, 160
Trd, 000100.217, 160
Trd, 000100.617, 159
Trd, 000100.667, 158.0
Trd, 000100.867, 159
Trd, 000101.317, 154
Trd, 000102.117, 155.0
Trd, 000102.467, 154.0
Trd, 000103.450, 156
Trd, 000103.733, 156.0
Trd, 000104.883, 156
Trd, 000105.133, 162.0
Trd, 000105.167, 154.0
Trd, 000106.750, 155.0
Trd, 000106.833, 151.0
Trd, 000107.933, 156.0
Trd, 000108.067, 156
Trd, 000108.533, 156
Trd, 000109.100, 154
Trd, 000109.183, 153
Trd, 000109.400, 155
Trd, 000110.267, 151.0
Trd, 000110.733, 152
Trd, 000110.950, 158.0
Trd, 000111.033, 162.0
Trd, 000112.000, 154
Trd, 000113.650, 161.0
Trd, 000113.733, 152.0
Trd, 000114.417, 152.0
Trd, 000114.783, 160
Trd, 000115.183, 151.0
Trd, 000117.167, 155
Trd, 000117.233, 152
Trd, 000117.600, 154
Trd, 000118.633, 152
Trd, 000119.117, 151
Trd, 000119.183, 151.0
Trd, 000119.583, 151
Trd, 000119.600, 152
Trd, 000120.167, 157.0
Trd, 000120.517, 157.0
Trd, 000122.817, 152
Trd, 000122.833, 151
Trd, 000123.350, 155.0
Trd, 000123.950, 153
Trd, 000124.650, 153
Trd, 000125.500, 155
Trd, 000126.383, 155.0
Trd, 000126.717, 158.0
Trd, 000128.233, 152
Trd, 000128.467, 152
Trd, 000129.250, 158
Trd, 000129.267, 147
Trd, 000129.950, 156
Trd, 000130.017, 151.0
Trd, 000130.467, 157
Trd, 000131.800, 155
Trd, 000132.400, 157.0
Trd, 000132.567, 155.0
Trd, 000134.000, 156.0
Trd, 000134.017, 155.0
Trd, 000134.517, 162.0
Trd, 000134.717, 153
Trd, 000134.950, 148
Trd, 000136.583, 154
Trd, 000137.200, 153
Trd, 000137.433, 158.0
Trd, 000138.917, 158
Trd, 000139.350, 157.0
Trd, 000139.733, 157
Trd, 000139.850, 157
Trd, 000139.883, 156.0
Trd, 000140.117, 158
Trd, 000140.800, 155.0
Trd, 000141.017, 158.0
Trd, 000141.133, 152
Trd, 000142.367, 158
Trd, 000143.083, 162
Trd, 000143.617, 156.0
Trd, 000143.767, 158
Trd, 000144.200, 157.0
Trd, 000144.350, 162.0
Trd, 000144.467, 156.0
Trd, 000145.117, 155.0
Trd, 000147.483, 152.0
Trd, 000147.600, 155
Trd, 000147.783, 157
Trd, 000148.017, 156.0
Trd, 000148.817, 155.0
Trd, 000148.983, 152
Trd, 000149.083, 156.0
Trd, 000149.433, 158.0
Trd, 000150.667, 152.0
Trd, 000150.917, 158
Trd, 000153.517, 158
Trd, 000153.717, 156.0
Trd, 000154.217, 156.0
Trd, 000154.417, 158
Trd, 000155.317, 157.0
Trd, 000156.000, 157.0
Trd, 000156.383, 158.0
Trd, 000156.400, 156.0
Trd, 000157.017, 155.0
Trd, 000157.183, 158
Trd, 000157.267, 161.0
Trd, 000158.617, 156
Trd, 000158.817, 158.0
Trd, 000159.167, 156.0
Trd, 000159.650, 155.0
Trd, 000159.883, 154
Trd, 000160.233, 151.0
Trd, 000161.750, 151
Trd, 000162.517, 152.0
Trd, 000162.900, 151.0
Trd, 000163.083, 147
Trd, 000163.400, 145
Trd, 000163.483, 153
Trd, 000163.700, 145
Trd, 000164.467, 143
Trd, 000165.150, 155.0
Trd, 000165.483, 158.0
Trd, 000166.467, 154
Trd, 000166.717, 152
Trd, 000168.283, 154
Trd, 000168.417, 155
Trd, 000169.500, 157.0
Trd, 000169.717, 157.0
Trd, 000169.900, 156.0
Trd, 000170.767, 158.0
Trd, 000170.850, 155.0
Trd, 000171.683, 162.0
Trd, 000171.717, 154
Trd, 000172.250, 151.0
Trd, 000172.767, 153
Trd, 000172.833, 142
Trd, 000174.833, 151
Trd, 000175.367, 152
Trd, 000175.783, 153
Trd, 000175.967, 154
Trd, 000176.367, 158.0
Trd, 000176.417, 154.0
Trd, 000177.367, 160.0
Trd, 000179.500, 157.0
Trd, 000179.633, 157.0
Trd, 000179.767, 158
Trd, 000180.600, 156.0
Trd, 000180.667, 158.0
Trd, 000180.900, 156
Trd, 000181.367, 152.0
Trd, 000181.483, 157
Trd, 000181.850, 154
Trd, 000182.017, 162.0
Trd, 000182.267, 147
Trd, 000183.383, 156.0
Trd, 000184.450, 160
Trd, 000185.167, 158.0
Trd, 000186.217, 155.0
Trd, 000187.383, 153
Trd, 000187.883, 153
Trd, 000188.450, 153
Trd, 000188.617, 155
Trd, 000189.367, 154
Trd, 000189.383, 158.0
Trd, 000189.417, 165.0
Trd, 000189.650, 151.0
Trd, 000190.800, 167
Trd, 000190.917, 155.0
Trd, 000191.317, 154
Trd, 000192.100, 149
Trd, 000192.150, 148
Trd, 000193.017, 136
Trd, 000194.033, 149
Trd, 000194.400, 145
Trd, 000194.617, 167
Trd, 000194.933, 153
Trd, 000196.067, 158
Trd, 000196.133, 157.0
Trd, 000196.150, 155.0
Trd, 000196.633, 154
Trd, 000197.833, 147
Trd, 000198.083, 148.0
Trd, 000198.317, 147
Trd, 000198.717, 149
Trd, 000198.850, 158.0
Trd, 000199.667, 149
Trd, 000199.917, 151
Trd, 000200.183, 151
Trd, 000200.533, 150
Trd, 000200.817, 155.0
Trd, 000201.000, 160
Trd, 000202.467, 158
Trd, 000204.100, 158.0
Trd, 000204.683, 157.0
Trd, 000205.483, 155.0
Trd, 000205.700, 154
Trd, 000206.517, 157
Trd, 000206.550, 151.0
Trd, 000207.717, 153
Trd, 000208.017, 153
Trd, 000208.450, 155.0
Trd, 000209.167, 155
Trd, 000209.233, 153
Trd, 000209.983, 157
Trd, 000210.017, 154
Trd, 000210.417, 152
Trd, 000211.250, 151.0
Trd, 000211.583, 152.0
Trd, 000211.717, 153
Trd, 000211.883, 151.0
Trd, 000212.833, 157.0
Trd, 000212.900, 147
Trd, 000213.267, 154
Trd, 000213.800, 158.0
Trd, 000215.100, 153
Trd, 000215.383, 162.0
Trd, 000216.867, 159
Trd, 000217.000, 158.0
Trd, 000217.200, 160
Trd, 000217.850, 159
Trd, 000218.600, 155.0
Trd, 000219.400, 156
Trd, 000219.883, 157
Trd, 000219.983, 157.0
Trd, 000220.150, 157
Trd, 000220.817, 157
Trd, 000221.317, 157.0
Trd, 000222.033, 162.0
Trd, 000222.783, 158
Trd, 000222.850, 155.0
Trd, 000223.783, 166
Trd, 000223.850, 156
Trd, 000224.917, 157.0
Trd, 000225.200, 156
Trd, 000225.417, 157
Trd, 000226.533, 158.0
Trd, 000226.683, 155
Trd, 000228.950, 158
Trd, 000229.283, 158
Trd, 000229.650, 157.0
Trd, 000230.267, 156.0
Trd, 000230.333, 157
Trd, 000230.367, 151.0
Trd, 000230.417, 147
Trd, 000231.217, 153
Trd, 000231.517, 156
Trd, 000231.967, 151.0
Trd, 000232.000, 156
Trd, 000233.750, 161
Trd, 000234.083, 158.0
Trd, 000234.283, 165.0
Trd, 000235.167, 162.0
Trd, 000235.333, 165.0
Trd, 000236.183, 159
Trd, 000236.233, 158
Trd, 000236.833, 156.0
Trd, 000237.167, 157
Trd, 000237.850, 161
Trd, 000237.883, 162.0
Trd, 000238.550, 161
Trd, 000238.800, 168
Trd, 000239.150, 161.0
Trd, 000240.017, 159.0
Trd, 000240.233, 163
Trd, 000240.800, 160
Trd, 000241.233, 158
Trd, 000241.700, 158.0
Trd, 000242.233, 156.0
Trd, 000242.400, 155.0
Trd, 000242.833, 154.0
Trd, 000243.617, 151.0
Trd, 000243.667, 147
Trd, 000244.800, 153
Trd, 000245.000, 152
Trd, 000245.433, 151
Trd, 000245.883, 156
Trd, 000246.000, 158.0
Trd, 000246.683, 159.0
Trd, 000246.983, 157.0
Trd, 000247.500, 155.0
Trd, 000247.850, 157.0
Trd, 000248.050, 154
Trd, 000249.033, 154
Trd, 000249.250, 158.0
Trd, 000249.617, 157
Trd, 000250.083, 164
Trd, 000250.200, 162
Trd, 000250.300, 162
Trd, 000251.467, 164
Trd, 000252.100, 162
Trd, 000252.133, 161
Trd, 000252.533, 160
Trd, 000252.783, 161
Trd, 000252.833, 163
Trd, 000253.267, 161
Trd, 000253.683, 159
Trd, 000254.933, 158
Trd, 000255.117, 157.0
Trd, 000255.400, 157
Trd, 000255.633, 156.0
Trd, 000255.683, 158.0
Trd, 000256.550, 155.0
Trd, 000256.833, 162.0
Trd, 000257.800, 155
Trd, 000258.600, 162
Trd, 000258.767, 162
Trd, 000259.167, 156.0
Trd, 000259.333, 155.0
Trd, 000259.733, 156
Trd, 000260.683, 155.0
Trd, 000260.983, 151.0
Trd, 000261.117, 158
Trd, 000261.367, 152
Trd, 000262.117, 155
Trd, 000263.150, 150
Trd, 000264.233, 158.0
Trd, 000264.517, 159.0
Trd, 000265.417, 151
Trd, 000265.883, 155.0
Trd, 000266.133, 153.0
Trd, 000266.650, 152
Trd, 000266.900, 147
Trd, 000267.250, 153
Trd, 000267.883, 153
Trd, 000267.967, 152.0
Trd, 000269.117, 154
Trd, 000269.583, 153
Trd, 000269.783, 154
Trd, 000270.067, 152.0
Trd, 000270.317, 155
Trd, 000270.867, 153.0
Trd, 000270.900, 152.0
Trd, 000271.450, 151.0
Trd, 000273.133, 150
Trd, 000274.083, 148
Trd, 000274.217, 149
Trd, 000274.600, 149
Trd, 000274.717, 147
Trd, 000275.283, 150
Trd, 000275.483, 145
Trd, 000276.200, 145.0
Trd, 000276.900, 146
Trd, 000277.050, 148.0
Trd, 000277.100, 151.0
Trd, 000277.383, 136
Trd, 000277.533, 158.0
Trd, 000278.000, 153
Trd, 000278.050, 155.0
Trd, 000278.433, 151.0
Trd, 000279.583, 150
Trd, 000279.617, 149
Trd, 000281.667, 158.0
Trd, 000282.383, 157.0
Trd, 000282.750, 155.0
Trd, 000283.150, 157.0
Trd, 000283.717, 158.0
Trd, 000284.200, 158.0
Trd, 000284.300, 159
Trd, 000284.550, 160
Trd, 000284.683, 162.0
Trd, 000285.133, 159
Trd, 000286.233, 168.0
Trd, 000286.917, 166.0
Trd, 000287.367, 164
Trd, 000287.933, 163
Trd, 000288.967, 161.0
Trd, 000289.000, 164
Trd, 000289.200, 165.0
Trd, 000289.367, 158.0
Trd, 000289.733, 167
Trd, 000289.817, 155.0
Trd, 000290.433, 167
Trd, 000290.683, 163
Trd, 000290.850, 162
Trd, 000291.050, 158.0
Trd, 000291.167, 162
Trd, 000291.483, 152.0
Trd, 000291.783, 151.0
Trd, 000292.050, 152
Trd, 000292.600, 154
Trd, 000293.200, 159
Trd, 000294.117, 162.0
Trd, 000294.450, 160
Trd, 000294.950, 157
Trd, 000295.333, 162.0
Trd, 000295.750, 164.0
Trd, 000296.217, 161
Trd, 000296.600, 161
Trd, 000296.767, 164
Trd, 000297.500, 158.0
Trd, 000297.633, 156.0
Trd, 000297.850, 163
Trd, 000297.900, 157.0
Trd, 000299.100, 161
Trd, 000299.167, 165.0
Trd, 000299.367, 156.0
Trd, 000299.950, 155.0
