Trd, 000001.050, 168
Trd, 000001.517, 172.0
Trd, 000001.717, 148.0
Trd, 000002.767, 165.0
Trd, 000004.117, 164.0
Trd, 000004.183, 162.0
Trd, 000004.600, 143
Trd, 000005.150, 138
Trd, 000005.600, 149
Trd, 000006.450, 148.0
Trd, 000007.033, 158
Trd, 000007.767, 140
Trd, 000008.117, 145
Trd, 000008.650, 149
Trd, 000008.700, 158.0
Trd, 000009.700, 165.0
Trd, 000010.067, 169
Trd, 000010.150, 168
Trd, 000010.200, 171.0
Trd, 000010.700, 167
Trd, 000011.683, 163
Trd, 000011.750, 166
Trd, 000012.667, 165.0
Trd, 000012.833, 162.0
Trd, 000013.650, 158
Trd, 000013.783, 162.0
Trd, 000015.133, 159
Trd, 000015.183, 161
Trd, 000015.600, 148.0
Trd, 000016.167, 155
Trd, 000016.383, 160
Trd, 000017.217, 159
Trd, 000018.217, 158.0
Trd, 000018.767, 155
Trd, 000018.783, 159
Trd, 000018.833, 144
Trd, 000019.600, 151
Trd, 000020.417, 157.0
Trd, 000022.067, 158.0
Trd, 000022.317, 152
Trd, 000022.583, 158
Trd, 000022.933, 149.0
Trd, 000023.633, 148.0
Trd, 000024.283, 158
Trd, 000024.317, 159
Trd, 000024.583, 165.0
Trd, 000024.800, 172.0
Trd, 000025.200, 165
Trd, 000026.600, 147
Trd, 000026.667, 148
Trd, 000026.817, 146
Trd, 000028.150, 154
Trd, 000028.500, 151.0
Trd, 000028.917, 154
Trd, 000029.150, 158.0
Trd, 000030.000, 149.0
Trd, 000030.133, 163
Trd, 000030.800, 164.0
Trd, 000031.550, 152
Trd, 000031.600, 162
Trd, 000031.767, 150
Trd, 000031.900, 143
Trd, 000032.417, 148.0
Trd, 000032.833, 163
Trd, 000033.283, 165.0
Trd, 000034.233, 162
Trd, 000034.250, 152
Trd, 000034.467, 154
Trd, 000034.983, 158.0
Trd, 000037.633, 145
Trd, 000038.067, 162
Trd, 000038.183, 165.0
Trd, 000038.600, 146
Trd, 000038.617, 172.0
Trd, 000039.333, 148.0
Trd, 000040.800, 148.0
Trd, 000040.833, 149
Trd, 000041.000, 155
Trd, 000041.317, 161
Trd, 000041.800, 158
Trd, 000043.017, 156
Trd, 000044.150, 158.0
Trd, 000045.467, 159
Trd, 000045.667, 162
Trd, 000046.000, 156
Trd, 000046.750, 160
Trd, 000047.617, 156
Trd, 000048.117, 148.0
Trd, 000048.383, 158.0
Trd, 000048.700, 162
Trd, 000048.933, 146
Trd, 000048.967, 164.0
Trd, 000049.583, 163
Trd, 000050.617, 164
Trd, 000051.300, 164
Trd, 000051.783, 165.0
Trd, 000052.417, 163.0
Trd, 000052.483, 162.0
Trd, 000052.617, 172.0
Trd, 000054.433, 163
Trd, 000054.683, 162.0
Trd, 000055.250, 167
Trd, 000055.650, 157
Trd, 000056.167, 149.0
Trd, 000057.100, 156
Trd, 000057.300, 158
Trd, 000057.317, 159
Trd, 000057.500, 148.0
Trd, 000058.617, 163
Trd, 000058.867, 162.0
Trd, 000059.367, 165.0
Trd, 000059.500, 163
Trd, 000060.733, 162
Trd, 000061.583, 158.0
Trd, 000061.650, 162
Trd, 000061.800, 155
Trd, 000061.833, 161
Trd, 000061.967, 163
Trd, 000062.567, 150.0
Trd, 000062.817, 149.0
Trd, 000063.750, 155
Trd, 000064.867, 159
Trd, 000065.400, 152
Trd, 000065.750, 162
Trd, 000066.250, 157.0
Trd, 000066.667, 158.0
Trd, 000067.283, 162
Trd, 000068.783, 162.0
Trd, 000068.917, 159
Trd, 000069.000, 164
Trd, 000069.467, 155
Trd, 000070.017, 151
Trd, 000070.850, 158
Trd, 000071.083, 158.0
Trd, 000071.433, 159
Trd, 000071.833, 149.0
Trd, 000072.150, 144.0
Trd, 000072.500, 155
Trd, 000073.417, 149.0
Trd, 000074.150, 155
Trd, 000074.267, 150
Trd, 000074.317, 148.0
Trd, 000074.400, 143
Trd, 000075.517, 158.0
Trd, 000075.583, 163
Trd, 000076.100, 144.0
Trd, 000077.100, 156
Trd, 000077.817, 158.0
Trd, 000078.283, 153
Trd, 000078.900, 158
Trd, 000079.233, 165.0
Trd, 000080.033, 172.0
Trd, 000080.850, 148.0
Trd, 000081.067, 153
Trd, 000081.800, 159
Trd, 000082.250, 144
Trd, 000083.700, 157
Trd, 000084.000, 158.0
Trd, 000084.467, 156
Trd, 000084.833, 156
Trd, 000085.350, 156
Trd, 000086.750, 157
Trd, 000086.783, 162
Trd, 000087.700, 159
Trd, 000087.817, 162
Trd, 000088.433, 162
Trd, 000089.083, 156
Trd, 000090.667, 162
Trd, 000091.217, 155
Trd, 000091.783, 156.0
Trd, 000091.967, 153
Trd, 000092.167, 148.0
Trd, 000092.317, 161
Trd, 000093.567, 157
Trd, 000093.967, 158.0
Trd, 000094.000, 154
Trd, 000094.983, 157
Trd, 000095.367, 162.0
Trd, 000095.967, 148
Trd, 000096.167, 162
Trd, 000096.467, 149
Trd, 000097.550, 162
Trd, 000097.650, 163
Trd, 000098.283, 165.0
Trd, 000098.533, 165
Trd, 000098.983, 165.0
Trd, 000099.667, 172.0
Trd, 000100.217, 166.0
Trd, 000100.483, 180.0
Trd, 000100.850, 162.0
Trd, 000100.950, 161
Trd, 000101.583, 142
Trd, 000101.750, 148.0
Trd, 000101.767, 157.0
Trd, 000102.450, 148.0
Trd, 000102.617, 148
Trd, 000102.883, 154
Trd, 000103.017, 157
Trd, 000104.833, 156
Trd, 000104.917, 155
Trd, 000105.783, 153
Trd, 000106.683, 152
Trd, 000106.950, 155
Trd, 000107.300, 158.0
Trd, 000107.783, 149
Trd, 000108.983, 146
Trd, 000110.217, 156
Trd, 000110.383, 154
Trd, 000110.817, 148.0
Trd, 000111.000, 154
Trd, 000112.417, 155
Trd, 000112.583, 155
Trd, 000113.233, 158.0
Trd, 000113.667, 158.0
Trd, 000114.183, 148.0
Trd, 000114.850, 161
Trd, 000115.000, 162
Trd, 000115.117, 150
Trd, 000115.667, 157
Trd, 000116.033, 150
Trd, 000116.683, 156
Trd, 000117.767, 160
Trd, 000117.983, 151
Trd, 000118.183, 158
Trd, 000119.383, 163
Trd, 000119.667, 163
Trd, 000119.733, 164.0
Trd, 000119.767, 157
Trd, 000120.800, 148
Trd, 000122.783, 162.0
Trd, 000122.967, 165.0
Trd, 000123.000, 148.0
Trd, 000123.617, 172.0
Trd, 000124.400, 158
Trd, 000124.883, 144.0
Trd, 000125.533, 148
Trd, 000125.567, 153
Trd, 000125.967, 151
Trd, 000126.800, 145
Trd, 000127.000, 143
Trd, 000127.367, 151
Trd, 000128.067, 148.0
Trd, 000128.767, 152
Trd, 000129.333, 151
Trd, 000129.400, 153
Trd, 000129.833, 148
Trd, 000130.183, 155
Trd, 000130.667, 158.0
Trd, 000131.133, 162
Trd, 000131.900, 165.0
Trd, 000132.483, 149.0
Trd, 000133.100, 156
Trd, 000133.400, 161
Trd, 000135.083, 157
Trd, 000135.167, 149.0
Trd, 000135.400, 148.0
Trd, 000135.500, 158.0
Trd, 000135.700, 162
Trd, 000136.350, 161
Trd, 000136.600, 144.0
Trd, 000136.833, 158.0
Trd, 000137.300, 154
Trd, 000137.383, 162
Trd, 000138.600, 148.0
Trd, 000138.750, 165.0
Trd, 000139.117, 159
Trd, 000139.250, 148.0
Trd, 000139.433, 172.0
Trd, 000141.567, 158
Trd, 000141.650, 147
Trd, 000142.167, 146
Trd, 000142.617, 156.0
Trd, 000143.083, 158.0
Trd, 000144.133, 157
Trd, 000144.533, 156
Trd, 000144.867, 159
Trd, 000145.017, 159
Trd, 000145.833, 152
Trd, 000146.200, 152
Trd, 000147.333, 158
Trd, 000148.117, 162
Trd, 000148.383, 161
Trd, 000148.900, 164.0
Trd, 000149.100, 162.0
Trd, 000149.850, 152
Trd, 000149.900, 150
Trd, 000150.917, 148.0
Trd, 000152.117, 156
Trd, 000153.783, 142
Trd, 000154.267, 147.0
Trd, 000154.917, 148.0
Trd, 000154.950, 156
Trd, 000155.117, 158.0
Trd, 000156.033, 154
Trd, 000156.417, 163
Trd, 000156.800, 163.0
Trd, 000157.583, 162.0
Trd, 000158.567, 155
Trd, 000158.917, 164
Trd, 000159.117, 154
Trd, 000159.700, 158.0
Trd, 000160.383, 158
Trd, 000160.717, 150.0
Trd, 000163.367, 158
Trd, 000163.750, 165.0
Trd, 000163.783, 156.0
Trd, 000164.833, 157
Trd, 000164.867, 154.0
Trd, 000164.967, 158.0
Trd, 000165.133, 150
Trd, 000165.550, 159
Trd, 000165.717, 163
Trd, 000166.633, 149.0
Trd, 000166.883, 162
Trd, 000167.383, 163
Trd, 000167.750, 141
Trd, 000167.917, 165.0
Trd, 000168.000, 172.0
Trd, 000168.217, 140
Trd, 000170.150, 159
Trd, 000170.583, 148.0
Trd, 000172.467, 144.0
Trd, 000172.667, 145
Trd, 000172.900, 147.0
Trd, 000173.533, 147.0
Trd, 000173.967, 146
Trd, 000174.067, 144
Trd, 000174.417, 138
Trd, 000175.600, 148.0
Trd, 000176.267, 151
Trd, 000176.733, 147
Trd, 000177.183, 149
Trd, 000177.650, 150
Trd, 000177.683, 155
Trd, 000178.783, 147
Trd, 000179.100, 147
Trd, 000180.100, 148.0
Trd, 000180.867, 156
Trd, 000180.933, 148.0
Trd, 000181.067, 156
Trd, 000182.217, 158.0
Trd, 000182.300, 143
Trd, 000183.200, 158
Trd, 000183.400, 150.0
Trd, 000183.767, 162
Trd, 000184.017, 161
Trd, 000184.667, 158.0
Trd, 000184.750, 148.0
Trd, 000184.800, 142
Trd, 000186.200, 162.0
Trd, 000187.100, 154
Trd, 000187.117, 160
Trd, 000187.200, 163
Trd, 000188.350, 158.0
Trd, 000189.583, 149.0
Trd, 000189.683, 159
Trd, 000189.767, 148.0
Trd, 000190.400, 148
Trd, 000191.383, 148
Trd, 000192.683, 159
Trd, 000193.250, 159
Trd, 000193.383, 163
Trd, 000193.833, 157
Trd, 000194.567, 165.0
Trd, 000195.300, 157
Trd, 000195.833, 158.0
Trd, 000196.450, 148.0
Trd, 000196.550, 142
Trd, 000196.583, 140
Trd, 000197.667, 158
Trd, 000198.100, 165.0
Trd, 000198.450, 136
Trd, 000199.167, 155
Trd, 000199.367, 158.0
Trd, 000201.217, 153
Trd, 000202.017, 153
Trd, 000202.233, 158
Trd, 000202.283, 162
Trd, 000202.333, 151.0
Trd, 000203.017, 157
Trd, 000203.550, 157.0
Trd, 000203.750, 158.0
Trd, 000203.783, 152.0
Trd, 000203.800, 175.0
Trd, 000204.967, 150
Trd, 000205.067, 148
Trd, 000205.517, 165
Trd, 000206.033, 149
Trd, 000206.083, 165.0
Trd, 000206.283, 168
Trd, 000206.867, 164
Trd, 000206.967, 179.0
Trd, 000207.783, 148.0
Trd, 000208.350, 163.0
Trd, 000208.700, 165.0
Trd, 000209.067, 162.0
Trd, 000209.583, 158
Trd, 000209.933, 162
Trd, 000210.133, 163
Trd, 000210.633, 157
Trd, 000211.083, 162
Trd, 000211.183, 163
Trd, 000211.400, 163
Trd, 000212.050, 148.0
Trd, 000213.083, 158.0
Trd, 000213.850, 138
Trd, 000214.100, 144.0
Trd, 000214.167, 142
Trd, 000214.933, 170
Trd, 000215.067, 165.0
Trd, 000215.483, 149
Trd, 000215.583, 172.0
Trd, 000215.917, 175.0
Trd, 000216.967, 152
Trd, 000217.033, 148
Trd, 000217.367, 161
Trd, 000218.100, 159
Trd, 000218.333, 160
Trd, 000218.533, 159
Trd, 000219.883, 152
Trd, 000221.583, 151.0
Trd, 000222.900, 157
Trd, 000224.783, 156
Trd, 000224.800, 156
Trd, 000225.250, 150.0
Trd, 000226.283, 157
Trd, 000228.383, 157.0
Trd, 000228.800, 156
Trd, 000228.867, 158.0
Trd, 000229.767, 160
Trd, 000230.317, 160
Trd, 000230.667, 156
Trd, 000230.817, 162
Trd, 000230.967, 167
Trd, 000233.467, 162.0
Trd, 000234.033, 156
Trd, 000234.433, 164
Trd, 000234.883, 164
Trd, 000235.867, 165.0
Trd, 000236.483, 163
Trd, 000236.600, 165
Trd, 000236.650, 162
Trd, 000237.483, 157
Trd, 000237.800, 165
Trd, 000239.067, 158
Trd, 000239.567, 158
Trd, 000239.983, 164
Trd, 000240.567, 161.0
Trd, 000241.167, 159
Trd, 000241.567, 160
Trd, 000241.833, 157
Trd, 000242.200, 158
Trd, 000242.283, 160
Trd, 000242.683, 154
Trd, 000242.783, 160
Trd, 000243.450, 152.0
Trd, 000243.900, 151
Trd, 000244.233, 152.0
Trd, 000244.417, 151.0
Trd, 000244.900, 148.0
Trd, 000245.200, 145
Trd, 000245.383, 148
Trd, 000246.417, 147
Trd, 000246.633, 148
Trd, 000247.000, 148.0
Trd, 000247.267, 143
Trd, 000247.283, 148
Trd, 000248.250, 140
Trd, 000248.517, 151
Trd, 000249.083, 141
Trd, 000249.350, 144.0
Trd, 000249.417, 151
Trd, 000249.700, 148
Trd, 000250.167, 147
Trd, 000250.500, 148
Trd, 000250.967, 151
Trd, 000251.117, 155
Trd, 000251.633, 157.0
Trd, 000251.750, 158.0
Trd, 000253.117, 156.0
Trd, 000253.383, 154.0
Trd, 000253.433, 151.0
Trd, 000253.717, 157
Trd, 000254.767, 148
Trd, 000254.850, 148.0
Trd, 000255.117, 147
Trd, 000255.267, 149
Trd, 000255.750, 156
Trd, 000255.883, 157
Trd, 000256.683, 152.0
Trd, 000256.767, 158.0
Trd, 000257.250, 154
Trd, 000257.617, 151
Trd, 000258.133, 144.0
Trd, 000258.517, 157
Trd, 000258.650, 151.0
Trd, 000258.983, 144
Trd, 000259.083, 143
Trd, 000259.600, 146
Trd, 000260.333, 146
Trd, 000260.700, 143
Trd, 000260.783, 147
Trd, 000261.417, 154
Trd, 000261.583, 141.0
Trd, 000261.683, 156
Trd, 000262.917, 146.0
Trd, 000263.700, 144
Trd, 000264.083, 148.0
Trd, 000264.583, 152
Trd, 000265.650, 144.0
Trd, 000265.817, 150.0
Trd, 000266.333, 148
Trd, 000266.483, 150
Trd, 000266.650, 147
Trd, 000266.750, 144
Trd, 000267.317, 151
Trd, 000267.367, 157
Trd, 000267.600, 153.0
Trd, 000267.650, 154
Trd, 000269.150, 153.0
Trd, 000269.800, 154
Trd, 000270.067, 155
Trd, 000270.600, 148
Trd, 000270.900, 148.0
Trd, 000271.350, 151.0
Trd, 000271.767, 151
Trd, 000272.283, 154
Trd, 000272.667, 158.0
Trd, 000272.833, 144.0
Trd, 000273.000, 143
Trd, 000273.100, 140
Trd, 000273.350, 148.0
Trd, 000273.383, 156
Trd, 000273.617, 156
Trd, 000274.017, 161
Trd, 000274.317, 158.0
Trd, 000274.433, 162
Trd, 000275.567, 153
Trd, 000276.117, 145.0
Trd, 000276.200, 144
Trd, 000276.483, 144
Trd, 000276.867, 148.0
Trd, 000276.933, 165.0
Trd, 000277.433, 149
Trd, 000278.433, 149
Trd, 000278.867, 146
Trd, 000278.983, 142
Trd, 000279.733, 141.0
Trd, 000280.000, 144
Trd, 000280.050, 144.0
Trd, 000280.100, 148.0
Trd, 000280.200, 153
Trd, 000280.800, 152
Trd, 000281.017, 148.0
Trd, 000281.767, 146
Trd, 000281.800, 140
Trd, 000281.900, 137.0
Trd, 000282.700, 139
Trd, 000282.967, 148
Trd, 000283.517, 143
Trd, 000284.550, 141.0
Trd, 000284.833, 142
Trd, 000285.050, 152
Trd, 000285.317, 149
Trd, 000285.917, 151.0
Trd, 000286.183, 156
Trd, 000286.650, 148.0
Trd, 000288.300, 151
Trd, 000288.650, 148
Trd, 000288.917, 150
Trd, 000289.100, 148.0
Trd, 000289.383, 148
Trd, 000289.750, 152
Trd, 000289.900, 147
Trd, 000290.050, 155
Trd, 000290.300, 158.0
Trd, 000290.583, 163
Trd, 000291.083, 149.0
Trd, 000291.117, 138
Trd, 000291.917, 162.0
Trd, 000292.183, 163
Trd, 000293.133, 165.0
Trd, 000293.617, 162
Trd, 000293.900, 162.0
Trd, 000294.567, 179.0
Trd, 000294.667, 177.0
Trd, 000294.683, 175.0
Trd, 000294.933, 178.0
Trd, 000295.367, 158
Trd, 000296.217, 168
Trd, 000296.400, 151.0
Trd, 000296.467, 148.0
Trd, 000296.483, 140
Trd, 000296.583, 170
Trd, 000296.883, 148
Trd, 000296.967, 141
Trd, 000297.700, 166
Trd, 000297.883, 137.0
Trd, 000298.733, 151.0
Trd, 000299.017, 157.0
Trd, 000299.150, 150
Trd, 000299.467, 147
Trd, 000299.817, 155
Trd, 000299.883, 156
Trd, 000299.983, 140
