Trd, 000002.733, 142
Trd, 000003.117, 167
Trd, 000004.550, 152
Trd, 000004.917, 146
Trd, 000005.250, 151
Trd, 000005.700, 151
Trd, 000005.983, 155.0
Trd, 000006.300, 153
Trd, 000006.550, 154
Trd, 000006.900, 154
Trd, 000008.250, 162.0
Trd, 000009.183, 167
Trd, 000009.750, 164
Trd, 000010.033, 159
Trd, 000010.950, 164
Trd, 000011.400, 165
Trd, 000011.967, 165
Trd, 000012.000, 163
Trd, 000014.100, 164
Trd, 000014.583, 161
Trd, 000015.650, 160
Trd, 000016.150, 158
Trd, 000016.800, 162
Trd, 000017.333, 163
Trd, 000017.950, 158
Trd, 000018.333, 160
Trd, 000019.083, 160
Trd, 000019.333, 157
Trd, 000019.433, 145
Trd, 000020.000, 137.0
Trd, 000020.333, 162
Trd, 000020.467, 162.0
Trd, 000022.067, 133
Trd, 000022.433, 151
Trd, 000024.467, 150
Trd, 000024.583, 151
Trd, 000025.017, 149
Trd, 000025.150, 151.0
Trd, 000025.250, 148
Trd, 000025.683, 152
Trd, 000025.933, 146
Trd, 000026.017, 140
Trd, 000027.617, 147
Trd, 000027.767, 143
Trd, 000028.483, 146
Trd, 000029.050, 145
Trd, 000029.817, 151.0
Trd, 000030.250, 149
Trd, 000031.350, 148
Trd, 000033.133, 149
Trd, 000033.150, 150
Trd, 000033.850, 155.0
Trd, 000034.700, 151
Trd, 000035.217, 150
Trd, 000035.467, 155
Trd, 000035.783, 146
Trd, 000036.800, 146
Trd, 000037.233, 152
Trd, 000037.983, 162.0
Trd, 000039.050, 156
Trd, 000039.083, 165.0
Trd, 000039.750, 156
Trd, 000040.683, 156
Trd, 000041.267, 155
Trd, 000041.650, 158
Trd, 000042.500, 156
Trd, 000043.350, 157
Trd, 000045.000, 165
Trd, 000045.167, 164
Trd, 000045.367, 161
Trd, 000046.317, 160.0
Trd, 000046.400, 159
Trd, 000047.067, 160
Trd, 000047.433, 159
Trd, 000047.533, 157
Trd, 000047.750, 160.0
Trd, 000048.700, 159
Trd, 000049.283, 167
Trd, 000050.317, 166.0
Trd, 000050.400, 166
Trd, 000050.450, 162
Trd, 000051.783, 160
Trd, 000052.150, 156.0
Trd, 000052.733, 157.0
Trd, 000053.400, 158.0
Trd, 000054.050, 158.0
Trd, 000055.500, 159
Trd, 000056.100, 158.0
Trd, 000056.900, 155.0
Trd, 000056.967, 156
Trd, 000057.267, 156
Trd, 000057.517, 157
Trd, 000057.900, 158
Trd, 000058.217, 161
Trd, 000058.317, 162.0
Trd, 000060.533, 163
Trd, 000060.967, 162.0
Trd, 000062.317, 160
Trd, 000062.617, 168.0
Trd, 000063.567, 160
Trd, 000064.283, 160
Trd, 000064.333, 160
Trd, 000064.983, 159
Trd, 000065.600, 157.0
Trd, 000066.417, 157
Trd, 000066.533, 155.0
Trd, 000067.717, 155
Trd, 000067.767, 153
Trd, 000068.117, 156
Trd, 000068.750, 153
Trd, 000069.517, 154
Trd, 000069.767, 156
Trd, 000069.917, 151
Trd, 000071.233, 149
Trd, 000071.400, 145
Trd, 000072.333, 138.0
Trd, 000073.533, 151.0
Trd, 000073.983, 143
Trd, 000074.617, 148
Trd, 000074.883, 147
Trd, 000075.083, 151
Trd, 000075.400, 143
Trd, 000077.000, 149
Trd, 000077.067, 148
Trd, 000077.650, 151
Trd, 000077.700, 155.0
Trd, 000078.183, 156
Trd, 000078.667, 154
Trd, 000079.400, 167
Trd, 000080.233, 153
Trd, 000080.967, 161.0
Trd, 000082.750, 157
Trd, 000082.817, 155
Trd, 000083.783, 158
Trd, 000084.333, 159
Trd, 000084.717, 158
Trd, 000085.100, 156
Trd, 000085.383, 156.0
Trd, 000086.083, 160.0
Trd, 000086.983, 159.0
Trd, 000087.183, 159.0
Trd, 000087.217, 160
Trd, 000088.300, 160
Trd, 000089.817, 161
Trd, 000090.667, 161
Trd, 000090.817, 162.0
Trd, 000090.917, 168
Trd, 000091.300, 161
Trd, 000091.333, 160
Trd, 000091.800, 163
Trd, 000093.817, 161
Trd, 000093.917, 160
Trd, 000093.983, 159
Trd, 000094.200, 152
Trd, 000094.300, 154
Trd, 000096.833, 159
Trd, 000096.950, 162.0
Trd, 000097.133, 160.0
Trd, 000097.450, 160.0
Trd, 000097.517, 160
Trd, 000098.083, 155.0
Trd, 000098.817, 156
Trd, 000098.867, 167
Trd, 000099.017, 137.0
Trd, 000100.067, 127.0
Trd, 000101.367, 155.0
Trd, 000102.767, 161.0
Trd, 000102.883, 157.0
Trd, 000103.283, 155.0
Trd, 000104.683, 157
Trd, 000104.800, 157
Trd, 000104.917, 155
Trd, 000105.217, 153
Trd, 000105.750, 152
Trd, 000106.267, 153
Trd, 000107.517, 155
Trd, 000108.717, 156
Trd, 000108.750, 153
Trd, 000109.067, 153
Trd, 000109.150, 156
Trd, 000110.350, 159
Trd, 000111.467, 159
Trd, 000111.800, 157
Trd, 000112.283, 159
Trd, 000112.833, 161
Trd, 000112.967, 162.0
Trd, 000113.317, 163
Trd, 000113.433, 160.0
Trd, 000113.917, 162
Trd, 000115.217, 165
Trd, 000116.267, 156
Trd, 000116.400, 156
Trd, 000116.417, 158
Trd, 000116.800, 140
Trd, 000117.333, 128
Trd, 000117.883, 155.0
Trd, 000118.500, 148
Trd, 000118.583, 155
Trd, 000120.117, 153
Trd, 000120.700, 153
Trd, 000121.067, 155.0
Trd, 000121.333, 156
Trd, 000121.450, 155
Trd, 000121.983, 160.0
Trd, 000122.033, 155.0
Trd, 000122.350, 154
Trd, 000123.750, 160.0
Trd, 000124.467, 162.0
Trd, 000124.617, 161
Trd, 000126.133, 159
Trd, 000126.633, 159
Trd, 000127.417, 158
Trd, 000127.467, 159
Trd, 000128.133, 158
Trd, 000129.083, 155.0
Trd, 000129.850, 157
Trd, 000130.050, 157
Trd, 000130.183, 156
Trd, 000130.950, 156
Trd, 000131.667, 159
Trd, 000131.767, 147
Trd, 000133.500, 156
Trd, 000133.767, 156
Trd, 000133.967, 156
Trd, 000134.100, 157
Trd, 000135.133, 155.0
Trd, 000135.517, 154
Trd, 000136.850, 155
Trd, 000137.400, 154
Trd, 000137.817, 153
Trd, 000138.467, 152
Trd, 000139.267, 154
Trd, 000139.583, 153
Trd, 000139.950, 156
Trd, 000140.600, 154
Trd, 000141.067, 155.0
Trd, 000141.950, 156
Trd, 000143.150, 156
Trd, 000143.333, 155.0
Trd, 000143.600, 155
Trd, 000144.817, 154
Trd, 000145.167, 155
Trd, 000145.233, 157
Trd, 000145.633, 154
Trd, 000146.800, 157
Trd, 000147.300, 158
Trd, 000147.367, 157
Trd, 000148.467, 156
Trd, 000149.117, 156
Trd, 000151.467, 157
Trd, 000151.600, 157
Trd, 000151.700, 162.0
Trd, 000152.000, 156.0
Trd, 000152.050, 155.0
Trd, 000152.567, 159
Trd, 000153.050, 157
Trd, 000153.617, 159
Trd, 000154.483, 159
Trd, 000154.700, 158
Trd, 000155.400, 160
Trd, 000155.617, 159
Trd, 000155.950, 155.0
Trd, 000156.083, 153
Trd, 000156.917, 158
Trd, 000158.500, 159
Trd, 000158.917, 158
Trd, 000159.500, 158
Trd, 000159.950, 165
Trd, 000160.750, 161
Trd, 000161.133, 158
Trd, 000161.383, 160
Trd, 000161.917, 159
Trd, 000162.933, 159
Trd, 000163.167, 161
Trd, 000163.267, 161
Trd, 000163.583, 159
Trd, 000163.933, 162.0
Trd, 000164.050, 160
Trd, 000165.500, 158
Trd, 000167.100, 157
Trd, 000169.217, 157
Trd, 000169.767, 157
Trd, 000170.250, 158
Trd, 000170.650, 157
Trd, 000170.917, 157
Trd, 000171.317, 158
Trd, 000171.417, 155.0
Trd, 000172.850, 156
Trd, 000173.100, 155
Trd, 000173.633, 151
Trd, 000174.067, 149
Trd, 000174.133, 152
Trd, 000174.683, 151
Trd, 000175.050, 151
Trd, 000176.050, 128
Trd, 000176.917, 141
Trd, 000177.167, 141
Trd, 000177.317, 155.0
Trd, 000180.267, 142
Trd, 000180.717, 145
Trd, 000180.950, 143
Trd, 000181.067, 147
Trd, 000181.267, 147
Trd, 000182.800, 142
Trd, 000183.567, 143
Trd, 000183.950, 146
Trd, 000184.633, 146
Trd, 000185.017, 154.0
Trd, 000186.700, 149
Trd, 000186.750, 147
Trd, 000187.050, 148
Trd, 000187.617, 150
Trd, 000188.017, 148
Trd, 000188.067, 146
Trd, 000188.700, 146
Trd, 000190.300, 150
Trd, 000190.350, 150
Trd, 000191.100, 153.0
Trd, 000191.383, 155
Trd, 000191.967, 157.0
Trd, 000192.150, 155.0
Trd, 000193.317, 155.0
Trd, 000193.433, 155
Trd, 000193.517, 154
Trd, 000193.817, 164
Trd, 000194.067, 163
Trd, 000194.167, 156
Trd, 000196.333, 158
Trd, 000197.917, 157
Trd, 000198.083, 157
Trd, 000198.383, 157
Trd, 000198.700, 156
Trd, 000198.867, 157
Trd, 000200.033, 160
Trd, 000201.067, 158
Trd, 000201.167, 157
Trd, 000202.250, 162
Trd, 000203.317, 162.0
Trd, 000203.483, 160
Trd, 000203.767, 164
Trd, 000204.400, 156
Trd, 000205.750, 149
Trd, 000207.200, 153
Trd, 000207.650, 160
Trd, 000209.433, 157.0
Trd, 000209.717, 155.0
Trd, 000209.933, 156
Trd, 000210.233, 158
Trd, 000210.350, 156
Trd, 000210.533, 155
Trd, 000211.900, 148
Trd, 000212.317, 156.0
Trd, 000212.733, 158
Trd, 000213.183, 155.0
Trd, 000214.817, 155
Trd, 000215.517, 158
Trd, 000216.083, 158
Trd, 000216.483, 158
Trd, 000216.900, 158
Trd, 000217.233, 156
Trd, 000217.667, 158
Trd, 000218.133, 158
Trd, 000218.783, 150
Trd, 000219.183, 137.0
Trd, 000219.850, 155
Trd, 000221.267, 151.0
Trd, 000222.383, 158.0
Trd, 000222.550, 157.0
Trd, 000223.400, 167.0
Trd, 000223.667, 159
Trd, 000223.850, 166
Trd, 000224.100, 165
Trd, 000224.400, 168.0
Trd, 000225.817, 162.0
Trd, 000226.083, 164
Trd, 000226.483, 164
Trd, 000226.717, 156.0
Trd, 000227.483, 155.0
Trd, 000228.767, 159
Trd, 000229.100, 156
Trd, 000230.083, 153
Trd, 000230.483, 155
Trd, 000231.350, 155
Trd, 000232.017, 153
Trd, 000232.500, 148
Trd, 000234.133, 152
Trd, 000234.800, 151
Trd, 000235.167, 152
Trd, 000236.333, 150
Trd, 000237.833, 153
Trd, 000237.967, 150
Trd, 000238.417, 149
Trd, 000239.900, 151
Trd, 000239.983, 147
Trd, 000241.233, 142.0
Trd, 000241.583, 142
Trd, 000241.750, 142.0
Trd, 000242.183, 142.0
Trd, 000242.317, 142
Trd, 000242.367, 143
Trd, 000242.450, 144.0
Trd, 000243.050, 142.0
Trd, 000243.317, 151
Trd, 000243.350, 155.0
Trd, 000243.950, 146
Trd, 000244.833, 146
Trd, 000245.050, 144.0
Trd, 000245.400, 149
Trd, 000246.100, 147
Trd, 000246.183, 145
Trd, 000246.483, 144
Trd, 000246.567, 144
Trd, 000246.750, 148
Trd, 000246.900, 151
Trd, 000247.433, 151
Trd, 000248.317, 148.0
Trd, 000249.083, 147
Trd, 000249.600, 144
Trd, 000249.617, 149
Trd, 000249.833, 149
Trd, 000250.417, 142
Trd, 000250.583, 144.0
Trd, 000250.950, 145.0
Trd, 000250.967, 144
Trd, 000251.633, 142.0
Trd, 000252.183, 145
Trd, 000252.550, 148
Trd, 000253.317, 143.0
Trd, 000253.400, 151.0
Trd, 000253.617, 154
Trd, 000254.417, 152.0
Trd, 000256.167, 152
Trd, 000256.833, 152
Trd, 000257.133, 151.0
Trd, 000257.350, 151.0
Trd, 000257.683, 149
Trd, 000258.983, 147
Trd, 000259.100, 153
Trd, 000259.800, 149
Trd, 000260.217, 152
Trd, 000260.383, 153
Trd, 000260.800, 155.0
Trd, 000261.000, 152
Trd, 000261.067, 148.0
Trd, 000261.317, 141.0
Trd, 000261.767, 154
Trd, 000261.800, 153
Trd, 000262.033, 151
Trd, 000262.467, 149
Trd, 000262.550, 152
Trd, 000263.383, 152.0
Trd, 000263.433, 155
Trd, 000264.500, 153.0
Trd, 000265.233, 153
Trd, 000265.583, 152
Trd, 000266.200, 154
Trd, 000266.683, 150.0
Trd, 000266.783, 151.0
Trd, 000267.333, 150.0
Trd, 000267.933, 149
Trd, 000269.250, 151.0
Trd, 000269.283, 148.0
Trd, 000269.350, 142
Trd, 000269.483, 152
Trd, 000270.033, 152
Trd, 000270.633, 155
Trd, 000270.667, 155.0
Trd, 000270.683, 154
Trd, 000270.883, 154
Trd, 000271.933, 158
Trd, 000272.983, 160
Trd, 000273.017, 159
Trd, 000273.600, 157
Trd, 000274.033, 158.0
Trd, 000274.483, 156.0
Trd, 000274.967, 157
Trd, 000275.750, 161
Trd, 000277.033, 157
Trd, 000277.083, 155.0
Trd, 000277.767, 159
Trd, 000278.033, 158.0
Trd, 000278.067, 155
Trd, 000278.800, 151.0
Trd, 000279.317, 141.0
Trd, 000279.517, 142
Trd, 000279.950, 142.0
Trd, 000280.283, 141
Trd, 000280.800, 149
Trd, 000281.083, 147
Trd, 000281.283, 142
Trd, 000281.817, 138.0
Trd, 000281.933, 134.0
Trd, 000282.250, 147
Trd, 000282.600, 137.0
Trd, 000282.667, 135
Trd, 000284.000, 144
Trd, 000284.250, 144
Trd, 000284.450, 151.0
Trd, 000284.967, 148
Trd, 000285.133, 146
Trd, 000285.300, 152.0
Trd, 000285.450, 161.0
Trd, 000285.567, 146
Trd, 000286.400, 157
Trd, 000286.950, 155
Trd, 000287.533, 155.0
Trd, 000287.583, 154
Trd, 000287.833, 158
Trd, 000288.133, 150
Trd, 000288.583, 151.0
Trd, 000289.567, 145
Trd, 000289.667, 141.0
Trd, 000290.717, 153
Trd, 000291.000, 152.0
Trd, 000291.433, 151
Trd, 000291.733, 149.0
Trd, 000291.817, 161.0
Trd, 000292.400, 148.0
Trd, 000292.583, 154
Trd, 000292.950, 158.0
Trd, 000293.017, 162.0
Trd, 000293.683, 158
Trd, 000295.017, 152
Trd, 000295.100, 153
Trd, 000295.183, 154
Trd, 000295.633, 153
Trd, 000295.833, 152
Trd, 000296.250, 153.0
Trd, 000297.483, 153.0
Trd, 000297.767, 151.0
Trd, 000298.100, 138
Trd, 000299.083, 140.0
Trd, 000299.150, 139.0
Trd, 000299.250, 141.0
Trd, 000299.267, 155.0
Trd, 000299.300, 155
Trd, 000299.517, 153
Trd, 000299.733, 138.0
