Trd, 000004.350, 129
Trd, 000004.467, 137.0
Trd, 000005.017, 144.0
Trd, 000005.117, 149.0
Trd, 000005.650, 149.0
Trd, 000005.900, 148.0
Trd, 000006.317, 151.0
Trd, 000006.717, 156
Trd, 000007.483, 152
Trd, 000007.500, 148
Trd, 000008.800, 155
Trd, 000009.567, 150.0
Trd, 000011.050, 150.0
Trd, 000011.100, 149
Trd, 000012.183, 150
Trd, 000012.600, 143
Trd, 000013.850, 137.0
Trd, 000014.583, 135.0
Trd, 000014.850, 136
Trd, 000015.133, 135.0
Trd, 000015.517, 135.0
Trd, 000016.067, 138.0
Trd, 000017.117, 149.0
Trd, 000018.767, 149.0
Trd, 000018.833, 150.0
Trd, 000018.950, 148.0
Trd, 000019.017, 148
Trd, 000019.267, 155
Trd, 000019.750, 143
Trd, 000019.867, 151.0
Trd, 000020.267, 168.0
Trd, 000022.600, 142
Trd, 000023.267, 139
Trd, 000023.317, 144
Trd, 000023.517, 145
Trd, 000024.433, 146
Trd, 000025.283, 144.0
Trd, 000025.650, 147
Trd, 000025.683, 148
Trd, 000027.017, 146.0
Trd, 000027.800, 147
Trd, 000028.117, 146.0
Trd, 000028.300, 142
Trd, 000028.917, 142
Trd, 000029.083, 145
Trd, 000029.683, 148.0
Trd, 000030.117, 151.0
Trd, 000031.050, 142
Trd, 000031.783, 149
Trd, 000033.550, 148
Trd, 000034.250, 147
Trd, 000035.100, 147
Trd, 000035.700, 147
Trd, 000035.767, 148
Trd, 000035.850, 149
Trd, 000037.050, 150
Trd, 000037.117, 151.0
Trd, 000037.150, 156
Trd, 000038.717, 156
Trd, 000039.183, 155
Trd, 000039.500, 156
Trd, 000039.850, 156
Trd, 000040.317, 154
Trd, 000040.417, 156
Trd, 000041.617, 152
Trd, 000042.017, 148.0
Trd, 000042.383, 153
Trd, 000043.933, 150.0
Trd, 000044.083, 149
Trd, 000044.733, 145
Trd, 000045.867, 145
Trd, 000045.933, 148
Trd, 000046.267, 149
Trd, 000046.417, 148.0
Trd, 000047.667, 151.0
Trd, 000049.450, 146
Trd, 000050.233, 146
Trd, 000050.383, 144
Trd, 000050.583, 144
Trd, 000051.367, 143
Trd, 000051.533, 145
Trd, 000051.617, 146
Trd, 000051.983, 146
Trd, 000053.483, 144
Trd, 000053.917, 143
Trd, 000054.283, 143
Trd, 000054.550, 142
Trd, 000054.583, 142
Trd, 000054.883, 153
Trd, 000057.650, 140
Trd, 000057.800, 144.0
Trd, 000057.933, 140.0
Trd, 000059.433, 143
Trd, 000059.717, 141
Trd, 000060.467, 142
Trd, 000060.583, 143.0
Trd, 000061.583, 142.0
Trd, 000061.950, 142
Trd, 000062.450, 144.0
Trd, 000063.333, 143.0
Trd, 000063.517, 144.0
Trd, 000063.583, 143
Trd, 000064.133, 143
Trd, 000065.183, 141
Trd, 000065.233, 141
Trd, 000065.517, 143
Trd, 000065.583, 143
Trd, 000066.083, 151.0
Trd, 000067.600, 144
Trd, 000067.833, 146
Trd, 000068.200, 147
Trd, 000069.583, 150
Trd, 000069.983, 150.0
Trd, 000070.183, 151.0
Trd, 000071.983, 149.0
Trd, 000072.083, 148.0
Trd, 000072.250, 148
Trd, 000072.317, 151
Trd, 000072.700, 155
Trd, 000072.833, 147
Trd, 000072.917, 146
Trd, 000074.600, 151
Trd, 000074.633, 149
Trd, 000075.650, 146
Trd, 000075.683, 149
Trd, 000076.050, 143
Trd, 000076.133, 144.0
Trd, 000077.883, 147.0
Trd, 000078.083, 149.0
Trd, 000078.683, 151.0
Trd, 000079.650, 154
Trd, 000079.783, 150.0
Trd, 000080.917, 150
Trd, 000081.017, 152
Trd, 000082.333, 151.0
Trd, 000082.867, 152
Trd, 000083.417, 150.0
Trd, 000083.483, 151.0
Trd, 000083.717, 152
Trd, 000084.317, 148
Trd, 000085.133, 148.0
Trd, 000085.167, 152
Trd, 000085.550, 147
Trd, 000086.633, 151
Trd, 000086.933, 150
Trd, 000088.350, 148
Trd, 000088.417, 148
Trd, 000088.500, 149
Trd, 000088.533, 151.0
Trd, 000089.000, 147
Trd, 000089.767, 151
Trd, 000089.900, 152
Trd, 000091.167, 151.0
Trd, 000092.533, 150.0
Trd, 000092.550, 151
Trd, 000093.467, 148.0
Trd, 000093.733, 164
Trd, 000093.917, 165
Trd, 000094.133, 148
Trd, 000094.667, 159
Trd, 000095.067, 149
Trd, 000095.933, 150
Trd, 000095.950, 165
Trd, 000098.250, 158
Trd, 000098.417, 155
Trd, 000099.183, 156
Trd, 000099.550, 155
Trd, 000099.600, 157
Trd, 000100.550, 154
Trd, 000100.817, 148.0
Trd, 000101.733, 148
Trd, 000101.933, 149
Trd, 000102.700, 149
Trd, 000103.600, 151
Trd, 000104.333, 149
Trd, 000105.550, 151
Trd, 000106.183, 150
Trd, 000106.767, 149.0
Trd, 000106.833, 151
Trd, 000107.100, 148.0
Trd, 000107.150, 147
Trd, 000107.183, 151.0
Trd, 000107.850, 162
Trd, 000108.350, 167.0
Trd, 000108.533, 149
Trd, 000110.983, 157
Trd, 000111.733, 152
Trd, 000111.767, 155
Trd, 000112.950, 153
Trd, 000113.467, 151
Trd, 000114.100, 145
Trd, 000114.233, 143
Trd, 000114.800, 149
Trd, 000115.017, 149
Trd, 000115.550, 149
Trd, 000115.950, 149
Trd, 000116.083, 148
Trd, 000116.300, 150
Trd, 000116.517, 155
Trd, 000116.900, 156
Trd, 000117.067, 162
Trd, 000117.250, 168.0
Trd, 000117.800, 143
Trd, 000118.750, 151.0
Trd, 000119.500, 149
Trd, 000120.383, 149
Trd, 000120.467, 149
Trd, 000121.317, 148
Trd, 000121.433, 148.0
Trd, 000121.583, 150.0
Trd, 000122.083, 150
Trd, 000122.550, 151.0
Trd, 000122.617, 167
Trd, 000122.850, 168.0
Trd, 000123.483, 149
Trd, 000124.850, 137.0
Trd, 000125.567, 145
Trd, 000125.667, 145
Trd, 000126.017, 145
Trd, 000127.017, 146
Trd, 000127.567, 151.0
Trd, 000128.133, 149
Trd, 000128.850, 149
Trd, 000129.417, 155
Trd, 000129.600, 149
Trd, 000129.950, 149
Trd, 000130.883, 148
Trd, 000131.383, 148.0
Trd, 000132.367, 148
Trd, 000133.017, 150.0
Trd, 000133.533, 150.0
Trd, 000133.883, 148
Trd, 000134.967, 149.0
Trd, 000135.250, 150
Trd, 000135.517, 149.0
Trd, 000135.900, 151.0
Trd, 000136.467, 148.0
Trd, 000137.283, 148.0
Trd, 000138.450, 148
Trd, 000138.583, 147
Trd, 000139.383, 151
Trd, 000139.583, 148
Trd, 000139.617, 152
Trd, 000139.850, 147
Trd, 000139.967, 151.0
Trd, 000142.200, 149
Trd, 000143.217, 148
Trd, 000144.133, 144.0
Trd, 000144.167, 151
Trd, 000144.633, 148
Trd, 000145.017, 148
Trd, 000145.533, 144
Trd, 000146.333, 145
Trd, 000147.533, 144
Trd, 000147.650, 147
Trd, 000148.300, 145
Trd, 000148.683, 145
Trd, 000149.767, 145
Trd, 000149.950, 144
Trd, 000150.200, 160
Trd, 000150.867, 149
Trd, 000151.150, 145
Trd, 000152.433, 149.0
Trd, 000152.683, 148.0
Trd, 000153.050, 144
Trd, 000153.467, 150
Trd, 000153.500, 151.0
Trd, 000154.167, 144
Trd, 000157.000, 152
Trd, 000157.300, 151
Trd, 000158.267, 155
Trd, 000158.350, 148
Trd, 000158.600, 155
Trd, 000159.300, 148.0
Trd, 000160.000, 161
Trd, 000160.167, 144
Trd, 000160.983, 151.0
Trd, 000162.217, 148
Trd, 000163.233, 147
Trd, 000163.283, 143
Trd, 000164.350, 142.0
Trd, 000164.467, 144.0
Trd, 000164.567, 155
Trd, 000165.567, 145.0
Trd, 000165.667, 144.0
Trd, 000165.767, 137.0
Trd, 000165.883, 147
Trd, 000168.133, 147
Trd, 000168.467, 146
Trd, 000168.633, 148.0
Trd, 000169.600, 146
Trd, 000170.300, 149.0
Trd, 000171.250, 149
Trd, 000172.200, 150
Trd, 000172.283, 149.0
Trd, 000172.783, 148.0
Trd, 000173.200, 146
Trd, 000174.567, 147.0
Trd, 000174.850, 149
Trd, 000175.683, 148
Trd, 000175.817, 145
Trd, 000175.933, 149
Trd, 000176.783, 146
Trd, 000177.167, 144.0
Trd, 000177.850, 148
Trd, 000178.350, 150.0
Trd, 000178.933, 144
Trd, 000179.733, 150
Trd, 000179.950, 155
Trd, 000180.100, 162
Trd, 000180.500, 168.0
Trd, 000180.883, 151.0
Trd, 000182.700, 155
Trd, 000183.050, 152
Trd, 000183.067, 151
Trd, 000183.133, 148.0
Trd, 000183.167, 156
Trd, 000183.783, 155
Trd, 000183.967, 158
Trd, 000185.317, 156
Trd, 000185.833, 154
Trd, 000185.883, 157
Trd, 000187.467, 156
Trd, 000187.817, 158
Trd, 000188.133, 158
Trd, 000188.317, 158
Trd, 000188.367, 156
Trd, 000190.133, 161
Trd, 000190.650, 160
Trd, 000191.033, 155
Trd, 000192.217, 155.0
Trd, 000192.333, 161
Trd, 000193.167, 162
Trd, 000194.017, 158.0
Trd, 000194.900, 157.0
Trd, 000195.050, 156
Trd, 000195.117, 156
Trd, 000195.133, 155.0
Trd, 000196.083, 148.0
Trd, 000196.133, 158
Trd, 000196.367, 157
Trd, 000196.917, 160
Trd, 000197.700, 158
Trd, 000197.817, 158
Trd, 000197.933, 154
Trd, 000198.200, 152
Trd, 000198.550, 168
Trd, 000200.483, 158
Trd, 000200.633, 157
Trd, 000201.200, 156
Trd, 000201.483, 156
Trd, 000202.567, 156
Trd, 000203.400, 148.0
Trd, 000205.550, 153
Trd, 000205.650, 151
Trd, 000205.750, 147
Trd, 000206.067, 150.0
Trd, 000206.983, 150
Trd, 000207.500, 150
Trd, 000207.883, 149
Trd, 000208.167, 149
Trd, 000208.583, 150
Trd, 000209.000, 151.0
Trd, 000210.083, 151.0
Trd, 000211.017, 162
Trd, 000211.433, 156
Trd, 000212.317, 155
Trd, 000212.333, 156
Trd, 000212.733, 154.0
Trd, 000213.133, 155
Trd, 000213.150, 148.0
Trd, 000215.050, 150
Trd, 000215.650, 150.0
Trd, 000216.550, 151
Trd, 000217.117, 150
Trd, 000217.650, 151.0
Trd, 000218.417, 152
Trd, 000218.450, 150
Trd, 000218.933, 150
Trd, 000219.183, 143
Trd, 000219.317, 156
Trd, 000219.583, 162
Trd, 000219.967, 143
Trd, 000221.333, 147
Trd, 000222.317, 148
Trd, 000223.767, 147
Trd, 000224.317, 147
Trd, 000224.367, 148
Trd, 000224.817, 147
Trd, 000224.883, 150
Trd, 000225.100, 146
Trd, 000226.483, 149.0
Trd, 000226.683, 150.0
Trd, 000227.267, 151.0
Trd, 000228.283, 151
Trd, 000228.700, 148.0
Trd, 000228.733, 143
Trd, 000228.883, 152
Trd, 000229.150, 137.0
Trd, 000229.250, 137.0
Trd, 000231.433, 149.0
Trd, 000231.983, 150.0
Trd, 000232.433, 149.0
Trd, 000232.733, 151.0
Trd, 000233.050, 155
Trd, 000233.183, 150
Trd, 000233.767, 150
Trd, 000233.933, 155
Trd, 000234.083, 149
Trd, 000234.350, 149.0
Trd, 000235.483, 148.0
Trd, 000235.617, 149.0
Trd, 000236.500, 148.0
Trd, 000238.783, 146
Trd, 000239.083, 145
Trd, 000239.383, 145
Trd, 000239.583, 147
Trd, 000240.167, 148.0
Trd, 000240.517, 147.0
Trd, 000241.000, 149.0
Trd, 000241.117, 148
Trd, 000241.267, 151.0
Trd, 000241.867, 149
Trd, 000242.050, 150
Trd, 000242.100, 155
Trd, 000242.867, 156
Trd, 000243.417, 156.0
Trd, 000243.650, 152
Trd, 000244.133, 151.0
Trd, 000244.517, 151
Trd, 000244.533, 152
Trd, 000244.600, 142
Trd, 000245.067, 140.0
Trd, 000245.433, 148.0
Trd, 000245.450, 147.0
Trd, 000245.833, 150
Trd, 000246.217, 149
Trd, 000246.400, 155
Trd, 000246.933, 148.0
Trd, 000247.200, 151.0
Trd, 000248.500, 154
Trd, 000248.617, 151.0
Trd, 000248.667, 151
Trd, 000248.800, 150.0
Trd, 000249.350, 149.0
Trd, 000249.467, 153
Trd, 000249.733, 153
Trd, 000249.867, 155
Trd, 000250.050, 155
Trd, 000250.367, 156
Trd, 000251.467, 152
Trd, 000251.833, 149
Trd, 000251.967, 157.0
Trd, 000252.583, 153
Trd, 000254.083, 158.0
Trd, 000254.600, 154
Trd, 000254.750, 153
Trd, 000255.117, 152
Trd, 000256.133, 148.0
Trd, 000257.133, 143.0
Trd, 000257.383, 144
Trd, 000257.617, 144.0
Trd, 000257.667, 142
Trd, 000258.267, 146
Trd, 000258.433, 142
Trd, 000258.650, 146
Trd, 000258.667, 148
Trd, 000259.517, 148.0
Trd, 000260.400, 150.0
Trd, 000261.067, 150.0
Trd, 000261.100, 153
Trd, 000261.250, 154
Trd, 000261.283, 155
Trd, 000261.717, 154
Trd, 000262.000, 151
Trd, 000262.200, 154
Trd, 000262.267, 155
Trd, 000262.917, 162
Trd, 000263.983, 161
Trd, 000264.017, 159.0
Trd, 000264.750, 158
Trd, 000264.983, 158
Trd, 000265.133, 156
Trd, 000266.183, 151.0
Trd, 000266.517, 151
Trd, 000266.717, 154
Trd, 000267.333, 150.0
Trd, 000267.567, 150.0
Trd, 000268.067, 148.0
Trd, 000268.450, 148.0
Trd, 000268.500, 151.0
Trd, 000268.600, 152
Trd, 000269.417, 150
Trd, 000269.617, 152
Trd, 000269.700, 154
Trd, 000270.483, 147
Trd, 000270.533, 146
Trd, 000271.183, 150
Trd, 000271.517, 154
Trd, 000271.667, 160
Trd, 000271.683, 153
Trd, 000271.767, 168.0
Trd, 000272.183, 158
Trd, 000272.600, 155
Trd, 000272.917, 157
Trd, 000272.983, 154
Trd, 000273.017, 151.0
Trd, 000273.250, 149
Trd, 000274.067, 162
Trd, 000274.467, 155
Trd, 000274.533, 172.0
Trd, 000275.617, 156
Trd, 000276.050, 158
Trd, 000276.500, 157
Trd, 000276.550, 158
Trd, 000278.500, 153
Trd, 000278.817, 157
Trd, 000279.183, 156.0
Trd, 000279.333, 155.0
Trd, 000279.533, 154
Trd, 000280.000, 155
Trd, 000280.133, 156
Trd, 000280.600, 154
Trd, 000280.833, 151.0
Trd, 000280.867, 148.0
Trd, 000281.367, 151
Trd, 000281.717, 154
Trd, 000281.933, 149
Trd, 000281.983, 148
Trd, 000282.283, 148.0
Trd, 000283.183, 148
Trd, 000283.283, 150
Trd, 000284.100, 137.0
Trd, 000284.850, 142
Trd, 000285.283, 150
Trd, 000285.617, 151.0
Trd, 000286.050, 153
Trd, 000286.133, 150.0
Trd, 000286.200, 154
Trd, 000287.267, 150
Trd, 000287.367, 148
Trd, 000287.700, 147.0
Trd, 000287.867, 148.0
Trd, 000288.483, 151.0
Trd, 000288.500, 150.0
Trd, 000288.650, 153
Trd, 000288.800, 155
Trd, 000289.900, 151.0
Trd, 000290.950, 154
Trd, 000291.217, 158.0
Trd, 000291.333, 150
Trd, 000291.783, 164
Trd, 000291.933, 164
Trd, 000292.783, 160
Trd, 000293.450, 152
Trd, 000293.717, 157
Trd, 000293.983, 152
Trd, 000294.483, 157
Trd, 000294.800, 151
Trd, 000295.200, 159
Trd, 000295.433, 150.0
Trd, 000295.767, 148.0
Trd, 000296.117, 151.0
Trd, 000296.700, 149
Trd, 000297.267, 149
Trd, 000298.133, 149
Trd, 000298.617, 145
Trd, 000298.917, 147.0
Trd, 000298.950, 148.0
Trd, 000299.800, 146
Trd, 000299.900, 147
