Trd, 000001.200, 106.0
Trd, 000001.433, 105.0
Trd, 000002.150, 126.0
Trd, 000003.400, 127.0
Trd, 000005.000, 144.0
Trd, 000005.033, 152
Trd, 000005.267, 153
Trd, 000005.283, 155.0
Trd, 000005.400, 144
Trd, 000005.733, 144.0
Trd, 000006.217, 134.0
Trd, 000006.267, 131
Trd, 000006.850, 123
Trd, 000007.800, 141
Trd, 000007.833, 155.0
Trd, 000007.950, 128.0
Trd, 000009.600, 143
Trd, 000009.817, 142
Trd, 000010.700, 137
Trd, 000010.850, 143
Trd, 000011.250, 155.0
Trd, 000011.367, 138
Trd, 000011.567, 137
Trd, 000012.300, 157
Trd, 000013.117, 140
Trd, 000013.267, 139
Trd, 000013.850, 138
Trd, 000014.367, 140
Trd, 000017.000, 139
Trd, 000017.283, 139
Trd, 000018.417, 138
Trd, 000018.850, 138
Trd, 000018.900, 139
Trd, 000018.983, 140
Trd, 000019.317, 144.0
Trd, 000019.417, 155.0
Trd, 000019.617, 149
Trd, 000019.767, 137
Trd, 000020.067, 157
Trd, 000020.133, 136
Trd, 000020.333, 134
Trd, 000020.433, 158
Trd, 000020.450, 134.0
Trd, 000020.917, 144.0
Trd, 000021.733, 150
Trd, 000022.567, 142
Trd, 000023.217, 173.0
Trd, 000024.050, 155
Trd, 000024.500, 157
Trd, 000024.633, 156
Trd, 000024.917, 153
Trd, 000025.567, 153
Trd, 000025.667, 144.0
Trd, 000026.050, 160
Trd, 000026.600, 151
Trd, 000026.850, 137
Trd, 000026.917, 139
Trd, 000027.017, 134.0
Trd, 000027.200, 130
Trd, 000027.967, 142
Trd, 000029.317, 150
Trd, 000029.617, 149
Trd, 000029.833, 143
Trd, 000030.617, 145
Trd, 000032.217, 145
Trd, 000032.450, 144.0
Trd, 000032.667, 146
Trd, 000032.717, 145
Trd, 000032.867, 144
Trd, 000032.950, 155.0
Trd, 000033.083, 146
Trd, 000033.417, 134.0
Trd, 000034.583, 143
Trd, 000035.033, 139
Trd, 000035.400, 140
Trd, 000035.533, 130
Trd, 000036.350, 132
Trd, 000037.417, 154.0
Trd, 000037.817, 138
Trd, 000038.083, 138
Trd, 000038.367, 138
Trd, 000038.583, 143
Trd, 000040.533, 140.0
Trd, 000041.650, 140
Trd, 000042.150, 141
Trd, 000043.033, 140
Trd, 000043.067, 144.0
Trd, 000043.600, 139
Trd, 000043.783, 158
Trd, 000044.300, 161
Trd, 000044.983, 156
Trd, 000045.083, 151
Trd, 000045.400, 150
Trd, 000047.183, 151
Trd, 000047.233, 150
Trd, 000048.583, 150
Trd, 000048.750, 149
Trd, 000049.350, 148
Trd, 000049.517, 150
Trd, 000050.217, 144
Trd, 000050.483, 144.0
Trd, 000050.750, 156
Trd, 000050.833, 162.0
Trd, 000052.567, 158
Trd, 000052.583, 146
Trd, 000052.700, 160
Trd, 000053.483, 146
Trd, 000053.700, 145
Trd, 000054.900, 141
Trd, 000055.100, 141
Trd, 000055.233, 137.0
Trd, 000055.383, 136.0
Trd, 000056.450, 141
Trd, 000056.850, 138
Trd, 000057.117, 137
Trd, 000057.383, 143.0
Trd, 000057.683, 136.0
Trd, 000058.000, 136
Trd, 000058.450, 144.0
Trd, 000059.233, 136.0
Trd, 000059.700, 136
Trd, 000060.183, 143.0
Trd, 000060.850, 135
Trd, 000061.150, 144
Trd, 000062.083, 134.0
Trd, 000062.867, 143
Trd, 000063.633, 141
Trd, 000064.883, 142
Trd, 000065.383, 139
Trd, 000065.900, 138
Trd, 000066.417, 138
Trd, 000066.533, 142
Trd, 000066.717, 142
Trd, 000067.083, 137
Trd, 000067.383, 142
Trd, 000067.850, 142
Trd, 000068.050, 142.0
Trd, 000068.167, 144.0
Trd, 000069.633, 142
Trd, 000069.750, 138
Trd, 000069.800, 143
Trd, 000070.067, 139
Trd, 000071.383, 145
Trd, 000072.167, 142
Trd, 000072.333, 136
Trd, 000072.983, 142
Trd, 000074.900, 139
Trd, 000074.933, 138.0
Trd, 000075.150, 137
Trd, 000075.450, 139
Trd, 000075.667, 155.0
Trd, 000076.100, 144.0
Trd, 000077.167, 143.0
Trd, 000077.617, 143.0
Trd, 000077.900, 144.0
Trd, 000078.467, 130
Trd, 000079.317, 127.0
Trd, 000080.667, 134
Trd, 000080.700, 140
Trd, 000080.983, 138
Trd, 000081.500, 140
Trd, 000081.850, 150
Trd, 000082.550, 144.0
Trd, 000083.200, 143
Trd, 000083.450, 143
Trd, 000083.800, 144
Trd, 000084.033, 158
Trd, 000084.333, 159
Trd, 000084.667, 172
Trd, 000084.950, 141
Trd, 000085.583, 144.0
Trd, 000085.767, 142
Trd, 000085.983, 129
Trd, 000086.150, 127.0
Trd, 000087.400, 128
Trd, 000087.883, 134
Trd, 000089.100, 138
Trd, 000089.150, 139
Trd, 000090.483, 139
Trd, 000091.150, 135
Trd, 000092.700, 137
Trd, 000092.800, 137
Trd, 000092.850, 136
Trd, 000093.950, 137.0
Trd, 000094.183, 137
Trd, 000094.233, 140
Trd, 000094.467, 136
Trd, 000096.583, 139.0
Trd, 000096.700, 144.0
Trd, 000096.967, 155.0
Trd, 000097.183, 141
Trd, 000098.483, 139
Trd, 000099.600, 141
Trd, 000100.017, 145
Trd, 000100.200, 141
Trd, 000100.900, 144
Trd, 000101.233, 143
Trd, 000101.933, 142
Trd, 000102.133, 155
Trd, 000102.450, 156
Trd, 000103.567, 150
Trd, 000103.917, 150
Trd, 000104.550, 150
Trd, 000105.567, 150
Trd, 000105.583, 150
Trd, 000106.183, 130
Trd, 000107.400, 131.0
Trd, 000108.167, 144
Trd, 000108.250, 145
Trd, 000108.517, 135.0
Trd, 000109.067, 155.0
Trd, 000109.700, 143.0
Trd, 000109.850, 144.0
Trd, 000110.333, 148
Trd, 000111.017, 142
Trd, 000112.183, 140
Trd, 000112.533, 140
Trd, 000113.483, 155
Trd, 000113.617, 139
Trd, 000113.700, 155.0
Trd, 000113.783, 162.0
Trd, 000114.283, 150
Trd, 000115.267, 136
Trd, 000115.783, 144
Trd, 000116.817, 144.0
Trd, 000117.367, 142
Trd, 000117.800, 144
Trd, 000117.950, 142
Trd, 000118.117, 144
Trd, 000118.167, 145
Trd, 000118.700, 143
Trd, 000118.817, 144
Trd, 000119.000, 143
Trd, 000119.150, 144
Trd, 000120.533, 146
Trd, 000120.950, 144
Trd, 000121.133, 159
Trd, 000121.300, 144
Trd, 000122.017, 144.0
Trd, 000123.783, 158
Trd, 000125.033, 143
Trd, 000125.250, 142
Trd, 000126.100, 143
Trd, 000126.133, 137
Trd, 000126.733, 143.0
Trd, 000127.000, 144.0
Trd, 000127.583, 143
Trd, 000128.833, 143
Trd, 000128.883, 144
Trd, 000129.517, 131
Trd, 000130.000, 144.0
Trd, 000130.083, 145
Trd, 000130.167, 130
Trd, 000130.367, 155.0
Trd, 000131.883, 138
Trd, 000132.550, 144.0
Trd, 000132.917, 145
Trd, 000132.933, 146
Trd, 000133.750, 146
Trd, 000135.250, 150
Trd, 000136.017, 153
Trd, 000136.200, 152
Trd, 000136.467, 151
Trd, 000137.333, 151
Trd, 000138.400, 154
Trd, 000138.733, 157
Trd, 000138.900, 144.0
Trd, 000139.400, 148
Trd, 000139.867, 134.0
Trd, 000140.167, 144.0
Trd, 000140.433, 152
Trd, 000141.117, 140
Trd, 000142.167, 150
Trd, 000142.717, 139
Trd, 000142.767, 149
Trd, 000143.150, 155.0
Trd, 000143.700, 144.0
Trd, 000144.300, 144.0
Trd, 000145.133, 147
Trd, 000145.583, 147
Trd, 000146.117, 148
Trd, 000146.133, 149
Trd, 000147.717, 150
Trd, 000147.967, 157
Trd, 000148.283, 153
Trd, 000149.250, 148
Trd, 000149.383, 149
Trd, 000150.400, 150
Trd, 000150.717, 148
Trd, 000151.317, 148
Trd, 000152.383, 150
Trd, 000153.267, 150
Trd, 000153.317, 149.0
Trd, 000153.383, 144.0
Trd, 000154.333, 143.0
Trd, 000154.950, 143
Trd, 000155.433, 134.0
Trd, 000155.700, 130
Trd, 000156.233, 144.0
Trd, 000156.983, 150
Trd, 000157.000, 151
Trd, 000157.900, 142
Trd, 000158.517, 148
Trd, 000159.950, 150.0
Trd, 000160.000, 142
Trd, 000160.067, 151.0
Trd, 000160.350, 143
Trd, 000160.833, 143
Trd, 000160.900, 144.0
Trd, 000161.450, 143
Trd, 000161.933, 144
Trd, 000162.700, 142
Trd, 000162.783, 142
Trd, 000163.500, 140
Trd, 000163.767, 140
Trd, 000164.917, 140
Trd, 000165.717, 144.0
Trd, 000165.800, 144
Trd, 000165.883, 155.0
Trd, 000166.817, 149
Trd, 000166.933, 150
Trd, 000167.900, 149
Trd, 000168.100, 144.0
Trd, 000168.700, 158
Trd, 000169.967, 146
Trd, 000170.650, 147
Trd, 000170.783, 154
Trd, 000170.950, 154
Trd, 000171.067, 155
Trd, 000171.350, 146
Trd, 000171.450, 157
Trd, 000171.883, 146.0
Trd, 000172.717, 145.0
Trd, 000173.133, 144.0
Trd, 000173.533, 150
Trd, 000174.700, 151
Trd, 000175.017, 152
Trd, 000175.533, 158
Trd, 000176.600, 150
Trd, 000177.050, 149
Trd, 000177.133, 149
Trd, 000177.250, 134.0
Trd, 000177.750, 156
Trd, 000178.333, 130
Trd, 000178.850, 164
Trd, 000178.967, 166
Trd, 000179.650, 142
Trd, 000181.367, 144
Trd, 000181.583, 147
Trd, 000182.350, 145
Trd, 000182.850, 144
Trd, 000183.000, 147
Trd, 000184.500, 145
Trd, 000184.550, 144
Trd, 000185.183, 143
Trd, 000185.250, 161.0
Trd, 000185.783, 150
Trd, 000186.050, 154
Trd, 000187.400, 152
Trd, 000187.850, 145
Trd, 000188.067, 152
Trd, 000188.100, 144.0
Trd, 000188.317, 152
Trd, 000188.417, 144
Trd, 000188.917, 147
Trd, 000189.167, 152
Trd, 000189.750, 133
Trd, 000190.083, 143
Trd, 000191.567, 148
Trd, 000192.167, 149
Trd, 000192.883, 149
Trd, 000193.517, 148
Trd, 000193.850, 145
Trd, 000193.967, 149
Trd, 000194.150, 145
Trd, 000195.183, 144
Trd, 000195.733, 147
Trd, 000196.317, 137.0
Trd, 000196.800, 150
Trd, 000197.367, 153.0
Trd, 000198.067, 145
Trd, 000198.217, 151
Trd, 000198.467, 162.0
Trd, 000199.083, 144.0
Trd, 000200.583, 149
Trd, 000201.133, 148
Trd, 000201.317, 147
Trd, 000201.833, 147
Trd, 000202.567, 148
Trd, 000203.067, 149
Trd, 000203.750, 154
Trd, 000204.550, 146
Trd, 000204.717, 147
Trd, 000205.600, 152
Trd, 000206.033, 146.0
Trd, 000206.167, 145
Trd, 000206.500, 150
Trd, 000206.650, 145
Trd, 000206.817, 152
Trd, 000207.167, 160
Trd, 000207.583, 147
Trd, 000208.567, 147
Trd, 000209.417, 151
Trd, 000209.717, 144.0
Trd, 000209.950, 152
Trd, 000209.983, 134.0
Trd, 000212.017, 146
Trd, 000212.383, 147
Trd, 000212.733, 147
Trd, 000214.333, 147
Trd, 000214.483, 146
Trd, 000215.150, 146
Trd, 000215.233, 159
Trd, 000215.483, 145
Trd, 000216.033, 144.0
Trd, 000216.417, 145
Trd, 000216.833, 146
Trd, 000217.150, 144.0
Trd, 000217.617, 144
Trd, 000217.650, 145
Trd, 000218.333, 136.0
Trd, 000219.800, 139
Trd, 000220.233, 136.0
Trd, 000220.467, 138
Trd, 000220.717, 142
Trd, 000221.633, 155.0
Trd, 000221.733, 162.0
Trd, 000222.317, 141
Trd, 000224.900, 155
Trd, 000224.917, 148
Trd, 000225.200, 147
Trd, 000225.767, 143
Trd, 000225.800, 134.0
Trd, 000226.333, 152
Trd, 000226.550, 153
Trd, 000226.700, 151
Trd, 000227.083, 127.0
Trd, 000227.500, 153
Trd, 000227.567, 158
Trd, 000228.633, 144
Trd, 000229.533, 156.0
Trd, 000229.800, 145
Trd, 000230.750, 144
Trd, 000232.867, 149
Trd, 000233.267, 148
Trd, 000233.883, 145
Trd, 000234.467, 147
Trd, 000234.700, 145
Trd, 000235.183, 145
Trd, 000235.333, 145
Trd, 000235.367, 149
Trd, 000236.333, 135.0
Trd, 000236.600, 129
Trd, 000236.733, 127.0
Trd, 000236.833, 148
Trd, 000237.417, 148
Trd, 000237.950, 151
Trd, 000238.417, 149
Trd, 000239.383, 144.0
Trd, 000240.050, 148
Trd, 000240.067, 147
Trd, 000240.200, 148.0
Trd, 000241.317, 150
Trd, 000242.050, 154
Trd, 000242.067, 155.0
Trd, 000242.267, 157
Trd, 000242.717, 156
Trd, 000243.050, 145
Trd, 000243.100, 158
Trd, 000244.117, 153.0
Trd, 000244.350, 158
Trd, 000244.550, 159
Trd, 000244.933, 153.0
Trd, 000245.500, 162.0
Trd, 000245.767, 153
Trd, 000246.383, 154
Trd, 000246.533, 153
Trd, 000246.983, 153
Trd, 000247.067, 148.0
Trd, 000247.167, 144.0
Trd, 000247.200, 154.0
Trd, 000249.200, 146.0
Trd, 000249.450, 146.0
Trd, 000249.700, 147
Trd, 000249.917, 144.0
Trd, 000249.967, 146
Trd, 000250.600, 149
Trd, 000251.283, 147
Trd, 000251.417, 146
Trd, 000251.583, 160
Trd, 000251.600, 142
Trd, 000252.467, 168
Trd, 000253.017, 159
Trd, 000253.583, 144
Trd, 000254.517, 146
Trd, 000254.667, 154
Trd, 000254.700, 157
Trd, 000255.300, 153
Trd, 000256.183, 158
Trd, 000256.533, 155
Trd, 000256.567, 154
Trd, 000256.917, 155.0
Trd, 000257.050, 153
Trd, 000257.233, 152
Trd, 000257.633, 147
Trd, 000257.917, 154
Trd, 000258.467, 162.0
Trd, 000259.133, 160
Trd, 000260.100, 158
Trd, 000260.183, 150.0
Trd, 000260.283, 146.0
Trd, 000261.033, 144.0
Trd, 000261.083, 148.0
Trd, 000261.200, 150
Trd, 000261.283, 141.0
Trd, 000261.900, 138.0
Trd, 000262.117, 149
Trd, 000262.833, 146
Trd, 000263.200, 147
Trd, 000263.717, 143
Trd, 000263.833, 145
Trd, 000264.967, 145
Trd, 000265.183, 146
Trd, 000265.200, 145
Trd, 000265.300, 146
Trd, 000265.367, 148.0
Trd, 000265.433, 144.0
Trd, 000265.450, 155.0
Trd, 000266.167, 147
Trd, 000266.617, 152
Trd, 000267.567, 155
Trd, 000268.783, 157
Trd, 000268.983, 154
Trd, 000269.783, 151
Trd, 000270.067, 149
Trd, 000270.083, 148.0
Trd, 000270.567, 153
Trd, 000270.750, 153
Trd, 000271.217, 151
Trd, 000271.767, 150
Trd, 000272.050, 153
Trd, 000272.450, 156
Trd, 000272.533, 149
Trd, 000272.950, 150
Trd, 000274.633, 157
Trd, 000274.983, 157
Trd, 000275.050, 158
Trd, 000275.167, 158
Trd, 000275.383, 154
Trd, 000276.133, 151
Trd, 000276.183, 148.0
Trd, 000276.950, 150
Trd, 000277.800, 160
Trd, 000278.183, 154
Trd, 000278.683, 155
Trd, 000278.733, 154
Trd, 000279.017, 155.0
Trd, 000279.417, 156
Trd, 000280.233, 153
Trd, 000280.333, 152
Trd, 000280.800, 157
Trd, 000281.550, 153
Trd, 000281.600, 158
Trd, 000281.750, 150
Trd, 000282.283, 158
Trd, 000282.550, 150.0
Trd, 000282.567, 148.0
Trd, 000282.633, 159
Trd, 000283.000, 162.0
Trd, 000283.117, 139.0
Trd, 000283.567, 168.0
Trd, 000284.300, 148.0
Trd, 000284.917, 169
Trd, 000285.050, 160
Trd, 000285.400, 137.0
Trd, 000285.567, 171
Trd, 000285.583, 134.0
Trd, 000285.933, 138.0
Trd, 000287.000, 155
Trd, 000287.533, 156
Trd, 000287.633, 149
Trd, 000287.900, 155
Trd, 000288.317, 148
Trd, 000288.767, 148
Trd, 000289.483, 149
Trd, 000289.850, 153
Trd, 000290.267, 147
Trd, 000290.367, 137.0
Trd, 000290.800, 151
Trd, 000290.917, 152
Trd, 000291.050, 153
Trd, 000291.083, 148.0
Trd, 000291.217, 155.0
Trd, 000291.283, 153.0
Trd, 000291.567, 158
Trd, 000292.467, 148
Trd, 000293.867, 159
Trd, 000293.933, 154
Trd, 000293.950, 153
Trd, 000293.967, 162.0
Trd, 000294.200, 153
Trd, 000294.283, 151
Trd, 000294.450, 148.0
Trd, 000294.500, 144.0
Trd, 000294.567, 169
Trd, 000295.250, 162.0
Trd, 000296.117, 156
Trd, 000296.300, 155
Trd, 000296.850, 159
Trd, 000296.983, 159
Trd, 000297.067, 154
Trd, 000297.500, 144.0
Trd, 000298.933, 148.0
Trd, 000299.167, 151
Trd, 000299.400, 149
Trd, 000299.467, 151
