Trd, 000001.083, 127.0
Trd, 000001.300, 186.0
Trd, 000002.383, 152.0
Trd, 000003.217, 155.0
Trd, 000003.300, 146
Trd, 000003.533, 144.0
Trd, 000004.650, 148
Trd, 000005.017, 155
Trd, 000005.550, 166.0
Trd, 000006.483, 152
Trd, 000006.650, 147
Trd, 000007.817, 155.0
Trd, 000008.950, 162.0
Trd, 000009.583, 162
Trd, 000010.050, 160
Trd, 000010.833, 159
Trd, 000011.083, 162
Trd, 000011.333, 168.0
Trd, 000011.983, 171
Trd, 000012.050, 152
Trd, 000012.167, 177.0
Trd, 000012.350, 145.0
Trd, 000012.583, 177.0
Trd, 000013.500, 144.0
Trd, 000014.017, 155.0
Trd, 000014.050, 178.0
Trd, 000015.750, 163
Trd, 000016.483, 162.0
Trd, 000017.333, 170.0
Trd, 000018.150, 157
Trd, 000018.717, 169
Trd, 000019.467, 170
Trd, 000019.650, 158
Trd, 000020.167, 169
Trd, 000020.600, 162.0
Trd, 000020.667, 174
Trd, 000020.900, 157
Trd, 000021.083, 145
Trd, 000021.533, 144.0
Trd, 000022.333, 172
Trd, 000023.317, 173
Trd, 000024.150, 177.0
Trd, 000024.283, 161
Trd, 000024.350, 159
Trd, 000024.367, 144.0
Trd, 000025.183, 175
Trd, 000025.533, 179.0
Trd, 000025.800, 162.0
Trd, 000026.333, 177
Trd, 000027.817, 163.0
Trd, 000027.883, 181
Trd, 000027.900, 162.0
Trd, 000028.017, 162
Trd, 000028.233, 157
Trd, 000028.550, 150
Trd, 000029.017, 155.0
Trd, 000029.300, 155
Trd, 000030.550, 138.0
Trd, 000030.783, 147
Trd, 000031.383, 155
Trd, 000032.133, 137.0
Trd, 000032.467, 135
Trd, 000032.600, 133
Trd, 000032.667, 153
Trd, 000033.067, 155.0
Trd, 000034.317, 142
Trd, 000034.383, 143
Trd, 000035.083, 159
Trd, 000035.650, 141
Trd, 000036.667, 161
Trd, 000036.867, 155
Trd, 000037.550, 165.0
Trd, 000037.617, 168.0
Trd, 000037.950, 132
Trd, 000038.433, 122.0
Trd, 000038.717, 122.0
Trd, 000038.983, 131.0
Trd, 000040.367, 155.0
Trd, 000040.567, 158
Trd, 000040.967, 165
Trd, 000041.450, 168.0
Trd, 000042.083, 154
Trd, 000042.600, 154
Trd, 000042.950, 146
Trd, 000043.817, 165
Trd, 000044.133, 167
Trd, 000044.150, 162
Trd, 000044.350, 151
Trd, 000044.483, 151
Trd, 000044.900, 150
Trd, 000045.383, 160
Trd, 000045.650, 168.0
Trd, 000046.733, 155.0
Trd, 000047.817, 157
Trd, 000047.917, 156
Trd, 000048.500, 166
Trd, 000048.883, 162.0
Trd, 000048.933, 155
Trd, 000049.683, 177.0
Trd, 000050.150, 144.0
Trd, 000050.583, 155
Trd, 000051.917, 151.0
Trd, 000052.183, 142
Trd, 000052.583, 137.0
Trd, 000052.917, 155.0
Trd, 000053.283, 156
Trd, 000053.567, 158
Trd, 000053.700, 168.0
Trd, 000053.967, 162.0
Trd, 000055.100, 163
Trd, 000055.600, 160
Trd, 000055.833, 162.0
Trd, 000056.100, 163
Trd, 000056.483, 148
Trd, 000056.717, 161
Trd, 000057.617, 159
Trd, 000058.750, 147.0
Trd, 000058.850, 144.0
Trd, 000060.300, 157
Trd, 000060.533, 163
Trd, 000060.650, 155.0
Trd, 000061.083, 167.0
Trd, 000061.117, 137.0
Trd, 000061.217, 155.0
Trd, 000061.583, 160
Trd, 000062.750, 161
Trd, 000063.733, 160
Trd, 000065.617, 162.0
Trd, 000065.650, 154
Trd, 000065.900, 163.0
Trd, 000066.083, 168.0
Trd, 000066.100, 154
Trd, 000066.417, 154
Trd, 000066.617, 155.0
Trd, 000067.217, 162.0
Trd, 000067.500, 154
Trd, 000069.733, 159
Trd, 000069.800, 153
Trd, 000069.950, 144.0
Trd, 000070.000, 142
Trd, 000070.700, 154
Trd, 000071.400, 154
Trd, 000071.517, 173
Trd, 000072.017, 173.0
Trd, 000072.483, 138.0
Trd, 000072.717, 137.0
Trd, 000073.633, 155.0
Trd, 000075.017, 164.0
Trd, 000075.550, 168.0
Trd, 000075.950, 179.0
Trd, 000076.517, 159
Trd, 000076.700, 158
Trd, 000077.050, 154
Trd, 000077.083, 153
Trd, 000077.150, 164
Trd, 000078.683, 144.0
Trd, 000078.883, 137.0
Trd, 000079.100, 147
Trd, 000079.867, 152
Trd, 000080.433, 162.0
Trd, 000081.083, 177.0
Trd, 000081.383, 161
Trd, 000081.933, 158
Trd, 000081.967, 153
Trd, 000082.433, 160
Trd, 000083.017, 168
Trd, 000083.917, 168.0
Trd, 000085.117, 162.0
Trd, 000085.150, 169.0
Trd, 000085.867, 170
Trd, 000085.983, 144.0
Trd, 000087.200, 168.0
Trd, 000087.517, 158
Trd, 000087.917, 138.0
Trd, 000088.000, 169.0
Trd, 000088.100, 170.0
Trd, 000088.467, 180
Trd, 000088.983, 156
Trd, 000089.117, 137.0
Trd, 000089.417, 162
Trd, 000089.617, 179
Trd, 000090.850, 178
Trd, 000091.517, 162.0
Trd, 000091.883, 156
Trd, 000092.183, 155.0
Trd, 000093.150, 164
Trd, 000093.217, 157
Trd, 000093.517, 148
Trd, 000094.267, 168.0
Trd, 000094.300, 162.0
Trd, 000094.367, 146
Trd, 000094.450, 132
Trd, 000095.683, 159
Trd, 000096.750, 155.0
Trd, 000097.017, 154
Trd, 000097.217, 168.0
Trd, 000097.267, 168
Trd, 000097.533, 170
Trd, 000098.067, 157
Trd, 000099.117, 156
Trd, 000099.250, 144.0
Trd, 000099.367, 167
Trd, 000099.617, 179.0
Trd, 000100.867, 152
Trd, 000101.717, 162.0
Trd, 000103.067, 164
Trd, 000103.200, 158
Trd, 000103.367, 165
Trd, 000104.300, 168.0
Trd, 000104.783, 164
Trd, 000105.083, 162.0
Trd, 000106.350, 160
Trd, 000106.467, 164
Trd, 000106.667, 144.0
Trd, 000107.300, 158
Trd, 000108.333, 153
Trd, 000108.417, 152
Trd, 000108.983, 155.0
Trd, 000109.217, 158
Trd, 000109.717, 174
Trd, 000110.183, 173
Trd, 000110.200, 164
Trd, 000111.200, 162.0
Trd, 000112.067, 147
Trd, 000112.183, 144.0
Trd, 000112.617, 149
Trd, 000112.700, 137.0
Trd, 000113.117, 131
Trd, 000114.167, 160
Trd, 000114.667, 166.0
Trd, 000114.817, 167.0
Trd, 000115.500, 157
Trd, 000115.967, 152
Trd, 000116.667, 162.0
Trd, 000116.967, 157
Trd, 000117.367, 162.0
Trd, 000117.700, 163.0
Trd, 000117.850, 157
Trd, 000118.233, 144.0
Trd, 000118.900, 163.0
Trd, 000119.100, 168.0
Trd, 000120.067, 153
Trd, 000121.833, 155.0
Trd, 000122.150, 158
Trd, 000122.917, 152
Trd, 000124.350, 158
Trd, 000124.567, 157
Trd, 000124.917, 153
Trd, 000125.183, 145.0
Trd, 000125.317, 158
Trd, 000126.083, 150
Trd, 000126.500, 158
Trd, 000127.033, 158
Trd, 000127.350, 138.0
Trd, 000127.367, 137.0
Trd, 000127.617, 155.0
Trd, 000127.850, 168.0
Trd, 000128.450, 130
Trd, 000128.500, 178.0
Trd, 000129.567, 138
Trd, 000129.700, 128
Trd, 000129.850, 161
Trd, 000131.133, 169
Trd, 000132.850, 162
Trd, 000133.533, 165
Trd, 000134.083, 164
Trd, 000134.283, 177
Trd, 000134.967, 173
Trd, 000135.000, 162.0
Trd, 000135.217, 174
Trd, 000135.950, 151
Trd, 000136.033, 146
Trd, 000136.150, 154.0
Trd, 000136.217, 155.0
Trd, 000136.533, 160
Trd, 000137.500, 158
Trd, 000138.033, 155
Trd, 000138.100, 159
Trd, 000138.283, 137.0
Trd, 000138.750, 162.0
Trd, 000139.250, 177
Trd, 000140.100, 134
Trd, 000141.683, 163
Trd, 000141.817, 168.0
Trd, 000142.233, 154
Trd, 000142.517, 155
Trd, 000143.267, 162.0
Trd, 000143.367, 153
Trd, 000143.617, 157
Trd, 000144.633, 155.0
Trd, 000145.367, 155
Trd, 000145.500, 158
Trd, 000145.733, 161
Trd, 000146.633, 169
Trd, 000147.267, 152
Trd, 000147.767, 152
Trd, 000147.933, 145
Trd, 000149.367, 165
Trd, 000149.667, 174
Trd, 000149.683, 161
Trd, 000150.000, 155.0
Trd, 000151.350, 162.0
Trd, 000151.417, 162
Trd, 000152.133, 160
Trd, 000153.117, 163
Trd, 000153.483, 163
Trd, 000153.567, 162.0
Trd, 000153.900, 163
Trd, 000154.117, 163
Trd, 000154.433, 168.0
Trd, 000154.700, 158
Trd, 000156.350, 186.0
Trd, 000157.050, 168
Trd, 000157.250, 168
Trd, 000157.317, 168.0
Trd, 000157.533, 158
Trd, 000158.083, 178
Trd, 000158.233, 179.0
Trd, 000158.783, 154
Trd, 000159.517, 155.0
Trd, 000159.817, 133
Trd, 000160.150, 177.0
Trd, 000160.267, 132
Trd, 000160.783, 159
Trd, 000162.783, 175
Trd, 000162.983, 166
Trd, 000163.150, 162.0
Trd, 000163.533, 176
Trd, 000164.200, 164
Trd, 000164.700, 163
Trd, 000165.000, 178.0
Trd, 000165.233, 159
Trd, 000165.900, 152
Trd, 000165.983, 144.0
Trd, 000167.450, 163
Trd, 000167.817, 167.0
Trd, 000167.883, 162.0
Trd, 000168.033, 165
Trd, 000168.133, 168.0
Trd, 000168.217, 154
Trd, 000169.383, 169
Trd, 000169.867, 165
Trd, 000169.983, 155
Trd, 000170.400, 139.0
Trd, 000170.833, 142
Trd, 000172.917, 144
Trd, 000173.383, 145
Trd, 000173.617, 142
Trd, 000174.083, 138.0
Trd, 000174.750, 158
Trd, 000174.817, 168.0
Trd, 000175.300, 154
Trd, 000175.650, 155.0
Trd, 000176.117, 152
Trd, 000176.167, 178.0
Trd, 000177.200, 177.0
Trd, 000177.600, 161
Trd, 000178.050, 159
Trd, 000178.633, 158
Trd, 000179.050, 165
Trd, 000179.417, 175
Trd, 000179.750, 142
Trd, 000180.100, 155.0
Trd, 000181.283, 163
Trd, 000181.417, 155
Trd, 000182.667, 162.0
Trd, 000183.183, 156
Trd, 000183.600, 177
Trd, 000184.100, 145
Trd, 000184.450, 144.0
Trd, 000185.400, 167
Trd, 000185.450, 158
Trd, 000186.000, 159
Trd, 000187.033, 158
Trd, 000187.917, 163
Trd, 000188.250, 166
Trd, 000188.617, 162.0
Trd, 000188.900, 161
Trd, 000189.133, 167.0
Trd, 000189.200, 168.0
Trd, 000189.483, 160
Trd, 000190.783, 154
Trd, 000191.117, 179
Trd, 000191.500, 181
Trd, 000191.850, 159
Trd, 000192.167, 179
Trd, 000193.050, 161
Trd, 000193.483, 132
Trd, 000193.983, 137.0
Trd, 000194.233, 131.0
Trd, 000195.533, 153
Trd, 000196.317, 162.0
Trd, 000196.483, 153
Trd, 000196.717, 162
Trd, 000197.283, 158
Trd, 000197.467, 161
Trd, 000198.967, 174
Trd, 000199.333, 162.0
Trd, 000199.633, 156
Trd, 000200.700, 181
Trd, 000201.067, 182
Trd, 000201.267, 158
Trd, 000201.650, 145
Trd, 000202.167, 155.0
Trd, 000202.200, 182
Trd, 000202.400, 151
Trd, 000202.800, 162.0
Trd, 000203.233, 163
Trd, 000204.417, 177
Trd, 000205.100, 178
Trd, 000205.833, 163
Trd, 000206.067, 162
Trd, 000206.650, 175.0
Trd, 000206.783, 159
Trd, 000207.900, 161
Trd, 000209.567, 160
Trd, 000209.900, 166
Trd, 000210.083, 160
Trd, 000210.233, 162
Trd, 000210.867, 163.0
Trd, 000211.083, 168.0
Trd, 000212.600, 162.0
Trd, 000212.817, 168
Trd, 000212.900, 160
Trd, 000213.000, 156
Trd, 000213.100, 179.0
Trd, 000213.967, 162.0
Trd, 000214.533, 161
Trd, 000214.750, 157
Trd, 000214.850, 155
Trd, 000215.850, 182
Trd, 000216.550, 161
Trd, 000216.600, 144.0
Trd, 000217.117, 141
Trd, 000217.217, 140
Trd, 000218.617, 135
Trd, 000219.017, 143
Trd, 000219.133, 144.0
Trd, 000219.967, 151
Trd, 000220.450, 150
Trd, 000220.983, 154.0
Trd, 000221.283, 150
Trd, 000221.333, 155.0
Trd, 000221.733, 144.0
Trd, 000221.767, 157
Trd, 000221.900, 158
Trd, 000222.000, 137.0
Trd, 000222.017, 162
Trd, 000223.233, 155.0
Trd, 000223.633, 167.0
Trd, 000223.667, 137
Trd, 000225.817, 138.0
Trd, 000225.883, 165
Trd, 000226.967, 146
Trd, 000227.017, 166.0
Trd, 000227.850, 163
Trd, 000228.767, 168.0
Trd, 000229.717, 179.0
Trd, 000230.333, 153
Trd, 000230.467, 152
Trd, 000230.833, 144.0
Trd, 000231.683, 146
Trd, 000231.800, 168.0
Trd, 000232.267, 177
Trd, 000232.400, 157
Trd, 000232.533, 182
Trd, 000232.717, 144
Trd, 000233.533, 181
Trd, 000233.650, 162.0
Trd, 000235.367, 156
Trd, 000235.550, 175
Trd, 000235.683, 179
Trd, 000236.517, 153
Trd, 000236.533, 155
Trd, 000236.833, 155.0
Trd, 000237.783, 144.0
Trd, 000238.700, 174
Trd, 000238.800, 137.0
Trd, 000239.283, 137
Trd, 000239.900, 145
Trd, 000240.067, 159
Trd, 000240.367, 153.0
Trd, 000241.217, 152.0
Trd, 000241.600, 148
Trd, 000242.017, 150.0
Trd, 000242.483, 149
Trd, 000242.633, 151.0
Trd, 000242.917, 154.0
Trd, 000244.250, 152.0
Trd, 000244.333, 155.0
Trd, 000245.617, 160
Trd, 000246.333, 151.0
Trd, 000246.517, 149
Trd, 000246.617, 156
Trd, 000246.950, 163
Trd, 000247.367, 171.0
Trd, 000247.717, 173.0
Trd, 000248.167, 150.0
Trd, 000248.917, 175.0
Trd, 000249.633, 162.0
Trd, 000250.417, 159
Trd, 000250.917, 158
Trd, 000251.217, 157
Trd, 000251.733, 151.0
Trd, 000251.767, 153.0
Trd, 000252.167, 155.0
Trd, 000252.417, 152
Trd, 000253.617, 152
Trd, 000253.800, 152
Trd, 000254.133, 151
Trd, 000255.167, 154
Trd, 000255.333, 155.0
Trd, 000255.900, 157
Trd, 000256.033, 158
Trd, 000256.367, 165.0
Trd, 000256.783, 151
Trd, 000256.883, 154.0
Trd, 000257.133, 151
Trd, 000257.483, 141.0
Trd, 000258.233, 151.0
Trd, 000258.650, 155.0
Trd, 000259.667, 156
Trd, 000259.767, 169.0
Trd, 000259.783, 151.0
Trd, 000259.850, 155
Trd, 000259.967, 170.0
Trd, 000261.883, 163
Trd, 000262.133, 164
Trd, 000262.583, 162
Trd, 000262.650, 162.0
Trd, 000262.833, 159
Trd, 000264.083, 158
Trd, 000264.367, 157
Trd, 000265.133, 168.0
Trd, 000265.267, 153.0
Trd, 000265.883, 157
Trd, 000266.650, 161
Trd, 000266.733, 159
Trd, 000266.767, 163
Trd, 000267.417, 151.0
Trd, 000268.300, 153.0
Trd, 000268.367, 144.0
Trd, 000268.767, 155.0
Trd, 000268.833, 175.0
Trd, 000269.383, 170
Trd, 000270.283, 154
Trd, 000270.300, 155.0
Trd, 000270.433, 157
Trd, 000270.517, 152
Trd, 000270.967, 162.0
Trd, 000271.067, 168.0
Trd, 000271.517, 152.0
Trd, 000271.633, 151.0
Trd, 000272.333, 141.0
Trd, 000272.483, 148.0
Trd, 000272.600, 171.0
Trd, 000273.367, 150
Trd, 000273.683, 137.0
Trd, 000273.900, 169.0
Trd, 000274.400, 151.0
Trd, 000274.717, 158
Trd, 000275.067, 157
Trd, 000275.217, 157.0
Trd, 000276.183, 162.0
Trd, 000276.250, 156
Trd, 000277.333, 155
Trd, 000277.517, 154
Trd, 000277.617, 155.0
Trd, 000277.717, 144.0
Trd, 000278.867, 147
Trd, 000280.050, 151.0
Trd, 000280.067, 155.0
Trd, 000280.250, 152
Trd, 000281.000, 151
Trd, 000281.350, 150
Trd, 000281.500, 144.0
Trd, 000282.517, 141.0
Trd, 000282.633, 144
Trd, 000282.717, 140
Trd, 000282.733, 145
Trd, 000282.817, 145
Trd, 000283.150, 137.0
Trd, 000283.383, 131
Trd, 000283.800, 145
Trd, 000284.500, 150.0
Trd, 000284.583, 152
Trd, 000284.933, 154.0
Trd, 000285.283, 155.0
Trd, 000285.433, 160
Trd, 000285.967, 149
Trd, 000286.483, 160
Trd, 000287.933, 156
Trd, 000288.300, 144.0
Trd, 000288.767, 151.0
Trd, 000289.083, 150
Trd, 000289.300, 155.0
Trd, 000289.400, 161
Trd, 000289.450, 167.0
Trd, 000290.300, 175.0
Trd, 000290.633, 170
Trd, 000290.983, 156
Trd, 000291.283, 157
Trd, 000291.833, 158
Trd, 000291.850, 153
Trd, 000292.217, 151
Trd, 000292.600, 144.0
Trd, 000292.633, 141.0
Trd, 000293.967, 139
Trd, 000294.933, 153.0
Trd, 000295.067, 155.0
Trd, 000295.250, 161
Trd, 000295.500, 159
Trd, 000296.050, 154
Trd, 000296.467, 166.0
Trd, 000296.600, 153
Trd, 000296.717, 153
Trd, 000296.783, 152
Trd, 000296.800, 168.0
Trd, 000297.433, 162.0
Trd, 000298.250, 172.0
Trd, 000298.583, 162.0
Trd, 000299.867, 169
