Trd, 000002.400, 148
Trd, 000002.550, 159
Trd, 000003.717, 161
Trd, 000004.100, 152
Trd, 000004.883, 151
Trd, 000005.233, 151
Trd, 000005.417, 157
Trd, 000005.567, 150
Trd, 000006.750, 144.0
Trd, 000007.767, 140
Trd, 000008.383, 145
Trd, 000008.917, 144
Trd, 000009.650, 145
Trd, 000010.433, 146
Trd, 000010.633, 144
Trd, 000011.033, 143
Trd, 000011.183, 143
Trd, 000012.017, 147
Trd, 000013.200, 148
Trd, 000013.300, 147
Trd, 000014.750, 148
Trd, 000014.817, 147
Trd, 000015.767, 150.0
Trd, 000015.783, 152.0
Trd, 000016.050, 144.0
Trd, 000016.950, 147.0
Trd, 000017.400, 148.0
Trd, 000019.450, 151
Trd, 000019.850, 150
Trd, 000019.900, 150
Trd, 000019.917, 158.0
Trd, 000020.200, 159.0
Trd, 000020.950, 156
Trd, 000021.467, 144.0
Trd, 000021.900, 159.0
Trd, 000022.317, 150
Trd, 000022.950, 141
Trd, 000023.050, 153
Trd, 000025.050, 160
Trd, 000025.067, 159
Trd, 000025.267, 150
Trd, 000025.917, 165
Trd, 000026.800, 152
Trd, 000028.050, 156
Trd, 000028.367, 151
Trd, 000029.050, 152
Trd, 000029.150, 156
Trd, 000029.517, 153
Trd, 000029.533, 154
Trd, 000030.017, 151
Trd, 000031.183, 154
Trd, 000031.267, 149
Trd, 000031.633, 155.0
Trd, 000032.883, 144
Trd, 000033.483, 154
Trd, 000033.600, 144
Trd, 000034.233, 148.0
Trd, 000035.750, 148
Trd, 000035.917, 146
Trd, 000036.433, 146
Trd, 000036.883, 147
Trd, 000037.033, 145
Trd, 000037.317, 145
Trd, 000038.083, 146
Trd, 000038.850, 143
Trd, 000038.900, 147
Trd, 000039.933, 147
Trd, 000040.400, 143
Trd, 000041.083, 148
Trd, 000042.933, 147
Trd, 000042.983, 148.0
Trd, 000043.383, 155.0
Trd, 000043.667, 145
Trd, 000044.400, 146
Trd, 000045.067, 146
Trd, 000045.233, 145
Trd, 000046.117, 146.0
Trd, 000047.083, 145
Trd, 000047.167, 147
Trd, 000047.717, 148.0
Trd, 000048.783, 145
Trd, 000049.033, 148
Trd, 000049.067, 155.0
Trd, 000049.900, 147
Trd, 000050.600, 145
Trd, 000050.817, 147.0
Trd, 000050.833, 145
Trd, 000050.917, 140
Trd, 000053.617, 148
Trd, 000053.717, 147
Trd, 000053.817, 149
Trd, 000054.733, 150
Trd, 000055.067, 155.0
Trd, 000055.150, 150
Trd, 000056.617, 147
Trd, 000056.667, 146
Trd, 000057.467, 147
Trd, 000057.917, 149
Trd, 000059.133, 148.0
Trd, 000059.183, 147
Trd, 000060.250, 149
Trd, 000060.433, 148
Trd, 000061.117, 165.0
Trd, 000061.450, 151
Trd, 000061.750, 150
Trd, 000062.533, 152
Trd, 000063.183, 147.0
Trd, 000063.267, 148.0
Trd, 000064.133, 152
Trd, 000064.333, 140
Trd, 000064.600, 135
Trd, 000065.467, 161
Trd, 000067.083, 160
Trd, 000067.233, 157
Trd, 000067.417, 156
Trd, 000067.517, 155
Trd, 000068.550, 159
Trd, 000069.033, 159
Trd, 000069.433, 159
Trd, 000069.950, 158
Trd, 000070.550, 156
Trd, 000071.133, 155
Trd, 000071.550, 159
Trd, 000071.867, 164.0
Trd, 000072.483, 155
Trd, 000074.433, 158
Trd, 000074.633, 155.0
Trd, 000074.933, 153
Trd, 000075.583, 145
Trd, 000076.367, 149
Trd, 000076.567, 150
Trd, 000076.900, 151
Trd, 000077.467, 152
Trd, 000078.183, 140
Trd, 000078.633, 139
Trd, 000079.517, 150
Trd, 000079.717, 151
Trd, 000079.733, 150
Trd, 000080.867, 150.0
Trd, 000081.767, 150.0
Trd, 000082.033, 151
Trd, 000082.767, 153.0
Trd, 000082.967, 152
Trd, 000083.350, 152
Trd, 000084.167, 151
Trd, 000084.283, 150
Trd, 000084.433, 148
Trd, 000084.683, 152.0
Trd, 000085.133, 140
Trd, 000086.617, 151
Trd, 000087.517, 145
Trd, 000088.517, 148
Trd, 000089.000, 151
Trd, 000089.633, 154.0
Trd, 000090.750, 156
Trd, 000091.133, 154
Trd, 000091.683, 157.0
Trd, 000091.783, 159
Trd, 000093.167, 161.0
Trd, 000094.050, 157
Trd, 000094.683, 161
Trd, 000095.000, 161.0
Trd, 000095.683, 159
Trd, 000095.700, 158
Trd, 000096.000, 141
Trd, 000096.467, 143.0
Trd, 000097.150, 140
Trd, 000097.300, 144.0
Trd, 000098.967, 141
Trd, 000099.083, 140
Trd, 000099.400, 141
Trd, 000099.500, 140
Trd, 000099.617, 142
Trd, 000100.900, 142
Trd, 000101.350, 144.0
Trd, 000102.017, 144.0
Trd, 000103.017, 148.0
Trd, 000103.033, 155.0
Trd, 000104.450, 163.0
Trd, 000104.500, 165.0
Trd, 000104.517, 162
Trd, 000105.200, 164
Trd, 000105.383, 163
Trd, 000106.033, 159
Trd, 000106.583, 169
Trd, 000108.167, 141
Trd, 000108.817, 144.0
Trd, 000109.167, 143
Trd, 000110.017, 143.0
Trd, 000111.517, 141
Trd, 000111.650, 141
Trd, 000112.233, 141.0
Trd, 000112.283, 144.0
Trd, 000112.750, 141
Trd, 000113.367, 142
Trd, 000113.900, 140
Trd, 000114.100, 142
Trd, 000115.650, 139
Trd, 000116.550, 142
Trd, 000117.000, 144.0
Trd, 000118.167, 150
Trd, 000118.617, 149
Trd, 000118.800, 148
Trd, 000119.717, 149
Trd, 000120.650, 150
Trd, 000120.950, 149
Trd, 000121.100, 148
Trd, 000121.167, 151.0
Trd, 000122.917, 150
Trd, 000123.167, 150
Trd, 000123.233, 153.0
Trd, 000123.350, 155.0
Trd, 000123.483, 165.0
Trd, 000124.233, 150
Trd, 000125.467, 156
Trd, 000126.417, 154
Trd, 000126.450, 156.0
Trd, 000126.650, 141
Trd, 000127.767, 153
Trd, 000127.800, 151
Trd, 000128.467, 140
Trd, 000128.517, 151
Trd, 000129.917, 152
Trd, 000130.283, 155.0
Trd, 000131.183, 152
Trd, 000131.367, 148
Trd, 000131.650, 145
Trd, 000132.183, 143
Trd, 000132.317, 144.0
Trd, 000133.900, 143
Trd, 000134.350, 142
Trd, 000135.433, 158
Trd, 000135.717, 163.0
Trd, 000135.917, 157
Trd, 000137.117, 157
Trd, 000137.833, 157
Trd, 000137.883, 155
Trd, 000138.183, 155.0
Trd, 000138.483, 158.0
Trd, 000139.200, 157
Trd, 000139.567, 153
Trd, 000140.283, 144
Trd, 000140.700, 155
Trd, 000141.167, 146
Trd, 000141.700, 155
Trd, 000142.083, 154
Trd, 000143.267, 149
Trd, 000144.117, 152
Trd, 000144.300, 151
Trd, 000144.350, 140
Trd, 000144.367, 153
Trd, 000145.350, 149
Trd, 000145.550, 153
Trd, 000147.800, 148
Trd, 000147.950, 147
Trd, 000148.333, 147
Trd, 000148.950, 146
Trd, 000149.000, 148
Trd, 000149.050, 155.0
Trd, 000149.967, 147.0
Trd, 000150.367, 146
Trd, 000150.583, 147.0
Trd, 000150.600, 140
Trd, 000151.267, 144.0
Trd, 000151.683, 143
Trd, 000152.433, 134
Trd, 000153.883, 146.0
Trd, 000154.100, 148.0
Trd, 000154.383, 172
Trd, 000154.683, 157
Trd, 000154.917, 164
Trd, 000154.933, 145
Trd, 000155.883, 143.0
Trd, 000156.067, 143.0
Trd, 000156.700, 144.0
Trd, 000158.400, 148.0
Trd, 000158.517, 147
Trd, 000158.567, 144
Trd, 000159.583, 146
Trd, 000159.850, 146
Trd, 000160.350, 145
Trd, 000160.533, 146
Trd, 000162.000, 144
Trd, 000162.083, 146
Trd, 000162.217, 145
Trd, 000162.233, 148.0
Trd, 000162.617, 141
Trd, 000164.167, 141
Trd, 000164.817, 144.0
Trd, 000165.817, 144
Trd, 000166.400, 145
Trd, 000167.100, 144
Trd, 000167.650, 144
Trd, 000167.900, 140
Trd, 000169.267, 148.0
Trd, 000169.650, 148
Trd, 000170.217, 149
Trd, 000170.417, 162.0
Trd, 000170.717, 162.0
Trd, 000170.733, 156
Trd, 000171.083, 161.0
Trd, 000171.417, 157
Trd, 000171.633, 162.0
Trd, 000172.033, 158.0
Trd, 000172.833, 157.0
Trd, 000173.300, 155.0
Trd, 000173.483, 157
Trd, 000174.067, 156
Trd, 000174.900, 155
Trd, 000175.250, 154
Trd, 000175.633, 156
Trd, 000176.850, 159
Trd, 000177.883, 175.0
Trd, 000178.267, 165.0
Trd, 000178.550, 163
Trd, 000178.783, 163
Trd, 000179.767, 162
Trd, 000180.833, 157.0
Trd, 000181.083, 158
Trd, 000182.583, 157
Trd, 000183.317, 156.0
Trd, 000184.133, 155
Trd, 000184.717, 157
Trd, 000184.817, 155
Trd, 000184.883, 157
Trd, 000185.133, 154
Trd, 000186.550, 156
Trd, 000186.833, 157
Trd, 000187.583, 153
Trd, 000189.417, 143.0
Trd, 000189.667, 144.0
Trd, 000190.283, 152
Trd, 000190.350, 145
Trd, 000191.233, 153.0
Trd, 000191.500, 145
Trd, 000193.833, 153.0
Trd, 000194.100, 152
Trd, 000194.317, 154.0
Trd, 000194.550, 152
Trd, 000194.933, 153
Trd, 000195.300, 153
Trd, 000195.533, 152
Trd, 000196.300, 150
Trd, 000196.400, 149
Trd, 000197.267, 150
Trd, 000197.850, 150
Trd, 000198.067, 147
Trd, 000199.283, 147
Trd, 000200.167, 150
Trd, 000200.250, 149
Trd, 000201.367, 149
Trd, 000202.350, 149
Trd, 000202.750, 147
Trd, 000203.917, 146
Trd, 000203.983, 140
Trd, 000204.300, 140
Trd, 000204.517, 144
Trd, 000204.750, 144
Trd, 000205.817, 141
Trd, 000206.550, 143
Trd, 000206.617, 142
Trd, 000206.983, 144
Trd, 000207.367, 140
Trd, 000207.767, 148.0
Trd, 000208.550, 154.0
Trd, 000209.500, 167
Trd, 000210.000, 149
Trd, 000210.033, 150
Trd, 000210.233, 144
Trd, 000211.650, 165.0
Trd, 000212.833, 144.0
Trd, 000213.067, 141
Trd, 000213.150, 141
Trd, 000213.250, 155.0
Trd, 000213.700, 151
Trd, 000214.800, 140
Trd, 000214.883, 140
Trd, 000216.800, 145
Trd, 000216.900, 144
Trd, 000217.583, 140
Trd, 000217.883, 146.0
Trd, 000219.000, 144
Trd, 000219.800, 142
Trd, 000220.217, 143
Trd, 000220.350, 144.0
Trd, 000221.067, 144
Trd, 000222.333, 147.0
Trd, 000222.617, 147.0
Trd, 000223.700, 147.0
Trd, 000223.967, 146
Trd, 000224.050, 147
Trd, 000224.083, 145
Trd, 000224.733, 148.0
Trd, 000225.233, 155.0
Trd, 000225.633, 152
Trd, 000226.300, 149
Trd, 000227.550, 152
Trd, 000228.200, 158.0
Trd, 000228.467, 156
Trd, 000229.633, 155
Trd, 000230.117, 154
Trd, 000230.833, 155
Trd, 000231.200, 158.0
Trd, 000232.483, 156.0
Trd, 000232.717, 156
Trd, 000232.800, 156.0
Trd, 000233.883, 155
Trd, 000234.667, 153
Trd, 000234.883, 156
Trd, 000235.133, 153
Trd, 000235.833, 141
Trd, 000235.983, 142
Trd, 000237.300, 143
Trd, 000237.667, 144
Trd, 000238.200, 144
Trd, 000239.000, 144
Trd, 000239.450, 144
Trd, 000239.967, 146
Trd, 000240.000, 143
Trd, 000241.133, 136.0
Trd, 000241.450, 137.0
Trd, 000241.850, 138.0
Trd, 000242.067, 139
Trd, 000242.083, 144.0
Trd, 000242.883, 165.0
Trd, 000243.533, 156
Trd, 000244.167, 162
Trd, 000244.233, 163
Trd, 000244.783, 162
Trd, 000245.117, 163
Trd, 000245.633, 158
Trd, 000246.550, 158.0
Trd, 000246.583, 155.0
Trd, 000246.700, 159
Trd, 000247.217, 154
Trd, 000248.100, 154.0
Trd, 000248.667, 151
Trd, 000249.300, 152.0
Trd, 000250.617, 142
Trd, 000250.700, 141
Trd, 000250.817, 143
Trd, 000251.067, 143
Trd, 000251.683, 141
Trd, 000251.817, 141
Trd, 000252.517, 134.0
Trd, 000252.550, 142
Trd, 000253.033, 139
Trd, 000254.150, 141.0
Trd, 000254.500, 138
Trd, 000255.033, 133.0
Trd, 000255.800, 134
Trd, 000256.050, 134.0
Trd, 000256.117, 134
Trd, 000256.200, 135
Trd, 000256.400, 141
Trd, 000257.033, 134.0
Trd, 000257.950, 140.0
Trd, 000258.000, 141
Trd, 000258.567, 143.0
Trd, 000259.583, 140.0
Trd, 000259.767, 139.0
Trd, 000260.733, 137
Trd, 000260.750, 141.0
Trd, 000261.400, 140
Trd, 000261.450, 139
Trd, 000261.883, 139
Trd, 000262.183, 141
Trd, 000262.517, 139
Trd, 000262.717, 142.0
Trd, 000263.117, 144.0
Trd, 000263.900, 147
Trd, 000264.033, 148.0
Trd, 000264.483, 147
Trd, 000265.917, 145.0
Trd, 000265.967, 149
Trd, 000266.200, 150.0
Trd, 000267.150, 155.0
Trd, 000267.400, 160.0
Trd, 000267.650, 154
Trd, 000267.900, 149
Trd, 000268.367, 153
Trd, 000269.183, 156
Trd, 000269.567, 156
Trd, 000270.167, 158
Trd, 000271.150, 156.0
Trd, 000271.167, 160.0
Trd, 000271.333, 160.0
Trd, 000271.350, 155.0
Trd, 000271.483, 161.0
Trd, 000273.350, 156
Trd, 000273.850, 156
Trd, 000274.083, 155.0
Trd, 000275.100, 153
Trd, 000275.267, 155.0
Trd, 000275.450, 150
Trd, 000275.700, 144.0
Trd, 000276.550, 143
Trd, 000276.583, 142
Trd, 000276.800, 144
Trd, 000276.983, 140
Trd, 000277.867, 142
Trd, 000278.100, 142
Trd, 000278.567, 140
Trd, 000278.700, 139
Trd, 000279.583, 162.0
Trd, 000280.033, 164
Trd, 000280.183, 165.0
Trd, 000280.467, 164
Trd, 000280.517, 155
Trd, 000281.033, 172
Trd, 000282.233, 175.0
Trd, 000282.817, 138
Trd, 000282.967, 131.0
Trd, 000283.733, 136.0
Trd, 000284.033, 135.0
Trd, 000284.183, 136.0
Trd, 000284.650, 137.0
Trd, 000284.817, 137
Trd, 000285.700, 142.0
Trd, 000286.133, 143
Trd, 000287.200, 137
Trd, 000287.383, 144.0
Trd, 000287.733, 147.0
Trd, 000287.850, 140
Trd, 000289.367, 144.0
Trd, 000289.500, 143
Trd, 000290.050, 146.0
Trd, 000290.783, 143
Trd, 000290.817, 147
Trd, 000291.217, 143
Trd, 000291.750, 140
Trd, 000291.900, 147
Trd, 000292.883, 136.0
Trd, 000292.950, 131.0
Trd, 000293.250, 155.0
Trd, 000294.950, 148.0
Trd, 000294.983, 155.0
Trd, 000295.250, 161
Trd, 000296.217, 148
Trd, 000296.800, 154
Trd, 000296.950, 162
Trd, 000297.033, 165.0
Trd, 000297.267, 147
Trd, 000297.850, 148
Trd, 000298.033, 146
Trd, 000298.733, 144
Trd, 000298.800, 161
Trd, 000298.950, 143
Trd, 000299.283, 162.0
Trd, 000299.967, 164
