Trd, 000001.217, 129
Trd, 000002.867, 134
Trd, 000002.900, 129
Trd, 000004.283, 165
Trd, 000005.017, 166
Trd, 000005.133, 162.0
Trd, 000005.267, 161
Trd, 000005.400, 168.0
Trd, 000005.800, 159
Trd, 000006.433, 158
Trd, 000007.100, 158
Trd, 000009.267, 156
Trd, 000009.600, 157
Trd, 000010.033, 153
Trd, 000010.117, 151.0
Trd, 000011.500, 157
Trd, 000011.900, 156
Trd, 000012.083, 157
Trd, 000012.533, 157
Trd, 000013.200, 157
Trd, 000013.450, 156
Trd, 000013.783, 151.0
Trd, 000014.600, 156
Trd, 000014.617, 162.0
Trd, 000015.433, 158
Trd, 000016.500, 160
Trd, 000017.433, 158
Trd, 000018.017, 158
Trd, 000018.133, 160
Trd, 000018.400, 160
Trd, 000018.900, 157
Trd, 000018.933, 154
Trd, 000019.500, 151.0
Trd, 000021.867, 160
Trd, 000021.933, 160
Trd, 000023.217, 158
Trd, 000024.167, 159
Trd, 000025.350, 160
Trd, 000025.483, 159
Trd, 000025.700, 156
Trd, 000026.817, 157
Trd, 000027.200, 158
Trd, 000027.817, 158
Trd, 000027.933, 157
Trd, 000028.367, 157
Trd, 000029.383, 153
Trd, 000029.950, 156
Trd, 000031.033, 151.0
Trd, 000032.067, 154
Trd, 000033.217, 151
Trd, 000033.233, 148.0
Trd, 000033.267, 144.0
Trd, 000033.533, 155
Trd, 000033.917, 152
Trd, 000034.467, 155.0
Trd, 000036.017, 154
Trd, 000036.067, 155
Trd, 000036.400, 155
Trd, 000038.167, 153
Trd, 000038.233, 151.0
Trd, 000038.800, 151
Trd, 000039.400, 151
Trd, 000039.783, 168.0
Trd, 000039.883, 151
Trd, 000041.267, 153
Trd, 000041.583, 152
Trd, 000042.783, 155
Trd, 000043.600, 152.0
Trd, 000043.817, 154
Trd, 000045.533, 153
Trd, 000046.100, 152
Trd, 000046.150, 153
Trd, 000047.850, 151.0
Trd, 000048.233, 153
Trd, 000048.400, 152
Trd, 000048.833, 152
Trd, 000049.000, 151
Trd, 000049.117, 152
Trd, 000049.650, 150
Trd, 000051.050, 151.0
Trd, 000051.700, 152
Trd, 000052.283, 151.0
Trd, 000052.383, 152
Trd, 000052.983, 150
Trd, 000053.417, 152
Trd, 000053.500, 149
Trd, 000053.567, 148.0
Trd, 000054.683, 153
Trd, 000054.850, 161.0
Trd, 000056.017, 154
Trd, 000056.183, 162.0
Trd, 000056.300, 168.0
Trd, 000056.500, 152
Trd, 000057.033, 172.0
Trd, 000057.800, 159
Trd, 000058.450, 159
Trd, 000058.717, 162
Trd, 000059.117, 159
Trd, 000059.533, 162.0
Trd, 000059.833, 168.0
Trd, 000061.367, 166
Trd, 000061.933, 163
Trd, 000062.550, 163
Trd, 000063.500, 162
Trd, 000064.467, 158
Trd, 000064.683, 163
Trd, 000065.450, 160
Trd, 000066.883, 157
Trd, 000067.033, 157
Trd, 000067.317, 160
Trd, 000068.467, 154
Trd, 000069.683, 155
Trd, 000069.850, 156
Trd, 000070.183, 156
Trd, 000070.783, 155
Trd, 000071.483, 155
Trd, 000072.600, 155
Trd, 000072.800, 154.0
Trd, 000073.617, 154
Trd, 000074.300, 153
Trd, 000074.533, 154
Trd, 000075.483, 154
Trd, 000075.633, 153
Trd, 000076.350, 152
Trd, 000077.267, 153
Trd, 000077.333, 155.0
Trd, 000077.617, 152.0
Trd, 000079.550, 153
Trd, 000080.000, 153
Trd, 000080.317, 153
Trd, 000081.100, 152
Trd, 000081.367, 154
Trd, 000082.300, 153.0
Trd, 000082.933, 153
Trd, 000083.433, 154
Trd, 000083.667, 154
Trd, 000084.050, 153
Trd, 000084.633, 154
Trd, 000085.433, 151.0
Trd, 000086.317, 154
Trd, 000087.500, 152
Trd, 000087.517, 154
Trd, 000088.667, 154.0
Trd, 000089.217, 154
Trd, 000089.850, 154
Trd, 000091.100, 155.0
Trd, 000091.300, 151.0
Trd, 000091.817, 153
Trd, 000092.900, 155
Trd, 000093.350, 155
Trd, 000094.150, 154.0
Trd, 000094.367, 151.0
Trd, 000095.783, 155.0
Trd, 000097.250, 155
Trd, 000098.017, 154
Trd, 000098.833, 154
Trd, 000099.117, 155
Trd, 000099.567, 152
Trd, 000100.367, 151
Trd, 000101.650, 152.0
Trd, 000102.283, 155
Trd, 000102.317, 156
Trd, 000102.917, 156
Trd, 000103.450, 151.0
Trd, 000104.250, 156
Trd, 000105.833, 155
Trd, 000106.283, 152
Trd, 000108.817, 154
Trd, 000109.283, 155
Trd, 000109.433, 152
Trd, 000110.417, 152
Trd, 000110.533, 152
Trd, 000111.067, 152.0
Trd, 000111.300, 153
Trd, 000112.083, 152.0
Trd, 000112.583, 153
Trd, 000112.750, 151
Trd, 000113.817, 152
Trd, 000114.233, 155.0
Trd, 000114.717, 151.0
Trd, 000116.400, 152
Trd, 000116.550, 153
Trd, 000116.950, 152
Trd, 000118.133, 152
Trd, 000118.183, 151
Trd, 000118.417, 151
Trd, 000119.100, 150
Trd, 000119.283, 151
Trd, 000120.050, 150
Trd, 000120.350, 152
Trd, 000121.250, 152
Trd, 000121.983, 154
Trd, 000123.133, 154
Trd, 000123.433, 154
Trd, 000123.583, 149
Trd, 000123.983, 151.0
Trd, 000125.267, 150
Trd, 000125.733, 153
Trd, 000126.900, 151.0
Trd, 000127.483, 153
Trd, 000127.850, 153
Trd, 000128.583, 155.0
Trd, 000129.950, 154
Trd, 000130.967, 152
Trd, 000131.183, 151
Trd, 000131.600, 155
Trd, 000132.433, 152.0
Trd, 000133.267, 151.0
Trd, 000133.600, 152
Trd, 000135.117, 152
Trd, 000135.750, 152
Trd, 000137.317, 153
Trd, 000138.083, 152
Trd, 000138.583, 152.0
Trd, 000138.983, 153
Trd, 000139.333, 154
Trd, 000139.733, 153
Trd, 000139.883, 152
Trd, 000140.583, 152
Trd, 000140.833, 152
Trd, 000141.117, 153
Trd, 000141.833, 151
Trd, 000142.483, 153
Trd, 000143.433, 152
Trd, 000144.583, 152
Trd, 000144.617, 151
Trd, 000145.467, 152
Trd, 000146.067, 151.0
Trd, 000147.350, 152
Trd, 000147.417, 151
Trd, 000147.817, 149
Trd, 000148.833, 152
Trd, 000149.583, 150.0
Trd, 000150.267, 150
Trd, 000150.550, 152
Trd, 000151.017, 153
Trd, 000152.350, 151
Trd, 000155.083, 150
Trd, 000155.533, 151.0
Trd, 000155.900, 152
Trd, 000157.267, 153
Trd, 000157.400, 154
Trd, 000157.833, 154
Trd, 000158.400, 152
Trd, 000161.017, 154
Trd, 000161.150, 153
Trd, 000161.333, 154
Trd, 000161.817, 153
Trd, 000162.800, 154
Trd, 000162.950, 154
Trd, 000164.217, 154
Trd, 000164.783, 153
Trd, 000165.200, 154
Trd, 000165.267, 152
Trd, 000166.783, 153
Trd, 000166.967, 152
Trd, 000167.200, 151
Trd, 000167.683, 152
Trd, 000167.700, 153
Trd, 000167.900, 155.0
Trd, 000168.133, 152
Trd, 000168.750, 155
Trd, 000169.483, 154
Trd, 000169.850, 151.0
Trd, 000170.683, 154
Trd, 000172.350, 152
Trd, 000173.000, 153
Trd, 000173.133, 153
Trd, 000173.350, 153
Trd, 000173.417, 152
Trd, 000173.983, 154
Trd, 000174.617, 153
Trd, 000175.550, 152
Trd, 000175.900, 151
Trd, 000176.417, 155.0
Trd, 000178.667, 157
Trd, 000179.550, 158
Trd, 000179.933, 156
Trd, 000180.633, 155
Trd, 000181.783, 156
Trd, 000182.233, 154
Trd, 000182.367, 156
Trd, 000183.217, 155
Trd, 000185.217, 154
Trd, 000185.383, 154
Trd, 000185.400, 152.0
Trd, 000186.233, 154
Trd, 000187.300, 154
Trd, 000187.450, 154
Trd, 000187.733, 153
Trd, 000188.100, 154
Trd, 000188.833, 153
Trd, 000191.683, 154
Trd, 000191.800, 152
Trd, 000191.950, 152
Trd, 000193.450, 155
Trd, 000193.900, 155
Trd, 000194.550, 153
Trd, 000195.367, 155
Trd, 000196.633, 151
Trd, 000196.650, 155
Trd, 000196.817, 156
Trd, 000197.467, 151.0
Trd, 000198.033, 152
Trd, 000198.617, 153
Trd, 000199.083, 151
Trd, 000199.550, 152
Trd, 000200.950, 153
Trd, 000200.967, 153
Trd, 000200.983, 152.0
Trd, 000202.017, 153
Trd, 000203.817, 153
Trd, 000204.800, 152
Trd, 000204.900, 154
Trd, 000205.300, 150
Trd, 000205.633, 154
Trd, 000205.767, 155.0
Trd, 000207.567, 151
Trd, 000207.850, 156
Trd, 000209.833, 154
Trd, 000210.267, 153
Trd, 000210.367, 155
Trd, 000210.667, 154
Trd, 000212.133, 154
Trd, 000213.533, 154
Trd, 000214.183, 153
Trd, 000214.917, 150
Trd, 000214.933, 149
Trd, 000216.100, 151.0
Trd, 000216.400, 151
Trd, 000216.600, 152
Trd, 000217.583, 150
Trd, 000217.617, 148
Trd, 000220.133, 150
Trd, 000220.167, 151
Trd, 000220.567, 150
Trd, 000221.133, 151
Trd, 000221.300, 148
Trd, 000222.183, 150
Trd, 000222.400, 150
Trd, 000222.733, 149
Trd, 000223.783, 150
Trd, 000223.900, 152
Trd, 000224.633, 152
Trd, 000226.850, 151
Trd, 000227.833, 151
Trd, 000228.217, 152
Trd, 000228.350, 152
Trd, 000228.667, 151.0
Trd, 000229.383, 152
Trd, 000229.800, 153
Trd, 000230.100, 155.0
Trd, 000230.317, 149
Trd, 000230.967, 149.0
Trd, 000233.000, 150
Trd, 000233.100, 148.0
Trd, 000234.117, 149
Trd, 000234.483, 146
Trd, 000235.000, 145
Trd, 000235.017, 146
Trd, 000235.550, 147
Trd, 000236.333, 148
Trd, 000237.033, 149
Trd, 000237.483, 148
Trd, 000237.517, 149
Trd, 000237.833, 148.0
Trd, 000238.267, 148
Trd, 000239.483, 149
Trd, 000240.167, 149
Trd, 000240.350, 149
Trd, 000240.433, 148
Trd, 000241.350, 148
Trd, 000241.533, 147
Trd, 000242.667, 148
Trd, 000243.850, 151
Trd, 000244.117, 149
Trd, 000244.283, 148
Trd, 000244.833, 150
Trd, 000244.850, 150
Trd, 000245.500, 149
Trd, 000246.617, 161.0
Trd, 000247.167, 160
Trd, 000247.200, 159
Trd, 000247.250, 161.0
Trd, 000247.350, 156
Trd, 000248.000, 156
Trd, 000248.567, 156
Trd, 000248.717, 158
Trd, 000248.783, 160
Trd, 000249.417, 160
Trd, 000250.333, 156.0
Trd, 000251.117, 155
Trd, 000251.700, 155
Trd, 000251.833, 154
Trd, 000253.600, 153
Trd, 000253.633, 154
Trd, 000253.750, 157
Trd, 000253.933, 154
Trd, 000254.100, 153
Trd, 000255.700, 152
Trd, 000256.650, 155.0
Trd, 000256.833, 154.0
Trd, 000256.900, 155
Trd, 000257.133, 153.0
Trd, 000257.300, 155
Trd, 000258.083, 151.0
Trd, 000258.767, 154
Trd, 000259.417, 153
Trd, 000259.967, 153
Trd, 000261.050, 155.0
Trd, 000261.950, 154
Trd, 000262.200, 154
Trd, 000262.967, 152
Trd, 000263.217, 153
Trd, 000263.517, 153
Trd, 000263.550, 154
Trd, 000263.767, 153
Trd, 000264.267, 154
Trd, 000264.833, 152
Trd, 000265.100, 152
Trd, 000265.483, 155.0
Trd, 000265.550, 151.0
Trd, 000265.583, 151
Trd, 000266.600, 155
Trd, 000267.033, 155
Trd, 000267.400, 165.0
Trd, 000267.450, 159.0
Trd, 000268.383, 157
Trd, 000269.850, 154
Trd, 000270.083, 153
Trd, 000270.267, 152
Trd, 000270.317, 155
Trd, 000270.933, 151.0
Trd, 000271.483, 149.0
Trd, 000271.900, 148.0
Trd, 000272.600, 148.0
Trd, 000273.083, 148.0
Trd, 000273.550, 147
Trd, 000273.850, 147
Trd, 000274.117, 150
Trd, 000274.300, 148.0
Trd, 000274.850, 149
Trd, 000275.400, 150
Trd, 000275.483, 148
Trd, 000275.817, 149
Trd, 000276.417, 147
Trd, 000276.450, 147
Trd, 000277.367, 147
Trd, 000277.833, 145
Trd, 000277.933, 144.0
Trd, 000278.633, 128.0
Trd, 000279.233, 136
Trd, 000279.850, 137
Trd, 000280.267, 137
Trd, 000280.583, 164.0
Trd, 000281.050, 164.0
Trd, 000281.350, 151
Trd, 000282.017, 165.0
Trd, 000282.450, 168.0
Trd, 000283.067, 172.0
Trd, 000283.100, 167.0
Trd, 000283.167, 162.0
Trd, 000283.350, 151.0
Trd, 000284.250, 152
Trd, 000284.517, 168.0
Trd, 000284.650, 164
Trd, 000284.917, 159
Trd, 000285.033, 158
Trd, 000285.200, 162
Trd, 000285.350, 153
Trd, 000285.650, 151.0
Trd, 000287.267, 158
Trd, 000287.750, 152
Trd, 000287.883, 151
Trd, 000288.367, 152.0
Trd, 000288.767, 156
Trd, 000288.883, 156
Trd, 000291.000, 155.0
Trd, 000291.367, 151.0
Trd, 000291.450, 150
Trd, 000291.567, 154
Trd, 000291.583, 150
Trd, 000293.950, 150
Trd, 000294.383, 152
Trd, 000294.467, 149
Trd, 000294.500, 152
Trd, 000294.867, 152
Trd, 000295.267, 148.0
Trd, 000295.467, 148
Trd, 000295.533, 146
Trd, 000295.667, 151
Trd, 000295.967, 153
Trd, 000296.250, 154.0
Trd, 000297.383, 151
Trd, 000297.817, 151.0
Trd, 000297.967, 151
Trd, 000299.200, 151
Trd, 000299.967, 152.0
