Trd, 000001.650, 148.0
Trd, 000002.100, 146
Trd, 000002.167, 151.0
Trd, 000002.300, 129
Trd, 000002.750, 148.0
Trd, 000003.233, 152
Trd, 000004.150, 151.0
Trd, 000004.617, 152
Trd, 000005.033, 141
Trd, 000005.533, 139
Trd, 000006.300, 148.0
Trd, 000006.350, 155
Trd, 000006.850, 137
Trd, 000006.883, 135
Trd, 000008.383, 149
Trd, 000008.567, 151.0
Trd, 000009.350, 164
Trd, 000009.667, 158.0
Trd, 000010.017, 158
Trd, 000010.283, 168.0
Trd, 000010.667, 154
Trd, 000010.900, 153
Trd, 000011.950, 153
Trd, 000012.450, 153
Trd, 000013.450, 152
Trd, 000014.000, 158.0
Trd, 000014.650, 152
Trd, 000015.783, 155
Trd, 000016.583, 151
Trd, 000016.900, 148.0
Trd, 000017.133, 151.0
Trd, 000017.233, 151
Trd, 000017.267, 148
Trd, 000018.233, 136
Trd, 000018.617, 147
Trd, 000018.950, 142
Trd, 000019.217, 127.0
Trd, 000019.283, 145.0
Trd, 000019.667, 148.0
Trd, 000021.267, 151.0
Trd, 000021.983, 139
Trd, 000022.000, 149
Trd, 000022.200, 137
Trd, 000022.767, 148
Trd, 000023.050, 149
Trd, 000023.167, 139
Trd, 000023.200, 155
Trd, 000023.367, 162
Trd, 000023.983, 159.0
Trd, 000024.350, 158.0
Trd, 000025.033, 148.0
Trd, 000025.383, 149
Trd, 000028.417, 150
Trd, 000029.117, 149
Trd, 000029.367, 148.0
Trd, 000029.533, 149
Trd, 000029.933, 138
Trd, 000030.117, 137
Trd, 000030.600, 149
Trd, 000030.633, 150.0
Trd, 000031.633, 149
Trd, 000031.983, 150
Trd, 000032.917, 146
Trd, 000033.167, 145
Trd, 000033.883, 149
Trd, 000034.983, 148.0
Trd, 000035.867, 144
Trd, 000036.050, 149
Trd, 000036.183, 137
Trd, 000036.700, 151.0
Trd, 000037.217, 155
Trd, 000037.350, 158.0
Trd, 000038.000, 151.0
Trd, 000038.050, 143
Trd, 000038.200, 158
Trd, 000038.633, 149
Trd, 000038.850, 129
Trd, 000039.767, 127.0
Trd, 000040.100, 145
Trd, 000040.150, 145
Trd, 000040.433, 146
Trd, 000040.667, 146
Trd, 000042.333, 146
Trd, 000042.350, 148.0
Trd, 000042.700, 168.0
Trd, 000043.100, 151
Trd, 000043.117, 151
Trd, 000044.750, 150
Trd, 000045.567, 153
Trd, 000046.533, 152
Trd, 000046.633, 149
Trd, 000047.600, 149
Trd, 000047.633, 151
Trd, 000047.950, 153
Trd, 000048.183, 137
Trd, 000049.200, 153
Trd, 000049.583, 148.0
Trd, 000049.700, 148
Trd, 000049.800, 168.0
Trd, 000050.533, 148
Trd, 000051.017, 147
Trd, 000053.467, 151
Trd, 000054.050, 146
Trd, 000054.267, 151
Trd, 000054.300, 146
Trd, 000054.750, 152
Trd, 000054.800, 137
Trd, 000055.150, 135.0
Trd, 000055.317, 146
Trd, 000055.567, 134.0
Trd, 000056.617, 145
Trd, 000056.750, 127.0
Trd, 000056.883, 146
Trd, 000057.283, 146
Trd, 000057.600, 151.0
Trd, 000057.683, 137
Trd, 000058.433, 144
Trd, 000058.967, 178
Trd, 000059.133, 150
Trd, 000059.700, 150
Trd, 000059.950, 149
Trd, 000060.217, 148.0
Trd, 000061.683, 149
Trd, 000061.983, 147
Trd, 000062.000, 137
Trd, 000062.667, 149
Trd, 000063.617, 147
Trd, 000063.833, 155
Trd, 000064.600, 148.0
Trd, 000065.467, 148
Trd, 000065.850, 150
Trd, 000065.900, 147
Trd, 000066.217, 151.0
Trd, 000066.450, 137
Trd, 000067.517, 155
Trd, 000067.700, 151.0
Trd, 000068.050, 132
Trd, 000068.417, 148.0
Trd, 000068.883, 154
Trd, 000069.883, 153
Trd, 000070.183, 153
Trd, 000070.650, 151
Trd, 000071.533, 148
Trd, 000072.067, 148.0
Trd, 000072.450, 147
Trd, 000073.067, 152
Trd, 000073.400, 142
Trd, 000074.533, 145
Trd, 000074.817, 147
Trd, 000075.017, 139
Trd, 000075.367, 134.0
Trd, 000075.500, 148
Trd, 000075.583, 151.0
Trd, 000076.217, 155
Trd, 000076.250, 137
Trd, 000076.883, 135
Trd, 000077.567, 152.0
Trd, 000077.667, 154
Trd, 000079.783, 151.0
Trd, 000079.917, 148.0
Trd, 000080.083, 154
Trd, 000080.467, 155
Trd, 000081.267, 146
Trd, 000081.450, 146
Trd, 000081.950, 147
Trd, 000082.150, 145
Trd, 000082.583, 145
Trd, 000082.850, 135.0
Trd, 000083.300, 146
Trd, 000083.383, 134.0
Trd, 000084.750, 146
Trd, 000084.833, 148.0
Trd, 000085.067, 151.0
Trd, 000086.583, 141
Trd, 000088.117, 152
Trd, 000088.150, 155
Trd, 000088.200, 168.0
Trd, 000088.400, 151.0
Trd, 000089.500, 148.0
Trd, 000090.183, 158
Trd, 000090.883, 155
Trd, 000091.117, 147
Trd, 000091.933, 145
Trd, 000092.750, 148
Trd, 000093.000, 148.0
Trd, 000093.650, 150
Trd, 000094.050, 151.0
Trd, 000095.300, 147
Trd, 000095.350, 145
Trd, 000096.333, 144
Trd, 000097.000, 137
Trd, 000097.417, 145
Trd, 000097.467, 142
Trd, 000098.083, 145
Trd, 000098.117, 135
Trd, 000098.400, 140
Trd, 000098.833, 142
Trd, 000099.400, 139
Trd, 000099.750, 149
Trd, 000101.367, 141
Trd, 000102.567, 140
Trd, 000103.033, 140
Trd, 000103.550, 144
Trd, 000103.717, 141
Trd, 000104.400, 148.0
Trd, 000104.883, 145
Trd, 000105.567, 146
Trd, 000105.767, 142
Trd, 000106.617, 147
Trd, 000107.150, 148.0
Trd, 000107.583, 155
Trd, 000107.783, 142
Trd, 000108.683, 150
Trd, 000109.917, 148.0
Trd, 000110.183, 148
Trd, 000110.317, 145
Trd, 000110.700, 145
Trd, 000110.950, 144
Trd, 000111.750, 145
Trd, 000113.600, 141
Trd, 000114.050, 131.0
Trd, 000114.150, 128.0
Trd, 000114.600, 142
Trd, 000114.850, 145
Trd, 000115.700, 144
Trd, 000116.217, 140
Trd, 000116.700, 148.0
Trd, 000117.483, 140
Trd, 000117.717, 148.0
Trd, 000117.883, 162
Trd, 000118.450, 139
Trd, 000119.117, 140
Trd, 000119.350, 140
Trd, 000119.533, 153
Trd, 000119.933, 153
Trd, 000120.200, 151.0
Trd, 000122.933, 148
Trd, 000123.133, 137
Trd, 000123.417, 147
Trd, 000123.533, 127.0
Trd, 000123.633, 152
Trd, 000124.183, 133
Trd, 000124.433, 128
Trd, 000124.900, 137
Trd, 000125.450, 166.0
Trd, 000126.517, 136
Trd, 000126.617, 136
Trd, 000127.367, 144
Trd, 000127.717, 148.0
Trd, 000127.900, 151.0
Trd, 000128.550, 135
Trd, 000129.383, 135
Trd, 000129.683, 145
Trd, 000129.767, 139
Trd, 000130.083, 146
Trd, 000133.433, 142
Trd, 000133.950, 145
Trd, 000134.400, 146
Trd, 000134.533, 148.0
Trd, 000135.017, 148.0
Trd, 000135.283, 143
Trd, 000135.400, 140
Trd, 000135.567, 151.0
Trd, 000135.700, 138
Trd, 000136.050, 137
Trd, 000136.400, 150
Trd, 000136.633, 137
Trd, 000137.267, 148
Trd, 000139.317, 148.0
Trd, 000139.583, 149
Trd, 000139.650, 150
Trd, 000139.717, 155
Trd, 000139.967, 168.0
Trd, 000140.717, 148
Trd, 000141.617, 154
Trd, 000141.850, 152
Trd, 000143.417, 152
Trd, 000143.850, 150
Trd, 000144.683, 151
Trd, 000144.833, 149
Trd, 000144.850, 151
Trd, 000145.783, 148.0
Trd, 000146.850, 148
Trd, 000147.850, 147
Trd, 000148.033, 134
Trd, 000148.050, 150
Trd, 000148.483, 147
Trd, 000148.700, 134
Trd, 000148.800, 147
Trd, 000149.350, 128.0
Trd, 000149.400, 155
Trd, 000149.700, 127.0
Trd, 000150.317, 139
Trd, 000150.517, 148.0
Trd, 000150.900, 148.0
Trd, 000151.533, 148
Trd, 000152.133, 151.0
Trd, 000153.733, 148
Trd, 000154.200, 148
Trd, 000154.383, 144
Trd, 000154.950, 149
Trd, 000155.400, 145
Trd, 000155.767, 143
Trd, 000155.900, 149
Trd, 000155.950, 142
Trd, 000156.950, 140
Trd, 000156.983, 148.0
Trd, 000157.533, 148.0
Trd, 000157.733, 148
Trd, 000158.517, 149
Trd, 000159.233, 150
Trd, 000159.317, 151.0
Trd, 000159.717, 145
Trd, 000160.150, 151.0
Trd, 000160.750, 155
Trd, 000161.583, 146
Trd, 000161.733, 146
Trd, 000162.133, 148.0
Trd, 000163.050, 146
Trd, 000163.300, 147
Trd, 000163.717, 148
Trd, 000163.950, 146
Trd, 000164.450, 148.0
Trd, 000164.500, 145
Trd, 000164.650, 148.0
Trd, 000164.733, 144
Trd, 000165.833, 137
Trd, 000165.967, 150
Trd, 000166.033, 151.0
Trd, 000166.300, 134.0
Trd, 000166.350, 168.0
Trd, 000166.917, 132
Trd, 000169.183, 152.0
Trd, 000169.567, 151.0
Trd, 000170.783, 154
Trd, 000170.917, 157
Trd, 000171.133, 151
Trd, 000171.467, 148
Trd, 000171.950, 155
Trd, 000173.783, 149
Trd, 000174.583, 149
Trd, 000174.733, 148
Trd, 000175.000, 149
Trd, 000175.367, 147
Trd, 000175.600, 136
Trd, 000175.933, 134.0
Trd, 000176.217, 146
Trd, 000176.633, 146
Trd, 000176.717, 148.0
Trd, 000178.550, 149.0
Trd, 000178.600, 148.0
Trd, 000178.700, 145
Trd, 000178.733, 144
Trd, 000179.817, 151.0
Trd, 000180.667, 144
Trd, 000181.667, 148
Trd, 000182.033, 149
Trd, 000182.083, 137
Trd, 000182.150, 142
Trd, 000182.167, 151
Trd, 000182.183, 135.0
Trd, 000182.233, 138
Trd, 000182.733, 132
Trd, 000184.483, 140.0
Trd, 000185.850, 139
Trd, 000186.000, 139
Trd, 000186.817, 143
Trd, 000186.933, 144
Trd, 000188.283, 148.0
Trd, 000188.367, 137
Trd, 000188.417, 136
Trd, 000189.017, 151.0
Trd, 000190.333, 147
Trd, 000190.350, 143
Trd, 000191.267, 141
Trd, 000191.783, 137
Trd, 000191.850, 143
Trd, 000192.817, 144
Trd, 000192.833, 144
Trd, 000193.433, 141
Trd, 000194.133, 143
Trd, 000194.317, 143
Trd, 000194.650, 140
Trd, 000195.367, 138
Trd, 000195.900, 137
Trd, 000196.100, 144
Trd, 000196.200, 144
Trd, 000196.767, 148.0
Trd, 000197.667, 149.0
Trd, 000197.933, 148.0
Trd, 000197.983, 151.0
Trd, 000198.283, 154
Trd, 000199.700, 151.0
Trd, 000200.167, 151
Trd, 000200.233, 147
Trd, 000200.900, 142
Trd, 000201.033, 152
Trd, 000201.817, 144
Trd, 000202.300, 148.0
Trd, 000203.100, 145
Trd, 000204.050, 169
Trd, 000204.983, 158.0
Trd, 000205.467, 151
Trd, 000205.917, 151.0
Trd, 000206.017, 155
Trd, 000206.483, 155
Trd, 000206.633, 161
Trd, 000208.483, 152
Trd, 000209.183, 151.0
Trd, 000209.817, 155
Trd, 000210.583, 155
Trd, 000210.600, 157
Trd, 000210.833, 152
Trd, 000211.250, 157
Trd, 000211.417, 134.0
Trd, 000211.850, 148.0
Trd, 000212.483, 148.0
Trd, 000212.517, 152
Trd, 000213.733, 150
Trd, 000214.367, 149.0
Trd, 000215.167, 149.0
Trd, 000215.650, 148
Trd, 000215.733, 148.0
Trd, 000216.750, 151.0
Trd, 000217.183, 144
Trd, 000218.683, 148.0
Trd, 000219.250, 150
Trd, 000219.600, 149
Trd, 000220.083, 146
Trd, 000220.617, 150
Trd, 000221.300, 150
Trd, 000221.400, 145
Trd, 000221.583, 144
Trd, 000221.933, 138
Trd, 000222.250, 149.0
Trd, 000222.267, 151.0
Trd, 000222.850, 140
Trd, 000223.067, 150
Trd, 000223.500, 137
Trd, 000224.183, 155
Trd, 000224.683, 148.0
Trd, 000224.800, 144
Trd, 000225.033, 150
Trd, 000227.350, 152.0
Trd, 000227.967, 151.0
Trd, 000228.667, 173
Trd, 000229.867, 155
Trd, 000229.917, 154
Trd, 000230.083, 155
Trd, 000230.400, 155
Trd, 000231.033, 157
Trd, 000231.150, 149
Trd, 000231.700, 137
Trd, 000231.967, 134.0
Trd, 000232.033, 148
Trd, 000232.233, 133
Trd, 000232.750, 141
Trd, 000233.650, 141
Trd, 000233.783, 139
Trd, 000234.083, 138
Trd, 000235.000, 145
Trd, 000236.033, 148
Trd, 000236.117, 148.0
Trd, 000236.183, 142
Trd, 000236.233, 142
Trd, 000236.817, 143
Trd, 000237.783, 143
Trd, 000237.900, 144
Trd, 000238.200, 146
Trd, 000238.883, 142
Trd, 000239.600, 148.0
Trd, 000240.100, 151.0
Trd, 000240.400, 147
Trd, 000240.683, 146
Trd, 000240.783, 148
Trd, 000241.483, 149
Trd, 000241.850, 151.0
Trd, 000241.883, 148
Trd, 000242.033, 148
Trd, 000242.233, 145
Trd, 000242.583, 152
Trd, 000242.967, 144
Trd, 000243.183, 146
Trd, 000243.700, 168.0
Trd, 000244.350, 167
Trd, 000244.633, 168
Trd, 000244.733, 162
Trd, 000244.883, 162
Trd, 000245.100, 164
Trd, 000245.683, 167
Trd, 000245.800, 163
Trd, 000246.350, 162
Trd, 000246.433, 148.0
Trd, 000247.150, 159
Trd, 000248.817, 162
Trd, 000249.083, 163
Trd, 000249.333, 164
Trd, 000250.183, 161.0
Trd, 000250.217, 158.0
Trd, 000250.383, 151.0
Trd, 000250.633, 163
Trd, 000250.667, 151.0
Trd, 000251.267, 154
Trd, 000251.433, 151.0
Trd, 000252.700, 152
Trd, 000252.933, 149
Trd, 000253.400, 151.0
Trd, 000253.650, 151
Trd, 000253.817, 150
Trd, 000254.283, 149
Trd, 000254.483, 149
Trd, 000254.617, 151
Trd, 000254.767, 151.0
Trd, 000255.267, 148.0
Trd, 000255.417, 141.0
Trd, 000255.717, 136
Trd, 000256.000, 149
Trd, 000256.417, 134.0
Trd, 000256.900, 127.0
Trd, 000257.033, 140
Trd, 000257.150, 164.0
Trd, 000258.350, 145
Trd, 000258.683, 144
Trd, 000259.117, 142
Trd, 000259.767, 141
Trd, 000260.117, 145
Trd, 000260.467, 142.0
Trd, 000260.517, 141.0
Trd, 000260.683, 148.0
Trd, 000261.250, 141
Trd, 000261.417, 141
Trd, 000262.167, 145
Trd, 000262.200, 147
Trd, 000262.400, 151.0
Trd, 000262.550, 151.0
Trd, 000262.583, 148.0
Trd, 000262.683, 155
Trd, 000262.800, 156
Trd, 000263.483, 155
Trd, 000263.683, 150
Trd, 000264.133, 149
Trd, 000264.417, 148
Trd, 000265.283, 149
Trd, 000265.600, 151.0
Trd, 000265.850, 155
Trd, 000266.300, 153.0
Trd, 000266.567, 148.0
Trd, 000267.967, 153
Trd, 000268.433, 150
Trd, 000268.850, 148
Trd, 000269.233, 151
Trd, 000269.467, 151.0
Trd, 000269.733, 148
Trd, 000270.083, 150
Trd, 000270.583, 151
Trd, 000270.883, 151
Trd, 000270.950, 152
Trd, 000271.200, 147
Trd, 000271.517, 143.0
Trd, 000271.700, 141.0
Trd, 000271.783, 145
Trd, 000272.417, 148.0
Trd, 000272.883, 150
Trd, 000273.033, 144
Trd, 000273.233, 155
Trd, 000273.950, 148
Trd, 000274.317, 146
Trd, 000274.517, 148
Trd, 000275.017, 148.0
Trd, 000276.167, 145
Trd, 000276.633, 148
Trd, 000277.100, 144
Trd, 000277.183, 141.0
Trd, 000277.500, 136
Trd, 000277.583, 148
Trd, 000278.400, 144
Trd, 000278.633, 145
Trd, 000278.950, 148.0
Trd, 000279.000, 151.0
Trd, 000279.167, 156
Trd, 000279.283, 155.0
Trd, 000279.383, 148.0
Trd, 000280.100, 148
Trd, 000280.500, 149
Trd, 000281.100, 147
Trd, 000282.383, 145
Trd, 000282.467, 149
Trd, 000282.683, 138
Trd, 000282.767, 149
Trd, 000283.767, 147
Trd, 000284.117, 146
Trd, 000284.383, 147
Trd, 000284.467, 145
Trd, 000284.650, 148
Trd, 000285.350, 148.0
Trd, 000285.517, 141.0
Trd, 000286.350, 142
Trd, 000286.367, 141
Trd, 000287.733, 148
Trd, 000288.083, 149
Trd, 000288.150, 151.0
Trd, 000289.117, 155
Trd, 000289.450, 148.0
Trd, 000289.617, 168.0
Trd, 000290.633, 172
Trd, 000291.133, 162
Trd, 000291.200, 151
Trd, 000291.333, 155
Trd, 000291.567, 154
Trd, 000291.717, 152
Trd, 000291.750, 158
Trd, 000291.850, 151.0
Trd, 000292.267, 148.0
Trd, 000292.500, 142.0
Trd, 000292.867, 150
Trd, 000292.900, 141.0
Trd, 000293.467, 148.0
Trd, 000293.617, 138
Trd, 000294.050, 153
Trd, 000294.483, 149
Trd, 000294.700, 151.0
Trd, 000294.950, 150
Trd, 000295.333, 151
Trd, 000295.367, 156
Trd, 000295.550, 151
Trd, 000295.683, 149
Trd, 000295.900, 153
Trd, 000296.267, 141.0
Trd, 000296.867, 146
Trd, 000298.000, 166.0
Trd, 000298.033, 168.0
Trd, 000298.350, 151.0
Trd, 000299.383, 141.0
