Trd, 000001.350, 113.0
Trd, 000001.800, 127.0
Trd, 000002.250, 142
Trd, 000002.700, 102
Trd, 000002.917, 157
Trd, 000003.233, 144.0
Trd, 000003.983, 150
Trd, 000005.000, 169.0
Trd, 000005.300, 173
Trd, 000007.050, 169.0
Trd, 000007.217, 173.0
Trd, 000007.233, 168
Trd, 000007.350, 168.0
Trd, 000008.800, 169
Trd, 000009.517, 172.0
Trd, 000010.050, 170
Trd, 000011.167, 169
Trd, 000011.267, 171
Trd, 000011.500, 166
Trd, 000011.583, 165
Trd, 000011.883, 169
Trd, 000012.117, 151
Trd, 000012.650, 167
Trd, 000012.833, 146
Trd, 000013.633, 167
Trd, 000014.283, 157
Trd, 000014.717, 158
Trd, 000014.917, 157
Trd, 000015.000, 165
Trd, 000015.483, 155
Trd, 000016.033, 141.0
Trd, 000016.467, 147
Trd, 000016.733, 139
Trd, 000018.700, 151
Trd, 000018.967, 165.0
Trd, 000019.417, 149
Trd, 000021.183, 152
Trd, 000021.633, 152
Trd, 000021.933, 151
Trd, 000022.833, 150
Trd, 000023.500, 154
Trd, 000024.217, 153
Trd, 000024.300, 151
Trd, 000025.250, 155
Trd, 000025.733, 152
Trd, 000025.783, 157
Trd, 000026.333, 153
Trd, 000027.050, 159
Trd, 000027.117, 152
Trd, 000028.433, 155
Trd, 000029.017, 154
Trd, 000029.450, 156
Trd, 000029.733, 154
Trd, 000029.750, 151
Trd, 000030.817, 153
Trd, 000031.267, 155
Trd, 000031.667, 154
Trd, 000031.733, 151
Trd, 000031.817, 158
Trd, 000032.183, 151
Trd, 000033.550, 147
Trd, 000033.817, 144.0
Trd, 000034.667, 152
Trd, 000035.067, 148
Trd, 000035.167, 147
Trd, 000035.500, 153
Trd, 000035.533, 153
Trd, 000036.833, 145
Trd, 000037.517, 150
Trd, 000038.167, 150
Trd, 000038.450, 146
Trd, 000038.617, 146
Trd, 000039.250, 148
Trd, 000039.800, 151
Trd, 000039.950, 149
Trd, 000040.050, 152
Trd, 000040.233, 152
Trd, 000040.467, 163
Trd, 000041.117, 148
Trd, 000041.767, 148
Trd, 000042.167, 154
Trd, 000042.350, 149
Trd, 000042.733, 157
Trd, 000043.533, 150
Trd, 000043.917, 155
Trd, 000044.233, 149
Trd, 000044.900, 149
Trd, 000046.167, 154
Trd, 000046.433, 148
Trd, 000046.517, 158
Trd, 000047.467, 150
Trd, 000048.483, 156
Trd, 000048.583, 146
Trd, 000048.800, 144.0
Trd, 000049.083, 147
Trd, 000049.600, 147
Trd, 000050.050, 155
Trd, 000050.867, 147
Trd, 000051.317, 149
Trd, 000052.450, 152
Trd, 000052.767, 151
Trd, 000053.583, 151
Trd, 000053.933, 150
Trd, 000054.050, 152
Trd, 000054.183, 152
Trd, 000055.800, 151
Trd, 000055.883, 150
Trd, 000056.817, 151
Trd, 000057.133, 148
Trd, 000057.200, 158
Trd, 000057.367, 165.0
Trd, 000057.617, 175.0
Trd, 000058.067, 148
Trd, 000058.150, 146
Trd, 000058.383, 144.0
Trd, 000058.817, 144
Trd, 000058.967, 163
Trd, 000060.217, 145.0
Trd, 000061.117, 163
Trd, 000061.350, 160
Trd, 000062.783, 151.0
Trd, 000062.933, 157
Trd, 000063.050, 150.0
Trd, 000063.317, 150
Trd, 000063.867, 151.0
Trd, 000063.900, 141.0
Trd, 000065.033, 155
Trd, 000065.250, 151
Trd, 000066.850, 151
Trd, 000067.167, 151
Trd, 000068.500, 152
Trd, 000069.033, 151
Trd, 000069.783, 158
Trd, 000069.817, 165.0
Trd, 000070.017, 150
Trd, 000070.100, 149
Trd, 000070.183, 146
Trd, 000071.250, 149
Trd, 000071.600, 157
Trd, 000071.933, 158
Trd, 000072.183, 150
Trd, 000073.117, 153
Trd, 000073.667, 152
Trd, 000073.867, 155
Trd, 000074.017, 150
Trd, 000074.200, 150
Trd, 000074.283, 149
Trd, 000074.867, 149
Trd, 000075.883, 147
Trd, 000076.900, 155
Trd, 000077.283, 148
Trd, 000078.417, 154
Trd, 000078.967, 153
Trd, 000079.450, 153
Trd, 000079.517, 152
Trd, 000079.583, 158
Trd, 000080.517, 152
Trd, 000081.283, 151
Trd, 000081.550, 150
Trd, 000081.600, 152
Trd, 000082.650, 147
Trd, 000082.750, 144.0
Trd, 000083.517, 151
Trd, 000083.750, 151
Trd, 000083.933, 148
Trd, 000084.233, 148
Trd, 000084.550, 165.0
Trd, 000086.217, 150
Trd, 000087.250, 151
Trd, 000087.300, 150
Trd, 000087.633, 153
Trd, 000087.917, 150
Trd, 000088.617, 149
Trd, 000088.850, 152
Trd, 000089.933, 149
Trd, 000090.367, 150
Trd, 000090.533, 147
Trd, 000091.583, 150
Trd, 000091.950, 152
Trd, 000092.717, 152
Trd, 000093.150, 151
Trd, 000093.417, 151
Trd, 000093.567, 150
Trd, 000093.850, 158
Trd, 000094.733, 168.0
Trd, 000095.217, 158
Trd, 000095.750, 147
Trd, 000095.867, 151
Trd, 000096.067, 146
Trd, 000096.633, 146.0
Trd, 000096.800, 147
Trd, 000097.017, 148
Trd, 000098.650, 151
Trd, 000098.717, 144.0
Trd, 000098.867, 147
Trd, 000099.683, 148
Trd, 000099.983, 147
Trd, 000100.267, 147
Trd, 000101.183, 147
Trd, 000101.483, 147
Trd, 000101.983, 145
Trd, 000102.067, 142.0
Trd, 000102.917, 149
Trd, 000103.350, 149
Trd, 000103.917, 143.0
Trd, 000103.983, 142
Trd, 000104.417, 151
Trd, 000105.033, 146
Trd, 000105.183, 144.0
Trd, 000106.417, 144
Trd, 000106.967, 148
Trd, 000107.250, 151
Trd, 000107.767, 148
Trd, 000108.133, 157
Trd, 000108.167, 148
Trd, 000108.450, 146
Trd, 000108.667, 145
Trd, 000110.033, 142.0
Trd, 000110.400, 141.0
Trd, 000110.733, 151
Trd, 000111.317, 144.0
Trd, 000112.633, 146
Trd, 000113.283, 146
Trd, 000113.850, 147
Trd, 000114.067, 145
Trd, 000114.750, 149
Trd, 000114.850, 149
Trd, 000115.017, 158
Trd, 000115.733, 165.0
Trd, 000115.750, 152
Trd, 000116.500, 155
Trd, 000117.000, 152
Trd, 000117.217, 148
Trd, 000119.067, 149
Trd, 000119.150, 148
Trd, 000119.467, 148
Trd, 000120.433, 150
Trd, 000120.583, 147
Trd, 000120.817, 147
Trd, 000121.317, 148
Trd, 000121.517, 148
Trd, 000121.950, 152
Trd, 000121.967, 148
Trd, 000122.217, 147
Trd, 000123.000, 157
Trd, 000123.150, 162
Trd, 000123.200, 146
Trd, 000123.517, 160
Trd, 000124.867, 150
Trd, 000125.050, 144.0
Trd, 000125.817, 150
Trd, 000126.283, 147
Trd, 000126.617, 155
Trd, 000126.883, 153
Trd, 000127.217, 158
Trd, 000127.517, 153
Trd, 000128.033, 141.0
Trd, 000128.050, 137.0
Trd, 000128.250, 120.0
Trd, 000128.417, 145
Trd, 000129.450, 149
Trd, 000130.050, 143
Trd, 000130.600, 148
Trd, 000131.233, 144
Trd, 000131.883, 144
Trd, 000132.050, 143
Trd, 000132.400, 142
Trd, 000132.833, 141.0
Trd, 000133.483, 144
Trd, 000133.583, 146
Trd, 000133.700, 148
Trd, 000133.883, 141
Trd, 000134.550, 146
Trd, 000135.800, 146
Trd, 000136.117, 152
Trd, 000136.933, 144.0
Trd, 000138.883, 152
Trd, 000139.283, 152
Trd, 000139.333, 148
Trd, 000139.933, 148
Trd, 000140.100, 147
Trd, 000140.367, 154
Trd, 000141.683, 152
Trd, 000142.467, 151
Trd, 000142.617, 161
Trd, 000142.917, 153
Trd, 000143.000, 149
Trd, 000143.133, 147
Trd, 000143.200, 146
Trd, 000143.517, 155
Trd, 000144.783, 146
Trd, 000146.167, 148.0
Trd, 000146.383, 151
Trd, 000147.217, 150.0
Trd, 000147.283, 149.0
Trd, 000147.550, 149
Trd, 000147.633, 152
Trd, 000147.767, 147
Trd, 000147.867, 147
Trd, 000149.317, 146
Trd, 000150.450, 148
Trd, 000150.800, 149
Trd, 000151.017, 151
Trd, 000151.117, 148.0
Trd, 000151.533, 148.0
Trd, 000151.800, 150
Trd, 000151.833, 148
Trd, 000152.717, 147
Trd, 000152.733, 160
Trd, 000153.083, 147
Trd, 000153.350, 162.0
Trd, 000153.600, 144.0
Trd, 000154.800, 142.0
Trd, 000155.750, 151
Trd, 000156.317, 148
Trd, 000156.867, 150
Trd, 000158.067, 147
Trd, 000158.450, 165.0
Trd, 000158.717, 175.0
Trd, 000158.983, 175
Trd, 000159.633, 153
Trd, 000159.900, 155
Trd, 000161.017, 154
Trd, 000161.050, 154
Trd, 000161.333, 152
Trd, 000163.483, 147
Trd, 000163.833, 147
Trd, 000164.483, 151
Trd, 000164.500, 150
Trd, 000165.383, 149
Trd, 000165.483, 151
Trd, 000165.983, 148
Trd, 000166.183, 152
Trd, 000166.333, 152
Trd, 000166.600, 148
Trd, 000166.683, 146
Trd, 000167.567, 159
Trd, 000168.000, 165.0
Trd, 000168.050, 149
Trd, 000168.333, 150
Trd, 000170.200, 154
Trd, 000170.533, 153
Trd, 000170.817, 153
Trd, 000171.300, 155
Trd, 000171.483, 155
Trd, 000174.067, 155
Trd, 000174.283, 156
Trd, 000174.733, 153
Trd, 000174.783, 142
Trd, 000174.817, 172
Trd, 000174.917, 141.0
Trd, 000175.267, 137.0
Trd, 000176.217, 157
Trd, 000176.400, 150
Trd, 000177.083, 156
Trd, 000178.967, 151
Trd, 000179.483, 156
Trd, 000180.267, 151
Trd, 000180.450, 150
Trd, 000182.400, 152
Trd, 000182.633, 152
Trd, 000182.783, 149
Trd, 000182.833, 151
Trd, 000183.000, 154
Trd, 000184.200, 151
Trd, 000184.667, 151
Trd, 000185.133, 151
Trd, 000185.367, 156
Trd, 000185.467, 151
Trd, 000185.817, 150
Trd, 000185.917, 147
Trd, 000186.150, 158
Trd, 000186.967, 154
Trd, 000187.750, 147
Trd, 000188.050, 153
Trd, 000188.267, 165.0
Trd, 000188.533, 148
Trd, 000188.733, 147
Trd, 000189.700, 149
Trd, 000190.017, 147
Trd, 000190.050, 157
Trd, 000191.117, 149
Trd, 000191.333, 157
Trd, 000191.650, 159
Trd, 000191.833, 146.0
Trd, 000192.033, 161
Trd, 000192.767, 144.0
Trd, 000193.083, 159
Trd, 000193.150, 153
Trd, 000195.883, 155
Trd, 000195.967, 151
Trd, 000196.650, 154
Trd, 000197.033, 154
Trd, 000197.350, 159
Trd, 000197.783, 160
Trd, 000198.133, 160
Trd, 000198.833, 158
Trd, 000198.867, 154
Trd, 000199.233, 154
Trd, 000199.850, 146
Trd, 000201.367, 154
Trd, 000201.467, 152
Trd, 000201.817, 151
Trd, 000202.533, 152
Trd, 000203.200, 151
Trd, 000203.300, 151
Trd, 000203.933, 151
Trd, 000204.383, 150
Trd, 000204.450, 152
Trd, 000205.417, 151
Trd, 000205.467, 152
Trd, 000206.233, 158
Trd, 000206.983, 153
Trd, 000207.017, 149
Trd, 000207.167, 148
Trd, 000207.400, 150
Trd, 000207.733, 147
Trd, 000209.200, 152
Trd, 000210.283, 151
Trd, 000210.567, 150
Trd, 000211.000, 149
Trd, 000211.300, 152
Trd, 000211.350, 148
Trd, 000212.233, 147
Trd, 000213.417, 151
Trd, 000213.883, 146
Trd, 000214.533, 148
Trd, 000215.133, 147
Trd, 000215.200, 147
Trd, 000215.850, 150
Trd, 000216.183, 151
Trd, 000216.283, 150
Trd, 000216.967, 152
Trd, 000217.200, 178
Trd, 000218.100, 147
Trd, 000218.350, 146
Trd, 000218.850, 144.0
Trd, 000219.250, 149
Trd, 000219.683, 151
Trd, 000219.933, 151
Trd, 000220.300, 152
Trd, 000220.433, 158
Trd, 000220.700, 150
Trd, 000220.950, 149
Trd, 000222.200, 148
Trd, 000223.433, 149
Trd, 000223.500, 149
Trd, 000224.117, 151
Trd, 000224.150, 159
Trd, 000224.433, 150
Trd, 000224.900, 147
Trd, 000225.400, 148
Trd, 000226.517, 153
Trd, 000227.033, 148
Trd, 000227.200, 165.0
Trd, 000227.267, 148
Trd, 000228.717, 173
Trd, 000228.733, 146
Trd, 000229.950, 147
Trd, 000230.100, 146
Trd, 000230.117, 146
Trd, 000230.767, 145
Trd, 000231.817, 157
Trd, 000232.233, 155
Trd, 000232.267, 146
Trd, 000232.867, 151
Trd, 000233.183, 146
Trd, 000233.250, 146.0
Trd, 000233.950, 149
Trd, 000234.200, 150
Trd, 000234.833, 146
Trd, 000235.567, 145
Trd, 000236.800, 147
Trd, 000237.367, 150
Trd, 000238.117, 151
Trd, 000238.300, 150
Trd, 000238.600, 150
Trd, 000238.633, 149
Trd, 000238.650, 149
Trd, 000239.250, 151
Trd, 000240.200, 149
Trd, 000240.450, 148
Trd, 000240.500, 149
Trd, 000240.583, 147
Trd, 000240.767, 144.0
Trd, 000241.533, 136
Trd, 000242.017, 146
Trd, 000242.167, 145
Trd, 000244.283, 147
Trd, 000244.367, 144
Trd, 000244.733, 145
Trd, 000244.983, 148
Trd, 000245.450, 148
Trd, 000245.750, 147
Trd, 000245.800, 149
Trd, 000246.133, 149
Trd, 000246.550, 146
Trd, 000246.733, 150
Trd, 000247.217, 150
Trd, 000247.283, 151
Trd, 000247.350, 152.0
Trd, 000248.100, 150
Trd, 000248.783, 150
Trd, 000249.450, 150
Trd, 000249.867, 149
Trd, 000249.933, 152.0
Trd, 000249.967, 144.0
Trd, 000250.800, 146
Trd, 000250.833, 152
Trd, 000250.883, 141.0
Trd, 000251.467, 152
Trd, 000251.583, 149
Trd, 000251.833, 139.0
Trd, 000252.000, 138.0
Trd, 000252.733, 155.0
Trd, 000252.967, 145
Trd, 000253.700, 152
Trd, 000254.283, 153
Trd, 000254.483, 150
Trd, 000254.917, 151
Trd, 000255.200, 150
Trd, 000255.450, 149
Trd, 000255.967, 153
Trd, 000255.983, 150
Trd, 000257.000, 147
Trd, 000257.033, 147
Trd, 000257.050, 147
Trd, 000257.350, 145
Trd, 000257.800, 144.0
Trd, 000257.933, 149
Trd, 000258.150, 143
Trd, 000258.550, 146
Trd, 000258.717, 152
Trd, 000259.567, 149.0
Trd, 000260.000, 146.0
Trd, 000260.417, 150
Trd, 000260.583, 151
Trd, 000261.017, 155.0
Trd, 000261.033, 158
Trd, 000261.367, 153
Trd, 000261.733, 153
Trd, 000262.467, 157
Trd, 000263.250, 161
Trd, 000263.550, 162
Trd, 000263.700, 158.0
Trd, 000263.900, 154
Trd, 000263.917, 155
Trd, 000264.333, 158
Trd, 000264.450, 145.0
Trd, 000265.200, 153
Trd, 000265.600, 146
Trd, 000266.033, 145
Trd, 000266.617, 140.0
Trd, 000267.133, 137.0
Trd, 000267.233, 155.0
Trd, 000267.867, 148
Trd, 000268.017, 146
Trd, 000268.600, 150
Trd, 000268.667, 151
Trd, 000269.000, 155
Trd, 000269.917, 153
Trd, 000270.400, 154
Trd, 000270.600, 156
Trd, 000270.967, 154
Trd, 000271.200, 158
Trd, 000271.217, 153
Trd, 000271.450, 151
Trd, 000272.267, 152
Trd, 000273.050, 151
Trd, 000273.233, 157
Trd, 000274.450, 153
Trd, 000275.400, 154
Trd, 000275.617, 153
Trd, 000275.850, 156
Trd, 000275.917, 152
Trd, 000275.983, 157
Trd, 000276.200, 152
Trd, 000276.750, 149
Trd, 000276.950, 147
Trd, 000276.967, 144.0
Trd, 000277.050, 153
Trd, 000277.183, 155.0
Trd, 000277.550, 158
Trd, 000278.300, 152
Trd, 000278.533, 151
Trd, 000279.383, 155.0
Trd, 000279.783, 155
Trd, 000279.933, 151
Trd, 000280.433, 156
Trd, 000280.583, 155
Trd, 000281.083, 147
Trd, 000281.317, 142.0
Trd, 000281.533, 146
Trd, 000282.000, 150.0
Trd, 000282.183, 145
Trd, 000282.750, 155.0
Trd, 000282.917, 158
Trd, 000283.267, 156.0
Trd, 000283.667, 160
Trd, 000284.050, 152
Trd, 000284.683, 153
Trd, 000285.283, 149
Trd, 000285.533, 151
Trd, 000286.333, 148
Trd, 000286.450, 147
Trd, 000286.667, 144.0
Trd, 000286.950, 142.0
Trd, 000287.350, 151
Trd, 000288.267, 152
Trd, 000288.317, 154
Trd, 000288.950, 155.0
Trd, 000289.083, 145.0
Trd, 000289.300, 145
Trd, 000289.967, 144.0
Trd, 000290.000, 144
Trd, 000290.083, 143
Trd, 000290.183, 154
Trd, 000290.317, 158
Trd, 000290.533, 143
Trd, 000291.350, 142
Trd, 000291.517, 141.0
Trd, 000291.933, 151
Trd, 000292.117, 141
Trd, 000292.400, 152
Trd, 000292.650, 144
Trd, 000293.350, 148
Trd, 000294.567, 147
Trd, 000295.250, 151
Trd, 000295.333, 145
Trd, 000295.467, 155.0
Trd, 000296.617, 144
Trd, 000296.867, 144.0
Trd, 000297.067, 142
Trd, 000297.567, 157
Trd, 000298.050, 146
Trd, 000298.150, 149
Trd, 000298.983, 146
Trd, 000299.083, 145
Trd, 000299.667, 157
Trd, 000299.717, 144.0
Trd, 000299.750, 157
