Trd, 000002.767, 157
Trd, 000002.833, 157.0
Trd, 000003.017, 158
Trd, 000004.700, 160.0
Trd, 000004.983, 157
Trd, 000005.083, 158
Trd, 000005.367, 157
Trd, 000005.450, 155.0
Trd, 000006.050, 156
Trd, 000006.117, 154
Trd, 000007.033, 155
Trd, 000007.317, 156
Trd, 000007.450, 157
Trd, 000008.000, 155
Trd, 000008.617, 157
Trd, 000009.867, 158.0
Trd, 000010.200, 161.0
Trd, 000011.783, 160
Trd, 000011.833, 162.0
Trd, 000012.867, 167
Trd, 000013.650, 179
Trd, 000014.350, 162
Trd, 000014.450, 160
Trd, 000014.967, 161
Trd, 000015.950, 158.0
Trd, 000016.800, 161
Trd, 000016.917, 162
Trd, 000017.600, 162
Trd, 000017.917, 160
Trd, 000018.017, 164
Trd, 000018.617, 161
Trd, 000020.150, 161
Trd, 000020.400, 160
Trd, 000020.850, 160
Trd, 000021.733, 160
Trd, 000022.567, 160
Trd, 000023.333, 159
Trd, 000023.717, 158
Trd, 000024.533, 159
Trd, 000024.917, 159
Trd, 000025.067, 158.0
Trd, 000025.150, 143
Trd, 000025.567, 159
Trd, 000027.000, 141.0
Trd, 000027.767, 155.0
Trd, 000028.083, 158
Trd, 000028.800, 152
Trd, 000029.083, 156.0
Trd, 000029.733, 156.0
Trd, 000030.167, 155
Trd, 000030.950, 156
Trd, 000031.983, 157
Trd, 000032.250, 160.0
Trd, 000033.017, 155
Trd, 000034.683, 157.0
Trd, 000035.083, 156
Trd, 000036.167, 155.0
Trd, 000036.450, 155
Trd, 000037.167, 155
Trd, 000037.733, 155
Trd, 000037.967, 158.0
Trd, 000038.367, 157
Trd, 000038.600, 158.0
Trd, 000038.650, 154
Trd, 000039.617, 157
Trd, 000040.767, 159.0
Trd, 000041.317, 160.0
Trd, 000041.517, 168
Trd, 000042.383, 159
Trd, 000042.800, 159
Trd, 000042.983, 157
Trd, 000043.300, 157
Trd, 000044.050, 161
Trd, 000044.383, 160.0
Trd, 000046.017, 162.0
Trd, 000046.917, 159.0
Trd, 000047.800, 160
Trd, 000047.917, 158
Trd, 000048.233, 161
Trd, 000049.267, 160
Trd, 000049.950, 158.0
Trd, 000050.400, 155.0
Trd, 000051.617, 156.0
Trd, 000052.883, 155
Trd, 000053.917, 156
Trd, 000054.133, 155
Trd, 000054.233, 156
Trd, 000054.733, 155
Trd, 000055.017, 155
Trd, 000055.083, 157
Trd, 000055.200, 158.0
Trd, 000056.667, 153
Trd, 000057.017, 157
Trd, 000058.200, 151
Trd, 000058.350, 156
Trd, 000059.417, 155
Trd, 000059.433, 148.0
Trd, 000059.533, 155.0
Trd, 000060.500, 155
Trd, 000061.117, 155
Trd, 000062.417, 155
Trd, 000063.167, 154
Trd, 000063.617, 153
Trd, 000063.633, 152
Trd, 000064.217, 150
Trd, 000064.467, 154
Trd, 000065.200, 154
Trd, 000065.617, 157.0
Trd, 000066.650, 157.0
Trd, 000067.117, 157.0
Trd, 000067.817, 156.0
Trd, 000068.033, 155.0
Trd, 000068.467, 154
Trd, 000069.483, 153
Trd, 000069.650, 154
Trd, 000070.550, 153
Trd, 000070.883, 153
Trd, 000072.217, 156
Trd, 000072.450, 158.0
Trd, 000073.033, 162.0
Trd, 000074.517, 157.0
Trd, 000074.583, 155.0
Trd, 000075.000, 157
Trd, 000075.333, 156
Trd, 000075.467, 157
Trd, 000076.100, 159
Trd, 000077.600, 160
Trd, 000078.567, 159
Trd, 000078.650, 161
Trd, 000079.183, 158
Trd, 000079.283, 158.0
Trd, 000079.500, 159
Trd, 000079.933, 157
Trd, 000080.050, 160
Trd, 000080.450, 157
Trd, 000081.233, 157.0
Trd, 000083.867, 160
Trd, 000084.050, 158
Trd, 000085.683, 159
Trd, 000085.767, 159
Trd, 000086.283, 159
Trd, 000086.650, 158.0
Trd, 000086.700, 159
Trd, 000087.033, 159.0
Trd, 000088.450, 158.0
Trd, 000088.767, 158
Trd, 000089.050, 157
Trd, 000089.500, 155.0
Trd, 000089.900, 155
Trd, 000090.917, 155
Trd, 000092.067, 154
Trd, 000092.817, 155
Trd, 000093.100, 161.0
Trd, 000093.333, 153
Trd, 000093.817, 154
Trd, 000094.050, 155
Trd, 000094.750, 156
Trd, 000095.467, 154
Trd, 000095.533, 158.0
Trd, 000096.417, 157
Trd, 000096.483, 156
Trd, 000096.983, 159.0
Trd, 000097.017, 160
Trd, 000097.550, 158.0
Trd, 000097.950, 156
Trd, 000098.983, 162.0
Trd, 000100.067, 162.0
Trd, 000100.283, 162
Trd, 000102.767, 161
Trd, 000102.900, 160
Trd, 000104.117, 159
Trd, 000104.150, 155.0
Trd, 000104.517, 160.0
Trd, 000104.733, 161.0
Trd, 000106.283, 159
Trd, 000106.450, 158.0
Trd, 000106.750, 157
Trd, 000107.317, 155.0
Trd, 000107.400, 159
Trd, 000108.567, 156
Trd, 000109.383, 156
Trd, 000109.583, 157
Trd, 000110.617, 156
Trd, 000110.783, 158.0
Trd, 000111.700, 157
Trd, 000111.767, 156.0
Trd, 000112.383, 171
Trd, 000112.767, 161
Trd, 000113.083, 159.0
Trd, 000113.467, 161.0
Trd, 000114.283, 158.0
Trd, 000114.867, 158
Trd, 000115.967, 156
Trd, 000116.583, 159
Trd, 000116.900, 160
Trd, 000118.150, 159
Trd, 000119.417, 158
Trd, 000120.183, 158.0
Trd, 000120.567, 158
Trd, 000120.967, 159
Trd, 000121.267, 160
Trd, 000121.400, 158.0
Trd, 000122.400, 155.0
Trd, 000123.417, 160
Trd, 000123.600, 160
Trd, 000124.033, 148.0
Trd, 000124.083, 161.0
Trd, 000125.033, 158.0
Trd, 000125.883, 157.0
Trd, 000125.933, 156.0
Trd, 000126.100, 160
Trd, 000126.717, 160
Trd, 000128.350, 157
Trd, 000129.667, 157
Trd, 000129.967, 158
Trd, 000130.883, 160
Trd, 000131.350, 158
Trd, 000131.700, 158.0
Trd, 000132.017, 159
Trd, 000132.217, 158
Trd, 000133.933, 159
Trd, 000134.100, 158
Trd, 000134.350, 160
Trd, 000134.517, 162.0
Trd, 000136.050, 159
Trd, 000136.500, 159
Trd, 000137.333, 162
Trd, 000137.533, 159
Trd, 000138.517, 162.0
Trd, 000139.017, 161
Trd, 000139.800, 159.0
Trd, 000140.317, 158.0
Trd, 000140.583, 159
Trd, 000140.983, 158
Trd, 000141.150, 156.0
Trd, 000141.833, 158
Trd, 000143.250, 156.0
Trd, 000143.617, 155.0
Trd, 000144.067, 156
Trd, 000144.750, 157
Trd, 000145.033, 158.0
Trd, 000145.883, 157
Trd, 000146.250, 158
Trd, 000146.883, 158
Trd, 000147.483, 169
Trd, 000148.500, 161
Trd, 000149.067, 160
Trd, 000149.250, 160
Trd, 000150.250, 161.0
Trd, 000150.400, 161
Trd, 000150.700, 158.0
Trd, 000151.000, 161
Trd, 000151.117, 160
Trd, 000153.200, 161
Trd, 000154.000, 159
Trd, 000154.233, 159
Trd, 000155.433, 160
Trd, 000155.600, 159
Trd, 000155.833, 158.0
Trd, 000156.033, 156
Trd, 000156.817, 160
Trd, 000158.033, 157.0
Trd, 000158.417, 156
Trd, 000159.250, 155.0
Trd, 000159.300, 156
Trd, 000160.767, 152
Trd, 000160.833, 153
Trd, 000160.900, 153
Trd, 000161.550, 151
Trd, 000162.350, 150
Trd, 000162.600, 151
Trd, 000162.683, 153
Trd, 000163.017, 154
Trd, 000163.700, 152
Trd, 000164.050, 154
Trd, 000164.617, 155
Trd, 000165.317, 155.0
Trd, 000165.883, 152
Trd, 000166.283, 154
Trd, 000167.083, 156
Trd, 000168.167, 150.0
Trd, 000168.733, 154
Trd, 000169.533, 153
Trd, 000169.550, 155
Trd, 000171.450, 153
Trd, 000171.700, 154
Trd, 000171.800, 153
Trd, 000172.383, 155
Trd, 000173.183, 155
Trd, 000173.500, 154
Trd, 000174.350, 156.0
Trd, 000174.567, 158.0
Trd, 000175.183, 158
Trd, 000175.633, 156
Trd, 000176.400, 162.0
Trd, 000177.333, 158
Trd, 000178.167, 155.0
Trd, 000178.483, 156
Trd, 000179.483, 157.0
Trd, 000179.750, 158.0
Trd, 000181.017, 158
Trd, 000181.150, 157
Trd, 000181.350, 157
Trd, 000181.483, 158
Trd, 000181.817, 158.0
Trd, 000182.567, 158
Trd, 000182.583, 156
Trd, 000183.850, 158
Trd, 000184.650, 159
Trd, 000185.583, 159
Trd, 000185.883, 185
Trd, 000187.033, 161.0
Trd, 000187.333, 160
Trd, 000187.683, 160
Trd, 000188.350, 160
Trd, 000189.317, 158
Trd, 000190.567, 156.0
Trd, 000191.033, 156
Trd, 000191.217, 157
Trd, 000191.750, 158
Trd, 000192.250, 158.0
Trd, 000192.417, 157.0
Trd, 000193.517, 159
Trd, 000195.200, 156
Trd, 000195.783, 155.0
Trd, 000195.833, 158
Trd, 000196.100, 158
Trd, 000196.600, 158
Trd, 000197.633, 155
Trd, 000197.683, 155
Trd, 000197.983, 154
Trd, 000198.150, 148.0
Trd, 000199.150, 152
Trd, 000199.567, 151
Trd, 000201.083, 151
Trd, 000201.450, 151
Trd, 000201.783, 155
Trd, 000201.800, 157.0
Trd, 000202.867, 155
Trd, 000204.633, 152
Trd, 000204.900, 154
Trd, 000205.133, 154
Trd, 000205.183, 153
Trd, 000205.567, 152
Trd, 000206.217, 155
Trd, 000206.300, 158.0
Trd, 000208.117, 156
Trd, 000208.417, 162.0
Trd, 000208.500, 155.0
Trd, 000208.767, 158.0
Trd, 000209.667, 161
Trd, 000210.333, 181
Trd, 000210.667, 168.0
Trd, 000211.133, 167
Trd, 000212.017, 165
Trd, 000213.083, 158.0
Trd, 000213.733, 154
Trd, 000214.267, 155
Trd, 000214.433, 155
Trd, 000214.783, 155
Trd, 000215.433, 156.0
Trd, 000216.200, 158.0
Trd, 000217.467, 158.0
Trd, 000217.750, 158
Trd, 000217.817, 155
Trd, 000218.083, 158
Trd, 000218.833, 157.0
Trd, 000219.100, 156.0
Trd, 000219.667, 156
Trd, 000219.867, 157
Trd, 000220.350, 159
Trd, 000220.367, 159
Trd, 000220.867, 158
Trd, 000222.133, 159
Trd, 000222.333, 159
Trd, 000223.250, 162.0
Trd, 000224.667, 159.0
Trd, 000225.150, 160
Trd, 000225.867, 160.0
Trd, 000226.400, 161.0
Trd, 000226.583, 160.0
Trd, 000226.867, 160.0
Trd, 000227.133, 158.0
Trd, 000227.650, 148.0
Trd, 000228.583, 157
Trd, 000228.917, 155.0
Trd, 000229.550, 154
Trd, 000229.867, 155
Trd, 000230.467, 158.0
Trd, 000230.483, 162.0
Trd, 000231.383, 167
Trd, 000231.700, 166
Trd, 000232.767, 165
Trd, 000232.983, 165
Trd, 000233.083, 148.0
Trd, 000233.133, 162
Trd, 000233.600, 165
Trd, 000234.667, 162
Trd, 000236.100, 159
Trd, 000236.383, 159
Trd, 000237.083, 161.0
Trd, 000237.500, 160
Trd, 000237.867, 160.0
Trd, 000238.183, 160
Trd, 000238.600, 158.0
Trd, 000239.167, 157
Trd, 000239.433, 160
Trd, 000239.917, 156
Trd, 000240.500, 158.0
Trd, 000240.700, 157.0
Trd, 000241.483, 156.0
Trd, 000241.500, 155.0
Trd, 000242.217, 154
Trd, 000242.517, 153
Trd, 000242.700, 155
Trd, 000242.783, 151.0
Trd, 000243.367, 161
Trd, 000243.817, 158.0
Trd, 000244.500, 153
Trd, 000245.017, 148
Trd, 000245.317, 144
Trd, 000245.700, 144
Trd, 000246.100, 145
Trd, 000246.950, 146
Trd, 000247.600, 145
Trd, 000247.983, 144
Trd, 000248.450, 143
Trd, 000248.550, 141.0
Trd, 000249.700, 144
Trd, 000249.817, 146
Trd, 000249.933, 145
Trd, 000250.033, 141.0
Trd, 000250.683, 143.0
Trd, 000250.983, 142
Trd, 000251.067, 146.0
Trd, 000251.117, 148.0
Trd, 000251.983, 151
Trd, 000252.000, 157.0
Trd, 000252.033, 149
Trd, 000252.100, 158.0
Trd, 000253.467, 158.0
Trd, 000253.950, 162.0
Trd, 000254.533, 163
Trd, 000255.717, 165
Trd, 000256.150, 162
Trd, 000256.233, 163
Trd, 000256.383, 160
Trd, 000256.483, 158.0
Trd, 000256.583, 155.0
Trd, 000257.217, 151.0
Trd, 000257.267, 153
Trd, 000259.683, 152
Trd, 000259.867, 151.0
Trd, 000259.933, 155
Trd, 000260.150, 152
Trd, 000261.267, 153.0
Trd, 000261.300, 152
Trd, 000261.333, 153
Trd, 000261.550, 152
Trd, 000262.233, 152
Trd, 000262.933, 152
Trd, 000263.017, 153
Trd, 000263.117, 151
Trd, 000263.183, 154
Trd, 000263.433, 155
Trd, 000263.500, 144
Trd, 000264.517, 155
Trd, 000264.967, 152
Trd, 000266.217, 152
Trd, 000267.200, 149
Trd, 000267.467, 150
Trd, 000267.800, 151
Trd, 000268.167, 151
Trd, 000268.233, 151
Trd, 000268.617, 152.0
Trd, 000269.233, 152
Trd, 000269.550, 156.0
Trd, 000269.833, 152
Trd, 000270.050, 158.0
Trd, 000270.233, 156
Trd, 000271.017, 153.0
Trd, 000271.267, 150.0
Trd, 000271.600, 151
Trd, 000273.017, 148.0
Trd, 000273.383, 151
Trd, 000273.750, 150
Trd, 000274.017, 149
Trd, 000274.250, 150
Trd, 000274.417, 149
Trd, 000274.667, 152
Trd, 000274.950, 154
Trd, 000275.817, 153
Trd, 000276.183, 155.0
Trd, 000276.367, 150
Trd, 000276.550, 150
Trd, 000276.583, 150
Trd, 000277.617, 153.0
Trd, 000277.750, 151.0
Trd, 000278.133, 150.0
Trd, 000278.167, 154.0
Trd, 000279.050, 150.0
Trd, 000279.333, 149
Trd, 000280.017, 155.0
Trd, 000280.917, 154
Trd, 000281.100, 155
Trd, 000281.733, 152.0
Trd, 000282.000, 154
Trd, 000282.133, 154
Trd, 000282.333, 155
Trd, 000282.717, 154
Trd, 000283.133, 156
Trd, 000283.217, 158.0
Trd, 000283.233, 155.0
Trd, 000283.650, 151.0
Trd, 000285.150, 152
Trd, 000285.700, 151
Trd, 000286.350, 152.0
Trd, 000286.733, 151.0
Trd, 000287.183, 150
Trd, 000287.700, 148
Trd, 000289.000, 152
Trd, 000289.167, 152
Trd, 000289.200, 151
Trd, 000289.267, 151
Trd, 000289.683, 152
Trd, 000289.800, 150
Trd, 000289.950, 151.0
Trd, 000290.100, 152
Trd, 000290.217, 151
Trd, 000291.100, 152
Trd, 000291.233, 158.0
Trd, 000292.800, 160
Trd, 000293.083, 160.0
Trd, 000293.100, 158.0
Trd, 000293.950, 157
Trd, 000295.117, 157
Trd, 000295.133, 153
Trd, 000295.317, 158.0
Trd, 000295.583, 158
Trd, 000295.617, 148.0
Trd, 000296.333, 141.0
Trd, 000296.383, 147.0
Trd, 000296.700, 148.0
Trd, 000296.817, 152
Trd, 000296.833, 157
Trd, 000297.333, 162.0
Trd, 000297.750, 146
Trd, 000298.583, 160
Trd, 000298.683, 175.0
