Trd, 000001.100, 124.0
Trd, 000001.567, 165.0
Trd, 000001.950, 117.0
Trd, 000002.583, 151.0
Trd, 000004.183, 182.0
Trd, 000005.383, 166
Trd, 000005.850, 174.0
Trd, 000006.267, 152
Trd, 000006.517, 166
Trd, 000007.033, 152.0
Trd, 000007.250, 151.0
Trd, 000008.167, 152
Trd, 000009.900, 164
Trd, 000010.333, 158
Trd, 000010.500, 163
Trd, 000010.750, 165
Trd, 000010.983, 131.0
Trd, 000011.467, 136
Trd, 000012.233, 141
Trd, 000012.567, 132
Trd, 000012.583, 142
Trd, 000013.300, 124.0
Trd, 000013.667, 173.0
Trd, 000014.300, 158
Trd, 000014.583, 156
Trd, 000014.733, 151.0
Trd, 000015.217, 140
Trd, 000015.750, 149
Trd, 000016.067, 140
Trd, 000016.200, 149
Trd, 000016.767, 129
Trd, 000016.867, 167
Trd, 000017.233, 169
Trd, 000018.400, 166.0
Trd, 000019.100, 165.0
Trd, 000019.650, 160
Trd, 000020.833, 151.0
Trd, 000021.700, 161
Trd, 000022.617, 150
Trd, 000022.683, 143
Trd, 000022.700, 140
Trd, 000023.683, 155
Trd, 000024.550, 151.0
Trd, 000024.800, 151.0
Trd, 000025.533, 153
Trd, 000026.450, 146
Trd, 000026.600, 136
Trd, 000026.683, 143
Trd, 000026.733, 150
Trd, 000027.033, 152
Trd, 000027.983, 139
Trd, 000028.783, 125.0
Trd, 000029.600, 127.0
Trd, 000029.983, 131
Trd, 000030.450, 164
Trd, 000031.250, 151.0
Trd, 000031.767, 157
Trd, 000032.150, 143
Trd, 000032.400, 151.0
Trd, 000032.917, 150
Trd, 000032.983, 142
Trd, 000033.033, 151
Trd, 000033.267, 151
Trd, 000033.967, 150
Trd, 000035.200, 147
Trd, 000035.550, 149
Trd, 000035.867, 145
Trd, 000036.100, 160
Trd, 000036.283, 146
Trd, 000037.100, 143
Trd, 000037.200, 152
Trd, 000038.333, 148
Trd, 000039.650, 142
Trd, 000040.000, 151.0
Trd, 000040.750, 136
Trd, 000042.233, 141
Trd, 000042.617, 139
Trd, 000043.467, 142
Trd, 000044.067, 137
Trd, 000044.317, 141
Trd, 000044.933, 136
Trd, 000044.983, 140
Trd, 000045.467, 141
Trd, 000045.650, 134
Trd, 000046.433, 151.0
Trd, 000046.483, 165
Trd, 000046.867, 172.0
Trd, 000047.783, 166.0
Trd, 000048.283, 171
Trd, 000048.367, 165.0
Trd, 000049.967, 152.0
Trd, 000051.467, 151.0
Trd, 000051.917, 151
Trd, 000052.033, 152
Trd, 000052.250, 153
Trd, 000052.283, 150
Trd, 000053.050, 154
Trd, 000054.567, 150.0
Trd, 000054.600, 151
Trd, 000054.717, 143
Trd, 000054.783, 131.0
Trd, 000055.533, 142
Trd, 000055.667, 150.0
Trd, 000057.150, 141
Trd, 000057.183, 135
Trd, 000057.300, 150.0
Trd, 000057.567, 130
Trd, 000057.650, 151.0
Trd, 000058.750, 145
Trd, 000059.383, 146
Trd, 000059.417, 135
Trd, 000059.733, 149.0
Trd, 000060.117, 150.0
Trd, 000060.467, 151.0
Trd, 000060.917, 165
Trd, 000062.117, 151.0
Trd, 000062.883, 142
Trd, 000063.117, 151
Trd, 000063.967, 148
Trd, 000064.050, 149
Trd, 000065.450, 149
Trd, 000065.583, 143
Trd, 000065.733, 131
Trd, 000066.217, 151.0
Trd, 000066.683, 149
Trd, 000066.817, 131
Trd, 000067.050, 165
Trd, 000067.067, 144
Trd, 000067.150, 151.0
Trd, 000068.600, 148
Trd, 000069.967, 161
Trd, 000070.283, 161
Trd, 000071.317, 149
Trd, 000071.483, 155
Trd, 000071.650, 155
Trd, 000071.917, 165
Trd, 000073.367, 147
Trd, 000074.233, 150.0
Trd, 000075.317, 150
Trd, 000075.800, 150
Trd, 000078.317, 143
Trd, 000079.083, 145
Trd, 000079.317, 144
Trd, 000079.550, 131.0
Trd, 000079.717, 145
Trd, 000079.750, 145
Trd, 000079.883, 146
Trd, 000080.083, 148
Trd, 000080.367, 151.0
Trd, 000080.683, 151.0
Trd, 000081.017, 156
Trd, 000082.000, 135
Trd, 000082.083, 132
Trd, 000082.300, 165
Trd, 000082.317, 172.0
Trd, 000083.050, 156
Trd, 000083.167, 135
Trd, 000083.350, 151.0
Trd, 000083.817, 138
Trd, 000084.750, 131
Trd, 000084.933, 148
Trd, 000087.150, 142
Trd, 000087.383, 137
Trd, 000088.017, 136
Trd, 000088.567, 142
Trd, 000088.850, 139
Trd, 000089.850, 136
Trd, 000090.133, 133
Trd, 000090.533, 140
Trd, 000090.917, 141
Trd, 000091.550, 131.0
Trd, 000091.683, 138
Trd, 000091.983, 138
Trd, 000092.300, 138
Trd, 000093.350, 133
Trd, 000093.600, 139
Trd, 000095.050, 150
Trd, 000095.133, 151.0
Trd, 000095.367, 169
Trd, 000096.317, 151.0
Trd, 000097.967, 144
Trd, 000099.150, 145
Trd, 000099.233, 145
Trd, 000099.300, 142
Trd, 000099.700, 143
Trd, 000099.800, 146
Trd, 000101.350, 169
Trd, 000101.433, 165.0
Trd, 000102.317, 166
Trd, 000102.333, 151.0
Trd, 000102.933, 154
Trd, 000103.050, 141
Trd, 000104.000, 154
Trd, 000104.067, 172.0
Trd, 000106.000, 134
Trd, 000106.933, 150
Trd, 000107.817, 147
Trd, 000108.067, 148
Trd, 000108.467, 141
Trd, 000108.533, 148
Trd, 000109.083, 150.0
Trd, 000109.233, 140
Trd, 000109.867, 149.0
Trd, 000110.467, 150.0
Trd, 000110.700, 146
Trd, 000111.867, 143
Trd, 000111.983, 148
Trd, 000112.233, 131
Trd, 000112.567, 131.0
Trd, 000112.583, 146
Trd, 000114.450, 124.0
Trd, 000115.900, 129
Trd, 000116.267, 137
Trd, 000116.550, 137
Trd, 000116.583, 138
Trd, 000116.900, 140
Trd, 000117.500, 139
Trd, 000117.650, 135
Trd, 000118.150, 165.0
Trd, 000118.617, 165
Trd, 000119.033, 151.0
Trd, 000119.967, 141
Trd, 000120.417, 142
Trd, 000120.567, 143
Trd, 000121.933, 164
Trd, 000122.550, 145
Trd, 000122.833, 141
Trd, 000123.500, 135
Trd, 000123.650, 132
Trd, 000124.483, 163
Trd, 000124.733, 153
Trd, 000125.167, 163
Trd, 000125.983, 153
Trd, 000126.083, 151.0
Trd, 000126.250, 159
Trd, 000126.467, 141
Trd, 000126.700, 143
Trd, 000127.567, 151
Trd, 000128.383, 149
Trd, 000128.633, 149
Trd, 000129.133, 149
Trd, 000129.400, 147
Trd, 000130.633, 142
Trd, 000131.217, 146
Trd, 000131.417, 132
Trd, 000131.633, 151.0
Trd, 000133.133, 140
Trd, 000133.583, 165
Trd, 000134.050, 172.0
Trd, 000134.183, 143
Trd, 000134.917, 143
Trd, 000135.417, 148.0
Trd, 000135.533, 149.0
Trd, 000136.300, 149
Trd, 000136.367, 150
Trd, 000136.517, 151.0
Trd, 000137.033, 161
Trd, 000137.283, 166
Trd, 000137.633, 165.0
Trd, 000138.633, 153
Trd, 000139.233, 153
Trd, 000139.317, 155
Trd, 000140.650, 152.0
Trd, 000141.317, 152
Trd, 000141.600, 151.0
Trd, 000141.867, 153
Trd, 000143.250, 143
Trd, 000144.117, 147
Trd, 000144.267, 134.0
Trd, 000144.600, 145
Trd, 000144.650, 168
Trd, 000144.883, 131.0
Trd, 000145.233, 130
Trd, 000145.367, 135
Trd, 000145.650, 149.0
Trd, 000146.033, 151.0
Trd, 000146.500, 172.0
Trd, 000146.567, 175.0
Trd, 000147.050, 151.0
Trd, 000148.917, 143
Trd, 000150.300, 143
Trd, 000150.933, 145
Trd, 000151.617, 142
Trd, 000151.750, 144
Trd, 000152.100, 140
Trd, 000152.533, 163
Trd, 000153.500, 143
Trd, 000154.550, 141
Trd, 000154.683, 142
Trd, 000155.083, 144
Trd, 000155.133, 142
Trd, 000155.850, 142
Trd, 000156.583, 144
Trd, 000157.283, 151.0
Trd, 000157.633, 147
Trd, 000157.933, 164
Trd, 000158.967, 151.0
Trd, 000161.167, 151
Trd, 000161.233, 149
Trd, 000161.500, 165
Trd, 000162.000, 148
Trd, 000162.200, 170.0
Trd, 000162.683, 142
Trd, 000162.817, 140
Trd, 000163.467, 141
Trd, 000164.917, 143
Trd, 000165.483, 142
Trd, 000165.500, 141
Trd, 000165.717, 140
Trd, 000165.750, 142
Trd, 000165.800, 143
Trd, 000166.633, 145
Trd, 000166.933, 150
Trd, 000167.567, 150.0
Trd, 000167.883, 148
Trd, 000168.550, 150.0
Trd, 000169.150, 148
Trd, 000169.417, 150.0
Trd, 000170.067, 151.0
Trd, 000170.267, 146
Trd, 000170.417, 172.0
Trd, 000170.567, 143
Trd, 000171.467, 159
Trd, 000172.467, 161
Trd, 000172.667, 151.0
Trd, 000173.083, 164
Trd, 000173.333, 164
Trd, 000173.500, 165
Trd, 000174.167, 165.0
Trd, 000174.217, 172.0
Trd, 000174.867, 154
Trd, 000175.350, 154
Trd, 000177.767, 149
Trd, 000178.400, 151.0
Trd, 000178.500, 141
Trd, 000178.533, 152
Trd, 000179.117, 150
Trd, 000179.400, 150
Trd, 000180.050, 150
Trd, 000181.433, 143
Trd, 000181.850, 143
Trd, 000182.300, 151.0
Trd, 000182.317, 145
Trd, 000182.433, 169
Trd, 000183.567, 166.0
Trd, 000184.083, 165.0
Trd, 000184.133, 168
Trd, 000184.467, 155
Trd, 000184.533, 141
Trd, 000185.950, 133
Trd, 000186.850, 144
Trd, 000187.633, 130
Trd, 000187.967, 131
Trd, 000188.100, 138
Trd, 000188.383, 138
Trd, 000189.733, 134
Trd, 000190.167, 133
Trd, 000191.300, 134
Trd, 000191.333, 131.0
Trd, 000191.417, 135
Trd, 000191.717, 151.0
Trd, 000191.767, 133
Trd, 000192.650, 151.0
Trd, 000193.067, 168
Trd, 000193.617, 169
Trd, 000193.650, 165.0
Trd, 000193.983, 131.0
Trd, 000194.333, 151
Trd, 000194.417, 151.0
Trd, 000195.483, 148
Trd, 000195.950, 147
Trd, 000196.417, 142
Trd, 000197.483, 133
Trd, 000198.433, 138
Trd, 000200.783, 137
Trd, 000201.083, 135
Trd, 000201.433, 136
Trd, 000201.883, 137
Trd, 000202.117, 137
Trd, 000202.567, 146
Trd, 000203.167, 134
Trd, 000203.233, 151.0
Trd, 000203.550, 133
Trd, 000204.067, 148
Trd, 000205.183, 163
Trd, 000205.333, 133
Trd, 000206.033, 148
Trd, 000206.117, 165
Trd, 000206.567, 149
Trd, 000206.650, 135
Trd, 000206.967, 151.0
Trd, 000209.033, 159
Trd, 000209.100, 161
Trd, 000209.750, 154.0
Trd, 000210.217, 161
Trd, 000211.433, 156
Trd, 000211.983, 157
Trd, 000212.850, 151.0
Trd, 000212.967, 152
Trd, 000213.650, 149
Trd, 000213.917, 151.0
Trd, 000214.300, 152
Trd, 000214.983, 155
Trd, 000216.100, 150
Trd, 000217.367, 138
Trd, 000217.417, 151
Trd, 000217.883, 131.0
Trd, 000218.533, 142
Trd, 000219.483, 129
Trd, 000219.500, 144
Trd, 000220.217, 143
Trd, 000220.433, 143
Trd, 000220.900, 147
Trd, 000221.833, 150.0
Trd, 000222.033, 141
Trd, 000222.233, 147
Trd, 000222.550, 150
Trd, 000223.550, 147
Trd, 000223.950, 141
Trd, 000224.267, 164
Trd, 000225.400, 149
Trd, 000225.433, 151.0
Trd, 000225.550, 148
Trd, 000225.583, 165
Trd, 000225.700, 172.0
Trd, 000225.967, 175.0
Trd, 000226.750, 179
Trd, 000227.617, 151.0
Trd, 000228.117, 164
Trd, 000228.133, 142
Trd, 000228.233, 165
Trd, 000228.433, 133
Trd, 000228.733, 169
Trd, 000229.667, 134.0
Trd, 000230.150, 150
Trd, 000230.683, 151.0
Trd, 000231.083, 132
Trd, 000231.117, 150
Trd, 000231.483, 152
Trd, 000233.317, 142
Trd, 000234.417, 131
Trd, 000234.833, 139
Trd, 000235.183, 138
Trd, 000235.333, 139
Trd, 000235.433, 140
Trd, 000235.783, 144
Trd, 000236.883, 136
Trd, 000237.017, 140
Trd, 000237.383, 151.0
Trd, 000237.667, 133.0
Trd, 000238.133, 152
Trd, 000238.317, 131
Trd, 000238.367, 155
Trd, 000239.383, 155
Trd, 000239.550, 156
Trd, 000239.750, 142
Trd, 000239.783, 159
Trd, 000240.000, 142
Trd, 000241.083, 154
Trd, 000241.117, 153.0
Trd, 000241.733, 153.0
Trd, 000241.933, 155.0
Trd, 000242.100, 156.0
Trd, 000242.417, 154.0
Trd, 000242.667, 150
Trd, 000243.183, 151.0
Trd, 000243.733, 140.0
Trd, 000244.650, 137.0
Trd, 000245.150, 146.0
Trd, 000245.650, 143
Trd, 000245.817, 140
Trd, 000245.883, 146.0
Trd, 000246.167, 144
Trd, 000246.417, 144
Trd, 000247.200, 144.0
Trd, 000247.850, 158.0
Trd, 000248.283, 148.0
Trd, 000248.683, 146
Trd, 000248.883, 148
Trd, 000249.000, 151.0
Trd, 000249.650, 165
Trd, 000249.850, 150
Trd, 000249.967, 144
Trd, 000250.600, 145
Trd, 000251.067, 151
Trd, 000251.283, 149
Trd, 000251.567, 151
Trd, 000252.117, 150
Trd, 000252.683, 151.0
Trd, 000252.833, 148
Trd, 000253.167, 151
Trd, 000254.333, 149
Trd, 000254.467, 148
Trd, 000254.617, 152
Trd, 000254.750, 152.0
Trd, 000255.233, 155.0
Trd, 000255.633, 157.0
Trd, 000256.000, 157.0
Trd, 000256.450, 158.0
Trd, 000257.367, 151.0
Trd, 000257.967, 151
Trd, 000258.067, 150
Trd, 000258.517, 161
Trd, 000258.700, 162
Trd, 000259.217, 151.0
Trd, 000259.700, 155
Trd, 000260.317, 157.0
Trd, 000260.367, 158.0
Trd, 000260.817, 155
Trd, 000260.933, 151.0
Trd, 000261.150, 155
Trd, 000261.917, 155
Trd, 000262.033, 157
Trd, 000262.200, 143
Trd, 000263.417, 151.0
Trd, 000263.517, 153
Trd, 000263.567, 155
Trd, 000263.733, 148
Trd, 000264.533, 142
Trd, 000265.250, 143
Trd, 000265.900, 146
Trd, 000266.267, 147
Trd, 000266.467, 148.0
Trd, 000266.917, 145
Trd, 000267.533, 146
Trd, 000267.683, 147
Trd, 000268.167, 150.0
Trd, 000269.067, 151.0
Trd, 000269.467, 149
Trd, 000269.583, 150.0
Trd, 000270.067, 153
Trd, 000270.400, 155.0
Trd, 000270.817, 143
Trd, 000270.883, 158.0
Trd, 000271.000, 165
Trd, 000271.050, 131.0
Trd, 000271.433, 153
Trd, 000272.917, 168.0
Trd, 000273.017, 174.0
Trd, 000274.100, 167.0
Trd, 000274.933, 165.0
Trd, 000274.983, 166.0
Trd, 000275.400, 162.0
Trd, 000275.750, 169
Trd, 000275.883, 162
Trd, 000276.033, 156
Trd, 000276.417, 166
Trd, 000276.683, 166
Trd, 000276.733, 170.0
Trd, 000276.750, 151.0
Trd, 000276.850, 147
Trd, 000277.917, 156
Trd, 000278.333, 162
Trd, 000278.900, 159.0
Trd, 000279.500, 158.0
Trd, 000279.567, 153.0
Trd, 000280.467, 155
Trd, 000280.583, 151.0
Trd, 000280.683, 142
Trd, 000281.083, 137
Trd, 000281.617, 154
Trd, 000281.833, 154.0
Trd, 000282.217, 154.0
Trd, 000282.267, 155.0
Trd, 000282.967, 151
Trd, 000283.417, 157.0
Trd, 000283.917, 158.0
Trd, 000285.050, 152
Trd, 000285.267, 151.0
Trd, 000285.650, 154
Trd, 000285.717, 149
Trd, 000286.567, 164
Trd, 000287.033, 156
Trd, 000287.050, 144
Trd, 000287.217, 158.0
Trd, 000287.517, 165
Trd, 000288.117, 150
Trd, 000288.233, 151.0
Trd, 000288.267, 156.0
Trd, 000289.067, 156
Trd, 000289.133, 157
Trd, 000289.383, 147
Trd, 000289.833, 167.0
Trd, 000291.450, 151.0
Trd, 000291.583, 166.0
Trd, 000292.583, 146
Trd, 000292.683, 150
Trd, 000292.800, 143
Trd, 000293.367, 158.0
Trd, 000294.150, 151.0
Trd, 000294.683, 147
Trd, 000294.933, 148
Trd, 000295.183, 149
Trd, 000295.233, 150
Trd, 000295.633, 148.0
Trd, 000295.783, 150
Trd, 000295.983, 145
Trd, 000297.133, 143.0
Trd, 000297.483, 131.0
Trd, 000297.533, 144.0
Trd, 000297.650, 151.0
Trd, 000298.117, 152
Trd, 000298.167, 155.0
Trd, 000298.483, 148.0
Trd, 000298.817, 162.0
Trd, 000299.000, 167
Trd, 000299.067, 145
Trd, 000299.117, 143
Trd, 000299.150, 135
Trd, 000299.583, 158
