Trd, 000003.217, 159
Trd, 000003.450, 165.0
Trd, 000003.733, 156
Trd, 000003.933, 155.0
Trd, 000004.633, 149
Trd, 000004.867, 143
Trd, 000004.983, 154
Trd, 000005.200, 141.0
Trd, 000006.350, 143
Trd, 000006.517, 146
Trd, 000007.200, 147
Trd, 000008.117, 146
Trd, 000008.350, 144
Trd, 000008.850, 147
Trd, 000008.883, 148.0
Trd, 000009.217, 152
Trd, 000009.867, 156
Trd, 000009.967, 144
Trd, 000010.767, 151
Trd, 000011.650, 144
Trd, 000011.900, 151
Trd, 000013.183, 145
Trd, 000013.550, 146
Trd, 000014.400, 144
Trd, 000015.233, 144
Trd, 000015.600, 145
Trd, 000016.417, 145
Trd, 000016.767, 151
Trd, 000016.850, 150
Trd, 000017.167, 150
Trd, 000017.883, 147
Trd, 000018.617, 148
Trd, 000018.750, 148.0
Trd, 000019.650, 148
Trd, 000019.833, 150
Trd, 000020.717, 147
Trd, 000021.300, 145
Trd, 000021.367, 149
Trd, 000021.467, 144
Trd, 000021.650, 151
Trd, 000023.283, 157.0
Trd, 000023.467, 158.0
Trd, 000023.800, 145
Trd, 000024.333, 145
Trd, 000024.800, 155
Trd, 000025.733, 146
Trd, 000026.600, 146
Trd, 000026.867, 145
Trd, 000027.200, 143
Trd, 000028.183, 148.0
Trd, 000028.333, 141.0
Trd, 000028.667, 147
Trd, 000030.467, 143
Trd, 000030.717, 144
Trd, 000030.933, 142
Trd, 000031.117, 142
Trd, 000031.350, 146
Trd, 000032.100, 145
Trd, 000032.133, 146
Trd, 000032.200, 146
Trd, 000033.433, 142
Trd, 000034.050, 142
Trd, 000034.833, 145
Trd, 000034.850, 145
Trd, 000034.983, 146.0
Trd, 000035.483, 145
Trd, 000035.617, 141
Trd, 000036.733, 145
Trd, 000037.800, 145.0
Trd, 000038.083, 148.0
Trd, 000038.633, 147
Trd, 000039.000, 151
Trd, 000039.183, 158.0
Trd, 000040.283, 152
Trd, 000040.400, 153
Trd, 000040.650, 154
Trd, 000041.167, 153
Trd, 000041.350, 151
Trd, 000041.667, 149
Trd, 000042.150, 147
Trd, 000043.217, 152
Trd, 000043.967, 152
Trd, 000044.083, 149
Trd, 000044.583, 150
Trd, 000044.633, 152
Trd, 000044.717, 149
Trd, 000045.100, 152
Trd, 000045.400, 153
Trd, 000046.617, 153
Trd, 000046.750, 153
Trd, 000046.783, 149
Trd, 000046.833, 158.0
Trd, 000047.767, 159
Trd, 000048.133, 150
Trd, 000049.033, 148
Trd, 000049.100, 157.0
Trd, 000050.550, 152.0
Trd, 000051.183, 151
Trd, 000051.933, 149
Trd, 000052.067, 150
Trd, 000052.117, 147
Trd, 000052.233, 146
Trd, 000053.100, 149
Trd, 000053.333, 145
Trd, 000053.700, 144
Trd, 000053.950, 143
Trd, 000054.850, 145
Trd, 000055.133, 144
Trd, 000055.617, 142
Trd, 000056.167, 141
Trd, 000056.317, 142
Trd, 000056.733, 140
Trd, 000058.583, 141
Trd, 000058.767, 140
Trd, 000058.817, 140
Trd, 000058.867, 141
Trd, 000059.817, 140
Trd, 000060.350, 146
Trd, 000060.833, 144
Trd, 000061.533, 145
Trd, 000061.967, 145
Trd, 000062.500, 145
Trd, 000062.833, 145
Trd, 000063.017, 148.0
Trd, 000063.700, 149
Trd, 000063.733, 143
Trd, 000063.800, 143
Trd, 000065.233, 141
Trd, 000065.783, 142
Trd, 000065.883, 141.0
Trd, 000066.050, 146
Trd, 000066.650, 147
Trd, 000067.550, 146
Trd, 000067.933, 151
Trd, 000068.233, 143
Trd, 000070.050, 147
Trd, 000070.717, 150
Trd, 000071.517, 156
Trd, 000071.667, 149
Trd, 000072.317, 156.0
Trd, 000072.733, 155.0
Trd, 000072.933, 157.0
Trd, 000073.050, 156
Trd, 000074.133, 157
Trd, 000074.800, 158
Trd, 000075.100, 158.0
Trd, 000076.317, 156
Trd, 000076.800, 157
Trd, 000077.067, 160
Trd, 000077.250, 155
Trd, 000078.350, 155
Trd, 000078.483, 154
Trd, 000078.567, 158.0
Trd, 000078.883, 155.0
Trd, 000079.067, 157
Trd, 000079.267, 158
Trd, 000079.700, 147
Trd, 000080.400, 143
Trd, 000081.250, 152
Trd, 000081.367, 146
Trd, 000081.617, 144
Trd, 000081.850, 143
Trd, 000082.783, 148
Trd, 000083.017, 149
Trd, 000083.067, 149
Trd, 000083.467, 144
Trd, 000084.183, 148
Trd, 000084.217, 144
Trd, 000086.167, 148.0
Trd, 000086.917, 147
Trd, 000087.183, 146
Trd, 000087.533, 146
Trd, 000088.817, 147
Trd, 000089.250, 148.0
Trd, 000089.517, 148
Trd, 000089.683, 146
Trd, 000089.817, 150
Trd, 000089.950, 158.0
Trd, 000090.633, 148
Trd, 000091.583, 153
Trd, 000092.050, 147
Trd, 000093.000, 152
Trd, 000093.967, 155
Trd, 000094.800, 151
Trd, 000095.033, 151
Trd, 000095.133, 152
Trd, 000095.317, 148
Trd, 000096.183, 151
Trd, 000096.533, 151
Trd, 000096.633, 147
Trd, 000097.533, 144
Trd, 000097.883, 144
Trd, 000099.500, 148
Trd, 000101.000, 145
Trd, 000101.200, 146
Trd, 000101.383, 145
Trd, 000102.050, 145
Trd, 000102.183, 146
Trd, 000102.450, 144
Trd, 000103.017, 150
Trd, 000105.150, 148
Trd, 000105.400, 148
Trd, 000105.683, 146
Trd, 000105.817, 145
Trd, 000106.117, 148
Trd, 000106.400, 146
Trd, 000106.767, 146
Trd, 000106.983, 146
Trd, 000107.883, 146
Trd, 000107.950, 146
Trd, 000108.517, 147
Trd, 000108.733, 148
Trd, 000108.967, 145
Trd, 000110.250, 145
Trd, 000110.983, 146
Trd, 000111.183, 145
Trd, 000111.400, 148.0
Trd, 000112.033, 147
Trd, 000112.333, 151
Trd, 000113.417, 148
Trd, 000113.433, 147
Trd, 000114.517, 147
Trd, 000114.750, 148
Trd, 000114.983, 148
Trd, 000115.100, 143
Trd, 000115.267, 151
Trd, 000115.383, 157.0
Trd, 000115.433, 137.0
Trd, 000116.267, 138
Trd, 000116.733, 129
Trd, 000116.917, 157.0
Trd, 000117.750, 141.0
Trd, 000118.450, 154
Trd, 000118.667, 155.0
Trd, 000119.650, 145
Trd, 000119.883, 143
Trd, 000120.233, 152
Trd, 000121.150, 146
Trd, 000122.067, 146
Trd, 000122.433, 144
Trd, 000122.550, 145
Trd, 000123.117, 156.0
Trd, 000123.267, 155.0
Trd, 000124.500, 152
Trd, 000124.733, 152
Trd, 000125.383, 150
Trd, 000125.700, 145
Trd, 000125.983, 156.0
Trd, 000126.217, 144
Trd, 000126.600, 143
Trd, 000128.250, 143
Trd, 000128.433, 155
Trd, 000128.500, 156
Trd, 000129.083, 155.0
Trd, 000129.350, 156
Trd, 000130.567, 155
Trd, 000130.833, 156
Trd, 000131.850, 155
Trd, 000132.367, 155
Trd, 000133.067, 155.0
Trd, 000133.150, 156
Trd, 000133.200, 149
Trd, 000134.383, 154
Trd, 000134.417, 155
Trd, 000135.050, 156
Trd, 000135.183, 155
Trd, 000135.533, 157.0
Trd, 000136.633, 157.0
Trd, 000137.217, 147
Trd, 000138.217, 153
Trd, 000138.550, 153
Trd, 000139.317, 151
Trd, 000139.333, 153
Trd, 000139.550, 153
Trd, 000139.783, 154
Trd, 000140.217, 149
Trd, 000140.350, 148
Trd, 000140.517, 147
Trd, 000143.383, 152
Trd, 000143.833, 152
Trd, 000144.167, 152
Trd, 000144.467, 151
Trd, 000144.750, 150
Trd, 000145.650, 146
Trd, 000145.800, 152
Trd, 000146.233, 151
Trd, 000146.283, 147
Trd, 000146.500, 155
Trd, 000147.083, 156
Trd, 000148.300, 155
Trd, 000148.533, 149
Trd, 000148.717, 158.0
Trd, 000148.817, 147
Trd, 000149.150, 145
Trd, 000150.667, 151
Trd, 000150.717, 154
Trd, 000151.217, 155.0
Trd, 000151.483, 151
Trd, 000151.817, 156
Trd, 000152.450, 152
Trd, 000153.433, 152
Trd, 000153.900, 152
Trd, 000153.933, 151
Trd, 000155.450, 149
Trd, 000155.800, 147
Trd, 000156.883, 146
Trd, 000157.033, 148
Trd, 000157.600, 149
Trd, 000158.083, 150
Trd, 000158.267, 150
Trd, 000158.817, 157.0
Trd, 000159.367, 146
Trd, 000161.750, 149
Trd, 000161.950, 149
Trd, 000162.450, 150
Trd, 000162.617, 150
Trd, 000163.450, 150
Trd, 000164.233, 151
Trd, 000164.967, 150
Trd, 000165.283, 151
Trd, 000165.367, 149
Trd, 000166.100, 148
Trd, 000166.950, 148
Trd, 000167.300, 147
Trd, 000168.967, 146
Trd, 000169.900, 148.0
Trd, 000170.267, 151
Trd, 000170.483, 149
Trd, 000171.183, 158.0
Trd, 000172.483, 148
Trd, 000172.733, 145
Trd, 000172.850, 147
Trd, 000172.967, 150
Trd, 000173.583, 148
Trd, 000174.300, 147
Trd, 000174.850, 149
Trd, 000175.133, 148
Trd, 000175.517, 148
Trd, 000176.867, 148
Trd, 000178.067, 151
Trd, 000178.183, 148
Trd, 000178.217, 147
Trd, 000178.733, 147
Trd, 000179.083, 151
Trd, 000180.350, 151
Trd, 000181.400, 155.0
Trd, 000182.000, 158.0
Trd, 000182.300, 151
Trd, 000182.667, 149
Trd, 000183.867, 154
Trd, 000183.933, 151
Trd, 000185.100, 152
Trd, 000185.350, 153
Trd, 000185.933, 151
Trd, 000186.333, 152
Trd, 000186.533, 152
Trd, 000186.700, 147
Trd, 000188.150, 150
Trd, 000188.767, 150
Trd, 000188.883, 151
Trd, 000189.733, 151
Trd, 000189.900, 149
Trd, 000190.800, 151
Trd, 000190.850, 151
Trd, 000192.117, 151
Trd, 000192.250, 152
Trd, 000193.417, 152.0
Trd, 000193.683, 151
Trd, 000195.067, 151.0
Trd, 000195.333, 152.0
Trd, 000195.383, 152
Trd, 000195.833, 158.0
Trd, 000196.217, 156
Trd, 000196.283, 151
Trd, 000196.417, 150
Trd, 000196.567, 145
Trd, 000197.083, 153
Trd, 000197.317, 143
Trd, 000197.717, 152
Trd, 000198.267, 152
Trd, 000199.917, 152
Trd, 000200.617, 151
Trd, 000200.633, 150
Trd, 000201.017, 149
Trd, 000201.083, 156
Trd, 000201.483, 148
Trd, 000201.983, 150
Trd, 000202.317, 147
Trd, 000202.917, 147
Trd, 000203.400, 147
Trd, 000203.717, 146
Trd, 000204.533, 145
Trd, 000205.017, 146
Trd, 000205.300, 146
Trd, 000206.483, 147
Trd, 000206.683, 145
Trd, 000208.017, 145.0
Trd, 000209.300, 144.0
Trd, 000209.383, 143
Trd, 000209.833, 143.0
Trd, 000210.017, 146
Trd, 000210.717, 150
Trd, 000211.717, 149
Trd, 000212.417, 158.0
Trd, 000213.100, 148
Trd, 000213.650, 148
Trd, 000214.300, 147
Trd, 000214.917, 146
Trd, 000215.233, 146
Trd, 000216.033, 148.0
Trd, 000216.533, 147
Trd, 000217.000, 148
Trd, 000217.283, 149
Trd, 000218.317, 148
Trd, 000219.600, 148
Trd, 000219.717, 146
Trd, 000221.467, 145
Trd, 000221.700, 148
Trd, 000221.850, 148.0
Trd, 000222.333, 146
Trd, 000222.383, 149
Trd, 000222.850, 145
Trd, 000223.967, 144
Trd, 000224.900, 145
Trd, 000225.217, 154.0
Trd, 000225.417, 155.0
Trd, 000226.267, 154
Trd, 000226.417, 152
Trd, 000226.667, 153
Trd, 000228.217, 152
Trd, 000228.633, 150
Trd, 000229.883, 149
Trd, 000230.483, 150
Trd, 000230.833, 150
Trd, 000231.250, 148
Trd, 000231.283, 149
Trd, 000231.583, 150
Trd, 000232.317, 149
Trd, 000232.367, 149
Trd, 000232.383, 148
Trd, 000232.917, 148
Trd, 000233.367, 147
Trd, 000233.533, 148
Trd, 000233.817, 148.0
Trd, 000234.550, 148
Trd, 000234.583, 145
Trd, 000234.750, 143
Trd, 000235.700, 148
Trd, 000235.833, 150
Trd, 000236.983, 148
Trd, 000239.000, 148
Trd, 000239.267, 147
Trd, 000239.367, 146
Trd, 000239.400, 147
Trd, 000239.433, 148.0
Trd, 000240.950, 154
Trd, 000240.967, 152
Trd, 000241.517, 156
Trd, 000241.550, 155.0
Trd, 000241.650, 156.0
Trd, 000242.367, 155
Trd, 000242.467, 154
Trd, 000242.717, 156.0
Trd, 000242.750, 149
Trd, 000244.833, 143
Trd, 000245.150, 145
Trd, 000245.483, 151
Trd, 000245.617, 148.0
Trd, 000245.800, 149
Trd, 000245.933, 148
Trd, 000246.200, 150
Trd, 000246.233, 150
Trd, 000246.683, 151
Trd, 000246.867, 151
Trd, 000247.767, 152
Trd, 000248.117, 152
Trd, 000248.300, 153
Trd, 000250.033, 156.0
Trd, 000250.533, 154
Trd, 000251.067, 155.0
Trd, 000251.750, 157.0
Trd, 000252.233, 154
Trd, 000252.500, 153
Trd, 000252.883, 154.0
Trd, 000253.917, 154
Trd, 000254.233, 151.0
Trd, 000254.867, 153
Trd, 000255.117, 151
Trd, 000255.267, 148
Trd, 000255.983, 153
Trd, 000256.100, 147
Trd, 000256.567, 151
Trd, 000256.950, 150
Trd, 000257.050, 152
Trd, 000257.383, 155
Trd, 000257.533, 151
Trd, 000257.650, 150
Trd, 000259.067, 152
Trd, 000259.317, 150
Trd, 000259.433, 147
Trd, 000260.533, 151
Trd, 000261.333, 151
Trd, 000261.350, 148
Trd, 000261.467, 146
Trd, 000263.350, 146
Trd, 000263.967, 149
Trd, 000264.450, 149
Trd, 000264.533, 150
Trd, 000264.883, 150
Trd, 000264.950, 151
Trd, 000265.167, 147
Trd, 000265.700, 146
Trd, 000266.200, 146.0
Trd, 000266.367, 151.0
Trd, 000266.433, 146
Trd, 000266.517, 152.0
Trd, 000267.500, 145
Trd, 000267.517, 168.0
Trd, 000269.633, 154
Trd, 000270.317, 154
Trd, 000270.533, 155
Trd, 000270.667, 151
Trd, 000271.117, 154
Trd, 000271.250, 153.0
Trd, 000271.583, 153
Trd, 000271.900, 154
Trd, 000273.300, 156
Trd, 000273.367, 156
Trd, 000273.433, 153
Trd, 000273.467, 158.0
Trd, 000273.683, 153
Trd, 000275.033, 155
Trd, 000275.400, 154
Trd, 000275.717, 153
Trd, 000276.050, 154
Trd, 000276.217, 152.0
Trd, 000276.483, 155
Trd, 000276.767, 159
Trd, 000277.867, 155
Trd, 000278.050, 154
Trd, 000278.217, 155
Trd, 000278.617, 160
Trd, 000278.883, 158.0
Trd, 000280.117, 159
Trd, 000280.633, 157
Trd, 000281.067, 158.0
Trd, 000281.183, 160
Trd, 000281.300, 156
Trd, 000281.317, 165.0
Trd, 000281.667, 155
Trd, 000282.267, 155.0
Trd, 000282.933, 160
Trd, 000283.683, 157
Trd, 000283.700, 156
Trd, 000284.350, 156
Trd, 000284.383, 160
Trd, 000285.200, 160
Trd, 000285.383, 155.0
Trd, 000285.400, 155
Trd, 000286.167, 158
Trd, 000286.867, 155
Trd, 000287.183, 154
Trd, 000287.450, 156
Trd, 000287.717, 155
Trd, 000287.733, 153.0
Trd, 000288.400, 157.0
Trd, 000288.967, 151.0
Trd, 000289.800, 152
Trd, 000290.000, 154.0
Trd, 000290.317, 151
Trd, 000290.633, 149
Trd, 000290.700, 151
Trd, 000291.167, 153
Trd, 000291.483, 154
Trd, 000291.950, 149
Trd, 000292.433, 147
Trd, 000292.933, 150
Trd, 000294.100, 148
Trd, 000295.083, 150
Trd, 000295.567, 150
Trd, 000295.800, 149
Trd, 000296.183, 158.0
Trd, 000296.283, 148
Trd, 000296.383, 151
Trd, 000296.583, 148
Trd, 000297.567, 149
Trd, 000297.917, 151
Trd, 000298.417, 146
Trd, 000298.450, 146
Trd, 000299.400, 150
Trd, 000299.967, 153
