Trd, 000000.933, 131
Trd, 000002.117, 170
Trd, 000002.517, 134.0
Trd, 000003.033, 142.0
Trd, 000004.517, 144.0
Trd, 000004.533, 132.0
Trd, 000004.850, 149
Trd, 000005.150, 155.0
Trd, 000005.550, 154
Trd, 000006.450, 148
Trd, 000007.150, 154
Trd, 000008.067, 154
Trd, 000008.233, 158.0
Trd, 000008.850, 151.0
Trd, 000008.950, 151
Trd, 000009.667, 159.0
Trd, 000010.183, 162.0
Trd, 000010.483, 151
Trd, 000010.767, 168
Trd, 000011.017, 151.0
Trd, 000011.333, 166
Trd, 000013.583, 155
Trd, 000014.000, 156
Trd, 000014.433, 156
Trd, 000014.600, 155
Trd, 000015.350, 153
Trd, 000016.167, 151.0
Trd, 000016.400, 155
Trd, 000016.983, 157
Trd, 000018.050, 155
Trd, 000018.817, 155.0
Trd, 000019.133, 153
Trd, 000019.683, 152
Trd, 000020.333, 150
Trd, 000020.517, 143
Trd, 000021.317, 151
Trd, 000021.467, 144
Trd, 000021.567, 162.0
Trd, 000022.033, 155
Trd, 000022.817, 151
Trd, 000022.983, 154
Trd, 000023.167, 151.0
Trd, 000023.550, 151.0
Trd, 000024.767, 148.0
Trd, 000025.600, 146
Trd, 000026.967, 150
Trd, 000028.150, 155
Trd, 000028.200, 159.0
Trd, 000028.650, 164
Trd, 000028.733, 154
Trd, 000029.517, 152
Trd, 000029.767, 148.0
Trd, 000030.783, 148
Trd, 000031.133, 160
Trd, 000031.217, 145
Trd, 000032.400, 145
Trd, 000032.600, 158
Trd, 000033.233, 143
Trd, 000034.350, 142
Trd, 000034.767, 146
Trd, 000034.917, 146
Trd, 000034.967, 147
Trd, 000035.717, 147
Trd, 000036.633, 146
Trd, 000036.900, 147
Trd, 000037.517, 147
Trd, 000037.783, 158.0
Trd, 000038.717, 152
Trd, 000039.233, 150
Trd, 000039.767, 150
Trd, 000041.033, 152.0
Trd, 000042.450, 152
Trd, 000043.250, 153
Trd, 000043.617, 155.0
Trd, 000043.733, 150
Trd, 000044.850, 149.0
Trd, 000045.233, 155
Trd, 000045.517, 150
Trd, 000045.533, 149
Trd, 000045.817, 148.0
Trd, 000046.200, 157
Trd, 000046.500, 162
Trd, 000047.400, 161.0
Trd, 000047.950, 142
Trd, 000049.600, 155
Trd, 000051.050, 156
Trd, 000051.183, 155
Trd, 000051.317, 153
Trd, 000051.733, 152
Trd, 000052.567, 154
Trd, 000053.050, 153
Trd, 000053.517, 153
Trd, 000053.767, 154
Trd, 000054.583, 152
Trd, 000054.767, 152
Trd, 000054.800, 153
Trd, 000056.033, 151.0
Trd, 000057.283, 151.0
Trd, 000058.283, 153
Trd, 000058.867, 161.0
Trd, 000059.117, 148.0
Trd, 000060.050, 152
Trd, 000060.833, 160.0
Trd, 000061.300, 153
Trd, 000061.383, 153
Trd, 000062.550, 148.0
Trd, 000062.883, 156
Trd, 000063.083, 162.0
Trd, 000063.200, 145
Trd, 000063.683, 147
Trd, 000063.850, 150
Trd, 000063.883, 165
Trd, 000066.133, 153
Trd, 000066.300, 143
Trd, 000066.433, 148.0
Trd, 000067.650, 152
Trd, 000067.900, 153
Trd, 000069.567, 145
Trd, 000070.567, 154.0
Trd, 000070.683, 153
Trd, 000070.717, 144
Trd, 000070.900, 143
Trd, 000071.483, 155.0
Trd, 000072.517, 153.0
Trd, 000072.583, 152.0
Trd, 000072.883, 150.0
Trd, 000073.950, 156
Trd, 000075.700, 153
Trd, 000075.783, 152
Trd, 000075.850, 154
Trd, 000076.717, 153
Trd, 000076.933, 151.0
Trd, 000077.083, 148.0
Trd, 000078.267, 147
Trd, 000078.817, 154
Trd, 000078.967, 143
Trd, 000079.250, 155.0
Trd, 000079.617, 143
Trd, 000079.900, 142
Trd, 000081.183, 140
Trd, 000081.800, 139
Trd, 000082.433, 149.0
Trd, 000082.650, 149.0
Trd, 000083.250, 149.0
Trd, 000083.350, 150
Trd, 000083.433, 148.0
Trd, 000083.667, 155.0
Trd, 000083.700, 165
Trd, 000083.883, 127.0
Trd, 000085.017, 158
Trd, 000085.117, 153
Trd, 000086.450, 148
Trd, 000088.250, 148.0
Trd, 000088.850, 140
Trd, 000090.417, 151
Trd, 000090.650, 151.0
Trd, 000090.683, 152
Trd, 000090.917, 147
Trd, 000091.150, 151
Trd, 000091.883, 162.0
Trd, 000091.950, 148
Trd, 000093.500, 142
Trd, 000093.517, 127.0
Trd, 000094.917, 137
Trd, 000095.067, 142
Trd, 000095.633, 140
Trd, 000095.717, 141
Trd, 000095.733, 144.0
Trd, 000096.850, 155.0
Trd, 000098.350, 153.0
Trd, 000098.700, 152.0
Trd, 000098.933, 155.0
Trd, 000099.017, 155
Trd, 000099.600, 151.0
Trd, 000099.933, 149
Trd, 000100.000, 162.0
Trd, 000100.450, 158
Trd, 000101.850, 156
Trd, 000103.400, 150.0
Trd, 000104.400, 162.0
Trd, 000105.100, 156
Trd, 000105.117, 152
Trd, 000105.133, 157
Trd, 000105.167, 151.0
Trd, 000105.733, 158
Trd, 000106.433, 158
Trd, 000106.800, 150
Trd, 000108.100, 148.0
Trd, 000108.467, 143
Trd, 000108.600, 159
Trd, 000109.217, 142
Trd, 000110.083, 139
Trd, 000111.433, 153
Trd, 000111.767, 150
Trd, 000112.017, 152.0
Trd, 000112.400, 149.0
Trd, 000112.750, 150
Trd, 000113.050, 148.0
Trd, 000113.333, 155.0
Trd, 000113.650, 149
Trd, 000114.717, 154
Trd, 000115.683, 157
Trd, 000116.483, 159.0
Trd, 000116.983, 159
Trd, 000117.000, 160.0
Trd, 000117.650, 158
Trd, 000117.867, 157
Trd, 000118.033, 154
Trd, 000118.833, 148.0
Trd, 000119.733, 157
Trd, 000122.717, 155.0
Trd, 000122.800, 154
Trd, 000123.500, 155
Trd, 000123.550, 149
Trd, 000123.650, 157.0
Trd, 000124.283, 148.0
Trd, 000125.933, 148
Trd, 000126.583, 156
Trd, 000126.767, 153
Trd, 000127.017, 148.0
Trd, 000127.450, 150
Trd, 000127.500, 147
Trd, 000128.900, 151
Trd, 000129.717, 150
Trd, 000131.033, 148
Trd, 000131.067, 150
Trd, 000131.667, 147
Trd, 000132.033, 147
Trd, 000132.050, 143
Trd, 000132.117, 155.0
Trd, 000132.400, 143
Trd, 000133.967, 148.0
Trd, 000134.733, 151
Trd, 000135.283, 151
Trd, 000136.183, 149
Trd, 000136.650, 149
Trd, 000136.717, 146
Trd, 000136.783, 155.0
Trd, 000138.317, 156
Trd, 000139.250, 155.0
Trd, 000139.650, 155
Trd, 000139.850, 158.0
Trd, 000140.083, 152.0
Trd, 000140.883, 155
Trd, 000141.300, 151.0
Trd, 000141.500, 156
Trd, 000142.717, 154
Trd, 000145.033, 155.0
Trd, 000145.183, 156
Trd, 000145.417, 156
Trd, 000145.867, 158
Trd, 000146.083, 161
Trd, 000147.100, 161
Trd, 000147.900, 151.0
Trd, 000148.217, 148.0
Trd, 000149.283, 155
Trd, 000149.750, 149.0
Trd, 000149.867, 148.0
Trd, 000151.383, 148
Trd, 000151.867, 152
Trd, 000152.000, 149
Trd, 000152.450, 152
Trd, 000152.567, 149
Trd, 000152.683, 150
Trd, 000152.833, 148.0
Trd, 000153.417, 147
Trd, 000153.867, 143
Trd, 000154.550, 144
Trd, 000154.617, 162.0
Trd, 000155.083, 165
Trd, 000157.233, 150
Trd, 000158.300, 151
Trd, 000158.400, 149
Trd, 000158.633, 148.0
Trd, 000158.833, 147
Trd, 000160.317, 151
Trd, 000160.417, 153
Trd, 000160.533, 148
Trd, 000161.017, 146
Trd, 000161.917, 147
Trd, 000161.950, 152
Trd, 000163.533, 148
Trd, 000163.717, 149
Trd, 000163.900, 148
Trd, 000165.217, 148
Trd, 000165.550, 150
Trd, 000165.817, 161.0
Trd, 000166.967, 148.0
Trd, 000167.200, 153
Trd, 000167.233, 154
Trd, 000168.083, 143
Trd, 000168.400, 165
Trd, 000168.950, 162.0
Trd, 000170.283, 152
Trd, 000171.250, 151
Trd, 000171.533, 152.0
Trd, 000171.650, 151.0
Trd, 000172.050, 154
Trd, 000172.550, 148.0
Trd, 000173.283, 150
Trd, 000173.517, 153
Trd, 000174.000, 153
Trd, 000174.550, 152
Trd, 000174.600, 153
Trd, 000176.233, 155
Trd, 000176.283, 152
Trd, 000176.717, 159.0
Trd, 000177.500, 160.0
Trd, 000178.200, 148.0
Trd, 000178.933, 154
Trd, 000179.033, 154
Trd, 000179.200, 144
Trd, 000180.433, 145
Trd, 000180.983, 151
Trd, 000182.217, 143
Trd, 000182.500, 131.0
Trd, 000182.900, 146
Trd, 000183.033, 136
Trd, 000183.500, 147
Trd, 000183.883, 146
Trd, 000183.933, 155.0
Trd, 000184.883, 147
Trd, 000185.633, 146
Trd, 000186.700, 144
Trd, 000187.333, 161.0
Trd, 000187.833, 151
Trd, 000189.517, 162.0
Trd, 000190.000, 154
Trd, 000191.017, 154
Trd, 000191.283, 161
Trd, 000191.500, 153
Trd, 000191.683, 153.0
Trd, 000191.833, 153.0
Trd, 000193.933, 154
Trd, 000193.967, 155
Trd, 000194.750, 152
Trd, 000194.933, 153
Trd, 000195.967, 153
Trd, 000196.667, 154
Trd, 000197.783, 161.0
Trd, 000197.867, 165
Trd, 000197.900, 155.0
Trd, 000199.067, 164
Trd, 000200.150, 154.0
Trd, 000200.233, 151.0
Trd, 000200.983, 157
Trd, 000202.133, 151
Trd, 000202.167, 153
Trd, 000203.417, 151.0
Trd, 000203.817, 149
Trd, 000203.983, 147
Trd, 000205.017, 144
Trd, 000205.267, 133.0
Trd, 000205.467, 134.0
Trd, 000205.667, 138
Trd, 000206.100, 148
Trd, 000206.250, 155.0
Trd, 000206.883, 135.0
Trd, 000208.067, 164
Trd, 000208.683, 163
Trd, 000208.850, 161
Trd, 000209.233, 158
Trd, 000209.350, 156
Trd, 000210.017, 156
Trd, 000211.267, 148
Trd, 000212.067, 145
Trd, 000212.217, 145
Trd, 000212.300, 144
Trd, 000212.350, 142
Trd, 000212.450, 147
Trd, 000212.817, 155.0
Trd, 000213.433, 131.0
Trd, 000214.350, 138
Trd, 000216.717, 143
Trd, 000217.283, 149
Trd, 000218.433, 148
Trd, 000219.300, 149
Trd, 000220.100, 151
Trd, 000220.767, 150
Trd, 000221.133, 149
Trd, 000221.183, 151
Trd, 000221.450, 148
Trd, 000222.050, 151
Trd, 000222.067, 152
Trd, 000222.233, 149.0
Trd, 000223.283, 150.0
Trd, 000224.400, 150
Trd, 000224.667, 148.0
Trd, 000226.083, 151
Trd, 000226.517, 151
Trd, 000226.567, 155.0
Trd, 000226.967, 149
Trd, 000227.900, 153.0
Trd, 000228.650, 158
Trd, 000229.667, 158
Trd, 000229.750, 158
Trd, 000230.600, 157
Trd, 000231.650, 155
Trd, 000232.317, 155
Trd, 000232.833, 155
Trd, 000233.217, 155
Trd, 000233.233, 154
Trd, 000234.667, 154.0
Trd, 000234.850, 155.0
Trd, 000235.100, 152.0
Trd, 000235.217, 158
Trd, 000235.867, 163
Trd, 000237.267, 158
Trd, 000238.450, 155
Trd, 000239.900, 155.0
Trd, 000240.100, 152.0
Trd, 000240.267, 154
Trd, 000240.467, 151.0
Trd, 000240.767, 149.0
Trd, 000241.150, 151
Trd, 000241.300, 150.0
Trd, 000241.850, 150.0
Trd, 000242.150, 154
Trd, 000242.733, 155.0
Trd, 000243.000, 157.0
Trd, 000243.117, 158.0
Trd, 000243.450, 150
Trd, 000243.983, 159.0
Trd, 000245.333, 162.0
Trd, 000245.567, 161
Trd, 000245.650, 160
Trd, 000245.767, 162
Trd, 000246.300, 159
Trd, 000247.517, 161.0
Trd, 000247.533, 163
Trd, 000247.733, 165
Trd, 000247.800, 168
Trd, 000248.317, 159
Trd, 000248.733, 153
Trd, 000249.167, 154
Trd, 000249.800, 160.0
Trd, 000250.067, 151.0
Trd, 000250.933, 152.0
Trd, 000251.317, 154
Trd, 000251.533, 153
Trd, 000251.800, 152
Trd, 000252.067, 155
Trd, 000253.017, 151
Trd, 000253.917, 157.0
Trd, 000254.350, 162.0
Trd, 000254.700, 160
Trd, 000254.833, 160
Trd, 000255.067, 151.0
Trd, 000255.367, 159
Trd, 000255.883, 156
Trd, 000256.133, 156
Trd, 000256.150, 159
Trd, 000256.217, 159
Trd, 000256.600, 148.0
Trd, 000256.833, 162
Trd, 000257.450, 143
Trd, 000257.850, 159.0
Trd, 000258.150, 159.0
Trd, 000258.967, 160.0
Trd, 000259.533, 149.0
Trd, 000259.833, 148.0
Trd, 000260.500, 155
Trd, 000261.067, 154.0
Trd, 000261.650, 158.0
Trd, 000261.883, 154.0
Trd, 000262.200, 156.0
Trd, 000262.250, 157.0
Trd, 000262.500, 159.0
Trd, 000263.117, 156
Trd, 000263.833, 159.0
Trd, 000264.483, 162.0
Trd, 000265.100, 165
Trd, 000265.750, 165
Trd, 000266.433, 164
Trd, 000267.150, 164.0
Trd, 000267.233, 162.0
Trd, 000267.450, 151.0
Trd, 000267.633, 165
Trd, 000268.117, 159
Trd, 000268.350, 167
Trd, 000268.967, 168
Trd, 000269.617, 164
Trd, 000269.650, 162.0
Trd, 000270.400, 160.0
Trd, 000270.783, 160.0
Trd, 000271.183, 160
Trd, 000271.383, 158.0
Trd, 000271.467, 149.0
Trd, 000272.050, 160.0
Trd, 000272.533, 148.0
Trd, 000274.183, 147
Trd, 000274.250, 158.0
Trd, 000274.800, 141
Trd, 000274.833, 131.0
Trd, 000274.933, 136
Trd, 000275.450, 141.0
Trd, 000276.100, 153.0
Trd, 000276.300, 154
Trd, 000276.550, 149.0
Trd, 000277.250, 153.0
Trd, 000277.533, 159
Trd, 000277.567, 152
Trd, 000277.717, 151.0
Trd, 000278.117, 151
Trd, 000278.133, 155
Trd, 000278.367, 150
Trd, 000280.133, 155.0
Trd, 000280.400, 154
Trd, 000280.667, 155.0
Trd, 000281.100, 155
Trd, 000281.517, 154
Trd, 000281.817, 157.0
Trd, 000281.833, 158.0
Trd, 000282.367, 162.0
Trd, 000282.850, 153
Trd, 000283.383, 149
Trd, 000283.700, 156
Trd, 000284.500, 160
Trd, 000284.917, 160
Trd, 000285.417, 157
Trd, 000285.700, 165
Trd, 000286.017, 159
Trd, 000286.833, 159
Trd, 000287.183, 158.0
Trd, 000287.200, 151.0
Trd, 000287.417, 157
Trd, 000288.150, 148.0
Trd, 000289.233, 159
Trd, 000289.383, 162.0
Trd, 000290.067, 164
Trd, 000290.700, 166
Trd, 000290.817, 161
Trd, 000291.417, 160
Trd, 000291.667, 159
Trd, 000292.417, 159.0
Trd, 000292.733, 162.0
Trd, 000293.000, 161
Trd, 000293.533, 162
Trd, 000293.683, 157
Trd, 000294.367, 158.0
Trd, 000294.783, 165
Trd, 000294.933, 149
Trd, 000295.150, 162
Trd, 000295.200, 165
Trd, 000295.283, 151.0
Trd, 000295.883, 162.0
Trd, 000296.683, 158
Trd, 000297.167, 164
Trd, 000297.783, 158
Trd, 000297.867, 157
Trd, 000298.300, 158.0
Trd, 000299.600, 162.0
