Trd, 000001.083, 182.0
Trd, 000001.400, 127.0
Trd, 000002.283, 196.0
Trd, 000003.150, 200.0
Trd, 000004.517, 151
Trd, 000004.700, 153
Trd, 000005.567, 148
Trd, 000005.917, 151.0
Trd, 000005.983, 152.0
Trd, 000008.467, 152
Trd, 000008.533, 152
Trd, 000008.967, 152
Trd, 000009.167, 153
Trd, 000010.033, 151
Trd, 000011.333, 150
Trd, 000011.350, 152.0
Trd, 000011.700, 149
Trd, 000012.450, 150
Trd, 000012.967, 148
Trd, 000013.267, 147
Trd, 000013.517, 149
Trd, 000014.467, 150
Trd, 000014.983, 146
Trd, 000015.017, 143
Trd, 000015.083, 155.0
Trd, 000015.350, 152
Trd, 000017.167, 153
Trd, 000017.517, 153
Trd, 000017.533, 151
Trd, 000017.817, 165
Trd, 000018.467, 175.0
Trd, 000019.483, 155.0
Trd, 000020.050, 156
Trd, 000020.550, 156
Trd, 000021.383, 154
Trd, 000022.733, 151
Trd, 000023.200, 148
Trd, 000023.450, 152
Trd, 000023.600, 153
Trd, 000024.450, 149
Trd, 000025.050, 149
Trd, 000025.100, 152.0
Trd, 000025.600, 146
Trd, 000026.433, 149
Trd, 000027.417, 149
Trd, 000028.250, 151
Trd, 000028.600, 150
Trd, 000029.083, 150
Trd, 000029.433, 151
Trd, 000030.267, 150
Trd, 000030.450, 151
Trd, 000030.500, 152
Trd, 000030.883, 148
Trd, 000031.117, 147
Trd, 000031.750, 155.0
Trd, 000032.400, 147
Trd, 000032.933, 153
Trd, 000034.183, 149
Trd, 000034.333, 150
Trd, 000034.383, 153
Trd, 000034.433, 149
Trd, 000037.100, 152.0
Trd, 000037.133, 147
Trd, 000037.233, 152
Trd, 000037.750, 144
Trd, 000038.033, 151
Trd, 000038.417, 152
Trd, 000040.283, 152.0
Trd, 000040.583, 152.0
Trd, 000041.083, 153
Trd, 000041.133, 152
Trd, 000041.717, 154
Trd, 000043.000, 152
Trd, 000043.067, 151.0
Trd, 000043.333, 153.0
Trd, 000043.550, 155.0
Trd, 000043.750, 154
Trd, 000043.950, 155
Trd, 000045.533, 153
Trd, 000047.767, 151
Trd, 000048.033, 151
Trd, 000048.333, 151.0
Trd, 000048.383, 152
Trd, 000049.167, 150
Trd, 000049.400, 143
Trd, 000049.917, 173.0
Trd, 000049.983, 164
Trd, 000051.300, 150
Trd, 000051.683, 160
Trd, 000052.483, 150
Trd, 000053.017, 160
Trd, 000053.117, 149
Trd, 000053.717, 163
Trd, 000054.333, 149
Trd, 000055.583, 153
Trd, 000056.750, 155
Trd, 000057.383, 155
Trd, 000058.233, 154
Trd, 000058.650, 155
Trd, 000058.867, 151.0
Trd, 000059.283, 151
Trd, 000059.750, 152
Trd, 000059.867, 154
Trd, 000060.717, 151
Trd, 000061.133, 153
Trd, 000062.567, 155.0
Trd, 000063.083, 153
Trd, 000063.833, 152
Trd, 000064.117, 152
Trd, 000064.167, 153
Trd, 000064.233, 144
Trd, 000064.833, 153
Trd, 000065.617, 154
Trd, 000067.050, 156
Trd, 000067.450, 155.0
Trd, 000067.817, 150
Trd, 000068.050, 154
Trd, 000068.667, 151
Trd, 000068.783, 149
Trd, 000069.033, 148
Trd, 000069.533, 147.0
Trd, 000069.817, 147
Trd, 000070.633, 148.0
Trd, 000071.500, 155.0
Trd, 000072.217, 155
Trd, 000072.967, 154
Trd, 000073.133, 155
Trd, 000073.600, 152
Trd, 000074.800, 154
Trd, 000074.933, 163
Trd, 000075.150, 164
Trd, 000076.667, 152.0
Trd, 000076.700, 151.0
Trd, 000076.800, 162
Trd, 000078.617, 153
Trd, 000080.583, 155
Trd, 000080.767, 155
Trd, 000081.000, 151
Trd, 000081.183, 151.0
Trd, 000081.250, 153
Trd, 000081.667, 156
Trd, 000082.883, 165
Trd, 000084.267, 167
Trd, 000084.333, 168
Trd, 000084.817, 167
Trd, 000085.083, 166
Trd, 000085.550, 166
Trd, 000085.850, 164
Trd, 000087.167, 143
Trd, 000087.417, 159
Trd, 000088.033, 157
Trd, 000088.183, 162
Trd, 000088.583, 151.0
Trd, 000088.617, 152
Trd, 000088.650, 141
Trd, 000089.383, 144
Trd, 000089.950, 153
Trd, 000090.200, 144
Trd, 000091.133, 147
Trd, 000091.950, 147
Trd, 000092.167, 151
Trd, 000092.867, 146
Trd, 000093.733, 153.0
Trd, 000094.167, 144
Trd, 000094.300, 154.0
Trd, 000095.667, 152
Trd, 000097.300, 149
Trd, 000097.350, 150.0
Trd, 000097.550, 151.0
Trd, 000097.583, 155.0
Trd, 000097.750, 147
Trd, 000098.833, 149
Trd, 000099.317, 148
Trd, 000099.783, 150
Trd, 000100.650, 150
Trd, 000101.817, 149
Trd, 000103.017, 149
Trd, 000103.200, 149
Trd, 000104.650, 150
Trd, 000105.050, 154.0
Trd, 000106.067, 152
Trd, 000106.267, 150
Trd, 000106.417, 153.0
Trd, 000107.133, 154
Trd, 000107.383, 146
Trd, 000107.983, 155.0
Trd, 000108.367, 157
Trd, 000108.983, 150
Trd, 000109.017, 148
Trd, 000110.117, 155.0
Trd, 000111.267, 154
Trd, 000111.383, 159
Trd, 000111.533, 160
Trd, 000111.583, 161
Trd, 000111.733, 152
Trd, 000112.100, 155.0
Trd, 000114.083, 152.0
Trd, 000114.183, 151.0
Trd, 000114.300, 152
Trd, 000115.100, 151
Trd, 000115.133, 150
Trd, 000116.150, 149
Trd, 000117.400, 149
Trd, 000117.517, 148
Trd, 000117.583, 165
Trd, 000118.650, 147
Trd, 000119.633, 148
Trd, 000120.283, 148
Trd, 000120.783, 148.0
Trd, 000121.183, 149
Trd, 000121.200, 148
Trd, 000121.867, 149
Trd, 000122.683, 149
Trd, 000123.017, 154.0
Trd, 000124.967, 145
Trd, 000125.367, 149
Trd, 000125.867, 147
Trd, 000126.167, 147
Trd, 000126.317, 148.0
Trd, 000127.250, 146
Trd, 000127.317, 145
Trd, 000127.467, 148
Trd, 000127.983, 146
Trd, 000128.317, 143
Trd, 000128.667, 145
Trd, 000128.717, 147
Trd, 000130.467, 155.0
Trd, 000131.250, 148
Trd, 000131.850, 147
Trd, 000132.000, 165
Trd, 000132.317, 175.0
Trd, 000132.333, 157
Trd, 000132.550, 162
Trd, 000132.633, 160
Trd, 000132.900, 182.0
Trd, 000133.517, 171
Trd, 000133.917, 152
Trd, 000135.250, 166
Trd, 000136.467, 157
Trd, 000137.383, 156
Trd, 000138.150, 157
Trd, 000139.100, 155.0
Trd, 000139.450, 162
Trd, 000139.850, 164
Trd, 000141.283, 154.0
Trd, 000141.500, 161
Trd, 000142.133, 158
Trd, 000142.800, 157
Trd, 000143.067, 155
Trd, 000143.283, 155
Trd, 000144.850, 156
Trd, 000145.000, 155
Trd, 000146.650, 153
Trd, 000146.800, 154
Trd, 000147.017, 154
Trd, 000147.717, 154
Trd, 000149.383, 155.0
Trd, 000150.117, 152
Trd, 000150.217, 152
Trd, 000150.383, 151.0
Trd, 000150.517, 152
Trd, 000150.617, 156
Trd, 000151.867, 155.0
Trd, 000152.333, 162
Trd, 000152.783, 161
Trd, 000153.167, 153
Trd, 000153.483, 153
Trd, 000154.217, 159
Trd, 000155.433, 153
Trd, 000155.650, 159
Trd, 000157.400, 160
Trd, 000157.750, 159
Trd, 000158.117, 159
Trd, 000158.683, 159
Trd, 000159.100, 159
Trd, 000159.267, 151.0
Trd, 000159.300, 160
Trd, 000159.617, 146
Trd, 000160.083, 162
Trd, 000160.350, 164
Trd, 000160.417, 165
Trd, 000161.050, 143
Trd, 000161.267, 143
Trd, 000163.900, 151
Trd, 000164.250, 151
Trd, 000164.967, 151
Trd, 000165.167, 152
Trd, 000165.233, 151
Trd, 000166.033, 154.0
Trd, 000166.150, 144
Trd, 000166.317, 155.0
Trd, 000166.683, 174.0
Trd, 000166.783, 143
Trd, 000168.450, 162
Trd, 000168.767, 165
Trd, 000169.283, 156
Trd, 000169.800, 154
Trd, 000170.233, 163
Trd, 000171.200, 166
Trd, 000171.517, 155
Trd, 000172.733, 163
Trd, 000173.150, 158
Trd, 000173.583, 165
Trd, 000173.900, 159
Trd, 000174.350, 168.0
Trd, 000175.033, 166
Trd, 000175.333, 160
Trd, 000176.317, 159
Trd, 000176.983, 163.0
Trd, 000177.667, 164.0
Trd, 000178.050, 163
Trd, 000178.450, 164
Trd, 000179.650, 162
Trd, 000180.033, 161
Trd, 000180.700, 159
Trd, 000180.850, 155.0
Trd, 000181.300, 156
Trd, 000182.267, 162
Trd, 000182.467, 156
Trd, 000182.867, 155
Trd, 000183.483, 155
Trd, 000183.583, 142
Trd, 000184.733, 149
Trd, 000184.967, 152
Trd, 000185.800, 148
Trd, 000185.983, 149
Trd, 000187.000, 150
Trd, 000187.250, 148
Trd, 000187.400, 148
Trd, 000188.450, 150
Trd, 000188.917, 153.0
Trd, 000189.667, 153
Trd, 000190.000, 154.0
Trd, 000190.017, 151
Trd, 000192.267, 150
Trd, 000193.017, 150.0
Trd, 000193.383, 153.0
Trd, 000193.567, 154.0
Trd, 000194.350, 151
Trd, 000194.800, 148
Trd, 000194.833, 150
Trd, 000195.217, 145
Trd, 000196.100, 151
Trd, 000197.500, 149
Trd, 000197.650, 148
Trd, 000197.983, 148
Trd, 000198.667, 146
Trd, 000199.967, 145
Trd, 000200.033, 147
Trd, 000200.133, 143
Trd, 000200.467, 148.0
Trd, 000200.783, 149
Trd, 000202.067, 155.0
Trd, 000202.983, 149
Trd, 000203.733, 160
Trd, 000204.433, 150
Trd, 000205.167, 156
Trd, 000205.400, 156
Trd, 000206.483, 155.0
Trd, 000207.167, 151
Trd, 000207.817, 151
Trd, 000208.183, 151
Trd, 000208.350, 175.0
Trd, 000208.517, 146
Trd, 000208.817, 144
Trd, 000210.267, 157
Trd, 000210.600, 149
Trd, 000211.133, 157
Trd, 000211.517, 155
Trd, 000211.917, 155
Trd, 000211.933, 154
Trd, 000212.367, 154.0
Trd, 000212.383, 153
Trd, 000212.467, 152
Trd, 000213.483, 152.0
Trd, 000214.083, 152.0
Trd, 000215.083, 146
Trd, 000215.467, 143
Trd, 000216.333, 148.0
Trd, 000216.550, 147
Trd, 000217.250, 145
Trd, 000217.317, 143
Trd, 000217.583, 148
Trd, 000218.033, 146
Trd, 000218.583, 147.0
Trd, 000219.050, 143
Trd, 000220.217, 143
Trd, 000221.367, 144
Trd, 000221.817, 144
Trd, 000222.000, 148.0
Trd, 000222.033, 140
Trd, 000222.883, 165
Trd, 000223.133, 138
Trd, 000224.117, 150
Trd, 000224.750, 148
Trd, 000225.417, 148.0
Trd, 000225.450, 147
Trd, 000225.700, 148
Trd, 000225.750, 149
Trd, 000226.400, 148
Trd, 000226.767, 145
Trd, 000227.300, 131.0
Trd, 000228.433, 152.0
Trd, 000228.783, 140
Trd, 000229.417, 166
Trd, 000230.050, 170
Trd, 000230.150, 175.0
Trd, 000230.367, 155.0
Trd, 000230.633, 138
Trd, 000230.683, 132
Trd, 000230.717, 131.0
Trd, 000232.100, 148
Trd, 000233.550, 144
Trd, 000233.583, 145
Trd, 000234.150, 144
Trd, 000234.900, 145
Trd, 000234.967, 148.0
Trd, 000235.117, 143
Trd, 000235.483, 149
Trd, 000236.200, 153.0
Trd, 000236.667, 152
Trd, 000236.733, 150
Trd, 000237.700, 150
Trd, 000238.383, 151
Trd, 000238.717, 140
Trd, 000239.533, 137
Trd, 000240.133, 137
Trd, 000240.283, 144
Trd, 000240.350, 124.0
Trd, 000241.183, 136
Trd, 000242.000, 130
Trd, 000242.017, 137
Trd, 000242.583, 135
Trd, 000242.683, 138
Trd, 000243.033, 138
Trd, 000243.600, 147
Trd, 000243.750, 147
Trd, 000243.817, 148
Trd, 000244.183, 146
Trd, 000244.867, 155.0
Trd, 000245.433, 152
Trd, 000245.817, 150
Trd, 000245.867, 155.0
Trd, 000246.433, 150.0
Trd, 000246.450, 149
Trd, 000246.600, 149
Trd, 000247.250, 150
Trd, 000247.317, 151.0
Trd, 000247.550, 152.0
Trd, 000248.183, 147
Trd, 000248.817, 149.0
Trd, 000249.483, 149.0
Trd, 000250.300, 149
Trd, 000250.550, 147
Trd, 000251.183, 150
Trd, 000251.883, 150.0
Trd, 000252.400, 150
Trd, 000252.500, 146
Trd, 000252.517, 150
Trd, 000252.933, 155.0
Trd, 000253.583, 147
Trd, 000253.783, 156.0
Trd, 000253.833, 158.0
Trd, 000254.683, 158.0
Trd, 000255.517, 158
Trd, 000255.717, 159
Trd, 000256.383, 157
Trd, 000256.483, 146
Trd, 000257.767, 150
Trd, 000257.967, 153
Trd, 000258.283, 153
Trd, 000258.383, 154
Trd, 000259.083, 151
Trd, 000259.450, 150
Trd, 000260.433, 144
Trd, 000260.467, 147
Trd, 000260.533, 144
Trd, 000260.900, 148
Trd, 000260.950, 147
Trd, 000261.267, 146
Trd, 000262.283, 148.0
Trd, 000263.100, 151.0
Trd, 000263.300, 148
Trd, 000264.133, 148
Trd, 000264.450, 150
Trd, 000264.733, 152
Trd, 000264.867, 153.0
Trd, 000265.717, 147
Trd, 000265.733, 149.0
Trd, 000265.917, 151.0
Trd, 000266.250, 150
Trd, 000266.333, 148
Trd, 000267.100, 155.0
Trd, 000267.133, 156
Trd, 000267.633, 158.0
Trd, 000267.733, 155
Trd, 000268.317, 153
Trd, 000268.667, 147
Trd, 000268.750, 155
Trd, 000268.950, 143
Trd, 000269.417, 155
Trd, 000269.967, 158.0
Trd, 000270.133, 148
Trd, 000271.233, 154.0
Trd, 000271.767, 154.0
Trd, 000272.017, 153
Trd, 000272.100, 153.0
Trd, 000272.467, 153
Trd, 000273.600, 153
Trd, 000273.750, 151
Trd, 000274.367, 151.0
Trd, 000275.150, 148
Trd, 000275.250, 151
Trd, 000275.633, 149
Trd, 000275.733, 149
Trd, 000275.783, 152
Trd, 000275.883, 153
Trd, 000275.983, 155.0
Trd, 000276.250, 157
Trd, 000277.183, 158.0
Trd, 000277.250, 153
Trd, 000278.433, 152
Trd, 000279.067, 153
Trd, 000279.283, 151
Trd, 000279.983, 151
Trd, 000280.083, 149
Trd, 000280.283, 150
Trd, 000280.717, 149
Trd, 000281.017, 148
Trd, 000281.033, 143
Trd, 000281.133, 150
Trd, 000281.217, 151.0
Trd, 000281.733, 147
Trd, 000282.100, 146.0
Trd, 000282.600, 151
Trd, 000283.133, 137.0
Trd, 000283.583, 138
Trd, 000283.850, 141.0
Trd, 000284.183, 148
Trd, 000284.550, 151.0
Trd, 000285.550, 147
Trd, 000285.683, 148
Trd, 000285.833, 149
Trd, 000285.850, 147
Trd, 000286.250, 155.0
Trd, 000286.417, 146
Trd, 000286.517, 156.0
Trd, 000286.950, 148
Trd, 000287.383, 154
Trd, 000289.017, 154
Trd, 000289.233, 154
Trd, 000289.533, 152
Trd, 000289.700, 155
Trd, 000290.367, 155.0
Trd, 000290.750, 151
Trd, 000290.833, 155
Trd, 000292.033, 149
Trd, 000292.250, 144
Trd, 000292.333, 156
Trd, 000292.500, 175.0
Trd, 000293.133, 144
Trd, 000293.400, 145
Trd, 000293.583, 158.0
Trd, 000294.250, 166
Trd, 000294.433, 142
Trd, 000296.517, 160.0
Trd, 000296.833, 161
Trd, 000296.917, 160
Trd, 000297.000, 158.0
Trd, 000298.100, 161
Trd, 000298.983, 158.0
Trd, 000299.050, 157
Trd, 000299.417, 159
Trd, 000299.483, 151.0
Trd, 000299.617, 159
