Trd, 000000.650, 186.0
Trd, 000001.200, 137
Trd, 000003.567, 124
Trd, 000003.917, 127
Trd, 000004.533, 130
Trd, 000004.733, 129
Trd, 000004.800, 134.0
Trd, 000005.550, 151.0
Trd, 000005.650, 152
Trd, 000006.067, 145.0
Trd, 000007.550, 159
Trd, 000007.650, 158
Trd, 000007.850, 162.0
Trd, 000009.167, 154
Trd, 000009.417, 154
Trd, 000009.700, 152
Trd, 000010.317, 146.0
Trd, 000011.117, 153
Trd, 000011.617, 161.0
Trd, 000012.217, 155
Trd, 000012.833, 151.0
Trd, 000012.883, 149.0
Trd, 000013.333, 150
Trd, 000014.383, 151
Trd, 000015.300, 148
Trd, 000016.683, 147
Trd, 000016.750, 157
Trd, 000016.833, 161
Trd, 000017.150, 153
Trd, 000017.983, 148
Trd, 000018.583, 151
Trd, 000018.733, 151.0
Trd, 000019.150, 150
Trd, 000019.783, 152.0
Trd, 000020.967, 154
Trd, 000021.767, 154.0
Trd, 000023.233, 155
Trd, 000023.833, 155
Trd, 000023.900, 157
Trd, 000024.317, 154
Trd, 000025.217, 158
Trd, 000025.300, 162.0
Trd, 000025.567, 146.0
Trd, 000026.617, 151.0
Trd, 000028.067, 151.0
Trd, 000029.700, 152
Trd, 000029.900, 151
Trd, 000030.067, 152
Trd, 000030.167, 153
Trd, 000030.683, 151.0
Trd, 000031.033, 154
Trd, 000031.217, 154.0
Trd, 000031.367, 156
Trd, 000032.233, 149
Trd, 000032.750, 154
Trd, 000033.450, 150
Trd, 000033.800, 149
Trd, 000034.133, 154
Trd, 000034.150, 158
Trd, 000034.167, 162.0
Trd, 000036.083, 146
Trd, 000036.983, 158
Trd, 000038.650, 153
Trd, 000038.883, 153
Trd, 000039.150, 156
Trd, 000040.083, 150.0
Trd, 000040.267, 150.0
Trd, 000040.283, 151.0
Trd, 000040.917, 147.0
Trd, 000041.533, 150
Trd, 000043.150, 149.0
Trd, 000043.433, 151.0
Trd, 000043.917, 151
Trd, 000044.167, 153
Trd, 000044.800, 156
Trd, 000044.883, 155
Trd, 000045.067, 158
Trd, 000045.550, 162.0
Trd, 000046.550, 157
Trd, 000047.117, 158
Trd, 000047.400, 161
Trd, 000048.300, 157
Trd, 000048.533, 156
Trd, 000049.433, 172.0
Trd, 000051.000, 149.0
Trd, 000051.333, 162
Trd, 000052.200, 150.0
Trd, 000052.267, 149.0
Trd, 000052.283, 160.0
Trd, 000052.317, 161.0
Trd, 000052.650, 149.0
Trd, 000053.900, 150.0
Trd, 000055.367, 151.0
Trd, 000055.733, 150
Trd, 000056.100, 151
Trd, 000056.833, 151
Trd, 000057.083, 152
Trd, 000057.167, 152
Trd, 000057.783, 151
Trd, 000058.467, 151
Trd, 000058.700, 153
Trd, 000059.467, 153
Trd, 000059.767, 153
Trd, 000060.450, 157
Trd, 000061.250, 152
Trd, 000061.367, 157
Trd, 000062.117, 151.0
Trd, 000062.817, 153
Trd, 000063.550, 147
Trd, 000063.683, 161.0
Trd, 000063.833, 162.0
Trd, 000064.767, 155
Trd, 000065.233, 150
Trd, 000066.433, 155
Trd, 000066.900, 147
Trd, 000067.100, 155
Trd, 000068.150, 153
Trd, 000068.967, 151
Trd, 000069.450, 148
Trd, 000070.083, 153
Trd, 000070.300, 148
Trd, 000070.550, 148
Trd, 000071.317, 147
Trd, 000071.633, 151.0
Trd, 000072.800, 153
Trd, 000072.967, 146.0
Trd, 000073.150, 153
Trd, 000074.917, 147.0
Trd, 000076.517, 149.0
Trd, 000076.883, 150
Trd, 000077.933, 150
Trd, 000078.800, 150
Trd, 000079.050, 150.0
Trd, 000079.467, 151.0
Trd, 000079.983, 151
Trd, 000080.483, 151
Trd, 000081.067, 151
Trd, 000081.567, 152
Trd, 000081.717, 151
Trd, 000081.967, 150
Trd, 000082.733, 151.0
Trd, 000083.333, 150
Trd, 000084.000, 151
Trd, 000084.600, 151.0
Trd, 000085.150, 150
Trd, 000085.283, 151
Trd, 000085.733, 158
Trd, 000087.467, 157
Trd, 000087.883, 157
Trd, 000088.250, 155.0
Trd, 000089.600, 156
Trd, 000089.967, 156
Trd, 000090.817, 155
Trd, 000091.150, 156
Trd, 000091.250, 156
Trd, 000092.017, 150.0
Trd, 000092.417, 151.0
Trd, 000093.833, 144.0
Trd, 000094.067, 147
Trd, 000094.167, 157
Trd, 000094.600, 157
Trd, 000095.683, 155
Trd, 000095.783, 155
Trd, 000096.650, 158
Trd, 000096.833, 156
Trd, 000097.117, 156
Trd, 000097.350, 156
Trd, 000097.567, 160
Trd, 000097.950, 151.0
Trd, 000100.333, 144
Trd, 000101.017, 144
Trd, 000102.283, 146.0
Trd, 000102.800, 147
Trd, 000103.567, 145
Trd, 000103.700, 149
Trd, 000103.900, 149
Trd, 000104.283, 144.0
Trd, 000104.700, 150
Trd, 000105.517, 151.0
Trd, 000107.483, 151
Trd, 000108.167, 150.0
Trd, 000108.267, 149
Trd, 000109.533, 150.0
Trd, 000110.083, 151.0
Trd, 000110.267, 151
Trd, 000110.667, 159
Trd, 000111.233, 154
Trd, 000111.417, 157
Trd, 000111.667, 155
Trd, 000112.300, 155
Trd, 000112.567, 155
Trd, 000113.183, 161.0
Trd, 000113.300, 159
Trd, 000113.533, 165.0
Trd, 000114.217, 162
Trd, 000114.583, 162.0
Trd, 000115.383, 158
Trd, 000117.150, 161
Trd, 000117.450, 160
Trd, 000117.933, 150.0
Trd, 000118.183, 151.0
Trd, 000118.950, 149
Trd, 000119.267, 145
Trd, 000119.450, 161.0
Trd, 000121.067, 159
Trd, 000121.417, 146.0
Trd, 000123.133, 157
Trd, 000123.567, 162.0
Trd, 000123.950, 154.0
Trd, 000124.133, 153.0
Trd, 000124.183, 162
Trd, 000124.583, 151.0
Trd, 000125.983, 155
Trd, 000126.783, 151.0
Trd, 000126.850, 158
Trd, 000127.100, 159
Trd, 000128.883, 159
Trd, 000129.117, 159
Trd, 000129.467, 164.0
Trd, 000130.350, 157.0
Trd, 000130.600, 156.0
Trd, 000130.817, 158
Trd, 000131.100, 156
Trd, 000131.500, 158
Trd, 000132.133, 158.0
Trd, 000133.700, 158.0
Trd, 000133.800, 156.0
Trd, 000133.950, 159
Trd, 000134.617, 155.0
Trd, 000135.583, 159
Trd, 000136.217, 157
Trd, 000136.850, 158
Trd, 000136.950, 157
Trd, 000137.200, 162.0
Trd, 000137.850, 144.0
Trd, 000138.700, 150.0
Trd, 000139.200, 151.0
Trd, 000139.800, 158
Trd, 000141.100, 145
Trd, 000141.983, 154
Trd, 000142.583, 153
Trd, 000142.800, 153
Trd, 000143.233, 153
Trd, 000144.217, 162.0
Trd, 000144.467, 154
Trd, 000145.117, 159
Trd, 000145.500, 154
Trd, 000145.850, 154
Trd, 000146.100, 153
Trd, 000147.700, 153
Trd, 000148.467, 157
Trd, 000148.633, 153
Trd, 000149.433, 153
Trd, 000150.367, 155
Trd, 000150.417, 154
Trd, 000150.883, 154
Trd, 000151.133, 154
Trd, 000151.950, 153
Trd, 000152.217, 153
Trd, 000152.600, 144.0
Trd, 000153.617, 144
Trd, 000153.650, 145
Trd, 000154.467, 145
Trd, 000155.083, 145.0
Trd, 000155.167, 150
Trd, 000155.750, 151.0
Trd, 000155.933, 158
Trd, 000156.700, 147.0
Trd, 000157.367, 153
Trd, 000158.617, 153.0
Trd, 000158.933, 159.0
Trd, 000159.300, 156
Trd, 000159.500, 152.0
Trd, 000159.683, 162.0
Trd, 000160.217, 165.0
Trd, 000160.233, 152.0
Trd, 000160.467, 151
Trd, 000161.017, 167
Trd, 000162.667, 157
Trd, 000164.217, 156
Trd, 000164.750, 156
Trd, 000164.867, 156
Trd, 000165.433, 155
Trd, 000166.717, 150
Trd, 000166.767, 151.0
Trd, 000166.967, 162.0
Trd, 000167.033, 147.0
Trd, 000167.483, 146.0
Trd, 000167.683, 160
Trd, 000167.917, 148
Trd, 000169.083, 156
Trd, 000170.100, 150
Trd, 000170.750, 151.0
Trd, 000171.283, 148
Trd, 000171.633, 145.0
Trd, 000172.350, 146
Trd, 000173.067, 146
Trd, 000173.333, 158
Trd, 000173.450, 162.0
Trd, 000173.567, 152
Trd, 000173.983, 165.0
Trd, 000174.617, 175.0
Trd, 000175.300, 179.0
Trd, 000175.967, 157.0
Trd, 000176.400, 159.0
Trd, 000176.567, 159.0
Trd, 000176.733, 160.0
Trd, 000177.433, 160
Trd, 000177.750, 158.0
Trd, 000178.450, 155.0
Trd, 000179.000, 153
Trd, 000179.117, 144.0
Trd, 000180.900, 147
Trd, 000181.017, 149
Trd, 000181.100, 149
Trd, 000181.250, 149
Trd, 000181.583, 151.0
Trd, 000182.500, 149
Trd, 000182.567, 148
Trd, 000183.067, 144.0
Trd, 000183.767, 150
Trd, 000185.033, 149
Trd, 000185.833, 156
Trd, 000186.133, 142
Trd, 000186.767, 157
Trd, 000186.933, 158
Trd, 000187.800, 162.0
Trd, 000189.033, 156
Trd, 000190.150, 150
Trd, 000190.200, 151
Trd, 000190.250, 151.0
Trd, 000190.583, 150
Trd, 000191.333, 151
Trd, 000191.550, 149
Trd, 000192.483, 141
Trd, 000192.767, 141
Trd, 000193.317, 139
Trd, 000193.450, 150
Trd, 000194.317, 147
Trd, 000194.450, 156
Trd, 000194.583, 162.0
Trd, 000195.317, 151.0
Trd, 000195.467, 149
Trd, 000196.467, 153
Trd, 000197.700, 160.0
Trd, 000198.600, 152
Trd, 000198.833, 151
Trd, 000198.900, 153
Trd, 000199.200, 154
Trd, 000199.833, 155
Trd, 000200.683, 158
Trd, 000201.183, 154
Trd, 000201.417, 157
Trd, 000201.433, 154
Trd, 000203.083, 159.0
Trd, 000203.117, 155
Trd, 000203.433, 159.0
Trd, 000205.067, 157
Trd, 000205.483, 156.0
Trd, 000205.633, 158
Trd, 000206.917, 158
Trd, 000207.517, 158
Trd, 000207.633, 144.0
Trd, 000207.850, 148
Trd, 000207.867, 162.0
Trd, 000208.283, 175.0
Trd, 000210.767, 151.0
Trd, 000211.783, 149
Trd, 000211.883, 152
Trd, 000212.033, 149
Trd, 000212.317, 151.0
Trd, 000213.567, 149
Trd, 000213.783, 149
Trd, 000213.850, 148
Trd, 000213.933, 149
Trd, 000214.017, 145.0
Trd, 000216.183, 148
Trd, 000216.367, 147
Trd, 000216.667, 148
Trd, 000217.617, 148.0
Trd, 000217.917, 144.0
Trd, 000219.467, 143
Trd, 000219.633, 144.0
Trd, 000219.983, 142
Trd, 000220.550, 146
Trd, 000220.733, 151.0
Trd, 000221.200, 162.0
Trd, 000222.117, 149
Trd, 000223.700, 143
Trd, 000223.917, 149
Trd, 000224.350, 149
Trd, 000225.417, 151.0
Trd, 000226.017, 149
Trd, 000226.550, 151
Trd, 000227.067, 159
Trd, 000227.600, 161.0
Trd, 000228.350, 157
Trd, 000228.400, 162.0
Trd, 000228.983, 158
Trd, 000229.217, 165.0
Trd, 000230.100, 160
Trd, 000230.533, 158
Trd, 000230.950, 159
Trd, 000231.117, 155
Trd, 000231.250, 159
Trd, 000231.850, 154
Trd, 000232.000, 159
Trd, 000233.900, 159
Trd, 000235.017, 155
Trd, 000235.333, 158.0
Trd, 000235.467, 156
Trd, 000235.600, 155.0
Trd, 000235.900, 159.0
Trd, 000236.117, 159
Trd, 000236.283, 154
Trd, 000237.700, 157
Trd, 000238.000, 158
Trd, 000238.150, 159
Trd, 000238.550, 156.0
Trd, 000238.633, 160
Trd, 000238.867, 155.0
Trd, 000240.667, 151
Trd, 000240.800, 153
Trd, 000241.200, 154
Trd, 000241.500, 155
Trd, 000242.017, 154
Trd, 000242.283, 153
Trd, 000242.383, 154
Trd, 000242.817, 157
Trd, 000243.183, 151
Trd, 000243.817, 151.0
Trd, 000244.200, 152.0
Trd, 000245.083, 154.0
Trd, 000245.417, 155.0
Trd, 000245.600, 155.0
Trd, 000245.650, 154.0
Trd, 000246.000, 156.0
Trd, 000246.717, 153
Trd, 000246.767, 158
Trd, 000247.000, 151.0
Trd, 000247.217, 158
Trd, 000247.900, 152
Trd, 000247.967, 151.0
Trd, 000248.033, 162.0
Trd, 000248.217, 151.0
Trd, 000248.467, 152.0
Trd, 000249.300, 155
Trd, 000249.800, 152
Trd, 000250.000, 152
Trd, 000251.050, 151
Trd, 000251.750, 145.0
Trd, 000251.917, 146
Trd, 000251.983, 144.0
Trd, 000252.033, 147
Trd, 000252.600, 140
Trd, 000252.933, 147
Trd, 000253.250, 147
Trd, 000253.833, 155
Trd, 000253.883, 144.0
Trd, 000255.000, 159
Trd, 000255.800, 155
Trd, 000255.883, 155
Trd, 000256.167, 157
Trd, 000256.283, 158
Trd, 000256.317, 155
Trd, 000256.583, 153
Trd, 000257.083, 157
Trd, 000257.950, 154
Trd, 000258.517, 154
Trd, 000259.767, 153
Trd, 000259.783, 153
Trd, 000259.833, 156
Trd, 000260.533, 153
Trd, 000260.800, 151
Trd, 000261.533, 149.0
Trd, 000261.567, 151
Trd, 000261.583, 152
Trd, 000261.650, 154
Trd, 000262.750, 157.0
Trd, 000262.800, 158
Trd, 000262.817, 153.0
Trd, 000263.267, 162.0
Trd, 000263.933, 161.0
Trd, 000263.967, 165.0
Trd, 000264.433, 169
Trd, 000264.767, 157
Trd, 000264.883, 170
Trd, 000265.733, 167.0
Trd, 000265.950, 166
Trd, 000266.317, 164
Trd, 000266.333, 162.0
Trd, 000266.583, 170.0
Trd, 000268.217, 149.0
Trd, 000268.283, 148.0
Trd, 000268.567, 151.0
Trd, 000268.717, 152
Trd, 000269.083, 149.0
Trd, 000269.583, 149
Trd, 000269.650, 154
Trd, 000269.850, 148.0
Trd, 000270.667, 147
Trd, 000270.867, 151
Trd, 000271.217, 152
Trd, 000271.633, 150
Trd, 000271.683, 149
Trd, 000271.817, 151
Trd, 000272.100, 146
Trd, 000272.767, 150.0
Trd, 000273.300, 151.0
Trd, 000273.367, 146
Trd, 000273.417, 145
Trd, 000273.850, 158
Trd, 000274.200, 145.0
Trd, 000274.300, 144.0
Trd, 000274.933, 146
Trd, 000276.100, 142
Trd, 000276.683, 142
Trd, 000277.067, 141
Trd, 000277.783, 143
Trd, 000277.950, 144
Trd, 000278.100, 140
Trd, 000278.383, 144.0
Trd, 000278.833, 147
Trd, 000279.167, 146
Trd, 000279.483, 149
Trd, 000279.583, 151.0
Trd, 000280.033, 142
Trd, 000280.100, 144.0
Trd, 000280.333, 139
Trd, 000280.550, 146.0
Trd, 000281.100, 158
Trd, 000281.383, 151
Trd, 000281.583, 152
Trd, 000281.700, 153.0
Trd, 000282.117, 151
Trd, 000282.533, 161.0
Trd, 000283.067, 165.0
Trd, 000283.583, 172.0
Trd, 000283.933, 170.0
Trd, 000284.017, 179.0
Trd, 000284.083, 167
Trd, 000284.433, 182.0
Trd, 000285.317, 163
Trd, 000286.417, 166.0
Trd, 000286.700, 165.0
Trd, 000286.933, 156.0
Trd, 000287.100, 155.0
Trd, 000287.600, 153
Trd, 000287.733, 166
Trd, 000288.250, 150
Trd, 000288.533, 149.0
Trd, 000288.567, 165
Trd, 000288.917, 150
Trd, 000289.167, 158
Trd, 000289.283, 148
Trd, 000290.050, 158.0
Trd, 000290.383, 159
Trd, 000290.550, 149.0
Trd, 000290.617, 148.0
Trd, 000291.133, 157
Trd, 000291.683, 154
Trd, 000292.367, 149.0
Trd, 000292.517, 154
Trd, 000293.050, 156
Trd, 000293.117, 158
Trd, 000293.733, 148.0
Trd, 000295.117, 155
Trd, 000295.517, 159
Trd, 000295.717, 153.0
Trd, 000295.733, 152.0
Trd, 000296.067, 156
Trd, 000296.667, 155
Trd, 000296.683, 158
Trd, 000296.850, 154.0
Trd, 000296.933, 154
Trd, 000296.950, 159
Trd, 000298.050, 160
Trd, 000298.083, 160
Trd, 000298.483, 154.0
Trd, 000299.000, 154.0
Trd, 000299.217, 151
Trd, 000299.683, 162.0
