Trd, 000002.000, 181
Trd, 000002.250, 196.0
Trd, 000002.317, 180
Trd, 000004.133, 175.0
Trd, 000004.483, 146
Trd, 000004.567, 144.0
Trd, 000005.183, 145
Trd, 000006.317, 173.0
Trd, 000006.483, 169
Trd, 000007.633, 157
Trd, 000008.333, 156
Trd, 000010.467, 157
Trd, 000010.883, 160
Trd, 000010.917, 157
Trd, 000011.383, 158
Trd, 000011.417, 159
Trd, 000012.067, 158
Trd, 000012.217, 157
Trd, 000012.467, 160
Trd, 000012.533, 157
Trd, 000013.967, 169.0
Trd, 000014.283, 163
Trd, 000015.033, 162
Trd, 000017.000, 165.0
Trd, 000017.133, 162
Trd, 000017.833, 161
Trd, 000018.450, 160
Trd, 000018.600, 162
Trd, 000019.233, 157
Trd, 000019.733, 148.0
Trd, 000019.883, 144.0
Trd, 000020.567, 152
Trd, 000021.800, 146
Trd, 000022.217, 146
Trd, 000022.733, 149
Trd, 000023.117, 147
Trd, 000023.517, 146
Trd, 000023.733, 148.0
Trd, 000023.883, 145
Trd, 000023.967, 172.0
Trd, 000024.733, 146
Trd, 000025.150, 145
Trd, 000025.350, 149
Trd, 000026.067, 144.0
Trd, 000026.150, 149
Trd, 000027.250, 149
Trd, 000027.450, 148
Trd, 000029.017, 158
Trd, 000030.017, 167.0
Trd, 000030.083, 157
Trd, 000031.000, 156
Trd, 000031.800, 150
Trd, 000034.000, 148.0
Trd, 000034.100, 151
Trd, 000034.550, 151
Trd, 000034.600, 146.0
Trd, 000035.117, 152
Trd, 000035.233, 152
Trd, 000036.450, 155
Trd, 000037.133, 154
Trd, 000037.333, 153
Trd, 000037.417, 148.0
Trd, 000038.967, 153
Trd, 000039.050, 155
Trd, 000039.167, 166.0
Trd, 000040.000, 152
Trd, 000040.400, 152
Trd, 000040.567, 151
Trd, 000040.950, 166.0
Trd, 000041.633, 164
Trd, 000042.767, 160
Trd, 000043.200, 152
Trd, 000043.317, 150
Trd, 000044.450, 150.0
Trd, 000045.767, 152
Trd, 000046.300, 152
Trd, 000046.400, 147
Trd, 000047.333, 148
Trd, 000048.200, 146
Trd, 000048.350, 144.0
Trd, 000050.450, 145
Trd, 000050.667, 145
Trd, 000050.983, 144
Trd, 000051.033, 145
Trd, 000052.233, 145
Trd, 000052.267, 148.0
Trd, 000053.367, 148
Trd, 000053.417, 149
Trd, 000053.467, 145
Trd, 000053.717, 144
Trd, 000053.883, 164
Trd, 000054.150, 144.0
Trd, 000055.233, 133
Trd, 000055.550, 145
Trd, 000055.633, 145
Trd, 000055.683, 144
Trd, 000056.350, 145
Trd, 000056.383, 142
Trd, 000057.283, 147
Trd, 000058.233, 147
Trd, 000058.917, 146
Trd, 000059.283, 145
Trd, 000059.383, 147
Trd, 000060.817, 165.0
Trd, 000063.033, 151.0
Trd, 000063.250, 150.0
Trd, 000064.000, 149
Trd, 000064.600, 157
Trd, 000064.900, 153
Trd, 000065.150, 157.0
Trd, 000065.233, 158.0
Trd, 000065.350, 149.0
Trd, 000067.967, 153
Trd, 000068.383, 153
Trd, 000069.067, 148.0
Trd, 000069.433, 153
Trd, 000070.617, 153
Trd, 000071.450, 146.0
Trd, 000071.750, 153
Trd, 000072.500, 152
Trd, 000073.067, 150
Trd, 000074.050, 149
Trd, 000074.117, 150
Trd, 000074.400, 148
Trd, 000074.550, 148.0
Trd, 000075.933, 150
Trd, 000076.150, 150
Trd, 000077.200, 149
Trd, 000077.450, 150
Trd, 000078.500, 161
Trd, 000079.583, 157
Trd, 000080.433, 157
Trd, 000080.533, 156
Trd, 000080.867, 156
Trd, 000080.933, 155
Trd, 000082.033, 178
Trd, 000082.250, 141
Trd, 000082.350, 137.0
Trd, 000083.767, 154
Trd, 000083.967, 175.0
Trd, 000084.450, 153
Trd, 000084.750, 161
Trd, 000085.683, 153
Trd, 000086.000, 154
Trd, 000086.317, 144.0
Trd, 000086.350, 137.0
Trd, 000087.467, 152
Trd, 000089.383, 153
Trd, 000089.867, 151
Trd, 000090.183, 151
Trd, 000090.200, 152
Trd, 000090.783, 155
Trd, 000090.800, 148.0
Trd, 000091.383, 149
Trd, 000092.200, 153
Trd, 000092.817, 149
Trd, 000095.050, 152
Trd, 000096.800, 151
Trd, 000097.083, 152
Trd, 000097.350, 151
Trd, 000097.567, 151
Trd, 000097.600, 152
Trd, 000097.950, 166
Trd, 000098.783, 154
Trd, 000099.350, 176
Trd, 000099.467, 175.0
Trd, 000100.667, 151
Trd, 000102.633, 158
Trd, 000103.933, 163
Trd, 000104.267, 158
Trd, 000104.600, 156
Trd, 000105.767, 155
Trd, 000105.783, 156
Trd, 000106.317, 157
Trd, 000106.833, 159
Trd, 000107.433, 157
Trd, 000107.700, 155
Trd, 000107.783, 172.0
Trd, 000108.067, 177
Trd, 000108.917, 149.0
Trd, 000109.950, 154
Trd, 000110.167, 153
Trd, 000110.917, 152
Trd, 000111.100, 154
Trd, 000111.483, 144.0
Trd, 000111.783, 153
Trd, 000112.183, 153
Trd, 000112.583, 138.0
Trd, 000114.450, 146
Trd, 000114.550, 145
Trd, 000114.667, 144
Trd, 000115.133, 146
Trd, 000115.450, 147
Trd, 000115.833, 148.0
Trd, 000116.533, 146.0
Trd, 000117.367, 147.0
Trd, 000117.700, 144.0
Trd, 000118.767, 144
Trd, 000119.367, 148
Trd, 000119.867, 148.0
Trd, 000120.283, 148.0
Trd, 000120.333, 148.0
Trd, 000120.850, 148
Trd, 000121.567, 165
Trd, 000121.900, 155
Trd, 000122.750, 152
Trd, 000123.567, 159
Trd, 000123.767, 160
Trd, 000125.183, 158
Trd, 000126.167, 159
Trd, 000126.400, 170.0
Trd, 000127.183, 150.0
Trd, 000127.300, 148.0
Trd, 000127.500, 144.0
Trd, 000127.667, 172.0
Trd, 000128.383, 158
Trd, 000129.150, 158
Trd, 000130.067, 158
Trd, 000130.300, 157
Trd, 000131.133, 155
Trd, 000132.133, 152
Trd, 000132.350, 148.0
Trd, 000132.617, 151
Trd, 000133.500, 148
Trd, 000133.867, 149
Trd, 000134.317, 150
Trd, 000134.967, 148.0
Trd, 000135.067, 148
Trd, 000135.833, 172.0
Trd, 000135.867, 154
Trd, 000136.867, 152
Trd, 000136.967, 144.0
Trd, 000137.933, 152
Trd, 000138.317, 153
Trd, 000139.450, 151
Trd, 000139.467, 152
Trd, 000139.633, 145
Trd, 000139.717, 144
Trd, 000139.883, 148
Trd, 000140.150, 151
Trd, 000141.800, 146
Trd, 000142.367, 149
Trd, 000143.183, 149
Trd, 000144.133, 148
Trd, 000144.300, 148
Trd, 000144.417, 144.0
Trd, 000146.067, 147
Trd, 000146.300, 147
Trd, 000147.400, 147
Trd, 000147.717, 146
Trd, 000148.317, 146
Trd, 000148.583, 144.0
Trd, 000148.900, 143.0
Trd, 000149.417, 148
Trd, 000150.633, 144
Trd, 000150.683, 144
Trd, 000151.250, 145
Trd, 000151.583, 143
Trd, 000151.767, 143
Trd, 000151.933, 145
Trd, 000152.167, 146
Trd, 000153.033, 144
Trd, 000153.217, 145
Trd, 000153.500, 144.0
Trd, 000153.983, 148.0
Trd, 000154.917, 149
Trd, 000155.600, 168.0
Trd, 000157.200, 161
Trd, 000157.867, 156
Trd, 000157.900, 155
Trd, 000158.867, 162
Trd, 000160.550, 160
Trd, 000160.750, 159
Trd, 000161.700, 161
Trd, 000162.767, 159.0
Trd, 000163.100, 158
Trd, 000163.983, 159.0
Trd, 000164.083, 157
Trd, 000164.133, 160.0
Trd, 000165.033, 151.0
Trd, 000166.200, 155
Trd, 000166.350, 146
Trd, 000166.517, 155
Trd, 000168.050, 155
Trd, 000168.933, 153
Trd, 000169.250, 152
Trd, 000169.517, 151
Trd, 000169.833, 154
Trd, 000170.083, 145.0
Trd, 000170.850, 153
Trd, 000172.117, 150
Trd, 000172.417, 172.0
Trd, 000173.250, 148
Trd, 000173.567, 147
Trd, 000174.067, 148
Trd, 000175.050, 144.0
Trd, 000175.100, 150
Trd, 000175.850, 137.0
Trd, 000176.300, 145
Trd, 000176.350, 144
Trd, 000176.500, 143
Trd, 000177.867, 134
Trd, 000178.350, 139
Trd, 000178.383, 140
Trd, 000179.083, 140
Trd, 000179.183, 148.0
Trd, 000180.133, 142
Trd, 000180.983, 142
Trd, 000181.033, 142
Trd, 000181.083, 148.0
Trd, 000182.200, 148.0
Trd, 000182.383, 148
Trd, 000183.083, 172.0
Trd, 000183.333, 148
Trd, 000184.167, 149
Trd, 000184.867, 150
Trd, 000185.150, 145.0
Trd, 000185.317, 144.0
Trd, 000186.450, 147
Trd, 000186.817, 147
Trd, 000187.117, 145
Trd, 000188.167, 146
Trd, 000188.983, 148
Trd, 000189.133, 148.0
Trd, 000189.717, 147
Trd, 000190.250, 152
Trd, 000190.600, 151
Trd, 000191.183, 152
Trd, 000193.517, 148
Trd, 000193.583, 150
Trd, 000194.350, 148.0
Trd, 000194.583, 149
Trd, 000195.117, 137.0
Trd, 000195.767, 146
Trd, 000196.583, 146
Trd, 000196.717, 145
Trd, 000197.300, 146
Trd, 000198.533, 150
Trd, 000198.733, 154
Trd, 000198.967, 152
Trd, 000199.600, 152
Trd, 000199.800, 149
Trd, 000201.567, 150
Trd, 000202.517, 149.0
Trd, 000202.900, 148.0
Trd, 000202.917, 149
Trd, 000203.150, 147
Trd, 000203.533, 144.0
Trd, 000204.367, 149
Trd, 000204.900, 140.0
Trd, 000205.017, 146
Trd, 000205.683, 146
Trd, 000206.400, 153
Trd, 000206.950, 172.0
Trd, 000208.583, 151.0
Trd, 000209.567, 152
Trd, 000209.800, 151.0
Trd, 000209.900, 151
Trd, 000210.683, 149
Trd, 000210.750, 150
Trd, 000212.200, 149
Trd, 000212.967, 137.0
Trd, 000213.267, 148.0
Trd, 000214.250, 145.0
Trd, 000214.933, 147
Trd, 000214.950, 145.0
Trd, 000215.817, 145
Trd, 000216.000, 145
Trd, 000216.067, 144.0
Trd, 000216.117, 149
Trd, 000217.000, 172.0
Trd, 000218.050, 150
Trd, 000218.067, 147
Trd, 000218.400, 146
Trd, 000218.550, 150
Trd, 000219.867, 151
Trd, 000220.100, 144.0
Trd, 000220.250, 152
Trd, 000221.200, 150
Trd, 000221.433, 150
Trd, 000222.600, 152
Trd, 000222.833, 150.0
Trd, 000224.167, 162
Trd, 000224.200, 156
Trd, 000224.633, 153.0
Trd, 000224.883, 153
Trd, 000225.067, 161
Trd, 000225.933, 149.0
Trd, 000227.600, 152
Trd, 000227.800, 152
Trd, 000227.883, 143
Trd, 000228.000, 138.0
Trd, 000228.750, 148
Trd, 000229.050, 144.0
Trd, 000229.683, 144
Trd, 000230.433, 147
Trd, 000231.100, 143
Trd, 000232.433, 141.0
Trd, 000234.833, 146
Trd, 000235.167, 146
Trd, 000235.367, 147
Trd, 000235.983, 147
Trd, 000236.050, 146.0
Trd, 000236.117, 145.0
Trd, 000236.600, 143
Trd, 000236.817, 148.0
Trd, 000237.350, 144.0
Trd, 000237.483, 168
Trd, 000238.183, 137
Trd, 000238.550, 133
Trd, 000239.283, 166
Trd, 000240.033, 166
Trd, 000240.433, 152
Trd, 000240.800, 152
Trd, 000241.300, 154
Trd, 000241.517, 154
Trd, 000241.583, 153
Trd, 000241.883, 154.0
Trd, 000242.317, 154
Trd, 000242.567, 153
Trd, 000243.433, 146
Trd, 000243.850, 142.0
Trd, 000243.983, 139.0
Trd, 000244.100, 137.0
Trd, 000244.533, 146
Trd, 000245.450, 147
Trd, 000246.550, 146.0
Trd, 000246.583, 145.0
Trd, 000247.267, 147.0
Trd, 000248.033, 147
Trd, 000248.633, 148.0
Trd, 000248.683, 147
Trd, 000248.817, 155.0
Trd, 000249.183, 153
Trd, 000249.367, 149
Trd, 000250.033, 150
Trd, 000250.133, 147
Trd, 000251.083, 152
Trd, 000252.400, 151
Trd, 000253.017, 151
Trd, 000253.333, 151
Trd, 000253.567, 152.0
Trd, 000253.833, 152
Trd, 000254.200, 151
Trd, 000254.717, 152
Trd, 000255.183, 150
Trd, 000255.517, 151.0
Trd, 000255.867, 150
Trd, 000255.883, 151.0
Trd, 000256.183, 148.0
Trd, 000256.233, 152
Trd, 000256.900, 144.0
Trd, 000257.600, 147
Trd, 000257.800, 144
Trd, 000259.183, 145
Trd, 000259.433, 146
Trd, 000259.733, 146.0
Trd, 000260.117, 146
Trd, 000260.967, 150.0
Trd, 000261.417, 151.0
Trd, 000261.733, 150.0
Trd, 000262.533, 150
Trd, 000262.667, 149.0
Trd, 000262.817, 152
Trd, 000263.083, 148
Trd, 000263.883, 148
Trd, 000263.933, 149
Trd, 000264.667, 150
Trd, 000264.933, 150
Trd, 000265.117, 153
Trd, 000265.700, 155.0
Trd, 000265.800, 150.0
Trd, 000266.500, 148.0
Trd, 000267.300, 163.0
Trd, 000268.433, 150.0
Trd, 000268.833, 150
Trd, 000269.033, 152
Trd, 000270.450, 149
Trd, 000270.500, 148.0
Trd, 000270.783, 147.0
Trd, 000270.817, 144.0
Trd, 000271.283, 148
Trd, 000271.667, 147
Trd, 000272.000, 149
Trd, 000272.067, 150
Trd, 000272.417, 149
Trd, 000272.733, 146
Trd, 000273.867, 155.0
Trd, 000274.333, 153.0
Trd, 000274.967, 153.0
Trd, 000275.333, 154.0
Trd, 000275.567, 153.0
Trd, 000275.950, 148.0
Trd, 000276.067, 149.0
Trd, 000276.500, 137.0
Trd, 000277.133, 152
Trd, 000278.517, 148
Trd, 000278.750, 144
Trd, 000279.183, 144
Trd, 000279.650, 145.0
Trd, 000280.050, 148.0
Trd, 000280.233, 144.0
Trd, 000280.667, 148
Trd, 000280.917, 145.0
Trd, 000281.167, 148
Trd, 000281.450, 148.0
Trd, 000282.000, 146
Trd, 000282.383, 147
Trd, 000282.650, 144.0
Trd, 000282.967, 143
Trd, 000283.317, 137.0
Trd, 000283.983, 143
Trd, 000284.483, 144
Trd, 000284.683, 145
Trd, 000284.867, 141
Trd, 000285.300, 144
Trd, 000286.000, 139
Trd, 000287.167, 143
Trd, 000287.183, 144
Trd, 000287.917, 147.0
Trd, 000288.333, 140
Trd, 000288.383, 140
Trd, 000288.500, 148.0
Trd, 000288.900, 165.0
Trd, 000288.967, 168.0
Trd, 000289.350, 155
Trd, 000289.650, 154
Trd, 000290.000, 149.0
Trd, 000290.250, 148.0
Trd, 000290.533, 146.0
Trd, 000292.917, 144.0
Trd, 000293.050, 150.0
Trd, 000293.300, 150
Trd, 000293.633, 147
Trd, 000293.733, 149
Trd, 000293.883, 151
Trd, 000294.133, 134
Trd, 000294.333, 144
Trd, 000294.350, 165.0
Trd, 000295.550, 153
Trd, 000296.283, 146
Trd, 000297.100, 147
Trd, 000297.317, 151
Trd, 000297.650, 148
Trd, 000298.100, 149
Trd, 000298.667, 147
Trd, 000298.733, 148
Trd, 000298.767, 147
Trd, 000298.817, 145
Trd, 000299.167, 149
Trd, 000299.900, 144.0
