Trd, 000001.833, 148.0
Trd, 000001.967, 156
Trd, 000002.250, 148
Trd, 000002.450, 144.0
Trd, 000003.750, 143
Trd, 000004.633, 128
Trd, 000005.017, 132
Trd, 000005.467, 132.0
Trd, 000006.467, 151.0
Trd, 000006.783, 162.0
Trd, 000007.083, 150
Trd, 000007.117, 132
Trd, 000008.217, 165
Trd, 000009.550, 157
Trd, 000009.683, 158
Trd, 000009.833, 159
Trd, 000010.133, 151
Trd, 000010.783, 150
Trd, 000012.533, 149
Trd, 000014.450, 150
Trd, 000014.850, 149
Trd, 000015.500, 148.0
Trd, 000016.500, 147
Trd, 000017.483, 150.0
Trd, 000017.917, 148.0
Trd, 000018.000, 147
Trd, 000018.683, 147
Trd, 000018.867, 146
Trd, 000019.267, 145
Trd, 000019.450, 144.0
Trd, 000020.217, 147
Trd, 000020.817, 149
Trd, 000021.950, 148
Trd, 000022.267, 148
Trd, 000022.283, 144
Trd, 000022.650, 149
Trd, 000022.883, 145
Trd, 000024.367, 144
Trd, 000024.500, 141.0
Trd, 000024.867, 147.0
Trd, 000025.200, 148
Trd, 000025.683, 144.0
Trd, 000026.150, 134.0
Trd, 000026.250, 149
Trd, 000026.333, 149
Trd, 000026.750, 168
Trd, 000027.283, 142
Trd, 000027.633, 137
Trd, 000027.700, 147
Trd, 000027.717, 149
Trd, 000029.000, 145
Trd, 000029.017, 149.0
Trd, 000029.117, 134.0
Trd, 000030.283, 148
Trd, 000030.833, 162.0
Trd, 000031.033, 152
Trd, 000031.233, 144.0
Trd, 000033.417, 161
Trd, 000034.350, 153
Trd, 000034.400, 155
Trd, 000034.867, 155
Trd, 000035.233, 151
Trd, 000035.517, 150
Trd, 000035.650, 144.0
Trd, 000035.800, 141.0
Trd, 000035.917, 146
Trd, 000036.950, 147
Trd, 000037.017, 148
Trd, 000037.100, 156
Trd, 000038.667, 161.0
Trd, 000040.017, 149
Trd, 000040.117, 153
Trd, 000040.433, 152
Trd, 000041.350, 153
Trd, 000042.283, 150
Trd, 000042.383, 154
Trd, 000043.017, 150
Trd, 000043.300, 144.0
Trd, 000043.717, 152
Trd, 000044.017, 141.0
Trd, 000045.050, 151
Trd, 000045.133, 151
Trd, 000046.283, 143
Trd, 000046.300, 144
Trd, 000046.433, 146
Trd, 000046.983, 145
Trd, 000047.050, 146
Trd, 000048.067, 144
Trd, 000048.217, 145
Trd, 000048.833, 144.0
Trd, 000048.867, 143
Trd, 000049.183, 149
Trd, 000049.767, 141.0
Trd, 000050.050, 144
Trd, 000050.550, 151
Trd, 000051.517, 132.0
Trd, 000051.817, 150
Trd, 000054.000, 147
Trd, 000054.783, 145.0
Trd, 000055.050, 144.0
Trd, 000055.533, 147.0
Trd, 000056.017, 151.0
Trd, 000056.100, 152
Trd, 000056.600, 149
Trd, 000057.233, 148.0
Trd, 000058.000, 148
Trd, 000058.567, 146
Trd, 000058.617, 148
Trd, 000059.350, 146
Trd, 000060.000, 145.0
Trd, 000060.067, 147
Trd, 000061.450, 145
Trd, 000062.883, 145
Trd, 000062.950, 146
Trd, 000063.067, 149
Trd, 000063.267, 144.0
Trd, 000063.517, 141.0
Trd, 000064.017, 143
Trd, 000064.333, 139
Trd, 000064.733, 142
Trd, 000065.217, 145
Trd, 000065.500, 135.0
Trd, 000065.867, 148.0
Trd, 000066.017, 148
Trd, 000066.133, 150.0
Trd, 000066.850, 149.0
Trd, 000066.883, 144
Trd, 000068.517, 144.0
Trd, 000069.217, 161.0
Trd, 000070.483, 150
Trd, 000070.583, 154
Trd, 000070.617, 154
Trd, 000071.217, 158
Trd, 000072.517, 159
Trd, 000072.883, 160.0
Trd, 000073.000, 150
Trd, 000073.033, 148.0
Trd, 000073.050, 161.0
Trd, 000075.717, 157
Trd, 000075.967, 157
Trd, 000076.650, 151
Trd, 000076.850, 151
Trd, 000077.317, 148.0
Trd, 000077.700, 152
Trd, 000077.933, 151
Trd, 000078.150, 144.0
Trd, 000078.533, 151
Trd, 000078.617, 152
Trd, 000080.667, 149
Trd, 000081.233, 147
Trd, 000081.317, 145
Trd, 000081.683, 147
Trd, 000082.133, 147
Trd, 000083.033, 149
Trd, 000083.883, 147
Trd, 000084.467, 146
Trd, 000084.967, 148.0
Trd, 000085.350, 148
Trd, 000086.150, 147
Trd, 000086.500, 148
Trd, 000087.100, 147
Trd, 000087.217, 145
Trd, 000087.800, 145
Trd, 000087.850, 148
Trd, 000088.450, 151.0
Trd, 000088.800, 161.0
Trd, 000089.117, 158
Trd, 000089.233, 162.0
Trd, 000089.483, 147.0
Trd, 000090.367, 148
Trd, 000090.617, 144.0
Trd, 000092.633, 157
Trd, 000093.033, 150.0
Trd, 000093.367, 150
Trd, 000093.450, 148.0
Trd, 000095.367, 148
Trd, 000095.400, 146
Trd, 000096.017, 149
Trd, 000097.333, 146
Trd, 000097.583, 148
Trd, 000097.733, 148
Trd, 000098.833, 148
Trd, 000099.117, 148
Trd, 000099.533, 150.0
Trd, 000099.817, 151.0
Trd, 000100.033, 162.0
Trd, 000101.033, 152
Trd, 000101.067, 150
Trd, 000101.383, 152
Trd, 000102.000, 150.0
Trd, 000102.550, 165
Trd, 000102.750, 148.0
Trd, 000103.067, 196.0
Trd, 000103.483, 171
Trd, 000104.000, 148.0
Trd, 000105.050, 170
Trd, 000105.550, 164
Trd, 000106.917, 157
Trd, 000107.350, 155
Trd, 000107.517, 156
Trd, 000107.650, 154
Trd, 000107.900, 149
Trd, 000109.467, 141.0
Trd, 000109.933, 152
Trd, 000111.133, 149
Trd, 000111.267, 144.0
Trd, 000111.400, 144
Trd, 000111.600, 151.0
Trd, 000112.333, 150
Trd, 000113.017, 149
Trd, 000113.450, 148
Trd, 000113.650, 145
Trd, 000113.767, 144.0
Trd, 000114.817, 145
Trd, 000115.567, 145
Trd, 000116.283, 144
Trd, 000117.900, 144
Trd, 000117.967, 143.0
Trd, 000118.667, 144
Trd, 000119.367, 146
Trd, 000119.617, 141
Trd, 000119.667, 141.0
Trd, 000120.133, 146
Trd, 000121.083, 152
Trd, 000121.483, 161
Trd, 000122.667, 150
Trd, 000123.667, 150
Trd, 000124.017, 152
Trd, 000124.517, 152
Trd, 000125.200, 150
Trd, 000125.867, 149
Trd, 000126.117, 149
Trd, 000126.267, 148.0
Trd, 000127.167, 148
Trd, 000127.283, 149
Trd, 000127.950, 146
Trd, 000129.733, 146
Trd, 000129.917, 148
Trd, 000130.283, 148
Trd, 000130.300, 151.0
Trd, 000130.350, 175.0
Trd, 000130.700, 148
Trd, 000130.750, 146
Trd, 000130.833, 141.0
Trd, 000131.300, 185
Trd, 000131.900, 162
Trd, 000132.133, 162
Trd, 000132.350, 161
Trd, 000132.967, 162.0
Trd, 000133.367, 163
Trd, 000133.550, 159
Trd, 000134.083, 148
Trd, 000134.233, 148.0
Trd, 000134.833, 151
Trd, 000134.917, 149
Trd, 000135.850, 150
Trd, 000136.067, 150
Trd, 000137.050, 149
Trd, 000137.283, 151
Trd, 000138.600, 149
Trd, 000138.700, 151
Trd, 000139.350, 149
Trd, 000140.117, 148
Trd, 000141.067, 148
Trd, 000141.300, 148.0
Trd, 000141.500, 149.0
Trd, 000141.633, 149
Trd, 000141.850, 151.0
Trd, 000143.750, 148.0
Trd, 000144.800, 148
Trd, 000145.100, 151
Trd, 000145.300, 149
Trd, 000146.133, 148
Trd, 000146.900, 147
Trd, 000147.317, 146
Trd, 000147.800, 146
Trd, 000147.867, 144.0
Trd, 000148.233, 141.0
Trd, 000148.267, 146
Trd, 000148.567, 147
Trd, 000148.733, 151.0
Trd, 000149.800, 148.0
Trd, 000149.967, 147
Trd, 000150.267, 146
Trd, 000150.633, 146
Trd, 000151.733, 145
Trd, 000151.867, 144.0
Trd, 000153.283, 143
Trd, 000153.367, 145
Trd, 000154.717, 141.0
Trd, 000154.767, 143
Trd, 000155.067, 144
Trd, 000156.000, 144
Trd, 000156.717, 146
Trd, 000157.567, 145.0
Trd, 000157.850, 147
Trd, 000157.983, 148
Trd, 000158.083, 144.0
Trd, 000158.767, 151.0
Trd, 000159.067, 146
Trd, 000160.400, 150
Trd, 000160.583, 151
Trd, 000161.500, 150
Trd, 000162.433, 144
Trd, 000162.700, 155
Trd, 000163.117, 145
Trd, 000163.633, 144
Trd, 000164.417, 145
Trd, 000164.483, 152
Trd, 000164.833, 151
Trd, 000166.400, 145
Trd, 000166.617, 146
Trd, 000166.683, 147
Trd, 000167.667, 144
Trd, 000167.783, 144.0
Trd, 000167.817, 134.0
Trd, 000168.633, 141
Trd, 000169.467, 141.0
Trd, 000169.817, 142
Trd, 000170.267, 142
Trd, 000170.533, 144
Trd, 000170.867, 143
Trd, 000171.433, 148
Trd, 000171.950, 146
Trd, 000172.450, 148.0
Trd, 000172.883, 149.0
Trd, 000173.650, 147
Trd, 000174.000, 149
Trd, 000174.817, 149
Trd, 000175.250, 147
Trd, 000176.783, 149
Trd, 000177.767, 149
Trd, 000177.933, 151.0
Trd, 000178.833, 148
Trd, 000179.683, 148.0
Trd, 000181.350, 155.0
Trd, 000181.550, 150
Trd, 000181.617, 154
Trd, 000182.950, 150
Trd, 000183.833, 151.0
Trd, 000183.850, 150
Trd, 000184.450, 148
Trd, 000184.933, 147
Trd, 000185.600, 146
Trd, 000186.100, 146
Trd, 000186.233, 146
Trd, 000186.417, 147
Trd, 000186.600, 151.0
Trd, 000187.267, 144.0
Trd, 000187.800, 148
Trd, 000188.350, 144
Trd, 000188.667, 145
Trd, 000188.883, 145
Trd, 000188.950, 147
Trd, 000189.917, 148.0
Trd, 000190.133, 142
Trd, 000190.533, 141.0
Trd, 000190.800, 145.0
Trd, 000191.883, 147
Trd, 000192.067, 144.0
Trd, 000192.967, 143
Trd, 000193.350, 148
Trd, 000193.650, 148
Trd, 000193.983, 162.0
Trd, 000194.100, 157
Trd, 000194.883, 150
Trd, 000197.050, 150
Trd, 000197.250, 151
Trd, 000198.300, 149
Trd, 000198.700, 148.0
Trd, 000199.517, 148.0
Trd, 000199.950, 148
Trd, 000200.283, 146
Trd, 000201.367, 146
Trd, 000202.000, 146.0
Trd, 000202.100, 148
Trd, 000202.717, 145
Trd, 000203.400, 162.0
Trd, 000204.017, 155
Trd, 000204.133, 144.0
Trd, 000204.567, 154
Trd, 000204.950, 147
Trd, 000205.417, 146
Trd, 000207.300, 158
Trd, 000207.450, 148.0
Trd, 000208.817, 147
Trd, 000209.017, 149
Trd, 000209.950, 144.0
Trd, 000210.067, 141.0
Trd, 000210.750, 148
Trd, 000210.883, 149
Trd, 000211.033, 148
Trd, 000211.167, 150
Trd, 000211.600, 162.0
Trd, 000212.667, 152
Trd, 000213.233, 154
Trd, 000213.433, 148
Trd, 000213.650, 149
Trd, 000214.283, 148
Trd, 000214.750, 148.0
Trd, 000215.683, 145
Trd, 000215.750, 137.0
Trd, 000216.100, 145
Trd, 000217.267, 148
Trd, 000217.933, 144
Trd, 000218.000, 144.0
Trd, 000218.750, 145
Trd, 000219.433, 149
Trd, 000219.550, 151.0
Trd, 000220.000, 162.0
Trd, 000220.933, 144
Trd, 000221.250, 161
Trd, 000222.133, 148
Trd, 000222.483, 159
Trd, 000223.417, 155
Trd, 000223.550, 149.0
Trd, 000224.033, 148.0
Trd, 000224.167, 156
Trd, 000225.283, 158
Trd, 000225.500, 160.0
Trd, 000226.083, 149
Trd, 000226.300, 161.0
Trd, 000228.383, 160
Trd, 000229.867, 153
Trd, 000229.983, 151
Trd, 000230.917, 150
Trd, 000232.200, 148.0
Trd, 000232.383, 149
Trd, 000232.517, 150
Trd, 000232.633, 148
Trd, 000232.717, 147
Trd, 000233.200, 148
Trd, 000233.283, 151
Trd, 000233.617, 160.0
Trd, 000234.267, 155
Trd, 000235.100, 148
Trd, 000235.483, 144.0
Trd, 000235.550, 141.0
Trd, 000235.733, 146
Trd, 000236.183, 134.0
Trd, 000236.600, 147
Trd, 000237.000, 127.0
Trd, 000237.600, 147
Trd, 000237.717, 131.0
Trd, 000238.517, 147
Trd, 000240.133, 146.0
Trd, 000240.300, 147
Trd, 000240.667, 148
Trd, 000241.067, 148.0
Trd, 000241.833, 151.0
Trd, 000242.167, 162.0
Trd, 000242.233, 156.0
Trd, 000242.633, 154
Trd, 000243.400, 159.0
Trd, 000244.233, 165.0
Trd, 000245.600, 162.0
Trd, 000245.783, 159
Trd, 000246.567, 158.0
Trd, 000246.833, 156
Trd, 000247.200, 156
Trd, 000247.633, 155
Trd, 000248.083, 157
Trd, 000248.317, 156
Trd, 000248.383, 158
Trd, 000249.150, 154.0
Trd, 000249.567, 148.0
Trd, 000250.500, 146
Trd, 000250.617, 146
Trd, 000251.317, 145
Trd, 000251.350, 144.0
Trd, 000251.783, 147
Trd, 000251.917, 151.0
Trd, 000252.617, 144.0
Trd, 000253.017, 145.0
Trd, 000253.417, 144.0
Trd, 000255.000, 144
Trd, 000255.467, 147
Trd, 000255.550, 147
Trd, 000255.617, 148
Trd, 000256.533, 157.0
Trd, 000256.750, 143
Trd, 000258.033, 149
Trd, 000258.283, 145
Trd, 000258.783, 148
Trd, 000259.767, 146
Trd, 000260.067, 149
Trd, 000260.117, 149
Trd, 000261.083, 150
Trd, 000261.467, 149
Trd, 000261.683, 150
Trd, 000262.250, 151
Trd, 000262.817, 150
Trd, 000263.000, 142.0
Trd, 000263.183, 151
Trd, 000263.717, 151
Trd, 000264.417, 152
Trd, 000264.633, 158.0
Trd, 000265.467, 151
Trd, 000266.367, 155
Trd, 000266.933, 156
Trd, 000267.400, 150
Trd, 000267.767, 160.0
Trd, 000268.300, 159
Trd, 000268.833, 151
Trd, 000268.933, 151
Trd, 000270.150, 148.0
Trd, 000270.917, 151
Trd, 000271.050, 147
Trd, 000271.417, 141.0
Trd, 000271.583, 144.0
Trd, 000271.800, 151
Trd, 000272.867, 150
Trd, 000273.033, 149
Trd, 000273.500, 155
Trd, 000274.717, 150
Trd, 000275.067, 149
Trd, 000275.533, 151.0
Trd, 000275.900, 148.0
Trd, 000276.233, 147
Trd, 000276.283, 152
Trd, 000276.300, 147
Trd, 000276.817, 145
Trd, 000277.333, 145.0
Trd, 000278.317, 151
Trd, 000278.867, 149
Trd, 000279.233, 149
Trd, 000279.250, 150
Trd, 000279.433, 151
Trd, 000279.500, 148.0
Trd, 000280.233, 156
Trd, 000281.067, 162
Trd, 000281.183, 155
Trd, 000281.550, 155
Trd, 000282.017, 162.0
Trd, 000282.133, 159
Trd, 000282.467, 158.0
Trd, 000283.483, 155
Trd, 000283.633, 158
Trd, 000284.083, 158
Trd, 000284.317, 159
Trd, 000284.650, 158.0
Trd, 000285.500, 159
Trd, 000285.650, 161
Trd, 000286.017, 154
Trd, 000286.550, 150
Trd, 000287.517, 164
Trd, 000287.833, 145
Trd, 000287.950, 144.0
Trd, 000289.000, 151
Trd, 000289.483, 151.0
Trd, 000289.683, 154
Trd, 000289.733, 155
Trd, 000290.033, 148.0
Trd, 000290.717, 155
Trd, 000291.183, 149
Trd, 000292.800, 154
Trd, 000293.567, 153
Trd, 000293.683, 153
Trd, 000294.433, 152
Trd, 000294.450, 153
Trd, 000294.650, 158.0
Trd, 000294.817, 148
Trd, 000294.933, 165
Trd, 000295.533, 153
Trd, 000296.117, 153
Trd, 000296.617, 155.0
Trd, 000296.650, 156.0
Trd, 000297.850, 157
Trd, 000297.967, 158.0
Trd, 000298.183, 150
Trd, 000298.283, 150
Trd, 000298.517, 161.0
Trd, 000299.967, 148.0
