Trd, 000001.883, 155
Trd, 000003.183, 168
Trd, 000003.783, 162
Trd, 000003.883, 161
Trd, 000005.467, 160
Trd, 000006.450, 151.0
Trd, 000008.150, 149.0
Trd, 000008.283, 149
Trd, 000009.017, 150
Trd, 000010.433, 152
Trd, 000010.550, 154
Trd, 000010.633, 151
Trd, 000012.067, 155.0
Trd, 000012.267, 157
Trd, 000012.933, 157
Trd, 000013.317, 158
Trd, 000013.950, 156
Trd, 000014.967, 157
Trd, 000015.183, 158
Trd, 000015.300, 156
Trd, 000016.750, 160
Trd, 000018.283, 160
Trd, 000018.417, 161
Trd, 000018.550, 159
Trd, 000018.783, 158
Trd, 000020.117, 156
Trd, 000020.200, 155
Trd, 000021.600, 156
Trd, 000022.100, 157
Trd, 000022.417, 155
Trd, 000022.700, 155
Trd, 000023.117, 154
Trd, 000023.983, 153
Trd, 000025.867, 154
Trd, 000026.383, 153
Trd, 000026.867, 152
Trd, 000027.400, 151.0
Trd, 000028.117, 150
Trd, 000029.667, 149
Trd, 000030.233, 149
Trd, 000030.617, 153
Trd, 000032.700, 153.0
Trd, 000033.250, 153
Trd, 000033.417, 151
Trd, 000033.983, 158
Trd, 000034.750, 151
Trd, 000035.600, 153
Trd, 000035.733, 153
Trd, 000036.417, 153.0
Trd, 000036.633, 154
Trd, 000037.283, 152
Trd, 000037.667, 153
Trd, 000038.367, 151.0
Trd, 000039.683, 151
Trd, 000040.817, 152
Trd, 000041.567, 152
Trd, 000042.033, 151
Trd, 000042.367, 151
Trd, 000043.717, 149
Trd, 000044.250, 151
Trd, 000044.717, 153
Trd, 000044.883, 150
Trd, 000047.233, 153
Trd, 000047.967, 152
Trd, 000049.167, 153.0
Trd, 000049.267, 162
Trd, 000050.683, 155.0
Trd, 000050.767, 154
Trd, 000051.767, 154
Trd, 000051.967, 151
Trd, 000053.017, 153
Trd, 000054.100, 152
Trd, 000054.267, 151.0
Trd, 000054.817, 150
Trd, 000056.700, 150
Trd, 000056.883, 151
Trd, 000057.983, 150
Trd, 000058.783, 151
Trd, 000059.017, 152
Trd, 000059.633, 149
Trd, 000059.817, 149
Trd, 000060.317, 149
Trd, 000060.650, 152
Trd, 000060.950, 148
Trd, 000061.067, 155.0
Trd, 000061.783, 152
Trd, 000064.267, 153
Trd, 000064.550, 152
Trd, 000065.033, 150
Trd, 000066.450, 152
Trd, 000066.700, 151
Trd, 000067.000, 152
Trd, 000067.567, 152
Trd, 000068.050, 155.0
Trd, 000069.367, 151
Trd, 000069.850, 157
Trd, 000071.133, 154
Trd, 000071.317, 155.0
Trd, 000071.817, 155
Trd, 000072.567, 153
Trd, 000073.267, 154
Trd, 000074.000, 151
Trd, 000075.917, 151.0
Trd, 000076.467, 152
Trd, 000076.733, 153
Trd, 000076.967, 151
Trd, 000077.417, 150
Trd, 000077.933, 151
Trd, 000078.950, 154.0
Trd, 000079.000, 152
Trd, 000079.467, 152
Trd, 000079.517, 155.0
Trd, 000080.717, 153
Trd, 000082.567, 153
Trd, 000082.700, 151.0
Trd, 000083.017, 151
Trd, 000083.250, 151
Trd, 000083.850, 150
Trd, 000084.550, 148.0
Trd, 000086.500, 149
Trd, 000087.017, 148
Trd, 000087.033, 145
Trd, 000088.433, 151
Trd, 000090.200, 155.0
Trd, 000090.700, 153
Trd, 000091.500, 154
Trd, 000091.617, 152
Trd, 000092.617, 153
Trd, 000093.033, 155
Trd, 000094.150, 155
Trd, 000094.450, 156
Trd, 000094.917, 154
Trd, 000095.283, 156
Trd, 000097.317, 154
Trd, 000098.333, 153
Trd, 000098.567, 153
Trd, 000098.583, 155.0
Trd, 000099.483, 155
Trd, 000099.833, 153
Trd, 000100.933, 151
Trd, 000101.583, 152.0
Trd, 000103.017, 153
Trd, 000103.383, 154
Trd, 000103.667, 154
Trd, 000104.917, 154.0
Trd, 000105.383, 155.0
Trd, 000106.750, 153
Trd, 000107.183, 153
Trd, 000107.683, 154
Trd, 000107.950, 155.0
Trd, 000108.833, 152
Trd, 000108.983, 155
Trd, 000111.450, 154
Trd, 000112.400, 153
Trd, 000112.967, 153
Trd, 000113.100, 152
Trd, 000113.550, 157
Trd, 000114.633, 152
Trd, 000116.067, 152
Trd, 000116.583, 151
Trd, 000116.633, 151.0
Trd, 000117.117, 151
Trd, 000118.533, 151
Trd, 000118.967, 151
Trd, 000119.650, 151
Trd, 000120.400, 152
Trd, 000120.467, 151
Trd, 000121.283, 150
Trd, 000122.650, 154
Trd, 000123.483, 155.0
Trd, 000124.683, 156.0
Trd, 000126.183, 161
Trd, 000126.400, 156
Trd, 000126.467, 152
Trd, 000126.717, 148.0
Trd, 000127.933, 149
Trd, 000128.333, 149
Trd, 000128.817, 150
Trd, 000129.000, 148
Trd, 000129.717, 148.0
Trd, 000130.483, 149
Trd, 000131.033, 145
Trd, 000131.250, 151
Trd, 000131.900, 149
Trd, 000132.333, 148
Trd, 000132.467, 152
Trd, 000132.500, 155.0
Trd, 000133.267, 152
Trd, 000134.000, 155
Trd, 000134.117, 152
Trd, 000135.350, 153
Trd, 000135.600, 153
Trd, 000136.550, 155
Trd, 000137.283, 155
Trd, 000138.250, 157
Trd, 000138.550, 157
Trd, 000138.883, 157
Trd, 000139.283, 159
Trd, 000140.667, 155
Trd, 000141.467, 154
Trd, 000141.783, 154
Trd, 000145.150, 154.0
Trd, 000145.250, 153
Trd, 000146.300, 153
Trd, 000146.700, 154
Trd, 000146.983, 152.0
Trd, 000147.917, 155.0
Trd, 000148.283, 151
Trd, 000148.367, 152
Trd, 000148.750, 151.0
Trd, 000149.267, 151
Trd, 000150.000, 151
Trd, 000150.283, 152
Trd, 000150.633, 150
Trd, 000150.667, 155.0
Trd, 000150.700, 150
Trd, 000151.617, 153
Trd, 000153.183, 156
Trd, 000154.733, 155
Trd, 000155.083, 155
Trd, 000155.433, 156
Trd, 000156.267, 155
Trd, 000157.300, 154
Trd, 000157.900, 156
Trd, 000158.117, 151.0
Trd, 000159.433, 152
Trd, 000159.817, 151
Trd, 000159.983, 153
Trd, 000161.533, 158
Trd, 000162.350, 155.0
Trd, 000163.200, 155
Trd, 000163.350, 154
Trd, 000163.917, 155
Trd, 000164.450, 154
Trd, 000165.283, 153
Trd, 000166.517, 153
Trd, 000166.900, 153
Trd, 000167.367, 153
Trd, 000168.367, 155
Trd, 000169.233, 155
Trd, 000169.433, 155
Trd, 000169.833, 155.0
Trd, 000170.050, 154
Trd, 000170.900, 152
Trd, 000171.633, 155
Trd, 000172.750, 153
Trd, 000173.133, 155
Trd, 000173.900, 151.0
Trd, 000176.533, 154
Trd, 000176.750, 153
Trd, 000178.200, 154
Trd, 000179.050, 152
Trd, 000179.283, 152
Trd, 000179.633, 153
Trd, 000180.417, 153
Trd, 000181.617, 155.0
Trd, 000181.633, 155
Trd, 000182.733, 155
Trd, 000183.283, 154
Trd, 000183.517, 152
Trd, 000184.167, 150
Trd, 000184.533, 151.0
Trd, 000185.250, 152
Trd, 000185.967, 152
Trd, 000186.117, 152
Trd, 000187.750, 154
Trd, 000189.750, 155.0
Trd, 000189.817, 152
Trd, 000191.000, 152
Trd, 000191.350, 156
Trd, 000192.667, 157
Trd, 000193.567, 158
Trd, 000193.617, 155
Trd, 000194.917, 154
Trd, 000195.450, 160
Trd, 000196.050, 155
Trd, 000196.300, 155.0
Trd, 000197.517, 155
Trd, 000197.550, 154
Trd, 000199.117, 154
Trd, 000199.400, 154
Trd, 000200.050, 151.0
Trd, 000200.233, 153
Trd, 000200.950, 152
Trd, 000201.950, 153
Trd, 000202.767, 152
Trd, 000203.000, 153
Trd, 000204.467, 153
Trd, 000204.917, 153
Trd, 000205.367, 153
Trd, 000205.583, 151
Trd, 000206.550, 153
Trd, 000207.083, 155
Trd, 000207.500, 153.0
Trd, 000207.883, 154.0
Trd, 000208.467, 152
Trd, 000210.317, 152
Trd, 000210.900, 155.0
Trd, 000210.983, 152
Trd, 000211.050, 153
Trd, 000211.517, 151
Trd, 000211.967, 154
Trd, 000212.667, 154
Trd, 000215.267, 154
Trd, 000215.500, 154
Trd, 000215.700, 154
Trd, 000216.150, 154
Trd, 000216.350, 153
Trd, 000216.450, 155
Trd, 000216.567, 154
Trd, 000217.717, 153
Trd, 000219.033, 154
Trd, 000219.100, 155.0
Trd, 000219.800, 154
Trd, 000221.300, 154
Trd, 000222.367, 152.0
Trd, 000222.567, 152.0
Trd, 000222.917, 151
Trd, 000222.950, 151
Trd, 000224.500, 152
Trd, 000225.317, 152
Trd, 000225.817, 152
Trd, 000226.433, 152
Trd, 000226.617, 151
Trd, 000228.650, 153
Trd, 000228.983, 152.0
Trd, 000229.533, 155.0
Trd, 000230.567, 152.0
Trd, 000230.700, 152
Trd, 000231.033, 152
Trd, 000232.133, 153
Trd, 000233.083, 155
Trd, 000233.800, 156
Trd, 000234.250, 155
Trd, 000235.067, 154
Trd, 000235.300, 153
Trd, 000237.283, 153
Trd, 000237.300, 151.0
Trd, 000237.783, 154
Trd, 000238.767, 150
Trd, 000238.883, 148.0
Trd, 000239.617, 150
Trd, 000239.883, 151
Trd, 000240.183, 153.0
Trd, 000240.417, 151
Trd, 000240.917, 150.0
Trd, 000241.133, 149
Trd, 000241.183, 148
Trd, 000241.700, 144.0
Trd, 000241.850, 147.0
Trd, 000242.283, 145.0
Trd, 000242.483, 148.0
Trd, 000242.867, 144
Trd, 000243.117, 142
Trd, 000243.483, 143.0
Trd, 000244.300, 144
Trd, 000244.317, 144.0
Trd, 000244.533, 151
Trd, 000245.550, 145
Trd, 000246.783, 145
Trd, 000246.833, 145
Trd, 000247.100, 145.0
Trd, 000247.233, 147.0
Trd, 000247.650, 145
Trd, 000248.917, 149.0
Trd, 000250.083, 153
Trd, 000250.317, 155.0
Trd, 000250.667, 152
Trd, 000251.500, 151.0
Trd, 000251.650, 151
Trd, 000251.700, 152
Trd, 000252.117, 147
Trd, 000252.333, 136
Trd, 000253.467, 143
Trd, 000253.483, 152
Trd, 000254.017, 144.0
Trd, 000254.083, 144
Trd, 000254.183, 142
Trd, 000254.533, 147
Trd, 000255.200, 148
Trd, 000256.150, 155.0
Trd, 000256.667, 157
Trd, 000257.083, 153
Trd, 000257.683, 152.0
Trd, 000257.767, 151.0
Trd, 000257.833, 152
Trd, 000258.033, 155
Trd, 000258.617, 151
Trd, 000259.633, 153
Trd, 000259.900, 155
Trd, 000260.533, 151
Trd, 000260.800, 151.0
Trd, 000261.383, 151.0
Trd, 000261.783, 151.0
Trd, 000262.967, 150
Trd, 000263.000, 148.0
Trd, 000263.183, 148.0
Trd, 000263.633, 147
Trd, 000263.650, 144.0
Trd, 000264.233, 144
Trd, 000264.633, 145
Trd, 000265.167, 144.0
Trd, 000266.200, 151.0
Trd, 000266.683, 143
Trd, 000267.067, 144.0
Trd, 000267.417, 143.0
Trd, 000268.500, 144.0
Trd, 000269.033, 146
Trd, 000269.250, 159
Trd, 000269.550, 156
Trd, 000270.133, 152
Trd, 000270.267, 151.0
Trd, 000271.333, 143.0
Trd, 000271.417, 147
Trd, 000271.650, 142.0
Trd, 000271.900, 143
Trd, 000272.600, 142.0
Trd, 000272.617, 141.0
Trd, 000272.950, 144.0
Trd, 000274.283, 144
Trd, 000274.383, 155.0
Trd, 000275.350, 146
Trd, 000275.733, 145
Trd, 000275.950, 149
Trd, 000276.150, 145
Trd, 000276.183, 147
Trd, 000276.267, 144
Trd, 000276.400, 146
Trd, 000276.767, 143
Trd, 000277.167, 145
Trd, 000277.267, 152
Trd, 000278.183, 161
Trd, 000278.267, 165.0
Trd, 000279.117, 159
Trd, 000279.317, 156
Trd, 000279.583, 156
Trd, 000280.017, 156
Trd, 000280.100, 156
Trd, 000280.183, 151
Trd, 000281.050, 159
Trd, 000282.133, 155
Trd, 000282.467, 155
Trd, 000282.567, 154
Trd, 000282.583, 159
Trd, 000283.233, 158
Trd, 000283.467, 159
Trd, 000283.700, 157
Trd, 000284.350, 155
Trd, 000284.417, 154.0
Trd, 000284.833, 155
Trd, 000284.917, 154.0
Trd, 000285.600, 153
Trd, 000285.633, 151.0
Trd, 000285.833, 148.0
Trd, 000286.750, 152
Trd, 000287.950, 154
Trd, 000288.083, 153
Trd, 000289.233, 153
Trd, 000289.617, 153
Trd, 000289.900, 153
Trd, 000289.933, 152
Trd, 000290.633, 151.0
Trd, 000290.700, 154
Trd, 000290.717, 148.0
Trd, 000290.967, 145.0
Trd, 000291.350, 145.0
Trd, 000291.367, 144.0
Trd, 000292.100, 145
Trd, 000292.200, 145
Trd, 000292.533, 152
Trd, 000292.767, 155.0
Trd, 000294.117, 155
Trd, 000294.200, 147
Trd, 000294.317, 146
Trd, 000294.333, 141.0
Trd, 000294.467, 144.0
Trd, 000294.600, 137
Trd, 000295.100, 143.0
Trd, 000295.350, 144.0
Trd, 000296.733, 155.0
Trd, 000297.500, 155
Trd, 000297.717, 154
Trd, 000298.233, 155
Trd, 000298.933, 157
Trd, 000299.000, 156
Trd, 000299.100, 158
Trd, 000299.733, 149
Trd, 000299.783, 148
Trd, 000299.900, 148.0
