Trd, 000001.917, 130.0
Trd, 000001.983, 131.0
Trd, 000002.833, 161.0
Trd, 000004.383, 155.0
Trd, 000004.717, 152
Trd, 000005.650, 154
Trd, 000006.050, 151
Trd, 000006.283, 151
Trd, 000006.867, 149
Trd, 000007.083, 149
Trd, 000007.833, 147
Trd, 000007.983, 145
Trd, 000008.717, 147
Trd, 000009.300, 147
Trd, 000010.017, 133
Trd, 000011.300, 141
Trd, 000011.417, 141
Trd, 000011.500, 140
Trd, 000012.033, 143
Trd, 000012.183, 143
Trd, 000014.317, 145
Trd, 000014.967, 141
Trd, 000015.000, 140
Trd, 000015.550, 149
Trd, 000015.600, 150
Trd, 000016.400, 142
Trd, 000016.650, 141
Trd, 000018.417, 154
Trd, 000018.450, 143
Trd, 000018.683, 145
Trd, 000019.550, 147
Trd, 000019.833, 147
Trd, 000019.883, 148
Trd, 000020.300, 151
Trd, 000020.817, 143
Trd, 000021.050, 144
Trd, 000021.900, 143
Trd, 000022.683, 142
Trd, 000023.117, 129
Trd, 000023.233, 131.0
Trd, 000023.650, 130
Trd, 000024.050, 157
Trd, 000025.183, 141
Trd, 000025.833, 124.0
Trd, 000026.217, 131.0
Trd, 000027.133, 157
Trd, 000027.167, 156.0
Trd, 000028.000, 155.0
Trd, 000028.533, 154
Trd, 000028.783, 157
Trd, 000030.267, 155
Trd, 000030.500, 158
Trd, 000030.600, 156
Trd, 000031.050, 155
Trd, 000031.617, 154
Trd, 000032.067, 159
Trd, 000033.417, 158.0
Trd, 000034.133, 158.0
Trd, 000034.967, 156.0
Trd, 000035.617, 155.0
Trd, 000036.333, 153
Trd, 000037.150, 153.0
Trd, 000038.067, 152.0
Trd, 000038.400, 151
Trd, 000038.833, 153
Trd, 000039.367, 150
Trd, 000039.417, 143
Trd, 000039.933, 153
Trd, 000041.050, 153
Trd, 000041.317, 154
Trd, 000042.133, 157
Trd, 000042.617, 147
Trd, 000042.650, 146
Trd, 000043.400, 143
Trd, 000045.050, 146
Trd, 000046.933, 149
Trd, 000047.017, 150
Trd, 000047.500, 148
Trd, 000047.883, 149
Trd, 000048.483, 149
Trd, 000048.700, 147
Trd, 000049.817, 158
Trd, 000050.217, 150
Trd, 000050.500, 147
Trd, 000051.050, 148
Trd, 000051.550, 147
Trd, 000051.950, 148
Trd, 000052.583, 146
Trd, 000053.233, 148
Trd, 000053.700, 157
Trd, 000054.783, 144
Trd, 000055.650, 154
Trd, 000056.133, 151
Trd, 000056.883, 147
Trd, 000057.733, 151
Trd, 000057.917, 146
Trd, 000057.967, 158
Trd, 000059.050, 161.0
Trd, 000060.700, 146
Trd, 000061.050, 145
Trd, 000061.800, 147
Trd, 000062.033, 146
Trd, 000062.183, 147
Trd, 000062.650, 144
Trd, 000062.667, 143
Trd, 000063.733, 145
Trd, 000064.417, 140
Trd, 000064.650, 137
Trd, 000064.800, 124.0
Trd, 000065.250, 144
Trd, 000065.417, 139
Trd, 000067.183, 162.0
Trd, 000067.500, 146
Trd, 000067.867, 150
Trd, 000067.983, 170.0
Trd, 000069.000, 154
Trd, 000069.183, 154
Trd, 000069.817, 156
Trd, 000071.217, 153
Trd, 000071.800, 141
Trd, 000071.933, 154
Trd, 000072.067, 131.0
Trd, 000073.067, 151
Trd, 000073.383, 140
Trd, 000074.650, 143
Trd, 000074.967, 143
Trd, 000075.683, 141
Trd, 000076.183, 138
Trd, 000076.667, 158
Trd, 000077.033, 131.0
Trd, 000077.100, 136
Trd, 000077.983, 138
Trd, 000079.067, 157.0
Trd, 000079.200, 156.0
Trd, 000079.383, 156.0
Trd, 000079.500, 155.0
Trd, 000080.950, 157.0
Trd, 000081.417, 153
Trd, 000082.133, 152
Trd, 000083.583, 155.0
Trd, 000083.867, 152
Trd, 000084.117, 153
Trd, 000084.733, 153
Trd, 000085.133, 153
Trd, 000085.517, 153
Trd, 000085.767, 150
Trd, 000086.700, 146
Trd, 000086.917, 153
Trd, 000089.083, 148
Trd, 000089.333, 147
Trd, 000090.183, 149
Trd, 000090.583, 146
Trd, 000091.717, 145
Trd, 000091.833, 147
Trd, 000092.633, 145
Trd, 000093.100, 129
Trd, 000093.417, 149
Trd, 000093.967, 152
Trd, 000094.817, 158
Trd, 000095.300, 155.0
Trd, 000095.633, 154
Trd, 000095.950, 155
Trd, 000097.767, 157
Trd, 000097.883, 156
Trd, 000098.067, 155
Trd, 000098.167, 155.0
Trd, 000099.567, 154
Trd, 000100.000, 154
Trd, 000100.517, 156
Trd, 000100.800, 157
Trd, 000101.000, 158
Trd, 000102.300, 152
Trd, 000103.383, 144
Trd, 000105.050, 149
Trd, 000105.417, 150
Trd, 000105.833, 148
Trd, 000106.250, 148
Trd, 000106.467, 143
Trd, 000106.667, 147
Trd, 000108.350, 143
Trd, 000108.433, 143
Trd, 000109.267, 143
Trd, 000109.450, 142
Trd, 000109.567, 148
Trd, 000109.733, 162.0
Trd, 000110.667, 140
Trd, 000111.317, 134
Trd, 000111.950, 134
Trd, 000112.300, 133
Trd, 000112.567, 132
Trd, 000112.950, 118.0
Trd, 000113.617, 128
Trd, 000113.833, 125
Trd, 000114.133, 131.0
Trd, 000116.583, 127
Trd, 000116.917, 127
Trd, 000117.150, 127
Trd, 000118.683, 130
Trd, 000119.250, 129
Trd, 000119.267, 127
Trd, 000119.717, 131.0
Trd, 000121.000, 134
Trd, 000122.267, 135
Trd, 000122.633, 136
Trd, 000123.050, 136.0
Trd, 000123.817, 135
Trd, 000124.417, 133
Trd, 000124.567, 133
Trd, 000125.050, 124.0
Trd, 000125.867, 123
Trd, 000126.650, 131.0
Trd, 000126.783, 126
Trd, 000127.433, 132
Trd, 000127.467, 133
Trd, 000127.867, 126
Trd, 000127.950, 134
Trd, 000128.267, 141.0
Trd, 000128.633, 162.0
Trd, 000128.783, 127
Trd, 000129.467, 143
Trd, 000131.333, 141
Trd, 000132.467, 160.0
Trd, 000132.783, 140
Trd, 000133.283, 139
Trd, 000133.383, 145
Trd, 000133.450, 146
Trd, 000133.750, 139
Trd, 000134.350, 145
Trd, 000136.067, 138
Trd, 000136.750, 139
Trd, 000137.567, 139
Trd, 000138.067, 138
Trd, 000138.817, 139
Trd, 000138.867, 141.0
Trd, 000139.500, 138
Trd, 000140.600, 136
Trd, 000141.233, 137
Trd, 000141.633, 138
Trd, 000142.550, 140.0
Trd, 000142.633, 141.0
Trd, 000143.417, 140
Trd, 000144.000, 139
Trd, 000144.883, 141.0
Trd, 000145.500, 139
Trd, 000146.050, 139
Trd, 000146.333, 158
Trd, 000147.067, 158
Trd, 000147.183, 155.0
Trd, 000147.450, 129
Trd, 000147.850, 155.0
Trd, 000148.733, 154
Trd, 000149.733, 153
Trd, 000150.583, 151
Trd, 000150.917, 153
Trd, 000151.183, 148
Trd, 000153.833, 151
Trd, 000154.383, 147
Trd, 000154.483, 149
Trd, 000155.233, 148
Trd, 000155.300, 149
Trd, 000155.967, 147
Trd, 000156.167, 146
Trd, 000157.050, 146
Trd, 000158.217, 145
Trd, 000158.333, 149
Trd, 000158.400, 158
Trd, 000159.300, 155.0
Trd, 000160.467, 151
Trd, 000161.517, 150
Trd, 000162.650, 149.0
Trd, 000162.683, 150.0
Trd, 000162.950, 148
Trd, 000163.583, 147
Trd, 000163.850, 145
Trd, 000164.800, 143
Trd, 000166.800, 142
Trd, 000166.933, 148
Trd, 000167.417, 154
Trd, 000168.500, 145
Trd, 000169.533, 145
Trd, 000170.083, 146
Trd, 000170.333, 145
Trd, 000170.383, 143
Trd, 000171.033, 145
Trd, 000171.150, 143
Trd, 000171.700, 142
Trd, 000172.650, 141
Trd, 000174.100, 141
Trd, 000175.000, 141
Trd, 000175.983, 152
Trd, 000176.367, 140
Trd, 000176.700, 140
Trd, 000176.883, 144
Trd, 000176.900, 140
Trd, 000177.617, 141
Trd, 000177.700, 143
Trd, 000179.750, 141
Trd, 000180.467, 142
Trd, 000181.017, 141
Trd, 000181.050, 141
Trd, 000181.600, 140
Trd, 000182.067, 140
Trd, 000182.583, 139
Trd, 000182.617, 141
Trd, 000182.633, 141.0
Trd, 000184.483, 139
Trd, 000184.500, 140
Trd, 000184.600, 140
Trd, 000184.650, 138
Trd, 000186.250, 139
Trd, 000187.133, 140
Trd, 000187.250, 139
Trd, 000188.483, 140
Trd, 000189.333, 141
Trd, 000189.400, 139
Trd, 000190.950, 141
Trd, 000191.217, 152
Trd, 000191.733, 153
Trd, 000192.383, 156.0
Trd, 000192.700, 155.0
Trd, 000193.900, 153
Trd, 000193.967, 150
Trd, 000194.750, 150
Trd, 000194.783, 152
Trd, 000195.750, 149
Trd, 000196.083, 151
Trd, 000196.700, 149
Trd, 000197.233, 148
Trd, 000197.317, 151
Trd, 000197.717, 152
Trd, 000197.817, 148
Trd, 000197.833, 158
Trd, 000199.950, 153
Trd, 000201.150, 149
Trd, 000201.283, 153
Trd, 000202.350, 151
Trd, 000202.900, 149
Trd, 000203.133, 150
Trd, 000203.417, 148
Trd, 000203.983, 160
Trd, 000204.400, 147
Trd, 000205.533, 155.0
Trd, 000205.933, 148
Trd, 000207.100, 150
Trd, 000208.800, 147
Trd, 000209.017, 145
Trd, 000209.367, 144
Trd, 000209.650, 143
Trd, 000209.767, 132
Trd, 000209.850, 144
Trd, 000210.033, 143
Trd, 000210.167, 141
Trd, 000210.467, 158
Trd, 000212.000, 162.0
Trd, 000212.183, 168
Trd, 000213.883, 144
Trd, 000214.800, 130.0
Trd, 000214.883, 131.0
Trd, 000215.683, 133
Trd, 000215.967, 134
Trd, 000216.083, 135
Trd, 000217.050, 136
Trd, 000218.583, 136
Trd, 000219.567, 160
Trd, 000219.833, 155.0
Trd, 000219.917, 135
Trd, 000221.417, 144
Trd, 000222.217, 143
Trd, 000222.417, 146
Trd, 000223.533, 149
Trd, 000223.567, 143
Trd, 000224.350, 143
Trd, 000224.900, 143
Trd, 000225.117, 141
Trd, 000226.017, 143
Trd, 000226.817, 143
Trd, 000229.117, 150
Trd, 000229.350, 149
Trd, 000229.783, 148
Trd, 000230.900, 147
Trd, 000231.550, 148
Trd, 000231.750, 149
Trd, 000231.967, 156
Trd, 000232.033, 146
Trd, 000233.867, 148
Trd, 000234.150, 149
Trd, 000234.567, 150
Trd, 000234.700, 143
Trd, 000235.750, 147
Trd, 000237.167, 146
Trd, 000237.867, 146
Trd, 000238.067, 146
Trd, 000238.317, 146
Trd, 000239.117, 143
Trd, 000239.517, 147
Trd, 000240.333, 149
Trd, 000240.467, 150
Trd, 000240.917, 150
Trd, 000241.217, 150
Trd, 000241.633, 148
Trd, 000241.933, 149
Trd, 000242.283, 147
Trd, 000242.733, 147
Trd, 000242.867, 150
Trd, 000243.200, 147
Trd, 000243.917, 145
Trd, 000244.700, 150
Trd, 000244.800, 149.0
Trd, 000244.917, 149
Trd, 000245.567, 156
Trd, 000245.917, 155.0
Trd, 000246.233, 151
Trd, 000246.417, 157
Trd, 000246.517, 157
Trd, 000248.133, 156
Trd, 000248.250, 157
Trd, 000248.283, 155
Trd, 000248.300, 155
Trd, 000248.800, 158
Trd, 000249.600, 158
Trd, 000249.833, 156
Trd, 000249.983, 155
Trd, 000250.233, 152
Trd, 000250.317, 150
Trd, 000250.900, 146
Trd, 000251.683, 145
Trd, 000251.883, 143
Trd, 000252.500, 144
Trd, 000252.700, 142
Trd, 000252.833, 144
Trd, 000253.033, 142
Trd, 000253.667, 143
Trd, 000254.550, 139
Trd, 000255.450, 139
Trd, 000255.750, 144.0
Trd, 000256.950, 142
Trd, 000257.283, 158
Trd, 000258.083, 154.0
Trd, 000258.483, 152
Trd, 000258.633, 150
Trd, 000258.750, 153.0
Trd, 000258.833, 154.0
Trd, 000259.417, 149
Trd, 000259.667, 151.0
Trd, 000259.817, 137.0
Trd, 000260.533, 148.0
Trd, 000261.633, 146
Trd, 000261.750, 144
Trd, 000262.217, 146
Trd, 000262.333, 144
Trd, 000262.467, 148
Trd, 000262.517, 158
Trd, 000262.867, 155
Trd, 000262.900, 147
Trd, 000265.383, 147
Trd, 000265.483, 150
Trd, 000265.600, 146
Trd, 000266.367, 153
Trd, 000266.917, 150
Trd, 000267.033, 156
Trd, 000267.183, 155.0
Trd, 000268.067, 162.0
Trd, 000268.333, 152
Trd, 000268.467, 153
Trd, 000268.633, 154
Trd, 000268.683, 153
Trd, 000268.850, 150
Trd, 000269.383, 153
Trd, 000269.700, 143
Trd, 000270.150, 139
Trd, 000271.083, 143
Trd, 000271.117, 142.0
Trd, 000271.700, 140
Trd, 000272.800, 139
Trd, 000273.383, 140
Trd, 000274.350, 140.0
Trd, 000274.667, 138.0
Trd, 000274.783, 138
Trd, 000275.150, 136
Trd, 000275.767, 131.0
Trd, 000276.150, 136
Trd, 000276.167, 143.0
Trd, 000276.467, 158
Trd, 000277.550, 153
Trd, 000277.633, 162.0
Trd, 000278.067, 153
Trd, 000278.917, 168
Trd, 000279.383, 165.0
Trd, 000279.483, 164
Trd, 000279.567, 160
Trd, 000280.633, 161
Trd, 000281.033, 160
Trd, 000281.283, 158.0
Trd, 000281.317, 160
Trd, 000281.350, 161
Trd, 000281.850, 155.0
Trd, 000282.450, 148
Trd, 000283.467, 146
Trd, 000283.700, 148
Trd, 000284.200, 153
Trd, 000284.933, 150
Trd, 000285.033, 151.0
Trd, 000285.367, 157.0
Trd, 000285.783, 147.0
Trd, 000286.117, 154
Trd, 000286.800, 143
Trd, 000287.233, 151
Trd, 000287.300, 149
Trd, 000287.600, 158
Trd, 000288.350, 156
Trd, 000288.750, 155.0
Trd, 000289.383, 153
Trd, 000289.483, 152
Trd, 000290.083, 144.0
Trd, 000290.417, 147
Trd, 000290.917, 146
Trd, 000290.933, 148
Trd, 000291.017, 152
Trd, 000291.233, 154
Trd, 000291.717, 160.0
Trd, 000292.300, 145
Trd, 000292.650, 162.0
Trd, 000293.100, 158.0
Trd, 000293.183, 162
Trd, 000293.433, 161
Trd, 000293.633, 150
Trd, 000294.083, 155.0
Trd, 000294.367, 159
Trd, 000294.883, 160
Trd, 000295.333, 155
Trd, 000297.183, 160
Trd, 000297.650, 155
Trd, 000298.300, 155
Trd, 000298.333, 159
Trd, 000298.467, 154
Trd, 000298.750, 145
Trd, 000299.100, 158
Trd, 000299.200, 143
Trd, 000299.600, 157
Trd, 000299.983, 157
