Trd, 000001.417, 172.0
Trd, 000001.900, 182.0
Trd, 000002.400, 179.0
Trd, 000003.417, 142
Trd, 000004.333, 160
Trd, 000004.950, 167
Trd, 000005.767, 151
Trd, 000006.667, 165
Trd, 000006.833, 166
Trd, 000009.317, 150
Trd, 000009.517, 151
Trd, 000009.567, 151
Trd, 000009.667, 153
Trd, 000010.733, 152
Trd, 000010.817, 150
Trd, 000011.150, 151
Trd, 000011.233, 150
Trd, 000011.417, 162.0
Trd, 000013.200, 151
Trd, 000013.517, 150
Trd, 000013.600, 157
Trd, 000014.167, 147
Trd, 000014.217, 158
Trd, 000014.700, 151.0
Trd, 000015.483, 154
Trd, 000016.050, 151
Trd, 000016.133, 153
Trd, 000016.267, 155
Trd, 000016.500, 156
Trd, 000016.900, 142
Trd, 000017.617, 155
Trd, 000018.133, 147
Trd, 000018.283, 160
Trd, 000020.117, 161.0
Trd, 000020.250, 149
Trd, 000020.450, 149
Trd, 000021.717, 161.0
Trd, 000021.883, 147
Trd, 000022.317, 159
Trd, 000022.883, 151.0
Trd, 000023.100, 154
Trd, 000023.383, 155
Trd, 000024.483, 150
Trd, 000025.967, 157
Trd, 000026.850, 158
Trd, 000027.133, 161.0
Trd, 000027.233, 156
Trd, 000027.467, 153
Trd, 000027.500, 161.0
Trd, 000027.717, 162.0
Trd, 000028.450, 151
Trd, 000029.883, 151
Trd, 000030.133, 156
Trd, 000030.467, 158
Trd, 000030.817, 155
Trd, 000030.933, 156
Trd, 000031.100, 159
Trd, 000031.967, 153
Trd, 000032.317, 162.0
Trd, 000032.900, 153
Trd, 000033.350, 152
Trd, 000034.317, 151
Trd, 000034.950, 149
Trd, 000035.300, 162
Trd, 000035.633, 159
Trd, 000035.650, 161.0
Trd, 000036.350, 153
Trd, 000036.683, 163
Trd, 000037.367, 154
Trd, 000037.450, 162
Trd, 000038.017, 156
Trd, 000038.483, 151.0
Trd, 000038.867, 152
Trd, 000039.967, 152
Trd, 000040.867, 154
Trd, 000041.033, 155
Trd, 000041.850, 155
Trd, 000041.900, 165
Trd, 000043.400, 162
Trd, 000044.533, 165
Trd, 000044.750, 151
Trd, 000044.800, 150
Trd, 000044.867, 151.0
Trd, 000045.700, 166
Trd, 000045.850, 174.0
Trd, 000046.583, 161
Trd, 000047.217, 147
Trd, 000047.267, 167
Trd, 000047.283, 143
Trd, 000047.983, 168
Trd, 000048.200, 167
Trd, 000049.267, 163
Trd, 000050.083, 158
Trd, 000050.867, 159
Trd, 000051.300, 158.0
Trd, 000051.317, 159
Trd, 000052.000, 159
Trd, 000052.150, 157
Trd, 000052.350, 160
Trd, 000052.733, 163
Trd, 000053.717, 155
Trd, 000055.433, 157
Trd, 000055.567, 156
Trd, 000055.800, 158
Trd, 000055.817, 152
Trd, 000056.283, 157
Trd, 000057.067, 155
Trd, 000057.150, 154
Trd, 000057.250, 153
Trd, 000059.650, 147.0
Trd, 000059.867, 148.0
Trd, 000060.383, 148.0
Trd, 000060.433, 151
Trd, 000061.083, 151.0
Trd, 000061.467, 155
Trd, 000061.800, 146
Trd, 000061.933, 143
Trd, 000062.667, 161.0
Trd, 000062.717, 147
Trd, 000063.433, 156
Trd, 000063.767, 162.0
Trd, 000064.150, 165
Trd, 000065.167, 163
Trd, 000065.383, 151
Trd, 000065.683, 157
Trd, 000066.500, 151.0
Trd, 000067.283, 148
Trd, 000068.567, 161
Trd, 000068.750, 162
Trd, 000069.850, 158.0
Trd, 000070.417, 141.0
Trd, 000071.383, 151
Trd, 000071.850, 152
Trd, 000072.183, 150
Trd, 000072.400, 152
Trd, 000072.450, 152
Trd, 000072.917, 152
Trd, 000073.433, 152
Trd, 000074.083, 155
Trd, 000074.267, 150
Trd, 000074.367, 151.0
Trd, 000074.817, 155
Trd, 000076.117, 150
Trd, 000076.667, 153
Trd, 000077.250, 151.0
Trd, 000078.417, 150
Trd, 000078.917, 147
Trd, 000079.167, 150
Trd, 000080.183, 147
Trd, 000080.217, 142
Trd, 000080.450, 147
Trd, 000081.033, 155
Trd, 000081.750, 162.0
Trd, 000082.933, 143
Trd, 000082.983, 162
Trd, 000083.600, 135
Trd, 000084.283, 143
Trd, 000084.583, 138
Trd, 000084.650, 150
Trd, 000085.500, 148
Trd, 000085.600, 151.0
Trd, 000086.183, 145
Trd, 000086.867, 155
Trd, 000087.083, 156
Trd, 000088.167, 146
Trd, 000088.767, 144
Trd, 000089.267, 148.0
Trd, 000089.350, 145
Trd, 000089.833, 143
Trd, 000090.217, 149.0
Trd, 000090.633, 148
Trd, 000091.650, 146
Trd, 000091.817, 151.0
Trd, 000093.067, 146
Trd, 000093.217, 149
Trd, 000093.950, 144
Trd, 000094.217, 149
Trd, 000094.617, 150
Trd, 000095.350, 150.0
Trd, 000096.517, 150.0
Trd, 000097.467, 151.0
Trd, 000097.733, 156
Trd, 000097.850, 145
Trd, 000099.167, 155
Trd, 000099.250, 147
Trd, 000099.267, 156
Trd, 000100.400, 164
Trd, 000100.483, 165
Trd, 000100.717, 175.0
Trd, 000101.667, 150.0
Trd, 000102.217, 153
Trd, 000102.817, 153
Trd, 000103.017, 155
Trd, 000103.083, 151
Trd, 000103.750, 152
Trd, 000104.183, 153
Trd, 000104.217, 156
Trd, 000104.733, 157
Trd, 000105.217, 152
Trd, 000106.483, 153
Trd, 000106.983, 152
Trd, 000107.217, 150
Trd, 000107.467, 154
Trd, 000108.383, 161.0
Trd, 000108.517, 154
Trd, 000109.033, 150
Trd, 000111.267, 157
Trd, 000111.317, 162.0
Trd, 000111.350, 154
Trd, 000112.017, 173
Trd, 000112.483, 153
Trd, 000113.767, 166
Trd, 000114.067, 164
Trd, 000114.367, 156
Trd, 000114.650, 163
Trd, 000114.683, 154
Trd, 000115.600, 165
Trd, 000116.700, 163
Trd, 000116.950, 156
Trd, 000117.233, 162
Trd, 000117.417, 155
Trd, 000118.367, 158
Trd, 000118.683, 154
Trd, 000118.983, 161
Trd, 000119.467, 151.0
Trd, 000120.733, 157
Trd, 000121.367, 157
Trd, 000121.850, 158
Trd, 000122.517, 158
Trd, 000123.367, 157
Trd, 000123.550, 161.0
Trd, 000124.917, 158
Trd, 000125.733, 159.0
Trd, 000125.883, 158.0
Trd, 000125.900, 158
Trd, 000126.583, 159
Trd, 000127.350, 159
Trd, 000127.533, 159
Trd, 000127.550, 160
Trd, 000127.600, 158
Trd, 000127.967, 162.0
Trd, 000128.433, 160
Trd, 000128.800, 164
Trd, 000129.583, 158.0
Trd, 000130.617, 158
Trd, 000130.967, 156
Trd, 000132.117, 143
Trd, 000132.233, 141.0
Trd, 000132.850, 154
Trd, 000133.217, 156
Trd, 000133.550, 153
Trd, 000134.600, 152
Trd, 000134.717, 155
Trd, 000134.850, 159.0
Trd, 000134.883, 160.0
Trd, 000134.917, 162.0
Trd, 000135.867, 162
Trd, 000137.767, 163
Trd, 000137.800, 165
Trd, 000138.317, 175.0
Trd, 000138.967, 180
Trd, 000139.517, 181
Trd, 000140.000, 173
Trd, 000140.833, 165
Trd, 000140.850, 165.0
Trd, 000141.233, 160
Trd, 000141.817, 158.0
Trd, 000142.533, 157
Trd, 000143.017, 151.0
Trd, 000143.633, 157
Trd, 000144.033, 155
Trd, 000144.883, 147
Trd, 000145.117, 156
Trd, 000145.283, 160.0
Trd, 000146.233, 151.0
Trd, 000147.083, 148
Trd, 000147.367, 148
Trd, 000147.417, 149
Trd, 000147.517, 150
Trd, 000148.067, 155
Trd, 000148.100, 160
Trd, 000148.867, 149
Trd, 000149.617, 148
Trd, 000150.917, 151.0
Trd, 000151.583, 147
Trd, 000152.483, 152
Trd, 000152.533, 153
Trd, 000152.717, 155
Trd, 000152.850, 162.0
Trd, 000153.883, 151
Trd, 000154.583, 147
Trd, 000154.717, 154
Trd, 000154.950, 154
Trd, 000155.200, 156
Trd, 000155.483, 157
Trd, 000155.617, 162.0
Trd, 000156.600, 150
Trd, 000157.067, 150
Trd, 000158.067, 151.0
Trd, 000158.083, 149
Trd, 000159.167, 157
Trd, 000159.450, 162.0
Trd, 000159.817, 156
Trd, 000160.450, 158
Trd, 000160.800, 162
Trd, 000161.117, 153
Trd, 000162.150, 154
Trd, 000162.183, 153
Trd, 000162.700, 159
Trd, 000163.717, 152
Trd, 000163.983, 155
Trd, 000164.550, 155
Trd, 000164.767, 151
Trd, 000164.950, 154
Trd, 000165.617, 155
Trd, 000166.433, 154
Trd, 000166.567, 155
Trd, 000166.900, 152
Trd, 000167.567, 153
Trd, 000168.850, 160.0
Trd, 000169.383, 162.0
Trd, 000169.617, 162
Trd, 000170.183, 153
Trd, 000170.367, 157
Trd, 000170.483, 159
Trd, 000171.533, 160
Trd, 000171.900, 161
Trd, 000172.550, 161
Trd, 000172.700, 165
Trd, 000173.667, 162
Trd, 000174.117, 156
Trd, 000174.133, 147
Trd, 000175.117, 143
Trd, 000175.550, 148.0
Trd, 000176.617, 149.0
Trd, 000177.217, 149
Trd, 000177.783, 149.0
Trd, 000178.933, 150
Trd, 000179.400, 151.0
Trd, 000179.533, 148
Trd, 000181.083, 148
Trd, 000181.250, 159.0
Trd, 000181.500, 143
Trd, 000182.400, 149.0
Trd, 000182.483, 148
Trd, 000182.500, 151.0
Trd, 000183.517, 153
Trd, 000184.250, 155
Trd, 000184.267, 162.0
Trd, 000185.650, 163
Trd, 000186.017, 165
Trd, 000186.450, 148
Trd, 000186.650, 164
Trd, 000187.167, 165
Trd, 000187.500, 175.0
Trd, 000188.917, 151.0
Trd, 000188.967, 172
Trd, 000189.250, 153
Trd, 000189.917, 153
Trd, 000189.967, 152
Trd, 000190.300, 168
Trd, 000191.283, 163
Trd, 000191.417, 151
Trd, 000192.433, 161.0
Trd, 000192.517, 147
Trd, 000192.533, 164.0
Trd, 000194.667, 162.0
Trd, 000194.917, 164
Trd, 000195.550, 168
Trd, 000196.433, 162
Trd, 000196.450, 161
Trd, 000197.033, 163
Trd, 000197.500, 162
Trd, 000197.533, 163
Trd, 000197.900, 160
Trd, 000198.633, 162
Trd, 000199.233, 162
Trd, 000199.417, 162
Trd, 000199.467, 163
Trd, 000200.750, 175.0
Trd, 000200.850, 160
Trd, 000201.100, 172
Trd, 000201.233, 159
Trd, 000202.117, 158.0
Trd, 000202.317, 153
Trd, 000203.267, 153
Trd, 000204.150, 153
Trd, 000204.617, 147
Trd, 000205.017, 145
Trd, 000205.417, 148
Trd, 000205.900, 144
Trd, 000205.950, 151
Trd, 000206.150, 152
Trd, 000207.700, 154
Trd, 000207.867, 146
Trd, 000208.050, 154
Trd, 000208.683, 147
Trd, 000208.717, 155
Trd, 000209.250, 155
Trd, 000210.800, 149.0
Trd, 000211.850, 148
Trd, 000212.667, 148
Trd, 000212.867, 147
Trd, 000213.983, 147
Trd, 000214.167, 151.0
Trd, 000214.500, 152
Trd, 000215.567, 152
Trd, 000215.683, 146
Trd, 000216.200, 150
Trd, 000216.450, 152
Trd, 000217.267, 156
Trd, 000217.400, 156
Trd, 000217.733, 162.0
Trd, 000219.217, 153
Trd, 000219.517, 155
Trd, 000219.867, 157
Trd, 000220.183, 156
Trd, 000220.383, 152
Trd, 000220.583, 152
Trd, 000221.383, 151
Trd, 000221.950, 158
Trd, 000222.883, 157
Trd, 000223.117, 158
Trd, 000224.250, 162.0
Trd, 000224.567, 153
Trd, 000226.167, 152
Trd, 000226.400, 152
Trd, 000226.517, 151
Trd, 000226.667, 154
Trd, 000227.050, 154
Trd, 000227.167, 155
Trd, 000227.350, 153
Trd, 000228.433, 161
Trd, 000228.650, 152
Trd, 000229.683, 152
Trd, 000229.767, 158
Trd, 000230.533, 158
Trd, 000231.117, 156
Trd, 000231.467, 154
Trd, 000231.550, 151
Trd, 000231.983, 150
Trd, 000232.617, 151.0
Trd, 000233.733, 152
Trd, 000234.050, 149
Trd, 000234.583, 149
Trd, 000234.717, 162.0
Trd, 000236.367, 148
Trd, 000236.500, 155
Trd, 000236.533, 155
Trd, 000236.983, 153
Trd, 000237.933, 151.0
Trd, 000238.750, 152
Trd, 000239.017, 149
Trd, 000240.283, 151.0
Trd, 000240.583, 150
Trd, 000240.700, 150
Trd, 000240.733, 153
Trd, 000241.017, 151
Trd, 000241.150, 149
Trd, 000241.333, 149
Trd, 000241.550, 151
Trd, 000242.233, 155
Trd, 000243.233, 159
Trd, 000243.450, 158
Trd, 000243.483, 165
Trd, 000243.983, 155
Trd, 000244.233, 155
Trd, 000244.667, 154
Trd, 000244.833, 153
Trd, 000245.300, 152.0
Trd, 000245.850, 153
Trd, 000245.967, 151.0
Trd, 000246.050, 147
Trd, 000246.367, 152
Trd, 000246.533, 162.0
Trd, 000246.750, 158
Trd, 000246.950, 159
Trd, 000247.033, 165
Trd, 000248.733, 161
Trd, 000249.117, 160
Trd, 000249.550, 163
Trd, 000250.217, 159
Trd, 000250.550, 158.0
Trd, 000250.617, 157
Trd, 000250.650, 160
Trd, 000250.783, 151.0
Trd, 000251.017, 161
Trd, 000251.183, 143
Trd, 000251.617, 141.0
Trd, 000253.050, 151.0
Trd, 000253.750, 155
Trd, 000253.850, 154
Trd, 000253.917, 155
Trd, 000254.533, 162.0
Trd, 000254.600, 165
Trd, 000255.517, 157
Trd, 000255.717, 155
Trd, 000256.267, 154
Trd, 000256.500, 155
Trd, 000256.533, 156
Trd, 000256.867, 151.0
Trd, 000256.933, 154
Trd, 000257.483, 155
Trd, 000257.750, 151
Trd, 000258.400, 153
Trd, 000258.500, 155
Trd, 000258.583, 152
Trd, 000258.633, 151
Trd, 000258.650, 155
Trd, 000258.833, 147
Trd, 000259.383, 173
Trd, 000260.883, 155
Trd, 000261.217, 151
Trd, 000262.683, 153
Trd, 000262.700, 154
Trd, 000262.733, 153.0
Trd, 000262.750, 155
Trd, 000263.467, 160.0
Trd, 000263.917, 157
Trd, 000263.983, 147
Trd, 000264.183, 147
Trd, 000265.100, 151.0
Trd, 000265.367, 148
Trd, 000265.383, 162.0
Trd, 000265.617, 167
Trd, 000266.567, 150
Trd, 000267.050, 141.0
Trd, 000267.133, 145
Trd, 000267.383, 147
Trd, 000267.450, 147
Trd, 000267.517, 144.0
Trd, 000267.750, 151
Trd, 000269.200, 145
Trd, 000269.317, 143
Trd, 000269.383, 143
Trd, 000269.567, 148.0
Trd, 000269.633, 150
Trd, 000270.300, 162.0
Trd, 000270.467, 151.0
Trd, 000270.900, 138
Trd, 000271.783, 149
Trd, 000271.900, 142
Trd, 000272.700, 142
Trd, 000273.233, 144.0
Trd, 000273.617, 140
Trd, 000274.100, 147
Trd, 000274.267, 148.0
Trd, 000274.800, 144
Trd, 000275.067, 144
Trd, 000275.283, 137
Trd, 000275.567, 137
Trd, 000275.667, 141
Trd, 000276.500, 144.0
Trd, 000276.733, 140
Trd, 000276.767, 145.0
Trd, 000276.950, 139
Trd, 000277.250, 145
Trd, 000277.517, 146
Trd, 000278.000, 148.0
Trd, 000278.867, 149
Trd, 000279.000, 143
Trd, 000280.250, 147
Trd, 000280.300, 151.0
Trd, 000280.667, 155
Trd, 000281.650, 149
Trd, 000281.800, 157
Trd, 000282.167, 164
Trd, 000283.200, 157
Trd, 000283.483, 159
Trd, 000284.650, 164
Trd, 000284.683, 162
Trd, 000284.800, 161
Trd, 000284.850, 165
Trd, 000285.533, 158.0
Trd, 000285.783, 172.0
Trd, 000286.067, 163
Trd, 000286.317, 162.0
Trd, 000286.667, 160
Trd, 000287.067, 162
Trd, 000287.667, 160
Trd, 000287.850, 151.0
Trd, 000288.300, 147
Trd, 000288.950, 159
Trd, 000289.350, 152
Trd, 000289.383, 160
Trd, 000289.450, 160
Trd, 000289.567, 162
Trd, 000289.967, 160
Trd, 000290.217, 162
Trd, 000290.233, 148
Trd, 000290.483, 148
Trd, 000291.383, 150.0
Trd, 000291.750, 151.0
Trd, 000291.800, 147
Trd, 000291.900, 151
Trd, 000292.233, 155
Trd, 000292.317, 141.0
Trd, 000292.633, 165
Trd, 000294.350, 166
Trd, 000295.067, 151
Trd, 000295.200, 172
Trd, 000295.217, 147
Trd, 000295.617, 151.0
Trd, 000295.917, 172
Trd, 000296.233, 154
Trd, 000296.983, 171
Trd, 000297.283, 171
Trd, 000297.550, 155
Trd, 000297.817, 147
Trd, 000297.917, 142.0
Trd, 000297.967, 169
Trd, 000298.567, 166
Trd, 000298.783, 164
Trd, 000299.050, 163
Trd, 000299.267, 157
