Trd, 000002.033, 143
Trd, 000002.133, 148.0
Trd, 000004.317, 144
Trd, 000004.367, 151.0
Trd, 000004.800, 145
Trd, 000004.933, 145
Trd, 000004.950, 144
Trd, 000005.367, 141.0
Trd, 000006.150, 144
Trd, 000006.333, 151
Trd, 000006.383, 155.0
Trd, 000007.167, 158.0
Trd, 000007.950, 153
Trd, 000009.117, 142
Trd, 000010.033, 148.0
Trd, 000010.433, 144.0
Trd, 000010.817, 151
Trd, 000011.300, 149
Trd, 000012.033, 150.0
Trd, 000012.267, 144
Trd, 000013.867, 151
Trd, 000014.150, 149.0
Trd, 000014.300, 149.0
Trd, 000014.550, 146.0
Trd, 000015.133, 141.0
Trd, 000015.517, 151
Trd, 000016.367, 142
Trd, 000016.450, 179
Trd, 000017.050, 141
Trd, 000017.183, 140
Trd, 000019.883, 146
Trd, 000020.083, 145
Trd, 000020.617, 145
Trd, 000020.717, 146
Trd, 000022.350, 149
Trd, 000022.483, 150.0
Trd, 000022.717, 148
Trd, 000022.867, 158.0
Trd, 000023.217, 168.0
Trd, 000023.467, 159.0
Trd, 000023.900, 158.0
Trd, 000024.600, 157
Trd, 000025.717, 153
Trd, 000026.333, 155.0
Trd, 000026.500, 157
Trd, 000026.650, 179
Trd, 000027.017, 152
Trd, 000027.300, 141.0
Trd, 000028.000, 156
Trd, 000028.083, 158.0
Trd, 000029.467, 142.0
Trd, 000030.083, 144.0
Trd, 000031.950, 144.0
Trd, 000032.100, 143.0
Trd, 000032.183, 151.0
Trd, 000032.467, 153.0
Trd, 000032.867, 144
Trd, 000033.833, 145
Trd, 000033.850, 146
Trd, 000033.867, 155.0
Trd, 000034.067, 138
Trd, 000034.900, 142
Trd, 000035.350, 141.0
Trd, 000037.667, 144.0
Trd, 000038.167, 145
Trd, 000038.200, 148.0
Trd, 000038.283, 151.0
Trd, 000038.717, 155.0
Trd, 000040.950, 150
Trd, 000041.650, 149
Trd, 000041.767, 151.0
Trd, 000041.833, 154
Trd, 000042.583, 150
Trd, 000043.467, 150
Trd, 000043.967, 152
Trd, 000044.683, 148
Trd, 000045.217, 150
Trd, 000045.567, 150
Trd, 000045.650, 151
Trd, 000046.200, 151
Trd, 000046.267, 150
Trd, 000046.650, 154.0
Trd, 000047.017, 148
Trd, 000048.117, 155.0
Trd, 000048.133, 158.0
Trd, 000049.600, 141.0
Trd, 000050.483, 155
Trd, 000051.083, 155
Trd, 000051.233, 145.0
Trd, 000051.417, 152
Trd, 000052.467, 153
Trd, 000052.583, 145.0
Trd, 000053.050, 145.0
Trd, 000053.417, 153
Trd, 000054.167, 150
Trd, 000055.100, 155.0
Trd, 000055.700, 148
Trd, 000055.767, 152
Trd, 000056.717, 155.0
Trd, 000057.417, 151.0
Trd, 000058.600, 153
Trd, 000058.767, 152.0
Trd, 000058.850, 158.0
Trd, 000060.233, 155.0
Trd, 000060.467, 149
Trd, 000060.617, 141.0
Trd, 000060.917, 148.0
Trd, 000061.750, 151.0
Trd, 000062.000, 145
Trd, 000062.917, 145
Trd, 000064.033, 144
Trd, 000064.283, 150
Trd, 000065.100, 150
Trd, 000065.217, 145
Trd, 000065.533, 151.0
Trd, 000065.783, 155.0
Trd, 000066.150, 144
Trd, 000067.100, 149
Trd, 000067.900, 150
Trd, 000068.050, 151.0
Trd, 000068.600, 151
Trd, 000068.700, 158.0
Trd, 000070.433, 153
Trd, 000070.783, 154.0
Trd, 000070.867, 151
Trd, 000071.583, 141.0
Trd, 000071.750, 155.0
Trd, 000072.617, 144.0
Trd, 000073.683, 147
Trd, 000074.817, 155.0
Trd, 000074.967, 158.0
Trd, 000075.900, 156
Trd, 000076.417, 147
Trd, 000077.067, 153
Trd, 000077.733, 155
Trd, 000077.967, 149
Trd, 000078.367, 158.0
Trd, 000078.650, 168.0
Trd, 000078.750, 144
Trd, 000079.583, 154.0
Trd, 000079.783, 142.0
Trd, 000079.933, 141.0
Trd, 000079.983, 155.0
Trd, 000080.417, 154
Trd, 000081.267, 172.0
Trd, 000082.183, 170.0
Trd, 000082.367, 169.0
Trd, 000083.517, 171.0
Trd, 000084.217, 168.0
Trd, 000085.133, 168
Trd, 000085.450, 168
Trd, 000085.517, 162.0
Trd, 000085.617, 160
Trd, 000086.167, 168
Trd, 000086.750, 168.0
Trd, 000086.900, 160.0
Trd, 000087.667, 166
Trd, 000088.000, 158.0
Trd, 000090.183, 156
Trd, 000090.283, 156
Trd, 000091.100, 154
Trd, 000091.267, 149.0
Trd, 000091.583, 157
Trd, 000092.300, 154
Trd, 000092.433, 152
Trd, 000093.733, 151
Trd, 000093.883, 144
Trd, 000094.117, 143
Trd, 000095.300, 148
Trd, 000095.733, 145.0
Trd, 000096.783, 148
Trd, 000096.933, 151
Trd, 000097.533, 147
Trd, 000097.783, 151.0
Trd, 000098.417, 147
Trd, 000100.183, 148
Trd, 000100.683, 149
Trd, 000100.717, 149
Trd, 000102.217, 150
Trd, 000102.733, 155.0
Trd, 000102.950, 145
Trd, 000103.217, 155.0
Trd, 000103.483, 145
Trd, 000104.333, 152
Trd, 000104.750, 154
Trd, 000105.883, 143.0
Trd, 000106.433, 158.0
Trd, 000106.450, 142.0
Trd, 000106.517, 141.0
Trd, 000106.983, 168.0
Trd, 000107.700, 155.0
Trd, 000108.267, 142
Trd, 000109.017, 144.0
Trd, 000110.500, 148
Trd, 000110.667, 148.0
Trd, 000111.183, 146.0
Trd, 000111.517, 148
Trd, 000112.033, 151.0
Trd, 000113.400, 158.0
Trd, 000113.467, 155.0
Trd, 000113.583, 158
Trd, 000114.783, 158.0
Trd, 000115.033, 158
Trd, 000116.033, 162
Trd, 000116.317, 161.0
Trd, 000117.167, 159.0
Trd, 000117.633, 160
Trd, 000117.767, 158.0
Trd, 000118.283, 160
Trd, 000118.567, 159
Trd, 000118.817, 158
Trd, 000119.083, 150
Trd, 000119.250, 141.0
Trd, 000119.467, 137.0
Trd, 000119.883, 156.0
Trd, 000121.317, 142
Trd, 000122.283, 141
Trd, 000124.583, 144.0
Trd, 000124.850, 145
Trd, 000125.767, 145
Trd, 000125.867, 146
Trd, 000126.033, 148.0
Trd, 000126.133, 143
Trd, 000126.933, 144.0
Trd, 000127.400, 145
Trd, 000127.500, 147
Trd, 000127.550, 151.0
Trd, 000128.117, 145
Trd, 000128.183, 150
Trd, 000129.583, 154
Trd, 000129.783, 153
Trd, 000130.333, 155.0
Trd, 000130.750, 153
Trd, 000130.917, 148
Trd, 000131.300, 158.0
Trd, 000132.250, 154
Trd, 000132.533, 168.0
Trd, 000132.700, 172.0
Trd, 000132.933, 152
Trd, 000133.233, 151
Trd, 000134.850, 155.0
Trd, 000135.000, 147
Trd, 000136.200, 147
Trd, 000136.733, 137.0
Trd, 000137.233, 133
Trd, 000138.733, 147
Trd, 000140.000, 140
Trd, 000140.767, 144.0
Trd, 000140.850, 147
Trd, 000140.917, 148.0
Trd, 000141.133, 147
Trd, 000142.250, 149
Trd, 000142.450, 155.0
Trd, 000142.717, 149
Trd, 000143.000, 157.0
Trd, 000143.433, 155.0
Trd, 000143.717, 154
Trd, 000144.133, 158.0
Trd, 000145.150, 162
Trd, 000145.217, 161
Trd, 000146.367, 160
Trd, 000146.533, 159
Trd, 000146.600, 151
Trd, 000147.083, 158.0
Trd, 000147.167, 161
Trd, 000147.400, 162
Trd, 000148.100, 144.0
Trd, 000148.667, 168.0
Trd, 000148.817, 164
Trd, 000149.800, 163
Trd, 000151.050, 164
Trd, 000151.250, 162
Trd, 000151.550, 170
Trd, 000152.767, 155.0
Trd, 000153.350, 152
Trd, 000153.833, 154
Trd, 000154.233, 158.0
Trd, 000154.800, 159
Trd, 000154.867, 143
Trd, 000155.267, 167.0
Trd, 000156.250, 144.0
Trd, 000156.400, 155.0
Trd, 000156.850, 154
Trd, 000156.883, 147
Trd, 000159.483, 141.0
Trd, 000159.567, 142
Trd, 000159.783, 148.0
Trd, 000159.833, 142.0
Trd, 000160.033, 141.0
Trd, 000160.767, 144.0
Trd, 000161.650, 140
Trd, 000161.950, 146
Trd, 000161.983, 140.0
Trd, 000162.317, 146
Trd, 000163.683, 142.0
Trd, 000164.167, 153.0
Trd, 000164.700, 149
Trd, 000164.850, 158.0
Trd, 000165.683, 149
Trd, 000165.700, 148
Trd, 000166.467, 151
Trd, 000166.767, 146
Trd, 000168.733, 151.0
Trd, 000168.883, 150.0
Trd, 000169.167, 151
Trd, 000169.650, 151.0
Trd, 000169.883, 144
Trd, 000170.183, 150
Trd, 000171.283, 173.0
Trd, 000171.533, 172.0
Trd, 000171.550, 158.0
Trd, 000172.017, 146
Trd, 000172.983, 158
Trd, 000173.633, 137.0
Trd, 000174.167, 149
Trd, 000174.633, 149
Trd, 000175.133, 148
Trd, 000175.150, 151.0
Trd, 000175.650, 144.0
Trd, 000177.283, 142.0
Trd, 000177.883, 146
Trd, 000178.300, 145
Trd, 000178.433, 145.0
Trd, 000179.333, 148.0
Trd, 000179.483, 147.0
Trd, 000179.767, 146.0
Trd, 000180.417, 147
Trd, 000180.833, 141.0
Trd, 000181.433, 151.0
Trd, 000181.500, 155.0
Trd, 000181.650, 168.0
Trd, 000182.333, 147
Trd, 000182.400, 146
Trd, 000183.033, 147
Trd, 000184.100, 148
Trd, 000185.183, 149
Trd, 000185.550, 151
Trd, 000186.017, 150
Trd, 000187.083, 155.0
Trd, 000187.167, 158.0
Trd, 000187.317, 153
Trd, 000187.367, 148
Trd, 000187.517, 141.0
Trd, 000188.433, 145
Trd, 000188.783, 162.0
Trd, 000189.300, 156
Trd, 000191.500, 144.0
Trd, 000193.067, 147
Trd, 000193.250, 148
Trd, 000193.283, 148.0
Trd, 000193.500, 151.0
Trd, 000193.717, 155.0
Trd, 000194.067, 153
Trd, 000194.300, 158.0
Trd, 000194.550, 154
Trd, 000194.667, 141.0
Trd, 000195.417, 144.0
Trd, 000195.517, 166.0
Trd, 000196.383, 137.0
Trd, 000197.383, 153
Trd, 000197.467, 155.0
Trd, 000198.783, 153
Trd, 000199.150, 166.0
Trd, 000199.467, 168.0
Trd, 000199.567, 162.0
Trd, 000200.600, 164.0
Trd, 000200.617, 162.0
Trd, 000200.700, 162
Trd, 000200.800, 161.0
Trd, 000200.833, 158.0
Trd, 000201.017, 141.0
Trd, 000203.383, 158.0
Trd, 000204.183, 157
Trd, 000205.617, 155
Trd, 000205.767, 158.0
Trd, 000205.900, 154
Trd, 000206.150, 153
Trd, 000206.700, 155
Trd, 000206.867, 154
Trd, 000207.167, 154
Trd, 000208.583, 152
Trd, 000208.833, 152
Trd, 000208.900, 153
Trd, 000209.450, 151
Trd, 000209.633, 153
Trd, 000210.067, 145
Trd, 000211.150, 150
Trd, 000211.433, 137.0
Trd, 000211.883, 138
Trd, 000211.917, 151
Trd, 000212.367, 154.0
Trd, 000212.950, 144.0
Trd, 000213.433, 155.0
Trd, 000214.750, 150
Trd, 000214.933, 151
Trd, 000215.200, 144
Trd, 000215.383, 158.0
Trd, 000215.567, 156
Trd, 000216.533, 154
Trd, 000216.667, 153
Trd, 000217.517, 148
Trd, 000217.633, 155
Trd, 000217.667, 147
Trd, 000218.500, 155.0
Trd, 000219.317, 149
Trd, 000220.550, 148
Trd, 000221.033, 155
Trd, 000221.367, 156
Trd, 000223.067, 145.0
Trd, 000223.100, 141.0
Trd, 000223.667, 154
Trd, 000224.317, 144
Trd, 000224.450, 153
Trd, 000224.633, 143
Trd, 000225.083, 153.0
Trd, 000226.233, 148
Trd, 000226.350, 154.0
Trd, 000227.167, 155.0
Trd, 000228.133, 154
Trd, 000228.167, 155
Trd, 000228.567, 155
Trd, 000229.033, 158.0
Trd, 000229.500, 158
Trd, 000229.750, 157
Trd, 000229.917, 164.0
Trd, 000230.350, 168.0
Trd, 000230.850, 145
Trd, 000231.783, 144
Trd, 000232.683, 144.0
Trd, 000232.850, 141.0
Trd, 000233.017, 150.0
Trd, 000233.300, 151
Trd, 000233.750, 155.0
Trd, 000234.383, 125
Trd, 000235.133, 141
Trd, 000236.450, 144
Trd, 000236.833, 148.0
Trd, 000237.100, 151.0
Trd, 000237.783, 142.0
Trd, 000238.117, 146
Trd, 000238.300, 141.0
Trd, 000238.367, 152
Trd, 000239.133, 143
Trd, 000240.450, 152.0
Trd, 000240.700, 151
Trd, 000240.717, 150
Trd, 000240.867, 147
Trd, 000241.167, 150
Trd, 000241.700, 152
Trd, 000241.983, 155.0
Trd, 000242.650, 153.0
Trd, 000243.100, 152.0
Trd, 000243.150, 155.0
Trd, 000243.317, 151
Trd, 000243.633, 155.0
Trd, 000243.850, 150.0
Trd, 000244.567, 149.0
Trd, 000245.433, 148.0
Trd, 000245.450, 142
Trd, 000245.733, 152
Trd, 000246.067, 154
Trd, 000246.400, 144.0
Trd, 000247.000, 157.0
Trd, 000247.367, 152
Trd, 000247.733, 149
Trd, 000247.883, 154
Trd, 000248.200, 153
Trd, 000248.817, 152.0
Trd, 000249.033, 152.0
Trd, 000249.183, 153
Trd, 000249.450, 154.0
Trd, 000249.467, 146
Trd, 000250.250, 154.0
Trd, 000251.000, 152.0
Trd, 000251.817, 153
Trd, 000251.833, 155.0
Trd, 000252.650, 153
Trd, 000252.750, 152
Trd, 000252.817, 148.0
Trd, 000253.800, 149
Trd, 000254.150, 151.0
Trd, 000254.200, 149.0
Trd, 000255.000, 148.0
Trd, 000255.483, 151
Trd, 000255.900, 152
Trd, 000256.583, 149.0
Trd, 000257.033, 145.0
Trd, 000257.167, 148.0
Trd, 000257.467, 144.0
Trd, 000258.283, 147
Trd, 000258.600, 151.0
Trd, 000258.867, 140.0
Trd, 000258.950, 137.0
Trd, 000259.100, 144.0
Trd, 000259.483, 158.0
Trd, 000259.833, 162.0
Trd, 000260.617, 161
Trd, 000261.883, 153
Trd, 000262.267, 154.0
Trd, 000262.900, 156
Trd, 000263.017, 155
Trd, 000263.600, 153
Trd, 000264.183, 152
Trd, 000264.550, 144.0
Trd, 000264.650, 156
Trd, 000264.700, 158.0
Trd, 000264.950, 147
Trd, 000265.067, 143
Trd, 000265.233, 127.0
Trd, 000265.950, 120.0
Trd, 000266.450, 150.0
Trd, 000266.833, 142
Trd, 000266.933, 141
Trd, 000268.533, 131
Trd, 000268.733, 136
Trd, 000269.567, 144.0
Trd, 000269.767, 148.0
Trd, 000270.017, 150
Trd, 000270.467, 147
Trd, 000270.567, 143
Trd, 000271.133, 146
Trd, 000271.217, 158.0
Trd, 000271.550, 145
Trd, 000271.567, 157.0
Trd, 000272.800, 144.0
Trd, 000273.233, 144
Trd, 000273.283, 150
Trd, 000274.100, 150
Trd, 000274.167, 148.0
Trd, 000274.233, 151.0
Trd, 000275.417, 144.0
Trd, 000275.450, 146
Trd, 000275.483, 152
Trd, 000275.683, 155.0
Trd, 000276.000, 142
Trd, 000277.033, 151
Trd, 000277.717, 157.0
Trd, 000278.050, 149.0
Trd, 000278.817, 145.0
Trd, 000278.917, 144.0
Trd, 000279.300, 143
Trd, 000279.350, 142
Trd, 000280.117, 141
Trd, 000280.750, 143
Trd, 000281.633, 148.0
Trd, 000281.717, 151.0
Trd, 000281.800, 155.0
Trd, 000282.233, 158.0
Trd, 000282.550, 145.0
Trd, 000283.117, 145.0
Trd, 000283.400, 148
Trd, 000283.567, 142.0
Trd, 000283.983, 150.0
Trd, 000284.300, 144.0
Trd, 000284.500, 150
Trd, 000285.017, 148.0
Trd, 000285.217, 141.0
Trd, 000285.667, 151.0
Trd, 000286.167, 140.0
Trd, 000286.817, 148
Trd, 000286.983, 139.0
Trd, 000287.483, 150
Trd, 000287.767, 152
Trd, 000288.800, 153
Trd, 000289.000, 155.0
Trd, 000289.550, 149.0
Trd, 000290.017, 146.0
Trd, 000290.483, 149.0
Trd, 000290.633, 148.0
Trd, 000290.733, 148
Trd, 000291.517, 144.0
Trd, 000291.600, 144
Trd, 000291.767, 156.0
Trd, 000292.550, 148
Trd, 000292.733, 147
Trd, 000293.083, 156.0
Trd, 000293.167, 141.0
Trd, 000293.383, 158.0
Trd, 000294.117, 144.0
Trd, 000294.383, 143
Trd, 000294.433, 151
Trd, 000294.900, 161.0
Trd, 000294.967, 162.0
Trd, 000295.350, 160.0
Trd, 000295.917, 159.0
Trd, 000295.950, 158.0
Trd, 000296.567, 154
Trd, 000296.700, 153
Trd, 000296.867, 155.0
Trd, 000297.100, 148
Trd, 000297.650, 172
Trd, 000298.600, 144.0
Trd, 000298.683, 142.0
Trd, 000299.450, 172
Trd, 000299.717, 168.0
Trd, 000299.983, 153
