Trd, 000000.900, 193.0
Trd, 000001.067, 137
Trd, 000001.917, 157
Trd, 000002.883, 155
Trd, 000004.583, 151
Trd, 000005.383, 145
Trd, 000005.633, 162.0
Trd, 000005.667, 163
Trd, 000005.783, 174
Trd, 000006.050, 166
Trd, 000006.500, 148.0
Trd, 000007.883, 151.0
Trd, 000008.083, 150
Trd, 000010.933, 154
Trd, 000011.250, 153
Trd, 000012.167, 153
Trd, 000012.400, 155
Trd, 000012.733, 148.0
Trd, 000013.050, 155
Trd, 000013.717, 148
Trd, 000014.717, 150
Trd, 000015.733, 150
Trd, 000015.817, 150
Trd, 000016.883, 150
Trd, 000016.917, 151
Trd, 000017.683, 148.0
Trd, 000018.033, 151.0
Trd, 000018.550, 150
Trd, 000018.600, 153
Trd, 000019.117, 148
Trd, 000019.450, 158.0
Trd, 000019.900, 151.0
Trd, 000020.933, 160
Trd, 000021.650, 155
Trd, 000021.800, 155
Trd, 000022.217, 156
Trd, 000022.283, 156
Trd, 000022.483, 155
Trd, 000023.650, 155
Trd, 000024.283, 155
Trd, 000024.333, 158.0
Trd, 000024.483, 168
Trd, 000025.133, 150
Trd, 000026.700, 158
Trd, 000026.733, 148
Trd, 000027.250, 162.0
Trd, 000027.550, 175.0
Trd, 000028.983, 151
Trd, 000029.717, 155.0
Trd, 000030.183, 154
Trd, 000030.467, 157
Trd, 000030.567, 157
Trd, 000030.600, 156
Trd, 000030.900, 158.0
Trd, 000031.183, 154
Trd, 000031.617, 158
Trd, 000032.333, 158
Trd, 000032.550, 151.0
Trd, 000033.317, 150
Trd, 000033.883, 150
Trd, 000034.233, 157
Trd, 000034.383, 150
Trd, 000035.250, 149
Trd, 000035.367, 149
Trd, 000036.267, 152
Trd, 000036.350, 158.0
Trd, 000036.850, 151.0
Trd, 000037.450, 151
Trd, 000038.950, 160
Trd, 000040.283, 161
Trd, 000041.267, 162
Trd, 000041.350, 163
Trd, 000041.550, 161
Trd, 000041.617, 158
Trd, 000041.750, 157
Trd, 000042.517, 154
Trd, 000042.933, 159
Trd, 000044.200, 159
Trd, 000044.433, 159
Trd, 000045.383, 157
Trd, 000045.867, 158
Trd, 000046.050, 158
Trd, 000046.533, 158.0
Trd, 000046.750, 157
Trd, 000046.800, 159
Trd, 000048.050, 158
Trd, 000048.233, 155
Trd, 000049.483, 159
Trd, 000049.833, 159
Trd, 000050.333, 157
Trd, 000050.567, 158.0
Trd, 000050.883, 155
Trd, 000051.050, 158
Trd, 000052.483, 155
Trd, 000053.500, 155
Trd, 000053.517, 156
Trd, 000053.983, 154
Trd, 000054.300, 152
Trd, 000055.350, 153
Trd, 000056.683, 155
Trd, 000056.700, 154
Trd, 000056.717, 152
Trd, 000057.567, 148
Trd, 000058.350, 151
Trd, 000059.867, 148
Trd, 000060.933, 150.0
Trd, 000061.067, 151.0
Trd, 000061.350, 151
Trd, 000061.483, 148
Trd, 000061.500, 153
Trd, 000061.933, 158.0
Trd, 000062.883, 145.0
Trd, 000063.283, 153
Trd, 000064.233, 154
Trd, 000065.150, 154
Trd, 000065.433, 149
Trd, 000065.700, 153
Trd, 000066.117, 150
Trd, 000066.250, 154
Trd, 000067.767, 151
Trd, 000067.800, 153
Trd, 000067.917, 153
Trd, 000068.467, 151
Trd, 000068.750, 149
Trd, 000069.050, 153
Trd, 000070.317, 153
Trd, 000071.217, 155
Trd, 000071.500, 155
Trd, 000071.767, 154
Trd, 000071.833, 154
Trd, 000073.833, 155
Trd, 000074.400, 153
Trd, 000075.283, 155.0
Trd, 000075.317, 153
Trd, 000075.717, 150
Trd, 000075.783, 150
Trd, 000076.817, 155
Trd, 000077.417, 157
Trd, 000078.117, 158.0
Trd, 000078.167, 157
Trd, 000079.783, 148.0
Trd, 000080.067, 147
Trd, 000080.200, 149
Trd, 000080.600, 162.0
Trd, 000081.233, 149.0
Trd, 000081.633, 150
Trd, 000082.200, 151.0
Trd, 000082.617, 154
Trd, 000083.483, 153
Trd, 000084.067, 153
Trd, 000084.550, 152
Trd, 000084.733, 153
Trd, 000085.650, 154
Trd, 000086.217, 154
Trd, 000086.683, 158.0
Trd, 000086.817, 153
Trd, 000086.900, 159
Trd, 000088.133, 169
Trd, 000089.067, 157
Trd, 000090.267, 168
Trd, 000090.467, 168
Trd, 000090.483, 166
Trd, 000090.833, 170
Trd, 000090.900, 163
Trd, 000092.117, 151.0
Trd, 000092.567, 154
Trd, 000093.867, 153
Trd, 000093.933, 152
Trd, 000094.233, 147
Trd, 000094.800, 152
Trd, 000095.300, 148.0
Trd, 000096.750, 149
Trd, 000096.767, 150
Trd, 000097.600, 149
Trd, 000097.800, 150
Trd, 000097.983, 162.0
Trd, 000098.433, 153
Trd, 000099.583, 151.0
Trd, 000099.600, 150
Trd, 000099.650, 148
Trd, 000100.233, 153
Trd, 000100.500, 147
Trd, 000100.633, 147
Trd, 000101.517, 158.0
Trd, 000102.750, 147.0
Trd, 000103.367, 148.0
Trd, 000103.433, 156
Trd, 000103.950, 146
Trd, 000104.267, 151.0
Trd, 000105.233, 153
Trd, 000105.667, 150
Trd, 000105.933, 150
Trd, 000107.133, 148.0
Trd, 000107.450, 146
Trd, 000108.450, 149
Trd, 000109.033, 150
Trd, 000109.467, 146.0
Trd, 000109.850, 150
Trd, 000110.400, 150
Trd, 000110.700, 151
Trd, 000110.767, 151.0
Trd, 000111.017, 150
Trd, 000112.833, 151
Trd, 000113.617, 158
Trd, 000113.633, 158.0
Trd, 000114.017, 152
Trd, 000114.067, 155
Trd, 000114.483, 153
Trd, 000114.700, 152
Trd, 000115.333, 150
Trd, 000115.900, 145.0
Trd, 000116.617, 154
Trd, 000117.117, 152
Trd, 000117.267, 153
Trd, 000118.067, 153
Trd, 000118.333, 148.0
Trd, 000118.933, 149.0
Trd, 000119.033, 147
Trd, 000119.583, 149
Trd, 000120.317, 150
Trd, 000120.383, 151.0
Trd, 000122.050, 148.0
Trd, 000122.667, 162.0
Trd, 000123.300, 153
Trd, 000123.967, 152
Trd, 000124.533, 152
Trd, 000124.633, 151
Trd, 000125.233, 152
Trd, 000125.283, 152
Trd, 000125.800, 147
Trd, 000125.883, 144.0
Trd, 000126.917, 145
Trd, 000128.583, 158.0
Trd, 000129.050, 157
Trd, 000129.900, 153
Trd, 000130.217, 153
Trd, 000130.333, 152
Trd, 000130.883, 159.0
Trd, 000132.117, 158
Trd, 000132.517, 158
Trd, 000133.983, 150
Trd, 000134.033, 148
Trd, 000134.183, 147
Trd, 000135.050, 155
Trd, 000135.617, 157
Trd, 000136.400, 155
Trd, 000136.567, 150
Trd, 000136.617, 157.0
Trd, 000137.683, 155
Trd, 000137.767, 158.0
Trd, 000138.150, 148
Trd, 000138.200, 158
Trd, 000138.917, 151
Trd, 000139.450, 155
Trd, 000139.583, 144.0
Trd, 000140.050, 153
Trd, 000140.233, 154
Trd, 000142.100, 155
Trd, 000142.467, 152
Trd, 000142.883, 151
Trd, 000142.900, 150
Trd, 000143.417, 153
Trd, 000143.550, 161
Trd, 000143.733, 153
Trd, 000144.267, 158
Trd, 000144.750, 151
Trd, 000145.533, 152
Trd, 000146.217, 150
Trd, 000147.800, 154
Trd, 000148.250, 152
Trd, 000148.917, 154
Trd, 000150.317, 158.0
Trd, 000150.467, 161.0
Trd, 000150.667, 155
Trd, 000151.200, 155
Trd, 000151.400, 162.0
Trd, 000151.783, 155
Trd, 000152.100, 153
Trd, 000153.233, 155
Trd, 000153.317, 154
Trd, 000154.117, 154
Trd, 000154.150, 155
Trd, 000154.817, 152
Trd, 000154.867, 151
Trd, 000155.167, 155
Trd, 000155.950, 154
Trd, 000156.033, 151.0
Trd, 000157.100, 155
Trd, 000158.833, 153
Trd, 000159.633, 152
Trd, 000160.100, 153
Trd, 000160.117, 151
Trd, 000160.917, 154
Trd, 000161.150, 162.0
Trd, 000161.550, 150
Trd, 000162.383, 148
Trd, 000162.933, 149
Trd, 000164.733, 151.0
Trd, 000164.833, 150
Trd, 000165.217, 150
Trd, 000165.300, 151
Trd, 000166.233, 154
Trd, 000166.800, 154
Trd, 000166.817, 151
Trd, 000167.583, 154
Trd, 000167.667, 154
Trd, 000168.500, 158.0
Trd, 000169.367, 154
Trd, 000170.617, 154
Trd, 000170.867, 157
Trd, 000171.067, 157
Trd, 000171.217, 156
Trd, 000172.350, 155
Trd, 000172.650, 156
Trd, 000172.717, 157
Trd, 000172.917, 158.0
Trd, 000172.933, 148
Trd, 000174.217, 151
Trd, 000174.867, 154
Trd, 000174.917, 151
Trd, 000175.000, 152
Trd, 000175.633, 151
Trd, 000175.900, 152
Trd, 000176.700, 151
Trd, 000177.233, 158.0
Trd, 000177.433, 148.0
Trd, 000177.500, 162.0
Trd, 000178.300, 156
Trd, 000178.750, 152
Trd, 000179.100, 155
Trd, 000180.917, 153
Trd, 000181.983, 154
Trd, 000182.533, 155
Trd, 000182.583, 155
Trd, 000183.650, 155
Trd, 000183.667, 151
Trd, 000183.833, 147
Trd, 000184.617, 156.0
Trd, 000185.500, 156
Trd, 000185.983, 146
Trd, 000187.583, 148.0
Trd, 000188.000, 146
Trd, 000188.167, 151
Trd, 000189.033, 151
Trd, 000189.667, 151.0
Trd, 000190.100, 148
Trd, 000190.283, 150
Trd, 000191.750, 148
Trd, 000192.817, 148
Trd, 000193.000, 147
Trd, 000193.100, 148.0
Trd, 000194.567, 147
Trd, 000195.467, 148
Trd, 000195.533, 144.0
Trd, 000195.600, 148
Trd, 000196.050, 149
Trd, 000196.400, 146
Trd, 000196.483, 145
Trd, 000197.033, 149
Trd, 000197.833, 147
Trd, 000198.017, 147
Trd, 000199.633, 149
Trd, 000200.167, 151.0
Trd, 000200.217, 147
Trd, 000200.317, 146
Trd, 000201.117, 151
Trd, 000202.067, 158.0
Trd, 000204.133, 155
Trd, 000204.267, 154
Trd, 000204.650, 153
Trd, 000205.483, 157
Trd, 000205.683, 151
Trd, 000205.717, 156
Trd, 000206.033, 156
Trd, 000206.333, 156
Trd, 000207.350, 157.0
Trd, 000207.417, 146
Trd, 000208.267, 155
Trd, 000208.533, 155
Trd, 000208.900, 150
Trd, 000209.867, 151.0
Trd, 000210.450, 153
Trd, 000210.533, 154
Trd, 000211.617, 154
Trd, 000212.117, 154
Trd, 000212.767, 153
Trd, 000213.050, 156.0
Trd, 000213.150, 162.0
Trd, 000213.500, 173
Trd, 000214.050, 147
Trd, 000214.983, 150
Trd, 000215.833, 151.0
Trd, 000215.900, 150
Trd, 000216.333, 156
Trd, 000217.433, 154
Trd, 000218.417, 155
Trd, 000219.033, 157
Trd, 000219.050, 156
Trd, 000219.483, 158.0
Trd, 000219.983, 157
Trd, 000220.400, 158
Trd, 000220.533, 148.0
Trd, 000220.883, 150
Trd, 000221.600, 147
Trd, 000221.733, 148.0
Trd, 000221.983, 146
Trd, 000222.600, 150
Trd, 000223.100, 154
Trd, 000224.117, 151
Trd, 000224.400, 153
Trd, 000224.800, 152
Trd, 000224.883, 145
Trd, 000225.217, 151.0
Trd, 000225.233, 152
Trd, 000225.550, 162.0
Trd, 000226.817, 150
Trd, 000227.717, 153
Trd, 000227.833, 154.0
Trd, 000227.933, 158.0
Trd, 000227.983, 150
Trd, 000228.733, 153
Trd, 000230.367, 153
Trd, 000230.600, 153
Trd, 000230.683, 153
Trd, 000230.733, 158.0
Trd, 000230.800, 162.0
Trd, 000231.200, 147
Trd, 000231.367, 159
Trd, 000232.100, 161
Trd, 000232.517, 149
Trd, 000232.533, 162.0
Trd, 000233.450, 160
Trd, 000233.850, 162
Trd, 000234.017, 170
Trd, 000234.800, 160
Trd, 000234.817, 159
Trd, 000235.083, 163
Trd, 000235.400, 160
Trd, 000236.567, 161
Trd, 000237.500, 151.0
Trd, 000238.083, 144.0
Trd, 000238.367, 151.0
Trd, 000238.767, 155
Trd, 000239.050, 154
Trd, 000239.367, 147
Trd, 000239.417, 148.0
Trd, 000240.517, 149
Trd, 000240.583, 148
Trd, 000240.917, 151
Trd, 000241.117, 150
Trd, 000241.883, 152
Trd, 000242.617, 153
Trd, 000243.150, 154
Trd, 000243.233, 152.0
Trd, 000243.400, 154
Trd, 000243.767, 153
Trd, 000243.983, 151.0
Trd, 000244.050, 146
Trd, 000244.283, 162.0
Trd, 000244.333, 168
Trd, 000244.350, 170
Trd, 000245.867, 151.0
Trd, 000246.167, 150
Trd, 000246.250, 149
Trd, 000247.017, 148
Trd, 000247.033, 149
Trd, 000247.150, 148
Trd, 000247.483, 147
Trd, 000247.583, 153
Trd, 000247.650, 144.0
Trd, 000247.800, 158.0
Trd, 000249.683, 153
Trd, 000249.883, 152
Trd, 000250.200, 154
Trd, 000250.400, 152
Trd, 000250.750, 151
Trd, 000251.583, 151
Trd, 000252.050, 154.0
Trd, 000252.083, 151.0
Trd, 000253.267, 150
Trd, 000254.183, 148
Trd, 000254.667, 148
Trd, 000254.833, 148.0
Trd, 000255.283, 147
Trd, 000255.717, 146
Trd, 000256.100, 148
Trd, 000256.517, 150
Trd, 000256.967, 151.0
Trd, 000257.483, 148
Trd, 000257.967, 147
Trd, 000258.217, 148
Trd, 000258.517, 145
Trd, 000258.950, 140
Trd, 000259.300, 143
Trd, 000259.517, 148.0
Trd, 000260.783, 143
Trd, 000260.950, 143
Trd, 000261.217, 146
Trd, 000261.550, 142
Trd, 000261.917, 141
Trd, 000261.933, 140
Trd, 000262.683, 144
Trd, 000263.250, 141
Trd, 000263.333, 141.0
Trd, 000263.850, 141
Trd, 000264.100, 143
Trd, 000264.383, 144.0
Trd, 000264.667, 144
Trd, 000265.350, 151.0
Trd, 000265.400, 152
Trd, 000265.850, 158.0
Trd, 000266.517, 148
Trd, 000267.117, 153
Trd, 000268.017, 157
Trd, 000268.700, 148.0
Trd, 000269.333, 145
Trd, 000269.533, 137
Trd, 000269.833, 149
Trd, 000270.433, 146
Trd, 000270.567, 147
Trd, 000270.667, 148.0
Trd, 000271.400, 148
Trd, 000271.600, 147
Trd, 000271.883, 146
Trd, 000272.000, 146.0
Trd, 000272.250, 147
Trd, 000272.583, 151.0
Trd, 000272.867, 149
Trd, 000272.933, 144.0
Trd, 000273.350, 149
Trd, 000273.567, 143
Trd, 000274.867, 144.0
Trd, 000275.017, 145
Trd, 000275.433, 145
Trd, 000275.700, 144
Trd, 000275.900, 142
Trd, 000276.183, 145
Trd, 000277.017, 140
Trd, 000277.683, 146
Trd, 000277.933, 146
Trd, 000278.283, 141
Trd, 000278.317, 147.0
Trd, 000278.700, 148.0
Trd, 000279.567, 147
Trd, 000280.033, 146
Trd, 000280.817, 143
Trd, 000281.017, 142
Trd, 000281.033, 148
Trd, 000281.083, 148.0
Trd, 000281.333, 149
Trd, 000281.400, 156
Trd, 000281.717, 135
Trd, 000282.183, 151.0
Trd, 000283.317, 145
Trd, 000283.400, 145.0
Trd, 000283.883, 146
Trd, 000284.117, 145.0
Trd, 000284.867, 146
Trd, 000285.850, 145
Trd, 000285.933, 143
Trd, 000285.967, 147
Trd, 000286.050, 143
Trd, 000286.700, 148.0
Trd, 000286.800, 141
Trd, 000287.250, 151.0
Trd, 000287.367, 146
Trd, 000287.867, 144
Trd, 000288.233, 138
Trd, 000288.550, 141.0
Trd, 000289.017, 148.0
Trd, 000289.583, 147
Trd, 000290.067, 148
Trd, 000291.317, 148
Trd, 000291.467, 147
Trd, 000291.650, 148
Trd, 000291.750, 146
Trd, 000291.850, 156
Trd, 000292.150, 147
Trd, 000292.633, 147
Trd, 000292.750, 145
Trd, 000293.500, 144
Trd, 000293.683, 151.0
Trd, 000293.833, 142
Trd, 000293.900, 158.0
Trd, 000294.450, 148.0
Trd, 000295.133, 150
Trd, 000295.467, 158
Trd, 000295.733, 167
Trd, 000296.200, 162.0
Trd, 000296.750, 159
Trd, 000296.817, 159
Trd, 000296.933, 155
Trd, 000297.433, 155
Trd, 000298.467, 157
Trd, 000298.850, 157
