Trd, 000001.550, 170
Trd, 000001.817, 163.0
Trd, 000002.200, 162.0
Trd, 000002.917, 126
Trd, 000003.617, 141.0
Trd, 000004.150, 155
Trd, 000004.450, 141
Trd, 000004.733, 157
Trd, 000005.933, 149
Trd, 000006.683, 151.0
Trd, 000006.983, 139.0
Trd, 000007.450, 137.0
Trd, 000007.800, 149
Trd, 000008.400, 141.0
Trd, 000009.483, 143
Trd, 000009.517, 144
Trd, 000010.600, 137
Trd, 000011.800, 143
Trd, 000012.067, 143.0
Trd, 000012.200, 148
Trd, 000013.850, 145
Trd, 000013.867, 144
Trd, 000014.850, 146
Trd, 000015.067, 148
Trd, 000015.467, 148
Trd, 000015.500, 149
Trd, 000015.917, 147
Trd, 000016.600, 146
Trd, 000016.767, 147
Trd, 000017.917, 147
Trd, 000017.967, 148
Trd, 000018.717, 147
Trd, 000019.367, 148
Trd, 000020.000, 148
Trd, 000020.583, 149
Trd, 000021.050, 148
Trd, 000021.200, 147
Trd, 000021.400, 149
Trd, 000021.983, 148
Trd, 000022.250, 148
Trd, 000023.517, 145
Trd, 000023.700, 141.0
Trd, 000024.283, 145
Trd, 000024.567, 144
Trd, 000024.900, 145
Trd, 000025.417, 144
Trd, 000026.183, 149
Trd, 000026.983, 144
Trd, 000028.367, 150.0
Trd, 000029.267, 142.0
Trd, 000030.033, 147
Trd, 000030.967, 145
Trd, 000031.217, 145
Trd, 000031.333, 147
Trd, 000031.400, 147
Trd, 000031.800, 147
Trd, 000033.017, 148
Trd, 000033.267, 149
Trd, 000033.333, 145
Trd, 000034.650, 146
Trd, 000034.833, 147.0
Trd, 000036.850, 147
Trd, 000037.067, 142.0
Trd, 000038.050, 145.0
Trd, 000038.700, 144
Trd, 000038.833, 144
Trd, 000039.433, 140
Trd, 000040.067, 142
Trd, 000041.617, 141
Trd, 000042.150, 141
Trd, 000042.517, 143
Trd, 000042.550, 148
Trd, 000042.650, 162.0
Trd, 000045.050, 146
Trd, 000045.183, 145
Trd, 000045.533, 147
Trd, 000046.317, 146
Trd, 000046.717, 146
Trd, 000047.383, 147
Trd, 000047.517, 145
Trd, 000047.583, 148
Trd, 000048.733, 144.0
Trd, 000049.867, 145
Trd, 000050.100, 143.0
Trd, 000052.200, 142
Trd, 000052.233, 144
Trd, 000052.700, 143
Trd, 000053.117, 142
Trd, 000053.367, 142
Trd, 000053.567, 141
Trd, 000053.617, 140
Trd, 000054.133, 141.0
Trd, 000054.400, 137.0
Trd, 000054.833, 141
Trd, 000054.850, 143
Trd, 000056.017, 141
Trd, 000058.083, 142.0
Trd, 000058.433, 142.0
Trd, 000058.633, 143
Trd, 000060.367, 145
Trd, 000060.383, 148
Trd, 000060.700, 162.0
Trd, 000061.683, 149
Trd, 000062.417, 149
Trd, 000062.733, 150
Trd, 000063.217, 148
Trd, 000063.983, 147
Trd, 000064.150, 149
Trd, 000064.417, 150
Trd, 000065.700, 144
Trd, 000066.167, 142.0
Trd, 000066.417, 148
Trd, 000066.717, 142.0
Trd, 000067.317, 140
Trd, 000068.150, 146
Trd, 000068.583, 145
Trd, 000068.683, 151.0
Trd, 000070.233, 145
Trd, 000070.500, 145
Trd, 000071.467, 144
Trd, 000071.900, 143
Trd, 000072.467, 146
Trd, 000073.633, 145
Trd, 000074.033, 143
Trd, 000074.250, 146
Trd, 000074.350, 141.0
Trd, 000074.533, 146
Trd, 000076.300, 143
Trd, 000076.850, 144
Trd, 000077.217, 143
Trd, 000077.583, 144
Trd, 000078.750, 145
Trd, 000079.567, 143
Trd, 000080.483, 148
Trd, 000081.050, 146
Trd, 000081.217, 161
Trd, 000081.567, 145
Trd, 000081.950, 153
Trd, 000082.500, 139
Trd, 000083.483, 144
Trd, 000083.633, 143
Trd, 000084.100, 140
Trd, 000085.150, 139
Trd, 000085.467, 140
Trd, 000085.650, 138
Trd, 000086.283, 139
Trd, 000086.350, 140
Trd, 000086.650, 138
Trd, 000086.817, 140
Trd, 000087.033, 137.0
Trd, 000088.067, 138
Trd, 000088.617, 141
Trd, 000090.300, 140
Trd, 000090.917, 139
Trd, 000091.250, 141
Trd, 000091.450, 141
Trd, 000092.450, 142
Trd, 000092.850, 143
Trd, 000093.133, 148
Trd, 000094.933, 143
Trd, 000095.300, 157.0
Trd, 000096.433, 149
Trd, 000096.750, 149
Trd, 000097.550, 148
Trd, 000097.750, 145
Trd, 000099.033, 145
Trd, 000099.367, 145
Trd, 000099.667, 146
Trd, 000099.883, 145
Trd, 000100.717, 146
Trd, 000102.200, 146
Trd, 000103.350, 147
Trd, 000103.833, 145
Trd, 000104.483, 145
Trd, 000104.700, 145
Trd, 000105.733, 142.0
Trd, 000106.133, 142
Trd, 000107.000, 141.0
Trd, 000107.600, 142
Trd, 000108.183, 142
Trd, 000108.283, 150
Trd, 000108.633, 144
Trd, 000109.167, 142
Trd, 000109.283, 143
Trd, 000109.550, 144
Trd, 000109.733, 145
Trd, 000112.800, 144
Trd, 000112.833, 143
Trd, 000113.183, 141.0
Trd, 000114.617, 131
Trd, 000115.050, 140
Trd, 000115.533, 139
Trd, 000115.717, 138.0
Trd, 000115.767, 137.0
Trd, 000116.117, 140
Trd, 000116.317, 140
Trd, 000117.017, 146
Trd, 000117.083, 137
Trd, 000117.800, 148
Trd, 000118.950, 153
Trd, 000119.550, 154
Trd, 000119.833, 154
Trd, 000120.367, 151
Trd, 000121.100, 152
Trd, 000121.167, 142
Trd, 000121.400, 151
Trd, 000122.217, 149.0
Trd, 000122.900, 148
Trd, 000123.200, 148
Trd, 000123.400, 147
Trd, 000123.633, 146
Trd, 000123.717, 148
Trd, 000124.817, 147
Trd, 000124.883, 150
Trd, 000126.333, 147
Trd, 000127.250, 148
Trd, 000128.033, 145
Trd, 000128.317, 146
Trd, 000129.017, 148
Trd, 000129.050, 150
Trd, 000130.083, 149
Trd, 000130.600, 150
Trd, 000130.867, 149
Trd, 000131.600, 149.0
Trd, 000133.083, 150
Trd, 000134.617, 148
Trd, 000135.067, 148
Trd, 000135.367, 148
Trd, 000135.450, 147
Trd, 000135.550, 148
Trd, 000135.717, 148
Trd, 000135.950, 147
Trd, 000136.967, 141.0
Trd, 000137.000, 143
Trd, 000138.033, 143.0
Trd, 000139.633, 141.0
Trd, 000139.933, 145
Trd, 000141.200, 145
Trd, 000141.867, 145
Trd, 000142.100, 145
Trd, 000143.133, 147
Trd, 000143.483, 146
Trd, 000143.633, 147
Trd, 000144.267, 147
Trd, 000144.750, 146
Trd, 000145.350, 146
Trd, 000145.667, 147
Trd, 000145.833, 146
Trd, 000145.900, 148
Trd, 000147.033, 142.0
Trd, 000147.050, 141.0
Trd, 000147.233, 146
Trd, 000147.933, 140
Trd, 000148.950, 141
Trd, 000149.817, 141
Trd, 000149.983, 142
Trd, 000151.917, 140
Trd, 000152.233, 140
Trd, 000152.950, 138
Trd, 000153.167, 148
Trd, 000153.767, 139.0
Trd, 000153.983, 140
Trd, 000154.950, 155
Trd, 000155.533, 154
Trd, 000156.250, 154
Trd, 000156.567, 152
Trd, 000156.783, 149
Trd, 000157.200, 147
Trd, 000158.550, 148
Trd, 000159.000, 148
Trd, 000160.400, 144
Trd, 000160.617, 146
Trd, 000160.650, 147
Trd, 000160.900, 148
Trd, 000161.933, 146
Trd, 000163.083, 146
Trd, 000164.117, 146
Trd, 000164.200, 145
Trd, 000164.300, 145
Trd, 000164.500, 145
Trd, 000165.950, 145
Trd, 000166.067, 146
Trd, 000166.567, 145
Trd, 000167.717, 147
Trd, 000168.200, 150
Trd, 000168.617, 150.0
Trd, 000169.533, 150.0
Trd, 000170.150, 151.0
Trd, 000170.283, 150
Trd, 000171.150, 151
Trd, 000171.300, 149
Trd, 000172.233, 147
Trd, 000172.700, 141.0
Trd, 000173.483, 144
Trd, 000173.500, 147
Trd, 000175.067, 143
Trd, 000175.317, 144
Trd, 000175.483, 143
Trd, 000176.183, 144
Trd, 000176.283, 140
Trd, 000176.783, 142
Trd, 000177.683, 144
Trd, 000177.817, 143
Trd, 000178.167, 143
Trd, 000178.333, 147
Trd, 000179.800, 144
Trd, 000180.233, 145
Trd, 000180.983, 145
Trd, 000181.600, 147
Trd, 000182.917, 148
Trd, 000182.933, 151.0
Trd, 000183.733, 150
Trd, 000184.300, 147
Trd, 000184.817, 146
Trd, 000184.900, 146
Trd, 000185.250, 145
Trd, 000185.750, 141.0
Trd, 000186.683, 142
Trd, 000186.733, 142
Trd, 000187.317, 141.0
Trd, 000187.733, 142
Trd, 000187.967, 143
Trd, 000188.700, 146
Trd, 000188.767, 147
Trd, 000189.967, 148
Trd, 000190.233, 147
Trd, 000191.150, 147
Trd, 000191.250, 148
Trd, 000192.717, 149
Trd, 000193.133, 150
Trd, 000193.817, 148
Trd, 000194.400, 150
Trd, 000194.483, 148
Trd, 000194.633, 148
Trd, 000194.950, 141.0
Trd, 000195.717, 140
Trd, 000195.750, 141
Trd, 000196.333, 137
Trd, 000196.900, 137
Trd, 000197.417, 136
Trd, 000197.583, 138
Trd, 000197.633, 137
Trd, 000198.667, 137
Trd, 000199.733, 146
Trd, 000200.200, 142
Trd, 000200.467, 146
Trd, 000201.200, 142
Trd, 000201.800, 147
Trd, 000203.050, 146
Trd, 000204.017, 146
Trd, 000204.250, 145
Trd, 000204.433, 146
Trd, 000204.483, 141.0
Trd, 000205.750, 142
Trd, 000207.267, 141
Trd, 000207.700, 140
Trd, 000207.833, 139
Trd, 000207.850, 140
Trd, 000208.250, 138
Trd, 000208.367, 141
Trd, 000209.050, 145
Trd, 000209.550, 140
Trd, 000210.283, 144
Trd, 000210.383, 138
Trd, 000210.983, 148
Trd, 000212.283, 146
Trd, 000212.317, 146
Trd, 000212.733, 145
Trd, 000213.017, 146.0
Trd, 000213.600, 146
Trd, 000213.817, 146
Trd, 000215.883, 148
Trd, 000216.033, 149
Trd, 000217.033, 146
Trd, 000217.167, 150
Trd, 000217.717, 145
Trd, 000218.767, 145
Trd, 000219.000, 147
Trd, 000219.967, 145
Trd, 000221.317, 146
Trd, 000221.883, 145
Trd, 000222.283, 144
Trd, 000222.900, 145
Trd, 000223.733, 141.0
Trd, 000224.167, 145
Trd, 000224.383, 149
Trd, 000225.200, 148
Trd, 000225.850, 149
Trd, 000225.983, 148
Trd, 000227.150, 142
Trd, 000227.683, 145
Trd, 000228.867, 148
Trd, 000229.650, 147
Trd, 000230.533, 148
Trd, 000230.783, 148
Trd, 000231.200, 150
Trd, 000231.283, 149
Trd, 000231.417, 146
Trd, 000232.217, 149
Trd, 000234.900, 144
Trd, 000235.517, 144
Trd, 000235.533, 146
Trd, 000235.833, 142.0
Trd, 000236.317, 142.0
Trd, 000236.417, 144
Trd, 000236.933, 143
Trd, 000237.367, 143
Trd, 000238.183, 141.0
Trd, 000238.433, 142
Trd, 000239.317, 141.0
Trd, 000239.533, 140
Trd, 000239.650, 143
Trd, 000240.567, 140
Trd, 000240.800, 144
Trd, 000242.717, 148
Trd, 000242.767, 147
Trd, 000243.083, 153.0
Trd, 000243.200, 144
Trd, 000243.817, 145
Trd, 000244.650, 147.0
Trd, 000246.400, 144
Trd, 000246.583, 145
Trd, 000247.033, 144
Trd, 000247.150, 144
Trd, 000247.617, 145
Trd, 000248.000, 145
Trd, 000249.417, 146
Trd, 000249.683, 147
Trd, 000250.883, 147
Trd, 000251.017, 147
Trd, 000251.033, 146
Trd, 000251.083, 143
Trd, 000251.167, 148
Trd, 000251.600, 142
Trd, 000251.633, 142
Trd, 000253.283, 145.0
Trd, 000253.300, 142
Trd, 000253.433, 162.0
Trd, 000254.133, 165.0
Trd, 000255.100, 163.0
Trd, 000255.400, 162.0
Trd, 000255.633, 162
Trd, 000256.533, 161
Trd, 000256.833, 160
Trd, 000257.250, 161
Trd, 000257.533, 162
Trd, 000259.183, 150
Trd, 000259.300, 150
Trd, 000259.583, 147
Trd, 000259.733, 148
Trd, 000259.883, 148
Trd, 000260.567, 145
Trd, 000261.067, 142.0
Trd, 000261.200, 145
Trd, 000261.250, 149
Trd, 000262.350, 151.0
Trd, 000263.017, 144.0
Trd, 000264.050, 141.0
Trd, 000264.300, 146
Trd, 000264.433, 143
Trd, 000264.933, 147
Trd, 000264.950, 148
Trd, 000266.350, 148
Trd, 000266.617, 148
Trd, 000266.767, 148
Trd, 000267.000, 147
Trd, 000267.083, 148
Trd, 000267.283, 149
Trd, 000268.100, 145
Trd, 000268.150, 144
Trd, 000269.117, 144
Trd, 000269.283, 142
Trd, 000269.450, 143
Trd, 000269.800, 142
Trd, 000270.083, 144
Trd, 000270.400, 140
Trd, 000271.267, 148
Trd, 000271.683, 142
Trd, 000272.183, 146
Trd, 000273.083, 144
Trd, 000274.267, 144
Trd, 000274.883, 148
Trd, 000275.700, 154.0
Trd, 000275.850, 154.0
Trd, 000276.450, 153.0
Trd, 000276.883, 151.0
Trd, 000276.917, 150
Trd, 000277.117, 146
Trd, 000277.500, 148
Trd, 000277.667, 150.0
Trd, 000278.233, 149
Trd, 000278.800, 149
Trd, 000279.267, 149
Trd, 000279.633, 149
Trd, 000279.683, 148
Trd, 000280.050, 145
Trd, 000281.000, 148
Trd, 000281.783, 143.0
Trd, 000282.367, 144.0
Trd, 000282.617, 146
Trd, 000282.850, 145
Trd, 000282.950, 147
Trd, 000283.867, 144
Trd, 000283.983, 151.0
Trd, 000285.233, 148
Trd, 000285.250, 144
Trd, 000285.950, 143.0
Trd, 000286.583, 143
Trd, 000287.900, 141
Trd, 000288.067, 142.0
Trd, 000288.250, 144.0
Trd, 000288.633, 141.0
Trd, 000288.650, 141
Trd, 000289.850, 140
Trd, 000289.967, 142
Trd, 000290.483, 141
Trd, 000290.750, 140
Trd, 000291.283, 140
Trd, 000291.467, 144.0
Trd, 000291.983, 148
Trd, 000292.683, 146
Trd, 000293.850, 143
Trd, 000294.283, 150.0
Trd, 000294.600, 146
Trd, 000294.850, 150
Trd, 000295.600, 144.0
Trd, 000295.950, 144.0
Trd, 000296.217, 144
Trd, 000296.833, 146
Trd, 000297.000, 144
Trd, 000297.267, 145
Trd, 000297.467, 144
Trd, 000298.217, 142
Trd, 000298.550, 144
Trd, 000299.183, 144.0
Trd, 000299.600, 145
