Trd, 000003.000, 125.0
Trd, 000003.117, 124
Trd, 000003.133, 127.0
Trd, 000003.483, 147
Trd, 000003.650, 158.0
Trd, 000003.717, 142
Trd, 000003.983, 149
Trd, 000004.167, 131.0
Trd, 000004.833, 161
Trd, 000006.033, 128
Trd, 000006.217, 123
Trd, 000006.433, 141
Trd, 000006.450, 142
Trd, 000006.950, 143
Trd, 000007.300, 138
Trd, 000008.350, 137
Trd, 000008.933, 141
Trd, 000009.283, 135
Trd, 000009.867, 148
Trd, 000011.317, 145
Trd, 000011.583, 144
Trd, 000012.117, 148
Trd, 000012.850, 146
Trd, 000012.933, 150
Trd, 000014.200, 135
Trd, 000014.300, 134
Trd, 000015.033, 144
Trd, 000015.117, 138
Trd, 000015.283, 146
Trd, 000016.717, 144
Trd, 000017.950, 138
Trd, 000018.300, 145
Trd, 000018.367, 151.0
Trd, 000019.450, 148
Trd, 000019.533, 140
Trd, 000019.883, 131
Trd, 000020.200, 146
Trd, 000020.383, 158.0
Trd, 000020.917, 162.0
Trd, 000022.183, 149
Trd, 000022.217, 151
Trd, 000022.367, 154
Trd, 000022.783, 158.0
Trd, 000023.033, 162
Trd, 000023.517, 145
Trd, 000023.667, 144
Trd, 000025.533, 143
Trd, 000025.717, 150
Trd, 000026.133, 146
Trd, 000026.533, 131.0
Trd, 000028.233, 139
Trd, 000028.383, 150
Trd, 000028.400, 156
Trd, 000028.567, 162.0
Trd, 000029.733, 165.0
Trd, 000030.383, 155
Trd, 000030.500, 145
Trd, 000030.600, 142
Trd, 000032.283, 165.0
Trd, 000033.083, 172.0
Trd, 000033.467, 152.0
Trd, 000033.500, 151.0
Trd, 000034.683, 154
Trd, 000034.767, 155
Trd, 000035.000, 156
Trd, 000036.167, 154
Trd, 000036.217, 156
Trd, 000037.833, 152
Trd, 000038.283, 152
Trd, 000038.717, 151.0
Trd, 000040.000, 158.0
Trd, 000040.350, 154
Trd, 000040.550, 162.0
Trd, 000041.200, 130
Trd, 000042.067, 131.0
Trd, 000042.300, 140
Trd, 000042.383, 151.0
Trd, 000042.883, 152
Trd, 000042.900, 132
Trd, 000043.400, 131
Trd, 000045.700, 150
Trd, 000046.067, 150
Trd, 000046.583, 140
Trd, 000047.800, 139
Trd, 000048.150, 138
Trd, 000048.300, 158.0
Trd, 000048.500, 135
Trd, 000048.617, 146
Trd, 000050.333, 140
Trd, 000050.700, 140
Trd, 000051.050, 141
Trd, 000051.067, 158
Trd, 000051.650, 131
Trd, 000051.833, 158.0
Trd, 000051.933, 130
Trd, 000052.550, 120.0
Trd, 000053.133, 140
Trd, 000055.133, 130
Trd, 000055.150, 131
Trd, 000055.333, 133
Trd, 000056.117, 135
Trd, 000056.600, 135
Trd, 000057.133, 161.0
Trd, 000058.667, 151.0
Trd, 000058.750, 138
Trd, 000058.883, 129
Trd, 000059.000, 141
Trd, 000059.983, 142
Trd, 000060.533, 151.0
Trd, 000060.700, 138
Trd, 000061.617, 145
Trd, 000062.100, 157.0
Trd, 000062.333, 153
Trd, 000064.533, 147
Trd, 000064.850, 142
Trd, 000065.583, 141
Trd, 000066.000, 152
Trd, 000066.217, 140
Trd, 000066.317, 151
Trd, 000068.617, 148
Trd, 000069.150, 147
Trd, 000069.633, 147
Trd, 000069.933, 146
Trd, 000070.550, 145
Trd, 000071.533, 161.0
Trd, 000071.783, 154
Trd, 000072.467, 161
Trd, 000072.517, 151.0
Trd, 000073.767, 147
Trd, 000074.200, 156
Trd, 000076.550, 147
Trd, 000077.267, 146
Trd, 000077.750, 148
Trd, 000078.033, 147
Trd, 000078.150, 150
Trd, 000078.267, 158.0
Trd, 000078.400, 134
Trd, 000078.633, 147
Trd, 000079.967, 147
Trd, 000080.983, 144
Trd, 000081.533, 145
Trd, 000081.950, 145
Trd, 000082.200, 151.0
Trd, 000083.100, 158.0
Trd, 000083.300, 149
Trd, 000083.350, 160.0
Trd, 000084.650, 151
Trd, 000085.200, 147
Trd, 000085.717, 146
Trd, 000086.417, 148
Trd, 000086.450, 145
Trd, 000086.500, 162.0
Trd, 000086.933, 162
Trd, 000087.033, 161
Trd, 000089.100, 151.0
Trd, 000089.300, 155
Trd, 000090.567, 148
Trd, 000092.233, 148
Trd, 000092.883, 151
Trd, 000093.150, 149
Trd, 000094.200, 151.0
Trd, 000094.350, 151
Trd, 000095.050, 142
Trd, 000095.550, 150
Trd, 000095.700, 158.0
Trd, 000096.700, 149
Trd, 000096.783, 145
Trd, 000097.517, 144
Trd, 000098.133, 147
Trd, 000098.667, 145
Trd, 000098.967, 129
Trd, 000099.317, 144
Trd, 000100.000, 158.0
Trd, 000100.317, 129
Trd, 000101.083, 123
Trd, 000101.167, 153
Trd, 000101.400, 161
Trd, 000102.050, 148
Trd, 000104.200, 147
Trd, 000104.433, 129
Trd, 000104.667, 145
Trd, 000105.417, 141
Trd, 000106.100, 140
Trd, 000106.317, 141
Trd, 000106.467, 142
Trd, 000107.433, 142
Trd, 000107.533, 139
Trd, 000107.750, 156
Trd, 000108.733, 131.0
Trd, 000109.267, 135
Trd, 000109.633, 138
Trd, 000109.683, 140
Trd, 000111.417, 134
Trd, 000111.533, 130
Trd, 000111.933, 140
Trd, 000112.383, 156
Trd, 000113.333, 144
Trd, 000114.117, 160.0
Trd, 000114.233, 158.0
Trd, 000115.083, 152
Trd, 000116.933, 143
Trd, 000117.417, 140
Trd, 000117.500, 145
Trd, 000117.983, 146
Trd, 000118.517, 130
Trd, 000118.700, 143
Trd, 000119.000, 146
Trd, 000120.233, 172
Trd, 000120.333, 149
Trd, 000120.367, 175.0
Trd, 000120.583, 137
Trd, 000121.817, 143
Trd, 000122.017, 132
Trd, 000123.100, 141
Trd, 000123.500, 142
Trd, 000123.817, 141
Trd, 000124.183, 143
Trd, 000124.317, 148
Trd, 000125.617, 146
Trd, 000127.567, 151.0
Trd, 000127.633, 157.0
Trd, 000128.167, 156.0
Trd, 000128.917, 150
Trd, 000129.933, 154
Trd, 000130.117, 151.0
Trd, 000130.317, 159
Trd, 000130.917, 157
Trd, 000131.567, 153
Trd, 000131.583, 158.0
Trd, 000132.250, 155
Trd, 000132.450, 161.0
Trd, 000132.883, 160.0
Trd, 000133.950, 167
Trd, 000134.633, 161
Trd, 000135.933, 160
Trd, 000136.200, 147
Trd, 000137.100, 154
Trd, 000137.767, 152.0
Trd, 000138.367, 153
Trd, 000138.433, 151.0
Trd, 000139.217, 151.0
Trd, 000139.367, 153
Trd, 000139.933, 147
Trd, 000140.400, 146
Trd, 000141.133, 152
Trd, 000141.517, 145
Trd, 000142.083, 144
Trd, 000143.317, 136
Trd, 000143.567, 129
Trd, 000143.650, 138
Trd, 000144.333, 139
Trd, 000145.083, 138
Trd, 000145.333, 139
Trd, 000146.083, 139
Trd, 000146.100, 139
Trd, 000148.167, 140
Trd, 000148.750, 156
Trd, 000148.950, 156.0
Trd, 000149.433, 157.0
Trd, 000150.050, 157
Trd, 000150.083, 155.0
Trd, 000150.133, 158.0
Trd, 000150.283, 135
Trd, 000152.400, 151.0
Trd, 000152.567, 137
Trd, 000152.683, 147
Trd, 000153.583, 149
Trd, 000154.533, 147
Trd, 000155.250, 146
Trd, 000155.683, 145
Trd, 000155.850, 141
Trd, 000156.467, 146
Trd, 000157.317, 146
Trd, 000157.867, 142
Trd, 000158.400, 127
Trd, 000159.967, 146
Trd, 000160.317, 158.0
Trd, 000160.600, 138
Trd, 000161.100, 172.0
Trd, 000161.283, 165.0
Trd, 000161.817, 155.0
Trd, 000162.283, 164
Trd, 000162.767, 175.0
Trd, 000162.883, 156
Trd, 000162.967, 153
Trd, 000165.450, 151.0
Trd, 000165.583, 154
Trd, 000165.933, 147
Trd, 000166.017, 154
Trd, 000166.750, 153
Trd, 000167.100, 150
Trd, 000167.817, 148
Trd, 000168.667, 149
Trd, 000170.200, 148
Trd, 000170.317, 146
Trd, 000170.817, 147
Trd, 000171.233, 146
Trd, 000171.717, 148
Trd, 000171.950, 145
Trd, 000172.100, 155
Trd, 000173.183, 129
Trd, 000173.283, 130.0
Trd, 000173.917, 131.0
Trd, 000173.983, 158.0
Trd, 000174.683, 146
Trd, 000175.517, 139
Trd, 000175.833, 131.0
Trd, 000176.167, 141
Trd, 000176.533, 143
Trd, 000176.767, 135
Trd, 000176.850, 158.0
Trd, 000177.367, 162.0
Trd, 000178.600, 139
Trd, 000179.167, 136
Trd, 000179.383, 140
Trd, 000179.917, 140
Trd, 000180.483, 158.0
Trd, 000181.167, 144
Trd, 000181.450, 139
Trd, 000182.800, 137
Trd, 000182.817, 144
Trd, 000182.933, 153
Trd, 000183.233, 137
Trd, 000184.667, 144
Trd, 000185.700, 160.0
Trd, 000185.783, 162.0
Trd, 000186.083, 152
Trd, 000186.167, 141
Trd, 000186.233, 152
Trd, 000186.550, 153
Trd, 000187.850, 151
Trd, 000189.233, 145
Trd, 000189.300, 141
Trd, 000190.133, 145
Trd, 000190.417, 139
Trd, 000191.317, 140
Trd, 000191.550, 175.0
Trd, 000192.983, 145
Trd, 000193.450, 146
Trd, 000193.717, 146
Trd, 000194.217, 145
Trd, 000194.267, 143
Trd, 000194.633, 146
Trd, 000196.117, 145
Trd, 000196.133, 145
Trd, 000196.317, 158.0
Trd, 000196.600, 162
Trd, 000196.750, 143
Trd, 000198.750, 152
Trd, 000198.950, 154
Trd, 000199.717, 159.0
Trd, 000200.050, 145
Trd, 000200.583, 151.0
Trd, 000201.167, 150
Trd, 000202.100, 149
Trd, 000202.400, 158.0
Trd, 000202.850, 144
Trd, 000203.483, 144
Trd, 000204.367, 149
Trd, 000204.417, 154
Trd, 000205.183, 153
Trd, 000206.117, 152
Trd, 000206.767, 144
Trd, 000207.067, 143
Trd, 000207.950, 146
Trd, 000208.583, 129
Trd, 000210.083, 144
Trd, 000210.917, 144
Trd, 000211.283, 144
Trd, 000211.317, 145
Trd, 000212.283, 158.0
Trd, 000212.433, 162.0
Trd, 000212.883, 142
Trd, 000213.517, 140
Trd, 000214.017, 141
Trd, 000214.033, 142
Trd, 000214.383, 142
Trd, 000214.517, 141
Trd, 000215.067, 144
Trd, 000215.367, 154
Trd, 000215.933, 138
Trd, 000216.250, 145
Trd, 000217.700, 154.0
Trd, 000217.917, 156.0
Trd, 000217.933, 151.0
Trd, 000217.983, 142
Trd, 000218.883, 154
Trd, 000219.800, 149
Trd, 000220.667, 143
Trd, 000221.200, 147
Trd, 000222.100, 143
Trd, 000222.667, 142
Trd, 000223.700, 141
Trd, 000224.583, 141
Trd, 000224.650, 141
Trd, 000224.967, 140
Trd, 000225.533, 140
Trd, 000226.133, 161
Trd, 000226.250, 143
Trd, 000228.050, 156.0
Trd, 000228.533, 158.0
Trd, 000228.633, 162.0
Trd, 000229.050, 163
Trd, 000229.667, 151
Trd, 000229.833, 149
Trd, 000229.917, 152
Trd, 000230.550, 133
Trd, 000231.833, 143
Trd, 000232.783, 142
Trd, 000232.867, 137
Trd, 000233.117, 151.0
Trd, 000233.433, 152
Trd, 000235.433, 157.0
Trd, 000235.683, 148
Trd, 000235.767, 142
Trd, 000236.300, 158.0
Trd, 000237.483, 154
Trd, 000238.067, 151
Trd, 000238.800, 162.0
Trd, 000239.383, 149
Trd, 000240.333, 145
Trd, 000240.383, 144
Trd, 000240.500, 138
Trd, 000240.817, 138
Trd, 000241.133, 139
Trd, 000241.450, 134
Trd, 000241.533, 136
Trd, 000241.883, 133
Trd, 000241.933, 135
Trd, 000242.033, 137
Trd, 000242.700, 139
Trd, 000243.500, 137
Trd, 000243.850, 136.0
Trd, 000244.350, 137.0
Trd, 000244.567, 131.0
Trd, 000244.683, 158.0
Trd, 000244.800, 133
Trd, 000246.467, 139
Trd, 000246.833, 135
Trd, 000247.050, 141
Trd, 000247.450, 140
Trd, 000247.583, 141
Trd, 000248.100, 136
Trd, 000248.550, 138
Trd, 000248.867, 148.0
Trd, 000249.600, 159.0
Trd, 000250.483, 144.0
Trd, 000250.917, 141.0
Trd, 000251.967, 146
Trd, 000252.250, 145
Trd, 000252.817, 145
Trd, 000253.417, 146
Trd, 000253.983, 147
Trd, 000254.117, 148.0
Trd, 000255.200, 152
Trd, 000255.800, 150
Trd, 000256.317, 150
Trd, 000256.600, 153
Trd, 000256.967, 158.0
Trd, 000257.133, 149
Trd, 000258.267, 152
Trd, 000258.900, 153.0
Trd, 000259.500, 151
Trd, 000259.683, 154
Trd, 000260.050, 151.0
Trd, 000260.217, 152.0
Trd, 000260.617, 156.0
Trd, 000260.633, 154
Trd, 000261.217, 150
Trd, 000261.667, 151
Trd, 000262.433, 158.0
Trd, 000262.650, 155
Trd, 000263.817, 149.0
Trd, 000264.150, 141.0
Trd, 000265.283, 134
Trd, 000265.517, 131
Trd, 000266.117, 135
Trd, 000266.417, 136.0
Trd, 000266.467, 137.0
Trd, 000267.517, 146
Trd, 000267.867, 153.0
Trd, 000268.017, 143
Trd, 000268.400, 152
Trd, 000268.567, 154
Trd, 000268.950, 154
Trd, 000269.467, 157.0
Trd, 000269.533, 152
Trd, 000269.667, 147
Trd, 000269.867, 158.0
Trd, 000270.217, 141.0
Trd, 000271.017, 158.0
Trd, 000271.200, 151.0
Trd, 000271.583, 152
Trd, 000272.033, 152.0
Trd, 000272.317, 157.0
Trd, 000273.083, 155
Trd, 000273.400, 157.0
Trd, 000273.583, 151.0
Trd, 000273.783, 158.0
Trd, 000273.917, 158.0
Trd, 000274.550, 159
Trd, 000274.667, 161.0
Trd, 000274.750, 147
Trd, 000275.400, 150.0
Trd, 000276.050, 155
Trd, 000277.217, 149
Trd, 000277.550, 155.0
Trd, 000278.517, 144
Trd, 000278.550, 151.0
Trd, 000279.117, 150
Trd, 000280.433, 153
Trd, 000280.750, 141.0
Trd, 000280.983, 142.0
Trd, 000281.050, 149
Trd, 000281.483, 143
Trd, 000282.000, 147.0
Trd, 000282.233, 141.0
Trd, 000283.067, 147
Trd, 000283.100, 145
Trd, 000283.183, 148.0
Trd, 000283.683, 148
Trd, 000283.800, 151.0
Trd, 000284.850, 149
Trd, 000285.167, 148.0
Trd, 000285.400, 148
Trd, 000285.483, 149
Trd, 000286.017, 158.0
Trd, 000286.033, 162.0
Trd, 000286.833, 158
Trd, 000286.950, 141.0
Trd, 000287.067, 165.0
Trd, 000287.150, 130
Trd, 000288.433, 144
Trd, 000288.550, 146
Trd, 000288.700, 146.0
Trd, 000288.867, 148.0
Trd, 000290.067, 145
Trd, 000290.267, 144
Trd, 000290.400, 147
Trd, 000290.433, 148
Trd, 000290.500, 152
Trd, 000291.783, 157.0
Trd, 000291.800, 151.0
Trd, 000291.983, 158.0
Trd, 000293.333, 149
Trd, 000293.400, 145
Trd, 000294.017, 146
Trd, 000295.517, 149
Trd, 000295.700, 152
Trd, 000295.967, 147
Trd, 000296.033, 141.0
Trd, 000296.133, 151.0
Trd, 000296.250, 153
Trd, 000296.467, 154
Trd, 000296.567, 133
Trd, 000296.733, 127
Trd, 000297.550, 148.0
Trd, 000298.417, 147
Trd, 000298.550, 148
Trd, 000298.933, 148
Trd, 000299.350, 138
Trd, 000299.583, 158.0
Trd, 000299.883, 139
