Trd, 000002.050, 112
Trd, 000002.150, 113.0
Trd, 000003.617, 124.0
Trd, 000003.783, 131.0
Trd, 000004.683, 124
Trd, 000004.817, 132
Trd, 000004.983, 134.0
Trd, 000005.367, 134
Trd, 000005.967, 132
Trd, 000006.033, 133
Trd, 000006.550, 134.0
Trd, 000008.400, 162.0
Trd, 000009.150, 155
Trd, 000009.700, 162.0
Trd, 000010.167, 155
Trd, 000010.733, 155
Trd, 000011.983, 149.0
Trd, 000012.117, 149
Trd, 000012.133, 148.0
Trd, 000012.150, 150
Trd, 000012.417, 142
Trd, 000013.050, 151
Trd, 000013.533, 162.0
Trd, 000013.917, 165.0
Trd, 000014.683, 163
Trd, 000014.967, 163
Trd, 000015.267, 158
Trd, 000015.750, 165
Trd, 000016.067, 148.0
Trd, 000017.050, 163
Trd, 000017.617, 156
Trd, 000018.717, 158
Trd, 000019.433, 157
Trd, 000019.667, 156
Trd, 000020.317, 154
Trd, 000020.333, 158
Trd, 000021.250, 148.0
Trd, 000021.367, 144
Trd, 000021.783, 154
Trd, 000021.833, 141.0
Trd, 000022.217, 156.0
Trd, 000024.933, 150.0
Trd, 000025.017, 153.0
Trd, 000025.133, 154.0
Trd, 000025.617, 150
Trd, 000026.100, 161.0
Trd, 000026.367, 162.0
Trd, 000026.800, 155
Trd, 000028.083, 157
Trd, 000028.700, 158
Trd, 000029.267, 157
Trd, 000030.417, 157.0
Trd, 000031.183, 157
Trd, 000031.600, 155
Trd, 000031.933, 157
Trd, 000032.833, 155
Trd, 000032.917, 148.0
Trd, 000034.083, 161.0
Trd, 000034.133, 152
Trd, 000035.283, 149.0
Trd, 000035.567, 148.0
Trd, 000036.350, 154
Trd, 000036.883, 141.0
Trd, 000037.300, 148.0
Trd, 000037.517, 152
Trd, 000037.567, 138.0
Trd, 000037.667, 153
Trd, 000039.000, 161.0
Trd, 000039.033, 162.0
Trd, 000039.583, 158
Trd, 000040.750, 161.0
Trd, 000041.050, 156
Trd, 000041.700, 155
Trd, 000042.133, 152
Trd, 000042.917, 162.0
Trd, 000043.333, 178
Trd, 000043.550, 161
Trd, 000045.533, 162
Trd, 000046.783, 160
Trd, 000046.900, 155
Trd, 000047.033, 160
Trd, 000047.233, 141.0
Trd, 000048.533, 152
Trd, 000049.617, 159.0
Trd, 000051.200, 154
Trd, 000051.917, 154
Trd, 000051.983, 153
Trd, 000052.983, 153
Trd, 000053.567, 153
Trd, 000054.017, 156
Trd, 000054.417, 151
Trd, 000054.583, 150
Trd, 000055.200, 148.0
Trd, 000055.233, 142
Trd, 000056.150, 157
Trd, 000056.950, 147
Trd, 000059.067, 148.0
Trd, 000059.333, 149
Trd, 000059.550, 150.0
Trd, 000059.983, 148
Trd, 000060.333, 149
Trd, 000061.117, 150.0
Trd, 000061.867, 152
Trd, 000062.483, 148
Trd, 000062.967, 148.0
Trd, 000063.267, 148
Trd, 000063.533, 141.0
Trd, 000064.483, 146
Trd, 000064.550, 145
Trd, 000065.183, 138.0
Trd, 000065.567, 138
Trd, 000065.667, 140
Trd, 000065.883, 141
Trd, 000066.583, 142
Trd, 000069.200, 148.0
Trd, 000070.183, 150.0
Trd, 000070.400, 151.0
Trd, 000070.433, 148
Trd, 000071.067, 153.0
Trd, 000072.167, 162.0
Trd, 000072.250, 149.0
Trd, 000072.583, 148
Trd, 000072.983, 148.0
Trd, 000073.333, 158
Trd, 000074.083, 162
Trd, 000074.267, 163.0
Trd, 000074.283, 165.0
Trd, 000074.800, 150
Trd, 000076.717, 149
Trd, 000076.917, 165
Trd, 000077.617, 157
Trd, 000078.333, 157
Trd, 000079.333, 161.0
Trd, 000079.400, 152
Trd, 000082.083, 151.0
Trd, 000082.283, 148.0
Trd, 000082.550, 148
Trd, 000083.350, 149.0
Trd, 000084.117, 150
Trd, 000084.400, 151.0
Trd, 000085.067, 151
Trd, 000085.217, 160.0
Trd, 000085.433, 150
Trd, 000085.783, 161.0
Trd, 000086.183, 154
Trd, 000087.583, 160.0
Trd, 000088.550, 155
Trd, 000088.767, 151
Trd, 000088.967, 153
Trd, 000089.267, 156
Trd, 000089.467, 151
Trd, 000089.650, 150
Trd, 000089.750, 156
Trd, 000090.700, 149.0
Trd, 000091.700, 154
Trd, 000092.117, 157
Trd, 000092.217, 148
Trd, 000092.450, 158.0
Trd, 000094.817, 152
Trd, 000095.567, 148.0
Trd, 000096.250, 149
Trd, 000096.583, 142.0
Trd, 000097.000, 150
Trd, 000097.067, 144.0
Trd, 000097.700, 148.0
Trd, 000098.783, 143
Trd, 000099.750, 142
Trd, 000100.117, 141.0
Trd, 000100.367, 141
Trd, 000100.983, 162.0
Trd, 000101.817, 162.0
Trd, 000103.767, 148
Trd, 000104.550, 149
Trd, 000104.917, 149
Trd, 000104.967, 150
Trd, 000105.083, 148.0
Trd, 000105.217, 156
Trd, 000105.967, 143.0
Trd, 000105.983, 164.0
Trd, 000107.333, 169
Trd, 000107.533, 173
Trd, 000107.967, 157
Trd, 000108.183, 171
Trd, 000109.567, 174
Trd, 000109.817, 162.0
Trd, 000110.267, 154
Trd, 000110.483, 150.0
Trd, 000111.300, 154
Trd, 000111.350, 148.0
Trd, 000111.400, 141.0
Trd, 000111.950, 151
Trd, 000112.850, 145
Trd, 000113.133, 138.0
Trd, 000114.683, 144
Trd, 000115.133, 144
Trd, 000115.833, 142
Trd, 000115.950, 145
Trd, 000116.233, 157
Trd, 000116.900, 149.0
Trd, 000118.283, 148.0
Trd, 000118.367, 148
Trd, 000118.483, 149
Trd, 000118.733, 150
Trd, 000119.617, 149
Trd, 000119.783, 148
Trd, 000120.100, 150
Trd, 000120.617, 147
Trd, 000121.733, 149.0
Trd, 000122.433, 149
Trd, 000122.467, 150
Trd, 000123.083, 151
Trd, 000124.033, 151
Trd, 000124.417, 152
Trd, 000125.183, 154.0
Trd, 000125.517, 154
Trd, 000125.717, 154
Trd, 000127.550, 155
Trd, 000127.667, 161.0
Trd, 000128.350, 159
Trd, 000129.567, 154
Trd, 000129.683, 154
Trd, 000130.767, 148.0
Trd, 000131.817, 151
Trd, 000132.233, 151
Trd, 000133.067, 141.0
Trd, 000133.267, 136
Trd, 000134.033, 150
Trd, 000134.267, 136.0
Trd, 000135.150, 148.0
Trd, 000135.250, 150
Trd, 000135.317, 152
Trd, 000137.217, 147
Trd, 000137.967, 142
Trd, 000138.267, 142
Trd, 000138.417, 147
Trd, 000139.800, 145
Trd, 000140.283, 146
Trd, 000140.483, 145
Trd, 000140.633, 141
Trd, 000141.683, 143.0
Trd, 000141.900, 144
Trd, 000142.533, 144
Trd, 000142.633, 141.0
Trd, 000143.733, 148.0
Trd, 000144.667, 160.0
Trd, 000145.317, 148
Trd, 000145.583, 161.0
Trd, 000145.783, 146
Trd, 000147.367, 154
Trd, 000148.817, 151
Trd, 000149.333, 147
Trd, 000149.500, 150
Trd, 000149.683, 149
Trd, 000149.917, 149
Trd, 000150.250, 144
Trd, 000150.433, 150
Trd, 000151.283, 142.0
Trd, 000152.033, 148.0
Trd, 000152.050, 149
Trd, 000152.950, 142
Trd, 000153.150, 149
Trd, 000153.900, 157
Trd, 000154.583, 151
Trd, 000154.850, 142.0
Trd, 000154.933, 160.0
Trd, 000156.883, 151
Trd, 000157.333, 152
Trd, 000157.617, 154
Trd, 000157.717, 150
Trd, 000158.300, 165.0
Trd, 000159.200, 156
Trd, 000160.317, 156
Trd, 000160.800, 154
Trd, 000161.250, 152
Trd, 000161.433, 141.0
Trd, 000162.317, 153
Trd, 000162.400, 154
Trd, 000163.650, 151.0
Trd, 000163.950, 154
Trd, 000164.733, 150.0
Trd, 000164.933, 161.0
Trd, 000166.033, 148.0
Trd, 000166.717, 146
Trd, 000166.833, 141.0
Trd, 000166.950, 157.0
Trd, 000167.750, 156.0
Trd, 000167.883, 151
Trd, 000168.567, 144
Trd, 000168.650, 137.0
Trd, 000169.283, 154
Trd, 000170.167, 151
Trd, 000170.517, 152
Trd, 000171.600, 150.0
Trd, 000173.250, 161.0
Trd, 000173.650, 154
Trd, 000174.333, 160.0
Trd, 000175.100, 156
Trd, 000175.150, 162.0
Trd, 000175.267, 152
Trd, 000176.233, 163
Trd, 000176.250, 148.0
Trd, 000176.350, 149
Trd, 000178.633, 157
Trd, 000179.267, 155
Trd, 000179.483, 148.0
Trd, 000180.517, 150
Trd, 000180.533, 151
Trd, 000180.983, 140.0
Trd, 000181.483, 152
Trd, 000181.517, 153
Trd, 000181.567, 144
Trd, 000181.583, 140.0
Trd, 000182.150, 137.0
Trd, 000183.267, 151
Trd, 000185.467, 162.0
Trd, 000186.250, 153
Trd, 000186.583, 144
Trd, 000188.350, 150
Trd, 000188.517, 153
Trd, 000188.783, 150
Trd, 000190.917, 160.0
Trd, 000191.300, 161.0
Trd, 000191.583, 149
Trd, 000193.100, 154
Trd, 000193.433, 154
Trd, 000194.400, 153
Trd, 000194.483, 156.0
Trd, 000194.783, 152
Trd, 000195.200, 154
Trd, 000195.483, 149
Trd, 000195.617, 155
Trd, 000196.333, 156
Trd, 000196.667, 149.0
Trd, 000198.450, 148.0
Trd, 000198.683, 141.0
Trd, 000199.733, 160.0
Trd, 000201.217, 155
Trd, 000201.400, 155
Trd, 000201.450, 156
Trd, 000202.667, 152
Trd, 000203.350, 155
Trd, 000204.850, 157.0
Trd, 000205.217, 156
Trd, 000205.300, 150
Trd, 000206.233, 153
Trd, 000206.583, 153
Trd, 000207.400, 148.0
Trd, 000207.817, 152.0
Trd, 000207.833, 153.0
Trd, 000207.883, 154.0
Trd, 000208.417, 153
Trd, 000209.533, 153
Trd, 000209.750, 154
Trd, 000210.083, 161
Trd, 000210.367, 150
Trd, 000210.683, 150
Trd, 000210.767, 141.0
Trd, 000211.717, 160.0
Trd, 000212.900, 159
Trd, 000213.367, 150.0
Trd, 000214.467, 149
Trd, 000214.933, 161.0
Trd, 000216.050, 150
Trd, 000216.583, 151
Trd, 000217.817, 154.0
Trd, 000217.983, 155.0
Trd, 000218.250, 154
Trd, 000218.433, 156
Trd, 000218.817, 159.0
Trd, 000218.850, 152
Trd, 000219.100, 151
Trd, 000220.717, 153
Trd, 000221.850, 151
Trd, 000222.450, 149
Trd, 000222.683, 135.0
Trd, 000223.833, 150
Trd, 000224.083, 154
Trd, 000225.367, 157.0
Trd, 000225.517, 150.0
Trd, 000226.317, 148.0
Trd, 000226.733, 147
Trd, 000226.867, 150.0
Trd, 000227.000, 141.0
Trd, 000228.333, 146.0
Trd, 000228.850, 147.0
Trd, 000229.133, 147
Trd, 000229.283, 146
Trd, 000229.967, 145
Trd, 000231.083, 147.0
Trd, 000231.600, 145
Trd, 000232.467, 154.0
Trd, 000232.667, 155.0
Trd, 000232.683, 162.0
Trd, 000233.300, 144
Trd, 000233.833, 148.0
Trd, 000234.367, 161
Trd, 000235.983, 150
Trd, 000236.033, 158.0
Trd, 000238.200, 150
Trd, 000238.533, 141.0
Trd, 000238.650, 137.0
Trd, 000240.317, 143
Trd, 000240.450, 147
Trd, 000240.533, 148
Trd, 000240.967, 160.0
Trd, 000241.250, 162.0
Trd, 000241.367, 151.0
Trd, 000241.550, 149.0
Trd, 000242.200, 148.0
Trd, 000243.117, 138
Trd, 000243.883, 143
Trd, 000243.917, 144
Trd, 000243.950, 141.0
Trd, 000244.167, 138.0
Trd, 000244.383, 144
Trd, 000244.933, 148
Trd, 000245.767, 148.0
Trd, 000246.950, 142
Trd, 000247.233, 134.0
Trd, 000248.317, 138
Trd, 000248.683, 139
Trd, 000248.783, 138
Trd, 000248.867, 139
Trd, 000249.217, 139
Trd, 000249.533, 151.0
Trd, 000249.717, 151
Trd, 000249.783, 157
Trd, 000250.650, 157.0
Trd, 000250.917, 152
Trd, 000251.233, 160.0
Trd, 000252.817, 154
Trd, 000253.700, 141.0
Trd, 000253.900, 145.0
Trd, 000253.967, 147.0
Trd, 000254.167, 137.0
Trd, 000255.033, 146.0
Trd, 000256.033, 146.0
Trd, 000256.283, 141
Trd, 000256.817, 141.0
Trd, 000256.933, 145.0
Trd, 000256.967, 139
Trd, 000256.983, 139
Trd, 000258.567, 145.0
Trd, 000258.767, 146
Trd, 000259.467, 144
Trd, 000259.883, 144
Trd, 000260.883, 148.0
Trd, 000261.033, 151.0
Trd, 000261.533, 143
Trd, 000262.217, 141.0
Trd, 000262.817, 145
Trd, 000262.850, 162.0
Trd, 000263.550, 138.0
Trd, 000264.583, 150
Trd, 000265.367, 144.0
Trd, 000265.433, 139.0
Trd, 000265.500, 143
Trd, 000265.783, 142
Trd, 000265.933, 145
Trd, 000266.383, 142.0
Trd, 000266.867, 139
Trd, 000267.467, 142
Trd, 000267.550, 144
Trd, 000268.383, 151.0
Trd, 000268.550, 148.0
Trd, 000268.917, 144
Trd, 000270.300, 144.0
Trd, 000270.367, 145.0
Trd, 000270.717, 145.0
Trd, 000271.000, 143.0
Trd, 000271.733, 141.0
Trd, 000272.800, 143.0
Trd, 000272.983, 142
Trd, 000273.400, 144.0
Trd, 000273.467, 139.0
Trd, 000273.817, 140
Trd, 000274.183, 139
Trd, 000275.200, 143.0
Trd, 000275.267, 141.0
Trd, 000276.033, 144.0
Trd, 000276.133, 145
Trd, 000276.717, 145
Trd, 000277.267, 141.0
Trd, 000278.100, 142
Trd, 000278.400, 143
Trd, 000278.800, 137.0
Trd, 000279.000, 143
Trd, 000279.100, 145
Trd, 000279.483, 139
Trd, 000280.050, 147
Trd, 000280.150, 154.0
Trd, 000280.933, 149.0
Trd, 000281.450, 152.0
Trd, 000281.517, 148
Trd, 000282.100, 148.0
Trd, 000282.200, 147
Trd, 000282.583, 159.0
Trd, 000282.700, 141.0
Trd, 000282.900, 160.0
Trd, 000283.383, 144
Trd, 000284.267, 148.0
Trd, 000284.683, 153
Trd, 000285.350, 151
Trd, 000285.717, 148
Trd, 000286.133, 147
Trd, 000286.167, 146
Trd, 000286.483, 150
Trd, 000286.733, 151
Trd, 000286.883, 148
Trd, 000287.867, 162.0
Trd, 000288.100, 142.0
Trd, 000288.600, 157
Trd, 000289.033, 141.0
Trd, 000289.400, 137.0
Trd, 000289.933, 138
Trd, 000290.050, 134.0
Trd, 000290.733, 145
Trd, 000291.650, 149.0
Trd, 000291.983, 150.0
Trd, 000292.167, 151.0
Trd, 000292.500, 145
Trd, 000293.383, 163.0
Trd, 000294.750, 149
Trd, 000294.867, 137.0
Trd, 000295.167, 143.0
Trd, 000295.467, 141
Trd, 000296.883, 140
Trd, 000297.017, 140
Trd, 000297.550, 138.0
Trd, 000297.900, 141
Trd, 000297.933, 142
Trd, 000297.950, 144.0
Trd, 000299.350, 146
Trd, 000299.550, 141
