Trd, 000001.017, 156
Trd, 000002.633, 151.0
Trd, 000004.033, 172
Trd, 000004.150, 166
Trd, 000004.200, 175
Trd, 000004.517, 168
Trd, 000004.700, 166
Trd, 000005.083, 165.0
Trd, 000005.167, 164
Trd, 000006.300, 158.0
Trd, 000007.733, 161
Trd, 000009.400, 153
Trd, 000009.600, 158.0
Trd, 000009.700, 152.0
Trd, 000009.767, 151.0
Trd, 000011.033, 152
Trd, 000011.167, 150
Trd, 000012.817, 150.0
Trd, 000013.567, 151
Trd, 000013.900, 151.0
Trd, 000014.333, 154
Trd, 000014.383, 155
Trd, 000015.783, 154
Trd, 000016.200, 157.0
Trd, 000017.100, 153
Trd, 000017.500, 155.0
Trd, 000018.350, 153
Trd, 000018.867, 153
Trd, 000019.383, 153
Trd, 000019.683, 152
Trd, 000020.267, 154
Trd, 000020.350, 155
Trd, 000020.850, 151.0
Trd, 000021.583, 152
Trd, 000021.767, 152
Trd, 000022.417, 154
Trd, 000023.400, 153
Trd, 000023.500, 156
Trd, 000024.467, 151
Trd, 000025.217, 154
Trd, 000025.450, 154
Trd, 000026.750, 154.0
Trd, 000027.617, 156
Trd, 000028.200, 155.0
Trd, 000028.600, 154
Trd, 000029.383, 154
Trd, 000029.800, 153
Trd, 000030.833, 154
Trd, 000031.000, 153.0
Trd, 000031.667, 153
Trd, 000032.450, 153
Trd, 000032.983, 152.0
Trd, 000033.383, 151.0
Trd, 000033.917, 152
Trd, 000034.700, 150
Trd, 000034.883, 153
Trd, 000035.967, 152
Trd, 000037.300, 151.0
Trd, 000038.300, 152
Trd, 000038.433, 153
Trd, 000038.633, 153
Trd, 000039.617, 154
Trd, 000040.283, 154
Trd, 000040.783, 154
Trd, 000041.017, 153
Trd, 000041.567, 156
Trd, 000041.800, 151.0
Trd, 000042.500, 152
Trd, 000043.683, 151
Trd, 000044.583, 155
Trd, 000044.900, 154
Trd, 000045.150, 155
Trd, 000046.200, 152
Trd, 000046.700, 152
Trd, 000047.933, 154
Trd, 000048.417, 158.0
Trd, 000048.450, 156
Trd, 000049.550, 156
Trd, 000049.633, 156
Trd, 000051.050, 154
Trd, 000051.400, 153
Trd, 000052.733, 152
Trd, 000053.617, 154.0
Trd, 000054.433, 154
Trd, 000054.450, 152
Trd, 000054.483, 155
Trd, 000055.400, 153
Trd, 000055.517, 155
Trd, 000055.650, 162
Trd, 000057.650, 154
Trd, 000057.700, 155
Trd, 000058.033, 154
Trd, 000058.183, 153
Trd, 000058.600, 154
Trd, 000058.783, 154
Trd, 000059.833, 152
Trd, 000060.233, 152
Trd, 000061.333, 151.0
Trd, 000061.967, 155
Trd, 000062.483, 152
Trd, 000063.017, 152.0
Trd, 000063.517, 155
Trd, 000064.333, 152
Trd, 000065.050, 153
Trd, 000065.233, 154
Trd, 000065.767, 151.0
Trd, 000065.800, 150
Trd, 000066.650, 154
Trd, 000067.583, 151
Trd, 000067.733, 150
Trd, 000068.383, 149
Trd, 000069.083, 150
Trd, 000069.467, 151
Trd, 000070.100, 151
Trd, 000071.000, 151
Trd, 000071.283, 151
Trd, 000071.517, 150
Trd, 000071.783, 155
Trd, 000072.500, 151.0
Trd, 000074.200, 156.0
Trd, 000075.033, 152
Trd, 000076.167, 152
Trd, 000077.400, 151
Trd, 000078.017, 152.0
Trd, 000078.300, 152
Trd, 000078.767, 151.0
Trd, 000078.883, 155
Trd, 000081.317, 152
Trd, 000081.767, 151.0
Trd, 000081.833, 152
Trd, 000082.267, 152
Trd, 000082.700, 150
Trd, 000083.450, 152
Trd, 000083.550, 151.0
Trd, 000083.767, 151.0
Trd, 000084.833, 151
Trd, 000085.250, 150
Trd, 000085.350, 150
Trd, 000085.900, 152
Trd, 000086.067, 151
Trd, 000086.083, 151.0
Trd, 000086.717, 155
Trd, 000088.517, 154
Trd, 000089.333, 154
Trd, 000090.050, 154
Trd, 000090.867, 154
Trd, 000090.950, 152
Trd, 000090.983, 151
Trd, 000093.000, 154
Trd, 000093.050, 155
Trd, 000093.700, 153
Trd, 000093.850, 153.0
Trd, 000094.017, 154
Trd, 000094.950, 152
Trd, 000095.533, 153.0
Trd, 000096.133, 154
Trd, 000096.183, 155
Trd, 000096.833, 152
Trd, 000096.933, 151
Trd, 000097.400, 153
Trd, 000097.683, 151
Trd, 000097.900, 147
Trd, 000099.250, 152.0
Trd, 000099.417, 153
Trd, 000100.150, 154
Trd, 000102.350, 152.0
Trd, 000102.700, 151
Trd, 000102.950, 152
Trd, 000103.433, 158.0
Trd, 000103.467, 151.0
Trd, 000104.900, 154
Trd, 000105.217, 150
Trd, 000105.283, 154
Trd, 000106.750, 154
Trd, 000106.933, 155
Trd, 000107.317, 156
Trd, 000107.867, 156
Trd, 000109.500, 154
Trd, 000109.733, 154
Trd, 000110.250, 151.0
Trd, 000111.400, 152
Trd, 000111.733, 152
Trd, 000111.883, 155
Trd, 000113.250, 155
Trd, 000113.433, 154
Trd, 000113.467, 151
Trd, 000113.833, 151
Trd, 000114.317, 154
Trd, 000114.550, 155
Trd, 000115.367, 156.0
Trd, 000115.467, 154
Trd, 000115.817, 152
Trd, 000116.067, 147
Trd, 000116.567, 154
Trd, 000116.683, 155
Trd, 000117.767, 151.0
Trd, 000118.633, 156
Trd, 000120.300, 154
Trd, 000120.900, 155
Trd, 000121.133, 154
Trd, 000122.517, 155
Trd, 000123.083, 154
Trd, 000123.883, 156
Trd, 000124.433, 151.0
Trd, 000124.617, 155
Trd, 000124.867, 149
Trd, 000126.467, 152
Trd, 000128.500, 153
Trd, 000128.567, 152
Trd, 000128.767, 152
Trd, 000128.867, 154
Trd, 000128.933, 154
Trd, 000130.300, 155.0
Trd, 000130.750, 151
Trd, 000130.817, 151.0
Trd, 000131.517, 152
Trd, 000132.483, 153
Trd, 000132.950, 155
Trd, 000133.117, 153
Trd, 000133.633, 153
Trd, 000134.533, 152
Trd, 000136.150, 150
Trd, 000136.350, 153
Trd, 000136.667, 151
Trd, 000137.650, 151.0
Trd, 000139.600, 153
Trd, 000139.667, 155
Trd, 000139.983, 158.0
Trd, 000140.817, 156
Trd, 000141.217, 155
Trd, 000141.783, 155
Trd, 000142.567, 155
Trd, 000143.350, 156
Trd, 000143.817, 154
Trd, 000144.367, 154
Trd, 000145.050, 153
Trd, 000145.233, 157
Trd, 000145.250, 158.0
Trd, 000145.450, 152.0
Trd, 000146.850, 152
Trd, 000148.483, 154.0
Trd, 000148.783, 153
Trd, 000149.033, 153
Trd, 000149.250, 154
Trd, 000149.483, 154
Trd, 000151.517, 154
Trd, 000151.900, 152
Trd, 000153.150, 154
Trd, 000153.483, 153
Trd, 000153.667, 153.0
Trd, 000153.917, 154
Trd, 000154.133, 151.0
Trd, 000156.000, 153
Trd, 000156.817, 154
Trd, 000156.900, 154
Trd, 000157.500, 155
Trd, 000158.050, 154
Trd, 000159.300, 154
Trd, 000159.517, 153
Trd, 000160.750, 154
Trd, 000161.450, 154.0
Trd, 000161.517, 152
Trd, 000163.217, 154
Trd, 000163.583, 152
Trd, 000164.333, 152.0
Trd, 000165.467, 151.0
Trd, 000165.883, 151
Trd, 000166.183, 152
Trd, 000166.700, 154
Trd, 000167.533, 154.0
Trd, 000168.183, 155
Trd, 000168.450, 158.0
Trd, 000169.200, 155.0
Trd, 000169.483, 156
Trd, 000170.167, 154
Trd, 000170.333, 155
Trd, 000171.150, 154
Trd, 000171.283, 151.0
Trd, 000172.533, 157
Trd, 000172.917, 154
Trd, 000173.150, 156
Trd, 000174.450, 154
Trd, 000175.733, 155
Trd, 000176.333, 156
Trd, 000176.650, 156
Trd, 000176.750, 154
Trd, 000177.550, 154
Trd, 000178.733, 154
Trd, 000179.467, 154
Trd, 000179.500, 153
Trd, 000180.683, 154
Trd, 000181.583, 153
Trd, 000181.883, 154
Trd, 000181.933, 156
Trd, 000182.283, 155
Trd, 000184.200, 153
Trd, 000185.433, 154
Trd, 000185.717, 152
Trd, 000186.917, 153
Trd, 000187.367, 154
Trd, 000188.017, 153
Trd, 000188.033, 153
Trd, 000188.217, 154
Trd, 000189.150, 154
Trd, 000189.467, 152
Trd, 000189.817, 153
Trd, 000191.217, 153
Trd, 000192.250, 152.0
Trd, 000192.383, 151.0
Trd, 000193.933, 151
Trd, 000194.067, 152
Trd, 000195.950, 152
Trd, 000196.583, 153
Trd, 000196.917, 154
Trd, 000197.983, 152
Trd, 000198.333, 154
Trd, 000198.417, 155
Trd, 000198.833, 152
Trd, 000199.217, 152
Trd, 000200.383, 151.0
Trd, 000200.500, 156
Trd, 000201.517, 152
Trd, 000202.167, 151
Trd, 000202.417, 152.0
Trd, 000202.683, 152
Trd, 000203.033, 152
Trd, 000203.850, 151
Trd, 000204.850, 152
Trd, 000205.583, 153
Trd, 000206.167, 153
Trd, 000206.683, 152.0
Trd, 000206.800, 151
Trd, 000206.883, 150
Trd, 000207.417, 151
Trd, 000207.767, 151.0
Trd, 000210.417, 148
Trd, 000210.767, 151
Trd, 000211.067, 153
Trd, 000212.483, 155
Trd, 000212.917, 152
Trd, 000213.733, 152
Trd, 000214.067, 153
Trd, 000214.217, 152
Trd, 000214.500, 158.0
Trd, 000215.333, 154
Trd, 000215.500, 152
Trd, 000216.150, 155
Trd, 000216.800, 152
Trd, 000217.750, 154
Trd, 000217.767, 155
Trd, 000218.783, 158.0
Trd, 000220.450, 157
Trd, 000220.767, 156
Trd, 000220.800, 156
Trd, 000221.033, 155
Trd, 000221.500, 157
Trd, 000221.767, 153
Trd, 000222.417, 152
Trd, 000222.667, 151.0
Trd, 000223.267, 155
Trd, 000224.600, 152
Trd, 000224.967, 153
Trd, 000225.450, 153
Trd, 000227.333, 152
Trd, 000227.683, 152
Trd, 000227.883, 153
Trd, 000228.267, 153
Trd, 000228.800, 151
Trd, 000229.717, 153.0
Trd, 000230.417, 153
Trd, 000230.517, 153
Trd, 000231.183, 152
Trd, 000232.783, 151.0
Trd, 000234.517, 151
Trd, 000234.667, 151.0
Trd, 000234.900, 151
Trd, 000235.483, 150
Trd, 000236.133, 150
Trd, 000238.500, 151
Trd, 000239.617, 151.0
Trd, 000239.683, 150
Trd, 000240.050, 151
Trd, 000240.100, 150
Trd, 000240.500, 149
Trd, 000240.517, 148
Trd, 000240.600, 150
Trd, 000240.867, 148
Trd, 000240.933, 149
Trd, 000241.250, 149
Trd, 000241.900, 151
Trd, 000242.933, 153
Trd, 000243.567, 152
Trd, 000243.883, 154
Trd, 000244.167, 152.0
Trd, 000245.033, 151.0
Trd, 000245.100, 151
Trd, 000245.617, 150
Trd, 000246.033, 150
Trd, 000246.083, 153
Trd, 000246.200, 152
Trd, 000246.683, 154
Trd, 000247.133, 152
Trd, 000247.933, 150
Trd, 000248.150, 155
Trd, 000248.467, 151.0
Trd, 000250.017, 152
Trd, 000250.350, 152
Trd, 000250.833, 151
Trd, 000250.900, 152
Trd, 000251.100, 155
Trd, 000251.233, 154.0
Trd, 000251.417, 151.0
Trd, 000251.500, 153
Trd, 000252.283, 151
Trd, 000252.650, 150
Trd, 000253.517, 148
Trd, 000253.767, 147
Trd, 000253.850, 147
Trd, 000253.967, 150
Trd, 000254.883, 150
Trd, 000254.950, 150
Trd, 000255.083, 151.0
Trd, 000255.583, 152
Trd, 000256.300, 152
Trd, 000256.683, 154
Trd, 000257.567, 155.0
Trd, 000258.383, 154
Trd, 000258.533, 156.0
Trd, 000258.783, 154
Trd, 000259.000, 154
Trd, 000259.400, 153
Trd, 000260.383, 156.0
Trd, 000260.600, 156.0
Trd, 000260.783, 155.0
Trd, 000261.383, 154
Trd, 000261.450, 153
Trd, 000262.017, 156
Trd, 000262.467, 156
Trd, 000262.850, 152
Trd, 000263.717, 152
Trd, 000264.200, 151
Trd, 000264.517, 150
Trd, 000265.200, 150
Trd, 000265.883, 151
Trd, 000265.917, 150
Trd, 000266.217, 152
Trd, 000266.367, 152
Trd, 000266.700, 150
Trd, 000267.267, 149
Trd, 000267.317, 151
Trd, 000267.717, 148
Trd, 000267.867, 150
Trd, 000268.367, 147
Trd, 000268.833, 150
Trd, 000269.083, 143
Trd, 000269.700, 151.0
Trd, 000270.217, 146
Trd, 000270.433, 151
Trd, 000271.133, 154
Trd, 000271.733, 156
Trd, 000271.783, 156
Trd, 000272.000, 157
Trd, 000272.933, 158.0
Trd, 000273.283, 162
Trd, 000273.483, 159
Trd, 000274.217, 159
Trd, 000274.467, 158
Trd, 000274.517, 160
Trd, 000275.250, 155
Trd, 000275.733, 153
Trd, 000275.767, 154
Trd, 000276.283, 151.0
Trd, 000276.333, 148
Trd, 000276.717, 158
Trd, 000277.433, 161
Trd, 000278.000, 158.0
Trd, 000278.300, 158
Trd, 000278.767, 158
Trd, 000278.950, 157.0
Trd, 000279.117, 156
Trd, 000279.383, 155.0
Trd, 000280.400, 155
Trd, 000280.633, 156.0
Trd, 000280.900, 156.0
Trd, 000281.467, 155
Trd, 000281.517, 155.0
Trd, 000281.817, 153
Trd, 000282.050, 151.0
Trd, 000282.483, 150.0
Trd, 000282.817, 157
Trd, 000283.850, 154
Trd, 000283.933, 152.0
Trd, 000284.317, 157
Trd, 000284.667, 151.0
Trd, 000285.417, 156.0
Trd, 000285.517, 155.0
Trd, 000285.750, 154
Trd, 000285.883, 151
Trd, 000287.000, 148
Trd, 000287.433, 153
Trd, 000287.600, 152
Trd, 000288.167, 154
Trd, 000289.333, 156.0
Trd, 000289.667, 156.0
Trd, 000290.117, 157
Trd, 000290.850, 157
Trd, 000291.117, 156.0
Trd, 000291.250, 155
Trd, 000291.367, 155.0
Trd, 000291.733, 154
Trd, 000291.933, 156
Trd, 000292.633, 154
Trd, 000293.350, 156
Trd, 000293.700, 154
Trd, 000293.733, 155
Trd, 000294.567, 153
Trd, 000295.050, 156
Trd, 000295.133, 155
Trd, 000295.217, 153
Trd, 000296.000, 158.0
Trd, 000296.267, 152
Trd, 000296.433, 157
Trd, 000296.583, 156.0
Trd, 000297.383, 155.0
Trd, 000297.567, 158.0
Trd, 000298.000, 157
Trd, 000298.333, 154
Trd, 000298.583, 153
Trd, 000298.717, 151.0
Trd, 000299.467, 144
Trd, 000299.883, 157
