Trd, 000000.650, 122
Trd, 000001.983, 130
Trd, 000003.500, 131
Trd, 000003.600, 131.0
Trd, 000004.417, 138.0
Trd, 000004.483, 143
Trd, 000004.800, 139.0
Trd, 000006.017, 140.0
Trd, 000006.317, 142
Trd, 000006.600, 137
Trd, 000007.233, 136
Trd, 000007.983, 140
Trd, 000008.383, 136
Trd, 000009.700, 137.0
Trd, 000010.033, 139
Trd, 000010.500, 137
Trd, 000010.533, 137
Trd, 000011.300, 136
Trd, 000012.200, 140
Trd, 000012.283, 141
Trd, 000012.950, 140
Trd, 000014.533, 141
Trd, 000015.517, 142
Trd, 000015.550, 141
Trd, 000015.967, 140
Trd, 000016.250, 142
Trd, 000016.367, 140
Trd, 000017.467, 140
Trd, 000017.633, 141
Trd, 000017.683, 141
Trd, 000018.250, 139
Trd, 000018.467, 144.0
Trd, 000018.683, 158
Trd, 000021.117, 142
Trd, 000021.783, 145
Trd, 000021.900, 144
Trd, 000022.117, 146
Trd, 000022.217, 141
Trd, 000023.600, 151
Trd, 000024.333, 144
Trd, 000024.750, 146
Trd, 000024.867, 145
Trd, 000025.433, 147
Trd, 000025.750, 146
Trd, 000026.667, 145
Trd, 000026.800, 144
Trd, 000028.083, 152
Trd, 000028.833, 148.0
Trd, 000028.850, 147
Trd, 000029.833, 147
Trd, 000030.333, 146
Trd, 000030.733, 147
Trd, 000031.317, 148
Trd, 000032.883, 152
Trd, 000033.050, 150
Trd, 000033.217, 152.0
Trd, 000033.250, 148
Trd, 000033.333, 153.0
Trd, 000033.600, 147
Trd, 000035.100, 153
Trd, 000035.750, 149
Trd, 000036.950, 151
Trd, 000036.983, 150
Trd, 000037.667, 149
Trd, 000037.717, 148.0
Trd, 000037.883, 149
Trd, 000038.283, 149
Trd, 000038.783, 148
Trd, 000038.900, 151
Trd, 000040.900, 148
Trd, 000041.167, 147
Trd, 000041.183, 147
Trd, 000041.517, 147
Trd, 000041.617, 146
Trd, 000041.717, 146
Trd, 000041.917, 147
Trd, 000042.483, 144
Trd, 000042.700, 149
Trd, 000043.100, 152
Trd, 000044.800, 147
Trd, 000046.450, 148
Trd, 000047.383, 151
Trd, 000047.800, 148
Trd, 000048.417, 148
Trd, 000048.467, 147
Trd, 000049.017, 147
Trd, 000049.033, 148
Trd, 000049.750, 146
Trd, 000049.950, 146
Trd, 000050.733, 147
Trd, 000050.767, 146
Trd, 000052.067, 148
Trd, 000052.117, 144
Trd, 000053.217, 143
Trd, 000053.367, 134.0
Trd, 000053.433, 146
Trd, 000053.700, 141
Trd, 000054.800, 146
Trd, 000054.883, 151
Trd, 000055.517, 154.0
Trd, 000057.250, 148.0
Trd, 000057.600, 149.0
Trd, 000058.100, 150.0
Trd, 000058.317, 151
Trd, 000058.400, 155.0
Trd, 000058.483, 149
Trd, 000059.417, 149
Trd, 000060.117, 153
Trd, 000060.200, 151
Trd, 000060.367, 148
Trd, 000061.283, 149
Trd, 000061.333, 148
Trd, 000061.733, 148
Trd, 000062.117, 147
Trd, 000062.133, 154
Trd, 000062.433, 148
Trd, 000063.483, 148
Trd, 000064.133, 150
Trd, 000064.483, 143
Trd, 000064.850, 145
Trd, 000065.917, 148
Trd, 000066.267, 148
Trd, 000066.567, 148
Trd, 000066.867, 145
Trd, 000067.350, 143
Trd, 000067.400, 145
Trd, 000068.300, 142
Trd, 000068.617, 143
Trd, 000068.667, 137
Trd, 000069.983, 140
Trd, 000070.933, 141
Trd, 000071.950, 140
Trd, 000072.200, 140.0
Trd, 000072.967, 141
Trd, 000073.183, 140
Trd, 000074.800, 141
Trd, 000075.300, 143
Trd, 000076.017, 142
Trd, 000076.400, 143
Trd, 000076.850, 143
Trd, 000076.917, 144
Trd, 000077.300, 144.0
Trd, 000077.700, 143
Trd, 000077.800, 141
Trd, 000077.850, 143
Trd, 000078.767, 142
Trd, 000078.983, 140
Trd, 000080.500, 143
Trd, 000081.883, 144
Trd, 000082.217, 144
Trd, 000082.433, 143
Trd, 000083.383, 143
Trd, 000084.200, 142
Trd, 000084.567, 141
Trd, 000084.617, 143
Trd, 000085.650, 144.0
Trd, 000086.517, 155.0
Trd, 000086.817, 149
Trd, 000087.283, 150
Trd, 000087.783, 151
Trd, 000087.967, 150
Trd, 000088.850, 150
Trd, 000089.183, 150
Trd, 000089.817, 150
Trd, 000090.317, 149
Trd, 000090.533, 150
Trd, 000092.183, 148
Trd, 000092.483, 150
Trd, 000092.767, 144
Trd, 000094.983, 148
Trd, 000095.217, 149
Trd, 000095.267, 150
Trd, 000095.517, 148
Trd, 000095.550, 149
Trd, 000095.750, 147
Trd, 000096.150, 148
Trd, 000096.500, 147
Trd, 000097.267, 148
Trd, 000097.500, 149
Trd, 000097.617, 148.0
Trd, 000097.733, 151
Trd, 000098.150, 150
Trd, 000099.833, 150
Trd, 000100.900, 149
Trd, 000101.367, 149
Trd, 000101.533, 148
Trd, 000101.833, 149
Trd, 000102.000, 149
Trd, 000102.183, 148
Trd, 000103.367, 146
Trd, 000103.483, 151
Trd, 000104.550, 143
Trd, 000105.067, 142
Trd, 000106.383, 144
Trd, 000106.917, 141
Trd, 000107.817, 143
Trd, 000108.017, 142
Trd, 000108.117, 142
Trd, 000108.183, 141
Trd, 000108.217, 143
Trd, 000109.633, 140
Trd, 000110.117, 140
Trd, 000110.217, 144.0
Trd, 000112.067, 142
Trd, 000113.300, 144
Trd, 000114.083, 143
Trd, 000115.017, 142
Trd, 000115.467, 141
Trd, 000116.117, 144
Trd, 000116.317, 143
Trd, 000116.633, 145
Trd, 000116.667, 145
Trd, 000117.350, 141
Trd, 000117.933, 142
Trd, 000118.517, 141
Trd, 000118.667, 143
Trd, 000118.850, 141
Trd, 000119.033, 144
Trd, 000119.283, 140
Trd, 000121.083, 141
Trd, 000121.367, 141
Trd, 000122.217, 141
Trd, 000122.467, 140
Trd, 000122.633, 142
Trd, 000123.383, 141
Trd, 000123.900, 140
Trd, 000124.483, 143.0
Trd, 000124.533, 144.0
Trd, 000124.950, 144
Trd, 000125.383, 145
Trd, 000125.783, 143
Trd, 000126.167, 151
Trd, 000126.217, 140
Trd, 000127.000, 142
Trd, 000127.067, 142
Trd, 000128.267, 140
Trd, 000128.283, 147
Trd, 000128.867, 148
Trd, 000129.067, 134.0
Trd, 000129.517, 142
Trd, 000131.183, 144
Trd, 000131.367, 143
Trd, 000131.717, 145
Trd, 000132.617, 145
Trd, 000133.317, 145
Trd, 000133.567, 144
Trd, 000133.583, 148
Trd, 000133.600, 143
Trd, 000134.717, 145
Trd, 000134.967, 142
Trd, 000134.983, 146
Trd, 000135.233, 142
Trd, 000137.700, 149
Trd, 000138.100, 144
Trd, 000138.350, 143
Trd, 000139.050, 146
Trd, 000139.450, 142
Trd, 000139.850, 142
Trd, 000140.667, 142
Trd, 000141.300, 145
Trd, 000141.400, 143
Trd, 000142.617, 149
Trd, 000142.950, 145
Trd, 000143.533, 150
Trd, 000144.583, 145
Trd, 000144.817, 145
Trd, 000145.233, 144
Trd, 000146.717, 146
Trd, 000147.467, 149
Trd, 000148.300, 148
Trd, 000148.933, 149
Trd, 000149.317, 146
Trd, 000149.833, 145
Trd, 000150.150, 147
Trd, 000150.817, 147
Trd, 000151.183, 147
Trd, 000151.650, 148
Trd, 000151.833, 147
Trd, 000152.867, 143
Trd, 000153.183, 142
Trd, 000153.217, 134.0
Trd, 000153.550, 141
Trd, 000153.567, 144.0
Trd, 000154.533, 143
Trd, 000154.850, 128
Trd, 000156.467, 140
Trd, 000156.883, 140
Trd, 000157.067, 139
Trd, 000157.267, 138
Trd, 000157.550, 128.0
Trd, 000157.800, 140
Trd, 000157.967, 142
Trd, 000159.167, 136
Trd, 000159.583, 142
Trd, 000159.950, 135
Trd, 000160.350, 135
Trd, 000161.900, 137
Trd, 000162.817, 142
Trd, 000163.083, 138
Trd, 000163.567, 143
Trd, 000164.500, 138
Trd, 000164.750, 140
Trd, 000165.683, 141
Trd, 000165.917, 140
Trd, 000166.683, 140
Trd, 000167.333, 140
Trd, 000167.417, 141
Trd, 000167.650, 141
Trd, 000169.133, 140
Trd, 000169.600, 140
Trd, 000169.617, 141.0
Trd, 000169.667, 138
Trd, 000170.467, 139
Trd, 000170.783, 137
Trd, 000171.500, 141
Trd, 000172.233, 144.0
Trd, 000173.100, 151
Trd, 000173.350, 149.0
Trd, 000173.767, 148.0
Trd, 000173.883, 147
Trd, 000174.733, 148
Trd, 000175.017, 149
Trd, 000175.167, 148
Trd, 000176.533, 146
Trd, 000177.083, 146
Trd, 000177.367, 150
Trd, 000177.617, 154.0
Trd, 000178.333, 147
Trd, 000178.417, 153.0
Trd, 000178.900, 145
Trd, 000182.300, 149
Trd, 000182.967, 150
Trd, 000183.017, 149
Trd, 000183.583, 149
Trd, 000183.800, 148.0
Trd, 000183.867, 145
Trd, 000184.317, 147
Trd, 000184.450, 147
Trd, 000184.817, 146
Trd, 000184.983, 146
Trd, 000185.250, 146
Trd, 000185.700, 146
Trd, 000185.717, 145
Trd, 000186.333, 143
Trd, 000188.067, 144
Trd, 000188.283, 144
Trd, 000188.833, 145
Trd, 000189.350, 143
Trd, 000189.683, 151
Trd, 000189.700, 141
Trd, 000190.467, 149
Trd, 000191.467, 144
Trd, 000191.583, 144
Trd, 000191.600, 143
Trd, 000193.017, 145
Trd, 000193.783, 144
Trd, 000194.250, 143
Trd, 000194.817, 142
Trd, 000195.083, 143
Trd, 000195.667, 142
Trd, 000197.117, 142
Trd, 000198.133, 143
Trd, 000198.233, 141
Trd, 000198.283, 141
Trd, 000198.550, 142
Trd, 000199.533, 143
Trd, 000199.733, 144.0
Trd, 000200.400, 143
Trd, 000200.767, 144
Trd, 000201.283, 142
Trd, 000201.917, 142
Trd, 000202.133, 143
Trd, 000202.383, 142
Trd, 000202.683, 144.0
Trd, 000202.833, 151
Trd, 000202.933, 141
Trd, 000203.367, 132
Trd, 000204.833, 135
Trd, 000205.217, 138
Trd, 000206.317, 140
Trd, 000206.567, 139
Trd, 000207.517, 139
Trd, 000207.633, 139
Trd, 000207.983, 138
Trd, 000208.683, 135.0
Trd, 000209.133, 135.0
Trd, 000210.000, 136.0
Trd, 000211.150, 137
Trd, 000211.600, 137.0
Trd, 000211.767, 138
Trd, 000211.867, 141
Trd, 000211.950, 137
Trd, 000212.467, 136
Trd, 000213.467, 141
Trd, 000213.567, 140
Trd, 000214.767, 150
Trd, 000214.817, 151
Trd, 000216.483, 143
Trd, 000217.050, 142
Trd, 000217.233, 143
Trd, 000217.433, 146
Trd, 000217.700, 147
Trd, 000218.317, 143
Trd, 000220.133, 144
Trd, 000220.317, 144
Trd, 000221.300, 144.0
Trd, 000221.317, 143
Trd, 000221.633, 143
Trd, 000221.767, 142
Trd, 000222.767, 144
Trd, 000222.950, 142
Trd, 000223.467, 143
Trd, 000223.867, 145
Trd, 000224.083, 144
Trd, 000224.333, 144
Trd, 000224.917, 143
Trd, 000225.567, 143
Trd, 000225.683, 142
Trd, 000225.767, 142
Trd, 000225.933, 149
Trd, 000226.717, 143
Trd, 000227.700, 145
Trd, 000228.133, 146
Trd, 000228.433, 145
Trd, 000228.450, 149
Trd, 000229.100, 149
Trd, 000229.900, 146
Trd, 000231.000, 149
Trd, 000231.150, 149.0
Trd, 000232.033, 149
Trd, 000232.167, 149.0
Trd, 000233.267, 148.0
Trd, 000233.617, 146
Trd, 000235.417, 147
Trd, 000235.500, 146
Trd, 000235.983, 145
Trd, 000236.017, 145
Trd, 000236.700, 145
Trd, 000237.000, 147
Trd, 000237.483, 146
Trd, 000238.250, 145
Trd, 000239.000, 145
Trd, 000239.067, 143
Trd, 000240.617, 143
Trd, 000240.750, 142
Trd, 000240.983, 143
Trd, 000241.200, 144
Trd, 000241.333, 144.0
Trd, 000241.350, 146
Trd, 000241.500, 143
Trd, 000242.000, 142
Trd, 000242.067, 141.0
Trd, 000242.283, 143
Trd, 000242.967, 147
Trd, 000243.050, 148
Trd, 000243.583, 152
Trd, 000244.400, 155.0
Trd, 000244.500, 154
Trd, 000244.617, 153
Trd, 000245.017, 150
Trd, 000245.900, 151
Trd, 000246.183, 150
Trd, 000246.800, 149
Trd, 000247.400, 149
Trd, 000247.567, 148.0
Trd, 000248.667, 149
Trd, 000249.083, 149
Trd, 000249.183, 151
Trd, 000249.983, 148
Trd, 000250.333, 146
Trd, 000251.083, 150
Trd, 000251.350, 148
Trd, 000251.567, 150
Trd, 000251.700, 146
Trd, 000251.750, 147
Trd, 000252.000, 147
Trd, 000252.433, 145
Trd, 000252.767, 144
Trd, 000253.033, 143
Trd, 000253.350, 143.0
Trd, 000254.550, 144.0
Trd, 000254.567, 143
Trd, 000254.617, 145
Trd, 000255.333, 142.0
Trd, 000256.200, 142.0
Trd, 000256.267, 141.0
Trd, 000256.300, 144
Trd, 000256.317, 145
Trd, 000256.600, 145
Trd, 000257.050, 143
Trd, 000257.183, 142
Trd, 000257.850, 146
Trd, 000257.883, 143
Trd, 000258.167, 151
Trd, 000258.617, 144
Trd, 000259.300, 151
Trd, 000259.650, 156
Trd, 000260.483, 151
Trd, 000260.750, 150
Trd, 000260.783, 151
Trd, 000261.450, 155.0
Trd, 000263.033, 150.0
Trd, 000263.233, 149
Trd, 000263.300, 152
Trd, 000263.417, 148
Trd, 000263.833, 150
Trd, 000264.000, 149
Trd, 000264.050, 150
Trd, 000264.367, 148.0
Trd, 000264.700, 147
Trd, 000266.217, 146
Trd, 000266.517, 143
Trd, 000266.533, 148
Trd, 000266.633, 146.0
Trd, 000266.967, 141.0
Trd, 000267.683, 134.0
Trd, 000267.750, 137
Trd, 000267.817, 127.0
Trd, 000270.000, 144
Trd, 000270.133, 145
Trd, 000270.450, 148
Trd, 000270.667, 150
Trd, 000270.883, 145
Trd, 000271.183, 149
Trd, 000271.583, 150
Trd, 000271.917, 149
Trd, 000271.983, 150
Trd, 000272.217, 147
Trd, 000272.483, 151
Trd, 000272.583, 146
Trd, 000272.650, 155.0
Trd, 000272.950, 143
Trd, 000273.050, 141.0
Trd, 000273.367, 134.0
Trd, 000273.633, 137
Trd, 000273.783, 131.0
Trd, 000274.383, 137
Trd, 000275.467, 143
Trd, 000275.500, 142
Trd, 000276.667, 141
Trd, 000276.750, 140
Trd, 000276.983, 140
Trd, 000277.200, 142
Trd, 000277.233, 144.0
Trd, 000277.700, 142.0
Trd, 000277.783, 141.0
Trd, 000278.533, 154
Trd, 000278.833, 155.0
Trd, 000279.283, 158
Trd, 000279.933, 149
Trd, 000281.367, 160
Trd, 000281.550, 152
Trd, 000282.000, 158
Trd, 000282.383, 159
Trd, 000282.550, 160
Trd, 000282.750, 155
Trd, 000283.367, 157
Trd, 000283.533, 157
Trd, 000283.783, 158
Trd, 000284.067, 154
Trd, 000284.100, 156
Trd, 000284.317, 148.0
Trd, 000284.333, 154
Trd, 000285.283, 151
Trd, 000285.633, 151
Trd, 000286.050, 151
Trd, 000286.200, 150
Trd, 000286.450, 141
Trd, 000286.950, 149
Trd, 000287.783, 143
Trd, 000288.350, 156
Trd, 000288.950, 155
Trd, 000289.000, 156
Trd, 000289.017, 153
Trd, 000290.067, 158
Trd, 000290.117, 150
Trd, 000291.050, 156
Trd, 000291.067, 149
Trd, 000291.250, 156
Trd, 000291.383, 148
Trd, 000291.400, 143
Trd, 000291.850, 125
Trd, 000292.233, 158
Trd, 000292.683, 151
Trd, 000292.717, 150
Trd, 000293.183, 156
Trd, 000293.267, 143
Trd, 000293.733, 134.0
Trd, 000294.400, 153
Trd, 000295.033, 152
Trd, 000295.950, 146
Trd, 000296.067, 145
Trd, 000296.467, 144.0
Trd, 000296.567, 143.0
Trd, 000297.567, 143
Trd, 000298.300, 146
Trd, 000298.800, 145
Trd, 000299.233, 145
Trd, 000299.500, 145
