Trd, 000002.950, 130
Trd, 000002.967, 131
Trd, 000003.033, 132
Trd, 000004.267, 134
Trd, 000004.567, 129
Trd, 000004.767, 140
Trd, 000004.800, 141.0
Trd, 000005.033, 141
Trd, 000005.683, 136
Trd, 000006.367, 152
Trd, 000006.983, 149
Trd, 000008.450, 148
Trd, 000009.183, 150
Trd, 000009.383, 168.0
Trd, 000009.883, 148
Trd, 000010.550, 154.0
Trd, 000010.867, 153.0
Trd, 000010.917, 151.0
Trd, 000011.117, 162.0
Trd, 000011.583, 157
Trd, 000011.633, 157
Trd, 000012.383, 171.0
Trd, 000012.500, 151.0
Trd, 000014.983, 159
Trd, 000015.383, 162
Trd, 000015.467, 159
Trd, 000015.983, 162.0
Trd, 000016.267, 157
Trd, 000017.400, 161
Trd, 000018.117, 161
Trd, 000018.233, 155
Trd, 000018.633, 154
Trd, 000018.933, 154
Trd, 000020.983, 153
Trd, 000021.000, 153
Trd, 000022.350, 152
Trd, 000022.550, 151.0
Trd, 000022.600, 157
Trd, 000022.767, 141.0
Trd, 000023.700, 134
Trd, 000024.017, 145
Trd, 000024.550, 142
Trd, 000024.933, 146
Trd, 000025.417, 147
Trd, 000026.150, 149
Trd, 000027.217, 151.0
Trd, 000028.183, 154
Trd, 000028.867, 153
Trd, 000029.050, 152
Trd, 000029.200, 152
Trd, 000029.367, 154
Trd, 000029.500, 162.0
Trd, 000029.850, 154
Trd, 000030.283, 158
Trd, 000030.650, 167
Trd, 000031.900, 153
Trd, 000032.033, 151.0
Trd, 000032.500, 160
Trd, 000033.567, 155
Trd, 000034.500, 155
Trd, 000034.717, 157
Trd, 000034.767, 159
Trd, 000035.333, 160
Trd, 000035.600, 154
Trd, 000035.683, 141.0
Trd, 000036.267, 154
Trd, 000036.483, 153
Trd, 000036.917, 152
Trd, 000037.767, 161
Trd, 000037.783, 152.0
Trd, 000038.300, 162.0
Trd, 000039.100, 168.0
Trd, 000040.567, 155.0
Trd, 000041.000, 166
Trd, 000041.183, 153
Trd, 000041.383, 151.0
Trd, 000042.750, 141.0
Trd, 000042.833, 149
Trd, 000043.633, 149
Trd, 000043.733, 135.0
Trd, 000044.183, 150
Trd, 000044.400, 149
Trd, 000044.900, 151.0
Trd, 000045.217, 162.0
Trd, 000045.767, 151
Trd, 000046.300, 156
Trd, 000047.500, 155
Trd, 000048.167, 156
Trd, 000048.650, 154
Trd, 000048.683, 158
Trd, 000049.000, 158
Trd, 000050.067, 154
Trd, 000051.117, 155
Trd, 000051.717, 154
Trd, 000052.150, 159.0
Trd, 000052.283, 160
Trd, 000052.800, 155
Trd, 000052.883, 160
Trd, 000054.033, 155
Trd, 000054.700, 161
Trd, 000055.217, 153
Trd, 000055.867, 161.0
Trd, 000056.417, 162.0
Trd, 000057.133, 162
Trd, 000057.933, 154
Trd, 000059.117, 164.0
Trd, 000059.417, 157
Trd, 000060.650, 158
Trd, 000062.400, 162
Trd, 000062.700, 162.0
Trd, 000062.733, 157
Trd, 000062.833, 156
Trd, 000063.383, 161
Trd, 000064.133, 156
Trd, 000064.150, 162
Trd, 000064.500, 155
Trd, 000064.683, 162
Trd, 000065.733, 162.0
Trd, 000066.517, 158
Trd, 000067.017, 160
Trd, 000067.200, 156
Trd, 000067.300, 161
Trd, 000068.317, 168.0
Trd, 000068.367, 155
Trd, 000068.450, 154
Trd, 000068.633, 151.0
Trd, 000069.983, 155
Trd, 000070.250, 162.0
Trd, 000070.483, 154
Trd, 000070.883, 155
Trd, 000072.417, 161
Trd, 000073.067, 158
Trd, 000074.950, 158
Trd, 000075.067, 157
Trd, 000075.750, 161.0
Trd, 000076.267, 157
Trd, 000076.567, 162.0
Trd, 000076.667, 168.0
Trd, 000076.850, 156
Trd, 000078.733, 157
Trd, 000080.167, 157
Trd, 000080.350, 156
Trd, 000080.617, 161
Trd, 000080.967, 159
Trd, 000081.183, 158
Trd, 000081.817, 156
Trd, 000081.933, 162.0
Trd, 000082.150, 154
Trd, 000083.917, 176
Trd, 000084.033, 165.0
Trd, 000085.583, 162.0
Trd, 000085.850, 159
Trd, 000086.000, 160
Trd, 000086.333, 157
Trd, 000086.467, 152.0
Trd, 000086.683, 151.0
Trd, 000088.367, 157
Trd, 000088.400, 156
Trd, 000089.783, 157
Trd, 000089.817, 158
Trd, 000089.900, 156
Trd, 000090.383, 156
Trd, 000090.783, 155
Trd, 000091.133, 160
Trd, 000091.650, 153
Trd, 000092.267, 151.0
Trd, 000093.083, 153
Trd, 000093.317, 151
Trd, 000093.817, 150
Trd, 000093.900, 152
Trd, 000094.650, 155
Trd, 000095.433, 153
Trd, 000095.700, 162.0
Trd, 000096.183, 172.0
Trd, 000096.683, 162
Trd, 000096.800, 161
Trd, 000097.883, 159
Trd, 000098.233, 158
Trd, 000098.700, 159
Trd, 000099.217, 158
Trd, 000099.733, 154
Trd, 000100.483, 155
Trd, 000100.533, 154
Trd, 000100.683, 153
Trd, 000101.783, 152.0
Trd, 000102.017, 151.0
Trd, 000103.833, 160
Trd, 000104.150, 155
Trd, 000104.700, 159
Trd, 000105.067, 159
Trd, 000106.083, 162.0
Trd, 000107.850, 158
Trd, 000108.050, 159
Trd, 000108.150, 160
Trd, 000108.800, 157
Trd, 000109.667, 159
Trd, 000109.867, 157
Trd, 000111.050, 157
Trd, 000111.067, 155
Trd, 000111.167, 154
Trd, 000112.717, 159
Trd, 000112.733, 160
Trd, 000112.850, 158
Trd, 000112.967, 162.0
Trd, 000113.033, 163
Trd, 000113.150, 156
Trd, 000113.400, 154
Trd, 000114.850, 169.0
Trd, 000115.817, 168
Trd, 000116.100, 178
Trd, 000116.933, 162.0
Trd, 000117.250, 159
Trd, 000119.300, 166
Trd, 000119.667, 163
Trd, 000120.700, 164
Trd, 000120.883, 161
Trd, 000121.017, 162.0
Trd, 000121.183, 159
Trd, 000121.800, 166
Trd, 000121.817, 168.0
Trd, 000122.367, 166
Trd, 000122.800, 157
Trd, 000123.317, 159
Trd, 000124.067, 154
Trd, 000124.250, 152
Trd, 000124.483, 162.0
Trd, 000124.983, 154
Trd, 000125.067, 151.0
Trd, 000125.233, 160
Trd, 000126.617, 155
Trd, 000128.017, 158
Trd, 000128.083, 151.0
Trd, 000128.317, 146.0
Trd, 000128.400, 159
Trd, 000128.450, 140
Trd, 000128.650, 162
Trd, 000130.500, 157
Trd, 000131.467, 159
Trd, 000131.767, 157
Trd, 000132.933, 158
Trd, 000133.417, 157
Trd, 000134.050, 158
Trd, 000134.117, 154
Trd, 000135.683, 154
Trd, 000135.817, 154
Trd, 000136.217, 152.0
Trd, 000137.100, 157
Trd, 000137.533, 154.0
Trd, 000138.800, 152.0
Trd, 000139.350, 158
Trd, 000139.617, 151.0
Trd, 000140.633, 157
Trd, 000140.767, 162.0
Trd, 000140.967, 165
Trd, 000141.183, 167.0
Trd, 000141.600, 158
Trd, 000142.133, 155
Trd, 000142.717, 161
Trd, 000142.733, 162.0
Trd, 000143.833, 157
Trd, 000145.017, 159
Trd, 000146.217, 159
Trd, 000146.367, 157
Trd, 000146.383, 157
Trd, 000146.500, 157
Trd, 000146.967, 154
Trd, 000147.350, 154
Trd, 000149.150, 155
Trd, 000149.817, 156
Trd, 000150.700, 155
Trd, 000150.917, 158
Trd, 000151.050, 153
Trd, 000151.500, 155
Trd, 000152.033, 161.0
Trd, 000152.883, 159
Trd, 000153.950, 161
Trd, 000154.000, 162.0
Trd, 000154.383, 162
Trd, 000154.600, 157
Trd, 000154.783, 154
Trd, 000156.850, 162
Trd, 000157.300, 161
Trd, 000157.450, 162.0
Trd, 000157.500, 160
Trd, 000157.800, 163
Trd, 000158.217, 168.0
Trd, 000158.267, 172.0
Trd, 000158.467, 172
Trd, 000158.883, 158
Trd, 000159.000, 157
Trd, 000159.433, 155
Trd, 000161.083, 164
Trd, 000161.350, 160
Trd, 000162.150, 163
Trd, 000162.350, 154
Trd, 000163.167, 151.0
Trd, 000165.183, 160
Trd, 000165.350, 162.0
Trd, 000165.717, 161
Trd, 000166.267, 160
Trd, 000166.467, 159
Trd, 000166.883, 158
Trd, 000167.067, 162
Trd, 000167.133, 168.0
Trd, 000168.683, 167
Trd, 000169.017, 160
Trd, 000169.533, 155
Trd, 000169.733, 154
Trd, 000170.200, 155
Trd, 000170.500, 151.0
Trd, 000171.400, 144.0
Trd, 000171.967, 155
Trd, 000172.417, 157
Trd, 000173.633, 158
Trd, 000173.783, 153.0
Trd, 000173.900, 162.0
Trd, 000174.317, 151
Trd, 000175.250, 159
Trd, 000175.983, 155
Trd, 000176.483, 157
Trd, 000177.633, 160
Trd, 000177.667, 159
Trd, 000177.767, 162.0
Trd, 000177.783, 168.0
Trd, 000179.000, 173
Trd, 000179.033, 169
Trd, 000179.433, 162
Trd, 000180.933, 157
Trd, 000181.050, 156
Trd, 000181.417, 156
Trd, 000183.683, 162.0
Trd, 000184.100, 161
Trd, 000185.383, 163
Trd, 000186.417, 168.0
Trd, 000186.617, 161
Trd, 000187.300, 164
Trd, 000187.350, 162.0
Trd, 000187.400, 161
Trd, 000187.700, 154
Trd, 000187.933, 141.0
Trd, 000187.983, 167.0
Trd, 000188.450, 165
Trd, 000189.933, 153
Trd, 000191.667, 157
Trd, 000192.033, 158
Trd, 000192.050, 161
Trd, 000192.583, 156
Trd, 000192.633, 161
Trd, 000193.200, 155
Trd, 000194.117, 154
Trd, 000194.233, 151.0
Trd, 000195.067, 159
Trd, 000195.567, 159
Trd, 000195.717, 160
Trd, 000195.850, 154
Trd, 000197.050, 156
Trd, 000197.500, 154
Trd, 000198.433, 165
Trd, 000198.667, 162.0
Trd, 000198.867, 156
Trd, 000199.233, 162
Trd, 000200.900, 162
Trd, 000201.683, 162
Trd, 000201.933, 162.0
Trd, 000202.533, 160
Trd, 000202.867, 159
Trd, 000203.733, 160
Trd, 000203.817, 162
Trd, 000203.917, 157
Trd, 000204.050, 164
Trd, 000204.700, 154
Trd, 000204.800, 159
Trd, 000206.350, 155
Trd, 000206.433, 165
Trd, 000207.217, 151.0
Trd, 000207.683, 160
Trd, 000207.900, 162
Trd, 000209.233, 162.0
Trd, 000210.317, 168.0
Trd, 000210.983, 162
Trd, 000211.933, 165.0
Trd, 000213.400, 164.0
Trd, 000213.467, 162.0
Trd, 000214.850, 162
Trd, 000214.983, 161
Trd, 000215.850, 161.0
Trd, 000216.383, 158
Trd, 000217.017, 160
Trd, 000217.300, 160
Trd, 000217.467, 158
Trd, 000219.533, 160
Trd, 000219.733, 157
Trd, 000220.550, 154
Trd, 000221.217, 157
Trd, 000222.017, 157
Trd, 000222.517, 156
Trd, 000222.983, 159
Trd, 000223.083, 162.0
Trd, 000223.733, 160
Trd, 000224.283, 155
Trd, 000225.017, 161
Trd, 000225.083, 155
Trd, 000225.750, 154
Trd, 000225.950, 160
Trd, 000226.200, 161
Trd, 000228.083, 154
Trd, 000228.433, 155
Trd, 000228.967, 155
Trd, 000229.183, 159
Trd, 000229.500, 155
Trd, 000229.567, 162.0
Trd, 000229.800, 153
Trd, 000229.983, 151.0
Trd, 000230.033, 141.0
Trd, 000230.667, 159
Trd, 000231.550, 168.0
Trd, 000232.300, 153
Trd, 000233.017, 167
Trd, 000234.833, 170
Trd, 000235.133, 176
Trd, 000235.283, 162.0
Trd, 000235.467, 156
Trd, 000235.800, 155
Trd, 000236.417, 156
Trd, 000237.033, 155
Trd, 000238.950, 156
Trd, 000239.133, 162.0
Trd, 000239.367, 154
Trd, 000239.400, 151.0
Trd, 000240.000, 140
Trd, 000240.650, 146
Trd, 000240.750, 149
Trd, 000241.250, 151.0
Trd, 000241.917, 149
Trd, 000242.267, 151
Trd, 000242.383, 155.0
Trd, 000244.783, 153
Trd, 000244.900, 154
Trd, 000245.133, 153
Trd, 000245.183, 152
Trd, 000245.500, 150
Trd, 000245.950, 150.0
Trd, 000246.300, 151.0
Trd, 000246.333, 150
Trd, 000246.500, 152.0
Trd, 000247.400, 154
Trd, 000247.417, 158.0
Trd, 000247.650, 153.0
Trd, 000248.383, 155.0
Trd, 000249.400, 158
Trd, 000249.900, 153
Trd, 000250.517, 154
Trd, 000251.317, 151.0
Trd, 000251.450, 144.0
Trd, 000251.567, 152
Trd, 000251.683, 155
Trd, 000251.867, 158.0
Trd, 000252.450, 162.0
Trd, 000252.900, 144.0
Trd, 000252.933, 141.0
Trd, 000254.383, 151
Trd, 000254.750, 151
Trd, 000255.017, 151.0
Trd, 000255.683, 151.0
Trd, 000256.283, 149
Trd, 000256.417, 151
Trd, 000256.500, 150
Trd, 000256.650, 158.0
Trd, 000257.317, 151
Trd, 000258.083, 149
Trd, 000258.500, 148
Trd, 000258.850, 153
Trd, 000258.967, 154.0
Trd, 000260.133, 151
Trd, 000260.550, 154
Trd, 000260.783, 154.0
Trd, 000261.250, 153
Trd, 000261.433, 158.0
Trd, 000262.467, 153
Trd, 000262.667, 158.0
Trd, 000263.450, 152
Trd, 000263.667, 156
Trd, 000264.050, 151.0
Trd, 000265.217, 154
Trd, 000266.167, 153
Trd, 000266.350, 152.0
Trd, 000267.633, 155
Trd, 000267.950, 152
Trd, 000268.050, 153.0
Trd, 000268.700, 152.0
Trd, 000269.467, 158.0
Trd, 000270.150, 153
Trd, 000270.250, 151.0
Trd, 000270.633, 151
Trd, 000270.850, 152.0
Trd, 000270.967, 157
Trd, 000271.133, 144.0
Trd, 000271.933, 142.0
Trd, 000271.983, 156
Trd, 000272.700, 145
Trd, 000273.050, 141.0
Trd, 000273.200, 151.0
Trd, 000273.833, 147
Trd, 000274.367, 150
Trd, 000275.783, 147
Trd, 000276.233, 148
Trd, 000276.367, 147
Trd, 000276.433, 146
Trd, 000277.217, 146
Trd, 000277.933, 146
Trd, 000278.083, 148
Trd, 000278.650, 146
Trd, 000279.383, 145
Trd, 000279.433, 157.0
Trd, 000279.867, 144.0
Trd, 000279.950, 144
Trd, 000280.683, 143.0
Trd, 000281.150, 142
Trd, 000281.283, 145
Trd, 000281.483, 147
Trd, 000281.867, 147
Trd, 000282.317, 145.0
Trd, 000282.517, 151.0
Trd, 000283.183, 144.0
Trd, 000284.167, 148
Trd, 000284.250, 147
Trd, 000284.450, 149.0
Trd, 000284.717, 151.0
Trd, 000285.000, 146
Trd, 000285.250, 141.0
Trd, 000285.367, 150
Trd, 000285.550, 137.0
Trd, 000285.967, 142
Trd, 000287.700, 158
Trd, 000287.767, 162.0
Trd, 000288.467, 137.0
Trd, 000288.850, 145
Trd, 000288.967, 144.0
Trd, 000289.433, 134.0
Trd, 000289.717, 142
Trd, 000289.917, 131.0
Trd, 000291.100, 142.0
Trd, 000291.133, 141.0
Trd, 000291.733, 142
Trd, 000292.383, 143
Trd, 000294.117, 141
Trd, 000294.150, 149.0
Trd, 000294.217, 140
Trd, 000294.550, 151.0
Trd, 000294.683, 158.0
Trd, 000296.050, 148
Trd, 000296.367, 151
Trd, 000297.017, 145.0
Trd, 000297.183, 144.0
Trd, 000297.367, 143
Trd, 000297.400, 142
Trd, 000298.017, 148
Trd, 000298.133, 151.0
Trd, 000298.750, 149
Trd, 000299.083, 149
