Trd, 000000.800, 181
Trd, 000002.300, 175.0
Trd, 000003.483, 158.0
Trd, 000004.867, 165.0
Trd, 000005.933, 166
Trd, 000006.183, 165
Trd, 000006.367, 164
Trd, 000007.417, 155.0
Trd, 000008.717, 153
Trd, 000008.883, 144.0
Trd, 000008.917, 134.0
Trd, 000009.083, 162.0
Trd, 000010.050, 165.0
Trd, 000011.783, 161
Trd, 000012.133, 161
Trd, 000013.167, 162
Trd, 000013.883, 162.0
Trd, 000014.183, 161.0
Trd, 000014.417, 165.0
Trd, 000014.800, 161
Trd, 000015.350, 158.0
Trd, 000015.700, 155.0
Trd, 000016.650, 144.0
Trd, 000016.683, 151.0
Trd, 000017.733, 135.0
Trd, 000018.700, 146.0
Trd, 000018.733, 148.0
Trd, 000018.967, 136.0
Trd, 000019.417, 148
Trd, 000019.933, 150
Trd, 000020.017, 171
Trd, 000021.483, 148.0
Trd, 000021.500, 162.0
Trd, 000022.333, 135.0
Trd, 000023.167, 165
Trd, 000023.600, 151
Trd, 000024.117, 150
Trd, 000024.717, 149.0
Trd, 000025.100, 147
Trd, 000025.267, 144.0
Trd, 000025.833, 130
Trd, 000026.950, 148.0
Trd, 000028.217, 148.0
Trd, 000029.350, 145.0
Trd, 000030.233, 145.0
Trd, 000030.667, 147.0
Trd, 000030.917, 145
Trd, 000031.867, 143
Trd, 000031.917, 145
Trd, 000032.483, 162.0
Trd, 000033.383, 146.0
Trd, 000033.800, 147.0
Trd, 000034.700, 147
Trd, 000035.217, 148.0
Trd, 000035.433, 151.0
Trd, 000036.683, 149
Trd, 000037.450, 151
Trd, 000037.850, 148
Trd, 000038.133, 151
Trd, 000039.550, 149
Trd, 000040.233, 161.0
Trd, 000040.417, 152
Trd, 000040.533, 151
Trd, 000040.650, 162.0
Trd, 000040.867, 150
Trd, 000040.883, 170
Trd, 000042.333, 149
Trd, 000043.000, 149
Trd, 000043.500, 148.0
Trd, 000044.050, 150.0
Trd, 000044.100, 151.0
Trd, 000044.650, 160.0
Trd, 000047.150, 160.0
Trd, 000047.800, 161.0
Trd, 000047.917, 150.0
Trd, 000048.050, 144.0
Trd, 000048.133, 148.0
Trd, 000048.517, 144
Trd, 000050.517, 154.0
Trd, 000050.633, 148
Trd, 000051.533, 150.0
Trd, 000051.833, 148.0
Trd, 000052.383, 150.0
Trd, 000052.567, 148
Trd, 000052.900, 148
Trd, 000054.417, 145.0
Trd, 000055.200, 144.0
Trd, 000055.433, 146.0
Trd, 000056.083, 143
Trd, 000056.167, 145.0
Trd, 000056.417, 146.0
Trd, 000056.433, 151.0
Trd, 000057.667, 149
Trd, 000058.683, 148.0
Trd, 000059.217, 147
Trd, 000059.417, 145
Trd, 000060.450, 147
Trd, 000060.683, 145
Trd, 000060.817, 148.0
Trd, 000062.533, 137
Trd, 000062.633, 138
Trd, 000064.433, 137
Trd, 000064.483, 138
Trd, 000064.550, 141
Trd, 000065.017, 162.0
Trd, 000065.950, 148.0
Trd, 000067.133, 142
Trd, 000067.267, 144
Trd, 000067.567, 147.0
Trd, 000067.800, 148.0
Trd, 000068.633, 147.0
Trd, 000070.650, 145.0
Trd, 000070.750, 144.0
Trd, 000071.650, 144.0
Trd, 000072.350, 146.0
Trd, 000072.783, 138
Trd, 000074.217, 140.0
Trd, 000074.400, 141.0
Trd, 000074.467, 139.0
Trd, 000074.533, 146.0
Trd, 000074.567, 147.0
Trd, 000075.650, 148.0
Trd, 000076.117, 158.0
Trd, 000077.500, 151.0
Trd, 000077.717, 150
Trd, 000077.883, 160.0
Trd, 000078.383, 158.0
Trd, 000081.417, 158
Trd, 000081.467, 157
Trd, 000081.550, 160
Trd, 000082.083, 161.0
Trd, 000082.267, 171
Trd, 000082.333, 159
Trd, 000082.683, 171
Trd, 000084.167, 165.0
Trd, 000084.433, 164
Trd, 000084.467, 163
Trd, 000084.917, 159
Trd, 000086.117, 158.0
Trd, 000086.383, 158
Trd, 000086.617, 145.0
Trd, 000086.700, 151.0
Trd, 000087.883, 147.0
Trd, 000088.867, 147.0
Trd, 000089.967, 147.0
Trd, 000090.067, 145.0
Trd, 000090.900, 161.0
Trd, 000091.317, 158.0
Trd, 000091.767, 147.0
Trd, 000092.300, 151.0
Trd, 000092.717, 161.0
Trd, 000093.717, 162.0
Trd, 000094.333, 158.0
Trd, 000094.617, 137
Trd, 000095.117, 146
Trd, 000095.150, 144.0
Trd, 000096.733, 137.0
Trd, 000096.817, 162.0
Trd, 000097.050, 161.0
Trd, 000097.567, 138
Trd, 000098.717, 158.0
Trd, 000098.933, 145.0
Trd, 000099.067, 162.0
Trd, 000100.033, 145
Trd, 000100.100, 153
Trd, 000101.883, 147.0
Trd, 000101.917, 151.0
Trd, 000102.683, 148.0
Trd, 000103.500, 161.0
Trd, 000104.167, 151.0
Trd, 000105.233, 152
Trd, 000106.433, 153
Trd, 000107.050, 160.0
Trd, 000107.517, 158.0
Trd, 000107.967, 157.0
Trd, 000108.700, 154
Trd, 000108.817, 158.0
Trd, 000109.650, 145.0
Trd, 000110.067, 152
Trd, 000111.117, 148.0
Trd, 000111.767, 153
Trd, 000112.150, 151.0
Trd, 000112.433, 161.0
Trd, 000112.917, 150.0
Trd, 000114.950, 144.0
Trd, 000115.883, 165.0
Trd, 000116.767, 159.0
Trd, 000116.783, 163.0
Trd, 000116.900, 158.0
Trd, 000117.083, 154
Trd, 000117.733, 164.0
Trd, 000119.800, 160.0
Trd, 000120.833, 159.0
Trd, 000121.367, 159.0
Trd, 000122.267, 158.0
Trd, 000123.300, 158.0
Trd, 000123.317, 157
Trd, 000123.433, 159.0
Trd, 000123.867, 158.0
Trd, 000124.417, 155.0
Trd, 000124.583, 159.0
Trd, 000125.167, 157.0
Trd, 000125.233, 162.0
Trd, 000126.450, 158.0
Trd, 000127.433, 148.0
Trd, 000127.550, 145.0
Trd, 000128.717, 148
Trd, 000128.783, 167.0
Trd, 000130.917, 148.0
Trd, 000131.083, 150.0
Trd, 000131.450, 151.0
Trd, 000131.817, 161.0
Trd, 000132.133, 145
Trd, 000132.833, 158.0
Trd, 000132.883, 162.0
Trd, 000132.967, 144.0
Trd, 000133.467, 171.0
Trd, 000133.933, 145
Trd, 000136.433, 148.0
Trd, 000137.017, 147.0
Trd, 000138.000, 166.0
Trd, 000138.050, 159.0
Trd, 000138.167, 167.0
Trd, 000139.033, 175
Trd, 000139.483, 165.0
Trd, 000140.467, 159.0
Trd, 000140.883, 158.0
Trd, 000141.217, 157
Trd, 000143.150, 137.0
Trd, 000143.633, 155
Trd, 000143.917, 156
Trd, 000144.000, 159
Trd, 000145.300, 147.0
Trd, 000145.700, 148.0
Trd, 000145.800, 145.0
Trd, 000146.150, 144.0
Trd, 000146.750, 127
Trd, 000146.867, 127.0
Trd, 000149.250, 136
Trd, 000149.450, 133
Trd, 000149.800, 147.0
Trd, 000150.617, 148.0
Trd, 000150.983, 151.0
Trd, 000152.067, 160
Trd, 000152.683, 159.0
Trd, 000153.167, 149.0
Trd, 000153.250, 148.0
Trd, 000153.467, 151.0
Trd, 000153.550, 159
Trd, 000154.367, 144.0
Trd, 000154.633, 134.0
Trd, 000155.583, 156.0
Trd, 000156.050, 156.0
Trd, 000156.700, 156.0
Trd, 000157.833, 162.0
Trd, 000158.583, 171
Trd, 000158.967, 160.0
Trd, 000160.133, 169.0
Trd, 000160.283, 165.0
Trd, 000160.483, 163
Trd, 000161.350, 162
Trd, 000163.567, 163
Trd, 000164.017, 159.0
Trd, 000164.033, 158.0
Trd, 000164.917, 162.0
Trd, 000166.100, 158.0
Trd, 000166.150, 148.0
Trd, 000166.917, 148.0
Trd, 000166.950, 158
Trd, 000167.183, 146.0
Trd, 000167.950, 147.0
Trd, 000168.283, 157
Trd, 000169.233, 153
Trd, 000170.483, 153
Trd, 000171.267, 148.0
Trd, 000171.550, 151.0
Trd, 000172.967, 147
Trd, 000173.150, 147.0
Trd, 000173.467, 145.0
Trd, 000174.117, 144.0
Trd, 000174.967, 143.0
Trd, 000175.417, 150.0
Trd, 000176.267, 148.0
Trd, 000176.617, 136
Trd, 000177.367, 147.0
Trd, 000178.117, 144.0
Trd, 000178.633, 130
Trd, 000178.650, 131
Trd, 000179.200, 147.0
Trd, 000180.150, 141
Trd, 000180.200, 140
Trd, 000180.283, 148.0
Trd, 000180.800, 139
Trd, 000180.983, 151.0
Trd, 000182.167, 162.0
Trd, 000183.233, 142.0
Trd, 000184.850, 144.0
Trd, 000184.983, 146.0
Trd, 000185.067, 146.0
Trd, 000185.633, 146.0
Trd, 000186.150, 147.0
Trd, 000186.433, 147
Trd, 000186.717, 148.0
Trd, 000186.850, 151.0
Trd, 000187.183, 161.0
Trd, 000187.600, 158.0
Trd, 000188.400, 147
Trd, 000188.417, 148
Trd, 000189.317, 148.0
Trd, 000189.917, 161.0
Trd, 000190.183, 139.0
Trd, 000191.050, 170.0
Trd, 000191.433, 152
Trd, 000193.367, 172.0
Trd, 000193.917, 144.0
Trd, 000195.783, 148.0
Trd, 000195.933, 150.0
Trd, 000196.100, 149
Trd, 000196.617, 148.0
Trd, 000196.883, 148.0
Trd, 000197.517, 151.0
Trd, 000197.783, 147
Trd, 000198.117, 162.0
Trd, 000198.950, 146.0
Trd, 000199.683, 162
Trd, 000199.800, 148.0
Trd, 000200.683, 145.0
Trd, 000201.117, 144.0
Trd, 000201.900, 149.0
Trd, 000202.383, 150.0
Trd, 000202.867, 150.0
Trd, 000204.183, 146
Trd, 000204.633, 147.0
Trd, 000204.767, 146
Trd, 000205.917, 145
Trd, 000206.250, 146.0
Trd, 000207.350, 146.0
Trd, 000207.467, 145.0
Trd, 000207.833, 144.0
Trd, 000208.067, 148.0
Trd, 000208.100, 151.0
Trd, 000209.567, 135.0
Trd, 000210.383, 160
Trd, 000210.800, 129
Trd, 000211.283, 159
Trd, 000211.317, 158.0
Trd, 000211.883, 155.0
Trd, 000213.650, 157.0
Trd, 000214.283, 158.0
Trd, 000214.333, 144.0
Trd, 000214.650, 138
Trd, 000215.500, 145.0
Trd, 000215.967, 145.0
Trd, 000216.950, 147
Trd, 000217.417, 148.0
Trd, 000218.333, 146
Trd, 000219.000, 149.0
Trd, 000219.267, 151.0
Trd, 000220.267, 155
Trd, 000220.367, 162.0
Trd, 000221.633, 165.0
Trd, 000221.783, 156.0
Trd, 000223.367, 165.0
Trd, 000224.483, 155.0
Trd, 000224.533, 146
Trd, 000225.283, 154
Trd, 000225.583, 154
Trd, 000226.083, 155
Trd, 000226.117, 154
Trd, 000226.850, 158.0
Trd, 000227.183, 160
Trd, 000228.883, 146.0
Trd, 000229.700, 144
Trd, 000230.233, 148
Trd, 000231.067, 147.0
Trd, 000231.500, 147.0
Trd, 000231.683, 148.0
Trd, 000231.767, 144.0
Trd, 000231.817, 151.0
Trd, 000231.850, 134.0
Trd, 000232.800, 148.0
Trd, 000233.833, 147.0
Trd, 000233.917, 144.0
Trd, 000234.083, 151.0
Trd, 000234.317, 142
Trd, 000235.733, 160.0
Trd, 000236.333, 159.0
Trd, 000237.067, 160.0
Trd, 000237.650, 158.0
Trd, 000237.900, 155.0
Trd, 000238.850, 165.0
Trd, 000238.933, 158.0
Trd, 000240.100, 163.0
Trd, 000240.350, 160
Trd, 000240.467, 159
Trd, 000240.700, 149
Trd, 000241.317, 152.0
Trd, 000241.500, 148.0
Trd, 000241.633, 145.0
Trd, 000242.350, 145.0
Trd, 000242.567, 146.0
Trd, 000243.033, 147.0
Trd, 000243.117, 147.0
Trd, 000243.367, 147.0
Trd, 000243.500, 146.0
Trd, 000244.217, 147.0
Trd, 000244.400, 144.0
Trd, 000244.850, 143.0
Trd, 000244.867, 146.0
Trd, 000245.150, 148.0
Trd, 000245.967, 145.0
Trd, 000246.150, 145
Trd, 000246.617, 144
Trd, 000246.967, 142
Trd, 000247.333, 145.0
Trd, 000247.783, 148.0
Trd, 000247.967, 141.0
Trd, 000248.317, 138
Trd, 000249.650, 137
Trd, 000249.967, 142
Trd, 000250.083, 142.0
Trd, 000250.600, 144.0
Trd, 000250.683, 144.0
Trd, 000250.900, 147.0
Trd, 000251.083, 150.0
Trd, 000252.050, 148.0
Trd, 000252.600, 146
Trd, 000252.900, 146.0
Trd, 000253.117, 147.0
Trd, 000253.283, 145.0
Trd, 000253.350, 145
Trd, 000253.733, 145
Trd, 000254.833, 145
Trd, 000255.850, 144.0
Trd, 000256.117, 144.0
Trd, 000256.450, 146.0
Trd, 000256.783, 142
Trd, 000256.967, 146.0
Trd, 000257.617, 141.0
Trd, 000257.950, 145.0
Trd, 000258.333, 148.0
Trd, 000258.933, 143.0
Trd, 000259.483, 149.0
Trd, 000259.783, 151.0
Trd, 000260.033, 145.0
Trd, 000260.650, 153.0
Trd, 000261.117, 148.0
Trd, 000261.600, 145.0
Trd, 000262.050, 147.0
Trd, 000262.150, 144.0
Trd, 000262.233, 147.0
Trd, 000262.850, 148.0
Trd, 000263.300, 145.0
Trd, 000263.833, 145.0
Trd, 000264.450, 145.0
Trd, 000265.050, 144.0
Trd, 000265.267, 147.0
Trd, 000265.417, 145
Trd, 000265.433, 147.0
Trd, 000265.517, 144
Trd, 000265.733, 148.0
Trd, 000265.983, 146.0
Trd, 000266.167, 146
Trd, 000266.333, 148.0
Trd, 000266.383, 145
Trd, 000267.750, 151.0
Trd, 000268.617, 161.0
Trd, 000269.117, 158.0
Trd, 000269.933, 149
Trd, 000270.167, 148.0
Trd, 000270.217, 152.0
Trd, 000270.800, 144.0
Trd, 000271.000, 147.0
Trd, 000271.133, 148.0
Trd, 000271.317, 149.0
Trd, 000271.383, 147.0
Trd, 000271.517, 148.0
Trd, 000271.900, 151.0
Trd, 000272.167, 162.0
Trd, 000272.333, 166
Trd, 000272.733, 137.0
Trd, 000273.467, 145.0
Trd, 000273.517, 144.0
Trd, 000273.633, 140.0
Trd, 000273.700, 134.0
Trd, 000274.417, 151.0
Trd, 000275.417, 147
Trd, 000275.500, 148
Trd, 000275.617, 160
Trd, 000275.800, 144
Trd, 000276.100, 149
Trd, 000276.400, 154.0
Trd, 000276.450, 161.0
Trd, 000276.783, 155
Trd, 000276.900, 151
Trd, 000277.517, 163
Trd, 000277.867, 151.0
Trd, 000277.967, 157
Trd, 000278.417, 157.0
Trd, 000279.167, 156.0
Trd, 000279.183, 162.0
Trd, 000280.683, 162.0
Trd, 000281.150, 158.0
Trd, 000281.200, 156
Trd, 000281.533, 155.0
Trd, 000281.733, 148.0
Trd, 000281.833, 155
Trd, 000282.050, 146
Trd, 000282.217, 147
Trd, 000282.550, 141.0
Trd, 000283.383, 146.0
Trd, 000283.717, 145.0
Trd, 000283.750, 146.0
Trd, 000283.867, 144.0
Trd, 000284.550, 148.0
Trd, 000284.650, 151.0
Trd, 000285.950, 166
Trd, 000286.000, 168
Trd, 000286.017, 165
Trd, 000286.650, 165.0
Trd, 000287.250, 158.0
Trd, 000287.617, 167.0
Trd, 000288.200, 155.0
Trd, 000288.683, 151
Trd, 000288.900, 156
Trd, 000289.350, 153
Trd, 000289.450, 145
Trd, 000289.967, 147.0
Trd, 000290.733, 145.0
Trd, 000291.000, 144.0
Trd, 000291.233, 147.0
Trd, 000291.333, 148.0
Trd, 000291.350, 151.0
Trd, 000291.800, 172.0
Trd, 000292.050, 148
Trd, 000292.283, 145.0
Trd, 000292.317, 144.0
Trd, 000292.383, 141.0
Trd, 000292.750, 158.0
Trd, 000292.867, 162.0
Trd, 000293.117, 170
Trd, 000293.717, 151
Trd, 000294.200, 170
Trd, 000294.383, 151
Trd, 000294.700, 175
Trd, 000294.900, 152
Trd, 000295.717, 173
Trd, 000296.100, 166.0
Trd, 000297.200, 158.0
Trd, 000297.333, 148.0
Trd, 000297.583, 165.0
Trd, 000298.000, 144.0
Trd, 000298.433, 151.0
Trd, 000298.833, 142.0
Trd, 000299.133, 151.0
Trd, 000299.683, 148.0
Trd, 000299.733, 144.0
Trd, 000299.817, 161.0
