Trd, 000002.433, 143.0
Trd, 000003.600, 138
Trd, 000003.850, 144.0
Trd, 000005.150, 145
Trd, 000005.383, 148
Trd, 000005.667, 147
Trd, 000006.400, 145
Trd, 000006.433, 146
Trd, 000006.667, 148
Trd, 000006.717, 143
Trd, 000007.550, 147
Trd, 000008.183, 151
Trd, 000008.300, 166
Trd, 000008.367, 142
Trd, 000009.467, 147
Trd, 000010.100, 148
Trd, 000010.867, 147
Trd, 000012.017, 143
Trd, 000012.033, 144
Trd, 000012.917, 155.0
Trd, 000013.217, 139.0
Trd, 000014.183, 140.0
Trd, 000014.217, 144.0
Trd, 000014.767, 143
Trd, 000014.900, 150
Trd, 000016.867, 148
Trd, 000017.050, 148
Trd, 000017.783, 150
Trd, 000018.033, 142
Trd, 000019.567, 149
Trd, 000019.583, 150
Trd, 000019.750, 143
Trd, 000020.017, 142
Trd, 000020.783, 140
Trd, 000021.700, 143.0
Trd, 000021.817, 144.0
Trd, 000022.133, 148
Trd, 000022.450, 148
Trd, 000024.317, 149
Trd, 000024.700, 151
Trd, 000024.900, 148.0
Trd, 000025.533, 147
Trd, 000025.617, 148
Trd, 000025.950, 148
Trd, 000026.700, 147
Trd, 000027.000, 141.0
Trd, 000028.817, 147
Trd, 000029.683, 139
Trd, 000029.933, 150
Trd, 000030.017, 149
Trd, 000030.050, 151
Trd, 000030.833, 142
Trd, 000031.550, 148
Trd, 000033.550, 142
Trd, 000034.233, 144
Trd, 000034.383, 144
Trd, 000034.683, 141
Trd, 000034.733, 144
Trd, 000035.467, 144.0
Trd, 000037.100, 145
Trd, 000037.233, 146
Trd, 000037.483, 140
Trd, 000037.567, 147
Trd, 000038.050, 139
Trd, 000038.167, 135
Trd, 000039.583, 137.0
Trd, 000040.117, 134.0
Trd, 000040.300, 135
Trd, 000040.750, 140
Trd, 000041.267, 144.0
Trd, 000041.750, 151
Trd, 000041.917, 155.0
Trd, 000042.167, 138.0
Trd, 000044.250, 144
Trd, 000044.567, 144.0
Trd, 000045.333, 144
Trd, 000045.583, 145
Trd, 000045.750, 143
Trd, 000045.783, 147
Trd, 000046.533, 142
Trd, 000047.683, 144
Trd, 000047.850, 144.0
Trd, 000048.600, 142
Trd, 000049.183, 148
Trd, 000049.283, 154
Trd, 000049.850, 139
Trd, 000051.383, 141
Trd, 000051.417, 142
Trd, 000051.533, 143
Trd, 000052.117, 144.0
Trd, 000052.667, 155.0
Trd, 000053.817, 142
Trd, 000054.783, 145
Trd, 000055.133, 147
Trd, 000055.433, 141
Trd, 000057.550, 142.0
Trd, 000057.933, 141.0
Trd, 000057.983, 142.0
Trd, 000058.283, 140
Trd, 000059.583, 138
Trd, 000060.300, 142.0
Trd, 000060.767, 134.0
Trd, 000061.583, 139
Trd, 000061.800, 148
Trd, 000061.917, 151
Trd, 000062.867, 144
Trd, 000062.883, 143
Trd, 000063.200, 154.0
Trd, 000064.950, 142
Trd, 000065.617, 143.0
Trd, 000066.567, 141.0
Trd, 000067.383, 139.0
Trd, 000067.583, 137
Trd, 000068.283, 142.0
Trd, 000068.933, 143.0
Trd, 000069.350, 144.0
Trd, 000069.500, 140
Trd, 000070.100, 151
Trd, 000071.300, 143
Trd, 000071.367, 145
Trd, 000072.550, 142
Trd, 000073.350, 143.0
Trd, 000074.183, 143.0
Trd, 000074.533, 144.0
Trd, 000074.617, 148
Trd, 000074.983, 143
Trd, 000075.133, 150
Trd, 000075.200, 151
Trd, 000075.450, 142
Trd, 000075.517, 149
Trd, 000076.467, 148
Trd, 000076.483, 149
Trd, 000078.483, 144
Trd, 000079.050, 148
Trd, 000080.100, 143
Trd, 000080.117, 144.0
Trd, 000081.050, 146
Trd, 000081.200, 148
Trd, 000081.467, 148
Trd, 000082.267, 145
Trd, 000082.300, 149
Trd, 000082.700, 144
Trd, 000082.833, 148
Trd, 000083.800, 149
Trd, 000083.917, 144
Trd, 000084.417, 134.0
Trd, 000085.550, 139.0
Trd, 000086.817, 146
Trd, 000087.100, 148
Trd, 000087.217, 143
Trd, 000087.300, 151
Trd, 000087.417, 147
Trd, 000087.467, 142.0
Trd, 000088.517, 141.0
Trd, 000088.983, 142.0
Trd, 000089.550, 144.0
Trd, 000090.100, 141
Trd, 000093.417, 149
Trd, 000093.500, 151
Trd, 000094.067, 147
Trd, 000094.417, 143
Trd, 000094.433, 147
Trd, 000094.567, 148
Trd, 000095.617, 145
Trd, 000095.850, 142.0
Trd, 000096.517, 146
Trd, 000099.117, 143
Trd, 000099.150, 142
Trd, 000099.417, 142
Trd, 000099.683, 141.0
Trd, 000099.917, 142
Trd, 000100.467, 144.0
Trd, 000100.783, 148
Trd, 000101.100, 151
Trd, 000101.133, 144
Trd, 000101.567, 144.0
Trd, 000102.817, 149
Trd, 000103.800, 145
Trd, 000104.400, 146
Trd, 000104.450, 146
Trd, 000104.567, 148
Trd, 000107.350, 146
Trd, 000108.533, 144
Trd, 000108.783, 147
Trd, 000108.850, 148
Trd, 000109.050, 143
Trd, 000110.450, 142
Trd, 000110.700, 141
Trd, 000110.750, 143.0
Trd, 000111.250, 139.0
Trd, 000111.500, 137.0
Trd, 000111.683, 144.0
Trd, 000112.067, 134.0
Trd, 000112.533, 131
Trd, 000113.533, 144
Trd, 000113.617, 143
Trd, 000113.633, 148
Trd, 000114.533, 151
Trd, 000114.967, 142
Trd, 000115.317, 143.0
Trd, 000115.883, 143.0
Trd, 000117.133, 142.0
Trd, 000117.700, 141
Trd, 000118.133, 142.0
Trd, 000119.000, 140
Trd, 000119.117, 144.0
Trd, 000119.633, 145
Trd, 000121.967, 145
Trd, 000122.833, 142.0
Trd, 000123.617, 144.0
Trd, 000123.967, 142
Trd, 000125.250, 144
Trd, 000125.600, 145
Trd, 000125.967, 143
Trd, 000127.167, 142
Trd, 000127.333, 143
Trd, 000128.517, 142
Trd, 000129.683, 143
Trd, 000129.717, 144.0
Trd, 000130.367, 146
Trd, 000130.817, 148
Trd, 000131.000, 145
Trd, 000131.050, 141.0
Trd, 000131.200, 150
Trd, 000131.650, 141
Trd, 000132.583, 147
Trd, 000132.917, 151
Trd, 000133.250, 150
Trd, 000133.500, 151
Trd, 000134.450, 145
Trd, 000135.400, 150
Trd, 000136.283, 151
Trd, 000136.333, 152
Trd, 000136.350, 155.0
Trd, 000136.550, 175.0
Trd, 000137.050, 145
Trd, 000137.617, 180.0
Trd, 000138.017, 142.0
Trd, 000139.267, 139
Trd, 000139.283, 141.0
Trd, 000140.483, 142.0
Trd, 000140.517, 139.0
Trd, 000140.817, 142
Trd, 000141.783, 139
Trd, 000142.650, 145
Trd, 000142.767, 147
Trd, 000143.933, 140
Trd, 000144.033, 140
Trd, 000144.500, 145
Trd, 000145.967, 139
Trd, 000146.400, 146
Trd, 000146.817, 141.0
Trd, 000147.000, 146
Trd, 000147.133, 148
Trd, 000149.100, 144
Trd, 000149.233, 147
Trd, 000149.467, 147
Trd, 000149.767, 148
Trd, 000149.900, 145
Trd, 000150.117, 146
Trd, 000150.867, 144
Trd, 000151.217, 149
Trd, 000151.650, 150
Trd, 000152.350, 151
Trd, 000153.633, 144.0
Trd, 000154.767, 143.0
Trd, 000154.917, 142
Trd, 000155.400, 141.0
Trd, 000156.800, 140.0
Trd, 000157.083, 141.0
Trd, 000157.200, 140.0
Trd, 000157.367, 142
Trd, 000157.533, 148
Trd, 000157.983, 151
Trd, 000158.767, 141.0
Trd, 000160.583, 145
Trd, 000160.683, 146
Trd, 000160.750, 148
Trd, 000161.267, 141
Trd, 000161.500, 134.0
Trd, 000161.517, 141.0
Trd, 000161.867, 142.0
Trd, 000162.883, 141
Trd, 000163.283, 148
Trd, 000163.300, 152
Trd, 000164.317, 143.0
Trd, 000165.150, 141
Trd, 000166.217, 141
Trd, 000166.333, 141
Trd, 000166.383, 141
Trd, 000166.767, 140
Trd, 000167.133, 141
Trd, 000168.300, 140
Trd, 000169.317, 138.0
Trd, 000169.517, 151
Trd, 000170.583, 137.0
Trd, 000171.233, 142
Trd, 000171.883, 141
Trd, 000172.050, 140
Trd, 000173.417, 142
Trd, 000175.167, 141.0
Trd, 000175.700, 142
Trd, 000175.950, 141
Trd, 000176.317, 144
Trd, 000176.367, 144.0
Trd, 000177.317, 144.0
Trd, 000177.683, 148
Trd, 000178.917, 145
Trd, 000179.250, 145
Trd, 000179.317, 150
Trd, 000179.550, 143
Trd, 000179.800, 143
Trd, 000180.717, 144
Trd, 000181.233, 146
Trd, 000181.433, 148
Trd, 000182.567, 145
Trd, 000183.500, 148
Trd, 000183.817, 145
Trd, 000184.017, 149
Trd, 000185.883, 144
Trd, 000186.050, 146
Trd, 000186.133, 147
Trd, 000186.417, 147
Trd, 000187.017, 147
Trd, 000187.567, 146
Trd, 000187.683, 144
Trd, 000187.800, 141.0
Trd, 000188.100, 147
Trd, 000188.983, 146
Trd, 000189.600, 145
Trd, 000190.767, 137.0
Trd, 000190.917, 144.0
Trd, 000191.167, 148
Trd, 000192.683, 149
Trd, 000192.850, 149
Trd, 000193.617, 141
Trd, 000193.850, 148
Trd, 000193.867, 150
Trd, 000194.667, 142
Trd, 000195.067, 142
Trd, 000195.800, 143
Trd, 000195.833, 151
Trd, 000196.367, 155.0
Trd, 000197.067, 144.0
Trd, 000197.883, 162
Trd, 000197.917, 161
Trd, 000198.417, 173
Trd, 000199.450, 161
Trd, 000199.817, 139
Trd, 000200.467, 140.0
Trd, 000200.617, 141
Trd, 000201.283, 151
Trd, 000202.550, 142
Trd, 000203.533, 148
Trd, 000204.883, 150
Trd, 000205.083, 143
Trd, 000205.417, 141.0
Trd, 000205.950, 144.0
Trd, 000206.800, 141
Trd, 000206.900, 148
Trd, 000207.417, 137.0
Trd, 000208.300, 147
Trd, 000209.267, 145.0
Trd, 000209.500, 141.0
Trd, 000209.683, 145
Trd, 000209.733, 151
Trd, 000210.550, 144.0
Trd, 000211.567, 148
Trd, 000211.883, 146
Trd, 000212.283, 150
Trd, 000212.550, 149
Trd, 000213.150, 151
Trd, 000213.700, 144
Trd, 000214.400, 172
Trd, 000215.067, 145
Trd, 000216.217, 145
Trd, 000216.450, 154
Trd, 000217.533, 154.0
Trd, 000218.550, 150
Trd, 000218.817, 153
Trd, 000219.483, 150
Trd, 000220.067, 147
Trd, 000221.517, 151
Trd, 000221.617, 141.0
Trd, 000221.833, 151
Trd, 000222.367, 151
Trd, 000222.550, 145
Trd, 000225.683, 143
Trd, 000225.850, 147
Trd, 000226.850, 147
Trd, 000226.950, 142.0
Trd, 000227.650, 145
Trd, 000228.450, 145
Trd, 000228.667, 141.0
Trd, 000229.500, 146
Trd, 000229.650, 148
Trd, 000230.167, 151
Trd, 000230.267, 141
Trd, 000230.383, 155.0
Trd, 000230.500, 172
Trd, 000231.267, 175.0
Trd, 000231.317, 141
Trd, 000234.017, 136.0
Trd, 000234.267, 137.0
Trd, 000234.333, 139.0
Trd, 000234.400, 139.0
Trd, 000235.133, 144.0
Trd, 000235.383, 152
Trd, 000236.050, 155.0
Trd, 000236.133, 148
Trd, 000237.350, 147
Trd, 000237.400, 147
Trd, 000237.850, 172.0
Trd, 000238.667, 154
Trd, 000239.517, 152
Trd, 000239.550, 150
Trd, 000239.717, 153
Trd, 000240.050, 151
Trd, 000240.200, 152
Trd, 000240.333, 151
Trd, 000241.100, 158
Trd, 000241.317, 158
Trd, 000241.583, 158.0
Trd, 000241.783, 150
Trd, 000242.317, 150
Trd, 000242.867, 148
Trd, 000243.317, 154
Trd, 000243.467, 153
Trd, 000243.767, 150.0
Trd, 000244.183, 147
Trd, 000244.483, 144.0
Trd, 000244.517, 149.0
Trd, 000244.633, 150.0
Trd, 000245.500, 144.0
Trd, 000245.767, 149
Trd, 000246.167, 144.0
Trd, 000246.317, 146.0
Trd, 000246.400, 142
Trd, 000246.600, 141.0
Trd, 000247.217, 140.0
Trd, 000247.950, 148
Trd, 000248.417, 146.0
Trd, 000248.833, 142
Trd, 000249.017, 144.0
Trd, 000249.900, 143.0
Trd, 000250.233, 136
Trd, 000250.733, 144
Trd, 000250.983, 147
Trd, 000251.600, 142.0
Trd, 000252.083, 144
Trd, 000252.667, 139
Trd, 000253.017, 143.0
Trd, 000253.650, 142.0
Trd, 000253.683, 140.0
Trd, 000253.900, 141.0
Trd, 000254.317, 142
Trd, 000254.567, 139
Trd, 000254.633, 144.0
Trd, 000255.267, 148
Trd, 000256.133, 147.0
Trd, 000256.450, 145
Trd, 000256.533, 151
Trd, 000256.833, 146
Trd, 000257.050, 147
Trd, 000257.317, 148
Trd, 000258.333, 151
Trd, 000259.017, 146
Trd, 000259.900, 150
Trd, 000260.433, 144.0
Trd, 000260.700, 152.0
Trd, 000260.800, 154.0
Trd, 000261.050, 152
Trd, 000261.700, 152
Trd, 000262.383, 148
Trd, 000262.417, 147
Trd, 000263.333, 150.0
Trd, 000264.050, 149.0
Trd, 000264.200, 147.0
Trd, 000264.650, 149.0
Trd, 000265.017, 145
Trd, 000265.067, 145
Trd, 000265.567, 151
Trd, 000265.833, 148.0
Trd, 000266.300, 150
Trd, 000266.617, 149.0
Trd, 000267.117, 150.0
Trd, 000268.250, 150
Trd, 000268.733, 150
Trd, 000269.000, 149
Trd, 000269.250, 150
Trd, 000269.483, 151
Trd, 000270.000, 147
Trd, 000270.233, 155
Trd, 000270.550, 159
Trd, 000270.767, 145
Trd, 000271.067, 144.0
Trd, 000271.217, 159
Trd, 000271.550, 145
Trd, 000271.717, 164.0
Trd, 000271.850, 165.0
Trd, 000272.667, 164
Trd, 000273.083, 163
Trd, 000273.450, 162.0
Trd, 000274.117, 163
Trd, 000274.383, 163
Trd, 000274.400, 162
Trd, 000274.750, 141.0
Trd, 000274.950, 163
Trd, 000275.733, 144.0
Trd, 000276.350, 156.0
Trd, 000276.567, 156.0
Trd, 000277.717, 151
Trd, 000278.000, 147
Trd, 000278.117, 152
Trd, 000278.783, 145.0
Trd, 000279.183, 145
Trd, 000279.600, 145
Trd, 000280.017, 146
Trd, 000280.333, 147
Trd, 000281.183, 144.0
Trd, 000281.217, 147
Trd, 000281.383, 154
Trd, 000281.433, 155.0
Trd, 000281.783, 140
Trd, 000282.067, 158
Trd, 000282.600, 147
Trd, 000283.483, 146
Trd, 000283.800, 153.0
Trd, 000284.033, 149.0
Trd, 000284.250, 144.0
Trd, 000284.617, 159.0
Trd, 000284.933, 150.0
Trd, 000285.233, 150.0
Trd, 000285.450, 156.0
Trd, 000287.100, 153.0
Trd, 000287.450, 151.0
Trd, 000287.733, 149
Trd, 000287.850, 152
Trd, 000288.317, 156
Trd, 000288.683, 153
Trd, 000288.817, 155.0
Trd, 000289.183, 151
Trd, 000289.200, 143
Trd, 000290.033, 151.0
Trd, 000290.367, 146
Trd, 000290.900, 147
Trd, 000291.050, 150
Trd, 000291.717, 145.0
Trd, 000292.550, 148
Trd, 000292.867, 149
Trd, 000293.000, 144.0
Trd, 000293.467, 141.0
Trd, 000294.083, 150
Trd, 000294.567, 138.0
Trd, 000295.400, 149
Trd, 000295.950, 143.0
Trd, 000296.167, 143.0
Trd, 000296.517, 144.0
Trd, 000297.017, 144
Trd, 000297.033, 145
Trd, 000297.150, 148
Trd, 000297.267, 143
Trd, 000297.550, 151
Trd, 000297.717, 143
Trd, 000298.333, 143
Trd, 000298.917, 134.0
Trd, 000299.017, 150
Trd, 000299.533, 150
Trd, 000299.850, 139
