Trd, 000001.533, 163
Trd, 000001.933, 186.0
Trd, 000002.450, 141.0
Trd, 000002.583, 143
Trd, 000004.633, 130.0
Trd, 000004.650, 131.0
Trd, 000004.900, 148.0
Trd, 000005.500, 150.0
Trd, 000006.117, 139
Trd, 000006.967, 142
Trd, 000007.750, 147.0
Trd, 000007.883, 148.0
Trd, 000008.267, 148
Trd, 000008.400, 148
Trd, 000009.283, 144
Trd, 000009.583, 144
Trd, 000009.600, 145
Trd, 000011.183, 143
Trd, 000012.200, 143
Trd, 000012.817, 143
Trd, 000012.933, 145
Trd, 000013.250, 151.0
Trd, 000013.333, 152
Trd, 000014.367, 147.0
Trd, 000015.150, 148.0
Trd, 000015.300, 157
Trd, 000015.333, 147
Trd, 000015.350, 164.0
Trd, 000017.017, 151
Trd, 000017.650, 150
Trd, 000017.950, 148
Trd, 000017.983, 147
Trd, 000018.383, 150
Trd, 000018.667, 151
Trd, 000019.033, 148.0
Trd, 000019.933, 147
Trd, 000020.583, 142.0
Trd, 000021.433, 153
Trd, 000021.667, 145
Trd, 000022.017, 155
Trd, 000022.183, 156.0
Trd, 000022.783, 156
Trd, 000023.067, 156
Trd, 000023.667, 155.0
Trd, 000024.333, 155
Trd, 000025.383, 148.0
Trd, 000026.133, 147
Trd, 000026.200, 143.0
Trd, 000026.483, 142.0
Trd, 000027.167, 119
Trd, 000027.283, 147
Trd, 000028.967, 146
Trd, 000029.000, 146
Trd, 000029.800, 145
Trd, 000030.000, 142
Trd, 000030.050, 140
Trd, 000030.067, 143
Trd, 000030.233, 145
Trd, 000030.500, 145
Trd, 000032.467, 145
Trd, 000033.100, 147.0
Trd, 000033.283, 146
Trd, 000033.517, 144
Trd, 000034.267, 148.0
Trd, 000034.350, 151.0
Trd, 000035.167, 145
Trd, 000035.550, 144
Trd, 000036.717, 158.0
Trd, 000037.067, 155
Trd, 000037.833, 155
Trd, 000038.583, 153
Trd, 000039.050, 155
Trd, 000040.100, 157
Trd, 000040.150, 156.0
Trd, 000040.750, 156.0
Trd, 000041.300, 156
Trd, 000041.433, 155.0
Trd, 000042.133, 157
Trd, 000042.217, 157
Trd, 000043.200, 150
Trd, 000043.883, 151
Trd, 000044.950, 148
Trd, 000045.650, 147
Trd, 000045.833, 151
Trd, 000045.967, 148
Trd, 000046.083, 165.0
Trd, 000046.717, 165
Trd, 000047.800, 142
Trd, 000048.517, 141
Trd, 000048.700, 142
Trd, 000049.700, 146
Trd, 000049.783, 145
Trd, 000049.900, 144.0
Trd, 000051.200, 144
Trd, 000051.250, 142
Trd, 000052.267, 144
Trd, 000052.433, 144
Trd, 000052.450, 146
Trd, 000052.867, 148.0
Trd, 000053.367, 147
Trd, 000053.433, 151.0
Trd, 000054.150, 164.0
Trd, 000054.700, 146
Trd, 000055.350, 147
Trd, 000056.967, 158.0
Trd, 000057.400, 154
Trd, 000058.167, 163.0
Trd, 000058.967, 153
Trd, 000059.550, 155.0
Trd, 000060.033, 151
Trd, 000060.117, 150
Trd, 000060.700, 151
Trd, 000061.050, 149
Trd, 000061.217, 152
Trd, 000062.133, 149
Trd, 000062.367, 151
Trd, 000062.717, 144.0
Trd, 000063.117, 151
Trd, 000063.617, 144
Trd, 000063.817, 148.0
Trd, 000064.650, 154
Trd, 000064.917, 155
Trd, 000065.533, 151
Trd, 000066.283, 151
Trd, 000066.533, 147
Trd, 000066.700, 148.0
Trd, 000066.717, 146
Trd, 000066.983, 145
Trd, 000067.767, 151.0
Trd, 000069.267, 165.0
Trd, 000070.617, 151
Trd, 000070.767, 152
Trd, 000070.850, 153
Trd, 000071.267, 153
Trd, 000071.467, 151
Trd, 000071.633, 150
Trd, 000072.417, 149
Trd, 000072.617, 150
Trd, 000073.283, 151
Trd, 000073.950, 151.0
Trd, 000074.267, 147
Trd, 000075.133, 152
Trd, 000075.850, 151
Trd, 000076.217, 149.0
Trd, 000076.250, 147
Trd, 000076.883, 151.0
Trd, 000077.733, 147
Trd, 000078.667, 152
Trd, 000078.850, 152
Trd, 000078.983, 161
Trd, 000080.300, 155.0
Trd, 000080.600, 152
Trd, 000081.700, 154
Trd, 000082.417, 154
Trd, 000083.517, 153
Trd, 000084.567, 152
Trd, 000084.750, 154
Trd, 000084.983, 147
Trd, 000085.333, 155
Trd, 000085.933, 153
Trd, 000085.950, 154
Trd, 000086.200, 152
Trd, 000087.233, 148.0
Trd, 000087.417, 148
Trd, 000087.533, 147
Trd, 000087.750, 147
Trd, 000089.967, 146
Trd, 000090.017, 151.0
Trd, 000090.817, 148
Trd, 000091.550, 145
Trd, 000091.617, 146
Trd, 000091.967, 144.0
Trd, 000092.050, 165.0
Trd, 000092.233, 142.0
Trd, 000092.550, 155.0
Trd, 000093.450, 155
Trd, 000093.600, 155
Trd, 000094.050, 154
Trd, 000094.900, 152
Trd, 000095.700, 151
Trd, 000097.133, 151
Trd, 000097.333, 155
Trd, 000098.167, 148
Trd, 000098.400, 154
Trd, 000098.617, 155
Trd, 000099.400, 158.0
Trd, 000099.933, 147
Trd, 000100.583, 145
Trd, 000101.417, 138
Trd, 000102.333, 143.0
Trd, 000102.950, 141
Trd, 000102.967, 143.0
Trd, 000103.000, 143
Trd, 000103.300, 145.0
Trd, 000103.717, 151.0
Trd, 000103.833, 155
Trd, 000105.650, 141.0
Trd, 000106.383, 142
Trd, 000106.767, 142
Trd, 000107.217, 142
Trd, 000107.283, 144
Trd, 000107.683, 142
Trd, 000108.650, 145.0
Trd, 000108.700, 148.0
Trd, 000109.400, 143
Trd, 000109.500, 147
Trd, 000110.717, 148
Trd, 000110.783, 143
Trd, 000111.000, 148.0
Trd, 000111.883, 145
Trd, 000112.350, 147
Trd, 000112.383, 148
Trd, 000112.517, 149
Trd, 000113.233, 154
Trd, 000113.567, 146
Trd, 000115.467, 148.0
Trd, 000115.833, 151.0
Trd, 000116.283, 148
Trd, 000116.317, 152
Trd, 000117.483, 153
Trd, 000117.533, 147
Trd, 000117.967, 148.0
Trd, 000118.083, 154
Trd, 000118.400, 145
Trd, 000119.483, 151
Trd, 000119.700, 151
Trd, 000120.400, 144.0
Trd, 000120.717, 151
Trd, 000121.100, 142
Trd, 000122.100, 150
Trd, 000122.117, 142
Trd, 000122.467, 150.0
Trd, 000122.850, 151.0
Trd, 000123.383, 155
Trd, 000124.250, 150
Trd, 000124.700, 147
Trd, 000125.383, 156
Trd, 000125.667, 148.0
Trd, 000125.750, 148
Trd, 000126.067, 150
Trd, 000127.300, 147
Trd, 000127.650, 146.0
Trd, 000127.733, 158
Trd, 000128.300, 165.0
Trd, 000129.167, 167
Trd, 000130.217, 159
Trd, 000130.267, 158.0
Trd, 000130.600, 157
Trd, 000130.783, 166
Trd, 000131.050, 151
Trd, 000131.817, 159
Trd, 000133.000, 159.0
Trd, 000133.267, 158.0
Trd, 000133.367, 156
Trd, 000134.650, 156
Trd, 000134.933, 155.0
Trd, 000135.367, 154
Trd, 000135.433, 148
Trd, 000135.983, 147
Trd, 000136.117, 155
Trd, 000136.917, 154
Trd, 000137.517, 150
Trd, 000137.817, 152
Trd, 000138.350, 155
Trd, 000139.200, 159
Trd, 000139.450, 164.0
Trd, 000139.517, 156.0
Trd, 000139.933, 155.0
Trd, 000141.100, 155
Trd, 000141.200, 156
Trd, 000142.200, 154
Trd, 000142.367, 156
Trd, 000142.483, 150
Trd, 000144.583, 149
Trd, 000145.033, 148
Trd, 000145.050, 147
Trd, 000145.683, 147
Trd, 000145.883, 146
Trd, 000146.033, 149
Trd, 000146.150, 149
Trd, 000146.833, 150
Trd, 000148.567, 148
Trd, 000148.633, 146
Trd, 000148.783, 148.0
Trd, 000148.917, 144.0
Trd, 000148.983, 148
Trd, 000149.350, 151.0
Trd, 000150.333, 147.0
Trd, 000150.367, 142
Trd, 000150.550, 148.0
Trd, 000151.300, 147
Trd, 000151.350, 153
Trd, 000151.417, 155
Trd, 000151.517, 146
Trd, 000152.267, 142.0
Trd, 000152.667, 141.0
Trd, 000153.383, 140
Trd, 000153.900, 144
Trd, 000154.000, 151.0
Trd, 000154.167, 155
Trd, 000154.933, 145
Trd, 000156.167, 148.0
Trd, 000156.350, 145
Trd, 000156.750, 144
Trd, 000157.350, 158.0
Trd, 000157.483, 152
Trd, 000158.150, 148
Trd, 000158.333, 149
Trd, 000158.950, 150
Trd, 000158.983, 165.0
Trd, 000159.633, 154
Trd, 000159.700, 144.0
Trd, 000159.950, 155
Trd, 000161.783, 147
Trd, 000161.850, 146
Trd, 000162.000, 147
Trd, 000162.733, 147
Trd, 000163.767, 148.0
Trd, 000165.600, 151.0
Trd, 000165.867, 154
Trd, 000166.000, 146
Trd, 000166.667, 148.0
Trd, 000167.350, 148
Trd, 000167.967, 144
Trd, 000168.133, 148
Trd, 000168.300, 148
Trd, 000168.467, 141.0
Trd, 000170.450, 147.0
Trd, 000170.550, 147
Trd, 000170.600, 148.0
Trd, 000170.883, 151.0
Trd, 000172.250, 146
Trd, 000172.400, 150
Trd, 000172.650, 149
Trd, 000173.000, 148
Trd, 000173.367, 148
Trd, 000174.150, 147
Trd, 000174.483, 146
Trd, 000175.333, 145
Trd, 000175.400, 145
Trd, 000175.983, 151.0
Trd, 000176.400, 154
Trd, 000177.250, 148
Trd, 000177.867, 148
Trd, 000178.183, 154
Trd, 000178.650, 146
Trd, 000178.850, 147
Trd, 000180.883, 148
Trd, 000181.133, 149.0
Trd, 000181.517, 150.0
Trd, 000182.350, 147
Trd, 000182.383, 151.0
Trd, 000182.683, 154
Trd, 000183.700, 152
Trd, 000183.883, 152
Trd, 000184.017, 150
Trd, 000184.150, 147
Trd, 000184.167, 153
Trd, 000186.000, 152
Trd, 000186.383, 149
Trd, 000186.417, 152
Trd, 000187.817, 148
Trd, 000188.100, 147
Trd, 000188.233, 147
Trd, 000188.283, 148.0
Trd, 000188.833, 152
Trd, 000189.433, 147
Trd, 000190.050, 165.0
Trd, 000190.150, 148
Trd, 000190.850, 147
Trd, 000191.167, 154
Trd, 000191.600, 141.0
Trd, 000192.033, 148.0
Trd, 000192.517, 146
Trd, 000194.000, 148.0
Trd, 000194.650, 147
Trd, 000194.667, 146
Trd, 000194.733, 148
Trd, 000195.133, 148
Trd, 000197.550, 148.0
Trd, 000198.017, 145
Trd, 000198.217, 147.0
Trd, 000199.033, 146
Trd, 000199.183, 152
Trd, 000200.000, 145
Trd, 000200.117, 152
Trd, 000200.150, 153
Trd, 000201.267, 148.0
Trd, 000201.633, 147
Trd, 000201.967, 145.0
Trd, 000202.167, 153
Trd, 000203.283, 144
Trd, 000203.917, 142.0
Trd, 000204.017, 144
Trd, 000204.750, 142
Trd, 000205.033, 144
Trd, 000205.633, 144
Trd, 000206.450, 148.0
Trd, 000206.517, 151.0
Trd, 000207.650, 152
Trd, 000209.283, 145
Trd, 000209.767, 147
Trd, 000209.883, 144
Trd, 000210.517, 144
Trd, 000211.017, 146
Trd, 000211.383, 146.0
Trd, 000211.483, 144.0
Trd, 000211.600, 143
Trd, 000213.300, 145.0
Trd, 000213.433, 144
Trd, 000213.600, 145
Trd, 000213.783, 142
Trd, 000214.267, 147
Trd, 000214.900, 148.0
Trd, 000215.067, 154
Trd, 000215.417, 131.0
Trd, 000216.483, 154
Trd, 000217.567, 153
Trd, 000217.617, 155
Trd, 000217.850, 144
Trd, 000218.350, 146
Trd, 000218.667, 145
Trd, 000218.700, 148.0
Trd, 000219.233, 142
Trd, 000220.417, 145
Trd, 000220.733, 146
Trd, 000220.917, 144
Trd, 000220.983, 147.0
Trd, 000222.017, 145
Trd, 000222.083, 145
Trd, 000222.133, 144.0
Trd, 000222.200, 148.0
Trd, 000222.300, 143
Trd, 000222.683, 151.0
Trd, 000222.900, 143
Trd, 000223.017, 155
Trd, 000223.433, 146
Trd, 000224.317, 149
Trd, 000226.533, 144.0
Trd, 000227.000, 148
Trd, 000227.550, 144
Trd, 000229.300, 145.0
Trd, 000229.817, 146.0
Trd, 000229.900, 145.0
Trd, 000230.150, 147
Trd, 000230.383, 148.0
Trd, 000230.617, 150
Trd, 000230.867, 151.0
Trd, 000231.050, 147
Trd, 000231.983, 146
Trd, 000232.617, 154
Trd, 000232.717, 152
Trd, 000232.917, 148
Trd, 000232.983, 154
Trd, 000233.050, 155
Trd, 000233.517, 146
Trd, 000234.700, 148.0
Trd, 000235.333, 151.0
Trd, 000237.500, 151
Trd, 000237.867, 152
Trd, 000237.900, 150.0
Trd, 000238.383, 151
Trd, 000239.567, 151
Trd, 000239.750, 151.0
Trd, 000239.900, 150
Trd, 000240.550, 148.0
Trd, 000240.983, 151
Trd, 000241.017, 155
Trd, 000241.500, 146
Trd, 000241.633, 144.0
Trd, 000242.450, 145
Trd, 000242.933, 155.0
Trd, 000243.467, 149
Trd, 000243.750, 147
Trd, 000243.867, 150.0
Trd, 000244.283, 148
Trd, 000244.617, 148
Trd, 000245.517, 147
Trd, 000245.717, 148.0
Trd, 000245.733, 151.0
Trd, 000245.883, 155
Trd, 000246.000, 165.0
Trd, 000247.350, 156
Trd, 000247.900, 150
Trd, 000248.533, 152
Trd, 000248.950, 148.0
Trd, 000249.033, 147
Trd, 000249.967, 149
Trd, 000250.650, 145.0
Trd, 000250.817, 147.0
Trd, 000251.033, 148.0
Trd, 000251.367, 148
Trd, 000251.550, 148
Trd, 000252.033, 151.0
Trd, 000252.383, 149
Trd, 000253.083, 151
Trd, 000253.100, 148
Trd, 000253.767, 146.0
Trd, 000254.633, 145
Trd, 000255.233, 146
Trd, 000255.483, 148.0
Trd, 000255.800, 150.0
Trd, 000256.083, 149
Trd, 000256.450, 150.0
Trd, 000256.733, 151.0
Trd, 000257.067, 152
Trd, 000257.717, 151
Trd, 000257.883, 152
Trd, 000259.050, 145
Trd, 000259.133, 148.0
Trd, 000259.450, 147
Trd, 000260.233, 151
Trd, 000260.417, 148.0
Trd, 000260.667, 148.0
Trd, 000261.833, 149
Trd, 000262.000, 150
Trd, 000262.017, 155
Trd, 000262.050, 148
Trd, 000262.200, 165.0
Trd, 000262.833, 167
Trd, 000263.350, 151
Trd, 000263.683, 150
Trd, 000264.850, 144.0
Trd, 000264.933, 146
Trd, 000264.983, 148
Trd, 000265.383, 148
Trd, 000265.783, 147
Trd, 000267.300, 151
Trd, 000267.600, 152
Trd, 000268.150, 146
Trd, 000268.383, 151
Trd, 000268.933, 148.0
Trd, 000269.483, 151.0
Trd, 000269.567, 152
Trd, 000269.650, 155
Trd, 000270.683, 151
Trd, 000271.767, 147
Trd, 000272.017, 145
Trd, 000272.250, 146.0
Trd, 000272.317, 145.0
Trd, 000273.133, 145
Trd, 000273.433, 145.0
Trd, 000273.900, 148.0
Trd, 000274.467, 146
Trd, 000274.500, 144.0
Trd, 000274.650, 148
Trd, 000274.783, 143
Trd, 000275.717, 142
Trd, 000276.183, 148.0
Trd, 000276.550, 148
Trd, 000276.867, 150.0
Trd, 000276.950, 151.0
Trd, 000277.500, 144
Trd, 000277.833, 151
Trd, 000277.917, 142
Trd, 000278.650, 150
Trd, 000279.233, 147
Trd, 000279.383, 150
Trd, 000279.700, 151
Trd, 000280.283, 146
Trd, 000281.017, 147.0
Trd, 000281.100, 148.0
Trd, 000281.417, 150.0
Trd, 000281.700, 147
Trd, 000281.950, 151.0
Trd, 000282.017, 155
Trd, 000282.067, 165.0
Trd, 000282.500, 151
Trd, 000282.633, 168
Trd, 000283.067, 148
Trd, 000283.350, 149
Trd, 000283.483, 152
Trd, 000283.767, 156
Trd, 000284.033, 175.0
Trd, 000285.067, 147
Trd, 000285.333, 144.0
Trd, 000286.250, 158.0
Trd, 000286.667, 151
Trd, 000287.750, 149
Trd, 000288.583, 153
Trd, 000289.033, 147
Trd, 000289.133, 151
Trd, 000289.667, 150
Trd, 000290.183, 147
Trd, 000290.383, 148
Trd, 000290.650, 145.0
Trd, 000291.483, 148.0
Trd, 000291.550, 143.0
Trd, 000292.683, 148
Trd, 000293.150, 152
Trd, 000293.333, 155
Trd, 000293.533, 170
Trd, 000293.900, 150
Trd, 000294.350, 162
Trd, 000294.417, 169.0
Trd, 000295.017, 163.0
Trd, 000295.033, 162.0
Trd, 000295.383, 161
Trd, 000295.433, 160
Trd, 000295.500, 155.0
Trd, 000296.000, 150
Trd, 000296.183, 161
Trd, 000296.533, 147
Trd, 000296.833, 148.0
Trd, 000298.017, 152
Trd, 000298.283, 152
Trd, 000298.450, 149
Trd, 000298.683, 155
Trd, 000299.167, 149
Trd, 000299.617, 148
Trd, 000299.717, 147
Trd, 000299.800, 152
Trd, 000299.950, 153
