Trd, 000002.850, 145
Trd, 000002.967, 158.0
Trd, 000004.250, 147
Trd, 000004.783, 161
Trd, 000005.017, 157.0
Trd, 000005.633, 159
Trd, 000006.017, 159
Trd, 000006.117, 158
Trd, 000006.183, 158.0
Trd, 000006.367, 140
Trd, 000007.267, 158.0
Trd, 000007.733, 171
Trd, 000008.617, 158.0
Trd, 000008.650, 158
Trd, 000009.550, 157
Trd, 000009.950, 155.0
Trd, 000010.683, 141
Trd, 000011.550, 140
Trd, 000012.283, 136.0
Trd, 000013.333, 148
Trd, 000013.983, 149
Trd, 000014.167, 153
Trd, 000014.883, 156
Trd, 000015.100, 158.0
Trd, 000015.317, 149
Trd, 000015.850, 156.0
Trd, 000016.183, 156.0
Trd, 000016.250, 155.0
Trd, 000016.300, 148
Trd, 000016.633, 146
Trd, 000018.417, 157
Trd, 000018.450, 155
Trd, 000018.467, 154
Trd, 000019.017, 154
Trd, 000019.650, 155.0
Trd, 000019.933, 154
Trd, 000020.767, 158.0
Trd, 000021.117, 156
Trd, 000021.967, 156
Trd, 000022.033, 158.0
Trd, 000022.150, 165
Trd, 000022.283, 155.0
Trd, 000022.567, 159
Trd, 000022.983, 159
Trd, 000023.050, 158
Trd, 000024.317, 158
Trd, 000024.550, 157
Trd, 000024.950, 134.0
Trd, 000026.500, 153
Trd, 000026.517, 151
Trd, 000027.300, 150
Trd, 000027.783, 141
Trd, 000028.733, 141
Trd, 000028.750, 140
Trd, 000029.217, 151
Trd, 000029.367, 151
Trd, 000029.767, 155
Trd, 000030.333, 151
Trd, 000031.233, 152
Trd, 000033.083, 154
Trd, 000034.267, 157.0
Trd, 000034.383, 157
Trd, 000034.800, 158
Trd, 000034.933, 157
Trd, 000035.183, 162
Trd, 000035.333, 155.0
Trd, 000035.600, 154
Trd, 000037.483, 149
Trd, 000038.033, 150
Trd, 000038.433, 147
Trd, 000038.567, 146
Trd, 000039.267, 148
Trd, 000039.417, 145
Trd, 000039.733, 145
Trd, 000040.183, 148
Trd, 000041.067, 155
Trd, 000041.450, 149
Trd, 000041.567, 151
Trd, 000041.817, 177
Trd, 000042.700, 155.0
Trd, 000043.017, 144
Trd, 000043.600, 147
Trd, 000044.367, 146
Trd, 000044.383, 145
Trd, 000044.533, 155
Trd, 000046.383, 152
Trd, 000046.567, 151
Trd, 000046.700, 153
Trd, 000047.833, 153
Trd, 000048.017, 150
Trd, 000048.350, 155
Trd, 000048.667, 152
Trd, 000049.733, 151
Trd, 000049.800, 150
Trd, 000050.950, 142
Trd, 000051.183, 145
Trd, 000051.717, 141
Trd, 000052.033, 140
Trd, 000052.833, 145
Trd, 000053.433, 145
Trd, 000053.883, 141.0
Trd, 000054.267, 141.0
Trd, 000054.400, 140.0
Trd, 000054.417, 154
Trd, 000055.067, 155
Trd, 000055.567, 156.0
Trd, 000055.933, 156.0
Trd, 000056.017, 155.0
Trd, 000057.100, 146
Trd, 000058.400, 156
Trd, 000059.300, 152
Trd, 000060.050, 152
Trd, 000060.217, 155.0
Trd, 000060.617, 152
Trd, 000060.867, 152
Trd, 000061.200, 151
Trd, 000061.583, 151
Trd, 000062.767, 152
Trd, 000062.800, 150
Trd, 000063.067, 139
Trd, 000063.500, 153
Trd, 000063.517, 136
Trd, 000063.833, 155
Trd, 000064.033, 134.0
Trd, 000064.617, 148
Trd, 000065.533, 146
Trd, 000065.600, 158.0
Trd, 000068.133, 151
Trd, 000068.450, 152
Trd, 000068.567, 151
Trd, 000069.133, 152
Trd, 000069.650, 153
Trd, 000069.683, 150
Trd, 000069.883, 150
Trd, 000071.117, 151
Trd, 000072.183, 150
Trd, 000072.750, 152
Trd, 000073.667, 155
Trd, 000073.717, 155
Trd, 000075.117, 163
Trd, 000075.300, 160
Trd, 000075.783, 161
Trd, 000075.850, 160
Trd, 000076.550, 158.0
Trd, 000076.667, 156.0
Trd, 000077.850, 158.0
Trd, 000078.117, 157.0
Trd, 000078.600, 155.0
Trd, 000078.833, 158
Trd, 000079.417, 156
Trd, 000079.817, 134.0
Trd, 000080.517, 145
Trd, 000081.200, 147
Trd, 000081.350, 148
Trd, 000082.767, 154
Trd, 000082.950, 149
Trd, 000083.650, 151
Trd, 000084.217, 152
Trd, 000084.283, 155
Trd, 000084.400, 150
Trd, 000084.433, 165
Trd, 000084.683, 140
Trd, 000086.100, 162
Trd, 000086.250, 143
Trd, 000086.667, 144
Trd, 000087.583, 161
Trd, 000087.817, 151
Trd, 000087.983, 150
Trd, 000088.367, 147
Trd, 000088.533, 134.0
Trd, 000088.650, 144
Trd, 000088.900, 160
Trd, 000090.617, 161
Trd, 000090.783, 174
Trd, 000091.483, 153
Trd, 000091.550, 142
Trd, 000091.817, 131.0
Trd, 000092.167, 135.0
Trd, 000094.033, 161.0
Trd, 000095.417, 164.0
Trd, 000095.850, 165.0
Trd, 000095.917, 161.0
Trd, 000096.067, 163
Trd, 000096.500, 160
Trd, 000096.817, 158.0
Trd, 000097.700, 163
Trd, 000098.050, 159.0
Trd, 000098.700, 161
Trd, 000099.083, 162
Trd, 000099.267, 161.0
Trd, 000099.783, 155.0
Trd, 000100.517, 159
Trd, 000100.750, 162
Trd, 000102.133, 158.0
Trd, 000102.233, 164
Trd, 000102.433, 157.0
Trd, 000103.017, 155.0
Trd, 000103.350, 176
Trd, 000104.217, 155.0
Trd, 000104.533, 153
Trd, 000105.950, 158
Trd, 000106.167, 158
Trd, 000106.550, 155
Trd, 000106.700, 138
Trd, 000106.967, 150
Trd, 000107.017, 149
Trd, 000107.433, 138
Trd, 000109.683, 141
Trd, 000109.933, 148
Trd, 000110.133, 142
Trd, 000110.950, 149
Trd, 000111.050, 147
Trd, 000111.350, 150
Trd, 000111.600, 146
Trd, 000111.967, 155
Trd, 000112.983, 148
Trd, 000114.567, 151
Trd, 000115.567, 156
Trd, 000116.133, 156
Trd, 000116.183, 155
Trd, 000116.600, 155
Trd, 000116.683, 155.0
Trd, 000116.917, 152
Trd, 000117.167, 160
Trd, 000118.083, 155
Trd, 000118.550, 155
Trd, 000118.867, 156
Trd, 000120.483, 157
Trd, 000120.800, 155.0
Trd, 000121.517, 157
Trd, 000121.917, 158.0
Trd, 000122.217, 157
Trd, 000123.433, 156
Trd, 000124.750, 156
Trd, 000124.817, 157
Trd, 000125.283, 157
Trd, 000125.950, 157
Trd, 000126.100, 157
Trd, 000126.500, 155
Trd, 000126.717, 155
Trd, 000127.350, 155.0
Trd, 000127.367, 156.0
Trd, 000128.250, 160
Trd, 000128.883, 156.0
Trd, 000129.583, 165
Trd, 000129.933, 161
Trd, 000130.383, 160.0
Trd, 000131.167, 161
Trd, 000131.383, 160.0
Trd, 000131.483, 151
Trd, 000133.017, 156.0
Trd, 000133.483, 164
Trd, 000134.100, 158.0
Trd, 000134.117, 158
Trd, 000134.617, 158.0
Trd, 000135.667, 159
Trd, 000136.117, 157
Trd, 000136.150, 158
Trd, 000136.883, 141
Trd, 000138.083, 148
Trd, 000138.517, 147
Trd, 000139.200, 150
Trd, 000139.217, 144
Trd, 000139.667, 155
Trd, 000139.883, 139
Trd, 000139.967, 137
Trd, 000140.900, 139
Trd, 000141.467, 152
Trd, 000141.867, 158.0
Trd, 000142.717, 137.0
Trd, 000142.733, 136.0
Trd, 000143.450, 136.0
Trd, 000144.733, 143
Trd, 000145.000, 155
Trd, 000145.667, 154
Trd, 000146.567, 149
Trd, 000147.517, 151
Trd, 000148.067, 149
Trd, 000149.033, 149
Trd, 000149.167, 149
Trd, 000149.333, 150
Trd, 000150.250, 154
Trd, 000150.350, 154
Trd, 000151.067, 155
Trd, 000151.350, 158.0
Trd, 000152.167, 155
Trd, 000152.317, 157
Trd, 000152.950, 155.0
Trd, 000153.317, 155
Trd, 000154.067, 154
Trd, 000154.233, 140
Trd, 000154.483, 134.0
Trd, 000154.600, 164
Trd, 000155.317, 164
Trd, 000155.833, 131.0
Trd, 000156.317, 132
Trd, 000157.083, 144
Trd, 000157.300, 137
Trd, 000157.333, 151
Trd, 000157.483, 129
Trd, 000157.950, 132
Trd, 000159.250, 144.0
Trd, 000159.667, 141
Trd, 000161.117, 148.0
Trd, 000161.250, 146
Trd, 000162.933, 149
Trd, 000163.183, 148
Trd, 000163.800, 147
Trd, 000163.850, 155
Trd, 000164.050, 158.0
Trd, 000164.250, 147
Trd, 000165.133, 144
Trd, 000166.550, 148
Trd, 000166.983, 147
Trd, 000167.767, 149
Trd, 000168.017, 147
Trd, 000168.533, 149
Trd, 000169.883, 151
Trd, 000170.067, 150
Trd, 000171.067, 155
Trd, 000171.133, 149
Trd, 000171.200, 155
Trd, 000171.433, 140
Trd, 000171.567, 134.0
Trd, 000171.583, 124.0
Trd, 000172.017, 148
Trd, 000172.450, 141
Trd, 000172.850, 149
Trd, 000173.300, 155
Trd, 000173.800, 148
Trd, 000174.950, 157.0
Trd, 000175.417, 156.0
Trd, 000176.350, 156
Trd, 000176.667, 156.0
Trd, 000176.800, 155.0
Trd, 000176.917, 155
Trd, 000177.050, 154
Trd, 000179.650, 155.0
Trd, 000179.767, 155
Trd, 000180.717, 153
Trd, 000181.000, 155
Trd, 000181.217, 142
Trd, 000182.417, 146
Trd, 000182.433, 151
Trd, 000182.667, 146
Trd, 000182.717, 145
Trd, 000184.050, 145
Trd, 000184.700, 150
Trd, 000185.083, 151
Trd, 000185.983, 146
Trd, 000186.667, 149
Trd, 000186.883, 159
Trd, 000187.417, 155
Trd, 000188.117, 156
Trd, 000189.017, 158
Trd, 000189.333, 158
Trd, 000189.783, 157
Trd, 000189.967, 140
Trd, 000191.067, 157.0
Trd, 000191.267, 155.0
Trd, 000191.550, 154
Trd, 000192.400, 155
Trd, 000192.533, 154
Trd, 000193.300, 155.0
Trd, 000193.467, 157
Trd, 000194.017, 153
Trd, 000194.800, 152
Trd, 000195.200, 154
Trd, 000195.383, 155
Trd, 000196.300, 155
Trd, 000196.433, 154
Trd, 000196.467, 140
Trd, 000197.100, 134.0
Trd, 000197.550, 127
Trd, 000197.883, 128
Trd, 000198.033, 126
Trd, 000199.317, 134.0
Trd, 000199.817, 128
Trd, 000200.833, 134
Trd, 000200.933, 144.0
Trd, 000201.050, 146
Trd, 000201.267, 131
Trd, 000201.717, 148.0
Trd, 000201.883, 147
Trd, 000202.333, 156
Trd, 000202.817, 156
Trd, 000204.800, 148
Trd, 000205.667, 147
Trd, 000206.117, 155.0
Trd, 000206.433, 155
Trd, 000206.750, 155
Trd, 000207.267, 156.0
Trd, 000208.067, 154
Trd, 000208.133, 140
Trd, 000209.150, 152
Trd, 000209.400, 151
Trd, 000209.433, 150
Trd, 000210.350, 153
Trd, 000210.417, 155
Trd, 000211.233, 155
Trd, 000211.350, 153
Trd, 000212.433, 153
Trd, 000212.533, 154
Trd, 000212.700, 142
Trd, 000213.350, 149
Trd, 000213.933, 149
Trd, 000214.600, 151
Trd, 000214.817, 154
Trd, 000214.833, 155
Trd, 000215.333, 150
Trd, 000217.133, 141
Trd, 000217.250, 148
Trd, 000217.933, 148.0
Trd, 000218.133, 165
Trd, 000218.483, 175
Trd, 000218.633, 146
Trd, 000219.850, 151
Trd, 000221.733, 152
Trd, 000221.817, 141
Trd, 000222.017, 141
Trd, 000222.183, 154
Trd, 000222.417, 136
Trd, 000223.117, 164
Trd, 000224.517, 156.0
Trd, 000224.833, 155.0
Trd, 000225.500, 153
Trd, 000226.350, 158
Trd, 000226.867, 156
Trd, 000227.883, 156
Trd, 000228.500, 155
Trd, 000228.767, 155
Trd, 000228.783, 154
Trd, 000228.817, 158
Trd, 000229.200, 157.0
Trd, 000229.250, 158.0
Trd, 000230.267, 157
Trd, 000231.350, 159
Trd, 000232.233, 158
Trd, 000232.417, 158.0
Trd, 000232.633, 159
Trd, 000232.833, 159
Trd, 000233.733, 160
Trd, 000235.183, 160.0
Trd, 000235.600, 158
Trd, 000235.683, 157
Trd, 000236.133, 155.0
Trd, 000236.400, 140
Trd, 000236.500, 134.0
Trd, 000237.350, 158.0
Trd, 000237.983, 155.0
Trd, 000239.200, 145
Trd, 000239.750, 160
Trd, 000240.517, 151
Trd, 000240.550, 150
Trd, 000240.900, 150
Trd, 000241.650, 149
Trd, 000241.833, 149
Trd, 000242.583, 147
Trd, 000242.783, 147
Trd, 000243.233, 148
Trd, 000243.717, 147
Trd, 000244.233, 147
Trd, 000244.500, 146
Trd, 000244.800, 145
Trd, 000246.317, 144
Trd, 000246.550, 149
Trd, 000246.883, 151
Trd, 000247.117, 150
Trd, 000248.300, 155
Trd, 000248.783, 157.0
Trd, 000248.833, 155
Trd, 000248.883, 153
Trd, 000249.017, 153
Trd, 000249.117, 155.0
Trd, 000249.300, 154
Trd, 000249.750, 156
Trd, 000250.500, 150
Trd, 000250.667, 150
Trd, 000250.717, 149
Trd, 000251.500, 147
Trd, 000252.017, 146
Trd, 000252.817, 141
Trd, 000252.833, 140
Trd, 000253.333, 146
Trd, 000253.383, 144
Trd, 000253.417, 140
Trd, 000253.483, 143.0
Trd, 000253.750, 144.0
Trd, 000254.383, 142
Trd, 000255.483, 145
Trd, 000255.550, 148.0
Trd, 000256.500, 155
Trd, 000256.517, 154
Trd, 000256.800, 151
Trd, 000256.867, 150
Trd, 000257.300, 151
Trd, 000257.450, 152
Trd, 000257.900, 152
Trd, 000258.733, 146
Trd, 000259.117, 143
Trd, 000259.583, 143
Trd, 000260.300, 139.0
Trd, 000260.367, 142
Trd, 000261.100, 142
Trd, 000261.250, 139
Trd, 000262.783, 143
Trd, 000263.617, 143
Trd, 000264.217, 142
Trd, 000264.450, 143
Trd, 000264.600, 141
Trd, 000264.667, 144.0
Trd, 000264.800, 141
Trd, 000264.950, 140
Trd, 000265.333, 135
Trd, 000265.883, 143
Trd, 000265.983, 142.0
Trd, 000266.367, 138.0
Trd, 000266.567, 148.0
Trd, 000266.583, 131.0
Trd, 000267.233, 155
Trd, 000267.750, 155
Trd, 000268.017, 154
Trd, 000268.167, 146
Trd, 000268.467, 136
Trd, 000269.917, 140.0
Trd, 000269.933, 136.0
Trd, 000270.500, 137.0
Trd, 000270.533, 145.0
Trd, 000271.967, 138
Trd, 000272.283, 155
Trd, 000272.500, 143
Trd, 000272.683, 155.0
Trd, 000273.300, 156.0
Trd, 000273.550, 153
Trd, 000273.717, 153
Trd, 000275.017, 158
Trd, 000275.100, 157
Trd, 000275.333, 156
Trd, 000275.400, 155
Trd, 000275.617, 156
Trd, 000275.700, 156
Trd, 000276.350, 152
Trd, 000278.267, 142
Trd, 000278.567, 145
Trd, 000278.600, 148
Trd, 000278.900, 148.0
Trd, 000279.150, 152
Trd, 000279.350, 134.0
Trd, 000279.967, 159
Trd, 000280.083, 152
Trd, 000280.300, 154
Trd, 000281.017, 154
Trd, 000281.067, 155
Trd, 000281.800, 152.0
Trd, 000282.017, 150.0
Trd, 000282.733, 155
Trd, 000282.800, 162.0
Trd, 000283.733, 155.0
Trd, 000283.900, 154.0
Trd, 000283.933, 156
Trd, 000283.950, 152.0
Trd, 000284.517, 152.0
Trd, 000285.100, 150.0
Trd, 000285.417, 139
Trd, 000286.450, 155.0
Trd, 000286.700, 151
Trd, 000286.783, 149
Trd, 000287.533, 155
Trd, 000287.567, 148
Trd, 000287.967, 144.0
Trd, 000288.183, 157.0
Trd, 000288.767, 149
Trd, 000289.117, 149
Trd, 000289.533, 134.0
Trd, 000290.283, 155.0
Trd, 000290.417, 132.0
Trd, 000290.800, 135.0
Trd, 000291.117, 135.0
Trd, 000291.483, 155
Trd, 000291.567, 158.0
Trd, 000292.467, 142
Trd, 000292.600, 144.0
Trd, 000293.350, 139
Trd, 000293.367, 148
Trd, 000294.350, 139.0
Trd, 000294.433, 148
Trd, 000294.717, 137.0
Trd, 000295.017, 141
Trd, 000295.167, 137
Trd, 000295.583, 146
Trd, 000296.767, 147
Trd, 000296.900, 146
Trd, 000297.600, 158.0
Trd, 000298.317, 141
Trd, 000298.983, 156
