Trd, 000001.317, 196.0
Trd, 000002.017, 172.0
Trd, 000002.050, 158.0
Trd, 000003.933, 162
Trd, 000004.300, 162
Trd, 000004.633, 160.0
Trd, 000005.100, 159.0
Trd, 000005.350, 155.0
Trd, 000005.567, 156
Trd, 000005.750, 161
Trd, 000007.000, 158.0
Trd, 000007.617, 158
Trd, 000008.033, 159
Trd, 000008.050, 150
Trd, 000008.333, 160
Trd, 000010.650, 156.0
Trd, 000011.600, 157.0
Trd, 000012.533, 156
Trd, 000012.883, 156
Trd, 000013.150, 144.0
Trd, 000015.000, 154
Trd, 000015.300, 155
Trd, 000015.983, 155
Trd, 000017.350, 153
Trd, 000017.500, 152
Trd, 000017.950, 152
Trd, 000018.000, 154
Trd, 000018.200, 153
Trd, 000018.567, 154
Trd, 000019.517, 153
Trd, 000019.700, 152
Trd, 000020.117, 153.0
Trd, 000020.683, 154
Trd, 000022.017, 152.0
Trd, 000022.167, 157.0
Trd, 000023.233, 153.0
Trd, 000023.333, 151.0
Trd, 000024.067, 153
Trd, 000024.217, 154
Trd, 000025.217, 153
Trd, 000025.867, 153
Trd, 000027.333, 153
Trd, 000027.367, 151
Trd, 000027.817, 151
Trd, 000028.800, 151
Trd, 000029.750, 151.0
Trd, 000029.967, 152
Trd, 000030.517, 149
Trd, 000031.667, 151
Trd, 000032.033, 151
Trd, 000032.400, 158.0
Trd, 000032.783, 150
Trd, 000032.867, 153
Trd, 000032.950, 162
Trd, 000033.117, 172.0
Trd, 000035.817, 162
Trd, 000036.567, 161
Trd, 000037.300, 155.0
Trd, 000037.717, 157
Trd, 000037.850, 162
Trd, 000038.417, 172.0
Trd, 000039.583, 162
Trd, 000040.233, 163
Trd, 000040.300, 162
Trd, 000040.917, 159
Trd, 000040.967, 158.0
Trd, 000041.050, 159
Trd, 000041.117, 153
Trd, 000042.167, 155
Trd, 000043.250, 154
Trd, 000043.417, 153.0
Trd, 000043.650, 153.0
Trd, 000044.717, 158.0
Trd, 000045.767, 154
Trd, 000045.800, 152
Trd, 000047.400, 152
Trd, 000047.567, 151
Trd, 000048.933, 151
Trd, 000049.317, 152
Trd, 000049.483, 153
Trd, 000049.750, 157.0
Trd, 000050.067, 151.0
Trd, 000051.217, 156.0
Trd, 000053.650, 153
Trd, 000053.983, 152
Trd, 000054.767, 151.0
Trd, 000055.533, 149
Trd, 000055.567, 150.0
Trd, 000055.800, 151.0
Trd, 000056.033, 158.0
Trd, 000057.200, 159
Trd, 000058.483, 157
Trd, 000058.517, 155
Trd, 000058.850, 154
Trd, 000059.267, 153
Trd, 000059.867, 153
Trd, 000059.883, 160
Trd, 000060.317, 160
Trd, 000060.917, 159.0
Trd, 000061.050, 162
Trd, 000061.950, 161
Trd, 000062.533, 159.0
Trd, 000063.783, 158.0
Trd, 000064.633, 160
Trd, 000066.267, 157
Trd, 000067.417, 158.0
Trd, 000067.433, 157.0
Trd, 000067.817, 160
Trd, 000068.383, 155.0
Trd, 000069.167, 158
Trd, 000069.350, 156
Trd, 000069.817, 155
Trd, 000071.650, 155
Trd, 000072.400, 156
Trd, 000072.533, 158.0
Trd, 000073.050, 155
Trd, 000073.483, 154
Trd, 000074.383, 156
Trd, 000075.333, 154
Trd, 000075.700, 154
Trd, 000075.817, 153
Trd, 000076.017, 153
Trd, 000076.683, 152
Trd, 000076.767, 151.0
Trd, 000076.933, 151
Trd, 000077.117, 152
Trd, 000077.617, 153
Trd, 000077.917, 158.0
Trd, 000078.617, 152
Trd, 000078.767, 153
Trd, 000080.400, 154
Trd, 000080.967, 152
Trd, 000081.300, 152
Trd, 000081.333, 151.0
Trd, 000081.583, 144.0
Trd, 000082.450, 146
Trd, 000082.917, 149
Trd, 000082.967, 158.0
Trd, 000083.817, 141.0
Trd, 000085.150, 148
Trd, 000085.783, 149
Trd, 000085.983, 157
Trd, 000087.367, 148
Trd, 000087.917, 151
Trd, 000088.083, 152
Trd, 000088.933, 150
Trd, 000090.633, 150
Trd, 000090.767, 151
Trd, 000091.217, 150
Trd, 000091.917, 150
Trd, 000092.200, 149
Trd, 000092.583, 149
Trd, 000092.717, 148
Trd, 000093.017, 151.0
Trd, 000093.217, 149
Trd, 000093.467, 151
Trd, 000094.983, 160
Trd, 000095.133, 160.0
Trd, 000095.350, 161
Trd, 000095.867, 159.0
Trd, 000096.567, 162
Trd, 000097.350, 166
Trd, 000098.233, 162.0
Trd, 000098.833, 158.0
Trd, 000100.167, 158
Trd, 000100.383, 159
Trd, 000100.833, 159.0
Trd, 000100.867, 158.0
Trd, 000101.450, 158
Trd, 000101.483, 160
Trd, 000102.467, 157
Trd, 000102.817, 161
Trd, 000104.850, 152.0
Trd, 000105.067, 151.0
Trd, 000105.367, 131.0
Trd, 000106.133, 147
Trd, 000106.283, 148
Trd, 000106.917, 151
Trd, 000107.167, 153
Trd, 000107.233, 150
Trd, 000107.733, 150
Trd, 000108.383, 151
Trd, 000108.917, 153
Trd, 000109.433, 168.0
Trd, 000110.950, 153
Trd, 000111.183, 153.0
Trd, 000111.283, 153.0
Trd, 000111.450, 153
Trd, 000113.517, 155.0
Trd, 000113.800, 157.0
Trd, 000114.100, 153
Trd, 000115.050, 154
Trd, 000115.067, 155
Trd, 000115.150, 153
Trd, 000115.617, 156.0
Trd, 000116.217, 153
Trd, 000117.567, 155.0
Trd, 000117.917, 152
Trd, 000118.017, 153
Trd, 000118.283, 151.0
Trd, 000118.733, 156.0
Trd, 000119.500, 156
Trd, 000119.650, 155.0
Trd, 000119.867, 157.0
Trd, 000120.233, 156
Trd, 000121.850, 154
Trd, 000122.100, 155.0
Trd, 000122.750, 144.0
Trd, 000123.167, 138
Trd, 000123.633, 151.0
Trd, 000124.683, 150
Trd, 000124.967, 158
Trd, 000125.317, 156
Trd, 000125.433, 150
Trd, 000126.083, 158.0
Trd, 000126.767, 158
Trd, 000126.833, 156
Trd, 000127.317, 158.0
Trd, 000128.283, 158
Trd, 000128.317, 158
Trd, 000129.033, 158
Trd, 000129.667, 157
Trd, 000130.133, 156.0
Trd, 000130.450, 157
Trd, 000130.533, 162
Trd, 000130.967, 172.0
Trd, 000132.567, 166
Trd, 000133.317, 167
Trd, 000133.350, 167
Trd, 000133.367, 164
Trd, 000134.250, 169.0
Trd, 000134.633, 155.0
Trd, 000136.200, 164
Trd, 000137.200, 161
Trd, 000137.317, 160.0
Trd, 000137.983, 158.0
Trd, 000138.717, 156
Trd, 000138.950, 156
Trd, 000139.817, 154.0
Trd, 000140.817, 153.0
Trd, 000141.450, 153
Trd, 000141.617, 153
Trd, 000141.667, 158.0
Trd, 000143.100, 158.0
Trd, 000143.900, 169.0
Trd, 000144.217, 156
Trd, 000144.867, 153
Trd, 000146.117, 160.0
Trd, 000146.300, 159
Trd, 000147.233, 158.0
Trd, 000148.367, 156
Trd, 000148.383, 158
Trd, 000149.567, 157
Trd, 000150.817, 155
Trd, 000151.183, 156
Trd, 000151.317, 155.0
Trd, 000152.100, 157
Trd, 000152.667, 157
Trd, 000152.733, 162
Trd, 000153.833, 159
Trd, 000154.117, 159
Trd, 000154.500, 158
Trd, 000154.583, 158.0
Trd, 000155.033, 156
Trd, 000155.983, 159
Trd, 000157.383, 156
Trd, 000157.950, 156
Trd, 000158.367, 156.0
Trd, 000158.850, 158.0
Trd, 000159.667, 156.0
Trd, 000159.767, 160
Trd, 000160.517, 155
Trd, 000160.917, 158.0
Trd, 000161.167, 162
Trd, 000162.033, 156
Trd, 000162.933, 158.0
Trd, 000163.800, 169.0
Trd, 000165.300, 159
Trd, 000165.683, 162
Trd, 000166.250, 158.0
Trd, 000166.517, 157
Trd, 000167.000, 157
Trd, 000167.467, 157
Trd, 000167.950, 156
Trd, 000168.417, 155.0
Trd, 000169.933, 157.0
Trd, 000170.033, 156
Trd, 000170.117, 153
Trd, 000170.750, 157
Trd, 000171.033, 157
Trd, 000171.733, 151.0
Trd, 000172.083, 156.0
Trd, 000172.783, 154
Trd, 000173.217, 156
Trd, 000173.467, 154
Trd, 000175.017, 155
Trd, 000175.217, 152
Trd, 000175.650, 157
Trd, 000176.733, 155.0
Trd, 000177.100, 153
Trd, 000177.867, 153.0
Trd, 000178.283, 153.0
Trd, 000179.250, 153
Trd, 000180.150, 152
Trd, 000180.350, 152
Trd, 000180.683, 157.0
Trd, 000181.017, 157.0
Trd, 000181.133, 156
Trd, 000181.650, 154
Trd, 000181.933, 151.0
Trd, 000183.200, 152
Trd, 000183.333, 175.0
Trd, 000183.700, 158.0
Trd, 000184.633, 156.0
Trd, 000185.167, 154
Trd, 000185.600, 153
Trd, 000185.833, 153
Trd, 000186.083, 153
Trd, 000186.350, 152
Trd, 000187.400, 153
Trd, 000187.800, 153
Trd, 000187.900, 154
Trd, 000188.183, 151
Trd, 000189.300, 152.0
Trd, 000189.733, 154
Trd, 000189.900, 158.0
Trd, 000191.217, 158
Trd, 000191.667, 155
Trd, 000191.950, 152.0
Trd, 000192.267, 152
Trd, 000192.650, 152.0
Trd, 000192.900, 151.0
Trd, 000193.817, 158.0
Trd, 000194.100, 160
Trd, 000196.250, 158
Trd, 000196.517, 156
Trd, 000196.783, 156
Trd, 000197.633, 159
Trd, 000198.200, 157.0
Trd, 000198.683, 157.0
Trd, 000199.033, 156.0
Trd, 000199.567, 155.0
Trd, 000199.600, 155
Trd, 000199.617, 154
Trd, 000200.883, 157.0
Trd, 000201.017, 156
Trd, 000202.433, 155.0
Trd, 000203.433, 155
Trd, 000204.200, 155
Trd, 000204.683, 153
Trd, 000205.517, 155
Trd, 000205.850, 154
Trd, 000206.633, 154
Trd, 000207.050, 153
Trd, 000207.600, 152.0
Trd, 000207.867, 151.0
Trd, 000208.317, 152
Trd, 000209.350, 158.0
Trd, 000209.750, 153
Trd, 000210.667, 158
Trd, 000211.783, 160
Trd, 000212.267, 159.0
Trd, 000212.417, 158.0
Trd, 000212.567, 156
Trd, 000214.050, 154
Trd, 000214.200, 154
Trd, 000214.267, 153
Trd, 000215.267, 153
Trd, 000215.350, 154
Trd, 000216.133, 158.0
Trd, 000217.350, 156
Trd, 000217.450, 161
Trd, 000219.300, 162
Trd, 000220.117, 159.0
Trd, 000220.417, 158.0
Trd, 000220.817, 158
Trd, 000221.817, 157
Trd, 000222.667, 156.0
Trd, 000223.283, 156
Trd, 000223.767, 156
Trd, 000224.133, 158.0
Trd, 000224.683, 156.0
Trd, 000224.833, 155.0
Trd, 000225.233, 157.0
Trd, 000225.700, 155
Trd, 000226.250, 155
Trd, 000226.350, 156
Trd, 000226.867, 157
Trd, 000227.983, 158.0
Trd, 000228.367, 161
Trd, 000228.567, 162
Trd, 000229.417, 162
Trd, 000229.583, 162
Trd, 000230.250, 161
Trd, 000230.950, 161
Trd, 000231.183, 163
Trd, 000232.250, 169.0
Trd, 000232.333, 160
Trd, 000232.450, 155.0
Trd, 000232.517, 151.0
Trd, 000232.900, 168.0
Trd, 000235.917, 158.0
Trd, 000236.233, 160
Trd, 000236.317, 159
Trd, 000236.933, 160
Trd, 000237.100, 158.0
Trd, 000237.550, 158
Trd, 000237.783, 157
Trd, 000238.700, 157
Trd, 000240.067, 154
Trd, 000240.217, 154.0
Trd, 000240.617, 154
Trd, 000240.700, 154.0
Trd, 000240.833, 154.0
Trd, 000240.967, 154.0
Trd, 000241.400, 153
Trd, 000241.567, 153
Trd, 000241.850, 154
Trd, 000242.333, 151.0
Trd, 000242.817, 151
Trd, 000243.500, 127
Trd, 000244.050, 135
Trd, 000244.217, 151
Trd, 000245.417, 137.0
Trd, 000245.683, 135
Trd, 000245.867, 135
Trd, 000245.933, 137.0
Trd, 000246.433, 141.0
Trd, 000247.033, 143
Trd, 000247.383, 143
Trd, 000248.233, 141
Trd, 000248.467, 141.0
Trd, 000249.067, 136.0
Trd, 000249.483, 135.0
Trd, 000249.517, 158.0
Trd, 000249.950, 154
Trd, 000251.017, 144
Trd, 000251.300, 144
Trd, 000251.650, 144
Trd, 000251.767, 144
Trd, 000252.133, 142
Trd, 000252.417, 145
Trd, 000252.783, 144
Trd, 000252.900, 145
Trd, 000254.000, 146
Trd, 000254.017, 149
Trd, 000254.733, 143
Trd, 000255.317, 147.0
Trd, 000255.933, 143
Trd, 000256.033, 149.0
Trd, 000256.433, 134.0
Trd, 000256.650, 151.0
Trd, 000257.850, 142
Trd, 000258.100, 141
Trd, 000259.133, 140
Trd, 000259.217, 141
Trd, 000259.417, 141.0
Trd, 000259.567, 136
Trd, 000260.300, 138
Trd, 000260.417, 136
Trd, 000260.450, 144
Trd, 000260.767, 147
Trd, 000260.900, 151.0
Trd, 000261.450, 158.0
Trd, 000261.683, 162
Trd, 000262.183, 156
Trd, 000263.000, 158.0
Trd, 000263.367, 157
Trd, 000263.550, 156
Trd, 000264.750, 156
Trd, 000264.817, 156
Trd, 000264.833, 157.0
Trd, 000265.350, 155.0
Trd, 000266.500, 152.0
Trd, 000266.883, 151.0
Trd, 000267.450, 145
Trd, 000267.583, 153
Trd, 000267.867, 140
Trd, 000268.367, 143
Trd, 000268.450, 135
Trd, 000268.833, 138
Trd, 000269.350, 139
Trd, 000269.783, 138
Trd, 000270.567, 139
Trd, 000270.617, 138
Trd, 000271.333, 144
Trd, 000272.317, 158.0
Trd, 000273.700, 161
Trd, 000273.733, 162
Trd, 000273.950, 161
Trd, 000274.333, 161
Trd, 000274.767, 160
Trd, 000275.050, 160
Trd, 000275.467, 158.0
Trd, 000275.850, 135.0
Trd, 000276.900, 142.0
Trd, 000276.983, 146
Trd, 000277.883, 142
Trd, 000277.967, 143
Trd, 000278.567, 135
Trd, 000278.817, 136
Trd, 000279.517, 141.0
Trd, 000279.767, 142
Trd, 000280.367, 133
Trd, 000280.417, 134
Trd, 000280.450, 143
Trd, 000280.733, 137
Trd, 000281.200, 137
Trd, 000281.350, 145
Trd, 000281.800, 151.0
Trd, 000283.233, 151.0
Trd, 000283.533, 154.0
Trd, 000283.583, 147
Trd, 000284.367, 155.0
Trd, 000284.533, 158.0
Trd, 000285.583, 151
Trd, 000286.067, 150
Trd, 000286.367, 150
Trd, 000286.550, 149
Trd, 000286.767, 149
Trd, 000286.867, 151
Trd, 000287.267, 150
Trd, 000287.367, 162
Trd, 000287.500, 148
Trd, 000288.783, 144.0
Trd, 000289.417, 157
Trd, 000289.550, 151.0
Trd, 000289.967, 152
Trd, 000290.317, 151
Trd, 000291.317, 152
Trd, 000291.617, 153
Trd, 000291.683, 152
Trd, 000292.850, 151
Trd, 000293.050, 153
Trd, 000293.367, 134.0
Trd, 000294.150, 140.0
Trd, 000294.300, 124
Trd, 000294.700, 137
Trd, 000295.167, 139.0
Trd, 000295.233, 141.0
Trd, 000295.750, 144
Trd, 000295.883, 128.0
Trd, 000296.117, 147
Trd, 000296.150, 158.0
Trd, 000296.483, 131.0
Trd, 000296.867, 127
Trd, 000297.233, 139
Trd, 000298.900, 139
Trd, 000298.917, 141.0
Trd, 000299.817, 158
Trd, 000299.967, 160
