Trd, 000002.067, 157
Trd, 000002.700, 133
Trd, 000003.600, 136.0
Trd, 000003.783, 165
Trd, 000004.067, 159
Trd, 000004.333, 146
Trd, 000004.783, 144
Trd, 000004.933, 143
Trd, 000005.317, 161
Trd, 000005.950, 137.0
Trd, 000006.767, 149
Trd, 000006.900, 139
Trd, 000006.983, 138
Trd, 000007.117, 134.0
Trd, 000007.933, 145
Trd, 000008.067, 146
Trd, 000008.267, 137.0
Trd, 000008.633, 145
Trd, 000009.367, 146
Trd, 000009.383, 150
Trd, 000011.200, 138.0
Trd, 000011.483, 147.0
Trd, 000011.883, 140
Trd, 000012.400, 148.0
Trd, 000013.917, 143
Trd, 000014.167, 146.0
Trd, 000014.183, 143
Trd, 000014.850, 142
Trd, 000015.167, 137.0
Trd, 000015.467, 146
Trd, 000015.583, 147
Trd, 000015.767, 148
Trd, 000016.033, 148
Trd, 000016.067, 135.0
Trd, 000017.167, 136
Trd, 000018.917, 139
Trd, 000019.000, 141
Trd, 000019.683, 137
Trd, 000019.700, 145
Trd, 000019.717, 135.0
Trd, 000020.083, 134.0
Trd, 000020.350, 137.0
Trd, 000020.367, 155
Trd, 000020.583, 189.0
Trd, 000020.750, 156
Trd, 000020.967, 164
Trd, 000021.967, 151.0
Trd, 000022.017, 149
Trd, 000022.983, 134.0
Trd, 000023.467, 137.0
Trd, 000023.550, 142
Trd, 000023.750, 150
Trd, 000024.500, 151
Trd, 000024.650, 151.0
Trd, 000024.933, 159
Trd, 000024.967, 142
Trd, 000025.117, 158
Trd, 000025.433, 160
Trd, 000026.117, 149.0
Trd, 000026.517, 143
Trd, 000027.250, 142
Trd, 000027.400, 141
Trd, 000027.467, 137.0
Trd, 000027.800, 141
Trd, 000027.833, 143
Trd, 000028.117, 147
Trd, 000028.233, 134.0
Trd, 000028.367, 119.0
Trd, 000028.617, 148
Trd, 000029.117, 151.0
Trd, 000030.050, 148
Trd, 000030.717, 153
Trd, 000031.317, 152
Trd, 000032.667, 151
Trd, 000033.950, 150
Trd, 000034.133, 151
Trd, 000034.167, 149
Trd, 000034.283, 141
Trd, 000035.117, 150.0
Trd, 000035.250, 141
Trd, 000035.450, 151.0
Trd, 000035.617, 155
Trd, 000035.967, 158
Trd, 000036.400, 189.0
Trd, 000036.833, 174
Trd, 000037.500, 163.0
Trd, 000037.800, 162.0
Trd, 000038.083, 160
Trd, 000038.900, 161
Trd, 000039.050, 166
Trd, 000039.617, 165
Trd, 000039.633, 156
Trd, 000040.200, 148
Trd, 000040.933, 147.0
Trd, 000041.283, 144
Trd, 000041.833, 148.0
Trd, 000042.667, 144
Trd, 000043.817, 138
Trd, 000043.933, 144
Trd, 000044.817, 144
Trd, 000044.950, 145
Trd, 000045.500, 146
Trd, 000045.617, 141
Trd, 000045.783, 142
Trd, 000045.833, 137.0
Trd, 000047.883, 144
Trd, 000048.500, 144
Trd, 000048.617, 148
Trd, 000048.983, 144
Trd, 000049.017, 140
Trd, 000049.083, 140
Trd, 000049.267, 137
Trd, 000049.717, 143
Trd, 000050.583, 141.0
Trd, 000050.700, 143
Trd, 000050.933, 139.0
Trd, 000050.950, 143
Trd, 000051.600, 137.0
Trd, 000052.200, 137.0
Trd, 000052.950, 145
Trd, 000053.300, 148
Trd, 000054.217, 150.0
Trd, 000054.550, 144
Trd, 000054.683, 151.0
Trd, 000055.083, 149
Trd, 000055.217, 150
Trd, 000055.300, 144
Trd, 000055.350, 143
Trd, 000056.750, 147
Trd, 000056.933, 146
Trd, 000057.117, 144
Trd, 000058.050, 149
Trd, 000058.200, 142
Trd, 000058.850, 144
Trd, 000058.867, 144
Trd, 000059.583, 144
Trd, 000059.883, 141
Trd, 000060.033, 145
Trd, 000061.117, 148
Trd, 000061.700, 147
Trd, 000061.883, 150.0
Trd, 000062.683, 149
Trd, 000063.000, 148
Trd, 000063.300, 151.0
Trd, 000063.717, 151
Trd, 000064.333, 152
Trd, 000064.733, 155
Trd, 000065.217, 153
Trd, 000065.767, 162.0
Trd, 000065.883, 152
Trd, 000066.017, 159
Trd, 000066.500, 162
Trd, 000067.067, 182.0
Trd, 000067.817, 164.0
Trd, 000068.250, 163.0
Trd, 000068.650, 162.0
Trd, 000069.017, 149
Trd, 000069.133, 148
Trd, 000069.350, 143
Trd, 000069.633, 137.0
Trd, 000070.067, 134.0
Trd, 000070.633, 148
Trd, 000070.767, 147
Trd, 000071.833, 139
Trd, 000072.050, 136
Trd, 000072.450, 136
Trd, 000072.717, 127.0
Trd, 000072.750, 137.0
Trd, 000072.783, 140
Trd, 000073.533, 139
Trd, 000073.617, 148
Trd, 000074.017, 158
Trd, 000074.100, 139
Trd, 000074.383, 156
Trd, 000074.933, 150.0
Trd, 000076.083, 147
Trd, 000076.133, 148
Trd, 000076.433, 146
Trd, 000077.167, 142
Trd, 000077.483, 142
Trd, 000077.833, 145
Trd, 000078.367, 140
Trd, 000078.900, 172
Trd, 000079.283, 153
Trd, 000079.500, 152
Trd, 000080.133, 162.0
Trd, 000080.867, 157
Trd, 000081.933, 159
Trd, 000082.417, 156
Trd, 000082.483, 150
Trd, 000083.550, 158
Trd, 000083.767, 158
Trd, 000084.117, 152
Trd, 000084.133, 140
Trd, 000084.183, 157
Trd, 000085.500, 151.0
Trd, 000085.583, 151
Trd, 000085.600, 149
Trd, 000085.900, 139
Trd, 000086.183, 151
Trd, 000086.733, 145
Trd, 000086.967, 128.0
Trd, 000087.000, 150
Trd, 000087.167, 137
Trd, 000087.583, 134.0
Trd, 000087.717, 147
Trd, 000087.783, 148
Trd, 000088.133, 151
Trd, 000088.717, 159
Trd, 000089.817, 135.0
Trd, 000090.350, 143
Trd, 000090.650, 134.0
Trd, 000091.350, 142
Trd, 000091.800, 141
Trd, 000092.517, 139
Trd, 000092.767, 134
Trd, 000093.517, 134
Trd, 000093.817, 134
Trd, 000094.517, 134
Trd, 000094.800, 136
Trd, 000095.133, 137.0
Trd, 000095.250, 141.0
Trd, 000095.617, 137.0
Trd, 000095.783, 148
Trd, 000096.033, 156
Trd, 000096.133, 151.0
Trd, 000096.383, 166
Trd, 000096.550, 182.0
Trd, 000096.800, 168.0
Trd, 000097.117, 151
Trd, 000097.167, 160
Trd, 000097.633, 168.0
Trd, 000097.833, 137.0
Trd, 000099.883, 149
Trd, 000100.500, 150
Trd, 000100.517, 151.0
Trd, 000100.550, 142
Trd, 000100.850, 151
Trd, 000101.417, 142
Trd, 000101.450, 140
Trd, 000102.733, 154
Trd, 000103.083, 142
Trd, 000103.283, 151
Trd, 000103.417, 153
Trd, 000103.883, 157
Trd, 000104.867, 150.0
Trd, 000105.300, 148
Trd, 000105.650, 151
Trd, 000105.733, 151.0
Trd, 000106.233, 148
Trd, 000106.683, 148
Trd, 000106.967, 147
Trd, 000108.150, 146
Trd, 000108.233, 144
Trd, 000108.667, 145
Trd, 000109.067, 147
Trd, 000109.883, 146
Trd, 000111.183, 142
Trd, 000111.450, 144
Trd, 000111.850, 143
Trd, 000111.883, 142
Trd, 000112.150, 141
Trd, 000112.217, 151.0
Trd, 000112.900, 155
Trd, 000113.283, 140
Trd, 000113.383, 137.0
Trd, 000113.600, 146
Trd, 000114.917, 144
Trd, 000115.317, 145
Trd, 000115.500, 147
Trd, 000116.000, 146
Trd, 000117.117, 143
Trd, 000117.350, 145
Trd, 000117.500, 142
Trd, 000117.700, 138.0
Trd, 000117.867, 148
Trd, 000118.017, 150.0
Trd, 000118.417, 138
Trd, 000118.517, 150.0
Trd, 000118.883, 148
Trd, 000120.833, 147.0
Trd, 000120.867, 149.0
Trd, 000121.017, 141
Trd, 000121.250, 139
Trd, 000121.617, 137.0
Trd, 000122.200, 149.0
Trd, 000122.367, 151.0
Trd, 000122.883, 158
Trd, 000123.133, 134
Trd, 000124.150, 148
Trd, 000124.617, 134
Trd, 000124.983, 144
Trd, 000125.000, 135
Trd, 000126.050, 141
Trd, 000126.317, 140
Trd, 000126.800, 145
Trd, 000127.067, 147
Trd, 000127.917, 144
Trd, 000128.000, 147
Trd, 000128.283, 148
Trd, 000128.317, 140
Trd, 000128.350, 139
Trd, 000128.683, 151.0
Trd, 000128.933, 158
Trd, 000129.400, 138.0
Trd, 000129.783, 142
Trd, 000130.300, 151
Trd, 000131.683, 150.0
Trd, 000132.450, 150
Trd, 000133.317, 150
Trd, 000133.467, 144
Trd, 000133.533, 149
Trd, 000133.567, 143
Trd, 000133.683, 143
Trd, 000134.183, 143
Trd, 000134.333, 147
Trd, 000134.483, 150.0
Trd, 000135.550, 140.0
Trd, 000135.583, 147
Trd, 000136.333, 143
Trd, 000136.967, 140
Trd, 000137.100, 139
Trd, 000137.450, 140
Trd, 000137.517, 141
Trd, 000138.050, 151.0
Trd, 000138.850, 147
Trd, 000140.000, 140
Trd, 000140.100, 138.0
Trd, 000140.333, 147
Trd, 000140.583, 137.0
Trd, 000140.917, 136
Trd, 000141.800, 146
Trd, 000142.117, 145
Trd, 000142.517, 136
Trd, 000142.600, 144
Trd, 000142.667, 146
Trd, 000143.500, 147
Trd, 000144.317, 148
Trd, 000144.467, 142
Trd, 000144.717, 149
Trd, 000145.317, 149.0
Trd, 000145.967, 150
Trd, 000146.083, 142
Trd, 000146.517, 142
Trd, 000146.617, 149
Trd, 000148.283, 148
Trd, 000148.667, 149
Trd, 000148.950, 151.0
Trd, 000149.100, 155
Trd, 000149.183, 148
Trd, 000149.550, 149
Trd, 000149.867, 153
Trd, 000150.683, 150
Trd, 000150.717, 152
Trd, 000150.900, 153
Trd, 000151.050, 143
Trd, 000151.500, 145
Trd, 000151.950, 149
Trd, 000152.983, 150
Trd, 000153.383, 143.0
Trd, 000153.600, 140.0
Trd, 000154.000, 137.0
Trd, 000154.583, 151
Trd, 000154.817, 139
Trd, 000155.900, 146
Trd, 000155.983, 149
Trd, 000156.000, 151.0
Trd, 000156.583, 156
Trd, 000156.717, 140
Trd, 000157.117, 137.0
Trd, 000157.983, 151
Trd, 000158.000, 153
Trd, 000158.033, 158
Trd, 000158.400, 155
Trd, 000160.083, 142
Trd, 000160.550, 150.0
Trd, 000161.267, 148
Trd, 000161.583, 148
Trd, 000161.817, 148
Trd, 000162.133, 143
Trd, 000162.767, 151.0
Trd, 000163.133, 144
Trd, 000163.917, 153
Trd, 000164.800, 147
Trd, 000165.467, 148
Trd, 000165.700, 148.0
Trd, 000165.783, 137.0
Trd, 000165.800, 150.0
Trd, 000166.317, 145
Trd, 000167.367, 145
Trd, 000168.100, 141
Trd, 000168.150, 129
Trd, 000168.267, 145
Trd, 000168.550, 149
Trd, 000169.283, 148
Trd, 000169.500, 136
Trd, 000169.600, 148
Trd, 000170.317, 151.0
Trd, 000170.500, 173
Trd, 000171.817, 169.0
Trd, 000172.017, 168.0
Trd, 000172.233, 172
Trd, 000172.367, 165.0
Trd, 000172.783, 164
Trd, 000172.900, 148
Trd, 000173.317, 137.0
Trd, 000173.667, 134.0
Trd, 000174.833, 149
Trd, 000175.433, 148
Trd, 000175.683, 149.0
Trd, 000176.050, 149.0
Trd, 000176.300, 149.0
Trd, 000176.950, 149
Trd, 000177.250, 147
Trd, 000178.033, 150
Trd, 000178.317, 147
Trd, 000178.550, 151.0
Trd, 000178.933, 146
Trd, 000179.883, 151
Trd, 000180.567, 146
Trd, 000180.750, 146
Trd, 000181.083, 146
Trd, 000181.133, 148
Trd, 000181.233, 145
Trd, 000181.550, 154
Trd, 000181.933, 143
Trd, 000182.083, 151.0
Trd, 000182.717, 137.0
Trd, 000183.450, 145
Trd, 000183.617, 152
Trd, 000183.633, 143
Trd, 000184.633, 136
Trd, 000184.933, 129.0
Trd, 000185.083, 146
Trd, 000185.367, 146
Trd, 000186.150, 145
Trd, 000186.400, 148
Trd, 000186.567, 155
Trd, 000186.700, 137.0
Trd, 000187.183, 158
Trd, 000188.117, 137.0
Trd, 000188.133, 134.0
Trd, 000188.200, 150
Trd, 000188.750, 149
Trd, 000189.883, 133.0
Trd, 000190.233, 131.0
Trd, 000190.283, 131.0
Trd, 000190.333, 134.0
Trd, 000190.383, 127.0
Trd, 000190.433, 137.0
Trd, 000191.283, 141
Trd, 000192.000, 141.0
Trd, 000192.017, 151.0
Trd, 000192.300, 147
Trd, 000192.367, 156
Trd, 000192.967, 141
Trd, 000193.183, 141
Trd, 000194.700, 149
Trd, 000195.667, 145
Trd, 000195.700, 147
Trd, 000196.083, 143
Trd, 000196.117, 148
Trd, 000196.200, 143
Trd, 000196.467, 141
Trd, 000196.650, 139
Trd, 000196.700, 148
Trd, 000197.550, 139
Trd, 000197.633, 149
Trd, 000197.667, 150
Trd, 000198.317, 150.0
Trd, 000198.800, 151
Trd, 000199.317, 149.0
Trd, 000200.150, 141.0
Trd, 000200.167, 148
Trd, 000200.767, 147
Trd, 000201.300, 150.0
Trd, 000201.333, 151.0
Trd, 000201.483, 141
Trd, 000201.817, 155
Trd, 000201.850, 140
Trd, 000202.617, 139
Trd, 000203.267, 158
Trd, 000203.350, 134.0
Trd, 000204.133, 127.0
Trd, 000205.417, 146
Trd, 000206.083, 155
Trd, 000206.100, 154
Trd, 000206.217, 155
Trd, 000206.250, 156
Trd, 000206.583, 152
Trd, 000206.833, 140
Trd, 000207.967, 148
Trd, 000208.200, 148
Trd, 000208.467, 146
Trd, 000208.483, 148
Trd, 000208.800, 149
Trd, 000208.983, 150
Trd, 000209.950, 145
Trd, 000210.450, 150
Trd, 000210.833, 151.0
Trd, 000211.033, 151
Trd, 000211.333, 146
Trd, 000212.567, 173
Trd, 000213.517, 146
Trd, 000213.650, 151.0
Trd, 000213.900, 137.0
Trd, 000214.067, 158
Trd, 000214.350, 160
Trd, 000214.733, 157
Trd, 000215.417, 149
Trd, 000215.467, 127.0
Trd, 000215.767, 149
Trd, 000216.433, 152
Trd, 000216.533, 145
Trd, 000217.100, 145
Trd, 000217.283, 158
Trd, 000217.900, 160
Trd, 000218.083, 188
Trd, 000218.167, 178
Trd, 000218.217, 148
Trd, 000219.033, 158
Trd, 000219.900, 164
Trd, 000220.083, 158
Trd, 000221.000, 143
Trd, 000221.917, 154
Trd, 000222.083, 154
Trd, 000222.383, 153
Trd, 000222.400, 154
Trd, 000223.033, 150
Trd, 000224.133, 150.0
Trd, 000224.650, 149
Trd, 000224.983, 127.0
Trd, 000225.500, 138
Trd, 000226.250, 137.0
Trd, 000226.583, 139
Trd, 000226.667, 140
Trd, 000226.800, 137
Trd, 000227.067, 147.0
Trd, 000227.450, 144.0
Trd, 000227.600, 145.0
Trd, 000227.717, 137
Trd, 000227.917, 143
Trd, 000228.633, 136.0
Trd, 000230.417, 140
Trd, 000230.467, 134.0
Trd, 000230.767, 151.0
Trd, 000230.833, 158
Trd, 000231.650, 147
Trd, 000232.000, 150
Trd, 000232.383, 147
Trd, 000232.633, 150.0
Trd, 000232.683, 139.0
Trd, 000232.700, 137.0
Trd, 000234.050, 148
Trd, 000234.367, 151.0
Trd, 000234.567, 143
Trd, 000235.267, 154
Trd, 000235.667, 154
Trd, 000235.867, 144
Trd, 000236.067, 142
Trd, 000236.600, 155
Trd, 000236.900, 142
Trd, 000237.383, 153
Trd, 000238.317, 153
Trd, 000239.217, 151.0
Trd, 000239.717, 146
Trd, 000239.783, 153
Trd, 000240.267, 154
Trd, 000240.567, 152
Trd, 000240.583, 151
Trd, 000241.533, 150
Trd, 000241.883, 148
Trd, 000241.917, 152
Trd, 000242.817, 150
Trd, 000243.717, 150
Trd, 000243.900, 149
Trd, 000244.817, 143
Trd, 000244.900, 150.0
Trd, 000245.267, 141.0
Trd, 000245.583, 148
Trd, 000245.833, 142
Trd, 000246.217, 147
Trd, 000247.117, 146
Trd, 000247.517, 143
Trd, 000247.550, 141.0
Trd, 000247.933, 145
Trd, 000248.233, 136.0
Trd, 000248.267, 146
Trd, 000248.350, 148
Trd, 000249.150, 151.0
Trd, 000249.250, 137.0
Trd, 000250.033, 150
Trd, 000250.817, 148
Trd, 000251.217, 149
Trd, 000251.983, 149
Trd, 000252.017, 148
Trd, 000252.067, 149
Trd, 000252.200, 155
Trd, 000252.367, 149
Trd, 000252.450, 143
Trd, 000253.433, 153
Trd, 000254.150, 147
Trd, 000254.583, 150.0
Trd, 000254.850, 146.0
Trd, 000254.967, 151.0
Trd, 000255.283, 143.0
Trd, 000255.850, 149
Trd, 000256.167, 147
Trd, 000256.283, 143
Trd, 000256.333, 147
Trd, 000257.350, 143
Trd, 000257.450, 146
Trd, 000257.650, 143
Trd, 000258.000, 144
Trd, 000258.767, 144
Trd, 000259.617, 141.0
Trd, 000259.983, 142
Trd, 000260.217, 145
Trd, 000260.433, 142
Trd, 000261.100, 137.0
Trd, 000261.567, 143
Trd, 000262.250, 146
Trd, 000262.400, 146
Trd, 000262.450, 146
Trd, 000262.717, 148
Trd, 000262.950, 149
Trd, 000263.283, 151.0
Trd, 000263.683, 151
Trd, 000264.017, 153
Trd, 000264.783, 147
Trd, 000264.917, 147
Trd, 000265.200, 147
Trd, 000265.583, 144
Trd, 000265.817, 149
Trd, 000266.533, 144
Trd, 000267.200, 143
Trd, 000267.217, 149
Trd, 000267.367, 150
Trd, 000267.700, 148
Trd, 000268.233, 146
Trd, 000269.767, 143
Trd, 000269.933, 142.0
Trd, 000269.983, 143
Trd, 000270.200, 141.0
Trd, 000270.433, 143
Trd, 000270.500, 148
Trd, 000270.817, 155
Trd, 000270.967, 158
Trd, 000271.333, 162.0
Trd, 000271.833, 151.0
Trd, 000272.350, 151
Trd, 000272.767, 148
Trd, 000273.533, 150
Trd, 000274.067, 147
Trd, 000274.950, 146
Trd, 000275.167, 149
Trd, 000275.367, 142
Trd, 000276.483, 144
Trd, 000276.617, 147
Trd, 000277.100, 148
Trd, 000277.433, 144
Trd, 000277.517, 148
Trd, 000277.900, 143
Trd, 000277.950, 143
Trd, 000278.883, 147
Trd, 000278.900, 148
Trd, 000279.600, 148
Trd, 000280.400, 147
Trd, 000281.283, 148
Trd, 000281.367, 146
Trd, 000281.517, 144
Trd, 000281.550, 149
Trd, 000281.717, 151.0
Trd, 000282.183, 154
Trd, 000282.767, 144
Trd, 000283.217, 146
Trd, 000283.367, 145
Trd, 000283.383, 151
Trd, 000283.567, 155
Trd, 000283.733, 146
Trd, 000283.750, 141.0
Trd, 000284.150, 137.0
Trd, 000284.633, 154
Trd, 000284.650, 158
Trd, 000286.067, 145
Trd, 000286.533, 145
Trd, 000286.933, 150.0
Trd, 000287.083, 150.0
Trd, 000287.417, 143
Trd, 000287.950, 141.0
Trd, 000288.350, 151.0
Trd, 000289.050, 139
Trd, 000289.250, 151
Trd, 000289.650, 151
Trd, 000289.850, 152
Trd, 000290.767, 162.0
Trd, 000290.917, 141
Trd, 000291.350, 151
Trd, 000291.450, 154
Trd, 000292.067, 143
Trd, 000292.517, 141.0
Trd, 000293.283, 150
Trd, 000294.183, 147.0
Trd, 000294.200, 148.0
Trd, 000294.750, 145
Trd, 000295.033, 151.0
Trd, 000295.350, 145
Trd, 000296.483, 145
Trd, 000296.817, 144
Trd, 000297.083, 143
Trd, 000297.150, 142.0
Trd, 000297.550, 144
Trd, 000297.633, 146
Trd, 000297.767, 141.0
Trd, 000297.850, 140
Trd, 000298.283, 143
Trd, 000298.400, 139
Trd, 000298.533, 136.0
Trd, 000298.717, 145
Trd, 000299.517, 137
Trd, 000299.900, 144
