Trd, 000001.250, 151.0
Trd, 000001.367, 193.0
Trd, 000002.650, 154
Trd, 000002.850, 160
Trd, 000004.483, 156.0
Trd, 000005.350, 154
Trd, 000005.533, 158
Trd, 000006.167, 160
Trd, 000007.583, 156
Trd, 000007.650, 155
Trd, 000007.917, 158
Trd, 000007.983, 156
Trd, 000008.717, 155.0
Trd, 000008.917, 158
Trd, 000008.933, 153
Trd, 000009.500, 160.0
Trd, 000009.850, 137
Trd, 000010.133, 161.0
Trd, 000011.067, 152.0
Trd, 000012.117, 154
Trd, 000012.133, 155
Trd, 000012.317, 161.0
Trd, 000014.700, 161
Trd, 000014.867, 159
Trd, 000015.217, 158
Trd, 000015.550, 156
Trd, 000016.000, 159
Trd, 000016.267, 160
Trd, 000016.283, 154
Trd, 000016.617, 155.0
Trd, 000017.050, 166
Trd, 000017.550, 169
Trd, 000018.633, 161.0
Trd, 000019.833, 162
Trd, 000020.933, 163
Trd, 000021.000, 164
Trd, 000021.900, 158
Trd, 000022.233, 157
Trd, 000023.400, 159
Trd, 000024.467, 159
Trd, 000024.683, 160
Trd, 000025.033, 162
Trd, 000025.050, 162.0
Trd, 000025.700, 162
Trd, 000026.300, 162
Trd, 000027.917, 162
Trd, 000028.783, 162
Trd, 000029.033, 161
Trd, 000029.950, 160.0
Trd, 000030.217, 160.0
Trd, 000030.833, 160.0
Trd, 000031.333, 162.0
Trd, 000031.817, 161
Trd, 000033.067, 161
Trd, 000033.383, 160
Trd, 000033.500, 158
Trd, 000034.300, 155.0
Trd, 000034.433, 157
Trd, 000037.233, 155.0
Trd, 000037.650, 156.0
Trd, 000037.750, 155
Trd, 000037.850, 155.0
Trd, 000038.283, 156
Trd, 000038.400, 153
Trd, 000038.650, 155
Trd, 000039.300, 155.0
Trd, 000040.067, 158.0
Trd, 000041.300, 155
Trd, 000042.467, 156
Trd, 000043.500, 156
Trd, 000044.300, 156
Trd, 000044.717, 156
Trd, 000044.883, 156
Trd, 000045.333, 155.0
Trd, 000045.450, 155
Trd, 000045.733, 155
Trd, 000046.817, 156
Trd, 000047.083, 157
Trd, 000047.117, 155
Trd, 000048.067, 155
Trd, 000049.167, 156
Trd, 000049.217, 158.0
Trd, 000049.850, 155.0
Trd, 000050.100, 172
Trd, 000051.367, 160.0
Trd, 000051.500, 156
Trd, 000053.300, 158
Trd, 000054.417, 158
Trd, 000055.267, 157
Trd, 000055.883, 158
Trd, 000055.950, 159
Trd, 000056.183, 158
Trd, 000056.283, 158
Trd, 000056.317, 156
Trd, 000057.950, 157
Trd, 000058.083, 157.0
Trd, 000058.500, 157.0
Trd, 000058.533, 160
Trd, 000059.717, 155.0
Trd, 000059.950, 162.0
Trd, 000059.967, 157
Trd, 000060.350, 161
Trd, 000060.733, 162.0
Trd, 000060.950, 172
Trd, 000061.133, 155
Trd, 000063.183, 169
Trd, 000063.567, 155.0
Trd, 000064.883, 155
Trd, 000065.150, 155
Trd, 000065.567, 154
Trd, 000066.367, 158.0
Trd, 000067.217, 157
Trd, 000068.000, 158
Trd, 000069.617, 157
Trd, 000069.700, 155
Trd, 000070.500, 156.0
Trd, 000070.600, 155.0
Trd, 000070.717, 151.0
Trd, 000070.833, 158
Trd, 000071.250, 155.0
Trd, 000071.350, 158.0
Trd, 000071.600, 152
Trd, 000071.767, 151
Trd, 000073.833, 154
Trd, 000074.950, 154
Trd, 000075.833, 153
Trd, 000076.667, 155
Trd, 000076.983, 154
Trd, 000077.367, 153
Trd, 000077.633, 154
Trd, 000077.800, 156
Trd, 000078.500, 152
Trd, 000079.050, 155.0
Trd, 000079.133, 152
Trd, 000079.450, 151.0
Trd, 000080.417, 162.0
Trd, 000081.017, 158
Trd, 000081.433, 171
Trd, 000081.550, 157
Trd, 000082.033, 172
Trd, 000082.800, 155.0
Trd, 000084.400, 160
Trd, 000084.717, 159
Trd, 000086.067, 159
Trd, 000086.267, 159
Trd, 000086.917, 159
Trd, 000088.100, 156
Trd, 000088.633, 153.0
Trd, 000089.217, 151.0
Trd, 000089.550, 155
Trd, 000089.900, 153
Trd, 000089.967, 154
Trd, 000090.733, 156
Trd, 000091.700, 155
Trd, 000092.733, 157
Trd, 000094.067, 156.0
Trd, 000094.550, 157
Trd, 000095.250, 156.0
Trd, 000095.567, 156
Trd, 000095.617, 155.0
Trd, 000095.633, 153
Trd, 000097.533, 157
Trd, 000097.667, 157
Trd, 000097.750, 156
Trd, 000098.750, 151.0
Trd, 000098.833, 148.0
Trd, 000099.817, 152
Trd, 000099.833, 154
Trd, 000100.317, 150
Trd, 000101.483, 156.0
Trd, 000102.133, 156
Trd, 000102.167, 156.0
Trd, 000102.367, 162.0
Trd, 000102.483, 172
Trd, 000102.667, 160
Trd, 000104.517, 170.0
Trd, 000104.717, 164
Trd, 000105.017, 163
Trd, 000106.983, 160
Trd, 000107.683, 161.0
Trd, 000108.567, 161
Trd, 000109.150, 161
Trd, 000109.450, 160
Trd, 000109.517, 161
Trd, 000109.800, 157
Trd, 000111.317, 157.0
Trd, 000112.433, 155.0
Trd, 000112.850, 158
Trd, 000112.983, 160
Trd, 000113.050, 156
Trd, 000113.617, 157
Trd, 000114.750, 158
Trd, 000115.917, 157
Trd, 000116.133, 156
Trd, 000116.483, 158.0
Trd, 000116.500, 160
Trd, 000117.450, 158
Trd, 000118.217, 159
Trd, 000119.633, 159
Trd, 000119.933, 160
Trd, 000120.200, 156.0
Trd, 000120.433, 155.0
Trd, 000121.083, 155
Trd, 000122.350, 156
Trd, 000123.367, 155
Trd, 000123.633, 156
Trd, 000125.033, 155
Trd, 000125.217, 155.0
Trd, 000125.483, 156
Trd, 000126.267, 157
Trd, 000126.950, 153
Trd, 000127.083, 156
Trd, 000127.267, 151.0
Trd, 000129.333, 154
Trd, 000129.667, 156.0
Trd, 000129.717, 156
Trd, 000130.183, 158.0
Trd, 000130.867, 155
Trd, 000131.400, 158
Trd, 000131.483, 162.0
Trd, 000133.183, 165
Trd, 000133.583, 168
Trd, 000133.983, 165
Trd, 000134.417, 162.0
Trd, 000134.433, 148.0
Trd, 000135.233, 157.0
Trd, 000135.733, 159
Trd, 000135.750, 160
Trd, 000136.183, 159
Trd, 000137.283, 159
Trd, 000137.300, 160
Trd, 000137.567, 172
Trd, 000137.867, 161
Trd, 000138.483, 159
Trd, 000139.017, 161
Trd, 000139.500, 159
Trd, 000140.950, 158
Trd, 000142.433, 158
Trd, 000143.217, 157
Trd, 000144.283, 157.0
Trd, 000144.850, 157
Trd, 000145.050, 162.0
Trd, 000145.067, 155.0
Trd, 000145.117, 155
Trd, 000145.217, 172
Trd, 000146.400, 160
Trd, 000146.633, 155
Trd, 000147.767, 157
Trd, 000147.900, 156
Trd, 000149.333, 156
Trd, 000149.700, 159
Trd, 000149.933, 157.0
Trd, 000150.350, 157
Trd, 000150.633, 156
Trd, 000151.517, 159
Trd, 000152.033, 155.0
Trd, 000152.283, 156
Trd, 000152.350, 162.0
Trd, 000152.717, 166
Trd, 000153.533, 162
Trd, 000155.017, 160
Trd, 000155.433, 159
Trd, 000156.617, 158
Trd, 000157.850, 159
Trd, 000158.333, 160
Trd, 000159.800, 160
Trd, 000160.083, 159
Trd, 000160.117, 158
Trd, 000160.317, 158
Trd, 000160.650, 158
Trd, 000160.850, 157
Trd, 000160.900, 151.0
Trd, 000161.517, 161.0
Trd, 000162.133, 156.0
Trd, 000163.300, 162.0
Trd, 000163.900, 159
Trd, 000164.300, 157
Trd, 000164.650, 159
Trd, 000164.850, 158
Trd, 000165.550, 159
Trd, 000166.550, 158
Trd, 000166.917, 158.0
Trd, 000167.833, 158
Trd, 000167.933, 158
Trd, 000168.133, 157
Trd, 000168.633, 155.0
Trd, 000168.933, 158
Trd, 000169.517, 158
Trd, 000170.283, 157
Trd, 000170.683, 159
Trd, 000171.300, 156
Trd, 000171.367, 162.0
Trd, 000171.850, 152
Trd, 000173.450, 154
Trd, 000173.517, 159
Trd, 000174.583, 157
Trd, 000175.050, 154
Trd, 000175.933, 155.0
Trd, 000176.350, 153
Trd, 000177.367, 152
Trd, 000177.983, 152
Trd, 000178.267, 154
Trd, 000179.033, 155
Trd, 000180.950, 155
Trd, 000181.083, 156
Trd, 000181.700, 158.0
Trd, 000181.833, 158.0
Trd, 000182.100, 157.0
Trd, 000182.400, 157
Trd, 000183.750, 161.0
Trd, 000184.333, 160
Trd, 000184.633, 159
Trd, 000185.700, 158
Trd, 000185.867, 156
Trd, 000186.433, 160.0
Trd, 000187.100, 158
Trd, 000187.533, 157
Trd, 000188.617, 159
Trd, 000188.717, 158
Trd, 000189.167, 159
Trd, 000189.433, 162.0
Trd, 000189.750, 156
Trd, 000192.150, 160
Trd, 000192.250, 159
Trd, 000192.383, 161
Trd, 000193.067, 161
Trd, 000194.250, 157
Trd, 000194.317, 157
Trd, 000195.367, 157.0
Trd, 000195.400, 158.0
Trd, 000196.800, 157.0
Trd, 000197.633, 158
Trd, 000198.133, 160
Trd, 000198.200, 157
Trd, 000199.517, 156.0
Trd, 000201.017, 157
Trd, 000201.950, 157
Trd, 000202.250, 156
Trd, 000202.850, 157
Trd, 000203.317, 157
Trd, 000203.933, 157
Trd, 000205.217, 157
Trd, 000205.283, 159.0
Trd, 000205.517, 156
Trd, 000206.333, 158.0
Trd, 000206.483, 158.0
Trd, 000206.933, 157
Trd, 000207.883, 155
Trd, 000208.133, 156
Trd, 000208.683, 155.0
Trd, 000209.100, 157
Trd, 000210.100, 157
Trd, 000210.250, 162
Trd, 000211.200, 158
Trd, 000212.400, 158
Trd, 000212.733, 159
Trd, 000213.550, 158
Trd, 000214.017, 158
Trd, 000214.367, 156
Trd, 000215.917, 156.0
Trd, 000216.083, 155.0
Trd, 000216.367, 157
Trd, 000216.467, 162.0
Trd, 000217.267, 153
Trd, 000217.850, 155
Trd, 000218.050, 162
Trd, 000219.650, 158.0
Trd, 000219.700, 158.0
Trd, 000220.400, 158
Trd, 000220.433, 157.0
Trd, 000220.500, 157
Trd, 000220.583, 154
Trd, 000220.633, 148.0
Trd, 000221.633, 158
Trd, 000221.667, 151.0
Trd, 000222.250, 158
Trd, 000223.567, 157.0
Trd, 000223.967, 158.0
Trd, 000224.600, 158.0
Trd, 000224.783, 159
Trd, 000225.533, 161.0
Trd, 000225.767, 161.0
Trd, 000225.850, 156
Trd, 000226.017, 162.0
Trd, 000227.550, 161
Trd, 000229.317, 158.0
Trd, 000229.433, 158
Trd, 000230.200, 155.0
Trd, 000231.133, 157
Trd, 000231.233, 158
Trd, 000231.267, 159
Trd, 000231.417, 155
Trd, 000231.450, 151.0
Trd, 000231.517, 148.0
Trd, 000232.267, 145
Trd, 000232.633, 152
Trd, 000233.783, 150
Trd, 000233.833, 145
Trd, 000234.417, 152.0
Trd, 000234.683, 151.0
Trd, 000235.883, 157.0
Trd, 000236.950, 153
Trd, 000237.933, 154
Trd, 000238.317, 153
Trd, 000238.483, 154
Trd, 000238.783, 154
Trd, 000240.600, 158
Trd, 000240.883, 155.0
Trd, 000241.050, 154
Trd, 000241.433, 152.0
Trd, 000241.467, 151.0
Trd, 000241.550, 151
Trd, 000241.783, 151.0
Trd, 000242.017, 153.0
Trd, 000242.333, 151.0
Trd, 000243.383, 150
Trd, 000243.600, 152
Trd, 000244.283, 152.0
Trd, 000244.517, 153
Trd, 000245.200, 160
Trd, 000245.483, 152.0
Trd, 000246.017, 153
Trd, 000246.583, 154.0
Trd, 000246.817, 155.0
Trd, 000247.933, 154.0
Trd, 000248.383, 156.0
Trd, 000248.650, 155.0
Trd, 000248.867, 157
Trd, 000249.667, 153
Trd, 000250.783, 154
Trd, 000251.367, 153.0
Trd, 000251.433, 156
Trd, 000251.783, 152.0
Trd, 000252.033, 150
Trd, 000252.400, 152
Trd, 000252.767, 151.0
Trd, 000253.033, 152
Trd, 000253.217, 150
Trd, 000253.300, 148.0
Trd, 000253.550, 151
Trd, 000254.383, 148.0
Trd, 000255.267, 147
Trd, 000255.550, 150
Trd, 000256.900, 148.0
Trd, 000257.067, 148
Trd, 000257.150, 150
Trd, 000258.000, 148
Trd, 000258.017, 150
Trd, 000258.383, 147
Trd, 000258.533, 151.0
Trd, 000258.750, 146
Trd, 000259.117, 144
Trd, 000259.817, 156.0
Trd, 000259.983, 138.0
Trd, 000260.783, 148
Trd, 000260.983, 140
Trd, 000261.233, 145
Trd, 000261.417, 146
Trd, 000261.550, 148
Trd, 000262.133, 146
Trd, 000262.733, 150
Trd, 000263.033, 150.0
Trd, 000263.183, 149.0
Trd, 000263.550, 151.0
Trd, 000263.633, 154.0
Trd, 000264.033, 158.0
Trd, 000265.033, 153
Trd, 000265.083, 172
Trd, 000265.850, 151
Trd, 000266.517, 155
Trd, 000266.650, 154
Trd, 000267.533, 152
Trd, 000267.800, 158.0
Trd, 000268.900, 152
Trd, 000269.550, 153
Trd, 000269.567, 154
Trd, 000269.717, 153.0
Trd, 000270.117, 151.0
Trd, 000270.233, 152
Trd, 000270.717, 153
Trd, 000271.067, 151
Trd, 000271.633, 150
Trd, 000271.817, 151
Trd, 000272.283, 151
Trd, 000273.117, 152
Trd, 000273.750, 152
Trd, 000274.583, 151
Trd, 000274.700, 152
Trd, 000274.950, 155.0
Trd, 000275.633, 156.0
Trd, 000275.683, 158.0
Trd, 000276.233, 157
Trd, 000276.567, 157
Trd, 000277.933, 157
Trd, 000278.050, 153
Trd, 000278.633, 154
Trd, 000278.850, 155
Trd, 000279.100, 155.0
Trd, 000279.183, 154
Trd, 000279.283, 156.0
Trd, 000279.367, 157.0
Trd, 000280.200, 155
Trd, 000280.767, 157
Trd, 000281.017, 158.0
Trd, 000281.033, 154
Trd, 000281.517, 158
Trd, 000282.517, 153.0
Trd, 000283.150, 151.0
Trd, 000283.650, 157
Trd, 000283.950, 157
Trd, 000284.183, 155.0
Trd, 000284.533, 158
Trd, 000284.983, 154.0
Trd, 000285.350, 155
Trd, 000285.850, 154.0
Trd, 000286.000, 152
Trd, 000286.400, 158
Trd, 000286.950, 154
Trd, 000287.250, 157.0
Trd, 000287.833, 155.0
Trd, 000288.700, 155
Trd, 000288.717, 157.0
Trd, 000289.650, 154
Trd, 000289.683, 148.0
Trd, 000291.017, 154
Trd, 000291.483, 154
Trd, 000291.533, 152
Trd, 000292.083, 151.0
Trd, 000292.650, 154
Trd, 000293.133, 155
Trd, 000293.467, 151
Trd, 000293.500, 151.0
Trd, 000295.033, 154
Trd, 000295.317, 155
Trd, 000295.833, 156
Trd, 000295.883, 154
Trd, 000295.917, 153
Trd, 000296.000, 148.0
Trd, 000296.300, 158.0
Trd, 000296.767, 156.0
Trd, 000297.650, 156
Trd, 000297.767, 155.0
Trd, 000298.467, 155
Trd, 000298.650, 157
Trd, 000298.933, 161
Trd, 000299.150, 156
Trd, 000299.400, 154
Trd, 000299.833, 152
