Trd, 000002.450, 196.0
Trd, 000002.733, 177
Trd, 000002.917, 176
Trd, 000003.283, 158
Trd, 000003.950, 160
Trd, 000004.183, 128.0
Trd, 000004.467, 162
Trd, 000005.050, 162
Trd, 000005.083, 127.0
Trd, 000005.483, 168
Trd, 000006.067, 149
Trd, 000006.917, 157
Trd, 000006.983, 148
Trd, 000007.217, 157
Trd, 000007.733, 157
Trd, 000007.967, 158
Trd, 000008.250, 144.0
Trd, 000010.133, 156
Trd, 000010.933, 152
Trd, 000011.350, 153
Trd, 000012.450, 144.0
Trd, 000014.450, 146
Trd, 000015.367, 145
Trd, 000015.550, 144
Trd, 000016.000, 145
Trd, 000017.117, 142
Trd, 000017.833, 142
Trd, 000017.883, 143
Trd, 000017.950, 144
Trd, 000018.333, 145
Trd, 000020.050, 141
Trd, 000020.283, 142
Trd, 000020.417, 142
Trd, 000020.550, 157
Trd, 000020.817, 168.0
Trd, 000021.783, 155
Trd, 000022.500, 151
Trd, 000023.283, 164
Trd, 000023.350, 167
Trd, 000024.017, 157
Trd, 000024.517, 155
Trd, 000024.650, 158
Trd, 000024.917, 153
Trd, 000026.550, 157
Trd, 000027.717, 156
Trd, 000028.750, 154
Trd, 000028.967, 155
Trd, 000029.550, 152.0
Trd, 000031.050, 154.0
Trd, 000031.167, 153.0
Trd, 000031.450, 154
Trd, 000031.483, 155
Trd, 000032.450, 159
Trd, 000032.983, 156
Trd, 000034.100, 157
Trd, 000035.017, 155
Trd, 000035.600, 152
Trd, 000036.150, 151
Trd, 000036.217, 152
Trd, 000037.733, 150.0
Trd, 000037.850, 149.0
Trd, 000037.900, 144.0
Trd, 000039.033, 138
Trd, 000040.650, 133
Trd, 000040.700, 135
Trd, 000041.417, 134
Trd, 000041.650, 135
Trd, 000041.867, 137.0
Trd, 000042.500, 143
Trd, 000043.033, 159
Trd, 000043.150, 164
Trd, 000043.517, 166.0
Trd, 000044.317, 134.0
Trd, 000045.083, 145
Trd, 000045.983, 144
Trd, 000046.217, 144
Trd, 000046.783, 141
Trd, 000046.867, 144
Trd, 000048.333, 144
Trd, 000048.917, 141
Trd, 000048.950, 145
Trd, 000050.267, 146
Trd, 000050.617, 157
Trd, 000051.500, 147
Trd, 000052.650, 156
Trd, 000053.417, 157
Trd, 000054.217, 152
Trd, 000054.400, 156
Trd, 000055.500, 152
Trd, 000056.200, 150
Trd, 000056.833, 151
Trd, 000057.783, 150
Trd, 000058.717, 149
Trd, 000058.967, 148
Trd, 000059.783, 146
Trd, 000059.883, 151
Trd, 000060.333, 156
Trd, 000060.767, 152
Trd, 000061.350, 155
Trd, 000061.867, 156
Trd, 000062.833, 155
Trd, 000063.533, 153
Trd, 000063.700, 153
Trd, 000064.867, 154
Trd, 000065.450, 153
Trd, 000066.033, 148
Trd, 000066.283, 153
Trd, 000066.967, 151
Trd, 000068.050, 147
Trd, 000068.317, 152
Trd, 000069.233, 144.0
Trd, 000069.250, 145
Trd, 000069.733, 143
Trd, 000070.217, 138
Trd, 000071.467, 130.0
Trd, 000072.500, 137
Trd, 000073.217, 137
Trd, 000073.233, 137.0
Trd, 000073.750, 139
Trd, 000074.900, 136
Trd, 000075.467, 135
Trd, 000075.767, 136
Trd, 000076.317, 136
Trd, 000076.450, 137
Trd, 000076.950, 138
Trd, 000077.367, 138
Trd, 000077.617, 157
Trd, 000078.900, 139
Trd, 000078.983, 139
Trd, 000079.250, 141
Trd, 000079.900, 141
Trd, 000080.283, 140
Trd, 000080.433, 141
Trd, 000082.550, 151
Trd, 000082.733, 149
Trd, 000083.017, 144
Trd, 000083.083, 150
Trd, 000083.467, 148
Trd, 000084.350, 146
Trd, 000084.567, 146
Trd, 000085.133, 145
Trd, 000085.317, 146
Trd, 000085.867, 147
Trd, 000086.150, 146.0
Trd, 000086.233, 162
Trd, 000086.950, 151
Trd, 000088.483, 158
Trd, 000088.950, 161
Trd, 000090.167, 154
Trd, 000090.867, 151
Trd, 000091.517, 150
Trd, 000092.217, 149
Trd, 000093.267, 150
Trd, 000093.483, 150
Trd, 000094.350, 150
Trd, 000095.183, 148
Trd, 000095.450, 149.0
Trd, 000095.750, 147.0
Trd, 000097.117, 145
Trd, 000097.583, 148
Trd, 000097.883, 147
Trd, 000098.133, 147
Trd, 000099.133, 145.0
Trd, 000099.650, 146
Trd, 000101.183, 146
Trd, 000102.117, 147.0
Trd, 000102.233, 158
Trd, 000102.300, 161
Trd, 000102.950, 153
Trd, 000103.150, 153
Trd, 000103.850, 148
Trd, 000104.167, 148
Trd, 000104.367, 148
Trd, 000104.767, 146
Trd, 000105.850, 148
Trd, 000106.700, 145.0
Trd, 000108.150, 148
Trd, 000108.833, 146
Trd, 000108.917, 145.0
Trd, 000108.983, 147
Trd, 000109.000, 148
Trd, 000109.883, 144.0
Trd, 000110.517, 148
Trd, 000111.100, 147
Trd, 000111.417, 147
Trd, 000112.167, 147
Trd, 000112.517, 148
Trd, 000113.617, 147
Trd, 000113.733, 147
Trd, 000113.950, 148
Trd, 000114.883, 147
Trd, 000115.467, 146
Trd, 000115.767, 146
Trd, 000115.850, 144.0
Trd, 000116.017, 148
Trd, 000117.167, 146
Trd, 000118.700, 148
Trd, 000118.800, 162
Trd, 000119.550, 151
Trd, 000119.733, 154
Trd, 000119.800, 149
Trd, 000120.333, 150
Trd, 000121.033, 156
Trd, 000121.983, 154
Trd, 000123.083, 152
Trd, 000123.633, 149
Trd, 000124.150, 150
Trd, 000125.517, 148
Trd, 000125.883, 149
Trd, 000126.317, 147.0
Trd, 000127.383, 147
Trd, 000127.433, 148
Trd, 000128.317, 148
Trd, 000128.983, 147.0
Trd, 000129.450, 148
Trd, 000130.183, 148
Trd, 000130.750, 145
Trd, 000131.133, 125.0
Trd, 000131.217, 140
Trd, 000131.400, 140
Trd, 000131.767, 140
Trd, 000132.933, 141
Trd, 000134.000, 146
Trd, 000134.083, 148
Trd, 000134.667, 145
Trd, 000135.900, 139
Trd, 000136.750, 142
Trd, 000137.183, 143
Trd, 000137.433, 144
Trd, 000137.667, 142
Trd, 000138.617, 140
Trd, 000138.633, 141
Trd, 000138.700, 141
Trd, 000139.667, 139
Trd, 000140.483, 136
Trd, 000140.733, 137
Trd, 000140.800, 127.0
Trd, 000141.250, 139
Trd, 000142.300, 132
Trd, 000142.583, 127.0
Trd, 000142.817, 130
Trd, 000142.883, 131
Trd, 000143.217, 131
Trd, 000143.750, 134
Trd, 000145.517, 147.0
Trd, 000145.817, 147.0
Trd, 000146.167, 153
Trd, 000148.883, 152.0
Trd, 000149.050, 148.0
Trd, 000149.467, 153
Trd, 000149.617, 155
Trd, 000149.667, 155
Trd, 000150.767, 149
Trd, 000150.833, 152
Trd, 000151.800, 150
Trd, 000152.267, 150
Trd, 000152.600, 150
Trd, 000153.750, 149
Trd, 000153.817, 149
Trd, 000154.167, 150
Trd, 000155.150, 150
Trd, 000155.967, 158
Trd, 000156.650, 161
Trd, 000157.050, 155.0
Trd, 000157.600, 155
Trd, 000157.783, 144.0
Trd, 000160.517, 136
Trd, 000160.617, 137
Trd, 000160.983, 136
Trd, 000161.017, 136
Trd, 000161.383, 135
Trd, 000161.417, 135
Trd, 000162.433, 136
Trd, 000162.567, 129.0
Trd, 000163.483, 157
Trd, 000163.633, 159
Trd, 000164.667, 144.0
Trd, 000165.767, 156
Trd, 000166.267, 156
Trd, 000166.333, 159
Trd, 000166.433, 159
Trd, 000167.233, 165.0
Trd, 000167.650, 165.0
Trd, 000169.167, 155
Trd, 000169.667, 154
Trd, 000169.883, 149
Trd, 000170.850, 146
Trd, 000171.550, 151
Trd, 000171.700, 152
Trd, 000172.600, 146.0
Trd, 000173.083, 142
Trd, 000173.400, 144.0
Trd, 000174.033, 143
Trd, 000174.383, 142
Trd, 000174.450, 143
Trd, 000176.233, 135.0
Trd, 000176.400, 136
Trd, 000177.117, 135.0
Trd, 000177.333, 136
Trd, 000178.717, 133
Trd, 000179.117, 132
Trd, 000180.500, 132
Trd, 000180.683, 133
Trd, 000180.917, 133
Trd, 000181.267, 135.0
Trd, 000182.167, 135.0
Trd, 000182.617, 136.0
Trd, 000182.917, 137.0
Trd, 000183.100, 137.0
Trd, 000183.117, 138
Trd, 000184.583, 138
Trd, 000184.850, 137
Trd, 000185.100, 138
Trd, 000185.317, 158
Trd, 000185.350, 159
Trd, 000185.850, 136
Trd, 000187.133, 168.0
Trd, 000188.400, 144.0
Trd, 000188.517, 146
Trd, 000189.083, 146
Trd, 000189.450, 147
Trd, 000190.033, 147
Trd, 000190.150, 148
Trd, 000190.717, 147
Trd, 000191.017, 146
Trd, 000191.450, 145
Trd, 000192.217, 148
Trd, 000192.267, 160
Trd, 000192.767, 154
Trd, 000193.450, 150
Trd, 000194.050, 152
Trd, 000195.750, 148
Trd, 000195.950, 151
Trd, 000197.350, 150
Trd, 000197.700, 151
Trd, 000198.450, 152
Trd, 000199.583, 152
Trd, 000200.133, 152
Trd, 000200.350, 147
Trd, 000201.467, 153
Trd, 000202.433, 151
Trd, 000202.783, 155
Trd, 000202.917, 147
Trd, 000204.450, 150.0
Trd, 000204.950, 150
Trd, 000205.117, 151
Trd, 000205.550, 151
Trd, 000206.183, 146.0
Trd, 000206.400, 145.0
Trd, 000206.767, 149
Trd, 000208.100, 124.0
Trd, 000209.050, 145.0
Trd, 000209.383, 146
Trd, 000209.700, 148
Trd, 000210.467, 144.0
Trd, 000211.450, 144
Trd, 000211.933, 145
Trd, 000213.483, 143
Trd, 000213.517, 141
Trd, 000213.950, 142
Trd, 000214.200, 143
Trd, 000214.750, 143
Trd, 000215.400, 171
Trd, 000215.600, 171.0
Trd, 000216.400, 160
Trd, 000216.467, 169.0
Trd, 000217.833, 162
Trd, 000217.950, 163
Trd, 000218.417, 162
Trd, 000218.800, 162
Trd, 000219.833, 162
Trd, 000220.683, 158
Trd, 000221.150, 158
Trd, 000221.517, 158
Trd, 000221.967, 159
Trd, 000222.367, 159
Trd, 000222.667, 158
Trd, 000223.550, 150
Trd, 000224.583, 150
Trd, 000224.817, 148.0
Trd, 000224.900, 149
Trd, 000225.033, 151
Trd, 000225.517, 149
Trd, 000225.967, 144.0
Trd, 000226.933, 145
Trd, 000227.333, 149
Trd, 000228.033, 148
Trd, 000228.983, 144
Trd, 000231.350, 142
Trd, 000231.367, 139
Trd, 000231.550, 141
Trd, 000232.017, 141
Trd, 000232.183, 158
Trd, 000233.000, 144
Trd, 000233.467, 143
Trd, 000234.100, 142
Trd, 000235.400, 143
Trd, 000235.517, 143
Trd, 000235.817, 141
Trd, 000236.117, 142
Trd, 000236.750, 143
Trd, 000238.217, 127.0
Trd, 000238.383, 159
Trd, 000239.683, 146
Trd, 000239.983, 145.0
Trd, 000240.117, 145.0
Trd, 000240.200, 144.0
Trd, 000240.317, 143
Trd, 000240.633, 144
Trd, 000241.033, 147
Trd, 000241.200, 158
Trd, 000241.217, 159
Trd, 000241.783, 159
Trd, 000242.633, 153
Trd, 000243.117, 152
Trd, 000243.667, 148.0
Trd, 000244.067, 149
Trd, 000244.217, 151
Trd, 000244.533, 151
Trd, 000245.100, 151
Trd, 000245.467, 151
Trd, 000245.733, 158
Trd, 000246.133, 166.0
Trd, 000246.500, 151
Trd, 000246.933, 152
Trd, 000248.217, 154
Trd, 000249.217, 155
Trd, 000249.367, 155
Trd, 000250.033, 159.0
Trd, 000250.083, 162.0
Trd, 000250.100, 158
Trd, 000250.767, 164
Trd, 000251.333, 161
Trd, 000251.667, 160
Trd, 000252.717, 160
Trd, 000253.267, 161
Trd, 000253.600, 159
Trd, 000255.633, 159
Trd, 000255.717, 159
Trd, 000255.867, 158.0
Trd, 000256.467, 157
Trd, 000256.600, 153.0
Trd, 000257.000, 156
Trd, 000258.083, 154
Trd, 000258.717, 153
Trd, 000259.433, 154
Trd, 000259.883, 154.0
Trd, 000260.100, 155
Trd, 000260.600, 155
Trd, 000260.883, 154.0
Trd, 000261.117, 157
Trd, 000261.700, 156
Trd, 000261.850, 156.0
Trd, 000262.200, 157
Trd, 000262.267, 158
Trd, 000262.900, 156.0
Trd, 000263.100, 155.0
Trd, 000263.567, 154
Trd, 000264.383, 159
Trd, 000264.633, 148.0
Trd, 000265.067, 158
Trd, 000265.567, 158
Trd, 000266.700, 154
Trd, 000266.983, 156
Trd, 000267.067, 153.0
Trd, 000267.967, 149.0
Trd, 000268.633, 155
Trd, 000268.983, 150
Trd, 000269.383, 147
Trd, 000269.517, 151
Trd, 000269.950, 151.0
Trd, 000270.550, 150
Trd, 000270.783, 149
Trd, 000270.983, 149
Trd, 000271.483, 149
Trd, 000271.583, 150
Trd, 000271.850, 153
Trd, 000272.733, 157.0
Trd, 000273.350, 158
Trd, 000273.433, 154
Trd, 000273.833, 161
Trd, 000273.850, 165.0
Trd, 000274.050, 151.0
Trd, 000276.267, 157
Trd, 000276.467, 158
Trd, 000276.550, 154
Trd, 000277.217, 154
Trd, 000277.517, 154
Trd, 000277.767, 154
Trd, 000277.783, 151
Trd, 000277.833, 155
Trd, 000277.950, 156
Trd, 000277.967, 161
Trd, 000278.950, 152.0
Trd, 000279.450, 155.0
Trd, 000280.967, 156
Trd, 000281.617, 155
Trd, 000282.067, 154
Trd, 000282.183, 156
Trd, 000282.517, 154
Trd, 000282.700, 156
Trd, 000282.817, 152.0
Trd, 000283.800, 156
Trd, 000284.100, 158
Trd, 000284.250, 160
Trd, 000284.950, 157
Trd, 000285.283, 158
Trd, 000286.083, 152.0
Trd, 000286.667, 158
Trd, 000286.800, 152
Trd, 000287.517, 152.0
Trd, 000287.533, 151.0
Trd, 000288.400, 148.0
Trd, 000288.417, 155
Trd, 000289.283, 153
Trd, 000289.650, 153
Trd, 000289.900, 153
Trd, 000290.333, 157
Trd, 000291.233, 151
Trd, 000291.383, 149
Trd, 000292.483, 152
Trd, 000292.667, 153
Trd, 000292.950, 153
Trd, 000293.200, 153
Trd, 000293.233, 151.0
Trd, 000293.600, 154
Trd, 000293.867, 151.0
Trd, 000295.683, 153
Trd, 000296.183, 153
Trd, 000296.433, 158
Trd, 000297.717, 154
Trd, 000297.833, 154
Trd, 000298.033, 154
Trd, 000298.467, 154
Trd, 000298.917, 154
Trd, 000298.983, 155
Trd, 000299.817, 153
