Trd, 000001.717, 166
Trd, 000002.983, 138.0
Trd, 000003.867, 138.0
Trd, 000004.150, 137.0
Trd, 000004.633, 138.0
Trd, 000005.167, 138.0
Trd, 000005.283, 141.0
Trd, 000005.667, 146
Trd, 000006.267, 141.0
Trd, 000006.417, 140
Trd, 000006.517, 142
Trd, 000007.117, 152
Trd, 000008.283, 145
Trd, 000008.450, 146
Trd, 000008.767, 151.0
Trd, 000009.250, 148
Trd, 000009.950, 149
Trd, 000009.983, 147
Trd, 000011.833, 149
Trd, 000011.950, 148
Trd, 000012.517, 147
Trd, 000013.167, 148
Trd, 000013.750, 148
Trd, 000014.583, 147
Trd, 000014.967, 147
Trd, 000015.100, 147
Trd, 000015.633, 147
Trd, 000015.650, 145
Trd, 000015.983, 148
Trd, 000016.900, 144.0
Trd, 000017.133, 148
Trd, 000018.233, 153
Trd, 000019.700, 153
Trd, 000019.933, 151
Trd, 000020.633, 149
Trd, 000020.667, 149
Trd, 000020.967, 149
Trd, 000021.333, 150
Trd, 000021.650, 151
Trd, 000022.567, 152.0
Trd, 000022.617, 151.0
Trd, 000022.950, 154
Trd, 000023.400, 154
Trd, 000024.117, 151
Trd, 000025.933, 152
Trd, 000026.200, 151
Trd, 000028.267, 152
Trd, 000028.783, 153
Trd, 000029.050, 152.0
Trd, 000029.833, 151.0
Trd, 000030.200, 151
Trd, 000030.833, 154
Trd, 000031.350, 152
Trd, 000031.533, 150
Trd, 000031.633, 144.0
Trd, 000032.917, 153
Trd, 000033.383, 154
Trd, 000034.050, 151
Trd, 000034.417, 151.0
Trd, 000035.200, 153
Trd, 000035.567, 151
Trd, 000035.800, 152
Trd, 000037.117, 151
Trd, 000037.183, 152
Trd, 000037.450, 150
Trd, 000038.383, 151
Trd, 000039.300, 152
Trd, 000039.350, 154
Trd, 000040.117, 155
Trd, 000040.200, 154
Trd, 000040.283, 152
Trd, 000040.350, 158
Trd, 000041.350, 160
Trd, 000042.150, 171.0
Trd, 000042.800, 161
Trd, 000042.867, 161
Trd, 000043.517, 160
Trd, 000044.267, 159
Trd, 000045.517, 152.0
Trd, 000045.650, 160
Trd, 000045.683, 151.0
Trd, 000046.767, 160
Trd, 000046.883, 154
Trd, 000047.033, 146
Trd, 000048.850, 154
Trd, 000050.367, 154
Trd, 000050.600, 155
Trd, 000050.750, 153
Trd, 000051.317, 153
Trd, 000052.333, 152
Trd, 000052.617, 154
Trd, 000053.000, 144
Trd, 000053.900, 152
Trd, 000054.567, 154.0
Trd, 000054.733, 154.0
Trd, 000055.083, 151.0
Trd, 000056.000, 144.0
Trd, 000056.200, 152
Trd, 000056.750, 152
Trd, 000057.067, 155
Trd, 000057.267, 163
Trd, 000057.867, 158
Trd, 000058.567, 153
Trd, 000059.317, 159
Trd, 000060.317, 154
Trd, 000060.600, 153.0
Trd, 000060.683, 152.0
Trd, 000060.950, 152
Trd, 000061.617, 154
Trd, 000061.900, 151.0
Trd, 000062.667, 147
Trd, 000063.467, 154
Trd, 000063.533, 144.0
Trd, 000064.167, 154
Trd, 000064.600, 152.0
Trd, 000065.717, 151.0
Trd, 000066.633, 154
Trd, 000067.200, 152.0
Trd, 000067.483, 152.0
Trd, 000067.500, 151.0
Trd, 000068.200, 151
Trd, 000068.483, 150
Trd, 000068.700, 144.0
Trd, 000069.117, 153
Trd, 000069.350, 154
Trd, 000070.833, 146
Trd, 000072.667, 155
Trd, 000072.950, 156
Trd, 000073.650, 151.0
Trd, 000074.833, 152
Trd, 000074.950, 150
Trd, 000075.617, 152
Trd, 000076.083, 151
Trd, 000076.283, 152
Trd, 000076.500, 151
Trd, 000078.683, 144.0
Trd, 000079.117, 145
Trd, 000079.383, 144
Trd, 000079.600, 144.0
Trd, 000080.017, 141.0
Trd, 000080.850, 144
Trd, 000081.100, 144
Trd, 000081.133, 145
Trd, 000081.783, 146
Trd, 000082.867, 152
Trd, 000083.000, 145
Trd, 000083.067, 151.0
Trd, 000083.283, 155
Trd, 000083.617, 155
Trd, 000083.850, 145
Trd, 000085.550, 149
Trd, 000086.817, 155
Trd, 000086.933, 156
Trd, 000086.967, 149
Trd, 000087.483, 157
Trd, 000088.017, 143
Trd, 000089.267, 152.0
Trd, 000089.333, 151.0
Trd, 000089.750, 152
Trd, 000090.317, 145.0
Trd, 000090.700, 144.0
Trd, 000090.850, 148
Trd, 000091.150, 150
Trd, 000091.667, 147
Trd, 000092.367, 146
Trd, 000092.433, 144
Trd, 000093.083, 147
Trd, 000093.217, 147
Trd, 000094.200, 156
Trd, 000095.250, 156
Trd, 000096.150, 155
Trd, 000097.567, 153
Trd, 000098.533, 153
Trd, 000098.567, 152
Trd, 000099.367, 151
Trd, 000099.717, 151
Trd, 000100.133, 154
Trd, 000100.400, 154
Trd, 000102.100, 154.0
Trd, 000103.017, 154
Trd, 000103.333, 155
Trd, 000104.200, 153
Trd, 000104.900, 155
Trd, 000105.017, 152.0
Trd, 000105.500, 151
Trd, 000105.517, 151.0
Trd, 000106.250, 148
Trd, 000106.617, 147
Trd, 000107.683, 152.0
Trd, 000107.867, 153
Trd, 000108.617, 152.0
Trd, 000109.133, 151.0
Trd, 000109.517, 144.0
Trd, 000110.033, 148
Trd, 000110.183, 146
Trd, 000111.517, 146
Trd, 000111.667, 147
Trd, 000112.200, 144
Trd, 000112.333, 147
Trd, 000113.533, 145
Trd, 000113.717, 143
Trd, 000113.750, 146
Trd, 000114.300, 146
Trd, 000114.967, 141
Trd, 000115.333, 145
Trd, 000115.533, 144
Trd, 000115.967, 144
Trd, 000116.250, 144.0
Trd, 000117.200, 154
Trd, 000117.650, 151
Trd, 000118.033, 151
Trd, 000119.067, 151
Trd, 000119.433, 152
Trd, 000119.500, 150
Trd, 000120.767, 152
Trd, 000121.350, 151.0
Trd, 000122.083, 145.0
Trd, 000122.100, 144.0
Trd, 000122.700, 148
Trd, 000123.217, 144.0
Trd, 000123.350, 151
Trd, 000124.100, 141.0
Trd, 000125.817, 147
Trd, 000126.000, 147
Trd, 000126.367, 147
Trd, 000127.467, 153
Trd, 000128.067, 150
Trd, 000129.817, 148
Trd, 000130.117, 147
Trd, 000130.583, 147
Trd, 000131.033, 147
Trd, 000131.383, 146
Trd, 000131.700, 146
Trd, 000132.417, 150
Trd, 000133.467, 150.0
Trd, 000134.917, 153.0
Trd, 000135.133, 151.0
Trd, 000135.367, 151
Trd, 000135.583, 153
Trd, 000135.883, 150
Trd, 000136.500, 151.0
Trd, 000136.600, 147
Trd, 000137.317, 151
Trd, 000137.567, 148
Trd, 000138.167, 146
Trd, 000138.183, 144.0
Trd, 000138.383, 147
Trd, 000139.400, 146
Trd, 000140.383, 146
Trd, 000141.150, 147
Trd, 000142.750, 154
Trd, 000143.200, 151.0
Trd, 000143.500, 150.0
Trd, 000143.617, 149.0
Trd, 000144.017, 148
Trd, 000144.467, 147
Trd, 000144.950, 144.0
Trd, 000145.633, 145
Trd, 000145.917, 141.0
Trd, 000146.300, 155
Trd, 000146.667, 158
Trd, 000147.567, 149
Trd, 000148.633, 148
Trd, 000148.800, 150
Trd, 000149.433, 151
Trd, 000150.483, 149.0
Trd, 000150.917, 150
Trd, 000151.383, 148
Trd, 000151.600, 144.0
Trd, 000152.633, 142
Trd, 000153.567, 142
Trd, 000154.750, 144
Trd, 000155.100, 142.0
Trd, 000155.650, 144.0
Trd, 000155.700, 159
Trd, 000156.167, 158
Trd, 000156.283, 157
Trd, 000156.567, 157
Trd, 000158.617, 152
Trd, 000159.500, 147
Trd, 000159.867, 148
Trd, 000159.933, 150
Trd, 000160.217, 142.0
Trd, 000160.917, 148
Trd, 000161.133, 150
Trd, 000161.283, 144.0
Trd, 000162.683, 141.0
Trd, 000163.300, 148
Trd, 000163.400, 150
Trd, 000164.600, 153
Trd, 000165.583, 153
Trd, 000166.933, 152
Trd, 000167.200, 152
Trd, 000167.300, 151.0
Trd, 000167.550, 150
Trd, 000167.783, 148
Trd, 000168.000, 149
Trd, 000168.283, 147.0
Trd, 000169.183, 155
Trd, 000170.517, 148.0
Trd, 000171.417, 148
Trd, 000171.767, 150
Trd, 000171.900, 150
Trd, 000171.983, 149
Trd, 000172.717, 148
Trd, 000172.833, 148
Trd, 000173.450, 143
Trd, 000174.200, 146
Trd, 000175.650, 145
Trd, 000175.833, 153
Trd, 000177.367, 149
Trd, 000177.383, 155
Trd, 000178.233, 157
Trd, 000178.783, 152.0
Trd, 000179.583, 152.0
Trd, 000179.800, 152
Trd, 000180.650, 151.0
Trd, 000181.100, 150
Trd, 000181.800, 151
Trd, 000182.417, 149
Trd, 000182.800, 148
Trd, 000182.983, 145
Trd, 000183.317, 144.0
Trd, 000183.600, 167
Trd, 000183.650, 142
Trd, 000184.250, 173
Trd, 000184.500, 152.0
Trd, 000185.800, 158
Trd, 000185.850, 153
Trd, 000186.317, 153
Trd, 000188.933, 154
Trd, 000189.250, 152
Trd, 000189.783, 151.0
Trd, 000190.133, 152
Trd, 000190.167, 153
Trd, 000190.633, 155
Trd, 000191.000, 157
Trd, 000191.867, 153.0
Trd, 000192.150, 153
Trd, 000192.900, 154.0
Trd, 000193.900, 154
Trd, 000194.983, 155
Trd, 000195.333, 154
Trd, 000195.617, 153
Trd, 000196.017, 151.0
Trd, 000196.550, 154
Trd, 000197.517, 154
Trd, 000198.783, 153
Trd, 000199.867, 155
Trd, 000201.117, 152
Trd, 000201.567, 154
Trd, 000202.100, 151.0
Trd, 000202.167, 149
Trd, 000202.600, 153
Trd, 000203.117, 151
Trd, 000203.600, 152
Trd, 000203.883, 152
Trd, 000204.550, 150
Trd, 000204.783, 148
Trd, 000206.117, 151
Trd, 000206.567, 151
Trd, 000207.350, 151
Trd, 000207.367, 149
Trd, 000208.067, 151
Trd, 000208.433, 152
Trd, 000210.333, 149
Trd, 000210.450, 149
Trd, 000210.933, 150
Trd, 000211.550, 149
Trd, 000211.567, 147
Trd, 000211.583, 141.0
Trd, 000212.133, 149
Trd, 000213.333, 145
Trd, 000214.433, 145
Trd, 000214.783, 146
Trd, 000215.400, 145
Trd, 000215.550, 144.0
Trd, 000215.883, 145
Trd, 000218.250, 147
Trd, 000219.017, 148
Trd, 000219.800, 152
Trd, 000220.400, 148
Trd, 000220.500, 147
Trd, 000220.883, 151
Trd, 000221.500, 149
Trd, 000221.783, 150
Trd, 000222.533, 149
Trd, 000223.150, 148
Trd, 000224.100, 145.0
Trd, 000224.200, 144.0
Trd, 000224.967, 146
Trd, 000225.383, 146
Trd, 000225.433, 142.0
Trd, 000225.883, 141.0
Trd, 000226.950, 144
Trd, 000227.617, 143
Trd, 000227.733, 141
Trd, 000228.583, 142
Trd, 000229.283, 143
Trd, 000229.500, 144
Trd, 000230.100, 143
Trd, 000230.517, 155
Trd, 000232.367, 153
Trd, 000232.517, 153.0
Trd, 000233.783, 158
Trd, 000234.800, 154
Trd, 000234.933, 155
Trd, 000235.167, 153
Trd, 000235.650, 152.0
Trd, 000236.883, 152
Trd, 000236.933, 151.0
Trd, 000237.117, 141.0
Trd, 000237.750, 138.0
Trd, 000238.583, 145
Trd, 000238.933, 147
Trd, 000239.250, 146
Trd, 000239.333, 147
Trd, 000240.600, 149
Trd, 000240.683, 147
Trd, 000240.867, 146.0
Trd, 000241.200, 145.0
Trd, 000241.517, 144.0
Trd, 000242.067, 147.0
Trd, 000242.433, 148.0
Trd, 000242.733, 144.0
Trd, 000243.133, 147
Trd, 000243.800, 149
Trd, 000243.917, 149
Trd, 000244.000, 147
Trd, 000244.150, 146
Trd, 000244.267, 147.0
Trd, 000245.900, 146.0
Trd, 000246.600, 142.0
Trd, 000247.200, 145.0
Trd, 000247.433, 145
Trd, 000248.167, 142
Trd, 000248.283, 146.0
Trd, 000248.333, 141.0
Trd, 000248.617, 145.0
Trd, 000248.883, 139
Trd, 000249.617, 145
Trd, 000250.067, 145.0
Trd, 000250.317, 145.0
Trd, 000250.600, 146.0
Trd, 000251.800, 145
Trd, 000252.050, 147
Trd, 000252.083, 148.0
Trd, 000253.333, 148.0
Trd, 000253.483, 144.0
Trd, 000253.733, 141.0
Trd, 000254.017, 146
Trd, 000255.617, 143.0
Trd, 000256.000, 144.0
Trd, 000256.383, 143.0
Trd, 000256.483, 143.0
Trd, 000256.883, 141.0
Trd, 000257.050, 143
Trd, 000257.400, 144
Trd, 000257.800, 143
Trd, 000257.850, 140
Trd, 000258.350, 137.0
Trd, 000258.633, 141.0
Trd, 000259.817, 148.0
Trd, 000260.517, 151.0
Trd, 000260.867, 151.0
Trd, 000261.233, 155
Trd, 000261.467, 158
Trd, 000262.217, 162.0
Trd, 000262.767, 160
Trd, 000262.833, 158.0
Trd, 000263.717, 158
Trd, 000263.750, 157
Trd, 000264.100, 149
Trd, 000264.383, 151.0
Trd, 000265.167, 153
Trd, 000265.433, 152.0
Trd, 000265.450, 151.0
Trd, 000265.567, 154
Trd, 000266.233, 152
Trd, 000266.367, 154
Trd, 000266.933, 147
Trd, 000267.033, 147.0
Trd, 000267.467, 147
Trd, 000267.617, 146
Trd, 000268.250, 138.0
Trd, 000268.300, 147
Trd, 000268.583, 144
Trd, 000268.633, 137.0
Trd, 000269.517, 141
Trd, 000270.133, 141
Trd, 000270.383, 141
Trd, 000270.750, 141
Trd, 000271.067, 141
Trd, 000271.217, 144
Trd, 000271.567, 144
Trd, 000272.167, 150.0
Trd, 000272.217, 148.0
Trd, 000272.317, 151.0
Trd, 000273.767, 153
Trd, 000274.100, 150
Trd, 000275.217, 158
Trd, 000275.767, 155
Trd, 000275.817, 153.0
Trd, 000275.867, 149
Trd, 000276.167, 143
Trd, 000276.333, 156
Trd, 000276.783, 152
Trd, 000277.150, 155.0
Trd, 000277.183, 157
Trd, 000277.567, 142.0
Trd, 000277.583, 141.0
Trd, 000277.800, 151.0
Trd, 000278.083, 151.0
Trd, 000278.300, 151
Trd, 000279.067, 150
Trd, 000280.233, 148
Trd, 000280.850, 148
Trd, 000280.917, 149
Trd, 000281.183, 148
Trd, 000281.500, 147
Trd, 000281.650, 144.0
Trd, 000282.617, 147
Trd, 000282.633, 148
Trd, 000283.033, 143
Trd, 000283.550, 148.0
Trd, 000284.017, 145
Trd, 000284.300, 151.0
Trd, 000285.117, 144.0
Trd, 000285.400, 148
Trd, 000285.467, 141.0
Trd, 000285.750, 149
Trd, 000286.117, 152.0
Trd, 000286.217, 152.0
Trd, 000286.717, 152.0
Trd, 000287.183, 151.0
Trd, 000287.267, 145
Trd, 000287.383, 149.0
Trd, 000288.467, 151.0
Trd, 000289.150, 148
Trd, 000289.833, 146
Trd, 000290.033, 146
Trd, 000290.100, 147
Trd, 000290.250, 144.0
Trd, 000291.067, 146
Trd, 000291.133, 147
Trd, 000291.417, 148.0
Trd, 000291.583, 145
Trd, 000291.733, 149
Trd, 000292.217, 155
Trd, 000292.600, 154.0
Trd, 000293.600, 154.0
Trd, 000293.967, 151.0
Trd, 000294.083, 157
Trd, 000294.217, 165.0
Trd, 000294.417, 152
Trd, 000294.483, 144.0
Trd, 000295.067, 147
Trd, 000295.317, 142.0
Trd, 000296.150, 154
Trd, 000296.900, 142.0
Trd, 000297.283, 147.0
Trd, 000297.850, 148
Trd, 000298.267, 148.0
Trd, 000298.600, 145
Trd, 000298.983, 144
Trd, 000299.433, 144
Trd, 000299.483, 149
