Trd, 000002.033, 143
Trd, 000004.433, 154
Trd, 000004.833, 165.0
Trd, 000005.083, 161
Trd, 000005.183, 160.0
Trd, 000005.233, 159
Trd, 000005.567, 157
Trd, 000005.867, 158.0
Trd, 000006.050, 153
Trd, 000006.200, 159.0
Trd, 000007.600, 152.0
Trd, 000008.117, 149.0
Trd, 000008.383, 155
Trd, 000008.650, 155
Trd, 000009.467, 150.0
Trd, 000009.933, 150
Trd, 000010.033, 154
Trd, 000010.467, 148.0
Trd, 000011.217, 154
Trd, 000011.567, 150
Trd, 000012.467, 149
Trd, 000013.117, 149
Trd, 000013.467, 148
Trd, 000013.917, 148
Trd, 000014.617, 149
Trd, 000014.700, 149
Trd, 000015.067, 151.0
Trd, 000015.200, 152
Trd, 000015.283, 148.0
Trd, 000016.117, 149
Trd, 000016.783, 155
Trd, 000017.217, 147.0
Trd, 000018.333, 150
Trd, 000018.583, 152
Trd, 000018.767, 149.0
Trd, 000019.433, 150
Trd, 000019.883, 150
Trd, 000021.183, 150
Trd, 000021.517, 148.0
Trd, 000021.867, 150
Trd, 000022.317, 149
Trd, 000022.767, 155
Trd, 000024.117, 151
Trd, 000024.600, 150
Trd, 000024.633, 152
Trd, 000025.383, 150
Trd, 000025.600, 150
Trd, 000025.883, 150
Trd, 000026.217, 149
Trd, 000026.233, 148.0
Trd, 000026.650, 149
Trd, 000027.750, 147
Trd, 000027.817, 148
Trd, 000027.833, 151
Trd, 000028.217, 146.0
Trd, 000028.617, 147
Trd, 000029.117, 146
Trd, 000029.367, 147
Trd, 000029.750, 155
Trd, 000030.633, 151
Trd, 000031.117, 151.0
Trd, 000031.817, 158.0
Trd, 000033.467, 154
Trd, 000033.483, 158.0
Trd, 000034.233, 155.0
Trd, 000034.267, 155
Trd, 000034.567, 154
Trd, 000034.967, 154
Trd, 000036.817, 154
Trd, 000037.167, 153
Trd, 000037.233, 153
Trd, 000037.467, 156
Trd, 000038.367, 155
Trd, 000038.583, 155
Trd, 000038.967, 155
Trd, 000039.250, 152
Trd, 000039.517, 154
Trd, 000039.633, 155
Trd, 000040.983, 153
Trd, 000042.567, 149.0
Trd, 000043.033, 149.0
Trd, 000043.200, 150
Trd, 000043.600, 148.0
Trd, 000043.967, 149
Trd, 000044.583, 150
Trd, 000044.617, 149
Trd, 000045.667, 150
Trd, 000046.300, 148
Trd, 000047.500, 149
Trd, 000047.717, 148
Trd, 000048.350, 151
Trd, 000048.417, 150
Trd, 000048.600, 148
Trd, 000048.767, 155
Trd, 000049.267, 151
Trd, 000050.283, 152
Trd, 000050.583, 152
Trd, 000050.633, 153
Trd, 000051.067, 153.0
Trd, 000051.183, 152
Trd, 000051.683, 152
Trd, 000051.700, 150
Trd, 000052.233, 153
Trd, 000052.833, 152
Trd, 000052.950, 149
Trd, 000053.117, 152
Trd, 000053.717, 150
Trd, 000054.183, 153
Trd, 000054.533, 151
Trd, 000055.100, 152
Trd, 000055.417, 151
Trd, 000056.167, 151
Trd, 000056.933, 152
Trd, 000057.067, 153
Trd, 000057.117, 155
Trd, 000057.150, 158.0
Trd, 000057.767, 155
Trd, 000058.017, 152
Trd, 000059.750, 151
Trd, 000059.800, 155
Trd, 000060.533, 155
Trd, 000060.767, 156
Trd, 000061.317, 155
Trd, 000061.717, 155
Trd, 000063.667, 152
Trd, 000064.250, 152
Trd, 000064.900, 150
Trd, 000065.983, 150
Trd, 000066.133, 149
Trd, 000066.167, 149
Trd, 000066.717, 150
Trd, 000066.867, 150
Trd, 000067.167, 149.0
Trd, 000067.583, 148.0
Trd, 000068.567, 147
Trd, 000069.000, 146
Trd, 000069.483, 148
Trd, 000070.000, 142
Trd, 000070.150, 149
Trd, 000072.167, 151
Trd, 000072.433, 152
Trd, 000072.983, 151
Trd, 000073.067, 150
Trd, 000073.317, 150
Trd, 000073.617, 153
Trd, 000073.683, 154
Trd, 000074.367, 153
Trd, 000074.633, 150
Trd, 000075.167, 149
Trd, 000076.800, 149
Trd, 000077.483, 149
Trd, 000078.183, 149
Trd, 000078.567, 150
Trd, 000078.700, 155
Trd, 000078.750, 148
Trd, 000079.567, 152
Trd, 000079.733, 149.0
Trd, 000080.417, 148
Trd, 000080.600, 148
Trd, 000081.067, 148
Trd, 000081.667, 148.0
Trd, 000082.450, 147
Trd, 000082.767, 147
Trd, 000083.483, 148.0
Trd, 000083.650, 147
Trd, 000083.667, 144.0
Trd, 000084.600, 147
Trd, 000084.633, 148
Trd, 000085.683, 147
Trd, 000086.150, 147
Trd, 000086.217, 148
Trd, 000086.650, 151
Trd, 000087.567, 149
Trd, 000088.000, 150
Trd, 000088.300, 151
Trd, 000088.750, 151
Trd, 000089.200, 150
Trd, 000090.217, 151
Trd, 000090.250, 150
Trd, 000090.433, 150
Trd, 000091.133, 150
Trd, 000091.433, 150
Trd, 000091.783, 158.0
Trd, 000092.717, 154
Trd, 000093.150, 153
Trd, 000093.533, 152
Trd, 000093.667, 154
Trd, 000094.917, 155
Trd, 000094.983, 155.0
Trd, 000095.233, 156
Trd, 000095.350, 151
Trd, 000095.633, 150
Trd, 000096.400, 153
Trd, 000096.850, 150
Trd, 000097.350, 155
Trd, 000097.700, 157
Trd, 000097.833, 153
Trd, 000099.833, 155
Trd, 000100.833, 155
Trd, 000100.867, 154
Trd, 000101.717, 153
Trd, 000102.200, 154
Trd, 000102.650, 153
Trd, 000102.817, 153
Trd, 000102.850, 156
Trd, 000103.067, 158.0
Trd, 000103.367, 148.0
Trd, 000104.417, 160.0
Trd, 000106.150, 152
Trd, 000106.433, 153
Trd, 000107.817, 152
Trd, 000108.000, 151
Trd, 000108.133, 153
Trd, 000108.417, 151
Trd, 000109.167, 150
Trd, 000109.350, 151
Trd, 000109.850, 151
Trd, 000109.967, 151
Trd, 000110.100, 150
Trd, 000110.467, 151
Trd, 000111.033, 150
Trd, 000111.650, 153.0
Trd, 000112.050, 149
Trd, 000113.583, 152
Trd, 000114.067, 153
Trd, 000114.433, 153
Trd, 000114.867, 150
Trd, 000115.183, 153
Trd, 000115.567, 150
Trd, 000115.617, 155
Trd, 000115.650, 158.0
Trd, 000116.300, 161.0
Trd, 000117.633, 155
Trd, 000118.333, 154
Trd, 000118.567, 156
Trd, 000118.667, 158.0
Trd, 000120.117, 156
Trd, 000121.500, 152
Trd, 000121.833, 150
Trd, 000122.050, 150
Trd, 000122.700, 155
Trd, 000122.917, 156
Trd, 000123.433, 154
Trd, 000124.250, 154
Trd, 000124.833, 155
Trd, 000124.900, 153
Trd, 000125.033, 152
Trd, 000125.633, 158.0
Trd, 000125.933, 151
Trd, 000126.683, 156
Trd, 000126.733, 155.0
Trd, 000126.950, 157
Trd, 000128.083, 158
Trd, 000128.100, 158.0
Trd, 000128.483, 156.0
Trd, 000129.250, 154
Trd, 000129.267, 156
Trd, 000129.433, 158
Trd, 000129.917, 154
Trd, 000130.617, 155
Trd, 000131.900, 154
Trd, 000132.917, 154
Trd, 000133.350, 153
Trd, 000133.383, 162.0
Trd, 000133.750, 156
Trd, 000133.800, 160
Trd, 000136.017, 158
Trd, 000136.050, 157
Trd, 000136.883, 157
Trd, 000138.033, 155
Trd, 000138.283, 158
Trd, 000138.617, 157.0
Trd, 000139.217, 156
Trd, 000140.050, 156
Trd, 000140.400, 157
Trd, 000141.100, 157
Trd, 000141.183, 157
Trd, 000141.867, 155.0
Trd, 000142.217, 155
Trd, 000142.750, 155
Trd, 000143.183, 153
Trd, 000143.600, 154
Trd, 000144.033, 152
Trd, 000144.500, 149.0
Trd, 000145.600, 151.0
Trd, 000146.000, 153
Trd, 000146.483, 152
Trd, 000147.033, 155
Trd, 000147.900, 155
Trd, 000148.400, 155.0
Trd, 000149.233, 153
Trd, 000149.367, 154
Trd, 000150.533, 154
Trd, 000150.567, 154
Trd, 000150.833, 154
Trd, 000151.250, 154
Trd, 000151.700, 154
Trd, 000152.750, 155
Trd, 000153.633, 157.0
Trd, 000154.000, 156.0
Trd, 000154.117, 157.0
Trd, 000154.617, 156
Trd, 000155.033, 155
Trd, 000155.333, 156
Trd, 000155.667, 155
Trd, 000156.367, 155.0
Trd, 000156.450, 156.0
Trd, 000156.967, 156
Trd, 000157.533, 155
Trd, 000157.850, 154
Trd, 000158.283, 155
Trd, 000160.767, 155
Trd, 000160.967, 153
Trd, 000161.217, 155.0
Trd, 000161.617, 150
Trd, 000161.867, 151
Trd, 000162.633, 153
Trd, 000162.667, 154
Trd, 000162.717, 155
Trd, 000164.017, 158.0
Trd, 000165.533, 155.0
Trd, 000165.717, 153
Trd, 000166.183, 155
Trd, 000167.000, 154
Trd, 000167.533, 154
Trd, 000167.800, 154
Trd, 000168.167, 154
Trd, 000168.300, 153
Trd, 000168.533, 155
Trd, 000169.917, 157.0
Trd, 000170.617, 158.0
Trd, 000170.833, 175
Trd, 000170.950, 156
Trd, 000172.283, 159
Trd, 000173.783, 157
Trd, 000174.567, 156
Trd, 000174.700, 156
Trd, 000175.033, 157
Trd, 000175.333, 156
Trd, 000175.483, 157
Trd, 000175.600, 155
Trd, 000177.017, 155
Trd, 000177.333, 155
Trd, 000178.267, 154
Trd, 000178.550, 156
Trd, 000178.967, 154
Trd, 000179.267, 154
Trd, 000179.583, 155
Trd, 000180.183, 154
Trd, 000180.450, 155
Trd, 000181.700, 155
Trd, 000182.333, 153
Trd, 000183.083, 154
Trd, 000183.717, 153
Trd, 000184.417, 152
Trd, 000184.567, 152
Trd, 000184.700, 150
Trd, 000185.250, 151
Trd, 000185.467, 149
Trd, 000187.067, 149
Trd, 000187.450, 149.0
Trd, 000187.717, 155
Trd, 000188.617, 151.0
Trd, 000189.250, 150
Trd, 000189.550, 150.0
Trd, 000189.667, 151
Trd, 000190.550, 152
Trd, 000190.967, 151
Trd, 000191.600, 150
Trd, 000192.033, 151
Trd, 000192.367, 150
Trd, 000192.433, 148
Trd, 000192.700, 148.0
Trd, 000193.367, 151
Trd, 000193.567, 152
Trd, 000194.633, 155
Trd, 000194.783, 154
Trd, 000195.167, 154
Trd, 000195.667, 155
Trd, 000196.300, 155
Trd, 000196.450, 157.0
Trd, 000196.567, 155
Trd, 000197.150, 153
Trd, 000197.850, 161.0
Trd, 000198.600, 156
Trd, 000198.917, 155
Trd, 000200.233, 158
Trd, 000200.850, 155
Trd, 000201.050, 156.0
Trd, 000201.100, 158.0
Trd, 000202.283, 155
Trd, 000202.567, 154
Trd, 000203.017, 157
Trd, 000203.300, 156
Trd, 000204.367, 153
Trd, 000205.317, 154
Trd, 000205.833, 155
Trd, 000205.867, 155
Trd, 000206.183, 155
Trd, 000206.900, 156
Trd, 000207.500, 154
Trd, 000207.583, 154
Trd, 000207.867, 148.0
Trd, 000208.450, 158.0
Trd, 000208.483, 159.0
Trd, 000209.250, 158
Trd, 000209.300, 156
Trd, 000209.600, 158.0
Trd, 000210.950, 158
Trd, 000211.267, 157
Trd, 000211.833, 156
Trd, 000212.067, 157
Trd, 000212.267, 155.0
Trd, 000212.583, 157
Trd, 000214.000, 156
Trd, 000214.133, 157.0
Trd, 000214.317, 156
Trd, 000214.700, 157
Trd, 000215.050, 154
Trd, 000216.100, 154.0
Trd, 000216.117, 152
Trd, 000216.133, 157
Trd, 000216.533, 148.0
Trd, 000217.800, 151
Trd, 000218.517, 152
Trd, 000218.833, 150
Trd, 000218.867, 152
Trd, 000219.100, 157.0
Trd, 000219.417, 158.0
Trd, 000220.617, 152
Trd, 000221.683, 153
Trd, 000222.033, 152
Trd, 000223.450, 153
Trd, 000223.517, 152
Trd, 000224.267, 149.0
Trd, 000224.667, 149
Trd, 000224.850, 148.0
Trd, 000224.967, 148
Trd, 000225.333, 146
Trd, 000225.433, 148
Trd, 000225.917, 146.0
Trd, 000226.033, 148
Trd, 000226.717, 146
Trd, 000226.733, 148
Trd, 000226.900, 151
Trd, 000227.667, 155
Trd, 000228.900, 151
Trd, 000229.000, 151
Trd, 000229.717, 148
Trd, 000230.050, 151
Trd, 000230.100, 148
Trd, 000231.400, 149.0
Trd, 000231.667, 148.0
Trd, 000231.867, 148
Trd, 000232.083, 147
Trd, 000232.117, 148
Trd, 000233.050, 148
Trd, 000234.150, 149
Trd, 000234.367, 150
Trd, 000234.700, 151
Trd, 000235.250, 149
Trd, 000235.500, 150
Trd, 000236.050, 150
Trd, 000236.283, 155
Trd, 000236.783, 153
Trd, 000237.233, 152
Trd, 000238.483, 152
Trd, 000238.933, 153
Trd, 000239.333, 153
Trd, 000239.350, 152
Trd, 000240.050, 150
Trd, 000240.267, 149
Trd, 000240.550, 152
Trd, 000240.833, 150.0
Trd, 000241.200, 152
Trd, 000241.483, 150.0
Trd, 000242.367, 150
Trd, 000242.450, 151
Trd, 000242.650, 149.0
Trd, 000243.100, 150.0
Trd, 000243.267, 149
Trd, 000244.417, 151
Trd, 000245.017, 149
Trd, 000245.500, 149
Trd, 000246.000, 149
Trd, 000246.100, 148
Trd, 000246.583, 148.0
Trd, 000246.983, 150
Trd, 000247.833, 148
Trd, 000248.083, 150
Trd, 000248.567, 148
Trd, 000249.567, 150
Trd, 000249.650, 150
Trd, 000249.783, 151
Trd, 000250.533, 150
Trd, 000250.583, 151
Trd, 000250.750, 148.0
Trd, 000251.800, 150
Trd, 000252.017, 151
Trd, 000252.517, 150
Trd, 000252.917, 151
Trd, 000253.550, 152
Trd, 000253.600, 158.0
Trd, 000254.600, 154
Trd, 000254.917, 155.0
Trd, 000254.967, 156.0
Trd, 000255.117, 156
Trd, 000255.483, 156
Trd, 000256.150, 154
Trd, 000256.250, 158.0
Trd, 000256.683, 161.0
Trd, 000257.333, 162.0
Trd, 000257.367, 156
Trd, 000257.683, 164
Trd, 000258.067, 161
Trd, 000258.367, 174
Trd, 000259.350, 166
Trd, 000259.850, 165.0
Trd, 000259.867, 160
Trd, 000260.800, 158.0
Trd, 000261.233, 159
Trd, 000261.467, 158
Trd, 000261.900, 157
Trd, 000262.533, 157.0
Trd, 000262.617, 155
Trd, 000263.000, 157
Trd, 000263.500, 144.0
Trd, 000264.650, 155
Trd, 000265.117, 155
Trd, 000265.200, 155
Trd, 000265.467, 158.0
Trd, 000266.300, 156
Trd, 000266.733, 154
Trd, 000266.900, 157
Trd, 000267.967, 154
Trd, 000268.233, 153
Trd, 000268.633, 152
Trd, 000268.850, 152
Trd, 000269.267, 154
Trd, 000269.383, 153
Trd, 000270.333, 152
Trd, 000270.567, 151
Trd, 000270.617, 153
Trd, 000270.633, 154
Trd, 000270.733, 153
Trd, 000271.717, 154
Trd, 000273.367, 154.0
Trd, 000273.683, 156.0
Trd, 000273.733, 158.0
Trd, 000274.367, 154
Trd, 000275.300, 155
Trd, 000275.583, 154
Trd, 000275.950, 153
Trd, 000276.483, 155
Trd, 000276.867, 155
Trd, 000277.050, 154
Trd, 000277.300, 155
Trd, 000277.450, 156
Trd, 000277.733, 152
Trd, 000278.333, 149
Trd, 000278.567, 148.0
Trd, 000280.367, 152
Trd, 000280.583, 151.0
Trd, 000281.350, 152.0
Trd, 000281.400, 151.0
Trd, 000282.167, 154
Trd, 000282.617, 154
Trd, 000283.500, 154
Trd, 000283.717, 150
Trd, 000284.800, 153
Trd, 000284.917, 153
Trd, 000285.750, 153
Trd, 000286.133, 151
Trd, 000286.300, 153
Trd, 000286.383, 152
Trd, 000286.950, 148.0
Trd, 000287.250, 149
Trd, 000287.567, 150
Trd, 000287.750, 150
Trd, 000288.067, 158.0
Trd, 000288.400, 153
Trd, 000288.667, 148
Trd, 000288.817, 147
Trd, 000288.950, 155
Trd, 000289.833, 154
Trd, 000290.650, 153
Trd, 000290.950, 154
Trd, 000291.833, 155
Trd, 000291.933, 154
Trd, 000291.950, 158.0
Trd, 000293.783, 156
Trd, 000293.883, 162.0
Trd, 000293.933, 165.0
Trd, 000293.967, 156
Trd, 000294.650, 157
Trd, 000295.233, 157
Trd, 000295.500, 157
Trd, 000295.817, 156
Trd, 000296.233, 158.0
Trd, 000296.583, 158.0
Trd, 000296.917, 155
Trd, 000297.117, 156.0
Trd, 000297.400, 155.0
Trd, 000297.550, 155
Trd, 000297.700, 156
Trd, 000298.917, 149.0
Trd, 000299.300, 155
Trd, 000299.683, 151
Trd, 000299.850, 148.0
