Trd, 000001.133, 200.0
Trd, 000002.417, 175
Trd, 000002.567, 172.0
Trd, 000003.317, 160
Trd, 000004.150, 158.0
Trd, 000004.733, 157
Trd, 000005.067, 158
Trd, 000005.367, 158
Trd, 000005.767, 158
Trd, 000006.383, 172.0
Trd, 000007.483, 162
Trd, 000008.267, 160
Trd, 000009.317, 161
Trd, 000009.950, 160
Trd, 000010.767, 161
Trd, 000011.050, 160
Trd, 000011.800, 161
Trd, 000012.133, 160
Trd, 000012.250, 161
Trd, 000012.600, 161
Trd, 000012.733, 160
Trd, 000013.350, 158.0
Trd, 000013.683, 158
Trd, 000014.767, 162.0
Trd, 000016.367, 159.0
Trd, 000018.217, 161
Trd, 000018.233, 158.0
Trd, 000018.650, 158
Trd, 000019.033, 157
Trd, 000019.783, 158
Trd, 000020.100, 158
Trd, 000020.650, 159
Trd, 000020.700, 157
Trd, 000022.233, 157
Trd, 000023.783, 157
Trd, 000023.900, 157
Trd, 000025.117, 157
Trd, 000025.383, 157
Trd, 000025.683, 156
Trd, 000025.700, 158
Trd, 000025.950, 156
Trd, 000026.300, 157
Trd, 000027.250, 158
Trd, 000028.333, 155
Trd, 000029.033, 155
Trd, 000029.233, 158
Trd, 000030.000, 152
Trd, 000031.167, 154
Trd, 000031.450, 153
Trd, 000032.950, 153
Trd, 000033.050, 153
Trd, 000033.383, 151
Trd, 000034.567, 158
Trd, 000034.833, 162.0
Trd, 000035.800, 161
Trd, 000036.017, 160
Trd, 000036.233, 156
Trd, 000036.333, 152
Trd, 000037.450, 152
Trd, 000037.833, 155
Trd, 000037.917, 156
Trd, 000038.450, 153
Trd, 000038.700, 153
Trd, 000038.900, 154
Trd, 000040.183, 154
Trd, 000040.450, 156
Trd, 000041.500, 151
Trd, 000042.100, 157
Trd, 000042.600, 157
Trd, 000042.850, 152
Trd, 000043.583, 151
Trd, 000043.883, 154
Trd, 000044.450, 150
Trd, 000045.850, 149
Trd, 000045.933, 152
Trd, 000046.333, 150
Trd, 000046.533, 151
Trd, 000046.900, 150
Trd, 000047.050, 127.0
Trd, 000047.750, 148
Trd, 000048.033, 142
Trd, 000048.550, 143
Trd, 000049.200, 137
Trd, 000049.433, 137
Trd, 000050.150, 140
Trd, 000050.267, 141
Trd, 000050.450, 158
Trd, 000051.417, 164.0
Trd, 000052.333, 149
Trd, 000052.583, 135
Trd, 000052.850, 151
Trd, 000053.700, 136
Trd, 000053.917, 141
Trd, 000054.333, 140
Trd, 000055.050, 140
Trd, 000055.133, 142
Trd, 000055.183, 143
Trd, 000056.300, 158
Trd, 000056.533, 161
Trd, 000056.850, 149
Trd, 000056.917, 162.0
Trd, 000057.933, 158
Trd, 000058.350, 158.0
Trd, 000059.167, 158
Trd, 000059.317, 153
Trd, 000059.983, 151
Trd, 000060.317, 148
Trd, 000060.467, 144
Trd, 000060.733, 141
Trd, 000061.017, 138
Trd, 000061.983, 158
Trd, 000063.083, 142
Trd, 000063.383, 144
Trd, 000063.433, 146
Trd, 000064.083, 142
Trd, 000064.817, 158.0
Trd, 000065.517, 150
Trd, 000066.200, 159
Trd, 000067.133, 162.0
Trd, 000067.183, 179
Trd, 000068.083, 154
Trd, 000068.917, 163
Trd, 000069.033, 154
Trd, 000069.550, 156
Trd, 000070.000, 157
Trd, 000070.183, 157
Trd, 000070.250, 158
Trd, 000070.400, 156
Trd, 000071.767, 159
Trd, 000071.783, 168.0
Trd, 000071.950, 158
Trd, 000073.450, 160
Trd, 000073.650, 158
Trd, 000073.900, 162
Trd, 000074.033, 162.0
Trd, 000075.250, 160.0
Trd, 000076.133, 159
Trd, 000076.517, 159
Trd, 000077.317, 158
Trd, 000077.850, 158
Trd, 000077.933, 158
Trd, 000078.400, 127.0
Trd, 000078.850, 148
Trd, 000079.217, 157
Trd, 000080.617, 154
Trd, 000082.133, 152
Trd, 000082.350, 154
Trd, 000082.817, 154
Trd, 000083.117, 159.0
Trd, 000083.417, 158.0
Trd, 000085.583, 158
Trd, 000085.783, 159
Trd, 000086.000, 157
Trd, 000086.217, 156
Trd, 000086.233, 155
Trd, 000087.317, 155
Trd, 000088.217, 155
Trd, 000088.450, 157
Trd, 000088.750, 159
Trd, 000088.783, 159
Trd, 000089.183, 151
Trd, 000089.300, 159
Trd, 000090.550, 151
Trd, 000091.267, 133
Trd, 000091.833, 159
Trd, 000092.083, 159
Trd, 000093.150, 161.0
Trd, 000093.383, 168.0
Trd, 000094.417, 158.0
Trd, 000094.983, 153
Trd, 000095.150, 159
Trd, 000095.450, 151
Trd, 000096.817, 157
Trd, 000096.850, 152
Trd, 000097.083, 149
Trd, 000097.367, 157
Trd, 000098.800, 155
Trd, 000099.550, 155
Trd, 000101.067, 157
Trd, 000101.200, 153
Trd, 000102.000, 156
Trd, 000103.083, 158
Trd, 000103.650, 158
Trd, 000103.717, 156
Trd, 000103.733, 155
Trd, 000104.867, 158
Trd, 000105.433, 155
Trd, 000108.417, 157
Trd, 000108.450, 159
Trd, 000108.617, 155
Trd, 000109.017, 155
Trd, 000109.433, 156
Trd, 000110.317, 158
Trd, 000110.533, 153
Trd, 000111.150, 153
Trd, 000111.783, 157
Trd, 000112.350, 155
Trd, 000113.083, 153
Trd, 000113.983, 154
Trd, 000114.367, 151
Trd, 000115.350, 153
Trd, 000115.433, 152
Trd, 000115.833, 152
Trd, 000116.267, 155
Trd, 000117.233, 158.0
Trd, 000117.483, 156
Trd, 000117.883, 156
Trd, 000117.967, 158
Trd, 000118.433, 154
Trd, 000118.617, 151
Trd, 000121.033, 157
Trd, 000121.117, 157
Trd, 000121.383, 157
Trd, 000122.583, 158
Trd, 000123.117, 156
Trd, 000123.483, 158
Trd, 000124.000, 157
Trd, 000124.317, 156
Trd, 000124.750, 157
Trd, 000126.317, 157
Trd, 000126.333, 157
Trd, 000126.383, 168.0
Trd, 000127.950, 158
Trd, 000128.250, 160
Trd, 000128.617, 158
Trd, 000128.733, 157
Trd, 000129.400, 158
Trd, 000131.383, 160
Trd, 000131.417, 161
Trd, 000131.833, 162.0
Trd, 000132.083, 160
Trd, 000132.317, 160
Trd, 000133.050, 161
Trd, 000133.167, 160
Trd, 000133.867, 160
Trd, 000134.317, 158
Trd, 000136.033, 161.0
Trd, 000136.650, 160
Trd, 000137.350, 158.0
Trd, 000138.250, 160
Trd, 000139.917, 158
Trd, 000140.183, 160
Trd, 000140.450, 160
Trd, 000140.483, 157
Trd, 000140.950, 155
Trd, 000141.050, 154
Trd, 000141.233, 158
Trd, 000142.967, 155
Trd, 000143.583, 153
Trd, 000143.967, 151
Trd, 000144.300, 153
Trd, 000145.133, 151
Trd, 000145.150, 152
Trd, 000145.583, 153
Trd, 000145.633, 151
Trd, 000146.550, 150
Trd, 000147.517, 127.0
Trd, 000147.533, 151
Trd, 000148.550, 142
Trd, 000148.800, 135
Trd, 000149.917, 142
Trd, 000151.050, 142
Trd, 000152.417, 142
Trd, 000152.517, 140
Trd, 000153.267, 141
Trd, 000153.883, 143
Trd, 000153.950, 142
Trd, 000155.017, 161.0
Trd, 000155.100, 140
Trd, 000155.233, 168.0
Trd, 000156.550, 157
Trd, 000157.017, 151
Trd, 000157.933, 154
Trd, 000157.967, 149
Trd, 000158.233, 155
Trd, 000160.683, 155
Trd, 000160.950, 153
Trd, 000161.017, 153
Trd, 000162.133, 153
Trd, 000162.383, 152
Trd, 000162.450, 154
Trd, 000162.933, 153
Trd, 000163.000, 154
Trd, 000164.033, 155
Trd, 000164.633, 155
Trd, 000164.817, 152
Trd, 000165.217, 152
Trd, 000165.667, 152
Trd, 000166.383, 155
Trd, 000166.717, 152
Trd, 000167.100, 151
Trd, 000167.283, 150
Trd, 000167.717, 156
Trd, 000168.900, 152
Trd, 000169.283, 155
Trd, 000169.400, 158
Trd, 000170.333, 152
Trd, 000171.383, 153
Trd, 000173.267, 153
Trd, 000173.333, 154
Trd, 000173.383, 155
Trd, 000173.633, 158.0
Trd, 000174.367, 152
Trd, 000175.117, 151
Trd, 000175.883, 152
Trd, 000176.050, 157
Trd, 000176.683, 150
Trd, 000177.617, 151
Trd, 000177.817, 156
Trd, 000178.500, 150
Trd, 000179.317, 154
Trd, 000179.567, 155
Trd, 000180.667, 153
Trd, 000182.067, 153
Trd, 000182.083, 154
Trd, 000182.183, 152
Trd, 000182.400, 152
Trd, 000184.733, 152
Trd, 000184.767, 151
Trd, 000184.783, 153
Trd, 000185.067, 152
Trd, 000185.833, 151
Trd, 000186.367, 152
Trd, 000186.717, 153
Trd, 000186.783, 152
Trd, 000188.183, 153
Trd, 000188.350, 152
Trd, 000188.717, 151
Trd, 000189.217, 151
Trd, 000189.750, 151
Trd, 000190.967, 153
Trd, 000191.233, 158
Trd, 000191.317, 162.0
Trd, 000192.483, 160
Trd, 000192.617, 159
Trd, 000194.000, 158
Trd, 000194.250, 155
Trd, 000195.133, 156
Trd, 000195.867, 156
Trd, 000196.300, 153
Trd, 000196.317, 156
Trd, 000197.267, 155
Trd, 000197.433, 156
Trd, 000198.183, 154
Trd, 000198.700, 152
Trd, 000198.733, 158
Trd, 000199.900, 160.0
Trd, 000200.317, 158.0
Trd, 000201.517, 157
Trd, 000201.533, 157
Trd, 000201.683, 157
Trd, 000201.883, 156
Trd, 000202.367, 154
Trd, 000203.117, 157
Trd, 000204.167, 154
Trd, 000204.250, 156
Trd, 000204.350, 157
Trd, 000204.600, 153
Trd, 000204.717, 127.0
Trd, 000205.250, 158
Trd, 000205.433, 158
Trd, 000208.250, 144
Trd, 000208.867, 148
Trd, 000210.050, 144
Trd, 000210.267, 146
Trd, 000210.417, 147
Trd, 000211.000, 146
Trd, 000211.067, 146
Trd, 000211.183, 146
Trd, 000211.650, 147
Trd, 000211.800, 146
Trd, 000211.850, 144
Trd, 000211.883, 147
Trd, 000212.200, 147
Trd, 000212.517, 143
Trd, 000213.000, 148
Trd, 000214.800, 143
Trd, 000215.467, 146
Trd, 000215.917, 142
Trd, 000216.400, 146
Trd, 000216.567, 147
Trd, 000218.433, 147
Trd, 000220.550, 146
Trd, 000220.567, 145
Trd, 000220.800, 147
Trd, 000220.867, 144
Trd, 000220.883, 143
Trd, 000221.283, 162.0
Trd, 000221.367, 152
Trd, 000221.483, 149
Trd, 000222.050, 151
Trd, 000222.317, 148
Trd, 000222.383, 152
Trd, 000222.517, 149
Trd, 000224.067, 143
Trd, 000224.183, 128.0
Trd, 000224.300, 151
Trd, 000224.750, 148
Trd, 000225.233, 162.0
Trd, 000225.850, 151
Trd, 000225.950, 147
Trd, 000226.367, 154
Trd, 000227.200, 149
Trd, 000227.350, 147
Trd, 000228.200, 160.0
Trd, 000228.383, 158.0
Trd, 000228.733, 161.0
Trd, 000229.183, 162.0
Trd, 000229.467, 158
Trd, 000230.167, 160
Trd, 000230.283, 160
Trd, 000230.667, 162.0
Trd, 000231.400, 161
Trd, 000232.283, 160
Trd, 000232.717, 161
Trd, 000232.900, 160
Trd, 000233.900, 161
Trd, 000234.200, 158.0
Trd, 000235.317, 159
Trd, 000235.683, 159
Trd, 000236.000, 158
Trd, 000236.333, 155
Trd, 000236.533, 150
Trd, 000236.583, 153
Trd, 000236.633, 158
Trd, 000236.933, 158
Trd, 000237.567, 158
Trd, 000239.417, 156
Trd, 000239.550, 156
Trd, 000240.167, 157
Trd, 000240.450, 156
Trd, 000240.850, 155
Trd, 000241.633, 155
Trd, 000241.933, 154
Trd, 000242.417, 156
Trd, 000242.650, 154
Trd, 000242.850, 157
Trd, 000242.950, 158
Trd, 000243.350, 155
Trd, 000243.483, 153
Trd, 000243.917, 156
Trd, 000245.183, 150
Trd, 000245.217, 149
Trd, 000245.750, 120.0
Trd, 000246.300, 141
Trd, 000246.767, 141
Trd, 000246.967, 144.0
Trd, 000247.217, 141
Trd, 000247.367, 143
Trd, 000248.783, 145
Trd, 000248.800, 144.0
Trd, 000248.850, 146
Trd, 000249.050, 148.0
Trd, 000249.367, 156
Trd, 000249.967, 145
Trd, 000250.683, 148
Trd, 000251.083, 147
Trd, 000251.100, 148
Trd, 000251.800, 145
Trd, 000252.817, 146
Trd, 000252.867, 145
Trd, 000253.017, 146
Trd, 000253.283, 148.0
Trd, 000253.383, 147
Trd, 000253.850, 142
Trd, 000254.650, 144
Trd, 000254.900, 145
Trd, 000255.800, 143
Trd, 000256.167, 144.0
Trd, 000256.417, 141.0
Trd, 000256.750, 144
Trd, 000256.817, 141
Trd, 000256.967, 140
Trd, 000257.050, 144
Trd, 000257.533, 143
Trd, 000258.300, 143
Trd, 000258.533, 143
Trd, 000259.467, 157
Trd, 000259.550, 144
Trd, 000259.650, 142
Trd, 000259.667, 140
Trd, 000260.950, 157
Trd, 000261.500, 146.0
Trd, 000261.633, 150
Trd, 000262.283, 149.0
Trd, 000263.533, 146
Trd, 000263.933, 153
Trd, 000264.433, 145.0
Trd, 000264.700, 148.0
Trd, 000265.033, 145
Trd, 000265.800, 145
Trd, 000266.067, 147
Trd, 000267.133, 146
Trd, 000267.533, 147
Trd, 000267.817, 148.0
Trd, 000268.233, 147
Trd, 000268.500, 144.0
Trd, 000268.567, 147
Trd, 000268.883, 145
Trd, 000269.450, 147
Trd, 000269.567, 144
Trd, 000269.683, 147
Trd, 000269.917, 148
Trd, 000270.100, 148.0
Trd, 000270.967, 148
Trd, 000271.317, 147
Trd, 000271.367, 146
Trd, 000271.883, 156
Trd, 000272.067, 145
Trd, 000272.867, 147
Trd, 000273.100, 151
Trd, 000273.183, 148
Trd, 000273.600, 152
Trd, 000273.800, 147
Trd, 000274.733, 145
Trd, 000275.350, 145.0
Trd, 000275.500, 144.0
Trd, 000275.567, 144
Trd, 000276.250, 148
Trd, 000277.550, 149
Trd, 000277.800, 149
Trd, 000278.650, 157
Trd, 000278.733, 158
Trd, 000279.617, 150
Trd, 000279.667, 149
Trd, 000280.450, 152
Trd, 000280.800, 150
Trd, 000281.500, 148
Trd, 000281.817, 147
Trd, 000282.400, 148.0
Trd, 000283.017, 146
Trd, 000283.100, 145
Trd, 000283.850, 146
Trd, 000284.150, 146
Trd, 000284.467, 146.0
Trd, 000284.900, 146
Trd, 000285.117, 144.0
Trd, 000285.250, 146
Trd, 000285.983, 145
Trd, 000286.233, 144
Trd, 000286.717, 144
Trd, 000286.783, 152
Trd, 000286.817, 143
Trd, 000287.800, 145
Trd, 000288.700, 145
Trd, 000288.767, 145
Trd, 000288.867, 146
Trd, 000289.833, 144
Trd, 000289.867, 144.0
Trd, 000290.083, 147
Trd, 000290.217, 144
Trd, 000290.750, 148.0
Trd, 000291.050, 143
Trd, 000291.250, 148
Trd, 000291.933, 148
Trd, 000292.417, 134
Trd, 000292.700, 142
Trd, 000293.133, 141.0
Trd, 000293.283, 144.0
Trd, 000294.050, 144.0
Trd, 000294.350, 144
Trd, 000294.650, 143
Trd, 000294.917, 143
Trd, 000295.117, 156
Trd, 000295.233, 158
Trd, 000296.000, 149
Trd, 000296.300, 159
Trd, 000296.383, 162.0
Trd, 000296.750, 147
Trd, 000297.200, 168.0
Trd, 000297.800, 156
Trd, 000298.050, 154
Trd, 000298.950, 155
Trd, 000299.233, 156
