Trd, 000001.383, 142
Trd, 000003.333, 172.0
Trd, 000003.517, 155.0
Trd, 000004.067, 158
Trd, 000004.533, 159
Trd, 000004.967, 151.0
Trd, 000004.983, 141.0
Trd, 000005.300, 189
Trd, 000005.967, 153
Trd, 000006.400, 168
Trd, 000008.617, 145.0
Trd, 000008.817, 154
Trd, 000009.050, 153
Trd, 000009.817, 142.0
Trd, 000010.050, 141.0
Trd, 000010.500, 151
Trd, 000010.533, 144
Trd, 000010.833, 154
Trd, 000012.200, 153
Trd, 000013.050, 143
Trd, 000014.417, 141.0
Trd, 000014.433, 148
Trd, 000014.467, 141
Trd, 000014.783, 147
Trd, 000016.950, 140
Trd, 000017.217, 141.0
Trd, 000017.983, 144
Trd, 000018.133, 142
Trd, 000018.517, 142
Trd, 000018.867, 144
Trd, 000019.033, 141
Trd, 000019.633, 143
Trd, 000020.317, 143
Trd, 000020.750, 143
Trd, 000022.600, 141.0
Trd, 000023.017, 138.0
Trd, 000023.317, 141
Trd, 000023.700, 141.0
Trd, 000023.767, 140
Trd, 000023.933, 139
Trd, 000024.233, 138.0
Trd, 000024.350, 148
Trd, 000026.633, 159
Trd, 000026.900, 149
Trd, 000027.050, 150
Trd, 000028.083, 145
Trd, 000028.750, 146
Trd, 000029.000, 146
Trd, 000029.050, 145
Trd, 000029.650, 145
Trd, 000030.250, 145
Trd, 000030.267, 146
Trd, 000030.683, 147
Trd, 000031.583, 141.0
Trd, 000031.600, 137.0
Trd, 000032.467, 140.0
Trd, 000033.550, 137.0
Trd, 000034.000, 138
Trd, 000034.367, 139
Trd, 000035.150, 141.0
Trd, 000036.100, 141.0
Trd, 000037.467, 141
Trd, 000037.967, 140
Trd, 000038.050, 141
Trd, 000038.567, 141
Trd, 000039.833, 140.0
Trd, 000039.967, 139
Trd, 000040.167, 141.0
Trd, 000040.367, 143
Trd, 000040.617, 139
Trd, 000041.733, 143
Trd, 000042.250, 148
Trd, 000042.833, 141.0
Trd, 000042.933, 139.0
Trd, 000043.000, 151.0
Trd, 000044.417, 141
Trd, 000045.017, 144
Trd, 000046.017, 143
Trd, 000046.100, 142
Trd, 000046.133, 137.0
Trd, 000046.317, 142
Trd, 000048.533, 142.0
Trd, 000048.567, 141.0
Trd, 000050.167, 139
Trd, 000050.350, 139
Trd, 000050.367, 140
Trd, 000050.433, 141.0
Trd, 000051.150, 143
Trd, 000051.183, 139
Trd, 000052.933, 139
Trd, 000053.000, 138
Trd, 000053.033, 137
Trd, 000053.283, 140
Trd, 000054.000, 139.0
Trd, 000054.017, 141.0
Trd, 000054.267, 148
Trd, 000055.033, 140
Trd, 000055.500, 139
Trd, 000055.683, 143
Trd, 000056.217, 141.0
Trd, 000056.967, 151.0
Trd, 000058.217, 149
Trd, 000058.250, 155.0
Trd, 000058.783, 152
Trd, 000059.200, 141
Trd, 000059.650, 146
Trd, 000060.000, 150
Trd, 000060.383, 151
Trd, 000061.617, 151.0
Trd, 000062.600, 150
Trd, 000062.667, 154
Trd, 000063.400, 150
Trd, 000064.033, 150
Trd, 000064.233, 153.0
Trd, 000064.417, 172.0
Trd, 000064.467, 148
Trd, 000064.767, 144
Trd, 000065.167, 150
Trd, 000065.250, 141.0
Trd, 000065.983, 143
Trd, 000066.017, 142
Trd, 000066.250, 137.0
Trd, 000066.783, 146
Trd, 000068.183, 137
Trd, 000068.517, 137.0
Trd, 000069.067, 131.0
Trd, 000069.683, 135
Trd, 000070.117, 134
Trd, 000070.183, 135
Trd, 000070.833, 141.0
Trd, 000070.883, 145
Trd, 000072.300, 142
Trd, 000072.417, 137
Trd, 000072.650, 142
Trd, 000072.817, 149
Trd, 000074.333, 145
Trd, 000075.567, 145
Trd, 000075.700, 146
Trd, 000076.050, 141.0
Trd, 000077.400, 144
Trd, 000077.433, 145
Trd, 000078.100, 142
Trd, 000078.150, 145
Trd, 000080.383, 144
Trd, 000080.783, 145
Trd, 000080.967, 142
Trd, 000081.433, 151.0
Trd, 000081.817, 155.0
Trd, 000082.483, 154
Trd, 000082.767, 144
Trd, 000082.950, 141.0
Trd, 000084.050, 172.0
Trd, 000085.167, 159
Trd, 000085.267, 159
Trd, 000085.667, 151.0
Trd, 000085.833, 160
Trd, 000088.133, 148.0
Trd, 000088.167, 156
Trd, 000088.200, 143
Trd, 000088.917, 155
Trd, 000089.267, 149
Trd, 000090.133, 148
Trd, 000090.617, 148.0
Trd, 000091.667, 141.0
Trd, 000091.933, 141.0
Trd, 000092.633, 140
Trd, 000092.983, 139
Trd, 000093.667, 137.0
Trd, 000094.233, 135
Trd, 000094.450, 136
Trd, 000094.600, 134
Trd, 000095.033, 137.0
Trd, 000095.183, 138
Trd, 000096.300, 134
Trd, 000096.367, 133
Trd, 000097.717, 136.0
Trd, 000098.667, 134
Trd, 000099.000, 133
Trd, 000099.167, 132
Trd, 000099.900, 135
Trd, 000100.033, 136.0
Trd, 000100.050, 137.0
Trd, 000102.567, 140.0
Trd, 000103.567, 140
Trd, 000103.767, 139.0
Trd, 000104.467, 139.0
Trd, 000105.117, 139
Trd, 000105.467, 137.0
Trd, 000105.517, 137
Trd, 000105.817, 139.0
Trd, 000106.350, 136
Trd, 000106.367, 149
Trd, 000107.233, 141.0
Trd, 000107.783, 137
Trd, 000108.350, 135
Trd, 000108.450, 136
Trd, 000108.600, 137
Trd, 000109.100, 141.0
Trd, 000110.200, 141
Trd, 000111.167, 151.0
Trd, 000111.483, 147
Trd, 000111.500, 148
Trd, 000111.950, 146
Trd, 000112.583, 144
Trd, 000112.750, 144
Trd, 000113.000, 141.0
Trd, 000113.217, 149
Trd, 000113.333, 134
Trd, 000114.967, 146
Trd, 000116.533, 145
Trd, 000116.617, 147
Trd, 000117.467, 141
Trd, 000117.850, 140
Trd, 000118.800, 141.0
Trd, 000119.883, 142
Trd, 000120.483, 141
Trd, 000120.550, 141
Trd, 000120.567, 142
Trd, 000120.967, 142
Trd, 000121.217, 144
Trd, 000121.367, 151.0
Trd, 000122.633, 141.0
Trd, 000122.867, 147
Trd, 000123.583, 141.0
Trd, 000124.450, 141
Trd, 000125.083, 142
Trd, 000125.400, 144
Trd, 000126.717, 139
Trd, 000127.000, 144
Trd, 000127.983, 143
Trd, 000128.783, 144
Trd, 000129.067, 139
Trd, 000129.367, 145
Trd, 000129.517, 138.0
Trd, 000129.850, 141.0
Trd, 000129.867, 145
Trd, 000130.333, 136
Trd, 000132.300, 137
Trd, 000132.400, 137.0
Trd, 000132.583, 141.0
Trd, 000133.567, 139
Trd, 000134.333, 138
Trd, 000134.617, 138
Trd, 000134.917, 138
Trd, 000134.983, 137.0
Trd, 000135.583, 144
Trd, 000135.917, 148
Trd, 000137.217, 148
Trd, 000137.450, 150
Trd, 000138.150, 151.0
Trd, 000138.450, 154.0
Trd, 000138.700, 148.0
Trd, 000139.350, 148
Trd, 000139.467, 148
Trd, 000139.733, 137.0
Trd, 000139.850, 151
Trd, 000140.683, 148
Trd, 000141.133, 148
Trd, 000142.183, 147
Trd, 000142.967, 150
Trd, 000143.233, 143.0
Trd, 000144.083, 149
Trd, 000145.550, 144
Trd, 000145.783, 137.0
Trd, 000146.733, 141
Trd, 000147.467, 142.0
Trd, 000147.750, 143
Trd, 000149.133, 142
Trd, 000149.917, 141.0
Trd, 000150.517, 143
Trd, 000150.550, 143
Trd, 000151.367, 145
Trd, 000151.767, 141
Trd, 000152.100, 144
Trd, 000152.900, 143
Trd, 000153.300, 143.0
Trd, 000153.417, 142.0
Trd, 000153.867, 141.0
Trd, 000154.850, 145
Trd, 000155.933, 142
Trd, 000156.050, 143
Trd, 000157.583, 140
Trd, 000157.783, 144
Trd, 000158.000, 145
Trd, 000158.433, 141.0
Trd, 000158.867, 147
Trd, 000159.600, 141
Trd, 000160.817, 142
Trd, 000163.000, 142
Trd, 000163.150, 141.0
Trd, 000163.667, 141
Trd, 000165.183, 141.0
Trd, 000165.783, 140
Trd, 000166.000, 140
Trd, 000166.133, 141
Trd, 000166.500, 141
Trd, 000167.033, 141.0
Trd, 000167.133, 139
Trd, 000167.183, 140
Trd, 000167.250, 151.0
Trd, 000167.450, 152
Trd, 000168.183, 138.0
Trd, 000168.433, 141.0
Trd, 000168.800, 175.0
Trd, 000170.250, 142
Trd, 000170.617, 151.0
Trd, 000171.367, 151
Trd, 000171.567, 145
Trd, 000171.733, 144
Trd, 000172.217, 151
Trd, 000172.550, 153
Trd, 000173.150, 155.0
Trd, 000173.917, 148
Trd, 000174.950, 146
Trd, 000175.200, 141.0
Trd, 000176.867, 149
Trd, 000176.917, 141.0
Trd, 000178.000, 144
Trd, 000178.033, 142
Trd, 000178.850, 141.0
Trd, 000179.633, 140.0
Trd, 000180.783, 140.0
Trd, 000180.900, 140.0
Trd, 000182.317, 138
Trd, 000182.667, 137.0
Trd, 000182.833, 138
Trd, 000183.050, 141.0
Trd, 000183.317, 151.0
Trd, 000183.917, 150
Trd, 000184.567, 137.0
Trd, 000185.083, 137
Trd, 000185.467, 136
Trd, 000185.667, 127.0
Trd, 000186.000, 140.0
Trd, 000186.133, 137.0
Trd, 000186.517, 135
Trd, 000186.533, 140.0
Trd, 000186.650, 138
Trd, 000187.150, 138
Trd, 000187.967, 137
Trd, 000188.317, 151
Trd, 000189.133, 140.0
Trd, 000189.617, 141.0
Trd, 000189.767, 151.0
Trd, 000191.200, 143
Trd, 000191.467, 144
Trd, 000191.933, 143
Trd, 000192.033, 155.0
Trd, 000193.267, 143
Trd, 000193.333, 142
Trd, 000194.133, 143
Trd, 000194.933, 141.0
Trd, 000195.833, 141
Trd, 000195.967, 140
Trd, 000196.000, 142
Trd, 000196.150, 137.0
Trd, 000196.500, 141
Trd, 000196.533, 143
Trd, 000197.250, 148
Trd, 000197.633, 137
Trd, 000198.050, 141.0
Trd, 000199.500, 138
Trd, 000199.883, 139
Trd, 000200.267, 140
Trd, 000200.433, 137
Trd, 000201.400, 143
Trd, 000201.783, 141.0
Trd, 000202.033, 147
Trd, 000202.067, 139
Trd, 000202.733, 155.0
Trd, 000203.800, 174.0
Trd, 000204.617, 154.0
Trd, 000204.967, 148
Trd, 000205.317, 148
Trd, 000205.833, 152.0
Trd, 000206.083, 147
Trd, 000206.117, 141.0
Trd, 000207.333, 144
Trd, 000207.400, 143
Trd, 000208.200, 142
Trd, 000208.217, 141
Trd, 000209.233, 141.0
Trd, 000210.167, 142.0
Trd, 000210.317, 143
Trd, 000210.450, 148
Trd, 000210.567, 151.0
Trd, 000211.483, 138
Trd, 000212.850, 144
Trd, 000213.350, 143
Trd, 000214.767, 144
Trd, 000215.750, 142
Trd, 000215.833, 142
Trd, 000216.467, 138.0
Trd, 000217.850, 143
Trd, 000218.617, 141.0
Trd, 000219.067, 142
Trd, 000219.200, 142
Trd, 000219.900, 142
Trd, 000219.983, 141.0
Trd, 000220.267, 140
Trd, 000221.217, 139
Trd, 000221.883, 142
Trd, 000222.467, 138
Trd, 000222.983, 140
Trd, 000223.517, 141.0
Trd, 000223.600, 142
Trd, 000224.083, 143
Trd, 000224.250, 148
Trd, 000225.250, 144
Trd, 000225.750, 144
Trd, 000226.267, 141
Trd, 000226.600, 139
Trd, 000226.633, 142
Trd, 000226.850, 137.0
Trd, 000228.150, 137.0
Trd, 000228.567, 138
Trd, 000229.467, 136
Trd, 000229.533, 145
Trd, 000230.017, 141.0
Trd, 000232.067, 141.0
Trd, 000232.150, 141
Trd, 000232.267, 137.0
Trd, 000233.200, 141
Trd, 000234.267, 143
Trd, 000234.933, 138
Trd, 000235.050, 142
Trd, 000236.483, 141
Trd, 000236.617, 142
Trd, 000237.783, 143
Trd, 000238.333, 144
Trd, 000238.917, 141
Trd, 000239.400, 146
Trd, 000240.417, 145
Trd, 000240.450, 149.0
Trd, 000240.583, 151.0
Trd, 000240.933, 153.0
Trd, 000241.133, 155.0
Trd, 000241.167, 153.0
Trd, 000241.567, 156.0
Trd, 000241.717, 157.0
Trd, 000242.000, 155
Trd, 000242.233, 155.0
Trd, 000243.183, 156
Trd, 000243.350, 157
Trd, 000243.583, 155
Trd, 000244.100, 152.0
Trd, 000244.250, 155.0
Trd, 000244.767, 151.0
Trd, 000245.300, 151
Trd, 000245.633, 149
Trd, 000245.733, 151
Trd, 000245.917, 147
Trd, 000245.983, 151
Trd, 000246.150, 158.0
Trd, 000246.533, 147.0
Trd, 000247.867, 156.0
Trd, 000248.583, 154
Trd, 000248.617, 153
Trd, 000248.850, 151
Trd, 000249.300, 148.0
Trd, 000249.317, 153
Trd, 000250.033, 147
Trd, 000250.283, 146
Trd, 000250.983, 145
Trd, 000251.083, 148
Trd, 000251.283, 155.0
Trd, 000251.833, 150.0
Trd, 000252.533, 151
Trd, 000252.850, 152
Trd, 000253.300, 150
Trd, 000253.417, 147
Trd, 000253.500, 153
Trd, 000254.917, 149
Trd, 000255.600, 149.0
Trd, 000255.883, 155.0
Trd, 000256.100, 154
Trd, 000256.550, 151
Trd, 000256.633, 150
Trd, 000256.817, 151
Trd, 000257.250, 148
Trd, 000257.500, 150
Trd, 000258.017, 150
Trd, 000258.067, 152
Trd, 000259.217, 154
Trd, 000259.567, 158.0
Trd, 000260.033, 155.0
Trd, 000260.300, 155
Trd, 000260.350, 154
Trd, 000260.533, 156.0
Trd, 000260.633, 156.0
Trd, 000261.183, 155
Trd, 000261.383, 151.0
Trd, 000262.000, 141.0
Trd, 000262.617, 156
Trd, 000262.883, 157
Trd, 000263.283, 155
Trd, 000263.500, 158.0
Trd, 000264.000, 158.0
Trd, 000264.483, 157.0
Trd, 000264.917, 157
Trd, 000264.950, 157
Trd, 000265.117, 155.0
Trd, 000265.800, 151.0
Trd, 000266.483, 151
Trd, 000266.650, 146
Trd, 000267.150, 147
Trd, 000267.550, 148.0
Trd, 000267.783, 149.0
Trd, 000268.067, 150
Trd, 000268.250, 153.0
Trd, 000269.000, 146
Trd, 000269.083, 153
Trd, 000269.600, 153
Trd, 000269.667, 155.0
Trd, 000269.983, 151.0
Trd, 000270.733, 151
Trd, 000270.983, 146
Trd, 000271.267, 146
Trd, 000272.317, 151.0
Trd, 000272.350, 151
Trd, 000272.867, 147
Trd, 000272.983, 146
Trd, 000273.550, 147
Trd, 000274.033, 144
Trd, 000274.133, 143
Trd, 000274.617, 147
Trd, 000275.000, 142
Trd, 000275.167, 147
Trd, 000275.400, 148
Trd, 000275.717, 154.0
Trd, 000276.417, 154
Trd, 000276.650, 152
Trd, 000276.667, 149
Trd, 000277.317, 146.0
Trd, 000277.883, 146
Trd, 000278.150, 150
Trd, 000278.817, 153.0
Trd, 000278.867, 155.0
Trd, 000279.583, 162.0
Trd, 000279.933, 155.0
Trd, 000280.100, 158
Trd, 000280.117, 145
Trd, 000280.150, 168
Trd, 000280.600, 164
Trd, 000281.317, 165
Trd, 000281.717, 156
Trd, 000281.850, 156
Trd, 000282.317, 149.0
Trd, 000282.583, 148.0
Trd, 000283.567, 148
Trd, 000283.850, 146.0
Trd, 000284.267, 137.0
Trd, 000284.350, 141
Trd, 000285.450, 135
Trd, 000285.517, 144
Trd, 000285.817, 134
Trd, 000285.883, 131.0
Trd, 000286.100, 139
Trd, 000286.467, 150
Trd, 000286.600, 151.0
Trd, 000287.317, 140
Trd, 000287.717, 141.0
Trd, 000287.883, 137.0
Trd, 000288.367, 136.0
Trd, 000289.033, 137.0
Trd, 000289.250, 134
Trd, 000289.533, 144
Trd, 000289.850, 147
Trd, 000290.733, 144
Trd, 000290.950, 148
Trd, 000291.267, 151.0
Trd, 000291.550, 155.0
Trd, 000291.783, 162.0
Trd, 000292.133, 144
Trd, 000292.317, 155
Trd, 000292.517, 142
Trd, 000292.550, 156
Trd, 000292.650, 141.0
Trd, 000293.400, 142
Trd, 000294.017, 157
Trd, 000294.183, 158.0
Trd, 000295.283, 157
Trd, 000296.083, 155.0
Trd, 000296.350, 155
Trd, 000296.467, 156
Trd, 000296.483, 154
Trd, 000296.883, 151.0
Trd, 000296.983, 155.0
Trd, 000297.467, 157
Trd, 000297.517, 158
Trd, 000297.533, 158.0
Trd, 000297.633, 148.0
Trd, 000298.667, 144
Trd, 000298.900, 141.0
Trd, 000299.600, 137.0
Trd, 000299.933, 133
Trd, 000299.950, 137.0
