Trd, 000000.750, 158
Trd, 000001.317, 196.0
Trd, 000001.517, 118
Trd, 000002.617, 149
Trd, 000003.367, 150
Trd, 000005.933, 142
Trd, 000006.017, 144
Trd, 000006.533, 142
Trd, 000008.017, 149
Trd, 000008.133, 149
Trd, 000008.500, 142
Trd, 000009.917, 150
Trd, 000010.300, 155
Trd, 000010.500, 145
Trd, 000010.567, 146
Trd, 000010.917, 146
Trd, 000011.167, 147
Trd, 000012.383, 148
Trd, 000012.683, 150
Trd, 000012.900, 155
Trd, 000013.667, 148
Trd, 000014.450, 148
Trd, 000014.883, 148
Trd, 000015.533, 148.0
Trd, 000015.800, 147
Trd, 000015.983, 146
Trd, 000017.200, 144
Trd, 000017.983, 145
Trd, 000018.033, 148
Trd, 000018.667, 142
Trd, 000018.900, 137.0
Trd, 000019.017, 133
Trd, 000020.267, 146
Trd, 000021.033, 150
Trd, 000021.133, 141
Trd, 000021.550, 139
Trd, 000021.883, 139
Trd, 000022.500, 151
Trd, 000023.050, 145
Trd, 000023.767, 127.0
Trd, 000025.133, 136
Trd, 000026.217, 134
Trd, 000026.333, 137
Trd, 000027.967, 141
Trd, 000028.217, 148
Trd, 000028.300, 151
Trd, 000028.550, 155
Trd, 000028.967, 155
Trd, 000029.567, 148
Trd, 000029.900, 147
Trd, 000030.267, 158.0
Trd, 000030.467, 145
Trd, 000030.783, 145
Trd, 000030.917, 137.0
Trd, 000031.783, 141
Trd, 000032.000, 133
Trd, 000032.200, 136
Trd, 000032.217, 151
Trd, 000033.533, 149
Trd, 000033.567, 133
Trd, 000034.433, 158.0
Trd, 000035.300, 142
Trd, 000035.667, 148
Trd, 000036.133, 150
Trd, 000036.417, 148.0
Trd, 000037.417, 149
Trd, 000037.633, 147
Trd, 000037.850, 150
Trd, 000037.950, 146
Trd, 000039.350, 154
Trd, 000039.433, 152
Trd, 000040.133, 148.0
Trd, 000040.367, 146
Trd, 000040.617, 146
Trd, 000040.983, 147
Trd, 000042.067, 148
Trd, 000042.450, 147
Trd, 000042.750, 146
Trd, 000043.067, 147
Trd, 000043.933, 148
Trd, 000044.933, 148
Trd, 000045.200, 158.0
Trd, 000045.367, 147
Trd, 000045.783, 152
Trd, 000046.167, 149
Trd, 000046.700, 142
Trd, 000047.267, 138.0
Trd, 000047.450, 155
Trd, 000047.800, 156
Trd, 000047.867, 158.0
Trd, 000048.117, 138.0
Trd, 000048.783, 137.0
Trd, 000049.167, 139
Trd, 000051.283, 137
Trd, 000052.500, 143
Trd, 000052.600, 138
Trd, 000052.983, 142
Trd, 000054.483, 138
Trd, 000054.700, 143
Trd, 000054.933, 148
Trd, 000056.250, 141
Trd, 000056.783, 140
Trd, 000056.967, 139
Trd, 000057.567, 138
Trd, 000057.967, 137.0
Trd, 000058.183, 136
Trd, 000059.350, 140
Trd, 000059.600, 141
Trd, 000060.483, 139
Trd, 000060.783, 141
Trd, 000061.183, 138
Trd, 000061.467, 142
Trd, 000062.200, 139
Trd, 000063.583, 140
Trd, 000063.700, 142
Trd, 000064.350, 142
Trd, 000065.200, 142
Trd, 000066.183, 149
Trd, 000066.233, 142
Trd, 000066.983, 158.0
Trd, 000067.683, 141
Trd, 000068.833, 139.0
Trd, 000069.317, 138.0
Trd, 000069.750, 144
Trd, 000070.100, 147
Trd, 000070.333, 146
Trd, 000070.850, 147
Trd, 000071.517, 148
Trd, 000071.633, 156
Trd, 000071.983, 176
Trd, 000072.400, 175.0
Trd, 000072.567, 159
Trd, 000073.233, 160
Trd, 000073.550, 146
Trd, 000073.750, 133
Trd, 000074.717, 146
Trd, 000075.433, 151
Trd, 000076.017, 145
Trd, 000077.600, 148
Trd, 000077.700, 149
Trd, 000078.050, 149
Trd, 000078.217, 139.0
Trd, 000078.517, 137.0
Trd, 000078.917, 156
Trd, 000079.533, 140
Trd, 000079.783, 139
Trd, 000079.817, 153
Trd, 000082.833, 143
Trd, 000083.283, 149
Trd, 000083.667, 144
Trd, 000084.017, 148
Trd, 000084.233, 142
Trd, 000084.767, 142
Trd, 000086.067, 140
Trd, 000086.383, 145
Trd, 000086.583, 143
Trd, 000086.650, 135
Trd, 000087.167, 156
Trd, 000087.650, 138
Trd, 000088.517, 139
Trd, 000089.483, 146
Trd, 000089.683, 146
Trd, 000089.883, 144
Trd, 000090.383, 143
Trd, 000091.333, 141
Trd, 000092.067, 149
Trd, 000092.983, 148
Trd, 000093.467, 144
Trd, 000093.483, 145
Trd, 000093.683, 158.0
Trd, 000094.783, 147
Trd, 000095.483, 149
Trd, 000096.317, 148
Trd, 000096.650, 148
Trd, 000097.033, 146
Trd, 000097.233, 143
Trd, 000098.267, 147
Trd, 000099.183, 156
Trd, 000099.650, 150
Trd, 000099.933, 151
Trd, 000100.250, 153
Trd, 000100.583, 150
Trd, 000100.617, 149
Trd, 000101.200, 155
Trd, 000101.833, 149.0
Trd, 000102.267, 151
Trd, 000104.200, 150
Trd, 000104.467, 148.0
Trd, 000104.750, 148
Trd, 000105.017, 151
Trd, 000105.317, 146
Trd, 000106.350, 150
Trd, 000106.950, 148
Trd, 000107.000, 149
Trd, 000107.617, 149
Trd, 000108.017, 150
Trd, 000108.050, 148
Trd, 000108.733, 154
Trd, 000108.833, 150
Trd, 000109.767, 150
Trd, 000110.000, 149
Trd, 000110.750, 149
Trd, 000110.767, 154
Trd, 000111.600, 148
Trd, 000112.867, 148
Trd, 000112.983, 150
Trd, 000113.700, 148
Trd, 000113.767, 147
Trd, 000114.150, 137.0
Trd, 000114.500, 150
Trd, 000115.033, 150
Trd, 000116.167, 149
Trd, 000118.333, 148
Trd, 000118.733, 148
Trd, 000118.983, 148
Trd, 000119.250, 148
Trd, 000119.983, 155
Trd, 000120.550, 148
Trd, 000120.633, 148.0
Trd, 000120.733, 146
Trd, 000121.083, 153
Trd, 000121.433, 154
Trd, 000121.467, 146
Trd, 000121.550, 155
Trd, 000121.767, 145
Trd, 000121.817, 137.0
Trd, 000122.900, 153
Trd, 000123.767, 150
Trd, 000125.283, 150
Trd, 000125.983, 149.0
Trd, 000126.300, 151
Trd, 000126.450, 148.0
Trd, 000126.817, 155
Trd, 000126.883, 158.0
Trd, 000126.933, 146
Trd, 000127.617, 148
Trd, 000128.500, 147
Trd, 000128.733, 149
Trd, 000129.000, 145
Trd, 000129.533, 144
Trd, 000129.683, 140
Trd, 000130.117, 150
Trd, 000130.233, 134
Trd, 000130.567, 152
Trd, 000131.500, 158
Trd, 000133.433, 158.0
Trd, 000133.800, 155
Trd, 000133.883, 162.0
Trd, 000134.083, 152
Trd, 000134.583, 153
Trd, 000135.467, 139.0
Trd, 000136.567, 149
Trd, 000136.850, 150
Trd, 000137.067, 145
Trd, 000138.067, 144
Trd, 000138.183, 148
Trd, 000138.917, 149
Trd, 000139.167, 144
Trd, 000139.617, 145
Trd, 000139.933, 144
Trd, 000141.200, 144
Trd, 000141.233, 145
Trd, 000141.617, 149
Trd, 000142.850, 150
Trd, 000143.117, 137.0
Trd, 000143.383, 155
Trd, 000143.567, 154
Trd, 000145.083, 147
Trd, 000145.467, 151
Trd, 000145.967, 151
Trd, 000146.150, 149
Trd, 000146.733, 148
Trd, 000147.533, 149
Trd, 000147.750, 151
Trd, 000148.100, 151
Trd, 000149.450, 150.0
Trd, 000149.633, 148.0
Trd, 000149.750, 155
Trd, 000150.017, 148
Trd, 000150.317, 137.0
Trd, 000150.550, 154
Trd, 000151.083, 158.0
Trd, 000152.700, 153
Trd, 000153.267, 147
Trd, 000153.300, 153
Trd, 000153.483, 162.0
Trd, 000153.800, 147
Trd, 000154.200, 150
Trd, 000155.967, 154
Trd, 000156.483, 137.0
Trd, 000156.517, 149
Trd, 000156.617, 154
Trd, 000158.333, 152
Trd, 000159.633, 150
Trd, 000159.983, 149
Trd, 000160.450, 150
Trd, 000160.850, 149
Trd, 000161.717, 149
Trd, 000162.233, 148
Trd, 000162.633, 148.0
Trd, 000163.033, 150
Trd, 000163.383, 142
Trd, 000163.483, 137.0
Trd, 000163.717, 150
Trd, 000165.133, 137
Trd, 000165.667, 142
Trd, 000166.733, 143
Trd, 000167.283, 143
Trd, 000167.667, 141
Trd, 000167.917, 140
Trd, 000167.967, 143
Trd, 000169.083, 155
Trd, 000169.400, 141
Trd, 000170.150, 151
Trd, 000171.817, 141
Trd, 000171.900, 140
Trd, 000172.083, 151
Trd, 000173.833, 157.0
Trd, 000173.917, 156
Trd, 000173.933, 155
Trd, 000174.683, 158.0
Trd, 000175.383, 137.0
Trd, 000175.633, 133
Trd, 000176.150, 131.0
Trd, 000176.683, 149
Trd, 000177.333, 138
Trd, 000177.350, 137
Trd, 000177.900, 148
Trd, 000180.617, 143
Trd, 000180.650, 136
Trd, 000180.767, 136
Trd, 000180.983, 135
Trd, 000181.217, 144
Trd, 000181.300, 134
Trd, 000182.833, 142
Trd, 000184.083, 142
Trd, 000184.717, 138
Trd, 000184.783, 148
Trd, 000185.100, 140
Trd, 000186.583, 146
Trd, 000186.783, 145
Trd, 000186.850, 143
Trd, 000187.633, 147
Trd, 000187.933, 145
Trd, 000188.067, 141
Trd, 000188.250, 139
Trd, 000188.600, 137.0
Trd, 000189.167, 148
Trd, 000189.217, 155
Trd, 000189.550, 158.0
Trd, 000191.317, 147
Trd, 000193.533, 151
Trd, 000193.550, 150
Trd, 000193.833, 148
Trd, 000194.133, 150
Trd, 000194.233, 158.0
Trd, 000196.050, 151
Trd, 000196.283, 150
Trd, 000196.367, 152
Trd, 000196.983, 153
Trd, 000197.100, 162.0
Trd, 000197.117, 148.0
Trd, 000197.517, 149
Trd, 000198.833, 154
Trd, 000199.900, 154
Trd, 000200.733, 153
Trd, 000201.333, 155
Trd, 000201.450, 155
Trd, 000201.767, 148.0
Trd, 000201.800, 155
Trd, 000201.983, 146
Trd, 000202.600, 147
Trd, 000203.017, 161
Trd, 000204.083, 141
Trd, 000204.300, 153
Trd, 000204.317, 158.0
Trd, 000205.850, 149
Trd, 000205.883, 149
Trd, 000206.750, 149
Trd, 000208.033, 151
Trd, 000208.117, 148
Trd, 000208.317, 147
Trd, 000208.933, 147
Trd, 000209.217, 147
Trd, 000210.417, 143
Trd, 000210.433, 149
Trd, 000210.850, 152
Trd, 000211.367, 140
Trd, 000211.383, 139
Trd, 000212.600, 141
Trd, 000212.900, 147
Trd, 000214.017, 148
Trd, 000215.133, 145
Trd, 000215.400, 146
Trd, 000216.300, 146
Trd, 000216.700, 145
Trd, 000216.983, 147
Trd, 000217.517, 148
Trd, 000218.833, 148
Trd, 000219.600, 148
Trd, 000220.167, 148
Trd, 000220.467, 149
Trd, 000220.550, 137.0
Trd, 000221.633, 143
Trd, 000221.683, 149
Trd, 000222.950, 145
Trd, 000223.417, 141
Trd, 000223.483, 140
Trd, 000223.783, 149
Trd, 000224.367, 151
Trd, 000225.300, 149
Trd, 000225.317, 142
Trd, 000225.550, 149
Trd, 000226.650, 149
Trd, 000226.667, 158.0
Trd, 000227.383, 153
Trd, 000227.583, 153
Trd, 000227.817, 155
Trd, 000228.817, 152
Trd, 000229.567, 154
Trd, 000229.967, 152
Trd, 000230.033, 148.0
Trd, 000230.750, 149
Trd, 000231.250, 156
Trd, 000231.867, 139.0
Trd, 000232.250, 152
Trd, 000233.017, 140.0
Trd, 000233.033, 154
Trd, 000234.383, 141
Trd, 000235.283, 147
Trd, 000235.567, 146
Trd, 000236.050, 144
Trd, 000236.250, 148
Trd, 000236.383, 149
Trd, 000237.117, 143
Trd, 000237.617, 150
Trd, 000238.550, 142
Trd, 000239.750, 145
Trd, 000240.183, 145
Trd, 000240.200, 144
Trd, 000240.283, 147
Trd, 000240.483, 141
Trd, 000240.583, 138.0
Trd, 000240.767, 145
Trd, 000241.300, 144.0
Trd, 000241.383, 143.0
Trd, 000241.400, 141
Trd, 000242.150, 144.0
Trd, 000242.183, 146
Trd, 000243.017, 148
Trd, 000243.100, 142
Trd, 000243.767, 155
Trd, 000243.950, 142
Trd, 000245.167, 143
Trd, 000245.217, 142
Trd, 000245.250, 141
Trd, 000245.617, 144.0
Trd, 000245.767, 145
Trd, 000246.600, 144.0
Trd, 000246.700, 143.0
Trd, 000247.700, 141
Trd, 000247.917, 139
Trd, 000248.667, 140.0
Trd, 000248.983, 139
Trd, 000249.483, 141.0
Trd, 000249.883, 142
Trd, 000250.000, 144.0
Trd, 000250.583, 142
Trd, 000250.633, 142
Trd, 000251.583, 139
Trd, 000251.650, 141
Trd, 000251.917, 141
Trd, 000251.933, 142
Trd, 000252.333, 149
Trd, 000252.467, 140
Trd, 000253.200, 155
Trd, 000253.750, 140
Trd, 000253.917, 142
Trd, 000254.750, 141
Trd, 000254.783, 140
Trd, 000255.383, 144
Trd, 000255.800, 142.0
Trd, 000256.083, 143
Trd, 000256.517, 143
Trd, 000256.633, 139
Trd, 000256.767, 138.0
Trd, 000258.267, 145
Trd, 000258.850, 145
Trd, 000259.733, 144.0
Trd, 000260.050, 145
Trd, 000260.217, 148
Trd, 000260.650, 151
Trd, 000260.750, 158.0
Trd, 000260.850, 162.0
Trd, 000261.617, 155
Trd, 000261.917, 155
Trd, 000262.050, 158
Trd, 000262.117, 154
Trd, 000262.233, 148
Trd, 000262.367, 144.0
Trd, 000262.633, 146
Trd, 000263.533, 137.0
Trd, 000264.183, 134
Trd, 000264.450, 144.0
Trd, 000265.033, 142
Trd, 000265.183, 144
Trd, 000265.233, 143
Trd, 000265.667, 145
Trd, 000266.283, 145
Trd, 000266.317, 152
Trd, 000267.050, 145
Trd, 000267.150, 155.0
Trd, 000267.633, 151
Trd, 000268.017, 148.0
Trd, 000268.933, 179.0
Trd, 000269.250, 151
Trd, 000269.517, 151
Trd, 000269.633, 150
Trd, 000269.933, 151
Trd, 000270.650, 153.0
Trd, 000271.200, 149.0
Trd, 000271.433, 152.0
Trd, 000271.567, 149
Trd, 000271.700, 149.0
Trd, 000272.233, 148.0
Trd, 000273.000, 149
Trd, 000273.050, 151
Trd, 000273.117, 147
Trd, 000273.617, 146
Trd, 000274.200, 147
Trd, 000274.383, 145
Trd, 000274.550, 152
Trd, 000274.950, 143.0
Trd, 000274.983, 137.0
Trd, 000275.300, 137
Trd, 000275.383, 138
Trd, 000275.683, 145
Trd, 000276.200, 146
Trd, 000276.683, 146
Trd, 000277.500, 144.0
Trd, 000277.733, 148
Trd, 000277.783, 156
Trd, 000278.233, 147
Trd, 000278.350, 148
Trd, 000278.700, 145
Trd, 000279.567, 156
Trd, 000279.700, 173
Trd, 000280.133, 155
Trd, 000281.317, 148
Trd, 000281.333, 151
Trd, 000281.817, 148
Trd, 000281.867, 149
Trd, 000281.967, 151
Trd, 000282.383, 148
Trd, 000282.833, 152.0
Trd, 000283.917, 149.0
Trd, 000284.017, 149
Trd, 000284.117, 148
Trd, 000284.650, 146
Trd, 000285.067, 144.0
Trd, 000285.417, 146
Trd, 000285.633, 145
Trd, 000285.717, 148
Trd, 000286.083, 148
Trd, 000286.267, 143
Trd, 000286.633, 150
Trd, 000286.950, 141
Trd, 000287.100, 143
Trd, 000287.317, 155
Trd, 000287.817, 145
Trd, 000288.100, 151
Trd, 000288.317, 144
Trd, 000289.217, 143
Trd, 000289.533, 143
Trd, 000289.700, 138.0
Trd, 000290.133, 149
Trd, 000290.183, 149
Trd, 000290.667, 149
Trd, 000290.767, 137.0
Trd, 000291.633, 150
Trd, 000291.850, 150
Trd, 000292.183, 144.0
Trd, 000292.333, 142
Trd, 000292.450, 151
Trd, 000293.067, 155
Trd, 000293.367, 139
Trd, 000294.100, 135
Trd, 000294.700, 135
Trd, 000295.133, 144.0
Trd, 000295.717, 142
Trd, 000296.333, 144
Trd, 000296.400, 138
Trd, 000296.600, 144
Trd, 000297.150, 144
Trd, 000297.367, 138.0
Trd, 000297.533, 138.0
Trd, 000297.700, 144
Trd, 000297.833, 150
Trd, 000297.983, 155
Trd, 000298.500, 158.0
Trd, 000298.917, 138
Trd, 000298.950, 137
Trd, 000299.167, 137.0
Trd, 000299.217, 137
Trd, 000299.550, 150
