Trd, 000002.983, 124.0
Trd, 000004.200, 134
Trd, 000004.367, 141.0
Trd, 000004.467, 148.0
Trd, 000004.750, 133
Trd, 000005.683, 135
Trd, 000006.317, 134
Trd, 000007.200, 133
Trd, 000007.233, 134
Trd, 000007.650, 127.0
Trd, 000007.917, 134
Trd, 000008.217, 131
Trd, 000009.017, 131
Trd, 000009.833, 133
Trd, 000009.917, 134
Trd, 000010.217, 133
Trd, 000011.700, 139
Trd, 000012.083, 139
Trd, 000012.433, 139.0
Trd, 000012.750, 140.0
Trd, 000013.217, 141.0
Trd, 000013.233, 148.0
Trd, 000013.450, 144
Trd, 000013.767, 140
Trd, 000016.117, 150
Trd, 000017.033, 148
Trd, 000017.667, 149
Trd, 000018.033, 149
Trd, 000018.250, 150
Trd, 000019.000, 149
Trd, 000019.983, 149
Trd, 000020.650, 148
Trd, 000021.167, 148
Trd, 000021.850, 149
Trd, 000021.933, 151
Trd, 000022.500, 151
Trd, 000023.217, 150
Trd, 000023.733, 147
Trd, 000023.883, 141.0
Trd, 000024.500, 150
Trd, 000024.800, 149
Trd, 000026.050, 146
Trd, 000026.867, 146
Trd, 000027.017, 147
Trd, 000027.033, 148
Trd, 000027.983, 147
Trd, 000028.150, 146
Trd, 000028.867, 143
Trd, 000029.250, 131
Trd, 000029.517, 143
Trd, 000029.633, 144
Trd, 000030.283, 144
Trd, 000030.500, 148.0
Trd, 000031.283, 151
Trd, 000031.517, 142.0
Trd, 000032.067, 142
Trd, 000032.950, 147
Trd, 000033.117, 142
Trd, 000033.800, 143.0
Trd, 000035.200, 144.0
Trd, 000035.450, 144.0
Trd, 000036.000, 144.0
Trd, 000036.767, 144
Trd, 000036.900, 147
Trd, 000037.733, 146
Trd, 000037.800, 148.0
Trd, 000039.383, 149
Trd, 000040.100, 150
Trd, 000040.117, 149
Trd, 000040.217, 142
Trd, 000040.400, 151
Trd, 000040.450, 141.0
Trd, 000040.483, 130
Trd, 000040.533, 127
Trd, 000042.433, 143.0
Trd, 000042.717, 149
Trd, 000043.983, 148
Trd, 000044.283, 148
Trd, 000044.750, 148
Trd, 000045.200, 150
Trd, 000045.633, 147.0
Trd, 000046.517, 148
Trd, 000046.867, 148
Trd, 000047.233, 147
Trd, 000048.083, 148
Trd, 000048.117, 152
Trd, 000048.333, 146
Trd, 000049.583, 145
Trd, 000049.717, 141.0
Trd, 000050.200, 151
Trd, 000051.000, 142
Trd, 000051.217, 141
Trd, 000052.017, 141
Trd, 000052.033, 145
Trd, 000052.167, 140
Trd, 000054.883, 147
Trd, 000055.183, 146.0
Trd, 000055.200, 144.0
Trd, 000055.383, 148
Trd, 000055.517, 149
Trd, 000056.517, 148
Trd, 000056.617, 147
Trd, 000057.383, 147
Trd, 000058.167, 148.0
Trd, 000058.817, 153
Trd, 000058.950, 155.0
Trd, 000059.367, 150
Trd, 000060.017, 146
Trd, 000060.667, 150
Trd, 000060.933, 150
Trd, 000061.233, 149
Trd, 000061.267, 151
Trd, 000061.300, 158.0
Trd, 000062.333, 149
Trd, 000062.883, 156
Trd, 000063.333, 156
Trd, 000063.567, 163
Trd, 000064.250, 159
Trd, 000065.350, 160
Trd, 000066.050, 157.0
Trd, 000067.850, 156.0
Trd, 000067.950, 156
Trd, 000068.300, 156.0
Trd, 000068.967, 155.0
Trd, 000069.633, 152
Trd, 000070.800, 150
Trd, 000070.967, 154
Trd, 000071.300, 151
Trd, 000071.450, 156
Trd, 000072.283, 156
Trd, 000073.117, 148.0
Trd, 000073.883, 149
Trd, 000075.017, 151
Trd, 000075.100, 149
Trd, 000075.767, 150
Trd, 000075.950, 143.0
Trd, 000076.900, 145
Trd, 000077.283, 148
Trd, 000077.350, 148.0
Trd, 000078.400, 144
Trd, 000079.550, 148
Trd, 000079.717, 146.0
Trd, 000080.267, 147
Trd, 000080.850, 145
Trd, 000081.000, 146
Trd, 000081.233, 147
Trd, 000081.500, 146.0
Trd, 000082.200, 148.0
Trd, 000082.233, 148
Trd, 000082.983, 148.0
Trd, 000083.783, 145
Trd, 000084.100, 145
Trd, 000085.133, 145
Trd, 000085.933, 156.0
Trd, 000085.967, 155.0
Trd, 000087.017, 152
Trd, 000087.283, 148
Trd, 000087.417, 158.0
Trd, 000088.083, 162
Trd, 000088.250, 157.0
Trd, 000088.683, 174.0
Trd, 000090.517, 156.0
Trd, 000090.717, 155.0
Trd, 000091.433, 156
Trd, 000091.583, 155
Trd, 000091.600, 150
Trd, 000092.850, 156
Trd, 000092.883, 149.0
Trd, 000093.117, 157
Trd, 000093.667, 155.0
Trd, 000094.583, 156
Trd, 000094.683, 155
Trd, 000095.817, 150.0
Trd, 000096.033, 156
Trd, 000096.767, 152
Trd, 000097.817, 152
Trd, 000098.033, 152
Trd, 000098.600, 145.0
Trd, 000098.617, 151
Trd, 000099.050, 146
Trd, 000099.883, 147
Trd, 000100.267, 146
Trd, 000100.500, 141.0
Trd, 000100.783, 148
Trd, 000101.300, 146
Trd, 000102.600, 145.0
Trd, 000102.867, 145
Trd, 000102.983, 144.0
Trd, 000103.433, 143
Trd, 000103.683, 145
Trd, 000104.617, 144
Trd, 000105.067, 144
Trd, 000105.733, 144
Trd, 000106.033, 143.0
Trd, 000106.667, 142
Trd, 000107.917, 144.0
Trd, 000109.017, 142.0
Trd, 000109.750, 144
Trd, 000110.217, 144
Trd, 000111.033, 145
Trd, 000111.117, 144.0
Trd, 000111.483, 144
Trd, 000111.600, 142.0
Trd, 000113.100, 144.0
Trd, 000113.717, 145
Trd, 000113.850, 141.0
Trd, 000114.017, 147
Trd, 000115.267, 145
Trd, 000115.417, 146
Trd, 000115.917, 146
Trd, 000116.017, 147
Trd, 000116.717, 144
Trd, 000117.200, 147
Trd, 000117.350, 148.0
Trd, 000119.067, 148
Trd, 000119.617, 149
Trd, 000119.783, 149
Trd, 000119.883, 151
Trd, 000120.150, 150
Trd, 000120.700, 150
Trd, 000121.267, 148.0
Trd, 000121.467, 151
Trd, 000121.950, 158.0
Trd, 000122.033, 142
Trd, 000122.833, 153
Trd, 000123.233, 143
Trd, 000123.433, 155.0
Trd, 000124.750, 145.0
Trd, 000124.967, 160
Trd, 000125.200, 166.0
Trd, 000127.167, 156
Trd, 000127.517, 156
Trd, 000127.783, 156
Trd, 000128.133, 158.0
Trd, 000128.467, 154
Trd, 000128.550, 157
Trd, 000128.933, 152
Trd, 000129.000, 150
Trd, 000130.017, 157.0
Trd, 000130.300, 155.0
Trd, 000131.183, 152
Trd, 000132.033, 154
Trd, 000133.367, 153
Trd, 000133.533, 150
Trd, 000133.900, 151.0
Trd, 000134.333, 150.0
Trd, 000134.850, 153
Trd, 000135.267, 148.0
Trd, 000136.717, 150
Trd, 000136.783, 149
Trd, 000137.233, 150
Trd, 000137.483, 151
Trd, 000137.917, 151
Trd, 000137.983, 152
Trd, 000138.083, 158.0
Trd, 000138.667, 150
Trd, 000139.200, 151
Trd, 000139.317, 153
Trd, 000139.650, 175.0
Trd, 000139.717, 149
Trd, 000141.200, 157
Trd, 000142.183, 157
Trd, 000142.517, 157
Trd, 000142.667, 159
Trd, 000142.833, 143
Trd, 000143.150, 143.0
Trd, 000144.400, 150
Trd, 000144.600, 156
Trd, 000145.700, 149.0
Trd, 000145.967, 148.0
Trd, 000146.050, 140
Trd, 000147.150, 147
Trd, 000147.600, 146
Trd, 000147.783, 145
Trd, 000147.833, 143
Trd, 000148.733, 143
Trd, 000148.900, 144
Trd, 000150.150, 142.0
Trd, 000150.217, 143
Trd, 000150.900, 144
Trd, 000151.650, 144
Trd, 000152.217, 141.0
Trd, 000152.833, 142
Trd, 000153.150, 142
Trd, 000153.550, 141
Trd, 000154.750, 142
Trd, 000155.100, 143
Trd, 000155.583, 148.0
Trd, 000156.233, 141
Trd, 000156.333, 141
Trd, 000156.350, 150
Trd, 000157.667, 141.0
Trd, 000158.433, 146
Trd, 000158.933, 146
Trd, 000159.750, 146
Trd, 000159.800, 147.0
Trd, 000160.367, 148.0
Trd, 000160.550, 145
Trd, 000160.900, 146
Trd, 000161.117, 149
Trd, 000161.417, 148
Trd, 000161.883, 149
Trd, 000162.317, 148
Trd, 000162.550, 148.0
Trd, 000162.733, 143
Trd, 000163.483, 149
Trd, 000163.767, 141
Trd, 000163.817, 150
Trd, 000164.333, 150
Trd, 000165.367, 145.0
Trd, 000165.433, 145
Trd, 000165.483, 143.0
Trd, 000167.200, 149
Trd, 000167.250, 150
Trd, 000168.300, 146
Trd, 000169.450, 145
Trd, 000169.817, 146
Trd, 000170.383, 146
Trd, 000170.533, 147
Trd, 000171.000, 144
Trd, 000171.133, 146
Trd, 000171.883, 146
Trd, 000172.883, 147
Trd, 000172.983, 146
Trd, 000173.167, 145
Trd, 000175.317, 143.0
Trd, 000175.683, 146.0
Trd, 000175.733, 150
Trd, 000176.633, 148
Trd, 000177.117, 145.0
Trd, 000177.317, 147
Trd, 000178.633, 145
Trd, 000178.817, 147
Trd, 000178.967, 146
Trd, 000179.783, 146
Trd, 000179.917, 150
Trd, 000180.900, 146
Trd, 000181.150, 157.0
Trd, 000181.617, 150
Trd, 000182.067, 156.0
Trd, 000182.250, 156.0
Trd, 000182.450, 158.0
Trd, 000182.750, 157
Trd, 000184.233, 157.0
Trd, 000184.383, 157
Trd, 000184.617, 155.0
Trd, 000185.067, 150.0
Trd, 000185.517, 157
Trd, 000186.067, 152
Trd, 000186.417, 153
Trd, 000186.667, 153
Trd, 000187.417, 151.0
Trd, 000187.617, 141.0
Trd, 000188.233, 152
Trd, 000188.617, 153
Trd, 000189.083, 153
Trd, 000189.417, 148.0
Trd, 000189.917, 149
Trd, 000190.717, 147
Trd, 000191.100, 147
Trd, 000192.367, 149
Trd, 000192.883, 148
Trd, 000194.467, 145
Trd, 000194.900, 143.0
Trd, 000195.317, 144
Trd, 000195.583, 145
Trd, 000195.700, 143.0
Trd, 000195.967, 141.0
Trd, 000196.233, 151
Trd, 000197.283, 158.0
Trd, 000197.650, 175.0
Trd, 000197.850, 155
Trd, 000198.583, 156
Trd, 000198.633, 155
Trd, 000199.700, 160
Trd, 000199.917, 157
Trd, 000200.083, 150
Trd, 000200.767, 151
Trd, 000201.667, 155.0
Trd, 000202.400, 156
Trd, 000202.750, 150
Trd, 000202.867, 155.0
Trd, 000204.050, 152
Trd, 000204.067, 151
Trd, 000204.183, 141.0
Trd, 000204.433, 139
Trd, 000204.950, 151
Trd, 000205.367, 145
Trd, 000205.600, 149
Trd, 000206.067, 141.0
Trd, 000206.233, 150
Trd, 000206.950, 139
Trd, 000207.617, 141.0
Trd, 000208.633, 149
Trd, 000209.650, 143
Trd, 000210.117, 142
Trd, 000210.433, 146
Trd, 000210.917, 146
Trd, 000211.400, 147
Trd, 000211.450, 147
Trd, 000211.717, 146
Trd, 000212.017, 148
Trd, 000212.033, 146
Trd, 000212.333, 149
Trd, 000212.667, 150
Trd, 000212.717, 141.0
Trd, 000213.483, 143
Trd, 000213.933, 142
Trd, 000215.400, 147
Trd, 000215.567, 147
Trd, 000216.450, 151
Trd, 000216.550, 157.0
Trd, 000216.867, 156.0
Trd, 000217.350, 157.0
Trd, 000218.517, 156.0
Trd, 000218.567, 156.0
Trd, 000218.833, 155.0
Trd, 000219.050, 157
Trd, 000219.767, 154
Trd, 000221.233, 150
Trd, 000221.533, 141.0
Trd, 000221.833, 152
Trd, 000222.467, 133
Trd, 000222.750, 143
Trd, 000223.150, 141.0
Trd, 000223.200, 146
Trd, 000223.550, 135
Trd, 000224.933, 145.0
Trd, 000225.967, 139
Trd, 000225.983, 148.0
Trd, 000226.167, 152
Trd, 000226.183, 136
Trd, 000227.767, 145
Trd, 000228.467, 142
Trd, 000228.650, 145
Trd, 000228.783, 142
Trd, 000229.467, 147
Trd, 000231.033, 148.0
Trd, 000231.167, 148
Trd, 000231.417, 149
Trd, 000231.433, 147
Trd, 000231.733, 144
Trd, 000232.967, 148
Trd, 000233.300, 145
Trd, 000233.483, 144
Trd, 000234.083, 144
Trd, 000234.567, 144.0
Trd, 000235.317, 145.0
Trd, 000235.533, 151
Trd, 000235.550, 149
Trd, 000235.667, 147
Trd, 000236.150, 148
Trd, 000237.633, 149
Trd, 000237.650, 150
Trd, 000237.833, 151
Trd, 000238.067, 152
Trd, 000238.833, 151.0
Trd, 000239.000, 148.0
Trd, 000239.133, 152
Trd, 000240.317, 145.0
Trd, 000240.450, 144.0
Trd, 000240.917, 143
Trd, 000240.983, 145
Trd, 000241.967, 152
Trd, 000242.583, 153
Trd, 000242.667, 154.0
Trd, 000242.967, 152.0
Trd, 000243.533, 155.0
Trd, 000244.067, 149
Trd, 000245.017, 150
Trd, 000245.283, 147
Trd, 000245.467, 141.0
Trd, 000245.550, 150
Trd, 000246.317, 150
Trd, 000246.717, 150
Trd, 000247.050, 149
Trd, 000247.150, 148
Trd, 000247.400, 148.0
Trd, 000248.517, 149
Trd, 000249.450, 149
Trd, 000249.967, 141.0
Trd, 000250.467, 141
Trd, 000250.533, 143
Trd, 000250.667, 144
Trd, 000250.933, 150
Trd, 000251.283, 144.0
Trd, 000251.600, 148.0
Trd, 000251.917, 148.0
Trd, 000252.067, 154
Trd, 000252.083, 166
Trd, 000252.833, 152.0
Trd, 000252.867, 155.0
Trd, 000253.817, 152.0
Trd, 000254.033, 156
Trd, 000254.267, 155
Trd, 000254.733, 154.0
Trd, 000256.050, 155
Trd, 000256.233, 153
Trd, 000256.933, 149
Trd, 000257.383, 151
Trd, 000257.483, 152.0
Trd, 000257.800, 152
Trd, 000258.000, 155
Trd, 000258.733, 150
Trd, 000259.000, 149
Trd, 000259.383, 150
Trd, 000259.850, 151
Trd, 000260.033, 155
Trd, 000261.200, 153
Trd, 000261.433, 141.0
Trd, 000262.150, 144
Trd, 000262.550, 149
Trd, 000263.250, 141.0
Trd, 000264.450, 138
Trd, 000264.500, 138
Trd, 000264.850, 137.0
Trd, 000265.533, 136
Trd, 000265.783, 139
Trd, 000266.367, 140.0
Trd, 000266.450, 137
Trd, 000266.667, 138
Trd, 000266.700, 141.0
Trd, 000267.517, 138
Trd, 000267.717, 141
Trd, 000268.183, 148.0
Trd, 000269.367, 150
Trd, 000269.417, 146
Trd, 000269.817, 151
Trd, 000269.917, 149
Trd, 000270.033, 146
Trd, 000270.950, 151
Trd, 000271.783, 156.0
Trd, 000272.267, 147
Trd, 000273.033, 150
Trd, 000273.300, 153.0
Trd, 000274.400, 152.0
Trd, 000274.533, 157.0
Trd, 000274.550, 151.0
Trd, 000274.583, 148.0
Trd, 000275.217, 153
Trd, 000275.583, 148.0
Trd, 000276.100, 148
Trd, 000276.200, 149
Trd, 000276.500, 150
Trd, 000276.900, 149
Trd, 000277.000, 151
Trd, 000277.017, 148
Trd, 000277.383, 148
Trd, 000277.617, 151
Trd, 000277.683, 147
Trd, 000277.850, 147
Trd, 000279.367, 151
Trd, 000279.833, 151
Trd, 000280.100, 155.0
Trd, 000280.383, 148.0
Trd, 000280.483, 148.0
Trd, 000282.067, 146
Trd, 000282.383, 146
Trd, 000282.433, 145
Trd, 000282.700, 144
Trd, 000282.900, 141.0
Trd, 000283.483, 140
Trd, 000283.950, 140.0
Trd, 000283.967, 150
Trd, 000284.717, 147.0
Trd, 000284.733, 151
Trd, 000285.100, 158.0
Trd, 000285.583, 156
Trd, 000286.383, 152
Trd, 000286.450, 151
Trd, 000287.550, 152
Trd, 000287.583, 154
Trd, 000287.817, 151
Trd, 000287.850, 148
Trd, 000287.917, 149.0
Trd, 000287.933, 153
Trd, 000288.333, 148.0
Trd, 000288.800, 154
Trd, 000289.383, 154
Trd, 000289.533, 149
Trd, 000290.117, 147
Trd, 000290.267, 152
Trd, 000290.400, 157
Trd, 000291.867, 148
Trd, 000291.950, 168.0
Trd, 000293.333, 149
Trd, 000293.650, 148
Trd, 000294.167, 155.0
Trd, 000295.317, 158
Trd, 000295.533, 159
Trd, 000295.633, 169
Trd, 000296.217, 155
Trd, 000296.283, 154
Trd, 000297.333, 156
Trd, 000297.567, 157
Trd, 000298.183, 156
Trd, 000298.333, 149
Trd, 000298.700, 148.0
Trd, 000298.767, 149
Trd, 000299.067, 155
Trd, 000299.783, 152
