Trd, 000002.150, 131
Trd, 000002.200, 168
Trd, 000003.033, 168.0
Trd, 000003.767, 165.0
Trd, 000004.667, 155.0
Trd, 000004.867, 143
Trd, 000006.117, 145.0
Trd, 000006.817, 149
Trd, 000007.267, 155.0
Trd, 000007.283, 156.0
Trd, 000007.350, 158.0
Trd, 000007.900, 157.0
Trd, 000008.033, 155.0
Trd, 000008.317, 162.0
Trd, 000008.500, 155
Trd, 000008.567, 141.0
Trd, 000009.867, 168.0
Trd, 000011.033, 167
Trd, 000011.350, 167
Trd, 000011.467, 166
Trd, 000011.517, 165.0
Trd, 000011.750, 161
Trd, 000012.517, 131
Trd, 000013.400, 149
Trd, 000014.717, 153
Trd, 000014.750, 151
Trd, 000015.600, 154
Trd, 000015.650, 156
Trd, 000016.367, 151
Trd, 000018.567, 154
Trd, 000019.150, 146
Trd, 000019.400, 152
Trd, 000019.833, 152
Trd, 000021.233, 150
Trd, 000021.383, 149
Trd, 000022.383, 150
Trd, 000022.633, 158.0
Trd, 000023.967, 157
Trd, 000024.550, 156
Trd, 000024.683, 155
Trd, 000024.867, 154
Trd, 000025.183, 149
Trd, 000025.317, 156.0
Trd, 000026.167, 151
Trd, 000026.750, 151
Trd, 000027.567, 156
Trd, 000028.550, 159.0
Trd, 000028.983, 161.0
Trd, 000029.633, 159.0
Trd, 000029.867, 162.0
Trd, 000030.150, 168.0
Trd, 000030.950, 159
Trd, 000031.133, 155.0
Trd, 000031.533, 167
Trd, 000032.350, 161
Trd, 000032.533, 141.0
Trd, 000034.183, 156
Trd, 000034.633, 156.0
Trd, 000035.233, 156.0
Trd, 000035.583, 158
Trd, 000035.950, 158.0
Trd, 000036.100, 157
Trd, 000037.883, 168.0
Trd, 000038.217, 159
Trd, 000039.100, 156
Trd, 000039.883, 158.0
Trd, 000040.017, 157.0
Trd, 000040.333, 155.0
Trd, 000041.183, 157
Trd, 000042.733, 155
Trd, 000042.750, 157
Trd, 000043.217, 154
Trd, 000043.500, 141.0
Trd, 000043.733, 155
Trd, 000044.600, 155
Trd, 000045.150, 154
Trd, 000046.767, 155
Trd, 000047.217, 154
Trd, 000047.550, 155
Trd, 000047.583, 153
Trd, 000048.183, 155
Trd, 000048.600, 156
Trd, 000048.783, 130
Trd, 000050.183, 155
Trd, 000050.683, 153
Trd, 000050.733, 155
Trd, 000051.217, 152
Trd, 000052.350, 155.0
Trd, 000052.633, 156
Trd, 000053.167, 155
Trd, 000053.750, 156
Trd, 000056.000, 156
Trd, 000056.317, 158.0
Trd, 000057.083, 156
Trd, 000058.300, 156
Trd, 000059.500, 157
Trd, 000060.167, 157
Trd, 000060.550, 157
Trd, 000060.650, 158
Trd, 000061.500, 156.0
Trd, 000061.983, 155.0
Trd, 000062.583, 159
Trd, 000062.833, 162.0
Trd, 000063.267, 155
Trd, 000063.850, 154
Trd, 000064.267, 141.0
Trd, 000064.517, 155
Trd, 000065.617, 153
Trd, 000067.350, 131.0
Trd, 000067.667, 150
Trd, 000068.100, 147
Trd, 000068.117, 148
Trd, 000068.600, 151.0
Trd, 000069.833, 146
Trd, 000070.567, 145
Trd, 000070.700, 146
Trd, 000071.667, 146
Trd, 000071.783, 147
Trd, 000073.267, 153
Trd, 000073.283, 155
Trd, 000074.667, 146
Trd, 000074.800, 148
Trd, 000074.850, 150
Trd, 000075.950, 150
Trd, 000076.733, 150
Trd, 000077.117, 151.0
Trd, 000077.700, 150
Trd, 000078.767, 151
Trd, 000078.967, 151
Trd, 000079.583, 162.0
Trd, 000080.433, 170.0
Trd, 000081.800, 159
Trd, 000081.850, 158
Trd, 000082.033, 158
Trd, 000082.500, 158
Trd, 000082.750, 157
Trd, 000083.017, 156
Trd, 000083.533, 160
Trd, 000084.417, 158.0
Trd, 000084.517, 160
Trd, 000085.433, 157
Trd, 000086.017, 155.0
Trd, 000086.667, 157.0
Trd, 000087.333, 158.0
Trd, 000089.450, 159
Trd, 000090.483, 156
Trd, 000090.683, 158
Trd, 000091.350, 157
Trd, 000091.400, 158
Trd, 000092.217, 158.0
Trd, 000093.133, 156.0
Trd, 000093.283, 155.0
Trd, 000093.850, 157
Trd, 000095.900, 156
Trd, 000096.150, 155
Trd, 000096.850, 155
Trd, 000097.083, 156
Trd, 000098.333, 156.0
Trd, 000099.150, 157
Trd, 000099.250, 155.0
Trd, 000099.867, 157
Trd, 000100.100, 158.0
Trd, 000100.133, 162.0
Trd, 000101.617, 158
Trd, 000101.733, 154
Trd, 000102.783, 147
Trd, 000102.883, 154
Trd, 000104.417, 155
Trd, 000105.383, 156
Trd, 000105.450, 127
Trd, 000105.967, 151
Trd, 000106.783, 149
Trd, 000107.550, 140
Trd, 000108.650, 145
Trd, 000108.700, 147
Trd, 000109.067, 157.0
Trd, 000109.250, 158.0
Trd, 000109.317, 162.0
Trd, 000109.567, 156.0
Trd, 000110.467, 157
Trd, 000111.183, 171
Trd, 000112.750, 167
Trd, 000112.900, 141.0
Trd, 000113.000, 173
Trd, 000113.917, 158.0
Trd, 000114.400, 155.0
Trd, 000115.250, 156
Trd, 000116.083, 157
Trd, 000116.133, 158
Trd, 000117.183, 156
Trd, 000118.050, 155.0
Trd, 000118.083, 156
Trd, 000119.350, 156
Trd, 000119.383, 154
Trd, 000119.683, 156
Trd, 000120.017, 153
Trd, 000120.217, 162.0
Trd, 000121.183, 157
Trd, 000122.600, 157
Trd, 000123.317, 155.0
Trd, 000124.150, 156
Trd, 000124.233, 157
Trd, 000124.533, 155
Trd, 000125.800, 156
Trd, 000125.950, 157
Trd, 000127.100, 157
Trd, 000128.233, 160.0
Trd, 000128.533, 162.0
Trd, 000128.583, 168.0
Trd, 000128.667, 156.0
Trd, 000129.167, 169.0
Trd, 000129.317, 168.0
Trd, 000130.333, 159
Trd, 000131.717, 160
Trd, 000132.650, 164
Trd, 000133.800, 162
Trd, 000133.833, 164
Trd, 000133.867, 161
Trd, 000134.083, 159
Trd, 000135.950, 157
Trd, 000136.483, 155.0
Trd, 000136.717, 157
Trd, 000138.367, 156
Trd, 000138.383, 157
Trd, 000138.617, 154
Trd, 000138.733, 145
Trd, 000138.817, 156
Trd, 000139.300, 156
Trd, 000139.800, 155.0
Trd, 000140.750, 156
Trd, 000142.517, 155
Trd, 000142.617, 158.0
Trd, 000142.717, 158
Trd, 000144.067, 152
Trd, 000144.200, 154
Trd, 000144.450, 156
Trd, 000145.517, 158.0
Trd, 000146.150, 154
Trd, 000148.917, 156.0
Trd, 000149.100, 155
Trd, 000149.133, 154
Trd, 000149.300, 155.0
Trd, 000150.583, 156
Trd, 000151.817, 156
Trd, 000152.383, 156
Trd, 000153.000, 156
Trd, 000153.217, 158.0
Trd, 000153.750, 156
Trd, 000156.017, 148
Trd, 000156.167, 148
Trd, 000156.217, 149
Trd, 000156.717, 151.0
Trd, 000157.250, 138
Trd, 000158.300, 149
Trd, 000158.667, 158.0
Trd, 000159.183, 161.0
Trd, 000159.417, 162.0
Trd, 000159.883, 127.0
Trd, 000160.850, 150
Trd, 000161.350, 148
Trd, 000161.783, 138
Trd, 000162.967, 144
Trd, 000163.117, 149
Trd, 000164.050, 148
Trd, 000164.617, 151.0
Trd, 000164.983, 142
Trd, 000165.067, 156.0
Trd, 000165.533, 158.0
Trd, 000168.233, 153
Trd, 000168.367, 153
Trd, 000168.667, 142.0
Trd, 000170.300, 151.0
Trd, 000170.617, 153
Trd, 000170.733, 161.0
Trd, 000171.267, 155
Trd, 000171.300, 156
Trd, 000171.900, 166.0
Trd, 000173.283, 167.0
Trd, 000173.600, 165.0
Trd, 000174.300, 165.0
Trd, 000175.133, 162
Trd, 000175.783, 163.0
Trd, 000176.333, 162
Trd, 000176.867, 161
Trd, 000178.267, 162
Trd, 000178.633, 160
Trd, 000179.750, 160
Trd, 000180.800, 158.0
Trd, 000180.933, 157
Trd, 000181.100, 158
Trd, 000181.250, 159
Trd, 000181.367, 159
Trd, 000181.667, 161.0
Trd, 000184.033, 157.0
Trd, 000184.167, 158.0
Trd, 000185.333, 156.0
Trd, 000185.583, 155.0
Trd, 000185.900, 156
Trd, 000186.617, 156
Trd, 000187.200, 155
Trd, 000187.517, 154
Trd, 000187.917, 155
Trd, 000189.100, 156
Trd, 000189.117, 157
Trd, 000189.517, 157.0
Trd, 000189.817, 158.0
Trd, 000191.033, 158
Trd, 000191.150, 158
Trd, 000193.617, 162.0
Trd, 000194.000, 156.0
Trd, 000194.333, 157
Trd, 000194.417, 160
Trd, 000195.283, 158
Trd, 000195.367, 159
Trd, 000195.900, 159
Trd, 000196.733, 158.0
Trd, 000196.983, 156
Trd, 000198.017, 159
Trd, 000198.767, 158
Trd, 000199.817, 158
Trd, 000200.417, 158
Trd, 000201.900, 158
Trd, 000202.567, 158.0
Trd, 000203.100, 155.0
Trd, 000203.333, 157
Trd, 000203.817, 154
Trd, 000204.350, 155
Trd, 000204.450, 141.0
Trd, 000205.683, 155
Trd, 000206.417, 155
Trd, 000207.100, 157.0
Trd, 000207.550, 158.0
Trd, 000207.717, 157.0
Trd, 000208.550, 160.0
Trd, 000208.900, 161.0
Trd, 000209.117, 168.0
Trd, 000209.883, 163
Trd, 000209.983, 162
Trd, 000211.683, 168.0
Trd, 000211.700, 164
Trd, 000213.617, 164
Trd, 000213.667, 163
Trd, 000214.600, 162
Trd, 000214.683, 155.0
Trd, 000215.167, 157
Trd, 000215.567, 158.0
Trd, 000215.650, 157
Trd, 000215.833, 157
Trd, 000217.150, 158
Trd, 000217.650, 160.0
Trd, 000218.033, 155.0
Trd, 000218.133, 162.0
Trd, 000218.283, 147
Trd, 000218.667, 168.0
Trd, 000219.200, 155
Trd, 000219.750, 163
Trd, 000220.483, 165.0
Trd, 000222.383, 158.0
Trd, 000222.467, 156.0
Trd, 000223.783, 159
Trd, 000224.550, 160
Trd, 000224.700, 159.0
Trd, 000225.550, 141.0
Trd, 000226.183, 157
Trd, 000226.200, 156.0
Trd, 000227.033, 157
Trd, 000227.067, 161
Trd, 000228.083, 155.0
Trd, 000228.400, 159
Trd, 000229.700, 162.0
Trd, 000230.317, 157
Trd, 000231.267, 154
Trd, 000232.417, 157.0
Trd, 000232.533, 157
Trd, 000233.533, 158
Trd, 000234.200, 156
Trd, 000234.267, 155
Trd, 000234.367, 157
Trd, 000234.383, 158.0
Trd, 000236.217, 155
Trd, 000237.767, 157
Trd, 000239.550, 156
Trd, 000240.217, 157
Trd, 000240.283, 158.0
Trd, 000240.417, 158.0
Trd, 000240.500, 156.0
Trd, 000240.783, 155.0
Trd, 000241.367, 154
Trd, 000241.700, 162.0
Trd, 000242.350, 158
Trd, 000242.500, 158
Trd, 000242.683, 162.0
Trd, 000243.017, 128
Trd, 000243.867, 144.0
Trd, 000244.100, 144.0
Trd, 000244.167, 146
Trd, 000244.733, 143
Trd, 000245.550, 145
Trd, 000245.567, 144
Trd, 000245.683, 146
Trd, 000245.900, 162.0
Trd, 000246.900, 148
Trd, 000247.267, 148
Trd, 000247.367, 147
Trd, 000248.017, 150
Trd, 000248.033, 149
Trd, 000248.483, 150.0
Trd, 000248.750, 148
Trd, 000248.917, 151.0
Trd, 000250.517, 151
Trd, 000251.033, 151
Trd, 000251.200, 151
Trd, 000251.350, 150.0
Trd, 000251.567, 148.0
Trd, 000252.000, 151
Trd, 000252.400, 147
Trd, 000252.483, 151.0
Trd, 000253.133, 150
Trd, 000254.200, 150
Trd, 000254.433, 151
Trd, 000254.650, 148.0
Trd, 000254.800, 151
Trd, 000255.417, 151
Trd, 000256.483, 152
Trd, 000256.883, 157.0
Trd, 000257.100, 154
Trd, 000257.217, 157.0
Trd, 000257.233, 148
Trd, 000258.567, 155.0
Trd, 000259.150, 156
Trd, 000259.567, 154
Trd, 000260.150, 155
Trd, 000260.567, 154
Trd, 000261.050, 157.0
Trd, 000261.333, 154
Trd, 000261.967, 157.0
Trd, 000262.400, 157
Trd, 000262.500, 157
Trd, 000262.850, 153
Trd, 000263.617, 149
Trd, 000264.367, 155
Trd, 000264.450, 157
Trd, 000264.917, 150.0
Trd, 000265.383, 153.0
Trd, 000265.400, 154.0
Trd, 000265.783, 149.0
Trd, 000266.150, 150
Trd, 000267.033, 154
Trd, 000267.417, 151
Trd, 000268.133, 151
Trd, 000268.183, 148.0
Trd, 000268.267, 158.0
Trd, 000269.550, 162.0
Trd, 000269.600, 155.0
Trd, 000270.417, 156
Trd, 000270.883, 164
Trd, 000271.167, 158
Trd, 000271.367, 159
Trd, 000271.933, 154
Trd, 000272.133, 156.0
Trd, 000272.483, 152
Trd, 000273.033, 154
Trd, 000273.200, 155.0
Trd, 000273.367, 154
Trd, 000273.583, 147.0
Trd, 000273.867, 154
Trd, 000274.333, 148
Trd, 000274.783, 154
Trd, 000275.150, 152.0
Trd, 000276.317, 151
Trd, 000276.567, 150
Trd, 000276.733, 147.0
Trd, 000276.783, 152
Trd, 000277.183, 151.0
Trd, 000277.433, 145
Trd, 000277.817, 155.0
Trd, 000279.183, 156.0
Trd, 000279.617, 152
Trd, 000279.983, 153
Trd, 000280.583, 154
Trd, 000280.800, 158.0
Trd, 000281.050, 154.0
Trd, 000282.350, 154
Trd, 000282.450, 155
Trd, 000282.767, 158.0
Trd, 000282.833, 151
Trd, 000283.250, 142.0
Trd, 000283.500, 144.0
Trd, 000283.617, 141.0
Trd, 000284.433, 152.0
Trd, 000285.233, 152
Trd, 000285.683, 158.0
Trd, 000285.983, 167.0
Trd, 000286.633, 157
Trd, 000287.483, 159
Trd, 000287.633, 158.0
Trd, 000287.783, 155.0
Trd, 000288.400, 155
Trd, 000288.600, 154.0
Trd, 000289.250, 158.0
Trd, 000289.283, 151
Trd, 000289.617, 158
Trd, 000289.817, 158
Trd, 000290.333, 159
Trd, 000291.983, 156
Trd, 000292.133, 158
Trd, 000292.450, 160.0
Trd, 000293.017, 162.0
Trd, 000293.050, 156
Trd, 000293.883, 155
Trd, 000294.283, 148.0
Trd, 000294.917, 155
Trd, 000295.033, 156
Trd, 000295.167, 155
Trd, 000295.817, 155
Trd, 000295.867, 151
Trd, 000296.050, 155
Trd, 000296.667, 150
Trd, 000296.900, 158.0
Trd, 000297.367, 165.0
Trd, 000297.517, 172.0
Trd, 000297.700, 161
Trd, 000298.267, 175
Trd, 000298.400, 159.0
Trd, 000298.733, 166
Trd, 000299.233, 170.0
Trd, 000299.550, 160
