Trd, 000000.533, 128
Trd, 000001.267, 110.0
Trd, 000002.050, 175.0
Trd, 000002.250, 131
Trd, 000005.617, 144
Trd, 000005.717, 153
Trd, 000006.700, 151.0
Trd, 000006.883, 152.0
Trd, 000007.983, 145
Trd, 000008.750, 147
Trd, 000009.050, 146
Trd, 000009.133, 148
Trd, 000009.917, 145
Trd, 000010.867, 144.0
Trd, 000011.850, 146
Trd, 000011.933, 146
Trd, 000012.033, 143
Trd, 000012.850, 146
Trd, 000012.883, 147
Trd, 000013.517, 147
Trd, 000014.517, 143
Trd, 000014.983, 146
Trd, 000015.133, 147
Trd, 000015.800, 148
Trd, 000016.417, 144.0
Trd, 000017.150, 144
Trd, 000017.733, 146
Trd, 000018.300, 145
Trd, 000019.367, 144
Trd, 000021.000, 162.0
Trd, 000021.300, 155.0
Trd, 000021.500, 145
Trd, 000021.617, 168.0
Trd, 000022.183, 154
Trd, 000022.517, 148
Trd, 000023.050, 155
Trd, 000024.283, 145.0
Trd, 000024.900, 145
Trd, 000024.933, 146
Trd, 000026.267, 147
Trd, 000026.600, 145.0
Trd, 000026.900, 144.0
Trd, 000027.483, 158
Trd, 000029.017, 155.0
Trd, 000030.100, 154
Trd, 000030.700, 148
Trd, 000030.867, 151
Trd, 000030.917, 152.0
Trd, 000031.317, 151
Trd, 000031.333, 150
Trd, 000031.367, 153
Trd, 000032.317, 154.0
Trd, 000032.983, 154.0
Trd, 000033.733, 149
Trd, 000034.100, 145
Trd, 000035.467, 145
Trd, 000036.183, 145
Trd, 000036.900, 145
Trd, 000038.133, 147
Trd, 000038.333, 145
Trd, 000038.517, 155.0
Trd, 000039.567, 149
Trd, 000039.983, 150
Trd, 000040.600, 148
Trd, 000040.733, 148.0
Trd, 000041.750, 149
Trd, 000042.000, 146
Trd, 000042.300, 155.0
Trd, 000042.767, 146
Trd, 000044.100, 148
Trd, 000044.183, 150
Trd, 000044.433, 145
Trd, 000045.633, 147
Trd, 000046.683, 135.0
Trd, 000047.467, 144.0
Trd, 000048.517, 142
Trd, 000048.600, 148
Trd, 000048.950, 142
Trd, 000049.200, 143
Trd, 000050.383, 144
Trd, 000051.200, 151.0
Trd, 000051.233, 144
Trd, 000051.450, 145
Trd, 000052.000, 152.0
Trd, 000054.017, 154.0
Trd, 000054.450, 154.0
Trd, 000054.967, 155.0
Trd, 000055.633, 155
Trd, 000056.833, 155
Trd, 000058.283, 155
Trd, 000058.567, 154
Trd, 000059.650, 154
Trd, 000060.100, 153
Trd, 000060.167, 154.0
Trd, 000060.533, 155.0
Trd, 000061.217, 154
Trd, 000062.883, 152
Trd, 000062.933, 153
Trd, 000063.233, 154
Trd, 000063.617, 151
Trd, 000064.033, 154.0
Trd, 000065.100, 149
Trd, 000065.600, 145
Trd, 000065.750, 153
Trd, 000066.433, 153
Trd, 000066.917, 147
Trd, 000067.367, 152
Trd, 000068.867, 149
Trd, 000069.000, 148
Trd, 000069.400, 149
Trd, 000070.250, 147
Trd, 000070.383, 148
Trd, 000070.683, 145
Trd, 000071.250, 146
Trd, 000071.283, 155.0
Trd, 000071.383, 162.0
Trd, 000073.733, 156
Trd, 000074.383, 155
Trd, 000074.433, 156
Trd, 000074.583, 155
Trd, 000074.600, 156
Trd, 000075.083, 155
Trd, 000076.017, 154
Trd, 000076.283, 155
Trd, 000076.367, 152
Trd, 000077.617, 157
Trd, 000077.900, 160
Trd, 000078.783, 153
Trd, 000079.800, 154
Trd, 000080.233, 150
Trd, 000081.433, 135.0
Trd, 000082.300, 143
Trd, 000082.433, 144
Trd, 000082.633, 144
Trd, 000083.617, 142
Trd, 000084.500, 142
Trd, 000085.117, 142
Trd, 000085.317, 143
Trd, 000085.400, 144.0
Trd, 000086.633, 148
Trd, 000087.400, 151
Trd, 000088.500, 149
Trd, 000088.600, 155.0
Trd, 000089.283, 155.0
Trd, 000089.917, 153
Trd, 000090.083, 155
Trd, 000091.583, 155
Trd, 000091.683, 153
Trd, 000091.850, 149
Trd, 000092.367, 155
Trd, 000092.617, 154
Trd, 000093.467, 155
Trd, 000094.667, 143
Trd, 000095.517, 139
Trd, 000095.800, 144.0
Trd, 000096.133, 150
Trd, 000097.067, 149
Trd, 000097.167, 151
Trd, 000099.450, 150
Trd, 000099.783, 151
Trd, 000100.000, 150
Trd, 000100.050, 146
Trd, 000100.767, 151
Trd, 000100.950, 152
Trd, 000102.617, 151
Trd, 000103.667, 150
Trd, 000104.483, 149
Trd, 000104.550, 148
Trd, 000104.750, 148
Trd, 000105.217, 150.0
Trd, 000106.150, 149
Trd, 000107.117, 150
Trd, 000107.167, 150
Trd, 000108.317, 149
Trd, 000108.517, 151
Trd, 000109.417, 150
Trd, 000110.050, 150
Trd, 000110.433, 151.0
Trd, 000111.167, 151.0
Trd, 000111.917, 155.0
Trd, 000112.967, 161.0
Trd, 000112.983, 149
Trd, 000113.450, 159
Trd, 000114.683, 158
Trd, 000114.767, 160.0
Trd, 000115.450, 158
Trd, 000115.917, 157
Trd, 000116.483, 157
Trd, 000116.800, 158
Trd, 000117.650, 156
Trd, 000118.567, 155.0
Trd, 000118.817, 145.0
Trd, 000119.500, 153
Trd, 000119.733, 152
Trd, 000120.267, 151
Trd, 000120.767, 148
Trd, 000121.517, 157
Trd, 000123.550, 154
Trd, 000123.717, 158
Trd, 000124.617, 154
Trd, 000125.017, 153
Trd, 000125.067, 152
Trd, 000125.083, 155
Trd, 000125.783, 151
Trd, 000126.283, 152
Trd, 000127.450, 152
Trd, 000128.567, 152
Trd, 000128.867, 153
Trd, 000129.483, 155.0
Trd, 000130.500, 153.0
Trd, 000132.317, 151.0
Trd, 000132.767, 150
Trd, 000133.400, 148
Trd, 000134.117, 141
Trd, 000134.500, 147
Trd, 000134.583, 134.0
Trd, 000135.233, 144
Trd, 000135.683, 143
Trd, 000136.000, 132.0
Trd, 000136.633, 143
Trd, 000136.750, 144
Trd, 000136.833, 155.0
Trd, 000137.867, 162.0
Trd, 000138.567, 136.0
Trd, 000138.883, 153
Trd, 000140.917, 144
Trd, 000141.317, 145
Trd, 000141.517, 145
Trd, 000141.767, 144
Trd, 000142.267, 145
Trd, 000142.567, 143
Trd, 000142.783, 144
Trd, 000143.083, 145
Trd, 000143.233, 141
Trd, 000143.850, 146
Trd, 000144.750, 145
Trd, 000144.867, 145
Trd, 000145.817, 144
Trd, 000147.033, 145
Trd, 000147.550, 143
Trd, 000147.900, 144
Trd, 000148.600, 144
Trd, 000148.750, 143
Trd, 000149.317, 126
Trd, 000149.400, 145
Trd, 000149.900, 145
Trd, 000150.000, 154
Trd, 000150.283, 155.0
Trd, 000150.317, 162.0
Trd, 000151.217, 147
Trd, 000151.600, 160.0
Trd, 000153.150, 151
Trd, 000155.050, 150
Trd, 000155.417, 150
Trd, 000155.967, 151
Trd, 000158.200, 149
Trd, 000158.317, 148
Trd, 000158.567, 144.0
Trd, 000158.783, 149
Trd, 000158.867, 152
Trd, 000159.350, 146
Trd, 000160.700, 160.0
Trd, 000161.350, 160
Trd, 000162.000, 162.0
Trd, 000162.483, 156
Trd, 000163.417, 158
Trd, 000163.550, 162.0
Trd, 000163.650, 168.0
Trd, 000163.950, 165
Trd, 000164.967, 165
Trd, 000165.967, 156
Trd, 000166.183, 161
Trd, 000167.433, 160
Trd, 000167.767, 163
Trd, 000168.183, 161
Trd, 000168.350, 157
Trd, 000168.450, 160.0
Trd, 000168.817, 157
Trd, 000168.950, 156
Trd, 000169.817, 144.0
Trd, 000170.517, 136
Trd, 000171.683, 143
Trd, 000171.800, 143
Trd, 000172.867, 142
Trd, 000173.317, 143
Trd, 000173.367, 144
Trd, 000174.000, 151
Trd, 000175.067, 155.0
Trd, 000176.050, 147
Trd, 000176.250, 144
Trd, 000176.300, 150
Trd, 000177.583, 144.0
Trd, 000178.067, 144
Trd, 000178.450, 144
Trd, 000178.967, 134.0
Trd, 000179.133, 143
Trd, 000179.400, 144.0
Trd, 000180.350, 143
Trd, 000180.767, 142
Trd, 000181.150, 141
Trd, 000182.533, 141
Trd, 000182.833, 142
Trd, 000183.083, 143
Trd, 000184.100, 142.0
Trd, 000184.900, 142
Trd, 000185.117, 144.0
Trd, 000185.800, 155.0
Trd, 000186.283, 163
Trd, 000186.700, 156
Trd, 000186.717, 168.0
Trd, 000188.283, 156
Trd, 000188.550, 154
Trd, 000189.600, 154
Trd, 000190.683, 154
Trd, 000190.950, 158
Trd, 000191.433, 161.0
Trd, 000191.817, 155
Trd, 000191.900, 162.0
Trd, 000192.417, 157
Trd, 000193.717, 154.0
Trd, 000193.900, 155.0
Trd, 000194.133, 144.0
Trd, 000194.400, 153
Trd, 000194.417, 155
Trd, 000194.483, 131.0
Trd, 000195.583, 144
Trd, 000195.850, 144
Trd, 000195.933, 154
Trd, 000197.317, 145
Trd, 000197.800, 149
Trd, 000199.050, 145
Trd, 000200.083, 136.0
Trd, 000200.117, 145
Trd, 000200.383, 145
Trd, 000200.700, 146
Trd, 000201.017, 146
Trd, 000201.283, 148
Trd, 000201.500, 145
Trd, 000202.817, 144.0
Trd, 000203.067, 145
Trd, 000204.100, 154.0
Trd, 000204.167, 155.0
Trd, 000204.533, 160.0
Trd, 000204.850, 146
Trd, 000205.900, 155
Trd, 000206.383, 153
Trd, 000206.417, 154
Trd, 000206.900, 155
Trd, 000207.417, 162.0
Trd, 000208.333, 155
Trd, 000208.983, 152
Trd, 000210.883, 154.0
Trd, 000211.317, 154
Trd, 000211.517, 155.0
Trd, 000212.600, 153
Trd, 000213.667, 153
Trd, 000214.100, 154
Trd, 000214.483, 154
Trd, 000214.617, 154.0
Trd, 000215.700, 152
Trd, 000215.850, 152.0
Trd, 000215.900, 154.0
Trd, 000216.417, 141
Trd, 000217.533, 148
Trd, 000217.767, 146
Trd, 000218.283, 147
Trd, 000218.483, 147
Trd, 000218.617, 146
Trd, 000218.950, 155.0
Trd, 000219.300, 167.0
Trd, 000221.750, 149
Trd, 000221.817, 146
Trd, 000222.033, 150
Trd, 000222.617, 149
Trd, 000223.000, 150
Trd, 000223.483, 151
Trd, 000223.583, 155.0
Trd, 000224.533, 147
Trd, 000224.600, 153
Trd, 000224.867, 147
Trd, 000226.433, 153
Trd, 000227.167, 147
Trd, 000228.133, 148
Trd, 000228.433, 147
Trd, 000228.633, 148
Trd, 000228.650, 149
Trd, 000229.500, 147
Trd, 000231.017, 148
Trd, 000232.133, 146
Trd, 000232.267, 148
Trd, 000233.167, 148
Trd, 000234.367, 150
Trd, 000235.250, 150
Trd, 000235.583, 155.0
Trd, 000236.450, 151
Trd, 000236.850, 154
Trd, 000238.467, 154.0
Trd, 000239.000, 155.0
Trd, 000240.000, 152
Trd, 000240.083, 151
Trd, 000240.217, 152
Trd, 000240.700, 152
Trd, 000241.050, 152
Trd, 000241.450, 153
Trd, 000241.717, 150
Trd, 000242.067, 155
Trd, 000242.283, 148
Trd, 000243.333, 150
Trd, 000243.417, 150
Trd, 000243.900, 149
Trd, 000244.317, 151
Trd, 000244.567, 147.0
Trd, 000246.333, 149
Trd, 000246.817, 149
Trd, 000247.317, 147
Trd, 000247.433, 149
Trd, 000247.517, 150
Trd, 000247.683, 155.0
Trd, 000248.183, 149
Trd, 000248.583, 150
Trd, 000248.833, 151
Trd, 000249.233, 153
Trd, 000249.350, 153
Trd, 000251.533, 157.0
Trd, 000251.900, 155
Trd, 000252.550, 155.0
Trd, 000252.650, 158.0
Trd, 000253.850, 153
Trd, 000254.500, 154
Trd, 000254.533, 155.0
Trd, 000254.800, 154
Trd, 000255.867, 153
Trd, 000255.950, 153.0
Trd, 000256.300, 151.0
Trd, 000256.383, 153.0
Trd, 000257.250, 150
Trd, 000257.367, 149
Trd, 000257.850, 148
Trd, 000257.983, 153
Trd, 000258.650, 153
Trd, 000259.100, 148.0
Trd, 000259.650, 148
Trd, 000259.833, 144.0
Trd, 000259.883, 148
Trd, 000260.117, 151
Trd, 000261.050, 155.0
Trd, 000261.367, 147
Trd, 000262.300, 150
Trd, 000262.350, 153.0
Trd, 000262.800, 162.0
Trd, 000263.133, 158
Trd, 000264.317, 156
Trd, 000264.333, 152
Trd, 000264.433, 158
Trd, 000264.817, 158
Trd, 000265.150, 158
Trd, 000265.200, 159
Trd, 000265.567, 160
Trd, 000266.167, 155
Trd, 000267.433, 165.0
Trd, 000268.200, 161
Trd, 000268.367, 157
Trd, 000268.550, 162.0
Trd, 000268.667, 161
Trd, 000269.383, 159
Trd, 000269.417, 158
Trd, 000269.467, 155.0
Trd, 000270.417, 156
Trd, 000271.083, 155
Trd, 000271.233, 156
Trd, 000271.767, 153
Trd, 000272.000, 155
Trd, 000272.167, 152
Trd, 000272.250, 154
Trd, 000272.917, 154
Trd, 000273.150, 144.0
Trd, 000274.250, 149
Trd, 000274.400, 149
Trd, 000274.433, 150
Trd, 000274.683, 148
Trd, 000275.367, 150
Trd, 000275.550, 162.0
Trd, 000276.217, 149
Trd, 000276.367, 148
Trd, 000276.717, 148
Trd, 000277.600, 147
Trd, 000278.050, 148
Trd, 000278.267, 147
Trd, 000278.533, 152
Trd, 000279.000, 152
Trd, 000279.833, 154
Trd, 000280.350, 155
Trd, 000281.167, 153.0
Trd, 000281.317, 155.0
Trd, 000281.800, 162.0
Trd, 000282.633, 158
Trd, 000283.333, 158.0
Trd, 000283.367, 158
Trd, 000283.583, 157
Trd, 000283.967, 157
Trd, 000284.183, 156.0
Trd, 000284.483, 162.0
Trd, 000285.550, 155.0
Trd, 000285.933, 160
Trd, 000286.117, 161
Trd, 000286.200, 163
Trd, 000286.383, 158
Trd, 000287.533, 155
Trd, 000287.833, 158
Trd, 000288.100, 158
Trd, 000288.867, 158
Trd, 000289.017, 159
Trd, 000289.133, 162.0
Trd, 000289.233, 168.0
Trd, 000289.733, 157
Trd, 000290.067, 156
Trd, 000290.200, 156
Trd, 000290.317, 168.0
Trd, 000290.983, 155
Trd, 000291.600, 155.0
Trd, 000291.883, 141
Trd, 000291.967, 142
Trd, 000292.017, 142
Trd, 000292.550, 144
Trd, 000293.900, 143
Trd, 000294.033, 155.0
Trd, 000294.150, 157
Trd, 000294.233, 139.0
Trd, 000294.583, 152
Trd, 000294.633, 153
Trd, 000295.100, 168.0
Trd, 000296.283, 155
Trd, 000297.333, 156.0
Trd, 000297.433, 155.0
Trd, 000298.650, 155
Trd, 000298.750, 156
Trd, 000299.917, 153
