Trd, 000001.150, 110.0
Trd, 000001.450, 121
Trd, 000001.483, 124.0
Trd, 000002.167, 172.0
Trd, 000003.900, 113
Trd, 000004.317, 149
Trd, 000005.233, 149
Trd, 000006.017, 149
Trd, 000006.417, 151
Trd, 000007.033, 154.0
Trd, 000007.333, 155.0
Trd, 000008.733, 150
Trd, 000009.033, 137.0
Trd, 000009.300, 150
Trd, 000009.483, 147
Trd, 000009.750, 139
Trd, 000011.267, 150
Trd, 000011.900, 145
Trd, 000012.033, 148
Trd, 000012.483, 149
Trd, 000013.267, 149
Trd, 000013.767, 155.0
Trd, 000014.117, 147
Trd, 000014.150, 150
Trd, 000014.700, 146
Trd, 000015.833, 147
Trd, 000015.983, 148
Trd, 000016.050, 145
Trd, 000018.233, 144
Trd, 000019.050, 147
Trd, 000019.967, 146
Trd, 000020.933, 145
Trd, 000021.133, 145
Trd, 000021.300, 146
Trd, 000021.333, 148
Trd, 000021.983, 144
Trd, 000022.333, 151
Trd, 000022.583, 149
Trd, 000023.883, 143
Trd, 000025.050, 144
Trd, 000026.367, 142
Trd, 000026.583, 144
Trd, 000027.517, 144
Trd, 000027.833, 143
Trd, 000029.100, 142
Trd, 000030.083, 141
Trd, 000030.167, 141
Trd, 000030.233, 144
Trd, 000030.250, 137.0
Trd, 000030.817, 144.0
Trd, 000031.750, 137
Trd, 000032.233, 143
Trd, 000033.400, 141
Trd, 000033.850, 139
Trd, 000034.117, 142
Trd, 000034.383, 139
Trd, 000034.850, 137.0
Trd, 000035.533, 136
Trd, 000035.867, 135
Trd, 000036.250, 138
Trd, 000037.500, 142
Trd, 000037.783, 135
Trd, 000038.367, 133
Trd, 000039.733, 140
Trd, 000039.900, 142.0
Trd, 000040.567, 143.0
Trd, 000040.833, 143
Trd, 000041.283, 144.0
Trd, 000042.050, 138
Trd, 000042.833, 133
Trd, 000043.167, 139
Trd, 000044.617, 136.0
Trd, 000045.033, 135
Trd, 000045.250, 135
Trd, 000045.300, 137.0
Trd, 000045.533, 133
Trd, 000046.150, 141
Trd, 000046.217, 138.0
Trd, 000047.567, 138.0
Trd, 000047.633, 148
Trd, 000047.683, 150
Trd, 000048.833, 145
Trd, 000049.800, 142
Trd, 000050.083, 141
Trd, 000050.567, 142
Trd, 000050.767, 144
Trd, 000051.600, 149
Trd, 000052.817, 140
Trd, 000054.117, 145
Trd, 000054.217, 146
Trd, 000054.533, 141
Trd, 000054.967, 150
Trd, 000055.067, 140
Trd, 000055.267, 151
Trd, 000055.417, 138.0
Trd, 000057.033, 150
Trd, 000057.983, 141.0
Trd, 000058.733, 140
Trd, 000059.300, 143
Trd, 000059.433, 144
Trd, 000059.517, 137.0
Trd, 000060.217, 142
Trd, 000060.483, 138
Trd, 000060.550, 137
Trd, 000061.633, 144.0
Trd, 000061.667, 133
Trd, 000061.733, 143
Trd, 000063.783, 138
Trd, 000064.383, 138
Trd, 000064.967, 139
Trd, 000064.983, 137
Trd, 000065.167, 137
Trd, 000066.050, 138
Trd, 000066.133, 139
Trd, 000066.200, 141
Trd, 000067.700, 139
Trd, 000068.333, 138
Trd, 000068.767, 139
Trd, 000069.033, 137
Trd, 000069.900, 138.0
Trd, 000069.933, 137.0
Trd, 000070.817, 136
Trd, 000072.050, 140
Trd, 000072.183, 140
Trd, 000072.617, 138
Trd, 000072.750, 135
Trd, 000072.933, 140
Trd, 000073.183, 139
Trd, 000073.983, 141
Trd, 000074.333, 138.0
Trd, 000074.783, 142
Trd, 000075.033, 144.0
Trd, 000076.017, 155.0
Trd, 000076.817, 149
Trd, 000077.083, 138
Trd, 000077.267, 139
Trd, 000077.883, 142
Trd, 000077.917, 143
Trd, 000078.450, 138
Trd, 000079.683, 144.0
Trd, 000080.000, 144
Trd, 000080.600, 144
Trd, 000082.600, 144
Trd, 000084.017, 143
Trd, 000084.983, 139
Trd, 000085.183, 137.0
Trd, 000085.467, 137.0
Trd, 000085.533, 133
Trd, 000085.900, 137
Trd, 000086.150, 137
Trd, 000086.617, 140
Trd, 000086.950, 134
Trd, 000087.017, 138
Trd, 000087.933, 137.0
Trd, 000088.200, 138
Trd, 000089.317, 133
Trd, 000089.617, 136
Trd, 000089.750, 136
Trd, 000091.450, 138
Trd, 000091.467, 141
Trd, 000091.533, 137.0
Trd, 000092.083, 137
Trd, 000092.600, 137
Trd, 000093.033, 139
Trd, 000093.283, 151
Trd, 000094.567, 141
Trd, 000095.767, 143
Trd, 000096.133, 141
Trd, 000096.533, 140
Trd, 000098.100, 141.0
Trd, 000098.633, 142.0
Trd, 000098.967, 137.0
Trd, 000100.067, 138
Trd, 000101.067, 133
Trd, 000101.350, 139
Trd, 000102.350, 137.0
Trd, 000102.450, 138
Trd, 000102.617, 139
Trd, 000102.667, 142
Trd, 000103.550, 136
Trd, 000104.983, 138
Trd, 000105.950, 137
Trd, 000106.450, 137.0
Trd, 000106.683, 140
Trd, 000107.317, 137
Trd, 000107.367, 139
Trd, 000107.717, 139
Trd, 000107.783, 141
Trd, 000108.483, 137
Trd, 000108.733, 136
Trd, 000109.417, 141
Trd, 000109.700, 143
Trd, 000110.767, 142
Trd, 000111.217, 142
Trd, 000112.917, 139.0
Trd, 000113.517, 139
Trd, 000114.233, 140
Trd, 000114.267, 138.0
Trd, 000114.533, 141
Trd, 000115.567, 141
Trd, 000116.283, 142
Trd, 000116.467, 140
Trd, 000116.733, 153.0
Trd, 000117.100, 140
Trd, 000117.750, 146
Trd, 000118.017, 144
Trd, 000118.567, 141
Trd, 000118.950, 145
Trd, 000119.417, 141
Trd, 000120.750, 145
Trd, 000121.217, 144
Trd, 000122.183, 144
Trd, 000122.250, 155.0
Trd, 000122.950, 148
Trd, 000123.100, 179.0
Trd, 000124.133, 146
Trd, 000124.417, 145
Trd, 000124.617, 140
Trd, 000126.133, 142
Trd, 000126.550, 141
Trd, 000126.567, 142
Trd, 000126.783, 137.0
Trd, 000127.333, 141
Trd, 000127.717, 144.0
Trd, 000128.667, 137.0
Trd, 000129.233, 134
Trd, 000129.917, 134
Trd, 000130.317, 135
Trd, 000130.517, 138
Trd, 000130.650, 143
Trd, 000130.817, 132
Trd, 000132.317, 137
Trd, 000132.733, 138
Trd, 000132.850, 136
Trd, 000133.067, 137.0
Trd, 000133.533, 151
Trd, 000134.400, 141
Trd, 000135.917, 144
Trd, 000136.783, 145
Trd, 000136.850, 144
Trd, 000136.883, 143
Trd, 000138.700, 143
Trd, 000139.367, 144.0
Trd, 000139.600, 146
Trd, 000139.650, 142
Trd, 000140.100, 151
Trd, 000140.850, 154.0
Trd, 000141.583, 161
Trd, 000143.017, 151
Trd, 000144.083, 137.0
Trd, 000144.517, 139
Trd, 000145.083, 140
Trd, 000145.433, 141
Trd, 000145.467, 155.0
Trd, 000145.700, 138.0
Trd, 000146.367, 143
Trd, 000146.567, 137.0
Trd, 000146.917, 143
Trd, 000148.117, 139
Trd, 000148.800, 134
Trd, 000149.883, 138
Trd, 000150.483, 139
Trd, 000150.833, 137
Trd, 000151.017, 142
Trd, 000151.233, 137.0
Trd, 000151.900, 143
Trd, 000152.617, 136
Trd, 000153.367, 142
Trd, 000153.550, 137
Trd, 000154.050, 138
Trd, 000154.383, 138
Trd, 000154.600, 137.0
Trd, 000154.833, 133
Trd, 000155.383, 138
Trd, 000156.817, 141
Trd, 000157.967, 140
Trd, 000158.533, 140
Trd, 000158.583, 149
Trd, 000160.183, 141
Trd, 000161.433, 140
Trd, 000161.483, 139
Trd, 000162.400, 139
Trd, 000162.517, 140
Trd, 000163.067, 142
Trd, 000163.650, 137
Trd, 000164.033, 146
Trd, 000165.033, 138.0
Trd, 000165.283, 148
Trd, 000165.967, 137.0
Trd, 000166.067, 139
Trd, 000167.717, 143
Trd, 000167.983, 139
Trd, 000168.300, 138
Trd, 000168.700, 136
Trd, 000169.733, 139
Trd, 000170.483, 136.0
Trd, 000170.917, 135
Trd, 000171.667, 136
Trd, 000171.983, 137.0
Trd, 000172.050, 141
Trd, 000172.533, 136
Trd, 000173.267, 142.0
Trd, 000173.700, 141
Trd, 000174.067, 143
Trd, 000174.550, 151
Trd, 000174.583, 155.0
Trd, 000176.667, 139
Trd, 000177.750, 142
Trd, 000178.033, 144
Trd, 000178.167, 144.0
Trd, 000178.767, 143
Trd, 000179.050, 141
Trd, 000179.283, 140
Trd, 000179.900, 137.0
Trd, 000180.383, 144
Trd, 000180.700, 142
Trd, 000181.283, 136
Trd, 000181.483, 143
Trd, 000181.800, 143
Trd, 000182.000, 144
Trd, 000182.317, 143
Trd, 000182.800, 137.0
Trd, 000184.583, 136
Trd, 000184.917, 142
Trd, 000185.733, 137.0
Trd, 000185.900, 139
Trd, 000187.500, 138
Trd, 000188.017, 137.0
Trd, 000188.567, 137
Trd, 000189.850, 137
Trd, 000189.983, 138
Trd, 000190.833, 137
Trd, 000190.950, 139
Trd, 000191.850, 138
Trd, 000192.400, 141
Trd, 000193.083, 141
Trd, 000193.417, 144.0
Trd, 000193.450, 137
Trd, 000194.700, 144
Trd, 000194.983, 138
Trd, 000196.333, 137.0
Trd, 000197.067, 135
Trd, 000197.150, 133
Trd, 000197.450, 131
Trd, 000197.900, 138
Trd, 000198.317, 139
Trd, 000198.400, 138.0
Trd, 000198.833, 143
Trd, 000199.467, 137.0
Trd, 000199.867, 144.0
Trd, 000200.550, 149
Trd, 000201.317, 144
Trd, 000201.950, 143
Trd, 000202.000, 144
Trd, 000202.033, 139
Trd, 000202.417, 144
Trd, 000204.800, 143.0
Trd, 000205.500, 140
Trd, 000206.483, 137.0
Trd, 000207.317, 139
Trd, 000208.067, 139.0
Trd, 000208.533, 137.0
Trd, 000208.700, 142
Trd, 000209.267, 138
Trd, 000209.550, 140
Trd, 000209.567, 142
Trd, 000210.683, 139
Trd, 000211.567, 138
Trd, 000211.650, 137
Trd, 000213.650, 140
Trd, 000214.133, 141
Trd, 000214.867, 140
Trd, 000215.400, 148
Trd, 000215.767, 142
Trd, 000216.017, 144
Trd, 000216.517, 144.0
Trd, 000217.067, 146
Trd, 000217.617, 146
Trd, 000217.817, 145
Trd, 000218.317, 146
Trd, 000218.600, 146
Trd, 000218.633, 145
Trd, 000218.983, 144
Trd, 000219.633, 144
Trd, 000219.817, 145
Trd, 000220.450, 144
Trd, 000221.283, 148
Trd, 000221.567, 155.0
Trd, 000222.817, 149
Trd, 000224.167, 154
Trd, 000224.217, 153
Trd, 000224.733, 133
Trd, 000224.783, 137.0
Trd, 000224.917, 157.0
Trd, 000225.600, 169
Trd, 000225.817, 158.0
Trd, 000225.917, 141
Trd, 000225.983, 177.0
Trd, 000226.983, 174
Trd, 000228.333, 154
Trd, 000228.400, 138.0
Trd, 000229.667, 148
Trd, 000230.083, 148
Trd, 000230.783, 144
Trd, 000231.250, 144
Trd, 000231.700, 140
Trd, 000231.950, 146
Trd, 000232.167, 137
Trd, 000232.283, 147
Trd, 000232.800, 150
Trd, 000233.450, 133
Trd, 000233.633, 142
Trd, 000234.233, 127
Trd, 000234.650, 140
Trd, 000235.100, 136
Trd, 000235.733, 136
Trd, 000236.150, 124.0
Trd, 000236.483, 136.0
Trd, 000237.167, 137.0
Trd, 000237.333, 128
Trd, 000238.317, 138.0
Trd, 000238.600, 137.0
Trd, 000238.917, 141
Trd, 000240.167, 140
Trd, 000240.433, 141.0
Trd, 000240.767, 141.0
Trd, 000240.833, 138
Trd, 000241.400, 142.0
Trd, 000241.883, 142
Trd, 000241.933, 140
Trd, 000241.950, 143
Trd, 000242.833, 142
Trd, 000242.917, 144.0
Trd, 000243.117, 139
Trd, 000244.617, 146
Trd, 000244.900, 146.0
Trd, 000245.250, 148.0
Trd, 000245.317, 151
Trd, 000245.733, 150
Trd, 000245.883, 151
Trd, 000246.350, 148
Trd, 000246.367, 146
Trd, 000247.617, 147
Trd, 000247.700, 148.0
Trd, 000248.283, 146
Trd, 000248.433, 144.0
Trd, 000248.567, 151
Trd, 000249.383, 145
Trd, 000249.433, 144.0
Trd, 000249.550, 148
Trd, 000249.867, 150
Trd, 000250.483, 147.0
Trd, 000250.650, 147.0
Trd, 000250.733, 145
Trd, 000253.367, 145
Trd, 000253.700, 146
Trd, 000254.183, 144
Trd, 000254.917, 147
Trd, 000255.617, 146
Trd, 000255.717, 151
Trd, 000255.983, 145
Trd, 000256.167, 151.0
Trd, 000256.450, 152.0
Trd, 000256.600, 146
Trd, 000256.900, 144
Trd, 000257.117, 144.0
Trd, 000257.483, 141.0
Trd, 000258.583, 141
Trd, 000258.817, 147.0
Trd, 000260.000, 144
Trd, 000260.333, 143
Trd, 000260.950, 144
Trd, 000260.967, 145
Trd, 000261.300, 142
Trd, 000261.517, 137.0
Trd, 000262.983, 133
Trd, 000263.333, 135
Trd, 000263.633, 143
Trd, 000263.650, 144.0
Trd, 000265.333, 143
Trd, 000265.367, 145
Trd, 000265.750, 148.0
Trd, 000265.800, 146.0
Trd, 000266.050, 146
Trd, 000266.217, 144.0
Trd, 000266.483, 138
Trd, 000267.550, 138.0
Trd, 000268.033, 137.0
Trd, 000268.700, 139
Trd, 000269.000, 140
Trd, 000269.483, 144.0
Trd, 000270.200, 142
Trd, 000270.383, 138
Trd, 000270.933, 142
Trd, 000271.233, 144
Trd, 000271.400, 147.0
Trd, 000271.867, 145
Trd, 000271.967, 147.0
Trd, 000272.317, 148.0
Trd, 000272.733, 143
Trd, 000273.000, 142
Trd, 000273.300, 137.0
Trd, 000273.600, 137.0
Trd, 000274.517, 137
Trd, 000274.950, 137
Trd, 000275.133, 137
Trd, 000275.500, 140
Trd, 000275.667, 136
Trd, 000276.133, 141
Trd, 000276.717, 141.0
Trd, 000276.933, 140.0
Trd, 000277.500, 137.0
Trd, 000277.783, 142
Trd, 000279.233, 147.0
Trd, 000279.350, 148.0
Trd, 000279.583, 151
Trd, 000280.250, 149
Trd, 000280.600, 143
Trd, 000281.050, 146
Trd, 000281.383, 149
Trd, 000281.400, 143
Trd, 000281.833, 149
Trd, 000281.983, 154.0
Trd, 000282.767, 150
Trd, 000283.183, 150
Trd, 000284.333, 155
Trd, 000284.417, 152
Trd, 000284.517, 148
Trd, 000285.183, 150
Trd, 000286.467, 150
Trd, 000286.700, 150
Trd, 000286.833, 151
Trd, 000287.200, 149
Trd, 000287.283, 150
Trd, 000287.467, 148
Trd, 000288.633, 145
Trd, 000289.200, 145
Trd, 000289.383, 144.0
Trd, 000289.650, 149
Trd, 000290.167, 144
Trd, 000290.233, 137.0
Trd, 000290.517, 133
Trd, 000291.467, 135
Trd, 000292.383, 135
Trd, 000292.450, 139
Trd, 000293.300, 137.0
Trd, 000293.850, 144
Trd, 000294.033, 148.0
Trd, 000294.300, 150
Trd, 000294.400, 138
Trd, 000294.900, 137
Trd, 000295.833, 134
Trd, 000296.100, 146
Trd, 000296.233, 151
Trd, 000296.667, 133
Trd, 000297.583, 146.0
Trd, 000297.650, 144.0
Trd, 000297.817, 146
Trd, 000298.083, 145
Trd, 000298.283, 148.0
Trd, 000298.817, 147
Trd, 000298.867, 148
Trd, 000299.733, 149
