Trd, 000001.350, 168
Trd, 000002.867, 175.0
Trd, 000003.217, 162.0
Trd, 000003.633, 163
Trd, 000004.533, 160
Trd, 000004.633, 148.0
Trd, 000004.817, 161.0
Trd, 000006.117, 141
Trd, 000006.567, 152.0
Trd, 000006.950, 146
Trd, 000007.867, 149
Trd, 000007.917, 150
Trd, 000008.500, 133
Trd, 000009.783, 149
Trd, 000010.050, 151
Trd, 000012.833, 149
Trd, 000013.883, 148.0
Trd, 000014.083, 148
Trd, 000014.617, 150
Trd, 000015.067, 148
Trd, 000015.217, 150
Trd, 000015.450, 151
Trd, 000016.267, 151
Trd, 000016.283, 155.0
Trd, 000016.650, 159
Trd, 000016.783, 149
Trd, 000017.033, 146
Trd, 000017.067, 162.0
Trd, 000017.433, 162
Trd, 000017.700, 166
Trd, 000018.200, 154
Trd, 000019.050, 148.0
Trd, 000020.000, 152
Trd, 000020.817, 130
Trd, 000021.083, 127.0
Trd, 000021.617, 141
Trd, 000022.100, 140
Trd, 000022.317, 141
Trd, 000022.383, 162.0
Trd, 000023.233, 144
Trd, 000023.633, 143
Trd, 000024.917, 144
Trd, 000025.350, 145
Trd, 000026.800, 150.0
Trd, 000026.933, 133
Trd, 000027.633, 141
Trd, 000028.283, 145
Trd, 000029.433, 147
Trd, 000029.567, 147
Trd, 000029.733, 146
Trd, 000030.250, 140
Trd, 000030.483, 151
Trd, 000030.767, 153.0
Trd, 000031.450, 127.0
Trd, 000032.000, 153
Trd, 000032.900, 150
Trd, 000033.100, 150
Trd, 000033.717, 151
Trd, 000034.650, 152
Trd, 000034.967, 154.0
Trd, 000035.417, 158
Trd, 000035.650, 151
Trd, 000035.683, 150
Trd, 000035.850, 155.0
Trd, 000037.300, 157.0
Trd, 000037.350, 149.0
Trd, 000037.683, 157
Trd, 000038.217, 155.0
Trd, 000040.517, 152
Trd, 000041.200, 151
Trd, 000042.167, 150
Trd, 000042.583, 148.0
Trd, 000042.800, 148
Trd, 000042.967, 148
Trd, 000043.433, 148
Trd, 000043.817, 149
Trd, 000045.250, 148
Trd, 000045.333, 148.0
Trd, 000045.467, 150
Trd, 000045.483, 151
Trd, 000047.250, 150
Trd, 000047.767, 155.0
Trd, 000049.167, 153
Trd, 000049.683, 152.0
Trd, 000049.750, 153
Trd, 000049.767, 152
Trd, 000049.817, 154
Trd, 000050.950, 155.0
Trd, 000051.517, 158
Trd, 000051.833, 154
Trd, 000053.000, 155
Trd, 000053.150, 154
Trd, 000053.433, 153
Trd, 000053.467, 155
Trd, 000054.900, 154
Trd, 000055.300, 148.0
Trd, 000055.417, 138
Trd, 000056.967, 135
Trd, 000058.417, 141
Trd, 000058.533, 141
Trd, 000059.017, 140
Trd, 000059.117, 140
Trd, 000059.383, 139
Trd, 000059.450, 144
Trd, 000059.683, 155
Trd, 000061.700, 143
Trd, 000061.800, 143.0
Trd, 000062.950, 140
Trd, 000063.567, 140
Trd, 000063.700, 143
Trd, 000063.883, 139
Trd, 000065.050, 141
Trd, 000066.083, 148
Trd, 000068.583, 147
Trd, 000069.050, 149
Trd, 000069.183, 152
Trd, 000069.200, 155.0
Trd, 000069.350, 148
Trd, 000071.000, 149
Trd, 000071.550, 149
Trd, 000071.867, 148.0
Trd, 000071.967, 149
Trd, 000072.783, 149
Trd, 000073.183, 150
Trd, 000074.083, 151
Trd, 000074.250, 149
Trd, 000075.100, 155.0
Trd, 000075.583, 156
Trd, 000075.683, 159
Trd, 000076.050, 152
Trd, 000077.117, 156
Trd, 000077.850, 156
Trd, 000078.000, 157
Trd, 000078.683, 155
Trd, 000078.767, 155
Trd, 000079.000, 156
Trd, 000079.950, 148.0
Trd, 000079.967, 153
Trd, 000080.800, 151
Trd, 000081.083, 152
Trd, 000081.667, 144
Trd, 000081.800, 129
Trd, 000082.000, 152
Trd, 000082.467, 154.0
Trd, 000083.050, 155.0
Trd, 000084.600, 152
Trd, 000084.750, 153
Trd, 000085.500, 152
Trd, 000085.933, 151
Trd, 000086.000, 150
Trd, 000086.600, 150
Trd, 000087.350, 150
Trd, 000087.950, 158
Trd, 000088.867, 150
Trd, 000089.600, 152
Trd, 000089.667, 151
Trd, 000090.183, 153
Trd, 000091.400, 151
Trd, 000092.283, 150
Trd, 000092.350, 150
Trd, 000092.567, 148.0
Trd, 000093.200, 139
Trd, 000093.400, 150
Trd, 000094.217, 152
Trd, 000095.283, 148
Trd, 000095.933, 149
Trd, 000096.017, 149
Trd, 000097.750, 152.0
Trd, 000098.383, 151.0
Trd, 000098.700, 153.0
Trd, 000098.750, 148.0
Trd, 000099.083, 157
Trd, 000099.533, 148
Trd, 000100.033, 157
Trd, 000100.383, 158
Trd, 000100.967, 150
Trd, 000101.283, 155.0
Trd, 000102.517, 154
Trd, 000103.167, 154
Trd, 000103.383, 155.0
Trd, 000103.667, 151
Trd, 000104.617, 137
Trd, 000105.583, 144
Trd, 000106.033, 145
Trd, 000106.650, 150
Trd, 000106.717, 149
Trd, 000107.167, 155
Trd, 000107.867, 150
Trd, 000108.617, 149
Trd, 000108.900, 148.0
Trd, 000110.083, 149
Trd, 000110.267, 147
Trd, 000112.017, 145
Trd, 000112.800, 143
Trd, 000113.650, 141
Trd, 000114.017, 141
Trd, 000114.500, 140
Trd, 000115.833, 152
Trd, 000116.583, 141
Trd, 000116.983, 143
Trd, 000117.183, 143
Trd, 000117.800, 150
Trd, 000118.200, 155.0
Trd, 000118.283, 157
Trd, 000118.850, 155
Trd, 000119.750, 149
Trd, 000121.000, 152
Trd, 000121.367, 152
Trd, 000121.717, 153
Trd, 000121.933, 156
Trd, 000122.317, 158
Trd, 000123.317, 155
Trd, 000123.417, 154
Trd, 000123.750, 153
Trd, 000124.467, 155
Trd, 000125.350, 154
Trd, 000125.733, 154.0
Trd, 000126.183, 153
Trd, 000127.633, 153
Trd, 000127.667, 154
Trd, 000128.017, 155.0
Trd, 000128.217, 153
Trd, 000128.550, 151
Trd, 000129.800, 154
Trd, 000129.833, 151
Trd, 000131.250, 150.0
Trd, 000131.917, 150
Trd, 000132.067, 151
Trd, 000132.300, 150.0
Trd, 000133.083, 151
Trd, 000133.383, 151
Trd, 000134.050, 149
Trd, 000134.783, 150
Trd, 000135.000, 148.0
Trd, 000135.717, 149
Trd, 000136.517, 149
Trd, 000136.967, 147
Trd, 000138.367, 152
Trd, 000138.917, 152
Trd, 000140.367, 150
Trd, 000140.683, 150
Trd, 000140.783, 147
Trd, 000141.667, 150
Trd, 000141.700, 152
Trd, 000142.650, 149
Trd, 000142.883, 150
Trd, 000143.017, 151
Trd, 000144.317, 150
Trd, 000144.817, 151
Trd, 000146.050, 150
Trd, 000146.567, 152
Trd, 000146.800, 151
Trd, 000147.650, 152
Trd, 000147.667, 149.0
Trd, 000148.067, 150
Trd, 000148.717, 150
Trd, 000149.367, 148.0
Trd, 000151.383, 150
Trd, 000151.517, 149
Trd, 000151.850, 151
Trd, 000151.933, 151
Trd, 000152.167, 149
Trd, 000153.233, 151
Trd, 000153.450, 150
Trd, 000153.567, 148
Trd, 000154.367, 150
Trd, 000154.850, 155.0
Trd, 000155.200, 157
Trd, 000155.733, 151.0
Trd, 000156.567, 154
Trd, 000157.050, 155.0
Trd, 000157.500, 148.0
Trd, 000158.467, 145
Trd, 000159.400, 136
Trd, 000159.600, 131
Trd, 000161.183, 140
Trd, 000161.250, 139
Trd, 000161.783, 140.0
Trd, 000162.433, 141
Trd, 000163.400, 144.0
Trd, 000165.333, 150
Trd, 000165.433, 149
Trd, 000165.517, 148.0
Trd, 000165.700, 147
Trd, 000165.717, 151.0
Trd, 000166.800, 147
Trd, 000167.033, 149
Trd, 000168.317, 152.0
Trd, 000169.267, 152
Trd, 000171.033, 150
Trd, 000171.133, 150
Trd, 000171.817, 149
Trd, 000171.850, 148.0
Trd, 000171.883, 150
Trd, 000172.033, 151
Trd, 000173.617, 150
Trd, 000173.783, 149
Trd, 000173.833, 151
Trd, 000175.033, 148
Trd, 000175.250, 152
Trd, 000176.417, 150.0
Trd, 000178.467, 150
Trd, 000180.017, 150
Trd, 000180.150, 152
Trd, 000180.500, 149
Trd, 000180.767, 152
Trd, 000181.467, 149
Trd, 000181.533, 148.0
Trd, 000181.950, 152
Trd, 000182.533, 153
Trd, 000182.650, 155.0
Trd, 000182.933, 153
Trd, 000183.167, 156
Trd, 000183.467, 154
Trd, 000184.300, 153
Trd, 000184.467, 154
Trd, 000186.000, 154
Trd, 000186.833, 154
Trd, 000187.133, 148.0
Trd, 000187.467, 151
Trd, 000187.700, 152
Trd, 000189.683, 145
Trd, 000191.033, 149
Trd, 000191.683, 149
Trd, 000192.067, 149
Trd, 000192.167, 149
Trd, 000192.583, 151
Trd, 000192.867, 155.0
Trd, 000193.000, 158
Trd, 000194.267, 153
Trd, 000194.817, 150
Trd, 000195.483, 153.0
Trd, 000196.400, 152
Trd, 000197.000, 154
Trd, 000197.783, 153
Trd, 000198.483, 155
Trd, 000198.550, 153
Trd, 000198.833, 153
Trd, 000199.383, 153
Trd, 000199.767, 153
Trd, 000201.050, 141
Trd, 000201.483, 147
Trd, 000201.600, 155.0
Trd, 000201.933, 158
Trd, 000202.533, 154
Trd, 000203.750, 135
Trd, 000204.450, 155.0
Trd, 000204.667, 155
Trd, 000205.450, 150
Trd, 000205.983, 150
Trd, 000207.400, 135
Trd, 000207.633, 134
Trd, 000207.750, 136
Trd, 000209.117, 146
Trd, 000209.167, 153
Trd, 000209.783, 147
Trd, 000210.883, 150
Trd, 000211.217, 149
Trd, 000211.267, 153.0
Trd, 000211.283, 154.0
Trd, 000213.050, 154
Trd, 000213.183, 155.0
Trd, 000213.650, 155
Trd, 000214.550, 154
Trd, 000215.083, 155
Trd, 000215.567, 151
Trd, 000215.750, 149
Trd, 000215.817, 148.0
Trd, 000216.883, 154
Trd, 000217.533, 149
Trd, 000217.883, 155
Trd, 000218.033, 148
Trd, 000218.267, 150
Trd, 000218.467, 159
Trd, 000220.017, 150
Trd, 000220.400, 151
Trd, 000220.750, 149
Trd, 000222.133, 149.0
Trd, 000222.183, 149
Trd, 000222.717, 153
Trd, 000222.917, 154.0
Trd, 000223.133, 148.0
Trd, 000224.167, 134
Trd, 000224.900, 151
Trd, 000225.467, 150
Trd, 000225.850, 144
Trd, 000227.083, 146
Trd, 000227.150, 146
Trd, 000227.650, 147.0
Trd, 000228.367, 148
Trd, 000229.067, 149.0
Trd, 000229.817, 146
Trd, 000230.100, 147
Trd, 000231.350, 146
Trd, 000231.583, 146
Trd, 000231.867, 147
Trd, 000233.067, 150
Trd, 000234.867, 149
Trd, 000235.567, 150
Trd, 000235.650, 149
Trd, 000236.167, 150
Trd, 000236.550, 151
Trd, 000237.100, 151.0
Trd, 000237.450, 150
Trd, 000237.933, 150
Trd, 000238.167, 151
Trd, 000238.683, 162.0
Trd, 000239.283, 149
Trd, 000240.067, 153
Trd, 000240.583, 153.0
Trd, 000241.000, 154.0
Trd, 000241.633, 154
Trd, 000242.117, 153
Trd, 000242.350, 152
Trd, 000242.450, 151
Trd, 000242.817, 153.0
Trd, 000242.917, 148.0
Trd, 000243.533, 150
Trd, 000244.233, 150
Trd, 000244.650, 150
Trd, 000245.067, 150
Trd, 000245.217, 152
Trd, 000245.550, 152
Trd, 000245.600, 146
Trd, 000246.850, 149
Trd, 000247.117, 146
Trd, 000247.817, 150
Trd, 000248.150, 149.0
Trd, 000248.483, 149
Trd, 000248.650, 152
Trd, 000248.717, 155.0
Trd, 000249.600, 156
Trd, 000250.333, 158
Trd, 000250.750, 152.0
Trd, 000251.133, 155
Trd, 000251.733, 151.0
Trd, 000252.050, 148.0
Trd, 000253.817, 152
Trd, 000254.633, 152
Trd, 000254.750, 150.0
Trd, 000255.317, 152
Trd, 000256.117, 150
Trd, 000256.200, 151
Trd, 000256.233, 153
Trd, 000256.950, 154
Trd, 000257.383, 152.0
Trd, 000257.467, 151.0
Trd, 000257.550, 155.0
Trd, 000258.600, 154
Trd, 000258.700, 158
Trd, 000259.550, 155
Trd, 000259.633, 152
Trd, 000259.750, 155
Trd, 000261.283, 155.0
Trd, 000261.417, 153
Trd, 000261.583, 152
Trd, 000261.817, 152
Trd, 000261.983, 153
Trd, 000262.600, 153
Trd, 000263.217, 153
Trd, 000263.733, 155.0
Trd, 000264.567, 154
Trd, 000265.050, 154
Trd, 000265.517, 153
Trd, 000265.700, 154
Trd, 000265.850, 152.0
Trd, 000266.050, 153
Trd, 000266.533, 153.0
Trd, 000266.583, 156
Trd, 000268.383, 156
Trd, 000268.467, 155
Trd, 000269.117, 157
Trd, 000269.417, 154
Trd, 000269.450, 162.0
Trd, 000269.833, 155
Trd, 000270.067, 155.0
Trd, 000270.367, 150.0
Trd, 000270.767, 150.0
Trd, 000270.800, 152
Trd, 000272.100, 154.0
Trd, 000272.517, 154.0
Trd, 000272.767, 151
Trd, 000272.867, 153
Trd, 000273.250, 148.0
Trd, 000273.967, 147
Trd, 000274.100, 153
Trd, 000274.700, 155.0
Trd, 000274.867, 142.0
Trd, 000276.933, 150
Trd, 000277.100, 149.0
Trd, 000277.150, 148.0
Trd, 000277.417, 151
Trd, 000277.717, 146
Trd, 000278.867, 142.0
Trd, 000279.150, 149
Trd, 000279.433, 142.0
Trd, 000279.450, 150
Trd, 000279.483, 151
Trd, 000280.400, 144.0
Trd, 000282.517, 145
Trd, 000282.767, 145
Trd, 000283.133, 141.0
Trd, 000283.467, 141
Trd, 000284.783, 141
Trd, 000285.150, 140
Trd, 000285.667, 135.0
Trd, 000285.683, 144.0
Trd, 000286.500, 140
Trd, 000286.900, 141
Trd, 000287.000, 142
Trd, 000288.067, 142
Trd, 000288.367, 143
Trd, 000288.417, 152
Trd, 000288.700, 142
Trd, 000289.050, 157
Trd, 000289.767, 160
Trd, 000290.033, 151.0
Trd, 000290.317, 148.0
Trd, 000290.667, 154
Trd, 000290.867, 158
Trd, 000290.983, 160
Trd, 000291.033, 162.0
Trd, 000291.317, 146
Trd, 000291.750, 142.0
Trd, 000292.017, 154
Trd, 000292.283, 153
Trd, 000293.167, 143.0
Trd, 000293.517, 151
Trd, 000293.650, 142.0
Trd, 000294.183, 144
Trd, 000294.333, 150
Trd, 000295.450, 145
Trd, 000295.517, 149
Trd, 000295.567, 141.0
Trd, 000296.067, 149
Trd, 000296.833, 143
Trd, 000297.000, 139
Trd, 000297.200, 150
Trd, 000297.733, 150
Trd, 000298.700, 142.0
