Trd, 000000.633, 177
Trd, 000001.083, 189.0
Trd, 000001.800, 144
Trd, 000002.183, 193.0
Trd, 000003.350, 128
Trd, 000003.717, 131.0
Trd, 000003.967, 125
Trd, 000004.450, 132
Trd, 000004.633, 134
Trd, 000005.167, 132
Trd, 000005.783, 131
Trd, 000006.183, 134
Trd, 000006.300, 135
Trd, 000006.417, 133
Trd, 000006.633, 132
Trd, 000009.000, 142
Trd, 000009.950, 162.0
Trd, 000010.283, 144
Trd, 000011.167, 144
Trd, 000011.283, 143
Trd, 000012.417, 143.0
Trd, 000012.517, 144
Trd, 000012.867, 143
Trd, 000012.883, 148
Trd, 000013.167, 150
Trd, 000014.417, 147
Trd, 000015.050, 141.0
Trd, 000016.100, 150
Trd, 000016.233, 150
Trd, 000016.683, 150
Trd, 000018.283, 166
Trd, 000019.033, 165
Trd, 000019.150, 165
Trd, 000019.483, 163
Trd, 000020.117, 158
Trd, 000020.150, 166
Trd, 000020.317, 157
Trd, 000020.400, 167
Trd, 000022.800, 167.0
Trd, 000023.100, 167
Trd, 000024.650, 161
Trd, 000025.217, 160
Trd, 000025.417, 158
Trd, 000025.700, 157
Trd, 000025.817, 151.0
Trd, 000026.317, 160
Trd, 000027.050, 161
Trd, 000027.917, 156
Trd, 000028.467, 156
Trd, 000028.650, 155
Trd, 000028.733, 158
Trd, 000029.150, 171.0
Trd, 000030.383, 153.0
Trd, 000031.267, 151.0
Trd, 000032.133, 155
Trd, 000032.983, 154
Trd, 000033.367, 152
Trd, 000033.783, 152
Trd, 000035.967, 145
Trd, 000036.100, 145
Trd, 000036.167, 151
Trd, 000036.933, 147
Trd, 000037.883, 148
Trd, 000038.167, 148
Trd, 000038.250, 172.0
Trd, 000038.783, 146
Trd, 000039.267, 157
Trd, 000039.733, 143
Trd, 000040.267, 141.0
Trd, 000040.950, 137.0
Trd, 000041.050, 131.0
Trd, 000041.417, 133
Trd, 000041.567, 138
Trd, 000043.200, 143
Trd, 000043.617, 139
Trd, 000043.783, 140
Trd, 000043.817, 144
Trd, 000044.067, 151.0
Trd, 000044.333, 171.0
Trd, 000044.533, 150
Trd, 000045.283, 144
Trd, 000045.800, 151
Trd, 000046.450, 146
Trd, 000047.550, 146
Trd, 000047.617, 150
Trd, 000047.667, 172.0
Trd, 000048.833, 146
Trd, 000050.417, 148
Trd, 000051.150, 146
Trd, 000051.400, 149
Trd, 000052.333, 148
Trd, 000052.633, 149
Trd, 000052.817, 145
Trd, 000054.267, 144
Trd, 000054.400, 147
Trd, 000054.567, 149
Trd, 000054.917, 143
Trd, 000055.867, 143.0
Trd, 000056.150, 141.0
Trd, 000056.583, 148
Trd, 000057.017, 150
Trd, 000057.350, 161.0
Trd, 000058.050, 163
Trd, 000059.000, 164
Trd, 000061.233, 163
Trd, 000061.467, 165
Trd, 000061.633, 162
Trd, 000062.150, 161
Trd, 000062.700, 160
Trd, 000063.250, 157
Trd, 000063.333, 141
Trd, 000064.217, 149
Trd, 000064.750, 148
Trd, 000066.250, 142
Trd, 000066.450, 143
Trd, 000066.833, 141.0
Trd, 000067.617, 146
Trd, 000068.667, 143
Trd, 000068.683, 145
Trd, 000068.917, 143
Trd, 000069.300, 145
Trd, 000069.583, 162.0
Trd, 000069.633, 144
Trd, 000070.750, 142
Trd, 000070.850, 150
Trd, 000072.933, 150
Trd, 000073.633, 146
Trd, 000073.933, 143
Trd, 000074.667, 142
Trd, 000074.750, 147
Trd, 000075.050, 142
Trd, 000075.450, 147
Trd, 000076.283, 148
Trd, 000077.017, 143
Trd, 000077.183, 162.0
Trd, 000077.650, 147
Trd, 000077.817, 151
Trd, 000078.883, 153
Trd, 000078.900, 151.0
Trd, 000079.100, 146
Trd, 000079.183, 172.0
Trd, 000080.450, 147
Trd, 000082.050, 143
Trd, 000082.217, 153
Trd, 000082.450, 142.0
Trd, 000082.883, 141.0
Trd, 000083.450, 151.0
Trd, 000083.817, 144
Trd, 000084.150, 148
Trd, 000084.483, 152
Trd, 000084.900, 149
Trd, 000085.833, 151
Trd, 000086.733, 162.0
Trd, 000087.367, 167
Trd, 000087.750, 157
Trd, 000089.183, 156
Trd, 000089.450, 154
Trd, 000090.700, 151.0
Trd, 000091.517, 151
Trd, 000092.350, 143
Trd, 000092.517, 155
Trd, 000092.550, 162.0
Trd, 000092.583, 156
Trd, 000093.283, 168
Trd, 000093.683, 151.0
Trd, 000094.933, 141.0
Trd, 000095.183, 144
Trd, 000095.717, 150
Trd, 000096.817, 150
Trd, 000096.867, 147
Trd, 000097.383, 150
Trd, 000097.683, 149
Trd, 000098.300, 148
Trd, 000098.850, 147
Trd, 000099.800, 145
Trd, 000099.817, 146
Trd, 000101.367, 145
Trd, 000101.400, 147
Trd, 000102.517, 147
Trd, 000103.383, 161.0
Trd, 000103.517, 147
Trd, 000103.567, 162.0
Trd, 000104.483, 151
Trd, 000104.783, 150
Trd, 000105.000, 150
Trd, 000105.500, 152
Trd, 000106.883, 157
Trd, 000107.617, 145
Trd, 000109.283, 152
Trd, 000109.317, 150
Trd, 000109.450, 143
Trd, 000109.733, 145
Trd, 000110.317, 154
Trd, 000110.500, 143
Trd, 000110.650, 141.0
Trd, 000111.300, 149
Trd, 000112.183, 141
Trd, 000112.433, 138.0
Trd, 000112.950, 142
Trd, 000113.250, 143
Trd, 000113.717, 144
Trd, 000115.517, 142
Trd, 000115.733, 142
Trd, 000115.767, 144
Trd, 000116.217, 162.0
Trd, 000116.483, 172.0
Trd, 000116.667, 141
Trd, 000118.183, 143
Trd, 000118.433, 142
Trd, 000119.117, 150
Trd, 000120.150, 143
Trd, 000120.233, 147
Trd, 000120.767, 144
Trd, 000120.817, 145
Trd, 000121.250, 148
Trd, 000121.350, 143
Trd, 000122.100, 148
Trd, 000122.383, 161
Trd, 000124.967, 150
Trd, 000124.983, 148
Trd, 000125.167, 151
Trd, 000125.717, 147
Trd, 000125.933, 147
Trd, 000126.117, 152
Trd, 000126.700, 145
Trd, 000126.867, 143
Trd, 000127.400, 145
Trd, 000128.417, 146
Trd, 000128.733, 143
Trd, 000129.133, 145
Trd, 000129.400, 144
Trd, 000129.733, 143
Trd, 000130.433, 145
Trd, 000130.483, 146
Trd, 000131.167, 146
Trd, 000131.717, 145
Trd, 000131.750, 141.0
Trd, 000132.017, 147
Trd, 000133.200, 147
Trd, 000133.417, 144
Trd, 000133.733, 147
Trd, 000134.250, 173.0
Trd, 000134.650, 142
Trd, 000135.683, 162
Trd, 000135.833, 161
Trd, 000138.017, 144
Trd, 000138.117, 141
Trd, 000139.433, 141.0
Trd, 000139.667, 149
Trd, 000140.200, 149
Trd, 000140.267, 149
Trd, 000140.417, 150
Trd, 000140.583, 150
Trd, 000142.550, 150
Trd, 000142.733, 144
Trd, 000143.283, 166
Trd, 000143.433, 150
Trd, 000143.933, 154
Trd, 000144.683, 144
Trd, 000145.067, 143
Trd, 000145.650, 143
Trd, 000146.133, 155
Trd, 000147.333, 151.0
Trd, 000148.433, 154
Trd, 000148.833, 151
Trd, 000149.433, 154
Trd, 000149.450, 151.0
Trd, 000150.250, 152
Trd, 000150.900, 151
Trd, 000151.300, 143
Trd, 000151.517, 154
Trd, 000152.083, 152
Trd, 000152.150, 154
Trd, 000152.800, 149
Trd, 000153.250, 150
Trd, 000153.567, 151
Trd, 000153.717, 162.0
Trd, 000154.683, 154
Trd, 000155.050, 148
Trd, 000155.483, 147
Trd, 000156.117, 148
Trd, 000156.383, 155
Trd, 000156.567, 172.0
Trd, 000156.900, 153
Trd, 000157.600, 155
Trd, 000158.633, 151.0
Trd, 000160.600, 154
Trd, 000161.500, 154
Trd, 000161.617, 159
Trd, 000162.167, 159
Trd, 000162.783, 161.0
Trd, 000163.300, 154
Trd, 000163.900, 141.0
Trd, 000163.967, 157
Trd, 000164.383, 150
Trd, 000164.783, 158
Trd, 000165.950, 159
Trd, 000166.267, 152.0
Trd, 000166.617, 159
Trd, 000166.867, 152
Trd, 000168.100, 159
Trd, 000170.633, 153
Trd, 000171.017, 156
Trd, 000171.033, 157
Trd, 000171.250, 159
Trd, 000171.617, 152
Trd, 000172.500, 152
Trd, 000175.400, 157
Trd, 000175.667, 157
Trd, 000175.733, 155
Trd, 000176.167, 159
Trd, 000176.417, 157
Trd, 000176.783, 157
Trd, 000178.433, 154
Trd, 000178.767, 157
Trd, 000179.000, 154
Trd, 000179.017, 157
Trd, 000179.067, 153
Trd, 000179.533, 153
Trd, 000180.417, 154
Trd, 000180.667, 156
Trd, 000181.800, 151.0
Trd, 000182.883, 150
Trd, 000183.317, 148
Trd, 000184.117, 151.0
Trd, 000184.300, 155
Trd, 000184.450, 149
Trd, 000184.733, 157
Trd, 000185.650, 154
Trd, 000186.033, 149
Trd, 000186.417, 153
Trd, 000186.517, 147
Trd, 000186.883, 147
Trd, 000187.233, 144
Trd, 000187.817, 149
Trd, 000189.467, 145
Trd, 000189.650, 145
Trd, 000190.117, 145
Trd, 000190.317, 148
Trd, 000190.367, 150
Trd, 000191.467, 144
Trd, 000191.600, 150
Trd, 000192.283, 143
Trd, 000193.917, 147
Trd, 000194.017, 146
Trd, 000194.683, 145
Trd, 000194.783, 145
Trd, 000195.017, 147
Trd, 000195.083, 148
Trd, 000195.333, 151.0
Trd, 000195.683, 151
Trd, 000196.017, 143
Trd, 000196.250, 152
Trd, 000196.500, 135.0
Trd, 000197.017, 151
Trd, 000197.617, 162.0
Trd, 000198.500, 146
Trd, 000199.333, 145
Trd, 000200.217, 155
Trd, 000200.350, 162.0
Trd, 000201.050, 161
Trd, 000201.300, 156
Trd, 000202.067, 142.0
Trd, 000203.117, 167
Trd, 000203.850, 151
Trd, 000204.450, 157
Trd, 000204.767, 148
Trd, 000204.950, 142
Trd, 000205.567, 144
Trd, 000205.650, 156
Trd, 000206.633, 142
Trd, 000206.683, 151
Trd, 000207.183, 151
Trd, 000207.333, 169.0
Trd, 000208.150, 145
Trd, 000209.033, 144.0
Trd, 000209.417, 145
Trd, 000209.767, 142
Trd, 000210.600, 141.0
Trd, 000212.000, 147
Trd, 000212.083, 147
Trd, 000212.767, 146
Trd, 000213.367, 143
Trd, 000213.717, 142
Trd, 000214.417, 146
Trd, 000214.433, 143
Trd, 000214.717, 141.0
Trd, 000215.017, 146
Trd, 000215.667, 147
Trd, 000216.000, 146
Trd, 000216.050, 162.0
Trd, 000216.350, 162
Trd, 000217.167, 167
Trd, 000217.717, 152
Trd, 000217.917, 137.0
Trd, 000218.533, 159
Trd, 000218.800, 158
Trd, 000218.983, 160
Trd, 000219.667, 156
Trd, 000220.483, 154
Trd, 000220.633, 159
Trd, 000222.100, 156
Trd, 000222.583, 151.0
Trd, 000222.917, 156
Trd, 000224.517, 151
Trd, 000224.650, 151
Trd, 000224.783, 142
Trd, 000225.133, 156
Trd, 000226.417, 152.0
Trd, 000226.750, 154
Trd, 000227.450, 154
Trd, 000227.667, 154
Trd, 000229.683, 152
Trd, 000230.100, 152.0
Trd, 000230.267, 154
Trd, 000230.683, 156
Trd, 000231.050, 151.0
Trd, 000231.600, 152
Trd, 000233.317, 155
Trd, 000233.450, 152
Trd, 000233.600, 155
Trd, 000233.850, 151
Trd, 000233.883, 155
Trd, 000234.433, 143
Trd, 000235.533, 150
Trd, 000236.283, 148
Trd, 000236.500, 147
Trd, 000236.783, 149
Trd, 000237.217, 143
Trd, 000237.467, 154
Trd, 000237.800, 150
Trd, 000238.150, 171.0
Trd, 000239.117, 155
Trd, 000240.150, 155
Trd, 000240.250, 155
Trd, 000240.550, 156
Trd, 000241.000, 156
Trd, 000241.317, 158
Trd, 000241.383, 152
Trd, 000242.000, 151.0
Trd, 000242.283, 150
Trd, 000242.500, 151
Trd, 000242.833, 149
Trd, 000243.450, 143
Trd, 000243.617, 149
Trd, 000244.417, 149
Trd, 000244.467, 148.0
Trd, 000244.717, 147.0
Trd, 000244.767, 151
Trd, 000245.200, 145
Trd, 000245.250, 150
Trd, 000246.133, 144.0
Trd, 000246.483, 138
Trd, 000247.400, 147
Trd, 000247.483, 145
Trd, 000247.767, 147
Trd, 000248.333, 143
Trd, 000249.167, 144.0
Trd, 000249.400, 143
Trd, 000249.883, 144.0
Trd, 000249.967, 146
Trd, 000250.533, 143
Trd, 000250.867, 142
Trd, 000251.083, 147
Trd, 000251.383, 141
Trd, 000252.050, 147.0
Trd, 000252.683, 148.0
Trd, 000253.233, 151.0
Trd, 000253.450, 154.0
Trd, 000254.133, 151.0
Trd, 000254.917, 155.0
Trd, 000254.983, 162
Trd, 000255.083, 162.0
Trd, 000255.333, 149
Trd, 000255.567, 148.0
Trd, 000255.817, 157
Trd, 000255.850, 151.0
Trd, 000256.817, 160.0
Trd, 000256.850, 159
Trd, 000257.367, 163.0
Trd, 000258.150, 161
Trd, 000258.183, 157
Trd, 000258.533, 162
Trd, 000259.950, 158.0
Trd, 000260.433, 157
Trd, 000260.500, 156
Trd, 000260.517, 155.0
Trd, 000260.567, 151.0
Trd, 000261.317, 155.0
Trd, 000261.550, 158
Trd, 000261.700, 157.0
Trd, 000261.717, 155.0
Trd, 000262.100, 165.0
Trd, 000262.117, 159
Trd, 000263.800, 156
Trd, 000263.850, 155.0
Trd, 000264.367, 158
Trd, 000264.800, 155
Trd, 000265.050, 157
Trd, 000265.350, 158
Trd, 000265.767, 157
Trd, 000265.883, 154
Trd, 000266.533, 153
Trd, 000266.667, 155
Trd, 000266.817, 151.0
Trd, 000267.050, 148.0
Trd, 000267.617, 154
Trd, 000267.967, 149
Trd, 000268.100, 148
Trd, 000268.267, 148.0
Trd, 000268.567, 154
Trd, 000268.967, 151.0
Trd, 000269.017, 154
Trd, 000269.600, 159
Trd, 000270.050, 154
Trd, 000270.200, 151.0
Trd, 000270.300, 156
Trd, 000270.717, 155
Trd, 000271.867, 158
Trd, 000272.283, 156
Trd, 000272.300, 155.0
Trd, 000272.417, 151.0
Trd, 000273.100, 158
Trd, 000273.283, 156
Trd, 000273.517, 151
Trd, 000273.567, 149
Trd, 000274.317, 151.0
Trd, 000274.517, 148.0
Trd, 000274.850, 153
Trd, 000275.033, 151
Trd, 000275.167, 153
Trd, 000275.233, 150
Trd, 000275.683, 141.0
Trd, 000275.800, 155.0
Trd, 000276.200, 143
Trd, 000276.483, 152
Trd, 000277.000, 162.0
Trd, 000277.767, 156
Trd, 000278.633, 150
Trd, 000278.950, 149.0
Trd, 000279.167, 153
Trd, 000279.500, 154
Trd, 000279.983, 154
Trd, 000280.500, 154
Trd, 000280.583, 155.0
Trd, 000281.617, 155.0
Trd, 000281.700, 151.0
Trd, 000281.967, 162.0
Trd, 000282.100, 156.0
Trd, 000282.517, 159
Trd, 000282.617, 156.0
Trd, 000282.750, 148.0
Trd, 000283.117, 143
Trd, 000284.017, 150
Trd, 000284.283, 144.0
Trd, 000284.583, 151.0
Trd, 000284.617, 142.0
Trd, 000284.983, 151.0
Trd, 000285.083, 165.0
Trd, 000285.367, 141.0
Trd, 000285.550, 137.0
Trd, 000286.433, 142
Trd, 000286.550, 147
Trd, 000287.150, 149
Trd, 000287.317, 152
Trd, 000288.200, 154
Trd, 000288.350, 148.0
Trd, 000289.250, 142.0
Trd, 000289.283, 144.0
Trd, 000289.467, 149
Trd, 000289.583, 144
Trd, 000290.350, 152.0
Trd, 000290.450, 162.0
Trd, 000290.633, 172.0
Trd, 000290.783, 175.0
Trd, 000291.300, 151.0
Trd, 000291.433, 155.0
Trd, 000291.500, 145
Trd, 000291.700, 165.0
Trd, 000292.033, 143
Trd, 000292.833, 155.0
Trd, 000292.917, 141.0
Trd, 000293.517, 137.0
Trd, 000293.733, 139
Trd, 000293.833, 154
Trd, 000294.417, 144.0
Trd, 000295.083, 141
Trd, 000295.483, 145
Trd, 000295.567, 148
Trd, 000295.983, 154
Trd, 000296.350, 151.0
Trd, 000297.133, 155
Trd, 000297.667, 147
Trd, 000298.850, 148
Trd, 000298.967, 151
Trd, 000299.100, 151.0
Trd, 000299.150, 151
Trd, 000299.217, 143
Trd, 000299.517, 155.0
Trd, 000299.600, 162.0
Trd, 000299.750, 165.0
