Trd, 000001.583, 171
Trd, 000001.867, 137.0
Trd, 000002.500, 144.0
Trd, 000002.533, 138
Trd, 000004.333, 130.0
Trd, 000005.133, 163
Trd, 000005.483, 159.0
Trd, 000005.817, 164
Trd, 000006.250, 158.0
Trd, 000006.400, 154
Trd, 000006.667, 164
Trd, 000008.333, 134.0
Trd, 000008.550, 136.0
Trd, 000009.050, 137.0
Trd, 000010.233, 127.0
Trd, 000010.300, 137
Trd, 000010.883, 134
Trd, 000010.967, 144.0
Trd, 000012.450, 148
Trd, 000013.083, 149
Trd, 000013.383, 157
Trd, 000014.417, 148
Trd, 000014.850, 156
Trd, 000014.883, 147
Trd, 000016.450, 151
Trd, 000016.967, 138
Trd, 000017.783, 144.0
Trd, 000017.867, 155
Trd, 000019.217, 142
Trd, 000019.450, 127.0
Trd, 000019.700, 141
Trd, 000020.300, 150.0
Trd, 000020.650, 145
Trd, 000020.733, 125
Trd, 000020.950, 145
Trd, 000021.200, 146
Trd, 000021.567, 147
Trd, 000023.483, 146
Trd, 000024.300, 144.0
Trd, 000024.417, 155
Trd, 000024.533, 140
Trd, 000027.483, 155
Trd, 000027.600, 154
Trd, 000028.417, 151
Trd, 000028.667, 153
Trd, 000030.083, 151
Trd, 000030.150, 150
Trd, 000030.183, 153
Trd, 000030.817, 154
Trd, 000032.167, 144
Trd, 000032.267, 154
Trd, 000032.733, 155
Trd, 000033.467, 155
Trd, 000033.617, 130
Trd, 000034.750, 143.0
Trd, 000034.917, 144.0
Trd, 000035.550, 142
Trd, 000036.000, 150.0
Trd, 000037.167, 144
Trd, 000038.283, 146
Trd, 000038.400, 149
Trd, 000039.783, 149
Trd, 000040.050, 151.0
Trd, 000040.217, 147
Trd, 000040.933, 155
Trd, 000041.483, 155
Trd, 000041.633, 147
Trd, 000042.700, 154
Trd, 000044.150, 155
Trd, 000044.550, 146
Trd, 000045.183, 158
Trd, 000045.250, 156
Trd, 000045.850, 156
Trd, 000046.017, 157
Trd, 000046.667, 157
Trd, 000046.950, 154
Trd, 000047.550, 154
Trd, 000049.400, 138
Trd, 000049.467, 137
Trd, 000049.767, 153
Trd, 000050.233, 147
Trd, 000050.283, 157
Trd, 000050.483, 145
Trd, 000050.767, 158
Trd, 000052.183, 147
Trd, 000052.650, 150
Trd, 000053.317, 146
Trd, 000053.800, 149
Trd, 000054.067, 151.0
Trd, 000054.817, 147
Trd, 000055.083, 148
Trd, 000055.150, 144
Trd, 000055.683, 148
Trd, 000055.950, 150
Trd, 000056.133, 145
Trd, 000056.433, 145
Trd, 000056.733, 149
Trd, 000056.983, 155
Trd, 000058.450, 146
Trd, 000059.717, 150
Trd, 000059.850, 157
Trd, 000061.650, 156
Trd, 000062.567, 154
Trd, 000063.317, 149
Trd, 000064.417, 153
Trd, 000064.800, 151
Trd, 000065.383, 149
Trd, 000066.883, 148
Trd, 000067.050, 146
Trd, 000067.200, 151
Trd, 000067.500, 145
Trd, 000068.483, 149
Trd, 000068.750, 151
Trd, 000069.017, 151
Trd, 000069.033, 147
Trd, 000069.467, 155
Trd, 000071.500, 149
Trd, 000072.350, 149
Trd, 000072.367, 151
Trd, 000072.883, 149
Trd, 000073.017, 148
Trd, 000073.033, 147
Trd, 000073.133, 151.0
Trd, 000073.733, 145
Trd, 000074.617, 143
Trd, 000074.817, 143
Trd, 000074.900, 143
Trd, 000076.583, 142
Trd, 000077.150, 127.0
Trd, 000077.333, 145
Trd, 000077.500, 155
Trd, 000077.667, 158.0
Trd, 000079.200, 157
Trd, 000080.367, 149
Trd, 000080.817, 149
Trd, 000081.983, 147
Trd, 000082.583, 150
Trd, 000083.617, 150.0
Trd, 000084.283, 148
Trd, 000084.517, 147
Trd, 000084.600, 151.0
Trd, 000085.167, 155
Trd, 000085.750, 148
Trd, 000086.667, 154
Trd, 000086.950, 153
Trd, 000087.067, 154
Trd, 000087.483, 147
Trd, 000090.367, 147
Trd, 000090.433, 148
Trd, 000091.450, 149
Trd, 000091.483, 150
Trd, 000092.283, 148
Trd, 000092.483, 146
Trd, 000092.967, 149
Trd, 000093.283, 145
Trd, 000094.633, 144
Trd, 000095.633, 143
Trd, 000096.150, 144
Trd, 000096.217, 142
Trd, 000096.683, 159
Trd, 000097.083, 127.0
Trd, 000099.933, 147.0
Trd, 000100.133, 145
Trd, 000100.650, 144
Trd, 000100.667, 141
Trd, 000101.450, 142
Trd, 000101.800, 143
Trd, 000102.017, 141
Trd, 000103.533, 144
Trd, 000103.550, 127.0
Trd, 000103.733, 150
Trd, 000105.217, 146
Trd, 000105.300, 127
Trd, 000105.333, 149.0
Trd, 000106.167, 137.0
Trd, 000107.400, 145
Trd, 000107.767, 144
Trd, 000109.650, 137.0
Trd, 000110.267, 142.0
Trd, 000110.283, 140
Trd, 000110.550, 144.0
Trd, 000111.317, 153
Trd, 000113.033, 142
Trd, 000113.100, 151.0
Trd, 000113.200, 139
Trd, 000113.367, 147
Trd, 000113.733, 148
Trd, 000114.767, 147
Trd, 000115.067, 146
Trd, 000115.200, 149
Trd, 000116.217, 155
Trd, 000116.367, 146
Trd, 000117.133, 152
Trd, 000117.383, 152
Trd, 000118.417, 150
Trd, 000118.983, 150
Trd, 000119.217, 150
Trd, 000119.517, 150
Trd, 000119.700, 151
Trd, 000119.917, 150
Trd, 000122.050, 149
Trd, 000122.083, 150
Trd, 000122.400, 149
Trd, 000122.617, 151.0
Trd, 000123.067, 149
Trd, 000123.167, 159
Trd, 000124.233, 147
Trd, 000124.300, 127.0
Trd, 000125.733, 149
Trd, 000126.917, 136
Trd, 000127.933, 140
Trd, 000128.483, 144
Trd, 000128.667, 139
Trd, 000129.183, 142
Trd, 000130.600, 141
Trd, 000130.800, 142.0
Trd, 000131.117, 143
Trd, 000131.283, 141
Trd, 000131.850, 144.0
Trd, 000133.500, 151
Trd, 000134.850, 144
Trd, 000135.167, 147
Trd, 000135.950, 146
Trd, 000136.033, 148
Trd, 000136.383, 148
Trd, 000136.417, 144
Trd, 000137.000, 153
Trd, 000137.400, 145
Trd, 000137.500, 155
Trd, 000138.850, 142
Trd, 000139.283, 160
Trd, 000140.300, 147
Trd, 000140.617, 150
Trd, 000141.100, 157
Trd, 000142.050, 149
Trd, 000143.217, 155
Trd, 000143.617, 156
Trd, 000144.233, 156
Trd, 000144.900, 155
Trd, 000145.250, 153
Trd, 000145.400, 154
Trd, 000145.700, 156
Trd, 000146.083, 151
Trd, 000146.350, 144.0
Trd, 000146.733, 149
Trd, 000146.767, 151.0
Trd, 000146.900, 132
Trd, 000148.367, 152
Trd, 000148.417, 144
Trd, 000148.850, 158.0
Trd, 000149.233, 159
Trd, 000150.083, 153
Trd, 000152.083, 155
Trd, 000152.600, 159
Trd, 000152.800, 154
Trd, 000153.817, 154
Trd, 000154.000, 164
Trd, 000154.583, 142
Trd, 000154.750, 163
Trd, 000155.500, 161
Trd, 000156.167, 148
Trd, 000156.250, 158
Trd, 000157.117, 149
Trd, 000157.383, 148
Trd, 000158.517, 145
Trd, 000159.100, 144
Trd, 000159.217, 145
Trd, 000159.283, 145
Trd, 000160.867, 145
Trd, 000161.033, 141
Trd, 000163.183, 146
Trd, 000163.517, 147
Trd, 000164.317, 151.0
Trd, 000165.600, 145
Trd, 000165.817, 145
Trd, 000166.150, 150
Trd, 000166.467, 148
Trd, 000166.500, 144
Trd, 000166.883, 144
Trd, 000169.067, 148
Trd, 000169.350, 148
Trd, 000170.217, 144.0
Trd, 000170.283, 143
Trd, 000170.300, 151.0
Trd, 000170.767, 144
Trd, 000170.850, 155
Trd, 000171.067, 156
Trd, 000172.883, 146
Trd, 000173.983, 149
Trd, 000174.917, 149
Trd, 000175.167, 147
Trd, 000175.483, 146
Trd, 000176.150, 149
Trd, 000176.267, 149
Trd, 000176.283, 151.0
Trd, 000177.983, 150
Trd, 000178.317, 149
Trd, 000178.700, 152
Trd, 000178.833, 155
Trd, 000178.850, 149
Trd, 000179.017, 127.0
Trd, 000180.500, 152
Trd, 000181.317, 148
Trd, 000182.933, 146
Trd, 000183.267, 148
Trd, 000183.900, 146
Trd, 000185.333, 147.0
Trd, 000185.517, 148.0
Trd, 000185.567, 144
Trd, 000185.933, 143
Trd, 000187.033, 144.0
Trd, 000187.050, 143
Trd, 000187.100, 147
Trd, 000188.683, 152
Trd, 000189.550, 144
Trd, 000190.767, 150
Trd, 000191.550, 148
Trd, 000191.983, 149
Trd, 000192.467, 147
Trd, 000193.667, 151
Trd, 000193.983, 146
Trd, 000194.100, 151.0
Trd, 000194.317, 144
Trd, 000195.500, 152
Trd, 000195.983, 144
Trd, 000196.317, 152
Trd, 000196.383, 152
Trd, 000198.367, 159
Trd, 000199.500, 156
Trd, 000200.367, 153
Trd, 000200.800, 153
Trd, 000200.983, 154
Trd, 000201.283, 153
Trd, 000201.967, 155
Trd, 000202.017, 155
Trd, 000202.267, 154
Trd, 000202.533, 152
Trd, 000202.800, 151
Trd, 000202.850, 165
Trd, 000204.000, 128
Trd, 000204.117, 141
Trd, 000204.283, 148
Trd, 000204.983, 153
Trd, 000205.067, 127.0
Trd, 000205.583, 156
Trd, 000206.033, 137
Trd, 000206.383, 153
Trd, 000207.367, 154
Trd, 000207.917, 145
Trd, 000210.117, 151.0
Trd, 000210.333, 149
Trd, 000210.533, 151
Trd, 000211.000, 149
Trd, 000212.233, 148
Trd, 000212.600, 148
Trd, 000212.750, 148
Trd, 000213.133, 149
Trd, 000214.117, 147
Trd, 000214.417, 148
Trd, 000214.533, 149
Trd, 000214.550, 148
Trd, 000215.183, 148
Trd, 000215.433, 148
Trd, 000216.683, 152
Trd, 000217.400, 148
Trd, 000218.967, 147
Trd, 000219.300, 151
Trd, 000219.367, 153
Trd, 000220.133, 151
Trd, 000221.217, 148
Trd, 000221.267, 154
Trd, 000221.367, 136
Trd, 000221.650, 155
Trd, 000222.283, 146
Trd, 000222.783, 145
Trd, 000222.800, 152
Trd, 000223.717, 146
Trd, 000224.417, 148
Trd, 000224.833, 147
Trd, 000225.900, 149
Trd, 000226.567, 144
Trd, 000226.717, 154
Trd, 000227.750, 153
Trd, 000228.000, 155
Trd, 000228.383, 145
Trd, 000230.717, 143
Trd, 000230.833, 144.0
Trd, 000231.617, 149
Trd, 000232.100, 150.0
Trd, 000232.317, 142
Trd, 000232.967, 155
Trd, 000233.117, 151
Trd, 000235.483, 145
Trd, 000235.717, 154
Trd, 000235.950, 154
Trd, 000236.083, 155
Trd, 000236.200, 145
Trd, 000236.433, 145
Trd, 000236.533, 144
Trd, 000237.650, 153
Trd, 000237.933, 157
Trd, 000239.350, 157
Trd, 000240.233, 151
Trd, 000240.700, 154
Trd, 000240.750, 154
Trd, 000240.850, 153
Trd, 000240.967, 155
Trd, 000241.433, 154
Trd, 000241.733, 154
Trd, 000241.800, 153
Trd, 000242.217, 154
Trd, 000242.750, 154
Trd, 000243.733, 153
Trd, 000244.200, 153
Trd, 000244.250, 153
Trd, 000244.583, 141.0
Trd, 000244.650, 154
Trd, 000244.800, 154
Trd, 000244.850, 147
Trd, 000246.750, 153
Trd, 000246.850, 153
Trd, 000248.217, 149
Trd, 000248.467, 147
Trd, 000248.683, 148
Trd, 000249.483, 154
Trd, 000249.633, 146
Trd, 000250.417, 149
Trd, 000250.533, 152
Trd, 000251.917, 148
Trd, 000252.017, 150
Trd, 000252.700, 152
Trd, 000252.750, 155
Trd, 000253.483, 155
Trd, 000253.667, 154
Trd, 000254.200, 149
Trd, 000255.450, 154
Trd, 000255.867, 154
Trd, 000256.367, 153
Trd, 000256.650, 153
Trd, 000256.800, 155
Trd, 000257.183, 151
Trd, 000257.250, 165
Trd, 000257.483, 155
Trd, 000257.550, 159
Trd, 000257.850, 153
Trd, 000258.550, 150
Trd, 000259.517, 155
Trd, 000259.833, 155
Trd, 000260.667, 155
Trd, 000261.017, 155.0
Trd, 000261.800, 157
Trd, 000262.267, 155
Trd, 000263.250, 154
Trd, 000263.767, 151
Trd, 000264.700, 152
Trd, 000265.217, 137.0
Trd, 000265.283, 132.0
Trd, 000265.550, 145
Trd, 000266.400, 147
Trd, 000266.500, 148
Trd, 000266.833, 156
Trd, 000266.867, 146
Trd, 000267.883, 155
Trd, 000268.083, 155
Trd, 000268.517, 147
Trd, 000268.917, 151
Trd, 000269.383, 151.0
Trd, 000270.117, 149
Trd, 000270.683, 149
Trd, 000271.217, 151
Trd, 000271.250, 150
Trd, 000271.900, 152
Trd, 000272.067, 148
Trd, 000272.833, 150
Trd, 000274.467, 158.0
Trd, 000274.500, 160
Trd, 000274.850, 164
Trd, 000274.967, 165
Trd, 000275.017, 158
Trd, 000275.783, 163
Trd, 000275.800, 162
Trd, 000275.850, 161
Trd, 000275.917, 164
Trd, 000276.033, 172.0
Trd, 000276.617, 155.0
Trd, 000278.200, 142
Trd, 000278.500, 141.0
Trd, 000278.900, 142.0
Trd, 000279.167, 144.0
Trd, 000279.717, 143
Trd, 000279.833, 144
Trd, 000280.383, 150.0
Trd, 000280.500, 131.0
Trd, 000281.217, 137.0
Trd, 000281.817, 148.0
Trd, 000282.683, 147
Trd, 000283.717, 134
Trd, 000283.900, 142.0
Trd, 000284.583, 158
Trd, 000284.833, 145.0
Trd, 000285.750, 144.0
Trd, 000286.600, 144.0
Trd, 000286.900, 144.0
Trd, 000287.333, 145
Trd, 000287.433, 148.0
Trd, 000287.517, 151.0
Trd, 000287.883, 145
Trd, 000288.200, 145
Trd, 000288.667, 158
Trd, 000288.783, 143
Trd, 000288.967, 144.0
Trd, 000289.017, 158
Trd, 000290.583, 148
Trd, 000290.733, 144
Trd, 000291.100, 144
Trd, 000291.217, 143
Trd, 000291.250, 147
Trd, 000292.100, 142.0
Trd, 000292.800, 147.0
Trd, 000292.950, 148.0
Trd, 000293.133, 148
Trd, 000293.633, 151.0
Trd, 000293.683, 145
Trd, 000293.867, 158
Trd, 000296.233, 155.0
Trd, 000296.533, 155
Trd, 000296.600, 150
Trd, 000297.300, 156
Trd, 000298.167, 155.0
Trd, 000298.433, 149
Trd, 000298.883, 155
Trd, 000298.917, 152
Trd, 000299.150, 151
Trd, 000299.217, 155
Trd, 000299.633, 156
