Trd, 000001.983, 117.0
Trd, 000002.150, 147
Trd, 000004.200, 128.0
Trd, 000004.233, 128
Trd, 000004.433, 132
Trd, 000004.833, 131.0
Trd, 000005.567, 136.0
Trd, 000005.683, 134.0
Trd, 000006.500, 136
Trd, 000007.117, 134
Trd, 000007.383, 145
Trd, 000007.500, 136.0
Trd, 000008.767, 143
Trd, 000008.983, 150.0
Trd, 000009.683, 151.0
Trd, 000010.150, 144
Trd, 000010.417, 143
Trd, 000010.967, 142
Trd, 000012.267, 146
Trd, 000012.417, 145
Trd, 000013.283, 145
Trd, 000013.717, 144
Trd, 000014.167, 143
Trd, 000014.500, 141.0
Trd, 000014.583, 144
Trd, 000014.783, 140
Trd, 000015.500, 141
Trd, 000015.867, 141
Trd, 000016.083, 139
Trd, 000017.967, 142
Trd, 000018.067, 143
Trd, 000019.583, 143
Trd, 000019.617, 145
Trd, 000019.867, 146
Trd, 000020.783, 144
Trd, 000021.300, 143
Trd, 000021.800, 143
Trd, 000021.967, 140
Trd, 000023.017, 150.0
Trd, 000023.417, 144
Trd, 000023.483, 143
Trd, 000024.467, 146
Trd, 000025.017, 146
Trd, 000025.717, 147
Trd, 000026.400, 147
Trd, 000027.233, 144
Trd, 000027.383, 149
Trd, 000027.600, 150
Trd, 000027.833, 143
Trd, 000028.067, 143
Trd, 000028.667, 145
Trd, 000028.900, 149
Trd, 000030.417, 146.0
Trd, 000031.033, 146.0
Trd, 000031.517, 146
Trd, 000031.783, 158.0
Trd, 000031.883, 144
Trd, 000032.050, 143
Trd, 000033.450, 151.0
Trd, 000034.650, 151
Trd, 000035.200, 152
Trd, 000035.233, 152
Trd, 000035.733, 150
Trd, 000035.950, 144
Trd, 000036.350, 154
Trd, 000036.633, 143
Trd, 000037.250, 147
Trd, 000038.833, 142
Trd, 000039.233, 134.0
Trd, 000039.650, 144
Trd, 000040.083, 139
Trd, 000041.267, 144
Trd, 000042.067, 144
Trd, 000043.517, 144
Trd, 000043.533, 144
Trd, 000043.650, 144
Trd, 000044.450, 155.0
Trd, 000044.483, 158.0
Trd, 000044.583, 145
Trd, 000044.600, 144
Trd, 000047.217, 147
Trd, 000047.617, 145
Trd, 000048.000, 146
Trd, 000048.900, 146
Trd, 000049.567, 147
Trd, 000049.717, 148
Trd, 000050.450, 147
Trd, 000050.933, 146
Trd, 000051.017, 145
Trd, 000051.417, 142
Trd, 000051.933, 147
Trd, 000052.383, 149
Trd, 000053.500, 148
Trd, 000053.883, 148
Trd, 000054.883, 150
Trd, 000055.183, 147
Trd, 000056.067, 150
Trd, 000056.450, 151.0
Trd, 000056.733, 149
Trd, 000056.767, 147
Trd, 000058.133, 143
Trd, 000058.333, 152
Trd, 000058.667, 172.0
Trd, 000058.783, 141.0
Trd, 000059.167, 137.0
Trd, 000060.667, 145
Trd, 000061.017, 146
Trd, 000061.083, 150
Trd, 000061.167, 151.0
Trd, 000061.917, 156.0
Trd, 000062.033, 157.0
Trd, 000062.900, 158.0
Trd, 000063.317, 158.0
Trd, 000063.583, 156
Trd, 000063.917, 155.0
Trd, 000064.233, 145
Trd, 000064.367, 144
Trd, 000065.883, 141.0
Trd, 000066.667, 141
Trd, 000067.400, 141
Trd, 000067.983, 140
Trd, 000068.217, 141
Trd, 000068.933, 141
Trd, 000069.650, 141
Trd, 000070.933, 144
Trd, 000071.733, 144
Trd, 000072.000, 143.0
Trd, 000072.117, 144
Trd, 000072.183, 141
Trd, 000072.317, 143
Trd, 000073.433, 142
Trd, 000073.783, 139
Trd, 000073.833, 143
Trd, 000073.850, 144
Trd, 000074.583, 149.0
Trd, 000074.633, 151.0
Trd, 000076.383, 141.0
Trd, 000077.400, 143
Trd, 000078.467, 145
Trd, 000079.683, 145
Trd, 000080.533, 146
Trd, 000080.983, 146
Trd, 000081.217, 144
Trd, 000081.850, 146
Trd, 000082.850, 143
Trd, 000082.917, 142
Trd, 000083.017, 148
Trd, 000083.283, 151.0
Trd, 000085.250, 139.0
Trd, 000085.600, 138.0
Trd, 000086.467, 142
Trd, 000087.433, 139
Trd, 000087.717, 140
Trd, 000088.200, 142
Trd, 000089.233, 143
Trd, 000089.283, 140
Trd, 000090.283, 142
Trd, 000091.017, 141
Trd, 000091.467, 142
Trd, 000091.767, 142
Trd, 000091.950, 144
Trd, 000092.183, 141
Trd, 000092.417, 144
Trd, 000092.833, 142.0
Trd, 000092.950, 145
Trd, 000093.050, 141.0
Trd, 000093.700, 141
Trd, 000095.100, 143
Trd, 000095.183, 145
Trd, 000095.900, 143
Trd, 000096.067, 143
Trd, 000097.217, 143
Trd, 000097.750, 141
Trd, 000098.733, 143
Trd, 000099.050, 140
Trd, 000099.517, 143
Trd, 000099.567, 144
Trd, 000099.883, 144
Trd, 000099.900, 145
Trd, 000101.717, 145
Trd, 000102.517, 145
Trd, 000102.583, 144
Trd, 000103.383, 145
Trd, 000103.967, 146
Trd, 000104.033, 144
Trd, 000104.967, 143
Trd, 000105.267, 144
Trd, 000106.033, 146
Trd, 000106.233, 144
Trd, 000106.483, 137.0
Trd, 000106.800, 147
Trd, 000107.750, 148
Trd, 000107.967, 151.0
Trd, 000109.533, 149
Trd, 000110.267, 149
Trd, 000110.633, 155.0
Trd, 000111.317, 150
Trd, 000111.733, 149
Trd, 000111.800, 149
Trd, 000112.400, 148
Trd, 000113.783, 142
Trd, 000114.033, 145
Trd, 000114.367, 143.0
Trd, 000114.933, 144
Trd, 000115.150, 143.0
Trd, 000115.717, 144
Trd, 000116.150, 143
Trd, 000116.367, 143
Trd, 000116.633, 142
Trd, 000117.233, 144
Trd, 000117.750, 145
Trd, 000118.483, 148
Trd, 000118.583, 142.0
Trd, 000119.167, 143
Trd, 000119.917, 141.0
Trd, 000120.200, 141
Trd, 000121.183, 146
Trd, 000121.783, 144
Trd, 000121.800, 142.0
Trd, 000122.017, 142.0
Trd, 000123.367, 142
Trd, 000124.000, 141
Trd, 000124.017, 139
Trd, 000124.383, 140
Trd, 000124.400, 142
Trd, 000126.483, 141
Trd, 000126.867, 144
Trd, 000127.650, 148
Trd, 000128.183, 150.0
Trd, 000128.650, 145
Trd, 000129.017, 143
Trd, 000129.067, 147
Trd, 000129.133, 142
Trd, 000130.917, 143
Trd, 000131.033, 143
Trd, 000132.100, 143
Trd, 000133.850, 142
Trd, 000133.917, 142
Trd, 000134.167, 141.0
Trd, 000134.950, 141
Trd, 000135.783, 142
Trd, 000136.000, 140.0
Trd, 000136.350, 140.0
Trd, 000137.150, 139
Trd, 000137.783, 139
Trd, 000137.900, 143
Trd, 000139.267, 141
Trd, 000139.417, 141
Trd, 000139.750, 144
Trd, 000141.400, 141
Trd, 000141.417, 141
Trd, 000142.017, 142.0
Trd, 000143.083, 144.0
Trd, 000143.100, 146
Trd, 000144.217, 145.0
Trd, 000144.317, 146
Trd, 000145.233, 144
Trd, 000145.567, 147
Trd, 000146.467, 145
Trd, 000146.567, 146
Trd, 000147.250, 145
Trd, 000147.483, 143
Trd, 000148.617, 144
Trd, 000148.933, 144
Trd, 000149.050, 143
Trd, 000149.083, 158.0
Trd, 000149.650, 142
Trd, 000151.067, 148
Trd, 000151.367, 143.0
Trd, 000151.533, 142
Trd, 000151.650, 137.0
Trd, 000151.867, 148
Trd, 000152.867, 149.0
Trd, 000152.917, 140
Trd, 000153.700, 140
Trd, 000153.817, 147
Trd, 000155.967, 146
Trd, 000156.000, 141.0
Trd, 000156.750, 143
Trd, 000157.133, 141
Trd, 000158.033, 142
Trd, 000158.300, 142
Trd, 000158.667, 144
Trd, 000158.900, 151.0
Trd, 000159.567, 142
Trd, 000160.750, 151
Trd, 000161.483, 147
Trd, 000162.283, 146
Trd, 000162.467, 148.0
Trd, 000162.850, 148
Trd, 000163.200, 148
Trd, 000164.333, 149
Trd, 000165.350, 149.0
Trd, 000165.417, 151.0
Trd, 000165.500, 148
Trd, 000166.483, 145
Trd, 000166.583, 150
Trd, 000166.800, 143
Trd, 000167.117, 150
Trd, 000167.983, 145
Trd, 000168.083, 144
Trd, 000168.833, 143
Trd, 000169.100, 144
Trd, 000169.550, 143
Trd, 000170.450, 144
Trd, 000170.550, 143
Trd, 000170.583, 144
Trd, 000170.950, 141.0
Trd, 000171.217, 145
Trd, 000171.917, 143
Trd, 000172.367, 143
Trd, 000172.383, 145
Trd, 000174.817, 146
Trd, 000174.850, 145
Trd, 000175.167, 150.0
Trd, 000175.600, 158.0
Trd, 000176.200, 150
Trd, 000176.983, 148
Trd, 000177.667, 149.0
Trd, 000179.217, 147
Trd, 000180.083, 148
Trd, 000180.200, 147
Trd, 000180.317, 148
Trd, 000181.183, 148
Trd, 000181.350, 149
Trd, 000181.400, 147
Trd, 000182.233, 150
Trd, 000182.283, 143
Trd, 000183.283, 151
Trd, 000184.100, 151.0
Trd, 000184.733, 152
Trd, 000184.800, 158.0
Trd, 000185.817, 154
Trd, 000186.300, 153
Trd, 000186.750, 152
Trd, 000187.133, 152
Trd, 000187.367, 143
Trd, 000187.417, 143
Trd, 000187.667, 152
Trd, 000188.217, 155.0
Trd, 000188.533, 141.0
Trd, 000189.883, 149
Trd, 000190.217, 147
Trd, 000191.050, 140.0
Trd, 000192.200, 143
Trd, 000192.450, 143
Trd, 000192.783, 142
Trd, 000193.317, 141
Trd, 000194.300, 142
Trd, 000194.783, 141
Trd, 000195.467, 141
Trd, 000195.667, 140
Trd, 000195.817, 141
Trd, 000196.383, 139.0
Trd, 000196.933, 141
Trd, 000197.650, 144
Trd, 000197.767, 151.0
Trd, 000197.883, 158.0
Trd, 000198.050, 144.0
Trd, 000198.167, 143.0
Trd, 000199.100, 137.0
Trd, 000199.600, 148
Trd, 000200.517, 137
Trd, 000200.683, 147.0
Trd, 000201.417, 151.0
Trd, 000201.617, 146
Trd, 000202.250, 143
Trd, 000203.917, 145
Trd, 000204.150, 147
Trd, 000204.500, 143.0
Trd, 000205.317, 146
Trd, 000206.717, 147
Trd, 000207.083, 150.0
Trd, 000207.233, 151.0
Trd, 000207.633, 149.0
Trd, 000208.017, 147.0
Trd, 000208.117, 143
Trd, 000208.167, 141.0
Trd, 000208.717, 146
Trd, 000209.183, 147
Trd, 000209.233, 140.0
Trd, 000211.233, 145
Trd, 000211.650, 145
Trd, 000211.817, 142
Trd, 000212.067, 142
Trd, 000213.117, 147
Trd, 000213.967, 145
Trd, 000214.733, 142.0
Trd, 000215.317, 142.0
Trd, 000216.417, 142
Trd, 000216.617, 141
Trd, 000216.833, 143
Trd, 000217.583, 144
Trd, 000218.267, 152
Trd, 000218.433, 153
Trd, 000218.817, 153
Trd, 000219.683, 150
Trd, 000219.833, 141.0
Trd, 000220.300, 149
Trd, 000221.400, 144
Trd, 000222.417, 147
Trd, 000222.817, 147
Trd, 000223.667, 148
Trd, 000224.033, 148
Trd, 000224.367, 142.0
Trd, 000226.600, 144
Trd, 000227.617, 142
Trd, 000227.633, 138.0
Trd, 000229.267, 144
Trd, 000229.483, 143.0
Trd, 000229.683, 143.0
Trd, 000229.783, 144
Trd, 000230.167, 142
Trd, 000230.200, 140.0
Trd, 000230.700, 147
Trd, 000231.250, 137.0
Trd, 000231.700, 143
Trd, 000234.050, 141
Trd, 000234.133, 140
Trd, 000234.433, 141
Trd, 000234.650, 138
Trd, 000234.783, 141
Trd, 000234.800, 137
Trd, 000235.000, 135.0
Trd, 000236.433, 155
Trd, 000236.633, 155.0
Trd, 000237.817, 148
Trd, 000239.117, 150
Trd, 000239.383, 151
Trd, 000239.850, 149
Trd, 000240.100, 150.0
Trd, 000240.650, 151.0
Trd, 000240.767, 151
Trd, 000240.983, 152
Trd, 000241.133, 156.0
Trd, 000241.400, 158.0
Trd, 000242.017, 155
Trd, 000242.117, 156
Trd, 000242.867, 155
Trd, 000243.750, 149
Trd, 000244.217, 150
Trd, 000244.983, 149.0
Trd, 000245.283, 146.0
Trd, 000245.567, 146
Trd, 000245.950, 146
Trd, 000246.533, 146
Trd, 000246.650, 147
Trd, 000247.333, 145
Trd, 000247.450, 146
Trd, 000248.033, 142
Trd, 000248.467, 148
Trd, 000248.783, 138.0
Trd, 000249.283, 151.0
Trd, 000249.783, 155.0
Trd, 000250.067, 152.0
Trd, 000250.167, 153
Trd, 000250.567, 151
Trd, 000251.167, 151.0
Trd, 000251.617, 137.0
Trd, 000251.767, 136
Trd, 000252.633, 151
Trd, 000252.800, 143
Trd, 000253.267, 150
Trd, 000253.500, 151
Trd, 000253.933, 148
Trd, 000255.000, 149
Trd, 000255.067, 149
Trd, 000255.300, 151
Trd, 000255.667, 149
Trd, 000255.917, 151
Trd, 000256.333, 151.0
Trd, 000257.167, 148
Trd, 000257.533, 154.0
Trd, 000257.767, 155.0
Trd, 000257.883, 154
Trd, 000257.983, 151
Trd, 000258.067, 154
Trd, 000258.933, 150
Trd, 000259.850, 151.0
Trd, 000259.867, 153
Trd, 000260.100, 155
Trd, 000260.600, 154.0
Trd, 000260.950, 150
Trd, 000262.017, 151
Trd, 000262.117, 151
Trd, 000262.267, 152
Trd, 000262.433, 145
Trd, 000262.950, 151
Trd, 000263.217, 147
Trd, 000263.267, 151.0
Trd, 000264.100, 148
Trd, 000264.583, 144
Trd, 000264.617, 151
Trd, 000265.367, 147
Trd, 000266.383, 149
Trd, 000266.550, 149
Trd, 000266.700, 149
Trd, 000267.083, 148.0
Trd, 000267.450, 147
Trd, 000267.800, 149
Trd, 000268.500, 149
Trd, 000268.883, 150
Trd, 000269.483, 151.0
Trd, 000270.733, 158.0
Trd, 000270.883, 154
Trd, 000271.283, 153
Trd, 000271.667, 155
Trd, 000271.950, 157
Trd, 000272.083, 160.0
Trd, 000272.883, 154
Trd, 000273.567, 152
Trd, 000273.700, 143
Trd, 000274.400, 152
Trd, 000274.483, 153
Trd, 000274.633, 158.0
Trd, 000275.200, 160.0
Trd, 000275.917, 153
Trd, 000276.233, 154
Trd, 000276.717, 156.0
Trd, 000276.967, 156
Trd, 000277.833, 157
Trd, 000278.450, 157
Trd, 000278.617, 155.0
Trd, 000278.717, 142
Trd, 000279.333, 151.0
Trd, 000279.983, 156.0
Trd, 000281.083, 153
Trd, 000281.117, 151
Trd, 000281.167, 148
Trd, 000281.333, 143
Trd, 000281.450, 158.0
Trd, 000281.900, 157
Trd, 000282.450, 159
Trd, 000282.567, 152
Trd, 000282.883, 151
Trd, 000283.000, 161.0
Trd, 000283.067, 151
Trd, 000284.200, 152.0
Trd, 000284.617, 151
Trd, 000284.733, 150
Trd, 000285.133, 151
Trd, 000285.600, 151.0
Trd, 000285.750, 151
Trd, 000285.983, 150
Trd, 000286.067, 157
Trd, 000286.300, 144
Trd, 000286.867, 158.0
Trd, 000287.183, 155
Trd, 000288.733, 158
Trd, 000290.167, 157.0
Trd, 000290.267, 155.0
Trd, 000290.933, 155
Trd, 000291.050, 154
Trd, 000291.183, 154
Trd, 000291.783, 155.0
Trd, 000291.800, 157
Trd, 000291.917, 158.0
Trd, 000292.450, 157
Trd, 000292.650, 153
Trd, 000294.667, 149
Trd, 000295.617, 146
Trd, 000295.783, 146
Trd, 000295.867, 146
Trd, 000295.950, 143
Trd, 000296.317, 143
Trd, 000296.500, 144
Trd, 000296.767, 154
Trd, 000296.867, 137.0
Trd, 000297.817, 158.0
Trd, 000298.750, 146
Trd, 000299.083, 141.0
Trd, 000299.500, 146
Trd, 000299.700, 140.0
