Trd, 000001.500, 200.0
Trd, 000001.517, 186.0
Trd, 000002.350, 133
Trd, 000003.650, 147
Trd, 000004.267, 148.0
Trd, 000004.350, 149
Trd, 000004.383, 146
Trd, 000004.600, 145
Trd, 000004.833, 152
Trd, 000005.683, 161
Trd, 000005.850, 178.0
Trd, 000006.083, 147
Trd, 000007.333, 148
Trd, 000007.483, 158.0
Trd, 000008.300, 147
Trd, 000008.633, 152
Trd, 000009.400, 154.0
Trd, 000010.117, 151
Trd, 000010.833, 152
Trd, 000011.217, 152.0
Trd, 000011.950, 150
Trd, 000012.017, 150
Trd, 000012.033, 151
Trd, 000012.517, 151
Trd, 000014.100, 153.0
Trd, 000014.667, 153
Trd, 000015.283, 152
Trd, 000016.317, 150
Trd, 000016.733, 154
Trd, 000017.200, 153
Trd, 000017.367, 149
Trd, 000017.850, 134.0
Trd, 000017.933, 148.0
Trd, 000018.533, 154.0
Trd, 000019.867, 148
Trd, 000021.083, 148
Trd, 000021.767, 147
Trd, 000022.017, 146
Trd, 000022.117, 145
Trd, 000022.150, 144
Trd, 000022.250, 148
Trd, 000023.433, 142.0
Trd, 000023.683, 148
Trd, 000024.700, 148
Trd, 000024.817, 148.0
Trd, 000025.967, 157.0
Trd, 000026.133, 158.0
Trd, 000026.467, 152
Trd, 000027.033, 155
Trd, 000027.483, 150
Trd, 000028.650, 149
Trd, 000028.817, 143
Trd, 000029.700, 148
Trd, 000030.117, 148
Trd, 000030.233, 149
Trd, 000030.300, 149
Trd, 000030.933, 153
Trd, 000031.250, 152
Trd, 000031.583, 153
Trd, 000032.967, 149
Trd, 000033.450, 150
Trd, 000033.817, 149
Trd, 000035.017, 150
Trd, 000036.200, 150
Trd, 000036.550, 155.0
Trd, 000036.867, 151
Trd, 000038.200, 152
Trd, 000038.517, 157.0
Trd, 000038.917, 152
Trd, 000038.950, 150
Trd, 000041.350, 153
Trd, 000041.700, 152
Trd, 000042.400, 152
Trd, 000042.600, 152
Trd, 000042.717, 149
Trd, 000042.750, 153
Trd, 000044.233, 150
Trd, 000044.433, 143
Trd, 000044.517, 152
Trd, 000044.800, 153
Trd, 000045.400, 153
Trd, 000046.483, 153
Trd, 000046.933, 147
Trd, 000047.333, 152
Trd, 000047.417, 153
Trd, 000048.317, 152
Trd, 000049.233, 152
Trd, 000049.417, 153
Trd, 000051.483, 152
Trd, 000051.583, 151
Trd, 000052.033, 149
Trd, 000052.833, 149
Trd, 000053.500, 149
Trd, 000053.517, 151
Trd, 000054.283, 151
Trd, 000054.617, 150
Trd, 000055.783, 150
Trd, 000056.750, 150
Trd, 000057.033, 150
Trd, 000057.517, 149
Trd, 000057.883, 150
Trd, 000058.833, 151
Trd, 000058.850, 152
Trd, 000058.967, 155.0
Trd, 000060.483, 154.0
Trd, 000060.883, 149
Trd, 000060.967, 154.0
Trd, 000062.267, 155.0
Trd, 000062.367, 148
Trd, 000064.617, 152
Trd, 000064.650, 147
Trd, 000065.350, 148
Trd, 000065.583, 149
Trd, 000066.050, 142.0
Trd, 000066.167, 141.0
Trd, 000066.183, 149
Trd, 000066.367, 138
Trd, 000066.950, 154.0
Trd, 000069.067, 151
Trd, 000069.883, 150
Trd, 000070.200, 150
Trd, 000070.250, 146
Trd, 000071.333, 148
Trd, 000071.517, 147
Trd, 000072.433, 147
Trd, 000072.967, 147
Trd, 000073.383, 145
Trd, 000075.283, 146
Trd, 000075.450, 146
Trd, 000075.517, 147
Trd, 000076.550, 145
Trd, 000076.600, 147.0
Trd, 000076.917, 147.0
Trd, 000077.800, 146
Trd, 000077.817, 147
Trd, 000078.400, 134.0
Trd, 000080.450, 144
Trd, 000080.483, 147
Trd, 000080.900, 148.0
Trd, 000081.050, 155.0
Trd, 000081.450, 143
Trd, 000081.750, 178.0
Trd, 000082.183, 150
Trd, 000083.500, 156
Trd, 000083.967, 156
Trd, 000084.733, 157.0
Trd, 000085.117, 151
Trd, 000085.250, 150
Trd, 000087.600, 150
Trd, 000087.950, 148
Trd, 000088.383, 149
Trd, 000088.767, 150
Trd, 000088.950, 151
Trd, 000090.083, 153.0
Trd, 000090.233, 151
Trd, 000092.000, 152
Trd, 000093.083, 152
Trd, 000093.133, 152
Trd, 000093.317, 152
Trd, 000094.000, 151
Trd, 000095.033, 151
Trd, 000095.317, 151
Trd, 000095.517, 152
Trd, 000095.717, 150
Trd, 000096.783, 153
Trd, 000097.283, 159
Trd, 000097.300, 179.0
Trd, 000099.000, 166.0
Trd, 000099.667, 165.0
Trd, 000099.867, 165
Trd, 000100.183, 159
Trd, 000100.583, 165
Trd, 000101.683, 165.0
Trd, 000103.283, 161
Trd, 000103.583, 161
Trd, 000103.700, 159
Trd, 000104.183, 158
Trd, 000104.283, 157
Trd, 000104.517, 155
Trd, 000104.650, 143.0
Trd, 000105.067, 156
Trd, 000105.800, 156
Trd, 000106.217, 157
Trd, 000107.433, 165.0
Trd, 000107.983, 158
Trd, 000108.417, 171
Trd, 000108.950, 148
Trd, 000110.250, 157
Trd, 000110.483, 156
Trd, 000111.367, 157
Trd, 000111.767, 158
Trd, 000112.600, 160
Trd, 000114.500, 160
Trd, 000114.667, 165.0
Trd, 000115.000, 160
Trd, 000115.200, 161
Trd, 000115.483, 159
Trd, 000115.833, 159
Trd, 000115.983, 153
Trd, 000116.267, 145
Trd, 000117.133, 150
Trd, 000117.600, 157
Trd, 000118.067, 155
Trd, 000118.183, 155
Trd, 000119.383, 154
Trd, 000119.733, 155
Trd, 000119.933, 155.0
Trd, 000120.317, 152
Trd, 000121.350, 154
Trd, 000121.367, 155
Trd, 000121.417, 144.0
Trd, 000121.467, 156
Trd, 000121.817, 158.0
Trd, 000122.383, 155
Trd, 000123.150, 154
Trd, 000124.750, 152
Trd, 000124.850, 149
Trd, 000125.917, 151
Trd, 000126.633, 152
Trd, 000127.283, 152
Trd, 000127.400, 150
Trd, 000127.633, 152
Trd, 000128.183, 151
Trd, 000128.550, 151
Trd, 000128.633, 151
Trd, 000130.300, 151
Trd, 000131.250, 150
Trd, 000131.500, 151.0
Trd, 000131.967, 149
Trd, 000132.183, 150
Trd, 000132.450, 151
Trd, 000132.933, 153
Trd, 000133.183, 154.0
Trd, 000133.767, 158.0
Trd, 000135.167, 154
Trd, 000135.233, 153
Trd, 000136.850, 153.0
Trd, 000137.000, 155.0
Trd, 000137.683, 157
Trd, 000138.683, 165.0
Trd, 000139.250, 157
Trd, 000139.450, 157
Trd, 000139.633, 156
Trd, 000140.100, 156
Trd, 000140.883, 155
Trd, 000141.150, 156
Trd, 000141.600, 141.0
Trd, 000143.283, 153
Trd, 000143.567, 154.0
Trd, 000144.133, 153
Trd, 000144.783, 153
Trd, 000145.233, 152
Trd, 000145.250, 153
Trd, 000147.117, 152
Trd, 000147.400, 152
Trd, 000148.117, 153
Trd, 000148.233, 155.0
Trd, 000148.250, 151
Trd, 000148.633, 151
Trd, 000149.083, 149
Trd, 000150.100, 152
Trd, 000150.800, 149
Trd, 000151.883, 150
Trd, 000153.150, 147
Trd, 000153.683, 148
Trd, 000153.733, 148.0
Trd, 000153.800, 155.0
Trd, 000153.867, 158.0
Trd, 000154.683, 151
Trd, 000155.000, 147
Trd, 000155.567, 151
Trd, 000155.983, 141.0
Trd, 000156.150, 132
Trd, 000157.017, 148
Trd, 000157.267, 147
Trd, 000157.517, 147
Trd, 000158.433, 145
Trd, 000158.567, 155.0
Trd, 000160.900, 149
Trd, 000161.233, 150
Trd, 000161.383, 144
Trd, 000162.733, 144
Trd, 000164.150, 148
Trd, 000164.450, 149
Trd, 000164.817, 148
Trd, 000165.450, 147
Trd, 000165.833, 149
Trd, 000166.150, 151
Trd, 000166.850, 155.0
Trd, 000167.183, 158.0
Trd, 000167.683, 175
Trd, 000169.350, 168.0
Trd, 000169.533, 162
Trd, 000169.883, 168.0
Trd, 000170.817, 162
Trd, 000171.267, 163
Trd, 000171.400, 162
Trd, 000171.617, 164
Trd, 000171.800, 162
Trd, 000172.550, 161
Trd, 000172.783, 160
Trd, 000173.950, 158
Trd, 000174.500, 158.0
Trd, 000174.567, 157
Trd, 000174.583, 141.0
Trd, 000174.750, 157
Trd, 000175.033, 151
Trd, 000175.800, 151
Trd, 000176.533, 157
Trd, 000177.250, 155
Trd, 000177.933, 156
Trd, 000179.383, 150
Trd, 000179.767, 151
Trd, 000179.900, 141.0
Trd, 000180.300, 149
Trd, 000180.950, 149
Trd, 000181.500, 152
Trd, 000182.233, 150
Trd, 000182.350, 147
Trd, 000183.300, 149
Trd, 000183.367, 152
Trd, 000183.683, 148
Trd, 000184.050, 148
Trd, 000184.600, 148
Trd, 000184.833, 155.0
Trd, 000184.867, 147
Trd, 000185.633, 152
Trd, 000186.850, 147
Trd, 000187.583, 146
Trd, 000188.350, 156.0
Trd, 000189.433, 147
Trd, 000189.817, 147
Trd, 000189.950, 149
Trd, 000189.967, 155.0
Trd, 000190.117, 178.0
Trd, 000190.700, 147
Trd, 000190.783, 146
Trd, 000191.800, 148
Trd, 000192.350, 148
Trd, 000192.933, 148
Trd, 000194.183, 146
Trd, 000194.600, 141.0
Trd, 000194.900, 144
Trd, 000195.383, 144
Trd, 000195.733, 145
Trd, 000196.300, 146
Trd, 000196.417, 146
Trd, 000197.000, 146
Trd, 000197.783, 145
Trd, 000198.833, 145
Trd, 000198.917, 143
Trd, 000199.017, 142
Trd, 000199.417, 151.0
Trd, 000199.917, 148
Trd, 000200.217, 147
Trd, 000200.433, 148
Trd, 000201.350, 147
Trd, 000201.383, 152.0
Trd, 000202.267, 155.0
Trd, 000202.433, 142
Trd, 000202.950, 156.0
Trd, 000204.600, 144
Trd, 000205.283, 151
Trd, 000205.333, 144
Trd, 000205.817, 149
Trd, 000206.150, 151
Trd, 000206.767, 150
Trd, 000209.133, 149
Trd, 000209.750, 150
Trd, 000210.033, 148
Trd, 000210.233, 149
Trd, 000210.383, 146
Trd, 000211.500, 149
Trd, 000212.017, 147
Trd, 000212.583, 149
Trd, 000212.683, 149
Trd, 000213.883, 150
Trd, 000214.200, 157.0
Trd, 000214.217, 158.0
Trd, 000215.417, 158
Trd, 000215.733, 154
Trd, 000216.700, 154
Trd, 000216.950, 155
Trd, 000217.650, 153
Trd, 000219.217, 151
Trd, 000219.417, 151
Trd, 000220.583, 151
Trd, 000220.767, 151
Trd, 000221.167, 150
Trd, 000221.417, 151
Trd, 000221.550, 151
Trd, 000221.917, 149
Trd, 000222.650, 150
Trd, 000222.950, 151
Trd, 000223.167, 150
Trd, 000224.000, 149
Trd, 000225.167, 149
Trd, 000225.350, 150
Trd, 000226.550, 151
Trd, 000226.650, 151
Trd, 000227.817, 177.0
Trd, 000227.933, 165.0
Trd, 000228.400, 158
Trd, 000229.067, 153
Trd, 000229.700, 150
Trd, 000230.450, 152.0
Trd, 000231.217, 153
Trd, 000231.650, 152
Trd, 000231.800, 151
Trd, 000232.067, 153
Trd, 000232.167, 153
Trd, 000233.333, 151
Trd, 000233.833, 151
Trd, 000234.083, 153
Trd, 000235.050, 156.0
Trd, 000235.133, 158.0
Trd, 000235.883, 150
Trd, 000236.783, 175.0
Trd, 000236.817, 176.0
Trd, 000237.900, 179.0
Trd, 000238.433, 157
Trd, 000239.350, 160
Trd, 000239.917, 166.0
Trd, 000240.400, 167
Trd, 000240.467, 165.0
Trd, 000241.383, 163
Trd, 000242.083, 162
Trd, 000242.283, 161
Trd, 000242.600, 161
Trd, 000242.883, 161
Trd, 000243.067, 160
Trd, 000243.667, 159
Trd, 000244.150, 157
Trd, 000244.550, 158
Trd, 000244.567, 159
Trd, 000245.483, 153.0
Trd, 000246.517, 153
Trd, 000247.000, 151.0
Trd, 000247.600, 144
Trd, 000247.733, 146
Trd, 000247.850, 150
Trd, 000247.883, 152
Trd, 000248.533, 150
Trd, 000248.900, 152
Trd, 000249.000, 144.0
Trd, 000249.100, 147
Trd, 000249.450, 145
Trd, 000251.050, 147
Trd, 000251.233, 145.0
Trd, 000251.817, 145
Trd, 000251.883, 147
Trd, 000251.950, 149
Trd, 000252.783, 146.0
Trd, 000252.850, 147
Trd, 000253.183, 148.0
Trd, 000255.633, 165.0
Trd, 000255.767, 157
Trd, 000255.900, 156
Trd, 000256.100, 153
Trd, 000256.133, 154
Trd, 000256.917, 157.0
Trd, 000257.050, 156
Trd, 000257.267, 153
Trd, 000257.533, 156.0
Trd, 000258.617, 148
Trd, 000258.883, 144.0
Trd, 000259.067, 145
Trd, 000259.183, 148
Trd, 000259.517, 149
Trd, 000259.800, 146.0
Trd, 000260.683, 144.0
Trd, 000261.300, 147
Trd, 000261.367, 149
Trd, 000261.967, 144.0
Trd, 000262.200, 143
Trd, 000262.300, 147
Trd, 000263.833, 145
Trd, 000263.933, 146
Trd, 000264.067, 148
Trd, 000264.850, 148
Trd, 000264.900, 154
Trd, 000265.033, 155.0
Trd, 000265.200, 146
Trd, 000265.450, 158.0
Trd, 000266.233, 148
Trd, 000266.383, 147
Trd, 000266.500, 144.0
Trd, 000267.600, 141.0
Trd, 000267.700, 149
Trd, 000267.883, 150
Trd, 000268.267, 155.0
Trd, 000268.517, 145
Trd, 000268.667, 158.0
Trd, 000269.617, 144.0
Trd, 000270.117, 142
Trd, 000270.883, 147.0
Trd, 000271.033, 148
Trd, 000271.383, 148
Trd, 000271.533, 148
Trd, 000272.000, 149
Trd, 000272.583, 149
Trd, 000272.717, 147
Trd, 000273.017, 150
Trd, 000273.400, 146
Trd, 000275.517, 147
Trd, 000275.767, 148
Trd, 000276.550, 148.0
Trd, 000276.817, 147
Trd, 000276.933, 146
Trd, 000277.183, 148
Trd, 000277.617, 148
Trd, 000278.000, 155.0
Trd, 000278.700, 150
Trd, 000278.933, 150
Trd, 000279.050, 151
Trd, 000279.583, 154
Trd, 000279.633, 156.0
Trd, 000280.283, 154
Trd, 000280.400, 157.0
Trd, 000280.883, 153
Trd, 000281.200, 154
Trd, 000281.917, 153
Trd, 000283.100, 153
Trd, 000283.133, 151
Trd, 000283.400, 155.0
Trd, 000283.617, 149.0
Trd, 000283.833, 153
Trd, 000284.017, 154
Trd, 000284.250, 154
Trd, 000285.317, 155.0
Trd, 000285.933, 156.0
Trd, 000286.183, 158.0
Trd, 000287.667, 150
Trd, 000287.700, 154.0
Trd, 000288.117, 149
Trd, 000288.483, 148
Trd, 000289.017, 151
Trd, 000289.733, 152
Trd, 000289.833, 148
Trd, 000290.800, 152
Trd, 000291.100, 152
Trd, 000292.000, 149
Trd, 000292.383, 149
Trd, 000292.550, 148
Trd, 000292.850, 149
Trd, 000293.150, 147
Trd, 000293.433, 150
Trd, 000294.000, 151
Trd, 000294.500, 153
Trd, 000295.117, 158.0
Trd, 000295.433, 158.0
Trd, 000295.600, 150
Trd, 000296.183, 150
Trd, 000296.717, 149
Trd, 000297.133, 156.0
Trd, 000297.167, 149
Trd, 000297.483, 152
Trd, 000297.800, 158.0
Trd, 000298.050, 165.0
Trd, 000298.733, 150
Trd, 000299.117, 156
Trd, 000299.183, 181.0
Trd, 000299.567, 154
