Trd, 000000.950, 136
Trd, 000002.583, 147
Trd, 000002.783, 161
Trd, 000003.133, 157
Trd, 000003.517, 171
Trd, 000003.667, 156
Trd, 000004.217, 138
Trd, 000005.517, 158
Trd, 000005.867, 148
Trd, 000006.567, 147
Trd, 000007.333, 148
Trd, 000007.783, 147
Trd, 000008.150, 146
Trd, 000008.600, 137.0
Trd, 000009.233, 144
Trd, 000009.967, 142
Trd, 000010.117, 143
Trd, 000010.883, 144
Trd, 000011.450, 146
Trd, 000011.833, 148
Trd, 000012.100, 146
Trd, 000012.583, 144
Trd, 000013.533, 137.0
Trd, 000013.667, 147
Trd, 000014.183, 139
Trd, 000015.483, 148
Trd, 000015.567, 150
Trd, 000016.333, 150
Trd, 000016.467, 147
Trd, 000017.367, 149
Trd, 000017.483, 148
Trd, 000019.050, 148
Trd, 000019.333, 147
Trd, 000020.533, 161
Trd, 000021.300, 168
Trd, 000021.500, 164
Trd, 000021.583, 163
Trd, 000022.333, 162.0
Trd, 000022.600, 161
Trd, 000022.700, 155.0
Trd, 000023.650, 144
Trd, 000024.367, 145
Trd, 000024.917, 143
Trd, 000025.300, 143
Trd, 000025.650, 143
Trd, 000026.667, 147
Trd, 000026.867, 144
Trd, 000027.433, 145
Trd, 000027.567, 151
Trd, 000027.667, 147
Trd, 000027.767, 169
Trd, 000029.517, 158
Trd, 000029.900, 152
Trd, 000029.967, 156
Trd, 000030.400, 155
Trd, 000030.500, 150
Trd, 000032.200, 151
Trd, 000032.483, 152
Trd, 000033.067, 153
Trd, 000033.450, 151
Trd, 000033.667, 144
Trd, 000033.900, 143
Trd, 000034.267, 151
Trd, 000034.300, 154
Trd, 000034.817, 137.0
Trd, 000036.200, 136.0
Trd, 000037.783, 150
Trd, 000037.933, 151
Trd, 000039.217, 148
Trd, 000039.333, 145
Trd, 000039.583, 150
Trd, 000040.483, 146
Trd, 000041.100, 147
Trd, 000041.333, 145
Trd, 000042.833, 149
Trd, 000043.983, 150
Trd, 000044.200, 150
Trd, 000044.383, 150
Trd, 000044.667, 149
Trd, 000044.983, 150
Trd, 000045.317, 149
Trd, 000045.733, 149
Trd, 000045.917, 151
Trd, 000046.317, 160
Trd, 000047.317, 148
Trd, 000047.517, 146
Trd, 000048.833, 137
Trd, 000048.950, 140
Trd, 000049.417, 139
Trd, 000049.450, 139
Trd, 000050.650, 141.0
Trd, 000050.683, 137.0
Trd, 000051.600, 141
Trd, 000052.150, 141
Trd, 000052.583, 140
Trd, 000053.167, 141
Trd, 000053.450, 134.0
Trd, 000054.867, 143
Trd, 000055.050, 151
Trd, 000055.417, 155.0
Trd, 000055.500, 148
Trd, 000055.767, 150
Trd, 000055.800, 175
Trd, 000055.917, 149
Trd, 000057.700, 151
Trd, 000057.767, 152
Trd, 000058.300, 149
Trd, 000058.383, 153
Trd, 000058.933, 137.0
Trd, 000059.183, 151
Trd, 000059.783, 140
Trd, 000060.533, 145
Trd, 000060.633, 146
Trd, 000060.833, 148
Trd, 000062.967, 146
Trd, 000063.050, 138.0
Trd, 000063.350, 146
Trd, 000064.083, 138.0
Trd, 000064.117, 146
Trd, 000064.533, 151
Trd, 000065.217, 143
Trd, 000065.233, 144
Trd, 000065.800, 145
Trd, 000066.317, 145
Trd, 000068.000, 139.0
Trd, 000068.150, 146
Trd, 000068.583, 145
Trd, 000069.450, 145
Trd, 000070.117, 143
Trd, 000070.300, 142
Trd, 000070.633, 142
Trd, 000070.850, 145
Trd, 000072.950, 149
Trd, 000072.967, 145
Trd, 000073.150, 154
Trd, 000073.933, 150
Trd, 000074.250, 149
Trd, 000075.033, 147
Trd, 000075.617, 147
Trd, 000076.500, 148
Trd, 000076.567, 150
Trd, 000077.383, 150
Trd, 000078.067, 150
Trd, 000078.183, 149
Trd, 000079.117, 148
Trd, 000079.383, 149
Trd, 000079.617, 147
Trd, 000080.133, 147
Trd, 000081.300, 147
Trd, 000081.517, 151
Trd, 000082.500, 147
Trd, 000082.783, 148
Trd, 000083.267, 144
Trd, 000084.333, 149
Trd, 000084.567, 146
Trd, 000084.783, 148
Trd, 000084.917, 149
Trd, 000085.067, 150
Trd, 000085.350, 146
Trd, 000085.667, 149
Trd, 000086.033, 146
Trd, 000087.467, 149
Trd, 000088.150, 148
Trd, 000088.817, 150
Trd, 000089.533, 149
Trd, 000089.617, 151
Trd, 000090.033, 187
Trd, 000091.117, 156
Trd, 000091.400, 157
Trd, 000091.817, 157
Trd, 000092.317, 156
Trd, 000092.550, 159
Trd, 000092.700, 160
Trd, 000093.200, 158.0
Trd, 000093.317, 159
Trd, 000095.150, 159
Trd, 000095.183, 159
Trd, 000095.400, 158
Trd, 000096.317, 157
Trd, 000096.500, 156
Trd, 000096.700, 155.0
Trd, 000097.467, 155.0
Trd, 000097.650, 153
Trd, 000098.567, 153
Trd, 000099.383, 152
Trd, 000099.417, 153
Trd, 000099.617, 152
Trd, 000100.383, 154
Trd, 000100.483, 153
Trd, 000100.783, 151
Trd, 000101.650, 152
Trd, 000102.000, 149
Trd, 000102.250, 140
Trd, 000102.700, 151
Trd, 000103.083, 150
Trd, 000104.417, 149
Trd, 000104.800, 150
Trd, 000105.000, 147
Trd, 000105.250, 147
Trd, 000105.350, 150
Trd, 000105.633, 151
Trd, 000106.350, 149
Trd, 000106.733, 148
Trd, 000106.883, 148
Trd, 000108.783, 143
Trd, 000109.033, 144
Trd, 000109.100, 140.0
Trd, 000109.717, 142
Trd, 000111.583, 141
Trd, 000111.900, 144
Trd, 000112.400, 141.0
Trd, 000112.900, 150
Trd, 000113.067, 143.0
Trd, 000114.317, 143.0
Trd, 000114.333, 142.0
Trd, 000114.467, 144
Trd, 000114.983, 145
Trd, 000115.183, 147
Trd, 000115.917, 146
Trd, 000116.133, 148
Trd, 000116.283, 149
Trd, 000117.967, 149
Trd, 000118.050, 148
Trd, 000118.317, 149
Trd, 000119.150, 146
Trd, 000119.200, 149
Trd, 000119.400, 150
Trd, 000119.583, 151
Trd, 000120.817, 146.0
Trd, 000121.050, 145.0
Trd, 000122.183, 149
Trd, 000122.200, 150
Trd, 000123.100, 157
Trd, 000123.500, 151
Trd, 000124.367, 155
Trd, 000124.700, 153
Trd, 000124.733, 151
Trd, 000125.383, 154
Trd, 000125.867, 155
Trd, 000125.900, 152
Trd, 000127.067, 155
Trd, 000127.433, 164
Trd, 000128.500, 159.0
Trd, 000128.583, 158.0
Trd, 000128.733, 156.0
Trd, 000129.600, 155.0
Trd, 000129.633, 160
Trd, 000131.383, 147
Trd, 000132.283, 147
Trd, 000132.367, 149
Trd, 000133.117, 149
Trd, 000133.917, 147
Trd, 000134.533, 147
Trd, 000134.900, 146
Trd, 000135.000, 149
Trd, 000135.267, 149
Trd, 000135.950, 147
Trd, 000136.800, 149
Trd, 000137.083, 150
Trd, 000137.617, 151
Trd, 000139.033, 149
Trd, 000139.300, 160
Trd, 000139.617, 154
Trd, 000140.283, 154
Trd, 000140.433, 155
Trd, 000140.617, 155
Trd, 000141.533, 155
Trd, 000141.650, 155
Trd, 000141.833, 156
Trd, 000142.300, 156
Trd, 000143.033, 157
Trd, 000143.683, 158
Trd, 000144.433, 157
Trd, 000145.033, 157
Trd, 000145.233, 137.0
Trd, 000145.250, 157
Trd, 000145.400, 131.0
Trd, 000145.783, 156
Trd, 000146.017, 156
Trd, 000147.250, 150
Trd, 000147.350, 154
Trd, 000147.433, 134.0
Trd, 000147.750, 134.0
Trd, 000148.683, 134.0
Trd, 000149.317, 137.0
Trd, 000149.467, 152
Trd, 000150.267, 151
Trd, 000150.317, 152
Trd, 000150.850, 141
Trd, 000152.267, 142
Trd, 000152.617, 145
Trd, 000153.600, 161
Trd, 000153.917, 153
Trd, 000153.967, 152
Trd, 000154.683, 152
Trd, 000155.050, 153
Trd, 000155.283, 154
Trd, 000155.450, 152
Trd, 000156.000, 152
Trd, 000156.033, 142
Trd, 000156.183, 137.0
Trd, 000157.183, 152
Trd, 000157.250, 154
Trd, 000157.417, 138
Trd, 000157.433, 171
Trd, 000159.000, 162
Trd, 000159.683, 146
Trd, 000159.883, 147
Trd, 000160.133, 148
Trd, 000161.583, 142.0
Trd, 000161.950, 144
Trd, 000162.650, 141.0
Trd, 000162.733, 143
Trd, 000163.133, 145
Trd, 000164.133, 143
Trd, 000164.483, 143
Trd, 000165.067, 142
Trd, 000166.217, 144
Trd, 000166.833, 156
Trd, 000166.867, 155
Trd, 000167.283, 155
Trd, 000167.933, 157
Trd, 000169.050, 156
Trd, 000169.200, 156.0
Trd, 000169.700, 157
Trd, 000170.050, 159
Trd, 000170.517, 157.0
Trd, 000170.883, 156
Trd, 000171.633, 155.0
Trd, 000171.967, 137.0
Trd, 000172.450, 137.0
Trd, 000172.550, 156
Trd, 000174.533, 149
Trd, 000175.000, 145
Trd, 000175.600, 147
Trd, 000175.750, 147
Trd, 000175.817, 151
Trd, 000176.317, 156
Trd, 000176.900, 152
Trd, 000177.083, 155
Trd, 000177.133, 151
Trd, 000178.717, 153
Trd, 000179.067, 152
Trd, 000179.933, 139.0
Trd, 000180.317, 137.0
Trd, 000180.500, 146
Trd, 000180.700, 147
Trd, 000180.850, 148
Trd, 000181.200, 138
Trd, 000181.500, 148
Trd, 000181.533, 151
Trd, 000182.383, 155.0
Trd, 000183.483, 150
Trd, 000183.750, 151
Trd, 000183.950, 150
Trd, 000184.167, 151
Trd, 000184.517, 147
Trd, 000184.783, 150
Trd, 000185.433, 146
Trd, 000185.567, 147
Trd, 000187.067, 149
Trd, 000188.233, 149
Trd, 000189.033, 159
Trd, 000189.133, 153
Trd, 000190.033, 161
Trd, 000190.050, 158.0
Trd, 000190.333, 159
Trd, 000190.567, 159
Trd, 000191.033, 172
Trd, 000191.367, 158.0
Trd, 000192.550, 164
Trd, 000194.283, 162
Trd, 000194.950, 159
Trd, 000195.317, 156
Trd, 000195.650, 157
Trd, 000196.050, 149
Trd, 000196.617, 153
Trd, 000196.767, 152
Trd, 000196.900, 154
Trd, 000196.967, 144.0
Trd, 000199.033, 164
Trd, 000199.817, 156
Trd, 000199.917, 155
Trd, 000199.933, 137.0
Trd, 000200.283, 156.0
Trd, 000201.033, 156.0
Trd, 000201.200, 155.0
Trd, 000201.317, 156
Trd, 000202.483, 155
Trd, 000202.867, 154
Trd, 000203.467, 155
Trd, 000203.983, 154
Trd, 000204.667, 154
Trd, 000205.267, 153
Trd, 000205.583, 155.0
Trd, 000205.783, 155
Trd, 000206.550, 154
Trd, 000207.133, 154
Trd, 000207.300, 155
Trd, 000207.900, 161
Trd, 000208.050, 152
Trd, 000209.133, 152
Trd, 000210.717, 145
Trd, 000211.300, 142.0
Trd, 000211.683, 144
Trd, 000212.450, 144.0
Trd, 000212.483, 141.0
Trd, 000212.517, 145
Trd, 000212.750, 150
Trd, 000212.767, 151
Trd, 000214.000, 156.0
Trd, 000214.017, 155.0
Trd, 000214.500, 157
Trd, 000214.683, 156
Trd, 000215.350, 163
Trd, 000215.633, 156
Trd, 000216.817, 158
Trd, 000216.850, 162
Trd, 000217.717, 141.0
Trd, 000218.100, 189.0
Trd, 000218.833, 141.0
Trd, 000220.733, 142.0
Trd, 000220.767, 143
Trd, 000221.517, 144
Trd, 000221.783, 144
Trd, 000222.417, 141
Trd, 000222.617, 141
Trd, 000223.200, 138.0
Trd, 000223.583, 149
Trd, 000223.917, 153
Trd, 000225.383, 148
Trd, 000225.817, 148.0
Trd, 000226.050, 152
Trd, 000226.183, 147.0
Trd, 000226.267, 145.0
Trd, 000226.333, 146
Trd, 000227.117, 155.0
Trd, 000227.650, 149
Trd, 000228.167, 147
Trd, 000228.300, 149
Trd, 000228.750, 159
Trd, 000228.983, 145.0
Trd, 000230.033, 151
Trd, 000230.333, 150
Trd, 000230.467, 144
Trd, 000232.183, 147
Trd, 000232.617, 147
Trd, 000232.633, 148
Trd, 000232.933, 151
Trd, 000233.250, 149
Trd, 000233.967, 160
Trd, 000234.150, 161
Trd, 000235.867, 162
Trd, 000235.950, 162
Trd, 000236.033, 157
Trd, 000237.083, 160
Trd, 000237.350, 137.0
Trd, 000238.800, 159
Trd, 000239.167, 156
Trd, 000239.650, 155
Trd, 000240.150, 155
Trd, 000240.250, 153
Trd, 000240.350, 150
Trd, 000240.583, 151
Trd, 000241.017, 145
Trd, 000241.700, 146
Trd, 000242.283, 146.0
Trd, 000242.300, 149
Trd, 000242.350, 151
Trd, 000243.033, 148
Trd, 000243.300, 150
Trd, 000243.700, 151
Trd, 000244.433, 158
Trd, 000244.567, 148.0
Trd, 000244.917, 148
Trd, 000245.717, 155
Trd, 000245.767, 150
Trd, 000245.900, 155.0
Trd, 000246.200, 155
Trd, 000246.350, 156
Trd, 000246.833, 153
Trd, 000247.317, 154
Trd, 000247.383, 155
Trd, 000247.833, 153
Trd, 000247.967, 156
Trd, 000248.017, 157
Trd, 000248.233, 161
Trd, 000250.317, 158
Trd, 000250.783, 157
Trd, 000251.017, 157
Trd, 000251.250, 158
Trd, 000251.433, 158
Trd, 000251.733, 156
Trd, 000252.067, 155
Trd, 000252.983, 153
Trd, 000253.267, 150
Trd, 000253.583, 142.0
Trd, 000254.267, 154
Trd, 000254.583, 151
Trd, 000254.800, 153
Trd, 000255.433, 151
Trd, 000256.083, 147
Trd, 000256.417, 145
Trd, 000256.933, 144
Trd, 000257.050, 143
Trd, 000257.717, 145
Trd, 000258.117, 141.0
Trd, 000258.133, 146
Trd, 000258.633, 142
Trd, 000258.817, 138
Trd, 000258.967, 151
Trd, 000259.567, 141
Trd, 000259.750, 137.0
Trd, 000260.100, 137.0
Trd, 000260.217, 141.0
Trd, 000260.400, 142
Trd, 000260.600, 144
Trd, 000260.967, 145
Trd, 000261.500, 145
Trd, 000262.500, 164.0
Trd, 000262.883, 158
Trd, 000263.383, 158.0
Trd, 000263.433, 172.0
Trd, 000263.883, 166
Trd, 000263.900, 162
Trd, 000264.467, 165
Trd, 000264.533, 162.0
Trd, 000264.933, 156
Trd, 000265.233, 165
Trd, 000265.433, 159
Trd, 000265.917, 153
Trd, 000266.367, 143.0
Trd, 000266.483, 144
Trd, 000266.750, 149
Trd, 000267.867, 147.0
Trd, 000268.483, 147
Trd, 000269.633, 145
Trd, 000269.667, 144
Trd, 000269.833, 150
Trd, 000269.850, 143
Trd, 000270.067, 159
Trd, 000270.633, 143
Trd, 000271.700, 144
Trd, 000271.933, 143
Trd, 000272.100, 148
Trd, 000272.150, 143
Trd, 000272.967, 140
Trd, 000274.000, 138.0
Trd, 000274.200, 137.0
Trd, 000274.350, 134.0
Trd, 000274.500, 143
Trd, 000274.800, 134.0
Trd, 000274.833, 144
Trd, 000275.550, 146
Trd, 000275.617, 171
Trd, 000277.033, 176
Trd, 000277.050, 174
Trd, 000277.800, 166
Trd, 000277.917, 165.0
Trd, 000278.483, 163.0
Trd, 000278.533, 162.0
Trd, 000278.950, 161
Trd, 000279.033, 159.0
Trd, 000279.067, 158.0
Trd, 000279.633, 141.0
Trd, 000279.900, 155.0
Trd, 000281.150, 151
Trd, 000281.483, 155
Trd, 000281.700, 156
Trd, 000281.983, 150.0
Trd, 000282.200, 156
Trd, 000283.283, 152
Trd, 000283.533, 152
Trd, 000284.250, 151
Trd, 000284.383, 153
Trd, 000284.750, 149.0
Trd, 000285.267, 157
Trd, 000285.783, 153
Trd, 000286.317, 149.0
Trd, 000286.450, 153
Trd, 000286.533, 155
Trd, 000286.883, 152.0
Trd, 000287.000, 154
Trd, 000287.200, 154
Trd, 000287.633, 153
Trd, 000288.133, 152.0
Trd, 000289.317, 154
Trd, 000289.417, 156
Trd, 000290.700, 154
Trd, 000290.917, 152
Trd, 000290.950, 153
Trd, 000291.367, 151
Trd, 000291.450, 149
Trd, 000291.567, 141.0
Trd, 000291.883, 147
Trd, 000292.900, 147
Trd, 000293.533, 151
Trd, 000293.650, 146
Trd, 000293.850, 151
Trd, 000294.283, 165.0
Trd, 000294.483, 162.0
Trd, 000294.750, 163
Trd, 000295.033, 165
Trd, 000295.133, 145
Trd, 000295.867, 145
Trd, 000295.933, 144
Trd, 000297.333, 160
Trd, 000297.533, 160
Trd, 000297.917, 155.0
Trd, 000298.200, 161
Trd, 000298.367, 155.0
Trd, 000298.383, 151
Trd, 000298.700, 141.0
Trd, 000299.333, 137.0
Trd, 000299.367, 134.0
