Trd, 000001.900, 137
Trd, 000002.200, 135
Trd, 000002.367, 139
Trd, 000002.483, 162.0
Trd, 000002.817, 138
Trd, 000003.533, 160
Trd, 000004.117, 139.0
Trd, 000004.750, 142
Trd, 000005.250, 140.0
Trd, 000006.083, 142
Trd, 000006.450, 158
Trd, 000006.933, 155
Trd, 000007.217, 155
Trd, 000007.417, 149
Trd, 000007.683, 155.0
Trd, 000008.000, 155.0
Trd, 000008.167, 160
Trd, 000011.167, 154
Trd, 000011.367, 152
Trd, 000011.683, 154
Trd, 000012.167, 155.0
Trd, 000013.250, 162.0
Trd, 000013.433, 147
Trd, 000014.317, 165
Trd, 000015.083, 155
Trd, 000015.250, 158
Trd, 000015.400, 157
Trd, 000016.417, 155
Trd, 000017.133, 154
Trd, 000017.350, 154
Trd, 000018.567, 152
Trd, 000019.300, 144.0
Trd, 000019.500, 154
Trd, 000020.400, 146
Trd, 000020.667, 147.0
Trd, 000021.133, 146
Trd, 000021.400, 147
Trd, 000021.933, 145.0
Trd, 000023.417, 146.0
Trd, 000023.717, 147
Trd, 000024.467, 145
Trd, 000025.083, 146.0
Trd, 000025.550, 146
Trd, 000025.817, 147
Trd, 000027.717, 147
Trd, 000028.133, 146
Trd, 000028.450, 147.0
Trd, 000029.617, 146.0
Trd, 000029.900, 144
Trd, 000030.100, 146.0
Trd, 000030.400, 148.0
Trd, 000031.183, 147
Trd, 000032.250, 145
Trd, 000033.150, 144.0
Trd, 000033.333, 137.0
Trd, 000033.383, 144.0
Trd, 000034.750, 131.0
Trd, 000034.867, 138
Trd, 000035.217, 139
Trd, 000035.383, 140
Trd, 000036.250, 139
Trd, 000036.967, 139
Trd, 000037.183, 139
Trd, 000037.700, 139
Trd, 000039.067, 138
Trd, 000039.100, 138
Trd, 000039.800, 139
Trd, 000039.850, 139
Trd, 000040.167, 148.0
Trd, 000040.717, 139
Trd, 000040.917, 137.0
Trd, 000041.733, 138
Trd, 000041.783, 133.0
Trd, 000041.917, 141
Trd, 000042.117, 162.0
Trd, 000044.333, 139
Trd, 000044.650, 139
Trd, 000045.067, 139
Trd, 000045.150, 139
Trd, 000046.000, 147.0
Trd, 000046.167, 148.0
Trd, 000046.633, 145.0
Trd, 000046.950, 160
Trd, 000047.783, 145
Trd, 000047.817, 145
Trd, 000049.717, 145.0
Trd, 000049.900, 146
Trd, 000050.017, 148.0
Trd, 000050.367, 148
Trd, 000050.750, 144.0
Trd, 000050.767, 158
Trd, 000051.683, 146
Trd, 000052.050, 145
Trd, 000053.650, 147
Trd, 000053.967, 146
Trd, 000054.983, 144.0
Trd, 000055.500, 145
Trd, 000055.967, 146
Trd, 000056.050, 146
Trd, 000056.233, 148.0
Trd, 000056.383, 144
Trd, 000058.017, 144
Trd, 000058.383, 146
Trd, 000058.467, 145
Trd, 000058.833, 145
Trd, 000059.083, 146
Trd, 000060.450, 145
Trd, 000060.650, 144
Trd, 000061.017, 143
Trd, 000061.983, 147
Trd, 000062.633, 146
Trd, 000062.817, 145.0
Trd, 000062.833, 148.0
Trd, 000062.883, 151
Trd, 000064.200, 158
Trd, 000065.217, 162.0
Trd, 000066.450, 151
Trd, 000067.367, 154
Trd, 000068.083, 147.0
Trd, 000068.300, 148.0
Trd, 000069.217, 146.0
Trd, 000070.117, 145.0
Trd, 000070.167, 146
Trd, 000070.267, 146
Trd, 000070.550, 144
Trd, 000070.583, 146
Trd, 000071.133, 144
Trd, 000071.400, 149
Trd, 000072.083, 146
Trd, 000072.267, 147.0
Trd, 000073.633, 147
Trd, 000074.667, 146.0
Trd, 000075.683, 146
Trd, 000076.017, 146
Trd, 000076.583, 144.0
Trd, 000077.633, 145
Trd, 000078.083, 146
Trd, 000078.783, 147.0
Trd, 000079.100, 147.0
Trd, 000079.367, 148.0
Trd, 000079.533, 157
Trd, 000080.183, 146
Trd, 000081.383, 150
Trd, 000081.767, 148
Trd, 000082.000, 149
Trd, 000082.217, 150
Trd, 000083.083, 151
Trd, 000083.150, 157
Trd, 000083.883, 151
Trd, 000084.033, 152
Trd, 000085.017, 151
Trd, 000085.550, 148
Trd, 000086.250, 152
Trd, 000086.733, 151
Trd, 000086.783, 151
Trd, 000087.367, 158
Trd, 000087.550, 154
Trd, 000088.650, 154
Trd, 000089.317, 158
Trd, 000090.417, 155
Trd, 000091.033, 155
Trd, 000091.617, 154
Trd, 000092.500, 156
Trd, 000092.567, 152
Trd, 000093.600, 150
Trd, 000094.050, 150
Trd, 000094.567, 149
Trd, 000094.983, 150
Trd, 000095.850, 150
Trd, 000095.883, 147.0
Trd, 000096.700, 150
Trd, 000098.167, 149
Trd, 000098.350, 148
Trd, 000099.933, 148
Trd, 000100.100, 148.0
Trd, 000100.783, 148
Trd, 000101.300, 148.0
Trd, 000101.500, 148
Trd, 000102.633, 146
Trd, 000102.933, 147
Trd, 000103.067, 147
Trd, 000103.567, 146
Trd, 000106.033, 144.0
Trd, 000106.133, 144
Trd, 000107.083, 142
Trd, 000107.367, 141
Trd, 000107.950, 141
Trd, 000108.100, 145
Trd, 000108.200, 139
Trd, 000109.317, 148.0
Trd, 000109.983, 145.0
Trd, 000110.367, 155
Trd, 000111.400, 146.0
Trd, 000112.200, 147
Trd, 000113.317, 152
Trd, 000113.750, 152
Trd, 000113.867, 155
Trd, 000114.167, 158
Trd, 000114.617, 146.0
Trd, 000114.733, 162.0
Trd, 000115.933, 149
Trd, 000116.250, 146.0
Trd, 000116.733, 148
Trd, 000117.017, 148
Trd, 000118.100, 144.0
Trd, 000118.833, 145
Trd, 000119.317, 141
Trd, 000119.917, 141
Trd, 000120.133, 142
Trd, 000120.367, 143
Trd, 000121.483, 146.0
Trd, 000121.617, 145.0
Trd, 000122.050, 145.0
Trd, 000122.250, 157
Trd, 000124.133, 150
Trd, 000124.583, 157
Trd, 000125.183, 148
Trd, 000125.800, 153
Trd, 000126.667, 151
Trd, 000126.933, 151
Trd, 000127.067, 151
Trd, 000127.283, 151
Trd, 000127.500, 151
Trd, 000128.167, 151
Trd, 000128.400, 152
Trd, 000128.750, 150
Trd, 000129.133, 158
Trd, 000130.183, 152
Trd, 000130.933, 153
Trd, 000131.250, 153
Trd, 000131.883, 153
Trd, 000132.867, 153
Trd, 000133.117, 151
Trd, 000133.283, 151
Trd, 000134.117, 152
Trd, 000134.283, 150
Trd, 000134.367, 144.0
Trd, 000134.450, 148.0
Trd, 000135.267, 151
Trd, 000135.733, 158
Trd, 000136.683, 158
Trd, 000137.183, 153
Trd, 000137.983, 162.0
Trd, 000138.633, 161.0
Trd, 000138.900, 161.0
Trd, 000139.650, 161
Trd, 000139.667, 159
Trd, 000140.850, 160
Trd, 000140.917, 159
Trd, 000142.083, 157
Trd, 000142.300, 158
Trd, 000143.083, 158
Trd, 000143.817, 157
Trd, 000144.050, 157
Trd, 000145.217, 156
Trd, 000145.517, 156
Trd, 000145.767, 162.0
Trd, 000145.967, 163
Trd, 000147.367, 154
Trd, 000147.867, 155
Trd, 000149.150, 154
Trd, 000149.650, 137.0
Trd, 000150.017, 155
Trd, 000150.367, 156
Trd, 000150.600, 155
Trd, 000150.733, 156
Trd, 000151.533, 158
Trd, 000152.733, 157
Trd, 000153.133, 151
Trd, 000153.450, 156
Trd, 000154.667, 153
Trd, 000154.967, 154
Trd, 000156.083, 151
Trd, 000156.717, 149.0
Trd, 000156.833, 150
Trd, 000156.950, 148.0
Trd, 000158.650, 147
Trd, 000159.383, 147.0
Trd, 000160.150, 147.0
Trd, 000160.383, 148.0
Trd, 000160.983, 146.0
Trd, 000161.533, 145.0
Trd, 000161.700, 147
Trd, 000162.600, 145
Trd, 000162.867, 147
Trd, 000163.483, 148
Trd, 000164.383, 144.0
Trd, 000165.867, 149
Trd, 000165.933, 148
Trd, 000166.217, 148
Trd, 000166.967, 155
Trd, 000168.283, 154
Trd, 000168.800, 151
Trd, 000169.467, 150
Trd, 000169.833, 149
Trd, 000170.333, 150
Trd, 000171.000, 149
Trd, 000171.100, 147
Trd, 000171.250, 148.0
Trd, 000171.283, 150
Trd, 000172.200, 146.0
Trd, 000172.450, 151
Trd, 000172.467, 153
Trd, 000173.183, 156
Trd, 000175.283, 148.0
Trd, 000176.017, 149
Trd, 000176.633, 147
Trd, 000177.083, 146
Trd, 000177.733, 145
Trd, 000178.317, 148.0
Trd, 000178.433, 145
Trd, 000178.783, 150
Trd, 000179.450, 151
Trd, 000179.667, 151
Trd, 000180.050, 150
Trd, 000181.200, 147.0
Trd, 000181.250, 148.0
Trd, 000181.583, 148
Trd, 000181.633, 164
Trd, 000181.817, 162
Trd, 000183.450, 153
Trd, 000183.683, 154
Trd, 000184.233, 154
Trd, 000185.617, 153
Trd, 000185.883, 150
Trd, 000186.483, 146.0
Trd, 000186.817, 147.0
Trd, 000187.083, 148.0
Trd, 000187.417, 148
Trd, 000188.283, 144.0
Trd, 000190.050, 145
Trd, 000190.683, 146
Trd, 000191.000, 147
Trd, 000191.183, 148.0
Trd, 000191.783, 148
Trd, 000191.883, 157
Trd, 000192.583, 148
Trd, 000192.617, 149
Trd, 000193.117, 147
Trd, 000193.483, 146
Trd, 000194.217, 147
Trd, 000194.767, 147
Trd, 000195.917, 148.0
Trd, 000196.017, 158
Trd, 000196.683, 149
Trd, 000198.333, 153
Trd, 000199.417, 154
Trd, 000199.900, 153
Trd, 000199.933, 161.0
Trd, 000200.650, 153
Trd, 000201.033, 154
Trd, 000202.033, 154
Trd, 000202.550, 152
Trd, 000203.183, 153
Trd, 000204.300, 151
Trd, 000204.317, 152
Trd, 000204.533, 151
Trd, 000204.633, 152
Trd, 000205.300, 153
Trd, 000206.217, 154
Trd, 000207.650, 151
Trd, 000209.050, 154
Trd, 000209.533, 154
Trd, 000210.133, 151
Trd, 000210.300, 150
Trd, 000211.133, 148
Trd, 000212.000, 150
Trd, 000212.283, 149
Trd, 000212.400, 147
Trd, 000212.450, 145
Trd, 000212.733, 151
Trd, 000213.650, 147
Trd, 000214.800, 146
Trd, 000215.200, 145.0
Trd, 000215.433, 148
Trd, 000215.567, 148
Trd, 000215.800, 148
Trd, 000215.833, 148.0
Trd, 000217.383, 150
Trd, 000217.467, 149
Trd, 000217.533, 148
Trd, 000218.817, 146
Trd, 000219.183, 147
Trd, 000219.400, 146
Trd, 000219.650, 145
Trd, 000220.517, 147
Trd, 000221.550, 144
Trd, 000222.067, 145
Trd, 000223.100, 143
Trd, 000223.617, 144
Trd, 000225.467, 144
Trd, 000225.600, 144
Trd, 000225.767, 158
Trd, 000227.083, 145.0
Trd, 000227.200, 148
Trd, 000229.050, 157
Trd, 000229.500, 151
Trd, 000230.383, 152
Trd, 000230.400, 151
Trd, 000230.817, 152
Trd, 000230.917, 151
Trd, 000231.283, 152
Trd, 000232.267, 151
Trd, 000232.683, 152
Trd, 000232.917, 144.0
Trd, 000233.133, 153
Trd, 000233.183, 158
Trd, 000233.867, 157.0
Trd, 000234.433, 150
Trd, 000234.667, 154
Trd, 000235.167, 154
Trd, 000235.533, 149
Trd, 000236.517, 146.0
Trd, 000237.150, 151
Trd, 000238.117, 149
Trd, 000238.583, 150
Trd, 000238.633, 149
Trd, 000238.700, 150
Trd, 000239.383, 154
Trd, 000240.567, 152
Trd, 000240.733, 152
Trd, 000241.467, 152
Trd, 000241.683, 153
Trd, 000241.867, 151
Trd, 000242.067, 151.0
Trd, 000242.900, 144.0
Trd, 000243.183, 147.0
Trd, 000243.467, 147.0
Trd, 000243.900, 148.0
Trd, 000244.133, 148
Trd, 000245.050, 147.0
Trd, 000245.150, 145.0
Trd, 000245.450, 146
Trd, 000245.500, 151.0
Trd, 000246.950, 146
Trd, 000246.983, 149
Trd, 000247.417, 150
Trd, 000247.883, 158
Trd, 000248.700, 149
Trd, 000249.133, 148.0
Trd, 000250.250, 147.0
Trd, 000250.500, 147.0
Trd, 000250.667, 144.0
Trd, 000250.800, 147.0
Trd, 000251.233, 147.0
Trd, 000251.717, 145
Trd, 000252.017, 148
Trd, 000252.383, 144
Trd, 000252.867, 144.0
Trd, 000253.617, 144
Trd, 000254.083, 143
Trd, 000255.033, 143
Trd, 000255.450, 144
Trd, 000256.017, 144
Trd, 000256.383, 146
Trd, 000256.617, 148.0
Trd, 000257.367, 146
Trd, 000258.150, 148.0
Trd, 000258.533, 148
Trd, 000258.750, 147
Trd, 000258.817, 149.0
Trd, 000259.433, 147
Trd, 000259.933, 148
Trd, 000259.967, 149
Trd, 000261.000, 147
Trd, 000261.300, 148
Trd, 000261.333, 151.0
Trd, 000262.150, 148
Trd, 000262.950, 146
Trd, 000264.100, 144.0
Trd, 000264.850, 144.0
Trd, 000265.367, 144
Trd, 000266.017, 144
Trd, 000266.233, 144.0
Trd, 000266.467, 146
Trd, 000266.750, 151.0
Trd, 000267.383, 155
Trd, 000268.550, 146.0
Trd, 000268.717, 146
Trd, 000268.733, 149
Trd, 000268.883, 158
Trd, 000269.317, 150
Trd, 000269.883, 151
Trd, 000270.950, 147
Trd, 000271.083, 144.0
Trd, 000271.217, 146
Trd, 000271.633, 131.0
Trd, 000272.350, 143
Trd, 000273.050, 142
Trd, 000273.150, 143
Trd, 000273.233, 148.0
Trd, 000273.867, 148
Trd, 000274.150, 156
Trd, 000275.033, 149
Trd, 000275.283, 149
Trd, 000275.483, 150
Trd, 000276.067, 148.0
Trd, 000276.700, 150
Trd, 000277.150, 150.0
Trd, 000277.817, 148.0
Trd, 000278.283, 148.0
Trd, 000278.417, 149
Trd, 000278.533, 147
Trd, 000278.667, 146.0
Trd, 000278.900, 144.0
Trd, 000279.217, 147.0
Trd, 000280.433, 148.0
Trd, 000281.383, 148
Trd, 000281.583, 145
Trd, 000281.967, 143
Trd, 000282.517, 149
Trd, 000283.650, 145.0
Trd, 000284.033, 144.0
Trd, 000284.117, 145
Trd, 000285.600, 144
Trd, 000286.100, 142
Trd, 000286.183, 144
Trd, 000286.483, 141.0
Trd, 000287.200, 142
Trd, 000287.283, 143
Trd, 000287.400, 135.0
Trd, 000288.117, 143
Trd, 000288.150, 139
Trd, 000288.483, 148.0
Trd, 000288.683, 151.0
Trd, 000288.700, 140
Trd, 000290.150, 145
Trd, 000290.200, 145
Trd, 000290.217, 158
Trd, 000290.800, 148.0
Trd, 000291.217, 146.0
Trd, 000292.267, 161.0
Trd, 000292.300, 144.0
Trd, 000292.567, 162.0
Trd, 000292.650, 148
Trd, 000292.867, 141.0
Trd, 000293.533, 148.0
Trd, 000293.767, 166
Trd, 000293.933, 163.0
Trd, 000293.967, 162.0
Trd, 000294.333, 151.0
Trd, 000294.500, 174.0
Trd, 000295.250, 157.0
Trd, 000295.950, 158.0
Trd, 000296.283, 157
Trd, 000296.700, 154
Trd, 000296.717, 158
Trd, 000296.783, 159
Trd, 000298.517, 145.0
Trd, 000298.533, 146.0
Trd, 000298.733, 144.0
Trd, 000299.050, 148.0
Trd, 000299.483, 144.0
