Trd, 000002.000, 193.0
Trd, 000002.117, 162.0
Trd, 000003.617, 153
Trd, 000004.167, 144.0
Trd, 000004.733, 142
Trd, 000005.600, 138
Trd, 000005.917, 141.0
Trd, 000006.050, 148
Trd, 000006.417, 134.0
Trd, 000006.533, 147
Trd, 000006.817, 145
Trd, 000007.150, 132.0
Trd, 000007.433, 147
Trd, 000007.917, 148.0
Trd, 000009.383, 141.0
Trd, 000009.883, 139
Trd, 000010.683, 139
Trd, 000010.867, 137
Trd, 000011.333, 140
Trd, 000012.167, 141
Trd, 000012.233, 137
Trd, 000012.567, 137
Trd, 000012.967, 150.0
Trd, 000014.050, 141.0
Trd, 000014.383, 141
Trd, 000015.733, 154
Trd, 000015.750, 147
Trd, 000016.317, 149
Trd, 000016.767, 143
Trd, 000016.950, 145
Trd, 000017.167, 145
Trd, 000018.450, 137.0
Trd, 000018.817, 148.0
Trd, 000019.200, 136
Trd, 000019.967, 144
Trd, 000019.983, 133.0
Trd, 000020.250, 132.0
Trd, 000020.583, 144
Trd, 000021.133, 151.0
Trd, 000021.767, 150
Trd, 000022.100, 145
Trd, 000022.267, 144.0
Trd, 000022.633, 144
Trd, 000023.333, 147
Trd, 000025.100, 145
Trd, 000025.350, 148
Trd, 000025.433, 148.0
Trd, 000025.850, 148
Trd, 000026.267, 148
Trd, 000026.733, 147
Trd, 000026.967, 144.0
Trd, 000027.017, 142
Trd, 000027.617, 150.0
Trd, 000029.567, 150
Trd, 000029.650, 144
Trd, 000030.300, 147
Trd, 000031.467, 148
Trd, 000031.667, 148
Trd, 000032.467, 148
Trd, 000032.917, 144.0
Trd, 000034.867, 149
Trd, 000035.283, 148
Trd, 000035.550, 147
Trd, 000035.883, 149
Trd, 000036.117, 149
Trd, 000037.050, 147
Trd, 000037.383, 139
Trd, 000038.017, 148.0
Trd, 000038.100, 131.0
Trd, 000039.567, 149
Trd, 000040.100, 131.0
Trd, 000040.167, 147
Trd, 000040.550, 139
Trd, 000041.350, 135
Trd, 000041.783, 137
Trd, 000042.333, 144.0
Trd, 000042.400, 148
Trd, 000042.583, 137.0
Trd, 000043.083, 135
Trd, 000044.050, 148.0
Trd, 000044.183, 141
Trd, 000045.883, 141.0
Trd, 000046.000, 144
Trd, 000046.067, 140
Trd, 000046.467, 141
Trd, 000046.533, 143
Trd, 000047.867, 142
Trd, 000047.900, 142
Trd, 000048.050, 151.0
Trd, 000048.750, 140
Trd, 000049.000, 143
Trd, 000049.033, 148.0
Trd, 000049.133, 139
Trd, 000050.950, 137
Trd, 000051.100, 137.0
Trd, 000051.417, 134.0
Trd, 000051.550, 142
Trd, 000051.783, 144.0
Trd, 000053.033, 143
Trd, 000053.117, 145
Trd, 000053.333, 148.0
Trd, 000053.467, 151.0
Trd, 000055.133, 151
Trd, 000055.317, 150
Trd, 000056.550, 149
Trd, 000056.983, 148
Trd, 000057.667, 147
Trd, 000057.817, 151
Trd, 000058.483, 144.0
Trd, 000058.650, 160
Trd, 000059.300, 151
Trd, 000059.900, 152
Trd, 000060.367, 150
Trd, 000060.683, 152
Trd, 000060.733, 162.0
Trd, 000060.850, 165.0
Trd, 000061.650, 151
Trd, 000062.533, 150
Trd, 000062.717, 144.0
Trd, 000062.783, 156
Trd, 000063.767, 151
Trd, 000065.583, 141.0
Trd, 000065.667, 147
Trd, 000065.750, 139
Trd, 000065.900, 148.0
Trd, 000066.217, 137.0
Trd, 000066.700, 145
Trd, 000067.000, 148
Trd, 000068.183, 148
Trd, 000068.233, 141
Trd, 000068.300, 144
Trd, 000069.050, 149
Trd, 000070.967, 145.0
Trd, 000071.667, 145
Trd, 000072.633, 145
Trd, 000073.417, 144.0
Trd, 000073.517, 142
Trd, 000074.333, 145
Trd, 000074.583, 147
Trd, 000074.883, 145.0
Trd, 000074.967, 151.0
Trd, 000075.117, 144.0
Trd, 000075.767, 144
Trd, 000077.033, 144
Trd, 000077.533, 142
Trd, 000077.883, 143
Trd, 000078.217, 141.0
Trd, 000078.833, 142
Trd, 000078.867, 137
Trd, 000079.550, 142
Trd, 000079.700, 137.0
Trd, 000080.283, 148.0
Trd, 000080.633, 136
Trd, 000080.800, 134.0
Trd, 000081.200, 146
Trd, 000081.467, 144
Trd, 000081.633, 151.0
Trd, 000081.850, 158
Trd, 000083.000, 144
Trd, 000083.367, 145
Trd, 000083.400, 148.0
Trd, 000083.667, 150
Trd, 000084.567, 145
Trd, 000084.767, 148
Trd, 000085.383, 145
Trd, 000085.467, 148
Trd, 000085.817, 151
Trd, 000086.517, 151
Trd, 000086.917, 158
Trd, 000088.117, 163.0
Trd, 000089.567, 151
Trd, 000089.850, 149
Trd, 000090.400, 151
Trd, 000090.450, 151
Trd, 000090.533, 150
Trd, 000090.550, 145
Trd, 000091.833, 145
Trd, 000091.950, 144.0
Trd, 000093.217, 145.0
Trd, 000093.533, 148.0
Trd, 000094.483, 144.0
Trd, 000095.600, 142
Trd, 000096.050, 140
Trd, 000096.767, 143
Trd, 000096.883, 142
Trd, 000097.367, 144
Trd, 000097.433, 144
Trd, 000098.183, 141
Trd, 000098.367, 145
Trd, 000098.500, 139
Trd, 000099.000, 148.0
Trd, 000099.017, 135.0
Trd, 000099.150, 151.0
Trd, 000100.567, 141.0
Trd, 000100.983, 142
Trd, 000101.433, 139
Trd, 000101.667, 139
Trd, 000101.767, 139
Trd, 000102.033, 139
Trd, 000102.767, 139
Trd, 000103.833, 141.0
Trd, 000104.450, 138
Trd, 000104.933, 140
Trd, 000106.117, 140
Trd, 000106.200, 139
Trd, 000106.917, 141
Trd, 000106.950, 142
Trd, 000107.800, 139
Trd, 000108.600, 139
Trd, 000109.767, 138
Trd, 000110.900, 138
Trd, 000111.133, 141
Trd, 000112.083, 140
Trd, 000112.200, 140.0
Trd, 000112.567, 141.0
Trd, 000113.400, 140
Trd, 000113.567, 138
Trd, 000113.800, 140
Trd, 000114.300, 140
Trd, 000114.333, 141.0
Trd, 000114.650, 137.0
Trd, 000114.800, 151.0
Trd, 000116.667, 142
Trd, 000116.883, 144
Trd, 000118.167, 142
Trd, 000118.750, 142
Trd, 000118.883, 143
Trd, 000118.933, 143
Trd, 000119.167, 141
Trd, 000119.250, 138
Trd, 000120.833, 141.0
Trd, 000120.883, 148.0
Trd, 000121.083, 146
Trd, 000122.617, 150.0
Trd, 000122.650, 148.0
Trd, 000123.217, 148
Trd, 000123.833, 148
Trd, 000124.217, 146
Trd, 000124.533, 148
Trd, 000124.933, 144.0
Trd, 000125.867, 154
Trd, 000126.117, 158
Trd, 000126.817, 152
Trd, 000127.150, 153
Trd, 000127.583, 153
Trd, 000127.850, 156
Trd, 000128.383, 152
Trd, 000128.733, 154
Trd, 000129.233, 150
Trd, 000129.483, 146
Trd, 000129.867, 140
Trd, 000130.333, 148
Trd, 000131.433, 151
Trd, 000131.983, 147
Trd, 000133.283, 150
Trd, 000133.517, 150
Trd, 000133.900, 147
Trd, 000134.050, 151
Trd, 000135.150, 152
Trd, 000136.833, 149
Trd, 000137.167, 150
Trd, 000137.233, 151
Trd, 000137.683, 152
Trd, 000137.767, 144.0
Trd, 000138.150, 152
Trd, 000138.433, 146
Trd, 000138.483, 142
Trd, 000141.217, 148.0
Trd, 000141.950, 144
Trd, 000142.183, 148
Trd, 000142.333, 148
Trd, 000142.783, 151.0
Trd, 000142.883, 144
Trd, 000143.317, 141
Trd, 000143.883, 142
Trd, 000144.683, 142
Trd, 000145.083, 145
Trd, 000145.183, 140
Trd, 000145.733, 138
Trd, 000146.000, 144
Trd, 000147.500, 144
Trd, 000147.533, 137
Trd, 000148.017, 142
Trd, 000148.667, 148.0
Trd, 000149.233, 143
Trd, 000149.517, 143
Trd, 000149.717, 141
Trd, 000149.767, 148
Trd, 000150.067, 140
Trd, 000150.350, 140
Trd, 000151.433, 141.0
Trd, 000151.450, 140
Trd, 000151.717, 139
Trd, 000151.833, 145
Trd, 000151.883, 137.0
Trd, 000152.400, 145
Trd, 000152.417, 162.0
Trd, 000153.800, 147
Trd, 000154.000, 144.0
Trd, 000154.783, 146
Trd, 000156.317, 138
Trd, 000156.683, 147
Trd, 000156.867, 134.0
Trd, 000158.283, 148
Trd, 000158.817, 148.0
Trd, 000158.900, 151.0
Trd, 000159.217, 141
Trd, 000159.950, 137.0
Trd, 000160.350, 146
Trd, 000160.533, 140
Trd, 000161.167, 145
Trd, 000161.533, 145
Trd, 000161.933, 140
Trd, 000162.450, 145
Trd, 000163.617, 164.0
Trd, 000163.983, 152
Trd, 000164.000, 157
Trd, 000164.217, 158
Trd, 000165.650, 157
Trd, 000166.067, 153
Trd, 000166.283, 151
Trd, 000166.517, 152
Trd, 000167.933, 150
Trd, 000168.183, 152
Trd, 000169.050, 149
Trd, 000169.450, 150
Trd, 000169.767, 148
Trd, 000169.917, 149
Trd, 000169.933, 150
Trd, 000170.583, 156
Trd, 000170.733, 148
Trd, 000172.000, 151
Trd, 000172.200, 158
Trd, 000172.267, 162.0
Trd, 000172.433, 149
Trd, 000173.667, 149
Trd, 000174.050, 153
Trd, 000175.433, 153
Trd, 000176.100, 149
Trd, 000176.617, 148
Trd, 000177.200, 149
Trd, 000177.450, 150
Trd, 000178.483, 148
Trd, 000178.950, 137.0
Trd, 000180.833, 148.0
Trd, 000180.950, 145
Trd, 000181.567, 146
Trd, 000182.083, 147
Trd, 000182.283, 147
Trd, 000182.600, 146
Trd, 000182.850, 144
Trd, 000183.000, 144.0
Trd, 000183.350, 149.0
Trd, 000184.283, 150
Trd, 000187.017, 146
Trd, 000187.533, 148.0
Trd, 000187.683, 145
Trd, 000189.583, 144.0
Trd, 000190.450, 146
Trd, 000190.717, 143
Trd, 000190.967, 145
Trd, 000191.050, 148
Trd, 000192.017, 142
Trd, 000192.650, 147
Trd, 000192.833, 148.0
Trd, 000192.950, 151.0
Trd, 000195.117, 146
Trd, 000195.217, 145
Trd, 000195.317, 144.0
Trd, 000196.467, 145
Trd, 000196.750, 143
Trd, 000198.200, 144
Trd, 000198.250, 145
Trd, 000198.867, 141.0
Trd, 000199.350, 140
Trd, 000199.500, 148.0
Trd, 000201.400, 146
Trd, 000202.017, 145.0
Trd, 000202.100, 147
Trd, 000202.133, 148
Trd, 000202.417, 148.0
Trd, 000203.467, 144.0
Trd, 000203.550, 150.0
Trd, 000203.567, 151.0
Trd, 000204.017, 148
Trd, 000204.533, 152
Trd, 000205.150, 149
Trd, 000206.117, 148
Trd, 000206.533, 146
Trd, 000207.333, 144.0
Trd, 000208.017, 137.0
Trd, 000208.450, 148.0
Trd, 000208.567, 147
Trd, 000208.667, 139
Trd, 000209.333, 146
Trd, 000210.017, 141
Trd, 000210.100, 151.0
Trd, 000210.583, 147
Trd, 000210.733, 139
Trd, 000211.450, 146
Trd, 000212.417, 142
Trd, 000213.233, 143
Trd, 000213.267, 144
Trd, 000213.700, 145.0
Trd, 000214.283, 145
Trd, 000214.400, 144.0
Trd, 000215.433, 147
Trd, 000215.883, 147
Trd, 000216.733, 146
Trd, 000217.317, 146
Trd, 000218.483, 144.0
Trd, 000218.617, 144
Trd, 000219.450, 144
Trd, 000219.967, 144
Trd, 000221.183, 144.0
Trd, 000221.750, 144
Trd, 000222.033, 145
Trd, 000222.467, 148.0
Trd, 000222.517, 151.0
Trd, 000222.683, 161
Trd, 000223.033, 148
Trd, 000223.617, 144
Trd, 000223.667, 143
Trd, 000224.917, 142
Trd, 000225.433, 151
Trd, 000225.533, 144.0
Trd, 000226.900, 141
Trd, 000227.150, 141.0
Trd, 000227.867, 140
Trd, 000228.717, 139
Trd, 000228.733, 141
Trd, 000229.533, 143
Trd, 000230.533, 143
Trd, 000230.917, 143.0
Trd, 000231.150, 144.0
Trd, 000231.900, 144
Trd, 000232.050, 148.0
Trd, 000232.250, 146
Trd, 000232.917, 151.0
Trd, 000234.450, 147
Trd, 000234.950, 146
Trd, 000235.617, 147
Trd, 000236.000, 148
Trd, 000236.150, 150
Trd, 000236.583, 147
Trd, 000238.133, 149
Trd, 000239.250, 147
Trd, 000239.467, 148
Trd, 000239.800, 146
Trd, 000240.050, 146
Trd, 000240.083, 146
Trd, 000240.583, 147
Trd, 000240.650, 148
Trd, 000240.700, 149
Trd, 000241.033, 162
Trd, 000241.600, 150.0
Trd, 000241.917, 144.0
Trd, 000242.633, 155
Trd, 000242.700, 148
Trd, 000242.917, 157
Trd, 000243.183, 150
Trd, 000243.683, 150
Trd, 000244.367, 152
Trd, 000244.783, 154
Trd, 000244.933, 155
Trd, 000245.150, 148
Trd, 000245.933, 144.0
Trd, 000246.750, 155
Trd, 000247.100, 154
Trd, 000247.683, 155
Trd, 000248.500, 156
Trd, 000248.733, 153
Trd, 000248.867, 154
Trd, 000249.483, 158
Trd, 000249.800, 154
Trd, 000250.350, 154
Trd, 000250.550, 146
Trd, 000250.600, 137.0
Trd, 000251.583, 148
Trd, 000252.067, 149
Trd, 000252.100, 150
Trd, 000252.117, 152
Trd, 000252.650, 152
Trd, 000253.067, 152
Trd, 000253.417, 151
Trd, 000253.817, 152
Trd, 000253.867, 150.0
Trd, 000254.267, 150.0
Trd, 000255.317, 151
Trd, 000255.417, 150
Trd, 000255.733, 144.0
Trd, 000256.117, 147
Trd, 000256.267, 150
Trd, 000257.033, 148
Trd, 000257.433, 150
Trd, 000257.850, 149
Trd, 000258.183, 149
Trd, 000258.800, 149
Trd, 000259.767, 147
Trd, 000259.783, 151
Trd, 000259.800, 144.0
Trd, 000259.900, 151
Trd, 000260.017, 151
Trd, 000260.350, 151.0
Trd, 000261.333, 148
Trd, 000262.300, 151
Trd, 000262.533, 151
Trd, 000262.650, 149
Trd, 000262.900, 148
Trd, 000263.083, 151
Trd, 000263.233, 147
Trd, 000263.533, 152
Trd, 000263.833, 152
Trd, 000264.500, 157
Trd, 000264.867, 158
Trd, 000265.700, 149
Trd, 000266.117, 150
Trd, 000266.417, 148
Trd, 000267.583, 151
Trd, 000267.867, 150.0
Trd, 000267.900, 151
Trd, 000268.067, 149
Trd, 000268.500, 147
Trd, 000268.967, 151
Trd, 000269.317, 159
Trd, 000269.333, 156
Trd, 000269.817, 158
Trd, 000269.917, 170.0
Trd, 000270.500, 148
Trd, 000270.783, 144.0
Trd, 000271.200, 161
Trd, 000271.950, 153.0
Trd, 000272.067, 156
Trd, 000272.550, 156
Trd, 000272.783, 156
Trd, 000273.033, 155.0
Trd, 000274.300, 156
Trd, 000274.700, 156
Trd, 000274.717, 151
Trd, 000274.950, 157
Trd, 000275.550, 156
Trd, 000276.767, 158
Trd, 000276.817, 159
Trd, 000276.833, 162.0
Trd, 000276.867, 153
Trd, 000277.050, 144.0
Trd, 000277.317, 161
Trd, 000278.067, 163.0
Trd, 000279.300, 148
Trd, 000279.767, 159
Trd, 000280.117, 159
Trd, 000280.383, 155
Trd, 000280.817, 154
Trd, 000281.583, 161
Trd, 000282.183, 162
Trd, 000282.200, 154
Trd, 000282.717, 153
Trd, 000282.767, 160
Trd, 000283.867, 161
Trd, 000284.150, 161
Trd, 000284.300, 152
Trd, 000284.367, 151
Trd, 000284.617, 160
Trd, 000285.000, 160
Trd, 000285.300, 150
Trd, 000286.067, 151
Trd, 000286.350, 156
Trd, 000286.467, 143
Trd, 000286.967, 155
Trd, 000287.333, 147
Trd, 000287.967, 150
Trd, 000288.067, 158
Trd, 000289.267, 150
Trd, 000289.433, 148
Trd, 000289.600, 151.0
Trd, 000289.750, 148
Trd, 000289.833, 152
Trd, 000289.950, 146
Trd, 000290.150, 144.0
Trd, 000290.683, 154
Trd, 000291.050, 153
Trd, 000291.917, 137.0
Trd, 000292.317, 153
Trd, 000292.567, 154
Trd, 000292.650, 158
Trd, 000292.850, 148
Trd, 000293.233, 145
Trd, 000293.317, 134.0
Trd, 000293.883, 156
Trd, 000294.700, 148
Trd, 000295.067, 148
Trd, 000295.717, 147
Trd, 000295.733, 148
Trd, 000296.850, 146
Trd, 000297.050, 146
Trd, 000297.767, 159.0
Trd, 000298.150, 159
Trd, 000298.217, 147
Trd, 000298.350, 160
Trd, 000299.467, 155
Trd, 000299.567, 156
