Trd, 000000.850, 106.0
Trd, 000002.533, 166
Trd, 000002.983, 162.0
Trd, 000003.483, 144.0
Trd, 000003.867, 170
Trd, 000004.200, 169
Trd, 000007.400, 156
Trd, 000007.983, 157
Trd, 000008.433, 160
Trd, 000008.517, 161
Trd, 000009.167, 156.0
Trd, 000010.683, 155.0
Trd, 000012.133, 155
Trd, 000012.483, 154
Trd, 000013.867, 153
Trd, 000014.183, 156.0
Trd, 000014.250, 156.0
Trd, 000014.567, 155.0
Trd, 000015.717, 155
Trd, 000017.500, 154
Trd, 000017.767, 154
Trd, 000018.183, 154
Trd, 000018.700, 156
Trd, 000020.417, 152
Trd, 000020.850, 151
Trd, 000021.217, 151
Trd, 000021.333, 146
Trd, 000022.133, 147
Trd, 000022.900, 148
Trd, 000022.950, 144.0
Trd, 000023.267, 147
Trd, 000024.483, 158.0
Trd, 000024.533, 152
Trd, 000024.933, 160.0
Trd, 000025.717, 149
Trd, 000025.917, 158.0
Trd, 000027.067, 156.0
Trd, 000027.467, 155.0
Trd, 000029.717, 153
Trd, 000030.467, 154
Trd, 000030.600, 155
Trd, 000032.317, 155
Trd, 000033.517, 153
Trd, 000033.717, 152
Trd, 000034.100, 151
Trd, 000034.583, 151
Trd, 000034.950, 152
Trd, 000035.150, 153
Trd, 000036.700, 150
Trd, 000036.883, 152
Trd, 000037.150, 150
Trd, 000037.417, 151
Trd, 000037.567, 147
Trd, 000038.067, 158.0
Trd, 000038.100, 162.0
Trd, 000039.650, 155
Trd, 000042.183, 154
Trd, 000043.150, 158
Trd, 000043.717, 156
Trd, 000044.400, 155.0
Trd, 000045.200, 156
Trd, 000045.233, 154
Trd, 000045.933, 157.0
Trd, 000046.200, 158.0
Trd, 000048.933, 155.0
Trd, 000049.150, 154
Trd, 000049.983, 154
Trd, 000050.850, 155.0
Trd, 000050.883, 153
Trd, 000051.183, 155
Trd, 000052.200, 154
Trd, 000052.417, 156
Trd, 000052.583, 155.0
Trd, 000052.900, 157
Trd, 000053.067, 158.0
Trd, 000054.267, 161
Trd, 000055.117, 158.0
Trd, 000055.217, 154
Trd, 000055.383, 153
Trd, 000055.767, 158
Trd, 000056.583, 158.0
Trd, 000057.550, 158
Trd, 000058.267, 153
Trd, 000058.783, 153
Trd, 000059.200, 151
Trd, 000060.133, 152
Trd, 000060.817, 151
Trd, 000061.183, 150
Trd, 000062.133, 158.0
Trd, 000063.183, 163.0
Trd, 000063.400, 162.0
Trd, 000063.583, 172.0
Trd, 000063.883, 160
Trd, 000064.717, 158
Trd, 000065.500, 157
Trd, 000065.833, 157
Trd, 000066.467, 156
Trd, 000066.867, 160
Trd, 000067.400, 144.0
Trd, 000068.350, 155.0
Trd, 000070.633, 158.0
Trd, 000071.600, 155
Trd, 000071.700, 154
Trd, 000072.433, 162.0
Trd, 000073.533, 156
Trd, 000074.083, 156
Trd, 000074.750, 155.0
Trd, 000075.633, 156
Trd, 000076.383, 157.0
Trd, 000077.183, 154
Trd, 000077.350, 156.0
Trd, 000077.550, 151
Trd, 000078.933, 152
Trd, 000079.067, 155
Trd, 000080.883, 152
Trd, 000080.933, 152
Trd, 000081.183, 151
Trd, 000082.050, 151
Trd, 000082.150, 150
Trd, 000083.200, 155.0
Trd, 000083.767, 147
Trd, 000084.017, 149
Trd, 000084.183, 161.0
Trd, 000084.267, 144.0
Trd, 000085.383, 153
Trd, 000086.650, 148
Trd, 000086.867, 147
Trd, 000087.050, 149
Trd, 000087.267, 162.0
Trd, 000089.600, 150
Trd, 000090.033, 157.0
Trd, 000091.150, 149
Trd, 000091.450, 154
Trd, 000091.600, 155
Trd, 000091.783, 155
Trd, 000092.767, 155.0
Trd, 000093.083, 158.0
Trd, 000094.367, 158.0
Trd, 000094.600, 150
Trd, 000096.400, 152
Trd, 000096.417, 150
Trd, 000097.300, 149
Trd, 000098.133, 148
Trd, 000098.250, 150
Trd, 000100.267, 158.0
Trd, 000100.517, 150
Trd, 000100.800, 150
Trd, 000101.367, 148
Trd, 000102.933, 149
Trd, 000103.233, 150
Trd, 000105.183, 154.0
Trd, 000105.833, 151
Trd, 000106.233, 150
Trd, 000106.533, 148
Trd, 000106.717, 147
Trd, 000108.650, 147
Trd, 000108.817, 148
Trd, 000109.550, 148
Trd, 000110.000, 148
Trd, 000110.333, 148
Trd, 000111.167, 149
Trd, 000111.667, 146
Trd, 000111.783, 144.0
Trd, 000112.333, 145
Trd, 000112.883, 146
Trd, 000114.017, 145
Trd, 000114.350, 145
Trd, 000114.833, 158.0
Trd, 000115.250, 162.0
Trd, 000116.000, 168.0
Trd, 000116.017, 145.0
Trd, 000116.817, 166
Trd, 000117.617, 162.0
Trd, 000118.633, 157
Trd, 000119.067, 155.0
Trd, 000119.850, 154
Trd, 000120.233, 155
Trd, 000121.100, 155
Trd, 000121.583, 152
Trd, 000122.017, 152
Trd, 000122.400, 152
Trd, 000122.667, 150
Trd, 000122.733, 147
Trd, 000123.250, 148
Trd, 000123.900, 148
Trd, 000124.333, 150
Trd, 000124.767, 158.0
Trd, 000125.867, 151
Trd, 000127.500, 153
Trd, 000127.833, 153
Trd, 000128.817, 152
Trd, 000129.317, 152
Trd, 000129.883, 152
Trd, 000129.900, 157.0
Trd, 000130.533, 158.0
Trd, 000130.817, 155.0
Trd, 000131.717, 153
Trd, 000132.167, 152
Trd, 000132.500, 167
Trd, 000133.783, 155
Trd, 000134.200, 154
Trd, 000134.467, 153
Trd, 000134.533, 147
Trd, 000135.017, 157.0
Trd, 000135.300, 158.0
Trd, 000136.900, 151
Trd, 000137.533, 158.0
Trd, 000138.583, 161.0
Trd, 000138.633, 159
Trd, 000139.983, 159
Trd, 000140.783, 158
Trd, 000140.933, 158
Trd, 000142.633, 158
Trd, 000142.983, 158.0
Trd, 000143.717, 158.0
Trd, 000143.800, 155.0
Trd, 000144.900, 155
Trd, 000145.200, 155.0
Trd, 000146.017, 154
Trd, 000146.417, 145
Trd, 000146.467, 155
Trd, 000146.733, 155
Trd, 000147.383, 154
Trd, 000147.600, 162.0
Trd, 000148.167, 163
Trd, 000149.333, 162.0
Trd, 000150.233, 157.0
Trd, 000150.933, 158.0
Trd, 000152.117, 155
Trd, 000152.500, 154
Trd, 000153.567, 154
Trd, 000153.867, 155
Trd, 000154.317, 153
Trd, 000155.267, 156
Trd, 000155.417, 155.0
Trd, 000155.750, 153
Trd, 000156.550, 155
Trd, 000156.650, 157
Trd, 000158.683, 152
Trd, 000159.117, 156.0
Trd, 000159.217, 151
Trd, 000160.567, 151
Trd, 000161.067, 150
Trd, 000161.150, 151
Trd, 000162.500, 155.0
Trd, 000162.700, 158.0
Trd, 000163.083, 162.0
Trd, 000164.000, 156.0
Trd, 000164.067, 158
Trd, 000164.417, 155
Trd, 000166.983, 155.0
Trd, 000167.217, 156.0
Trd, 000167.483, 153
Trd, 000167.500, 149
Trd, 000168.133, 147
Trd, 000169.800, 154.0
Trd, 000170.100, 154
Trd, 000170.967, 154
Trd, 000171.467, 156.0
Trd, 000171.583, 152
Trd, 000171.650, 156.0
Trd, 000173.867, 152
Trd, 000174.350, 152.0
Trd, 000174.417, 153.0
Trd, 000174.683, 151
Trd, 000174.750, 151
Trd, 000175.300, 152
Trd, 000175.483, 153
Trd, 000175.950, 158.0
Trd, 000178.417, 158
Trd, 000178.833, 155.0
Trd, 000179.583, 153
Trd, 000180.117, 155.0
Trd, 000181.350, 152
Trd, 000181.567, 152
Trd, 000181.667, 154
Trd, 000181.933, 153
Trd, 000182.867, 154
Trd, 000183.367, 152
Trd, 000184.150, 150
Trd, 000184.167, 152
Trd, 000185.117, 152
Trd, 000185.383, 152
Trd, 000186.433, 150
Trd, 000187.683, 148
Trd, 000187.900, 147
Trd, 000187.983, 162.0
Trd, 000188.783, 153
Trd, 000189.067, 154
Trd, 000190.250, 150
Trd, 000190.883, 152
Trd, 000191.567, 149
Trd, 000192.150, 148
Trd, 000194.533, 148
Trd, 000194.600, 147
Trd, 000195.183, 155.0
Trd, 000195.917, 151
Trd, 000196.317, 150
Trd, 000196.450, 147
Trd, 000198.783, 150
Trd, 000198.917, 147
Trd, 000199.233, 151
Trd, 000199.667, 157.0
Trd, 000200.333, 155.0
Trd, 000200.917, 148
Trd, 000201.000, 148
Trd, 000201.367, 153
Trd, 000201.950, 156.0
Trd, 000205.300, 148
Trd, 000205.550, 148
Trd, 000205.717, 152
Trd, 000205.767, 147
Trd, 000206.867, 150
Trd, 000207.900, 157.0
Trd, 000208.450, 147
Trd, 000209.117, 138
Trd, 000210.200, 155.0
Trd, 000210.717, 146
Trd, 000211.133, 148
Trd, 000212.883, 146
Trd, 000212.933, 147
Trd, 000213.117, 148
Trd, 000213.750, 145
Trd, 000214.033, 144
Trd, 000214.800, 158.0
Trd, 000215.250, 144.0
Trd, 000215.800, 162.0
Trd, 000216.100, 161
Trd, 000217.333, 166.0
Trd, 000217.767, 162.0
Trd, 000219.267, 158
Trd, 000219.417, 156
Trd, 000221.167, 155
Trd, 000221.350, 155.0
Trd, 000221.667, 158
Trd, 000221.733, 158.0
Trd, 000222.500, 155.0
Trd, 000223.950, 157
Trd, 000224.667, 154
Trd, 000225.150, 154
Trd, 000226.067, 154
Trd, 000226.350, 153
Trd, 000227.667, 152
Trd, 000229.717, 153
Trd, 000229.983, 152
Trd, 000230.883, 153
Trd, 000231.600, 151
Trd, 000231.733, 151
Trd, 000233.100, 150
Trd, 000233.417, 150
Trd, 000234.533, 150
Trd, 000235.617, 151.0
Trd, 000235.733, 162.0
Trd, 000237.283, 154
Trd, 000237.317, 154
Trd, 000237.850, 155
Trd, 000237.883, 149
Trd, 000238.600, 148
Trd, 000239.000, 155.0
Trd, 000240.350, 155
Trd, 000240.483, 156
Trd, 000240.683, 154
Trd, 000240.750, 155.0
Trd, 000241.017, 155.0
Trd, 000241.050, 157.0
Trd, 000241.500, 155
Trd, 000241.800, 156.0
Trd, 000241.983, 155.0
Trd, 000242.350, 154
Trd, 000242.683, 155
Trd, 000243.017, 158.0
Trd, 000243.050, 155
Trd, 000243.533, 157
Trd, 000243.567, 155.0
Trd, 000244.750, 157
Trd, 000245.600, 155
Trd, 000246.583, 153
Trd, 000247.133, 154
Trd, 000248.333, 153
Trd, 000248.733, 152
Trd, 000249.083, 152
Trd, 000250.033, 150
Trd, 000250.250, 148
Trd, 000250.517, 152
Trd, 000250.700, 153
Trd, 000251.017, 149
Trd, 000251.717, 152
Trd, 000252.400, 153
Trd, 000252.467, 155.0
Trd, 000253.050, 149
Trd, 000253.150, 157.0
Trd, 000253.300, 155.0
Trd, 000253.967, 155.0
Trd, 000254.483, 155
Trd, 000254.667, 156
Trd, 000255.350, 154
Trd, 000255.483, 151
Trd, 000256.100, 151
Trd, 000256.600, 155
Trd, 000257.267, 156.0
Trd, 000257.750, 157.0
Trd, 000259.033, 147
Trd, 000259.067, 150.0
Trd, 000259.633, 152
Trd, 000259.850, 151
Trd, 000260.083, 148.0
Trd, 000260.867, 150
Trd, 000261.750, 149
Trd, 000262.067, 151
Trd, 000262.300, 148
Trd, 000262.500, 148
Trd, 000262.667, 147
Trd, 000263.817, 147
Trd, 000264.100, 148
Trd, 000264.133, 155.0
Trd, 000264.467, 147
Trd, 000265.067, 154
Trd, 000265.983, 148
Trd, 000266.067, 150.0
Trd, 000266.950, 149
Trd, 000267.050, 151
Trd, 000267.100, 147
Trd, 000267.467, 153.0
Trd, 000268.350, 155
Trd, 000268.783, 155
Trd, 000269.000, 144.0
Trd, 000269.450, 156.0
Trd, 000269.600, 150
Trd, 000269.867, 156.0
Trd, 000270.150, 158.0
Trd, 000271.367, 155.0
Trd, 000272.600, 152.0
Trd, 000272.817, 154.0
Trd, 000273.750, 155.0
Trd, 000273.850, 158.0
Trd, 000274.133, 154
Trd, 000274.683, 155
Trd, 000274.700, 156
Trd, 000275.183, 152
Trd, 000275.850, 156.0
Trd, 000277.217, 155.0
Trd, 000278.083, 154
Trd, 000278.117, 147
Trd, 000278.983, 150
Trd, 000279.133, 154
Trd, 000279.450, 155
Trd, 000280.000, 156
Trd, 000280.133, 157
Trd, 000281.300, 157.0
Trd, 000281.417, 155.0
Trd, 000282.033, 154
Trd, 000282.300, 155
Trd, 000282.567, 155.0
Trd, 000283.117, 157
Trd, 000283.467, 158
Trd, 000283.967, 164
Trd, 000284.267, 155
Trd, 000284.333, 155.0
Trd, 000284.683, 158.0
Trd, 000285.417, 155
Trd, 000285.617, 159
Trd, 000285.850, 155
Trd, 000285.983, 156
Trd, 000286.333, 155
Trd, 000286.733, 155
Trd, 000288.217, 151
Trd, 000288.783, 157
Trd, 000289.700, 155.0
Trd, 000289.850, 156.0
Trd, 000289.933, 158.0
Trd, 000290.400, 147
Trd, 000290.617, 153
Trd, 000291.917, 152
Trd, 000292.067, 154
Trd, 000292.117, 151
Trd, 000292.533, 155
Trd, 000293.150, 152
Trd, 000293.267, 155
Trd, 000293.467, 156
Trd, 000293.833, 150
Trd, 000294.500, 162.0
Trd, 000294.783, 158.0
Trd, 000295.300, 162.0
Trd, 000295.750, 160
Trd, 000296.767, 156
Trd, 000297.150, 155
Trd, 000297.433, 155
Trd, 000297.867, 161
Trd, 000297.900, 155.0
Trd, 000297.983, 150
Trd, 000298.517, 150
Trd, 000298.700, 160
Trd, 000299.217, 162
Trd, 000299.367, 164.0
Trd, 000299.883, 158.0
