Trd, 000001.567, 137.0
Trd, 000002.533, 151.0
Trd, 000003.967, 153.0
Trd, 000004.767, 117
Trd, 000005.033, 151
Trd, 000005.133, 155.0
Trd, 000005.200, 155.0
Trd, 000005.867, 127
Trd, 000006.550, 144.0
Trd, 000007.450, 141.0
Trd, 000007.567, 156
Trd, 000009.150, 157.0
Trd, 000009.667, 151
Trd, 000009.900, 156.0
Trd, 000009.950, 155.0
Trd, 000010.167, 156.0
Trd, 000010.583, 149
Trd, 000010.883, 151.0
Trd, 000011.833, 150.0
Trd, 000012.383, 151.0
Trd, 000012.933, 153
Trd, 000013.417, 148.0
Trd, 000014.150, 159.0
Trd, 000014.217, 160.0
Trd, 000014.683, 151
Trd, 000014.983, 150
Trd, 000015.667, 149
Trd, 000015.700, 144.0
Trd, 000015.800, 141.0
Trd, 000016.150, 155
Trd, 000016.550, 135
Trd, 000017.100, 152
Trd, 000018.283, 147
Trd, 000018.983, 149
Trd, 000019.567, 150.0
Trd, 000019.850, 149
Trd, 000020.400, 149
Trd, 000020.617, 151.0
Trd, 000021.433, 178.0
Trd, 000021.450, 157.0
Trd, 000021.900, 162.0
Trd, 000022.950, 175.0
Trd, 000025.550, 171
Trd, 000025.617, 165
Trd, 000026.333, 165
Trd, 000027.317, 165
Trd, 000028.233, 164
Trd, 000028.550, 158.0
Trd, 000028.733, 163
Trd, 000029.467, 161
Trd, 000029.733, 158
Trd, 000030.283, 160.0
Trd, 000031.567, 158.0
Trd, 000031.850, 159
Trd, 000031.867, 158
Trd, 000032.467, 157
Trd, 000032.733, 157.0
Trd, 000033.183, 155.0
Trd, 000033.767, 148.0
Trd, 000034.400, 156
Trd, 000035.200, 151.0
Trd, 000035.333, 154
Trd, 000035.350, 146.0
Trd, 000037.300, 151
Trd, 000037.467, 151.0
Trd, 000037.883, 146.0
Trd, 000037.917, 148
Trd, 000038.467, 148
Trd, 000039.100, 149
Trd, 000039.450, 147
Trd, 000040.100, 146
Trd, 000041.100, 155.0
Trd, 000041.383, 147
Trd, 000041.500, 155.0
Trd, 000042.167, 144.0
Trd, 000042.333, 149.0
Trd, 000042.767, 150.0
Trd, 000043.850, 151.0
Trd, 000043.867, 155.0
Trd, 000043.917, 150
Trd, 000044.250, 144.0
Trd, 000045.700, 138
Trd, 000045.750, 144.0
Trd, 000046.050, 144
Trd, 000046.433, 148
Trd, 000046.900, 147
Trd, 000047.367, 141.0
Trd, 000047.850, 137
Trd, 000048.817, 144.0
Trd, 000048.983, 151.0
Trd, 000050.283, 146
Trd, 000050.383, 146
Trd, 000050.967, 146
Trd, 000051.667, 145.0
Trd, 000051.700, 155.0
Trd, 000051.717, 141.0
Trd, 000052.533, 142
Trd, 000052.883, 148
Trd, 000053.650, 145
Trd, 000054.150, 141.0
Trd, 000054.400, 144
Trd, 000055.017, 140
Trd, 000055.033, 144.0
Trd, 000055.500, 151.0
Trd, 000055.850, 161.0
Trd, 000057.667, 145
Trd, 000057.867, 152
Trd, 000059.250, 151
Trd, 000059.533, 147
Trd, 000059.883, 151.0
Trd, 000060.483, 149.0
Trd, 000060.600, 148.0
Trd, 000060.967, 145
Trd, 000061.617, 149
Trd, 000061.683, 150
Trd, 000062.350, 146.0
Trd, 000063.183, 145.0
Trd, 000063.350, 148
Trd, 000064.083, 144.0
Trd, 000065.133, 144.0
Trd, 000065.317, 142
Trd, 000065.367, 148
Trd, 000066.183, 145.0
Trd, 000066.550, 146
Trd, 000066.833, 144.0
Trd, 000067.217, 148
Trd, 000067.233, 151.0
Trd, 000068.083, 142.0
Trd, 000069.533, 146
Trd, 000070.550, 147
Trd, 000070.850, 148
Trd, 000071.583, 144.0
Trd, 000071.633, 147
Trd, 000071.983, 143.0
Trd, 000072.267, 142.0
Trd, 000073.133, 145.0
Trd, 000073.867, 144.0
Trd, 000073.900, 146
Trd, 000073.917, 148
Trd, 000074.433, 148
Trd, 000074.883, 148
Trd, 000075.717, 147
Trd, 000075.750, 151.0
Trd, 000075.767, 155.0
Trd, 000076.650, 162.0
Trd, 000076.767, 155.0
Trd, 000078.500, 150
Trd, 000078.783, 148
Trd, 000078.917, 158
Trd, 000079.650, 151.0
Trd, 000080.017, 148
Trd, 000080.167, 146
Trd, 000080.817, 155
Trd, 000081.933, 151.0
Trd, 000082.183, 152.0
Trd, 000082.533, 152.0
Trd, 000082.967, 171
Trd, 000083.850, 158
Trd, 000084.150, 157
Trd, 000084.217, 156
Trd, 000084.450, 158
Trd, 000085.017, 152
Trd, 000085.600, 156.0
Trd, 000086.133, 155.0
Trd, 000087.133, 148.0
Trd, 000087.667, 175.0
Trd, 000087.733, 144.0
Trd, 000088.883, 144
Trd, 000089.033, 144.0
Trd, 000089.167, 154
Trd, 000089.833, 155.0
Trd, 000090.283, 144.0
Trd, 000090.750, 154
Trd, 000090.833, 154
Trd, 000091.800, 151.0
Trd, 000092.167, 152
Trd, 000092.667, 155.0
Trd, 000092.950, 162.0
Trd, 000093.717, 156
Trd, 000094.150, 156
Trd, 000094.650, 157
Trd, 000095.183, 157
Trd, 000095.417, 144.0
Trd, 000096.233, 157
Trd, 000096.517, 150.0
Trd, 000096.583, 148.0
Trd, 000098.400, 141.0
Trd, 000098.950, 144
Trd, 000099.433, 137
Trd, 000099.500, 147
Trd, 000100.400, 148
Trd, 000101.500, 144
Trd, 000101.900, 147
Trd, 000102.083, 144.0
Trd, 000102.200, 151.0
Trd, 000102.883, 155.0
Trd, 000103.217, 152
Trd, 000103.917, 156.0
Trd, 000104.317, 155.0
Trd, 000104.833, 155
Trd, 000105.183, 157.0
Trd, 000105.650, 160.0
Trd, 000105.800, 154
Trd, 000105.867, 161.0
Trd, 000106.400, 153
Trd, 000106.633, 160
Trd, 000106.700, 150.0
Trd, 000108.400, 162.0
Trd, 000108.833, 158.0
Trd, 000109.450, 156.0
Trd, 000109.667, 155.0
Trd, 000109.933, 151
Trd, 000110.167, 145.0
Trd, 000111.233, 150
Trd, 000111.583, 159
Trd, 000112.417, 144.0
Trd, 000112.533, 159.0
Trd, 000112.700, 160.0
Trd, 000113.767, 147
Trd, 000114.583, 146
Trd, 000114.733, 146
Trd, 000114.883, 141.0
Trd, 000114.917, 151.0
Trd, 000115.300, 151
Trd, 000115.400, 150
Trd, 000115.533, 145
Trd, 000116.617, 151
Trd, 000117.400, 151.0
Trd, 000117.450, 155.0
Trd, 000117.650, 149.0
Trd, 000118.033, 148.0
Trd, 000119.050, 153
Trd, 000119.133, 151
Trd, 000120.050, 144.0
Trd, 000120.883, 144
Trd, 000121.883, 143.0
Trd, 000122.033, 144.0
Trd, 000122.533, 145
Trd, 000123.083, 145
Trd, 000123.617, 143
Trd, 000124.183, 144.0
Trd, 000124.800, 148
Trd, 000125.117, 151.0
Trd, 000125.183, 144
Trd, 000126.400, 144
Trd, 000126.700, 143
Trd, 000127.183, 142
Trd, 000128.350, 144.0
Trd, 000128.767, 146
Trd, 000129.667, 143
Trd, 000129.917, 148
Trd, 000130.417, 148
Trd, 000131.200, 149
Trd, 000131.767, 148.0
Trd, 000131.817, 147.0
Trd, 000132.383, 149
Trd, 000133.100, 147
Trd, 000133.583, 147
Trd, 000133.667, 178.0
Trd, 000134.100, 162.0
Trd, 000134.517, 145.0
Trd, 000136.267, 151.0
Trd, 000136.533, 144.0
Trd, 000136.783, 141.0
Trd, 000138.067, 143
Trd, 000138.850, 142
Trd, 000139.300, 142
Trd, 000139.550, 155.0
Trd, 000139.567, 162.0
Trd, 000139.750, 161
Trd, 000140.150, 144
Trd, 000140.300, 151.0
Trd, 000141.350, 152
Trd, 000141.783, 152.0
Trd, 000141.833, 145
Trd, 000143.450, 149
Trd, 000145.350, 151
Trd, 000145.733, 148
Trd, 000146.133, 144.0
Trd, 000146.483, 147
Trd, 000146.500, 149
Trd, 000146.983, 151.0
Trd, 000147.567, 144.0
Trd, 000147.900, 146.0
Trd, 000148.333, 146.0
Trd, 000148.683, 144.0
Trd, 000149.367, 150
Trd, 000149.817, 147
Trd, 000150.433, 148
Trd, 000150.517, 147
Trd, 000151.383, 151.0
Trd, 000152.283, 149
Trd, 000152.367, 147
Trd, 000153.400, 146
Trd, 000153.783, 148
Trd, 000154.967, 148
Trd, 000155.067, 144.0
Trd, 000155.200, 150.0
Trd, 000155.567, 144
Trd, 000156.600, 151.0
Trd, 000156.650, 155.0
Trd, 000157.750, 152
Trd, 000158.200, 148
Trd, 000158.533, 138
Trd, 000159.217, 148
Trd, 000160.783, 146
Trd, 000161.100, 147
Trd, 000161.250, 149
Trd, 000161.267, 145
Trd, 000161.550, 151.0
Trd, 000162.533, 148
Trd, 000163.233, 154
Trd, 000163.667, 149
Trd, 000164.217, 149
Trd, 000164.333, 151.0
Trd, 000164.583, 149
Trd, 000164.883, 148
Trd, 000166.183, 149
Trd, 000166.583, 150
Trd, 000166.767, 148.0
Trd, 000168.567, 143.0
Trd, 000169.500, 143.0
Trd, 000169.750, 150
Trd, 000169.967, 144.0
Trd, 000170.900, 142
Trd, 000171.100, 141.0
Trd, 000171.367, 148
Trd, 000172.117, 148.0
Trd, 000172.267, 141
Trd, 000172.483, 162.0
Trd, 000173.250, 144.0
Trd, 000175.900, 147
Trd, 000176.050, 148
Trd, 000176.117, 147
Trd, 000176.267, 148
Trd, 000177.400, 147
Trd, 000177.767, 150.0
Trd, 000178.000, 145
Trd, 000178.583, 150.0
Trd, 000178.767, 149
Trd, 000178.933, 151.0
Trd, 000179.400, 144.0
Trd, 000179.450, 155.0
Trd, 000180.467, 147
Trd, 000181.083, 146
Trd, 000181.417, 145
Trd, 000182.650, 146
Trd, 000183.033, 145
Trd, 000183.283, 142.0
Trd, 000183.917, 142.0
Trd, 000184.667, 142.0
Trd, 000184.733, 145
Trd, 000184.800, 145
Trd, 000184.983, 141.0
Trd, 000185.050, 179.0
Trd, 000186.067, 151.0
Trd, 000186.533, 136
Trd, 000186.817, 144.0
Trd, 000187.217, 133
Trd, 000188.317, 133
Trd, 000189.967, 136
Trd, 000190.117, 138
Trd, 000190.183, 141
Trd, 000190.617, 141
Trd, 000191.267, 137.0
Trd, 000191.917, 150
Trd, 000192.533, 146.0
Trd, 000192.650, 145.0
Trd, 000192.750, 148.0
Trd, 000192.783, 151.0
Trd, 000193.633, 146.0
Trd, 000194.217, 145.0
Trd, 000194.367, 155.0
Trd, 000194.717, 144.0
Trd, 000195.600, 146
Trd, 000196.050, 142
Trd, 000196.133, 144.0
Trd, 000196.283, 141
Trd, 000197.100, 148
Trd, 000197.817, 146
Trd, 000200.000, 144.0
Trd, 000200.500, 144
Trd, 000200.567, 143
Trd, 000200.617, 145
Trd, 000201.183, 149
Trd, 000201.283, 143.0
Trd, 000201.367, 143
Trd, 000201.617, 151.0
Trd, 000202.367, 151
Trd, 000202.583, 146.0
Trd, 000203.083, 145.0
Trd, 000203.133, 155.0
Trd, 000204.000, 151.0
Trd, 000204.483, 155
Trd, 000205.150, 153
Trd, 000206.350, 152
Trd, 000206.783, 153
Trd, 000207.317, 152
Trd, 000208.250, 152
Trd, 000208.317, 150
Trd, 000208.550, 144.0
Trd, 000208.683, 153
Trd, 000208.800, 155.0
Trd, 000209.283, 160
Trd, 000210.633, 154
Trd, 000210.967, 148.0
Trd, 000211.200, 150.0
Trd, 000211.367, 148.0
Trd, 000211.450, 148.0
Trd, 000213.050, 147
Trd, 000213.100, 148.0
Trd, 000213.733, 146.0
Trd, 000214.100, 151.0
Trd, 000214.600, 147
Trd, 000215.417, 148.0
Trd, 000215.500, 148.0
Trd, 000215.617, 149
Trd, 000216.183, 144
Trd, 000217.400, 148
Trd, 000218.300, 150
Trd, 000218.500, 148.0
Trd, 000218.733, 151.0
Trd, 000218.950, 148.0
Trd, 000219.117, 155.0
Trd, 000219.350, 164
Trd, 000219.383, 155
Trd, 000220.000, 144.0
Trd, 000220.850, 141.0
Trd, 000221.133, 137
Trd, 000222.167, 141
Trd, 000222.483, 136
Trd, 000223.333, 134
Trd, 000223.583, 142.0
Trd, 000223.783, 142.0
Trd, 000224.150, 143
Trd, 000224.717, 144.0
Trd, 000225.300, 149
Trd, 000225.967, 149
Trd, 000226.900, 148
Trd, 000227.083, 148
Trd, 000227.600, 148.0
Trd, 000228.067, 143
Trd, 000228.417, 142.0
Trd, 000228.500, 148
Trd, 000229.567, 144.0
Trd, 000229.800, 150.0
Trd, 000230.033, 141.0
Trd, 000230.150, 137
Trd, 000230.350, 135
Trd, 000230.417, 150.0
Trd, 000230.483, 151.0
Trd, 000231.567, 144.0
Trd, 000232.267, 144.0
Trd, 000232.800, 160.0
Trd, 000233.733, 147
Trd, 000233.967, 147
Trd, 000234.267, 151
Trd, 000234.333, 148
Trd, 000235.217, 143.0
Trd, 000235.367, 143.0
Trd, 000235.950, 144.0
Trd, 000236.750, 144.0
Trd, 000236.817, 148
Trd, 000237.383, 144.0
Trd, 000238.117, 143.0
Trd, 000238.767, 144.0
Trd, 000239.517, 150.0
Trd, 000240.400, 149
Trd, 000240.683, 147.0
Trd, 000240.967, 147
Trd, 000241.117, 148
Trd, 000241.200, 151.0
Trd, 000241.350, 150
Trd, 000241.700, 151
Trd, 000242.033, 150
Trd, 000242.417, 154.0
Trd, 000243.350, 149
Trd, 000243.483, 148
Trd, 000244.250, 151.0
Trd, 000244.267, 151.0
Trd, 000244.283, 147.0
Trd, 000244.450, 146.0
Trd, 000244.517, 151
Trd, 000244.633, 152
Trd, 000245.783, 157.0
Trd, 000246.350, 152.0
Trd, 000246.550, 158.0
Trd, 000247.000, 154.0
Trd, 000247.333, 148.0
Trd, 000249.117, 156
Trd, 000249.233, 154
Trd, 000249.500, 155.0
Trd, 000249.800, 155
Trd, 000250.200, 155.0
Trd, 000250.350, 156.0
Trd, 000250.767, 153.0
Trd, 000251.117, 162.0
Trd, 000251.267, 158.0
Trd, 000251.367, 155.0
Trd, 000251.967, 154
Trd, 000252.117, 153
Trd, 000252.433, 155
Trd, 000252.517, 148.0
Trd, 000253.517, 152
Trd, 000254.100, 150.0
Trd, 000254.533, 147
Trd, 000254.750, 145
Trd, 000255.050, 145
Trd, 000255.417, 149
Trd, 000255.433, 155.0
Trd, 000255.917, 146.0
Trd, 000257.050, 145
Trd, 000257.400, 147.0
Trd, 000258.333, 148
Trd, 000258.550, 147.0
Trd, 000258.817, 155.0
Trd, 000258.967, 162.0
Trd, 000259.900, 182
Trd, 000260.283, 164
Trd, 000260.667, 165
Trd, 000261.067, 155.0
Trd, 000261.500, 156
Trd, 000261.533, 151.0
Trd, 000262.050, 151.0
Trd, 000262.333, 148.0
Trd, 000262.367, 144.0
Trd, 000263.267, 146
Trd, 000263.433, 147
Trd, 000264.267, 148
Trd, 000264.433, 151.0
Trd, 000264.617, 146.0
Trd, 000264.800, 144.0
Trd, 000265.150, 151
Trd, 000265.800, 154.0
Trd, 000265.917, 148.0
Trd, 000266.167, 141.0
Trd, 000266.650, 138
Trd, 000267.067, 151
Trd, 000267.250, 154.0
Trd, 000267.567, 155.0
Trd, 000268.000, 158
Trd, 000268.150, 162.0
Trd, 000269.717, 155.0
Trd, 000269.967, 153.0
Trd, 000270.733, 149.0
Trd, 000270.767, 150.0
Trd, 000271.000, 148.0
Trd, 000271.100, 144.0
Trd, 000271.117, 141.0
Trd, 000271.250, 141
Trd, 000271.650, 139.0
Trd, 000271.883, 138
Trd, 000272.000, 143
Trd, 000272.100, 144
Trd, 000273.183, 149.0
Trd, 000273.433, 147
Trd, 000273.600, 149
Trd, 000273.650, 146
Trd, 000274.100, 151.0
Trd, 000274.300, 141.0
Trd, 000274.333, 143.0
Trd, 000274.483, 136
Trd, 000274.983, 149
Trd, 000276.383, 145
Trd, 000277.333, 144
Trd, 000277.500, 158.0
Trd, 000277.733, 145.0
Trd, 000278.400, 151.0
Trd, 000278.617, 146.0
Trd, 000278.933, 146.0
Trd, 000279.217, 151
Trd, 000279.783, 145.0
Trd, 000280.883, 146
Trd, 000280.983, 146
Trd, 000281.167, 153.0
Trd, 000281.833, 151.0
Trd, 000282.050, 155.0
Trd, 000282.067, 150.0
Trd, 000282.417, 157.0
Trd, 000283.300, 156
Trd, 000283.667, 155.0
Trd, 000284.500, 157.0
Trd, 000284.733, 157.0
Trd, 000285.417, 155
Trd, 000286.017, 156.0
Trd, 000286.033, 155.0
Trd, 000286.583, 151.0
Trd, 000286.617, 148.0
Trd, 000287.067, 142.0
Trd, 000287.217, 144.0
Trd, 000287.283, 151.0
Trd, 000288.017, 152
Trd, 000288.083, 158.0
Trd, 000288.267, 154.0
Trd, 000288.917, 149.0
Trd, 000289.900, 152
Trd, 000290.267, 154
Trd, 000290.650, 152
Trd, 000290.817, 151
Trd, 000291.067, 151
Trd, 000291.617, 151
Trd, 000291.733, 141.0
Trd, 000291.817, 152
Trd, 000291.933, 151.0
Trd, 000292.467, 152
Trd, 000292.600, 155.0
Trd, 000292.617, 158.0
Trd, 000293.050, 149
Trd, 000293.833, 150
Trd, 000294.117, 160.0
Trd, 000294.133, 151.0
Trd, 000294.300, 150
Trd, 000295.150, 148.0
Trd, 000295.617, 155
Trd, 000295.633, 156
Trd, 000295.967, 155.0
Trd, 000297.233, 151
Trd, 000297.333, 155
Trd, 000297.783, 153.0
Trd, 000298.650, 152.0
Trd, 000299.383, 156.0
Trd, 000299.600, 155.0
Trd, 000299.867, 156
Trd, 000299.967, 152
