Trd, 000001.117, 143
Trd, 000001.850, 186.0
Trd, 000004.333, 127
Trd, 000004.533, 147.0
Trd, 000004.983, 148.0
Trd, 000006.683, 144
Trd, 000006.717, 146
Trd, 000006.900, 146
Trd, 000007.667, 145
Trd, 000007.717, 144
Trd, 000008.050, 143
Trd, 000008.600, 129
Trd, 000008.833, 141
Trd, 000009.983, 140
Trd, 000010.433, 140
Trd, 000010.950, 151
Trd, 000012.200, 151.0
Trd, 000012.767, 151
Trd, 000013.233, 151
Trd, 000013.267, 155
Trd, 000013.650, 156
Trd, 000013.783, 157
Trd, 000013.917, 148.0
Trd, 000014.767, 151
Trd, 000015.133, 144.0
Trd, 000016.000, 157
Trd, 000016.050, 156
Trd, 000016.550, 151.0
Trd, 000017.300, 151
Trd, 000018.350, 157
Trd, 000018.467, 150
Trd, 000018.800, 158
Trd, 000018.817, 158
Trd, 000022.967, 153
Trd, 000023.233, 152
Trd, 000024.833, 152
Trd, 000025.450, 153
Trd, 000025.817, 151.0
Trd, 000025.900, 153
Trd, 000026.467, 149
Trd, 000027.367, 148.0
Trd, 000028.700, 153
Trd, 000029.067, 157
Trd, 000029.550, 156
Trd, 000030.517, 152
Trd, 000031.317, 155
Trd, 000032.283, 151
Trd, 000033.050, 152
Trd, 000033.217, 151
Trd, 000033.667, 153
Trd, 000034.050, 151.0
Trd, 000034.150, 148.0
Trd, 000035.817, 149
Trd, 000036.833, 145
Trd, 000036.850, 147
Trd, 000036.983, 147
Trd, 000037.667, 145
Trd, 000038.067, 148.0
Trd, 000038.350, 147
Trd, 000039.000, 157
Trd, 000039.117, 126
Trd, 000039.517, 146
Trd, 000040.100, 146
Trd, 000041.567, 143
Trd, 000043.100, 142
Trd, 000043.383, 142
Trd, 000044.583, 140
Trd, 000044.767, 140
Trd, 000044.950, 140
Trd, 000045.050, 139
Trd, 000045.150, 148.0
Trd, 000045.367, 148
Trd, 000045.717, 158
Trd, 000047.333, 149
Trd, 000048.467, 151.0
Trd, 000048.483, 152
Trd, 000048.700, 148.0
Trd, 000048.783, 126
Trd, 000049.667, 154
Trd, 000050.567, 151.0
Trd, 000051.450, 152
Trd, 000051.583, 151
Trd, 000051.900, 151
Trd, 000052.017, 151.0
Trd, 000052.117, 152
Trd, 000052.317, 148.0
Trd, 000053.317, 152
Trd, 000053.467, 136
Trd, 000054.233, 162
Trd, 000054.467, 146
Trd, 000055.300, 153
Trd, 000056.033, 148
Trd, 000057.033, 151
Trd, 000058.417, 148
Trd, 000058.500, 149
Trd, 000058.867, 149
Trd, 000059.200, 150
Trd, 000059.667, 150
Trd, 000060.283, 157
Trd, 000060.983, 157
Trd, 000062.000, 152
Trd, 000062.983, 152.0
Trd, 000064.050, 152
Trd, 000064.200, 149.0
Trd, 000065.217, 149
Trd, 000065.317, 151
Trd, 000065.667, 154
Trd, 000066.067, 158
Trd, 000066.233, 161.0
Trd, 000066.517, 152.0
Trd, 000067.550, 155
Trd, 000069.400, 153
Trd, 000069.617, 151
Trd, 000072.900, 153
Trd, 000074.100, 151.0
Trd, 000074.833, 152
Trd, 000074.967, 153
Trd, 000075.517, 153
Trd, 000075.817, 152
Trd, 000076.017, 152
Trd, 000076.300, 155
Trd, 000076.433, 158
Trd, 000077.567, 161.0
Trd, 000079.450, 151.0
Trd, 000079.967, 154
Trd, 000081.550, 151
Trd, 000082.917, 151.0
Trd, 000083.000, 152
Trd, 000084.383, 151
Trd, 000084.967, 151
Trd, 000085.050, 149
Trd, 000086.350, 152
Trd, 000088.317, 151
Trd, 000088.917, 150
Trd, 000089.617, 150
Trd, 000090.083, 149
Trd, 000090.267, 147
Trd, 000091.450, 146
Trd, 000091.667, 148
Trd, 000092.083, 126
Trd, 000093.367, 144
Trd, 000093.550, 145
Trd, 000093.817, 149
Trd, 000095.817, 151.0
Trd, 000097.783, 149
Trd, 000097.833, 150
Trd, 000098.383, 147
Trd, 000098.783, 148
Trd, 000099.567, 149
Trd, 000100.267, 148
Trd, 000100.683, 149
Trd, 000100.750, 149
Trd, 000102.283, 151.0
Trd, 000102.600, 150
Trd, 000102.667, 155
Trd, 000104.100, 149.0
Trd, 000104.450, 153
Trd, 000105.567, 149
Trd, 000105.817, 153
Trd, 000106.683, 151
Trd, 000107.083, 151
Trd, 000108.700, 156
Trd, 000110.350, 152
Trd, 000110.550, 149
Trd, 000111.033, 151
Trd, 000111.500, 148.0
Trd, 000111.750, 151
Trd, 000111.900, 148
Trd, 000112.383, 151
Trd, 000113.283, 149
Trd, 000113.367, 151
Trd, 000113.967, 166
Trd, 000114.350, 168.0
Trd, 000114.900, 156
Trd, 000115.000, 151.0
Trd, 000116.850, 155
Trd, 000117.650, 155
Trd, 000117.783, 155
Trd, 000118.717, 155
Trd, 000118.883, 151.0
Trd, 000119.117, 153
Trd, 000120.217, 149
Trd, 000120.933, 150
Trd, 000121.217, 152
Trd, 000122.483, 151.0
Trd, 000122.617, 152
Trd, 000122.817, 158
Trd, 000124.450, 153
Trd, 000126.517, 152
Trd, 000127.367, 151
Trd, 000127.833, 152
Trd, 000129.067, 151
Trd, 000129.700, 151
Trd, 000130.600, 152
Trd, 000130.767, 158
Trd, 000131.283, 161.0
Trd, 000131.367, 151
Trd, 000131.383, 162.0
Trd, 000133.450, 151.0
Trd, 000134.833, 151
Trd, 000135.150, 151
Trd, 000135.683, 149
Trd, 000135.850, 148.0
Trd, 000137.117, 148
Trd, 000138.267, 127
Trd, 000138.783, 149
Trd, 000138.950, 150
Trd, 000139.000, 152
Trd, 000139.083, 141
Trd, 000139.950, 148
Trd, 000141.483, 147.0
Trd, 000142.350, 146
Trd, 000142.717, 146
Trd, 000143.983, 146
Trd, 000144.717, 157
Trd, 000145.233, 158
Trd, 000145.967, 165.0
Trd, 000146.117, 162
Trd, 000146.450, 156
Trd, 000146.533, 164.0
Trd, 000146.817, 151.0
Trd, 000146.967, 144.0
Trd, 000147.083, 162
Trd, 000150.300, 154
Trd, 000151.100, 153.0
Trd, 000151.367, 151
Trd, 000151.850, 155
Trd, 000152.333, 155
Trd, 000153.000, 151
Trd, 000153.850, 151.0
Trd, 000154.683, 152
Trd, 000154.750, 152
Trd, 000155.233, 153
Trd, 000156.017, 152
Trd, 000156.800, 148.0
Trd, 000157.050, 152
Trd, 000157.200, 153
Trd, 000157.783, 154
Trd, 000159.600, 154
Trd, 000160.767, 153.0
Trd, 000161.350, 154
Trd, 000162.450, 153
Trd, 000162.667, 150
Trd, 000163.500, 152.0
Trd, 000164.917, 156
Trd, 000165.683, 152
Trd, 000166.283, 151
Trd, 000166.650, 148.0
Trd, 000167.183, 151
Trd, 000167.617, 151
Trd, 000167.700, 153
Trd, 000167.733, 158
Trd, 000168.667, 162.0
Trd, 000169.033, 159
Trd, 000170.383, 151
Trd, 000171.250, 153
Trd, 000172.500, 152.0
Trd, 000173.450, 151.0
Trd, 000173.767, 151
Trd, 000174.267, 150
Trd, 000174.783, 151
Trd, 000175.367, 161.0
Trd, 000176.783, 153
Trd, 000177.150, 150
Trd, 000177.367, 151
Trd, 000177.567, 153
Trd, 000177.717, 148.0
Trd, 000179.467, 153
Trd, 000179.817, 147.0
Trd, 000180.317, 151
Trd, 000182.133, 151
Trd, 000183.367, 149
Trd, 000183.733, 149
Trd, 000183.833, 149
Trd, 000184.050, 149
Trd, 000184.900, 149
Trd, 000185.567, 150
Trd, 000185.817, 151.0
Trd, 000186.033, 158
Trd, 000187.267, 152
Trd, 000187.300, 153
Trd, 000187.550, 151
Trd, 000187.783, 148.0
Trd, 000189.500, 149
Trd, 000190.783, 150
Trd, 000190.900, 148
Trd, 000190.967, 148.0
Trd, 000191.117, 149
Trd, 000191.317, 146
Trd, 000191.517, 151
Trd, 000192.217, 146.0
Trd, 000192.567, 151
Trd, 000192.933, 151
Trd, 000195.433, 152
Trd, 000196.033, 146
Trd, 000196.200, 133
Trd, 000196.583, 146
Trd, 000197.017, 146
Trd, 000197.700, 146
Trd, 000198.400, 144
Trd, 000198.983, 146
Trd, 000200.333, 145
Trd, 000200.550, 145
Trd, 000200.633, 144
Trd, 000201.400, 146
Trd, 000202.000, 146
Trd, 000202.117, 146
Trd, 000202.383, 148.0
Trd, 000203.650, 147
Trd, 000204.000, 147
Trd, 000204.167, 157
Trd, 000205.833, 148
Trd, 000206.050, 149
Trd, 000206.617, 151
Trd, 000207.433, 152
Trd, 000208.867, 151.0
Trd, 000209.550, 168.0
Trd, 000209.783, 150
Trd, 000211.533, 147
Trd, 000211.717, 148
Trd, 000211.983, 148.0
Trd, 000212.350, 149
Trd, 000213.333, 149
Trd, 000214.183, 147.0
Trd, 000214.400, 147
Trd, 000214.750, 150
Trd, 000215.200, 158
Trd, 000215.567, 151.0
Trd, 000215.950, 133
Trd, 000216.300, 127
Trd, 000217.050, 145
Trd, 000217.850, 144
Trd, 000218.300, 138
Trd, 000218.583, 144
Trd, 000219.233, 148.0
Trd, 000219.250, 158
Trd, 000219.567, 149
Trd, 000221.117, 159.0
Trd, 000221.967, 148.0
Trd, 000222.383, 149
Trd, 000223.633, 148
Trd, 000224.533, 147
Trd, 000224.833, 146
Trd, 000225.017, 135
Trd, 000225.233, 149
Trd, 000226.317, 144
Trd, 000227.050, 144
Trd, 000227.833, 143
Trd, 000227.867, 144
Trd, 000228.133, 151.0
Trd, 000228.850, 158
Trd, 000229.583, 149
Trd, 000229.867, 149.0
Trd, 000229.900, 148.0
Trd, 000230.483, 127
Trd, 000230.700, 147
Trd, 000233.633, 142
Trd, 000235.167, 143
Trd, 000235.283, 141
Trd, 000235.350, 145
Trd, 000235.833, 144
Trd, 000235.883, 141
Trd, 000236.267, 143
Trd, 000237.183, 147.0
Trd, 000237.850, 143
Trd, 000238.683, 142
Trd, 000239.233, 143
Trd, 000239.317, 144
Trd, 000239.600, 148.0
Trd, 000239.733, 148
Trd, 000240.800, 154
Trd, 000241.033, 151
Trd, 000241.150, 151
Trd, 000241.550, 154
Trd, 000241.850, 154
Trd, 000242.050, 156
Trd, 000242.667, 153
Trd, 000243.867, 153
Trd, 000244.967, 153
Trd, 000245.367, 154
Trd, 000246.400, 155
Trd, 000246.833, 153
Trd, 000246.900, 156
Trd, 000247.917, 152
Trd, 000248.000, 152
Trd, 000248.250, 152
Trd, 000248.933, 154
Trd, 000249.033, 158
Trd, 000249.800, 151
Trd, 000250.150, 153
Trd, 000250.417, 151
Trd, 000250.467, 153
Trd, 000251.217, 152
Trd, 000251.317, 151.0
Trd, 000251.883, 151
Trd, 000251.983, 153
Trd, 000252.167, 150
Trd, 000252.950, 148.0
Trd, 000253.183, 150
Trd, 000253.333, 148
Trd, 000254.850, 145
Trd, 000255.317, 146
Trd, 000255.633, 145.0
Trd, 000256.133, 145.0
Trd, 000256.567, 147
Trd, 000256.883, 144.0
Trd, 000257.133, 146
Trd, 000257.300, 144
Trd, 000257.317, 142
Trd, 000258.450, 148.0
Trd, 000258.800, 147
Trd, 000259.200, 147
Trd, 000259.483, 147
Trd, 000259.917, 158
Trd, 000260.417, 151.0
Trd, 000260.950, 157.0
Trd, 000261.350, 149.0
Trd, 000261.617, 149
Trd, 000261.633, 150
Trd, 000262.117, 157
Trd, 000262.417, 159
Trd, 000262.500, 162.0
Trd, 000262.567, 165.0
Trd, 000263.383, 166.0
Trd, 000263.717, 163.0
Trd, 000264.000, 162.0
Trd, 000264.083, 165
Trd, 000264.900, 162.0
Trd, 000265.367, 159
Trd, 000266.800, 156.0
Trd, 000267.500, 153
Trd, 000267.717, 151.0
Trd, 000267.883, 152
Trd, 000268.517, 156
Trd, 000268.767, 158.0
Trd, 000269.933, 154
Trd, 000270.317, 153
Trd, 000270.467, 151.0
Trd, 000270.500, 151
Trd, 000271.000, 154
Trd, 000271.083, 158
Trd, 000271.167, 148.0
Trd, 000272.617, 145.0
Trd, 000273.133, 148
Trd, 000274.250, 144.0
Trd, 000274.450, 148
Trd, 000274.917, 147.0
Trd, 000275.367, 145
Trd, 000275.783, 148
Trd, 000275.883, 148
Trd, 000276.067, 158
Trd, 000276.100, 162.0
Trd, 000276.667, 159
Trd, 000276.717, 162
Trd, 000276.917, 157
Trd, 000277.700, 149
Trd, 000278.000, 156
Trd, 000278.300, 155.0
Trd, 000278.500, 151
Trd, 000279.267, 153
Trd, 000279.283, 155
Trd, 000279.433, 148.0
Trd, 000280.017, 155
Trd, 000280.817, 137
Trd, 000281.367, 144
Trd, 000281.883, 146
Trd, 000282.083, 141.0
Trd, 000282.183, 158
Trd, 000282.267, 151
Trd, 000282.783, 151
Trd, 000283.617, 150
Trd, 000283.883, 151.0
Trd, 000284.900, 158
Trd, 000285.533, 158.0
Trd, 000286.500, 154
Trd, 000286.817, 153
Trd, 000286.883, 152
Trd, 000287.367, 151
Trd, 000287.517, 151.0
Trd, 000287.533, 152
Trd, 000288.333, 150.0
Trd, 000288.483, 148.0
Trd, 000289.267, 151
Trd, 000289.400, 154
Trd, 000290.000, 147
Trd, 000290.167, 144.0
Trd, 000290.450, 137
Trd, 000291.017, 135
Trd, 000291.200, 137
Trd, 000291.300, 138
Trd, 000291.317, 148
Trd, 000291.933, 162.0
Trd, 000292.083, 151.0
Trd, 000292.450, 149
Trd, 000292.467, 158
Trd, 000292.833, 163
Trd, 000293.183, 164.0
Trd, 000293.500, 156
Trd, 000293.750, 155
Trd, 000294.417, 154
Trd, 000294.500, 148.0
Trd, 000295.033, 157
Trd, 000295.833, 155
Trd, 000296.050, 157
Trd, 000296.400, 163.0
Trd, 000297.133, 154
Trd, 000297.483, 159
Trd, 000297.633, 162.0
Trd, 000298.633, 153
Trd, 000298.667, 160
Trd, 000299.250, 144.0
Trd, 000299.600, 138
