Trd, 000002.917, 196.0
Trd, 000003.300, 179.0
Trd, 000003.600, 165.0
Trd, 000003.883, 143
Trd, 000003.983, 134.0
Trd, 000005.283, 127.0
Trd, 000005.367, 129.0
Trd, 000005.950, 131.0
Trd, 000006.083, 137.0
Trd, 000006.400, 127
Trd, 000006.700, 148.0
Trd, 000008.033, 163.0
Trd, 000008.550, 152.0
Trd, 000008.767, 151.0
Trd, 000009.533, 139
Trd, 000010.033, 146
Trd, 000010.283, 152
Trd, 000011.567, 148
Trd, 000011.950, 149
Trd, 000012.767, 148.0
Trd, 000012.900, 148
Trd, 000013.017, 147
Trd, 000013.600, 137.0
Trd, 000013.983, 165.0
Trd, 000014.117, 179.0
Trd, 000015.200, 143
Trd, 000018.017, 155
Trd, 000018.883, 156
Trd, 000019.200, 154
Trd, 000020.050, 156
Trd, 000020.150, 157
Trd, 000020.400, 157
Trd, 000020.683, 153
Trd, 000021.317, 158
Trd, 000021.783, 155
Trd, 000022.533, 154.0
Trd, 000022.733, 154
Trd, 000023.633, 153.0
Trd, 000024.283, 151.0
Trd, 000024.917, 151.0
Trd, 000025.167, 154
Trd, 000025.650, 156
Trd, 000026.183, 135.0
Trd, 000027.117, 131.0
Trd, 000030.050, 146
Trd, 000030.400, 142
Trd, 000030.417, 147
Trd, 000030.767, 141
Trd, 000031.650, 145
Trd, 000032.433, 143
Trd, 000032.583, 144
Trd, 000032.817, 140
Trd, 000034.183, 141.0
Trd, 000035.967, 141
Trd, 000036.417, 143
Trd, 000036.767, 143
Trd, 000037.550, 143
Trd, 000037.933, 144.0
Trd, 000038.483, 143
Trd, 000039.083, 145
Trd, 000039.250, 165.0
Trd, 000041.367, 145
Trd, 000042.333, 144
Trd, 000043.467, 143
Trd, 000043.883, 143
Trd, 000044.467, 144.0
Trd, 000044.583, 148.0
Trd, 000045.283, 179.0
Trd, 000045.400, 154
Trd, 000045.967, 145
Trd, 000046.050, 164.0
Trd, 000046.100, 138.0
Trd, 000047.100, 149
Trd, 000047.433, 145
Trd, 000049.150, 146
Trd, 000049.867, 148
Trd, 000050.083, 147
Trd, 000050.550, 146
Trd, 000050.733, 147
Trd, 000051.600, 146
Trd, 000051.867, 145
Trd, 000052.633, 146
Trd, 000053.700, 149
Trd, 000054.100, 165.0
Trd, 000054.250, 155.0
Trd, 000054.617, 154
Trd, 000054.950, 153
Trd, 000055.350, 177.0
Trd, 000055.550, 152
Trd, 000056.867, 165
Trd, 000058.167, 156
Trd, 000058.667, 156
Trd, 000058.800, 155
Trd, 000059.100, 152
Trd, 000059.250, 160
Trd, 000060.433, 156
Trd, 000062.033, 155
Trd, 000062.350, 155
Trd, 000062.683, 152
Trd, 000062.767, 152
Trd, 000062.783, 156
Trd, 000063.133, 152
Trd, 000064.167, 154
Trd, 000064.233, 152
Trd, 000064.267, 151.0
Trd, 000066.083, 152
Trd, 000066.617, 151.0
Trd, 000067.383, 150
Trd, 000067.750, 150
Trd, 000067.850, 151
Trd, 000068.233, 164.0
Trd, 000069.067, 149
Trd, 000070.467, 152
Trd, 000070.717, 149
Trd, 000072.033, 144.0
Trd, 000073.783, 145.0
Trd, 000074.117, 143.0
Trd, 000075.017, 144
Trd, 000075.333, 146
Trd, 000075.483, 146
Trd, 000075.567, 142
Trd, 000075.700, 146
Trd, 000076.917, 143
Trd, 000077.783, 144.0
Trd, 000078.367, 143
Trd, 000078.683, 144.0
Trd, 000078.833, 144
Trd, 000079.267, 144
Trd, 000080.283, 146
Trd, 000080.417, 163.0
Trd, 000080.717, 174
Trd, 000084.117, 147
Trd, 000084.583, 151
Trd, 000084.767, 152
Trd, 000085.450, 155
Trd, 000085.683, 150
Trd, 000085.817, 149
Trd, 000086.133, 153
Trd, 000086.567, 165.0
Trd, 000088.067, 158
Trd, 000088.683, 159
Trd, 000088.783, 160
Trd, 000088.883, 177.0
Trd, 000089.383, 158
Trd, 000089.967, 162
Trd, 000090.833, 160
Trd, 000091.133, 159
Trd, 000091.767, 157
Trd, 000092.950, 157
Trd, 000094.233, 161
Trd, 000094.700, 156
Trd, 000094.900, 155
Trd, 000095.717, 153.0
Trd, 000095.983, 155
Trd, 000096.517, 153.0
Trd, 000096.733, 151.0
Trd, 000097.383, 153
Trd, 000098.350, 139.0
Trd, 000098.767, 149
Trd, 000099.083, 137.0
Trd, 000100.400, 131.0
Trd, 000100.433, 132
Trd, 000101.300, 137.0
Trd, 000101.317, 141
Trd, 000103.717, 138
Trd, 000103.733, 139
Trd, 000104.083, 138
Trd, 000104.300, 139
Trd, 000104.317, 136
Trd, 000105.917, 140
Trd, 000106.967, 143.0
Trd, 000107.433, 144.0
Trd, 000107.950, 163.0
Trd, 000109.467, 141
Trd, 000109.583, 145
Trd, 000110.817, 142
Trd, 000111.583, 165.0
Trd, 000112.200, 158
Trd, 000112.333, 157
Trd, 000112.683, 157
Trd, 000114.233, 162.0
Trd, 000114.533, 163.0
Trd, 000114.700, 158
Trd, 000114.917, 157
Trd, 000115.467, 151.0
Trd, 000115.900, 153
Trd, 000116.683, 153
Trd, 000118.817, 159
Trd, 000119.317, 161
Trd, 000119.567, 159
Trd, 000119.667, 158
Trd, 000120.033, 158
Trd, 000120.183, 160
Trd, 000121.083, 157
Trd, 000121.867, 156
Trd, 000122.067, 155
Trd, 000122.283, 150
Trd, 000122.517, 156
Trd, 000123.017, 153.0
Trd, 000123.233, 157
Trd, 000124.083, 156
Trd, 000124.967, 155
Trd, 000125.417, 154
Trd, 000126.883, 152.0
Trd, 000126.917, 153
Trd, 000127.483, 151.0
Trd, 000129.617, 154
Trd, 000130.033, 155
Trd, 000131.017, 151
Trd, 000131.100, 155
Trd, 000131.133, 151
Trd, 000131.550, 151.0
Trd, 000133.217, 154
Trd, 000133.750, 158.0
Trd, 000133.850, 155
Trd, 000133.983, 162.0
Trd, 000134.717, 162
Trd, 000134.750, 155
Trd, 000136.050, 159
Trd, 000136.217, 156
Trd, 000137.267, 159
Trd, 000137.567, 162
Trd, 000138.383, 159
Trd, 000139.183, 161
Trd, 000139.900, 161.0
Trd, 000139.983, 164.0
Trd, 000140.567, 162
Trd, 000141.067, 159
Trd, 000141.150, 157
Trd, 000141.367, 151.0
Trd, 000141.433, 137.0
Trd, 000142.367, 144.0
Trd, 000142.533, 131
Trd, 000143.733, 148
Trd, 000144.717, 152
Trd, 000145.300, 151
Trd, 000145.633, 152
Trd, 000145.917, 153
Trd, 000146.617, 152.0
Trd, 000147.333, 151
Trd, 000147.433, 152
Trd, 000147.833, 151.0
Trd, 000148.200, 127.0
Trd, 000148.367, 151
Trd, 000148.650, 151
Trd, 000149.367, 165.0
Trd, 000150.133, 165
Trd, 000152.083, 143
Trd, 000152.917, 144.0
Trd, 000153.283, 143
Trd, 000155.333, 143
Trd, 000155.383, 144
Trd, 000155.717, 144.0
Trd, 000156.600, 141
Trd, 000156.750, 143
Trd, 000157.333, 148.0
Trd, 000158.550, 141
Trd, 000160.417, 145
Trd, 000160.833, 145
Trd, 000161.067, 145
Trd, 000161.267, 144
Trd, 000161.500, 147.0
Trd, 000161.983, 138.0
Trd, 000162.250, 141
Trd, 000163.850, 141
Trd, 000164.267, 144
Trd, 000164.717, 143
Trd, 000164.733, 144.0
Trd, 000165.450, 141
Trd, 000166.817, 143
Trd, 000167.667, 143
Trd, 000167.933, 142
Trd, 000168.683, 141
Trd, 000169.033, 142
Trd, 000169.500, 144
Trd, 000169.933, 144.0
Trd, 000170.650, 139.0
Trd, 000170.767, 137.0
Trd, 000171.533, 162.0
Trd, 000172.033, 151.0
Trd, 000172.917, 161
Trd, 000173.117, 162.0
Trd, 000173.900, 158
Trd, 000173.917, 157
Trd, 000174.933, 157
Trd, 000176.067, 157
Trd, 000176.817, 138.0
Trd, 000177.650, 153
Trd, 000177.967, 153
Trd, 000179.567, 151.0
Trd, 000179.667, 151
Trd, 000180.400, 151
Trd, 000180.650, 151
Trd, 000180.700, 153
Trd, 000181.083, 154
Trd, 000182.800, 154
Trd, 000183.233, 153
Trd, 000184.733, 163.0
Trd, 000185.383, 144.0
Trd, 000185.550, 163.0
Trd, 000185.650, 165.0
Trd, 000186.050, 150
Trd, 000187.233, 162
Trd, 000187.450, 161
Trd, 000188.533, 153.0
Trd, 000189.200, 154
Trd, 000189.467, 151
Trd, 000189.517, 138.0
Trd, 000189.683, 152
Trd, 000189.750, 151.0
Trd, 000190.017, 140
Trd, 000190.950, 145
Trd, 000193.933, 144
Trd, 000195.000, 145
Trd, 000195.033, 145
Trd, 000196.133, 144.0
Trd, 000196.683, 145.0
Trd, 000196.967, 144.0
Trd, 000197.067, 144
Trd, 000197.450, 148.0
Trd, 000197.467, 160
Trd, 000197.983, 143
Trd, 000198.183, 144
Trd, 000198.617, 143
Trd, 000199.183, 144.0
Trd, 000200.150, 145
Trd, 000200.617, 146
Trd, 000204.200, 142
Trd, 000204.933, 142
Trd, 000204.950, 143
Trd, 000205.117, 143
Trd, 000205.283, 144.0
Trd, 000205.833, 144
Trd, 000206.650, 143
Trd, 000206.850, 140
Trd, 000208.333, 142
Trd, 000208.733, 141
Trd, 000208.833, 144.0
Trd, 000210.417, 150
Trd, 000211.200, 149
Trd, 000211.317, 158
Trd, 000212.167, 160.0
Trd, 000212.550, 150
Trd, 000213.783, 149
Trd, 000214.500, 141.0
Trd, 000214.517, 142.0
Trd, 000214.867, 144.0
Trd, 000214.933, 148.0
Trd, 000215.667, 152
Trd, 000216.233, 165.0
Trd, 000216.850, 148
Trd, 000218.167, 151.0
Trd, 000218.717, 152
Trd, 000218.750, 151
Trd, 000219.217, 151
Trd, 000219.783, 150
Trd, 000220.267, 147
Trd, 000221.600, 180
Trd, 000221.817, 168.0
Trd, 000222.033, 165.0
Trd, 000222.250, 165
Trd, 000222.817, 157
Trd, 000223.750, 158
Trd, 000223.867, 163
Trd, 000223.917, 151.0
Trd, 000225.350, 158
Trd, 000226.067, 142.0
Trd, 000226.167, 141.0
Trd, 000226.667, 144.0
Trd, 000227.900, 145
Trd, 000228.717, 139.0
Trd, 000229.900, 142
Trd, 000230.083, 140
Trd, 000230.117, 142
Trd, 000231.100, 143
Trd, 000232.067, 147.0
Trd, 000232.517, 144
Trd, 000233.183, 145
Trd, 000233.617, 149
Trd, 000234.467, 148
Trd, 000234.717, 149
Trd, 000235.233, 162.0
Trd, 000236.067, 152
Trd, 000236.450, 164.0
Trd, 000236.833, 153
Trd, 000237.833, 152
Trd, 000238.217, 152
Trd, 000238.433, 150
Trd, 000238.917, 154
Trd, 000239.183, 155
Trd, 000240.117, 150
Trd, 000240.533, 150
Trd, 000240.567, 153
Trd, 000240.733, 165.0
Trd, 000241.983, 165
Trd, 000242.200, 164
Trd, 000242.400, 164
Trd, 000242.483, 163
Trd, 000242.817, 163
Trd, 000243.067, 165
Trd, 000243.200, 164
Trd, 000243.567, 161
Trd, 000244.417, 155.0
Trd, 000245.083, 155
Trd, 000245.483, 155
Trd, 000245.533, 156.0
Trd, 000245.617, 154.0
Trd, 000246.900, 155
Trd, 000247.083, 152.0
Trd, 000248.133, 152
Trd, 000248.350, 158.0
Trd, 000249.267, 160.0
Trd, 000249.367, 157.0
Trd, 000249.600, 156
Trd, 000249.617, 157
Trd, 000249.783, 162.0
Trd, 000250.133, 156
Trd, 000250.533, 156.0
Trd, 000250.633, 157.0
Trd, 000251.333, 158.0
Trd, 000252.050, 156.0
Trd, 000252.400, 156.0
Trd, 000252.533, 157.0
Trd, 000252.783, 155.0
Trd, 000252.967, 154.0
Trd, 000254.100, 152
Trd, 000254.650, 156
Trd, 000254.967, 151.0
Trd, 000255.083, 151
Trd, 000255.117, 150.0
Trd, 000255.550, 153
Trd, 000255.933, 151
Trd, 000256.550, 154
Trd, 000256.783, 155.0
Trd, 000256.900, 152.0
Trd, 000257.033, 150
Trd, 000257.083, 154.0
Trd, 000258.033, 151
Trd, 000258.183, 149
Trd, 000258.350, 151.0
Trd, 000258.983, 150
Trd, 000259.483, 148
Trd, 000259.817, 146
Trd, 000260.167, 148
Trd, 000260.983, 152
Trd, 000261.333, 151
Trd, 000261.733, 150.0
Trd, 000262.117, 151
Trd, 000262.283, 150
Trd, 000262.650, 151
Trd, 000263.117, 150.0
Trd, 000263.200, 147
Trd, 000263.433, 147
Trd, 000264.133, 151
Trd, 000264.517, 153
Trd, 000265.367, 151
Trd, 000265.567, 151
Trd, 000265.800, 153
Trd, 000265.950, 153.0
Trd, 000266.900, 152
Trd, 000267.367, 154.0
Trd, 000267.450, 151
Trd, 000268.267, 144.0
Trd, 000268.500, 154
Trd, 000268.567, 153.0
Trd, 000268.967, 156
Trd, 000269.450, 156.0
Trd, 000269.717, 155
Trd, 000269.950, 157.0
Trd, 000270.650, 157.0
Trd, 000270.667, 155
Trd, 000270.983, 155.0
Trd, 000271.283, 155.0
Trd, 000271.483, 157.0
Trd, 000273.317, 154.0
Trd, 000273.367, 156.0
Trd, 000273.883, 154
Trd, 000274.217, 151.0
Trd, 000274.250, 156
Trd, 000274.583, 152.0
Trd, 000274.650, 150
Trd, 000275.433, 145.0
Trd, 000275.650, 147
Trd, 000275.717, 144.0
Trd, 000276.683, 145
Trd, 000276.833, 144
Trd, 000277.100, 145
Trd, 000277.117, 149
Trd, 000277.583, 154
Trd, 000277.750, 147
Trd, 000277.867, 153
Trd, 000278.450, 156.0
Trd, 000278.667, 158.0
Trd, 000278.700, 162
Trd, 000279.550, 158
Trd, 000279.667, 156.0
Trd, 000280.367, 156.0
Trd, 000281.083, 156
Trd, 000281.183, 155.0
Trd, 000281.217, 153
Trd, 000281.833, 151.0
Trd, 000281.933, 137.0
Trd, 000282.200, 157
Trd, 000282.633, 149
Trd, 000283.200, 145
Trd, 000283.567, 148
Trd, 000283.833, 140
Trd, 000284.050, 148
Trd, 000284.333, 165.0
Trd, 000284.650, 138.0
Trd, 000284.767, 182.0
Trd, 000285.333, 138
Trd, 000286.017, 158.0
Trd, 000286.200, 179
Trd, 000287.150, 151.0
Trd, 000287.717, 140.0
Trd, 000288.183, 156
Trd, 000288.250, 151.0
Trd, 000288.717, 151.0
Trd, 000288.783, 149
Trd, 000289.000, 151.0
Trd, 000289.717, 140
Trd, 000290.067, 140.0
Trd, 000290.150, 154
Trd, 000290.200, 165.0
Trd, 000291.167, 155
Trd, 000291.300, 154.0
Trd, 000291.783, 154
Trd, 000292.050, 146
Trd, 000292.267, 137.0
Trd, 000292.433, 136
Trd, 000293.233, 155
Trd, 000293.617, 150.0
Trd, 000293.833, 141.0
Trd, 000294.567, 150.0
Trd, 000294.817, 143
Trd, 000295.250, 149
Trd, 000295.467, 150
Trd, 000295.600, 151.0
Trd, 000295.800, 143
Trd, 000296.400, 149
Trd, 000296.633, 149
Trd, 000297.917, 157.0
Trd, 000298.150, 155
Trd, 000298.283, 154
Trd, 000298.550, 152
Trd, 000298.933, 151
Trd, 000299.033, 158.0
Trd, 000299.083, 151.0
Trd, 000299.483, 162.0
Trd, 000299.650, 165.0
Trd, 000299.883, 155.0
Trd, 000299.900, 179.0
