Trd, 000002.283, 124.0
Trd, 000002.333, 120.0
Trd, 000002.433, 148
Trd, 000002.450, 151
Trd, 000003.283, 154
Trd, 000003.600, 128
Trd, 000004.317, 134.0
Trd, 000004.400, 137
Trd, 000004.417, 155
Trd, 000004.700, 141
Trd, 000005.600, 157
Trd, 000006.067, 146
Trd, 000008.067, 156
Trd, 000009.617, 165
Trd, 000010.500, 164
Trd, 000010.533, 162
Trd, 000010.550, 151.0
Trd, 000011.183, 146
Trd, 000011.700, 165
Trd, 000012.950, 156
Trd, 000013.333, 153
Trd, 000014.050, 154
Trd, 000014.383, 152
Trd, 000014.533, 151.0
Trd, 000015.083, 145
Trd, 000016.017, 127.0
Trd, 000016.950, 135
Trd, 000017.933, 133.0
Trd, 000018.267, 134.0
Trd, 000018.400, 137
Trd, 000019.983, 138
Trd, 000020.050, 141.0
Trd, 000020.217, 154
Trd, 000020.517, 161
Trd, 000021.383, 168.0
Trd, 000021.517, 151
Trd, 000021.983, 151
Trd, 000022.367, 162
Trd, 000022.450, 139
Trd, 000023.350, 139
Trd, 000024.367, 141.0
Trd, 000024.900, 159
Trd, 000025.400, 161
Trd, 000027.100, 150
Trd, 000027.483, 149
Trd, 000027.783, 147
Trd, 000028.217, 155
Trd, 000029.383, 158
Trd, 000029.417, 153.0
Trd, 000030.017, 153
Trd, 000030.417, 153.0
Trd, 000030.533, 151.0
Trd, 000031.517, 151.0
Trd, 000032.333, 153
Trd, 000032.950, 150
Trd, 000032.983, 152
Trd, 000033.217, 153
Trd, 000034.050, 150
Trd, 000034.283, 149
Trd, 000034.667, 149
Trd, 000035.350, 141.0
Trd, 000036.417, 142
Trd, 000037.683, 151
Trd, 000037.950, 152
Trd, 000039.017, 152
Trd, 000039.233, 151
Trd, 000039.433, 172.0
Trd, 000039.500, 150
Trd, 000041.117, 159
Trd, 000041.250, 160
Trd, 000042.700, 162
Trd, 000043.083, 162
Trd, 000043.117, 160
Trd, 000043.350, 151.0
Trd, 000043.400, 150
Trd, 000044.183, 127.0
Trd, 000045.033, 150
Trd, 000045.050, 153
Trd, 000045.783, 149
Trd, 000046.083, 146
Trd, 000046.917, 148
Trd, 000047.517, 150
Trd, 000048.300, 151.0
Trd, 000048.567, 151
Trd, 000049.917, 156
Trd, 000050.317, 158
Trd, 000050.417, 163
Trd, 000050.483, 155
Trd, 000051.983, 152
Trd, 000052.683, 153
Trd, 000053.117, 153
Trd, 000053.633, 154
Trd, 000054.200, 153
Trd, 000054.383, 154
Trd, 000054.633, 152
Trd, 000055.033, 153
Trd, 000055.867, 152
Trd, 000056.467, 151.0
Trd, 000057.717, 144
Trd, 000058.483, 147
Trd, 000059.133, 154
Trd, 000059.633, 153.0
Trd, 000060.117, 154
Trd, 000061.283, 153.0
Trd, 000061.733, 152.0
Trd, 000061.967, 158
Trd, 000062.000, 151.0
Trd, 000062.600, 158
Trd, 000063.383, 151
Trd, 000063.983, 142
Trd, 000064.367, 147
Trd, 000064.550, 151.0
Trd, 000064.800, 157
Trd, 000066.267, 171.0
Trd, 000066.917, 149
Trd, 000067.667, 162
Trd, 000067.817, 142
Trd, 000068.067, 151.0
Trd, 000068.283, 141
Trd, 000070.400, 141.0
Trd, 000071.183, 141.0
Trd, 000071.850, 154
Trd, 000072.517, 150
Trd, 000072.567, 153
Trd, 000072.917, 148
Trd, 000073.567, 154
Trd, 000074.033, 152.0
Trd, 000074.350, 154
Trd, 000075.750, 155
Trd, 000076.400, 153.0
Trd, 000076.950, 157
Trd, 000077.267, 153
Trd, 000077.367, 151
Trd, 000077.633, 151.0
Trd, 000077.650, 158
Trd, 000078.167, 151
Trd, 000078.933, 149
Trd, 000080.367, 158
Trd, 000080.517, 155
Trd, 000081.500, 151
Trd, 000082.033, 157
Trd, 000082.133, 158
Trd, 000082.600, 168.0
Trd, 000082.783, 151.0
Trd, 000083.333, 155
Trd, 000083.367, 154
Trd, 000083.567, 159
Trd, 000084.467, 157
Trd, 000084.567, 160
Trd, 000085.633, 160
Trd, 000086.583, 160
Trd, 000087.367, 158
Trd, 000088.467, 159
Trd, 000089.367, 155
Trd, 000090.267, 152
Trd, 000090.383, 151.0
Trd, 000090.500, 154
Trd, 000090.933, 158
Trd, 000091.233, 140
Trd, 000091.283, 137
Trd, 000092.717, 140
Trd, 000093.033, 134.0
Trd, 000093.517, 141.0
Trd, 000094.083, 142
Trd, 000095.550, 136
Trd, 000095.617, 135.0
Trd, 000096.367, 157
Trd, 000096.750, 135.0
Trd, 000097.050, 151.0
Trd, 000097.300, 157
Trd, 000098.367, 165
Trd, 000099.717, 159
Trd, 000099.867, 158
Trd, 000100.283, 157
Trd, 000100.967, 157
Trd, 000101.450, 131
Trd, 000102.500, 151.0
Trd, 000103.583, 150
Trd, 000104.617, 148
Trd, 000105.000, 147
Trd, 000105.233, 154
Trd, 000105.333, 156
Trd, 000105.533, 155
Trd, 000106.033, 147
Trd, 000106.850, 148
Trd, 000106.967, 148
Trd, 000107.100, 144
Trd, 000107.783, 149
Trd, 000107.983, 146
Trd, 000108.200, 150
Trd, 000108.667, 134
Trd, 000110.617, 139
Trd, 000111.150, 134
Trd, 000111.417, 133.0
Trd, 000111.767, 134.0
Trd, 000111.800, 128.0
Trd, 000111.917, 127.0
Trd, 000112.083, 138
Trd, 000113.217, 137
Trd, 000113.667, 153
Trd, 000114.817, 141
Trd, 000114.883, 140
Trd, 000115.333, 145
Trd, 000117.417, 151.0
Trd, 000117.700, 152
Trd, 000117.800, 158
Trd, 000118.017, 144
Trd, 000119.233, 151.0
Trd, 000119.250, 168.0
Trd, 000120.167, 149
Trd, 000120.383, 145
Trd, 000121.550, 154
Trd, 000121.833, 157
Trd, 000122.217, 149
Trd, 000122.383, 149
Trd, 000122.700, 148
Trd, 000122.950, 148
Trd, 000123.050, 149
Trd, 000124.017, 147
Trd, 000124.617, 134.0
Trd, 000125.017, 141.0
Trd, 000127.750, 146
Trd, 000127.817, 145
Trd, 000128.233, 149
Trd, 000129.033, 148
Trd, 000129.450, 149
Trd, 000129.800, 146
Trd, 000129.900, 145
Trd, 000130.650, 153
Trd, 000130.800, 158
Trd, 000130.950, 148
Trd, 000131.350, 147
Trd, 000131.450, 146
Trd, 000131.817, 168
Trd, 000134.650, 162
Trd, 000134.933, 168
Trd, 000135.300, 163
Trd, 000135.383, 161
Trd, 000136.183, 163
Trd, 000136.567, 162
Trd, 000136.800, 162
Trd, 000137.100, 151.0
Trd, 000137.333, 139
Trd, 000137.350, 136
Trd, 000137.933, 147
Trd, 000140.350, 151
Trd, 000140.483, 161
Trd, 000140.800, 168.0
Trd, 000141.433, 172.0
Trd, 000142.067, 155
Trd, 000142.267, 155
Trd, 000142.700, 157
Trd, 000143.033, 158
Trd, 000144.067, 157.0
Trd, 000144.883, 157.0
Trd, 000145.283, 157
Trd, 000145.867, 141.0
Trd, 000146.667, 157
Trd, 000146.983, 154.0
Trd, 000147.050, 158
Trd, 000147.200, 154
Trd, 000147.267, 153.0
Trd, 000148.617, 151.0
Trd, 000149.100, 156
Trd, 000149.617, 152
Trd, 000149.900, 160
Trd, 000151.250, 153.0
Trd, 000152.100, 156
Trd, 000152.600, 158
Trd, 000153.167, 157
Trd, 000153.600, 153
Trd, 000154.117, 153.0
Trd, 000154.733, 162
Trd, 000155.767, 159
Trd, 000156.083, 159
Trd, 000156.200, 158
Trd, 000156.300, 158
Trd, 000156.733, 143
Trd, 000158.250, 152.0
Trd, 000158.533, 151.0
Trd, 000158.683, 159
Trd, 000158.917, 159
Trd, 000161.417, 157
Trd, 000162.067, 156
Trd, 000162.183, 163
Trd, 000162.850, 156
Trd, 000163.083, 168.0
Trd, 000163.117, 151.0
Trd, 000163.283, 140
Trd, 000163.967, 162
Trd, 000164.950, 167.0
Trd, 000165.117, 159
Trd, 000165.867, 160
Trd, 000166.367, 160
Trd, 000167.100, 163
Trd, 000167.333, 162
Trd, 000167.717, 161
Trd, 000169.733, 163
Trd, 000170.217, 160
Trd, 000171.000, 162
Trd, 000171.133, 159
Trd, 000171.800, 143
Trd, 000173.750, 158
Trd, 000174.517, 168.0
Trd, 000174.867, 159
Trd, 000175.100, 158
Trd, 000175.900, 163
Trd, 000175.967, 156
Trd, 000176.600, 151.0
Trd, 000177.733, 151.0
Trd, 000178.050, 151
Trd, 000178.567, 148
Trd, 000178.750, 147
Trd, 000179.133, 158
Trd, 000180.300, 152
Trd, 000180.883, 157
Trd, 000181.033, 160
Trd, 000181.350, 149
Trd, 000183.150, 145
Trd, 000184.500, 143
Trd, 000185.017, 143
Trd, 000185.033, 142
Trd, 000185.517, 141.0
Trd, 000185.933, 149
Trd, 000186.017, 153
Trd, 000186.083, 143
Trd, 000186.267, 158
Trd, 000186.417, 142
Trd, 000186.450, 141
Trd, 000187.083, 139
Trd, 000187.383, 140
Trd, 000188.200, 151
Trd, 000190.183, 166.0
Trd, 000190.550, 155
Trd, 000190.667, 154
Trd, 000191.650, 155
Trd, 000191.933, 153
Trd, 000192.500, 151.0
Trd, 000192.550, 155
Trd, 000192.933, 158
Trd, 000193.833, 153.0
Trd, 000194.033, 151.0
Trd, 000195.317, 169
Trd, 000195.467, 147
Trd, 000197.117, 151
Trd, 000197.450, 151
Trd, 000197.500, 151
Trd, 000197.983, 151.0
Trd, 000199.400, 158
Trd, 000199.417, 158
Trd, 000199.633, 168.0
Trd, 000200.583, 157
Trd, 000200.833, 161
Trd, 000201.367, 151
Trd, 000201.900, 159
Trd, 000203.017, 153
Trd, 000203.267, 168.0
Trd, 000203.433, 152
Trd, 000203.967, 151
Trd, 000204.050, 133
Trd, 000204.450, 160
Trd, 000205.417, 157
Trd, 000206.150, 152.0
Trd, 000206.417, 151.0
Trd, 000207.833, 157
Trd, 000208.700, 157
Trd, 000209.017, 152
Trd, 000209.083, 149
Trd, 000210.517, 151.0
Trd, 000210.550, 149
Trd, 000212.083, 158
Trd, 000212.483, 154
Trd, 000213.117, 151
Trd, 000213.333, 141
Trd, 000213.783, 129
Trd, 000214.417, 145
Trd, 000214.800, 146
Trd, 000215.433, 148
Trd, 000216.150, 152
Trd, 000216.817, 151
Trd, 000218.383, 152
Trd, 000218.433, 151
Trd, 000219.050, 127.0
Trd, 000219.733, 141.0
Trd, 000219.883, 131
Trd, 000221.450, 147
Trd, 000221.550, 148
Trd, 000221.917, 152
Trd, 000222.017, 158
Trd, 000222.883, 137
Trd, 000223.150, 141.0
Trd, 000223.800, 158
Trd, 000223.933, 151.0
Trd, 000224.133, 143
Trd, 000225.067, 158
Trd, 000226.067, 141
Trd, 000227.283, 145
Trd, 000227.700, 145
Trd, 000227.967, 144
Trd, 000229.050, 148
Trd, 000229.400, 149
Trd, 000229.433, 142
Trd, 000230.283, 140
Trd, 000230.817, 148
Trd, 000232.050, 147
Trd, 000232.233, 151
Trd, 000232.250, 147
Trd, 000233.817, 155
Trd, 000235.750, 153
Trd, 000235.900, 152
Trd, 000236.300, 150
Trd, 000236.767, 149
Trd, 000237.783, 148
Trd, 000238.117, 147
Trd, 000238.350, 138
Trd, 000238.817, 127.0
Trd, 000239.500, 147
Trd, 000239.533, 152
Trd, 000240.050, 145
Trd, 000240.067, 155
Trd, 000240.767, 155
Trd, 000241.117, 156
Trd, 000241.533, 152
Trd, 000242.000, 152
Trd, 000242.017, 151
Trd, 000242.067, 151
Trd, 000242.167, 150
Trd, 000242.283, 158
Trd, 000243.017, 153
Trd, 000243.600, 154
Trd, 000243.700, 153
Trd, 000243.767, 150
Trd, 000245.100, 150
Trd, 000245.183, 150
Trd, 000246.200, 145
Trd, 000246.617, 153
Trd, 000246.650, 145
Trd, 000246.967, 143
Trd, 000247.300, 142
Trd, 000247.317, 149
Trd, 000248.500, 155.0
Trd, 000249.900, 145
Trd, 000250.183, 142
Trd, 000250.250, 141
Trd, 000250.283, 143
Trd, 000250.533, 141
Trd, 000251.400, 147
Trd, 000251.433, 150
Trd, 000251.883, 149
Trd, 000253.633, 150
Trd, 000253.700, 149
Trd, 000254.467, 151
Trd, 000254.483, 148
Trd, 000254.867, 155.0
Trd, 000255.117, 151
Trd, 000255.233, 147
Trd, 000255.550, 139
Trd, 000255.817, 158
Trd, 000256.900, 152.0
Trd, 000256.983, 151.0
Trd, 000257.617, 156.0
Trd, 000257.733, 158
Trd, 000258.017, 159
Trd, 000258.150, 155
Trd, 000258.800, 154
Trd, 000258.833, 159.0
Trd, 000259.833, 163.0
Trd, 000260.500, 161
Trd, 000260.867, 161
Trd, 000261.100, 160
Trd, 000261.483, 159
Trd, 000263.217, 157.0
Trd, 000263.283, 156.0
Trd, 000263.700, 155.0
Trd, 000263.800, 158
Trd, 000264.350, 151.0
Trd, 000265.133, 155
Trd, 000265.150, 159
Trd, 000265.683, 158
Trd, 000266.100, 159
Trd, 000266.200, 158
Trd, 000266.700, 158
Trd, 000267.133, 156
Trd, 000267.267, 155
Trd, 000267.717, 138.0
Trd, 000268.300, 151
Trd, 000268.567, 152
Trd, 000268.933, 153
Trd, 000269.500, 151
Trd, 000270.300, 160.0
Trd, 000270.500, 157
Trd, 000271.167, 155
Trd, 000271.383, 154
Trd, 000271.433, 153
Trd, 000272.000, 156.0
Trd, 000272.217, 151
Trd, 000272.717, 153.0
Trd, 000273.950, 154
Trd, 000273.983, 151.0
Trd, 000274.083, 151
Trd, 000274.350, 153
Trd, 000274.433, 155.0
Trd, 000275.050, 151
Trd, 000275.550, 149
Trd, 000276.117, 147
Trd, 000276.183, 151
Trd, 000277.000, 157
Trd, 000277.067, 139.0
Trd, 000277.317, 138
Trd, 000277.867, 136
Trd, 000278.317, 141.0
Trd, 000278.817, 149
Trd, 000278.850, 151
Trd, 000279.567, 155.0
Trd, 000279.767, 158
Trd, 000280.067, 140
Trd, 000280.233, 157.0
Trd, 000280.950, 139
Trd, 000281.000, 139
Trd, 000282.600, 156
Trd, 000283.033, 162.0
Trd, 000284.117, 165.0
Trd, 000284.367, 163
Trd, 000284.767, 162
Trd, 000284.800, 158
Trd, 000285.183, 155
Trd, 000285.533, 170.0
Trd, 000286.000, 161
Trd, 000286.217, 162.0
Trd, 000286.617, 154.0
Trd, 000286.883, 160
Trd, 000287.167, 152.0
Trd, 000287.267, 161
Trd, 000287.483, 151.0
Trd, 000288.633, 154
Trd, 000289.000, 153
Trd, 000289.250, 139
Trd, 000289.483, 137.0
Trd, 000289.800, 134.0
Trd, 000290.100, 154.0
Trd, 000290.117, 155.0
Trd, 000290.367, 155
Trd, 000290.567, 143
Trd, 000290.933, 151.0
Trd, 000291.400, 145
Trd, 000291.433, 158
Trd, 000291.783, 158
Trd, 000292.550, 159
Trd, 000293.483, 161
Trd, 000293.883, 161
Trd, 000294.067, 160
Trd, 000294.850, 160
Trd, 000294.867, 162
Trd, 000295.783, 159
Trd, 000295.800, 164
Trd, 000295.950, 165.0
Trd, 000296.117, 151.0
Trd, 000296.500, 162.0
Trd, 000297.317, 157
Trd, 000297.683, 143
Trd, 000298.467, 150
Trd, 000298.567, 152
Trd, 000299.233, 153
Trd, 000299.733, 151
