Trd, 000000.733, 120.0
Trd, 000002.583, 106.0
Trd, 000002.917, 138
Trd, 000002.950, 158
Trd, 000003.967, 127
Trd, 000004.600, 167
Trd, 000005.017, 172.0
Trd, 000005.050, 159
Trd, 000005.400, 146
Trd, 000005.500, 145
Trd, 000006.283, 131
Trd, 000006.500, 134.0
Trd, 000006.983, 143
Trd, 000007.517, 141
Trd, 000008.250, 141
Trd, 000009.100, 136
Trd, 000009.433, 143
Trd, 000009.867, 152
Trd, 000010.083, 136
Trd, 000011.933, 141
Trd, 000012.667, 141
Trd, 000012.700, 141
Trd, 000013.233, 143
Trd, 000013.283, 143
Trd, 000013.483, 144
Trd, 000013.700, 139
Trd, 000014.250, 144.0
Trd, 000014.500, 142
Trd, 000014.667, 144
Trd, 000015.100, 145
Trd, 000016.633, 155.0
Trd, 000017.067, 149
Trd, 000017.667, 140.0
Trd, 000018.250, 140
Trd, 000018.767, 138
Trd, 000019.433, 140
Trd, 000019.833, 142
Trd, 000020.067, 137
Trd, 000020.883, 144.0
Trd, 000021.033, 139
Trd, 000021.467, 136
Trd, 000022.183, 136
Trd, 000022.633, 144
Trd, 000022.983, 155.0
Trd, 000023.017, 161
Trd, 000023.050, 138
Trd, 000024.033, 136
Trd, 000024.600, 149
Trd, 000024.683, 150
Trd, 000024.950, 150
Trd, 000025.100, 137
Trd, 000027.033, 140
Trd, 000027.683, 139
Trd, 000027.717, 143
Trd, 000028.050, 144.0
Trd, 000029.067, 144
Trd, 000029.267, 144
Trd, 000029.667, 150
Trd, 000029.767, 138
Trd, 000031.700, 138
Trd, 000031.850, 149
Trd, 000032.050, 151
Trd, 000032.667, 152
Trd, 000033.767, 149
Trd, 000033.817, 150
Trd, 000034.067, 144.0
Trd, 000035.733, 147
Trd, 000036.167, 146
Trd, 000036.550, 143
Trd, 000036.617, 158
Trd, 000038.550, 148
Trd, 000038.883, 148
Trd, 000039.000, 150
Trd, 000039.100, 151
Trd, 000039.917, 150
Trd, 000040.167, 145
Trd, 000040.833, 146
Trd, 000042.383, 140
Trd, 000042.950, 140
Trd, 000043.000, 141
Trd, 000043.600, 142
Trd, 000043.683, 143
Trd, 000044.183, 151
Trd, 000044.450, 142
Trd, 000045.217, 152
Trd, 000045.400, 135
Trd, 000045.583, 133
Trd, 000046.000, 148
Trd, 000046.900, 145
Trd, 000047.767, 141
Trd, 000048.133, 140
Trd, 000048.483, 139
Trd, 000049.267, 145
Trd, 000049.583, 145
Trd, 000049.800, 140
Trd, 000049.833, 139
Trd, 000050.850, 144.0
Trd, 000051.583, 144
Trd, 000051.783, 137
Trd, 000052.133, 137
Trd, 000052.383, 143
Trd, 000052.867, 139
Trd, 000053.150, 144
Trd, 000053.600, 154
Trd, 000053.650, 138
Trd, 000055.717, 142
Trd, 000056.567, 140
Trd, 000057.400, 140
Trd, 000057.467, 143
Trd, 000057.817, 144.0
Trd, 000058.650, 143
Trd, 000059.783, 140
Trd, 000059.917, 141
Trd, 000060.217, 143
Trd, 000060.300, 141
Trd, 000060.350, 139
Trd, 000061.417, 144.0
Trd, 000061.867, 158
Trd, 000063.083, 144
Trd, 000063.667, 144.0
Trd, 000063.683, 149
Trd, 000063.900, 149
Trd, 000064.783, 146
Trd, 000065.417, 150
Trd, 000065.717, 144
Trd, 000066.183, 144
Trd, 000066.333, 150
Trd, 000066.867, 137
Trd, 000067.633, 151
Trd, 000067.850, 143
Trd, 000068.350, 147
Trd, 000069.967, 143
Trd, 000070.217, 146
Trd, 000070.950, 142
Trd, 000071.000, 145
Trd, 000071.567, 144
Trd, 000071.767, 144
Trd, 000071.783, 152
Trd, 000072.067, 141
Trd, 000072.150, 155.0
Trd, 000073.100, 150
Trd, 000073.133, 141
Trd, 000073.683, 148
Trd, 000074.600, 141
Trd, 000075.150, 140
Trd, 000076.233, 140.0
Trd, 000076.883, 139
Trd, 000077.317, 140
Trd, 000077.967, 141
Trd, 000078.050, 140
Trd, 000078.767, 141
Trd, 000078.883, 135
Trd, 000079.300, 140
Trd, 000079.833, 142.0
Trd, 000080.250, 133
Trd, 000080.917, 140.0
Trd, 000081.050, 144.0
Trd, 000081.867, 152
Trd, 000082.950, 147
Trd, 000083.750, 152.0
Trd, 000084.050, 147
Trd, 000084.183, 145
Trd, 000084.383, 148
Trd, 000085.133, 151
Trd, 000085.583, 147
Trd, 000085.650, 146
Trd, 000086.117, 151
Trd, 000086.833, 149
Trd, 000087.050, 141
Trd, 000087.317, 147
Trd, 000087.883, 144.0
Trd, 000088.450, 133
Trd, 000088.533, 150
Trd, 000088.617, 133
Trd, 000088.867, 152
Trd, 000089.117, 155.0
Trd, 000089.400, 152
Trd, 000089.650, 159
Trd, 000090.183, 131
Trd, 000091.500, 178
Trd, 000091.633, 184.0
Trd, 000091.733, 156
Trd, 000092.183, 155.0
Trd, 000092.983, 153
Trd, 000093.750, 170
Trd, 000093.900, 152
Trd, 000094.550, 159
Trd, 000095.683, 158
Trd, 000096.767, 156
Trd, 000097.083, 156.0
Trd, 000097.117, 157
Trd, 000097.567, 156
Trd, 000097.683, 158
Trd, 000098.117, 155.0
Trd, 000099.733, 159
Trd, 000099.767, 151
Trd, 000100.133, 152.0
Trd, 000100.733, 151.0
Trd, 000100.800, 158
Trd, 000100.833, 147
Trd, 000101.133, 151
Trd, 000102.150, 151
Trd, 000102.683, 132
Trd, 000103.617, 142
Trd, 000103.633, 143
Trd, 000104.267, 141
Trd, 000105.200, 140
Trd, 000105.750, 142
Trd, 000105.767, 136
Trd, 000106.233, 135
Trd, 000107.033, 142
Trd, 000107.183, 133
Trd, 000107.250, 143
Trd, 000108.000, 144.0
Trd, 000108.150, 152
Trd, 000108.450, 144.0
Trd, 000109.083, 141
Trd, 000109.250, 155.0
Trd, 000109.733, 158
Trd, 000109.800, 175.0
Trd, 000110.200, 184.0
Trd, 000111.117, 156
Trd, 000112.133, 155
Trd, 000112.350, 158
Trd, 000113.433, 159
Trd, 000113.717, 153
Trd, 000114.517, 160
Trd, 000114.617, 161
Trd, 000115.550, 179.0
Trd, 000116.017, 152
Trd, 000116.033, 147
Trd, 000116.383, 156
Trd, 000116.650, 153
Trd, 000117.433, 136
Trd, 000117.450, 151
Trd, 000120.100, 143
Trd, 000120.517, 143
Trd, 000120.567, 143.0
Trd, 000120.600, 144.0
Trd, 000120.617, 151
Trd, 000120.967, 142
Trd, 000121.500, 138
Trd, 000121.767, 155.0
Trd, 000121.850, 136
Trd, 000122.850, 133
Trd, 000123.000, 151
Trd, 000123.233, 158
Trd, 000123.317, 158
Trd, 000123.883, 150
Trd, 000124.833, 150
Trd, 000125.000, 147
Trd, 000125.033, 147
Trd, 000125.917, 152
Trd, 000126.500, 146
Trd, 000126.817, 150
Trd, 000127.250, 147
Trd, 000127.300, 146
Trd, 000127.683, 151
Trd, 000127.750, 137
Trd, 000128.017, 140
Trd, 000129.317, 145
Trd, 000130.917, 145
Trd, 000131.750, 142.0
Trd, 000132.350, 141
Trd, 000133.233, 137
Trd, 000133.383, 138
Trd, 000133.550, 139
Trd, 000133.867, 140
Trd, 000134.667, 143.0
Trd, 000134.800, 143
Trd, 000135.317, 144.0
Trd, 000135.433, 159
Trd, 000135.467, 150
Trd, 000135.983, 159
Trd, 000136.783, 179.0
Trd, 000137.217, 144.0
Trd, 000137.500, 145
Trd, 000138.117, 146
Trd, 000139.167, 148
Trd, 000139.717, 148
Trd, 000140.483, 149
Trd, 000140.617, 143
Trd, 000141.850, 149
Trd, 000142.533, 145
Trd, 000142.817, 148
Trd, 000142.850, 144
Trd, 000144.250, 144
Trd, 000144.333, 151
Trd, 000144.600, 141
Trd, 000145.700, 148
Trd, 000145.900, 147
Trd, 000146.117, 144.0
Trd, 000146.133, 149
Trd, 000146.167, 150
Trd, 000146.917, 140
Trd, 000147.850, 144
Trd, 000148.267, 136
Trd, 000148.733, 149
Trd, 000149.267, 150
Trd, 000149.500, 139
Trd, 000150.333, 140
Trd, 000150.350, 144
Trd, 000150.767, 145
Trd, 000151.200, 144.0
Trd, 000151.217, 151
Trd, 000152.950, 147
Trd, 000153.233, 148
Trd, 000154.783, 148
Trd, 000155.150, 147
Trd, 000155.683, 149
Trd, 000155.817, 152
Trd, 000156.000, 143
Trd, 000156.483, 144.0
Trd, 000156.583, 143
Trd, 000157.683, 149
Trd, 000158.833, 154.0
Trd, 000159.533, 155
Trd, 000159.683, 155
Trd, 000159.750, 159
Trd, 000160.217, 172
Trd, 000160.717, 171
Trd, 000161.433, 157
Trd, 000161.600, 155.0
Trd, 000161.667, 151.0
Trd, 000161.717, 146
Trd, 000163.267, 155.0
Trd, 000164.117, 152
Trd, 000164.217, 151
Trd, 000164.367, 151
Trd, 000164.933, 151
Trd, 000165.350, 152
Trd, 000165.750, 152
Trd, 000165.767, 147
Trd, 000166.917, 139
Trd, 000167.133, 136
Trd, 000167.300, 144.0
Trd, 000167.483, 151
Trd, 000167.850, 128.0
Trd, 000168.733, 151
Trd, 000169.767, 143
Trd, 000169.933, 144.0
Trd, 000172.467, 146
Trd, 000172.600, 148
Trd, 000172.733, 148
Trd, 000173.333, 148
Trd, 000174.083, 151
Trd, 000174.100, 175.0
Trd, 000174.333, 163
Trd, 000174.683, 150
Trd, 000175.433, 157
Trd, 000176.100, 147
Trd, 000176.167, 159
Trd, 000176.250, 146
Trd, 000176.500, 137
Trd, 000177.633, 157
Trd, 000178.033, 148
Trd, 000178.450, 158
Trd, 000178.733, 149
Trd, 000178.833, 148
Trd, 000179.533, 154
Trd, 000180.050, 155
Trd, 000181.033, 149
Trd, 000181.267, 157
Trd, 000181.433, 157
Trd, 000181.517, 147
Trd, 000181.633, 139
Trd, 000182.083, 135
Trd, 000182.650, 156
Trd, 000183.517, 155
Trd, 000184.517, 144.0
Trd, 000184.617, 152
Trd, 000184.783, 137
Trd, 000186.083, 149
Trd, 000186.250, 142
Trd, 000186.467, 149
Trd, 000187.150, 149
Trd, 000187.500, 144
Trd, 000188.467, 144.0
Trd, 000188.650, 145
Trd, 000188.867, 143
Trd, 000189.217, 145
Trd, 000189.700, 145
Trd, 000190.600, 145
Trd, 000190.983, 143
Trd, 000191.517, 142
Trd, 000192.683, 144
Trd, 000193.283, 144
Trd, 000193.483, 151
Trd, 000193.617, 155.0
Trd, 000193.967, 143
Trd, 000194.500, 143
Trd, 000195.350, 145
Trd, 000196.417, 143
Trd, 000196.550, 144.0
Trd, 000196.567, 145
Trd, 000196.767, 142
Trd, 000196.883, 141
Trd, 000197.383, 136
Trd, 000198.100, 152
Trd, 000198.283, 172.0
Trd, 000198.533, 163
Trd, 000199.000, 155.0
Trd, 000199.233, 152.0
Trd, 000199.317, 151.0
Trd, 000199.867, 171
Trd, 000199.917, 144
Trd, 000201.000, 164
Trd, 000202.483, 149
Trd, 000202.500, 157
Trd, 000202.667, 151
Trd, 000203.483, 147
Trd, 000203.833, 150
Trd, 000204.517, 149
Trd, 000204.700, 143
Trd, 000205.033, 135
Trd, 000205.067, 144.0
Trd, 000205.383, 147
Trd, 000206.700, 140
Trd, 000207.317, 146
Trd, 000208.267, 143.0
Trd, 000208.400, 141
Trd, 000209.317, 142
Trd, 000209.383, 144.0
Trd, 000210.383, 151
Trd, 000210.400, 155.0
Trd, 000211.333, 143
Trd, 000212.683, 145
Trd, 000213.317, 145
Trd, 000213.417, 147
Trd, 000213.450, 145
Trd, 000213.683, 149
Trd, 000214.400, 155.0
Trd, 000215.217, 146
Trd, 000215.550, 151
Trd, 000216.017, 136
Trd, 000216.100, 144.0
Trd, 000216.533, 142
Trd, 000217.083, 151
Trd, 000218.650, 151
Trd, 000218.667, 147
Trd, 000219.033, 148
Trd, 000219.117, 145
Trd, 000219.350, 154
Trd, 000220.800, 147
Trd, 000221.033, 146
Trd, 000221.717, 145
Trd, 000221.767, 146
Trd, 000222.267, 144
Trd, 000222.317, 136
Trd, 000222.583, 153
Trd, 000222.600, 155.0
Trd, 000222.617, 175.0
Trd, 000223.183, 135
Trd, 000223.333, 134
Trd, 000224.483, 157
Trd, 000224.833, 146
Trd, 000225.333, 162
Trd, 000226.000, 146
Trd, 000226.650, 155
Trd, 000227.267, 145
Trd, 000227.950, 154
Trd, 000228.017, 154
Trd, 000228.450, 143.0
Trd, 000228.567, 144.0
Trd, 000228.900, 140
Trd, 000229.183, 144
Trd, 000230.133, 145
Trd, 000230.683, 140
Trd, 000231.317, 139
Trd, 000231.517, 136
Trd, 000231.867, 140
Trd, 000232.100, 140
Trd, 000232.217, 141
Trd, 000232.900, 139
Trd, 000233.067, 140
Trd, 000233.617, 141
Trd, 000233.700, 144.0
Trd, 000234.917, 152
Trd, 000235.350, 140
Trd, 000236.167, 144
Trd, 000236.583, 146
Trd, 000237.500, 144
Trd, 000237.533, 151
Trd, 000238.217, 151.0
Trd, 000239.067, 144.0
Trd, 000239.117, 151
Trd, 000239.233, 155.0
Trd, 000240.000, 145
Trd, 000240.517, 152
Trd, 000240.717, 150
Trd, 000241.050, 151
Trd, 000241.117, 149
Trd, 000241.350, 147
Trd, 000241.550, 146
Trd, 000241.817, 148
Trd, 000242.367, 149
Trd, 000242.400, 146
Trd, 000242.483, 144
Trd, 000242.683, 146
Trd, 000243.183, 144.0
Trd, 000243.617, 146
Trd, 000244.133, 146
Trd, 000244.967, 147
Trd, 000245.267, 146
Trd, 000245.300, 151
Trd, 000246.367, 152
Trd, 000247.267, 149
Trd, 000248.050, 150
Trd, 000248.633, 145
Trd, 000248.733, 145
Trd, 000249.083, 143
Trd, 000249.283, 139
Trd, 000249.433, 140
Trd, 000250.067, 139
Trd, 000250.267, 141
Trd, 000251.133, 141
Trd, 000251.183, 141
Trd, 000252.067, 142
Trd, 000252.183, 141.0
Trd, 000252.433, 143
Trd, 000253.033, 142
Trd, 000254.033, 143
Trd, 000254.067, 144.0
Trd, 000254.550, 141
Trd, 000254.683, 136
Trd, 000255.517, 141
Trd, 000256.217, 134
Trd, 000256.533, 135
Trd, 000256.850, 135
Trd, 000256.983, 133
Trd, 000257.067, 137
Trd, 000258.150, 150
Trd, 000258.283, 145.0
Trd, 000258.667, 151
Trd, 000259.650, 151.0
Trd, 000260.017, 146.0
Trd, 000260.450, 150.0
Trd, 000260.500, 151.0
Trd, 000260.817, 146.0
Trd, 000260.950, 144.0
Trd, 000261.017, 142
Trd, 000263.183, 142
Trd, 000263.267, 146
Trd, 000263.450, 145.0
Trd, 000264.367, 145
Trd, 000264.700, 145.0
Trd, 000264.750, 141.0
Trd, 000264.817, 141
Trd, 000265.383, 144
Trd, 000265.500, 141
Trd, 000265.800, 137
Trd, 000266.033, 142
Trd, 000266.350, 141.0
Trd, 000267.133, 149
Trd, 000267.650, 151
Trd, 000268.033, 155.0
Trd, 000268.050, 158
Trd, 000268.483, 174.0
Trd, 000268.917, 175.0
Trd, 000269.850, 172.0
Trd, 000270.333, 157.0
Trd, 000270.633, 152.0
Trd, 000270.900, 151.0
Trd, 000271.183, 146
Trd, 000271.550, 154
Trd, 000271.583, 149
Trd, 000271.750, 141.0
Trd, 000272.150, 141
Trd, 000272.283, 140
Trd, 000272.317, 152
Trd, 000272.733, 165
Trd, 000272.983, 153
Trd, 000273.350, 155
Trd, 000274.617, 155
Trd, 000274.883, 161
Trd, 000275.850, 147
Trd, 000275.950, 145
Trd, 000276.367, 156
Trd, 000276.933, 157
Trd, 000277.200, 135
Trd, 000277.617, 144
Trd, 000277.733, 133
Trd, 000277.767, 131
Trd, 000278.150, 144.0
Trd, 000278.667, 153
Trd, 000279.117, 152
Trd, 000280.650, 151
Trd, 000280.817, 153
Trd, 000281.000, 142
Trd, 000281.750, 149
Trd, 000281.850, 157
Trd, 000282.100, 149
Trd, 000282.117, 158
Trd, 000282.217, 167
Trd, 000282.983, 149
Trd, 000283.133, 149
Trd, 000283.150, 148
Trd, 000283.183, 146
Trd, 000283.367, 142
Trd, 000283.483, 153
Trd, 000284.133, 154
Trd, 000284.633, 155
Trd, 000285.317, 159
Trd, 000286.417, 158
Trd, 000286.800, 158.0
Trd, 000287.517, 152
Trd, 000287.550, 160
Trd, 000287.767, 167
Trd, 000288.583, 158
Trd, 000288.983, 151
Trd, 000289.233, 152.0
Trd, 000289.517, 147
Trd, 000290.183, 145
Trd, 000290.233, 146
Trd, 000291.517, 144.0
Trd, 000291.533, 145
Trd, 000291.717, 144
Trd, 000291.983, 147
Trd, 000292.083, 142
Trd, 000292.433, 144.0
Trd, 000292.533, 148
Trd, 000293.133, 141
Trd, 000293.183, 137
Trd, 000294.367, 142
Trd, 000295.083, 141
Trd, 000295.467, 143
Trd, 000296.117, 142.0
Trd, 000296.350, 142
Trd, 000296.833, 142
Trd, 000297.217, 144
Trd, 000297.283, 141.0
Trd, 000297.617, 144
Trd, 000297.783, 135
Trd, 000298.183, 141
Trd, 000298.783, 135
Trd, 000298.883, 137
Trd, 000299.233, 138
Trd, 000299.250, 133
Trd, 000299.267, 123
Trd, 000299.417, 141
Trd, 000299.767, 144.0
