Trd, 000001.250, 124
Trd, 000003.150, 144
Trd, 000003.500, 152
Trd, 000003.617, 144
Trd, 000003.817, 153.0
Trd, 000004.100, 150
Trd, 000005.150, 143
Trd, 000005.867, 142
Trd, 000006.017, 141
Trd, 000006.050, 153.0
Trd, 000007.483, 148
Trd, 000008.517, 144
Trd, 000008.617, 147
Trd, 000008.750, 145
Trd, 000009.550, 143
Trd, 000009.683, 147
Trd, 000009.717, 151
Trd, 000010.783, 144.0
Trd, 000011.383, 153.0
Trd, 000012.200, 147
Trd, 000012.917, 155.0
Trd, 000013.367, 150
Trd, 000014.017, 148
Trd, 000014.683, 145
Trd, 000014.950, 150
Trd, 000015.267, 152
Trd, 000015.583, 145
Trd, 000015.633, 162.0
Trd, 000016.467, 146
Trd, 000016.800, 179.0
Trd, 000017.650, 155
Trd, 000019.033, 155
Trd, 000019.367, 154
Trd, 000019.550, 153
Trd, 000021.517, 152
Trd, 000021.767, 153
Trd, 000021.817, 151
Trd, 000022.800, 150
Trd, 000023.867, 152
Trd, 000024.133, 151
Trd, 000024.467, 151
Trd, 000024.533, 149
Trd, 000025.433, 148
Trd, 000026.267, 150
Trd, 000027.483, 148
Trd, 000027.783, 148
Trd, 000028.200, 147
Trd, 000028.383, 148
Trd, 000029.133, 148
Trd, 000029.250, 142
Trd, 000030.000, 149
Trd, 000031.050, 151
Trd, 000032.250, 146
Trd, 000032.700, 145
Trd, 000032.917, 146
Trd, 000033.983, 146
Trd, 000034.100, 150
Trd, 000035.250, 150
Trd, 000035.450, 151
Trd, 000035.617, 155.0
Trd, 000036.550, 172.0
Trd, 000036.817, 153
Trd, 000038.533, 161
Trd, 000038.550, 173.0
Trd, 000038.750, 155
Trd, 000039.133, 155
Trd, 000039.417, 159
Trd, 000039.983, 158
Trd, 000041.667, 155
Trd, 000041.950, 155
Trd, 000042.967, 156
Trd, 000043.517, 154
Trd, 000044.183, 141
Trd, 000044.233, 142
Trd, 000044.367, 133
Trd, 000045.367, 144.0
Trd, 000045.450, 143
Trd, 000045.900, 144
Trd, 000045.917, 145
Trd, 000046.633, 144
Trd, 000047.183, 151
Trd, 000047.700, 144
Trd, 000048.983, 151
Trd, 000049.200, 150
Trd, 000049.533, 150
Trd, 000050.050, 151
Trd, 000050.483, 151
Trd, 000051.483, 151
Trd, 000051.850, 150
Trd, 000052.067, 162.0
Trd, 000052.517, 150
Trd, 000052.800, 173
Trd, 000052.967, 177.0
Trd, 000053.283, 172.0
Trd, 000054.750, 143.0
Trd, 000055.000, 144.0
Trd, 000055.050, 141
Trd, 000056.000, 153
Trd, 000056.600, 150
Trd, 000057.767, 153
Trd, 000058.183, 153
Trd, 000058.217, 151
Trd, 000058.583, 140
Trd, 000059.567, 152
Trd, 000060.483, 151
Trd, 000061.050, 149
Trd, 000061.217, 149
Trd, 000062.600, 148
Trd, 000062.617, 151
Trd, 000062.633, 162.0
Trd, 000063.717, 155
Trd, 000064.200, 157
Trd, 000064.450, 156
Trd, 000064.783, 167
Trd, 000064.983, 159
Trd, 000066.283, 161
Trd, 000067.000, 157
Trd, 000067.083, 169
Trd, 000067.267, 157
Trd, 000069.050, 148
Trd, 000069.150, 137.0
Trd, 000069.633, 144
Trd, 000069.950, 150
Trd, 000070.100, 151
Trd, 000071.150, 141
Trd, 000071.667, 150
Trd, 000072.250, 150
Trd, 000072.450, 151
Trd, 000074.117, 143
Trd, 000074.233, 144.0
Trd, 000074.417, 155.0
Trd, 000075.600, 162.0
Trd, 000075.883, 179.0
Trd, 000076.283, 156
Trd, 000077.000, 167
Trd, 000077.617, 172.0
Trd, 000078.867, 167
Trd, 000079.167, 161
Trd, 000079.750, 161
Trd, 000080.317, 160
Trd, 000080.367, 162
Trd, 000080.933, 160
Trd, 000081.133, 161.0
Trd, 000081.200, 159
Trd, 000081.617, 162
Trd, 000081.767, 165
Trd, 000082.117, 142
Trd, 000083.417, 161
Trd, 000084.067, 162.0
Trd, 000084.317, 158
Trd, 000084.333, 157
Trd, 000084.617, 155
Trd, 000085.067, 154
Trd, 000085.900, 154
Trd, 000088.167, 146
Trd, 000088.617, 140
Trd, 000088.633, 142.0
Trd, 000089.583, 144
Trd, 000089.600, 144.0
Trd, 000090.317, 145
Trd, 000090.517, 146
Trd, 000091.317, 144
Trd, 000092.217, 144
Trd, 000092.483, 144
Trd, 000092.767, 143
Trd, 000093.817, 144
Trd, 000093.933, 146
Trd, 000094.000, 140
Trd, 000094.383, 150
Trd, 000095.750, 150
Trd, 000095.767, 151
Trd, 000096.367, 140
Trd, 000096.767, 155.0
Trd, 000097.650, 153
Trd, 000097.833, 153
Trd, 000098.450, 154
Trd, 000099.033, 153
Trd, 000099.483, 155.0
Trd, 000100.383, 152
Trd, 000100.617, 154
Trd, 000100.850, 153
Trd, 000101.267, 161.0
Trd, 000101.517, 152
Trd, 000102.800, 156
Trd, 000103.917, 144.0
Trd, 000105.183, 152
Trd, 000105.217, 153
Trd, 000105.717, 152
Trd, 000105.767, 153
Trd, 000106.500, 162.0
Trd, 000106.850, 172.0
Trd, 000107.233, 164
Trd, 000107.483, 167
Trd, 000108.083, 161
Trd, 000108.633, 167
Trd, 000109.467, 165
Trd, 000109.583, 164
Trd, 000110.183, 165
Trd, 000110.300, 163
Trd, 000110.950, 170
Trd, 000111.300, 160
Trd, 000111.800, 169
Trd, 000112.017, 169
Trd, 000113.150, 163
Trd, 000114.383, 164
Trd, 000115.183, 149
Trd, 000115.533, 153
Trd, 000116.233, 141
Trd, 000116.467, 152
Trd, 000116.550, 153
Trd, 000118.983, 142.0
Trd, 000119.033, 144.0
Trd, 000119.300, 144
Trd, 000119.383, 146
Trd, 000119.650, 149
Trd, 000120.400, 151
Trd, 000120.850, 146
Trd, 000121.017, 146
Trd, 000121.133, 145
Trd, 000121.400, 146
Trd, 000122.000, 147
Trd, 000122.267, 140
Trd, 000123.667, 154
Trd, 000124.300, 152
Trd, 000124.350, 151
Trd, 000124.783, 175.0
Trd, 000124.900, 154
Trd, 000125.867, 172.0
Trd, 000127.200, 154
Trd, 000127.767, 145
Trd, 000127.950, 153
Trd, 000128.400, 141
Trd, 000128.767, 144.0
Trd, 000129.133, 144
Trd, 000129.233, 145
Trd, 000129.467, 155.0
Trd, 000129.783, 169
Trd, 000130.050, 146
Trd, 000130.817, 159
Trd, 000132.750, 152
Trd, 000134.183, 151
Trd, 000135.033, 149
Trd, 000135.150, 150
Trd, 000135.550, 150
Trd, 000135.650, 151
Trd, 000135.800, 151
Trd, 000135.817, 150
Trd, 000135.917, 154
Trd, 000136.550, 153
Trd, 000137.217, 153
Trd, 000137.233, 155.0
Trd, 000138.067, 161.0
Trd, 000138.933, 158
Trd, 000139.833, 154
Trd, 000140.383, 154
Trd, 000141.167, 158
Trd, 000141.417, 151
Trd, 000141.883, 144
Trd, 000142.517, 155
Trd, 000142.683, 140
Trd, 000144.683, 152
Trd, 000144.733, 152
Trd, 000145.550, 151
Trd, 000145.883, 144
Trd, 000146.333, 143
Trd, 000146.633, 151
Trd, 000149.617, 144.0
Trd, 000149.783, 147
Trd, 000150.550, 149
Trd, 000150.950, 147
Trd, 000151.283, 152
Trd, 000151.567, 148
Trd, 000151.583, 161.0
Trd, 000152.283, 155
Trd, 000152.700, 146
Trd, 000152.933, 162.0
Trd, 000153.417, 144
Trd, 000154.217, 148
Trd, 000154.500, 151
Trd, 000155.200, 141
Trd, 000155.500, 149
Trd, 000156.400, 150
Trd, 000156.650, 151
Trd, 000157.900, 151
Trd, 000157.950, 142
Trd, 000158.833, 141
Trd, 000159.583, 153
Trd, 000159.867, 149
Trd, 000160.417, 154
Trd, 000160.800, 176.0
Trd, 000161.733, 150
Trd, 000162.300, 154
Trd, 000163.183, 154
Trd, 000163.233, 158
Trd, 000163.383, 162.0
Trd, 000164.150, 172.0
Trd, 000164.633, 160
Trd, 000165.017, 161
Trd, 000165.817, 160
Trd, 000166.350, 159
Trd, 000167.300, 158
Trd, 000167.400, 137.0
Trd, 000167.417, 160
Trd, 000167.500, 160
Trd, 000168.267, 159.0
Trd, 000169.467, 157
Trd, 000170.617, 155
Trd, 000171.200, 155
Trd, 000171.317, 154
Trd, 000172.217, 157
Trd, 000172.733, 154
Trd, 000173.683, 154
Trd, 000173.883, 155
Trd, 000175.100, 154
Trd, 000175.133, 153
Trd, 000175.733, 153
Trd, 000175.833, 155.0
Trd, 000176.400, 153
Trd, 000176.483, 152
Trd, 000176.617, 162.0
Trd, 000176.650, 150
Trd, 000177.850, 173.0
Trd, 000178.967, 172.0
Trd, 000179.067, 178.0
Trd, 000179.217, 168
Trd, 000180.050, 156
Trd, 000180.217, 137.0
Trd, 000181.433, 158
Trd, 000182.350, 158
Trd, 000182.783, 155
Trd, 000183.083, 154
Trd, 000183.467, 155
Trd, 000183.867, 138
Trd, 000184.100, 150
Trd, 000184.683, 151
Trd, 000185.500, 150
Trd, 000185.733, 150
Trd, 000186.817, 144.0
Trd, 000187.300, 142
Trd, 000187.917, 147
Trd, 000188.100, 154.0
Trd, 000188.400, 155.0
Trd, 000188.567, 162.0
Trd, 000189.300, 152
Trd, 000189.650, 147
Trd, 000190.217, 144.0
Trd, 000190.450, 151
Trd, 000191.317, 149
Trd, 000192.133, 142.0
Trd, 000192.583, 143.0
Trd, 000192.650, 144.0
Trd, 000193.450, 142.0
Trd, 000193.650, 144
Trd, 000193.917, 142
Trd, 000194.617, 151
Trd, 000195.300, 150
Trd, 000195.317, 147
Trd, 000196.900, 149
Trd, 000197.283, 150
Trd, 000197.400, 151
Trd, 000198.417, 150
Trd, 000198.983, 151
Trd, 000199.533, 151
Trd, 000200.133, 152
Trd, 000200.733, 150
Trd, 000201.133, 147
Trd, 000201.983, 150
Trd, 000202.517, 149
Trd, 000203.683, 150
Trd, 000203.933, 151
Trd, 000203.967, 150
Trd, 000204.517, 151
Trd, 000204.583, 149
Trd, 000205.967, 143
Trd, 000207.100, 148
Trd, 000207.333, 151.0
Trd, 000207.367, 151
Trd, 000208.450, 150
Trd, 000209.350, 149
Trd, 000209.633, 148
Trd, 000210.883, 149
Trd, 000211.100, 150
Trd, 000211.617, 151
Trd, 000211.700, 150
Trd, 000211.800, 147
Trd, 000213.067, 149
Trd, 000214.767, 144
Trd, 000214.817, 147
Trd, 000215.017, 147
Trd, 000215.267, 149
Trd, 000215.567, 150
Trd, 000215.933, 146
Trd, 000216.717, 147
Trd, 000218.033, 148
Trd, 000218.467, 146
Trd, 000219.183, 148
Trd, 000219.267, 146
Trd, 000219.283, 151
Trd, 000219.417, 140
Trd, 000220.017, 155.0
Trd, 000221.183, 141
Trd, 000222.250, 142.0
Trd, 000222.833, 144.0
Trd, 000224.517, 144
Trd, 000225.117, 143
Trd, 000225.733, 142
Trd, 000226.383, 144.0
Trd, 000226.650, 141
Trd, 000226.683, 151
Trd, 000226.700, 155.0
Trd, 000226.983, 162.0
Trd, 000227.133, 179.0
Trd, 000227.600, 165
Trd, 000227.917, 167
Trd, 000228.400, 166
Trd, 000228.667, 169
Trd, 000230.483, 164
Trd, 000230.817, 165
Trd, 000230.833, 140
Trd, 000231.583, 155
Trd, 000232.300, 156
Trd, 000232.983, 140.0
Trd, 000233.167, 144.0
Trd, 000233.667, 145
Trd, 000234.550, 150
Trd, 000234.650, 149
Trd, 000235.983, 149
Trd, 000236.283, 151
Trd, 000236.583, 147
Trd, 000237.767, 148
Trd, 000238.267, 147
Trd, 000239.417, 148
Trd, 000239.717, 145
Trd, 000239.817, 150
Trd, 000240.650, 145
Trd, 000240.700, 144
Trd, 000241.250, 145
Trd, 000241.433, 146
Trd, 000241.467, 151
Trd, 000242.050, 160.0
Trd, 000242.500, 150
Trd, 000242.967, 148
Trd, 000243.417, 150
Trd, 000243.433, 148
Trd, 000243.617, 145
Trd, 000244.183, 144.0
Trd, 000245.250, 146
Trd, 000245.383, 149
Trd, 000245.500, 145
Trd, 000246.300, 145
Trd, 000247.117, 147
Trd, 000247.183, 150
Trd, 000247.517, 144
Trd, 000248.150, 144.0
Trd, 000248.500, 150
Trd, 000248.783, 142
Trd, 000250.700, 148
Trd, 000250.933, 147
Trd, 000250.950, 147
Trd, 000251.850, 150
Trd, 000252.100, 149
Trd, 000252.133, 148
Trd, 000252.450, 149
Trd, 000252.500, 151
Trd, 000253.017, 149
Trd, 000253.033, 146
Trd, 000255.067, 153.0
Trd, 000255.433, 147
Trd, 000256.667, 149
Trd, 000256.867, 151
Trd, 000257.183, 148
Trd, 000258.217, 150
Trd, 000259.050, 149
Trd, 000259.150, 150
Trd, 000259.200, 151
Trd, 000259.800, 148
Trd, 000259.833, 157.0
Trd, 000260.917, 148
Trd, 000261.267, 140
Trd, 000261.333, 144.0
Trd, 000261.783, 142
Trd, 000262.100, 139.0
Trd, 000262.750, 138.0
Trd, 000262.950, 141
Trd, 000263.950, 146
Trd, 000264.000, 142
Trd, 000265.133, 146
Trd, 000265.517, 138
Trd, 000266.150, 141
Trd, 000266.333, 144
Trd, 000266.533, 142
Trd, 000266.600, 141
Trd, 000266.983, 142
Trd, 000267.233, 141
Trd, 000267.650, 142
Trd, 000267.767, 143
Trd, 000268.267, 145
Trd, 000268.600, 142
Trd, 000269.083, 148
Trd, 000269.833, 151
Trd, 000270.033, 155.0
Trd, 000270.333, 147
Trd, 000270.883, 157.0
Trd, 000271.917, 147
Trd, 000272.267, 152
Trd, 000273.217, 149
Trd, 000273.783, 153
Trd, 000273.800, 152.0
Trd, 000273.817, 154
Trd, 000273.950, 151.0
Trd, 000274.417, 151
Trd, 000275.583, 151
Trd, 000275.617, 155.0
Trd, 000275.933, 150
Trd, 000276.200, 162.0
Trd, 000277.583, 151
Trd, 000278.050, 154
Trd, 000278.317, 156
Trd, 000278.700, 150
Trd, 000278.767, 155
Trd, 000279.017, 148
Trd, 000279.183, 164.0
Trd, 000279.633, 154
Trd, 000280.883, 154
Trd, 000281.550, 153
Trd, 000281.817, 156
Trd, 000282.267, 165.0
Trd, 000282.383, 161
Trd, 000282.900, 159
Trd, 000283.167, 157
Trd, 000283.283, 156
Trd, 000283.717, 152
Trd, 000284.500, 144.0
Trd, 000284.667, 140
Trd, 000284.800, 145
Trd, 000285.433, 146
Trd, 000285.917, 137.0
Trd, 000286.217, 146
Trd, 000286.650, 146
Trd, 000286.733, 147
Trd, 000286.950, 153
Trd, 000286.983, 155.0
Trd, 000287.767, 148
Trd, 000288.017, 151
Trd, 000288.967, 138
Trd, 000289.383, 135
Trd, 000289.750, 145
Trd, 000290.550, 146
Trd, 000290.733, 146
Trd, 000291.583, 143
Trd, 000291.817, 144.0
Trd, 000292.467, 145
Trd, 000293.367, 151
Trd, 000293.433, 150
Trd, 000293.783, 147
Trd, 000294.233, 145
Trd, 000295.083, 152.0
Trd, 000295.417, 154
Trd, 000295.483, 151.0
Trd, 000295.617, 151
Trd, 000295.717, 141
Trd, 000295.750, 165.0
Trd, 000295.933, 167.0
Trd, 000296.567, 137.0
Trd, 000298.200, 150
Trd, 000299.250, 146
Trd, 000299.400, 145
Trd, 000299.450, 151
Trd, 000299.767, 151
