Trd, 000001.433, 159
Trd, 000003.300, 141
Trd, 000004.100, 143.0
Trd, 000004.200, 143.0
Trd, 000004.233, 143.0
Trd, 000004.700, 135.0
Trd, 000005.083, 142
Trd, 000005.150, 134.0
Trd, 000005.333, 131.0
Trd, 000005.583, 144.0
Trd, 000006.083, 137
Trd, 000008.100, 142
Trd, 000008.583, 148.0
Trd, 000010.900, 151
Trd, 000011.033, 151
Trd, 000011.067, 150
Trd, 000011.383, 150
Trd, 000011.533, 149
Trd, 000011.950, 149.0
Trd, 000012.417, 160
Trd, 000013.183, 150.0
Trd, 000013.917, 149
Trd, 000015.083, 154
Trd, 000015.200, 152
Trd, 000015.933, 152
Trd, 000016.717, 153
Trd, 000017.633, 151.0
Trd, 000018.367, 153
Trd, 000018.567, 151
Trd, 000018.767, 150
Trd, 000019.217, 151
Trd, 000019.617, 165.0
Trd, 000020.967, 151.0
Trd, 000021.117, 148.0
Trd, 000021.400, 155
Trd, 000022.633, 155
Trd, 000022.667, 154
Trd, 000022.967, 155
Trd, 000023.067, 155
Trd, 000023.550, 149
Trd, 000024.267, 151
Trd, 000025.083, 153.0
Trd, 000025.600, 152.0
Trd, 000026.567, 153
Trd, 000027.683, 151
Trd, 000028.050, 150
Trd, 000029.683, 152
Trd, 000029.750, 151
Trd, 000030.317, 151
Trd, 000030.367, 148.0
Trd, 000030.517, 153
Trd, 000031.067, 150
Trd, 000031.683, 149
Trd, 000032.400, 151
Trd, 000033.083, 151
Trd, 000033.433, 150
Trd, 000033.600, 151
Trd, 000034.067, 149
Trd, 000034.800, 147
Trd, 000036.450, 148
Trd, 000037.750, 148
Trd, 000037.850, 148.0
Trd, 000037.883, 141
Trd, 000038.167, 140
Trd, 000038.583, 165.0
Trd, 000040.650, 150.0
Trd, 000041.283, 154
Trd, 000041.417, 155
Trd, 000041.467, 154
Trd, 000042.133, 152
Trd, 000043.050, 152
Trd, 000043.983, 151.0
Trd, 000044.650, 154
Trd, 000045.317, 153
Trd, 000045.583, 154
Trd, 000046.250, 153
Trd, 000047.083, 154
Trd, 000048.517, 155
Trd, 000048.600, 155
Trd, 000048.650, 153
Trd, 000049.867, 169.0
Trd, 000051.667, 159
Trd, 000051.850, 159
Trd, 000052.017, 160
Trd, 000052.267, 158
Trd, 000052.667, 151.0
Trd, 000052.783, 148.0
Trd, 000053.233, 153
Trd, 000054.067, 152
Trd, 000054.183, 152
Trd, 000054.400, 151.0
Trd, 000055.000, 154
Trd, 000055.733, 151.0
Trd, 000056.917, 152.0
Trd, 000057.217, 151.0
Trd, 000057.617, 148.0
Trd, 000058.167, 151
Trd, 000058.917, 151
Trd, 000059.467, 150
Trd, 000059.933, 151
Trd, 000060.033, 149
Trd, 000060.050, 149
Trd, 000061.450, 161
Trd, 000062.250, 156
Trd, 000062.600, 157
Trd, 000063.150, 157
Trd, 000063.300, 155
Trd, 000063.367, 153
Trd, 000065.550, 154
Trd, 000065.683, 155
Trd, 000067.367, 157
Trd, 000067.483, 157
Trd, 000068.317, 156
Trd, 000069.100, 151.0
Trd, 000069.267, 158
Trd, 000070.267, 155
Trd, 000070.733, 158
Trd, 000070.767, 158
Trd, 000072.217, 159
Trd, 000072.567, 158
Trd, 000073.417, 158
Trd, 000073.983, 150.0
Trd, 000075.133, 153
Trd, 000075.250, 154
Trd, 000075.400, 158
Trd, 000076.317, 141
Trd, 000076.683, 148.0
Trd, 000077.483, 151
Trd, 000078.017, 150
Trd, 000078.650, 152
Trd, 000078.700, 152
Trd, 000079.650, 154
Trd, 000079.917, 170.0
Trd, 000080.750, 155
Trd, 000081.000, 153
Trd, 000081.650, 154
Trd, 000082.967, 151.0
Trd, 000083.050, 156
Trd, 000085.400, 156
Trd, 000085.467, 156
Trd, 000086.083, 157
Trd, 000086.667, 155
Trd, 000086.850, 164.0
Trd, 000087.467, 155
Trd, 000088.667, 154
Trd, 000088.733, 154
Trd, 000089.333, 156
Trd, 000089.767, 157
Trd, 000090.483, 154
Trd, 000091.950, 155.0
Trd, 000092.333, 155
Trd, 000092.700, 151.0
Trd, 000095.150, 151
Trd, 000095.233, 152
Trd, 000095.417, 151
Trd, 000095.583, 150
Trd, 000096.017, 150
Trd, 000096.633, 151
Trd, 000097.033, 149
Trd, 000098.700, 151.0
Trd, 000098.883, 151.0
Trd, 000099.233, 151
Trd, 000099.650, 152
Trd, 000101.667, 151
Trd, 000101.800, 150
Trd, 000104.000, 149
Trd, 000104.233, 150
Trd, 000104.250, 152
Trd, 000104.450, 153
Trd, 000104.483, 148.0
Trd, 000105.000, 147.0
Trd, 000105.100, 146
Trd, 000107.133, 142
Trd, 000107.550, 143
Trd, 000108.783, 147.0
Trd, 000108.867, 146
Trd, 000109.300, 145
Trd, 000109.650, 145
Trd, 000110.433, 146
Trd, 000111.367, 147
Trd, 000112.267, 148.0
Trd, 000112.783, 148
Trd, 000113.283, 149
Trd, 000113.350, 147
Trd, 000113.500, 148
Trd, 000115.517, 144.0
Trd, 000115.733, 140
Trd, 000116.700, 144.0
Trd, 000116.767, 144
Trd, 000117.350, 143
Trd, 000117.483, 143
Trd, 000117.717, 144
Trd, 000120.083, 144
Trd, 000120.417, 145
Trd, 000120.667, 144
Trd, 000120.800, 144
Trd, 000120.933, 165.0
Trd, 000121.400, 148.0
Trd, 000121.767, 150
Trd, 000121.817, 150
Trd, 000122.450, 150
Trd, 000122.800, 151
Trd, 000122.983, 150
Trd, 000124.617, 139
Trd, 000124.683, 139
Trd, 000124.833, 140
Trd, 000125.100, 138
Trd, 000125.583, 148
Trd, 000126.500, 167.0
Trd, 000127.033, 148
Trd, 000128.367, 148.0
Trd, 000129.233, 147
Trd, 000130.133, 148
Trd, 000130.617, 146
Trd, 000130.867, 147
Trd, 000131.300, 147
Trd, 000131.367, 146
Trd, 000132.567, 140
Trd, 000133.533, 142
Trd, 000134.750, 163.0
Trd, 000134.800, 164.0
Trd, 000136.300, 160
Trd, 000136.667, 160
Trd, 000137.217, 160
Trd, 000138.000, 161
Trd, 000138.150, 160
Trd, 000138.800, 159
Trd, 000138.967, 151.0
Trd, 000140.050, 160
Trd, 000141.017, 157
Trd, 000141.683, 159
Trd, 000141.783, 158
Trd, 000141.917, 157
Trd, 000142.933, 159
Trd, 000143.417, 158
Trd, 000143.567, 157
Trd, 000143.750, 148.0
Trd, 000143.967, 157
Trd, 000145.650, 158
Trd, 000146.000, 151.0
Trd, 000147.350, 156
Trd, 000147.383, 155
Trd, 000149.367, 156
Trd, 000149.800, 155
Trd, 000150.000, 154
Trd, 000150.200, 161.0
Trd, 000150.783, 154
Trd, 000151.317, 152
Trd, 000151.383, 161.0
Trd, 000151.617, 152.0
Trd, 000152.650, 155.0
Trd, 000153.417, 155.0
Trd, 000155.617, 156
Trd, 000156.433, 157
Trd, 000156.533, 154
Trd, 000157.167, 154
Trd, 000157.217, 153
Trd, 000158.200, 153
Trd, 000159.017, 153.0
Trd, 000159.433, 154
Trd, 000160.117, 154
Trd, 000160.467, 154
Trd, 000161.517, 155
Trd, 000162.050, 154
Trd, 000162.567, 153
Trd, 000163.883, 153
Trd, 000164.217, 151.0
Trd, 000164.767, 153
Trd, 000164.800, 151
Trd, 000165.300, 161
Trd, 000166.200, 164
Trd, 000166.233, 157
Trd, 000166.883, 159
Trd, 000167.283, 158
Trd, 000167.517, 161
Trd, 000168.067, 157
Trd, 000169.217, 158
Trd, 000170.000, 159
Trd, 000170.167, 157
Trd, 000170.617, 157
Trd, 000171.267, 155
Trd, 000172.017, 138
Trd, 000172.317, 148.0
Trd, 000173.050, 154
Trd, 000174.533, 150
Trd, 000174.917, 150
Trd, 000175.150, 151
Trd, 000175.850, 151
Trd, 000176.033, 150
Trd, 000176.117, 151
Trd, 000177.050, 151
Trd, 000177.600, 152
Trd, 000178.367, 151
Trd, 000179.200, 149.0
Trd, 000179.583, 148.0
Trd, 000179.650, 148
Trd, 000179.883, 148
Trd, 000180.183, 147
Trd, 000180.200, 148
Trd, 000181.017, 145
Trd, 000181.183, 146
Trd, 000182.617, 141
Trd, 000184.350, 146
Trd, 000184.433, 148.0
Trd, 000185.150, 165.0
Trd, 000185.283, 151
Trd, 000186.467, 151
Trd, 000186.600, 149
Trd, 000186.967, 151
Trd, 000187.067, 148
Trd, 000187.700, 149.0
Trd, 000188.317, 149
Trd, 000188.433, 148
Trd, 000188.917, 148
Trd, 000189.283, 148.0
Trd, 000190.100, 147
Trd, 000191.250, 148
Trd, 000192.033, 148
Trd, 000192.117, 134.0
Trd, 000192.650, 148
Trd, 000193.900, 143
Trd, 000194.967, 142
Trd, 000195.317, 143
Trd, 000195.650, 144.0
Trd, 000196.767, 146
Trd, 000197.517, 147.0
Trd, 000198.133, 147
Trd, 000199.083, 147.0
Trd, 000199.950, 146
Trd, 000200.333, 148.0
Trd, 000200.400, 148
Trd, 000201.150, 148.0
Trd, 000201.700, 148.0
Trd, 000201.783, 145
Trd, 000202.200, 146
Trd, 000202.450, 168.0
Trd, 000203.317, 153
Trd, 000204.900, 153
Trd, 000206.000, 155
Trd, 000206.133, 155
Trd, 000207.133, 152
Trd, 000207.267, 149.0
Trd, 000208.250, 148.0
Trd, 000208.450, 151
Trd, 000208.800, 150
Trd, 000209.083, 150
Trd, 000209.533, 150
Trd, 000210.167, 150
Trd, 000210.383, 150
Trd, 000211.900, 162.0
Trd, 000212.567, 154
Trd, 000212.633, 151.0
Trd, 000212.933, 153
Trd, 000213.100, 165.0
Trd, 000213.150, 134.0
Trd, 000214.217, 148.0
Trd, 000215.733, 149
Trd, 000216.050, 149
Trd, 000216.683, 150
Trd, 000217.467, 151
Trd, 000217.833, 152
Trd, 000217.867, 152
Trd, 000218.400, 151
Trd, 000219.100, 151
Trd, 000220.133, 152
Trd, 000220.650, 152
Trd, 000221.067, 152
Trd, 000222.033, 151
Trd, 000222.350, 152
Trd, 000223.400, 151
Trd, 000223.867, 152
Trd, 000224.483, 152
Trd, 000224.833, 153
Trd, 000225.133, 153
Trd, 000225.317, 151
Trd, 000226.533, 152.0
Trd, 000226.783, 151.0
Trd, 000226.967, 150
Trd, 000227.183, 151
Trd, 000227.367, 148.0
Trd, 000227.467, 165.0
Trd, 000227.633, 155
Trd, 000228.833, 150
Trd, 000229.567, 153
Trd, 000229.683, 152
Trd, 000230.300, 153
Trd, 000230.333, 152
Trd, 000230.633, 156
Trd, 000232.050, 147
Trd, 000233.583, 147
Trd, 000233.867, 139
Trd, 000234.450, 144
Trd, 000235.733, 147
Trd, 000236.233, 148.0
Trd, 000236.750, 147
Trd, 000237.600, 148
Trd, 000237.683, 157
Trd, 000238.617, 157
Trd, 000238.683, 149
Trd, 000239.317, 148
Trd, 000240.083, 149
Trd, 000240.850, 150
Trd, 000241.017, 151
Trd, 000241.117, 151.0
Trd, 000241.150, 152
Trd, 000241.467, 152
Trd, 000241.583, 152
Trd, 000241.800, 153
Trd, 000242.217, 150
Trd, 000243.017, 153.0
Trd, 000243.100, 154.0
Trd, 000243.400, 155.0
Trd, 000244.217, 159.0
Trd, 000244.517, 157
Trd, 000245.017, 158.0
Trd, 000245.233, 158.0
Trd, 000245.483, 159.0
Trd, 000245.583, 159
Trd, 000245.883, 158
Trd, 000246.783, 160
Trd, 000246.933, 159
Trd, 000247.933, 158
Trd, 000248.500, 159
Trd, 000248.567, 158.0
Trd, 000248.650, 161
Trd, 000248.750, 156
Trd, 000249.050, 151.0
Trd, 000250.417, 156.0
Trd, 000250.450, 155
Trd, 000250.717, 156
Trd, 000251.000, 156
Trd, 000251.100, 156.0
Trd, 000251.833, 155.0
Trd, 000252.517, 156.0
Trd, 000252.667, 157.0
Trd, 000253.183, 157
Trd, 000253.650, 156
Trd, 000254.450, 154
Trd, 000254.600, 155
Trd, 000254.717, 156
Trd, 000255.000, 154
Trd, 000255.300, 159.0
Trd, 000255.633, 162.0
Trd, 000256.167, 162.0
Trd, 000256.417, 159.0
Trd, 000256.783, 158.0
Trd, 000258.317, 151.0
Trd, 000259.317, 149
Trd, 000259.333, 148.0
Trd, 000260.150, 148
Trd, 000260.683, 146
Trd, 000260.717, 147
Trd, 000261.617, 146
Trd, 000261.933, 148.0
Trd, 000262.367, 148
Trd, 000262.383, 146.0
Trd, 000262.733, 150.0
Trd, 000263.383, 150.0
Trd, 000263.600, 151.0
Trd, 000263.833, 149.0
Trd, 000264.317, 150
Trd, 000264.333, 155.0
Trd, 000265.000, 165.0
Trd, 000265.067, 162.0
Trd, 000265.517, 157
Trd, 000265.650, 155
Trd, 000266.067, 149.0
Trd, 000266.633, 151.0
Trd, 000266.767, 155.0
Trd, 000266.900, 150.0
Trd, 000266.983, 151.0
Trd, 000267.367, 148.0
Trd, 000267.467, 162.0
Trd, 000268.450, 148.0
Trd, 000269.017, 148
Trd, 000269.133, 149
Trd, 000269.517, 149
Trd, 000269.767, 148
Trd, 000269.800, 147
Trd, 000270.100, 146
Trd, 000270.383, 148
Trd, 000271.450, 150
Trd, 000272.450, 152
Trd, 000273.183, 152.0
Trd, 000273.283, 153
Trd, 000274.000, 153
Trd, 000274.600, 151.0
Trd, 000274.900, 151
Trd, 000275.500, 153.0
Trd, 000275.750, 155.0
Trd, 000275.800, 151
Trd, 000276.117, 162.0
Trd, 000276.450, 155
Trd, 000277.150, 160.0
Trd, 000277.267, 158.0
Trd, 000277.483, 162.0
Trd, 000277.733, 163
Trd, 000277.867, 158.0
Trd, 000278.083, 164.0
Trd, 000279.383, 159
Trd, 000279.450, 158
Trd, 000279.683, 157
Trd, 000280.250, 164.0
Trd, 000280.983, 156
Trd, 000281.583, 162.0
Trd, 000282.433, 163
Trd, 000283.133, 162
Trd, 000283.250, 165.0
Trd, 000283.633, 163
Trd, 000284.000, 161
Trd, 000284.333, 159
Trd, 000284.800, 162.0
Trd, 000284.950, 158.0
Trd, 000285.067, 151.0
Trd, 000285.833, 152
Trd, 000286.000, 148.0
Trd, 000286.233, 147
Trd, 000287.167, 150.0
Trd, 000288.083, 155.0
Trd, 000288.100, 153
Trd, 000288.700, 152
Trd, 000288.717, 153
Trd, 000289.300, 154
Trd, 000289.883, 153
Trd, 000290.017, 153
Trd, 000290.200, 154
Trd, 000290.267, 151
Trd, 000290.817, 159.0
Trd, 000290.883, 158.0
Trd, 000291.833, 160.0
Trd, 000292.100, 162.0
Trd, 000293.900, 157
Trd, 000294.017, 155
Trd, 000295.217, 156
Trd, 000295.617, 158.0
Trd, 000295.917, 156
Trd, 000296.083, 155
Trd, 000296.450, 151.0
Trd, 000296.583, 159
Trd, 000296.767, 155.0
Trd, 000297.050, 148.0
Trd, 000297.217, 160
Trd, 000297.733, 134.0
Trd, 000297.850, 143.0
Trd, 000298.367, 144.0
Trd, 000298.667, 134.0
Trd, 000299.367, 142
