Trd, 000000.767, 134.0
Trd, 000002.133, 110.0
Trd, 000003.333, 164.0
Trd, 000003.850, 158
Trd, 000003.983, 151
Trd, 000004.150, 117.0
Trd, 000004.433, 125
Trd, 000004.450, 153
Trd, 000004.850, 129
Trd, 000007.067, 159
Trd, 000007.333, 150
Trd, 000007.883, 149
Trd, 000007.983, 159
Trd, 000008.033, 164.0
Trd, 000008.483, 165.0
Trd, 000009.317, 152.0
Trd, 000010.067, 151.0
Trd, 000010.633, 148.0
Trd, 000010.700, 159
Trd, 000011.033, 130
Trd, 000012.133, 131
Trd, 000012.150, 130
Trd, 000012.550, 162
Trd, 000012.750, 163
Trd, 000013.417, 147
Trd, 000013.633, 153
Trd, 000014.400, 150
Trd, 000014.550, 150
Trd, 000014.733, 138
Trd, 000016.700, 140
Trd, 000017.183, 150
Trd, 000018.167, 150
Trd, 000018.583, 148
Trd, 000018.650, 147
Trd, 000019.017, 150
Trd, 000019.667, 151
Trd, 000020.200, 158.0
Trd, 000020.533, 172
Trd, 000021.133, 152.0
Trd, 000021.150, 151.0
Trd, 000021.683, 164
Trd, 000021.867, 155
Trd, 000021.917, 155.0
Trd, 000022.017, 165.0
Trd, 000022.150, 151.0
Trd, 000022.183, 148.0
Trd, 000022.733, 155
Trd, 000023.200, 155.0
Trd, 000023.217, 171
Trd, 000024.200, 154
Trd, 000025.467, 153
Trd, 000025.633, 150
Trd, 000026.017, 148
Trd, 000027.150, 151.0
Trd, 000027.600, 151
Trd, 000027.933, 153
Trd, 000028.150, 155
Trd, 000029.250, 155.0
Trd, 000029.550, 154
Trd, 000029.850, 150.0
Trd, 000029.950, 158.0
Trd, 000030.167, 149.0
Trd, 000030.617, 169
Trd, 000030.867, 148.0
Trd, 000031.450, 132
Trd, 000032.033, 163
Trd, 000033.117, 162
Trd, 000033.250, 161
Trd, 000034.700, 158.0
Trd, 000034.933, 160
Trd, 000035.150, 156.0
Trd, 000035.517, 155.0
Trd, 000035.550, 157
Trd, 000035.633, 151.0
Trd, 000035.733, 148.0
Trd, 000036.600, 145
Trd, 000037.000, 158
Trd, 000037.267, 157.0
Trd, 000037.900, 156.0
Trd, 000038.350, 156.0
Trd, 000038.833, 155.0
Trd, 000039.017, 155.0
Trd, 000039.300, 151.0
Trd, 000039.967, 158.0
Trd, 000040.017, 159
Trd, 000040.433, 148.0
Trd, 000040.933, 153
Trd, 000041.850, 165.0
Trd, 000043.300, 148.0
Trd, 000043.783, 134.0
Trd, 000044.283, 135
Trd, 000044.783, 149
Trd, 000044.917, 142
Trd, 000045.000, 152
Trd, 000045.083, 135
Trd, 000045.883, 134
Trd, 000046.500, 134
Trd, 000047.300, 140
Trd, 000047.417, 134
Trd, 000047.767, 155.0
Trd, 000047.817, 165.0
Trd, 000047.967, 133
Trd, 000048.817, 146
Trd, 000049.167, 135
Trd, 000049.600, 148
Trd, 000049.983, 146
Trd, 000050.183, 153
Trd, 000050.267, 158.0
Trd, 000050.633, 145
Trd, 000051.983, 130
Trd, 000052.183, 155
Trd, 000052.667, 155
Trd, 000053.017, 143
Trd, 000053.233, 154
Trd, 000053.300, 127
Trd, 000053.800, 151
Trd, 000054.267, 163.0
Trd, 000054.367, 155.0
Trd, 000056.517, 171
Trd, 000056.600, 136
Trd, 000057.217, 153
Trd, 000057.283, 154
Trd, 000058.017, 152
Trd, 000058.483, 153
Trd, 000058.767, 152.0
Trd, 000059.033, 155.0
Trd, 000059.300, 151.0
Trd, 000059.417, 143
Trd, 000060.250, 156
Trd, 000060.283, 133
Trd, 000060.783, 133
Trd, 000061.217, 132
Trd, 000062.000, 152
Trd, 000062.267, 135
Trd, 000063.067, 135
Trd, 000063.267, 153
Trd, 000063.750, 153
Trd, 000063.950, 136
Trd, 000064.800, 136
Trd, 000064.950, 155.0
Trd, 000065.300, 156
Trd, 000065.983, 137
Trd, 000066.083, 136
Trd, 000066.450, 156
Trd, 000067.150, 153
Trd, 000067.950, 140
Trd, 000068.400, 155.0
Trd, 000069.150, 156
Trd, 000069.533, 158.0
Trd, 000070.450, 158
Trd, 000070.683, 149.0
Trd, 000071.533, 148.0
Trd, 000072.300, 155.0
Trd, 000072.433, 157
Trd, 000072.567, 158.0
Trd, 000072.867, 158
Trd, 000073.650, 158
Trd, 000073.833, 155
Trd, 000074.150, 159
Trd, 000074.867, 136
Trd, 000075.417, 165.0
Trd, 000076.133, 144
Trd, 000076.267, 148
Trd, 000076.317, 143
Trd, 000077.283, 152
Trd, 000077.783, 155.0
Trd, 000078.550, 157.0
Trd, 000078.567, 137
Trd, 000078.583, 134
Trd, 000079.300, 134
Trd, 000079.867, 158.0
Trd, 000081.633, 164.0
Trd, 000081.733, 165.0
Trd, 000081.967, 172
Trd, 000082.167, 148
Trd, 000082.400, 176
Trd, 000082.517, 145
Trd, 000083.317, 160
Trd, 000083.817, 170
Trd, 000084.733, 159
Trd, 000084.817, 155.0
Trd, 000085.800, 156
Trd, 000085.817, 151.0
Trd, 000086.000, 167
Trd, 000086.717, 164
Trd, 000086.967, 155
Trd, 000087.600, 151.0
Trd, 000088.167, 161
Trd, 000088.317, 148.0
Trd, 000088.350, 130
Trd, 000088.800, 161
Trd, 000088.917, 128
Trd, 000089.333, 158
Trd, 000089.800, 155.0
Trd, 000091.267, 156
Trd, 000092.100, 143
Trd, 000092.450, 156
Trd, 000093.150, 137
Trd, 000093.917, 139
Trd, 000094.567, 148
Trd, 000094.750, 149
Trd, 000094.867, 149
Trd, 000095.233, 151
Trd, 000095.317, 155.0
Trd, 000095.450, 147
Trd, 000095.983, 148
Trd, 000096.517, 158.0
Trd, 000096.533, 165.0
Trd, 000096.733, 155.0
Trd, 000096.933, 151.0
Trd, 000097.117, 174
Trd, 000097.433, 162
Trd, 000098.483, 148
Trd, 000098.550, 133
Trd, 000100.100, 132
Trd, 000100.267, 134.0
Trd, 000101.067, 133
Trd, 000101.200, 133
Trd, 000101.583, 136
Trd, 000102.567, 133
Trd, 000102.983, 134.0
Trd, 000103.050, 155.0
Trd, 000103.217, 158.0
Trd, 000103.350, 182.0
Trd, 000104.983, 164
Trd, 000105.100, 187.0
Trd, 000105.183, 186.0
Trd, 000105.933, 161
Trd, 000106.067, 175
Trd, 000106.850, 158.0
Trd, 000108.117, 158
Trd, 000108.300, 167
Trd, 000108.717, 155.0
Trd, 000108.850, 151.0
Trd, 000109.900, 149.0
Trd, 000110.167, 154
Trd, 000110.350, 155.0
Trd, 000112.183, 155
Trd, 000112.850, 155
Trd, 000113.183, 154.0
Trd, 000114.033, 155.0
Trd, 000114.333, 156.0
Trd, 000114.417, 157
Trd, 000114.533, 155.0
Trd, 000114.683, 151.0
Trd, 000114.717, 133
Trd, 000115.300, 157
Trd, 000115.783, 145
Trd, 000115.983, 130
Trd, 000116.350, 139
Trd, 000116.817, 146
Trd, 000117.400, 158.0
Trd, 000117.750, 132
Trd, 000118.933, 154
Trd, 000119.167, 153
Trd, 000119.417, 143
Trd, 000119.450, 158.0
Trd, 000120.233, 169
Trd, 000120.567, 139
Trd, 000121.683, 141
Trd, 000122.367, 155.0
Trd, 000122.633, 142
Trd, 000122.883, 159
Trd, 000123.400, 163
Trd, 000123.850, 164
Trd, 000124.567, 161.0
Trd, 000124.783, 165
Trd, 000125.017, 158.0
Trd, 000125.117, 151.0
Trd, 000125.433, 148
Trd, 000125.500, 147
Trd, 000127.050, 157
Trd, 000127.450, 151
Trd, 000128.800, 158
Trd, 000128.933, 159
Trd, 000129.067, 156
Trd, 000130.250, 155
Trd, 000131.350, 155.0
Trd, 000131.683, 155
Trd, 000131.733, 154
Trd, 000131.917, 153
Trd, 000132.783, 153
Trd, 000133.000, 156
Trd, 000133.250, 158.0
Trd, 000133.417, 153
Trd, 000133.817, 155
Trd, 000133.883, 148.0
Trd, 000135.167, 159
Trd, 000135.450, 155.0
Trd, 000135.700, 158
Trd, 000135.750, 159
Trd, 000136.383, 156
Trd, 000136.867, 142
Trd, 000137.833, 143
Trd, 000137.867, 152
Trd, 000138.000, 142
Trd, 000138.200, 153
Trd, 000138.217, 141
Trd, 000138.417, 155
Trd, 000140.483, 140
Trd, 000140.683, 154
Trd, 000141.033, 158
Trd, 000141.833, 149
Trd, 000141.933, 149.0
Trd, 000142.817, 155
Trd, 000143.350, 151
Trd, 000143.467, 148.0
Trd, 000143.617, 130
Trd, 000144.367, 137
Trd, 000144.467, 155
Trd, 000144.750, 136
Trd, 000145.133, 145
Trd, 000145.183, 155.0
Trd, 000145.600, 152
Trd, 000146.900, 152
Trd, 000148.033, 153
Trd, 000149.517, 142
Trd, 000149.633, 141
Trd, 000149.767, 138
Trd, 000150.800, 133
Trd, 000150.867, 149
Trd, 000150.950, 149
Trd, 000151.317, 155.0
Trd, 000152.783, 148.0
Trd, 000152.817, 148
Trd, 000152.917, 154
Trd, 000153.650, 152
Trd, 000153.850, 154
Trd, 000154.250, 152
Trd, 000154.450, 148
Trd, 000155.383, 153
Trd, 000155.533, 148
Trd, 000155.817, 146
Trd, 000156.650, 155
Trd, 000157.083, 156.0
Trd, 000157.783, 156
Trd, 000158.033, 155.0
Trd, 000158.617, 149.0
Trd, 000158.633, 155
Trd, 000158.933, 148.0
Trd, 000160.633, 148
Trd, 000160.667, 149
Trd, 000160.767, 135
Trd, 000161.250, 156
Trd, 000161.717, 138
Trd, 000162.050, 150
Trd, 000162.133, 152
Trd, 000163.383, 147
Trd, 000164.267, 145
Trd, 000164.417, 153
Trd, 000164.933, 146
Trd, 000165.017, 155.0
Trd, 000165.300, 145
Trd, 000165.317, 158.0
Trd, 000165.900, 147
Trd, 000167.350, 155.0
Trd, 000167.417, 156
Trd, 000167.467, 159
Trd, 000167.850, 148
Trd, 000168.583, 135
Trd, 000168.700, 134
Trd, 000169.783, 161.0
Trd, 000170.833, 135
Trd, 000170.967, 155
Trd, 000171.000, 157
Trd, 000171.517, 156
Trd, 000172.850, 155.0
Trd, 000173.033, 156
Trd, 000174.000, 154
Trd, 000174.100, 145
Trd, 000174.233, 133
Trd, 000174.467, 156
Trd, 000175.083, 132
Trd, 000175.667, 135
Trd, 000175.683, 151
Trd, 000175.700, 154
Trd, 000176.650, 133
Trd, 000177.533, 134.0
Trd, 000177.733, 133
Trd, 000178.350, 145
Trd, 000179.167, 147
Trd, 000179.317, 158.0
Trd, 000180.583, 132
Trd, 000180.833, 130
Trd, 000180.950, 140
Trd, 000181.067, 126
Trd, 000181.750, 134
Trd, 000181.883, 140
Trd, 000182.733, 135
Trd, 000182.833, 136
Trd, 000183.033, 134
Trd, 000183.067, 155
Trd, 000183.200, 165.0
Trd, 000183.950, 138
Trd, 000183.967, 145
Trd, 000185.167, 161
Trd, 000185.317, 167
Trd, 000185.683, 159
Trd, 000185.783, 155.0
Trd, 000186.000, 151.0
Trd, 000186.650, 157
Trd, 000187.417, 153
Trd, 000187.467, 152
Trd, 000187.783, 166
Trd, 000188.983, 155.0
Trd, 000189.333, 151
Trd, 000189.617, 159
Trd, 000189.867, 153
Trd, 000190.533, 135
Trd, 000191.117, 152
Trd, 000191.683, 155
Trd, 000192.133, 138
Trd, 000192.600, 159
Trd, 000192.617, 155.0
Trd, 000193.150, 137
Trd, 000193.233, 137
Trd, 000193.517, 137
Trd, 000194.133, 137
Trd, 000194.150, 154
Trd, 000194.167, 136
Trd, 000194.183, 155
Trd, 000194.667, 155
Trd, 000194.967, 133
Trd, 000195.617, 154
Trd, 000196.200, 128
Trd, 000196.333, 128
Trd, 000196.817, 152
Trd, 000197.183, 165.0
Trd, 000197.850, 172
Trd, 000199.333, 161
Trd, 000199.567, 157.0
Trd, 000200.067, 156.0
Trd, 000200.250, 158
Trd, 000200.700, 169
Trd, 000200.850, 179
Trd, 000201.950, 158.0
Trd, 000202.483, 157.0
Trd, 000203.550, 151.0
Trd, 000203.683, 161
Trd, 000203.933, 159
Trd, 000204.567, 156.0
Trd, 000204.733, 155.0
Trd, 000204.867, 153
Trd, 000205.617, 151.0
Trd, 000205.750, 156
Trd, 000207.733, 148.0
Trd, 000207.800, 156
Trd, 000208.350, 154
Trd, 000208.533, 135
Trd, 000209.317, 152
Trd, 000209.350, 134
Trd, 000210.117, 152
Trd, 000211.733, 131
Trd, 000212.033, 146
Trd, 000212.283, 134.0
Trd, 000213.650, 139
Trd, 000214.033, 144
Trd, 000214.150, 155.0
Trd, 000214.967, 145
Trd, 000214.983, 163.0
Trd, 000215.383, 147
Trd, 000216.150, 162.0
Trd, 000216.433, 163.0
Trd, 000216.683, 158
Trd, 000217.250, 162
Trd, 000217.817, 165
Trd, 000218.117, 162.0
Trd, 000218.900, 160.0
Trd, 000218.950, 156
Trd, 000219.783, 156.0
Trd, 000220.233, 155.0
Trd, 000221.167, 158
Trd, 000221.850, 152
Trd, 000222.100, 157
Trd, 000222.167, 153.0
Trd, 000222.950, 156
Trd, 000223.033, 159
Trd, 000223.217, 155.0
Trd, 000223.533, 165.0
Trd, 000223.950, 153
Trd, 000224.833, 155
Trd, 000224.850, 154
Trd, 000225.167, 156
Trd, 000225.800, 155
Trd, 000225.933, 149.0
Trd, 000226.883, 150.0
Trd, 000227.050, 154
Trd, 000227.317, 155.0
Trd, 000228.300, 155
Trd, 000228.900, 155
Trd, 000229.050, 154
Trd, 000229.417, 151.0
Trd, 000230.033, 157
Trd, 000230.133, 171
Trd, 000230.150, 151.0
Trd, 000230.283, 149.0
Trd, 000231.500, 165
Trd, 000231.550, 149.0
Trd, 000231.567, 167
Trd, 000231.917, 148.0
Trd, 000232.283, 130
Trd, 000232.850, 168
Trd, 000233.383, 142
Trd, 000234.550, 123
Trd, 000234.683, 150
Trd, 000235.183, 154
Trd, 000235.583, 156.0
Trd, 000236.100, 162.0
Trd, 000236.883, 157
Trd, 000236.967, 156.0
Trd, 000237.900, 155.0
Trd, 000238.350, 148.0
Trd, 000239.383, 156
Trd, 000239.400, 155.0
Trd, 000240.283, 134
Trd, 000240.317, 133
Trd, 000241.033, 155
Trd, 000241.467, 156
Trd, 000241.483, 155
Trd, 000242.033, 158.0
Trd, 000242.150, 156
Trd, 000242.200, 162.0
Trd, 000242.217, 172
Trd, 000242.833, 163
Trd, 000243.067, 157
Trd, 000243.617, 150.0
Trd, 000243.817, 151.0
Trd, 000244.633, 159
Trd, 000245.767, 160.0
Trd, 000246.083, 159.0
Trd, 000246.367, 162.0
Trd, 000247.333, 163
Trd, 000247.383, 159
Trd, 000248.450, 158
Trd, 000248.633, 158.0
Trd, 000249.350, 158.0
Trd, 000249.800, 160
Trd, 000250.383, 158.0
Trd, 000250.617, 159
Trd, 000250.633, 160
Trd, 000251.233, 161.0
Trd, 000251.450, 157.0
Trd, 000251.467, 156.0
Trd, 000251.917, 162.0
Trd, 000252.433, 155.0
Trd, 000252.533, 163
Trd, 000252.750, 152.0
Trd, 000253.650, 162
Trd, 000253.867, 163.0
Trd, 000255.017, 159
Trd, 000255.100, 151.0
Trd, 000255.400, 151
Trd, 000255.833, 146.0
Trd, 000256.617, 148.0
Trd, 000257.183, 155.0
Trd, 000257.400, 154
Trd, 000258.400, 146.0
Trd, 000258.933, 147.0
Trd, 000259.217, 149
Trd, 000259.633, 143.0
Trd, 000259.883, 151
Trd, 000260.550, 155.0
Trd, 000261.117, 156.0
Trd, 000262.017, 158.0
Trd, 000262.150, 157.0
Trd, 000262.367, 161.0
Trd, 000262.400, 162.0
Trd, 000262.800, 170
Trd, 000264.583, 161
Trd, 000264.867, 160
Trd, 000265.033, 158.0
Trd, 000265.150, 160
Trd, 000265.600, 159
Trd, 000265.883, 158
Trd, 000266.233, 159
Trd, 000266.333, 150.0
Trd, 000266.850, 156.0
Trd, 000266.917, 155.0
Trd, 000267.633, 157
Trd, 000268.117, 133
Trd, 000268.283, 157.0
Trd, 000268.783, 157
Trd, 000269.233, 141.0
Trd, 000269.933, 150
Trd, 000270.100, 135
Trd, 000270.917, 143
Trd, 000271.117, 158.0
Trd, 000271.267, 157
Trd, 000271.433, 165.0
Trd, 000272.000, 148
Trd, 000272.117, 166
Trd, 000272.300, 140
Trd, 000272.917, 157
Trd, 000273.567, 155.0
Trd, 000274.333, 155
Trd, 000274.450, 155
Trd, 000274.467, 156
Trd, 000274.683, 154
Trd, 000275.250, 158.0
Trd, 000276.183, 163
Trd, 000277.483, 160.0
Trd, 000277.617, 159.0
Trd, 000277.917, 161
Trd, 000278.283, 152.0
Trd, 000278.367, 155.0
Trd, 000278.850, 151.0
Trd, 000279.217, 156
Trd, 000280.017, 155
Trd, 000281.150, 143
Trd, 000281.200, 141.0
Trd, 000281.583, 141
Trd, 000281.917, 133
Trd, 000281.967, 149
Trd, 000282.083, 151
Trd, 000282.283, 151
Trd, 000282.483, 155.0
Trd, 000283.000, 156.0
Trd, 000283.217, 155.0
Trd, 000283.317, 158.0
Trd, 000283.817, 148
Trd, 000284.200, 157
Trd, 000285.000, 160.0
Trd, 000285.233, 148
Trd, 000285.567, 161.0
Trd, 000285.667, 154
Trd, 000285.833, 148
Trd, 000286.083, 162.0
Trd, 000286.250, 164.0
Trd, 000286.967, 154.0
Trd, 000287.250, 163
Trd, 000288.367, 162
Trd, 000289.067, 151.0
Trd, 000289.633, 154
Trd, 000289.817, 161.0
Trd, 000290.283, 149.0
Trd, 000291.400, 159.0
Trd, 000291.617, 153.0
Trd, 000291.783, 160
Trd, 000292.100, 152.0
Trd, 000292.283, 162.0
Trd, 000292.600, 156
Trd, 000292.850, 165.0
Trd, 000293.583, 170
Trd, 000293.683, 155.0
Trd, 000293.717, 171
Trd, 000294.150, 168.0
Trd, 000295.067, 149.0
Trd, 000295.983, 163
Trd, 000296.417, 155.0
Trd, 000297.700, 155.0
Trd, 000297.833, 153
Trd, 000298.617, 157
Trd, 000298.683, 161.0
Trd, 000299.167, 160.0
Trd, 000299.267, 162.0
