Trd, 000001.717, 140.0
Trd, 000001.733, 141.0
Trd, 000003.050, 177
Trd, 000003.750, 172.0
Trd, 000004.867, 166.0
Trd, 000005.950, 165.0
Trd, 000006.483, 167
Trd, 000007.067, 177
Trd, 000007.250, 176
Trd, 000007.550, 179
Trd, 000007.883, 178
Trd, 000008.700, 166.0
Trd, 000010.017, 140
Trd, 000010.933, 162.0
Trd, 000011.433, 156
Trd, 000012.333, 161
Trd, 000013.033, 162
Trd, 000013.183, 163
Trd, 000013.750, 156
Trd, 000014.383, 139.0
Trd, 000014.400, 134
Trd, 000015.467, 141.0
Trd, 000016.317, 141.0
Trd, 000016.333, 139
Trd, 000018.650, 141
Trd, 000018.700, 139
Trd, 000019.250, 142
Trd, 000019.550, 146
Trd, 000020.017, 166
Trd, 000020.250, 165.0
Trd, 000020.300, 162.0
Trd, 000020.467, 159
Trd, 000021.050, 155
Trd, 000021.767, 164
Trd, 000022.383, 164
Trd, 000022.850, 165
Trd, 000023.200, 165
Trd, 000023.383, 163.0
Trd, 000023.700, 166.0
Trd, 000024.150, 165.0
Trd, 000024.417, 164
Trd, 000024.783, 165
Trd, 000025.550, 166
Trd, 000026.017, 162.0
Trd, 000026.367, 164
Trd, 000026.800, 164
Trd, 000027.733, 162
Trd, 000027.983, 165
Trd, 000028.833, 165
Trd, 000029.100, 164.0
Trd, 000029.417, 163
Trd, 000030.017, 162.0
Trd, 000030.600, 151
Trd, 000030.917, 166
Trd, 000031.483, 155
Trd, 000032.250, 165
Trd, 000032.467, 167
Trd, 000032.600, 138
Trd, 000033.283, 138
Trd, 000033.667, 148
Trd, 000035.267, 145
Trd, 000035.633, 144
Trd, 000035.883, 136
Trd, 000036.133, 141.0
Trd, 000036.367, 143
Trd, 000036.800, 151.0
Trd, 000037.400, 168
Trd, 000038.050, 152
Trd, 000038.917, 167.0
Trd, 000039.417, 172
Trd, 000039.483, 165.0
Trd, 000039.667, 154
Trd, 000042.117, 165.0
Trd, 000042.467, 165
Trd, 000043.283, 164
Trd, 000043.767, 163
Trd, 000044.283, 162.0
Trd, 000044.500, 140
Trd, 000044.550, 138
Trd, 000044.633, 136
Trd, 000045.817, 143
Trd, 000046.333, 145
Trd, 000046.517, 120
Trd, 000046.900, 151.0
Trd, 000047.200, 144
Trd, 000048.000, 143
Trd, 000048.367, 145
Trd, 000048.833, 146
Trd, 000049.533, 145
Trd, 000049.800, 146
Trd, 000050.767, 147
Trd, 000051.117, 148
Trd, 000051.400, 151.0
Trd, 000051.783, 167
Trd, 000052.233, 149
Trd, 000052.450, 149
Trd, 000053.867, 147
Trd, 000054.433, 153
Trd, 000054.550, 134
Trd, 000054.633, 154
Trd, 000055.083, 168
Trd, 000055.150, 172
Trd, 000055.717, 169
Trd, 000056.933, 172
Trd, 000057.167, 168
Trd, 000057.917, 167
Trd, 000058.033, 167
Trd, 000058.983, 168
Trd, 000059.050, 171
Trd, 000059.667, 169
Trd, 000061.233, 167
Trd, 000061.383, 166
Trd, 000061.683, 169
Trd, 000063.050, 162.0
Trd, 000063.317, 150
Trd, 000064.917, 161
Trd, 000065.117, 159
Trd, 000065.867, 161
Trd, 000066.033, 162
Trd, 000066.117, 168
Trd, 000066.250, 161
Trd, 000066.733, 159
Trd, 000067.350, 165
Trd, 000068.117, 165.0
Trd, 000068.733, 169
Trd, 000069.100, 164.0
Trd, 000069.583, 162.0
Trd, 000070.533, 141.0
Trd, 000070.717, 137
Trd, 000071.133, 143
Trd, 000071.200, 136
Trd, 000071.383, 144
Trd, 000072.300, 131.0
Trd, 000072.883, 129
Trd, 000072.983, 130
Trd, 000073.167, 133
Trd, 000073.250, 144
Trd, 000073.833, 143
Trd, 000075.367, 165
Trd, 000075.617, 147
Trd, 000077.533, 156
Trd, 000078.833, 158
Trd, 000078.933, 157
Trd, 000079.250, 168
Trd, 000079.433, 159
Trd, 000080.800, 161
Trd, 000080.833, 161
Trd, 000080.917, 159
Trd, 000081.800, 164
Trd, 000082.100, 163.0
Trd, 000082.133, 162.0
Trd, 000082.867, 154
Trd, 000083.433, 165
Trd, 000083.833, 165
Trd, 000083.950, 152
Trd, 000085.117, 157
Trd, 000085.750, 159
Trd, 000086.117, 161
Trd, 000086.717, 158
Trd, 000087.783, 165.0
Trd, 000088.000, 167
Trd, 000088.050, 168
Trd, 000088.500, 168
Trd, 000088.933, 167
Trd, 000089.133, 169
Trd, 000089.217, 167
Trd, 000089.750, 164
Trd, 000090.750, 164
Trd, 000091.733, 131.0
Trd, 000093.067, 157
Trd, 000093.517, 152
Trd, 000094.083, 153
Trd, 000094.117, 154
Trd, 000094.750, 152
Trd, 000095.117, 157
Trd, 000095.333, 158
Trd, 000095.867, 152
Trd, 000096.067, 158
Trd, 000096.200, 169
Trd, 000096.650, 141.0
Trd, 000097.183, 170
Trd, 000098.000, 172
Trd, 000098.533, 165.0
Trd, 000098.867, 158
Trd, 000098.950, 155
Trd, 000100.150, 162
Trd, 000101.167, 162
Trd, 000101.250, 163
Trd, 000102.183, 157
Trd, 000102.200, 158
Trd, 000102.983, 131.0
Trd, 000103.983, 144
Trd, 000104.250, 144
Trd, 000104.700, 122
Trd, 000104.867, 145
Trd, 000105.033, 146
Trd, 000105.800, 141.0
Trd, 000106.433, 142
Trd, 000107.267, 141
Trd, 000107.733, 143
Trd, 000107.967, 140
Trd, 000108.600, 144
Trd, 000109.217, 167
Trd, 000109.267, 166.0
Trd, 000110.133, 166.0
Trd, 000110.517, 165.0
Trd, 000111.067, 165
Trd, 000111.233, 162.0
Trd, 000111.367, 165
Trd, 000111.733, 163
Trd, 000112.783, 141.0
Trd, 000113.733, 165.0
Trd, 000114.267, 156
Trd, 000114.983, 141
Trd, 000115.100, 145
Trd, 000115.750, 162.0
Trd, 000116.333, 142
Trd, 000116.550, 155
Trd, 000116.683, 169
Trd, 000118.950, 150
Trd, 000119.100, 151.0
Trd, 000119.450, 152
Trd, 000119.983, 153
Trd, 000120.167, 152
Trd, 000120.250, 150
Trd, 000120.617, 156
Trd, 000120.650, 147
Trd, 000121.383, 154
Trd, 000122.000, 165
Trd, 000122.083, 145
Trd, 000122.933, 146
Trd, 000123.167, 141
Trd, 000123.750, 145
Trd, 000123.767, 137
Trd, 000124.633, 148
Trd, 000125.133, 139
Trd, 000126.183, 139.0
Trd, 000127.183, 139
Trd, 000128.533, 139
Trd, 000128.900, 135
Trd, 000129.383, 138
Trd, 000130.333, 138.0
Trd, 000130.467, 151.0
Trd, 000130.533, 137
Trd, 000131.017, 141.0
Trd, 000131.867, 140
Trd, 000132.317, 143
Trd, 000132.617, 154
Trd, 000132.700, 158
Trd, 000134.033, 149
Trd, 000134.567, 149
Trd, 000134.683, 146
Trd, 000134.767, 151
Trd, 000135.383, 145
Trd, 000135.650, 136
Trd, 000136.583, 152
Trd, 000137.500, 152
Trd, 000137.550, 152
Trd, 000137.917, 153
Trd, 000138.333, 171
Trd, 000138.617, 167
Trd, 000139.017, 166.0
Trd, 000139.917, 165.0
Trd, 000140.500, 164
Trd, 000141.117, 167
Trd, 000141.167, 165
Trd, 000141.667, 164
Trd, 000141.800, 136
Trd, 000141.983, 167
Trd, 000142.200, 141
Trd, 000144.850, 140.0
Trd, 000145.217, 140
Trd, 000145.317, 137
Trd, 000145.417, 140.0
Trd, 000145.717, 140
Trd, 000145.950, 141.0
Trd, 000146.283, 151.0
Trd, 000147.150, 141.0
Trd, 000147.483, 140
Trd, 000147.950, 141
Trd, 000148.300, 141
Trd, 000148.950, 141
Trd, 000149.317, 140
Trd, 000149.633, 140
Trd, 000150.433, 144
Trd, 000151.317, 146
Trd, 000151.367, 143
Trd, 000151.800, 151
Trd, 000151.967, 143
Trd, 000152.433, 166
Trd, 000152.950, 166.0
Trd, 000152.983, 166
Trd, 000153.767, 167
Trd, 000154.233, 166
Trd, 000154.667, 165.0
Trd, 000155.700, 165
Trd, 000156.300, 164
Trd, 000156.717, 162.0
Trd, 000157.050, 163
Trd, 000157.100, 164
Trd, 000158.183, 160
Trd, 000158.283, 159
Trd, 000158.983, 157
Trd, 000159.433, 156
Trd, 000160.617, 149
Trd, 000160.817, 148
Trd, 000160.917, 150
Trd, 000161.233, 151.0
Trd, 000161.617, 149
Trd, 000162.767, 137
Trd, 000163.750, 136
Trd, 000163.917, 141.0
Trd, 000164.017, 148
Trd, 000164.200, 166
Trd, 000165.733, 167
Trd, 000165.883, 168
Trd, 000166.417, 166.0
Trd, 000167.217, 166
Trd, 000167.350, 167
Trd, 000167.383, 169
Trd, 000167.900, 166.0
Trd, 000168.033, 165.0
Trd, 000168.200, 162.0
Trd, 000168.833, 161
Trd, 000169.700, 165.0
Trd, 000170.050, 158
Trd, 000170.533, 156
Trd, 000170.583, 163
Trd, 000172.467, 165
Trd, 000172.783, 153
Trd, 000173.033, 161
Trd, 000173.883, 158
Trd, 000175.100, 165
Trd, 000175.567, 166
Trd, 000175.933, 166
Trd, 000176.433, 165
Trd, 000176.833, 151
Trd, 000177.300, 141.0
Trd, 000178.017, 147
Trd, 000179.600, 162
Trd, 000180.100, 148
Trd, 000180.783, 141
Trd, 000180.800, 168
Trd, 000181.167, 156
Trd, 000181.400, 157
Trd, 000181.583, 168
Trd, 000181.783, 166.0
Trd, 000182.083, 165.0
Trd, 000182.383, 155
Trd, 000184.000, 164.0
Trd, 000184.367, 165.0
Trd, 000184.850, 163.0
Trd, 000185.450, 163
Trd, 000186.800, 162.0
Trd, 000187.467, 163
Trd, 000187.483, 160
Trd, 000187.517, 167
Trd, 000187.867, 164
Trd, 000188.033, 167
Trd, 000188.867, 162
Trd, 000188.917, 161
Trd, 000190.367, 163.0
Trd, 000190.567, 162.0
Trd, 000191.467, 146
Trd, 000191.750, 145
Trd, 000192.150, 136
Trd, 000193.133, 160
Trd, 000194.383, 153
Trd, 000195.450, 155
Trd, 000195.767, 154
Trd, 000195.900, 168
Trd, 000196.117, 162.0
Trd, 000196.250, 154
Trd, 000196.450, 153
Trd, 000196.583, 153
Trd, 000198.183, 158
Trd, 000198.517, 137
Trd, 000199.133, 166
Trd, 000199.400, 147
Trd, 000200.333, 149
Trd, 000200.517, 154
Trd, 000201.333, 138
Trd, 000201.583, 149
Trd, 000202.817, 149
Trd, 000202.867, 143
Trd, 000202.950, 148
Trd, 000205.433, 145
Trd, 000205.583, 144
Trd, 000205.617, 146
Trd, 000205.633, 149
Trd, 000205.783, 144
Trd, 000206.550, 142
Trd, 000207.333, 141
Trd, 000207.567, 146
Trd, 000209.000, 140
Trd, 000209.650, 136
Trd, 000210.017, 141.0
Trd, 000210.083, 145
Trd, 000210.267, 147
Trd, 000210.283, 169
Trd, 000210.850, 137
Trd, 000211.683, 162.0
Trd, 000213.267, 159
Trd, 000213.533, 158
Trd, 000213.600, 159
Trd, 000214.333, 159
Trd, 000214.467, 159
Trd, 000215.683, 162
Trd, 000215.933, 163
Trd, 000216.383, 164
Trd, 000216.850, 160
Trd, 000216.867, 159
Trd, 000217.083, 165
Trd, 000217.833, 157
Trd, 000218.550, 160
Trd, 000218.917, 167
Trd, 000219.733, 167
Trd, 000220.550, 167
Trd, 000221.450, 166
Trd, 000221.467, 162.0
Trd, 000222.333, 167
Trd, 000223.150, 164
Trd, 000223.283, 167
Trd, 000223.800, 163
Trd, 000224.917, 178
Trd, 000225.300, 166.0
Trd, 000225.650, 165.0
Trd, 000226.267, 168
Trd, 000226.633, 167
Trd, 000227.633, 135
Trd, 000227.783, 170
Trd, 000228.017, 135
Trd, 000228.917, 149
Trd, 000228.950, 159
Trd, 000229.333, 139
Trd, 000230.967, 157
Trd, 000231.367, 157
Trd, 000232.400, 143
Trd, 000232.650, 168
Trd, 000233.383, 145
Trd, 000234.217, 155
Trd, 000234.717, 154
Trd, 000235.350, 154
Trd, 000235.950, 155
Trd, 000235.967, 155
Trd, 000237.250, 174
Trd, 000237.417, 166
Trd, 000237.850, 165.0
Trd, 000238.150, 179
Trd, 000238.667, 166
Trd, 000238.683, 145
Trd, 000239.917, 161
Trd, 000240.317, 162.0
Trd, 000241.417, 160
Trd, 000241.917, 160.0
Trd, 000241.983, 145
Trd, 000242.783, 156
Trd, 000243.067, 154
Trd, 000243.133, 154
Trd, 000243.533, 153
Trd, 000244.133, 153
Trd, 000244.167, 152
Trd, 000245.783, 149
Trd, 000245.850, 141.0
Trd, 000246.183, 153
Trd, 000246.467, 154
Trd, 000246.717, 161.0
Trd, 000246.733, 149
Trd, 000246.933, 148
Trd, 000247.533, 162.0
Trd, 000247.567, 175
Trd, 000247.750, 147.0
Trd, 000248.217, 169
Trd, 000248.600, 150
Trd, 000248.617, 148
Trd, 000248.967, 144.0
Trd, 000249.017, 134.0
Trd, 000250.333, 133
Trd, 000251.133, 131.0
Trd, 000251.317, 132
Trd, 000251.450, 132.0
Trd, 000251.467, 138.0
Trd, 000251.983, 141.0
Trd, 000253.000, 140
Trd, 000253.183, 151.0
Trd, 000253.367, 161
Trd, 000253.683, 154
Trd, 000253.967, 152
Trd, 000254.133, 153
Trd, 000254.300, 154
Trd, 000254.333, 154
Trd, 000254.833, 156
Trd, 000255.233, 158
Trd, 000255.700, 158
Trd, 000255.933, 157
Trd, 000255.967, 160
Trd, 000256.067, 153
Trd, 000256.433, 144.0
Trd, 000257.017, 165.0
Trd, 000257.700, 153
Trd, 000258.183, 162.0
Trd, 000258.700, 158.0
Trd, 000259.250, 157
Trd, 000259.317, 156
Trd, 000259.333, 135.0
Trd, 000259.800, 138.0
Trd, 000260.033, 161.0
Trd, 000260.933, 162.0
Trd, 000261.150, 141.0
Trd, 000261.350, 144.0
Trd, 000261.967, 139
Trd, 000262.533, 140.0
Trd, 000262.700, 141.0
Trd, 000263.233, 140
Trd, 000263.617, 139
Trd, 000264.150, 138
Trd, 000264.867, 143.0
Trd, 000264.967, 144.0
Trd, 000265.417, 168
Trd, 000265.583, 140
Trd, 000266.017, 138
Trd, 000266.033, 131.0
Trd, 000266.683, 141
Trd, 000268.833, 150
Trd, 000269.217, 151
Trd, 000269.367, 157.0
Trd, 000269.567, 156
Trd, 000269.800, 159.0
Trd, 000270.083, 157
Trd, 000270.250, 162.0
Trd, 000270.417, 155
Trd, 000270.817, 157
Trd, 000271.333, 154
Trd, 000272.600, 152
Trd, 000272.750, 151
Trd, 000272.800, 150
Trd, 000272.833, 136
Trd, 000273.133, 151
Trd, 000273.467, 152
Trd, 000273.883, 144.0
Trd, 000273.933, 150
Trd, 000274.633, 151
Trd, 000274.800, 148
Trd, 000275.667, 161
Trd, 000275.833, 158.0
Trd, 000276.217, 159
Trd, 000276.283, 165.0
Trd, 000276.333, 158
Trd, 000277.267, 160
Trd, 000278.200, 160
Trd, 000278.917, 145
Trd, 000279.250, 159.0
Trd, 000279.333, 159.0
Trd, 000279.600, 145
Trd, 000280.200, 135
Trd, 000280.767, 157.0
Trd, 000281.817, 160
Trd, 000281.833, 147
Trd, 000282.250, 153.0
Trd, 000282.350, 162.0
Trd, 000283.350, 154
Trd, 000283.683, 156.0
Trd, 000283.933, 162.0
Trd, 000284.150, 165.0
Trd, 000284.200, 150
Trd, 000285.100, 157.0
Trd, 000285.217, 155.0
Trd, 000285.617, 144.0
Trd, 000285.717, 141
Trd, 000286.550, 143.0
Trd, 000286.700, 144.0
Trd, 000286.900, 146
Trd, 000287.317, 151.0
Trd, 000287.583, 160.0
Trd, 000288.233, 161.0
Trd, 000289.017, 162.0
Trd, 000289.483, 162.0
Trd, 000289.783, 162
Trd, 000290.050, 161
Trd, 000290.617, 164
Trd, 000290.717, 163
Trd, 000291.150, 160.0
Trd, 000291.367, 158.0
Trd, 000291.983, 160
Trd, 000292.800, 158
Trd, 000293.200, 144.0
Trd, 000293.567, 158
Trd, 000293.867, 158.0
Trd, 000294.483, 165.0
Trd, 000294.567, 169
Trd, 000295.817, 166.0
Trd, 000295.867, 167
Trd, 000295.950, 165.0
Trd, 000296.283, 162.0
Trd, 000296.533, 145.0
Trd, 000296.600, 144.0
Trd, 000296.833, 135
Trd, 000297.650, 179
Trd, 000298.200, 134.0
Trd, 000298.767, 147
Trd, 000299.433, 158.0
Trd, 000299.517, 146
