Trd, 000001.183, 157
Trd, 000001.517, 148.0
Trd, 000002.000, 164.0
Trd, 000002.750, 157
Trd, 000003.733, 144.0
Trd, 000004.000, 144.0
Trd, 000005.000, 144.0
Trd, 000005.350, 144
Trd, 000005.833, 144.0
Trd, 000007.267, 149
Trd, 000007.950, 148
Trd, 000008.783, 153
Trd, 000009.817, 156
Trd, 000010.950, 155
Trd, 000011.333, 154
Trd, 000012.517, 151
Trd, 000013.517, 151
Trd, 000014.200, 151.0
Trd, 000014.717, 152
Trd, 000014.783, 153
Trd, 000015.450, 153
Trd, 000015.567, 150
Trd, 000017.450, 151
Trd, 000017.850, 151
Trd, 000017.967, 149
Trd, 000019.100, 148
Trd, 000020.050, 148
Trd, 000020.583, 149
Trd, 000021.233, 151.0
Trd, 000021.400, 158
Trd, 000021.633, 153
Trd, 000022.233, 154
Trd, 000023.267, 156
Trd, 000023.367, 165.0
Trd, 000023.850, 152
Trd, 000024.533, 152
Trd, 000025.233, 152
Trd, 000025.650, 151
Trd, 000026.100, 151
Trd, 000026.367, 150
Trd, 000026.650, 150
Trd, 000026.867, 150
Trd, 000028.450, 156
Trd, 000028.550, 158
Trd, 000028.717, 154
Trd, 000029.017, 155
Trd, 000029.100, 154
Trd, 000029.883, 155
Trd, 000030.533, 151
Trd, 000031.517, 149
Trd, 000031.667, 155
Trd, 000032.500, 148
Trd, 000032.633, 149
Trd, 000033.467, 151
Trd, 000033.883, 149
Trd, 000034.150, 142.0
Trd, 000035.483, 151.0
Trd, 000036.100, 151
Trd, 000036.450, 162
Trd, 000036.500, 151.0
Trd, 000037.783, 151
Trd, 000038.267, 151
Trd, 000038.583, 151
Trd, 000038.883, 150
Trd, 000039.300, 150
Trd, 000039.833, 151
Trd, 000040.450, 152
Trd, 000040.650, 158
Trd, 000041.617, 162
Trd, 000041.650, 165.0
Trd, 000041.950, 153
Trd, 000042.867, 153
Trd, 000043.167, 156
Trd, 000043.483, 153
Trd, 000043.833, 157
Trd, 000045.633, 155
Trd, 000045.833, 153
Trd, 000046.517, 158
Trd, 000047.767, 157
Trd, 000048.217, 157
Trd, 000048.650, 163
Trd, 000049.133, 158
Trd, 000049.350, 156
Trd, 000050.333, 155
Trd, 000051.733, 155
Trd, 000051.917, 154
Trd, 000052.867, 154
Trd, 000053.733, 153
Trd, 000054.350, 152
Trd, 000054.483, 149
Trd, 000055.133, 155
Trd, 000055.333, 154
Trd, 000055.667, 158
Trd, 000056.733, 160
Trd, 000057.183, 156
Trd, 000058.367, 157
Trd, 000058.417, 158
Trd, 000058.450, 154
Trd, 000058.833, 162
Trd, 000060.233, 153
Trd, 000060.317, 159
Trd, 000061.950, 157
Trd, 000061.983, 156
Trd, 000062.367, 157
Trd, 000062.667, 158
Trd, 000063.450, 157
Trd, 000063.933, 158
Trd, 000063.950, 155
Trd, 000065.050, 151
Trd, 000065.183, 152
Trd, 000065.200, 157
Trd, 000066.283, 151
Trd, 000066.983, 156
Trd, 000067.450, 151
Trd, 000067.650, 157
Trd, 000069.567, 153
Trd, 000069.800, 152
Trd, 000070.317, 151
Trd, 000070.600, 152
Trd, 000071.200, 154
Trd, 000071.383, 152
Trd, 000071.933, 158
Trd, 000072.967, 152
Trd, 000073.133, 154
Trd, 000073.417, 162
Trd, 000074.083, 151
Trd, 000074.850, 150
Trd, 000075.383, 161.0
Trd, 000075.683, 147
Trd, 000076.883, 151
Trd, 000076.983, 161.0
Trd, 000077.900, 151
Trd, 000077.967, 150
Trd, 000079.567, 151
Trd, 000080.067, 155
Trd, 000080.683, 155
Trd, 000081.367, 154
Trd, 000081.783, 152
Trd, 000081.850, 149
Trd, 000082.683, 155
Trd, 000083.567, 155
Trd, 000085.200, 158
Trd, 000085.433, 159
Trd, 000085.533, 162
Trd, 000086.733, 159
Trd, 000086.867, 156
Trd, 000088.533, 155
Trd, 000089.133, 156
Trd, 000089.383, 155
Trd, 000089.517, 155
Trd, 000090.050, 151.0
Trd, 000090.717, 153
Trd, 000090.833, 154
Trd, 000092.733, 157
Trd, 000093.400, 154
Trd, 000094.417, 154
Trd, 000094.450, 151
Trd, 000094.467, 150
Trd, 000094.667, 151.0
Trd, 000096.233, 149
Trd, 000096.383, 153
Trd, 000096.883, 155
Trd, 000096.967, 162
Trd, 000099.133, 161
Trd, 000100.567, 163
Trd, 000100.633, 162
Trd, 000101.000, 163.0
Trd, 000101.350, 162.0
Trd, 000101.367, 164
Trd, 000101.633, 165
Trd, 000101.767, 162
Trd, 000102.617, 161
Trd, 000103.967, 159
Trd, 000104.317, 161
Trd, 000104.383, 160
Trd, 000105.250, 161
Trd, 000105.333, 162
Trd, 000105.817, 154
Trd, 000106.517, 150
Trd, 000107.650, 162
Trd, 000107.783, 162
Trd, 000108.917, 158
Trd, 000109.450, 158
Trd, 000110.333, 160
Trd, 000110.367, 159
Trd, 000111.317, 157
Trd, 000111.850, 158
Trd, 000112.050, 159
Trd, 000112.067, 160
Trd, 000113.150, 151.0
Trd, 000113.933, 156
Trd, 000113.967, 153
Trd, 000114.567, 153
Trd, 000114.883, 155
Trd, 000115.250, 154
Trd, 000115.717, 155
Trd, 000116.117, 154
Trd, 000116.400, 153
Trd, 000116.517, 150
Trd, 000117.050, 154
Trd, 000117.767, 154
Trd, 000118.800, 152
Trd, 000120.000, 157
Trd, 000120.050, 152
Trd, 000120.883, 158
Trd, 000121.000, 159
Trd, 000121.617, 154
Trd, 000123.167, 158
Trd, 000123.350, 159
Trd, 000123.567, 162
Trd, 000125.350, 158
Trd, 000125.917, 156
Trd, 000126.117, 154
Trd, 000126.417, 158
Trd, 000126.533, 154
Trd, 000127.917, 153
Trd, 000129.150, 158
Trd, 000129.817, 156
Trd, 000130.367, 155
Trd, 000131.533, 158
Trd, 000131.583, 154
Trd, 000132.050, 154
Trd, 000132.267, 155
Trd, 000133.033, 152
Trd, 000133.267, 151
Trd, 000133.683, 152
Trd, 000133.917, 152
Trd, 000134.433, 152
Trd, 000134.467, 158
Trd, 000135.183, 158
Trd, 000137.067, 154
Trd, 000137.567, 153
Trd, 000138.083, 151
Trd, 000139.167, 150
Trd, 000140.383, 151.0
Trd, 000140.500, 155
Trd, 000140.850, 158
Trd, 000141.500, 157
Trd, 000141.883, 154
Trd, 000142.433, 153
Trd, 000142.683, 153
Trd, 000143.383, 154
Trd, 000143.717, 162
Trd, 000145.600, 156
Trd, 000146.117, 155
Trd, 000146.700, 153
Trd, 000146.767, 151
Trd, 000147.233, 149
Trd, 000147.700, 156
Trd, 000148.533, 153
Trd, 000148.983, 158
Trd, 000149.400, 157
Trd, 000149.700, 156
Trd, 000149.767, 156
Trd, 000150.517, 156
Trd, 000151.283, 155
Trd, 000151.667, 157
Trd, 000151.967, 154
Trd, 000152.567, 158
Trd, 000153.067, 161
Trd, 000154.267, 148.0
Trd, 000155.583, 153
Trd, 000155.700, 161
Trd, 000156.850, 162
Trd, 000158.433, 157
Trd, 000159.567, 160
Trd, 000159.650, 159
Trd, 000159.900, 160
Trd, 000160.200, 165.0
Trd, 000160.300, 158
Trd, 000160.367, 155
Trd, 000161.133, 162
Trd, 000161.167, 154
Trd, 000161.733, 154
Trd, 000161.900, 153
Trd, 000162.917, 150
Trd, 000163.233, 147
Trd, 000163.683, 148.0
Trd, 000164.283, 152
Trd, 000164.850, 155
Trd, 000166.383, 154
Trd, 000166.633, 156
Trd, 000168.000, 162
Trd, 000168.050, 162
Trd, 000169.000, 162
Trd, 000169.333, 163
Trd, 000169.433, 162
Trd, 000169.483, 164
Trd, 000170.000, 154
Trd, 000171.417, 176.0
Trd, 000171.567, 178
Trd, 000171.667, 175.0
Trd, 000171.783, 175
Trd, 000174.583, 154
Trd, 000174.917, 154
Trd, 000175.417, 153
Trd, 000175.517, 149
Trd, 000176.917, 152
Trd, 000177.933, 149
Trd, 000178.300, 150
Trd, 000178.317, 148
Trd, 000178.400, 151.0
Trd, 000179.417, 149
Trd, 000179.500, 150
Trd, 000179.667, 149
Trd, 000180.233, 146
Trd, 000180.300, 151
Trd, 000180.850, 146
Trd, 000182.300, 148.0
Trd, 000182.400, 147.0
Trd, 000182.417, 150
Trd, 000184.283, 147
Trd, 000184.683, 148.0
Trd, 000184.933, 148.0
Trd, 000185.800, 145
Trd, 000185.933, 146
Trd, 000186.017, 143.0
Trd, 000186.083, 147
Trd, 000187.100, 151.0
Trd, 000187.417, 148
Trd, 000189.233, 154
Trd, 000189.333, 153
Trd, 000190.617, 156
Trd, 000191.433, 153
Trd, 000191.717, 152
Trd, 000191.750, 152
Trd, 000192.400, 151
Trd, 000193.117, 153
Trd, 000194.833, 152
Trd, 000195.933, 152
Trd, 000196.450, 150
Trd, 000197.067, 152
Trd, 000197.183, 149
Trd, 000197.817, 152
Trd, 000198.133, 149
Trd, 000199.283, 152
Trd, 000199.467, 156
Trd, 000199.500, 157
Trd, 000199.733, 151
Trd, 000200.800, 162
Trd, 000201.350, 156
Trd, 000201.900, 156
Trd, 000202.483, 157
Trd, 000202.683, 155
Trd, 000202.867, 161.0
Trd, 000203.300, 149
Trd, 000204.517, 161
Trd, 000205.200, 155
Trd, 000206.000, 159
Trd, 000206.983, 157
Trd, 000208.600, 156
Trd, 000208.650, 155
Trd, 000209.383, 156
Trd, 000209.683, 156
Trd, 000209.933, 159
Trd, 000210.333, 155
Trd, 000211.083, 156
Trd, 000211.783, 156
Trd, 000211.867, 157
Trd, 000212.300, 155
Trd, 000213.750, 154
Trd, 000214.483, 151
Trd, 000215.183, 159
Trd, 000215.517, 165.0
Trd, 000215.883, 162
Trd, 000216.050, 157
Trd, 000216.300, 156
Trd, 000216.333, 152
Trd, 000216.917, 159
Trd, 000217.533, 161
Trd, 000217.833, 159
Trd, 000218.950, 161
Trd, 000220.383, 161
Trd, 000220.533, 159
Trd, 000221.483, 161
Trd, 000221.933, 162
Trd, 000222.200, 161
Trd, 000222.517, 162
Trd, 000223.467, 161.0
Trd, 000223.800, 160
Trd, 000224.367, 162
Trd, 000226.217, 159
Trd, 000226.233, 159
Trd, 000226.500, 162
Trd, 000226.700, 155
Trd, 000227.183, 155
Trd, 000227.217, 160
Trd, 000227.733, 150
Trd, 000229.050, 154
Trd, 000229.217, 154
Trd, 000229.933, 155
Trd, 000230.167, 160
Trd, 000231.917, 159
Trd, 000232.133, 159
Trd, 000232.517, 161
Trd, 000233.083, 159
Trd, 000233.750, 160
Trd, 000234.200, 144.0
Trd, 000235.333, 143
Trd, 000236.167, 142.0
Trd, 000236.800, 142
Trd, 000237.017, 142
Trd, 000237.167, 143
Trd, 000237.333, 148.0
Trd, 000239.217, 144.0
Trd, 000240.083, 143.0
Trd, 000240.117, 144.0
Trd, 000240.583, 142
Trd, 000240.667, 143
Trd, 000241.033, 143
Trd, 000241.217, 148.0
Trd, 000241.317, 151.0
Trd, 000242.033, 146.0
Trd, 000242.550, 148
Trd, 000243.000, 147.0
Trd, 000243.300, 148.0
Trd, 000243.633, 149
Trd, 000244.033, 147.0
Trd, 000244.067, 148
Trd, 000244.500, 146
Trd, 000244.783, 135.0
Trd, 000245.500, 145
Trd, 000245.700, 146
Trd, 000245.900, 146.0
Trd, 000246.333, 149
Trd, 000246.367, 148
Trd, 000246.700, 147
Trd, 000247.100, 148.0
Trd, 000247.400, 160
Trd, 000247.633, 147.0
Trd, 000248.050, 157
Trd, 000248.467, 159
Trd, 000248.900, 159
Trd, 000249.000, 162
Trd, 000249.417, 157
Trd, 000250.300, 156
Trd, 000250.350, 156
Trd, 000250.633, 151
Trd, 000251.200, 154
Trd, 000251.817, 151
Trd, 000252.617, 151
Trd, 000252.733, 149
Trd, 000253.283, 148.0
Trd, 000253.867, 148.0
Trd, 000254.133, 149.0
Trd, 000254.183, 148.0
Trd, 000254.483, 148.0
Trd, 000254.667, 147
Trd, 000255.500, 147.0
Trd, 000255.600, 150.0
Trd, 000256.017, 147
Trd, 000256.650, 147
Trd, 000256.767, 147.0
Trd, 000257.767, 150.0
Trd, 000257.900, 151.0
Trd, 000258.300, 158
Trd, 000258.850, 165.0
Trd, 000259.567, 159
Trd, 000259.867, 158
Trd, 000259.983, 154
Trd, 000260.100, 154
Trd, 000260.183, 156
Trd, 000260.300, 153
Trd, 000260.733, 153
Trd, 000261.100, 151
Trd, 000261.750, 152
Trd, 000261.983, 150
Trd, 000262.350, 150
Trd, 000262.367, 149
Trd, 000263.200, 148.0
Trd, 000263.450, 149
Trd, 000263.600, 152
Trd, 000264.083, 144.0
Trd, 000265.867, 141
Trd, 000265.917, 145
Trd, 000266.300, 143
Trd, 000266.917, 144
Trd, 000267.017, 144.0
Trd, 000267.450, 148
Trd, 000267.783, 151.0
Trd, 000267.917, 157
Trd, 000268.233, 148.0
Trd, 000268.400, 153
Trd, 000268.583, 151
Trd, 000268.667, 151
Trd, 000268.683, 150
Trd, 000269.017, 155
Trd, 000270.683, 157
Trd, 000270.783, 156
Trd, 000270.917, 153
Trd, 000271.533, 159
Trd, 000272.117, 157
Trd, 000272.250, 153
Trd, 000272.300, 150
Trd, 000273.550, 144
Trd, 000273.667, 162
Trd, 000274.817, 155
Trd, 000275.683, 160
Trd, 000275.867, 157
Trd, 000275.950, 162
Trd, 000276.533, 156
Trd, 000276.633, 156
Trd, 000276.800, 154
Trd, 000277.050, 159
Trd, 000277.417, 148.0
Trd, 000277.917, 147
Trd, 000278.133, 155
Trd, 000279.167, 151
Trd, 000279.250, 151
Trd, 000279.417, 151
Trd, 000279.700, 148.0
Trd, 000279.883, 144.0
Trd, 000280.217, 148
Trd, 000281.233, 147
Trd, 000281.417, 147
Trd, 000281.633, 148
Trd, 000281.783, 149
Trd, 000282.217, 150.0
Trd, 000282.883, 149.0
Trd, 000282.950, 151.0
Trd, 000283.633, 158
Trd, 000283.667, 165.0
Trd, 000284.033, 164
Trd, 000284.900, 158
Trd, 000285.400, 157
Trd, 000285.567, 153
Trd, 000286.433, 151.0
Trd, 000287.250, 151
Trd, 000287.567, 152
Trd, 000287.733, 150
Trd, 000287.850, 153
Trd, 000287.900, 154
Trd, 000287.933, 155
Trd, 000288.100, 149
Trd, 000288.167, 155
Trd, 000288.200, 148.0
Trd, 000289.367, 152
Trd, 000289.617, 147
Trd, 000290.200, 150.0
Trd, 000290.433, 149
Trd, 000291.217, 151
Trd, 000292.500, 152
Trd, 000292.833, 153
Trd, 000292.900, 149
Trd, 000292.933, 151.0
Trd, 000293.100, 148.0
Trd, 000294.450, 148.0
Trd, 000294.517, 151.0
Trd, 000295.367, 156
Trd, 000295.683, 151
Trd, 000295.800, 150.0
Trd, 000295.867, 149.0
Trd, 000296.183, 157
Trd, 000296.217, 150
Trd, 000296.250, 149
Trd, 000296.350, 158
Trd, 000296.500, 161
Trd, 000296.883, 160
Trd, 000297.417, 158
Trd, 000298.733, 159
Trd, 000299.317, 159
Trd, 000299.700, 160
Trd, 000299.783, 159
Trd, 000299.933, 161
