Trd, 000000.983, 145
Trd, 000001.650, 142
Trd, 000003.183, 136
Trd, 000003.617, 139.0
Trd, 000004.417, 140.0
Trd, 000004.650, 138
Trd, 000004.983, 141.0
Trd, 000005.200, 144.0
Trd, 000005.267, 145
Trd, 000005.300, 141
Trd, 000006.617, 141.0
Trd, 000007.117, 141
Trd, 000007.600, 137.0
Trd, 000007.750, 138
Trd, 000008.550, 133
Trd, 000009.033, 133
Trd, 000010.133, 133
Trd, 000010.167, 131.0
Trd, 000010.583, 144.0
Trd, 000011.067, 142.0
Trd, 000011.483, 162.0
Trd, 000012.133, 146
Trd, 000012.333, 145.0
Trd, 000012.717, 144
Trd, 000013.650, 145
Trd, 000014.633, 159
Trd, 000014.733, 148
Trd, 000014.967, 146
Trd, 000015.650, 148
Trd, 000016.317, 150
Trd, 000017.417, 149
Trd, 000017.817, 145
Trd, 000017.967, 149
Trd, 000018.250, 149
Trd, 000018.433, 149
Trd, 000018.983, 150
Trd, 000019.117, 148.0
Trd, 000020.367, 162.0
Trd, 000021.000, 148
Trd, 000023.200, 150
Trd, 000023.367, 149
Trd, 000023.933, 150
Trd, 000025.033, 147
Trd, 000025.450, 148
Trd, 000026.833, 146
Trd, 000027.583, 145
Trd, 000029.017, 143.0
Trd, 000029.350, 142.0
Trd, 000029.750, 142
Trd, 000029.983, 141.0
Trd, 000030.483, 142
Trd, 000030.583, 144
Trd, 000030.833, 144.0
Trd, 000031.333, 140
Trd, 000031.633, 140
Trd, 000032.433, 141
Trd, 000033.483, 142
Trd, 000033.633, 141
Trd, 000034.900, 142
Trd, 000035.200, 141.0
Trd, 000035.967, 142
Trd, 000037.550, 141
Trd, 000037.583, 141.0
Trd, 000038.017, 142
Trd, 000038.217, 142
Trd, 000038.783, 143.0
Trd, 000038.950, 143
Trd, 000039.300, 141
Trd, 000039.800, 141
Trd, 000040.517, 144
Trd, 000040.583, 139
Trd, 000040.817, 138
Trd, 000041.583, 144.0
Trd, 000042.183, 141.0
Trd, 000042.283, 141
Trd, 000044.683, 143.0
Trd, 000045.267, 144
Trd, 000045.683, 144.0
Trd, 000045.817, 144
Trd, 000046.167, 148
Trd, 000046.350, 144.0
Trd, 000046.533, 144
Trd, 000046.567, 145
Trd, 000047.033, 143.0
Trd, 000047.067, 141.0
Trd, 000047.100, 144.0
Trd, 000048.450, 143
Trd, 000049.267, 142
Trd, 000050.300, 139
Trd, 000051.150, 140
Trd, 000051.450, 141
Trd, 000052.117, 147
Trd, 000052.283, 161.0
Trd, 000052.600, 141.0
Trd, 000052.667, 162.0
Trd, 000053.333, 156
Trd, 000054.267, 150.0
Trd, 000055.433, 152
Trd, 000055.850, 149
Trd, 000056.200, 148.0
Trd, 000057.383, 147
Trd, 000059.217, 146
Trd, 000059.850, 145
Trd, 000059.900, 146
Trd, 000060.650, 145
Trd, 000062.017, 145
Trd, 000062.050, 145
Trd, 000062.100, 145
Trd, 000062.767, 145
Trd, 000063.150, 146
Trd, 000063.283, 145
Trd, 000065.600, 148
Trd, 000066.933, 151
Trd, 000068.233, 152
Trd, 000068.333, 153.0
Trd, 000068.583, 155.0
Trd, 000068.800, 149
Trd, 000069.817, 152
Trd, 000070.400, 150
Trd, 000071.117, 148.0
Trd, 000071.233, 148
Trd, 000071.800, 150
Trd, 000071.817, 152
Trd, 000072.617, 162.0
Trd, 000073.567, 150
Trd, 000073.700, 148
Trd, 000073.800, 148
Trd, 000074.767, 151
Trd, 000074.983, 139
Trd, 000075.083, 141.0
Trd, 000076.550, 142
Trd, 000077.150, 143.0
Trd, 000077.283, 143
Trd, 000077.617, 142.0
Trd, 000077.817, 143
Trd, 000078.833, 141.0
Trd, 000079.283, 141
Trd, 000080.517, 142
Trd, 000080.583, 141
Trd, 000081.300, 141
Trd, 000082.217, 140
Trd, 000082.517, 139
Trd, 000082.800, 138
Trd, 000083.117, 137.0
Trd, 000083.283, 140
Trd, 000084.933, 138
Trd, 000084.967, 139
Trd, 000085.033, 135
Trd, 000085.500, 140
Trd, 000086.183, 141.0
Trd, 000086.550, 134.0
Trd, 000087.767, 141.0
Trd, 000088.200, 141
Trd, 000088.683, 140
Trd, 000088.817, 141
Trd, 000089.933, 143
Trd, 000090.267, 144.0
Trd, 000090.383, 138.0
Trd, 000090.933, 138
Trd, 000092.583, 139.0
Trd, 000093.333, 139
Trd, 000093.650, 138
Trd, 000093.900, 139
Trd, 000094.117, 140
Trd, 000095.233, 139
Trd, 000095.300, 140.0
Trd, 000096.000, 141.0
Trd, 000098.250, 140
Trd, 000099.183, 141
Trd, 000099.550, 140
Trd, 000100.017, 140
Trd, 000100.333, 139
Trd, 000100.850, 139
Trd, 000101.067, 141
Trd, 000101.567, 141.0
Trd, 000102.317, 141
Trd, 000103.083, 141.0
Trd, 000103.533, 142.0
Trd, 000104.417, 143
Trd, 000105.233, 141
Trd, 000105.983, 142.0
Trd, 000106.467, 143
Trd, 000106.633, 143
Trd, 000107.000, 143.0
Trd, 000107.167, 144
Trd, 000107.233, 143
Trd, 000109.367, 143
Trd, 000109.517, 142.0
Trd, 000110.167, 145
Trd, 000110.283, 162.0
Trd, 000111.317, 151
Trd, 000112.300, 148
Trd, 000112.767, 146
Trd, 000113.183, 142.0
Trd, 000113.350, 143
Trd, 000113.550, 143.0
Trd, 000114.333, 144.0
Trd, 000115.550, 144
Trd, 000115.783, 144
Trd, 000116.050, 145
Trd, 000116.317, 144.0
Trd, 000116.800, 145
Trd, 000116.917, 146
Trd, 000117.450, 145
Trd, 000118.333, 144
Trd, 000118.417, 143
Trd, 000118.733, 145
Trd, 000119.400, 142
Trd, 000120.533, 144
Trd, 000120.667, 144.0
Trd, 000121.217, 143.0
Trd, 000121.500, 141.0
Trd, 000122.417, 140
Trd, 000123.600, 140.0
Trd, 000123.617, 141.0
Trd, 000123.683, 137.0
Trd, 000123.717, 143
Trd, 000125.383, 130
Trd, 000125.450, 141.0
Trd, 000125.783, 137
Trd, 000126.467, 137
Trd, 000126.817, 136
Trd, 000126.983, 139
Trd, 000127.250, 140
Trd, 000127.283, 144.0
Trd, 000127.483, 139
Trd, 000128.867, 140
Trd, 000129.033, 160
Trd, 000129.617, 149
Trd, 000131.333, 149
Trd, 000131.517, 148.0
Trd, 000131.700, 160.0
Trd, 000133.183, 149
Trd, 000133.767, 148
Trd, 000133.933, 150
Trd, 000134.117, 150
Trd, 000134.700, 141.0
Trd, 000136.083, 147
Trd, 000136.167, 146
Trd, 000136.267, 142
Trd, 000137.533, 144
Trd, 000137.833, 144
Trd, 000137.983, 144
Trd, 000138.250, 144
Trd, 000138.683, 145
Trd, 000139.733, 145
Trd, 000140.217, 144.0
Trd, 000140.267, 142
Trd, 000141.350, 143
Trd, 000141.817, 142.0
Trd, 000142.300, 142
Trd, 000142.750, 141.0
Trd, 000143.050, 142
Trd, 000144.150, 142
Trd, 000145.167, 141.0
Trd, 000145.500, 143
Trd, 000146.767, 141
Trd, 000147.183, 141.0
Trd, 000147.317, 142
Trd, 000148.367, 141.0
Trd, 000148.483, 141
Trd, 000149.067, 140
Trd, 000149.683, 141
Trd, 000150.250, 143
Trd, 000150.683, 143
Trd, 000151.383, 144.0
Trd, 000151.533, 161.0
Trd, 000151.833, 162.0
Trd, 000152.667, 152
Trd, 000153.683, 150
Trd, 000153.983, 149
Trd, 000155.367, 144.0
Trd, 000155.717, 142.0
Trd, 000156.700, 145
Trd, 000158.133, 144
Trd, 000158.217, 143.0
Trd, 000158.983, 143.0
Trd, 000160.217, 143
Trd, 000160.800, 142
Trd, 000161.217, 141.0
Trd, 000161.683, 141
Trd, 000161.733, 142
Trd, 000163.367, 142
Trd, 000163.867, 142.0
Trd, 000164.967, 142
Trd, 000165.767, 141.0
Trd, 000166.000, 140
Trd, 000166.033, 142
Trd, 000166.117, 143
Trd, 000166.500, 142
Trd, 000166.667, 143
Trd, 000167.283, 144.0
Trd, 000168.083, 144
Trd, 000168.317, 162.0
Trd, 000169.617, 145
Trd, 000169.733, 144
Trd, 000169.783, 144
Trd, 000170.367, 143
Trd, 000171.417, 144.0
Trd, 000171.433, 146
Trd, 000171.483, 141.0
Trd, 000172.150, 145
Trd, 000172.367, 141
Trd, 000173.400, 144
Trd, 000175.050, 142.0
Trd, 000175.533, 144.0
Trd, 000175.800, 145
Trd, 000175.850, 146
Trd, 000176.450, 143
Trd, 000177.767, 143.0
Trd, 000178.000, 144
Trd, 000178.600, 143.0
Trd, 000179.550, 144.0
Trd, 000179.767, 141.0
Trd, 000180.567, 144
Trd, 000180.733, 144
Trd, 000181.383, 143
Trd, 000181.633, 143
Trd, 000181.650, 141
Trd, 000182.450, 143
Trd, 000183.800, 142
Trd, 000184.183, 141
Trd, 000184.233, 138
Trd, 000185.183, 141
Trd, 000186.350, 141.0
Trd, 000189.117, 141
Trd, 000189.317, 140
Trd, 000189.450, 139.0
Trd, 000190.033, 141
Trd, 000190.717, 141
Trd, 000191.233, 141
Trd, 000191.383, 142.0
Trd, 000191.867, 140
Trd, 000192.050, 137.0
Trd, 000193.750, 141
Trd, 000194.767, 138
Trd, 000194.950, 141.0
Trd, 000195.800, 141
Trd, 000196.067, 141.0
Trd, 000196.217, 143.0
Trd, 000196.400, 142.0
Trd, 000197.583, 143.0
Trd, 000198.233, 143
Trd, 000198.450, 144.0
Trd, 000198.683, 148
Trd, 000199.367, 144
Trd, 000199.450, 141
Trd, 000200.567, 143.0
Trd, 000200.633, 144.0
Trd, 000201.717, 144
Trd, 000202.050, 146
Trd, 000202.767, 145
Trd, 000203.133, 146
Trd, 000205.633, 148
Trd, 000205.700, 160.0
Trd, 000206.000, 147
Trd, 000206.633, 151
Trd, 000207.017, 160.0
Trd, 000209.317, 147
Trd, 000209.383, 147
Trd, 000210.300, 147
Trd, 000210.983, 148
Trd, 000211.783, 148
Trd, 000212.450, 148
Trd, 000212.483, 147
Trd, 000213.217, 148
Trd, 000213.633, 146
Trd, 000213.767, 148
Trd, 000214.683, 148
Trd, 000215.533, 145
Trd, 000216.317, 144
Trd, 000216.450, 146
Trd, 000217.517, 144
Trd, 000218.150, 143
Trd, 000219.033, 142
Trd, 000219.983, 140.0
Trd, 000220.067, 141.0
Trd, 000220.150, 142
Trd, 000220.717, 143
Trd, 000221.450, 142
Trd, 000221.800, 142
Trd, 000222.600, 141
Trd, 000222.700, 142.0
Trd, 000223.600, 144.0
Trd, 000224.067, 146
Trd, 000224.117, 145
Trd, 000224.967, 160.0
Trd, 000225.517, 144
Trd, 000225.933, 150
Trd, 000226.133, 150
Trd, 000226.183, 146.0
Trd, 000226.200, 144.0
Trd, 000226.600, 141.0
Trd, 000227.967, 143.0
Trd, 000229.950, 141
Trd, 000230.133, 140
Trd, 000230.450, 141
Trd, 000230.667, 141
Trd, 000230.733, 140
Trd, 000231.017, 141
Trd, 000231.400, 138.0
Trd, 000232.133, 139.0
Trd, 000232.767, 140.0
Trd, 000232.883, 141.0
Trd, 000232.933, 142
Trd, 000233.333, 137.0
Trd, 000233.917, 141
Trd, 000234.467, 141
Trd, 000234.700, 142
Trd, 000235.867, 140.0
Trd, 000236.083, 140
Trd, 000237.717, 139
Trd, 000239.483, 140
Trd, 000239.900, 140
Trd, 000240.000, 140
Trd, 000240.017, 141.0
Trd, 000240.267, 144.0
Trd, 000240.550, 153
Trd, 000240.633, 144
Trd, 000241.183, 145
Trd, 000242.283, 144.0
Trd, 000242.650, 145.0
Trd, 000243.283, 142
Trd, 000243.533, 145
Trd, 000243.817, 148.0
Trd, 000244.033, 146
Trd, 000244.300, 146
Trd, 000244.367, 147
Trd, 000244.400, 148
Trd, 000244.500, 147
Trd, 000245.233, 149
Trd, 000245.267, 148
Trd, 000247.000, 154.0
Trd, 000247.050, 153
Trd, 000247.383, 152
Trd, 000248.267, 154
Trd, 000248.767, 154
Trd, 000249.067, 156
Trd, 000249.633, 154
Trd, 000249.783, 154
Trd, 000249.883, 155.0
Trd, 000250.617, 152.0
Trd, 000251.217, 155
Trd, 000251.800, 153
Trd, 000252.433, 152
Trd, 000253.000, 151
Trd, 000253.083, 152
Trd, 000254.083, 153
Trd, 000254.117, 151.0
Trd, 000255.033, 150
Trd, 000255.583, 148.0
Trd, 000255.683, 143
Trd, 000256.133, 144.0
Trd, 000256.683, 149
Trd, 000256.883, 148.0
Trd, 000257.167, 150
Trd, 000257.333, 150.0
Trd, 000257.600, 150
Trd, 000257.900, 153
Trd, 000258.517, 153.0
Trd, 000258.550, 162.0
Trd, 000259.150, 151.0
Trd, 000259.383, 152
Trd, 000259.500, 146
Trd, 000260.183, 148.0
Trd, 000261.617, 144
Trd, 000261.667, 145
Trd, 000261.983, 146
Trd, 000262.100, 146.0
Trd, 000262.517, 148.0
Trd, 000262.700, 148.0
Trd, 000263.467, 159.0
Trd, 000263.517, 158
Trd, 000264.267, 156
Trd, 000264.650, 155.0
Trd, 000264.850, 142.0
Trd, 000265.283, 148
Trd, 000265.383, 151
Trd, 000266.183, 148
Trd, 000266.433, 147
Trd, 000266.833, 148
Trd, 000267.300, 162.0
Trd, 000267.733, 160
Trd, 000268.650, 152
Trd, 000268.700, 151
Trd, 000269.233, 151.0
Trd, 000269.533, 152
Trd, 000269.650, 145
Trd, 000270.283, 153
Trd, 000270.367, 147.0
Trd, 000270.617, 156
Trd, 000271.067, 143.0
Trd, 000271.700, 152
Trd, 000272.500, 150
Trd, 000272.650, 151
Trd, 000272.817, 152
Trd, 000273.167, 150.0
Trd, 000273.733, 150
Trd, 000273.983, 149.0
Trd, 000274.000, 148.0
Trd, 000274.067, 153
Trd, 000275.017, 148.0
Trd, 000275.433, 150.0
Trd, 000275.600, 149.0
Trd, 000275.800, 146
Trd, 000277.033, 146
Trd, 000278.067, 148
Trd, 000278.250, 149
Trd, 000279.550, 150
Trd, 000280.333, 154.0
Trd, 000280.383, 155
Trd, 000280.533, 152
Trd, 000281.233, 153
Trd, 000281.333, 152
Trd, 000281.567, 151
Trd, 000281.733, 149
Trd, 000281.967, 149
Trd, 000282.050, 148.0
Trd, 000282.067, 151
Trd, 000282.300, 144
Trd, 000282.833, 137.0
Trd, 000282.967, 151
Trd, 000283.500, 151
Trd, 000284.383, 152
Trd, 000284.967, 161.0
Trd, 000285.283, 152
Trd, 000285.483, 150
Trd, 000285.917, 155
Trd, 000286.383, 158
Trd, 000286.650, 155.0
Trd, 000288.283, 159
Trd, 000288.717, 156
Trd, 000289.000, 157
Trd, 000289.583, 160.0
Trd, 000289.817, 155.0
Trd, 000290.383, 156
Trd, 000290.817, 155
Trd, 000290.983, 159
Trd, 000291.517, 165
Trd, 000292.233, 149.0
Trd, 000292.350, 161
Trd, 000292.533, 148.0
Trd, 000293.750, 151.0
Trd, 000294.817, 155.0
Trd, 000295.317, 158
Trd, 000295.633, 153
Trd, 000295.683, 152
Trd, 000295.933, 148.0
Trd, 000296.650, 147
Trd, 000296.667, 152
Trd, 000296.933, 153
Trd, 000298.867, 151
Trd, 000298.883, 152
Trd, 000299.100, 152
Trd, 000299.300, 145
Trd, 000299.417, 141.0
Trd, 000299.983, 152
