Trd, 000001.150, 106.0
Trd, 000001.283, 143
Trd, 000001.567, 151.0
Trd, 000003.483, 167
Trd, 000003.917, 162
Trd, 000005.117, 146
Trd, 000005.617, 147
Trd, 000005.900, 148.0
Trd, 000006.600, 149
Trd, 000007.467, 149
Trd, 000007.650, 149
Trd, 000007.817, 147.0
Trd, 000008.017, 150.0
Trd, 000008.883, 150.0
Trd, 000009.483, 149
Trd, 000010.600, 148.0
Trd, 000010.833, 147
Trd, 000011.133, 148
Trd, 000011.150, 147
Trd, 000011.233, 145.0
Trd, 000011.317, 151.0
Trd, 000011.933, 151
Trd, 000012.533, 145
Trd, 000014.517, 145
Trd, 000014.783, 148
Trd, 000014.983, 148.0
Trd, 000016.700, 147
Trd, 000017.967, 144.0
Trd, 000019.400, 143
Trd, 000019.467, 145
Trd, 000019.717, 145
Trd, 000019.750, 146
Trd, 000020.000, 144
Trd, 000020.067, 151.0
Trd, 000020.983, 157
Trd, 000022.017, 162.0
Trd, 000022.133, 165.0
Trd, 000022.217, 144
Trd, 000022.600, 150
Trd, 000024.117, 150
Trd, 000024.783, 150.0
Trd, 000025.583, 150.0
Trd, 000025.950, 149
Trd, 000026.150, 151.0
Trd, 000026.250, 147
Trd, 000026.817, 148
Trd, 000027.383, 144.0
Trd, 000028.100, 148
Trd, 000028.850, 148
Trd, 000029.133, 148.0
Trd, 000029.433, 148
Trd, 000029.600, 147
Trd, 000030.467, 149
Trd, 000031.250, 150
Trd, 000031.783, 150
Trd, 000032.367, 150
Trd, 000032.767, 151.0
Trd, 000032.967, 149
Trd, 000033.267, 149
Trd, 000035.033, 149
Trd, 000035.150, 147
Trd, 000035.650, 151
Trd, 000036.250, 147
Trd, 000036.283, 147
Trd, 000036.300, 151
Trd, 000037.833, 149
Trd, 000038.867, 149
Trd, 000039.267, 146
Trd, 000039.600, 147
Trd, 000040.133, 146
Trd, 000040.500, 145.0
Trd, 000041.683, 147.0
Trd, 000042.167, 148.0
Trd, 000042.500, 146
Trd, 000042.850, 150.0
Trd, 000043.017, 151.0
Trd, 000043.167, 165.0
Trd, 000043.950, 155
Trd, 000045.200, 146
Trd, 000047.633, 145
Trd, 000047.700, 145
Trd, 000048.167, 146
Trd, 000048.517, 145
Trd, 000049.200, 148
Trd, 000049.317, 148.0
Trd, 000049.800, 144.0
Trd, 000049.883, 146
Trd, 000050.517, 143
Trd, 000050.667, 145
Trd, 000051.450, 151.0
Trd, 000052.817, 145.0
Trd, 000053.283, 145
Trd, 000053.500, 144
Trd, 000053.783, 145
Trd, 000054.617, 146
Trd, 000055.417, 143
Trd, 000055.433, 147
Trd, 000056.367, 147
Trd, 000056.667, 145.0
Trd, 000058.683, 145.0
Trd, 000058.750, 144.0
Trd, 000058.850, 144
Trd, 000059.467, 147
Trd, 000059.533, 151.0
Trd, 000059.933, 155.0
Trd, 000060.467, 144
Trd, 000060.783, 154
Trd, 000061.733, 143
Trd, 000062.467, 148
Trd, 000062.833, 154
Trd, 000063.000, 166.0
Trd, 000064.083, 151.0
Trd, 000064.433, 149
Trd, 000065.017, 148
Trd, 000065.850, 150
Trd, 000066.300, 148
Trd, 000066.483, 151
Trd, 000067.533, 150
Trd, 000067.717, 147
Trd, 000069.083, 147
Trd, 000070.917, 148.0
Trd, 000071.100, 147.0
Trd, 000071.533, 146.0
Trd, 000071.733, 148
Trd, 000071.750, 148
Trd, 000073.317, 145
Trd, 000073.333, 147
Trd, 000073.817, 146
Trd, 000074.417, 145
Trd, 000075.383, 145
Trd, 000075.567, 147
Trd, 000075.817, 148.0
Trd, 000077.233, 144.0
Trd, 000077.383, 148
Trd, 000078.167, 145
Trd, 000078.183, 148
Trd, 000079.283, 147.0
Trd, 000079.400, 144.0
Trd, 000080.650, 144
Trd, 000080.833, 146.0
Trd, 000081.267, 145
Trd, 000081.717, 145
Trd, 000082.000, 146
Trd, 000082.283, 147
Trd, 000082.550, 146
Trd, 000083.300, 148.0
Trd, 000083.833, 150.0
Trd, 000083.917, 143
Trd, 000086.033, 146
Trd, 000087.383, 144
Trd, 000087.517, 143
Trd, 000088.283, 144.0
Trd, 000088.317, 145
Trd, 000088.617, 146
Trd, 000088.733, 143
Trd, 000088.983, 147
Trd, 000089.750, 144
Trd, 000090.000, 155.0
Trd, 000090.717, 150
Trd, 000090.850, 165.0
Trd, 000091.200, 162
Trd, 000091.967, 151.0
Trd, 000094.350, 145
Trd, 000094.467, 152
Trd, 000095.067, 144
Trd, 000095.433, 150
Trd, 000095.500, 151
Trd, 000095.833, 144.0
Trd, 000095.950, 154.0
Trd, 000096.000, 155.0
Trd, 000096.433, 146
Trd, 000097.983, 149
Trd, 000098.067, 150
Trd, 000098.283, 148
Trd, 000099.050, 149
Trd, 000099.183, 148
Trd, 000099.500, 148
Trd, 000100.167, 147
Trd, 000101.483, 147
Trd, 000101.550, 144.0
Trd, 000101.700, 147
Trd, 000101.900, 148
Trd, 000103.750, 149
Trd, 000104.233, 148
Trd, 000104.867, 146
Trd, 000105.783, 147
Trd, 000106.150, 148
Trd, 000106.483, 150
Trd, 000106.650, 151.0
Trd, 000108.550, 149
Trd, 000108.950, 149
Trd, 000109.200, 150
Trd, 000109.283, 149
Trd, 000109.683, 148
Trd, 000110.633, 146
Trd, 000111.650, 147
Trd, 000112.283, 146
Trd, 000112.467, 145
Trd, 000113.467, 144
Trd, 000113.750, 144.0
Trd, 000114.650, 143
Trd, 000114.733, 144
Trd, 000114.917, 148.0
Trd, 000114.950, 130
Trd, 000115.400, 155.0
Trd, 000115.783, 151.0
Trd, 000116.283, 155.0
Trd, 000116.783, 147
Trd, 000117.483, 148.0
Trd, 000117.617, 149
Trd, 000120.300, 148.0
Trd, 000120.617, 150
Trd, 000120.967, 146
Trd, 000121.083, 149
Trd, 000121.567, 149
Trd, 000122.750, 148
Trd, 000122.833, 146
Trd, 000124.217, 146
Trd, 000124.400, 148
Trd, 000125.500, 147
Trd, 000125.933, 147
Trd, 000126.117, 147
Trd, 000126.150, 145
Trd, 000126.700, 147.0
Trd, 000127.350, 145
Trd, 000127.900, 148.0
Trd, 000128.467, 148
Trd, 000129.033, 151.0
Trd, 000129.400, 155.0
Trd, 000129.533, 146.0
Trd, 000130.700, 148
Trd, 000131.267, 155.0
Trd, 000131.350, 163.0
Trd, 000131.633, 165.0
Trd, 000132.767, 151.0
Trd, 000132.833, 150
Trd, 000133.350, 151
Trd, 000134.150, 150
Trd, 000134.533, 150
Trd, 000134.883, 149
Trd, 000135.133, 151.0
Trd, 000136.067, 151
Trd, 000136.100, 151
Trd, 000136.133, 150
Trd, 000137.067, 150
Trd, 000137.483, 151
Trd, 000138.200, 149
Trd, 000139.433, 149
Trd, 000139.467, 150
Trd, 000140.233, 149
Trd, 000140.433, 154.0
Trd, 000140.517, 148
Trd, 000140.967, 149
Trd, 000141.383, 151.0
Trd, 000142.383, 151
Trd, 000143.333, 150
Trd, 000144.017, 150
Trd, 000144.883, 151.0
Trd, 000145.350, 150
Trd, 000145.517, 149
Trd, 000146.483, 150
Trd, 000146.750, 151
Trd, 000147.450, 150
Trd, 000147.783, 148
Trd, 000149.633, 148
Trd, 000149.750, 149
Trd, 000149.967, 148
Trd, 000150.350, 150
Trd, 000150.850, 146
Trd, 000151.050, 149
Trd, 000151.700, 147
Trd, 000153.467, 148
Trd, 000153.717, 148.0
Trd, 000154.017, 147
Trd, 000154.500, 148
Trd, 000154.633, 151.0
Trd, 000154.783, 147
Trd, 000155.467, 146
Trd, 000157.217, 148
Trd, 000157.700, 146
Trd, 000158.783, 146
Trd, 000158.933, 146
Trd, 000160.167, 148
Trd, 000160.233, 145
Trd, 000160.367, 149
Trd, 000161.600, 147
Trd, 000162.767, 147
Trd, 000163.067, 148
Trd, 000163.483, 145
Trd, 000163.583, 145
Trd, 000163.717, 147
Trd, 000163.767, 147
Trd, 000165.450, 146
Trd, 000166.017, 147
Trd, 000166.683, 148
Trd, 000167.517, 147.0
Trd, 000167.550, 145
Trd, 000167.850, 148.0
Trd, 000168.800, 144.0
Trd, 000169.033, 143
Trd, 000170.300, 146
Trd, 000170.983, 145
Trd, 000171.050, 146
Trd, 000171.700, 147.0
Trd, 000171.733, 144
Trd, 000172.050, 144.0
Trd, 000172.650, 144
Trd, 000173.567, 146
Trd, 000174.533, 145
Trd, 000174.983, 146
Trd, 000175.017, 145
Trd, 000176.417, 148.0
Trd, 000176.567, 149.0
Trd, 000177.250, 155.0
Trd, 000177.567, 147
Trd, 000179.683, 146
Trd, 000180.667, 146
Trd, 000180.767, 147
Trd, 000180.867, 147.0
Trd, 000181.300, 148.0
Trd, 000182.383, 145
Trd, 000182.567, 147
Trd, 000184.000, 146
Trd, 000184.383, 146
Trd, 000184.700, 146
Trd, 000185.600, 147
Trd, 000185.783, 148.0
Trd, 000186.767, 154.0
Trd, 000187.417, 151
Trd, 000187.567, 145
Trd, 000188.467, 149
Trd, 000188.583, 149
Trd, 000189.700, 144.0
Trd, 000190.067, 146
Trd, 000191.117, 155.0
Trd, 000192.367, 149
Trd, 000193.033, 150
Trd, 000193.817, 150.0
Trd, 000194.183, 148
Trd, 000194.367, 150
Trd, 000194.783, 146
Trd, 000194.983, 149
Trd, 000195.267, 150
Trd, 000195.717, 150.0
Trd, 000196.633, 149.0
Trd, 000198.350, 149.0
Trd, 000198.400, 151
Trd, 000199.567, 151.0
Trd, 000200.517, 151
Trd, 000200.667, 150
Trd, 000200.900, 152.0
Trd, 000201.250, 149
Trd, 000202.683, 155.0
Trd, 000203.333, 153
Trd, 000205.233, 149
Trd, 000205.533, 149
Trd, 000205.883, 150
Trd, 000205.917, 151
Trd, 000205.933, 152
Trd, 000206.367, 151.0
Trd, 000207.583, 146
Trd, 000208.300, 150
Trd, 000208.550, 149
Trd, 000209.850, 148
Trd, 000210.067, 147
Trd, 000210.833, 146
Trd, 000210.917, 148
Trd, 000211.500, 147
Trd, 000211.633, 145
Trd, 000211.917, 148.0
Trd, 000212.350, 146
Trd, 000213.050, 144.0
Trd, 000214.433, 146
Trd, 000214.783, 146
Trd, 000215.017, 148.0
Trd, 000215.483, 146
Trd, 000215.867, 145
Trd, 000217.383, 146
Trd, 000218.283, 148
Trd, 000219.300, 148.0
Trd, 000219.983, 149
Trd, 000220.183, 145.0
Trd, 000220.600, 147
Trd, 000220.933, 147
Trd, 000221.483, 147
Trd, 000221.567, 144.0
Trd, 000222.633, 147
Trd, 000223.267, 148
Trd, 000223.350, 148
Trd, 000223.517, 147
Trd, 000223.600, 150
Trd, 000223.650, 150
Trd, 000224.083, 145
Trd, 000225.917, 148
Trd, 000226.217, 150
Trd, 000226.383, 145
Trd, 000226.950, 144
Trd, 000228.283, 148
Trd, 000229.383, 148
Trd, 000229.833, 148
Trd, 000230.333, 146
Trd, 000231.000, 144
Trd, 000231.233, 146
Trd, 000231.300, 145
Trd, 000232.433, 145
Trd, 000232.817, 144.0
Trd, 000233.367, 144.0
Trd, 000233.500, 144
Trd, 000234.567, 144
Trd, 000234.633, 143
Trd, 000234.983, 147.0
Trd, 000236.167, 146
Trd, 000237.483, 147
Trd, 000238.050, 147
Trd, 000238.767, 147
Trd, 000239.133, 148.0
Trd, 000239.283, 146
Trd, 000239.333, 151.0
Trd, 000239.550, 155.0
Trd, 000240.433, 152
Trd, 000240.767, 153
Trd, 000240.950, 152
Trd, 000240.983, 162.0
Trd, 000242.017, 153
Trd, 000242.700, 154
Trd, 000242.850, 152
Trd, 000242.950, 154
Trd, 000244.117, 162.0
Trd, 000244.733, 153.0
Trd, 000244.917, 153.0
Trd, 000245.517, 151
Trd, 000245.583, 154.0
Trd, 000245.633, 151.0
Trd, 000245.683, 144.0
Trd, 000246.067, 143
Trd, 000246.417, 148
Trd, 000246.633, 147
Trd, 000247.350, 146
Trd, 000247.717, 141
Trd, 000247.817, 147
Trd, 000248.483, 143
Trd, 000248.967, 144
Trd, 000249.550, 148
Trd, 000249.783, 162.0
Trd, 000250.833, 151.0
Trd, 000251.817, 148.0
Trd, 000251.833, 149.0
Trd, 000252.067, 151.0
Trd, 000252.250, 154
Trd, 000252.517, 152
Trd, 000252.733, 154.0
Trd, 000253.250, 152
Trd, 000253.267, 151
Trd, 000253.600, 148
Trd, 000253.617, 154
Trd, 000253.867, 148.0
Trd, 000253.983, 145.0
Trd, 000254.833, 154.0
Trd, 000256.167, 151.0
Trd, 000256.300, 150
Trd, 000256.467, 151
Trd, 000257.150, 148
Trd, 000257.483, 146
Trd, 000258.933, 149
Trd, 000259.067, 150
Trd, 000259.750, 148
Trd, 000260.033, 150
Trd, 000260.233, 147
Trd, 000260.350, 151.0
Trd, 000260.917, 148
Trd, 000261.217, 150
Trd, 000261.400, 148
Trd, 000261.683, 147
Trd, 000261.717, 151
Trd, 000262.267, 146
Trd, 000262.750, 150.0
Trd, 000262.850, 147.0
Trd, 000263.067, 144.0
Trd, 000264.017, 151.0
Trd, 000264.067, 150
Trd, 000264.283, 150
Trd, 000264.633, 151
Trd, 000265.483, 150
Trd, 000265.867, 151
Trd, 000266.683, 149
Trd, 000267.700, 152
Trd, 000268.450, 153
Trd, 000268.550, 153
Trd, 000268.567, 155
Trd, 000269.300, 155.0
Trd, 000269.617, 151
Trd, 000269.917, 155
Trd, 000270.267, 155
Trd, 000270.817, 155
Trd, 000271.017, 151
Trd, 000271.050, 155
Trd, 000271.350, 152
Trd, 000271.700, 155
Trd, 000271.917, 162.0
Trd, 000272.333, 151
Trd, 000272.767, 159
Trd, 000273.183, 158
Trd, 000274.317, 149
Trd, 000274.450, 156.0
Trd, 000275.033, 151
Trd, 000275.517, 155.0
Trd, 000275.700, 150
Trd, 000276.283, 145.0
Trd, 000276.517, 146
Trd, 000276.767, 148
Trd, 000277.467, 147
Trd, 000278.017, 148
Trd, 000278.183, 146
Trd, 000278.850, 150
Trd, 000279.367, 144.0
Trd, 000280.600, 146
Trd, 000280.650, 148
Trd, 000281.650, 149
Trd, 000282.083, 150
Trd, 000282.133, 151
Trd, 000282.267, 155.0
Trd, 000283.050, 162.0
Trd, 000283.483, 158.0
Trd, 000283.983, 159
Trd, 000284.817, 152.0
Trd, 000285.750, 155
Trd, 000286.500, 154
Trd, 000286.550, 155
Trd, 000287.300, 153
Trd, 000287.333, 152
Trd, 000287.417, 151.0
Trd, 000288.550, 152
Trd, 000288.683, 150
Trd, 000289.400, 152
Trd, 000289.900, 154
Trd, 000290.617, 150
Trd, 000290.733, 153
Trd, 000290.900, 155.0
Trd, 000291.433, 156
Trd, 000291.883, 156
Trd, 000292.467, 156
Trd, 000292.567, 152
Trd, 000292.600, 150
Trd, 000293.333, 150.0
Trd, 000293.583, 150.0
Trd, 000294.100, 149
Trd, 000294.150, 151.0
Trd, 000294.500, 155.0
Trd, 000295.017, 161.0
Trd, 000295.650, 151
Trd, 000296.467, 150
Trd, 000296.533, 151.0
Trd, 000296.550, 155
Trd, 000296.783, 150
Trd, 000297.667, 154
Trd, 000297.917, 148
Trd, 000298.117, 130
Trd, 000298.367, 154
Trd, 000298.817, 155
Trd, 000299.583, 162.0
