Trd, 000001.683, 172.0
Trd, 000001.750, 165.0
Trd, 000004.217, 159
Trd, 000005.233, 145
Trd, 000005.533, 146
Trd, 000005.550, 158
Trd, 000006.583, 151
Trd, 000007.033, 155
Trd, 000007.217, 154
Trd, 000008.600, 154
Trd, 000009.150, 155
Trd, 000011.333, 154
Trd, 000011.850, 155
Trd, 000012.483, 157
Trd, 000012.700, 156
Trd, 000014.900, 156
Trd, 000015.250, 154
Trd, 000015.417, 154
Trd, 000015.550, 156
Trd, 000015.650, 153
Trd, 000016.350, 153
Trd, 000016.600, 155
Trd, 000016.733, 154.0
Trd, 000017.350, 154
Trd, 000018.217, 154
Trd, 000018.583, 152.0
Trd, 000019.017, 153
Trd, 000019.967, 163
Trd, 000020.167, 164.0
Trd, 000021.983, 157
Trd, 000022.083, 156
Trd, 000022.483, 155
Trd, 000022.600, 154
Trd, 000022.633, 157
Trd, 000023.567, 158
Trd, 000024.133, 158
Trd, 000024.967, 156
Trd, 000025.600, 159
Trd, 000025.900, 159
Trd, 000026.067, 158
Trd, 000026.833, 159
Trd, 000027.333, 159
Trd, 000027.550, 158
Trd, 000027.633, 159
Trd, 000027.983, 158
Trd, 000028.517, 158
Trd, 000028.683, 160
Trd, 000029.267, 156
Trd, 000031.650, 158
Trd, 000032.467, 158
Trd, 000033.700, 158
Trd, 000034.167, 158.0
Trd, 000034.217, 158
Trd, 000034.267, 159
Trd, 000034.383, 160
Trd, 000035.250, 158
Trd, 000035.750, 157
Trd, 000036.317, 157
Trd, 000036.767, 156
Trd, 000037.450, 151.0
Trd, 000038.217, 154
Trd, 000039.817, 154
Trd, 000040.200, 154
Trd, 000040.383, 155
Trd, 000041.467, 155
Trd, 000041.817, 155
Trd, 000042.333, 155
Trd, 000042.550, 154
Trd, 000044.533, 155
Trd, 000044.667, 157.0
Trd, 000046.350, 155
Trd, 000047.617, 155
Trd, 000048.333, 156
Trd, 000048.850, 166.0
Trd, 000049.400, 165.0
Trd, 000050.317, 165
Trd, 000050.483, 164
Trd, 000050.717, 163
Trd, 000051.367, 161
Trd, 000051.567, 159
Trd, 000051.633, 151.0
Trd, 000051.900, 159.0
Trd, 000052.050, 148
Trd, 000052.950, 157
Trd, 000054.133, 154
Trd, 000054.283, 152
Trd, 000055.000, 153
Trd, 000055.983, 152
Trd, 000056.183, 153
Trd, 000056.433, 151.0
Trd, 000056.967, 155
Trd, 000057.767, 158.0
Trd, 000058.333, 159
Trd, 000058.683, 159
Trd, 000058.850, 158
Trd, 000060.000, 157
Trd, 000060.433, 158
Trd, 000060.450, 158.0
Trd, 000060.817, 159
Trd, 000061.033, 155
Trd, 000061.050, 160
Trd, 000061.617, 154
Trd, 000061.750, 165.0
Trd, 000061.933, 147
Trd, 000063.667, 155
Trd, 000064.150, 155
Trd, 000064.183, 154
Trd, 000064.483, 145
Trd, 000065.083, 145
Trd, 000067.767, 153
Trd, 000067.933, 152
Trd, 000069.317, 153
Trd, 000069.933, 154
Trd, 000070.050, 152.0
Trd, 000070.767, 154
Trd, 000070.900, 153.0
Trd, 000071.150, 153
Trd, 000072.417, 152
Trd, 000073.533, 152
Trd, 000073.700, 152
Trd, 000073.783, 151
Trd, 000075.033, 153
Trd, 000075.050, 152.0
Trd, 000075.733, 152
Trd, 000075.917, 152
Trd, 000075.967, 151.0
Trd, 000076.917, 155
Trd, 000077.033, 155
Trd, 000077.683, 156.0
Trd, 000078.000, 154
Trd, 000078.017, 153
Trd, 000078.150, 158.0
Trd, 000080.467, 155
Trd, 000080.767, 157
Trd, 000081.800, 158
Trd, 000082.433, 166
Trd, 000083.133, 163
Trd, 000083.233, 161
Trd, 000083.950, 161
Trd, 000084.900, 160
Trd, 000085.033, 160
Trd, 000085.067, 159
Trd, 000085.167, 151.0
Trd, 000085.450, 161
Trd, 000086.133, 154
Trd, 000086.317, 156
Trd, 000086.483, 148
Trd, 000088.550, 156
Trd, 000088.883, 155
Trd, 000089.783, 155
Trd, 000090.350, 156
Trd, 000091.283, 158.0
Trd, 000091.667, 157
Trd, 000092.067, 155
Trd, 000092.550, 155
Trd, 000093.400, 154
Trd, 000093.900, 155
Trd, 000094.350, 155
Trd, 000094.683, 154
Trd, 000095.950, 155
Trd, 000096.233, 153
Trd, 000097.333, 151
Trd, 000097.867, 153
Trd, 000098.383, 153
Trd, 000098.683, 152
Trd, 000098.867, 153
Trd, 000099.683, 154
Trd, 000099.750, 154
Trd, 000101.217, 152
Trd, 000102.383, 152
Trd, 000102.750, 153
Trd, 000103.450, 152
Trd, 000104.133, 153
Trd, 000104.500, 152
Trd, 000105.333, 152
Trd, 000106.300, 153
Trd, 000106.400, 153
Trd, 000106.650, 152
Trd, 000107.133, 152
Trd, 000107.583, 151
Trd, 000107.700, 151
Trd, 000108.033, 148
Trd, 000109.050, 148
Trd, 000109.867, 153
Trd, 000110.050, 156.0
Trd, 000110.233, 151
Trd, 000111.167, 150
Trd, 000112.200, 155
Trd, 000112.233, 154
Trd, 000113.283, 154
Trd, 000113.400, 152
Trd, 000114.250, 153
Trd, 000115.350, 155
Trd, 000115.383, 152
Trd, 000117.867, 156.0
Trd, 000117.883, 156
Trd, 000117.900, 151
Trd, 000118.867, 151.0
Trd, 000119.017, 151
Trd, 000119.317, 156
Trd, 000121.050, 150
Trd, 000121.617, 152
Trd, 000121.733, 151
Trd, 000122.067, 150
Trd, 000122.500, 150
Trd, 000122.683, 151
Trd, 000123.300, 152
Trd, 000124.533, 159
Trd, 000124.733, 158
Trd, 000125.167, 157
Trd, 000125.333, 164.0
Trd, 000125.783, 160
Trd, 000127.283, 160
Trd, 000128.450, 161
Trd, 000129.217, 162.0
Trd, 000129.517, 164.0
Trd, 000129.567, 165.0
Trd, 000129.600, 161
Trd, 000131.133, 162
Trd, 000132.100, 162
Trd, 000133.133, 161
Trd, 000133.450, 161
Trd, 000133.933, 160
Trd, 000134.067, 151.0
Trd, 000134.667, 161
Trd, 000134.717, 161
Trd, 000135.800, 154
Trd, 000136.017, 154
Trd, 000136.850, 161
Trd, 000137.383, 161
Trd, 000138.017, 159
Trd, 000139.050, 161.0
Trd, 000139.850, 162
Trd, 000140.017, 159
Trd, 000141.200, 160
Trd, 000142.483, 158.0
Trd, 000143.033, 158
Trd, 000144.283, 158.0
Trd, 000144.850, 157
Trd, 000144.983, 157
Trd, 000145.167, 157
Trd, 000145.633, 159
Trd, 000146.033, 157
Trd, 000146.317, 156
Trd, 000147.200, 156
Trd, 000147.433, 152.0
Trd, 000148.317, 152
Trd, 000148.333, 155
Trd, 000148.567, 151.0
Trd, 000149.367, 153
Trd, 000150.283, 154
Trd, 000150.767, 153
Trd, 000151.667, 154
Trd, 000152.567, 154
Trd, 000153.150, 158.0
Trd, 000153.617, 154
Trd, 000153.950, 152
Trd, 000155.450, 160
Trd, 000156.267, 158.0
Trd, 000157.250, 158
Trd, 000157.517, 158
Trd, 000157.867, 158.0
Trd, 000158.200, 159
Trd, 000159.667, 157
Trd, 000159.800, 156
Trd, 000159.950, 155
Trd, 000160.750, 158
Trd, 000161.583, 158
Trd, 000161.700, 157
Trd, 000162.550, 155
Trd, 000163.550, 155.0
Trd, 000165.017, 154
Trd, 000165.283, 155
Trd, 000165.483, 155
Trd, 000165.583, 157
Trd, 000167.800, 155
Trd, 000167.933, 153
Trd, 000168.567, 154
Trd, 000168.867, 154
Trd, 000168.933, 153
Trd, 000170.300, 154
Trd, 000170.700, 154
Trd, 000170.950, 155
Trd, 000170.983, 153
Trd, 000171.867, 157.0
Trd, 000173.017, 154
Trd, 000173.533, 157
Trd, 000174.000, 157
Trd, 000174.333, 157
Trd, 000174.417, 158.0
Trd, 000175.650, 157
Trd, 000175.833, 158
Trd, 000176.000, 156
Trd, 000176.883, 165.0
Trd, 000177.967, 158
Trd, 000178.100, 157
Trd, 000178.300, 167
Trd, 000179.317, 161
Trd, 000179.400, 160
Trd, 000179.833, 159
Trd, 000180.000, 158
Trd, 000180.633, 158
Trd, 000180.700, 157
Trd, 000182.250, 158
Trd, 000182.283, 156
Trd, 000183.850, 157
Trd, 000184.133, 156
Trd, 000184.233, 157
Trd, 000184.483, 158.0
Trd, 000185.967, 158
Trd, 000186.050, 156
Trd, 000186.267, 157
Trd, 000186.417, 156
Trd, 000186.617, 155
Trd, 000187.317, 155
Trd, 000187.450, 141.0
Trd, 000187.850, 149
Trd, 000189.733, 155
Trd, 000190.767, 154
Trd, 000191.067, 154
Trd, 000192.083, 156
Trd, 000192.200, 154
Trd, 000192.550, 156
Trd, 000193.333, 156
Trd, 000193.650, 154
Trd, 000194.017, 154
Trd, 000194.700, 153
Trd, 000194.800, 151.0
Trd, 000195.617, 154
Trd, 000196.600, 153
Trd, 000196.800, 153
Trd, 000197.433, 151
Trd, 000198.550, 152
Trd, 000198.767, 152
Trd, 000198.850, 156
Trd, 000198.917, 150
Trd, 000200.850, 153.0
Trd, 000201.300, 153
Trd, 000201.483, 152
Trd, 000201.633, 150
Trd, 000202.183, 153
Trd, 000202.850, 151
Trd, 000203.800, 152
Trd, 000204.500, 152
Trd, 000204.950, 152
Trd, 000205.883, 153
Trd, 000206.083, 152
Trd, 000206.433, 151.0
Trd, 000208.500, 158
Trd, 000209.217, 158
Trd, 000209.567, 158
Trd, 000209.917, 158.0
Trd, 000210.350, 157
Trd, 000210.433, 160.0
Trd, 000211.000, 166.0
Trd, 000211.017, 165.0
Trd, 000212.400, 163
Trd, 000212.867, 162
Trd, 000213.367, 162
Trd, 000213.967, 161
Trd, 000214.117, 162
Trd, 000214.950, 159.0
Trd, 000215.633, 162
Trd, 000216.517, 161
Trd, 000216.750, 159.0
Trd, 000217.133, 158.0
Trd, 000218.883, 158
Trd, 000219.133, 158.0
Trd, 000220.117, 158
Trd, 000220.150, 155
Trd, 000220.883, 163.0
Trd, 000221.417, 155
Trd, 000222.317, 158
Trd, 000222.467, 159
Trd, 000223.350, 162
Trd, 000223.450, 161
Trd, 000223.850, 158
Trd, 000224.800, 151.0
Trd, 000225.450, 157
Trd, 000225.617, 157
Trd, 000226.600, 158.0
Trd, 000226.667, 156
Trd, 000227.300, 157
Trd, 000227.783, 158
Trd, 000228.683, 158
Trd, 000229.067, 157
Trd, 000230.067, 156
Trd, 000230.833, 156
Trd, 000231.433, 157
Trd, 000231.550, 158
Trd, 000232.950, 158
Trd, 000233.150, 156
Trd, 000233.350, 155
Trd, 000234.217, 158.0
Trd, 000234.400, 159
Trd, 000236.433, 156
Trd, 000236.967, 156
Trd, 000237.100, 156
Trd, 000238.233, 156
Trd, 000238.667, 156
Trd, 000239.383, 157
Trd, 000239.667, 158.0
Trd, 000240.450, 155
Trd, 000240.600, 155
Trd, 000241.083, 155
Trd, 000241.150, 154
Trd, 000241.333, 155
Trd, 000241.483, 155
Trd, 000241.800, 155
Trd, 000242.067, 153
Trd, 000242.867, 152
Trd, 000242.883, 151
Trd, 000243.000, 147
Trd, 000243.983, 149.0
Trd, 000244.450, 150
Trd, 000244.983, 149
Trd, 000245.350, 149
Trd, 000245.550, 150
Trd, 000245.867, 150
Trd, 000246.150, 148.0
Trd, 000247.117, 149
Trd, 000247.683, 147
Trd, 000247.700, 147
Trd, 000247.717, 145
Trd, 000248.133, 146.0
Trd, 000248.483, 146
Trd, 000248.850, 147
Trd, 000249.550, 149
Trd, 000249.917, 149
Trd, 000250.717, 150
Trd, 000250.733, 149.0
Trd, 000250.883, 155.0
Trd, 000251.683, 151.0
Trd, 000252.400, 150.0
Trd, 000252.900, 149
Trd, 000253.333, 150
Trd, 000253.733, 151.0
Trd, 000253.933, 152.0
Trd, 000253.967, 149
Trd, 000254.550, 155.0
Trd, 000255.167, 155
Trd, 000255.667, 151
Trd, 000256.900, 152.0
Trd, 000256.933, 151.0
Trd, 000257.683, 150
Trd, 000257.967, 150
Trd, 000258.717, 152.0
Trd, 000259.267, 152
Trd, 000260.000, 153
Trd, 000260.267, 152
Trd, 000260.367, 154
Trd, 000260.450, 151
Trd, 000260.833, 152
Trd, 000260.967, 154.0
Trd, 000261.150, 151
Trd, 000261.917, 155.0
Trd, 000262.283, 155
Trd, 000262.767, 155
Trd, 000263.200, 155
Trd, 000263.400, 154
Trd, 000264.083, 155
Trd, 000264.417, 152
Trd, 000264.467, 148
Trd, 000266.033, 149
Trd, 000266.233, 158.0
Trd, 000266.900, 144.0
Trd, 000266.933, 147
Trd, 000267.433, 148.0
Trd, 000267.467, 145
Trd, 000267.633, 143
Trd, 000267.850, 142.0
Trd, 000268.200, 141.0
Trd, 000269.117, 140
Trd, 000269.900, 148.0
Trd, 000270.183, 146
Trd, 000270.567, 143
Trd, 000270.817, 147
Trd, 000271.283, 144.0
Trd, 000272.000, 144
Trd, 000272.300, 143
Trd, 000272.900, 144.0
Trd, 000273.167, 145
Trd, 000273.700, 144
Trd, 000274.317, 144.0
Trd, 000274.350, 143
Trd, 000275.283, 143
Trd, 000275.433, 142
Trd, 000275.533, 145.0
Trd, 000276.033, 147
Trd, 000276.067, 141
Trd, 000276.850, 143
Trd, 000276.867, 143
Trd, 000276.950, 144.0
Trd, 000277.167, 145
Trd, 000278.117, 145.0
Trd, 000278.267, 150.0
Trd, 000278.617, 144
Trd, 000278.983, 143
Trd, 000279.150, 143.0
Trd, 000280.050, 144.0
Trd, 000280.083, 143.0
Trd, 000280.417, 146
Trd, 000280.533, 142.0
Trd, 000281.533, 146
Trd, 000281.667, 146
Trd, 000281.767, 145
Trd, 000282.617, 145
Trd, 000282.817, 143
Trd, 000283.100, 144
Trd, 000283.717, 152
Trd, 000283.750, 155.0
Trd, 000285.267, 148
Trd, 000285.650, 150
Trd, 000285.817, 149
Trd, 000286.117, 148
Trd, 000286.717, 147
Trd, 000287.350, 152.0
Trd, 000287.483, 152
Trd, 000288.150, 152
Trd, 000288.433, 149
Trd, 000288.933, 148
Trd, 000289.417, 147
Trd, 000289.600, 147
Trd, 000289.833, 147
Trd, 000290.400, 153.0
Trd, 000290.433, 154.0
Trd, 000290.750, 149
Trd, 000290.883, 147
Trd, 000290.933, 155.0
Trd, 000291.133, 147
Trd, 000291.850, 147
Trd, 000292.800, 148
Trd, 000293.083, 153
Trd, 000293.133, 154
Trd, 000293.983, 148
Trd, 000294.367, 148
Trd, 000294.617, 148
Trd, 000294.867, 147
Trd, 000294.967, 155
Trd, 000296.233, 148
Trd, 000296.950, 154.0
Trd, 000297.000, 148
Trd, 000297.267, 153
Trd, 000297.333, 147
Trd, 000298.783, 146.0
