Trd, 000002.583, 151
Trd, 000003.000, 136.0
Trd, 000003.483, 160.0
Trd, 000003.833, 162.0
Trd, 000004.783, 144.0
Trd, 000005.617, 146
Trd, 000006.383, 145
Trd, 000006.983, 145
Trd, 000007.167, 144
Trd, 000007.217, 144.0
Trd, 000008.283, 146
Trd, 000008.400, 148.0
Trd, 000009.017, 148
Trd, 000009.800, 146
Trd, 000011.933, 148.0
Trd, 000013.083, 153.0
Trd, 000013.400, 153
Trd, 000013.750, 152
Trd, 000014.467, 155.0
Trd, 000015.317, 153
Trd, 000015.950, 152
Trd, 000016.150, 158.0
Trd, 000016.300, 151.0
Trd, 000016.417, 149
Trd, 000018.367, 148.0
Trd, 000019.433, 150
Trd, 000019.683, 149
Trd, 000020.033, 147
Trd, 000020.300, 147
Trd, 000020.767, 147
Trd, 000021.283, 148
Trd, 000021.417, 150
Trd, 000022.117, 149
Trd, 000022.517, 155.0
Trd, 000022.933, 158.0
Trd, 000023.017, 162.0
Trd, 000023.167, 148
Trd, 000024.267, 153.0
Trd, 000025.250, 149
Trd, 000026.400, 153
Trd, 000026.617, 154
Trd, 000028.433, 150
Trd, 000028.967, 150.0
Trd, 000029.233, 149
Trd, 000029.500, 150
Trd, 000029.867, 149
Trd, 000031.450, 155.0
Trd, 000031.983, 153
Trd, 000032.233, 151
Trd, 000034.133, 151
Trd, 000034.350, 152
Trd, 000034.467, 151.0
Trd, 000035.633, 152
Trd, 000035.817, 154
Trd, 000036.617, 154
Trd, 000036.833, 159
Trd, 000037.450, 161.0
Trd, 000037.983, 156
Trd, 000038.433, 162.0
Trd, 000039.000, 154
Trd, 000039.650, 142
Trd, 000040.483, 144.0
Trd, 000041.633, 151
Trd, 000041.933, 153
Trd, 000042.250, 148.0
Trd, 000042.850, 154
Trd, 000043.083, 153
Trd, 000044.050, 172
Trd, 000044.983, 155.0
Trd, 000045.533, 152
Trd, 000045.833, 156
Trd, 000045.850, 157
Trd, 000048.117, 155.0
Trd, 000048.617, 154
Trd, 000049.367, 153
Trd, 000049.917, 155
Trd, 000050.367, 152
Trd, 000050.650, 152.0
Trd, 000050.683, 154
Trd, 000050.767, 155
Trd, 000051.117, 151.0
Trd, 000051.517, 153
Trd, 000052.017, 162.0
Trd, 000052.233, 172
Trd, 000052.783, 163
Trd, 000053.133, 149
Trd, 000053.750, 140
Trd, 000054.250, 157
Trd, 000055.483, 141
Trd, 000056.450, 148.0
Trd, 000057.200, 144.0
Trd, 000057.417, 144
Trd, 000057.967, 141
Trd, 000059.000, 141
Trd, 000059.317, 141
Trd, 000059.333, 155.0
Trd, 000059.883, 140
Trd, 000061.900, 147
Trd, 000062.933, 147
Trd, 000063.117, 148
Trd, 000064.567, 155.0
Trd, 000065.067, 152
Trd, 000065.683, 156
Trd, 000066.167, 162.0
Trd, 000066.550, 156
Trd, 000067.300, 156
Trd, 000067.717, 155
Trd, 000068.083, 153
Trd, 000068.150, 157.0
Trd, 000068.400, 158.0
Trd, 000069.617, 144.0
Trd, 000069.900, 136
Trd, 000070.400, 144
Trd, 000070.533, 145
Trd, 000071.650, 144
Trd, 000072.717, 144
Trd, 000073.067, 144
Trd, 000073.650, 145
Trd, 000075.333, 148.0
Trd, 000075.633, 155.0
Trd, 000075.900, 144
Trd, 000077.100, 148.0
Trd, 000077.567, 145
Trd, 000077.983, 149
Trd, 000078.117, 143
Trd, 000078.667, 144
Trd, 000080.733, 149
Trd, 000081.533, 149
Trd, 000081.700, 149
Trd, 000081.850, 150
Trd, 000082.650, 150
Trd, 000084.083, 149
Trd, 000084.117, 146
Trd, 000085.400, 154.0
Trd, 000085.417, 155.0
Trd, 000085.833, 150
Trd, 000086.333, 148
Trd, 000086.517, 160.0
Trd, 000087.017, 148
Trd, 000087.517, 148.0
Trd, 000088.300, 155
Trd, 000089.200, 152
Trd, 000089.917, 153
Trd, 000091.200, 152
Trd, 000091.283, 155.0
Trd, 000091.317, 151.0
Trd, 000091.683, 158.0
Trd, 000095.200, 154.0
Trd, 000095.767, 153
Trd, 000095.817, 152
Trd, 000096.283, 152
Trd, 000097.167, 152
Trd, 000097.567, 153
Trd, 000098.150, 153.0
Trd, 000100.117, 151.0
Trd, 000100.167, 152
Trd, 000100.567, 153
Trd, 000100.617, 151
Trd, 000101.333, 154
Trd, 000102.350, 155.0
Trd, 000103.250, 154
Trd, 000103.367, 158.0
Trd, 000103.850, 155
Trd, 000104.533, 162.0
Trd, 000104.817, 154
Trd, 000105.017, 163
Trd, 000105.100, 155
Trd, 000106.183, 160
Trd, 000106.933, 159
Trd, 000107.583, 154
Trd, 000108.067, 154
Trd, 000109.783, 157
Trd, 000109.867, 158
Trd, 000110.267, 155
Trd, 000110.900, 158.0
Trd, 000111.583, 154
Trd, 000112.567, 155.0
Trd, 000112.800, 157
Trd, 000113.750, 152.0
Trd, 000113.817, 156
Trd, 000114.100, 151.0
Trd, 000114.817, 155
Trd, 000115.350, 151
Trd, 000116.417, 147
Trd, 000117.850, 148
Trd, 000118.383, 148.0
Trd, 000118.583, 147
Trd, 000119.700, 154
Trd, 000120.250, 153
Trd, 000120.683, 155.0
Trd, 000120.967, 158.0
Trd, 000121.150, 153
Trd, 000121.900, 151.0
Trd, 000121.950, 156
Trd, 000123.000, 155
Trd, 000123.117, 158.0
Trd, 000124.167, 157
Trd, 000124.233, 154
Trd, 000125.000, 162.0
Trd, 000126.400, 154
Trd, 000126.983, 160
Trd, 000128.200, 153
Trd, 000128.767, 154
Trd, 000128.867, 155.0
Trd, 000129.150, 154
Trd, 000129.317, 172
Trd, 000129.417, 164
Trd, 000130.367, 166
Trd, 000130.683, 163
Trd, 000130.950, 164
Trd, 000132.633, 165
Trd, 000133.267, 160
Trd, 000134.583, 162
Trd, 000134.633, 161
Trd, 000134.650, 160
Trd, 000134.700, 162.0
Trd, 000135.450, 159
Trd, 000136.100, 146
Trd, 000137.767, 143
Trd, 000138.450, 140
Trd, 000138.633, 143.0
Trd, 000139.467, 144
Trd, 000139.633, 144.0
Trd, 000140.150, 144
Trd, 000140.867, 143
Trd, 000141.000, 148.0
Trd, 000141.383, 138
Trd, 000141.950, 139
Trd, 000143.250, 141
Trd, 000144.367, 141
Trd, 000144.617, 141
Trd, 000144.883, 142
Trd, 000145.017, 144.0
Trd, 000145.500, 148.0
Trd, 000146.333, 142
Trd, 000146.950, 142
Trd, 000148.350, 144.0
Trd, 000149.250, 145
Trd, 000149.317, 147
Trd, 000150.467, 150
Trd, 000150.517, 149
Trd, 000151.317, 153.0
Trd, 000152.367, 149
Trd, 000152.600, 152
Trd, 000152.850, 152
Trd, 000153.700, 149
Trd, 000153.783, 155.0
Trd, 000154.300, 152
Trd, 000155.333, 155.0
Trd, 000156.083, 155
Trd, 000156.633, 156
Trd, 000157.150, 157.0
Trd, 000157.767, 158.0
Trd, 000158.583, 136
Trd, 000158.700, 144.0
Trd, 000158.900, 138
Trd, 000159.050, 140
Trd, 000160.017, 140
Trd, 000160.433, 141
Trd, 000161.150, 142
Trd, 000161.400, 148.0
Trd, 000161.583, 155.0
Trd, 000162.867, 143
Trd, 000163.133, 144.0
Trd, 000163.683, 149
Trd, 000163.850, 148
Trd, 000164.717, 149
Trd, 000165.100, 148
Trd, 000165.500, 144
Trd, 000167.333, 148.0
Trd, 000167.517, 148
Trd, 000168.283, 144
Trd, 000169.400, 142
Trd, 000170.133, 144
Trd, 000170.933, 144.0
Trd, 000171.533, 162.0
Trd, 000171.967, 152
Trd, 000172.333, 146
Trd, 000173.950, 148.0
Trd, 000174.833, 148
Trd, 000175.433, 149
Trd, 000175.683, 150
Trd, 000176.717, 151
Trd, 000176.817, 151
Trd, 000177.200, 151
Trd, 000177.283, 155.0
Trd, 000178.133, 156
Trd, 000178.150, 155
Trd, 000178.450, 153
Trd, 000179.700, 170
Trd, 000180.233, 172
Trd, 000180.267, 173
Trd, 000182.350, 165
Trd, 000182.617, 165
Trd, 000183.050, 162.0
Trd, 000183.517, 163
Trd, 000183.967, 151.0
Trd, 000185.367, 162
Trd, 000186.117, 157
Trd, 000186.183, 158
Trd, 000187.483, 158.0
Trd, 000187.767, 148.0
Trd, 000187.967, 155
Trd, 000188.050, 159
Trd, 000188.833, 156
Trd, 000189.733, 154
Trd, 000190.383, 142
Trd, 000190.783, 144.0
Trd, 000191.150, 151
Trd, 000191.500, 153
Trd, 000191.583, 158
Trd, 000193.117, 140
Trd, 000194.117, 143
Trd, 000194.867, 144.0
Trd, 000195.567, 142
Trd, 000195.650, 143
Trd, 000195.883, 142
Trd, 000196.817, 144
Trd, 000197.533, 142
Trd, 000197.683, 144
Trd, 000198.267, 141.0
Trd, 000199.017, 144.0
Trd, 000199.767, 144
Trd, 000199.900, 145
Trd, 000200.633, 155.0
Trd, 000201.467, 148.0
Trd, 000201.933, 147
Trd, 000202.000, 143
Trd, 000202.367, 162.0
Trd, 000202.917, 159
Trd, 000203.917, 155.0
Trd, 000204.650, 157.0
Trd, 000205.183, 151
Trd, 000206.483, 152
Trd, 000207.567, 156
Trd, 000208.400, 152.0
Trd, 000209.767, 153
Trd, 000210.217, 154
Trd, 000210.600, 151
Trd, 000211.633, 153
Trd, 000212.100, 151.0
Trd, 000213.000, 153
Trd, 000213.100, 151
Trd, 000214.450, 144.0
Trd, 000215.067, 146
Trd, 000215.183, 155.0
Trd, 000215.750, 158.0
Trd, 000216.000, 142
Trd, 000216.700, 142
Trd, 000216.817, 148
Trd, 000217.567, 144.0
Trd, 000218.700, 151
Trd, 000219.717, 154
Trd, 000220.300, 155.0
Trd, 000221.000, 154
Trd, 000221.217, 155
Trd, 000222.000, 156
Trd, 000222.283, 152
Trd, 000222.767, 155
Trd, 000223.350, 151.0
Trd, 000223.433, 155.0
Trd, 000224.300, 156.0
Trd, 000226.417, 152
Trd, 000226.850, 156
Trd, 000227.150, 156
Trd, 000227.333, 152
Trd, 000227.650, 156
Trd, 000228.633, 155
Trd, 000228.833, 153
Trd, 000229.267, 151.0
Trd, 000229.517, 150
Trd, 000230.700, 137
Trd, 000231.183, 144.0
Trd, 000232.900, 138
Trd, 000233.183, 146
Trd, 000233.533, 146
Trd, 000234.133, 144
Trd, 000234.300, 144
Trd, 000236.467, 145
Trd, 000236.900, 144
Trd, 000237.150, 148.0
Trd, 000237.217, 145
Trd, 000238.550, 146
Trd, 000238.900, 147
Trd, 000239.617, 148.0
Trd, 000239.717, 146
Trd, 000239.967, 155.0
Trd, 000240.233, 145
Trd, 000240.417, 154.0
Trd, 000240.867, 153
Trd, 000241.467, 152
Trd, 000241.933, 152
Trd, 000242.333, 153
Trd, 000242.917, 151
Trd, 000243.017, 156
Trd, 000243.067, 159
Trd, 000243.183, 162.0
Trd, 000243.217, 154
Trd, 000244.417, 156
Trd, 000244.650, 153
Trd, 000244.767, 163.0
Trd, 000245.667, 159.0
Trd, 000246.167, 159
Trd, 000246.233, 157
Trd, 000246.783, 154
Trd, 000247.650, 154
Trd, 000248.650, 139
Trd, 000248.950, 140.0
Trd, 000249.000, 141.0
Trd, 000249.217, 139
Trd, 000249.917, 144.0
Trd, 000250.650, 141
Trd, 000251.217, 148.0
Trd, 000251.433, 144
Trd, 000251.533, 151.0
Trd, 000252.117, 152.0
Trd, 000252.867, 144
Trd, 000252.950, 146
Trd, 000253.850, 144
Trd, 000254.267, 145
Trd, 000254.517, 144
Trd, 000254.633, 145
Trd, 000255.517, 147
Trd, 000255.650, 151.0
Trd, 000255.833, 155.0
Trd, 000256.483, 146
Trd, 000256.583, 145
Trd, 000257.300, 144.0
Trd, 000258.117, 138
Trd, 000258.183, 142
Trd, 000258.667, 141
Trd, 000258.967, 148.0
Trd, 000260.333, 151.0
Trd, 000260.517, 145
Trd, 000260.867, 155.0
Trd, 000261.267, 142
Trd, 000261.883, 144.0
Trd, 000261.967, 147
Trd, 000262.467, 148.0
Trd, 000262.883, 149
Trd, 000263.500, 151
Trd, 000263.567, 150
Trd, 000263.683, 138
Trd, 000263.900, 139
Trd, 000264.917, 140
Trd, 000266.000, 146
Trd, 000266.083, 150.0
Trd, 000266.417, 151.0
Trd, 000266.483, 155.0
Trd, 000267.050, 157
Trd, 000267.150, 151.0
Trd, 000267.500, 150
Trd, 000267.717, 143
Trd, 000267.917, 158.0
Trd, 000268.067, 162.0
Trd, 000268.867, 143
Trd, 000269.150, 139
Trd, 000269.617, 143
Trd, 000269.967, 141
Trd, 000270.733, 143
Trd, 000271.367, 143.0
Trd, 000271.633, 144.0
Trd, 000271.867, 141
Trd, 000271.967, 144
Trd, 000272.250, 145
Trd, 000272.933, 145
Trd, 000273.400, 148.0
Trd, 000273.733, 150.0
Trd, 000273.833, 149
Trd, 000274.433, 149
Trd, 000274.600, 152
Trd, 000275.533, 139
Trd, 000275.983, 149.0
Trd, 000276.533, 148.0
Trd, 000276.583, 155.0
Trd, 000276.650, 143
Trd, 000278.667, 154.0
Trd, 000279.050, 152
Trd, 000279.217, 151
Trd, 000279.233, 155.0
Trd, 000279.933, 148.0
Trd, 000280.083, 154
Trd, 000280.733, 153
Trd, 000281.167, 154
Trd, 000281.700, 151.0
Trd, 000281.917, 150
Trd, 000281.950, 154.0
Trd, 000282.483, 151
Trd, 000282.850, 154
Trd, 000283.717, 152
Trd, 000284.117, 151
Trd, 000284.417, 155.0
Trd, 000284.700, 157
Trd, 000285.683, 158.0
Trd, 000286.233, 161
Trd, 000286.417, 153
Trd, 000287.000, 153
Trd, 000287.150, 160.0
Trd, 000287.583, 151.0
Trd, 000287.950, 148.0
Trd, 000288.283, 149
Trd, 000288.583, 150.0
Trd, 000289.000, 149
Trd, 000290.717, 149
Trd, 000290.967, 148
Trd, 000291.100, 151.0
Trd, 000291.117, 147
Trd, 000291.500, 155.0
Trd, 000291.867, 147
Trd, 000292.200, 155
Trd, 000292.233, 158.0
Trd, 000292.333, 162.0
Trd, 000292.350, 165.0
Trd, 000292.483, 152
Trd, 000293.917, 155.0
Trd, 000294.550, 150
Trd, 000295.050, 156
Trd, 000295.783, 150
Trd, 000295.833, 149
Trd, 000296.117, 145
Trd, 000296.750, 139
Trd, 000297.083, 144
Trd, 000298.150, 136
Trd, 000298.283, 144
Trd, 000298.533, 145
Trd, 000298.667, 145
Trd, 000299.033, 148.0
Trd, 000299.117, 147
Trd, 000299.250, 135.0
Trd, 000299.550, 145
Trd, 000299.667, 151.0
