Trd, 000001.200, 137.0
Trd, 000003.050, 131.0
Trd, 000003.500, 137.0
Trd, 000004.483, 148.0
Trd, 000005.300, 151.0
Trd, 000005.383, 137
Trd, 000005.417, 133
Trd, 000005.983, 135
Trd, 000006.800, 141
Trd, 000006.967, 155.0
Trd, 000007.033, 136
Trd, 000007.950, 155
Trd, 000008.467, 151.0
Trd, 000008.850, 155.0
Trd, 000009.800, 152
Trd, 000010.400, 149
Trd, 000013.333, 149
Trd, 000013.433, 146
Trd, 000014.000, 150.0
Trd, 000014.567, 151.0
Trd, 000014.583, 155.0
Trd, 000015.300, 143
Trd, 000015.550, 155.0
Trd, 000016.533, 152
Trd, 000018.033, 155.0
Trd, 000018.183, 152.0
Trd, 000019.400, 151.0
Trd, 000020.400, 149.0
Trd, 000021.700, 149
Trd, 000021.917, 148
Trd, 000022.767, 150.0
Trd, 000023.000, 148
Trd, 000023.383, 149
Trd, 000023.767, 151.0
Trd, 000024.233, 156
Trd, 000024.600, 161
Trd, 000026.133, 152
Trd, 000026.483, 155.0
Trd, 000026.567, 151.0
Trd, 000026.883, 163
Trd, 000027.750, 158
Trd, 000027.767, 145
Trd, 000027.900, 143
Trd, 000028.483, 165
Trd, 000030.500, 154
Trd, 000030.817, 167.0
Trd, 000031.900, 166.0
Trd, 000032.450, 148
Trd, 000033.017, 155.0
Trd, 000033.067, 134.0
Trd, 000033.583, 152
Trd, 000034.967, 151.0
Trd, 000036.017, 154
Trd, 000037.350, 151
Trd, 000037.450, 153
Trd, 000037.833, 153
Trd, 000038.167, 143
Trd, 000038.283, 151.0
Trd, 000038.867, 151.0
Trd, 000039.650, 150
Trd, 000040.683, 150.0
Trd, 000040.700, 151.0
Trd, 000042.467, 151.0
Trd, 000043.233, 150.0
Trd, 000043.300, 151.0
Trd, 000044.117, 147
Trd, 000044.517, 143
Trd, 000045.317, 142
Trd, 000045.450, 148
Trd, 000045.483, 151
Trd, 000046.100, 155.0
Trd, 000046.517, 137.0
Trd, 000048.400, 138
Trd, 000049.817, 151.0
Trd, 000050.233, 150
Trd, 000050.817, 137.0
Trd, 000051.200, 134.0
Trd, 000052.600, 147
Trd, 000052.817, 145
Trd, 000053.367, 148
Trd, 000054.567, 151.0
Trd, 000055.267, 147
Trd, 000055.717, 155.0
Trd, 000056.200, 152.0
Trd, 000056.217, 151.0
Trd, 000058.383, 149.0
Trd, 000058.817, 151.0
Trd, 000059.800, 149
Trd, 000060.083, 144
Trd, 000060.333, 144
Trd, 000061.483, 145
Trd, 000061.633, 147
Trd, 000062.367, 147
Trd, 000063.900, 148
Trd, 000064.050, 148
Trd, 000064.267, 149.0
Trd, 000064.417, 151.0
Trd, 000064.550, 144
Trd, 000064.750, 143
Trd, 000066.017, 153
Trd, 000066.500, 134.0
Trd, 000067.500, 136
Trd, 000069.050, 140
Trd, 000069.150, 151.0
Trd, 000070.633, 149
Trd, 000071.250, 150.0
Trd, 000071.417, 151.0
Trd, 000071.550, 155.0
Trd, 000072.217, 149
Trd, 000072.333, 150
Trd, 000072.567, 138.0
Trd, 000074.367, 137
Trd, 000074.817, 149
Trd, 000075.083, 151.0
Trd, 000075.833, 155.0
Trd, 000076.767, 156
Trd, 000077.767, 151.0
Trd, 000078.050, 156.0
Trd, 000078.850, 137.0
Trd, 000080.000, 148
Trd, 000080.783, 137.0
Trd, 000081.283, 148
Trd, 000082.150, 149
Trd, 000082.967, 150
Trd, 000083.233, 154.0
Trd, 000083.833, 148
Trd, 000084.933, 146
Trd, 000085.583, 151.0
Trd, 000085.817, 151
Trd, 000085.900, 151.0
Trd, 000086.200, 147
Trd, 000086.650, 152
Trd, 000087.100, 150
Trd, 000087.233, 152
Trd, 000089.250, 151.0
Trd, 000089.317, 152
Trd, 000090.133, 144
Trd, 000090.400, 143
Trd, 000090.567, 151.0
Trd, 000091.317, 152.0
Trd, 000094.483, 138.0
Trd, 000094.533, 148
Trd, 000094.767, 142
Trd, 000096.133, 148
Trd, 000096.417, 148
Trd, 000097.333, 141
Trd, 000098.067, 151.0
Trd, 000098.933, 147
Trd, 000099.700, 140
Trd, 000100.250, 147
Trd, 000101.367, 141
Trd, 000102.517, 147
Trd, 000103.167, 147
Trd, 000103.233, 141
Trd, 000103.383, 137.0
Trd, 000103.933, 157.0
Trd, 000104.000, 127.0
Trd, 000104.667, 158.0
Trd, 000105.300, 151.0
Trd, 000106.617, 143
Trd, 000106.917, 133
Trd, 000107.583, 164
Trd, 000107.817, 165
Trd, 000109.633, 150
Trd, 000109.650, 151.0
Trd, 000110.000, 153
Trd, 000110.150, 151
Trd, 000111.350, 145
Trd, 000112.033, 149
Trd, 000112.683, 154.0
Trd, 000113.600, 145
Trd, 000114.433, 143
Trd, 000114.767, 150
Trd, 000114.967, 151.0
Trd, 000115.783, 154.0
Trd, 000118.950, 155
Trd, 000119.017, 155.0
Trd, 000119.633, 157
Trd, 000119.933, 152
Trd, 000120.250, 134.0
Trd, 000120.383, 131.0
Trd, 000120.733, 151.0
Trd, 000120.783, 156
Trd, 000121.650, 152
Trd, 000122.317, 158.0
Trd, 000122.950, 166
Trd, 000123.067, 158
Trd, 000123.517, 156
Trd, 000123.783, 154
Trd, 000124.367, 154.0
Trd, 000124.850, 153
Trd, 000125.133, 155.0
Trd, 000125.750, 157.0
Trd, 000126.317, 151.0
Trd, 000126.600, 151
Trd, 000127.417, 156.0
Trd, 000128.617, 143
Trd, 000128.867, 154
Trd, 000129.100, 155.0
Trd, 000130.217, 151.0
Trd, 000132.050, 153
Trd, 000132.183, 151
Trd, 000132.533, 148
Trd, 000132.550, 137.0
Trd, 000132.617, 153
Trd, 000132.933, 131.0
Trd, 000133.000, 153
Trd, 000134.450, 152
Trd, 000134.983, 145
Trd, 000135.433, 154.0
Trd, 000136.250, 154.0
Trd, 000136.650, 155.0
Trd, 000138.383, 164
Trd, 000138.467, 161
Trd, 000138.883, 143
Trd, 000139.217, 155.0
Trd, 000139.550, 154
Trd, 000139.633, 155
Trd, 000140.183, 164
Trd, 000140.933, 151.0
Trd, 000141.633, 155
Trd, 000141.800, 151
Trd, 000143.000, 144
Trd, 000143.667, 137.0
Trd, 000143.983, 140
Trd, 000144.450, 140
Trd, 000145.517, 148.0
Trd, 000146.550, 140.0
Trd, 000146.833, 137.0
Trd, 000147.500, 148
Trd, 000148.833, 154.0
Trd, 000148.983, 155.0
Trd, 000150.050, 144
Trd, 000150.367, 149
Trd, 000150.883, 151.0
Trd, 000151.917, 149
Trd, 000152.117, 139.0
Trd, 000153.017, 137.0
Trd, 000153.983, 148
Trd, 000154.000, 138
Trd, 000154.217, 155
Trd, 000155.267, 147
Trd, 000156.850, 144
Trd, 000157.283, 142
Trd, 000158.117, 141
Trd, 000158.133, 151.0
Trd, 000158.500, 155.0
Trd, 000158.800, 157.0
Trd, 000159.683, 156.0
Trd, 000160.383, 149
Trd, 000160.650, 148
Trd, 000160.667, 147
Trd, 000161.167, 153
Trd, 000161.350, 139
Trd, 000162.933, 151.0
Trd, 000163.600, 146
Trd, 000163.617, 155.0
Trd, 000164.550, 157.0
Trd, 000165.633, 151.0
Trd, 000165.750, 156
Trd, 000166.083, 158.0
Trd, 000166.817, 148
Trd, 000167.750, 148
Trd, 000168.333, 146
Trd, 000169.000, 151.0
Trd, 000169.117, 143
Trd, 000169.133, 137.0
Trd, 000169.333, 152
Trd, 000170.233, 150
Trd, 000170.800, 150
Trd, 000172.050, 147
Trd, 000172.733, 155.0
Trd, 000173.250, 156.0
Trd, 000173.283, 157.0
Trd, 000173.850, 156
Trd, 000174.117, 151.0
Trd, 000176.133, 153
Trd, 000177.100, 152
Trd, 000177.867, 153
Trd, 000179.067, 154.0
Trd, 000179.133, 151.0
Trd, 000180.483, 152
Trd, 000181.233, 153.0
Trd, 000181.550, 151.0
Trd, 000182.283, 152
Trd, 000182.417, 168.0
Trd, 000182.817, 143
Trd, 000183.133, 150
Trd, 000183.283, 154.0
Trd, 000184.183, 153
Trd, 000185.533, 151.0
Trd, 000186.183, 147
Trd, 000186.433, 148
Trd, 000186.583, 155.0
Trd, 000186.933, 141
Trd, 000187.567, 152
Trd, 000190.567, 145
Trd, 000191.083, 142
Trd, 000191.733, 145
Trd, 000191.767, 149
Trd, 000192.417, 147.0
Trd, 000192.533, 145
Trd, 000193.483, 147
Trd, 000194.517, 147
Trd, 000195.183, 146
Trd, 000195.383, 147
Trd, 000196.383, 145
Trd, 000196.750, 151.0
Trd, 000196.917, 143
Trd, 000197.867, 147
Trd, 000198.633, 151.0
Trd, 000199.700, 151.0
Trd, 000199.717, 155.0
Trd, 000201.317, 150
Trd, 000202.317, 151.0
Trd, 000202.433, 152
Trd, 000203.883, 151
Trd, 000204.033, 143
Trd, 000204.450, 151
Trd, 000204.650, 142
Trd, 000205.817, 150.0
Trd, 000206.200, 149
Trd, 000206.500, 137.0
Trd, 000206.517, 151.0
Trd, 000207.883, 152
Trd, 000208.617, 145
Trd, 000209.800, 143
Trd, 000209.933, 142
Trd, 000210.683, 150.0
Trd, 000211.817, 142
Trd, 000212.983, 151.0
Trd, 000213.350, 148
Trd, 000213.717, 151.0
Trd, 000213.850, 158
Trd, 000214.383, 147
Trd, 000215.150, 152
Trd, 000215.717, 148
Trd, 000215.950, 149
Trd, 000217.433, 149
Trd, 000217.517, 151
Trd, 000219.367, 149
Trd, 000219.700, 152
Trd, 000220.517, 151.0
Trd, 000220.817, 150
Trd, 000220.917, 148
Trd, 000221.917, 149
Trd, 000222.417, 145
Trd, 000222.883, 155.0
Trd, 000224.067, 138.0
Trd, 000225.517, 138
Trd, 000225.967, 137.0
Trd, 000226.067, 134.0
Trd, 000226.667, 133
Trd, 000226.700, 138
Trd, 000226.967, 139
Trd, 000227.050, 151.0
Trd, 000227.800, 155.0
Trd, 000228.283, 138.0
Trd, 000228.467, 137.0
Trd, 000228.667, 167
Trd, 000228.683, 168.0
Trd, 000228.733, 179
Trd, 000229.483, 155.0
Trd, 000230.567, 149
Trd, 000230.850, 138
Trd, 000231.083, 148
Trd, 000232.433, 142
Trd, 000232.767, 141
Trd, 000233.967, 142
Trd, 000234.567, 143
Trd, 000234.833, 141
Trd, 000235.683, 143
Trd, 000235.850, 140
Trd, 000236.017, 151.0
Trd, 000237.083, 141
Trd, 000237.883, 149
Trd, 000238.233, 142
Trd, 000238.300, 145
Trd, 000239.633, 143
Trd, 000239.767, 144
Trd, 000240.450, 141.0
Trd, 000240.483, 141.0
Trd, 000240.550, 141
Trd, 000240.567, 142
Trd, 000240.600, 144
Trd, 000240.900, 154
Trd, 000241.617, 165
Trd, 000241.767, 154.0
Trd, 000242.533, 156.0
Trd, 000243.200, 161
Trd, 000243.317, 159.0
Trd, 000243.867, 151.0
Trd, 000244.583, 146
Trd, 000244.950, 147
Trd, 000245.183, 148.0
Trd, 000245.950, 147
Trd, 000246.250, 149
Trd, 000246.283, 147
Trd, 000247.100, 146
Trd, 000247.683, 148
Trd, 000248.067, 151.0
Trd, 000249.150, 148.0
Trd, 000249.450, 149
Trd, 000249.700, 148.0
Trd, 000250.033, 147
Trd, 000250.367, 143
Trd, 000250.650, 150
Trd, 000251.050, 150.0
Trd, 000251.083, 150.0
Trd, 000251.350, 148.0
Trd, 000252.550, 144.0
Trd, 000252.717, 143
Trd, 000253.150, 149
Trd, 000253.400, 150.0
Trd, 000253.483, 151.0
Trd, 000254.800, 152.0
Trd, 000254.883, 151
Trd, 000255.217, 150
Trd, 000255.783, 152.0
Trd, 000255.917, 148
Trd, 000256.817, 152
Trd, 000257.333, 148
Trd, 000257.533, 148.0
Trd, 000257.567, 143
Trd, 000258.083, 147
Trd, 000258.400, 148
Trd, 000258.600, 150
Trd, 000259.133, 143
Trd, 000259.450, 147.0
Trd, 000260.717, 151.0
Trd, 000261.383, 147
Trd, 000261.733, 147.0
Trd, 000262.050, 147.0
Trd, 000262.283, 151.0
Trd, 000262.467, 145
Trd, 000262.667, 148
Trd, 000263.833, 148
Trd, 000264.767, 150.0
Trd, 000265.200, 151.0
Trd, 000265.283, 154
Trd, 000265.467, 158.0
Trd, 000265.900, 152.0
Trd, 000266.400, 161
Trd, 000266.600, 158
Trd, 000267.450, 154.0
Trd, 000267.500, 152
Trd, 000267.750, 151
Trd, 000268.250, 148.0
Trd, 000268.883, 143
Trd, 000269.433, 146.0
Trd, 000269.650, 151
Trd, 000270.033, 149.0
Trd, 000270.800, 151.0
Trd, 000271.350, 152
Trd, 000271.733, 148.0
Trd, 000272.733, 153.0
Trd, 000273.300, 148.0
Trd, 000273.483, 151.0
Trd, 000273.683, 151
Trd, 000273.867, 154.0
Trd, 000273.917, 148.0
Trd, 000274.050, 155.0
Trd, 000275.567, 146
Trd, 000275.967, 143
Trd, 000276.550, 146.0
Trd, 000276.817, 152.0
Trd, 000276.933, 144.0
Trd, 000278.433, 151
Trd, 000278.817, 141.0
Trd, 000279.117, 143.0
Trd, 000279.683, 148.0
Trd, 000279.983, 141
Trd, 000280.033, 142.0
Trd, 000280.467, 148
Trd, 000280.550, 141
Trd, 000281.050, 148.0
Trd, 000281.367, 146.0
Trd, 000281.550, 148
Trd, 000282.483, 149
Trd, 000282.983, 149
Trd, 000283.267, 150
Trd, 000283.283, 146
Trd, 000283.550, 151.0
Trd, 000283.733, 143
Trd, 000283.767, 141.0
Trd, 000283.817, 155.0
Trd, 000284.500, 138.0
Trd, 000284.817, 141.0
Trd, 000285.617, 137.0
Trd, 000285.933, 147.0
Trd, 000286.233, 146
Trd, 000286.317, 141.0
Trd, 000286.617, 136
Trd, 000286.717, 164
Trd, 000287.917, 151.0
Trd, 000288.250, 158.0
Trd, 000288.533, 148.0
Trd, 000288.700, 145.0
Trd, 000289.083, 149
Trd, 000289.167, 143
Trd, 000289.200, 151
Trd, 000289.867, 148
Trd, 000290.450, 162
Trd, 000290.583, 157
Trd, 000290.850, 156
Trd, 000290.983, 156
Trd, 000291.433, 159
Trd, 000292.383, 151.0
Trd, 000292.650, 141
Trd, 000292.900, 140
Trd, 000294.000, 151
Trd, 000294.117, 142.0
Trd, 000294.400, 155.0
Trd, 000294.467, 165
Trd, 000294.500, 151.0
Trd, 000294.933, 143.0
Trd, 000295.050, 144.0
Trd, 000295.267, 168.0
Trd, 000296.650, 148.0
Trd, 000296.717, 150
Trd, 000297.633, 147
Trd, 000297.717, 150
Trd, 000297.983, 141.0
Trd, 000298.017, 150
Trd, 000298.867, 137
Trd, 000299.500, 138.0
Trd, 000299.883, 140.0
