Trd, 000003.417, 148
Trd, 000003.500, 156
Trd, 000003.583, 159
Trd, 000003.667, 162
Trd, 000004.600, 146
Trd, 000004.650, 151
Trd, 000005.183, 143
Trd, 000008.500, 147
Trd, 000008.583, 145
Trd, 000008.717, 149
Trd, 000008.950, 144
Trd, 000009.883, 148
Trd, 000010.133, 148
Trd, 000010.650, 149
Trd, 000011.033, 148
Trd, 000011.117, 145
Trd, 000011.633, 150
Trd, 000011.867, 141.0
Trd, 000012.517, 150
Trd, 000012.767, 150
Trd, 000013.417, 152
Trd, 000014.717, 151
Trd, 000015.033, 152
Trd, 000015.467, 150
Trd, 000016.167, 150
Trd, 000016.250, 158.0
Trd, 000017.417, 160
Trd, 000017.567, 153
Trd, 000017.883, 154
Trd, 000018.750, 155
Trd, 000019.233, 155
Trd, 000019.767, 155
Trd, 000020.000, 154
Trd, 000020.850, 158.0
Trd, 000022.767, 153
Trd, 000023.333, 153
Trd, 000024.183, 155
Trd, 000024.533, 154
Trd, 000024.683, 155
Trd, 000025.233, 152
Trd, 000027.333, 155
Trd, 000027.550, 151
Trd, 000027.650, 141.0
Trd, 000028.567, 152
Trd, 000028.667, 153
Trd, 000028.983, 152
Trd, 000029.817, 152
Trd, 000030.317, 149
Trd, 000030.500, 149
Trd, 000031.050, 152
Trd, 000032.850, 149
Trd, 000033.900, 148
Trd, 000034.717, 149
Trd, 000034.967, 150
Trd, 000036.250, 150
Trd, 000036.633, 146
Trd, 000036.650, 145
Trd, 000037.500, 147
Trd, 000038.050, 148
Trd, 000038.883, 148
Trd, 000039.133, 147
Trd, 000039.717, 146
Trd, 000040.033, 148
Trd, 000041.833, 145
Trd, 000042.450, 145
Trd, 000042.767, 146
Trd, 000043.533, 147
Trd, 000044.300, 147
Trd, 000046.033, 148
Trd, 000046.333, 149
Trd, 000046.533, 149
Trd, 000047.950, 148
Trd, 000049.117, 148
Trd, 000049.467, 148
Trd, 000049.833, 149
Trd, 000051.250, 148
Trd, 000051.900, 150
Trd, 000052.100, 147
Trd, 000052.417, 151
Trd, 000053.983, 150
Trd, 000054.500, 149
Trd, 000054.633, 155
Trd, 000055.050, 158.0
Trd, 000055.250, 148
Trd, 000055.667, 150
Trd, 000056.367, 153
Trd, 000056.417, 150
Trd, 000058.167, 152
Trd, 000058.733, 149
Trd, 000060.000, 150
Trd, 000060.383, 154
Trd, 000060.767, 154
Trd, 000061.350, 150
Trd, 000061.450, 154
Trd, 000061.517, 157.0
Trd, 000061.567, 149
Trd, 000062.417, 156
Trd, 000064.133, 165.0
Trd, 000064.867, 158
Trd, 000066.350, 152
Trd, 000067.200, 151
Trd, 000067.650, 154
Trd, 000069.200, 149
Trd, 000069.250, 149
Trd, 000069.733, 148
Trd, 000070.817, 148
Trd, 000070.967, 151
Trd, 000072.150, 151
Trd, 000072.800, 151
Trd, 000072.850, 150
Trd, 000072.933, 148
Trd, 000074.717, 147
Trd, 000074.800, 151
Trd, 000075.717, 158.0
Trd, 000076.283, 169
Trd, 000076.600, 152
Trd, 000076.683, 149
Trd, 000077.417, 154
Trd, 000078.600, 149
Trd, 000079.083, 149
Trd, 000079.950, 151
Trd, 000080.167, 148
Trd, 000080.617, 146
Trd, 000081.200, 146
Trd, 000081.250, 151
Trd, 000083.500, 147
Trd, 000084.233, 147
Trd, 000084.550, 148
Trd, 000084.567, 145
Trd, 000084.633, 149
Trd, 000085.517, 144
Trd, 000086.217, 149
Trd, 000086.700, 149
Trd, 000086.717, 146
Trd, 000087.867, 149
Trd, 000089.800, 163.0
Trd, 000091.317, 153
Trd, 000092.150, 154
Trd, 000092.550, 155
Trd, 000093.383, 155
Trd, 000093.433, 154
Trd, 000093.783, 154
Trd, 000093.883, 156
Trd, 000094.133, 158
Trd, 000097.900, 156
Trd, 000098.517, 155
Trd, 000098.917, 157
Trd, 000099.433, 157
Trd, 000100.300, 155
Trd, 000100.700, 157
Trd, 000100.900, 156
Trd, 000100.983, 155.0
Trd, 000101.183, 158.0
Trd, 000101.933, 160
Trd, 000103.200, 158
Trd, 000103.283, 154
Trd, 000104.000, 153
Trd, 000104.983, 158
Trd, 000106.983, 158
Trd, 000107.650, 157
Trd, 000108.133, 155
Trd, 000108.550, 157
Trd, 000108.767, 155.0
Trd, 000109.583, 158.0
Trd, 000111.417, 155
Trd, 000112.150, 155
Trd, 000112.200, 156
Trd, 000112.300, 153
Trd, 000112.983, 156
Trd, 000113.100, 152
Trd, 000113.517, 156
Trd, 000114.117, 155
Trd, 000114.600, 154
Trd, 000115.150, 154
Trd, 000116.683, 158.0
Trd, 000117.117, 171
Trd, 000118.133, 159
Trd, 000118.933, 156
Trd, 000118.950, 155.0
Trd, 000119.100, 154
Trd, 000119.850, 159
Trd, 000120.317, 154
Trd, 000120.933, 152
Trd, 000121.200, 159
Trd, 000121.800, 161
Trd, 000122.950, 160
Trd, 000124.083, 147
Trd, 000125.683, 156
Trd, 000125.700, 157
Trd, 000125.950, 153
Trd, 000126.433, 156
Trd, 000127.733, 156
Trd, 000127.900, 154
Trd, 000128.033, 156
Trd, 000129.783, 157
Trd, 000130.300, 155
Trd, 000130.550, 156
Trd, 000131.183, 157
Trd, 000131.533, 156
Trd, 000132.933, 156
Trd, 000133.500, 170
Trd, 000134.600, 156
Trd, 000135.567, 166
Trd, 000135.767, 156
Trd, 000135.800, 155
Trd, 000136.267, 147
Trd, 000136.967, 150
Trd, 000139.950, 153
Trd, 000140.083, 155
Trd, 000140.433, 152
Trd, 000141.083, 152
Trd, 000141.117, 152
Trd, 000142.150, 151
Trd, 000142.700, 153
Trd, 000143.217, 150
Trd, 000143.633, 152
Trd, 000144.433, 150
Trd, 000144.733, 149
Trd, 000146.217, 149
Trd, 000147.050, 149
Trd, 000147.433, 148
Trd, 000148.783, 150
Trd, 000149.000, 151
Trd, 000149.833, 150
Trd, 000150.067, 149
Trd, 000150.300, 148
Trd, 000152.250, 150
Trd, 000153.350, 149
Trd, 000153.567, 148
Trd, 000153.633, 150
Trd, 000154.567, 158.0
Trd, 000155.133, 150
Trd, 000155.500, 152
Trd, 000156.300, 151
Trd, 000156.517, 150
Trd, 000156.883, 154
Trd, 000158.067, 149
Trd, 000159.133, 152
Trd, 000159.800, 151
Trd, 000160.983, 152
Trd, 000161.633, 152
Trd, 000161.833, 151
Trd, 000162.200, 149
Trd, 000162.883, 151
Trd, 000163.167, 145
Trd, 000163.833, 158.0
Trd, 000165.917, 154
Trd, 000166.667, 154
Trd, 000166.750, 149
Trd, 000167.117, 164.0
Trd, 000167.767, 150
Trd, 000168.133, 151
Trd, 000168.817, 153
Trd, 000169.533, 153
Trd, 000169.983, 150
Trd, 000170.617, 153
Trd, 000170.683, 150
Trd, 000172.150, 150
Trd, 000173.367, 149
Trd, 000173.667, 151
Trd, 000174.700, 149
Trd, 000174.950, 150
Trd, 000175.200, 149
Trd, 000175.300, 156
Trd, 000175.700, 153
Trd, 000176.950, 154
Trd, 000177.200, 156
Trd, 000177.533, 155
Trd, 000177.767, 153
Trd, 000178.550, 152
Trd, 000178.783, 151
Trd, 000179.533, 154
Trd, 000180.733, 149
Trd, 000181.383, 162.0
Trd, 000181.467, 156
Trd, 000182.650, 154
Trd, 000182.750, 161.0
Trd, 000183.117, 152
Trd, 000183.700, 171
Trd, 000184.700, 161
Trd, 000185.600, 158
Trd, 000187.533, 157
Trd, 000187.883, 159
Trd, 000187.933, 155.0
Trd, 000188.317, 155
Trd, 000188.400, 157
Trd, 000189.483, 156
Trd, 000190.317, 155.0
Trd, 000190.833, 154
Trd, 000191.550, 156
Trd, 000193.850, 154
Trd, 000194.617, 153
Trd, 000196.017, 152
Trd, 000197.217, 155
Trd, 000198.383, 154
Trd, 000198.717, 155
Trd, 000198.800, 156
Trd, 000199.700, 154
Trd, 000199.900, 151
Trd, 000199.967, 153
Trd, 000200.050, 151
Trd, 000200.583, 156.0
Trd, 000202.367, 151
Trd, 000203.033, 173.0
Trd, 000203.700, 175.0
Trd, 000203.933, 160
Trd, 000204.300, 157
Trd, 000204.917, 157
Trd, 000207.050, 157
Trd, 000209.317, 158
Trd, 000209.333, 156
Trd, 000209.883, 155.0
Trd, 000210.733, 155
Trd, 000210.950, 158
Trd, 000211.050, 155
Trd, 000211.267, 159
Trd, 000212.533, 158
Trd, 000212.600, 154
Trd, 000212.700, 158
Trd, 000214.083, 153
Trd, 000214.917, 147
Trd, 000215.383, 155
Trd, 000216.333, 156
Trd, 000217.250, 155
Trd, 000217.917, 155
Trd, 000220.383, 155
Trd, 000220.967, 155
Trd, 000221.133, 154
Trd, 000221.350, 152
Trd, 000221.467, 155
Trd, 000222.217, 156
Trd, 000222.467, 152
Trd, 000222.683, 147
Trd, 000223.783, 156
Trd, 000225.983, 155
Trd, 000226.050, 155.0
Trd, 000226.400, 155
Trd, 000227.600, 155
Trd, 000227.750, 154
Trd, 000227.950, 155
Trd, 000229.367, 154
Trd, 000229.800, 155
Trd, 000230.367, 155
Trd, 000231.300, 167
Trd, 000233.150, 173.0
Trd, 000233.883, 161
Trd, 000235.050, 155.0
Trd, 000236.150, 157
Trd, 000236.467, 156
Trd, 000237.667, 158.0
Trd, 000237.867, 158
Trd, 000238.017, 161
Trd, 000238.567, 161
Trd, 000238.683, 163
Trd, 000240.400, 156
Trd, 000240.850, 157
Trd, 000241.250, 157
Trd, 000241.300, 158
Trd, 000241.417, 159
Trd, 000242.100, 158.0
Trd, 000242.767, 157
Trd, 000243.550, 158
Trd, 000243.750, 158
Trd, 000243.800, 158
Trd, 000244.333, 155
Trd, 000244.767, 155.0
Trd, 000245.833, 156
Trd, 000246.283, 155
Trd, 000246.383, 153
Trd, 000246.567, 157
Trd, 000246.667, 165.0
Trd, 000248.450, 147
Trd, 000248.533, 155
Trd, 000248.967, 152
Trd, 000249.067, 151
Trd, 000249.717, 152
Trd, 000250.167, 152
Trd, 000250.983, 151
Trd, 000251.050, 150
Trd, 000251.283, 151.0
Trd, 000251.400, 151
Trd, 000251.867, 146
Trd, 000252.033, 152
Trd, 000252.233, 152
Trd, 000252.417, 150
Trd, 000253.100, 152
Trd, 000253.850, 150
Trd, 000254.467, 152
Trd, 000254.633, 150
Trd, 000254.767, 153
Trd, 000254.783, 149
Trd, 000254.867, 147
Trd, 000256.017, 154
Trd, 000256.617, 155
Trd, 000256.817, 163.0
Trd, 000256.900, 168.0
Trd, 000258.550, 157
Trd, 000258.967, 159
Trd, 000260.050, 158
Trd, 000260.383, 158
Trd, 000261.017, 158
Trd, 000261.100, 156
Trd, 000261.133, 155.0
Trd, 000261.867, 148
Trd, 000262.700, 145
Trd, 000262.800, 148
Trd, 000262.850, 144
Trd, 000263.333, 147
Trd, 000263.917, 143
Trd, 000263.950, 148
Trd, 000265.433, 145
Trd, 000265.567, 140
Trd, 000265.667, 140
Trd, 000265.950, 138.0
Trd, 000266.333, 147
Trd, 000266.450, 141
Trd, 000266.583, 148
Trd, 000268.450, 154.0
Trd, 000268.583, 150
Trd, 000269.000, 149
Trd, 000270.433, 148
Trd, 000270.467, 151.0
Trd, 000270.850, 165.0
Trd, 000271.283, 149
Trd, 000272.733, 150
Trd, 000273.900, 148
Trd, 000274.117, 150
Trd, 000274.500, 147
Trd, 000274.767, 151.0
Trd, 000274.933, 152
Trd, 000275.650, 146
Trd, 000275.817, 146
Trd, 000276.150, 151
Trd, 000276.517, 152
Trd, 000276.567, 155
Trd, 000277.150, 145
Trd, 000278.050, 143.0
Trd, 000278.367, 151.0
Trd, 000278.483, 150
Trd, 000278.700, 142
Trd, 000279.817, 148
Trd, 000279.867, 149
Trd, 000280.100, 150
Trd, 000280.367, 151.0
Trd, 000280.567, 153
Trd, 000280.700, 158.0
Trd, 000282.083, 144
Trd, 000282.800, 143
Trd, 000282.967, 142
Trd, 000283.017, 142
Trd, 000283.317, 143
Trd, 000283.650, 145
Trd, 000283.950, 148
Trd, 000284.067, 142
Trd, 000284.450, 148
Trd, 000285.300, 151.0
Trd, 000285.933, 164.0
Trd, 000286.300, 146
Trd, 000286.883, 145
Trd, 000287.433, 144.0
Trd, 000288.667, 149
Trd, 000288.717, 150
Trd, 000289.017, 151.0
Trd, 000289.250, 145
Trd, 000289.717, 158.0
Trd, 000290.767, 145
Trd, 000291.000, 153
Trd, 000291.767, 146
Trd, 000293.917, 147
Trd, 000294.150, 149.0
Trd, 000294.283, 145
Trd, 000294.350, 151
Trd, 000294.633, 145
Trd, 000295.467, 150
Trd, 000296.267, 147
Trd, 000296.683, 147
Trd, 000297.067, 150
Trd, 000297.583, 151.0
Trd, 000297.733, 158.0
Trd, 000297.767, 147
Trd, 000298.667, 165.0
Trd, 000299.367, 147
Trd, 000299.533, 149
Trd, 000299.667, 149
