Trd, 000001.267, 153
Trd, 000002.783, 164.0
Trd, 000002.983, 165.0
Trd, 000003.800, 148.0
Trd, 000004.167, 156
Trd, 000005.183, 171
Trd, 000005.317, 168.0
Trd, 000005.367, 164
Trd, 000005.867, 164.0
Trd, 000006.000, 163.0
Trd, 000006.833, 163.0
Trd, 000007.350, 162
Trd, 000009.183, 153
Trd, 000009.417, 153
Trd, 000010.083, 151
Trd, 000010.250, 152
Trd, 000010.667, 144
Trd, 000010.867, 144
Trd, 000010.950, 141.0
Trd, 000011.900, 148.0
Trd, 000012.100, 157.0
Trd, 000012.433, 157.0
Trd, 000012.817, 158.0
Trd, 000015.167, 157
Trd, 000015.450, 151
Trd, 000015.800, 159.0
Trd, 000015.967, 160.0
Trd, 000020.200, 155
Trd, 000021.550, 152
Trd, 000022.383, 152
Trd, 000022.533, 151
Trd, 000022.650, 148.0
Trd, 000022.933, 152
Trd, 000023.100, 151
Trd, 000023.183, 165.0
Trd, 000023.650, 144.0
Trd, 000023.767, 154
Trd, 000024.167, 156
Trd, 000025.667, 153
Trd, 000026.017, 156
Trd, 000026.250, 158.0
Trd, 000029.000, 158
Trd, 000029.100, 157
Trd, 000030.900, 155
Trd, 000031.533, 155
Trd, 000031.883, 154
Trd, 000032.100, 153
Trd, 000032.317, 153
Trd, 000032.700, 152
Trd, 000033.417, 156
Trd, 000033.817, 151
Trd, 000034.600, 157
Trd, 000036.683, 154
Trd, 000037.217, 153
Trd, 000038.000, 149
Trd, 000038.700, 150
Trd, 000039.200, 150
Trd, 000040.350, 150
Trd, 000040.500, 150
Trd, 000040.767, 151
Trd, 000040.817, 150
Trd, 000041.333, 148.0
Trd, 000041.967, 147
Trd, 000043.550, 162.0
Trd, 000043.600, 163.0
Trd, 000044.067, 165.0
Trd, 000044.117, 147
Trd, 000044.833, 158
Trd, 000045.083, 159
Trd, 000047.783, 159
Trd, 000048.167, 160
Trd, 000048.517, 159
Trd, 000049.650, 159
Trd, 000050.000, 151
Trd, 000051.100, 157
Trd, 000051.517, 150
Trd, 000052.367, 152
Trd, 000053.667, 149
Trd, 000053.967, 150
Trd, 000054.150, 149
Trd, 000054.733, 156
Trd, 000054.950, 149
Trd, 000055.317, 148.0
Trd, 000055.617, 155
Trd, 000055.933, 154
Trd, 000056.117, 157.0
Trd, 000056.917, 147
Trd, 000058.100, 151
Trd, 000058.717, 153
Trd, 000059.317, 156
Trd, 000059.600, 148.0
Trd, 000060.250, 158.0
Trd, 000061.867, 157
Trd, 000062.250, 155
Trd, 000062.983, 151
Trd, 000063.183, 149
Trd, 000063.550, 148
Trd, 000064.917, 148
Trd, 000065.667, 148
Trd, 000065.783, 148
Trd, 000066.000, 148
Trd, 000066.100, 164.0
Trd, 000066.267, 156
Trd, 000067.783, 152
Trd, 000068.333, 148
Trd, 000068.717, 150
Trd, 000069.550, 151
Trd, 000069.850, 150
Trd, 000071.750, 149
Trd, 000072.067, 148.0
Trd, 000073.050, 147
Trd, 000073.267, 147
Trd, 000073.700, 146
Trd, 000075.283, 147
Trd, 000075.700, 146
Trd, 000075.967, 144.0
Trd, 000075.983, 147
Trd, 000076.067, 148.0
Trd, 000076.367, 150
Trd, 000076.733, 157.0
Trd, 000077.750, 158.0
Trd, 000078.233, 165.0
Trd, 000079.167, 164
Trd, 000080.400, 160
Trd, 000080.617, 151
Trd, 000080.933, 148.0
Trd, 000081.867, 148.0
Trd, 000082.350, 147
Trd, 000083.417, 148
Trd, 000083.533, 147
Trd, 000083.717, 145
Trd, 000084.100, 148.0
Trd, 000084.383, 147
Trd, 000085.067, 147
Trd, 000086.050, 147
Trd, 000086.817, 147
Trd, 000086.900, 158.0
Trd, 000087.917, 151
Trd, 000088.150, 152
Trd, 000088.350, 167.0
Trd, 000089.083, 168
Trd, 000090.183, 164
Trd, 000090.250, 149
Trd, 000091.067, 159
Trd, 000093.600, 151
Trd, 000095.217, 150
Trd, 000095.283, 150
Trd, 000095.350, 148.0
Trd, 000096.633, 149
Trd, 000097.367, 149
Trd, 000097.733, 149
Trd, 000097.867, 150
Trd, 000098.200, 148
Trd, 000098.550, 148.0
Trd, 000098.567, 149
Trd, 000099.550, 150
Trd, 000100.883, 150
Trd, 000101.067, 158.0
Trd, 000101.317, 147
Trd, 000101.917, 153
Trd, 000103.400, 152
Trd, 000104.317, 150
Trd, 000104.383, 150
Trd, 000104.933, 152
Trd, 000104.983, 154
Trd, 000106.633, 148
Trd, 000107.017, 148.0
Trd, 000107.867, 154.0
Trd, 000108.317, 153
Trd, 000108.533, 158.0
Trd, 000108.867, 165.0
Trd, 000109.517, 162
Trd, 000110.567, 149
Trd, 000112.217, 149
Trd, 000112.500, 149
Trd, 000112.700, 148.0
Trd, 000113.600, 147
Trd, 000113.833, 148
Trd, 000114.700, 154
Trd, 000115.017, 158
Trd, 000115.767, 154
Trd, 000116.250, 153
Trd, 000117.133, 147
Trd, 000119.250, 149
Trd, 000119.483, 151
Trd, 000119.633, 151
Trd, 000120.350, 151
Trd, 000120.983, 150
Trd, 000122.350, 150
Trd, 000122.483, 149
Trd, 000122.717, 163.0
Trd, 000123.083, 165.0
Trd, 000124.200, 159
Trd, 000124.467, 152
Trd, 000124.600, 148.0
Trd, 000125.100, 161
Trd, 000126.417, 158
Trd, 000128.517, 153
Trd, 000129.017, 153
Trd, 000129.267, 151
Trd, 000129.467, 152
Trd, 000129.550, 152
Trd, 000130.317, 150
Trd, 000130.717, 150
Trd, 000131.433, 148.0
Trd, 000132.550, 151
Trd, 000133.600, 165.0
Trd, 000133.850, 166
Trd, 000135.433, 158
Trd, 000136.033, 155
Trd, 000136.167, 156
Trd, 000136.333, 153
Trd, 000136.533, 158
Trd, 000138.517, 154
Trd, 000139.217, 156
Trd, 000139.633, 153
Trd, 000140.283, 154
Trd, 000140.450, 156
Trd, 000141.600, 155
Trd, 000143.217, 153
Trd, 000143.900, 152
Trd, 000144.017, 152
Trd, 000144.767, 152
Trd, 000145.133, 150
Trd, 000146.117, 151
Trd, 000146.583, 158.0
Trd, 000147.500, 148.0
Trd, 000147.567, 153
Trd, 000148.033, 154
Trd, 000148.167, 156
Trd, 000149.950, 155
Trd, 000151.083, 148.0
Trd, 000151.133, 149
Trd, 000151.733, 148
Trd, 000151.867, 148
Trd, 000152.800, 148
Trd, 000153.200, 147
Trd, 000153.750, 148
Trd, 000153.883, 149
Trd, 000154.833, 145
Trd, 000155.350, 150
Trd, 000157.467, 148.0
Trd, 000157.950, 149
Trd, 000158.000, 148
Trd, 000158.450, 152
Trd, 000158.833, 165.0
Trd, 000160.150, 149
Trd, 000160.500, 156
Trd, 000160.633, 148.0
Trd, 000160.700, 157
Trd, 000161.083, 156
Trd, 000161.583, 148
Trd, 000161.967, 155
Trd, 000162.367, 154
Trd, 000164.833, 145
Trd, 000165.283, 146
Trd, 000165.800, 144.0
Trd, 000166.333, 146
Trd, 000166.350, 147
Trd, 000166.917, 147.0
Trd, 000167.400, 148.0
Trd, 000168.333, 145
Trd, 000168.817, 148
Trd, 000168.867, 158
Trd, 000168.967, 152
Trd, 000170.467, 148.0
Trd, 000171.417, 149
Trd, 000171.550, 149
Trd, 000171.800, 150
Trd, 000172.333, 148
Trd, 000173.500, 148
Trd, 000173.767, 141.0
Trd, 000175.300, 145
Trd, 000175.367, 146
Trd, 000175.517, 146
Trd, 000176.300, 158.0
Trd, 000179.117, 150
Trd, 000179.317, 149
Trd, 000179.633, 157.0
Trd, 000179.817, 156.0
Trd, 000180.017, 158.0
Trd, 000180.600, 148.0
Trd, 000180.733, 146
Trd, 000182.717, 149
Trd, 000182.733, 145
Trd, 000183.200, 145
Trd, 000183.400, 144.0
Trd, 000184.500, 144
Trd, 000185.400, 144
Trd, 000185.617, 143
Trd, 000186.083, 144
Trd, 000186.383, 148.0
Trd, 000187.833, 164.0
Trd, 000188.233, 162
Trd, 000188.617, 165.0
Trd, 000189.017, 151
Trd, 000190.783, 153
Trd, 000191.033, 154
Trd, 000191.917, 152
Trd, 000192.267, 153
Trd, 000192.867, 156
Trd, 000194.033, 151
Trd, 000194.367, 152
Trd, 000194.683, 148.0
Trd, 000195.050, 150
Trd, 000196.250, 149
Trd, 000196.917, 150
Trd, 000197.733, 144.0
Trd, 000198.233, 150
Trd, 000198.250, 158.0
Trd, 000199.733, 148
Trd, 000199.933, 148
Trd, 000200.783, 147
Trd, 000201.533, 146
Trd, 000201.650, 148
Trd, 000203.600, 146
Trd, 000204.067, 150
Trd, 000204.233, 158.0
Trd, 000204.967, 152
Trd, 000205.617, 151
Trd, 000207.350, 150
Trd, 000207.783, 148.0
Trd, 000208.350, 145
Trd, 000209.133, 148
Trd, 000209.367, 149
Trd, 000209.967, 145
Trd, 000210.933, 147
Trd, 000211.150, 151
Trd, 000212.317, 162
Trd, 000212.683, 162.0
Trd, 000212.850, 159
Trd, 000213.117, 162.0
Trd, 000213.450, 147
Trd, 000215.767, 157
Trd, 000216.017, 157
Trd, 000217.600, 154
Trd, 000217.617, 155
Trd, 000218.217, 155
Trd, 000218.550, 156
Trd, 000219.550, 148
Trd, 000220.917, 151
Trd, 000221.567, 151
Trd, 000221.733, 150
Trd, 000222.100, 148.0
Trd, 000223.017, 148
Trd, 000224.283, 148
Trd, 000224.350, 147
Trd, 000224.683, 147
Trd, 000225.433, 144.0
Trd, 000225.550, 146
Trd, 000225.983, 142
Trd, 000226.533, 141.0
Trd, 000226.817, 145
Trd, 000228.067, 155.0
Trd, 000228.683, 160
Trd, 000230.050, 142
Trd, 000231.200, 152
Trd, 000231.333, 152
Trd, 000231.400, 148.0
Trd, 000232.400, 147
Trd, 000232.583, 150
Trd, 000233.617, 148
Trd, 000233.867, 149
Trd, 000234.350, 148.0
Trd, 000235.433, 148
Trd, 000236.033, 149
Trd, 000236.100, 145
Trd, 000236.850, 150
Trd, 000237.367, 152
Trd, 000237.533, 145
Trd, 000238.100, 157
Trd, 000240.550, 148.0
Trd, 000241.017, 147
Trd, 000241.133, 145
Trd, 000241.183, 145
Trd, 000241.383, 146
Trd, 000241.900, 145
Trd, 000241.950, 146
Trd, 000242.217, 146
Trd, 000242.717, 144.0
Trd, 000242.783, 147
Trd, 000243.133, 144
Trd, 000243.533, 147
Trd, 000244.267, 144
Trd, 000244.467, 141.0
Trd, 000244.717, 144
Trd, 000244.850, 134.0
Trd, 000244.900, 145
Trd, 000245.367, 142.0
Trd, 000245.450, 155.0
Trd, 000245.500, 158.0
Trd, 000245.733, 165.0
Trd, 000246.833, 160
Trd, 000247.400, 159
Trd, 000247.483, 159
Trd, 000247.967, 157
Trd, 000248.350, 159
Trd, 000248.917, 156
Trd, 000249.933, 157
Trd, 000250.000, 156
Trd, 000250.200, 155
Trd, 000250.650, 157
Trd, 000251.283, 158
Trd, 000251.533, 157.0
Trd, 000251.600, 158
Trd, 000252.650, 151.0
Trd, 000253.133, 148.0
Trd, 000253.567, 152.0
Trd, 000253.583, 155
Trd, 000253.900, 155.0
Trd, 000254.900, 148
Trd, 000255.500, 157.0
Trd, 000255.867, 151
Trd, 000256.333, 154
Trd, 000256.700, 151
Trd, 000257.017, 153
Trd, 000257.250, 151
Trd, 000257.517, 151.0
Trd, 000259.150, 150
Trd, 000259.383, 148
Trd, 000259.700, 150
Trd, 000260.617, 149
Trd, 000260.917, 148.0
Trd, 000261.117, 148
Trd, 000261.150, 151
Trd, 000261.250, 151
Trd, 000262.067, 150
Trd, 000262.467, 149
Trd, 000262.683, 148.0
Trd, 000263.183, 150
Trd, 000263.467, 152
Trd, 000264.550, 150
Trd, 000264.717, 150
Trd, 000265.167, 150
Trd, 000265.467, 152
Trd, 000266.717, 150.0
Trd, 000267.183, 155.0
Trd, 000267.267, 148
Trd, 000267.433, 158.0
Trd, 000267.717, 155
Trd, 000268.083, 158.0
Trd, 000268.433, 152
Trd, 000268.700, 158.0
Trd, 000268.733, 159.0
Trd, 000269.567, 149
Trd, 000269.700, 148.0
Trd, 000270.283, 155
Trd, 000270.400, 145
Trd, 000271.250, 158
Trd, 000271.350, 159.0
Trd, 000272.100, 155.0
Trd, 000272.183, 165.0
Trd, 000272.883, 168.0
Trd, 000273.083, 165.0
Trd, 000273.683, 162.0
Trd, 000274.083, 157
Trd, 000274.217, 151.0
Trd, 000275.550, 155
Trd, 000275.833, 155.0
Trd, 000276.000, 155
Trd, 000276.283, 155
Trd, 000276.333, 150.0
Trd, 000276.417, 148.0
Trd, 000276.567, 156
Trd, 000276.867, 156
Trd, 000277.517, 156
Trd, 000277.567, 151.0
Trd, 000278.783, 151.0
Trd, 000279.233, 154
Trd, 000279.283, 150
Trd, 000280.033, 154
Trd, 000280.233, 154
Trd, 000280.817, 148.0
Trd, 000281.167, 144.0
Trd, 000281.917, 149
Trd, 000282.550, 147
Trd, 000282.700, 149
Trd, 000284.333, 154.0
Trd, 000284.683, 152
Trd, 000285.150, 154.0
Trd, 000285.300, 151.0
Trd, 000285.483, 155.0
Trd, 000285.750, 149
Trd, 000286.083, 155
Trd, 000286.833, 168.0
Trd, 000287.383, 150
Trd, 000287.417, 157
Trd, 000287.933, 155.0
Trd, 000288.100, 158
Trd, 000288.167, 159
Trd, 000288.650, 171.0
Trd, 000289.083, 167.0
Trd, 000289.583, 162
Trd, 000289.917, 156
Trd, 000290.150, 155
Trd, 000290.767, 155
Trd, 000291.633, 151.0
Trd, 000292.000, 155
Trd, 000292.150, 153
Trd, 000292.333, 154
Trd, 000292.517, 152
Trd, 000293.117, 156
Trd, 000293.200, 151
Trd, 000293.917, 152
Trd, 000294.767, 151.0
Trd, 000294.883, 149
Trd, 000295.117, 152
Trd, 000296.050, 154.0
Trd, 000296.700, 144.0
Trd, 000296.767, 154.0
Trd, 000297.867, 148.0
Trd, 000297.983, 149
Trd, 000298.483, 154
Trd, 000298.567, 154.0
Trd, 000299.267, 153
Trd, 000299.600, 152
