Trd, 000002.117, 142
Trd, 000002.833, 141.0
Trd, 000003.217, 155.0
Trd, 000003.250, 155
Trd, 000004.250, 161.0
Trd, 000005.117, 161.0
Trd, 000005.200, 161.0
Trd, 000005.850, 158
Trd, 000006.317, 155.0
Trd, 000006.967, 152.0
Trd, 000007.200, 157.0
Trd, 000008.617, 152.0
Trd, 000009.267, 151
Trd, 000009.733, 150
Trd, 000009.900, 151
Trd, 000010.733, 151
Trd, 000010.750, 149
Trd, 000011.150, 152
Trd, 000011.400, 151
Trd, 000011.583, 155.0
Trd, 000011.683, 148
Trd, 000012.383, 150
Trd, 000013.283, 150
Trd, 000013.667, 151
Trd, 000014.700, 152
Trd, 000015.717, 152
Trd, 000015.850, 151
Trd, 000016.300, 151
Trd, 000017.000, 150
Trd, 000017.183, 152
Trd, 000017.433, 150
Trd, 000017.867, 151
Trd, 000017.967, 150
Trd, 000018.583, 151
Trd, 000018.717, 141.0
Trd, 000019.867, 152
Trd, 000019.933, 150
Trd, 000020.133, 148
Trd, 000020.633, 151
Trd, 000020.917, 151
Trd, 000022.000, 147
Trd, 000022.967, 141
Trd, 000023.050, 141
Trd, 000023.600, 137.0
Trd, 000024.017, 155.0
Trd, 000024.517, 152
Trd, 000024.567, 151.0
Trd, 000024.817, 142.0
Trd, 000025.750, 161.0
Trd, 000026.033, 156.0
Trd, 000026.317, 155.0
Trd, 000027.550, 152
Trd, 000028.333, 151
Trd, 000028.367, 150
Trd, 000028.667, 147
Trd, 000029.050, 150
Trd, 000029.917, 151
Trd, 000030.567, 150
Trd, 000030.933, 153
Trd, 000032.233, 154
Trd, 000032.283, 162.0
Trd, 000033.067, 154
Trd, 000034.117, 154.0
Trd, 000034.817, 151
Trd, 000035.250, 151.0
Trd, 000035.917, 153.0
Trd, 000036.000, 147
Trd, 000036.817, 154
Trd, 000036.983, 155
Trd, 000037.317, 155.0
Trd, 000038.550, 154
Trd, 000038.733, 151
Trd, 000038.900, 153
Trd, 000039.267, 150
Trd, 000039.867, 153
Trd, 000040.017, 153
Trd, 000040.350, 150
Trd, 000041.717, 143
Trd, 000041.767, 143
Trd, 000042.017, 145
Trd, 000042.900, 147
Trd, 000043.383, 147
Trd, 000044.550, 148.0
Trd, 000044.967, 147.0
Trd, 000045.000, 151
Trd, 000045.950, 146
Trd, 000046.500, 145
Trd, 000046.967, 148
Trd, 000047.283, 148.0
Trd, 000048.417, 150
Trd, 000049.317, 149
Trd, 000049.717, 148
Trd, 000050.083, 150
Trd, 000051.000, 147
Trd, 000051.300, 147
Trd, 000051.933, 150
Trd, 000052.983, 151
Trd, 000054.067, 147
Trd, 000054.283, 149
Trd, 000054.633, 151
Trd, 000055.567, 142.0
Trd, 000056.033, 154.0
Trd, 000056.583, 165.0
Trd, 000056.817, 151
Trd, 000057.400, 152
Trd, 000057.550, 147
Trd, 000059.050, 152
Trd, 000059.117, 153
Trd, 000059.767, 155.0
Trd, 000060.600, 151.0
Trd, 000060.633, 155
Trd, 000060.667, 159.0
Trd, 000061.383, 152
Trd, 000061.517, 152
Trd, 000064.583, 155.0
Trd, 000065.017, 155
Trd, 000065.117, 156
Trd, 000065.150, 152
Trd, 000066.817, 152
Trd, 000067.233, 154
Trd, 000067.300, 153.0
Trd, 000067.817, 162.0
Trd, 000068.233, 153.0
Trd, 000068.483, 154
Trd, 000068.833, 155.0
Trd, 000069.067, 155
Trd, 000069.083, 157
Trd, 000070.950, 152.0
Trd, 000071.350, 152
Trd, 000071.833, 155
Trd, 000072.750, 153
Trd, 000073.617, 153
Trd, 000073.850, 153
Trd, 000074.000, 152
Trd, 000074.583, 148
Trd, 000075.050, 155.0
Trd, 000075.350, 152
Trd, 000076.300, 154
Trd, 000077.050, 154
Trd, 000078.367, 151
Trd, 000078.633, 152
Trd, 000078.917, 154
Trd, 000079.933, 151
Trd, 000080.733, 151
Trd, 000081.850, 151
Trd, 000081.883, 149
Trd, 000082.950, 151
Trd, 000083.517, 152
Trd, 000083.933, 152
Trd, 000083.950, 152
Trd, 000084.717, 148
Trd, 000086.683, 149
Trd, 000086.817, 149
Trd, 000087.150, 148
Trd, 000087.250, 147
Trd, 000088.433, 148
Trd, 000088.450, 150
Trd, 000088.950, 151
Trd, 000089.433, 149
Trd, 000089.733, 149
Trd, 000090.050, 147
Trd, 000090.233, 151
Trd, 000090.883, 146
Trd, 000090.900, 155.0
Trd, 000091.100, 159
Trd, 000091.333, 149
Trd, 000091.533, 165.0
Trd, 000092.683, 147
Trd, 000094.250, 155.0
Trd, 000094.633, 157.0
Trd, 000095.000, 156
Trd, 000095.300, 156
Trd, 000096.367, 155.0
Trd, 000096.583, 154
Trd, 000097.317, 153
Trd, 000097.633, 153
Trd, 000098.000, 153
Trd, 000099.033, 153
Trd, 000099.283, 154
Trd, 000099.333, 152
Trd, 000099.850, 155.0
Trd, 000101.050, 153
Trd, 000101.800, 152
Trd, 000102.050, 152
Trd, 000102.067, 154
Trd, 000103.183, 153
Trd, 000104.067, 153
Trd, 000105.017, 151.0
Trd, 000105.783, 152
Trd, 000105.983, 153
Trd, 000106.083, 154
Trd, 000106.517, 154
Trd, 000106.650, 151
Trd, 000108.067, 154
Trd, 000108.783, 150
Trd, 000109.917, 151
Trd, 000109.967, 150
Trd, 000110.117, 153.0
Trd, 000111.133, 153
Trd, 000111.350, 154
Trd, 000112.250, 151
Trd, 000112.567, 152
Trd, 000113.450, 151
Trd, 000113.900, 150
Trd, 000114.000, 148
Trd, 000114.550, 151
Trd, 000114.650, 152.0
Trd, 000116.083, 149
Trd, 000116.383, 152
Trd, 000117.917, 152
Trd, 000118.467, 152
Trd, 000118.850, 151.0
Trd, 000119.750, 150
Trd, 000119.867, 151
Trd, 000119.883, 150
Trd, 000119.950, 152
Trd, 000120.483, 147
Trd, 000122.117, 150.0
Trd, 000123.183, 151
Trd, 000124.100, 137.0
Trd, 000124.583, 143
Trd, 000124.833, 151
Trd, 000125.167, 148
Trd, 000125.433, 148
Trd, 000125.733, 148
Trd, 000125.883, 151
Trd, 000127.150, 149
Trd, 000127.250, 155.0
Trd, 000128.767, 150
Trd, 000129.150, 151
Trd, 000129.933, 153
Trd, 000130.383, 150
Trd, 000130.417, 151
Trd, 000131.567, 149
Trd, 000132.133, 148
Trd, 000132.950, 150
Trd, 000133.667, 151
Trd, 000133.783, 152
Trd, 000134.733, 151.0
Trd, 000135.433, 151
Trd, 000136.367, 150
Trd, 000136.383, 151
Trd, 000136.550, 150
Trd, 000136.667, 151
Trd, 000137.600, 151
Trd, 000137.917, 150
Trd, 000137.933, 147
Trd, 000138.750, 162.0
Trd, 000139.617, 155
Trd, 000140.400, 154.0
Trd, 000140.550, 151
Trd, 000141.400, 151
Trd, 000141.467, 150
Trd, 000143.067, 149
Trd, 000143.900, 148
Trd, 000143.917, 147
Trd, 000144.650, 144.0
Trd, 000144.783, 148
Trd, 000144.933, 148
Trd, 000145.050, 146
Trd, 000145.767, 148
Trd, 000146.033, 151
Trd, 000146.067, 155.0
Trd, 000147.483, 159.0
Trd, 000147.600, 158
Trd, 000147.650, 154
Trd, 000148.567, 155
Trd, 000148.600, 158
Trd, 000148.750, 160.0
Trd, 000149.883, 157.0
Trd, 000150.767, 158
Trd, 000151.067, 157.0
Trd, 000151.783, 155.0
Trd, 000153.400, 155.0
Trd, 000153.650, 150
Trd, 000153.967, 153
Trd, 000154.233, 154.0
Trd, 000154.350, 155.0
Trd, 000154.467, 162.0
Trd, 000155.017, 167
Trd, 000156.533, 153
Trd, 000156.850, 154
Trd, 000157.150, 154
Trd, 000157.183, 151.0
Trd, 000157.833, 155
Trd, 000159.067, 153
Trd, 000159.967, 152
Trd, 000161.583, 152
Trd, 000161.750, 153
Trd, 000161.850, 151.0
Trd, 000162.067, 152
Trd, 000162.717, 152
Trd, 000162.783, 151
Trd, 000163.083, 151
Trd, 000163.417, 153
Trd, 000163.933, 154
Trd, 000165.117, 154
Trd, 000165.883, 149
Trd, 000165.900, 147
Trd, 000166.983, 153
Trd, 000167.933, 151
Trd, 000167.967, 152
Trd, 000168.750, 152
Trd, 000169.100, 152
Trd, 000169.150, 152
Trd, 000169.783, 153
Trd, 000170.183, 152.0
Trd, 000171.017, 151.0
Trd, 000171.183, 153
Trd, 000171.867, 152
Trd, 000171.883, 153
Trd, 000172.617, 155.0
Trd, 000172.767, 155
Trd, 000173.367, 154.0
Trd, 000175.817, 155.0
Trd, 000176.117, 156
Trd, 000176.267, 165.0
Trd, 000176.733, 155
Trd, 000177.933, 161
Trd, 000178.133, 160
Trd, 000178.150, 153
Trd, 000179.000, 156
Trd, 000179.250, 157
Trd, 000179.567, 151.0
Trd, 000180.350, 155
Trd, 000181.067, 155
Trd, 000181.433, 155
Trd, 000181.733, 158.0
Trd, 000182.717, 156
Trd, 000184.000, 160.0
Trd, 000184.133, 157
Trd, 000185.217, 156
Trd, 000185.967, 155
Trd, 000186.017, 157
Trd, 000186.433, 155.0
Trd, 000186.633, 154
Trd, 000187.017, 156
Trd, 000188.483, 154
Trd, 000189.983, 154
Trd, 000190.500, 154
Trd, 000190.783, 152
Trd, 000191.133, 154
Trd, 000191.483, 151.0
Trd, 000191.567, 149
Trd, 000192.250, 155.0
Trd, 000192.350, 155
Trd, 000192.367, 141.0
Trd, 000192.750, 156
Trd, 000194.317, 152
Trd, 000195.083, 150
Trd, 000195.117, 151
Trd, 000195.867, 152
Trd, 000196.333, 155.0
Trd, 000196.450, 162.0
Trd, 000196.800, 153
Trd, 000197.183, 152
Trd, 000198.500, 152.0
Trd, 000198.600, 151.0
Trd, 000198.617, 151
Trd, 000199.183, 147
Trd, 000199.300, 155
Trd, 000200.900, 154
Trd, 000201.350, 152
Trd, 000201.967, 151
Trd, 000202.300, 153
Trd, 000202.467, 151
Trd, 000202.633, 151
Trd, 000203.750, 151
Trd, 000204.117, 150
Trd, 000204.283, 148
Trd, 000205.483, 150
Trd, 000205.550, 151
Trd, 000205.950, 149
Trd, 000206.450, 148
Trd, 000206.700, 151
Trd, 000207.200, 151
Trd, 000207.533, 152
Trd, 000207.967, 155.0
Trd, 000208.100, 149
Trd, 000209.017, 152
Trd, 000209.117, 153
Trd, 000210.767, 152.0
Trd, 000211.267, 153.0
Trd, 000212.117, 148
Trd, 000212.300, 148
Trd, 000213.350, 151
Trd, 000214.167, 150
Trd, 000214.400, 149
Trd, 000214.850, 148
Trd, 000214.883, 149
Trd, 000215.433, 150
Trd, 000215.500, 151
Trd, 000215.533, 147
Trd, 000215.800, 151
Trd, 000216.800, 149
Trd, 000218.150, 147
Trd, 000218.283, 148
Trd, 000218.483, 149
Trd, 000218.817, 146
Trd, 000220.067, 148
Trd, 000220.167, 148
Trd, 000220.367, 151
Trd, 000220.933, 149
Trd, 000221.700, 148
Trd, 000221.900, 155.0
Trd, 000222.217, 146
Trd, 000223.583, 146
Trd, 000223.650, 150
Trd, 000223.667, 150
Trd, 000223.800, 150
Trd, 000224.600, 152
Trd, 000225.900, 148
Trd, 000227.583, 152
Trd, 000227.633, 153.0
Trd, 000228.100, 151
Trd, 000228.733, 151
Trd, 000229.583, 154
Trd, 000229.833, 155.0
Trd, 000229.850, 154.0
Trd, 000230.233, 154.0
Trd, 000231.767, 151.0
Trd, 000232.017, 153
Trd, 000232.250, 155
Trd, 000232.700, 151
Trd, 000233.167, 152.0
Trd, 000234.017, 150
Trd, 000235.883, 151
Trd, 000236.067, 152
Trd, 000236.150, 151
Trd, 000236.483, 152
Trd, 000236.650, 152
Trd, 000236.667, 150
Trd, 000237.183, 152
Trd, 000237.450, 151
Trd, 000237.667, 152
Trd, 000237.867, 153
Trd, 000238.900, 151
Trd, 000239.850, 151
Trd, 000239.967, 150
Trd, 000240.100, 152
Trd, 000240.200, 153
Trd, 000240.250, 151
Trd, 000241.000, 151
Trd, 000241.717, 155.0
Trd, 000242.867, 152.0
Trd, 000243.250, 154
Trd, 000243.417, 151
Trd, 000243.567, 152.0
Trd, 000243.633, 150
Trd, 000243.900, 155.0
Trd, 000244.000, 153
Trd, 000244.083, 149
Trd, 000245.150, 151
Trd, 000245.383, 151
Trd, 000245.850, 152
Trd, 000245.933, 150
Trd, 000245.950, 149
Trd, 000246.300, 147
Trd, 000247.600, 149
Trd, 000247.633, 150
Trd, 000248.200, 154
Trd, 000248.467, 165.0
Trd, 000248.483, 182.0
Trd, 000248.900, 155.0
Trd, 000249.917, 153
Trd, 000250.333, 153
Trd, 000250.483, 155.0
Trd, 000250.600, 150
Trd, 000250.767, 147
Trd, 000250.933, 150.0
Trd, 000250.983, 141.0
Trd, 000252.067, 138
Trd, 000252.400, 140
Trd, 000252.833, 138
Trd, 000253.167, 139
Trd, 000253.217, 137
Trd, 000253.567, 140
Trd, 000254.033, 139
Trd, 000254.367, 139
Trd, 000254.933, 138
Trd, 000255.283, 139
Trd, 000255.683, 138
Trd, 000256.033, 136
Trd, 000256.067, 139.0
Trd, 000257.000, 140
Trd, 000258.000, 139
Trd, 000258.150, 138
Trd, 000258.733, 142
Trd, 000259.250, 148.0
Trd, 000259.567, 149
Trd, 000259.583, 151
Trd, 000259.750, 148
Trd, 000260.083, 145
Trd, 000261.300, 153.0
Trd, 000261.483, 146
Trd, 000261.500, 150.0
Trd, 000262.117, 150.0
Trd, 000262.817, 151
Trd, 000263.167, 147
Trd, 000263.283, 146
Trd, 000263.650, 145.0
Trd, 000264.217, 143.0
Trd, 000264.483, 144
Trd, 000264.600, 151.0
Trd, 000264.933, 151
Trd, 000265.117, 154.0
Trd, 000265.133, 155.0
Trd, 000265.317, 152
Trd, 000265.967, 151
Trd, 000267.467, 159.0
Trd, 000267.533, 160.0
Trd, 000267.917, 156
Trd, 000268.300, 153
Trd, 000268.467, 156
Trd, 000269.650, 162.0
Trd, 000270.683, 155
Trd, 000270.750, 157
Trd, 000271.000, 156
Trd, 000271.183, 155.0
Trd, 000271.933, 152
Trd, 000272.100, 154
Trd, 000272.767, 152.0
Trd, 000273.133, 154
Trd, 000273.850, 153.0
Trd, 000273.917, 151.0
Trd, 000273.967, 153
Trd, 000274.050, 154
Trd, 000275.017, 154
Trd, 000275.367, 142.0
Trd, 000276.033, 151
Trd, 000276.283, 146
Trd, 000276.800, 151
Trd, 000276.850, 150
Trd, 000277.700, 149
Trd, 000277.733, 151
Trd, 000278.333, 153
Trd, 000278.367, 148
Trd, 000278.600, 146
Trd, 000279.117, 154.0
Trd, 000279.600, 165.0
Trd, 000279.967, 146
Trd, 000280.667, 150.0
Trd, 000280.867, 143.0
Trd, 000281.000, 154.0
Trd, 000281.717, 147.0
Trd, 000282.033, 146
Trd, 000282.167, 148
Trd, 000282.767, 149
Trd, 000283.267, 151
Trd, 000283.733, 148.0
Trd, 000284.067, 150
Trd, 000284.417, 150
Trd, 000284.650, 151
Trd, 000284.917, 147
Trd, 000285.767, 150.0
Trd, 000286.383, 154.0
Trd, 000286.500, 155.0
Trd, 000286.650, 162.0
Trd, 000287.150, 154.0
Trd, 000287.500, 153.0
Trd, 000288.300, 163.0
Trd, 000288.383, 159
Trd, 000288.717, 159
Trd, 000288.867, 159
Trd, 000289.433, 155
Trd, 000289.833, 158
Trd, 000290.233, 159
Trd, 000290.483, 157
Trd, 000291.250, 158
Trd, 000291.433, 155.0
Trd, 000291.633, 158
Trd, 000292.167, 149
Trd, 000292.400, 157
Trd, 000293.600, 154
Trd, 000293.817, 148
Trd, 000293.883, 154
Trd, 000294.600, 151
Trd, 000295.050, 150
Trd, 000295.617, 151.0
Trd, 000296.183, 146
Trd, 000296.217, 152.0
Trd, 000296.367, 153.0
Trd, 000296.933, 152
Trd, 000297.250, 153
Trd, 000297.267, 141.0
Trd, 000298.683, 147
Trd, 000298.917, 149
Trd, 000299.283, 148
Trd, 000299.367, 144
Trd, 000299.567, 141.0
Trd, 000299.817, 149
Trd, 000299.900, 151
