Trd, 000001.850, 100.0
Trd, 000002.783, 120
Trd, 000002.917, 134.0
Trd, 000003.117, 150
Trd, 000003.183, 151.0
Trd, 000003.317, 172.0
Trd, 000003.683, 149.0
Trd, 000004.783, 155.0
Trd, 000005.100, 157
Trd, 000005.700, 155
Trd, 000005.883, 154
Trd, 000006.283, 156
Trd, 000007.550, 154
Trd, 000008.150, 151.0
Trd, 000008.517, 155
Trd, 000010.267, 155
Trd, 000010.467, 151.0
Trd, 000010.767, 154.0
Trd, 000011.217, 152.0
Trd, 000011.700, 155.0
Trd, 000011.833, 150
Trd, 000013.800, 165.0
Trd, 000014.033, 171.0
Trd, 000015.117, 180
Trd, 000015.200, 163
Trd, 000015.333, 171
Trd, 000016.867, 170
Trd, 000016.950, 171.0
Trd, 000017.150, 164
Trd, 000017.567, 165.0
Trd, 000018.450, 169
Trd, 000018.817, 164
Trd, 000019.817, 163
Trd, 000022.950, 163
Trd, 000023.100, 165.0
Trd, 000023.867, 162.0
Trd, 000023.933, 163
Trd, 000024.033, 161
Trd, 000024.783, 160
Trd, 000025.283, 155
Trd, 000025.317, 154
Trd, 000025.967, 148.0
Trd, 000026.083, 155.0
Trd, 000026.233, 159
Trd, 000026.617, 157
Trd, 000027.017, 172.0
Trd, 000027.783, 165.0
Trd, 000028.433, 139
Trd, 000029.133, 156
Trd, 000029.283, 170
Trd, 000030.583, 160
Trd, 000030.817, 157
Trd, 000031.767, 159
Trd, 000032.367, 163
Trd, 000032.500, 163
Trd, 000033.950, 161
Trd, 000034.283, 169
Trd, 000034.717, 162.0
Trd, 000035.400, 160
Trd, 000035.617, 160
Trd, 000035.633, 156
Trd, 000036.467, 160
Trd, 000036.850, 160
Trd, 000037.800, 155.0
Trd, 000037.983, 161
Trd, 000038.067, 154
Trd, 000038.483, 172.0
Trd, 000038.933, 174.0
Trd, 000038.983, 152
Trd, 000040.700, 160
Trd, 000041.467, 158
Trd, 000042.050, 160
Trd, 000042.600, 158
Trd, 000042.750, 163
Trd, 000042.967, 160
Trd, 000043.400, 158
Trd, 000044.000, 157
Trd, 000044.767, 156
Trd, 000045.400, 158
Trd, 000046.000, 169.0
Trd, 000046.483, 155.0
Trd, 000047.033, 162.0
Trd, 000047.600, 163
Trd, 000047.700, 156
Trd, 000047.950, 163
Trd, 000048.883, 170
Trd, 000049.467, 169
Trd, 000051.100, 172.0
Trd, 000052.367, 171
Trd, 000052.800, 166.0
Trd, 000053.983, 173
Trd, 000054.633, 165.0
Trd, 000055.367, 164
Trd, 000056.100, 162.0
Trd, 000056.300, 160
Trd, 000057.283, 169
Trd, 000058.400, 171
Trd, 000058.883, 172.0
Trd, 000059.733, 165.0
Trd, 000060.200, 162.0
Trd, 000060.850, 162
Trd, 000061.117, 165
Trd, 000061.217, 162
Trd, 000061.383, 162
Trd, 000061.767, 155.0
Trd, 000062.567, 155.0
Trd, 000062.683, 156
Trd, 000063.017, 168
Trd, 000065.367, 160
Trd, 000065.917, 163
Trd, 000066.433, 162.0
Trd, 000066.533, 163
Trd, 000067.717, 155.0
Trd, 000067.817, 176
Trd, 000068.683, 164
Trd, 000069.667, 166.0
Trd, 000069.750, 166.0
Trd, 000070.633, 166.0
Trd, 000071.417, 165.0
Trd, 000071.500, 164.0
Trd, 000071.717, 162.0
Trd, 000072.400, 171.0
Trd, 000072.817, 171.0
Trd, 000073.383, 162
Trd, 000074.633, 166.0
Trd, 000075.800, 167
Trd, 000076.433, 165
Trd, 000076.750, 166
Trd, 000077.817, 165.0
Trd, 000078.283, 158
Trd, 000078.567, 155.0
Trd, 000079.400, 154.0
Trd, 000079.450, 155.0
Trd, 000079.483, 148.0
Trd, 000079.500, 165
Trd, 000080.667, 148.0
Trd, 000080.733, 162
Trd, 000081.783, 155.0
Trd, 000082.100, 154
Trd, 000082.133, 152
Trd, 000082.450, 155
Trd, 000082.567, 162
Trd, 000083.317, 163
Trd, 000083.917, 162.0
Trd, 000084.900, 162
Trd, 000085.183, 171.0
Trd, 000085.400, 161
Trd, 000087.100, 161
Trd, 000087.467, 155
Trd, 000087.483, 165.0
Trd, 000087.550, 155.0
Trd, 000088.700, 168.0
Trd, 000089.400, 169.0
Trd, 000089.950, 162
Trd, 000091.200, 165
Trd, 000091.883, 163
Trd, 000092.333, 163
Trd, 000092.517, 163
Trd, 000092.583, 162
Trd, 000092.900, 162.0
Trd, 000093.233, 175.0
Trd, 000094.383, 167
Trd, 000094.933, 167
Trd, 000096.200, 164
Trd, 000096.233, 162.0
Trd, 000096.867, 171.0
Trd, 000098.067, 155.0
Trd, 000098.200, 163
Trd, 000098.617, 164
Trd, 000098.850, 156
Trd, 000099.017, 151.0
Trd, 000099.850, 157
Trd, 000100.683, 157
Trd, 000101.217, 158
Trd, 000102.367, 159
Trd, 000103.067, 156
Trd, 000103.283, 160
Trd, 000103.733, 155.0
Trd, 000104.250, 155
Trd, 000105.333, 162.0
Trd, 000105.550, 164.0
Trd, 000106.400, 162
Trd, 000106.500, 155
Trd, 000106.850, 155.0
Trd, 000107.383, 160
Trd, 000107.667, 160.0
Trd, 000108.200, 154
Trd, 000108.800, 154
Trd, 000109.350, 153
Trd, 000109.800, 156
Trd, 000110.083, 156
Trd, 000111.083, 155
Trd, 000112.283, 154
Trd, 000112.667, 155
Trd, 000113.350, 165.0
Trd, 000114.250, 155.0
Trd, 000114.283, 148.0
Trd, 000114.583, 167.0
Trd, 000114.867, 167.0
Trd, 000114.917, 165.0
Trd, 000115.783, 162.0
Trd, 000115.983, 167.0
Trd, 000116.450, 172.0
Trd, 000116.617, 165.0
Trd, 000117.450, 163
Trd, 000118.217, 168
Trd, 000119.717, 161
Trd, 000120.483, 156.0
Trd, 000120.833, 162
Trd, 000120.867, 155.0
Trd, 000121.083, 163
Trd, 000121.100, 154
Trd, 000122.683, 155.0
Trd, 000122.817, 157
Trd, 000123.783, 151.0
Trd, 000124.050, 153
Trd, 000125.250, 150
Trd, 000125.350, 151
Trd, 000125.667, 151
Trd, 000126.583, 171.0
Trd, 000126.850, 159
Trd, 000128.267, 160
Trd, 000128.717, 159
Trd, 000128.850, 158
Trd, 000129.067, 158
Trd, 000129.550, 160
Trd, 000129.750, 156
Trd, 000130.100, 161
Trd, 000130.800, 172.0
Trd, 000130.983, 155.0
Trd, 000131.133, 179
Trd, 000132.050, 155
Trd, 000132.833, 163.0
Trd, 000133.167, 164
Trd, 000133.383, 162.0
Trd, 000133.500, 165.0
Trd, 000134.283, 166
Trd, 000134.467, 156
Trd, 000135.567, 151.0
Trd, 000136.567, 172.0
Trd, 000137.283, 154
Trd, 000138.167, 162.0
Trd, 000138.383, 159
Trd, 000139.167, 160
Trd, 000140.750, 158
Trd, 000141.033, 160
Trd, 000141.117, 157
Trd, 000142.417, 155.0
Trd, 000142.567, 155
Trd, 000142.600, 148.0
Trd, 000143.000, 153
Trd, 000143.117, 147
Trd, 000143.600, 152
Trd, 000143.867, 153
Trd, 000144.217, 172.0
Trd, 000145.000, 154
Trd, 000146.650, 149
Trd, 000147.767, 172.0
Trd, 000148.000, 157
Trd, 000148.867, 157
Trd, 000148.883, 158
Trd, 000149.117, 155.0
Trd, 000149.433, 169
Trd, 000149.583, 155
Trd, 000149.750, 153
Trd, 000150.217, 148.0
Trd, 000152.217, 165
Trd, 000152.300, 166
Trd, 000152.400, 160
Trd, 000152.583, 159
Trd, 000152.617, 156
Trd, 000153.333, 155.0
Trd, 000153.917, 159
Trd, 000154.467, 161
Trd, 000155.817, 162.0
Trd, 000156.733, 162
Trd, 000156.817, 159
Trd, 000156.833, 157
Trd, 000156.900, 155
Trd, 000157.500, 172.0
Trd, 000158.167, 162.0
Trd, 000159.200, 148.0
Trd, 000159.483, 150.0
Trd, 000160.017, 148.0
Trd, 000160.317, 151.0
Trd, 000160.783, 149
Trd, 000160.950, 150
Trd, 000160.983, 150
Trd, 000161.483, 149.0
Trd, 000162.050, 155.0
Trd, 000162.150, 155
Trd, 000163.667, 166
Trd, 000164.617, 165
Trd, 000164.650, 162.0
Trd, 000164.767, 179.0
Trd, 000164.850, 180.0
Trd, 000167.067, 170
Trd, 000167.733, 169
Trd, 000167.767, 171.0
Trd, 000167.850, 163
Trd, 000168.017, 172.0
Trd, 000168.933, 165.0
Trd, 000169.433, 161
Trd, 000170.750, 164
Trd, 000171.183, 162.0
Trd, 000171.567, 162
Trd, 000172.750, 151.0
Trd, 000172.917, 163
Trd, 000173.933, 162.0
Trd, 000174.183, 154
Trd, 000174.817, 159
Trd, 000175.333, 157
Trd, 000176.367, 154.0
Trd, 000176.917, 151.0
Trd, 000176.967, 148
Trd, 000177.200, 148.0
Trd, 000177.850, 144
Trd, 000178.100, 149
Trd, 000180.067, 148
Trd, 000180.150, 149
Trd, 000180.283, 147
Trd, 000180.333, 148
Trd, 000180.900, 151.0
Trd, 000181.633, 151
Trd, 000182.050, 149
Trd, 000182.250, 146
Trd, 000182.283, 153.0
Trd, 000182.733, 151.0
Trd, 000183.667, 153.0
Trd, 000185.217, 149
Trd, 000185.567, 151
Trd, 000185.967, 149
Trd, 000186.167, 149
Trd, 000186.750, 148
Trd, 000187.150, 151
Trd, 000187.367, 148
Trd, 000187.950, 152
Trd, 000188.183, 155.0
Trd, 000188.533, 159
Trd, 000188.633, 156
Trd, 000190.783, 154
Trd, 000190.800, 155
Trd, 000190.833, 150.0
Trd, 000191.100, 157
Trd, 000191.700, 159
Trd, 000192.467, 168
Trd, 000192.617, 165.0
Trd, 000194.400, 160
Trd, 000194.600, 161
Trd, 000194.767, 164
Trd, 000195.150, 148.0
Trd, 000195.650, 157
Trd, 000195.867, 155.0
Trd, 000196.083, 161
Trd, 000196.567, 159
Trd, 000196.700, 160
Trd, 000196.900, 171.0
Trd, 000196.967, 158
Trd, 000198.233, 145
Trd, 000198.400, 146
Trd, 000198.667, 151.0
Trd, 000199.717, 149
Trd, 000200.683, 151.0
Trd, 000200.817, 155.0
Trd, 000201.233, 149.0
Trd, 000202.200, 161
Trd, 000202.850, 159
Trd, 000204.300, 165.0
Trd, 000204.517, 167.0
Trd, 000204.583, 162
Trd, 000205.217, 157
Trd, 000205.433, 155.0
Trd, 000206.100, 163
Trd, 000207.050, 153.0
Trd, 000207.317, 153
Trd, 000208.367, 153
Trd, 000209.217, 151
Trd, 000209.500, 154.0
Trd, 000209.567, 155.0
Trd, 000209.950, 155
Trd, 000210.700, 171.0
Trd, 000210.817, 156
Trd, 000211.800, 161
Trd, 000211.983, 152
Trd, 000212.617, 152
Trd, 000212.733, 155.0
Trd, 000214.300, 169.0
Trd, 000214.400, 163.0
Trd, 000214.550, 172.0
Trd, 000216.350, 164
Trd, 000216.400, 155
Trd, 000217.133, 158
Trd, 000218.883, 152.0
Trd, 000219.750, 154
Trd, 000219.800, 155
Trd, 000219.883, 158
Trd, 000219.933, 162
Trd, 000220.267, 153
Trd, 000220.767, 148.0
Trd, 000221.667, 148
Trd, 000221.767, 155.0
Trd, 000221.867, 158
Trd, 000222.317, 133.0
Trd, 000223.067, 156
Trd, 000223.100, 158
Trd, 000223.283, 155.0
Trd, 000224.500, 162.0
Trd, 000225.467, 171.0
Trd, 000226.067, 171.0
Trd, 000226.300, 156
Trd, 000228.250, 165.0
Trd, 000228.683, 166
Trd, 000230.133, 158
Trd, 000230.200, 149.0
Trd, 000230.250, 148.0
Trd, 000230.783, 155.0
Trd, 000231.217, 148
Trd, 000231.467, 147
Trd, 000232.167, 148
Trd, 000232.933, 160
Trd, 000233.800, 154
Trd, 000234.917, 154.0
Trd, 000235.100, 153
Trd, 000235.350, 154.0
Trd, 000236.083, 152
Trd, 000236.183, 154
Trd, 000236.250, 150
Trd, 000238.017, 153
Trd, 000238.617, 152
Trd, 000238.683, 151
Trd, 000239.367, 150
Trd, 000239.583, 152.0
Trd, 000239.950, 153.0
Trd, 000240.067, 155.0
Trd, 000240.150, 152
Trd, 000240.533, 157
Trd, 000240.967, 156
Trd, 000242.150, 158
Trd, 000242.550, 153
Trd, 000242.667, 156
Trd, 000243.267, 152
Trd, 000243.517, 156
Trd, 000244.267, 155
Trd, 000244.667, 162.0
Trd, 000245.050, 155.0
Trd, 000245.267, 172.0
Trd, 000245.683, 154.0
Trd, 000245.967, 155.0
Trd, 000246.333, 162
Trd, 000246.550, 162.0
Trd, 000246.850, 160
Trd, 000247.783, 160
Trd, 000249.250, 159
Trd, 000249.333, 162
Trd, 000249.633, 159
Trd, 000250.333, 159
Trd, 000250.367, 160
Trd, 000251.083, 155.0
Trd, 000251.833, 157
Trd, 000252.033, 157
Trd, 000252.217, 156.0
Trd, 000252.533, 155
Trd, 000254.200, 154
Trd, 000254.833, 154
Trd, 000255.000, 154
Trd, 000255.383, 160
Trd, 000256.200, 159
Trd, 000256.433, 153
Trd, 000256.517, 152
Trd, 000256.917, 151.0
Trd, 000257.000, 161.0
Trd, 000257.483, 150.0
Trd, 000257.733, 153.0
Trd, 000258.617, 155.0
Trd, 000258.717, 151.0
Trd, 000259.000, 163
Trd, 000259.217, 159
Trd, 000259.833, 162
Trd, 000260.467, 151.0
Trd, 000260.650, 154.0
Trd, 000260.983, 155.0
Trd, 000261.883, 156
Trd, 000262.783, 154
Trd, 000263.067, 150
Trd, 000263.367, 151.0
Trd, 000263.583, 168.0
Trd, 000264.533, 168.0
Trd, 000266.233, 162.0
Trd, 000266.350, 162
Trd, 000266.733, 159
Trd, 000267.217, 159
Trd, 000267.433, 151.0
Trd, 000267.950, 160
Trd, 000268.033, 156
Trd, 000268.200, 161
Trd, 000269.283, 156
Trd, 000269.483, 161.0
Trd, 000270.883, 141
Trd, 000271.150, 146
Trd, 000271.233, 156
Trd, 000271.817, 151.0
Trd, 000272.083, 154.0
Trd, 000272.933, 152
Trd, 000273.433, 152.0
Trd, 000273.550, 154.0
Trd, 000274.383, 153
Trd, 000274.550, 155.0
Trd, 000274.833, 152.0
Trd, 000275.933, 151.0
Trd, 000276.350, 150.0
Trd, 000276.483, 151.0
Trd, 000276.683, 158.0
Trd, 000277.467, 154
Trd, 000277.583, 155.0
Trd, 000277.850, 162.0
Trd, 000278.100, 133
Trd, 000279.550, 160.0
Trd, 000279.817, 152.0
Trd, 000280.150, 155
Trd, 000280.250, 162.0
Trd, 000280.867, 166
Trd, 000280.900, 153
Trd, 000281.017, 153
Trd, 000281.617, 165.0
Trd, 000282.200, 151.0
Trd, 000282.383, 160
Trd, 000282.667, 152
Trd, 000283.567, 149
Trd, 000283.967, 150
Trd, 000284.367, 149
Trd, 000284.517, 148
Trd, 000284.633, 154.0
Trd, 000285.117, 162.0
Trd, 000285.433, 148.0
Trd, 000285.850, 144
Trd, 000286.000, 151.0
Trd, 000286.083, 147
Trd, 000286.317, 168.0
Trd, 000286.367, 172.0
Trd, 000286.600, 165.0
Trd, 000287.350, 156
Trd, 000287.617, 155
Trd, 000287.700, 167
Trd, 000289.250, 141
Trd, 000289.350, 134
Trd, 000289.600, 142
Trd, 000289.717, 145
Trd, 000289.783, 153
Trd, 000290.667, 155.0
Trd, 000291.400, 148.0
Trd, 000291.517, 131.0
Trd, 000292.483, 151.0
Trd, 000292.683, 153
Trd, 000292.850, 143
Trd, 000292.950, 162.0
Trd, 000293.617, 172.0
Trd, 000294.633, 164.0
Trd, 000294.750, 167.0
Trd, 000294.817, 155
Trd, 000295.200, 162.0
Trd, 000296.183, 162.0
Trd, 000296.350, 161
Trd, 000296.767, 160
Trd, 000297.467, 164
Trd, 000298.650, 159
Trd, 000298.883, 155.0
Trd, 000299.317, 163
Trd, 000299.333, 156
Trd, 000299.350, 154
