Trd, 000001.983, 144
Trd, 000002.133, 113.0
Trd, 000002.450, 151.0
Trd, 000003.383, 148
Trd, 000003.917, 144
Trd, 000004.983, 141
Trd, 000005.100, 150
Trd, 000005.400, 142.0
Trd, 000005.633, 155.0
Trd, 000006.333, 142.0
Trd, 000006.483, 151
Trd, 000006.517, 142.0
Trd, 000006.983, 141.0
Trd, 000008.683, 125
Trd, 000008.900, 141
Trd, 000008.950, 142
Trd, 000009.783, 123
Trd, 000010.083, 145
Trd, 000011.567, 137
Trd, 000011.617, 135
Trd, 000012.833, 136
Trd, 000013.250, 150.0
Trd, 000013.967, 151.0
Trd, 000014.817, 141.0
Trd, 000015.117, 148
Trd, 000015.183, 149
Trd, 000016.033, 149
Trd, 000017.000, 146
Trd, 000017.233, 146
Trd, 000017.767, 148
Trd, 000017.900, 149
Trd, 000017.917, 148
Trd, 000018.350, 149
Trd, 000018.617, 148
Trd, 000018.733, 150
Trd, 000019.433, 148
Trd, 000019.633, 151.0
Trd, 000021.217, 152
Trd, 000021.317, 156
Trd, 000022.400, 157
Trd, 000023.633, 152
Trd, 000024.083, 154
Trd, 000024.733, 155
Trd, 000025.617, 155.0
Trd, 000025.800, 154
Trd, 000026.200, 157
Trd, 000026.300, 152
Trd, 000028.133, 153
Trd, 000029.100, 152
Trd, 000029.217, 152
Trd, 000029.350, 151.0
Trd, 000029.367, 151
Trd, 000030.217, 153
Trd, 000030.400, 153.0
Trd, 000030.417, 155.0
Trd, 000030.483, 158
Trd, 000030.750, 153
Trd, 000031.317, 153
Trd, 000031.983, 153
Trd, 000033.450, 155
Trd, 000033.633, 154
Trd, 000034.617, 153
Trd, 000035.217, 154
Trd, 000035.433, 152
Trd, 000035.533, 151
Trd, 000035.867, 151
Trd, 000036.833, 153
Trd, 000037.017, 151.0
Trd, 000037.500, 150.0
Trd, 000037.967, 148.0
Trd, 000039.133, 150
Trd, 000039.467, 153
Trd, 000039.750, 158
Trd, 000040.367, 167.0
Trd, 000041.000, 152
Trd, 000041.800, 152
Trd, 000042.017, 151
Trd, 000042.417, 154
Trd, 000042.800, 152
Trd, 000043.400, 152
Trd, 000043.967, 152
Trd, 000044.200, 154
Trd, 000044.700, 157
Trd, 000044.900, 152
Trd, 000045.467, 152
Trd, 000046.167, 154
Trd, 000047.567, 152
Trd, 000047.633, 154.0
Trd, 000049.650, 154
Trd, 000049.717, 154
Trd, 000049.900, 154
Trd, 000050.667, 154
Trd, 000050.900, 152.0
Trd, 000051.200, 157
Trd, 000051.467, 152
Trd, 000053.850, 154
Trd, 000053.867, 153
Trd, 000054.383, 153
Trd, 000054.483, 152.0
Trd, 000055.517, 151.0
Trd, 000055.667, 152
Trd, 000055.817, 151
Trd, 000056.000, 152
Trd, 000056.167, 150
Trd, 000057.167, 151
Trd, 000057.517, 150.0
Trd, 000057.567, 152
Trd, 000058.150, 158
Trd, 000058.983, 167.0
Trd, 000059.133, 149
Trd, 000059.217, 148.0
Trd, 000060.133, 158
Trd, 000060.983, 160
Trd, 000062.133, 157.0
Trd, 000062.483, 156.0
Trd, 000063.300, 155.0
Trd, 000063.633, 158
Trd, 000064.917, 157
Trd, 000065.183, 155
Trd, 000065.267, 154
Trd, 000065.317, 151.0
Trd, 000066.450, 152
Trd, 000067.233, 158
Trd, 000068.317, 158
Trd, 000068.433, 154
Trd, 000068.717, 154
Trd, 000068.767, 158
Trd, 000068.950, 153
Trd, 000069.800, 168.0
Trd, 000071.133, 155
Trd, 000071.333, 159
Trd, 000071.550, 155
Trd, 000072.133, 155
Trd, 000072.267, 154
Trd, 000073.150, 152.0
Trd, 000073.983, 153.0
Trd, 000074.417, 152
Trd, 000074.517, 152
Trd, 000074.700, 151.0
Trd, 000075.733, 154
Trd, 000076.683, 151
Trd, 000076.800, 155.0
Trd, 000077.467, 148.0
Trd, 000077.717, 147
Trd, 000078.217, 120
Trd, 000078.967, 143
Trd, 000079.067, 144
Trd, 000079.750, 145
Trd, 000080.133, 141.0
Trd, 000080.483, 145
Trd, 000080.767, 151.0
Trd, 000080.783, 158
Trd, 000082.033, 166.0
Trd, 000082.733, 152.0
Trd, 000083.350, 151
Trd, 000084.117, 165.0
Trd, 000084.550, 157
Trd, 000084.817, 156
Trd, 000084.850, 155.0
Trd, 000085.500, 154
Trd, 000085.583, 157
Trd, 000085.783, 151.0
Trd, 000085.850, 134.0
Trd, 000086.217, 149
Trd, 000087.267, 117
Trd, 000087.700, 117
Trd, 000088.017, 129
Trd, 000088.100, 141
Trd, 000088.267, 141.0
Trd, 000089.533, 151.0
Trd, 000089.650, 156
Trd, 000092.117, 144
Trd, 000092.900, 147
Trd, 000092.967, 151.0
Trd, 000093.950, 148
Trd, 000094.050, 148
Trd, 000094.417, 143
Trd, 000095.383, 151.0
Trd, 000095.550, 144
Trd, 000096.800, 148
Trd, 000097.267, 149
Trd, 000097.350, 149
Trd, 000097.467, 147
Trd, 000098.417, 141.0
Trd, 000098.633, 149
Trd, 000099.650, 150
Trd, 000099.750, 148
Trd, 000099.850, 155.0
Trd, 000100.683, 151
Trd, 000100.850, 149.0
Trd, 000100.933, 154
Trd, 000101.283, 158
Trd, 000102.333, 151
Trd, 000102.867, 152
Trd, 000103.467, 153.0
Trd, 000104.150, 152
Trd, 000104.733, 152
Trd, 000104.800, 151.0
Trd, 000105.117, 153
Trd, 000105.350, 155.0
Trd, 000106.333, 154
Trd, 000106.583, 153
Trd, 000106.617, 150
Trd, 000106.750, 150
Trd, 000109.017, 152
Trd, 000109.117, 151.0
Trd, 000109.783, 152
Trd, 000110.517, 150
Trd, 000110.900, 149
Trd, 000111.083, 151
Trd, 000111.750, 150
Trd, 000112.083, 150
Trd, 000112.783, 151
Trd, 000113.167, 151
Trd, 000113.433, 151.0
Trd, 000113.467, 149
Trd, 000114.333, 150
Trd, 000114.450, 150
Trd, 000114.483, 155.0
Trd, 000115.483, 152
Trd, 000116.350, 152
Trd, 000117.100, 152
Trd, 000117.517, 152
Trd, 000117.733, 152
Trd, 000117.917, 154
Trd, 000118.217, 150
Trd, 000118.833, 151.0
Trd, 000120.117, 151
Trd, 000120.717, 152
Trd, 000121.350, 155
Trd, 000121.983, 154
Trd, 000122.100, 153
Trd, 000122.533, 155
Trd, 000122.950, 148.0
Trd, 000123.433, 155
Trd, 000125.250, 156
Trd, 000125.400, 157
Trd, 000125.533, 153.0
Trd, 000125.583, 151.0
Trd, 000126.783, 151
Trd, 000128.000, 155.0
Trd, 000128.417, 155
Trd, 000129.533, 154
Trd, 000129.767, 156
Trd, 000130.083, 152
Trd, 000130.467, 156
Trd, 000130.667, 152
Trd, 000130.833, 151
Trd, 000131.600, 156
Trd, 000132.667, 156
Trd, 000133.350, 155.0
Trd, 000133.800, 156
Trd, 000133.950, 155.0
Trd, 000134.783, 151.0
Trd, 000135.200, 151
Trd, 000135.217, 152
Trd, 000136.067, 150
Trd, 000136.200, 149.0
Trd, 000137.150, 148.0
Trd, 000137.817, 151
Trd, 000138.633, 142.0
Trd, 000139.150, 144
Trd, 000139.233, 147
Trd, 000140.050, 144.0
Trd, 000140.100, 145
Trd, 000140.350, 144
Trd, 000140.567, 149
Trd, 000140.600, 151.0
Trd, 000141.000, 155.0
Trd, 000142.500, 157
Trd, 000143.283, 152.0
Trd, 000144.050, 151.0
Trd, 000144.367, 155
Trd, 000144.817, 152
Trd, 000145.083, 167.0
Trd, 000145.983, 155
Trd, 000146.700, 154
Trd, 000147.117, 153
Trd, 000147.317, 148.0
Trd, 000147.650, 153
Trd, 000148.383, 153
Trd, 000148.517, 152
Trd, 000149.300, 154
Trd, 000149.567, 154
Trd, 000150.500, 153
Trd, 000150.917, 151.0
Trd, 000151.817, 154.0
Trd, 000152.233, 155.0
Trd, 000152.400, 154
Trd, 000152.767, 149
Trd, 000152.850, 149
Trd, 000153.383, 149.0
Trd, 000154.633, 155
Trd, 000155.183, 154.0
Trd, 000155.600, 154
Trd, 000155.783, 151.0
Trd, 000156.367, 153.0
Trd, 000156.600, 150
Trd, 000157.167, 152
Trd, 000157.317, 154.0
Trd, 000157.333, 155.0
Trd, 000157.617, 155
Trd, 000157.683, 151.0
Trd, 000157.850, 148.0
Trd, 000159.183, 148
Trd, 000159.917, 149.0
Trd, 000160.000, 148.0
Trd, 000161.150, 150
Trd, 000161.367, 152
Trd, 000162.617, 151
Trd, 000163.017, 155.0
Trd, 000163.200, 150
Trd, 000163.233, 158
Trd, 000163.500, 149.0
Trd, 000164.067, 148.0
Trd, 000164.967, 153
Trd, 000165.700, 150
Trd, 000166.233, 152
Trd, 000166.350, 152
Trd, 000166.500, 151.0
Trd, 000167.533, 151
Trd, 000167.967, 148
Trd, 000168.783, 149.0
Trd, 000169.833, 151
Trd, 000170.050, 155.0
Trd, 000170.150, 168.0
Trd, 000170.650, 151.0
Trd, 000171.017, 151
Trd, 000171.200, 151
Trd, 000171.800, 150.0
Trd, 000172.267, 156
Trd, 000172.467, 149.0
Trd, 000173.300, 153
Trd, 000173.950, 154
Trd, 000174.083, 153
Trd, 000174.567, 154
Trd, 000176.233, 155.0
Trd, 000176.900, 153.0
Trd, 000177.783, 153
Trd, 000178.133, 154
Trd, 000178.350, 152
Trd, 000178.467, 153
Trd, 000178.817, 151.0
Trd, 000178.950, 151
Trd, 000180.000, 153.0
Trd, 000180.817, 154
Trd, 000181.000, 153.0
Trd, 000181.317, 151.0
Trd, 000182.850, 153.0
Trd, 000182.933, 151
Trd, 000183.417, 149.0
Trd, 000184.650, 151.0
Trd, 000185.283, 149
Trd, 000185.300, 149
Trd, 000185.633, 148.0
Trd, 000186.950, 151
Trd, 000187.800, 151
Trd, 000188.083, 151.0
Trd, 000188.667, 151
Trd, 000188.967, 150
Trd, 000189.367, 148
Trd, 000189.833, 149
Trd, 000190.000, 151
Trd, 000190.400, 151.0
Trd, 000190.667, 152.0
Trd, 000190.883, 150
Trd, 000191.633, 148
Trd, 000192.033, 151
Trd, 000192.050, 152
Trd, 000192.433, 156
Trd, 000192.883, 151.0
Trd, 000193.967, 151.0
Trd, 000194.217, 150
Trd, 000194.450, 151
Trd, 000194.533, 144.0
Trd, 000194.983, 147
Trd, 000195.200, 151
Trd, 000196.267, 151
Trd, 000197.300, 153
Trd, 000198.050, 155
Trd, 000198.683, 155.0
Trd, 000199.083, 158
Trd, 000199.117, 168.0
Trd, 000199.817, 160
Trd, 000199.933, 159
Trd, 000200.533, 157
Trd, 000201.067, 168.0
Trd, 000201.300, 156
Trd, 000202.917, 155
Trd, 000203.633, 156
Trd, 000205.117, 152.0
Trd, 000205.367, 151.0
Trd, 000206.300, 151
Trd, 000206.367, 150.0
Trd, 000206.433, 152
Trd, 000207.350, 151.0
Trd, 000207.450, 150
Trd, 000207.867, 152
Trd, 000208.150, 142.0
Trd, 000208.450, 143.0
Trd, 000209.550, 152
Trd, 000211.267, 145
Trd, 000211.283, 145
Trd, 000211.650, 151
Trd, 000211.783, 144
Trd, 000211.800, 152
Trd, 000211.983, 142.0
Trd, 000212.433, 151.0
Trd, 000212.617, 152
Trd, 000213.467, 154.0
Trd, 000214.667, 150
Trd, 000215.150, 152
Trd, 000215.783, 154
Trd, 000216.200, 154
Trd, 000216.217, 155.0
Trd, 000216.433, 155
Trd, 000217.733, 153
Trd, 000218.917, 153
Trd, 000219.200, 151
Trd, 000219.267, 150
Trd, 000219.517, 148.0
Trd, 000219.933, 151.0
Trd, 000219.950, 141.0
Trd, 000219.967, 134.0
Trd, 000220.267, 120
Trd, 000222.650, 143
Trd, 000222.800, 142
Trd, 000223.133, 142
Trd, 000223.417, 144
Trd, 000223.633, 149
Trd, 000223.767, 138
Trd, 000225.183, 141
Trd, 000226.367, 146
Trd, 000226.767, 144.0
Trd, 000227.217, 151.0
Trd, 000228.350, 148
Trd, 000228.550, 153.0
Trd, 000229.450, 148.0
Trd, 000229.983, 150
Trd, 000230.400, 152
Trd, 000230.683, 150.0
Trd, 000231.200, 151.0
Trd, 000231.417, 153
Trd, 000232.383, 152
Trd, 000232.433, 151
Trd, 000232.550, 158
Trd, 000232.983, 149
Trd, 000233.000, 149
Trd, 000233.883, 152.0
Trd, 000234.400, 151.0
Trd, 000234.450, 153
Trd, 000234.633, 155.0
Trd, 000235.000, 168.0
Trd, 000235.083, 151
Trd, 000235.783, 152
Trd, 000236.750, 151
Trd, 000237.633, 158
Trd, 000238.400, 152
Trd, 000238.467, 158
Trd, 000238.583, 158
Trd, 000239.250, 153
Trd, 000239.467, 152
Trd, 000239.800, 157
Trd, 000240.117, 156
Trd, 000240.167, 156
Trd, 000240.983, 153
Trd, 000241.533, 153
Trd, 000241.617, 151
Trd, 000241.683, 156
Trd, 000242.283, 154
Trd, 000242.367, 153
Trd, 000243.300, 155
Trd, 000243.450, 151.0
Trd, 000244.017, 152
Trd, 000245.367, 152
Trd, 000246.017, 152
Trd, 000246.100, 153
Trd, 000246.167, 155
Trd, 000246.533, 155
Trd, 000246.783, 154
Trd, 000246.867, 151
Trd, 000247.117, 152
Trd, 000247.150, 150
Trd, 000247.500, 148.0
Trd, 000247.700, 141.0
Trd, 000247.967, 155.0
Trd, 000248.050, 155
Trd, 000248.267, 137.0
Trd, 000248.433, 134.0
Trd, 000248.467, 158
Trd, 000249.567, 158
Trd, 000250.033, 161.0
Trd, 000250.883, 161.0
Trd, 000251.100, 157.0
Trd, 000251.383, 156.0
Trd, 000252.583, 155.0
Trd, 000252.633, 155.0
Trd, 000252.767, 161
Trd, 000253.150, 161
Trd, 000253.400, 158
Trd, 000254.333, 158
Trd, 000254.950, 157
Trd, 000255.383, 156
Trd, 000255.600, 156
Trd, 000255.850, 157.0
Trd, 000256.033, 154
Trd, 000256.183, 151.0
Trd, 000256.217, 159.0
Trd, 000256.267, 162.0
Trd, 000257.650, 148
Trd, 000258.650, 147
Trd, 000259.033, 156
Trd, 000259.383, 158
Trd, 000259.517, 148
Trd, 000260.233, 151
Trd, 000260.283, 152
Trd, 000260.550, 153
Trd, 000260.667, 145.0
Trd, 000260.750, 159.0
Trd, 000260.767, 160.0
Trd, 000262.017, 156
Trd, 000262.317, 159
Trd, 000263.000, 156
Trd, 000263.217, 156
Trd, 000263.583, 156
Trd, 000263.700, 156
Trd, 000264.017, 154.0
Trd, 000264.050, 157
Trd, 000264.883, 157
Trd, 000265.117, 155
Trd, 000265.200, 158
Trd, 000265.250, 154
Trd, 000265.267, 162.0
Trd, 000265.650, 151.0
Trd, 000265.900, 151
Trd, 000266.633, 153.0
Trd, 000266.783, 148.0
Trd, 000267.983, 159
Trd, 000268.250, 151
Trd, 000268.467, 158
Trd, 000269.367, 153
Trd, 000269.783, 151.0
Trd, 000270.067, 151
Trd, 000270.200, 150
Trd, 000270.667, 151
Trd, 000271.000, 153.0
Trd, 000271.517, 155.0
Trd, 000272.183, 151
Trd, 000272.233, 150
Trd, 000272.250, 153
Trd, 000272.733, 152
Trd, 000273.717, 150.0
Trd, 000273.800, 152
Trd, 000273.967, 153
Trd, 000274.517, 158
Trd, 000275.167, 155
Trd, 000275.717, 155
Trd, 000276.350, 155
Trd, 000276.367, 155
Trd, 000276.417, 152
Trd, 000277.350, 158
Trd, 000277.700, 157
Trd, 000278.600, 157
Trd, 000278.933, 156
Trd, 000279.800, 157
Trd, 000279.817, 156
Trd, 000279.850, 151.0
Trd, 000279.883, 141.0
Trd, 000280.200, 157
Trd, 000280.517, 158
Trd, 000281.433, 162.0
Trd, 000281.567, 154
Trd, 000281.750, 168.0
Trd, 000282.050, 156
Trd, 000283.100, 151
Trd, 000285.250, 156.0
Trd, 000286.017, 154
Trd, 000286.050, 152
Trd, 000286.233, 151.0
Trd, 000286.683, 150.0
Trd, 000286.783, 155.0
Trd, 000287.183, 151.0
Trd, 000287.233, 155
Trd, 000287.467, 154
Trd, 000287.567, 155
Trd, 000287.950, 150
Trd, 000288.483, 149
Trd, 000289.067, 156
Trd, 000289.150, 155.0
Trd, 000289.233, 143
Trd, 000289.683, 145.0
Trd, 000289.733, 152
Trd, 000290.183, 150
Trd, 000291.050, 149
Trd, 000291.767, 150
Trd, 000291.817, 144
Trd, 000292.283, 144.0
Trd, 000292.433, 151.0
Trd, 000292.717, 154
Trd, 000293.283, 151.0
Trd, 000293.317, 143.0
Trd, 000293.617, 155.0
Trd, 000293.767, 158
Trd, 000294.083, 162.0
Trd, 000294.100, 145
Trd, 000294.233, 141.0
Trd, 000294.700, 144
Trd, 000295.083, 138.0
Trd, 000296.183, 154
Trd, 000296.683, 153
Trd, 000297.017, 155
Trd, 000298.350, 153
Trd, 000298.517, 149.0
Trd, 000298.633, 151.0
Trd, 000298.800, 154
Trd, 000299.067, 148.0
Trd, 000299.150, 155.0
