Trd, 000002.450, 140
Trd, 000003.283, 137
Trd, 000003.633, 135
Trd, 000004.583, 138
Trd, 000004.800, 134.0
Trd, 000004.867, 137
Trd, 000004.933, 138
Trd, 000005.350, 140
Trd, 000006.733, 146
Trd, 000006.817, 162.0
Trd, 000007.117, 141.0
Trd, 000007.983, 144
Trd, 000008.583, 143
Trd, 000010.300, 142
Trd, 000010.433, 142
Trd, 000010.967, 141.0
Trd, 000010.983, 142
Trd, 000011.550, 141
Trd, 000011.600, 140
Trd, 000012.017, 141
Trd, 000012.500, 141
Trd, 000012.717, 152
Trd, 000013.467, 143
Trd, 000013.550, 141.0
Trd, 000013.600, 160.0
Trd, 000014.033, 159
Trd, 000015.217, 160.0
Trd, 000015.683, 160.0
Trd, 000016.700, 161
Trd, 000016.733, 160
Trd, 000017.433, 161
Trd, 000018.067, 164.0
Trd, 000018.100, 165.0
Trd, 000018.800, 161
Trd, 000019.183, 156
Trd, 000020.600, 151.0
Trd, 000021.150, 159.0
Trd, 000021.333, 141.0
Trd, 000021.550, 159
Trd, 000022.800, 151
Trd, 000023.317, 162.0
Trd, 000023.583, 150
Trd, 000024.850, 152
Trd, 000025.050, 154
Trd, 000025.533, 162.0
Trd, 000025.967, 150
Trd, 000026.700, 155
Trd, 000027.633, 154
Trd, 000028.100, 152
Trd, 000028.233, 153
Trd, 000029.083, 152
Trd, 000029.583, 152
Trd, 000031.450, 154
Trd, 000032.233, 152.0
Trd, 000032.900, 162.0
Trd, 000033.700, 163.0
Trd, 000034.300, 155
Trd, 000034.383, 158
Trd, 000034.833, 154
Trd, 000035.767, 143
Trd, 000036.733, 149
Trd, 000037.517, 148
Trd, 000038.267, 152
Trd, 000038.333, 149
Trd, 000038.367, 159
Trd, 000039.250, 161.0
Trd, 000039.533, 156
Trd, 000039.783, 141.0
Trd, 000039.950, 160.0
Trd, 000040.033, 134.0
Trd, 000040.400, 161.0
Trd, 000040.867, 162.0
Trd, 000041.650, 152
Trd, 000041.900, 151.0
Trd, 000042.717, 160
Trd, 000043.833, 152
Trd, 000044.250, 155
Trd, 000045.450, 153
Trd, 000045.650, 152
Trd, 000046.017, 149
Trd, 000046.850, 144
Trd, 000047.767, 152
Trd, 000048.817, 152
Trd, 000049.633, 151
Trd, 000049.983, 153
Trd, 000050.217, 165.0
Trd, 000050.800, 149
Trd, 000051.267, 152
Trd, 000052.133, 151
Trd, 000052.633, 143
Trd, 000053.017, 144
Trd, 000054.450, 147
Trd, 000054.733, 146
Trd, 000054.767, 150
Trd, 000054.883, 144
Trd, 000055.200, 144
Trd, 000056.433, 144.0
Trd, 000056.533, 145
Trd, 000056.750, 155
Trd, 000058.167, 162.0
Trd, 000058.450, 158
Trd, 000058.617, 164.0
Trd, 000059.567, 156
Trd, 000059.767, 159
Trd, 000060.150, 142.0
Trd, 000061.500, 167.0
Trd, 000062.100, 156
Trd, 000063.017, 166.0
Trd, 000063.433, 153
Trd, 000063.817, 142
Trd, 000065.483, 150
Trd, 000067.900, 145
Trd, 000068.200, 146
Trd, 000068.567, 146
Trd, 000069.217, 145
Trd, 000069.433, 145
Trd, 000069.467, 147
Trd, 000069.717, 143
Trd, 000069.967, 162.0
Trd, 000070.650, 146
Trd, 000070.900, 147
Trd, 000071.883, 151
Trd, 000073.933, 142
Trd, 000074.650, 142
Trd, 000076.000, 140
Trd, 000076.200, 143
Trd, 000076.467, 144
Trd, 000076.817, 144
Trd, 000076.967, 144
Trd, 000077.067, 136.0
Trd, 000077.967, 141.0
Trd, 000078.433, 142
Trd, 000079.100, 141
Trd, 000079.117, 143
Trd, 000079.333, 146
Trd, 000079.583, 146
Trd, 000080.083, 162.0
Trd, 000080.333, 145
Trd, 000082.433, 157
Trd, 000082.967, 165.0
Trd, 000083.583, 150
Trd, 000084.467, 159
Trd, 000084.783, 162.0
Trd, 000085.067, 151
Trd, 000086.433, 157
Trd, 000087.083, 157
Trd, 000087.683, 156
Trd, 000087.983, 157
Trd, 000088.233, 158
Trd, 000089.233, 157
Trd, 000089.667, 159
Trd, 000090.217, 159
Trd, 000091.033, 157
Trd, 000091.283, 155
Trd, 000091.583, 161.0
Trd, 000091.617, 151.0
Trd, 000093.183, 144
Trd, 000093.233, 146
Trd, 000093.717, 147
Trd, 000094.300, 149
Trd, 000096.100, 147
Trd, 000096.433, 150
Trd, 000096.650, 146
Trd, 000097.267, 150
Trd, 000097.517, 143
Trd, 000098.950, 150
Trd, 000099.017, 150
Trd, 000101.200, 148
Trd, 000101.933, 148
Trd, 000102.017, 148
Trd, 000102.183, 149
Trd, 000103.400, 160
Trd, 000103.817, 156
Trd, 000104.033, 155
Trd, 000105.250, 155.0
Trd, 000105.817, 153
Trd, 000106.700, 150
Trd, 000107.000, 151
Trd, 000107.283, 155
Trd, 000107.583, 150
Trd, 000107.867, 161
Trd, 000108.383, 164.0
Trd, 000109.650, 158
Trd, 000110.317, 153
Trd, 000110.500, 158
Trd, 000113.100, 158
Trd, 000113.183, 153.0
Trd, 000114.767, 152
Trd, 000114.850, 151.0
Trd, 000115.483, 158
Trd, 000116.683, 154
Trd, 000117.067, 154
Trd, 000117.083, 156
Trd, 000117.950, 152
Trd, 000118.017, 151.0
Trd, 000118.417, 154
Trd, 000119.317, 150
Trd, 000119.400, 150
Trd, 000119.667, 151
Trd, 000120.117, 144
Trd, 000120.383, 150
Trd, 000121.567, 143.0
Trd, 000123.217, 143
Trd, 000123.583, 143
Trd, 000123.950, 144
Trd, 000124.017, 144
Trd, 000124.083, 145
Trd, 000124.650, 162.0
Trd, 000125.183, 165.0
Trd, 000127.217, 143
Trd, 000128.333, 144
Trd, 000129.900, 144
Trd, 000129.983, 144
Trd, 000130.267, 142
Trd, 000130.950, 144
Trd, 000131.167, 144
Trd, 000131.217, 146
Trd, 000131.300, 162.0
Trd, 000131.417, 143
Trd, 000134.300, 150
Trd, 000134.583, 150
Trd, 000134.617, 151
Trd, 000135.767, 146
Trd, 000136.000, 148
Trd, 000136.367, 150
Trd, 000136.417, 146
Trd, 000137.567, 150
Trd, 000137.917, 146
Trd, 000138.383, 144
Trd, 000138.683, 147
Trd, 000141.100, 144
Trd, 000142.317, 144
Trd, 000142.700, 148
Trd, 000143.100, 148
Trd, 000144.217, 141.0
Trd, 000144.583, 143
Trd, 000145.800, 145
Trd, 000145.950, 149
Trd, 000146.667, 158
Trd, 000147.567, 165.0
Trd, 000147.983, 154
Trd, 000148.550, 159
Trd, 000148.917, 165.0
Trd, 000148.983, 167.0
Trd, 000149.283, 168.0
Trd, 000149.533, 151.0
Trd, 000149.783, 179.0
Trd, 000153.133, 160.0
Trd, 000153.867, 158
Trd, 000153.933, 153
Trd, 000154.667, 146
Trd, 000155.317, 153
Trd, 000155.417, 153
Trd, 000155.433, 143
Trd, 000156.617, 153
Trd, 000157.083, 153
Trd, 000157.867, 153
Trd, 000158.600, 151
Trd, 000159.450, 148
Trd, 000159.567, 147
Trd, 000159.967, 149
Trd, 000160.817, 146
Trd, 000161.483, 144
Trd, 000162.333, 143
Trd, 000162.883, 146
Trd, 000163.917, 144
Trd, 000164.300, 142.0
Trd, 000164.633, 142
Trd, 000164.933, 142
Trd, 000165.083, 165.0
Trd, 000167.250, 150
Trd, 000167.433, 149
Trd, 000168.283, 162.0
Trd, 000168.517, 148
Trd, 000168.717, 150
Trd, 000169.867, 152
Trd, 000170.083, 152
Trd, 000170.683, 152
Trd, 000171.300, 153
Trd, 000171.833, 156
Trd, 000172.650, 162.0
Trd, 000173.417, 143
Trd, 000175.783, 153
Trd, 000175.833, 152
Trd, 000176.283, 151
Trd, 000177.483, 153
Trd, 000177.500, 153
Trd, 000178.767, 152
Trd, 000179.483, 151
Trd, 000179.533, 150
Trd, 000180.083, 150
Trd, 000180.167, 150
Trd, 000180.583, 152
Trd, 000181.017, 162
Trd, 000181.250, 148
Trd, 000181.383, 179.0
Trd, 000181.750, 162
Trd, 000184.333, 157
Trd, 000185.200, 153
Trd, 000185.817, 152
Trd, 000186.017, 153
Trd, 000186.050, 154
Trd, 000186.083, 151.0
Trd, 000187.267, 150
Trd, 000188.533, 141.0
Trd, 000188.550, 146
Trd, 000190.183, 144
Trd, 000190.450, 145
Trd, 000191.100, 146
Trd, 000191.267, 146
Trd, 000191.650, 145
Trd, 000192.450, 144
Trd, 000193.033, 143
Trd, 000193.400, 142
Trd, 000193.933, 143
Trd, 000194.267, 143
Trd, 000196.050, 143.0
Trd, 000196.583, 142.0
Trd, 000197.900, 148
Trd, 000199.167, 144
Trd, 000199.800, 142
Trd, 000200.383, 143
Trd, 000200.433, 144
Trd, 000201.067, 144
Trd, 000201.133, 145
Trd, 000201.383, 161.0
Trd, 000201.700, 162.0
Trd, 000202.233, 143
Trd, 000203.750, 145
Trd, 000204.483, 142.0
Trd, 000206.900, 144
Trd, 000207.217, 143.0
Trd, 000207.500, 144
Trd, 000208.233, 144
Trd, 000209.100, 143
Trd, 000209.217, 144
Trd, 000209.417, 145
Trd, 000211.000, 155
Trd, 000211.367, 153
Trd, 000211.800, 151.0
Trd, 000212.383, 150
Trd, 000213.483, 143
Trd, 000214.383, 143
Trd, 000214.767, 145
Trd, 000215.367, 144
Trd, 000215.533, 146
Trd, 000215.900, 144
Trd, 000216.417, 145
Trd, 000217.417, 145
Trd, 000219.800, 155
Trd, 000220.117, 156.0
Trd, 000220.217, 162.0
Trd, 000220.483, 154
Trd, 000220.717, 156
Trd, 000221.367, 162.0
Trd, 000221.550, 165.0
Trd, 000222.100, 154
Trd, 000224.067, 154.0
Trd, 000224.417, 156
Trd, 000225.100, 156
Trd, 000225.550, 155
Trd, 000226.017, 155
Trd, 000226.567, 160
Trd, 000228.983, 156
Trd, 000229.450, 157
Trd, 000229.800, 151.0
Trd, 000230.900, 151
Trd, 000231.317, 150
Trd, 000232.000, 152
Trd, 000232.717, 149
Trd, 000233.617, 145
Trd, 000234.317, 151
Trd, 000234.550, 147
Trd, 000235.600, 146
Trd, 000236.567, 145
Trd, 000236.633, 146
Trd, 000236.983, 146
Trd, 000237.200, 147
Trd, 000238.417, 147
Trd, 000240.233, 154
Trd, 000240.267, 156.0
Trd, 000240.517, 157.0
Trd, 000240.567, 165.0
Trd, 000241.317, 157
Trd, 000241.650, 155
Trd, 000241.933, 156.0
Trd, 000241.983, 155.0
Trd, 000242.350, 154
Trd, 000242.483, 153
Trd, 000242.617, 151.0
Trd, 000243.767, 152
Trd, 000244.533, 153
Trd, 000245.067, 151.0
Trd, 000245.267, 151
Trd, 000246.117, 152
Trd, 000246.483, 152
Trd, 000246.533, 151
Trd, 000247.233, 150
Trd, 000247.383, 148.0
Trd, 000247.517, 150
Trd, 000247.917, 149
Trd, 000248.133, 152
Trd, 000249.417, 150
Trd, 000249.500, 151.0
Trd, 000250.133, 161.0
Trd, 000250.683, 152.0
Trd, 000251.100, 153
Trd, 000251.233, 162.0
Trd, 000251.650, 161
Trd, 000252.533, 158
Trd, 000253.200, 161.0
Trd, 000253.317, 155.0
Trd, 000253.800, 160.0
Trd, 000253.833, 155
Trd, 000254.467, 159
Trd, 000255.050, 159
Trd, 000255.383, 156
Trd, 000255.817, 155
Trd, 000256.550, 154
Trd, 000256.750, 155
Trd, 000256.867, 151.0
Trd, 000257.433, 148.0
Trd, 000258.683, 156
Trd, 000258.967, 159
Trd, 000259.350, 155.0
Trd, 000259.567, 156
Trd, 000259.800, 154
Trd, 000259.933, 160
Trd, 000261.667, 155.0
Trd, 000261.733, 155
Trd, 000261.883, 155.0
Trd, 000261.900, 151.0
Trd, 000262.600, 151.0
Trd, 000262.883, 153
Trd, 000263.267, 153
Trd, 000263.500, 157.0
Trd, 000263.900, 155.0
Trd, 000264.317, 154
Trd, 000264.400, 151.0
Trd, 000264.450, 162.0
Trd, 000264.633, 151
Trd, 000265.117, 157
Trd, 000265.550, 163.0
Trd, 000266.067, 150
Trd, 000266.633, 153.0
Trd, 000267.217, 155
Trd, 000268.450, 152
Trd, 000269.250, 152
Trd, 000269.667, 152
Trd, 000270.200, 151
Trd, 000270.367, 148.0
Trd, 000270.983, 151.0
Trd, 000271.100, 149
Trd, 000271.383, 148
Trd, 000271.650, 143
Trd, 000272.867, 147
Trd, 000272.983, 141.0
Trd, 000273.683, 146
Trd, 000274.017, 147
Trd, 000274.183, 148
Trd, 000275.050, 143
Trd, 000275.917, 150
Trd, 000276.117, 150
Trd, 000276.650, 150.0
Trd, 000277.033, 150
Trd, 000277.083, 149
Trd, 000277.183, 149.0
Trd, 000277.433, 150
Trd, 000277.483, 148.0
Trd, 000277.767, 143
Trd, 000278.467, 144
Trd, 000278.783, 144
Trd, 000279.267, 145
Trd, 000279.800, 145
Trd, 000279.867, 141.0
Trd, 000280.117, 134.0
Trd, 000280.317, 151.0
Trd, 000281.133, 161.0
Trd, 000282.067, 162.0
Trd, 000283.417, 163.0
Trd, 000283.550, 165.0
Trd, 000283.933, 167.0
Trd, 000283.950, 162.0
Trd, 000284.283, 166
Trd, 000284.633, 163
Trd, 000284.733, 162
Trd, 000285.700, 165.0
Trd, 000286.717, 163
Trd, 000287.300, 160
Trd, 000287.350, 162
Trd, 000287.483, 162.0
Trd, 000288.383, 161
Trd, 000288.617, 160
Trd, 000288.700, 155.0
Trd, 000289.000, 151.0
Trd, 000290.433, 153
Trd, 000290.500, 154
Trd, 000290.800, 155.0
Trd, 000290.967, 150
Trd, 000291.183, 153
Trd, 000292.567, 145
Trd, 000293.133, 148.0
Trd, 000293.200, 151
Trd, 000294.017, 151
Trd, 000294.283, 151
Trd, 000295.800, 149
Trd, 000296.133, 148.0
Trd, 000296.367, 149
Trd, 000296.467, 149
Trd, 000296.667, 149
Trd, 000297.500, 148
Trd, 000298.083, 149
Trd, 000298.133, 143
Trd, 000298.417, 150
Trd, 000299.000, 147
Trd, 000299.083, 151
Trd, 000299.500, 143.0
