Trd, 000001.083, 172.0
Trd, 000002.667, 151.0
Trd, 000003.100, 157
Trd, 000003.383, 156
Trd, 000003.417, 148.0
Trd, 000003.800, 164
Trd, 000003.867, 170
Trd, 000005.817, 164
Trd, 000006.150, 165
Trd, 000006.317, 165
Trd, 000006.583, 158
Trd, 000008.050, 161
Trd, 000008.967, 160
Trd, 000009.033, 166
Trd, 000010.150, 165
Trd, 000010.167, 162
Trd, 000010.683, 159
Trd, 000011.617, 157
Trd, 000013.733, 151.0
Trd, 000013.867, 155
Trd, 000014.667, 152
Trd, 000014.700, 151.0
Trd, 000015.167, 154
Trd, 000015.650, 152.0
Trd, 000015.833, 154
Trd, 000017.150, 152.0
Trd, 000017.617, 154
Trd, 000018.367, 154.0
Trd, 000019.800, 155.0
Trd, 000019.867, 153.0
Trd, 000019.883, 155
Trd, 000020.083, 153
Trd, 000020.333, 152.0
Trd, 000020.600, 151.0
Trd, 000021.150, 154
Trd, 000022.233, 152.0
Trd, 000023.700, 153
Trd, 000024.150, 154
Trd, 000024.367, 154
Trd, 000024.783, 154
Trd, 000026.117, 155.0
Trd, 000026.400, 153
Trd, 000026.750, 154
Trd, 000026.900, 153
Trd, 000027.733, 153
Trd, 000027.933, 151.0
Trd, 000028.100, 158
Trd, 000029.167, 156
Trd, 000030.817, 156
Trd, 000031.317, 156
Trd, 000031.717, 155
Trd, 000032.383, 152.0
Trd, 000033.083, 152
Trd, 000034.133, 152.0
Trd, 000034.600, 153
Trd, 000034.783, 151.0
Trd, 000035.017, 148.0
Trd, 000036.133, 152
Trd, 000036.500, 152
Trd, 000036.850, 150
Trd, 000037.417, 150
Trd, 000038.117, 150
Trd, 000038.400, 154
Trd, 000039.067, 149
Trd, 000040.383, 155
Trd, 000040.867, 156
Trd, 000041.750, 157
Trd, 000042.150, 155
Trd, 000042.650, 154
Trd, 000043.067, 156
Trd, 000043.150, 155
Trd, 000043.683, 152
Trd, 000043.783, 151
Trd, 000044.033, 156
Trd, 000045.167, 153.0
Trd, 000045.767, 152.0
Trd, 000046.950, 152.0
Trd, 000047.817, 158
Trd, 000048.200, 154
Trd, 000049.633, 158
Trd, 000050.083, 159
Trd, 000050.867, 156
Trd, 000050.917, 151.0
Trd, 000050.933, 160
Trd, 000052.083, 154
Trd, 000052.967, 155
Trd, 000054.117, 155
Trd, 000055.533, 153
Trd, 000055.817, 155.0
Trd, 000056.033, 154
Trd, 000056.383, 154
Trd, 000056.500, 155
Trd, 000056.900, 154
Trd, 000057.767, 153.0
Trd, 000058.733, 153
Trd, 000058.883, 153
Trd, 000059.033, 151.0
Trd, 000059.167, 148.0
Trd, 000062.150, 150
Trd, 000062.550, 150
Trd, 000063.033, 153
Trd, 000063.150, 155
Trd, 000063.250, 151
Trd, 000064.267, 154
Trd, 000065.117, 153
Trd, 000065.800, 154
Trd, 000066.733, 153
Trd, 000067.050, 153
Trd, 000067.067, 155.0
Trd, 000067.233, 152
Trd, 000068.083, 151.0
Trd, 000069.300, 151.0
Trd, 000069.817, 151
Trd, 000069.850, 150.0
Trd, 000070.850, 150.0
Trd, 000070.950, 149.0
Trd, 000071.350, 151
Trd, 000071.567, 150
Trd, 000071.717, 149
Trd, 000071.817, 151
Trd, 000073.133, 151
Trd, 000073.517, 151
Trd, 000074.233, 150
Trd, 000075.683, 155
Trd, 000076.617, 156
Trd, 000076.917, 154.0
Trd, 000077.467, 152.0
Trd, 000077.550, 151.0
Trd, 000078.700, 150
Trd, 000078.983, 150
Trd, 000079.983, 154
Trd, 000080.900, 152
Trd, 000081.833, 149
Trd, 000081.917, 153
Trd, 000082.167, 148.0
Trd, 000082.300, 149
Trd, 000083.367, 152
Trd, 000083.400, 150
Trd, 000084.733, 151
Trd, 000085.133, 152
Trd, 000086.317, 153
Trd, 000086.633, 151.0
Trd, 000086.950, 152
Trd, 000087.883, 152
Trd, 000088.400, 151
Trd, 000088.917, 153
Trd, 000089.100, 152.0
Trd, 000089.317, 151.0
Trd, 000091.117, 152
Trd, 000091.367, 153
Trd, 000092.400, 152
Trd, 000092.850, 152
Trd, 000093.600, 152
Trd, 000093.883, 151
Trd, 000095.333, 153
Trd, 000095.550, 153
Trd, 000095.800, 155
Trd, 000096.000, 152
Trd, 000097.350, 153
Trd, 000097.867, 151
Trd, 000098.233, 155
Trd, 000098.383, 155.0
Trd, 000098.783, 151.0
Trd, 000099.517, 156
Trd, 000100.450, 148.0
Trd, 000101.983, 155
Trd, 000102.033, 151
Trd, 000102.350, 156
Trd, 000102.650, 149
Trd, 000103.767, 155.0
Trd, 000103.933, 156
Trd, 000104.567, 156
Trd, 000105.383, 156
Trd, 000105.667, 152
Trd, 000106.433, 151.0
Trd, 000107.850, 154
Trd, 000108.783, 155
Trd, 000108.900, 154
Trd, 000109.317, 154
Trd, 000109.817, 154
Trd, 000110.967, 154
Trd, 000111.233, 153
Trd, 000111.667, 155
Trd, 000112.283, 152.0
Trd, 000112.533, 151.0
Trd, 000113.000, 144.0
Trd, 000114.133, 153
Trd, 000115.950, 151
Trd, 000116.450, 150
Trd, 000117.650, 150
Trd, 000118.033, 151
Trd, 000118.333, 154
Trd, 000118.417, 155.0
Trd, 000118.783, 151
Trd, 000120.650, 153
Trd, 000121.017, 156
Trd, 000121.500, 155
Trd, 000122.233, 153
Trd, 000122.917, 155
Trd, 000123.583, 155
Trd, 000124.483, 155
Trd, 000124.983, 155
Trd, 000125.067, 156
Trd, 000125.450, 153
Trd, 000126.183, 153
Trd, 000126.817, 152.0
Trd, 000127.417, 151.0
Trd, 000128.867, 154.0
Trd, 000129.233, 154.0
Trd, 000129.617, 155.0
Trd, 000130.417, 155
Trd, 000130.517, 153
Trd, 000131.217, 154
Trd, 000132.567, 155
Trd, 000133.183, 153
Trd, 000134.050, 154
Trd, 000134.233, 154
Trd, 000134.667, 152
Trd, 000135.033, 151.0
Trd, 000135.900, 150
Trd, 000136.050, 148.0
Trd, 000136.383, 154
Trd, 000136.967, 152
Trd, 000137.650, 154.0
Trd, 000138.717, 149.0
Trd, 000140.283, 153
Trd, 000140.317, 151.0
Trd, 000140.900, 152
Trd, 000141.783, 152
Trd, 000141.950, 151
Trd, 000142.617, 152.0
Trd, 000143.500, 151.0
Trd, 000143.917, 150
Trd, 000145.083, 151.0
Trd, 000145.117, 151
Trd, 000145.250, 152
Trd, 000145.317, 152
Trd, 000145.717, 150
Trd, 000146.267, 150
Trd, 000147.100, 150
Trd, 000147.883, 159
Trd, 000148.550, 153
Trd, 000149.133, 172.0
Trd, 000149.533, 155
Trd, 000149.983, 154
Trd, 000151.917, 156.0
Trd, 000152.350, 157
Trd, 000152.633, 156.0
Trd, 000152.833, 157
Trd, 000153.183, 154
Trd, 000154.033, 156
Trd, 000154.317, 155
Trd, 000154.950, 154
Trd, 000155.483, 155
Trd, 000156.700, 157
Trd, 000156.817, 156
Trd, 000157.350, 155
Trd, 000158.000, 156
Trd, 000158.350, 157
Trd, 000158.600, 155
Trd, 000159.083, 155
Trd, 000159.583, 155
Trd, 000160.567, 156
Trd, 000160.917, 155
Trd, 000161.167, 154
Trd, 000163.433, 153
Trd, 000163.700, 154
Trd, 000163.900, 153
Trd, 000164.400, 155
Trd, 000165.717, 153
Trd, 000165.900, 155.0
Trd, 000166.133, 151.0
Trd, 000166.450, 149.0
Trd, 000166.950, 155
Trd, 000167.533, 150
Trd, 000168.733, 153
Trd, 000169.517, 153
Trd, 000169.550, 150
Trd, 000170.767, 150
Trd, 000171.767, 154
Trd, 000171.967, 151.0
Trd, 000172.067, 149
Trd, 000172.567, 150
Trd, 000173.167, 151
Trd, 000173.367, 151
Trd, 000173.917, 152
Trd, 000175.417, 154.0
Trd, 000175.583, 153.0
Trd, 000176.817, 155.0
Trd, 000177.833, 158
Trd, 000178.483, 151
Trd, 000179.100, 151.0
Trd, 000179.633, 152
Trd, 000180.017, 154
Trd, 000181.033, 155
Trd, 000181.167, 155
Trd, 000182.217, 155
Trd, 000183.567, 156
Trd, 000183.600, 159
Trd, 000186.033, 155
Trd, 000186.200, 155
Trd, 000186.783, 153
Trd, 000187.450, 154
Trd, 000187.700, 155
Trd, 000188.550, 153
Trd, 000189.300, 156
Trd, 000189.350, 154
Trd, 000189.567, 153
Trd, 000189.833, 152
Trd, 000190.383, 150
Trd, 000191.767, 149
Trd, 000192.417, 148.0
Trd, 000192.983, 149
Trd, 000193.183, 146.0
Trd, 000194.067, 134
Trd, 000195.467, 149
Trd, 000195.500, 148.0
Trd, 000195.667, 144.0
Trd, 000196.683, 147
Trd, 000196.883, 151
Trd, 000196.967, 151
Trd, 000197.383, 151
Trd, 000197.833, 155.0
Trd, 000200.400, 154
Trd, 000200.417, 153
Trd, 000200.533, 153
Trd, 000201.317, 153
Trd, 000201.383, 152
Trd, 000202.200, 152
Trd, 000202.433, 151
Trd, 000202.883, 155.0
Trd, 000203.767, 149
Trd, 000204.367, 148.0
Trd, 000205.367, 149
Trd, 000205.733, 152
Trd, 000206.817, 148.0
Trd, 000207.267, 151
Trd, 000207.950, 152
Trd, 000208.167, 152
Trd, 000208.350, 151
Trd, 000208.850, 152
Trd, 000209.633, 151.0
Trd, 000210.367, 152
Trd, 000212.283, 152
Trd, 000212.850, 152
Trd, 000213.017, 151
Trd, 000213.350, 154
Trd, 000214.500, 153
Trd, 000215.317, 152
Trd, 000215.533, 152
Trd, 000216.250, 152
Trd, 000217.483, 153.0
Trd, 000217.550, 152.0
Trd, 000218.083, 153
Trd, 000218.717, 153
Trd, 000219.850, 153
Trd, 000220.017, 151
Trd, 000220.167, 151
Trd, 000220.917, 151.0
Trd, 000222.267, 154
Trd, 000222.317, 154
Trd, 000222.983, 154
Trd, 000223.217, 153
Trd, 000223.500, 151
Trd, 000224.500, 155.0
Trd, 000224.817, 153
Trd, 000225.683, 153
Trd, 000226.383, 155
Trd, 000226.733, 154
Trd, 000226.833, 153
Trd, 000227.167, 151.0
Trd, 000228.283, 155
Trd, 000228.917, 154
Trd, 000228.983, 151
Trd, 000230.700, 153
Trd, 000231.217, 153
Trd, 000231.283, 154
Trd, 000231.467, 155
Trd, 000231.500, 153
Trd, 000232.200, 151
Trd, 000233.500, 155.0
Trd, 000233.650, 152.0
Trd, 000233.700, 151.0
Trd, 000235.517, 155
Trd, 000235.900, 154.0
Trd, 000236.483, 153
Trd, 000237.250, 156
Trd, 000238.017, 157
Trd, 000238.767, 158
Trd, 000239.750, 155
Trd, 000239.800, 154
Trd, 000240.200, 154
Trd, 000240.383, 154
Trd, 000240.767, 154
Trd, 000241.017, 152.0
Trd, 000241.133, 154
Trd, 000241.200, 159
Trd, 000241.250, 153.0
Trd, 000242.533, 152.0
Trd, 000242.683, 151.0
Trd, 000242.717, 151
Trd, 000242.983, 152.0
Trd, 000243.100, 153.0
Trd, 000244.467, 152.0
Trd, 000244.883, 151.0
Trd, 000245.083, 152.0
Trd, 000245.567, 151.0
Trd, 000246.400, 151
Trd, 000247.317, 150
Trd, 000247.517, 148.0
Trd, 000247.883, 146.0
Trd, 000248.217, 148
Trd, 000248.833, 150
Trd, 000249.033, 150
Trd, 000249.117, 148
Trd, 000249.567, 151
Trd, 000250.100, 152.0
Trd, 000250.233, 152.0
Trd, 000250.867, 155.0
Trd, 000251.033, 152.0
Trd, 000251.417, 151.0
Trd, 000251.517, 152
Trd, 000252.250, 150
Trd, 000252.783, 148
Trd, 000253.400, 149
Trd, 000253.817, 148
Trd, 000253.900, 149
Trd, 000254.383, 148.0
Trd, 000254.533, 149
Trd, 000254.967, 148.0
Trd, 000255.200, 151
Trd, 000255.633, 152
Trd, 000255.733, 151.0
Trd, 000256.450, 153
Trd, 000256.817, 152.0
Trd, 000257.050, 155.0
Trd, 000257.317, 156
Trd, 000257.733, 154
Trd, 000258.067, 153.0
Trd, 000258.167, 151.0
Trd, 000258.767, 151
Trd, 000258.967, 152
Trd, 000259.750, 158
Trd, 000260.367, 159
Trd, 000260.417, 168.0
Trd, 000260.633, 159
Trd, 000261.333, 163
Trd, 000261.650, 162
Trd, 000262.133, 166
Trd, 000262.400, 162.0
Trd, 000262.667, 161
Trd, 000263.917, 159.0
Trd, 000264.000, 164
Trd, 000264.667, 159
Trd, 000264.800, 158
Trd, 000265.717, 160
Trd, 000266.117, 156.0
Trd, 000266.667, 157.0
Trd, 000266.900, 157.0
Trd, 000267.133, 155.0
Trd, 000267.467, 158
Trd, 000267.917, 157
Trd, 000268.333, 150
Trd, 000268.433, 148.0
Trd, 000269.350, 151.0
Trd, 000269.500, 154.0
Trd, 000269.517, 150
Trd, 000269.817, 148.0
Trd, 000269.900, 150.0
Trd, 000269.950, 154
Trd, 000270.750, 151
Trd, 000271.167, 148
Trd, 000272.283, 152
Trd, 000272.433, 152
Trd, 000273.017, 155.0
Trd, 000273.400, 152
Trd, 000273.950, 155
Trd, 000274.133, 165.0
Trd, 000274.233, 155.0
Trd, 000275.233, 155
Trd, 000275.533, 155
Trd, 000276.167, 151.0
Trd, 000276.250, 156
Trd, 000276.600, 156.0
Trd, 000276.717, 158
Trd, 000277.133, 155.0
Trd, 000277.850, 157
Trd, 000278.700, 160
Trd, 000279.150, 159
Trd, 000279.183, 156
Trd, 000279.583, 155.0
Trd, 000279.650, 149.0
Trd, 000280.017, 159
Trd, 000280.267, 152.0
Trd, 000280.317, 158
Trd, 000280.617, 159
Trd, 000280.933, 151.0
Trd, 000281.500, 152
Trd, 000282.217, 159
Trd, 000282.883, 156
Trd, 000283.033, 155.0
Trd, 000283.433, 152
Trd, 000284.000, 157
Trd, 000284.050, 151
Trd, 000284.950, 158
Trd, 000285.600, 149.0
Trd, 000286.817, 154.0
Trd, 000287.150, 153.0
Trd, 000287.950, 154
Trd, 000288.033, 154
Trd, 000288.233, 153
Trd, 000288.400, 152
Trd, 000288.483, 157
Trd, 000289.033, 162.0
Trd, 000289.600, 165
Trd, 000289.783, 158
Trd, 000290.350, 161
Trd, 000290.633, 161
Trd, 000290.733, 160
Trd, 000290.933, 155.0
Trd, 000291.350, 154
Trd, 000291.983, 167
Trd, 000292.033, 155
Trd, 000292.050, 172.0
Trd, 000292.500, 154
Trd, 000292.967, 167
Trd, 000293.117, 151.0
Trd, 000293.150, 166
Trd, 000294.817, 165.0
Trd, 000294.950, 163
Trd, 000295.267, 172
Trd, 000295.367, 165.0
Trd, 000295.383, 162.0
Trd, 000295.967, 160
Trd, 000296.383, 159
Trd, 000297.433, 160.0
Trd, 000297.667, 157
Trd, 000298.383, 158
Trd, 000298.667, 157
Trd, 000299.783, 154
Trd, 000299.850, 157
Trd, 000299.967, 158
