Trd, 000001.033, 185
Trd, 000002.133, 168.0
Trd, 000003.500, 172.0
Trd, 000003.533, 134.0
Trd, 000003.850, 174
Trd, 000004.383, 134.0
Trd, 000004.800, 143
Trd, 000005.517, 160.0
Trd, 000005.767, 160.0
Trd, 000007.250, 151
Trd, 000007.283, 151.0
Trd, 000007.400, 152
Trd, 000007.783, 148
Trd, 000009.317, 150
Trd, 000009.617, 148
Trd, 000009.700, 147
Trd, 000009.983, 146
Trd, 000010.100, 144
Trd, 000010.233, 155
Trd, 000010.667, 156
Trd, 000012.483, 143
Trd, 000012.967, 151
Trd, 000013.933, 161.0
Trd, 000014.067, 160
Trd, 000014.167, 165.0
Trd, 000015.717, 155
Trd, 000016.050, 155
Trd, 000016.100, 156
Trd, 000016.617, 151.0
Trd, 000016.817, 150
Trd, 000016.950, 155
Trd, 000017.400, 149
Trd, 000017.600, 136
Trd, 000019.383, 144
Trd, 000019.483, 145
Trd, 000019.717, 148.0
Trd, 000019.817, 147
Trd, 000019.833, 162.0
Trd, 000020.000, 165.0
Trd, 000021.683, 157
Trd, 000022.900, 156
Trd, 000023.600, 155
Trd, 000024.150, 153
Trd, 000025.067, 152
Trd, 000025.150, 153
Trd, 000026.067, 152
Trd, 000026.117, 151.0
Trd, 000027.367, 145
Trd, 000027.467, 152
Trd, 000027.883, 155
Trd, 000028.150, 135
Trd, 000028.500, 148
Trd, 000028.900, 146
Trd, 000029.483, 145
Trd, 000029.900, 145
Trd, 000029.950, 143
Trd, 000030.933, 142
Trd, 000030.983, 143
Trd, 000031.050, 153
Trd, 000031.800, 143
Trd, 000032.067, 141
Trd, 000032.667, 162.0
Trd, 000033.117, 142
Trd, 000034.333, 143
Trd, 000034.350, 158
Trd, 000035.633, 142
Trd, 000036.517, 151.0
Trd, 000037.883, 148
Trd, 000038.317, 148
Trd, 000038.683, 148
Trd, 000038.817, 146
Trd, 000039.100, 147
Trd, 000039.667, 148
Trd, 000039.883, 155
Trd, 000040.100, 173
Trd, 000041.383, 153
Trd, 000041.583, 154
Trd, 000042.367, 154
Trd, 000042.667, 164.0
Trd, 000042.883, 157
Trd, 000043.667, 151
Trd, 000043.983, 162.0
Trd, 000044.283, 165.0
Trd, 000044.500, 173
Trd, 000044.683, 167
Trd, 000044.750, 153
Trd, 000045.100, 154
Trd, 000046.050, 152
Trd, 000046.300, 164.0
Trd, 000046.717, 151.0
Trd, 000047.733, 135
Trd, 000049.133, 144
Trd, 000049.317, 144
Trd, 000050.100, 161
Trd, 000050.667, 162
Trd, 000050.683, 162.0
Trd, 000052.867, 159.0
Trd, 000053.183, 160.0
Trd, 000053.217, 158
Trd, 000053.467, 154
Trd, 000053.533, 152
Trd, 000053.567, 159
Trd, 000054.050, 151.0
Trd, 000054.417, 157
Trd, 000054.600, 157
Trd, 000055.283, 157
Trd, 000056.167, 155
Trd, 000056.183, 153
Trd, 000056.217, 162.0
Trd, 000056.533, 158
Trd, 000057.333, 164.0
Trd, 000057.850, 160
Trd, 000059.267, 157
Trd, 000059.833, 157
Trd, 000060.083, 152
Trd, 000060.350, 157
Trd, 000060.617, 158
Trd, 000062.300, 152.0
Trd, 000062.767, 154
Trd, 000062.833, 151.0
Trd, 000063.383, 153
Trd, 000063.883, 153.0
Trd, 000064.050, 153
Trd, 000064.233, 155
Trd, 000065.333, 162.0
Trd, 000065.383, 165.0
Trd, 000065.550, 172
Trd, 000067.683, 151
Trd, 000067.783, 151.0
Trd, 000068.083, 161
Trd, 000068.417, 161.0
Trd, 000068.600, 161
Trd, 000068.917, 151
Trd, 000069.417, 159
Trd, 000069.550, 151
Trd, 000069.900, 151
Trd, 000070.517, 152
Trd, 000071.050, 150
Trd, 000071.800, 151
Trd, 000071.917, 162.0
Trd, 000071.933, 165
Trd, 000072.483, 150
Trd, 000073.083, 159
Trd, 000073.150, 160
Trd, 000073.717, 151
Trd, 000074.533, 149
Trd, 000074.617, 161
Trd, 000074.950, 162.0
Trd, 000075.000, 150
Trd, 000075.933, 161
Trd, 000075.950, 136
Trd, 000076.000, 134.0
Trd, 000077.383, 160.0
Trd, 000078.050, 160.0
Trd, 000078.933, 165.0
Trd, 000079.983, 161
Trd, 000080.967, 158
Trd, 000081.467, 158
Trd, 000081.733, 158.0
Trd, 000081.867, 159
Trd, 000082.017, 157
Trd, 000082.467, 158
Trd, 000082.533, 155
Trd, 000082.733, 158
Trd, 000083.250, 154
Trd, 000084.750, 157
Trd, 000084.850, 165.0
Trd, 000085.317, 153
Trd, 000086.000, 159
Trd, 000086.267, 160
Trd, 000086.483, 160
Trd, 000086.700, 162.0
Trd, 000087.717, 172
Trd, 000088.667, 162.0
Trd, 000089.183, 161
Trd, 000089.617, 162
Trd, 000089.633, 163
Trd, 000089.950, 163
Trd, 000090.033, 165
Trd, 000090.183, 134.0
Trd, 000091.000, 162.0
Trd, 000092.200, 162
Trd, 000092.383, 163.0
Trd, 000093.733, 160
Trd, 000093.933, 162
Trd, 000094.367, 157
Trd, 000094.533, 155
Trd, 000095.200, 162.0
Trd, 000096.317, 158
Trd, 000097.083, 160.0
Trd, 000097.350, 156
Trd, 000098.433, 154
Trd, 000098.667, 154
Trd, 000099.783, 152.0
Trd, 000099.867, 151.0
Trd, 000100.150, 152
Trd, 000100.583, 151
Trd, 000100.667, 152
Trd, 000100.783, 152
Trd, 000101.400, 140
Trd, 000101.667, 141
Trd, 000103.217, 142
Trd, 000103.867, 151.0
Trd, 000104.217, 153
Trd, 000104.233, 155
Trd, 000104.750, 150
Trd, 000104.933, 161.0
Trd, 000105.117, 162.0
Trd, 000105.133, 165.0
Trd, 000105.300, 149
Trd, 000105.717, 141
Trd, 000107.333, 154
Trd, 000107.683, 151.0
Trd, 000107.867, 154
Trd, 000108.500, 135
Trd, 000109.267, 151
Trd, 000109.350, 148
Trd, 000110.217, 151
Trd, 000110.283, 154
Trd, 000110.450, 156
Trd, 000110.700, 144
Trd, 000110.867, 165.0
Trd, 000110.917, 135
Trd, 000111.233, 136
Trd, 000112.067, 158
Trd, 000112.400, 150
Trd, 000113.483, 162.0
Trd, 000114.367, 150
Trd, 000114.517, 159
Trd, 000116.067, 154
Trd, 000116.483, 155
Trd, 000116.850, 153
Trd, 000117.500, 152
Trd, 000118.083, 152
Trd, 000118.217, 151.0
Trd, 000118.467, 151
Trd, 000118.683, 154
Trd, 000119.300, 155
Trd, 000119.750, 156
Trd, 000119.867, 157
Trd, 000120.617, 153
Trd, 000120.650, 160.0
Trd, 000121.433, 161.0
Trd, 000122.183, 161.0
Trd, 000123.083, 161
Trd, 000123.150, 153.0
Trd, 000123.183, 152
Trd, 000123.850, 151.0
Trd, 000124.750, 152
Trd, 000126.017, 150
Trd, 000126.217, 150
Trd, 000126.417, 154
Trd, 000127.317, 155
Trd, 000128.967, 162.0
Trd, 000129.133, 149
Trd, 000129.617, 164.0
Trd, 000130.317, 154
Trd, 000131.400, 159
Trd, 000131.933, 160
Trd, 000132.367, 160
Trd, 000133.233, 156
Trd, 000133.633, 160
Trd, 000133.767, 161.0
Trd, 000133.883, 154
Trd, 000133.900, 172
Trd, 000135.483, 159
Trd, 000135.750, 155
Trd, 000135.900, 159
Trd, 000136.083, 162.0
Trd, 000138.650, 156
Trd, 000139.333, 154
Trd, 000139.400, 154
Trd, 000139.817, 154
Trd, 000139.850, 155
Trd, 000140.467, 154
Trd, 000140.683, 156
Trd, 000140.833, 153
Trd, 000141.233, 159
Trd, 000141.517, 160
Trd, 000142.300, 161
Trd, 000142.350, 152
Trd, 000144.517, 153
Trd, 000144.683, 151.0
Trd, 000144.900, 152
Trd, 000145.533, 151.0
Trd, 000145.733, 152
Trd, 000145.917, 151
Trd, 000146.850, 152
Trd, 000146.867, 150
Trd, 000147.067, 155
Trd, 000147.117, 151.0
Trd, 000148.417, 162
Trd, 000148.733, 161.0
Trd, 000148.800, 162.0
Trd, 000148.883, 156
Trd, 000149.400, 153
Trd, 000150.367, 161.0
Trd, 000150.467, 161
Trd, 000150.767, 161
Trd, 000152.467, 153
Trd, 000152.950, 152
Trd, 000153.433, 136
Trd, 000153.450, 154.0
Trd, 000154.117, 151
Trd, 000154.567, 151.0
Trd, 000155.033, 151
Trd, 000155.333, 153
Trd, 000155.933, 154
Trd, 000156.817, 153
Trd, 000157.783, 153
Trd, 000158.050, 153
Trd, 000158.283, 156
Trd, 000158.300, 162.0
Trd, 000158.783, 165.0
Trd, 000159.250, 154
Trd, 000159.667, 164
Trd, 000160.533, 155
Trd, 000160.567, 154
Trd, 000161.067, 151.0
Trd, 000161.367, 157
Trd, 000161.400, 162.0
Trd, 000161.683, 157
Trd, 000161.783, 158
Trd, 000161.867, 151
Trd, 000163.583, 154
Trd, 000164.300, 153
Trd, 000164.550, 153
Trd, 000164.650, 134.0
Trd, 000165.333, 151
Trd, 000165.700, 153
Trd, 000165.950, 155
Trd, 000166.450, 158
Trd, 000166.633, 151.0
Trd, 000167.450, 160.0
Trd, 000168.067, 164.0
Trd, 000168.317, 165.0
Trd, 000168.850, 171
Trd, 000169.133, 159
Trd, 000169.283, 157
Trd, 000169.383, 154
Trd, 000169.783, 154
Trd, 000170.083, 165
Trd, 000171.833, 164
Trd, 000172.183, 155
Trd, 000172.433, 154
Trd, 000172.533, 155
Trd, 000173.300, 159
Trd, 000173.650, 160
Trd, 000174.417, 159
Trd, 000174.467, 151.0
Trd, 000174.633, 161
Trd, 000174.783, 161
Trd, 000174.967, 134
Trd, 000176.350, 151
Trd, 000177.100, 157
Trd, 000177.283, 165
Trd, 000177.633, 154
Trd, 000177.917, 163.0
Trd, 000179.067, 164.0
Trd, 000179.467, 155
Trd, 000179.650, 153
Trd, 000180.033, 151.0
Trd, 000180.200, 157
Trd, 000181.100, 152
Trd, 000181.483, 153
Trd, 000181.800, 156
Trd, 000181.833, 134.0
Trd, 000183.317, 147
Trd, 000183.400, 153
Trd, 000183.467, 155
Trd, 000184.283, 153
Trd, 000185.983, 153
Trd, 000186.500, 150
Trd, 000186.767, 153
Trd, 000187.000, 152
Trd, 000187.167, 155
Trd, 000188.133, 158
Trd, 000189.567, 154
Trd, 000190.367, 151.0
Trd, 000190.700, 150
Trd, 000190.850, 149
Trd, 000190.933, 134
Trd, 000190.950, 150
Trd, 000191.100, 139
Trd, 000191.783, 141
Trd, 000192.200, 148.0
Trd, 000192.800, 141
Trd, 000192.867, 144
Trd, 000193.500, 141
Trd, 000193.550, 142
Trd, 000193.833, 155
Trd, 000195.783, 137
Trd, 000197.100, 151.0
Trd, 000197.367, 144
Trd, 000197.517, 158.0
Trd, 000198.033, 157.0
Trd, 000198.317, 146
Trd, 000199.300, 155
Trd, 000199.600, 158
Trd, 000200.350, 151
Trd, 000200.400, 147
Trd, 000201.000, 147
Trd, 000201.267, 160.0
Trd, 000201.617, 154
Trd, 000201.817, 158.0
Trd, 000201.950, 151.0
Trd, 000202.050, 155
Trd, 000202.950, 150
Trd, 000203.183, 149
Trd, 000203.383, 151
Trd, 000203.650, 128.0
Trd, 000204.317, 134.0
Trd, 000204.333, 146
Trd, 000204.750, 147.0
Trd, 000205.567, 146.0
Trd, 000206.050, 148.0
Trd, 000207.550, 137
Trd, 000207.633, 136
Trd, 000208.050, 138
Trd, 000208.367, 136
Trd, 000208.983, 152
Trd, 000209.300, 136
Trd, 000210.367, 153
Trd, 000210.900, 147
Trd, 000211.050, 148
Trd, 000211.183, 153
Trd, 000211.217, 154
Trd, 000211.633, 162.0
Trd, 000213.067, 155
Trd, 000213.633, 145
Trd, 000213.733, 144
Trd, 000213.850, 134
Trd, 000215.350, 151.0
Trd, 000215.433, 152
Trd, 000215.767, 147
Trd, 000216.000, 151
Trd, 000216.100, 156
Trd, 000217.083, 149
Trd, 000217.267, 161.0
Trd, 000217.700, 153
Trd, 000218.233, 162.0
Trd, 000218.300, 149
Trd, 000219.617, 156
Trd, 000221.017, 154
Trd, 000221.117, 151
Trd, 000221.233, 155
Trd, 000221.717, 162.0
Trd, 000222.000, 151.0
Trd, 000222.083, 150
Trd, 000223.233, 152
Trd, 000223.933, 149
Trd, 000224.717, 150
Trd, 000224.883, 147
Trd, 000225.033, 151
Trd, 000225.250, 152
Trd, 000225.817, 151
Trd, 000225.850, 142
Trd, 000226.033, 152
Trd, 000226.600, 151.0
Trd, 000227.583, 150
Trd, 000228.300, 149
Trd, 000228.400, 148
Trd, 000228.633, 151
Trd, 000228.700, 155
Trd, 000229.133, 147
Trd, 000229.550, 151
Trd, 000230.333, 137
Trd, 000230.550, 155
Trd, 000231.333, 156
Trd, 000232.000, 153
Trd, 000232.450, 145
Trd, 000233.250, 158
Trd, 000233.767, 165.0
Trd, 000233.983, 171
Trd, 000234.583, 158
Trd, 000235.033, 170
Trd, 000235.233, 171
Trd, 000236.200, 168.0
Trd, 000237.933, 164
Trd, 000238.583, 164
Trd, 000239.550, 163
Trd, 000239.917, 163
Trd, 000240.067, 162.0
Trd, 000240.367, 160
Trd, 000240.633, 158
Trd, 000240.733, 158.0
Trd, 000241.200, 157
Trd, 000241.933, 157
Trd, 000242.083, 157
Trd, 000242.200, 158
Trd, 000242.433, 161.0
Trd, 000242.583, 162.0
Trd, 000243.033, 169
Trd, 000243.467, 165
Trd, 000243.600, 163
Trd, 000243.983, 160
Trd, 000244.400, 158
Trd, 000245.167, 156
Trd, 000245.350, 155
Trd, 000245.383, 156
Trd, 000245.917, 154
Trd, 000246.283, 152
Trd, 000246.633, 148.0
Trd, 000246.833, 157
Trd, 000246.850, 135
Trd, 000246.967, 158
Trd, 000247.250, 134.0
Trd, 000247.700, 157
Trd, 000248.383, 151.0
Trd, 000249.150, 151
Trd, 000249.233, 151
Trd, 000249.450, 161.0
Trd, 000250.150, 158.0
Trd, 000250.250, 154.0
Trd, 000251.350, 154
Trd, 000252.033, 153
Trd, 000252.067, 154
Trd, 000252.150, 157
Trd, 000252.300, 153
Trd, 000252.600, 156.0
Trd, 000252.817, 158.0
Trd, 000252.867, 165.0
Trd, 000253.167, 151
Trd, 000254.250, 152.0
Trd, 000254.667, 159
Trd, 000255.217, 153
Trd, 000255.467, 159
Trd, 000255.883, 155
Trd, 000256.267, 157
Trd, 000256.300, 152
Trd, 000256.833, 151.0
Trd, 000256.867, 155
Trd, 000257.100, 156
Trd, 000257.667, 152
Trd, 000259.167, 151
Trd, 000259.300, 151
Trd, 000259.483, 152
Trd, 000260.000, 154
Trd, 000260.500, 150
Trd, 000260.950, 151.0
Trd, 000261.033, 148.0
Trd, 000261.450, 148
Trd, 000262.267, 149
Trd, 000262.667, 148
Trd, 000263.067, 153
Trd, 000263.300, 151
Trd, 000264.233, 150
Trd, 000264.450, 148.0
Trd, 000265.000, 148
Trd, 000265.117, 151
Trd, 000265.367, 140
Trd, 000265.517, 158.0
Trd, 000265.717, 162.0
Trd, 000266.100, 165.0
Trd, 000267.233, 157
Trd, 000267.700, 154.0
Trd, 000267.767, 153
Trd, 000268.067, 153
Trd, 000268.183, 152
Trd, 000269.100, 151.0
Trd, 000269.133, 152
Trd, 000269.500, 151
Trd, 000270.283, 154
Trd, 000270.300, 155
Trd, 000270.767, 150
Trd, 000271.033, 153
Trd, 000271.133, 162.0
Trd, 000271.400, 165.0
Trd, 000271.883, 149
Trd, 000272.300, 172
Trd, 000272.633, 176.0
Trd, 000273.300, 172.0
Trd, 000273.900, 151
Trd, 000274.050, 158
Trd, 000274.583, 156
Trd, 000274.900, 152
Trd, 000274.933, 148.0
Trd, 000275.333, 153
Trd, 000275.850, 151.0
Trd, 000276.267, 148
Trd, 000276.550, 150
Trd, 000276.817, 149
Trd, 000277.400, 149
Trd, 000277.833, 148
Trd, 000277.950, 148
Trd, 000278.317, 149
Trd, 000278.483, 149
Trd, 000278.583, 158.0
Trd, 000279.350, 148.0
Trd, 000279.500, 147
Trd, 000280.317, 152.0
Trd, 000280.500, 157
Trd, 000280.817, 151
Trd, 000281.633, 160.0
Trd, 000283.250, 157
Trd, 000283.317, 157
Trd, 000283.717, 158
Trd, 000283.733, 162.0
Trd, 000284.833, 163
Trd, 000285.000, 164.0
Trd, 000285.083, 165.0
Trd, 000285.183, 153
Trd, 000286.000, 154
Trd, 000286.133, 157.0
Trd, 000286.683, 156.0
Trd, 000286.833, 151.0
Trd, 000287.300, 157
Trd, 000287.917, 156.0
Trd, 000288.467, 152
Trd, 000288.483, 158.0
Trd, 000288.683, 158.0
Trd, 000288.800, 162.0
Trd, 000289.200, 152
Trd, 000289.217, 172
Trd, 000289.267, 148.0
Trd, 000289.700, 156
Trd, 000289.983, 164
Trd, 000290.183, 136
Trd, 000291.317, 161
Trd, 000291.600, 152
Trd, 000292.433, 158.0
Trd, 000292.700, 159
Trd, 000292.750, 159
Trd, 000293.000, 160
Trd, 000293.067, 165.0
Trd, 000293.183, 175.0
Trd, 000293.833, 155
Trd, 000293.983, 152
Trd, 000295.050, 158.0
Trd, 000295.317, 153
Trd, 000295.400, 162
Trd, 000295.883, 162
Trd, 000296.017, 154
Trd, 000296.400, 160
Trd, 000296.650, 155
Trd, 000297.433, 154
Trd, 000297.750, 155
Trd, 000299.267, 158
Trd, 000299.383, 159.0
Trd, 000299.883, 164.0
