Trd, 000002.583, 127
Trd, 000002.633, 128
Trd, 000002.917, 131.0
Trd, 000003.117, 162
Trd, 000004.100, 126.0
Trd, 000004.317, 128
Trd, 000005.183, 150
Trd, 000005.417, 137
Trd, 000006.550, 145
Trd, 000007.083, 149
Trd, 000007.117, 150
Trd, 000008.400, 149
Trd, 000008.517, 148
Trd, 000008.667, 151.0
Trd, 000009.550, 151
Trd, 000010.200, 152
Trd, 000011.650, 154
Trd, 000012.350, 156
Trd, 000012.833, 157
Trd, 000012.867, 156
Trd, 000013.733, 154
Trd, 000013.750, 162.0
Trd, 000014.233, 160
Trd, 000014.350, 154
Trd, 000014.500, 150
Trd, 000015.117, 148.0
Trd, 000015.717, 137
Trd, 000016.683, 150
Trd, 000017.367, 149
Trd, 000018.233, 140
Trd, 000018.283, 134.0
Trd, 000019.700, 142
Trd, 000019.917, 142
Trd, 000020.300, 146
Trd, 000020.450, 146
Trd, 000021.700, 148
Trd, 000021.767, 158
Trd, 000022.633, 151
Trd, 000022.917, 154
Trd, 000023.417, 155
Trd, 000023.783, 154
Trd, 000023.883, 156
Trd, 000024.167, 155
Trd, 000025.167, 154
Trd, 000025.483, 155
Trd, 000026.617, 155
Trd, 000026.850, 158
Trd, 000027.383, 155
Trd, 000028.250, 154
Trd, 000028.600, 151
Trd, 000028.683, 153
Trd, 000029.283, 152
Trd, 000029.833, 151
Trd, 000030.517, 151
Trd, 000030.567, 153
Trd, 000030.933, 148.0
Trd, 000031.800, 151
Trd, 000033.017, 150
Trd, 000033.200, 153
Trd, 000033.533, 149
Trd, 000034.067, 147
Trd, 000034.750, 147
Trd, 000034.833, 151
Trd, 000035.383, 151
Trd, 000036.167, 151.0
Trd, 000036.417, 151
Trd, 000036.567, 152
Trd, 000037.367, 150
Trd, 000038.450, 150
Trd, 000038.683, 151
Trd, 000040.217, 151
Trd, 000040.250, 151.0
Trd, 000040.350, 152
Trd, 000040.467, 151
Trd, 000040.867, 150
Trd, 000040.950, 158.0
Trd, 000040.967, 162.0
Trd, 000041.900, 149
Trd, 000043.533, 158
Trd, 000044.083, 168.0
Trd, 000044.383, 167
Trd, 000044.667, 167.0
Trd, 000044.933, 165.0
Trd, 000045.200, 157
Trd, 000045.317, 156
Trd, 000046.433, 152
Trd, 000047.500, 162.0
Trd, 000047.833, 163
Trd, 000048.133, 150
Trd, 000048.967, 148.0
Trd, 000049.533, 150.0
Trd, 000049.933, 148
Trd, 000050.283, 148
Trd, 000050.467, 150
Trd, 000051.267, 150
Trd, 000051.900, 146
Trd, 000052.667, 149
Trd, 000053.500, 151.0
Trd, 000054.233, 149
Trd, 000054.250, 152
Trd, 000055.450, 148.0
Trd, 000056.217, 151
Trd, 000056.467, 152
Trd, 000056.850, 158.0
Trd, 000057.400, 162.0
Trd, 000058.417, 167
Trd, 000059.350, 163
Trd, 000059.633, 162
Trd, 000059.767, 163
Trd, 000061.100, 160
Trd, 000061.783, 160.0
Trd, 000062.067, 156
Trd, 000062.600, 148.0
Trd, 000062.767, 152
Trd, 000063.300, 159
Trd, 000063.917, 146
Trd, 000064.150, 151.0
Trd, 000065.617, 157
Trd, 000067.900, 154
Trd, 000068.700, 155
Trd, 000068.733, 156
Trd, 000068.900, 156
Trd, 000069.117, 153
Trd, 000070.483, 151
Trd, 000071.333, 155
Trd, 000071.500, 156
Trd, 000071.817, 150
Trd, 000072.350, 149
Trd, 000073.233, 151.0
Trd, 000073.350, 148
Trd, 000073.967, 148
Trd, 000075.333, 148
Trd, 000075.617, 151.0
Trd, 000077.267, 149
Trd, 000077.650, 149
Trd, 000077.933, 148
Trd, 000078.250, 147
Trd, 000078.833, 149
Trd, 000078.900, 149
Trd, 000079.567, 150
Trd, 000079.600, 152
Trd, 000080.767, 162.0
Trd, 000080.900, 149
Trd, 000081.100, 167
Trd, 000081.117, 149
Trd, 000081.950, 166.0
Trd, 000082.100, 165.0
Trd, 000082.617, 166
Trd, 000083.883, 161
Trd, 000084.533, 166
Trd, 000085.533, 159
Trd, 000086.500, 163
Trd, 000086.517, 162
Trd, 000087.133, 164.0
Trd, 000087.800, 164
Trd, 000088.050, 162.0
Trd, 000088.250, 169
Trd, 000088.550, 157
Trd, 000089.183, 157
Trd, 000090.300, 162.0
Trd, 000090.517, 155.0
Trd, 000090.650, 163
Trd, 000091.350, 162
Trd, 000091.817, 161
Trd, 000092.150, 162.0
Trd, 000092.533, 155.0
Trd, 000094.150, 157
Trd, 000094.933, 157
Trd, 000095.583, 156
Trd, 000095.950, 157
Trd, 000096.600, 156
Trd, 000096.867, 154
Trd, 000097.750, 153
Trd, 000099.117, 158.0
Trd, 000099.150, 152
Trd, 000099.850, 158.0
Trd, 000099.983, 151
Trd, 000100.917, 155
Trd, 000101.083, 148.0
Trd, 000101.150, 155
Trd, 000101.433, 151
Trd, 000103.000, 154
Trd, 000103.400, 153
Trd, 000103.517, 149
Trd, 000103.967, 154
Trd, 000104.000, 148
Trd, 000105.200, 158.0
Trd, 000105.550, 149
Trd, 000106.233, 150.0
Trd, 000106.600, 149
Trd, 000107.283, 150
Trd, 000107.567, 150
Trd, 000107.767, 151.0
Trd, 000108.633, 150
Trd, 000108.933, 158.0
Trd, 000109.183, 149
Trd, 000110.017, 148
Trd, 000111.767, 151.0
Trd, 000112.467, 149
Trd, 000113.367, 150
Trd, 000114.083, 151
Trd, 000114.150, 153
Trd, 000114.200, 149
Trd, 000114.317, 158.0
Trd, 000114.800, 162.0
Trd, 000115.233, 165.0
Trd, 000115.783, 162
Trd, 000116.250, 164.0
Trd, 000116.583, 166.0
Trd, 000116.617, 165.0
Trd, 000116.800, 164
Trd, 000118.067, 162
Trd, 000119.317, 162.0
Trd, 000119.667, 161
Trd, 000119.783, 161
Trd, 000119.833, 156
Trd, 000119.883, 155.0
Trd, 000121.283, 151.0
Trd, 000121.600, 153
Trd, 000122.233, 161
Trd, 000123.600, 155.0
Trd, 000125.033, 158
Trd, 000125.517, 158
Trd, 000125.533, 158.0
Trd, 000127.000, 156
Trd, 000127.300, 159
Trd, 000127.600, 157
Trd, 000127.700, 154
Trd, 000127.900, 150
Trd, 000128.967, 157
Trd, 000129.017, 162.0
Trd, 000129.817, 166
Trd, 000131.700, 163
Trd, 000132.567, 158
Trd, 000132.683, 156
Trd, 000133.017, 155
Trd, 000133.500, 155.0
Trd, 000134.617, 155
Trd, 000135.267, 159
Trd, 000135.433, 158
Trd, 000135.817, 158
Trd, 000136.033, 154
Trd, 000136.483, 158.0
Trd, 000138.867, 155.0
Trd, 000138.950, 158
Trd, 000139.800, 161.0
Trd, 000140.183, 160
Trd, 000140.633, 157
Trd, 000141.083, 157
Trd, 000141.117, 156
Trd, 000142.383, 156
Trd, 000143.017, 159
Trd, 000143.183, 158
Trd, 000143.500, 156
Trd, 000143.767, 155
Trd, 000146.117, 158
Trd, 000146.483, 155
Trd, 000146.500, 158.0
Trd, 000146.867, 156
Trd, 000147.017, 156
Trd, 000147.217, 159
Trd, 000148.233, 158
Trd, 000148.533, 160
Trd, 000148.650, 157
Trd, 000149.217, 161.0
Trd, 000150.600, 159
Trd, 000150.650, 161
Trd, 000150.800, 156
Trd, 000151.083, 155.0
Trd, 000153.033, 156
Trd, 000153.433, 154
Trd, 000153.483, 161
Trd, 000153.750, 161
Trd, 000154.583, 156
Trd, 000154.900, 155
Trd, 000156.867, 156
Trd, 000157.483, 155.0
Trd, 000157.517, 157
Trd, 000157.767, 150
Trd, 000157.900, 158.0
Trd, 000158.417, 165.0
Trd, 000158.883, 149
Trd, 000159.433, 136.0
Trd, 000159.983, 151.0
Trd, 000160.233, 148
Trd, 000160.300, 161
Trd, 000160.650, 156
Trd, 000161.017, 147
Trd, 000162.567, 153
Trd, 000162.917, 152
Trd, 000163.267, 155
Trd, 000163.417, 156
Trd, 000164.083, 155
Trd, 000165.017, 155
Trd, 000165.667, 156
Trd, 000165.983, 154
Trd, 000166.617, 158.0
Trd, 000167.550, 165
Trd, 000168.067, 159
Trd, 000168.167, 158
Trd, 000168.250, 155.0
Trd, 000168.500, 155
Trd, 000168.883, 160
Trd, 000170.633, 155
Trd, 000171.717, 150
Trd, 000173.067, 151.0
Trd, 000173.200, 154
Trd, 000174.533, 154
Trd, 000175.017, 152
Trd, 000175.133, 153
Trd, 000175.483, 158.0
Trd, 000175.867, 152
Trd, 000176.817, 155
Trd, 000177.000, 152
Trd, 000177.333, 151
Trd, 000177.883, 155
Trd, 000177.933, 150
Trd, 000178.583, 156
Trd, 000178.617, 158.0
Trd, 000180.417, 151.0
Trd, 000180.617, 150
Trd, 000181.950, 157
Trd, 000182.300, 157
Trd, 000182.617, 157
Trd, 000183.567, 162.0
Trd, 000183.683, 155
Trd, 000184.367, 160
Trd, 000184.450, 153
Trd, 000184.950, 159
Trd, 000185.250, 152
Trd, 000185.467, 168
Trd, 000186.533, 161
Trd, 000186.833, 162
Trd, 000187.383, 157
Trd, 000187.467, 156
Trd, 000188.033, 150
Trd, 000188.317, 151.0
Trd, 000189.333, 152.0
Trd, 000189.917, 155
Trd, 000190.183, 151.0
Trd, 000190.400, 152
Trd, 000190.967, 151
Trd, 000191.117, 154
Trd, 000191.400, 149
Trd, 000192.717, 150
Trd, 000193.350, 151.0
Trd, 000194.067, 154
Trd, 000195.083, 151.0
Trd, 000195.817, 153
Trd, 000195.983, 152
Trd, 000196.367, 153
Trd, 000196.783, 150
Trd, 000197.017, 150
Trd, 000197.083, 148.0
Trd, 000197.383, 158.0
Trd, 000197.767, 148
Trd, 000198.133, 147
Trd, 000198.383, 154
Trd, 000199.150, 148.0
Trd, 000199.850, 149
Trd, 000199.900, 162.0
Trd, 000201.550, 167.0
Trd, 000201.850, 165.0
Trd, 000202.233, 165
Trd, 000202.500, 163
Trd, 000204.117, 157
Trd, 000204.683, 159
Trd, 000204.833, 166
Trd, 000205.150, 155.0
Trd, 000205.617, 155
Trd, 000206.850, 154
Trd, 000207.017, 148.0
Trd, 000207.150, 147
Trd, 000207.317, 149
Trd, 000207.650, 151
Trd, 000208.900, 148
Trd, 000209.150, 134.0
Trd, 000210.583, 131.0
Trd, 000211.317, 136
Trd, 000211.333, 151
Trd, 000212.083, 150
Trd, 000212.417, 151.0
Trd, 000212.917, 155
Trd, 000213.517, 151
Trd, 000214.217, 162.0
Trd, 000214.483, 152
Trd, 000214.517, 151
Trd, 000215.800, 167
Trd, 000215.917, 165.0
Trd, 000216.317, 161
Trd, 000216.867, 171.0
Trd, 000217.567, 165
Trd, 000218.983, 168
Trd, 000219.283, 167
Trd, 000219.450, 169
Trd, 000220.433, 165
Trd, 000220.533, 163
Trd, 000221.167, 162
Trd, 000221.583, 162
Trd, 000222.467, 161
Trd, 000222.667, 160
Trd, 000222.733, 162.0
Trd, 000223.300, 169
Trd, 000223.650, 160
Trd, 000224.183, 157
Trd, 000224.833, 165.0
Trd, 000225.017, 155.0
Trd, 000225.200, 149
Trd, 000226.767, 162.0
Trd, 000228.583, 157
Trd, 000230.217, 156.0
Trd, 000230.233, 157
Trd, 000230.417, 158
Trd, 000231.050, 156.0
Trd, 000232.183, 158
Trd, 000232.233, 156
Trd, 000232.283, 162.0
Trd, 000232.950, 156.0
Trd, 000233.700, 156
Trd, 000234.250, 155.0
Trd, 000234.467, 154
Trd, 000234.783, 150
Trd, 000236.450, 152
Trd, 000236.600, 148.0
Trd, 000236.850, 155
Trd, 000237.717, 142
Trd, 000237.867, 145
Trd, 000238.667, 141
Trd, 000240.100, 148
Trd, 000240.267, 148
Trd, 000240.983, 146
Trd, 000241.133, 148
Trd, 000242.200, 147
Trd, 000242.483, 145
Trd, 000242.633, 148
Trd, 000242.717, 151.0
Trd, 000242.867, 147
Trd, 000243.067, 158.0
Trd, 000243.100, 147
Trd, 000244.333, 155
Trd, 000244.833, 154
Trd, 000244.883, 153
Trd, 000245.083, 155.0
Trd, 000245.433, 153
Trd, 000246.050, 152
Trd, 000246.083, 153
Trd, 000246.417, 153
Trd, 000247.067, 151
Trd, 000247.167, 158.0
Trd, 000248.233, 153
Trd, 000248.383, 154
Trd, 000249.033, 153
Trd, 000249.233, 154
Trd, 000250.483, 157
Trd, 000250.550, 159.0
Trd, 000250.717, 162.0
Trd, 000250.817, 156
Trd, 000251.383, 155.0
Trd, 000251.933, 153
Trd, 000252.517, 154
Trd, 000252.783, 158.0
Trd, 000253.133, 157
Trd, 000253.417, 154
Trd, 000254.283, 152
Trd, 000255.033, 151
Trd, 000255.400, 149
Trd, 000255.417, 148.0
Trd, 000256.067, 130
Trd, 000256.367, 131.0
Trd, 000256.883, 133
Trd, 000257.067, 139
Trd, 000257.733, 139
Trd, 000258.483, 145
Trd, 000258.700, 149
Trd, 000258.717, 143
Trd, 000259.250, 144
Trd, 000259.267, 148
Trd, 000259.567, 143
Trd, 000259.883, 147.0
Trd, 000260.633, 150.0
Trd, 000260.800, 151.0
Trd, 000261.150, 145
Trd, 000261.200, 145
Trd, 000262.350, 153.0
Trd, 000262.717, 157.0
Trd, 000263.217, 155
Trd, 000263.267, 154
Trd, 000264.250, 158.0
Trd, 000264.583, 155
Trd, 000265.100, 157
Trd, 000265.333, 153
Trd, 000265.467, 152
Trd, 000266.050, 151
Trd, 000266.583, 152
Trd, 000266.950, 150
Trd, 000267.133, 149.0
Trd, 000267.417, 148.0
Trd, 000267.583, 142
Trd, 000267.933, 151.0
Trd, 000268.533, 134.0
Trd, 000269.483, 145
Trd, 000270.167, 149
Trd, 000271.050, 145
Trd, 000271.167, 145
Trd, 000271.267, 144
Trd, 000271.300, 149
Trd, 000271.400, 151
Trd, 000271.467, 151.0
Trd, 000272.167, 148
Trd, 000272.317, 151
Trd, 000272.983, 149
Trd, 000273.483, 165.0
Trd, 000273.667, 161
Trd, 000273.933, 163
Trd, 000274.117, 162.0
Trd, 000274.800, 162
Trd, 000275.167, 164
Trd, 000275.233, 157
Trd, 000276.100, 164
Trd, 000276.183, 156.0
Trd, 000276.233, 155.0
Trd, 000276.467, 151
Trd, 000277.367, 155
Trd, 000277.867, 157
Trd, 000278.100, 149
Trd, 000278.450, 168
Trd, 000278.883, 150.0
Trd, 000280.100, 169.0
Trd, 000280.183, 165.0
Trd, 000281.417, 162.0
Trd, 000281.450, 163
Trd, 000281.567, 162
Trd, 000281.667, 159
Trd, 000281.917, 162.0
Trd, 000282.267, 157
Trd, 000282.517, 150.0
Trd, 000282.750, 148.0
Trd, 000283.450, 151
Trd, 000283.550, 148
Trd, 000283.783, 155.0
Trd, 000284.533, 147
Trd, 000285.550, 151.0
Trd, 000286.033, 151
Trd, 000286.283, 149
Trd, 000286.300, 153
Trd, 000286.700, 148
Trd, 000287.383, 148
Trd, 000287.550, 148
Trd, 000288.150, 158.0
Trd, 000288.317, 148
Trd, 000289.400, 151.0
Trd, 000289.817, 148
Trd, 000290.583, 148
Trd, 000290.950, 141
Trd, 000291.400, 144.0
Trd, 000291.967, 146
Trd, 000292.050, 148
Trd, 000292.600, 146
Trd, 000292.800, 147
Trd, 000293.000, 148
Trd, 000293.250, 147
Trd, 000293.433, 146
Trd, 000293.750, 151.0
Trd, 000293.817, 155.0
Trd, 000294.400, 150
Trd, 000294.867, 151
Trd, 000295.333, 149
Trd, 000295.383, 151
Trd, 000295.633, 155.0
Trd, 000296.033, 150
Trd, 000296.167, 149
Trd, 000296.517, 141
Trd, 000296.717, 154
Trd, 000297.533, 154
Trd, 000297.900, 162.0
Trd, 000298.283, 143
Trd, 000299.583, 151.0
Trd, 000299.733, 156
Trd, 000299.750, 143
