Trd, 000002.100, 124.0
Trd, 000002.683, 130.0
Trd, 000002.800, 131.0
Trd, 000002.967, 134.0
Trd, 000003.283, 145
Trd, 000004.083, 129
Trd, 000004.150, 141
Trd, 000005.300, 144.0
Trd, 000005.333, 132
Trd, 000005.650, 131
Trd, 000007.650, 147
Trd, 000007.767, 148.0
Trd, 000008.817, 144.0
Trd, 000009.100, 144
Trd, 000009.450, 142
Trd, 000010.617, 141
Trd, 000011.300, 142
Trd, 000011.500, 141
Trd, 000011.883, 143
Trd, 000012.567, 141
Trd, 000013.600, 141
Trd, 000014.250, 142
Trd, 000014.567, 148.0
Trd, 000015.450, 142
Trd, 000015.933, 144.0
Trd, 000016.167, 141.0
Trd, 000016.500, 142
Trd, 000016.900, 142
Trd, 000017.467, 143
Trd, 000017.583, 142
Trd, 000019.333, 143
Trd, 000020.183, 142
Trd, 000020.400, 143
Trd, 000020.433, 144.0
Trd, 000020.617, 141.0
Trd, 000022.033, 141
Trd, 000022.117, 141
Trd, 000022.917, 142
Trd, 000024.217, 142
Trd, 000024.283, 142
Trd, 000025.267, 142.0
Trd, 000027.217, 143.0
Trd, 000027.350, 142
Trd, 000027.867, 142.0
Trd, 000027.883, 141.0
Trd, 000028.317, 140
Trd, 000028.700, 144.0
Trd, 000029.417, 143
Trd, 000030.350, 143
Trd, 000030.400, 142
Trd, 000031.967, 142
Trd, 000032.467, 144.0
Trd, 000033.917, 144
Trd, 000034.317, 145
Trd, 000034.367, 142
Trd, 000034.517, 141
Trd, 000034.933, 146.0
Trd, 000035.283, 144
Trd, 000035.667, 144
Trd, 000037.100, 145
Trd, 000037.367, 144
Trd, 000037.817, 144.0
Trd, 000039.017, 144.0
Trd, 000039.183, 145
Trd, 000041.600, 144
Trd, 000041.933, 144
Trd, 000042.867, 143
Trd, 000043.517, 145.0
Trd, 000043.583, 144.0
Trd, 000044.200, 145.0
Trd, 000044.250, 148.0
Trd, 000045.033, 144
Trd, 000045.517, 144
Trd, 000045.750, 143
Trd, 000047.433, 144
Trd, 000047.533, 148
Trd, 000047.967, 148.0
Trd, 000049.417, 149
Trd, 000049.900, 152
Trd, 000050.100, 151
Trd, 000051.300, 150
Trd, 000051.717, 150
Trd, 000052.300, 155
Trd, 000052.867, 151
Trd, 000053.217, 149
Trd, 000054.467, 150.0
Trd, 000054.567, 149
Trd, 000055.417, 149
Trd, 000056.183, 148.0
Trd, 000056.233, 147
Trd, 000056.350, 147
Trd, 000057.217, 147
Trd, 000057.317, 146
Trd, 000058.850, 144
Trd, 000059.117, 144.0
Trd, 000059.183, 151
Trd, 000059.733, 155
Trd, 000060.650, 146
Trd, 000060.750, 149
Trd, 000061.183, 147
Trd, 000062.200, 149
Trd, 000063.667, 150.0
Trd, 000063.683, 149
Trd, 000063.817, 148
Trd, 000064.033, 147
Trd, 000064.450, 147
Trd, 000064.717, 147
Trd, 000065.533, 146
Trd, 000065.767, 147
Trd, 000066.583, 145
Trd, 000066.750, 139.0
Trd, 000067.650, 141.0
Trd, 000067.683, 144.0
Trd, 000068.517, 153
Trd, 000070.000, 148
Trd, 000070.583, 147
Trd, 000070.750, 146.0
Trd, 000071.650, 145.0
Trd, 000072.150, 144.0
Trd, 000072.283, 145
Trd, 000073.000, 142
Trd, 000074.567, 145
Trd, 000074.583, 144.0
Trd, 000075.167, 143
Trd, 000075.783, 145.0
Trd, 000076.083, 145
Trd, 000078.300, 153
Trd, 000078.583, 148.0
Trd, 000079.533, 148
Trd, 000079.700, 147
Trd, 000079.767, 147
Trd, 000080.450, 148
Trd, 000081.217, 146
Trd, 000082.467, 147
Trd, 000082.850, 148
Trd, 000083.967, 144.0
Trd, 000084.267, 144.0
Trd, 000084.967, 143
Trd, 000085.583, 146
Trd, 000086.133, 143
Trd, 000086.533, 143
Trd, 000086.633, 144
Trd, 000087.467, 144
Trd, 000088.033, 145
Trd, 000088.400, 147.0
Trd, 000089.233, 145
Trd, 000089.667, 144
Trd, 000090.400, 144
Trd, 000091.317, 147.0
Trd, 000091.717, 144.0
Trd, 000092.600, 146
Trd, 000092.817, 146
Trd, 000092.867, 147
Trd, 000093.067, 143
Trd, 000095.933, 146
Trd, 000096.683, 146
Trd, 000096.917, 146
Trd, 000097.583, 147.0
Trd, 000098.100, 147
Trd, 000098.800, 146
Trd, 000099.783, 146
Trd, 000100.050, 148.0
Trd, 000100.183, 148
Trd, 000100.667, 146
Trd, 000101.133, 145
Trd, 000101.167, 144.0
Trd, 000101.517, 144
Trd, 000103.017, 144.0
Trd, 000103.433, 145
Trd, 000104.983, 146.0
Trd, 000105.533, 147
Trd, 000105.633, 144.0
Trd, 000106.017, 147
Trd, 000106.383, 148.0
Trd, 000107.517, 147
Trd, 000107.583, 145
Trd, 000108.417, 146
Trd, 000108.850, 145
Trd, 000109.383, 144
Trd, 000110.000, 145.0
Trd, 000110.567, 145
Trd, 000110.833, 144.0
Trd, 000111.217, 143
Trd, 000111.650, 141.0
Trd, 000111.767, 131
Trd, 000112.150, 148.0
Trd, 000112.233, 148
Trd, 000113.900, 144.0
Trd, 000114.317, 143
Trd, 000115.233, 144.0
Trd, 000115.467, 143
Trd, 000116.767, 142
Trd, 000118.267, 142
Trd, 000120.267, 143
Trd, 000120.317, 142.0
Trd, 000120.400, 144.0
Trd, 000120.583, 141.0
Trd, 000121.750, 142.0
Trd, 000122.417, 141
Trd, 000122.467, 141
Trd, 000123.050, 141.0
Trd, 000123.283, 139
Trd, 000124.267, 140
Trd, 000124.717, 140.0
Trd, 000126.983, 141
Trd, 000127.483, 139
Trd, 000127.617, 144.0
Trd, 000128.083, 144
Trd, 000128.650, 142
Trd, 000129.633, 141
Trd, 000130.167, 140
Trd, 000130.400, 139
Trd, 000130.617, 140
Trd, 000130.800, 138
Trd, 000130.883, 142
Trd, 000131.850, 142
Trd, 000132.533, 139
Trd, 000132.583, 144.0
Trd, 000133.367, 146.0
Trd, 000133.867, 143
Trd, 000134.250, 144.0
Trd, 000134.300, 142
Trd, 000134.467, 141
Trd, 000135.367, 144
Trd, 000135.750, 144.0
Trd, 000136.067, 143.0
Trd, 000136.517, 141.0
Trd, 000138.200, 143
Trd, 000138.533, 140
Trd, 000138.550, 143.0
Trd, 000139.300, 140
Trd, 000139.450, 143
Trd, 000140.383, 141.0
Trd, 000141.600, 143
Trd, 000141.867, 139
Trd, 000143.050, 143
Trd, 000144.183, 142
Trd, 000144.617, 140
Trd, 000145.650, 140
Trd, 000146.133, 140.0
Trd, 000146.983, 140
Trd, 000147.300, 144.0
Trd, 000148.317, 142
Trd, 000148.433, 148.0
Trd, 000148.800, 146
Trd, 000149.550, 148
Trd, 000149.917, 150
Trd, 000150.017, 147
Trd, 000150.617, 147
Trd, 000151.817, 147
Trd, 000153.900, 148
Trd, 000153.950, 148.0
Trd, 000154.367, 147
Trd, 000154.950, 148.0
Trd, 000155.283, 148
Trd, 000155.367, 147
Trd, 000157.050, 146
Trd, 000157.467, 146
Trd, 000157.933, 146
Trd, 000159.133, 145
Trd, 000159.217, 147
Trd, 000159.650, 145
Trd, 000161.183, 147
Trd, 000161.400, 146
Trd, 000162.383, 144.0
Trd, 000163.017, 143
Trd, 000163.300, 144
Trd, 000163.400, 143
Trd, 000164.917, 144.0
Trd, 000165.067, 142
Trd, 000165.717, 143
Trd, 000166.700, 144
Trd, 000167.100, 142
Trd, 000167.683, 143.0
Trd, 000168.000, 142.0
Trd, 000170.150, 141
Trd, 000170.283, 140
Trd, 000170.633, 142
Trd, 000170.767, 143
Trd, 000171.017, 142
Trd, 000172.567, 144
Trd, 000172.700, 144
Trd, 000173.000, 146
Trd, 000175.150, 149
Trd, 000175.750, 148
Trd, 000175.767, 148
Trd, 000176.317, 146
Trd, 000176.767, 147
Trd, 000176.950, 148
Trd, 000177.983, 145
Trd, 000179.367, 146
Trd, 000179.917, 144
Trd, 000180.800, 144.0
Trd, 000181.050, 145
Trd, 000181.333, 145
Trd, 000181.383, 142
Trd, 000182.283, 141.0
Trd, 000183.233, 144.0
Trd, 000184.450, 144
Trd, 000184.650, 145
Trd, 000185.533, 144
Trd, 000185.933, 144
Trd, 000186.083, 143
Trd, 000186.867, 144
Trd, 000187.733, 144
Trd, 000188.383, 143
Trd, 000189.817, 146.0
Trd, 000190.250, 146
Trd, 000191.150, 146
Trd, 000192.800, 146
Trd, 000193.150, 144
Trd, 000193.233, 146.0
Trd, 000193.367, 144.0
Trd, 000193.533, 143
Trd, 000195.067, 148.0
Trd, 000195.267, 155
Trd, 000195.317, 145
Trd, 000195.567, 145
Trd, 000196.550, 146
Trd, 000197.633, 146
Trd, 000197.833, 145
Trd, 000198.483, 145
Trd, 000199.200, 146.0
Trd, 000201.250, 147
Trd, 000201.500, 146
Trd, 000202.467, 148
Trd, 000202.733, 144.0
Trd, 000203.050, 143
Trd, 000203.250, 148.0
Trd, 000204.717, 144.0
Trd, 000205.867, 146
Trd, 000206.367, 146
Trd, 000206.417, 145
Trd, 000208.250, 144
Trd, 000208.733, 144
Trd, 000209.117, 145
Trd, 000209.133, 146
Trd, 000210.133, 144
Trd, 000210.633, 154
Trd, 000210.967, 152
Trd, 000211.183, 151
Trd, 000211.350, 153
Trd, 000211.800, 151
Trd, 000212.483, 150
Trd, 000213.617, 150
Trd, 000214.783, 151
Trd, 000214.883, 147
Trd, 000216.017, 153
Trd, 000216.617, 152
Trd, 000217.150, 147
Trd, 000218.883, 151
Trd, 000219.583, 151
Trd, 000219.733, 152
Trd, 000220.300, 148.0
Trd, 000220.667, 147
Trd, 000220.767, 144.0
Trd, 000221.333, 143
Trd, 000222.567, 144
Trd, 000223.450, 145
Trd, 000224.817, 144.0
Trd, 000224.883, 144
Trd, 000225.600, 141.0
Trd, 000226.183, 147
Trd, 000226.350, 142
Trd, 000226.467, 144
Trd, 000227.350, 144.0
Trd, 000227.900, 143
Trd, 000227.983, 142
Trd, 000228.683, 143.0
Trd, 000229.317, 143
Trd, 000229.417, 144.0
Trd, 000231.100, 144.0
Trd, 000232.450, 145
Trd, 000232.817, 147.0
Trd, 000233.317, 145
Trd, 000233.900, 148.0
Trd, 000234.783, 145
Trd, 000236.033, 144.0
Trd, 000236.050, 144
Trd, 000236.333, 143
Trd, 000237.017, 141.0
Trd, 000238.917, 143
Trd, 000239.583, 142
Trd, 000240.000, 143
Trd, 000240.367, 144
Trd, 000240.533, 144
Trd, 000240.600, 142
Trd, 000240.950, 144
Trd, 000241.150, 144.0
Trd, 000241.883, 146.0
Trd, 000242.250, 146.0
Trd, 000242.733, 147.0
Trd, 000243.700, 145
Trd, 000244.250, 145.0
Trd, 000244.417, 144.0
Trd, 000244.583, 145.0
Trd, 000244.833, 147
Trd, 000246.000, 147
Trd, 000246.317, 148.0
Trd, 000246.567, 146
Trd, 000247.350, 146
Trd, 000247.500, 148
Trd, 000247.867, 148
Trd, 000248.500, 148
Trd, 000248.917, 149
Trd, 000250.200, 152
Trd, 000250.450, 151
Trd, 000250.783, 149
Trd, 000250.900, 150
Trd, 000251.333, 149
Trd, 000251.600, 147
Trd, 000253.050, 148.0
Trd, 000253.483, 148.0
Trd, 000253.517, 147
Trd, 000253.850, 148.0
Trd, 000253.900, 147
Trd, 000254.000, 147
Trd, 000254.117, 146
Trd, 000254.667, 143
Trd, 000255.450, 143
Trd, 000255.583, 145
Trd, 000255.700, 141.0
Trd, 000255.783, 144.0
Trd, 000256.650, 147
Trd, 000257.083, 148.0
Trd, 000257.750, 150.0
Trd, 000258.133, 144
Trd, 000259.400, 144.0
Trd, 000260.200, 148
Trd, 000260.250, 144
Trd, 000260.317, 148
Trd, 000260.900, 150
Trd, 000260.983, 151
Trd, 000261.217, 149
Trd, 000261.483, 151
Trd, 000263.150, 152.0
Trd, 000263.717, 154
Trd, 000264.050, 151.0
Trd, 000264.283, 148
Trd, 000265.300, 150
Trd, 000265.950, 151
Trd, 000266.083, 150
Trd, 000266.283, 149.0
Trd, 000266.367, 150.0
Trd, 000266.417, 151.0
Trd, 000266.433, 152
Trd, 000266.483, 148.0
Trd, 000267.583, 148
Trd, 000268.733, 150
Trd, 000269.117, 148
Trd, 000269.300, 148
Trd, 000269.750, 150.0
Trd, 000269.817, 150.0
Trd, 000269.933, 145.0
Trd, 000270.517, 149.0
Trd, 000270.550, 148
Trd, 000271.250, 148
Trd, 000272.117, 150
Trd, 000272.600, 148
Trd, 000273.000, 148
Trd, 000273.317, 147
Trd, 000273.583, 146
Trd, 000274.150, 146
Trd, 000274.467, 148.0
Trd, 000274.767, 146
Trd, 000275.517, 145
Trd, 000275.550, 145
Trd, 000275.833, 146
Trd, 000275.967, 148
Trd, 000276.183, 151.0
Trd, 000276.850, 147
Trd, 000277.133, 146
Trd, 000277.733, 148
Trd, 000278.000, 148
Trd, 000278.600, 155
Trd, 000278.683, 154
Trd, 000278.950, 152
Trd, 000279.150, 149
Trd, 000279.217, 148.0
Trd, 000279.567, 147
Trd, 000280.233, 153
Trd, 000280.300, 151
Trd, 000281.417, 151.0
Trd, 000281.883, 144.0
Trd, 000283.483, 150
Trd, 000283.983, 149
Trd, 000284.017, 147
Trd, 000284.033, 151
Trd, 000284.600, 146
Trd, 000285.783, 150
Trd, 000286.200, 146
Trd, 000286.267, 145
Trd, 000286.367, 148.0
Trd, 000286.850, 146
Trd, 000286.883, 144.0
Trd, 000288.067, 149.0
Trd, 000288.217, 147
Trd, 000288.333, 147
Trd, 000288.850, 148.0
Trd, 000289.617, 148.0
Trd, 000289.867, 146
Trd, 000289.933, 148
Trd, 000290.317, 144
Trd, 000290.533, 151.0
Trd, 000292.083, 148
Trd, 000292.133, 147
Trd, 000292.217, 147
Trd, 000292.550, 148
Trd, 000292.583, 147
Trd, 000292.817, 145
Trd, 000293.200, 151
Trd, 000293.967, 147
Trd, 000294.100, 146
Trd, 000295.050, 148
Trd, 000295.417, 148
Trd, 000295.567, 146
Trd, 000296.467, 148
Trd, 000296.950, 149
Trd, 000297.133, 148
Trd, 000297.150, 147
Trd, 000298.167, 149
Trd, 000298.333, 147
Trd, 000299.550, 149
Trd, 000299.950, 148
