Trd, 000000.900, 136
Trd, 000001.717, 179.0
Trd, 000003.617, 141
Trd, 000004.533, 147.0
Trd, 000004.950, 148
Trd, 000006.050, 147.0
Trd, 000006.300, 147
Trd, 000007.417, 147
Trd, 000007.517, 146
Trd, 000007.567, 146
Trd, 000008.167, 148.0
Trd, 000008.417, 144
Trd, 000009.350, 147
Trd, 000009.550, 151.0
Trd, 000010.983, 152
Trd, 000011.350, 152
Trd, 000011.433, 151
Trd, 000012.167, 153.0
Trd, 000012.633, 154.0
Trd, 000013.683, 156.0
Trd, 000013.767, 155
Trd, 000014.400, 157
Trd, 000014.650, 155
Trd, 000015.083, 157
Trd, 000015.100, 155.0
Trd, 000015.267, 153
Trd, 000016.000, 158.0
Trd, 000016.117, 165
Trd, 000016.817, 156
Trd, 000017.483, 153
Trd, 000018.950, 155
Trd, 000019.167, 152
Trd, 000019.200, 149
Trd, 000019.400, 144
Trd, 000020.500, 146
Trd, 000020.550, 149
Trd, 000020.650, 150
Trd, 000021.133, 149
Trd, 000022.450, 147
Trd, 000022.617, 146
Trd, 000022.900, 145
Trd, 000023.333, 145
Trd, 000023.733, 143
Trd, 000023.883, 145
Trd, 000025.383, 150
Trd, 000025.483, 151.0
Trd, 000025.983, 152.0
Trd, 000026.883, 151.0
Trd, 000027.200, 152
Trd, 000027.517, 151
Trd, 000027.683, 150
Trd, 000028.033, 153
Trd, 000030.233, 152
Trd, 000030.433, 150
Trd, 000030.700, 151
Trd, 000030.917, 150
Trd, 000031.233, 147
Trd, 000032.283, 148
Trd, 000032.550, 144
Trd, 000033.817, 147
Trd, 000034.200, 148
Trd, 000034.433, 149
Trd, 000034.533, 149
Trd, 000034.783, 150
Trd, 000036.167, 150
Trd, 000036.667, 150
Trd, 000036.783, 149
Trd, 000037.600, 151.0
Trd, 000037.733, 158.0
Trd, 000038.317, 165
Trd, 000039.467, 158
Trd, 000039.900, 158
Trd, 000039.933, 155
Trd, 000040.600, 155
Trd, 000040.883, 155
Trd, 000041.967, 155.0
Trd, 000042.383, 158
Trd, 000042.700, 154
Trd, 000042.933, 155
Trd, 000043.583, 154
Trd, 000044.100, 153
Trd, 000044.567, 152
Trd, 000044.617, 155.0
Trd, 000045.000, 156
Trd, 000046.083, 153
Trd, 000046.300, 154
Trd, 000046.367, 151
Trd, 000046.483, 154
Trd, 000047.067, 155
Trd, 000048.150, 149
Trd, 000048.400, 148
Trd, 000049.267, 145
Trd, 000049.433, 149
Trd, 000049.783, 146
Trd, 000049.800, 150
Trd, 000051.033, 147
Trd, 000051.133, 147
Trd, 000051.367, 146
Trd, 000052.183, 145
Trd, 000053.117, 136
Trd, 000053.183, 142
Trd, 000054.683, 140
Trd, 000054.700, 137
Trd, 000055.033, 142
Trd, 000056.450, 142
Trd, 000057.983, 148.0
Trd, 000058.267, 147
Trd, 000058.433, 147
Trd, 000058.733, 146
Trd, 000059.317, 147
Trd, 000059.517, 151.0
Trd, 000060.567, 149
Trd, 000060.900, 149
Trd, 000061.433, 150
Trd, 000061.450, 149
Trd, 000061.633, 150
Trd, 000062.483, 147
Trd, 000063.783, 149
Trd, 000064.117, 149
Trd, 000064.167, 150
Trd, 000064.950, 151.0
Trd, 000065.867, 151
Trd, 000066.083, 151
Trd, 000066.300, 150
Trd, 000066.317, 149
Trd, 000067.333, 150
Trd, 000067.533, 151.0
Trd, 000067.550, 154
Trd, 000067.767, 153
Trd, 000067.933, 150
Trd, 000068.617, 151
Trd, 000068.800, 157
Trd, 000069.750, 157
Trd, 000069.983, 156
Trd, 000071.100, 155.0
Trd, 000071.667, 153
Trd, 000071.967, 153
Trd, 000072.150, 152
Trd, 000072.700, 151
Trd, 000073.550, 152
Trd, 000073.750, 152
Trd, 000074.783, 149
Trd, 000075.183, 151
Trd, 000075.350, 151
Trd, 000075.400, 150
Trd, 000075.533, 147
Trd, 000075.583, 152
Trd, 000075.917, 144
Trd, 000077.700, 146
Trd, 000077.717, 144
Trd, 000077.800, 155.0
Trd, 000079.250, 151.0
Trd, 000079.317, 147
Trd, 000079.933, 151
Trd, 000080.467, 151
Trd, 000081.467, 150
Trd, 000082.350, 149
Trd, 000083.017, 151
Trd, 000083.300, 152
Trd, 000083.417, 150
Trd, 000083.583, 146
Trd, 000085.083, 150
Trd, 000085.500, 149
Trd, 000086.500, 149
Trd, 000086.917, 148
Trd, 000087.283, 149
Trd, 000087.567, 148
Trd, 000087.683, 147
Trd, 000087.983, 147
Trd, 000088.200, 148
Trd, 000088.317, 146
Trd, 000089.567, 146
Trd, 000090.217, 147
Trd, 000090.667, 147
Trd, 000090.717, 145
Trd, 000093.183, 144
Trd, 000093.733, 144
Trd, 000093.850, 145
Trd, 000094.150, 144
Trd, 000094.383, 143
Trd, 000094.617, 145
Trd, 000095.133, 144
Trd, 000095.950, 145
Trd, 000096.500, 145
Trd, 000096.583, 146
Trd, 000096.917, 156
Trd, 000097.617, 145
Trd, 000097.700, 151.0
Trd, 000098.817, 146
Trd, 000099.717, 151
Trd, 000099.817, 150
Trd, 000100.083, 150
Trd, 000100.133, 154.0
Trd, 000100.600, 150
Trd, 000100.767, 149
Trd, 000102.783, 154
Trd, 000102.917, 154
Trd, 000102.950, 152
Trd, 000103.350, 151.0
Trd, 000103.767, 151
Trd, 000104.400, 153
Trd, 000104.733, 152
Trd, 000105.300, 150
Trd, 000105.717, 151
Trd, 000105.917, 150
Trd, 000106.050, 133
Trd, 000106.567, 154
Trd, 000107.600, 145
Trd, 000107.833, 145
Trd, 000108.283, 152
Trd, 000108.300, 143
Trd, 000109.383, 143
Trd, 000110.967, 143
Trd, 000111.533, 145
Trd, 000112.450, 145
Trd, 000112.467, 146
Trd, 000112.567, 146
Trd, 000112.933, 146
Trd, 000113.083, 145
Trd, 000113.633, 144
Trd, 000114.467, 143
Trd, 000114.950, 144
Trd, 000115.283, 143
Trd, 000115.333, 142
Trd, 000116.083, 140
Trd, 000116.117, 143
Trd, 000116.500, 150.0
Trd, 000117.450, 139
Trd, 000119.050, 147.0
Trd, 000119.317, 145
Trd, 000119.367, 141
Trd, 000120.483, 144
Trd, 000120.917, 145
Trd, 000121.000, 145
Trd, 000121.683, 145
Trd, 000122.733, 145
Trd, 000122.967, 146
Trd, 000123.850, 145
Trd, 000124.300, 145
Trd, 000124.433, 150.0
Trd, 000124.650, 144
Trd, 000126.083, 147
Trd, 000126.867, 150
Trd, 000126.900, 146
Trd, 000127.333, 146
Trd, 000127.700, 150
Trd, 000127.800, 151.0
Trd, 000128.517, 151
Trd, 000129.033, 165
Trd, 000129.917, 154
Trd, 000131.250, 157
Trd, 000131.567, 156
Trd, 000131.817, 156
Trd, 000132.083, 157.0
Trd, 000132.267, 156
Trd, 000132.433, 157
Trd, 000132.683, 157
Trd, 000133.750, 156
Trd, 000134.617, 156
Trd, 000134.633, 165
Trd, 000135.150, 160
Trd, 000135.783, 159
Trd, 000136.200, 157
Trd, 000136.267, 156
Trd, 000136.300, 160
Trd, 000137.367, 156.0
Trd, 000139.000, 155.0
Trd, 000139.350, 157.0
Trd, 000139.517, 155
Trd, 000139.967, 155
Trd, 000140.467, 157
Trd, 000140.650, 157.0
Trd, 000140.817, 154
Trd, 000140.933, 153
Trd, 000141.983, 155
Trd, 000142.967, 154
Trd, 000143.433, 150
Trd, 000143.633, 149
Trd, 000143.850, 151.0
Trd, 000144.417, 150
Trd, 000145.133, 150
Trd, 000145.250, 150
Trd, 000145.900, 149
Trd, 000145.950, 150
Trd, 000147.583, 151.0
Trd, 000148.083, 151
Trd, 000148.150, 151
Trd, 000148.333, 153
Trd, 000148.783, 151
Trd, 000149.033, 150
Trd, 000149.050, 151
Trd, 000149.583, 147
Trd, 000150.250, 147
Trd, 000150.383, 147
Trd, 000151.083, 145
Trd, 000151.733, 143
Trd, 000151.967, 142
Trd, 000153.600, 149
Trd, 000154.000, 152
Trd, 000154.133, 148
Trd, 000154.300, 148
Trd, 000154.983, 146
Trd, 000155.017, 127.0
Trd, 000155.433, 148.0
Trd, 000155.533, 145
Trd, 000155.733, 148.0
Trd, 000156.183, 150.0
Trd, 000158.033, 150
Trd, 000158.917, 148
Trd, 000159.083, 147
Trd, 000159.467, 145
Trd, 000159.783, 150
Trd, 000160.883, 148
Trd, 000161.083, 149.0
Trd, 000161.333, 150.0
Trd, 000161.467, 151.0
Trd, 000162.983, 153
Trd, 000163.583, 152
Trd, 000163.783, 152
Trd, 000164.300, 151
Trd, 000164.650, 150
Trd, 000164.950, 142
Trd, 000165.417, 151
Trd, 000165.933, 151.0
Trd, 000165.967, 151
Trd, 000166.200, 153
Trd, 000166.917, 150
Trd, 000168.033, 152
Trd, 000168.300, 152
Trd, 000168.833, 152
Trd, 000169.367, 153
Trd, 000169.567, 151
Trd, 000169.900, 150
Trd, 000170.633, 152
Trd, 000170.850, 152
Trd, 000171.117, 150
Trd, 000171.883, 150
Trd, 000172.083, 149
Trd, 000173.133, 148
Trd, 000174.017, 147
Trd, 000174.467, 149
Trd, 000174.783, 148
Trd, 000174.883, 151.0
Trd, 000175.667, 149
Trd, 000176.150, 148
Trd, 000176.750, 148
Trd, 000177.250, 148
Trd, 000177.400, 149
Trd, 000177.633, 148
Trd, 000177.733, 149
Trd, 000178.683, 159
Trd, 000180.483, 155
Trd, 000181.083, 155
Trd, 000181.333, 157
Trd, 000181.400, 153
Trd, 000181.667, 158
Trd, 000182.167, 153
Trd, 000182.200, 152
Trd, 000182.417, 154
Trd, 000182.767, 156
Trd, 000183.567, 157.0
Trd, 000183.800, 156
Trd, 000184.783, 158.0
Trd, 000185.917, 155
Trd, 000187.250, 154
Trd, 000187.283, 156
Trd, 000187.400, 154
Trd, 000187.800, 153
Trd, 000188.067, 151
Trd, 000188.433, 153
Trd, 000189.667, 151
Trd, 000189.683, 153
Trd, 000191.400, 154
Trd, 000191.517, 156
Trd, 000192.100, 151.0
Trd, 000192.450, 152
Trd, 000192.933, 153
Trd, 000193.000, 154
Trd, 000193.633, 154
Trd, 000194.350, 153
Trd, 000194.617, 153
Trd, 000196.117, 151
Trd, 000196.917, 153
Trd, 000197.133, 152
Trd, 000197.567, 152
Trd, 000198.100, 153
Trd, 000198.250, 150
Trd, 000198.583, 152
Trd, 000199.583, 152
Trd, 000199.917, 152
Trd, 000200.100, 151
Trd, 000200.683, 152
Trd, 000201.367, 151
Trd, 000202.967, 150
Trd, 000203.050, 151
Trd, 000203.217, 152
Trd, 000203.533, 150
Trd, 000204.033, 152
Trd, 000205.100, 152
Trd, 000205.133, 150
Trd, 000205.567, 149
Trd, 000205.900, 150
Trd, 000207.167, 150
Trd, 000207.233, 151.0
Trd, 000207.317, 150
Trd, 000207.783, 149
Trd, 000208.333, 151
Trd, 000208.667, 149
Trd, 000209.967, 151
Trd, 000210.433, 150.0
Trd, 000210.783, 149
Trd, 000211.500, 151.0
Trd, 000212.117, 148
Trd, 000212.400, 150.0
Trd, 000212.850, 150
Trd, 000213.100, 151.0
Trd, 000213.717, 150
Trd, 000214.350, 151
Trd, 000215.233, 152
Trd, 000215.483, 151
Trd, 000216.167, 150
Trd, 000216.433, 150
Trd, 000217.200, 151
Trd, 000217.767, 150
Trd, 000218.033, 152
Trd, 000218.050, 150
Trd, 000218.667, 153
Trd, 000219.150, 153
Trd, 000220.417, 149
Trd, 000221.550, 152
Trd, 000222.050, 153
Trd, 000222.683, 150
Trd, 000223.650, 149
Trd, 000224.383, 149
Trd, 000224.600, 148
Trd, 000225.033, 140
Trd, 000225.717, 148
Trd, 000225.917, 149
Trd, 000226.867, 151.0
Trd, 000227.183, 146
Trd, 000227.500, 158.0
Trd, 000228.583, 154
Trd, 000229.183, 155
Trd, 000229.900, 157
Trd, 000230.467, 157
Trd, 000230.517, 154
Trd, 000230.550, 158
Trd, 000230.617, 158.0
Trd, 000231.300, 154
Trd, 000231.600, 152
Trd, 000231.633, 141
Trd, 000232.833, 151
Trd, 000233.083, 150
Trd, 000233.317, 150
Trd, 000233.817, 156
Trd, 000234.933, 148
Trd, 000235.933, 149
Trd, 000236.700, 150
Trd, 000236.950, 150
Trd, 000237.233, 149
Trd, 000238.317, 150
Trd, 000239.000, 147
Trd, 000239.533, 149
Trd, 000240.117, 148
Trd, 000240.650, 147
Trd, 000240.767, 148
Trd, 000240.900, 146
Trd, 000241.000, 151
Trd, 000242.067, 151.0
Trd, 000242.150, 151
Trd, 000242.167, 150
Trd, 000242.350, 149
Trd, 000242.733, 152.0
Trd, 000243.233, 152
Trd, 000243.783, 150
Trd, 000243.833, 153.0
Trd, 000243.900, 149
Trd, 000244.200, 153
Trd, 000244.267, 151.0
Trd, 000245.317, 149
Trd, 000245.550, 150
Trd, 000246.400, 151
Trd, 000247.133, 158.0
Trd, 000247.683, 154
Trd, 000247.867, 153
Trd, 000248.800, 155
Trd, 000249.750, 156
Trd, 000249.783, 156.0
Trd, 000249.883, 155.0
Trd, 000250.050, 152
Trd, 000250.450, 152
Trd, 000250.617, 151
Trd, 000251.083, 152
Trd, 000252.383, 151
Trd, 000252.450, 150
Trd, 000252.583, 149
Trd, 000252.600, 152
Trd, 000253.233, 151.0
Trd, 000253.417, 149
Trd, 000254.317, 151
Trd, 000254.717, 151
Trd, 000254.800, 150
Trd, 000255.550, 151
Trd, 000255.967, 151
Trd, 000256.483, 150
Trd, 000256.967, 150
Trd, 000257.033, 151
Trd, 000257.767, 153
Trd, 000257.900, 149
Trd, 000257.967, 148
Trd, 000258.800, 150
Trd, 000258.950, 149
Trd, 000258.983, 150
Trd, 000259.183, 151
Trd, 000259.367, 158.0
Trd, 000259.883, 165
Trd, 000261.217, 150
Trd, 000261.500, 149
Trd, 000261.783, 148
Trd, 000261.833, 147
Trd, 000262.267, 149
Trd, 000262.433, 151.0
Trd, 000263.217, 151
Trd, 000263.783, 146
Trd, 000264.033, 149
Trd, 000264.400, 147
Trd, 000265.000, 145
Trd, 000265.233, 145
Trd, 000265.883, 145
Trd, 000265.917, 138
Trd, 000266.133, 146
Trd, 000266.667, 144.0
Trd, 000267.783, 142
Trd, 000268.983, 150
Trd, 000269.100, 151.0
Trd, 000269.233, 149
Trd, 000269.783, 147
Trd, 000270.250, 149
Trd, 000270.467, 148
Trd, 000270.567, 149
Trd, 000270.883, 148
Trd, 000271.000, 150
Trd, 000271.050, 165
Trd, 000271.267, 145
Trd, 000272.033, 149
Trd, 000272.667, 149
Trd, 000272.717, 150.0
Trd, 000273.183, 151.0
Trd, 000273.250, 152
Trd, 000273.650, 156.0
Trd, 000274.867, 151
Trd, 000275.167, 150
Trd, 000276.367, 150
Trd, 000276.800, 152
Trd, 000277.300, 153
Trd, 000278.100, 152
Trd, 000278.283, 154
Trd, 000278.333, 151
Trd, 000278.617, 154
Trd, 000279.450, 154
Trd, 000279.517, 153
Trd, 000279.800, 154
Trd, 000279.817, 153
Trd, 000280.417, 154.0
Trd, 000280.450, 152
Trd, 000280.850, 150
Trd, 000280.900, 155.0
Trd, 000281.150, 149
Trd, 000283.050, 155.0
Trd, 000283.417, 156.0
Trd, 000283.650, 153
Trd, 000283.867, 155
Trd, 000284.217, 153
Trd, 000284.933, 154
Trd, 000285.350, 158.0
Trd, 000285.717, 158
Trd, 000285.867, 164
Trd, 000286.700, 155
Trd, 000286.883, 154
Trd, 000287.350, 153
Trd, 000287.367, 158
Trd, 000287.550, 159
Trd, 000287.683, 150
Trd, 000287.817, 144.0
Trd, 000288.117, 151
Trd, 000289.017, 156
Trd, 000289.900, 156
Trd, 000290.417, 156
Trd, 000290.483, 157
Trd, 000290.567, 156
Trd, 000290.933, 155
Trd, 000291.567, 151
Trd, 000291.583, 152
Trd, 000291.817, 155.0
Trd, 000292.450, 151
Trd, 000293.633, 150
Trd, 000293.683, 151
Trd, 000293.750, 149
Trd, 000294.067, 152
Trd, 000294.433, 152
Trd, 000294.783, 149
Trd, 000295.017, 148
Trd, 000295.083, 148
Trd, 000295.250, 145
Trd, 000296.667, 148
Trd, 000296.817, 149
Trd, 000297.050, 151.0
Trd, 000297.183, 147
Trd, 000297.933, 147
Trd, 000299.017, 150
Trd, 000299.050, 148
Trd, 000299.467, 148
