Trd, 000002.517, 127
Trd, 000003.100, 137.0
Trd, 000004.000, 142.0
Trd, 000004.383, 134
Trd, 000004.833, 144.0
Trd, 000005.883, 140
Trd, 000006.000, 145
Trd, 000006.017, 148.0
Trd, 000007.267, 142
Trd, 000008.217, 143.0
Trd, 000008.250, 141
Trd, 000009.117, 144.0
Trd, 000009.233, 140
Trd, 000009.617, 145
Trd, 000010.217, 146
Trd, 000010.667, 148.0
Trd, 000011.683, 146
Trd, 000012.350, 146
Trd, 000013.000, 148
Trd, 000013.500, 157.0
Trd, 000014.083, 144.0
Trd, 000014.717, 144
Trd, 000015.633, 150.0
Trd, 000015.650, 145
Trd, 000016.417, 151.0
Trd, 000017.183, 145
Trd, 000018.267, 152
Trd, 000018.633, 149
Trd, 000018.900, 148
Trd, 000019.667, 148.0
Trd, 000020.167, 149
Trd, 000020.817, 150
Trd, 000023.200, 149
Trd, 000023.550, 148.0
Trd, 000024.400, 148
Trd, 000025.217, 147
Trd, 000025.250, 146
Trd, 000025.450, 146
Trd, 000025.633, 148
Trd, 000026.217, 148.0
Trd, 000027.800, 145
Trd, 000028.417, 145
Trd, 000028.883, 149.0
Trd, 000029.517, 151.0
Trd, 000030.317, 149
Trd, 000030.367, 148.0
Trd, 000030.600, 147
Trd, 000031.733, 148
Trd, 000032.050, 145
Trd, 000032.733, 144.0
Trd, 000033.583, 143
Trd, 000033.900, 143
Trd, 000034.117, 143.0
Trd, 000034.550, 144.0
Trd, 000035.050, 143
Trd, 000035.733, 144
Trd, 000035.783, 143
Trd, 000036.167, 143
Trd, 000036.733, 150
Trd, 000037.167, 149
Trd, 000037.567, 149.0
Trd, 000037.867, 148.0
Trd, 000038.083, 148
Trd, 000038.900, 148
Trd, 000039.333, 151.0
Trd, 000039.850, 155.0
Trd, 000040.350, 146
Trd, 000041.283, 158.0
Trd, 000041.350, 139
Trd, 000041.683, 138
Trd, 000042.467, 151.0
Trd, 000043.000, 165
Trd, 000043.483, 166.0
Trd, 000045.333, 151
Trd, 000045.683, 149
Trd, 000046.533, 148.0
Trd, 000046.950, 149
Trd, 000046.967, 148
Trd, 000047.733, 150
Trd, 000048.133, 148
Trd, 000049.100, 150
Trd, 000050.300, 149
Trd, 000050.450, 149
Trd, 000050.917, 150.0
Trd, 000051.250, 149
Trd, 000052.033, 157.0
Trd, 000053.133, 150.0
Trd, 000053.833, 149.0
Trd, 000054.133, 151.0
Trd, 000054.383, 149
Trd, 000055.667, 149
Trd, 000056.433, 148.0
Trd, 000056.767, 149
Trd, 000057.400, 149
Trd, 000057.617, 148.0
Trd, 000057.650, 148
Trd, 000058.100, 148
Trd, 000058.300, 144
Trd, 000058.817, 144.0
Trd, 000058.850, 148
Trd, 000061.033, 148
Trd, 000062.933, 150
Trd, 000063.167, 149
Trd, 000064.500, 163
Trd, 000064.517, 150
Trd, 000064.917, 165.0
Trd, 000065.833, 151.0
Trd, 000067.017, 154
Trd, 000067.067, 152
Trd, 000067.600, 151.0
Trd, 000067.800, 154
Trd, 000068.133, 150
Trd, 000068.150, 151.0
Trd, 000068.617, 151
Trd, 000069.083, 150
Trd, 000069.800, 149
Trd, 000070.117, 148
Trd, 000070.250, 147
Trd, 000070.533, 150
Trd, 000070.633, 148.0
Trd, 000071.400, 148
Trd, 000071.700, 158.0
Trd, 000072.200, 144.0
Trd, 000072.450, 138.0
Trd, 000073.150, 153
Trd, 000073.617, 168.0
Trd, 000074.217, 150
Trd, 000074.400, 150
Trd, 000075.333, 151.0
Trd, 000075.433, 151
Trd, 000075.617, 148
Trd, 000077.133, 152
Trd, 000077.817, 148.0
Trd, 000078.700, 149
Trd, 000078.867, 151
Trd, 000079.483, 147
Trd, 000080.333, 149
Trd, 000080.783, 148
Trd, 000081.017, 150
Trd, 000081.033, 147
Trd, 000081.050, 146
Trd, 000081.533, 144
Trd, 000082.733, 137.0
Trd, 000084.267, 149.0
Trd, 000084.283, 148.0
Trd, 000084.533, 142
Trd, 000084.583, 150.0
Trd, 000085.400, 151.0
Trd, 000086.783, 144.0
Trd, 000087.667, 145.0
Trd, 000089.417, 146
Trd, 000089.433, 147
Trd, 000089.933, 145
Trd, 000090.017, 146
Trd, 000090.350, 144
Trd, 000090.550, 143
Trd, 000090.600, 144
Trd, 000091.217, 145
Trd, 000091.800, 144
Trd, 000092.950, 145
Trd, 000093.733, 147.0
Trd, 000093.900, 148.0
Trd, 000094.433, 147
Trd, 000094.800, 148
Trd, 000094.933, 150
Trd, 000095.300, 151.0
Trd, 000095.883, 148
Trd, 000096.067, 144.0
Trd, 000096.333, 144.0
Trd, 000097.533, 154.0
Trd, 000097.633, 165
Trd, 000098.267, 146
Trd, 000099.600, 152.0
Trd, 000100.217, 152
Trd, 000100.717, 150
Trd, 000100.767, 149
Trd, 000101.317, 148.0
Trd, 000101.650, 147
Trd, 000102.867, 148
Trd, 000103.767, 147.0
Trd, 000104.183, 143
Trd, 000104.550, 144
Trd, 000104.650, 138.0
Trd, 000104.700, 145
Trd, 000105.767, 143
Trd, 000106.250, 149
Trd, 000106.617, 142
Trd, 000107.133, 150
Trd, 000107.383, 148.0
Trd, 000108.800, 148
Trd, 000109.283, 148
Trd, 000110.300, 148
Trd, 000111.183, 147
Trd, 000111.917, 147
Trd, 000112.983, 146
Trd, 000113.450, 148.0
Trd, 000113.583, 148
Trd, 000113.600, 149
Trd, 000114.317, 148
Trd, 000114.717, 151.0
Trd, 000115.633, 150
Trd, 000115.733, 151.0
Trd, 000116.283, 165.0
Trd, 000116.783, 165.0
Trd, 000117.233, 163
Trd, 000117.317, 155
Trd, 000118.350, 160
Trd, 000118.883, 160
Trd, 000120.283, 159
Trd, 000120.583, 151
Trd, 000120.783, 150
Trd, 000120.850, 158.0
Trd, 000122.233, 149.0
Trd, 000122.933, 153
Trd, 000123.900, 153
Trd, 000124.500, 150
Trd, 000125.067, 151.0
Trd, 000125.317, 149
Trd, 000125.600, 148.0
Trd, 000125.750, 151
Trd, 000125.767, 155
Trd, 000126.333, 150
Trd, 000128.150, 149
Trd, 000128.217, 149.0
Trd, 000128.450, 148.0
Trd, 000128.800, 148
Trd, 000129.567, 148
Trd, 000129.617, 147
Trd, 000131.133, 146
Trd, 000131.333, 145
Trd, 000131.750, 146
Trd, 000132.050, 145
Trd, 000133.000, 145
Trd, 000133.033, 144.0
Trd, 000133.967, 145
Trd, 000133.983, 144
Trd, 000134.133, 148.0
Trd, 000134.933, 151.0
Trd, 000136.550, 150.0
Trd, 000136.917, 149.0
Trd, 000137.517, 148
Trd, 000137.933, 148.0
Trd, 000137.967, 147
Trd, 000138.800, 148.0
Trd, 000139.483, 137.0
Trd, 000140.517, 144
Trd, 000140.817, 144
Trd, 000141.267, 146
Trd, 000141.683, 151.0
Trd, 000142.517, 146.0
Trd, 000142.683, 145
Trd, 000143.517, 144
Trd, 000143.950, 157.0
Trd, 000144.133, 158.0
Trd, 000144.833, 151
Trd, 000145.350, 149
Trd, 000145.683, 150.0
Trd, 000145.767, 150
Trd, 000146.500, 148
Trd, 000146.717, 150
Trd, 000146.900, 148.0
Trd, 000146.950, 150.0
Trd, 000147.500, 151.0
Trd, 000149.217, 149
Trd, 000149.483, 151
Trd, 000150.183, 151.0
Trd, 000150.367, 150.0
Trd, 000151.783, 151.0
Trd, 000153.083, 151.0
Trd, 000154.033, 151
Trd, 000154.167, 149
Trd, 000154.633, 148.0
Trd, 000155.000, 154.0
Trd, 000156.300, 148
Trd, 000156.683, 147
Trd, 000157.483, 148
Trd, 000157.583, 154
Trd, 000157.633, 147
Trd, 000158.900, 149
Trd, 000160.117, 149
Trd, 000160.583, 149.0
Trd, 000160.617, 148.0
Trd, 000161.233, 150
Trd, 000161.550, 147
Trd, 000162.317, 151.0
Trd, 000162.333, 158.0
Trd, 000162.500, 145
Trd, 000163.867, 148
Trd, 000164.933, 158
Trd, 000165.083, 153
Trd, 000165.883, 152
Trd, 000166.417, 151
Trd, 000167.217, 153
Trd, 000167.400, 149
Trd, 000168.600, 149
Trd, 000168.850, 148
Trd, 000169.150, 150
Trd, 000169.617, 153
Trd, 000169.683, 148.0
Trd, 000169.700, 147
Trd, 000172.017, 148
Trd, 000172.217, 150.0
Trd, 000172.333, 151.0
Trd, 000173.367, 149
Trd, 000173.767, 153
Trd, 000174.283, 152
Trd, 000174.433, 158.0
Trd, 000175.083, 150
Trd, 000175.467, 163
Trd, 000177.067, 155
Trd, 000177.217, 154
Trd, 000177.467, 155
Trd, 000178.100, 153
Trd, 000178.350, 153
Trd, 000178.533, 151
Trd, 000179.200, 150
Trd, 000179.767, 155
Trd, 000180.783, 151.0
Trd, 000181.667, 153.0
Trd, 000182.033, 152
Trd, 000182.350, 151
Trd, 000182.533, 153.0
Trd, 000182.683, 155
Trd, 000183.450, 151
Trd, 000184.683, 155
Trd, 000186.000, 156
Trd, 000186.817, 154
Trd, 000187.100, 155
Trd, 000187.617, 153
Trd, 000187.767, 152
Trd, 000189.017, 150
Trd, 000190.183, 154
Trd, 000190.667, 155
Trd, 000190.900, 149
Trd, 000191.067, 149
Trd, 000191.500, 152
Trd, 000191.683, 148
Trd, 000192.633, 149
Trd, 000193.400, 150.0
Trd, 000193.717, 149.0
Trd, 000194.283, 151.0
Trd, 000194.433, 148.0
Trd, 000196.367, 148
Trd, 000196.600, 148
Trd, 000196.700, 149
Trd, 000197.400, 147
Trd, 000197.533, 150
Trd, 000197.600, 146
Trd, 000198.883, 147
Trd, 000199.817, 146
Trd, 000200.017, 148.0
Trd, 000200.167, 144.0
Trd, 000200.267, 148.0
Trd, 000200.900, 149
Trd, 000201.550, 150
Trd, 000202.500, 150.0
Trd, 000202.833, 150
Trd, 000203.383, 151.0
Trd, 000203.483, 148
Trd, 000203.700, 158.0
Trd, 000204.350, 149
Trd, 000204.800, 153
Trd, 000204.883, 152
Trd, 000206.333, 152
Trd, 000206.750, 151
Trd, 000207.200, 152
Trd, 000207.667, 150
Trd, 000207.933, 151
Trd, 000207.983, 149
Trd, 000208.100, 153
Trd, 000208.817, 160
Trd, 000210.683, 148.0
Trd, 000211.533, 149
Trd, 000211.867, 151.0
Trd, 000213.250, 149
Trd, 000213.450, 149
Trd, 000214.467, 149
Trd, 000215.600, 149
Trd, 000215.800, 148
Trd, 000216.900, 148
Trd, 000216.983, 149
Trd, 000217.317, 150.0
Trd, 000217.417, 151.0
Trd, 000218.450, 150.0
Trd, 000218.950, 149.0
Trd, 000220.167, 159
Trd, 000220.350, 151.0
Trd, 000220.367, 160
Trd, 000221.083, 158
Trd, 000221.333, 150
Trd, 000221.350, 150
Trd, 000221.883, 152
Trd, 000223.617, 154
Trd, 000223.833, 148.0
Trd, 000224.917, 148
Trd, 000225.133, 152
Trd, 000225.467, 151
Trd, 000225.567, 148
Trd, 000226.167, 145
Trd, 000227.533, 147
Trd, 000228.267, 148
Trd, 000229.200, 145
Trd, 000229.400, 148.0
Trd, 000229.417, 149
Trd, 000229.800, 148
Trd, 000230.567, 148
Trd, 000230.717, 149
Trd, 000231.933, 147
Trd, 000232.517, 151.0
Trd, 000233.617, 145
Trd, 000234.417, 146
Trd, 000236.050, 147
Trd, 000236.117, 149
Trd, 000236.150, 147
Trd, 000237.117, 148
Trd, 000237.183, 146
Trd, 000237.433, 145
Trd, 000238.067, 147.0
Trd, 000238.833, 144
Trd, 000239.150, 145
Trd, 000239.433, 148.0
Trd, 000239.583, 146
Trd, 000240.133, 148
Trd, 000240.400, 146.0
Trd, 000241.183, 151.0
Trd, 000241.333, 150.0
Trd, 000241.367, 148.0
Trd, 000242.000, 148.0
Trd, 000242.433, 149.0
Trd, 000242.517, 149
Trd, 000242.733, 150
Trd, 000243.133, 151
Trd, 000243.783, 148
Trd, 000244.267, 150
Trd, 000244.383, 153.0
Trd, 000244.400, 165
Trd, 000244.817, 149
Trd, 000244.850, 147
Trd, 000246.583, 151.0
Trd, 000246.683, 154.0
Trd, 000247.050, 151
Trd, 000247.300, 155.0
Trd, 000247.983, 152
Trd, 000248.200, 152
Trd, 000248.350, 151.0
Trd, 000249.200, 149
Trd, 000249.883, 151.0
Trd, 000250.267, 151.0
Trd, 000250.533, 152
Trd, 000250.750, 149.0
Trd, 000250.767, 148.0
Trd, 000251.450, 146
Trd, 000251.583, 148
Trd, 000251.850, 149
Trd, 000251.883, 145
Trd, 000252.217, 149
Trd, 000252.250, 150
Trd, 000252.700, 146
Trd, 000253.933, 145
Trd, 000254.133, 148.0
Trd, 000255.417, 149
Trd, 000255.800, 148.0
Trd, 000256.267, 148
Trd, 000256.450, 148
Trd, 000256.717, 149
Trd, 000256.883, 151.0
Trd, 000257.767, 149
Trd, 000258.250, 152
Trd, 000258.983, 154.0
Trd, 000259.167, 155
Trd, 000259.417, 165
Trd, 000259.633, 154
Trd, 000261.050, 154
Trd, 000261.517, 154
Trd, 000261.750, 152
Trd, 000262.150, 151.0
Trd, 000262.450, 154
Trd, 000262.533, 156.0
Trd, 000262.767, 148.0
Trd, 000263.483, 149
Trd, 000263.667, 148
Trd, 000264.717, 148
Trd, 000264.883, 146
Trd, 000265.117, 148.0
Trd, 000265.317, 145
Trd, 000265.333, 141.0
Trd, 000265.783, 146
Trd, 000266.783, 145
Trd, 000266.850, 143
Trd, 000267.517, 147
Trd, 000267.933, 144.0
Trd, 000268.400, 147
Trd, 000269.083, 146
Trd, 000269.250, 145
Trd, 000269.533, 145
Trd, 000269.883, 149.0
Trd, 000269.983, 151.0
Trd, 000270.750, 144
Trd, 000271.550, 150.0
Trd, 000271.950, 148.0
Trd, 000272.483, 150
Trd, 000272.750, 148
Trd, 000273.000, 148.0
Trd, 000273.200, 146
Trd, 000273.350, 151.0
Trd, 000273.883, 157.0
Trd, 000274.033, 148.0
Trd, 000274.533, 148
Trd, 000274.867, 152
Trd, 000276.250, 151
Trd, 000276.283, 152
Trd, 000276.567, 153.0
Trd, 000277.050, 154.0
Trd, 000277.100, 151
Trd, 000277.167, 152
Trd, 000278.067, 158
Trd, 000278.883, 152
Trd, 000279.017, 150
Trd, 000279.467, 153
Trd, 000279.550, 150
Trd, 000279.817, 149.0
Trd, 000280.417, 152
Trd, 000280.800, 154
Trd, 000280.950, 148.0
Trd, 000281.500, 150
Trd, 000282.067, 149
Trd, 000282.283, 150.0
Trd, 000282.383, 147
Trd, 000283.400, 148.0
Trd, 000284.117, 148
Trd, 000284.717, 147
Trd, 000285.133, 148
Trd, 000285.367, 149
Trd, 000285.550, 146.0
Trd, 000285.967, 147
Trd, 000286.217, 145
Trd, 000286.383, 151.0
Trd, 000286.617, 144.0
Trd, 000287.617, 145
Trd, 000288.017, 150
Trd, 000288.350, 143
Trd, 000288.383, 141.0
Trd, 000288.417, 150
Trd, 000288.700, 158.0
Trd, 000289.700, 137.0
Trd, 000289.767, 144.0
Trd, 000290.333, 145
Trd, 000290.433, 151.0
Trd, 000290.667, 148
Trd, 000292.017, 151
Trd, 000292.867, 158
Trd, 000293.283, 159
Trd, 000293.867, 157.0
Trd, 000294.200, 155
Trd, 000294.800, 157
Trd, 000294.867, 155
Trd, 000295.050, 160
Trd, 000295.350, 155.0
Trd, 000296.467, 157
Trd, 000296.850, 159
Trd, 000297.000, 157
Trd, 000297.683, 154
Trd, 000298.017, 154
Trd, 000298.100, 153
Trd, 000298.117, 151
Trd, 000298.483, 149
Trd, 000299.300, 149
Trd, 000299.717, 149
Trd, 000299.783, 148.0
