Trd, 000002.800, 168
Trd, 000002.933, 166
Trd, 000003.983, 167.0
Trd, 000004.500, 169.0
Trd, 000005.183, 165.0
Trd, 000005.433, 167.0
Trd, 000006.717, 156
Trd, 000007.283, 162
Trd, 000007.483, 148.0
Trd, 000007.883, 157
Trd, 000008.150, 143
Trd, 000008.933, 151
Trd, 000009.667, 147
Trd, 000009.700, 148
Trd, 000009.717, 149
Trd, 000009.983, 150
Trd, 000011.083, 150
Trd, 000011.367, 149.0
Trd, 000011.383, 162
Trd, 000012.583, 154
Trd, 000012.617, 145
Trd, 000014.083, 153
Trd, 000016.017, 149
Trd, 000016.383, 150
Trd, 000017.233, 148.0
Trd, 000017.517, 148
Trd, 000017.850, 149
Trd, 000018.100, 149
Trd, 000018.117, 154
Trd, 000019.683, 150
Trd, 000020.033, 150
Trd, 000020.533, 149
Trd, 000021.400, 149
Trd, 000021.483, 149
Trd, 000022.133, 148
Trd, 000022.700, 148
Trd, 000023.267, 148
Trd, 000024.017, 147
Trd, 000024.183, 148
Trd, 000024.933, 162
Trd, 000025.217, 161
Trd, 000025.250, 155
Trd, 000025.533, 168.0
Trd, 000028.117, 152
Trd, 000028.600, 150
Trd, 000028.700, 151
Trd, 000029.083, 149.0
Trd, 000029.417, 148.0
Trd, 000030.017, 147
Trd, 000030.033, 148
Trd, 000030.983, 140
Trd, 000031.400, 146
Trd, 000031.650, 141
Trd, 000032.350, 132.0
Trd, 000033.150, 148.0
Trd, 000033.733, 136
Trd, 000033.933, 151
Trd, 000034.550, 152
Trd, 000034.883, 142
Trd, 000035.533, 143
Trd, 000036.800, 137
Trd, 000036.967, 138
Trd, 000037.283, 137
Trd, 000038.283, 139
Trd, 000038.683, 135
Trd, 000038.783, 141.0
Trd, 000039.083, 138
Trd, 000039.767, 134
Trd, 000040.217, 138
Trd, 000040.283, 138
Trd, 000041.167, 139
Trd, 000041.317, 139
Trd, 000042.217, 137
Trd, 000043.083, 136
Trd, 000043.117, 128
Trd, 000044.383, 136
Trd, 000045.067, 139
Trd, 000046.033, 140.0
Trd, 000046.433, 141.0
Trd, 000046.967, 136
Trd, 000047.000, 138
Trd, 000047.133, 139
Trd, 000048.767, 139
Trd, 000049.700, 141
Trd, 000050.850, 140
Trd, 000051.167, 140
Trd, 000051.250, 142
Trd, 000052.417, 142
Trd, 000053.267, 147
Trd, 000053.467, 148
Trd, 000054.033, 149
Trd, 000054.283, 161
Trd, 000055.467, 146
Trd, 000055.800, 146
Trd, 000057.050, 144
Trd, 000057.767, 144
Trd, 000057.800, 146
Trd, 000058.667, 141
Trd, 000059.950, 144
Trd, 000060.333, 146
Trd, 000060.717, 143
Trd, 000061.633, 142
Trd, 000061.750, 142
Trd, 000062.633, 160
Trd, 000063.317, 148.0
Trd, 000064.050, 146
Trd, 000064.067, 149
Trd, 000064.183, 145
Trd, 000064.850, 154
Trd, 000064.933, 161
Trd, 000065.700, 147
Trd, 000067.467, 148
Trd, 000067.650, 147
Trd, 000068.533, 146
Trd, 000069.200, 141
Trd, 000069.233, 140
Trd, 000069.867, 146
Trd, 000069.950, 145
Trd, 000070.383, 142
Trd, 000070.533, 143
Trd, 000070.950, 143
Trd, 000071.383, 144
Trd, 000072.333, 144
Trd, 000073.033, 144
Trd, 000074.050, 159
Trd, 000074.500, 143
Trd, 000075.583, 157
Trd, 000076.750, 150
Trd, 000077.183, 144
Trd, 000077.933, 148
Trd, 000078.517, 147
Trd, 000079.183, 145
Trd, 000079.233, 146
Trd, 000079.517, 147
Trd, 000079.900, 143
Trd, 000080.767, 145
Trd, 000081.667, 146
Trd, 000082.183, 145
Trd, 000083.167, 150.0
Trd, 000083.283, 148.0
Trd, 000083.617, 159
Trd, 000083.817, 146
Trd, 000083.867, 142
Trd, 000084.517, 152
Trd, 000085.150, 145
Trd, 000085.917, 145
Trd, 000086.700, 146
Trd, 000086.783, 143
Trd, 000087.400, 144
Trd, 000088.917, 144
Trd, 000089.317, 144
Trd, 000090.350, 144
Trd, 000090.467, 143
Trd, 000091.133, 144
Trd, 000092.050, 145
Trd, 000092.083, 145
Trd, 000092.200, 146
Trd, 000093.183, 160
Trd, 000093.300, 152
Trd, 000095.100, 157
Trd, 000095.250, 150
Trd, 000095.450, 157
Trd, 000096.717, 151
Trd, 000097.000, 151
Trd, 000097.767, 150
Trd, 000098.867, 157
Trd, 000099.233, 155
Trd, 000099.450, 149.0
Trd, 000099.667, 167
Trd, 000101.450, 153
Trd, 000101.667, 154
Trd, 000101.933, 152
Trd, 000103.233, 150
Trd, 000104.017, 151
Trd, 000104.300, 149
Trd, 000104.367, 150
Trd, 000104.517, 154
Trd, 000105.217, 150
Trd, 000105.300, 156
Trd, 000105.733, 162
Trd, 000106.200, 148.0
Trd, 000106.567, 169.0
Trd, 000106.717, 143
Trd, 000106.967, 140
Trd, 000108.950, 153
Trd, 000109.217, 147
Trd, 000109.467, 152
Trd, 000109.700, 152
Trd, 000110.200, 162
Trd, 000110.867, 158
Trd, 000113.050, 149.0
Trd, 000113.383, 149
Trd, 000114.167, 148.0
Trd, 000114.300, 149
Trd, 000114.433, 145
Trd, 000114.733, 151
Trd, 000115.217, 143
Trd, 000115.750, 152
Trd, 000115.850, 161
Trd, 000117.033, 157
Trd, 000117.750, 153
Trd, 000118.233, 150
Trd, 000118.617, 150
Trd, 000119.267, 149
Trd, 000120.000, 140
Trd, 000120.300, 138
Trd, 000120.517, 136
Trd, 000120.983, 135
Trd, 000121.450, 135
Trd, 000121.767, 134
Trd, 000122.300, 148.0
Trd, 000122.317, 138
Trd, 000122.433, 149
Trd, 000123.117, 144
Trd, 000123.767, 144
Trd, 000124.100, 150
Trd, 000125.650, 152
Trd, 000125.733, 154
Trd, 000127.000, 148
Trd, 000127.317, 148.0
Trd, 000127.617, 148
Trd, 000127.967, 148
Trd, 000128.100, 147
Trd, 000128.417, 146
Trd, 000128.750, 145
Trd, 000129.267, 143
Trd, 000129.983, 143
Trd, 000130.067, 145
Trd, 000130.867, 143
Trd, 000131.150, 144
Trd, 000131.367, 144
Trd, 000131.917, 144
Trd, 000132.017, 143
Trd, 000132.817, 144
Trd, 000133.467, 143
Trd, 000134.200, 143
Trd, 000134.717, 144
Trd, 000135.100, 144
Trd, 000135.483, 143
Trd, 000135.667, 144
Trd, 000135.917, 162
Trd, 000138.600, 148
Trd, 000138.983, 148
Trd, 000139.967, 159
Trd, 000141.150, 151
Trd, 000141.267, 153
Trd, 000141.500, 155
Trd, 000142.283, 150
Trd, 000143.833, 149
Trd, 000144.483, 150
Trd, 000144.983, 162
Trd, 000145.033, 149.0
Trd, 000145.667, 180
Trd, 000146.317, 149.0
Trd, 000147.283, 148.0
Trd, 000147.450, 148
Trd, 000148.833, 143
Trd, 000148.850, 144
Trd, 000149.100, 142
Trd, 000149.700, 143
Trd, 000150.617, 142
Trd, 000151.700, 141
Trd, 000151.717, 142
Trd, 000152.483, 147
Trd, 000152.850, 139
Trd, 000153.333, 162
Trd, 000153.667, 149
Trd, 000154.450, 144
Trd, 000155.050, 139
Trd, 000156.467, 134
Trd, 000157.217, 135
Trd, 000157.483, 137
Trd, 000158.300, 135
Trd, 000158.383, 136
Trd, 000159.050, 136
Trd, 000160.367, 136.0
Trd, 000160.750, 135
Trd, 000160.783, 136.0
Trd, 000160.850, 137.0
Trd, 000161.050, 134
Trd, 000162.383, 137
Trd, 000162.417, 139.0
Trd, 000163.050, 139
Trd, 000163.483, 139.0
Trd, 000164.200, 136
Trd, 000164.283, 140
Trd, 000166.283, 141
Trd, 000166.350, 140
Trd, 000166.517, 134
Trd, 000167.450, 138.0
Trd, 000167.767, 139.0
Trd, 000168.417, 137
Trd, 000168.550, 136
Trd, 000168.850, 137
Trd, 000169.417, 139
Trd, 000171.517, 140.0
Trd, 000172.567, 136
Trd, 000173.150, 136
Trd, 000173.300, 138
Trd, 000173.517, 137
Trd, 000173.850, 139
Trd, 000174.867, 136
Trd, 000175.450, 137
Trd, 000175.917, 139
Trd, 000176.767, 136
Trd, 000177.117, 140
Trd, 000178.217, 155
Trd, 000179.433, 158
Trd, 000180.917, 148
Trd, 000181.200, 148
Trd, 000181.300, 147
Trd, 000181.883, 147
Trd, 000182.417, 147
Trd, 000182.433, 148
Trd, 000182.850, 151
Trd, 000183.367, 146
Trd, 000183.833, 147
Trd, 000183.983, 149
Trd, 000184.850, 147
Trd, 000185.433, 146
Trd, 000185.767, 145
Trd, 000186.750, 144
Trd, 000187.283, 148
Trd, 000187.650, 147
Trd, 000189.400, 146
Trd, 000189.633, 147
Trd, 000189.700, 158
Trd, 000189.733, 162
Trd, 000190.067, 154
Trd, 000190.750, 145
Trd, 000191.050, 175.0
Trd, 000191.267, 144
Trd, 000193.117, 144
Trd, 000193.300, 145
Trd, 000193.583, 143
Trd, 000193.867, 148
Trd, 000194.633, 146
Trd, 000195.167, 145
Trd, 000195.367, 145
Trd, 000195.833, 144
Trd, 000196.533, 144
Trd, 000196.883, 141
Trd, 000197.133, 144
Trd, 000198.317, 145
Trd, 000199.483, 163
Trd, 000200.250, 144
Trd, 000200.467, 148
Trd, 000200.633, 148
Trd, 000202.150, 142
Trd, 000202.317, 143
Trd, 000202.517, 141
Trd, 000202.567, 142
Trd, 000203.050, 163
Trd, 000203.283, 150
Trd, 000203.933, 169
Trd, 000204.600, 150
Trd, 000206.200, 151
Trd, 000206.350, 151
Trd, 000206.933, 150
Trd, 000207.000, 149
Trd, 000208.500, 149.0
Trd, 000210.117, 149
Trd, 000210.133, 151
Trd, 000210.950, 148.0
Trd, 000211.183, 148
Trd, 000211.417, 147
Trd, 000211.517, 147
Trd, 000211.833, 147
Trd, 000212.433, 142
Trd, 000213.433, 141
Trd, 000213.533, 144
Trd, 000214.517, 140
Trd, 000214.900, 138
Trd, 000214.917, 140
Trd, 000215.067, 141
Trd, 000215.583, 141
Trd, 000216.200, 138
Trd, 000216.217, 142
Trd, 000216.550, 132.0
Trd, 000216.567, 161
Trd, 000218.217, 144
Trd, 000218.350, 148
Trd, 000219.450, 154
Trd, 000220.450, 147
Trd, 000220.617, 147
Trd, 000221.233, 146
Trd, 000222.067, 146
Trd, 000222.400, 145
Trd, 000222.783, 144
Trd, 000223.250, 145
Trd, 000223.767, 162
Trd, 000223.817, 159
Trd, 000224.167, 152
Trd, 000225.017, 143
Trd, 000226.600, 148.0
Trd, 000227.150, 146
Trd, 000227.583, 146
Trd, 000227.767, 145
Trd, 000228.267, 143
Trd, 000228.683, 146
Trd, 000229.050, 151
Trd, 000229.550, 148.0
Trd, 000229.767, 143
Trd, 000229.833, 149
Trd, 000232.167, 154
Trd, 000232.750, 152
Trd, 000233.017, 156
Trd, 000233.450, 160
Trd, 000234.083, 152
Trd, 000234.633, 159
Trd, 000234.783, 157
Trd, 000236.067, 156
Trd, 000236.417, 154
Trd, 000237.083, 153
Trd, 000238.583, 151
Trd, 000239.233, 150
Trd, 000239.600, 149.0
Trd, 000239.700, 148.0
Trd, 000240.433, 148
Trd, 000240.500, 148
Trd, 000240.600, 146
Trd, 000240.783, 144
Trd, 000241.150, 144
Trd, 000241.317, 145
Trd, 000241.983, 143
Trd, 000243.067, 143
Trd, 000243.250, 144
Trd, 000243.283, 145
Trd, 000244.750, 144
Trd, 000244.983, 143
Trd, 000245.200, 141
Trd, 000245.283, 142
Trd, 000245.600, 144
Trd, 000246.000, 148
Trd, 000246.817, 146.0
Trd, 000247.217, 148.0
Trd, 000247.600, 150.0
Trd, 000248.317, 148.0
Trd, 000249.167, 144
Trd, 000249.367, 149.0
Trd, 000250.033, 149.0
Trd, 000250.683, 147
Trd, 000250.733, 150
Trd, 000251.617, 148
Trd, 000252.250, 151
Trd, 000252.383, 151.0
Trd, 000253.217, 151
Trd, 000253.617, 155.0
Trd, 000254.417, 153.0
Trd, 000254.883, 158
Trd, 000256.050, 155.0
Trd, 000256.283, 156
Trd, 000256.850, 154.0
Trd, 000257.700, 153.0
Trd, 000257.967, 153
Trd, 000258.217, 153
Trd, 000258.233, 155
Trd, 000258.483, 152
Trd, 000258.983, 151
Trd, 000259.033, 152
Trd, 000259.233, 153
Trd, 000259.933, 153
Trd, 000260.550, 153
Trd, 000260.833, 155.0
Trd, 000261.133, 155
Trd, 000261.483, 151.0
Trd, 000261.933, 155
Trd, 000262.750, 154
Trd, 000263.183, 155
Trd, 000263.350, 152
Trd, 000263.700, 152
Trd, 000264.183, 150
Trd, 000264.633, 148.0
Trd, 000265.467, 148
Trd, 000266.000, 148
Trd, 000266.500, 148
Trd, 000266.717, 148
Trd, 000267.733, 149
Trd, 000268.483, 149
Trd, 000268.500, 147
Trd, 000269.333, 148.0
Trd, 000269.400, 149.0
Trd, 000269.767, 147
Trd, 000270.083, 149
Trd, 000270.117, 151.0
Trd, 000270.650, 154.0
Trd, 000270.683, 148.0
Trd, 000271.667, 150
Trd, 000272.367, 147
Trd, 000272.783, 152.0
Trd, 000273.233, 151.0
Trd, 000273.533, 155.0
Trd, 000273.750, 162
Trd, 000273.883, 152
Trd, 000274.833, 151.0
Trd, 000275.183, 149
Trd, 000275.367, 148.0
Trd, 000276.533, 148
Trd, 000276.633, 148
Trd, 000276.900, 147
Trd, 000277.100, 147
Trd, 000277.500, 143
Trd, 000277.933, 141
Trd, 000278.150, 140
Trd, 000278.183, 137.0
Trd, 000278.517, 135
Trd, 000278.650, 136
Trd, 000279.283, 140
Trd, 000279.517, 129
Trd, 000280.033, 137.0
Trd, 000280.250, 137
Trd, 000281.133, 146.0
Trd, 000281.150, 147.0
Trd, 000281.633, 144
Trd, 000282.067, 143
Trd, 000282.133, 137.0
Trd, 000282.650, 144
Trd, 000282.817, 139
Trd, 000283.317, 141.0
Trd, 000283.483, 151.0
Trd, 000284.550, 151.0
Trd, 000284.717, 151.0
Trd, 000285.283, 148.0
Trd, 000285.400, 147
Trd, 000285.817, 146
Trd, 000286.733, 143
Trd, 000287.033, 142
Trd, 000287.233, 145
Trd, 000287.450, 149
Trd, 000287.733, 149
Trd, 000288.183, 150.0
Trd, 000288.433, 137.0
Trd, 000288.650, 150.0
Trd, 000289.100, 150.0
Trd, 000289.433, 148.0
Trd, 000289.917, 149
Trd, 000290.050, 151.0
Trd, 000290.233, 150
Trd, 000292.067, 146
Trd, 000292.350, 144
Trd, 000292.967, 146
Trd, 000293.617, 145
Trd, 000294.433, 151.0
Trd, 000294.517, 143
Trd, 000295.050, 148
Trd, 000295.650, 148
Trd, 000295.833, 148
Trd, 000295.967, 155.0
Trd, 000296.667, 149.0
Trd, 000297.250, 150
Trd, 000297.400, 149
Trd, 000298.117, 148.0
Trd, 000298.567, 148
Trd, 000299.083, 149
Trd, 000299.583, 155.0
