Trd, 000002.267, 134.0
Trd, 000002.283, 126
Trd, 000002.967, 137.0
Trd, 000003.800, 175.0
Trd, 000003.817, 166
Trd, 000004.083, 165.0
Trd, 000004.233, 131.0
Trd, 000004.383, 146
Trd, 000004.983, 159
Trd, 000005.233, 171
Trd, 000005.700, 138
Trd, 000005.733, 162.0
Trd, 000006.167, 159
Trd, 000007.417, 167
Trd, 000007.867, 142
Trd, 000008.317, 149
Trd, 000008.983, 141.0
Trd, 000010.617, 146
Trd, 000011.100, 135
Trd, 000011.800, 152
Trd, 000012.200, 156
Trd, 000012.267, 162.0
Trd, 000012.283, 150
Trd, 000012.567, 151
Trd, 000012.950, 156
Trd, 000014.067, 142
Trd, 000015.500, 159.0
Trd, 000015.950, 153
Trd, 000016.250, 147
Trd, 000016.567, 155
Trd, 000017.017, 141.0
Trd, 000017.117, 135
Trd, 000017.800, 141
Trd, 000018.500, 143
Trd, 000019.600, 150
Trd, 000020.100, 151
Trd, 000020.267, 151
Trd, 000020.350, 166
Trd, 000020.500, 144.0
Trd, 000020.783, 157
Trd, 000021.900, 162.0
Trd, 000021.983, 167
Trd, 000023.317, 149
Trd, 000023.533, 143
Trd, 000024.100, 168
Trd, 000025.150, 142.0
Trd, 000025.267, 162.0
Trd, 000025.700, 167
Trd, 000026.100, 144
Trd, 000026.400, 163
Trd, 000026.600, 141.0
Trd, 000026.867, 135
Trd, 000028.017, 164
Trd, 000028.100, 165
Trd, 000028.533, 143
Trd, 000029.333, 155
Trd, 000029.983, 143
Trd, 000031.000, 161.0
Trd, 000031.233, 162.0
Trd, 000031.517, 165
Trd, 000031.967, 168
Trd, 000033.650, 147
Trd, 000033.733, 167
Trd, 000034.217, 167
Trd, 000034.767, 145
Trd, 000034.883, 157
Trd, 000035.067, 143
Trd, 000035.100, 141.0
Trd, 000035.200, 154
Trd, 000037.383, 142
Trd, 000037.767, 142
Trd, 000038.400, 153
Trd, 000038.433, 154
Trd, 000039.483, 162.0
Trd, 000040.667, 141.0
Trd, 000040.717, 138
Trd, 000040.917, 137.0
Trd, 000040.967, 136
Trd, 000042.850, 163
Trd, 000043.383, 155
Trd, 000043.600, 164
Trd, 000043.700, 162.0
Trd, 000043.917, 143
Trd, 000044.683, 145
Trd, 000045.167, 165
Trd, 000045.833, 143
Trd, 000046.067, 144
Trd, 000046.633, 153
Trd, 000047.083, 172.0
Trd, 000047.583, 173
Trd, 000047.850, 171
Trd, 000048.267, 163
Trd, 000048.467, 135
Trd, 000049.000, 143
Trd, 000049.550, 152
Trd, 000051.183, 151
Trd, 000052.450, 152
Trd, 000052.900, 153
Trd, 000053.433, 153
Trd, 000053.700, 146
Trd, 000054.183, 155
Trd, 000054.817, 162.0
Trd, 000055.083, 169
Trd, 000055.150, 175.0
Trd, 000055.533, 181
Trd, 000055.617, 143
Trd, 000056.233, 182
Trd, 000056.517, 145
Trd, 000057.183, 134.0
Trd, 000057.250, 137.0
Trd, 000057.867, 165
Trd, 000058.000, 134
Trd, 000058.417, 131.0
Trd, 000058.650, 124.0
Trd, 000059.933, 136
Trd, 000060.433, 158
Trd, 000060.917, 159
Trd, 000061.067, 162.0
Trd, 000061.133, 137
Trd, 000061.333, 152
Trd, 000063.033, 160
Trd, 000063.150, 162.0
Trd, 000063.700, 159
Trd, 000064.800, 147
Trd, 000065.233, 143
Trd, 000065.467, 159
Trd, 000066.317, 154
Trd, 000067.250, 155
Trd, 000067.300, 157
Trd, 000067.900, 141.0
Trd, 000068.367, 161.0
Trd, 000068.500, 147
Trd, 000068.717, 162.0
Trd, 000068.833, 142
Trd, 000069.133, 138
Trd, 000070.483, 144
Trd, 000071.067, 164
Trd, 000071.417, 145
Trd, 000072.083, 144
Trd, 000072.833, 164
Trd, 000072.950, 143
Trd, 000073.267, 165
Trd, 000074.150, 134.0
Trd, 000075.383, 136.0
Trd, 000075.600, 135
Trd, 000076.517, 137.0
Trd, 000076.667, 142
Trd, 000076.733, 131.0
Trd, 000076.867, 155
Trd, 000077.317, 162.0
Trd, 000077.733, 139
Trd, 000077.817, 137
Trd, 000078.917, 144
Trd, 000079.117, 137.0
Trd, 000079.650, 161
Trd, 000080.533, 152
Trd, 000081.550, 144.0
Trd, 000081.717, 165
Trd, 000081.850, 168
Trd, 000082.367, 141.0
Trd, 000082.750, 172.0
Trd, 000083.800, 142
Trd, 000084.083, 171.0
Trd, 000085.117, 145
Trd, 000085.250, 144
Trd, 000085.817, 162.0
Trd, 000085.850, 168
Trd, 000086.750, 143
Trd, 000087.050, 162
Trd, 000087.567, 144
Trd, 000087.867, 136
Trd, 000089.850, 150
Trd, 000090.500, 142
Trd, 000090.700, 149
Trd, 000091.167, 141
Trd, 000091.333, 150
Trd, 000092.400, 141.0
Trd, 000093.117, 150
Trd, 000093.133, 161.0
Trd, 000093.833, 150
Trd, 000094.133, 144
Trd, 000094.150, 140
Trd, 000095.167, 154
Trd, 000095.317, 141
Trd, 000096.450, 161.0
Trd, 000097.233, 157
Trd, 000097.383, 164
Trd, 000098.083, 150
Trd, 000098.267, 143
Trd, 000098.400, 162.0
Trd, 000098.500, 165
Trd, 000099.017, 146
Trd, 000100.733, 139
Trd, 000100.783, 164
Trd, 000101.167, 172.0
Trd, 000101.217, 169
Trd, 000101.867, 155
Trd, 000102.150, 136
Trd, 000102.867, 139
Trd, 000103.450, 139.0
Trd, 000103.683, 133.0
Trd, 000103.767, 131.0
Trd, 000103.850, 141.0
Trd, 000104.150, 124.0
Trd, 000106.000, 170
Trd, 000106.367, 172.0
Trd, 000108.267, 145
Trd, 000108.367, 141.0
Trd, 000108.617, 160
Trd, 000108.983, 161.0
Trd, 000109.017, 136
Trd, 000109.350, 162.0
Trd, 000110.317, 166
Trd, 000110.417, 159
Trd, 000111.800, 143
Trd, 000112.183, 137.0
Trd, 000114.067, 161.0
Trd, 000114.183, 162.0
Trd, 000114.283, 153
Trd, 000115.683, 141.0
Trd, 000116.267, 156
Trd, 000116.550, 141
Trd, 000116.750, 141
Trd, 000117.550, 134.0
Trd, 000118.017, 158
Trd, 000118.050, 135
Trd, 000118.667, 156
Trd, 000118.700, 167
Trd, 000118.883, 154
Trd, 000119.283, 131.0
Trd, 000119.800, 166
Trd, 000121.667, 162.0
Trd, 000122.033, 143
Trd, 000122.283, 143
Trd, 000122.500, 152
Trd, 000122.800, 153
Trd, 000123.250, 168
Trd, 000123.283, 143.0
Trd, 000123.933, 172.0
Trd, 000124.700, 148
Trd, 000125.283, 144
Trd, 000125.333, 141.0
Trd, 000125.483, 161.0
Trd, 000126.633, 162.0
Trd, 000127.017, 137.0
Trd, 000127.183, 141.0
Trd, 000127.333, 136
Trd, 000127.550, 134.0
Trd, 000128.800, 145
Trd, 000129.133, 155
Trd, 000130.167, 170
Trd, 000130.317, 171
Trd, 000131.133, 167
Trd, 000131.317, 147
Trd, 000132.350, 163
Trd, 000133.233, 145
Trd, 000133.317, 146
Trd, 000133.600, 162
Trd, 000133.867, 144.0
Trd, 000134.317, 142
Trd, 000134.333, 156
Trd, 000134.833, 141.0
Trd, 000135.417, 149
Trd, 000136.217, 155
Trd, 000138.050, 159.0
Trd, 000138.417, 147
Trd, 000138.583, 136
Trd, 000139.267, 142
Trd, 000139.300, 151
Trd, 000139.400, 159.0
Trd, 000139.483, 124.0
Trd, 000140.383, 162.0
Trd, 000140.433, 156
Trd, 000141.167, 142
Trd, 000141.517, 141
Trd, 000141.567, 140
Trd, 000142.300, 141
Trd, 000142.817, 134.0
Trd, 000143.133, 159
Trd, 000144.083, 162.0
Trd, 000144.400, 164
Trd, 000145.383, 158
Trd, 000145.617, 142
Trd, 000146.967, 141.0
Trd, 000147.267, 140
Trd, 000149.150, 139
Trd, 000149.283, 163
Trd, 000149.300, 140
Trd, 000149.583, 165
Trd, 000150.217, 162
Trd, 000151.217, 144
Trd, 000151.383, 164
Trd, 000151.433, 166
Trd, 000151.533, 134.0
Trd, 000151.900, 169
Trd, 000152.450, 163
Trd, 000152.550, 169
Trd, 000153.083, 147
Trd, 000153.350, 168
Trd, 000154.050, 141.0
Trd, 000154.067, 162.0
Trd, 000154.133, 141
Trd, 000155.500, 156
Trd, 000156.883, 154
Trd, 000157.100, 153
Trd, 000157.200, 147
Trd, 000158.233, 150
Trd, 000158.283, 150
Trd, 000158.383, 154
Trd, 000158.933, 157
Trd, 000160.683, 146
Trd, 000160.850, 144
Trd, 000161.117, 143
Trd, 000161.250, 141.0
Trd, 000162.367, 156
Trd, 000163.733, 145
Trd, 000163.750, 149
Trd, 000163.800, 150
Trd, 000164.033, 162.0
Trd, 000164.367, 146
Trd, 000164.833, 150
Trd, 000166.150, 146
Trd, 000166.517, 144
Trd, 000166.533, 146
Trd, 000167.050, 162.0
Trd, 000167.867, 143
Trd, 000169.250, 164
Trd, 000169.600, 138
Trd, 000169.883, 136
Trd, 000170.017, 134.0
Trd, 000170.450, 131.0
Trd, 000171.033, 173.0
Trd, 000171.133, 162
Trd, 000171.283, 163
Trd, 000172.367, 161
Trd, 000172.717, 147
Trd, 000172.950, 160.0
Trd, 000173.283, 145
Trd, 000173.517, 134.0
Trd, 000174.067, 139
Trd, 000175.333, 151
Trd, 000176.483, 151
Trd, 000176.633, 152
Trd, 000177.250, 153
Trd, 000177.317, 165
Trd, 000177.867, 167
Trd, 000178.017, 147
Trd, 000178.783, 131.0
Trd, 000178.883, 153
Trd, 000179.800, 137.0
Trd, 000179.983, 133
Trd, 000181.917, 145
Trd, 000182.517, 144
Trd, 000182.533, 143
Trd, 000182.983, 142
Trd, 000183.117, 162.0
Trd, 000183.317, 141.0
Trd, 000183.700, 167
Trd, 000184.100, 141
Trd, 000184.333, 149
Trd, 000185.583, 158
Trd, 000185.650, 162.0
Trd, 000186.300, 165
Trd, 000186.750, 161
Trd, 000187.000, 158
Trd, 000187.500, 146
Trd, 000187.750, 161.0
Trd, 000189.200, 139
Trd, 000189.433, 138
Trd, 000189.533, 157
Trd, 000189.700, 136
Trd, 000190.383, 137.0
Trd, 000191.167, 145
Trd, 000191.483, 162.0
Trd, 000192.750, 158
Trd, 000193.450, 163
Trd, 000193.817, 165
Trd, 000194.200, 168
Trd, 000194.950, 159
Trd, 000195.917, 166
Trd, 000196.050, 168
Trd, 000196.450, 151
Trd, 000197.117, 171.0
Trd, 000197.200, 154
Trd, 000197.333, 172.0
Trd, 000197.383, 147
Trd, 000197.983, 143
Trd, 000199.333, 162.0
Trd, 000200.133, 155
Trd, 000200.383, 168
Trd, 000200.400, 146
Trd, 000200.783, 172
Trd, 000201.017, 142
Trd, 000201.200, 142
Trd, 000203.683, 150
Trd, 000203.750, 142.0
Trd, 000204.200, 136
Trd, 000204.383, 149
Trd, 000204.517, 140
Trd, 000204.750, 151
Trd, 000205.083, 135.0
Trd, 000205.133, 162.0
Trd, 000205.617, 172.0
Trd, 000206.100, 137
Trd, 000206.200, 136
Trd, 000206.500, 174
Trd, 000206.583, 150
Trd, 000208.167, 144
Trd, 000208.383, 162.0
Trd, 000208.467, 143
Trd, 000208.750, 141
Trd, 000209.750, 161
Trd, 000210.050, 173
Trd, 000210.483, 135
Trd, 000210.967, 171
Trd, 000211.900, 136
Trd, 000212.567, 167
Trd, 000213.100, 135
Trd, 000213.200, 169
Trd, 000213.250, 172.0
Trd, 000214.050, 154
Trd, 000214.100, 142
Trd, 000215.367, 137
Trd, 000215.767, 162.0
Trd, 000216.383, 155
Trd, 000216.617, 162
Trd, 000217.000, 141
Trd, 000217.650, 170
Trd, 000217.917, 167
Trd, 000217.967, 147
Trd, 000218.400, 162
Trd, 000218.583, 168
Trd, 000218.783, 148
Trd, 000219.050, 175.0
Trd, 000219.217, 147
Trd, 000219.317, 140
Trd, 000219.767, 137
Trd, 000222.417, 161.0
Trd, 000223.217, 147
Trd, 000223.417, 159
Trd, 000224.150, 162.0
Trd, 000224.167, 145
Trd, 000225.550, 148
Trd, 000225.833, 158
Trd, 000225.933, 160
Trd, 000226.383, 162
Trd, 000226.583, 172.0
Trd, 000227.817, 148
Trd, 000228.733, 147
Trd, 000228.833, 167
Trd, 000229.217, 167
Trd, 000229.567, 168
Trd, 000229.683, 141.0
Trd, 000230.550, 155
Trd, 000231.200, 162.0
Trd, 000232.117, 143
Trd, 000232.200, 141.0
Trd, 000232.950, 167
Trd, 000234.217, 142
Trd, 000234.383, 162.0
Trd, 000234.467, 140
Trd, 000234.617, 162
Trd, 000234.867, 137.0
Trd, 000236.050, 161
Trd, 000237.333, 161
Trd, 000237.433, 140
Trd, 000238.583, 143
Trd, 000238.917, 155
Trd, 000239.983, 153
Trd, 000240.200, 154
Trd, 000240.717, 157.0
Trd, 000240.750, 155.0
Trd, 000240.983, 149.0
Trd, 000241.217, 146
Trd, 000241.633, 134.0
Trd, 000242.067, 136
Trd, 000242.650, 148.0
Trd, 000242.817, 151.0
Trd, 000243.017, 151.0
Trd, 000243.983, 150
Trd, 000244.567, 150
Trd, 000244.683, 150
Trd, 000244.967, 149
Trd, 000245.650, 146
Trd, 000245.850, 152
Trd, 000245.917, 149
Trd, 000246.050, 143
Trd, 000246.117, 152.0
Trd, 000247.300, 152
Trd, 000247.750, 148
Trd, 000248.283, 155.0
Trd, 000248.833, 159.0
Trd, 000249.183, 156
Trd, 000249.517, 161
Trd, 000249.550, 163
Trd, 000250.367, 158
Trd, 000251.100, 147
Trd, 000251.617, 154.0
Trd, 000251.933, 156.0
Trd, 000252.150, 142
Trd, 000252.600, 146
Trd, 000252.817, 141.0
Trd, 000253.033, 146
Trd, 000253.767, 148.0
Trd, 000254.117, 142
Trd, 000254.567, 162.0
Trd, 000255.217, 142
Trd, 000255.817, 146
Trd, 000256.000, 144.0
Trd, 000256.100, 146
Trd, 000256.733, 146.0
Trd, 000257.083, 143.0
Trd, 000257.367, 154.0
Trd, 000257.450, 157.0
Trd, 000257.717, 154.0
Trd, 000258.133, 145.0
Trd, 000258.200, 146.0
Trd, 000259.083, 136
Trd, 000259.317, 154
Trd, 000259.400, 157
Trd, 000260.200, 154
Trd, 000260.283, 158.0
Trd, 000260.300, 156
Trd, 000260.817, 162.0
Trd, 000261.583, 154
Trd, 000262.050, 147
Trd, 000262.433, 142
Trd, 000263.033, 146
Trd, 000263.267, 150
Trd, 000263.300, 151
Trd, 000264.300, 156
Trd, 000264.433, 141.0
Trd, 000264.800, 134.0
Trd, 000264.883, 144
Trd, 000264.917, 148
Trd, 000265.150, 151.0
Trd, 000265.783, 152
Trd, 000266.317, 166
Trd, 000266.350, 162.0
Trd, 000266.367, 161
Trd, 000266.533, 167
Trd, 000267.083, 143
Trd, 000267.517, 162.0
Trd, 000267.583, 169
Trd, 000267.650, 142
Trd, 000268.067, 169
Trd, 000268.733, 177
Trd, 000269.033, 162.0
Trd, 000269.083, 143.0
Trd, 000269.717, 163
Trd, 000270.233, 152
Trd, 000270.567, 147
Trd, 000271.067, 148.0
Trd, 000271.100, 146.0
Trd, 000271.750, 143
Trd, 000271.900, 157
Trd, 000272.117, 137
Trd, 000272.517, 136
Trd, 000272.700, 148
Trd, 000272.717, 151.0
Trd, 000273.283, 148
Trd, 000273.383, 147
Trd, 000273.450, 149
Trd, 000274.700, 162.0
Trd, 000274.850, 167
Trd, 000275.233, 163
Trd, 000275.333, 162.0
Trd, 000275.967, 158
Trd, 000276.017, 143.0
Trd, 000276.150, 141.0
Trd, 000276.650, 141
Trd, 000276.783, 154
Trd, 000279.033, 150.0
Trd, 000279.450, 150.0
Trd, 000280.600, 143
Trd, 000280.650, 142
Trd, 000281.183, 137.0
Trd, 000281.517, 138
Trd, 000282.083, 149.0
Trd, 000282.550, 150.0
Trd, 000282.717, 148
Trd, 000282.817, 149
Trd, 000282.867, 150.0
Trd, 000283.067, 151.0
Trd, 000284.183, 152.0
Trd, 000284.300, 152.0
Trd, 000284.367, 134.0
Trd, 000285.150, 152.0
Trd, 000285.483, 142.0
Trd, 000285.700, 151.0
Trd, 000285.783, 145
Trd, 000286.450, 158.0
Trd, 000286.650, 137
Trd, 000287.517, 143
Trd, 000287.683, 136
Trd, 000288.467, 148.0
Trd, 000288.483, 136.0
Trd, 000288.683, 138.0
Trd, 000289.200, 151.0
Trd, 000289.233, 165
Trd, 000289.583, 166
Trd, 000290.150, 174.0
Trd, 000290.583, 162.0
Trd, 000291.083, 170
Trd, 000291.117, 165.0
Trd, 000291.233, 170
Trd, 000291.967, 146
Trd, 000292.067, 145
Trd, 000292.200, 140
Trd, 000292.333, 137.0
Trd, 000292.467, 135
Trd, 000292.833, 158.0
Trd, 000293.367, 149
Trd, 000293.883, 162.0
Trd, 000295.267, 141.0
Trd, 000296.017, 148.0
Trd, 000296.333, 151.0
Trd, 000297.000, 151
Trd, 000297.183, 144
Trd, 000297.350, 143
Trd, 000297.667, 162.0
Trd, 000297.850, 136
Trd, 000298.083, 134.0
Trd, 000299.133, 133.0
Trd, 000299.450, 136.0
Trd, 000299.883, 136
Trd, 000299.933, 137.0
