Trd, 000001.367, 146
Trd, 000002.867, 117.0
Trd, 000002.983, 120.0
Trd, 000004.233, 128
Trd, 000005.183, 129
Trd, 000005.283, 128
Trd, 000005.450, 127
Trd, 000006.100, 131.0
Trd, 000006.317, 151.0
Trd, 000006.900, 151
Trd, 000008.550, 145
Trd, 000009.233, 149
Trd, 000009.583, 150.0
Trd, 000009.883, 151.0
Trd, 000009.950, 146
Trd, 000010.633, 145
Trd, 000010.767, 145
Trd, 000010.867, 146
Trd, 000011.350, 145
Trd, 000012.133, 147
Trd, 000012.917, 150
Trd, 000013.267, 148
Trd, 000013.450, 157
Trd, 000014.050, 155.0
Trd, 000014.967, 152
Trd, 000015.167, 151
Trd, 000015.817, 151
Trd, 000016.583, 150
Trd, 000016.667, 149
Trd, 000017.633, 149
Trd, 000018.617, 151
Trd, 000018.867, 149
Trd, 000019.317, 149
Trd, 000019.617, 150
Trd, 000019.967, 150
Trd, 000020.700, 151.0
Trd, 000021.033, 149
Trd, 000021.183, 150
Trd, 000021.933, 149
Trd, 000023.150, 149
Trd, 000023.200, 150
Trd, 000024.467, 153
Trd, 000025.167, 152.0
Trd, 000025.417, 156
Trd, 000026.167, 155
Trd, 000026.200, 157
Trd, 000027.100, 153
Trd, 000027.517, 154
Trd, 000028.200, 157
Trd, 000029.383, 156.0
Trd, 000030.083, 155.0
Trd, 000030.200, 154
Trd, 000030.533, 151.0
Trd, 000030.567, 154
Trd, 000030.967, 136
Trd, 000031.950, 151
Trd, 000032.050, 145
Trd, 000032.133, 153
Trd, 000032.417, 155.0
Trd, 000033.050, 148
Trd, 000033.500, 152
Trd, 000033.767, 152
Trd, 000033.833, 153
Trd, 000035.683, 155
Trd, 000036.017, 154
Trd, 000036.400, 156
Trd, 000036.933, 157
Trd, 000036.950, 156
Trd, 000037.750, 160
Trd, 000038.250, 160
Trd, 000038.617, 161
Trd, 000039.333, 160
Trd, 000039.933, 162
Trd, 000040.800, 162
Trd, 000041.617, 162
Trd, 000042.233, 161
Trd, 000042.500, 162
Trd, 000043.383, 161
Trd, 000043.433, 159
Trd, 000043.817, 161
Trd, 000044.600, 156.0
Trd, 000044.800, 159
Trd, 000044.933, 156
Trd, 000045.650, 160
Trd, 000045.833, 156.0
Trd, 000045.983, 161
Trd, 000047.050, 156.0
Trd, 000047.367, 156
Trd, 000047.567, 155.0
Trd, 000048.117, 156
Trd, 000048.817, 157
Trd, 000049.017, 155
Trd, 000049.917, 158
Trd, 000050.417, 159
Trd, 000051.800, 156
Trd, 000052.067, 155.0
Trd, 000052.283, 157
Trd, 000052.633, 155
Trd, 000052.933, 162
Trd, 000053.150, 165
Trd, 000054.533, 157
Trd, 000054.800, 158
Trd, 000055.733, 160
Trd, 000055.967, 160
Trd, 000056.483, 159
Trd, 000056.933, 160
Trd, 000057.633, 158
Trd, 000058.500, 158.0
Trd, 000059.017, 158
Trd, 000059.817, 157.0
Trd, 000060.350, 156.0
Trd, 000060.783, 157
Trd, 000060.867, 157
Trd, 000061.317, 158
Trd, 000061.583, 155
Trd, 000061.717, 155
Trd, 000062.700, 153.0
Trd, 000063.217, 152.0
Trd, 000064.567, 150
Trd, 000065.117, 148
Trd, 000065.367, 151
Trd, 000065.383, 152
Trd, 000066.767, 151
Trd, 000067.000, 152
Trd, 000067.083, 151
Trd, 000067.333, 151
Trd, 000067.417, 155.0
Trd, 000067.450, 151.0
Trd, 000068.250, 141.0
Trd, 000069.350, 149.0
Trd, 000069.517, 148
Trd, 000069.667, 148
Trd, 000070.067, 144
Trd, 000070.417, 150.0
Trd, 000070.550, 151.0
Trd, 000072.967, 146
Trd, 000073.300, 147
Trd, 000073.617, 145
Trd, 000073.683, 144
Trd, 000074.467, 143
Trd, 000074.700, 144
Trd, 000075.583, 146
Trd, 000075.950, 145
Trd, 000076.867, 148
Trd, 000076.900, 150.0
Trd, 000077.233, 146
Trd, 000077.417, 145
Trd, 000078.100, 145
Trd, 000079.217, 145
Trd, 000079.483, 146
Trd, 000080.883, 147
Trd, 000081.683, 155.0
Trd, 000081.833, 155
Trd, 000081.900, 159
Trd, 000082.733, 154
Trd, 000084.750, 154
Trd, 000084.967, 155
Trd, 000085.450, 154.0
Trd, 000085.733, 154
Trd, 000085.867, 153
Trd, 000086.017, 155.0
Trd, 000086.033, 168
Trd, 000086.933, 157.0
Trd, 000087.300, 158
Trd, 000087.900, 158.0
Trd, 000088.083, 156.0
Trd, 000089.267, 159
Trd, 000090.667, 158
Trd, 000090.683, 157
Trd, 000090.783, 158
Trd, 000091.750, 158.0
Trd, 000092.333, 157
Trd, 000092.450, 158
Trd, 000092.517, 157
Trd, 000092.583, 159
Trd, 000092.950, 158
Trd, 000093.483, 156
Trd, 000093.500, 151.0
Trd, 000093.567, 157
Trd, 000095.183, 156
Trd, 000095.250, 155.0
Trd, 000096.017, 153
Trd, 000096.317, 153
Trd, 000097.267, 155
Trd, 000097.933, 161
Trd, 000098.283, 154
Trd, 000098.767, 156
Trd, 000100.083, 157
Trd, 000100.650, 156
Trd, 000100.833, 157
Trd, 000101.700, 156
Trd, 000102.600, 157
Trd, 000103.117, 157
Trd, 000103.517, 157
Trd, 000104.067, 156
Trd, 000104.867, 154
Trd, 000105.133, 155
Trd, 000105.800, 154
Trd, 000106.317, 155
Trd, 000106.383, 155.0
Trd, 000106.833, 153
Trd, 000107.567, 154
Trd, 000107.933, 141.0
Trd, 000109.250, 153
Trd, 000109.883, 151
Trd, 000110.317, 152
Trd, 000110.950, 153
Trd, 000111.717, 150
Trd, 000112.350, 152
Trd, 000112.867, 149
Trd, 000113.000, 149
Trd, 000113.167, 151
Trd, 000113.583, 152
Trd, 000114.067, 150
Trd, 000114.883, 151
Trd, 000115.483, 151
Trd, 000116.067, 150
Trd, 000116.183, 153
Trd, 000116.583, 149
Trd, 000117.450, 150
Trd, 000117.567, 150.0
Trd, 000117.933, 151.0
Trd, 000118.267, 152
Trd, 000119.500, 152
Trd, 000119.717, 151
Trd, 000120.250, 152
Trd, 000120.367, 151
Trd, 000120.817, 152
Trd, 000121.233, 149
Trd, 000122.517, 153
Trd, 000123.233, 155
Trd, 000124.333, 154
Trd, 000124.467, 154
Trd, 000124.567, 155.0
Trd, 000125.133, 156
Trd, 000125.317, 171
Trd, 000125.583, 154
Trd, 000125.867, 153
Trd, 000126.733, 142.0
Trd, 000126.817, 141.0
Trd, 000127.333, 166
Trd, 000128.633, 154
Trd, 000128.783, 153
Trd, 000129.433, 157
Trd, 000130.083, 154
Trd, 000130.300, 154
Trd, 000130.850, 155
Trd, 000131.467, 155.0
Trd, 000131.550, 154
Trd, 000131.833, 155
Trd, 000131.983, 153
Trd, 000132.400, 156
Trd, 000132.517, 153
Trd, 000132.783, 162
Trd, 000135.233, 149.0
Trd, 000136.450, 150
Trd, 000136.600, 151
Trd, 000136.633, 152
Trd, 000137.167, 143.0
Trd, 000137.600, 143.0
Trd, 000139.533, 146
Trd, 000140.100, 145.0
Trd, 000140.333, 147
Trd, 000140.550, 145
Trd, 000140.850, 147
Trd, 000142.217, 147
Trd, 000142.333, 147
Trd, 000142.383, 148
Trd, 000142.650, 151.0
Trd, 000144.100, 154
Trd, 000144.450, 155.0
Trd, 000144.800, 155
Trd, 000145.117, 156
Trd, 000145.583, 155
Trd, 000145.650, 152
Trd, 000146.583, 165
Trd, 000147.117, 153
Trd, 000147.883, 160
Trd, 000148.133, 144.0
Trd, 000150.183, 153
Trd, 000150.450, 153
Trd, 000150.667, 151.0
Trd, 000150.767, 151
Trd, 000151.067, 151
Trd, 000151.517, 151
Trd, 000152.100, 152
Trd, 000152.433, 155
Trd, 000152.983, 151
Trd, 000154.033, 153.0
Trd, 000154.167, 153
Trd, 000154.433, 142.0
Trd, 000154.633, 153
Trd, 000154.950, 141.0
Trd, 000155.683, 144
Trd, 000155.750, 152
Trd, 000156.567, 154.0
Trd, 000157.450, 155.0
Trd, 000157.667, 154
Trd, 000157.950, 162
Trd, 000158.750, 157
Trd, 000159.183, 174.0
Trd, 000160.100, 159
Trd, 000160.417, 159
Trd, 000161.317, 159
Trd, 000162.183, 158
Trd, 000162.933, 156
Trd, 000163.617, 156
Trd, 000163.717, 155.0
Trd, 000164.383, 152.0
Trd, 000164.550, 154
Trd, 000165.583, 153
Trd, 000165.717, 153
Trd, 000166.450, 152
Trd, 000166.517, 155
Trd, 000167.033, 154
Trd, 000167.217, 152.0
Trd, 000167.900, 158
Trd, 000168.733, 156.0
Trd, 000168.967, 155.0
Trd, 000169.017, 143
Trd, 000169.467, 150
Trd, 000170.850, 147
Trd, 000171.367, 145
Trd, 000172.450, 145
Trd, 000172.633, 147
Trd, 000173.317, 146
Trd, 000173.750, 146
Trd, 000174.483, 146
Trd, 000174.633, 147
Trd, 000175.650, 150.0
Trd, 000175.967, 144
Trd, 000176.183, 151.0
Trd, 000176.817, 145
Trd, 000178.333, 164
Trd, 000179.050, 162
Trd, 000179.200, 162
Trd, 000179.217, 157.0
Trd, 000179.250, 157
Trd, 000179.650, 157
Trd, 000180.050, 162
Trd, 000180.417, 164
Trd, 000181.017, 155.0
Trd, 000181.350, 159
Trd, 000183.050, 154
Trd, 000184.000, 152
Trd, 000184.017, 153
Trd, 000184.217, 154
Trd, 000184.383, 155
Trd, 000184.450, 153
Trd, 000185.483, 155.0
Trd, 000186.200, 152
Trd, 000187.233, 156
Trd, 000188.150, 165
Trd, 000188.400, 157
Trd, 000188.817, 158
Trd, 000189.867, 160
Trd, 000190.267, 160
Trd, 000190.467, 159
Trd, 000190.533, 162
Trd, 000191.350, 165
Trd, 000191.567, 157
Trd, 000192.300, 156.0
Trd, 000192.367, 155.0
Trd, 000192.383, 169
Trd, 000192.417, 143
Trd, 000194.833, 154
Trd, 000195.067, 153
Trd, 000195.250, 152
Trd, 000196.483, 156
Trd, 000196.567, 153
Trd, 000196.750, 152
Trd, 000196.917, 151.0
Trd, 000197.233, 156
Trd, 000199.067, 147
Trd, 000200.033, 151
Trd, 000200.183, 152
Trd, 000200.333, 152
Trd, 000200.883, 151
Trd, 000201.017, 150
Trd, 000201.250, 155.0
Trd, 000201.550, 149
Trd, 000201.667, 149
Trd, 000202.483, 155
Trd, 000203.633, 157
Trd, 000204.067, 165
Trd, 000204.233, 157
Trd, 000205.050, 157
Trd, 000205.500, 156
Trd, 000206.167, 156
Trd, 000206.667, 160
Trd, 000207.850, 157
Trd, 000208.217, 158
Trd, 000209.117, 157
Trd, 000209.133, 157
Trd, 000209.517, 158
Trd, 000210.350, 156
Trd, 000210.583, 155.0
Trd, 000211.000, 154
Trd, 000211.767, 153.0
Trd, 000211.983, 147
Trd, 000213.100, 150
Trd, 000213.117, 141.0
Trd, 000214.100, 146
Trd, 000215.867, 148
Trd, 000215.883, 149
Trd, 000216.200, 148
Trd, 000216.433, 148
Trd, 000217.100, 146
Trd, 000217.967, 148
Trd, 000218.050, 148
Trd, 000218.067, 147
Trd, 000219.467, 146
Trd, 000220.217, 147
Trd, 000220.450, 148
Trd, 000221.283, 149
Trd, 000221.633, 149
Trd, 000221.967, 151.0
Trd, 000222.267, 149
Trd, 000223.017, 155.0
Trd, 000223.133, 149
Trd, 000224.217, 152
Trd, 000224.583, 154
Trd, 000226.200, 158
Trd, 000226.767, 154
Trd, 000227.017, 154
Trd, 000227.117, 153
Trd, 000227.483, 153.0
Trd, 000227.700, 151.0
Trd, 000227.800, 155.0
Trd, 000228.533, 157
Trd, 000230.550, 152
Trd, 000230.833, 151
Trd, 000231.317, 152
Trd, 000231.617, 152
Trd, 000231.717, 151.0
Trd, 000232.017, 151
Trd, 000232.500, 153.0
Trd, 000232.767, 154.0
Trd, 000232.917, 151
Trd, 000233.550, 150
Trd, 000234.750, 152
Trd, 000235.083, 150
Trd, 000236.033, 150
Trd, 000236.350, 151.0
Trd, 000236.517, 150
Trd, 000236.817, 150
Trd, 000238.050, 149
Trd, 000238.100, 149
Trd, 000238.417, 155.0
Trd, 000238.717, 151.0
Trd, 000239.667, 148.0
Trd, 000239.717, 149
Trd, 000239.750, 141.0
Trd, 000240.150, 141
Trd, 000241.700, 155
Trd, 000241.900, 152
Trd, 000242.133, 151
Trd, 000242.333, 151
Trd, 000243.033, 150
Trd, 000243.200, 149
Trd, 000243.317, 150.0
Trd, 000243.517, 149.0
Trd, 000243.533, 148.0
Trd, 000243.967, 149
Trd, 000244.433, 148
Trd, 000245.117, 149
Trd, 000245.217, 144.0
Trd, 000245.350, 150
Trd, 000245.517, 142.0
Trd, 000246.183, 147
Trd, 000246.967, 146
Trd, 000247.650, 143
Trd, 000247.817, 143
Trd, 000248.367, 145
Trd, 000248.917, 147.0
Trd, 000249.000, 143
Trd, 000249.783, 142
Trd, 000249.900, 143
Trd, 000251.417, 150.0
Trd, 000251.433, 149
Trd, 000251.617, 151.0
Trd, 000251.933, 165
Trd, 000251.950, 150
Trd, 000251.967, 166
Trd, 000253.450, 147
Trd, 000253.917, 146
Trd, 000254.017, 146
Trd, 000254.167, 147
Trd, 000254.367, 150
Trd, 000255.300, 150
Trd, 000256.133, 149.0
Trd, 000256.217, 150
Trd, 000257.383, 149
Trd, 000257.667, 149
Trd, 000258.150, 146
Trd, 000258.367, 147.0
Trd, 000258.517, 144.0
Trd, 000258.617, 141.0
Trd, 000258.833, 151.0
Trd, 000259.267, 150.0
Trd, 000259.317, 136
Trd, 000260.283, 139
Trd, 000260.667, 141.0
Trd, 000261.200, 144
Trd, 000261.300, 151.0
Trd, 000261.483, 147
Trd, 000261.800, 155.0
Trd, 000262.983, 152
Trd, 000263.533, 158.0
Trd, 000263.850, 154
Trd, 000264.100, 157.0
Trd, 000264.950, 154
Trd, 000265.017, 154
Trd, 000265.117, 151.0
Trd, 000265.467, 152
Trd, 000265.500, 148.0
Trd, 000265.667, 152
Trd, 000265.750, 156
Trd, 000265.850, 157
Trd, 000266.417, 155
Trd, 000267.567, 152.0
Trd, 000267.583, 151.0
Trd, 000267.867, 151
Trd, 000268.017, 151
Trd, 000268.200, 152
Trd, 000268.500, 150
Trd, 000269.000, 149
Trd, 000269.483, 148
Trd, 000269.800, 146
Trd, 000269.850, 144.0
Trd, 000270.183, 147
Trd, 000270.500, 151
Trd, 000271.150, 151
Trd, 000271.917, 149
Trd, 000272.167, 151.0
Trd, 000273.117, 150.0
Trd, 000273.633, 151
Trd, 000274.067, 150
Trd, 000274.317, 149
Trd, 000274.767, 151
Trd, 000275.100, 148
Trd, 000275.117, 147
Trd, 000275.167, 150.0
Trd, 000275.683, 144.0
Trd, 000276.150, 144
Trd, 000276.600, 142.0
Trd, 000276.683, 144.0
Trd, 000276.983, 145.0
Trd, 000277.783, 146
Trd, 000277.950, 142.0
Trd, 000277.983, 141.0
Trd, 000278.183, 138
Trd, 000278.217, 149
Trd, 000278.400, 151.0
Trd, 000279.333, 148.0
Trd, 000279.483, 151
Trd, 000279.950, 157
Trd, 000280.117, 162.0
Trd, 000280.200, 166
Trd, 000281.350, 157
Trd, 000281.450, 155
Trd, 000281.583, 159
Trd, 000282.817, 153
Trd, 000282.933, 157
Trd, 000283.083, 155.0
Trd, 000283.750, 154.0
Trd, 000283.933, 158
Trd, 000284.417, 163
Trd, 000284.767, 152
Trd, 000285.383, 160
Trd, 000286.050, 160
Trd, 000286.333, 158
Trd, 000286.583, 158.0
Trd, 000286.700, 155.0
Trd, 000286.950, 154
Trd, 000287.267, 148.0
Trd, 000287.883, 144.0
Trd, 000288.017, 160
Trd, 000288.600, 147
Trd, 000289.217, 160
Trd, 000289.900, 155.0
Trd, 000290.167, 155
Trd, 000290.283, 148.0
Trd, 000290.883, 153
Trd, 000291.383, 151
Trd, 000292.300, 146.0
Trd, 000292.367, 153
Trd, 000292.483, 146
Trd, 000292.533, 155.0
Trd, 000293.167, 144.0
Trd, 000293.200, 141.0
Trd, 000293.833, 154
Trd, 000294.267, 146
Trd, 000294.317, 156
Trd, 000294.517, 155
Trd, 000296.200, 148
Trd, 000296.400, 146
Trd, 000296.633, 148.0
Trd, 000296.917, 154
Trd, 000297.017, 141.0
Trd, 000298.133, 149.0
Trd, 000299.533, 148
Trd, 000299.733, 150
Trd, 000299.983, 151
