Trd, 000001.783, 127
Trd, 000003.850, 166
Trd, 000003.983, 168
Trd, 000004.033, 162
Trd, 000004.333, 155
Trd, 000004.967, 149
Trd, 000005.733, 157
Trd, 000005.750, 138
Trd, 000006.650, 156
Trd, 000006.783, 157
Trd, 000007.733, 148
Trd, 000007.900, 159.0
Trd, 000007.917, 148
Trd, 000008.017, 162.0
Trd, 000009.917, 160
Trd, 000010.633, 146
Trd, 000010.700, 146
Trd, 000011.883, 159
Trd, 000012.183, 150
Trd, 000012.900, 144
Trd, 000012.983, 159.0
Trd, 000013.867, 158
Trd, 000014.617, 151
Trd, 000015.467, 158
Trd, 000016.300, 150
Trd, 000016.983, 158.0
Trd, 000017.633, 155
Trd, 000017.733, 150
Trd, 000017.850, 149
Trd, 000018.217, 150
Trd, 000018.517, 131.0
Trd, 000018.733, 153.0
Trd, 000020.067, 145
Trd, 000020.217, 140
Trd, 000021.000, 141
Trd, 000021.867, 143
Trd, 000022.333, 149
Trd, 000023.200, 143
Trd, 000023.850, 155.0
Trd, 000024.183, 159
Trd, 000025.267, 158
Trd, 000026.150, 153
Trd, 000026.450, 138
Trd, 000026.550, 139
Trd, 000026.783, 156
Trd, 000027.433, 147
Trd, 000027.917, 158
Trd, 000029.600, 161.0
Trd, 000030.133, 149
Trd, 000031.333, 151
Trd, 000032.833, 149
Trd, 000033.050, 154.0
Trd, 000033.067, 155.0
Trd, 000033.150, 148
Trd, 000033.867, 158
Trd, 000034.233, 148
Trd, 000034.283, 158
Trd, 000035.167, 162.0
Trd, 000037.050, 162.0
Trd, 000037.550, 154
Trd, 000037.800, 153
Trd, 000038.317, 150
Trd, 000039.567, 151
Trd, 000039.700, 159
Trd, 000039.750, 150
Trd, 000040.350, 148
Trd, 000040.883, 158
Trd, 000041.083, 134.0
Trd, 000041.200, 159
Trd, 000041.650, 157
Trd, 000042.200, 162
Trd, 000043.317, 146
Trd, 000043.433, 145
Trd, 000043.550, 132.0
Trd, 000044.350, 142
Trd, 000046.083, 154.0
Trd, 000047.150, 146
Trd, 000047.483, 146
Trd, 000048.517, 157
Trd, 000049.133, 145
Trd, 000049.283, 158
Trd, 000049.833, 157
Trd, 000050.150, 144
Trd, 000050.400, 158
Trd, 000050.833, 131.0
Trd, 000052.067, 141
Trd, 000052.700, 142
Trd, 000053.050, 158.0
Trd, 000053.617, 158.0
Trd, 000054.033, 147
Trd, 000055.033, 147
Trd, 000055.550, 158
Trd, 000056.967, 158.0
Trd, 000057.067, 162.0
Trd, 000058.633, 156
Trd, 000058.900, 164
Trd, 000059.800, 156
Trd, 000060.350, 156
Trd, 000061.217, 155
Trd, 000061.350, 154
Trd, 000061.817, 150
Trd, 000062.233, 143
Trd, 000062.267, 155
Trd, 000062.700, 155.0
Trd, 000062.717, 134.0
Trd, 000063.867, 149
Trd, 000064.350, 149
Trd, 000064.483, 158
Trd, 000065.617, 150
Trd, 000066.717, 152
Trd, 000067.033, 151
Trd, 000067.417, 152
Trd, 000067.650, 158
Trd, 000068.433, 150
Trd, 000069.633, 168
Trd, 000070.367, 151
Trd, 000070.833, 150
Trd, 000070.900, 158
Trd, 000070.967, 150
Trd, 000071.433, 162.0
Trd, 000071.567, 151
Trd, 000071.783, 144
Trd, 000071.983, 134.0
Trd, 000072.450, 160
Trd, 000072.933, 172.0
Trd, 000074.150, 162
Trd, 000075.283, 162
Trd, 000076.133, 163
Trd, 000076.583, 161
Trd, 000077.067, 159
Trd, 000077.233, 159
Trd, 000078.117, 160
Trd, 000078.583, 160
Trd, 000078.600, 158.0
Trd, 000079.000, 162
Trd, 000079.800, 158
Trd, 000080.467, 158.0
Trd, 000080.633, 156
Trd, 000080.750, 159.0
Trd, 000081.167, 158.0
Trd, 000081.817, 160
Trd, 000082.183, 157
Trd, 000082.550, 160.0
Trd, 000083.550, 156
Trd, 000084.117, 156
Trd, 000085.133, 154
Trd, 000085.900, 153
Trd, 000086.433, 150
Trd, 000086.467, 154
Trd, 000086.667, 155
Trd, 000088.233, 150
Trd, 000089.183, 154
Trd, 000089.650, 158.0
Trd, 000090.000, 159
Trd, 000090.117, 150
Trd, 000091.933, 157
Trd, 000092.000, 155
Trd, 000092.950, 153
Trd, 000093.033, 154
Trd, 000093.283, 134.0
Trd, 000093.850, 150
Trd, 000093.883, 155
Trd, 000096.050, 150
Trd, 000096.150, 148
Trd, 000096.533, 151
Trd, 000097.900, 148
Trd, 000098.250, 150
Trd, 000098.283, 148
Trd, 000098.400, 147
Trd, 000099.667, 151.0
Trd, 000100.200, 131.0
Trd, 000100.900, 131.0
Trd, 000101.300, 148.0
Trd, 000102.100, 155.0
Trd, 000102.150, 158
Trd, 000102.367, 135
Trd, 000102.400, 125.0
Trd, 000103.467, 129
Trd, 000103.617, 131.0
Trd, 000105.350, 158.0
Trd, 000106.583, 157
Trd, 000106.817, 155.0
Trd, 000107.683, 150
Trd, 000107.850, 148
Trd, 000108.633, 148
Trd, 000109.100, 160.0
Trd, 000110.700, 160.0
Trd, 000112.100, 147
Trd, 000112.433, 162.0
Trd, 000112.450, 147
Trd, 000113.367, 146
Trd, 000113.700, 157
Trd, 000114.200, 156
Trd, 000114.433, 157
Trd, 000115.717, 155
Trd, 000115.767, 161.0
Trd, 000115.967, 154
Trd, 000116.400, 158.0
Trd, 000117.733, 157
Trd, 000118.600, 156
Trd, 000119.033, 158
Trd, 000119.483, 158.0
Trd, 000119.650, 154
Trd, 000119.767, 160.0
Trd, 000121.867, 154
Trd, 000122.300, 155
Trd, 000123.333, 153
Trd, 000124.167, 153
Trd, 000124.567, 157
Trd, 000125.217, 155
Trd, 000125.483, 158
Trd, 000126.283, 153
Trd, 000126.383, 158.0
Trd, 000126.750, 155
Trd, 000128.250, 161.0
Trd, 000129.133, 162.0
Trd, 000129.483, 166
Trd, 000129.650, 158
Trd, 000130.467, 168
Trd, 000130.500, 159
Trd, 000130.833, 158.0
Trd, 000131.683, 157
Trd, 000131.933, 150
Trd, 000132.317, 153
Trd, 000133.033, 135
Trd, 000134.117, 159
Trd, 000135.233, 158.0
Trd, 000135.700, 157
Trd, 000136.117, 152
Trd, 000136.867, 154
Trd, 000137.100, 155
Trd, 000138.717, 153.0
Trd, 000138.767, 152
Trd, 000139.400, 155.0
Trd, 000140.200, 158
Trd, 000140.650, 167
Trd, 000140.683, 151
Trd, 000141.567, 150
Trd, 000142.317, 151
Trd, 000143.550, 154.0
Trd, 000144.433, 150
Trd, 000144.483, 149
Trd, 000144.733, 157
Trd, 000145.067, 157
Trd, 000145.267, 162.0
Trd, 000145.433, 168
Trd, 000145.733, 159
Trd, 000145.950, 159
Trd, 000146.133, 159
Trd, 000146.650, 156
Trd, 000147.550, 160
Trd, 000147.983, 149
Trd, 000148.250, 134.0
Trd, 000148.617, 140
Trd, 000148.850, 131.0
Trd, 000149.300, 124.0
Trd, 000150.350, 131.0
Trd, 000150.700, 160.0
Trd, 000151.150, 143
Trd, 000152.617, 158.0
Trd, 000152.933, 154
Trd, 000153.267, 147
Trd, 000153.917, 153
Trd, 000154.467, 149
Trd, 000154.517, 159
Trd, 000154.867, 134.0
Trd, 000156.483, 162.0
Trd, 000157.500, 149
Trd, 000158.083, 160.0
Trd, 000158.183, 150
Trd, 000158.983, 148
Trd, 000159.083, 146
Trd, 000159.567, 145
Trd, 000159.833, 144
Trd, 000161.017, 155.0
Trd, 000162.717, 149
Trd, 000163.200, 147
Trd, 000163.433, 153.0
Trd, 000163.617, 154
Trd, 000163.667, 155.0
Trd, 000164.483, 148
Trd, 000164.600, 148
Trd, 000166.250, 154
Trd, 000166.533, 158
Trd, 000166.800, 150
Trd, 000168.300, 164
Trd, 000168.533, 161
Trd, 000169.167, 161
Trd, 000170.250, 161.0
Trd, 000170.283, 149
Trd, 000170.933, 152
Trd, 000171.267, 155
Trd, 000171.417, 132.0
Trd, 000172.833, 158.0
Trd, 000173.333, 160
Trd, 000173.850, 162.0
Trd, 000174.517, 172
Trd, 000175.650, 165
Trd, 000175.917, 158.0
Trd, 000177.633, 161
Trd, 000178.467, 160
Trd, 000178.583, 159
Trd, 000179.850, 158
Trd, 000180.050, 157
Trd, 000180.133, 162
Trd, 000180.567, 158.0
Trd, 000181.267, 153
Trd, 000181.683, 134.0
Trd, 000183.200, 153
Trd, 000183.783, 148
Trd, 000184.100, 148
Trd, 000184.450, 147
Trd, 000184.883, 145
Trd, 000185.200, 146
Trd, 000185.917, 134.0
Trd, 000186.200, 145
Trd, 000188.050, 131.0
Trd, 000188.200, 153.0
Trd, 000190.883, 154.0
Trd, 000190.933, 138
Trd, 000190.967, 157
Trd, 000191.583, 141
Trd, 000192.017, 158
Trd, 000193.367, 145
Trd, 000194.067, 158
Trd, 000194.233, 146
Trd, 000195.050, 153
Trd, 000195.333, 158
Trd, 000195.517, 157
Trd, 000197.667, 158.0
Trd, 000197.917, 157
Trd, 000198.217, 150
Trd, 000198.233, 134.0
Trd, 000198.550, 145
Trd, 000198.650, 158.0
Trd, 000198.767, 132
Trd, 000199.117, 162.0
Trd, 000199.550, 180
Trd, 000200.367, 160
Trd, 000201.117, 155
Trd, 000201.200, 156
Trd, 000201.933, 149
Trd, 000202.500, 147
Trd, 000202.550, 157
Trd, 000203.700, 146
Trd, 000203.967, 156
Trd, 000204.850, 157
Trd, 000206.083, 157
Trd, 000206.250, 162.0
Trd, 000206.600, 148
Trd, 000206.717, 158
Trd, 000207.833, 160
Trd, 000208.517, 161
Trd, 000208.767, 157
Trd, 000208.783, 156
Trd, 000209.783, 158.0
Trd, 000209.967, 160.0
Trd, 000210.833, 150
Trd, 000211.267, 159
Trd, 000211.400, 160
Trd, 000212.100, 155
Trd, 000213.600, 158.0
Trd, 000214.317, 155
Trd, 000214.917, 154
Trd, 000215.150, 158
Trd, 000216.867, 153
Trd, 000218.000, 152
Trd, 000218.017, 155
Trd, 000218.350, 155
Trd, 000218.917, 157
Trd, 000219.350, 158
Trd, 000219.617, 168
Trd, 000219.900, 150
Trd, 000221.133, 149
Trd, 000222.500, 149
Trd, 000223.533, 155.0
Trd, 000224.283, 149
Trd, 000224.333, 148
Trd, 000224.450, 154.0
Trd, 000225.750, 148
Trd, 000226.250, 151.0
Trd, 000226.683, 149
Trd, 000227.133, 148
Trd, 000230.017, 149
Trd, 000230.050, 154.0
Trd, 000230.117, 155.0
Trd, 000230.917, 159
Trd, 000231.233, 157
Trd, 000232.050, 158
Trd, 000232.433, 161.0
Trd, 000233.383, 154
Trd, 000233.633, 154
Trd, 000234.233, 158.0
Trd, 000234.700, 152
Trd, 000234.933, 159.0
Trd, 000235.183, 153
Trd, 000235.233, 150
Trd, 000237.400, 150
Trd, 000237.450, 155
Trd, 000237.567, 149
Trd, 000237.900, 156
Trd, 000238.533, 147
Trd, 000238.783, 157
Trd, 000240.000, 151
Trd, 000240.750, 151
Trd, 000241.567, 150
Trd, 000241.617, 149
Trd, 000242.200, 151
Trd, 000242.900, 157
Trd, 000243.800, 148.0
Trd, 000243.867, 155
Trd, 000244.467, 150
Trd, 000244.600, 157
Trd, 000245.150, 155
Trd, 000245.633, 155
Trd, 000245.650, 149
Trd, 000246.050, 160
Trd, 000246.250, 162.0
Trd, 000247.900, 151
Trd, 000249.083, 158
Trd, 000249.383, 152
Trd, 000250.283, 156
Trd, 000250.467, 157
Trd, 000251.183, 155.0
Trd, 000251.300, 158
Trd, 000251.683, 152
Trd, 000252.117, 151
Trd, 000252.450, 157.0
Trd, 000252.633, 150
Trd, 000254.150, 154
Trd, 000254.383, 154
Trd, 000254.483, 151
Trd, 000254.517, 150
Trd, 000255.300, 154.0
Trd, 000255.917, 148.0
Trd, 000256.400, 147
Trd, 000256.533, 147
Trd, 000256.700, 155.0
Trd, 000257.833, 155.0
Trd, 000258.367, 158.0
Trd, 000258.583, 160
Trd, 000258.650, 157.0
Trd, 000258.733, 161.0
Trd, 000259.250, 165.0
Trd, 000259.850, 154
Trd, 000260.050, 152
Trd, 000260.350, 160.0
Trd, 000260.817, 162.0
Trd, 000260.967, 155.0
Trd, 000261.050, 152
Trd, 000262.650, 155.0
Trd, 000263.083, 155
Trd, 000263.383, 159
Trd, 000263.450, 159
Trd, 000263.917, 149
Trd, 000263.983, 148.0
Trd, 000264.650, 156.0
Trd, 000265.183, 153
Trd, 000265.267, 157.0
Trd, 000265.750, 157.0
Trd, 000266.050, 149
Trd, 000266.067, 158
Trd, 000267.600, 154
Trd, 000268.200, 152
Trd, 000268.567, 151
Trd, 000268.867, 151.0
Trd, 000268.933, 156.0
Trd, 000269.700, 144.0
Trd, 000269.767, 140
Trd, 000270.200, 155.0
Trd, 000270.983, 157.0
Trd, 000271.200, 158
Trd, 000271.733, 147
Trd, 000273.017, 149
Trd, 000273.133, 148.0
Trd, 000273.583, 152
Trd, 000273.817, 155.0
Trd, 000273.900, 156.0
Trd, 000274.067, 154
Trd, 000275.100, 159.0
Trd, 000275.233, 158.0
Trd, 000276.417, 157
Trd, 000277.383, 158
Trd, 000278.083, 156
Trd, 000279.150, 155
Trd, 000279.383, 158
Trd, 000279.417, 150
Trd, 000280.400, 157
Trd, 000280.567, 153
Trd, 000280.950, 158
Trd, 000281.217, 151
Trd, 000281.317, 150
Trd, 000281.850, 155.0
Trd, 000281.867, 149
Trd, 000282.700, 149
Trd, 000282.817, 151.0
Trd, 000283.950, 156.0
Trd, 000284.033, 150
Trd, 000284.367, 150
Trd, 000284.400, 157.0
Trd, 000285.100, 158
Trd, 000285.317, 149
Trd, 000285.650, 144.0
Trd, 000286.167, 148.0
Trd, 000286.633, 158.0
Trd, 000287.083, 151
Trd, 000287.367, 158.0
Trd, 000288.417, 151
Trd, 000288.433, 158.0
Trd, 000288.800, 158
Trd, 000289.133, 150
Trd, 000290.000, 158.0
Trd, 000290.450, 157
Trd, 000290.483, 155.0
Trd, 000290.750, 152
Trd, 000291.717, 157.0
Trd, 000292.183, 150
Trd, 000292.300, 159.0
Trd, 000292.350, 148.0
Trd, 000293.033, 161.0
Trd, 000293.217, 159
Trd, 000293.333, 162.0
Trd, 000294.983, 153
Trd, 000295.000, 165
Trd, 000295.150, 152
Trd, 000295.617, 151.0
Trd, 000296.517, 159
Trd, 000297.317, 150
Trd, 000297.767, 155.0
Trd, 000298.083, 151.0
Trd, 000298.283, 159
Trd, 000298.800, 157
Trd, 000299.100, 151
Trd, 000299.433, 150
