Trd, 000001.600, 120.0
Trd, 000003.167, 157
Trd, 000003.383, 155.0
Trd, 000003.900, 155
Trd, 000005.183, 150
Trd, 000005.700, 150
Trd, 000005.767, 151
Trd, 000006.267, 148
Trd, 000006.633, 144
Trd, 000007.183, 152.0
Trd, 000007.917, 151
Trd, 000008.933, 153
Trd, 000009.750, 153.0
Trd, 000009.967, 152
Trd, 000010.133, 154.0
Trd, 000010.267, 153
Trd, 000010.383, 153
Trd, 000011.233, 145
Trd, 000013.567, 153.0
Trd, 000013.667, 152
Trd, 000013.683, 150
Trd, 000014.900, 149
Trd, 000015.283, 149
Trd, 000015.767, 150
Trd, 000015.967, 148
Trd, 000017.633, 149
Trd, 000017.967, 149
Trd, 000019.050, 148
Trd, 000019.267, 150
Trd, 000019.867, 149
Trd, 000019.967, 150
Trd, 000020.400, 151
Trd, 000020.433, 148
Trd, 000020.450, 147
Trd, 000021.150, 155
Trd, 000021.250, 154
Trd, 000023.267, 152
Trd, 000023.400, 144.0
Trd, 000023.817, 141.0
Trd, 000023.950, 150.0
Trd, 000024.000, 152.0
Trd, 000025.167, 150
Trd, 000025.667, 149
Trd, 000027.583, 151
Trd, 000027.767, 155.0
Trd, 000027.983, 150
Trd, 000028.383, 152
Trd, 000029.900, 155
Trd, 000029.967, 153
Trd, 000030.117, 154
Trd, 000030.483, 151
Trd, 000031.317, 153
Trd, 000031.417, 154
Trd, 000031.500, 151
Trd, 000031.717, 155.0
Trd, 000032.833, 158
Trd, 000034.100, 152
Trd, 000035.017, 158.0
Trd, 000035.283, 155.0
Trd, 000036.000, 152
Trd, 000037.683, 153.0
Trd, 000038.717, 155.0
Trd, 000038.900, 155
Trd, 000038.950, 153
Trd, 000039.017, 144.0
Trd, 000039.283, 156
Trd, 000040.117, 158
Trd, 000041.033, 151
Trd, 000041.967, 152
Trd, 000042.500, 154
Trd, 000042.533, 151
Trd, 000042.850, 145
Trd, 000043.217, 149
Trd, 000044.233, 143.0
Trd, 000044.700, 150.0
Trd, 000045.450, 150.0
Trd, 000045.983, 149
Trd, 000047.367, 149
Trd, 000048.783, 149
Trd, 000049.700, 150
Trd, 000049.800, 156
Trd, 000049.850, 150
Trd, 000050.550, 151
Trd, 000050.950, 152
Trd, 000051.550, 154
Trd, 000051.617, 154
Trd, 000051.833, 151
Trd, 000052.333, 151
Trd, 000052.417, 150
Trd, 000052.767, 147
Trd, 000054.100, 149
Trd, 000054.550, 148
Trd, 000055.250, 149
Trd, 000055.533, 149
Trd, 000056.483, 147
Trd, 000056.900, 146
Trd, 000057.567, 145
Trd, 000057.983, 146
Trd, 000058.150, 145
Trd, 000058.750, 144
Trd, 000059.300, 144
Trd, 000060.150, 149
Trd, 000061.150, 147
Trd, 000062.383, 148
Trd, 000062.800, 147
Trd, 000062.850, 143
Trd, 000063.117, 142.0
Trd, 000064.400, 145
Trd, 000065.350, 144
Trd, 000065.450, 145
Trd, 000066.183, 143
Trd, 000066.667, 144
Trd, 000067.167, 144
Trd, 000067.367, 144
Trd, 000067.767, 145
Trd, 000068.433, 144
Trd, 000070.383, 148
Trd, 000070.567, 146
Trd, 000071.700, 145
Trd, 000072.150, 147
Trd, 000072.950, 146
Trd, 000073.300, 150.0
Trd, 000073.367, 155.0
Trd, 000074.700, 145
Trd, 000074.833, 144
Trd, 000076.467, 146
Trd, 000076.917, 147
Trd, 000077.100, 146
Trd, 000077.550, 147
Trd, 000078.400, 147
Trd, 000079.067, 145
Trd, 000079.550, 145
Trd, 000080.467, 145
Trd, 000080.900, 145.0
Trd, 000081.200, 145
Trd, 000082.017, 145.0
Trd, 000082.183, 144.0
Trd, 000082.783, 144
Trd, 000083.350, 145
Trd, 000084.183, 146
Trd, 000085.333, 146
Trd, 000085.650, 147
Trd, 000085.833, 155.0
Trd, 000086.033, 144
Trd, 000086.050, 144
Trd, 000086.933, 156
Trd, 000086.983, 144
Trd, 000088.317, 154.0
Trd, 000088.400, 153
Trd, 000088.833, 152
Trd, 000089.650, 154
Trd, 000090.050, 154.0
Trd, 000091.183, 155.0
Trd, 000091.733, 151
Trd, 000092.633, 155
Trd, 000092.783, 151
Trd, 000093.250, 158.0
Trd, 000093.800, 151
Trd, 000093.883, 152
Trd, 000095.617, 153
Trd, 000096.633, 151
Trd, 000096.683, 150
Trd, 000096.983, 149
Trd, 000099.500, 150
Trd, 000099.967, 148
Trd, 000100.200, 151
Trd, 000100.550, 152
Trd, 000100.700, 151
Trd, 000100.717, 147
Trd, 000101.183, 162
Trd, 000101.950, 150
Trd, 000102.550, 155.0
Trd, 000103.467, 150
Trd, 000103.583, 148
Trd, 000103.883, 148
Trd, 000105.133, 147
Trd, 000105.933, 151
Trd, 000106.217, 153
Trd, 000106.583, 155
Trd, 000107.183, 148
Trd, 000107.400, 158.0
Trd, 000107.633, 157
Trd, 000109.133, 155
Trd, 000109.217, 154
Trd, 000109.517, 153
Trd, 000109.600, 150
Trd, 000110.283, 146
Trd, 000110.833, 155.0
Trd, 000111.417, 150
Trd, 000111.633, 144.0
Trd, 000112.367, 155
Trd, 000112.983, 149
Trd, 000113.950, 149
Trd, 000114.217, 148
Trd, 000114.833, 146
Trd, 000115.517, 145
Trd, 000116.117, 146
Trd, 000116.717, 145
Trd, 000116.917, 146
Trd, 000118.883, 143.0
Trd, 000118.950, 141.0
Trd, 000119.083, 144
Trd, 000119.700, 126
Trd, 000121.167, 140
Trd, 000121.633, 143
Trd, 000121.750, 139
Trd, 000123.067, 139
Trd, 000123.100, 138
Trd, 000123.217, 138
Trd, 000123.533, 140.0
Trd, 000125.050, 137
Trd, 000125.100, 138
Trd, 000125.450, 138
Trd, 000126.200, 141.0
Trd, 000126.683, 141
Trd, 000126.867, 144
Trd, 000128.933, 162
Trd, 000129.000, 143
Trd, 000130.417, 148
Trd, 000131.083, 149
Trd, 000131.217, 149
Trd, 000131.283, 148
Trd, 000131.750, 147
Trd, 000133.150, 147
Trd, 000133.300, 148
Trd, 000133.700, 147
Trd, 000133.733, 149
Trd, 000133.750, 146
Trd, 000133.800, 156
Trd, 000136.333, 146
Trd, 000137.250, 146
Trd, 000137.917, 149
Trd, 000137.933, 148
Trd, 000138.033, 144.0
Trd, 000138.300, 148
Trd, 000138.783, 145
Trd, 000139.067, 145
Trd, 000139.867, 145
Trd, 000140.017, 144
Trd, 000142.100, 144.0
Trd, 000142.167, 141.0
Trd, 000142.450, 145
Trd, 000142.883, 144
Trd, 000143.600, 143
Trd, 000144.267, 143
Trd, 000144.400, 143
Trd, 000144.750, 144
Trd, 000145.250, 145
Trd, 000146.467, 144
Trd, 000146.883, 147
Trd, 000148.133, 149.0
Trd, 000149.267, 151
Trd, 000149.550, 151
Trd, 000150.050, 151
Trd, 000150.283, 155.0
Trd, 000150.783, 151
Trd, 000151.000, 150
Trd, 000152.450, 151
Trd, 000152.533, 150
Trd, 000152.783, 149
Trd, 000154.283, 146
Trd, 000154.517, 147
Trd, 000154.617, 145.0
Trd, 000155.133, 147
Trd, 000156.033, 142.0
Trd, 000156.567, 141.0
Trd, 000157.967, 148
Trd, 000157.983, 145.0
Trd, 000158.683, 149
Trd, 000160.500, 153.0
Trd, 000160.917, 155.0
Trd, 000160.950, 148
Trd, 000161.700, 149
Trd, 000163.200, 150
Trd, 000163.383, 149
Trd, 000165.383, 150
Trd, 000165.700, 149
Trd, 000167.050, 151
Trd, 000167.833, 151
Trd, 000167.933, 150
Trd, 000168.617, 154
Trd, 000169.283, 151
Trd, 000169.667, 148
Trd, 000170.467, 149
Trd, 000170.783, 148
Trd, 000171.167, 146
Trd, 000171.383, 149
Trd, 000172.533, 149
Trd, 000173.050, 149.0
Trd, 000173.083, 146
Trd, 000173.650, 145
Trd, 000173.750, 150
Trd, 000174.417, 144
Trd, 000175.317, 146
Trd, 000176.750, 146
Trd, 000177.983, 148
Trd, 000178.317, 146
Trd, 000179.217, 148
Trd, 000179.700, 146
Trd, 000180.633, 146
Trd, 000181.083, 146
Trd, 000182.233, 146
Trd, 000182.550, 147
Trd, 000183.083, 145
Trd, 000183.217, 148
Trd, 000183.533, 145
Trd, 000184.967, 145
Trd, 000185.267, 146
Trd, 000185.367, 144
Trd, 000185.567, 155.0
Trd, 000187.133, 144.0
Trd, 000188.017, 144
Trd, 000188.083, 144
Trd, 000188.283, 143
Trd, 000188.600, 143
Trd, 000188.867, 142
Trd, 000189.933, 145
Trd, 000190.133, 148
Trd, 000190.217, 142.0
Trd, 000190.683, 141.0
Trd, 000191.883, 144
Trd, 000192.233, 145
Trd, 000192.983, 146
Trd, 000193.667, 145
Trd, 000193.917, 143
Trd, 000195.650, 146
Trd, 000196.417, 143
Trd, 000196.883, 145
Trd, 000197.450, 143
Trd, 000197.600, 144
Trd, 000197.850, 145
Trd, 000198.017, 144
Trd, 000198.467, 144
Trd, 000199.383, 145.0
Trd, 000200.567, 146
Trd, 000201.150, 154.0
Trd, 000201.817, 147
Trd, 000203.117, 146
Trd, 000204.117, 145
Trd, 000204.400, 146
Trd, 000204.600, 150.0
Trd, 000205.033, 144.0
Trd, 000205.750, 148
Trd, 000205.767, 149
Trd, 000206.150, 150
Trd, 000206.617, 150
Trd, 000207.150, 151
Trd, 000208.067, 155.0
Trd, 000208.817, 151
Trd, 000209.017, 150
Trd, 000209.467, 154
Trd, 000209.617, 153
Trd, 000210.117, 151
Trd, 000211.500, 153
Trd, 000211.567, 152
Trd, 000211.683, 150
Trd, 000212.217, 154.0
Trd, 000212.700, 151
Trd, 000213.350, 150
Trd, 000213.417, 153
Trd, 000214.500, 151
Trd, 000214.983, 150
Trd, 000215.417, 149
Trd, 000217.383, 150
Trd, 000218.750, 148
Trd, 000218.833, 152
Trd, 000220.067, 150
Trd, 000220.250, 149
Trd, 000220.617, 149
Trd, 000220.983, 150
Trd, 000221.717, 151
Trd, 000222.050, 151
Trd, 000222.067, 149
Trd, 000222.950, 148
Trd, 000222.983, 150
Trd, 000223.167, 147
Trd, 000223.783, 146
Trd, 000225.433, 151
Trd, 000227.150, 159
Trd, 000227.200, 158
Trd, 000227.683, 158.0
Trd, 000227.733, 155.0
Trd, 000227.783, 150
Trd, 000228.533, 148
Trd, 000228.883, 145.0
Trd, 000229.117, 150.0
Trd, 000231.300, 150
Trd, 000231.933, 151
Trd, 000232.333, 151
Trd, 000233.050, 150
Trd, 000233.100, 152
Trd, 000234.917, 151
Trd, 000235.033, 150
Trd, 000235.283, 154.0
Trd, 000235.633, 145.0
Trd, 000235.967, 141.0
Trd, 000236.717, 147
Trd, 000237.283, 139.0
Trd, 000237.717, 140.0
Trd, 000237.900, 141
Trd, 000238.517, 127
Trd, 000239.050, 141.0
Trd, 000239.900, 155.0
Trd, 000240.783, 148
Trd, 000240.800, 146
Trd, 000241.717, 153
Trd, 000242.083, 158.0
Trd, 000242.750, 156
Trd, 000242.883, 158
Trd, 000243.067, 156
Trd, 000243.767, 155
Trd, 000244.133, 153
Trd, 000244.500, 151.0
Trd, 000244.750, 151
Trd, 000244.800, 152
Trd, 000246.500, 151
Trd, 000247.467, 150
Trd, 000247.750, 150
Trd, 000247.850, 150
Trd, 000247.900, 144.0
Trd, 000249.017, 142
Trd, 000249.167, 141.0
Trd, 000250.117, 144
Trd, 000250.583, 145.0
Trd, 000250.617, 147
Trd, 000251.133, 147
Trd, 000252.267, 152.0
Trd, 000252.867, 155.0
Trd, 000253.067, 151.0
Trd, 000254.150, 156
Trd, 000254.450, 157
Trd, 000254.500, 155
Trd, 000255.000, 155
Trd, 000255.100, 153
Trd, 000255.200, 137.0
Trd, 000255.567, 148
Trd, 000256.017, 156
Trd, 000256.817, 154
Trd, 000257.067, 158.0
Trd, 000257.800, 158
Trd, 000258.350, 155
Trd, 000258.417, 153
Trd, 000259.000, 157
Trd, 000259.033, 153
Trd, 000259.133, 152
Trd, 000259.200, 151
Trd, 000260.317, 147.0
Trd, 000261.250, 155.0
Trd, 000261.617, 155.0
Trd, 000262.033, 153
Trd, 000262.633, 154
Trd, 000263.217, 154.0
Trd, 000263.650, 154
Trd, 000263.767, 155
Trd, 000264.483, 153
Trd, 000265.917, 159
Trd, 000266.033, 158
Trd, 000266.700, 159
Trd, 000266.833, 159
Trd, 000267.233, 159
Trd, 000267.700, 159
Trd, 000267.883, 159
Trd, 000268.033, 158
Trd, 000269.367, 158
Trd, 000270.700, 158.0
Trd, 000270.717, 157
Trd, 000271.200, 157
Trd, 000271.583, 157
Trd, 000271.717, 156
Trd, 000272.000, 155
Trd, 000273.283, 153
Trd, 000273.600, 151.0
Trd, 000273.900, 142.0
Trd, 000274.117, 141.0
Trd, 000274.467, 154
Trd, 000275.567, 143.0
Trd, 000275.700, 149.0
Trd, 000276.083, 149
Trd, 000276.100, 150
Trd, 000277.367, 149
Trd, 000277.467, 149
Trd, 000277.900, 155.0
Trd, 000278.133, 147
Trd, 000278.867, 162
Trd, 000279.283, 154
Trd, 000280.033, 158
Trd, 000280.050, 153
Trd, 000280.533, 151.0
Trd, 000281.117, 153
Trd, 000281.283, 154
Trd, 000281.717, 148
Trd, 000282.233, 151
Trd, 000282.300, 153
Trd, 000283.000, 162
Trd, 000283.167, 141.0
Trd, 000284.067, 155.0
Trd, 000285.200, 156
Trd, 000285.500, 160
Trd, 000285.600, 162
Trd, 000285.650, 168
Trd, 000285.800, 159
Trd, 000285.817, 158
Trd, 000286.033, 154
Trd, 000286.333, 154
Trd, 000287.383, 157
Trd, 000287.900, 151.0
Trd, 000288.917, 158
Trd, 000289.017, 155
Trd, 000289.900, 158
Trd, 000289.917, 157
Trd, 000290.433, 157
Trd, 000290.533, 156
Trd, 000290.883, 154
Trd, 000291.500, 158
Trd, 000291.883, 161
Trd, 000292.217, 145.0
Trd, 000292.783, 158.0
Trd, 000293.983, 153
Trd, 000294.350, 153
Trd, 000294.467, 144
Trd, 000294.667, 150
Trd, 000296.317, 154
Trd, 000297.167, 151.0
Trd, 000297.550, 152
Trd, 000297.900, 154.0
Trd, 000297.933, 151
Trd, 000298.033, 146.0
Trd, 000298.367, 155.0
Trd, 000298.633, 162
Trd, 000299.100, 150
Trd, 000299.400, 166.0
