Trd, 000001.850, 196.0
Trd, 000002.000, 179.0
Trd, 000002.133, 142
Trd, 000002.733, 151.0
Trd, 000004.467, 148
Trd, 000004.533, 148
Trd, 000004.917, 149
Trd, 000005.033, 147
Trd, 000005.483, 133
Trd, 000005.767, 171
Trd, 000005.950, 126
Trd, 000007.133, 144
Trd, 000008.000, 138
Trd, 000008.567, 145
Trd, 000008.700, 136
Trd, 000008.750, 130
Trd, 000008.767, 148.0
Trd, 000009.000, 134.0
Trd, 000009.067, 170
Trd, 000009.933, 170.0
Trd, 000010.733, 155
Trd, 000010.983, 157
Trd, 000011.000, 151.0
Trd, 000013.267, 154
Trd, 000014.200, 160
Trd, 000014.483, 149
Trd, 000014.517, 148
Trd, 000014.600, 167
Trd, 000015.550, 154
Trd, 000015.767, 151
Trd, 000015.800, 155
Trd, 000016.833, 137
Trd, 000017.733, 154
Trd, 000017.767, 139
Trd, 000018.217, 168
Trd, 000018.583, 136
Trd, 000019.967, 142
Trd, 000020.300, 143
Trd, 000020.617, 144
Trd, 000023.083, 144.0
Trd, 000023.267, 145
Trd, 000023.283, 143
Trd, 000023.583, 148.0
Trd, 000024.300, 141
Trd, 000024.467, 146
Trd, 000024.933, 136
Trd, 000025.283, 146
Trd, 000025.767, 145
Trd, 000026.350, 143
Trd, 000026.367, 166
Trd, 000027.067, 166
Trd, 000027.850, 144
Trd, 000028.600, 145
Trd, 000029.067, 166
Trd, 000029.983, 167
Trd, 000030.100, 165
Trd, 000030.133, 172.0
Trd, 000030.150, 175.0
Trd, 000030.200, 149
Trd, 000030.883, 162
Trd, 000031.017, 151
Trd, 000031.083, 151.0
Trd, 000032.083, 153
Trd, 000032.767, 137
Trd, 000033.283, 148
Trd, 000033.333, 153
Trd, 000033.450, 158
Trd, 000033.933, 136
Trd, 000034.900, 168
Trd, 000035.667, 163
Trd, 000036.300, 151.0
Trd, 000036.950, 170
Trd, 000037.567, 159
Trd, 000038.050, 131
Trd, 000038.167, 169
Trd, 000039.167, 157
Trd, 000039.533, 145
Trd, 000039.983, 151.0
Trd, 000040.600, 146
Trd, 000040.900, 148
Trd, 000041.300, 150
Trd, 000041.883, 149
Trd, 000041.950, 148
Trd, 000041.983, 150
Trd, 000042.900, 147
Trd, 000043.367, 134.0
Trd, 000043.750, 134
Trd, 000044.100, 134.0
Trd, 000044.133, 168
Trd, 000044.667, 169
Trd, 000045.450, 153
Trd, 000046.983, 145
Trd, 000048.383, 150
Trd, 000049.267, 153
Trd, 000049.317, 170
Trd, 000049.883, 152
Trd, 000050.750, 152
Trd, 000051.317, 171.0
Trd, 000051.850, 152
Trd, 000051.883, 163
Trd, 000053.483, 155
Trd, 000053.550, 154
Trd, 000053.700, 151
Trd, 000053.933, 153.0
Trd, 000054.650, 154
Trd, 000054.883, 156
Trd, 000055.350, 151.0
Trd, 000056.200, 151
Trd, 000056.383, 153
Trd, 000057.500, 153
Trd, 000058.900, 135
Trd, 000059.017, 134.0
Trd, 000059.383, 151
Trd, 000059.817, 152.0
Trd, 000059.900, 153
Trd, 000060.283, 151.0
Trd, 000060.383, 147
Trd, 000060.883, 151.0
Trd, 000061.783, 162
Trd, 000062.000, 164
Trd, 000062.383, 150
Trd, 000064.283, 158
Trd, 000064.750, 159
Trd, 000065.283, 151
Trd, 000065.733, 150
Trd, 000066.900, 150
Trd, 000067.050, 153
Trd, 000067.517, 137
Trd, 000068.167, 136
Trd, 000068.200, 148
Trd, 000069.133, 152
Trd, 000069.733, 151.0
Trd, 000069.833, 169
Trd, 000070.733, 166
Trd, 000071.050, 156
Trd, 000071.733, 150
Trd, 000071.850, 157
Trd, 000072.017, 149
Trd, 000072.350, 142
Trd, 000072.367, 158
Trd, 000073.683, 153.0
Trd, 000073.817, 166
Trd, 000074.283, 169
Trd, 000074.717, 165
Trd, 000074.933, 155
Trd, 000075.000, 151.0
Trd, 000078.117, 156
Trd, 000079.133, 163
Trd, 000079.250, 155
Trd, 000079.467, 163
Trd, 000079.517, 155
Trd, 000079.600, 151.0
Trd, 000079.883, 148
Trd, 000081.883, 152
Trd, 000082.033, 153
Trd, 000082.400, 168
Trd, 000082.867, 158
Trd, 000084.050, 172.0
Trd, 000084.233, 163
Trd, 000084.450, 171
Trd, 000084.617, 162
Trd, 000084.683, 151.0
Trd, 000084.700, 151
Trd, 000085.033, 134.0
Trd, 000087.183, 154
Trd, 000087.433, 154
Trd, 000087.533, 133
Trd, 000087.667, 155
Trd, 000088.250, 134.0
Trd, 000088.383, 130
Trd, 000089.483, 156
Trd, 000090.017, 151.0
Trd, 000090.733, 133
Trd, 000092.083, 144.0
Trd, 000092.167, 138
Trd, 000092.267, 148.0
Trd, 000092.300, 137
Trd, 000093.383, 148
Trd, 000093.550, 147
Trd, 000093.800, 151.0
Trd, 000093.967, 164
Trd, 000095.650, 148
Trd, 000096.683, 148
Trd, 000097.100, 145
Trd, 000097.467, 147
Trd, 000098.467, 146
Trd, 000098.517, 145
Trd, 000098.750, 146
Trd, 000099.783, 146
Trd, 000100.183, 146
Trd, 000100.217, 148.0
Trd, 000100.450, 145
Trd, 000101.433, 152.0
Trd, 000102.050, 167
Trd, 000102.283, 151
Trd, 000102.433, 151.0
Trd, 000102.800, 151
Trd, 000103.100, 168
Trd, 000103.533, 172.0
Trd, 000103.683, 155
Trd, 000103.733, 175.0
Trd, 000103.833, 179.0
Trd, 000105.567, 158
Trd, 000106.000, 157
Trd, 000107.017, 156
Trd, 000107.667, 154
Trd, 000108.250, 152
Trd, 000109.017, 151.0
Trd, 000109.100, 172
Trd, 000110.767, 158
Trd, 000111.317, 154
Trd, 000111.467, 159
Trd, 000111.917, 153
Trd, 000112.717, 158
Trd, 000114.450, 157
Trd, 000114.917, 153
Trd, 000115.117, 158
Trd, 000115.167, 151.0
Trd, 000115.383, 172.0
Trd, 000116.300, 137
Trd, 000117.067, 161
Trd, 000118.767, 151
Trd, 000119.233, 150
Trd, 000119.817, 149
Trd, 000119.900, 150
Trd, 000120.150, 152
Trd, 000120.550, 136
Trd, 000121.200, 148
Trd, 000121.850, 148
Trd, 000122.417, 147
Trd, 000123.267, 155
Trd, 000123.400, 163
Trd, 000123.633, 147
Trd, 000123.683, 140.0
Trd, 000124.150, 135
Trd, 000125.333, 147
Trd, 000125.883, 141
Trd, 000125.950, 137
Trd, 000126.050, 135.0
Trd, 000126.283, 134.0
Trd, 000126.500, 147
Trd, 000128.183, 162
Trd, 000128.267, 151.0
Trd, 000128.467, 165
Trd, 000128.917, 113.0
Trd, 000130.367, 133
Trd, 000130.633, 133
Trd, 000130.817, 143
Trd, 000131.300, 133
Trd, 000131.333, 163
Trd, 000131.850, 134
Trd, 000132.567, 147.0
Trd, 000133.333, 136
Trd, 000134.067, 148.0
Trd, 000134.150, 154
Trd, 000134.417, 151.0
Trd, 000135.117, 142
Trd, 000136.867, 145
Trd, 000137.383, 146
Trd, 000138.033, 148
Trd, 000138.417, 148
Trd, 000139.100, 143
Trd, 000139.433, 143
Trd, 000140.017, 148
Trd, 000140.983, 147
Trd, 000141.550, 154
Trd, 000141.683, 153
Trd, 000142.250, 153
Trd, 000143.233, 151
Trd, 000144.150, 155
Trd, 000145.017, 152
Trd, 000145.050, 151
Trd, 000145.650, 153
Trd, 000145.767, 154
Trd, 000146.167, 152.0
Trd, 000146.300, 154
Trd, 000146.533, 151.0
Trd, 000146.667, 150
Trd, 000146.900, 168
Trd, 000146.983, 136
Trd, 000149.100, 161
Trd, 000150.267, 160
Trd, 000150.650, 153
Trd, 000151.000, 152
Trd, 000151.183, 152
Trd, 000151.883, 154
Trd, 000151.900, 157
Trd, 000152.067, 168
Trd, 000152.900, 151.0
Trd, 000153.200, 153
Trd, 000153.733, 154
Trd, 000154.683, 151
Trd, 000155.050, 151
Trd, 000155.167, 150
Trd, 000155.400, 162
Trd, 000156.217, 154
Trd, 000156.317, 168
Trd, 000156.817, 154
Trd, 000157.067, 147
Trd, 000157.150, 134.0
Trd, 000157.983, 152.0
Trd, 000158.717, 155
Trd, 000158.983, 156
Trd, 000160.467, 151.0
Trd, 000160.900, 154
Trd, 000161.750, 152
Trd, 000161.783, 150
Trd, 000161.900, 153
Trd, 000162.367, 159
Trd, 000162.583, 150
Trd, 000162.950, 152
Trd, 000162.983, 151
Trd, 000163.433, 163
Trd, 000165.133, 151.0
Trd, 000166.133, 134.0
Trd, 000166.583, 144.0
Trd, 000166.650, 148.0
Trd, 000167.733, 153
Trd, 000168.017, 151.0
Trd, 000168.467, 146
Trd, 000168.717, 147
Trd, 000169.017, 144
Trd, 000169.067, 153
Trd, 000169.433, 168
Trd, 000169.517, 172.0
Trd, 000171.517, 171.0
Trd, 000171.567, 156
Trd, 000172.183, 150
Trd, 000172.867, 149
Trd, 000173.333, 141
Trd, 000173.767, 136
Trd, 000174.283, 144.0
Trd, 000175.300, 145
Trd, 000175.483, 146
Trd, 000176.250, 144
Trd, 000176.333, 143
Trd, 000176.483, 149
Trd, 000177.467, 136
Trd, 000177.717, 149
Trd, 000177.783, 134.0
Trd, 000178.283, 151.0
Trd, 000179.250, 149
Trd, 000179.900, 160
Trd, 000180.450, 159
Trd, 000180.900, 145
Trd, 000181.617, 158
Trd, 000182.567, 151
Trd, 000182.683, 157
Trd, 000182.717, 169
Trd, 000182.933, 175.0
Trd, 000184.783, 155
Trd, 000185.033, 151.0
Trd, 000185.733, 150
Trd, 000186.033, 149
Trd, 000186.467, 134.0
Trd, 000186.850, 148
Trd, 000186.883, 133
Trd, 000187.733, 144
Trd, 000187.750, 134
Trd, 000188.033, 146
Trd, 000188.350, 138
Trd, 000188.867, 144
Trd, 000189.800, 144
Trd, 000189.883, 142
Trd, 000190.133, 140
Trd, 000190.417, 146.0
Trd, 000190.483, 136
Trd, 000190.600, 148.0
Trd, 000191.200, 164
Trd, 000191.633, 172.0
Trd, 000192.200, 171
Trd, 000192.233, 151.0
Trd, 000193.500, 152
Trd, 000194.067, 153
Trd, 000195.983, 153
Trd, 000196.183, 154
Trd, 000196.267, 155
Trd, 000197.283, 152
Trd, 000197.933, 160
Trd, 000198.383, 152.0
Trd, 000198.650, 151.0
Trd, 000198.867, 144
Trd, 000199.550, 150
Trd, 000199.700, 139
Trd, 000200.033, 159
Trd, 000201.050, 154
Trd, 000202.083, 152
Trd, 000202.667, 153
Trd, 000203.067, 152
Trd, 000203.783, 151.0
Trd, 000203.933, 151
Trd, 000204.467, 149
Trd, 000205.817, 150
Trd, 000206.083, 148
Trd, 000206.450, 151.0
Trd, 000206.900, 148
Trd, 000207.217, 153
Trd, 000209.167, 166
Trd, 000209.233, 152
Trd, 000210.133, 163
Trd, 000210.433, 162
Trd, 000210.900, 162
Trd, 000210.917, 166
Trd, 000210.983, 151
Trd, 000211.067, 168
Trd, 000211.333, 151.0
Trd, 000211.667, 135
Trd, 000211.700, 171.0
Trd, 000211.750, 134.0
Trd, 000212.050, 134.0
Trd, 000212.067, 170
Trd, 000213.700, 151.0
Trd, 000214.700, 169.0
Trd, 000215.700, 150
Trd, 000216.317, 160
Trd, 000216.717, 152
Trd, 000217.417, 160
Trd, 000219.067, 158
Trd, 000219.350, 153
Trd, 000220.317, 157
Trd, 000220.800, 154
Trd, 000221.000, 158
Trd, 000221.133, 153
Trd, 000221.533, 153
Trd, 000221.617, 151.0
Trd, 000221.717, 159
Trd, 000222.317, 168
Trd, 000223.500, 152
Trd, 000224.467, 153
Trd, 000224.933, 155
Trd, 000225.517, 152
Trd, 000225.767, 151.0
Trd, 000225.967, 160
Trd, 000226.383, 161
Trd, 000227.017, 167
Trd, 000227.233, 168
Trd, 000227.417, 159
Trd, 000227.717, 168
Trd, 000230.150, 160
Trd, 000230.433, 156
Trd, 000230.650, 146
Trd, 000230.983, 161
Trd, 000231.150, 161
Trd, 000231.800, 153
Trd, 000232.417, 159
Trd, 000233.683, 152.0
Trd, 000234.167, 154
Trd, 000234.500, 154
Trd, 000234.517, 151.0
Trd, 000235.317, 153
Trd, 000236.350, 152
Trd, 000236.483, 152
Trd, 000237.833, 153
Trd, 000238.383, 154
Trd, 000239.033, 151.0
Trd, 000239.183, 151
Trd, 000239.567, 150
Trd, 000239.650, 152
Trd, 000240.000, 151.0
Trd, 000240.317, 153
Trd, 000240.983, 151
Trd, 000241.400, 152
Trd, 000241.533, 172.0
Trd, 000242.350, 154
Trd, 000242.633, 159
Trd, 000242.950, 156
Trd, 000244.050, 158
Trd, 000244.367, 157
Trd, 000244.617, 159
Trd, 000244.950, 162.0
Trd, 000245.150, 142
Trd, 000245.400, 166
Trd, 000246.150, 152.0
Trd, 000246.367, 162
Trd, 000246.633, 160
Trd, 000246.800, 155.0
Trd, 000247.667, 160
Trd, 000248.000, 161
Trd, 000248.050, 157.0
Trd, 000248.500, 155.0
Trd, 000249.617, 158
Trd, 000249.883, 157
Trd, 000250.300, 154
Trd, 000250.517, 155
Trd, 000251.033, 156
Trd, 000251.117, 156
Trd, 000251.567, 153
Trd, 000252.350, 157
Trd, 000253.633, 156
Trd, 000254.367, 153.0
Trd, 000254.800, 155.0
Trd, 000255.000, 154
Trd, 000255.067, 152
Trd, 000255.483, 152
Trd, 000256.033, 153
Trd, 000256.233, 136
Trd, 000256.283, 134.0
Trd, 000256.333, 153
Trd, 000256.483, 153
Trd, 000256.633, 157
Trd, 000256.833, 155
Trd, 000257.650, 157
Trd, 000257.850, 155.0
Trd, 000258.117, 152.0
Trd, 000258.767, 155.0
Trd, 000259.833, 153.0
Trd, 000259.983, 151
Trd, 000260.083, 152
Trd, 000260.150, 154.0
Trd, 000260.650, 155.0
Trd, 000260.767, 162
Trd, 000262.233, 162.0
Trd, 000262.483, 156.0
Trd, 000263.117, 162
Trd, 000263.367, 165
Trd, 000264.017, 159
Trd, 000264.083, 156
Trd, 000264.750, 155.0
Trd, 000265.100, 154
Trd, 000265.750, 157
Trd, 000265.917, 153
Trd, 000266.583, 155.0
Trd, 000267.017, 156
Trd, 000267.317, 157
Trd, 000267.983, 151.0
Trd, 000268.117, 145
Trd, 000268.767, 157
Trd, 000268.833, 154
Trd, 000269.050, 156
Trd, 000269.333, 153
Trd, 000269.417, 156
Trd, 000269.500, 158
Trd, 000270.300, 153
Trd, 000270.483, 152
Trd, 000271.200, 157
Trd, 000271.250, 153
Trd, 000271.267, 158
Trd, 000271.900, 134
Trd, 000272.533, 152
Trd, 000273.417, 151.0
Trd, 000273.717, 160.0
Trd, 000273.983, 162.0
Trd, 000274.850, 156
Trd, 000275.733, 159
Trd, 000275.900, 153
Trd, 000276.017, 153
Trd, 000276.217, 152
Trd, 000276.350, 155
Trd, 000276.467, 150
Trd, 000276.967, 130
Trd, 000277.017, 127.0
Trd, 000277.033, 134.0
Trd, 000277.050, 151
Trd, 000277.917, 155.0
Trd, 000278.000, 151.0
Trd, 000278.467, 148
Trd, 000278.600, 147
Trd, 000279.750, 156
Trd, 000280.967, 150
Trd, 000281.500, 151
Trd, 000281.533, 154
Trd, 000281.950, 147
Trd, 000282.417, 148
Trd, 000282.667, 162.0
Trd, 000283.167, 165.0
Trd, 000283.633, 153
Trd, 000283.700, 154
Trd, 000284.700, 150
Trd, 000285.200, 149
Trd, 000285.783, 148
Trd, 000286.083, 148
Trd, 000286.500, 150.0
Trd, 000286.583, 151.0
Trd, 000286.917, 152
Trd, 000287.033, 137
Trd, 000287.950, 152
Trd, 000288.267, 147
Trd, 000288.650, 143
Trd, 000289.233, 165.0
Trd, 000289.300, 152
Trd, 000290.333, 152
Trd, 000291.033, 151.0
Trd, 000291.483, 153
Trd, 000291.950, 152
Trd, 000292.017, 153
Trd, 000292.183, 162.0
Trd, 000292.683, 147
Trd, 000293.283, 151.0
Trd, 000293.500, 146
Trd, 000294.517, 136
Trd, 000294.850, 151.0
Trd, 000294.950, 153
Trd, 000295.233, 157
Trd, 000295.533, 145
Trd, 000295.950, 155.0
Trd, 000296.117, 156
Trd, 000296.150, 161.0
Trd, 000296.283, 144
Trd, 000296.800, 140
Trd, 000297.800, 162.0
Trd, 000298.467, 144
Trd, 000298.667, 153
Trd, 000298.933, 144
Trd, 000299.433, 152
