Trd, 000001.383, 125
Trd, 000002.217, 145
Trd, 000002.567, 155.0
Trd, 000002.750, 172.0
Trd, 000002.800, 148.0
Trd, 000003.050, 143.0
Trd, 000003.100, 142.0
Trd, 000003.767, 152
Trd, 000005.900, 152
Trd, 000007.233, 145
Trd, 000007.267, 141.0
Trd, 000007.317, 151
Trd, 000007.617, 164.0
Trd, 000007.750, 159
Trd, 000008.617, 150
Trd, 000009.350, 141.0
Trd, 000009.550, 144.0
Trd, 000009.683, 148
Trd, 000010.033, 147
Trd, 000010.167, 155.0
Trd, 000012.217, 150.0
Trd, 000012.533, 148.0
Trd, 000012.567, 143
Trd, 000012.700, 141.0
Trd, 000013.067, 153
Trd, 000013.950, 147
Trd, 000014.117, 153
Trd, 000014.900, 152
Trd, 000015.200, 151
Trd, 000015.567, 155.0
Trd, 000015.700, 140
Trd, 000016.550, 143.0
Trd, 000016.700, 144.0
Trd, 000017.533, 143
Trd, 000017.550, 141
Trd, 000018.483, 145
Trd, 000019.367, 150.0
Trd, 000019.750, 151.0
Trd, 000020.650, 148
Trd, 000020.783, 143
Trd, 000021.100, 149
Trd, 000021.617, 144.0
Trd, 000022.100, 141.0
Trd, 000022.583, 139
Trd, 000024.833, 145
Trd, 000025.067, 145
Trd, 000025.533, 144
Trd, 000025.833, 145
Trd, 000026.250, 142
Trd, 000026.350, 144.0
Trd, 000027.667, 145
Trd, 000027.933, 146
Trd, 000028.483, 141.0
Trd, 000029.317, 144
Trd, 000029.433, 145
Trd, 000030.333, 145
Trd, 000030.650, 154.0
Trd, 000031.033, 149
Trd, 000031.450, 144
Trd, 000033.100, 148.0
Trd, 000033.483, 149
Trd, 000033.617, 148
Trd, 000034.033, 148
Trd, 000034.750, 151.0
Trd, 000034.967, 148
Trd, 000036.167, 150
Trd, 000036.417, 152
Trd, 000037.800, 153
Trd, 000038.433, 150
Trd, 000038.850, 149
Trd, 000038.950, 148
Trd, 000039.583, 166.0
Trd, 000040.300, 155.0
Trd, 000041.117, 153.0
Trd, 000041.533, 153
Trd, 000042.650, 150
Trd, 000044.317, 148
Trd, 000044.533, 148.0
Trd, 000044.617, 151
Trd, 000045.300, 150
Trd, 000045.450, 148
Trd, 000045.817, 149
Trd, 000046.517, 148.0
Trd, 000046.550, 150
Trd, 000046.767, 147
Trd, 000047.250, 151
Trd, 000047.367, 146
Trd, 000047.550, 152
Trd, 000047.967, 146
Trd, 000048.117, 165.0
Trd, 000051.100, 151
Trd, 000052.950, 148.0
Trd, 000053.000, 144
Trd, 000053.217, 149
Trd, 000054.250, 146
Trd, 000055.083, 146
Trd, 000055.400, 146
Trd, 000055.550, 144
Trd, 000055.833, 141.0
Trd, 000056.817, 144
Trd, 000057.417, 142
Trd, 000058.300, 138
Trd, 000058.483, 137
Trd, 000058.600, 140
Trd, 000059.617, 139
Trd, 000059.983, 138
Trd, 000060.633, 139
Trd, 000060.850, 141
Trd, 000061.450, 155.0
Trd, 000061.983, 148.0
Trd, 000062.817, 142.0
Trd, 000062.967, 149
Trd, 000063.233, 141.0
Trd, 000064.050, 136
Trd, 000064.917, 143.0
Trd, 000065.133, 144.0
Trd, 000065.467, 144
Trd, 000065.600, 143.0
Trd, 000065.783, 165.0
Trd, 000067.733, 149
Trd, 000068.317, 148.0
Trd, 000068.817, 151.0
Trd, 000069.467, 151
Trd, 000070.550, 152
Trd, 000070.850, 155.0
Trd, 000071.150, 147
Trd, 000071.200, 165.0
Trd, 000071.850, 158
Trd, 000071.950, 146
Trd, 000072.850, 145
Trd, 000074.183, 145
Trd, 000074.350, 147
Trd, 000074.917, 147
Trd, 000075.017, 144.0
Trd, 000075.133, 149
Trd, 000075.367, 142.0
Trd, 000075.400, 155.0
Trd, 000077.383, 147
Trd, 000078.200, 143
Trd, 000078.283, 144.0
Trd, 000078.417, 144
Trd, 000079.333, 165.0
Trd, 000079.783, 155
Trd, 000080.100, 144
Trd, 000080.717, 155.0
Trd, 000081.667, 154.0
Trd, 000082.367, 150
Trd, 000082.917, 150.0
Trd, 000083.733, 151.0
Trd, 000083.900, 150
Trd, 000084.217, 152
Trd, 000084.233, 148.0
Trd, 000085.083, 148
Trd, 000085.217, 152
Trd, 000087.000, 151
Trd, 000087.217, 151
Trd, 000087.550, 162.0
Trd, 000087.633, 154
Trd, 000087.950, 149.0
Trd, 000088.167, 164.0
Trd, 000089.183, 152
Trd, 000090.867, 152
Trd, 000091.200, 154.0
Trd, 000091.783, 155.0
Trd, 000092.667, 154
Trd, 000093.400, 152
Trd, 000093.417, 148.0
Trd, 000093.867, 143.0
Trd, 000094.000, 153
Trd, 000094.233, 154
Trd, 000095.583, 150
Trd, 000095.783, 144
Trd, 000095.933, 143.0
Trd, 000096.133, 141.0
Trd, 000097.450, 143.0
Trd, 000097.950, 149
Trd, 000098.283, 165.0
Trd, 000099.100, 162.0
Trd, 000099.933, 148.0
Trd, 000100.217, 152.0
Trd, 000101.200, 150
Trd, 000101.717, 144.0
Trd, 000102.150, 148
Trd, 000102.850, 141.0
Trd, 000103.217, 146
Trd, 000103.650, 147
Trd, 000104.433, 146
Trd, 000105.650, 142
Trd, 000105.967, 145
Trd, 000106.400, 144
Trd, 000106.650, 144.0
Trd, 000107.767, 143
Trd, 000108.900, 144
Trd, 000109.050, 146
Trd, 000109.583, 142.0
Trd, 000109.633, 151.0
Trd, 000110.733, 142.0
Trd, 000111.000, 149
Trd, 000111.100, 149
Trd, 000111.633, 136
Trd, 000114.233, 142
Trd, 000114.333, 141.0
Trd, 000114.467, 140
Trd, 000114.750, 143
Trd, 000115.167, 141
Trd, 000115.717, 137
Trd, 000116.933, 139
Trd, 000117.817, 140
Trd, 000118.183, 139
Trd, 000118.267, 144.0
Trd, 000119.067, 141.0
Trd, 000119.983, 142
Trd, 000120.333, 153.0
Trd, 000120.600, 144.0
Trd, 000120.783, 153.0
Trd, 000120.917, 140
Trd, 000122.233, 149
Trd, 000122.750, 148.0
Trd, 000123.867, 152.0
Trd, 000123.933, 153.0
Trd, 000124.317, 144
Trd, 000124.567, 151
Trd, 000125.017, 144
Trd, 000125.783, 141.0
Trd, 000126.067, 138
Trd, 000126.083, 151
Trd, 000127.217, 149
Trd, 000127.317, 148
Trd, 000128.500, 144.0
Trd, 000130.083, 138
Trd, 000131.000, 142
Trd, 000131.133, 141.0
Trd, 000131.167, 136
Trd, 000131.250, 142
Trd, 000131.300, 142
Trd, 000131.450, 145
Trd, 000132.133, 150
Trd, 000133.500, 147
Trd, 000133.567, 145
Trd, 000133.817, 151.0
Trd, 000134.333, 155.0
Trd, 000134.917, 164
Trd, 000135.033, 169.0
Trd, 000135.850, 151
Trd, 000136.067, 143
Trd, 000137.500, 148
Trd, 000138.183, 147
Trd, 000138.267, 148
Trd, 000138.783, 147
Trd, 000139.000, 143.0
Trd, 000139.417, 148
Trd, 000139.583, 151.0
Trd, 000141.100, 151
Trd, 000141.783, 144.0
Trd, 000142.117, 141.0
Trd, 000142.650, 149
Trd, 000144.100, 149.0
Trd, 000144.350, 148.0
Trd, 000144.950, 150
Trd, 000145.567, 143
Trd, 000145.767, 149
Trd, 000147.150, 147
Trd, 000148.117, 147
Trd, 000148.850, 144
Trd, 000149.000, 139
Trd, 000149.367, 146
Trd, 000149.750, 143
Trd, 000150.250, 146
Trd, 000150.567, 144.0
Trd, 000151.817, 146
Trd, 000152.750, 144.0
Trd, 000153.050, 147
Trd, 000153.217, 147
Trd, 000153.667, 148
Trd, 000153.967, 145
Trd, 000153.983, 143
Trd, 000154.550, 151.0
Trd, 000154.633, 155.0
Trd, 000155.483, 155.0
Trd, 000156.850, 146
Trd, 000157.233, 137
Trd, 000157.500, 136
Trd, 000157.550, 150
Trd, 000157.650, 151.0
Trd, 000158.800, 136.0
Trd, 000160.450, 151
Trd, 000160.717, 148.0
Trd, 000161.500, 150
Trd, 000162.467, 144
Trd, 000162.733, 146
Trd, 000163.033, 145
Trd, 000163.417, 141
Trd, 000164.617, 145
Trd, 000164.883, 145
Trd, 000165.667, 148.0
Trd, 000166.750, 143.0
Trd, 000166.800, 141.0
Trd, 000166.833, 151.0
Trd, 000167.933, 146
Trd, 000167.967, 136
Trd, 000168.167, 146
Trd, 000168.250, 147
Trd, 000168.783, 148
Trd, 000170.100, 148.0
Trd, 000171.100, 149
Trd, 000171.850, 151
Trd, 000173.000, 151.0
Trd, 000174.400, 148
Trd, 000174.800, 150
Trd, 000175.150, 150
Trd, 000175.850, 150
Trd, 000176.600, 149.0
Trd, 000176.683, 148.0
Trd, 000176.833, 148
Trd, 000177.450, 148
Trd, 000177.833, 149
Trd, 000178.417, 149
Trd, 000178.433, 155.0
Trd, 000180.833, 147
Trd, 000181.067, 148
Trd, 000182.333, 147
Trd, 000182.517, 148
Trd, 000183.250, 149
Trd, 000183.617, 162.0
Trd, 000183.800, 163.0
Trd, 000183.967, 156.0
Trd, 000184.450, 155.0
Trd, 000185.300, 153
Trd, 000186.050, 150
Trd, 000187.800, 148.0
Trd, 000188.083, 149
Trd, 000188.967, 148
Trd, 000189.617, 147
Trd, 000189.900, 147.0
Trd, 000190.083, 147
Trd, 000190.533, 148
Trd, 000191.417, 147
Trd, 000191.917, 146.0
Trd, 000192.167, 141.0
Trd, 000192.383, 149
Trd, 000193.500, 136
Trd, 000194.100, 141
Trd, 000194.400, 144.0
Trd, 000195.150, 144
Trd, 000195.667, 145
Trd, 000195.883, 145
Trd, 000196.117, 151.0
Trd, 000196.167, 136
Trd, 000197.033, 140
Trd, 000197.283, 139
Trd, 000197.833, 144
Trd, 000198.433, 143.0
Trd, 000198.917, 144
Trd, 000198.967, 144.0
Trd, 000199.267, 141.0
Trd, 000199.517, 148.0
Trd, 000199.950, 151.0
Trd, 000200.683, 148
Trd, 000202.650, 145
Trd, 000202.733, 146
Trd, 000203.517, 144
Trd, 000204.400, 148.0
Trd, 000204.583, 147
Trd, 000205.533, 151
Trd, 000205.783, 151
Trd, 000206.217, 152.0
Trd, 000206.600, 145
Trd, 000206.783, 141.0
Trd, 000207.233, 154.0
Trd, 000207.833, 148
Trd, 000208.333, 149
Trd, 000210.233, 149
Trd, 000210.450, 146
Trd, 000210.700, 136
Trd, 000211.217, 144.0
Trd, 000212.000, 144
Trd, 000212.183, 145
Trd, 000212.767, 143.0
Trd, 000212.950, 142.0
Trd, 000214.200, 143
Trd, 000214.333, 142
Trd, 000214.633, 146
Trd, 000215.300, 141.0
Trd, 000215.333, 144.0
Trd, 000215.750, 144
Trd, 000216.100, 134.0
Trd, 000216.233, 132.0
Trd, 000216.317, 131.0
Trd, 000216.333, 129
Trd, 000216.483, 144
Trd, 000216.583, 151.0
Trd, 000217.867, 147
Trd, 000218.517, 154.0
Trd, 000218.933, 155.0
Trd, 000219.267, 137
Trd, 000220.067, 148
Trd, 000220.683, 150
Trd, 000221.467, 147
Trd, 000222.150, 146
Trd, 000222.783, 146
Trd, 000223.450, 145
Trd, 000223.917, 145
Trd, 000224.017, 146
Trd, 000224.900, 145
Trd, 000225.433, 146
Trd, 000225.450, 144
Trd, 000226.100, 151
Trd, 000226.550, 150
Trd, 000226.750, 154.0
Trd, 000228.300, 147
Trd, 000229.150, 151
Trd, 000229.917, 151
Trd, 000229.983, 151.0
Trd, 000230.483, 155.0
Trd, 000230.583, 152
Trd, 000231.233, 170.0
Trd, 000231.350, 170.0
Trd, 000231.583, 149.0
Trd, 000231.917, 148.0
Trd, 000231.950, 136
Trd, 000232.717, 155.0
Trd, 000233.550, 154
Trd, 000233.650, 134.0
Trd, 000233.950, 154.0
Trd, 000236.033, 149.0
Trd, 000236.300, 148.0
Trd, 000236.333, 147
Trd, 000236.367, 153
Trd, 000236.883, 144
Trd, 000238.950, 145
Trd, 000239.817, 144
Trd, 000239.950, 146
Trd, 000240.267, 150.0
Trd, 000240.367, 155
Trd, 000240.867, 153
Trd, 000240.933, 150.0
Trd, 000241.567, 150.0
Trd, 000241.883, 148.0
Trd, 000242.850, 151.0
Trd, 000243.583, 151.0
Trd, 000244.050, 151
Trd, 000244.317, 155.0
Trd, 000244.533, 162.0
Trd, 000244.600, 153
Trd, 000245.000, 153.0
Trd, 000245.350, 155.0
Trd, 000245.967, 155
Trd, 000246.383, 155.0
Trd, 000246.867, 156
Trd, 000247.100, 155
Trd, 000247.850, 156
Trd, 000248.117, 157
Trd, 000248.633, 154
Trd, 000248.700, 155
Trd, 000248.883, 153
Trd, 000249.067, 165.0
Trd, 000249.367, 152
Trd, 000250.100, 156.0
Trd, 000250.317, 157
Trd, 000250.917, 155.0
Trd, 000251.317, 155.0
Trd, 000251.333, 150
Trd, 000251.383, 156
Trd, 000251.933, 153.0
Trd, 000252.833, 154
Trd, 000252.883, 153.0
Trd, 000253.650, 151.0
Trd, 000253.700, 149
Trd, 000254.350, 148.0
Trd, 000255.233, 149.0
Trd, 000255.817, 150
Trd, 000255.850, 148.0
Trd, 000256.733, 150
Trd, 000256.917, 147
Trd, 000257.550, 148.0
Trd, 000258.700, 136
Trd, 000259.083, 144
Trd, 000259.167, 148
Trd, 000259.183, 150
Trd, 000259.500, 155.0
Trd, 000260.867, 154
Trd, 000261.550, 158
Trd, 000262.283, 163.0
Trd, 000263.017, 163.0
Trd, 000263.383, 162.0
Trd, 000263.700, 164
Trd, 000263.717, 163
Trd, 000264.150, 165.0
Trd, 000264.467, 160
Trd, 000265.083, 155.0
Trd, 000265.317, 148.0
Trd, 000265.900, 157
Trd, 000266.417, 153
Trd, 000266.717, 159
Trd, 000267.417, 158
Trd, 000268.983, 156
Trd, 000269.300, 155
Trd, 000269.350, 157
Trd, 000269.367, 148.0
Trd, 000270.200, 155.0
Trd, 000270.450, 146.0
Trd, 000270.883, 158
Trd, 000271.767, 159
Trd, 000272.267, 157.0
Trd, 000272.417, 152
Trd, 000273.067, 158
Trd, 000274.000, 152
Trd, 000274.433, 148.0
Trd, 000274.467, 141.0
Trd, 000274.667, 157
Trd, 000275.433, 155
Trd, 000275.650, 154.0
Trd, 000275.783, 155.0
Trd, 000277.000, 153
Trd, 000277.217, 151
Trd, 000277.983, 155
Trd, 000278.000, 165.0
Trd, 000278.100, 168.0
Trd, 000278.717, 149
Trd, 000279.517, 149
Trd, 000279.633, 155.0
Trd, 000280.717, 155
Trd, 000281.183, 148.0
Trd, 000281.450, 154
Trd, 000281.650, 146
Trd, 000282.300, 152
Trd, 000282.500, 151
Trd, 000282.600, 141.0
Trd, 000283.850, 144.0
Trd, 000284.117, 136
Trd, 000284.383, 141
Trd, 000284.717, 137
Trd, 000284.983, 138
Trd, 000285.233, 139
Trd, 000285.500, 141
Trd, 000285.950, 142
Trd, 000286.200, 141
Trd, 000286.667, 142
Trd, 000286.700, 141
Trd, 000287.333, 142
Trd, 000287.567, 140
Trd, 000287.650, 144.0
Trd, 000288.133, 154.0
Trd, 000288.950, 166.0
Trd, 000289.267, 155.0
Trd, 000289.367, 141.0
Trd, 000289.433, 139
Trd, 000290.283, 149
Trd, 000290.467, 155
Trd, 000290.667, 155.0
Trd, 000291.717, 169.0
Trd, 000293.467, 156
Trd, 000293.483, 160
Trd, 000293.567, 158
Trd, 000294.300, 155
Trd, 000294.317, 148.0
Trd, 000294.333, 155.0
Trd, 000294.583, 144
Trd, 000294.867, 158
Trd, 000295.467, 141.0
Trd, 000295.750, 158
Trd, 000296.067, 159
Trd, 000298.183, 152
Trd, 000298.667, 165
Trd, 000298.900, 152
Trd, 000299.150, 168.0
Trd, 000299.750, 172.0
