Trd, 000001.250, 118.0
Trd, 000001.300, 117.0
Trd, 000001.583, 141.0
Trd, 000003.667, 147
Trd, 000003.767, 157
Trd, 000004.083, 140
Trd, 000004.283, 164.0
Trd, 000004.650, 139
Trd, 000005.983, 151.0
Trd, 000006.700, 157
Trd, 000008.183, 154
Trd, 000008.450, 152
Trd, 000008.783, 151
Trd, 000009.300, 153
Trd, 000009.367, 149.0
Trd, 000009.867, 148.0
Trd, 000010.800, 155
Trd, 000011.850, 138
Trd, 000012.717, 152
Trd, 000013.617, 152
Trd, 000013.767, 153
Trd, 000016.033, 153
Trd, 000016.633, 154
Trd, 000018.133, 151
Trd, 000018.367, 152
Trd, 000018.867, 148.0
Trd, 000019.100, 151
Trd, 000019.433, 137
Trd, 000019.883, 146
Trd, 000020.850, 152
Trd, 000021.133, 150
Trd, 000021.617, 142
Trd, 000021.950, 141
Trd, 000022.200, 148
Trd, 000023.167, 133
Trd, 000023.783, 146
Trd, 000023.967, 137
Trd, 000024.700, 147
Trd, 000026.017, 144
Trd, 000026.033, 143
Trd, 000026.633, 148.0
Trd, 000027.917, 145
Trd, 000028.217, 140
Trd, 000029.367, 148
Trd, 000029.683, 138
Trd, 000030.433, 144
Trd, 000030.617, 147
Trd, 000031.950, 155.0
Trd, 000032.800, 150.0
Trd, 000033.450, 151
Trd, 000034.350, 152
Trd, 000035.483, 152
Trd, 000035.783, 152
Trd, 000036.633, 154.0
Trd, 000036.733, 152
Trd, 000037.167, 149
Trd, 000037.983, 154
Trd, 000038.383, 150
Trd, 000038.583, 150
Trd, 000038.667, 155.0
Trd, 000040.000, 155
Trd, 000042.400, 152
Trd, 000042.933, 151
Trd, 000043.067, 150
Trd, 000043.117, 149
Trd, 000043.200, 148.0
Trd, 000043.850, 148
Trd, 000043.950, 152
Trd, 000046.367, 148
Trd, 000047.367, 150
Trd, 000047.383, 148
Trd, 000047.450, 144
Trd, 000049.450, 150
Trd, 000049.900, 151
Trd, 000052.350, 149.0
Trd, 000054.550, 148.0
Trd, 000054.567, 147
Trd, 000054.667, 146
Trd, 000055.483, 148
Trd, 000055.850, 148.0
Trd, 000056.750, 150
Trd, 000057.917, 151
Trd, 000058.050, 150
Trd, 000058.117, 148
Trd, 000059.133, 149.0
Trd, 000059.483, 148.0
Trd, 000059.900, 149
Trd, 000060.617, 148
Trd, 000060.783, 149
Trd, 000061.567, 150
Trd, 000061.817, 148
Trd, 000062.100, 148
Trd, 000062.200, 163.0
Trd, 000062.633, 161.0
Trd, 000063.883, 159
Trd, 000064.600, 150
Trd, 000064.967, 149
Trd, 000066.833, 148
Trd, 000067.950, 149.0
Trd, 000068.217, 148.0
Trd, 000068.383, 156
Trd, 000068.417, 155
Trd, 000069.600, 154
Trd, 000071.033, 151
Trd, 000072.217, 150
Trd, 000072.250, 153
Trd, 000072.817, 149
Trd, 000073.067, 148
Trd, 000074.683, 149
Trd, 000074.917, 149
Trd, 000075.433, 149
Trd, 000076.433, 148
Trd, 000077.000, 148.0
Trd, 000077.783, 148
Trd, 000078.633, 140
Trd, 000079.333, 149
Trd, 000079.633, 146
Trd, 000080.367, 145
Trd, 000080.683, 146
Trd, 000081.550, 145
Trd, 000081.617, 141.0
Trd, 000083.167, 148.0
Trd, 000083.683, 143
Trd, 000084.367, 151
Trd, 000084.883, 146
Trd, 000085.733, 146
Trd, 000086.550, 145
Trd, 000087.533, 148
Trd, 000088.067, 148
Trd, 000089.017, 145
Trd, 000089.417, 141
Trd, 000091.067, 148
Trd, 000091.350, 150
Trd, 000091.983, 149
Trd, 000092.933, 151
Trd, 000093.017, 149
Trd, 000093.183, 146
Trd, 000094.083, 145
Trd, 000096.133, 152
Trd, 000097.767, 149
Trd, 000098.033, 149
Trd, 000098.533, 154
Trd, 000098.633, 154
Trd, 000099.117, 153
Trd, 000100.150, 149
Trd, 000101.500, 151
Trd, 000102.133, 148.0
Trd, 000103.717, 153
Trd, 000103.933, 155.0
Trd, 000104.617, 153
Trd, 000105.633, 155
Trd, 000105.867, 153
Trd, 000106.033, 152
Trd, 000106.217, 151
Trd, 000106.633, 155
Trd, 000106.683, 148.0
Trd, 000107.900, 142
Trd, 000108.417, 141
Trd, 000109.967, 149.0
Trd, 000111.100, 148.0
Trd, 000112.450, 150
Trd, 000112.967, 149
Trd, 000113.750, 150
Trd, 000114.183, 149
Trd, 000114.900, 150
Trd, 000114.917, 148.0
Trd, 000114.983, 147
Trd, 000115.733, 150
Trd, 000117.383, 148
Trd, 000117.817, 149
Trd, 000118.500, 145
Trd, 000119.233, 148
Trd, 000119.867, 148
Trd, 000120.333, 147
Trd, 000120.833, 148
Trd, 000121.300, 149
Trd, 000122.033, 148
Trd, 000122.217, 148
Trd, 000123.783, 149
Trd, 000126.400, 150
Trd, 000126.467, 150
Trd, 000127.950, 148.0
Trd, 000128.133, 148
Trd, 000129.750, 146
Trd, 000130.150, 147
Trd, 000130.183, 146
Trd, 000131.117, 142
Trd, 000131.433, 142
Trd, 000132.300, 140
Trd, 000133.433, 131
Trd, 000135.217, 137
Trd, 000135.283, 138
Trd, 000135.733, 138
Trd, 000136.933, 143
Trd, 000138.083, 144
Trd, 000138.983, 143
Trd, 000140.017, 144
Trd, 000141.200, 151
Trd, 000142.783, 152.0
Trd, 000142.833, 162.0
Trd, 000143.933, 155
Trd, 000144.217, 152.0
Trd, 000144.283, 148.0
Trd, 000144.933, 162.0
Trd, 000145.000, 148
Trd, 000146.117, 149
Trd, 000146.533, 149
Trd, 000147.100, 149
Trd, 000147.567, 149
Trd, 000147.600, 150
Trd, 000147.883, 150
Trd, 000148.650, 154
Trd, 000148.683, 147
Trd, 000150.683, 154
Trd, 000151.000, 153
Trd, 000151.067, 155.0
Trd, 000151.133, 150
Trd, 000152.117, 148.0
Trd, 000153.767, 140
Trd, 000153.800, 141.0
Trd, 000153.850, 146
Trd, 000155.467, 142
Trd, 000155.600, 142
Trd, 000156.433, 155.0
Trd, 000156.483, 148.0
Trd, 000156.883, 151
Trd, 000157.467, 162.0
Trd, 000158.067, 151
Trd, 000158.633, 151
Trd, 000159.633, 150
Trd, 000160.167, 156
Trd, 000160.533, 157
Trd, 000162.500, 154
Trd, 000164.267, 149
Trd, 000164.500, 148.0
Trd, 000164.683, 141
Trd, 000165.433, 141.0
Trd, 000165.567, 139
Trd, 000165.667, 164.0
Trd, 000167.350, 148
Trd, 000168.133, 143
Trd, 000169.200, 146
Trd, 000169.733, 143
Trd, 000169.817, 142
Trd, 000170.467, 148
Trd, 000171.017, 155.0
Trd, 000171.817, 149.0
Trd, 000171.833, 148.0
Trd, 000174.517, 151
Trd, 000175.017, 150
Trd, 000175.283, 151
Trd, 000175.300, 149
Trd, 000175.750, 148.0
Trd, 000175.950, 140
Trd, 000176.500, 155.0
Trd, 000178.050, 140.0
Trd, 000178.917, 141.0
Trd, 000179.050, 141
Trd, 000179.133, 141
Trd, 000179.217, 148.0
Trd, 000179.300, 140
Trd, 000180.283, 143
Trd, 000180.617, 162.0
Trd, 000180.683, 165.0
Trd, 000181.083, 143
Trd, 000183.183, 148.0
Trd, 000183.617, 146
Trd, 000183.633, 144
Trd, 000184.000, 142
Trd, 000184.033, 138
Trd, 000185.433, 149
Trd, 000186.583, 148
Trd, 000186.833, 148
Trd, 000187.200, 149
Trd, 000187.350, 162.0
Trd, 000188.667, 151
Trd, 000188.750, 150.0
Trd, 000189.183, 148.0
Trd, 000189.567, 147
Trd, 000190.367, 152
Trd, 000193.517, 141.0
Trd, 000193.767, 141
Trd, 000194.217, 143
Trd, 000194.967, 141
Trd, 000195.600, 144
Trd, 000195.633, 143
Trd, 000196.033, 145
Trd, 000196.083, 162.0
Trd, 000196.500, 148.0
Trd, 000198.683, 148
Trd, 000199.683, 148
Trd, 000200.600, 149
Trd, 000200.717, 150
Trd, 000200.783, 150
Trd, 000202.067, 150
Trd, 000202.867, 152.0
Trd, 000204.000, 155.0
Trd, 000204.750, 150
Trd, 000204.950, 150
Trd, 000205.567, 152
Trd, 000207.017, 149
Trd, 000208.250, 148
Trd, 000208.550, 149
Trd, 000210.333, 149.0
Trd, 000210.917, 148.0
Trd, 000212.000, 148
Trd, 000212.350, 149
Trd, 000212.500, 149
Trd, 000215.067, 148.0
Trd, 000215.183, 146
Trd, 000215.883, 148
Trd, 000216.283, 148
Trd, 000216.850, 147
Trd, 000217.017, 146
Trd, 000217.967, 147
Trd, 000218.850, 149
Trd, 000220.067, 150
Trd, 000220.600, 150
Trd, 000221.483, 148.0
Trd, 000221.950, 147
Trd, 000222.050, 155.0
Trd, 000224.767, 148
Trd, 000224.900, 146
Trd, 000226.400, 150
Trd, 000226.800, 148.0
Trd, 000227.700, 150
Trd, 000227.950, 150
Trd, 000228.150, 148
Trd, 000228.633, 149
Trd, 000228.733, 161.0
Trd, 000229.700, 149
Trd, 000230.600, 148.0
Trd, 000232.417, 151
Trd, 000233.067, 149
Trd, 000233.667, 149
Trd, 000234.517, 149
Trd, 000235.967, 149
Trd, 000236.633, 149
Trd, 000237.533, 148
Trd, 000238.100, 149
Trd, 000238.350, 151
Trd, 000239.333, 148.0
Trd, 000240.083, 150
Trd, 000240.500, 153.0
Trd, 000240.567, 155.0
Trd, 000241.083, 156
Trd, 000242.250, 155
Trd, 000242.383, 157
Trd, 000242.733, 155
Trd, 000243.633, 160
Trd, 000244.100, 161
Trd, 000244.200, 159.0
Trd, 000244.267, 158
Trd, 000244.483, 162.0
Trd, 000244.867, 160
Trd, 000245.583, 161.0
Trd, 000246.417, 160
Trd, 000246.850, 159
Trd, 000248.100, 159.0
Trd, 000249.533, 158
Trd, 000249.567, 157.0
Trd, 000250.250, 157.0
Trd, 000250.733, 155.0
Trd, 000250.850, 157
Trd, 000250.917, 158
Trd, 000251.017, 157.0
Trd, 000251.517, 155
Trd, 000252.083, 155
Trd, 000252.283, 153
Trd, 000252.717, 143
Trd, 000253.017, 140
Trd, 000253.717, 155.0
Trd, 000254.917, 153
Trd, 000255.417, 147
Trd, 000255.700, 153
Trd, 000255.850, 153
Trd, 000256.650, 154
Trd, 000257.300, 153
Trd, 000257.317, 165.0
Trd, 000257.933, 148.0
Trd, 000258.433, 156
Trd, 000259.550, 154
Trd, 000260.133, 155
Trd, 000260.400, 154
Trd, 000260.967, 155
Trd, 000261.067, 154
Trd, 000261.217, 153
Trd, 000261.617, 152.0
Trd, 000262.050, 148.0
Trd, 000262.300, 148
Trd, 000262.467, 139
Trd, 000262.517, 137.0
Trd, 000263.733, 149
Trd, 000264.000, 157
Trd, 000264.017, 153
Trd, 000265.883, 150
Trd, 000266.283, 152
Trd, 000266.317, 154
Trd, 000267.083, 155.0
Trd, 000267.683, 155.0
Trd, 000268.367, 159.0
Trd, 000268.533, 159
Trd, 000269.067, 160.0
Trd, 000269.683, 158.0
Trd, 000270.133, 157
Trd, 000270.683, 155
Trd, 000271.100, 151
Trd, 000271.950, 160
Trd, 000272.050, 161
Trd, 000272.683, 161
Trd, 000273.183, 161
Trd, 000273.833, 148.0
Trd, 000274.800, 160
Trd, 000274.950, 162.0
Trd, 000275.100, 159
Trd, 000275.417, 157
Trd, 000275.700, 160
Trd, 000275.783, 158.0
Trd, 000276.400, 158
Trd, 000276.450, 162
Trd, 000276.583, 157
Trd, 000277.567, 148.0
Trd, 000277.717, 147
Trd, 000278.650, 140
Trd, 000278.700, 137.0
Trd, 000278.983, 133
Trd, 000279.583, 141.0
Trd, 000279.600, 142
Trd, 000280.433, 149.0
Trd, 000280.867, 149.0
Trd, 000280.967, 148.0
Trd, 000281.283, 152
Trd, 000281.983, 157
Trd, 000282.800, 157
Trd, 000283.050, 153
Trd, 000284.017, 142
Trd, 000284.733, 147
Trd, 000285.033, 141.0
Trd, 000285.183, 144
Trd, 000285.417, 152
Trd, 000286.083, 149
Trd, 000286.450, 162.0
Trd, 000287.533, 154
Trd, 000287.950, 152
Trd, 000288.467, 150
Trd, 000289.117, 148.0
Trd, 000289.433, 140
Trd, 000290.033, 150
Trd, 000290.117, 139
Trd, 000290.250, 151
Trd, 000290.750, 154
Trd, 000291.117, 154
Trd, 000291.917, 162.0
Trd, 000292.633, 157
Trd, 000293.450, 153
Trd, 000293.717, 154
Trd, 000294.150, 155.0
Trd, 000294.167, 155
Trd, 000294.417, 162.0
Trd, 000294.483, 158.0
Trd, 000294.850, 152.0
Trd, 000294.933, 151
Trd, 000295.317, 165.0
Trd, 000295.800, 148.0
Trd, 000297.300, 139
Trd, 000298.383, 148.0
Trd, 000298.867, 152
Trd, 000299.217, 150
Trd, 000299.600, 151
Trd, 000299.867, 148
