Trd, 000001.683, 154
Trd, 000001.917, 185.0
Trd, 000004.867, 170
Trd, 000004.983, 169
Trd, 000005.267, 148.0
Trd, 000005.667, 173
Trd, 000006.367, 171
Trd, 000006.833, 161
Trd, 000007.017, 162
Trd, 000008.267, 163
Trd, 000009.000, 163
Trd, 000009.400, 161
Trd, 000009.867, 160
Trd, 000010.083, 158.0
Trd, 000011.700, 157
Trd, 000011.883, 157
Trd, 000012.767, 156
Trd, 000013.033, 156
Trd, 000013.583, 158
Trd, 000014.183, 158
Trd, 000014.400, 157
Trd, 000014.817, 149.0
Trd, 000015.000, 148.0
Trd, 000015.617, 157
Trd, 000015.767, 158
Trd, 000016.517, 148
Trd, 000017.183, 147
Trd, 000017.217, 165
Trd, 000018.000, 159.0
Trd, 000019.350, 160
Trd, 000019.483, 158.0
Trd, 000019.683, 157
Trd, 000021.167, 157
Trd, 000021.533, 153
Trd, 000022.283, 155
Trd, 000022.617, 157
Trd, 000023.667, 157
Trd, 000025.300, 157
Trd, 000026.383, 158
Trd, 000026.817, 156
Trd, 000026.967, 162.0
Trd, 000027.600, 157
Trd, 000028.650, 158
Trd, 000029.367, 158
Trd, 000030.433, 156
Trd, 000030.450, 158.0
Trd, 000030.567, 156
Trd, 000030.667, 161
Trd, 000030.933, 156
Trd, 000031.433, 160
Trd, 000032.483, 156
Trd, 000032.517, 166
Trd, 000034.100, 159.0
Trd, 000035.117, 158.0
Trd, 000035.350, 157
Trd, 000035.433, 156
Trd, 000035.933, 159
Trd, 000036.067, 156
Trd, 000036.800, 160
Trd, 000036.917, 155
Trd, 000038.567, 165.0
Trd, 000039.400, 160.0
Trd, 000039.500, 159.0
Trd, 000040.117, 159
Trd, 000040.350, 159
Trd, 000040.683, 158.0
Trd, 000041.900, 157
Trd, 000042.300, 151.0
Trd, 000043.633, 155
Trd, 000044.000, 156
Trd, 000044.433, 149.0
Trd, 000044.517, 157
Trd, 000045.250, 157
Trd, 000046.233, 149
Trd, 000046.617, 155
Trd, 000047.233, 166
Trd, 000049.050, 158
Trd, 000049.300, 158
Trd, 000049.350, 157
Trd, 000049.400, 159
Trd, 000049.500, 155
Trd, 000050.017, 155
Trd, 000050.567, 154
Trd, 000050.850, 154
Trd, 000051.783, 154
Trd, 000053.700, 154
Trd, 000053.833, 153
Trd, 000054.150, 157
Trd, 000055.167, 154
Trd, 000055.183, 153
Trd, 000056.100, 159
Trd, 000056.617, 148.0
Trd, 000057.133, 157
Trd, 000057.800, 154
Trd, 000059.133, 153
Trd, 000060.417, 158
Trd, 000060.483, 164.0
Trd, 000062.250, 160
Trd, 000062.767, 159.0
Trd, 000063.017, 160
Trd, 000063.117, 158.0
Trd, 000063.600, 157
Trd, 000063.650, 154
Trd, 000064.633, 162
Trd, 000065.050, 165
Trd, 000065.733, 155
Trd, 000067.017, 165
Trd, 000067.367, 155
Trd, 000067.667, 155
Trd, 000067.933, 154
Trd, 000068.450, 151.0
Trd, 000068.817, 149.0
Trd, 000069.333, 159
Trd, 000069.700, 152
Trd, 000070.267, 158.0
Trd, 000072.950, 154
Trd, 000073.483, 153
Trd, 000073.567, 155
Trd, 000073.967, 153
Trd, 000074.650, 153
Trd, 000075.117, 152
Trd, 000076.083, 152
Trd, 000077.250, 152
Trd, 000078.383, 152
Trd, 000078.417, 154
Trd, 000078.767, 153
Trd, 000079.183, 152
Trd, 000079.250, 155
Trd, 000079.467, 151
Trd, 000080.917, 158.0
Trd, 000081.283, 155
Trd, 000081.400, 153
Trd, 000082.033, 153
Trd, 000082.350, 154
Trd, 000082.950, 155
Trd, 000083.483, 163
Trd, 000085.100, 158
Trd, 000085.267, 156
Trd, 000085.667, 155
Trd, 000086.000, 154
Trd, 000086.067, 154
Trd, 000086.650, 140
Trd, 000087.667, 151
Trd, 000087.700, 153
Trd, 000088.783, 148.0
Trd, 000089.100, 150
Trd, 000089.783, 149
Trd, 000090.000, 151
Trd, 000090.200, 150
Trd, 000090.817, 150.0
Trd, 000091.417, 148
Trd, 000092.200, 150
Trd, 000092.983, 151.0
Trd, 000093.883, 151
Trd, 000094.200, 155
Trd, 000095.833, 149
Trd, 000095.867, 150.0
Trd, 000095.967, 148
Trd, 000096.283, 151.0
Trd, 000096.633, 154
Trd, 000097.967, 148.0
Trd, 000098.550, 156
Trd, 000099.767, 162
Trd, 000099.883, 169
Trd, 000100.550, 158.0
Trd, 000100.833, 158
Trd, 000101.100, 158
Trd, 000101.467, 157
Trd, 000102.033, 158
Trd, 000102.150, 158.0
Trd, 000102.367, 171
Trd, 000103.217, 161
Trd, 000103.367, 157
Trd, 000104.450, 159
Trd, 000104.833, 154
Trd, 000105.900, 162
Trd, 000106.633, 150.0
Trd, 000107.133, 149.0
Trd, 000107.750, 150.0
Trd, 000108.117, 151.0
Trd, 000108.917, 151
Trd, 000109.217, 161
Trd, 000109.400, 158.0
Trd, 000111.300, 154
Trd, 000112.083, 156
Trd, 000112.717, 154.0
Trd, 000112.967, 153
Trd, 000113.000, 153
Trd, 000113.617, 152
Trd, 000113.933, 153.0
Trd, 000114.617, 161
Trd, 000114.800, 175
Trd, 000116.967, 161
Trd, 000117.483, 162
Trd, 000118.183, 160
Trd, 000118.267, 158.0
Trd, 000118.633, 158
Trd, 000118.667, 157
Trd, 000119.167, 156
Trd, 000119.367, 158
Trd, 000119.967, 156
Trd, 000120.250, 155
Trd, 000120.800, 155
Trd, 000120.917, 153
Trd, 000122.483, 151
Trd, 000123.117, 151
Trd, 000123.883, 151
Trd, 000124.167, 149
Trd, 000124.617, 149
Trd, 000125.050, 155
Trd, 000125.783, 149
Trd, 000126.117, 152
Trd, 000126.167, 148.0
Trd, 000126.717, 142
Trd, 000127.117, 155
Trd, 000127.783, 165
Trd, 000129.283, 164
Trd, 000129.633, 162
Trd, 000130.150, 162
Trd, 000131.250, 161
Trd, 000131.517, 167
Trd, 000132.683, 161
Trd, 000133.467, 163
Trd, 000133.633, 161
Trd, 000134.783, 159
Trd, 000135.067, 158
Trd, 000135.083, 158.0
Trd, 000135.533, 149
Trd, 000135.833, 151.0
Trd, 000136.217, 159
Trd, 000137.167, 153
Trd, 000139.317, 155
Trd, 000139.333, 152.0
Trd, 000140.017, 153
Trd, 000141.300, 156
Trd, 000142.533, 154
Trd, 000142.700, 154
Trd, 000143.917, 152
Trd, 000144.150, 153
Trd, 000144.767, 157
Trd, 000144.900, 157
Trd, 000145.517, 156
Trd, 000145.750, 152
Trd, 000145.900, 152
Trd, 000146.967, 151
Trd, 000147.017, 154
Trd, 000148.067, 153
Trd, 000148.500, 150
Trd, 000149.117, 151
Trd, 000149.183, 155
Trd, 000149.233, 156
Trd, 000149.367, 150
Trd, 000149.500, 140
Trd, 000149.633, 158.0
Trd, 000151.417, 156
Trd, 000151.533, 155
Trd, 000151.600, 157
Trd, 000152.217, 155
Trd, 000153.050, 157
Trd, 000153.117, 155
Trd, 000153.683, 157
Trd, 000153.733, 154
Trd, 000153.767, 168
Trd, 000154.700, 154
Trd, 000154.750, 154
Trd, 000156.667, 164
Trd, 000157.317, 166
Trd, 000157.417, 164
Trd, 000158.250, 169
Trd, 000159.667, 165
Trd, 000159.883, 164
Trd, 000159.933, 163
Trd, 000161.450, 162
Trd, 000161.567, 163.0
Trd, 000162.017, 163
Trd, 000162.933, 162
Trd, 000164.067, 163
Trd, 000164.400, 162
Trd, 000164.583, 165.0
Trd, 000164.717, 161
Trd, 000165.533, 160
Trd, 000166.350, 166
Trd, 000167.450, 164
Trd, 000167.517, 160
Trd, 000169.083, 161
Trd, 000169.467, 160
Trd, 000169.567, 150.0
Trd, 000170.733, 155
Trd, 000171.117, 154
Trd, 000172.000, 155
Trd, 000172.017, 160
Trd, 000172.367, 156
Trd, 000172.400, 154
Trd, 000172.667, 155
Trd, 000173.333, 150.0
Trd, 000173.750, 150.0
Trd, 000174.617, 149
Trd, 000175.817, 151.0
Trd, 000176.650, 150
Trd, 000177.083, 151
Trd, 000177.833, 150
Trd, 000178.717, 151.0
Trd, 000179.050, 152
Trd, 000179.867, 154
Trd, 000180.150, 150
Trd, 000181.217, 155
Trd, 000181.583, 155
Trd, 000181.950, 154
Trd, 000182.567, 151
Trd, 000183.700, 150
Trd, 000184.400, 152
Trd, 000184.733, 151
Trd, 000185.517, 153
Trd, 000185.933, 152
Trd, 000186.283, 156
Trd, 000188.667, 153
Trd, 000188.717, 158
Trd, 000190.050, 154
Trd, 000190.100, 157
Trd, 000190.583, 155
Trd, 000191.667, 154
Trd, 000192.083, 154
Trd, 000192.100, 155
Trd, 000193.217, 157
Trd, 000193.350, 165.0
Trd, 000194.033, 158
Trd, 000195.083, 159.0
Trd, 000195.267, 159
Trd, 000196.300, 158.0
Trd, 000196.350, 158
Trd, 000196.533, 158
Trd, 000198.200, 161
Trd, 000199.217, 158
Trd, 000199.467, 160
Trd, 000200.650, 161.0
Trd, 000200.800, 159
Trd, 000201.117, 159
Trd, 000201.150, 161.0
Trd, 000201.300, 158.0
Trd, 000201.600, 157
Trd, 000201.917, 156
Trd, 000202.717, 161
Trd, 000202.950, 159
Trd, 000203.417, 156
Trd, 000203.500, 158
Trd, 000204.783, 156
Trd, 000206.550, 159.0
Trd, 000206.567, 158.0
Trd, 000207.117, 158
Trd, 000208.650, 161
Trd, 000208.850, 160
Trd, 000209.000, 161
Trd, 000209.933, 160
Trd, 000210.267, 161
Trd, 000210.983, 159
Trd, 000211.533, 153
Trd, 000212.433, 157
Trd, 000212.483, 156
Trd, 000212.950, 156
Trd, 000213.117, 157
Trd, 000215.850, 150
Trd, 000216.367, 155
Trd, 000216.717, 154
Trd, 000217.000, 153
Trd, 000217.067, 151
Trd, 000217.317, 155
Trd, 000217.733, 149.0
Trd, 000217.950, 163
Trd, 000218.350, 159
Trd, 000218.483, 158.0
Trd, 000221.167, 157
Trd, 000221.250, 157
Trd, 000221.700, 156
Trd, 000222.033, 162
Trd, 000223.500, 155
Trd, 000223.617, 157
Trd, 000223.683, 156
Trd, 000223.783, 155
Trd, 000224.667, 167
Trd, 000225.250, 159
Trd, 000226.400, 160.0
Trd, 000227.717, 159
Trd, 000227.933, 158.0
Trd, 000228.150, 159
Trd, 000228.867, 157
Trd, 000228.983, 158.0
Trd, 000229.100, 157
Trd, 000229.933, 164.0
Trd, 000230.450, 165.0
Trd, 000231.600, 159
Trd, 000232.950, 160
Trd, 000233.250, 162
Trd, 000233.717, 160.0
Trd, 000234.250, 161
Trd, 000235.333, 160
Trd, 000236.467, 158.0
Trd, 000237.167, 160
Trd, 000238.583, 160
Trd, 000239.600, 159
Trd, 000239.733, 158
Trd, 000240.200, 158
Trd, 000240.250, 158.0
Trd, 000241.017, 157
Trd, 000241.300, 157
Trd, 000241.483, 153
Trd, 000241.567, 151.0
Trd, 000242.117, 154
Trd, 000242.217, 156
Trd, 000242.750, 158
Trd, 000243.217, 160
Trd, 000243.750, 158
Trd, 000244.717, 156
Trd, 000245.033, 156
Trd, 000245.100, 155
Trd, 000246.433, 156
Trd, 000246.850, 155
Trd, 000247.267, 156
Trd, 000247.983, 155
Trd, 000248.233, 156
Trd, 000248.717, 156
Trd, 000249.083, 156
Trd, 000249.183, 161
Trd, 000250.000, 154.0
Trd, 000250.200, 155.0
Trd, 000250.400, 154
Trd, 000251.383, 157
Trd, 000251.783, 155
Trd, 000252.100, 154
Trd, 000252.200, 151.0
Trd, 000252.750, 151.0
Trd, 000253.300, 158.0
Trd, 000253.800, 167
Trd, 000254.117, 164
Trd, 000254.700, 158
Trd, 000254.717, 157
Trd, 000255.300, 156
Trd, 000255.517, 154
Trd, 000256.233, 155
Trd, 000256.417, 155
Trd, 000256.783, 148.0
Trd, 000257.333, 147
Trd, 000257.400, 145
Trd, 000257.650, 149
Trd, 000257.950, 150
Trd, 000258.300, 153
Trd, 000258.333, 154
Trd, 000259.783, 157.0
Trd, 000259.850, 153
Trd, 000259.917, 151.0
Trd, 000260.900, 149
Trd, 000261.750, 155
Trd, 000262.567, 149.0
Trd, 000262.617, 149
Trd, 000262.750, 148.0
Trd, 000263.050, 149.0
Trd, 000263.617, 147.0
Trd, 000263.667, 150
Trd, 000264.250, 146
Trd, 000264.383, 145
Trd, 000265.167, 140
Trd, 000265.867, 147.0
Trd, 000266.267, 140
Trd, 000266.800, 140
Trd, 000267.267, 141.0
Trd, 000267.350, 145
Trd, 000268.033, 146.0
Trd, 000268.100, 151.0
Trd, 000268.183, 156
Trd, 000268.367, 144
Trd, 000268.983, 144
Trd, 000270.000, 146
Trd, 000270.133, 147
Trd, 000270.150, 148
Trd, 000271.117, 156.0
Trd, 000272.467, 159
Trd, 000273.133, 164.0
Trd, 000273.717, 166
Trd, 000273.883, 160
Trd, 000274.117, 160
Trd, 000274.217, 158
Trd, 000274.633, 167
Trd, 000274.650, 158.0
Trd, 000274.683, 158
Trd, 000275.517, 157
Trd, 000275.617, 168
Trd, 000276.433, 156
Trd, 000276.467, 151.0
Trd, 000277.400, 158
Trd, 000278.600, 160
Trd, 000278.983, 156
Trd, 000279.750, 158
Trd, 000280.383, 158
Trd, 000280.467, 164.0
Trd, 000280.817, 164.0
Trd, 000280.983, 157
Trd, 000281.133, 157
Trd, 000282.117, 152.0
Trd, 000282.500, 157
Trd, 000282.950, 151.0
Trd, 000283.617, 150
Trd, 000284.100, 157
Trd, 000284.950, 156
Trd, 000285.733, 154
Trd, 000285.933, 154
Trd, 000286.067, 162.0
Trd, 000286.483, 153
Trd, 000286.783, 151.0
Trd, 000288.033, 158.0
Trd, 000288.083, 150
Trd, 000288.217, 158
Trd, 000288.450, 150
Trd, 000288.517, 139
Trd, 000288.683, 137.0
Trd, 000290.000, 152
Trd, 000290.117, 148.0
Trd, 000291.183, 151.0
Trd, 000291.383, 152
Trd, 000291.533, 153
Trd, 000291.667, 151
Trd, 000292.067, 154
Trd, 000292.200, 152
Trd, 000292.250, 155
Trd, 000292.683, 160
Trd, 000293.350, 158.0
Trd, 000293.433, 155
Trd, 000293.683, 153
Trd, 000295.333, 154
Trd, 000295.550, 151
Trd, 000295.850, 155
Trd, 000296.783, 150
Trd, 000297.017, 151.0
Trd, 000297.200, 152
Trd, 000297.683, 140.0
Trd, 000297.767, 141.0
Trd, 000298.067, 144
Trd, 000298.400, 164.0
Trd, 000299.383, 149
Trd, 000299.450, 146
Trd, 000299.567, 137.0
Trd, 000299.583, 127.0
