Trd, 000001.950, 119.0
Trd, 000003.650, 150
Trd, 000003.983, 151
Trd, 000004.067, 148.0
Trd, 000004.317, 145
Trd, 000004.867, 144
Trd, 000005.833, 151
Trd, 000005.933, 148.0
Trd, 000006.367, 140
Trd, 000007.767, 150
Trd, 000008.100, 151
Trd, 000009.067, 152
Trd, 000009.100, 155.0
Trd, 000009.767, 152
Trd, 000009.817, 158.0
Trd, 000010.633, 154
Trd, 000010.933, 154
Trd, 000011.900, 152
Trd, 000011.950, 151
Trd, 000012.283, 153
Trd, 000012.317, 154
Trd, 000012.617, 150
Trd, 000012.817, 148
Trd, 000013.000, 155
Trd, 000013.633, 148
Trd, 000015.367, 150.0
Trd, 000015.417, 154.0
Trd, 000015.950, 150.0
Trd, 000016.183, 155.0
Trd, 000018.167, 151
Trd, 000019.517, 153.0
Trd, 000019.667, 152
Trd, 000020.017, 153
Trd, 000020.317, 152
Trd, 000020.367, 151
Trd, 000020.450, 148.0
Trd, 000020.667, 154
Trd, 000020.767, 155.0
Trd, 000021.450, 153
Trd, 000021.600, 151
Trd, 000021.633, 150
Trd, 000022.500, 149
Trd, 000023.567, 148
Trd, 000023.900, 147
Trd, 000024.300, 152.0
Trd, 000025.400, 149.0
Trd, 000025.683, 150
Trd, 000028.167, 150
Trd, 000028.367, 149.0
Trd, 000029.050, 147
Trd, 000029.967, 150
Trd, 000030.117, 151
Trd, 000030.267, 151
Trd, 000030.367, 150
Trd, 000030.867, 148
Trd, 000030.967, 148
Trd, 000031.133, 152
Trd, 000031.667, 148.0
Trd, 000031.683, 145
Trd, 000031.750, 155.0
Trd, 000032.033, 158.0
Trd, 000032.733, 146
Trd, 000034.033, 158
Trd, 000034.433, 159
Trd, 000034.867, 160
Trd, 000034.983, 160
Trd, 000035.400, 155
Trd, 000035.850, 162.0
Trd, 000035.867, 163
Trd, 000036.483, 153
Trd, 000036.650, 150
Trd, 000036.800, 148.0
Trd, 000037.267, 162
Trd, 000038.083, 161
Trd, 000038.767, 154.0
Trd, 000039.100, 154.0
Trd, 000039.283, 154
Trd, 000039.633, 153
Trd, 000040.017, 151
Trd, 000040.167, 150
Trd, 000040.400, 155.0
Trd, 000040.750, 151
Trd, 000042.850, 152
Trd, 000043.450, 151
Trd, 000043.667, 152
Trd, 000044.383, 153
Trd, 000045.183, 155
Trd, 000045.750, 154
Trd, 000046.300, 154.0
Trd, 000046.367, 153
Trd, 000046.550, 152
Trd, 000047.700, 150
Trd, 000048.367, 155.0
Trd, 000049.300, 154
Trd, 000049.333, 152
Trd, 000049.350, 152
Trd, 000049.467, 150.0
Trd, 000049.667, 151
Trd, 000049.800, 157.0
Trd, 000050.183, 151
Trd, 000050.550, 155.0
Trd, 000051.333, 150
Trd, 000052.050, 155.0
Trd, 000053.033, 155
Trd, 000053.867, 155
Trd, 000053.983, 155
Trd, 000054.200, 155
Trd, 000054.400, 154
Trd, 000054.700, 154
Trd, 000055.167, 155
Trd, 000055.400, 151
Trd, 000055.817, 156
Trd, 000058.250, 157
Trd, 000058.333, 156
Trd, 000058.783, 156
Trd, 000058.933, 157
Trd, 000059.017, 155
Trd, 000059.317, 159.0
Trd, 000059.467, 154
Trd, 000060.017, 154
Trd, 000060.267, 153
Trd, 000060.750, 154.0
Trd, 000061.233, 155.0
Trd, 000061.517, 154
Trd, 000062.067, 152.0
Trd, 000062.900, 150
Trd, 000063.750, 153.0
Trd, 000064.100, 151.0
Trd, 000064.533, 149
Trd, 000064.983, 152
Trd, 000065.617, 155.0
Trd, 000065.933, 158.0
Trd, 000066.067, 151.0
Trd, 000066.867, 148.0
Trd, 000067.450, 154.0
Trd, 000067.867, 151
Trd, 000067.900, 150
Trd, 000069.767, 153.0
Trd, 000069.883, 154
Trd, 000070.267, 154
Trd, 000070.533, 155.0
Trd, 000071.467, 156.0
Trd, 000071.833, 158.0
Trd, 000072.350, 155
Trd, 000072.900, 155
Trd, 000073.417, 154
Trd, 000073.567, 158.0
Trd, 000073.900, 159
Trd, 000074.517, 154
Trd, 000074.567, 152
Trd, 000075.350, 154.0
Trd, 000075.800, 152
Trd, 000076.067, 137.0
Trd, 000076.500, 146
Trd, 000076.950, 150.0
Trd, 000077.483, 149
Trd, 000077.817, 148
Trd, 000077.967, 149.0
Trd, 000078.200, 148
Trd, 000078.483, 148.0
Trd, 000078.983, 147
Trd, 000079.733, 147
Trd, 000079.833, 150
Trd, 000080.167, 144
Trd, 000081.000, 145
Trd, 000082.750, 151
Trd, 000084.100, 148
Trd, 000084.267, 148
Trd, 000084.700, 149
Trd, 000085.283, 152.0
Trd, 000085.417, 153.0
Trd, 000085.683, 150
Trd, 000086.667, 155.0
Trd, 000087.150, 150
Trd, 000087.250, 149
Trd, 000088.367, 151.0
Trd, 000088.700, 155.0
Trd, 000089.517, 150.0
Trd, 000090.850, 155.0
Trd, 000091.233, 155
Trd, 000092.067, 154.0
Trd, 000092.150, 155
Trd, 000092.617, 154
Trd, 000092.700, 155.0
Trd, 000092.767, 158.0
Trd, 000093.833, 154
Trd, 000095.467, 157
Trd, 000095.600, 156
Trd, 000095.933, 153
Trd, 000096.300, 151
Trd, 000097.117, 155.0
Trd, 000097.617, 152
Trd, 000098.167, 150
Trd, 000098.200, 151
Trd, 000098.950, 148.0
Trd, 000098.983, 150
Trd, 000099.650, 149
Trd, 000099.917, 150
Trd, 000100.600, 152
Trd, 000101.183, 152
Trd, 000102.217, 139
Trd, 000102.533, 149
Trd, 000102.783, 148
Trd, 000103.017, 153.0
Trd, 000103.133, 149
Trd, 000104.133, 148
Trd, 000104.667, 151.0
Trd, 000104.917, 148
Trd, 000105.583, 151
Trd, 000105.667, 152
Trd, 000105.983, 148.0
Trd, 000106.517, 153.0
Trd, 000106.917, 148
Trd, 000106.967, 137.0
Trd, 000108.433, 155
Trd, 000108.667, 152
Trd, 000109.250, 157.0
Trd, 000109.983, 155
Trd, 000111.333, 154
Trd, 000111.550, 153
Trd, 000111.800, 156
Trd, 000112.233, 152
Trd, 000113.150, 152
Trd, 000113.583, 151
Trd, 000113.933, 151
Trd, 000113.967, 153.0
Trd, 000114.383, 154.0
Trd, 000114.417, 155.0
Trd, 000115.250, 152
Trd, 000116.567, 154
Trd, 000117.050, 153
Trd, 000117.233, 153
Trd, 000117.383, 153
Trd, 000117.867, 151
Trd, 000119.500, 151
Trd, 000119.683, 150
Trd, 000119.700, 152
Trd, 000119.733, 154
Trd, 000119.850, 158.0
Trd, 000120.517, 155
Trd, 000121.350, 154.0
Trd, 000122.067, 153
Trd, 000122.167, 149
Trd, 000124.100, 153
Trd, 000124.517, 153
Trd, 000124.833, 149.0
Trd, 000125.000, 148
Trd, 000125.083, 154
Trd, 000126.450, 150
Trd, 000127.000, 150
Trd, 000127.400, 149
Trd, 000127.433, 148.0
Trd, 000129.517, 153
Trd, 000129.700, 162.0
Trd, 000130.200, 153
Trd, 000130.217, 152
Trd, 000131.033, 149
Trd, 000131.633, 150.0
Trd, 000131.833, 151.0
Trd, 000132.200, 150
Trd, 000132.517, 155.0
Trd, 000134.117, 148.0
Trd, 000135.117, 137.0
Trd, 000135.217, 150.0
Trd, 000135.650, 139
Trd, 000136.067, 150
Trd, 000137.233, 148.0
Trd, 000138.350, 149
Trd, 000138.583, 149
Trd, 000138.733, 150
Trd, 000140.067, 150
Trd, 000140.433, 151
Trd, 000141.250, 152
Trd, 000141.850, 155.0
Trd, 000142.600, 154
Trd, 000142.883, 152
Trd, 000143.333, 152
Trd, 000143.600, 151
Trd, 000144.417, 152
Trd, 000145.283, 152.0
Trd, 000145.367, 153.0
Trd, 000145.650, 152
Trd, 000146.833, 154.0
Trd, 000146.933, 153
Trd, 000147.300, 155.0
Trd, 000147.383, 154
Trd, 000147.667, 152
Trd, 000149.017, 154
Trd, 000149.350, 152
Trd, 000149.567, 152.0
Trd, 000149.750, 151
Trd, 000150.017, 152
Trd, 000150.200, 154.0
Trd, 000151.117, 151
Trd, 000151.633, 151
Trd, 000152.050, 150
Trd, 000153.233, 153.0
Trd, 000153.400, 150
Trd, 000154.467, 155.0
Trd, 000154.700, 151
Trd, 000154.983, 151
Trd, 000155.183, 150
Trd, 000155.617, 157.0
Trd, 000155.650, 151
Trd, 000156.200, 157
Trd, 000156.633, 153
Trd, 000156.767, 155
Trd, 000157.717, 150
Trd, 000158.700, 155.0
Trd, 000158.850, 151
Trd, 000159.683, 160
Trd, 000159.767, 152
Trd, 000160.083, 154
Trd, 000160.317, 155.0
Trd, 000160.533, 153
Trd, 000160.900, 153
Trd, 000161.267, 158
Trd, 000162.867, 156
Trd, 000162.983, 158
Trd, 000164.500, 154
Trd, 000164.967, 154
Trd, 000165.250, 153
Trd, 000165.283, 154.0
Trd, 000166.267, 155.0
Trd, 000166.550, 154
Trd, 000166.850, 157.0
Trd, 000167.550, 155.0
Trd, 000169.050, 155
Trd, 000169.817, 152
Trd, 000170.250, 154.0
Trd, 000170.567, 154
Trd, 000170.733, 154.0
Trd, 000171.217, 155.0
Trd, 000171.433, 154
Trd, 000171.600, 154
Trd, 000172.550, 151
Trd, 000173.517, 151
Trd, 000174.333, 149
Trd, 000175.067, 149
Trd, 000175.350, 150
Trd, 000175.433, 148
Trd, 000175.833, 153.0
Trd, 000175.850, 154
Trd, 000176.783, 149.0
Trd, 000176.883, 148.0
Trd, 000177.367, 147
Trd, 000179.000, 149
Trd, 000179.267, 151
Trd, 000179.367, 149
Trd, 000179.833, 152
Trd, 000180.033, 152
Trd, 000180.250, 158.0
Trd, 000181.217, 151
Trd, 000183.567, 149
Trd, 000183.767, 149
Trd, 000184.167, 155.0
Trd, 000184.217, 158.0
Trd, 000184.267, 148.0
Trd, 000184.517, 137.0
Trd, 000185.283, 144
Trd, 000185.683, 160
Trd, 000185.717, 150
Trd, 000186.050, 150
Trd, 000186.250, 151
Trd, 000188.050, 154
Trd, 000188.333, 154
Trd, 000188.450, 153
Trd, 000188.533, 150
Trd, 000189.817, 150
Trd, 000190.267, 148.0
Trd, 000190.467, 153
Trd, 000191.217, 154.0
Trd, 000191.633, 147
Trd, 000191.933, 155.0
Trd, 000192.483, 146
Trd, 000192.933, 147
Trd, 000193.217, 148.0
Trd, 000194.417, 150
Trd, 000195.050, 148
Trd, 000195.967, 149
Trd, 000196.717, 154
Trd, 000196.833, 155.0
Trd, 000196.917, 149
Trd, 000196.933, 144
Trd, 000197.133, 158.0
Trd, 000197.483, 157
Trd, 000198.350, 157
Trd, 000198.767, 155
Trd, 000200.000, 152.0
Trd, 000200.117, 148.0
Trd, 000201.333, 151
Trd, 000201.400, 152.0
Trd, 000201.450, 150
Trd, 000202.317, 157.0
Trd, 000203.033, 149
Trd, 000203.283, 148
Trd, 000203.667, 148
Trd, 000203.783, 147
Trd, 000205.200, 149
Trd, 000205.883, 151
Trd, 000206.100, 152.0
Trd, 000206.717, 151
Trd, 000207.017, 152
Trd, 000207.867, 152
Trd, 000207.917, 153
Trd, 000208.733, 152
Trd, 000208.783, 154.0
Trd, 000208.900, 155.0
Trd, 000209.750, 160.0
Trd, 000210.217, 155
Trd, 000210.300, 161.0
Trd, 000211.333, 154
Trd, 000211.750, 152
Trd, 000212.533, 161.0
Trd, 000212.933, 155
Trd, 000212.983, 154
Trd, 000213.350, 148.0
Trd, 000214.217, 163
Trd, 000215.417, 159
Trd, 000216.100, 157
Trd, 000216.917, 158
Trd, 000217.350, 158
Trd, 000217.500, 159
Trd, 000218.533, 159
Trd, 000218.583, 158
Trd, 000219.500, 161.0
Trd, 000219.700, 158
Trd, 000219.983, 157
Trd, 000221.183, 157.0
Trd, 000221.250, 155
Trd, 000221.500, 151
Trd, 000221.600, 150
Trd, 000222.267, 148.0
Trd, 000222.667, 156.0
Trd, 000222.933, 157.0
Trd, 000223.900, 139.0
Trd, 000224.383, 149.0
Trd, 000225.217, 150.0
Trd, 000225.367, 155
Trd, 000225.883, 157.0
Trd, 000226.983, 165
Trd, 000227.217, 167
Trd, 000227.250, 153
Trd, 000227.717, 156
Trd, 000228.083, 153
Trd, 000228.233, 155.0
Trd, 000228.800, 154
Trd, 000228.883, 169
Trd, 000229.150, 155
Trd, 000229.717, 154
Trd, 000230.433, 154
Trd, 000231.767, 153
Trd, 000232.283, 152.0
Trd, 000232.933, 152.0
Trd, 000233.017, 153
Trd, 000233.817, 152
Trd, 000234.233, 152
Trd, 000234.267, 151
Trd, 000234.350, 150
Trd, 000235.867, 155.0
Trd, 000235.883, 150
Trd, 000236.233, 150
Trd, 000236.267, 161.0
Trd, 000236.850, 150.0
Trd, 000239.717, 154.0
Trd, 000239.950, 158.0
Trd, 000240.333, 163
Trd, 000240.467, 156
Trd, 000240.667, 156.0
Trd, 000240.833, 156
Trd, 000240.983, 158
Trd, 000241.167, 165
Trd, 000241.433, 156
Trd, 000241.717, 155
Trd, 000242.100, 159
Trd, 000242.433, 155.0
Trd, 000242.933, 153
Trd, 000243.150, 150
Trd, 000243.283, 155.0
Trd, 000244.533, 152
Trd, 000245.267, 150
Trd, 000245.283, 150
Trd, 000245.433, 148.0
Trd, 000245.700, 151
Trd, 000246.350, 147
Trd, 000246.700, 147
Trd, 000246.717, 149
Trd, 000246.833, 146
Trd, 000247.050, 143.0
Trd, 000248.000, 142
Trd, 000248.300, 150
Trd, 000248.683, 152
Trd, 000248.750, 155.0
Trd, 000249.350, 149
Trd, 000250.100, 154
Trd, 000250.817, 152
Trd, 000251.050, 151
Trd, 000251.067, 149
Trd, 000251.267, 149
Trd, 000251.817, 148
Trd, 000252.067, 150
Trd, 000252.400, 148.0
Trd, 000252.567, 152
Trd, 000252.917, 147
Trd, 000253.033, 146
Trd, 000253.283, 146
Trd, 000254.417, 149.0
Trd, 000254.617, 150.0
Trd, 000254.833, 151
Trd, 000255.150, 148.0
Trd, 000256.667, 155.0
Trd, 000256.850, 155
Trd, 000257.133, 157.0
Trd, 000258.133, 154
Trd, 000259.333, 154
Trd, 000259.517, 155.0
Trd, 000259.667, 154
Trd, 000259.733, 150
Trd, 000260.650, 155
Trd, 000261.217, 155
Trd, 000261.467, 155
Trd, 000261.867, 156
Trd, 000261.917, 155
Trd, 000262.667, 155
Trd, 000263.267, 156
Trd, 000263.533, 158.0
Trd, 000264.050, 161.0
Trd, 000264.500, 161.0
Trd, 000264.683, 157
Trd, 000265.333, 158
Trd, 000265.483, 159
Trd, 000265.667, 157
Trd, 000266.017, 156
Trd, 000266.117, 159
Trd, 000266.350, 156
Trd, 000266.567, 155.0
Trd, 000266.917, 153
Trd, 000267.017, 151
Trd, 000267.617, 151
Trd, 000267.967, 150
Trd, 000268.250, 148.0
Trd, 000268.367, 156
Trd, 000270.183, 154.0
Trd, 000270.550, 152
Trd, 000270.633, 150
Trd, 000271.017, 149
Trd, 000271.117, 149
Trd, 000271.200, 154
Trd, 000271.400, 148.0
Trd, 000272.383, 154
Trd, 000272.700, 141.0
Trd, 000273.083, 152
Trd, 000273.317, 149
Trd, 000273.833, 155.0
Trd, 000275.117, 151
Trd, 000275.433, 149
Trd, 000276.050, 151
Trd, 000276.167, 150
Trd, 000276.183, 149
Trd, 000276.350, 149
Trd, 000277.017, 148
Trd, 000277.033, 150.0
Trd, 000277.517, 148.0
Trd, 000277.933, 146
Trd, 000279.417, 149.0
Trd, 000279.483, 148.0
Trd, 000279.517, 147
Trd, 000280.133, 154
Trd, 000280.600, 153
Trd, 000281.017, 150
Trd, 000281.517, 154
Trd, 000282.033, 147
Trd, 000282.167, 141.0
Trd, 000284.650, 147
Trd, 000285.100, 148
Trd, 000285.350, 148
Trd, 000285.500, 149
Trd, 000285.517, 148
Trd, 000285.650, 151
Trd, 000286.467, 155.0
Trd, 000286.733, 158.0
Trd, 000286.917, 151
Trd, 000287.183, 152
Trd, 000287.200, 148
Trd, 000288.450, 151
Trd, 000290.200, 154
Trd, 000290.433, 152
Trd, 000290.467, 151
Trd, 000290.683, 155
Trd, 000291.183, 156
Trd, 000291.433, 155
Trd, 000291.867, 152
Trd, 000292.067, 154
Trd, 000293.450, 154
Trd, 000294.000, 150
Trd, 000294.617, 150
Trd, 000295.000, 150
Trd, 000295.250, 150
Trd, 000295.517, 151
Trd, 000296.183, 150
Trd, 000296.650, 153.0
Trd, 000296.800, 149
Trd, 000296.967, 151
Trd, 000297.517, 152
Trd, 000298.000, 151
Trd, 000298.333, 157.0
Trd, 000298.667, 155.0
Trd, 000298.833, 151
Trd, 000298.867, 150
