Trd, 000000.833, 200.0
Trd, 000001.483, 130.0
Trd, 000001.883, 131.0
Trd, 000002.367, 157
Trd, 000002.450, 160
Trd, 000002.967, 167
Trd, 000003.767, 153
Trd, 000005.867, 169
Trd, 000005.983, 162.0
Trd, 000006.217, 161
Trd, 000007.117, 153
Trd, 000007.600, 150
Trd, 000007.850, 141.0
Trd, 000007.933, 157
Trd, 000008.017, 157
Trd, 000008.100, 158
Trd, 000010.917, 154
Trd, 000011.700, 156
Trd, 000012.250, 153
Trd, 000012.517, 154
Trd, 000012.800, 151
Trd, 000013.100, 150
Trd, 000015.267, 151
Trd, 000015.383, 147
Trd, 000015.450, 156
Trd, 000016.183, 155
Trd, 000016.567, 158
Trd, 000016.783, 165
Trd, 000017.283, 172.0
Trd, 000018.600, 162.0
Trd, 000019.717, 157
Trd, 000019.733, 150
Trd, 000020.450, 153
Trd, 000021.333, 151
Trd, 000021.667, 151
Trd, 000022.317, 150
Trd, 000022.733, 149
Trd, 000022.950, 149
Trd, 000023.150, 151
Trd, 000023.733, 152
Trd, 000024.567, 153
Trd, 000025.933, 150
Trd, 000026.050, 150
Trd, 000027.100, 143
Trd, 000027.733, 153
Trd, 000028.850, 155
Trd, 000029.383, 144
Trd, 000030.133, 154
Trd, 000030.417, 157
Trd, 000030.617, 150
Trd, 000031.283, 162.0
Trd, 000031.333, 165
Trd, 000032.983, 158
Trd, 000033.133, 159
Trd, 000033.250, 153
Trd, 000033.933, 150
Trd, 000034.350, 151
Trd, 000034.883, 150
Trd, 000035.167, 151
Trd, 000036.617, 149
Trd, 000036.800, 153
Trd, 000036.967, 155
Trd, 000038.033, 151
Trd, 000038.400, 149
Trd, 000038.417, 153
Trd, 000038.850, 157
Trd, 000039.067, 156
Trd, 000039.217, 158
Trd, 000039.700, 155
Trd, 000039.867, 160
Trd, 000040.133, 148
Trd, 000040.767, 161
Trd, 000041.583, 155
Trd, 000043.367, 156
Trd, 000043.483, 166
Trd, 000043.667, 150
Trd, 000044.483, 154
Trd, 000046.333, 151
Trd, 000046.400, 157
Trd, 000047.033, 158
Trd, 000047.350, 167
Trd, 000048.233, 150
Trd, 000050.750, 153
Trd, 000051.100, 150
Trd, 000051.250, 149
Trd, 000051.933, 135.0
Trd, 000052.567, 152
Trd, 000052.633, 155
Trd, 000054.650, 153
Trd, 000055.700, 151
Trd, 000056.067, 151
Trd, 000056.233, 150
Trd, 000056.300, 148
Trd, 000056.467, 152
Trd, 000058.600, 148
Trd, 000059.133, 149
Trd, 000059.183, 147
Trd, 000060.600, 154
Trd, 000060.667, 155
Trd, 000061.233, 158
Trd, 000061.383, 164
Trd, 000061.883, 147
Trd, 000062.483, 158
Trd, 000063.917, 169
Trd, 000064.367, 148
Trd, 000064.583, 157
Trd, 000064.717, 158
Trd, 000067.083, 153
Trd, 000067.117, 151
Trd, 000067.467, 149
Trd, 000069.400, 152
Trd, 000069.900, 149
Trd, 000069.950, 151
Trd, 000070.233, 151
Trd, 000072.233, 149
Trd, 000072.983, 150
Trd, 000073.950, 155
Trd, 000074.083, 158
Trd, 000075.033, 149
Trd, 000075.050, 148
Trd, 000077.583, 148
Trd, 000077.950, 149
Trd, 000077.983, 150
Trd, 000078.383, 151
Trd, 000078.800, 150
Trd, 000079.067, 148
Trd, 000079.133, 147
Trd, 000079.583, 145
Trd, 000079.817, 155
Trd, 000081.417, 157
Trd, 000081.633, 158
Trd, 000082.083, 152
Trd, 000083.767, 147
Trd, 000084.350, 147
Trd, 000084.750, 146
Trd, 000085.200, 147
Trd, 000085.367, 148
Trd, 000085.467, 146
Trd, 000085.533, 154
Trd, 000086.183, 146
Trd, 000086.217, 155
Trd, 000086.233, 158
Trd, 000088.817, 145
Trd, 000090.017, 151
Trd, 000090.117, 152
Trd, 000090.167, 148
Trd, 000090.567, 153
Trd, 000090.717, 141.0
Trd, 000091.167, 155
Trd, 000091.250, 152
Trd, 000091.333, 157
Trd, 000092.367, 158
Trd, 000092.833, 155
Trd, 000092.983, 151
Trd, 000093.417, 151
Trd, 000095.667, 155
Trd, 000097.050, 150
Trd, 000097.467, 150
Trd, 000097.717, 152
Trd, 000098.000, 155
Trd, 000098.500, 172
Trd, 000098.667, 159
Trd, 000099.217, 158.0
Trd, 000099.383, 150
Trd, 000099.483, 159
Trd, 000100.783, 155
Trd, 000101.233, 154
Trd, 000102.300, 160
Trd, 000102.483, 152
Trd, 000103.100, 150
Trd, 000103.500, 152
Trd, 000103.817, 154
Trd, 000105.250, 157
Trd, 000106.083, 153
Trd, 000106.567, 154
Trd, 000106.983, 152
Trd, 000107.283, 151
Trd, 000107.800, 154
Trd, 000107.867, 155
Trd, 000108.650, 158
Trd, 000109.767, 154
Trd, 000109.917, 157
Trd, 000110.367, 154
Trd, 000112.967, 153
Trd, 000113.100, 156
Trd, 000113.817, 155
Trd, 000114.383, 154
Trd, 000114.450, 155
Trd, 000115.083, 156
Trd, 000115.400, 152
Trd, 000115.533, 157
Trd, 000115.683, 158
Trd, 000116.650, 171.0
Trd, 000117.067, 152
Trd, 000118.633, 151
Trd, 000119.100, 150
Trd, 000119.967, 159
Trd, 000120.500, 158
Trd, 000120.650, 150
Trd, 000121.050, 158
Trd, 000121.517, 147
Trd, 000123.317, 158
Trd, 000123.833, 149
Trd, 000123.867, 149
Trd, 000125.900, 142.0
Trd, 000125.983, 153
Trd, 000126.150, 155
Trd, 000126.650, 141.0
Trd, 000127.200, 149
Trd, 000127.767, 140
Trd, 000127.900, 149
Trd, 000131.267, 148.0
Trd, 000131.917, 146
Trd, 000133.100, 146
Trd, 000133.333, 145
Trd, 000133.433, 146
Trd, 000133.450, 145
Trd, 000134.333, 152
Trd, 000135.150, 149
Trd, 000136.583, 149
Trd, 000137.250, 147
Trd, 000138.000, 151
Trd, 000138.167, 155
Trd, 000138.300, 155
Trd, 000139.600, 157
Trd, 000140.183, 151
Trd, 000140.383, 150
Trd, 000140.933, 150
Trd, 000141.050, 156
Trd, 000141.933, 149
Trd, 000142.033, 157
Trd, 000143.050, 156
Trd, 000143.867, 156
Trd, 000143.983, 158
Trd, 000145.017, 150
Trd, 000145.867, 150
Trd, 000146.383, 155
Trd, 000146.633, 155
Trd, 000147.017, 156
Trd, 000148.283, 155
Trd, 000148.700, 156
Trd, 000149.333, 152
Trd, 000150.800, 170.0
Trd, 000150.867, 171.0
Trd, 000151.267, 167
Trd, 000151.317, 172.0
Trd, 000151.550, 151
Trd, 000151.883, 151
Trd, 000151.917, 174
Trd, 000153.367, 162
Trd, 000153.950, 152
Trd, 000154.900, 165
Trd, 000156.350, 162.0
Trd, 000156.650, 154
Trd, 000156.817, 154
Trd, 000159.133, 156
Trd, 000160.033, 155
Trd, 000160.100, 152
Trd, 000160.450, 155
Trd, 000161.067, 150
Trd, 000161.867, 152
Trd, 000162.250, 147
Trd, 000163.550, 148
Trd, 000164.100, 144
Trd, 000165.533, 154
Trd, 000166.167, 153
Trd, 000166.767, 152
Trd, 000168.050, 149
Trd, 000168.183, 148
Trd, 000168.867, 149
Trd, 000169.433, 148
Trd, 000170.050, 149
Trd, 000170.233, 151
Trd, 000170.283, 146
Trd, 000171.067, 152
Trd, 000171.150, 155
Trd, 000171.400, 158
Trd, 000171.833, 152
Trd, 000172.217, 148
Trd, 000173.000, 141.0
Trd, 000173.867, 158
Trd, 000173.983, 161
Trd, 000174.150, 162
Trd, 000175.050, 158
Trd, 000175.300, 153
Trd, 000176.883, 152
Trd, 000177.833, 156
Trd, 000178.033, 159
Trd, 000178.983, 158
Trd, 000179.183, 155
Trd, 000180.400, 157
Trd, 000181.650, 152
Trd, 000181.833, 155
Trd, 000182.683, 155
Trd, 000183.067, 150
Trd, 000183.517, 153
Trd, 000183.550, 155
Trd, 000186.050, 152
Trd, 000186.083, 150
Trd, 000186.433, 149
Trd, 000187.100, 149
Trd, 000188.783, 148
Trd, 000188.800, 135.0
Trd, 000189.733, 146
Trd, 000189.967, 147
Trd, 000190.733, 148
Trd, 000191.517, 148.0
Trd, 000192.000, 155
Trd, 000193.133, 157
Trd, 000193.650, 152
Trd, 000194.117, 145
Trd, 000195.550, 152
Trd, 000195.667, 153
Trd, 000195.750, 151
Trd, 000196.333, 153
Trd, 000196.417, 155
Trd, 000197.000, 147
Trd, 000198.933, 152
Trd, 000199.717, 148
Trd, 000199.783, 147
Trd, 000199.917, 151
Trd, 000199.950, 159
Trd, 000201.017, 146
Trd, 000201.350, 157
Trd, 000201.750, 154
Trd, 000202.317, 146
Trd, 000203.500, 149
Trd, 000203.817, 149
Trd, 000204.067, 149
Trd, 000205.167, 150
Trd, 000205.567, 155
Trd, 000206.133, 145
Trd, 000207.133, 156
Trd, 000207.483, 157
Trd, 000207.767, 158
Trd, 000208.283, 149
Trd, 000209.633, 152
Trd, 000209.833, 152
Trd, 000210.717, 153
Trd, 000212.200, 150
Trd, 000212.883, 151
Trd, 000213.183, 151
Trd, 000213.833, 152
Trd, 000213.900, 150
Trd, 000214.067, 148
Trd, 000214.267, 150
Trd, 000215.033, 149
Trd, 000215.467, 154
Trd, 000216.967, 148
Trd, 000217.567, 151
Trd, 000217.650, 146
Trd, 000218.100, 152
Trd, 000218.867, 155
Trd, 000220.233, 154
Trd, 000221.017, 154
Trd, 000221.133, 153
Trd, 000221.550, 147
Trd, 000221.567, 155
Trd, 000221.867, 158
Trd, 000222.250, 162.0
Trd, 000223.617, 162
Trd, 000225.267, 158
Trd, 000225.417, 159
Trd, 000226.050, 158
Trd, 000227.900, 156
Trd, 000228.183, 154
Trd, 000228.467, 157
Trd, 000229.250, 150
Trd, 000229.350, 137.0
Trd, 000231.017, 149
Trd, 000231.533, 149
Trd, 000232.383, 154
Trd, 000232.533, 156
Trd, 000232.967, 156
Trd, 000234.033, 151
Trd, 000234.483, 148
Trd, 000234.967, 154
Trd, 000235.283, 147
Trd, 000235.533, 147
Trd, 000235.583, 154
Trd, 000236.767, 141.0
Trd, 000237.017, 155
Trd, 000237.167, 158
Trd, 000238.583, 153
Trd, 000240.200, 154
Trd, 000240.700, 153
Trd, 000240.800, 154
Trd, 000241.100, 152
Trd, 000241.267, 151
Trd, 000241.767, 149
Trd, 000241.950, 150
Trd, 000242.050, 155
Trd, 000242.600, 143
Trd, 000244.067, 144
Trd, 000244.267, 146
Trd, 000244.367, 147
Trd, 000244.583, 145
Trd, 000244.867, 144.0
Trd, 000245.300, 143
Trd, 000245.800, 148
Trd, 000246.117, 148.0
Trd, 000246.883, 146
Trd, 000247.017, 145
Trd, 000247.150, 144
Trd, 000247.450, 144
Trd, 000247.667, 147
Trd, 000248.383, 143
Trd, 000248.633, 148.0
Trd, 000248.817, 152
Trd, 000249.933, 146
Trd, 000250.533, 143
Trd, 000250.617, 144
Trd, 000251.033, 144.0
Trd, 000251.667, 142
Trd, 000252.083, 151
Trd, 000252.333, 141.0
Trd, 000253.200, 144
Trd, 000253.383, 144
Trd, 000253.400, 156
Trd, 000253.983, 144
Trd, 000254.467, 144
Trd, 000254.717, 149
Trd, 000254.783, 142
Trd, 000255.000, 158
Trd, 000255.750, 157
Trd, 000256.450, 154
Trd, 000256.700, 152
Trd, 000256.833, 154
Trd, 000257.700, 156
Trd, 000257.983, 150
Trd, 000258.450, 149
Trd, 000258.883, 155
Trd, 000259.000, 154
Trd, 000259.167, 146.0
Trd, 000259.550, 142.0
Trd, 000259.700, 150
Trd, 000259.983, 152
Trd, 000260.433, 149
Trd, 000260.867, 143
Trd, 000261.483, 151
Trd, 000261.533, 152
Trd, 000261.567, 155
Trd, 000261.583, 149.0
Trd, 000262.067, 158
Trd, 000262.917, 152
Trd, 000263.467, 159
Trd, 000263.750, 148
Trd, 000264.383, 162.0
Trd, 000264.883, 163
Trd, 000265.633, 159
Trd, 000265.950, 153
Trd, 000266.283, 151
Trd, 000266.317, 156
Trd, 000266.750, 146.0
Trd, 000267.817, 149
Trd, 000268.483, 148
Trd, 000268.817, 145
Trd, 000269.033, 145
Trd, 000269.333, 141.0
Trd, 000269.683, 148
Trd, 000271.117, 155
Trd, 000271.433, 156
Trd, 000271.617, 153
Trd, 000271.683, 148
Trd, 000272.100, 151
Trd, 000272.500, 152
Trd, 000272.600, 153
Trd, 000273.417, 148
Trd, 000274.150, 137.0
Trd, 000274.617, 144
Trd, 000275.017, 150
Trd, 000275.267, 147.0
Trd, 000275.667, 136.0
Trd, 000276.383, 136.0
Trd, 000276.500, 136.0
Trd, 000276.633, 130.0
Trd, 000276.733, 137.0
Trd, 000277.383, 147
Trd, 000278.133, 139
Trd, 000278.633, 155
Trd, 000279.000, 149
Trd, 000279.467, 158
Trd, 000279.967, 157
Trd, 000280.350, 149
Trd, 000280.700, 154.0
Trd, 000280.900, 149
Trd, 000281.233, 141.0
Trd, 000281.267, 147
Trd, 000281.367, 144.0
Trd, 000282.433, 142
Trd, 000282.600, 148.0
Trd, 000282.817, 137.0
Trd, 000283.167, 137.0
Trd, 000283.700, 136.0
Trd, 000283.883, 140
Trd, 000284.583, 137
Trd, 000285.000, 145
Trd, 000285.717, 144.0
Trd, 000286.417, 143
Trd, 000286.500, 141
Trd, 000286.533, 146
Trd, 000287.150, 141
Trd, 000287.400, 157
Trd, 000287.850, 156
Trd, 000289.500, 142.0
Trd, 000289.817, 144.0
Trd, 000289.983, 151
Trd, 000290.333, 141.0
Trd, 000290.767, 141
Trd, 000290.900, 153.0
Trd, 000290.950, 155
Trd, 000291.150, 137.0
Trd, 000291.867, 170.0
Trd, 000292.650, 155
Trd, 000292.867, 169
Trd, 000292.933, 150
Trd, 000293.583, 158
Trd, 000293.783, 160
Trd, 000294.550, 155
Trd, 000294.633, 157
Trd, 000295.100, 152
Trd, 000295.867, 150
Trd, 000296.100, 156
Trd, 000296.150, 151
Trd, 000296.550, 137.0
Trd, 000296.633, 157
Trd, 000296.750, 144
Trd, 000297.167, 144.0
Trd, 000297.633, 131.0
Trd, 000297.800, 127.0
Trd, 000299.000, 136.0
Trd, 000299.200, 137.0
Trd, 000299.233, 155
Trd, 000299.317, 158
Trd, 000299.783, 157
