Trd, 000001.517, 151.0
Trd, 000002.200, 150
Trd, 000002.567, 154.0
Trd, 000002.800, 155.0
Trd, 000004.500, 136
Trd, 000005.217, 136
Trd, 000006.550, 140
Trd, 000007.733, 145
Trd, 000007.850, 146
Trd, 000009.100, 154
Trd, 000009.200, 149
Trd, 000009.217, 158.0
Trd, 000009.417, 142.0
Trd, 000009.817, 149.0
Trd, 000010.600, 146
Trd, 000011.750, 148
Trd, 000013.650, 148
Trd, 000014.717, 148.0
Trd, 000014.833, 149
Trd, 000015.000, 149
Trd, 000015.050, 150
Trd, 000018.217, 151
Trd, 000018.767, 150
Trd, 000019.400, 149
Trd, 000020.433, 148
Trd, 000021.500, 148
Trd, 000021.600, 147
Trd, 000022.200, 150.0
Trd, 000022.300, 151.0
Trd, 000025.467, 150
Trd, 000026.550, 149
Trd, 000026.750, 150
Trd, 000026.933, 150
Trd, 000027.217, 149
Trd, 000027.350, 153
Trd, 000027.433, 155.0
Trd, 000027.550, 149
Trd, 000028.867, 148.0
Trd, 000029.000, 150.0
Trd, 000029.783, 148
Trd, 000031.283, 151
Trd, 000031.667, 153.0
Trd, 000032.133, 154.0
Trd, 000032.717, 153
Trd, 000033.533, 154
Trd, 000034.433, 158.0
Trd, 000035.233, 155.0
Trd, 000035.550, 156
Trd, 000035.767, 157
Trd, 000037.467, 158.0
Trd, 000038.217, 158
Trd, 000038.967, 151.0
Trd, 000039.517, 154
Trd, 000039.833, 153
Trd, 000040.233, 154
Trd, 000040.700, 155
Trd, 000040.983, 155
Trd, 000041.000, 150
Trd, 000042.050, 151.0
Trd, 000042.783, 153
Trd, 000043.800, 153
Trd, 000044.183, 151
Trd, 000044.650, 152
Trd, 000045.800, 153
Trd, 000045.967, 155.0
Trd, 000048.833, 152
Trd, 000049.517, 151.0
Trd, 000050.117, 151
Trd, 000050.417, 152
Trd, 000050.467, 152
Trd, 000051.417, 150
Trd, 000052.200, 150
Trd, 000052.233, 151.0
Trd, 000052.417, 151.0
Trd, 000053.233, 150
Trd, 000053.633, 151
Trd, 000054.150, 155.0
Trd, 000055.133, 153
Trd, 000055.283, 153
Trd, 000055.450, 156
Trd, 000056.083, 154
Trd, 000056.300, 157.0
Trd, 000058.117, 155
Trd, 000058.300, 157.0
Trd, 000059.300, 155
Trd, 000060.667, 153
Trd, 000061.150, 153
Trd, 000061.283, 156
Trd, 000062.550, 155
Trd, 000062.667, 156
Trd, 000062.717, 158.0
Trd, 000064.100, 155.0
Trd, 000064.250, 154
Trd, 000064.833, 153
Trd, 000067.317, 153
Trd, 000068.400, 154
Trd, 000068.750, 154
Trd, 000068.767, 152
Trd, 000069.317, 153.0
Trd, 000070.050, 151
Trd, 000070.317, 153
Trd, 000071.133, 151
Trd, 000071.333, 150
Trd, 000071.900, 151.0
Trd, 000072.317, 152
Trd, 000073.633, 151
Trd, 000073.833, 152
Trd, 000075.067, 152.0
Trd, 000075.433, 150
Trd, 000075.767, 153.0
Trd, 000077.250, 153
Trd, 000077.600, 153
Trd, 000078.467, 154
Trd, 000079.133, 154
Trd, 000080.467, 155.0
Trd, 000080.567, 154
Trd, 000081.200, 152
Trd, 000081.550, 151.0
Trd, 000082.233, 151
Trd, 000083.667, 150
Trd, 000085.533, 151.0
Trd, 000085.600, 150
Trd, 000085.617, 151
Trd, 000085.883, 151
Trd, 000086.767, 148
Trd, 000087.033, 149
Trd, 000088.167, 149
Trd, 000088.333, 148.0
Trd, 000088.517, 149
Trd, 000088.700, 151
Trd, 000089.133, 147
Trd, 000089.483, 151
Trd, 000092.267, 149
Trd, 000092.317, 154.0
Trd, 000093.067, 151.0
Trd, 000093.650, 151.0
Trd, 000094.817, 152
Trd, 000095.150, 153
Trd, 000096.183, 153
Trd, 000096.217, 151
Trd, 000096.750, 150
Trd, 000096.833, 153
Trd, 000097.350, 152
Trd, 000097.500, 149
Trd, 000097.633, 158.0
Trd, 000098.650, 172
Trd, 000099.433, 155.0
Trd, 000100.467, 152
Trd, 000100.950, 152.0
Trd, 000102.583, 150
Trd, 000102.817, 151.0
Trd, 000103.700, 151
Trd, 000103.883, 152
Trd, 000104.200, 152
Trd, 000105.100, 151
Trd, 000105.750, 150
Trd, 000106.017, 151
Trd, 000106.917, 151.0
Trd, 000107.283, 152
Trd, 000108.350, 152
Trd, 000108.400, 152
Trd, 000108.467, 152
Trd, 000109.833, 151
Trd, 000110.017, 152.0
Trd, 000111.417, 154
Trd, 000111.817, 152
Trd, 000112.067, 152
Trd, 000112.500, 153
Trd, 000113.400, 154
Trd, 000114.200, 153
Trd, 000114.233, 152
Trd, 000116.083, 153
Trd, 000116.217, 154
Trd, 000117.317, 155.0
Trd, 000119.700, 154
Trd, 000120.017, 154
Trd, 000120.167, 151
Trd, 000120.550, 151
Trd, 000121.133, 152
Trd, 000121.267, 150
Trd, 000122.667, 150
Trd, 000124.250, 150
Trd, 000124.867, 149
Trd, 000125.133, 149
Trd, 000126.350, 148.0
Trd, 000126.567, 149
Trd, 000126.767, 151.0
Trd, 000127.850, 152
Trd, 000128.117, 152
Trd, 000128.900, 155.0
Trd, 000129.883, 151
Trd, 000130.483, 151
Trd, 000131.733, 152
Trd, 000131.750, 150
Trd, 000132.117, 149
Trd, 000133.333, 150
Trd, 000133.733, 149
Trd, 000134.217, 149
Trd, 000134.333, 152
Trd, 000134.450, 148.0
Trd, 000134.883, 150
Trd, 000136.350, 149
Trd, 000136.617, 148
Trd, 000136.800, 150
Trd, 000137.167, 151.0
Trd, 000137.183, 151
Trd, 000137.850, 147
Trd, 000139.400, 147
Trd, 000139.700, 147
Trd, 000140.500, 146
Trd, 000140.667, 148
Trd, 000142.283, 147
Trd, 000142.667, 147
Trd, 000142.967, 146
Trd, 000143.267, 147
Trd, 000143.450, 145
Trd, 000145.317, 146
Trd, 000145.383, 147
Trd, 000147.033, 151.0
Trd, 000147.850, 149.0
Trd, 000148.117, 155.0
Trd, 000149.950, 155
Trd, 000150.133, 154
Trd, 000150.300, 166
Trd, 000150.350, 152
Trd, 000150.450, 151
Trd, 000150.817, 160
Trd, 000152.850, 155
Trd, 000153.017, 156
Trd, 000153.633, 154
Trd, 000153.950, 153
Trd, 000154.233, 155
Trd, 000154.733, 152
Trd, 000155.317, 152
Trd, 000156.200, 151
Trd, 000156.217, 150
Trd, 000156.267, 152
Trd, 000156.517, 150
Trd, 000157.950, 150
Trd, 000158.717, 150
Trd, 000158.967, 151
Trd, 000159.417, 149
Trd, 000160.117, 151.0
Trd, 000160.967, 149.0
Trd, 000161.633, 150
Trd, 000161.800, 151
Trd, 000162.400, 151
Trd, 000163.133, 151.0
Trd, 000163.850, 150
Trd, 000164.800, 151.0
Trd, 000165.833, 151
Trd, 000166.167, 151
Trd, 000167.017, 150
Trd, 000167.317, 148
Trd, 000167.950, 147
Trd, 000167.983, 148
Trd, 000168.267, 149
Trd, 000168.917, 151.0
Trd, 000170.350, 148
Trd, 000170.383, 148.0
Trd, 000170.450, 155.0
Trd, 000171.850, 153
Trd, 000172.383, 158.0
Trd, 000172.533, 147
Trd, 000173.850, 152
Trd, 000173.933, 153
Trd, 000174.333, 154.0
Trd, 000175.450, 153
Trd, 000176.550, 151
Trd, 000176.867, 150
Trd, 000177.283, 153
Trd, 000177.500, 153
Trd, 000177.600, 155.0
Trd, 000179.050, 151.0
Trd, 000180.100, 152
Trd, 000180.233, 154
Trd, 000180.817, 153
Trd, 000181.133, 151
Trd, 000181.950, 152
Trd, 000182.367, 153.0
Trd, 000182.717, 155.0
Trd, 000184.883, 155
Trd, 000185.383, 153
Trd, 000185.850, 158.0
Trd, 000186.283, 165.0
Trd, 000186.733, 155.0
Trd, 000187.833, 152
Trd, 000188.150, 154
Trd, 000188.467, 155
Trd, 000189.533, 153
Trd, 000189.900, 154
Trd, 000190.117, 152
Trd, 000191.117, 152
Trd, 000191.417, 151
Trd, 000192.433, 153
Trd, 000192.700, 152
Trd, 000193.083, 151.0
Trd, 000193.700, 153
Trd, 000195.533, 150
Trd, 000196.750, 153
Trd, 000197.317, 152
Trd, 000197.850, 150
Trd, 000198.817, 151.0
Trd, 000198.883, 153
Trd, 000199.683, 150
Trd, 000200.400, 152
Trd, 000200.700, 153
Trd, 000200.783, 153
Trd, 000201.150, 155.0
Trd, 000201.500, 150
Trd, 000203.283, 155.0
Trd, 000203.717, 154.0
Trd, 000205.400, 153
Trd, 000205.833, 154.0
Trd, 000206.433, 154
Trd, 000206.517, 155.0
Trd, 000206.750, 153
Trd, 000207.850, 152
Trd, 000208.150, 154
Trd, 000208.217, 152
Trd, 000208.283, 153
Trd, 000208.900, 151
Trd, 000210.667, 152
Trd, 000210.933, 150
Trd, 000210.967, 148.0
Trd, 000212.817, 149
Trd, 000212.950, 150
Trd, 000213.250, 148
Trd, 000213.317, 150
Trd, 000213.417, 149
Trd, 000213.517, 151
Trd, 000213.800, 155.0
Trd, 000216.117, 148.0
Trd, 000216.400, 148
Trd, 000216.617, 148
Trd, 000216.700, 147
Trd, 000217.517, 151.0
Trd, 000218.617, 150
Trd, 000219.250, 155.0
Trd, 000220.033, 151
Trd, 000221.483, 152
Trd, 000223.867, 152
Trd, 000224.117, 151
Trd, 000224.633, 151.0
Trd, 000224.917, 151
Trd, 000225.483, 151
Trd, 000226.050, 150
Trd, 000226.400, 149
Trd, 000226.800, 148
Trd, 000226.950, 151.0
Trd, 000229.383, 151.0
Trd, 000229.650, 150
Trd, 000230.533, 149
Trd, 000230.650, 149
Trd, 000231.483, 151.0
Trd, 000233.833, 148.0
Trd, 000233.933, 148
Trd, 000234.250, 148
Trd, 000234.517, 147
Trd, 000234.550, 151.0
Trd, 000235.017, 150
Trd, 000235.483, 150
Trd, 000236.183, 152.0
Trd, 000236.500, 153.0
Trd, 000237.183, 154
Trd, 000237.667, 149
Trd, 000237.750, 147
Trd, 000238.067, 147
Trd, 000239.550, 149
Trd, 000239.700, 149.0
Trd, 000240.433, 146
Trd, 000240.517, 146
Trd, 000240.533, 146
Trd, 000240.767, 145
Trd, 000241.233, 145
Trd, 000241.483, 145
Trd, 000241.633, 147
Trd, 000242.200, 144
Trd, 000242.283, 147.0
Trd, 000243.400, 143
Trd, 000243.817, 144.0
Trd, 000244.133, 146
Trd, 000244.550, 144
Trd, 000245.583, 148.0
Trd, 000245.767, 148
Trd, 000245.983, 151.0
Trd, 000246.717, 153.0
Trd, 000246.750, 155.0
Trd, 000246.967, 152
Trd, 000247.083, 152.0
Trd, 000247.483, 152
Trd, 000247.817, 151.0
Trd, 000247.833, 152
Trd, 000248.100, 153
Trd, 000249.167, 152
Trd, 000249.667, 152
Trd, 000251.133, 153
Trd, 000251.150, 154
Trd, 000251.617, 154
Trd, 000251.883, 148
Trd, 000252.217, 152.0
Trd, 000252.667, 155.0
Trd, 000252.933, 154
Trd, 000253.017, 148
Trd, 000253.033, 141.0
Trd, 000254.100, 146
Trd, 000254.433, 148.0
Trd, 000254.633, 147
Trd, 000255.317, 148.0
Trd, 000255.933, 149.0
Trd, 000256.467, 149
Trd, 000256.717, 149
Trd, 000256.883, 150
Trd, 000257.217, 151.0
Trd, 000258.233, 153.0
Trd, 000258.850, 151
Trd, 000259.400, 150
Trd, 000259.717, 151
Trd, 000260.000, 151
Trd, 000260.383, 151.0
Trd, 000260.633, 152
Trd, 000261.100, 154
Trd, 000261.517, 154
Trd, 000261.583, 150
Trd, 000261.633, 155.0
Trd, 000262.500, 158.0
Trd, 000262.550, 150
Trd, 000262.617, 158
Trd, 000263.000, 155
Trd, 000264.300, 151
Trd, 000264.717, 156
Trd, 000265.433, 154
Trd, 000266.017, 151
Trd, 000266.133, 151.0
Trd, 000266.350, 150
Trd, 000266.500, 150
Trd, 000266.633, 151
Trd, 000266.717, 158.0
Trd, 000268.250, 154.0
Trd, 000268.483, 155.0
Trd, 000269.017, 157
Trd, 000269.100, 158.0
Trd, 000269.533, 153
Trd, 000270.400, 154
Trd, 000270.583, 153
Trd, 000270.650, 152
Trd, 000270.883, 155
Trd, 000270.983, 156
Trd, 000271.167, 151
Trd, 000272.483, 155.0
Trd, 000273.317, 157
Trd, 000273.800, 157
Trd, 000273.883, 154
Trd, 000274.000, 157
Trd, 000274.800, 153
Trd, 000274.817, 156.0
Trd, 000274.867, 158.0
Trd, 000275.250, 161
Trd, 000275.400, 165.0
Trd, 000276.617, 160
Trd, 000276.700, 157
Trd, 000277.033, 153
Trd, 000277.100, 155.0
Trd, 000277.417, 157
Trd, 000277.617, 160
Trd, 000278.333, 155.0
Trd, 000278.350, 157.0
Trd, 000279.217, 153
Trd, 000279.917, 154
Trd, 000280.050, 158
Trd, 000280.317, 158
Trd, 000280.967, 156
Trd, 000281.250, 158.0
Trd, 000281.933, 155
Trd, 000282.283, 153
Trd, 000282.367, 152
Trd, 000283.000, 150
Trd, 000283.283, 148.0
Trd, 000284.267, 153
Trd, 000284.350, 154
Trd, 000284.600, 155
Trd, 000284.967, 158.0
Trd, 000285.633, 157
Trd, 000285.917, 159
Trd, 000285.967, 163.0
Trd, 000286.550, 158
Trd, 000286.950, 160
Trd, 000286.967, 161
Trd, 000287.150, 156
Trd, 000288.117, 161
Trd, 000288.317, 162
Trd, 000288.917, 158.0
Trd, 000289.933, 155
Trd, 000290.600, 156
Trd, 000290.617, 163
Trd, 000290.633, 155
Trd, 000290.733, 165.0
Trd, 000290.850, 172.0
Trd, 000291.700, 170
Trd, 000293.050, 155
Trd, 000293.400, 153
Trd, 000293.733, 164
Trd, 000294.033, 148.0
Trd, 000294.450, 152
Trd, 000294.650, 153.0
Trd, 000294.750, 147
Trd, 000294.833, 155.0
Trd, 000295.233, 153
Trd, 000295.533, 153
Trd, 000295.667, 165.0
Trd, 000296.200, 144.0
Trd, 000297.583, 149
Trd, 000297.900, 151.0
Trd, 000298.350, 150
Trd, 000298.533, 149
Trd, 000298.583, 149
Trd, 000299.167, 148.0
