Trd, 000000.967, 172.0
Trd, 000002.433, 196
Trd, 000002.467, 162
Trd, 000003.867, 134
Trd, 000004.300, 116
Trd, 000004.533, 140
Trd, 000004.767, 139
Trd, 000004.967, 150.0
Trd, 000005.433, 141
Trd, 000005.550, 140
Trd, 000006.633, 141.0
Trd, 000007.483, 140
Trd, 000007.917, 141
Trd, 000008.017, 135
Trd, 000008.683, 143.0
Trd, 000008.733, 144.0
Trd, 000009.200, 148.0
Trd, 000009.267, 151.0
Trd, 000009.617, 158.0
Trd, 000010.333, 152
Trd, 000011.317, 151
Trd, 000011.850, 149
Trd, 000012.283, 162
Trd, 000012.683, 165.0
Trd, 000012.950, 164.0
Trd, 000013.500, 149
Trd, 000013.850, 163.0
Trd, 000014.167, 138
Trd, 000015.233, 141.0
Trd, 000015.517, 150
Trd, 000016.250, 141
Trd, 000016.683, 158.0
Trd, 000017.367, 153
Trd, 000017.450, 152
Trd, 000018.517, 150
Trd, 000019.717, 141
Trd, 000020.083, 143
Trd, 000020.233, 144.0
Trd, 000020.250, 148.0
Trd, 000021.867, 142
Trd, 000022.433, 147
Trd, 000022.683, 146
Trd, 000022.817, 142
Trd, 000023.017, 148
Trd, 000023.583, 141.0
Trd, 000024.367, 148.0
Trd, 000024.450, 150.0
Trd, 000024.700, 151.0
Trd, 000026.133, 140
Trd, 000026.650, 157.0
Trd, 000026.700, 137
Trd, 000027.417, 147
Trd, 000028.283, 138
Trd, 000029.267, 141.0
Trd, 000030.033, 152
Trd, 000030.183, 153
Trd, 000030.633, 142
Trd, 000031.217, 153.0
Trd, 000031.283, 141
Trd, 000031.917, 150
Trd, 000032.083, 152.0
Trd, 000032.233, 154.0
Trd, 000033.667, 145
Trd, 000034.467, 148
Trd, 000034.617, 148
Trd, 000035.700, 157.0
Trd, 000035.800, 148
Trd, 000036.500, 148
Trd, 000037.217, 138
Trd, 000038.133, 157.0
Trd, 000038.467, 137
Trd, 000039.267, 138
Trd, 000040.100, 151
Trd, 000040.117, 157.0
Trd, 000040.817, 146
Trd, 000041.283, 158.0
Trd, 000041.983, 159
Trd, 000042.033, 160
Trd, 000042.517, 141
Trd, 000042.583, 159
Trd, 000042.783, 161
Trd, 000043.550, 139
Trd, 000043.617, 136
Trd, 000044.817, 158.0
Trd, 000045.750, 152
Trd, 000046.133, 151
Trd, 000046.233, 151
Trd, 000046.267, 153
Trd, 000046.550, 147
Trd, 000046.850, 147
Trd, 000047.100, 146
Trd, 000048.817, 155
Trd, 000048.950, 147
Trd, 000049.283, 155
Trd, 000049.883, 149
Trd, 000050.217, 155
Trd, 000050.617, 158.0
Trd, 000052.200, 152
Trd, 000052.333, 150
Trd, 000052.383, 153
Trd, 000052.450, 154
Trd, 000053.717, 150
Trd, 000053.917, 135
Trd, 000054.817, 158
Trd, 000055.667, 154
Trd, 000055.833, 138
Trd, 000056.117, 140.0
Trd, 000056.417, 141.0
Trd, 000057.267, 148.0
Trd, 000058.383, 148
Trd, 000058.867, 154.0
Trd, 000058.900, 156.0
Trd, 000059.167, 147
Trd, 000060.317, 151.0
Trd, 000060.550, 150
Trd, 000060.783, 151
Trd, 000061.483, 158.0
Trd, 000061.667, 136
Trd, 000062.550, 151
Trd, 000062.883, 152
Trd, 000063.317, 152
Trd, 000063.383, 162
Trd, 000063.617, 147
Trd, 000063.633, 134.0
Trd, 000064.933, 133.0
Trd, 000065.567, 158
Trd, 000065.817, 146
Trd, 000066.033, 170.0
Trd, 000066.167, 135
Trd, 000067.400, 165
Trd, 000068.367, 133
Trd, 000068.533, 131.0
Trd, 000068.767, 156.0
Trd, 000069.067, 156.0
Trd, 000069.633, 138
Trd, 000070.250, 140.0
Trd, 000070.450, 141.0
Trd, 000070.467, 147
Trd, 000071.200, 158.0
Trd, 000071.950, 150
Trd, 000073.767, 158
Trd, 000073.950, 153
Trd, 000075.000, 151
Trd, 000075.033, 143
Trd, 000075.317, 154
Trd, 000076.317, 153
Trd, 000076.467, 151
Trd, 000076.700, 150
Trd, 000076.983, 140
Trd, 000077.633, 134.0
Trd, 000078.183, 141.0
Trd, 000078.233, 150
Trd, 000078.300, 132
Trd, 000079.517, 148
Trd, 000080.033, 156.0
Trd, 000080.250, 158.0
Trd, 000080.717, 137
Trd, 000081.167, 136
Trd, 000082.467, 157
Trd, 000082.917, 138
Trd, 000083.000, 151
Trd, 000083.067, 137
Trd, 000083.467, 136
Trd, 000084.683, 139.0
Trd, 000085.383, 139.0
Trd, 000085.833, 141.0
Trd, 000086.150, 147
Trd, 000087.450, 143
Trd, 000088.500, 144
Trd, 000088.800, 144.0
Trd, 000088.867, 144
Trd, 000089.500, 148
Trd, 000089.550, 161
Trd, 000090.167, 139.0
Trd, 000091.000, 136
Trd, 000091.450, 141.0
Trd, 000091.517, 134.0
Trd, 000091.567, 162
Trd, 000093.517, 157
Trd, 000093.867, 157.0
Trd, 000094.600, 139
Trd, 000094.867, 135
Trd, 000095.800, 135.0
Trd, 000096.900, 136
Trd, 000097.467, 137.0
Trd, 000097.750, 141.0
Trd, 000098.183, 144.0
Trd, 000098.533, 142
Trd, 000098.600, 144
Trd, 000099.733, 135.0
Trd, 000100.133, 141.0
Trd, 000100.200, 134.0
Trd, 000100.600, 148.0
Trd, 000101.450, 151.0
Trd, 000101.967, 152
Trd, 000102.700, 151
Trd, 000102.917, 156.0
Trd, 000103.083, 158.0
Trd, 000103.100, 147
Trd, 000103.467, 161
Trd, 000103.883, 148
Trd, 000104.650, 148
Trd, 000105.550, 155
Trd, 000105.783, 152
Trd, 000105.867, 155
Trd, 000106.933, 152
Trd, 000107.200, 152
Trd, 000107.433, 156
Trd, 000107.800, 151
Trd, 000108.417, 148
Trd, 000109.283, 151
Trd, 000109.483, 135
Trd, 000109.900, 158
Trd, 000110.167, 150
Trd, 000110.217, 159
Trd, 000111.033, 150
Trd, 000112.233, 155
Trd, 000112.683, 155
Trd, 000113.300, 155
Trd, 000113.450, 155
Trd, 000114.217, 150
Trd, 000114.533, 148
Trd, 000114.567, 154
Trd, 000114.600, 156
Trd, 000116.650, 134.0
Trd, 000116.967, 139.0
Trd, 000117.600, 141.0
Trd, 000118.050, 143.0
Trd, 000118.783, 144.0
Trd, 000118.967, 143
Trd, 000119.700, 158.0
Trd, 000120.183, 143
Trd, 000120.283, 140
Trd, 000120.467, 162
Trd, 000122.267, 154
Trd, 000122.533, 151
Trd, 000123.300, 154
Trd, 000123.483, 154
Trd, 000124.367, 150
Trd, 000125.367, 146
Trd, 000125.383, 152
Trd, 000126.267, 140.0
Trd, 000126.283, 141.0
Trd, 000126.750, 142
Trd, 000126.783, 140
Trd, 000128.750, 144
Trd, 000128.850, 144.0
Trd, 000129.817, 148
Trd, 000129.883, 147
Trd, 000130.167, 143
Trd, 000130.867, 143
Trd, 000131.250, 142
Trd, 000131.950, 146
Trd, 000132.233, 148
Trd, 000133.300, 148
Trd, 000134.383, 149
Trd, 000135.517, 138
Trd, 000135.717, 136
Trd, 000135.733, 147
Trd, 000136.117, 148
Trd, 000136.483, 134.0
Trd, 000137.400, 148.0
Trd, 000138.167, 152
Trd, 000138.650, 153
Trd, 000139.283, 157.0
Trd, 000139.567, 154
Trd, 000140.283, 162
Trd, 000140.467, 155
Trd, 000141.367, 145
Trd, 000141.983, 137
Trd, 000142.083, 151.0
Trd, 000142.150, 153.0
Trd, 000142.833, 158.0
Trd, 000143.417, 138
Trd, 000144.683, 139.0
Trd, 000145.100, 141.0
Trd, 000145.333, 144.0
Trd, 000145.417, 151.0
Trd, 000145.833, 138
Trd, 000146.367, 148.0
Trd, 000147.600, 146
Trd, 000147.700, 146
Trd, 000147.833, 151.0
Trd, 000148.450, 158.0
Trd, 000148.917, 150
Trd, 000149.667, 152
Trd, 000150.183, 153
Trd, 000150.333, 152
Trd, 000150.417, 143
Trd, 000150.750, 154
Trd, 000151.317, 142
Trd, 000151.817, 136
Trd, 000151.867, 157.0
Trd, 000151.933, 131.0
Trd, 000152.683, 150
Trd, 000152.783, 151
Trd, 000154.083, 157.0
Trd, 000154.550, 158.0
Trd, 000154.750, 145
Trd, 000155.217, 159
Trd, 000156.100, 145
Trd, 000156.367, 141
Trd, 000157.317, 146
Trd, 000157.517, 157
Trd, 000159.283, 148
Trd, 000159.917, 150
Trd, 000160.933, 150
Trd, 000161.533, 146
Trd, 000162.067, 147
Trd, 000162.283, 146
Trd, 000162.583, 148
Trd, 000162.900, 150.0
Trd, 000163.150, 145
Trd, 000163.550, 149
Trd, 000164.267, 138
Trd, 000164.417, 138
Trd, 000164.633, 152
Trd, 000164.817, 152.0
Trd, 000165.383, 136
Trd, 000166.267, 150.0
Trd, 000166.383, 158.0
Trd, 000168.017, 155
Trd, 000168.400, 151
Trd, 000168.767, 150
Trd, 000168.883, 160
Trd, 000169.650, 160.0
Trd, 000170.767, 157.0
Trd, 000171.133, 145
Trd, 000171.167, 131.0
Trd, 000171.450, 158.0
Trd, 000171.900, 160.0
Trd, 000172.167, 149
Trd, 000173.533, 155
Trd, 000173.550, 150
Trd, 000173.567, 134.0
Trd, 000173.933, 156
Trd, 000173.967, 157
Trd, 000174.017, 137
Trd, 000174.517, 166
Trd, 000175.467, 143
Trd, 000176.233, 140
Trd, 000177.667, 152
Trd, 000177.967, 153.0
Trd, 000178.100, 152
Trd, 000178.217, 153
Trd, 000178.800, 149
Trd, 000179.483, 147.0
Trd, 000180.317, 148.0
Trd, 000180.500, 151.0
Trd, 000180.617, 151.0
Trd, 000180.883, 149
Trd, 000181.383, 158.0
Trd, 000182.183, 147
Trd, 000182.567, 161
Trd, 000182.767, 160
Trd, 000184.450, 140
Trd, 000184.650, 157
Trd, 000186.967, 153
Trd, 000187.133, 152
Trd, 000187.250, 153
Trd, 000187.400, 154
Trd, 000187.733, 150
Trd, 000188.150, 149
Trd, 000188.550, 158.0
Trd, 000188.883, 134.0
Trd, 000189.050, 134
Trd, 000190.133, 152
Trd, 000190.783, 152
Trd, 000191.033, 141.0
Trd, 000191.533, 149
Trd, 000191.867, 148
Trd, 000193.033, 149
Trd, 000193.117, 148
Trd, 000193.583, 146
Trd, 000194.167, 136
Trd, 000195.317, 147
Trd, 000195.467, 149
Trd, 000196.183, 151
Trd, 000196.500, 134.0
Trd, 000197.383, 154.0
Trd, 000197.467, 134
Trd, 000197.567, 157.0
Trd, 000198.900, 134.0
Trd, 000199.000, 132.0
Trd, 000199.300, 156.0
Trd, 000200.117, 138
Trd, 000200.600, 151
Trd, 000200.767, 143
Trd, 000200.867, 151
Trd, 000201.250, 143
Trd, 000201.767, 157.0
Trd, 000202.250, 156.0
Trd, 000203.067, 157.0
Trd, 000203.550, 148
Trd, 000203.567, 157.0
Trd, 000204.000, 149
Trd, 000204.033, 147
Trd, 000204.117, 157.0
Trd, 000204.900, 149
Trd, 000205.483, 154
Trd, 000206.317, 141.0
Trd, 000207.367, 154.0
Trd, 000207.983, 144
Trd, 000208.983, 153.0
Trd, 000209.417, 144
Trd, 000209.567, 143
Trd, 000210.067, 143
Trd, 000210.233, 149.0
Trd, 000211.283, 148
Trd, 000212.267, 149
Trd, 000213.483, 148
Trd, 000213.883, 157.0
Trd, 000214.383, 158.0
Trd, 000214.650, 162
Trd, 000215.417, 147
Trd, 000215.533, 146
Trd, 000215.683, 134.0
Trd, 000216.000, 151
Trd, 000216.917, 138
Trd, 000218.633, 146
Trd, 000218.733, 148
Trd, 000218.800, 138
Trd, 000219.000, 146
Trd, 000220.650, 137
Trd, 000221.283, 139.0
Trd, 000221.767, 140.0
Trd, 000222.150, 140
Trd, 000222.367, 141
Trd, 000222.567, 136
Trd, 000222.600, 141.0
Trd, 000222.733, 148.0
Trd, 000223.117, 137
Trd, 000224.800, 149.0
Trd, 000224.950, 147
Trd, 000225.183, 143
Trd, 000226.300, 147.0
Trd, 000226.417, 145
Trd, 000226.567, 144
Trd, 000227.283, 136
Trd, 000227.833, 137.0
Trd, 000227.850, 148.0
Trd, 000228.600, 141.0
Trd, 000229.067, 151.0
Trd, 000229.117, 163
Trd, 000230.117, 156
Trd, 000230.450, 157.0
Trd, 000230.483, 155.0
Trd, 000231.050, 150
Trd, 000231.483, 145
Trd, 000232.050, 149
Trd, 000232.267, 150
Trd, 000232.800, 134.0
Trd, 000232.867, 134
Trd, 000233.267, 151.0
Trd, 000233.833, 150.0
Trd, 000234.500, 137.0
Trd, 000234.517, 137
Trd, 000234.883, 137
Trd, 000235.367, 132
Trd, 000235.817, 141.0
Trd, 000235.850, 148
Trd, 000236.083, 136
Trd, 000236.450, 135
Trd, 000237.400, 146
Trd, 000238.800, 144.0
Trd, 000238.933, 147.0
Trd, 000239.300, 142
Trd, 000240.300, 151.0
Trd, 000240.783, 155
Trd, 000241.833, 158
Trd, 000242.467, 156
Trd, 000242.500, 157.0
Trd, 000242.667, 158.0
Trd, 000243.867, 155.0
Trd, 000243.883, 162
Trd, 000244.183, 142.0
Trd, 000244.917, 156.0
Trd, 000245.367, 155
Trd, 000245.717, 153
Trd, 000245.850, 152
Trd, 000246.417, 150.0
Trd, 000246.633, 150.0
Trd, 000246.983, 149
Trd, 000247.250, 149.0
Trd, 000247.433, 149.0
Trd, 000248.067, 147.0
Trd, 000248.117, 145.0
Trd, 000248.400, 149.0
Trd, 000248.467, 151.0
Trd, 000248.683, 145
Trd, 000250.267, 149.0
Trd, 000250.583, 151.0
Trd, 000250.900, 144.0
Trd, 000251.033, 141.0
Trd, 000251.467, 154.0
Trd, 000252.317, 147
Trd, 000252.433, 149
Trd, 000253.133, 151
Trd, 000253.917, 158.0
Trd, 000254.300, 160
Trd, 000254.317, 161
Trd, 000254.583, 161
Trd, 000254.967, 158
Trd, 000255.450, 158
Trd, 000255.883, 156
Trd, 000256.133, 155
Trd, 000256.233, 156
Trd, 000256.267, 136
Trd, 000256.767, 152
Trd, 000256.933, 151
Trd, 000257.100, 149
Trd, 000258.117, 146.0
Trd, 000258.417, 155
Trd, 000258.917, 156
Trd, 000259.767, 154
Trd, 000260.133, 156.0
Trd, 000261.017, 149
Trd, 000261.267, 150
Trd, 000261.350, 148
Trd, 000261.483, 141.0
Trd, 000261.667, 154.0
Trd, 000262.450, 152.0
Trd, 000263.267, 145
Trd, 000263.883, 150
Trd, 000263.917, 149
Trd, 000264.083, 151
Trd, 000264.850, 145
Trd, 000265.150, 148.0
Trd, 000265.617, 150.0
Trd, 000265.733, 145.0
Trd, 000266.217, 143
Trd, 000266.367, 145.0
Trd, 000266.533, 146.0
Trd, 000267.167, 149
Trd, 000268.100, 156.0
Trd, 000268.117, 157.0
Trd, 000268.283, 158.0
Trd, 000268.883, 157
Trd, 000270.117, 155
Trd, 000270.167, 160
Trd, 000270.383, 155.0
Trd, 000270.533, 162
Trd, 000271.050, 155
Trd, 000272.067, 152.0
Trd, 000272.250, 151
Trd, 000272.750, 152.0
Trd, 000273.133, 148
Trd, 000273.250, 151.0
Trd, 000273.400, 154.0
Trd, 000273.967, 142.0
Trd, 000274.083, 141.0
Trd, 000274.767, 149.0
Trd, 000275.883, 147
Trd, 000276.200, 151
Trd, 000276.417, 155.0
Trd, 000277.017, 151
Trd, 000277.050, 144
Trd, 000277.517, 149.0
Trd, 000277.700, 149
Trd, 000277.967, 136
Trd, 000278.167, 134.0
Trd, 000278.317, 158.0
Trd, 000280.183, 145
Trd, 000280.483, 143
Trd, 000281.033, 143
Trd, 000281.317, 144
Trd, 000281.450, 145
Trd, 000281.517, 148.0
Trd, 000281.700, 143
Trd, 000282.333, 151.0
Trd, 000282.550, 158.0
Trd, 000283.467, 161
Trd, 000283.483, 160
Trd, 000283.550, 162
Trd, 000283.950, 163
Trd, 000285.033, 159
Trd, 000285.150, 156
Trd, 000285.650, 153
Trd, 000286.033, 159
Trd, 000286.417, 158
Trd, 000286.633, 151
Trd, 000286.850, 152.0
Trd, 000287.300, 159
Trd, 000288.067, 141.0
Trd, 000288.283, 136
Trd, 000289.067, 142.0
Trd, 000289.150, 134.0
Trd, 000289.383, 156.0
Trd, 000290.000, 142
Trd, 000290.083, 157.0
Trd, 000291.167, 147.0
Trd, 000291.367, 157.0
Trd, 000291.500, 158.0
Trd, 000291.700, 161
Trd, 000292.000, 158
Trd, 000292.133, 140
Trd, 000292.983, 155
Trd, 000294.083, 158
Trd, 000294.317, 159
Trd, 000294.517, 147
Trd, 000295.167, 159.0
Trd, 000295.250, 159
Trd, 000295.300, 158.0
Trd, 000295.467, 150
Trd, 000296.700, 155
Trd, 000296.983, 151
Trd, 000297.100, 158.0
Trd, 000297.217, 141.0
Trd, 000297.367, 158
Trd, 000297.433, 145
Trd, 000297.700, 134.0
Trd, 000298.150, 157
Trd, 000298.417, 158
Trd, 000299.333, 145
Trd, 000299.583, 146
Trd, 000299.717, 142
