Trd, 000002.917, 169
Trd, 000003.500, 147.0
Trd, 000004.133, 155.0
Trd, 000004.467, 153
Trd, 000004.617, 156
Trd, 000005.367, 165.0
Trd, 000005.800, 148
Trd, 000006.133, 168
Trd, 000007.817, 150
Trd, 000008.417, 150
Trd, 000008.433, 160
Trd, 000009.700, 165
Trd, 000010.183, 151.0
Trd, 000011.200, 149
Trd, 000011.817, 151.0
Trd, 000012.017, 149
Trd, 000012.117, 154.0
Trd, 000012.200, 155.0
Trd, 000012.267, 150
Trd, 000013.400, 155
Trd, 000015.967, 159.0
Trd, 000016.383, 149
Trd, 000017.533, 161
Trd, 000019.367, 154
Trd, 000019.483, 153
Trd, 000019.500, 157
Trd, 000019.967, 158
Trd, 000021.200, 154.0
Trd, 000021.233, 155.0
Trd, 000022.367, 165.0
Trd, 000023.083, 155
Trd, 000023.233, 161
Trd, 000023.983, 148
Trd, 000024.067, 162
Trd, 000024.883, 153
Trd, 000025.133, 158
Trd, 000025.417, 154
Trd, 000025.433, 162
Trd, 000025.867, 144.0
Trd, 000026.467, 154
Trd, 000026.517, 155.0
Trd, 000026.700, 152
Trd, 000026.817, 158
Trd, 000027.500, 166
Trd, 000028.983, 162.0
Trd, 000030.883, 154
Trd, 000030.917, 162
Trd, 000031.400, 153
Trd, 000032.100, 150.0
Trd, 000032.167, 151.0
Trd, 000032.600, 147
Trd, 000033.333, 144.0
Trd, 000033.567, 155.0
Trd, 000034.217, 164
Trd, 000035.000, 163.0
Trd, 000035.383, 162.0
Trd, 000035.967, 159
Trd, 000036.083, 151
Trd, 000036.950, 144.0
Trd, 000037.017, 171.0
Trd, 000037.250, 172.0
Trd, 000039.150, 162.0
Trd, 000040.650, 166
Trd, 000041.517, 167
Trd, 000041.717, 168
Trd, 000041.933, 153
Trd, 000042.500, 155
Trd, 000043.433, 148
Trd, 000043.783, 151.0
Trd, 000045.083, 155.0
Trd, 000045.417, 157
Trd, 000045.550, 158
Trd, 000045.700, 168
Trd, 000045.767, 149
Trd, 000046.217, 153
Trd, 000047.700, 164
Trd, 000048.483, 165
Trd, 000048.983, 162.0
Trd, 000049.417, 159
Trd, 000049.550, 158
Trd, 000050.033, 160
Trd, 000050.133, 160
Trd, 000051.233, 157
Trd, 000051.483, 144.0
Trd, 000052.367, 161
Trd, 000052.533, 163
Trd, 000053.300, 170.0
Trd, 000053.417, 137.0
Trd, 000053.567, 151.0
Trd, 000055.050, 169.0
Trd, 000055.233, 150
Trd, 000055.500, 149
Trd, 000057.633, 164
Trd, 000057.800, 165
Trd, 000058.133, 179
Trd, 000058.533, 165
Trd, 000058.850, 179
Trd, 000059.600, 162.0
Trd, 000060.067, 165
Trd, 000060.217, 152
Trd, 000062.250, 161
Trd, 000062.883, 160
Trd, 000062.950, 159
Trd, 000063.150, 157
Trd, 000064.233, 158
Trd, 000064.367, 159
Trd, 000064.533, 145
Trd, 000064.700, 137.0
Trd, 000065.000, 156
Trd, 000065.183, 158
Trd, 000066.367, 165.0
Trd, 000066.917, 172.0
Trd, 000067.583, 147
Trd, 000067.783, 157
Trd, 000068.167, 158
Trd, 000069.933, 162.0
Trd, 000070.117, 145.0
Trd, 000071.850, 154
Trd, 000072.000, 152
Trd, 000072.033, 161
Trd, 000072.867, 164
Trd, 000072.950, 165
Trd, 000073.167, 162.0
Trd, 000075.133, 155
Trd, 000075.150, 154
Trd, 000075.367, 165.0
Trd, 000075.967, 149
Trd, 000078.183, 158
Trd, 000078.433, 155
Trd, 000079.133, 166
Trd, 000079.183, 167
Trd, 000079.517, 144.0
Trd, 000080.350, 154
Trd, 000080.417, 155.0
Trd, 000080.950, 144
Trd, 000081.000, 151
Trd, 000081.750, 145.0
Trd, 000081.783, 165
Trd, 000082.250, 155.0
Trd, 000082.350, 172.0
Trd, 000084.083, 144.0
Trd, 000084.533, 151.0
Trd, 000085.017, 151
Trd, 000085.033, 165.0
Trd, 000085.783, 179
Trd, 000086.483, 158
Trd, 000086.683, 162.0
Trd, 000087.000, 163.0
Trd, 000087.350, 154
Trd, 000088.083, 165.0
Trd, 000089.267, 162.0
Trd, 000089.467, 165
Trd, 000090.083, 154
Trd, 000090.100, 153
Trd, 000090.367, 155
Trd, 000092.283, 155
Trd, 000092.800, 141.0
Trd, 000093.050, 159
Trd, 000093.150, 143
Trd, 000093.933, 164
Trd, 000094.050, 165.0
Trd, 000095.983, 155.0
Trd, 000096.567, 157
Trd, 000096.683, 154
Trd, 000096.717, 153
Trd, 000097.400, 152
Trd, 000098.017, 161
Trd, 000099.350, 151.0
Trd, 000099.733, 144.0
Trd, 000100.083, 167
Trd, 000102.167, 151.0
Trd, 000102.467, 152.0
Trd, 000102.767, 165
Trd, 000103.417, 172.0
Trd, 000104.133, 155.0
Trd, 000104.917, 174
Trd, 000105.083, 156
Trd, 000105.633, 157
Trd, 000106.333, 156
Trd, 000106.883, 158
Trd, 000107.183, 159
Trd, 000107.633, 175
Trd, 000108.433, 162.0
Trd, 000109.067, 160
Trd, 000109.333, 159
Trd, 000109.867, 146.0
Trd, 000109.883, 144.0
Trd, 000110.117, 160
Trd, 000111.100, 155
Trd, 000112.183, 154
Trd, 000112.200, 155.0
Trd, 000112.383, 161
Trd, 000112.750, 164.0
Trd, 000113.283, 151.0
Trd, 000114.183, 164.0
Trd, 000114.967, 154
Trd, 000115.367, 161
Trd, 000116.167, 153
Trd, 000116.300, 144.0
Trd, 000117.050, 138
Trd, 000117.400, 149
Trd, 000118.500, 162.0
Trd, 000118.567, 164
Trd, 000119.117, 144.0
Trd, 000119.383, 163
Trd, 000119.917, 164.0
Trd, 000121.633, 150.0
Trd, 000122.033, 149
Trd, 000122.567, 151.0
Trd, 000122.900, 151.0
Trd, 000123.050, 149
Trd, 000124.367, 148
Trd, 000125.100, 155.0
Trd, 000125.317, 144.0
Trd, 000125.933, 147
Trd, 000126.867, 164.0
Trd, 000127.817, 156
Trd, 000127.983, 146
Trd, 000128.550, 141.0
Trd, 000129.083, 154
Trd, 000129.400, 157
Trd, 000129.417, 163.0
Trd, 000129.433, 144.0
Trd, 000130.467, 155.0
Trd, 000131.950, 155.0
Trd, 000133.200, 162.0
Trd, 000134.600, 150
Trd, 000135.250, 151.0
Trd, 000135.567, 150
Trd, 000135.600, 162
Trd, 000136.683, 167
Trd, 000136.867, 163.0
Trd, 000137.133, 144.0
Trd, 000137.250, 166
Trd, 000137.817, 155.0
Trd, 000137.950, 162.0
Trd, 000139.467, 168
Trd, 000140.500, 168.0
Trd, 000141.917, 162
Trd, 000142.617, 160
Trd, 000142.850, 158
Trd, 000142.967, 168.0
Trd, 000143.567, 172.0
Trd, 000143.967, 177
Trd, 000145.433, 172.0
Trd, 000145.817, 162
Trd, 000145.967, 172
Trd, 000146.150, 158
Trd, 000146.167, 144.0
Trd, 000146.350, 141.0
Trd, 000147.317, 171
Trd, 000148.167, 162.0
Trd, 000149.317, 162.0
Trd, 000149.333, 169
Trd, 000149.367, 161
Trd, 000149.583, 161
Trd, 000149.633, 160
Trd, 000151.017, 162
Trd, 000152.300, 150
Trd, 000152.383, 151
Trd, 000153.383, 141.0
Trd, 000153.650, 172.0
Trd, 000153.783, 137.0
Trd, 000154.083, 174
Trd, 000155.133, 155.0
Trd, 000155.233, 153
Trd, 000155.517, 151.0
Trd, 000155.683, 150
Trd, 000156.650, 186.0
Trd, 000158.150, 154
Trd, 000159.350, 165
Trd, 000159.500, 162.0
Trd, 000160.267, 156
Trd, 000160.483, 156
Trd, 000160.900, 164.0
Trd, 000161.350, 149.0
Trd, 000161.967, 151.0
Trd, 000162.450, 164
Trd, 000162.850, 165.0
Trd, 000165.033, 163
Trd, 000165.100, 171
Trd, 000165.183, 159
Trd, 000165.917, 161
Trd, 000166.683, 160
Trd, 000167.217, 160
Trd, 000168.300, 153
Trd, 000168.883, 154.0
Trd, 000169.250, 155.0
Trd, 000169.667, 137.0
Trd, 000170.683, 152
Trd, 000171.317, 151.0
Trd, 000171.483, 157
Trd, 000173.433, 153
Trd, 000173.733, 150
Trd, 000174.000, 163
Trd, 000174.067, 144.0
Trd, 000175.450, 164.0
Trd, 000176.033, 151.0
Trd, 000176.217, 141.0
Trd, 000177.017, 149
Trd, 000177.117, 151
Trd, 000177.233, 153
Trd, 000178.083, 151.0
Trd, 000178.817, 148
Trd, 000179.050, 151
Trd, 000179.600, 144.0
Trd, 000179.633, 155.0
Trd, 000179.850, 129
Trd, 000180.983, 165.0
Trd, 000181.617, 170
Trd, 000181.900, 162.0
Trd, 000182.400, 149
Trd, 000183.933, 152
Trd, 000184.267, 155.0
Trd, 000184.683, 150
Trd, 000184.917, 156
Trd, 000185.950, 156
Trd, 000186.367, 149
Trd, 000186.650, 141.0
Trd, 000188.700, 165.0
Trd, 000188.800, 167
Trd, 000189.033, 160
Trd, 000189.450, 151
Trd, 000189.483, 168
Trd, 000189.983, 162
Trd, 000190.183, 162.0
Trd, 000190.733, 172.0
Trd, 000191.550, 178
Trd, 000191.800, 158
Trd, 000192.333, 158
Trd, 000193.000, 172.0
Trd, 000193.183, 159
Trd, 000193.367, 167
Trd, 000193.833, 155
Trd, 000193.850, 173
Trd, 000194.883, 151.0
Trd, 000195.517, 173
Trd, 000195.833, 176
Trd, 000196.367, 179
Trd, 000196.650, 144.0
Trd, 000197.267, 162.0
Trd, 000197.800, 150
Trd, 000199.667, 172.0
Trd, 000199.867, 156
Trd, 000200.167, 155
Trd, 000200.983, 171
Trd, 000201.333, 160
Trd, 000202.600, 152
Trd, 000203.100, 151.0
Trd, 000203.383, 158
Trd, 000203.583, 156
Trd, 000204.733, 146.0
Trd, 000205.350, 154
Trd, 000206.417, 154
Trd, 000206.667, 155
Trd, 000206.867, 144.0
Trd, 000207.183, 151.0
Trd, 000207.900, 154.0
Trd, 000207.983, 139
Trd, 000208.017, 155.0
Trd, 000208.267, 171.0
Trd, 000208.600, 166
Trd, 000209.517, 165
Trd, 000209.717, 162.0
Trd, 000209.850, 153
Trd, 000211.517, 172.0
Trd, 000211.883, 155.0
Trd, 000213.083, 164
Trd, 000213.900, 162
Trd, 000214.250, 157
Trd, 000214.650, 162.0
Trd, 000214.867, 158
Trd, 000215.883, 156
Trd, 000216.100, 169.0
Trd, 000217.117, 144.0
Trd, 000217.150, 141.0
Trd, 000218.267, 146.0
Trd, 000218.633, 166
Trd, 000219.033, 172.0
Trd, 000219.050, 175
Trd, 000219.633, 144.0
Trd, 000219.867, 142
Trd, 000220.050, 156
Trd, 000221.517, 156
Trd, 000222.000, 153
Trd, 000223.200, 155.0
Trd, 000223.317, 165.0
Trd, 000223.700, 166
Trd, 000224.367, 152
Trd, 000224.567, 155.0
Trd, 000224.633, 151
Trd, 000224.883, 144.0
Trd, 000225.900, 153
Trd, 000226.433, 151
Trd, 000226.683, 150
Trd, 000226.700, 151
Trd, 000226.833, 165.0
Trd, 000227.617, 161
Trd, 000227.683, 149
Trd, 000227.883, 141.0
Trd, 000228.550, 170.0
Trd, 000229.883, 145.0
Trd, 000231.233, 150.0
Trd, 000231.600, 151.0
Trd, 000231.833, 144.0
Trd, 000232.100, 151
Trd, 000233.417, 148
Trd, 000234.133, 151
Trd, 000234.200, 155.0
Trd, 000234.833, 164
Trd, 000235.933, 149
Trd, 000236.667, 149.0
Trd, 000237.200, 148
Trd, 000238.850, 150
Trd, 000238.950, 151.0
Trd, 000240.000, 160
Trd, 000240.050, 165.0
Trd, 000240.767, 169.0
Trd, 000240.800, 162.0
Trd, 000241.017, 158.0
Trd, 000241.467, 155
Trd, 000241.767, 161.0
Trd, 000242.017, 148
Trd, 000242.967, 155.0
Trd, 000243.067, 154
Trd, 000243.633, 156.0
Trd, 000243.983, 148.0
Trd, 000244.100, 156.0
Trd, 000244.383, 155.0
Trd, 000244.417, 159.0
Trd, 000244.650, 162.0
Trd, 000245.283, 152
Trd, 000245.650, 144.0
Trd, 000246.183, 153
Trd, 000246.400, 153
Trd, 000246.933, 149
Trd, 000247.333, 151
Trd, 000248.150, 150
Trd, 000248.817, 148.0
Trd, 000248.833, 149
Trd, 000249.300, 147.0
Trd, 000249.850, 147
Trd, 000250.367, 165
Trd, 000250.550, 172.0
Trd, 000250.933, 162.0
Trd, 000251.250, 148
Trd, 000251.383, 141.0
Trd, 000252.317, 135.0
Trd, 000252.333, 137
Trd, 000252.783, 138
Trd, 000253.150, 151.0
Trd, 000254.750, 151.0
Trd, 000255.083, 150.0
Trd, 000255.267, 150.0
Trd, 000255.617, 162.0
Trd, 000255.767, 162.0
Trd, 000256.050, 162
Trd, 000256.133, 148.0
Trd, 000257.000, 150.0
Trd, 000258.417, 149
Trd, 000258.767, 150
Trd, 000259.000, 152
Trd, 000259.317, 157
Trd, 000259.333, 148.0
Trd, 000260.467, 156.0
Trd, 000260.500, 150
Trd, 000260.800, 160.0
Trd, 000261.533, 149.0
Trd, 000261.800, 151.0
Trd, 000262.150, 156.0
Trd, 000262.283, 150
Trd, 000262.350, 151
Trd, 000262.750, 158.0
Trd, 000263.067, 144.0
Trd, 000263.583, 163.0
Trd, 000265.000, 162
Trd, 000265.633, 162.0
Trd, 000265.950, 164
Trd, 000266.400, 158.0
Trd, 000266.467, 158
Trd, 000266.700, 151
Trd, 000267.117, 154.0
Trd, 000267.550, 148.0
Trd, 000268.233, 144.0
Trd, 000269.067, 145.0
Trd, 000269.350, 141.0
Trd, 000269.483, 157
Trd, 000269.617, 150
Trd, 000270.100, 157
Trd, 000270.267, 158.0
Trd, 000270.567, 162.0
Trd, 000271.367, 152
Trd, 000271.850, 170.0
Trd, 000272.000, 168
Trd, 000272.450, 172.0
Trd, 000273.100, 161
Trd, 000273.283, 166
Trd, 000274.000, 168
Trd, 000274.317, 162
Trd, 000274.383, 162.0
Trd, 000275.767, 152.0
Trd, 000275.933, 148.0
Trd, 000276.117, 153.0
Trd, 000276.583, 150.0
Trd, 000277.217, 144.0
Trd, 000278.617, 153
Trd, 000278.633, 154
Trd, 000278.700, 151
Trd, 000278.717, 155.0
Trd, 000279.000, 151
Trd, 000279.183, 158.0
Trd, 000279.233, 165.0
Trd, 000280.483, 148
Trd, 000281.333, 152.0
Trd, 000281.750, 155
Trd, 000281.917, 156
Trd, 000282.233, 151.0
Trd, 000282.333, 157
Trd, 000283.367, 162.0
Trd, 000283.483, 155
Trd, 000283.950, 144.0
Trd, 000284.850, 151
Trd, 000284.900, 148.0
Trd, 000284.933, 154
Trd, 000284.950, 156
Trd, 000285.283, 158.0
Trd, 000285.517, 165.0
Trd, 000285.717, 149.0
Trd, 000286.267, 154
Trd, 000286.367, 155.0
Trd, 000286.767, 153
Trd, 000287.583, 170.0
Trd, 000288.083, 158.0
Trd, 000288.967, 155
Trd, 000289.133, 148.0
Trd, 000289.150, 158.0
Trd, 000289.483, 158
Trd, 000290.583, 150
Trd, 000290.883, 141.0
Trd, 000290.933, 151.0
Trd, 000291.633, 152
Trd, 000291.850, 153
Trd, 000292.783, 154.0
Trd, 000292.983, 146.0
Trd, 000293.300, 144.0
Trd, 000293.733, 155.0
Trd, 000294.117, 158.0
Trd, 000294.683, 147
Trd, 000294.783, 169.0
Trd, 000295.633, 154
Trd, 000295.650, 145
Trd, 000295.800, 144.0
Trd, 000296.417, 158.0
Trd, 000296.450, 153
Trd, 000296.633, 155.0
Trd, 000296.917, 171.0
Trd, 000298.783, 154
Trd, 000298.933, 148.0
Trd, 000299.067, 148
Trd, 000299.333, 144.0
Trd, 000299.817, 169
Trd, 000299.867, 162.0
