Trd, 000003.083, 143.0
Trd, 000003.167, 144.0
Trd, 000003.667, 161.0
Trd, 000003.733, 162.0
Trd, 000004.033, 141.0
Trd, 000004.333, 161
Trd, 000004.417, 139.0
Trd, 000004.517, 137.0
Trd, 000006.217, 155.0
Trd, 000008.167, 146
Trd, 000008.467, 145
Trd, 000008.733, 152
Trd, 000008.900, 144
Trd, 000009.200, 151
Trd, 000009.450, 154
Trd, 000009.933, 145
Trd, 000010.500, 155.0
Trd, 000011.917, 143.0
Trd, 000012.450, 143.0
Trd, 000012.667, 142
Trd, 000012.700, 140
Trd, 000012.783, 144.0
Trd, 000013.100, 152
Trd, 000013.417, 152
Trd, 000013.567, 161.0
Trd, 000014.150, 162.0
Trd, 000014.783, 155.0
Trd, 000015.017, 168.0
Trd, 000016.300, 151
Trd, 000016.667, 147
Trd, 000017.800, 151
Trd, 000017.900, 153
Trd, 000018.583, 150
Trd, 000018.900, 152
Trd, 000019.667, 151
Trd, 000019.967, 151
Trd, 000020.200, 146
Trd, 000020.467, 148
Trd, 000020.900, 148
Trd, 000021.900, 137.0
Trd, 000022.117, 133
Trd, 000022.200, 146
Trd, 000022.733, 147
Trd, 000023.367, 162.0
Trd, 000023.483, 167
Trd, 000025.217, 149
Trd, 000025.233, 151
Trd, 000026.467, 148
Trd, 000026.617, 137.0
Trd, 000026.833, 149
Trd, 000026.950, 149
Trd, 000027.033, 131.0
Trd, 000028.167, 143.0
Trd, 000028.183, 144.0
Trd, 000028.317, 162.0
Trd, 000029.517, 146
Trd, 000029.600, 160.0
Trd, 000030.467, 145
Trd, 000032.283, 151
Trd, 000032.717, 150
Trd, 000033.950, 147
Trd, 000034.183, 147
Trd, 000034.317, 148
Trd, 000034.500, 146
Trd, 000034.633, 145
Trd, 000034.750, 150
Trd, 000035.383, 161.0
Trd, 000035.483, 159
Trd, 000036.900, 151
Trd, 000036.967, 152
Trd, 000038.933, 156.0
Trd, 000039.417, 155.0
Trd, 000039.633, 161
Trd, 000039.650, 147
Trd, 000040.450, 158.0
Trd, 000040.667, 158.0
Trd, 000041.600, 156
Trd, 000042.183, 152
Trd, 000042.383, 162.0
Trd, 000042.617, 147
Trd, 000043.333, 150
Trd, 000043.700, 149
Trd, 000044.250, 148
Trd, 000044.483, 149
Trd, 000044.567, 151
Trd, 000045.533, 155.0
Trd, 000045.900, 152
Trd, 000047.000, 140
Trd, 000047.233, 149
Trd, 000047.283, 152
Trd, 000048.750, 151
Trd, 000048.800, 150
Trd, 000049.400, 150
Trd, 000049.700, 149
Trd, 000050.017, 146
Trd, 000050.083, 151
Trd, 000050.817, 148
Trd, 000050.883, 137.0
Trd, 000052.000, 144.0
Trd, 000053.200, 144
Trd, 000053.217, 145
Trd, 000053.233, 142
Trd, 000053.717, 155.0
Trd, 000054.833, 148
Trd, 000055.883, 146
Trd, 000056.283, 147
Trd, 000056.700, 146
Trd, 000057.350, 141
Trd, 000057.367, 147
Trd, 000057.550, 148
Trd, 000058.150, 147
Trd, 000058.533, 143
Trd, 000058.650, 144.0
Trd, 000060.617, 155.0
Trd, 000061.017, 147
Trd, 000061.283, 144
Trd, 000061.517, 145
Trd, 000062.567, 137.0
Trd, 000062.833, 139
Trd, 000062.850, 140
Trd, 000063.300, 140
Trd, 000064.000, 140
Trd, 000064.150, 141.0
Trd, 000064.567, 144.0
Trd, 000065.167, 161.0
Trd, 000066.483, 152
Trd, 000066.617, 144
Trd, 000066.633, 143
Trd, 000066.733, 137.0
Trd, 000066.933, 162.0
Trd, 000067.433, 143
Trd, 000068.533, 144.0
Trd, 000068.600, 143
Trd, 000068.800, 146
Trd, 000069.100, 142
Trd, 000069.267, 145
Trd, 000070.950, 143
Trd, 000072.583, 141
Trd, 000072.600, 142
Trd, 000072.900, 143
Trd, 000074.033, 141.0
Trd, 000074.300, 140
Trd, 000074.350, 144.0
Trd, 000076.117, 149
Trd, 000076.700, 149
Trd, 000076.917, 148
Trd, 000077.233, 157
Trd, 000077.533, 142
Trd, 000077.817, 144
Trd, 000078.433, 143
Trd, 000078.983, 142.0
Trd, 000079.067, 142.0
Trd, 000079.300, 141
Trd, 000079.600, 142
Trd, 000080.967, 142
Trd, 000081.150, 141
Trd, 000081.267, 142
Trd, 000081.783, 139
Trd, 000082.467, 143
Trd, 000082.633, 144.0
Trd, 000082.700, 137
Trd, 000082.933, 137.0
Trd, 000084.117, 144
Trd, 000084.517, 162.0
Trd, 000085.650, 155
Trd, 000086.383, 161
Trd, 000087.083, 159
Trd, 000087.550, 161
Trd, 000088.250, 158.0
Trd, 000089.150, 165.0
Trd, 000089.533, 155.0
Trd, 000091.133, 164.0
Trd, 000091.433, 160
Trd, 000091.450, 159
Trd, 000092.350, 161
Trd, 000092.900, 157
Trd, 000093.483, 147
Trd, 000094.017, 153
Trd, 000094.150, 150
Trd, 000095.467, 151
Trd, 000095.617, 139
Trd, 000095.883, 152
Trd, 000095.983, 134
Trd, 000097.450, 150
Trd, 000098.033, 147
Trd, 000098.333, 151
Trd, 000098.517, 154
Trd, 000098.617, 151
Trd, 000098.717, 150
Trd, 000100.117, 164.0
Trd, 000100.800, 152
Trd, 000102.233, 151
Trd, 000102.583, 152
Trd, 000102.900, 151.0
Trd, 000103.167, 150
Trd, 000103.450, 147
Trd, 000103.617, 151
Trd, 000103.783, 141
Trd, 000104.050, 151
Trd, 000104.483, 151
Trd, 000104.717, 147
Trd, 000106.533, 149
Trd, 000106.600, 150
Trd, 000107.200, 150
Trd, 000107.400, 162.0
Trd, 000107.800, 155.0
Trd, 000108.950, 154
Trd, 000109.033, 152
Trd, 000109.600, 152
Trd, 000110.983, 151
Trd, 000111.867, 151
Trd, 000111.883, 150
Trd, 000112.067, 152
Trd, 000112.400, 142
Trd, 000114.000, 148
Trd, 000114.383, 149
Trd, 000114.767, 150
Trd, 000115.433, 151
Trd, 000115.733, 149
Trd, 000115.967, 157
Trd, 000116.733, 148
Trd, 000117.000, 155.0
Trd, 000118.317, 150
Trd, 000119.650, 149
Trd, 000120.167, 149
Trd, 000120.667, 149
Trd, 000120.783, 148
Trd, 000121.433, 146
Trd, 000121.467, 138
Trd, 000121.733, 145
Trd, 000122.050, 144
Trd, 000122.383, 148
Trd, 000122.933, 139
Trd, 000123.367, 158
Trd, 000123.783, 162.0
Trd, 000124.667, 149
Trd, 000125.100, 149
Trd, 000126.100, 155.0
Trd, 000126.933, 155.0
Trd, 000127.383, 154
Trd, 000127.617, 152
Trd, 000128.250, 147
Trd, 000128.717, 151.0
Trd, 000129.567, 149
Trd, 000130.000, 148
Trd, 000130.067, 146
Trd, 000131.300, 143.0
Trd, 000131.383, 143.0
Trd, 000131.500, 144.0
Trd, 000132.017, 147
Trd, 000132.217, 145
Trd, 000132.867, 138.0
Trd, 000133.000, 145
Trd, 000133.083, 149
Trd, 000133.467, 139.0
Trd, 000134.950, 140.0
Trd, 000135.417, 139
Trd, 000135.800, 140.0
Trd, 000136.767, 141.0
Trd, 000137.017, 141
Trd, 000137.317, 144.0
Trd, 000137.550, 142
Trd, 000138.483, 142
Trd, 000138.617, 140
Trd, 000138.867, 138
Trd, 000139.150, 142
Trd, 000139.650, 138.0
Trd, 000139.700, 139.0
Trd, 000139.800, 140.0
Trd, 000141.767, 139.0
Trd, 000141.967, 140.0
Trd, 000142.067, 141.0
Trd, 000142.133, 144.0
Trd, 000144.700, 141
Trd, 000145.250, 141
Trd, 000145.633, 141
Trd, 000145.867, 142.0
Trd, 000146.533, 142
Trd, 000147.550, 141
Trd, 000147.783, 143.0
Trd, 000148.167, 144.0
Trd, 000148.833, 163
Trd, 000149.450, 143
Trd, 000149.950, 146
Trd, 000150.233, 164
Trd, 000150.283, 154
Trd, 000151.017, 156
Trd, 000151.217, 163.0
Trd, 000152.917, 159.0
Trd, 000153.450, 162.0
Trd, 000155.400, 159
Trd, 000155.617, 155
Trd, 000155.783, 158
Trd, 000155.867, 155.0
Trd, 000156.083, 147
Trd, 000157.000, 155
Trd, 000157.300, 141.0
Trd, 000157.983, 154
Trd, 000158.133, 153
Trd, 000158.433, 151
Trd, 000159.400, 152
Trd, 000159.783, 153
Trd, 000160.900, 147
Trd, 000161.217, 148
Trd, 000161.450, 147
Trd, 000161.567, 159.0
Trd, 000161.783, 162.0
Trd, 000162.083, 146
Trd, 000163.383, 143.0
Trd, 000163.633, 143.0
Trd, 000164.367, 143.0
Trd, 000164.667, 144.0
Trd, 000165.200, 145
Trd, 000165.517, 145
Trd, 000166.267, 139.0
Trd, 000166.633, 144
Trd, 000167.517, 144
Trd, 000167.967, 148
Trd, 000168.033, 144
Trd, 000168.450, 145
Trd, 000169.517, 148
Trd, 000170.700, 149
Trd, 000170.900, 148
Trd, 000171.050, 147
Trd, 000171.267, 149
Trd, 000171.283, 145
Trd, 000172.517, 144.0
Trd, 000172.550, 162.0
Trd, 000173.300, 155.0
Trd, 000173.550, 140
Trd, 000174.917, 150
Trd, 000175.150, 146
Trd, 000175.633, 144.0
Trd, 000176.317, 144
Trd, 000176.700, 142
Trd, 000176.717, 143
Trd, 000176.800, 150
Trd, 000176.917, 142
Trd, 000177.233, 156.0
Trd, 000177.517, 162.0
Trd, 000179.017, 155.0
Trd, 000179.350, 162.0
Trd, 000180.783, 154
Trd, 000181.317, 152
Trd, 000181.617, 151.0
Trd, 000181.667, 152
Trd, 000182.100, 150
Trd, 000182.150, 148
Trd, 000182.467, 152
Trd, 000183.200, 153
Trd, 000183.667, 152
Trd, 000184.417, 155.0
Trd, 000185.033, 151.0
Trd, 000185.133, 149
Trd, 000185.350, 158.0
Trd, 000187.483, 151
Trd, 000187.683, 149
Trd, 000188.333, 148
Trd, 000188.667, 147
Trd, 000188.983, 137.0
Trd, 000189.217, 147
Trd, 000189.267, 148
Trd, 000189.800, 147
Trd, 000191.283, 149
Trd, 000191.950, 147
Trd, 000192.533, 155.0
Trd, 000192.650, 152
Trd, 000192.800, 156
Trd, 000193.800, 160.0
Trd, 000193.917, 154
Trd, 000194.183, 155
Trd, 000194.633, 161.0
Trd, 000195.600, 155.0
Trd, 000195.767, 151.0
Trd, 000197.683, 155
Trd, 000197.767, 160.0
Trd, 000197.967, 153
Trd, 000198.967, 153
Trd, 000199.533, 155.0
Trd, 000200.067, 147
Trd, 000200.483, 156
Trd, 000200.800, 158
Trd, 000201.133, 162.0
Trd, 000201.983, 160
Trd, 000202.467, 165.0
Trd, 000203.667, 160
Trd, 000204.800, 158
Trd, 000204.917, 156
Trd, 000205.617, 155.0
Trd, 000206.350, 151.0
Trd, 000206.467, 158
Trd, 000206.733, 159
Trd, 000207.500, 155.0
Trd, 000209.200, 155
Trd, 000209.733, 155
Trd, 000210.367, 154
Trd, 000210.450, 151.0
Trd, 000210.733, 155
Trd, 000210.800, 155
Trd, 000211.883, 147
Trd, 000212.500, 146
Trd, 000213.450, 140
Trd, 000213.767, 137.0
Trd, 000214.200, 150
Trd, 000214.267, 152
Trd, 000214.500, 141
Trd, 000214.517, 143.0
Trd, 000214.700, 144.0
Trd, 000216.450, 160
Trd, 000216.667, 155.0
Trd, 000216.983, 160
Trd, 000217.233, 154
Trd, 000217.683, 162.0
Trd, 000219.867, 155
Trd, 000220.250, 154.0
Trd, 000220.550, 151
Trd, 000220.583, 154
Trd, 000220.717, 151.0
Trd, 000221.917, 152
Trd, 000222.133, 151
Trd, 000222.333, 150
Trd, 000222.383, 150
Trd, 000222.817, 148
Trd, 000223.350, 151
Trd, 000224.000, 165.0
Trd, 000224.100, 157
Trd, 000224.117, 147
Trd, 000224.850, 140
Trd, 000226.767, 137.0
Trd, 000226.800, 138
Trd, 000227.350, 135
Trd, 000227.733, 133
Trd, 000227.833, 146
Trd, 000228.483, 141
Trd, 000228.817, 142
Trd, 000228.967, 143.0
Trd, 000230.683, 142
Trd, 000231.383, 139
Trd, 000232.083, 139
Trd, 000232.700, 141.0
Trd, 000233.733, 142.0
Trd, 000233.817, 143.0
Trd, 000235.283, 140
Trd, 000235.700, 141
Trd, 000235.933, 142
Trd, 000236.933, 141
Trd, 000237.100, 143.0
Trd, 000237.433, 142
Trd, 000237.700, 144.0
Trd, 000238.450, 163.0
Trd, 000239.417, 151
Trd, 000239.617, 144
Trd, 000240.983, 160.0
Trd, 000241.117, 150
Trd, 000241.417, 150
Trd, 000241.883, 151.0
Trd, 000242.300, 149
Trd, 000242.500, 152.0
Trd, 000242.700, 151.0
Trd, 000243.317, 149.0
Trd, 000243.517, 148
Trd, 000243.717, 147
Trd, 000244.050, 147.0
Trd, 000244.133, 141.0
Trd, 000245.317, 138
Trd, 000245.450, 141
Trd, 000245.517, 142
Trd, 000245.917, 142
Trd, 000246.233, 136.0
Trd, 000246.283, 146
Trd, 000246.967, 143.0
Trd, 000247.217, 141.0
Trd, 000247.800, 141.0
Trd, 000248.467, 143.0
Trd, 000249.167, 144.0
Trd, 000249.250, 142
Trd, 000249.450, 141
Trd, 000249.633, 146.0
Trd, 000249.900, 145.0
Trd, 000250.133, 138
Trd, 000250.967, 144
Trd, 000252.817, 144
Trd, 000252.833, 142
Trd, 000253.050, 143
Trd, 000253.133, 144
Trd, 000253.300, 144
Trd, 000253.550, 144.0
Trd, 000253.683, 141.0
Trd, 000256.200, 148.0
Trd, 000256.850, 147
Trd, 000257.117, 147
Trd, 000257.300, 149.0
Trd, 000258.333, 146
Trd, 000259.133, 156
Trd, 000259.150, 155
Trd, 000259.317, 154
Trd, 000259.750, 162.0
Trd, 000260.783, 153
Trd, 000261.267, 155.0
Trd, 000261.383, 159.0
Trd, 000261.917, 149
Trd, 000262.050, 142
Trd, 000262.150, 141.0
Trd, 000263.283, 148
Trd, 000263.533, 150
Trd, 000263.850, 150
Trd, 000264.167, 149
Trd, 000264.350, 150
Trd, 000264.433, 146
Trd, 000264.483, 149
Trd, 000266.300, 146
Trd, 000266.367, 146
Trd, 000266.717, 142.0
Trd, 000266.983, 146
Trd, 000268.200, 145
Trd, 000268.667, 151.0
Trd, 000270.267, 148.0
Trd, 000271.267, 150.0
Trd, 000271.283, 144
Trd, 000271.400, 143
Trd, 000271.517, 144
Trd, 000272.167, 144.0
Trd, 000272.617, 144.0
Trd, 000272.917, 143.0
Trd, 000273.017, 144
Trd, 000273.150, 145
Trd, 000273.183, 143
Trd, 000273.583, 144
Trd, 000273.600, 145
Trd, 000275.350, 141.0
Trd, 000275.417, 141
Trd, 000276.050, 142
Trd, 000276.233, 143
Trd, 000276.300, 145
Trd, 000276.533, 139
Trd, 000276.883, 137.0
Trd, 000277.017, 140
Trd, 000277.183, 148.0
Trd, 000277.933, 160.0
Trd, 000278.000, 155.0
Trd, 000278.217, 162.0
Trd, 000278.567, 151.0
Trd, 000279.383, 144.0
Trd, 000280.833, 143
Trd, 000280.850, 141
Trd, 000281.767, 142
Trd, 000282.000, 141.0
Trd, 000282.083, 140
Trd, 000283.333, 143
Trd, 000284.267, 141
Trd, 000284.867, 141.0
Trd, 000285.250, 141
Trd, 000285.500, 142
Trd, 000285.583, 144.0
Trd, 000285.983, 152
Trd, 000286.117, 143
Trd, 000286.350, 140
Trd, 000286.533, 142
Trd, 000286.550, 141.0
Trd, 000286.867, 147.0
Trd, 000287.417, 143
Trd, 000287.933, 146.0
Trd, 000288.150, 148.0
Trd, 000289.150, 144.0
Trd, 000289.400, 143
Trd, 000290.300, 146
Trd, 000290.550, 158
Trd, 000290.700, 143
Trd, 000290.817, 160.0
Trd, 000290.933, 144
Trd, 000291.633, 145
Trd, 000291.850, 144
Trd, 000292.017, 150
Trd, 000292.400, 144
Trd, 000293.850, 144
Trd, 000294.183, 143
Trd, 000294.467, 142
Trd, 000294.733, 143
Trd, 000295.267, 141.0
Trd, 000295.967, 144
Trd, 000296.050, 145
Trd, 000296.433, 145
Trd, 000296.483, 148.0
Trd, 000297.267, 141
Trd, 000297.617, 143
Trd, 000297.633, 133
Trd, 000298.933, 142
Trd, 000299.317, 141
