Trd, 000001.550, 131.0
Trd, 000002.117, 124.0
Trd, 000003.217, 132
Trd, 000003.517, 141.0
Trd, 000004.783, 140.0
Trd, 000005.167, 143
Trd, 000005.183, 127
Trd, 000005.883, 144.0
Trd, 000007.017, 133
Trd, 000007.400, 145.0
Trd, 000007.733, 133
Trd, 000009.083, 139.0
Trd, 000010.467, 138
Trd, 000010.517, 144.0
Trd, 000010.867, 137.0
Trd, 000012.067, 141
Trd, 000012.417, 142
Trd, 000012.550, 144.0
Trd, 000012.633, 140
Trd, 000013.267, 148
Trd, 000014.067, 144
Trd, 000014.517, 150.0
Trd, 000014.733, 151.0
Trd, 000014.933, 144
Trd, 000015.383, 144
Trd, 000016.033, 142
Trd, 000016.483, 161
Trd, 000017.833, 151
Trd, 000017.867, 150
Trd, 000019.267, 150
Trd, 000019.617, 154
Trd, 000019.683, 155
Trd, 000020.083, 154.0
Trd, 000020.317, 148
Trd, 000020.433, 148
Trd, 000021.400, 154.0
Trd, 000021.900, 154
Trd, 000022.667, 151
Trd, 000022.700, 153.0
Trd, 000022.983, 149
Trd, 000023.933, 148
Trd, 000026.017, 148
Trd, 000026.183, 151.0
Trd, 000027.083, 152.0
Trd, 000027.250, 151
Trd, 000028.850, 151
Trd, 000029.817, 150.0
Trd, 000029.900, 149
Trd, 000030.633, 150
Trd, 000030.833, 153
Trd, 000031.500, 150
Trd, 000031.683, 155
Trd, 000032.867, 155.0
Trd, 000033.167, 153
Trd, 000033.467, 171
Trd, 000034.150, 152
Trd, 000034.783, 152
Trd, 000035.050, 151
Trd, 000035.800, 150
Trd, 000036.000, 153
Trd, 000036.217, 148
Trd, 000036.400, 151
Trd, 000036.717, 153
Trd, 000037.833, 165
Trd, 000039.250, 160
Trd, 000039.617, 159
Trd, 000039.750, 156
Trd, 000040.417, 159
Trd, 000040.933, 156
Trd, 000040.967, 158
Trd, 000041.067, 155
Trd, 000041.383, 155
Trd, 000042.183, 153
Trd, 000043.167, 153
Trd, 000045.217, 142.0
Trd, 000045.250, 144.0
Trd, 000045.367, 139
Trd, 000046.117, 147.0
Trd, 000046.667, 147
Trd, 000047.033, 148.0
Trd, 000047.617, 150.0
Trd, 000047.650, 145
Trd, 000049.467, 148
Trd, 000050.017, 150
Trd, 000050.433, 147.0
Trd, 000051.200, 145
Trd, 000051.950, 146.0
Trd, 000052.067, 148.0
Trd, 000052.867, 146
Trd, 000053.917, 146
Trd, 000054.300, 148.0
Trd, 000054.367, 148.0
Trd, 000054.417, 147
Trd, 000054.433, 145
Trd, 000054.817, 148
Trd, 000055.333, 148.0
Trd, 000055.850, 154.0
Trd, 000056.967, 146
Trd, 000057.717, 147
Trd, 000058.533, 148
Trd, 000058.600, 148.0
Trd, 000058.950, 148
Trd, 000058.983, 149
Trd, 000059.933, 146
Trd, 000060.183, 146
Trd, 000060.633, 148.0
Trd, 000061.000, 149.0
Trd, 000061.133, 151.0
Trd, 000061.533, 155.0
Trd, 000062.133, 147
Trd, 000062.700, 146
Trd, 000062.933, 145
Trd, 000063.883, 143.0
Trd, 000064.350, 144.0
Trd, 000064.683, 148.0
Trd, 000065.017, 152
Trd, 000065.383, 180
Trd, 000066.650, 155.0
Trd, 000067.567, 152
Trd, 000068.833, 153
Trd, 000068.867, 152
Trd, 000069.017, 150
Trd, 000069.417, 144.0
Trd, 000070.317, 150
Trd, 000070.500, 149
Trd, 000071.600, 150.0
Trd, 000071.833, 149
Trd, 000072.000, 150.0
Trd, 000072.617, 155.0
Trd, 000073.133, 150
Trd, 000073.350, 150
Trd, 000074.300, 150
Trd, 000075.933, 153
Trd, 000076.000, 150
Trd, 000076.750, 150
Trd, 000077.383, 152
Trd, 000078.667, 152
Trd, 000078.900, 151
Trd, 000079.033, 150
Trd, 000079.283, 149
Trd, 000079.800, 148.0
Trd, 000081.467, 148
Trd, 000081.950, 149.0
Trd, 000082.000, 148
Trd, 000082.200, 152.0
Trd, 000083.667, 147
Trd, 000083.883, 146
Trd, 000084.650, 147.0
Trd, 000084.700, 148.0
Trd, 000085.833, 148
Trd, 000086.033, 147
Trd, 000086.950, 148
Trd, 000087.083, 147
Trd, 000087.217, 148.0
Trd, 000088.717, 175
Trd, 000089.133, 176
Trd, 000089.217, 174
Trd, 000089.317, 161
Trd, 000090.133, 164
Trd, 000090.833, 162
Trd, 000093.133, 163
Trd, 000093.250, 163
Trd, 000093.450, 164
Trd, 000093.483, 162
Trd, 000093.583, 162
Trd, 000094.450, 159
Trd, 000095.267, 158
Trd, 000095.317, 157
Trd, 000095.467, 134.0
Trd, 000096.283, 131.0
Trd, 000097.317, 157
Trd, 000098.367, 155
Trd, 000098.433, 156
Trd, 000098.500, 149
Trd, 000099.150, 157
Trd, 000099.517, 157
Trd, 000100.000, 156
Trd, 000100.400, 155
Trd, 000101.550, 154
Trd, 000101.600, 153
Trd, 000101.717, 155
Trd, 000101.983, 155.0
Trd, 000102.233, 154
Trd, 000102.333, 172
Trd, 000103.833, 153
Trd, 000104.650, 152
Trd, 000105.050, 152
Trd, 000105.650, 155
Trd, 000106.333, 182
Trd, 000106.617, 154.0
Trd, 000106.767, 153
Trd, 000106.967, 152
Trd, 000108.283, 155.0
Trd, 000109.017, 152
Trd, 000110.133, 153
Trd, 000110.800, 153
Trd, 000110.833, 152
Trd, 000111.233, 155
Trd, 000111.550, 152
Trd, 000112.650, 154
Trd, 000113.533, 152
Trd, 000113.550, 155.0
Trd, 000113.783, 151
Trd, 000113.967, 178
Trd, 000114.433, 152
Trd, 000115.050, 154
Trd, 000116.917, 158
Trd, 000117.583, 158
Trd, 000118.250, 159
Trd, 000118.400, 158
Trd, 000118.417, 158
Trd, 000119.350, 158
Trd, 000119.650, 159
Trd, 000120.283, 161
Trd, 000120.433, 158
Trd, 000120.983, 162
Trd, 000122.233, 161
Trd, 000122.417, 160
Trd, 000122.783, 159
Trd, 000123.000, 157
Trd, 000123.283, 159
Trd, 000123.517, 165
Trd, 000124.250, 161
Trd, 000125.600, 160
Trd, 000126.817, 159
Trd, 000126.883, 158
Trd, 000127.267, 157
Trd, 000128.100, 171
Trd, 000128.233, 157
Trd, 000128.333, 166
Trd, 000128.750, 157
Trd, 000130.283, 159
Trd, 000130.517, 172
Trd, 000131.200, 158
Trd, 000131.867, 168
Trd, 000132.733, 159
Trd, 000134.117, 168
Trd, 000134.717, 162
Trd, 000134.767, 163
Trd, 000135.567, 162
Trd, 000135.700, 161
Trd, 000135.783, 160
Trd, 000135.950, 160
Trd, 000136.200, 145
Trd, 000136.800, 153
Trd, 000137.317, 155
Trd, 000137.383, 157
Trd, 000138.317, 139
Trd, 000138.767, 151.0
Trd, 000139.733, 141
Trd, 000141.067, 154.0
Trd, 000141.333, 150
Trd, 000141.833, 144
Trd, 000142.200, 136
Trd, 000143.400, 141.0
Trd, 000143.600, 132.0
Trd, 000143.650, 143.0
Trd, 000144.617, 142
Trd, 000145.033, 143
Trd, 000145.167, 143.0
Trd, 000146.133, 143
Trd, 000146.300, 144.0
Trd, 000146.967, 144
Trd, 000148.567, 148.0
Trd, 000148.717, 142
Trd, 000148.817, 142
Trd, 000148.917, 151.0
Trd, 000150.333, 153
Trd, 000150.467, 155.0
Trd, 000150.483, 146
Trd, 000152.083, 153
Trd, 000153.500, 159
Trd, 000153.567, 168
Trd, 000154.583, 160
Trd, 000154.700, 160
Trd, 000154.950, 165
Trd, 000155.467, 159
Trd, 000156.267, 160
Trd, 000156.450, 160
Trd, 000156.517, 159
Trd, 000157.217, 159
Trd, 000157.367, 159
Trd, 000157.583, 157
Trd, 000157.817, 187
Trd, 000157.867, 147
Trd, 000158.567, 182
Trd, 000160.033, 170
Trd, 000160.467, 167
Trd, 000161.783, 166
Trd, 000162.583, 166
Trd, 000162.600, 164
Trd, 000162.683, 168
Trd, 000163.000, 169
Trd, 000164.483, 168
Trd, 000164.567, 162.0
Trd, 000164.983, 157
Trd, 000165.100, 169
Trd, 000165.483, 164
Trd, 000165.800, 168
Trd, 000166.067, 163
Trd, 000166.650, 164
Trd, 000167.067, 163
Trd, 000167.150, 148
Trd, 000167.967, 154
Trd, 000168.050, 155
Trd, 000169.567, 154
Trd, 000169.700, 148
Trd, 000169.833, 160
Trd, 000170.533, 160
Trd, 000170.800, 160
Trd, 000171.900, 159
Trd, 000172.333, 160
Trd, 000173.983, 162
Trd, 000175.217, 162.0
Trd, 000175.450, 161
Trd, 000175.467, 161
Trd, 000175.783, 160
Trd, 000175.950, 157
Trd, 000176.067, 170
Trd, 000176.383, 159
Trd, 000177.000, 158
Trd, 000177.433, 158
Trd, 000177.767, 159
Trd, 000178.333, 159
Trd, 000178.783, 158
Trd, 000179.350, 158
Trd, 000179.833, 157
Trd, 000180.150, 157
Trd, 000180.483, 154
Trd, 000180.783, 155
Trd, 000181.733, 150
Trd, 000182.217, 173
Trd, 000183.133, 188
Trd, 000183.867, 164
Trd, 000184.483, 165
Trd, 000185.200, 169
Trd, 000185.250, 168
Trd, 000185.483, 164
Trd, 000185.550, 170
Trd, 000186.467, 164
Trd, 000187.783, 171
Trd, 000187.867, 163
Trd, 000187.933, 162
Trd, 000188.300, 171
Trd, 000189.400, 165
Trd, 000189.583, 164
Trd, 000189.850, 171
Trd, 000190.033, 163
Trd, 000190.867, 158
Trd, 000192.067, 158
Trd, 000192.767, 170
Trd, 000192.867, 160
Trd, 000192.900, 156
Trd, 000193.800, 144.0
Trd, 000194.067, 145
Trd, 000194.117, 145
Trd, 000194.133, 155.0
Trd, 000196.683, 161
Trd, 000196.733, 158
Trd, 000196.750, 155
Trd, 000196.883, 168
Trd, 000197.483, 170
Trd, 000197.767, 171
Trd, 000198.817, 162
Trd, 000198.917, 160
Trd, 000199.217, 159
Trd, 000200.900, 162
Trd, 000202.000, 163
Trd, 000202.883, 163
Trd, 000203.633, 162
Trd, 000203.900, 162.0
Trd, 000204.200, 163
Trd, 000204.733, 164
Trd, 000204.750, 161
Trd, 000204.783, 160
Trd, 000205.183, 157
Trd, 000205.300, 166
Trd, 000205.500, 152
Trd, 000206.467, 156
Trd, 000207.233, 163
Trd, 000207.767, 157
Trd, 000209.217, 156
Trd, 000209.467, 134.0
Trd, 000210.050, 134
Trd, 000210.333, 149
Trd, 000211.083, 144.0
Trd, 000211.233, 145
Trd, 000211.817, 142
Trd, 000212.233, 142
Trd, 000212.567, 145
Trd, 000214.717, 146
Trd, 000214.917, 150.0
Trd, 000215.833, 149
Trd, 000216.350, 150
Trd, 000216.467, 148
Trd, 000216.600, 148
Trd, 000217.017, 147
Trd, 000218.250, 146
Trd, 000218.350, 145
Trd, 000218.767, 146
Trd, 000219.150, 146
Trd, 000219.250, 150
Trd, 000220.067, 151
Trd, 000220.300, 150
Trd, 000220.500, 172
Trd, 000221.233, 186
Trd, 000221.983, 166
Trd, 000222.150, 150
Trd, 000222.867, 165
Trd, 000223.667, 189
Trd, 000223.767, 155
Trd, 000224.567, 139.0
Trd, 000225.067, 143.0
Trd, 000225.750, 141.0
Trd, 000225.950, 144.0
Trd, 000226.033, 144
Trd, 000226.650, 143.0
Trd, 000227.017, 148.0
Trd, 000229.267, 144
Trd, 000229.450, 143
Trd, 000230.117, 144
Trd, 000230.367, 148.0
Trd, 000230.700, 145
Trd, 000230.867, 144.0
Trd, 000231.117, 151.0
Trd, 000231.650, 154.0
Trd, 000232.250, 144
Trd, 000234.483, 148.0
Trd, 000234.767, 151.0
Trd, 000235.333, 150
Trd, 000235.500, 149
Trd, 000235.533, 151
Trd, 000235.800, 148
Trd, 000237.067, 156
Trd, 000237.483, 154
Trd, 000237.667, 154
Trd, 000237.983, 144
Trd, 000238.767, 154
Trd, 000239.433, 155.0
Trd, 000240.133, 156
Trd, 000240.250, 168
Trd, 000240.583, 166
Trd, 000240.817, 152
Trd, 000241.100, 160
Trd, 000241.883, 155
Trd, 000242.333, 155
Trd, 000242.750, 152
Trd, 000242.967, 154
Trd, 000243.200, 152
Trd, 000243.350, 153
Trd, 000243.717, 151.0
Trd, 000243.733, 148.0
Trd, 000244.050, 145.0
Trd, 000245.200, 149.0
Trd, 000245.567, 149.0
Trd, 000245.667, 148.0
Trd, 000245.883, 150
Trd, 000247.167, 144.0
Trd, 000247.400, 147
Trd, 000247.900, 150
Trd, 000248.117, 151.0
Trd, 000248.617, 140.0
Trd, 000248.800, 154.0
Trd, 000248.867, 155.0
Trd, 000250.183, 149
Trd, 000250.350, 148
Trd, 000250.433, 147
Trd, 000250.883, 146
Trd, 000250.967, 135.0
Trd, 000251.350, 147
Trd, 000251.367, 146
Trd, 000253.300, 143
Trd, 000253.633, 144.0
Trd, 000254.583, 161
Trd, 000255.400, 150
Trd, 000255.467, 148.0
Trd, 000255.617, 147.0
Trd, 000255.683, 148.0
Trd, 000255.983, 144
Trd, 000256.017, 138
Trd, 000256.950, 144
Trd, 000257.400, 142
Trd, 000257.650, 147
Trd, 000258.183, 147.0
Trd, 000258.283, 151.0
Trd, 000258.633, 148.0
Trd, 000259.117, 146.0
Trd, 000259.583, 148.0
Trd, 000259.683, 145
Trd, 000259.700, 154.0
Trd, 000260.850, 148
Trd, 000261.467, 149
Trd, 000262.333, 151.0
Trd, 000262.567, 150
Trd, 000262.967, 150
Trd, 000263.100, 149
Trd, 000263.450, 151
Trd, 000264.000, 148
Trd, 000264.950, 148.0
Trd, 000265.067, 147
Trd, 000265.150, 151.0
Trd, 000265.717, 146.0
Trd, 000265.900, 146.0
Trd, 000266.300, 144
Trd, 000266.600, 147.0
Trd, 000267.033, 145
Trd, 000267.500, 144
Trd, 000268.017, 147.0
Trd, 000268.033, 148.0
Trd, 000268.333, 148
Trd, 000270.283, 148.0
Trd, 000270.333, 148.0
Trd, 000270.350, 145
Trd, 000271.083, 145
Trd, 000273.133, 147
Trd, 000273.233, 148
Trd, 000273.583, 146
Trd, 000274.017, 145
Trd, 000274.217, 147.0
Trd, 000274.517, 146.0
Trd, 000274.717, 148.0
Trd, 000275.250, 141.0
Trd, 000275.800, 141.0
Trd, 000276.017, 141
Trd, 000276.267, 140.0
Trd, 000276.883, 146
Trd, 000277.017, 141
Trd, 000277.417, 151.0
Trd, 000277.600, 141.0
Trd, 000278.317, 142.0
Trd, 000278.483, 144.0
Trd, 000278.650, 150
Trd, 000279.500, 168.0
Trd, 000280.317, 153
Trd, 000280.800, 155.0
Trd, 000280.900, 154
Trd, 000281.433, 153
Trd, 000281.500, 151
Trd, 000282.033, 151.0
Trd, 000282.350, 157
Trd, 000282.567, 155
Trd, 000283.083, 153
Trd, 000283.733, 157
Trd, 000284.133, 157
Trd, 000284.317, 157
Trd, 000285.200, 158
Trd, 000285.333, 158
Trd, 000285.367, 157
Trd, 000285.650, 150
Trd, 000285.733, 161.0
Trd, 000286.067, 148.0
Trd, 000286.117, 162.0
Trd, 000286.633, 151.0
Trd, 000287.850, 165.0
Trd, 000288.000, 155
Trd, 000288.800, 157
Trd, 000289.383, 154
Trd, 000289.717, 153
Trd, 000289.783, 151.0
Trd, 000290.983, 148.0
Trd, 000291.050, 146
Trd, 000291.550, 158
Trd, 000292.217, 156
Trd, 000292.267, 151
Trd, 000292.600, 151
Trd, 000292.700, 150
Trd, 000293.567, 152
Trd, 000294.067, 151.0
Trd, 000294.517, 151
Trd, 000294.683, 151
Trd, 000294.833, 150
Trd, 000294.933, 148.0
Trd, 000295.700, 148
Trd, 000295.933, 149
Trd, 000296.783, 145.0
Trd, 000296.850, 151.0
Trd, 000297.450, 141.0
Trd, 000298.350, 150
Trd, 000299.667, 148.0
Trd, 000299.767, 152.0
