Trd, 000002.200, 170
Trd, 000002.333, 168.0
Trd, 000002.833, 167
Trd, 000004.000, 169
Trd, 000004.550, 165.0
Trd, 000006.317, 158
Trd, 000007.383, 141.0
Trd, 000007.717, 165
Trd, 000007.767, 141
Trd, 000007.850, 164
Trd, 000007.883, 140
Trd, 000008.600, 151.0
Trd, 000010.900, 155
Trd, 000010.967, 154
Trd, 000012.033, 154
Trd, 000012.383, 153
Trd, 000012.633, 151
Trd, 000013.300, 151
Trd, 000014.433, 153
Trd, 000015.450, 152.0
Trd, 000015.517, 151.0
Trd, 000017.833, 149
Trd, 000017.850, 148.0
Trd, 000018.133, 144
Trd, 000018.883, 143
Trd, 000019.717, 145
Trd, 000020.550, 151
Trd, 000021.233, 151
Trd, 000021.317, 151
Trd, 000022.000, 164
Trd, 000022.133, 150
Trd, 000022.150, 150
Trd, 000023.133, 149
Trd, 000024.067, 148.0
Trd, 000024.883, 159
Trd, 000024.917, 150
Trd, 000025.317, 149
Trd, 000027.550, 154
Trd, 000027.917, 153
Trd, 000027.933, 152
Trd, 000028.600, 153
Trd, 000028.967, 154
Trd, 000029.583, 151
Trd, 000030.683, 150
Trd, 000030.800, 157
Trd, 000030.850, 148
Trd, 000032.383, 148
Trd, 000032.400, 148.0
Trd, 000032.450, 165
Trd, 000032.550, 141.0
Trd, 000033.033, 159
Trd, 000034.383, 152
Trd, 000036.217, 155
Trd, 000036.900, 154
Trd, 000036.983, 154
Trd, 000037.067, 153
Trd, 000037.517, 153
Trd, 000037.633, 155
Trd, 000038.617, 153
Trd, 000038.817, 153
Trd, 000039.800, 150
Trd, 000039.833, 149
Trd, 000040.800, 149
Trd, 000041.950, 148
Trd, 000042.100, 148.0
Trd, 000042.717, 137
Trd, 000043.517, 127.0
Trd, 000044.050, 142
Trd, 000044.567, 142
Trd, 000044.683, 144
Trd, 000045.167, 143
Trd, 000046.917, 148.0
Trd, 000047.133, 147
Trd, 000047.200, 146
Trd, 000048.200, 148
Trd, 000048.633, 147
Trd, 000049.133, 150.0
Trd, 000049.600, 149
Trd, 000050.333, 149
Trd, 000050.500, 148
Trd, 000051.100, 151.0
Trd, 000054.050, 156
Trd, 000054.233, 154
Trd, 000054.333, 152
Trd, 000054.583, 149
Trd, 000055.300, 152
Trd, 000056.133, 153
Trd, 000057.117, 148
Trd, 000057.317, 151
Trd, 000058.083, 149.0
Trd, 000058.483, 149
Trd, 000058.933, 148.0
Trd, 000059.850, 150
Trd, 000059.917, 150
Trd, 000060.517, 151.0
Trd, 000060.717, 148.0
Trd, 000060.983, 147
Trd, 000061.183, 142
Trd, 000063.217, 165
Trd, 000065.200, 155
Trd, 000065.350, 155
Trd, 000065.633, 155
Trd, 000065.883, 154
Trd, 000065.983, 155
Trd, 000066.183, 156
Trd, 000066.567, 154
Trd, 000066.667, 150
Trd, 000066.733, 148.0
Trd, 000067.500, 161
Trd, 000069.833, 154
Trd, 000071.033, 157
Trd, 000071.417, 156
Trd, 000071.783, 154
Trd, 000072.017, 156
Trd, 000072.783, 154
Trd, 000072.833, 148.0
Trd, 000073.067, 141.0
Trd, 000073.200, 134
Trd, 000073.617, 157
Trd, 000073.933, 168.0
Trd, 000074.017, 146
Trd, 000074.317, 134
Trd, 000074.700, 130
Trd, 000077.817, 153
Trd, 000078.367, 154
Trd, 000078.867, 152
Trd, 000079.300, 148.0
Trd, 000080.383, 143.0
Trd, 000080.833, 147
Trd, 000080.883, 147
Trd, 000081.067, 148
Trd, 000081.567, 145
Trd, 000081.617, 145
Trd, 000081.817, 165
Trd, 000082.667, 169
Trd, 000084.183, 154
Trd, 000084.550, 155
Trd, 000084.783, 155
Trd, 000085.100, 152
Trd, 000085.617, 154
Trd, 000086.367, 153
Trd, 000086.433, 151
Trd, 000086.500, 149
Trd, 000086.617, 155
Trd, 000086.717, 148.0
Trd, 000086.767, 141.0
Trd, 000087.383, 141.0
Trd, 000088.900, 149.0
Trd, 000089.067, 150
Trd, 000089.150, 148.0
Trd, 000089.583, 146
Trd, 000090.800, 145
Trd, 000091.683, 146
Trd, 000092.083, 151.0
Trd, 000093.900, 168.0
Trd, 000094.917, 158.0
Trd, 000095.500, 161
Trd, 000095.583, 155.0
Trd, 000096.000, 154
Trd, 000096.300, 150
Trd, 000096.650, 160
Trd, 000096.683, 152
Trd, 000096.850, 161
Trd, 000098.917, 162
Trd, 000098.933, 157
Trd, 000098.983, 156
Trd, 000100.233, 156
Trd, 000100.800, 156
Trd, 000101.217, 156
Trd, 000101.583, 155
Trd, 000101.817, 154
Trd, 000102.217, 158
Trd, 000102.450, 155
Trd, 000102.500, 154
Trd, 000103.283, 152
Trd, 000105.533, 157
Trd, 000105.583, 153
Trd, 000106.900, 152
Trd, 000107.000, 153
Trd, 000107.717, 153
Trd, 000107.850, 151
Trd, 000108.567, 153
Trd, 000108.850, 151
Trd, 000109.467, 151
Trd, 000109.650, 153
Trd, 000110.400, 149
Trd, 000110.950, 148.0
Trd, 000112.133, 149
Trd, 000112.533, 148
Trd, 000113.200, 146
Trd, 000113.483, 145
Trd, 000115.467, 148
Trd, 000115.483, 144
Trd, 000116.033, 148
Trd, 000116.183, 148
Trd, 000116.750, 147
Trd, 000117.333, 149
Trd, 000117.467, 148.0
Trd, 000117.500, 151.0
Trd, 000118.050, 147
Trd, 000118.133, 164
Trd, 000119.650, 148
Trd, 000120.267, 157
Trd, 000120.850, 148
Trd, 000121.300, 162
Trd, 000122.000, 148
Trd, 000122.283, 147
Trd, 000122.833, 142
Trd, 000123.350, 143
Trd, 000124.067, 148.0
Trd, 000124.417, 149
Trd, 000124.517, 151
Trd, 000126.167, 149
Trd, 000126.250, 147
Trd, 000127.167, 147
Trd, 000127.300, 145
Trd, 000127.650, 148
Trd, 000128.867, 153
Trd, 000129.250, 154
Trd, 000130.750, 164
Trd, 000131.967, 158
Trd, 000133.450, 160
Trd, 000133.817, 161
Trd, 000133.883, 156
Trd, 000133.917, 154
Trd, 000134.133, 148.0
Trd, 000134.167, 141.0
Trd, 000136.083, 153
Trd, 000137.150, 153
Trd, 000137.467, 154
Trd, 000138.267, 154
Trd, 000138.533, 154
Trd, 000138.900, 153
Trd, 000139.583, 152
Trd, 000139.967, 148.0
Trd, 000141.950, 151
Trd, 000142.217, 149
Trd, 000142.483, 154
Trd, 000142.550, 146
Trd, 000143.617, 155
Trd, 000145.550, 164
Trd, 000146.433, 160
Trd, 000146.533, 163
Trd, 000146.750, 159
Trd, 000146.817, 159
Trd, 000147.650, 154
Trd, 000148.133, 157
Trd, 000148.483, 156
Trd, 000148.883, 151
Trd, 000149.267, 150
Trd, 000150.400, 152
Trd, 000151.000, 152
Trd, 000151.367, 148.0
Trd, 000152.600, 151
Trd, 000153.267, 154
Trd, 000153.317, 149.0
Trd, 000153.817, 150
Trd, 000153.950, 149
Trd, 000155.250, 153
Trd, 000155.900, 153.0
Trd, 000156.617, 152.0
Trd, 000157.383, 153
Trd, 000157.450, 151
Trd, 000158.750, 150
Trd, 000158.883, 148.0
Trd, 000158.933, 148
Trd, 000159.400, 153
Trd, 000161.033, 152
Trd, 000161.067, 157
Trd, 000161.500, 154
Trd, 000161.717, 153
Trd, 000162.550, 155
Trd, 000164.183, 156
Trd, 000164.750, 154
Trd, 000164.900, 156
Trd, 000165.050, 157
Trd, 000165.283, 152
Trd, 000165.433, 148
Trd, 000166.750, 151
Trd, 000167.267, 151
Trd, 000168.967, 153
Trd, 000169.117, 148.0
Trd, 000170.083, 153
Trd, 000170.717, 151
Trd, 000171.133, 151
Trd, 000171.217, 148
Trd, 000171.317, 148
Trd, 000171.333, 153
Trd, 000171.383, 141.0
Trd, 000172.333, 165
Trd, 000172.500, 136
Trd, 000173.200, 144
Trd, 000174.550, 147
Trd, 000174.750, 147
Trd, 000176.567, 152
Trd, 000176.683, 151
Trd, 000177.483, 151
Trd, 000178.783, 151
Trd, 000179.133, 151
Trd, 000180.233, 149
Trd, 000180.500, 151
Trd, 000180.717, 150
Trd, 000181.083, 149
Trd, 000181.417, 148.0
Trd, 000181.600, 160
Trd, 000182.833, 158
Trd, 000183.367, 158
Trd, 000184.167, 159
Trd, 000184.267, 157
Trd, 000186.233, 157
Trd, 000187.200, 155
Trd, 000187.633, 155
Trd, 000189.383, 154
Trd, 000190.283, 152
Trd, 000190.367, 149
Trd, 000191.467, 151
Trd, 000191.483, 150.0
Trd, 000192.083, 150
Trd, 000192.417, 151
Trd, 000192.450, 149
Trd, 000192.583, 148.0
Trd, 000192.633, 165
Trd, 000193.017, 152
Trd, 000193.467, 151
Trd, 000195.500, 151.0
Trd, 000195.567, 151
Trd, 000196.567, 150
Trd, 000197.500, 150
Trd, 000197.833, 151
Trd, 000197.983, 148
Trd, 000198.600, 141.0
Trd, 000199.650, 151
Trd, 000199.817, 150.0
Trd, 000199.883, 165
Trd, 000201.083, 152
Trd, 000201.550, 149.0
Trd, 000203.867, 150
Trd, 000204.450, 150
Trd, 000205.300, 149
Trd, 000205.767, 149.0
Trd, 000206.467, 149
Trd, 000207.050, 148.0
Trd, 000207.233, 148
Trd, 000207.483, 149
Trd, 000207.767, 164
Trd, 000208.017, 145
Trd, 000208.233, 143
Trd, 000210.800, 157
Trd, 000210.967, 157
Trd, 000211.467, 156
Trd, 000211.483, 161
Trd, 000212.500, 157
Trd, 000213.550, 158
Trd, 000214.333, 155
Trd, 000214.467, 154
Trd, 000214.533, 150
Trd, 000214.567, 156
Trd, 000216.100, 139
Trd, 000216.850, 150.0
Trd, 000217.600, 150
Trd, 000217.750, 149.0
Trd, 000218.633, 149.0
Trd, 000218.733, 148.0
Trd, 000219.083, 147
Trd, 000220.650, 151.0
Trd, 000221.333, 146
Trd, 000221.967, 156
Trd, 000222.067, 155
Trd, 000222.833, 165
Trd, 000222.867, 155
Trd, 000224.633, 162
Trd, 000225.267, 157
Trd, 000226.333, 158
Trd, 000227.367, 156
Trd, 000227.867, 152
Trd, 000228.650, 155
Trd, 000229.200, 148.0
Trd, 000229.633, 151
Trd, 000230.283, 147
Trd, 000230.567, 149
Trd, 000230.617, 148
Trd, 000230.950, 143
Trd, 000231.483, 151
Trd, 000231.883, 143.0
Trd, 000231.967, 141.0
Trd, 000232.633, 133
Trd, 000233.417, 131.0
Trd, 000234.783, 148.0
Trd, 000235.033, 141.0
Trd, 000235.450, 141.0
Trd, 000235.517, 148.0
Trd, 000236.600, 144
Trd, 000237.283, 146
Trd, 000237.450, 145
Trd, 000237.467, 151.0
Trd, 000237.633, 165
Trd, 000239.467, 153
Trd, 000240.650, 155
Trd, 000241.067, 154
Trd, 000241.233, 154
Trd, 000241.267, 155
Trd, 000241.467, 154
Trd, 000241.733, 151.0
Trd, 000241.867, 151
Trd, 000242.467, 150
Trd, 000243.000, 151
Trd, 000243.417, 150
Trd, 000243.467, 149
Trd, 000243.517, 155.0
Trd, 000243.850, 148.0
Trd, 000244.050, 147
Trd, 000245.350, 162
Trd, 000245.433, 143
Trd, 000246.650, 154
Trd, 000246.733, 155
Trd, 000246.817, 155
Trd, 000246.950, 155
Trd, 000248.033, 154
Trd, 000248.100, 155
Trd, 000248.350, 154
Trd, 000248.667, 151.0
Trd, 000249.050, 141.0
Trd, 000249.450, 137
Trd, 000250.250, 146
Trd, 000250.367, 136
Trd, 000250.483, 147
Trd, 000251.250, 146
Trd, 000251.483, 134.0
Trd, 000251.567, 147.0
Trd, 000252.783, 149
Trd, 000252.850, 155
Trd, 000253.183, 148
Trd, 000253.267, 147
Trd, 000253.583, 150
Trd, 000253.767, 148
Trd, 000254.417, 150.0
Trd, 000254.550, 148
Trd, 000254.617, 151
Trd, 000256.000, 149
Trd, 000256.083, 150.0
Trd, 000256.267, 151
Trd, 000256.700, 151.0
Trd, 000257.217, 150
Trd, 000257.483, 150.0
Trd, 000258.383, 152.0
Trd, 000259.433, 149
Trd, 000259.733, 151.0
Trd, 000260.367, 153.0
Trd, 000260.733, 152.0
Trd, 000260.867, 151.0
Trd, 000261.717, 150
Trd, 000262.050, 153
Trd, 000262.267, 149
Trd, 000262.483, 151.0
Trd, 000263.017, 152
Trd, 000263.083, 150
Trd, 000263.150, 148
Trd, 000263.367, 148
Trd, 000263.950, 150
Trd, 000264.067, 152
Trd, 000264.117, 148.0
Trd, 000264.150, 146
Trd, 000265.967, 146.0
Trd, 000266.067, 145.0
Trd, 000266.467, 146.0
Trd, 000266.867, 141.0
Trd, 000267.133, 138
Trd, 000267.533, 136
Trd, 000268.817, 135
Trd, 000269.083, 139.0
Trd, 000269.417, 140.0
Trd, 000269.533, 135
Trd, 000269.683, 141.0
Trd, 000269.983, 148.0
Trd, 000271.283, 157
Trd, 000271.967, 155
Trd, 000272.150, 153
Trd, 000272.283, 152
Trd, 000273.300, 153
Trd, 000274.083, 153
Trd, 000274.200, 152
Trd, 000275.317, 152
Trd, 000275.383, 154
Trd, 000276.167, 152.0
Trd, 000276.617, 154.0
Trd, 000276.683, 151
Trd, 000276.933, 151
Trd, 000277.067, 151.0
Trd, 000277.083, 151
Trd, 000277.233, 155.0
Trd, 000277.583, 156
Trd, 000278.250, 153
Trd, 000278.450, 159
Trd, 000278.967, 154
Trd, 000279.267, 161
Trd, 000279.333, 162
Trd, 000279.483, 161
Trd, 000279.950, 152
Trd, 000281.400, 153
Trd, 000282.400, 151.0
Trd, 000282.483, 148.0
Trd, 000282.900, 151
Trd, 000282.917, 149
Trd, 000283.033, 148
Trd, 000283.317, 141.0
Trd, 000283.717, 149
Trd, 000284.317, 141.0
Trd, 000284.733, 141.0
Trd, 000285.250, 150.0
Trd, 000285.300, 142.0
Trd, 000285.633, 150.0
Trd, 000286.883, 153.0
Trd, 000287.117, 155.0
Trd, 000288.350, 152.0
Trd, 000288.700, 150
Trd, 000289.367, 159
Trd, 000289.400, 150
Trd, 000290.983, 152
Trd, 000291.233, 152
Trd, 000291.333, 150
Trd, 000291.483, 151
Trd, 000291.567, 150
Trd, 000291.950, 151
Trd, 000292.300, 154
Trd, 000292.417, 148.0
Trd, 000292.467, 148
Trd, 000293.067, 148
Trd, 000293.733, 153
Trd, 000293.767, 151.0
Trd, 000294.333, 146
Trd, 000294.583, 143.0
Trd, 000294.917, 155.0
Trd, 000295.200, 148.0
Trd, 000296.983, 141.0
Trd, 000297.833, 146.0
Trd, 000297.983, 142
Trd, 000299.050, 145
Trd, 000299.100, 146
Trd, 000299.333, 147.0
Trd, 000299.433, 145
