Trd, 000001.767, 139
Trd, 000001.867, 153
Trd, 000002.050, 135
Trd, 000003.400, 123
Trd, 000003.417, 122
Trd, 000004.183, 162.0
Trd, 000005.550, 134.0
Trd, 000005.867, 129
Trd, 000005.883, 136.0
Trd, 000006.850, 136
Trd, 000008.067, 137.0
Trd, 000008.350, 145
Trd, 000008.417, 135
Trd, 000009.000, 134.0
Trd, 000009.683, 135
Trd, 000009.817, 134
Trd, 000010.233, 132
Trd, 000010.250, 136
Trd, 000010.467, 126
Trd, 000010.700, 137.0
Trd, 000011.783, 137
Trd, 000012.083, 141
Trd, 000012.800, 139
Trd, 000013.017, 137
Trd, 000013.817, 140
Trd, 000015.050, 141
Trd, 000015.167, 141
Trd, 000015.667, 147
Trd, 000017.233, 142
Trd, 000017.983, 142
Trd, 000018.050, 140
Trd, 000018.467, 139
Trd, 000018.917, 144
Trd, 000019.767, 144
Trd, 000020.083, 145
Trd, 000020.333, 149
Trd, 000021.000, 147
Trd, 000021.267, 148
Trd, 000022.567, 159.0
Trd, 000022.983, 158.0
Trd, 000023.033, 159.0
Trd, 000023.317, 127
Trd, 000023.783, 145
Trd, 000023.933, 160.0
Trd, 000024.133, 162.0
Trd, 000025.200, 134.0
Trd, 000025.883, 136
Trd, 000026.350, 137.0
Trd, 000027.750, 137
Trd, 000028.383, 141
Trd, 000028.483, 148
Trd, 000028.767, 144
Trd, 000028.883, 142
Trd, 000029.317, 142
Trd, 000029.400, 162.0
Trd, 000029.667, 141
Trd, 000031.067, 145
Trd, 000031.100, 150
Trd, 000031.483, 144
Trd, 000032.250, 143
Trd, 000032.550, 144
Trd, 000032.983, 147
Trd, 000033.200, 145
Trd, 000033.933, 139
Trd, 000037.600, 134
Trd, 000037.817, 135
Trd, 000038.383, 135
Trd, 000039.433, 137.0
Trd, 000039.567, 136
Trd, 000039.883, 135
Trd, 000040.367, 136
Trd, 000040.383, 137
Trd, 000041.017, 137
Trd, 000041.500, 135
Trd, 000042.233, 141
Trd, 000042.650, 142
Trd, 000042.683, 142
Trd, 000042.900, 134
Trd, 000044.833, 133
Trd, 000044.900, 136
Trd, 000045.067, 137
Trd, 000045.633, 137
Trd, 000045.683, 136
Trd, 000045.917, 135
Trd, 000046.250, 117.0
Trd, 000047.033, 138
Trd, 000047.050, 139
Trd, 000047.450, 158.0
Trd, 000047.717, 130
Trd, 000049.733, 145
Trd, 000049.767, 146
Trd, 000050.317, 145
Trd, 000050.617, 145
Trd, 000050.933, 145
Trd, 000051.700, 149
Trd, 000051.917, 162.0
Trd, 000052.217, 145
Trd, 000052.700, 160.0
Trd, 000053.150, 159.0
Trd, 000053.967, 158.0
Trd, 000054.050, 159
Trd, 000054.167, 161
Trd, 000055.167, 129
Trd, 000055.200, 137.0
Trd, 000055.650, 149
Trd, 000056.417, 140
Trd, 000058.000, 146
Trd, 000058.867, 154
Trd, 000059.033, 158.0
Trd, 000059.117, 146
Trd, 000059.617, 145
Trd, 000059.783, 144
Trd, 000060.167, 146
Trd, 000060.850, 144
Trd, 000061.150, 144
Trd, 000061.833, 144
Trd, 000062.300, 143
Trd, 000063.417, 144
Trd, 000063.883, 147
Trd, 000064.300, 157
Trd, 000064.500, 147
Trd, 000065.183, 158.0
Trd, 000065.867, 162.0
Trd, 000066.033, 165.0
Trd, 000067.033, 152
Trd, 000067.600, 150
Trd, 000068.133, 152
Trd, 000068.183, 151
Trd, 000069.750, 158
Trd, 000070.100, 157.0
Trd, 000071.100, 153
Trd, 000071.300, 156
Trd, 000071.683, 154
Trd, 000071.883, 157
Trd, 000072.667, 151
Trd, 000073.217, 151
Trd, 000073.250, 148.0
Trd, 000075.133, 148
Trd, 000075.450, 152
Trd, 000075.700, 153
Trd, 000076.183, 146
Trd, 000076.900, 146
Trd, 000077.233, 148
Trd, 000078.767, 149
Trd, 000079.217, 149
Trd, 000080.050, 150
Trd, 000080.133, 149
Trd, 000080.150, 148
Trd, 000080.350, 147
Trd, 000081.733, 150
Trd, 000081.850, 151
Trd, 000082.033, 152
Trd, 000082.250, 156.0
Trd, 000082.550, 150
Trd, 000083.617, 153
Trd, 000084.067, 152
Trd, 000085.133, 154
Trd, 000085.300, 154
Trd, 000085.383, 153
Trd, 000085.567, 156
Trd, 000085.833, 158.0
Trd, 000086.283, 157
Trd, 000087.667, 154
Trd, 000088.133, 154
Trd, 000088.383, 156
Trd, 000089.233, 134.0
Trd, 000089.317, 128
Trd, 000089.450, 126
Trd, 000091.067, 137.0
Trd, 000091.100, 136
Trd, 000091.283, 138
Trd, 000091.500, 137
Trd, 000092.467, 141
Trd, 000092.950, 157
Trd, 000093.200, 158.0
Trd, 000093.767, 153
Trd, 000094.017, 140
Trd, 000095.267, 142
Trd, 000096.483, 141
Trd, 000096.517, 141
Trd, 000096.717, 143
Trd, 000097.550, 145
Trd, 000097.667, 144
Trd, 000098.300, 145
Trd, 000099.150, 144
Trd, 000099.217, 143
Trd, 000099.267, 154
Trd, 000099.450, 142
Trd, 000099.867, 139
Trd, 000100.717, 147
Trd, 000100.900, 140
Trd, 000101.650, 139
Trd, 000101.950, 145
Trd, 000102.467, 148
Trd, 000102.867, 148
Trd, 000102.933, 142
Trd, 000103.533, 137.0
Trd, 000104.833, 138
Trd, 000105.583, 141
Trd, 000106.100, 135
Trd, 000106.483, 135
Trd, 000107.667, 137
Trd, 000108.083, 136
Trd, 000108.300, 135
Trd, 000109.133, 137.0
Trd, 000109.333, 138
Trd, 000110.100, 138
Trd, 000110.700, 140
Trd, 000110.750, 139
Trd, 000111.117, 136
Trd, 000111.550, 141
Trd, 000111.750, 136
Trd, 000111.867, 142
Trd, 000112.333, 142
Trd, 000112.817, 133
Trd, 000113.367, 134.0
Trd, 000114.750, 136
Trd, 000115.000, 137.0
Trd, 000115.050, 162.0
Trd, 000117.583, 143
Trd, 000117.683, 140
Trd, 000118.400, 141
Trd, 000119.417, 142
Trd, 000119.517, 143
Trd, 000119.683, 142
Trd, 000119.833, 141
Trd, 000120.333, 142
Trd, 000120.600, 144
Trd, 000120.700, 142
Trd, 000120.750, 144
Trd, 000121.567, 142
Trd, 000122.117, 146
Trd, 000122.617, 144
Trd, 000122.933, 158.0
Trd, 000123.350, 159.0
Trd, 000124.033, 159.0
Trd, 000124.083, 158
Trd, 000124.483, 158.0
Trd, 000125.350, 158.0
Trd, 000125.833, 158
Trd, 000126.167, 158
Trd, 000126.833, 157
Trd, 000127.283, 153
Trd, 000128.283, 156
Trd, 000128.467, 152.0
Trd, 000128.817, 126
Trd, 000128.883, 139
Trd, 000130.167, 134.0
Trd, 000130.467, 147
Trd, 000130.883, 140
Trd, 000131.333, 142
Trd, 000131.850, 143
Trd, 000132.183, 144
Trd, 000132.417, 143
Trd, 000133.817, 143
Trd, 000134.433, 137
Trd, 000134.700, 141
Trd, 000134.717, 142
Trd, 000135.633, 134.0
Trd, 000136.450, 137.0
Trd, 000136.817, 132
Trd, 000136.950, 134
Trd, 000137.417, 133
Trd, 000137.533, 144
Trd, 000139.783, 138
Trd, 000139.883, 138
Trd, 000140.400, 135
Trd, 000141.067, 139
Trd, 000141.500, 134
Trd, 000141.800, 134
Trd, 000142.700, 136.0
Trd, 000143.167, 136
Trd, 000143.517, 136
Trd, 000143.933, 137.0
Trd, 000144.383, 135
Trd, 000144.783, 137
Trd, 000145.083, 137
Trd, 000145.250, 138
Trd, 000145.700, 139
Trd, 000145.933, 142
Trd, 000147.017, 136
Trd, 000147.200, 137.0
Trd, 000148.717, 135
Trd, 000149.917, 138
Trd, 000150.067, 138
Trd, 000150.150, 138
Trd, 000150.683, 137
Trd, 000150.783, 140
Trd, 000150.883, 137
Trd, 000151.150, 136
Trd, 000151.467, 158.0
Trd, 000152.500, 147
Trd, 000153.583, 148
Trd, 000153.983, 161.0
Trd, 000154.000, 158.0
Trd, 000154.917, 156
Trd, 000155.283, 151
Trd, 000155.617, 150
Trd, 000156.050, 147
Trd, 000156.950, 149
Trd, 000157.200, 147
Trd, 000158.183, 149
Trd, 000158.250, 149
Trd, 000158.433, 154
Trd, 000158.500, 155
Trd, 000159.717, 155
Trd, 000159.817, 158.0
Trd, 000160.983, 159
Trd, 000161.633, 157
Trd, 000162.033, 159
Trd, 000163.250, 155
Trd, 000164.283, 150.0
Trd, 000164.867, 151
Trd, 000164.950, 150.0
Trd, 000165.950, 153
Trd, 000166.700, 153
Trd, 000167.267, 151
Trd, 000167.533, 152
Trd, 000168.117, 151
Trd, 000168.333, 149
Trd, 000168.833, 152
Trd, 000170.000, 148.0
Trd, 000170.350, 151
Trd, 000170.700, 148
Trd, 000171.283, 149
Trd, 000171.767, 152
Trd, 000172.450, 146
Trd, 000173.183, 141
Trd, 000174.050, 130
Trd, 000174.217, 131
Trd, 000175.033, 126
Trd, 000175.150, 128
Trd, 000176.600, 129
Trd, 000176.983, 131
Trd, 000177.133, 131
Trd, 000177.417, 131
Trd, 000178.250, 130
Trd, 000178.650, 130
Trd, 000178.850, 130
Trd, 000179.217, 134.0
Trd, 000180.067, 134
Trd, 000180.400, 137.0
Trd, 000181.367, 137
Trd, 000181.983, 142
Trd, 000182.600, 141
Trd, 000182.683, 139
Trd, 000183.633, 140
Trd, 000184.250, 158.0
Trd, 000184.600, 159.0
Trd, 000185.117, 139
Trd, 000185.533, 147
Trd, 000186.617, 154
Trd, 000186.717, 156
Trd, 000187.483, 150
Trd, 000187.933, 152
Trd, 000188.533, 152
Trd, 000188.817, 157
Trd, 000190.333, 136.0
Trd, 000190.383, 127
Trd, 000191.250, 137.0
Trd, 000191.317, 141
Trd, 000191.350, 141
Trd, 000191.433, 137
Trd, 000192.017, 139
Trd, 000192.117, 141
Trd, 000192.167, 136
Trd, 000192.617, 137
Trd, 000194.683, 141
Trd, 000194.950, 142
Trd, 000195.550, 141
Trd, 000195.617, 145
Trd, 000196.200, 158.0
Trd, 000196.567, 145
Trd, 000196.867, 146
Trd, 000198.767, 148
Trd, 000199.267, 149
Trd, 000199.617, 149
Trd, 000199.883, 149
Trd, 000201.483, 150
Trd, 000201.700, 146
Trd, 000201.850, 144
Trd, 000202.667, 144
Trd, 000203.167, 146
Trd, 000203.433, 158.0
Trd, 000204.067, 154
Trd, 000204.117, 153
Trd, 000205.100, 152
Trd, 000205.183, 147
Trd, 000205.717, 146
Trd, 000206.567, 153
Trd, 000207.417, 149
Trd, 000207.433, 152
Trd, 000208.767, 153
Trd, 000209.333, 151
Trd, 000210.233, 152
Trd, 000210.800, 151
Trd, 000211.517, 153
Trd, 000211.833, 150
Trd, 000211.983, 148.0
Trd, 000212.400, 137.0
Trd, 000212.700, 126
Trd, 000213.350, 155
Trd, 000213.767, 149
Trd, 000214.983, 158.0
Trd, 000215.250, 147
Trd, 000216.283, 147
Trd, 000216.417, 150
Trd, 000216.733, 148
Trd, 000217.233, 149
Trd, 000217.300, 149
Trd, 000217.400, 162.0
Trd, 000218.117, 150
Trd, 000218.400, 127
Trd, 000218.583, 141
Trd, 000219.550, 143
Trd, 000221.033, 145
Trd, 000221.383, 143
Trd, 000221.700, 143
Trd, 000221.800, 142
Trd, 000222.183, 143
Trd, 000222.233, 144
Trd, 000222.367, 143
Trd, 000223.500, 137.0
Trd, 000223.867, 129
Trd, 000224.017, 142
Trd, 000224.933, 137.0
Trd, 000226.367, 143
Trd, 000226.883, 143
Trd, 000227.983, 141
Trd, 000228.200, 142
Trd, 000228.783, 143
Trd, 000229.000, 142
Trd, 000229.750, 165.0
Trd, 000230.250, 155
Trd, 000230.483, 148
Trd, 000230.550, 143
Trd, 000230.617, 126
Trd, 000230.783, 117.0
Trd, 000231.667, 135
Trd, 000231.850, 134
Trd, 000233.017, 155
Trd, 000233.100, 140
Trd, 000234.183, 156
Trd, 000234.450, 148
Trd, 000236.167, 153
Trd, 000236.183, 157
Trd, 000237.033, 158
Trd, 000237.200, 158.0
Trd, 000237.400, 158
Trd, 000238.517, 158
Trd, 000238.583, 157
Trd, 000238.967, 158
Trd, 000239.633, 161.0
Trd, 000239.733, 159
Trd, 000240.333, 161
Trd, 000240.583, 160.0
Trd, 000240.850, 131
Trd, 000241.317, 137.0
Trd, 000241.867, 146
Trd, 000242.067, 147
Trd, 000242.083, 146
Trd, 000242.583, 151.0
Trd, 000242.650, 150
Trd, 000242.783, 151
Trd, 000242.833, 149
Trd, 000244.167, 152
Trd, 000244.983, 157.0
Trd, 000245.200, 151.0
Trd, 000245.917, 155
Trd, 000246.300, 157
Trd, 000246.667, 156
Trd, 000247.417, 156
Trd, 000247.567, 157
Trd, 000248.117, 152
Trd, 000248.367, 151.0
Trd, 000249.100, 148.0
Trd, 000249.133, 150
Trd, 000250.000, 141
Trd, 000250.250, 146
Trd, 000250.733, 145
Trd, 000250.967, 144
Trd, 000250.983, 146
Trd, 000251.317, 146
Trd, 000251.350, 148
Trd, 000252.100, 151
Trd, 000253.017, 151.0
Trd, 000253.800, 149.0
Trd, 000254.050, 152
Trd, 000254.650, 150
Trd, 000255.100, 150
Trd, 000255.117, 149.0
Trd, 000255.367, 141
Trd, 000255.633, 150.0
Trd, 000255.717, 158.0
Trd, 000257.050, 156
Trd, 000257.600, 157
Trd, 000257.833, 154
Trd, 000258.283, 152
Trd, 000258.767, 156
Trd, 000259.167, 150
Trd, 000260.017, 152
Trd, 000260.300, 153
Trd, 000261.083, 154
Trd, 000261.417, 156
Trd, 000261.617, 154
Trd, 000261.817, 156
Trd, 000261.883, 166.0
Trd, 000262.717, 163.0
Trd, 000264.333, 160
Trd, 000264.483, 158
Trd, 000265.383, 158
Trd, 000265.483, 158
Trd, 000265.783, 151.0
Trd, 000266.333, 153
Trd, 000266.500, 157
Trd, 000266.917, 154
Trd, 000267.450, 146
Trd, 000267.850, 144.0
Trd, 000268.000, 146.0
Trd, 000268.117, 151
Trd, 000268.700, 150
Trd, 000269.200, 152.0
Trd, 000269.267, 151.0
Trd, 000269.883, 150
Trd, 000270.450, 149
Trd, 000270.600, 149
Trd, 000271.983, 140
Trd, 000272.150, 140
Trd, 000272.517, 137.0
Trd, 000273.550, 139
Trd, 000273.917, 137
Trd, 000274.200, 141
Trd, 000274.550, 158.0
Trd, 000274.700, 156.0
Trd, 000275.000, 135.0
Trd, 000275.117, 126
Trd, 000276.267, 132
Trd, 000276.467, 134.0
Trd, 000276.983, 136
Trd, 000277.067, 137
Trd, 000277.467, 145
Trd, 000277.700, 135
Trd, 000278.767, 142.0
Trd, 000279.000, 143
Trd, 000279.017, 147.0
Trd, 000279.650, 154.0
Trd, 000280.800, 149
Trd, 000281.317, 152
Trd, 000281.467, 153.0
Trd, 000281.650, 161.0
Trd, 000282.000, 152
Trd, 000282.333, 151.0
Trd, 000282.650, 157
Trd, 000282.667, 135.0
Trd, 000282.800, 134.0
Trd, 000284.417, 147
Trd, 000284.550, 139
Trd, 000284.750, 147
Trd, 000285.233, 147
Trd, 000286.067, 144
Trd, 000286.433, 146
Trd, 000286.533, 138
Trd, 000286.617, 149
Trd, 000286.867, 150
Trd, 000287.217, 151.0
Trd, 000287.633, 146.0
Trd, 000287.850, 158.0
Trd, 000288.283, 137
Trd, 000288.733, 140
Trd, 000288.883, 139
Trd, 000289.683, 145
Trd, 000289.867, 137
Trd, 000290.100, 144
Trd, 000291.100, 135.0
Trd, 000291.350, 137
Trd, 000291.667, 141
Trd, 000292.933, 140
Trd, 000293.333, 140
Trd, 000293.533, 156
Trd, 000294.217, 148
Trd, 000294.467, 151.0
Trd, 000294.900, 150
Trd, 000294.967, 148.0
Trd, 000295.333, 158.0
Trd, 000295.367, 148
Trd, 000295.450, 147
Trd, 000295.517, 134.0
Trd, 000296.283, 133.0
Trd, 000296.650, 145
Trd, 000297.267, 138.0
Trd, 000297.683, 148
Trd, 000298.167, 141.0
Trd, 000298.433, 148
Trd, 000298.533, 140.0
Trd, 000299.117, 147
