Trd, 000000.950, 151.0
Trd, 000002.250, 186.0
Trd, 000002.283, 155
Trd, 000002.367, 153
Trd, 000003.450, 116
Trd, 000004.083, 117
Trd, 000004.333, 126
Trd, 000006.183, 144.0
Trd, 000006.383, 136
Trd, 000006.650, 145
Trd, 000006.850, 148.0
Trd, 000007.233, 144
Trd, 000007.567, 151.0
Trd, 000007.717, 156
Trd, 000009.633, 154
Trd, 000010.000, 151.0
Trd, 000010.183, 152
Trd, 000010.933, 153
Trd, 000010.950, 156
Trd, 000011.600, 148
Trd, 000012.083, 156
Trd, 000012.333, 148
Trd, 000012.883, 155
Trd, 000013.817, 153
Trd, 000014.300, 151
Trd, 000014.917, 157
Trd, 000015.217, 151
Trd, 000015.517, 150
Trd, 000016.633, 153
Trd, 000017.050, 153
Trd, 000017.733, 151
Trd, 000018.367, 151.0
Trd, 000018.500, 153
Trd, 000018.550, 154
Trd, 000018.750, 149
Trd, 000019.217, 155
Trd, 000019.783, 147
Trd, 000019.833, 158
Trd, 000020.217, 171.0
Trd, 000020.667, 151.0
Trd, 000021.817, 160
Trd, 000022.700, 155.0
Trd, 000022.800, 150
Trd, 000023.067, 160
Trd, 000023.233, 166
Trd, 000024.283, 156
Trd, 000024.450, 150
Trd, 000025.200, 157
Trd, 000026.000, 152
Trd, 000026.533, 151.0
Trd, 000026.617, 151
Trd, 000027.117, 150
Trd, 000028.767, 148
Trd, 000028.850, 148.0
Trd, 000029.033, 149
Trd, 000029.717, 149
Trd, 000029.750, 148
Trd, 000030.267, 155
Trd, 000031.233, 159
Trd, 000031.817, 149
Trd, 000032.183, 167.0
Trd, 000032.250, 157
Trd, 000033.050, 154
Trd, 000033.917, 157
Trd, 000033.983, 159
Trd, 000034.333, 158
Trd, 000035.233, 156
Trd, 000036.167, 156.0
Trd, 000036.233, 155.0
Trd, 000036.650, 156
Trd, 000036.900, 158
Trd, 000037.850, 158
Trd, 000038.200, 158
Trd, 000038.733, 159
Trd, 000040.033, 158
Trd, 000040.217, 157
Trd, 000042.300, 162
Trd, 000042.367, 162
Trd, 000043.483, 159
Trd, 000043.633, 161
Trd, 000044.600, 158
Trd, 000044.683, 161
Trd, 000044.750, 158
Trd, 000044.783, 161
Trd, 000045.050, 160
Trd, 000045.250, 157
Trd, 000045.617, 161
Trd, 000045.633, 161
Trd, 000047.150, 156
Trd, 000047.250, 157
Trd, 000048.367, 159
Trd, 000049.717, 159
Trd, 000049.883, 162
Trd, 000050.033, 165.0
Trd, 000051.117, 161
Trd, 000051.533, 161
Trd, 000051.567, 161
Trd, 000052.633, 161
Trd, 000053.483, 157
Trd, 000053.533, 159
Trd, 000054.383, 157
Trd, 000054.583, 157
Trd, 000054.667, 157
Trd, 000055.300, 156
Trd, 000056.567, 155
Trd, 000057.600, 156
Trd, 000057.617, 155.0
Trd, 000057.850, 156
Trd, 000058.417, 155
Trd, 000058.700, 154
Trd, 000059.750, 155
Trd, 000059.867, 156
Trd, 000060.567, 155.0
Trd, 000060.617, 156
Trd, 000061.550, 158
Trd, 000061.800, 168.0
Trd, 000063.733, 161
Trd, 000064.450, 161
Trd, 000064.567, 163
Trd, 000064.783, 161
Trd, 000065.883, 161
Trd, 000066.033, 159
Trd, 000066.217, 159
Trd, 000067.500, 159
Trd, 000067.817, 159
Trd, 000068.400, 158
Trd, 000069.517, 158
Trd, 000070.100, 157
Trd, 000070.550, 158
Trd, 000070.850, 155.0
Trd, 000071.183, 159
Trd, 000071.950, 160
Trd, 000073.117, 159
Trd, 000073.483, 157
Trd, 000073.783, 158
Trd, 000074.283, 155
Trd, 000074.533, 157
Trd, 000074.967, 156
Trd, 000075.033, 159
Trd, 000076.333, 157.0
Trd, 000076.767, 156
Trd, 000077.083, 155.0
Trd, 000077.550, 159
Trd, 000077.900, 159
Trd, 000078.033, 155
Trd, 000078.383, 157
Trd, 000078.767, 156
Trd, 000078.900, 151.0
Trd, 000079.100, 158
Trd, 000079.683, 154
Trd, 000080.217, 151
Trd, 000080.850, 151
Trd, 000080.983, 155
Trd, 000081.250, 154
Trd, 000081.317, 156
Trd, 000082.433, 131.0
Trd, 000083.033, 157
Trd, 000084.683, 153
Trd, 000084.833, 154
Trd, 000085.450, 154
Trd, 000085.733, 155
Trd, 000086.267, 157.0
Trd, 000086.383, 168
Trd, 000086.650, 168.0
Trd, 000087.400, 158
Trd, 000088.217, 157
Trd, 000089.067, 160
Trd, 000089.483, 160
Trd, 000090.183, 158
Trd, 000090.800, 157
Trd, 000091.367, 156
Trd, 000091.767, 158
Trd, 000091.967, 159
Trd, 000092.283, 158
Trd, 000092.533, 159
Trd, 000092.567, 156
Trd, 000094.150, 156
Trd, 000094.800, 155.0
Trd, 000095.483, 156
Trd, 000095.783, 157
Trd, 000096.817, 156
Trd, 000096.900, 158
Trd, 000097.233, 156
Trd, 000097.817, 166.0
Trd, 000098.683, 166.0
Trd, 000099.667, 166.0
Trd, 000101.000, 163
Trd, 000101.333, 163
Trd, 000101.517, 162
Trd, 000101.800, 162
Trd, 000101.867, 160
Trd, 000102.183, 167
Trd, 000103.467, 158
Trd, 000103.500, 157
Trd, 000104.700, 156.0
Trd, 000104.817, 156
Trd, 000104.900, 155.0
Trd, 000105.283, 158
Trd, 000106.533, 159
Trd, 000106.833, 155
Trd, 000106.883, 158
Trd, 000107.883, 158
Trd, 000108.383, 156
Trd, 000109.033, 158
Trd, 000109.183, 159
Trd, 000109.317, 157.0
Trd, 000110.450, 155.0
Trd, 000111.033, 155
Trd, 000112.150, 154
Trd, 000112.717, 155
Trd, 000112.800, 156
Trd, 000113.750, 155.0
Trd, 000114.033, 154
Trd, 000114.817, 156
Trd, 000115.017, 154
Trd, 000115.800, 158
Trd, 000115.900, 159
Trd, 000115.933, 155
Trd, 000116.083, 160
Trd, 000117.400, 153
Trd, 000118.050, 151.0
Trd, 000118.517, 152
Trd, 000118.817, 151.0
Trd, 000119.433, 151
Trd, 000119.600, 151
Trd, 000119.783, 155
Trd, 000120.767, 150
Trd, 000121.150, 155
Trd, 000121.417, 155
Trd, 000122.350, 155
Trd, 000123.700, 150
Trd, 000124.467, 153
Trd, 000124.650, 155
Trd, 000124.800, 158
Trd, 000125.717, 151
Trd, 000126.283, 172.0
Trd, 000126.300, 179.0
Trd, 000126.733, 151.0
Trd, 000128.867, 159
Trd, 000129.683, 158
Trd, 000129.883, 157
Trd, 000130.533, 159
Trd, 000130.733, 158
Trd, 000130.750, 154
Trd, 000131.367, 159
Trd, 000132.500, 158
Trd, 000132.883, 155.0
Trd, 000133.950, 157
Trd, 000134.500, 156.0
Trd, 000134.617, 155.0
Trd, 000134.800, 157
Trd, 000135.150, 154
Trd, 000135.450, 158
Trd, 000135.500, 158
Trd, 000135.583, 159
Trd, 000136.650, 168.0
Trd, 000137.333, 154
Trd, 000138.383, 162
Trd, 000138.683, 159
Trd, 000138.967, 162
Trd, 000140.200, 159
Trd, 000140.650, 157
Trd, 000140.967, 159
Trd, 000141.467, 159
Trd, 000141.983, 159
Trd, 000142.117, 156
Trd, 000143.433, 157
Trd, 000143.533, 155.0
Trd, 000143.983, 157
Trd, 000144.200, 156
Trd, 000144.883, 152.0
Trd, 000145.100, 151.0
Trd, 000146.083, 145
Trd, 000146.433, 146
Trd, 000146.917, 157
Trd, 000147.100, 158
Trd, 000147.500, 147
Trd, 000148.367, 145
Trd, 000148.600, 146
Trd, 000149.700, 146
Trd, 000149.967, 145
Trd, 000149.983, 151.0
Trd, 000150.133, 158
Trd, 000151.083, 157.0
Trd, 000151.600, 155.0
Trd, 000151.733, 145
Trd, 000152.967, 155
Trd, 000153.233, 151
Trd, 000154.367, 157
Trd, 000154.417, 156.0
Trd, 000154.800, 155.0
Trd, 000155.000, 156
Trd, 000155.367, 157
Trd, 000156.033, 158
Trd, 000156.317, 168.0
Trd, 000156.717, 155
Trd, 000157.083, 165.0
Trd, 000157.183, 182
Trd, 000158.450, 160
Trd, 000159.167, 156.0
Trd, 000159.400, 155.0
Trd, 000159.467, 151.0
Trd, 000159.883, 145
Trd, 000160.367, 154
Trd, 000160.883, 154
Trd, 000161.783, 152
Trd, 000162.317, 151
Trd, 000162.517, 154
Trd, 000162.833, 143
Trd, 000163.467, 131.0
Trd, 000164.417, 151.0
Trd, 000164.517, 155
Trd, 000164.817, 143
Trd, 000166.017, 149
Trd, 000166.667, 151
Trd, 000167.467, 151.0
Trd, 000167.633, 153
Trd, 000167.683, 148
Trd, 000168.150, 148
Trd, 000169.950, 150
Trd, 000170.167, 151
Trd, 000170.350, 152
Trd, 000170.550, 153
Trd, 000171.000, 154
Trd, 000171.283, 155
Trd, 000171.483, 147
Trd, 000173.050, 151
Trd, 000173.117, 155
Trd, 000174.400, 153
Trd, 000174.600, 155
Trd, 000175.083, 153
Trd, 000175.183, 154
Trd, 000175.783, 158
Trd, 000176.167, 158
Trd, 000176.667, 156
Trd, 000177.183, 156
Trd, 000177.450, 158
Trd, 000178.067, 157
Trd, 000178.950, 157
Trd, 000179.367, 166.0
Trd, 000179.717, 165.0
Trd, 000179.750, 154.0
Trd, 000181.467, 155
Trd, 000181.483, 157
Trd, 000182.200, 159
Trd, 000182.533, 168.0
Trd, 000183.617, 157
Trd, 000183.700, 168.0
Trd, 000184.717, 162
Trd, 000185.117, 159
Trd, 000186.033, 161.0
Trd, 000186.950, 161
Trd, 000187.817, 160
Trd, 000188.067, 159
Trd, 000188.083, 158
Trd, 000189.367, 157
Trd, 000189.683, 157
Trd, 000189.967, 158
Trd, 000191.033, 155.0
Trd, 000191.283, 158
Trd, 000191.517, 158
Trd, 000191.650, 151.0
Trd, 000191.867, 128
Trd, 000192.850, 148
Trd, 000193.833, 152.0
Trd, 000194.583, 154
Trd, 000195.200, 154
Trd, 000195.300, 154
Trd, 000195.700, 155
Trd, 000196.450, 155
Trd, 000196.767, 155
Trd, 000197.183, 158
Trd, 000197.567, 152
Trd, 000197.717, 151
Trd, 000197.817, 153
Trd, 000197.900, 151.0
Trd, 000198.433, 155
Trd, 000198.883, 151
Trd, 000200.650, 155
Trd, 000202.667, 153
Trd, 000203.367, 153
Trd, 000203.417, 154
Trd, 000205.017, 153
Trd, 000205.050, 155
Trd, 000205.883, 154.0
Trd, 000205.967, 153.0
Trd, 000206.050, 155
Trd, 000206.083, 156
Trd, 000207.050, 151.0
Trd, 000207.067, 158
Trd, 000208.000, 168.0
Trd, 000208.550, 159
Trd, 000208.883, 158
Trd, 000209.417, 157
Trd, 000210.050, 156
Trd, 000210.217, 155.0
Trd, 000211.683, 155
Trd, 000211.717, 157
Trd, 000211.867, 160
Trd, 000212.833, 152
Trd, 000213.250, 152
Trd, 000213.450, 151.0
Trd, 000214.217, 122
Trd, 000215.417, 143
Trd, 000215.600, 144.0
Trd, 000216.167, 158
Trd, 000217.650, 167.0
Trd, 000218.350, 155
Trd, 000219.683, 160
Trd, 000219.750, 159
Trd, 000220.417, 160
Trd, 000221.933, 159
Trd, 000222.367, 158
Trd, 000222.483, 159
Trd, 000222.917, 160
Trd, 000223.150, 161
Trd, 000223.717, 156
Trd, 000223.783, 155.0
Trd, 000224.250, 164.0
Trd, 000225.167, 158
Trd, 000226.050, 157
Trd, 000226.100, 158
Trd, 000226.333, 159
Trd, 000226.450, 158
Trd, 000226.750, 159
Trd, 000226.933, 159
Trd, 000227.333, 160
Trd, 000227.667, 159
Trd, 000229.367, 161
Trd, 000230.550, 158
Trd, 000231.117, 160.0
Trd, 000231.283, 158
Trd, 000231.300, 161.0
Trd, 000231.367, 157
Trd, 000232.967, 156
Trd, 000233.083, 160
Trd, 000233.467, 161
Trd, 000234.117, 155
Trd, 000234.283, 155.0
Trd, 000235.167, 155
Trd, 000235.850, 156
Trd, 000236.067, 157
Trd, 000237.283, 156
Trd, 000237.567, 157
Trd, 000238.583, 157
Trd, 000238.750, 155
Trd, 000238.783, 155.0
Trd, 000238.900, 158
Trd, 000240.433, 154
Trd, 000240.567, 154
Trd, 000241.067, 155
Trd, 000241.200, 156
Trd, 000241.333, 154
Trd, 000241.550, 155
Trd, 000242.000, 154
Trd, 000242.217, 155
Trd, 000242.317, 153.0
Trd, 000242.533, 151.0
Trd, 000243.333, 155.0
Trd, 000243.383, 156
Trd, 000243.517, 158
Trd, 000244.467, 155.0
Trd, 000244.617, 158.0
Trd, 000244.983, 157
Trd, 000245.317, 159
Trd, 000245.517, 156
Trd, 000246.050, 157
Trd, 000246.100, 159.0
Trd, 000246.350, 159
Trd, 000246.450, 160.0
Trd, 000247.933, 156
Trd, 000249.017, 157.0
Trd, 000249.067, 158.0
Trd, 000249.167, 155
Trd, 000249.250, 155
Trd, 000249.400, 158
Trd, 000249.917, 157
Trd, 000250.700, 159
Trd, 000251.450, 157
Trd, 000252.667, 158
Trd, 000252.750, 158
Trd, 000253.483, 157
Trd, 000253.550, 158
Trd, 000254.033, 156
Trd, 000254.083, 157
Trd, 000254.533, 157
Trd, 000255.217, 157
Trd, 000255.633, 155.0
Trd, 000255.883, 155
Trd, 000256.083, 155
Trd, 000256.283, 157
Trd, 000256.450, 156
Trd, 000256.950, 156
Trd, 000257.283, 158
Trd, 000258.283, 154
Trd, 000258.517, 154
Trd, 000259.383, 162.0
Trd, 000259.500, 159.0
Trd, 000259.583, 156
Trd, 000260.250, 155
Trd, 000260.383, 154
Trd, 000260.567, 153
Trd, 000261.067, 151.0
Trd, 000261.300, 152
Trd, 000261.450, 154
Trd, 000261.717, 155
Trd, 000262.733, 149.0
Trd, 000262.800, 150
Trd, 000263.000, 151
Trd, 000263.267, 146.0
Trd, 000264.317, 151.0
Trd, 000265.033, 152
Trd, 000265.367, 149
Trd, 000265.567, 152
Trd, 000266.033, 151
Trd, 000266.050, 155
Trd, 000266.500, 153.0
Trd, 000267.417, 153
Trd, 000267.533, 158
Trd, 000268.450, 158
Trd, 000268.700, 151
Trd, 000269.167, 155.0
Trd, 000269.750, 152.0
Trd, 000269.850, 151
Trd, 000270.233, 151
Trd, 000270.667, 155
Trd, 000270.750, 153
Trd, 000271.800, 152
Trd, 000271.883, 153.0
Trd, 000271.950, 154.0
Trd, 000272.700, 151
Trd, 000273.000, 157
Trd, 000273.433, 152.0
Trd, 000274.417, 151.0
Trd, 000274.517, 153
Trd, 000274.683, 150
Trd, 000274.767, 154
Trd, 000274.917, 145
Trd, 000275.850, 154
Trd, 000276.750, 151.0
Trd, 000277.833, 143.0
Trd, 000277.900, 145
Trd, 000277.983, 148.0
Trd, 000278.333, 155
Trd, 000278.567, 151.0
Trd, 000278.750, 157
Trd, 000279.133, 161
Trd, 000279.183, 155.0
Trd, 000279.383, 159
Trd, 000280.100, 149
Trd, 000280.417, 149
Trd, 000281.317, 152
Trd, 000281.950, 148
Trd, 000282.033, 151
Trd, 000282.533, 155
Trd, 000282.933, 158
Trd, 000283.400, 151
Trd, 000283.717, 149
Trd, 000283.733, 152
Trd, 000284.750, 155.0
Trd, 000285.617, 156
Trd, 000285.917, 155
Trd, 000286.550, 152.0
Trd, 000287.133, 152
Trd, 000287.200, 151.0
Trd, 000287.233, 151
Trd, 000287.500, 141.0
Trd, 000288.233, 147
Trd, 000288.300, 152
Trd, 000288.417, 153
Trd, 000288.467, 155
Trd, 000288.833, 157
Trd, 000289.583, 151
Trd, 000289.917, 155
Trd, 000290.300, 154
Trd, 000290.633, 155
Trd, 000292.617, 156
Trd, 000292.700, 152
Trd, 000292.767, 151
Trd, 000293.150, 156
Trd, 000293.250, 151.0
Trd, 000293.400, 158
Trd, 000293.883, 157
Trd, 000293.983, 162.0
Trd, 000294.033, 168.0
Trd, 000294.367, 172.0
Trd, 000294.667, 179.0
Trd, 000295.883, 156
Trd, 000296.683, 162.0
Trd, 000296.767, 159
Trd, 000296.933, 165
Trd, 000297.867, 163
Trd, 000298.167, 162
Trd, 000298.617, 161
Trd, 000298.733, 162
Trd, 000298.900, 161
Trd, 000299.333, 157
Trd, 000299.650, 162
