Trd, 000001.617, 100.0
Trd, 000003.683, 134.0
Trd, 000004.350, 148.0
Trd, 000004.450, 154
Trd, 000005.633, 148.0
Trd, 000005.967, 154
Trd, 000006.850, 155
Trd, 000007.550, 153
Trd, 000007.833, 141
Trd, 000007.950, 154
Trd, 000009.533, 154
Trd, 000009.883, 156
Trd, 000010.117, 153
Trd, 000010.533, 171.0
Trd, 000011.050, 158.0
Trd, 000011.367, 155.0
Trd, 000012.050, 154
Trd, 000012.500, 154
Trd, 000012.633, 159
Trd, 000012.733, 160
Trd, 000013.350, 153
Trd, 000014.400, 156
Trd, 000014.883, 154
Trd, 000015.433, 156
Trd, 000016.067, 157
Trd, 000016.183, 158
Trd, 000016.467, 157
Trd, 000017.700, 158
Trd, 000017.817, 165.0
Trd, 000018.083, 153
Trd, 000018.633, 158.0
Trd, 000019.533, 158
Trd, 000020.833, 158
Trd, 000020.933, 160
Trd, 000021.067, 172.0
Trd, 000021.100, 158.0
Trd, 000023.450, 159
Trd, 000023.583, 162
Trd, 000023.717, 164
Trd, 000025.167, 162
Trd, 000025.333, 157
Trd, 000025.467, 162
Trd, 000027.167, 160
Trd, 000028.150, 159
Trd, 000028.167, 158
Trd, 000028.317, 158.0
Trd, 000029.450, 154
Trd, 000029.617, 157
Trd, 000031.383, 151
Trd, 000031.533, 153
Trd, 000031.817, 154
Trd, 000032.633, 150
Trd, 000032.800, 151
Trd, 000033.200, 154
Trd, 000033.900, 155
Trd, 000034.133, 150
Trd, 000034.700, 161
Trd, 000036.817, 141
Trd, 000036.850, 158
Trd, 000037.133, 159
Trd, 000038.467, 148.0
Trd, 000038.617, 160
Trd, 000039.500, 156
Trd, 000040.750, 155
Trd, 000041.000, 154
Trd, 000041.317, 155
Trd, 000041.450, 154
Trd, 000041.467, 155
Trd, 000042.667, 153
Trd, 000043.017, 164.0
Trd, 000043.983, 152
Trd, 000044.650, 158
Trd, 000045.400, 153
Trd, 000046.250, 159
Trd, 000047.000, 154
Trd, 000047.333, 152
Trd, 000048.500, 164.0
Trd, 000048.783, 165.0
Trd, 000049.167, 163
Trd, 000049.533, 172.0
Trd, 000050.117, 175
Trd, 000051.000, 162.0
Trd, 000051.800, 162
Trd, 000052.300, 161
Trd, 000052.733, 165
Trd, 000053.500, 162
Trd, 000054.350, 163.0
Trd, 000054.733, 163.0
Trd, 000055.067, 164
Trd, 000055.500, 162.0
Trd, 000056.050, 161
Trd, 000056.217, 164.0
Trd, 000056.767, 160
Trd, 000057.617, 161
Trd, 000057.900, 163
Trd, 000058.450, 167
Trd, 000059.050, 161
Trd, 000059.617, 163
Trd, 000060.083, 161
Trd, 000061.500, 161
Trd, 000062.267, 158.0
Trd, 000062.883, 160
Trd, 000062.967, 159
Trd, 000063.883, 161
Trd, 000064.167, 162
Trd, 000064.600, 164
Trd, 000065.100, 160.0
Trd, 000065.467, 159.0
Trd, 000065.517, 158.0
Trd, 000066.100, 156
Trd, 000066.900, 161
Trd, 000067.400, 158
Trd, 000067.683, 159
Trd, 000067.767, 157
Trd, 000069.167, 158
Trd, 000069.233, 160
Trd, 000070.017, 165.0
Trd, 000070.833, 162
Trd, 000071.283, 161.0
Trd, 000071.350, 158.0
Trd, 000071.917, 142.0
Trd, 000072.667, 161
Trd, 000072.800, 162
Trd, 000073.267, 159
Trd, 000073.700, 157
Trd, 000073.717, 161
Trd, 000074.150, 163
Trd, 000074.750, 158.0
Trd, 000076.633, 160
Trd, 000076.667, 161
Trd, 000077.150, 162
Trd, 000077.450, 159
Trd, 000077.867, 163
Trd, 000079.450, 165
Trd, 000079.617, 179.0
Trd, 000080.100, 159.0
Trd, 000081.100, 161.0
Trd, 000081.400, 159
Trd, 000081.633, 165
Trd, 000081.767, 158.0
Trd, 000082.333, 158
Trd, 000082.483, 157
Trd, 000082.583, 157
Trd, 000083.883, 158.0
Trd, 000084.583, 159
Trd, 000085.667, 161
Trd, 000086.233, 162.0
Trd, 000086.533, 158.0
Trd, 000087.233, 156
Trd, 000087.667, 159.0
Trd, 000088.033, 160.0
Trd, 000088.450, 165.0
Trd, 000088.700, 160.0
Trd, 000088.917, 163
Trd, 000090.700, 162.0
Trd, 000091.850, 163
Trd, 000092.283, 160
Trd, 000092.500, 163
Trd, 000093.000, 162
Trd, 000094.117, 170
Trd, 000094.633, 171.0
Trd, 000095.617, 162
Trd, 000095.850, 162.0
Trd, 000096.033, 161
Trd, 000096.483, 166
Trd, 000096.667, 158.0
Trd, 000097.000, 159
Trd, 000097.417, 167
Trd, 000099.433, 161
Trd, 000099.750, 162
Trd, 000100.267, 162
Trd, 000101.383, 160
Trd, 000102.450, 161
Trd, 000103.200, 161
Trd, 000103.217, 162
Trd, 000103.600, 160.0
Trd, 000103.950, 159
Trd, 000105.133, 158.0
Trd, 000105.733, 161
Trd, 000106.333, 162
Trd, 000108.017, 158
Trd, 000108.083, 163
Trd, 000108.867, 158.0
Trd, 000109.467, 155.0
Trd, 000109.817, 164
Trd, 000110.033, 141.0
Trd, 000110.083, 164.0
Trd, 000111.983, 156
Trd, 000112.333, 161
Trd, 000112.500, 157
Trd, 000113.367, 161
Trd, 000114.967, 158
Trd, 000115.167, 156
Trd, 000115.717, 160
Trd, 000117.133, 158.0
Trd, 000117.350, 156.0
Trd, 000117.733, 159
Trd, 000119.617, 156
Trd, 000119.733, 155
Trd, 000120.283, 158.0
Trd, 000120.550, 160
Trd, 000120.650, 159
Trd, 000120.683, 169.0
Trd, 000120.733, 171.0
Trd, 000120.967, 172.0
Trd, 000122.033, 155
Trd, 000122.167, 167
Trd, 000122.967, 177.0
Trd, 000123.050, 172
Trd, 000123.900, 158.0
Trd, 000124.417, 157.0
Trd, 000125.483, 161
Trd, 000125.917, 159
Trd, 000126.183, 158
Trd, 000126.633, 155.0
Trd, 000127.283, 158
Trd, 000127.433, 142.0
Trd, 000127.783, 159
Trd, 000127.983, 142.0
Trd, 000129.083, 155
Trd, 000130.317, 148.0
Trd, 000131.233, 158
Trd, 000132.083, 156
Trd, 000132.933, 154
Trd, 000133.750, 155
Trd, 000133.800, 154
Trd, 000134.367, 156
Trd, 000134.567, 152
Trd, 000134.617, 156
Trd, 000134.767, 134.0
Trd, 000136.617, 148.0
Trd, 000136.867, 135
Trd, 000137.017, 155
Trd, 000137.700, 152
Trd, 000139.083, 150
Trd, 000139.417, 149
Trd, 000139.850, 150
Trd, 000140.650, 151
Trd, 000140.967, 148
Trd, 000142.183, 148
Trd, 000142.233, 155
Trd, 000142.500, 147
Trd, 000143.700, 149
Trd, 000143.783, 165.0
Trd, 000144.583, 157
Trd, 000144.700, 158
Trd, 000145.833, 157
Trd, 000146.150, 158
Trd, 000146.550, 159
Trd, 000147.067, 158
Trd, 000147.333, 153
Trd, 000148.833, 153
Trd, 000150.617, 155
Trd, 000151.017, 155
Trd, 000151.250, 153
Trd, 000151.433, 154
Trd, 000151.767, 152
Trd, 000152.433, 153
Trd, 000152.517, 153
Trd, 000152.817, 152
Trd, 000152.867, 153
Trd, 000153.233, 155
Trd, 000153.350, 136
Trd, 000154.383, 152
Trd, 000154.767, 152
Trd, 000155.150, 155
Trd, 000156.617, 154
Trd, 000158.200, 152
Trd, 000158.667, 163.0
Trd, 000158.883, 172.0
Trd, 000159.650, 158.0
Trd, 000160.350, 160
Trd, 000161.133, 155
Trd, 000161.467, 154
Trd, 000162.733, 155
Trd, 000163.033, 155
Trd, 000163.700, 155
Trd, 000163.933, 165.0
Trd, 000164.017, 179.0
Trd, 000164.183, 180
Trd, 000164.200, 142
Trd, 000164.233, 141.0
Trd, 000164.683, 148.0
Trd, 000165.900, 160.0
Trd, 000166.200, 158.0
Trd, 000166.883, 159
Trd, 000167.433, 159
Trd, 000167.917, 161
Trd, 000169.267, 159
Trd, 000169.300, 161
Trd, 000169.417, 158.0
Trd, 000169.600, 156
Trd, 000171.033, 154
Trd, 000171.167, 156
Trd, 000171.450, 154
Trd, 000172.167, 158
Trd, 000173.200, 157
Trd, 000173.500, 158.0
Trd, 000174.317, 158
Trd, 000175.000, 158
Trd, 000175.083, 161
Trd, 000176.650, 160
Trd, 000177.100, 161
Trd, 000177.600, 157
Trd, 000178.217, 155.0
Trd, 000178.267, 164
Trd, 000178.933, 169.0
Trd, 000179.517, 158
Trd, 000180.067, 158
Trd, 000180.217, 163
Trd, 000181.067, 161
Trd, 000181.450, 159
Trd, 000181.967, 158
Trd, 000183.300, 156.0
Trd, 000183.600, 156
Trd, 000184.100, 158
Trd, 000185.150, 144.0
Trd, 000185.300, 157
Trd, 000185.450, 165.0
Trd, 000185.783, 143.0
Trd, 000185.883, 171.0
Trd, 000186.400, 156
Trd, 000186.767, 155
Trd, 000187.750, 143
Trd, 000187.767, 141.0
Trd, 000189.550, 157
Trd, 000190.333, 152
Trd, 000190.433, 153
Trd, 000190.800, 154
Trd, 000191.033, 156
Trd, 000191.083, 158.0
Trd, 000191.717, 172.0
Trd, 000191.833, 179.0
Trd, 000192.117, 151
Trd, 000193.267, 158
Trd, 000194.167, 157
Trd, 000194.617, 162
Trd, 000195.333, 161
Trd, 000195.383, 157
Trd, 000195.700, 156
Trd, 000196.800, 158
Trd, 000197.167, 155.0
Trd, 000197.367, 149
Trd, 000197.500, 160
Trd, 000197.767, 158
Trd, 000198.233, 142
Trd, 000199.817, 147.0
Trd, 000200.433, 147.0
Trd, 000200.900, 147
Trd, 000203.500, 153
Trd, 000203.800, 150.0
Trd, 000204.200, 153
Trd, 000204.300, 151
Trd, 000204.583, 149
Trd, 000205.250, 154
Trd, 000205.650, 155
Trd, 000206.683, 172.0
Trd, 000207.033, 172
Trd, 000207.333, 161
Trd, 000208.233, 155.0
Trd, 000208.283, 163
Trd, 000208.467, 141.0
Trd, 000209.667, 158.0
Trd, 000209.867, 156
Trd, 000210.400, 135
Trd, 000211.117, 131.0
Trd, 000211.750, 132.0
Trd, 000211.850, 134.0
Trd, 000212.283, 130
Trd, 000212.967, 148.0
Trd, 000212.983, 144
Trd, 000213.700, 155
Trd, 000215.783, 150.0
Trd, 000216.383, 158.0
Trd, 000217.017, 150.0
Trd, 000217.200, 153
Trd, 000217.650, 154
Trd, 000218.350, 154
Trd, 000218.483, 155
Trd, 000218.883, 155
Trd, 000219.533, 164.0
Trd, 000219.583, 151
Trd, 000220.433, 150
Trd, 000220.683, 141.0
Trd, 000221.500, 164.0
Trd, 000221.767, 158.0
Trd, 000222.683, 170.0
Trd, 000222.717, 171.0
Trd, 000222.950, 168
Trd, 000222.967, 172.0
Trd, 000223.550, 149
Trd, 000224.217, 148
Trd, 000226.000, 159.0
Trd, 000226.067, 158.0
Trd, 000228.867, 156.0
Trd, 000229.133, 161
Trd, 000229.217, 156
Trd, 000229.500, 161
Trd, 000230.600, 162
Trd, 000230.633, 157.0
Trd, 000231.683, 163
Trd, 000231.767, 158.0
Trd, 000232.583, 155.0
Trd, 000232.900, 154
Trd, 000232.933, 160
Trd, 000233.867, 160
Trd, 000234.700, 160
Trd, 000235.150, 160
Trd, 000236.700, 160.0
Trd, 000238.350, 158.0
Trd, 000238.950, 159
Trd, 000239.950, 159
Trd, 000240.283, 160
Trd, 000240.483, 161
Trd, 000240.617, 163.0
Trd, 000241.133, 160.0
Trd, 000241.167, 158.0
Trd, 000241.767, 158
Trd, 000242.067, 157
Trd, 000242.267, 157
Trd, 000242.500, 155.0
Trd, 000242.967, 152
Trd, 000243.533, 154
Trd, 000243.667, 155
Trd, 000244.217, 139.0
Trd, 000244.733, 145.0
Trd, 000245.633, 142
Trd, 000246.333, 144.0
Trd, 000246.383, 147.0
Trd, 000246.517, 147.0
Trd, 000247.433, 144.0
Trd, 000247.533, 143.0
Trd, 000248.233, 143.0
Trd, 000248.333, 144.0
Trd, 000248.683, 145.0
Trd, 000248.717, 147.0
Trd, 000249.817, 144.0
Trd, 000250.317, 145.0
Trd, 000250.567, 148.0
Trd, 000251.000, 147
Trd, 000251.483, 155
Trd, 000252.067, 152
Trd, 000252.083, 162.0
Trd, 000253.067, 147
Trd, 000254.467, 156
Trd, 000254.650, 153
Trd, 000254.767, 156
Trd, 000254.900, 154
Trd, 000255.350, 152
Trd, 000255.550, 141.0
Trd, 000255.733, 153
Trd, 000256.450, 152
Trd, 000256.467, 155
Trd, 000256.483, 151
Trd, 000257.517, 140.0
Trd, 000258.383, 145.0
Trd, 000258.533, 140.0
Trd, 000258.617, 137.0
Trd, 000259.483, 145
Trd, 000259.733, 146
Trd, 000260.267, 147.0
Trd, 000260.317, 145
Trd, 000260.717, 145
Trd, 000261.150, 141.0
Trd, 000262.017, 147.0
Trd, 000262.567, 144.0
Trd, 000262.750, 146.0
Trd, 000262.917, 148.0
Trd, 000263.450, 147
Trd, 000263.567, 151
Trd, 000264.050, 144
Trd, 000264.150, 124.0
Trd, 000265.033, 150
Trd, 000265.317, 148.0
Trd, 000265.667, 140
Trd, 000265.750, 141.0
Trd, 000265.900, 144.0
Trd, 000267.050, 145
Trd, 000267.500, 146
Trd, 000267.600, 155
Trd, 000268.267, 144
Trd, 000268.483, 155
Trd, 000269.117, 145
Trd, 000269.317, 144
Trd, 000270.283, 145
Trd, 000270.367, 147.0
Trd, 000270.817, 144
Trd, 000271.583, 138.0
Trd, 000271.667, 141.0
Trd, 000272.400, 143
Trd, 000272.483, 138.0
Trd, 000272.917, 138
Trd, 000273.500, 141.0
Trd, 000273.950, 142.0
Trd, 000274.150, 142.0
Trd, 000274.250, 144.0
Trd, 000274.350, 141.0
Trd, 000274.767, 165.0
Trd, 000274.817, 147.0
Trd, 000275.450, 158
Trd, 000275.817, 161.0
Trd, 000276.933, 149.0
Trd, 000277.067, 148
Trd, 000277.233, 147
Trd, 000277.567, 151
Trd, 000277.933, 152
Trd, 000278.433, 151.0
Trd, 000278.917, 158.0
Trd, 000279.483, 144.0
Trd, 000279.917, 153.0
Trd, 000280.667, 139.0
Trd, 000281.117, 140
Trd, 000281.633, 138.0
Trd, 000282.333, 145
Trd, 000282.917, 146
Trd, 000283.150, 148
Trd, 000283.233, 147
Trd, 000283.383, 144
Trd, 000284.400, 148.0
Trd, 000284.450, 155
Trd, 000284.583, 157
Trd, 000285.600, 147
Trd, 000285.917, 146
Trd, 000286.750, 150
Trd, 000287.050, 147
Trd, 000287.100, 141.0
Trd, 000287.400, 149
Trd, 000287.517, 150
Trd, 000287.867, 118
Trd, 000287.933, 134.0
Trd, 000288.883, 143.0
Trd, 000289.467, 135
Trd, 000289.583, 144.0
Trd, 000290.383, 142
Trd, 000290.500, 139
Trd, 000291.750, 147.0
Trd, 000291.833, 140
Trd, 000292.167, 140.0
Trd, 000292.983, 139
Trd, 000293.350, 141.0
Trd, 000293.433, 148.0
Trd, 000293.567, 139
Trd, 000293.583, 155
Trd, 000294.400, 139.0
Trd, 000294.467, 137.0
Trd, 000294.767, 162.0
Trd, 000295.167, 156
Trd, 000295.350, 144.0
Trd, 000295.633, 147
Trd, 000296.267, 146
Trd, 000296.533, 147
Trd, 000296.550, 148.0
Trd, 000297.150, 137.0
Trd, 000297.267, 130
Trd, 000297.667, 134
Trd, 000298.350, 135
Trd, 000298.467, 162.0
Trd, 000298.517, 165.0
Trd, 000299.117, 158.0
