Trd, 000002.467, 168.0
Trd, 000003.117, 150
Trd, 000003.350, 131.0
Trd, 000004.017, 165
Trd, 000004.150, 137
Trd, 000004.467, 145
Trd, 000004.717, 158.0
Trd, 000004.833, 151.0
Trd, 000005.683, 158
Trd, 000006.733, 158
Trd, 000007.050, 156
Trd, 000007.500, 153
Trd, 000007.583, 153
Trd, 000008.400, 157
Trd, 000009.367, 153
Trd, 000010.017, 153
Trd, 000010.233, 154
Trd, 000010.933, 154
Trd, 000011.950, 154
Trd, 000012.083, 152
Trd, 000012.417, 153
Trd, 000012.517, 154
Trd, 000013.333, 153
Trd, 000013.350, 153
Trd, 000013.633, 155
Trd, 000014.350, 152
Trd, 000014.700, 155.0
Trd, 000014.750, 151.0
Trd, 000015.867, 155.0
Trd, 000016.750, 152
Trd, 000016.883, 151
Trd, 000016.933, 153
Trd, 000017.233, 154
Trd, 000018.083, 158.0
Trd, 000019.450, 153
Trd, 000019.633, 152
Trd, 000019.783, 151
Trd, 000020.033, 158.0
Trd, 000020.700, 157
Trd, 000022.150, 156
Trd, 000022.683, 156
Trd, 000023.867, 156
Trd, 000024.033, 154
Trd, 000024.433, 153
Trd, 000024.483, 153
Trd, 000024.750, 152
Trd, 000025.117, 152
Trd, 000025.133, 148.0
Trd, 000025.717, 142
Trd, 000026.183, 151
Trd, 000026.550, 150
Trd, 000026.750, 152
Trd, 000027.167, 152
Trd, 000028.100, 158.0
Trd, 000028.633, 155
Trd, 000028.950, 152
Trd, 000029.450, 154
Trd, 000029.633, 162
Trd, 000030.050, 153
Trd, 000030.700, 151.0
Trd, 000031.383, 162
Trd, 000032.333, 153
Trd, 000032.667, 157.0
Trd, 000033.017, 156
Trd, 000033.983, 153
Trd, 000034.217, 152
Trd, 000034.333, 151
Trd, 000035.250, 151
Trd, 000035.983, 151
Trd, 000036.167, 151.0
Trd, 000036.283, 150
Trd, 000036.333, 149
Trd, 000036.400, 151
Trd, 000036.650, 151
Trd, 000037.367, 152
Trd, 000037.467, 153
Trd, 000037.683, 158.0
Trd, 000039.300, 151.0
Trd, 000040.017, 151
Trd, 000040.500, 151
Trd, 000040.533, 155
Trd, 000041.600, 151.0
Trd, 000041.750, 153.0
Trd, 000043.000, 152
Trd, 000043.333, 150
Trd, 000043.450, 153
Trd, 000044.450, 150
Trd, 000044.667, 150
Trd, 000045.133, 150
Trd, 000045.183, 151
Trd, 000045.500, 149
Trd, 000046.150, 158.0
Trd, 000047.150, 160
Trd, 000047.283, 161
Trd, 000048.517, 152
Trd, 000048.650, 151.0
Trd, 000049.217, 152
Trd, 000049.467, 152
Trd, 000049.483, 152
Trd, 000050.083, 150
Trd, 000050.200, 161
Trd, 000050.867, 160
Trd, 000050.883, 163
Trd, 000051.517, 157
Trd, 000051.867, 157
Trd, 000052.167, 156
Trd, 000052.367, 152.0
Trd, 000052.567, 163
Trd, 000052.650, 154
Trd, 000053.350, 162
Trd, 000055.150, 157
Trd, 000055.350, 156
Trd, 000055.400, 157
Trd, 000055.567, 156
Trd, 000056.333, 156
Trd, 000056.500, 158.0
Trd, 000056.717, 155
Trd, 000056.767, 156
Trd, 000057.817, 154
Trd, 000057.883, 151.0
Trd, 000058.217, 148.0
Trd, 000058.400, 155
Trd, 000059.317, 154
Trd, 000060.283, 155
Trd, 000060.883, 153
Trd, 000062.400, 155
Trd, 000062.633, 154
Trd, 000062.767, 154
Trd, 000062.917, 154.0
Trd, 000063.883, 153
Trd, 000064.133, 155
Trd, 000064.167, 157.0
Trd, 000064.267, 151.0
Trd, 000064.467, 157
Trd, 000064.917, 153
Trd, 000065.433, 148.0
Trd, 000066.000, 154.0
Trd, 000067.050, 155
Trd, 000067.800, 155
Trd, 000067.817, 154
Trd, 000068.150, 155
Trd, 000068.667, 154
Trd, 000068.883, 154.0
Trd, 000069.117, 157.0
Trd, 000069.517, 154
Trd, 000070.117, 156.0
Trd, 000070.400, 152.0
Trd, 000071.800, 156
Trd, 000073.283, 153
Trd, 000073.367, 155
Trd, 000073.967, 156
Trd, 000074.150, 153
Trd, 000074.517, 152
Trd, 000074.700, 154
Trd, 000074.783, 154
Trd, 000075.517, 155
Trd, 000076.567, 156
Trd, 000077.633, 156
Trd, 000077.717, 156
Trd, 000077.950, 152
Trd, 000079.150, 151.0
Trd, 000079.233, 152.0
Trd, 000079.467, 153.0
Trd, 000080.183, 151
Trd, 000080.217, 150
Trd, 000080.433, 152
Trd, 000080.450, 152
Trd, 000081.767, 152
Trd, 000082.017, 158.0
Trd, 000083.017, 162
Trd, 000083.717, 156
Trd, 000084.250, 159
Trd, 000084.383, 161
Trd, 000084.567, 158
Trd, 000084.767, 158
Trd, 000085.250, 157
Trd, 000085.817, 155
Trd, 000086.183, 155
Trd, 000086.283, 155
Trd, 000086.567, 154
Trd, 000086.633, 154
Trd, 000087.800, 152.0
Trd, 000088.150, 154
Trd, 000088.567, 152
Trd, 000089.817, 151.0
Trd, 000090.117, 151
Trd, 000090.350, 150
Trd, 000091.083, 149
Trd, 000091.633, 150
Trd, 000091.850, 150
Trd, 000091.967, 148.0
Trd, 000092.633, 150
Trd, 000092.783, 149
Trd, 000093.550, 149
Trd, 000094.117, 148
Trd, 000094.400, 149
Trd, 000094.483, 150
Trd, 000094.650, 148
Trd, 000094.783, 147
Trd, 000095.583, 153
Trd, 000095.867, 162
Trd, 000096.367, 168.0
Trd, 000097.400, 174.0
Trd, 000098.000, 155
Trd, 000098.200, 148
Trd, 000099.900, 157
Trd, 000100.517, 153
Trd, 000100.650, 153
Trd, 000100.833, 154
Trd, 000101.417, 151
Trd, 000101.650, 151.0
Trd, 000101.733, 150
Trd, 000101.933, 149
Trd, 000102.767, 151
Trd, 000103.233, 151
Trd, 000103.933, 150
Trd, 000104.383, 150
Trd, 000104.650, 148
Trd, 000104.750, 151
Trd, 000105.783, 149
Trd, 000106.133, 148.0
Trd, 000106.767, 148
Trd, 000106.933, 148
Trd, 000107.217, 149
Trd, 000107.900, 152.0
Trd, 000108.267, 156.0
Trd, 000108.417, 154
Trd, 000109.750, 152
Trd, 000109.883, 151.0
Trd, 000110.333, 153
Trd, 000111.200, 153
Trd, 000111.400, 154
Trd, 000111.817, 154
Trd, 000112.967, 151
Trd, 000113.133, 150
Trd, 000113.267, 149.0
Trd, 000113.900, 150
Trd, 000113.917, 152
Trd, 000114.333, 148
Trd, 000115.017, 152
Trd, 000116.067, 151
Trd, 000117.133, 151
Trd, 000117.883, 152
Trd, 000118.217, 151
Trd, 000118.533, 152
Trd, 000118.883, 151
Trd, 000119.217, 155
Trd, 000119.400, 150
Trd, 000119.883, 155.0
Trd, 000120.450, 155.0
Trd, 000120.767, 155
Trd, 000121.083, 168.0
Trd, 000121.467, 161
Trd, 000122.017, 162
Trd, 000122.383, 169.0
Trd, 000122.467, 168.0
Trd, 000122.483, 175.0
Trd, 000123.433, 166
Trd, 000123.867, 157
Trd, 000124.967, 158
Trd, 000125.567, 155
Trd, 000125.983, 153.0
Trd, 000126.167, 152.0
Trd, 000126.383, 158.0
Trd, 000126.433, 158
Trd, 000126.600, 152.0
Trd, 000127.500, 153
Trd, 000127.817, 153
Trd, 000127.833, 148.0
Trd, 000128.033, 153
Trd, 000128.633, 150
Trd, 000129.117, 150
Trd, 000129.850, 150
Trd, 000130.050, 150.0
Trd, 000130.283, 149
Trd, 000130.417, 150
Trd, 000130.533, 153
Trd, 000132.967, 149
Trd, 000133.083, 151
Trd, 000133.483, 149
Trd, 000133.517, 151
Trd, 000133.717, 151
Trd, 000134.150, 150
Trd, 000134.533, 152.0
Trd, 000134.750, 158.0
Trd, 000136.033, 151.0
Trd, 000136.900, 152
Trd, 000136.933, 152.0
Trd, 000137.433, 151.0
Trd, 000137.483, 152
Trd, 000138.250, 151
Trd, 000138.517, 150
Trd, 000138.683, 150
Trd, 000139.283, 149
Trd, 000139.533, 150
Trd, 000139.600, 150
Trd, 000141.650, 152
Trd, 000141.917, 151
Trd, 000142.350, 150
Trd, 000142.917, 149
Trd, 000142.983, 148.0
Trd, 000143.317, 149
Trd, 000143.500, 149
Trd, 000143.683, 150
Trd, 000144.667, 151
Trd, 000145.133, 148
Trd, 000145.617, 144.0
Trd, 000145.933, 152.0
Trd, 000146.367, 158.0
Trd, 000146.633, 163
Trd, 000147.083, 156
Trd, 000148.333, 155
Trd, 000149.200, 153
Trd, 000149.217, 152.0
Trd, 000149.483, 152
Trd, 000149.767, 154
Trd, 000150.017, 152.0
Trd, 000151.167, 153
Trd, 000151.217, 152.0
Trd, 000151.467, 154
Trd, 000151.650, 151.0
Trd, 000152.367, 157.0
Trd, 000153.550, 153
Trd, 000154.550, 152
Trd, 000154.750, 151
Trd, 000155.067, 150
Trd, 000155.383, 150
Trd, 000155.683, 149
Trd, 000156.317, 150
Trd, 000156.467, 146
Trd, 000156.850, 150
Trd, 000157.233, 148.0
Trd, 000158.517, 147
Trd, 000159.017, 149
Trd, 000160.117, 149
Trd, 000160.200, 150
Trd, 000160.650, 149
Trd, 000160.733, 152
Trd, 000160.833, 175.0
Trd, 000160.933, 148
Trd, 000162.400, 152.0
Trd, 000163.833, 151
Trd, 000164.050, 154.0
Trd, 000164.200, 151
Trd, 000164.433, 152
Trd, 000164.533, 151
Trd, 000164.750, 149
Trd, 000165.450, 155
Trd, 000166.167, 153.0
Trd, 000166.283, 154
Trd, 000166.450, 151.0
Trd, 000168.667, 151.0
Trd, 000168.933, 147
Trd, 000169.767, 148.0
Trd, 000170.083, 146
Trd, 000170.233, 147
Trd, 000170.367, 146
Trd, 000170.850, 147
Trd, 000171.167, 148
Trd, 000171.500, 147
Trd, 000172.017, 149
Trd, 000172.333, 148.0
Trd, 000172.350, 149
Trd, 000172.567, 160
Trd, 000173.367, 158.0
Trd, 000174.317, 160
Trd, 000175.100, 152
Trd, 000176.117, 161
Trd, 000176.783, 155
Trd, 000177.033, 154
Trd, 000177.100, 158
Trd, 000177.250, 154
Trd, 000178.867, 155
Trd, 000179.017, 153
Trd, 000180.100, 153
Trd, 000180.117, 152
Trd, 000180.433, 151
Trd, 000180.533, 152
Trd, 000181.833, 153
Trd, 000182.317, 152
Trd, 000182.700, 155
Trd, 000183.000, 158.0
Trd, 000183.783, 162
Trd, 000183.800, 153
Trd, 000184.033, 152
Trd, 000184.150, 173.0
Trd, 000184.217, 151
Trd, 000184.650, 151.0
Trd, 000185.317, 154
Trd, 000186.433, 153
Trd, 000186.567, 153
Trd, 000187.683, 152
Trd, 000187.833, 152
Trd, 000188.450, 151
Trd, 000188.783, 155
Trd, 000189.067, 157
Trd, 000189.833, 153.0
Trd, 000190.650, 155
Trd, 000191.517, 152
Trd, 000192.583, 153
Trd, 000192.667, 151.0
Trd, 000192.900, 152
Trd, 000193.250, 153
Trd, 000194.000, 154
Trd, 000194.117, 157.0
Trd, 000194.367, 157.0
Trd, 000194.617, 152
Trd, 000195.650, 151
Trd, 000195.800, 151
Trd, 000195.883, 149
Trd, 000196.233, 151.0
Trd, 000197.417, 150
Trd, 000197.750, 149
Trd, 000197.983, 149
Trd, 000198.133, 150
Trd, 000198.717, 142
Trd, 000199.033, 137.0
Trd, 000199.667, 142
Trd, 000200.867, 160
Trd, 000200.917, 147
Trd, 000201.100, 146
Trd, 000201.150, 162
Trd, 000201.700, 144.0
Trd, 000201.983, 145
Trd, 000202.700, 145
Trd, 000203.667, 144
Trd, 000204.000, 143
Trd, 000204.250, 145
Trd, 000204.567, 137.0
Trd, 000205.533, 143.0
Trd, 000205.783, 144.0
Trd, 000206.367, 142
Trd, 000206.667, 144
Trd, 000207.017, 143
Trd, 000207.150, 142
Trd, 000208.083, 143
Trd, 000208.100, 144
Trd, 000208.333, 144
Trd, 000208.450, 145
Trd, 000208.817, 145
Trd, 000208.867, 140
Trd, 000208.933, 156.0
Trd, 000210.983, 158.0
Trd, 000211.150, 163
Trd, 000211.600, 154
Trd, 000212.000, 174.0
Trd, 000212.100, 154
Trd, 000212.650, 173
Trd, 000212.733, 156
Trd, 000213.233, 168.0
Trd, 000213.933, 158
Trd, 000214.650, 159
Trd, 000214.967, 159
Trd, 000215.017, 158
Trd, 000215.217, 159
Trd, 000215.600, 160
Trd, 000215.800, 158
Trd, 000216.567, 151.0
Trd, 000217.467, 155
Trd, 000217.917, 159
Trd, 000219.383, 158
Trd, 000219.567, 159
Trd, 000219.733, 160
Trd, 000220.550, 156
Trd, 000220.833, 155
Trd, 000221.067, 155
Trd, 000221.567, 157
Trd, 000221.750, 153
Trd, 000222.683, 156
Trd, 000223.583, 154
Trd, 000224.117, 153
Trd, 000224.367, 153
Trd, 000224.467, 162
Trd, 000225.450, 153
Trd, 000225.917, 158
Trd, 000226.317, 152
Trd, 000226.500, 152
Trd, 000226.950, 152
Trd, 000227.000, 153
Trd, 000227.167, 154
Trd, 000228.917, 151.0
Trd, 000228.950, 157.0
Trd, 000229.283, 157
Trd, 000229.800, 154
Trd, 000230.717, 152
Trd, 000231.133, 151
Trd, 000231.267, 154
Trd, 000231.433, 154
Trd, 000232.350, 153
Trd, 000232.433, 154
Trd, 000232.767, 151
Trd, 000234.333, 152
Trd, 000234.500, 151
Trd, 000235.117, 151
Trd, 000235.250, 150
Trd, 000235.450, 150
Trd, 000236.367, 149
Trd, 000236.733, 149
Trd, 000237.250, 150
Trd, 000237.550, 148.0
Trd, 000237.617, 148
Trd, 000237.900, 147
Trd, 000238.883, 147
Trd, 000239.267, 148.0
Trd, 000239.500, 145
Trd, 000240.033, 144.0
Trd, 000240.467, 135.0
Trd, 000240.483, 137.0
Trd, 000240.633, 137
Trd, 000240.650, 146.0
Trd, 000240.733, 148.0
Trd, 000241.283, 150
Trd, 000241.683, 151
Trd, 000241.833, 151.0
Trd, 000242.183, 153.0
Trd, 000242.350, 149
Trd, 000243.133, 153.0
Trd, 000243.317, 152.0
Trd, 000243.650, 153.0
Trd, 000244.333, 152
Trd, 000244.667, 148
Trd, 000245.083, 150
Trd, 000245.767, 149.0
Trd, 000247.317, 150
Trd, 000247.667, 149
Trd, 000248.133, 150
Trd, 000248.467, 151
Trd, 000248.917, 151
Trd, 000249.133, 151
Trd, 000249.283, 146
Trd, 000249.767, 150
Trd, 000250.717, 148.0
Trd, 000251.033, 148
Trd, 000251.550, 145
Trd, 000251.750, 146
Trd, 000252.033, 144.0
Trd, 000252.700, 145
Trd, 000252.833, 144
Trd, 000253.350, 144
Trd, 000253.583, 143
Trd, 000253.717, 131.0
Trd, 000254.017, 145
Trd, 000254.433, 147
Trd, 000254.567, 148
Trd, 000255.317, 148.0
Trd, 000255.750, 159
Trd, 000256.017, 159
Trd, 000256.600, 157
Trd, 000257.283, 157
Trd, 000257.400, 156
Trd, 000257.517, 158.0
Trd, 000257.617, 153
Trd, 000257.817, 152.0
Trd, 000258.167, 151.0
Trd, 000258.800, 165.0
Trd, 000258.850, 150
Trd, 000259.317, 150
Trd, 000260.317, 153
Trd, 000260.633, 153
Trd, 000261.550, 150
Trd, 000262.433, 152
Trd, 000262.750, 151
Trd, 000263.117, 148
Trd, 000263.183, 151
Trd, 000263.950, 149
Trd, 000264.417, 150
Trd, 000264.500, 148.0
Trd, 000264.850, 150
Trd, 000265.133, 150
Trd, 000265.317, 149
Trd, 000265.433, 150
Trd, 000266.183, 148
Trd, 000266.417, 148
Trd, 000266.900, 150.0
Trd, 000266.950, 149
Trd, 000266.983, 148
Trd, 000267.250, 146
Trd, 000267.867, 144.0
Trd, 000268.117, 144.0
Trd, 000268.133, 144
Trd, 000268.167, 143
Trd, 000268.800, 144
Trd, 000269.500, 141
Trd, 000269.817, 142
Trd, 000270.717, 140
Trd, 000270.850, 140
Trd, 000270.900, 141
Trd, 000271.267, 158.0
Trd, 000272.650, 151
Trd, 000273.050, 140
Trd, 000273.117, 147.0
Trd, 000273.283, 147.0
Trd, 000273.667, 148.0
Trd, 000273.800, 141
Trd, 000274.450, 148
Trd, 000275.533, 149
Trd, 000275.650, 146.0
Trd, 000276.467, 152
Trd, 000276.933, 150.0
Trd, 000277.417, 149
Trd, 000278.367, 146
Trd, 000278.483, 146.0
Trd, 000278.983, 147.0
Trd, 000279.083, 145
Trd, 000279.300, 144.0
Trd, 000280.300, 143
Trd, 000281.050, 143
Trd, 000281.083, 144.0
Trd, 000281.217, 144
Trd, 000281.683, 144
Trd, 000281.967, 143
Trd, 000281.983, 141
Trd, 000282.600, 144
Trd, 000282.783, 144
Trd, 000282.933, 145
Trd, 000284.000, 156.0
Trd, 000284.133, 145.0
Trd, 000284.567, 152
Trd, 000285.467, 155.0
Trd, 000285.750, 152
Trd, 000286.650, 151.0
Trd, 000287.017, 149
Trd, 000287.100, 150
Trd, 000287.283, 148
Trd, 000287.300, 150
Trd, 000288.183, 145.0
Trd, 000289.000, 147.0
Trd, 000289.200, 145
Trd, 000290.100, 144.0
Trd, 000290.283, 144.0
Trd, 000290.383, 148.0
Trd, 000290.650, 147
Trd, 000290.667, 144
Trd, 000292.733, 145
Trd, 000293.117, 144.0
Trd, 000293.133, 143
Trd, 000293.283, 146
Trd, 000293.400, 145
Trd, 000293.417, 146
Trd, 000293.467, 148.0
Trd, 000294.000, 156.0
Trd, 000295.617, 148
Trd, 000295.667, 158.0
Trd, 000296.367, 149
Trd, 000296.467, 151
Trd, 000296.900, 150
Trd, 000297.550, 150
Trd, 000297.783, 149
Trd, 000298.567, 157
Trd, 000299.200, 154
Trd, 000299.400, 147
Trd, 000299.650, 147
Trd, 000299.867, 150
