Trd, 000002.283, 134.0
Trd, 000002.450, 142
Trd, 000002.767, 141
Trd, 000003.367, 142
Trd, 000003.983, 144
Trd, 000004.067, 125.0
Trd, 000004.517, 150.0
Trd, 000004.667, 150.0
Trd, 000005.483, 151.0
Trd, 000005.533, 151
Trd, 000005.817, 149
Trd, 000006.283, 158.0
Trd, 000007.783, 151.0
Trd, 000007.900, 155
Trd, 000008.033, 156
Trd, 000008.433, 149
Trd, 000009.450, 149
Trd, 000009.633, 148
Trd, 000010.133, 152
Trd, 000011.067, 151.0
Trd, 000011.633, 149
Trd, 000011.900, 152
Trd, 000012.900, 149
Trd, 000013.067, 151.0
Trd, 000013.367, 152
Trd, 000014.100, 158.0
Trd, 000014.583, 151.0
Trd, 000014.667, 149
Trd, 000014.800, 148
Trd, 000016.250, 147
Trd, 000016.400, 148
Trd, 000016.533, 147
Trd, 000016.817, 145
Trd, 000017.050, 124.0
Trd, 000017.400, 134
Trd, 000018.383, 141.0
Trd, 000019.100, 153
Trd, 000019.233, 153
Trd, 000019.767, 154.0
Trd, 000019.950, 156.0
Trd, 000019.983, 158.0
Trd, 000021.383, 160
Trd, 000021.683, 158
Trd, 000021.883, 157
Trd, 000022.300, 160
Trd, 000023.200, 156
Trd, 000023.633, 132
Trd, 000024.083, 162
Trd, 000024.650, 164
Trd, 000025.050, 155
Trd, 000025.800, 151
Trd, 000026.067, 167
Trd, 000026.700, 155
Trd, 000027.817, 165
Trd, 000027.933, 156
Trd, 000028.350, 165.0
Trd, 000028.750, 161
Trd, 000030.450, 159
Trd, 000030.500, 158
Trd, 000030.917, 159
Trd, 000031.800, 159
Trd, 000032.350, 158
Trd, 000032.500, 158
Trd, 000032.983, 160
Trd, 000033.700, 160
Trd, 000034.233, 156
Trd, 000034.567, 151.0
Trd, 000034.850, 156.0
Trd, 000035.167, 158.0
Trd, 000035.550, 167
Trd, 000036.267, 151
Trd, 000036.917, 124.0
Trd, 000037.167, 125
Trd, 000037.267, 137.0
Trd, 000039.000, 145
Trd, 000039.517, 157.0
Trd, 000039.700, 145.0
Trd, 000040.050, 158.0
Trd, 000040.733, 156
Trd, 000041.300, 146.0
Trd, 000042.167, 155
Trd, 000042.350, 155
Trd, 000042.500, 151.0
Trd, 000043.867, 153
Trd, 000044.100, 150
Trd, 000044.567, 153
Trd, 000044.783, 153
Trd, 000045.000, 150
Trd, 000045.200, 150
Trd, 000045.633, 148
Trd, 000046.233, 154
Trd, 000047.633, 150
Trd, 000049.067, 149
Trd, 000049.667, 149
Trd, 000049.900, 149.0
Trd, 000050.217, 148
Trd, 000050.267, 147
Trd, 000050.583, 151.0
Trd, 000051.250, 145
Trd, 000051.600, 151
Trd, 000052.317, 144
Trd, 000052.833, 141.0
Trd, 000052.950, 124.0
Trd, 000053.783, 132
Trd, 000054.733, 137
Trd, 000054.867, 138
Trd, 000055.267, 148
Trd, 000055.983, 136
Trd, 000056.367, 135
Trd, 000056.717, 144
Trd, 000057.183, 139
Trd, 000057.467, 140
Trd, 000057.633, 139
Trd, 000058.050, 142
Trd, 000059.017, 141
Trd, 000060.150, 141
Trd, 000061.433, 151.0
Trd, 000061.900, 146
Trd, 000062.033, 147
Trd, 000062.117, 157.0
Trd, 000062.583, 155.0
Trd, 000062.683, 145
Trd, 000062.967, 168
Trd, 000063.267, 144
Trd, 000063.433, 157.0
Trd, 000064.400, 152
Trd, 000064.933, 147
Trd, 000065.733, 148
Trd, 000066.850, 148
Trd, 000067.000, 148
Trd, 000067.067, 148
Trd, 000067.150, 158.0
Trd, 000068.183, 147
Trd, 000068.333, 147
Trd, 000068.617, 154
Trd, 000068.867, 155
Trd, 000068.950, 147
Trd, 000070.033, 153
Trd, 000070.450, 152.0
Trd, 000070.750, 152.0
Trd, 000071.400, 151.0
Trd, 000071.683, 157.0
Trd, 000072.000, 154
Trd, 000072.183, 152
Trd, 000073.333, 156
Trd, 000074.767, 157.0
Trd, 000074.917, 152
Trd, 000075.283, 154
Trd, 000075.417, 158.0
Trd, 000075.483, 152
Trd, 000075.917, 161
Trd, 000076.967, 164
Trd, 000077.083, 163
Trd, 000077.383, 163
Trd, 000077.867, 156
Trd, 000079.167, 157
Trd, 000079.333, 167
Trd, 000079.417, 165
Trd, 000080.267, 158
Trd, 000081.383, 159
Trd, 000081.683, 163
Trd, 000081.700, 160
Trd, 000081.833, 157
Trd, 000081.850, 157
Trd, 000082.233, 158.0
Trd, 000082.500, 151.0
Trd, 000082.717, 161
Trd, 000083.383, 160
Trd, 000084.817, 161
Trd, 000085.500, 160
Trd, 000085.800, 158
Trd, 000085.917, 160
Trd, 000086.400, 160
Trd, 000086.967, 178
Trd, 000089.717, 165.0
Trd, 000090.383, 167
Trd, 000090.900, 166
Trd, 000091.150, 165
Trd, 000091.250, 168
Trd, 000091.367, 164
Trd, 000091.967, 158
Trd, 000092.433, 164
Trd, 000092.567, 157
Trd, 000092.633, 151.0
Trd, 000093.050, 161
Trd, 000094.817, 154
Trd, 000095.133, 154
Trd, 000096.200, 155
Trd, 000096.767, 153
Trd, 000096.867, 152
Trd, 000097.333, 152
Trd, 000097.517, 151
Trd, 000097.700, 151
Trd, 000098.183, 141.0
Trd, 000098.483, 158.0
Trd, 000099.183, 153.0
Trd, 000100.183, 152
Trd, 000100.967, 153
Trd, 000100.983, 155
Trd, 000101.100, 155
Trd, 000102.050, 151.0
Trd, 000102.250, 152
Trd, 000102.383, 141.0
Trd, 000103.300, 151
Trd, 000104.233, 151.0
Trd, 000104.283, 125.0
Trd, 000104.650, 151
Trd, 000105.433, 149
Trd, 000105.533, 142.0
Trd, 000105.750, 148
Trd, 000106.700, 148
Trd, 000107.150, 141.0
Trd, 000107.567, 150.0
Trd, 000107.650, 142
Trd, 000108.333, 142
Trd, 000109.483, 145
Trd, 000109.617, 147
Trd, 000110.067, 145
Trd, 000110.433, 146
Trd, 000110.567, 151.0
Trd, 000112.100, 152
Trd, 000113.233, 151.0
Trd, 000115.167, 152
Trd, 000115.183, 151
Trd, 000115.350, 153.0
Trd, 000115.367, 150
Trd, 000115.900, 149
Trd, 000116.217, 154.0
Trd, 000116.533, 149
Trd, 000116.733, 158.0
Trd, 000117.467, 158
Trd, 000118.033, 161
Trd, 000119.117, 157.0
Trd, 000119.500, 152.0
Trd, 000119.767, 151.0
Trd, 000119.867, 148
Trd, 000120.267, 121
Trd, 000121.217, 134
Trd, 000121.783, 149
Trd, 000122.533, 147.0
Trd, 000123.433, 150.0
Trd, 000124.017, 149
Trd, 000124.183, 144
Trd, 000124.317, 143
Trd, 000124.800, 150.0
Trd, 000125.383, 151.0
Trd, 000127.067, 144.0
Trd, 000127.250, 151.0
Trd, 000128.000, 150
Trd, 000128.683, 152
Trd, 000128.833, 151
Trd, 000129.150, 151
Trd, 000129.167, 150
Trd, 000129.933, 150
Trd, 000130.050, 142
Trd, 000130.350, 152
Trd, 000130.550, 158.0
Trd, 000130.633, 145
Trd, 000131.883, 147
Trd, 000133.367, 149
Trd, 000133.517, 150
Trd, 000133.633, 145
Trd, 000133.767, 145
Trd, 000134.450, 145.0
Trd, 000134.633, 144.0
Trd, 000134.800, 142
Trd, 000136.067, 156.0
Trd, 000137.250, 142
Trd, 000137.467, 132
Trd, 000138.467, 155.0
Trd, 000138.550, 157.0
Trd, 000139.033, 158.0
Trd, 000140.017, 149
Trd, 000140.200, 147
Trd, 000140.550, 154
Trd, 000141.050, 152.0
Trd, 000141.150, 151.0
Trd, 000141.200, 141.0
Trd, 000143.150, 151.0
Trd, 000143.550, 152
Trd, 000143.850, 152
Trd, 000144.000, 158.0
Trd, 000144.167, 152
Trd, 000144.350, 168
Trd, 000145.200, 154
Trd, 000145.333, 154
Trd, 000145.917, 153
Trd, 000146.200, 156
Trd, 000147.100, 158.0
Trd, 000148.717, 155
Trd, 000149.150, 155
Trd, 000149.250, 151.0
Trd, 000150.100, 150
Trd, 000150.367, 149.0
Trd, 000150.550, 151.0
Trd, 000151.783, 150
Trd, 000151.833, 149
Trd, 000151.850, 152
Trd, 000152.367, 149
Trd, 000152.517, 146
Trd, 000152.633, 146
Trd, 000152.800, 141.0
Trd, 000153.217, 151
Trd, 000153.917, 153
Trd, 000154.533, 152
Trd, 000154.733, 151.0
Trd, 000154.800, 145
Trd, 000155.850, 155.0
Trd, 000156.483, 144
Trd, 000157.533, 147
Trd, 000158.483, 147
Trd, 000158.533, 148
Trd, 000158.817, 147
Trd, 000159.067, 151.0
Trd, 000159.483, 148
Trd, 000160.367, 147
Trd, 000161.100, 158.0
Trd, 000161.467, 142.0
Trd, 000162.050, 141.0
Trd, 000162.400, 155
Trd, 000163.250, 148
Trd, 000163.867, 156
Trd, 000164.633, 152
Trd, 000165.583, 153
Trd, 000165.700, 151
Trd, 000165.867, 154
Trd, 000166.733, 153.0
Trd, 000167.217, 153
Trd, 000167.367, 156
Trd, 000167.600, 151.0
Trd, 000169.483, 152
Trd, 000169.833, 152
Trd, 000170.933, 151
Trd, 000171.000, 151.0
Trd, 000171.467, 149
Trd, 000171.550, 149
Trd, 000171.583, 146
Trd, 000172.533, 147
Trd, 000172.733, 149.0
Trd, 000173.883, 147
Trd, 000174.450, 146
Trd, 000174.817, 141.0
Trd, 000175.433, 141
Trd, 000175.617, 146
Trd, 000175.933, 147.0
Trd, 000176.567, 148.0
Trd, 000176.800, 142
Trd, 000177.617, 144
Trd, 000178.367, 147
Trd, 000178.600, 142
Trd, 000179.333, 146
Trd, 000179.967, 144
Trd, 000180.067, 148
Trd, 000180.117, 148
Trd, 000180.250, 151.0
Trd, 000180.750, 143
Trd, 000181.700, 145
Trd, 000183.767, 151
Trd, 000184.383, 152
Trd, 000186.017, 151
Trd, 000186.067, 151
Trd, 000186.083, 150
Trd, 000186.267, 152
Trd, 000186.367, 154
Trd, 000186.500, 150
Trd, 000187.733, 151
Trd, 000189.167, 154
Trd, 000189.367, 152
Trd, 000189.433, 152
Trd, 000189.900, 157.0
Trd, 000190.617, 152.0
Trd, 000191.600, 153
Trd, 000191.900, 154
Trd, 000191.983, 152
Trd, 000192.767, 153
Trd, 000192.800, 151.0
Trd, 000193.500, 152
Trd, 000193.817, 156.0
Trd, 000194.033, 158.0
Trd, 000194.967, 161
Trd, 000195.567, 154
Trd, 000196.250, 157
Trd, 000197.150, 161
Trd, 000197.500, 161
Trd, 000197.917, 161
Trd, 000198.250, 162
Trd, 000198.750, 155
Trd, 000199.333, 155
Trd, 000199.717, 157.0
Trd, 000199.833, 158.0
Trd, 000200.933, 156
Trd, 000201.283, 156
Trd, 000201.583, 155
Trd, 000202.417, 156
Trd, 000202.600, 155
Trd, 000203.150, 153
Trd, 000203.717, 152
Trd, 000204.767, 155
Trd, 000205.300, 155
Trd, 000205.850, 153
Trd, 000205.867, 152
Trd, 000206.383, 151.0
Trd, 000206.600, 141.0
Trd, 000208.817, 149
Trd, 000209.300, 149
Trd, 000209.550, 145
Trd, 000210.217, 146
Trd, 000210.733, 150
Trd, 000210.933, 152
Trd, 000211.183, 147
Trd, 000211.833, 151.0
Trd, 000212.433, 150
Trd, 000213.117, 148
Trd, 000213.233, 150
Trd, 000213.833, 150
Trd, 000213.883, 149
Trd, 000214.167, 151
Trd, 000214.300, 168
Trd, 000214.817, 148
Trd, 000215.150, 151.0
Trd, 000216.117, 149
Trd, 000216.400, 149
Trd, 000216.550, 154
Trd, 000216.650, 153
Trd, 000217.400, 151
Trd, 000217.633, 148
Trd, 000219.700, 149
Trd, 000220.233, 147
Trd, 000220.783, 147
Trd, 000221.100, 147
Trd, 000221.200, 148
Trd, 000221.800, 148.0
Trd, 000222.133, 149
Trd, 000222.450, 146
Trd, 000223.033, 141.0
Trd, 000223.217, 120.0
Trd, 000223.583, 150
Trd, 000224.017, 151
Trd, 000224.150, 158.0
Trd, 000224.550, 157
Trd, 000225.983, 158
Trd, 000226.000, 159
Trd, 000227.700, 158
Trd, 000228.667, 157
Trd, 000228.717, 158
Trd, 000229.383, 164
Trd, 000230.967, 164
Trd, 000231.067, 163
Trd, 000231.300, 167
Trd, 000232.150, 156
Trd, 000232.783, 157
Trd, 000232.967, 153.0
Trd, 000233.617, 151
Trd, 000233.683, 141.0
Trd, 000233.717, 154.0
Trd, 000233.850, 158.0
Trd, 000234.467, 142
Trd, 000235.217, 149
Trd, 000235.300, 149
Trd, 000236.067, 149
Trd, 000237.933, 149
Trd, 000237.950, 150
Trd, 000239.200, 148
Trd, 000240.533, 154
Trd, 000240.850, 155
Trd, 000241.067, 155
Trd, 000241.083, 160
Trd, 000241.400, 154
Trd, 000241.500, 154
Trd, 000241.517, 155
Trd, 000241.717, 153
Trd, 000242.083, 152
Trd, 000242.467, 150
Trd, 000242.583, 151
Trd, 000242.817, 152
Trd, 000242.950, 149
Trd, 000243.633, 151
Trd, 000243.867, 152
Trd, 000243.917, 147
Trd, 000244.000, 152
Trd, 000244.383, 144.0
Trd, 000245.033, 143.0
Trd, 000245.467, 144
Trd, 000245.567, 144
Trd, 000246.300, 141.0
Trd, 000246.600, 142
Trd, 000246.850, 144
Trd, 000247.117, 143
Trd, 000247.233, 141
Trd, 000247.867, 148.0
Trd, 000248.033, 151.0
Trd, 000248.333, 151.0
Trd, 000248.450, 155.0
Trd, 000248.700, 158.0
Trd, 000249.333, 159
Trd, 000249.383, 157
Trd, 000250.067, 158.0
Trd, 000250.517, 164
Trd, 000250.867, 162.0
Trd, 000251.800, 161
Trd, 000252.083, 161
Trd, 000253.167, 158
Trd, 000253.600, 157
Trd, 000253.683, 155.0
Trd, 000253.967, 151.0
Trd, 000254.450, 148
Trd, 000254.483, 144.0
Trd, 000254.533, 151
Trd, 000255.000, 150
Trd, 000255.500, 151
Trd, 000255.967, 150
Trd, 000256.217, 153
Trd, 000257.150, 155.0
Trd, 000257.433, 157
Trd, 000257.917, 158
Trd, 000258.533, 157
Trd, 000258.600, 158.0
Trd, 000258.650, 157
Trd, 000258.733, 157
Trd, 000258.967, 164
Trd, 000259.850, 166.0
Trd, 000260.433, 165.0
Trd, 000261.267, 162
Trd, 000261.433, 160
Trd, 000261.517, 158
Trd, 000261.700, 161
Trd, 000262.417, 157
Trd, 000262.533, 162
Trd, 000263.817, 155.0
Trd, 000264.017, 152
Trd, 000264.050, 151.0
Trd, 000264.400, 158.0
Trd, 000265.117, 149
Trd, 000265.617, 151
Trd, 000265.717, 152
Trd, 000265.733, 153
Trd, 000265.767, 144.0
Trd, 000266.000, 154
Trd, 000266.833, 150.0
Trd, 000267.517, 147.0
Trd, 000267.800, 147
Trd, 000268.550, 158.0
Trd, 000268.667, 154.0
Trd, 000268.750, 169
Trd, 000269.250, 164
Trd, 000270.450, 160
Trd, 000270.900, 159.0
Trd, 000271.400, 158
Trd, 000271.733, 157
Trd, 000271.950, 157
Trd, 000272.317, 163
Trd, 000272.333, 165
Trd, 000273.117, 158
Trd, 000274.067, 161
Trd, 000274.317, 159
Trd, 000274.550, 158
Trd, 000274.733, 159
Trd, 000275.217, 157
Trd, 000275.400, 158
Trd, 000275.450, 156
Trd, 000275.667, 157
Trd, 000276.050, 154
Trd, 000276.117, 151.0
Trd, 000276.317, 144.0
Trd, 000276.450, 141.0
Trd, 000277.017, 138.0
Trd, 000277.733, 139
Trd, 000277.800, 140
Trd, 000277.900, 140
Trd, 000278.517, 146
Trd, 000278.950, 149
Trd, 000279.117, 148
Trd, 000279.400, 148
Trd, 000279.717, 150
Trd, 000279.917, 148
Trd, 000280.283, 144.0
Trd, 000280.567, 151
Trd, 000281.433, 132.0
Trd, 000281.767, 142
Trd, 000281.783, 129
Trd, 000283.500, 131.0
Trd, 000283.650, 137
Trd, 000284.200, 145
Trd, 000284.650, 134.0
Trd, 000284.800, 135
Trd, 000285.050, 145
Trd, 000285.417, 134.0
Trd, 000285.817, 141.0
Trd, 000286.483, 142
Trd, 000286.650, 141
Trd, 000286.867, 139
Trd, 000287.083, 149.0
Trd, 000288.250, 149
Trd, 000288.367, 150.0
Trd, 000288.583, 141.0
Trd, 000289.417, 146
Trd, 000289.583, 139
Trd, 000290.517, 146
Trd, 000290.917, 146
Trd, 000291.050, 150.0
Trd, 000291.400, 151.0
Trd, 000291.567, 149
Trd, 000291.933, 146
Trd, 000292.083, 149.0
Trd, 000293.067, 146
Trd, 000293.100, 150.0
Trd, 000293.133, 158.0
Trd, 000293.750, 145
Trd, 000293.900, 156
Trd, 000293.917, 142
Trd, 000294.100, 139
Trd, 000295.100, 141
Trd, 000295.183, 153.0
Trd, 000295.833, 154.0
Trd, 000296.050, 144.0
Trd, 000296.067, 129
Trd, 000296.833, 154.0
Trd, 000296.867, 155.0
Trd, 000297.200, 159
Trd, 000297.733, 148
Trd, 000298.133, 154
Trd, 000298.250, 152
Trd, 000298.433, 142.0
Trd, 000298.717, 143.0
Trd, 000298.967, 150
Trd, 000299.083, 153
