Trd, 000001.600, 162.0
Trd, 000002.550, 121
Trd, 000002.667, 125
Trd, 000002.883, 121
Trd, 000003.117, 127.0
Trd, 000003.517, 120.0
Trd, 000003.933, 146
Trd, 000004.483, 131.0
Trd, 000004.983, 148
Trd, 000005.600, 141
Trd, 000005.667, 133
Trd, 000005.950, 158.0
Trd, 000006.067, 172.0
Trd, 000007.267, 155.0
Trd, 000007.517, 162.0
Trd, 000008.533, 147
Trd, 000008.550, 146
Trd, 000008.967, 152
Trd, 000010.617, 145
Trd, 000010.950, 145
Trd, 000011.350, 148
Trd, 000012.383, 147
Trd, 000012.683, 147
Trd, 000013.967, 146
Trd, 000014.867, 149
Trd, 000015.433, 150
Trd, 000016.117, 149
Trd, 000016.333, 149
Trd, 000016.517, 149
Trd, 000017.383, 150
Trd, 000019.500, 150
Trd, 000020.117, 158.0
Trd, 000021.150, 154
Trd, 000021.917, 153
Trd, 000022.017, 153
Trd, 000022.683, 155
Trd, 000022.767, 155.0
Trd, 000022.817, 153
Trd, 000023.117, 152
Trd, 000023.967, 152
Trd, 000024.017, 152
Trd, 000024.200, 151
Trd, 000025.250, 149
Trd, 000026.000, 134.0
Trd, 000026.283, 150
Trd, 000026.717, 134.0
Trd, 000027.000, 139
Trd, 000027.767, 150
Trd, 000029.033, 155.0
Trd, 000029.400, 155
Trd, 000030.183, 142
Trd, 000030.550, 140
Trd, 000030.583, 150
Trd, 000031.483, 140
Trd, 000032.183, 148
Trd, 000032.217, 148
Trd, 000032.483, 150
Trd, 000033.350, 143
Trd, 000034.467, 148
Trd, 000034.717, 144
Trd, 000035.267, 148
Trd, 000035.467, 144
Trd, 000035.550, 155.0
Trd, 000035.650, 143
Trd, 000036.267, 150
Trd, 000039.050, 143
Trd, 000039.400, 142
Trd, 000040.550, 144
Trd, 000041.033, 158.0
Trd, 000041.050, 162.0
Trd, 000041.667, 149
Trd, 000042.267, 153.0
Trd, 000042.600, 151
Trd, 000043.633, 152
Trd, 000044.600, 152
Trd, 000044.683, 153
Trd, 000045.683, 151
Trd, 000046.150, 151
Trd, 000046.467, 150
Trd, 000046.567, 153
Trd, 000046.683, 155.0
Trd, 000047.750, 156
Trd, 000047.767, 150
Trd, 000048.600, 152
Trd, 000048.683, 151
Trd, 000048.950, 150
Trd, 000049.233, 121
Trd, 000049.600, 155.0
Trd, 000049.833, 121.0
Trd, 000050.667, 131.0
Trd, 000051.350, 128
Trd, 000051.483, 143
Trd, 000051.600, 125.0
Trd, 000052.150, 123.0
Trd, 000052.800, 143
Trd, 000053.433, 131.0
Trd, 000055.650, 135
Trd, 000055.767, 144
Trd, 000057.333, 158.0
Trd, 000057.767, 135
Trd, 000058.083, 138
Trd, 000058.317, 135
Trd, 000058.933, 154
Trd, 000060.717, 141
Trd, 000061.583, 143
Trd, 000061.617, 142
Trd, 000061.983, 142
Trd, 000062.083, 141
Trd, 000062.367, 140
Trd, 000062.450, 144
Trd, 000062.533, 139
Trd, 000062.833, 139
Trd, 000063.467, 133.0
Trd, 000064.200, 142
Trd, 000064.583, 134
Trd, 000065.783, 142
Trd, 000065.867, 144
Trd, 000065.933, 138
Trd, 000066.283, 149
Trd, 000067.783, 143
Trd, 000067.867, 155.0
Trd, 000068.367, 158.0
Trd, 000068.600, 162.0
Trd, 000068.717, 143
Trd, 000071.917, 151
Trd, 000071.967, 150
Trd, 000072.317, 150
Trd, 000072.500, 150
Trd, 000072.567, 149
Trd, 000072.983, 148
Trd, 000073.317, 150
Trd, 000073.333, 148
Trd, 000073.517, 150
Trd, 000073.850, 136
Trd, 000074.267, 155.0
Trd, 000074.367, 131.0
Trd, 000074.667, 138
Trd, 000075.500, 139
Trd, 000075.967, 137
Trd, 000077.000, 131.0
Trd, 000077.517, 154
Trd, 000077.800, 137
Trd, 000078.200, 145
Trd, 000079.150, 136
Trd, 000081.700, 136
Trd, 000081.900, 141
Trd, 000082.000, 135
Trd, 000082.400, 143
Trd, 000082.583, 137
Trd, 000082.850, 144
Trd, 000083.667, 141
Trd, 000083.900, 155.0
Trd, 000083.967, 139
Trd, 000086.100, 145
Trd, 000086.850, 147
Trd, 000086.967, 151
Trd, 000087.500, 146
Trd, 000088.917, 149
Trd, 000089.250, 148
Trd, 000089.317, 151.0
Trd, 000090.100, 148
Trd, 000090.183, 155.0
Trd, 000090.750, 158.0
Trd, 000092.283, 140
Trd, 000092.550, 151
Trd, 000092.833, 131.0
Trd, 000093.700, 150
Trd, 000094.167, 150
Trd, 000094.183, 144
Trd, 000094.550, 147
Trd, 000094.950, 143
Trd, 000094.983, 131
Trd, 000095.233, 147
Trd, 000095.900, 134
Trd, 000099.283, 144
Trd, 000099.683, 143
Trd, 000100.167, 146
Trd, 000100.317, 148
Trd, 000101.167, 162.0
Trd, 000101.483, 150
Trd, 000102.483, 155.0
Trd, 000103.050, 152
Trd, 000103.500, 154
Trd, 000103.617, 152
Trd, 000103.850, 151
Trd, 000104.067, 154
Trd, 000104.333, 151
Trd, 000104.700, 158.0
Trd, 000104.950, 162.0
Trd, 000105.500, 150
Trd, 000106.517, 151
Trd, 000107.700, 151
Trd, 000107.717, 157
Trd, 000107.983, 150
Trd, 000108.067, 139
Trd, 000108.600, 158.0
Trd, 000109.983, 147
Trd, 000110.033, 154
Trd, 000110.583, 151
Trd, 000112.250, 153.0
Trd, 000112.883, 155.0
Trd, 000113.050, 150
Trd, 000113.817, 150
Trd, 000114.283, 151
Trd, 000114.450, 150
Trd, 000114.467, 149
Trd, 000114.933, 151
Trd, 000116.183, 149
Trd, 000116.483, 149
Trd, 000117.283, 151
Trd, 000118.083, 151
Trd, 000118.483, 144
Trd, 000118.883, 146
Trd, 000119.667, 148
Trd, 000120.067, 149
Trd, 000120.183, 151
Trd, 000120.667, 146
Trd, 000120.700, 154.0
Trd, 000121.100, 155.0
Trd, 000121.383, 147
Trd, 000122.267, 160.0
Trd, 000122.417, 158.0
Trd, 000122.450, 148
Trd, 000122.933, 147
Trd, 000122.950, 146
Trd, 000124.350, 121
Trd, 000124.617, 154
Trd, 000125.250, 134
Trd, 000125.750, 155.0
Trd, 000127.350, 141
Trd, 000128.550, 147
Trd, 000129.083, 155
Trd, 000129.683, 154
Trd, 000130.067, 153
Trd, 000130.367, 154
Trd, 000130.500, 155.0
Trd, 000131.133, 157.0
Trd, 000131.900, 152
Trd, 000132.100, 151
Trd, 000132.833, 151
Trd, 000133.117, 150
Trd, 000134.083, 155.0
Trd, 000134.617, 158.0
Trd, 000135.467, 154
Trd, 000135.583, 153
Trd, 000136.483, 155
Trd, 000136.533, 159
Trd, 000136.600, 162.0
Trd, 000137.833, 153
Trd, 000138.217, 154
Trd, 000139.317, 156
Trd, 000139.783, 155
Trd, 000139.800, 156
Trd, 000139.850, 154
Trd, 000140.300, 159
Trd, 000140.417, 153
Trd, 000140.817, 143
Trd, 000142.917, 157
Trd, 000143.000, 160.0
Trd, 000143.267, 156
Trd, 000144.450, 158
Trd, 000144.633, 157
Trd, 000145.733, 156
Trd, 000146.467, 157.0
Trd, 000146.550, 156
Trd, 000146.933, 159
Trd, 000147.150, 162.0
Trd, 000147.600, 156
Trd, 000147.617, 155
Trd, 000148.783, 155.0
Trd, 000149.000, 159
Trd, 000149.217, 154
Trd, 000149.650, 160
Trd, 000150.650, 158.0
Trd, 000151.167, 154
Trd, 000151.533, 155.0
Trd, 000152.050, 153
Trd, 000154.917, 153
Trd, 000155.200, 154
Trd, 000155.233, 153
Trd, 000155.283, 155
Trd, 000156.350, 155
Trd, 000156.500, 153
Trd, 000156.783, 158.0
Trd, 000157.433, 152
Trd, 000157.450, 150
Trd, 000159.317, 153
Trd, 000159.717, 135.0
Trd, 000159.767, 133.0
Trd, 000159.950, 152
Trd, 000160.850, 146
Trd, 000161.233, 152
Trd, 000162.000, 154.0
Trd, 000162.183, 147
Trd, 000163.000, 155.0
Trd, 000163.417, 158.0
Trd, 000164.667, 153
Trd, 000165.967, 155
Trd, 000166.650, 153
Trd, 000167.317, 154
Trd, 000167.517, 153
Trd, 000167.717, 152
Trd, 000167.833, 152
Trd, 000167.933, 150
Trd, 000168.667, 150
Trd, 000169.067, 149
Trd, 000169.500, 149
Trd, 000169.617, 155.0
Trd, 000170.767, 142
Trd, 000171.267, 139
Trd, 000172.300, 141
Trd, 000172.433, 145
Trd, 000173.500, 143
Trd, 000173.517, 145
Trd, 000173.800, 144
Trd, 000173.950, 155.0
Trd, 000174.550, 151
Trd, 000175.150, 153
Trd, 000175.717, 144
Trd, 000176.000, 144
Trd, 000176.683, 148
Trd, 000177.533, 150
Trd, 000177.900, 146
Trd, 000178.233, 158.0
Trd, 000178.800, 149
Trd, 000179.833, 150
Trd, 000181.000, 151
Trd, 000181.717, 151
Trd, 000181.867, 152
Trd, 000182.917, 149
Trd, 000184.817, 148
Trd, 000185.217, 149
Trd, 000185.417, 150
Trd, 000186.083, 151
Trd, 000186.550, 151
Trd, 000186.750, 155.0
Trd, 000188.067, 158.0
Trd, 000188.833, 151
Trd, 000189.367, 149
Trd, 000190.017, 150
Trd, 000190.317, 154
Trd, 000192.350, 152
Trd, 000192.950, 152
Trd, 000193.267, 153
Trd, 000193.650, 151
Trd, 000193.733, 152
Trd, 000194.350, 155.0
Trd, 000194.533, 164
Trd, 000195.167, 159
Trd, 000195.900, 162.0
Trd, 000197.067, 156
Trd, 000197.133, 155
Trd, 000197.233, 140
Trd, 000197.767, 153
Trd, 000197.817, 157.0
Trd, 000197.833, 158.0
Trd, 000199.483, 154
Trd, 000200.283, 155.0
Trd, 000200.600, 153
Trd, 000200.700, 151
Trd, 000201.817, 156
Trd, 000202.967, 154
Trd, 000203.317, 152
Trd, 000203.350, 151
Trd, 000203.483, 150
Trd, 000203.500, 155
Trd, 000205.700, 153
Trd, 000205.883, 151
Trd, 000206.267, 155.0
Trd, 000206.800, 150
Trd, 000207.617, 152
Trd, 000208.100, 155
Trd, 000208.150, 154
Trd, 000209.583, 155
Trd, 000209.917, 155
Trd, 000210.733, 155
Trd, 000211.183, 155
Trd, 000211.650, 155
Trd, 000211.833, 154
Trd, 000212.150, 157.0
Trd, 000214.667, 157
Trd, 000214.683, 154
Trd, 000215.033, 155
Trd, 000215.467, 156
Trd, 000215.600, 155
Trd, 000215.650, 154
Trd, 000215.817, 158.0
Trd, 000215.850, 153
Trd, 000216.067, 146
Trd, 000216.350, 162.0
Trd, 000216.683, 136
Trd, 000217.033, 133
Trd, 000217.267, 124
Trd, 000218.467, 126
Trd, 000218.750, 130.0
Trd, 000219.717, 131.0
Trd, 000219.833, 155.0
Trd, 000221.033, 140
Trd, 000221.133, 141
Trd, 000221.183, 158.0
Trd, 000222.017, 143
Trd, 000223.233, 172.0
Trd, 000224.167, 168.0
Trd, 000224.217, 168
Trd, 000224.783, 167
Trd, 000224.950, 169
Trd, 000225.350, 167
Trd, 000225.417, 166
Trd, 000225.617, 165.0
Trd, 000226.000, 164
Trd, 000226.200, 172.0
Trd, 000226.367, 163.0
Trd, 000227.100, 162.0
Trd, 000228.017, 160
Trd, 000228.600, 151
Trd, 000228.967, 158
Trd, 000229.283, 154
Trd, 000229.700, 147
Trd, 000229.800, 151
Trd, 000230.217, 152
Trd, 000231.283, 153
Trd, 000231.950, 155.0
Trd, 000234.533, 150
Trd, 000234.667, 148
Trd, 000234.833, 155.0
Trd, 000235.267, 150
Trd, 000235.317, 148
Trd, 000235.800, 148
Trd, 000235.867, 158.0
Trd, 000236.083, 154
Trd, 000236.117, 161
Trd, 000236.517, 148
Trd, 000236.667, 148
Trd, 000238.017, 150
Trd, 000238.317, 150
Trd, 000238.833, 151
Trd, 000239.117, 150
Trd, 000240.167, 151
Trd, 000240.383, 150
Trd, 000241.067, 151
Trd, 000241.333, 153.0
Trd, 000241.750, 155.0
Trd, 000242.600, 158.0
Trd, 000243.383, 152
Trd, 000243.417, 162.0
Trd, 000243.533, 157
Trd, 000244.183, 158.0
Trd, 000244.733, 157
Trd, 000244.750, 156
Trd, 000245.183, 156
Trd, 000245.233, 155
Trd, 000245.833, 154
Trd, 000246.617, 152.0
Trd, 000246.650, 155.0
Trd, 000247.017, 153.0
Trd, 000247.333, 155.0
Trd, 000247.650, 155.0
Trd, 000248.050, 154
Trd, 000248.683, 155
Trd, 000248.933, 153
Trd, 000250.317, 145.0
Trd, 000251.250, 137.0
Trd, 000251.417, 152
Trd, 000251.983, 134.0
Trd, 000252.267, 131.0
Trd, 000252.867, 132
Trd, 000252.917, 150
Trd, 000254.183, 148
Trd, 000254.767, 148
Trd, 000254.983, 151.0
Trd, 000255.100, 151
Trd, 000255.583, 150.0
Trd, 000255.983, 155.0
Trd, 000257.000, 155
Trd, 000257.417, 155
Trd, 000257.817, 154
Trd, 000257.883, 152
Trd, 000258.000, 154
Trd, 000258.883, 157.0
Trd, 000259.233, 157
Trd, 000259.633, 155
Trd, 000259.700, 155.0
Trd, 000260.633, 155
Trd, 000261.450, 156.0
Trd, 000261.850, 157
Trd, 000262.300, 157
Trd, 000263.150, 157
Trd, 000263.350, 156
Trd, 000264.550, 157
Trd, 000264.600, 155.0
Trd, 000264.883, 154
Trd, 000265.000, 153
Trd, 000265.400, 156
Trd, 000265.517, 158
Trd, 000265.533, 148.0
Trd, 000266.467, 153.0
Trd, 000266.717, 158.0
Trd, 000266.733, 158
Trd, 000266.767, 159
Trd, 000267.250, 153
Trd, 000267.433, 153.0
Trd, 000267.750, 148.0
Trd, 000267.833, 146.0
Trd, 000268.167, 155.0
Trd, 000268.450, 158.0
Trd, 000268.733, 162.0
Trd, 000268.783, 149
Trd, 000269.300, 144.0
Trd, 000270.583, 145
Trd, 000271.350, 147
Trd, 000272.000, 153
Trd, 000272.250, 154
Trd, 000273.617, 149
Trd, 000274.183, 144.0
Trd, 000274.333, 153
Trd, 000275.117, 153
Trd, 000275.383, 155.0
Trd, 000275.667, 157.0
Trd, 000275.917, 158.0
Trd, 000276.500, 154
Trd, 000277.283, 153
Trd, 000277.383, 151
Trd, 000278.367, 155
Trd, 000279.150, 157
Trd, 000279.717, 156
Trd, 000280.133, 158
Trd, 000280.417, 157
Trd, 000280.433, 156
Trd, 000281.350, 157.0
Trd, 000281.433, 156.0
Trd, 000281.533, 158.0
Trd, 000282.817, 162.0
Trd, 000283.617, 165
Trd, 000283.633, 175.0
Trd, 000283.750, 158.0
Trd, 000283.883, 158.0
Trd, 000284.033, 157
Trd, 000284.383, 156
Trd, 000284.700, 155.0
Trd, 000285.067, 155
Trd, 000285.533, 162
Trd, 000285.800, 156.0
Trd, 000286.067, 156
Trd, 000286.967, 155.0
Trd, 000287.250, 160
Trd, 000287.800, 161
Trd, 000287.950, 145.0
Trd, 000288.383, 153
Trd, 000288.567, 160.0
Trd, 000288.600, 152
Trd, 000289.767, 153
Trd, 000289.933, 152
Trd, 000290.067, 150
Trd, 000290.100, 157
Trd, 000290.817, 162.0
Trd, 000291.167, 172.0
Trd, 000291.800, 166
Trd, 000291.883, 152
Trd, 000292.083, 151
Trd, 000292.133, 142
Trd, 000292.617, 153
Trd, 000293.050, 134.0
Trd, 000293.717, 144.0
Trd, 000293.883, 155.0
Trd, 000293.917, 157
Trd, 000294.117, 158.0
Trd, 000294.867, 141
Trd, 000295.150, 155.0
Trd, 000296.367, 137.0
Trd, 000296.800, 153
Trd, 000298.017, 148
Trd, 000298.633, 148
Trd, 000298.750, 147.0
Trd, 000298.933, 146.0
Trd, 000299.133, 146
Trd, 000299.300, 147
Trd, 000299.833, 148
