Trd, 000002.200, 168.0
Trd, 000003.333, 158
Trd, 000003.417, 155.0
Trd, 000004.033, 155
Trd, 000004.800, 148
Trd, 000005.450, 147
Trd, 000005.583, 157
Trd, 000008.367, 148
Trd, 000008.450, 150
Trd, 000008.767, 151
Trd, 000008.983, 152
Trd, 000009.483, 159
Trd, 000009.867, 148
Trd, 000011.817, 157
Trd, 000011.950, 155
Trd, 000012.050, 159
Trd, 000012.467, 162
Trd, 000012.717, 161
Trd, 000012.783, 149
Trd, 000014.017, 153
Trd, 000014.783, 144.0
Trd, 000015.483, 147
Trd, 000016.050, 151
Trd, 000017.383, 150
Trd, 000018.117, 151
Trd, 000018.300, 144.0
Trd, 000018.833, 142
Trd, 000019.900, 161
Trd, 000019.967, 155.0
Trd, 000020.500, 152
Trd, 000020.583, 153
Trd, 000021.450, 153
Trd, 000021.500, 151
Trd, 000021.900, 150
Trd, 000022.150, 153
Trd, 000022.183, 153
Trd, 000023.533, 153
Trd, 000024.650, 149
Trd, 000025.250, 144.0
Trd, 000025.500, 155
Trd, 000026.967, 137.0
Trd, 000028.033, 143
Trd, 000029.200, 148
Trd, 000029.667, 148
Trd, 000030.350, 149
Trd, 000030.433, 152
Trd, 000030.683, 144
Trd, 000031.833, 155.0
Trd, 000032.400, 150
Trd, 000032.850, 157
Trd, 000034.033, 149
Trd, 000034.250, 148
Trd, 000036.200, 152
Trd, 000036.917, 154
Trd, 000037.533, 147
Trd, 000037.633, 157
Trd, 000037.833, 147
Trd, 000038.217, 144.0
Trd, 000038.450, 146
Trd, 000039.067, 156
Trd, 000040.350, 148
Trd, 000040.733, 145
Trd, 000041.783, 144
Trd, 000042.117, 148
Trd, 000042.450, 151
Trd, 000043.050, 151
Trd, 000043.250, 144.0
Trd, 000044.150, 158
Trd, 000044.467, 144
Trd, 000046.550, 156
Trd, 000046.583, 155.0
Trd, 000047.267, 153
Trd, 000047.800, 154
Trd, 000048.433, 150
Trd, 000049.867, 149
Trd, 000050.083, 151
Trd, 000051.167, 144
Trd, 000052.400, 146
Trd, 000053.033, 145
Trd, 000053.117, 147
Trd, 000054.483, 146
Trd, 000055.400, 146
Trd, 000055.450, 146
Trd, 000055.750, 145
Trd, 000055.767, 144.0
Trd, 000056.067, 143
Trd, 000056.517, 158
Trd, 000057.417, 152
Trd, 000057.517, 141.0
Trd, 000058.750, 150
Trd, 000059.917, 144.0
Trd, 000060.600, 155
Trd, 000060.983, 145
Trd, 000062.183, 154
Trd, 000063.433, 144
Trd, 000063.667, 156
Trd, 000064.217, 144
Trd, 000064.933, 155
Trd, 000065.383, 159
Trd, 000065.467, 142.0
Trd, 000066.617, 145
Trd, 000066.700, 157
Trd, 000068.467, 151
Trd, 000068.917, 154
Trd, 000069.783, 143.0
Trd, 000070.483, 144.0
Trd, 000071.100, 148
Trd, 000071.167, 149
Trd, 000072.800, 151
Trd, 000072.883, 147
Trd, 000072.933, 147
Trd, 000073.333, 149
Trd, 000075.167, 155.0
Trd, 000075.317, 150
Trd, 000075.883, 149
Trd, 000076.400, 144.0
Trd, 000077.000, 148
Trd, 000077.183, 149
Trd, 000078.433, 147
Trd, 000078.883, 146
Trd, 000079.117, 147
Trd, 000079.433, 155
Trd, 000080.367, 144
Trd, 000080.917, 144.0
Trd, 000081.833, 146
Trd, 000081.933, 147
Trd, 000082.417, 144
Trd, 000084.283, 144
Trd, 000084.683, 145
Trd, 000085.217, 142
Trd, 000085.300, 141.0
Trd, 000085.633, 144
Trd, 000086.017, 145
Trd, 000087.200, 137.0
Trd, 000087.817, 143
Trd, 000088.633, 143
Trd, 000088.683, 140
Trd, 000090.533, 143
Trd, 000091.367, 142.0
Trd, 000091.867, 143.0
Trd, 000092.067, 144.0
Trd, 000092.567, 141.0
Trd, 000093.117, 141
Trd, 000093.217, 139
Trd, 000093.533, 138
Trd, 000094.383, 143
Trd, 000095.283, 144.0
Trd, 000095.300, 140.0
Trd, 000095.700, 144
Trd, 000095.917, 155
Trd, 000097.033, 141.0
Trd, 000097.250, 147
Trd, 000097.350, 158
Trd, 000098.450, 150
Trd, 000098.650, 148
Trd, 000098.950, 147
Trd, 000099.717, 148
Trd, 000100.733, 157
Trd, 000101.917, 143.0
Trd, 000102.350, 144.0
Trd, 000103.317, 144.0
Trd, 000104.983, 144
Trd, 000105.050, 143.0
Trd, 000105.600, 150
Trd, 000105.983, 155
Trd, 000107.283, 157
Trd, 000107.467, 153
Trd, 000108.133, 155.0
Trd, 000108.350, 151
Trd, 000108.883, 156
Trd, 000108.967, 149
Trd, 000109.867, 150
Trd, 000109.967, 144.0
Trd, 000110.733, 152
Trd, 000111.000, 143
Trd, 000111.383, 144.0
Trd, 000112.767, 145
Trd, 000113.850, 144
Trd, 000114.183, 144
Trd, 000114.233, 143
Trd, 000114.250, 141.0
Trd, 000115.083, 149
Trd, 000115.167, 158
Trd, 000117.850, 155
Trd, 000118.483, 151
Trd, 000119.750, 155
Trd, 000120.833, 148
Trd, 000121.017, 144
Trd, 000121.033, 144
Trd, 000122.583, 144.0
Trd, 000122.833, 145
Trd, 000123.150, 143
Trd, 000123.383, 141.0
Trd, 000123.500, 146
Trd, 000123.617, 137.0
Trd, 000124.483, 136
Trd, 000124.950, 146
Trd, 000125.300, 146
Trd, 000125.667, 144.0
Trd, 000126.050, 155
Trd, 000126.617, 156
Trd, 000126.900, 142
Trd, 000127.683, 144.0
Trd, 000128.000, 158
Trd, 000129.517, 155.0
Trd, 000129.633, 172
Trd, 000130.517, 144
Trd, 000130.717, 144.0
Trd, 000132.350, 151
Trd, 000133.550, 155.0
Trd, 000133.617, 153
Trd, 000134.400, 148
Trd, 000134.450, 173
Trd, 000135.033, 144.0
Trd, 000136.217, 163
Trd, 000136.583, 147
Trd, 000136.983, 162
Trd, 000137.767, 154
Trd, 000138.617, 156
Trd, 000139.883, 151
Trd, 000139.900, 146
Trd, 000140.883, 143.0
Trd, 000141.183, 144.0
Trd, 000141.700, 148
Trd, 000141.833, 143
Trd, 000142.283, 153
Trd, 000142.567, 158
Trd, 000142.883, 152
Trd, 000144.267, 164
Trd, 000144.650, 161
Trd, 000144.933, 160
Trd, 000145.867, 168
Trd, 000146.317, 158
Trd, 000147.133, 144.0
Trd, 000147.733, 162
Trd, 000148.117, 157
Trd, 000149.917, 155.0
Trd, 000151.383, 157
Trd, 000151.900, 156
Trd, 000152.400, 156
Trd, 000152.417, 155.0
Trd, 000152.467, 157
Trd, 000152.750, 154
Trd, 000154.200, 154
Trd, 000155.350, 138.0
Trd, 000155.483, 137.0
Trd, 000156.167, 151
Trd, 000157.750, 149
Trd, 000157.800, 142
Trd, 000158.050, 143
Trd, 000158.317, 141
Trd, 000158.950, 147
Trd, 000159.233, 149
Trd, 000159.933, 149
Trd, 000160.050, 150
Trd, 000161.067, 149
Trd, 000161.083, 147
Trd, 000162.117, 144.0
Trd, 000162.833, 150
Trd, 000163.550, 144
Trd, 000164.383, 150
Trd, 000164.650, 156
Trd, 000165.067, 148
Trd, 000165.650, 155.0
Trd, 000166.433, 148
Trd, 000166.717, 146
Trd, 000168.233, 155.0
Trd, 000168.400, 144.0
Trd, 000168.583, 156
Trd, 000168.917, 141
Trd, 000169.883, 153
Trd, 000170.283, 142
Trd, 000170.617, 142
Trd, 000170.817, 151
Trd, 000173.350, 145
Trd, 000173.417, 142
Trd, 000175.383, 144.0
Trd, 000175.750, 142
Trd, 000176.817, 141
Trd, 000177.683, 142
Trd, 000178.083, 148
Trd, 000178.633, 141.0
Trd, 000178.733, 150
Trd, 000180.450, 144.0
Trd, 000182.100, 142
Trd, 000182.350, 142
Trd, 000182.833, 141
Trd, 000183.817, 143
Trd, 000184.250, 141
Trd, 000185.033, 139.0
Trd, 000185.183, 141
Trd, 000185.300, 143
Trd, 000186.383, 144.0
Trd, 000186.867, 141
Trd, 000186.883, 156
Trd, 000187.967, 156
Trd, 000188.100, 144.0
Trd, 000188.417, 139
Trd, 000189.067, 137.0
Trd, 000190.250, 145
Trd, 000190.833, 146
Trd, 000192.233, 155.0
Trd, 000192.583, 153
Trd, 000193.067, 157
Trd, 000194.167, 147
Trd, 000194.483, 144.0
Trd, 000194.950, 150
Trd, 000195.417, 141.0
Trd, 000195.517, 144
Trd, 000196.433, 149
Trd, 000197.000, 151
Trd, 000197.150, 144
Trd, 000198.333, 152
Trd, 000199.117, 151
Trd, 000200.200, 158
Trd, 000200.817, 144.0
Trd, 000200.833, 144
Trd, 000201.433, 143.0
Trd, 000202.017, 144.0
Trd, 000202.367, 142
Trd, 000203.750, 144.0
Trd, 000203.833, 143.0
Trd, 000205.000, 149
Trd, 000205.150, 145
Trd, 000206.100, 145
Trd, 000207.067, 144.0
Trd, 000207.517, 143
Trd, 000208.267, 146
Trd, 000208.400, 147
Trd, 000208.483, 148
Trd, 000209.333, 155
Trd, 000210.283, 149
Trd, 000211.033, 146
Trd, 000211.333, 144
Trd, 000212.000, 149
Trd, 000213.233, 145
Trd, 000213.717, 158
Trd, 000213.800, 147
Trd, 000214.383, 151
Trd, 000215.017, 147
Trd, 000215.667, 146
Trd, 000217.250, 147
Trd, 000217.667, 148
Trd, 000218.000, 143.0
Trd, 000218.517, 158
Trd, 000220.550, 155.0
Trd, 000220.583, 137.0
Trd, 000221.650, 142
Trd, 000221.733, 151
Trd, 000223.733, 143.0
Trd, 000223.833, 158
Trd, 000223.967, 164.0
Trd, 000224.400, 149
Trd, 000225.300, 155.0
Trd, 000225.683, 153
Trd, 000226.700, 153
Trd, 000227.483, 151
Trd, 000228.067, 155.0
Trd, 000228.667, 142
Trd, 000229.300, 145
Trd, 000229.433, 148
Trd, 000229.850, 148
Trd, 000230.200, 149
Trd, 000232.500, 144
Trd, 000233.367, 145
Trd, 000233.517, 144.0
Trd, 000233.800, 140
Trd, 000233.900, 152
Trd, 000234.300, 155
Trd, 000234.733, 143
Trd, 000235.650, 143.0
Trd, 000236.683, 144.0
Trd, 000237.683, 144.0
Trd, 000238.083, 143
Trd, 000238.800, 146
Trd, 000239.050, 147
Trd, 000239.650, 142
Trd, 000240.100, 143.0
Trd, 000240.450, 144
Trd, 000240.500, 142
Trd, 000240.867, 143.0
Trd, 000241.017, 142.0
Trd, 000241.783, 143.0
Trd, 000242.533, 140.0
Trd, 000242.767, 143.0
Trd, 000243.633, 142.0
Trd, 000243.683, 139.0
Trd, 000244.233, 142
Trd, 000244.617, 142
Trd, 000245.133, 138
Trd, 000245.150, 144.0
Trd, 000245.383, 137.0
Trd, 000245.750, 138.0
Trd, 000245.950, 142
Trd, 000246.750, 148.0
Trd, 000247.150, 145
Trd, 000248.000, 144
Trd, 000248.767, 142
Trd, 000248.967, 144
Trd, 000249.050, 150
Trd, 000249.367, 142
Trd, 000249.517, 145
Trd, 000249.900, 144.0
Trd, 000250.450, 146
Trd, 000250.717, 144
Trd, 000251.500, 146
Trd, 000252.083, 146.0
Trd, 000252.317, 147.0
Trd, 000252.350, 146
Trd, 000254.117, 149
Trd, 000254.417, 155
Trd, 000254.683, 150
Trd, 000254.750, 151
Trd, 000254.933, 150
Trd, 000255.433, 150
Trd, 000255.950, 152
Trd, 000256.200, 150
Trd, 000256.650, 150
Trd, 000256.783, 149
Trd, 000257.833, 147
Trd, 000258.567, 147
Trd, 000258.883, 149
Trd, 000259.867, 138.0
Trd, 000260.417, 151
Trd, 000260.433, 150
Trd, 000260.717, 151
Trd, 000261.033, 154
Trd, 000261.283, 146
Trd, 000261.417, 152
Trd, 000261.650, 154
Trd, 000262.167, 148.0
Trd, 000262.567, 146
Trd, 000263.300, 148
Trd, 000263.650, 144.0
Trd, 000263.967, 149
Trd, 000264.000, 145
Trd, 000264.383, 149
Trd, 000264.883, 149
Trd, 000264.983, 150
Trd, 000266.000, 146.0
Trd, 000266.550, 146
Trd, 000267.117, 148.0
Trd, 000267.500, 150
Trd, 000267.783, 154
Trd, 000268.317, 155
Trd, 000268.617, 155
Trd, 000269.117, 156
Trd, 000269.633, 153
Trd, 000270.633, 158
Trd, 000270.933, 149
Trd, 000271.067, 141.0
Trd, 000271.883, 146
Trd, 000272.650, 146
Trd, 000272.683, 147.0
Trd, 000272.717, 144.0
Trd, 000273.183, 148.0
Trd, 000274.017, 143
Trd, 000274.233, 147
Trd, 000274.400, 155
Trd, 000274.583, 155
Trd, 000274.733, 155.0
Trd, 000275.500, 156
Trd, 000275.733, 156
Trd, 000276.333, 149.0
Trd, 000276.667, 149
Trd, 000277.417, 156
Trd, 000277.483, 151.0
Trd, 000278.050, 144.0
Trd, 000278.400, 154
Trd, 000278.467, 145
Trd, 000278.483, 155
Trd, 000278.867, 148
Trd, 000279.783, 149.0
Trd, 000280.033, 148.0
Trd, 000280.283, 147
Trd, 000280.350, 148.0
Trd, 000280.683, 158
Trd, 000281.133, 148
Trd, 000281.750, 153
Trd, 000281.933, 156
Trd, 000282.283, 148
Trd, 000282.583, 163
Trd, 000282.667, 158
Trd, 000284.600, 147
Trd, 000284.867, 147
Trd, 000285.133, 148
Trd, 000285.367, 145
Trd, 000285.817, 150
Trd, 000286.317, 154
Trd, 000286.333, 144.0
Trd, 000286.617, 144
Trd, 000286.983, 144
Trd, 000287.417, 146
Trd, 000287.467, 141.0
Trd, 000287.500, 148.0
Trd, 000287.617, 149.0
Trd, 000287.767, 155
Trd, 000288.117, 159
Trd, 000288.500, 158.0
Trd, 000288.783, 159
Trd, 000289.067, 155.0
Trd, 000289.167, 152
Trd, 000290.467, 151.0
Trd, 000290.683, 158
Trd, 000292.167, 144
Trd, 000292.233, 147.0
Trd, 000292.483, 141.0
Trd, 000292.567, 148.0
Trd, 000292.633, 152
Trd, 000294.067, 150
Trd, 000294.333, 151
Trd, 000294.550, 146
Trd, 000294.967, 149
Trd, 000295.817, 148.0
Trd, 000296.033, 145
Trd, 000296.183, 144.0
Trd, 000296.417, 138.0
Trd, 000296.900, 151.0
Trd, 000296.950, 152
Trd, 000297.250, 155
Trd, 000297.283, 158
Trd, 000297.467, 140
Trd, 000297.633, 144
Trd, 000297.783, 165.0
Trd, 000298.033, 137
Trd, 000299.233, 150
Trd, 000299.800, 148
