Trd, 000002.617, 175.0
Trd, 000003.567, 165.0
Trd, 000003.917, 160
Trd, 000004.733, 155.0
Trd, 000004.767, 151
Trd, 000005.050, 171
Trd, 000005.083, 172
Trd, 000005.417, 161
Trd, 000006.050, 172
Trd, 000006.283, 144.0
Trd, 000006.550, 157
Trd, 000007.033, 151
Trd, 000007.083, 155
Trd, 000007.850, 144.0
Trd, 000008.100, 158.0
Trd, 000008.200, 165
Trd, 000010.200, 155.0
Trd, 000010.283, 172.0
Trd, 000010.317, 176
Trd, 000010.833, 145.0
Trd, 000011.117, 177
Trd, 000012.417, 154
Trd, 000014.483, 158
Trd, 000015.000, 154
Trd, 000015.200, 155
Trd, 000015.250, 153
Trd, 000015.517, 155
Trd, 000016.350, 144.0
Trd, 000016.583, 144
Trd, 000017.017, 139
Trd, 000017.450, 145.0
Trd, 000017.850, 145
Trd, 000017.867, 142
Trd, 000018.017, 147.0
Trd, 000018.533, 148.0
Trd, 000018.617, 158.0
Trd, 000019.333, 140
Trd, 000019.467, 155
Trd, 000020.017, 163
Trd, 000020.400, 159
Trd, 000021.600, 148
Trd, 000022.617, 149
Trd, 000023.217, 150
Trd, 000024.083, 147
Trd, 000024.300, 149
Trd, 000025.000, 150
Trd, 000025.700, 151
Trd, 000026.067, 146
Trd, 000026.083, 153
Trd, 000026.817, 158.0
Trd, 000027.150, 148
Trd, 000027.633, 150
Trd, 000027.967, 155
Trd, 000028.000, 144.0
Trd, 000028.383, 154
Trd, 000028.483, 147
Trd, 000029.833, 155.0
Trd, 000030.267, 156
Trd, 000030.983, 154
Trd, 000031.217, 142
Trd, 000031.317, 154
Trd, 000031.717, 155
Trd, 000031.733, 145
Trd, 000032.033, 158.0
Trd, 000032.417, 160
Trd, 000032.783, 144.0
Trd, 000033.433, 142
Trd, 000033.517, 156
Trd, 000035.900, 143
Trd, 000036.083, 142
Trd, 000036.183, 141
Trd, 000037.550, 141
Trd, 000037.567, 142
Trd, 000037.733, 142
Trd, 000038.200, 148.0
Trd, 000038.767, 143.0
Trd, 000039.417, 144.0
Trd, 000039.717, 142
Trd, 000039.783, 140
Trd, 000039.983, 158.0
Trd, 000040.883, 163
Trd, 000040.983, 148.0
Trd, 000042.033, 144
Trd, 000042.267, 146
Trd, 000043.017, 148
Trd, 000043.100, 149
Trd, 000043.517, 146
Trd, 000044.417, 144.0
Trd, 000044.900, 148.0
Trd, 000045.983, 145
Trd, 000046.083, 144
Trd, 000046.300, 144
Trd, 000047.283, 170.0
Trd, 000047.750, 144.0
Trd, 000047.867, 143
Trd, 000048.150, 148
Trd, 000049.100, 162
Trd, 000050.150, 153
Trd, 000050.500, 157
Trd, 000050.733, 157
Trd, 000051.100, 155.0
Trd, 000051.783, 155
Trd, 000051.917, 158
Trd, 000052.367, 172.0
Trd, 000053.683, 166.0
Trd, 000054.167, 165.0
Trd, 000055.200, 148.0
Trd, 000055.367, 144.0
Trd, 000055.467, 152
Trd, 000056.700, 150
Trd, 000056.850, 147
Trd, 000057.267, 156.0
Trd, 000057.617, 158.0
Trd, 000058.117, 150
Trd, 000058.933, 156
Trd, 000059.033, 157
Trd, 000059.300, 156
Trd, 000059.367, 155
Trd, 000060.383, 158
Trd, 000060.400, 165
Trd, 000061.050, 155
Trd, 000061.267, 156
Trd, 000061.317, 160
Trd, 000062.283, 147.0
Trd, 000062.550, 148.0
Trd, 000062.933, 167.0
Trd, 000063.500, 158
Trd, 000064.583, 148
Trd, 000065.833, 146.0
Trd, 000065.933, 144.0
Trd, 000067.017, 144
Trd, 000067.400, 148
Trd, 000067.550, 147
Trd, 000068.317, 146
Trd, 000068.650, 144.0
Trd, 000069.900, 143
Trd, 000070.267, 143
Trd, 000071.217, 143
Trd, 000071.333, 142
Trd, 000072.067, 142
Trd, 000072.183, 143
Trd, 000072.733, 144
Trd, 000072.983, 144.0
Trd, 000073.933, 145
Trd, 000074.017, 145
Trd, 000074.583, 148.0
Trd, 000074.950, 156.0
Trd, 000075.217, 145
Trd, 000075.567, 155
Trd, 000076.450, 151
Trd, 000076.467, 154
Trd, 000076.850, 158.0
Trd, 000077.067, 165
Trd, 000077.883, 155
Trd, 000078.283, 155.0
Trd, 000080.300, 157
Trd, 000080.450, 156
Trd, 000080.583, 167.0
Trd, 000081.450, 158
Trd, 000082.450, 171.0
Trd, 000082.500, 172.0
Trd, 000083.033, 165
Trd, 000083.183, 154
Trd, 000083.333, 144.0
Trd, 000083.350, 158.0
Trd, 000084.400, 149
Trd, 000086.100, 147
Trd, 000086.183, 148
Trd, 000086.750, 148
Trd, 000087.367, 147.0
Trd, 000087.567, 148.0
Trd, 000088.833, 150.0
Trd, 000089.250, 150
Trd, 000089.600, 152
Trd, 000089.967, 157.0
Trd, 000090.733, 158.0
Trd, 000090.850, 144.0
Trd, 000091.433, 152
Trd, 000091.783, 149
Trd, 000092.367, 143.0
Trd, 000093.033, 144.0
Trd, 000093.717, 155.0
Trd, 000094.017, 158.0
Trd, 000094.267, 165
Trd, 000094.433, 145
Trd, 000094.467, 172.0
Trd, 000095.550, 146.0
Trd, 000095.800, 148.0
Trd, 000097.100, 147
Trd, 000097.183, 146
Trd, 000097.233, 144.0
Trd, 000097.883, 143
Trd, 000097.967, 147
Trd, 000099.267, 147
Trd, 000099.900, 164
Trd, 000100.233, 148.0
Trd, 000100.917, 152
Trd, 000100.933, 163
Trd, 000100.950, 165
Trd, 000102.283, 160
Trd, 000102.500, 156
Trd, 000103.717, 161
Trd, 000103.783, 165
Trd, 000103.900, 172.0
Trd, 000104.183, 155.0
Trd, 000105.217, 147.0
Trd, 000105.283, 158
Trd, 000105.600, 161
Trd, 000107.617, 162
Trd, 000108.767, 156
Trd, 000109.150, 155.0
Trd, 000109.183, 152
Trd, 000110.167, 156.0
Trd, 000110.250, 156
Trd, 000110.550, 152
Trd, 000110.950, 157.0
Trd, 000111.500, 149
Trd, 000112.383, 148.0
Trd, 000113.283, 147
Trd, 000113.717, 149
Trd, 000114.300, 144
Trd, 000114.533, 155.0
Trd, 000115.017, 153
Trd, 000115.167, 154
Trd, 000115.650, 154.0
Trd, 000116.167, 148
Trd, 000117.000, 153.0
Trd, 000117.183, 154.0
Trd, 000117.483, 147
Trd, 000119.067, 152
Trd, 000119.300, 147.0
Trd, 000119.683, 148
Trd, 000120.383, 148.0
Trd, 000120.683, 147
Trd, 000121.333, 149
Trd, 000121.900, 149
Trd, 000122.083, 158.0
Trd, 000122.233, 145
Trd, 000124.367, 165
Trd, 000125.250, 159
Trd, 000125.333, 155.0
Trd, 000125.833, 157
Trd, 000125.900, 158
Trd, 000126.417, 155
Trd, 000126.733, 143.0
Trd, 000127.617, 144.0
Trd, 000128.533, 140
Trd, 000129.133, 141
Trd, 000130.283, 131
Trd, 000130.383, 140
Trd, 000130.533, 142
Trd, 000130.950, 147.0
Trd, 000131.017, 132
Trd, 000131.083, 148.0
Trd, 000132.050, 154
Trd, 000132.067, 155.0
Trd, 000132.083, 152
Trd, 000132.867, 165
Trd, 000133.683, 169.0
Trd, 000134.133, 149
Trd, 000134.283, 160
Trd, 000134.600, 154
Trd, 000134.700, 152
Trd, 000135.317, 153
Trd, 000135.333, 158.0
Trd, 000135.533, 154
Trd, 000135.633, 152
Trd, 000136.217, 154
Trd, 000136.817, 172.0
Trd, 000137.300, 162
Trd, 000137.817, 148.0
Trd, 000138.800, 172
Trd, 000138.883, 175
Trd, 000139.867, 182.0
Trd, 000140.367, 168
Trd, 000141.550, 165.0
Trd, 000142.333, 156
Trd, 000142.700, 155
Trd, 000143.583, 155.0
Trd, 000144.633, 155
Trd, 000144.917, 156
Trd, 000145.250, 158.0
Trd, 000145.500, 146.0
Trd, 000146.017, 148
Trd, 000146.050, 156
Trd, 000146.233, 157
Trd, 000147.050, 144.0
Trd, 000147.183, 145
Trd, 000147.383, 148.0
Trd, 000149.033, 157.0
Trd, 000149.517, 157
Trd, 000150.300, 156
Trd, 000150.900, 155.0
Trd, 000150.967, 162
Trd, 000151.167, 154
Trd, 000151.767, 162
Trd, 000151.817, 155.0
Trd, 000153.167, 159
Trd, 000153.800, 157
Trd, 000153.933, 158
Trd, 000154.133, 159
Trd, 000154.283, 160
Trd, 000154.583, 144.0
Trd, 000154.667, 140
Trd, 000155.533, 148.0
Trd, 000156.867, 146
Trd, 000156.883, 147
Trd, 000157.133, 150
Trd, 000158.117, 153
Trd, 000158.567, 156.0
Trd, 000159.050, 158.0
Trd, 000159.217, 156
Trd, 000159.883, 160
Trd, 000160.450, 161
Trd, 000160.667, 154
Trd, 000161.750, 157
Trd, 000162.383, 154
Trd, 000162.650, 160
Trd, 000163.300, 152
Trd, 000163.717, 155
Trd, 000163.817, 151
Trd, 000163.983, 155
Trd, 000164.583, 155
Trd, 000165.167, 158.0
Trd, 000165.933, 156.0
Trd, 000166.233, 155.0
Trd, 000167.383, 158
Trd, 000167.417, 144.0
Trd, 000167.867, 157.0
Trd, 000168.467, 156
Trd, 000168.483, 155.0
Trd, 000168.633, 140
Trd, 000171.100, 158.0
Trd, 000171.133, 158
Trd, 000171.367, 149
Trd, 000171.683, 154
Trd, 000172.550, 152
Trd, 000172.683, 153
Trd, 000172.850, 148
Trd, 000172.967, 150
Trd, 000173.500, 148
Trd, 000175.267, 148
Trd, 000175.283, 147
Trd, 000175.467, 148
Trd, 000176.283, 144.0
Trd, 000176.467, 148.0
Trd, 000176.950, 157.0
Trd, 000177.000, 158.0
Trd, 000178.083, 143
Trd, 000178.467, 144.0
Trd, 000179.467, 144
Trd, 000179.483, 146.0
Trd, 000179.800, 147.0
Trd, 000180.317, 148.0
Trd, 000180.617, 145
Trd, 000180.850, 165
Trd, 000180.950, 157
Trd, 000181.650, 171.0
Trd, 000181.933, 153
Trd, 000183.583, 159
Trd, 000183.783, 160
Trd, 000183.967, 161
Trd, 000184.217, 163
Trd, 000184.483, 165.0
Trd, 000185.783, 168.0
Trd, 000186.233, 166
Trd, 000186.833, 163
Trd, 000187.367, 157
Trd, 000187.867, 160
Trd, 000189.800, 157
Trd, 000190.583, 157.0
Trd, 000190.667, 155.0
Trd, 000190.900, 156
Trd, 000191.217, 158.0
Trd, 000191.367, 159
Trd, 000192.300, 155.0
Trd, 000192.333, 156
Trd, 000192.433, 152
Trd, 000192.600, 156
Trd, 000192.733, 157
Trd, 000193.683, 146.0
Trd, 000193.850, 159
Trd, 000194.233, 165
Trd, 000194.717, 172.0
Trd, 000195.200, 144.0
Trd, 000195.667, 170
Trd, 000196.167, 153
Trd, 000197.367, 161
Trd, 000197.733, 158
Trd, 000198.183, 161
Trd, 000198.867, 165
Trd, 000199.133, 157
Trd, 000199.417, 155.0
Trd, 000200.367, 165
Trd, 000200.767, 165
Trd, 000201.117, 159
Trd, 000201.550, 158
Trd, 000201.583, 157
Trd, 000202.583, 161
Trd, 000203.450, 157.0
Trd, 000203.900, 157.0
Trd, 000204.267, 156
Trd, 000205.050, 144.0
Trd, 000205.483, 158.0
Trd, 000205.550, 143
Trd, 000207.133, 148
Trd, 000207.717, 147
Trd, 000207.733, 144
Trd, 000207.750, 148
Trd, 000207.800, 149
Trd, 000208.850, 165
Trd, 000209.517, 172.0
Trd, 000210.017, 175.0
Trd, 000210.817, 145
Trd, 000211.200, 159
Trd, 000211.283, 147
Trd, 000211.683, 148.0
Trd, 000212.833, 147.0
Trd, 000212.917, 148.0
Trd, 000213.517, 146
Trd, 000214.183, 127
Trd, 000214.300, 155
Trd, 000214.700, 143
Trd, 000214.817, 158.0
Trd, 000215.250, 144.0
Trd, 000215.917, 148
Trd, 000216.783, 158.0
Trd, 000217.350, 146
Trd, 000217.433, 145
Trd, 000218.150, 148.0
Trd, 000218.283, 152
Trd, 000218.983, 152
Trd, 000219.217, 152
Trd, 000219.383, 147
Trd, 000220.617, 152
Trd, 000220.933, 153
Trd, 000220.967, 146
Trd, 000221.417, 154
Trd, 000222.117, 158.0
Trd, 000223.017, 172.0
Trd, 000223.600, 153
Trd, 000223.700, 158
Trd, 000224.700, 163
Trd, 000224.717, 153
Trd, 000225.867, 162
Trd, 000226.000, 157
Trd, 000226.700, 155.0
Trd, 000226.883, 148
Trd, 000227.717, 157
Trd, 000227.733, 145
Trd, 000227.833, 162
Trd, 000228.767, 161
Trd, 000230.150, 164
Trd, 000230.850, 164
Trd, 000231.167, 163
Trd, 000232.100, 158
Trd, 000232.517, 157
Trd, 000233.417, 156
Trd, 000233.917, 155.0
Trd, 000234.250, 156
Trd, 000235.400, 154
Trd, 000235.467, 155
Trd, 000235.717, 152
Trd, 000236.017, 153
Trd, 000236.533, 140
Trd, 000237.100, 145.0
Trd, 000237.500, 145.0
Trd, 000237.717, 146.0
Trd, 000238.217, 148.0
Trd, 000239.367, 147
Trd, 000239.500, 145
Trd, 000239.767, 152
Trd, 000239.833, 145.0
Trd, 000240.333, 148.0
Trd, 000240.867, 150.0
Trd, 000241.450, 150.0
Trd, 000241.483, 149
Trd, 000242.133, 147
Trd, 000242.367, 147
Trd, 000242.417, 147.0
Trd, 000243.133, 146
Trd, 000243.417, 148
Trd, 000243.650, 144.0
Trd, 000243.783, 144.0
Trd, 000244.333, 141
Trd, 000244.917, 147.0
Trd, 000245.050, 148.0
Trd, 000245.617, 155.0
Trd, 000245.750, 144
Trd, 000246.200, 156.0
Trd, 000246.250, 158.0
Trd, 000247.283, 158
Trd, 000248.050, 158
Trd, 000248.083, 155.0
Trd, 000248.200, 149.0
Trd, 000248.450, 159
Trd, 000249.083, 154
Trd, 000249.467, 161
Trd, 000250.500, 161
Trd, 000250.933, 155
Trd, 000251.133, 161
Trd, 000251.167, 155.0
Trd, 000252.383, 153
Trd, 000252.933, 151.0
Trd, 000253.317, 151
Trd, 000253.417, 155
Trd, 000254.117, 153
Trd, 000255.167, 150
Trd, 000255.350, 152
Trd, 000255.600, 151.0
Trd, 000255.750, 153
Trd, 000255.867, 154
Trd, 000255.950, 157.0
Trd, 000256.867, 150
Trd, 000257.167, 155.0
Trd, 000257.750, 158.0
Trd, 000257.933, 148
Trd, 000258.300, 158
Trd, 000258.900, 156
Trd, 000259.017, 153
Trd, 000259.500, 152.0
Trd, 000259.517, 154
Trd, 000260.000, 153
Trd, 000260.150, 154
Trd, 000261.250, 154
Trd, 000261.867, 152
Trd, 000263.333, 151.0
Trd, 000264.183, 153
Trd, 000264.267, 154
Trd, 000264.450, 154
Trd, 000264.467, 156
Trd, 000264.550, 164
Trd, 000264.933, 161
Trd, 000265.883, 160
Trd, 000266.367, 155
Trd, 000266.517, 161
Trd, 000266.633, 155.0
Trd, 000266.900, 153
Trd, 000267.283, 152.0
Trd, 000267.417, 151.0
Trd, 000267.700, 161
Trd, 000268.117, 148.0
Trd, 000269.083, 158
Trd, 000269.150, 158
Trd, 000269.367, 149
Trd, 000269.867, 150
Trd, 000270.017, 162
Trd, 000271.000, 155.0
Trd, 000271.033, 148
Trd, 000271.967, 152
Trd, 000272.217, 153
Trd, 000272.267, 153
Trd, 000272.933, 151.0
Trd, 000273.183, 148.0
Trd, 000273.667, 151
Trd, 000273.700, 144.0
Trd, 000275.017, 152
Trd, 000275.050, 152
Trd, 000275.550, 165
Trd, 000275.633, 161.0
Trd, 000276.533, 160
Trd, 000277.800, 157
Trd, 000277.983, 156
Trd, 000278.433, 155.0
Trd, 000278.817, 158
Trd, 000278.850, 153
Trd, 000279.283, 152
Trd, 000279.400, 155.0
Trd, 000279.617, 151.0
Trd, 000279.717, 153
Trd, 000279.983, 156
Trd, 000280.050, 148.0
Trd, 000280.917, 149
Trd, 000280.950, 150
Trd, 000281.417, 149
Trd, 000281.717, 152.0
Trd, 000281.733, 153
Trd, 000282.267, 155
Trd, 000282.567, 158.0
Trd, 000283.083, 149
Trd, 000283.200, 155.0
Trd, 000283.933, 162
Trd, 000284.083, 165
Trd, 000284.550, 161
Trd, 000284.667, 158
Trd, 000285.033, 164
Trd, 000286.050, 162
Trd, 000286.433, 161
Trd, 000286.633, 172.0
Trd, 000286.700, 157
Trd, 000287.133, 151.0
Trd, 000287.317, 163
Trd, 000287.700, 163
Trd, 000287.733, 146
Trd, 000288.350, 150
Trd, 000288.717, 164
Trd, 000289.067, 153
Trd, 000289.900, 140
Trd, 000290.217, 138
Trd, 000290.533, 149
Trd, 000291.600, 143
Trd, 000292.183, 141
Trd, 000292.617, 146
Trd, 000292.750, 147
Trd, 000293.050, 144.0
Trd, 000293.183, 142
Trd, 000294.083, 148.0
Trd, 000294.783, 153
Trd, 000295.950, 147
Trd, 000296.867, 151
Trd, 000296.883, 150
Trd, 000296.900, 153.0
Trd, 000296.917, 155.0
Trd, 000297.067, 148.0
Trd, 000297.433, 144.0
Trd, 000297.783, 164
Trd, 000298.133, 160
Trd, 000298.850, 156
Trd, 000299.233, 150
Trd, 000299.250, 150
Trd, 000299.450, 154
Trd, 000299.600, 155
Trd, 000299.650, 159
Trd, 000299.950, 131.0
