Trd, 000001.833, 157
Trd, 000002.067, 189.0
Trd, 000002.117, 172
Trd, 000002.167, 103.0
Trd, 000003.733, 133.0
Trd, 000004.200, 132
Trd, 000004.867, 134.0
Trd, 000004.900, 141.0
Trd, 000005.850, 134.0
Trd, 000006.467, 144.0
Trd, 000006.667, 148.0
Trd, 000007.650, 155.0
Trd, 000008.867, 157.0
Trd, 000009.450, 138
Trd, 000009.983, 158.0
Trd, 000010.167, 175.0
Trd, 000010.417, 176
Trd, 000010.467, 142
Trd, 000011.167, 189.0
Trd, 000011.300, 175.0
Trd, 000012.083, 142
Trd, 000012.167, 189
Trd, 000012.317, 173
Trd, 000014.683, 163
Trd, 000014.983, 180
Trd, 000015.200, 143
Trd, 000015.600, 141
Trd, 000016.917, 147.0
Trd, 000017.033, 148.0
Trd, 000017.217, 155.0
Trd, 000017.500, 141.0
Trd, 000018.367, 151
Trd, 000018.500, 156
Trd, 000018.550, 175.0
Trd, 000019.367, 145
Trd, 000019.850, 144
Trd, 000020.617, 155
Trd, 000020.750, 156
Trd, 000021.683, 171
Trd, 000022.100, 148.0
Trd, 000022.750, 156.0
Trd, 000023.283, 184
Trd, 000023.817, 166
Trd, 000024.100, 175.0
Trd, 000024.750, 157.0
Trd, 000025.517, 155.0
Trd, 000025.883, 140
Trd, 000025.933, 141.0
Trd, 000026.283, 158.0
Trd, 000027.167, 155
Trd, 000027.833, 134.0
Trd, 000028.317, 141.0
Trd, 000029.717, 146
Trd, 000031.433, 142
Trd, 000031.850, 141
Trd, 000031.950, 145
Trd, 000032.000, 146
Trd, 000032.383, 144
Trd, 000032.783, 139
Trd, 000033.817, 144.0
Trd, 000034.233, 144
Trd, 000034.483, 148.0
Trd, 000035.383, 134.0
Trd, 000035.450, 155.0
Trd, 000035.883, 175.0
Trd, 000036.033, 165.0
Trd, 000036.600, 158.0
Trd, 000037.783, 134
Trd, 000037.917, 158.0
Trd, 000039.450, 138
Trd, 000040.183, 140.0
Trd, 000040.500, 141.0
Trd, 000040.917, 143
Trd, 000041.367, 140
Trd, 000041.817, 145.0
Trd, 000042.383, 147.0
Trd, 000042.567, 143
Trd, 000042.900, 143
Trd, 000043.033, 141.0
Trd, 000043.467, 141
Trd, 000043.833, 141
Trd, 000044.083, 119
Trd, 000044.667, 148.0
Trd, 000045.067, 157.0
Trd, 000045.517, 148.0
Trd, 000047.383, 153
Trd, 000047.717, 147
Trd, 000047.733, 158.0
Trd, 000048.483, 139
Trd, 000048.733, 138
Trd, 000048.850, 141.0
Trd, 000049.100, 144
Trd, 000049.800, 144.0
Trd, 000050.583, 140
Trd, 000050.833, 158.0
Trd, 000051.167, 140
Trd, 000051.583, 146
Trd, 000051.717, 148.0
Trd, 000051.767, 138
Trd, 000051.850, 160
Trd, 000052.483, 165.0
Trd, 000053.550, 141
Trd, 000053.667, 140
Trd, 000053.700, 126
Trd, 000054.933, 144
Trd, 000055.567, 149
Trd, 000055.917, 148
Trd, 000056.167, 155.0
Trd, 000056.717, 144
Trd, 000057.467, 143
Trd, 000059.033, 149
Trd, 000059.383, 148
Trd, 000060.033, 149
Trd, 000060.433, 148.0
Trd, 000060.650, 157.0
Trd, 000060.917, 155.0
Trd, 000061.367, 157.0
Trd, 000061.533, 151
Trd, 000061.900, 147
Trd, 000062.483, 147
Trd, 000062.683, 156.0
Trd, 000064.400, 157.0
Trd, 000065.017, 148.0
Trd, 000065.217, 158.0
Trd, 000065.250, 175.0
Trd, 000065.900, 156
Trd, 000066.017, 186
Trd, 000066.183, 175
Trd, 000066.733, 148.0
Trd, 000067.033, 142
Trd, 000067.367, 140
Trd, 000067.683, 134
Trd, 000068.583, 154.0
Trd, 000068.617, 155.0
Trd, 000069.467, 135
Trd, 000070.017, 152
Trd, 000070.517, 151
Trd, 000070.833, 151
Trd, 000071.883, 148.0
Trd, 000072.283, 144
Trd, 000072.500, 126
Trd, 000073.600, 155.0
Trd, 000074.683, 141.0
Trd, 000074.883, 144.0
Trd, 000075.400, 154
Trd, 000075.600, 136
Trd, 000076.067, 149
Trd, 000076.300, 150
Trd, 000076.650, 152
Trd, 000076.750, 155.0
Trd, 000078.500, 148.0
Trd, 000078.917, 150
Trd, 000079.700, 152
Trd, 000079.733, 154
Trd, 000080.067, 156.0
Trd, 000080.200, 136
Trd, 000080.600, 149
Trd, 000080.883, 141.0
Trd, 000081.083, 151
Trd, 000081.617, 156.0
Trd, 000082.667, 148.0
Trd, 000083.217, 140
Trd, 000083.717, 141.0
Trd, 000084.250, 147
Trd, 000085.950, 147
Trd, 000086.483, 147
Trd, 000086.833, 155.0
Trd, 000087.150, 147
Trd, 000087.367, 158.0
Trd, 000087.533, 147
Trd, 000088.133, 167
Trd, 000088.933, 174.0
Trd, 000089.400, 169
Trd, 000089.500, 165.0
Trd, 000091.433, 153
Trd, 000091.800, 147
Trd, 000092.633, 146.0
Trd, 000092.783, 148.0
Trd, 000092.950, 152
Trd, 000093.450, 152
Trd, 000093.500, 154
Trd, 000093.817, 146
Trd, 000095.033, 148.0
Trd, 000095.917, 149
Trd, 000095.983, 148
Trd, 000096.283, 150
Trd, 000097.250, 150
Trd, 000097.600, 173.0
Trd, 000098.367, 172.0
Trd, 000098.433, 165
Trd, 000098.967, 159
Trd, 000099.017, 158.0
Trd, 000099.617, 159
Trd, 000100.483, 158.0
Trd, 000100.533, 157.0
Trd, 000100.550, 159
Trd, 000102.000, 140
Trd, 000103.050, 154
Trd, 000103.517, 148.0
Trd, 000103.867, 134.0
Trd, 000104.450, 154
Trd, 000104.550, 154
Trd, 000104.850, 155
Trd, 000105.183, 149
Trd, 000105.200, 130
Trd, 000105.883, 141.0
Trd, 000106.883, 147
Trd, 000107.033, 148
Trd, 000107.400, 155.0
Trd, 000108.117, 135
Trd, 000109.200, 147
Trd, 000110.183, 141.0
Trd, 000110.317, 148
Trd, 000111.183, 155.0
Trd, 000111.450, 143
Trd, 000111.850, 157.0
Trd, 000112.417, 154
Trd, 000112.683, 140
Trd, 000113.833, 158.0
Trd, 000114.200, 141
Trd, 000114.250, 173.0
Trd, 000114.417, 138
Trd, 000115.633, 141.0
Trd, 000115.967, 137
Trd, 000116.283, 144.0
Trd, 000116.533, 147
Trd, 000116.583, 151
Trd, 000116.617, 136
Trd, 000116.933, 126
Trd, 000117.350, 147.0
Trd, 000117.367, 148.0
Trd, 000118.950, 158.0
Trd, 000119.500, 141.0
Trd, 000120.667, 148
Trd, 000121.900, 141.0
Trd, 000122.533, 144
Trd, 000122.633, 141
Trd, 000122.950, 126
Trd, 000123.750, 142
Trd, 000123.867, 143
Trd, 000124.767, 144.0
Trd, 000125.867, 148.0
Trd, 000126.567, 155.0
Trd, 000127.250, 148
Trd, 000127.583, 157.0
Trd, 000127.983, 148
Trd, 000128.650, 139
Trd, 000129.033, 135
Trd, 000129.050, 147
Trd, 000129.367, 146
Trd, 000130.150, 146
Trd, 000130.350, 139
Trd, 000130.550, 149
Trd, 000131.183, 156
Trd, 000131.550, 158.0
Trd, 000131.717, 177
Trd, 000132.317, 189
Trd, 000132.350, 161
Trd, 000133.000, 144
Trd, 000133.917, 137
Trd, 000134.683, 134.0
Trd, 000135.200, 127
Trd, 000135.367, 132
Trd, 000135.617, 141.0
Trd, 000135.767, 143
Trd, 000136.717, 144.0
Trd, 000138.133, 134
Trd, 000138.567, 140
Trd, 000138.633, 141.0
Trd, 000140.167, 143.0
Trd, 000140.250, 144.0
Trd, 000140.867, 144
Trd, 000141.450, 142
Trd, 000141.483, 147
Trd, 000141.650, 148.0
Trd, 000142.367, 155.0
Trd, 000143.050, 165
Trd, 000143.983, 149
Trd, 000144.317, 173.0
Trd, 000145.183, 151
Trd, 000145.483, 152
Trd, 000145.617, 147
Trd, 000146.050, 148.0
Trd, 000146.200, 155.0
Trd, 000147.767, 143
Trd, 000148.250, 157.0
Trd, 000150.100, 147
Trd, 000150.233, 148
Trd, 000150.417, 144
Trd, 000150.717, 140
Trd, 000150.917, 149
Trd, 000151.200, 149
Trd, 000151.450, 151
Trd, 000152.283, 155.0
Trd, 000152.550, 158.0
Trd, 000152.967, 148.0
Trd, 000153.683, 144
Trd, 000153.750, 158
Trd, 000154.400, 141.0
Trd, 000155.000, 139
Trd, 000155.400, 144
Trd, 000155.550, 145
Trd, 000155.600, 148.0
Trd, 000155.767, 126
Trd, 000157.250, 144
Trd, 000157.300, 138
Trd, 000157.317, 155.0
Trd, 000157.933, 158.0
Trd, 000159.217, 170
Trd, 000159.717, 176.0
Trd, 000159.933, 175.0
Trd, 000159.967, 168
Trd, 000160.900, 158.0
Trd, 000161.717, 155.0
Trd, 000161.750, 143
Trd, 000161.983, 157.0
Trd, 000162.217, 157.0
Trd, 000162.233, 158.0
Trd, 000163.233, 170
Trd, 000164.000, 152
Trd, 000164.383, 143
Trd, 000166.050, 141.0
Trd, 000166.417, 143.0
Trd, 000166.750, 144.0
Trd, 000167.283, 148
Trd, 000167.533, 148.0
Trd, 000167.833, 146
Trd, 000168.183, 145
Trd, 000169.267, 147
Trd, 000169.383, 148.0
Trd, 000169.633, 140
Trd, 000169.883, 127
Trd, 000171.050, 140.0
Trd, 000171.750, 141.0
Trd, 000172.217, 134.0
Trd, 000172.233, 144.0
Trd, 000172.433, 155.0
Trd, 000172.883, 130
Trd, 000173.233, 141.0
Trd, 000174.917, 145
Trd, 000176.000, 140
Trd, 000176.283, 148.0
Trd, 000176.633, 151
Trd, 000177.033, 150
Trd, 000177.883, 155.0
Trd, 000177.967, 149
Trd, 000178.517, 141.0
Trd, 000178.967, 156
Trd, 000179.850, 155
Trd, 000180.033, 153
Trd, 000180.783, 155.0
Trd, 000181.033, 149
Trd, 000181.700, 156.0
Trd, 000181.833, 175.0
Trd, 000182.067, 158.0
Trd, 000183.667, 168
Trd, 000183.733, 167
Trd, 000183.800, 165.0
Trd, 000186.283, 140.0
Trd, 000187.617, 139
Trd, 000187.767, 138
Trd, 000188.200, 144.0
Trd, 000188.367, 148.0
Trd, 000189.133, 141.0
Trd, 000189.183, 148
Trd, 000189.417, 155.0
Trd, 000189.583, 135
Trd, 000190.017, 158.0
Trd, 000190.183, 175.0
Trd, 000190.300, 132
Trd, 000192.450, 133
Trd, 000192.683, 132
Trd, 000193.717, 145
Trd, 000194.033, 141
Trd, 000194.267, 145
Trd, 000194.683, 145
Trd, 000195.450, 142
Trd, 000195.667, 147.0
Trd, 000195.950, 126
Trd, 000195.983, 148.0
Trd, 000196.283, 169
Trd, 000196.783, 131
Trd, 000196.967, 134.0
Trd, 000197.133, 147
Trd, 000197.250, 141.0
Trd, 000197.333, 155.0
Trd, 000198.733, 142
Trd, 000198.867, 134.0
Trd, 000199.100, 144
Trd, 000200.350, 148.0
Trd, 000200.517, 155.0
Trd, 000201.033, 158.0
Trd, 000201.750, 134
Trd, 000202.283, 134
Trd, 000202.750, 156
Trd, 000203.250, 141
Trd, 000204.050, 135
Trd, 000204.767, 145
Trd, 000205.033, 144
Trd, 000205.700, 144
Trd, 000206.183, 155.0
Trd, 000206.217, 142
Trd, 000206.850, 148.0
Trd, 000206.867, 158.0
Trd, 000207.117, 175.0
Trd, 000207.517, 148.0
Trd, 000207.883, 142
Trd, 000208.800, 151
Trd, 000209.467, 156
Trd, 000209.483, 142
Trd, 000210.283, 141.0
Trd, 000210.583, 144.0
Trd, 000210.617, 155.0
Trd, 000211.783, 140
Trd, 000212.050, 152
Trd, 000212.417, 143
Trd, 000212.783, 151
Trd, 000213.550, 134.0
Trd, 000213.617, 146
Trd, 000213.650, 145
Trd, 000214.450, 158.0
Trd, 000216.433, 141.0
Trd, 000216.567, 139
Trd, 000217.833, 144.0
Trd, 000218.183, 146
Trd, 000219.183, 158.0
Trd, 000219.317, 175.0
Trd, 000219.433, 142
Trd, 000219.533, 148.0
Trd, 000220.133, 184
Trd, 000220.217, 186
Trd, 000220.567, 143
Trd, 000222.883, 165.0
Trd, 000223.150, 167
Trd, 000223.367, 146
Trd, 000223.500, 145
Trd, 000224.200, 158.0
Trd, 000224.317, 140
Trd, 000225.267, 141.0
Trd, 000225.883, 147
Trd, 000226.050, 139
Trd, 000226.333, 148.0
Trd, 000226.633, 155
Trd, 000227.000, 149
Trd, 000228.600, 148.0
Trd, 000228.733, 149
Trd, 000229.183, 139
Trd, 000229.550, 137
Trd, 000229.850, 136
Trd, 000230.917, 140.0
Trd, 000231.183, 141.0
Trd, 000231.417, 154.0
Trd, 000231.500, 146
Trd, 000232.017, 134.0
Trd, 000232.633, 138
Trd, 000233.517, 141.0
Trd, 000233.700, 133
Trd, 000234.150, 144.0
Trd, 000235.100, 144
Trd, 000235.617, 146.0
Trd, 000236.117, 148.0
Trd, 000236.417, 155.0
Trd, 000238.133, 140
Trd, 000238.500, 146
Trd, 000239.367, 146
Trd, 000239.550, 137
Trd, 000239.733, 146
Trd, 000240.167, 148.0
Trd, 000240.233, 153.0
Trd, 000240.383, 140
Trd, 000240.567, 139.0
Trd, 000240.600, 138
Trd, 000240.983, 135
Trd, 000241.483, 135
Trd, 000241.533, 138.0
Trd, 000241.800, 137
Trd, 000242.250, 139.0
Trd, 000242.467, 141.0
Trd, 000242.583, 145
Trd, 000242.767, 137
Trd, 000243.417, 149.0
Trd, 000243.883, 155.0
Trd, 000244.183, 158.0
Trd, 000244.483, 186
Trd, 000245.100, 151.0
Trd, 000245.567, 151.0
Trd, 000245.950, 152
Trd, 000246.367, 182.0
Trd, 000246.383, 178.0
Trd, 000246.617, 175.0
Trd, 000246.800, 155.0
Trd, 000246.950, 148.0
Trd, 000248.017, 152
Trd, 000248.133, 151
Trd, 000248.400, 147.0
Trd, 000248.567, 153
Trd, 000248.650, 140
Trd, 000249.017, 151
Trd, 000250.167, 145
Trd, 000250.333, 151
Trd, 000250.800, 155.0
Trd, 000251.533, 158.0
Trd, 000251.567, 152.0
Trd, 000251.917, 151.0
Trd, 000252.050, 150
Trd, 000253.133, 153
Trd, 000253.200, 154
Trd, 000253.500, 148.0
Trd, 000255.000, 145
Trd, 000255.017, 147
Trd, 000255.317, 144
Trd, 000255.700, 147
Trd, 000256.183, 139
Trd, 000256.283, 145.0
Trd, 000256.317, 138
Trd, 000256.833, 131.0
Trd, 000256.850, 148.0
Trd, 000257.733, 153
Trd, 000258.217, 156.0
Trd, 000258.233, 158.0
Trd, 000258.317, 175.0
Trd, 000258.733, 151.0
Trd, 000259.533, 140
Trd, 000259.783, 150
Trd, 000260.817, 143
Trd, 000260.933, 144
Trd, 000261.133, 144.0
Trd, 000261.533, 144
Trd, 000261.683, 145
Trd, 000262.317, 141
Trd, 000262.467, 140
Trd, 000262.517, 139
Trd, 000263.067, 144.0
Trd, 000263.117, 148.0
Trd, 000263.550, 140.0
Trd, 000263.583, 136.0
Trd, 000264.433, 144
Trd, 000264.483, 144.0
Trd, 000264.700, 145
Trd, 000265.833, 148.0
Trd, 000266.100, 146
Trd, 000266.167, 155.0
Trd, 000266.533, 144
Trd, 000266.833, 149
Trd, 000267.483, 144
Trd, 000267.583, 145.0
Trd, 000267.767, 140
Trd, 000268.850, 154
Trd, 000268.933, 155.0
Trd, 000269.117, 151.0
Trd, 000269.183, 149
Trd, 000269.300, 144.0
Trd, 000270.433, 134.0
Trd, 000270.717, 153.0
Trd, 000271.450, 153.0
Trd, 000271.900, 150
Trd, 000272.250, 149.0
Trd, 000272.683, 137.0
Trd, 000272.933, 136.0
Trd, 000273.033, 143.0
Trd, 000273.117, 152
Trd, 000273.133, 155.0
Trd, 000273.500, 149
Trd, 000274.417, 147.0
Trd, 000274.467, 148.0
Trd, 000274.517, 140.0
Trd, 000274.617, 139.0
Trd, 000275.050, 145.0
Trd, 000275.517, 150.0
Trd, 000276.500, 172
Trd, 000276.883, 170
Trd, 000277.483, 144
Trd, 000277.950, 137
Trd, 000278.217, 151
Trd, 000278.233, 152
Trd, 000278.683, 161
Trd, 000279.500, 175.0
Trd, 000279.683, 159.0
Trd, 000279.800, 151.0
Trd, 000280.367, 145.0
Trd, 000280.533, 144.0
Trd, 000280.583, 158
Trd, 000280.917, 152
Trd, 000281.100, 149
Trd, 000281.667, 158
Trd, 000282.167, 152
Trd, 000282.533, 156
Trd, 000282.567, 157.0
Trd, 000283.600, 155
Trd, 000283.717, 153
Trd, 000283.967, 162
Trd, 000284.083, 164
Trd, 000284.350, 144.0
Trd, 000285.600, 147
Trd, 000285.667, 155.0
Trd, 000286.400, 143
Trd, 000286.983, 155.0
Trd, 000287.300, 152
Trd, 000287.383, 149
Trd, 000287.750, 149
Trd, 000287.783, 158.0
Trd, 000288.600, 143.0
Trd, 000288.900, 140
Trd, 000289.617, 132.0
Trd, 000290.467, 144.0
Trd, 000290.567, 145
Trd, 000290.767, 146
Trd, 000290.950, 148.0
Trd, 000291.267, 148
Trd, 000291.700, 155.0
Trd, 000291.717, 158.0
Trd, 000292.217, 149
Trd, 000293.467, 127.0
Trd, 000293.500, 126
Trd, 000293.533, 141.0
Trd, 000293.733, 142
Trd, 000294.683, 158.0
Trd, 000294.767, 162
Trd, 000295.100, 148.0
Trd, 000295.400, 146.0
Trd, 000295.467, 163
Trd, 000295.500, 144.0
Trd, 000295.517, 133
Trd, 000296.083, 131.0
Trd, 000296.333, 148.0
Trd, 000296.800, 164
Trd, 000297.633, 143
Trd, 000297.967, 149
Trd, 000298.133, 162
Trd, 000298.183, 136
Trd, 000298.550, 162
Trd, 000298.983, 131.0
Trd, 000299.683, 148.0
Trd, 000299.883, 156
Trd, 000299.933, 147
