Trd, 000003.267, 189.0
Trd, 000003.517, 154
Trd, 000003.917, 153
Trd, 000004.417, 162
Trd, 000004.767, 156
Trd, 000005.317, 144
Trd, 000005.467, 144
Trd, 000005.700, 154.0
Trd, 000005.883, 155.0
Trd, 000006.667, 150
Trd, 000006.717, 151
Trd, 000006.950, 146
Trd, 000007.350, 153
Trd, 000007.400, 155
Trd, 000008.150, 147
Trd, 000009.567, 152
Trd, 000010.233, 151
Trd, 000010.400, 151
Trd, 000010.917, 151
Trd, 000011.383, 151
Trd, 000012.150, 151
Trd, 000012.533, 150
Trd, 000013.567, 154
Trd, 000014.600, 151
Trd, 000015.117, 150
Trd, 000015.217, 151.0
Trd, 000015.350, 151.0
Trd, 000015.550, 151
Trd, 000015.917, 150
Trd, 000016.300, 137
Trd, 000017.050, 136
Trd, 000017.167, 146
Trd, 000017.300, 145
Trd, 000018.900, 148.0
Trd, 000019.300, 149.0
Trd, 000020.400, 147
Trd, 000020.433, 147
Trd, 000020.467, 144
Trd, 000020.767, 148
Trd, 000021.117, 149
Trd, 000021.967, 147
Trd, 000022.267, 144
Trd, 000023.217, 148
Trd, 000023.733, 148
Trd, 000024.000, 146
Trd, 000024.533, 151
Trd, 000024.967, 151
Trd, 000026.283, 151
Trd, 000026.467, 150
Trd, 000026.767, 156.0
Trd, 000026.833, 149
Trd, 000028.167, 150
Trd, 000028.417, 149
Trd, 000028.600, 145
Trd, 000029.433, 148
Trd, 000029.567, 149
Trd, 000030.300, 147
Trd, 000030.467, 148
Trd, 000031.350, 151
Trd, 000031.433, 172
Trd, 000033.067, 157
Trd, 000033.550, 155
Trd, 000033.750, 155
Trd, 000033.850, 155
Trd, 000034.233, 151
Trd, 000036.317, 155
Trd, 000036.833, 154
Trd, 000036.900, 152
Trd, 000037.733, 154
Trd, 000037.800, 154
Trd, 000039.050, 157
Trd, 000040.350, 156.0
Trd, 000040.717, 157
Trd, 000041.183, 172
Trd, 000041.300, 158
Trd, 000042.233, 158.0
Trd, 000042.650, 156
Trd, 000042.783, 155
Trd, 000043.167, 155
Trd, 000044.317, 161
Trd, 000044.783, 159
Trd, 000045.117, 158.0
Trd, 000045.683, 157
Trd, 000046.017, 153
Trd, 000046.150, 143
Trd, 000046.667, 154
Trd, 000048.833, 151
Trd, 000048.850, 152
Trd, 000049.250, 145
Trd, 000050.167, 148
Trd, 000050.733, 147
Trd, 000050.800, 145
Trd, 000050.967, 148
Trd, 000051.333, 151
Trd, 000051.650, 147
Trd, 000052.417, 146
Trd, 000052.733, 146
Trd, 000053.233, 147
Trd, 000053.433, 146
Trd, 000053.800, 151
Trd, 000054.183, 158.0
Trd, 000054.867, 145
Trd, 000055.000, 158.0
Trd, 000055.217, 163
Trd, 000055.817, 160
Trd, 000056.067, 163
Trd, 000057.167, 159
Trd, 000057.950, 157
Trd, 000059.283, 156
Trd, 000061.083, 150
Trd, 000061.450, 149
Trd, 000061.883, 150
Trd, 000061.967, 150
Trd, 000062.567, 150
Trd, 000062.717, 151
Trd, 000063.167, 153
Trd, 000063.517, 151
Trd, 000063.750, 143
Trd, 000064.300, 144
Trd, 000064.700, 154.0
Trd, 000065.333, 138
Trd, 000065.650, 152.0
Trd, 000066.083, 152
Trd, 000066.200, 153.0
Trd, 000067.167, 134
Trd, 000067.917, 141
Trd, 000068.400, 156.0
Trd, 000068.717, 158.0
Trd, 000069.133, 144
Trd, 000069.767, 145
Trd, 000070.333, 149
Trd, 000070.967, 148
Trd, 000071.183, 146
Trd, 000071.383, 147
Trd, 000072.067, 146
Trd, 000072.183, 148
Trd, 000073.017, 148
Trd, 000074.500, 146
Trd, 000075.283, 149
Trd, 000075.517, 150
Trd, 000075.717, 151
Trd, 000076.467, 151
Trd, 000077.383, 151
Trd, 000078.533, 151
Trd, 000079.317, 153
Trd, 000079.583, 156.0
Trd, 000079.950, 155.0
Trd, 000081.017, 156.0
Trd, 000081.083, 154
Trd, 000081.500, 151
Trd, 000082.000, 155
Trd, 000083.250, 151
Trd, 000083.417, 149
Trd, 000083.950, 151
Trd, 000084.067, 152
Trd, 000084.617, 149
Trd, 000084.733, 148
Trd, 000085.767, 147
Trd, 000086.600, 148
Trd, 000087.067, 151
Trd, 000087.383, 150
Trd, 000088.033, 149
Trd, 000088.133, 150
Trd, 000088.550, 141
Trd, 000088.683, 146
Trd, 000089.533, 139
Trd, 000091.083, 145
Trd, 000091.333, 145
Trd, 000091.717, 143
Trd, 000091.850, 145
Trd, 000092.567, 141
Trd, 000093.567, 136
Trd, 000094.233, 134
Trd, 000094.283, 135
Trd, 000094.833, 141.0
Trd, 000095.050, 144.0
Trd, 000095.117, 143
Trd, 000095.633, 158.0
Trd, 000097.350, 151
Trd, 000099.533, 148
Trd, 000100.483, 149
Trd, 000100.817, 148
Trd, 000100.833, 150
Trd, 000101.283, 150
Trd, 000101.717, 147
Trd, 000102.250, 149
Trd, 000102.267, 150
Trd, 000102.617, 150
Trd, 000103.067, 148
Trd, 000103.600, 150
Trd, 000104.917, 149
Trd, 000105.283, 151
Trd, 000105.667, 150
Trd, 000105.800, 149
Trd, 000106.167, 148
Trd, 000106.667, 151
Trd, 000107.467, 151
Trd, 000107.650, 151
Trd, 000108.033, 149
Trd, 000108.150, 150
Trd, 000108.767, 152
Trd, 000109.617, 149
Trd, 000110.017, 149
Trd, 000110.267, 148
Trd, 000110.367, 147
Trd, 000111.100, 149
Trd, 000111.300, 158.0
Trd, 000111.450, 152
Trd, 000113.233, 156
Trd, 000113.650, 152
Trd, 000114.250, 175
Trd, 000115.267, 160
Trd, 000115.483, 159.0
Trd, 000116.250, 160
Trd, 000116.283, 160
Trd, 000116.467, 158
Trd, 000117.017, 143
Trd, 000117.267, 154
Trd, 000117.583, 144
Trd, 000117.750, 139
Trd, 000118.650, 153
Trd, 000118.667, 154
Trd, 000119.417, 155
Trd, 000119.517, 161
Trd, 000120.000, 155
Trd, 000121.317, 157.0
Trd, 000121.683, 157.0
Trd, 000121.817, 157
Trd, 000121.967, 158.0
Trd, 000122.850, 159
Trd, 000123.950, 157
Trd, 000124.783, 156
Trd, 000124.933, 157
Trd, 000124.967, 156
Trd, 000126.133, 155
Trd, 000126.317, 157
Trd, 000126.533, 157
Trd, 000126.817, 157
Trd, 000126.917, 156
Trd, 000127.500, 148
Trd, 000127.517, 157
Trd, 000127.717, 140.0
Trd, 000127.917, 141.0
Trd, 000128.267, 157.0
Trd, 000130.933, 145
Trd, 000131.283, 145
Trd, 000131.517, 145
Trd, 000132.000, 145
Trd, 000132.783, 150
Trd, 000133.033, 151
Trd, 000133.783, 158.0
Trd, 000134.183, 149
Trd, 000135.283, 156
Trd, 000135.333, 155
Trd, 000136.067, 156
Trd, 000136.850, 156
Trd, 000137.050, 157.0
Trd, 000137.433, 156.0
Trd, 000137.800, 154
Trd, 000137.833, 157.0
Trd, 000139.517, 153
Trd, 000139.767, 154.0
Trd, 000139.833, 157.0
Trd, 000140.317, 153
Trd, 000140.583, 156
Trd, 000141.383, 155
Trd, 000141.533, 156.0
Trd, 000141.900, 156.0
Trd, 000143.033, 154
Trd, 000143.450, 155.0
Trd, 000144.667, 155
Trd, 000144.900, 156
Trd, 000145.100, 157
Trd, 000145.550, 156
Trd, 000146.000, 154
Trd, 000146.150, 154
Trd, 000146.883, 155
Trd, 000147.133, 157
Trd, 000147.333, 172
Trd, 000149.250, 175
Trd, 000150.117, 172.0
Trd, 000150.200, 165.0
Trd, 000150.533, 163
Trd, 000150.600, 161
Trd, 000150.900, 161
Trd, 000150.917, 172
Trd, 000151.683, 171
Trd, 000151.967, 172
Trd, 000152.583, 171
Trd, 000152.900, 169
Trd, 000153.833, 164
Trd, 000153.950, 164
Trd, 000154.700, 163
Trd, 000154.733, 164
Trd, 000155.650, 166
Trd, 000156.433, 163
Trd, 000156.683, 166
Trd, 000156.883, 161
Trd, 000157.283, 167
Trd, 000158.683, 164
Trd, 000158.867, 165
Trd, 000160.017, 160
Trd, 000160.933, 160
Trd, 000161.000, 159.0
Trd, 000161.067, 160
Trd, 000161.217, 162
Trd, 000161.450, 158.0
Trd, 000161.467, 158
Trd, 000162.767, 157
Trd, 000163.200, 157
Trd, 000163.433, 157
Trd, 000164.583, 150
Trd, 000164.683, 151
Trd, 000164.883, 145
Trd, 000164.983, 144
Trd, 000165.983, 149
Trd, 000167.200, 146
Trd, 000167.567, 143
Trd, 000168.167, 147
Trd, 000168.933, 148
Trd, 000169.017, 158.0
Trd, 000169.533, 151
Trd, 000169.717, 147
Trd, 000170.883, 151
Trd, 000171.500, 152
Trd, 000171.667, 152
Trd, 000172.117, 165
Trd, 000173.517, 161
Trd, 000173.717, 162
Trd, 000173.767, 155
Trd, 000174.517, 158.0
Trd, 000174.667, 156
Trd, 000174.967, 155
Trd, 000175.683, 157
Trd, 000175.817, 156
Trd, 000176.133, 155
Trd, 000176.700, 157
Trd, 000177.950, 157
Trd, 000178.167, 155
Trd, 000178.233, 160
Trd, 000179.483, 159
Trd, 000179.967, 158.0
Trd, 000180.917, 157
Trd, 000181.200, 156
Trd, 000181.483, 158.0
Trd, 000182.000, 171
Trd, 000182.033, 172
Trd, 000182.800, 173
Trd, 000182.883, 156
Trd, 000184.033, 157.0
Trd, 000184.133, 158.0
Trd, 000184.917, 159
Trd, 000185.750, 154
Trd, 000186.567, 145
Trd, 000186.933, 149
Trd, 000187.500, 148
Trd, 000189.483, 147
Trd, 000189.517, 145
Trd, 000191.050, 146
Trd, 000191.350, 146
Trd, 000191.650, 148
Trd, 000191.683, 145
Trd, 000191.900, 143
Trd, 000192.233, 146
Trd, 000192.467, 147
Trd, 000193.350, 146
Trd, 000194.767, 147
Trd, 000195.500, 145
Trd, 000195.567, 147
Trd, 000195.917, 148
Trd, 000196.350, 151
Trd, 000197.500, 154
Trd, 000197.933, 149
Trd, 000198.150, 150
Trd, 000198.617, 151
Trd, 000199.767, 151
Trd, 000199.833, 152
Trd, 000200.250, 156.0
Trd, 000201.383, 151
Trd, 000201.583, 150
Trd, 000202.850, 152
Trd, 000203.033, 153
Trd, 000203.833, 151
Trd, 000203.867, 147
Trd, 000204.117, 143
Trd, 000205.000, 148
Trd, 000205.433, 149
Trd, 000206.117, 150
Trd, 000206.167, 152
Trd, 000207.200, 148
Trd, 000207.617, 148
Trd, 000207.800, 150
Trd, 000207.967, 151
Trd, 000208.017, 152
Trd, 000209.033, 152
Trd, 000209.733, 154.0
Trd, 000211.567, 155.0
Trd, 000211.633, 156.0
Trd, 000212.083, 154
Trd, 000212.117, 152
Trd, 000212.500, 156.0
Trd, 000213.317, 153
Trd, 000213.750, 152
Trd, 000213.967, 156
Trd, 000214.750, 154
Trd, 000215.183, 179
Trd, 000216.850, 161
Trd, 000217.467, 160.0
Trd, 000218.083, 161
Trd, 000218.817, 160
Trd, 000219.150, 159.0
Trd, 000219.417, 158.0
Trd, 000220.000, 158
Trd, 000220.817, 158
Trd, 000221.150, 158
Trd, 000221.433, 157
Trd, 000222.117, 157
Trd, 000222.333, 156
Trd, 000222.750, 157
Trd, 000223.067, 157
Trd, 000223.317, 155
Trd, 000223.900, 148
Trd, 000224.333, 144
Trd, 000224.683, 146
Trd, 000225.283, 148
Trd, 000225.367, 149
Trd, 000225.583, 148
Trd, 000227.200, 151
Trd, 000227.817, 151
Trd, 000229.083, 155
Trd, 000229.517, 158.0
Trd, 000229.983, 155
Trd, 000230.917, 151
Trd, 000231.017, 152
Trd, 000231.550, 151
Trd, 000231.617, 144
Trd, 000233.000, 145
Trd, 000233.883, 145
Trd, 000233.950, 144
Trd, 000234.217, 144
Trd, 000234.250, 130
Trd, 000237.133, 145
Trd, 000237.350, 150
Trd, 000237.550, 158.0
Trd, 000237.667, 177
Trd, 000238.717, 161
Trd, 000238.817, 160
Trd, 000239.750, 154
Trd, 000239.800, 155
Trd, 000240.000, 153
Trd, 000240.217, 154
Trd, 000240.283, 155
Trd, 000240.617, 154
Trd, 000240.750, 155
Trd, 000241.033, 156.0
Trd, 000241.200, 158.0
Trd, 000242.717, 156
Trd, 000243.133, 157
Trd, 000244.000, 158
Trd, 000244.167, 157
Trd, 000244.817, 153.0
Trd, 000245.033, 164.0
Trd, 000245.467, 163
Trd, 000245.800, 155.0
Trd, 000245.983, 155.0
Trd, 000246.500, 155.0
Trd, 000246.883, 155.0
Trd, 000246.983, 158.0
Trd, 000247.450, 158.0
Trd, 000247.550, 154.0
Trd, 000247.850, 154
Trd, 000248.417, 157
Trd, 000248.917, 155
Trd, 000249.483, 157
Trd, 000250.250, 153
Trd, 000250.333, 155
Trd, 000250.467, 152
Trd, 000252.167, 149
Trd, 000252.283, 149
Trd, 000252.367, 148
Trd, 000252.600, 150
Trd, 000253.567, 153
Trd, 000253.883, 155
Trd, 000253.950, 155.0
Trd, 000255.233, 155
Trd, 000255.383, 165
Trd, 000255.467, 151
Trd, 000256.167, 165.0
Trd, 000256.350, 155
Trd, 000256.967, 164.0
Trd, 000257.700, 160
Trd, 000258.483, 154
Trd, 000258.867, 159
Trd, 000259.667, 155.0
Trd, 000259.917, 154.0
Trd, 000260.100, 154
Trd, 000260.550, 155
Trd, 000261.567, 155.0
Trd, 000261.667, 154
Trd, 000261.800, 153
Trd, 000263.283, 154.0
Trd, 000263.700, 155.0
Trd, 000263.833, 153
Trd, 000264.683, 152
Trd, 000264.833, 136
Trd, 000265.717, 146
Trd, 000265.950, 149
Trd, 000266.183, 149
Trd, 000266.533, 150
Trd, 000266.633, 150
Trd, 000266.700, 134.0
Trd, 000267.183, 141.0
Trd, 000268.300, 151
Trd, 000268.633, 146
Trd, 000269.200, 157
Trd, 000270.050, 153
Trd, 000270.233, 154
Trd, 000270.583, 154
Trd, 000270.683, 155.0
Trd, 000271.400, 155.0
Trd, 000271.733, 155
Trd, 000272.450, 154
Trd, 000273.233, 152
Trd, 000273.583, 152
Trd, 000274.033, 152
Trd, 000274.183, 151.0
Trd, 000274.483, 152
Trd, 000275.700, 151
Trd, 000276.333, 152
Trd, 000276.783, 151
Trd, 000277.317, 144
Trd, 000277.533, 138
Trd, 000278.200, 143
Trd, 000278.317, 145
Trd, 000279.050, 141
Trd, 000279.500, 142
Trd, 000279.550, 144.0
Trd, 000280.400, 137.0
Trd, 000280.617, 139.0
Trd, 000281.567, 141.0
Trd, 000281.583, 144.0
Trd, 000283.067, 155.0
Trd, 000283.367, 158.0
Trd, 000284.233, 149
Trd, 000284.900, 147
Trd, 000285.433, 151
Trd, 000285.500, 147
Trd, 000285.667, 151
Trd, 000285.983, 148
Trd, 000286.567, 147
Trd, 000287.000, 148
Trd, 000287.583, 147
Trd, 000287.783, 149
Trd, 000287.800, 150
Trd, 000287.917, 152
Trd, 000288.533, 147
Trd, 000288.967, 148
Trd, 000289.017, 147
Trd, 000289.133, 149
Trd, 000289.700, 150
Trd, 000290.450, 149
Trd, 000291.317, 150
Trd, 000291.983, 147
Trd, 000292.667, 147
Trd, 000293.333, 155.0
Trd, 000293.600, 172.0
Trd, 000294.567, 155
Trd, 000294.633, 156
Trd, 000295.000, 155
Trd, 000295.733, 155
Trd, 000295.883, 155.0
Trd, 000296.050, 154
Trd, 000296.283, 153
Trd, 000296.433, 151.0
Trd, 000296.700, 144
Trd, 000297.083, 140.0
Trd, 000297.117, 141.0
Trd, 000297.317, 145
Trd, 000297.633, 153
Trd, 000298.367, 151
Trd, 000298.467, 157.0
Trd, 000298.867, 160
Trd, 000299.617, 162
