Trd, 000001.050, 165.0
Trd, 000002.483, 156
Trd, 000002.883, 155
Trd, 000003.933, 145
Trd, 000004.483, 144.0
Trd, 000004.750, 147
Trd, 000004.883, 147.0
Trd, 000004.933, 151.0
Trd, 000006.150, 147
Trd, 000006.167, 139
Trd, 000006.300, 151
Trd, 000006.867, 165.0
Trd, 000008.133, 166.0
Trd, 000008.700, 158
Trd, 000008.933, 157
Trd, 000010.133, 157
Trd, 000010.183, 155
Trd, 000010.567, 154
Trd, 000011.033, 152.0
Trd, 000011.683, 153
Trd, 000012.483, 155
Trd, 000012.833, 144.0
Trd, 000013.117, 151.0
Trd, 000013.417, 153
Trd, 000014.417, 153
Trd, 000014.600, 168.0
Trd, 000014.883, 151.0
Trd, 000016.150, 151
Trd, 000017.083, 151
Trd, 000017.833, 151.0
Trd, 000018.667, 150
Trd, 000019.100, 152
Trd, 000019.517, 150
Trd, 000019.967, 154
Trd, 000019.983, 168.0
Trd, 000020.683, 151
Trd, 000021.217, 151
Trd, 000021.750, 153
Trd, 000021.783, 154
Trd, 000021.817, 154
Trd, 000021.967, 151.0
Trd, 000022.900, 150
Trd, 000023.367, 155
Trd, 000024.317, 154
Trd, 000024.817, 155
Trd, 000025.183, 153
Trd, 000026.450, 156
Trd, 000026.717, 151
Trd, 000026.833, 151
Trd, 000028.517, 160.0
Trd, 000028.850, 160.0
Trd, 000028.950, 165
Trd, 000030.050, 157
Trd, 000030.150, 157
Trd, 000030.250, 155
Trd, 000031.700, 155.0
Trd, 000031.917, 156
Trd, 000032.250, 154
Trd, 000033.267, 153
Trd, 000034.017, 153
Trd, 000034.483, 152
Trd, 000034.750, 152
Trd, 000035.033, 153
Trd, 000036.417, 153.0
Trd, 000036.667, 155
Trd, 000036.883, 155
Trd, 000037.283, 151.0
Trd, 000038.117, 151
Trd, 000039.333, 152
Trd, 000039.967, 151.0
Trd, 000040.183, 152
Trd, 000041.850, 150
Trd, 000042.233, 151.0
Trd, 000042.667, 151.0
Trd, 000043.233, 149
Trd, 000043.417, 148
Trd, 000043.867, 153
Trd, 000044.250, 172
Trd, 000046.233, 151
Trd, 000046.267, 150
Trd, 000046.433, 153
Trd, 000046.567, 154
Trd, 000047.183, 156.0
Trd, 000047.250, 167.0
Trd, 000047.950, 155.0
Trd, 000048.967, 153
Trd, 000048.983, 151
Trd, 000050.200, 153
Trd, 000051.950, 151.0
Trd, 000052.117, 151
Trd, 000052.283, 144.0
Trd, 000053.350, 140
Trd, 000053.750, 149
Trd, 000054.017, 150
Trd, 000055.233, 148
Trd, 000055.433, 150
Trd, 000055.733, 151.0
Trd, 000056.683, 151
Trd, 000057.000, 150
Trd, 000058.133, 147
Trd, 000058.150, 149
Trd, 000058.417, 147
Trd, 000058.683, 147
Trd, 000058.800, 150
Trd, 000060.300, 157
Trd, 000060.800, 157
Trd, 000061.283, 156
Trd, 000061.550, 155.0
Trd, 000061.983, 167.0
Trd, 000062.400, 152
Trd, 000062.683, 151
Trd, 000063.267, 149
Trd, 000063.800, 140
Trd, 000064.317, 151.0
Trd, 000064.567, 149
Trd, 000065.233, 154
Trd, 000065.467, 168.0
Trd, 000067.300, 152
Trd, 000067.867, 144.0
Trd, 000068.000, 155
Trd, 000068.167, 156
Trd, 000069.433, 148
Trd, 000070.083, 146
Trd, 000070.333, 145
Trd, 000070.600, 146
Trd, 000070.633, 147
Trd, 000070.883, 149
Trd, 000071.067, 144
Trd, 000071.800, 143
Trd, 000072.333, 151.0
Trd, 000072.600, 145
Trd, 000073.100, 140
Trd, 000073.400, 147
Trd, 000073.783, 148
Trd, 000074.183, 149
Trd, 000075.750, 146
Trd, 000076.483, 147
Trd, 000077.233, 148
Trd, 000077.733, 144
Trd, 000078.500, 147
Trd, 000078.600, 144.0
Trd, 000078.767, 147.0
Trd, 000078.800, 148.0
Trd, 000080.650, 147
Trd, 000080.700, 145
Trd, 000081.250, 148
Trd, 000082.033, 148
Trd, 000082.717, 151.0
Trd, 000083.233, 168.0
Trd, 000083.600, 155
Trd, 000083.617, 155.0
Trd, 000083.933, 153
Trd, 000083.983, 151.0
Trd, 000084.583, 156
Trd, 000086.033, 157
Trd, 000086.383, 156
Trd, 000086.967, 156
Trd, 000087.083, 163.0
Trd, 000087.550, 155
Trd, 000088.333, 156
Trd, 000089.133, 155.0
Trd, 000089.417, 155
Trd, 000090.417, 155
Trd, 000090.433, 155
Trd, 000090.533, 154
Trd, 000091.317, 151.0
Trd, 000092.633, 144.0
Trd, 000093.467, 147
Trd, 000094.050, 152
Trd, 000094.250, 151.0
Trd, 000094.350, 150
Trd, 000094.383, 151
Trd, 000094.783, 151
Trd, 000095.267, 151
Trd, 000095.483, 154
Trd, 000096.367, 155.0
Trd, 000096.783, 160
Trd, 000097.650, 166.0
Trd, 000098.333, 165.0
Trd, 000098.833, 159
Trd, 000099.000, 159
Trd, 000099.617, 157
Trd, 000100.850, 152
Trd, 000100.883, 154
Trd, 000101.400, 157
Trd, 000101.533, 151.0
Trd, 000103.450, 155.0
Trd, 000103.983, 155
Trd, 000104.533, 154
Trd, 000104.933, 154
Trd, 000105.667, 155
Trd, 000106.367, 155.0
Trd, 000106.517, 163.0
Trd, 000106.817, 163.0
Trd, 000107.600, 164.0
Trd, 000108.000, 168.0
Trd, 000108.933, 154
Trd, 000109.300, 154
Trd, 000110.033, 157
Trd, 000110.067, 153
Trd, 000110.867, 151.0
Trd, 000112.300, 151.0
Trd, 000113.067, 155.0
Trd, 000113.950, 156
Trd, 000114.083, 151.0
Trd, 000114.650, 156
Trd, 000115.150, 150
Trd, 000116.050, 153
Trd, 000116.717, 153
Trd, 000117.167, 150
Trd, 000118.333, 149
Trd, 000118.367, 144.0
Trd, 000118.533, 149
Trd, 000119.150, 149
Trd, 000119.217, 150
Trd, 000120.733, 149
Trd, 000120.767, 148
Trd, 000121.883, 147
Trd, 000123.217, 147
Trd, 000123.450, 147
Trd, 000123.850, 148
Trd, 000124.217, 146
Trd, 000124.500, 146
Trd, 000125.800, 145
Trd, 000125.850, 146
Trd, 000126.067, 145
Trd, 000126.367, 148
Trd, 000126.483, 144.0
Trd, 000126.717, 144
Trd, 000126.983, 151.0
Trd, 000127.067, 155
Trd, 000128.300, 165.0
Trd, 000128.750, 161
Trd, 000129.017, 166.0
Trd, 000129.767, 155.0
Trd, 000130.083, 155
Trd, 000130.267, 153
Trd, 000130.467, 168.0
Trd, 000131.350, 158
Trd, 000131.717, 158
Trd, 000132.000, 156
Trd, 000132.533, 158
Trd, 000132.567, 161
Trd, 000133.250, 157
Trd, 000133.533, 155
Trd, 000134.483, 147
Trd, 000135.050, 148.0
Trd, 000135.217, 151.0
Trd, 000135.767, 154
Trd, 000136.117, 154
Trd, 000136.717, 152
Trd, 000137.067, 155
Trd, 000137.250, 151.0
Trd, 000138.633, 160
Trd, 000140.333, 151
Trd, 000141.400, 157
Trd, 000141.867, 155.0
Trd, 000142.217, 156
Trd, 000142.283, 151
Trd, 000143.050, 152
Trd, 000143.533, 155
Trd, 000144.133, 154
Trd, 000145.767, 152
Trd, 000146.817, 152
Trd, 000147.083, 151
Trd, 000147.150, 154
Trd, 000147.300, 151.0
Trd, 000147.650, 152
Trd, 000148.467, 151
Trd, 000149.167, 151.0
Trd, 000150.333, 153
Trd, 000151.117, 150
Trd, 000151.433, 150
Trd, 000151.567, 151
Trd, 000152.550, 149
Trd, 000152.600, 151
Trd, 000152.750, 151.0
Trd, 000152.817, 168.0
Trd, 000152.967, 146
Trd, 000153.550, 144.0
Trd, 000153.833, 140
Trd, 000153.950, 150.0
Trd, 000154.483, 149
Trd, 000155.783, 148.0
Trd, 000155.800, 151.0
Trd, 000157.183, 149
Trd, 000157.767, 149
Trd, 000158.750, 149
Trd, 000159.350, 149.0
Trd, 000159.783, 149
Trd, 000159.917, 151.0
Trd, 000160.333, 147
Trd, 000160.650, 147
Trd, 000161.733, 146
Trd, 000161.917, 164.0
Trd, 000162.817, 145
Trd, 000163.117, 165.0
Trd, 000163.800, 152
Trd, 000165.550, 150
Trd, 000165.817, 151
Trd, 000165.933, 151
Trd, 000166.117, 151.0
Trd, 000166.883, 168.0
Trd, 000167.217, 151.0
Trd, 000167.350, 147
Trd, 000167.850, 166
Trd, 000167.883, 165
Trd, 000169.333, 155
Trd, 000169.517, 155
Trd, 000169.633, 145
Trd, 000169.733, 155
Trd, 000170.250, 153
Trd, 000170.383, 152
Trd, 000170.533, 157
Trd, 000171.517, 155.0
Trd, 000171.650, 151
Trd, 000172.600, 167.0
Trd, 000173.050, 160
Trd, 000173.233, 151.0
Trd, 000173.467, 144.0
Trd, 000173.700, 150.0
Trd, 000174.667, 151.0
Trd, 000175.200, 154
Trd, 000175.317, 150
Trd, 000176.767, 155.0
Trd, 000177.117, 152
Trd, 000177.717, 153
Trd, 000178.317, 164.0
Trd, 000180.500, 153
Trd, 000180.600, 154
Trd, 000180.967, 152
Trd, 000181.133, 151.0
Trd, 000181.500, 155
Trd, 000181.567, 162.0
Trd, 000182.367, 151
Trd, 000183.433, 156
Trd, 000184.600, 150
Trd, 000184.850, 153
Trd, 000184.983, 151
Trd, 000185.417, 154
Trd, 000185.433, 159
Trd, 000186.200, 152
Trd, 000187.467, 165.0
Trd, 000188.283, 152
Trd, 000188.850, 152
Trd, 000189.733, 155
Trd, 000190.650, 156
Trd, 000191.550, 156
Trd, 000191.700, 155.0
Trd, 000192.100, 153
Trd, 000192.283, 152
Trd, 000192.567, 155
Trd, 000192.883, 151
Trd, 000193.717, 151.0
Trd, 000193.867, 154
Trd, 000194.533, 151
Trd, 000194.633, 155
Trd, 000195.483, 152
Trd, 000195.533, 150
Trd, 000195.717, 153
Trd, 000196.983, 150.0
Trd, 000197.050, 151.0
Trd, 000197.517, 151.0
Trd, 000198.000, 152
Trd, 000198.200, 151
Trd, 000198.600, 149
Trd, 000198.717, 149
Trd, 000198.733, 151.0
Trd, 000200.317, 151
Trd, 000200.367, 148
Trd, 000201.383, 150
Trd, 000202.633, 149
Trd, 000202.683, 151
Trd, 000203.417, 165.0
Trd, 000204.350, 153
Trd, 000206.350, 155.0
Trd, 000206.683, 154
Trd, 000206.750, 155
Trd, 000206.967, 155
Trd, 000207.483, 154
Trd, 000207.533, 152
Trd, 000207.817, 165.0
Trd, 000207.850, 151.0
Trd, 000208.067, 144.0
Trd, 000208.700, 165.0
Trd, 000208.950, 153
Trd, 000210.167, 155
Trd, 000210.683, 157
Trd, 000211.167, 155
Trd, 000211.550, 156
Trd, 000212.167, 159
Trd, 000213.417, 155.0
Trd, 000214.767, 158
Trd, 000215.833, 154
Trd, 000215.850, 151.0
Trd, 000215.983, 154
Trd, 000216.333, 152
Trd, 000216.433, 152
Trd, 000217.067, 152
Trd, 000217.150, 151
Trd, 000217.517, 144.0
Trd, 000218.250, 151
Trd, 000218.683, 151
Trd, 000219.117, 151
Trd, 000219.233, 146
Trd, 000219.267, 152
Trd, 000219.933, 168.0
Trd, 000220.217, 151.0
Trd, 000220.733, 151.0
Trd, 000222.967, 150
Trd, 000223.683, 151.0
Trd, 000224.033, 152
Trd, 000224.183, 153
Trd, 000224.550, 151
Trd, 000225.183, 151
Trd, 000226.133, 150
Trd, 000226.217, 152
Trd, 000226.450, 153
Trd, 000226.600, 149
Trd, 000227.883, 152
Trd, 000227.900, 146.0
Trd, 000227.983, 144.0
Trd, 000228.383, 166.0
Trd, 000228.800, 157
Trd, 000229.450, 150.0
Trd, 000229.600, 151.0
Trd, 000230.200, 144.0
Trd, 000230.783, 151
Trd, 000230.883, 153
Trd, 000232.017, 152
Trd, 000232.883, 152
Trd, 000233.933, 151
Trd, 000234.150, 151
Trd, 000234.517, 152
Trd, 000235.000, 151
Trd, 000235.267, 151
Trd, 000236.583, 151
Trd, 000236.600, 150
Trd, 000237.500, 166.0
Trd, 000237.733, 165.0
Trd, 000238.200, 155
Trd, 000238.600, 153
Trd, 000239.000, 153
Trd, 000239.617, 166.0
Trd, 000240.283, 154
Trd, 000240.450, 172
Trd, 000240.683, 166.0
Trd, 000240.850, 165.0
Trd, 000241.200, 163
Trd, 000241.867, 160
Trd, 000242.300, 160
Trd, 000242.317, 160
Trd, 000242.467, 155
Trd, 000242.733, 155.0
Trd, 000244.167, 155
Trd, 000244.450, 155.0
Trd, 000244.683, 158.0
Trd, 000244.917, 148.0
Trd, 000245.100, 149
Trd, 000245.150, 151.0
Trd, 000245.933, 146
Trd, 000246.400, 145.0
Trd, 000246.717, 146
Trd, 000247.150, 146
Trd, 000247.483, 147.0
Trd, 000247.783, 144.0
Trd, 000248.017, 147
Trd, 000248.217, 143
Trd, 000248.750, 143
Trd, 000248.950, 140
Trd, 000249.100, 143
Trd, 000250.183, 144
Trd, 000250.400, 144
Trd, 000250.800, 144
Trd, 000250.833, 142
Trd, 000251.550, 145
Trd, 000252.083, 151.0
Trd, 000253.000, 148
Trd, 000253.050, 145
Trd, 000253.167, 144.0
Trd, 000253.317, 165.0
Trd, 000254.750, 162.0
Trd, 000254.983, 160.0
Trd, 000255.333, 162.0
Trd, 000255.767, 159
Trd, 000255.783, 160.0
Trd, 000256.117, 156.0
Trd, 000256.300, 155.0
Trd, 000256.417, 151.0
Trd, 000257.000, 158
Trd, 000257.300, 159
Trd, 000257.333, 155
Trd, 000258.067, 155.0
Trd, 000258.317, 156
Trd, 000258.950, 157
Trd, 000259.950, 159
Trd, 000260.000, 158
Trd, 000260.300, 159
Trd, 000261.450, 155
Trd, 000261.467, 155
Trd, 000261.717, 154
Trd, 000261.850, 159
Trd, 000262.150, 151.0
Trd, 000262.233, 148.0
Trd, 000262.867, 127.0
Trd, 000263.383, 139
Trd, 000263.567, 147
Trd, 000263.800, 151.0
Trd, 000264.167, 155.0
Trd, 000265.383, 153
Trd, 000265.567, 153
Trd, 000265.783, 153.0
Trd, 000265.833, 152
Trd, 000265.900, 157.0
Trd, 000266.483, 157
Trd, 000266.783, 157
Trd, 000268.183, 156
Trd, 000268.217, 160.0
Trd, 000268.300, 155
Trd, 000268.467, 144.0
Trd, 000269.383, 156
Trd, 000270.367, 160
Trd, 000271.533, 157
Trd, 000271.967, 156.0
Trd, 000271.983, 155.0
Trd, 000272.033, 154
Trd, 000272.633, 154
Trd, 000272.750, 153
Trd, 000272.933, 155
Trd, 000273.233, 155.0
Trd, 000273.467, 151.0
Trd, 000273.683, 155
Trd, 000274.167, 155
Trd, 000274.383, 149
Trd, 000274.467, 154
Trd, 000274.583, 148.0
Trd, 000275.667, 151
Trd, 000275.900, 148.0
Trd, 000276.450, 150
Trd, 000276.600, 151
Trd, 000276.617, 150
Trd, 000276.850, 151.0
Trd, 000277.733, 151
Trd, 000278.383, 149
Trd, 000278.617, 150
Trd, 000278.917, 149
Trd, 000279.583, 148.0
Trd, 000279.683, 149
Trd, 000279.817, 148
Trd, 000279.983, 148
Trd, 000280.717, 140
Trd, 000281.133, 149.0
Trd, 000281.967, 146
Trd, 000282.383, 148
Trd, 000282.517, 144.0
Trd, 000282.583, 142.0
Trd, 000282.833, 149
Trd, 000283.333, 151.0
Trd, 000284.283, 159
Trd, 000284.367, 149
Trd, 000284.750, 158
Trd, 000284.983, 152
Trd, 000285.100, 144.0
Trd, 000285.283, 143
Trd, 000285.633, 145
Trd, 000286.033, 150
Trd, 000286.050, 151
Trd, 000287.217, 152
Trd, 000287.717, 151.0
Trd, 000287.983, 166.0
Trd, 000288.683, 167.0
Trd, 000288.800, 155.0
Trd, 000289.533, 172
Trd, 000289.683, 165.0
Trd, 000290.133, 158
Trd, 000290.367, 151.0
Trd, 000291.467, 154
Trd, 000291.750, 153
Trd, 000291.950, 152
Trd, 000292.167, 148.0
Trd, 000292.367, 146.0
Trd, 000292.450, 150.0
Trd, 000292.500, 155
Trd, 000292.833, 158
Trd, 000293.117, 149
Trd, 000293.333, 151
Trd, 000293.767, 149
Trd, 000293.850, 154
Trd, 000294.867, 149
Trd, 000296.483, 144.0
Trd, 000296.533, 151
Trd, 000296.817, 152
Trd, 000297.100, 147
Trd, 000297.183, 151.0
Trd, 000297.383, 141
Trd, 000297.867, 148.0
Trd, 000297.933, 151.0
Trd, 000297.950, 143
Trd, 000298.133, 128
Trd, 000299.433, 150
Trd, 000299.767, 149
