Trd, 000002.150, 123
Trd, 000002.217, 124.0
Trd, 000002.433, 135.0
Trd, 000003.450, 136.0
Trd, 000003.717, 137.0
Trd, 000004.100, 123.0
Trd, 000005.750, 130.0
Trd, 000005.967, 135.0
Trd, 000006.467, 129.0
Trd, 000007.150, 137.0
Trd, 000007.533, 137
Trd, 000007.850, 144
Trd, 000007.967, 143
Trd, 000008.500, 144
Trd, 000008.733, 151.0
Trd, 000010.917, 141
Trd, 000011.633, 152
Trd, 000012.150, 153
Trd, 000012.983, 155
Trd, 000013.817, 149.0
Trd, 000014.850, 148
Trd, 000015.183, 148.0
Trd, 000015.817, 148
Trd, 000016.367, 148
Trd, 000016.817, 151.0
Trd, 000016.933, 152
Trd, 000017.467, 152
Trd, 000017.900, 151
Trd, 000018.033, 148.0
Trd, 000018.767, 148
Trd, 000019.900, 147
Trd, 000020.217, 146
Trd, 000020.317, 147
Trd, 000020.483, 148
Trd, 000022.200, 150
Trd, 000022.667, 151.0
Trd, 000022.767, 147
Trd, 000023.367, 148
Trd, 000024.017, 151.0
Trd, 000024.483, 150
Trd, 000024.583, 150
Trd, 000025.367, 151
Trd, 000025.383, 149
Trd, 000026.383, 152
Trd, 000026.550, 147
Trd, 000026.617, 147
Trd, 000027.433, 146
Trd, 000029.683, 149.0
Trd, 000029.783, 149
Trd, 000030.533, 148.0
Trd, 000031.950, 147
Trd, 000032.867, 145
Trd, 000033.817, 145
Trd, 000034.617, 145
Trd, 000034.667, 146
Trd, 000035.083, 147
Trd, 000035.233, 146
Trd, 000035.867, 150.0
Trd, 000037.200, 150
Trd, 000037.333, 151.0
Trd, 000037.383, 149.0
Trd, 000039.517, 148.0
Trd, 000039.617, 149
Trd, 000039.850, 150
Trd, 000040.000, 147
Trd, 000040.483, 151.0
Trd, 000040.933, 148
Trd, 000041.233, 147
Trd, 000042.000, 147
Trd, 000042.900, 132.0
Trd, 000043.100, 146
Trd, 000043.650, 146
Trd, 000044.367, 143
Trd, 000045.200, 141
Trd, 000045.433, 146
Trd, 000045.667, 147
Trd, 000046.183, 148
Trd, 000047.000, 151.0
Trd, 000048.233, 147
Trd, 000048.400, 147
Trd, 000048.600, 147
Trd, 000048.667, 146
Trd, 000049.367, 147
Trd, 000049.400, 146
Trd, 000051.250, 147
Trd, 000051.617, 147
Trd, 000052.867, 146
Trd, 000053.500, 148
Trd, 000053.717, 149
Trd, 000053.867, 151.0
Trd, 000054.783, 152
Trd, 000055.100, 146
Trd, 000055.800, 145
Trd, 000057.433, 146
Trd, 000059.083, 146
Trd, 000059.283, 145
Trd, 000059.633, 145
Trd, 000059.667, 148
Trd, 000059.833, 144
Trd, 000060.150, 149.0
Trd, 000060.850, 151.0
Trd, 000061.367, 158
Trd, 000061.533, 162.0
Trd, 000061.800, 151
Trd, 000062.850, 151
Trd, 000063.450, 151
Trd, 000063.750, 154
Trd, 000064.000, 151.0
Trd, 000064.533, 152
Trd, 000065.367, 150
Trd, 000065.583, 150
Trd, 000065.800, 149.0
Trd, 000066.817, 149
Trd, 000067.467, 149
Trd, 000068.183, 149
Trd, 000068.233, 149
Trd, 000069.083, 148.0
Trd, 000069.133, 148
Trd, 000069.550, 151.0
Trd, 000070.267, 149
Trd, 000070.817, 148
Trd, 000071.017, 148.0
Trd, 000071.083, 162.0
Trd, 000071.233, 147
Trd, 000071.800, 164
Trd, 000072.717, 161
Trd, 000072.883, 151.0
Trd, 000073.783, 133.0
Trd, 000075.483, 145
Trd, 000075.633, 146
Trd, 000076.367, 144
Trd, 000077.083, 145
Trd, 000077.483, 144
Trd, 000077.600, 144
Trd, 000077.850, 144
Trd, 000077.933, 143
Trd, 000078.983, 155
Trd, 000079.283, 156
Trd, 000079.850, 153
Trd, 000079.967, 152
Trd, 000080.000, 164
Trd, 000080.500, 163
Trd, 000081.017, 162.0
Trd, 000081.083, 153
Trd, 000081.817, 152
Trd, 000082.800, 158
Trd, 000083.767, 153
Trd, 000084.117, 159
Trd, 000084.400, 153
Trd, 000084.667, 156
Trd, 000085.017, 152
Trd, 000085.367, 151
Trd, 000087.350, 149
Trd, 000088.167, 147
Trd, 000088.750, 151.0
Trd, 000089.267, 135
Trd, 000090.033, 133.0
Trd, 000090.933, 132.0
Trd, 000091.033, 133.0
Trd, 000091.117, 134.0
Trd, 000093.133, 141
Trd, 000093.583, 140
Trd, 000093.667, 138
Trd, 000093.817, 144
Trd, 000094.217, 137.0
Trd, 000095.550, 151.0
Trd, 000096.933, 144
Trd, 000097.000, 145
Trd, 000097.117, 143
Trd, 000097.417, 147
Trd, 000098.150, 143
Trd, 000098.350, 147
Trd, 000099.033, 148
Trd, 000100.050, 149.0
Trd, 000100.917, 148
Trd, 000101.667, 148.0
Trd, 000101.850, 148
Trd, 000102.233, 147
Trd, 000103.283, 148.0
Trd, 000103.300, 151.0
Trd, 000103.900, 152
Trd, 000104.150, 148
Trd, 000104.900, 148.0
Trd, 000105.233, 152
Trd, 000105.317, 148
Trd, 000105.917, 148
Trd, 000106.050, 129.0
Trd, 000106.850, 147
Trd, 000108.000, 151
Trd, 000109.517, 151.0
Trd, 000109.567, 152
Trd, 000109.800, 145
Trd, 000109.950, 144
Trd, 000110.717, 133.0
Trd, 000111.367, 149
Trd, 000111.800, 151.0
Trd, 000112.950, 144
Trd, 000113.617, 150
Trd, 000114.200, 144
Trd, 000114.650, 155
Trd, 000114.817, 143
Trd, 000115.733, 143
Trd, 000117.033, 142
Trd, 000117.117, 143
Trd, 000117.433, 144
Trd, 000117.917, 131.0
Trd, 000118.000, 145
Trd, 000118.883, 142
Trd, 000118.950, 139
Trd, 000120.050, 143
Trd, 000121.033, 136.0
Trd, 000121.500, 135
Trd, 000121.517, 136.0
Trd, 000122.817, 134
Trd, 000123.117, 137.0
Trd, 000123.650, 136
Trd, 000123.967, 143
Trd, 000124.550, 137.0
Trd, 000125.867, 144
Trd, 000125.950, 151.0
Trd, 000127.900, 147
Trd, 000128.150, 148
Trd, 000128.400, 148
Trd, 000128.483, 148
Trd, 000128.583, 149
Trd, 000130.100, 148
Trd, 000130.183, 149
Trd, 000130.383, 147
Trd, 000130.733, 148
Trd, 000130.783, 154
Trd, 000130.917, 155
Trd, 000131.550, 162.0
Trd, 000132.283, 155
Trd, 000133.300, 156
Trd, 000133.433, 159
Trd, 000134.700, 157
Trd, 000134.783, 157
Trd, 000135.283, 156
Trd, 000135.350, 155
Trd, 000136.117, 153
Trd, 000136.350, 150
Trd, 000136.617, 150
Trd, 000137.250, 149.0
Trd, 000137.500, 154
Trd, 000137.850, 148.0
Trd, 000138.000, 154
Trd, 000138.133, 137
Trd, 000138.267, 162.0
Trd, 000139.167, 143
Trd, 000140.350, 145
Trd, 000140.500, 151.0
Trd, 000141.383, 149.0
Trd, 000141.583, 146
Trd, 000142.200, 146
Trd, 000142.217, 151.0
Trd, 000142.867, 148
Trd, 000143.817, 147
Trd, 000143.933, 147
Trd, 000144.183, 146
Trd, 000144.333, 145
Trd, 000144.917, 151.0
Trd, 000145.717, 145
Trd, 000146.650, 154
Trd, 000147.017, 161.0
Trd, 000147.883, 151
Trd, 000148.667, 149
Trd, 000149.567, 150.0
Trd, 000150.817, 151.0
Trd, 000151.267, 150
Trd, 000151.500, 150
Trd, 000152.017, 151
Trd, 000152.033, 149
Trd, 000152.200, 148
Trd, 000152.483, 155
Trd, 000152.733, 165
Trd, 000153.850, 150
Trd, 000153.950, 149
Trd, 000154.083, 157
Trd, 000155.533, 154
Trd, 000155.850, 155
Trd, 000156.117, 154
Trd, 000156.783, 153
Trd, 000158.067, 154
Trd, 000158.650, 152
Trd, 000158.883, 154
Trd, 000159.317, 149.0
Trd, 000159.667, 154
Trd, 000159.683, 148.0
Trd, 000160.650, 146
Trd, 000161.117, 151.0
Trd, 000161.733, 153
Trd, 000162.767, 149
Trd, 000163.000, 149
Trd, 000163.700, 147
Trd, 000163.967, 131.0
Trd, 000164.533, 142
Trd, 000164.617, 132
Trd, 000165.417, 146
Trd, 000166.800, 145
Trd, 000167.300, 143
Trd, 000168.300, 145
Trd, 000168.900, 149.0
Trd, 000170.533, 148
Trd, 000171.017, 146
Trd, 000171.067, 145
Trd, 000171.450, 146
Trd, 000172.383, 151.0
Trd, 000172.683, 150.0
Trd, 000173.133, 148
Trd, 000173.367, 148
Trd, 000173.867, 151.0
Trd, 000174.633, 151
Trd, 000174.867, 155
Trd, 000174.950, 148
Trd, 000175.117, 147
Trd, 000175.983, 159
Trd, 000177.050, 157
Trd, 000177.800, 161.0
Trd, 000178.067, 153
Trd, 000178.133, 153
Trd, 000178.583, 161.0
Trd, 000178.983, 162.0
Trd, 000179.667, 152
Trd, 000181.450, 154
Trd, 000181.683, 155
Trd, 000182.017, 153
Trd, 000182.067, 154
Trd, 000182.567, 153
Trd, 000182.600, 157
Trd, 000183.950, 157
Trd, 000184.933, 164
Trd, 000185.500, 158
Trd, 000185.933, 149.0
Trd, 000186.200, 153
Trd, 000187.267, 153
Trd, 000187.650, 161
Trd, 000187.717, 162.0
Trd, 000189.033, 155
Trd, 000189.133, 152
Trd, 000190.750, 152
Trd, 000192.233, 150
Trd, 000192.367, 151
Trd, 000192.500, 151
Trd, 000193.317, 149.0
Trd, 000193.483, 151
Trd, 000194.133, 151.0
Trd, 000195.217, 151
Trd, 000195.600, 152
Trd, 000196.000, 149
Trd, 000197.633, 150.0
Trd, 000197.700, 154
Trd, 000198.217, 161.0
Trd, 000199.367, 151
Trd, 000199.500, 151
Trd, 000200.167, 155
Trd, 000201.183, 150
Trd, 000201.517, 151.0
Trd, 000201.567, 151
Trd, 000201.850, 149
Trd, 000202.617, 148.0
Trd, 000202.667, 152
Trd, 000204.717, 148
Trd, 000205.517, 151
Trd, 000205.600, 147
Trd, 000206.500, 147
Trd, 000207.100, 150
Trd, 000208.133, 151
Trd, 000208.283, 147
Trd, 000208.517, 151.0
Trd, 000209.883, 155
Trd, 000211.083, 155
Trd, 000211.633, 152
Trd, 000211.950, 150
Trd, 000212.917, 152
Trd, 000213.883, 150
Trd, 000214.083, 150
Trd, 000214.267, 149
Trd, 000214.583, 148.0
Trd, 000215.850, 150.0
Trd, 000216.567, 148
Trd, 000216.717, 149
Trd, 000218.050, 145
Trd, 000218.933, 155
Trd, 000219.717, 151.0
Trd, 000220.783, 148
Trd, 000220.883, 149
Trd, 000221.367, 149
Trd, 000221.600, 148
Trd, 000221.683, 148
Trd, 000222.433, 150
Trd, 000222.467, 148.0
Trd, 000222.833, 148
Trd, 000223.233, 152
Trd, 000223.867, 144
Trd, 000224.250, 148.0
Trd, 000225.300, 162.0
Trd, 000226.217, 162.0
Trd, 000226.233, 160
Trd, 000226.417, 159
Trd, 000226.683, 155
Trd, 000227.100, 146
Trd, 000227.467, 145
Trd, 000228.433, 156
Trd, 000228.900, 157
Trd, 000229.483, 152
Trd, 000230.800, 151
Trd, 000230.967, 151.0
Trd, 000231.383, 152
Trd, 000232.850, 150
Trd, 000233.033, 152
Trd, 000233.650, 153
Trd, 000233.750, 148.0
Trd, 000234.583, 164
Trd, 000234.700, 163
Trd, 000234.917, 160
Trd, 000235.183, 153
Trd, 000235.617, 162.0
Trd, 000236.383, 163
Trd, 000236.667, 152
Trd, 000237.017, 152
Trd, 000237.067, 149
Trd, 000238.100, 149
Trd, 000238.767, 164
Trd, 000239.817, 165
Trd, 000240.183, 164.0
Trd, 000240.283, 162.0
Trd, 000240.433, 163
Trd, 000240.467, 162
Trd, 000241.633, 151.0
Trd, 000241.967, 151.0
Trd, 000242.350, 151
Trd, 000242.483, 152
Trd, 000243.100, 148.0
Trd, 000244.183, 147
Trd, 000244.250, 145.0
Trd, 000244.650, 144.0
Trd, 000245.133, 148
Trd, 000245.183, 144.0
Trd, 000245.633, 148
Trd, 000245.950, 147.0
Trd, 000246.100, 142.0
Trd, 000247.017, 143
Trd, 000247.067, 144.0
Trd, 000247.450, 142
Trd, 000247.700, 141.0
Trd, 000248.583, 142.0
Trd, 000249.167, 142.0
Trd, 000249.283, 136.0
Trd, 000249.633, 138
Trd, 000250.467, 129.0
Trd, 000251.183, 133
Trd, 000251.617, 136.0
Trd, 000252.533, 136
Trd, 000253.700, 134
Trd, 000254.133, 135.0
Trd, 000254.400, 137.0
Trd, 000254.450, 141.0
Trd, 000255.033, 138
Trd, 000255.150, 141.0
Trd, 000255.283, 143
Trd, 000255.883, 142
Trd, 000256.267, 144
Trd, 000256.417, 145
Trd, 000256.683, 143
Trd, 000257.617, 145
Trd, 000257.733, 142
Trd, 000257.917, 142
Trd, 000258.583, 146
Trd, 000258.900, 147
Trd, 000259.650, 147
Trd, 000260.133, 148.0
Trd, 000260.433, 147.0
Trd, 000260.500, 146.0
Trd, 000261.050, 144.0
Trd, 000261.067, 146.0
Trd, 000261.133, 144
Trd, 000261.567, 150.0
Trd, 000262.183, 148.0
Trd, 000262.317, 142
Trd, 000262.633, 143.0
Trd, 000263.983, 145
Trd, 000264.550, 144
Trd, 000265.200, 147
Trd, 000265.417, 147
Trd, 000265.567, 144
Trd, 000265.833, 148.0
Trd, 000266.350, 151.0
Trd, 000266.900, 157.0
Trd, 000267.000, 162.0
Trd, 000267.567, 158.0
Trd, 000267.717, 159
Trd, 000267.750, 155.0
Trd, 000267.817, 165
Trd, 000268.367, 167
Trd, 000269.050, 167
Trd, 000269.083, 166
Trd, 000269.100, 165
Trd, 000269.483, 164
Trd, 000269.883, 155
Trd, 000270.533, 169
Trd, 000270.850, 148
Trd, 000271.050, 156
Trd, 000271.450, 154
Trd, 000271.467, 156
Trd, 000272.267, 144.0
Trd, 000273.433, 145
Trd, 000273.667, 145
Trd, 000273.900, 146
Trd, 000274.383, 146.0
Trd, 000274.600, 144.0
Trd, 000274.783, 141.0
Trd, 000274.917, 147
Trd, 000274.967, 147.0
Trd, 000275.183, 142.0
Trd, 000275.783, 148.0
Trd, 000276.583, 148
Trd, 000277.033, 143.0
Trd, 000277.533, 149
Trd, 000277.717, 143.0
Trd, 000277.800, 150.0
Trd, 000277.950, 151.0
Trd, 000278.050, 131.0
Trd, 000278.767, 128.0
Trd, 000279.450, 155
Trd, 000279.467, 156
Trd, 000279.800, 137.0
Trd, 000280.017, 153
Trd, 000281.117, 147
Trd, 000281.550, 148.0
Trd, 000281.700, 148
Trd, 000281.767, 141
Trd, 000282.333, 142.0
Trd, 000282.567, 141.0
Trd, 000282.950, 141
Trd, 000283.183, 144
Trd, 000283.550, 143
Trd, 000283.567, 144
Trd, 000283.833, 148.0
Trd, 000283.867, 151.0
Trd, 000284.000, 156
Trd, 000284.367, 158.0
Trd, 000285.400, 151.0
Trd, 000286.083, 150
Trd, 000287.017, 152
Trd, 000287.033, 150
Trd, 000287.617, 148.0
Trd, 000287.817, 147
Trd, 000288.083, 151
Trd, 000288.167, 147
Trd, 000288.800, 148.0
Trd, 000289.550, 151.0
Trd, 000289.983, 150
Trd, 000290.833, 150.0
Trd, 000291.000, 149.0
Trd, 000291.183, 150
Trd, 000292.050, 150
Trd, 000292.267, 149
Trd, 000292.733, 149
Trd, 000292.767, 151
Trd, 000293.050, 148.0
Trd, 000293.667, 149
Trd, 000294.217, 150
Trd, 000294.550, 149
Trd, 000294.717, 148.0
Trd, 000294.867, 148
Trd, 000295.067, 144.0
Trd, 000295.550, 148
Trd, 000295.850, 146
Trd, 000296.050, 147
Trd, 000296.917, 147
Trd, 000297.933, 145
Trd, 000298.133, 151.0
Trd, 000298.233, 144.0
Trd, 000298.533, 153
Trd, 000298.633, 154
Trd, 000299.150, 145.0
Trd, 000299.733, 148.0
Trd, 000299.750, 147
