Trd, 000001.833, 125
Trd, 000002.567, 165
Trd, 000003.117, 141.0
Trd, 000004.133, 137
Trd, 000005.083, 135
Trd, 000005.367, 137
Trd, 000005.600, 142
Trd, 000006.317, 137.0
Trd, 000006.617, 148.0
Trd, 000008.733, 142
Trd, 000008.767, 149
Trd, 000008.850, 150
Trd, 000009.083, 151
Trd, 000010.000, 137.0
Trd, 000010.217, 153
Trd, 000010.550, 149
Trd, 000010.833, 150
Trd, 000011.750, 137
Trd, 000012.233, 158
Trd, 000012.350, 136
Trd, 000012.967, 161.0
Trd, 000013.350, 156
Trd, 000014.450, 137.0
Trd, 000014.950, 148
Trd, 000015.667, 141.0
Trd, 000016.150, 144
Trd, 000016.317, 143
Trd, 000018.083, 143
Trd, 000018.533, 142
Trd, 000019.583, 143
Trd, 000019.883, 143
Trd, 000019.900, 141
Trd, 000020.600, 141.0
Trd, 000021.267, 143
Trd, 000022.867, 148.0
Trd, 000023.367, 148
Trd, 000023.417, 141.0
Trd, 000024.283, 148
Trd, 000024.683, 137
Trd, 000025.333, 146
Trd, 000027.283, 143
Trd, 000027.900, 144
Trd, 000028.683, 145
Trd, 000029.150, 147
Trd, 000029.217, 146
Trd, 000030.700, 144
Trd, 000030.733, 148.0
Trd, 000030.967, 161.0
Trd, 000031.983, 153
Trd, 000032.417, 150
Trd, 000033.150, 149
Trd, 000033.383, 154
Trd, 000034.550, 152
Trd, 000034.750, 151
Trd, 000035.550, 152
Trd, 000036.300, 151
Trd, 000036.417, 147
Trd, 000036.667, 142.0
Trd, 000037.400, 136
Trd, 000038.133, 152
Trd, 000039.417, 147
Trd, 000040.483, 146
Trd, 000041.683, 146
Trd, 000041.700, 147
Trd, 000042.150, 146
Trd, 000042.417, 145
Trd, 000042.567, 145
Trd, 000043.583, 147
Trd, 000043.667, 144
Trd, 000045.800, 142.0
Trd, 000046.000, 142.0
Trd, 000046.417, 143
Trd, 000046.833, 141.0
Trd, 000046.967, 139
Trd, 000047.167, 143
Trd, 000047.650, 137
Trd, 000049.300, 144
Trd, 000050.350, 142.0
Trd, 000050.450, 143
Trd, 000050.667, 141.0
Trd, 000051.367, 145
Trd, 000051.917, 143
Trd, 000052.300, 140
Trd, 000052.867, 137.0
Trd, 000053.000, 148.0
Trd, 000053.100, 168.0
Trd, 000054.517, 146
Trd, 000054.867, 148
Trd, 000056.317, 146.0
Trd, 000056.683, 148.0
Trd, 000057.250, 147
Trd, 000058.567, 156
Trd, 000058.783, 152
Trd, 000059.033, 146
Trd, 000059.883, 142.0
Trd, 000061.400, 149
Trd, 000062.250, 148.0
Trd, 000062.417, 148
Trd, 000062.433, 151
Trd, 000064.300, 149
Trd, 000064.417, 147.0
Trd, 000064.750, 149
Trd, 000065.433, 154
Trd, 000065.967, 150.0
Trd, 000066.417, 153
Trd, 000066.800, 162.0
Trd, 000066.833, 168.0
Trd, 000067.783, 161
Trd, 000068.000, 153
Trd, 000068.033, 152
Trd, 000069.217, 163
Trd, 000069.317, 141.0
Trd, 000070.117, 156
Trd, 000070.600, 155
Trd, 000071.467, 148.0
Trd, 000071.550, 140
Trd, 000073.550, 142
Trd, 000073.767, 141
Trd, 000075.450, 148.0
Trd, 000075.533, 148
Trd, 000077.433, 145
Trd, 000077.717, 146
Trd, 000077.900, 145
Trd, 000077.917, 147
Trd, 000078.017, 141.0
Trd, 000079.900, 146
Trd, 000080.050, 147
Trd, 000080.217, 148.0
Trd, 000080.717, 162.0
Trd, 000081.383, 148
Trd, 000081.867, 153
Trd, 000083.233, 155
Trd, 000083.350, 169.0
Trd, 000083.733, 147
Trd, 000084.667, 157
Trd, 000085.900, 147
Trd, 000086.300, 147
Trd, 000086.433, 148.0
Trd, 000089.700, 145
Trd, 000089.717, 144.0
Trd, 000090.250, 141.0
Trd, 000090.750, 143
Trd, 000091.017, 143
Trd, 000091.517, 144
Trd, 000091.850, 144
Trd, 000092.167, 145
Trd, 000092.400, 141
Trd, 000095.133, 143.0
Trd, 000095.217, 144
Trd, 000095.500, 145
Trd, 000095.650, 148.0
Trd, 000096.483, 146
Trd, 000096.750, 145.0
Trd, 000097.383, 147
Trd, 000097.583, 146
Trd, 000097.983, 148
Trd, 000098.450, 147
Trd, 000099.067, 148
Trd, 000099.533, 158
Trd, 000100.433, 150
Trd, 000101.233, 155
Trd, 000102.667, 152
Trd, 000103.917, 162.0
Trd, 000104.200, 186.0
Trd, 000104.767, 170
Trd, 000105.267, 157
Trd, 000105.900, 161
Trd, 000106.983, 148.0
Trd, 000107.233, 147
Trd, 000108.350, 161
Trd, 000108.517, 150.0
Trd, 000108.933, 149.0
Trd, 000110.683, 151
Trd, 000110.817, 147
Trd, 000110.967, 146.0
Trd, 000111.567, 151
Trd, 000112.667, 149
Trd, 000114.800, 148
Trd, 000115.217, 145
Trd, 000115.367, 141.0
Trd, 000115.400, 148.0
Trd, 000115.717, 144
Trd, 000116.617, 147
Trd, 000118.283, 144
Trd, 000118.317, 146
Trd, 000118.550, 147
Trd, 000118.817, 147
Trd, 000119.567, 147
Trd, 000119.667, 143
Trd, 000120.033, 148.0
Trd, 000120.400, 141.0
Trd, 000120.533, 157
Trd, 000121.100, 153
Trd, 000122.217, 143
Trd, 000123.033, 146.0
Trd, 000123.883, 135.0
Trd, 000124.567, 142
Trd, 000125.333, 146
Trd, 000125.617, 147
Trd, 000126.050, 148.0
Trd, 000126.550, 149
Trd, 000126.733, 148
Trd, 000127.167, 157
Trd, 000127.983, 148.0
Trd, 000128.500, 151
Trd, 000129.917, 150
Trd, 000130.033, 151
Trd, 000130.067, 150
Trd, 000133.150, 151
Trd, 000133.350, 151
Trd, 000133.833, 151
Trd, 000133.867, 143
Trd, 000134.383, 151
Trd, 000135.700, 148
Trd, 000136.100, 149
Trd, 000136.200, 149
Trd, 000136.817, 145
Trd, 000136.967, 162.0
Trd, 000137.950, 151
Trd, 000138.267, 148.0
Trd, 000139.783, 149
Trd, 000139.800, 149
Trd, 000140.800, 151
Trd, 000141.383, 151
Trd, 000141.450, 157
Trd, 000141.500, 149
Trd, 000141.900, 137.0
Trd, 000142.150, 131.0
Trd, 000142.400, 149
Trd, 000143.617, 148
Trd, 000143.933, 144
Trd, 000145.333, 142.0
Trd, 000145.683, 159
Trd, 000146.017, 162.0
Trd, 000146.033, 158
Trd, 000146.350, 155
Trd, 000147.267, 155
Trd, 000147.833, 142.0
Trd, 000148.950, 141.0
Trd, 000150.100, 142
Trd, 000150.183, 138
Trd, 000150.317, 141
Trd, 000150.650, 141
Trd, 000150.967, 137.0
Trd, 000151.200, 138
Trd, 000152.283, 137
Trd, 000153.283, 131.0
Trd, 000154.867, 137
Trd, 000155.183, 137
Trd, 000155.300, 138
Trd, 000156.067, 149
Trd, 000156.183, 140
Trd, 000156.383, 162.0
Trd, 000157.567, 152
Trd, 000158.400, 168.0
Trd, 000158.617, 153
Trd, 000158.900, 152
Trd, 000159.150, 172.0
Trd, 000159.750, 148.0
Trd, 000160.800, 149
Trd, 000161.500, 142.0
Trd, 000161.550, 141.0
Trd, 000161.933, 145
Trd, 000162.100, 148
Trd, 000163.350, 141
Trd, 000163.600, 137.0
Trd, 000163.783, 142
Trd, 000164.433, 131.0
Trd, 000164.583, 127
Trd, 000164.633, 138
Trd, 000166.600, 138
Trd, 000166.650, 139
Trd, 000167.733, 137.0
Trd, 000167.983, 136
Trd, 000169.583, 138
Trd, 000169.817, 138
Trd, 000170.167, 138
Trd, 000170.233, 138
Trd, 000170.617, 162.0
Trd, 000171.533, 167.0
Trd, 000171.567, 138
Trd, 000172.750, 137
Trd, 000173.483, 147.0
Trd, 000174.867, 148.0
Trd, 000175.050, 148
Trd, 000175.217, 147
Trd, 000175.583, 147
Trd, 000175.900, 148
Trd, 000177.600, 148
Trd, 000177.617, 148.0
Trd, 000177.783, 141.0
Trd, 000178.300, 162.0
Trd, 000179.300, 154
Trd, 000179.617, 152
Trd, 000179.933, 151
Trd, 000180.117, 150
Trd, 000180.550, 150
Trd, 000181.817, 142.0
Trd, 000181.967, 150
Trd, 000182.767, 148
Trd, 000182.800, 150
Trd, 000183.600, 161.0
Trd, 000183.800, 148.0
Trd, 000183.900, 142.0
Trd, 000185.300, 146
Trd, 000185.583, 146
Trd, 000186.867, 146
Trd, 000186.917, 147
Trd, 000188.050, 142.0
Trd, 000188.183, 147
Trd, 000188.983, 145
Trd, 000189.467, 148
Trd, 000189.550, 157
Trd, 000190.483, 145
Trd, 000191.733, 148.0
Trd, 000192.317, 150
Trd, 000192.567, 149
Trd, 000193.000, 162.0
Trd, 000193.467, 147
Trd, 000193.667, 143
Trd, 000194.733, 144
Trd, 000195.717, 144.0
Trd, 000197.267, 149
Trd, 000197.300, 153
Trd, 000197.633, 156
Trd, 000198.117, 148.0
Trd, 000198.700, 148
Trd, 000199.233, 141.0
Trd, 000200.100, 144
Trd, 000200.383, 148
Trd, 000200.683, 144
Trd, 000200.917, 145
Trd, 000201.500, 148
Trd, 000202.450, 148
Trd, 000202.700, 142
Trd, 000203.067, 141.0
Trd, 000204.767, 141
Trd, 000205.000, 147
Trd, 000205.417, 143
Trd, 000205.683, 145
Trd, 000206.567, 145
Trd, 000207.067, 145
Trd, 000207.567, 149
Trd, 000208.600, 160.0
Trd, 000209.667, 156
Trd, 000210.433, 162.0
Trd, 000210.617, 157
Trd, 000211.100, 168.0
Trd, 000212.167, 159
Trd, 000212.583, 157
Trd, 000212.633, 161
Trd, 000212.750, 141
Trd, 000214.633, 152
Trd, 000214.800, 152
Trd, 000214.967, 151
Trd, 000216.700, 152
Trd, 000216.917, 152
Trd, 000217.600, 144
Trd, 000219.767, 143
Trd, 000220.317, 145
Trd, 000220.350, 145
Trd, 000220.500, 145
Trd, 000221.700, 145
Trd, 000221.800, 146
Trd, 000222.167, 141
Trd, 000222.250, 146
Trd, 000222.317, 148.0
Trd, 000222.333, 141.0
Trd, 000223.617, 162.0
Trd, 000223.667, 139
Trd, 000224.033, 153
Trd, 000225.483, 147
Trd, 000225.850, 147
Trd, 000226.233, 138
Trd, 000226.883, 146
Trd, 000227.033, 148
Trd, 000227.517, 141
Trd, 000230.183, 144
Trd, 000230.250, 143
Trd, 000230.467, 145
Trd, 000230.950, 145
Trd, 000231.700, 148.0
Trd, 000233.233, 146
Trd, 000233.567, 145
Trd, 000234.067, 146
Trd, 000234.100, 145
Trd, 000234.900, 146
Trd, 000235.050, 148.0
Trd, 000236.183, 148
Trd, 000236.700, 146
Trd, 000237.067, 148
Trd, 000238.583, 147.0
Trd, 000238.650, 146.0
Trd, 000239.450, 146.0
Trd, 000239.950, 148.0
Trd, 000240.317, 162.0
Trd, 000241.150, 146
Trd, 000241.300, 146
Trd, 000241.383, 147
Trd, 000241.817, 149.0
Trd, 000242.383, 149
Trd, 000243.017, 151
Trd, 000244.333, 158.0
Trd, 000244.500, 162.0
Trd, 000244.883, 164.0
Trd, 000245.100, 163.0
Trd, 000245.350, 162.0
Trd, 000246.367, 160
Trd, 000246.600, 164
Trd, 000247.100, 161
Trd, 000247.767, 164.0
Trd, 000247.833, 154
Trd, 000248.667, 158
Trd, 000249.867, 155
Trd, 000249.900, 153
Trd, 000249.967, 156
Trd, 000250.183, 151
Trd, 000250.367, 165.0
Trd, 000251.050, 157
Trd, 000251.117, 157
Trd, 000251.567, 142
Trd, 000252.017, 150
Trd, 000252.100, 142
Trd, 000252.133, 151
Trd, 000252.217, 136
Trd, 000253.550, 151
Trd, 000253.933, 141
Trd, 000255.017, 146
Trd, 000255.550, 147
Trd, 000255.583, 148.0
Trd, 000255.683, 148
Trd, 000256.383, 162.0
Trd, 000256.717, 158
Trd, 000256.850, 157
Trd, 000257.517, 159.0
Trd, 000257.733, 141.0
Trd, 000258.517, 147
Trd, 000259.100, 146
Trd, 000260.150, 147
Trd, 000260.333, 147
Trd, 000260.533, 148
Trd, 000260.583, 148.0
Trd, 000261.500, 160.0
Trd, 000262.117, 158.0
Trd, 000262.250, 148.0
Trd, 000262.400, 144.0
Trd, 000262.883, 149
Trd, 000263.417, 162.0
Trd, 000264.283, 164
Trd, 000265.417, 150
Trd, 000265.867, 149
Trd, 000265.983, 148
Trd, 000266.200, 152
Trd, 000266.233, 160
Trd, 000267.283, 154
Trd, 000267.667, 155
Trd, 000267.900, 155
Trd, 000268.183, 156
Trd, 000268.650, 155
Trd, 000269.467, 151
Trd, 000270.033, 156
Trd, 000270.433, 156.0
Trd, 000270.633, 154.0
Trd, 000272.000, 156
Trd, 000272.083, 156
Trd, 000272.583, 160.0
Trd, 000272.733, 154
Trd, 000273.367, 155
Trd, 000274.717, 156.0
Trd, 000275.633, 157
Trd, 000275.650, 156
Trd, 000275.867, 156
Trd, 000276.217, 157
Trd, 000276.467, 144.0
Trd, 000277.050, 148.0
Trd, 000277.833, 151
Trd, 000278.067, 152
Trd, 000278.983, 151
Trd, 000279.000, 152
Trd, 000279.500, 159
Trd, 000279.600, 152
Trd, 000280.250, 148.0
Trd, 000281.233, 149
Trd, 000281.367, 150
Trd, 000281.517, 152
Trd, 000281.900, 154
Trd, 000282.217, 148.0
Trd, 000282.367, 145
Trd, 000282.883, 145.0
Trd, 000283.733, 149
Trd, 000283.783, 154
Trd, 000286.267, 150
Trd, 000286.283, 147
Trd, 000286.483, 151
Trd, 000286.717, 146.0
Trd, 000287.367, 137.0
Trd, 000287.683, 149
Trd, 000287.817, 154
Trd, 000288.567, 165.0
Trd, 000289.367, 146.0
Trd, 000289.417, 148.0
Trd, 000289.850, 148
Trd, 000289.983, 153
Trd, 000290.017, 145.0
Trd, 000290.433, 148
Trd, 000290.600, 160
Trd, 000291.733, 157
Trd, 000291.800, 161.0
Trd, 000292.083, 147.0
Trd, 000292.300, 144.0
Trd, 000292.467, 158
Trd, 000293.167, 162.0
Trd, 000293.250, 167
Trd, 000293.517, 141.0
Trd, 000294.050, 148
Trd, 000294.117, 153
Trd, 000294.583, 151
Trd, 000294.717, 152
Trd, 000295.183, 149
Trd, 000295.300, 141.0
Trd, 000295.867, 151
Trd, 000297.283, 146.0
Trd, 000297.533, 145.0
Trd, 000297.700, 148.0
Trd, 000298.950, 146
Trd, 000299.167, 147
Trd, 000299.450, 146
