Trd, 000002.200, 126
Trd, 000002.483, 137.0
Trd, 000002.517, 125
Trd, 000003.667, 126
Trd, 000003.700, 141.0
Trd, 000004.900, 155.0
Trd, 000005.117, 153.0
Trd, 000005.300, 167.0
Trd, 000005.533, 148.0
Trd, 000006.667, 149
Trd, 000007.067, 148
Trd, 000007.567, 148
Trd, 000007.617, 153
Trd, 000007.733, 149
Trd, 000007.967, 148
Trd, 000009.300, 152
Trd, 000009.533, 151
Trd, 000009.600, 160
Trd, 000010.550, 161
Trd, 000011.867, 152
Trd, 000012.883, 154
Trd, 000013.233, 153
Trd, 000013.250, 156
Trd, 000014.583, 155
Trd, 000014.900, 153
Trd, 000015.150, 153
Trd, 000015.550, 152
Trd, 000016.100, 152.0
Trd, 000016.433, 155
Trd, 000016.817, 164
Trd, 000017.333, 151.0
Trd, 000018.850, 153
Trd, 000019.633, 153
Trd, 000020.233, 152
Trd, 000020.500, 151
Trd, 000022.950, 152
Trd, 000023.200, 154
Trd, 000023.750, 153
Trd, 000023.917, 151.0
Trd, 000024.350, 150
Trd, 000025.167, 150
Trd, 000025.633, 154
Trd, 000026.583, 152
Trd, 000027.167, 149
Trd, 000027.833, 149
Trd, 000028.733, 154
Trd, 000029.033, 152
Trd, 000029.700, 151
Trd, 000029.867, 149
Trd, 000030.683, 148
Trd, 000031.833, 152
Trd, 000033.717, 151.0
Trd, 000033.950, 152
Trd, 000034.050, 151.0
Trd, 000034.433, 152
Trd, 000035.200, 151
Trd, 000035.450, 151
Trd, 000036.183, 151
Trd, 000037.567, 152
Trd, 000037.600, 152
Trd, 000037.650, 150
Trd, 000038.050, 153
Trd, 000038.450, 150
Trd, 000040.133, 150.0
Trd, 000042.483, 150
Trd, 000042.900, 150
Trd, 000043.017, 151
Trd, 000043.333, 149
Trd, 000043.817, 148.0
Trd, 000044.683, 150
Trd, 000045.250, 148
Trd, 000045.767, 148
Trd, 000046.183, 153
Trd, 000046.950, 150
Trd, 000047.867, 149
Trd, 000048.283, 150
Trd, 000048.350, 146
Trd, 000048.850, 145.0
Trd, 000049.850, 145.0
Trd, 000050.267, 150
Trd, 000050.400, 148.0
Trd, 000051.417, 155.0
Trd, 000052.467, 148.0
Trd, 000052.683, 152
Trd, 000053.100, 148
Trd, 000054.233, 153
Trd, 000055.200, 151
Trd, 000055.800, 152
Trd, 000056.017, 151
Trd, 000056.583, 150
Trd, 000056.633, 149
Trd, 000058.350, 152
Trd, 000058.867, 151
Trd, 000059.300, 150
Trd, 000059.400, 149
Trd, 000059.550, 148.0
Trd, 000060.300, 148
Trd, 000061.100, 149
Trd, 000061.500, 155
Trd, 000062.150, 151
Trd, 000062.683, 150
Trd, 000064.383, 151.0
Trd, 000064.983, 152
Trd, 000065.417, 152
Trd, 000065.917, 148
Trd, 000066.100, 148.0
Trd, 000067.217, 152
Trd, 000067.433, 149
Trd, 000067.900, 152
Trd, 000068.450, 148
Trd, 000069.667, 151
Trd, 000069.833, 151
Trd, 000070.133, 151.0
Trd, 000070.900, 160
Trd, 000070.950, 152.0
Trd, 000072.300, 158
Trd, 000072.367, 154
Trd, 000072.833, 153
Trd, 000073.650, 153
Trd, 000074.633, 153
Trd, 000074.883, 152
Trd, 000075.267, 152
Trd, 000075.967, 153
Trd, 000076.950, 151.0
Trd, 000077.817, 151
Trd, 000078.850, 153
Trd, 000078.983, 151.0
Trd, 000079.767, 153
Trd, 000080.317, 152
Trd, 000080.450, 154
Trd, 000081.633, 151
Trd, 000081.683, 150
Trd, 000082.400, 153
Trd, 000083.117, 151
Trd, 000084.400, 152
Trd, 000084.600, 153
Trd, 000084.683, 153
Trd, 000085.217, 152
Trd, 000085.767, 152
Trd, 000086.133, 150
Trd, 000086.650, 153
Trd, 000087.467, 151
Trd, 000088.017, 151
Trd, 000088.150, 153
Trd, 000089.283, 151
Trd, 000090.167, 151
Trd, 000091.033, 149
Trd, 000091.383, 153
Trd, 000091.583, 154
Trd, 000091.833, 149
Trd, 000093.467, 149.0
Trd, 000094.067, 148
Trd, 000094.433, 152.0
Trd, 000095.083, 149
Trd, 000095.167, 148
Trd, 000095.650, 152
Trd, 000096.750, 152
Trd, 000097.100, 153
Trd, 000097.150, 151
Trd, 000097.817, 150
Trd, 000098.683, 153
Trd, 000100.333, 151.0
Trd, 000100.650, 148
Trd, 000101.233, 149.0
Trd, 000101.483, 149
Trd, 000101.617, 148.0
Trd, 000101.833, 153
Trd, 000103.317, 149
Trd, 000103.483, 155.0
Trd, 000103.900, 150
Trd, 000105.150, 152
Trd, 000105.317, 151.0
Trd, 000105.650, 150
Trd, 000107.200, 152.0
Trd, 000107.567, 152
Trd, 000107.700, 150
Trd, 000109.100, 152
Trd, 000109.983, 150
Trd, 000110.617, 152
Trd, 000110.983, 147
Trd, 000111.267, 148.0
Trd, 000112.750, 150.0
Trd, 000113.400, 148.0
Trd, 000114.050, 148
Trd, 000115.033, 149
Trd, 000115.200, 152
Trd, 000116.017, 151.0
Trd, 000116.233, 149
Trd, 000116.567, 152
Trd, 000116.700, 148
Trd, 000117.583, 147
Trd, 000119.033, 148
Trd, 000119.450, 150
Trd, 000119.600, 150
Trd, 000119.950, 149
Trd, 000120.150, 148.0
Trd, 000120.583, 148
Trd, 000121.200, 151
Trd, 000121.283, 147
Trd, 000122.050, 145.0
Trd, 000123.100, 144.0
Trd, 000123.217, 137.0
Trd, 000125.017, 151
Trd, 000125.100, 153
Trd, 000125.417, 146
Trd, 000125.617, 155.0
Trd, 000125.717, 147
Trd, 000126.050, 150
Trd, 000126.167, 151
Trd, 000126.917, 149
Trd, 000126.983, 158
Trd, 000127.233, 148
Trd, 000127.317, 162
Trd, 000127.600, 149
Trd, 000128.750, 150
Trd, 000130.100, 149
Trd, 000130.467, 148
Trd, 000131.450, 154
Trd, 000132.100, 149.0
Trd, 000132.583, 153
Trd, 000132.883, 149
Trd, 000132.900, 153
Trd, 000133.883, 149
Trd, 000134.050, 149.0
Trd, 000134.767, 152
Trd, 000135.283, 150.0
Trd, 000136.150, 150
Trd, 000136.967, 149
Trd, 000136.983, 148
Trd, 000137.250, 144.0
Trd, 000137.400, 137.0
Trd, 000138.100, 139
Trd, 000138.183, 139
Trd, 000138.833, 143
Trd, 000139.933, 144
Trd, 000140.150, 144.0
Trd, 000140.417, 143
Trd, 000142.183, 145
Trd, 000142.383, 145.0
Trd, 000143.483, 148
Trd, 000143.550, 147
Trd, 000143.950, 147
Trd, 000144.383, 148.0
Trd, 000144.467, 155.0
Trd, 000146.000, 164
Trd, 000146.317, 158
Trd, 000147.733, 156
Trd, 000147.900, 157
Trd, 000148.617, 155.0
Trd, 000149.117, 155
Trd, 000149.350, 149.0
Trd, 000149.400, 155
Trd, 000151.317, 153
Trd, 000151.517, 153.0
Trd, 000152.267, 153
Trd, 000152.667, 151.0
Trd, 000152.700, 151
Trd, 000154.883, 151
Trd, 000155.150, 152
Trd, 000155.917, 154
Trd, 000156.067, 152
Trd, 000157.550, 154
Trd, 000157.950, 156
Trd, 000158.750, 153
Trd, 000159.200, 156
Trd, 000159.250, 152.0
Trd, 000160.633, 151.0
Trd, 000160.783, 155.0
Trd, 000161.283, 155
Trd, 000161.317, 151
Trd, 000162.117, 151
Trd, 000164.400, 151
Trd, 000164.733, 153
Trd, 000164.867, 150
Trd, 000165.333, 151
Trd, 000166.867, 154
Trd, 000167.050, 150
Trd, 000167.283, 148
Trd, 000167.717, 153
Trd, 000167.733, 154
Trd, 000168.667, 154
Trd, 000169.133, 151.0
Trd, 000169.267, 150.0
Trd, 000170.783, 152
Trd, 000171.400, 151
Trd, 000173.333, 154
Trd, 000173.517, 151.0
Trd, 000173.833, 152
Trd, 000174.483, 155.0
Trd, 000174.833, 151
Trd, 000175.967, 155
Trd, 000176.300, 151
Trd, 000176.783, 150
Trd, 000178.033, 150
Trd, 000178.300, 151
Trd, 000179.783, 150
Trd, 000180.100, 153
Trd, 000180.600, 150
Trd, 000180.967, 152
Trd, 000181.783, 150
Trd, 000182.317, 150
Trd, 000182.767, 152
Trd, 000182.783, 150
Trd, 000182.983, 149
Trd, 000183.267, 149
Trd, 000183.817, 163
Trd, 000185.500, 153
Trd, 000185.967, 153
Trd, 000186.217, 155
Trd, 000186.283, 154
Trd, 000187.500, 152
Trd, 000188.350, 154
Trd, 000189.650, 155
Trd, 000190.867, 153
Trd, 000192.367, 156
Trd, 000192.733, 152
Trd, 000193.050, 152.0
Trd, 000195.083, 152
Trd, 000195.600, 155.0
Trd, 000195.667, 151
Trd, 000196.183, 151.0
Trd, 000197.467, 152
Trd, 000197.633, 153
Trd, 000198.417, 151.0
Trd, 000199.933, 152
Trd, 000201.133, 151
Trd, 000201.833, 152
Trd, 000201.917, 150
Trd, 000202.667, 153
Trd, 000202.967, 150
Trd, 000203.433, 152
Trd, 000203.517, 149
Trd, 000204.150, 148
Trd, 000204.800, 148.0
Trd, 000207.633, 149
Trd, 000207.817, 148
Trd, 000208.333, 151
Trd, 000208.367, 150.0
Trd, 000208.517, 155.0
Trd, 000208.700, 148.0
Trd, 000208.883, 146
Trd, 000209.450, 148
Trd, 000209.717, 147
Trd, 000209.950, 146
Trd, 000211.383, 146
Trd, 000211.983, 154
Trd, 000212.717, 157
Trd, 000213.500, 156
Trd, 000213.583, 155
Trd, 000214.233, 153.0
Trd, 000214.250, 161
Trd, 000214.367, 151.0
Trd, 000215.633, 152
Trd, 000216.133, 162
Trd, 000217.267, 158
Trd, 000217.367, 151
Trd, 000218.200, 151
Trd, 000219.017, 153
Trd, 000219.400, 148.0
Trd, 000220.600, 150
Trd, 000220.633, 149
Trd, 000221.967, 149.0
Trd, 000222.250, 150
Trd, 000222.783, 149.0
Trd, 000224.000, 148
Trd, 000224.150, 147
Trd, 000224.550, 149
Trd, 000225.017, 148.0
Trd, 000225.100, 150
Trd, 000225.233, 137.0
Trd, 000225.817, 151
Trd, 000227.117, 153
Trd, 000227.217, 146
Trd, 000227.600, 147
Trd, 000228.500, 147
Trd, 000228.800, 147
Trd, 000229.217, 147
Trd, 000229.950, 147
Trd, 000229.967, 146
Trd, 000230.400, 146
Trd, 000231.517, 155.0
Trd, 000233.283, 146
Trd, 000234.017, 147
Trd, 000234.783, 148
Trd, 000234.917, 147
Trd, 000235.117, 147
Trd, 000235.317, 147
Trd, 000236.750, 148
Trd, 000237.100, 149
Trd, 000238.517, 147
Trd, 000239.533, 149.0
Trd, 000239.933, 150
Trd, 000240.083, 155.0
Trd, 000240.333, 149
Trd, 000240.400, 148
Trd, 000240.800, 150.0
Trd, 000240.867, 148.0
Trd, 000241.067, 148
Trd, 000241.167, 149
Trd, 000241.233, 149
Trd, 000241.433, 149
Trd, 000241.583, 147
Trd, 000241.650, 151
Trd, 000241.933, 147
Trd, 000242.300, 145.0
Trd, 000242.733, 147.0
Trd, 000243.200, 146
Trd, 000243.500, 148
Trd, 000243.950, 149
Trd, 000244.150, 146
Trd, 000244.450, 146
Trd, 000244.883, 148
Trd, 000245.100, 149
Trd, 000245.283, 149
Trd, 000246.783, 153.0
Trd, 000247.200, 151.0
Trd, 000247.667, 152.0
Trd, 000247.850, 152
Trd, 000247.883, 151
Trd, 000247.933, 153
Trd, 000248.350, 151
Trd, 000248.900, 151
Trd, 000249.133, 148.0
Trd, 000249.883, 152
Trd, 000250.150, 153
Trd, 000250.467, 155.0
Trd, 000251.950, 164
Trd, 000252.083, 163
Trd, 000253.600, 161
Trd, 000254.500, 156.0
Trd, 000254.583, 154.0
Trd, 000255.333, 154
Trd, 000255.400, 155
Trd, 000255.650, 155.0
Trd, 000255.817, 154
Trd, 000255.917, 151.0
Trd, 000256.450, 157
Trd, 000256.917, 158
Trd, 000257.050, 168.0
Trd, 000257.633, 175.0
Trd, 000257.717, 168.0
Trd, 000257.733, 167
Trd, 000258.133, 163
Trd, 000259.283, 159
Trd, 000259.450, 148.0
Trd, 000260.017, 144.0
Trd, 000260.550, 139.0
Trd, 000260.617, 137.0
Trd, 000260.800, 141
Trd, 000261.250, 146
Trd, 000261.283, 148.0
Trd, 000261.650, 144
Trd, 000261.817, 147
Trd, 000262.550, 147
Trd, 000262.917, 149
Trd, 000263.083, 155.0
Trd, 000263.317, 148
Trd, 000263.617, 146
Trd, 000263.733, 143
Trd, 000265.500, 148.0
Trd, 000265.883, 151
Trd, 000266.717, 152
Trd, 000266.800, 155
Trd, 000266.817, 156
Trd, 000267.033, 157
Trd, 000267.117, 151.0
Trd, 000267.483, 155
Trd, 000267.567, 155
Trd, 000267.700, 155
Trd, 000268.483, 155
Trd, 000268.567, 156
Trd, 000268.683, 163
Trd, 000269.217, 154
Trd, 000270.133, 152
Trd, 000270.600, 159
Trd, 000271.700, 151.0
Trd, 000272.350, 150.0
Trd, 000272.483, 152
Trd, 000273.117, 150
Trd, 000273.833, 151
Trd, 000273.850, 149
Trd, 000273.900, 154
Trd, 000274.000, 153
Trd, 000274.983, 148.0
Trd, 000275.483, 150.0
Trd, 000275.550, 148
Trd, 000275.650, 144.0
Trd, 000275.733, 144
Trd, 000276.317, 153.0
Trd, 000276.767, 149.0
Trd, 000277.200, 154
Trd, 000277.317, 155.0
Trd, 000277.800, 163
Trd, 000277.867, 153.0
Trd, 000278.333, 156
Trd, 000279.900, 153
Trd, 000280.000, 156
Trd, 000280.400, 154
Trd, 000280.600, 153
Trd, 000280.867, 152
Trd, 000280.967, 151.0
Trd, 000281.000, 155
Trd, 000281.150, 151
Trd, 000281.483, 155
Trd, 000281.517, 156
Trd, 000281.950, 156
Trd, 000282.700, 150.0
Trd, 000283.200, 153
Trd, 000283.350, 155
Trd, 000283.700, 149.0
Trd, 000283.800, 144.0
Trd, 000284.733, 141.0
Trd, 000285.317, 146
Trd, 000286.083, 146
Trd, 000286.317, 148.0
Trd, 000286.400, 145
Trd, 000287.050, 146
Trd, 000287.383, 145
Trd, 000287.500, 148.0
Trd, 000287.517, 145
Trd, 000287.617, 137.0
Trd, 000287.783, 148
Trd, 000288.233, 148.0
Trd, 000288.800, 147
Trd, 000290.150, 160
Trd, 000290.217, 162
Trd, 000290.500, 150
Trd, 000290.833, 150
Trd, 000291.567, 150
Trd, 000291.767, 149
Trd, 000292.000, 155
Trd, 000292.033, 156
Trd, 000292.200, 148.0
Trd, 000292.467, 149.0
Trd, 000292.900, 147
Trd, 000293.450, 148.0
Trd, 000293.600, 134.0
Trd, 000295.017, 144.0
Trd, 000295.033, 144.0
Trd, 000295.400, 148.0
Trd, 000295.483, 143
Trd, 000295.883, 141.0
Trd, 000295.900, 144
Trd, 000296.500, 142
Trd, 000296.750, 144
Trd, 000297.550, 144
Trd, 000298.017, 143
Trd, 000298.333, 142
Trd, 000299.033, 144
Trd, 000299.233, 148.0
Trd, 000299.267, 142
