Trd, 000002.683, 175.0
Trd, 000003.300, 166.0
Trd, 000003.833, 170
Trd, 000003.933, 165.0
Trd, 000004.700, 158.0
Trd, 000005.167, 167
Trd, 000005.183, 168
Trd, 000005.983, 167
Trd, 000007.033, 164
Trd, 000007.233, 165
Trd, 000007.667, 162
Trd, 000008.200, 158.0
Trd, 000008.583, 163
Trd, 000009.550, 161
Trd, 000010.067, 160
Trd, 000010.083, 162
Trd, 000011.650, 158
Trd, 000011.767, 159
Trd, 000011.950, 151.0
Trd, 000012.217, 137
Trd, 000012.400, 147
Trd, 000012.833, 150.0
Trd, 000013.817, 151.0
Trd, 000014.750, 152
Trd, 000015.417, 148
Trd, 000015.817, 148
Trd, 000016.317, 151.0
Trd, 000017.250, 154
Trd, 000017.883, 152
Trd, 000018.300, 152
Trd, 000018.383, 152
Trd, 000019.367, 155
Trd, 000019.817, 153
Trd, 000020.450, 157
Trd, 000021.083, 162
Trd, 000021.800, 161
Trd, 000023.350, 163
Trd, 000023.600, 165
Trd, 000023.617, 168
Trd, 000023.700, 172
Trd, 000024.083, 160
Trd, 000024.783, 165
Trd, 000025.450, 160
Trd, 000025.917, 163
Trd, 000026.217, 159
Trd, 000026.517, 163
Trd, 000027.750, 159
Trd, 000028.300, 159
Trd, 000028.517, 160
Trd, 000028.583, 162
Trd, 000028.867, 159
Trd, 000030.383, 159
Trd, 000030.600, 158.0
Trd, 000031.333, 160
Trd, 000031.483, 161
Trd, 000031.750, 160
Trd, 000031.783, 162
Trd, 000034.983, 158
Trd, 000035.050, 158.0
Trd, 000035.533, 159
Trd, 000035.683, 151.0
Trd, 000036.450, 151.0
Trd, 000036.750, 155
Trd, 000037.250, 154
Trd, 000038.250, 153
Trd, 000038.967, 154
Trd, 000040.200, 151
Trd, 000041.333, 153
Trd, 000041.667, 152
Trd, 000041.867, 152
Trd, 000042.867, 154
Trd, 000042.900, 155
Trd, 000043.867, 155
Trd, 000044.533, 155
Trd, 000044.967, 126
Trd, 000046.283, 170
Trd, 000046.533, 152
Trd, 000048.750, 149.0
Trd, 000048.800, 150.0
Trd, 000049.267, 151.0
Trd, 000049.400, 155
Trd, 000049.667, 162
Trd, 000050.883, 158
Trd, 000051.183, 154
Trd, 000052.233, 152
Trd, 000052.317, 151.0
Trd, 000052.483, 160
Trd, 000053.000, 136
Trd, 000053.767, 147
Trd, 000054.100, 150.0
Trd, 000055.683, 148.0
Trd, 000055.917, 146
Trd, 000056.033, 149
Trd, 000056.800, 155
Trd, 000057.300, 150
Trd, 000057.800, 148
Trd, 000058.167, 149
Trd, 000058.367, 150
Trd, 000058.800, 151.0
Trd, 000059.383, 147
Trd, 000059.967, 149
Trd, 000060.133, 151
Trd, 000060.767, 148
Trd, 000061.133, 155
Trd, 000061.300, 162
Trd, 000061.633, 157
Trd, 000062.333, 155
Trd, 000062.817, 149
Trd, 000063.417, 161
Trd, 000063.800, 156
Trd, 000064.517, 156
Trd, 000065.900, 155
Trd, 000066.233, 157
Trd, 000067.083, 156
Trd, 000067.100, 155
Trd, 000068.017, 153
Trd, 000068.767, 155
Trd, 000068.967, 157
Trd, 000069.033, 159
Trd, 000069.383, 161
Trd, 000071.217, 154
Trd, 000071.500, 155
Trd, 000071.600, 152.0
Trd, 000073.033, 151.0
Trd, 000073.250, 154
Trd, 000074.683, 151
Trd, 000074.817, 151
Trd, 000075.633, 146
Trd, 000075.700, 143
Trd, 000076.617, 149.0
Trd, 000077.950, 145
Trd, 000078.117, 149
Trd, 000078.150, 151.0
Trd, 000078.617, 155
Trd, 000079.017, 168
Trd, 000080.533, 166
Trd, 000082.600, 157
Trd, 000083.300, 158
Trd, 000083.350, 162
Trd, 000083.600, 168
Trd, 000083.817, 157
Trd, 000084.400, 152
Trd, 000084.650, 151
Trd, 000085.683, 148
Trd, 000085.967, 147
Trd, 000086.900, 146.0
Trd, 000086.933, 147.0
Trd, 000087.417, 148.0
Trd, 000088.367, 146
Trd, 000088.867, 145
Trd, 000089.167, 147
Trd, 000089.467, 148.0
Trd, 000090.183, 151.0
Trd, 000090.417, 157
Trd, 000091.333, 150
Trd, 000091.400, 158.0
Trd, 000092.383, 155
Trd, 000092.417, 152
Trd, 000093.233, 136
Trd, 000094.000, 136
Trd, 000094.283, 136
Trd, 000094.333, 139
Trd, 000094.450, 141
Trd, 000095.600, 141
Trd, 000096.533, 157
Trd, 000097.033, 148
Trd, 000097.083, 153
Trd, 000097.217, 154
Trd, 000097.367, 147
Trd, 000098.133, 152
Trd, 000099.567, 153
Trd, 000099.667, 155
Trd, 000099.883, 151
Trd, 000100.250, 150
Trd, 000100.883, 148.0
Trd, 000101.083, 149.0
Trd, 000101.117, 151.0
Trd, 000102.600, 161
Trd, 000103.333, 154
Trd, 000103.700, 153
Trd, 000104.583, 154
Trd, 000105.467, 155
Trd, 000105.783, 154
Trd, 000106.383, 154
Trd, 000106.400, 155
Trd, 000106.650, 153
Trd, 000106.717, 157
Trd, 000107.183, 158.0
Trd, 000107.983, 158.0
Trd, 000109.167, 157
Trd, 000109.717, 157
Trd, 000109.850, 158
Trd, 000110.733, 157
Trd, 000111.050, 158
Trd, 000111.233, 157
Trd, 000112.150, 160
Trd, 000112.233, 157
Trd, 000113.000, 151.0
Trd, 000114.000, 155
Trd, 000114.050, 156
Trd, 000114.650, 154
Trd, 000115.167, 159
Trd, 000115.417, 155
Trd, 000115.717, 156
Trd, 000116.483, 156
Trd, 000117.150, 151.0
Trd, 000117.450, 154
Trd, 000118.083, 136
Trd, 000118.717, 155
Trd, 000119.117, 137
Trd, 000119.967, 151.0
Trd, 000120.683, 147
Trd, 000121.733, 150
Trd, 000122.767, 149
Trd, 000123.200, 148
Trd, 000123.617, 147
Trd, 000124.083, 146
Trd, 000124.333, 147
Trd, 000124.733, 151
Trd, 000124.917, 151.0
Trd, 000125.017, 155
Trd, 000126.500, 157
Trd, 000127.533, 158
Trd, 000127.700, 153
Trd, 000128.017, 152
Trd, 000128.733, 157
Trd, 000129.400, 157
Trd, 000129.983, 152
Trd, 000130.150, 155
Trd, 000131.417, 154
Trd, 000131.667, 153
Trd, 000133.183, 154
Trd, 000134.233, 151
Trd, 000134.317, 151.0
Trd, 000134.900, 144
Trd, 000134.917, 140
Trd, 000135.050, 145
Trd, 000135.267, 147
Trd, 000136.017, 150
Trd, 000137.483, 151
Trd, 000137.667, 150.0
Trd, 000138.500, 150.0
Trd, 000139.033, 151.0
Trd, 000139.383, 148
Trd, 000139.650, 154
Trd, 000139.967, 136
Trd, 000140.083, 153
Trd, 000141.033, 148
Trd, 000141.050, 155
Trd, 000142.400, 145
Trd, 000142.800, 158
Trd, 000143.767, 158
Trd, 000144.367, 155
Trd, 000145.017, 155
Trd, 000145.167, 147
Trd, 000145.217, 158
Trd, 000145.450, 157
Trd, 000146.183, 140
Trd, 000146.283, 139
Trd, 000147.167, 151.0
Trd, 000148.583, 154
Trd, 000148.967, 155
Trd, 000149.650, 162
Trd, 000150.983, 159
Trd, 000151.550, 157
Trd, 000151.683, 154
Trd, 000152.017, 155
Trd, 000154.050, 160
Trd, 000154.533, 157
Trd, 000154.783, 154
Trd, 000155.417, 155
Trd, 000155.600, 157
Trd, 000156.150, 152
Trd, 000156.733, 154
Trd, 000157.317, 151.0
Trd, 000157.817, 151
Trd, 000158.067, 151
Trd, 000158.317, 152
Trd, 000158.583, 148
Trd, 000159.117, 147
Trd, 000160.533, 148
Trd, 000160.683, 148
Trd, 000160.783, 149
Trd, 000162.717, 148
Trd, 000162.850, 149
Trd, 000162.917, 150
Trd, 000163.467, 149
Trd, 000164.583, 149
Trd, 000164.783, 148
Trd, 000165.650, 153
Trd, 000165.833, 155
Trd, 000166.200, 161
Trd, 000166.683, 154
Trd, 000167.183, 159.0
Trd, 000167.750, 159
Trd, 000167.900, 160.0
Trd, 000168.167, 158.0
Trd, 000168.483, 158
Trd, 000168.950, 158
Trd, 000170.183, 155
Trd, 000170.600, 152
Trd, 000170.900, 146
Trd, 000171.800, 136
Trd, 000172.317, 146
Trd, 000172.533, 147
Trd, 000173.167, 149.0
Trd, 000174.100, 151.0
Trd, 000174.900, 151.0
Trd, 000175.400, 154
Trd, 000176.633, 153
Trd, 000177.383, 152
Trd, 000177.817, 151.0
Trd, 000178.067, 153
Trd, 000178.083, 156
Trd, 000178.433, 161
Trd, 000178.500, 162
Trd, 000178.517, 172
Trd, 000179.133, 153
Trd, 000181.583, 159
Trd, 000182.967, 159
Trd, 000183.583, 158
Trd, 000183.733, 157
Trd, 000183.917, 158
Trd, 000184.200, 154
Trd, 000185.117, 159
Trd, 000185.450, 160
Trd, 000185.650, 158.0
Trd, 000186.900, 161
Trd, 000188.717, 161
Trd, 000189.000, 161
Trd, 000189.233, 159
Trd, 000189.433, 158.0
Trd, 000190.150, 158
Trd, 000190.300, 157
Trd, 000190.867, 157
Trd, 000191.050, 156
Trd, 000191.783, 158
Trd, 000192.683, 162
Trd, 000192.867, 168
Trd, 000193.283, 173
Trd, 000193.967, 168
Trd, 000194.233, 160
Trd, 000195.183, 166
Trd, 000196.883, 160
Trd, 000197.033, 159
Trd, 000197.817, 156
Trd, 000198.017, 152
Trd, 000198.333, 153
Trd, 000198.650, 152
Trd, 000198.800, 152.0
Trd, 000199.050, 153
Trd, 000199.150, 152.0
Trd, 000199.633, 161
Trd, 000199.933, 151.0
Trd, 000200.617, 158
Trd, 000201.783, 151.0
Trd, 000203.383, 148
Trd, 000203.500, 151
Trd, 000203.683, 151.0
Trd, 000204.550, 145
Trd, 000204.817, 126
Trd, 000205.117, 142
Trd, 000205.333, 148.0
Trd, 000206.683, 153
Trd, 000207.067, 137
Trd, 000208.117, 153
Trd, 000208.417, 153
Trd, 000209.233, 154
Trd, 000210.633, 154
Trd, 000210.750, 139
Trd, 000211.917, 154
Trd, 000212.417, 151
Trd, 000212.600, 151.0
Trd, 000213.683, 149
Trd, 000214.300, 152
Trd, 000214.367, 155
Trd, 000215.000, 155
Trd, 000215.500, 157
Trd, 000215.667, 157
Trd, 000216.017, 148
Trd, 000217.183, 156
Trd, 000217.650, 157
Trd, 000217.917, 158
Trd, 000218.333, 156
Trd, 000218.850, 151
Trd, 000219.100, 152.0
Trd, 000219.917, 155
Trd, 000219.983, 155
Trd, 000220.067, 152.0
Trd, 000221.433, 156
Trd, 000223.067, 154
Trd, 000223.100, 153.0
Trd, 000223.633, 151.0
Trd, 000223.867, 151
Trd, 000225.417, 151
Trd, 000225.917, 152
Trd, 000227.350, 150
Trd, 000227.567, 150
Trd, 000227.850, 150
Trd, 000228.683, 152
Trd, 000229.017, 152
Trd, 000229.650, 155
Trd, 000230.950, 151
Trd, 000231.250, 151
Trd, 000231.367, 150
Trd, 000232.183, 150
Trd, 000232.517, 149
Trd, 000232.900, 139
Trd, 000233.050, 148
Trd, 000233.883, 150
Trd, 000235.017, 166
Trd, 000235.050, 151
Trd, 000235.867, 158.0
Trd, 000236.367, 157
Trd, 000237.000, 151.0
Trd, 000237.350, 154
Trd, 000238.150, 155
Trd, 000238.250, 155
Trd, 000238.917, 152
Trd, 000239.217, 161
Trd, 000240.633, 154
Trd, 000240.783, 153.0
Trd, 000240.800, 156
Trd, 000240.917, 156
Trd, 000241.750, 151.0
Trd, 000241.800, 151
Trd, 000242.333, 151
Trd, 000242.417, 152
Trd, 000242.600, 158
Trd, 000243.183, 155
Trd, 000243.733, 156
Trd, 000244.400, 151
Trd, 000244.567, 148.0
Trd, 000245.167, 150
Trd, 000245.367, 155
Trd, 000245.917, 151
Trd, 000246.117, 150
Trd, 000246.300, 153
Trd, 000246.367, 154
Trd, 000246.883, 162
Trd, 000247.417, 153
Trd, 000247.483, 154
Trd, 000248.350, 149
Trd, 000248.467, 137
Trd, 000248.933, 147
Trd, 000249.100, 150
Trd, 000249.800, 150
Trd, 000250.100, 152
Trd, 000250.383, 150
Trd, 000250.567, 151.0
Trd, 000251.617, 149
Trd, 000251.933, 149
Trd, 000252.133, 148.0
Trd, 000252.200, 151
Trd, 000252.883, 152
Trd, 000253.317, 150
Trd, 000253.700, 149
Trd, 000253.833, 151
Trd, 000254.367, 149
Trd, 000255.317, 151
Trd, 000255.567, 150
Trd, 000256.283, 150.0
Trd, 000256.833, 150.0
Trd, 000257.017, 151.0
Trd, 000258.517, 150
Trd, 000258.850, 149
Trd, 000259.217, 152
Trd, 000259.417, 149.0
Trd, 000259.767, 148.0
Trd, 000260.083, 147
Trd, 000260.400, 148
Trd, 000260.617, 149
Trd, 000260.783, 155
Trd, 000260.950, 149
Trd, 000262.533, 151
Trd, 000262.633, 153
Trd, 000263.117, 150
Trd, 000263.200, 151
Trd, 000263.633, 149
Trd, 000263.867, 149
Trd, 000264.300, 142
Trd, 000264.583, 139
Trd, 000264.833, 143
Trd, 000265.217, 146.0
Trd, 000265.400, 147.0
Trd, 000265.583, 148.0
Trd, 000265.783, 131.0
Trd, 000267.217, 144.0
Trd, 000268.200, 151.0
Trd, 000269.250, 151.0
Trd, 000269.733, 150.0
Trd, 000270.067, 149
Trd, 000270.333, 148.0
Trd, 000270.700, 148
Trd, 000270.883, 149
Trd, 000271.517, 155
Trd, 000271.983, 153
Trd, 000272.300, 149.0
Trd, 000272.533, 154
Trd, 000272.583, 154
Trd, 000272.667, 151.0
Trd, 000273.150, 148.0
Trd, 000273.317, 137
Trd, 000274.067, 136
Trd, 000274.133, 144
Trd, 000274.283, 145
Trd, 000274.833, 139
Trd, 000275.117, 140
Trd, 000275.883, 146
Trd, 000276.300, 148.0
Trd, 000276.367, 146
Trd, 000276.600, 147
Trd, 000276.783, 147
Trd, 000277.033, 153
Trd, 000278.400, 153
Trd, 000278.433, 151.0
Trd, 000278.783, 155
Trd, 000278.883, 161
Trd, 000279.517, 152
Trd, 000279.850, 159
Trd, 000280.233, 158.0
Trd, 000280.433, 154
Trd, 000280.450, 159
Trd, 000281.200, 152
Trd, 000281.267, 151.0
Trd, 000281.833, 153
Trd, 000283.150, 149.0
Trd, 000283.300, 151
Trd, 000283.333, 152
Trd, 000283.500, 152
Trd, 000283.950, 155
Trd, 000284.450, 150
Trd, 000285.000, 148.0
Trd, 000285.667, 152
Trd, 000286.067, 149
Trd, 000286.100, 147
Trd, 000286.433, 148
Trd, 000286.700, 148.0
Trd, 000287.283, 150
Trd, 000287.300, 163
Trd, 000287.317, 168
Trd, 000287.583, 157
Trd, 000288.433, 156
Trd, 000288.717, 151.0
Trd, 000289.050, 158
Trd, 000290.017, 154
Trd, 000290.417, 155
Trd, 000290.933, 151
Trd, 000291.767, 152
Trd, 000291.967, 154
Trd, 000292.100, 155
Trd, 000292.417, 152.0
Trd, 000292.450, 158
Trd, 000292.583, 161
Trd, 000293.017, 160
Trd, 000293.117, 162
Trd, 000293.267, 152
Trd, 000294.183, 158
Trd, 000294.633, 156
Trd, 000295.317, 152.0
Trd, 000295.667, 151.0
Trd, 000296.017, 148.0
Trd, 000296.050, 151
Trd, 000296.500, 150
Trd, 000296.667, 151
Trd, 000297.900, 151.0
Trd, 000298.017, 152
Trd, 000298.250, 153
Trd, 000298.350, 162
Trd, 000298.483, 154
Trd, 000298.867, 153
