Trd, 000000.567, 162.0
Trd, 000001.350, 169
Trd, 000003.350, 155.0
Trd, 000003.983, 157
Trd, 000005.400, 148.0
Trd, 000005.667, 149
Trd, 000006.000, 149
Trd, 000006.400, 132
Trd, 000006.550, 154
Trd, 000006.567, 131
Trd, 000007.100, 134
Trd, 000007.817, 144
Trd, 000008.467, 132
Trd, 000009.467, 138
Trd, 000009.533, 148.0
Trd, 000010.217, 144.0
Trd, 000010.900, 145.0
Trd, 000011.000, 141
Trd, 000012.017, 139
Trd, 000012.233, 143.0
Trd, 000013.033, 131.0
Trd, 000014.150, 138
Trd, 000015.383, 138
Trd, 000016.167, 135
Trd, 000016.317, 140
Trd, 000016.583, 136
Trd, 000016.800, 141.0
Trd, 000017.883, 140
Trd, 000018.117, 139
Trd, 000018.600, 139
Trd, 000019.150, 140
Trd, 000019.950, 141.0
Trd, 000020.267, 155
Trd, 000020.650, 136
Trd, 000020.933, 155.0
Trd, 000022.400, 156
Trd, 000023.283, 146
Trd, 000023.433, 145
Trd, 000023.467, 142
Trd, 000023.883, 146
Trd, 000024.300, 144
Trd, 000024.617, 147
Trd, 000025.000, 158
Trd, 000025.217, 142
Trd, 000027.050, 157.0
Trd, 000027.083, 149
Trd, 000027.650, 148
Trd, 000029.150, 149
Trd, 000029.500, 150
Trd, 000029.817, 151
Trd, 000030.150, 155
Trd, 000031.050, 155
Trd, 000031.067, 152
Trd, 000031.850, 148.0
Trd, 000031.917, 153
Trd, 000032.217, 156
Trd, 000032.467, 158
Trd, 000033.867, 147
Trd, 000033.883, 156
Trd, 000035.267, 160
Trd, 000035.533, 160
Trd, 000035.733, 161
Trd, 000036.117, 136
Trd, 000036.133, 130
Trd, 000036.200, 157
Trd, 000036.567, 155.0
Trd, 000037.267, 162.0
Trd, 000037.350, 125.0
Trd, 000038.017, 160
Trd, 000038.867, 139
Trd, 000040.200, 154
Trd, 000040.283, 158
Trd, 000040.550, 148
Trd, 000043.000, 152
Trd, 000043.817, 149
Trd, 000044.333, 149
Trd, 000044.867, 148.0
Trd, 000045.050, 149
Trd, 000045.133, 138
Trd, 000045.183, 152
Trd, 000045.533, 154
Trd, 000045.867, 152
Trd, 000046.200, 161
Trd, 000047.150, 154
Trd, 000048.217, 154.0
Trd, 000049.100, 153
Trd, 000049.717, 153
Trd, 000049.900, 152
Trd, 000050.117, 154
Trd, 000051.317, 150
Trd, 000051.617, 153
Trd, 000051.917, 153
Trd, 000052.267, 154
Trd, 000052.433, 155.0
Trd, 000052.617, 158
Trd, 000053.700, 155
Trd, 000053.950, 127.0
Trd, 000054.183, 158
Trd, 000056.433, 148
Trd, 000056.650, 155
Trd, 000057.250, 154
Trd, 000058.650, 152
Trd, 000059.150, 150
Trd, 000059.650, 151
Trd, 000060.050, 150
Trd, 000061.017, 151
Trd, 000062.033, 151
Trd, 000062.067, 154.0
Trd, 000062.450, 155.0
Trd, 000062.683, 158
Trd, 000062.883, 150
Trd, 000063.633, 158.0
Trd, 000063.783, 148.0
Trd, 000065.567, 154
Trd, 000065.600, 154
Trd, 000066.450, 150
Trd, 000067.000, 150
Trd, 000067.567, 149
Trd, 000067.883, 149
Trd, 000068.083, 150
Trd, 000068.117, 148
Trd, 000068.367, 151
Trd, 000069.333, 153
Trd, 000070.350, 146
Trd, 000071.750, 150
Trd, 000072.300, 155.0
Trd, 000072.467, 158
Trd, 000073.117, 150
Trd, 000073.250, 148.0
Trd, 000073.267, 160.0
Trd, 000074.183, 155
Trd, 000075.550, 153
Trd, 000075.667, 154
Trd, 000076.750, 153.0
Trd, 000077.300, 153.0
Trd, 000077.483, 154
Trd, 000078.000, 155.0
Trd, 000079.283, 153
Trd, 000079.317, 155
Trd, 000079.850, 150
Trd, 000080.300, 156
Trd, 000080.783, 156
Trd, 000081.300, 155
Trd, 000081.333, 149.0
Trd, 000082.267, 153
Trd, 000082.833, 149
Trd, 000083.233, 154
Trd, 000084.250, 155.0
Trd, 000084.383, 148.0
Trd, 000084.483, 146
Trd, 000084.783, 158
Trd, 000085.983, 155
Trd, 000086.283, 153
Trd, 000087.350, 151
Trd, 000087.450, 152
Trd, 000087.667, 151
Trd, 000088.033, 153
Trd, 000089.300, 153
Trd, 000089.667, 149
Trd, 000089.900, 152
Trd, 000090.200, 154.0
Trd, 000091.267, 152
Trd, 000091.417, 153
Trd, 000091.483, 150.0
Trd, 000091.733, 158
Trd, 000093.733, 154.0
Trd, 000093.817, 155.0
Trd, 000095.183, 155
Trd, 000095.667, 158
Trd, 000095.700, 152
Trd, 000097.550, 150
Trd, 000097.783, 148.0
Trd, 000098.200, 129
Trd, 000098.517, 155.0
Trd, 000098.617, 157
Trd, 000099.067, 160.0
Trd, 000100.700, 155
Trd, 000101.900, 153
Trd, 000102.400, 154
Trd, 000102.467, 151
Trd, 000103.867, 147
Trd, 000104.050, 133
Trd, 000104.317, 131.0
Trd, 000104.367, 148
Trd, 000104.467, 130
Trd, 000104.917, 142
Trd, 000104.950, 155.0
Trd, 000105.233, 160
Trd, 000105.883, 158
Trd, 000107.033, 161.0
Trd, 000107.117, 162.0
Trd, 000107.967, 159.0
Trd, 000108.500, 156.0
Trd, 000109.283, 161.0
Trd, 000109.783, 162.0
Trd, 000110.867, 159
Trd, 000111.150, 154
Trd, 000111.617, 159
Trd, 000111.700, 151
Trd, 000113.900, 156.0
Trd, 000114.000, 157
Trd, 000115.317, 155.0
Trd, 000115.450, 156
Trd, 000115.483, 157
Trd, 000115.617, 158
Trd, 000116.767, 155
Trd, 000117.967, 154
Trd, 000118.000, 148.0
Trd, 000118.283, 131.0
Trd, 000119.050, 140
Trd, 000119.733, 141.0
Trd, 000119.867, 148
Trd, 000120.633, 148
Trd, 000121.250, 148
Trd, 000121.283, 149
Trd, 000121.450, 153
Trd, 000121.633, 140
Trd, 000122.450, 150
Trd, 000123.450, 148
Trd, 000123.617, 149
Trd, 000123.950, 140
Trd, 000124.450, 153
Trd, 000124.883, 154
Trd, 000124.950, 155.0
Trd, 000125.583, 156.0
Trd, 000126.583, 158
Trd, 000126.800, 155.0
Trd, 000127.067, 148.0
Trd, 000127.983, 153
Trd, 000128.150, 148
Trd, 000129.000, 148
Trd, 000129.650, 154
Trd, 000129.850, 155
Trd, 000131.050, 151
Trd, 000131.850, 152
Trd, 000133.283, 149
Trd, 000133.333, 149
Trd, 000133.433, 148.0
Trd, 000134.367, 149
Trd, 000134.583, 150
Trd, 000135.000, 138
Trd, 000136.150, 148
Trd, 000136.317, 155
Trd, 000137.117, 156
Trd, 000137.583, 147
Trd, 000138.350, 158
Trd, 000139.433, 156.0
Trd, 000139.833, 156
Trd, 000140.133, 155.0
Trd, 000140.300, 148.0
Trd, 000140.783, 154
Trd, 000141.550, 150
Trd, 000141.600, 154
Trd, 000141.850, 154
Trd, 000142.167, 149
Trd, 000142.767, 150
Trd, 000143.467, 151
Trd, 000143.900, 148
Trd, 000144.500, 148.0
Trd, 000145.100, 149
Trd, 000145.567, 150
Trd, 000146.867, 147
Trd, 000147.583, 148
Trd, 000147.817, 148
Trd, 000148.100, 149
Trd, 000148.583, 147
Trd, 000149.700, 151
Trd, 000149.767, 153.0
Trd, 000149.817, 154.0
Trd, 000150.683, 155.0
Trd, 000151.450, 157
Trd, 000152.967, 155
Trd, 000153.167, 155
Trd, 000153.867, 152
Trd, 000154.717, 154
Trd, 000155.817, 150
Trd, 000156.000, 149.0
Trd, 000156.083, 154
Trd, 000156.167, 155
Trd, 000156.633, 158
Trd, 000159.367, 134
Trd, 000159.717, 146
Trd, 000160.433, 143
Trd, 000160.833, 144
Trd, 000161.117, 145
Trd, 000161.583, 150
Trd, 000161.800, 144
Trd, 000162.233, 152
Trd, 000164.150, 152.0
Trd, 000164.917, 149.0
Trd, 000165.217, 146
Trd, 000165.933, 148
Trd, 000165.967, 149
Trd, 000166.717, 154.0
Trd, 000166.750, 147
Trd, 000167.283, 148
Trd, 000167.750, 148
Trd, 000168.033, 147
Trd, 000168.200, 148
Trd, 000168.433, 149
Trd, 000168.650, 144
Trd, 000170.083, 145
Trd, 000170.617, 146
Trd, 000171.800, 145
Trd, 000172.483, 154.0
Trd, 000172.717, 155.0
Trd, 000173.067, 144
Trd, 000173.767, 130
Trd, 000175.233, 133
Trd, 000175.567, 160.0
Trd, 000175.783, 141
Trd, 000175.850, 160.0
Trd, 000177.867, 150
Trd, 000178.550, 149
Trd, 000179.100, 150
Trd, 000180.333, 155.0
Trd, 000180.367, 149
Trd, 000180.983, 150.0
Trd, 000181.250, 148.0
Trd, 000182.417, 154
Trd, 000182.533, 155
Trd, 000183.000, 154.0
Trd, 000183.233, 152
Trd, 000184.150, 154.0
Trd, 000184.433, 153
Trd, 000184.917, 154
Trd, 000186.517, 151
Trd, 000186.533, 150
Trd, 000187.583, 151.0
Trd, 000187.667, 149.0
Trd, 000187.800, 152.0
Trd, 000188.700, 149.0
Trd, 000188.983, 150
Trd, 000189.233, 152
Trd, 000190.100, 155.0
Trd, 000191.633, 138
Trd, 000193.000, 144
Trd, 000193.183, 138
Trd, 000193.367, 145
Trd, 000194.500, 145
Trd, 000194.750, 131.0
Trd, 000194.900, 151
Trd, 000196.067, 143
Trd, 000197.300, 142
Trd, 000197.600, 144
Trd, 000198.533, 144
Trd, 000198.850, 143
Trd, 000199.317, 149.0
Trd, 000199.550, 146
Trd, 000200.050, 146
Trd, 000200.067, 149.0
Trd, 000200.500, 158
Trd, 000201.417, 144
Trd, 000202.333, 155
Trd, 000202.667, 154
Trd, 000204.317, 149
Trd, 000205.200, 147
Trd, 000206.300, 146
Trd, 000206.483, 148
Trd, 000206.767, 148
Trd, 000208.250, 145
Trd, 000208.467, 145
Trd, 000208.667, 146
Trd, 000208.900, 145
Trd, 000209.017, 153
Trd, 000209.650, 155.0
Trd, 000210.217, 155.0
Trd, 000210.517, 156
Trd, 000210.650, 148
Trd, 000211.700, 158
Trd, 000212.050, 150
Trd, 000212.300, 155.0
Trd, 000213.017, 162.0
Trd, 000214.300, 166
Trd, 000214.750, 163.0
Trd, 000215.100, 162
Trd, 000215.150, 162.0
Trd, 000215.667, 162
Trd, 000216.100, 149
Trd, 000216.450, 148
Trd, 000217.400, 150
Trd, 000217.517, 157
Trd, 000217.883, 150
Trd, 000218.067, 157
Trd, 000218.633, 157
Trd, 000219.550, 148.0
Trd, 000219.717, 153
Trd, 000220.817, 154
Trd, 000221.850, 154.0
Trd, 000223.950, 153
Trd, 000224.033, 154
Trd, 000224.300, 152
Trd, 000226.100, 152
Trd, 000226.283, 152
Trd, 000227.000, 154
Trd, 000228.033, 152.0
Trd, 000229.267, 154
Trd, 000229.467, 149
Trd, 000229.533, 153
Trd, 000229.617, 148
Trd, 000230.583, 152
Trd, 000231.383, 146
Trd, 000231.517, 149
Trd, 000232.583, 155.0
Trd, 000232.683, 146
Trd, 000233.500, 150
Trd, 000234.950, 146
Trd, 000235.183, 148
Trd, 000235.367, 144
Trd, 000236.317, 147
Trd, 000236.983, 144
Trd, 000237.267, 143
Trd, 000237.800, 145
Trd, 000238.283, 152
Trd, 000239.450, 148
Trd, 000240.033, 145
Trd, 000240.533, 146
Trd, 000241.000, 146
Trd, 000241.183, 146.0
Trd, 000241.450, 148.0
Trd, 000241.767, 148
Trd, 000241.933, 158
Trd, 000242.167, 155.0
Trd, 000242.767, 156.0
Trd, 000243.083, 158.0
Trd, 000243.350, 157
Trd, 000243.617, 150
Trd, 000243.717, 155.0
Trd, 000244.200, 161.0
Trd, 000244.383, 152
Trd, 000245.533, 165.0
Trd, 000246.367, 160
Trd, 000246.433, 160
Trd, 000246.900, 160
Trd, 000247.317, 159.0
Trd, 000248.683, 157
Trd, 000248.833, 156
Trd, 000248.967, 156.0
Trd, 000249.417, 132
Trd, 000249.783, 159
Trd, 000251.433, 148.0
Trd, 000251.683, 147
Trd, 000251.733, 150
Trd, 000251.817, 151
Trd, 000252.217, 152
Trd, 000252.333, 152
Trd, 000253.083, 146
Trd, 000253.100, 154
Trd, 000253.933, 158
Trd, 000254.817, 156
Trd, 000254.867, 155
Trd, 000255.017, 161.0
Trd, 000255.600, 157
Trd, 000255.883, 156
Trd, 000256.267, 158
Trd, 000256.483, 158
Trd, 000256.767, 156.0
Trd, 000256.950, 158
Trd, 000257.033, 155.0
Trd, 000257.100, 150
Trd, 000257.383, 156
Trd, 000257.567, 155
Trd, 000257.717, 157
Trd, 000258.217, 145.0
Trd, 000258.700, 153
Trd, 000258.733, 147
Trd, 000259.300, 148.0
Trd, 000260.367, 144
Trd, 000261.750, 146
Trd, 000261.950, 148
Trd, 000262.550, 149
Trd, 000263.917, 148
Trd, 000264.217, 148
Trd, 000264.800, 155.0
Trd, 000264.833, 156.0
Trd, 000264.867, 154.0
Trd, 000265.050, 148.0
Trd, 000265.250, 153.0
Trd, 000265.300, 160
Trd, 000265.567, 155
Trd, 000266.167, 153.0
Trd, 000266.617, 156.0
Trd, 000267.233, 148
Trd, 000267.533, 149
Trd, 000267.783, 147
Trd, 000267.833, 151.0
Trd, 000267.983, 150
Trd, 000268.033, 144.0
Trd, 000268.133, 152.0
Trd, 000268.350, 146
Trd, 000269.000, 153
Trd, 000269.067, 154.0
Trd, 000269.417, 156
Trd, 000269.883, 158
Trd, 000270.433, 157.0
Trd, 000271.083, 163.0
Trd, 000271.533, 156
Trd, 000271.783, 160.0
Trd, 000272.767, 150
Trd, 000273.133, 154.0
Trd, 000273.450, 154.0
Trd, 000273.767, 148.0
Trd, 000274.283, 148.0
Trd, 000274.817, 152.0
Trd, 000275.700, 149
Trd, 000276.717, 151
Trd, 000276.733, 149
Trd, 000276.967, 148
Trd, 000277.150, 154.0
Trd, 000277.517, 148.0
Trd, 000278.600, 145.0
Trd, 000278.767, 144.0
Trd, 000279.167, 130
Trd, 000279.683, 144.0
Trd, 000279.783, 146.0
Trd, 000280.167, 148.0
Trd, 000280.383, 148.0
Trd, 000280.817, 155
Trd, 000281.033, 155.0
Trd, 000281.050, 158
Trd, 000281.083, 164
Trd, 000281.517, 154
Trd, 000281.767, 155.0
Trd, 000282.033, 157
Trd, 000282.700, 157
Trd, 000282.867, 158
Trd, 000283.083, 158
Trd, 000283.517, 158
Trd, 000284.733, 156.0
Trd, 000284.917, 155.0
Trd, 000285.267, 151
Trd, 000285.417, 150
Trd, 000285.617, 159
Trd, 000286.133, 144.0
Trd, 000286.900, 147.0
Trd, 000287.283, 148.0
Trd, 000287.517, 155.0
Trd, 000287.583, 157
Trd, 000288.067, 154
Trd, 000288.683, 145
Trd, 000289.150, 145
Trd, 000289.267, 144
Trd, 000289.300, 157
Trd, 000291.150, 149
Trd, 000291.233, 150
Trd, 000291.300, 153
Trd, 000291.333, 144
Trd, 000291.833, 148.0
Trd, 000292.117, 158
Trd, 000292.317, 162.0
Trd, 000293.217, 152
Trd, 000293.450, 149
Trd, 000293.733, 153
Trd, 000294.083, 152
Trd, 000294.383, 153
Trd, 000294.683, 155.0
Trd, 000295.433, 161.0
Trd, 000296.250, 160.0
Trd, 000296.567, 161.0
Trd, 000296.800, 158.0
Trd, 000296.867, 155.0
Trd, 000297.233, 150
Trd, 000297.483, 161.0
Trd, 000298.117, 159
Trd, 000298.483, 153.0
Trd, 000298.833, 148.0
Trd, 000299.417, 159
Trd, 000299.650, 165.0
