Trd, 000002.417, 179
Trd, 000003.500, 182
Trd, 000003.717, 180
Trd, 000004.517, 179
Trd, 000004.700, 157
Trd, 000005.100, 157
Trd, 000006.100, 148.0
Trd, 000006.150, 141.0
Trd, 000006.633, 165.0
Trd, 000007.600, 141
Trd, 000007.717, 153.0
Trd, 000008.050, 154.0
Trd, 000008.133, 155.0
Trd, 000008.350, 153
Trd, 000008.950, 153
Trd, 000009.033, 158
Trd, 000009.667, 153
Trd, 000009.900, 152
Trd, 000010.267, 149
Trd, 000011.217, 160
Trd, 000011.350, 164.0
Trd, 000011.583, 153.0
Trd, 000012.633, 157
Trd, 000014.450, 156
Trd, 000014.567, 155.0
Trd, 000014.733, 157
Trd, 000015.150, 158
Trd, 000015.733, 153
Trd, 000016.833, 151
Trd, 000016.917, 155
Trd, 000017.733, 154
Trd, 000018.133, 152
Trd, 000018.167, 150
Trd, 000018.433, 153
Trd, 000019.683, 151.0
Trd, 000020.217, 149
Trd, 000020.333, 148.0
Trd, 000021.417, 151
Trd, 000022.650, 151
Trd, 000022.967, 151
Trd, 000023.550, 149
Trd, 000023.667, 154.0
Trd, 000023.800, 155.0
Trd, 000024.333, 157
Trd, 000026.433, 155.0
Trd, 000026.783, 156
Trd, 000027.250, 156
Trd, 000027.467, 156
Trd, 000027.483, 157
Trd, 000027.717, 155
Trd, 000027.817, 158
Trd, 000028.883, 155.0
Trd, 000029.600, 156
Trd, 000031.617, 156
Trd, 000031.800, 155
Trd, 000032.017, 157
Trd, 000032.150, 155
Trd, 000032.633, 155.0
Trd, 000033.117, 149
Trd, 000033.483, 156
Trd, 000034.000, 154
Trd, 000034.367, 156
Trd, 000034.733, 155
Trd, 000036.150, 155
Trd, 000037.033, 154
Trd, 000037.167, 155
Trd, 000038.267, 155
Trd, 000038.300, 151
Trd, 000039.500, 155.0
Trd, 000040.067, 157
Trd, 000040.683, 156
Trd, 000041.267, 155.0
Trd, 000042.067, 155
Trd, 000042.200, 153
Trd, 000042.450, 154
Trd, 000042.900, 164
Trd, 000043.550, 160
Trd, 000044.183, 153
Trd, 000045.483, 152
Trd, 000045.567, 150
Trd, 000046.950, 151
Trd, 000047.367, 151
Trd, 000047.383, 150.0
Trd, 000047.900, 148.0
Trd, 000048.567, 147
Trd, 000048.917, 147
Trd, 000049.267, 146
Trd, 000050.350, 147
Trd, 000050.933, 148
Trd, 000051.450, 155.0
Trd, 000051.733, 158
Trd, 000051.800, 151
Trd, 000052.850, 157
Trd, 000053.583, 156
Trd, 000054.067, 156.0
Trd, 000054.350, 157
Trd, 000054.817, 155.0
Trd, 000055.100, 155
Trd, 000056.867, 154
Trd, 000058.067, 151
Trd, 000058.150, 154
Trd, 000058.300, 150
Trd, 000058.450, 153
Trd, 000060.300, 151
Trd, 000061.617, 151
Trd, 000062.100, 151
Trd, 000062.167, 152
Trd, 000062.200, 151.0
Trd, 000062.717, 154
Trd, 000062.800, 150
Trd, 000063.267, 154
Trd, 000063.717, 155.0
Trd, 000065.250, 150
Trd, 000065.433, 150
Trd, 000066.850, 150
Trd, 000067.167, 149
Trd, 000068.133, 150.0
Trd, 000068.433, 151
Trd, 000068.617, 148.0
Trd, 000069.350, 141.0
Trd, 000069.367, 139
Trd, 000069.567, 152
Trd, 000070.683, 138.0
Trd, 000071.133, 151
Trd, 000072.250, 145
Trd, 000072.700, 148
Trd, 000073.700, 148
Trd, 000073.867, 148
Trd, 000073.900, 147
Trd, 000074.233, 150
Trd, 000075.333, 141.0
Trd, 000076.017, 149
Trd, 000077.717, 148
Trd, 000077.783, 147
Trd, 000078.550, 147
Trd, 000078.567, 146
Trd, 000079.417, 147
Trd, 000079.667, 146
Trd, 000079.817, 148.0
Trd, 000081.133, 149
Trd, 000082.067, 146
Trd, 000082.233, 155.0
Trd, 000082.750, 146
Trd, 000084.233, 150
Trd, 000085.133, 150
Trd, 000085.383, 149
Trd, 000085.583, 150
Trd, 000085.650, 148.0
Trd, 000086.217, 148
Trd, 000086.867, 150
Trd, 000087.900, 154
Trd, 000088.800, 163.0
Trd, 000089.483, 154
Trd, 000089.500, 155.0
Trd, 000089.717, 153
Trd, 000089.950, 156
Trd, 000090.667, 152
Trd, 000091.800, 153
Trd, 000092.833, 151
Trd, 000093.183, 149
Trd, 000093.250, 151
Trd, 000094.267, 142.0
Trd, 000094.483, 141.0
Trd, 000095.000, 148
Trd, 000095.217, 134.0
Trd, 000095.850, 148.0
Trd, 000097.617, 147
Trd, 000098.333, 148
Trd, 000098.550, 148
Trd, 000099.200, 149
Trd, 000099.867, 153.0
Trd, 000100.167, 155.0
Trd, 000100.650, 151
Trd, 000100.850, 152
Trd, 000101.450, 148.0
Trd, 000101.733, 147
Trd, 000102.767, 157
Trd, 000102.850, 147
Trd, 000103.117, 158
Trd, 000104.733, 155
Trd, 000105.767, 153
Trd, 000106.250, 167
Trd, 000106.733, 156
Trd, 000106.800, 160
Trd, 000107.950, 157
Trd, 000108.167, 159
Trd, 000109.050, 155
Trd, 000109.200, 155.0
Trd, 000109.467, 150
Trd, 000110.783, 152
Trd, 000111.083, 152
Trd, 000111.217, 153
Trd, 000111.600, 152
Trd, 000111.633, 148.0
Trd, 000111.733, 153
Trd, 000112.300, 154
Trd, 000113.500, 148
Trd, 000114.517, 135.0
Trd, 000115.283, 148
Trd, 000115.333, 155.0
Trd, 000115.750, 148
Trd, 000115.900, 151
Trd, 000116.200, 148
Trd, 000116.617, 148
Trd, 000117.100, 150
Trd, 000117.417, 148
Trd, 000118.450, 149
Trd, 000118.550, 148
Trd, 000119.033, 148
Trd, 000120.567, 147
Trd, 000120.600, 150
Trd, 000120.683, 155.0
Trd, 000120.817, 141.0
Trd, 000121.083, 135.0
Trd, 000121.550, 152
Trd, 000123.100, 151
Trd, 000123.367, 151
Trd, 000123.450, 151
Trd, 000123.867, 152
Trd, 000124.500, 158
Trd, 000125.933, 152
Trd, 000126.133, 151
Trd, 000126.250, 155
Trd, 000128.417, 152
Trd, 000128.550, 152.0
Trd, 000129.650, 152
Trd, 000130.300, 151
Trd, 000130.583, 152
Trd, 000130.783, 151
Trd, 000131.850, 150
Trd, 000131.933, 151
Trd, 000132.417, 150
Trd, 000132.867, 150
Trd, 000133.683, 150
Trd, 000133.750, 149
Trd, 000135.583, 150
Trd, 000135.817, 148.0
Trd, 000136.450, 141.0
Trd, 000136.517, 150
Trd, 000136.833, 151
Trd, 000137.467, 152
Trd, 000139.133, 150
Trd, 000139.983, 148
Trd, 000140.433, 148
Trd, 000140.583, 148
Trd, 000141.117, 147
Trd, 000141.483, 146
Trd, 000141.567, 147
Trd, 000141.700, 148.0
Trd, 000142.750, 147
Trd, 000143.217, 145
Trd, 000143.383, 146.0
Trd, 000143.417, 148.0
Trd, 000143.733, 155.0
Trd, 000144.733, 150
Trd, 000145.150, 152
Trd, 000145.400, 149
Trd, 000147.033, 153
Trd, 000148.733, 158
Trd, 000149.000, 159
Trd, 000149.200, 156.0
Trd, 000149.750, 155.0
Trd, 000149.867, 166.0
Trd, 000150.050, 153
Trd, 000150.633, 152.0
Trd, 000151.717, 151.0
Trd, 000151.783, 152
Trd, 000152.050, 150
Trd, 000153.450, 150
Trd, 000153.700, 152
Trd, 000154.550, 150
Trd, 000154.733, 149
Trd, 000154.750, 148
Trd, 000155.133, 150
Trd, 000155.383, 152
Trd, 000156.250, 150
Trd, 000156.400, 150
Trd, 000156.500, 148.0
Trd, 000156.817, 142.0
Trd, 000158.183, 142
Trd, 000159.867, 144
Trd, 000160.100, 143
Trd, 000160.517, 143
Trd, 000160.767, 142
Trd, 000160.883, 144
Trd, 000160.900, 148.0
Trd, 000161.533, 139
Trd, 000163.167, 142
Trd, 000163.600, 140.0
Trd, 000164.600, 143
Trd, 000165.433, 148.0
Trd, 000166.250, 146
Trd, 000166.283, 144
Trd, 000166.333, 155.0
Trd, 000167.183, 148
Trd, 000167.600, 158
Trd, 000168.150, 165.0
Trd, 000168.683, 157
Trd, 000169.117, 159
Trd, 000169.983, 156
Trd, 000170.817, 156
Trd, 000171.250, 156
Trd, 000171.717, 156.0
Trd, 000172.333, 158
Trd, 000172.800, 157
Trd, 000172.933, 155.0
Trd, 000173.867, 156
Trd, 000173.917, 156
Trd, 000174.017, 153
Trd, 000176.083, 153
Trd, 000176.833, 155.0
Trd, 000177.633, 158
Trd, 000177.683, 157
Trd, 000178.433, 159
Trd, 000178.483, 169
Trd, 000179.467, 165
Trd, 000179.767, 164
Trd, 000179.917, 162
Trd, 000180.850, 161
Trd, 000181.000, 155.0
Trd, 000182.583, 159
Trd, 000183.300, 159
Trd, 000183.600, 158
Trd, 000183.667, 157
Trd, 000184.267, 158
Trd, 000185.517, 157
Trd, 000185.550, 157
Trd, 000185.683, 153
Trd, 000186.583, 150
Trd, 000186.983, 155
Trd, 000188.467, 168
Trd, 000188.767, 151.0
Trd, 000189.967, 153.0
Trd, 000190.100, 152.0
Trd, 000191.983, 154
Trd, 000192.633, 154
Trd, 000192.833, 152
Trd, 000193.150, 153
Trd, 000193.267, 154
Trd, 000193.833, 152
Trd, 000193.900, 154
Trd, 000194.700, 152
Trd, 000196.067, 151
Trd, 000196.600, 152
Trd, 000196.883, 151
Trd, 000197.300, 152
Trd, 000199.383, 149
Trd, 000199.467, 143.0
Trd, 000200.217, 146
Trd, 000200.950, 145
Trd, 000201.033, 146
Trd, 000201.133, 151
Trd, 000203.267, 148
Trd, 000203.483, 148.0
Trd, 000203.833, 151
Trd, 000204.117, 155.0
Trd, 000204.400, 151
Trd, 000204.933, 149
Trd, 000205.367, 150
Trd, 000205.533, 150
Trd, 000206.117, 148
Trd, 000206.567, 149
Trd, 000208.167, 149
Trd, 000208.433, 149
Trd, 000210.033, 148
Trd, 000210.317, 150
Trd, 000210.367, 150
Trd, 000211.317, 148
Trd, 000211.867, 152.0
Trd, 000212.000, 155.0
Trd, 000212.733, 152
Trd, 000212.867, 152
Trd, 000213.300, 158
Trd, 000213.317, 148
Trd, 000213.783, 168.0
Trd, 000214.350, 150.0
Trd, 000215.550, 159
Trd, 000215.817, 154
Trd, 000216.083, 154.0
Trd, 000216.667, 153.0
Trd, 000218.550, 152
Trd, 000219.217, 153
Trd, 000220.083, 151
Trd, 000220.267, 142
Trd, 000220.400, 153
Trd, 000220.583, 155
Trd, 000222.333, 154.0
Trd, 000223.250, 153
Trd, 000223.283, 155.0
Trd, 000224.150, 150.0
Trd, 000224.567, 155
Trd, 000225.050, 151
Trd, 000225.267, 151
Trd, 000225.750, 154
Trd, 000226.283, 150
Trd, 000227.433, 151
Trd, 000227.733, 153
Trd, 000227.933, 149
Trd, 000228.300, 152
Trd, 000229.083, 148.0
Trd, 000229.867, 149
Trd, 000230.183, 152
Trd, 000230.317, 154
Trd, 000230.567, 154
Trd, 000231.533, 153.0
Trd, 000232.417, 153
Trd, 000232.833, 152
Trd, 000234.350, 152
Trd, 000234.383, 153.0
Trd, 000234.933, 151
Trd, 000234.967, 150
Trd, 000236.617, 149.0
Trd, 000236.750, 154
Trd, 000237.917, 152
Trd, 000238.033, 153
Trd, 000238.133, 151
Trd, 000238.783, 153
Trd, 000239.367, 154
Trd, 000240.117, 150
Trd, 000240.333, 150
Trd, 000240.350, 153
Trd, 000240.783, 151.0
Trd, 000241.700, 153.0
Trd, 000241.867, 155.0
Trd, 000242.933, 153
Trd, 000243.450, 154
Trd, 000243.817, 150
Trd, 000244.183, 149
Trd, 000244.633, 150
Trd, 000244.883, 151
Trd, 000245.800, 150
Trd, 000245.850, 149.0
Trd, 000245.867, 155.0
Trd, 000245.900, 149
Trd, 000247.067, 153
Trd, 000247.400, 152
Trd, 000247.667, 155
Trd, 000248.233, 148
Trd, 000248.533, 152.0
Trd, 000248.617, 151.0
Trd, 000248.917, 155.0
Trd, 000249.300, 161
Trd, 000249.433, 164.0
Trd, 000250.750, 159
Trd, 000250.900, 159
Trd, 000251.100, 157.0
Trd, 000251.667, 154
Trd, 000251.983, 153
Trd, 000252.333, 158
Trd, 000253.383, 158
Trd, 000254.467, 154
Trd, 000255.050, 154
Trd, 000255.417, 154
Trd, 000255.550, 153
Trd, 000255.667, 152
Trd, 000255.733, 151
Trd, 000256.100, 148.0
Trd, 000256.350, 153
Trd, 000256.833, 148
Trd, 000257.600, 154
Trd, 000257.917, 151
Trd, 000258.767, 148
Trd, 000259.333, 150
Trd, 000260.583, 148
Trd, 000261.450, 150
Trd, 000261.517, 149
Trd, 000261.700, 148
Trd, 000262.333, 149
Trd, 000262.383, 148.0
Trd, 000262.733, 146
Trd, 000262.850, 148
Trd, 000262.900, 149
Trd, 000263.133, 151
Trd, 000264.117, 152.0
Trd, 000264.267, 144.0
Trd, 000264.617, 154
Trd, 000265.017, 151
Trd, 000265.033, 147
Trd, 000266.417, 150
Trd, 000266.633, 151
Trd, 000267.117, 150.0
Trd, 000268.233, 150
Trd, 000268.267, 150
Trd, 000268.417, 151
Trd, 000269.033, 149
Trd, 000269.517, 148.0
Trd, 000269.933, 147
Trd, 000270.400, 147
Trd, 000270.733, 146
Trd, 000271.267, 150
Trd, 000271.367, 152
Trd, 000271.817, 144.0
Trd, 000272.600, 144
Trd, 000273.000, 144.0
Trd, 000274.033, 146
Trd, 000274.167, 144.0
Trd, 000274.217, 143.0
Trd, 000274.250, 147
Trd, 000274.667, 141.0
Trd, 000275.167, 145
Trd, 000275.750, 145
Trd, 000275.783, 141
Trd, 000276.033, 145
Trd, 000277.367, 148.0
Trd, 000278.267, 152.0
Trd, 000278.333, 155.0
Trd, 000279.433, 157
Trd, 000279.450, 156
Trd, 000279.700, 158
Trd, 000280.450, 155.0
Trd, 000280.867, 142.0
Trd, 000281.017, 156
Trd, 000281.117, 157
Trd, 000281.150, 158
Trd, 000281.467, 149
Trd, 000281.733, 157
Trd, 000282.217, 151
Trd, 000283.050, 154
Trd, 000283.333, 156
Trd, 000283.417, 150
Trd, 000284.867, 146.0
Trd, 000285.467, 150
Trd, 000286.017, 152
Trd, 000286.100, 152
Trd, 000286.200, 148
Trd, 000287.133, 149
Trd, 000287.217, 151
Trd, 000287.800, 148
Trd, 000289.017, 149
Trd, 000289.283, 151
Trd, 000289.867, 150
Trd, 000289.933, 149
Trd, 000290.433, 150
Trd, 000290.450, 151
Trd, 000290.667, 146
Trd, 000290.767, 151
Trd, 000291.583, 144.0
Trd, 000291.633, 141.0
Trd, 000291.900, 148
Trd, 000292.000, 134
Trd, 000292.250, 149
Trd, 000292.617, 139
Trd, 000292.633, 154.0
Trd, 000293.267, 151
Trd, 000293.650, 144
Trd, 000293.900, 144
Trd, 000295.567, 146.0
Trd, 000296.283, 154.0
Trd, 000296.567, 155.0
Trd, 000296.600, 168.0
Trd, 000296.633, 152
Trd, 000296.850, 165.0
Trd, 000296.900, 156
Trd, 000297.683, 150.0
Trd, 000298.367, 149.0
Trd, 000298.833, 148.0
Trd, 000299.333, 152.0
Trd, 000299.433, 153.0
Trd, 000299.483, 146.0
Trd, 000299.883, 154.0
