Trd, 000002.067, 163
Trd, 000002.983, 152
Trd, 000003.133, 141.0
Trd, 000004.383, 159
Trd, 000004.717, 141
Trd, 000004.967, 148
Trd, 000005.383, 155.0
Trd, 000005.767, 145
Trd, 000006.000, 153
Trd, 000007.083, 153
Trd, 000007.283, 145
Trd, 000007.483, 146
Trd, 000008.267, 143
Trd, 000008.617, 151
Trd, 000009.033, 152
Trd, 000009.283, 143
Trd, 000010.233, 155.0
Trd, 000012.100, 143.0
Trd, 000013.567, 148
Trd, 000013.683, 149
Trd, 000013.817, 149
Trd, 000014.617, 147
Trd, 000015.217, 154.0
Trd, 000015.800, 151
Trd, 000015.867, 147
Trd, 000016.000, 152
Trd, 000016.033, 149
Trd, 000016.050, 155.0
Trd, 000017.950, 161
Trd, 000018.083, 168.0
Trd, 000018.900, 158.0
Trd, 000019.233, 158
Trd, 000019.433, 155.0
Trd, 000019.583, 144
Trd, 000019.717, 159
Trd, 000020.983, 151
Trd, 000021.167, 149
Trd, 000021.500, 150
Trd, 000022.950, 150
Trd, 000023.433, 151
Trd, 000023.583, 150
Trd, 000023.600, 155.0
Trd, 000024.717, 153
Trd, 000025.533, 160
Trd, 000025.867, 150
Trd, 000027.617, 149
Trd, 000028.467, 148
Trd, 000029.650, 147
Trd, 000029.933, 148
Trd, 000030.117, 147
Trd, 000030.733, 146
Trd, 000031.583, 152.0
Trd, 000032.300, 150
Trd, 000032.367, 151
Trd, 000033.550, 149
Trd, 000033.717, 153
Trd, 000034.033, 154
Trd, 000035.000, 141.0
Trd, 000035.467, 150
Trd, 000037.067, 148
Trd, 000037.167, 149
Trd, 000038.383, 147
Trd, 000038.533, 150
Trd, 000039.367, 155.0
Trd, 000039.583, 163.0
Trd, 000039.967, 147
Trd, 000041.033, 156.0
Trd, 000041.500, 155.0
Trd, 000041.850, 143
Trd, 000042.467, 153
Trd, 000042.767, 156
Trd, 000043.200, 157
Trd, 000044.317, 146
Trd, 000044.400, 152
Trd, 000045.000, 137
Trd, 000046.583, 139
Trd, 000047.183, 137
Trd, 000047.517, 139
Trd, 000048.500, 143
Trd, 000049.417, 142
Trd, 000049.483, 154.0
Trd, 000050.617, 151
Trd, 000050.717, 150
Trd, 000050.850, 153
Trd, 000050.883, 155.0
Trd, 000053.167, 168.0
Trd, 000053.800, 171.0
Trd, 000054.583, 158
Trd, 000054.800, 154
Trd, 000056.217, 158
Trd, 000056.650, 157
Trd, 000057.083, 155.0
Trd, 000058.167, 156
Trd, 000058.967, 156
Trd, 000059.283, 152
Trd, 000059.900, 155.0
Trd, 000059.933, 152
Trd, 000061.267, 143.0
Trd, 000062.583, 141
Trd, 000062.617, 152
Trd, 000062.650, 153
Trd, 000062.983, 153
Trd, 000064.850, 140
Trd, 000064.950, 141
Trd, 000065.717, 141
Trd, 000066.067, 141
Trd, 000067.250, 155.0
Trd, 000068.583, 158
Trd, 000068.700, 166.0
Trd, 000069.300, 147
Trd, 000069.883, 151
Trd, 000070.450, 155.0
Trd, 000071.067, 141.0
Trd, 000071.600, 142
Trd, 000072.700, 146
Trd, 000072.833, 146
Trd, 000073.467, 146
Trd, 000074.233, 147
Trd, 000074.500, 149
Trd, 000074.883, 148
Trd, 000075.550, 154.0
Trd, 000075.583, 155.0
Trd, 000076.300, 146
Trd, 000076.783, 141.0
Trd, 000078.317, 152
Trd, 000079.617, 152
Trd, 000080.367, 151
Trd, 000080.867, 151
Trd, 000081.233, 151
Trd, 000081.633, 150
Trd, 000082.400, 153
Trd, 000083.417, 145
Trd, 000083.800, 151
Trd, 000083.917, 144
Trd, 000084.250, 143
Trd, 000084.500, 152
Trd, 000084.717, 153
Trd, 000085.783, 141
Trd, 000086.367, 139
Trd, 000086.467, 141
Trd, 000086.833, 129
Trd, 000087.333, 139
Trd, 000088.983, 135
Trd, 000089.217, 138
Trd, 000090.017, 139
Trd, 000090.400, 139
Trd, 000091.183, 154.0
Trd, 000091.850, 140
Trd, 000093.017, 146
Trd, 000094.167, 142
Trd, 000094.467, 145
Trd, 000094.983, 144
Trd, 000095.067, 143
Trd, 000095.083, 147
Trd, 000095.133, 155.0
Trd, 000095.567, 164.0
Trd, 000095.783, 133.0
Trd, 000096.717, 155.0
Trd, 000097.333, 146
Trd, 000097.583, 149
Trd, 000098.383, 147
Trd, 000098.950, 145
Trd, 000099.533, 147
Trd, 000100.933, 145
Trd, 000101.383, 146
Trd, 000101.733, 145
Trd, 000102.317, 147
Trd, 000102.867, 154.0
Trd, 000102.900, 155.0
Trd, 000104.483, 162.0
Trd, 000105.650, 156
Trd, 000105.900, 157
Trd, 000106.167, 154
Trd, 000106.883, 154
Trd, 000107.317, 154
Trd, 000107.367, 153
Trd, 000107.633, 146
Trd, 000108.800, 151
Trd, 000110.650, 148
Trd, 000111.150, 149
Trd, 000111.167, 146
Trd, 000111.283, 155.0
Trd, 000111.300, 143
Trd, 000111.450, 141.0
Trd, 000112.467, 151
Trd, 000114.000, 148
Trd, 000114.783, 144
Trd, 000114.800, 143
Trd, 000115.233, 144
Trd, 000115.633, 145
Trd, 000115.950, 144
Trd, 000116.267, 146
Trd, 000117.150, 147
Trd, 000117.183, 155.0
Trd, 000119.367, 146
Trd, 000119.567, 147
Trd, 000119.733, 149
Trd, 000120.583, 142
Trd, 000120.883, 146
Trd, 000121.033, 141.0
Trd, 000121.050, 140
Trd, 000121.200, 140
Trd, 000121.417, 131.0
Trd, 000123.783, 154
Trd, 000124.183, 150
Trd, 000124.933, 149
Trd, 000125.317, 148
Trd, 000125.333, 148
Trd, 000126.833, 148
Trd, 000127.450, 154.0
Trd, 000127.600, 155.0
Trd, 000128.300, 152
Trd, 000128.667, 148
Trd, 000129.883, 159
Trd, 000129.950, 148
Trd, 000130.650, 154
Trd, 000132.400, 151
Trd, 000132.833, 153
Trd, 000133.250, 155.0
Trd, 000133.333, 147
Trd, 000133.883, 146
Trd, 000134.617, 152
Trd, 000134.983, 146
Trd, 000135.567, 146
Trd, 000136.917, 146
Trd, 000137.567, 144
Trd, 000137.683, 143
Trd, 000138.717, 143
Trd, 000139.050, 142.0
Trd, 000139.633, 144
Trd, 000140.417, 144
Trd, 000140.483, 145
Trd, 000141.267, 144
Trd, 000141.367, 142
Trd, 000141.833, 147
Trd, 000143.350, 151.0
Trd, 000144.483, 149
Trd, 000144.800, 147
Trd, 000145.483, 150.0
Trd, 000146.033, 165.0
Trd, 000147.033, 148
Trd, 000148.033, 151
Trd, 000148.517, 150
Trd, 000148.533, 149
Trd, 000148.617, 153
Trd, 000148.850, 168.0
Trd, 000149.767, 150
Trd, 000149.967, 154
Trd, 000150.817, 154
Trd, 000152.767, 154
Trd, 000153.350, 165.0
Trd, 000153.650, 156
Trd, 000155.250, 156
Trd, 000155.583, 155
Trd, 000156.383, 155.0
Trd, 000156.950, 143
Trd, 000157.333, 140
Trd, 000158.717, 145
Trd, 000159.250, 144
Trd, 000159.317, 141
Trd, 000160.250, 143
Trd, 000160.417, 145
Trd, 000160.750, 155.0
Trd, 000160.983, 142.0
Trd, 000162.167, 167.0
Trd, 000163.467, 153
Trd, 000163.783, 153
Trd, 000164.400, 153
Trd, 000164.700, 154
Trd, 000164.883, 149
Trd, 000166.700, 153
Trd, 000166.750, 155.0
Trd, 000168.633, 156
Trd, 000169.267, 145
Trd, 000169.600, 163.0
Trd, 000170.467, 157
Trd, 000171.883, 160.0
Trd, 000172.467, 162
Trd, 000172.550, 159
Trd, 000172.667, 155.0
Trd, 000173.800, 163.0
Trd, 000174.917, 155
Trd, 000175.300, 159
Trd, 000175.967, 158
Trd, 000176.650, 158.0
Trd, 000177.100, 157.0
Trd, 000177.117, 165.0
Trd, 000177.183, 155.0
Trd, 000178.333, 151
Trd, 000178.833, 156
Trd, 000179.083, 143
Trd, 000180.250, 155
Trd, 000181.233, 148
Trd, 000181.400, 148
Trd, 000181.967, 152
Trd, 000182.000, 142.0
Trd, 000182.467, 151
Trd, 000182.883, 154.0
Trd, 000183.717, 141
Trd, 000184.783, 153
Trd, 000184.900, 143.0
Trd, 000185.767, 148
Trd, 000186.450, 147
Trd, 000186.867, 146
Trd, 000187.683, 146
Trd, 000188.117, 143
Trd, 000189.117, 142
Trd, 000189.367, 143
Trd, 000189.417, 144
Trd, 000190.733, 147
Trd, 000190.883, 148
Trd, 000191.067, 150
Trd, 000191.417, 153
Trd, 000191.833, 145
Trd, 000191.883, 141.0
Trd, 000192.417, 152
Trd, 000193.300, 150
Trd, 000193.500, 143
Trd, 000195.217, 150
Trd, 000195.683, 151
Trd, 000195.717, 151
Trd, 000196.717, 152
Trd, 000198.067, 151
Trd, 000198.950, 153.0
Trd, 000199.167, 150
Trd, 000199.433, 154
Trd, 000199.483, 149
Trd, 000201.050, 145
Trd, 000201.217, 147
Trd, 000201.650, 148
Trd, 000202.583, 147
Trd, 000202.900, 143
Trd, 000203.067, 149
Trd, 000203.833, 154.0
Trd, 000204.617, 155.0
Trd, 000204.733, 167.0
Trd, 000206.367, 159
Trd, 000206.667, 162
Trd, 000206.800, 157
Trd, 000207.733, 161
Trd, 000208.383, 152
Trd, 000209.700, 143
Trd, 000209.733, 142
Trd, 000210.233, 147
Trd, 000210.767, 146
Trd, 000210.950, 147
Trd, 000211.100, 148
Trd, 000211.333, 143
Trd, 000213.117, 143.0
Trd, 000213.917, 155.0
Trd, 000214.817, 147
Trd, 000215.567, 149
Trd, 000215.833, 149
Trd, 000216.283, 148
Trd, 000216.333, 147
Trd, 000216.433, 151
Trd, 000217.433, 149
Trd, 000217.483, 150
Trd, 000217.967, 155.0
Trd, 000218.500, 155
Trd, 000219.333, 144
Trd, 000219.850, 143
Trd, 000220.000, 153
Trd, 000220.933, 152
Trd, 000221.983, 143
Trd, 000222.333, 151
Trd, 000222.650, 151
Trd, 000223.850, 143
Trd, 000224.200, 141.0
Trd, 000224.700, 152
Trd, 000225.100, 154
Trd, 000225.300, 155.0
Trd, 000226.450, 144
Trd, 000228.067, 145
Trd, 000228.600, 146
Trd, 000229.867, 145
Trd, 000230.033, 146
Trd, 000230.350, 145
Trd, 000230.483, 146
Trd, 000232.033, 147
Trd, 000232.133, 143
Trd, 000232.317, 153.0
Trd, 000233.750, 152.0
Trd, 000233.917, 141
Trd, 000234.233, 154.0
Trd, 000234.567, 141
Trd, 000235.033, 155.0
Trd, 000235.150, 155
Trd, 000235.250, 139
Trd, 000236.050, 150
Trd, 000236.317, 153
Trd, 000236.333, 154
Trd, 000236.383, 148
Trd, 000236.583, 165.0
Trd, 000237.217, 136
Trd, 000238.600, 155.0
Trd, 000239.817, 158
Trd, 000240.717, 145
Trd, 000241.000, 146
Trd, 000241.267, 144
Trd, 000241.317, 149
Trd, 000241.883, 147
Trd, 000241.917, 149
Trd, 000242.150, 144.0
Trd, 000243.283, 149
Trd, 000243.867, 148
Trd, 000245.200, 148.0
Trd, 000245.883, 149
Trd, 000246.100, 148
Trd, 000246.267, 145
Trd, 000246.317, 148
Trd, 000246.783, 148
Trd, 000247.433, 155.0
Trd, 000248.550, 150
Trd, 000248.567, 149
Trd, 000249.000, 146
Trd, 000249.250, 150
Trd, 000249.417, 150
Trd, 000249.650, 149
Trd, 000249.817, 152.0
Trd, 000251.617, 148.0
Trd, 000251.683, 150.0
Trd, 000251.950, 147.0
Trd, 000252.533, 148
Trd, 000253.200, 148
Trd, 000253.417, 152.0
Trd, 000254.083, 148
Trd, 000254.133, 155.0
Trd, 000254.867, 148
Trd, 000254.917, 146
Trd, 000255.000, 149
Trd, 000255.617, 146
Trd, 000255.967, 149
Trd, 000256.917, 145
Trd, 000257.017, 147
Trd, 000257.117, 145
Trd, 000257.217, 148
Trd, 000257.233, 143
Trd, 000257.467, 148.0
Trd, 000257.667, 154
Trd, 000257.750, 155.0
Trd, 000259.033, 148.0
Trd, 000259.250, 148
Trd, 000259.417, 149
Trd, 000259.567, 145.0
Trd, 000259.900, 145.0
Trd, 000260.400, 143
Trd, 000261.483, 142
Trd, 000261.733, 143
Trd, 000261.833, 144
Trd, 000262.383, 151.0
Trd, 000263.200, 155.0
Trd, 000263.333, 165.0
Trd, 000263.617, 145.0
Trd, 000264.450, 152
Trd, 000264.900, 144
Trd, 000264.950, 148
Trd, 000265.633, 148
Trd, 000266.783, 148.0
Trd, 000266.833, 148
Trd, 000266.950, 148
Trd, 000267.050, 145
Trd, 000267.817, 143
Trd, 000268.850, 143
Trd, 000269.333, 147
Trd, 000269.417, 155.0
Trd, 000269.550, 152
Trd, 000269.933, 142
Trd, 000270.183, 148
Trd, 000270.483, 155.0
Trd, 000271.100, 154.0
Trd, 000271.750, 154
Trd, 000271.817, 155.0
Trd, 000272.533, 156
Trd, 000273.083, 165.0
Trd, 000273.350, 167.0
Trd, 000273.367, 155.0
Trd, 000273.683, 154
Trd, 000274.750, 152
Trd, 000274.950, 151.0
Trd, 000275.333, 155
Trd, 000275.867, 156
Trd, 000276.367, 157
Trd, 000277.083, 163
Trd, 000278.183, 157
Trd, 000278.700, 158
Trd, 000278.917, 150
Trd, 000279.183, 151.0
Trd, 000279.733, 155.0
Trd, 000280.467, 154
Trd, 000280.900, 152.0
Trd, 000281.483, 148.0
Trd, 000281.700, 150
Trd, 000281.883, 153
Trd, 000282.767, 151
Trd, 000282.817, 150
Trd, 000282.933, 147
Trd, 000283.000, 152
Trd, 000283.133, 142
Trd, 000283.750, 152
Trd, 000285.050, 146
Trd, 000285.083, 148
Trd, 000285.117, 151
Trd, 000285.367, 155.0
Trd, 000285.400, 165.0
Trd, 000285.933, 148
Trd, 000286.350, 166
Trd, 000286.967, 145
Trd, 000287.067, 143
Trd, 000288.067, 150
Trd, 000288.217, 139
Trd, 000289.450, 150.0
Trd, 000289.667, 151
Trd, 000289.783, 145.0
Trd, 000289.917, 148.0
Trd, 000290.917, 157
Trd, 000290.983, 156.0
Trd, 000291.133, 155.0
Trd, 000291.350, 145
Trd, 000292.200, 154.0
Trd, 000292.600, 153
Trd, 000293.750, 153
Trd, 000293.950, 152
Trd, 000294.467, 153
Trd, 000294.750, 152
Trd, 000295.033, 154
Trd, 000295.083, 155.0
Trd, 000295.250, 151.0
Trd, 000295.683, 142.0
Trd, 000295.917, 138.0
Trd, 000297.150, 146
Trd, 000297.217, 145
Trd, 000297.783, 140
Trd, 000298.333, 141.0
Trd, 000298.550, 143
Trd, 000299.050, 141
Trd, 000299.283, 143
Trd, 000299.583, 144
Trd, 000299.800, 144
