Trd, 000001.033, 126
Trd, 000001.433, 137.0
Trd, 000002.217, 172.0
Trd, 000002.800, 154
Trd, 000003.700, 140
Trd, 000004.950, 150
Trd, 000006.133, 145
Trd, 000006.350, 137.0
Trd, 000006.450, 149
Trd, 000007.883, 141.0
Trd, 000008.017, 143
Trd, 000008.600, 134.0
Trd, 000008.900, 136
Trd, 000009.283, 137.0
Trd, 000010.183, 143
Trd, 000011.067, 144
Trd, 000011.267, 147.0
Trd, 000011.717, 144
Trd, 000012.067, 144
Trd, 000013.283, 145
Trd, 000013.383, 144
Trd, 000014.433, 147.0
Trd, 000015.167, 146
Trd, 000015.283, 144
Trd, 000015.517, 147
Trd, 000015.917, 146
Trd, 000016.750, 143
Trd, 000017.083, 141.0
Trd, 000018.250, 145.0
Trd, 000018.883, 145
Trd, 000019.650, 145
Trd, 000020.150, 146
Trd, 000020.567, 146
Trd, 000021.317, 148.0
Trd, 000021.383, 146
Trd, 000021.750, 143
Trd, 000022.167, 141.0
Trd, 000024.133, 146
Trd, 000025.117, 145
Trd, 000025.267, 145
Trd, 000025.550, 144
Trd, 000026.700, 143
Trd, 000026.833, 145
Trd, 000027.017, 143
Trd, 000027.333, 145
Trd, 000027.433, 145
Trd, 000027.967, 144
Trd, 000029.133, 142
Trd, 000029.150, 142.0
Trd, 000030.083, 141.0
Trd, 000030.200, 145
Trd, 000030.733, 140
Trd, 000032.050, 139
Trd, 000032.967, 141.0
Trd, 000033.250, 145
Trd, 000033.567, 138
Trd, 000035.050, 141.0
Trd, 000035.183, 141.0
Trd, 000035.333, 139
Trd, 000035.917, 143
Trd, 000036.850, 144
Trd, 000036.867, 145
Trd, 000037.083, 141.0
Trd, 000037.717, 140
Trd, 000038.817, 140
Trd, 000039.283, 139
Trd, 000040.083, 148.0
Trd, 000040.883, 142
Trd, 000041.450, 142
Trd, 000042.400, 141.0
Trd, 000042.450, 143
Trd, 000042.700, 144
Trd, 000043.383, 148.0
Trd, 000043.933, 142
Trd, 000044.633, 141
Trd, 000045.117, 142
Trd, 000045.800, 141
Trd, 000047.217, 141
Trd, 000047.867, 143
Trd, 000047.967, 142
Trd, 000048.917, 142
Trd, 000048.983, 144
Trd, 000049.083, 142
Trd, 000049.167, 139
Trd, 000049.450, 141.0
Trd, 000050.117, 143
Trd, 000051.867, 139
Trd, 000051.933, 139
Trd, 000052.017, 137.0
Trd, 000053.033, 141
Trd, 000053.317, 140
Trd, 000054.300, 137
Trd, 000055.717, 138
Trd, 000056.467, 139
Trd, 000056.583, 138
Trd, 000057.433, 146.0
Trd, 000058.867, 142
Trd, 000059.533, 143
Trd, 000059.700, 144
Trd, 000060.133, 144
Trd, 000060.367, 143
Trd, 000060.600, 145
Trd, 000061.167, 142
Trd, 000061.750, 148.0
Trd, 000062.700, 145
Trd, 000063.150, 142.0
Trd, 000064.067, 144
Trd, 000064.150, 143
Trd, 000064.550, 146
Trd, 000065.500, 143
Trd, 000065.883, 143
Trd, 000065.900, 140
Trd, 000065.933, 146.0
Trd, 000066.400, 142
Trd, 000066.633, 141
Trd, 000067.417, 147
Trd, 000068.150, 141.0
Trd, 000068.217, 147
Trd, 000070.833, 142
Trd, 000071.750, 142
Trd, 000072.400, 142.0
Trd, 000072.833, 142
Trd, 000073.167, 141
Trd, 000073.433, 138
Trd, 000073.900, 140
Trd, 000075.167, 140
Trd, 000076.517, 140
Trd, 000077.017, 139.0
Trd, 000077.350, 143
Trd, 000078.633, 139
Trd, 000079.250, 142
Trd, 000080.683, 139
Trd, 000080.867, 137.0
Trd, 000081.383, 137
Trd, 000081.517, 136
Trd, 000082.183, 139
Trd, 000082.950, 137.0
Trd, 000083.333, 148.0
Trd, 000083.950, 150.0
Trd, 000085.067, 144
Trd, 000085.167, 148.0
Trd, 000085.283, 143
Trd, 000086.050, 147
Trd, 000086.067, 146
Trd, 000086.167, 148
Trd, 000087.500, 146
Trd, 000087.850, 148.0
Trd, 000089.817, 146
Trd, 000090.550, 146
Trd, 000091.150, 147
Trd, 000091.367, 146
Trd, 000091.417, 147
Trd, 000091.650, 148
Trd, 000093.417, 145
Trd, 000093.750, 145
Trd, 000094.767, 146
Trd, 000094.817, 147
Trd, 000095.500, 146
Trd, 000096.017, 146
Trd, 000096.500, 147
Trd, 000096.600, 146
Trd, 000096.800, 147
Trd, 000097.167, 151.0
Trd, 000098.650, 146
Trd, 000099.300, 141.0
Trd, 000099.483, 147
Trd, 000100.533, 141
Trd, 000100.750, 143
Trd, 000101.550, 140
Trd, 000103.283, 140
Trd, 000104.133, 141
Trd, 000104.683, 142
Trd, 000105.050, 141
Trd, 000105.317, 141
Trd, 000106.050, 148.0
Trd, 000106.217, 140
Trd, 000107.033, 142
Trd, 000107.167, 141
Trd, 000107.300, 151.0
Trd, 000107.767, 140
Trd, 000108.750, 147
Trd, 000109.650, 143.0
Trd, 000110.233, 141.0
Trd, 000110.583, 144
Trd, 000111.367, 143
Trd, 000112.083, 141
Trd, 000112.267, 141
Trd, 000112.567, 141
Trd, 000112.867, 142
Trd, 000114.183, 142
Trd, 000114.217, 140
Trd, 000114.417, 143
Trd, 000115.617, 147
Trd, 000115.867, 146
Trd, 000116.500, 146
Trd, 000116.600, 147.0
Trd, 000116.633, 146
Trd, 000117.150, 141.0
Trd, 000117.317, 138
Trd, 000119.567, 147
Trd, 000120.317, 146
Trd, 000120.567, 145
Trd, 000120.583, 146
Trd, 000122.183, 146
Trd, 000122.367, 146
Trd, 000122.450, 145
Trd, 000124.467, 146
Trd, 000124.800, 151.0
Trd, 000125.033, 145
Trd, 000125.433, 145
Trd, 000125.517, 143
Trd, 000126.367, 145
Trd, 000126.650, 143
Trd, 000127.300, 141
Trd, 000129.917, 143.0
Trd, 000129.933, 141.0
Trd, 000130.250, 143
Trd, 000130.883, 144
Trd, 000131.150, 141
Trd, 000132.550, 143
Trd, 000132.967, 143
Trd, 000133.433, 147.0
Trd, 000133.817, 147.0
Trd, 000134.050, 144
Trd, 000134.650, 144
Trd, 000135.283, 146
Trd, 000135.350, 145
Trd, 000135.833, 146
Trd, 000135.850, 145
Trd, 000137.733, 145
Trd, 000138.483, 147
Trd, 000138.867, 149
Trd, 000138.917, 151.0
Trd, 000139.000, 147
Trd, 000139.183, 146
Trd, 000140.667, 147
Trd, 000141.100, 147
Trd, 000141.333, 148
Trd, 000141.817, 146
Trd, 000142.767, 148.0
Trd, 000144.083, 147
Trd, 000144.283, 145
Trd, 000145.383, 147
Trd, 000145.567, 147
Trd, 000145.667, 144
Trd, 000146.400, 147
Trd, 000147.017, 144
Trd, 000147.467, 145
Trd, 000147.683, 147
Trd, 000149.017, 148
Trd, 000149.233, 145
Trd, 000150.950, 145
Trd, 000151.233, 144
Trd, 000151.867, 147
Trd, 000153.717, 147
Trd, 000153.783, 146
Trd, 000153.867, 148
Trd, 000154.050, 144
Trd, 000154.083, 144
Trd, 000154.683, 147
Trd, 000154.783, 143
Trd, 000156.217, 143
Trd, 000156.467, 141.0
Trd, 000157.200, 142
Trd, 000157.383, 143
Trd, 000158.133, 142
Trd, 000158.967, 143
Trd, 000159.783, 144
Trd, 000159.800, 144
Trd, 000160.367, 148.0
Trd, 000161.117, 150
Trd, 000162.200, 147
Trd, 000162.300, 142.0
Trd, 000162.650, 148
Trd, 000162.783, 141.0
Trd, 000164.350, 148.0
Trd, 000164.733, 148
Trd, 000164.883, 143
Trd, 000166.300, 145
Trd, 000167.850, 145
Trd, 000168.483, 145
Trd, 000168.617, 143
Trd, 000169.867, 143
Trd, 000170.233, 141.0
Trd, 000170.500, 147
Trd, 000171.433, 142
Trd, 000172.200, 147
Trd, 000172.800, 142
Trd, 000173.317, 139
Trd, 000174.817, 143
Trd, 000175.000, 146.0
Trd, 000175.317, 149
Trd, 000176.783, 148
Trd, 000177.383, 149
Trd, 000177.917, 148
Trd, 000178.383, 147
Trd, 000179.083, 141.0
Trd, 000179.650, 144
Trd, 000179.667, 147.0
Trd, 000179.867, 148.0
Trd, 000180.317, 150
Trd, 000181.017, 162.0
Trd, 000181.183, 175
Trd, 000181.483, 167
Trd, 000183.233, 171
Trd, 000183.633, 170
Trd, 000184.600, 169
Trd, 000184.817, 172
Trd, 000185.750, 168.0
Trd, 000186.033, 167
Trd, 000186.050, 143
Trd, 000186.667, 141.0
Trd, 000187.567, 141
Trd, 000188.333, 147
Trd, 000188.483, 148.0
Trd, 000189.817, 145
Trd, 000189.983, 137.0
Trd, 000190.750, 142
Trd, 000191.317, 145
Trd, 000191.433, 151.0
Trd, 000191.683, 147
Trd, 000192.850, 143
Trd, 000193.483, 142.0
Trd, 000193.833, 143
Trd, 000194.217, 142.0
Trd, 000195.083, 141.0
Trd, 000195.250, 141
Trd, 000195.717, 142
Trd, 000196.750, 144
Trd, 000197.283, 140
Trd, 000198.600, 160
Trd, 000198.683, 159
Trd, 000199.250, 149
Trd, 000199.267, 141
Trd, 000200.267, 155
Trd, 000200.800, 171
Trd, 000201.917, 162
Trd, 000202.000, 161
Trd, 000202.583, 161
Trd, 000203.383, 147
Trd, 000203.567, 153
Trd, 000204.417, 141.0
Trd, 000204.950, 151
Trd, 000205.100, 151
Trd, 000205.933, 148
Trd, 000206.417, 148
Trd, 000208.217, 147
Trd, 000208.717, 147
Trd, 000208.883, 145
Trd, 000209.183, 144
Trd, 000209.733, 145
Trd, 000210.717, 145
Trd, 000210.850, 143
Trd, 000211.683, 148.0
Trd, 000214.817, 147
Trd, 000214.933, 145
Trd, 000215.567, 146
Trd, 000215.583, 145
Trd, 000215.867, 145
Trd, 000215.917, 144
Trd, 000216.133, 144
Trd, 000216.917, 143
Trd, 000217.533, 147
Trd, 000218.833, 144
Trd, 000219.650, 146.0
Trd, 000220.100, 144.0
Trd, 000221.767, 143
Trd, 000222.167, 143
Trd, 000222.200, 141.0
Trd, 000223.100, 141
Trd, 000223.400, 138
Trd, 000224.500, 147.0
Trd, 000225.017, 145.0
Trd, 000226.317, 145.0
Trd, 000227.150, 146
Trd, 000227.367, 144.0
Trd, 000228.250, 144
Trd, 000229.133, 143
Trd, 000229.767, 143
Trd, 000230.417, 141.0
Trd, 000231.067, 141
Trd, 000231.817, 143
Trd, 000232.650, 143
Trd, 000233.300, 148.0
Trd, 000233.550, 151.0
Trd, 000234.300, 151
Trd, 000235.217, 148
Trd, 000236.050, 147
Trd, 000236.367, 144
Trd, 000236.850, 147
Trd, 000237.000, 144
Trd, 000237.917, 145
Trd, 000238.667, 143
Trd, 000239.500, 141.0
Trd, 000240.117, 144
Trd, 000240.500, 142
Trd, 000240.833, 142
Trd, 000240.883, 140
Trd, 000240.900, 142
Trd, 000241.050, 143
Trd, 000241.533, 142
Trd, 000242.650, 142
Trd, 000242.683, 141
Trd, 000243.067, 143.0
Trd, 000243.500, 144
Trd, 000244.017, 148
Trd, 000244.083, 151.0
Trd, 000244.617, 154.0
Trd, 000244.783, 151
Trd, 000245.133, 153
Trd, 000245.317, 153
Trd, 000245.783, 153
Trd, 000245.883, 154
Trd, 000246.333, 151
Trd, 000246.517, 150
Trd, 000247.600, 154
Trd, 000247.767, 153
Trd, 000248.133, 151
Trd, 000248.300, 153.0
Trd, 000249.117, 154
Trd, 000249.367, 155.0
Trd, 000249.433, 153
Trd, 000249.600, 152
Trd, 000249.733, 155
Trd, 000250.867, 149
Trd, 000251.300, 154.0
Trd, 000252.683, 157
Trd, 000252.967, 157.0
Trd, 000253.233, 156
Trd, 000253.583, 155.0
Trd, 000254.033, 155.0
Trd, 000254.333, 153
Trd, 000255.000, 141.0
Trd, 000255.733, 148
Trd, 000255.917, 154
Trd, 000256.167, 147
Trd, 000256.450, 148
Trd, 000256.550, 147
Trd, 000257.083, 146
Trd, 000257.683, 148
Trd, 000257.783, 145
Trd, 000258.283, 154.0
Trd, 000258.733, 155.0
Trd, 000259.000, 154.0
Trd, 000260.133, 150
Trd, 000260.167, 151
Trd, 000260.467, 149
Trd, 000260.733, 147
Trd, 000261.433, 147
Trd, 000262.150, 147
Trd, 000262.417, 149.0
Trd, 000263.000, 148.0
Trd, 000263.267, 148
Trd, 000263.350, 148
Trd, 000263.400, 147
Trd, 000263.783, 149
Trd, 000264.783, 156.0
Trd, 000265.383, 153
Trd, 000265.550, 149
Trd, 000266.067, 147.0
Trd, 000266.150, 141
Trd, 000266.250, 149
Trd, 000267.667, 148
Trd, 000268.017, 148
Trd, 000268.150, 148
Trd, 000268.317, 147
Trd, 000269.183, 150
Trd, 000269.933, 150.0
Trd, 000270.617, 149
Trd, 000270.667, 150
Trd, 000270.817, 148
Trd, 000271.433, 155.0
Trd, 000271.533, 157
Trd, 000272.050, 157.0
Trd, 000272.700, 157.0
Trd, 000272.850, 156
Trd, 000272.917, 146
Trd, 000273.400, 141.0
Trd, 000273.750, 146
Trd, 000275.183, 145
Trd, 000275.600, 145
Trd, 000276.467, 146
Trd, 000276.650, 148.0
Trd, 000276.700, 151
Trd, 000276.883, 144
Trd, 000278.017, 147
Trd, 000278.350, 147
Trd, 000278.833, 148.0
Trd, 000279.383, 148.0
Trd, 000279.683, 148
Trd, 000279.933, 146
Trd, 000280.200, 145
Trd, 000280.583, 149
Trd, 000280.933, 147
Trd, 000281.817, 150.0
Trd, 000282.233, 151.0
Trd, 000283.067, 155.0
Trd, 000283.350, 147
Trd, 000284.317, 146
Trd, 000284.350, 141.0
Trd, 000284.550, 147
Trd, 000284.867, 147
Trd, 000285.583, 147
Trd, 000285.800, 149.0
Trd, 000286.550, 148
Trd, 000286.683, 151.0
Trd, 000286.850, 149
Trd, 000286.900, 146
Trd, 000286.983, 151
Trd, 000287.017, 142
Trd, 000287.933, 149
Trd, 000287.983, 142
Trd, 000288.350, 149
Trd, 000288.517, 150
Trd, 000290.833, 148.0
Trd, 000291.067, 148
Trd, 000291.733, 144
Trd, 000292.267, 144
Trd, 000292.350, 143
Trd, 000293.033, 142
Trd, 000293.633, 144
Trd, 000294.100, 148.0
Trd, 000294.733, 146
Trd, 000294.850, 146
Trd, 000295.333, 151.0
Trd, 000295.667, 155.0
Trd, 000296.000, 143
Trd, 000296.633, 142
Trd, 000296.850, 141
Trd, 000297.017, 141.0
Trd, 000297.050, 158.0
Trd, 000297.400, 140
Trd, 000297.450, 139
Trd, 000297.483, 137.0
Trd, 000297.800, 158
Trd, 000298.033, 164.0
Trd, 000298.567, 154
Trd, 000298.867, 144
Trd, 000299.433, 144
Trd, 000299.600, 153
