Trd, 000000.983, 193.0
Trd, 000003.183, 152
Trd, 000003.583, 150.0
Trd, 000003.783, 154
Trd, 000003.850, 148.0
Trd, 000005.583, 151
Trd, 000005.783, 151
Trd, 000006.433, 152
Trd, 000006.633, 151
Trd, 000006.950, 150
Trd, 000007.233, 148
Trd, 000007.533, 149
Trd, 000007.850, 153
Trd, 000007.883, 147
Trd, 000009.383, 142
Trd, 000009.567, 135
Trd, 000010.367, 155.0
Trd, 000010.517, 135
Trd, 000011.433, 141
Trd, 000011.517, 144
Trd, 000012.750, 156.0
Trd, 000013.167, 137
Trd, 000014.050, 145
Trd, 000014.100, 145
Trd, 000015.583, 149
Trd, 000015.750, 152
Trd, 000017.650, 154
Trd, 000017.800, 155.0
Trd, 000017.950, 154.0
Trd, 000018.050, 154
Trd, 000018.500, 155.0
Trd, 000018.667, 157.0
Trd, 000018.783, 152
Trd, 000019.383, 157.0
Trd, 000019.533, 150
Trd, 000020.133, 152
Trd, 000021.950, 153
Trd, 000022.267, 151
Trd, 000022.517, 152
Trd, 000022.767, 150
Trd, 000023.083, 150
Trd, 000023.500, 149
Trd, 000024.050, 151
Trd, 000025.450, 150.0
Trd, 000025.533, 150
Trd, 000026.117, 151
Trd, 000026.183, 148.0
Trd, 000027.817, 149
Trd, 000028.133, 151
Trd, 000028.400, 155.0
Trd, 000029.283, 150
Trd, 000030.067, 150
Trd, 000030.500, 150
Trd, 000031.900, 150
Trd, 000032.383, 149
Trd, 000032.500, 150
Trd, 000032.650, 151
Trd, 000032.950, 153
Trd, 000033.133, 148
Trd, 000033.183, 158.0
Trd, 000033.383, 148.0
Trd, 000034.050, 134
Trd, 000034.067, 161.0
Trd, 000036.050, 141
Trd, 000036.617, 150
Trd, 000036.717, 150
Trd, 000037.833, 150.0
Trd, 000039.517, 150
Trd, 000040.467, 149.0
Trd, 000040.617, 150
Trd, 000041.067, 149
Trd, 000041.167, 155.0
Trd, 000041.200, 168.0
Trd, 000042.933, 153
Trd, 000042.983, 151.0
Trd, 000043.417, 152
Trd, 000044.033, 151
Trd, 000044.300, 152
Trd, 000044.767, 150.0
Trd, 000045.083, 150
Trd, 000045.283, 151
Trd, 000045.733, 149.0
Trd, 000045.950, 151
Trd, 000047.167, 151
Trd, 000047.817, 150
Trd, 000047.983, 149.0
Trd, 000048.967, 147
Trd, 000049.100, 148
Trd, 000049.850, 150
Trd, 000050.067, 152
Trd, 000051.200, 152
Trd, 000051.633, 152
Trd, 000051.950, 152
Trd, 000052.100, 158.0
Trd, 000052.533, 150
Trd, 000052.767, 160.0
Trd, 000053.217, 161.0
Trd, 000053.433, 150
Trd, 000054.000, 153
Trd, 000054.550, 150
Trd, 000055.367, 149
Trd, 000055.467, 150
Trd, 000055.550, 148
Trd, 000056.450, 148
Trd, 000056.550, 133
Trd, 000057.483, 148.0
Trd, 000058.900, 144
Trd, 000059.067, 138
Trd, 000059.600, 143
Trd, 000060.183, 143
Trd, 000060.717, 142
Trd, 000060.883, 141
Trd, 000061.033, 143
Trd, 000061.383, 143
Trd, 000061.800, 140
Trd, 000062.317, 139
Trd, 000062.500, 139
Trd, 000063.750, 141
Trd, 000064.517, 140
Trd, 000064.767, 140
Trd, 000065.133, 140
Trd, 000065.267, 141
Trd, 000066.800, 138
Trd, 000067.100, 143
Trd, 000067.483, 144
Trd, 000067.717, 138
Trd, 000067.950, 155.0
Trd, 000069.533, 157.0
Trd, 000069.850, 157
Trd, 000070.050, 149
Trd, 000070.850, 151
Trd, 000071.567, 150
Trd, 000071.750, 155
Trd, 000072.500, 150
Trd, 000072.667, 150.0
Trd, 000073.033, 152
Trd, 000074.267, 151.0
Trd, 000074.417, 150.0
Trd, 000074.683, 151
Trd, 000074.850, 148.0
Trd, 000075.100, 151
Trd, 000075.383, 150
Trd, 000077.500, 153.0
Trd, 000077.717, 155.0
Trd, 000077.983, 157.0
Trd, 000079.517, 156
Trd, 000080.750, 153
Trd, 000080.983, 153
Trd, 000081.183, 153
Trd, 000081.250, 153
Trd, 000081.450, 152
Trd, 000081.600, 153
Trd, 000081.717, 154
Trd, 000081.967, 154
Trd, 000082.200, 155.0
Trd, 000083.083, 155
Trd, 000083.650, 152
Trd, 000084.117, 151
Trd, 000085.750, 152
Trd, 000085.983, 154.0
Trd, 000087.050, 153
Trd, 000087.583, 150
Trd, 000087.900, 152.0
Trd, 000088.833, 153
Trd, 000089.150, 152
Trd, 000090.750, 149
Trd, 000091.083, 150
Trd, 000091.100, 149.0
Trd, 000091.133, 148.0
Trd, 000092.550, 150
Trd, 000093.183, 150
Trd, 000093.283, 149
Trd, 000093.300, 151
Trd, 000093.683, 154.0
Trd, 000094.917, 148.0
Trd, 000095.067, 147
Trd, 000095.683, 150
Trd, 000097.017, 133.0
Trd, 000097.417, 142
Trd, 000099.150, 137
Trd, 000099.300, 138
Trd, 000099.650, 138
Trd, 000100.050, 138
Trd, 000100.150, 138
Trd, 000100.200, 139
Trd, 000100.317, 144
Trd, 000101.833, 141
Trd, 000102.367, 140
Trd, 000103.867, 140
Trd, 000104.133, 141
Trd, 000104.250, 142
Trd, 000104.417, 141
Trd, 000104.833, 145
Trd, 000105.333, 140
Trd, 000105.450, 142
Trd, 000107.083, 150.0
Trd, 000107.100, 151.0
Trd, 000107.550, 149.0
Trd, 000107.833, 148.0
Trd, 000108.117, 151
Trd, 000108.233, 153
Trd, 000109.050, 152.0
Trd, 000109.167, 154.0
Trd, 000110.067, 153
Trd, 000110.383, 153.0
Trd, 000111.283, 154
Trd, 000112.300, 153.0
Trd, 000112.417, 152
Trd, 000112.517, 155.0
Trd, 000113.733, 152
Trd, 000114.300, 150
Trd, 000114.933, 150
Trd, 000115.517, 149.0
Trd, 000115.583, 150
Trd, 000116.850, 148.0
Trd, 000117.033, 148
Trd, 000117.300, 148
Trd, 000117.600, 148
Trd, 000118.183, 149
Trd, 000118.367, 149
Trd, 000118.867, 147
Trd, 000119.317, 158.0
Trd, 000120.367, 147
Trd, 000120.583, 148
Trd, 000120.833, 146
Trd, 000121.133, 146
Trd, 000121.400, 145
Trd, 000122.833, 147
Trd, 000123.250, 155.0
Trd, 000124.017, 154
Trd, 000124.367, 151
Trd, 000124.850, 151
Trd, 000125.533, 153
Trd, 000125.833, 151
Trd, 000125.850, 150
Trd, 000126.833, 149
Trd, 000127.317, 149
Trd, 000127.450, 148.0
Trd, 000127.667, 142
Trd, 000127.983, 150
Trd, 000128.900, 153.0
Trd, 000128.933, 149.0
Trd, 000130.017, 152.0
Trd, 000130.050, 155.0
Trd, 000130.600, 157
Trd, 000131.733, 153
Trd, 000131.767, 149
Trd, 000132.450, 154
Trd, 000133.333, 153
Trd, 000133.933, 150
Trd, 000134.167, 151
Trd, 000134.483, 153
Trd, 000134.517, 155.0
Trd, 000136.400, 154.0
Trd, 000136.833, 156.0
Trd, 000136.883, 154.0
Trd, 000137.850, 154
Trd, 000138.667, 154.0
Trd, 000139.483, 150
Trd, 000139.567, 152
Trd, 000140.133, 153
Trd, 000141.150, 148
Trd, 000141.400, 152
Trd, 000142.083, 153
Trd, 000142.650, 151
Trd, 000142.767, 152
Trd, 000143.267, 152
Trd, 000143.967, 153
Trd, 000144.300, 154.0
Trd, 000144.700, 148.0
Trd, 000145.867, 152
Trd, 000146.333, 151
Trd, 000146.617, 153
Trd, 000146.967, 155.0
Trd, 000147.133, 150
Trd, 000147.300, 157
Trd, 000148.167, 158.0
Trd, 000148.683, 157
Trd, 000148.800, 158.0
Trd, 000149.267, 159.0
Trd, 000149.767, 149
Trd, 000152.300, 153
Trd, 000152.550, 152
Trd, 000152.867, 151
Trd, 000153.050, 150
Trd, 000154.400, 152
Trd, 000154.900, 150
Trd, 000155.533, 149
Trd, 000155.967, 150
Trd, 000156.400, 152
Trd, 000156.867, 150
Trd, 000156.950, 151
Trd, 000157.017, 155.0
Trd, 000157.767, 149
Trd, 000158.567, 149.0
Trd, 000159.733, 149.0
Trd, 000160.250, 148.0
Trd, 000160.767, 149
Trd, 000160.983, 149
Trd, 000161.883, 145
Trd, 000162.067, 144
Trd, 000162.283, 147
Trd, 000163.317, 144
Trd, 000163.517, 145
Trd, 000163.883, 145
Trd, 000164.067, 145
Trd, 000164.367, 146
Trd, 000165.600, 149.0
Trd, 000165.917, 148.0
Trd, 000166.400, 147
Trd, 000166.467, 156.0
Trd, 000167.533, 153
Trd, 000167.617, 155.0
Trd, 000168.833, 149
Trd, 000170.250, 148
Trd, 000170.467, 150
Trd, 000170.850, 149
Trd, 000171.100, 152
Trd, 000171.283, 147
Trd, 000172.150, 155.0
Trd, 000172.500, 150
Trd, 000174.200, 153
Trd, 000174.733, 149
Trd, 000175.200, 150
Trd, 000175.283, 150
Trd, 000175.417, 149
Trd, 000175.467, 150
Trd, 000175.767, 148.0
Trd, 000176.417, 143
Trd, 000177.367, 146
Trd, 000177.667, 149
Trd, 000177.817, 155.0
Trd, 000177.983, 148.0
Trd, 000178.033, 158.0
Trd, 000178.067, 133
Trd, 000178.500, 158.0
Trd, 000180.050, 146
Trd, 000180.167, 147
Trd, 000180.517, 147
Trd, 000180.767, 147
Trd, 000181.050, 149
Trd, 000181.817, 149
Trd, 000183.600, 147
Trd, 000183.683, 146
Trd, 000184.550, 145
Trd, 000184.950, 144
Trd, 000185.300, 145
Trd, 000185.400, 155.0
Trd, 000186.000, 148.0
Trd, 000186.100, 132.0
Trd, 000186.667, 156.0
Trd, 000187.383, 134
Trd, 000187.417, 153
Trd, 000188.167, 134
Trd, 000188.650, 133
Trd, 000189.150, 145
Trd, 000189.317, 146
Trd, 000190.750, 146
Trd, 000191.117, 147
Trd, 000191.167, 148
Trd, 000192.033, 157.0
Trd, 000192.067, 158.0
Trd, 000194.167, 149
Trd, 000194.317, 149
Trd, 000194.883, 149
Trd, 000195.133, 149
Trd, 000195.283, 148
Trd, 000196.367, 147
Trd, 000196.467, 148
Trd, 000196.550, 149
Trd, 000196.683, 145
Trd, 000196.867, 150
Trd, 000198.167, 147
Trd, 000198.250, 144
Trd, 000198.583, 145
Trd, 000199.633, 145
Trd, 000199.683, 146
Trd, 000200.350, 147
Trd, 000201.233, 147
Trd, 000201.983, 147
Trd, 000202.883, 147
Trd, 000203.350, 151.0
Trd, 000203.817, 148
Trd, 000204.150, 150
Trd, 000205.300, 149.0
Trd, 000205.383, 148
Trd, 000205.600, 150.0
Trd, 000205.667, 149.0
Trd, 000206.650, 148.0
Trd, 000206.917, 147
Trd, 000207.717, 146
Trd, 000207.783, 147
Trd, 000208.083, 148
Trd, 000208.983, 149.0
Trd, 000209.200, 149
Trd, 000209.750, 154.0
Trd, 000209.767, 149.0
Trd, 000210.117, 155.0
Trd, 000211.167, 160.0
Trd, 000211.900, 151
Trd, 000212.050, 152
Trd, 000212.600, 154.0
Trd, 000212.717, 151.0
Trd, 000213.250, 153
Trd, 000213.517, 153
Trd, 000213.967, 150
Trd, 000214.100, 153
Trd, 000214.567, 150
Trd, 000214.667, 133
Trd, 000215.000, 131.0
Trd, 000215.750, 150
Trd, 000215.983, 151
Trd, 000216.083, 152
Trd, 000216.133, 153
Trd, 000217.533, 148.0
Trd, 000218.700, 146
Trd, 000218.783, 149.0
Trd, 000219.433, 147
Trd, 000219.783, 147
Trd, 000221.150, 144
Trd, 000221.217, 144
Trd, 000221.967, 135
Trd, 000222.150, 139
Trd, 000222.483, 143
Trd, 000223.667, 144
Trd, 000224.100, 145
Trd, 000224.217, 137
Trd, 000224.367, 137
Trd, 000226.233, 136
Trd, 000227.417, 138
Trd, 000228.083, 141
Trd, 000228.600, 140
Trd, 000228.850, 143
Trd, 000229.233, 139
Trd, 000229.333, 144
Trd, 000230.567, 144
Trd, 000230.650, 155.0
Trd, 000230.733, 156.0
Trd, 000231.550, 151
Trd, 000232.383, 143
Trd, 000234.100, 149
Trd, 000234.117, 149
Trd, 000234.150, 153.0
Trd, 000235.283, 149
Trd, 000235.317, 149
Trd, 000235.867, 147
Trd, 000236.400, 148
Trd, 000236.417, 133
Trd, 000236.483, 149
Trd, 000236.917, 150
Trd, 000237.067, 155.0
Trd, 000237.750, 157.0
Trd, 000238.467, 157.0
Trd, 000238.683, 158.0
Trd, 000239.600, 162.0
Trd, 000239.667, 159
Trd, 000240.150, 155
Trd, 000241.000, 157
Trd, 000241.250, 156.0
Trd, 000241.767, 156
Trd, 000241.867, 156
Trd, 000242.767, 152.0
Trd, 000243.333, 148.0
Trd, 000243.717, 147
Trd, 000244.167, 146
Trd, 000244.250, 144.0
Trd, 000245.317, 137
Trd, 000245.450, 137
Trd, 000245.783, 139
Trd, 000245.850, 144
Trd, 000246.033, 139
Trd, 000246.117, 143
Trd, 000246.933, 143
Trd, 000246.983, 158.0
Trd, 000247.333, 140
Trd, 000247.350, 141
Trd, 000248.150, 151
Trd, 000248.183, 162.0
Trd, 000248.633, 147
Trd, 000248.717, 158.0
Trd, 000250.067, 153
Trd, 000250.317, 151
Trd, 000251.350, 153
Trd, 000251.467, 151
Trd, 000252.017, 152
Trd, 000252.233, 154
Trd, 000252.933, 153
Trd, 000253.400, 155.0
Trd, 000253.450, 153.0
Trd, 000253.917, 154
Trd, 000254.183, 149
Trd, 000254.450, 151
Trd, 000255.367, 150
Trd, 000255.450, 148.0
Trd, 000255.533, 148
Trd, 000255.867, 149
Trd, 000256.167, 149
Trd, 000256.700, 149
Trd, 000257.133, 145.0
Trd, 000257.933, 145.0
Trd, 000258.617, 148
Trd, 000258.717, 149
Trd, 000259.383, 155.0
Trd, 000260.067, 153
Trd, 000260.083, 155
Trd, 000261.117, 153
Trd, 000261.517, 155
Trd, 000261.767, 153
Trd, 000261.817, 156
Trd, 000261.900, 157
Trd, 000262.567, 150
Trd, 000262.617, 148.0
Trd, 000262.700, 156
Trd, 000264.317, 150.0
Trd, 000264.450, 148
Trd, 000264.467, 152
Trd, 000265.517, 150
Trd, 000265.950, 152
Trd, 000266.017, 151
Trd, 000266.033, 148.0
Trd, 000266.667, 153
Trd, 000266.833, 155.0
Trd, 000268.083, 147.0
Trd, 000268.450, 157.0
Trd, 000268.850, 153
Trd, 000268.900, 158.0
Trd, 000269.617, 156
Trd, 000269.917, 149
Trd, 000270.267, 150
Trd, 000270.350, 151
Trd, 000270.767, 153
Trd, 000271.150, 150
Trd, 000271.950, 153
Trd, 000273.867, 155.0
Trd, 000274.617, 152
Trd, 000274.767, 149
Trd, 000275.317, 154.0
Trd, 000275.717, 162.0
Trd, 000275.950, 156
Trd, 000276.267, 155.0
Trd, 000276.700, 158
Trd, 000276.750, 158
Trd, 000277.100, 157
Trd, 000277.967, 157
Trd, 000278.967, 157.0
Trd, 000279.050, 158.0
Trd, 000279.117, 157
Trd, 000279.250, 156
Trd, 000279.933, 157
Trd, 000280.417, 149.0
Trd, 000280.933, 148.0
Trd, 000281.283, 145.0
Trd, 000281.617, 152
Trd, 000281.817, 153
Trd, 000282.883, 152
Trd, 000283.317, 150
Trd, 000283.617, 148.0
Trd, 000284.533, 146.0
Trd, 000284.567, 145.0
Trd, 000284.850, 149
Trd, 000284.983, 150
Trd, 000285.183, 144.0
Trd, 000285.900, 149
Trd, 000286.017, 144
Trd, 000286.533, 148
Trd, 000286.800, 148
Trd, 000287.933, 148
Trd, 000288.083, 148
Trd, 000288.333, 155.0
Trd, 000289.283, 149
Trd, 000289.567, 149.0
Trd, 000290.283, 150
Trd, 000290.517, 150
Trd, 000290.650, 154
Trd, 000290.767, 158
Trd, 000290.817, 148.0
Trd, 000291.900, 151
Trd, 000292.800, 152
Trd, 000293.717, 151
Trd, 000294.233, 149
Trd, 000294.667, 150
Trd, 000294.700, 148.0
Trd, 000295.350, 148
Trd, 000295.517, 146.0
Trd, 000295.733, 147
Trd, 000295.900, 148
Trd, 000296.650, 146
Trd, 000296.850, 146.0
Trd, 000297.517, 146.0
Trd, 000298.017, 146
Trd, 000298.100, 145
Trd, 000298.133, 147
Trd, 000298.383, 149
Trd, 000299.133, 157.0
Trd, 000299.500, 144
