Trd, 000001.783, 154
Trd, 000003.200, 141
Trd, 000003.517, 174.0
Trd, 000003.833, 133
Trd, 000004.617, 175
Trd, 000005.300, 137
Trd, 000006.350, 155.0
Trd, 000006.500, 154
Trd, 000006.917, 157
Trd, 000007.967, 154.0
Trd, 000008.167, 155.0
Trd, 000008.200, 152
Trd, 000008.800, 151.0
Trd, 000010.117, 156
Trd, 000010.150, 155.0
Trd, 000012.633, 156
Trd, 000012.900, 155
Trd, 000013.400, 151.0
Trd, 000013.667, 157
Trd, 000014.783, 155
Trd, 000015.033, 156
Trd, 000015.733, 155
Trd, 000016.183, 155
Trd, 000016.367, 154
Trd, 000016.700, 155
Trd, 000016.783, 153
Trd, 000016.900, 151.0
Trd, 000017.083, 159
Trd, 000018.517, 151
Trd, 000020.083, 156
Trd, 000020.517, 155.0
Trd, 000021.517, 156
Trd, 000021.583, 157
Trd, 000023.133, 156
Trd, 000024.550, 155.0
Trd, 000025.750, 154
Trd, 000026.400, 153
Trd, 000026.717, 152
Trd, 000027.433, 150
Trd, 000028.267, 154
Trd, 000028.883, 155
Trd, 000028.900, 151.0
Trd, 000030.133, 154.0
Trd, 000030.200, 150
Trd, 000031.583, 153.0
Trd, 000031.717, 152
Trd, 000031.883, 152
Trd, 000031.917, 155.0
Trd, 000034.300, 152
Trd, 000035.400, 152
Trd, 000036.917, 151
Trd, 000037.367, 151.0
Trd, 000037.500, 149
Trd, 000038.033, 152
Trd, 000038.850, 154
Trd, 000039.150, 155
Trd, 000039.517, 148
Trd, 000040.717, 159
Trd, 000041.733, 152.0
Trd, 000042.117, 153
Trd, 000043.250, 156.0
Trd, 000043.267, 155.0
Trd, 000043.717, 155
Trd, 000044.133, 154
Trd, 000044.933, 152
Trd, 000046.267, 152
Trd, 000047.133, 153
Trd, 000047.717, 152.0
Trd, 000047.850, 154
Trd, 000048.083, 154
Trd, 000048.817, 155.0
Trd, 000049.017, 137
Trd, 000049.900, 155.0
Trd, 000050.483, 155
Trd, 000050.617, 153
Trd, 000050.767, 151.0
Trd, 000051.233, 153
Trd, 000051.817, 157
Trd, 000052.067, 155.0
Trd, 000052.600, 145
Trd, 000052.817, 147
Trd, 000053.317, 149
Trd, 000054.250, 155.0
Trd, 000054.883, 158
Trd, 000055.117, 155.0
Trd, 000055.650, 165
Trd, 000058.550, 159
Trd, 000059.117, 160
Trd, 000059.700, 159
Trd, 000059.733, 161
Trd, 000059.800, 156
Trd, 000060.850, 155.0
Trd, 000060.950, 151.0
Trd, 000061.283, 155
Trd, 000061.817, 152
Trd, 000062.450, 152
Trd, 000062.783, 153
Trd, 000063.250, 152
Trd, 000065.467, 155.0
Trd, 000065.617, 156
Trd, 000066.350, 158
Trd, 000067.217, 155
Trd, 000067.633, 157
Trd, 000068.933, 155
Trd, 000069.033, 155.0
Trd, 000069.583, 154
Trd, 000069.633, 153
Trd, 000070.417, 151
Trd, 000071.233, 152
Trd, 000071.317, 151
Trd, 000071.450, 155.0
Trd, 000071.700, 152
Trd, 000072.900, 149
Trd, 000073.033, 151
Trd, 000073.767, 152
Trd, 000075.417, 152
Trd, 000076.283, 153
Trd, 000076.933, 153
Trd, 000077.767, 159
Trd, 000079.000, 160
Trd, 000079.683, 159
Trd, 000079.817, 159
Trd, 000080.300, 164
Trd, 000080.933, 157
Trd, 000081.933, 156
Trd, 000081.950, 155
Trd, 000082.033, 157
Trd, 000084.450, 161
Trd, 000084.683, 155.0
Trd, 000085.333, 155
Trd, 000085.500, 156
Trd, 000086.367, 158
Trd, 000087.333, 159
Trd, 000089.567, 158
Trd, 000089.800, 157
Trd, 000090.467, 158
Trd, 000090.783, 156
Trd, 000090.933, 157
Trd, 000091.483, 155.0
Trd, 000091.917, 156
Trd, 000093.233, 157
Trd, 000093.333, 155
Trd, 000093.717, 153
Trd, 000093.933, 154
Trd, 000094.200, 151.0
Trd, 000094.567, 150
Trd, 000095.217, 154
Trd, 000097.550, 157
Trd, 000097.633, 158
Trd, 000097.833, 155.0
Trd, 000098.250, 152
Trd, 000098.733, 154
Trd, 000098.750, 159
Trd, 000099.450, 153
Trd, 000099.517, 155
Trd, 000100.000, 155
Trd, 000100.200, 156
Trd, 000102.333, 154
Trd, 000103.283, 152
Trd, 000104.317, 154
Trd, 000104.350, 153
Trd, 000104.967, 151.0
Trd, 000105.133, 154
Trd, 000105.400, 150
Trd, 000105.417, 148
Trd, 000105.900, 148
Trd, 000106.533, 155.0
Trd, 000107.950, 151
Trd, 000108.067, 152
Trd, 000108.150, 151
Trd, 000108.350, 158
Trd, 000108.733, 155.0
Trd, 000109.650, 165
Trd, 000110.033, 164
Trd, 000110.233, 154
Trd, 000111.783, 160
Trd, 000112.583, 163
Trd, 000113.283, 164
Trd, 000114.717, 164
Trd, 000115.317, 161
Trd, 000115.333, 155.0
Trd, 000116.817, 164
Trd, 000116.867, 161
Trd, 000117.633, 160
Trd, 000118.367, 161
Trd, 000119.183, 162
Trd, 000120.050, 162
Trd, 000120.267, 161
Trd, 000120.383, 159
Trd, 000121.000, 158
Trd, 000121.350, 161
Trd, 000122.983, 155.0
Trd, 000123.233, 156
Trd, 000124.350, 155
Trd, 000124.467, 154
Trd, 000124.567, 155
Trd, 000125.067, 158
Trd, 000125.667, 152
Trd, 000126.250, 158
Trd, 000126.367, 152
Trd, 000128.317, 151.0
Trd, 000129.017, 154
Trd, 000129.250, 152
Trd, 000129.300, 153
Trd, 000130.150, 151
Trd, 000130.750, 153
Trd, 000131.567, 153
Trd, 000131.917, 152.0
Trd, 000132.367, 155.0
Trd, 000133.367, 153.0
Trd, 000134.233, 155
Trd, 000136.217, 153
Trd, 000136.717, 136
Trd, 000136.850, 153.0
Trd, 000137.933, 151
Trd, 000138.833, 153
Trd, 000139.217, 156
Trd, 000140.717, 156.0
Trd, 000141.083, 157
Trd, 000142.400, 157
Trd, 000142.783, 156
Trd, 000143.183, 156
Trd, 000143.300, 165
Trd, 000143.450, 155.0
Trd, 000143.533, 154
Trd, 000145.333, 160
Trd, 000146.533, 159.0
Trd, 000147.550, 157
Trd, 000148.233, 158
Trd, 000149.550, 157
Trd, 000149.600, 157
Trd, 000149.900, 156
Trd, 000151.200, 157
Trd, 000151.417, 155.0
Trd, 000151.817, 155
Trd, 000153.600, 154
Trd, 000154.200, 152.0
Trd, 000154.300, 151.0
Trd, 000155.250, 155
Trd, 000155.383, 157
Trd, 000155.450, 151
Trd, 000157.967, 157
Trd, 000158.067, 152
Trd, 000159.150, 154
Trd, 000159.717, 152
Trd, 000160.133, 151
Trd, 000161.900, 152.0
Trd, 000162.067, 151.0
Trd, 000162.183, 155.0
Trd, 000163.133, 155
Trd, 000163.500, 150
Trd, 000165.050, 149
Trd, 000165.283, 153
Trd, 000165.400, 153
Trd, 000167.467, 152
Trd, 000167.883, 151.0
Trd, 000168.283, 155.0
Trd, 000168.933, 152
Trd, 000170.083, 153
Trd, 000170.183, 151
Trd, 000170.917, 156
Trd, 000171.450, 156
Trd, 000171.600, 152
Trd, 000172.800, 152
Trd, 000173.050, 156
Trd, 000173.217, 151
Trd, 000174.633, 156
Trd, 000175.850, 154
Trd, 000176.317, 155
Trd, 000176.867, 155
Trd, 000177.100, 155.0
Trd, 000177.950, 154
Trd, 000178.817, 154
Trd, 000178.833, 155
Trd, 000179.867, 155.0
Trd, 000180.800, 155
Trd, 000181.033, 155
Trd, 000182.450, 154
Trd, 000183.733, 156
Trd, 000184.150, 156
Trd, 000184.683, 155
Trd, 000184.767, 154
Trd, 000185.117, 155.0
Trd, 000185.333, 155
Trd, 000185.883, 151.0
Trd, 000187.050, 150
Trd, 000189.250, 149
Trd, 000189.483, 149
Trd, 000190.617, 150
Trd, 000190.883, 149
Trd, 000191.467, 154.0
Trd, 000191.833, 153
Trd, 000192.450, 150
Trd, 000192.967, 153.0
Trd, 000193.283, 155.0
Trd, 000193.750, 158
Trd, 000194.433, 154
Trd, 000194.950, 155
Trd, 000195.483, 156.0
Trd, 000195.783, 155.0
Trd, 000196.600, 156
Trd, 000197.300, 155
Trd, 000198.767, 156
Trd, 000199.367, 157
Trd, 000199.417, 153
Trd, 000199.717, 153
Trd, 000200.500, 159
Trd, 000201.017, 162
Trd, 000201.233, 155.0
Trd, 000201.683, 155
Trd, 000202.483, 154
Trd, 000205.067, 155
Trd, 000205.600, 155.0
Trd, 000205.667, 157
Trd, 000206.483, 157
Trd, 000207.167, 154
Trd, 000207.450, 158
Trd, 000207.483, 155
Trd, 000207.750, 154
Trd, 000208.983, 155
Trd, 000209.517, 154
Trd, 000209.917, 157
Trd, 000210.300, 151
Trd, 000210.733, 156
Trd, 000210.783, 151
Trd, 000211.167, 151.0
Trd, 000211.517, 155
Trd, 000212.517, 155
Trd, 000212.783, 140
Trd, 000213.433, 131.0
Trd, 000213.633, 137
Trd, 000214.300, 133
Trd, 000214.417, 124
Trd, 000215.317, 152.0
Trd, 000215.917, 141
Trd, 000216.933, 155.0
Trd, 000217.433, 146
Trd, 000217.500, 158
Trd, 000218.250, 142
Trd, 000218.383, 142
Trd, 000219.183, 147
Trd, 000220.350, 152
Trd, 000220.467, 155.0
Trd, 000221.117, 151.0
Trd, 000221.883, 156
Trd, 000222.000, 149
Trd, 000223.750, 156.0
Trd, 000224.467, 156
Trd, 000225.367, 155.0
Trd, 000225.467, 154
Trd, 000225.850, 156
Trd, 000226.450, 151.0
Trd, 000226.933, 158
Trd, 000228.650, 150
Trd, 000230.167, 155
Trd, 000230.433, 156
Trd, 000230.583, 157
Trd, 000230.750, 152.0
Trd, 000232.100, 157
Trd, 000232.500, 156
Trd, 000233.900, 157
Trd, 000233.933, 154
Trd, 000235.083, 155.0
Trd, 000235.683, 155
Trd, 000235.850, 156
Trd, 000236.100, 157
Trd, 000236.500, 158
Trd, 000236.617, 155.0
Trd, 000236.917, 155
Trd, 000238.633, 157
Trd, 000239.533, 154
Trd, 000240.033, 156
Trd, 000240.300, 155.0
Trd, 000240.467, 156
Trd, 000240.717, 154
Trd, 000240.967, 154
Trd, 000241.283, 153
Trd, 000242.367, 153
Trd, 000242.533, 153
Trd, 000243.350, 151
Trd, 000243.533, 151.0
Trd, 000244.000, 150
Trd, 000244.133, 153
Trd, 000244.283, 154
Trd, 000245.317, 149
Trd, 000245.600, 150.0
Trd, 000246.133, 150.0
Trd, 000246.183, 148
Trd, 000246.733, 151.0
Trd, 000246.783, 152
Trd, 000246.900, 147
Trd, 000247.250, 145
Trd, 000248.133, 142
Trd, 000248.350, 146
Trd, 000249.400, 144.0
Trd, 000249.950, 148.0
Trd, 000250.967, 145
Trd, 000251.533, 146
Trd, 000251.850, 147
Trd, 000253.567, 146
Trd, 000253.667, 154
Trd, 000254.500, 151.0
Trd, 000255.417, 151.0
Trd, 000255.433, 152
Trd, 000255.667, 148
Trd, 000255.950, 149
Trd, 000256.300, 148
Trd, 000256.650, 146
Trd, 000257.017, 149
Trd, 000257.583, 149
Trd, 000258.250, 146
Trd, 000258.550, 147
Trd, 000258.683, 151
Trd, 000258.750, 140
Trd, 000259.367, 144
Trd, 000259.500, 144.0
Trd, 000259.617, 151.0
Trd, 000259.933, 151.0
Trd, 000260.017, 155.0
Trd, 000260.200, 148
Trd, 000260.833, 149
Trd, 000261.900, 154
Trd, 000262.250, 136
Trd, 000262.350, 154
Trd, 000262.517, 151.0
Trd, 000263.700, 146
Trd, 000263.783, 145
Trd, 000264.367, 147.0
Trd, 000264.717, 144
Trd, 000265.167, 158
Trd, 000265.850, 151
Trd, 000266.533, 151
Trd, 000267.083, 153.0
Trd, 000267.200, 151.0
Trd, 000267.967, 153.0
Trd, 000268.267, 154
Trd, 000268.550, 162.0
Trd, 000268.833, 158
Trd, 000269.417, 155.0
Trd, 000269.883, 155
Trd, 000270.133, 152
Trd, 000270.150, 156
Trd, 000270.350, 151.0
Trd, 000271.317, 136
Trd, 000272.050, 156
Trd, 000272.667, 152
Trd, 000273.033, 155.0
Trd, 000273.100, 148
Trd, 000273.167, 146
Trd, 000274.350, 156
Trd, 000274.483, 161
Trd, 000274.767, 160.0
Trd, 000275.133, 159.0
Trd, 000275.250, 151.0
Trd, 000276.717, 150
Trd, 000277.533, 151.0
Trd, 000277.933, 148
Trd, 000278.117, 145
Trd, 000278.783, 151
Trd, 000278.867, 151.0
Trd, 000279.850, 145
Trd, 000279.917, 144.0
Trd, 000280.133, 145
Trd, 000281.200, 144
Trd, 000281.433, 146
Trd, 000281.800, 148.0
Trd, 000282.217, 146
Trd, 000282.533, 151.0
Trd, 000283.200, 151
Trd, 000283.833, 144
Trd, 000284.000, 145.0
Trd, 000284.067, 152.0
Trd, 000284.483, 152
Trd, 000284.750, 148
Trd, 000285.083, 146
Trd, 000285.217, 146
Trd, 000285.483, 155.0
Trd, 000285.900, 146
Trd, 000286.667, 148.0
Trd, 000287.250, 151.0
Trd, 000288.000, 145
Trd, 000288.500, 148.0
Trd, 000288.767, 150
Trd, 000289.650, 145.0
Trd, 000289.967, 151.0
Trd, 000290.433, 144.0
Trd, 000290.833, 154
Trd, 000291.650, 152.0
Trd, 000291.950, 151
Trd, 000292.683, 151
Trd, 000293.450, 159
Trd, 000293.733, 153
Trd, 000293.967, 152
Trd, 000294.117, 153
Trd, 000294.183, 159
Trd, 000294.317, 152
Trd, 000294.967, 150
Trd, 000296.183, 150
Trd, 000296.250, 155.0
Trd, 000296.950, 148
Trd, 000296.967, 155
Trd, 000298.100, 152.0
Trd, 000298.267, 151.0
Trd, 000298.450, 151
Trd, 000298.700, 153
Trd, 000298.850, 144.0
Trd, 000299.317, 136
Trd, 000299.383, 158
Trd, 000299.900, 149
