Trd, 000000.650, 193.0
Trd, 000001.417, 186.0
Trd, 000001.883, 179.0
Trd, 000002.850, 185
Trd, 000003.967, 181
Trd, 000004.100, 172.0
Trd, 000005.500, 168
Trd, 000006.600, 174.0
Trd, 000006.967, 172.0
Trd, 000008.283, 172
Trd, 000010.067, 170
Trd, 000010.083, 168
Trd, 000010.333, 167
Trd, 000010.583, 165.0
Trd, 000010.900, 159
Trd, 000010.933, 169
Trd, 000011.683, 157
Trd, 000013.133, 161
Trd, 000013.867, 158
Trd, 000014.150, 161
Trd, 000015.517, 159
Trd, 000016.017, 158
Trd, 000016.667, 158
Trd, 000017.017, 157
Trd, 000017.233, 157
Trd, 000017.467, 147
Trd, 000017.800, 156
Trd, 000017.850, 157
Trd, 000018.067, 168.0
Trd, 000018.433, 147
Trd, 000018.483, 146
Trd, 000018.800, 155.0
Trd, 000020.317, 154
Trd, 000020.667, 152
Trd, 000021.733, 151
Trd, 000022.850, 154
Trd, 000023.467, 168
Trd, 000024.167, 152
Trd, 000024.633, 155.0
Trd, 000024.917, 159
Trd, 000024.950, 168.0
Trd, 000025.250, 152
Trd, 000025.483, 172
Trd, 000025.850, 178.0
Trd, 000026.000, 155
Trd, 000027.783, 162
Trd, 000027.917, 155
Trd, 000028.250, 154
Trd, 000028.350, 162
Trd, 000030.267, 156
Trd, 000030.350, 160
Trd, 000030.750, 154
Trd, 000030.967, 168.0
Trd, 000031.367, 148
Trd, 000032.883, 156
Trd, 000033.750, 154
Trd, 000034.217, 152
Trd, 000034.567, 152
Trd, 000035.333, 152
Trd, 000035.383, 156
Trd, 000035.400, 157
Trd, 000035.567, 168.0
Trd, 000035.650, 172
Trd, 000035.700, 152
Trd, 000036.383, 179.0
Trd, 000037.400, 170
Trd, 000037.683, 172
Trd, 000037.900, 173
Trd, 000039.033, 158
Trd, 000039.650, 170
Trd, 000040.933, 170
Trd, 000040.967, 162
Trd, 000042.883, 162
Trd, 000043.167, 157
Trd, 000043.617, 166
Trd, 000044.650, 165
Trd, 000045.333, 161
Trd, 000045.533, 165
Trd, 000046.033, 154
Trd, 000046.417, 154.0
Trd, 000046.500, 155.0
Trd, 000046.567, 157
Trd, 000047.217, 166
Trd, 000047.300, 153
Trd, 000049.000, 160
Trd, 000049.267, 153
Trd, 000050.500, 160
Trd, 000050.967, 163.0
Trd, 000051.550, 151
Trd, 000051.883, 151
Trd, 000052.200, 151
Trd, 000052.217, 152
Trd, 000053.717, 147
Trd, 000054.517, 167.0
Trd, 000056.367, 154
Trd, 000057.117, 154
Trd, 000057.133, 155
Trd, 000057.450, 154.0
Trd, 000058.500, 154.0
Trd, 000059.017, 155.0
Trd, 000059.817, 166
Trd, 000060.683, 156
Trd, 000061.750, 157
Trd, 000062.433, 157
Trd, 000062.633, 156
Trd, 000062.717, 157
Trd, 000062.850, 156
Trd, 000063.183, 148
Trd, 000063.783, 168.0
Trd, 000063.950, 172
Trd, 000064.717, 179.0
Trd, 000064.850, 173.0
Trd, 000065.650, 172.0
Trd, 000066.350, 164
Trd, 000066.400, 171
Trd, 000066.667, 167
Trd, 000067.217, 160
Trd, 000067.250, 140
Trd, 000067.617, 163
Trd, 000067.867, 171
Trd, 000068.517, 172
Trd, 000069.433, 160
Trd, 000069.833, 160
Trd, 000069.933, 162
Trd, 000070.233, 161
Trd, 000071.150, 159
Trd, 000071.183, 157
Trd, 000071.333, 160
Trd, 000071.900, 165
Trd, 000073.650, 156
Trd, 000073.983, 156
Trd, 000074.700, 158
Trd, 000076.050, 156
Trd, 000076.067, 155
Trd, 000076.300, 157
Trd, 000076.350, 147
Trd, 000076.583, 160
Trd, 000077.067, 154.0
Trd, 000077.450, 139
Trd, 000078.917, 153
Trd, 000079.767, 153
Trd, 000080.433, 155.0
Trd, 000080.933, 155
Trd, 000081.467, 155
Trd, 000081.517, 166
Trd, 000083.133, 159
Trd, 000083.683, 158
Trd, 000083.917, 159
Trd, 000084.233, 158
Trd, 000084.467, 157
Trd, 000084.917, 163
Trd, 000085.733, 162
Trd, 000085.850, 168.0
Trd, 000086.900, 160
Trd, 000087.167, 161
Trd, 000088.017, 163
Trd, 000088.600, 168.0
Trd, 000089.100, 159
Trd, 000089.700, 159
Trd, 000090.133, 161
Trd, 000090.700, 164
Trd, 000090.800, 168
Trd, 000091.817, 164
Trd, 000092.167, 162
Trd, 000092.583, 161
Trd, 000093.083, 158
Trd, 000093.417, 157
Trd, 000094.200, 163
Trd, 000094.250, 163
Trd, 000094.800, 172
Trd, 000094.867, 147
Trd, 000095.267, 154
Trd, 000096.450, 149
Trd, 000096.733, 160
Trd, 000097.200, 154.0
Trd, 000097.383, 154
Trd, 000098.250, 154
Trd, 000098.417, 155.0
Trd, 000098.517, 153
Trd, 000099.333, 152
Trd, 000099.900, 155
Trd, 000101.283, 151
Trd, 000102.150, 154
Trd, 000102.750, 150
Trd, 000103.350, 151
Trd, 000103.817, 149
Trd, 000105.067, 149
Trd, 000105.100, 151
Trd, 000105.633, 151
Trd, 000106.583, 155.0
Trd, 000107.067, 167.0
Trd, 000107.250, 168.0
Trd, 000107.867, 152
Trd, 000108.050, 170
Trd, 000108.067, 172
Trd, 000109.633, 156
Trd, 000110.367, 155
Trd, 000110.417, 168
Trd, 000110.783, 153
Trd, 000111.783, 160
Trd, 000112.067, 157
Trd, 000112.333, 158
Trd, 000113.717, 158
Trd, 000113.750, 155
Trd, 000114.000, 158
Trd, 000114.267, 168.0
Trd, 000114.533, 154
Trd, 000114.700, 172
Trd, 000116.100, 154
Trd, 000118.150, 151
Trd, 000119.183, 150.0
Trd, 000119.333, 149.0
Trd, 000120.150, 150
Trd, 000120.300, 152
Trd, 000120.367, 148
Trd, 000120.450, 152
Trd, 000121.150, 149
Trd, 000121.467, 151
Trd, 000121.650, 155.0
Trd, 000122.633, 168.0
Trd, 000124.300, 157
Trd, 000124.550, 153
Trd, 000124.600, 154
Trd, 000124.717, 153
Trd, 000125.400, 154
Trd, 000126.067, 154
Trd, 000126.167, 153
Trd, 000126.367, 155.0
Trd, 000126.533, 168.0
Trd, 000126.850, 161
Trd, 000128.433, 168
Trd, 000128.550, 156
Trd, 000128.983, 152
Trd, 000129.367, 154
Trd, 000129.483, 149
Trd, 000129.600, 156
Trd, 000130.600, 152
Trd, 000130.700, 155
Trd, 000131.033, 155.0
Trd, 000132.567, 152
Trd, 000133.067, 151
Trd, 000133.850, 152
Trd, 000133.967, 154
Trd, 000134.417, 155.0
Trd, 000134.800, 150
Trd, 000135.217, 155
Trd, 000135.450, 168.0
Trd, 000137.100, 161
Trd, 000137.167, 162
Trd, 000138.733, 155.0
Trd, 000139.233, 153
Trd, 000139.500, 153
Trd, 000140.033, 156
Trd, 000141.017, 155
Trd, 000141.533, 154
Trd, 000142.267, 155
Trd, 000142.600, 152
Trd, 000142.667, 148
Trd, 000143.900, 154
Trd, 000143.983, 155
Trd, 000144.217, 153.0
Trd, 000145.317, 153.0
Trd, 000145.767, 155.0
Trd, 000146.450, 154
Trd, 000146.933, 172
Trd, 000147.200, 153
Trd, 000149.083, 154.0
Trd, 000149.800, 153
Trd, 000150.000, 154
Trd, 000150.233, 155.0
Trd, 000150.583, 155
Trd, 000150.883, 166
Trd, 000150.983, 156
Trd, 000151.200, 156
Trd, 000153.417, 154.0
Trd, 000153.817, 155.0
Trd, 000153.983, 168.0
Trd, 000155.033, 178.0
Trd, 000155.283, 153
Trd, 000155.467, 161
Trd, 000155.517, 147
Trd, 000156.167, 151
Trd, 000157.033, 153
Trd, 000157.250, 152
Trd, 000157.950, 155
Trd, 000158.683, 154
Trd, 000158.950, 155
Trd, 000159.083, 156
Trd, 000159.300, 154
Trd, 000159.317, 153
Trd, 000160.017, 150.0
Trd, 000160.917, 151.0
Trd, 000160.933, 155.0
Trd, 000161.433, 168.0
Trd, 000162.517, 169
Trd, 000164.117, 156
Trd, 000164.517, 156
Trd, 000164.633, 146
Trd, 000165.883, 153
Trd, 000166.017, 146.0
Trd, 000166.550, 153
Trd, 000167.067, 149
Trd, 000167.383, 152
Trd, 000168.967, 168.0
Trd, 000169.667, 172
Trd, 000169.833, 154.0
Trd, 000169.850, 155.0
Trd, 000169.983, 158
Trd, 000170.083, 151
Trd, 000171.133, 163
Trd, 000171.400, 152
Trd, 000172.433, 154
Trd, 000173.150, 155
Trd, 000173.583, 152
Trd, 000173.900, 154
Trd, 000174.000, 155
Trd, 000174.533, 152
Trd, 000174.567, 172
Trd, 000175.033, 163
Trd, 000175.267, 163
Trd, 000176.400, 152.0
Trd, 000176.767, 152.0
Trd, 000178.000, 152
Trd, 000178.200, 153
Trd, 000178.350, 152
Trd, 000178.433, 152
Trd, 000178.850, 154
Trd, 000179.200, 155.0
Trd, 000179.267, 168.0
Trd, 000179.683, 153
Trd, 000180.683, 155
Trd, 000181.200, 155
Trd, 000182.433, 156
Trd, 000183.050, 158
Trd, 000183.067, 172
Trd, 000184.083, 179.0
Trd, 000184.700, 186.0
Trd, 000184.933, 161
Trd, 000185.417, 161
Trd, 000185.900, 162
Trd, 000187.683, 157
Trd, 000188.233, 155
Trd, 000188.950, 157
Trd, 000188.983, 158
Trd, 000189.117, 160
Trd, 000189.400, 147
Trd, 000189.783, 154.0
Trd, 000189.983, 154.0
Trd, 000190.150, 153
Trd, 000191.417, 152
Trd, 000193.733, 149
Trd, 000194.433, 149
Trd, 000194.483, 150
Trd, 000195.400, 151
Trd, 000195.483, 152
Trd, 000196.317, 152
Trd, 000196.567, 151
Trd, 000196.600, 165
Trd, 000197.167, 152
Trd, 000197.317, 151
Trd, 000197.367, 151
Trd, 000197.517, 153
Trd, 000197.600, 154
Trd, 000198.717, 152
Trd, 000199.300, 153
Trd, 000201.600, 161
Trd, 000201.617, 157
Trd, 000202.050, 168.0
Trd, 000202.550, 154
Trd, 000204.133, 153
Trd, 000204.167, 155.0
Trd, 000204.367, 172
Trd, 000204.550, 153
Trd, 000204.683, 155.0
Trd, 000206.583, 163
Trd, 000206.867, 162
Trd, 000207.050, 171
Trd, 000207.583, 170
Trd, 000208.433, 169
Trd, 000208.833, 171
Trd, 000209.450, 159
Trd, 000209.967, 157
Trd, 000210.267, 172
Trd, 000211.033, 164
Trd, 000211.167, 165
Trd, 000211.450, 160
Trd, 000211.817, 164
Trd, 000213.033, 157
Trd, 000214.233, 164
Trd, 000214.667, 156
Trd, 000214.767, 151
Trd, 000215.683, 166
Trd, 000216.117, 164
Trd, 000216.233, 164
Trd, 000216.583, 156
Trd, 000216.800, 162
Trd, 000217.000, 159
Trd, 000219.083, 158
Trd, 000219.133, 164
Trd, 000219.950, 158
Trd, 000220.017, 159
Trd, 000220.400, 157
Trd, 000221.383, 158
Trd, 000221.500, 147
Trd, 000221.617, 144.0
Trd, 000222.733, 157
Trd, 000223.567, 168.0
Trd, 000224.250, 155.0
Trd, 000224.267, 168.0
Trd, 000225.050, 171
Trd, 000225.967, 158
Trd, 000226.183, 164
Trd, 000227.667, 163
Trd, 000227.717, 162
Trd, 000227.983, 162
Trd, 000228.117, 163
Trd, 000228.400, 171
Trd, 000229.167, 160
Trd, 000229.183, 171
Trd, 000229.350, 160
Trd, 000229.867, 158
Trd, 000230.633, 158
Trd, 000231.850, 164
Trd, 000231.900, 166
Trd, 000232.550, 161
Trd, 000233.067, 149
Trd, 000234.633, 161
Trd, 000235.117, 162
Trd, 000235.283, 154
Trd, 000236.600, 150
Trd, 000236.617, 154.0
Trd, 000237.117, 155.0
Trd, 000237.783, 154
Trd, 000238.450, 157
Trd, 000239.217, 162
Trd, 000239.317, 153
Trd, 000239.533, 168.0
Trd, 000240.100, 151
Trd, 000240.450, 151
Trd, 000240.633, 151.0
Trd, 000240.717, 153.0
Trd, 000241.400, 152
Trd, 000241.783, 153
Trd, 000241.900, 154
Trd, 000243.200, 155.0
Trd, 000243.733, 168
Trd, 000244.417, 156.0
Trd, 000244.450, 159
Trd, 000244.500, 172
Trd, 000245.333, 174.0
Trd, 000245.400, 161
Trd, 000245.600, 156
Trd, 000245.933, 156
Trd, 000246.633, 155.0
Trd, 000247.133, 166
Trd, 000248.050, 159
Trd, 000248.067, 158
Trd, 000248.933, 158
Trd, 000248.967, 159
Trd, 000249.150, 157
Trd, 000249.183, 155
Trd, 000249.617, 151.0
Trd, 000250.450, 154
Trd, 000250.517, 150
Trd, 000250.867, 151
Trd, 000252.067, 150
Trd, 000252.533, 152
Trd, 000252.600, 150
Trd, 000252.717, 155.0
Trd, 000253.017, 157
Trd, 000253.233, 159
Trd, 000253.817, 155
Trd, 000254.033, 154
Trd, 000254.967, 153
Trd, 000255.400, 153.0
Trd, 000255.917, 152.0
Trd, 000256.400, 155.0
Trd, 000256.450, 156
Trd, 000256.683, 166.0
Trd, 000257.033, 160
Trd, 000257.150, 155
Trd, 000257.300, 151
Trd, 000257.817, 153
Trd, 000258.250, 151.0
Trd, 000258.767, 147
Trd, 000259.417, 149
Trd, 000259.600, 148.0
Trd, 000259.833, 149
Trd, 000259.900, 151
Trd, 000261.050, 151
Trd, 000261.500, 148
Trd, 000261.650, 168.0
Trd, 000262.067, 155.0
Trd, 000262.367, 153
Trd, 000262.600, 154
Trd, 000262.867, 168
Trd, 000263.717, 153
Trd, 000264.700, 151
Trd, 000265.000, 153
Trd, 000265.200, 154
Trd, 000265.300, 156
Trd, 000265.367, 158
Trd, 000265.900, 155.0
Trd, 000265.917, 159
Trd, 000266.283, 153.0
Trd, 000266.400, 157
Trd, 000267.683, 164
Trd, 000268.300, 167.0
Trd, 000269.083, 167.0
Trd, 000269.517, 171
Trd, 000269.583, 162.0
Trd, 000269.633, 162.0
Trd, 000269.817, 157
Trd, 000270.167, 167
Trd, 000270.233, 172
Trd, 000270.267, 156
Trd, 000270.800, 160
Trd, 000271.033, 155.0
Trd, 000271.250, 147
Trd, 000272.000, 151.0
Trd, 000272.267, 162
Trd, 000272.700, 153
Trd, 000272.850, 154
Trd, 000273.900, 149
Trd, 000273.933, 153
Trd, 000274.267, 153
Trd, 000274.850, 151
Trd, 000275.250, 151.0
Trd, 000275.283, 153
Trd, 000275.833, 150
Trd, 000276.167, 155.0
Trd, 000276.517, 161.0
Trd, 000276.833, 170
Trd, 000277.783, 164
Trd, 000278.067, 159
Trd, 000278.733, 151
Trd, 000278.833, 147
Trd, 000278.950, 146
Trd, 000279.417, 145.0
Trd, 000279.450, 152.0
Trd, 000280.483, 147
Trd, 000280.633, 144.0
Trd, 000281.067, 148.0
Trd, 000281.683, 151
Trd, 000283.217, 146
Trd, 000283.383, 145
Trd, 000283.433, 146
Trd, 000283.583, 148
Trd, 000283.817, 148.0
Trd, 000284.583, 151.0
Trd, 000284.900, 152
Trd, 000285.483, 162
Trd, 000285.817, 159
Trd, 000286.317, 148
Trd, 000286.417, 155.0
Trd, 000286.550, 168.0
Trd, 000287.567, 163
Trd, 000287.750, 163
Trd, 000287.900, 170
Trd, 000288.600, 162.0
Trd, 000289.617, 163
Trd, 000289.717, 175.0
Trd, 000290.417, 162
Trd, 000290.550, 164
Trd, 000291.000, 157
Trd, 000291.317, 156.0
Trd, 000291.350, 169
Trd, 000291.567, 155.0
Trd, 000291.783, 152.0
Trd, 000291.833, 171
Trd, 000292.583, 153
Trd, 000293.083, 167.0
Trd, 000293.167, 157
Trd, 000293.317, 167.0
Trd, 000294.367, 153.0
Trd, 000295.167, 151.0
Trd, 000295.883, 155.0
Trd, 000296.250, 151
Trd, 000296.450, 152
Trd, 000296.500, 153
Trd, 000296.667, 155.0
Trd, 000296.800, 162
Trd, 000297.100, 147
Trd, 000298.483, 155.0
Trd, 000298.550, 159
Trd, 000298.700, 159
Trd, 000298.750, 151.0
Trd, 000299.017, 150
Trd, 000299.350, 149
Trd, 000299.950, 156
