Trd, 000001.650, 147
Trd, 000002.533, 142
Trd, 000003.150, 158.0
Trd, 000003.683, 132
Trd, 000005.250, 148.0
Trd, 000005.317, 135
Trd, 000005.883, 165
Trd, 000006.383, 154
Trd, 000006.483, 165
Trd, 000007.050, 154
Trd, 000007.200, 165.0
Trd, 000008.083, 153
Trd, 000008.200, 165
Trd, 000008.383, 151.0
Trd, 000008.633, 148.0
Trd, 000009.433, 158.0
Trd, 000010.800, 157
Trd, 000011.083, 148
Trd, 000011.250, 148.0
Trd, 000011.717, 146
Trd, 000012.617, 150
Trd, 000013.783, 149
Trd, 000014.000, 155
Trd, 000014.167, 157
Trd, 000014.467, 165.0
Trd, 000016.183, 155
Trd, 000016.250, 158.0
Trd, 000016.517, 154
Trd, 000016.933, 155
Trd, 000016.983, 154
Trd, 000018.083, 155
Trd, 000018.233, 151.0
Trd, 000018.617, 148.0
Trd, 000020.100, 150
Trd, 000020.117, 148
Trd, 000020.350, 144.0
Trd, 000020.367, 150
Trd, 000020.883, 141
Trd, 000021.450, 144
Trd, 000022.300, 147
Trd, 000023.033, 147
Trd, 000023.083, 164.0
Trd, 000023.650, 168
Trd, 000024.200, 151.0
Trd, 000025.300, 152
Trd, 000025.433, 151
Trd, 000026.667, 151
Trd, 000027.150, 154.0
Trd, 000027.517, 150
Trd, 000027.617, 158.0
Trd, 000028.033, 154
Trd, 000028.217, 151.0
Trd, 000028.483, 144.0
Trd, 000028.600, 140
Trd, 000030.117, 156.0
Trd, 000030.250, 149.0
Trd, 000030.500, 162.0
Trd, 000030.700, 168
Trd, 000031.800, 168
Trd, 000031.850, 149
Trd, 000032.267, 149
Trd, 000032.433, 159
Trd, 000032.883, 149
Trd, 000034.267, 157.0
Trd, 000034.367, 158.0
Trd, 000034.400, 145
Trd, 000034.500, 151.0
Trd, 000034.567, 144.0
Trd, 000034.883, 165.0
Trd, 000035.300, 164
Trd, 000037.117, 152
Trd, 000037.250, 149
Trd, 000037.500, 157.0
Trd, 000038.033, 153.0
Trd, 000038.350, 152
Trd, 000038.650, 152
Trd, 000039.050, 151.0
Trd, 000040.617, 151
Trd, 000040.783, 156
Trd, 000041.283, 149
Trd, 000041.350, 155
Trd, 000041.833, 148.0
Trd, 000042.083, 149
Trd, 000043.083, 152
Trd, 000043.983, 151.0
Trd, 000044.733, 153
Trd, 000045.283, 155.0
Trd, 000045.650, 156.0
Trd, 000046.883, 151
Trd, 000047.300, 156.0
Trd, 000047.333, 158.0
Trd, 000047.617, 150
Trd, 000048.100, 146
Trd, 000048.333, 146.0
Trd, 000048.383, 144.0
Trd, 000049.167, 148.0
Trd, 000050.100, 148
Trd, 000050.400, 147
Trd, 000051.417, 165.0
Trd, 000051.800, 153
Trd, 000052.533, 158.0
Trd, 000052.633, 148.0
Trd, 000053.050, 145
Trd, 000053.350, 182.0
Trd, 000054.367, 172
Trd, 000055.100, 168
Trd, 000055.383, 166
Trd, 000056.933, 151.0
Trd, 000056.983, 148
Trd, 000057.067, 157
Trd, 000057.133, 148.0
Trd, 000057.300, 144.0
Trd, 000057.700, 157
Trd, 000059.633, 155.0
Trd, 000059.950, 155.0
Trd, 000060.050, 152
Trd, 000060.767, 151
Trd, 000061.167, 151.0
Trd, 000061.633, 153
Trd, 000062.250, 151
Trd, 000062.583, 153
Trd, 000062.600, 153
Trd, 000063.750, 152
Trd, 000064.150, 151
Trd, 000064.683, 154.0
Trd, 000065.083, 153
Trd, 000065.100, 151.0
Trd, 000066.900, 153.0
Trd, 000067.567, 151
Trd, 000067.600, 151
Trd, 000068.183, 150
Trd, 000068.983, 151
Trd, 000069.617, 148.0
Trd, 000070.550, 148.0
Trd, 000070.767, 144.0
Trd, 000070.983, 149
Trd, 000071.283, 151
Trd, 000072.733, 153
Trd, 000072.800, 151
Trd, 000073.517, 152
Trd, 000074.967, 151
Trd, 000075.300, 150
Trd, 000075.667, 149
Trd, 000075.850, 151.0
Trd, 000076.100, 148.0
Trd, 000076.883, 148.0
Trd, 000077.700, 148.0
Trd, 000078.317, 144.0
Trd, 000078.800, 147
Trd, 000078.933, 148
Trd, 000079.050, 148
Trd, 000079.350, 155.0
Trd, 000079.600, 165.0
Trd, 000080.117, 146
Trd, 000081.433, 148.0
Trd, 000081.600, 147
Trd, 000081.683, 146
Trd, 000081.850, 144.0
Trd, 000082.333, 148
Trd, 000082.450, 158.0
Trd, 000083.767, 150
Trd, 000083.800, 145
Trd, 000084.850, 152.0
Trd, 000086.917, 154
Trd, 000087.300, 154
Trd, 000087.600, 151.0
Trd, 000088.083, 148.0
Trd, 000088.450, 152
Trd, 000088.900, 152
Trd, 000089.167, 154
Trd, 000089.433, 164
Trd, 000089.450, 152
Trd, 000092.233, 153
Trd, 000092.283, 148.0
Trd, 000092.717, 152
Trd, 000093.050, 154.0
Trd, 000095.300, 154
Trd, 000095.667, 152
Trd, 000096.467, 153
Trd, 000096.550, 152
Trd, 000097.233, 151.0
Trd, 000097.317, 148
Trd, 000097.600, 148.0
Trd, 000097.883, 147
Trd, 000097.933, 146
Trd, 000098.533, 152
Trd, 000100.683, 148.0
Trd, 000101.650, 144
Trd, 000103.067, 152
Trd, 000103.283, 152
Trd, 000103.417, 153
Trd, 000104.583, 152.0
Trd, 000104.667, 155
Trd, 000104.683, 151.0
Trd, 000105.817, 154
Trd, 000106.117, 149
Trd, 000107.183, 154
Trd, 000107.383, 155.0
Trd, 000107.850, 149
Trd, 000107.950, 148.0
Trd, 000108.383, 157.0
Trd, 000108.933, 155
Trd, 000109.050, 149
Trd, 000109.633, 149.0
Trd, 000111.067, 152
Trd, 000111.267, 154
Trd, 000111.500, 155.0
Trd, 000111.617, 151
Trd, 000112.083, 154
Trd, 000112.900, 150
Trd, 000113.117, 151.0
Trd, 000114.633, 151.0
Trd, 000115.183, 149
Trd, 000115.583, 150
Trd, 000116.183, 149
Trd, 000116.517, 151
Trd, 000116.700, 149.0
Trd, 000117.217, 148.0
Trd, 000117.733, 146
Trd, 000118.100, 144.0
Trd, 000118.367, 149
Trd, 000119.433, 148.0
Trd, 000119.867, 149
Trd, 000120.350, 148.0
Trd, 000120.900, 155.0
Trd, 000121.183, 165.0
Trd, 000121.517, 154
Trd, 000121.817, 156.0
Trd, 000122.750, 157.0
Trd, 000123.367, 157
Trd, 000123.583, 155
Trd, 000124.300, 158.0
Trd, 000125.183, 153
Trd, 000125.333, 152
Trd, 000125.767, 151.0
Trd, 000127.000, 153
Trd, 000127.467, 149
Trd, 000127.783, 148.0
Trd, 000128.533, 140
Trd, 000128.633, 137
Trd, 000129.150, 148
Trd, 000130.050, 153
Trd, 000130.083, 155.0
Trd, 000130.683, 148.0
Trd, 000131.200, 158.0
Trd, 000132.550, 153
Trd, 000132.583, 151.0
Trd, 000132.750, 164.0
Trd, 000134.700, 153
Trd, 000134.750, 153
Trd, 000134.983, 152
Trd, 000136.150, 150
Trd, 000136.367, 157.0
Trd, 000136.933, 155
Trd, 000137.283, 158.0
Trd, 000137.300, 151.0
Trd, 000137.833, 151
Trd, 000137.900, 150
Trd, 000138.100, 155
Trd, 000138.317, 148
Trd, 000138.500, 155
Trd, 000138.650, 155
Trd, 000140.167, 163.0
Trd, 000141.167, 147
Trd, 000141.800, 156
Trd, 000142.217, 149
Trd, 000143.133, 148.0
Trd, 000143.950, 157
Trd, 000144.833, 146
Trd, 000145.033, 154
Trd, 000145.700, 151
Trd, 000146.650, 151.0
Trd, 000147.200, 145
Trd, 000148.750, 151.0
Trd, 000148.883, 155.0
Trd, 000150.467, 154
Trd, 000150.800, 148.0
Trd, 000151.050, 147
Trd, 000151.517, 141
Trd, 000151.633, 140
Trd, 000152.350, 148.0
Trd, 000152.533, 145
Trd, 000153.200, 151.0
Trd, 000154.050, 138
Trd, 000154.433, 146.0
Trd, 000155.250, 148.0
Trd, 000155.433, 144
Trd, 000155.617, 151
Trd, 000156.200, 152
Trd, 000156.750, 155.0
Trd, 000157.867, 154
Trd, 000158.417, 151.0
Trd, 000158.733, 151
Trd, 000159.617, 149
Trd, 000159.800, 155
Trd, 000159.833, 156
Trd, 000160.200, 151.0
Trd, 000161.617, 153
Trd, 000162.917, 154
Trd, 000164.017, 148.0
Trd, 000164.117, 155.0
Trd, 000164.317, 144
Trd, 000164.400, 140
Trd, 000164.767, 151.0
Trd, 000165.033, 143
Trd, 000165.233, 148.0
Trd, 000165.267, 149
Trd, 000165.583, 145
Trd, 000166.117, 156.0
Trd, 000166.367, 148.0
Trd, 000167.150, 149
Trd, 000167.183, 156.0
Trd, 000167.483, 152
Trd, 000167.883, 149
Trd, 000168.050, 145
Trd, 000169.050, 151.0
Trd, 000169.083, 166
Trd, 000169.183, 142
Trd, 000171.567, 155.0
Trd, 000171.817, 156.0
Trd, 000172.783, 155
Trd, 000173.083, 155
Trd, 000173.100, 153
Trd, 000174.083, 152
Trd, 000174.933, 148.0
Trd, 000175.217, 144.0
Trd, 000175.667, 157.0
Trd, 000175.750, 157
Trd, 000177.183, 153
Trd, 000177.217, 151.0
Trd, 000177.917, 146
Trd, 000179.017, 154.0
Trd, 000180.550, 155
Trd, 000181.500, 150
Trd, 000181.567, 149
Trd, 000181.917, 148.0
Trd, 000182.633, 146
Trd, 000182.683, 144.0
Trd, 000183.067, 149
Trd, 000183.733, 148.0
Trd, 000183.800, 152
Trd, 000184.383, 157.0
Trd, 000185.150, 145
Trd, 000185.567, 158.0
Trd, 000185.600, 165.0
Trd, 000186.150, 144
Trd, 000186.400, 143
Trd, 000187.583, 161
Trd, 000188.417, 166
Trd, 000190.033, 156
Trd, 000190.083, 155
Trd, 000190.533, 155
Trd, 000190.717, 152
Trd, 000190.833, 157.0
Trd, 000190.900, 149
Trd, 000191.683, 151
Trd, 000191.733, 151.0
Trd, 000192.767, 150
Trd, 000193.500, 148.0
Trd, 000194.517, 149
Trd, 000195.017, 148.0
Trd, 000195.950, 153
Trd, 000196.467, 157.0
Trd, 000196.983, 151
Trd, 000197.167, 149
Trd, 000197.233, 156
Trd, 000197.450, 158.0
Trd, 000197.500, 151.0
Trd, 000198.767, 148.0
Trd, 000199.050, 161.0
Trd, 000199.200, 140
Trd, 000199.433, 162.0
Trd, 000199.617, 152
Trd, 000202.617, 146
Trd, 000202.867, 148.0
Trd, 000203.083, 144.0
Trd, 000203.767, 155.0
Trd, 000205.067, 148.0
Trd, 000205.483, 155.0
Trd, 000205.767, 157.0
Trd, 000206.133, 146
Trd, 000207.333, 151.0
Trd, 000207.567, 147
Trd, 000207.817, 155
Trd, 000207.917, 148
Trd, 000208.267, 148.0
Trd, 000209.033, 155
Trd, 000209.467, 147
Trd, 000209.650, 147
Trd, 000209.817, 144.0
Trd, 000210.633, 145
Trd, 000211.033, 148.0
Trd, 000211.633, 140
Trd, 000212.467, 148
Trd, 000213.283, 141
Trd, 000213.400, 153.0
Trd, 000214.817, 153.0
Trd, 000215.533, 153
Trd, 000216.117, 146
Trd, 000216.133, 146
Trd, 000216.217, 140
Trd, 000216.450, 151.0
Trd, 000216.600, 155.0
Trd, 000217.017, 148.0
Trd, 000217.400, 164.0
Trd, 000217.967, 165.0
Trd, 000218.467, 160
Trd, 000219.150, 152
Trd, 000219.183, 167
Trd, 000219.633, 151.0
Trd, 000220.033, 147
Trd, 000221.267, 158.0
Trd, 000221.317, 146
Trd, 000222.050, 144.0
Trd, 000223.117, 140
Trd, 000223.367, 150
Trd, 000223.800, 150
Trd, 000223.850, 151
Trd, 000223.983, 150.0
Trd, 000224.667, 148.0
Trd, 000226.500, 157.0
Trd, 000227.267, 151
Trd, 000227.283, 149
Trd, 000227.967, 148
Trd, 000227.983, 145
Trd, 000228.200, 146
Trd, 000228.717, 150
Trd, 000228.900, 152
Trd, 000229.183, 140
Trd, 000230.083, 161
Trd, 000230.517, 151.0
Trd, 000230.800, 148.0
Trd, 000231.983, 157
Trd, 000232.000, 139
Trd, 000232.117, 167
Trd, 000233.733, 148.0
Trd, 000234.067, 150
Trd, 000234.567, 151.0
Trd, 000234.733, 149
Trd, 000234.900, 148.0
Trd, 000236.667, 148
Trd, 000236.800, 150
Trd, 000237.850, 148.0
Trd, 000239.100, 146
Trd, 000239.417, 149
Trd, 000239.583, 144.0
Trd, 000240.133, 155.0
Trd, 000240.733, 156.0
Trd, 000240.750, 155
Trd, 000240.833, 158.0
Trd, 000240.883, 153
Trd, 000240.950, 152
Trd, 000241.100, 148.0
Trd, 000241.850, 150
Trd, 000242.517, 149
Trd, 000243.083, 148.0
Trd, 000243.517, 149
Trd, 000243.850, 151.0
Trd, 000243.917, 149
Trd, 000244.333, 151
Trd, 000244.567, 148
Trd, 000244.700, 155.0
Trd, 000244.767, 158.0
Trd, 000244.833, 149
Trd, 000245.933, 153
Trd, 000246.083, 149
Trd, 000246.183, 149
Trd, 000246.883, 148.0
Trd, 000247.167, 150.0
Trd, 000247.450, 153.0
Trd, 000247.567, 154.0
Trd, 000247.900, 159.0
Trd, 000248.533, 158.0
Trd, 000248.883, 159
Trd, 000249.567, 156
Trd, 000249.700, 153
Trd, 000250.117, 151.0
Trd, 000250.217, 153
Trd, 000250.267, 155
Trd, 000250.283, 149
Trd, 000250.800, 148.0
Trd, 000251.400, 144.0
Trd, 000252.283, 150
Trd, 000252.333, 149
Trd, 000252.600, 145
Trd, 000253.533, 147.0
Trd, 000253.800, 146
Trd, 000254.183, 148
Trd, 000254.233, 141
Trd, 000255.283, 145
Trd, 000255.833, 145
Trd, 000255.850, 146.0
Trd, 000256.167, 146
Trd, 000256.283, 148.0
Trd, 000256.633, 148
Trd, 000257.817, 145
Trd, 000257.933, 144
Trd, 000258.267, 146
Trd, 000258.283, 147.0
Trd, 000259.417, 147
Trd, 000259.717, 148.0
Trd, 000259.733, 143
Trd, 000259.850, 151.0
Trd, 000259.967, 142
Trd, 000260.733, 146.0
Trd, 000261.050, 146.0
Trd, 000261.233, 150.0
Trd, 000261.383, 140
Trd, 000261.467, 137
Trd, 000262.267, 155.0
Trd, 000262.300, 141
Trd, 000262.900, 151.0
Trd, 000263.000, 150
Trd, 000263.500, 151.0
Trd, 000263.700, 146
Trd, 000264.200, 147.0
Trd, 000264.417, 146
Trd, 000264.867, 148.0
Trd, 000265.250, 148
Trd, 000265.583, 151
Trd, 000266.467, 153.0
Trd, 000266.800, 148.0
Trd, 000266.983, 150.0
Trd, 000267.133, 155.0
Trd, 000267.500, 157.0
Trd, 000267.733, 149
Trd, 000268.050, 157.0
Trd, 000268.383, 158.0
Trd, 000268.533, 151
Trd, 000268.683, 162.0
Trd, 000269.233, 149
Trd, 000269.633, 151.0
Trd, 000269.950, 141
Trd, 000270.067, 137
Trd, 000270.550, 148.0
Trd, 000270.950, 156
Trd, 000270.967, 150
Trd, 000271.333, 148.0
Trd, 000272.900, 146
Trd, 000273.033, 140
Trd, 000273.467, 140.0
Trd, 000273.750, 135.0
Trd, 000273.800, 141.0
Trd, 000274.333, 148.0
Trd, 000275.183, 143.0
Trd, 000275.317, 155.0
Trd, 000275.567, 147
Trd, 000275.583, 138
Trd, 000275.783, 136
Trd, 000275.933, 156
Trd, 000276.967, 137
Trd, 000277.700, 148.0
Trd, 000278.317, 150.0
Trd, 000278.400, 151.0
Trd, 000278.500, 153
Trd, 000278.767, 155.0
Trd, 000278.783, 158.0
Trd, 000279.700, 156
Trd, 000279.767, 155
Trd, 000280.467, 152
Trd, 000280.917, 152.0
Trd, 000281.317, 145.0
Trd, 000281.750, 151
Trd, 000281.783, 151.0
Trd, 000282.317, 150
Trd, 000282.550, 151.0
Trd, 000283.450, 152
Trd, 000283.583, 168
Trd, 000284.367, 161
Trd, 000284.633, 168
Trd, 000285.417, 158.0
Trd, 000285.883, 157
Trd, 000286.417, 156.0
Trd, 000286.567, 148.0
Trd, 000286.700, 158.0
Trd, 000286.917, 156.0
Trd, 000287.083, 148.0
Trd, 000287.250, 159
Trd, 000287.317, 162.0
Trd, 000288.383, 152
Trd, 000288.683, 160
Trd, 000288.800, 164.0
Trd, 000289.233, 159
Trd, 000289.383, 164.0
Trd, 000289.467, 154
Trd, 000289.950, 159
Trd, 000290.167, 144.0
Trd, 000290.433, 148.0
Trd, 000290.700, 153
Trd, 000291.483, 166
Trd, 000291.550, 157
Trd, 000291.567, 151.0
Trd, 000292.167, 151.0
Trd, 000292.217, 139
Trd, 000293.017, 137
Trd, 000293.183, 145
Trd, 000294.267, 148.0
Trd, 000294.600, 148.0
Trd, 000294.733, 141
Trd, 000295.483, 153
Trd, 000295.550, 154
Trd, 000295.717, 156
Trd, 000295.933, 157
Trd, 000296.450, 157
Trd, 000296.933, 151.0
Trd, 000297.067, 162.0
Trd, 000297.283, 168
Trd, 000297.617, 150
Trd, 000298.267, 150
Trd, 000298.500, 140
Trd, 000298.617, 136
Trd, 000298.633, 157.0
Trd, 000298.967, 146
