Trd, 000001.450, 113.0
Trd, 000001.700, 153.0
Trd, 000002.617, 153
Trd, 000003.367, 151.0
Trd, 000003.517, 145
Trd, 000003.667, 135
Trd, 000003.717, 152
Trd, 000003.767, 155.0
Trd, 000003.850, 152
Trd, 000003.917, 158.0
Trd, 000006.217, 141
Trd, 000006.467, 133
Trd, 000008.350, 142
Trd, 000008.550, 151.0
Trd, 000009.417, 151
Trd, 000009.433, 166
Trd, 000010.617, 156
Trd, 000010.800, 157
Trd, 000010.983, 159
Trd, 000011.033, 173
Trd, 000011.050, 154
Trd, 000011.150, 153
Trd, 000012.700, 156
Trd, 000012.967, 152.0
Trd, 000013.050, 151.0
Trd, 000013.083, 137.0
Trd, 000013.433, 147
Trd, 000014.167, 155
Trd, 000014.467, 150
Trd, 000014.483, 151
Trd, 000015.000, 158
Trd, 000015.500, 146
Trd, 000016.133, 122
Trd, 000016.167, 117.0
Trd, 000017.067, 155.0
Trd, 000017.717, 130
Trd, 000018.333, 134
Trd, 000018.400, 145
Trd, 000018.900, 152.0
Trd, 000019.433, 152.0
Trd, 000019.650, 153.0
Trd, 000019.700, 151.0
Trd, 000019.833, 154.0
Trd, 000021.167, 155.0
Trd, 000021.300, 175.0
Trd, 000021.333, 151
Trd, 000021.883, 151.0
Trd, 000022.167, 156
Trd, 000022.633, 153
Trd, 000022.800, 154
Trd, 000023.333, 155
Trd, 000025.150, 154
Trd, 000025.400, 147
Trd, 000025.933, 137.0
Trd, 000027.050, 146
Trd, 000027.400, 143
Trd, 000027.533, 147
Trd, 000027.583, 137.0
Trd, 000028.633, 137
Trd, 000028.783, 139
Trd, 000029.150, 149
Trd, 000030.000, 153.0
Trd, 000030.067, 155.0
Trd, 000030.417, 146
Trd, 000030.967, 147
Trd, 000031.717, 146
Trd, 000032.300, 145
Trd, 000032.350, 147
Trd, 000032.467, 147
Trd, 000032.917, 143
Trd, 000033.533, 146
Trd, 000033.817, 151
Trd, 000034.483, 146
Trd, 000035.267, 146
Trd, 000035.467, 145
Trd, 000036.100, 149
Trd, 000037.367, 146
Trd, 000037.967, 156.0
Trd, 000038.650, 150
Trd, 000038.667, 172
Trd, 000039.550, 158
Trd, 000039.917, 160
Trd, 000039.967, 155
Trd, 000040.050, 154
Trd, 000041.000, 174.0
Trd, 000041.617, 162
Trd, 000041.633, 166
Trd, 000042.233, 160
Trd, 000042.317, 150
Trd, 000043.850, 156
Trd, 000044.067, 156
Trd, 000044.867, 160
Trd, 000045.467, 155
Trd, 000046.033, 157
Trd, 000046.433, 157
Trd, 000046.933, 155
Trd, 000047.250, 151.0
Trd, 000048.483, 154
Trd, 000048.750, 156
Trd, 000049.600, 155
Trd, 000049.833, 154
Trd, 000049.950, 137.0
Trd, 000050.033, 117.0
Trd, 000050.267, 156
Trd, 000051.933, 138
Trd, 000052.200, 148
Trd, 000052.700, 146
Trd, 000052.900, 158.0
Trd, 000053.850, 151.0
Trd, 000054.217, 151
Trd, 000054.633, 151
Trd, 000055.083, 149
Trd, 000055.267, 152
Trd, 000055.633, 149
Trd, 000056.350, 152
Trd, 000056.583, 150
Trd, 000057.483, 153
Trd, 000058.167, 153
Trd, 000058.200, 149
Trd, 000058.450, 149
Trd, 000059.617, 153
Trd, 000059.750, 152
Trd, 000061.133, 152
Trd, 000061.383, 151
Trd, 000061.550, 156.0
Trd, 000061.717, 151.0
Trd, 000062.683, 152
Trd, 000062.950, 154
Trd, 000063.283, 151
Trd, 000064.400, 153.0
Trd, 000064.617, 151
Trd, 000065.167, 151.0
Trd, 000065.533, 152
Trd, 000065.767, 150
Trd, 000066.367, 134
Trd, 000067.533, 149
Trd, 000068.067, 152
Trd, 000068.183, 155.0
Trd, 000068.233, 154
Trd, 000068.400, 151.0
Trd, 000069.783, 151
Trd, 000070.467, 150
Trd, 000070.967, 117.0
Trd, 000071.750, 151
Trd, 000072.250, 150
Trd, 000072.633, 143
Trd, 000072.900, 148
Trd, 000073.400, 143
Trd, 000073.667, 150
Trd, 000074.533, 151.0
Trd, 000075.033, 157.0
Trd, 000075.233, 150
Trd, 000075.900, 151
Trd, 000076.583, 151
Trd, 000077.517, 151
Trd, 000077.567, 150
Trd, 000078.300, 149
Trd, 000078.983, 149
Trd, 000079.450, 150
Trd, 000079.583, 149
Trd, 000080.383, 147
Trd, 000081.283, 150
Trd, 000081.633, 152
Trd, 000081.717, 148
Trd, 000081.767, 145
Trd, 000082.283, 137.0
Trd, 000083.417, 150
Trd, 000083.533, 151
Trd, 000083.733, 151.0
Trd, 000084.400, 145
Trd, 000084.733, 145
Trd, 000085.583, 144
Trd, 000085.650, 146
Trd, 000086.450, 130
Trd, 000086.467, 146
Trd, 000087.600, 146
Trd, 000087.783, 137
Trd, 000089.767, 146
Trd, 000089.983, 146
Trd, 000090.717, 146
Trd, 000090.800, 147
Trd, 000091.883, 152
Trd, 000092.267, 150
Trd, 000092.300, 150
Trd, 000092.567, 150
Trd, 000092.650, 154.0
Trd, 000092.883, 155.0
Trd, 000093.300, 150
Trd, 000093.450, 150
Trd, 000093.667, 157
Trd, 000093.883, 152
Trd, 000093.950, 158.0
Trd, 000094.267, 150
Trd, 000094.350, 130
Trd, 000095.950, 163
Trd, 000096.200, 163
Trd, 000096.467, 132
Trd, 000097.683, 171
Trd, 000099.017, 155
Trd, 000099.133, 154
Trd, 000099.300, 153
Trd, 000099.833, 168
Trd, 000100.050, 152
Trd, 000100.483, 161
Trd, 000101.517, 151
Trd, 000102.100, 152
Trd, 000102.150, 151
Trd, 000102.850, 151.0
Trd, 000103.200, 152
Trd, 000103.467, 151
Trd, 000103.667, 149
Trd, 000104.450, 118
Trd, 000104.567, 151
Trd, 000104.783, 147
Trd, 000105.700, 137.0
Trd, 000105.867, 125
Trd, 000106.500, 145
Trd, 000107.250, 146
Trd, 000107.350, 155.0
Trd, 000108.383, 144
Trd, 000109.267, 143
Trd, 000109.367, 142
Trd, 000109.883, 144
Trd, 000110.300, 144
Trd, 000110.700, 142
Trd, 000111.500, 141
Trd, 000111.883, 141
Trd, 000112.183, 144
Trd, 000112.517, 144
Trd, 000112.783, 155
Trd, 000114.200, 140
Trd, 000114.617, 139
Trd, 000115.100, 138.0
Trd, 000115.167, 165
Trd, 000115.750, 151
Trd, 000117.117, 139
Trd, 000117.150, 147
Trd, 000117.267, 148
Trd, 000117.883, 144
Trd, 000118.033, 153
Trd, 000118.733, 149
Trd, 000119.300, 149
Trd, 000119.617, 147
Trd, 000119.850, 150
Trd, 000122.417, 146
Trd, 000123.267, 149
Trd, 000123.517, 150
Trd, 000123.750, 150
Trd, 000124.083, 153
Trd, 000124.417, 153.0
Trd, 000125.000, 151
Trd, 000125.017, 150
Trd, 000126.850, 152
Trd, 000126.950, 152
Trd, 000127.717, 154.0
Trd, 000128.600, 154
Trd, 000128.683, 152
Trd, 000128.750, 151
Trd, 000129.150, 158.0
Trd, 000129.183, 151
Trd, 000130.367, 153
Trd, 000130.950, 152
Trd, 000131.333, 154
Trd, 000131.533, 151.0
Trd, 000131.917, 153
Trd, 000132.183, 113.0
Trd, 000132.650, 136
Trd, 000133.167, 142
Trd, 000133.683, 141
Trd, 000133.917, 154
Trd, 000134.533, 152.0
Trd, 000135.733, 157.0
Trd, 000136.350, 171
Trd, 000136.900, 151.0
Trd, 000137.033, 147
Trd, 000137.667, 145
Trd, 000138.133, 151
Trd, 000138.250, 152
Trd, 000138.283, 151.0
Trd, 000138.367, 146
Trd, 000138.517, 152
Trd, 000138.550, 117.0
Trd, 000138.567, 170
Trd, 000139.917, 137
Trd, 000140.300, 175.0
Trd, 000140.567, 143
Trd, 000142.683, 183
Trd, 000142.900, 173
Trd, 000143.300, 172.0
Trd, 000144.250, 173
Trd, 000144.667, 171
Trd, 000145.200, 171
Trd, 000145.283, 170
Trd, 000145.733, 171
Trd, 000145.950, 151.0
Trd, 000146.200, 174
Trd, 000146.433, 166
Trd, 000146.583, 156
Trd, 000146.700, 155.0
Trd, 000146.733, 170
Trd, 000147.733, 152
Trd, 000149.217, 154
Trd, 000149.950, 162
Trd, 000150.533, 155
Trd, 000150.833, 161
Trd, 000150.917, 161
Trd, 000151.683, 160
Trd, 000151.850, 154
Trd, 000152.833, 157
Trd, 000153.050, 149
Trd, 000154.167, 156.0
Trd, 000154.633, 154
Trd, 000154.967, 156
Trd, 000155.250, 155
Trd, 000155.317, 152
Trd, 000155.950, 152
Trd, 000156.267, 153
Trd, 000156.383, 151.0
Trd, 000157.800, 151
Trd, 000158.467, 152
Trd, 000159.317, 149
Trd, 000159.500, 148
Trd, 000159.517, 150
Trd, 000160.167, 150
Trd, 000160.517, 150
Trd, 000160.550, 148
Trd, 000160.700, 151
Trd, 000162.867, 148
Trd, 000162.900, 138
Trd, 000163.333, 144
Trd, 000163.650, 142
Trd, 000164.083, 138.0
Trd, 000164.767, 137.0
Trd, 000164.783, 138
Trd, 000164.850, 155.0
Trd, 000164.917, 135
Trd, 000165.033, 158.0
Trd, 000165.983, 134
Trd, 000167.050, 140
Trd, 000167.183, 138
Trd, 000167.267, 144
Trd, 000167.650, 146
Trd, 000167.950, 147
Trd, 000168.667, 139
Trd, 000168.800, 140.0
Trd, 000169.683, 145
Trd, 000170.133, 154.0
Trd, 000170.250, 155.0
Trd, 000170.467, 142
Trd, 000171.083, 138
Trd, 000171.833, 148
Trd, 000173.817, 147
Trd, 000174.017, 148
Trd, 000174.117, 144
Trd, 000174.300, 148
Trd, 000175.067, 152.0
Trd, 000175.183, 155.0
Trd, 000175.883, 160
Trd, 000176.283, 159
Trd, 000176.317, 158
Trd, 000177.300, 157
Trd, 000177.967, 156
Trd, 000178.167, 156
Trd, 000178.383, 164
Trd, 000178.650, 164
Trd, 000179.267, 160
Trd, 000179.467, 160
Trd, 000179.950, 161
Trd, 000181.333, 157
Trd, 000182.183, 157.0
Trd, 000183.550, 157
Trd, 000183.700, 155
Trd, 000183.733, 158
Trd, 000184.317, 155
Trd, 000184.367, 170
Trd, 000184.550, 154
Trd, 000184.717, 150
Trd, 000185.333, 157.0
Trd, 000185.733, 151.0
Trd, 000185.850, 151
Trd, 000186.917, 137.0
Trd, 000187.250, 156
Trd, 000188.017, 152
Trd, 000188.633, 153
Trd, 000189.833, 155
Trd, 000190.200, 146
Trd, 000190.300, 145
Trd, 000191.450, 152.0
Trd, 000192.500, 152
Trd, 000192.517, 150
Trd, 000192.783, 153
Trd, 000193.217, 154
Trd, 000193.617, 147
Trd, 000195.817, 151.0
Trd, 000196.300, 151
Trd, 000196.867, 150
Trd, 000197.183, 151
Trd, 000197.367, 150
Trd, 000197.600, 148
Trd, 000197.833, 151.0
Trd, 000198.367, 137.0
Trd, 000199.450, 152
Trd, 000199.550, 153
Trd, 000199.833, 157.0
Trd, 000200.783, 147
Trd, 000201.017, 146
Trd, 000201.400, 149
Trd, 000201.750, 145
Trd, 000202.817, 149
Trd, 000203.583, 147
Trd, 000204.417, 147
Trd, 000204.633, 147
Trd, 000204.933, 148
Trd, 000205.200, 146
Trd, 000205.400, 148
Trd, 000205.583, 146
Trd, 000205.733, 144
Trd, 000206.283, 151
Trd, 000206.450, 153.0
Trd, 000207.117, 147
Trd, 000208.583, 148
Trd, 000208.750, 147
Trd, 000209.567, 148
Trd, 000210.283, 148.0
Trd, 000210.517, 120
Trd, 000210.667, 149
Trd, 000211.217, 155.0
Trd, 000211.233, 139
Trd, 000211.617, 163
Trd, 000212.017, 154
Trd, 000212.033, 158.0
Trd, 000213.050, 154
Trd, 000213.067, 148
Trd, 000213.167, 156
Trd, 000214.033, 156
Trd, 000215.367, 153
Trd, 000216.500, 155
Trd, 000217.000, 154.0
Trd, 000217.983, 155
Trd, 000218.667, 155
Trd, 000219.100, 156
Trd, 000219.350, 158
Trd, 000219.717, 157
Trd, 000219.800, 157
Trd, 000219.850, 155
Trd, 000220.050, 155
Trd, 000221.550, 166
Trd, 000222.000, 151.0
Trd, 000222.100, 148
Trd, 000222.183, 137.0
Trd, 000222.233, 160
Trd, 000222.950, 144
Trd, 000224.667, 146
Trd, 000224.867, 148
Trd, 000225.000, 146
Trd, 000225.233, 147
Trd, 000225.600, 120
Trd, 000225.850, 158.0
Trd, 000226.667, 156
Trd, 000227.250, 155
Trd, 000227.817, 153
Trd, 000227.933, 160
Trd, 000228.150, 160
Trd, 000228.467, 153.0
Trd, 000229.133, 159
Trd, 000229.367, 161
Trd, 000229.867, 137.0
Trd, 000231.350, 167
Trd, 000231.400, 151.0
Trd, 000231.617, 150
Trd, 000231.783, 161
Trd, 000231.883, 151
Trd, 000232.350, 168
Trd, 000232.900, 137.0
Trd, 000233.433, 163
Trd, 000234.450, 158
Trd, 000234.933, 166
Trd, 000235.333, 155
Trd, 000235.850, 156.0
Trd, 000235.883, 155.0
Trd, 000238.450, 156
Trd, 000239.217, 155
Trd, 000239.617, 156
Trd, 000240.100, 154
Trd, 000240.167, 155
Trd, 000240.200, 157
Trd, 000240.433, 157
Trd, 000240.600, 156
Trd, 000240.967, 156
Trd, 000241.050, 153
Trd, 000241.733, 152
Trd, 000242.183, 158.0
Trd, 000243.533, 153
Trd, 000244.033, 151.0
Trd, 000244.350, 156
Trd, 000244.633, 151
Trd, 000244.933, 153
Trd, 000246.233, 150.0
Trd, 000246.583, 149
Trd, 000246.650, 144.0
Trd, 000246.733, 151
Trd, 000247.767, 151
Trd, 000248.300, 151
Trd, 000248.400, 148
Trd, 000248.867, 154.0
Trd, 000249.450, 155
Trd, 000249.617, 160
Trd, 000250.117, 159
Trd, 000250.400, 154
Trd, 000250.850, 165.0
Trd, 000251.750, 153
Trd, 000251.900, 152
Trd, 000252.733, 152
Trd, 000253.183, 149
Trd, 000253.667, 144.0
Trd, 000254.900, 145
Trd, 000255.100, 142
Trd, 000255.267, 145
Trd, 000255.467, 144.0
Trd, 000255.683, 144.0
Trd, 000255.783, 145
Trd, 000256.533, 144.0
Trd, 000257.333, 144.0
Trd, 000257.433, 145
Trd, 000257.717, 145
Trd, 000258.067, 143
Trd, 000258.550, 142
Trd, 000259.183, 138.0
Trd, 000259.550, 143.0
Trd, 000259.633, 147.0
Trd, 000260.000, 148.0
Trd, 000261.150, 146
Trd, 000261.383, 147
Trd, 000261.450, 148
Trd, 000262.233, 145
Trd, 000262.450, 147
Trd, 000263.617, 143
Trd, 000263.983, 144.0
Trd, 000264.183, 146
Trd, 000264.250, 144
Trd, 000264.617, 146.0
Trd, 000264.667, 145.0
Trd, 000265.117, 147
Trd, 000265.383, 148.0
Trd, 000265.467, 155.0
Trd, 000265.883, 151.0
Trd, 000266.517, 151
Trd, 000266.617, 155
Trd, 000268.083, 164
Trd, 000268.367, 165
Trd, 000268.433, 164
Trd, 000268.583, 158
Trd, 000268.667, 170
Trd, 000268.983, 175.0
Trd, 000269.650, 161
Trd, 000269.817, 169
Trd, 000269.983, 167
Trd, 000270.100, 155.0
Trd, 000270.817, 158
Trd, 000271.417, 154
Trd, 000271.600, 160
Trd, 000271.717, 163
Trd, 000272.250, 156
Trd, 000273.100, 161
Trd, 000274.317, 164.0
Trd, 000274.617, 162
Trd, 000274.717, 164.0
Trd, 000275.117, 161
Trd, 000275.283, 159
Trd, 000275.817, 160
Trd, 000276.233, 161.0
Trd, 000276.483, 157
Trd, 000277.150, 155.0
Trd, 000277.317, 159
Trd, 000277.467, 151.0
Trd, 000277.733, 144.0
Trd, 000278.983, 154
Trd, 000279.000, 149
Trd, 000279.800, 155
Trd, 000280.383, 152
Trd, 000280.483, 153
Trd, 000280.733, 154
Trd, 000280.783, 152
Trd, 000280.933, 158
Trd, 000281.083, 156
Trd, 000281.700, 166.0
Trd, 000282.333, 154
Trd, 000282.517, 156
Trd, 000283.233, 154
Trd, 000283.600, 157
Trd, 000284.667, 156.0
Trd, 000284.817, 155
Trd, 000285.133, 154
Trd, 000285.517, 168.0
Trd, 000286.317, 169
Trd, 000286.500, 161
Trd, 000286.733, 157
Trd, 000287.033, 144.0
Trd, 000287.100, 145
Trd, 000287.117, 149
Trd, 000288.817, 157
Trd, 000288.933, 157
Trd, 000289.467, 151
Trd, 000290.017, 157.0
Trd, 000290.783, 157
Trd, 000291.433, 156
Trd, 000291.633, 152
Trd, 000291.933, 158.0
Trd, 000292.117, 168.0
Trd, 000292.267, 172
Trd, 000292.800, 154
Trd, 000293.000, 153
Trd, 000293.150, 153
Trd, 000293.300, 152
Trd, 000294.217, 148.0
Trd, 000294.417, 149
Trd, 000294.700, 150
Trd, 000294.850, 155.0
Trd, 000295.000, 144.0
Trd, 000295.100, 137.0
Trd, 000295.217, 139
Trd, 000295.633, 151.0
Trd, 000295.767, 171
Trd, 000296.700, 155
Trd, 000297.367, 153
Trd, 000297.683, 153
Trd, 000297.917, 151
