Trd, 000001.583, 150
Trd, 000001.950, 154
Trd, 000002.183, 158.0
Trd, 000002.967, 167
Trd, 000003.083, 170
Trd, 000003.317, 155.0
Trd, 000003.917, 140.0
Trd, 000004.433, 140.0
Trd, 000005.200, 138
Trd, 000005.317, 137
Trd, 000005.450, 141.0
Trd, 000005.800, 162.0
Trd, 000006.750, 148
Trd, 000007.217, 149
Trd, 000008.017, 163.0
Trd, 000008.083, 158
Trd, 000008.417, 157
Trd, 000009.133, 157
Trd, 000009.167, 158.0
Trd, 000010.200, 156
Trd, 000011.300, 158
Trd, 000012.150, 155
Trd, 000012.400, 143
Trd, 000014.100, 151
Trd, 000014.167, 151
Trd, 000014.717, 152
Trd, 000015.400, 150
Trd, 000016.183, 151
Trd, 000016.717, 161.0
Trd, 000017.683, 149
Trd, 000018.400, 158.0
Trd, 000019.150, 155.0
Trd, 000020.083, 150
Trd, 000020.817, 153
Trd, 000021.033, 151
Trd, 000021.433, 152
Trd, 000021.617, 151
Trd, 000022.717, 153
Trd, 000023.150, 148.0
Trd, 000024.083, 150
Trd, 000024.533, 151
Trd, 000024.683, 146
Trd, 000025.650, 148
Trd, 000025.683, 151
Trd, 000026.717, 151
Trd, 000027.067, 147
Trd, 000027.517, 168
Trd, 000027.617, 179.0
Trd, 000027.950, 146
Trd, 000028.350, 145
Trd, 000028.833, 144
Trd, 000029.083, 157
Trd, 000029.217, 145
Trd, 000031.200, 155
Trd, 000031.867, 148
Trd, 000031.883, 154
Trd, 000032.100, 154
Trd, 000033.333, 155
Trd, 000033.883, 155
Trd, 000034.717, 148
Trd, 000035.433, 152
Trd, 000036.050, 152
Trd, 000036.067, 150
Trd, 000036.367, 148
Trd, 000037.500, 149
Trd, 000037.650, 148
Trd, 000037.750, 147
Trd, 000038.233, 149
Trd, 000039.017, 155.0
Trd, 000039.767, 153
Trd, 000040.800, 151
Trd, 000041.567, 155
Trd, 000041.600, 150
Trd, 000042.100, 158.0
Trd, 000042.467, 143.0
Trd, 000042.817, 155.0
Trd, 000043.250, 156
Trd, 000045.250, 156
Trd, 000045.567, 155
Trd, 000045.583, 157
Trd, 000045.667, 161.0
Trd, 000047.433, 154
Trd, 000047.900, 157
Trd, 000047.967, 158.0
Trd, 000048.483, 153
Trd, 000049.317, 154
Trd, 000049.433, 155
Trd, 000049.650, 152
Trd, 000049.900, 150
Trd, 000050.433, 148
Trd, 000051.183, 151
Trd, 000051.233, 152
Trd, 000053.083, 151.0
Trd, 000053.433, 151
Trd, 000054.217, 150
Trd, 000054.833, 149
Trd, 000055.050, 148
Trd, 000056.250, 151
Trd, 000056.483, 150
Trd, 000057.200, 151
Trd, 000057.583, 158.0
Trd, 000058.000, 164.0
Trd, 000060.050, 156
Trd, 000060.567, 155
Trd, 000060.667, 154
Trd, 000060.867, 155
Trd, 000061.750, 154
Trd, 000063.367, 152
Trd, 000063.550, 153
Trd, 000065.083, 150
Trd, 000065.317, 150
Trd, 000065.750, 151
Trd, 000065.950, 151
Trd, 000066.417, 151
Trd, 000068.367, 150
Trd, 000069.050, 150
Trd, 000069.083, 151
Trd, 000069.317, 149
Trd, 000069.750, 150
Trd, 000069.933, 148.0
Trd, 000070.650, 148
Trd, 000071.283, 150
Trd, 000071.383, 154
Trd, 000072.267, 157.0
Trd, 000073.433, 153
Trd, 000074.267, 155.0
Trd, 000075.217, 154
Trd, 000076.117, 152
Trd, 000076.433, 152
Trd, 000076.617, 153
Trd, 000077.183, 152
Trd, 000077.250, 153
Trd, 000077.333, 154
Trd, 000077.867, 151
Trd, 000078.167, 150
Trd, 000079.283, 152
Trd, 000080.267, 155
Trd, 000081.167, 154
Trd, 000081.217, 160.0
Trd, 000081.317, 162.0
Trd, 000081.833, 158.0
Trd, 000083.133, 158
Trd, 000084.600, 159
Trd, 000084.683, 158
Trd, 000085.250, 159
Trd, 000085.767, 156
Trd, 000087.983, 155.0
Trd, 000088.383, 156
Trd, 000088.433, 157
Trd, 000088.700, 155
Trd, 000089.300, 154
Trd, 000089.933, 152
Trd, 000090.250, 153
Trd, 000090.600, 151
Trd, 000090.867, 152
Trd, 000091.433, 151
Trd, 000092.233, 150
Trd, 000092.383, 150
Trd, 000092.567, 148.0
Trd, 000093.550, 143
Trd, 000093.650, 139
Trd, 000094.500, 145
Trd, 000094.833, 143
Trd, 000095.000, 145
Trd, 000095.283, 146
Trd, 000095.867, 148
Trd, 000096.817, 145
Trd, 000096.917, 145
Trd, 000097.450, 146
Trd, 000098.567, 147
Trd, 000098.750, 142
Trd, 000099.133, 148
Trd, 000099.317, 155.0
Trd, 000100.333, 156.0
Trd, 000100.533, 150
Trd, 000101.517, 149
Trd, 000103.850, 150
Trd, 000103.950, 153
Trd, 000105.083, 152
Trd, 000105.617, 148
Trd, 000105.750, 148.0
Trd, 000106.050, 143
Trd, 000106.233, 152
Trd, 000106.600, 153
Trd, 000107.017, 156.0
Trd, 000109.200, 148.0
Trd, 000109.533, 151
Trd, 000109.967, 148
Trd, 000110.100, 151
Trd, 000110.200, 158.0
Trd, 000110.933, 155
Trd, 000112.183, 148
Trd, 000114.133, 151
Trd, 000114.417, 151
Trd, 000114.900, 150
Trd, 000115.617, 152
Trd, 000115.917, 150
Trd, 000115.950, 152
Trd, 000116.317, 152
Trd, 000116.400, 158.0
Trd, 000117.333, 155
Trd, 000117.650, 148
Trd, 000118.183, 148.0
Trd, 000118.317, 153
Trd, 000119.367, 158.0
Trd, 000119.767, 161.0
Trd, 000120.467, 159
Trd, 000120.767, 150
Trd, 000123.017, 152
Trd, 000123.117, 155
Trd, 000123.183, 155
Trd, 000123.200, 150
Trd, 000123.417, 155.0
Trd, 000124.917, 153
Trd, 000125.067, 153
Trd, 000125.683, 155
Trd, 000125.917, 156
Trd, 000126.367, 153
Trd, 000126.783, 150
Trd, 000128.183, 156
Trd, 000128.383, 155.0
Trd, 000130.033, 153.0
Trd, 000130.200, 155
Trd, 000132.000, 155
Trd, 000132.267, 154
Trd, 000133.117, 151
Trd, 000133.683, 150
Trd, 000134.017, 158.0
Trd, 000134.267, 162.0
Trd, 000134.850, 157
Trd, 000134.983, 159
Trd, 000135.100, 161
Trd, 000136.200, 157
Trd, 000136.650, 161.0
Trd, 000136.967, 150
Trd, 000137.000, 162.0
Trd, 000138.083, 155.0
Trd, 000139.317, 156
Trd, 000139.383, 155
Trd, 000139.717, 153
Trd, 000140.600, 153
Trd, 000140.883, 148.0
Trd, 000141.217, 153
Trd, 000142.483, 153
Trd, 000142.517, 143
Trd, 000142.817, 130
Trd, 000143.033, 140
Trd, 000143.317, 135
Trd, 000143.650, 133
Trd, 000145.083, 133
Trd, 000145.617, 132
Trd, 000146.467, 131
Trd, 000146.700, 130
Trd, 000147.183, 131
Trd, 000147.233, 141.0
Trd, 000147.950, 155.0
Trd, 000148.117, 148.0
Trd, 000148.517, 140
Trd, 000148.800, 145
Trd, 000149.333, 142
Trd, 000149.533, 158.0
Trd, 000150.150, 162.0
Trd, 000150.383, 164
Trd, 000152.567, 156
Trd, 000153.700, 162.0
Trd, 000154.050, 155.0
Trd, 000154.933, 154
Trd, 000154.983, 154
Trd, 000155.400, 153
Trd, 000155.517, 150
Trd, 000155.700, 150
Trd, 000156.050, 151
Trd, 000158.017, 149
Trd, 000158.033, 151
Trd, 000158.150, 151
Trd, 000159.550, 150
Trd, 000159.850, 148
Trd, 000160.567, 149
Trd, 000161.467, 157.0
Trd, 000161.533, 156
Trd, 000161.850, 158.0
Trd, 000162.267, 152
Trd, 000163.867, 153
Trd, 000164.533, 155
Trd, 000164.633, 153
Trd, 000165.933, 152
Trd, 000165.950, 153
Trd, 000166.500, 153
Trd, 000166.667, 154
Trd, 000166.717, 151
Trd, 000166.750, 150
Trd, 000168.167, 155.0
Trd, 000168.217, 162.0
Trd, 000169.333, 156.0
Trd, 000169.783, 158.0
Trd, 000169.967, 151
Trd, 000171.250, 150
Trd, 000171.817, 153
Trd, 000172.567, 151
Trd, 000172.700, 152
Trd, 000172.850, 151
Trd, 000173.467, 151
Trd, 000173.500, 152
Trd, 000175.500, 151
Trd, 000175.633, 152
Trd, 000176.033, 149
Trd, 000176.233, 154
Trd, 000178.150, 154
Trd, 000178.167, 153
Trd, 000179.533, 154
Trd, 000180.800, 151
Trd, 000181.217, 153
Trd, 000181.800, 151
Trd, 000182.083, 150.0
Trd, 000182.183, 148
Trd, 000182.517, 153
Trd, 000182.533, 143
Trd, 000183.833, 153
Trd, 000184.100, 158.0
Trd, 000184.883, 155.0
Trd, 000185.783, 157
Trd, 000187.200, 152
Trd, 000187.717, 152
Trd, 000187.783, 150
Trd, 000187.900, 150
Trd, 000188.083, 148.0
Trd, 000189.367, 149
Trd, 000190.917, 149
Trd, 000190.933, 149
Trd, 000191.117, 150
Trd, 000192.067, 149
Trd, 000192.433, 149
Trd, 000193.433, 148
Trd, 000193.633, 149
Trd, 000194.633, 149
Trd, 000194.750, 148
Trd, 000194.800, 149
Trd, 000195.250, 165.0
Trd, 000196.533, 156
Trd, 000196.583, 158.0
Trd, 000196.717, 163.0
Trd, 000198.250, 157
Trd, 000198.583, 157.0
Trd, 000198.833, 155.0
Trd, 000199.300, 155
Trd, 000199.867, 155
Trd, 000200.600, 156.0
Trd, 000200.933, 153
Trd, 000201.633, 150
Trd, 000202.700, 143
Trd, 000203.050, 141.0
Trd, 000203.350, 151
Trd, 000203.850, 150
Trd, 000203.883, 150
Trd, 000204.867, 150
Trd, 000205.383, 153
Trd, 000206.650, 157.0
Trd, 000207.900, 163
Trd, 000208.117, 168
Trd, 000209.050, 157.0
Trd, 000209.333, 158.0
Trd, 000209.900, 157
Trd, 000209.983, 156
Trd, 000210.750, 157
Trd, 000211.867, 156
Trd, 000212.250, 156
Trd, 000212.267, 148.0
Trd, 000212.533, 143
Trd, 000212.883, 146
Trd, 000213.033, 156
Trd, 000213.567, 151
Trd, 000214.450, 155.0
Trd, 000215.150, 148.0
Trd, 000215.317, 151
Trd, 000215.567, 152
Trd, 000216.417, 152
Trd, 000217.183, 158.0
Trd, 000219.367, 151
Trd, 000219.850, 153
Trd, 000220.033, 152
Trd, 000220.467, 165.0
Trd, 000221.317, 154
Trd, 000221.583, 150
Trd, 000221.850, 155
Trd, 000222.117, 155
Trd, 000222.400, 157
Trd, 000223.017, 158.0
Trd, 000223.083, 152
Trd, 000223.600, 165.0
Trd, 000224.667, 156.0
Trd, 000226.033, 153
Trd, 000227.250, 152
Trd, 000227.783, 153
Trd, 000227.983, 155
Trd, 000228.133, 155
Trd, 000228.700, 154
Trd, 000229.200, 153
Trd, 000229.350, 152
Trd, 000229.600, 153
Trd, 000229.717, 153
Trd, 000229.733, 150
Trd, 000231.550, 158.0
Trd, 000231.717, 162.0
Trd, 000231.733, 155.0
Trd, 000232.233, 149
Trd, 000233.100, 152
Trd, 000234.583, 152
Trd, 000235.483, 154
Trd, 000236.033, 155
Trd, 000236.633, 155
Trd, 000237.050, 153
Trd, 000237.067, 154
Trd, 000237.550, 164.0
Trd, 000237.767, 150
Trd, 000238.033, 144
Trd, 000240.183, 159.0
Trd, 000240.400, 157.0
Trd, 000240.467, 158.0
Trd, 000240.833, 157.0
Trd, 000241.833, 155.0
Trd, 000242.367, 156
Trd, 000242.700, 155
Trd, 000243.150, 158
Trd, 000243.667, 156
Trd, 000243.867, 158
Trd, 000244.200, 159
Trd, 000244.300, 159
Trd, 000245.083, 158
Trd, 000245.233, 159
Trd, 000245.550, 158
Trd, 000246.133, 158
Trd, 000246.433, 156
Trd, 000246.883, 155.0
Trd, 000248.817, 151
Trd, 000248.967, 151
Trd, 000249.100, 151
Trd, 000249.517, 150
Trd, 000249.717, 148.0
Trd, 000250.383, 148
Trd, 000250.467, 143
Trd, 000251.100, 146
Trd, 000251.233, 150
Trd, 000251.517, 150
Trd, 000251.883, 152
Trd, 000252.917, 152.0
Trd, 000254.250, 150
Trd, 000254.483, 147
Trd, 000254.883, 148
Trd, 000254.917, 149
Trd, 000255.033, 154.0
Trd, 000255.317, 155.0
Trd, 000256.417, 151
Trd, 000257.483, 153
Trd, 000257.517, 151
Trd, 000257.617, 151
Trd, 000257.833, 155.0
Trd, 000258.683, 161.0
Trd, 000259.417, 159.0
Trd, 000259.600, 158.0
Trd, 000260.550, 155.0
Trd, 000260.683, 153
Trd, 000261.117, 154
Trd, 000261.517, 155
Trd, 000261.683, 156
Trd, 000261.733, 159
Trd, 000261.817, 153
Trd, 000261.833, 150
Trd, 000262.450, 162.0
Trd, 000263.150, 161
Trd, 000263.433, 157
Trd, 000264.200, 164.0
Trd, 000264.633, 160
Trd, 000265.117, 164
Trd, 000265.167, 159
Trd, 000265.833, 164.0
Trd, 000266.483, 159
Trd, 000266.650, 158
Trd, 000268.017, 158.0
Trd, 000268.433, 159
Trd, 000268.583, 155.0
Trd, 000268.667, 158
Trd, 000269.100, 153
Trd, 000269.300, 153
Trd, 000269.533, 152
Trd, 000270.333, 154
Trd, 000271.250, 150
Trd, 000271.333, 154
Trd, 000271.350, 155.0
Trd, 000271.900, 156
Trd, 000272.583, 158.0
Trd, 000272.717, 162.0
Trd, 000273.133, 157
Trd, 000273.183, 162
Trd, 000273.850, 174.0
Trd, 000274.317, 168
Trd, 000274.633, 164
Trd, 000274.683, 165.0
Trd, 000275.050, 162
Trd, 000275.600, 162
Trd, 000276.100, 161
Trd, 000276.883, 155.0
Trd, 000277.600, 160
Trd, 000277.733, 161
Trd, 000278.000, 162.0
Trd, 000278.583, 148.0
Trd, 000279.083, 143
Trd, 000279.283, 141.0
Trd, 000279.467, 144
Trd, 000280.017, 137.0
Trd, 000280.450, 151
Trd, 000281.050, 150.0
Trd, 000281.083, 146
Trd, 000281.650, 145
Trd, 000282.167, 144
Trd, 000282.917, 146
Trd, 000282.983, 147
Trd, 000283.333, 153
Trd, 000283.883, 149
Trd, 000284.550, 149
Trd, 000284.733, 150
Trd, 000285.067, 150
Trd, 000285.317, 143
Trd, 000285.600, 144
Trd, 000285.767, 150
Trd, 000286.417, 150
Trd, 000286.850, 155.0
Trd, 000287.033, 158.0
Trd, 000287.800, 162.0
Trd, 000287.967, 159
Trd, 000288.200, 157
Trd, 000288.433, 165.0
Trd, 000288.467, 155.0
Trd, 000288.867, 154
Trd, 000288.967, 155
Trd, 000289.133, 168
Trd, 000289.450, 168
Trd, 000289.583, 167
Trd, 000290.133, 150
Trd, 000290.283, 157
Trd, 000292.083, 151.0
Trd, 000292.167, 158.0
Trd, 000292.317, 149
Trd, 000293.950, 155
Trd, 000294.000, 155
Trd, 000296.017, 153.0
Trd, 000296.283, 154
Trd, 000296.333, 154
Trd, 000296.550, 151
Trd, 000296.583, 148.0
Trd, 000296.667, 137.0
Trd, 000297.200, 140.0
Trd, 000297.567, 139
Trd, 000298.183, 138
Trd, 000298.300, 139
Trd, 000298.583, 158.0
Trd, 000298.717, 162.0
Trd, 000298.900, 155.0
Trd, 000299.100, 165.0
Trd, 000299.350, 144
Trd, 000299.933, 144
