Trd, 000002.867, 144.0
Trd, 000004.050, 166
Trd, 000004.067, 172.0
Trd, 000004.233, 162.0
Trd, 000004.967, 162
Trd, 000005.550, 148.0
Trd, 000006.000, 171
Trd, 000007.100, 169
Trd, 000007.150, 164
Trd, 000007.400, 163
Trd, 000007.950, 166
Trd, 000008.683, 165
Trd, 000009.817, 161
Trd, 000011.017, 161
Trd, 000011.133, 159
Trd, 000011.883, 160
Trd, 000012.917, 162
Trd, 000012.983, 157
Trd, 000014.367, 164
Trd, 000014.417, 160
Trd, 000016.100, 152.0
Trd, 000016.783, 158
Trd, 000017.300, 152
Trd, 000017.433, 161
Trd, 000017.583, 151.0
Trd, 000018.067, 144.0
Trd, 000018.517, 160
Trd, 000018.667, 160
Trd, 000019.950, 152
Trd, 000020.000, 158
Trd, 000020.200, 148.0
Trd, 000020.567, 144
Trd, 000021.367, 144.0
Trd, 000021.533, 157
Trd, 000022.567, 150.0
Trd, 000022.817, 151.0
Trd, 000023.117, 147
Trd, 000023.750, 148.0
Trd, 000023.833, 159
Trd, 000025.833, 152
Trd, 000026.117, 153
Trd, 000026.250, 155
Trd, 000027.283, 151.0
Trd, 000028.633, 154
Trd, 000029.033, 162
Trd, 000030.250, 155
Trd, 000031.700, 156
Trd, 000031.733, 153
Trd, 000032.017, 148.0
Trd, 000032.350, 159
Trd, 000033.250, 151
Trd, 000034.867, 157
Trd, 000035.317, 162
Trd, 000035.917, 148.0
Trd, 000036.150, 164
Trd, 000037.383, 162
Trd, 000037.550, 156
Trd, 000037.633, 144.0
Trd, 000038.050, 162
Trd, 000039.133, 161
Trd, 000039.867, 152
Trd, 000042.967, 159
Trd, 000043.217, 162
Trd, 000043.300, 156
Trd, 000043.967, 165
Trd, 000045.183, 151.0
Trd, 000045.867, 160
Trd, 000046.683, 153
Trd, 000047.167, 153
Trd, 000047.633, 157
Trd, 000048.050, 158
Trd, 000048.183, 152
Trd, 000048.467, 158
Trd, 000049.067, 153.0
Trd, 000049.633, 159
Trd, 000050.100, 161
Trd, 000050.217, 156
Trd, 000052.117, 156
Trd, 000053.583, 158
Trd, 000054.400, 155
Trd, 000054.583, 158
Trd, 000055.500, 152.0
Trd, 000056.283, 151.0
Trd, 000056.383, 150
Trd, 000056.567, 157
Trd, 000057.817, 153
Trd, 000058.050, 150
Trd, 000058.567, 155
Trd, 000060.017, 152.0
Trd, 000060.233, 151.0
Trd, 000060.433, 155
Trd, 000060.683, 148.0
Trd, 000061.650, 144.0
Trd, 000064.283, 147
Trd, 000065.300, 147
Trd, 000065.500, 148
Trd, 000065.783, 148.0
Trd, 000065.817, 146
Trd, 000066.117, 151.0
Trd, 000066.333, 165
Trd, 000067.850, 160
Trd, 000068.717, 159
Trd, 000069.317, 161
Trd, 000070.233, 152.0
Trd, 000070.883, 168.0
Trd, 000071.133, 166
Trd, 000071.733, 170.0
Trd, 000072.833, 162
Trd, 000073.250, 162
Trd, 000073.350, 160
Trd, 000073.717, 165
Trd, 000074.617, 151.0
Trd, 000075.217, 158
Trd, 000076.017, 151
Trd, 000076.250, 148.0
Trd, 000076.633, 155
Trd, 000077.000, 156
Trd, 000077.733, 157
Trd, 000078.833, 157
Trd, 000079.867, 152
Trd, 000080.600, 165
Trd, 000080.667, 151
Trd, 000081.233, 166
Trd, 000082.633, 157
Trd, 000082.917, 151.0
Trd, 000083.667, 151.0
Trd, 000085.283, 159
Trd, 000085.533, 153
Trd, 000085.800, 163
Trd, 000088.717, 156
Trd, 000089.367, 154
Trd, 000089.533, 148.0
Trd, 000090.367, 160
Trd, 000090.400, 159
Trd, 000091.233, 153
Trd, 000091.267, 151.0
Trd, 000091.700, 144.0
Trd, 000091.883, 147
Trd, 000092.717, 144
Trd, 000092.950, 149
Trd, 000094.500, 130
Trd, 000094.650, 138
Trd, 000095.233, 144
Trd, 000096.900, 168.0
Trd, 000097.250, 165
Trd, 000098.467, 155
Trd, 000098.617, 154
Trd, 000098.633, 154
Trd, 000098.817, 151.0
Trd, 000101.183, 155
Trd, 000101.583, 153
Trd, 000102.583, 158
Trd, 000102.683, 159
Trd, 000103.450, 159
Trd, 000104.133, 151.0
Trd, 000104.750, 149.0
Trd, 000105.467, 157
Trd, 000105.567, 148.0
Trd, 000106.400, 149
Trd, 000106.683, 154
Trd, 000107.767, 150
Trd, 000108.333, 152
Trd, 000108.817, 152
Trd, 000110.617, 151.0
Trd, 000111.350, 151
Trd, 000112.650, 163
Trd, 000112.733, 151
Trd, 000113.167, 155
Trd, 000113.583, 154
Trd, 000114.250, 151.0
Trd, 000115.500, 156
Trd, 000117.450, 153
Trd, 000117.483, 151
Trd, 000117.733, 153
Trd, 000119.217, 151
Trd, 000120.533, 158
Trd, 000120.833, 153
Trd, 000120.950, 174.0
Trd, 000122.217, 153
Trd, 000122.367, 152
Trd, 000123.300, 154.0
Trd, 000124.000, 151.0
Trd, 000124.167, 148.0
Trd, 000125.400, 159
Trd, 000126.233, 155
Trd, 000126.417, 144.0
Trd, 000129.650, 151
Trd, 000130.833, 156
Trd, 000130.917, 151.0
Trd, 000130.933, 150
Trd, 000131.033, 148.0
Trd, 000132.083, 153
Trd, 000133.450, 156
Trd, 000133.600, 148.0
Trd, 000133.850, 158
Trd, 000134.850, 150
Trd, 000134.900, 150
Trd, 000135.000, 147
Trd, 000135.350, 151.0
Trd, 000135.733, 155
Trd, 000136.117, 156
Trd, 000137.233, 155
Trd, 000138.317, 157
Trd, 000140.333, 154.0
Trd, 000140.900, 152
Trd, 000141.467, 153
Trd, 000142.017, 156
Trd, 000143.433, 151.0
Trd, 000144.833, 155
Trd, 000145.117, 154
Trd, 000145.867, 154
Trd, 000146.217, 151.0
Trd, 000146.750, 148.0
Trd, 000147.033, 151
Trd, 000147.517, 144.0
Trd, 000148.383, 149
Trd, 000149.083, 149
Trd, 000149.217, 134
Trd, 000149.333, 127
Trd, 000149.783, 149
Trd, 000150.733, 151.0
Trd, 000150.950, 154
Trd, 000152.833, 151
Trd, 000152.950, 151.0
Trd, 000153.067, 158
Trd, 000154.283, 150
Trd, 000154.683, 150.0
Trd, 000154.967, 151.0
Trd, 000155.567, 152
Trd, 000155.583, 148
Trd, 000156.583, 151
Trd, 000157.083, 150.0
Trd, 000157.400, 158
Trd, 000160.083, 151.0
Trd, 000161.817, 150
Trd, 000161.917, 149
Trd, 000162.100, 152
Trd, 000162.783, 148
Trd, 000163.867, 149
Trd, 000164.067, 148.0
Trd, 000164.400, 147
Trd, 000165.000, 146
Trd, 000165.083, 151.0
Trd, 000166.367, 149
Trd, 000166.617, 145
Trd, 000166.900, 150
Trd, 000167.050, 148.0
Trd, 000167.350, 144.0
Trd, 000167.650, 150
Trd, 000168.033, 151.0
Trd, 000169.117, 143
Trd, 000170.950, 148.0
Trd, 000171.567, 149
Trd, 000171.883, 158
Trd, 000173.250, 151.0
Trd, 000174.650, 156
Trd, 000174.667, 151.0
Trd, 000175.417, 154
Trd, 000175.700, 153
Trd, 000176.183, 157
Trd, 000177.200, 158
Trd, 000178.117, 155
Trd, 000178.717, 151
Trd, 000179.367, 155
Trd, 000179.433, 156
Trd, 000179.700, 165
Trd, 000182.100, 159
Trd, 000182.300, 155
Trd, 000183.017, 151.0
Trd, 000184.200, 156
Trd, 000184.467, 158
Trd, 000185.217, 158
Trd, 000185.383, 155
Trd, 000185.650, 153
Trd, 000186.733, 151.0
Trd, 000187.433, 154
Trd, 000187.483, 150.0
Trd, 000187.867, 148.0
Trd, 000188.633, 148.0
Trd, 000189.850, 155
Trd, 000191.500, 149.0
Trd, 000192.333, 149
Trd, 000192.517, 149.0
Trd, 000193.000, 149.0
Trd, 000193.600, 150.0
Trd, 000194.133, 151.0
Trd, 000195.850, 149.0
Trd, 000196.233, 152
Trd, 000197.267, 150.0
Trd, 000198.217, 151.0
Trd, 000198.300, 148.0
Trd, 000198.383, 148
Trd, 000199.250, 153
Trd, 000199.983, 149
Trd, 000200.450, 150
Trd, 000202.933, 158
Trd, 000203.150, 152
Trd, 000204.350, 154
Trd, 000204.550, 152
Trd, 000204.583, 160
Trd, 000204.900, 159
Trd, 000205.600, 151.0
Trd, 000206.467, 165
Trd, 000206.633, 168.0
Trd, 000206.800, 158
Trd, 000207.050, 157
Trd, 000207.633, 161
Trd, 000207.917, 160
Trd, 000208.067, 159
Trd, 000210.200, 158
Trd, 000210.950, 161
Trd, 000211.017, 157
Trd, 000211.267, 152.0
Trd, 000212.100, 160
Trd, 000212.317, 151.0
Trd, 000213.033, 150
Trd, 000214.250, 159
Trd, 000214.533, 160
Trd, 000215.333, 151
Trd, 000215.650, 150.0
Trd, 000217.000, 136
Trd, 000218.350, 150
Trd, 000218.883, 150.0
Trd, 000219.550, 151.0
Trd, 000220.517, 153
Trd, 000220.533, 148.0
Trd, 000220.983, 159
Trd, 000223.317, 147
Trd, 000223.367, 159
Trd, 000224.883, 155
Trd, 000225.133, 154
Trd, 000225.883, 163
Trd, 000226.650, 165
Trd, 000226.950, 154
Trd, 000227.050, 154
Trd, 000227.250, 161
Trd, 000227.617, 148.0
Trd, 000228.000, 144.0
Trd, 000229.050, 152
Trd, 000229.433, 162
Trd, 000230.750, 172.0
Trd, 000231.250, 151.0
Trd, 000232.383, 148.0
Trd, 000232.983, 148
Trd, 000234.583, 151
Trd, 000235.000, 151
Trd, 000235.067, 152
Trd, 000235.233, 158
Trd, 000235.750, 148.0
Trd, 000236.533, 148
Trd, 000237.500, 151
Trd, 000238.233, 151.0
Trd, 000238.917, 153
Trd, 000240.067, 152
Trd, 000240.217, 153
Trd, 000240.417, 152
Trd, 000240.550, 151
Trd, 000240.883, 150
Trd, 000240.900, 151
Trd, 000240.933, 153
Trd, 000241.117, 151.0
Trd, 000241.700, 154
Trd, 000242.383, 156
Trd, 000242.817, 154
Trd, 000243.250, 156
Trd, 000244.367, 151
Trd, 000244.567, 154
Trd, 000244.750, 152
Trd, 000245.067, 149.0
Trd, 000245.200, 148.0
Trd, 000245.517, 150
Trd, 000245.533, 148
Trd, 000247.083, 150
Trd, 000248.083, 150
Trd, 000248.883, 156
Trd, 000248.917, 153
Trd, 000248.950, 165
Trd, 000249.600, 153
Trd, 000249.833, 155
Trd, 000250.083, 157
Trd, 000250.733, 154
Trd, 000250.867, 152
Trd, 000251.483, 151
Trd, 000251.917, 145.0
Trd, 000251.933, 146
Trd, 000252.117, 148
Trd, 000252.433, 151
Trd, 000252.750, 152
Trd, 000254.233, 153.0
Trd, 000255.150, 150.0
Trd, 000255.167, 148.0
Trd, 000255.183, 151
Trd, 000255.350, 147
Trd, 000256.117, 148
Trd, 000256.567, 151
Trd, 000256.600, 152
Trd, 000257.117, 158
Trd, 000257.350, 148.0
Trd, 000258.117, 149.0
Trd, 000258.950, 150.0
Trd, 000259.000, 146.0
Trd, 000259.417, 147.0
Trd, 000259.750, 147.0
Trd, 000260.500, 147.0
Trd, 000260.550, 146
Trd, 000260.733, 151.0
Trd, 000262.433, 145
Trd, 000262.550, 144.0
Trd, 000262.667, 148
Trd, 000263.067, 147
Trd, 000263.667, 149
Trd, 000264.367, 149
Trd, 000265.267, 146
Trd, 000266.050, 150
Trd, 000266.700, 150
Trd, 000266.750, 144.0
Trd, 000267.333, 141.0
Trd, 000267.417, 144.0
Trd, 000267.483, 151.0
Trd, 000267.667, 147
Trd, 000267.833, 147
Trd, 000268.100, 146
Trd, 000269.167, 147
Trd, 000269.217, 148
Trd, 000270.283, 148.0
Trd, 000270.733, 149.0
Trd, 000270.933, 149.0
Trd, 000271.417, 146
Trd, 000271.700, 147
Trd, 000272.333, 147.0
Trd, 000273.167, 153
Trd, 000273.450, 165
Trd, 000273.533, 163
Trd, 000273.700, 162
Trd, 000274.483, 153.0
Trd, 000275.283, 152.0
Trd, 000276.017, 151.0
Trd, 000276.383, 155.0
Trd, 000276.700, 148
Trd, 000276.817, 148
Trd, 000276.833, 150
Trd, 000277.317, 144.0
Trd, 000277.467, 151.0
Trd, 000278.783, 145
Trd, 000278.983, 142
Trd, 000279.000, 143
Trd, 000279.100, 141.0
Trd, 000279.500, 136
Trd, 000279.667, 147
Trd, 000280.250, 145
Trd, 000281.500, 152.0
Trd, 000281.600, 157
Trd, 000282.583, 151
Trd, 000282.650, 158
Trd, 000283.333, 162
Trd, 000283.517, 149.0
Trd, 000283.700, 148.0
Trd, 000283.933, 141.0
Trd, 000284.483, 144.0
Trd, 000285.733, 151.0
Trd, 000286.083, 148
Trd, 000286.400, 160
Trd, 000286.817, 154
Trd, 000287.067, 165
Trd, 000287.150, 147
Trd, 000287.650, 157
Trd, 000288.233, 155.0
Trd, 000288.283, 150
Trd, 000288.517, 160
Trd, 000288.867, 152
Trd, 000288.933, 156.0
Trd, 000289.100, 151
Trd, 000289.617, 149.0
Trd, 000289.750, 162.0
Trd, 000289.850, 148.0
Trd, 000290.683, 144.0
Trd, 000291.483, 142
Trd, 000292.683, 149
Trd, 000292.967, 149
Trd, 000293.033, 148.0
Trd, 000293.583, 151.0
Trd, 000293.767, 141.0
Trd, 000294.233, 151
Trd, 000294.350, 150
Trd, 000295.300, 145.0
Trd, 000295.317, 144.0
Trd, 000295.467, 141
Trd, 000296.750, 150
Trd, 000296.983, 146
Trd, 000297.650, 148.0
Trd, 000297.867, 159
Trd, 000297.883, 147
Trd, 000298.233, 165
Trd, 000298.783, 155.0
Trd, 000299.217, 162
Trd, 000299.367, 142.0
Trd, 000299.550, 153
