Trd, 000001.617, 145
Trd, 000001.850, 145
Trd, 000002.000, 125
Trd, 000002.900, 143
Trd, 000002.950, 118.0
Trd, 000003.233, 146
Trd, 000003.467, 162.0
Trd, 000003.833, 147
Trd, 000004.067, 157
Trd, 000005.267, 150
Trd, 000005.750, 166
Trd, 000005.933, 164
Trd, 000006.800, 162.0
Trd, 000007.550, 145
Trd, 000008.133, 154
Trd, 000009.467, 154
Trd, 000009.517, 161
Trd, 000009.967, 153
Trd, 000010.717, 152
Trd, 000010.883, 151.0
Trd, 000011.967, 167
Trd, 000012.567, 154
Trd, 000012.583, 163
Trd, 000013.183, 155
Trd, 000013.233, 156
Trd, 000014.600, 159
Trd, 000014.933, 159
Trd, 000015.167, 160
Trd, 000015.650, 155.0
Trd, 000015.783, 160
Trd, 000016.517, 161
Trd, 000016.900, 161
Trd, 000017.417, 161.0
Trd, 000018.450, 162.0
Trd, 000019.150, 155
Trd, 000019.200, 162
Trd, 000019.717, 175.0
Trd, 000021.417, 161
Trd, 000022.217, 165
Trd, 000022.583, 164
Trd, 000022.767, 161
Trd, 000022.867, 165
Trd, 000023.467, 165
Trd, 000025.067, 162
Trd, 000025.200, 163
Trd, 000025.750, 162.0
Trd, 000027.433, 161
Trd, 000028.317, 163
Trd, 000028.750, 161
Trd, 000029.117, 162
Trd, 000029.733, 161
Trd, 000030.133, 163
Trd, 000030.267, 163
Trd, 000031.200, 164
Trd, 000031.600, 159
Trd, 000032.750, 162
Trd, 000033.367, 160
Trd, 000034.167, 160
Trd, 000035.450, 157
Trd, 000035.750, 155
Trd, 000036.000, 160
Trd, 000036.467, 159
Trd, 000037.500, 159
Trd, 000037.700, 160
Trd, 000038.600, 158
Trd, 000038.867, 159
Trd, 000038.900, 156
Trd, 000039.117, 155.0
Trd, 000039.483, 158
Trd, 000039.833, 158
Trd, 000041.500, 167.0
Trd, 000042.300, 167.0
Trd, 000042.583, 160
Trd, 000042.683, 168.0
Trd, 000042.783, 172.0
Trd, 000043.000, 155.0
Trd, 000043.433, 157
Trd, 000044.150, 157.0
Trd, 000044.600, 167
Trd, 000045.750, 161
Trd, 000047.117, 159
Trd, 000047.750, 159
Trd, 000047.933, 160
Trd, 000048.133, 158
Trd, 000049.867, 158
Trd, 000050.350, 156
Trd, 000051.117, 159
Trd, 000051.150, 159
Trd, 000051.383, 160
Trd, 000051.700, 162.0
Trd, 000051.850, 156
Trd, 000051.917, 162
Trd, 000052.983, 159
Trd, 000053.467, 159
Trd, 000053.817, 172.0
Trd, 000054.983, 155
Trd, 000055.650, 161
Trd, 000055.883, 159
Trd, 000056.650, 155.0
Trd, 000056.817, 152.0
Trd, 000057.933, 153
Trd, 000058.083, 152.0
Trd, 000058.783, 151.0
Trd, 000059.283, 151
Trd, 000060.167, 146
Trd, 000060.417, 149
Trd, 000060.800, 147
Trd, 000061.783, 149
Trd, 000062.167, 147
Trd, 000062.183, 148
Trd, 000062.400, 162.0
Trd, 000063.067, 172.0
Trd, 000063.717, 170.0
Trd, 000063.883, 171.0
Trd, 000064.933, 152
Trd, 000065.300, 160
Trd, 000065.500, 161
Trd, 000065.750, 172.0
Trd, 000066.383, 151.0
Trd, 000067.983, 165
Trd, 000068.683, 152
Trd, 000069.000, 152
Trd, 000070.417, 153
Trd, 000070.967, 152
Trd, 000071.050, 153
Trd, 000071.117, 153
Trd, 000071.133, 151
Trd, 000072.783, 146
Trd, 000073.033, 147
Trd, 000073.050, 140
Trd, 000073.350, 148
Trd, 000073.667, 150
Trd, 000074.417, 161.0
Trd, 000075.083, 149
Trd, 000075.150, 161.0
Trd, 000075.567, 161.0
Trd, 000075.833, 162.0
Trd, 000076.767, 153
Trd, 000077.400, 162.0
Trd, 000078.533, 171.0
Trd, 000079.033, 161
Trd, 000079.083, 164
Trd, 000079.483, 176
Trd, 000080.467, 168
Trd, 000080.683, 168
Trd, 000081.233, 167
Trd, 000082.000, 162
Trd, 000082.200, 155.0
Trd, 000082.483, 160
Trd, 000083.267, 162
Trd, 000083.950, 158
Trd, 000084.367, 164
Trd, 000084.800, 165
Trd, 000086.083, 155.0
Trd, 000086.167, 159
Trd, 000088.083, 154
Trd, 000088.233, 154.0
Trd, 000088.300, 155
Trd, 000088.533, 155
Trd, 000088.750, 162.0
Trd, 000089.150, 157
Trd, 000090.433, 157
Trd, 000090.667, 158
Trd, 000091.633, 155
Trd, 000092.917, 154
Trd, 000093.617, 154
Trd, 000093.850, 156
Trd, 000093.883, 158
Trd, 000094.100, 157
Trd, 000095.650, 162.0
Trd, 000095.983, 158
Trd, 000096.183, 172
Trd, 000096.233, 175.0
Trd, 000096.567, 156.0
Trd, 000096.900, 177
Trd, 000097.367, 175.0
Trd, 000098.717, 172.0
Trd, 000098.900, 170
Trd, 000099.583, 164
Trd, 000099.667, 166
Trd, 000099.700, 162.0
Trd, 000100.983, 155
Trd, 000101.550, 152.0
Trd, 000102.000, 155
Trd, 000102.467, 156
Trd, 000102.650, 156
Trd, 000102.917, 154.0
Trd, 000103.300, 154
Trd, 000103.567, 151.0
Trd, 000105.700, 153
Trd, 000106.200, 153
Trd, 000106.783, 152
Trd, 000107.150, 152
Trd, 000107.900, 151
Trd, 000108.217, 140
Trd, 000109.767, 140
Trd, 000109.883, 140
Trd, 000110.017, 141
Trd, 000110.800, 144
Trd, 000110.883, 147
Trd, 000111.017, 162.0
Trd, 000111.067, 172.0
Trd, 000112.950, 184
Trd, 000113.017, 186.0
Trd, 000113.283, 180
Trd, 000113.417, 175.0
Trd, 000114.283, 171
Trd, 000115.983, 171
Trd, 000116.133, 172.0
Trd, 000116.267, 179
Trd, 000116.283, 162.0
Trd, 000117.900, 161
Trd, 000118.283, 159
Trd, 000118.550, 159
Trd, 000118.700, 155.0
Trd, 000119.133, 161
Trd, 000119.267, 162
Trd, 000119.433, 153.0
Trd, 000120.383, 162.0
Trd, 000120.700, 161
Trd, 000121.333, 160
Trd, 000121.550, 172.0
Trd, 000121.950, 175.0
Trd, 000122.033, 155.0
Trd, 000122.733, 151.0
Trd, 000123.250, 163
Trd, 000125.200, 156
Trd, 000125.517, 155.0
Trd, 000125.600, 154.0
Trd, 000125.917, 153
Trd, 000127.400, 153
Trd, 000127.650, 155
Trd, 000128.183, 152
Trd, 000128.617, 146
Trd, 000128.700, 153
Trd, 000128.950, 154
Trd, 000129.017, 155
Trd, 000130.300, 149
Trd, 000131.583, 149
Trd, 000132.050, 149
Trd, 000132.600, 150
Trd, 000133.283, 142
Trd, 000133.683, 149
Trd, 000133.850, 148
Trd, 000134.200, 147
Trd, 000134.667, 150
Trd, 000135.750, 160.0
Trd, 000135.950, 162.0
Trd, 000136.050, 172.0
Trd, 000137.033, 175.0
Trd, 000137.517, 179
Trd, 000139.033, 164
Trd, 000139.517, 165
Trd, 000140.717, 170
Trd, 000141.217, 164.0
Trd, 000141.650, 169.0
Trd, 000141.967, 162
Trd, 000142.233, 169.0
Trd, 000142.983, 165.0
Trd, 000143.217, 168
Trd, 000144.583, 165
Trd, 000145.000, 162.0
Trd, 000145.300, 166
Trd, 000145.433, 166
Trd, 000145.950, 167
Trd, 000146.517, 160
Trd, 000146.917, 162
Trd, 000147.650, 162
Trd, 000148.533, 166.0
Trd, 000148.817, 168.0
Trd, 000149.650, 165
Trd, 000150.017, 162.0
Trd, 000150.467, 163
Trd, 000151.583, 162
Trd, 000152.017, 161
Trd, 000153.483, 158
Trd, 000153.717, 158
Trd, 000153.883, 159
Trd, 000154.750, 157
Trd, 000154.850, 154.0
Trd, 000155.150, 157
Trd, 000155.650, 158
Trd, 000155.767, 161.0
Trd, 000157.167, 154
Trd, 000158.183, 160
Trd, 000158.683, 152.0
Trd, 000159.833, 153
Trd, 000159.983, 154
Trd, 000160.050, 155
Trd, 000160.367, 155
Trd, 000160.700, 153
Trd, 000160.933, 152.0
Trd, 000161.150, 156
Trd, 000161.950, 163
Trd, 000162.033, 169.0
Trd, 000162.750, 169.0
Trd, 000164.667, 165
Trd, 000164.767, 169
Trd, 000165.283, 165
Trd, 000165.450, 163
Trd, 000166.317, 164
Trd, 000166.850, 163
Trd, 000167.050, 162.0
Trd, 000167.283, 155.0
Trd, 000167.467, 151.0
Trd, 000167.700, 163
Trd, 000170.717, 163
Trd, 000171.183, 163
Trd, 000171.417, 163
Trd, 000171.833, 162.0
Trd, 000171.933, 159
Trd, 000172.900, 162
Trd, 000173.717, 160
Trd, 000174.250, 161
Trd, 000174.350, 156.0
Trd, 000175.283, 160
Trd, 000175.367, 161
Trd, 000175.517, 162
Trd, 000176.483, 158
Trd, 000177.233, 161
Trd, 000179.817, 157.0
Trd, 000179.900, 157
Trd, 000180.317, 156
Trd, 000180.417, 158
Trd, 000180.633, 157
Trd, 000180.733, 156
Trd, 000181.250, 157
Trd, 000181.500, 155.0
Trd, 000182.517, 152.0
Trd, 000182.700, 140
Trd, 000183.000, 136
Trd, 000183.033, 154
Trd, 000183.433, 155
Trd, 000184.567, 154
Trd, 000185.450, 152.0
Trd, 000185.650, 155
Trd, 000185.983, 162.0
Trd, 000186.667, 156
Trd, 000186.717, 157
Trd, 000187.000, 151.0
Trd, 000187.433, 149
Trd, 000188.633, 170.0
Trd, 000189.300, 167
Trd, 000190.017, 167
Trd, 000190.650, 167.0
Trd, 000192.617, 164
Trd, 000192.900, 162.0
Trd, 000193.233, 161
Trd, 000193.300, 160
Trd, 000194.350, 160
Trd, 000194.833, 161
Trd, 000195.233, 161
Trd, 000195.267, 164
Trd, 000195.333, 168
Trd, 000196.000, 168
Trd, 000196.117, 161
Trd, 000196.517, 171.0
Trd, 000198.783, 160
Trd, 000199.150, 160
Trd, 000199.667, 164
Trd, 000199.767, 165
Trd, 000200.067, 163
Trd, 000200.233, 164
Trd, 000200.283, 156.0
Trd, 000200.300, 155.0
Trd, 000201.533, 169.0
Trd, 000201.800, 156
Trd, 000202.333, 162.0
Trd, 000202.883, 147
Trd, 000203.233, 147
Trd, 000203.483, 161
Trd, 000204.200, 154
Trd, 000204.683, 172.0
Trd, 000204.817, 175.0
Trd, 000205.200, 151
Trd, 000207.033, 165
Trd, 000207.300, 164
Trd, 000207.317, 151.0
Trd, 000208.483, 163
Trd, 000208.667, 151.0
Trd, 000209.817, 160
Trd, 000210.417, 157
Trd, 000210.500, 158
Trd, 000210.550, 154
Trd, 000210.933, 160
Trd, 000210.967, 160
Trd, 000212.250, 169
Trd, 000212.333, 167
Trd, 000213.300, 168.0
Trd, 000213.500, 172.0
Trd, 000213.567, 162
Trd, 000214.517, 169.0
Trd, 000214.650, 162.0
Trd, 000214.667, 170.0
Trd, 000215.533, 167
Trd, 000215.717, 160
Trd, 000216.817, 175.0
Trd, 000216.900, 173
Trd, 000219.600, 163.0
Trd, 000219.850, 163
Trd, 000220.133, 162.0
Trd, 000220.667, 163
Trd, 000220.783, 164
Trd, 000221.017, 164
Trd, 000221.033, 165
Trd, 000221.717, 172.0
Trd, 000221.850, 160
Trd, 000223.000, 175.0
Trd, 000223.100, 162
Trd, 000224.017, 179
Trd, 000224.833, 169
Trd, 000225.183, 185.0
Trd, 000226.050, 162
Trd, 000226.300, 162.0
Trd, 000226.883, 161
Trd, 000227.167, 161
Trd, 000227.817, 160
Trd, 000228.767, 159
Trd, 000229.300, 152.0
Trd, 000231.350, 153
Trd, 000231.567, 153
Trd, 000231.733, 156
Trd, 000232.217, 155
Trd, 000232.867, 154
Trd, 000232.900, 156
Trd, 000233.167, 152
Trd, 000233.250, 151.0
Trd, 000233.667, 156
Trd, 000234.083, 156
Trd, 000235.350, 155
Trd, 000235.933, 156
Trd, 000236.467, 155
Trd, 000237.433, 155.0
Trd, 000237.733, 162.0
Trd, 000237.817, 175.0
Trd, 000238.417, 172.0
Trd, 000240.067, 157
Trd, 000240.167, 156
Trd, 000240.467, 155.0
Trd, 000240.517, 156
Trd, 000240.900, 155
Trd, 000241.650, 154
Trd, 000242.633, 153
Trd, 000242.733, 152
Trd, 000243.283, 151.0
Trd, 000244.150, 151
Trd, 000244.250, 152
Trd, 000244.583, 153
Trd, 000244.717, 150
Trd, 000245.700, 148
Trd, 000246.233, 148
Trd, 000246.283, 148
Trd, 000246.333, 149
Trd, 000246.433, 150
Trd, 000246.700, 151.0
Trd, 000247.350, 148
Trd, 000247.483, 149
Trd, 000248.733, 148
Trd, 000248.817, 147
Trd, 000249.100, 149
Trd, 000249.133, 152
Trd, 000249.700, 149
Trd, 000250.433, 146
Trd, 000250.750, 151
Trd, 000250.983, 157.0
Trd, 000251.083, 161.0
Trd, 000251.817, 160.0
Trd, 000252.583, 149
Trd, 000253.067, 161.0
Trd, 000253.467, 149
Trd, 000253.583, 148
Trd, 000254.717, 153
Trd, 000254.850, 151
Trd, 000255.383, 151
Trd, 000255.500, 154
Trd, 000255.667, 172.0
Trd, 000255.833, 163
Trd, 000257.150, 158
Trd, 000257.317, 155
Trd, 000257.333, 159
Trd, 000258.100, 155
Trd, 000258.217, 153
Trd, 000258.617, 151.0
Trd, 000259.267, 153
Trd, 000260.533, 151
Trd, 000260.933, 151.0
Trd, 000262.167, 149.0
Trd, 000262.417, 149.0
Trd, 000262.533, 150
Trd, 000262.583, 148.0
Trd, 000263.417, 148
Trd, 000263.733, 150
Trd, 000263.883, 152
Trd, 000264.000, 161.0
Trd, 000264.750, 161.0
Trd, 000264.817, 147
Trd, 000265.517, 162.0
Trd, 000266.717, 158.0
Trd, 000267.533, 156
Trd, 000267.717, 152
Trd, 000267.883, 157
Trd, 000269.050, 152.0
Trd, 000269.167, 151.0
Trd, 000269.450, 150
Trd, 000270.133, 145.0
Trd, 000270.167, 150
Trd, 000270.967, 138
Trd, 000271.133, 151
Trd, 000271.517, 151.0
Trd, 000271.550, 153
Trd, 000272.433, 155
Trd, 000272.467, 162.0
Trd, 000273.067, 160
Trd, 000273.217, 147
Trd, 000273.250, 160
Trd, 000273.867, 144.0
Trd, 000274.133, 156
Trd, 000274.367, 159
Trd, 000275.267, 154
Trd, 000275.300, 158
Trd, 000275.750, 156.0
Trd, 000276.117, 151.0
Trd, 000276.350, 161
Trd, 000277.200, 156
Trd, 000278.000, 156
Trd, 000278.400, 150
Trd, 000278.517, 155
Trd, 000279.483, 151.0
Trd, 000279.733, 144.0
Trd, 000279.967, 151.0
Trd, 000280.183, 141
Trd, 000280.583, 148
Trd, 000280.833, 151
Trd, 000281.083, 152
Trd, 000281.767, 162.0
Trd, 000281.917, 146
Trd, 000283.033, 151.0
Trd, 000283.500, 152
Trd, 000284.350, 150
Trd, 000284.733, 151
Trd, 000285.033, 146
Trd, 000285.067, 145
Trd, 000285.350, 149
Trd, 000285.550, 150
Trd, 000285.883, 150
Trd, 000286.400, 150
Trd, 000286.950, 146.0
Trd, 000287.033, 151
Trd, 000287.850, 151
Trd, 000288.133, 150
Trd, 000288.783, 145.0
Trd, 000289.383, 147
Trd, 000290.183, 148
Trd, 000290.533, 150
Trd, 000290.967, 144
Trd, 000291.667, 149
Trd, 000291.717, 150.0
Trd, 000292.017, 144.0
Trd, 000292.083, 151.0
Trd, 000292.350, 144
Trd, 000293.433, 145
Trd, 000294.500, 147
Trd, 000294.733, 147
Trd, 000294.800, 148
Trd, 000294.967, 148
Trd, 000295.483, 146
Trd, 000295.883, 147
Trd, 000295.950, 151.0
Trd, 000295.967, 162.0
Trd, 000296.550, 168.0
Trd, 000297.033, 145
Trd, 000297.550, 164
Trd, 000297.633, 144.0
Trd, 000298.133, 140
Trd, 000298.783, 164
Trd, 000298.800, 163
