Trd, 000001.683, 120.0
Trd, 000002.250, 162
Trd, 000002.667, 133
Trd, 000004.167, 154.0
Trd, 000005.517, 176.0
Trd, 000005.733, 177
Trd, 000005.850, 175.0
Trd, 000006.267, 165.0
Trd, 000006.933, 156
Trd, 000007.517, 165
Trd, 000007.800, 165.0
Trd, 000008.383, 164
Trd, 000008.500, 163.0
Trd, 000009.183, 162.0
Trd, 000009.817, 153
Trd, 000010.050, 151.0
Trd, 000010.600, 157
Trd, 000011.350, 156
Trd, 000011.667, 155
Trd, 000012.333, 154
Trd, 000012.600, 154
Trd, 000012.633, 151
Trd, 000012.717, 156
Trd, 000012.917, 157
Trd, 000013.183, 148.0
Trd, 000014.600, 170
Trd, 000014.750, 171
Trd, 000015.100, 174
Trd, 000015.717, 164.0
Trd, 000016.017, 163.0
Trd, 000016.717, 162.0
Trd, 000017.550, 162
Trd, 000017.567, 163
Trd, 000017.950, 153
Trd, 000018.450, 156
Trd, 000019.817, 154
Trd, 000019.850, 151.0
Trd, 000020.633, 162
Trd, 000021.533, 166
Trd, 000022.267, 155
Trd, 000022.283, 151.0
Trd, 000023.333, 165.0
Trd, 000023.450, 165
Trd, 000023.917, 162.0
Trd, 000024.133, 156
Trd, 000026.533, 154
Trd, 000027.483, 159
Trd, 000027.950, 161
Trd, 000028.133, 163
Trd, 000028.667, 159
Trd, 000028.750, 155
Trd, 000028.783, 159
Trd, 000028.883, 155
Trd, 000029.550, 158
Trd, 000031.367, 168
Trd, 000031.850, 156
Trd, 000032.317, 154
Trd, 000032.683, 169
Trd, 000033.200, 172
Trd, 000033.667, 153.0
Trd, 000034.100, 149.0
Trd, 000035.317, 163.0
Trd, 000036.533, 162.0
Trd, 000037.233, 160.0
Trd, 000038.133, 153
Trd, 000038.367, 157
Trd, 000038.650, 154
Trd, 000038.817, 155
Trd, 000039.300, 154
Trd, 000040.300, 157
Trd, 000040.917, 159
Trd, 000041.467, 172
Trd, 000042.683, 165.0
Trd, 000043.283, 167
Trd, 000043.317, 169
Trd, 000043.450, 162.0
Trd, 000044.333, 163
Trd, 000046.333, 163
Trd, 000046.433, 157
Trd, 000046.750, 153
Trd, 000046.917, 151.0
Trd, 000047.367, 151.0
Trd, 000048.050, 155
Trd, 000048.083, 156
Trd, 000049.667, 168
Trd, 000049.833, 163
Trd, 000050.083, 162
Trd, 000051.083, 153
Trd, 000051.350, 161
Trd, 000052.300, 162.0
Trd, 000052.567, 156
Trd, 000052.617, 170
Trd, 000053.133, 152
Trd, 000054.400, 157
Trd, 000055.483, 160
Trd, 000055.533, 157
Trd, 000056.117, 161
Trd, 000056.500, 158
Trd, 000057.083, 156
Trd, 000057.400, 153
Trd, 000057.650, 160
Trd, 000057.683, 161
Trd, 000058.150, 161
Trd, 000059.083, 165.0
Trd, 000059.617, 159
Trd, 000060.033, 163
Trd, 000060.083, 156
Trd, 000060.100, 171
Trd, 000062.133, 166
Trd, 000062.450, 169
Trd, 000062.883, 172
Trd, 000063.033, 162.0
Trd, 000063.400, 157
Trd, 000064.067, 174
Trd, 000064.200, 174
Trd, 000064.417, 157
Trd, 000065.017, 157
Trd, 000066.383, 163
Trd, 000066.633, 164
Trd, 000066.750, 165
Trd, 000067.133, 159
Trd, 000067.433, 158
Trd, 000067.650, 157
Trd, 000068.183, 165
Trd, 000070.433, 160
Trd, 000070.567, 162
Trd, 000071.800, 157
Trd, 000072.317, 156
Trd, 000072.650, 156
Trd, 000072.867, 158
Trd, 000073.350, 160
Trd, 000074.983, 164.0
Trd, 000075.517, 163.0
Trd, 000076.700, 165
Trd, 000077.600, 168
Trd, 000078.767, 168.0
Trd, 000078.917, 167.0
Trd, 000080.167, 165.0
Trd, 000080.183, 167
Trd, 000080.567, 169
Trd, 000080.917, 162.0
Trd, 000081.100, 171
Trd, 000081.117, 157
Trd, 000082.350, 172
Trd, 000082.667, 151.0
Trd, 000083.100, 148.0
Trd, 000083.250, 139
Trd, 000085.000, 163
Trd, 000085.667, 163
Trd, 000086.100, 162.0
Trd, 000086.267, 159
Trd, 000086.900, 161.0
Trd, 000087.633, 160
Trd, 000087.700, 157
Trd, 000087.717, 155
Trd, 000087.883, 157
Trd, 000087.900, 154
Trd, 000088.583, 163
Trd, 000090.500, 161.0
Trd, 000090.633, 151.0
Trd, 000091.283, 157
Trd, 000091.367, 163.0
Trd, 000091.967, 153.0
Trd, 000093.467, 155.0
Trd, 000094.167, 158
Trd, 000094.917, 159
Trd, 000095.083, 158.0
Trd, 000095.567, 157.0
Trd, 000095.883, 161
Trd, 000096.217, 162
Trd, 000096.550, 165.0
Trd, 000097.483, 168
Trd, 000098.267, 157
Trd, 000098.583, 153
Trd, 000099.067, 164
Trd, 000099.367, 153.0
Trd, 000099.617, 154.0
Trd, 000099.767, 153.0
Trd, 000100.633, 161
Trd, 000101.367, 162
Trd, 000101.783, 154
Trd, 000102.200, 162
Trd, 000102.217, 163
Trd, 000103.383, 165.0
Trd, 000104.033, 163.0
Trd, 000104.750, 163.0
Trd, 000105.017, 162.0
Trd, 000106.767, 156
Trd, 000107.217, 170
Trd, 000108.533, 163.0
Trd, 000109.500, 164
Trd, 000109.533, 167
Trd, 000110.567, 167
Trd, 000110.650, 163.0
Trd, 000110.950, 162.0
Trd, 000111.700, 158
Trd, 000112.267, 161
Trd, 000112.500, 165
Trd, 000112.650, 165
Trd, 000114.683, 165.0
Trd, 000115.000, 162
Trd, 000115.117, 161
Trd, 000115.983, 157
Trd, 000116.450, 161
Trd, 000117.617, 159
Trd, 000117.883, 160
Trd, 000117.967, 161
Trd, 000118.417, 158
Trd, 000118.617, 160
Trd, 000118.650, 165.0
Trd, 000120.217, 162
Trd, 000120.467, 159
Trd, 000120.583, 161
Trd, 000121.467, 160
Trd, 000121.850, 160
Trd, 000121.917, 158
Trd, 000122.000, 156
Trd, 000122.217, 154
Trd, 000122.283, 164
Trd, 000122.933, 153
Trd, 000125.833, 153
Trd, 000126.400, 152.0
Trd, 000126.783, 154.0
Trd, 000127.067, 152.0
Trd, 000127.217, 151.0
Trd, 000127.533, 159
Trd, 000127.783, 165.0
Trd, 000127.850, 150
Trd, 000128.817, 158
Trd, 000129.100, 152.0
Trd, 000129.817, 151
Trd, 000131.383, 172
Trd, 000131.717, 172
Trd, 000133.100, 166.0
Trd, 000134.633, 167
Trd, 000134.750, 166.0
Trd, 000135.250, 165.0
Trd, 000135.450, 159
Trd, 000135.583, 157
Trd, 000136.317, 162
Trd, 000137.183, 162.0
Trd, 000137.850, 163
Trd, 000138.017, 164
Trd, 000138.267, 151.0
Trd, 000139.050, 156
Trd, 000139.400, 165.0
Trd, 000140.367, 165.0
Trd, 000140.717, 163.0
Trd, 000141.300, 170
Trd, 000141.417, 162.0
Trd, 000141.817, 157
Trd, 000143.200, 158
Trd, 000143.300, 169
Trd, 000144.550, 163.0
Trd, 000145.717, 163
Trd, 000145.800, 162.0
Trd, 000145.917, 164.0
Trd, 000146.283, 157
Trd, 000146.400, 156
Trd, 000146.967, 163
Trd, 000147.333, 161
Trd, 000147.483, 164.0
Trd, 000148.083, 165.0
Trd, 000148.267, 155
Trd, 000148.450, 154
Trd, 000150.567, 164.0
Trd, 000151.967, 162.0
Trd, 000152.017, 155
Trd, 000153.117, 161
Trd, 000153.750, 157
Trd, 000154.167, 156
Trd, 000154.317, 157
Trd, 000154.617, 161
Trd, 000154.667, 155
Trd, 000156.183, 157
Trd, 000156.300, 154
Trd, 000156.567, 151.0
Trd, 000157.167, 157
Trd, 000157.300, 159
Trd, 000158.350, 158
Trd, 000158.367, 148.0
Trd, 000159.667, 151
Trd, 000161.267, 155
Trd, 000162.133, 146
Trd, 000162.900, 151
Trd, 000164.200, 151
Trd, 000164.383, 150
Trd, 000164.467, 151.0
Trd, 000164.617, 148.0
Trd, 000165.133, 165.0
Trd, 000165.400, 172
Trd, 000167.550, 170
Trd, 000167.700, 162.0
Trd, 000169.817, 158
Trd, 000170.300, 159
Trd, 000170.667, 163
Trd, 000170.833, 162.0
Trd, 000170.867, 164
Trd, 000171.367, 159
Trd, 000171.517, 154
Trd, 000171.983, 165.0
Trd, 000172.367, 165
Trd, 000172.633, 156
Trd, 000172.783, 151.0
Trd, 000173.267, 163
Trd, 000174.917, 158
Trd, 000175.117, 162.0
Trd, 000176.083, 162
Trd, 000176.567, 158
Trd, 000176.917, 162
Trd, 000177.850, 162
Trd, 000177.967, 161
Trd, 000178.133, 162
Trd, 000178.283, 161
Trd, 000178.650, 157
Trd, 000178.683, 165.0
Trd, 000178.783, 166
Trd, 000178.833, 154
Trd, 000180.250, 162.0
Trd, 000180.300, 172
Trd, 000181.300, 148.0
Trd, 000181.817, 162.0
Trd, 000182.383, 156
Trd, 000183.367, 160
Trd, 000183.600, 160
Trd, 000183.717, 154.0
Trd, 000184.017, 151.0
Trd, 000185.333, 153
Trd, 000186.200, 159
Trd, 000186.917, 158
Trd, 000186.967, 159
Trd, 000187.717, 160
Trd, 000187.783, 159
Trd, 000187.833, 161
Trd, 000188.583, 157
Trd, 000189.550, 170
Trd, 000190.317, 153
Trd, 000190.633, 166
Trd, 000191.017, 151.0
Trd, 000192.567, 163.0
Trd, 000192.583, 162.0
Trd, 000193.133, 153.0
Trd, 000194.083, 154
Trd, 000194.267, 151.0
Trd, 000194.450, 160
Trd, 000195.217, 151.0
Trd, 000195.983, 150.0
Trd, 000196.000, 140
Trd, 000196.267, 157
Trd, 000196.317, 158
Trd, 000196.667, 156
Trd, 000197.100, 150
Trd, 000197.683, 150.0
Trd, 000197.800, 150.0
Trd, 000199.050, 162
Trd, 000199.617, 149
Trd, 000199.817, 164.0
Trd, 000199.867, 148.0
Trd, 000201.367, 165.0
Trd, 000202.217, 167
Trd, 000203.200, 171
Trd, 000203.733, 160
Trd, 000204.733, 162.0
Trd, 000204.850, 163
Trd, 000205.450, 160
Trd, 000205.983, 169
Trd, 000206.583, 159
Trd, 000207.550, 167
Trd, 000207.667, 169
Trd, 000207.950, 160
Trd, 000209.383, 158
Trd, 000209.467, 157
Trd, 000209.750, 157
Trd, 000209.967, 165.0
Trd, 000210.900, 151.0
Trd, 000211.750, 151.0
Trd, 000213.150, 151
Trd, 000213.200, 154
Trd, 000213.250, 155
Trd, 000213.983, 156
Trd, 000214.033, 152
Trd, 000214.317, 148.0
Trd, 000215.017, 155
Trd, 000215.583, 165.0
Trd, 000216.383, 152.0
Trd, 000218.083, 158.0
Trd, 000218.183, 155.0
Trd, 000219.167, 157
Trd, 000219.333, 162.0
Trd, 000219.500, 165
Trd, 000220.017, 158
Trd, 000220.283, 159
Trd, 000221.150, 156
Trd, 000221.650, 154
Trd, 000222.467, 148.0
Trd, 000222.983, 151.0
Trd, 000223.650, 153
Trd, 000223.883, 151
Trd, 000224.167, 152
Trd, 000225.783, 155
Trd, 000226.983, 170
Trd, 000227.050, 157
Trd, 000227.100, 156
Trd, 000227.217, 172
Trd, 000227.600, 154.0
Trd, 000227.617, 153.0
Trd, 000228.000, 151.0
Trd, 000228.700, 172
Trd, 000229.433, 172
Trd, 000230.550, 167
Trd, 000230.833, 174
Trd, 000231.500, 170
Trd, 000232.650, 167.0
Trd, 000233.017, 165.0
Trd, 000234.150, 167
Trd, 000235.317, 167
Trd, 000235.417, 163.0
Trd, 000235.567, 162.0
Trd, 000236.383, 157
Trd, 000237.150, 154
Trd, 000237.333, 167
Trd, 000237.383, 153
Trd, 000237.567, 140
Trd, 000239.133, 163.0
Trd, 000239.733, 168
Trd, 000240.183, 165
Trd, 000240.300, 164.0
Trd, 000240.583, 165
Trd, 000240.667, 165.0
Trd, 000241.600, 162.0
Trd, 000241.967, 154
Trd, 000242.200, 154.0
Trd, 000242.350, 151.0
Trd, 000242.883, 155.0
Trd, 000243.183, 153
Trd, 000243.300, 154
Trd, 000243.667, 156
Trd, 000243.883, 155
Trd, 000244.433, 160
Trd, 000244.783, 163.0
Trd, 000245.333, 164.0
Trd, 000246.633, 156
Trd, 000246.933, 156
Trd, 000247.917, 157
Trd, 000247.933, 158
Trd, 000248.483, 157
Trd, 000249.183, 160
Trd, 000249.900, 159
Trd, 000250.533, 164
Trd, 000250.667, 161
Trd, 000250.767, 156
Trd, 000250.967, 154
Trd, 000251.267, 160.0
Trd, 000251.533, 152.0
Trd, 000251.817, 150.0
Trd, 000251.950, 151.0
Trd, 000252.067, 142
Trd, 000252.400, 150
Trd, 000252.633, 153
Trd, 000253.000, 159
Trd, 000253.083, 154
Trd, 000253.583, 155
Trd, 000253.650, 153
Trd, 000253.817, 156.0
Trd, 000254.967, 153.0
Trd, 000255.183, 152.0
Trd, 000255.883, 159.0
Trd, 000256.150, 157
Trd, 000256.983, 155
Trd, 000257.200, 154
Trd, 000257.850, 154
Trd, 000257.983, 155
Trd, 000258.050, 155.0
Trd, 000259.517, 167
Trd, 000259.750, 163.0
Trd, 000259.933, 153
Trd, 000260.633, 155.0
Trd, 000260.817, 159
Trd, 000260.983, 160
Trd, 000261.967, 152
Trd, 000262.467, 152
Trd, 000262.583, 151.0
Trd, 000262.917, 153
Trd, 000263.567, 151
Trd, 000263.650, 152
Trd, 000264.117, 151.0
Trd, 000264.233, 151.0
Trd, 000264.467, 155.0
Trd, 000264.633, 162
Trd, 000264.850, 150
Trd, 000265.050, 148.0
Trd, 000265.733, 149
Trd, 000266.117, 141
Trd, 000266.733, 140
Trd, 000266.933, 137.0
Trd, 000267.683, 144
Trd, 000267.717, 141.0
Trd, 000268.400, 145
Trd, 000268.583, 149
Trd, 000268.667, 151.0
Trd, 000268.850, 145.0
Trd, 000269.033, 148
Trd, 000269.283, 163.0
Trd, 000270.633, 144
Trd, 000271.700, 141
Trd, 000271.850, 140
Trd, 000272.017, 140
Trd, 000272.150, 144.0
Trd, 000272.617, 148.0
Trd, 000272.867, 151
Trd, 000273.183, 151.0
Trd, 000273.900, 147.0
Trd, 000274.117, 147.0
Trd, 000274.850, 148
Trd, 000275.383, 150
Trd, 000275.517, 148.0
Trd, 000275.800, 151
Trd, 000275.933, 153
Trd, 000275.950, 148
Trd, 000276.567, 164
Trd, 000276.683, 148
Trd, 000276.933, 158
Trd, 000277.217, 147
Trd, 000277.317, 147
Trd, 000277.833, 154.0
Trd, 000278.250, 155.0
Trd, 000278.650, 148.0
Trd, 000279.483, 153
Trd, 000279.650, 171
Trd, 000281.033, 160
Trd, 000281.250, 170
Trd, 000281.633, 156
Trd, 000281.933, 163
Trd, 000282.633, 154
Trd, 000282.767, 161
Trd, 000283.783, 155
Trd, 000283.833, 154
Trd, 000284.200, 153
Trd, 000284.317, 153
Trd, 000284.350, 160
Trd, 000284.667, 161
Trd, 000285.200, 164.0
Trd, 000285.583, 163.0
Trd, 000285.817, 165.0
Trd, 000285.867, 151.0
Trd, 000285.900, 149
Trd, 000286.067, 145
Trd, 000287.333, 168
Trd, 000287.683, 161
Trd, 000289.033, 163
Trd, 000289.067, 160.0
Trd, 000289.183, 148.0
Trd, 000289.717, 162
Trd, 000289.767, 165.0
Trd, 000289.950, 151.0
Trd, 000290.083, 141
Trd, 000290.283, 156
Trd, 000290.667, 168
Trd, 000291.517, 153.0
Trd, 000291.600, 151.0
Trd, 000292.033, 149
Trd, 000292.667, 143
Trd, 000292.733, 143
Trd, 000292.783, 139
Trd, 000293.117, 142
Trd, 000293.217, 143
Trd, 000293.800, 148.0
Trd, 000293.933, 164
Trd, 000294.267, 162.0
Trd, 000294.717, 175
Trd, 000294.817, 161.0
Trd, 000295.500, 158
Trd, 000295.933, 154
Trd, 000298.217, 168
Trd, 000298.650, 165.0
Trd, 000299.250, 165.0
Trd, 000299.350, 164.0
Trd, 000299.417, 162.0
