Trd, 000000.700, 151.0
Trd, 000002.000, 184
Trd, 000002.117, 134
Trd, 000002.517, 134
Trd, 000003.533, 145
Trd, 000004.050, 146
Trd, 000004.117, 148
Trd, 000004.167, 144
Trd, 000005.300, 145
Trd, 000005.833, 146
Trd, 000006.650, 148
Trd, 000007.033, 142.0
Trd, 000007.683, 147
Trd, 000007.850, 146
Trd, 000008.150, 147
Trd, 000008.500, 151.0
Trd, 000009.367, 144
Trd, 000010.067, 143
Trd, 000010.250, 147
Trd, 000010.667, 146
Trd, 000010.883, 147
Trd, 000011.150, 148
Trd, 000011.483, 155
Trd, 000012.450, 149
Trd, 000013.100, 148
Trd, 000013.133, 150
Trd, 000013.767, 151.0
Trd, 000014.183, 149
Trd, 000014.250, 148
Trd, 000015.733, 148
Trd, 000015.850, 147
Trd, 000016.967, 148
Trd, 000017.017, 149
Trd, 000017.100, 147
Trd, 000017.783, 146
Trd, 000018.033, 146
Trd, 000018.450, 146
Trd, 000018.533, 143
Trd, 000019.700, 145
Trd, 000019.817, 146
Trd, 000019.950, 148
Trd, 000020.167, 148
Trd, 000020.750, 158.0
Trd, 000021.133, 145
Trd, 000021.633, 162.0
Trd, 000022.583, 151
Trd, 000023.767, 149
Trd, 000023.850, 147
Trd, 000023.867, 151
Trd, 000024.000, 155
Trd, 000024.200, 158.0
Trd, 000024.467, 157
Trd, 000025.517, 152
Trd, 000025.583, 153
Trd, 000026.150, 152.0
Trd, 000026.667, 151
Trd, 000027.117, 151.0
Trd, 000028.333, 153
Trd, 000029.150, 152
Trd, 000029.333, 155
Trd, 000029.467, 161.0
Trd, 000029.617, 162.0
Trd, 000030.333, 162
Trd, 000031.450, 155
Trd, 000031.817, 162.0
Trd, 000031.900, 156
Trd, 000032.650, 155
Trd, 000033.150, 159
Trd, 000033.783, 154
Trd, 000034.633, 154
Trd, 000034.900, 156
Trd, 000035.317, 157
Trd, 000036.200, 155
Trd, 000037.000, 155
Trd, 000037.317, 155
Trd, 000037.483, 154.0
Trd, 000037.767, 155
Trd, 000037.967, 154
Trd, 000038.450, 154
Trd, 000038.517, 153
Trd, 000039.400, 150
Trd, 000039.883, 150
Trd, 000040.050, 151.0
Trd, 000040.183, 151.0
Trd, 000040.250, 147
Trd, 000041.117, 148
Trd, 000041.500, 145
Trd, 000041.550, 148
Trd, 000041.917, 146
Trd, 000042.767, 149
Trd, 000044.000, 151.0
Trd, 000045.200, 151
Trd, 000045.550, 150
Trd, 000045.600, 150
Trd, 000045.633, 154.0
Trd, 000046.617, 151.0
Trd, 000046.650, 149
Trd, 000046.833, 147
Trd, 000047.533, 141
Trd, 000047.567, 146
Trd, 000048.350, 146
Trd, 000048.450, 146
Trd, 000048.533, 140
Trd, 000048.783, 143
Trd, 000049.400, 141
Trd, 000050.017, 145
Trd, 000050.500, 146
Trd, 000050.867, 148
Trd, 000050.950, 158.0
Trd, 000051.183, 148
Trd, 000052.233, 150
Trd, 000052.883, 149
Trd, 000053.250, 150
Trd, 000054.533, 145
Trd, 000054.950, 147
Trd, 000054.967, 148
Trd, 000055.700, 147
Trd, 000056.117, 147
Trd, 000056.500, 146
Trd, 000058.033, 147
Trd, 000058.450, 151.0
Trd, 000059.000, 151
Trd, 000059.817, 148
Trd, 000059.983, 147
Trd, 000060.050, 145
Trd, 000060.250, 157.0
Trd, 000060.717, 158.0
Trd, 000060.833, 148
Trd, 000061.633, 149
Trd, 000061.683, 151.0
Trd, 000061.950, 154
Trd, 000062.100, 146
Trd, 000062.167, 152
Trd, 000063.033, 151.0
Trd, 000064.367, 150
Trd, 000064.783, 151
Trd, 000064.983, 149
Trd, 000065.767, 150
Trd, 000066.767, 151
Trd, 000066.850, 151
Trd, 000067.183, 152
Trd, 000067.433, 151
Trd, 000067.583, 153
Trd, 000067.600, 147
Trd, 000067.850, 158.0
Trd, 000068.267, 153
Trd, 000068.933, 153
Trd, 000069.333, 152
Trd, 000069.483, 149
Trd, 000070.250, 153
Trd, 000071.000, 148
Trd, 000071.567, 152
Trd, 000071.717, 151.0
Trd, 000071.833, 146
Trd, 000072.433, 147
Trd, 000072.550, 146
Trd, 000072.950, 141
Trd, 000074.867, 148
Trd, 000075.700, 147
Trd, 000076.050, 146
Trd, 000076.067, 148
Trd, 000077.183, 146
Trd, 000077.550, 148
Trd, 000078.767, 147
Trd, 000078.833, 149
Trd, 000079.350, 148
Trd, 000079.583, 149
Trd, 000079.633, 151.0
Trd, 000079.817, 148
Trd, 000081.167, 152
Trd, 000081.317, 150
Trd, 000081.633, 151
Trd, 000081.750, 157
Trd, 000082.117, 156
Trd, 000083.667, 151.0
Trd, 000083.833, 150
Trd, 000084.217, 150
Trd, 000084.350, 147
Trd, 000084.967, 145
Trd, 000085.150, 150
Trd, 000085.333, 151.0
Trd, 000085.783, 146
Trd, 000086.483, 151
Trd, 000088.400, 147
Trd, 000088.650, 147
Trd, 000088.800, 147
Trd, 000089.067, 148
Trd, 000089.133, 146
Trd, 000089.283, 150
Trd, 000090.600, 147
Trd, 000091.583, 148
Trd, 000091.617, 150
Trd, 000091.800, 151.0
Trd, 000092.517, 151
Trd, 000092.633, 150
Trd, 000093.067, 151
Trd, 000093.083, 150
Trd, 000094.283, 152
Trd, 000095.200, 151.0
Trd, 000095.683, 150
Trd, 000097.500, 151.0
Trd, 000098.217, 150
Trd, 000098.483, 150
Trd, 000099.383, 151
Trd, 000099.433, 151
Trd, 000100.267, 151
Trd, 000100.283, 151.0
Trd, 000100.367, 150
Trd, 000100.883, 149
Trd, 000100.900, 152
Trd, 000101.233, 154
Trd, 000101.933, 151.0
Trd, 000102.600, 150
Trd, 000102.633, 150
Trd, 000103.183, 147
Trd, 000103.817, 146
Trd, 000104.133, 150
Trd, 000104.567, 150
Trd, 000104.950, 141
Trd, 000105.483, 151.0
Trd, 000107.133, 148
Trd, 000107.200, 150
Trd, 000107.233, 146
Trd, 000107.383, 150
Trd, 000107.550, 146
Trd, 000108.283, 148
Trd, 000109.983, 150
Trd, 000110.033, 149
Trd, 000110.783, 147
Trd, 000111.117, 150
Trd, 000111.350, 150.0
Trd, 000112.067, 147
Trd, 000112.400, 147
Trd, 000112.500, 148
Trd, 000112.583, 147
Trd, 000112.717, 151
Trd, 000112.883, 158.0
Trd, 000112.900, 146
Trd, 000113.633, 144
Trd, 000114.133, 148
Trd, 000114.383, 150
Trd, 000115.933, 147
Trd, 000117.017, 148
Trd, 000117.033, 146
Trd, 000117.517, 145
Trd, 000117.567, 144
Trd, 000118.017, 141
Trd, 000118.700, 138
Trd, 000118.867, 150
Trd, 000118.883, 151.0
Trd, 000119.333, 158.0
Trd, 000119.667, 151.0
Trd, 000120.467, 150
Trd, 000120.733, 151
Trd, 000121.050, 150
Trd, 000121.717, 150
Trd, 000122.400, 150
Trd, 000122.583, 149
Trd, 000123.650, 150
Trd, 000124.167, 150
Trd, 000124.300, 151
Trd, 000124.683, 148
Trd, 000125.017, 147
Trd, 000125.183, 150
Trd, 000126.150, 151
Trd, 000126.900, 153.0
Trd, 000126.933, 152.0
Trd, 000126.983, 151.0
Trd, 000127.483, 149
Trd, 000128.433, 151.0
Trd, 000128.500, 149
Trd, 000128.783, 152
Trd, 000128.983, 139
Trd, 000130.567, 151
Trd, 000131.133, 151
Trd, 000131.217, 150
Trd, 000131.250, 148
Trd, 000131.950, 146
Trd, 000132.200, 147.0
Trd, 000132.750, 148.0
Trd, 000132.950, 145
Trd, 000134.167, 148
Trd, 000134.367, 149
Trd, 000134.550, 149
Trd, 000134.733, 148
Trd, 000134.900, 148
Trd, 000135.967, 151.0
Trd, 000136.033, 150
Trd, 000136.950, 149
Trd, 000137.650, 148
Trd, 000138.817, 151.0
Trd, 000139.400, 150
Trd, 000139.433, 147
Trd, 000139.567, 151.0
Trd, 000140.217, 152
Trd, 000140.483, 151
Trd, 000140.633, 148
Trd, 000141.267, 151
Trd, 000141.533, 151.0
Trd, 000142.383, 151
Trd, 000142.883, 151
Trd, 000143.050, 149
Trd, 000143.833, 150
Trd, 000144.183, 151
Trd, 000144.250, 147
Trd, 000144.933, 146
Trd, 000145.133, 150
Trd, 000146.000, 150
Trd, 000146.150, 151
Trd, 000146.817, 151
Trd, 000147.183, 148
Trd, 000147.517, 151.0
Trd, 000147.783, 147
Trd, 000148.100, 146
Trd, 000148.850, 150
Trd, 000149.550, 147
Trd, 000149.717, 148
Trd, 000150.517, 149
Trd, 000151.233, 146
Trd, 000152.967, 148
Trd, 000153.167, 145
Trd, 000154.083, 144
Trd, 000154.533, 143
Trd, 000154.667, 145
Trd, 000154.683, 146
Trd, 000155.033, 144
Trd, 000155.400, 143
Trd, 000155.767, 145
Trd, 000156.117, 145
Trd, 000156.417, 146
Trd, 000157.533, 144
Trd, 000157.700, 143
Trd, 000157.817, 140
Trd, 000158.083, 139
Trd, 000158.367, 144
Trd, 000159.000, 146
Trd, 000159.050, 151.0
Trd, 000159.133, 162.0
Trd, 000160.217, 154
Trd, 000160.417, 167.0
Trd, 000161.783, 152
Trd, 000162.233, 150
Trd, 000162.733, 150
Trd, 000163.150, 150
Trd, 000164.267, 147
Trd, 000164.283, 146
Trd, 000164.650, 141
Trd, 000164.717, 152
Trd, 000165.600, 147
Trd, 000166.250, 151.0
Trd, 000166.750, 151
Trd, 000166.817, 151
Trd, 000166.850, 150
Trd, 000167.033, 150
Trd, 000168.050, 150
Trd, 000168.450, 150
Trd, 000168.500, 151
Trd, 000169.983, 149
Trd, 000170.133, 151
Trd, 000170.417, 150
Trd, 000170.433, 148
Trd, 000170.900, 149
Trd, 000171.383, 148
Trd, 000171.800, 149
Trd, 000171.867, 147
Trd, 000172.167, 141
Trd, 000172.400, 151.0
Trd, 000173.633, 149
Trd, 000174.133, 148
Trd, 000174.667, 148
Trd, 000174.717, 158.0
Trd, 000175.300, 146
Trd, 000175.350, 143
Trd, 000176.150, 144
Trd, 000177.067, 149
Trd, 000177.650, 148
Trd, 000178.400, 148
Trd, 000178.483, 146
Trd, 000178.867, 145
Trd, 000178.950, 149
Trd, 000179.633, 147
Trd, 000180.117, 149
Trd, 000180.433, 149
Trd, 000180.683, 146
Trd, 000181.067, 149
Trd, 000181.117, 151.0
Trd, 000181.417, 145
Trd, 000182.083, 156
Trd, 000182.217, 140
Trd, 000182.567, 149
Trd, 000182.800, 147
Trd, 000183.050, 146
Trd, 000183.333, 145
Trd, 000183.550, 143
Trd, 000183.833, 148
Trd, 000186.033, 144
Trd, 000186.667, 145
Trd, 000186.883, 145
Trd, 000187.017, 144
Trd, 000187.250, 145
Trd, 000187.533, 145
Trd, 000188.550, 150.0
Trd, 000189.283, 150.0
Trd, 000189.483, 151.0
Trd, 000190.267, 150
Trd, 000190.350, 145
Trd, 000191.000, 148
Trd, 000191.383, 151
Trd, 000191.550, 158.0
Trd, 000191.567, 162.0
Trd, 000192.483, 156
Trd, 000192.567, 166.0
Trd, 000192.583, 155
Trd, 000192.817, 154
Trd, 000192.867, 154
Trd, 000193.250, 152
Trd, 000193.450, 151.0
Trd, 000194.450, 159
Trd, 000196.217, 152
Trd, 000196.817, 151
Trd, 000196.883, 150
Trd, 000196.900, 147
Trd, 000197.033, 153
Trd, 000197.400, 144
Trd, 000198.783, 149
Trd, 000199.050, 150
Trd, 000199.467, 150
Trd, 000199.667, 150
Trd, 000199.717, 146
Trd, 000200.217, 153
Trd, 000201.500, 149
Trd, 000202.017, 150
Trd, 000202.050, 151.0
Trd, 000202.450, 158.0
Trd, 000203.717, 151.0
Trd, 000204.300, 150
Trd, 000204.383, 152
Trd, 000204.750, 157
Trd, 000205.350, 154
Trd, 000205.633, 152
Trd, 000205.967, 152
Trd, 000206.283, 152
Trd, 000206.617, 153
Trd, 000206.950, 152
Trd, 000207.600, 154
Trd, 000208.000, 156
Trd, 000210.083, 152.0
Trd, 000211.067, 152
Trd, 000211.283, 152.0
Trd, 000211.400, 151.0
Trd, 000211.700, 153
Trd, 000212.167, 153
Trd, 000212.400, 151
Trd, 000213.033, 148
Trd, 000213.233, 151.0
Trd, 000214.383, 150
Trd, 000214.833, 149
Trd, 000215.400, 150
Trd, 000215.500, 150
Trd, 000215.833, 151
Trd, 000216.167, 148
Trd, 000217.700, 151
Trd, 000218.267, 151.0
Trd, 000219.083, 152
Trd, 000219.317, 154.0
Trd, 000219.633, 152
Trd, 000219.933, 158.0
Trd, 000220.233, 155
Trd, 000220.600, 154
Trd, 000221.900, 154
Trd, 000221.983, 155
Trd, 000222.883, 156
Trd, 000223.183, 156
Trd, 000223.567, 154
Trd, 000223.933, 151.0
Trd, 000224.783, 151.0
Trd, 000225.450, 151
Trd, 000225.900, 145
Trd, 000226.183, 140
Trd, 000226.483, 143
Trd, 000227.083, 150
Trd, 000227.267, 152
Trd, 000227.617, 143
Trd, 000227.667, 143
Trd, 000228.117, 142
Trd, 000228.567, 152
Trd, 000230.033, 158.0
Trd, 000230.817, 155
Trd, 000231.050, 156
Trd, 000231.383, 157
Trd, 000231.533, 155
Trd, 000231.650, 155
Trd, 000231.700, 154
Trd, 000233.683, 156
Trd, 000233.800, 158
Trd, 000233.917, 157
Trd, 000234.150, 162
Trd, 000234.267, 155
Trd, 000234.467, 148
Trd, 000235.267, 147
Trd, 000236.133, 150.0
Trd, 000236.600, 149
Trd, 000237.017, 149
Trd, 000237.717, 147
Trd, 000238.283, 148
Trd, 000238.400, 145
Trd, 000238.867, 148.0
Trd, 000239.400, 148
Trd, 000239.767, 149
Trd, 000240.050, 147
Trd, 000240.400, 149
Trd, 000240.617, 150
Trd, 000240.933, 150
Trd, 000241.350, 148.0
Trd, 000241.817, 147
Trd, 000241.883, 148.0
Trd, 000242.850, 148
Trd, 000242.867, 147
Trd, 000243.000, 145
Trd, 000243.417, 146.0
Trd, 000244.233, 146
Trd, 000244.267, 149.0
Trd, 000244.950, 150.0
Trd, 000246.017, 148.0
Trd, 000246.267, 145
Trd, 000247.200, 144
Trd, 000247.817, 146
Trd, 000248.100, 151.0
Trd, 000249.133, 150
Trd, 000249.150, 148
Trd, 000249.417, 150
Trd, 000249.950, 149
Trd, 000250.033, 148
Trd, 000250.067, 147
Trd, 000250.433, 146
Trd, 000251.033, 148
Trd, 000251.183, 148
Trd, 000251.533, 148
Trd, 000251.917, 148
Trd, 000252.433, 150
Trd, 000252.933, 148
Trd, 000252.983, 151.0
Trd, 000253.767, 155.0
Trd, 000255.600, 151
Trd, 000256.167, 151
Trd, 000256.267, 152
Trd, 000256.283, 150
Trd, 000256.400, 149
Trd, 000256.700, 151.0
Trd, 000256.733, 152
Trd, 000257.367, 150
Trd, 000257.917, 151
Trd, 000258.150, 149.0
Trd, 000258.433, 148
Trd, 000258.583, 147
Trd, 000259.083, 148
Trd, 000259.200, 147
Trd, 000259.683, 147
Trd, 000259.967, 147
Trd, 000260.250, 148
Trd, 000261.033, 151.0
Trd, 000261.283, 148
Trd, 000261.417, 151.0
Trd, 000262.550, 149
Trd, 000263.000, 147
Trd, 000263.517, 151.0
Trd, 000264.000, 155
Trd, 000264.033, 157.0
Trd, 000264.233, 155
Trd, 000264.650, 156
Trd, 000265.400, 154
Trd, 000265.750, 153
Trd, 000266.350, 153
Trd, 000266.567, 154
Trd, 000266.983, 153.0
Trd, 000267.250, 151
Trd, 000267.667, 151
Trd, 000267.900, 150
Trd, 000268.317, 147
Trd, 000268.333, 150
Trd, 000268.833, 144.0
Trd, 000269.433, 148
Trd, 000269.833, 149
Trd, 000269.867, 153.0
Trd, 000270.400, 151.0
Trd, 000270.817, 150
Trd, 000270.883, 165.0
Trd, 000271.083, 148
Trd, 000271.467, 147
Trd, 000272.517, 155.0
Trd, 000272.567, 151.0
Trd, 000273.117, 151.0
Trd, 000273.467, 149
Trd, 000273.850, 147
Trd, 000273.933, 148.0
Trd, 000274.367, 146
Trd, 000274.500, 147
Trd, 000275.300, 147
Trd, 000275.633, 146
Trd, 000276.017, 145
Trd, 000276.167, 148
Trd, 000277.267, 145
Trd, 000277.783, 145
Trd, 000278.133, 146
Trd, 000278.750, 145.0
Trd, 000279.083, 145.0
Trd, 000279.183, 144.0
Trd, 000279.367, 143
Trd, 000279.967, 142
Trd, 000280.600, 145
Trd, 000280.867, 146
Trd, 000281.500, 140
Trd, 000281.567, 146
Trd, 000282.650, 148.0
Trd, 000282.733, 142
Trd, 000282.783, 151.0
Trd, 000282.817, 141
Trd, 000284.217, 141
Trd, 000284.600, 139
Trd, 000284.817, 137.0
Trd, 000285.400, 142
Trd, 000285.417, 143
Trd, 000285.817, 142
Trd, 000285.883, 145
Trd, 000286.100, 146
Trd, 000287.600, 146
Trd, 000287.817, 146
Trd, 000287.900, 145
Trd, 000287.917, 144.0
Trd, 000288.533, 143
Trd, 000289.150, 142
Trd, 000289.233, 146.0
Trd, 000290.167, 147
Trd, 000290.533, 148.0
Trd, 000290.950, 148
Trd, 000291.217, 147
Trd, 000291.483, 144
Trd, 000291.833, 155.0
Trd, 000292.650, 152.0
Trd, 000292.850, 155
Trd, 000293.033, 152.0
Trd, 000293.250, 151.0
Trd, 000294.233, 152
Trd, 000294.583, 149
Trd, 000296.550, 150
Trd, 000296.600, 148
Trd, 000297.133, 149
Trd, 000298.117, 148
Trd, 000298.150, 150
Trd, 000298.300, 146
Trd, 000298.917, 147
Trd, 000299.017, 151
Trd, 000299.133, 146
Trd, 000299.267, 150
Trd, 000299.633, 148
