Trd, 000001.533, 168.0
Trd, 000001.550, 158
Trd, 000001.600, 148.0
Trd, 000001.617, 170.0
Trd, 000002.200, 134.0
Trd, 000003.350, 137
Trd, 000003.500, 155.0
Trd, 000005.133, 153
Trd, 000005.333, 155
Trd, 000006.000, 150
Trd, 000006.517, 136
Trd, 000007.417, 157
Trd, 000007.483, 158
Trd, 000008.017, 158
Trd, 000009.133, 158
Trd, 000009.233, 153
Trd, 000009.867, 148.0
Trd, 000010.200, 141
Trd, 000010.417, 149
Trd, 000010.450, 150
Trd, 000011.000, 149
Trd, 000011.350, 150
Trd, 000012.050, 155.0
Trd, 000013.467, 151
Trd, 000013.650, 150
Trd, 000013.800, 152
Trd, 000014.017, 168
Trd, 000014.200, 150
Trd, 000016.833, 158
Trd, 000016.933, 157
Trd, 000017.533, 148.0
Trd, 000018.217, 154
Trd, 000018.317, 162
Trd, 000018.733, 168.0
Trd, 000018.850, 152
Trd, 000020.200, 163
Trd, 000020.550, 156
Trd, 000020.633, 155.0
Trd, 000021.067, 144
Trd, 000021.467, 147
Trd, 000022.050, 149.0
Trd, 000022.083, 148.0
Trd, 000022.200, 124.0
Trd, 000023.450, 153.0
Trd, 000023.867, 142
Trd, 000024.233, 154
Trd, 000024.250, 155.0
Trd, 000025.783, 155
Trd, 000026.050, 154
Trd, 000027.600, 159
Trd, 000027.683, 153
Trd, 000027.867, 147
Trd, 000028.367, 140
Trd, 000029.367, 164
Trd, 000030.433, 151
Trd, 000030.450, 150
Trd, 000030.617, 151
Trd, 000030.750, 150
Trd, 000030.833, 154
Trd, 000031.000, 149.0
Trd, 000031.900, 152
Trd, 000033.733, 152.0
Trd, 000033.883, 151.0
Trd, 000034.050, 153
Trd, 000034.800, 150
Trd, 000035.150, 154.0
Trd, 000035.350, 155.0
Trd, 000035.850, 158
Trd, 000036.200, 154
Trd, 000036.317, 160
Trd, 000036.533, 166
Trd, 000037.783, 166
Trd, 000038.417, 155
Trd, 000039.783, 148.0
Trd, 000039.850, 152
Trd, 000040.367, 146
Trd, 000040.750, 147
Trd, 000040.883, 148
Trd, 000041.517, 134.0
Trd, 000041.700, 163
Trd, 000042.667, 134
Trd, 000043.150, 144
Trd, 000043.283, 150
Trd, 000044.200, 150
Trd, 000045.350, 141
Trd, 000046.233, 134
Trd, 000046.450, 135
Trd, 000046.583, 132
Trd, 000046.750, 136
Trd, 000047.067, 153
Trd, 000047.283, 148.0
Trd, 000047.883, 134.0
Trd, 000047.933, 155.0
Trd, 000048.567, 146
Trd, 000048.767, 146
Trd, 000049.267, 140
Trd, 000049.950, 140
Trd, 000050.833, 147
Trd, 000050.917, 141
Trd, 000051.350, 149
Trd, 000052.000, 155.0
Trd, 000052.317, 140
Trd, 000052.883, 153
Trd, 000054.300, 146
Trd, 000055.117, 146
Trd, 000055.133, 148
Trd, 000055.333, 145
Trd, 000055.583, 146
Trd, 000056.167, 150
Trd, 000056.633, 146
Trd, 000057.317, 146
Trd, 000057.450, 153
Trd, 000057.700, 155.0
Trd, 000058.117, 172.0
Trd, 000058.783, 171
Trd, 000060.917, 151
Trd, 000061.617, 154
Trd, 000061.833, 154
Trd, 000062.433, 153
Trd, 000062.733, 151
Trd, 000062.817, 149
Trd, 000063.450, 150.0
Trd, 000063.750, 148.0
Trd, 000064.233, 151
Trd, 000065.100, 151
Trd, 000066.250, 151
Trd, 000066.400, 152
Trd, 000066.667, 152
Trd, 000066.850, 150
Trd, 000067.867, 153
Trd, 000068.417, 150
Trd, 000068.650, 155.0
Trd, 000070.150, 153
Trd, 000070.367, 155
Trd, 000071.300, 154
Trd, 000071.317, 153
Trd, 000072.267, 151
Trd, 000073.400, 153
Trd, 000073.450, 156
Trd, 000073.500, 157
Trd, 000073.867, 158
Trd, 000073.933, 153
Trd, 000074.100, 165
Trd, 000075.233, 162
Trd, 000076.050, 157
Trd, 000076.333, 166
Trd, 000076.900, 168
Trd, 000076.983, 156
Trd, 000077.650, 168.0
Trd, 000078.133, 155
Trd, 000078.300, 168
Trd, 000078.617, 160
Trd, 000080.483, 148.0
Trd, 000080.583, 158
Trd, 000081.883, 145
Trd, 000082.150, 147
Trd, 000082.467, 148
Trd, 000082.567, 149
Trd, 000082.633, 144
Trd, 000083.133, 148
Trd, 000083.300, 155.0
Trd, 000083.900, 158
Trd, 000084.433, 154
Trd, 000084.867, 149
Trd, 000085.383, 157
Trd, 000085.683, 171.0
Trd, 000085.750, 168.0
Trd, 000085.817, 150
Trd, 000085.883, 148
Trd, 000086.100, 148.0
Trd, 000087.300, 168
Trd, 000087.783, 150
Trd, 000088.050, 141
Trd, 000088.600, 142
Trd, 000088.950, 142
Trd, 000089.183, 140
Trd, 000090.250, 147
Trd, 000090.417, 149
Trd, 000091.000, 145
Trd, 000091.450, 167
Trd, 000092.067, 170.0
Trd, 000093.050, 160
Trd, 000094.850, 157
Trd, 000095.167, 156.0
Trd, 000095.667, 158
Trd, 000096.100, 155.0
Trd, 000096.483, 155
Trd, 000096.833, 156
Trd, 000097.117, 155.0
Trd, 000097.317, 148.0
Trd, 000097.767, 148
Trd, 000097.983, 151
Trd, 000098.433, 150
Trd, 000100.033, 155.0
Trd, 000100.233, 165
Trd, 000100.717, 144
Trd, 000101.467, 170.0
Trd, 000101.767, 168.0
Trd, 000102.417, 142
Trd, 000102.917, 142
Trd, 000103.333, 155.0
Trd, 000103.700, 149.0
Trd, 000103.733, 154
Trd, 000103.750, 148.0
Trd, 000104.433, 155
Trd, 000104.483, 156
Trd, 000105.900, 156
Trd, 000106.067, 153
Trd, 000106.100, 152
Trd, 000107.383, 152
Trd, 000107.617, 152
Trd, 000108.367, 165
Trd, 000108.817, 151
Trd, 000109.467, 157
Trd, 000109.750, 150
Trd, 000109.850, 152
Trd, 000110.150, 148.0
Trd, 000110.250, 154
Trd, 000110.967, 130
Trd, 000112.283, 154
Trd, 000113.033, 154.0
Trd, 000113.333, 154.0
Trd, 000114.017, 125
Trd, 000114.633, 145
Trd, 000114.817, 152
Trd, 000115.817, 149
Trd, 000116.050, 149
Trd, 000116.867, 150.0
Trd, 000117.117, 155.0
Trd, 000117.983, 153
Trd, 000118.367, 153
Trd, 000118.883, 150
Trd, 000119.000, 148.0
Trd, 000119.283, 168
Trd, 000119.783, 170
Trd, 000120.900, 154
Trd, 000122.933, 156
Trd, 000123.133, 157
Trd, 000123.900, 155
Trd, 000124.200, 156
Trd, 000124.500, 155.0
Trd, 000124.783, 156
Trd, 000125.050, 152
Trd, 000125.800, 166
Trd, 000125.967, 171
Trd, 000126.183, 175.0
Trd, 000126.633, 151
Trd, 000127.383, 168
Trd, 000127.783, 151
Trd, 000128.483, 168
Trd, 000128.550, 169.0
Trd, 000128.700, 150.0
Trd, 000129.000, 168.0
Trd, 000129.383, 154
Trd, 000129.733, 169
Trd, 000130.700, 162.0
Trd, 000131.483, 168
Trd, 000131.500, 168
Trd, 000131.917, 162
Trd, 000132.517, 155.0
Trd, 000133.000, 162
Trd, 000133.717, 158
Trd, 000134.067, 150.0
Trd, 000134.217, 159
Trd, 000134.400, 161
Trd, 000134.483, 160
Trd, 000135.267, 170.0
Trd, 000135.583, 158
Trd, 000135.850, 156
Trd, 000136.867, 155
Trd, 000137.267, 155.0
Trd, 000137.883, 166
Trd, 000139.267, 162
Trd, 000139.517, 164
Trd, 000139.717, 165
Trd, 000140.983, 164
Trd, 000141.150, 164
Trd, 000141.267, 162
Trd, 000141.600, 165
Trd, 000142.833, 161
Trd, 000143.267, 163
Trd, 000143.483, 163
Trd, 000144.583, 155.0
Trd, 000145.000, 124.0
Trd, 000145.133, 134.0
Trd, 000145.633, 152
Trd, 000146.717, 161
Trd, 000146.967, 151
Trd, 000147.117, 151
Trd, 000147.267, 152
Trd, 000147.617, 152
Trd, 000147.983, 151
Trd, 000148.000, 150
Trd, 000148.833, 172.0
Trd, 000149.033, 155
Trd, 000149.133, 153
Trd, 000149.500, 152
Trd, 000150.050, 155
Trd, 000150.433, 155
Trd, 000152.617, 155
Trd, 000153.217, 148.0
Trd, 000153.983, 134.0
Trd, 000154.083, 156
Trd, 000154.717, 149
Trd, 000155.083, 151
Trd, 000155.283, 151
Trd, 000155.900, 150
Trd, 000155.983, 150.0
Trd, 000156.267, 151
Trd, 000156.433, 149.0
Trd, 000157.250, 137
Trd, 000158.200, 146
Trd, 000158.417, 143
Trd, 000158.467, 155.0
Trd, 000158.850, 172.0
Trd, 000159.083, 157
Trd, 000160.883, 161
Trd, 000160.933, 153.0
Trd, 000161.833, 154
Trd, 000164.017, 152
Trd, 000164.233, 154
Trd, 000165.083, 153.0
Trd, 000165.117, 152
Trd, 000165.417, 139
Trd, 000165.700, 146
Trd, 000166.050, 150
Trd, 000166.167, 148.0
Trd, 000166.717, 149
Trd, 000166.750, 153.0
Trd, 000166.783, 155.0
Trd, 000167.600, 163
Trd, 000168.050, 148.0
Trd, 000168.833, 140
Trd, 000168.850, 160
Trd, 000169.000, 161
Trd, 000170.583, 157
Trd, 000170.850, 158
Trd, 000170.950, 157
Trd, 000172.033, 158
Trd, 000172.350, 159
Trd, 000172.650, 157.0
Trd, 000173.300, 155
Trd, 000173.650, 175.0
Trd, 000173.833, 182.0
Trd, 000173.917, 155
Trd, 000174.250, 154
Trd, 000175.150, 149
Trd, 000175.317, 140
Trd, 000176.333, 151
Trd, 000176.700, 151
Trd, 000177.017, 152
Trd, 000177.083, 149.0
Trd, 000178.050, 152
Trd, 000178.583, 151
Trd, 000179.050, 152
Trd, 000179.333, 151
Trd, 000180.267, 153
Trd, 000181.200, 153
Trd, 000181.383, 155.0
Trd, 000181.617, 152
Trd, 000181.933, 148
Trd, 000182.067, 148.0
Trd, 000182.600, 156
Trd, 000182.633, 156
Trd, 000184.050, 149
Trd, 000184.317, 149
Trd, 000184.600, 165
Trd, 000184.800, 170
Trd, 000186.100, 149
Trd, 000187.183, 148
Trd, 000187.517, 153
Trd, 000188.500, 152
Trd, 000188.583, 148.0
Trd, 000188.683, 153
Trd, 000190.450, 152
Trd, 000190.483, 154
Trd, 000190.567, 155
Trd, 000191.017, 152
Trd, 000191.233, 152
Trd, 000191.833, 151
Trd, 000192.500, 153.0
Trd, 000193.467, 155.0
Trd, 000193.867, 155
Trd, 000194.017, 163
Trd, 000194.250, 165
Trd, 000194.367, 154
Trd, 000194.900, 153
Trd, 000195.900, 158
Trd, 000196.283, 163
Trd, 000196.550, 154
Trd, 000197.467, 160
Trd, 000197.683, 156
Trd, 000197.867, 152
Trd, 000199.017, 159
Trd, 000199.267, 157
Trd, 000199.650, 162
Trd, 000200.283, 157
Trd, 000201.667, 162
Trd, 000203.183, 155.0
Trd, 000203.350, 148.0
Trd, 000203.750, 161
Trd, 000204.183, 138
Trd, 000204.500, 161
Trd, 000204.550, 163
Trd, 000205.033, 152
Trd, 000206.883, 158
Trd, 000207.067, 157
Trd, 000207.133, 152
Trd, 000208.867, 159
Trd, 000209.033, 160
Trd, 000209.217, 157
Trd, 000209.333, 165
Trd, 000210.000, 156
Trd, 000210.200, 154
Trd, 000210.683, 153
Trd, 000211.017, 162
Trd, 000211.383, 153
Trd, 000211.950, 155
Trd, 000212.083, 156
Trd, 000212.667, 156
Trd, 000213.317, 156
Trd, 000213.617, 160
Trd, 000213.650, 155
Trd, 000214.567, 167
Trd, 000215.217, 162
Trd, 000215.467, 155
Trd, 000215.650, 154
Trd, 000217.567, 153
Trd, 000218.067, 152
Trd, 000218.367, 153
Trd, 000219.083, 153
Trd, 000219.333, 152
Trd, 000219.683, 153.0
Trd, 000219.750, 154.0
Trd, 000220.833, 155.0
Trd, 000220.967, 154
Trd, 000221.883, 153
Trd, 000222.983, 149
Trd, 000223.067, 150
Trd, 000223.167, 150
Trd, 000223.483, 151
Trd, 000223.533, 148.0
Trd, 000224.783, 148.0
Trd, 000225.683, 149
Trd, 000226.200, 148
Trd, 000226.450, 150
Trd, 000226.750, 152
Trd, 000227.000, 155.0
Trd, 000227.817, 154
Trd, 000228.317, 154
Trd, 000228.717, 153
Trd, 000229.917, 155
Trd, 000230.133, 148.0
Trd, 000230.550, 155
Trd, 000230.650, 155.0
Trd, 000231.550, 151
Trd, 000232.183, 133
Trd, 000232.733, 148
Trd, 000233.283, 168.0
Trd, 000233.717, 162.0
Trd, 000234.800, 162
Trd, 000236.183, 159
Trd, 000236.300, 156.0
Trd, 000236.333, 155.0
Trd, 000236.767, 148.0
Trd, 000237.300, 152
Trd, 000237.917, 144
Trd, 000238.083, 134
Trd, 000238.367, 148
Trd, 000239.167, 148
Trd, 000239.767, 150
Trd, 000240.417, 148
Trd, 000240.717, 150.0
Trd, 000240.900, 150
Trd, 000241.067, 149
Trd, 000241.133, 151.0
Trd, 000241.167, 152
Trd, 000241.267, 151
Trd, 000241.700, 150
Trd, 000241.733, 153.0
Trd, 000241.983, 149.0
Trd, 000242.617, 155.0
Trd, 000243.033, 162.0
Trd, 000243.733, 158
Trd, 000244.050, 152
Trd, 000244.300, 151
Trd, 000244.417, 150
Trd, 000244.783, 149
Trd, 000245.450, 149
Trd, 000245.700, 149.0
Trd, 000245.750, 149.0
Trd, 000245.767, 148.0
Trd, 000246.383, 149
Trd, 000246.750, 148
Trd, 000247.083, 147
Trd, 000248.300, 148.0
Trd, 000248.967, 146
Trd, 000248.983, 149
Trd, 000249.183, 138.0
Trd, 000249.733, 146
Trd, 000250.867, 141.0
Trd, 000251.167, 141
Trd, 000251.200, 143
Trd, 000251.450, 143.0
Trd, 000252.033, 139
Trd, 000252.267, 137
Trd, 000252.400, 140
Trd, 000252.600, 137.0
Trd, 000253.050, 140
Trd, 000253.600, 140
Trd, 000253.633, 139
Trd, 000253.850, 138
Trd, 000254.400, 141
Trd, 000255.200, 143.0
Trd, 000255.400, 143
Trd, 000255.533, 144.0
Trd, 000255.717, 139
Trd, 000256.533, 145
Trd, 000256.583, 146
Trd, 000256.683, 149
Trd, 000257.550, 141
Trd, 000257.733, 142
Trd, 000257.933, 144
Trd, 000258.467, 148
Trd, 000258.567, 140
Trd, 000258.683, 155.0
Trd, 000259.733, 150
Trd, 000260.633, 144
Trd, 000261.067, 157.0
Trd, 000261.550, 154
Trd, 000261.683, 147.0
Trd, 000261.733, 147
Trd, 000262.000, 144.0
Trd, 000262.200, 146.0
Trd, 000262.467, 143.0
Trd, 000262.500, 146.0
Trd, 000262.900, 137.0
Trd, 000263.500, 154.0
Trd, 000263.583, 148.0
Trd, 000263.700, 165
Trd, 000264.917, 139.0
Trd, 000265.933, 139.0
Trd, 000265.950, 144.0
Trd, 000266.500, 146
Trd, 000266.800, 145
Trd, 000267.417, 141
Trd, 000267.483, 147
Trd, 000268.267, 148
Trd, 000268.500, 149
Trd, 000268.550, 155.0
Trd, 000268.633, 162.0
Trd, 000268.783, 160
Trd, 000268.950, 149.0
Trd, 000270.367, 150.0
Trd, 000271.000, 149
Trd, 000271.017, 149.0
Trd, 000271.050, 150
Trd, 000271.633, 148.0
Trd, 000272.150, 143.0
Trd, 000272.233, 144.0
Trd, 000272.550, 145
Trd, 000272.783, 146
Trd, 000272.800, 148
Trd, 000272.883, 142
Trd, 000273.050, 141
Trd, 000274.533, 141
Trd, 000274.950, 137.0
Trd, 000275.133, 138.0
Trd, 000275.167, 134.0
Trd, 000275.733, 138
Trd, 000276.033, 143
Trd, 000276.650, 137.0
Trd, 000277.200, 134.0
Trd, 000277.283, 138
Trd, 000277.350, 141
Trd, 000277.417, 142
Trd, 000278.067, 134.0
Trd, 000278.483, 148
Trd, 000278.583, 133.0
Trd, 000278.667, 131.0
Trd, 000278.983, 137
Trd, 000279.333, 144.0
Trd, 000279.600, 158
Trd, 000280.167, 142
Trd, 000280.200, 150
Trd, 000280.967, 143
Trd, 000282.100, 147
Trd, 000282.250, 143
Trd, 000282.300, 144.0
Trd, 000282.483, 155.0
Trd, 000282.817, 162.0
Trd, 000283.850, 151
Trd, 000283.967, 148
Trd, 000284.417, 148.0
Trd, 000284.567, 139
Trd, 000285.133, 139
Trd, 000285.383, 140
Trd, 000285.733, 144
Trd, 000287.833, 143
Trd, 000288.133, 140.0
Trd, 000288.283, 140
Trd, 000288.467, 141
Trd, 000288.783, 145
Trd, 000289.200, 141
Trd, 000289.483, 138.0
Trd, 000289.617, 137.0
Trd, 000289.717, 161.0
Trd, 000290.383, 162.0
Trd, 000290.417, 148
Trd, 000290.800, 147
Trd, 000291.000, 146
Trd, 000291.167, 155
Trd, 000291.333, 148.0
Trd, 000292.350, 144.0
Trd, 000293.417, 138
Trd, 000293.667, 145
Trd, 000293.683, 134.0
Trd, 000294.367, 145
Trd, 000294.633, 140
Trd, 000295.133, 140
Trd, 000295.167, 148
Trd, 000295.617, 149
Trd, 000296.083, 149
Trd, 000296.683, 155.0
Trd, 000296.983, 144
Trd, 000297.167, 151
Trd, 000297.200, 148.0
Trd, 000297.617, 142.0
Trd, 000297.983, 142.0
Trd, 000298.317, 162.0
Trd, 000298.383, 141.0
Trd, 000298.717, 139
Trd, 000299.650, 161.0
