Trd, 000001.117, 149
Trd, 000001.567, 148.0
Trd, 000002.783, 166
Trd, 000003.633, 172
Trd, 000004.717, 144.0
Trd, 000005.250, 172
Trd, 000005.767, 145
Trd, 000005.950, 141
Trd, 000007.183, 144
Trd, 000007.617, 148.0
Trd, 000008.600, 140
Trd, 000009.850, 143.0
Trd, 000009.950, 143
Trd, 000010.383, 144.0
Trd, 000010.733, 143
Trd, 000010.817, 141
Trd, 000010.833, 151.0
Trd, 000011.567, 155.0
Trd, 000014.367, 144.0
Trd, 000015.000, 140
Trd, 000016.183, 139
Trd, 000016.567, 139
Trd, 000017.017, 138
Trd, 000018.083, 140
Trd, 000018.517, 139
Trd, 000018.983, 140
Trd, 000020.467, 139
Trd, 000020.617, 137
Trd, 000020.800, 142
Trd, 000021.317, 143.0
Trd, 000021.967, 136
Trd, 000022.383, 143.0
Trd, 000022.833, 144.0
Trd, 000024.700, 154.0
Trd, 000025.050, 155.0
Trd, 000025.633, 156
Trd, 000026.100, 157
Trd, 000026.983, 156
Trd, 000028.350, 167
Trd, 000029.433, 150
Trd, 000029.683, 166
Trd, 000030.233, 151
Trd, 000030.650, 150
Trd, 000030.683, 153
Trd, 000030.833, 149
Trd, 000031.833, 153.0
Trd, 000032.667, 150.0
Trd, 000033.283, 151
Trd, 000033.917, 149
Trd, 000034.167, 151
Trd, 000034.650, 148.0
Trd, 000036.050, 146
Trd, 000036.850, 151
Trd, 000036.900, 150.0
Trd, 000037.700, 148.0
Trd, 000038.400, 151
Trd, 000038.617, 155.0
Trd, 000039.533, 148
Trd, 000040.150, 152
Trd, 000041.867, 151
Trd, 000042.633, 140
Trd, 000043.050, 144
Trd, 000043.767, 145
Trd, 000043.817, 149
Trd, 000044.867, 143
Trd, 000045.367, 172
Trd, 000045.767, 143
Trd, 000046.200, 144
Trd, 000047.000, 141
Trd, 000047.600, 140
Trd, 000048.333, 144.0
Trd, 000049.767, 145
Trd, 000050.117, 144
Trd, 000051.700, 143
Trd, 000052.017, 142
Trd, 000052.317, 145
Trd, 000052.800, 144
Trd, 000052.850, 145
Trd, 000053.000, 155.0
Trd, 000053.317, 171
Trd, 000053.583, 146
Trd, 000055.133, 147
Trd, 000055.733, 144
Trd, 000056.650, 149
Trd, 000056.950, 140
Trd, 000057.867, 148
Trd, 000059.533, 146
Trd, 000059.750, 145
Trd, 000060.017, 151.0
Trd, 000060.033, 144
Trd, 000061.750, 150
Trd, 000062.033, 150
Trd, 000062.200, 144.0
Trd, 000064.000, 150
Trd, 000064.267, 150
Trd, 000064.450, 135
Trd, 000064.500, 154
Trd, 000066.283, 151
Trd, 000066.483, 143
Trd, 000066.733, 151.0
Trd, 000067.567, 144
Trd, 000067.617, 150.0
Trd, 000068.050, 145
Trd, 000069.133, 154.0
Trd, 000070.583, 152
Trd, 000071.100, 152.0
Trd, 000071.400, 155.0
Trd, 000073.150, 152
Trd, 000073.683, 149
Trd, 000074.433, 149
Trd, 000074.700, 148.0
Trd, 000075.183, 140
Trd, 000075.600, 149
Trd, 000077.150, 148
Trd, 000077.933, 148.0
Trd, 000078.417, 147
Trd, 000078.650, 148
Trd, 000079.117, 151.0
Trd, 000080.083, 149
Trd, 000080.233, 155.0
Trd, 000080.967, 149
Trd, 000081.333, 149
Trd, 000081.600, 150
Trd, 000082.367, 155
Trd, 000082.650, 156
Trd, 000083.167, 142
Trd, 000083.983, 143.0
Trd, 000084.167, 144.0
Trd, 000084.533, 141
Trd, 000084.750, 133
Trd, 000086.850, 148.0
Trd, 000087.617, 144.0
Trd, 000088.633, 145
Trd, 000088.683, 141
Trd, 000088.700, 145
Trd, 000089.450, 139
Trd, 000089.833, 154.0
Trd, 000090.300, 155.0
Trd, 000092.033, 158.0
Trd, 000092.300, 156
Trd, 000092.383, 165
Trd, 000093.183, 137
Trd, 000093.933, 144.0
Trd, 000095.117, 144
Trd, 000095.217, 145
Trd, 000095.683, 140
Trd, 000096.167, 145
Trd, 000097.850, 164
Trd, 000098.767, 155.0
Trd, 000098.883, 154
Trd, 000099.933, 171
Trd, 000100.100, 152
Trd, 000100.633, 148
Trd, 000100.850, 156
Trd, 000102.383, 149.0
Trd, 000102.400, 148.0
Trd, 000103.550, 140
Trd, 000104.350, 138.0
Trd, 000104.550, 140.0
Trd, 000105.567, 140
Trd, 000106.100, 142
Trd, 000106.200, 139
Trd, 000108.100, 140
Trd, 000108.550, 141
Trd, 000108.650, 140
Trd, 000109.283, 144.0
Trd, 000110.000, 138
Trd, 000110.150, 142
Trd, 000110.700, 141
Trd, 000111.533, 142
Trd, 000111.817, 144.0
Trd, 000112.383, 144
Trd, 000112.633, 137
Trd, 000112.833, 145
Trd, 000114.133, 143
Trd, 000115.383, 141
Trd, 000116.183, 140
Trd, 000116.433, 144
Trd, 000116.883, 150.0
Trd, 000117.017, 139
Trd, 000117.133, 151.0
Trd, 000117.667, 140
Trd, 000120.783, 144.0
Trd, 000120.883, 147
Trd, 000121.983, 145
Trd, 000122.167, 144
Trd, 000122.867, 143.0
Trd, 000124.517, 143
Trd, 000124.767, 144.0
Trd, 000125.633, 140
Trd, 000126.367, 140
Trd, 000126.567, 144
Trd, 000127.733, 142
Trd, 000128.300, 139
Trd, 000128.633, 142
Trd, 000129.067, 144.0
Trd, 000129.383, 155.0
Trd, 000130.100, 141
Trd, 000130.500, 140
Trd, 000130.900, 144
Trd, 000133.667, 143
Trd, 000134.100, 141
Trd, 000134.967, 143
Trd, 000135.617, 141
Trd, 000135.733, 142.0
Trd, 000136.367, 141.0
Trd, 000138.150, 142
Trd, 000138.433, 148.0
Trd, 000138.867, 144
Trd, 000138.933, 140
Trd, 000139.167, 144.0
Trd, 000139.917, 146
Trd, 000140.217, 139
Trd, 000141.250, 146
Trd, 000141.550, 145
Trd, 000141.800, 140
Trd, 000143.150, 144
Trd, 000143.717, 150.0
Trd, 000144.133, 151.0
Trd, 000144.783, 154.0
Trd, 000146.050, 151
Trd, 000147.133, 153
Trd, 000147.800, 153
Trd, 000148.550, 154.0
Trd, 000148.617, 152
Trd, 000149.783, 149
Trd, 000150.267, 171
Trd, 000150.350, 172
Trd, 000151.433, 148.0
Trd, 000151.600, 148
Trd, 000152.600, 150
Trd, 000153.017, 148.0
Trd, 000153.133, 147
Trd, 000154.483, 147
Trd, 000154.533, 148.0
Trd, 000154.850, 151
Trd, 000155.650, 149
Trd, 000156.350, 144.0
Trd, 000156.367, 151
Trd, 000156.750, 151
Trd, 000156.967, 143
Trd, 000157.517, 133
Trd, 000159.000, 149
Trd, 000159.917, 149
Trd, 000160.933, 148.0
Trd, 000161.433, 144
Trd, 000162.517, 155.0
Trd, 000162.733, 146
Trd, 000163.567, 147
Trd, 000164.183, 149
Trd, 000164.317, 150
Trd, 000165.383, 148.0
Trd, 000166.267, 148.0
Trd, 000166.383, 144
Trd, 000166.767, 144
Trd, 000167.000, 150
Trd, 000167.750, 147
Trd, 000167.950, 150
Trd, 000168.150, 141
Trd, 000169.000, 150.0
Trd, 000169.733, 150
Trd, 000169.983, 148.0
Trd, 000170.400, 150.0
Trd, 000171.483, 148
Trd, 000172.133, 149
Trd, 000172.850, 148.0
Trd, 000173.183, 150
Trd, 000173.317, 153.0
Trd, 000174.833, 147
Trd, 000176.317, 151.0
Trd, 000178.350, 150.0
Trd, 000178.600, 149.0
Trd, 000179.817, 151.0
Trd, 000180.317, 151
Trd, 000180.800, 150
Trd, 000181.083, 155.0
Trd, 000181.350, 150
Trd, 000181.500, 148.0
Trd, 000181.883, 153
Trd, 000183.167, 141
Trd, 000183.850, 158.0
Trd, 000184.433, 142.0
Trd, 000185.233, 144.0
Trd, 000185.917, 150.0
Trd, 000186.100, 141
Trd, 000186.283, 150
Trd, 000186.567, 144.0
Trd, 000187.267, 151.0
Trd, 000187.667, 155.0
Trd, 000187.867, 140
Trd, 000189.733, 173
Trd, 000190.050, 172.0
Trd, 000190.767, 165.0
Trd, 000191.650, 174.0
Trd, 000191.833, 166
Trd, 000192.650, 150
Trd, 000193.233, 140
Trd, 000193.850, 144.0
Trd, 000195.300, 155
Trd, 000195.500, 151
Trd, 000195.533, 155
Trd, 000196.633, 148.0
Trd, 000196.883, 153
Trd, 000197.133, 150
Trd, 000197.367, 154
Trd, 000197.517, 151
Trd, 000199.417, 149
Trd, 000199.817, 144.0
Trd, 000200.883, 150.0
Trd, 000201.250, 150
Trd, 000203.267, 149
Trd, 000203.317, 148.0
Trd, 000203.617, 151.0
Trd, 000203.967, 155.0
Trd, 000204.050, 140
Trd, 000205.083, 150
Trd, 000205.567, 143
Trd, 000206.150, 144.0
Trd, 000206.433, 151
Trd, 000206.950, 143
Trd, 000207.367, 140
Trd, 000207.833, 155.0
Trd, 000208.667, 172
Trd, 000210.817, 152
Trd, 000211.183, 154
Trd, 000211.317, 151
Trd, 000212.917, 150
Trd, 000213.000, 150
Trd, 000215.150, 151.0
Trd, 000215.200, 153.0
Trd, 000215.533, 150
Trd, 000215.567, 149
Trd, 000215.667, 152
Trd, 000216.867, 152
Trd, 000217.417, 143.0
Trd, 000217.483, 144.0
Trd, 000218.117, 155.0
Trd, 000219.150, 155.0
Trd, 000219.483, 144
Trd, 000220.150, 152
Trd, 000220.267, 146
Trd, 000220.483, 144
Trd, 000221.167, 170
Trd, 000221.767, 139
Trd, 000222.617, 147
Trd, 000224.483, 142.0
Trd, 000224.750, 141
Trd, 000225.133, 144.0
Trd, 000226.667, 148.0
Trd, 000226.750, 151.0
Trd, 000227.633, 146
Trd, 000228.050, 147
Trd, 000228.233, 147
Trd, 000229.150, 146
Trd, 000229.367, 147
Trd, 000229.483, 155.0
Trd, 000231.117, 141
Trd, 000231.283, 152
Trd, 000231.667, 158
Trd, 000232.267, 141
Trd, 000232.700, 140
Trd, 000233.283, 155.0
Trd, 000233.583, 171
Trd, 000236.033, 142.0
Trd, 000236.183, 144.0
Trd, 000236.750, 143
Trd, 000237.583, 144
Trd, 000237.600, 143
Trd, 000238.867, 142
Trd, 000238.933, 142
Trd, 000238.950, 146
Trd, 000239.233, 141
Trd, 000239.367, 147
Trd, 000240.350, 145
Trd, 000240.450, 145
Trd, 000241.067, 147
Trd, 000241.150, 147
Trd, 000241.617, 154.0
Trd, 000242.617, 149
Trd, 000242.633, 148
Trd, 000243.150, 148.0
Trd, 000243.583, 143
Trd, 000243.800, 144.0
Trd, 000244.050, 130
Trd, 000244.983, 137
Trd, 000245.717, 137
Trd, 000245.867, 138
Trd, 000246.583, 140
Trd, 000247.100, 144
Trd, 000247.300, 145
Trd, 000247.450, 148
Trd, 000247.667, 151.0
Trd, 000248.650, 153.0
Trd, 000249.417, 155.0
Trd, 000249.783, 162.0
Trd, 000250.133, 158.0
Trd, 000250.350, 157
Trd, 000250.400, 156
Trd, 000251.717, 163.0
Trd, 000251.833, 161
Trd, 000252.767, 158.0
Trd, 000253.083, 155
Trd, 000253.433, 152
Trd, 000254.067, 152
Trd, 000254.300, 158
Trd, 000254.683, 156
Trd, 000254.783, 159.0
Trd, 000255.117, 154
Trd, 000256.150, 160.0
Trd, 000256.183, 159
Trd, 000256.333, 156
Trd, 000256.550, 150
Trd, 000257.367, 148
Trd, 000257.767, 154.0
Trd, 000258.233, 151.0
Trd, 000258.617, 154.0
Trd, 000258.917, 155.0
Trd, 000259.050, 153.0
Trd, 000259.083, 148.0
Trd, 000259.200, 162.0
Trd, 000259.883, 156
Trd, 000260.350, 144
Trd, 000260.783, 148
Trd, 000261.933, 147
Trd, 000262.200, 149
Trd, 000262.383, 152
Trd, 000262.633, 151
Trd, 000263.067, 148
Trd, 000263.183, 148.0
Trd, 000264.233, 148
Trd, 000264.367, 140
Trd, 000264.450, 133
Trd, 000264.933, 148
Trd, 000265.333, 143
Trd, 000266.333, 144
Trd, 000266.550, 143
Trd, 000266.833, 151.0
Trd, 000267.683, 154
Trd, 000268.233, 153
Trd, 000268.267, 148
Trd, 000268.367, 162.0
Trd, 000268.433, 149
Trd, 000268.567, 172
Trd, 000269.233, 135
Trd, 000270.300, 133
Trd, 000271.283, 136
Trd, 000271.417, 143
Trd, 000271.900, 147
Trd, 000271.967, 145
Trd, 000272.417, 151.0
Trd, 000272.583, 147
Trd, 000272.900, 146
Trd, 000273.917, 149.0
Trd, 000274.883, 154.0
Trd, 000275.817, 160.0
Trd, 000275.983, 156
Trd, 000276.033, 155
Trd, 000276.250, 161.0
Trd, 000276.567, 165
Trd, 000276.583, 156
Trd, 000277.050, 154.0
Trd, 000277.267, 149
Trd, 000277.617, 149
Trd, 000278.167, 162.0
Trd, 000278.283, 156
Trd, 000279.000, 158.0
Trd, 000279.350, 157
Trd, 000279.550, 156
Trd, 000279.650, 148
Trd, 000280.150, 162
Trd, 000280.183, 153
Trd, 000280.283, 159
Trd, 000280.767, 149.0
Trd, 000280.983, 161
Trd, 000282.300, 163
Trd, 000282.433, 149
Trd, 000283.017, 172
Trd, 000283.733, 172.0
Trd, 000283.750, 165.0
Trd, 000284.050, 171
Trd, 000284.733, 162.0
Trd, 000285.183, 161
Trd, 000285.233, 162.0
Trd, 000285.933, 161.0
Trd, 000285.950, 164
Trd, 000286.400, 158.0
Trd, 000287.400, 150
Trd, 000287.550, 148.0
Trd, 000287.733, 147
Trd, 000288.700, 137
Trd, 000288.833, 131
Trd, 000289.250, 141
Trd, 000289.300, 151.0
Trd, 000289.650, 151
Trd, 000289.717, 150
Trd, 000290.133, 149
Trd, 000290.550, 154.0
Trd, 000290.617, 149.0
Trd, 000291.200, 155.0
Trd, 000291.483, 149.0
Trd, 000291.850, 152
Trd, 000292.367, 155
Trd, 000292.483, 144.0
Trd, 000292.517, 161.0
Trd, 000293.483, 148.0
Trd, 000293.683, 162.0
Trd, 000294.133, 172.0
Trd, 000294.367, 162.0
Trd, 000294.700, 173
Trd, 000295.100, 173
Trd, 000295.367, 160
Trd, 000295.483, 159.0
Trd, 000295.500, 158.0
Trd, 000296.550, 146
Trd, 000296.633, 150
Trd, 000296.683, 139
Trd, 000297.017, 143
Trd, 000297.683, 144
Trd, 000298.417, 140.0
Trd, 000298.683, 140.0
Trd, 000298.700, 132
