Trd, 000000.917, 136
Trd, 000001.850, 137.0
Trd, 000003.150, 132
Trd, 000003.217, 130
Trd, 000004.150, 140.0
Trd, 000004.167, 127
Trd, 000004.367, 141.0
Trd, 000004.383, 143
Trd, 000004.650, 144.0
Trd, 000005.300, 159
Trd, 000006.883, 140
Trd, 000007.350, 144.0
Trd, 000007.367, 131
Trd, 000007.467, 142
Trd, 000008.667, 152.0
Trd, 000009.833, 151.0
Trd, 000010.100, 147
Trd, 000010.183, 166.0
Trd, 000010.350, 165
Trd, 000010.733, 167.0
Trd, 000010.900, 152
Trd, 000011.300, 151
Trd, 000011.667, 151
Trd, 000012.433, 168.0
Trd, 000012.483, 175.0
Trd, 000013.067, 163
Trd, 000013.567, 151.0
Trd, 000013.783, 151
Trd, 000016.450, 147
Trd, 000016.867, 146
Trd, 000016.967, 147
Trd, 000017.300, 145.0
Trd, 000017.400, 147
Trd, 000017.833, 140
Trd, 000017.967, 137
Trd, 000018.683, 145
Trd, 000019.583, 146
Trd, 000020.000, 140
Trd, 000020.433, 143.0
Trd, 000020.883, 135
Trd, 000020.983, 144.0
Trd, 000021.783, 162
Trd, 000022.433, 137.0
Trd, 000023.000, 139
Trd, 000023.133, 141
Trd, 000023.817, 140
Trd, 000024.100, 138
Trd, 000024.550, 143
Trd, 000025.750, 142
Trd, 000026.250, 141
Trd, 000026.333, 142
Trd, 000026.550, 141
Trd, 000026.633, 144.0
Trd, 000026.817, 143
Trd, 000026.900, 142
Trd, 000027.283, 142
Trd, 000028.183, 155
Trd, 000028.267, 147
Trd, 000028.417, 168.0
Trd, 000029.683, 151.0
Trd, 000030.600, 145
Trd, 000031.250, 151
Trd, 000032.000, 156
Trd, 000032.150, 150
Trd, 000032.583, 147
Trd, 000032.900, 164
Trd, 000033.167, 165
Trd, 000033.267, 148
Trd, 000034.250, 148
Trd, 000034.600, 142.0
Trd, 000034.683, 141.0
Trd, 000036.383, 150
Trd, 000038.967, 148
Trd, 000038.983, 155
Trd, 000039.783, 164
Trd, 000040.083, 168.0
Trd, 000040.333, 153
Trd, 000040.550, 152
Trd, 000040.767, 157
Trd, 000041.283, 154
Trd, 000041.300, 158
Trd, 000041.450, 153
Trd, 000041.467, 175.0
Trd, 000042.367, 164
Trd, 000042.717, 151.0
Trd, 000045.817, 148
Trd, 000045.917, 145
Trd, 000046.033, 144
Trd, 000046.250, 150
Trd, 000047.683, 150
Trd, 000047.800, 144.0
Trd, 000047.950, 150
Trd, 000048.067, 151
Trd, 000048.250, 140
Trd, 000048.400, 136
Trd, 000048.567, 168.0
Trd, 000050.700, 158.0
Trd, 000051.167, 157.0
Trd, 000051.767, 157
Trd, 000052.683, 158
Trd, 000052.933, 155.0
Trd, 000053.650, 152.0
Trd, 000053.800, 156
Trd, 000054.550, 156
Trd, 000054.983, 168.0
Trd, 000055.133, 152.0
Trd, 000055.450, 141.0
Trd, 000056.950, 151
Trd, 000057.000, 153
Trd, 000057.333, 151.0
Trd, 000058.033, 143.0
Trd, 000058.317, 151
Trd, 000058.883, 144.0
Trd, 000059.150, 153
Trd, 000059.317, 150
Trd, 000060.433, 149
Trd, 000060.617, 150
Trd, 000060.900, 151
Trd, 000061.233, 148
Trd, 000061.850, 144
Trd, 000062.767, 143
Trd, 000063.200, 143
Trd, 000063.250, 144
Trd, 000064.033, 143.0
Trd, 000064.867, 144
Trd, 000065.250, 143.0
Trd, 000065.267, 166
Trd, 000066.167, 150
Trd, 000066.333, 168.0
Trd, 000066.450, 142
Trd, 000067.333, 141
Trd, 000067.867, 152
Trd, 000068.717, 140
Trd, 000068.917, 153
Trd, 000069.550, 144.0
Trd, 000069.733, 168.0
Trd, 000070.700, 149
Trd, 000071.017, 149
Trd, 000071.083, 144
Trd, 000071.983, 143.0
Trd, 000072.633, 144
Trd, 000073.067, 151
Trd, 000073.767, 148
Trd, 000073.967, 148
Trd, 000075.083, 146
Trd, 000075.350, 147
Trd, 000075.700, 146
Trd, 000078.050, 142.0
Trd, 000078.133, 146
Trd, 000078.300, 156
Trd, 000078.367, 141.0
Trd, 000078.417, 175.0
Trd, 000078.617, 142
Trd, 000078.867, 177
Trd, 000079.850, 139
Trd, 000081.550, 144
Trd, 000082.200, 143
Trd, 000083.067, 143
Trd, 000083.100, 144.0
Trd, 000083.467, 141.0
Trd, 000083.783, 144
Trd, 000084.483, 145
Trd, 000084.983, 146
Trd, 000085.917, 139
Trd, 000086.733, 143.0
Trd, 000087.017, 144.0
Trd, 000087.067, 167.0
Trd, 000087.083, 140
Trd, 000088.450, 141
Trd, 000089.300, 149
Trd, 000089.683, 144.0
Trd, 000090.050, 142
Trd, 000091.383, 153.0
Trd, 000091.917, 151
Trd, 000092.100, 151.0
Trd, 000092.650, 167.0
Trd, 000092.683, 143.0
Trd, 000093.833, 137
Trd, 000093.867, 168.0
Trd, 000093.967, 175.0
Trd, 000094.000, 136
Trd, 000094.167, 130
Trd, 000095.100, 156
Trd, 000096.100, 155
Trd, 000096.550, 154
Trd, 000097.283, 157
Trd, 000097.467, 159
Trd, 000098.150, 151.0
Trd, 000098.700, 157
Trd, 000099.267, 144.0
Trd, 000099.333, 156
Trd, 000100.183, 150.0
Trd, 000100.450, 161
Trd, 000100.667, 160
Trd, 000101.000, 159
Trd, 000101.867, 155
Trd, 000103.133, 154
Trd, 000103.217, 142.0
Trd, 000103.283, 141.0
Trd, 000103.583, 137
Trd, 000103.617, 150
Trd, 000103.717, 149
Trd, 000104.033, 148
Trd, 000105.867, 147
Trd, 000105.983, 137
Trd, 000106.367, 148
Trd, 000106.617, 139
Trd, 000106.733, 168.0
Trd, 000106.933, 174.0
Trd, 000107.317, 146
Trd, 000108.150, 173.0
Trd, 000108.233, 138
Trd, 000108.683, 144.0
Trd, 000108.800, 139
Trd, 000110.083, 151.0
Trd, 000110.567, 154
Trd, 000110.950, 154
Trd, 000111.767, 154
Trd, 000112.167, 149
Trd, 000112.383, 141.0
Trd, 000112.883, 152.0
Trd, 000113.783, 151.0
Trd, 000114.517, 150
Trd, 000115.183, 149
Trd, 000115.750, 139
Trd, 000116.050, 146
Trd, 000116.867, 145
Trd, 000117.250, 146
Trd, 000118.067, 140
Trd, 000118.333, 140
Trd, 000119.017, 140
Trd, 000119.133, 140
Trd, 000119.600, 142
Trd, 000120.017, 142
Trd, 000121.383, 142
Trd, 000121.833, 143
Trd, 000122.133, 143
Trd, 000122.250, 167.0
Trd, 000122.333, 141.0
Trd, 000122.767, 152
Trd, 000123.300, 168.0
Trd, 000124.000, 175.0
Trd, 000124.500, 148
Trd, 000125.317, 154
Trd, 000125.483, 151.0
Trd, 000126.217, 156
Trd, 000126.633, 152
Trd, 000126.983, 157
Trd, 000128.400, 151.0
Trd, 000129.200, 162
Trd, 000129.550, 163
Trd, 000129.567, 168.0
Trd, 000130.617, 153
Trd, 000130.633, 152
Trd, 000131.183, 163
Trd, 000131.417, 154
Trd, 000132.017, 153
Trd, 000132.567, 162
Trd, 000132.750, 135
Trd, 000132.833, 137.0
Trd, 000133.550, 151.0
Trd, 000134.183, 151
Trd, 000134.583, 150
Trd, 000134.917, 147
Trd, 000135.683, 152
Trd, 000136.367, 156
Trd, 000136.500, 155
Trd, 000136.817, 168.0
Trd, 000136.850, 160
Trd, 000137.667, 152.0
Trd, 000138.967, 151.0
Trd, 000139.583, 158
Trd, 000140.383, 145
Trd, 000140.800, 148
Trd, 000140.850, 149
Trd, 000140.950, 153
Trd, 000141.717, 144.0
Trd, 000142.000, 147
Trd, 000142.150, 153
Trd, 000142.850, 136
Trd, 000143.067, 148
Trd, 000144.183, 141
Trd, 000144.300, 137.0
Trd, 000144.317, 136
Trd, 000144.717, 148
Trd, 000146.400, 138
Trd, 000147.833, 139
Trd, 000147.850, 136
Trd, 000148.050, 141
Trd, 000148.117, 143
Trd, 000148.833, 142
Trd, 000148.883, 143
Trd, 000150.283, 146
Trd, 000150.817, 166.0
Trd, 000151.550, 153
Trd, 000151.950, 152
Trd, 000152.967, 148
Trd, 000153.017, 165
Trd, 000153.100, 168.0
Trd, 000154.267, 167
Trd, 000154.867, 161
Trd, 000155.500, 175.0
Trd, 000155.583, 176.0
Trd, 000155.600, 154
Trd, 000155.817, 155
Trd, 000157.133, 177.0
Trd, 000157.217, 154.0
Trd, 000157.617, 153
Trd, 000158.217, 178.0
Trd, 000159.483, 152
Trd, 000160.050, 152.0
Trd, 000162.000, 152.0
Trd, 000162.083, 151.0
Trd, 000162.600, 156
Trd, 000162.617, 156
Trd, 000162.700, 157
Trd, 000164.117, 153
Trd, 000164.750, 153
Trd, 000165.033, 152
Trd, 000166.500, 152
Trd, 000166.517, 153
Trd, 000167.367, 152
Trd, 000167.667, 166
Trd, 000167.683, 151.0
Trd, 000167.883, 137.0
Trd, 000168.700, 140
Trd, 000170.017, 151
Trd, 000170.500, 154
Trd, 000170.567, 164
Trd, 000171.400, 151
Trd, 000171.617, 156
Trd, 000171.750, 158
Trd, 000171.800, 144
Trd, 000172.167, 167.0
Trd, 000173.067, 154
Trd, 000174.500, 136
Trd, 000175.050, 133
Trd, 000175.333, 150
Trd, 000175.600, 150
Trd, 000175.833, 156
Trd, 000176.150, 155
Trd, 000176.417, 145
Trd, 000176.517, 154
Trd, 000178.633, 154
Trd, 000179.150, 150
Trd, 000179.583, 149
Trd, 000180.033, 151.0
Trd, 000180.117, 149
Trd, 000180.183, 152
Trd, 000180.783, 163
Trd, 000181.250, 182.0
Trd, 000181.500, 177
Trd, 000181.717, 192
Trd, 000181.817, 155.0
Trd, 000182.433, 175.0
Trd, 000182.917, 141.0
Trd, 000184.367, 156
Trd, 000185.533, 164
Trd, 000186.133, 139
Trd, 000186.150, 138
Trd, 000186.450, 161
Trd, 000188.117, 157
Trd, 000189.733, 153.0
Trd, 000189.867, 154
Trd, 000190.433, 158
Trd, 000190.783, 151
Trd, 000191.283, 151.0
Trd, 000191.317, 158
Trd, 000192.683, 158
Trd, 000193.600, 151.0
Trd, 000194.317, 158
Trd, 000194.383, 150.0
Trd, 000194.400, 153
Trd, 000194.950, 149.0
Trd, 000194.983, 149
Trd, 000195.867, 141.0
Trd, 000196.833, 156
Trd, 000196.983, 157
Trd, 000197.167, 145
Trd, 000197.200, 155
Trd, 000197.683, 153
Trd, 000198.400, 168.0
Trd, 000199.300, 151.0
Trd, 000199.633, 153
Trd, 000200.117, 155
Trd, 000200.200, 145
Trd, 000200.683, 158
Trd, 000201.500, 174.0
Trd, 000202.133, 153
Trd, 000202.300, 150
Trd, 000203.450, 135
Trd, 000203.567, 143.0
Trd, 000203.633, 134
Trd, 000204.083, 144.0
Trd, 000204.117, 149
Trd, 000204.433, 156
Trd, 000206.417, 153.0
Trd, 000206.800, 166.0
Trd, 000207.600, 152
Trd, 000208.000, 152.0
Trd, 000208.183, 155
Trd, 000209.167, 151
Trd, 000209.700, 168.0
Trd, 000209.883, 175.0
Trd, 000210.700, 151.0
Trd, 000212.050, 148
Trd, 000212.767, 141.0
Trd, 000213.233, 143.0
Trd, 000213.283, 144.0
Trd, 000213.667, 144
Trd, 000214.050, 145
Trd, 000214.250, 157
Trd, 000214.383, 136
Trd, 000215.233, 151.0
Trd, 000216.050, 139
Trd, 000216.450, 165.0
Trd, 000217.033, 145
Trd, 000217.800, 168.0
Trd, 000218.600, 156
Trd, 000219.033, 155
Trd, 000219.383, 151
Trd, 000219.500, 156
Trd, 000220.617, 151
Trd, 000221.083, 150
Trd, 000221.933, 151.0
Trd, 000223.250, 154
Trd, 000223.433, 151
Trd, 000223.750, 151.0
Trd, 000225.133, 151
Trd, 000225.300, 153
Trd, 000225.767, 146
Trd, 000226.300, 153
Trd, 000226.817, 146
Trd, 000227.517, 152
Trd, 000227.817, 148
Trd, 000228.133, 151
Trd, 000228.433, 141.0
Trd, 000229.150, 151
Trd, 000230.033, 147
Trd, 000230.983, 156
Trd, 000231.067, 168.0
Trd, 000231.483, 151
Trd, 000231.700, 174
Trd, 000232.133, 144.0
Trd, 000232.267, 160
Trd, 000232.967, 175.0
Trd, 000233.550, 151
Trd, 000235.183, 157
Trd, 000236.483, 155
Trd, 000236.700, 155
Trd, 000237.383, 155
Trd, 000237.850, 154
Trd, 000238.283, 154
Trd, 000238.767, 153
Trd, 000239.150, 152.0
Trd, 000239.533, 160
Trd, 000240.133, 153.0
Trd, 000240.600, 162
Trd, 000240.700, 147.0
Trd, 000240.833, 145.0
Trd, 000240.850, 164.0
Trd, 000242.167, 154.0
Trd, 000242.867, 155.0
Trd, 000242.933, 156
Trd, 000243.233, 154.0
Trd, 000243.333, 151.0
Trd, 000243.350, 155.0
Trd, 000243.467, 141.0
Trd, 000243.700, 132
Trd, 000243.883, 147
Trd, 000244.783, 134.0
Trd, 000244.917, 137.0
Trd, 000245.550, 136
Trd, 000246.033, 143
Trd, 000246.167, 145
Trd, 000246.483, 148.0
Trd, 000247.050, 143
Trd, 000247.117, 146
Trd, 000247.500, 144.0
Trd, 000248.133, 153.0
Trd, 000248.633, 147
Trd, 000248.850, 148
Trd, 000249.117, 149
Trd, 000249.300, 150
Trd, 000250.000, 151
Trd, 000250.033, 150
Trd, 000250.517, 155.0
Trd, 000250.933, 168.0
Trd, 000251.233, 151
Trd, 000251.633, 173
Trd, 000252.850, 152.0
Trd, 000252.967, 157
Trd, 000253.117, 151.0
Trd, 000253.700, 156
Trd, 000253.800, 152
Trd, 000254.167, 151
Trd, 000255.083, 153
Trd, 000255.300, 151.0
Trd, 000255.667, 141.0
Trd, 000256.383, 141
Trd, 000256.633, 141.0
Trd, 000256.767, 140
Trd, 000256.967, 141
Trd, 000257.300, 139
Trd, 000257.433, 142
Trd, 000257.583, 139
Trd, 000258.500, 141
Trd, 000258.650, 144.0
Trd, 000259.300, 142
Trd, 000259.400, 144.0
Trd, 000259.433, 145
Trd, 000259.583, 143.0
Trd, 000259.917, 143.0
Trd, 000260.350, 141.0
Trd, 000260.983, 144
Trd, 000261.083, 148.0
Trd, 000262.217, 147
Trd, 000262.767, 149
Trd, 000263.150, 150
Trd, 000263.283, 155.0
Trd, 000263.733, 149
Trd, 000264.100, 152
Trd, 000264.200, 152
Trd, 000264.267, 168.0
Trd, 000265.167, 156
Trd, 000265.733, 153
Trd, 000265.900, 151
Trd, 000266.117, 156
Trd, 000266.283, 157
Trd, 000266.500, 168.0
Trd, 000266.567, 152.0
Trd, 000267.700, 161.0
Trd, 000267.917, 163.0
Trd, 000267.967, 151.0
Trd, 000268.817, 139
Trd, 000269.067, 137
Trd, 000269.417, 141
Trd, 000269.683, 142
Trd, 000269.783, 144.0
Trd, 000270.233, 145
Trd, 000270.400, 150
Trd, 000270.950, 141
Trd, 000271.283, 140
Trd, 000271.300, 148.0
Trd, 000271.417, 139
Trd, 000271.467, 154.0
Trd, 000271.800, 154.0
Trd, 000272.933, 149
Trd, 000272.967, 155.0
Trd, 000273.283, 143
Trd, 000273.883, 143
Trd, 000274.300, 148
Trd, 000275.183, 143.0
Trd, 000275.583, 141.0
Trd, 000276.000, 144
Trd, 000276.267, 143
Trd, 000276.283, 144.0
Trd, 000276.333, 148.0
Trd, 000277.083, 168.0
Trd, 000277.700, 152.0
Trd, 000278.233, 155.0
Trd, 000278.583, 152.0
Trd, 000278.750, 151.0
Trd, 000278.867, 168.0
Trd, 000279.317, 158
Trd, 000279.700, 141.0
Trd, 000280.067, 144.0
Trd, 000280.283, 146
Trd, 000280.667, 137
Trd, 000281.200, 152
Trd, 000281.300, 172
Trd, 000282.383, 155
Trd, 000282.900, 150
Trd, 000283.250, 149
Trd, 000284.183, 175.0
Trd, 000284.600, 163
Trd, 000284.633, 168.0
Trd, 000284.700, 147
Trd, 000285.650, 154.0
Trd, 000285.983, 144
Trd, 000286.367, 151.0
Trd, 000286.700, 154
Trd, 000286.833, 150
Trd, 000287.433, 152
Trd, 000287.467, 153
Trd, 000287.783, 155.0
Trd, 000288.033, 168
Trd, 000288.417, 150
Trd, 000288.867, 162
Trd, 000289.100, 158
Trd, 000289.500, 150
Trd, 000289.900, 140
Trd, 000290.750, 151
Trd, 000290.850, 152
Trd, 000291.000, 154.0
Trd, 000291.567, 155.0
Trd, 000291.633, 155
Trd, 000291.733, 151.0
Trd, 000291.983, 141.0
Trd, 000292.917, 134.0
Trd, 000293.450, 138.0
Trd, 000293.483, 141.0
Trd, 000293.850, 139
Trd, 000295.167, 141
Trd, 000295.500, 143
Trd, 000295.583, 142
Trd, 000296.100, 144.0
Trd, 000296.117, 148.0
Trd, 000296.550, 144
Trd, 000296.567, 154
Trd, 000297.250, 143
Trd, 000297.817, 146
Trd, 000298.250, 146
Trd, 000298.267, 147
Trd, 000298.283, 155.0
Trd, 000298.517, 167
Trd, 000298.750, 138
Trd, 000299.583, 152
Trd, 000299.883, 148.0
