Trd, 000000.633, 193.0
Trd, 000001.317, 139
Trd, 000001.567, 145
Trd, 000001.767, 123
Trd, 000003.767, 143
Trd, 000004.217, 169
Trd, 000004.317, 142
Trd, 000005.100, 151.0
Trd, 000005.483, 137
Trd, 000007.350, 143
Trd, 000007.450, 140
Trd, 000007.483, 127.0
Trd, 000007.617, 144
Trd, 000007.850, 146
Trd, 000008.600, 144
Trd, 000009.267, 138
Trd, 000010.417, 138
Trd, 000010.833, 139
Trd, 000010.950, 134.0
Trd, 000011.050, 144
Trd, 000011.433, 144
Trd, 000011.883, 144
Trd, 000012.033, 133
Trd, 000012.217, 144
Trd, 000012.250, 167
Trd, 000013.000, 137
Trd, 000013.983, 151.0
Trd, 000014.167, 138
Trd, 000015.867, 148
Trd, 000016.667, 146
Trd, 000017.150, 146
Trd, 000017.633, 146
Trd, 000017.733, 147
Trd, 000018.117, 144
Trd, 000018.917, 144
Trd, 000019.300, 146
Trd, 000019.417, 147
Trd, 000019.467, 143
Trd, 000019.500, 141
Trd, 000019.683, 148
Trd, 000021.800, 139
Trd, 000022.083, 140
Trd, 000022.183, 139.0
Trd, 000022.267, 138.0
Trd, 000023.283, 140
Trd, 000023.650, 142
Trd, 000023.717, 161.0
Trd, 000023.967, 138
Trd, 000024.233, 151.0
Trd, 000025.183, 161.0
Trd, 000025.483, 137
Trd, 000025.583, 150
Trd, 000026.433, 153
Trd, 000028.100, 156
Trd, 000028.200, 155
Trd, 000028.333, 155.0
Trd, 000028.950, 167
Trd, 000029.267, 157
Trd, 000029.650, 171
Trd, 000030.333, 153.0
Trd, 000030.517, 151.0
Trd, 000030.733, 151
Trd, 000030.900, 141
Trd, 000031.100, 156
Trd, 000031.483, 170
Trd, 000031.817, 134.0
Trd, 000031.883, 158
Trd, 000034.917, 154
Trd, 000034.983, 155
Trd, 000035.850, 152
Trd, 000036.083, 151.0
Trd, 000036.433, 154
Trd, 000036.667, 155
Trd, 000037.900, 155
Trd, 000038.133, 154.0
Trd, 000038.683, 154
Trd, 000038.850, 155
Trd, 000039.067, 153.0
Trd, 000039.967, 152.0
Trd, 000040.250, 152
Trd, 000040.333, 151.0
Trd, 000041.067, 137
Trd, 000041.283, 135
Trd, 000041.450, 135.0
Trd, 000042.417, 151
Trd, 000042.467, 135.0
Trd, 000043.200, 149
Trd, 000043.567, 150
Trd, 000044.217, 139
Trd, 000044.250, 150
Trd, 000045.100, 151.0
Trd, 000046.450, 146
Trd, 000048.067, 147
Trd, 000048.250, 148
Trd, 000048.433, 148
Trd, 000048.467, 146
Trd, 000048.483, 144
Trd, 000048.617, 149
Trd, 000049.150, 143
Trd, 000049.700, 139
Trd, 000050.200, 148
Trd, 000050.783, 143
Trd, 000052.967, 134.0
Trd, 000054.283, 141
Trd, 000054.317, 138
Trd, 000054.583, 141.0
Trd, 000054.883, 142
Trd, 000055.450, 141
Trd, 000055.550, 142
Trd, 000055.733, 141
Trd, 000055.917, 162
Trd, 000056.450, 166
Trd, 000056.933, 158
Trd, 000057.050, 157
Trd, 000057.483, 151
Trd, 000058.500, 153
Trd, 000059.633, 152
Trd, 000059.867, 168
Trd, 000060.883, 159
Trd, 000061.533, 156
Trd, 000062.483, 161
Trd, 000063.167, 154
Trd, 000063.950, 154.0
Trd, 000064.250, 155.0
Trd, 000064.283, 156
Trd, 000064.483, 151.0
Trd, 000064.833, 152
Trd, 000066.217, 152
Trd, 000066.817, 137
Trd, 000067.650, 150
Trd, 000067.733, 152
Trd, 000068.017, 149
Trd, 000068.200, 150
Trd, 000068.267, 137
Trd, 000068.333, 134
Trd, 000068.483, 135.0
Trd, 000069.733, 151.0
Trd, 000070.133, 162.0
Trd, 000070.517, 151
Trd, 000072.683, 150
Trd, 000072.733, 147
Trd, 000072.950, 134.0
Trd, 000073.800, 151
Trd, 000074.167, 151
Trd, 000075.267, 147
Trd, 000075.550, 152
Trd, 000075.817, 147
Trd, 000076.450, 154
Trd, 000077.050, 151.0
Trd, 000077.267, 162.0
Trd, 000077.717, 149
Trd, 000078.133, 151
Trd, 000078.833, 151
Trd, 000080.650, 149
Trd, 000080.933, 151
Trd, 000081.683, 148
Trd, 000082.267, 147
Trd, 000082.950, 147
Trd, 000083.033, 145
Trd, 000083.117, 148
Trd, 000083.483, 141
Trd, 000084.133, 144
Trd, 000084.900, 146
Trd, 000085.150, 142.0
Trd, 000085.167, 141.0
Trd, 000085.200, 147
Trd, 000087.133, 151.0
Trd, 000088.067, 145
Trd, 000088.683, 147
Trd, 000088.850, 145
Trd, 000088.883, 131
Trd, 000089.000, 131
Trd, 000089.633, 148
Trd, 000090.300, 147
Trd, 000090.417, 150
Trd, 000090.550, 147
Trd, 000091.300, 151.0
Trd, 000091.767, 162.0
Trd, 000092.200, 151
Trd, 000092.900, 151
Trd, 000093.033, 150
Trd, 000093.300, 154
Trd, 000094.750, 151
Trd, 000095.267, 153
Trd, 000095.750, 153
Trd, 000096.033, 160.0
Trd, 000097.133, 161.0
Trd, 000097.367, 155.0
Trd, 000097.400, 152
Trd, 000097.600, 162.0
Trd, 000097.617, 151.0
Trd, 000098.250, 134.0
Trd, 000099.217, 158
Trd, 000099.933, 149
Trd, 000100.233, 148
Trd, 000100.517, 147
Trd, 000102.283, 153
Trd, 000102.483, 145
Trd, 000102.683, 151
Trd, 000103.017, 142
Trd, 000103.617, 137
Trd, 000103.767, 148
Trd, 000104.750, 143
Trd, 000104.917, 138
Trd, 000105.633, 141
Trd, 000105.750, 142
Trd, 000106.450, 137
Trd, 000106.533, 136
Trd, 000108.150, 141
Trd, 000109.467, 141.0
Trd, 000109.717, 140.0
Trd, 000109.833, 139
Trd, 000109.900, 141
Trd, 000110.267, 141
Trd, 000110.417, 139
Trd, 000110.700, 162.0
Trd, 000111.400, 146
Trd, 000112.517, 147
Trd, 000112.933, 151.0
Trd, 000113.817, 144
Trd, 000114.067, 150
Trd, 000115.233, 144
Trd, 000115.250, 143
Trd, 000115.417, 168.0
Trd, 000115.533, 142
Trd, 000115.767, 143
Trd, 000117.267, 146
Trd, 000117.783, 144
Trd, 000118.300, 145
Trd, 000118.317, 146
Trd, 000119.033, 142
Trd, 000119.383, 141
Trd, 000119.867, 140
Trd, 000121.550, 144
Trd, 000121.600, 144
Trd, 000121.617, 145
Trd, 000123.017, 144
Trd, 000123.367, 143
Trd, 000123.683, 142
Trd, 000124.250, 145
Trd, 000124.350, 162.0
Trd, 000124.800, 151.0
Trd, 000125.133, 152
Trd, 000125.667, 142
Trd, 000127.333, 142
Trd, 000128.517, 140
Trd, 000128.567, 140
Trd, 000129.383, 149
Trd, 000130.133, 148
Trd, 000130.250, 135.0
Trd, 000130.383, 134.0
Trd, 000130.517, 149
Trd, 000130.800, 134.0
Trd, 000131.433, 130
Trd, 000131.667, 144
Trd, 000132.200, 127.0
Trd, 000132.250, 139
Trd, 000132.383, 142
Trd, 000133.417, 138
Trd, 000134.050, 124.0
Trd, 000134.250, 133
Trd, 000134.800, 154
Trd, 000135.483, 154
Trd, 000136.667, 136.0
Trd, 000137.233, 141
Trd, 000137.317, 137.0
Trd, 000137.417, 144
Trd, 000137.967, 151.0
Trd, 000138.050, 137.0
Trd, 000138.267, 134.0
Trd, 000138.533, 142
Trd, 000140.900, 139
Trd, 000141.250, 153.0
Trd, 000141.317, 141
Trd, 000141.817, 155.0
Trd, 000143.417, 165
Trd, 000144.883, 150
Trd, 000145.083, 146
Trd, 000145.100, 152
Trd, 000145.367, 135
Trd, 000145.800, 153
Trd, 000146.100, 154.0
Trd, 000146.500, 151.0
Trd, 000146.933, 152
Trd, 000147.333, 151
Trd, 000147.350, 151.0
Trd, 000147.583, 152
Trd, 000148.433, 149
Trd, 000148.883, 150
Trd, 000149.150, 135
Trd, 000149.717, 150
Trd, 000149.733, 134.0
Trd, 000150.250, 127.0
Trd, 000150.633, 142
Trd, 000151.067, 145
Trd, 000151.083, 167
Trd, 000152.083, 147
Trd, 000152.633, 141
Trd, 000152.750, 135.0
Trd, 000153.133, 144
Trd, 000154.800, 141
Trd, 000154.833, 135
Trd, 000154.933, 134
Trd, 000155.900, 140
Trd, 000155.950, 162.0
Trd, 000156.500, 152
Trd, 000157.450, 144
Trd, 000157.767, 141
Trd, 000157.867, 139
Trd, 000158.567, 142
Trd, 000158.867, 135.0
Trd, 000158.983, 143
Trd, 000159.283, 144
Trd, 000159.950, 145
Trd, 000160.783, 157
Trd, 000161.133, 147
Trd, 000161.617, 150
Trd, 000162.267, 149
Trd, 000162.583, 150
Trd, 000162.617, 151
Trd, 000162.817, 168.0
Trd, 000163.867, 164
Trd, 000164.433, 155.0
Trd, 000164.467, 151
Trd, 000164.500, 127.0
Trd, 000165.150, 123
Trd, 000166.350, 164
Trd, 000167.017, 135
Trd, 000167.150, 165
Trd, 000167.667, 133.0
Trd, 000167.967, 134.0
Trd, 000168.300, 136
Trd, 000168.650, 142
Trd, 000168.750, 133
Trd, 000169.917, 150
Trd, 000170.133, 145
Trd, 000170.750, 136.0
Trd, 000171.533, 157
Trd, 000172.900, 146
Trd, 000174.183, 144
Trd, 000175.083, 143
Trd, 000175.167, 143
Trd, 000175.267, 134.0
Trd, 000175.717, 145
Trd, 000175.817, 146
Trd, 000176.467, 146
Trd, 000176.817, 140
Trd, 000177.317, 146
Trd, 000178.667, 144
Trd, 000179.317, 144
Trd, 000179.833, 143
Trd, 000179.900, 142
Trd, 000180.450, 137
Trd, 000180.517, 134.0
Trd, 000180.633, 145
Trd, 000181.467, 141
Trd, 000182.017, 138
Trd, 000182.350, 137
Trd, 000182.717, 139
Trd, 000182.883, 141
Trd, 000184.683, 140
Trd, 000184.767, 141.0
Trd, 000184.883, 162.0
Trd, 000186.183, 151
Trd, 000186.267, 147
Trd, 000186.800, 167.0
Trd, 000187.017, 136
Trd, 000187.267, 156
Trd, 000187.283, 121.0
Trd, 000187.317, 120.0
Trd, 000187.650, 138
Trd, 000187.667, 134.0
Trd, 000189.017, 126
Trd, 000189.967, 144
Trd, 000190.533, 144
Trd, 000190.667, 131
Trd, 000191.650, 140
Trd, 000191.917, 140
Trd, 000192.483, 138
Trd, 000192.517, 127.0
Trd, 000192.900, 124.0
Trd, 000193.350, 131
Trd, 000194.000, 131
Trd, 000194.650, 134.0
Trd, 000195.400, 134
Trd, 000195.883, 136
Trd, 000195.933, 133
Trd, 000196.517, 134
Trd, 000196.583, 141.0
Trd, 000196.650, 134.0
Trd, 000197.083, 137
Trd, 000198.350, 139
Trd, 000198.667, 139
Trd, 000199.217, 138
Trd, 000199.967, 139
Trd, 000200.200, 138
Trd, 000200.267, 135
Trd, 000200.383, 148
Trd, 000201.167, 149
Trd, 000201.633, 128.0
Trd, 000202.400, 120.0
Trd, 000203.200, 158.0
Trd, 000203.683, 134.0
Trd, 000204.483, 139
Trd, 000204.517, 127
Trd, 000205.767, 138
Trd, 000205.783, 137.0
Trd, 000205.800, 136.0
Trd, 000206.817, 138
Trd, 000207.317, 141.0
Trd, 000207.667, 138.0
Trd, 000207.683, 137.0
Trd, 000207.900, 161.0
Trd, 000208.317, 161.0
Trd, 000209.183, 151.0
Trd, 000209.700, 137
Trd, 000210.133, 168.0
Trd, 000210.267, 142
Trd, 000210.283, 174
Trd, 000210.917, 140
Trd, 000211.500, 134.0
Trd, 000212.733, 149
Trd, 000213.050, 152
Trd, 000213.133, 150
Trd, 000213.217, 162.0
Trd, 000213.900, 160
Trd, 000214.067, 153
Trd, 000214.500, 151
Trd, 000214.917, 151
Trd, 000216.833, 153
Trd, 000217.383, 153
Trd, 000217.450, 151.0
Trd, 000218.900, 149
Trd, 000218.933, 134
Trd, 000219.950, 149
Trd, 000220.200, 152
Trd, 000220.233, 140
Trd, 000220.650, 164
Trd, 000220.917, 157
Trd, 000221.550, 164
Trd, 000222.217, 159.0
Trd, 000222.617, 159.0
Trd, 000223.383, 155.0
Trd, 000223.867, 150
Trd, 000224.033, 135
Trd, 000225.350, 152
Trd, 000226.067, 153
Trd, 000226.133, 152
Trd, 000226.150, 154
Trd, 000226.167, 151
Trd, 000226.683, 157
Trd, 000228.117, 155
Trd, 000228.300, 156
Trd, 000228.517, 162.0
Trd, 000228.933, 154
Trd, 000229.267, 151
Trd, 000229.583, 167.0
Trd, 000229.667, 149
Trd, 000229.800, 147
Trd, 000230.367, 151.0
Trd, 000232.533, 153
Trd, 000232.550, 162
Trd, 000234.117, 155
Trd, 000234.450, 155
Trd, 000234.633, 155.0
Trd, 000235.700, 155
Trd, 000235.767, 136
Trd, 000236.250, 153
Trd, 000236.500, 134.0
Trd, 000236.583, 127.0
Trd, 000237.283, 151.0
Trd, 000238.117, 157
Trd, 000238.633, 155
Trd, 000239.033, 155
Trd, 000239.183, 168.0
Trd, 000240.200, 153
Trd, 000240.250, 150
Trd, 000240.633, 151
Trd, 000240.817, 147
Trd, 000240.900, 143
Trd, 000241.017, 141
Trd, 000241.367, 147
Trd, 000241.500, 147
Trd, 000242.033, 147
Trd, 000242.283, 147
Trd, 000242.400, 148
Trd, 000242.483, 144
Trd, 000243.883, 144.0
Trd, 000243.917, 144
Trd, 000243.933, 148.0
Trd, 000245.233, 140
Trd, 000245.667, 147
Trd, 000245.783, 148
Trd, 000246.433, 149
Trd, 000246.867, 149.0
Trd, 000247.017, 151.0
Trd, 000247.433, 158.0
Trd, 000248.383, 159
Trd, 000248.733, 157
Trd, 000249.017, 155.0
Trd, 000249.317, 155
Trd, 000249.567, 157.0
Trd, 000249.967, 155.0
Trd, 000250.317, 155
Trd, 000250.450, 158.0
Trd, 000250.933, 156
Trd, 000251.417, 153
Trd, 000251.850, 151
Trd, 000252.267, 156
Trd, 000252.500, 152
Trd, 000252.950, 152
Trd, 000253.700, 152.0
Trd, 000253.750, 151.0
Trd, 000254.050, 156
Trd, 000254.933, 155
Trd, 000255.800, 155
Trd, 000255.867, 158.0
Trd, 000256.083, 153
Trd, 000256.300, 152
Trd, 000256.750, 155
Trd, 000257.567, 151
Trd, 000257.750, 152
Trd, 000258.200, 150
Trd, 000258.217, 149
Trd, 000258.300, 145.0
Trd, 000258.583, 151
Trd, 000259.150, 152
Trd, 000259.217, 144.0
Trd, 000259.617, 154
Trd, 000261.600, 147
Trd, 000261.867, 144.0
Trd, 000261.917, 148
Trd, 000262.133, 131.0
Trd, 000262.450, 129.0
Trd, 000263.217, 134.0
Trd, 000263.450, 139
Trd, 000263.900, 142.0
Trd, 000264.117, 139
Trd, 000264.233, 142.0
Trd, 000265.317, 142
Trd, 000265.517, 141
Trd, 000265.567, 143.0
Trd, 000266.150, 152.0
Trd, 000266.233, 162.0
Trd, 000266.650, 153.0
Trd, 000266.967, 152.0
Trd, 000267.117, 158.0
Trd, 000267.167, 168.0
Trd, 000268.183, 151.0
Trd, 000268.983, 150
Trd, 000269.133, 148
Trd, 000269.450, 148
Trd, 000269.867, 148
Trd, 000269.967, 151
Trd, 000270.650, 152
Trd, 000270.983, 157.0
Trd, 000271.033, 156.0
Trd, 000271.167, 158
Trd, 000271.300, 155.0
Trd, 000271.717, 151.0
Trd, 000271.800, 144.0
Trd, 000272.167, 150
Trd, 000272.983, 134.0
Trd, 000274.167, 146
Trd, 000274.433, 131.0
Trd, 000274.467, 131
Trd, 000275.150, 145
Trd, 000275.333, 140
Trd, 000275.350, 137
Trd, 000275.417, 145
Trd, 000275.433, 148.0
Trd, 000275.783, 145
Trd, 000275.917, 147
Trd, 000276.433, 147
Trd, 000276.733, 151.0
Trd, 000277.500, 149
Trd, 000277.550, 146.0
Trd, 000278.417, 152.0
Trd, 000279.100, 147.0
Trd, 000279.550, 148.0
Trd, 000280.350, 150
Trd, 000280.517, 153
Trd, 000280.833, 151.0
Trd, 000280.967, 157.0
Trd, 000281.133, 146.0
Trd, 000281.650, 153
Trd, 000282.100, 145.0
Trd, 000282.933, 158.0
Trd, 000282.983, 162.0
Trd, 000283.817, 144
Trd, 000283.933, 144.0
Trd, 000284.583, 157.0
Trd, 000285.250, 146.0
Trd, 000285.400, 148.0
Trd, 000285.883, 153
Trd, 000285.967, 156.0
Trd, 000286.183, 147.0
Trd, 000286.433, 157.0
Trd, 000286.750, 148
Trd, 000286.917, 151
Trd, 000287.567, 151.0
Trd, 000287.667, 147.0
Trd, 000288.533, 151.0
Trd, 000288.600, 156
Trd, 000288.667, 149
Trd, 000289.050, 158.0
Trd, 000289.083, 151.0
Trd, 000289.617, 172.0
Trd, 000290.100, 157
Trd, 000290.800, 152
Trd, 000290.867, 147
Trd, 000290.983, 148.0
Trd, 000291.133, 157
Trd, 000291.483, 160
Trd, 000291.817, 146
Trd, 000292.633, 150
Trd, 000292.933, 144.0
Trd, 000293.267, 154.0
Trd, 000293.933, 144.0
Trd, 000294.450, 148.0
Trd, 000294.517, 151.0
Trd, 000295.183, 147
Trd, 000295.350, 152
Trd, 000295.567, 152
Trd, 000296.250, 152.0
Trd, 000296.933, 158.0
Trd, 000297.050, 165
Trd, 000297.267, 151.0
Trd, 000297.283, 134.0
Trd, 000297.517, 133.0
Trd, 000297.633, 134.0
Trd, 000298.300, 150
Trd, 000299.033, 158.0
Trd, 000299.400, 162.0
Trd, 000299.583, 165
