Trd, 000001.067, 157.0
Trd, 000001.900, 153
Trd, 000002.317, 151.0
Trd, 000003.283, 130
Trd, 000004.033, 151
Trd, 000004.067, 158.0
Trd, 000004.817, 140
Trd, 000005.100, 139
Trd, 000005.950, 158.0
Trd, 000007.083, 152
Trd, 000007.917, 149
Trd, 000008.100, 149
Trd, 000008.217, 148
Trd, 000009.583, 148
Trd, 000009.800, 149
Trd, 000009.867, 152
Trd, 000009.967, 162.0
Trd, 000010.200, 167.0
Trd, 000010.750, 168.0
Trd, 000011.983, 146
Trd, 000012.083, 145
Trd, 000012.267, 148
Trd, 000012.317, 149
Trd, 000013.367, 152
Trd, 000013.500, 155.0
Trd, 000014.567, 158.0
Trd, 000015.017, 157
Trd, 000015.417, 165
Trd, 000016.833, 155.0
Trd, 000017.100, 158.0
Trd, 000017.550, 158
Trd, 000017.967, 155
Trd, 000018.833, 161.0
Trd, 000019.350, 155
Trd, 000019.933, 155
Trd, 000020.117, 160
Trd, 000020.900, 154
Trd, 000021.000, 157.0
Trd, 000021.083, 158.0
Trd, 000021.117, 153
Trd, 000023.167, 157
Trd, 000023.383, 154
Trd, 000023.400, 157
Trd, 000023.717, 154
Trd, 000024.783, 154
Trd, 000025.150, 154.0
Trd, 000025.450, 154
Trd, 000025.717, 153
Trd, 000026.583, 151
Trd, 000027.117, 158.0
Trd, 000027.550, 161.0
Trd, 000027.667, 162.0
Trd, 000028.300, 153
Trd, 000030.233, 156
Trd, 000030.850, 152.0
Trd, 000031.417, 155.0
Trd, 000031.967, 157
Trd, 000032.150, 158.0
Trd, 000032.450, 158
Trd, 000032.867, 154
Trd, 000033.317, 165.0
Trd, 000034.600, 170
Trd, 000035.150, 172.0
Trd, 000036.533, 172
Trd, 000037.067, 170
Trd, 000038.150, 167
Trd, 000038.617, 167
Trd, 000038.700, 168
Trd, 000039.000, 167
Trd, 000040.100, 168.0
Trd, 000041.650, 165
Trd, 000042.333, 158.0
Trd, 000042.517, 155.0
Trd, 000043.067, 151.0
Trd, 000044.083, 153
Trd, 000044.217, 151
Trd, 000044.750, 151
Trd, 000044.933, 152
Trd, 000045.233, 152
Trd, 000045.767, 148
Trd, 000046.683, 154.0
Trd, 000047.317, 155.0
Trd, 000047.367, 162.0
Trd, 000048.367, 155.0
Trd, 000048.750, 155
Trd, 000048.850, 157.0
Trd, 000050.917, 158.0
Trd, 000051.050, 158
Trd, 000051.217, 160
Trd, 000052.000, 155
Trd, 000052.233, 154
Trd, 000052.283, 151.0
Trd, 000053.300, 151
Trd, 000053.367, 146.0
Trd, 000054.167, 151
Trd, 000055.717, 153
Trd, 000055.950, 154
Trd, 000056.133, 155
Trd, 000056.150, 158.0
Trd, 000056.217, 153
Trd, 000056.317, 159
Trd, 000056.483, 162.0
Trd, 000057.517, 168.0
Trd, 000057.617, 152
Trd, 000059.267, 172.0
Trd, 000059.317, 159
Trd, 000059.950, 166
Trd, 000060.267, 161
Trd, 000060.517, 160
Trd, 000060.900, 159
Trd, 000061.017, 160.0
Trd, 000061.283, 158
Trd, 000062.700, 157
Trd, 000063.783, 159
Trd, 000063.967, 156
Trd, 000064.617, 152.0
Trd, 000065.117, 154
Trd, 000065.167, 153
Trd, 000065.417, 154.0
Trd, 000065.550, 155.0
Trd, 000066.733, 162.0
Trd, 000067.150, 157.0
Trd, 000068.083, 158.0
Trd, 000069.033, 158
Trd, 000069.067, 154.0
Trd, 000069.433, 158
Trd, 000070.617, 158
Trd, 000070.700, 158
Trd, 000070.850, 156
Trd, 000071.050, 155
Trd, 000072.050, 156
Trd, 000072.917, 155
Trd, 000073.117, 154
Trd, 000074.467, 152
Trd, 000074.733, 155.0
Trd, 000075.350, 158.0
Trd, 000076.100, 155
Trd, 000077.533, 154
Trd, 000077.567, 153
Trd, 000077.817, 155.0
Trd, 000078.083, 156.0
Trd, 000078.150, 151.0
Trd, 000079.417, 155
Trd, 000079.933, 157
Trd, 000079.983, 158.0
Trd, 000080.267, 162.0
Trd, 000080.600, 154
Trd, 000080.650, 154
Trd, 000082.350, 157
Trd, 000082.383, 155.0
Trd, 000082.467, 158
Trd, 000082.817, 168.0
Trd, 000083.750, 162
Trd, 000084.383, 152.0
Trd, 000084.900, 157.0
Trd, 000085.083, 155
Trd, 000085.450, 158.0
Trd, 000085.683, 154
Trd, 000086.433, 157
Trd, 000086.467, 158
Trd, 000086.850, 158
Trd, 000087.050, 153
Trd, 000088.417, 155
Trd, 000088.783, 156
Trd, 000089.150, 157
Trd, 000089.433, 154
Trd, 000089.633, 158.0
Trd, 000090.033, 153
Trd, 000091.100, 153
Trd, 000092.433, 153
Trd, 000092.733, 152.0
Trd, 000093.050, 152
Trd, 000094.600, 151.0
Trd, 000095.167, 152
Trd, 000095.433, 153
Trd, 000096.200, 150
Trd, 000096.300, 155.0
Trd, 000096.667, 158.0
Trd, 000096.833, 151.0
Trd, 000096.933, 162.0
Trd, 000097.450, 149
Trd, 000098.333, 158
Trd, 000100.300, 171
Trd, 000100.333, 165.0
Trd, 000100.567, 162
Trd, 000100.900, 171
Trd, 000101.350, 181.0
Trd, 000101.917, 175.0
Trd, 000102.000, 176
Trd, 000102.233, 172.0
Trd, 000102.367, 165
Trd, 000102.583, 175
Trd, 000102.950, 172
Trd, 000104.150, 166
Trd, 000104.867, 151.0
Trd, 000105.317, 165.0
Trd, 000106.000, 167
Trd, 000106.300, 165.0
Trd, 000107.217, 155.0
Trd, 000107.600, 160
Trd, 000108.817, 155
Trd, 000109.100, 146.0
Trd, 000109.133, 148
Trd, 000109.517, 151
Trd, 000110.017, 144.0
Trd, 000110.800, 147
Trd, 000111.217, 150
Trd, 000112.333, 148
Trd, 000112.417, 149
Trd, 000112.833, 158.0
Trd, 000112.867, 162.0
Trd, 000113.033, 151
Trd, 000113.417, 147
Trd, 000114.133, 165.0
Trd, 000114.867, 162
Trd, 000115.417, 160
Trd, 000115.600, 156
Trd, 000115.650, 156
Trd, 000116.733, 159
Trd, 000117.117, 159
Trd, 000117.183, 156
Trd, 000117.450, 155.0
Trd, 000118.533, 158.0
Trd, 000118.567, 156
Trd, 000118.667, 161.0
Trd, 000118.700, 161
Trd, 000119.200, 162.0
Trd, 000120.450, 161.0
Trd, 000121.417, 160
Trd, 000121.650, 158
Trd, 000122.367, 151.0
Trd, 000122.550, 158
Trd, 000122.583, 159
Trd, 000123.100, 162.0
Trd, 000123.217, 165.0
Trd, 000123.450, 145.0
Trd, 000125.033, 155
Trd, 000125.417, 155
Trd, 000125.767, 157.0
Trd, 000127.000, 158.0
Trd, 000127.033, 153
Trd, 000127.817, 154
Trd, 000128.483, 153
Trd, 000130.217, 152
Trd, 000130.767, 153
Trd, 000131.417, 152
Trd, 000132.117, 154
Trd, 000132.417, 153
Trd, 000132.833, 150
Trd, 000133.150, 155.0
Trd, 000133.250, 158.0
Trd, 000133.367, 150
Trd, 000134.533, 156
Trd, 000135.133, 155
Trd, 000135.183, 156
Trd, 000135.583, 151
Trd, 000136.067, 151
Trd, 000136.417, 151.0
Trd, 000136.533, 144.0
Trd, 000136.583, 128
Trd, 000136.983, 157.0
Trd, 000137.617, 154
Trd, 000138.083, 157
Trd, 000138.533, 156.0
Trd, 000139.517, 156.0
Trd, 000139.767, 155.0
Trd, 000140.333, 158.0
Trd, 000142.100, 157
Trd, 000142.383, 156
Trd, 000143.450, 159
Trd, 000143.783, 160.0
Trd, 000144.067, 160.0
Trd, 000144.150, 157
Trd, 000144.650, 156
Trd, 000145.283, 151.0
Trd, 000146.133, 150
Trd, 000146.283, 158.0
Trd, 000146.417, 161.0
Trd, 000148.083, 157
Trd, 000148.300, 158
Trd, 000148.467, 156
Trd, 000148.483, 155.0
Trd, 000149.817, 158
Trd, 000150.050, 162.0
Trd, 000150.700, 157
Trd, 000150.850, 167.0
Trd, 000151.517, 165.0
Trd, 000151.633, 158
Trd, 000152.317, 168.0
Trd, 000152.983, 182.0
Trd, 000153.000, 158
Trd, 000153.517, 158
Trd, 000154.767, 157
Trd, 000154.950, 158.0
Trd, 000155.100, 176
Trd, 000155.817, 156.0
Trd, 000156.250, 155.0
Trd, 000156.833, 159
Trd, 000158.050, 154
Trd, 000158.550, 153
Trd, 000158.667, 154
Trd, 000159.500, 156
Trd, 000159.983, 158
Trd, 000160.650, 151.0
Trd, 000161.667, 155
Trd, 000162.083, 157
Trd, 000162.700, 158.0
Trd, 000163.633, 168.0
Trd, 000164.267, 179
Trd, 000164.633, 178
Trd, 000164.833, 173
Trd, 000164.950, 156
Trd, 000165.283, 157
Trd, 000166.500, 162.0
Trd, 000167.000, 165
Trd, 000167.583, 164
Trd, 000167.800, 155.0
Trd, 000169.000, 162
Trd, 000169.367, 151.0
Trd, 000169.983, 153
Trd, 000170.283, 154.0
Trd, 000170.450, 152
Trd, 000170.817, 152.0
Trd, 000170.967, 153.0
Trd, 000171.733, 158.0
Trd, 000172.150, 174
Trd, 000172.467, 153.0
Trd, 000172.650, 158.0
Trd, 000173.417, 167
Trd, 000174.850, 159
Trd, 000174.900, 164
Trd, 000175.283, 159
Trd, 000175.383, 157
Trd, 000176.383, 156
Trd, 000177.183, 156
Trd, 000177.417, 155.0
Trd, 000177.983, 154
Trd, 000178.083, 157
Trd, 000178.733, 157
Trd, 000179.067, 152.0
Trd, 000179.417, 162.0
Trd, 000180.717, 157
Trd, 000181.000, 158.0
Trd, 000181.333, 160
Trd, 000181.650, 155
Trd, 000181.833, 166.0
Trd, 000182.883, 168.0
Trd, 000183.467, 153
Trd, 000184.333, 148
Trd, 000184.850, 123
Trd, 000185.733, 151.0
Trd, 000185.933, 151
Trd, 000186.300, 152
Trd, 000187.033, 162.0
Trd, 000187.717, 151.0
Trd, 000188.017, 155.0
Trd, 000188.083, 158.0
Trd, 000188.217, 155
Trd, 000188.450, 162.0
Trd, 000188.617, 154
Trd, 000190.333, 155
Trd, 000190.483, 155
Trd, 000190.917, 156
Trd, 000191.183, 157
Trd, 000192.483, 157
Trd, 000192.550, 158.0
Trd, 000193.400, 160
Trd, 000193.750, 157.0
Trd, 000193.817, 158.0
Trd, 000194.583, 159
Trd, 000195.700, 159
Trd, 000195.900, 157
Trd, 000196.533, 158
Trd, 000197.750, 159.0
Trd, 000197.850, 158
Trd, 000198.833, 158
Trd, 000199.083, 156
Trd, 000199.683, 151.0
Trd, 000199.833, 135
Trd, 000199.883, 134
Trd, 000200.450, 158
Trd, 000200.500, 158
Trd, 000201.383, 133
Trd, 000201.533, 146
Trd, 000202.033, 147
Trd, 000203.583, 147
Trd, 000204.100, 148
Trd, 000204.317, 146
Trd, 000204.867, 146
Trd, 000205.467, 146
Trd, 000206.183, 150
Trd, 000207.133, 155.0
Trd, 000207.317, 158.0
Trd, 000207.650, 155
Trd, 000207.667, 162.0
Trd, 000209.000, 164.0
Trd, 000209.067, 164.0
Trd, 000210.017, 154
Trd, 000210.267, 163
Trd, 000210.567, 164
Trd, 000211.317, 153
Trd, 000212.117, 153
Trd, 000213.017, 158.0
Trd, 000213.867, 155
Trd, 000214.133, 162.0
Trd, 000214.400, 153
Trd, 000214.600, 151.0
Trd, 000214.767, 167.0
Trd, 000215.233, 151
Trd, 000215.433, 139
Trd, 000216.267, 128
Trd, 000217.733, 145
Trd, 000218.333, 144
Trd, 000218.550, 155.0
Trd, 000218.717, 162.0
Trd, 000218.883, 144.0
Trd, 000219.950, 161
Trd, 000220.433, 158.0
Trd, 000220.750, 156
Trd, 000220.800, 157
Trd, 000220.917, 166.0
Trd, 000221.383, 163
Trd, 000221.500, 168.0
Trd, 000221.967, 155
Trd, 000222.250, 151
Trd, 000223.683, 166
Trd, 000223.717, 181.0
Trd, 000224.017, 165.0
Trd, 000224.833, 162
Trd, 000224.950, 151.0
Trd, 000225.233, 144
Trd, 000226.333, 152
Trd, 000226.517, 154
Trd, 000227.433, 153
Trd, 000227.583, 155
Trd, 000228.600, 156
Trd, 000229.400, 161
Trd, 000229.450, 153
Trd, 000229.883, 154
Trd, 000231.317, 155
Trd, 000231.350, 154
Trd, 000231.850, 156.0
Trd, 000231.900, 160.0
Trd, 000232.717, 158.0
Trd, 000232.867, 153
Trd, 000234.333, 154
Trd, 000234.633, 156
Trd, 000235.283, 156
Trd, 000235.417, 155.0
Trd, 000235.800, 156
Trd, 000236.367, 156
Trd, 000236.517, 162.0
Trd, 000238.033, 162.0
Trd, 000238.567, 155
Trd, 000239.200, 165.0
Trd, 000239.567, 157
Trd, 000239.600, 158.0
Trd, 000240.050, 156
Trd, 000241.600, 156
Trd, 000241.883, 156
Trd, 000241.967, 155
Trd, 000242.500, 155
Trd, 000242.867, 156
Trd, 000243.683, 151.0
Trd, 000244.000, 150
Trd, 000244.033, 154.0
Trd, 000244.217, 155.0
Trd, 000245.050, 154
Trd, 000245.067, 151
Trd, 000245.433, 151
Trd, 000245.750, 152.0
Trd, 000246.267, 150
Trd, 000247.367, 151.0
Trd, 000247.967, 153.0
Trd, 000248.233, 154.0
Trd, 000249.150, 158.0
Trd, 000249.483, 162.0
Trd, 000249.583, 153
Trd, 000250.217, 157
Trd, 000250.667, 156
Trd, 000250.733, 158.0
Trd, 000250.900, 151.0
Trd, 000251.783, 152
Trd, 000252.000, 144.0
Trd, 000252.300, 153.0
Trd, 000252.533, 156
Trd, 000254.167, 152.0
Trd, 000254.733, 153.0
Trd, 000255.000, 151.0
Trd, 000255.400, 149
Trd, 000255.900, 152
Trd, 000256.283, 153
Trd, 000257.300, 152
Trd, 000257.650, 154
Trd, 000257.917, 152
Trd, 000259.300, 154.0
Trd, 000259.467, 155.0
Trd, 000259.683, 150
Trd, 000259.850, 151
Trd, 000260.033, 154.0
Trd, 000260.167, 150
Trd, 000261.967, 152.0
Trd, 000262.067, 151.0
Trd, 000262.083, 154
Trd, 000262.467, 149
Trd, 000263.183, 156
Trd, 000263.350, 150
Trd, 000264.167, 149
Trd, 000264.833, 144.0
Trd, 000264.950, 148
Trd, 000265.033, 149
Trd, 000265.200, 141.0
Trd, 000265.333, 153
Trd, 000265.667, 142
Trd, 000265.833, 144.0
Trd, 000266.000, 126
Trd, 000266.217, 146
Trd, 000267.883, 137.0
Trd, 000268.917, 151
Trd, 000269.150, 149
Trd, 000269.333, 155.0
Trd, 000269.467, 158.0
Trd, 000269.667, 147
Trd, 000270.100, 150
Trd, 000270.367, 149.0
Trd, 000270.467, 147
Trd, 000270.500, 160.0
Trd, 000270.533, 146
Trd, 000270.583, 165.0
Trd, 000270.983, 153
Trd, 000271.200, 153.0
Trd, 000271.350, 151
Trd, 000271.983, 158.0
Trd, 000272.017, 146
Trd, 000273.000, 147
Trd, 000273.583, 147
Trd, 000273.817, 149
Trd, 000274.367, 149
Trd, 000274.650, 148
Trd, 000274.683, 142.0
Trd, 000275.100, 141.0
Trd, 000275.300, 142
Trd, 000276.017, 154.0
Trd, 000276.750, 152
Trd, 000276.933, 151
Trd, 000277.167, 155.0
Trd, 000279.900, 155
Trd, 000279.967, 150
Trd, 000280.433, 148
Trd, 000280.550, 153
Trd, 000280.817, 145
Trd, 000281.733, 151.0
Trd, 000281.950, 145
Trd, 000282.050, 151
Trd, 000282.683, 154
Trd, 000283.567, 151.0
Trd, 000283.783, 155.0
Trd, 000283.917, 158.0
Trd, 000284.183, 146.0
Trd, 000284.417, 144.0
Trd, 000284.500, 137.0
Trd, 000285.083, 143
Trd, 000286.667, 135
Trd, 000286.683, 136
Trd, 000286.750, 137
Trd, 000286.833, 135
Trd, 000286.983, 148
Trd, 000287.850, 150
Trd, 000288.350, 156
Trd, 000289.350, 153
Trd, 000289.383, 151
Trd, 000289.633, 154
Trd, 000289.950, 154
Trd, 000290.000, 162.0
Trd, 000290.633, 155
Trd, 000290.933, 150
Trd, 000291.833, 155
Trd, 000291.850, 152
Trd, 000293.117, 153
Trd, 000293.200, 151
Trd, 000293.433, 151.0
Trd, 000293.683, 149
Trd, 000293.917, 153.0
Trd, 000294.283, 154.0
Trd, 000295.617, 151
Trd, 000296.067, 154
Trd, 000296.417, 155.0
Trd, 000296.933, 153
Trd, 000297.317, 155
Trd, 000297.467, 151.0
Trd, 000298.133, 151
Trd, 000298.150, 156
Trd, 000298.233, 149
Trd, 000298.317, 158.0
Trd, 000298.633, 153
Trd, 000298.733, 149
Trd, 000299.100, 162.0
Trd, 000299.617, 147
