Trd, 000001.533, 176
Trd, 000001.967, 131
Trd, 000002.733, 119
Trd, 000002.767, 125
Trd, 000003.133, 125
Trd, 000004.517, 127.0
Trd, 000004.717, 146
Trd, 000005.833, 147.0
Trd, 000005.983, 146
Trd, 000006.417, 148.0
Trd, 000007.383, 139
Trd, 000008.150, 151.0
Trd, 000009.167, 151.0
Trd, 000009.217, 152
Trd, 000009.983, 153.0
Trd, 000010.283, 153.0
Trd, 000010.467, 154.0
Trd, 000011.000, 149
Trd, 000011.133, 153
Trd, 000011.183, 155.0
Trd, 000012.617, 167
Trd, 000013.050, 166
Trd, 000013.217, 163
Trd, 000013.750, 157
Trd, 000014.083, 158
Trd, 000014.300, 157
Trd, 000014.683, 161
Trd, 000015.683, 154
Trd, 000016.033, 153.0
Trd, 000016.333, 152
Trd, 000017.150, 153
Trd, 000017.650, 153.0
Trd, 000017.833, 155.0
Trd, 000018.367, 153.0
Trd, 000018.733, 155.0
Trd, 000018.767, 164.0
Trd, 000018.917, 154
Trd, 000019.083, 153
Trd, 000019.300, 154
Trd, 000020.117, 157
Trd, 000020.400, 151.0
Trd, 000020.450, 165.0
Trd, 000020.850, 151
Trd, 000021.417, 145
Trd, 000021.500, 157
Trd, 000021.917, 137
Trd, 000023.067, 127.0
Trd, 000023.767, 146
Trd, 000024.133, 148.0
Trd, 000024.150, 149
Trd, 000025.283, 153.0
Trd, 000025.717, 153.0
Trd, 000025.983, 154.0
Trd, 000026.533, 155.0
Trd, 000027.967, 158
Trd, 000027.983, 156
Trd, 000028.000, 155.0
Trd, 000028.183, 154.0
Trd, 000028.683, 157
Trd, 000030.167, 155
Trd, 000030.400, 154
Trd, 000030.817, 153
Trd, 000031.333, 153.0
Trd, 000032.233, 153
Trd, 000032.583, 152
Trd, 000032.983, 154.0
Trd, 000033.283, 155.0
Trd, 000033.833, 151
Trd, 000033.933, 161
Trd, 000034.100, 151.0
Trd, 000034.667, 154
Trd, 000035.500, 152
Trd, 000035.517, 153
Trd, 000035.917, 154
Trd, 000036.833, 154
Trd, 000038.250, 161.0
Trd, 000038.600, 162.0
Trd, 000039.667, 161.0
Trd, 000039.783, 160
Trd, 000039.800, 155
Trd, 000040.150, 164.0
Trd, 000040.217, 152.0
Trd, 000041.083, 151.0
Trd, 000042.850, 156
Trd, 000043.033, 156
Trd, 000043.567, 155
Trd, 000043.667, 154
Trd, 000043.867, 153
Trd, 000044.900, 152.0
Trd, 000044.983, 155
Trd, 000045.567, 152
Trd, 000045.767, 151.0
Trd, 000045.933, 154.0
Trd, 000046.567, 151.0
Trd, 000047.767, 150
Trd, 000048.367, 149
Trd, 000048.483, 147
Trd, 000048.650, 150.0
Trd, 000048.683, 151.0
Trd, 000049.367, 149
Trd, 000049.950, 149
Trd, 000050.433, 150
Trd, 000050.850, 149
Trd, 000050.950, 151
Trd, 000053.967, 153
Trd, 000054.250, 153
Trd, 000054.700, 153.0
Trd, 000055.050, 152
Trd, 000055.633, 151.0
Trd, 000055.967, 150
Trd, 000056.300, 151.0
Trd, 000056.667, 151
Trd, 000057.050, 149
Trd, 000057.067, 147
Trd, 000057.683, 148.0
Trd, 000057.983, 148.0
Trd, 000058.233, 152.0
Trd, 000060.483, 152
Trd, 000060.783, 152
Trd, 000061.050, 151.0
Trd, 000061.067, 148
Trd, 000061.683, 148
Trd, 000061.867, 155.0
Trd, 000062.583, 155.0
Trd, 000062.867, 150
Trd, 000064.217, 151
Trd, 000064.933, 153
Trd, 000065.450, 167
Trd, 000065.517, 151
Trd, 000066.350, 151.0
Trd, 000067.967, 153
Trd, 000068.483, 152
Trd, 000068.750, 152
Trd, 000069.100, 154
Trd, 000069.850, 154
Trd, 000070.817, 153
Trd, 000071.750, 152
Trd, 000072.383, 152
Trd, 000072.400, 153
Trd, 000073.033, 151
Trd, 000073.400, 152.0
Trd, 000073.767, 165.0
Trd, 000074.000, 151.0
Trd, 000074.717, 154
Trd, 000074.733, 153
Trd, 000075.133, 147
Trd, 000075.267, 151.0
Trd, 000076.217, 147.0
Trd, 000076.367, 147.0
Trd, 000076.550, 124.0
Trd, 000078.017, 147
Trd, 000079.083, 147
Trd, 000079.167, 148
Trd, 000079.283, 149
Trd, 000079.533, 145
Trd, 000079.717, 151.0
Trd, 000080.017, 155.0
Trd, 000080.183, 141
Trd, 000080.317, 151
Trd, 000081.183, 144
Trd, 000081.633, 145
Trd, 000081.750, 144
Trd, 000082.533, 150.0
Trd, 000083.117, 145
Trd, 000083.417, 140
Trd, 000084.350, 147.0
Trd, 000085.100, 147.0
Trd, 000085.333, 148.0
Trd, 000085.683, 145
Trd, 000086.350, 143
Trd, 000086.633, 146
Trd, 000086.883, 151.0
Trd, 000088.600, 146
Trd, 000090.233, 145
Trd, 000090.317, 144
Trd, 000090.367, 146
Trd, 000090.383, 143
Trd, 000090.667, 148.0
Trd, 000090.833, 155
Trd, 000091.383, 151.0
Trd, 000091.850, 153.0
Trd, 000092.200, 153.0
Trd, 000092.300, 147
Trd, 000092.517, 145
Trd, 000093.183, 144
Trd, 000095.050, 149
Trd, 000095.083, 150
Trd, 000095.117, 155.0
Trd, 000095.850, 151.0
Trd, 000095.933, 150
Trd, 000096.967, 151
Trd, 000097.333, 152.0
Trd, 000097.650, 151
Trd, 000099.067, 151.0
Trd, 000099.233, 151
Trd, 000099.467, 152
Trd, 000099.650, 155
Trd, 000100.300, 150
Trd, 000101.900, 154.0
Trd, 000102.000, 151.0
Trd, 000102.033, 155.0
Trd, 000102.300, 151
Trd, 000103.733, 151
Trd, 000104.333, 150
Trd, 000104.900, 149
Trd, 000104.933, 150
Trd, 000105.867, 140
Trd, 000106.083, 150
Trd, 000106.583, 140
Trd, 000107.033, 148
Trd, 000107.267, 149
Trd, 000108.000, 148
Trd, 000109.400, 152
Trd, 000110.433, 152
Trd, 000110.817, 152.0
Trd, 000110.933, 155.0
Trd, 000111.300, 153
Trd, 000111.467, 152
Trd, 000111.967, 152
Trd, 000112.283, 162
Trd, 000113.817, 159
Trd, 000113.917, 156
Trd, 000114.333, 162
Trd, 000114.433, 156
Trd, 000114.950, 156
Trd, 000115.550, 155
Trd, 000115.733, 157
Trd, 000115.817, 156
Trd, 000116.200, 155
Trd, 000116.950, 156
Trd, 000117.950, 155.0
Trd, 000118.050, 151.0
Trd, 000118.517, 154
Trd, 000118.667, 155
Trd, 000119.117, 156
Trd, 000119.333, 155
Trd, 000120.050, 152.0
Trd, 000120.417, 151.0
Trd, 000121.000, 141
Trd, 000122.283, 163
Trd, 000123.200, 164
Trd, 000123.400, 159
Trd, 000124.133, 159
Trd, 000124.700, 163.0
Trd, 000124.983, 162
Trd, 000125.200, 164.0
Trd, 000125.883, 161
Trd, 000126.050, 154
Trd, 000127.050, 154.0
Trd, 000127.200, 153.0
Trd, 000127.417, 160
Trd, 000127.567, 156
Trd, 000128.583, 151.0
Trd, 000129.217, 164.0
Trd, 000131.250, 161
Trd, 000131.383, 159
Trd, 000131.533, 164.0
Trd, 000131.767, 160
Trd, 000131.800, 155
Trd, 000132.500, 158
Trd, 000133.117, 153.0
Trd, 000133.167, 151.0
Trd, 000134.383, 141
Trd, 000135.750, 155
Trd, 000136.417, 153
Trd, 000136.933, 154
Trd, 000137.383, 152
Trd, 000137.917, 152.0
Trd, 000138.617, 151
Trd, 000138.833, 151
Trd, 000139.017, 148
Trd, 000140.083, 150.0
Trd, 000140.333, 150
Trd, 000140.533, 150.0
Trd, 000140.783, 138
Trd, 000141.250, 150.0
Trd, 000142.167, 137
Trd, 000142.617, 150.0
Trd, 000143.217, 148.0
Trd, 000143.750, 148
Trd, 000144.600, 141
Trd, 000144.883, 141.0
Trd, 000144.900, 149.0
Trd, 000144.917, 151.0
Trd, 000145.333, 143
Trd, 000145.583, 155.0
Trd, 000145.867, 143
Trd, 000146.883, 148
Trd, 000147.133, 162.0
Trd, 000148.367, 155
Trd, 000148.950, 161.0
Trd, 000149.100, 155
Trd, 000149.733, 157
Trd, 000149.900, 155
Trd, 000149.967, 152
Trd, 000149.983, 151.0
Trd, 000151.350, 152
Trd, 000151.600, 157
Trd, 000152.400, 134
Trd, 000153.400, 153.0
Trd, 000153.517, 154.0
Trd, 000153.717, 155.0
Trd, 000154.967, 154
Trd, 000155.050, 152
Trd, 000155.217, 151
Trd, 000156.217, 155
Trd, 000157.033, 152
Trd, 000157.383, 164.0
Trd, 000157.633, 151
Trd, 000159.233, 159
Trd, 000159.450, 161.0
Trd, 000159.750, 158
Trd, 000160.150, 153
Trd, 000160.883, 153.0
Trd, 000161.083, 155.0
Trd, 000161.817, 152.0
Trd, 000163.583, 156
Trd, 000164.217, 155
Trd, 000164.400, 156
Trd, 000164.683, 155
Trd, 000164.700, 156
Trd, 000165.017, 141
Trd, 000165.067, 165.0
Trd, 000165.533, 150.0
Trd, 000165.917, 151.0
Trd, 000166.217, 153
Trd, 000166.250, 146
Trd, 000166.367, 145
Trd, 000166.483, 154
Trd, 000166.900, 140
Trd, 000167.150, 151.0
Trd, 000167.867, 146
Trd, 000168.817, 142
Trd, 000169.700, 143
Trd, 000170.567, 143
Trd, 000171.133, 142
Trd, 000171.467, 146.0
Trd, 000172.133, 148.0
Trd, 000173.217, 154.0
Trd, 000173.800, 153.0
Trd, 000174.433, 152
Trd, 000174.950, 152
Trd, 000175.167, 152
Trd, 000175.250, 152
Trd, 000176.000, 151
Trd, 000176.167, 151.0
Trd, 000176.183, 155.0
Trd, 000176.867, 151.0
Trd, 000177.300, 164
Trd, 000177.833, 156
Trd, 000179.100, 160
Trd, 000179.167, 154
Trd, 000180.317, 160
Trd, 000181.017, 161
Trd, 000181.133, 155
Trd, 000181.250, 154
Trd, 000181.967, 153
Trd, 000181.983, 152
Trd, 000182.017, 140
Trd, 000183.667, 168
Trd, 000184.283, 176
Trd, 000185.033, 162
Trd, 000185.150, 161
Trd, 000185.683, 161
Trd, 000185.967, 160
Trd, 000186.150, 159
Trd, 000186.733, 161
Trd, 000186.833, 160
Trd, 000187.433, 160
Trd, 000187.500, 159
Trd, 000188.300, 158
Trd, 000188.850, 156
Trd, 000189.800, 165.0
Trd, 000191.133, 158
Trd, 000191.933, 152.0
Trd, 000192.417, 153.0
Trd, 000192.750, 152.0
Trd, 000193.600, 152.0
Trd, 000193.767, 155.0
Trd, 000195.267, 159
Trd, 000195.617, 162
Trd, 000195.717, 163
Trd, 000196.717, 164.0
Trd, 000197.117, 158
Trd, 000197.783, 156
Trd, 000198.033, 157
Trd, 000198.500, 157
Trd, 000199.333, 158
Trd, 000199.667, 161
Trd, 000199.933, 158
Trd, 000200.100, 164.0
Trd, 000201.600, 151.0
Trd, 000202.033, 159.0
Trd, 000202.300, 162.0
Trd, 000202.617, 164.0
Trd, 000204.483, 157
Trd, 000204.983, 164.0
Trd, 000205.067, 157
Trd, 000205.783, 160
Trd, 000206.233, 161.0
Trd, 000206.867, 161
Trd, 000207.117, 160
Trd, 000207.650, 159.0
Trd, 000207.833, 158
Trd, 000207.983, 138
Trd, 000208.050, 124.0
Trd, 000208.383, 155
Trd, 000208.750, 151.0
Trd, 000209.833, 154
Trd, 000209.933, 155
Trd, 000210.367, 151
Trd, 000211.117, 155.0
Trd, 000211.167, 151
Trd, 000213.183, 165.0
Trd, 000213.800, 155.0
Trd, 000214.133, 151.0
Trd, 000214.550, 152
Trd, 000214.883, 168
Trd, 000214.900, 153
Trd, 000215.833, 152
Trd, 000216.133, 153
Trd, 000216.800, 160
Trd, 000218.200, 157
Trd, 000218.267, 158
Trd, 000218.367, 154
Trd, 000218.933, 156
Trd, 000219.117, 156
Trd, 000219.267, 155
Trd, 000220.000, 157
Trd, 000221.417, 157
Trd, 000221.517, 158
Trd, 000222.133, 157
Trd, 000222.883, 152.0
Trd, 000223.333, 151.0
Trd, 000223.367, 155
Trd, 000223.783, 156
Trd, 000224.717, 153
Trd, 000225.083, 154.0
Trd, 000225.417, 155.0
Trd, 000226.500, 163.0
Trd, 000226.600, 156
Trd, 000226.667, 155
Trd, 000227.150, 153
Trd, 000227.417, 153
Trd, 000227.917, 163.0
Trd, 000228.033, 165.0
Trd, 000228.317, 140
Trd, 000228.550, 136
Trd, 000228.883, 150.0
Trd, 000229.450, 150.0
Trd, 000229.983, 151.0
Trd, 000230.300, 150
Trd, 000231.917, 155.0
Trd, 000232.233, 155
Trd, 000233.050, 157
Trd, 000233.600, 156
Trd, 000233.783, 155
Trd, 000233.933, 157
Trd, 000234.117, 154
Trd, 000234.450, 153
Trd, 000234.533, 154
Trd, 000235.233, 152
Trd, 000235.867, 159
Trd, 000236.333, 158
Trd, 000236.483, 157
Trd, 000237.100, 157
Trd, 000237.767, 155
Trd, 000238.967, 155
Trd, 000239.683, 154
Trd, 000240.117, 152.0
Trd, 000240.333, 153.0
Trd, 000240.383, 151.0
Trd, 000240.400, 154
Trd, 000240.817, 149
Trd, 000241.217, 149
Trd, 000241.333, 149
Trd, 000241.550, 148
Trd, 000242.017, 151.0
Trd, 000242.317, 150
Trd, 000242.533, 147
Trd, 000243.117, 144.0
Trd, 000243.533, 154.0
Trd, 000243.917, 138
Trd, 000244.267, 134
Trd, 000245.050, 144
Trd, 000245.717, 144
Trd, 000245.833, 145
Trd, 000246.317, 145
Trd, 000247.017, 147.0
Trd, 000247.950, 148.0
Trd, 000248.900, 149.0
Trd, 000249.150, 150.0
Trd, 000249.183, 151.0
Trd, 000249.800, 150
Trd, 000250.283, 151.0
Trd, 000250.767, 152.0
Trd, 000251.367, 152.0
Trd, 000251.483, 150.0
Trd, 000251.517, 154.0
Trd, 000252.117, 150
Trd, 000252.333, 151.0
Trd, 000252.367, 149
Trd, 000252.717, 153.0
Trd, 000253.717, 152.0
Trd, 000253.950, 154
Trd, 000254.150, 155.0
Trd, 000254.217, 148
Trd, 000254.233, 148
Trd, 000254.300, 151.0
Trd, 000254.683, 163
Trd, 000255.733, 152
Trd, 000256.350, 153
Trd, 000256.600, 154
Trd, 000257.617, 151.0
Trd, 000257.717, 151
Trd, 000257.733, 150
Trd, 000257.850, 151
Trd, 000258.367, 150
Trd, 000258.467, 149
Trd, 000258.867, 151
Trd, 000258.917, 146
Trd, 000259.067, 144.0
Trd, 000259.867, 154.0
Trd, 000260.850, 157.0
Trd, 000261.967, 151.0
Trd, 000262.367, 150
Trd, 000262.733, 151.0
Trd, 000263.633, 152
Trd, 000264.317, 153.0
Trd, 000264.950, 154.0
Trd, 000265.400, 155.0
Trd, 000265.633, 154
Trd, 000265.817, 153
Trd, 000266.283, 152
Trd, 000266.300, 155.0
Trd, 000266.917, 155.0
Trd, 000266.933, 151.0
Trd, 000267.517, 151
Trd, 000267.633, 155.0
Trd, 000267.800, 155.0
Trd, 000268.000, 157.0
Trd, 000268.117, 148
Trd, 000268.250, 140
Trd, 000270.083, 150.0
Trd, 000270.200, 145.0
Trd, 000270.700, 144.0
Trd, 000270.767, 148.0
Trd, 000271.000, 146.0
Trd, 000271.267, 151.0
Trd, 000271.450, 147
Trd, 000272.017, 151
Trd, 000272.483, 153
Trd, 000273.150, 158.0
Trd, 000273.717, 160
Trd, 000274.133, 160
Trd, 000274.383, 156
Trd, 000274.517, 153
Trd, 000275.217, 154
Trd, 000275.650, 152
Trd, 000275.967, 154
Trd, 000276.250, 155.0
Trd, 000276.467, 155
Trd, 000276.633, 165.0
Trd, 000277.250, 151.0
Trd, 000277.900, 159
Trd, 000278.100, 158.0
Trd, 000279.367, 165
Trd, 000279.650, 164
Trd, 000279.667, 165
Trd, 000280.033, 164
Trd, 000280.117, 166
Trd, 000280.150, 158
Trd, 000281.167, 148.0
Trd, 000281.433, 154
Trd, 000281.900, 158
Trd, 000282.883, 140.0
Trd, 000283.033, 134
Trd, 000283.267, 143
Trd, 000283.850, 155.0
Trd, 000284.217, 158.0
Trd, 000284.383, 151.0
Trd, 000285.767, 152
Trd, 000285.850, 151
Trd, 000286.417, 153
Trd, 000286.633, 161
Trd, 000287.933, 157
Trd, 000288.000, 158
Trd, 000289.500, 156
Trd, 000290.283, 154
Trd, 000290.500, 148
Trd, 000290.967, 144
Trd, 000291.117, 151.0
Trd, 000291.267, 154
Trd, 000291.400, 155
Trd, 000291.633, 145.0
Trd, 000291.683, 155.0
Trd, 000291.733, 157
Trd, 000292.217, 155
Trd, 000292.983, 151.0
Trd, 000294.217, 149
Trd, 000294.417, 145.0
Trd, 000294.733, 150
Trd, 000295.317, 145
Trd, 000295.767, 148
Trd, 000296.017, 149
Trd, 000296.333, 147
Trd, 000296.900, 144
Trd, 000297.217, 146.0
Trd, 000297.667, 147
Trd, 000297.883, 144.0
Trd, 000297.917, 155.0
Trd, 000298.283, 157
Trd, 000298.433, 158.0
Trd, 000299.733, 155.0
