Trd, 000001.450, 103.0
Trd, 000002.200, 113.0
Trd, 000002.400, 141.0
Trd, 000003.333, 144.0
Trd, 000003.767, 126
Trd, 000005.383, 137
Trd, 000005.433, 136
Trd, 000005.850, 139
Trd, 000006.150, 147.0
Trd, 000007.450, 153
Trd, 000008.750, 156.0
Trd, 000009.717, 158
Trd, 000010.150, 158
Trd, 000010.250, 158.0
Trd, 000010.683, 163
Trd, 000010.850, 159
Trd, 000011.117, 165.0
Trd, 000011.400, 162
Trd, 000011.467, 154
Trd, 000011.817, 166
Trd, 000012.800, 172.0
Trd, 000013.617, 172
Trd, 000013.917, 165.0
Trd, 000014.767, 165.0
Trd, 000015.000, 163.0
Trd, 000016.017, 162
Trd, 000016.233, 163
Trd, 000016.417, 164
Trd, 000016.533, 161
Trd, 000016.650, 160.0
Trd, 000018.150, 160.0
Trd, 000018.500, 158.0
Trd, 000018.567, 159
Trd, 000018.733, 152.0
Trd, 000018.933, 151.0
Trd, 000019.167, 163
Trd, 000021.283, 159
Trd, 000021.767, 158.0
Trd, 000021.917, 159.0
Trd, 000022.867, 157
Trd, 000023.350, 147
Trd, 000023.733, 154
Trd, 000024.133, 151.0
Trd, 000024.183, 155.0
Trd, 000025.167, 148.0
Trd, 000025.200, 151
Trd, 000025.633, 151
Trd, 000026.367, 151
Trd, 000026.817, 162
Trd, 000027.717, 157
Trd, 000028.217, 161.0
Trd, 000028.367, 157
Trd, 000028.850, 157
Trd, 000029.483, 158
Trd, 000030.150, 158
Trd, 000030.500, 158
Trd, 000030.967, 155
Trd, 000031.017, 159.0
Trd, 000031.533, 165.0
Trd, 000031.833, 158
Trd, 000033.467, 159.0
Trd, 000033.600, 159.0
Trd, 000033.683, 158.0
Trd, 000033.950, 158
Trd, 000034.100, 155.0
Trd, 000034.433, 155
Trd, 000035.317, 155
Trd, 000035.417, 156
Trd, 000035.683, 156
Trd, 000036.650, 158
Trd, 000036.950, 152.0
Trd, 000037.033, 158
Trd, 000037.533, 151.0
Trd, 000037.917, 148
Trd, 000038.583, 159
Trd, 000039.633, 158
Trd, 000039.983, 159
Trd, 000041.250, 159
Trd, 000041.300, 158.0
Trd, 000042.067, 158
Trd, 000042.417, 158.0
Trd, 000044.067, 157
Trd, 000044.200, 156
Trd, 000044.433, 151.0
Trd, 000045.750, 151
Trd, 000046.050, 150
Trd, 000046.367, 151
Trd, 000047.233, 149
Trd, 000047.333, 148
Trd, 000047.917, 152
Trd, 000048.300, 147
Trd, 000048.417, 150
Trd, 000049.217, 150
Trd, 000049.750, 151
Trd, 000049.933, 148
Trd, 000050.417, 160
Trd, 000050.933, 148
Trd, 000052.867, 150
Trd, 000053.067, 149
Trd, 000053.250, 148
Trd, 000053.267, 147
Trd, 000053.450, 155
Trd, 000054.567, 155.0
Trd, 000054.933, 156
Trd, 000055.733, 157.0
Trd, 000056.667, 158.0
Trd, 000056.817, 159.0
Trd, 000056.900, 158.0
Trd, 000057.183, 151.0
Trd, 000057.217, 147
Trd, 000058.350, 147.0
Trd, 000058.700, 145
Trd, 000058.883, 143
Trd, 000059.617, 147.0
Trd, 000059.917, 146
Trd, 000060.017, 148.0
Trd, 000061.533, 153.0
Trd, 000062.067, 155.0
Trd, 000062.317, 152
Trd, 000063.150, 153.0
Trd, 000063.333, 154.0
Trd, 000063.767, 164
Trd, 000065.517, 158.0
Trd, 000066.283, 157
Trd, 000066.583, 156.0
Trd, 000066.717, 155.0
Trd, 000068.100, 151.0
Trd, 000068.400, 147.0
Trd, 000069.200, 144.0
Trd, 000069.417, 143
Trd, 000069.683, 146
Trd, 000069.700, 147
Trd, 000069.750, 148.0
Trd, 000070.667, 148
Trd, 000070.733, 147
Trd, 000071.417, 145
Trd, 000072.917, 148
Trd, 000073.433, 146
Trd, 000074.183, 146
Trd, 000074.267, 144
Trd, 000075.250, 145
Trd, 000075.400, 143
Trd, 000075.567, 146
Trd, 000076.533, 148.0
Trd, 000077.050, 147
Trd, 000077.367, 148
Trd, 000077.767, 154.0
Trd, 000078.133, 154.0
Trd, 000078.350, 151
Trd, 000078.883, 154
Trd, 000079.167, 150
Trd, 000079.833, 144.0
Trd, 000080.200, 147
Trd, 000080.667, 148.0
Trd, 000081.667, 147
Trd, 000082.033, 147
Trd, 000082.683, 148
Trd, 000082.950, 146
Trd, 000083.783, 174.0
Trd, 000083.883, 173.0
Trd, 000084.233, 172.0
Trd, 000085.033, 172
Trd, 000085.483, 170
Trd, 000086.483, 151.0
Trd, 000087.300, 148
Trd, 000087.650, 158
Trd, 000088.267, 159
Trd, 000088.950, 156
Trd, 000090.333, 153
Trd, 000090.633, 151
Trd, 000090.883, 154
Trd, 000091.000, 156
Trd, 000092.850, 151
Trd, 000093.350, 154
Trd, 000093.433, 155
Trd, 000093.600, 154.0
Trd, 000094.633, 154.0
Trd, 000094.883, 152.0
Trd, 000095.217, 154.0
Trd, 000095.500, 155.0
Trd, 000095.517, 152.0
Trd, 000096.117, 151.0
Trd, 000098.033, 153
Trd, 000098.917, 153
Trd, 000099.183, 151.0
Trd, 000099.750, 151
Trd, 000099.867, 151
Trd, 000100.200, 152
Trd, 000100.700, 151
Trd, 000101.933, 150
Trd, 000101.983, 149
Trd, 000102.117, 147
Trd, 000102.183, 163.0
Trd, 000102.833, 155
Trd, 000103.300, 156
Trd, 000103.567, 153.0
Trd, 000104.050, 151
Trd, 000104.183, 151.0
Trd, 000105.933, 161.0
Trd, 000106.400, 157
Trd, 000107.633, 157
Trd, 000108.067, 155
Trd, 000108.433, 155
Trd, 000108.450, 156.0
Trd, 000108.467, 154
Trd, 000109.433, 153
Trd, 000109.950, 154.0
Trd, 000111.000, 158
Trd, 000111.167, 158
Trd, 000111.183, 157
Trd, 000111.283, 156
Trd, 000111.500, 159
Trd, 000113.017, 159
Trd, 000113.150, 160
Trd, 000113.450, 158
Trd, 000113.600, 157
Trd, 000114.533, 160
Trd, 000114.600, 162
Trd, 000114.867, 164
Trd, 000115.167, 156
Trd, 000115.283, 155
Trd, 000115.467, 147
Trd, 000116.817, 154.0
Trd, 000117.650, 156
Trd, 000117.800, 155
Trd, 000118.267, 155
Trd, 000118.933, 155
Trd, 000119.050, 154
Trd, 000119.500, 151.0
Trd, 000120.583, 149
Trd, 000120.617, 155
Trd, 000120.850, 147
Trd, 000120.883, 148.0
Trd, 000122.167, 147
Trd, 000122.583, 147
Trd, 000122.750, 165.0
Trd, 000123.300, 165.0
Trd, 000123.633, 161
Trd, 000123.867, 165
Trd, 000124.650, 187
Trd, 000124.867, 177
Trd, 000124.950, 147
Trd, 000125.967, 160
Trd, 000126.917, 174
Trd, 000127.483, 167.0
Trd, 000128.567, 172.0
Trd, 000128.883, 173
Trd, 000129.300, 166.0
Trd, 000129.750, 165.0
Trd, 000129.767, 161
Trd, 000129.850, 158.0
Trd, 000130.833, 164.0
Trd, 000131.483, 154.0
Trd, 000132.033, 152.0
Trd, 000132.050, 151.0
Trd, 000132.583, 156
Trd, 000133.667, 153
Trd, 000134.067, 150
Trd, 000134.500, 154
Trd, 000135.117, 152
Trd, 000136.050, 152
Trd, 000136.083, 151
Trd, 000136.350, 151.0
Trd, 000136.733, 153
Trd, 000137.050, 154
Trd, 000137.517, 150
Trd, 000138.533, 156
Trd, 000139.517, 154
Trd, 000139.983, 155
Trd, 000140.167, 154
Trd, 000140.917, 155.0
Trd, 000140.983, 154
Trd, 000141.533, 152
Trd, 000141.633, 155
Trd, 000141.717, 151.0
Trd, 000142.083, 172
Trd, 000143.183, 165.0
Trd, 000143.450, 152
Trd, 000143.633, 151.0
Trd, 000143.850, 147
Trd, 000143.867, 167
Trd, 000144.667, 170
Trd, 000145.950, 162
Trd, 000145.983, 161
Trd, 000146.000, 159
Trd, 000146.717, 162
Trd, 000146.733, 158
Trd, 000146.750, 157
Trd, 000147.367, 159
Trd, 000147.700, 158
Trd, 000148.067, 158.0
Trd, 000149.467, 156
Trd, 000149.733, 164.0
Trd, 000149.950, 165.0
Trd, 000150.067, 158
Trd, 000151.250, 159
Trd, 000151.817, 148
Trd, 000153.283, 158
Trd, 000153.683, 154
Trd, 000153.717, 153
Trd, 000153.983, 154
Trd, 000154.133, 159
Trd, 000154.683, 160
Trd, 000154.933, 156
Trd, 000156.183, 156
Trd, 000156.900, 155
Trd, 000157.317, 158
Trd, 000157.367, 159
Trd, 000157.567, 158
Trd, 000158.400, 163.0
Trd, 000158.700, 157
Trd, 000158.967, 165.0
Trd, 000159.717, 157
Trd, 000160.750, 158
Trd, 000161.000, 159
Trd, 000162.950, 158
Trd, 000163.483, 157
Trd, 000163.517, 157
Trd, 000164.200, 152
Trd, 000164.650, 151.0
Trd, 000165.100, 152
Trd, 000165.583, 148
Trd, 000165.700, 151
Trd, 000165.950, 151
Trd, 000166.983, 151.0
Trd, 000168.067, 153
Trd, 000168.200, 155.0
Trd, 000168.217, 165.0
Trd, 000168.617, 170
Trd, 000168.917, 152
Trd, 000170.200, 165
Trd, 000170.567, 160
Trd, 000171.017, 175
Trd, 000171.117, 160
Trd, 000171.383, 171
Trd, 000172.067, 164
Trd, 000172.833, 161
Trd, 000173.367, 160
Trd, 000174.217, 158.0
Trd, 000174.967, 156.0
Trd, 000175.483, 153.0
Trd, 000175.550, 155
Trd, 000175.650, 152.0
Trd, 000176.350, 155.0
Trd, 000176.600, 156.0
Trd, 000176.783, 157.0
Trd, 000177.017, 157
Trd, 000178.850, 160
Trd, 000179.350, 157
Trd, 000180.017, 157
Trd, 000180.133, 152.0
Trd, 000180.150, 151.0
Trd, 000180.417, 156
Trd, 000180.517, 148
Trd, 000181.717, 152.0
Trd, 000182.550, 152.0
Trd, 000182.567, 153
Trd, 000182.833, 153
Trd, 000183.683, 156.0
Trd, 000183.883, 156.0
Trd, 000185.250, 152.0
Trd, 000185.650, 155
Trd, 000185.883, 155
Trd, 000185.900, 157
Trd, 000186.200, 151
Trd, 000186.600, 152
Trd, 000186.783, 151.0
Trd, 000187.083, 147
Trd, 000187.150, 146
Trd, 000187.900, 131
Trd, 000189.650, 146
Trd, 000189.700, 144
Trd, 000189.850, 146.0
Trd, 000190.500, 144
Trd, 000190.700, 148.0
Trd, 000192.433, 147
Trd, 000192.450, 154.0
Trd, 000193.267, 152.0
Trd, 000193.600, 149
Trd, 000193.917, 155.0
Trd, 000194.267, 147
Trd, 000194.383, 146
Trd, 000195.400, 149
Trd, 000195.417, 154
Trd, 000196.300, 151.0
Trd, 000196.967, 151
Trd, 000197.067, 150
Trd, 000197.700, 151
Trd, 000197.867, 150
Trd, 000198.400, 150
Trd, 000199.500, 151
Trd, 000199.533, 162.0
Trd, 000200.200, 151
Trd, 000201.183, 152.0
Trd, 000201.817, 151.0
Trd, 000202.250, 154.0
Trd, 000203.517, 151
Trd, 000204.267, 150
Trd, 000204.283, 149
Trd, 000204.467, 151.0
Trd, 000204.933, 152.0
Trd, 000204.967, 153.0
Trd, 000205.650, 153
Trd, 000205.817, 154
Trd, 000206.033, 152.0
Trd, 000206.317, 151.0
Trd, 000206.817, 148.0
Trd, 000207.050, 155.0
Trd, 000207.367, 148
Trd, 000207.383, 147
Trd, 000207.600, 153
Trd, 000208.967, 157
Trd, 000209.767, 156
Trd, 000210.117, 153
Trd, 000210.733, 151
Trd, 000211.683, 153
Trd, 000212.217, 148
Trd, 000213.233, 151
Trd, 000213.467, 151.0
Trd, 000214.317, 155.0
Trd, 000214.900, 162.0
Trd, 000214.933, 159
Trd, 000215.167, 161
Trd, 000215.433, 160
Trd, 000215.817, 159
Trd, 000216.433, 159
Trd, 000216.483, 158.0
Trd, 000216.517, 147
Trd, 000217.817, 144.0
Trd, 000218.783, 153.0
Trd, 000219.117, 153
Trd, 000219.783, 151
Trd, 000219.867, 153.0
Trd, 000220.317, 165.0
Trd, 000220.783, 170
Trd, 000220.883, 171
Trd, 000222.233, 158.0
Trd, 000222.517, 158
Trd, 000223.700, 158
Trd, 000223.967, 158
Trd, 000224.150, 164
Trd, 000225.167, 165.0
Trd, 000226.150, 164
Trd, 000226.167, 165
Trd, 000226.350, 166
Trd, 000226.933, 160
Trd, 000227.233, 158.0
Trd, 000227.650, 163
Trd, 000228.200, 151.0
Trd, 000228.267, 147
Trd, 000228.917, 158
Trd, 000229.533, 155
Trd, 000229.783, 157
Trd, 000230.133, 158
Trd, 000230.367, 142
Trd, 000231.783, 156
Trd, 000232.083, 155
Trd, 000232.150, 165.0
Trd, 000232.683, 154
Trd, 000232.700, 153
Trd, 000233.350, 180
Trd, 000233.817, 153
Trd, 000235.083, 157
Trd, 000235.633, 155
Trd, 000236.483, 155
Trd, 000236.800, 156
Trd, 000237.083, 154
Trd, 000237.117, 154
Trd, 000237.750, 157
Trd, 000237.867, 155.0
Trd, 000238.000, 165.0
Trd, 000238.417, 152.0
Trd, 000238.883, 139
Trd, 000240.017, 151
Trd, 000240.283, 151.0
Trd, 000240.533, 149
Trd, 000241.000, 149
Trd, 000241.017, 148
Trd, 000241.067, 150
Trd, 000241.117, 152
Trd, 000241.433, 149
Trd, 000242.767, 147
Trd, 000242.850, 151
Trd, 000243.217, 145.0
Trd, 000243.917, 145.0
Trd, 000245.067, 144.0
Trd, 000245.300, 143
Trd, 000245.400, 148
Trd, 000245.450, 147
Trd, 000246.033, 147
Trd, 000246.083, 148.0
Trd, 000246.117, 145
Trd, 000246.833, 140
Trd, 000247.317, 147
Trd, 000247.500, 148
Trd, 000248.050, 147
Trd, 000248.783, 149
Trd, 000249.517, 145
Trd, 000249.567, 144
Trd, 000250.050, 146.0
Trd, 000250.300, 148.0
Trd, 000250.467, 149.0
Trd, 000250.867, 144.0
Trd, 000251.867, 156
Trd, 000251.950, 155.0
Trd, 000252.500, 156
Trd, 000252.817, 156
Trd, 000253.500, 156
Trd, 000254.367, 168
Trd, 000254.400, 167
Trd, 000254.617, 167.0
Trd, 000254.767, 163
Trd, 000254.917, 158.0
Trd, 000255.617, 167.0
Trd, 000256.133, 165.0
Trd, 000256.417, 163
Trd, 000256.733, 161
Trd, 000257.183, 158
Trd, 000257.767, 148.0
Trd, 000257.967, 146.0
Trd, 000258.350, 154
Trd, 000258.483, 144.0
Trd, 000259.500, 140
Trd, 000259.950, 141
Trd, 000260.150, 139
Trd, 000260.167, 138.0
Trd, 000260.450, 143
Trd, 000260.533, 144
Trd, 000260.783, 142.0
Trd, 000261.750, 144.0
Trd, 000261.800, 140.0
Trd, 000262.000, 151
Trd, 000263.367, 154
Trd, 000263.633, 148
Trd, 000263.750, 152
Trd, 000263.767, 151
Trd, 000264.500, 148
Trd, 000264.933, 149
Trd, 000265.417, 150
Trd, 000265.783, 149
Trd, 000266.150, 151
Trd, 000266.300, 150
Trd, 000266.800, 149
Trd, 000266.867, 153
Trd, 000267.667, 153.0
Trd, 000268.483, 149
Trd, 000268.750, 148
Trd, 000269.017, 148.0
Trd, 000269.067, 151
Trd, 000269.600, 147
Trd, 000270.233, 147
Trd, 000270.667, 148
Trd, 000270.767, 147
Trd, 000271.283, 144.0
Trd, 000272.317, 140
Trd, 000272.650, 137.0
Trd, 000273.117, 140
Trd, 000273.617, 141.0
Trd, 000273.817, 144
Trd, 000274.150, 145
Trd, 000274.483, 155.0
Trd, 000274.567, 160
Trd, 000274.683, 154.0
Trd, 000274.733, 153.0
Trd, 000275.400, 163.0
Trd, 000275.517, 157
Trd, 000275.883, 157
Trd, 000276.417, 151.0
Trd, 000276.500, 145
Trd, 000276.867, 144.0
Trd, 000277.533, 144
Trd, 000277.933, 145
Trd, 000278.633, 164.0
Trd, 000279.583, 153
Trd, 000279.833, 157.0
Trd, 000279.950, 153
Trd, 000280.067, 154
Trd, 000280.133, 146
Trd, 000280.383, 155
Trd, 000280.883, 152
Trd, 000281.083, 156
Trd, 000281.200, 152
Trd, 000281.517, 152
Trd, 000282.333, 156
Trd, 000282.350, 152
Trd, 000282.733, 147
Trd, 000283.300, 152
Trd, 000283.367, 154
Trd, 000284.100, 153
Trd, 000284.200, 154.0
Trd, 000284.583, 154
Trd, 000285.117, 153
Trd, 000285.450, 151
Trd, 000285.917, 151.0
Trd, 000286.550, 150
Trd, 000286.617, 153.0
Trd, 000287.200, 147
Trd, 000287.467, 146
Trd, 000288.800, 148.0
Trd, 000288.917, 150.0
Trd, 000289.700, 151.0
Trd, 000290.050, 147.0
Trd, 000290.533, 150
Trd, 000290.767, 150
Trd, 000291.033, 150.0
Trd, 000291.300, 155.0
Trd, 000291.417, 152.0
Trd, 000291.433, 150.0
Trd, 000291.567, 155.0
Trd, 000292.283, 152
Trd, 000292.567, 151
Trd, 000292.667, 147
Trd, 000293.333, 155
Trd, 000294.150, 172.0
Trd, 000295.267, 166
Trd, 000295.417, 165
Trd, 000295.467, 164
Trd, 000296.333, 161
Trd, 000296.683, 164
Trd, 000296.783, 165
Trd, 000296.850, 158
Trd, 000297.117, 157
Trd, 000297.567, 164
Trd, 000297.733, 156
Trd, 000298.417, 156.0
Trd, 000298.800, 152.0
Trd, 000298.833, 155.0
Trd, 000299.067, 151.0
Trd, 000299.117, 147
