Trd, 000001.333, 144.0
Trd, 000002.000, 143
Trd, 000002.350, 142
Trd, 000002.783, 134.0
Trd, 000003.233, 123
Trd, 000004.050, 141.0
Trd, 000004.533, 143.0
Trd, 000005.417, 153
Trd, 000007.217, 146.0
Trd, 000007.467, 145
Trd, 000007.633, 147.0
Trd, 000008.433, 148.0
Trd, 000008.900, 140.0
Trd, 000009.000, 156.0
Trd, 000009.783, 145
Trd, 000010.133, 149
Trd, 000010.783, 152.0
Trd, 000013.467, 148
Trd, 000013.517, 148
Trd, 000013.550, 147
Trd, 000013.700, 151.0
Trd, 000013.750, 152.0
Trd, 000014.333, 151
Trd, 000014.800, 152
Trd, 000015.283, 148.0
Trd, 000016.250, 147.0
Trd, 000016.433, 148.0
Trd, 000017.033, 151
Trd, 000017.650, 145
Trd, 000017.733, 156.0
Trd, 000017.900, 157.0
Trd, 000018.033, 148
Trd, 000018.550, 158.0
Trd, 000018.783, 148.0
Trd, 000018.917, 147
Trd, 000019.817, 147
Trd, 000020.200, 141
Trd, 000020.233, 151
Trd, 000021.333, 141
Trd, 000022.383, 146
Trd, 000023.033, 147
Trd, 000024.033, 145
Trd, 000024.367, 145
Trd, 000024.417, 145
Trd, 000024.733, 146
Trd, 000025.600, 144.0
Trd, 000025.833, 144
Trd, 000026.150, 146
Trd, 000026.633, 147
Trd, 000026.917, 148.0
Trd, 000029.233, 150.0
Trd, 000029.950, 149.0
Trd, 000030.183, 148.0
Trd, 000030.283, 148
Trd, 000030.533, 144.0
Trd, 000030.767, 168.0
Trd, 000031.617, 158.0
Trd, 000032.850, 151
Trd, 000033.233, 153
Trd, 000033.883, 149
Trd, 000034.000, 150
Trd, 000034.717, 148.0
Trd, 000035.033, 150
Trd, 000035.067, 147
Trd, 000035.200, 150
Trd, 000035.433, 158.0
Trd, 000037.000, 154.0
Trd, 000037.467, 149.0
Trd, 000037.600, 149
Trd, 000039.600, 151
Trd, 000039.867, 153
Trd, 000040.633, 154.0
Trd, 000041.733, 155
Trd, 000041.767, 158.0
Trd, 000044.300, 161.0
Trd, 000044.467, 158.0
Trd, 000044.933, 155
Trd, 000045.117, 159
Trd, 000045.983, 155
Trd, 000047.633, 160
Trd, 000048.267, 164.0
Trd, 000048.783, 164.0
Trd, 000048.800, 156
Trd, 000050.183, 153
Trd, 000051.467, 153.0
Trd, 000051.917, 153
Trd, 000052.000, 152
Trd, 000052.433, 153.0
Trd, 000052.500, 154.0
Trd, 000053.367, 158.0
Trd, 000053.717, 164
Trd, 000054.033, 165
Trd, 000054.150, 160
Trd, 000054.700, 150
Trd, 000055.117, 153
Trd, 000055.700, 149.0
Trd, 000055.717, 155
Trd, 000056.017, 148.0
Trd, 000056.517, 156
Trd, 000056.817, 157
Trd, 000057.033, 147.0
Trd, 000057.250, 168.0
Trd, 000059.167, 147
Trd, 000059.883, 146.0
Trd, 000060.000, 147.0
Trd, 000060.767, 144
Trd, 000061.267, 148.0
Trd, 000061.600, 150
Trd, 000062.567, 152.0
Trd, 000063.200, 152.0
Trd, 000063.317, 158.0
Trd, 000064.550, 152
Trd, 000064.983, 151
Trd, 000065.050, 153
Trd, 000065.433, 167.0
Trd, 000067.283, 157
Trd, 000067.417, 156
Trd, 000068.717, 156.0
Trd, 000068.783, 157.0
Trd, 000069.050, 153
Trd, 000070.050, 148.0
Trd, 000071.367, 153
Trd, 000072.033, 156.0
Trd, 000072.583, 149
Trd, 000072.783, 145.0
Trd, 000073.567, 147
Trd, 000073.667, 152
Trd, 000074.117, 150
Trd, 000075.100, 150
Trd, 000076.200, 148.0
Trd, 000076.533, 148
Trd, 000077.883, 147
Trd, 000078.167, 148
Trd, 000078.767, 146
Trd, 000078.817, 158.0
Trd, 000079.017, 141
Trd, 000079.033, 140
Trd, 000080.100, 160.0
Trd, 000080.367, 162.0
Trd, 000080.650, 158.0
Trd, 000080.950, 144.0
Trd, 000081.133, 158.0
Trd, 000083.317, 151
Trd, 000084.050, 149
Trd, 000084.217, 149.0
Trd, 000084.283, 149
Trd, 000084.383, 150
Trd, 000084.533, 154
Trd, 000084.683, 148.0
Trd, 000085.117, 168.0
Trd, 000085.667, 147
Trd, 000086.000, 146
Trd, 000086.483, 155
Trd, 000086.700, 153
Trd, 000087.950, 151.0
Trd, 000088.267, 153
Trd, 000088.733, 149.0
Trd, 000089.950, 151
Trd, 000090.400, 152
Trd, 000090.417, 150
Trd, 000090.800, 152
Trd, 000090.833, 149
Trd, 000091.683, 154
Trd, 000092.200, 148
Trd, 000093.750, 148.0
Trd, 000093.850, 147
Trd, 000094.067, 148.0
Trd, 000094.117, 154.0
Trd, 000094.183, 158.0
Trd, 000094.450, 168.0
Trd, 000096.867, 162
Trd, 000097.067, 159.0
Trd, 000097.233, 167
Trd, 000097.733, 168
Trd, 000098.367, 159.0
Trd, 000099.267, 158.0
Trd, 000099.917, 154
Trd, 000100.833, 148.0
Trd, 000101.033, 146
Trd, 000102.233, 147.0
Trd, 000102.450, 142
Trd, 000102.483, 140
Trd, 000103.133, 148.0
Trd, 000103.800, 146
Trd, 000104.200, 147
Trd, 000104.467, 143
Trd, 000104.700, 147
Trd, 000105.850, 157.0
Trd, 000107.000, 158.0
Trd, 000107.367, 156
Trd, 000107.750, 157
Trd, 000108.167, 154
Trd, 000109.200, 158.0
Trd, 000109.950, 158.0
Trd, 000110.450, 151
Trd, 000111.300, 160.0
Trd, 000111.317, 162.0
Trd, 000112.117, 159
Trd, 000112.500, 167.0
Trd, 000112.733, 158
Trd, 000113.533, 158.0
Trd, 000114.200, 153
Trd, 000114.617, 150
Trd, 000114.717, 162
Trd, 000115.967, 163
Trd, 000116.017, 148.0
Trd, 000116.383, 160
Trd, 000116.883, 164
Trd, 000116.950, 150
Trd, 000117.767, 162
Trd, 000118.033, 149
Trd, 000119.550, 149.0
Trd, 000120.067, 148.0
Trd, 000120.467, 148
Trd, 000120.817, 148
Trd, 000121.117, 149
Trd, 000121.200, 150
Trd, 000121.417, 158.0
Trd, 000122.667, 168.0
Trd, 000123.233, 156
Trd, 000123.633, 148.0
Trd, 000123.833, 154
Trd, 000125.167, 151
Trd, 000125.250, 152
Trd, 000126.417, 145.0
Trd, 000126.600, 150
Trd, 000126.867, 144.0
Trd, 000127.617, 148.0
Trd, 000127.817, 146
Trd, 000128.283, 146
Trd, 000129.433, 143
Trd, 000129.650, 145
Trd, 000129.667, 158.0
Trd, 000130.450, 146
Trd, 000130.933, 149
Trd, 000131.400, 145.0
Trd, 000132.083, 148.0
Trd, 000132.933, 145
Trd, 000133.167, 150
Trd, 000134.083, 157.0
Trd, 000134.617, 151
Trd, 000134.733, 148.0
Trd, 000136.100, 150
Trd, 000136.150, 152
Trd, 000136.383, 158.0
Trd, 000136.717, 164
Trd, 000136.750, 154
Trd, 000137.383, 151
Trd, 000137.833, 151
Trd, 000139.350, 150
Trd, 000139.600, 154
Trd, 000140.350, 150
Trd, 000140.617, 150
Trd, 000140.867, 151
Trd, 000140.967, 155
Trd, 000142.467, 154
Trd, 000143.017, 153
Trd, 000143.033, 154
Trd, 000144.000, 158.0
Trd, 000144.567, 159
Trd, 000144.683, 156
Trd, 000144.750, 153
Trd, 000145.033, 164
Trd, 000146.100, 165.0
Trd, 000146.200, 161
Trd, 000146.683, 154.0
Trd, 000147.467, 165.0
Trd, 000148.200, 150.0
Trd, 000149.217, 153.0
Trd, 000150.067, 153
Trd, 000150.450, 150
Trd, 000151.200, 155
Trd, 000152.550, 153
Trd, 000152.933, 152
Trd, 000153.050, 153
Trd, 000153.117, 154
Trd, 000153.700, 152
Trd, 000154.117, 151
Trd, 000154.850, 151
Trd, 000155.433, 149.0
Trd, 000156.900, 150
Trd, 000157.533, 150
Trd, 000157.667, 148
Trd, 000157.967, 149
Trd, 000158.050, 148.0
Trd, 000158.150, 150
Trd, 000158.650, 148.0
Trd, 000159.383, 157
Trd, 000159.850, 153
Trd, 000160.350, 151
Trd, 000161.467, 152
Trd, 000161.850, 150
Trd, 000161.900, 144.0
Trd, 000163.533, 149
Trd, 000163.867, 148.0
Trd, 000164.317, 148
Trd, 000164.667, 147
Trd, 000164.783, 148.0
Trd, 000165.600, 145.0
Trd, 000165.867, 148
Trd, 000165.883, 149
Trd, 000167.000, 156.0
Trd, 000167.633, 149.0
Trd, 000168.133, 149
Trd, 000168.433, 148.0
Trd, 000168.517, 152
Trd, 000168.667, 153
Trd, 000168.800, 157.0
Trd, 000170.067, 152
Trd, 000170.733, 152
Trd, 000171.417, 147.0
Trd, 000172.333, 145.0
Trd, 000172.517, 157.0
Trd, 000172.683, 158.0
Trd, 000173.883, 146
Trd, 000175.550, 149.0
Trd, 000175.583, 150
Trd, 000175.850, 150
Trd, 000176.267, 148
Trd, 000177.150, 149
Trd, 000177.767, 148.0
Trd, 000177.817, 144.0
Trd, 000177.833, 149
Trd, 000179.083, 144
Trd, 000179.367, 149
Trd, 000179.533, 150
Trd, 000181.083, 148
Trd, 000181.533, 150.0
Trd, 000181.600, 167.0
Trd, 000181.917, 168.0
Trd, 000182.800, 157.0
Trd, 000183.250, 157
Trd, 000183.767, 149
Trd, 000185.633, 153.0
Trd, 000186.517, 153
Trd, 000186.833, 150
Trd, 000187.617, 153
Trd, 000187.783, 153
Trd, 000188.167, 150
Trd, 000189.983, 154
Trd, 000190.183, 158.0
Trd, 000190.433, 154
Trd, 000191.250, 158.0
Trd, 000191.333, 163
Trd, 000191.367, 164
Trd, 000191.450, 168.0
Trd, 000192.000, 162
Trd, 000192.383, 159
Trd, 000193.800, 158.0
Trd, 000194.733, 154
Trd, 000194.783, 157
Trd, 000195.100, 156
Trd, 000195.867, 155
Trd, 000197.167, 155
Trd, 000197.417, 149
Trd, 000197.983, 154
Trd, 000198.350, 148.0
Trd, 000198.383, 155
Trd, 000198.567, 157
Trd, 000200.600, 147.0
Trd, 000200.650, 146.0
Trd, 000201.200, 143
Trd, 000201.367, 146.0
Trd, 000201.400, 147.0
Trd, 000202.217, 147
Trd, 000203.350, 146
Trd, 000203.367, 147
Trd, 000204.117, 156.0
Trd, 000205.300, 145.0
Trd, 000205.317, 146.0
Trd, 000205.433, 144
Trd, 000206.633, 148.0
Trd, 000207.067, 147.0
Trd, 000207.367, 147.0
Trd, 000207.783, 148.0
Trd, 000207.833, 150
Trd, 000209.850, 148.0
Trd, 000209.967, 151
Trd, 000210.033, 146
Trd, 000210.800, 146
Trd, 000211.083, 144.0
Trd, 000211.100, 153.0
Trd, 000212.283, 150
Trd, 000212.900, 143
Trd, 000213.067, 140
Trd, 000213.183, 152
Trd, 000213.850, 153
Trd, 000214.533, 148.0
Trd, 000215.250, 158.0
Trd, 000216.217, 158
Trd, 000216.683, 154
Trd, 000217.167, 160
Trd, 000217.717, 155
Trd, 000218.017, 153
Trd, 000219.117, 158.0
Trd, 000221.183, 154
Trd, 000221.350, 154
Trd, 000221.500, 153
Trd, 000221.617, 154
Trd, 000223.517, 153
Trd, 000223.633, 148.0
Trd, 000223.883, 147
Trd, 000223.900, 153
Trd, 000224.583, 152
Trd, 000224.833, 150
Trd, 000225.833, 148.0
Trd, 000227.500, 146
Trd, 000227.683, 148
Trd, 000227.967, 152
Trd, 000228.633, 146.0
Trd, 000228.817, 147.0
Trd, 000229.250, 147
Trd, 000229.750, 146.0
Trd, 000230.400, 147.0
Trd, 000230.650, 146
Trd, 000231.117, 147
Trd, 000231.400, 148.0
Trd, 000232.067, 144.0
Trd, 000232.500, 167.0
Trd, 000232.600, 159
Trd, 000233.183, 168.0
Trd, 000233.383, 148.0
Trd, 000235.383, 158.0
Trd, 000235.433, 144
Trd, 000236.533, 151
Trd, 000236.683, 151
Trd, 000238.217, 148
Trd, 000238.617, 149
Trd, 000238.967, 150
Trd, 000239.917, 153
Trd, 000240.200, 150
Trd, 000240.667, 154.0
Trd, 000240.717, 150
Trd, 000240.983, 154.0
Trd, 000241.050, 158.0
Trd, 000241.350, 149
Trd, 000242.150, 155
Trd, 000242.350, 153
Trd, 000242.583, 148.0
Trd, 000243.700, 164
Trd, 000244.217, 164
Trd, 000245.200, 161
Trd, 000245.483, 158.0
Trd, 000246.250, 159
Trd, 000246.317, 154
Trd, 000246.667, 158
Trd, 000246.900, 157
Trd, 000247.267, 148.0
Trd, 000248.267, 154
Trd, 000248.850, 155
Trd, 000249.183, 156
Trd, 000249.500, 157
Trd, 000249.833, 155
Trd, 000249.917, 157.0
Trd, 000250.017, 155.0
Trd, 000250.117, 158.0
Trd, 000251.367, 172
Trd, 000251.683, 158
Trd, 000252.500, 161
Trd, 000252.867, 158.0
Trd, 000252.950, 161
Trd, 000253.083, 168.0
Trd, 000254.633, 156
Trd, 000254.650, 158.0
Trd, 000255.217, 159
Trd, 000255.617, 156
Trd, 000256.533, 158
Trd, 000257.050, 157
Trd, 000257.367, 153
Trd, 000257.500, 150
Trd, 000258.500, 152.0
Trd, 000259.067, 152
Trd, 000259.183, 153
Trd, 000259.700, 154
Trd, 000260.250, 153
Trd, 000260.783, 153
Trd, 000260.800, 150
Trd, 000261.300, 153
Trd, 000261.550, 154
Trd, 000262.133, 158.0
Trd, 000262.800, 157
Trd, 000263.483, 158.0
Trd, 000263.700, 153
Trd, 000264.217, 168.0
Trd, 000265.050, 153
Trd, 000265.217, 160
Trd, 000266.017, 150
Trd, 000266.150, 152
Trd, 000266.217, 152
Trd, 000266.433, 148
Trd, 000267.200, 155
Trd, 000267.733, 154.0
Trd, 000267.850, 150.0
Trd, 000268.200, 158
Trd, 000268.867, 161
Trd, 000269.250, 158.0
Trd, 000269.417, 167
Trd, 000270.017, 163
Trd, 000270.700, 167
Trd, 000271.050, 170
Trd, 000271.167, 146
Trd, 000271.267, 172
Trd, 000273.400, 157
Trd, 000274.183, 152
Trd, 000274.700, 156
Trd, 000274.900, 150
Trd, 000275.017, 158
Trd, 000275.100, 168.0
Trd, 000275.200, 150
Trd, 000275.783, 160
Trd, 000276.133, 155
Trd, 000276.433, 158.0
Trd, 000276.667, 158
Trd, 000276.950, 164
Trd, 000277.283, 158
Trd, 000277.300, 150
Trd, 000277.383, 148.0
Trd, 000278.067, 158
Trd, 000278.533, 156.0
Trd, 000280.350, 147
Trd, 000280.483, 154
Trd, 000281.367, 150
Trd, 000281.383, 151
Trd, 000281.533, 152
Trd, 000281.750, 146
Trd, 000282.217, 148.0
Trd, 000282.817, 153
Trd, 000282.900, 154.0
Trd, 000283.133, 145.0
Trd, 000283.333, 149.0
Trd, 000284.067, 156
Trd, 000284.400, 151
Trd, 000284.450, 146
Trd, 000284.800, 153
Trd, 000285.567, 152
Trd, 000285.683, 156.0
Trd, 000286.500, 156.0
Trd, 000286.583, 168.0
Trd, 000286.650, 172
Trd, 000287.667, 157.0
Trd, 000287.783, 152.0
Trd, 000289.133, 151
Trd, 000289.317, 150
Trd, 000289.617, 148.0
Trd, 000289.833, 144.0
Trd, 000290.167, 155
Trd, 000290.817, 150
Trd, 000290.850, 151
Trd, 000291.383, 152
Trd, 000291.517, 153
Trd, 000292.200, 145
Trd, 000292.650, 145
Trd, 000292.883, 155
Trd, 000292.900, 156
Trd, 000293.167, 157
Trd, 000293.333, 157.0
Trd, 000294.167, 163
Trd, 000294.683, 169
Trd, 000294.967, 172
Trd, 000295.700, 152
Trd, 000296.117, 164
Trd, 000296.150, 152
Trd, 000296.250, 148.0
Trd, 000296.617, 165
Trd, 000297.317, 156
Trd, 000297.850, 148
Trd, 000298.550, 145
Trd, 000299.200, 150.0
Trd, 000299.250, 144.0
Trd, 000299.933, 148
