Trd, 000003.833, 137
Trd, 000004.333, 142
Trd, 000004.700, 143
Trd, 000004.783, 141
Trd, 000005.217, 143
Trd, 000006.867, 153
Trd, 000006.983, 141
Trd, 000007.083, 158
Trd, 000007.467, 172.0
Trd, 000007.900, 168
Trd, 000009.233, 165
Trd, 000009.250, 163
Trd, 000009.383, 157
Trd, 000011.467, 157
Trd, 000011.700, 150
Trd, 000011.717, 138
Trd, 000013.800, 154
Trd, 000014.167, 160
Trd, 000015.400, 157
Trd, 000015.950, 158
Trd, 000017.233, 165
Trd, 000017.467, 159
Trd, 000017.667, 163
Trd, 000018.617, 164
Trd, 000018.667, 163
Trd, 000019.033, 166
Trd, 000019.950, 161
Trd, 000020.450, 161
Trd, 000021.633, 162
Trd, 000022.267, 163
Trd, 000022.533, 162
Trd, 000022.817, 161
Trd, 000023.200, 163
Trd, 000024.367, 163
Trd, 000024.833, 157
Trd, 000025.200, 142
Trd, 000025.317, 162
Trd, 000026.117, 165
Trd, 000026.633, 137.0
Trd, 000028.083, 146
Trd, 000028.733, 147
Trd, 000029.367, 146
Trd, 000029.467, 147
Trd, 000029.500, 144
Trd, 000030.567, 146
Trd, 000030.650, 165
Trd, 000030.683, 166
Trd, 000031.283, 174.0
Trd, 000031.317, 175.0
Trd, 000032.283, 178.0
Trd, 000033.333, 174
Trd, 000033.633, 154
Trd, 000035.117, 142
Trd, 000036.233, 152
Trd, 000037.350, 160
Trd, 000037.517, 160
Trd, 000037.867, 141
Trd, 000037.967, 173
Trd, 000038.900, 158
Trd, 000039.100, 156
Trd, 000039.417, 155
Trd, 000040.667, 156
Trd, 000040.900, 155
Trd, 000041.050, 157
Trd, 000041.167, 157
Trd, 000042.550, 157
Trd, 000043.150, 155
Trd, 000043.333, 157
Trd, 000045.500, 158
Trd, 000045.867, 155
Trd, 000046.633, 155
Trd, 000047.150, 155
Trd, 000047.200, 154
Trd, 000047.533, 156
Trd, 000047.900, 165
Trd, 000048.450, 157
Trd, 000048.567, 174.0
Trd, 000048.600, 156
Trd, 000049.417, 164
Trd, 000050.383, 165
Trd, 000052.050, 159
Trd, 000052.717, 163
Trd, 000052.850, 159
Trd, 000054.433, 164
Trd, 000054.817, 163
Trd, 000056.817, 157
Trd, 000057.750, 163
Trd, 000057.950, 164
Trd, 000058.000, 165
Trd, 000060.650, 171
Trd, 000060.750, 166
Trd, 000060.850, 160
Trd, 000061.033, 173.0
Trd, 000061.233, 172
Trd, 000061.700, 172.0
Trd, 000062.100, 173.0
Trd, 000062.483, 175.0
Trd, 000062.567, 158
Trd, 000064.583, 159
Trd, 000064.683, 157
Trd, 000065.017, 162
Trd, 000066.350, 155
Trd, 000066.550, 142
Trd, 000067.767, 153
Trd, 000069.583, 149
Trd, 000069.933, 150
Trd, 000070.167, 151
Trd, 000070.383, 158
Trd, 000070.583, 165
Trd, 000071.567, 152
Trd, 000071.917, 152
Trd, 000072.450, 157
Trd, 000073.733, 158
Trd, 000074.917, 171.0
Trd, 000074.967, 172.0
Trd, 000076.100, 157
Trd, 000076.783, 158
Trd, 000078.783, 155
Trd, 000079.900, 153
Trd, 000080.133, 154
Trd, 000080.917, 158
Trd, 000080.983, 153
Trd, 000081.967, 155
Trd, 000082.533, 153
Trd, 000083.183, 154
Trd, 000083.200, 155
Trd, 000084.400, 153
Trd, 000084.900, 152
Trd, 000084.983, 154
Trd, 000085.450, 158
Trd, 000085.733, 166
Trd, 000086.050, 172.0
Trd, 000086.483, 153
Trd, 000086.517, 151
Trd, 000087.583, 177
Trd, 000088.783, 157
Trd, 000090.533, 164
Trd, 000090.600, 160
Trd, 000091.317, 158
Trd, 000091.783, 162
Trd, 000092.950, 162
Trd, 000093.267, 162
Trd, 000094.217, 164
Trd, 000094.317, 164
Trd, 000095.333, 158
Trd, 000096.233, 162
Trd, 000096.733, 163
Trd, 000098.083, 157
Trd, 000098.133, 161
Trd, 000098.350, 156
Trd, 000099.200, 161
Trd, 000099.367, 163
Trd, 000100.400, 165
Trd, 000101.700, 156
Trd, 000102.283, 155
Trd, 000103.883, 152
Trd, 000104.033, 155
Trd, 000104.100, 151
Trd, 000104.933, 154
Trd, 000106.800, 157
Trd, 000108.383, 154
Trd, 000108.450, 157
Trd, 000108.850, 157
Trd, 000109.300, 158
Trd, 000110.167, 165
Trd, 000110.267, 155
Trd, 000110.583, 154
Trd, 000110.733, 163
Trd, 000112.500, 156
Trd, 000113.533, 171.0
Trd, 000113.733, 168
Trd, 000114.367, 161
Trd, 000115.317, 161
Trd, 000115.967, 160
Trd, 000116.967, 158
Trd, 000118.783, 157
Trd, 000119.117, 160
Trd, 000119.200, 143
Trd, 000119.633, 161
Trd, 000119.800, 171.0
Trd, 000119.917, 172.0
Trd, 000120.133, 152
Trd, 000122.467, 158
Trd, 000123.117, 159
Trd, 000123.217, 158
Trd, 000123.633, 160
Trd, 000123.783, 157
Trd, 000124.800, 166
Trd, 000125.833, 171.0
Trd, 000126.117, 158
Trd, 000126.133, 170
Trd, 000126.217, 157
Trd, 000126.317, 172.0
Trd, 000126.717, 156
Trd, 000126.900, 142
Trd, 000127.700, 137.0
Trd, 000128.050, 165
Trd, 000130.167, 168
Trd, 000130.817, 150
Trd, 000130.933, 147
Trd, 000131.467, 143
Trd, 000132.517, 153
Trd, 000132.867, 151
Trd, 000133.850, 150
Trd, 000134.517, 151
Trd, 000134.717, 159
Trd, 000135.867, 147
Trd, 000136.767, 148
Trd, 000136.900, 146
Trd, 000137.750, 148
Trd, 000138.133, 147
Trd, 000138.450, 144
Trd, 000139.083, 146
Trd, 000139.300, 147
Trd, 000140.600, 161
Trd, 000140.833, 162
Trd, 000142.167, 150
Trd, 000144.250, 153
Trd, 000144.900, 151
Trd, 000145.467, 150
Trd, 000145.600, 158
Trd, 000145.617, 165
Trd, 000145.900, 151
Trd, 000147.017, 163
Trd, 000148.800, 161
Trd, 000149.550, 162
Trd, 000149.783, 158
Trd, 000149.950, 143
Trd, 000151.250, 155
Trd, 000152.717, 156
Trd, 000152.950, 156
Trd, 000153.117, 155
Trd, 000153.217, 152
Trd, 000153.600, 142
Trd, 000154.950, 152
Trd, 000155.017, 153
Trd, 000155.650, 154
Trd, 000156.317, 155
Trd, 000157.700, 158
Trd, 000158.583, 158
Trd, 000158.967, 157
Trd, 000160.283, 159
Trd, 000160.833, 156
Trd, 000162.150, 157
Trd, 000162.283, 156
Trd, 000163.567, 155
Trd, 000164.200, 156
Trd, 000164.567, 148
Trd, 000164.883, 158
Trd, 000165.233, 154
Trd, 000166.167, 158
Trd, 000166.233, 159
Trd, 000167.083, 152
Trd, 000167.700, 155
Trd, 000168.317, 155
Trd, 000169.083, 164
Trd, 000169.300, 158
Trd, 000170.633, 162
Trd, 000170.750, 156
Trd, 000172.717, 154
Trd, 000173.383, 156
Trd, 000173.517, 157
Trd, 000173.650, 158
Trd, 000173.700, 160
Trd, 000174.517, 156
Trd, 000175.817, 157
Trd, 000176.467, 156
Trd, 000179.167, 155
Trd, 000179.717, 151
Trd, 000180.200, 144
Trd, 000181.183, 152
Trd, 000181.617, 151
Trd, 000181.883, 160
Trd, 000182.200, 150
Trd, 000182.533, 172.0
Trd, 000183.417, 152
Trd, 000184.500, 153
Trd, 000185.217, 152
Trd, 000186.200, 153
Trd, 000187.567, 157
Trd, 000187.867, 152
Trd, 000187.933, 153
Trd, 000188.117, 150
Trd, 000188.933, 155
Trd, 000189.283, 158
Trd, 000190.250, 151
Trd, 000191.250, 162
Trd, 000192.050, 159
Trd, 000192.283, 163
Trd, 000195.283, 155
Trd, 000195.533, 159
Trd, 000196.083, 158
Trd, 000196.517, 159
Trd, 000196.583, 160
Trd, 000196.750, 160
Trd, 000198.467, 160
Trd, 000198.683, 165
Trd, 000198.817, 161
Trd, 000199.383, 166
Trd, 000200.200, 158
Trd, 000200.250, 167
Trd, 000201.583, 172.0
Trd, 000202.133, 161
Trd, 000203.717, 161
Trd, 000204.183, 160
Trd, 000204.667, 163
Trd, 000205.267, 161
Trd, 000205.767, 160
Trd, 000206.383, 161
Trd, 000207.533, 159
Trd, 000207.650, 156
Trd, 000208.033, 164
Trd, 000209.100, 163
Trd, 000209.133, 161
Trd, 000209.600, 157
Trd, 000211.633, 159
Trd, 000212.117, 165
Trd, 000213.683, 161
Trd, 000213.733, 162
Trd, 000214.117, 163
Trd, 000214.267, 160
Trd, 000216.200, 159
Trd, 000216.633, 160
Trd, 000217.233, 158
Trd, 000217.867, 157
Trd, 000218.467, 149
Trd, 000218.850, 155
Trd, 000219.383, 165
Trd, 000219.650, 171.0
Trd, 000220.783, 161
Trd, 000220.817, 159
Trd, 000222.517, 169
Trd, 000223.250, 157
Trd, 000223.650, 143
Trd, 000224.083, 158
Trd, 000224.267, 164
Trd, 000225.317, 156
Trd, 000226.933, 155
Trd, 000227.133, 155
Trd, 000227.683, 154
Trd, 000229.317, 156
Trd, 000229.400, 152
Trd, 000230.017, 134.0
Trd, 000231.283, 156
Trd, 000232.600, 155
Trd, 000233.017, 156
Trd, 000233.350, 157
Trd, 000233.750, 158
Trd, 000233.917, 152
Trd, 000234.517, 165
Trd, 000235.083, 172.0
Trd, 000236.050, 153
Trd, 000236.767, 152
Trd, 000236.800, 160
Trd, 000237.383, 161
Trd, 000238.850, 155
Trd, 000239.233, 153
Trd, 000239.617, 161
Trd, 000239.750, 172.0
Trd, 000240.167, 151
Trd, 000240.250, 149
Trd, 000241.167, 161
Trd, 000242.200, 152
Trd, 000242.333, 153
Trd, 000242.350, 153
Trd, 000243.217, 154
Trd, 000244.000, 153
Trd, 000244.450, 154
Trd, 000244.767, 162.0
Trd, 000245.900, 158
Trd, 000246.400, 151.0
Trd, 000246.450, 159
Trd, 000246.467, 148.0
Trd, 000247.633, 149
Trd, 000248.317, 150
Trd, 000248.533, 152
Trd, 000248.867, 149
Trd, 000249.600, 149
Trd, 000249.617, 152
Trd, 000250.567, 152
Trd, 000251.000, 150.0
Trd, 000251.150, 155
Trd, 000253.000, 153
Trd, 000253.217, 153
Trd, 000253.267, 152
Trd, 000253.867, 153
Trd, 000253.883, 148.0
Trd, 000253.933, 154
Trd, 000254.283, 158
Trd, 000254.983, 147
Trd, 000255.483, 146
Trd, 000255.900, 147
Trd, 000255.917, 145
Trd, 000256.400, 150
Trd, 000257.100, 146
Trd, 000257.283, 150
Trd, 000257.650, 146
Trd, 000257.833, 149
Trd, 000258.583, 146.0
Trd, 000258.667, 150.0
Trd, 000258.833, 159
Trd, 000260.017, 156
Trd, 000260.983, 155
Trd, 000261.150, 154
Trd, 000261.317, 156
Trd, 000261.967, 157
Trd, 000262.483, 154
Trd, 000262.617, 156
Trd, 000262.867, 157
Trd, 000262.950, 148.0
Trd, 000263.517, 149
Trd, 000264.433, 155
Trd, 000265.967, 153
Trd, 000266.183, 154
Trd, 000266.333, 151
Trd, 000266.950, 150
Trd, 000266.983, 155
Trd, 000267.650, 149.0
Trd, 000268.350, 149
Trd, 000268.600, 150
Trd, 000269.017, 149.0
Trd, 000269.100, 148.0
Trd, 000269.600, 151
Trd, 000270.000, 149
Trd, 000270.317, 152
Trd, 000270.350, 153
Trd, 000272.483, 152
Trd, 000273.233, 150
Trd, 000273.933, 154
Trd, 000274.133, 148.0
Trd, 000274.433, 143
Trd, 000274.583, 146
Trd, 000275.167, 143
Trd, 000275.250, 148
Trd, 000276.317, 149.0
Trd, 000277.000, 151
Trd, 000277.150, 146
Trd, 000277.283, 151
Trd, 000277.600, 158
Trd, 000278.317, 150.0
Trd, 000278.400, 149
Trd, 000278.433, 143.0
Trd, 000279.033, 159
Trd, 000279.067, 162.0
Trd, 000279.617, 148
Trd, 000280.033, 147
Trd, 000280.350, 153
Trd, 000280.450, 141.0
Trd, 000281.550, 151
Trd, 000281.967, 150
Trd, 000282.150, 152
Trd, 000282.200, 153
Trd, 000282.450, 158
Trd, 000283.200, 165
Trd, 000284.083, 152
Trd, 000284.150, 151
Trd, 000285.500, 155.0
Trd, 000285.850, 154
Trd, 000285.900, 152
Trd, 000286.017, 151
Trd, 000286.600, 155
Trd, 000287.283, 152.0
Trd, 000288.883, 149.0
Trd, 000289.617, 155
Trd, 000290.083, 155
Trd, 000291.117, 156
Trd, 000291.167, 158
Trd, 000291.400, 155.0
Trd, 000291.450, 155.0
Trd, 000291.500, 152.0
Trd, 000291.583, 149
Trd, 000291.900, 148.0
Trd, 000291.950, 157
Trd, 000292.300, 148
Trd, 000292.633, 143
Trd, 000294.417, 156
Trd, 000294.700, 157
Trd, 000294.867, 149
Trd, 000295.600, 151
Trd, 000296.000, 152
Trd, 000296.400, 157
Trd, 000296.483, 150
Trd, 000297.233, 157
Trd, 000298.250, 158
Trd, 000298.283, 148.0
Trd, 000298.500, 155.0
Trd, 000298.650, 160
Trd, 000298.817, 162.0
Trd, 000299.117, 142
Trd, 000299.650, 156
Trd, 000299.783, 155.0
