Trd, 000000.900, 169
Trd, 000002.733, 184.0
Trd, 000003.400, 169
Trd, 000003.617, 169
Trd, 000003.767, 165.0
Trd, 000004.167, 155
Trd, 000004.267, 155
Trd, 000004.850, 159
Trd, 000005.050, 143
Trd, 000005.267, 158.0
Trd, 000006.950, 157
Trd, 000007.883, 139
Trd, 000007.967, 141
Trd, 000008.267, 149
Trd, 000009.433, 146
Trd, 000010.467, 147
Trd, 000010.817, 146
Trd, 000011.033, 147
Trd, 000011.617, 147
Trd, 000011.783, 151
Trd, 000012.233, 165.0
Trd, 000012.283, 147
Trd, 000012.750, 144
Trd, 000012.850, 150
Trd, 000014.250, 157.0
Trd, 000015.667, 147
Trd, 000015.950, 147
Trd, 000016.283, 151
Trd, 000017.217, 158.0
Trd, 000017.800, 153
Trd, 000017.917, 152
Trd, 000020.033, 150
Trd, 000020.083, 144
Trd, 000020.183, 154
Trd, 000020.317, 158.0
Trd, 000020.450, 162.0
Trd, 000020.733, 163.0
Trd, 000021.150, 148
Trd, 000021.800, 148
Trd, 000022.967, 148
Trd, 000024.200, 144
Trd, 000024.283, 143
Trd, 000024.917, 144
Trd, 000025.967, 147.0
Trd, 000026.100, 141.0
Trd, 000026.450, 149
Trd, 000026.750, 151
Trd, 000027.383, 149
Trd, 000027.767, 146
Trd, 000030.133, 146
Trd, 000030.383, 147
Trd, 000031.133, 146
Trd, 000032.033, 146
Trd, 000032.500, 144
Trd, 000032.533, 144
Trd, 000033.200, 146
Trd, 000033.917, 145
Trd, 000034.417, 151
Trd, 000034.867, 158.0
Trd, 000035.483, 146
Trd, 000035.900, 148
Trd, 000036.433, 165.0
Trd, 000036.850, 156
Trd, 000037.450, 150
Trd, 000037.683, 150
Trd, 000038.983, 151
Trd, 000039.133, 152
Trd, 000039.900, 148
Trd, 000040.483, 141.0
Trd, 000040.900, 150
Trd, 000041.267, 150
Trd, 000043.400, 150
Trd, 000045.050, 150
Trd, 000045.233, 148
Trd, 000045.450, 146
Trd, 000046.000, 152
Trd, 000046.433, 150
Trd, 000046.583, 149
Trd, 000046.950, 152
Trd, 000047.000, 158.0
Trd, 000047.350, 155
Trd, 000047.550, 151
Trd, 000048.483, 154
Trd, 000049.067, 155
Trd, 000049.217, 168
Trd, 000049.983, 155
Trd, 000050.767, 154
Trd, 000051.100, 153.0
Trd, 000051.117, 154.0
Trd, 000051.300, 151
Trd, 000052.300, 141.0
Trd, 000052.750, 151
Trd, 000053.033, 152
Trd, 000053.350, 149
Trd, 000053.900, 149
Trd, 000054.850, 149
Trd, 000055.417, 149
Trd, 000055.883, 149
Trd, 000056.017, 150
Trd, 000056.183, 158.0
Trd, 000056.700, 175.0
Trd, 000057.933, 150
Trd, 000058.067, 150
Trd, 000058.417, 149
Trd, 000060.217, 151
Trd, 000061.067, 153
Trd, 000061.183, 152
Trd, 000061.450, 153
Trd, 000061.733, 151
Trd, 000062.467, 153
Trd, 000063.400, 151
Trd, 000063.600, 150
Trd, 000064.233, 150
Trd, 000065.067, 137
Trd, 000065.167, 135
Trd, 000065.717, 141
Trd, 000066.033, 146
Trd, 000067.233, 147
Trd, 000067.383, 143
Trd, 000067.600, 125
Trd, 000067.983, 149
Trd, 000068.750, 149
Trd, 000069.183, 149
Trd, 000069.500, 158.0
Trd, 000071.333, 153
Trd, 000072.133, 149
Trd, 000072.583, 145
Trd, 000073.000, 141.0
Trd, 000073.800, 139
Trd, 000074.383, 141
Trd, 000074.467, 141
Trd, 000075.750, 143
Trd, 000076.233, 142
Trd, 000076.283, 143
Trd, 000076.650, 151
Trd, 000077.000, 147
Trd, 000078.683, 144
Trd, 000078.967, 145
Trd, 000079.350, 143
Trd, 000079.517, 151
Trd, 000079.533, 144.0
Trd, 000080.533, 144
Trd, 000081.417, 145
Trd, 000082.183, 145
Trd, 000082.700, 145
Trd, 000082.900, 145
Trd, 000083.217, 142
Trd, 000083.450, 141.0
Trd, 000083.783, 136
Trd, 000084.517, 144
Trd, 000084.617, 151
Trd, 000085.283, 151
Trd, 000085.300, 157.0
Trd, 000085.667, 149
Trd, 000086.333, 147
Trd, 000086.667, 149
Trd, 000087.800, 148
Trd, 000087.950, 147
Trd, 000088.633, 131
Trd, 000088.867, 146
Trd, 000089.067, 125.0
Trd, 000089.650, 132
Trd, 000090.000, 143
Trd, 000090.283, 143
Trd, 000090.567, 127
Trd, 000092.633, 139
Trd, 000092.800, 143
Trd, 000093.550, 140
Trd, 000095.583, 140
Trd, 000095.683, 142
Trd, 000096.000, 140
Trd, 000096.100, 141
Trd, 000096.833, 141
Trd, 000098.133, 142
Trd, 000099.367, 144
Trd, 000100.183, 147
Trd, 000100.300, 145
Trd, 000100.433, 152
Trd, 000101.033, 143
Trd, 000101.517, 158.0
Trd, 000101.950, 146
Trd, 000102.600, 147
Trd, 000102.617, 144
Trd, 000103.050, 143
Trd, 000103.600, 143
Trd, 000104.083, 146
Trd, 000104.217, 143
Trd, 000104.867, 141.0
Trd, 000105.000, 146
Trd, 000105.067, 147
Trd, 000106.033, 149
Trd, 000106.100, 148
Trd, 000106.183, 151
Trd, 000107.567, 147
Trd, 000108.700, 146
Trd, 000108.733, 145
Trd, 000110.267, 145
Trd, 000111.250, 146
Trd, 000112.067, 146
Trd, 000112.183, 145
Trd, 000112.483, 147
Trd, 000112.717, 143
Trd, 000114.500, 149
Trd, 000114.917, 147
Trd, 000115.333, 147
Trd, 000115.600, 149
Trd, 000115.750, 150
Trd, 000115.933, 148
Trd, 000116.817, 148
Trd, 000117.333, 146
Trd, 000117.650, 147
Trd, 000118.067, 147
Trd, 000118.650, 141.0
Trd, 000118.917, 149
Trd, 000119.067, 148
Trd, 000119.133, 143
Trd, 000120.050, 143
Trd, 000120.833, 142
Trd, 000121.533, 146
Trd, 000121.750, 148
Trd, 000121.767, 127
Trd, 000121.800, 151
Trd, 000122.450, 150
Trd, 000124.050, 147
Trd, 000124.200, 146
Trd, 000124.833, 146
Trd, 000125.017, 147
Trd, 000125.200, 144
Trd, 000127.483, 142
Trd, 000128.317, 143
Trd, 000128.483, 142
Trd, 000129.233, 141
Trd, 000129.583, 141.0
Trd, 000129.600, 144
Trd, 000130.567, 144.0
Trd, 000130.883, 143
Trd, 000131.050, 144
Trd, 000131.450, 145
Trd, 000132.750, 145
Trd, 000133.400, 147
Trd, 000133.600, 147
Trd, 000133.933, 147
Trd, 000134.250, 146
Trd, 000134.733, 141.0
Trd, 000135.983, 148
Trd, 000136.267, 145
Trd, 000136.517, 151
Trd, 000136.967, 145
Trd, 000137.483, 145
Trd, 000139.433, 151
Trd, 000139.967, 150
Trd, 000140.133, 149
Trd, 000140.183, 146
Trd, 000140.367, 150
Trd, 000140.433, 150
Trd, 000141.133, 147
Trd, 000141.233, 146
Trd, 000141.583, 143
Trd, 000142.217, 148
Trd, 000142.267, 141.0
Trd, 000142.517, 149
Trd, 000142.717, 139
Trd, 000144.750, 144
Trd, 000145.250, 144
Trd, 000146.233, 149
Trd, 000147.933, 146
Trd, 000148.417, 144
Trd, 000148.633, 147
Trd, 000149.217, 146
Trd, 000149.400, 145
Trd, 000149.550, 150
Trd, 000150.283, 145
Trd, 000150.483, 141.0
Trd, 000150.733, 150
Trd, 000150.950, 151
Trd, 000152.067, 149
Trd, 000152.850, 144
Trd, 000153.150, 136
Trd, 000153.800, 146
Trd, 000153.867, 138
Trd, 000154.000, 151
Trd, 000154.333, 158.0
Trd, 000154.450, 126
Trd, 000156.183, 142
Trd, 000156.817, 144
Trd, 000157.667, 144
Trd, 000158.267, 145
Trd, 000158.767, 146
Trd, 000159.200, 147
Trd, 000160.000, 145
Trd, 000160.400, 146
Trd, 000161.400, 147
Trd, 000162.217, 151
Trd, 000162.667, 150
Trd, 000162.767, 149
Trd, 000162.917, 149
Trd, 000163.250, 149
Trd, 000163.317, 148
Trd, 000163.617, 151
Trd, 000164.433, 152
Trd, 000165.550, 149
Trd, 000166.000, 149
Trd, 000167.283, 151
Trd, 000167.467, 150
Trd, 000168.050, 150
Trd, 000168.783, 150
Trd, 000169.283, 150
Trd, 000169.800, 150
Trd, 000169.900, 149
Trd, 000170.083, 150
Trd, 000171.317, 148
Trd, 000171.600, 148
Trd, 000171.650, 141.0
Trd, 000172.750, 150
Trd, 000172.917, 145
Trd, 000173.783, 145
Trd, 000174.633, 146
Trd, 000174.767, 147
Trd, 000175.183, 146
Trd, 000175.417, 147
Trd, 000176.050, 146
Trd, 000176.650, 158.0
Trd, 000176.917, 165.0
Trd, 000177.500, 148
Trd, 000177.883, 144
Trd, 000178.533, 138
Trd, 000178.783, 156
Trd, 000179.367, 160
Trd, 000179.500, 159
Trd, 000179.667, 158
Trd, 000179.717, 165.0
Trd, 000181.767, 155
Trd, 000182.117, 158
Trd, 000182.567, 157
Trd, 000183.217, 144
Trd, 000183.650, 144
Trd, 000184.133, 145
Trd, 000185.083, 146
Trd, 000185.200, 145
Trd, 000186.283, 144
Trd, 000186.900, 142.0
Trd, 000187.067, 150
Trd, 000187.100, 151
Trd, 000187.717, 146
Trd, 000188.667, 148
Trd, 000189.750, 149
Trd, 000190.317, 149
Trd, 000190.483, 149
Trd, 000190.717, 151
Trd, 000191.483, 149
Trd, 000191.950, 155
Trd, 000192.700, 151
Trd, 000192.750, 153
Trd, 000193.150, 152
Trd, 000194.750, 141.0
Trd, 000195.050, 150
Trd, 000195.850, 149
Trd, 000196.000, 153
Trd, 000196.100, 158.0
Trd, 000196.183, 149
Trd, 000196.567, 170
Trd, 000197.050, 147
Trd, 000197.733, 159
Trd, 000198.100, 159
Trd, 000198.900, 157
Trd, 000199.183, 155
Trd, 000199.817, 158.0
Trd, 000200.233, 154
Trd, 000200.683, 153
Trd, 000200.733, 152
Trd, 000200.750, 145
Trd, 000201.733, 151
Trd, 000202.617, 150
Trd, 000203.633, 150
Trd, 000204.650, 152
Trd, 000205.117, 152
Trd, 000205.517, 150
Trd, 000205.717, 153
Trd, 000205.967, 148
Trd, 000206.467, 158.0
Trd, 000206.800, 160
Trd, 000207.433, 147
Trd, 000209.117, 146
Trd, 000210.033, 142.0
Trd, 000210.083, 153
Trd, 000210.683, 142.0
Trd, 000211.017, 153
Trd, 000211.200, 141.0
Trd, 000212.567, 152
Trd, 000212.967, 152
Trd, 000213.383, 151
Trd, 000213.583, 150
Trd, 000214.067, 149
Trd, 000214.900, 147
Trd, 000215.133, 141.0
Trd, 000215.783, 143
Trd, 000216.917, 143
Trd, 000216.950, 142
Trd, 000217.667, 145
Trd, 000218.483, 144
Trd, 000218.733, 144
Trd, 000219.300, 145
Trd, 000219.583, 144
Trd, 000220.267, 142
Trd, 000220.300, 141
Trd, 000221.417, 142
Trd, 000221.550, 143
Trd, 000221.633, 144.0
Trd, 000221.667, 147
Trd, 000222.350, 147
Trd, 000223.167, 142
Trd, 000223.433, 146
Trd, 000224.083, 146
Trd, 000225.317, 151
Trd, 000225.967, 153
Trd, 000226.350, 150
Trd, 000226.500, 146
Trd, 000227.000, 153
Trd, 000227.233, 142
Trd, 000228.850, 141.0
Trd, 000228.950, 142
Trd, 000228.967, 127
Trd, 000231.317, 145
Trd, 000231.400, 147
Trd, 000231.500, 148
Trd, 000232.183, 148
Trd, 000232.383, 148
Trd, 000233.117, 148
Trd, 000233.550, 148
Trd, 000233.733, 148
Trd, 000233.833, 145
Trd, 000235.117, 145
Trd, 000235.483, 149
Trd, 000235.900, 145
Trd, 000236.200, 144
Trd, 000236.383, 150
Trd, 000236.683, 151
Trd, 000238.033, 147
Trd, 000238.950, 150
Trd, 000239.083, 147
Trd, 000239.567, 147
Trd, 000240.117, 150
Trd, 000240.767, 150
Trd, 000240.983, 150
Trd, 000241.433, 149
Trd, 000241.683, 149
Trd, 000241.883, 148
Trd, 000242.450, 147.0
Trd, 000243.683, 141.0
Trd, 000243.783, 147
Trd, 000243.983, 140
Trd, 000244.533, 143
Trd, 000244.683, 142
Trd, 000244.983, 138
Trd, 000245.233, 135.0
Trd, 000245.917, 138
Trd, 000246.083, 139
Trd, 000246.517, 138
Trd, 000246.667, 141
Trd, 000247.683, 144
Trd, 000247.883, 151
Trd, 000247.933, 143
Trd, 000248.450, 140.0
Trd, 000248.850, 140
Trd, 000249.217, 140
Trd, 000249.550, 155.0
Trd, 000249.933, 144
Trd, 000250.217, 143.0
Trd, 000250.867, 147
Trd, 000251.367, 145.0
Trd, 000252.017, 145
Trd, 000252.033, 153
Trd, 000252.250, 144
Trd, 000252.283, 154.0
Trd, 000252.883, 155.0
Trd, 000253.050, 153.0
Trd, 000253.100, 158.0
Trd, 000253.817, 162
Trd, 000253.850, 150
Trd, 000254.933, 150
Trd, 000256.117, 152
Trd, 000256.383, 151
Trd, 000256.517, 153
Trd, 000257.117, 151
Trd, 000257.167, 150
Trd, 000257.500, 149
Trd, 000258.100, 150
Trd, 000258.717, 150
Trd, 000258.817, 154
Trd, 000259.317, 156
Trd, 000260.233, 156
Trd, 000260.750, 156
Trd, 000261.083, 155
Trd, 000261.167, 154.0
Trd, 000261.200, 152
Trd, 000261.350, 157.0
Trd, 000262.367, 151
Trd, 000262.800, 150
Trd, 000263.183, 158.0
Trd, 000263.217, 165.0
Trd, 000263.467, 163
Trd, 000263.633, 151
Trd, 000265.083, 151
Trd, 000265.433, 148.0
Trd, 000265.800, 149
Trd, 000266.083, 150
Trd, 000266.617, 148
Trd, 000266.817, 149
Trd, 000267.167, 150
Trd, 000267.300, 150
Trd, 000267.417, 148
Trd, 000267.750, 147
Trd, 000268.050, 151
Trd, 000268.333, 155.0
Trd, 000269.033, 154
Trd, 000269.183, 153
Trd, 000269.217, 152
Trd, 000269.233, 146
Trd, 000269.700, 158.0
Trd, 000271.583, 152
Trd, 000271.750, 151
Trd, 000272.300, 154
Trd, 000273.133, 144.0
Trd, 000273.467, 152
Trd, 000273.617, 153
Trd, 000273.667, 149
Trd, 000273.683, 153
Trd, 000274.567, 138.0
Trd, 000275.350, 147
Trd, 000275.633, 146
Trd, 000276.500, 146
Trd, 000276.533, 145
Trd, 000278.800, 148.0
Trd, 000278.900, 154
Trd, 000279.017, 148
Trd, 000279.217, 155.0
Trd, 000279.800, 165.0
Trd, 000280.683, 161
Trd, 000280.700, 160
Trd, 000281.183, 165
Trd, 000281.467, 157
Trd, 000281.517, 159
Trd, 000281.683, 157
Trd, 000281.783, 157
Trd, 000282.017, 158
Trd, 000283.183, 156
Trd, 000283.267, 153
Trd, 000283.567, 163
Trd, 000284.033, 139.0
Trd, 000284.300, 137.0
Trd, 000285.033, 156
Trd, 000285.517, 140.0
Trd, 000285.817, 153
Trd, 000286.833, 152
Trd, 000287.167, 141
Trd, 000287.300, 144
Trd, 000288.283, 143
Trd, 000288.383, 137.0
Trd, 000288.600, 134
Trd, 000289.200, 150
Trd, 000290.050, 140
Trd, 000290.367, 140
Trd, 000290.817, 141.0
Trd, 000291.183, 153
Trd, 000291.217, 140
Trd, 000291.567, 155
Trd, 000291.783, 155.0
Trd, 000292.000, 152
Trd, 000292.150, 150
Trd, 000292.750, 149
Trd, 000293.017, 146
Trd, 000293.600, 151
Trd, 000294.167, 138.0
Trd, 000294.250, 137.0
Trd, 000294.267, 151
Trd, 000294.383, 158.0
Trd, 000295.050, 134.0
Trd, 000295.750, 147
Trd, 000295.967, 141
Trd, 000296.733, 141.0
Trd, 000296.850, 140
Trd, 000298.083, 136
Trd, 000298.317, 144
Trd, 000298.983, 141.0
Trd, 000299.083, 140
Trd, 000299.217, 137
