Trd, 000001.533, 200.0
Trd, 000002.000, 120.0
Trd, 000002.617, 148.0
Trd, 000002.867, 135
Trd, 000004.033, 134.0
Trd, 000004.383, 141
Trd, 000004.767, 147.0
Trd, 000005.783, 147.0
Trd, 000006.017, 147
Trd, 000006.367, 147.0
Trd, 000006.917, 146
Trd, 000007.450, 143
Trd, 000007.583, 142
Trd, 000007.917, 141.0
Trd, 000008.983, 148.0
Trd, 000009.150, 151
Trd, 000010.433, 144
Trd, 000010.483, 143
Trd, 000011.567, 150.0
Trd, 000011.783, 151.0
Trd, 000012.267, 153
Trd, 000012.583, 149
Trd, 000013.967, 150.0
Trd, 000014.750, 146
Trd, 000016.133, 148
Trd, 000016.517, 145
Trd, 000017.583, 147
Trd, 000017.617, 145
Trd, 000018.333, 146
Trd, 000018.517, 148.0
Trd, 000019.833, 147
Trd, 000020.567, 146
Trd, 000021.133, 147
Trd, 000022.150, 144
Trd, 000022.667, 148
Trd, 000023.350, 145
Trd, 000023.500, 146
Trd, 000023.750, 138
Trd, 000025.000, 141
Trd, 000025.067, 140
Trd, 000025.150, 141
Trd, 000025.533, 143
Trd, 000026.283, 145
Trd, 000027.083, 151.0
Trd, 000027.917, 155
Trd, 000028.350, 168.0
Trd, 000029.200, 162.0
Trd, 000029.433, 161
Trd, 000029.483, 156
Trd, 000030.467, 159
Trd, 000031.267, 152
Trd, 000031.500, 158
Trd, 000032.867, 163.0
Trd, 000033.217, 156
Trd, 000033.650, 152
Trd, 000033.917, 156
Trd, 000033.933, 147
Trd, 000034.850, 148
Trd, 000035.333, 148
Trd, 000035.617, 141.0
Trd, 000036.017, 134.0
Trd, 000036.900, 148.0
Trd, 000037.467, 147
Trd, 000038.100, 150
Trd, 000038.117, 151.0
Trd, 000038.717, 168.0
Trd, 000041.167, 150.0
Trd, 000041.283, 151.0
Trd, 000042.900, 148
Trd, 000042.917, 151
Trd, 000043.200, 151.0
Trd, 000043.317, 147
Trd, 000044.267, 147
Trd, 000045.167, 141
Trd, 000045.283, 137
Trd, 000046.167, 140.0
Trd, 000046.733, 140.0
Trd, 000047.283, 141.0
Trd, 000047.983, 148.0
Trd, 000048.133, 151.0
Trd, 000048.517, 141.0
Trd, 000049.517, 140
Trd, 000050.000, 144
Trd, 000050.017, 145
Trd, 000050.433, 144
Trd, 000050.633, 143
Trd, 000052.533, 145
Trd, 000052.617, 146
Trd, 000052.817, 144
Trd, 000054.033, 148.0
Trd, 000054.400, 148
Trd, 000054.883, 143
Trd, 000055.033, 141.0
Trd, 000055.217, 149.0
Trd, 000055.267, 150.0
Trd, 000055.300, 141
Trd, 000055.517, 151.0
Trd, 000055.950, 134.0
Trd, 000056.717, 131.0
Trd, 000056.833, 140
Trd, 000057.150, 141.0
Trd, 000057.667, 141
Trd, 000058.667, 139
Trd, 000058.883, 144
Trd, 000060.267, 138
Trd, 000061.117, 148.0
Trd, 000061.183, 147
Trd, 000061.800, 148.0
Trd, 000063.767, 147
Trd, 000063.817, 143
Trd, 000064.383, 141.0
Trd, 000065.200, 144
Trd, 000065.533, 141
Trd, 000066.450, 143
Trd, 000066.733, 143
Trd, 000067.167, 141.0
Trd, 000068.667, 144
Trd, 000068.983, 142
Trd, 000069.300, 148.0
Trd, 000069.450, 147
Trd, 000069.917, 144
Trd, 000070.017, 142
Trd, 000070.833, 141
Trd, 000071.967, 141
Trd, 000072.050, 142
Trd, 000073.050, 143
Trd, 000073.567, 144
Trd, 000073.667, 148.0
Trd, 000074.667, 140
Trd, 000075.433, 146.0
Trd, 000075.817, 146
Trd, 000076.033, 146
Trd, 000076.083, 148.0
Trd, 000076.867, 147
Trd, 000077.800, 150.0
Trd, 000078.667, 145
Trd, 000079.300, 145
Trd, 000079.550, 149
Trd, 000079.800, 146
Trd, 000079.900, 149
Trd, 000080.483, 148
Trd, 000081.600, 148
Trd, 000082.017, 147
Trd, 000083.017, 144
Trd, 000083.200, 141.0
Trd, 000083.750, 142
Trd, 000083.967, 144
Trd, 000084.567, 144
Trd, 000085.483, 136.0
Trd, 000085.750, 138
Trd, 000086.017, 139
Trd, 000086.650, 141.0
Trd, 000087.767, 143
Trd, 000088.000, 144
Trd, 000089.533, 146
Trd, 000089.650, 146
Trd, 000089.933, 142
Trd, 000090.100, 147.0
Trd, 000090.267, 141.0
Trd, 000091.250, 146
Trd, 000091.467, 142
Trd, 000092.167, 145
Trd, 000092.550, 141
Trd, 000094.433, 142
Trd, 000094.783, 142
Trd, 000094.817, 141
Trd, 000095.317, 144
Trd, 000095.733, 139
Trd, 000096.183, 147.0
Trd, 000096.217, 148.0
Trd, 000096.767, 149
Trd, 000097.050, 151.0
Trd, 000097.200, 146
Trd, 000097.783, 152
Trd, 000098.400, 151.0
Trd, 000098.667, 145
Trd, 000099.367, 145
Trd, 000099.817, 148.0
Trd, 000099.933, 144
Trd, 000100.017, 143
Trd, 000100.117, 168.0
Trd, 000101.983, 141.0
Trd, 000102.017, 148
Trd, 000102.167, 134.0
Trd, 000102.950, 144
Trd, 000103.000, 146
Trd, 000103.050, 147
Trd, 000103.700, 147
Trd, 000103.900, 145
Trd, 000104.300, 144
Trd, 000105.083, 148.0
Trd, 000106.217, 151
Trd, 000106.800, 151
Trd, 000107.533, 150.0
Trd, 000107.550, 151.0
Trd, 000107.733, 149
Trd, 000108.167, 148.0
Trd, 000108.283, 131.0
Trd, 000109.633, 140
Trd, 000111.133, 140
Trd, 000111.300, 143
Trd, 000111.500, 145
Trd, 000112.983, 145
Trd, 000113.367, 148.0
Trd, 000113.667, 143
Trd, 000113.683, 155.0
Trd, 000114.500, 177.0
Trd, 000115.217, 141.0
Trd, 000115.917, 162.0
Trd, 000116.633, 150
Trd, 000117.700, 148
Trd, 000118.217, 148
Trd, 000118.600, 149
Trd, 000119.833, 147
Trd, 000120.550, 145
Trd, 000120.917, 144
Trd, 000121.233, 148
Trd, 000123.217, 144
Trd, 000124.117, 153
Trd, 000124.633, 146
Trd, 000125.067, 146
Trd, 000126.217, 142
Trd, 000126.383, 141.0
Trd, 000126.467, 134.0
Trd, 000126.600, 151.0
Trd, 000127.433, 131.0
Trd, 000127.650, 153.0
Trd, 000128.017, 147.0
Trd, 000128.200, 148.0
Trd, 000128.917, 136
Trd, 000130.150, 137
Trd, 000130.433, 148
Trd, 000132.067, 147
Trd, 000132.167, 143
Trd, 000132.650, 146
Trd, 000133.333, 142.0
Trd, 000134.983, 144
Trd, 000135.200, 148.0
Trd, 000135.283, 141.0
Trd, 000135.350, 149
Trd, 000135.883, 140
Trd, 000136.067, 133
Trd, 000136.500, 143
Trd, 000136.533, 144
Trd, 000137.583, 144
Trd, 000137.683, 150.0
Trd, 000139.033, 148.0
Trd, 000139.317, 151.0
Trd, 000139.367, 143
Trd, 000140.000, 154.0
Trd, 000140.050, 143
Trd, 000140.733, 145
Trd, 000141.283, 147
Trd, 000141.500, 144
Trd, 000141.583, 151.0
Trd, 000142.217, 149
Trd, 000142.233, 150
Trd, 000143.633, 142.0
Trd, 000144.033, 142
Trd, 000144.367, 155.0
Trd, 000144.517, 141.0
Trd, 000145.050, 167.0
Trd, 000145.283, 162.0
Trd, 000147.400, 148.0
Trd, 000147.917, 150.0
Trd, 000148.267, 148
Trd, 000148.500, 151.0
Trd, 000149.050, 147
Trd, 000150.117, 145
Trd, 000150.267, 148
Trd, 000151.017, 141.0
Trd, 000152.250, 142
Trd, 000152.633, 141
Trd, 000152.700, 143
Trd, 000153.017, 141
Trd, 000154.633, 134.0
Trd, 000154.917, 131.0
Trd, 000155.600, 136
Trd, 000156.050, 141.0
Trd, 000157.017, 139
Trd, 000157.183, 140
Trd, 000157.783, 147.0
Trd, 000158.033, 148.0
Trd, 000159.417, 145
Trd, 000160.383, 144
Trd, 000160.400, 138
Trd, 000160.533, 138
Trd, 000161.617, 144
Trd, 000162.383, 145
Trd, 000162.633, 148.0
Trd, 000163.500, 151.0
Trd, 000163.583, 155.0
Trd, 000163.800, 141
Trd, 000164.400, 152
Trd, 000165.700, 147
Trd, 000165.783, 142
Trd, 000166.000, 148.0
Trd, 000167.067, 148
Trd, 000167.167, 149
Trd, 000167.850, 141.0
Trd, 000168.383, 140
Trd, 000168.400, 138
Trd, 000169.250, 147
Trd, 000169.850, 147
Trd, 000170.150, 139
Trd, 000170.167, 138
Trd, 000172.650, 142
Trd, 000172.900, 144
Trd, 000173.183, 144
Trd, 000174.717, 141
Trd, 000174.883, 148.0
Trd, 000175.267, 140
Trd, 000175.750, 148.0
Trd, 000176.017, 140
Trd, 000178.617, 144
Trd, 000179.400, 141.0
Trd, 000179.583, 140
Trd, 000179.850, 141
Trd, 000180.800, 141
Trd, 000181.483, 140
Trd, 000181.633, 141
Trd, 000181.967, 141
Trd, 000182.200, 143
Trd, 000182.233, 140
Trd, 000182.350, 144
Trd, 000182.633, 134
Trd, 000183.300, 134.0
Trd, 000183.350, 143
Trd, 000184.083, 143
Trd, 000184.383, 131.0
Trd, 000185.600, 142
Trd, 000187.050, 143
Trd, 000187.933, 148.0
Trd, 000188.200, 144
Trd, 000189.083, 134
Trd, 000189.383, 143
Trd, 000190.333, 139
Trd, 000190.483, 138
Trd, 000190.800, 144
Trd, 000191.467, 148.0
Trd, 000191.917, 143
Trd, 000192.833, 144
Trd, 000192.917, 144
Trd, 000193.767, 142
Trd, 000194.183, 142
Trd, 000194.433, 144
Trd, 000195.800, 145.0
Trd, 000196.767, 148.0
Trd, 000196.800, 141
Trd, 000197.567, 135.0
Trd, 000198.150, 142
Trd, 000198.317, 134.0
Trd, 000199.117, 145
Trd, 000199.217, 146
Trd, 000199.433, 140
Trd, 000199.583, 148.0
Trd, 000200.917, 149.0
Trd, 000203.033, 144
Trd, 000203.700, 147
Trd, 000204.150, 150
Trd, 000204.550, 150
Trd, 000205.167, 143
Trd, 000205.250, 142
Trd, 000207.017, 148.0
Trd, 000208.333, 146
Trd, 000208.633, 141
Trd, 000209.033, 145
Trd, 000209.517, 140
Trd, 000210.850, 144
Trd, 000212.017, 142
Trd, 000212.650, 139.0
Trd, 000212.833, 142
Trd, 000213.033, 141
Trd, 000213.250, 141
Trd, 000213.933, 141.0
Trd, 000214.050, 140
Trd, 000214.183, 141
Trd, 000214.483, 140
Trd, 000214.717, 148.0
Trd, 000215.667, 143
Trd, 000216.633, 144
Trd, 000217.000, 151.0
Trd, 000217.017, 155.0
Trd, 000217.967, 141
Trd, 000218.867, 147.0
Trd, 000219.533, 144
Trd, 000220.083, 146
Trd, 000220.283, 147
Trd, 000220.567, 148.0
Trd, 000221.183, 138.0
Trd, 000221.233, 151.0
Trd, 000222.750, 149
Trd, 000222.933, 149
Trd, 000223.467, 148
Trd, 000223.533, 149
Trd, 000223.717, 139
Trd, 000223.933, 148
Trd, 000224.150, 140
Trd, 000224.600, 151.0
Trd, 000225.817, 152
Trd, 000226.967, 147.0
Trd, 000227.983, 146
Trd, 000228.933, 135.0
Trd, 000229.600, 143
Trd, 000229.750, 144
Trd, 000230.833, 144
Trd, 000231.267, 139
Trd, 000232.033, 142
Trd, 000232.883, 143
Trd, 000233.050, 142
Trd, 000233.533, 146.0
Trd, 000234.433, 148.0
Trd, 000234.900, 141
Trd, 000235.283, 147
Trd, 000236.400, 146.0
Trd, 000236.483, 141
Trd, 000236.717, 146
Trd, 000237.483, 148.0
Trd, 000238.017, 147.0
Trd, 000238.033, 142
Trd, 000238.317, 139
Trd, 000239.633, 136.0
Trd, 000239.900, 140
Trd, 000240.383, 138.0
Trd, 000240.400, 139
Trd, 000240.983, 139
Trd, 000241.167, 144
Trd, 000242.317, 148.0
Trd, 000242.883, 145.0
Trd, 000243.067, 144.0
Trd, 000243.350, 149.0
Trd, 000243.517, 146
Trd, 000244.200, 155.0
Trd, 000244.600, 148
Trd, 000245.150, 149
Trd, 000245.367, 144
Trd, 000245.700, 147.0
Trd, 000245.783, 148.0
Trd, 000246.117, 146
Trd, 000246.300, 149
Trd, 000246.733, 146
Trd, 000247.200, 148.0
Trd, 000247.267, 148
Trd, 000247.317, 149
Trd, 000247.350, 149
Trd, 000248.267, 149
Trd, 000248.317, 154.0
Trd, 000248.333, 155.0
Trd, 000248.550, 167.0
Trd, 000249.433, 148
Trd, 000249.917, 151.0
Trd, 000250.033, 152
Trd, 000250.467, 171.0
Trd, 000251.483, 151
Trd, 000251.733, 149
Trd, 000251.817, 146
Trd, 000251.983, 144.0
Trd, 000252.217, 155.0
Trd, 000252.350, 155
Trd, 000252.417, 158
Trd, 000253.950, 148.0
Trd, 000254.217, 145
Trd, 000254.950, 142
Trd, 000255.167, 134.0
Trd, 000255.700, 136
Trd, 000256.017, 138
Trd, 000256.100, 137
Trd, 000256.933, 139
Trd, 000258.050, 144
Trd, 000258.083, 144
Trd, 000258.483, 148
Trd, 000258.850, 146
Trd, 000258.933, 145
Trd, 000259.300, 142
Trd, 000259.817, 151.0
Trd, 000260.067, 151.0
Trd, 000260.267, 155.0
Trd, 000260.433, 153
Trd, 000260.983, 160.0
Trd, 000261.283, 149
Trd, 000261.617, 148.0
Trd, 000262.267, 149
Trd, 000262.317, 150
Trd, 000262.383, 151
Trd, 000262.683, 154
Trd, 000263.117, 151.0
Trd, 000264.083, 148
Trd, 000264.417, 148
Trd, 000264.850, 144.0
Trd, 000265.567, 149.0
Trd, 000266.283, 146
Trd, 000266.300, 151
Trd, 000266.967, 147
Trd, 000267.433, 146.0
Trd, 000267.700, 141.0
Trd, 000268.200, 142
Trd, 000269.033, 147
Trd, 000269.133, 148
Trd, 000269.167, 144
Trd, 000269.233, 155.0
Trd, 000269.683, 168.0
Trd, 000269.883, 162.0
Trd, 000270.217, 163
Trd, 000270.683, 158.0
Trd, 000270.850, 159
Trd, 000271.033, 153
Trd, 000271.350, 144.0
Trd, 000272.050, 148
Trd, 000272.067, 149.0
Trd, 000272.383, 145
Trd, 000272.567, 148
Trd, 000273.000, 143
Trd, 000273.267, 144
Trd, 000273.333, 142
Trd, 000274.733, 144.0
Trd, 000274.883, 143
Trd, 000275.450, 140.0
Trd, 000275.483, 140
Trd, 000275.700, 136
Trd, 000275.783, 143
Trd, 000275.883, 144
Trd, 000276.267, 145
Trd, 000276.417, 144
Trd, 000276.700, 148.0
Trd, 000276.717, 151.0
Trd, 000277.267, 137
Trd, 000277.317, 155.0
Trd, 000277.500, 168.0
Trd, 000278.617, 168.0
Trd, 000279.883, 150
Trd, 000280.000, 146
Trd, 000280.050, 144
Trd, 000280.300, 144
Trd, 000280.767, 148
Trd, 000280.983, 150.0
Trd, 000281.417, 150.0
Trd, 000281.467, 151.0
Trd, 000282.167, 150
Trd, 000282.633, 151
Trd, 000283.600, 154.0
Trd, 000285.033, 146
Trd, 000285.900, 144.0
Trd, 000285.983, 145.0
Trd, 000286.267, 141.0
Trd, 000286.317, 145.0
Trd, 000286.400, 134.0
Trd, 000287.700, 143
Trd, 000288.100, 145.0
Trd, 000288.400, 146
Trd, 000288.683, 148.0
Trd, 000288.933, 141
Trd, 000289.083, 151.0
Trd, 000289.683, 134.0
Trd, 000289.750, 145
Trd, 000289.767, 147
Trd, 000290.717, 144.0
Trd, 000290.850, 145
Trd, 000291.483, 147
Trd, 000291.650, 147
Trd, 000291.700, 141
Trd, 000291.983, 148.0
Trd, 000292.033, 155.0
Trd, 000292.100, 140
Trd, 000292.850, 138
Trd, 000293.567, 158
Trd, 000293.850, 157
Trd, 000294.183, 142
Trd, 000294.300, 142.0
Trd, 000294.900, 143.0
Trd, 000296.167, 146
Trd, 000296.217, 147
Trd, 000297.000, 144.0
Trd, 000297.117, 142
Trd, 000297.250, 145
Trd, 000297.583, 144
Trd, 000297.800, 141
Trd, 000297.900, 144.0
Trd, 000297.950, 145
Trd, 000298.017, 148.0
Trd, 000298.667, 162.0
Trd, 000298.833, 142
Trd, 000299.000, 151.0
Trd, 000299.067, 170
Trd, 000299.150, 182.0
