Trd, 000001.467, 172.0
Trd, 000003.933, 135.0
Trd, 000003.950, 148
Trd, 000005.117, 146
Trd, 000005.283, 146
Trd, 000005.317, 146
Trd, 000005.617, 144
Trd, 000005.667, 145
Trd, 000006.650, 151.0
Trd, 000006.800, 150
Trd, 000007.100, 144
Trd, 000007.950, 146
Trd, 000008.133, 145
Trd, 000008.583, 144
Trd, 000009.567, 144
Trd, 000010.000, 144
Trd, 000010.217, 146
Trd, 000011.100, 143
Trd, 000011.167, 151.0
Trd, 000012.517, 147
Trd, 000012.633, 144
Trd, 000013.400, 144.0
Trd, 000013.767, 144
Trd, 000014.183, 145
Trd, 000014.400, 143
Trd, 000014.683, 151.0
Trd, 000016.817, 147
Trd, 000017.200, 150.0
Trd, 000017.767, 149
Trd, 000018.333, 149
Trd, 000018.467, 151.0
Trd, 000018.633, 136.0
Trd, 000018.700, 141.0
Trd, 000019.800, 142
Trd, 000021.200, 139
Trd, 000021.700, 144
Trd, 000021.717, 155.0
Trd, 000022.900, 143
Trd, 000023.900, 147
Trd, 000024.533, 150.0
Trd, 000024.550, 151.0
Trd, 000025.233, 146
Trd, 000026.150, 146
Trd, 000026.400, 146
Trd, 000026.533, 146
Trd, 000026.900, 148
Trd, 000027.400, 145
Trd, 000027.800, 145
Trd, 000028.633, 147
Trd, 000028.800, 150
Trd, 000029.217, 145.0
Trd, 000030.917, 149.0
Trd, 000031.233, 151.0
Trd, 000032.350, 146
Trd, 000032.900, 150
Trd, 000033.383, 147
Trd, 000034.783, 146
Trd, 000034.850, 144.0
Trd, 000035.567, 143
Trd, 000035.917, 144
Trd, 000036.600, 141.0
Trd, 000037.367, 139
Trd, 000037.600, 140
Trd, 000037.617, 143.0
Trd, 000037.700, 144.0
Trd, 000038.200, 136
Trd, 000039.017, 142
Trd, 000039.233, 141
Trd, 000039.700, 144.0
Trd, 000040.350, 155.0
Trd, 000040.433, 158
Trd, 000041.450, 149.0
Trd, 000041.633, 151.0
Trd, 000042.367, 141
Trd, 000043.050, 145
Trd, 000043.117, 144
Trd, 000043.650, 148
Trd, 000044.300, 145.0
Trd, 000046.033, 146
Trd, 000046.383, 145
Trd, 000047.583, 146
Trd, 000048.300, 146
Trd, 000048.533, 145.0
Trd, 000048.667, 144.0
Trd, 000048.767, 144
Trd, 000048.883, 143
Trd, 000049.750, 149
Trd, 000049.783, 143
Trd, 000050.333, 150.0
Trd, 000052.433, 141.0
Trd, 000052.867, 140
Trd, 000053.150, 136
Trd, 000053.350, 141
Trd, 000054.450, 142
Trd, 000054.783, 140
Trd, 000055.117, 139
Trd, 000055.133, 138
Trd, 000055.717, 137
Trd, 000055.950, 142
Trd, 000056.267, 138
Trd, 000056.400, 144
Trd, 000059.000, 141.0
Trd, 000059.167, 140
Trd, 000059.267, 141
Trd, 000059.483, 144.0
Trd, 000059.783, 138
Trd, 000060.133, 138
Trd, 000060.700, 172.0
Trd, 000061.417, 168.0
Trd, 000061.667, 159
Trd, 000062.683, 164
Trd, 000063.050, 165
Trd, 000063.067, 162
Trd, 000064.633, 149
Trd, 000064.950, 137
Trd, 000065.500, 146
Trd, 000065.917, 148
Trd, 000065.950, 149
Trd, 000066.317, 143
Trd, 000066.383, 145
Trd, 000066.400, 155.0
Trd, 000067.367, 159
Trd, 000068.467, 150
Trd, 000068.817, 150
Trd, 000069.083, 151
Trd, 000069.383, 150
Trd, 000069.933, 149
Trd, 000071.467, 149
Trd, 000071.867, 139
Trd, 000073.317, 139
Trd, 000074.067, 139
Trd, 000074.683, 138
Trd, 000074.717, 141.0
Trd, 000074.983, 144.0
Trd, 000075.300, 143
Trd, 000076.450, 151.0
Trd, 000076.533, 153
Trd, 000077.983, 155.0
Trd, 000078.167, 151
Trd, 000078.317, 157
Trd, 000079.233, 152
Trd, 000079.417, 151
Trd, 000080.000, 151
Trd, 000080.283, 152
Trd, 000081.400, 152
Trd, 000082.050, 151
Trd, 000082.133, 150
Trd, 000082.300, 153
Trd, 000082.350, 149
Trd, 000083.000, 154
Trd, 000085.633, 150.0
Trd, 000085.700, 149
Trd, 000086.117, 151.0
Trd, 000086.333, 151
Trd, 000087.050, 148
Trd, 000087.250, 148
Trd, 000087.717, 146
Trd, 000088.967, 144
Trd, 000088.983, 136
Trd, 000089.667, 143
Trd, 000090.283, 151.0
Trd, 000090.333, 155.0
Trd, 000091.317, 150
Trd, 000091.683, 144
Trd, 000092.050, 145
Trd, 000092.283, 149
Trd, 000092.567, 145
Trd, 000094.700, 144
Trd, 000094.767, 145.0
Trd, 000095.100, 146
Trd, 000095.267, 148.0
Trd, 000096.533, 148
Trd, 000098.567, 145
Trd, 000099.117, 148
Trd, 000099.183, 146
Trd, 000099.483, 146
Trd, 000099.567, 144
Trd, 000099.900, 151.0
Trd, 000100.567, 149
Trd, 000101.150, 145
Trd, 000101.483, 145
Trd, 000102.300, 148.0
Trd, 000102.467, 150.0
Trd, 000102.583, 145
Trd, 000105.217, 150
Trd, 000105.467, 150.0
Trd, 000105.700, 150
Trd, 000106.583, 149
Trd, 000106.633, 151.0
Trd, 000107.633, 149
Trd, 000108.083, 149
Trd, 000108.183, 150
Trd, 000109.017, 149
Trd, 000109.067, 150
Trd, 000110.133, 150
Trd, 000111.000, 150
Trd, 000112.083, 151.0
Trd, 000112.433, 158
Trd, 000112.933, 149
Trd, 000113.250, 148
Trd, 000113.267, 136
Trd, 000114.183, 141.0
Trd, 000114.217, 142
Trd, 000115.050, 147
Trd, 000115.133, 150
Trd, 000116.333, 153.0
Trd, 000116.700, 145
Trd, 000117.167, 151.0
Trd, 000117.450, 146.0
Trd, 000118.150, 150
Trd, 000119.183, 144
Trd, 000120.683, 145
Trd, 000121.250, 146
Trd, 000121.733, 147
Trd, 000122.283, 145
Trd, 000123.267, 145.0
Trd, 000123.450, 146
Trd, 000123.933, 147
Trd, 000124.367, 151.0
Trd, 000124.433, 144.0
Trd, 000124.600, 144
Trd, 000126.317, 169.0
Trd, 000126.633, 168.0
Trd, 000126.650, 169.0
Trd, 000127.567, 163
Trd, 000127.783, 154
Trd, 000128.583, 158
Trd, 000128.750, 162
Trd, 000130.133, 150
Trd, 000130.200, 138
Trd, 000132.067, 154
Trd, 000132.400, 153
Trd, 000132.483, 154
Trd, 000132.600, 150
Trd, 000133.267, 151
Trd, 000133.983, 144.0
Trd, 000134.550, 148
Trd, 000135.267, 153
Trd, 000135.583, 139
Trd, 000135.983, 151
Trd, 000136.150, 151.0
Trd, 000136.267, 154
Trd, 000137.517, 158
Trd, 000137.567, 147
Trd, 000138.500, 155
Trd, 000139.433, 155
Trd, 000139.767, 149
Trd, 000139.983, 147
Trd, 000142.217, 148
Trd, 000142.767, 151.0
Trd, 000142.933, 153
Trd, 000143.400, 150
Trd, 000144.450, 149
Trd, 000144.533, 148
Trd, 000144.700, 151
Trd, 000145.483, 148
Trd, 000146.350, 148
Trd, 000146.850, 149
Trd, 000148.633, 148
Trd, 000149.500, 148
Trd, 000150.333, 149
Trd, 000150.533, 148
Trd, 000150.733, 147
Trd, 000150.817, 146
Trd, 000151.083, 146
Trd, 000151.467, 144.0
Trd, 000151.733, 145
Trd, 000152.083, 139
Trd, 000152.700, 147
Trd, 000153.017, 144
Trd, 000153.200, 151.0
Trd, 000153.750, 148
Trd, 000154.833, 150.0
Trd, 000156.167, 149
Trd, 000156.183, 151.0
Trd, 000156.433, 155.0
Trd, 000157.483, 146
Trd, 000157.500, 158
Trd, 000157.800, 146
Trd, 000158.517, 151.0
Trd, 000159.783, 147
Trd, 000159.867, 149
Trd, 000161.467, 149
Trd, 000162.300, 148
Trd, 000162.633, 148
Trd, 000163.250, 149
Trd, 000163.483, 149
Trd, 000163.650, 148
Trd, 000163.967, 149
Trd, 000164.250, 148
Trd, 000165.117, 147
Trd, 000165.217, 150
Trd, 000165.617, 146
Trd, 000166.083, 149
Trd, 000166.433, 151.0
Trd, 000166.633, 144.0
Trd, 000168.017, 135.0
Trd, 000168.717, 139
Trd, 000168.950, 141.0
Trd, 000169.450, 149
Trd, 000170.017, 141
Trd, 000170.033, 151.0
Trd, 000171.000, 152
Trd, 000171.033, 153.0
Trd, 000171.117, 140
Trd, 000171.500, 153
Trd, 000171.733, 141.0
Trd, 000173.200, 147
Trd, 000173.750, 154.0
Trd, 000174.100, 155.0
Trd, 000175.400, 149
Trd, 000175.517, 145
Trd, 000175.533, 150
Trd, 000176.533, 146
Trd, 000176.650, 147
Trd, 000177.000, 146
Trd, 000177.283, 147
Trd, 000177.483, 146
Trd, 000177.850, 147
Trd, 000178.067, 151.0
Trd, 000178.567, 147
Trd, 000179.750, 150
Trd, 000180.350, 146
Trd, 000180.883, 148
Trd, 000181.183, 144.0
Trd, 000182.017, 150
Trd, 000183.517, 144
Trd, 000184.117, 142
Trd, 000184.350, 148.0
Trd, 000185.350, 144
Trd, 000186.283, 146
Trd, 000186.567, 145
Trd, 000187.367, 145
Trd, 000187.967, 147
Trd, 000190.000, 143
Trd, 000190.017, 143
Trd, 000190.133, 142
Trd, 000190.933, 144
Trd, 000190.983, 145
Trd, 000191.333, 145
Trd, 000191.517, 147
Trd, 000192.183, 144.0
Trd, 000192.267, 143
Trd, 000192.383, 146
Trd, 000192.967, 141
Trd, 000193.517, 141
Trd, 000194.400, 142
Trd, 000194.483, 144.0
Trd, 000194.933, 151.0
Trd, 000195.583, 158
Trd, 000195.917, 145
Trd, 000196.033, 153
Trd, 000196.683, 145
Trd, 000196.933, 144
Trd, 000199.133, 153.0
Trd, 000199.733, 150
Trd, 000199.967, 150
Trd, 000200.383, 149
Trd, 000200.483, 149
Trd, 000200.667, 149
Trd, 000200.783, 151.0
Trd, 000201.233, 153
Trd, 000201.717, 148
Trd, 000202.567, 151
Trd, 000202.983, 146
Trd, 000204.183, 146
Trd, 000204.900, 151.0
Trd, 000204.933, 155.0
Trd, 000205.550, 149
Trd, 000206.300, 149
Trd, 000207.417, 150
Trd, 000207.500, 149
Trd, 000207.933, 148
Trd, 000208.767, 150
Trd, 000209.583, 146.0
Trd, 000209.800, 149
Trd, 000210.667, 150
Trd, 000211.783, 150
Trd, 000212.450, 151.0
Trd, 000213.267, 154.0
Trd, 000213.517, 149
Trd, 000213.867, 148
Trd, 000215.200, 153.0
Trd, 000215.500, 148
Trd, 000216.917, 151
Trd, 000217.383, 147
Trd, 000217.850, 150
Trd, 000218.533, 148
Trd, 000218.900, 148
Trd, 000219.250, 148
Trd, 000219.533, 148
Trd, 000220.550, 149
Trd, 000222.400, 149
Trd, 000223.267, 150.0
Trd, 000224.783, 148
Trd, 000224.867, 148
Trd, 000226.550, 149
Trd, 000226.583, 148
Trd, 000226.683, 146
Trd, 000227.383, 155.0
Trd, 000228.117, 151.0
Trd, 000228.333, 145
Trd, 000229.533, 146
Trd, 000230.067, 152
Trd, 000230.267, 146.0
Trd, 000230.567, 144.0
Trd, 000231.533, 150
Trd, 000232.317, 149
Trd, 000232.567, 151
Trd, 000234.283, 149
Trd, 000234.650, 144
Trd, 000235.183, 148
Trd, 000235.283, 155.0
Trd, 000236.550, 175
Trd, 000236.683, 159
Trd, 000237.583, 172.0
Trd, 000238.500, 165
Trd, 000238.983, 164
Trd, 000239.117, 163
Trd, 000239.283, 161
Trd, 000239.550, 159.0
Trd, 000240.533, 154
Trd, 000240.567, 152.0
Trd, 000240.583, 157
Trd, 000241.783, 150.0
Trd, 000241.967, 151
Trd, 000242.183, 146.0
Trd, 000242.567, 147
Trd, 000242.917, 146
Trd, 000243.233, 148.0
Trd, 000243.317, 145
Trd, 000243.767, 146
Trd, 000243.967, 148.0
Trd, 000244.267, 147.0
Trd, 000244.500, 151.0
Trd, 000245.167, 144.0
Trd, 000245.683, 137
Trd, 000246.917, 143
Trd, 000247.683, 144
Trd, 000248.300, 145
Trd, 000248.750, 143
Trd, 000248.900, 145
Trd, 000249.067, 142
Trd, 000249.083, 145
Trd, 000249.533, 145
Trd, 000249.767, 146
Trd, 000250.183, 145
Trd, 000250.450, 146
Trd, 000250.850, 144
Trd, 000251.167, 144
Trd, 000251.450, 144
Trd, 000251.600, 143
Trd, 000251.767, 148
Trd, 000251.933, 148.0
Trd, 000251.967, 139
Trd, 000252.600, 149.0
Trd, 000252.850, 137
Trd, 000254.367, 145
Trd, 000254.633, 146
Trd, 000255.283, 145.0
Trd, 000255.417, 145
Trd, 000255.533, 146
Trd, 000257.033, 148.0
Trd, 000257.600, 145
Trd, 000257.933, 144.0
Trd, 000258.133, 146.0
Trd, 000258.383, 136
Trd, 000259.267, 139.0
Trd, 000259.283, 140
Trd, 000259.600, 151.0
Trd, 000259.850, 155.0
Trd, 000260.033, 151
Trd, 000260.567, 151
Trd, 000260.933, 154
Trd, 000261.117, 151
Trd, 000261.800, 156
Trd, 000262.433, 158
Trd, 000262.700, 160
Trd, 000263.600, 157
Trd, 000263.700, 158.0
Trd, 000264.217, 162.0
Trd, 000264.450, 156
Trd, 000264.550, 161.0
Trd, 000265.533, 141.0
Trd, 000265.833, 138
Trd, 000265.883, 136
Trd, 000267.383, 141.0
Trd, 000267.417, 144.0
Trd, 000267.567, 135.0
Trd, 000267.767, 141
Trd, 000267.900, 146
Trd, 000268.717, 144
Trd, 000269.267, 148
Trd, 000269.317, 147
Trd, 000269.433, 142
Trd, 000269.583, 149.0
Trd, 000270.683, 144.0
Trd, 000271.033, 148.0
Trd, 000272.050, 151.0
Trd, 000272.083, 155
Trd, 000272.167, 151.0
Trd, 000272.500, 159
Trd, 000272.667, 150.0
Trd, 000273.167, 156
Trd, 000273.267, 155
Trd, 000273.467, 159
Trd, 000273.583, 153
Trd, 000273.767, 151.0
Trd, 000274.233, 149
Trd, 000274.700, 153
Trd, 000274.850, 148
Trd, 000275.450, 148.0
Trd, 000275.983, 145
Trd, 000276.433, 144.0
Trd, 000276.867, 145
Trd, 000277.433, 158
Trd, 000277.583, 154
Trd, 000278.150, 144
Trd, 000279.100, 137
Trd, 000279.283, 144.0
Trd, 000279.433, 145
Trd, 000279.483, 145
Trd, 000279.833, 144
Trd, 000280.883, 140.0
Trd, 000281.350, 141.0
Trd, 000281.767, 140
Trd, 000281.783, 148.0
Trd, 000282.500, 141.0
Trd, 000283.083, 149.0
Trd, 000283.467, 140
Trd, 000283.683, 148
Trd, 000284.450, 147
Trd, 000284.500, 151.0
Trd, 000284.517, 158
Trd, 000284.767, 164.0
Trd, 000285.583, 148.0
Trd, 000286.033, 151
Trd, 000286.783, 148
Trd, 000287.950, 149
Trd, 000288.000, 147
Trd, 000288.033, 147
Trd, 000288.383, 146
Trd, 000288.483, 148.0
Trd, 000289.667, 146
Trd, 000290.167, 151.0
Trd, 000290.217, 155.0
Trd, 000290.433, 158
Trd, 000290.733, 162.0
Trd, 000291.133, 144
Trd, 000291.600, 164.0
Trd, 000292.050, 152
Trd, 000292.550, 154
Trd, 000293.017, 146
Trd, 000293.167, 146
Trd, 000293.917, 146.0
Trd, 000293.983, 141.0
Trd, 000294.200, 138
Trd, 000294.617, 141
Trd, 000295.017, 141
Trd, 000295.617, 142
Trd, 000295.850, 147
Trd, 000296.233, 140
Trd, 000296.383, 140
Trd, 000296.467, 146.0
Trd, 000296.733, 148.0
Trd, 000297.683, 139
Trd, 000298.050, 153.0
Trd, 000298.100, 155.0
Trd, 000298.433, 158
Trd, 000299.033, 141
Trd, 000299.267, 136
Trd, 000299.333, 148.0
Trd, 000299.667, 148
