Trd, 000002.967, 143
Trd, 000003.283, 149
Trd, 000003.417, 149
Trd, 000003.483, 151
Trd, 000003.750, 155
Trd, 000003.817, 152
Trd, 000005.033, 158.0
Trd, 000005.117, 145
Trd, 000005.683, 144
Trd, 000005.917, 154
Trd, 000006.083, 145.0
Trd, 000007.067, 152
Trd, 000007.300, 162.0
Trd, 000007.367, 148.0
Trd, 000008.517, 145
Trd, 000008.567, 146
Trd, 000008.750, 134
Trd, 000008.967, 154
Trd, 000009.317, 161
Trd, 000010.433, 161
Trd, 000011.767, 158
Trd, 000013.533, 157
Trd, 000013.633, 157.0
Trd, 000013.700, 162.0
Trd, 000013.767, 156
Trd, 000013.800, 156
Trd, 000014.050, 151.0
Trd, 000014.367, 148.0
Trd, 000014.417, 165
Trd, 000016.683, 149
Trd, 000016.783, 154
Trd, 000018.400, 147.0
Trd, 000019.517, 153
Trd, 000019.583, 151
Trd, 000019.667, 150
Trd, 000020.233, 149
Trd, 000020.817, 148.0
Trd, 000021.300, 147
Trd, 000021.367, 154
Trd, 000022.033, 144.0
Trd, 000024.150, 158.0
Trd, 000024.967, 150.0
Trd, 000025.100, 148.0
Trd, 000027.783, 150
Trd, 000028.400, 149
Trd, 000028.633, 148
Trd, 000028.983, 154
Trd, 000030.433, 152
Trd, 000030.483, 154
Trd, 000030.550, 150
Trd, 000030.700, 157.0
Trd, 000030.783, 148.0
Trd, 000031.050, 158.0
Trd, 000031.633, 147
Trd, 000032.350, 146
Trd, 000033.533, 148.0
Trd, 000033.917, 153
Trd, 000033.967, 154
Trd, 000034.383, 165.0
Trd, 000036.100, 155.0
Trd, 000037.217, 151
Trd, 000038.333, 155
Trd, 000039.183, 151.0
Trd, 000039.400, 151
Trd, 000040.417, 152
Trd, 000041.450, 152
Trd, 000041.733, 153
Trd, 000041.933, 152
Trd, 000042.383, 162.0
Trd, 000042.917, 148.0
Trd, 000043.150, 158.0
Trd, 000043.450, 149
Trd, 000043.783, 151
Trd, 000045.017, 156
Trd, 000046.033, 151
Trd, 000046.983, 151
Trd, 000047.667, 153
Trd, 000048.133, 155
Trd, 000049.667, 151
Trd, 000049.867, 154
Trd, 000050.400, 151.0
Trd, 000051.333, 151
Trd, 000051.383, 154.0
Trd, 000052.000, 151
Trd, 000052.050, 158.0
Trd, 000052.150, 165.0
Trd, 000052.667, 150
Trd, 000052.983, 149
Trd, 000053.150, 148.0
Trd, 000053.200, 144.0
Trd, 000054.167, 157
Trd, 000057.100, 152
Trd, 000057.467, 152
Trd, 000057.600, 154
Trd, 000058.500, 151.0
Trd, 000059.433, 150
Trd, 000059.650, 150
Trd, 000059.883, 144.0
Trd, 000060.767, 152
Trd, 000062.033, 150
Trd, 000062.100, 151
Trd, 000062.133, 149
Trd, 000062.917, 148.0
Trd, 000064.617, 148.0
Trd, 000065.133, 147
Trd, 000065.617, 149
Trd, 000065.883, 147
Trd, 000066.167, 158.0
Trd, 000067.150, 146
Trd, 000069.017, 152
Trd, 000069.650, 155
Trd, 000070.333, 155
Trd, 000070.967, 162.0
Trd, 000072.000, 153
Trd, 000072.450, 152
Trd, 000072.767, 152
Trd, 000072.800, 153
Trd, 000073.267, 150
Trd, 000073.767, 151
Trd, 000074.483, 151
Trd, 000074.767, 152
Trd, 000075.033, 150.0
Trd, 000075.083, 151
Trd, 000075.233, 153
Trd, 000079.017, 153
Trd, 000079.383, 152
Trd, 000079.550, 155.0
Trd, 000079.817, 153
Trd, 000079.867, 151.0
Trd, 000081.300, 162.0
Trd, 000082.717, 150
Trd, 000082.850, 150
Trd, 000082.867, 148.0
Trd, 000083.550, 155
Trd, 000085.133, 149
Trd, 000085.167, 152
Trd, 000086.067, 151
Trd, 000086.833, 153
Trd, 000087.283, 144.0
Trd, 000088.333, 155
Trd, 000089.067, 157.0
Trd, 000089.717, 144
Trd, 000090.083, 158.0
Trd, 000090.783, 147
Trd, 000091.683, 161.0
Trd, 000091.933, 160
Trd, 000092.250, 162.0
Trd, 000093.600, 155
Trd, 000094.267, 156
Trd, 000094.317, 154
Trd, 000097.133, 153
Trd, 000097.483, 152
Trd, 000097.650, 153
Trd, 000098.417, 153
Trd, 000098.700, 151.0
Trd, 000100.383, 151
Trd, 000100.450, 151
Trd, 000101.367, 152
Trd, 000102.217, 152
Trd, 000103.083, 152
Trd, 000103.583, 162.0
Trd, 000103.900, 151
Trd, 000105.350, 154
Trd, 000105.983, 154
Trd, 000106.500, 155
Trd, 000106.700, 153
Trd, 000107.167, 152
Trd, 000107.350, 157
Trd, 000109.467, 154
Trd, 000109.933, 155
Trd, 000110.267, 151
Trd, 000111.050, 151.0
Trd, 000111.600, 151
Trd, 000113.283, 150
Trd, 000115.167, 151.0
Trd, 000115.283, 151.0
Trd, 000115.533, 149
Trd, 000116.200, 151
Trd, 000116.817, 155
Trd, 000116.967, 149.0
Trd, 000117.450, 149.0
Trd, 000117.633, 148.0
Trd, 000118.450, 153
Trd, 000119.300, 154
Trd, 000120.467, 149
Trd, 000120.700, 149
Trd, 000120.750, 153
Trd, 000121.000, 139
Trd, 000121.283, 153
Trd, 000121.583, 145
Trd, 000122.633, 158.0
Trd, 000123.817, 153
Trd, 000124.850, 151.0
Trd, 000124.883, 153
Trd, 000126.233, 150
Trd, 000126.283, 151
Trd, 000126.883, 150
Trd, 000127.683, 152
Trd, 000129.033, 151.0
Trd, 000129.317, 155
Trd, 000129.333, 157.0
Trd, 000129.867, 160
Trd, 000130.217, 152.0
Trd, 000130.467, 153
Trd, 000131.050, 153
Trd, 000131.850, 153
Trd, 000132.033, 161.0
Trd, 000132.950, 158
Trd, 000134.567, 152
Trd, 000134.633, 158.0
Trd, 000135.600, 152
Trd, 000135.950, 152
Trd, 000136.400, 156
Trd, 000136.633, 151.0
Trd, 000137.267, 155
Trd, 000138.167, 160.0
Trd, 000138.850, 151
Trd, 000140.117, 151.0
Trd, 000140.400, 153
Trd, 000140.700, 150.0
Trd, 000141.550, 150
Trd, 000142.833, 152
Trd, 000143.883, 153
Trd, 000144.117, 149
Trd, 000144.300, 148.0
Trd, 000144.333, 144.0
Trd, 000145.167, 146
Trd, 000145.933, 151
Trd, 000146.400, 146
Trd, 000146.450, 146
Trd, 000146.817, 152
Trd, 000147.967, 155
Trd, 000149.050, 156
Trd, 000149.150, 146
Trd, 000149.617, 145
Trd, 000150.417, 156
Trd, 000151.267, 150.0
Trd, 000151.767, 155
Trd, 000152.233, 151
Trd, 000152.317, 162.0
Trd, 000153.467, 157
Trd, 000153.517, 151
Trd, 000154.133, 151.0
Trd, 000154.433, 156.0
Trd, 000154.750, 151
Trd, 000156.667, 154.0
Trd, 000156.883, 151
Trd, 000157.283, 152
Trd, 000157.517, 155
Trd, 000157.600, 152
Trd, 000158.767, 151.0
Trd, 000158.783, 158.0
Trd, 000158.900, 150
Trd, 000161.117, 149
Trd, 000161.683, 151
Trd, 000161.733, 148
Trd, 000162.467, 153
Trd, 000163.767, 155
Trd, 000164.333, 154
Trd, 000164.850, 154
Trd, 000165.483, 153
Trd, 000165.933, 154
Trd, 000167.350, 155
Trd, 000168.183, 151.0
Trd, 000168.633, 150
Trd, 000168.967, 152
Trd, 000169.967, 155
Trd, 000170.700, 151
Trd, 000170.717, 158.0
Trd, 000171.100, 151
Trd, 000172.017, 151
Trd, 000172.083, 159.0
Trd, 000172.733, 148.0
Trd, 000173.967, 148.0
Trd, 000174.400, 157
Trd, 000174.733, 144.0
Trd, 000176.667, 158.0
Trd, 000176.683, 156
Trd, 000177.117, 156
Trd, 000177.317, 153
Trd, 000177.333, 162.0
Trd, 000178.300, 152
Trd, 000178.367, 151.0
Trd, 000180.000, 151.0
Trd, 000180.233, 150
Trd, 000181.033, 150
Trd, 000181.183, 151
Trd, 000181.783, 146.0
Trd, 000182.200, 148.0
Trd, 000182.733, 148
Trd, 000183.700, 148
Trd, 000183.900, 147
Trd, 000184.250, 148
Trd, 000184.417, 147
Trd, 000184.583, 150
Trd, 000185.050, 148
Trd, 000185.183, 151
Trd, 000185.383, 147
Trd, 000186.150, 150
Trd, 000186.817, 146
Trd, 000187.550, 148.0
Trd, 000188.317, 146
Trd, 000188.367, 148
Trd, 000188.883, 144
Trd, 000190.817, 147
Trd, 000191.633, 145
Trd, 000191.700, 148
Trd, 000192.250, 144
Trd, 000192.300, 150
Trd, 000193.200, 144
Trd, 000194.067, 152
Trd, 000196.017, 148.0
Trd, 000197.200, 149
Trd, 000197.800, 145
Trd, 000198.900, 147
Trd, 000199.950, 148
Trd, 000200.133, 148
Trd, 000200.850, 149
Trd, 000200.867, 158.0
Trd, 000201.267, 148.0
Trd, 000202.433, 145
Trd, 000203.350, 150
Trd, 000203.650, 151
Trd, 000204.550, 148.0
Trd, 000205.950, 148
Trd, 000205.967, 150
Trd, 000207.400, 145
Trd, 000208.133, 148
Trd, 000209.083, 148
Trd, 000209.633, 152
Trd, 000209.983, 146
Trd, 000211.067, 147
Trd, 000211.117, 146
Trd, 000211.500, 145
Trd, 000211.733, 147
Trd, 000212.417, 149
Trd, 000212.667, 144
Trd, 000213.517, 153
Trd, 000214.983, 158.0
Trd, 000215.817, 152
Trd, 000216.050, 160.0
Trd, 000216.600, 149
Trd, 000216.683, 162.0
Trd, 000217.167, 150
Trd, 000218.150, 149.0
Trd, 000218.633, 150
Trd, 000219.117, 149
Trd, 000220.683, 153
Trd, 000220.833, 154
Trd, 000222.017, 149
Trd, 000222.417, 148.0
Trd, 000223.167, 152
Trd, 000223.967, 149
Trd, 000224.317, 147
Trd, 000224.750, 147
Trd, 000225.917, 145
Trd, 000226.017, 148
Trd, 000226.217, 144.0
Trd, 000226.333, 148
Trd, 000226.583, 156
Trd, 000227.200, 158.0
Trd, 000227.217, 134
Trd, 000230.450, 158.0
Trd, 000230.867, 149.0
Trd, 000230.983, 158.0
Trd, 000231.400, 148
Trd, 000232.917, 157
Trd, 000232.983, 156
Trd, 000235.633, 153
Trd, 000235.733, 153
Trd, 000236.583, 155.0
Trd, 000237.100, 158.0
Trd, 000237.367, 152
Trd, 000237.417, 151.0
Trd, 000237.567, 162.0
Trd, 000238.350, 157
Trd, 000238.950, 158
Trd, 000239.250, 152
Trd, 000240.133, 154
Trd, 000240.467, 155.0
Trd, 000240.500, 151
Trd, 000240.967, 156.0
Trd, 000241.383, 155
Trd, 000241.633, 153
Trd, 000242.400, 153
Trd, 000242.900, 151.0
Trd, 000242.983, 148.0
Trd, 000243.350, 148
Trd, 000243.750, 150
Trd, 000243.833, 148
Trd, 000244.233, 150
Trd, 000244.483, 150
Trd, 000244.533, 147
Trd, 000244.900, 147
Trd, 000245.233, 147
Trd, 000246.183, 148.0
Trd, 000246.417, 148
Trd, 000248.033, 148.0
Trd, 000248.133, 147.0
Trd, 000248.733, 145
Trd, 000249.183, 144.0
Trd, 000249.383, 140
Trd, 000249.483, 145
Trd, 000250.183, 144
Trd, 000250.300, 143.0
Trd, 000250.367, 148.0
Trd, 000250.667, 155.0
Trd, 000250.867, 162.0
Trd, 000252.000, 155.0
Trd, 000252.250, 150.0
Trd, 000252.600, 157.0
Trd, 000253.083, 158.0
Trd, 000254.683, 156
Trd, 000255.033, 154
Trd, 000255.717, 155.0
Trd, 000255.883, 153
Trd, 000256.800, 153
Trd, 000256.817, 152
Trd, 000257.600, 151
Trd, 000258.183, 148.0
Trd, 000258.400, 152
Trd, 000258.683, 158.0
Trd, 000259.117, 150.0
Trd, 000259.667, 151
Trd, 000259.833, 161.0
Trd, 000260.067, 156
Trd, 000260.900, 150
Trd, 000261.433, 155.0
Trd, 000261.617, 157.0
Trd, 000261.900, 151
Trd, 000262.250, 156.0
Trd, 000262.650, 153.0
Trd, 000262.933, 158.0
Trd, 000263.600, 156.0
Trd, 000264.267, 158.0
Trd, 000264.533, 153
Trd, 000264.800, 157.0
Trd, 000265.250, 154.0
Trd, 000265.633, 151.0
Trd, 000265.900, 153
Trd, 000266.250, 148.0
Trd, 000266.300, 155.0
Trd, 000266.667, 157.0
Trd, 000267.283, 149
Trd, 000267.883, 146
Trd, 000267.967, 155.0
Trd, 000268.400, 145
Trd, 000269.350, 155
Trd, 000269.567, 158.0
Trd, 000269.950, 156
Trd, 000270.350, 154
Trd, 000270.433, 161.0
Trd, 000271.417, 158.0
Trd, 000272.117, 159
Trd, 000272.900, 154
Trd, 000273.067, 154
Trd, 000273.533, 152
Trd, 000274.200, 152
Trd, 000274.633, 157.0
Trd, 000274.650, 151.0
Trd, 000274.917, 151
Trd, 000275.450, 148.0
Trd, 000275.967, 151.0
Trd, 000276.783, 155.0
Trd, 000277.017, 151.0
Trd, 000277.750, 149
Trd, 000278.983, 149
Trd, 000279.017, 148.0
Trd, 000279.433, 153
Trd, 000279.617, 154
Trd, 000279.950, 149
Trd, 000280.133, 148
Trd, 000280.150, 153.0
Trd, 000280.717, 155.0
Trd, 000281.083, 149
Trd, 000281.417, 163
Trd, 000281.950, 149.0
Trd, 000282.367, 145
Trd, 000282.467, 158.0
Trd, 000283.350, 162.0
Trd, 000283.733, 159.0
Trd, 000284.067, 158.0
Trd, 000284.833, 158
Trd, 000284.950, 153
Trd, 000285.483, 151.0
Trd, 000286.467, 150
Trd, 000286.750, 154.0
Trd, 000286.967, 148
Trd, 000287.167, 154
Trd, 000287.183, 148.0
Trd, 000287.383, 144.0
Trd, 000287.767, 158.0
Trd, 000287.833, 140
Trd, 000288.383, 133
Trd, 000288.967, 141
Trd, 000290.000, 144.0
Trd, 000290.217, 141
Trd, 000290.317, 139
Trd, 000291.200, 148
Trd, 000291.267, 148.0
Trd, 000291.417, 151
Trd, 000291.667, 155.0
Trd, 000292.000, 149.0
Trd, 000292.683, 162
Trd, 000293.450, 156
Trd, 000293.617, 150.0
Trd, 000293.767, 150
Trd, 000293.917, 149
Trd, 000294.533, 157.0
Trd, 000295.267, 150
Trd, 000295.583, 154
Trd, 000295.817, 155.0
Trd, 000296.317, 148.0
Trd, 000296.483, 158.0
Trd, 000297.300, 148
Trd, 000298.267, 149.0
Trd, 000298.333, 148.0
Trd, 000299.367, 162.0
Trd, 000299.533, 152
Trd, 000299.550, 144.0
