Trd, 000003.167, 176.0
Trd, 000003.200, 175.0
Trd, 000003.450, 162.0
Trd, 000003.950, 165
Trd, 000004.667, 137
Trd, 000005.167, 163.0
Trd, 000005.483, 154
Trd, 000005.650, 165.0
Trd, 000005.950, 169
Trd, 000006.700, 157
Trd, 000007.550, 153
Trd, 000008.500, 150
Trd, 000008.650, 149
Trd, 000009.383, 148
Trd, 000009.817, 149
Trd, 000009.900, 148
Trd, 000010.700, 147
Trd, 000010.933, 149
Trd, 000010.950, 155.0
Trd, 000011.433, 162
Trd, 000012.483, 148
Trd, 000012.850, 147
Trd, 000014.417, 143.0
Trd, 000014.967, 152
Trd, 000015.167, 152
Trd, 000015.850, 145
Trd, 000016.150, 152
Trd, 000016.367, 157
Trd, 000016.767, 144.0
Trd, 000017.150, 159
Trd, 000018.350, 160
Trd, 000019.550, 148
Trd, 000019.667, 157
Trd, 000019.867, 158
Trd, 000019.917, 149
Trd, 000020.767, 150
Trd, 000021.433, 149
Trd, 000021.633, 156
Trd, 000021.750, 157
Trd, 000022.017, 161
Trd, 000022.183, 149
Trd, 000022.600, 162
Trd, 000023.200, 159
Trd, 000025.567, 155.0
Trd, 000026.033, 154
Trd, 000026.200, 154
Trd, 000027.200, 159
Trd, 000027.667, 153
Trd, 000028.283, 153
Trd, 000028.350, 152
Trd, 000029.133, 154
Trd, 000030.683, 151
Trd, 000030.717, 153
Trd, 000030.817, 155.0
Trd, 000031.300, 163
Trd, 000031.533, 172.0
Trd, 000032.050, 159
Trd, 000032.067, 156
Trd, 000032.233, 155
Trd, 000033.083, 157
Trd, 000033.400, 164
Trd, 000033.650, 155.0
Trd, 000034.917, 163.0
Trd, 000035.783, 141.0
Trd, 000036.183, 161
Trd, 000037.400, 155
Trd, 000037.717, 155.0
Trd, 000038.367, 151
Trd, 000038.483, 153
Trd, 000039.833, 150
Trd, 000041.067, 150
Trd, 000041.250, 151
Trd, 000041.617, 155.0
Trd, 000041.700, 162
Trd, 000041.783, 162
Trd, 000041.817, 147
Trd, 000043.567, 147
Trd, 000043.950, 147
Trd, 000044.950, 149
Trd, 000045.483, 148.0
Trd, 000047.367, 146
Trd, 000047.500, 147
Trd, 000047.567, 141
Trd, 000047.750, 141.0
Trd, 000048.117, 145
Trd, 000048.650, 143
Trd, 000048.983, 148.0
Trd, 000049.167, 141
Trd, 000049.300, 141.0
Trd, 000049.867, 146
Trd, 000050.433, 146
Trd, 000050.867, 146
Trd, 000051.117, 143
Trd, 000052.717, 154.0
Trd, 000052.950, 155.0
Trd, 000053.967, 149
Trd, 000054.250, 163
Trd, 000054.417, 148
Trd, 000054.917, 147
Trd, 000055.517, 153
Trd, 000056.767, 153
Trd, 000056.817, 154
Trd, 000057.333, 151
Trd, 000058.150, 149
Trd, 000058.333, 149
Trd, 000058.617, 150
Trd, 000058.917, 152
Trd, 000059.033, 149
Trd, 000059.883, 148
Trd, 000060.783, 151
Trd, 000061.483, 154.0
Trd, 000061.583, 155.0
Trd, 000064.233, 162
Trd, 000065.017, 163
Trd, 000065.200, 162
Trd, 000065.333, 161
Trd, 000065.450, 160
Trd, 000066.650, 158
Trd, 000067.167, 148
Trd, 000067.600, 153
Trd, 000068.117, 151
Trd, 000068.617, 149
Trd, 000069.050, 164
Trd, 000069.383, 165.0
Trd, 000069.917, 152
Trd, 000070.033, 153.0
Trd, 000070.233, 152
Trd, 000070.350, 150
Trd, 000070.500, 153.0
Trd, 000070.883, 155.0
Trd, 000071.533, 156
Trd, 000072.533, 155.0
Trd, 000073.550, 153
Trd, 000073.800, 152
Trd, 000073.950, 151
Trd, 000074.317, 152
Trd, 000074.850, 151
Trd, 000075.633, 151
Trd, 000075.800, 154
Trd, 000076.017, 155
Trd, 000076.067, 162
Trd, 000076.667, 147
Trd, 000077.617, 152
Trd, 000078.433, 152
Trd, 000078.650, 150
Trd, 000079.283, 155.0
Trd, 000079.533, 158
Trd, 000079.850, 158
Trd, 000080.483, 159
Trd, 000081.767, 152
Trd, 000082.983, 147
Trd, 000084.200, 152
Trd, 000084.267, 153
Trd, 000084.983, 155.0
Trd, 000085.183, 162
Trd, 000086.233, 156
Trd, 000086.283, 155
Trd, 000086.450, 159
Trd, 000086.767, 161
Trd, 000088.417, 158.0
Trd, 000088.733, 154
Trd, 000089.383, 147
Trd, 000089.550, 155.0
Trd, 000091.567, 145
Trd, 000091.650, 146
Trd, 000091.917, 147
Trd, 000092.117, 148
Trd, 000093.550, 148
Trd, 000093.617, 144
Trd, 000094.217, 165
Trd, 000094.733, 141.0
Trd, 000095.167, 155.0
Trd, 000096.033, 161
Trd, 000097.317, 162
Trd, 000097.717, 159
Trd, 000097.767, 160
Trd, 000097.850, 158
Trd, 000098.267, 155.0
Trd, 000099.000, 137.0
Trd, 000099.533, 146
Trd, 000099.700, 148.0
Trd, 000100.167, 162
Trd, 000100.300, 168
Trd, 000100.767, 167.0
Trd, 000101.217, 165.0
Trd, 000101.950, 166
Trd, 000102.567, 166
Trd, 000103.650, 166
Trd, 000103.883, 166.0
Trd, 000104.667, 151
Trd, 000105.883, 154.0
Trd, 000105.983, 155.0
Trd, 000106.383, 154
Trd, 000106.883, 156
Trd, 000107.067, 162
Trd, 000107.550, 151
Trd, 000107.817, 161
Trd, 000109.367, 159
Trd, 000110.250, 156
Trd, 000110.850, 156
Trd, 000111.133, 155
Trd, 000111.783, 159
Trd, 000111.850, 155.0
Trd, 000112.333, 162
Trd, 000112.533, 165.0
Trd, 000112.650, 155
Trd, 000113.250, 151
Trd, 000114.167, 166
Trd, 000115.000, 150
Trd, 000116.400, 150
Trd, 000116.617, 149
Trd, 000116.917, 148
Trd, 000116.933, 151
Trd, 000117.000, 147
Trd, 000117.450, 152
Trd, 000118.867, 155.0
Trd, 000119.017, 168
Trd, 000120.467, 153
Trd, 000120.800, 155
Trd, 000120.950, 154
Trd, 000121.433, 142.0
Trd, 000121.650, 153
Trd, 000121.833, 154.0
Trd, 000122.583, 149
Trd, 000122.750, 155.0
Trd, 000123.517, 141.0
Trd, 000123.583, 156
Trd, 000124.467, 161
Trd, 000124.517, 137
Trd, 000126.133, 141.0
Trd, 000128.100, 147
Trd, 000128.683, 148
Trd, 000128.800, 148.0
Trd, 000128.933, 149
Trd, 000129.150, 155.0
Trd, 000130.333, 154
Trd, 000131.050, 155
Trd, 000131.167, 153
Trd, 000132.083, 155
Trd, 000132.367, 155
Trd, 000132.450, 153
Trd, 000133.900, 155
Trd, 000134.150, 146
Trd, 000134.950, 160
Trd, 000135.383, 158
Trd, 000135.533, 162
Trd, 000136.383, 148
Trd, 000136.700, 147
Trd, 000137.433, 149
Trd, 000138.433, 148
Trd, 000139.083, 150.0
Trd, 000139.217, 146
Trd, 000139.333, 151.0
Trd, 000140.133, 148
Trd, 000140.350, 155.0
Trd, 000140.950, 147
Trd, 000141.533, 141.0
Trd, 000142.483, 154
Trd, 000142.933, 154
Trd, 000143.200, 153
Trd, 000143.283, 144
Trd, 000143.967, 160
Trd, 000144.150, 157
Trd, 000146.533, 151
Trd, 000146.800, 160
Trd, 000147.517, 157
Trd, 000148.000, 161
Trd, 000148.233, 162
Trd, 000148.333, 165.0
Trd, 000148.600, 168
Trd, 000148.883, 155.0
Trd, 000150.383, 160
Trd, 000150.817, 165.0
Trd, 000150.917, 161
Trd, 000151.183, 154
Trd, 000152.300, 147
Trd, 000154.217, 153
Trd, 000154.250, 152
Trd, 000154.333, 153
Trd, 000155.300, 153
Trd, 000155.683, 153
Trd, 000155.700, 154
Trd, 000156.717, 152
Trd, 000156.817, 152
Trd, 000156.933, 154
Trd, 000157.500, 154.0
Trd, 000157.883, 149
Trd, 000159.017, 154
Trd, 000159.217, 155.0
Trd, 000159.300, 163
Trd, 000159.467, 165.0
Trd, 000159.650, 147
Trd, 000161.883, 157
Trd, 000161.950, 158
Trd, 000162.267, 158
Trd, 000163.233, 158
Trd, 000163.300, 157
Trd, 000163.683, 165.0
Trd, 000164.383, 167
Trd, 000164.783, 168
Trd, 000165.033, 157
Trd, 000165.550, 155.0
Trd, 000166.750, 167
Trd, 000166.850, 156
Trd, 000167.050, 149
Trd, 000167.483, 152
Trd, 000168.033, 137.0
Trd, 000168.683, 147.0
Trd, 000168.783, 145
Trd, 000170.233, 147
Trd, 000170.533, 152
Trd, 000170.967, 152.0
Trd, 000171.050, 155.0
Trd, 000171.117, 142.0
Trd, 000172.767, 164.0
Trd, 000173.017, 165.0
Trd, 000173.883, 149
Trd, 000174.050, 145
Trd, 000175.933, 151
Trd, 000176.350, 149
Trd, 000176.800, 150
Trd, 000177.433, 149
Trd, 000177.667, 150
Trd, 000178.017, 151
Trd, 000178.317, 147
Trd, 000178.967, 155.0
Trd, 000179.850, 163
Trd, 000179.933, 159
Trd, 000181.667, 162
Trd, 000181.833, 151
Trd, 000182.067, 148
Trd, 000182.383, 160
Trd, 000182.717, 148
Trd, 000183.433, 147
Trd, 000183.583, 158
Trd, 000183.783, 158
Trd, 000185.233, 158
Trd, 000185.633, 153
Trd, 000185.950, 155.0
Trd, 000187.500, 155.0
Trd, 000187.583, 156
Trd, 000188.033, 162
Trd, 000188.117, 165.0
Trd, 000188.233, 152
Trd, 000188.900, 152
Trd, 000189.750, 152.0
Trd, 000191.517, 150
Trd, 000192.117, 149
Trd, 000192.683, 149.0
Trd, 000192.883, 150.0
Trd, 000193.267, 148
Trd, 000193.450, 152
Trd, 000194.683, 148
Trd, 000195.383, 150.0
Trd, 000195.417, 148
Trd, 000195.800, 151.0
Trd, 000196.117, 155.0
Trd, 000196.683, 151
Trd, 000197.017, 162
Trd, 000197.933, 165.0
Trd, 000199.433, 155.0
Trd, 000199.717, 148
Trd, 000199.933, 147
Trd, 000200.717, 152
Trd, 000201.700, 148
Trd, 000202.200, 150
Trd, 000202.317, 148
Trd, 000203.217, 149
Trd, 000203.400, 150
Trd, 000204.767, 148
Trd, 000205.700, 148
Trd, 000205.767, 153
Trd, 000206.100, 155.0
Trd, 000207.300, 159
Trd, 000207.317, 161
Trd, 000209.150, 155.0
Trd, 000209.650, 155
Trd, 000210.217, 154
Trd, 000210.617, 158
Trd, 000211.067, 151
Trd, 000212.017, 147
Trd, 000212.200, 154
Trd, 000212.533, 147
Trd, 000213.567, 145.0
Trd, 000213.617, 146
Trd, 000213.700, 148.0
Trd, 000214.983, 146
Trd, 000215.000, 143.0
Trd, 000215.533, 150
Trd, 000215.633, 155.0
Trd, 000216.817, 152
Trd, 000216.867, 145
Trd, 000217.767, 153
Trd, 000217.783, 159
Trd, 000217.867, 144
Trd, 000218.383, 141.0
Trd, 000219.083, 156
Trd, 000221.133, 151.0
Trd, 000221.783, 154.0
Trd, 000222.300, 152
Trd, 000222.933, 153
Trd, 000223.250, 152
Trd, 000224.850, 147
Trd, 000225.500, 149
Trd, 000225.633, 150.0
Trd, 000226.000, 148
Trd, 000226.117, 149
Trd, 000227.000, 150
Trd, 000228.617, 149
Trd, 000229.083, 151
Trd, 000229.133, 148
Trd, 000230.250, 152
Trd, 000230.750, 151
Trd, 000231.633, 151
Trd, 000232.617, 155.0
Trd, 000232.883, 162
Trd, 000233.817, 148
Trd, 000234.400, 147
Trd, 000234.783, 147
Trd, 000234.983, 148
Trd, 000236.150, 144.0
Trd, 000236.400, 144.0
Trd, 000236.450, 148.0
Trd, 000237.183, 146.0
Trd, 000238.017, 146
Trd, 000238.033, 155.0
Trd, 000238.633, 152
Trd, 000239.217, 150
Trd, 000239.533, 150
Trd, 000239.617, 149.0
Trd, 000240.267, 151
Trd, 000240.867, 155.0
Trd, 000241.183, 153.0
Trd, 000241.333, 150.0
Trd, 000241.650, 152
Trd, 000241.983, 150.0
Trd, 000242.100, 153
Trd, 000242.567, 150
Trd, 000243.183, 152.0
Trd, 000244.000, 151.0
Trd, 000244.900, 152.0
Trd, 000245.067, 153.0
Trd, 000245.167, 155.0
Trd, 000245.700, 152
Trd, 000246.050, 152
Trd, 000246.067, 147
Trd, 000246.450, 144.0
Trd, 000246.900, 144.0
Trd, 000246.967, 152
Trd, 000247.583, 152
Trd, 000248.883, 148.0
Trd, 000249.000, 162
Trd, 000250.067, 158.0
Trd, 000250.183, 161.0
Trd, 000250.700, 161
Trd, 000251.067, 161
Trd, 000251.350, 159
Trd, 000251.583, 152.0
Trd, 000251.733, 153.0
Trd, 000252.333, 146
Trd, 000253.333, 148.0
Trd, 000253.783, 147.0
Trd, 000254.517, 150.0
Trd, 000255.183, 145.0
Trd, 000255.250, 144.0
Trd, 000255.333, 151.0
Trd, 000255.917, 148
Trd, 000256.733, 150
Trd, 000257.083, 147
Trd, 000257.350, 146.0
Trd, 000257.650, 144.0
Trd, 000257.733, 144
Trd, 000257.950, 148
Trd, 000258.383, 155.0
Trd, 000258.633, 154.0
Trd, 000258.783, 153.0
Trd, 000259.083, 162
Trd, 000260.000, 148
Trd, 000260.417, 159
Trd, 000260.850, 147
Trd, 000261.167, 154
Trd, 000261.500, 154
Trd, 000262.017, 153.0
Trd, 000262.383, 154.0
Trd, 000262.450, 152
Trd, 000263.600, 155.0
Trd, 000264.117, 151.0
Trd, 000264.200, 155.0
Trd, 000264.750, 155
Trd, 000265.167, 155
Trd, 000265.200, 159
Trd, 000265.867, 157.0
Trd, 000266.133, 155.0
Trd, 000266.450, 155.0
Trd, 000267.550, 148
Trd, 000267.583, 147
Trd, 000267.883, 144.0
Trd, 000267.900, 141.0
Trd, 000268.417, 143
Trd, 000268.433, 142
Trd, 000268.533, 144
Trd, 000268.600, 146
Trd, 000268.833, 138
Trd, 000269.467, 140
Trd, 000269.550, 141.0
Trd, 000270.067, 148.0
Trd, 000270.083, 162
Trd, 000270.217, 142
Trd, 000270.683, 151
Trd, 000271.333, 155.0
Trd, 000272.233, 165.0
Trd, 000272.333, 167
Trd, 000272.800, 165
Trd, 000273.817, 165
Trd, 000273.933, 161
Trd, 000274.600, 156
Trd, 000275.600, 162
Trd, 000276.367, 161.0
Trd, 000276.450, 162
Trd, 000276.517, 155.0
Trd, 000277.067, 154
Trd, 000277.883, 147
Trd, 000278.067, 144.0
Trd, 000278.267, 141.0
Trd, 000278.983, 152
Trd, 000279.300, 148
Trd, 000279.700, 141.0
Trd, 000279.783, 152
Trd, 000280.517, 140
Trd, 000281.583, 145
Trd, 000281.783, 147
Trd, 000282.200, 147.0
Trd, 000282.217, 155.0
Trd, 000283.050, 153
Trd, 000283.300, 157
Trd, 000283.400, 155
Trd, 000283.783, 158
Trd, 000284.567, 167.0
Trd, 000285.117, 165.0
Trd, 000285.483, 146
Trd, 000285.667, 154.0
Trd, 000285.683, 155.0
Trd, 000286.400, 146.0
Trd, 000286.450, 166
Trd, 000286.567, 156.0
Trd, 000286.683, 144.0
Trd, 000287.117, 154
Trd, 000287.700, 144
Trd, 000288.017, 160
Trd, 000289.450, 158.0
Trd, 000289.500, 159
Trd, 000289.583, 165
Trd, 000289.900, 151
Trd, 000290.483, 148
Trd, 000290.867, 160
Trd, 000291.283, 147
Trd, 000291.400, 141.0
Trd, 000291.833, 136
Trd, 000291.867, 145.0
Trd, 000293.400, 142
Trd, 000293.433, 141
Trd, 000293.817, 141
Trd, 000294.033, 141.0
Trd, 000294.267, 142
Trd, 000294.517, 144
Trd, 000294.950, 138
Trd, 000295.133, 146.0
Trd, 000295.233, 148.0
Trd, 000296.100, 155.0
Trd, 000296.200, 165.0
Trd, 000296.817, 146.0
Trd, 000297.367, 160.0
Trd, 000298.000, 158.0
Trd, 000298.550, 163
Trd, 000299.167, 150
