Trd, 000001.350, 106.0
Trd, 000002.800, 144
Trd, 000003.450, 143
Trd, 000003.533, 143
Trd, 000003.867, 145
Trd, 000003.883, 137
Trd, 000006.450, 150
Trd, 000006.700, 142
Trd, 000006.767, 146
Trd, 000007.133, 143
Trd, 000007.383, 144
Trd, 000007.483, 149
Trd, 000008.367, 141.0
Trd, 000008.983, 155
Trd, 000011.250, 144
Trd, 000012.683, 144.0
Trd, 000013.367, 144
Trd, 000014.283, 144
Trd, 000014.567, 144
Trd, 000014.850, 143
Trd, 000015.783, 148
Trd, 000016.417, 144
Trd, 000017.367, 148
Trd, 000017.500, 148
Trd, 000018.033, 147
Trd, 000018.867, 147
Trd, 000019.017, 149
Trd, 000020.267, 148
Trd, 000020.650, 147
Trd, 000020.950, 146
Trd, 000021.950, 155
Trd, 000022.583, 145
Trd, 000023.283, 152
Trd, 000024.283, 144.0
Trd, 000024.333, 158.0
Trd, 000025.900, 145
Trd, 000026.283, 146
Trd, 000028.083, 147
Trd, 000028.650, 147
Trd, 000028.683, 146
Trd, 000029.800, 145
Trd, 000030.067, 147
Trd, 000031.483, 144.0
Trd, 000031.700, 147
Trd, 000032.567, 144
Trd, 000032.967, 148
Trd, 000033.933, 147
Trd, 000034.600, 145.0
Trd, 000034.767, 144.0
Trd, 000035.517, 144
Trd, 000035.767, 144.0
Trd, 000037.567, 144
Trd, 000037.683, 145
Trd, 000038.000, 143
Trd, 000039.750, 144
Trd, 000040.000, 146
Trd, 000040.733, 146
Trd, 000042.417, 145
Trd, 000042.517, 147
Trd, 000043.533, 148
Trd, 000044.217, 149.0
Trd, 000044.333, 145
Trd, 000045.150, 147
Trd, 000045.567, 147
Trd, 000045.733, 147
Trd, 000047.283, 146
Trd, 000048.333, 146
Trd, 000048.717, 147
Trd, 000049.067, 146
Trd, 000050.283, 146
Trd, 000050.500, 148
Trd, 000050.700, 151.0
Trd, 000051.517, 145
Trd, 000053.483, 155
Trd, 000054.183, 150
Trd, 000054.400, 149
Trd, 000055.150, 148
Trd, 000055.717, 148
Trd, 000056.233, 147
Trd, 000057.550, 148
Trd, 000057.650, 147
Trd, 000058.433, 147
Trd, 000059.033, 148
Trd, 000059.633, 148
Trd, 000059.800, 147
Trd, 000059.833, 147
Trd, 000060.383, 151.0
Trd, 000060.717, 155
Trd, 000061.333, 149
Trd, 000061.933, 148
Trd, 000062.683, 152
Trd, 000062.850, 152
Trd, 000063.517, 149
Trd, 000063.633, 148
Trd, 000065.967, 147
Trd, 000066.033, 145
Trd, 000066.800, 144.0
Trd, 000067.233, 145
Trd, 000067.417, 145
Trd, 000068.050, 146
Trd, 000068.667, 155
Trd, 000068.733, 143
Trd, 000069.917, 147
Trd, 000071.033, 145
Trd, 000071.100, 144.0
Trd, 000071.333, 150
Trd, 000072.617, 152
Trd, 000072.850, 145
Trd, 000073.600, 154
Trd, 000073.950, 152
Trd, 000074.150, 152
Trd, 000075.250, 145.0
Trd, 000077.617, 150
Trd, 000077.800, 149
Trd, 000078.017, 149
Trd, 000078.250, 151
Trd, 000079.117, 152
Trd, 000079.383, 144.0
Trd, 000079.667, 153
Trd, 000082.283, 153
Trd, 000083.033, 153
Trd, 000084.433, 150
Trd, 000084.467, 150.0
Trd, 000084.783, 149
Trd, 000085.083, 150
Trd, 000085.633, 148
Trd, 000085.867, 151.0
Trd, 000086.367, 145
Trd, 000087.367, 144.0
Trd, 000087.517, 141.0
Trd, 000087.717, 137
Trd, 000087.967, 162.0
Trd, 000089.200, 148
Trd, 000089.550, 148
Trd, 000089.717, 148
Trd, 000090.650, 149
Trd, 000091.000, 150
Trd, 000091.217, 147
Trd, 000093.550, 147.0
Trd, 000094.233, 148
Trd, 000094.833, 147.0
Trd, 000094.917, 146
Trd, 000095.000, 146
Trd, 000096.350, 150
Trd, 000096.467, 151.0
Trd, 000097.683, 148
Trd, 000098.133, 147
Trd, 000098.583, 148
Trd, 000099.783, 146
Trd, 000099.883, 148
Trd, 000100.683, 145
Trd, 000101.317, 146
Trd, 000101.400, 145.0
Trd, 000102.267, 144.0
Trd, 000102.733, 149.0
Trd, 000103.367, 151.0
Trd, 000103.417, 143
Trd, 000103.733, 152
Trd, 000104.667, 143
Trd, 000105.467, 151
Trd, 000106.667, 145
Trd, 000107.250, 151.0
Trd, 000107.333, 151
Trd, 000108.817, 146
Trd, 000108.933, 145
Trd, 000109.700, 146
Trd, 000110.667, 148
Trd, 000110.767, 149
Trd, 000112.067, 150
Trd, 000112.683, 148
Trd, 000113.000, 149
Trd, 000113.700, 157
Trd, 000114.933, 159
Trd, 000115.150, 148
Trd, 000115.700, 149
Trd, 000116.017, 156
Trd, 000116.367, 151
Trd, 000117.717, 153
Trd, 000117.817, 152
Trd, 000119.017, 151
Trd, 000119.450, 151
Trd, 000119.517, 149
Trd, 000120.533, 148
Trd, 000121.417, 148
Trd, 000122.283, 146
Trd, 000122.400, 147
Trd, 000122.550, 146
Trd, 000123.550, 146
Trd, 000123.633, 145
Trd, 000125.283, 147
Trd, 000125.300, 145.0
Trd, 000125.733, 146
Trd, 000126.233, 144.0
Trd, 000126.883, 145
Trd, 000127.383, 148
Trd, 000127.750, 146
Trd, 000129.450, 147
Trd, 000129.617, 147
Trd, 000129.733, 148
Trd, 000131.533, 148
Trd, 000131.633, 149
Trd, 000131.783, 144
Trd, 000131.833, 151.0
Trd, 000133.517, 155
Trd, 000135.000, 146
Trd, 000135.233, 150
Trd, 000135.783, 146
Trd, 000137.333, 148
Trd, 000137.517, 146
Trd, 000137.650, 147
Trd, 000137.683, 149
Trd, 000138.950, 147
Trd, 000139.133, 148
Trd, 000142.117, 146
Trd, 000142.367, 146
Trd, 000142.450, 145
Trd, 000142.533, 146
Trd, 000142.650, 145
Trd, 000145.450, 150
Trd, 000145.650, 147
Trd, 000146.717, 148
Trd, 000146.883, 146
Trd, 000147.200, 149
Trd, 000147.450, 147
Trd, 000148.083, 149
Trd, 000149.550, 151
Trd, 000150.117, 147
Trd, 000150.650, 146
Trd, 000151.083, 148
Trd, 000151.350, 151.0
Trd, 000151.917, 155
Trd, 000153.683, 152
Trd, 000153.700, 151
Trd, 000154.600, 150
Trd, 000154.650, 150
Trd, 000154.983, 152
Trd, 000155.117, 155
Trd, 000156.733, 150
Trd, 000157.517, 149
Trd, 000157.983, 148
Trd, 000158.117, 149
Trd, 000158.600, 148
Trd, 000159.900, 151.0
Trd, 000160.617, 149
Trd, 000161.233, 150
Trd, 000161.650, 148
Trd, 000163.633, 147
Trd, 000164.217, 151
Trd, 000164.433, 147
Trd, 000165.400, 152
Trd, 000165.817, 149
Trd, 000166.450, 151
Trd, 000167.217, 151.0
Trd, 000167.917, 149
Trd, 000168.217, 154
Trd, 000168.833, 154
Trd, 000169.150, 155
Trd, 000169.417, 150
Trd, 000169.517, 148
Trd, 000170.667, 161.0
Trd, 000173.167, 153
Trd, 000174.117, 154
Trd, 000174.167, 153
Trd, 000174.900, 154
Trd, 000174.917, 155
Trd, 000175.383, 149
Trd, 000175.717, 145.0
Trd, 000175.933, 152
Trd, 000176.550, 151
Trd, 000177.033, 151
Trd, 000177.650, 148
Trd, 000177.783, 152
Trd, 000177.917, 168
Trd, 000179.733, 149
Trd, 000179.950, 149
Trd, 000180.233, 155
Trd, 000181.967, 150
Trd, 000182.117, 148
Trd, 000182.483, 147
Trd, 000183.233, 146
Trd, 000185.167, 149
Trd, 000185.967, 147
Trd, 000186.117, 145
Trd, 000186.167, 145
Trd, 000186.650, 150
Trd, 000187.250, 144
Trd, 000188.050, 150.0
Trd, 000188.933, 148.0
Trd, 000189.983, 149
Trd, 000190.000, 147
Trd, 000190.867, 150
Trd, 000191.467, 150
Trd, 000191.650, 151.0
Trd, 000193.433, 153
Trd, 000193.533, 148
Trd, 000194.317, 153
Trd, 000194.833, 149
Trd, 000195.250, 154
Trd, 000196.733, 149
Trd, 000197.617, 148
Trd, 000198.517, 148
Trd, 000198.567, 148
Trd, 000199.633, 148
Trd, 000200.783, 147
Trd, 000201.150, 148
Trd, 000201.533, 148
Trd, 000202.350, 145
Trd, 000204.183, 146
Trd, 000204.333, 146
Trd, 000204.500, 148
Trd, 000205.667, 146
Trd, 000206.050, 148
Trd, 000206.583, 149
Trd, 000207.333, 149
Trd, 000207.800, 146
Trd, 000207.850, 145
Trd, 000209.783, 147
Trd, 000210.033, 150
Trd, 000211.600, 147
Trd, 000212.133, 148
Trd, 000212.917, 149
Trd, 000213.500, 147
Trd, 000213.783, 147
Trd, 000214.067, 147
Trd, 000214.750, 148
Trd, 000214.900, 147
Trd, 000215.383, 149
Trd, 000215.850, 151.0
Trd, 000217.517, 149
Trd, 000217.617, 144.0
Trd, 000218.700, 151.0
Trd, 000219.333, 151
Trd, 000219.550, 148
Trd, 000221.733, 148
Trd, 000221.850, 151
Trd, 000222.700, 148
Trd, 000223.067, 150
Trd, 000223.600, 147
Trd, 000224.633, 147
Trd, 000224.750, 150
Trd, 000225.333, 148
Trd, 000225.383, 151.0
Trd, 000225.967, 151
Trd, 000227.200, 148
Trd, 000227.217, 151
Trd, 000227.450, 145
Trd, 000228.450, 144.0
Trd, 000230.000, 145
Trd, 000230.450, 151.0
Trd, 000230.817, 150
Trd, 000230.833, 148
Trd, 000231.200, 148
Trd, 000231.217, 147
Trd, 000232.817, 147
Trd, 000233.550, 147
Trd, 000234.300, 148
Trd, 000234.733, 147
Trd, 000234.850, 146
Trd, 000236.550, 149
Trd, 000237.350, 149
Trd, 000237.683, 145
Trd, 000237.817, 142
Trd, 000240.000, 149
Trd, 000240.250, 148
Trd, 000240.533, 147
Trd, 000240.850, 145
Trd, 000241.083, 149
Trd, 000241.717, 149.0
Trd, 000243.400, 152
Trd, 000243.417, 153
Trd, 000243.650, 152
Trd, 000243.850, 152
Trd, 000244.383, 152
Trd, 000244.467, 153
Trd, 000244.583, 150
Trd, 000245.017, 151
Trd, 000245.133, 152
Trd, 000246.033, 154
Trd, 000246.450, 151
Trd, 000246.883, 150
Trd, 000246.900, 149
Trd, 000247.100, 141.0
Trd, 000247.650, 145
Trd, 000248.117, 146
Trd, 000248.867, 142.0
Trd, 000249.183, 144
Trd, 000249.333, 144.0
Trd, 000249.650, 144
Trd, 000250.183, 145
Trd, 000251.583, 148
Trd, 000251.600, 145
Trd, 000251.950, 144
Trd, 000252.850, 146
Trd, 000253.567, 148
Trd, 000254.050, 148
Trd, 000254.483, 148
Trd, 000254.867, 150.0
Trd, 000255.083, 147
Trd, 000255.517, 149
Trd, 000255.767, 151.0
Trd, 000256.100, 147
Trd, 000257.500, 148
Trd, 000257.967, 147
Trd, 000258.000, 148
Trd, 000258.600, 155
Trd, 000258.883, 169
Trd, 000259.450, 162
Trd, 000259.583, 160
Trd, 000259.817, 161
Trd, 000260.233, 160
Trd, 000260.983, 160
Trd, 000261.200, 158
Trd, 000261.717, 158
Trd, 000261.917, 160
Trd, 000262.400, 157
Trd, 000262.733, 161.0
Trd, 000264.050, 155.0
Trd, 000264.900, 157
Trd, 000265.767, 157
Trd, 000266.417, 156
Trd, 000266.550, 156
Trd, 000266.583, 155
Trd, 000266.667, 155.0
Trd, 000266.717, 155
Trd, 000266.933, 154
Trd, 000266.950, 157
Trd, 000267.133, 151
Trd, 000267.967, 149
Trd, 000268.283, 147
Trd, 000268.883, 150.0
Trd, 000269.817, 156
Trd, 000270.383, 158
Trd, 000270.567, 154
Trd, 000270.583, 172.0
Trd, 000271.250, 148
Trd, 000271.683, 149
Trd, 000272.067, 148
Trd, 000272.400, 147
Trd, 000272.417, 147
Trd, 000272.450, 151
Trd, 000272.517, 152
Trd, 000273.183, 155
Trd, 000274.200, 155
Trd, 000275.050, 156
Trd, 000275.317, 160
Trd, 000275.833, 155
Trd, 000276.200, 151
Trd, 000276.417, 152
Trd, 000276.917, 150
Trd, 000277.300, 151.0
Trd, 000277.350, 154
Trd, 000277.683, 149
Trd, 000277.700, 144.0
Trd, 000277.917, 155.0
Trd, 000278.833, 161.0
Trd, 000279.433, 160.0
Trd, 000280.150, 163
Trd, 000280.317, 167
Trd, 000280.950, 166
Trd, 000281.117, 164
Trd, 000281.283, 164
Trd, 000282.233, 163
Trd, 000282.633, 167
Trd, 000283.267, 169
Trd, 000283.567, 162
Trd, 000283.700, 158.0
Trd, 000284.067, 155.0
Trd, 000284.333, 157
Trd, 000285.100, 150
Trd, 000285.483, 148
Trd, 000285.883, 159
Trd, 000285.933, 146.0
Trd, 000286.517, 158
Trd, 000286.967, 148
Trd, 000287.300, 137.0
Trd, 000287.517, 142.0
Trd, 000287.783, 142.0
Trd, 000287.983, 142
Trd, 000288.400, 141.0
Trd, 000288.417, 144.0
Trd, 000288.533, 151.0
Trd, 000289.000, 148
Trd, 000289.400, 156
Trd, 000289.600, 162.0
Trd, 000290.300, 154
Trd, 000290.750, 153
Trd, 000290.867, 152
Trd, 000291.150, 150
Trd, 000292.417, 152
Trd, 000293.117, 152
Trd, 000293.883, 153
Trd, 000294.233, 148
Trd, 000294.550, 162.0
Trd, 000295.033, 158.0
Trd, 000295.217, 155
Trd, 000295.283, 151
Trd, 000295.450, 145.0
Trd, 000295.850, 144.0
Trd, 000296.600, 150
Trd, 000296.817, 151
Trd, 000296.883, 146
Trd, 000297.017, 151.0
Trd, 000297.533, 151
Trd, 000297.700, 146
Trd, 000297.750, 141.0
Trd, 000298.317, 142
Trd, 000299.450, 149
Trd, 000299.617, 143
Trd, 000299.933, 150
Trd, 000299.967, 151
