Trd, 000001.033, 100.0
Trd, 000001.350, 125
Trd, 000002.217, 156
Trd, 000003.367, 142.0
Trd, 000003.600, 146
Trd, 000004.067, 157
Trd, 000004.633, 157
Trd, 000004.817, 156
Trd, 000006.033, 155
Trd, 000006.667, 157
Trd, 000007.183, 158
Trd, 000008.183, 157
Trd, 000008.400, 157
Trd, 000008.733, 157
Trd, 000009.517, 157
Trd, 000009.633, 156
Trd, 000010.000, 154
Trd, 000011.750, 151
Trd, 000011.783, 151
Trd, 000012.150, 151
Trd, 000012.350, 150
Trd, 000012.950, 154
Trd, 000013.467, 155.0
Trd, 000013.683, 167
Trd, 000014.950, 161
Trd, 000015.150, 159
Trd, 000015.250, 159
Trd, 000015.433, 164
Trd, 000015.783, 159
Trd, 000016.750, 160
Trd, 000017.700, 161
Trd, 000017.817, 146
Trd, 000018.183, 150
Trd, 000019.233, 152
Trd, 000019.600, 152
Trd, 000019.633, 155.0
Trd, 000020.617, 151
Trd, 000020.733, 150.0
Trd, 000020.767, 146.0
Trd, 000021.117, 151.0
Trd, 000021.550, 152
Trd, 000021.683, 146.0
Trd, 000022.350, 144.0
Trd, 000022.600, 151
Trd, 000023.017, 145
Trd, 000023.067, 152
Trd, 000023.083, 145
Trd, 000024.550, 148
Trd, 000025.267, 151
Trd, 000025.750, 154
Trd, 000026.850, 151
Trd, 000027.833, 151
Trd, 000028.017, 152.0
Trd, 000028.100, 151.0
Trd, 000029.067, 153.0
Trd, 000029.150, 155.0
Trd, 000029.300, 154
Trd, 000029.450, 149.0
Trd, 000030.250, 156
Trd, 000030.883, 150
Trd, 000031.500, 153
Trd, 000031.550, 146.0
Trd, 000031.717, 144.0
Trd, 000032.083, 154
Trd, 000032.367, 143
Trd, 000032.600, 162
Trd, 000032.933, 149
Trd, 000035.800, 154.0
Trd, 000036.017, 151
Trd, 000036.783, 149
Trd, 000038.083, 148
Trd, 000038.283, 149
Trd, 000038.417, 151.0
Trd, 000039.000, 150.0
Trd, 000039.033, 151
Trd, 000039.717, 146.0
Trd, 000040.733, 146
Trd, 000040.767, 153.0
Trd, 000041.333, 146
Trd, 000042.383, 148.0
Trd, 000043.250, 151
Trd, 000043.650, 151.0
Trd, 000043.817, 151
Trd, 000043.967, 155.0
Trd, 000044.600, 152.0
Trd, 000044.750, 149
Trd, 000045.017, 161
Trd, 000045.633, 150.0
Trd, 000045.750, 151
Trd, 000046.950, 152
Trd, 000047.550, 151.0
Trd, 000048.017, 152
Trd, 000048.417, 150
Trd, 000048.700, 149
Trd, 000049.383, 157
Trd, 000049.933, 157
Trd, 000050.017, 156
Trd, 000050.433, 149
Trd, 000050.933, 155
Trd, 000051.200, 155
Trd, 000051.650, 144.0
Trd, 000052.033, 147
Trd, 000052.817, 151.0
Trd, 000053.067, 153
Trd, 000053.267, 151
Trd, 000054.050, 148
Trd, 000055.100, 150
Trd, 000055.267, 146.0
Trd, 000055.550, 151
Trd, 000056.883, 149.0
Trd, 000057.433, 150.0
Trd, 000057.950, 150.0
Trd, 000058.717, 150
Trd, 000059.250, 150.0
Trd, 000059.667, 151.0
Trd, 000059.817, 149.0
Trd, 000060.500, 148.0
Trd, 000060.683, 145
Trd, 000061.250, 152
Trd, 000061.383, 145
Trd, 000061.583, 144.0
Trd, 000061.983, 142.0
Trd, 000062.800, 152.0
Trd, 000062.817, 153.0
Trd, 000063.367, 145.0
Trd, 000064.633, 155.0
Trd, 000064.700, 156
Trd, 000066.150, 152
Trd, 000066.633, 153
Trd, 000066.700, 152
Trd, 000066.917, 156
Trd, 000069.067, 158
Trd, 000069.083, 157
Trd, 000069.200, 161
Trd, 000069.350, 144.0
Trd, 000069.433, 161
Trd, 000070.117, 131.0
Trd, 000070.417, 152
Trd, 000071.417, 148
Trd, 000071.983, 148
Trd, 000073.017, 149
Trd, 000074.083, 148
Trd, 000074.433, 149
Trd, 000074.833, 148.0
Trd, 000074.867, 147.0
Trd, 000075.633, 145.0
Trd, 000075.850, 144
Trd, 000077.550, 147
Trd, 000077.783, 144
Trd, 000078.133, 147
Trd, 000078.167, 144.0
Trd, 000078.933, 143
Trd, 000078.983, 146
Trd, 000079.233, 151.0
Trd, 000080.533, 155.0
Trd, 000080.700, 161
Trd, 000081.167, 157
Trd, 000081.233, 156
Trd, 000082.617, 144.0
Trd, 000082.933, 157
Trd, 000083.467, 155
Trd, 000083.733, 159
Trd, 000083.900, 158
Trd, 000083.933, 157
Trd, 000084.250, 151
Trd, 000085.233, 153.0
Trd, 000085.750, 153
Trd, 000087.150, 152
Trd, 000088.067, 141.0
Trd, 000088.867, 153.0
Trd, 000089.517, 135
Trd, 000089.667, 134
Trd, 000089.950, 134
Trd, 000090.017, 151
Trd, 000090.883, 154
Trd, 000091.233, 155.0
Trd, 000093.000, 154
Trd, 000093.633, 153
Trd, 000094.067, 152
Trd, 000094.433, 153
Trd, 000094.617, 162
Trd, 000094.917, 166
Trd, 000095.133, 151
Trd, 000095.500, 153
Trd, 000095.850, 155.0
Trd, 000096.117, 153
Trd, 000096.583, 157
Trd, 000097.283, 149
Trd, 000097.617, 148
Trd, 000098.583, 153
Trd, 000099.267, 147.0
Trd, 000099.283, 145.0
Trd, 000101.033, 147
Trd, 000102.467, 145
Trd, 000102.867, 144.0
Trd, 000103.050, 145
Trd, 000103.700, 148
Trd, 000103.750, 151.0
Trd, 000104.367, 154.0
Trd, 000104.817, 149
Trd, 000105.133, 156
Trd, 000105.267, 148
Trd, 000106.450, 150
Trd, 000106.767, 149
Trd, 000106.850, 144.0
Trd, 000107.850, 153
Trd, 000108.433, 144.0
Trd, 000110.050, 151
Trd, 000110.283, 151
Trd, 000110.317, 152
Trd, 000110.717, 152
Trd, 000111.333, 151
Trd, 000111.433, 152
Trd, 000112.083, 155.0
Trd, 000113.017, 144.0
Trd, 000113.950, 142.0
Trd, 000114.433, 155
Trd, 000114.833, 141.0
Trd, 000115.417, 160
Trd, 000116.367, 151
Trd, 000116.667, 153.0
Trd, 000117.433, 154
Trd, 000117.683, 154
Trd, 000117.900, 155.0
Trd, 000118.383, 152
Trd, 000118.900, 154
Trd, 000119.167, 149
Trd, 000120.567, 150
Trd, 000120.700, 151
Trd, 000120.967, 151
Trd, 000122.167, 156
Trd, 000122.183, 146.0
Trd, 000122.583, 159
Trd, 000123.250, 141.0
Trd, 000123.300, 160
Trd, 000123.633, 144.0
Trd, 000123.650, 130
Trd, 000123.967, 134.0
Trd, 000126.133, 150
Trd, 000126.800, 154.0
Trd, 000127.283, 154.0
Trd, 000127.367, 152
Trd, 000127.533, 155.0
Trd, 000127.650, 151
Trd, 000128.500, 150
Trd, 000128.667, 147
Trd, 000129.667, 151
Trd, 000130.367, 151
Trd, 000130.533, 146
Trd, 000131.150, 146
Trd, 000131.700, 148
Trd, 000132.550, 148
Trd, 000132.917, 150
Trd, 000133.333, 150.0
Trd, 000133.917, 151.0
Trd, 000133.967, 146
Trd, 000134.267, 155.0
Trd, 000135.850, 152
Trd, 000136.533, 153
Trd, 000136.717, 161
Trd, 000136.783, 151
Trd, 000137.467, 151
Trd, 000137.667, 150
Trd, 000138.467, 152
Trd, 000138.517, 153.0
Trd, 000138.633, 151
Trd, 000138.967, 154.0
Trd, 000139.067, 150
Trd, 000139.717, 154
Trd, 000140.050, 155.0
Trd, 000140.633, 154
Trd, 000140.717, 150
Trd, 000142.383, 146
Trd, 000142.683, 155.0
Trd, 000143.867, 160
Trd, 000144.150, 152
Trd, 000144.650, 156
Trd, 000145.083, 151
Trd, 000145.717, 153
Trd, 000146.250, 152
Trd, 000146.667, 153
Trd, 000146.733, 152
Trd, 000147.633, 152
Trd, 000147.717, 144.0
Trd, 000147.917, 141.0
Trd, 000148.467, 152
Trd, 000148.850, 144
Trd, 000148.967, 130
Trd, 000149.133, 150.0
Trd, 000150.667, 150.0
Trd, 000151.233, 147
Trd, 000152.050, 151.0
Trd, 000152.267, 154.0
Trd, 000152.717, 150
Trd, 000152.917, 154.0
Trd, 000153.033, 155.0
Trd, 000154.483, 153
Trd, 000155.000, 155
Trd, 000155.017, 154
Trd, 000156.333, 155
Trd, 000156.683, 154
Trd, 000156.700, 150
Trd, 000157.767, 155
Trd, 000158.517, 155
Trd, 000159.600, 151
Trd, 000159.867, 150
Trd, 000160.633, 153
Trd, 000160.850, 153
Trd, 000160.883, 162
Trd, 000160.933, 152
Trd, 000161.300, 151
Trd, 000162.750, 150
Trd, 000164.733, 152.0
Trd, 000164.817, 155.0
Trd, 000165.467, 153
Trd, 000165.517, 152.0
Trd, 000165.867, 165
Trd, 000165.917, 151.0
Trd, 000166.583, 160
Trd, 000166.750, 157
Trd, 000168.400, 158
Trd, 000168.783, 158
Trd, 000168.867, 157
Trd, 000168.967, 158
Trd, 000169.150, 154
Trd, 000169.417, 151
Trd, 000169.900, 149
Trd, 000171.300, 155
Trd, 000171.417, 148
Trd, 000171.533, 150
Trd, 000171.700, 155
Trd, 000171.867, 158
Trd, 000172.783, 146.0
Trd, 000174.367, 148
Trd, 000174.600, 147
Trd, 000174.633, 147
Trd, 000175.100, 151.0
Trd, 000175.600, 149.0
Trd, 000175.883, 149.0
Trd, 000176.167, 149
Trd, 000176.983, 151.0
Trd, 000177.117, 148.0
Trd, 000177.333, 152
Trd, 000177.783, 148
Trd, 000178.117, 146.0
Trd, 000178.733, 151
Trd, 000179.217, 155.0
Trd, 000179.500, 145.0
Trd, 000180.833, 151
Trd, 000180.883, 150
Trd, 000181.150, 151
Trd, 000181.400, 154
Trd, 000181.700, 155.0
Trd, 000181.767, 161
Trd, 000183.333, 152
Trd, 000184.283, 151
Trd, 000185.233, 150
Trd, 000185.283, 149
Trd, 000185.300, 150
Trd, 000186.083, 149
Trd, 000186.567, 149
Trd, 000187.117, 149
Trd, 000187.333, 155.0
Trd, 000189.317, 161
Trd, 000189.750, 152
Trd, 000190.217, 155
Trd, 000190.317, 150
Trd, 000190.967, 152
Trd, 000191.117, 151
Trd, 000191.350, 152
Trd, 000191.367, 151
Trd, 000191.700, 151
Trd, 000191.883, 152
Trd, 000193.133, 155.0
Trd, 000193.783, 158
Trd, 000194.500, 153
Trd, 000195.050, 153
Trd, 000195.567, 154.0
Trd, 000196.400, 155.0
Trd, 000197.067, 155
Trd, 000197.367, 154
Trd, 000197.833, 151
Trd, 000198.033, 149
Trd, 000198.133, 153
Trd, 000198.150, 153
Trd, 000199.100, 144.0
Trd, 000200.117, 143.0
Trd, 000200.267, 146
Trd, 000200.383, 146
Trd, 000200.650, 144.0
Trd, 000201.033, 148
Trd, 000201.217, 143
Trd, 000203.533, 161
Trd, 000203.767, 162
Trd, 000204.133, 165
Trd, 000204.900, 161
Trd, 000205.000, 161
Trd, 000205.200, 161
Trd, 000205.850, 161
Trd, 000206.067, 145
Trd, 000206.933, 153
Trd, 000207.017, 152
Trd, 000207.033, 163
Trd, 000207.633, 159
Trd, 000208.967, 148
Trd, 000209.500, 152
Trd, 000209.600, 151
Trd, 000209.667, 152
Trd, 000210.100, 155.0
Trd, 000210.900, 157
Trd, 000211.850, 152
Trd, 000212.600, 151
Trd, 000212.700, 155
Trd, 000212.800, 156
Trd, 000213.350, 152
Trd, 000213.550, 151
Trd, 000213.633, 144.0
Trd, 000214.250, 165
Trd, 000214.417, 155.0
Trd, 000214.600, 141.0
Trd, 000215.367, 152
Trd, 000215.650, 152
Trd, 000215.817, 144.0
Trd, 000218.167, 161
Trd, 000218.400, 160
Trd, 000218.833, 160
Trd, 000219.183, 159
Trd, 000219.517, 160
Trd, 000220.433, 157
Trd, 000220.667, 157
Trd, 000221.067, 146.0
Trd, 000221.300, 145.0
Trd, 000221.350, 161
Trd, 000222.200, 162
Trd, 000222.850, 160
Trd, 000223.750, 159
Trd, 000224.550, 156
Trd, 000224.850, 158
Trd, 000225.350, 159
Trd, 000225.367, 150
Trd, 000225.567, 157
Trd, 000226.833, 153
Trd, 000226.867, 144.0
Trd, 000227.417, 142
Trd, 000228.083, 137
Trd, 000228.283, 143
Trd, 000228.450, 150
Trd, 000228.650, 141.0
Trd, 000228.950, 151.0
Trd, 000229.633, 150
Trd, 000229.933, 152.0
Trd, 000230.483, 150
Trd, 000231.617, 150
Trd, 000232.550, 153.0
Trd, 000232.833, 149
Trd, 000233.533, 154.0
Trd, 000234.533, 152
Trd, 000235.817, 151.0
Trd, 000236.150, 154
Trd, 000236.417, 151
Trd, 000236.533, 155.0
Trd, 000236.900, 154
Trd, 000236.983, 153
Trd, 000237.133, 151
Trd, 000238.517, 144.0
Trd, 000239.283, 151
Trd, 000240.000, 149
Trd, 000240.250, 146
Trd, 000240.517, 148
Trd, 000240.783, 149.0
Trd, 000240.983, 149
Trd, 000241.000, 150
Trd, 000241.317, 148
Trd, 000241.567, 144.0
Trd, 000242.500, 149.0
Trd, 000242.983, 147
Trd, 000243.400, 147.0
Trd, 000243.867, 151.0
Trd, 000244.533, 148
Trd, 000244.700, 148
Trd, 000244.783, 145
Trd, 000244.817, 145
Trd, 000244.917, 144.0
Trd, 000244.983, 156
Trd, 000245.267, 155
Trd, 000245.533, 159
Trd, 000245.867, 154
Trd, 000246.267, 141.0
Trd, 000246.817, 136.0
Trd, 000247.317, 150
Trd, 000248.483, 145.0
Trd, 000248.717, 149
Trd, 000248.750, 144.0
Trd, 000248.800, 151.0
Trd, 000249.350, 155.0
Trd, 000250.317, 148
Trd, 000250.683, 150
Trd, 000250.833, 152
Trd, 000251.417, 153
Trd, 000251.850, 152
Trd, 000252.133, 151
Trd, 000252.500, 151
Trd, 000252.567, 152.0
Trd, 000252.617, 145.0
Trd, 000252.783, 153.0
Trd, 000254.467, 151
Trd, 000254.817, 148
Trd, 000254.883, 150
Trd, 000254.900, 148.0
Trd, 000254.917, 144.0
Trd, 000255.083, 154
Trd, 000256.033, 143.0
Trd, 000256.500, 143
Trd, 000256.517, 146
Trd, 000257.433, 145.0
Trd, 000257.600, 146.0
Trd, 000257.783, 151.0
Trd, 000258.417, 145.0
Trd, 000259.250, 142.0
Trd, 000259.433, 146
Trd, 000259.900, 143
Trd, 000259.967, 147
Trd, 000261.233, 148.0
Trd, 000261.333, 144.0
Trd, 000261.633, 147
Trd, 000262.283, 149
Trd, 000262.300, 145
Trd, 000262.617, 155.0
Trd, 000264.433, 153
Trd, 000264.467, 155
Trd, 000264.683, 152
Trd, 000264.817, 144
Trd, 000265.000, 144.0
Trd, 000265.517, 144
Trd, 000265.650, 144
Trd, 000265.750, 150.0
Trd, 000266.200, 147
Trd, 000266.533, 147
Trd, 000266.900, 146.0
Trd, 000267.133, 146.0
Trd, 000267.933, 146
Trd, 000268.317, 145.0
Trd, 000268.467, 144.0
Trd, 000268.783, 142
Trd, 000269.067, 146
Trd, 000269.600, 150.0
Trd, 000270.017, 143.0
Trd, 000270.083, 148
Trd, 000270.233, 155.0
Trd, 000270.600, 156
Trd, 000270.767, 153
Trd, 000271.417, 151
Trd, 000272.600, 155.0
Trd, 000273.000, 151.0
Trd, 000273.150, 150.0
Trd, 000273.800, 162
Trd, 000273.850, 153.0
Trd, 000274.017, 172.0
Trd, 000274.050, 152.0
Trd, 000274.767, 165
Trd, 000275.533, 147.0
Trd, 000275.850, 157
Trd, 000276.217, 136
Trd, 000277.133, 146
Trd, 000277.250, 147
Trd, 000277.433, 146
Trd, 000277.633, 144.0
Trd, 000278.350, 136.0
Trd, 000278.400, 140
Trd, 000278.417, 134.0
Trd, 000278.483, 149
Trd, 000279.317, 144.0
Trd, 000280.150, 137
Trd, 000280.433, 140
Trd, 000280.733, 149
Trd, 000282.200, 143
Trd, 000282.300, 151.0
Trd, 000282.600, 146.0
Trd, 000283.217, 143.0
Trd, 000283.833, 153
Trd, 000284.033, 147.0
Trd, 000284.117, 144.0
Trd, 000284.950, 152
Trd, 000285.150, 151
Trd, 000285.567, 155
Trd, 000285.783, 163
Trd, 000286.000, 165
Trd, 000286.883, 153
Trd, 000287.017, 154
Trd, 000287.167, 152
Trd, 000287.683, 161.0
Trd, 000288.417, 149.0
Trd, 000288.550, 144.0
Trd, 000289.017, 143
Trd, 000289.300, 148
Trd, 000289.367, 155.0
Trd, 000290.367, 142.0
Trd, 000290.583, 145
Trd, 000290.950, 134.0
Trd, 000291.800, 150
Trd, 000292.167, 146
Trd, 000292.633, 145
Trd, 000292.983, 147
Trd, 000293.083, 144
Trd, 000293.650, 149.0
Trd, 000293.783, 149.0
Trd, 000294.533, 149
Trd, 000294.850, 148.0
Trd, 000295.233, 148
Trd, 000295.383, 150.0
Trd, 000295.467, 155.0
Trd, 000295.883, 153
Trd, 000296.133, 164
Trd, 000296.267, 146.0
Trd, 000296.567, 146
Trd, 000298.167, 166
Trd, 000298.450, 149.0
Trd, 000299.150, 151
Trd, 000299.367, 158
Trd, 000299.850, 158
