Trd, 000002.717, 158
Trd, 000003.467, 137.0
Trd, 000004.167, 130.0
Trd, 000004.917, 130
Trd, 000005.033, 131.0
Trd, 000005.083, 131.0
Trd, 000005.617, 132
Trd, 000005.867, 141
Trd, 000006.517, 138.0
Trd, 000007.250, 137.0
Trd, 000007.500, 128
Trd, 000007.600, 140
Trd, 000008.650, 140
Trd, 000009.033, 140
Trd, 000009.617, 147.0
Trd, 000010.000, 151.0
Trd, 000010.583, 147.0
Trd, 000011.233, 148
Trd, 000011.650, 148
Trd, 000013.100, 147
Trd, 000013.450, 145
Trd, 000013.467, 147
Trd, 000014.517, 145
Trd, 000014.667, 148
Trd, 000015.050, 151.0
Trd, 000015.483, 156
Trd, 000017.417, 153
Trd, 000017.617, 153
Trd, 000017.917, 152
Trd, 000018.200, 154
Trd, 000019.733, 152
Trd, 000020.050, 151
Trd, 000020.517, 152
Trd, 000020.767, 150
Trd, 000022.000, 150
Trd, 000023.150, 152
Trd, 000024.033, 150
Trd, 000024.583, 152
Trd, 000025.717, 151.0
Trd, 000025.783, 150
Trd, 000025.933, 144.0
Trd, 000028.283, 151
Trd, 000028.500, 152
Trd, 000028.717, 150
Trd, 000030.417, 151
Trd, 000030.600, 150
Trd, 000030.750, 151
Trd, 000031.033, 152
Trd, 000032.250, 152
Trd, 000032.367, 150
Trd, 000033.000, 152
Trd, 000033.150, 151
Trd, 000034.317, 151
Trd, 000035.033, 150
Trd, 000035.250, 149
Trd, 000035.750, 148
Trd, 000037.067, 148
Trd, 000037.317, 147
Trd, 000037.450, 149
Trd, 000038.183, 149
Trd, 000038.667, 145
Trd, 000041.383, 147.0
Trd, 000042.217, 148
Trd, 000042.433, 148
Trd, 000042.517, 149
Trd, 000043.117, 150
Trd, 000043.383, 149
Trd, 000043.400, 148
Trd, 000043.617, 146
Trd, 000043.767, 151.0
Trd, 000044.433, 148
Trd, 000045.617, 156.0
Trd, 000046.817, 144.0
Trd, 000047.233, 144
Trd, 000048.600, 151
Trd, 000049.117, 151
Trd, 000049.917, 151
Trd, 000050.250, 152
Trd, 000050.683, 150
Trd, 000051.033, 151
Trd, 000053.033, 145
Trd, 000053.350, 146
Trd, 000053.650, 143.0
Trd, 000053.767, 141.0
Trd, 000054.583, 142
Trd, 000054.700, 142
Trd, 000055.583, 139
Trd, 000056.300, 143
Trd, 000056.383, 139
Trd, 000056.883, 134
Trd, 000057.767, 143
Trd, 000058.600, 144.0
Trd, 000058.750, 151.0
Trd, 000058.833, 139
Trd, 000059.417, 148
Trd, 000060.567, 146
Trd, 000060.783, 143.0
Trd, 000060.950, 147
Trd, 000061.750, 148
Trd, 000062.900, 151.0
Trd, 000063.300, 152
Trd, 000063.767, 153
Trd, 000065.150, 153
Trd, 000065.483, 154
Trd, 000066.283, 153
Trd, 000066.367, 153
Trd, 000067.117, 153
Trd, 000067.583, 149
Trd, 000068.183, 147.0
Trd, 000068.733, 149
Trd, 000068.917, 149
Trd, 000069.100, 155
Trd, 000069.950, 148.0
Trd, 000071.967, 147
Trd, 000072.383, 147
Trd, 000072.733, 146
Trd, 000073.383, 146
Trd, 000073.733, 146.0
Trd, 000074.083, 145
Trd, 000074.900, 145
Trd, 000075.267, 146.0
Trd, 000075.850, 144.0
Trd, 000076.683, 148
Trd, 000076.833, 147
Trd, 000077.100, 148
Trd, 000078.117, 148
Trd, 000078.267, 158.0
Trd, 000079.867, 147
Trd, 000081.300, 151
Trd, 000082.150, 150
Trd, 000082.183, 150
Trd, 000083.033, 148
Trd, 000083.100, 146
Trd, 000083.733, 149
Trd, 000083.983, 147
Trd, 000084.267, 145
Trd, 000085.183, 149
Trd, 000085.300, 147.0
Trd, 000085.600, 145
Trd, 000086.133, 149
Trd, 000088.350, 145
Trd, 000088.467, 149
Trd, 000088.717, 152
Trd, 000089.483, 151
Trd, 000090.483, 151
Trd, 000091.083, 150
Trd, 000091.183, 151
Trd, 000091.383, 151
Trd, 000091.633, 151
Trd, 000092.500, 150
Trd, 000092.783, 151
Trd, 000093.767, 148
Trd, 000094.033, 144.0
Trd, 000094.517, 142.0
Trd, 000095.667, 141.0
Trd, 000095.850, 142
Trd, 000096.133, 147
Trd, 000097.250, 146
Trd, 000097.517, 147
Trd, 000097.650, 151.0
Trd, 000098.200, 158.0
Trd, 000100.233, 154
Trd, 000100.450, 154
Trd, 000101.033, 153
Trd, 000101.700, 153
Trd, 000102.150, 154
Trd, 000102.367, 153
Trd, 000103.150, 152
Trd, 000103.567, 151
Trd, 000103.767, 151
Trd, 000103.800, 146.0
Trd, 000103.833, 158
Trd, 000105.233, 154
Trd, 000105.317, 151.0
Trd, 000106.300, 147
Trd, 000108.500, 153
Trd, 000108.717, 153
Trd, 000109.100, 150
Trd, 000109.233, 155
Trd, 000109.500, 152
Trd, 000109.683, 144.0
Trd, 000110.417, 141.0
Trd, 000111.017, 144.0
Trd, 000111.667, 144
Trd, 000111.867, 143
Trd, 000112.117, 143
Trd, 000112.567, 144
Trd, 000113.300, 144
Trd, 000113.950, 145
Trd, 000114.050, 160.0
Trd, 000114.950, 149
Trd, 000114.983, 149
Trd, 000115.067, 158.0
Trd, 000115.217, 148
Trd, 000116.367, 146
Trd, 000116.983, 145
Trd, 000118.933, 151
Trd, 000119.100, 144.0
Trd, 000119.667, 141.0
Trd, 000121.933, 151
Trd, 000122.200, 151.0
Trd, 000122.433, 150
Trd, 000123.050, 150
Trd, 000123.450, 148
Trd, 000125.250, 150
Trd, 000125.367, 149
Trd, 000125.700, 151.0
Trd, 000126.433, 149
Trd, 000128.717, 149
Trd, 000128.917, 150
Trd, 000129.217, 150
Trd, 000129.450, 148
Trd, 000130.533, 147
Trd, 000130.667, 147
Trd, 000132.100, 149
Trd, 000132.150, 144.0
Trd, 000132.733, 147
Trd, 000133.167, 141.0
Trd, 000134.417, 144
Trd, 000134.567, 144.0
Trd, 000135.367, 144
Trd, 000135.950, 144
Trd, 000135.967, 143
Trd, 000136.717, 151.0
Trd, 000137.367, 143
Trd, 000137.550, 142.0
Trd, 000137.733, 146
Trd, 000138.900, 147
Trd, 000139.900, 147
Trd, 000141.200, 146.0
Trd, 000141.750, 146
Trd, 000142.017, 148
Trd, 000142.333, 148
Trd, 000143.267, 150
Trd, 000143.533, 145
Trd, 000143.617, 144.0
Trd, 000144.483, 150.0
Trd, 000145.350, 145
Trd, 000145.617, 157.0
Trd, 000147.283, 146
Trd, 000148.383, 150
Trd, 000149.600, 145
Trd, 000149.900, 145
Trd, 000150.233, 144.0
Trd, 000151.117, 146
Trd, 000151.617, 143
Trd, 000151.750, 146
Trd, 000153.483, 144.0
Trd, 000153.700, 146
Trd, 000154.600, 145
Trd, 000154.617, 144
Trd, 000155.517, 146
Trd, 000156.167, 146
Trd, 000156.333, 145
Trd, 000157.067, 145
Trd, 000157.117, 143
Trd, 000157.633, 137.0
Trd, 000158.283, 139
Trd, 000160.350, 144.0
Trd, 000160.367, 142
Trd, 000161.133, 142.0
Trd, 000161.167, 143
Trd, 000161.567, 151.0
Trd, 000162.167, 143.0
Trd, 000162.200, 147
Trd, 000163.000, 148
Trd, 000163.350, 150
Trd, 000163.617, 150
Trd, 000163.867, 157.0
Trd, 000164.117, 149
Trd, 000167.783, 153
Trd, 000167.850, 152
Trd, 000167.967, 153
Trd, 000168.633, 151
Trd, 000168.833, 157.0
Trd, 000169.250, 150
Trd, 000170.650, 155
Trd, 000170.667, 149
Trd, 000173.067, 149
Trd, 000173.650, 150
Trd, 000173.900, 148
Trd, 000174.617, 147
Trd, 000175.083, 148
Trd, 000175.483, 147.0
Trd, 000176.083, 147
Trd, 000176.600, 147
Trd, 000176.817, 145
Trd, 000177.067, 144.0
Trd, 000178.000, 146
Trd, 000178.483, 151.0
Trd, 000179.067, 155
Trd, 000180.117, 150
Trd, 000180.333, 146
Trd, 000180.600, 145
Trd, 000182.150, 148
Trd, 000182.900, 148
Trd, 000184.667, 148
Trd, 000184.917, 150
Trd, 000185.367, 148
Trd, 000186.317, 147
Trd, 000186.483, 149
Trd, 000187.433, 147
Trd, 000187.617, 149
Trd, 000188.183, 149
Trd, 000188.950, 146
Trd, 000190.650, 148
Trd, 000191.017, 147
Trd, 000191.250, 148
Trd, 000191.350, 146
Trd, 000192.083, 147
Trd, 000192.617, 150
Trd, 000192.850, 146
Trd, 000194.417, 148
Trd, 000194.833, 149
Trd, 000195.250, 148
Trd, 000195.800, 149
Trd, 000196.883, 148
Trd, 000197.783, 149
Trd, 000198.033, 149
Trd, 000198.250, 150
Trd, 000198.300, 150
Trd, 000198.583, 149
Trd, 000199.983, 148
Trd, 000201.683, 146
Trd, 000201.883, 144.0
Trd, 000202.317, 149
Trd, 000202.750, 149
Trd, 000203.083, 146.0
Trd, 000203.117, 151.0
Trd, 000204.067, 150
Trd, 000204.883, 150
Trd, 000205.900, 149
Trd, 000206.250, 148
Trd, 000209.183, 148
Trd, 000209.867, 149
Trd, 000210.000, 148
Trd, 000211.017, 148
Trd, 000211.633, 147
Trd, 000211.683, 148
Trd, 000211.700, 147.0
Trd, 000213.983, 147
Trd, 000214.100, 146.0
Trd, 000214.450, 146
Trd, 000215.200, 146
Trd, 000215.283, 147
Trd, 000215.867, 145
Trd, 000216.150, 146
Trd, 000217.333, 147
Trd, 000217.683, 147
Trd, 000219.000, 148
Trd, 000219.233, 147
Trd, 000219.283, 148
Trd, 000220.400, 149
Trd, 000221.617, 149
Trd, 000222.267, 148
Trd, 000222.683, 149
Trd, 000222.733, 151
Trd, 000223.217, 151.0
Trd, 000223.750, 151
Trd, 000224.633, 149
Trd, 000225.567, 151
Trd, 000226.217, 149
Trd, 000227.300, 150
Trd, 000227.550, 150
Trd, 000227.967, 148
Trd, 000228.333, 141.0
Trd, 000228.633, 151
Trd, 000229.467, 143
Trd, 000230.467, 151.0
Trd, 000231.267, 148
Trd, 000231.567, 150
Trd, 000231.967, 151
Trd, 000232.367, 150
Trd, 000232.517, 148
Trd, 000233.700, 148
Trd, 000234.200, 149
Trd, 000234.317, 145
Trd, 000234.350, 144.0
Trd, 000234.400, 149
Trd, 000235.767, 149
Trd, 000236.200, 149
Trd, 000236.800, 147.0
Trd, 000238.050, 150.0
Trd, 000238.150, 149
Trd, 000238.450, 147
Trd, 000240.000, 148
Trd, 000240.217, 147
Trd, 000240.233, 145
Trd, 000240.533, 146
Trd, 000241.117, 144.0
Trd, 000241.967, 144
Trd, 000242.083, 144
Trd, 000242.733, 145
Trd, 000242.967, 146
Trd, 000243.933, 144
Trd, 000244.200, 143
Trd, 000244.700, 144
Trd, 000244.883, 151.0
Trd, 000245.233, 151
Trd, 000246.267, 147.0
Trd, 000246.583, 149
Trd, 000246.867, 147
Trd, 000247.450, 144.0
Trd, 000247.683, 147
Trd, 000247.817, 147
Trd, 000248.667, 146
Trd, 000249.183, 144
Trd, 000249.467, 142
Trd, 000249.600, 141.0
Trd, 000249.967, 140.0
Trd, 000251.683, 141
Trd, 000251.767, 140
Trd, 000251.817, 140
Trd, 000251.933, 142
Trd, 000253.000, 141
Trd, 000253.650, 142
Trd, 000254.033, 144.0
Trd, 000254.150, 158.0
Trd, 000254.800, 143
Trd, 000255.317, 147
Trd, 000255.900, 150.0
Trd, 000256.600, 148
Trd, 000257.183, 149
Trd, 000258.500, 157
Trd, 000258.550, 158.0
Trd, 000258.650, 155.0
Trd, 000258.817, 154
Trd, 000259.300, 153
Trd, 000259.450, 149
Trd, 000260.183, 156
Trd, 000260.567, 149
Trd, 000260.633, 160.0
Trd, 000260.967, 162.0
Trd, 000261.600, 154.0
Trd, 000261.750, 154.0
Trd, 000261.850, 154.0
Trd, 000262.717, 153.0
Trd, 000264.017, 153
Trd, 000264.433, 151
Trd, 000264.850, 150
Trd, 000265.233, 149
Trd, 000266.833, 149
Trd, 000267.050, 147
Trd, 000267.217, 147
Trd, 000268.933, 148
Trd, 000269.167, 148
Trd, 000269.983, 146
Trd, 000270.683, 148
Trd, 000271.617, 146
Trd, 000271.917, 144.0
Trd, 000272.033, 147
Trd, 000272.617, 143.0
Trd, 000272.733, 143
Trd, 000272.750, 146
Trd, 000274.183, 147
Trd, 000274.300, 147
Trd, 000274.400, 143
Trd, 000274.533, 141.0
Trd, 000275.667, 144.0
Trd, 000277.150, 144
Trd, 000277.217, 146
Trd, 000277.583, 146
Trd, 000278.517, 145
Trd, 000279.283, 146
Trd, 000280.050, 145
Trd, 000280.767, 147
Trd, 000281.550, 147
Trd, 000281.733, 146
Trd, 000282.417, 146
Trd, 000282.867, 147
Trd, 000282.983, 146
Trd, 000283.100, 150.0
Trd, 000284.433, 157.0
Trd, 000284.600, 146
Trd, 000284.683, 156.0
Trd, 000284.750, 154.0
Trd, 000285.183, 152
Trd, 000285.817, 150
Trd, 000286.317, 152
Trd, 000287.450, 154
Trd, 000287.483, 146
Trd, 000288.333, 146.0
Trd, 000290.117, 151
Trd, 000290.183, 149
Trd, 000290.350, 147
Trd, 000291.267, 148
Trd, 000291.667, 149
Trd, 000292.133, 144.0
Trd, 000293.317, 147
Trd, 000293.583, 146
Trd, 000293.967, 145
Trd, 000294.017, 145
Trd, 000294.433, 144
Trd, 000295.500, 147
Trd, 000295.633, 144.0
Trd, 000296.133, 148
Trd, 000297.000, 146
Trd, 000297.867, 144
Trd, 000298.150, 141.0
Trd, 000298.533, 145
Trd, 000299.550, 143
