Trd, 000004.267, 154
Trd, 000004.833, 154
Trd, 000005.017, 154.0
Trd, 000005.100, 153
Trd, 000005.217, 155.0
Trd, 000006.100, 150
Trd, 000006.717, 144.0
Trd, 000007.533, 150
Trd, 000008.150, 147
Trd, 000008.717, 148
Trd, 000009.283, 149
Trd, 000009.433, 148
Trd, 000009.550, 145
Trd, 000009.700, 144.0
Trd, 000010.183, 150
Trd, 000011.283, 151
Trd, 000012.700, 146
Trd, 000013.133, 145
Trd, 000013.900, 143
Trd, 000015.900, 147
Trd, 000016.367, 146
Trd, 000016.433, 147
Trd, 000016.717, 148
Trd, 000016.750, 148
Trd, 000016.950, 146
Trd, 000017.067, 146
Trd, 000017.117, 150
Trd, 000017.167, 151
Trd, 000017.300, 144.0
Trd, 000018.583, 160
Trd, 000019.100, 162.0
Trd, 000019.550, 155
Trd, 000019.850, 154
Trd, 000020.283, 153
Trd, 000022.067, 151
Trd, 000022.467, 152
Trd, 000022.633, 155.0
Trd, 000023.833, 157
Trd, 000025.600, 154
Trd, 000025.617, 155
Trd, 000026.333, 155
Trd, 000026.867, 153
Trd, 000027.433, 153
Trd, 000027.550, 157
Trd, 000027.750, 157
Trd, 000027.883, 162.0
Trd, 000028.433, 160
Trd, 000029.383, 156
Trd, 000029.650, 156
Trd, 000031.400, 155
Trd, 000032.033, 155
Trd, 000032.383, 155
Trd, 000032.400, 156
Trd, 000032.617, 155
Trd, 000033.250, 155
Trd, 000034.717, 157
Trd, 000034.733, 155
Trd, 000034.883, 157
Trd, 000034.917, 144.0
Trd, 000036.933, 156
Trd, 000037.600, 156
Trd, 000037.800, 156
Trd, 000038.050, 157
Trd, 000038.367, 155
Trd, 000039.100, 155.0
Trd, 000039.583, 153
Trd, 000039.900, 146
Trd, 000041.217, 144.0
Trd, 000041.633, 147
Trd, 000042.800, 146
Trd, 000042.933, 147
Trd, 000043.267, 149
Trd, 000044.350, 148
Trd, 000045.517, 150
Trd, 000046.150, 149
Trd, 000046.883, 148
Trd, 000047.217, 148
Trd, 000047.467, 147
Trd, 000049.650, 149
Trd, 000049.667, 148
Trd, 000051.300, 148
Trd, 000051.383, 149
Trd, 000051.600, 150
Trd, 000052.600, 148
Trd, 000053.183, 147
Trd, 000054.083, 147
Trd, 000054.733, 147
Trd, 000054.817, 146
Trd, 000055.417, 146.0
Trd, 000056.100, 145.0
Trd, 000056.533, 144.0
Trd, 000057.483, 147
Trd, 000057.717, 140
Trd, 000058.067, 151
Trd, 000058.133, 140
Trd, 000060.133, 145
Trd, 000060.717, 145
Trd, 000060.983, 145
Trd, 000061.233, 146
Trd, 000061.350, 145.0
Trd, 000062.933, 144.0
Trd, 000063.600, 143
Trd, 000064.183, 146
Trd, 000064.967, 146.0
Trd, 000065.517, 145
Trd, 000066.383, 144.0
Trd, 000066.667, 148
Trd, 000067.200, 149
Trd, 000069.000, 151
Trd, 000069.633, 151
Trd, 000070.167, 151
Trd, 000070.667, 149
Trd, 000070.850, 149
Trd, 000071.467, 148
Trd, 000071.550, 149
Trd, 000072.283, 146
Trd, 000072.483, 150
Trd, 000073.017, 144.0
Trd, 000074.317, 146
Trd, 000074.600, 148
Trd, 000074.850, 148
Trd, 000075.267, 148
Trd, 000076.350, 148
Trd, 000076.633, 149
Trd, 000077.750, 151
Trd, 000077.833, 148
Trd, 000079.000, 150
Trd, 000079.500, 149
Trd, 000080.800, 146
Trd, 000081.483, 147
Trd, 000082.683, 146.0
Trd, 000083.033, 146
Trd, 000084.000, 147
Trd, 000084.067, 146
Trd, 000085.733, 145
Trd, 000085.933, 147
Trd, 000086.450, 147
Trd, 000086.933, 147
Trd, 000087.100, 145.0
Trd, 000087.450, 148
Trd, 000088.233, 150
Trd, 000089.200, 146.0
Trd, 000090.683, 149
Trd, 000091.183, 149
Trd, 000091.500, 150
Trd, 000092.217, 148
Trd, 000093.467, 147
Trd, 000093.567, 149
Trd, 000094.083, 146
Trd, 000095.217, 144
Trd, 000095.750, 144.0
Trd, 000095.800, 145
Trd, 000096.533, 143
Trd, 000097.333, 144.0
Trd, 000097.917, 143
Trd, 000100.183, 145
Trd, 000100.733, 144
Trd, 000100.983, 143
Trd, 000101.183, 143
Trd, 000102.533, 145
Trd, 000103.000, 146
Trd, 000104.150, 145
Trd, 000104.250, 148
Trd, 000104.883, 151
Trd, 000105.117, 155.0
Trd, 000105.400, 144.0
Trd, 000107.433, 147
Trd, 000108.700, 151
Trd, 000109.000, 151
Trd, 000109.417, 151
Trd, 000110.317, 151
Trd, 000110.467, 152
Trd, 000111.017, 150
Trd, 000111.367, 144.0
Trd, 000111.517, 145
Trd, 000114.067, 144.0
Trd, 000114.533, 145
Trd, 000115.317, 143
Trd, 000115.933, 142
Trd, 000116.567, 143
Trd, 000117.217, 142
Trd, 000117.933, 144
Trd, 000118.433, 141
Trd, 000118.667, 144.0
Trd, 000120.367, 150
Trd, 000122.100, 148
Trd, 000122.133, 148
Trd, 000122.383, 147
Trd, 000123.350, 151
Trd, 000123.533, 147
Trd, 000124.017, 149
Trd, 000124.300, 146
Trd, 000126.233, 149
Trd, 000126.400, 147
Trd, 000126.633, 149
Trd, 000126.800, 152
Trd, 000128.683, 148
Trd, 000129.233, 149
Trd, 000129.333, 152.0
Trd, 000130.000, 150
Trd, 000130.233, 150
Trd, 000130.567, 151
Trd, 000131.350, 150
Trd, 000132.283, 154
Trd, 000132.367, 153
Trd, 000134.083, 154
Trd, 000135.300, 154
Trd, 000136.150, 152
Trd, 000136.867, 153
Trd, 000137.267, 152
Trd, 000137.467, 144.0
Trd, 000138.933, 150
Trd, 000138.950, 155.0
Trd, 000141.450, 149
Trd, 000141.783, 151
Trd, 000142.100, 150
Trd, 000143.917, 151
Trd, 000144.733, 151
Trd, 000145.283, 149
Trd, 000145.550, 151
Trd, 000146.417, 153
Trd, 000146.600, 151
Trd, 000147.783, 153
Trd, 000149.183, 150
Trd, 000149.450, 149
Trd, 000149.483, 154
Trd, 000150.017, 152.0
Trd, 000152.217, 149
Trd, 000152.350, 150
Trd, 000152.450, 152
Trd, 000152.633, 148
Trd, 000153.183, 149
Trd, 000153.333, 149
Trd, 000154.033, 149
Trd, 000154.100, 150
Trd, 000155.250, 150
Trd, 000156.467, 150
Trd, 000158.200, 149
Trd, 000158.383, 148
Trd, 000158.817, 144.0
Trd, 000160.250, 144.0
Trd, 000160.517, 147
Trd, 000160.850, 155.0
Trd, 000161.750, 149
Trd, 000162.233, 155
Trd, 000162.650, 150
Trd, 000162.667, 151
Trd, 000163.233, 144.0
Trd, 000164.517, 152
Trd, 000164.583, 145
Trd, 000165.700, 153
Trd, 000166.383, 149
Trd, 000168.033, 151
Trd, 000168.350, 151
Trd, 000168.800, 152
Trd, 000169.400, 155.0
Trd, 000169.500, 150
Trd, 000170.400, 151
Trd, 000170.483, 161.0
Trd, 000172.083, 151
Trd, 000172.683, 152
Trd, 000172.717, 151
Trd, 000172.867, 151
Trd, 000173.167, 144.0
Trd, 000175.150, 147
Trd, 000175.267, 145
Trd, 000176.333, 142.0
Trd, 000176.383, 140
Trd, 000176.717, 141.0
Trd, 000177.417, 142
Trd, 000178.050, 144.0
Trd, 000179.450, 146
Trd, 000180.300, 145
Trd, 000180.933, 147
Trd, 000181.067, 148
Trd, 000181.350, 151
Trd, 000182.600, 146
Trd, 000183.200, 148
Trd, 000184.583, 148
Trd, 000185.200, 147
Trd, 000186.150, 145
Trd, 000186.267, 145
Trd, 000186.600, 146
Trd, 000187.350, 147
Trd, 000187.433, 144
Trd, 000188.683, 148
Trd, 000190.317, 149
Trd, 000190.583, 147
Trd, 000191.050, 149
Trd, 000191.250, 148
Trd, 000191.283, 149
Trd, 000191.433, 146
Trd, 000191.583, 144
Trd, 000191.683, 144
Trd, 000193.417, 145.0
Trd, 000194.183, 144.0
Trd, 000194.233, 144
Trd, 000194.967, 151
Trd, 000196.100, 147
Trd, 000196.567, 146.0
Trd, 000196.650, 148
Trd, 000196.967, 148
Trd, 000197.467, 149
Trd, 000198.500, 145
Trd, 000199.050, 144
Trd, 000199.350, 144
Trd, 000201.850, 148
Trd, 000202.050, 144.0
Trd, 000203.033, 147
Trd, 000203.433, 150
Trd, 000204.117, 146
Trd, 000205.467, 148
Trd, 000205.617, 149
Trd, 000206.767, 148
Trd, 000207.083, 151
Trd, 000209.417, 156.0
Trd, 000209.500, 155
Trd, 000209.850, 156
Trd, 000210.267, 156
Trd, 000210.367, 144.0
Trd, 000210.617, 157.0
Trd, 000211.900, 144.0
Trd, 000213.033, 149
Trd, 000213.433, 148
Trd, 000213.983, 148
Trd, 000215.250, 147
Trd, 000215.933, 146
Trd, 000216.383, 147
Trd, 000217.933, 143
Trd, 000218.017, 144
Trd, 000218.183, 145
Trd, 000219.117, 144.0
Trd, 000220.400, 143
Trd, 000220.917, 143
Trd, 000221.733, 144
Trd, 000222.267, 144
Trd, 000222.750, 145
Trd, 000222.867, 151
Trd, 000223.083, 149
Trd, 000223.117, 144
Trd, 000224.033, 143
Trd, 000225.533, 148
Trd, 000226.117, 148
Trd, 000226.550, 143.0
Trd, 000226.950, 144.0
Trd, 000228.200, 146
Trd, 000229.000, 149
Trd, 000229.300, 148
Trd, 000230.083, 151
Trd, 000230.750, 153.0
Trd, 000232.817, 150
Trd, 000233.517, 150
Trd, 000234.233, 153
Trd, 000235.217, 151
Trd, 000235.850, 150
Trd, 000238.300, 152
Trd, 000238.617, 153
Trd, 000239.300, 152
Trd, 000239.500, 148
Trd, 000240.350, 153.0
Trd, 000240.583, 154
Trd, 000240.933, 154
Trd, 000241.150, 154
Trd, 000241.250, 150
Trd, 000241.833, 148.0
Trd, 000242.033, 147.0
Trd, 000242.350, 147
Trd, 000242.600, 147.0
Trd, 000243.083, 147.0
Trd, 000243.417, 152
Trd, 000244.183, 150
Trd, 000244.433, 151
Trd, 000244.800, 148
Trd, 000244.967, 147
Trd, 000245.683, 149.0
Trd, 000246.067, 147
Trd, 000247.033, 147
Trd, 000247.050, 148
Trd, 000247.300, 149
Trd, 000247.817, 155.0
Trd, 000248.233, 168.0
Trd, 000248.750, 159
Trd, 000249.850, 161
Trd, 000249.950, 160
Trd, 000250.133, 156
Trd, 000250.283, 153
Trd, 000250.833, 153
Trd, 000251.217, 152
Trd, 000251.300, 151
Trd, 000251.633, 153.0
Trd, 000252.033, 153
Trd, 000252.817, 153
Trd, 000253.083, 148.0
Trd, 000253.350, 147
Trd, 000253.817, 141
Trd, 000254.100, 141
Trd, 000254.267, 142
Trd, 000254.700, 144
Trd, 000254.817, 142
Trd, 000255.317, 148
Trd, 000255.883, 149
Trd, 000257.083, 151
Trd, 000257.317, 152.0
Trd, 000257.950, 153
Trd, 000258.650, 154.0
Trd, 000258.683, 153
Trd, 000259.250, 151.0
Trd, 000260.750, 155.0
Trd, 000260.983, 154
Trd, 000261.500, 154
Trd, 000261.667, 155.0
Trd, 000262.133, 155
Trd, 000262.217, 153.0
Trd, 000262.450, 156
Trd, 000262.783, 156.0
Trd, 000262.917, 152
Trd, 000263.250, 148.0
Trd, 000263.500, 144.0
Trd, 000263.983, 150
Trd, 000264.483, 148
Trd, 000265.533, 146
Trd, 000265.750, 148
Trd, 000265.867, 145
Trd, 000266.550, 144.0
Trd, 000266.950, 142
Trd, 000267.117, 144.0
Trd, 000267.233, 141
Trd, 000267.600, 137
Trd, 000268.100, 144.0
Trd, 000268.217, 146.0
Trd, 000268.650, 140
Trd, 000269.150, 141
Trd, 000269.817, 140
Trd, 000270.317, 143.0
Trd, 000270.400, 144.0
Trd, 000271.083, 143
Trd, 000271.150, 144
Trd, 000271.200, 143
Trd, 000271.633, 144
Trd, 000271.967, 144
Trd, 000272.333, 141
Trd, 000272.917, 149
Trd, 000273.133, 145
Trd, 000273.183, 144.0
Trd, 000273.583, 151
Trd, 000273.783, 149
Trd, 000274.017, 148.0
Trd, 000274.617, 149.0
Trd, 000275.600, 154
Trd, 000275.800, 148
Trd, 000276.450, 148
Trd, 000276.517, 148
Trd, 000278.500, 151.0
Trd, 000279.017, 150
Trd, 000279.383, 150
Trd, 000279.583, 149
Trd, 000280.150, 150
Trd, 000280.333, 153
Trd, 000280.417, 155.0
Trd, 000280.733, 154
Trd, 000281.383, 161
Trd, 000281.467, 161
Trd, 000281.833, 162
Trd, 000281.900, 161
Trd, 000281.950, 167.0
Trd, 000282.267, 159.0
Trd, 000282.400, 154
Trd, 000283.067, 153
Trd, 000283.317, 148.0
Trd, 000283.500, 155
Trd, 000283.900, 158
Trd, 000284.000, 158
Trd, 000284.067, 154.0
Trd, 000284.583, 154
Trd, 000285.933, 148.0
Trd, 000286.250, 147.0
Trd, 000286.650, 150
Trd, 000286.767, 151
Trd, 000286.883, 148.0
Trd, 000288.017, 150
Trd, 000288.283, 150
Trd, 000288.350, 147
Trd, 000288.850, 140
Trd, 000288.983, 153
Trd, 000289.267, 138
Trd, 000289.583, 151.0
Trd, 000290.233, 150
Trd, 000290.900, 148
Trd, 000291.117, 147
Trd, 000291.417, 152
Trd, 000291.983, 151
Trd, 000292.217, 152
Trd, 000292.633, 148.0
Trd, 000292.667, 147
Trd, 000292.733, 137.0
Trd, 000293.583, 155.0
Trd, 000293.650, 148.0
Trd, 000294.900, 147
Trd, 000295.717, 145.0
Trd, 000296.017, 148.0
Trd, 000296.433, 144.0
Trd, 000296.533, 151
Trd, 000296.650, 145
Trd, 000297.900, 149.0
Trd, 000298.483, 149.0
Trd, 000298.500, 148.0
Trd, 000298.817, 149
Trd, 000298.933, 150
