Trd, 000002.250, 131.0
Trd, 000002.517, 142
Trd, 000002.867, 124.0
Trd, 000003.350, 120.0
Trd, 000003.750, 143
Trd, 000004.967, 144
Trd, 000005.950, 137
Trd, 000006.900, 149
Trd, 000007.267, 142
Trd, 000007.450, 152
Trd, 000008.417, 141
Trd, 000009.950, 145
Trd, 000010.033, 154
Trd, 000010.350, 146
Trd, 000011.200, 144
Trd, 000011.250, 142
Trd, 000011.933, 139
Trd, 000012.517, 141
Trd, 000012.900, 145
Trd, 000014.300, 147
Trd, 000014.317, 142
Trd, 000016.200, 144
Trd, 000016.533, 145
Trd, 000016.683, 152
Trd, 000017.617, 150
Trd, 000018.067, 149
Trd, 000019.167, 161.0
Trd, 000019.567, 160.0
Trd, 000020.967, 160.0
Trd, 000021.467, 159.0
Trd, 000021.633, 159.0
Trd, 000022.583, 158.0
Trd, 000022.783, 156
Trd, 000022.917, 155
Trd, 000022.967, 166.0
Trd, 000023.883, 155
Trd, 000024.267, 158.0
Trd, 000025.183, 159
Trd, 000025.633, 162.0
Trd, 000026.233, 159
Trd, 000026.633, 158
Trd, 000026.867, 150
Trd, 000027.617, 149
Trd, 000029.617, 154
Trd, 000029.850, 145
Trd, 000030.017, 158
Trd, 000031.117, 155
Trd, 000032.100, 154
Trd, 000032.200, 155
Trd, 000032.483, 154
Trd, 000032.517, 152
Trd, 000033.050, 151
Trd, 000035.033, 151
Trd, 000037.067, 153
Trd, 000037.083, 154
Trd, 000038.200, 154
Trd, 000038.483, 154
Trd, 000039.533, 153
Trd, 000040.517, 155
Trd, 000040.550, 153
Trd, 000041.250, 154
Trd, 000041.350, 155
Trd, 000042.783, 158
Trd, 000044.133, 158
Trd, 000044.250, 156
Trd, 000044.900, 150
Trd, 000045.317, 159.0
Trd, 000046.383, 152
Trd, 000046.517, 147
Trd, 000046.800, 147
Trd, 000048.100, 150
Trd, 000050.450, 136.0
Trd, 000052.300, 142
Trd, 000052.483, 142
Trd, 000052.667, 146
Trd, 000052.717, 142
Trd, 000053.217, 152
Trd, 000054.150, 158.0
Trd, 000054.183, 156
Trd, 000054.450, 155
Trd, 000055.033, 153
Trd, 000055.567, 160.0
Trd, 000056.367, 150
Trd, 000057.633, 150
Trd, 000058.183, 151
Trd, 000058.400, 141.0
Trd, 000058.683, 151
Trd, 000059.533, 132.0
Trd, 000059.700, 129.0
Trd, 000060.067, 134
Trd, 000062.900, 143
Trd, 000063.083, 143
Trd, 000063.733, 135
Trd, 000064.133, 135.0
Trd, 000064.167, 145
Trd, 000065.417, 152
Trd, 000065.783, 144
Trd, 000066.033, 145
Trd, 000066.233, 153
Trd, 000066.517, 144
Trd, 000066.967, 144
Trd, 000067.183, 162.0
Trd, 000067.500, 143
Trd, 000068.083, 172.0
Trd, 000068.900, 164
Trd, 000070.100, 153
Trd, 000071.300, 150
Trd, 000071.367, 149
Trd, 000071.917, 149
Trd, 000072.383, 148
Trd, 000072.600, 147
Trd, 000072.650, 141.0
Trd, 000073.083, 149
Trd, 000074.700, 147
Trd, 000075.217, 145
Trd, 000076.033, 145
Trd, 000076.233, 146
Trd, 000076.317, 145
Trd, 000076.633, 151
Trd, 000076.650, 162.0
Trd, 000077.800, 158.0
Trd, 000078.917, 158
Trd, 000078.933, 155
Trd, 000080.833, 156
Trd, 000082.067, 158
Trd, 000082.167, 159
Trd, 000082.383, 159.0
Trd, 000082.733, 162.0
Trd, 000082.917, 158.0
Trd, 000083.933, 152
Trd, 000084.583, 153
Trd, 000085.267, 152
Trd, 000085.767, 151
Trd, 000086.950, 151
Trd, 000087.000, 152
Trd, 000087.533, 152
Trd, 000087.800, 150
Trd, 000089.033, 151
Trd, 000089.283, 150
Trd, 000089.733, 153
Trd, 000090.017, 142
Trd, 000090.100, 144
Trd, 000091.417, 160.0
Trd, 000092.383, 143
Trd, 000094.583, 141
Trd, 000094.600, 147
Trd, 000094.867, 145
Trd, 000094.933, 139
Trd, 000095.700, 141
Trd, 000096.533, 143
Trd, 000098.817, 144
Trd, 000099.117, 143
Trd, 000099.250, 145
Trd, 000100.100, 151
Trd, 000100.267, 146
Trd, 000100.533, 161.0
Trd, 000100.583, 158.0
Trd, 000101.000, 145
Trd, 000101.450, 145
Trd, 000102.050, 141.0
Trd, 000102.317, 134
Trd, 000103.333, 160.0
Trd, 000103.683, 145.0
Trd, 000104.450, 144.0
Trd, 000105.717, 151
Trd, 000107.483, 145
Trd, 000107.750, 150
Trd, 000108.083, 143
Trd, 000108.300, 151
Trd, 000110.133, 151
Trd, 000110.217, 162.0
Trd, 000111.433, 153
Trd, 000111.733, 150
Trd, 000112.817, 154
Trd, 000113.333, 153
Trd, 000113.617, 154
Trd, 000114.817, 158.0
Trd, 000115.083, 157
Trd, 000115.217, 154
Trd, 000115.500, 151
Trd, 000115.517, 150
Trd, 000116.167, 127.0
Trd, 000116.550, 141
Trd, 000118.867, 131.0
Trd, 000119.217, 132
Trd, 000119.483, 133
Trd, 000120.150, 131.0
Trd, 000120.567, 133
Trd, 000120.583, 142
Trd, 000122.333, 155
Trd, 000123.650, 140
Trd, 000124.533, 144
Trd, 000125.250, 144
Trd, 000125.433, 144
Trd, 000125.467, 147
Trd, 000126.433, 143
Trd, 000126.900, 152
Trd, 000128.100, 148
Trd, 000129.067, 158.0
Trd, 000129.483, 149
Trd, 000129.700, 150
Trd, 000129.817, 149
Trd, 000130.250, 143
Trd, 000130.467, 162.0
Trd, 000131.317, 147
Trd, 000133.050, 150
Trd, 000133.067, 156
Trd, 000133.417, 149
Trd, 000134.033, 147
Trd, 000134.367, 144
Trd, 000135.517, 144.0
Trd, 000136.800, 148
Trd, 000137.833, 145
Trd, 000138.000, 143
Trd, 000139.083, 142
Trd, 000139.850, 143
Trd, 000140.383, 143
Trd, 000140.950, 144
Trd, 000143.567, 151
Trd, 000143.700, 145
Trd, 000144.333, 144
Trd, 000144.717, 154
Trd, 000145.483, 145
Trd, 000145.517, 144
Trd, 000146.017, 147
Trd, 000146.350, 143
Trd, 000147.333, 148
Trd, 000147.850, 149
Trd, 000147.883, 151
Trd, 000148.367, 146
Trd, 000149.567, 158.0
Trd, 000150.833, 153
Trd, 000150.850, 151
Trd, 000151.300, 157
Trd, 000151.950, 158
Trd, 000152.817, 154
Trd, 000153.983, 156
Trd, 000154.033, 155
Trd, 000154.467, 150
Trd, 000155.550, 152
Trd, 000155.717, 152
Trd, 000155.800, 156
Trd, 000156.017, 152
Trd, 000157.767, 130.0
Trd, 000159.183, 131.0
Trd, 000159.317, 141
Trd, 000159.417, 130.0
Trd, 000159.683, 146
Trd, 000160.050, 127.0
Trd, 000160.600, 124.0
Trd, 000161.267, 127
Trd, 000161.867, 146
Trd, 000161.883, 145
Trd, 000163.067, 145
Trd, 000164.117, 142.0
Trd, 000164.683, 157
Trd, 000164.917, 142
Trd, 000166.800, 148.0
Trd, 000167.117, 148
Trd, 000167.967, 147
Trd, 000168.367, 144
Trd, 000168.833, 146
Trd, 000169.983, 149
Trd, 000170.100, 150
Trd, 000170.267, 145.0
Trd, 000170.367, 143.0
Trd, 000170.950, 144
Trd, 000172.467, 143
Trd, 000173.683, 146
Trd, 000174.233, 145
Trd, 000174.433, 145
Trd, 000174.983, 143.0
Trd, 000175.783, 150
Trd, 000176.733, 147
Trd, 000177.233, 144
Trd, 000177.533, 142
Trd, 000177.750, 143
Trd, 000178.200, 151
Trd, 000179.317, 161.0
Trd, 000179.867, 159.0
Trd, 000180.050, 158.0
Trd, 000180.683, 159
Trd, 000180.717, 160
Trd, 000182.100, 158
Trd, 000182.400, 162.0
Trd, 000183.133, 154
Trd, 000183.750, 157
Trd, 000183.833, 156
Trd, 000185.033, 154
Trd, 000186.000, 158.0
Trd, 000186.433, 162.0
Trd, 000186.533, 150
Trd, 000187.050, 127.0
Trd, 000187.183, 141
Trd, 000187.300, 118
Trd, 000187.367, 143
Trd, 000189.833, 159.0
Trd, 000190.417, 159.0
Trd, 000190.733, 158.0
Trd, 000191.150, 158
Trd, 000191.833, 153
Trd, 000191.967, 152
Trd, 000192.333, 149
Trd, 000192.383, 141.0
Trd, 000192.567, 157.0
Trd, 000193.567, 154
Trd, 000195.183, 157
Trd, 000195.550, 158.0
Trd, 000195.617, 162.0
Trd, 000195.833, 157
Trd, 000196.333, 160
Trd, 000196.350, 157
Trd, 000197.917, 162
Trd, 000197.983, 157
Trd, 000198.033, 150
Trd, 000198.900, 148
Trd, 000201.083, 154
Trd, 000201.300, 156
Trd, 000201.783, 154
Trd, 000201.867, 155
Trd, 000203.100, 154
Trd, 000203.300, 154
Trd, 000203.683, 153
Trd, 000204.767, 152
Trd, 000205.067, 154
Trd, 000205.500, 150
Trd, 000206.350, 155
Trd, 000206.667, 162.0
Trd, 000207.267, 154
Trd, 000207.383, 150
Trd, 000208.883, 152
Trd, 000209.667, 164.0
Trd, 000210.100, 154
Trd, 000210.833, 154
Trd, 000211.017, 153
Trd, 000212.267, 131.0
Trd, 000212.583, 150
Trd, 000213.167, 149
Trd, 000213.700, 148
Trd, 000213.933, 152
Trd, 000214.250, 154
Trd, 000215.283, 160.0
Trd, 000215.383, 158.0
Trd, 000216.983, 158
Trd, 000217.817, 160.0
Trd, 000217.967, 159
Trd, 000218.783, 160
Trd, 000218.867, 157
Trd, 000219.000, 150
Trd, 000219.783, 158.0
Trd, 000220.300, 160.0
Trd, 000220.650, 149
Trd, 000222.467, 157
Trd, 000223.233, 142.0
Trd, 000224.583, 131.0
Trd, 000225.050, 144
Trd, 000226.150, 151
Trd, 000227.417, 146
Trd, 000227.733, 145
Trd, 000227.900, 145
Trd, 000228.183, 144
Trd, 000228.233, 141.0
Trd, 000228.850, 149
Trd, 000230.833, 149
Trd, 000230.867, 150
Trd, 000232.117, 152
Trd, 000233.767, 158.0
Trd, 000233.783, 161.0
Trd, 000235.183, 159
Trd, 000235.217, 159
Trd, 000235.767, 159
Trd, 000236.100, 159
Trd, 000236.183, 158
Trd, 000236.883, 160
Trd, 000238.167, 161
Trd, 000238.583, 160
Trd, 000238.683, 159
Trd, 000239.183, 160
Trd, 000239.233, 158.0
Trd, 000239.533, 161
Trd, 000240.600, 156.0
Trd, 000240.783, 155.0
Trd, 000240.867, 155.0
Trd, 000241.583, 155.0
Trd, 000241.750, 153
Trd, 000242.017, 152
Trd, 000242.367, 150
Trd, 000242.650, 151.0
Trd, 000242.783, 158.0
Trd, 000243.917, 162.0
Trd, 000243.950, 151.0
Trd, 000244.883, 152
Trd, 000245.167, 153.0
Trd, 000245.600, 151
Trd, 000245.883, 155.0
Trd, 000246.100, 150
Trd, 000246.600, 150
Trd, 000246.883, 152
Trd, 000247.367, 155
Trd, 000247.600, 157
Trd, 000247.850, 156
Trd, 000248.033, 153
Trd, 000248.333, 156.0
Trd, 000249.433, 153
Trd, 000249.483, 157
Trd, 000250.483, 151
Trd, 000250.783, 152.0
Trd, 000251.500, 150
Trd, 000251.667, 151.0
Trd, 000251.883, 155
Trd, 000252.233, 153
Trd, 000252.317, 151.0
Trd, 000252.517, 151
Trd, 000252.550, 141.0
Trd, 000253.833, 149.0
Trd, 000253.850, 147
Trd, 000254.400, 152.0
Trd, 000254.750, 148.0
Trd, 000255.600, 148
Trd, 000255.783, 151
Trd, 000255.833, 152
Trd, 000256.633, 155.0
Trd, 000256.867, 154
Trd, 000256.933, 150
Trd, 000257.367, 150
Trd, 000257.967, 151
Trd, 000258.117, 150
Trd, 000258.200, 153
Trd, 000259.583, 158.0
Trd, 000259.650, 137.0
Trd, 000260.083, 158
Trd, 000260.550, 146
Trd, 000261.350, 147
Trd, 000261.400, 149.0
Trd, 000261.683, 148.0
Trd, 000261.750, 151
Trd, 000261.933, 148
Trd, 000262.033, 154.0
Trd, 000262.733, 155.0
Trd, 000262.850, 158.0
Trd, 000263.300, 157.0
Trd, 000263.350, 155
Trd, 000263.367, 150
Trd, 000263.833, 148
Trd, 000264.217, 154.0
Trd, 000264.583, 152.0
Trd, 000264.833, 151.0
Trd, 000265.183, 155.0
Trd, 000266.167, 155
Trd, 000267.233, 155
Trd, 000267.400, 155
Trd, 000267.433, 153
Trd, 000268.267, 158.0
Trd, 000269.050, 156
Trd, 000269.283, 156
Trd, 000269.350, 157
Trd, 000269.817, 157.0
Trd, 000270.100, 156
Trd, 000270.150, 156
Trd, 000270.267, 156
Trd, 000270.283, 150
Trd, 000270.950, 148.0
Trd, 000272.450, 155.0
Trd, 000272.717, 155.0
Trd, 000273.167, 150.0
Trd, 000274.200, 149
Trd, 000274.300, 154
Trd, 000274.350, 154
Trd, 000274.467, 154
Trd, 000274.817, 150
Trd, 000275.100, 141.0
Trd, 000275.900, 151.0
Trd, 000276.167, 153
Trd, 000276.333, 155.0
Trd, 000277.333, 149.0
Trd, 000277.817, 157
Trd, 000279.167, 154
Trd, 000279.217, 158.0
Trd, 000279.600, 165.0
Trd, 000279.683, 160
Trd, 000279.983, 157
Trd, 000280.050, 152
Trd, 000280.267, 162.0
Trd, 000280.783, 150
Trd, 000280.917, 158.0
Trd, 000281.283, 156
Trd, 000281.683, 155.0
Trd, 000281.833, 149.0
Trd, 000282.483, 156.0
Trd, 000282.583, 156
Trd, 000282.867, 159.0
Trd, 000283.100, 158.0
Trd, 000283.533, 159.0
Trd, 000284.267, 161
Trd, 000284.817, 159
Trd, 000285.317, 158
Trd, 000285.883, 155.0
Trd, 000286.467, 150
Trd, 000286.483, 153
Trd, 000286.617, 148.0
Trd, 000286.633, 141.0
Trd, 000287.183, 162.0
Trd, 000287.583, 156.0
Trd, 000287.683, 155.0
Trd, 000288.533, 162.0
Trd, 000288.567, 157
Trd, 000289.000, 155
Trd, 000289.400, 159.0
Trd, 000289.433, 158.0
Trd, 000289.750, 147
Trd, 000290.050, 130
Trd, 000290.433, 143.0
Trd, 000290.967, 145
Trd, 000291.033, 143
Trd, 000291.067, 146
Trd, 000291.133, 154
Trd, 000291.733, 147
Trd, 000293.033, 150
Trd, 000293.117, 149
Trd, 000293.917, 153
Trd, 000294.817, 152
Trd, 000295.017, 150
Trd, 000295.083, 150
Trd, 000295.200, 162.0
Trd, 000295.567, 162
Trd, 000296.033, 168.0
Trd, 000296.050, 158.0
Trd, 000296.400, 160
Trd, 000296.833, 156.0
Trd, 000297.000, 170.0
Trd, 000297.017, 156.0
Trd, 000297.350, 161
Trd, 000297.833, 155.0
Trd, 000298.083, 148.0
Trd, 000298.183, 141.0
Trd, 000299.033, 151
Trd, 000299.050, 153
Trd, 000299.433, 155
