Trd, 000003.133, 135
Trd, 000003.200, 141.0
Trd, 000003.267, 157
Trd, 000004.450, 157.0
Trd, 000004.850, 158.0
Trd, 000005.050, 155.0
Trd, 000005.567, 152.0
Trd, 000006.983, 155.0
Trd, 000007.583, 156.0
Trd, 000008.083, 156.0
Trd, 000008.400, 151.0
Trd, 000008.467, 148.0
Trd, 000008.733, 157
Trd, 000009.817, 152
Trd, 000010.517, 155.0
Trd, 000010.967, 153
Trd, 000011.600, 152
Trd, 000012.133, 152
Trd, 000012.200, 153.0
Trd, 000013.033, 155.0
Trd, 000013.050, 151
Trd, 000013.083, 157
Trd, 000015.533, 153.0
Trd, 000015.567, 151.0
Trd, 000015.867, 154
Trd, 000017.567, 154
Trd, 000018.317, 153
Trd, 000018.483, 152
Trd, 000018.900, 154.0
Trd, 000019.667, 153
Trd, 000019.733, 155.0
Trd, 000020.000, 152
Trd, 000020.850, 153.0
Trd, 000021.550, 154
Trd, 000021.583, 154
Trd, 000022.983, 151.0
Trd, 000023.183, 152
Trd, 000023.250, 150
Trd, 000023.467, 158.0
Trd, 000024.517, 167.0
Trd, 000025.217, 162.0
Trd, 000025.517, 160
Trd, 000026.133, 159
Trd, 000026.917, 158
Trd, 000027.183, 151.0
Trd, 000028.550, 158.0
Trd, 000028.667, 155
Trd, 000029.167, 155.0
Trd, 000029.433, 156.0
Trd, 000029.717, 156
Trd, 000030.567, 158.0
Trd, 000030.683, 158
Trd, 000030.817, 157
Trd, 000031.783, 158
Trd, 000031.900, 157
Trd, 000032.283, 156
Trd, 000033.183, 156
Trd, 000034.083, 156.0
Trd, 000034.367, 157
Trd, 000034.800, 157
Trd, 000035.350, 155
Trd, 000035.667, 155.0
Trd, 000035.783, 149.0
Trd, 000037.433, 153
Trd, 000038.167, 152
Trd, 000039.633, 152.0
Trd, 000039.883, 155
Trd, 000040.150, 155.0
Trd, 000041.617, 154
Trd, 000042.033, 155
Trd, 000042.650, 155
Trd, 000043.583, 154
Trd, 000043.683, 153
Trd, 000044.283, 151.0
Trd, 000044.867, 156
Trd, 000045.750, 155.0
Trd, 000045.817, 156.0
Trd, 000045.933, 154.0
Trd, 000046.133, 158.0
Trd, 000047.233, 158
Trd, 000047.700, 155.0
Trd, 000047.850, 170
Trd, 000048.700, 155.0
Trd, 000049.700, 155
Trd, 000049.750, 154
Trd, 000050.517, 154.0
Trd, 000050.583, 155.0
Trd, 000050.883, 154
Trd, 000051.967, 155
Trd, 000052.717, 155
Trd, 000053.567, 154
Trd, 000053.633, 153
Trd, 000054.167, 155.0
Trd, 000055.083, 153
Trd, 000055.400, 153
Trd, 000055.683, 151.0
Trd, 000056.367, 151
Trd, 000056.450, 148.0
Trd, 000056.633, 151
Trd, 000056.650, 155
Trd, 000056.850, 158.0
Trd, 000057.250, 155.0
Trd, 000058.600, 154
Trd, 000058.717, 153
Trd, 000059.067, 153
Trd, 000059.817, 155.0
Trd, 000059.867, 153
Trd, 000061.867, 157.0
Trd, 000062.267, 156.0
Trd, 000062.700, 155.0
Trd, 000063.850, 154
Trd, 000064.533, 155
Trd, 000064.850, 156
Trd, 000065.017, 155
Trd, 000065.133, 158.0
Trd, 000065.667, 166
Trd, 000065.967, 161
Trd, 000066.533, 161
Trd, 000068.000, 158.0
Trd, 000068.550, 158.0
Trd, 000068.833, 163.0
Trd, 000069.350, 157.0
Trd, 000069.800, 158
Trd, 000070.683, 157
Trd, 000070.983, 158
Trd, 000072.150, 156
Trd, 000072.350, 155.0
Trd, 000072.800, 155
Trd, 000073.633, 157
Trd, 000074.333, 168
Trd, 000074.633, 154.0
Trd, 000075.400, 154
Trd, 000075.783, 155
Trd, 000076.550, 153
Trd, 000076.800, 154
Trd, 000077.217, 154
Trd, 000077.233, 158.0
Trd, 000077.300, 153
Trd, 000077.450, 152
Trd, 000078.317, 151.0
Trd, 000079.217, 135
Trd, 000081.817, 152
Trd, 000082.033, 150
Trd, 000082.900, 153
Trd, 000082.933, 150
Trd, 000084.083, 158.0
Trd, 000084.600, 156
Trd, 000085.050, 157.0
Trd, 000085.567, 157
Trd, 000085.917, 156
Trd, 000086.367, 155
Trd, 000086.600, 151.0
Trd, 000087.483, 154
Trd, 000088.033, 157
Trd, 000089.033, 160
Trd, 000090.000, 167
Trd, 000090.400, 166
Trd, 000091.483, 166
Trd, 000091.683, 166
Trd, 000092.567, 164
Trd, 000092.833, 165
Trd, 000093.000, 162.0
Trd, 000093.083, 168.0
Trd, 000094.117, 157.0
Trd, 000094.383, 156.0
Trd, 000094.917, 158.0
Trd, 000095.700, 164
Trd, 000096.783, 161.0
Trd, 000096.833, 163
Trd, 000097.417, 157.0
Trd, 000098.883, 161.0
Trd, 000099.783, 159
Trd, 000100.267, 161.0
Trd, 000100.567, 167.0
Trd, 000101.800, 162.0
Trd, 000101.900, 158.0
Trd, 000102.283, 162
Trd, 000103.583, 160
Trd, 000103.617, 158
Trd, 000103.800, 162
Trd, 000105.183, 160
Trd, 000105.583, 159
Trd, 000106.067, 158.0
Trd, 000108.200, 160
Trd, 000108.633, 159
Trd, 000108.917, 159
Trd, 000109.233, 159
Trd, 000109.517, 159.0
Trd, 000109.600, 158.0
Trd, 000110.817, 155.0
Trd, 000110.950, 157
Trd, 000111.867, 158.0
Trd, 000113.433, 157
Trd, 000113.617, 156
Trd, 000113.700, 151.0
Trd, 000114.717, 154
Trd, 000115.700, 155
Trd, 000116.217, 153
Trd, 000116.233, 152
Trd, 000116.400, 155
Trd, 000116.667, 152.0
Trd, 000116.933, 153
Trd, 000116.967, 151.0
Trd, 000117.083, 150
Trd, 000118.117, 158.0
Trd, 000120.233, 151
Trd, 000120.800, 151
Trd, 000121.833, 150
Trd, 000121.850, 151
Trd, 000122.383, 153
Trd, 000122.783, 154
Trd, 000123.700, 154
Trd, 000123.933, 154
Trd, 000124.633, 156.0
Trd, 000124.733, 157.0
Trd, 000125.800, 158.0
Trd, 000125.917, 155.0
Trd, 000126.117, 166.0
Trd, 000126.383, 168.0
Trd, 000127.717, 158.0
Trd, 000129.783, 159
Trd, 000130.033, 158
Trd, 000130.183, 159
Trd, 000130.317, 156.0
Trd, 000131.367, 157
Trd, 000131.617, 155
Trd, 000131.783, 155
Trd, 000131.950, 155.0
Trd, 000132.117, 151.0
Trd, 000133.533, 154
Trd, 000134.367, 153
Trd, 000134.583, 155.0
Trd, 000135.433, 155
Trd, 000136.383, 157.0
Trd, 000136.767, 156
Trd, 000136.900, 158.0
Trd, 000137.200, 155
Trd, 000138.300, 168.0
Trd, 000138.967, 157
Trd, 000139.083, 155.0
Trd, 000139.200, 153
Trd, 000140.200, 158.0
Trd, 000140.933, 156
Trd, 000141.817, 151.0
Trd, 000142.117, 158
Trd, 000142.867, 157
Trd, 000143.500, 157
Trd, 000143.533, 155
Trd, 000144.233, 155.0
Trd, 000145.467, 155
Trd, 000146.083, 154
Trd, 000146.617, 154
Trd, 000147.100, 155
Trd, 000147.533, 151.0
Trd, 000148.417, 151.0
Trd, 000148.783, 155.0
Trd, 000149.683, 151
Trd, 000149.767, 156
Trd, 000150.367, 150.0
Trd, 000151.200, 156
Trd, 000151.567, 150
Trd, 000151.583, 157
Trd, 000152.483, 154
Trd, 000152.700, 150.0
Trd, 000153.083, 155
Trd, 000153.883, 152
Trd, 000154.033, 151.0
Trd, 000155.117, 151
Trd, 000155.900, 151
Trd, 000156.167, 150.0
Trd, 000156.583, 155.0
Trd, 000156.817, 154
Trd, 000157.517, 157.0
Trd, 000158.350, 156.0
Trd, 000159.850, 157
Trd, 000160.533, 157
Trd, 000160.617, 158.0
Trd, 000161.267, 156
Trd, 000161.350, 154
Trd, 000162.317, 151.0
Trd, 000163.117, 150
Trd, 000163.250, 150.0
Trd, 000163.517, 152.0
Trd, 000164.500, 150
Trd, 000164.967, 155.0
Trd, 000164.983, 151.0
Trd, 000165.133, 158.0
Trd, 000165.650, 157.0
Trd, 000167.250, 162.0
Trd, 000168.050, 159
Trd, 000168.150, 158
Trd, 000168.750, 159.0
Trd, 000169.500, 160
Trd, 000170.300, 159
Trd, 000171.050, 158.0
Trd, 000171.117, 159
Trd, 000172.050, 158
Trd, 000172.317, 158.0
Trd, 000172.800, 155.0
Trd, 000173.750, 155
Trd, 000174.250, 156.0
Trd, 000174.667, 156.0
Trd, 000174.883, 155.0
Trd, 000176.483, 153
Trd, 000176.717, 154
Trd, 000178.150, 154
Trd, 000178.483, 155
Trd, 000179.333, 155.0
Trd, 000180.500, 156
Trd, 000180.517, 155
Trd, 000180.567, 157.0
Trd, 000181.383, 156
Trd, 000181.667, 156
Trd, 000181.900, 157.0
Trd, 000181.933, 158.0
Trd, 000183.900, 159
Trd, 000183.917, 158
Trd, 000184.433, 155.0
Trd, 000185.467, 156
Trd, 000185.783, 156
Trd, 000186.400, 157
Trd, 000186.583, 156
Trd, 000187.950, 159
Trd, 000188.500, 163
Trd, 000188.733, 158.0
Trd, 000189.350, 158
Trd, 000189.683, 156
Trd, 000190.367, 155.0
Trd, 000191.100, 156
Trd, 000191.333, 156
Trd, 000192.433, 156
Trd, 000192.567, 155
Trd, 000193.550, 155
Trd, 000193.983, 154
Trd, 000194.733, 155.0
Trd, 000194.850, 151.0
Trd, 000195.067, 156
Trd, 000195.150, 158.0
Trd, 000195.633, 152
Trd, 000197.100, 154
Trd, 000197.917, 154
Trd, 000199.017, 154
Trd, 000199.083, 158.0
Trd, 000199.717, 156
Trd, 000199.867, 156
Trd, 000200.267, 155
Trd, 000201.117, 160.0
Trd, 000201.783, 155.0
Trd, 000202.617, 156.0
Trd, 000202.700, 157.0
Trd, 000203.083, 155
Trd, 000203.433, 158.0
Trd, 000203.750, 153
Trd, 000204.250, 158
Trd, 000205.550, 155.0
Trd, 000205.850, 154
Trd, 000206.900, 155.0
Trd, 000207.367, 157
Trd, 000207.433, 156.0
Trd, 000207.750, 157
Trd, 000208.017, 155
Trd, 000208.900, 151.0
Trd, 000209.317, 155.0
Trd, 000210.200, 153
Trd, 000210.517, 152
Trd, 000211.350, 152.0
Trd, 000212.333, 152
Trd, 000212.600, 152.0
Trd, 000212.700, 155.0
Trd, 000213.033, 151.0
Trd, 000213.783, 150
Trd, 000213.933, 155.0
Trd, 000214.033, 149.0
Trd, 000214.483, 156.0
Trd, 000214.600, 155.0
Trd, 000216.633, 151
Trd, 000216.983, 152
Trd, 000217.200, 155.0
Trd, 000217.767, 152
Trd, 000218.033, 158.0
Trd, 000220.150, 156
Trd, 000221.017, 163
Trd, 000221.050, 153
Trd, 000221.083, 151.0
Trd, 000221.517, 151
Trd, 000221.933, 157
Trd, 000222.150, 156
Trd, 000222.217, 153
Trd, 000222.983, 151
Trd, 000224.083, 148.0
Trd, 000224.367, 151
Trd, 000224.550, 153
Trd, 000225.083, 155
Trd, 000225.100, 149
Trd, 000226.150, 157.0
Trd, 000226.433, 156.0
Trd, 000227.717, 157.0
Trd, 000228.617, 156.0
Trd, 000229.033, 155.0
Trd, 000230.200, 155
Trd, 000230.583, 158.0
Trd, 000230.967, 158
Trd, 000231.150, 156
Trd, 000231.217, 155.0
Trd, 000231.733, 167.0
Trd, 000232.483, 167
Trd, 000232.733, 166
Trd, 000232.817, 163
Trd, 000233.117, 162
Trd, 000234.350, 148.0
Trd, 000234.800, 151.0
Trd, 000235.167, 157
Trd, 000236.267, 156
Trd, 000236.617, 156
Trd, 000236.683, 156
Trd, 000236.817, 157.0
Trd, 000237.067, 157
Trd, 000239.067, 158
Trd, 000239.117, 167.0
Trd, 000239.750, 158
Trd, 000240.050, 158.0
Trd, 000240.267, 156
Trd, 000240.367, 159
Trd, 000240.517, 155.0
Trd, 000240.817, 155
Trd, 000241.350, 155
Trd, 000241.550, 155.0
Trd, 000241.633, 156
Trd, 000241.850, 153.0
Trd, 000242.183, 151.0
Trd, 000242.567, 137
Trd, 000243.633, 156
Trd, 000244.617, 149.0
Trd, 000245.350, 147
Trd, 000245.533, 149
Trd, 000246.117, 146
Trd, 000246.283, 141.0
Trd, 000246.450, 149
Trd, 000246.617, 145
Trd, 000246.967, 145
Trd, 000247.150, 146
Trd, 000247.917, 147
Trd, 000248.400, 148
Trd, 000248.633, 151.0
Trd, 000249.183, 154.0
Trd, 000249.517, 150
Trd, 000249.533, 152.0
Trd, 000249.700, 148
Trd, 000250.283, 152
Trd, 000250.533, 151
Trd, 000250.617, 155.0
Trd, 000251.367, 153
Trd, 000251.483, 152
Trd, 000251.617, 147
Trd, 000252.750, 152.0
Trd, 000252.883, 148
Trd, 000253.567, 149.0
Trd, 000253.800, 151.0
Trd, 000254.833, 151
Trd, 000254.900, 152
Trd, 000255.800, 154.0
Trd, 000255.900, 155.0
Trd, 000256.233, 158.0
Trd, 000257.000, 152
Trd, 000257.333, 151
Trd, 000257.500, 155
Trd, 000257.617, 155
Trd, 000258.350, 155
Trd, 000258.967, 166
Trd, 000259.350, 160.0
Trd, 000260.017, 161
Trd, 000260.217, 161
Trd, 000260.867, 161.0
Trd, 000261.050, 164
Trd, 000261.633, 160
Trd, 000262.517, 160
Trd, 000262.617, 160
Trd, 000263.583, 158.0
Trd, 000263.817, 157.0
Trd, 000263.950, 157.0
Trd, 000264.233, 155.0
Trd, 000265.117, 155.0
Trd, 000265.583, 156
Trd, 000265.800, 155.0
Trd, 000266.483, 154
Trd, 000266.533, 158
Trd, 000267.217, 156.0
Trd, 000267.817, 157
Trd, 000267.867, 154
Trd, 000268.133, 157.0
Trd, 000268.200, 156.0
Trd, 000268.883, 155.0
Trd, 000269.617, 156
Trd, 000270.700, 156.0
Trd, 000270.917, 158.0
Trd, 000271.650, 155.0
Trd, 000272.017, 154
Trd, 000272.483, 136
Trd, 000272.833, 148
Trd, 000272.967, 148
Trd, 000273.350, 137
Trd, 000273.817, 140.0
Trd, 000273.900, 141.0
Trd, 000275.167, 141
Trd, 000275.350, 143
Trd, 000276.117, 163
Trd, 000276.633, 163.0
Trd, 000276.867, 163
Trd, 000277.317, 162.0
Trd, 000277.517, 160
Trd, 000277.917, 159
Trd, 000278.700, 158.0
Trd, 000279.433, 163.0
Trd, 000279.683, 162.0
Trd, 000280.150, 162.0
Trd, 000280.283, 163.0
Trd, 000280.567, 163
Trd, 000281.150, 163.0
Trd, 000281.217, 168.0
Trd, 000281.417, 155.0
Trd, 000281.567, 151.0
Trd, 000281.917, 156.0
Trd, 000282.533, 152
Trd, 000283.017, 156.0
Trd, 000283.117, 149.0
Trd, 000283.283, 160
Trd, 000283.783, 158.0
Trd, 000283.850, 156
Trd, 000284.183, 150
Trd, 000284.333, 150
Trd, 000284.867, 151.0
Trd, 000285.733, 151
Trd, 000286.000, 151
Trd, 000286.100, 150
Trd, 000286.567, 136
Trd, 000286.600, 154
Trd, 000287.900, 153
Trd, 000287.967, 155.0
Trd, 000288.183, 168.0
Trd, 000288.233, 148
Trd, 000288.650, 140.0
Trd, 000288.817, 141.0
Trd, 000288.850, 133
Trd, 000289.950, 146
Trd, 000290.050, 149
Trd, 000290.133, 151.0
Trd, 000290.367, 155.0
Trd, 000290.750, 152
Trd, 000290.933, 153
Trd, 000291.400, 152
Trd, 000291.500, 151
Trd, 000291.600, 148.0
Trd, 000292.067, 167
Trd, 000293.017, 169
Trd, 000293.150, 155
Trd, 000293.283, 153
Trd, 000293.450, 152
Trd, 000294.250, 151.0
Trd, 000294.500, 155
Trd, 000294.833, 148
Trd, 000295.283, 133
Trd, 000295.417, 153
Trd, 000295.500, 153
Trd, 000295.800, 155.0
Trd, 000297.667, 166.0
Trd, 000297.900, 166
Trd, 000297.950, 162.0
Trd, 000298.250, 152
Trd, 000299.017, 148.0
Trd, 000299.433, 146
Trd, 000299.700, 133
Trd, 000299.917, 154
