Trd, 000003.100, 172.0
Trd, 000003.483, 163
Trd, 000003.783, 169
Trd, 000004.167, 162.0
Trd, 000004.400, 156
Trd, 000005.583, 160
Trd, 000006.667, 160
Trd, 000007.117, 158
Trd, 000007.333, 151.0
Trd, 000007.483, 148.0
Trd, 000007.517, 156
Trd, 000008.417, 149
Trd, 000009.050, 154
Trd, 000009.067, 152
Trd, 000010.650, 154
Trd, 000011.967, 157.0
Trd, 000012.250, 154
Trd, 000013.017, 153
Trd, 000013.700, 154
Trd, 000014.983, 156
Trd, 000015.700, 157.0
Trd, 000017.200, 157
Trd, 000018.067, 154
Trd, 000019.133, 156
Trd, 000019.600, 162.0
Trd, 000019.983, 154
Trd, 000020.167, 157
Trd, 000020.883, 155
Trd, 000021.550, 154
Trd, 000022.950, 155
Trd, 000023.817, 153
Trd, 000024.150, 153
Trd, 000024.800, 154
Trd, 000024.900, 152
Trd, 000025.150, 153
Trd, 000025.217, 155
Trd, 000026.267, 153
Trd, 000026.950, 153.0
Trd, 000027.783, 155
Trd, 000027.800, 152
Trd, 000028.033, 162.0
Trd, 000028.500, 171.0
Trd, 000029.267, 151.0
Trd, 000031.567, 156
Trd, 000031.833, 155
Trd, 000032.150, 155
Trd, 000034.150, 156
Trd, 000034.667, 153
Trd, 000034.850, 152
Trd, 000036.767, 153
Trd, 000037.250, 151.0
Trd, 000037.283, 152
Trd, 000037.700, 151
Trd, 000037.850, 152
Trd, 000038.950, 150
Trd, 000039.350, 150
Trd, 000039.717, 149
Trd, 000039.817, 151
Trd, 000040.017, 153
Trd, 000041.250, 153
Trd, 000041.567, 149.0
Trd, 000044.000, 153
Trd, 000044.233, 152
Trd, 000044.717, 152
Trd, 000045.233, 152
Trd, 000045.350, 151.0
Trd, 000045.467, 152
Trd, 000046.450, 153
Trd, 000048.067, 161.0
Trd, 000048.583, 154
Trd, 000048.833, 154
Trd, 000048.933, 151.0
Trd, 000050.183, 153
Trd, 000050.267, 154
Trd, 000051.450, 150
Trd, 000051.617, 149
Trd, 000051.717, 158
Trd, 000052.200, 162.0
Trd, 000053.550, 152
Trd, 000053.683, 154
Trd, 000055.600, 152
Trd, 000056.750, 152
Trd, 000057.017, 152
Trd, 000057.083, 153
Trd, 000057.717, 153
Trd, 000057.950, 153
Trd, 000058.733, 153
Trd, 000058.817, 152.0
Trd, 000060.033, 153
Trd, 000060.050, 154
Trd, 000060.800, 155
Trd, 000062.833, 153
Trd, 000063.517, 155
Trd, 000063.800, 155
Trd, 000064.200, 153
Trd, 000064.333, 154
Trd, 000064.483, 157.0
Trd, 000064.717, 158
Trd, 000067.150, 157
Trd, 000067.717, 158
Trd, 000068.900, 156
Trd, 000069.050, 156
Trd, 000070.283, 158
Trd, 000070.583, 162.0
Trd, 000071.083, 165.0
Trd, 000073.583, 158
Trd, 000074.033, 156
Trd, 000075.367, 157
Trd, 000075.750, 156
Trd, 000076.217, 157
Trd, 000076.667, 156
Trd, 000077.150, 156
Trd, 000077.183, 154
Trd, 000077.350, 154
Trd, 000078.100, 156
Trd, 000079.383, 155
Trd, 000079.483, 154
Trd, 000079.533, 162.0
Trd, 000080.050, 155
Trd, 000080.917, 158
Trd, 000082.167, 156
Trd, 000083.083, 158
Trd, 000083.367, 155
Trd, 000084.267, 153
Trd, 000084.283, 157
Trd, 000084.700, 155
Trd, 000087.217, 155
Trd, 000087.467, 154.0
Trd, 000088.933, 155
Trd, 000089.300, 154
Trd, 000089.650, 152
Trd, 000090.067, 152
Trd, 000090.700, 151
Trd, 000091.017, 151
Trd, 000091.300, 153
Trd, 000091.900, 155
Trd, 000093.450, 162.0
Trd, 000093.617, 153.0
Trd, 000094.450, 157
Trd, 000094.650, 158
Trd, 000094.767, 155
Trd, 000094.933, 155
Trd, 000095.433, 155
Trd, 000095.633, 156
Trd, 000095.950, 156
Trd, 000097.683, 155
Trd, 000098.283, 162.0
Trd, 000098.850, 155
Trd, 000099.733, 156
Trd, 000101.567, 156
Trd, 000101.617, 157
Trd, 000101.850, 156
Trd, 000102.717, 154
Trd, 000103.633, 160
Trd, 000104.067, 162.0
Trd, 000105.383, 159.0
Trd, 000105.400, 157
Trd, 000105.483, 155
Trd, 000107.017, 157
Trd, 000107.083, 157
Trd, 000108.133, 155
Trd, 000108.233, 155
Trd, 000108.533, 161.0
Trd, 000111.167, 159.0
Trd, 000111.650, 158
Trd, 000112.550, 156
Trd, 000113.183, 157
Trd, 000113.317, 156
Trd, 000115.183, 155
Trd, 000116.367, 157
Trd, 000117.350, 157
Trd, 000117.417, 158
Trd, 000119.417, 156
Trd, 000120.100, 162.0
Trd, 000121.133, 155
Trd, 000121.400, 156
Trd, 000122.700, 156
Trd, 000123.033, 156
Trd, 000125.200, 155
Trd, 000125.333, 156
Trd, 000125.800, 155
Trd, 000126.167, 155
Trd, 000126.717, 154
Trd, 000127.950, 155
Trd, 000128.400, 154
Trd, 000128.600, 155
Trd, 000129.100, 156
Trd, 000129.150, 154
Trd, 000130.567, 155
Trd, 000131.517, 154
Trd, 000131.583, 153
Trd, 000134.100, 152
Trd, 000134.283, 154
Trd, 000135.383, 153
Trd, 000135.917, 153
Trd, 000137.050, 152
Trd, 000137.350, 153
Trd, 000137.567, 153
Trd, 000139.167, 162.0
Trd, 000139.317, 158
Trd, 000139.650, 157
Trd, 000140.717, 156
Trd, 000141.683, 158
Trd, 000142.050, 156
Trd, 000142.233, 156
Trd, 000142.867, 156
Trd, 000143.300, 158
Trd, 000143.900, 157
Trd, 000145.883, 157
Trd, 000147.700, 154
Trd, 000147.933, 156
Trd, 000148.567, 158
Trd, 000149.250, 166
Trd, 000149.733, 154
Trd, 000149.883, 161.0
Trd, 000151.200, 158.0
Trd, 000151.533, 158
Trd, 000151.700, 155
Trd, 000153.550, 157
Trd, 000153.683, 154
Trd, 000154.450, 155
Trd, 000155.633, 156
Trd, 000155.700, 156
Trd, 000155.867, 155
Trd, 000156.017, 153
Trd, 000157.017, 153
Trd, 000157.283, 151.0
Trd, 000157.933, 155
Trd, 000158.233, 151
Trd, 000159.683, 150
Trd, 000160.033, 150
Trd, 000160.483, 160.0
Trd, 000161.817, 154
Trd, 000162.200, 152
Trd, 000162.583, 152
Trd, 000162.883, 152
Trd, 000163.200, 152
Trd, 000163.867, 150
Trd, 000164.950, 153
Trd, 000165.083, 153
Trd, 000165.617, 150
Trd, 000165.733, 150
Trd, 000166.167, 152
Trd, 000166.450, 149
Trd, 000166.583, 152
Trd, 000168.367, 150
Trd, 000170.383, 149.0
Trd, 000171.467, 151
Trd, 000172.117, 151
Trd, 000172.350, 150
Trd, 000172.883, 161.0
Trd, 000174.550, 153
Trd, 000175.317, 151
Trd, 000175.850, 152
Trd, 000175.867, 154
Trd, 000176.100, 151
Trd, 000177.550, 155
Trd, 000178.583, 153
Trd, 000179.067, 151
Trd, 000179.667, 153
Trd, 000180.300, 152
Trd, 000181.200, 151
Trd, 000181.233, 151
Trd, 000182.883, 155
Trd, 000183.383, 154
Trd, 000184.017, 155.0
Trd, 000184.117, 154
Trd, 000184.717, 154.0
Trd, 000185.567, 154
Trd, 000185.800, 153
Trd, 000186.933, 152
Trd, 000187.250, 151.0
Trd, 000188.983, 151
Trd, 000189.033, 150
Trd, 000189.333, 150
Trd, 000189.350, 153
Trd, 000190.017, 162.0
Trd, 000191.133, 149
Trd, 000192.100, 149.0
Trd, 000195.050, 153
Trd, 000195.183, 153
Trd, 000195.717, 153
Trd, 000196.067, 149
Trd, 000196.333, 149
Trd, 000197.167, 149
Trd, 000197.750, 149
Trd, 000197.783, 150
Trd, 000198.967, 150
Trd, 000199.433, 151
Trd, 000200.100, 153
Trd, 000201.250, 162.0
Trd, 000201.300, 165.0
Trd, 000202.100, 154
Trd, 000203.067, 160
Trd, 000203.350, 158
Trd, 000203.833, 157
Trd, 000205.083, 158
Trd, 000205.917, 158
Trd, 000206.267, 159
Trd, 000206.733, 162.0
Trd, 000207.417, 159
Trd, 000207.600, 160
Trd, 000208.167, 158
Trd, 000208.433, 157
Trd, 000210.550, 156
Trd, 000210.600, 156
Trd, 000212.067, 155
Trd, 000212.833, 156
Trd, 000213.533, 156
Trd, 000213.750, 154
Trd, 000216.250, 156
Trd, 000216.517, 155
Trd, 000216.550, 156
Trd, 000218.100, 157
Trd, 000218.333, 156
Trd, 000218.900, 155
Trd, 000219.633, 154
Trd, 000220.367, 159
Trd, 000220.767, 157
Trd, 000221.383, 153
Trd, 000221.767, 156
Trd, 000221.883, 151.0
Trd, 000223.917, 154
Trd, 000224.067, 151
Trd, 000224.450, 152
Trd, 000224.533, 153
Trd, 000226.117, 152
Trd, 000226.367, 151.0
Trd, 000227.333, 154
Trd, 000228.633, 153
Trd, 000229.350, 153
Trd, 000229.600, 162.0
Trd, 000229.933, 150
Trd, 000231.733, 153
Trd, 000232.683, 154
Trd, 000234.750, 157
Trd, 000235.217, 154
Trd, 000235.383, 153
Trd, 000236.317, 154
Trd, 000236.467, 155
Trd, 000237.167, 152
Trd, 000237.550, 152
Trd, 000238.200, 151
Trd, 000238.733, 153
Trd, 000238.933, 154
Trd, 000239.400, 154.0
Trd, 000240.383, 152
Trd, 000240.700, 153.0
Trd, 000241.233, 155
Trd, 000241.800, 165.0
Trd, 000242.217, 162.0
Trd, 000242.833, 161
Trd, 000243.217, 164
Trd, 000243.767, 164
Trd, 000243.783, 162.0
Trd, 000244.667, 157
Trd, 000245.183, 162
Trd, 000246.083, 159
Trd, 000246.267, 157
Trd, 000246.283, 159
Trd, 000247.050, 157
Trd, 000247.067, 158
Trd, 000247.750, 157
Trd, 000247.950, 156
Trd, 000248.267, 155
Trd, 000249.233, 154
Trd, 000249.317, 151.0
Trd, 000250.417, 156
Trd, 000250.767, 156
Trd, 000250.867, 153
Trd, 000251.133, 152
Trd, 000251.283, 151.0
Trd, 000251.967, 152
Trd, 000252.900, 150
Trd, 000253.167, 150
Trd, 000253.233, 149
Trd, 000253.267, 162.0
Trd, 000253.917, 158
Trd, 000254.150, 159.0
Trd, 000255.100, 157.0
Trd, 000256.050, 155
Trd, 000256.983, 155.0
Trd, 000257.333, 157
Trd, 000258.167, 154
Trd, 000258.600, 152
Trd, 000259.133, 156
Trd, 000259.517, 157
Trd, 000259.933, 159.0
Trd, 000260.367, 158
Trd, 000261.100, 155
Trd, 000262.500, 157
Trd, 000263.250, 155.0
Trd, 000263.483, 159.0
Trd, 000263.967, 156
Trd, 000264.800, 152
Trd, 000265.150, 154
Trd, 000265.750, 152
Trd, 000265.933, 152
Trd, 000266.267, 152
Trd, 000266.567, 151
Trd, 000266.833, 150
Trd, 000267.017, 149
Trd, 000267.750, 155
Trd, 000267.783, 148
Trd, 000268.367, 149
Trd, 000268.867, 148.0
Trd, 000269.333, 151
Trd, 000270.017, 151
Trd, 000270.650, 155
Trd, 000270.817, 154
Trd, 000271.050, 158.0
Trd, 000271.267, 155.0
Trd, 000271.700, 154
Trd, 000271.850, 159.0
Trd, 000273.117, 153
Trd, 000273.767, 153
Trd, 000274.317, 152
Trd, 000274.583, 153
Trd, 000274.600, 151
Trd, 000275.167, 154
Trd, 000276.000, 152
Trd, 000276.233, 152
Trd, 000276.550, 151.0
Trd, 000276.617, 154
Trd, 000277.750, 155.0
Trd, 000277.850, 154
Trd, 000278.533, 161
Trd, 000278.550, 156
Trd, 000279.217, 162.0
Trd, 000279.300, 168
Trd, 000279.750, 158
Trd, 000279.950, 165.0
Trd, 000280.233, 160
Trd, 000280.267, 156
Trd, 000281.467, 162.0
Trd, 000281.667, 164
Trd, 000282.217, 165
Trd, 000282.317, 164
Trd, 000282.950, 161
Trd, 000283.317, 161
Trd, 000284.417, 158
Trd, 000284.450, 157
Trd, 000284.683, 158
Trd, 000284.733, 158
Trd, 000285.167, 151.0
Trd, 000285.267, 158
Trd, 000285.917, 160
Trd, 000286.033, 155.0
Trd, 000287.050, 151.0
Trd, 000287.733, 152
Trd, 000287.817, 161
Trd, 000288.517, 155
Trd, 000288.617, 148.0
Trd, 000288.683, 156
Trd, 000289.000, 154
Trd, 000289.750, 153
Trd, 000291.083, 149
Trd, 000291.583, 149
Trd, 000292.767, 149
Trd, 000293.200, 149
Trd, 000293.267, 152
Trd, 000293.533, 148.0
Trd, 000293.633, 153
Trd, 000294.150, 153
Trd, 000294.217, 154
Trd, 000294.367, 146
Trd, 000294.583, 155
Trd, 000294.683, 144.0
Trd, 000294.717, 143
Trd, 000295.167, 156
Trd, 000295.450, 137.0
Trd, 000296.417, 158
Trd, 000297.700, 156
Trd, 000297.983, 156
Trd, 000298.133, 155
Trd, 000298.400, 154
Trd, 000298.617, 153
Trd, 000299.467, 151.0
