Trd, 000003.367, 117.0
Trd, 000003.383, 148.0
Trd, 000004.000, 158.0
Trd, 000004.467, 121
Trd, 000005.267, 142
Trd, 000005.483, 144
Trd, 000005.750, 137
Trd, 000006.900, 143
Trd, 000007.683, 148.0
Trd, 000007.967, 137
Trd, 000007.983, 164
Trd, 000008.500, 157
Trd, 000008.650, 141.0
Trd, 000009.533, 151
Trd, 000009.650, 159
Trd, 000010.833, 152
Trd, 000011.500, 152
Trd, 000012.650, 153
Trd, 000013.300, 153
Trd, 000013.667, 152
Trd, 000014.550, 151
Trd, 000014.650, 157.0
Trd, 000014.917, 149
Trd, 000014.933, 158.0
Trd, 000015.217, 148
Trd, 000015.883, 158
Trd, 000016.000, 141.0
Trd, 000016.417, 158
Trd, 000016.633, 151
Trd, 000017.200, 147
Trd, 000017.683, 149
Trd, 000017.767, 150
Trd, 000017.850, 165.0
Trd, 000018.783, 151
Trd, 000019.133, 153
Trd, 000020.200, 150
Trd, 000020.317, 141.0
Trd, 000021.333, 152
Trd, 000021.717, 147
Trd, 000022.117, 148
Trd, 000022.683, 150
Trd, 000024.150, 145
Trd, 000024.550, 145
Trd, 000024.667, 148.0
Trd, 000024.967, 158.0
Trd, 000027.250, 148.0
Trd, 000027.383, 144
Trd, 000028.500, 144
Trd, 000030.033, 144
Trd, 000030.233, 143
Trd, 000030.300, 141.0
Trd, 000030.433, 146
Trd, 000030.550, 146
Trd, 000030.667, 158.0
Trd, 000032.050, 153
Trd, 000032.150, 144
Trd, 000032.217, 165.0
Trd, 000032.667, 144
Trd, 000032.717, 155
Trd, 000033.100, 167
Trd, 000034.533, 161
Trd, 000034.600, 157
Trd, 000035.450, 156
Trd, 000036.000, 154
Trd, 000037.550, 146
Trd, 000037.817, 155
Trd, 000038.400, 150
Trd, 000038.917, 163.0
Trd, 000039.050, 160
Trd, 000039.817, 157
Trd, 000039.933, 160
Trd, 000040.600, 160
Trd, 000040.967, 162
Trd, 000041.667, 156
Trd, 000041.850, 156
Trd, 000041.867, 151
Trd, 000042.250, 141.0
Trd, 000042.883, 167
Trd, 000042.900, 168
Trd, 000043.550, 162
Trd, 000043.567, 164
Trd, 000043.683, 133
Trd, 000045.133, 147
Trd, 000046.100, 147
Trd, 000047.617, 142.0
Trd, 000048.050, 165.0
Trd, 000048.317, 172.0
Trd, 000048.383, 148
Trd, 000048.867, 167
Trd, 000048.883, 147
Trd, 000049.950, 152
Trd, 000050.983, 145
Trd, 000051.483, 147
Trd, 000051.500, 160
Trd, 000052.100, 158
Trd, 000053.317, 152
Trd, 000053.967, 152
Trd, 000054.800, 151
Trd, 000054.900, 150
Trd, 000055.350, 147
Trd, 000056.233, 150
Trd, 000056.583, 148
Trd, 000057.000, 148
Trd, 000057.783, 148
Trd, 000058.217, 147
Trd, 000058.500, 148
Trd, 000059.733, 146
Trd, 000060.283, 148.0
Trd, 000060.417, 144
Trd, 000060.633, 149
Trd, 000061.283, 152
Trd, 000062.017, 151
Trd, 000063.700, 147
Trd, 000063.767, 148.0
Trd, 000064.133, 142.0
Trd, 000064.767, 153
Trd, 000065.067, 158.0
Trd, 000065.617, 142
Trd, 000066.817, 148.0
Trd, 000066.867, 149
Trd, 000067.433, 146
Trd, 000068.467, 149
Trd, 000068.517, 145
Trd, 000069.017, 165.0
Trd, 000070.300, 145
Trd, 000070.667, 155
Trd, 000070.750, 147
Trd, 000072.617, 150
Trd, 000072.783, 141.0
Trd, 000073.000, 152
Trd, 000073.683, 144
Trd, 000073.833, 154
Trd, 000074.900, 152
Trd, 000075.433, 150
Trd, 000075.917, 158.0
Trd, 000078.850, 155
Trd, 000079.283, 153
Trd, 000079.317, 151
Trd, 000079.367, 154
Trd, 000079.567, 150
Trd, 000079.733, 158.0
Trd, 000080.033, 165.0
Trd, 000081.333, 148
Trd, 000082.067, 146
Trd, 000083.167, 146
Trd, 000083.250, 141
Trd, 000083.683, 157
Trd, 000084.067, 148.0
Trd, 000084.933, 148
Trd, 000085.383, 142.0
Trd, 000086.167, 149
Trd, 000086.383, 141.0
Trd, 000086.817, 164.0
Trd, 000087.950, 153
Trd, 000089.633, 150
Trd, 000089.650, 148
Trd, 000089.783, 158.0
Trd, 000090.867, 149
Trd, 000091.133, 148
Trd, 000091.183, 165.0
Trd, 000091.867, 147
Trd, 000092.867, 151
Trd, 000093.617, 158
Trd, 000093.867, 169
Trd, 000094.333, 168
Trd, 000095.050, 160
Trd, 000096.167, 160
Trd, 000096.367, 162
Trd, 000096.500, 157
Trd, 000097.567, 151
Trd, 000099.400, 157
Trd, 000100.267, 152
Trd, 000100.400, 154
Trd, 000100.650, 141.0
Trd, 000101.350, 153
Trd, 000101.500, 150
Trd, 000102.550, 149
Trd, 000102.617, 141
Trd, 000103.217, 147
Trd, 000103.500, 147
Trd, 000104.083, 144
Trd, 000106.000, 147
Trd, 000106.167, 146
Trd, 000106.450, 144
Trd, 000107.050, 147
Trd, 000107.400, 144
Trd, 000107.767, 144.0
Trd, 000108.350, 149
Trd, 000108.767, 149
Trd, 000109.300, 147
Trd, 000110.050, 151
Trd, 000111.217, 148
Trd, 000111.933, 148
Trd, 000112.350, 158.0
Trd, 000113.150, 147
Trd, 000113.983, 151
Trd, 000114.317, 141.0
Trd, 000115.250, 169
Trd, 000115.750, 153
Trd, 000115.767, 152
Trd, 000118.217, 152
Trd, 000118.750, 152
Trd, 000119.317, 156
Trd, 000119.667, 157
Trd, 000119.800, 151
Trd, 000119.883, 157
Trd, 000122.117, 151
Trd, 000122.450, 153
Trd, 000122.817, 156.0
Trd, 000123.800, 158.0
Trd, 000124.250, 153
Trd, 000125.183, 156
Trd, 000125.700, 152
Trd, 000125.967, 152
Trd, 000126.600, 158
Trd, 000126.917, 165.0
Trd, 000127.150, 151
Trd, 000127.400, 149
Trd, 000130.067, 151
Trd, 000131.500, 150
Trd, 000133.117, 149
Trd, 000133.367, 152
Trd, 000133.650, 150
Trd, 000133.867, 140
Trd, 000134.950, 149
Trd, 000135.333, 150
Trd, 000135.517, 149
Trd, 000135.600, 141.0
Trd, 000135.717, 148.0
Trd, 000136.250, 161.0
Trd, 000136.767, 150
Trd, 000137.483, 148
Trd, 000138.250, 151
Trd, 000138.683, 152
Trd, 000138.967, 150
Trd, 000140.017, 151
Trd, 000140.217, 149
Trd, 000140.333, 152
Trd, 000141.517, 165.0
Trd, 000141.767, 170
Trd, 000142.617, 159
Trd, 000143.300, 147
Trd, 000144.183, 150
Trd, 000144.200, 153
Trd, 000144.283, 153
Trd, 000145.617, 151
Trd, 000146.867, 153
Trd, 000146.933, 155
Trd, 000147.900, 156
Trd, 000148.483, 156
Trd, 000149.683, 167
Trd, 000149.800, 168
Trd, 000150.400, 152
Trd, 000150.467, 151
Trd, 000150.933, 152
Trd, 000153.200, 156
Trd, 000153.250, 157
Trd, 000153.333, 158
Trd, 000153.383, 152
Trd, 000154.567, 153
Trd, 000154.767, 147
Trd, 000154.783, 144
Trd, 000155.100, 157
Trd, 000157.350, 150
Trd, 000157.600, 158.0
Trd, 000158.050, 152
Trd, 000158.767, 165.0
Trd, 000159.150, 170
Trd, 000159.483, 163
Trd, 000160.400, 164
Trd, 000161.217, 165
Trd, 000161.350, 165
Trd, 000161.400, 162
Trd, 000162.317, 161
Trd, 000163.000, 147
Trd, 000164.067, 155
Trd, 000164.367, 157.0
Trd, 000164.750, 158.0
Trd, 000165.300, 154
Trd, 000165.800, 153
Trd, 000165.967, 141.0
Trd, 000166.633, 155
Trd, 000168.383, 148
Trd, 000168.400, 151
Trd, 000168.517, 152
Trd, 000168.867, 142.0
Trd, 000169.200, 153
Trd, 000170.083, 150
Trd, 000171.717, 147
Trd, 000172.117, 151
Trd, 000172.383, 150
Trd, 000173.500, 149
Trd, 000174.000, 150
Trd, 000174.617, 147
Trd, 000174.983, 148.0
Trd, 000175.700, 148
Trd, 000175.717, 152
Trd, 000175.900, 158.0
Trd, 000177.517, 164
Trd, 000177.583, 151
Trd, 000178.117, 150
Trd, 000179.383, 155
Trd, 000180.150, 151
Trd, 000180.600, 149
Trd, 000181.367, 152
Trd, 000181.600, 152
Trd, 000183.117, 146
Trd, 000183.317, 147
Trd, 000183.483, 148
Trd, 000186.100, 148
Trd, 000186.300, 147
Trd, 000186.917, 148.0
Trd, 000187.500, 149
Trd, 000187.750, 146
Trd, 000188.200, 148
Trd, 000188.367, 143
Trd, 000188.617, 153
Trd, 000190.217, 151
Trd, 000191.017, 150
Trd, 000191.467, 150
Trd, 000191.500, 149
Trd, 000191.767, 151
Trd, 000192.167, 150
Trd, 000193.233, 151
Trd, 000193.550, 153
Trd, 000193.800, 152
Trd, 000193.933, 149
Trd, 000194.750, 164.0
Trd, 000195.200, 157
Trd, 000196.217, 152
Trd, 000196.433, 148.0
Trd, 000197.033, 150
Trd, 000197.350, 144
Trd, 000198.550, 149
Trd, 000199.000, 149
Trd, 000199.133, 161.0
Trd, 000199.483, 162.0
Trd, 000199.583, 165.0
Trd, 000200.467, 163
Trd, 000201.867, 158
Trd, 000202.150, 147
Trd, 000203.050, 158
Trd, 000203.800, 158
Trd, 000205.083, 153
Trd, 000205.200, 151
Trd, 000205.300, 158
Trd, 000206.100, 158
Trd, 000206.700, 165.0
Trd, 000207.867, 165
Trd, 000208.850, 157
Trd, 000209.383, 158
Trd, 000209.567, 159
Trd, 000210.400, 158
Trd, 000211.233, 159
Trd, 000211.433, 157
Trd, 000211.800, 159
Trd, 000211.900, 165.0
Trd, 000211.967, 157
Trd, 000212.433, 141.0
Trd, 000212.750, 141.0
Trd, 000212.933, 165
Trd, 000215.183, 161
Trd, 000215.933, 159
Trd, 000216.317, 155
Trd, 000216.967, 162
Trd, 000217.567, 138
Trd, 000218.083, 148.0
Trd, 000219.200, 152
Trd, 000219.467, 157
Trd, 000220.367, 146
Trd, 000221.067, 145
Trd, 000221.150, 156
Trd, 000224.317, 146.0
Trd, 000224.667, 145
Trd, 000224.883, 145
Trd, 000225.167, 148.0
Trd, 000226.000, 147
Trd, 000226.167, 145
Trd, 000228.333, 146
Trd, 000228.367, 147
Trd, 000228.850, 143
Trd, 000228.967, 150
Trd, 000229.117, 142
Trd, 000229.667, 149
Trd, 000229.683, 158.0
Trd, 000230.317, 169
Trd, 000230.933, 153
Trd, 000231.183, 151
Trd, 000231.917, 154
Trd, 000232.517, 153
Trd, 000233.933, 155
Trd, 000234.467, 163.0
Trd, 000235.050, 157
Trd, 000235.133, 160
Trd, 000236.400, 152
Trd, 000237.883, 159
Trd, 000238.783, 159
Trd, 000238.800, 160.0
Trd, 000240.050, 158
Trd, 000240.067, 156
Trd, 000240.317, 154
Trd, 000240.583, 145
Trd, 000240.783, 159
Trd, 000241.017, 161
Trd, 000242.483, 157
Trd, 000242.733, 157
Trd, 000243.117, 158
Trd, 000243.750, 155
Trd, 000243.967, 154
Trd, 000244.467, 157
Trd, 000244.717, 157
Trd, 000244.733, 156
Trd, 000245.100, 154
Trd, 000245.433, 159
Trd, 000245.617, 160
Trd, 000245.717, 162.0
Trd, 000245.833, 156
Trd, 000246.567, 156
Trd, 000246.850, 154
Trd, 000247.483, 156
Trd, 000247.983, 158
Trd, 000248.917, 154
Trd, 000249.217, 148
Trd, 000249.450, 141.0
Trd, 000249.767, 153
Trd, 000249.817, 155.0
Trd, 000250.417, 152
Trd, 000250.533, 149
Trd, 000251.067, 153
Trd, 000251.600, 155.0
Trd, 000251.667, 153
Trd, 000252.467, 155
Trd, 000252.583, 155
Trd, 000252.783, 158.0
Trd, 000253.333, 165.0
Trd, 000253.400, 160
Trd, 000254.050, 174
Trd, 000255.750, 168
Trd, 000256.083, 169
Trd, 000256.100, 157
Trd, 000256.317, 142
Trd, 000257.067, 151
Trd, 000257.217, 155.0
Trd, 000257.267, 157
Trd, 000258.550, 147
Trd, 000258.567, 147.0
Trd, 000259.333, 148.0
Trd, 000259.700, 155.0
Trd, 000259.750, 156
Trd, 000260.683, 155
Trd, 000260.967, 154
Trd, 000261.000, 149
Trd, 000261.600, 149
Trd, 000261.750, 150.0
Trd, 000262.750, 151
Trd, 000262.767, 148
Trd, 000263.433, 141.0
Trd, 000263.517, 145.0
Trd, 000265.200, 142
Trd, 000265.400, 143
Trd, 000265.483, 141.0
Trd, 000265.683, 144
Trd, 000266.733, 145
Trd, 000267.050, 144
Trd, 000267.200, 155.0
Trd, 000267.233, 143
Trd, 000267.850, 151
Trd, 000268.517, 151
Trd, 000268.583, 146
Trd, 000269.150, 146.0
Trd, 000269.950, 141.0
Trd, 000270.050, 146.0
Trd, 000270.083, 140
Trd, 000270.167, 146
Trd, 000270.567, 147
Trd, 000270.917, 148.0
Trd, 000271.183, 148
Trd, 000271.767, 148
Trd, 000272.367, 160.0
Trd, 000273.233, 151
Trd, 000273.283, 147
Trd, 000274.217, 138
Trd, 000274.450, 141
Trd, 000274.483, 137.0
Trd, 000274.517, 133
Trd, 000274.583, 141
Trd, 000275.517, 142
Trd, 000276.300, 143
Trd, 000276.900, 141
Trd, 000277.033, 145
Trd, 000277.517, 158.0
Trd, 000277.533, 165.0
Trd, 000277.750, 163
Trd, 000278.050, 163
Trd, 000278.300, 154
Trd, 000278.500, 154
Trd, 000279.050, 153
Trd, 000279.650, 156
Trd, 000279.967, 159
Trd, 000280.567, 155
Trd, 000280.867, 146
Trd, 000282.467, 149
Trd, 000283.117, 152
Trd, 000284.167, 151
Trd, 000284.367, 153
Trd, 000284.417, 155.0
Trd, 000284.483, 158.0
Trd, 000284.800, 154
Trd, 000285.050, 151
Trd, 000285.167, 160
Trd, 000285.200, 151
Trd, 000285.700, 158
Trd, 000286.483, 145
Trd, 000286.567, 147
Trd, 000286.600, 165.0
Trd, 000287.483, 168
Trd, 000287.583, 163
Trd, 000287.850, 142.0
Trd, 000288.283, 141.0
Trd, 000288.333, 146.0
Trd, 000289.267, 155.0
Trd, 000289.467, 154
Trd, 000289.833, 151
Trd, 000290.250, 148
Trd, 000290.700, 155
Trd, 000291.083, 155
Trd, 000291.750, 154
Trd, 000292.617, 146
Trd, 000292.967, 154
Trd, 000293.450, 158.0
Trd, 000293.717, 162.0
Trd, 000294.933, 150
Trd, 000295.883, 146
Trd, 000295.983, 149
Trd, 000296.033, 165.0
Trd, 000296.067, 170
Trd, 000296.117, 137.0
Trd, 000296.417, 142
Trd, 000297.267, 141.0
Trd, 000298.183, 134.0
Trd, 000298.217, 133
Trd, 000298.350, 140
Trd, 000298.533, 148.0
Trd, 000298.900, 142
Trd, 000299.133, 141
Trd, 000299.367, 139
