Trd, 000001.933, 135
Trd, 000002.733, 155.0
Trd, 000003.783, 145.0
Trd, 000004.483, 146.0
Trd, 000004.650, 145
Trd, 000004.833, 147.0
Trd, 000004.933, 141
Trd, 000005.150, 146
Trd, 000005.300, 144
Trd, 000005.617, 148.0
Trd, 000005.633, 140
Trd, 000006.217, 140
Trd, 000007.100, 139
Trd, 000007.800, 142
Trd, 000008.033, 143
Trd, 000008.550, 141.0
Trd, 000009.017, 141
Trd, 000010.033, 140
Trd, 000010.117, 139
Trd, 000010.467, 144
Trd, 000010.767, 148.0
Trd, 000011.617, 141
Trd, 000012.067, 144
Trd, 000012.083, 140
Trd, 000012.283, 151
Trd, 000013.333, 146
Trd, 000014.133, 144
Trd, 000014.467, 145
Trd, 000015.000, 143
Trd, 000015.250, 144
Trd, 000015.367, 145
Trd, 000015.633, 151
Trd, 000016.483, 172.0
Trd, 000016.917, 159
Trd, 000017.583, 152
Trd, 000017.717, 155.0
Trd, 000017.983, 154
Trd, 000018.767, 152
Trd, 000019.067, 153
Trd, 000019.317, 153
Trd, 000019.650, 153
Trd, 000020.217, 154
Trd, 000020.367, 152
Trd, 000021.200, 153
Trd, 000021.983, 151
Trd, 000022.167, 150
Trd, 000022.550, 151
Trd, 000022.650, 141.0
Trd, 000022.917, 151
Trd, 000024.300, 153
Trd, 000024.333, 170
Trd, 000024.983, 146
Trd, 000025.433, 142
Trd, 000025.883, 142.0
Trd, 000026.883, 141.0
Trd, 000027.267, 142
Trd, 000027.617, 141
Trd, 000027.683, 143
Trd, 000027.983, 141
Trd, 000028.367, 142
Trd, 000028.583, 141.0
Trd, 000029.800, 142
Trd, 000030.083, 141.0
Trd, 000030.317, 143
Trd, 000030.583, 143
Trd, 000031.167, 142
Trd, 000031.517, 144
Trd, 000032.317, 141
Trd, 000032.433, 143
Trd, 000032.833, 152
Trd, 000033.917, 145
Trd, 000034.750, 141
Trd, 000035.050, 143
Trd, 000035.250, 142
Trd, 000035.867, 141
Trd, 000035.967, 141
Trd, 000035.983, 141.0
Trd, 000036.400, 143
Trd, 000036.817, 143
Trd, 000037.450, 144
Trd, 000038.083, 143
Trd, 000039.150, 141
Trd, 000039.583, 142
Trd, 000040.483, 142
Trd, 000040.783, 142
Trd, 000042.050, 142
Trd, 000043.100, 142
Trd, 000043.183, 142
Trd, 000043.800, 143
Trd, 000043.933, 144
Trd, 000044.917, 141
Trd, 000045.050, 148.0
Trd, 000045.067, 152
Trd, 000045.167, 155.0
Trd, 000045.217, 143.0
Trd, 000045.683, 151
Trd, 000046.733, 151.0
Trd, 000047.800, 150
Trd, 000048.317, 150
Trd, 000048.867, 157
Trd, 000049.100, 158
Trd, 000049.417, 150
Trd, 000049.900, 149
Trd, 000050.833, 150
Trd, 000051.433, 150
Trd, 000052.167, 148.0
Trd, 000053.383, 150
Trd, 000053.867, 146
Trd, 000054.417, 146
Trd, 000054.433, 146
Trd, 000054.467, 147
Trd, 000054.667, 148
Trd, 000055.000, 143.0
Trd, 000055.250, 145
Trd, 000055.517, 146
Trd, 000055.850, 143
Trd, 000056.183, 146
Trd, 000057.300, 146
Trd, 000058.267, 143
Trd, 000058.717, 141
Trd, 000058.967, 145.0
Trd, 000059.750, 141
Trd, 000059.850, 143
Trd, 000060.317, 142
Trd, 000060.717, 142
Trd, 000060.750, 144
Trd, 000061.183, 145.0
Trd, 000061.733, 146.0
Trd, 000061.883, 148.0
Trd, 000062.117, 145
Trd, 000063.050, 155.0
Trd, 000063.350, 146
Trd, 000063.617, 147
Trd, 000063.967, 145
Trd, 000064.867, 152
Trd, 000065.483, 155.0
Trd, 000065.717, 151
Trd, 000067.867, 151.0
Trd, 000068.150, 150
Trd, 000068.550, 152
Trd, 000070.050, 151
Trd, 000070.167, 151
Trd, 000070.600, 151
Trd, 000071.200, 149
Trd, 000071.217, 150
Trd, 000071.517, 150
Trd, 000071.750, 151
Trd, 000072.017, 155.0
Trd, 000072.467, 149
Trd, 000072.917, 149
Trd, 000073.017, 147
Trd, 000073.183, 155.0
Trd, 000074.700, 151
Trd, 000074.883, 149
Trd, 000075.517, 148
Trd, 000075.817, 148.0
Trd, 000075.917, 150
Trd, 000076.400, 147
Trd, 000077.450, 145
Trd, 000077.517, 149
Trd, 000077.650, 151
Trd, 000078.033, 149
Trd, 000079.717, 144
Trd, 000079.883, 147
Trd, 000080.600, 146
Trd, 000080.650, 146.0
Trd, 000080.800, 147.0
Trd, 000080.950, 144
Trd, 000082.050, 142
Trd, 000083.350, 143
Trd, 000083.433, 142
Trd, 000083.783, 146
Trd, 000084.200, 145
Trd, 000084.367, 148.0
Trd, 000085.400, 144
Trd, 000085.667, 144
Trd, 000085.883, 145
Trd, 000085.933, 146
Trd, 000086.183, 148.0
Trd, 000086.433, 148
Trd, 000086.800, 142.0
Trd, 000087.067, 142
Trd, 000087.500, 141.0
Trd, 000087.533, 149
Trd, 000088.283, 150
Trd, 000088.433, 154.0
Trd, 000088.750, 149
Trd, 000090.567, 150
Trd, 000091.783, 142
Trd, 000092.333, 141.0
Trd, 000093.450, 145
Trd, 000093.800, 144
Trd, 000094.083, 144
Trd, 000095.017, 146
Trd, 000095.333, 145
Trd, 000096.100, 148
Trd, 000097.283, 145.0
Trd, 000098.383, 145.0
Trd, 000098.917, 143
Trd, 000099.067, 141
Trd, 000099.583, 146
Trd, 000100.167, 141.0
Trd, 000100.467, 143
Trd, 000100.683, 145
Trd, 000102.117, 141
Trd, 000102.333, 143
Trd, 000103.400, 141
Trd, 000103.783, 142
Trd, 000104.133, 143
Trd, 000104.200, 140
Trd, 000104.617, 141
Trd, 000105.350, 148.0
Trd, 000106.250, 147
Trd, 000106.617, 146
Trd, 000106.800, 146
Trd, 000107.150, 145
Trd, 000107.250, 146
Trd, 000107.350, 148
Trd, 000108.683, 148.0
Trd, 000109.917, 145
Trd, 000110.017, 143
Trd, 000110.517, 143
Trd, 000112.067, 144
Trd, 000112.333, 146
Trd, 000112.617, 146
Trd, 000113.433, 148
Trd, 000113.917, 147
Trd, 000114.700, 147
Trd, 000115.667, 144
Trd, 000115.867, 144
Trd, 000115.950, 146
Trd, 000116.817, 145
Trd, 000116.917, 144
Trd, 000117.550, 144
Trd, 000117.650, 147.0
Trd, 000117.700, 142
Trd, 000117.867, 148.0
Trd, 000118.450, 124
Trd, 000118.567, 146
Trd, 000119.683, 140
Trd, 000120.900, 141
Trd, 000121.083, 151
Trd, 000122.017, 145
Trd, 000122.417, 145
Trd, 000122.583, 141.0
Trd, 000123.800, 151
Trd, 000123.833, 152.0
Trd, 000124.200, 151
Trd, 000124.317, 151
Trd, 000124.900, 154.0
Trd, 000125.450, 155.0
Trd, 000126.117, 154
Trd, 000126.333, 150
Trd, 000126.450, 153
Trd, 000126.917, 150
Trd, 000127.900, 149
Trd, 000128.550, 151
Trd, 000129.167, 151
Trd, 000129.517, 152
Trd, 000129.633, 152
Trd, 000129.883, 151
Trd, 000130.200, 154
Trd, 000130.250, 155.0
Trd, 000131.217, 150
Trd, 000131.650, 150
Trd, 000131.750, 151
Trd, 000131.967, 154
Trd, 000133.367, 150
Trd, 000133.900, 149
Trd, 000134.500, 141.0
Trd, 000134.717, 148.0
Trd, 000134.967, 147
Trd, 000135.383, 148
Trd, 000136.133, 145
Trd, 000136.233, 144
Trd, 000136.583, 142
Trd, 000136.717, 146
Trd, 000137.300, 143
Trd, 000138.583, 140
Trd, 000138.883, 141
Trd, 000138.950, 141.0
Trd, 000139.850, 141
Trd, 000140.183, 139
Trd, 000141.450, 141.0
Trd, 000142.883, 142
Trd, 000143.283, 143
Trd, 000143.483, 144
Trd, 000143.683, 142
Trd, 000144.583, 141
Trd, 000144.650, 143
Trd, 000144.867, 144
Trd, 000146.267, 140
Trd, 000147.617, 140
Trd, 000147.833, 139
Trd, 000148.167, 139.0
Trd, 000148.317, 141.0
Trd, 000149.067, 140
Trd, 000149.600, 140
Trd, 000150.300, 141.0
Trd, 000151.617, 143
Trd, 000151.717, 145
Trd, 000151.883, 141
Trd, 000152.367, 141
Trd, 000153.317, 146.0
Trd, 000153.533, 146.0
Trd, 000154.267, 144
Trd, 000154.617, 151
Trd, 000155.683, 143
Trd, 000155.983, 144
Trd, 000156.083, 142
Trd, 000156.617, 145
Trd, 000156.950, 144
Trd, 000157.083, 141.0
Trd, 000158.333, 144
Trd, 000159.317, 147.0
Trd, 000160.283, 146
Trd, 000161.067, 146.0
Trd, 000161.650, 146
Trd, 000161.800, 146
Trd, 000162.600, 148.0
Trd, 000162.800, 151
Trd, 000163.300, 169
Trd, 000163.467, 171
Trd, 000163.717, 160
Trd, 000164.000, 159
Trd, 000165.167, 162
Trd, 000165.467, 163
Trd, 000166.050, 157
Trd, 000166.617, 161
Trd, 000166.850, 159
Trd, 000167.483, 157
Trd, 000167.733, 157
Trd, 000168.367, 154
Trd, 000168.850, 156
Trd, 000169.483, 155
Trd, 000169.700, 155
Trd, 000169.800, 154
Trd, 000169.933, 151.0
Trd, 000170.500, 157
Trd, 000171.183, 154.0
Trd, 000171.583, 154
Trd, 000171.850, 155
Trd, 000172.600, 151
Trd, 000173.100, 151
Trd, 000173.283, 151
Trd, 000174.850, 149
Trd, 000175.317, 149
Trd, 000175.383, 147
Trd, 000175.500, 141.0
Trd, 000175.583, 136
Trd, 000176.050, 141
Trd, 000176.400, 141
Trd, 000176.867, 140
Trd, 000177.567, 141.0
Trd, 000178.133, 141
Trd, 000178.800, 148.0
Trd, 000179.033, 143
Trd, 000179.067, 139
Trd, 000180.867, 144
Trd, 000181.200, 143
Trd, 000181.800, 143
Trd, 000182.200, 143
Trd, 000182.450, 143
Trd, 000183.233, 144
Trd, 000184.900, 144.0
Trd, 000185.200, 143
Trd, 000186.050, 144
Trd, 000186.367, 143
Trd, 000186.500, 142
Trd, 000187.033, 142
Trd, 000187.067, 143
Trd, 000187.083, 144
Trd, 000187.100, 148.0
Trd, 000187.900, 141.0
Trd, 000189.233, 143
Trd, 000190.633, 143
Trd, 000190.867, 151
Trd, 000191.733, 144
Trd, 000191.867, 143
Trd, 000191.917, 142
Trd, 000192.450, 143
Trd, 000192.583, 145
Trd, 000192.733, 143
Trd, 000192.750, 145
Trd, 000192.850, 148.0
Trd, 000193.167, 152
Trd, 000193.550, 141.0
Trd, 000193.833, 151
Trd, 000194.983, 145
Trd, 000195.067, 147
Trd, 000196.933, 145
Trd, 000197.133, 147
Trd, 000197.167, 146
Trd, 000197.300, 146
Trd, 000197.533, 147
Trd, 000197.683, 145
Trd, 000198.017, 147
Trd, 000199.200, 145
Trd, 000199.617, 145
Trd, 000199.733, 146
Trd, 000200.400, 146
Trd, 000201.017, 147
Trd, 000201.533, 147
Trd, 000202.483, 147
Trd, 000203.633, 147
Trd, 000204.400, 150
Trd, 000204.633, 149
Trd, 000205.150, 146
Trd, 000205.200, 146
Trd, 000205.267, 148.0
Trd, 000205.933, 144
Trd, 000206.367, 148
Trd, 000206.450, 146
Trd, 000206.517, 155.0
Trd, 000207.450, 168
Trd, 000208.317, 158
Trd, 000209.000, 173
Trd, 000209.983, 169
Trd, 000210.100, 168.0
Trd, 000210.300, 168
Trd, 000210.700, 165
Trd, 000211.283, 161
Trd, 000211.300, 162
Trd, 000211.333, 162
Trd, 000211.383, 154
Trd, 000211.517, 155.0
Trd, 000211.650, 155
Trd, 000213.100, 155
Trd, 000213.333, 141.0
Trd, 000213.500, 172.0
Trd, 000213.917, 172
Trd, 000214.650, 154
Trd, 000214.800, 124.0
Trd, 000215.100, 154
Trd, 000215.333, 155.0
Trd, 000215.950, 148.0
Trd, 000216.517, 150
Trd, 000216.867, 150
Trd, 000217.150, 149
Trd, 000218.050, 148
Trd, 000219.317, 147
Trd, 000220.767, 147.0
Trd, 000220.883, 148.0
Trd, 000221.067, 148
Trd, 000221.217, 148
Trd, 000222.183, 148
Trd, 000222.417, 150
Trd, 000222.550, 150
Trd, 000223.333, 147
Trd, 000223.467, 155.0
Trd, 000223.900, 168
Trd, 000223.967, 148.0
Trd, 000224.733, 150
Trd, 000225.683, 149
Trd, 000226.150, 148
Trd, 000226.200, 150
Trd, 000226.383, 150
Trd, 000226.700, 151
Trd, 000226.883, 146
Trd, 000227.933, 145
Trd, 000228.200, 141.0
Trd, 000228.767, 144
Trd, 000229.450, 142
Trd, 000229.717, 142
Trd, 000230.000, 143
Trd, 000230.500, 143
Trd, 000230.750, 144
Trd, 000232.333, 143.0
Trd, 000232.367, 144
Trd, 000232.433, 140
Trd, 000232.733, 125.0
Trd, 000232.800, 145
Trd, 000233.567, 141.0
Trd, 000236.850, 136
Trd, 000236.967, 139.0
Trd, 000237.050, 140.0
Trd, 000237.383, 148.0
Trd, 000237.767, 151
Trd, 000238.217, 144
Trd, 000238.900, 140
Trd, 000239.083, 140
Trd, 000239.283, 142
Trd, 000239.400, 143
Trd, 000239.483, 142
Trd, 000239.933, 142
Trd, 000240.117, 143
Trd, 000240.467, 145
Trd, 000240.783, 141
Trd, 000240.867, 147.0
Trd, 000240.950, 148.0
Trd, 000242.017, 152
Trd, 000242.583, 151.0
Trd, 000242.700, 149.0
Trd, 000243.517, 149.0
Trd, 000244.583, 149
Trd, 000244.683, 150
Trd, 000244.750, 152
Trd, 000244.867, 148
Trd, 000245.683, 155.0
Trd, 000245.933, 148.0
Trd, 000246.867, 153
Trd, 000247.400, 154
Trd, 000248.183, 157
Trd, 000248.550, 161
Trd, 000248.700, 160
Trd, 000248.733, 162
Trd, 000249.117, 164
Trd, 000250.017, 162
Trd, 000250.150, 161
Trd, 000250.867, 161
Trd, 000250.967, 151.0
Trd, 000251.033, 163
Trd, 000251.450, 148
Trd, 000251.467, 144.0
Trd, 000251.567, 164
Trd, 000252.650, 157
Trd, 000252.683, 148
Trd, 000253.200, 157
Trd, 000253.217, 148
Trd, 000253.350, 158
Trd, 000255.150, 149.0
Trd, 000255.883, 152
Trd, 000256.017, 150
Trd, 000256.167, 151
Trd, 000256.317, 153
Trd, 000256.917, 153
Trd, 000256.983, 151
Trd, 000257.950, 150
Trd, 000258.050, 152
Trd, 000258.567, 152.0
Trd, 000258.667, 152.0
Trd, 000259.050, 150
Trd, 000259.067, 152
Trd, 000259.950, 157.0
Trd, 000260.533, 154
Trd, 000261.717, 154
Trd, 000261.733, 155.0
Trd, 000262.133, 156
Trd, 000262.367, 157
Trd, 000263.017, 156
Trd, 000263.633, 156
Trd, 000263.817, 158.0
Trd, 000264.350, 152
Trd, 000264.433, 161.0
Trd, 000265.400, 154
Trd, 000265.600, 158
Trd, 000265.833, 157
Trd, 000266.533, 156
Trd, 000266.583, 151.0
Trd, 000267.300, 148.0
Trd, 000267.517, 152
Trd, 000268.833, 152
Trd, 000269.150, 151
Trd, 000269.250, 150
Trd, 000269.667, 157.0
Trd, 000270.250, 144.0
Trd, 000271.483, 147
Trd, 000271.567, 149
Trd, 000272.100, 148
Trd, 000272.150, 149
Trd, 000272.550, 150
Trd, 000272.833, 150
Trd, 000272.850, 149
Trd, 000273.117, 151
Trd, 000273.183, 151
Trd, 000273.650, 153.0
Trd, 000274.233, 150
Trd, 000275.200, 155.0
Trd, 000275.250, 150
Trd, 000275.533, 158.0
Trd, 000275.600, 162.0
Trd, 000276.550, 149
Trd, 000276.700, 156
Trd, 000277.117, 148.0
Trd, 000277.817, 154
Trd, 000278.050, 154
Trd, 000278.150, 156
Trd, 000279.717, 153
Trd, 000280.083, 150
Trd, 000280.100, 152
Trd, 000280.500, 152
Trd, 000280.733, 152
Trd, 000280.783, 153
Trd, 000280.800, 150
Trd, 000281.717, 153
Trd, 000281.800, 150
Trd, 000281.850, 150
Trd, 000283.383, 149
Trd, 000283.433, 148.0
Trd, 000283.533, 151
Trd, 000284.267, 148
Trd, 000284.733, 153
Trd, 000284.817, 155.0
Trd, 000285.133, 154
Trd, 000285.183, 156
Trd, 000285.267, 162.0
Trd, 000285.617, 160
Trd, 000285.817, 149
Trd, 000285.950, 148.0
Trd, 000287.167, 151
Trd, 000287.233, 154.0
Trd, 000287.600, 151
Trd, 000287.650, 152
Trd, 000287.817, 151
Trd, 000288.917, 152
Trd, 000289.000, 150
Trd, 000289.467, 150
Trd, 000290.050, 149
Trd, 000290.300, 151
Trd, 000290.433, 152
Trd, 000290.450, 148
Trd, 000290.967, 147
Trd, 000291.433, 152
Trd, 000291.450, 153
Trd, 000292.117, 148.0
Trd, 000292.267, 153
Trd, 000292.883, 155.0
Trd, 000293.183, 148.0
Trd, 000293.200, 154
Trd, 000293.817, 157.0
Trd, 000294.167, 158.0
Trd, 000294.383, 161.0
Trd, 000294.967, 151
Trd, 000295.200, 156
Trd, 000295.583, 162.0
Trd, 000296.000, 161
Trd, 000296.133, 152
Trd, 000296.317, 168
Trd, 000297.000, 152
Trd, 000297.217, 151.0
Trd, 000297.350, 151
Trd, 000297.783, 155.0
Trd, 000298.300, 150
Trd, 000298.350, 150
Trd, 000298.717, 158
Trd, 000298.767, 158
