Trd, 000000.817, 158.0
Trd, 000002.033, 155.0
Trd, 000002.117, 144
Trd, 000003.250, 160.0
Trd, 000003.283, 161.0
Trd, 000003.817, 152.0
Trd, 000003.833, 151.0
Trd, 000004.567, 150
Trd, 000004.717, 158.0
Trd, 000005.233, 162.0
Trd, 000006.150, 150
Trd, 000008.467, 146
Trd, 000009.200, 148
Trd, 000009.367, 148
Trd, 000009.700, 147
Trd, 000010.250, 148.0
Trd, 000010.333, 149.0
Trd, 000011.800, 149
Trd, 000012.317, 149
Trd, 000013.150, 148.0
Trd, 000013.300, 149
Trd, 000013.633, 149
Trd, 000014.417, 147
Trd, 000015.683, 149
Trd, 000015.783, 149
Trd, 000015.883, 146
Trd, 000016.750, 146
Trd, 000017.267, 148
Trd, 000017.550, 148
Trd, 000017.683, 148
Trd, 000018.300, 147
Trd, 000019.300, 147
Trd, 000019.367, 148.0
Trd, 000020.333, 150
Trd, 000020.983, 149
Trd, 000021.117, 146
Trd, 000021.550, 148
Trd, 000021.850, 145
Trd, 000022.667, 142
Trd, 000023.183, 146
Trd, 000023.317, 147
Trd, 000023.833, 146
Trd, 000024.267, 147
Trd, 000024.617, 149
Trd, 000025.733, 148
Trd, 000026.183, 149
Trd, 000026.583, 148
Trd, 000026.833, 150.0
Trd, 000028.483, 148.0
Trd, 000029.217, 148
Trd, 000029.283, 149
Trd, 000029.583, 149
Trd, 000029.917, 149
Trd, 000030.983, 151
Trd, 000031.250, 151.0
Trd, 000032.400, 151
Trd, 000032.450, 151.0
Trd, 000032.467, 158.0
Trd, 000032.600, 148
Trd, 000032.617, 162.0
Trd, 000032.650, 148
Trd, 000033.967, 147
Trd, 000034.283, 147
Trd, 000034.583, 148
Trd, 000034.683, 151
Trd, 000034.833, 146
Trd, 000035.367, 144
Trd, 000035.750, 150
Trd, 000035.917, 161
Trd, 000037.033, 143
Trd, 000037.650, 157.0
Trd, 000038.050, 156.0
Trd, 000038.617, 158.0
Trd, 000040.000, 152.0
Trd, 000040.283, 155
Trd, 000041.917, 154
Trd, 000042.000, 153.0
Trd, 000042.450, 152
Trd, 000042.583, 151
Trd, 000042.983, 153
Trd, 000043.017, 151.0
Trd, 000043.233, 151
Trd, 000043.517, 151
Trd, 000044.400, 150
Trd, 000045.867, 149
Trd, 000045.967, 137.0
Trd, 000046.400, 150
Trd, 000046.417, 152
Trd, 000048.217, 146
Trd, 000048.283, 150
Trd, 000049.950, 150
Trd, 000050.183, 149
Trd, 000051.050, 148
Trd, 000051.150, 148.0
Trd, 000051.933, 149.0
Trd, 000052.117, 148
Trd, 000052.500, 150
Trd, 000052.633, 151.0
Trd, 000052.733, 150
Trd, 000053.183, 148
Trd, 000053.283, 153
Trd, 000053.767, 149
Trd, 000056.033, 149
Trd, 000056.333, 148
Trd, 000056.433, 150
Trd, 000056.517, 153
Trd, 000056.550, 148
Trd, 000056.817, 148
Trd, 000058.717, 150
Trd, 000059.133, 148
Trd, 000059.567, 148
Trd, 000060.100, 149
Trd, 000060.233, 149
Trd, 000061.467, 149
Trd, 000062.133, 149.0
Trd, 000063.983, 148.0
Trd, 000064.167, 150
Trd, 000064.350, 147
Trd, 000064.450, 146
Trd, 000064.617, 148
Trd, 000064.650, 151
Trd, 000064.717, 151.0
Trd, 000065.217, 155.0
Trd, 000065.633, 147
Trd, 000066.083, 155.0
Trd, 000066.467, 152
Trd, 000067.667, 151.0
Trd, 000068.833, 153
Trd, 000069.417, 154
Trd, 000070.267, 152
Trd, 000071.017, 153
Trd, 000071.350, 151
Trd, 000072.033, 150
Trd, 000072.467, 150
Trd, 000072.633, 148
Trd, 000072.733, 153
Trd, 000073.317, 152
Trd, 000073.483, 148.0
Trd, 000073.567, 148
Trd, 000074.567, 157.0
Trd, 000075.800, 151.0
Trd, 000076.750, 150
Trd, 000077.233, 149.0
Trd, 000077.317, 149
Trd, 000077.617, 150
Trd, 000077.900, 151
Trd, 000078.000, 148
Trd, 000078.200, 148.0
Trd, 000078.217, 150.0
Trd, 000078.383, 151.0
Trd, 000079.283, 152
Trd, 000079.433, 150
Trd, 000079.567, 151
Trd, 000079.933, 148
Trd, 000081.350, 146
Trd, 000081.717, 140
Trd, 000081.783, 151
Trd, 000082.633, 145
Trd, 000083.550, 145
Trd, 000083.567, 143
Trd, 000084.617, 145
Trd, 000084.933, 145
Trd, 000085.617, 148
Trd, 000086.000, 151.0
Trd, 000086.433, 158.0
Trd, 000088.000, 157
Trd, 000088.117, 156.0
Trd, 000089.250, 161.0
Trd, 000089.267, 157
Trd, 000089.333, 155
Trd, 000089.483, 154
Trd, 000089.550, 154
Trd, 000090.667, 157.0
Trd, 000090.683, 158.0
Trd, 000092.367, 158
Trd, 000093.183, 157
Trd, 000093.517, 157
Trd, 000093.683, 159
Trd, 000093.783, 156
Trd, 000096.317, 155.0
Trd, 000096.333, 153
Trd, 000096.817, 151
Trd, 000096.967, 151.0
Trd, 000097.700, 152
Trd, 000097.883, 151.0
Trd, 000098.050, 153
Trd, 000098.683, 151
Trd, 000099.000, 150
Trd, 000099.750, 152
Trd, 000099.850, 154
Trd, 000101.033, 157.0
Trd, 000101.883, 148
Trd, 000102.500, 151.0
Trd, 000102.683, 154
Trd, 000104.517, 151
Trd, 000105.033, 151
Trd, 000105.100, 150.0
Trd, 000105.733, 151.0
Trd, 000106.250, 152
Trd, 000106.350, 148.0
Trd, 000107.100, 153
Trd, 000108.033, 150
Trd, 000108.100, 147
Trd, 000109.200, 149
Trd, 000109.500, 149
Trd, 000110.067, 150
Trd, 000110.117, 158.0
Trd, 000111.000, 150.0
Trd, 000111.217, 150.0
Trd, 000111.717, 148.0
Trd, 000111.900, 147
Trd, 000112.500, 146
Trd, 000113.900, 145
Trd, 000113.933, 147
Trd, 000113.983, 148
Trd, 000114.233, 144
Trd, 000114.333, 149
Trd, 000114.483, 151.0
Trd, 000116.017, 151.0
Trd, 000116.367, 148
Trd, 000117.183, 151.0
Trd, 000117.650, 149
Trd, 000117.900, 147
Trd, 000118.750, 146
Trd, 000118.967, 148
Trd, 000119.783, 147
Trd, 000120.450, 158.0
Trd, 000120.600, 161.0
Trd, 000121.017, 146
Trd, 000122.283, 150.0
Trd, 000123.483, 148.0
Trd, 000124.133, 146
Trd, 000124.233, 145
Trd, 000124.417, 137.0
Trd, 000125.100, 144
Trd, 000125.150, 144
Trd, 000125.933, 143
Trd, 000126.017, 144
Trd, 000127.650, 144
Trd, 000127.900, 150.0
Trd, 000128.017, 151.0
Trd, 000129.283, 158.0
Trd, 000129.433, 160.0
Trd, 000129.917, 159
Trd, 000130.317, 151.0
Trd, 000130.667, 152
Trd, 000130.867, 151
Trd, 000131.283, 151
Trd, 000131.367, 152
Trd, 000131.950, 152
Trd, 000132.367, 155.0
Trd, 000132.883, 154
Trd, 000133.033, 152
Trd, 000133.133, 150
Trd, 000133.700, 153
Trd, 000135.283, 149
Trd, 000136.000, 145
Trd, 000136.217, 139.0
Trd, 000136.617, 152
Trd, 000136.983, 149
Trd, 000137.700, 151.0
Trd, 000138.100, 145
Trd, 000138.267, 151.0
Trd, 000138.333, 155.0
Trd, 000138.383, 146
Trd, 000139.333, 150
Trd, 000139.917, 151
Trd, 000141.400, 151
Trd, 000141.633, 158.0
Trd, 000141.650, 147
Trd, 000142.150, 149.0
Trd, 000142.417, 151.0
Trd, 000144.233, 149
Trd, 000144.333, 148
Trd, 000144.767, 150
Trd, 000145.233, 150
Trd, 000145.817, 149
Trd, 000146.733, 150
Trd, 000147.483, 148
Trd, 000148.050, 147
Trd, 000148.533, 149
Trd, 000150.133, 151
Trd, 000150.517, 151
Trd, 000150.967, 151
Trd, 000151.600, 150.0
Trd, 000152.217, 150
Trd, 000153.200, 150.0
Trd, 000153.233, 151.0
Trd, 000153.900, 158.0
Trd, 000155.567, 152
Trd, 000155.717, 156
Trd, 000156.033, 152
Trd, 000156.250, 152
Trd, 000156.467, 152
Trd, 000157.733, 152
Trd, 000158.333, 148.0
Trd, 000158.950, 141
Trd, 000159.150, 142
Trd, 000159.317, 149
Trd, 000159.500, 151.0
Trd, 000160.450, 145
Trd, 000161.017, 152
Trd, 000161.550, 137.0
Trd, 000161.633, 143
Trd, 000162.083, 153
Trd, 000162.750, 151
Trd, 000163.383, 152
Trd, 000163.733, 151.0
Trd, 000164.200, 152
Trd, 000164.317, 145
Trd, 000165.533, 148
Trd, 000165.783, 148
Trd, 000166.617, 148.0
Trd, 000167.200, 147
Trd, 000168.667, 150
Trd, 000168.800, 151.0
Trd, 000168.900, 147
Trd, 000169.583, 147
Trd, 000169.850, 148
Trd, 000170.500, 150
Trd, 000170.717, 147
Trd, 000172.300, 148
Trd, 000172.467, 150
Trd, 000172.517, 152
Trd, 000173.383, 158.0
Trd, 000173.433, 151
Trd, 000173.833, 151
Trd, 000175.467, 151
Trd, 000175.517, 151
Trd, 000176.233, 150
Trd, 000176.550, 151
Trd, 000176.933, 150
Trd, 000177.717, 150
Trd, 000177.833, 149
Trd, 000177.900, 150
Trd, 000178.183, 148.0
Trd, 000178.333, 150
Trd, 000178.833, 137.0
Trd, 000179.117, 149
Trd, 000179.967, 149
Trd, 000180.083, 141
Trd, 000180.667, 147
Trd, 000181.100, 149
Trd, 000181.550, 143
Trd, 000181.617, 149
Trd, 000182.217, 151.0
Trd, 000182.817, 150
Trd, 000183.150, 155.0
Trd, 000184.383, 152
Trd, 000184.700, 153.0
Trd, 000186.217, 154
Trd, 000186.283, 148.0
Trd, 000186.733, 152
Trd, 000187.100, 152
Trd, 000187.183, 151.0
Trd, 000187.217, 153
Trd, 000187.850, 148
Trd, 000188.933, 146
Trd, 000189.283, 157.0
Trd, 000190.517, 152
Trd, 000190.800, 151.0
Trd, 000191.167, 151
Trd, 000192.183, 150
Trd, 000192.783, 151
Trd, 000193.467, 149
Trd, 000194.717, 149
Trd, 000195.133, 150
Trd, 000195.250, 150
Trd, 000196.100, 151.0
Trd, 000196.183, 162.0
Trd, 000196.433, 151.0
Trd, 000196.700, 152
Trd, 000197.683, 151
Trd, 000197.733, 152
Trd, 000198.400, 148.0
Trd, 000198.667, 152
Trd, 000198.900, 153
Trd, 000201.133, 152
Trd, 000201.233, 151.0
Trd, 000201.400, 153
Trd, 000203.150, 151
Trd, 000203.250, 151
Trd, 000203.483, 150
Trd, 000204.217, 151.0
Trd, 000205.383, 150
Trd, 000205.417, 149
Trd, 000205.517, 151
Trd, 000205.917, 148
Trd, 000206.033, 152
Trd, 000208.000, 148
Trd, 000209.067, 147
Trd, 000209.150, 149
Trd, 000209.600, 158.0
Trd, 000209.883, 150
Trd, 000209.917, 150.0
Trd, 000210.283, 149
Trd, 000211.400, 149
Trd, 000211.600, 149
Trd, 000211.983, 150
Trd, 000212.133, 148
Trd, 000212.500, 157
Trd, 000212.683, 158.0
Trd, 000212.700, 142
Trd, 000213.567, 148
Trd, 000213.783, 137.0
Trd, 000214.100, 123
Trd, 000215.117, 136
Trd, 000215.383, 133
Trd, 000215.883, 134
Trd, 000216.350, 136
Trd, 000216.967, 137
Trd, 000217.483, 137
Trd, 000218.400, 136
Trd, 000218.583, 137
Trd, 000218.967, 136
Trd, 000220.350, 138
Trd, 000220.617, 146.0
Trd, 000220.683, 147.0
Trd, 000220.883, 146
Trd, 000221.100, 151.0
Trd, 000221.517, 157.0
Trd, 000222.383, 151.0
Trd, 000223.250, 158.0
Trd, 000224.217, 157
Trd, 000224.233, 158
Trd, 000224.633, 157.0
Trd, 000224.733, 156.0
Trd, 000225.083, 155.0
Trd, 000225.467, 155
Trd, 000226.333, 157
Trd, 000226.783, 154
Trd, 000227.483, 153
Trd, 000228.283, 154
Trd, 000228.800, 154
Trd, 000229.817, 153
Trd, 000230.150, 152
Trd, 000230.450, 152
Trd, 000230.600, 151
Trd, 000231.117, 152.0
Trd, 000231.283, 151.0
Trd, 000231.450, 149
Trd, 000232.217, 149
Trd, 000232.983, 150
Trd, 000233.167, 149
Trd, 000233.983, 137.0
Trd, 000234.633, 143
Trd, 000234.833, 143
Trd, 000235.333, 142
Trd, 000235.483, 138.0
Trd, 000235.733, 140
Trd, 000236.067, 141
Trd, 000236.583, 142
Trd, 000236.767, 165.0
Trd, 000237.417, 142
Trd, 000237.650, 144
Trd, 000237.800, 145
Trd, 000238.267, 155.0
Trd, 000238.433, 158.0
Trd, 000238.867, 182
Trd, 000238.983, 151.0
Trd, 000239.333, 152
Trd, 000240.633, 152
Trd, 000241.017, 154
Trd, 000241.100, 153
Trd, 000241.350, 154
Trd, 000241.500, 155
Trd, 000241.583, 151
Trd, 000242.033, 151
Trd, 000242.117, 153
Trd, 000242.550, 150
Trd, 000242.633, 148.0
Trd, 000243.233, 151.0
Trd, 000244.267, 150
Trd, 000244.600, 149
Trd, 000244.783, 150
Trd, 000245.067, 148
Trd, 000245.133, 148
Trd, 000245.167, 147
Trd, 000245.950, 147
Trd, 000246.700, 147
Trd, 000247.550, 145
Trd, 000247.733, 148.0
Trd, 000247.900, 146
Trd, 000248.000, 147
Trd, 000248.200, 148
Trd, 000248.617, 148.0
Trd, 000248.700, 150.0
Trd, 000249.367, 151.0
Trd, 000249.817, 150
Trd, 000249.950, 148
Trd, 000250.467, 155.0
Trd, 000251.100, 148
Trd, 000252.083, 151.0
Trd, 000252.117, 145
Trd, 000252.283, 141.0
Trd, 000252.683, 152
Trd, 000253.867, 148
Trd, 000254.433, 147.0
Trd, 000254.550, 147
Trd, 000254.650, 146
Trd, 000254.833, 147
Trd, 000254.950, 144
Trd, 000255.000, 148.0
Trd, 000255.783, 143
Trd, 000256.650, 141.0
Trd, 000256.817, 143
Trd, 000256.867, 144
Trd, 000257.333, 142.0
Trd, 000257.833, 143.0
Trd, 000258.167, 140
Trd, 000258.417, 144.0
Trd, 000258.517, 141.0
Trd, 000258.983, 144
Trd, 000259.200, 145
Trd, 000260.950, 140
Trd, 000261.150, 140
Trd, 000261.367, 139
Trd, 000261.483, 138.0
Trd, 000261.650, 140
Trd, 000261.667, 144.0
Trd, 000261.883, 137.0
Trd, 000262.767, 131
Trd, 000263.633, 138
Trd, 000263.750, 135
Trd, 000263.933, 139
Trd, 000264.350, 147.0
Trd, 000264.550, 148.0
Trd, 000264.683, 151.0
Trd, 000265.483, 144
Trd, 000265.867, 143
Trd, 000266.467, 144.0
Trd, 000267.417, 145
Trd, 000267.433, 148
Trd, 000267.467, 155.0
Trd, 000267.517, 158.0
Trd, 000268.083, 163.0
Trd, 000269.000, 158
Trd, 000269.317, 155.0
Trd, 000269.650, 154
Trd, 000269.683, 154
Trd, 000270.083, 159.0
Trd, 000270.283, 160
Trd, 000270.950, 153
Trd, 000271.000, 153
Trd, 000271.167, 151.0
Trd, 000271.650, 155
Trd, 000271.917, 154
Trd, 000272.583, 153
Trd, 000272.817, 153
Trd, 000273.100, 141.0
Trd, 000274.200, 152
Trd, 000274.400, 148
Trd, 000274.800, 153
Trd, 000275.533, 150.0
Trd, 000275.683, 151
Trd, 000275.950, 149
Trd, 000276.367, 151
Trd, 000276.617, 151
Trd, 000276.717, 151
Trd, 000276.783, 150.0
Trd, 000277.467, 148.0
Trd, 000277.650, 154
Trd, 000278.500, 151.0
Trd, 000278.767, 151
Trd, 000278.950, 154.0
Trd, 000279.250, 154
Trd, 000279.700, 150
Trd, 000280.233, 149
Trd, 000280.600, 152
Trd, 000281.000, 146
Trd, 000281.333, 151
Trd, 000282.150, 150
Trd, 000282.200, 151
Trd, 000282.250, 151
Trd, 000282.617, 151
Trd, 000283.067, 155.0
Trd, 000283.317, 148.0
Trd, 000284.750, 148.0
Trd, 000284.933, 148.0
Trd, 000285.767, 147
Trd, 000285.900, 148.0
Trd, 000285.933, 149
Trd, 000286.267, 148
Trd, 000287.000, 152
Trd, 000287.050, 151.0
Trd, 000287.117, 147
Trd, 000287.133, 144
Trd, 000287.167, 153
Trd, 000288.633, 144.0
Trd, 000288.650, 151.0
Trd, 000288.667, 155
Trd, 000289.317, 151
Trd, 000290.333, 146
Trd, 000290.433, 155.0
Trd, 000290.450, 145
Trd, 000291.100, 146
Trd, 000291.350, 148.0
Trd, 000292.300, 149
Trd, 000292.400, 148
Trd, 000292.500, 150
Trd, 000292.583, 148
Trd, 000292.650, 147
Trd, 000293.217, 150
Trd, 000293.583, 145
Trd, 000295.500, 146
Trd, 000296.283, 142.0
Trd, 000296.450, 145
Trd, 000296.633, 146
Trd, 000297.250, 146
Trd, 000297.583, 143
Trd, 000298.333, 142
Trd, 000298.667, 146
Trd, 000299.200, 141.0
Trd, 000299.383, 142
Trd, 000299.417, 140
Trd, 000299.433, 139
Trd, 000299.850, 142.0
