Trd, 000002.733, 106.0
Trd, 000002.800, 118
Trd, 000002.950, 137.0
Trd, 000002.967, 144
Trd, 000003.583, 151.0
Trd, 000004.167, 150
Trd, 000005.233, 144
Trd, 000005.700, 142
Trd, 000005.867, 155.0
Trd, 000005.983, 158
Trd, 000008.050, 156.0
Trd, 000008.133, 155.0
Trd, 000008.150, 149
Trd, 000008.283, 142
Trd, 000008.983, 156.0
Trd, 000009.583, 149
Trd, 000009.783, 151.0
Trd, 000011.383, 155.0
Trd, 000011.783, 149
Trd, 000012.267, 148
Trd, 000012.633, 148.0
Trd, 000012.700, 148
Trd, 000013.100, 153
Trd, 000013.133, 153
Trd, 000013.317, 151.0
Trd, 000014.283, 150
Trd, 000015.617, 150
Trd, 000016.217, 151.0
Trd, 000016.617, 149
Trd, 000016.883, 149
Trd, 000017.150, 149
Trd, 000017.450, 148
Trd, 000018.183, 152
Trd, 000019.467, 151
Trd, 000019.700, 148.0
Trd, 000020.933, 150
Trd, 000021.250, 150
Trd, 000021.433, 149
Trd, 000022.050, 158
Trd, 000022.083, 149
Trd, 000022.367, 165.0
Trd, 000023.083, 162.0
Trd, 000023.133, 157
Trd, 000024.833, 160
Trd, 000024.983, 161
Trd, 000025.050, 157
Trd, 000025.267, 162
Trd, 000027.017, 162
Trd, 000027.083, 162
Trd, 000027.700, 161
Trd, 000028.800, 162.0
Trd, 000029.000, 161
Trd, 000029.283, 162.0
Trd, 000029.417, 163
Trd, 000029.633, 164
Trd, 000030.967, 161
Trd, 000031.233, 160
Trd, 000031.617, 162
Trd, 000032.083, 160
Trd, 000032.133, 155
Trd, 000032.450, 148.0
Trd, 000032.750, 162
Trd, 000032.950, 143
Trd, 000033.700, 160
Trd, 000034.367, 159
Trd, 000034.550, 151
Trd, 000034.583, 149
Trd, 000035.750, 153
Trd, 000036.033, 158
Trd, 000036.800, 148.0
Trd, 000037.233, 155.0
Trd, 000037.533, 158
Trd, 000037.767, 140
Trd, 000037.800, 137.0
Trd, 000038.233, 131.0
Trd, 000038.667, 156
Trd, 000038.900, 151.0
Trd, 000039.267, 153
Trd, 000040.067, 146
Trd, 000041.417, 151
Trd, 000041.850, 150
Trd, 000042.183, 155.0
Trd, 000042.517, 158
Trd, 000042.867, 165.0
Trd, 000043.817, 152
Trd, 000044.033, 153
Trd, 000044.483, 154
Trd, 000045.150, 155
Trd, 000045.383, 153
Trd, 000045.583, 157
Trd, 000046.450, 155.0
Trd, 000048.167, 155
Trd, 000048.250, 154
Trd, 000048.800, 155
Trd, 000049.150, 157
Trd, 000049.183, 153
Trd, 000049.217, 153
Trd, 000049.233, 151
Trd, 000049.550, 148.0
Trd, 000050.350, 141
Trd, 000050.567, 142
Trd, 000051.150, 155.0
Trd, 000051.667, 149
Trd, 000051.817, 143
Trd, 000052.533, 141
Trd, 000053.250, 141
Trd, 000053.417, 149.0
Trd, 000053.533, 148.0
Trd, 000053.817, 150
Trd, 000054.450, 144
Trd, 000054.500, 151.0
Trd, 000056.083, 152.0
Trd, 000056.783, 147
Trd, 000057.650, 156
Trd, 000057.683, 147
Trd, 000058.000, 148
Trd, 000058.433, 158
Trd, 000058.867, 150
Trd, 000059.417, 151.0
Trd, 000059.433, 150
Trd, 000060.767, 152
Trd, 000060.783, 149
Trd, 000061.033, 148.0
Trd, 000061.067, 143
Trd, 000062.217, 137.0
Trd, 000062.300, 132.0
Trd, 000062.400, 158
Trd, 000063.450, 148.0
Trd, 000064.233, 140
Trd, 000064.917, 140
Trd, 000065.750, 141
Trd, 000065.767, 144
Trd, 000065.883, 140
Trd, 000065.917, 138
Trd, 000066.150, 155.0
Trd, 000067.050, 149
Trd, 000067.617, 142
Trd, 000067.817, 151.0
Trd, 000069.033, 143
Trd, 000069.617, 142
Trd, 000069.750, 141
Trd, 000070.133, 149
Trd, 000070.317, 148.0
Trd, 000070.567, 149
Trd, 000070.950, 151.0
Trd, 000071.167, 155.0
Trd, 000071.433, 158
Trd, 000071.717, 155.0
Trd, 000071.950, 155
Trd, 000072.450, 154
Trd, 000072.800, 143
Trd, 000073.217, 140
Trd, 000073.800, 135.0
Trd, 000075.550, 145
Trd, 000075.633, 155
Trd, 000076.800, 152
Trd, 000076.833, 153
Trd, 000077.033, 148.0
Trd, 000077.500, 148
Trd, 000077.900, 149.0
Trd, 000078.133, 151.0
Trd, 000078.283, 153
Trd, 000079.917, 147
Trd, 000080.033, 154
Trd, 000080.250, 146
Trd, 000080.800, 146
Trd, 000081.533, 150
Trd, 000082.117, 148.0
Trd, 000082.333, 147
Trd, 000083.217, 146
Trd, 000083.917, 151
Trd, 000084.150, 145
Trd, 000084.633, 149.0
Trd, 000085.133, 151.0
Trd, 000085.283, 155.0
Trd, 000085.733, 152
Trd, 000086.650, 146
Trd, 000088.017, 146
Trd, 000088.267, 145
Trd, 000088.517, 143
Trd, 000089.517, 150
Trd, 000089.850, 151
Trd, 000090.217, 154.0
Trd, 000090.283, 148
Trd, 000090.950, 145
Trd, 000091.300, 154.0
Trd, 000091.750, 149.0
Trd, 000092.483, 150.0
Trd, 000093.950, 149.0
Trd, 000094.100, 151.0
Trd, 000094.233, 155.0
Trd, 000095.267, 149
Trd, 000095.817, 150.0
Trd, 000096.533, 149.0
Trd, 000096.700, 158
Trd, 000096.850, 149
Trd, 000097.133, 165.0
Trd, 000097.333, 162.0
Trd, 000099.050, 156
Trd, 000100.117, 157
Trd, 000100.150, 155
Trd, 000100.733, 155.0
Trd, 000100.850, 154
Trd, 000100.867, 148.0
Trd, 000101.300, 154
Trd, 000101.983, 154
Trd, 000102.367, 154
Trd, 000103.000, 155.0
Trd, 000103.167, 153
Trd, 000104.267, 151.0
Trd, 000105.283, 152
Trd, 000105.950, 152
Trd, 000106.167, 153
Trd, 000106.333, 150
Trd, 000106.517, 149
Trd, 000106.550, 148.0
Trd, 000106.900, 154
Trd, 000107.883, 147
Trd, 000108.233, 142
Trd, 000109.150, 138.0
Trd, 000110.283, 149
Trd, 000111.183, 149.0
Trd, 000111.283, 148.0
Trd, 000111.433, 150.0
Trd, 000111.450, 151.0
Trd, 000111.533, 152
Trd, 000111.950, 147
Trd, 000112.167, 143
Trd, 000113.533, 151
Trd, 000113.967, 151.0
Trd, 000114.800, 150
Trd, 000115.700, 151
Trd, 000115.850, 150
Trd, 000116.083, 151
Trd, 000116.467, 149
Trd, 000117.033, 148.0
Trd, 000117.083, 157
Trd, 000117.833, 157
Trd, 000118.567, 147
Trd, 000118.583, 142
Trd, 000118.867, 155.0
Trd, 000119.217, 157
Trd, 000120.267, 150
Trd, 000122.000, 156
Trd, 000122.500, 155
Trd, 000122.850, 154
Trd, 000123.000, 153
Trd, 000124.100, 154
Trd, 000124.983, 153
Trd, 000125.133, 152
Trd, 000125.383, 152
Trd, 000125.933, 151
Trd, 000126.033, 149
Trd, 000126.800, 164.0
Trd, 000127.283, 154.0
Trd, 000127.633, 153
Trd, 000127.667, 150.0
Trd, 000128.583, 155.0
Trd, 000128.983, 157
Trd, 000129.767, 152
Trd, 000130.383, 159
Trd, 000130.417, 148.0
Trd, 000131.567, 145
Trd, 000131.583, 156
Trd, 000131.667, 143
Trd, 000131.717, 158
Trd, 000131.833, 144
Trd, 000133.350, 142
Trd, 000133.633, 142
Trd, 000134.050, 156.0
Trd, 000134.450, 155.0
Trd, 000134.767, 151
Trd, 000135.200, 148.0
Trd, 000136.233, 151.0
Trd, 000136.267, 150
Trd, 000137.117, 152
Trd, 000137.333, 152.0
Trd, 000137.950, 150
Trd, 000139.300, 151.0
Trd, 000140.083, 149
Trd, 000140.300, 148.0
Trd, 000140.483, 152.0
Trd, 000140.650, 144
Trd, 000140.850, 153.0
Trd, 000140.983, 153
Trd, 000141.617, 144
Trd, 000141.667, 150
Trd, 000143.317, 146
Trd, 000143.433, 143
Trd, 000143.667, 151.0
Trd, 000143.783, 142
Trd, 000144.100, 153
Trd, 000146.117, 145
Trd, 000148.183, 148.0
Trd, 000148.583, 149
Trd, 000149.467, 149
Trd, 000149.583, 151
Trd, 000150.150, 155.0
Trd, 000150.367, 151.0
Trd, 000150.500, 150
Trd, 000150.783, 153
Trd, 000151.200, 158
Trd, 000151.650, 152
Trd, 000151.667, 150
Trd, 000151.783, 148.0
Trd, 000152.417, 159
Trd, 000152.850, 160
Trd, 000153.750, 153
Trd, 000153.917, 143
Trd, 000154.217, 142
Trd, 000155.267, 148.0
Trd, 000155.783, 151.0
Trd, 000156.100, 146
Trd, 000156.767, 155
Trd, 000157.217, 156
Trd, 000157.700, 153
Trd, 000157.800, 152
Trd, 000159.017, 155
Trd, 000159.617, 156
Trd, 000159.817, 155
Trd, 000159.933, 156
Trd, 000160.150, 153
Trd, 000160.417, 160
Trd, 000161.600, 155.0
Trd, 000161.850, 153
Trd, 000163.100, 155
Trd, 000163.433, 152.0
Trd, 000164.417, 153
Trd, 000164.483, 153
Trd, 000165.050, 155
Trd, 000166.033, 152
Trd, 000166.100, 149
Trd, 000166.117, 149
Trd, 000166.567, 155
Trd, 000166.617, 156
Trd, 000167.417, 154
Trd, 000167.717, 154
Trd, 000167.783, 148.0
Trd, 000168.650, 148
Trd, 000169.283, 143
Trd, 000169.883, 151.0
Trd, 000170.617, 152.0
Trd, 000171.533, 151.0
Trd, 000172.600, 146
Trd, 000172.983, 151.0
Trd, 000173.417, 145
Trd, 000173.800, 151.0
Trd, 000175.067, 146
Trd, 000175.150, 152
Trd, 000176.133, 153.0
Trd, 000178.217, 148.0
Trd, 000178.450, 149
Trd, 000178.683, 146
Trd, 000179.017, 146
Trd, 000179.517, 150.0
Trd, 000180.567, 145
Trd, 000180.767, 144
Trd, 000180.800, 147
Trd, 000180.817, 150
Trd, 000181.083, 151.0
Trd, 000181.367, 150
Trd, 000181.400, 143
Trd, 000182.517, 139
Trd, 000183.200, 150.0
Trd, 000184.567, 145
Trd, 000184.667, 143
Trd, 000184.883, 142
Trd, 000185.133, 149.0
Trd, 000185.633, 151.0
Trd, 000186.133, 143
Trd, 000186.800, 144
Trd, 000187.283, 143
Trd, 000187.867, 141
Trd, 000188.417, 149
Trd, 000189.083, 148
Trd, 000189.183, 138
Trd, 000189.267, 154
Trd, 000190.667, 140
Trd, 000191.367, 151.0
Trd, 000191.400, 140
Trd, 000191.767, 153.0
Trd, 000191.867, 155.0
Trd, 000192.783, 149.0
Trd, 000193.350, 153
Trd, 000193.667, 152
Trd, 000193.967, 152
Trd, 000194.617, 153
Trd, 000195.533, 151
Trd, 000195.550, 156
Trd, 000195.950, 151
Trd, 000196.467, 157
Trd, 000197.050, 151
Trd, 000197.450, 157
Trd, 000197.883, 158
Trd, 000198.583, 148.0
Trd, 000199.767, 156
Trd, 000199.950, 149
Trd, 000200.633, 144
Trd, 000201.167, 155.0
Trd, 000201.183, 156
Trd, 000202.433, 151.0
Trd, 000202.667, 151
Trd, 000202.850, 151
Trd, 000203.283, 147
Trd, 000203.350, 158
Trd, 000204.850, 153
Trd, 000205.333, 152
Trd, 000205.400, 159.0
Trd, 000205.800, 149.0
Trd, 000206.633, 149
Trd, 000207.350, 143
Trd, 000208.033, 131.0
Trd, 000208.050, 150
Trd, 000208.483, 150
Trd, 000208.500, 151
Trd, 000209.700, 148.0
Trd, 000210.733, 150
Trd, 000211.067, 149
Trd, 000211.300, 151.0
Trd, 000211.600, 151.0
Trd, 000213.067, 153.0
Trd, 000213.283, 149
Trd, 000213.500, 155.0
Trd, 000213.950, 148
Trd, 000214.100, 148.0
Trd, 000215.217, 148
Trd, 000216.650, 151.0
Trd, 000216.783, 153
Trd, 000217.267, 147
Trd, 000217.367, 146
Trd, 000217.883, 146
Trd, 000219.333, 150
Trd, 000219.850, 151.0
Trd, 000220.950, 148.0
Trd, 000221.217, 149
Trd, 000221.600, 147
Trd, 000222.267, 149
Trd, 000222.733, 152
Trd, 000222.883, 155.0
Trd, 000223.917, 147
Trd, 000224.600, 146
Trd, 000224.950, 156
Trd, 000225.883, 154
Trd, 000226.033, 147
Trd, 000226.367, 147
Trd, 000226.483, 155
Trd, 000227.250, 148.0
Trd, 000227.750, 145
Trd, 000228.050, 145
Trd, 000228.917, 151
Trd, 000229.267, 144
Trd, 000229.800, 143
Trd, 000230.000, 151
Trd, 000230.233, 151.0
Trd, 000232.283, 146
Trd, 000232.850, 155.0
Trd, 000232.933, 143
Trd, 000233.467, 155
Trd, 000233.850, 143
Trd, 000235.400, 148.0
Trd, 000235.783, 150
Trd, 000236.133, 146
Trd, 000236.500, 150
Trd, 000237.833, 149
Trd, 000237.983, 158
Trd, 000238.533, 148
Trd, 000239.367, 150
Trd, 000239.667, 151
Trd, 000239.900, 152
Trd, 000240.433, 157
Trd, 000240.883, 155.0
Trd, 000240.967, 156
Trd, 000241.250, 154
Trd, 000241.983, 154
Trd, 000242.233, 152
Trd, 000242.467, 152
Trd, 000242.683, 150
Trd, 000242.717, 150
Trd, 000242.933, 148.0
Trd, 000242.950, 143
Trd, 000242.983, 140
Trd, 000243.650, 138
Trd, 000243.950, 138
Trd, 000244.617, 139
Trd, 000245.550, 139.0
Trd, 000245.567, 141.0
Trd, 000246.000, 144
Trd, 000246.283, 151.0
Trd, 000246.367, 155.0
Trd, 000246.383, 145.0
Trd, 000246.400, 142.0
Trd, 000247.350, 144.0
Trd, 000247.500, 147.0
Trd, 000247.783, 145.0
Trd, 000248.183, 143
Trd, 000248.750, 142
Trd, 000249.133, 145
Trd, 000250.200, 148
Trd, 000250.367, 150.0
Trd, 000250.517, 151.0
Trd, 000250.583, 148.0
Trd, 000250.817, 155.0
Trd, 000252.050, 149
Trd, 000252.800, 150
Trd, 000252.967, 149
Trd, 000253.083, 148
Trd, 000253.500, 147
Trd, 000254.117, 150.0
Trd, 000254.333, 151.0
Trd, 000254.700, 151
Trd, 000254.800, 149
Trd, 000255.167, 155.0
Trd, 000255.233, 162.0
Trd, 000256.267, 158
Trd, 000256.467, 159
Trd, 000256.617, 158.0
Trd, 000256.950, 157
Trd, 000256.967, 156
Trd, 000257.017, 160.0
Trd, 000257.567, 154
Trd, 000257.900, 157.0
Trd, 000258.233, 153
Trd, 000258.750, 153
Trd, 000259.483, 148.0
Trd, 000259.667, 150.0
Trd, 000259.867, 147
Trd, 000260.500, 156
Trd, 000260.600, 156.0
Trd, 000260.933, 155.0
Trd, 000260.950, 148.0
Trd, 000261.367, 153
Trd, 000261.550, 143
Trd, 000262.567, 147
Trd, 000262.900, 139.0
Trd, 000263.483, 147
Trd, 000263.917, 148
Trd, 000264.233, 143
Trd, 000264.900, 147.0
Trd, 000265.250, 142.0
Trd, 000265.267, 148
Trd, 000265.450, 146.0
Trd, 000265.683, 151.0
Trd, 000266.217, 155.0
Trd, 000266.300, 143.0
Trd, 000266.633, 143
Trd, 000266.700, 146
Trd, 000267.983, 143
Trd, 000268.033, 137.0
Trd, 000268.400, 137.0
Trd, 000268.783, 143
Trd, 000268.833, 144
Trd, 000268.950, 155.0
Trd, 000269.183, 157
Trd, 000270.100, 151.0
Trd, 000270.700, 148
Trd, 000271.567, 150
Trd, 000271.633, 151
Trd, 000271.667, 149
Trd, 000272.100, 150
Trd, 000272.283, 151
Trd, 000273.433, 155.0
Trd, 000273.750, 149
Trd, 000274.300, 149
Trd, 000274.700, 148
Trd, 000274.750, 153
Trd, 000275.167, 149.0
Trd, 000275.517, 151.0
Trd, 000275.567, 148.0
Trd, 000275.783, 143
Trd, 000275.933, 137.0
Trd, 000276.350, 147
Trd, 000276.583, 148
Trd, 000277.350, 148
Trd, 000277.367, 149
Trd, 000277.733, 146
Trd, 000277.867, 151
Trd, 000277.900, 155.0
Trd, 000278.517, 148
Trd, 000279.033, 152
Trd, 000279.550, 156.0
Trd, 000279.567, 158
Trd, 000279.850, 158.0
Trd, 000279.867, 155.0
Trd, 000280.533, 156
Trd, 000280.567, 155
Trd, 000281.400, 154
Trd, 000281.833, 152
Trd, 000282.033, 161.0
Trd, 000282.217, 157.0
Trd, 000283.050, 162.0
Trd, 000283.150, 164.0
Trd, 000283.167, 158.0
Trd, 000283.450, 158
Trd, 000283.817, 156.0
Trd, 000284.133, 155.0
Trd, 000284.617, 148.0
Trd, 000284.933, 143
Trd, 000285.400, 155
Trd, 000285.467, 156
Trd, 000286.033, 162.0
Trd, 000286.367, 152
Trd, 000286.983, 153
Trd, 000287.133, 153
Trd, 000287.250, 152
Trd, 000287.967, 151.0
Trd, 000288.033, 157
Trd, 000288.533, 156
Trd, 000288.900, 156.0
Trd, 000288.933, 155.0
Trd, 000289.767, 153
Trd, 000290.017, 156
Trd, 000290.483, 148.0
Trd, 000290.900, 143
Trd, 000291.867, 154
Trd, 000292.017, 148
Trd, 000292.900, 152
Trd, 000293.500, 154
Trd, 000293.533, 155
Trd, 000293.583, 165.0
Trd, 000294.200, 156
Trd, 000294.617, 155.0
Trd, 000294.833, 142
Trd, 000295.300, 156
Trd, 000295.517, 148
Trd, 000295.550, 148.0
Trd, 000295.617, 137.0
Trd, 000296.050, 156
Trd, 000296.483, 142
Trd, 000296.767, 134.0
Trd, 000296.817, 151.0
Trd, 000297.100, 157
Trd, 000297.600, 131.0
Trd, 000297.700, 134.0
Trd, 000298.183, 158
Trd, 000298.317, 117.0
Trd, 000298.733, 158.0
Trd, 000298.850, 165.0
Trd, 000299.017, 127
Trd, 000299.250, 165
Trd, 000299.350, 161
Trd, 000299.817, 165
Trd, 000299.933, 144
