Trd, 000001.633, 144
Trd, 000002.100, 157
Trd, 000003.483, 148.0
Trd, 000004.150, 162.0
Trd, 000004.917, 146
Trd, 000004.983, 146
Trd, 000006.017, 162.0
Trd, 000006.600, 161.0
Trd, 000006.917, 162.0
Trd, 000007.033, 165.0
Trd, 000007.267, 155
Trd, 000007.517, 153
Trd, 000009.567, 165.0
Trd, 000010.533, 157
Trd, 000010.700, 148.0
Trd, 000011.383, 157
Trd, 000011.733, 148
Trd, 000011.917, 156
Trd, 000012.533, 150
Trd, 000012.583, 156
Trd, 000014.517, 141
Trd, 000015.017, 142
Trd, 000016.133, 135
Trd, 000016.600, 142
Trd, 000017.433, 143
Trd, 000017.967, 144.0
Trd, 000018.750, 165.0
Trd, 000019.383, 146
Trd, 000020.433, 145
Trd, 000021.417, 144
Trd, 000021.450, 144
Trd, 000021.850, 145
Trd, 000022.633, 143
Trd, 000022.950, 146.0
Trd, 000023.050, 139
Trd, 000023.100, 145
Trd, 000024.683, 144.0
Trd, 000025.383, 160
Trd, 000025.767, 148.0
Trd, 000026.367, 144
Trd, 000026.633, 147
Trd, 000027.300, 148
Trd, 000027.583, 148
Trd, 000027.717, 145
Trd, 000028.333, 148
Trd, 000028.833, 145
Trd, 000029.367, 160.0
Trd, 000031.167, 150
Trd, 000031.217, 149
Trd, 000032.817, 150
Trd, 000033.017, 149
Trd, 000033.150, 148
Trd, 000033.350, 148.0
Trd, 000033.650, 150
Trd, 000035.467, 153
Trd, 000036.400, 150
Trd, 000037.017, 161.0
Trd, 000037.167, 162.0
Trd, 000037.200, 165.0
Trd, 000037.883, 168
Trd, 000039.683, 159
Trd, 000040.367, 159
Trd, 000040.717, 158
Trd, 000041.567, 159.0
Trd, 000042.783, 158
Trd, 000043.183, 159
Trd, 000043.450, 157
Trd, 000043.517, 154
Trd, 000044.317, 154
Trd, 000045.150, 153
Trd, 000045.283, 154
Trd, 000046.133, 147.0
Trd, 000047.933, 151
Trd, 000048.083, 150
Trd, 000049.467, 153
Trd, 000049.850, 153
Trd, 000050.500, 152
Trd, 000050.733, 150.0
Trd, 000050.917, 149
Trd, 000051.017, 151
Trd, 000051.833, 150
Trd, 000052.233, 149.0
Trd, 000055.433, 148
Trd, 000055.733, 151
Trd, 000056.200, 152
Trd, 000057.767, 148.0
Trd, 000058.800, 150
Trd, 000058.817, 151
Trd, 000059.100, 149
Trd, 000059.317, 151
Trd, 000060.383, 161.0
Trd, 000060.650, 157
Trd, 000060.750, 148.0
Trd, 000061.017, 148
Trd, 000061.150, 150
Trd, 000062.050, 148
Trd, 000062.300, 162.0
Trd, 000064.100, 154
Trd, 000065.800, 153
Trd, 000066.633, 150
Trd, 000067.233, 151
Trd, 000067.567, 152
Trd, 000067.633, 153
Trd, 000068.267, 162.0
Trd, 000068.317, 170
Trd, 000069.367, 151
Trd, 000069.450, 148.0
Trd, 000070.417, 149
Trd, 000070.717, 145.0
Trd, 000070.883, 163
Trd, 000071.267, 159
Trd, 000071.550, 159
Trd, 000072.017, 148
Trd, 000072.217, 165
Trd, 000073.450, 155
Trd, 000073.933, 151
Trd, 000074.600, 153
Trd, 000075.150, 153
Trd, 000075.683, 154
Trd, 000075.900, 152
Trd, 000076.133, 152
Trd, 000077.567, 154
Trd, 000077.600, 150
Trd, 000079.617, 150
Trd, 000080.300, 149
Trd, 000080.783, 149
Trd, 000080.867, 150
Trd, 000082.100, 150
Trd, 000082.950, 149
Trd, 000083.033, 152
Trd, 000083.667, 156
Trd, 000084.167, 156
Trd, 000085.050, 155
Trd, 000085.433, 154
Trd, 000085.467, 159.0
Trd, 000086.750, 156
Trd, 000086.917, 161.0
Trd, 000087.167, 152
Trd, 000088.783, 162.0
Trd, 000089.517, 146.0
Trd, 000090.400, 155
Trd, 000090.433, 156
Trd, 000091.317, 151
Trd, 000091.517, 155
Trd, 000091.550, 145.0
Trd, 000092.183, 153
Trd, 000092.717, 145.0
Trd, 000093.450, 152
Trd, 000093.633, 144.0
Trd, 000094.250, 154
Trd, 000094.900, 151
Trd, 000095.533, 151
Trd, 000095.600, 148.0
Trd, 000096.433, 153
Trd, 000098.783, 150
Trd, 000099.583, 152
Trd, 000099.600, 153
Trd, 000100.050, 149
Trd, 000100.533, 149
Trd, 000101.017, 151
Trd, 000101.867, 151
Trd, 000102.050, 152
Trd, 000102.383, 152
Trd, 000102.767, 150
Trd, 000104.217, 162.0
Trd, 000104.283, 149
Trd, 000104.567, 145
Trd, 000104.583, 156
Trd, 000104.733, 144
Trd, 000106.033, 147
Trd, 000106.217, 150
Trd, 000106.283, 146
Trd, 000106.433, 144.0
Trd, 000109.433, 147
Trd, 000110.350, 148.0
Trd, 000110.617, 150
Trd, 000111.383, 148
Trd, 000111.900, 148
Trd, 000112.300, 162.0
Trd, 000112.333, 147
Trd, 000113.433, 153
Trd, 000113.783, 150
Trd, 000113.800, 153
Trd, 000114.017, 148
Trd, 000114.650, 148
Trd, 000116.900, 148
Trd, 000117.500, 148
Trd, 000117.617, 148
Trd, 000118.583, 147
Trd, 000119.150, 162.0
Trd, 000119.417, 147
Trd, 000119.717, 156
Trd, 000119.950, 164.0
Trd, 000120.517, 165.0
Trd, 000120.833, 150
Trd, 000121.433, 157
Trd, 000121.717, 150
Trd, 000121.783, 144.0
Trd, 000122.550, 148
Trd, 000123.417, 134
Trd, 000124.867, 147
Trd, 000125.050, 147.0
Trd, 000125.750, 148
Trd, 000126.400, 162.0
Trd, 000126.467, 158
Trd, 000126.600, 165.0
Trd, 000127.150, 170
Trd, 000127.633, 165.0
Trd, 000128.483, 182.0
Trd, 000131.017, 156
Trd, 000131.633, 158
Trd, 000131.667, 159
Trd, 000133.167, 156
Trd, 000133.783, 154
Trd, 000133.850, 148.0
Trd, 000134.133, 155
Trd, 000134.417, 162.0
Trd, 000135.433, 158
Trd, 000137.133, 156
Trd, 000138.283, 155
Trd, 000138.800, 154
Trd, 000138.933, 149.0
Trd, 000139.383, 156
Trd, 000139.617, 161.0
Trd, 000140.117, 148.0
Trd, 000140.333, 162.0
Trd, 000140.867, 150
Trd, 000140.983, 160
Trd, 000142.000, 165.0
Trd, 000142.317, 169
Trd, 000143.867, 168.0
Trd, 000144.000, 167.0
Trd, 000144.317, 169
Trd, 000144.667, 165.0
Trd, 000145.167, 163
Trd, 000145.717, 153
Trd, 000145.883, 148.0
Trd, 000146.383, 148.0
Trd, 000148.133, 151
Trd, 000149.100, 149
Trd, 000149.700, 150
Trd, 000150.200, 151
Trd, 000151.067, 149
Trd, 000151.550, 150
Trd, 000151.800, 149
Trd, 000152.250, 148
Trd, 000152.317, 149
Trd, 000152.417, 148.0
Trd, 000152.967, 142
Trd, 000154.017, 149
Trd, 000154.833, 148
Trd, 000155.317, 162.0
Trd, 000156.283, 163
Trd, 000157.183, 148
Trd, 000157.267, 154
Trd, 000157.383, 148.0
Trd, 000158.267, 168
Trd, 000158.517, 145.0
Trd, 000158.783, 136
Trd, 000160.017, 146
Trd, 000160.483, 146.0
Trd, 000160.717, 160
Trd, 000160.783, 166
Trd, 000162.550, 162.0
Trd, 000162.967, 154
Trd, 000163.217, 163
Trd, 000164.133, 154
Trd, 000164.233, 148.0
Trd, 000164.283, 160
Trd, 000166.733, 152
Trd, 000166.750, 158
Trd, 000166.867, 159
Trd, 000167.617, 164
Trd, 000168.467, 156
Trd, 000168.900, 153
Trd, 000170.867, 155
Trd, 000171.517, 153
Trd, 000171.567, 154.0
Trd, 000171.633, 155.0
Trd, 000171.933, 152
Trd, 000172.700, 145.0
Trd, 000173.000, 156
Trd, 000173.767, 158
Trd, 000174.633, 156
Trd, 000174.817, 160
Trd, 000176.600, 154
Trd, 000176.900, 159.0
Trd, 000177.733, 159.0
Trd, 000177.900, 152
Trd, 000179.083, 157
Trd, 000179.683, 153
Trd, 000180.417, 157
Trd, 000180.517, 158
Trd, 000181.417, 153
Trd, 000181.533, 152
Trd, 000181.567, 158
Trd, 000181.800, 152
Trd, 000183.383, 151
Trd, 000183.633, 161
Trd, 000184.017, 152
Trd, 000184.050, 160.0
Trd, 000184.267, 148.0
Trd, 000184.500, 162.0
Trd, 000185.417, 144.0
Trd, 000186.767, 147
Trd, 000187.450, 147
Trd, 000187.533, 134.0
Trd, 000188.233, 135
Trd, 000188.350, 140
Trd, 000188.667, 136
Trd, 000190.033, 138
Trd, 000190.500, 137
Trd, 000190.867, 144
Trd, 000191.983, 139
Trd, 000192.133, 138
Trd, 000193.033, 138
Trd, 000193.233, 132
Trd, 000193.283, 140
Trd, 000194.050, 145.0
Trd, 000194.367, 144.0
Trd, 000195.450, 148.0
Trd, 000196.250, 165.0
Trd, 000197.633, 153
Trd, 000199.800, 148.0
Trd, 000199.933, 149
Trd, 000200.150, 148
Trd, 000200.617, 148
Trd, 000200.850, 149
Trd, 000201.000, 150
Trd, 000201.583, 134
Trd, 000201.733, 162.0
Trd, 000203.183, 154
Trd, 000203.283, 165.0
Trd, 000204.467, 150
Trd, 000204.800, 152
Trd, 000205.067, 151.0
Trd, 000205.533, 154
Trd, 000206.217, 151
Trd, 000208.100, 150
Trd, 000208.417, 148.0
Trd, 000208.433, 153
Trd, 000209.117, 151
Trd, 000209.333, 152
Trd, 000209.417, 151
Trd, 000210.283, 152
Trd, 000210.450, 152
Trd, 000211.000, 151
Trd, 000212.283, 162.0
Trd, 000212.983, 144.0
Trd, 000213.583, 148.0
Trd, 000213.717, 130
Trd, 000215.050, 140
Trd, 000215.883, 139
Trd, 000216.067, 140
Trd, 000216.083, 141
Trd, 000217.417, 140
Trd, 000217.933, 144.0
Trd, 000218.367, 160.0
Trd, 000218.483, 139.0
Trd, 000218.750, 160.0
Trd, 000219.000, 141
Trd, 000219.517, 148.0
Trd, 000219.600, 145
Trd, 000219.867, 144
Trd, 000221.517, 149
Trd, 000222.167, 149
Trd, 000223.233, 150
Trd, 000223.383, 148.0
Trd, 000224.400, 146
Trd, 000224.583, 147.0
Trd, 000224.983, 147.0
Trd, 000225.633, 148.0
Trd, 000226.117, 148
Trd, 000229.117, 152
Trd, 000229.600, 150
Trd, 000230.150, 151
Trd, 000230.833, 152
Trd, 000230.850, 151
Trd, 000231.083, 155
Trd, 000231.317, 156
Trd, 000231.483, 153
Trd, 000232.383, 154
Trd, 000232.883, 151
Trd, 000235.583, 154
Trd, 000235.900, 154
Trd, 000236.167, 153
Trd, 000236.500, 154
Trd, 000237.417, 152
Trd, 000237.550, 148.0
Trd, 000237.767, 153
Trd, 000238.283, 144.0
Trd, 000239.050, 146
Trd, 000239.817, 144
Trd, 000240.200, 147
Trd, 000240.850, 148
Trd, 000241.033, 158.0
Trd, 000241.050, 157
Trd, 000241.333, 158.0
Trd, 000242.200, 154.0
Trd, 000242.250, 155.0
Trd, 000242.650, 155
Trd, 000242.983, 162.0
Trd, 000243.150, 153
Trd, 000244.917, 162.0
Trd, 000245.467, 152.0
Trd, 000246.117, 154
Trd, 000246.300, 155.0
Trd, 000246.417, 155
Trd, 000246.817, 157.0
Trd, 000246.900, 159.0
Trd, 000247.033, 159
Trd, 000247.133, 159
Trd, 000247.867, 162.0
Trd, 000248.617, 159.0
Trd, 000250.000, 161.0
Trd, 000250.533, 161.0
Trd, 000251.583, 158.0
Trd, 000251.767, 158
Trd, 000251.967, 155
Trd, 000252.167, 157.0
Trd, 000252.983, 155
Trd, 000253.367, 155
Trd, 000253.483, 158
Trd, 000254.267, 157
Trd, 000254.450, 158
Trd, 000254.483, 162.0
Trd, 000254.617, 165.0
Trd, 000254.867, 159
Trd, 000255.100, 161
Trd, 000255.350, 163
Trd, 000256.467, 155
Trd, 000256.983, 155.0
Trd, 000257.900, 160
Trd, 000258.067, 155
Trd, 000258.550, 159
Trd, 000259.000, 158
Trd, 000259.050, 160
Trd, 000259.717, 157
Trd, 000260.433, 166
Trd, 000260.683, 162
Trd, 000261.017, 161
Trd, 000261.567, 154
Trd, 000261.783, 159
Trd, 000262.917, 161
Trd, 000263.367, 159
Trd, 000263.567, 157
Trd, 000264.050, 155.0
Trd, 000264.433, 155
Trd, 000265.700, 156
Trd, 000265.967, 156
Trd, 000266.483, 156
Trd, 000266.733, 154
Trd, 000267.067, 154
Trd, 000267.400, 153.0
Trd, 000267.817, 157
Trd, 000267.883, 159
Trd, 000268.050, 162.0
Trd, 000268.083, 155
Trd, 000268.150, 165.0
Trd, 000269.217, 153
Trd, 000269.433, 168
Trd, 000270.333, 159.0
Trd, 000270.450, 159
Trd, 000270.867, 154.0
Trd, 000271.133, 145.0
Trd, 000272.017, 151
Trd, 000272.417, 151.0
Trd, 000272.750, 151
Trd, 000273.117, 151
Trd, 000273.333, 152.0
Trd, 000274.683, 153.0
Trd, 000275.067, 152.0
Trd, 000275.167, 153
Trd, 000275.633, 151
Trd, 000275.767, 152
Trd, 000276.517, 151
Trd, 000277.117, 165.0
Trd, 000277.333, 164
Trd, 000277.567, 157
Trd, 000277.900, 157
Trd, 000278.167, 158.0
Trd, 000278.633, 154
Trd, 000278.983, 149
Trd, 000279.400, 161
Trd, 000280.067, 157.0
Trd, 000280.617, 164.0
Trd, 000280.717, 162
Trd, 000281.033, 157
Trd, 000281.483, 154
Trd, 000282.517, 162
Trd, 000283.133, 158.0
Trd, 000283.333, 154
Trd, 000283.700, 154
Trd, 000284.217, 157
Trd, 000284.250, 162
Trd, 000284.500, 162.0
Trd, 000284.667, 165.0
Trd, 000285.267, 167
Trd, 000285.633, 155
Trd, 000285.800, 162.0
Trd, 000286.467, 160
Trd, 000287.783, 159
Trd, 000288.167, 156
Trd, 000288.350, 154
Trd, 000288.483, 149.0
Trd, 000288.867, 159
Trd, 000289.000, 148.0
Trd, 000289.067, 154
Trd, 000289.500, 158
Trd, 000289.600, 153
Trd, 000289.650, 144.0
Trd, 000290.367, 149
Trd, 000291.100, 152
Trd, 000291.717, 149
Trd, 000291.933, 149
Trd, 000292.217, 129
Trd, 000292.300, 128
Trd, 000292.533, 143
Trd, 000293.417, 151
Trd, 000293.850, 146
Trd, 000294.067, 155.0
Trd, 000294.083, 162.0
Trd, 000294.267, 151.0
Trd, 000294.667, 148.0
Trd, 000294.967, 162.0
Trd, 000295.650, 153
Trd, 000296.317, 152
Trd, 000296.533, 156
Trd, 000297.883, 165.0
Trd, 000298.083, 155
Trd, 000298.300, 168
Trd, 000298.533, 154
Trd, 000298.683, 155.0
Trd, 000298.933, 153
