Trd, 000001.383, 127
Trd, 000001.433, 134.0
Trd, 000001.750, 106.0
Trd, 000002.650, 153
Trd, 000002.733, 148.0
Trd, 000003.433, 162.0
Trd, 000003.450, 158
Trd, 000004.333, 175.0
Trd, 000004.633, 172.0
Trd, 000006.467, 171
Trd, 000007.217, 160
Trd, 000007.683, 145
Trd, 000009.250, 149
Trd, 000009.383, 155
Trd, 000009.467, 155.0
Trd, 000011.083, 155
Trd, 000011.233, 156
Trd, 000011.417, 157
Trd, 000012.233, 151
Trd, 000012.967, 157
Trd, 000013.883, 156
Trd, 000014.300, 156
Trd, 000015.250, 151.0
Trd, 000015.300, 157
Trd, 000017.217, 152
Trd, 000017.333, 150
Trd, 000019.617, 155
Trd, 000019.750, 156
Trd, 000020.083, 155
Trd, 000020.933, 162.0
Trd, 000021.450, 151
Trd, 000023.667, 153
Trd, 000024.100, 153
Trd, 000024.233, 154
Trd, 000024.900, 151
Trd, 000025.183, 153
Trd, 000025.333, 155.0
Trd, 000026.250, 156
Trd, 000026.733, 162.0
Trd, 000026.917, 149
Trd, 000027.883, 155
Trd, 000028.067, 148.0
Trd, 000028.433, 156
Trd, 000030.383, 155
Trd, 000030.700, 153
Trd, 000030.767, 154
Trd, 000031.367, 149
Trd, 000031.683, 150
Trd, 000031.950, 151
Trd, 000032.283, 153
Trd, 000032.783, 154
Trd, 000032.983, 168
Trd, 000034.767, 160.0
Trd, 000034.783, 161.0
Trd, 000036.750, 156
Trd, 000038.317, 155.0
Trd, 000038.967, 154
Trd, 000039.617, 155.0
Trd, 000039.817, 156.0
Trd, 000040.983, 148.0
Trd, 000041.033, 155
Trd, 000041.617, 146
Trd, 000042.217, 151
Trd, 000042.883, 152
Trd, 000043.667, 149
Trd, 000043.850, 150
Trd, 000044.317, 144
Trd, 000045.367, 160.0
Trd, 000045.767, 162.0
Trd, 000046.033, 173
Trd, 000046.517, 159
Trd, 000046.733, 159
Trd, 000047.200, 167
Trd, 000048.000, 159
Trd, 000048.550, 166
Trd, 000051.583, 158
Trd, 000052.050, 162.0
Trd, 000052.500, 164
Trd, 000052.667, 165
Trd, 000053.667, 156
Trd, 000054.483, 161
Trd, 000054.633, 161
Trd, 000054.967, 162
Trd, 000056.800, 166
Trd, 000057.283, 157
Trd, 000057.417, 151.0
Trd, 000057.533, 167
Trd, 000058.033, 158
Trd, 000059.267, 166
Trd, 000059.417, 158
Trd, 000059.600, 154
Trd, 000060.483, 143
Trd, 000061.033, 155
Trd, 000061.267, 156
Trd, 000061.450, 165
Trd, 000061.767, 167
Trd, 000063.967, 160
Trd, 000064.600, 159
Trd, 000064.650, 158
Trd, 000065.050, 158
Trd, 000065.283, 157
Trd, 000065.433, 158
Trd, 000066.383, 158
Trd, 000068.050, 156
Trd, 000068.417, 153
Trd, 000069.250, 154.0
Trd, 000069.850, 155.0
Trd, 000071.900, 151.0
Trd, 000072.667, 151
Trd, 000072.700, 153
Trd, 000073.300, 151
Trd, 000073.383, 152
Trd, 000073.600, 155.0
Trd, 000074.650, 168
Trd, 000074.883, 150
Trd, 000074.967, 172
Trd, 000075.600, 153
Trd, 000076.367, 160
Trd, 000076.883, 151.0
Trd, 000078.133, 170
Trd, 000078.383, 172.0
Trd, 000078.550, 168.0
Trd, 000078.950, 173
Trd, 000079.617, 148.0
Trd, 000080.717, 156
Trd, 000081.467, 152
Trd, 000081.933, 153
Trd, 000082.417, 153
Trd, 000083.517, 152
Trd, 000083.700, 151.0
Trd, 000083.733, 146
Trd, 000084.817, 149
Trd, 000084.933, 149
Trd, 000085.600, 149
Trd, 000085.967, 148.0
Trd, 000086.050, 150
Trd, 000086.433, 155.0
Trd, 000086.600, 169
Trd, 000087.617, 167
Trd, 000088.317, 147
Trd, 000088.483, 143
Trd, 000088.517, 142
Trd, 000089.250, 145
Trd, 000089.633, 146
Trd, 000089.950, 147
Trd, 000090.250, 162.0
Trd, 000091.017, 168
Trd, 000091.483, 150
Trd, 000092.300, 158
Trd, 000093.017, 156
Trd, 000093.150, 154
Trd, 000093.167, 154
Trd, 000093.233, 158
Trd, 000095.400, 156
Trd, 000095.767, 167
Trd, 000096.167, 153
Trd, 000096.467, 151.0
Trd, 000097.083, 150
Trd, 000097.650, 161
Trd, 000099.167, 157
Trd, 000099.817, 154
Trd, 000100.750, 152
Trd, 000101.583, 152
Trd, 000101.617, 155
Trd, 000102.300, 155
Trd, 000102.567, 155
Trd, 000102.700, 162.0
Trd, 000103.383, 168
Trd, 000103.700, 165
Trd, 000104.417, 161
Trd, 000104.650, 162
Trd, 000104.867, 154
Trd, 000105.033, 153
Trd, 000106.250, 156
Trd, 000106.833, 154
Trd, 000107.033, 154
Trd, 000107.983, 153.0
Trd, 000108.583, 151.0
Trd, 000109.067, 151
Trd, 000109.433, 151
Trd, 000109.850, 152
Trd, 000109.917, 154
Trd, 000110.967, 153
Trd, 000111.483, 153.0
Trd, 000111.533, 155.0
Trd, 000113.483, 152.0
Trd, 000113.750, 151.0
Trd, 000113.967, 154
Trd, 000114.200, 155
Trd, 000114.933, 150
Trd, 000115.033, 164
Trd, 000117.417, 157
Trd, 000117.717, 153
Trd, 000118.133, 152
Trd, 000118.783, 154.0
Trd, 000118.817, 151.0
Trd, 000119.483, 148
Trd, 000120.583, 152
Trd, 000120.617, 153
Trd, 000120.767, 154
Trd, 000120.867, 155.0
Trd, 000121.050, 148.0
Trd, 000121.533, 162.0
Trd, 000124.200, 154
Trd, 000124.283, 152
Trd, 000124.350, 148.0
Trd, 000125.500, 153
Trd, 000125.867, 155
Trd, 000126.300, 151.0
Trd, 000126.550, 151
Trd, 000126.733, 152.0
Trd, 000127.367, 155.0
Trd, 000127.633, 149
Trd, 000128.217, 162.0
Trd, 000128.417, 168
Trd, 000129.583, 144
Trd, 000131.317, 158
Trd, 000132.050, 162.0
Trd, 000132.383, 161
Trd, 000133.233, 154
Trd, 000133.333, 165
Trd, 000134.083, 165
Trd, 000134.950, 162
Trd, 000135.950, 159
Trd, 000136.133, 160
Trd, 000136.500, 158
Trd, 000138.450, 154
Trd, 000138.467, 156
Trd, 000138.650, 151.0
Trd, 000138.850, 157
Trd, 000139.450, 148.0
Trd, 000139.633, 155
Trd, 000140.133, 148
Trd, 000140.217, 155
Trd, 000141.167, 148
Trd, 000141.200, 149
Trd, 000141.533, 147
Trd, 000142.733, 149
Trd, 000143.817, 148
Trd, 000144.267, 147
Trd, 000144.600, 146
Trd, 000144.900, 147
Trd, 000145.967, 149.0
Trd, 000146.233, 160.0
Trd, 000146.917, 161.0
Trd, 000147.383, 162.0
Trd, 000147.700, 150.0
Trd, 000147.833, 148.0
Trd, 000149.267, 155
Trd, 000149.583, 145
Trd, 000149.700, 146
Trd, 000150.050, 147
Trd, 000150.267, 146
Trd, 000150.467, 150
Trd, 000151.650, 152.0
Trd, 000151.733, 153.0
Trd, 000154.217, 151
Trd, 000154.417, 151
Trd, 000154.600, 152
Trd, 000154.650, 155
Trd, 000155.233, 161.0
Trd, 000155.500, 152.0
Trd, 000155.733, 162.0
Trd, 000155.817, 168
Trd, 000156.350, 148.0
Trd, 000156.950, 144
Trd, 000157.767, 161
Trd, 000158.100, 159
Trd, 000158.667, 149
Trd, 000159.367, 159
Trd, 000160.500, 155
Trd, 000160.567, 148.0
Trd, 000161.733, 156
Trd, 000162.017, 149
Trd, 000162.450, 147
Trd, 000162.933, 154
Trd, 000163.850, 153
Trd, 000163.900, 146
Trd, 000164.133, 141.0
Trd, 000164.983, 151
Trd, 000165.517, 153
Trd, 000166.383, 155.0
Trd, 000166.733, 152
Trd, 000166.783, 168
Trd, 000168.883, 154
Trd, 000169.033, 151.0
Trd, 000169.300, 154
Trd, 000169.500, 153
Trd, 000169.667, 154
Trd, 000172.133, 155.0
Trd, 000173.167, 153
Trd, 000173.233, 154
Trd, 000174.617, 154
Trd, 000175.600, 148.0
Trd, 000176.300, 148
Trd, 000177.217, 152
Trd, 000177.233, 156
Trd, 000177.617, 159
Trd, 000178.367, 156
Trd, 000178.767, 150
Trd, 000179.367, 152
Trd, 000179.583, 155
Trd, 000180.783, 153
Trd, 000181.433, 162.0
Trd, 000182.917, 155
Trd, 000183.317, 155
Trd, 000183.333, 156
Trd, 000183.400, 157
Trd, 000183.583, 162.0
Trd, 000184.467, 152.0
Trd, 000184.700, 166
Trd, 000186.633, 166
Trd, 000186.700, 168
Trd, 000187.567, 152
Trd, 000188.567, 151
Trd, 000189.333, 151.0
Trd, 000189.517, 163
Trd, 000189.933, 154
Trd, 000190.817, 166
Trd, 000191.400, 161
Trd, 000192.083, 156
Trd, 000192.700, 156
Trd, 000193.733, 156
Trd, 000195.800, 151.0
Trd, 000195.817, 156
Trd, 000196.733, 161.0
Trd, 000197.233, 156
Trd, 000198.717, 157
Trd, 000199.083, 158
Trd, 000199.100, 161.0
Trd, 000199.583, 154
Trd, 000200.900, 154
Trd, 000201.267, 154
Trd, 000201.650, 160
Trd, 000201.900, 152
Trd, 000202.350, 160.0
Trd, 000203.133, 159.0
Trd, 000205.683, 154
Trd, 000206.050, 155
Trd, 000206.200, 154
Trd, 000206.567, 157
Trd, 000206.617, 157
Trd, 000206.883, 154
Trd, 000207.150, 152
Trd, 000207.217, 157
Trd, 000207.783, 151.0
Trd, 000208.300, 161.0
Trd, 000209.050, 148.0
Trd, 000209.867, 167
Trd, 000211.117, 153
Trd, 000211.317, 160
Trd, 000211.350, 162.0
Trd, 000211.583, 156
Trd, 000211.717, 156
Trd, 000212.300, 159
Trd, 000212.933, 157
Trd, 000213.333, 156
Trd, 000213.817, 154
Trd, 000214.133, 174
Trd, 000215.317, 155
Trd, 000216.167, 162
Trd, 000217.050, 162.0
Trd, 000217.417, 154
Trd, 000217.550, 160
Trd, 000219.033, 156
Trd, 000219.150, 156
Trd, 000220.483, 152
Trd, 000220.600, 154
Trd, 000221.383, 151.0
Trd, 000221.733, 154
Trd, 000221.867, 152
Trd, 000222.433, 148.0
Trd, 000223.117, 153
Trd, 000223.583, 161.0
Trd, 000223.600, 143
Trd, 000223.667, 141.0
Trd, 000224.167, 141
Trd, 000225.633, 154
Trd, 000226.383, 150
Trd, 000227.517, 154.0
Trd, 000227.750, 152.0
Trd, 000228.667, 154.0
Trd, 000229.083, 155.0
Trd, 000229.533, 162.0
Trd, 000229.800, 158
Trd, 000230.183, 160
Trd, 000230.283, 151.0
Trd, 000230.633, 155
Trd, 000231.567, 179.0
Trd, 000232.217, 162
Trd, 000232.250, 161
Trd, 000232.283, 149
Trd, 000233.867, 154
Trd, 000234.083, 170
Trd, 000234.650, 155
Trd, 000234.917, 168.0
Trd, 000236.117, 156
Trd, 000236.850, 157
Trd, 000236.867, 154
Trd, 000236.883, 158
Trd, 000237.683, 158
Trd, 000239.983, 155
Trd, 000240.267, 153
Trd, 000240.467, 151
Trd, 000240.767, 150
Trd, 000240.883, 149.0
Trd, 000241.000, 148.0
Trd, 000241.533, 146
Trd, 000241.700, 143
Trd, 000242.383, 148
Trd, 000243.250, 148
Trd, 000244.050, 149
Trd, 000245.067, 149
Trd, 000245.533, 152.0
Trd, 000245.717, 155.0
Trd, 000245.983, 162.0
Trd, 000246.017, 149
Trd, 000246.567, 158
Trd, 000247.050, 157
Trd, 000247.917, 151
Trd, 000248.067, 153
Trd, 000248.450, 151
Trd, 000248.683, 153
Trd, 000249.400, 150
Trd, 000250.033, 149.0
Trd, 000250.117, 148.0
Trd, 000250.650, 151
Trd, 000250.967, 152
Trd, 000251.167, 154
Trd, 000251.367, 152.0
Trd, 000251.733, 150
Trd, 000252.433, 151
Trd, 000253.550, 148
Trd, 000254.017, 148.0
Trd, 000254.583, 144
Trd, 000255.050, 144.0
Trd, 000255.850, 145
Trd, 000255.933, 146.0
Trd, 000256.400, 147
Trd, 000256.567, 144
Trd, 000256.700, 147.0
Trd, 000256.917, 148.0
Trd, 000257.267, 152
Trd, 000257.367, 145
Trd, 000258.400, 153.0
Trd, 000258.567, 146
Trd, 000259.400, 151
Trd, 000259.950, 145
Trd, 000260.683, 144
Trd, 000261.183, 144
Trd, 000261.317, 145
Trd, 000261.750, 145
Trd, 000261.950, 141.0
Trd, 000262.217, 148.0
Trd, 000262.250, 140
Trd, 000264.150, 140
Trd, 000264.283, 149.0
Trd, 000264.900, 149
Trd, 000265.383, 149
Trd, 000265.467, 149
Trd, 000266.000, 148
Trd, 000266.533, 149
Trd, 000266.733, 148
Trd, 000266.933, 150.0
Trd, 000267.133, 150.0
Trd, 000267.583, 148
Trd, 000268.667, 155.0
Trd, 000268.950, 156
Trd, 000269.383, 144
Trd, 000270.033, 146
Trd, 000270.217, 147.0
Trd, 000270.250, 148.0
Trd, 000270.450, 148.0
Trd, 000270.717, 147.0
Trd, 000270.767, 145
Trd, 000270.850, 150
Trd, 000271.367, 145
Trd, 000271.483, 154.0
Trd, 000272.883, 148
Trd, 000273.233, 145
Trd, 000273.783, 145
Trd, 000274.317, 144
Trd, 000274.517, 143
Trd, 000274.883, 148
Trd, 000274.933, 148.0
Trd, 000275.067, 155.0
Trd, 000275.133, 145
Trd, 000275.250, 145
Trd, 000277.033, 151.0
Trd, 000277.167, 158
Trd, 000277.200, 165
Trd, 000277.733, 152
Trd, 000278.267, 156
Trd, 000278.683, 156
Trd, 000279.000, 144
Trd, 000279.800, 148.0
Trd, 000280.000, 160
Trd, 000280.850, 155
Trd, 000281.367, 153
Trd, 000281.400, 151
Trd, 000281.817, 152
Trd, 000282.217, 153
Trd, 000282.417, 151
Trd, 000283.250, 153
Trd, 000283.533, 151.0
Trd, 000284.117, 157.0
Trd, 000284.467, 158.0
Trd, 000284.483, 162.0
Trd, 000285.283, 153
Trd, 000285.550, 155
Trd, 000285.767, 173
Trd, 000286.217, 165
Trd, 000286.850, 160
Trd, 000287.283, 165
Trd, 000287.317, 166
Trd, 000287.417, 159
Trd, 000287.850, 155
Trd, 000288.283, 165
Trd, 000288.533, 154
Trd, 000288.617, 168
Trd, 000288.983, 164
Trd, 000289.150, 165
Trd, 000289.783, 152
Trd, 000289.917, 153
Trd, 000290.417, 151.0
Trd, 000291.350, 156
Trd, 000291.683, 152
Trd, 000292.417, 153
Trd, 000292.583, 148.0
Trd, 000293.367, 143
Trd, 000293.750, 142.0
Trd, 000294.283, 151
Trd, 000294.367, 148
Trd, 000294.567, 153
Trd, 000294.783, 153
Trd, 000295.200, 154
Trd, 000296.117, 148.0
Trd, 000296.600, 153
Trd, 000296.733, 157.0
Trd, 000296.850, 158.0
Trd, 000297.700, 165
Trd, 000299.067, 148
Trd, 000299.083, 141
Trd, 000299.617, 160
Trd, 000299.883, 162.0
