Trd, 000001.433, 135
Trd, 000002.500, 150
Trd, 000002.767, 137.0
Trd, 000003.383, 145
Trd, 000003.817, 154
Trd, 000004.250, 155
Trd, 000005.667, 146
Trd, 000005.717, 145
Trd, 000005.900, 139
Trd, 000006.333, 154
Trd, 000008.067, 144
Trd, 000008.483, 145
Trd, 000008.917, 149
Trd, 000009.333, 144
Trd, 000009.400, 147
Trd, 000009.767, 147
Trd, 000009.917, 148
Trd, 000010.517, 144
Trd, 000013.300, 145
Trd, 000013.650, 148
Trd, 000013.767, 148.0
Trd, 000014.267, 144
Trd, 000015.033, 144
Trd, 000015.283, 145
Trd, 000015.883, 146
Trd, 000016.233, 144
Trd, 000016.267, 143
Trd, 000016.450, 146
Trd, 000017.317, 145
Trd, 000018.250, 144
Trd, 000019.783, 145
Trd, 000020.167, 146
Trd, 000020.183, 143
Trd, 000020.333, 148.0
Trd, 000020.367, 151
Trd, 000021.250, 146
Trd, 000022.233, 146
Trd, 000022.367, 151
Trd, 000023.117, 152
Trd, 000023.667, 156
Trd, 000023.900, 157.0
Trd, 000024.333, 155
Trd, 000026.283, 153
Trd, 000027.083, 150
Trd, 000027.633, 154
Trd, 000027.750, 150
Trd, 000029.367, 152
Trd, 000029.517, 148
Trd, 000030.683, 149
Trd, 000031.117, 148.0
Trd, 000031.517, 147
Trd, 000031.700, 147
Trd, 000032.250, 151
Trd, 000033.900, 147
Trd, 000034.300, 148.0
Trd, 000036.017, 149
Trd, 000036.100, 147
Trd, 000036.717, 151
Trd, 000037.450, 150
Trd, 000037.567, 152
Trd, 000038.700, 153
Trd, 000040.250, 152
Trd, 000040.850, 153
Trd, 000041.833, 149
Trd, 000042.783, 148
Trd, 000042.967, 152
Trd, 000043.600, 152
Trd, 000043.683, 152
Trd, 000044.067, 149
Trd, 000044.833, 148
Trd, 000046.033, 149
Trd, 000046.450, 148
Trd, 000046.650, 150
Trd, 000047.283, 147
Trd, 000047.333, 151
Trd, 000047.517, 146
Trd, 000048.017, 155
Trd, 000048.817, 151
Trd, 000049.433, 150
Trd, 000050.300, 155.0
Trd, 000050.533, 158.0
Trd, 000052.167, 153
Trd, 000052.450, 149
Trd, 000053.367, 152
Trd, 000053.867, 148
Trd, 000054.250, 151
Trd, 000055.017, 149
Trd, 000055.333, 152
Trd, 000057.017, 150.0
Trd, 000057.217, 149
Trd, 000058.067, 151
Trd, 000058.300, 144
Trd, 000058.400, 151
Trd, 000058.717, 154
Trd, 000059.133, 155
Trd, 000059.467, 152
Trd, 000059.617, 153
Trd, 000060.917, 150
Trd, 000061.217, 148
Trd, 000062.083, 147
Trd, 000063.267, 147
Trd, 000064.733, 148.0
Trd, 000065.000, 148
Trd, 000066.683, 147
Trd, 000066.867, 146
Trd, 000067.017, 148
Trd, 000067.033, 149
Trd, 000067.433, 143
Trd, 000068.100, 151
Trd, 000071.183, 150
Trd, 000071.583, 150
Trd, 000071.650, 152
Trd, 000071.850, 158.0
Trd, 000072.017, 150.0
Trd, 000072.733, 152
Trd, 000072.833, 154
Trd, 000073.617, 150
Trd, 000075.517, 152.0
Trd, 000075.667, 154
Trd, 000076.167, 152
Trd, 000076.400, 150
Trd, 000077.483, 150
Trd, 000078.633, 151
Trd, 000079.000, 150
Trd, 000079.483, 149
Trd, 000079.567, 151
Trd, 000079.583, 154
Trd, 000079.683, 155
Trd, 000079.850, 143
Trd, 000080.150, 155
Trd, 000080.833, 154
Trd, 000081.083, 156
Trd, 000081.183, 158.0
Trd, 000081.500, 150
Trd, 000081.533, 147
Trd, 000083.167, 158
Trd, 000083.217, 154
Trd, 000084.150, 156
Trd, 000085.067, 155
Trd, 000085.467, 153
Trd, 000086.133, 151
Trd, 000086.150, 148.0
Trd, 000086.467, 148
Trd, 000087.517, 157
Trd, 000087.783, 153
Trd, 000088.750, 153
Trd, 000089.250, 153
Trd, 000090.950, 153
Trd, 000091.317, 149
Trd, 000091.450, 153
Trd, 000091.583, 154
Trd, 000091.950, 149
Trd, 000092.133, 149
Trd, 000092.217, 148
Trd, 000093.067, 143
Trd, 000096.383, 152
Trd, 000097.067, 149
Trd, 000098.167, 148
Trd, 000098.267, 150
Trd, 000098.483, 148.0
Trd, 000098.767, 147
Trd, 000098.917, 151
Trd, 000100.467, 151
Trd, 000100.667, 152
Trd, 000101.567, 145
Trd, 000102.517, 146
Trd, 000102.750, 144
Trd, 000103.033, 150
Trd, 000104.050, 149
Trd, 000104.117, 144
Trd, 000105.283, 144
Trd, 000106.700, 148.0
Trd, 000107.933, 148
Trd, 000108.717, 149
Trd, 000108.867, 155
Trd, 000108.933, 144
Trd, 000109.567, 147
Trd, 000110.017, 152
Trd, 000110.533, 149
Trd, 000111.083, 151
Trd, 000112.517, 148
Trd, 000112.967, 148.0
Trd, 000113.733, 149
Trd, 000114.800, 149
Trd, 000114.883, 147
Trd, 000115.100, 149
Trd, 000115.250, 149
Trd, 000115.467, 150
Trd, 000116.367, 151
Trd, 000116.617, 148
Trd, 000117.267, 148.0
Trd, 000117.767, 150
Trd, 000119.783, 148
Trd, 000120.133, 147
Trd, 000120.600, 149
Trd, 000121.650, 148
Trd, 000121.850, 148
Trd, 000122.250, 147
Trd, 000122.433, 148
Trd, 000123.467, 154
Trd, 000123.633, 146
Trd, 000123.683, 155
Trd, 000125.683, 148
Trd, 000126.533, 147
Trd, 000127.150, 147
Trd, 000127.383, 152
Trd, 000129.267, 148
Trd, 000129.883, 145
Trd, 000130.050, 144
Trd, 000130.133, 147
Trd, 000131.783, 146
Trd, 000131.833, 146
Trd, 000132.283, 143
Trd, 000132.833, 150
Trd, 000133.600, 147
Trd, 000133.983, 144
Trd, 000134.450, 145
Trd, 000135.583, 145
Trd, 000135.767, 143
Trd, 000136.283, 144
Trd, 000137.133, 145
Trd, 000137.300, 148
Trd, 000137.933, 147.0
Trd, 000138.133, 143
Trd, 000138.300, 148.0
Trd, 000139.017, 148
Trd, 000140.317, 144
Trd, 000140.783, 144
Trd, 000141.067, 143
Trd, 000141.167, 146
Trd, 000141.917, 146
Trd, 000142.150, 155
Trd, 000142.767, 158.0
Trd, 000144.833, 148
Trd, 000145.917, 148
Trd, 000146.367, 148
Trd, 000146.500, 147
Trd, 000148.333, 145
Trd, 000148.600, 146
Trd, 000149.083, 146
Trd, 000149.633, 146
Trd, 000149.650, 145
Trd, 000150.400, 145
Trd, 000151.383, 143
Trd, 000151.600, 141.0
Trd, 000154.600, 142
Trd, 000154.700, 143
Trd, 000155.533, 144
Trd, 000155.733, 140
Trd, 000155.767, 144
Trd, 000156.683, 144
Trd, 000157.000, 143
Trd, 000157.067, 148.0
Trd, 000157.183, 142
Trd, 000158.217, 141
Trd, 000158.883, 147
Trd, 000159.983, 146
Trd, 000160.467, 145
Trd, 000160.583, 146
Trd, 000161.333, 144
Trd, 000161.700, 146
Trd, 000162.633, 148.0
Trd, 000163.533, 149
Trd, 000164.133, 143
Trd, 000165.567, 144
Trd, 000165.617, 142
Trd, 000165.833, 145
Trd, 000166.483, 146
Trd, 000167.717, 148.0
Trd, 000168.467, 148
Trd, 000168.683, 151
Trd, 000168.867, 146
Trd, 000169.100, 156
Trd, 000169.417, 158
Trd, 000170.250, 145
Trd, 000170.400, 146
Trd, 000170.550, 145
Trd, 000170.717, 143
Trd, 000170.783, 148.0
Trd, 000170.800, 141.0
Trd, 000171.367, 148
Trd, 000171.733, 148
Trd, 000173.300, 150
Trd, 000173.767, 149
Trd, 000173.933, 148
Trd, 000174.850, 147
Trd, 000175.467, 150
Trd, 000175.683, 151
Trd, 000176.617, 155
Trd, 000179.500, 149
Trd, 000180.433, 150
Trd, 000180.483, 152
Trd, 000180.783, 147
Trd, 000180.933, 147
Trd, 000181.850, 150
Trd, 000183.250, 149
Trd, 000183.850, 147
Trd, 000184.167, 149
Trd, 000184.333, 147
Trd, 000185.533, 151
Trd, 000185.750, 147
Trd, 000185.867, 150
Trd, 000186.967, 147
Trd, 000187.167, 148
Trd, 000187.200, 150
Trd, 000187.600, 149
Trd, 000187.750, 151
Trd, 000188.000, 155
Trd, 000188.433, 147
Trd, 000189.517, 146
Trd, 000191.800, 145
Trd, 000192.367, 147.0
Trd, 000192.417, 148.0
Trd, 000192.883, 150
Trd, 000193.667, 149
Trd, 000194.300, 146
Trd, 000194.950, 148
Trd, 000195.650, 146
Trd, 000196.433, 150
Trd, 000196.550, 151
Trd, 000196.650, 145
Trd, 000197.167, 147
Trd, 000198.467, 146
Trd, 000199.167, 147
Trd, 000199.433, 147
Trd, 000199.533, 151
Trd, 000200.100, 145
Trd, 000200.433, 144
Trd, 000200.817, 143
Trd, 000201.333, 143
Trd, 000203.150, 147.0
Trd, 000204.733, 145
Trd, 000205.167, 144
Trd, 000205.567, 146
Trd, 000205.583, 148.0
Trd, 000205.900, 144
Trd, 000206.367, 148
Trd, 000207.067, 143
Trd, 000207.783, 148
Trd, 000208.067, 148.0
Trd, 000208.317, 143
Trd, 000208.450, 148
Trd, 000209.033, 151
Trd, 000210.217, 145.0
Trd, 000210.733, 145
Trd, 000211.000, 145.0
Trd, 000211.667, 145
Trd, 000211.750, 145
Trd, 000211.917, 144
Trd, 000212.067, 145
Trd, 000212.800, 148.0
Trd, 000212.900, 151
Trd, 000213.000, 144
Trd, 000213.100, 143
Trd, 000213.750, 155
Trd, 000214.550, 155.0
Trd, 000214.767, 151
Trd, 000215.183, 158.0
Trd, 000217.617, 152
Trd, 000217.667, 148.0
Trd, 000217.967, 147
Trd, 000218.967, 148
Trd, 000219.117, 151
Trd, 000219.750, 151
Trd, 000220.283, 149
Trd, 000220.783, 151
Trd, 000221.483, 148.0
Trd, 000221.700, 152
Trd, 000222.567, 155
Trd, 000224.967, 151
Trd, 000225.283, 148
Trd, 000225.433, 148
Trd, 000226.283, 148
Trd, 000226.450, 149
Trd, 000227.433, 151
Trd, 000227.533, 147
Trd, 000227.567, 151
Trd, 000227.933, 146
Trd, 000228.433, 143
Trd, 000229.133, 142
Trd, 000230.217, 150
Trd, 000230.250, 145
Trd, 000230.683, 149
Trd, 000231.017, 149
Trd, 000231.283, 154
Trd, 000232.883, 147
Trd, 000233.433, 155
Trd, 000233.767, 155
Trd, 000234.900, 152
Trd, 000235.000, 146
Trd, 000235.567, 146
Trd, 000236.333, 149
Trd, 000236.383, 150
Trd, 000237.883, 148.0
Trd, 000238.050, 149
Trd, 000238.400, 157
Trd, 000239.017, 157.0
Trd, 000239.267, 158.0
Trd, 000239.550, 150
Trd, 000240.150, 152
Trd, 000240.417, 151
Trd, 000240.900, 150
Trd, 000241.167, 151
Trd, 000241.483, 150
Trd, 000241.600, 151
Trd, 000241.700, 151
Trd, 000242.317, 151
Trd, 000242.583, 150
Trd, 000242.767, 151
Trd, 000242.800, 154
Trd, 000243.050, 148.0
Trd, 000243.700, 152
Trd, 000245.050, 149
Trd, 000245.400, 147.0
Trd, 000245.750, 148.0
Trd, 000246.583, 147
Trd, 000247.267, 149
Trd, 000247.567, 149
Trd, 000248.000, 147
Trd, 000248.800, 145
Trd, 000249.200, 144
Trd, 000249.433, 144
Trd, 000250.017, 145
Trd, 000250.083, 146
Trd, 000250.500, 149
Trd, 000251.083, 147
Trd, 000251.633, 148
Trd, 000251.683, 143
Trd, 000251.817, 141.0
Trd, 000253.100, 146.0
Trd, 000253.467, 139.0
Trd, 000253.983, 140.0
Trd, 000254.267, 142.0
Trd, 000255.083, 141
Trd, 000255.400, 144
Trd, 000255.550, 148.0
Trd, 000255.767, 144
Trd, 000255.833, 151
Trd, 000257.267, 155
Trd, 000257.600, 154.0
Trd, 000257.933, 158.0
Trd, 000259.400, 167
Trd, 000259.533, 159
Trd, 000259.800, 150
Trd, 000261.133, 156
Trd, 000261.400, 151
Trd, 000261.750, 152
Trd, 000261.850, 149
Trd, 000262.167, 148.0
Trd, 000262.500, 147
Trd, 000262.550, 154
Trd, 000263.000, 141.0
Trd, 000263.150, 158.0
Trd, 000264.033, 164.0
Trd, 000264.233, 164.0
Trd, 000264.817, 145
Trd, 000265.617, 144
Trd, 000266.100, 146
Trd, 000266.417, 151
Trd, 000267.483, 143
Trd, 000267.833, 151
Trd, 000268.167, 153
Trd, 000268.300, 149
Trd, 000268.550, 149
Trd, 000269.017, 145
Trd, 000269.233, 145
Trd, 000269.767, 142
Trd, 000270.483, 146
Trd, 000270.550, 147
Trd, 000270.650, 148.0
Trd, 000270.717, 155
Trd, 000271.033, 156.0
Trd, 000271.333, 147.0
Trd, 000271.933, 154
Trd, 000272.683, 148
Trd, 000273.683, 148
Trd, 000274.283, 146
Trd, 000274.950, 149
Trd, 000275.017, 150
Trd, 000275.150, 150
Trd, 000275.717, 147
Trd, 000276.083, 147
Trd, 000276.433, 144
Trd, 000276.450, 149
Trd, 000277.100, 152
Trd, 000277.267, 152
Trd, 000277.533, 152
Trd, 000278.000, 143
Trd, 000278.617, 148
Trd, 000278.633, 155
Trd, 000279.050, 147
Trd, 000279.317, 144
Trd, 000279.567, 157.0
Trd, 000279.817, 147.0
Trd, 000280.233, 145
Trd, 000280.600, 145
Trd, 000281.733, 142
Trd, 000282.283, 143
Trd, 000282.683, 144.0
Trd, 000282.900, 148.0
Trd, 000284.050, 147
Trd, 000284.367, 141.0
Trd, 000284.767, 147
Trd, 000284.800, 147
Trd, 000285.767, 152
Trd, 000286.033, 149
Trd, 000286.117, 155
Trd, 000286.333, 144
Trd, 000286.700, 145
Trd, 000288.100, 156
Trd, 000288.267, 155.0
Trd, 000288.350, 158.0
Trd, 000288.850, 162.0
Trd, 000289.250, 157
Trd, 000289.633, 158.0
Trd, 000289.850, 149
Trd, 000289.933, 148
Trd, 000290.917, 148.0
Trd, 000291.050, 156
Trd, 000291.150, 157
Trd, 000291.633, 156
Trd, 000291.700, 147
Trd, 000291.950, 156
Trd, 000292.483, 146
Trd, 000293.317, 145
Trd, 000293.467, 155
Trd, 000293.617, 143
Trd, 000293.717, 156
Trd, 000294.117, 168.0
Trd, 000294.250, 172
Trd, 000294.650, 147
Trd, 000294.850, 162
Trd, 000295.183, 145
Trd, 000295.500, 157.0
Trd, 000296.550, 147
Trd, 000296.983, 152
Trd, 000297.100, 153
Trd, 000297.883, 146
Trd, 000298.400, 151
Trd, 000298.583, 148
Trd, 000299.083, 152
Trd, 000299.333, 155
Trd, 000299.567, 158.0
Trd, 000299.667, 147
Trd, 000299.800, 147
Trd, 000299.917, 137.0
