Trd, 000002.667, 155
Trd, 000003.600, 146
Trd, 000003.917, 145
Trd, 000004.650, 146
Trd, 000005.300, 144
Trd, 000005.567, 145
Trd, 000006.050, 161
Trd, 000006.500, 145
Trd, 000007.967, 149
Trd, 000008.017, 150
Trd, 000008.517, 149
Trd, 000008.867, 150
Trd, 000009.117, 149
Trd, 000009.717, 148
Trd, 000010.850, 149
Trd, 000011.083, 156
Trd, 000012.017, 159
Trd, 000012.633, 154
Trd, 000013.317, 155
Trd, 000013.483, 156
Trd, 000013.850, 157
Trd, 000014.367, 156
Trd, 000017.217, 156.0
Trd, 000017.550, 155.0
Trd, 000017.650, 156
Trd, 000018.683, 156
Trd, 000018.733, 155
Trd, 000018.950, 156
Trd, 000019.083, 155.0
Trd, 000021.067, 161
Trd, 000021.300, 165.0
Trd, 000021.950, 166
Trd, 000023.600, 160
Trd, 000023.767, 169
Trd, 000024.500, 158
Trd, 000024.733, 168.0
Trd, 000026.850, 160
Trd, 000027.450, 160
Trd, 000027.717, 159
Trd, 000029.467, 146
Trd, 000030.467, 144
Trd, 000030.683, 143
Trd, 000030.933, 144
Trd, 000031.067, 145
Trd, 000034.233, 155
Trd, 000034.900, 153
Trd, 000035.283, 160
Trd, 000035.350, 162
Trd, 000035.400, 152
Trd, 000035.733, 162
Trd, 000036.050, 151
Trd, 000037.000, 162
Trd, 000037.083, 163
Trd, 000037.550, 164
Trd, 000037.717, 156
Trd, 000040.150, 162
Trd, 000040.600, 162
Trd, 000041.433, 161
Trd, 000043.617, 159
Trd, 000044.417, 159
Trd, 000044.433, 160
Trd, 000045.317, 158
Trd, 000045.383, 161
Trd, 000045.700, 161
Trd, 000046.750, 158
Trd, 000046.983, 158
Trd, 000048.383, 158
Trd, 000048.617, 159
Trd, 000048.667, 157
Trd, 000048.833, 158
Trd, 000051.150, 158
Trd, 000051.700, 161
Trd, 000053.567, 160
Trd, 000053.717, 160
Trd, 000055.217, 160
Trd, 000055.400, 158
Trd, 000055.750, 159
Trd, 000057.483, 159
Trd, 000057.650, 158.0
Trd, 000058.150, 160
Trd, 000058.717, 160
Trd, 000058.867, 159
Trd, 000059.183, 168
Trd, 000059.433, 155.0
Trd, 000059.700, 156
Trd, 000060.017, 172.0
Trd, 000060.217, 175
Trd, 000063.000, 161
Trd, 000063.350, 161
Trd, 000063.433, 168
Trd, 000063.867, 163
Trd, 000064.200, 168.0
Trd, 000066.100, 163
Trd, 000066.217, 162
Trd, 000066.383, 162
Trd, 000066.950, 163
Trd, 000068.700, 162
Trd, 000068.900, 161
Trd, 000069.667, 155.0
Trd, 000069.950, 159
Trd, 000070.450, 159
Trd, 000070.933, 155
Trd, 000071.167, 156
Trd, 000071.417, 155
Trd, 000072.333, 161
Trd, 000073.633, 166.0
Trd, 000074.800, 161
Trd, 000076.300, 159
Trd, 000076.850, 156
Trd, 000076.883, 159
Trd, 000077.000, 160
Trd, 000077.233, 157
Trd, 000077.783, 157.0
Trd, 000079.550, 158
Trd, 000079.967, 157
Trd, 000080.333, 156
Trd, 000080.783, 156
Trd, 000081.550, 157
Trd, 000082.617, 164
Trd, 000082.800, 168.0
Trd, 000084.317, 158
Trd, 000084.967, 158
Trd, 000085.133, 159
Trd, 000085.867, 157
Trd, 000085.933, 158
Trd, 000086.683, 159
Trd, 000087.100, 157
Trd, 000087.967, 158
Trd, 000089.033, 158
Trd, 000089.300, 159
Trd, 000089.583, 157
Trd, 000090.583, 168.0
Trd, 000091.600, 165
Trd, 000092.250, 172.0
Trd, 000093.883, 160
Trd, 000094.900, 162
Trd, 000095.617, 164
Trd, 000095.683, 162
Trd, 000096.450, 164
Trd, 000097.150, 163
Trd, 000097.933, 160
Trd, 000098.200, 161
Trd, 000099.433, 161
Trd, 000099.583, 160
Trd, 000099.967, 173
Trd, 000102.167, 164
Trd, 000102.667, 165
Trd, 000102.983, 157
Trd, 000103.550, 161
Trd, 000104.117, 155
Trd, 000105.100, 159
Trd, 000105.233, 155
Trd, 000106.267, 150
Trd, 000106.617, 154
Trd, 000106.733, 153
Trd, 000107.200, 167
Trd, 000109.750, 161
Trd, 000110.467, 161
Trd, 000110.600, 161
Trd, 000111.267, 161
Trd, 000111.333, 159
Trd, 000112.267, 158
Trd, 000112.967, 163
Trd, 000113.933, 163
Trd, 000114.117, 168.0
Trd, 000114.883, 162
Trd, 000115.183, 169.0
Trd, 000116.150, 163
Trd, 000117.083, 163
Trd, 000117.600, 164
Trd, 000118.967, 164
Trd, 000119.000, 165
Trd, 000119.183, 164
Trd, 000120.700, 163
Trd, 000120.750, 164
Trd, 000120.767, 164
Trd, 000120.800, 167
Trd, 000122.383, 168.0
Trd, 000122.750, 166
Trd, 000122.950, 173
Trd, 000124.167, 170
Trd, 000124.417, 168
Trd, 000124.950, 166
Trd, 000126.500, 167
Trd, 000127.150, 165
Trd, 000127.517, 164
Trd, 000127.667, 161
Trd, 000127.683, 168.0
Trd, 000127.950, 155.0
Trd, 000128.150, 172.0
Trd, 000129.183, 162
Trd, 000130.067, 163
Trd, 000130.167, 164
Trd, 000130.250, 163
Trd, 000131.333, 162
Trd, 000131.983, 163
Trd, 000132.533, 161
Trd, 000134.600, 150
Trd, 000135.483, 154
Trd, 000135.900, 152
Trd, 000136.633, 154
Trd, 000136.900, 155
Trd, 000137.233, 155
Trd, 000138.200, 154
Trd, 000138.717, 154
Trd, 000139.183, 154
Trd, 000139.500, 154
Trd, 000140.600, 156
Trd, 000140.617, 154
Trd, 000142.067, 154
Trd, 000142.417, 155
Trd, 000143.100, 154
Trd, 000143.867, 154
Trd, 000144.150, 155
Trd, 000144.267, 155
Trd, 000146.717, 157
Trd, 000147.267, 156
Trd, 000147.733, 159.0
Trd, 000147.833, 159.0
Trd, 000148.383, 156.0
Trd, 000148.750, 157
Trd, 000149.783, 158
Trd, 000150.150, 158
Trd, 000150.250, 158
Trd, 000150.433, 156
Trd, 000151.117, 155.0
Trd, 000153.367, 152
Trd, 000153.417, 152
Trd, 000153.717, 151
Trd, 000154.467, 151
Trd, 000154.767, 157
Trd, 000154.900, 150
Trd, 000154.983, 168.0
Trd, 000156.000, 172.0
Trd, 000156.567, 159
Trd, 000158.950, 155
Trd, 000159.533, 155
Trd, 000159.800, 155
Trd, 000160.200, 153
Trd, 000160.250, 140
Trd, 000160.467, 157
Trd, 000162.333, 157
Trd, 000163.567, 154
Trd, 000163.883, 155
Trd, 000164.067, 151
Trd, 000164.883, 152
Trd, 000164.917, 153
Trd, 000165.900, 152
Trd, 000166.350, 164
Trd, 000166.917, 160
Trd, 000167.483, 159
Trd, 000167.850, 161
Trd, 000169.067, 160
Trd, 000169.117, 160
Trd, 000169.500, 172.0
Trd, 000169.900, 175
Trd, 000170.933, 158
Trd, 000171.583, 161
Trd, 000172.317, 162
Trd, 000173.233, 166
Trd, 000174.533, 160
Trd, 000175.200, 165
Trd, 000175.633, 158
Trd, 000177.633, 159
Trd, 000177.733, 158
Trd, 000177.800, 155.0
Trd, 000178.550, 158
Trd, 000178.850, 157
Trd, 000179.167, 157
Trd, 000180.583, 157
Trd, 000180.817, 156
Trd, 000181.667, 157
Trd, 000182.733, 159
Trd, 000183.317, 156
Trd, 000183.400, 155
Trd, 000183.650, 156
Trd, 000184.583, 158
Trd, 000185.550, 158
Trd, 000186.167, 158
Trd, 000187.067, 158
Trd, 000188.083, 157
Trd, 000188.183, 160
Trd, 000188.567, 156
Trd, 000190.933, 155
Trd, 000191.333, 154
Trd, 000191.650, 156
Trd, 000192.267, 155
Trd, 000192.433, 154
Trd, 000193.067, 159
Trd, 000193.167, 154
Trd, 000193.283, 153
Trd, 000194.050, 152
Trd, 000196.500, 147
Trd, 000196.550, 147
Trd, 000197.000, 145
Trd, 000197.617, 147
Trd, 000197.767, 146
Trd, 000198.133, 146
Trd, 000198.233, 148
Trd, 000199.517, 147
Trd, 000199.750, 149
Trd, 000200.250, 148
Trd, 000201.100, 149
Trd, 000201.817, 150
Trd, 000202.150, 151
Trd, 000202.483, 152
Trd, 000202.867, 162
Trd, 000203.133, 163
Trd, 000203.917, 153
Trd, 000204.750, 160
Trd, 000205.433, 156
Trd, 000205.483, 167.0
Trd, 000207.633, 156.0
Trd, 000208.217, 156.0
Trd, 000208.700, 158
Trd, 000209.467, 155
Trd, 000209.983, 157
Trd, 000210.017, 156
Trd, 000210.383, 156.0
Trd, 000211.567, 156
Trd, 000212.283, 170
Trd, 000212.333, 156
Trd, 000212.383, 155
Trd, 000213.417, 155.0
Trd, 000214.917, 151
Trd, 000215.183, 152
Trd, 000215.667, 153
Trd, 000216.700, 153
Trd, 000216.867, 153
Trd, 000216.933, 154
Trd, 000217.317, 168
Trd, 000219.333, 161
Trd, 000219.550, 161
Trd, 000219.967, 162
Trd, 000220.050, 155.0
Trd, 000222.717, 159
Trd, 000222.967, 158
Trd, 000223.467, 157
Trd, 000223.900, 156
Trd, 000223.933, 147
Trd, 000225.217, 153.0
Trd, 000225.633, 152
Trd, 000225.683, 154
Trd, 000226.000, 156
Trd, 000226.883, 149
Trd, 000226.933, 156
Trd, 000227.517, 151
Trd, 000228.467, 153
Trd, 000229.300, 152
Trd, 000230.150, 151
Trd, 000230.433, 154
Trd, 000231.033, 155
Trd, 000231.783, 168.0
Trd, 000232.633, 160
Trd, 000233.333, 160
Trd, 000233.683, 160
Trd, 000234.000, 160
Trd, 000234.200, 161
Trd, 000235.400, 162
Trd, 000235.650, 161
Trd, 000236.100, 160
Trd, 000236.433, 167.0
Trd, 000237.533, 169.0
Trd, 000237.800, 160
Trd, 000238.033, 172.0
Trd, 000238.333, 146
Trd, 000238.883, 155
Trd, 000239.433, 152
Trd, 000239.683, 152
Trd, 000240.217, 151
Trd, 000240.367, 150
Trd, 000240.733, 150
Trd, 000240.850, 149
Trd, 000241.067, 150
Trd, 000241.600, 149
Trd, 000241.883, 147
Trd, 000242.117, 140
Trd, 000243.400, 153
Trd, 000244.550, 151
Trd, 000245.100, 151
Trd, 000245.300, 149
Trd, 000245.533, 148
Trd, 000245.917, 151
Trd, 000245.983, 150
Trd, 000246.700, 150
Trd, 000247.033, 151
Trd, 000247.100, 152
Trd, 000247.183, 153
Trd, 000247.550, 152
Trd, 000248.333, 149
Trd, 000248.733, 148
Trd, 000249.233, 151.0
Trd, 000249.750, 151.0
Trd, 000250.300, 149
Trd, 000251.017, 152
Trd, 000251.350, 148
Trd, 000251.533, 149
Trd, 000252.383, 151
Trd, 000252.433, 151.0
Trd, 000252.533, 152
Trd, 000254.217, 154
Trd, 000254.467, 154
Trd, 000254.783, 154
Trd, 000255.067, 154
Trd, 000255.200, 154
Trd, 000255.783, 152
Trd, 000255.917, 154.0
Trd, 000256.367, 155.0
Trd, 000256.817, 154
Trd, 000257.317, 152
Trd, 000257.417, 151.0
Trd, 000258.217, 154
Trd, 000258.617, 153
Trd, 000258.667, 151
Trd, 000258.867, 151
Trd, 000259.500, 151.0
Trd, 000259.683, 153
Trd, 000260.033, 150
Trd, 000260.200, 151
Trd, 000260.417, 152
Trd, 000260.433, 150
Trd, 000260.900, 153
Trd, 000261.383, 154
Trd, 000261.850, 148
Trd, 000262.100, 152
Trd, 000262.550, 150
Trd, 000263.300, 167
Trd, 000264.800, 162
Trd, 000264.850, 161
Trd, 000265.550, 160
Trd, 000266.333, 158
Trd, 000266.717, 157.0
Trd, 000266.933, 159
Trd, 000267.133, 155.0
Trd, 000267.333, 151.0
Trd, 000268.367, 155
Trd, 000268.950, 154
Trd, 000269.083, 154
Trd, 000269.300, 153
Trd, 000269.500, 155
Trd, 000269.583, 157
Trd, 000269.683, 160
Trd, 000270.300, 152.0
Trd, 000270.933, 153
Trd, 000271.150, 152
Trd, 000271.183, 151.0
Trd, 000271.633, 151
Trd, 000272.133, 153
Trd, 000272.600, 149
Trd, 000272.683, 152
Trd, 000273.900, 150
Trd, 000274.733, 149
Trd, 000275.050, 149
Trd, 000275.367, 149
Trd, 000275.600, 147
Trd, 000276.383, 149
Trd, 000276.633, 150
Trd, 000276.750, 151.0
Trd, 000277.250, 150
Trd, 000278.633, 151
Trd, 000278.650, 151
Trd, 000278.883, 151
Trd, 000278.917, 147
Trd, 000279.683, 155
Trd, 000279.867, 158
Trd, 000280.117, 155.0
Trd, 000280.700, 163
Trd, 000281.817, 152.0
Trd, 000282.417, 157
Trd, 000282.900, 159.0
Trd, 000283.417, 151.0
Trd, 000283.833, 151.0
Trd, 000284.717, 156
Trd, 000285.083, 156
Trd, 000285.433, 151
Trd, 000285.900, 166.0
Trd, 000286.333, 153
Trd, 000286.917, 153
Trd, 000287.183, 157
Trd, 000287.267, 154
Trd, 000287.367, 153
Trd, 000287.383, 152
Trd, 000287.817, 149
Trd, 000287.950, 161
Trd, 000289.633, 152
Trd, 000290.250, 153
Trd, 000290.300, 151
Trd, 000290.317, 151.0
Trd, 000291.517, 148
Trd, 000291.633, 149
Trd, 000291.917, 140
Trd, 000292.317, 144
Trd, 000292.717, 147
Trd, 000292.950, 145
Trd, 000293.150, 147
Trd, 000293.633, 148
Trd, 000293.800, 145
Trd, 000293.900, 144
Trd, 000294.350, 155
Trd, 000295.767, 156.0
Trd, 000296.250, 155
Trd, 000296.350, 155.0
Trd, 000296.650, 154.0
Trd, 000296.717, 152
Trd, 000297.700, 153.0
Trd, 000297.750, 168.0
Trd, 000298.150, 153.0
Trd, 000298.750, 151.0
Trd, 000299.167, 147
Trd, 000299.400, 159
