Trd, 000001.767, 154
Trd, 000001.983, 182.0
Trd, 000002.333, 140
Trd, 000002.700, 172
Trd, 000003.683, 172.0
Trd, 000004.400, 155
Trd, 000005.733, 147
Trd, 000006.217, 155
Trd, 000008.083, 161.0
Trd, 000008.333, 162.0
Trd, 000008.750, 156
Trd, 000009.600, 156
Trd, 000010.483, 157
Trd, 000010.700, 156
Trd, 000010.900, 155
Trd, 000012.283, 158
Trd, 000012.583, 158
Trd, 000013.217, 156
Trd, 000014.950, 155
Trd, 000015.150, 154
Trd, 000015.667, 155
Trd, 000015.800, 162.0
Trd, 000016.833, 153
Trd, 000019.067, 152
Trd, 000019.350, 152
Trd, 000019.817, 152.0
Trd, 000020.250, 154
Trd, 000021.083, 153.0
Trd, 000021.767, 152
Trd, 000022.033, 151.0
Trd, 000022.450, 152
Trd, 000023.233, 151
Trd, 000023.867, 150
Trd, 000025.083, 148
Trd, 000025.217, 148
Trd, 000025.867, 147
Trd, 000026.067, 146
Trd, 000026.217, 147
Trd, 000026.633, 150
Trd, 000028.383, 150
Trd, 000028.450, 162.0
Trd, 000028.700, 151
Trd, 000029.250, 154
Trd, 000030.100, 154
Trd, 000031.150, 154
Trd, 000031.267, 154
Trd, 000031.567, 152
Trd, 000032.850, 160
Trd, 000032.983, 151
Trd, 000033.483, 156
Trd, 000035.317, 154
Trd, 000035.717, 153.0
Trd, 000036.750, 152.0
Trd, 000038.400, 157
Trd, 000038.533, 158
Trd, 000040.000, 156
Trd, 000040.317, 157
Trd, 000042.917, 157
Trd, 000043.467, 159
Trd, 000043.617, 162.0
Trd, 000044.017, 162
Trd, 000044.283, 159
Trd, 000045.417, 159
Trd, 000046.167, 159
Trd, 000046.633, 158.0
Trd, 000047.133, 159
Trd, 000047.167, 157
Trd, 000047.467, 157
Trd, 000048.767, 144
Trd, 000048.850, 146
Trd, 000049.300, 145
Trd, 000050.450, 145
Trd, 000050.650, 146
Trd, 000051.533, 147
Trd, 000053.233, 145
Trd, 000054.067, 146
Trd, 000054.533, 147
Trd, 000054.983, 147
Trd, 000055.317, 146
Trd, 000055.817, 145
Trd, 000056.950, 144
Trd, 000057.317, 144
Trd, 000057.483, 145
Trd, 000058.167, 141
Trd, 000058.750, 144
Trd, 000059.333, 144
Trd, 000060.167, 145
Trd, 000060.733, 145
Trd, 000060.883, 144
Trd, 000061.633, 145
Trd, 000062.100, 161.0
Trd, 000062.267, 152
Trd, 000064.250, 149
Trd, 000064.933, 148
Trd, 000064.950, 148
Trd, 000065.900, 143
Trd, 000065.950, 149
Trd, 000067.283, 147
Trd, 000067.700, 147
Trd, 000068.617, 148
Trd, 000069.367, 151
Trd, 000070.417, 148
Trd, 000070.650, 147
Trd, 000071.467, 149
Trd, 000071.483, 147
Trd, 000071.833, 148
Trd, 000072.283, 148
Trd, 000072.583, 151
Trd, 000073.767, 152.0
Trd, 000075.383, 154
Trd, 000075.917, 154
Trd, 000075.983, 152
Trd, 000077.317, 153
Trd, 000078.633, 153
Trd, 000078.850, 154
Trd, 000079.200, 154
Trd, 000079.867, 154
Trd, 000080.600, 154
Trd, 000081.367, 155
Trd, 000081.417, 158
Trd, 000082.267, 144
Trd, 000082.517, 152
Trd, 000083.100, 150
Trd, 000084.333, 150
Trd, 000084.700, 150
Trd, 000084.967, 151
Trd, 000085.233, 164.0
Trd, 000086.150, 149
Trd, 000086.483, 148
Trd, 000086.683, 146
Trd, 000088.983, 151
Trd, 000089.167, 152
Trd, 000089.383, 151
Trd, 000089.517, 151
Trd, 000089.617, 152
Trd, 000089.817, 152
Trd, 000090.767, 162.0
Trd, 000092.850, 154
Trd, 000094.217, 159
Trd, 000094.700, 158.0
Trd, 000094.717, 157
Trd, 000094.867, 157
Trd, 000094.950, 160.0
Trd, 000095.933, 156
Trd, 000096.067, 155
Trd, 000096.200, 154
Trd, 000097.650, 154
Trd, 000098.083, 155
Trd, 000098.867, 162.0
Trd, 000099.800, 157
Trd, 000100.067, 157
Trd, 000101.100, 156
Trd, 000101.733, 157
Trd, 000102.583, 156
Trd, 000103.267, 157
Trd, 000103.817, 156
Trd, 000103.967, 157
Trd, 000104.333, 154
Trd, 000104.750, 156
Trd, 000105.800, 156
Trd, 000105.933, 155.0
Trd, 000106.517, 155
Trd, 000106.683, 154
Trd, 000107.533, 155
Trd, 000107.633, 156
Trd, 000110.100, 157
Trd, 000110.333, 156
Trd, 000111.000, 157
Trd, 000111.350, 157
Trd, 000111.583, 155
Trd, 000113.250, 154
Trd, 000114.117, 154.0
Trd, 000114.200, 153
Trd, 000115.533, 155.0
Trd, 000116.117, 154
Trd, 000117.133, 153
Trd, 000117.267, 155
Trd, 000118.217, 154
Trd, 000118.233, 155
Trd, 000119.200, 155
Trd, 000120.283, 154
Trd, 000120.933, 153
Trd, 000121.150, 151
Trd, 000121.300, 154
Trd, 000123.217, 152.0
Trd, 000124.317, 151
Trd, 000125.050, 153
Trd, 000125.767, 154
Trd, 000125.800, 155
Trd, 000126.500, 154
Trd, 000126.917, 152
Trd, 000127.383, 151
Trd, 000127.683, 150
Trd, 000129.067, 154
Trd, 000129.133, 155
Trd, 000129.667, 156
Trd, 000129.750, 154
Trd, 000130.967, 153
Trd, 000131.267, 154
Trd, 000131.867, 153
Trd, 000132.650, 151.0
Trd, 000133.183, 150
Trd, 000133.400, 150
Trd, 000133.700, 145
Trd, 000134.300, 154
Trd, 000135.133, 155
Trd, 000135.550, 160.0
Trd, 000136.350, 154
Trd, 000137.600, 155
Trd, 000138.050, 161.0
Trd, 000138.700, 159
Trd, 000139.467, 158
Trd, 000139.917, 157.0
Trd, 000140.917, 156
Trd, 000141.367, 157
Trd, 000141.917, 157
Trd, 000141.967, 156
Trd, 000142.667, 156
Trd, 000143.750, 156
Trd, 000143.850, 155
Trd, 000145.650, 156
Trd, 000146.083, 157
Trd, 000146.100, 153
Trd, 000146.867, 156
Trd, 000146.900, 162.0
Trd, 000147.567, 144
Trd, 000147.683, 150
Trd, 000148.650, 150
Trd, 000149.733, 148
Trd, 000149.950, 150
Trd, 000150.350, 151
Trd, 000151.283, 152
Trd, 000152.250, 151
Trd, 000152.383, 150
Trd, 000153.200, 151
Trd, 000153.333, 150
Trd, 000154.517, 152
Trd, 000155.450, 161.0
Trd, 000156.000, 153
Trd, 000156.417, 153
Trd, 000156.483, 151
Trd, 000158.583, 151
Trd, 000159.583, 144
Trd, 000159.950, 145
Trd, 000160.517, 144
Trd, 000160.533, 144
Trd, 000160.583, 145
Trd, 000160.683, 143
Trd, 000161.017, 147
Trd, 000161.950, 162.0
Trd, 000162.533, 165.0
Trd, 000163.517, 154
Trd, 000163.933, 154
Trd, 000164.467, 155
Trd, 000164.683, 153
Trd, 000164.833, 164
Trd, 000164.967, 153
Trd, 000165.100, 157
Trd, 000166.617, 158
Trd, 000167.317, 158
Trd, 000167.367, 157
Trd, 000168.100, 157
Trd, 000168.933, 158
Trd, 000169.483, 156
Trd, 000169.550, 157
Trd, 000171.833, 156
Trd, 000172.850, 156
Trd, 000172.917, 155
Trd, 000173.050, 156
Trd, 000173.733, 155
Trd, 000174.183, 155
Trd, 000174.717, 159
Trd, 000175.517, 156
Trd, 000176.650, 158
Trd, 000177.500, 158
Trd, 000177.817, 159
Trd, 000178.567, 158.0
Trd, 000180.650, 158.0
Trd, 000180.717, 156
Trd, 000183.033, 157
Trd, 000183.683, 156
Trd, 000184.583, 157
Trd, 000185.200, 153
Trd, 000185.233, 162.0
Trd, 000186.417, 162.0
Trd, 000186.683, 161
Trd, 000190.000, 160.0
Trd, 000190.800, 159
Trd, 000190.967, 160
Trd, 000191.450, 160
Trd, 000192.600, 159
Trd, 000194.583, 158
Trd, 000195.250, 159
Trd, 000195.500, 158.0
Trd, 000195.867, 159
Trd, 000196.217, 160
Trd, 000197.017, 157
Trd, 000197.417, 160.0
Trd, 000198.633, 157
Trd, 000198.667, 156
Trd, 000200.450, 155
Trd, 000200.533, 155
Trd, 000200.717, 155
Trd, 000200.983, 155
Trd, 000201.567, 155.0
Trd, 000202.517, 154
Trd, 000203.000, 156
Trd, 000203.483, 158
Trd, 000204.083, 162.0
Trd, 000206.100, 159.0
Trd, 000206.317, 158.0
Trd, 000206.617, 159
Trd, 000210.183, 158
Trd, 000210.583, 158
Trd, 000210.800, 159
Trd, 000211.283, 159
Trd, 000212.417, 158
Trd, 000213.183, 158
Trd, 000213.967, 156
Trd, 000215.217, 155
Trd, 000215.750, 156
Trd, 000216.300, 155
Trd, 000216.500, 154
Trd, 000216.517, 155
Trd, 000217.050, 154.0
Trd, 000218.117, 155
Trd, 000218.383, 155
Trd, 000218.717, 155
Trd, 000218.850, 149
Trd, 000219.817, 153
Trd, 000219.867, 152.0
Trd, 000220.100, 153
Trd, 000220.217, 162.0
Trd, 000222.417, 152.0
Trd, 000222.517, 152
Trd, 000222.683, 153
Trd, 000223.250, 151.0
Trd, 000223.633, 151
Trd, 000224.433, 152
Trd, 000224.517, 150
Trd, 000225.133, 150
Trd, 000225.833, 153
Trd, 000226.233, 154
Trd, 000227.700, 155
Trd, 000228.433, 153
Trd, 000229.383, 153
Trd, 000230.050, 152
Trd, 000230.233, 154
Trd, 000231.100, 153
Trd, 000231.233, 154
Trd, 000231.417, 154
Trd, 000231.833, 150
Trd, 000232.967, 155
Trd, 000234.367, 153
Trd, 000235.250, 153
Trd, 000236.267, 153
Trd, 000236.317, 152
Trd, 000237.833, 153
Trd, 000238.700, 151.0
Trd, 000238.717, 152
Trd, 000239.133, 151
Trd, 000239.400, 153
Trd, 000239.933, 152
Trd, 000240.967, 152
Trd, 000241.233, 153.0
Trd, 000241.717, 152.0
Trd, 000242.167, 151
Trd, 000242.483, 155.0
Trd, 000242.700, 157.0
Trd, 000243.633, 156
Trd, 000243.767, 155
Trd, 000245.050, 161.0
Trd, 000245.467, 157
Trd, 000246.500, 155
Trd, 000246.583, 155.0
Trd, 000247.050, 155
Trd, 000247.500, 156
Trd, 000248.333, 156
Trd, 000249.217, 154
Trd, 000249.517, 155
Trd, 000250.433, 154
Trd, 000250.533, 155
Trd, 000250.600, 153
Trd, 000251.100, 155
Trd, 000251.667, 157
Trd, 000252.183, 158.0
Trd, 000252.683, 158
Trd, 000253.383, 157
Trd, 000253.783, 159
Trd, 000254.700, 159
Trd, 000255.117, 159
Trd, 000255.717, 157
Trd, 000255.833, 156
Trd, 000256.333, 156
Trd, 000256.833, 155
Trd, 000257.033, 156
Trd, 000257.150, 154
Trd, 000257.600, 154
Trd, 000258.000, 159
Trd, 000258.283, 162.0
Trd, 000259.617, 156
Trd, 000260.000, 154
Trd, 000260.350, 154
Trd, 000260.467, 152
Trd, 000260.600, 151.0
Trd, 000260.850, 151
Trd, 000261.217, 150
Trd, 000262.583, 152
Trd, 000262.667, 151
Trd, 000262.717, 152
Trd, 000263.183, 149
Trd, 000263.833, 151
Trd, 000264.633, 146
Trd, 000266.050, 147
Trd, 000266.517, 148
Trd, 000267.017, 149
Trd, 000267.417, 154.0
Trd, 000267.883, 148
Trd, 000268.550, 150
Trd, 000268.700, 147
Trd, 000269.233, 155.0
Trd, 000269.867, 150
Trd, 000270.067, 158
Trd, 000270.950, 151
Trd, 000271.683, 150
Trd, 000272.267, 149
Trd, 000272.817, 144
Trd, 000272.850, 145
Trd, 000272.867, 146
Trd, 000273.067, 145
Trd, 000273.317, 147
Trd, 000273.433, 149
Trd, 000276.167, 148
Trd, 000277.033, 148
Trd, 000277.350, 147
Trd, 000278.217, 148.0
Trd, 000279.500, 155.0
Trd, 000280.383, 159
Trd, 000280.567, 160
Trd, 000280.600, 168
Trd, 000281.167, 153
Trd, 000281.250, 153
Trd, 000282.100, 154
Trd, 000282.833, 154.0
Trd, 000283.367, 154
Trd, 000283.467, 152
Trd, 000284.317, 154.0
Trd, 000284.367, 153
Trd, 000284.700, 152
Trd, 000284.950, 152.0
Trd, 000285.083, 151.0
Trd, 000285.350, 151
Trd, 000285.383, 149
Trd, 000286.233, 154.0
Trd, 000287.700, 144.0
Trd, 000288.567, 149
Trd, 000289.200, 148
Trd, 000289.317, 149
Trd, 000289.417, 149
Trd, 000290.383, 149
Trd, 000290.567, 150
Trd, 000291.017, 149
Trd, 000291.183, 148
Trd, 000291.283, 145
Trd, 000291.433, 152
Trd, 000291.617, 155.0
Trd, 000292.150, 145
Trd, 000293.833, 147
Trd, 000293.933, 148
Trd, 000294.750, 148
Trd, 000295.000, 148
Trd, 000295.650, 147
Trd, 000296.133, 146
Trd, 000296.317, 146
Trd, 000296.333, 148
Trd, 000296.983, 149
Trd, 000297.567, 145
Trd, 000298.500, 147
Trd, 000299.417, 148
