Trd, 000001.017, 106.0
Trd, 000003.050, 151
Trd, 000003.500, 167
Trd, 000003.833, 155.0
Trd, 000003.900, 175.0
Trd, 000005.033, 163
Trd, 000006.783, 157
Trd, 000006.850, 159
Trd, 000007.367, 159
Trd, 000007.400, 151.0
Trd, 000008.950, 153.0
Trd, 000009.067, 148
Trd, 000011.033, 150.0
Trd, 000011.817, 150.0
Trd, 000012.050, 148.0
Trd, 000012.167, 144.0
Trd, 000012.983, 142.0
Trd, 000013.217, 147.0
Trd, 000013.550, 148.0
Trd, 000013.683, 165
Trd, 000014.500, 144
Trd, 000014.767, 158.0
Trd, 000015.450, 160.0
Trd, 000015.817, 162.0
Trd, 000015.833, 151.0
Trd, 000016.817, 141.0
Trd, 000017.483, 151
Trd, 000017.967, 168.0
Trd, 000018.967, 161.0
Trd, 000019.150, 143
Trd, 000019.367, 161.0
Trd, 000019.483, 162.0
Trd, 000020.317, 142
Trd, 000020.433, 138
Trd, 000021.300, 163
Trd, 000021.417, 164
Trd, 000021.467, 165
Trd, 000021.500, 141.0
Trd, 000021.850, 141.0
Trd, 000022.717, 167.0
Trd, 000022.733, 151.0
Trd, 000024.633, 160.0
Trd, 000025.567, 145
Trd, 000025.683, 149
Trd, 000026.150, 153
Trd, 000026.333, 153.0
Trd, 000026.667, 156.0
Trd, 000027.350, 143.0
Trd, 000028.683, 151
Trd, 000029.917, 152.0
Trd, 000030.000, 153.0
Trd, 000030.200, 151.0
Trd, 000030.400, 154.0
Trd, 000031.367, 162.0
Trd, 000031.450, 165
Trd, 000032.500, 156.0
Trd, 000032.617, 166.0
Trd, 000033.283, 155.0
Trd, 000033.583, 144.0
Trd, 000034.333, 164.0
Trd, 000034.700, 165
Trd, 000035.050, 167.0
Trd, 000035.417, 154
Trd, 000036.533, 162.0
Trd, 000037.967, 151.0
Trd, 000038.117, 144
Trd, 000039.650, 142.0
Trd, 000039.683, 155
Trd, 000039.917, 159.0
Trd, 000040.600, 158.0
Trd, 000041.183, 151
Trd, 000043.067, 148.0
Trd, 000043.617, 154.0
Trd, 000043.833, 145.0
Trd, 000045.050, 154.0
Trd, 000045.283, 153.0
Trd, 000045.317, 155.0
Trd, 000045.533, 162.0
Trd, 000046.667, 162
Trd, 000047.117, 162
Trd, 000047.417, 162
Trd, 000047.850, 162
Trd, 000049.050, 151.0
Trd, 000049.517, 144.0
Trd, 000050.167, 141.0
Trd, 000051.050, 162.0
Trd, 000051.800, 150
Trd, 000052.467, 162
Trd, 000052.617, 163
Trd, 000052.783, 165
Trd, 000052.900, 137
Trd, 000053.183, 168.0
Trd, 000053.850, 151.0
Trd, 000054.000, 136
Trd, 000054.683, 170
Trd, 000055.283, 168
Trd, 000056.833, 146.0
Trd, 000057.317, 147
Trd, 000057.700, 148
Trd, 000058.233, 153.0
Trd, 000058.633, 152.0
Trd, 000058.717, 154.0
Trd, 000059.333, 151.0
Trd, 000059.967, 161.0
Trd, 000060.083, 144.0
Trd, 000061.117, 142.0
Trd, 000061.700, 143
Trd, 000061.867, 145
Trd, 000062.100, 141.0
Trd, 000062.500, 141.0
Trd, 000062.800, 159.0
Trd, 000063.117, 159.0
Trd, 000063.500, 159
Trd, 000064.300, 162.0
Trd, 000064.333, 165
Trd, 000064.933, 144
Trd, 000065.500, 149
Trd, 000066.967, 146
Trd, 000067.600, 157
Trd, 000069.083, 152.0
Trd, 000069.583, 151.0
Trd, 000070.100, 157.0
Trd, 000070.550, 156.0
Trd, 000070.717, 148
Trd, 000071.400, 148
Trd, 000072.067, 146
Trd, 000072.283, 144.0
Trd, 000072.800, 148
Trd, 000073.050, 151
Trd, 000073.600, 137
Trd, 000074.250, 160
Trd, 000074.933, 140
Trd, 000075.367, 143
Trd, 000075.517, 142
Trd, 000076.300, 159.0
Trd, 000076.717, 151.0
Trd, 000077.567, 159.0
Trd, 000077.933, 127
Trd, 000078.917, 158.0
Trd, 000078.967, 160.0
Trd, 000079.033, 162.0
Trd, 000079.083, 166
Trd, 000079.200, 152.0
Trd, 000079.883, 151.0
Trd, 000080.267, 164
Trd, 000080.767, 165
Trd, 000081.000, 162.0
Trd, 000081.350, 161
Trd, 000083.267, 156
Trd, 000084.700, 158.0
Trd, 000085.233, 150.0
Trd, 000085.433, 148.0
Trd, 000085.500, 159.0
Trd, 000085.550, 160.0
Trd, 000086.233, 151.0
Trd, 000087.267, 151
Trd, 000087.900, 151.0
Trd, 000088.033, 148
Trd, 000088.700, 152
Trd, 000089.333, 152
Trd, 000089.450, 153
Trd, 000090.350, 154
Trd, 000090.583, 160.0
Trd, 000091.533, 157
Trd, 000091.717, 162.0
Trd, 000092.017, 155.0
Trd, 000092.550, 144.0
Trd, 000092.867, 163
Trd, 000093.583, 151.0
Trd, 000093.967, 162
Trd, 000094.733, 144
Trd, 000094.933, 160.0
Trd, 000095.417, 161.0
Trd, 000096.700, 153
Trd, 000097.150, 159.0
Trd, 000097.233, 161.0
Trd, 000097.867, 162.0
Trd, 000098.083, 165
Trd, 000098.117, 148
Trd, 000100.100, 156.0
Trd, 000100.733, 153.0
Trd, 000101.033, 158.0
Trd, 000101.117, 151.0
Trd, 000101.317, 141.0
Trd, 000101.800, 158.0
Trd, 000102.017, 162.0
Trd, 000104.200, 142.0
Trd, 000104.833, 141.0
Trd, 000105.033, 149
Trd, 000105.633, 135
Trd, 000106.117, 149
Trd, 000106.400, 145
Trd, 000106.700, 149
Trd, 000107.050, 148
Trd, 000107.850, 155.0
Trd, 000108.350, 161
Trd, 000108.683, 162.0
Trd, 000108.850, 160
Trd, 000108.983, 143.0
Trd, 000110.750, 157.0
Trd, 000111.383, 161
Trd, 000111.583, 162
Trd, 000111.733, 165
Trd, 000112.283, 142.0
Trd, 000112.733, 141.0
Trd, 000113.517, 163
Trd, 000114.433, 158
Trd, 000114.617, 160.0
Trd, 000115.600, 139
Trd, 000115.617, 160.0
Trd, 000115.967, 138
Trd, 000117.550, 162.0
Trd, 000117.583, 152.0
Trd, 000118.717, 151.0
Trd, 000119.017, 165
Trd, 000119.083, 141.0
Trd, 000119.183, 167.0
Trd, 000119.450, 154
Trd, 000120.267, 158.0
Trd, 000120.517, 139
Trd, 000121.050, 158.0
Trd, 000121.567, 155.0
Trd, 000122.983, 142
Trd, 000123.383, 144
Trd, 000123.833, 161.0
Trd, 000124.167, 161.0
Trd, 000125.333, 147
Trd, 000125.867, 143
Trd, 000126.283, 141
Trd, 000127.217, 167.0
Trd, 000127.567, 144.0
Trd, 000128.117, 137
Trd, 000129.550, 160
Trd, 000129.750, 147
Trd, 000129.917, 143
Trd, 000129.983, 141.0
Trd, 000130.983, 156
Trd, 000131.500, 158
Trd, 000131.800, 162.0
Trd, 000133.267, 160
Trd, 000134.283, 159
Trd, 000134.333, 164
Trd, 000134.883, 162.0
Trd, 000135.083, 136
Trd, 000135.300, 164
Trd, 000136.250, 156
Trd, 000136.783, 155.0
Trd, 000137.367, 155
Trd, 000138.233, 154
Trd, 000139.417, 151.0
Trd, 000139.433, 152
Trd, 000139.883, 145.0
Trd, 000140.117, 146
Trd, 000140.817, 142.0
Trd, 000142.217, 151
Trd, 000142.267, 141.0
Trd, 000142.333, 153.0
Trd, 000142.617, 155.0
Trd, 000143.117, 162.0
Trd, 000143.133, 151.0
Trd, 000143.700, 137
Trd, 000143.817, 147
Trd, 000143.950, 141.0
Trd, 000144.133, 136
Trd, 000145.300, 159
Trd, 000145.817, 158
Trd, 000146.350, 158
Trd, 000147.133, 156
Trd, 000147.500, 143.0
Trd, 000147.850, 141.0
Trd, 000148.833, 126
Trd, 000148.917, 143
Trd, 000149.367, 167
Trd, 000150.233, 162.0
Trd, 000151.983, 151.0
Trd, 000152.250, 144.0
Trd, 000152.317, 159
Trd, 000152.783, 146
Trd, 000153.017, 160
Trd, 000153.300, 161
Trd, 000153.967, 146
Trd, 000154.033, 161
Trd, 000154.617, 162.0
Trd, 000154.783, 139
Trd, 000155.350, 172
Trd, 000156.133, 176
Trd, 000156.633, 141.0
Trd, 000156.683, 178
Trd, 000157.400, 145
Trd, 000158.250, 173
Trd, 000158.583, 170
Trd, 000158.833, 155.0
Trd, 000159.217, 167.0
Trd, 000160.450, 151.0
Trd, 000160.900, 144.0
Trd, 000161.700, 142.0
Trd, 000162.333, 159.0
Trd, 000162.800, 160.0
Trd, 000163.567, 145.0
Trd, 000164.317, 145.0
Trd, 000164.667, 146
Trd, 000165.717, 153.0
Trd, 000166.433, 152.0
Trd, 000166.500, 154.0
Trd, 000166.900, 161.0
Trd, 000167.400, 144.0
Trd, 000167.900, 141.0
Trd, 000168.050, 136
Trd, 000168.467, 154
Trd, 000168.567, 155
Trd, 000169.783, 148
Trd, 000170.000, 154.0
Trd, 000170.650, 144.0
Trd, 000170.950, 152.0
Trd, 000171.233, 152.0
Trd, 000171.567, 154.0
Trd, 000171.933, 162.0
Trd, 000172.233, 167
Trd, 000172.550, 148
Trd, 000173.050, 169
Trd, 000173.367, 145
Trd, 000173.833, 173
Trd, 000174.017, 144.0
Trd, 000174.567, 141.0
Trd, 000175.150, 162.0
Trd, 000175.183, 155
Trd, 000175.850, 155.0
Trd, 000177.150, 148
Trd, 000177.317, 160
Trd, 000178.367, 158.0
Trd, 000178.500, 159.0
Trd, 000179.117, 160.0
Trd, 000179.350, 161.0
Trd, 000179.617, 162.0
Trd, 000180.917, 160
Trd, 000183.000, 151.0
Trd, 000183.150, 144.0
Trd, 000183.317, 141.0
Trd, 000183.517, 158
Trd, 000184.200, 154
Trd, 000184.217, 155.0
Trd, 000184.450, 137
Trd, 000185.683, 161
Trd, 000186.267, 155
Trd, 000186.950, 155.0
Trd, 000187.633, 159.0
Trd, 000188.483, 153.0
Trd, 000188.667, 153.0
Trd, 000189.067, 152.0
Trd, 000189.283, 151.0
Trd, 000189.433, 148
Trd, 000189.867, 151.0
Trd, 000189.917, 136
Trd, 000190.450, 148.0
Trd, 000190.617, 148.0
Trd, 000191.950, 147.0
Trd, 000193.117, 152.0
Trd, 000193.217, 154.0
Trd, 000193.750, 144.0
Trd, 000194.117, 141.0
Trd, 000194.150, 154.0
Trd, 000194.583, 136
Trd, 000194.617, 155.0
Trd, 000195.800, 152.0
Trd, 000196.450, 162.0
Trd, 000196.517, 151.0
Trd, 000198.150, 141
Trd, 000198.200, 164
Trd, 000199.483, 162
Trd, 000200.567, 161
Trd, 000201.283, 151.0
Trd, 000201.333, 161
Trd, 000202.567, 150
Trd, 000203.467, 160
Trd, 000203.800, 146.0
Trd, 000204.750, 163
Trd, 000205.533, 138
Trd, 000205.867, 146
Trd, 000206.050, 161.0
Trd, 000206.250, 141.0
Trd, 000206.517, 138
Trd, 000207.100, 160.0
Trd, 000207.133, 151.0
Trd, 000207.183, 161.0
Trd, 000207.483, 144.0
Trd, 000207.700, 162.0
Trd, 000208.467, 136
Trd, 000208.717, 141.0
Trd, 000209.000, 149
Trd, 000210.550, 155.0
Trd, 000211.217, 156
Trd, 000211.383, 139.0
Trd, 000213.633, 160
Trd, 000213.800, 143.0
Trd, 000214.033, 159.0
Trd, 000214.483, 142.0
Trd, 000215.850, 152.0
Trd, 000216.783, 152
Trd, 000217.167, 151.0
Trd, 000217.250, 141.0
Trd, 000218.017, 150.0
Trd, 000218.050, 138
Trd, 000218.500, 155.0
Trd, 000219.017, 162.0
Trd, 000219.167, 165
Trd, 000219.600, 172
Trd, 000220.217, 143
Trd, 000220.317, 137
Trd, 000220.383, 155.0
Trd, 000221.500, 149
Trd, 000222.183, 161.0
Trd, 000222.200, 151.0
Trd, 000222.433, 138
Trd, 000224.233, 171
Trd, 000224.767, 171
Trd, 000225.017, 175
Trd, 000225.800, 173
Trd, 000225.833, 145.0
Trd, 000226.150, 144.0
Trd, 000226.850, 151.0
Trd, 000227.500, 160.0
Trd, 000227.933, 162.0
Trd, 000228.217, 160
Trd, 000228.333, 165
Trd, 000229.033, 141.0
Trd, 000229.150, 164
Trd, 000229.233, 166
Trd, 000229.300, 159
Trd, 000229.667, 138
Trd, 000231.333, 160
Trd, 000232.450, 156
Trd, 000232.800, 156.0
Trd, 000233.350, 157
Trd, 000233.583, 157
Trd, 000234.033, 155.0
Trd, 000234.050, 156
Trd, 000234.167, 165
Trd, 000234.233, 151.0
Trd, 000234.567, 144.0
Trd, 000235.367, 142.0
Trd, 000236.067, 161.0
Trd, 000236.233, 141.0
Trd, 000237.400, 140
Trd, 000237.850, 155
Trd, 000238.117, 150
Trd, 000239.133, 143
Trd, 000239.200, 157.0
Trd, 000239.217, 159.0
Trd, 000239.800, 168.0
Trd, 000240.150, 155.0
Trd, 000240.717, 168
Trd, 000241.050, 158.0
Trd, 000241.583, 175
Trd, 000242.133, 155.0
Trd, 000242.333, 158.0
Trd, 000242.750, 154.0
Trd, 000243.267, 151.0
Trd, 000243.283, 165
Trd, 000243.483, 141.0
Trd, 000244.650, 139
Trd, 000244.733, 159.0
Trd, 000244.833, 161.0
Trd, 000245.183, 151.0
Trd, 000245.633, 160.0
Trd, 000246.017, 160.0
Trd, 000246.617, 150
Trd, 000248.000, 160.0
Trd, 000248.533, 162
Trd, 000248.750, 162.0
Trd, 000249.167, 162
Trd, 000249.433, 161.0
Trd, 000250.067, 160
Trd, 000250.867, 158.0
Trd, 000251.117, 157
Trd, 000251.600, 159
Trd, 000251.783, 160
Trd, 000251.867, 158.0
Trd, 000252.383, 164
Trd, 000252.900, 164
Trd, 000253.267, 163
Trd, 000253.717, 155.0
Trd, 000254.250, 154.0
Trd, 000254.833, 152.0
Trd, 000255.217, 152.0
Trd, 000255.300, 152
Trd, 000255.833, 142.0
Trd, 000255.933, 157
Trd, 000256.817, 161
Trd, 000257.100, 162.0
Trd, 000257.933, 162.0
Trd, 000258.517, 155.0
Trd, 000259.383, 152.0
Trd, 000259.500, 159
Trd, 000259.583, 161
Trd, 000260.550, 154
Trd, 000260.733, 155.0
Trd, 000261.133, 151.0
Trd, 000261.900, 144
Trd, 000262.650, 148.0
Trd, 000262.967, 160.0
Trd, 000263.067, 146
Trd, 000265.467, 152.0
Trd, 000265.683, 151.0
Trd, 000265.833, 154.0
Trd, 000266.450, 148.0
Trd, 000266.483, 150.0
Trd, 000266.833, 156.0
Trd, 000266.983, 155.0
Trd, 000267.567, 155.0
Trd, 000267.667, 151.0
Trd, 000267.717, 144.0
Trd, 000267.950, 143
Trd, 000268.683, 156.0
Trd, 000269.783, 145.0
Trd, 000269.950, 156.0
Trd, 000270.483, 163
Trd, 000270.533, 156.0
Trd, 000272.033, 156.0
Trd, 000272.167, 151.0
Trd, 000272.917, 145.0
Trd, 000273.267, 159
Trd, 000274.300, 145.0
Trd, 000274.417, 144.0
Trd, 000274.667, 150
Trd, 000274.817, 159
Trd, 000274.933, 160
Trd, 000275.550, 142
Trd, 000275.583, 148.0
Trd, 000276.183, 159.0
Trd, 000276.467, 159
Trd, 000276.567, 158.0
Trd, 000276.633, 157.0
Trd, 000277.250, 158.0
Trd, 000278.067, 162.0
Trd, 000278.500, 151.0
Trd, 000278.700, 148
Trd, 000279.567, 151.0
Trd, 000279.683, 151
Trd, 000280.217, 152
Trd, 000280.267, 153
Trd, 000280.717, 141.0
Trd, 000280.950, 146
Trd, 000282.650, 141
Trd, 000282.800, 154.0
Trd, 000283.083, 155.0
Trd, 000283.267, 140
Trd, 000283.783, 165
Trd, 000284.500, 160.0
Trd, 000284.950, 158.0
Trd, 000285.100, 154
Trd, 000285.483, 151.0
Trd, 000286.117, 155
Trd, 000286.450, 144
Trd, 000286.500, 155
Trd, 000286.850, 155
Trd, 000286.933, 142.0
Trd, 000287.767, 153.0
Trd, 000288.617, 154
Trd, 000288.800, 165
Trd, 000289.167, 162
Trd, 000289.283, 158.0
Trd, 000289.350, 155.0
Trd, 000290.650, 162.0
Trd, 000290.667, 161.0
Trd, 000291.017, 146.0
Trd, 000291.450, 165.0
Trd, 000292.150, 147.0
Trd, 000292.733, 146.0
Trd, 000292.917, 147.0
Trd, 000292.967, 144.0
Trd, 000293.267, 147.0
Trd, 000293.533, 143
Trd, 000293.683, 141.0
Trd, 000294.317, 146.0
Trd, 000294.550, 147.0
Trd, 000294.933, 148
Trd, 000295.150, 166.0
Trd, 000295.400, 144
Trd, 000295.983, 148.0
Trd, 000296.417, 165
Trd, 000297.033, 168.0
Trd, 000297.367, 158
Trd, 000297.550, 154.0
Trd, 000298.000, 153.0
Trd, 000298.183, 151.0
Trd, 000298.383, 142.0
Trd, 000298.833, 160.0
Trd, 000299.217, 165
Trd, 000299.233, 166
Trd, 000299.633, 151.0
Trd, 000299.883, 168.0
