Trd, 000002.917, 167.0
Trd, 000003.017, 188
Trd, 000003.583, 165.0
Trd, 000005.000, 151.0
Trd, 000005.033, 150
Trd, 000005.567, 163
Trd, 000007.033, 155.0
Trd, 000008.217, 152
Trd, 000008.433, 154
Trd, 000008.600, 151.0
Trd, 000009.667, 143
Trd, 000012.300, 148
Trd, 000012.317, 148
Trd, 000012.917, 150
Trd, 000013.867, 151.0
Trd, 000014.767, 161
Trd, 000014.967, 155.0
Trd, 000015.233, 162
Trd, 000015.317, 165.0
Trd, 000015.933, 138
Trd, 000016.617, 150.0
Trd, 000017.733, 141
Trd, 000019.400, 147
Trd, 000020.017, 147
Trd, 000020.383, 151.0
Trd, 000020.517, 151
Trd, 000020.650, 165.0
Trd, 000021.483, 155
Trd, 000022.217, 154.0
Trd, 000022.767, 152.0
Trd, 000023.283, 153.0
Trd, 000024.367, 153.0
Trd, 000026.033, 154
Trd, 000027.417, 153
Trd, 000027.567, 155
Trd, 000028.717, 152
Trd, 000029.167, 154
Trd, 000029.283, 155.0
Trd, 000029.383, 149
Trd, 000029.767, 130
Trd, 000032.033, 145
Trd, 000032.167, 146
Trd, 000032.383, 147
Trd, 000033.267, 151
Trd, 000034.383, 155.0
Trd, 000034.500, 151.0
Trd, 000035.367, 152
Trd, 000036.917, 150
Trd, 000037.050, 165.0
Trd, 000037.133, 162
Trd, 000037.450, 172.0
Trd, 000037.517, 148
Trd, 000038.300, 142
Trd, 000039.167, 151.0
Trd, 000040.133, 151
Trd, 000041.517, 148
Trd, 000041.783, 136
Trd, 000042.983, 135
Trd, 000043.700, 146
Trd, 000043.867, 151.0
Trd, 000044.117, 135
Trd, 000044.383, 140
Trd, 000044.983, 139
Trd, 000046.500, 149
Trd, 000047.317, 147
Trd, 000048.000, 148
Trd, 000048.250, 155.0
Trd, 000048.267, 146
Trd, 000049.083, 158.0
Trd, 000050.383, 141
Trd, 000050.717, 162
Trd, 000052.433, 150
Trd, 000052.567, 146
Trd, 000053.333, 151.0
Trd, 000054.400, 151.0
Trd, 000054.983, 146
Trd, 000055.067, 146
Trd, 000056.100, 147
Trd, 000056.200, 161.0
Trd, 000056.500, 154
Trd, 000056.850, 146
Trd, 000057.167, 156
Trd, 000059.083, 134
Trd, 000059.200, 131
Trd, 000059.583, 159
Trd, 000059.967, 141
Trd, 000060.967, 147
Trd, 000061.050, 151.0
Trd, 000061.100, 162
Trd, 000062.233, 162
Trd, 000063.133, 162
Trd, 000063.533, 149
Trd, 000063.850, 151.0
Trd, 000064.667, 151.0
Trd, 000064.700, 155.0
Trd, 000065.317, 156
Trd, 000066.383, 157.0
Trd, 000066.450, 157
Trd, 000066.733, 158.0
Trd, 000067.533, 158
Trd, 000068.733, 158.0
Trd, 000069.033, 158
Trd, 000069.517, 154
Trd, 000070.533, 161
Trd, 000072.233, 147
Trd, 000072.917, 151.0
Trd, 000073.083, 149
Trd, 000073.333, 150
Trd, 000074.067, 135
Trd, 000074.767, 143
Trd, 000076.967, 142
Trd, 000077.233, 142
Trd, 000077.617, 149.0
Trd, 000078.967, 151.0
Trd, 000078.983, 145
Trd, 000080.267, 148
Trd, 000080.667, 148
Trd, 000080.900, 158.0
Trd, 000081.717, 144
Trd, 000082.750, 141
Trd, 000083.667, 141
Trd, 000084.250, 146
Trd, 000085.600, 145
Trd, 000086.067, 145
Trd, 000087.700, 151.0
Trd, 000087.933, 152
Trd, 000088.633, 155.0
Trd, 000089.917, 154
Trd, 000090.017, 155.0
Trd, 000091.783, 156
Trd, 000092.350, 157
Trd, 000093.183, 151.0
Trd, 000094.583, 150
Trd, 000094.850, 151
Trd, 000095.333, 155.0
Trd, 000097.033, 152
Trd, 000097.917, 149
Trd, 000098.033, 151.0
Trd, 000100.117, 155.0
Trd, 000100.317, 153
Trd, 000100.567, 152
Trd, 000101.750, 155.0
Trd, 000101.767, 151
Trd, 000102.217, 155
Trd, 000102.283, 158.0
Trd, 000103.383, 161
Trd, 000104.333, 152.0
Trd, 000104.950, 160
Trd, 000105.017, 151.0
Trd, 000105.333, 161
Trd, 000105.833, 147
Trd, 000106.250, 161
Trd, 000106.383, 162
Trd, 000106.400, 135
Trd, 000108.183, 163
Trd, 000109.450, 151
Trd, 000109.733, 151.0
Trd, 000111.317, 153
Trd, 000112.350, 155.0
Trd, 000112.667, 154
Trd, 000112.817, 157
Trd, 000113.533, 151.0
Trd, 000114.100, 154
Trd, 000114.883, 156
Trd, 000115.533, 149
Trd, 000116.383, 136
Trd, 000117.000, 142
Trd, 000117.617, 158.0
Trd, 000118.233, 151.0
Trd, 000119.733, 153
Trd, 000119.967, 154.0
Trd, 000120.150, 153
Trd, 000120.383, 155.0
Trd, 000121.333, 153
Trd, 000121.367, 149
Trd, 000122.267, 155
Trd, 000123.267, 149
Trd, 000126.033, 142
Trd, 000126.500, 145
Trd, 000126.683, 142
Trd, 000126.800, 149
Trd, 000127.367, 151.0
Trd, 000127.983, 141
Trd, 000128.983, 141
Trd, 000129.133, 147
Trd, 000129.233, 147
Trd, 000129.683, 151.0
Trd, 000130.267, 140
Trd, 000131.117, 155.0
Trd, 000131.650, 153
Trd, 000131.950, 154
Trd, 000133.417, 148
Trd, 000133.933, 151.0
Trd, 000134.517, 151.0
Trd, 000134.617, 152
Trd, 000134.650, 155
Trd, 000134.767, 158.0
Trd, 000134.967, 162
Trd, 000135.533, 153
Trd, 000136.750, 155.0
Trd, 000137.133, 154
Trd, 000138.383, 144
Trd, 000139.150, 144
Trd, 000139.167, 151.0
Trd, 000139.650, 136
Trd, 000139.817, 140
Trd, 000141.833, 142
Trd, 000141.967, 141
Trd, 000142.467, 143
Trd, 000143.000, 155.0
Trd, 000143.033, 142
Trd, 000143.450, 158.0
Trd, 000143.967, 146
Trd, 000144.233, 162
Trd, 000144.933, 149
Trd, 000145.317, 147
Trd, 000146.517, 150
Trd, 000146.750, 151.0
Trd, 000147.033, 149
Trd, 000147.167, 150
Trd, 000148.400, 151
Trd, 000150.150, 148
Trd, 000151.250, 151.0
Trd, 000151.717, 152
Trd, 000152.750, 153
Trd, 000153.633, 158.0
Trd, 000154.933, 152.0
Trd, 000155.467, 151.0
Trd, 000155.900, 151.0
Trd, 000157.600, 155.0
Trd, 000158.267, 151.0
Trd, 000158.500, 156.0
Trd, 000160.550, 156
Trd, 000161.017, 150
Trd, 000161.500, 142
Trd, 000161.583, 139
Trd, 000161.817, 149
Trd, 000162.150, 156
Trd, 000162.217, 158.0
Trd, 000162.550, 157
Trd, 000162.867, 155.0
Trd, 000163.617, 162
Trd, 000164.150, 152
Trd, 000164.183, 137
Trd, 000166.300, 147
Trd, 000166.617, 137
Trd, 000167.067, 142
Trd, 000167.350, 143
Trd, 000168.300, 143
Trd, 000169.633, 151.0
Trd, 000171.167, 155.0
Trd, 000171.933, 157.0
Trd, 000172.317, 161
Trd, 000173.117, 158
Trd, 000173.700, 157
Trd, 000173.983, 157
Trd, 000174.050, 151.0
Trd, 000176.250, 154
Trd, 000176.800, 154.0
Trd, 000177.450, 155.0
Trd, 000179.633, 155
Trd, 000179.717, 135
Trd, 000180.633, 155
Trd, 000180.867, 155.0
Trd, 000180.933, 164.0
Trd, 000182.417, 151
Trd, 000182.567, 163
Trd, 000182.917, 151.0
Trd, 000183.883, 150
Trd, 000184.250, 154.0
Trd, 000184.583, 155.0
Trd, 000184.683, 154
Trd, 000185.867, 155
Trd, 000186.083, 155
Trd, 000186.600, 147
Trd, 000186.900, 149
Trd, 000187.183, 130
Trd, 000187.850, 151.0
Trd, 000188.917, 153
Trd, 000189.383, 137
Trd, 000191.733, 143
Trd, 000191.967, 139
Trd, 000192.300, 143
Trd, 000192.733, 143
Trd, 000193.183, 141
Trd, 000193.883, 142
Trd, 000193.900, 141
Trd, 000195.517, 145
Trd, 000196.500, 145
Trd, 000196.617, 151.0
Trd, 000196.633, 155.0
Trd, 000199.050, 147
Trd, 000199.333, 150
Trd, 000199.717, 151
Trd, 000199.950, 151.0
Trd, 000200.217, 150
Trd, 000200.483, 152
Trd, 000201.983, 153
Trd, 000202.550, 152.0
Trd, 000203.317, 152.0
Trd, 000203.467, 151.0
Trd, 000205.550, 151.0
Trd, 000205.733, 152
Trd, 000206.700, 137
Trd, 000207.033, 158.0
Trd, 000207.517, 135
Trd, 000209.900, 151.0
Trd, 000211.333, 153
Trd, 000211.400, 153
Trd, 000211.700, 154
Trd, 000211.917, 155.0
Trd, 000212.017, 153
Trd, 000212.333, 151
Trd, 000212.817, 161
Trd, 000213.283, 161
Trd, 000213.800, 162
Trd, 000213.867, 171
Trd, 000216.617, 170
Trd, 000217.100, 170
Trd, 000217.467, 168
Trd, 000218.533, 153.0
Trd, 000218.850, 165
Trd, 000220.683, 151.0
Trd, 000221.450, 153
Trd, 000222.667, 157
Trd, 000223.483, 156
Trd, 000224.267, 157
Trd, 000224.300, 158
Trd, 000224.533, 158.0
Trd, 000224.800, 153
Trd, 000225.167, 151.0
Trd, 000226.417, 156
Trd, 000227.333, 156
Trd, 000227.483, 155
Trd, 000227.750, 158.0
Trd, 000228.633, 159
Trd, 000230.233, 145
Trd, 000230.250, 150
Trd, 000231.133, 150
Trd, 000231.633, 149
Trd, 000231.967, 149
Trd, 000232.183, 149
Trd, 000232.433, 150
Trd, 000233.600, 152
Trd, 000233.883, 150
Trd, 000233.933, 149
Trd, 000234.283, 153
Trd, 000234.550, 130
Trd, 000234.700, 151.0
Trd, 000234.933, 155.0
Trd, 000235.283, 161
Trd, 000238.233, 153
Trd, 000238.483, 158.0
Trd, 000238.533, 158
Trd, 000238.567, 141
Trd, 000240.300, 148.0
Trd, 000240.817, 146.0
Trd, 000241.033, 145
Trd, 000241.233, 146
Trd, 000241.600, 146
Trd, 000242.083, 149
Trd, 000242.683, 151.0
Trd, 000243.100, 144
Trd, 000244.183, 147
Trd, 000244.250, 149
Trd, 000244.333, 150
Trd, 000244.483, 155.0
Trd, 000245.083, 157.0
Trd, 000245.533, 151
Trd, 000246.367, 149
Trd, 000247.750, 153
Trd, 000248.733, 148
Trd, 000249.417, 149
Trd, 000250.283, 149
Trd, 000250.517, 148
Trd, 000250.933, 151
Trd, 000251.083, 150
Trd, 000251.317, 155.0
Trd, 000251.967, 155
Trd, 000252.233, 157
Trd, 000252.383, 158.0
Trd, 000252.667, 157
Trd, 000253.400, 158
Trd, 000253.933, 152
Trd, 000254.367, 154
Trd, 000255.000, 139
Trd, 000255.767, 155
Trd, 000255.800, 158
Trd, 000256.467, 157
Trd, 000257.817, 151
Trd, 000258.283, 148
Trd, 000258.367, 155.0
Trd, 000258.467, 156
Trd, 000259.233, 153.0
Trd, 000259.250, 150
Trd, 000260.200, 161
Trd, 000261.067, 162
Trd, 000261.650, 158
Trd, 000262.183, 167.0
Trd, 000262.700, 149
Trd, 000263.300, 149
Trd, 000263.383, 146
Trd, 000263.683, 147
Trd, 000264.117, 136
Trd, 000264.167, 134.0
Trd, 000264.517, 146
Trd, 000265.067, 134.0
Trd, 000265.100, 136
Trd, 000265.217, 151.0
Trd, 000265.483, 155.0
Trd, 000265.667, 158.0
Trd, 000265.883, 152
Trd, 000266.200, 152
Trd, 000266.383, 161
Trd, 000267.250, 163
Trd, 000267.333, 167.0
Trd, 000267.500, 167.0
Trd, 000267.850, 167.0
Trd, 000268.000, 162
Trd, 000269.967, 164
Trd, 000270.133, 162.0
Trd, 000270.767, 159.0
Trd, 000270.883, 164
Trd, 000271.783, 161.0
Trd, 000271.917, 155.0
Trd, 000272.033, 153.0
Trd, 000272.433, 159
Trd, 000272.733, 159
Trd, 000274.367, 159
Trd, 000274.567, 160
Trd, 000274.583, 151.0
Trd, 000274.617, 139
Trd, 000274.783, 137
Trd, 000274.883, 156
Trd, 000275.433, 162
Trd, 000275.633, 140
Trd, 000275.883, 166.0
Trd, 000277.200, 155.0
Trd, 000277.433, 159
Trd, 000278.350, 157
Trd, 000278.983, 144
Trd, 000279.617, 150
Trd, 000279.683, 147
Trd, 000280.150, 151.0
Trd, 000280.450, 141
Trd, 000280.667, 143
Trd, 000281.317, 140
Trd, 000281.717, 148
Trd, 000281.983, 150
Trd, 000282.033, 165.0
Trd, 000282.950, 146.0
Trd, 000283.033, 155.0
Trd, 000283.467, 153
Trd, 000283.983, 157.0
Trd, 000284.133, 158.0
Trd, 000285.333, 148
Trd, 000285.400, 144.0
Trd, 000285.883, 144.0
Trd, 000286.683, 136
Trd, 000287.033, 144
Trd, 000287.467, 151.0
Trd, 000287.850, 154.0
Trd, 000288.967, 153.0
Trd, 000289.017, 152.0
Trd, 000289.450, 154
Trd, 000289.467, 151.0
Trd, 000289.750, 154
Trd, 000291.150, 145
Trd, 000291.467, 151.0
Trd, 000291.500, 155.0
Trd, 000291.750, 148
Trd, 000291.800, 158.0
Trd, 000291.833, 144
Trd, 000292.267, 155
Trd, 000292.400, 136.0
Trd, 000292.917, 155.0
Trd, 000293.417, 161
Trd, 000294.250, 141
Trd, 000294.450, 140
Trd, 000294.883, 137.0
Trd, 000295.583, 146
Trd, 000296.167, 143
Trd, 000296.333, 145
Trd, 000296.583, 151.0
Trd, 000296.733, 142
Trd, 000298.050, 158.0
Trd, 000298.200, 138
Trd, 000299.167, 147
Trd, 000299.883, 150.0
