Trd, 000001.100, 145
Trd, 000001.233, 168.0
Trd, 000001.767, 141.0
Trd, 000003.017, 133
Trd, 000003.167, 134
Trd, 000003.550, 129
Trd, 000003.633, 143
Trd, 000003.800, 147.0
Trd, 000004.000, 148.0
Trd, 000004.883, 140
Trd, 000005.533, 158.0
Trd, 000005.883, 148
Trd, 000006.233, 149
Trd, 000006.567, 162.0
Trd, 000008.217, 146.0
Trd, 000009.750, 148.0
Trd, 000009.783, 146
Trd, 000010.550, 147
Trd, 000010.583, 148
Trd, 000010.750, 151
Trd, 000011.850, 145
Trd, 000012.650, 150
Trd, 000013.250, 150
Trd, 000013.733, 151
Trd, 000014.483, 152
Trd, 000014.700, 158.0
Trd, 000015.067, 151
Trd, 000015.867, 152
Trd, 000016.150, 148.0
Trd, 000016.750, 149
Trd, 000018.567, 150
Trd, 000018.967, 149
Trd, 000019.700, 149
Trd, 000019.950, 149
Trd, 000020.667, 149
Trd, 000021.083, 147
Trd, 000021.333, 145
Trd, 000021.533, 151
Trd, 000022.383, 147
Trd, 000022.967, 144.0
Trd, 000023.350, 146
Trd, 000024.650, 145
Trd, 000025.350, 143
Trd, 000025.517, 143
Trd, 000025.900, 143
Trd, 000026.317, 148.0
Trd, 000026.617, 149
Trd, 000026.667, 158.0
Trd, 000027.283, 151
Trd, 000028.367, 150
Trd, 000028.617, 149
Trd, 000029.050, 150
Trd, 000029.117, 151
Trd, 000029.500, 152
Trd, 000031.050, 148
Trd, 000031.633, 149
Trd, 000032.733, 150
Trd, 000032.850, 151
Trd, 000033.383, 151
Trd, 000034.117, 151
Trd, 000034.833, 149
Trd, 000035.317, 149
Trd, 000035.750, 150
Trd, 000035.850, 150
Trd, 000036.000, 148
Trd, 000036.217, 149
Trd, 000037.100, 151
Trd, 000038.283, 147
Trd, 000038.367, 144.0
Trd, 000038.900, 142
Trd, 000039.300, 143
Trd, 000039.467, 144
Trd, 000039.833, 146
Trd, 000040.083, 145
Trd, 000041.533, 145
Trd, 000042.067, 146
Trd, 000042.333, 148
Trd, 000042.767, 148.0
Trd, 000043.133, 144
Trd, 000043.233, 145
Trd, 000043.483, 147
Trd, 000044.650, 145
Trd, 000044.733, 146
Trd, 000046.050, 144
Trd, 000046.067, 144
Trd, 000046.133, 148
Trd, 000046.400, 147
Trd, 000047.367, 151
Trd, 000048.300, 150
Trd, 000048.900, 154.0
Trd, 000049.067, 165.0
Trd, 000050.117, 145
Trd, 000050.150, 147.0
Trd, 000050.400, 148.0
Trd, 000050.483, 150
Trd, 000051.567, 149
Trd, 000051.683, 146.0
Trd, 000052.217, 149
Trd, 000052.250, 148
Trd, 000052.800, 147
Trd, 000053.067, 150
Trd, 000053.200, 150
Trd, 000054.033, 147
Trd, 000054.267, 145
Trd, 000054.833, 147
Trd, 000055.133, 148
Trd, 000056.583, 148
Trd, 000057.000, 148
Trd, 000057.883, 143.0
Trd, 000058.783, 146
Trd, 000058.800, 148
Trd, 000059.867, 151
Trd, 000059.917, 152
Trd, 000060.083, 154
Trd, 000060.533, 146
Trd, 000060.617, 148.0
Trd, 000061.233, 152
Trd, 000061.933, 148
Trd, 000062.450, 151
Trd, 000062.633, 151
Trd, 000063.617, 150
Trd, 000063.633, 147
Trd, 000063.667, 144
Trd, 000064.483, 149
Trd, 000065.850, 146
Trd, 000066.250, 146
Trd, 000066.700, 146
Trd, 000067.767, 146
Trd, 000069.600, 145
Trd, 000069.917, 145
Trd, 000070.017, 147
Trd, 000070.350, 147.0
Trd, 000071.467, 147
Trd, 000071.683, 146
Trd, 000071.850, 147
Trd, 000072.617, 147
Trd, 000072.817, 148.0
Trd, 000073.300, 158.0
Trd, 000073.633, 146.0
Trd, 000074.233, 158.0
Trd, 000074.917, 144.0
Trd, 000075.717, 153
Trd, 000076.967, 149
Trd, 000077.717, 150
Trd, 000078.133, 149
Trd, 000078.383, 150
Trd, 000078.750, 151
Trd, 000079.467, 150
Trd, 000079.533, 151
Trd, 000079.900, 158.0
Trd, 000080.833, 150
Trd, 000080.983, 149
Trd, 000081.067, 153
Trd, 000082.267, 149
Trd, 000083.167, 147
Trd, 000083.183, 148
Trd, 000083.333, 148
Trd, 000083.767, 146
Trd, 000084.250, 144.0
Trd, 000084.517, 145
Trd, 000084.633, 146
Trd, 000085.850, 144
Trd, 000086.067, 143
Trd, 000086.133, 148.0
Trd, 000087.517, 141
Trd, 000087.617, 145
Trd, 000088.250, 146
Trd, 000088.867, 157.0
Trd, 000090.450, 146
Trd, 000090.850, 146
Trd, 000090.900, 145
Trd, 000091.000, 147
Trd, 000092.017, 146
Trd, 000093.183, 149
Trd, 000093.600, 144.0
Trd, 000093.750, 148
Trd, 000094.500, 148.0
Trd, 000094.650, 158.0
Trd, 000095.283, 151
Trd, 000095.483, 154
Trd, 000096.183, 148
Trd, 000096.683, 147
Trd, 000097.267, 161.0
Trd, 000097.917, 149
Trd, 000098.033, 155
Trd, 000098.317, 157
Trd, 000099.083, 157
Trd, 000099.600, 158.0
Trd, 000101.850, 158
Trd, 000102.967, 156
Trd, 000103.567, 151
Trd, 000103.917, 151
Trd, 000104.233, 149
Trd, 000104.833, 144.0
Trd, 000104.983, 149
Trd, 000105.400, 150
Trd, 000106.133, 150
Trd, 000107.383, 150
Trd, 000107.533, 151
Trd, 000108.917, 147
Trd, 000109.333, 145
Trd, 000109.633, 146
Trd, 000109.700, 147
Trd, 000110.450, 144
Trd, 000110.850, 145
Trd, 000111.483, 145
Trd, 000112.117, 145
Trd, 000112.733, 146
Trd, 000113.050, 145
Trd, 000114.067, 148.0
Trd, 000114.267, 158.0
Trd, 000114.617, 151
Trd, 000115.383, 148
Trd, 000116.133, 143
Trd, 000116.317, 148
Trd, 000116.550, 146
Trd, 000116.850, 148
Trd, 000117.333, 148
Trd, 000118.167, 148
Trd, 000119.033, 144.0
Trd, 000119.083, 148
Trd, 000119.883, 148
Trd, 000120.100, 147
Trd, 000120.600, 148.0
Trd, 000121.750, 145
Trd, 000121.867, 146
Trd, 000123.333, 146
Trd, 000123.367, 158.0
Trd, 000123.417, 150
Trd, 000123.867, 145
Trd, 000125.100, 144.0
Trd, 000125.167, 159
Trd, 000125.683, 153
Trd, 000126.200, 147
Trd, 000126.700, 144
Trd, 000127.150, 143
Trd, 000127.583, 142
Trd, 000127.767, 143.0
Trd, 000129.117, 144
Trd, 000129.483, 143
Trd, 000130.000, 143
Trd, 000130.600, 144.0
Trd, 000130.683, 143
Trd, 000131.500, 142
Trd, 000131.917, 142
Trd, 000132.000, 144
Trd, 000132.433, 141
Trd, 000132.633, 144
Trd, 000132.983, 148.0
Trd, 000133.800, 156.0
Trd, 000134.533, 156.0
Trd, 000134.983, 148.0
Trd, 000135.000, 154
Trd, 000135.233, 158.0
Trd, 000135.517, 146
Trd, 000136.017, 150
Trd, 000136.733, 149
Trd, 000138.617, 148
Trd, 000139.183, 149
Trd, 000139.517, 148.0
Trd, 000140.033, 147
Trd, 000140.517, 147
Trd, 000140.683, 148
Trd, 000140.750, 146
Trd, 000141.583, 145
Trd, 000141.983, 146
Trd, 000142.317, 164.0
Trd, 000142.667, 142
Trd, 000143.917, 148
Trd, 000144.250, 144
Trd, 000144.483, 145
Trd, 000144.617, 145
Trd, 000144.817, 144
Trd, 000144.950, 146
Trd, 000146.450, 148.0
Trd, 000147.233, 158.0
Trd, 000148.100, 182.0
Trd, 000148.517, 149
Trd, 000148.850, 156
Trd, 000149.133, 148.0
Trd, 000150.083, 149
Trd, 000151.267, 149
Trd, 000151.650, 149
Trd, 000152.183, 149
Trd, 000152.300, 150
Trd, 000154.050, 147
Trd, 000154.150, 146
Trd, 000154.450, 145.0
Trd, 000154.467, 146
Trd, 000155.100, 146
Trd, 000156.150, 144
Trd, 000156.683, 146
Trd, 000157.700, 148.0
Trd, 000157.950, 148
Trd, 000159.300, 184
Trd, 000159.683, 169
Trd, 000159.983, 165
Trd, 000160.350, 153
Trd, 000160.433, 144.0
Trd, 000161.267, 152
Trd, 000161.917, 151
Trd, 000162.283, 150
Trd, 000163.433, 147
Trd, 000163.467, 148
Trd, 000163.650, 149
Trd, 000163.967, 148.0
Trd, 000164.300, 148
Trd, 000164.467, 146
Trd, 000164.533, 151
Trd, 000166.267, 150
Trd, 000166.717, 148
Trd, 000167.217, 147
Trd, 000167.700, 148
Trd, 000168.567, 148
Trd, 000169.083, 148.0
Trd, 000169.650, 147
Trd, 000169.800, 148
Trd, 000170.033, 149
Trd, 000170.300, 146
Trd, 000171.700, 148
Trd, 000171.717, 149
Trd, 000172.350, 151
Trd, 000173.450, 145
Trd, 000173.667, 144
Trd, 000173.983, 148
Trd, 000174.600, 147
Trd, 000175.950, 146
Trd, 000176.217, 144
Trd, 000176.533, 146
Trd, 000176.733, 147
Trd, 000177.050, 147
Trd, 000177.733, 147
Trd, 000177.767, 148
Trd, 000178.350, 146
Trd, 000178.600, 148
Trd, 000179.717, 147.0
Trd, 000179.867, 144.0
Trd, 000180.733, 146
Trd, 000181.517, 145
Trd, 000181.850, 145
Trd, 000182.800, 141.0
Trd, 000183.083, 144
Trd, 000183.333, 148.0
Trd, 000183.950, 158.0
Trd, 000184.217, 142
Trd, 000184.600, 145
Trd, 000184.617, 147
Trd, 000184.900, 142
Trd, 000185.667, 145
Trd, 000186.567, 141.0
Trd, 000186.850, 143
Trd, 000186.917, 142
Trd, 000187.200, 144
Trd, 000187.600, 143.0
Trd, 000188.250, 144.0
Trd, 000188.283, 145
Trd, 000188.500, 147.0
Trd, 000188.550, 148.0
Trd, 000189.383, 152
Trd, 000190.283, 148
Trd, 000191.300, 150
Trd, 000191.717, 150
Trd, 000191.767, 157.0
Trd, 000192.167, 165.0
Trd, 000192.600, 157
Trd, 000194.017, 163
Trd, 000194.367, 162.0
Trd, 000194.733, 144.0
Trd, 000195.333, 151
Trd, 000196.133, 140.0
Trd, 000196.450, 139
Trd, 000196.550, 141.0
Trd, 000196.650, 138.0
Trd, 000197.833, 153
Trd, 000198.433, 145
Trd, 000199.033, 144
Trd, 000199.283, 143
Trd, 000199.533, 142
Trd, 000200.767, 141.0
Trd, 000201.250, 140
Trd, 000201.417, 139
Trd, 000201.717, 141.0
Trd, 000202.483, 142
Trd, 000202.550, 144.0
Trd, 000203.083, 143
Trd, 000203.317, 148.0
Trd, 000203.467, 158.0
Trd, 000205.433, 149
Trd, 000205.550, 165.0
Trd, 000205.967, 148
Trd, 000206.450, 153
Trd, 000206.717, 145
Trd, 000207.483, 144
Trd, 000207.550, 144
Trd, 000208.000, 143
Trd, 000208.217, 147
Trd, 000209.000, 142
Trd, 000209.700, 144.0
Trd, 000210.017, 142
Trd, 000210.567, 143
Trd, 000211.117, 143
Trd, 000211.717, 144.0
Trd, 000212.083, 145
Trd, 000212.200, 148.0
Trd, 000213.433, 142
Trd, 000214.483, 143
Trd, 000215.067, 141
Trd, 000215.183, 142
Trd, 000215.200, 143
Trd, 000215.267, 148.0
Trd, 000216.083, 144
Trd, 000216.117, 145
Trd, 000217.117, 157.0
Trd, 000217.817, 158.0
Trd, 000217.983, 149
Trd, 000218.383, 149
Trd, 000219.217, 150
Trd, 000220.050, 148.0
Trd, 000220.650, 147
Trd, 000220.933, 148
Trd, 000221.183, 152
Trd, 000222.300, 150
Trd, 000223.483, 147
Trd, 000223.933, 147
Trd, 000224.117, 147
Trd, 000224.967, 147
Trd, 000225.217, 147
Trd, 000225.517, 146
Trd, 000226.717, 146
Trd, 000227.350, 145
Trd, 000227.500, 147
Trd, 000227.683, 148.0
Trd, 000228.050, 148
Trd, 000228.600, 147
Trd, 000228.983, 149
Trd, 000229.467, 158.0
Trd, 000230.483, 188.0
Trd, 000230.783, 168.0
Trd, 000231.033, 163
Trd, 000231.567, 162
Trd, 000231.933, 152
Trd, 000232.400, 150
Trd, 000233.550, 159
Trd, 000233.983, 159
Trd, 000234.317, 152
Trd, 000234.667, 160
Trd, 000234.867, 174
Trd, 000235.050, 182.0
Trd, 000235.467, 168.0
Trd, 000236.350, 166
Trd, 000236.867, 157
Trd, 000237.533, 165
Trd, 000237.933, 160
Trd, 000238.417, 165
Trd, 000239.033, 154
Trd, 000239.183, 157
Trd, 000240.133, 152
Trd, 000240.150, 144.0
Trd, 000240.267, 154
Trd, 000240.500, 154
Trd, 000241.200, 154
Trd, 000241.233, 155
Trd, 000241.733, 156
Trd, 000241.850, 158.0
Trd, 000242.117, 155
Trd, 000242.133, 160.0
Trd, 000243.317, 157.0
Trd, 000243.833, 157.0
Trd, 000245.367, 154
Trd, 000245.667, 155
Trd, 000245.767, 153
Trd, 000245.933, 153
Trd, 000246.233, 150.0
Trd, 000246.467, 148
Trd, 000247.150, 150.0
Trd, 000247.550, 151
Trd, 000247.750, 150
Trd, 000247.783, 151.0
Trd, 000248.883, 151
Trd, 000249.650, 152
Trd, 000250.150, 152.0
Trd, 000251.067, 152.0
Trd, 000251.433, 152
Trd, 000251.583, 152
Trd, 000251.767, 153.0
Trd, 000252.050, 150
Trd, 000252.233, 150
Trd, 000252.283, 153
Trd, 000253.350, 150.0
Trd, 000253.450, 158.0
Trd, 000253.633, 162.0
Trd, 000254.600, 154
Trd, 000255.033, 154
Trd, 000255.283, 157
Trd, 000255.550, 153
Trd, 000255.867, 152
Trd, 000256.000, 150
Trd, 000256.600, 149
Trd, 000256.617, 150
Trd, 000257.833, 144
Trd, 000258.467, 146
Trd, 000259.533, 147
Trd, 000259.767, 144.0
Trd, 000259.883, 146
Trd, 000260.000, 147
Trd, 000260.033, 148
Trd, 000260.283, 147
Trd, 000260.567, 145
Trd, 000260.717, 148.0
Trd, 000261.067, 165.0
Trd, 000261.633, 172.0
Trd, 000261.817, 162.0
Trd, 000262.067, 152
Trd, 000262.300, 161
Trd, 000263.233, 160.0
Trd, 000263.517, 157
Trd, 000264.567, 152.0
Trd, 000264.917, 156
Trd, 000264.967, 161
Trd, 000265.100, 165.0
Trd, 000265.533, 148.0
Trd, 000265.900, 157.0
Trd, 000266.067, 153.0
Trd, 000266.083, 158.0
Trd, 000266.717, 156
Trd, 000267.083, 152
Trd, 000267.417, 152
Trd, 000267.667, 153
Trd, 000267.867, 144.0
Trd, 000268.133, 155
Trd, 000268.350, 145
Trd, 000269.533, 149
Trd, 000270.017, 152
Trd, 000270.617, 147
Trd, 000271.117, 150
Trd, 000271.367, 150
Trd, 000271.850, 145
Trd, 000271.917, 148
Trd, 000272.150, 150.0
Trd, 000272.567, 144.0
Trd, 000273.083, 144
Trd, 000273.283, 145
Trd, 000273.433, 146
Trd, 000273.517, 148.0
Trd, 000274.067, 151.0
Trd, 000274.167, 157.0
Trd, 000274.883, 150
Trd, 000275.483, 149
Trd, 000275.533, 149
Trd, 000276.217, 147
Trd, 000276.650, 147
Trd, 000277.383, 147
Trd, 000277.583, 145
Trd, 000278.250, 146
Trd, 000278.850, 147.0
Trd, 000279.267, 147
Trd, 000279.650, 148.0
Trd, 000279.900, 148
Trd, 000280.017, 144.0
Trd, 000280.400, 148.0
Trd, 000280.517, 149
Trd, 000280.700, 149
Trd, 000281.183, 151.0
Trd, 000281.450, 150.0
Trd, 000281.800, 158.0
Trd, 000281.833, 143
Trd, 000283.367, 153
Trd, 000283.617, 152
Trd, 000283.750, 154
Trd, 000284.033, 158.0
Trd, 000284.117, 141
Trd, 000284.650, 151
Trd, 000284.950, 150
Trd, 000284.967, 155
Trd, 000285.550, 147
Trd, 000285.817, 146
Trd, 000286.250, 151.0
Trd, 000286.433, 154
Trd, 000286.550, 148.0
Trd, 000286.667, 155
Trd, 000287.100, 165.0
Trd, 000287.583, 168.0
Trd, 000288.550, 153
Trd, 000288.900, 173.0
Trd, 000289.283, 162.0
Trd, 000290.167, 148.0
Trd, 000290.517, 162
Trd, 000290.883, 157.0
Trd, 000291.067, 151.0
Trd, 000291.333, 158.0
Trd, 000292.583, 152
Trd, 000293.533, 152
Trd, 000293.600, 151
Trd, 000293.883, 152
Trd, 000295.150, 149
Trd, 000295.767, 148
Trd, 000295.867, 148.0
Trd, 000295.883, 147
Trd, 000295.967, 144.0
Trd, 000296.183, 149
Trd, 000296.650, 147
Trd, 000296.667, 148
Trd, 000296.950, 151
Trd, 000297.683, 148.0
Trd, 000297.850, 144
Trd, 000298.083, 145
Trd, 000298.417, 141.0
Trd, 000298.633, 144.0
Trd, 000298.850, 147
