Trd, 000002.883, 150
Trd, 000003.150, 148
Trd, 000003.783, 152.0
Trd, 000004.083, 152.0
Trd, 000004.217, 145.0
Trd, 000004.767, 153
Trd, 000005.383, 146.0
Trd, 000005.800, 144.0
Trd, 000006.167, 155.0
Trd, 000006.567, 162.0
Trd, 000006.733, 162
Trd, 000007.317, 148.0
Trd, 000008.667, 152
Trd, 000009.917, 147
Trd, 000010.367, 148
Trd, 000010.717, 153
Trd, 000011.850, 150.0
Trd, 000012.450, 150
Trd, 000012.783, 147
Trd, 000013.117, 150
Trd, 000013.167, 151
Trd, 000013.517, 155.0
Trd, 000014.267, 153
Trd, 000014.483, 162.0
Trd, 000014.783, 145.0
Trd, 000015.433, 144.0
Trd, 000016.750, 155.0
Trd, 000017.633, 161
Trd, 000018.117, 166
Trd, 000018.283, 149.0
Trd, 000019.083, 159
Trd, 000019.283, 162.0
Trd, 000020.733, 153.0
Trd, 000021.367, 151.0
Trd, 000021.850, 160
Trd, 000023.000, 162
Trd, 000023.133, 150.0
Trd, 000023.417, 154
Trd, 000023.650, 149
Trd, 000024.733, 159
Trd, 000025.267, 162.0
Trd, 000025.800, 167
Trd, 000026.633, 149.0
Trd, 000026.750, 148.0
Trd, 000027.600, 149
Trd, 000027.833, 155.0
Trd, 000028.450, 174
Trd, 000030.950, 162.0
Trd, 000031.000, 151.0
Trd, 000031.333, 149.0
Trd, 000031.850, 152
Trd, 000031.867, 160
Trd, 000032.917, 158
Trd, 000032.950, 148.0
Trd, 000033.133, 144.0
Trd, 000033.333, 160
Trd, 000034.683, 148
Trd, 000034.783, 148.0
Trd, 000036.283, 149
Trd, 000036.417, 140.0
Trd, 000036.500, 138.0
Trd, 000037.083, 143
Trd, 000037.233, 143.0
Trd, 000038.483, 144.0
Trd, 000038.883, 145
Trd, 000039.100, 144.0
Trd, 000039.117, 145
Trd, 000039.617, 162.0
Trd, 000040.617, 159
Trd, 000041.950, 165
Trd, 000042.233, 170
Trd, 000042.250, 173
Trd, 000042.400, 164
Trd, 000044.217, 162
Trd, 000044.450, 162
Trd, 000045.067, 163
Trd, 000045.783, 151.0
Trd, 000046.217, 137.0
Trd, 000046.333, 151
Trd, 000046.683, 133
Trd, 000048.100, 147
Trd, 000048.433, 147.0
Trd, 000048.533, 144.0
Trd, 000048.867, 173
Trd, 000049.417, 173
Trd, 000050.567, 169
Trd, 000050.767, 162.0
Trd, 000051.167, 147
Trd, 000051.783, 170
Trd, 000052.367, 144.0
Trd, 000052.683, 172
Trd, 000053.233, 138.0
Trd, 000055.117, 162.0
Trd, 000055.383, 171
Trd, 000055.867, 171
Trd, 000056.550, 173
Trd, 000057.850, 167
Trd, 000057.867, 164
Trd, 000057.950, 162.0
Trd, 000059.333, 162
Trd, 000060.150, 162
Trd, 000061.133, 154
Trd, 000061.317, 152.0
Trd, 000061.617, 151.0
Trd, 000061.833, 137.0
Trd, 000062.333, 153
Trd, 000062.533, 152
Trd, 000062.800, 162.0
Trd, 000063.250, 151.0
Trd, 000063.983, 150
Trd, 000065.483, 148.0
Trd, 000066.550, 148
Trd, 000067.083, 148
Trd, 000067.117, 147
Trd, 000067.967, 155.0
Trd, 000068.550, 144.0
Trd, 000068.650, 138.0
Trd, 000068.667, 137.0
Trd, 000069.717, 159.0
Trd, 000069.767, 142
Trd, 000070.600, 157
Trd, 000070.867, 160.0
Trd, 000071.300, 182
Trd, 000072.117, 143
Trd, 000072.217, 137.0
Trd, 000072.717, 169
Trd, 000074.567, 165
Trd, 000074.650, 166
Trd, 000074.667, 163.0
Trd, 000074.717, 162.0
Trd, 000075.583, 149.0
Trd, 000077.767, 154
Trd, 000077.800, 153
Trd, 000078.233, 148.0
Trd, 000079.367, 144.0
Trd, 000079.883, 152
Trd, 000080.083, 153
Trd, 000080.117, 138.0
Trd, 000081.017, 154.0
Trd, 000081.150, 138.0
Trd, 000081.767, 144.0
Trd, 000082.000, 155.0
Trd, 000082.250, 137.0
Trd, 000082.650, 161.0
Trd, 000082.800, 162.0
Trd, 000083.983, 169
Trd, 000084.250, 165
Trd, 000085.967, 166
Trd, 000086.233, 166
Trd, 000086.267, 164
Trd, 000086.533, 168
Trd, 000087.083, 162.0
Trd, 000087.933, 151.0
Trd, 000088.833, 163
Trd, 000089.383, 162
Trd, 000089.783, 148.0
Trd, 000091.067, 152
Trd, 000091.450, 153
Trd, 000091.817, 145
Trd, 000092.300, 157
Trd, 000092.750, 154
Trd, 000094.683, 145.0
Trd, 000094.867, 153
Trd, 000095.467, 146.0
Trd, 000095.517, 155.0
Trd, 000095.633, 144.0
Trd, 000096.017, 154
Trd, 000096.667, 140.0
Trd, 000097.250, 152.0
Trd, 000098.183, 137.0
Trd, 000098.817, 154
Trd, 000100.500, 153.0
Trd, 000100.867, 153
Trd, 000101.050, 152
Trd, 000101.533, 155.0
Trd, 000101.867, 153
Trd, 000102.583, 162.0
Trd, 000102.633, 174
Trd, 000103.083, 150
Trd, 000103.750, 157
Trd, 000103.833, 175
Trd, 000104.017, 148.0
Trd, 000105.800, 159
Trd, 000106.283, 161
Trd, 000106.367, 150
Trd, 000107.567, 155
Trd, 000107.617, 145.0
Trd, 000108.683, 154
Trd, 000108.967, 155
Trd, 000109.800, 156
Trd, 000110.417, 151.0
Trd, 000110.767, 148.0
Trd, 000110.800, 155.0
Trd, 000111.133, 156
Trd, 000111.867, 154
Trd, 000112.250, 156
Trd, 000112.700, 161.0
Trd, 000112.933, 137.0
Trd, 000112.983, 131
Trd, 000114.150, 155.0
Trd, 000114.633, 162.0
Trd, 000116.083, 170
Trd, 000116.150, 164.0
Trd, 000116.333, 162.0
Trd, 000116.967, 175
Trd, 000117.400, 178
Trd, 000117.800, 166
Trd, 000119.650, 165
Trd, 000120.217, 164
Trd, 000120.467, 165
Trd, 000121.133, 162.0
Trd, 000121.700, 161
Trd, 000121.983, 157
Trd, 000122.417, 153
Trd, 000123.117, 151.0
Trd, 000123.533, 159
Trd, 000124.583, 164.0
Trd, 000125.850, 163
Trd, 000127.317, 167
Trd, 000128.283, 163
Trd, 000128.550, 163
Trd, 000128.650, 162.0
Trd, 000129.150, 151.0
Trd, 000129.417, 158
Trd, 000130.633, 149.0
Trd, 000130.683, 148
Trd, 000131.650, 152
Trd, 000131.733, 148.0
Trd, 000132.767, 151
Trd, 000133.217, 148
Trd, 000134.400, 149.0
Trd, 000135.267, 148.0
Trd, 000135.400, 152.0
Trd, 000135.433, 147.0
Trd, 000135.667, 162.0
Trd, 000135.717, 171
Trd, 000137.117, 155.0
Trd, 000137.667, 153
Trd, 000137.833, 157
Trd, 000138.600, 152
Trd, 000139.817, 155
Trd, 000140.067, 124
Trd, 000140.450, 153
Trd, 000140.683, 154
Trd, 000142.133, 154.0
Trd, 000142.533, 149
Trd, 000143.067, 149.0
Trd, 000143.433, 148.0
Trd, 000144.383, 153
Trd, 000144.533, 153
Trd, 000144.900, 155.0
Trd, 000145.267, 149
Trd, 000145.583, 155
Trd, 000146.250, 155
Trd, 000146.267, 149
Trd, 000146.950, 145.0
Trd, 000148.167, 151.0
Trd, 000148.583, 145.0
Trd, 000148.717, 151
Trd, 000149.400, 150
Trd, 000150.050, 155.0
Trd, 000150.550, 163
Trd, 000151.317, 165
Trd, 000152.350, 150
Trd, 000152.400, 154
Trd, 000152.417, 156
Trd, 000152.500, 149
Trd, 000153.600, 145.0
Trd, 000153.900, 144.0
Trd, 000154.017, 137.0
Trd, 000155.117, 157
Trd, 000155.583, 149
Trd, 000156.933, 154.0
Trd, 000157.317, 155.0
Trd, 000157.333, 158
Trd, 000157.417, 162.0
Trd, 000157.433, 151
Trd, 000157.717, 151
Trd, 000158.733, 162.0
Trd, 000159.967, 155.0
Trd, 000161.133, 160.0
Trd, 000161.417, 156
Trd, 000161.483, 145.0
Trd, 000161.650, 144.0
Trd, 000162.233, 161.0
Trd, 000163.367, 155.0
Trd, 000163.683, 161.0
Trd, 000163.900, 143.0
Trd, 000164.367, 155
Trd, 000165.967, 148
Trd, 000166.550, 162.0
Trd, 000167.083, 157
Trd, 000168.000, 175
Trd, 000168.750, 182
Trd, 000169.033, 164.0
Trd, 000170.567, 169
Trd, 000171.283, 162.0
Trd, 000171.800, 163
Trd, 000171.833, 169
Trd, 000171.933, 153
Trd, 000172.367, 149.0
Trd, 000173.433, 151.0
Trd, 000173.683, 148.0
Trd, 000173.917, 162
Trd, 000174.317, 137.0
Trd, 000175.850, 161
Trd, 000176.033, 162.0
Trd, 000176.167, 143
Trd, 000176.467, 130
Trd, 000177.567, 142
Trd, 000178.817, 142
Trd, 000179.050, 155.0
Trd, 000179.617, 162.0
Trd, 000180.433, 174
Trd, 000180.917, 165
Trd, 000181.717, 148.0
Trd, 000181.783, 175
Trd, 000182.250, 142
Trd, 000182.400, 173
Trd, 000183.450, 173
Trd, 000183.600, 171
Trd, 000184.033, 164
Trd, 000184.250, 162.0
Trd, 000184.533, 151.0
Trd, 000185.833, 151
Trd, 000186.617, 153.0
Trd, 000187.167, 155.0
Trd, 000187.500, 144.0
Trd, 000188.800, 135
Trd, 000189.417, 137.0
Trd, 000189.467, 144.0
Trd, 000190.433, 143
Trd, 000190.933, 143
Trd, 000191.267, 167
Trd, 000192.083, 175
Trd, 000192.117, 162
Trd, 000192.467, 177
Trd, 000192.750, 185
Trd, 000194.533, 163
Trd, 000194.950, 162
Trd, 000195.333, 181
Trd, 000195.550, 180
Trd, 000195.600, 171
Trd, 000195.633, 162
Trd, 000197.933, 162.0
Trd, 000198.083, 148.0
Trd, 000198.333, 129
Trd, 000199.233, 152
Trd, 000200.183, 152
Trd, 000200.217, 148.0
Trd, 000200.733, 147.0
Trd, 000201.033, 160.0
Trd, 000202.017, 157
Trd, 000203.000, 156
Trd, 000203.433, 160
Trd, 000203.500, 150
Trd, 000204.867, 162
Trd, 000204.950, 166
Trd, 000205.317, 168
Trd, 000205.483, 162.0
Trd, 000206.450, 162
Trd, 000206.933, 165
Trd, 000207.317, 151
Trd, 000208.033, 149.0
Trd, 000208.817, 152
Trd, 000209.283, 155
Trd, 000210.667, 151
Trd, 000210.733, 147.0
Trd, 000211.050, 145
Trd, 000211.783, 150
Trd, 000211.833, 154
Trd, 000212.517, 137.0
Trd, 000213.950, 162.0
Trd, 000214.367, 163
Trd, 000214.517, 180
Trd, 000214.533, 155
Trd, 000214.967, 143
Trd, 000216.467, 164
Trd, 000217.917, 153.0
Trd, 000218.533, 151.0
Trd, 000219.917, 146.0
Trd, 000220.350, 152
Trd, 000220.867, 145.0
Trd, 000221.150, 150
Trd, 000221.233, 151
Trd, 000222.717, 151
Trd, 000223.050, 144.0
Trd, 000224.083, 150
Trd, 000224.717, 151
Trd, 000224.983, 153.0
Trd, 000225.017, 148
Trd, 000225.050, 155.0
Trd, 000225.717, 156
Trd, 000225.767, 162.0
Trd, 000225.967, 150
Trd, 000226.483, 169
Trd, 000227.900, 153
Trd, 000228.300, 153
Trd, 000229.083, 151.0
Trd, 000230.683, 150
Trd, 000230.817, 146.0
Trd, 000231.417, 161
Trd, 000231.717, 160
Trd, 000231.733, 145.0
Trd, 000232.233, 156
Trd, 000232.450, 154
Trd, 000232.750, 154
Trd, 000234.700, 154.0
Trd, 000235.233, 155.0
Trd, 000236.517, 151
Trd, 000236.600, 159.0
Trd, 000237.617, 157
Trd, 000237.833, 156
Trd, 000238.133, 158
Trd, 000239.333, 152
Trd, 000239.567, 151.0
Trd, 000240.183, 149
Trd, 000240.233, 149
Trd, 000240.733, 151
Trd, 000240.800, 151.0
Trd, 000241.050, 149.0
Trd, 000241.217, 148.0
Trd, 000241.283, 144.0
Trd, 000241.567, 150
Trd, 000242.567, 148.0
Trd, 000243.250, 149
Trd, 000243.350, 149
Trd, 000243.367, 145.0
Trd, 000243.683, 151.0
Trd, 000244.800, 148
Trd, 000245.283, 149
Trd, 000245.317, 146.0
Trd, 000245.333, 145.0
Trd, 000246.433, 158.0
Trd, 000246.633, 155
Trd, 000247.950, 153
Trd, 000248.267, 155.0
Trd, 000248.400, 154
Trd, 000249.517, 152.0
Trd, 000249.550, 151.0
Trd, 000249.783, 154
Trd, 000249.950, 157
Trd, 000250.500, 162.0
Trd, 000250.750, 148.0
Trd, 000251.217, 155.0
Trd, 000251.517, 149
Trd, 000251.933, 162.0
Trd, 000252.117, 161.0
Trd, 000252.483, 162.0
Trd, 000252.667, 165.0
Trd, 000252.700, 147.0
Trd, 000253.017, 144.0
Trd, 000253.733, 168.0
Trd, 000254.783, 161
Trd, 000255.250, 163.0
Trd, 000255.267, 159
Trd, 000256.033, 155.0
Trd, 000256.283, 155
Trd, 000256.700, 151.0
Trd, 000256.717, 152
Trd, 000257.117, 148.0
Trd, 000257.750, 172.0
Trd, 000258.683, 166.0
Trd, 000259.383, 162.0
Trd, 000260.150, 166
Trd, 000260.833, 162
Trd, 000261.150, 159
Trd, 000261.233, 155.0
Trd, 000261.483, 154
Trd, 000261.783, 154.0
Trd, 000261.933, 155
Trd, 000262.450, 156
Trd, 000262.617, 157
Trd, 000263.117, 154.0
Trd, 000263.383, 153
Trd, 000263.733, 160.0
Trd, 000264.667, 162.0
Trd, 000264.783, 152
Trd, 000264.867, 155.0
Trd, 000265.267, 153
Trd, 000266.350, 151.0
Trd, 000266.417, 148.0
Trd, 000266.667, 151
Trd, 000267.200, 146.0
Trd, 000267.650, 149
Trd, 000269.050, 148
Trd, 000269.100, 149
Trd, 000269.300, 144.0
Trd, 000269.517, 149
Trd, 000269.967, 152
Trd, 000270.283, 142.0
Trd, 000270.583, 139
Trd, 000270.617, 138
Trd, 000270.867, 150.0
Trd, 000271.367, 146.0
Trd, 000271.600, 148
Trd, 000272.183, 142
Trd, 000273.450, 143
Trd, 000273.550, 142
Trd, 000274.233, 145
Trd, 000274.250, 144.0
Trd, 000274.733, 137.0
Trd, 000275.583, 133
Trd, 000275.600, 137.0
Trd, 000275.633, 146
Trd, 000276.233, 148.0
Trd, 000276.950, 154
Trd, 000277.317, 148
Trd, 000277.517, 155.0
Trd, 000278.217, 154
Trd, 000278.283, 147
Trd, 000278.450, 155
Trd, 000278.483, 156
Trd, 000278.600, 155.0
Trd, 000278.883, 162.0
Trd, 000278.983, 144.0
Trd, 000280.967, 138.0
Trd, 000281.250, 140
Trd, 000281.267, 146
Trd, 000281.333, 140
Trd, 000281.850, 147
Trd, 000282.067, 146.0
Trd, 000282.167, 151.0
Trd, 000282.767, 144
Trd, 000283.650, 153.0
Trd, 000284.167, 151
Trd, 000284.333, 155.0
Trd, 000284.583, 150.0
Trd, 000285.400, 155
Trd, 000285.433, 155
Trd, 000285.617, 150.0
Trd, 000286.000, 151.0
Trd, 000286.100, 149.0
Trd, 000286.300, 155
Trd, 000286.450, 156
Trd, 000286.917, 144.0
Trd, 000287.967, 151.0
Trd, 000288.283, 148.0
Trd, 000288.833, 160
Trd, 000289.400, 150.0
Trd, 000290.067, 148.0
Trd, 000290.100, 151.0
Trd, 000290.217, 155.0
Trd, 000290.383, 161.0
Trd, 000290.783, 148.0
Trd, 000291.467, 172.0
Trd, 000291.783, 144.0
Trd, 000291.983, 162
Trd, 000292.017, 139
Trd, 000293.050, 158
Trd, 000293.267, 150
Trd, 000293.350, 138
Trd, 000293.767, 147.0
Trd, 000294.100, 146
Trd, 000294.417, 138.0
Trd, 000294.767, 148.0
Trd, 000295.300, 137.0
Trd, 000295.617, 150.0
Trd, 000295.783, 144.0
Trd, 000296.233, 151.0
Trd, 000296.500, 150
Trd, 000296.517, 155.0
Trd, 000296.700, 162.0
Trd, 000297.117, 137
Trd, 000297.350, 158
Trd, 000297.883, 147
Trd, 000297.950, 158
Trd, 000298.250, 146
Trd, 000298.467, 144.0
Trd, 000298.617, 148.0
Trd, 000299.600, 137.0
Trd, 000299.850, 150
