Trd, 000001.800, 135
Trd, 000003.267, 134
Trd, 000004.333, 120
Trd, 000004.550, 121
Trd, 000004.750, 127.0
Trd, 000006.050, 141
Trd, 000006.567, 127
Trd, 000007.050, 130
Trd, 000007.567, 132
Trd, 000007.583, 137
Trd, 000008.533, 141.0
Trd, 000009.750, 139
Trd, 000010.117, 141
Trd, 000010.267, 148.0
Trd, 000010.833, 145
Trd, 000011.450, 147.0
Trd, 000011.667, 146
Trd, 000012.200, 147
Trd, 000012.533, 148.0
Trd, 000014.933, 147
Trd, 000015.217, 148
Trd, 000015.583, 148
Trd, 000017.300, 148
Trd, 000017.550, 147
Trd, 000017.883, 147
Trd, 000018.317, 148.0
Trd, 000018.400, 148
Trd, 000020.017, 147
Trd, 000020.433, 147
Trd, 000020.900, 149.0
Trd, 000021.517, 146
Trd, 000021.633, 146
Trd, 000023.033, 148.0
Trd, 000023.733, 149
Trd, 000023.783, 148
Trd, 000025.183, 148
Trd, 000025.200, 147
Trd, 000025.533, 147
Trd, 000026.083, 147
Trd, 000026.650, 151.0
Trd, 000027.783, 148
Trd, 000027.883, 146
Trd, 000028.817, 148
Trd, 000028.867, 147
Trd, 000029.517, 146
Trd, 000029.683, 146
Trd, 000031.267, 148
Trd, 000031.817, 149
Trd, 000032.250, 149.0
Trd, 000032.550, 148
Trd, 000033.600, 149
Trd, 000033.750, 149
Trd, 000033.867, 148
Trd, 000035.400, 151
Trd, 000036.200, 153
Trd, 000036.717, 156
Trd, 000037.183, 153
Trd, 000038.900, 156
Trd, 000039.533, 155
Trd, 000039.617, 154
Trd, 000039.800, 154
Trd, 000041.133, 157
Trd, 000041.467, 158
Trd, 000042.267, 155
Trd, 000042.517, 155.0
Trd, 000042.617, 154
Trd, 000042.917, 155
Trd, 000043.583, 156
Trd, 000043.933, 154
Trd, 000044.000, 155
Trd, 000044.050, 153
Trd, 000044.333, 158
Trd, 000044.900, 151
Trd, 000047.317, 150
Trd, 000047.333, 149
Trd, 000047.800, 149
Trd, 000048.250, 148
Trd, 000048.317, 149
Trd, 000049.767, 148
Trd, 000050.117, 147
Trd, 000050.267, 148
Trd, 000051.583, 149
Trd, 000052.467, 149
Trd, 000052.817, 147
Trd, 000053.217, 148
Trd, 000053.467, 147
Trd, 000054.333, 149
Trd, 000055.683, 150.0
Trd, 000056.317, 149
Trd, 000056.567, 149
Trd, 000058.317, 148.0
Trd, 000058.617, 149.0
Trd, 000059.067, 151
Trd, 000059.917, 151.0
Trd, 000060.200, 150
Trd, 000060.833, 151
Trd, 000060.867, 150
Trd, 000061.183, 152
Trd, 000062.100, 150
Trd, 000062.850, 150
Trd, 000064.050, 150
Trd, 000064.550, 150
Trd, 000064.817, 150
Trd, 000065.017, 150
Trd, 000065.067, 151
Trd, 000065.617, 150
Trd, 000066.767, 150.0
Trd, 000066.933, 149
Trd, 000067.100, 149
Trd, 000068.100, 150
Trd, 000068.350, 151.0
Trd, 000068.967, 151
Trd, 000069.800, 151
Trd, 000070.900, 151
Trd, 000071.050, 149
Trd, 000072.050, 150
Trd, 000072.900, 155
Trd, 000074.017, 155
Trd, 000074.333, 155
Trd, 000074.650, 154
Trd, 000075.133, 155
Trd, 000075.617, 154
Trd, 000076.217, 154
Trd, 000077.383, 152
Trd, 000077.967, 154
Trd, 000078.350, 152
Trd, 000078.833, 152
Trd, 000078.883, 151
Trd, 000081.267, 151
Trd, 000081.417, 151
Trd, 000081.567, 150
Trd, 000082.683, 150
Trd, 000083.533, 150
Trd, 000083.617, 152
Trd, 000084.383, 149
Trd, 000085.033, 150.0
Trd, 000086.100, 149
Trd, 000086.350, 149
Trd, 000086.617, 148
Trd, 000087.383, 149
Trd, 000087.950, 147
Trd, 000088.300, 148.0
Trd, 000089.233, 148.0
Trd, 000091.117, 148
Trd, 000091.467, 148
Trd, 000091.650, 151.0
Trd, 000092.700, 150
Trd, 000092.917, 165.0
Trd, 000093.600, 154
Trd, 000093.617, 149
Trd, 000094.283, 153
Trd, 000094.883, 153
Trd, 000095.333, 153
Trd, 000095.850, 152
Trd, 000096.000, 152
Trd, 000096.300, 158
Trd, 000096.717, 153
Trd, 000098.933, 153
Trd, 000099.300, 153
Trd, 000099.817, 153
Trd, 000100.167, 152
Trd, 000100.817, 151
Trd, 000101.233, 152
Trd, 000101.283, 150
Trd, 000101.767, 152
Trd, 000102.367, 152
Trd, 000102.650, 152
Trd, 000102.917, 151
Trd, 000103.200, 141.0
Trd, 000103.350, 137.0
Trd, 000103.900, 143
Trd, 000105.017, 149
Trd, 000106.483, 147
Trd, 000106.517, 148
Trd, 000107.833, 147
Trd, 000108.683, 147
Trd, 000109.367, 146
Trd, 000110.833, 148.0
Trd, 000111.067, 148
Trd, 000112.133, 148
Trd, 000112.900, 149
Trd, 000113.083, 149
Trd, 000114.183, 148
Trd, 000114.200, 147
Trd, 000114.867, 147
Trd, 000115.133, 146
Trd, 000115.750, 147
Trd, 000115.767, 148.0
Trd, 000116.900, 151.0
Trd, 000117.417, 148
Trd, 000119.683, 149
Trd, 000120.033, 149
Trd, 000120.200, 150
Trd, 000120.233, 149
Trd, 000120.367, 150
Trd, 000120.667, 149
Trd, 000123.300, 150.0
Trd, 000123.800, 150
Trd, 000124.417, 151
Trd, 000124.483, 151
Trd, 000124.850, 151
Trd, 000125.400, 152
Trd, 000126.383, 150
Trd, 000126.633, 156
Trd, 000127.317, 150
Trd, 000127.533, 149
Trd, 000129.117, 151.0
Trd, 000130.100, 153
Trd, 000130.250, 153
Trd, 000130.533, 152
Trd, 000130.917, 152
Trd, 000131.767, 152
Trd, 000131.867, 149
Trd, 000132.267, 148
Trd, 000133.800, 151
Trd, 000133.850, 150
Trd, 000134.333, 152
Trd, 000134.517, 158
Trd, 000135.250, 153
Trd, 000136.133, 152
Trd, 000136.700, 151
Trd, 000137.617, 154
Trd, 000138.200, 155
Trd, 000139.133, 156
Trd, 000139.433, 154
Trd, 000140.100, 156
Trd, 000140.367, 155
Trd, 000140.817, 154
Trd, 000141.467, 154
Trd, 000142.067, 153
Trd, 000142.133, 155
Trd, 000142.550, 156
Trd, 000143.433, 155.0
Trd, 000143.883, 154
Trd, 000145.100, 153
Trd, 000145.750, 154
Trd, 000145.950, 153
Trd, 000146.750, 153
Trd, 000146.817, 154
Trd, 000146.900, 157
Trd, 000147.717, 152
Trd, 000148.067, 152
Trd, 000148.083, 157
Trd, 000149.300, 154
Trd, 000149.967, 157
Trd, 000150.367, 157
Trd, 000150.600, 154
Trd, 000151.933, 154
Trd, 000152.133, 153
Trd, 000152.300, 152
Trd, 000153.917, 154
Trd, 000154.633, 154
Trd, 000154.667, 154
Trd, 000155.250, 154
Trd, 000155.283, 153
Trd, 000155.300, 158
Trd, 000157.417, 156
Trd, 000158.517, 156
Trd, 000158.917, 158
Trd, 000159.550, 155.0
Trd, 000159.717, 153
Trd, 000160.483, 152
Trd, 000160.817, 154
Trd, 000160.933, 155
Trd, 000162.417, 152
Trd, 000162.450, 155
Trd, 000164.800, 153
Trd, 000164.917, 152
Trd, 000165.633, 151
Trd, 000166.450, 153
Trd, 000166.783, 151
Trd, 000166.800, 150
Trd, 000168.033, 148
Trd, 000168.750, 144
Trd, 000168.833, 146
Trd, 000169.383, 145
Trd, 000169.467, 146
Trd, 000170.117, 145
Trd, 000170.467, 147
Trd, 000171.683, 148
Trd, 000172.600, 156
Trd, 000173.433, 156
Trd, 000174.317, 157
Trd, 000174.450, 158
Trd, 000174.483, 167
Trd, 000175.567, 161
Trd, 000175.933, 162
Trd, 000176.333, 160
Trd, 000177.367, 159
Trd, 000177.883, 159
Trd, 000177.900, 159
Trd, 000178.017, 157
Trd, 000179.467, 150
Trd, 000179.567, 150
Trd, 000179.617, 151
Trd, 000179.967, 151
Trd, 000179.983, 150
Trd, 000181.733, 150
Trd, 000182.083, 148
Trd, 000183.350, 149
Trd, 000183.517, 149
Trd, 000184.150, 150
Trd, 000184.900, 149
Trd, 000186.733, 148
Trd, 000187.200, 149
Trd, 000187.250, 149
Trd, 000187.833, 150
Trd, 000189.033, 149
Trd, 000189.267, 149
Trd, 000189.500, 149
Trd, 000190.133, 150
Trd, 000190.417, 148
Trd, 000190.933, 150.0
Trd, 000191.367, 148
Trd, 000191.483, 150
Trd, 000193.033, 148
Trd, 000193.917, 149
Trd, 000194.300, 149
Trd, 000194.950, 150
Trd, 000195.133, 148
Trd, 000196.217, 148
Trd, 000196.400, 147
Trd, 000197.017, 146.0
Trd, 000197.467, 146.0
Trd, 000198.067, 146
Trd, 000200.050, 146
Trd, 000200.600, 146
Trd, 000200.700, 147
Trd, 000201.633, 148
Trd, 000202.267, 146
Trd, 000202.733, 145
Trd, 000203.900, 148
Trd, 000204.833, 149
Trd, 000205.017, 150
Trd, 000205.233, 149
Trd, 000206.600, 149
Trd, 000206.617, 149
Trd, 000206.667, 148
Trd, 000207.550, 149
Trd, 000207.617, 148
Trd, 000208.400, 148
Trd, 000209.317, 149
Trd, 000209.483, 147
Trd, 000210.300, 149
Trd, 000212.100, 147
Trd, 000212.733, 148.0
Trd, 000213.583, 148
Trd, 000213.667, 149
Trd, 000213.700, 147
Trd, 000214.367, 149
Trd, 000214.383, 145
Trd, 000215.767, 146
Trd, 000216.317, 146
Trd, 000216.733, 147.0
Trd, 000217.933, 146
Trd, 000218.033, 148
Trd, 000219.067, 148
Trd, 000219.617, 149
Trd, 000219.883, 148
Trd, 000219.900, 145
Trd, 000220.950, 146
Trd, 000222.567, 146
Trd, 000222.800, 145
Trd, 000223.217, 147
Trd, 000223.233, 145
Trd, 000223.983, 148
Trd, 000224.533, 145
Trd, 000224.550, 148.0
Trd, 000225.200, 144
Trd, 000226.933, 143
Trd, 000228.783, 145
Trd, 000229.767, 146
Trd, 000230.467, 146
Trd, 000230.867, 148
Trd, 000231.250, 148.0
Trd, 000231.300, 148
Trd, 000232.883, 148
Trd, 000233.033, 148
Trd, 000233.283, 148.0
Trd, 000233.400, 149
Trd, 000234.817, 147
Trd, 000236.033, 148
Trd, 000236.250, 147
Trd, 000236.567, 147
Trd, 000236.917, 149
Trd, 000237.633, 151.0
Trd, 000238.633, 150
Trd, 000239.133, 150.0
Trd, 000239.750, 151.0
Trd, 000239.850, 151
Trd, 000240.233, 148
Trd, 000240.500, 152
Trd, 000240.867, 150
Trd, 000241.383, 148
Trd, 000241.633, 148
Trd, 000241.850, 147
Trd, 000242.367, 149
Trd, 000243.150, 150
Trd, 000243.250, 158
Trd, 000243.950, 150
Trd, 000243.983, 151
Trd, 000244.317, 152
Trd, 000244.400, 149
Trd, 000244.483, 151.0
Trd, 000244.767, 149
Trd, 000245.800, 150
Trd, 000245.917, 152
Trd, 000246.500, 153
Trd, 000246.550, 152
Trd, 000246.983, 151
Trd, 000247.033, 151
Trd, 000247.633, 151
Trd, 000247.917, 150
Trd, 000248.533, 151
Trd, 000249.300, 151
Trd, 000250.250, 162.0
Trd, 000250.383, 160
Trd, 000250.850, 156
Trd, 000251.433, 157
Trd, 000252.300, 157
Trd, 000252.550, 156
Trd, 000252.800, 160.0
Trd, 000253.267, 158
Trd, 000253.583, 156
Trd, 000255.283, 155
Trd, 000255.400, 155.0
Trd, 000255.817, 155
Trd, 000256.200, 154
Trd, 000256.317, 154
Trd, 000256.333, 155
Trd, 000256.567, 154
Trd, 000257.117, 152
Trd, 000257.500, 150
Trd, 000257.883, 150
Trd, 000258.133, 148
Trd, 000258.867, 151
Trd, 000259.450, 150
Trd, 000260.150, 149
Trd, 000260.417, 147
Trd, 000261.017, 148
Trd, 000261.100, 149
Trd, 000261.133, 147
Trd, 000261.867, 149
Trd, 000262.050, 178.0
Trd, 000262.767, 171.0
Trd, 000263.567, 170
Trd, 000263.667, 168
Trd, 000263.883, 163
Trd, 000264.350, 161
Trd, 000264.383, 160
Trd, 000265.017, 161
Trd, 000266.533, 160
Trd, 000266.600, 163
Trd, 000266.983, 164.0
Trd, 000267.150, 165.0
Trd, 000267.517, 163
Trd, 000267.550, 165
Trd, 000267.567, 160
Trd, 000267.633, 157
Trd, 000268.500, 159
Trd, 000268.767, 160
Trd, 000269.333, 158
Trd, 000269.717, 156
Trd, 000270.200, 156
Trd, 000270.333, 155
Trd, 000270.967, 156.0
Trd, 000271.633, 156
Trd, 000271.900, 156
Trd, 000272.167, 155.0
Trd, 000272.283, 158
Trd, 000272.450, 156
Trd, 000272.633, 159
Trd, 000272.800, 155
Trd, 000272.917, 160
Trd, 000273.750, 155
Trd, 000274.283, 155.0
Trd, 000274.400, 154
Trd, 000274.817, 156.0
Trd, 000275.150, 153
Trd, 000276.333, 154
Trd, 000276.667, 153
Trd, 000277.333, 157
Trd, 000277.483, 152
Trd, 000277.983, 152
Trd, 000278.367, 147.0
Trd, 000278.450, 149
Trd, 000279.333, 149.0
Trd, 000279.817, 148.0
Trd, 000280.750, 146
Trd, 000281.067, 147
Trd, 000281.517, 148
Trd, 000281.683, 149
Trd, 000282.283, 148
Trd, 000282.300, 150
Trd, 000282.883, 147
Trd, 000283.317, 151.0
Trd, 000284.483, 149
Trd, 000284.583, 149
Trd, 000285.467, 150
Trd, 000285.533, 150
Trd, 000285.983, 151
Trd, 000286.400, 149
Trd, 000286.533, 148
Trd, 000288.017, 150
Trd, 000288.333, 151
Trd, 000288.367, 151
Trd, 000288.383, 148
Trd, 000288.533, 158
Trd, 000288.867, 149
Trd, 000289.583, 147
Trd, 000289.750, 141.0
Trd, 000290.050, 141.0
Trd, 000290.550, 148
Trd, 000291.500, 138.0
Trd, 000291.800, 141
Trd, 000292.250, 141.0
Trd, 000292.783, 142
Trd, 000293.217, 144
Trd, 000293.250, 147
Trd, 000293.433, 140
Trd, 000294.200, 141.0
Trd, 000294.600, 141
Trd, 000294.667, 145
Trd, 000294.983, 148.0
Trd, 000295.250, 141
Trd, 000295.717, 151.0
Trd, 000296.200, 137.0
Trd, 000298.117, 146
Trd, 000298.583, 141
Trd, 000298.667, 149.0
Trd, 000298.850, 141
