Trd, 000000.883, 124
Trd, 000002.767, 146
Trd, 000003.433, 161
Trd, 000004.700, 148.0
Trd, 000005.117, 158
Trd, 000005.167, 151
Trd, 000005.650, 148.0
Trd, 000006.733, 150
Trd, 000007.083, 147.0
Trd, 000008.317, 149
Trd, 000008.717, 148
Trd, 000009.267, 149
Trd, 000009.350, 148
Trd, 000009.500, 150
Trd, 000010.433, 150
Trd, 000010.617, 146
Trd, 000010.967, 158
Trd, 000011.100, 144.0
Trd, 000012.983, 149
Trd, 000013.550, 147
Trd, 000013.833, 148
Trd, 000014.433, 147
Trd, 000014.583, 146
Trd, 000015.117, 144.0
Trd, 000016.650, 142.0
Trd, 000017.200, 145
Trd, 000017.233, 146
Trd, 000017.900, 141.0
Trd, 000018.417, 144
Trd, 000018.583, 140
Trd, 000019.133, 145
Trd, 000019.950, 147
Trd, 000020.167, 139
Trd, 000020.883, 146
Trd, 000020.917, 148
Trd, 000021.100, 158
Trd, 000021.700, 144.0
Trd, 000022.267, 162
Trd, 000022.633, 158
Trd, 000022.867, 153
Trd, 000023.033, 160
Trd, 000023.867, 150
Trd, 000024.967, 150
Trd, 000025.117, 148.0
Trd, 000026.500, 150
Trd, 000027.033, 151
Trd, 000028.150, 156
Trd, 000028.917, 152
Trd, 000029.917, 153
Trd, 000030.517, 151
Trd, 000030.683, 154
Trd, 000031.117, 149
Trd, 000032.183, 149
Trd, 000033.050, 148.0
Trd, 000033.367, 146
Trd, 000033.450, 144.0
Trd, 000034.333, 141
Trd, 000034.600, 142
Trd, 000035.283, 140
Trd, 000036.217, 140
Trd, 000036.433, 149
Trd, 000036.567, 157
Trd, 000037.017, 158
Trd, 000038.433, 174
Trd, 000038.600, 146
Trd, 000038.950, 145
Trd, 000040.183, 154
Trd, 000040.850, 158
Trd, 000040.917, 156
Trd, 000042.217, 155
Trd, 000042.500, 156
Trd, 000043.167, 155
Trd, 000043.750, 153
Trd, 000045.483, 152
Trd, 000045.850, 148.0
Trd, 000046.800, 148
Trd, 000047.067, 150
Trd, 000047.283, 146.0
Trd, 000048.283, 147
Trd, 000048.383, 147
Trd, 000048.567, 144.0
Trd, 000049.683, 145
Trd, 000050.083, 151
Trd, 000050.417, 145
Trd, 000050.667, 144.0
Trd, 000051.150, 148
Trd, 000051.850, 149
Trd, 000052.283, 144.0
Trd, 000052.717, 163.0
Trd, 000053.200, 146
Trd, 000054.017, 151
Trd, 000054.367, 147
Trd, 000054.683, 141.0
Trd, 000055.717, 145
Trd, 000056.250, 147
Trd, 000056.383, 144.0
Trd, 000057.000, 149
Trd, 000057.483, 143
Trd, 000057.800, 148
Trd, 000058.333, 144.0
Trd, 000059.250, 147
Trd, 000059.800, 146
Trd, 000060.067, 145
Trd, 000060.317, 143
Trd, 000060.783, 144
Trd, 000061.017, 148
Trd, 000061.783, 143
Trd, 000062.267, 146
Trd, 000062.683, 158
Trd, 000063.117, 144
Trd, 000064.650, 151
Trd, 000064.917, 166.0
Trd, 000065.733, 149
Trd, 000066.700, 150
Trd, 000067.550, 151
Trd, 000067.583, 148
Trd, 000067.867, 157
Trd, 000068.917, 151
Trd, 000069.050, 148.0
Trd, 000069.217, 157
Trd, 000069.783, 150
Trd, 000070.283, 145.0
Trd, 000071.950, 148
Trd, 000072.717, 148
Trd, 000073.600, 148
Trd, 000074.783, 147
Trd, 000074.933, 148
Trd, 000075.050, 147
Trd, 000075.200, 146
Trd, 000075.500, 150
Trd, 000075.550, 152
Trd, 000076.267, 148.0
Trd, 000076.850, 152
Trd, 000078.250, 147
Trd, 000078.700, 146
Trd, 000080.000, 147
Trd, 000080.250, 145
Trd, 000080.317, 144.0
Trd, 000080.483, 150
Trd, 000081.517, 147.0
Trd, 000082.033, 146.0
Trd, 000082.167, 151
Trd, 000083.033, 151
Trd, 000083.050, 146
Trd, 000083.250, 144
Trd, 000083.850, 146
Trd, 000085.100, 148.0
Trd, 000085.167, 146.0
Trd, 000085.200, 149
Trd, 000085.883, 157
Trd, 000087.133, 152
Trd, 000087.650, 150
Trd, 000088.133, 150
Trd, 000088.567, 151
Trd, 000088.933, 150
Trd, 000089.200, 149
Trd, 000089.867, 150
Trd, 000090.650, 148.0
Trd, 000091.967, 150
Trd, 000092.117, 158
Trd, 000092.700, 147
Trd, 000093.067, 141.0
Trd, 000093.567, 144.0
Trd, 000094.883, 147
Trd, 000095.467, 148
Trd, 000095.600, 148.0
Trd, 000095.917, 144
Trd, 000096.567, 142.0
Trd, 000096.850, 143
Trd, 000097.083, 147
Trd, 000097.550, 143
Trd, 000097.567, 149
Trd, 000098.217, 142.0
Trd, 000098.900, 142.0
Trd, 000099.100, 144.0
Trd, 000099.650, 150
Trd, 000099.850, 149
Trd, 000099.983, 143
Trd, 000100.333, 150
Trd, 000100.467, 141.0
Trd, 000101.433, 155
Trd, 000102.433, 145
Trd, 000102.467, 124
Trd, 000103.283, 148
Trd, 000103.600, 142.0
Trd, 000104.067, 144.0
Trd, 000104.100, 141
Trd, 000105.750, 144
Trd, 000106.200, 143
Trd, 000106.750, 142
Trd, 000107.033, 142
Trd, 000107.533, 143
Trd, 000107.933, 143
Trd, 000108.133, 145
Trd, 000108.383, 145
Trd, 000110.667, 148
Trd, 000111.267, 144.0
Trd, 000112.100, 148
Trd, 000112.117, 147
Trd, 000112.617, 147
Trd, 000112.883, 147
Trd, 000113.450, 148
Trd, 000113.583, 168.0
Trd, 000113.683, 145
Trd, 000114.567, 157
Trd, 000114.667, 127.0
Trd, 000115.333, 163
Trd, 000115.500, 144.0
Trd, 000116.483, 153
Trd, 000117.033, 161
Trd, 000117.550, 162
Trd, 000118.117, 164
Trd, 000118.133, 177.0
Trd, 000119.467, 159
Trd, 000119.600, 154
Trd, 000120.383, 161
Trd, 000121.733, 148.0
Trd, 000122.983, 151
Trd, 000123.250, 151
Trd, 000124.133, 150
Trd, 000124.317, 150
Trd, 000124.933, 148.0
Trd, 000125.117, 149
Trd, 000125.517, 150
Trd, 000125.750, 152
Trd, 000125.850, 148
Trd, 000126.917, 150
Trd, 000127.050, 152
Trd, 000127.967, 152
Trd, 000128.367, 158
Trd, 000128.917, 150
Trd, 000129.333, 158
Trd, 000129.983, 149
Trd, 000130.233, 148.0
Trd, 000130.350, 157
Trd, 000131.667, 147.0
Trd, 000133.733, 149
Trd, 000134.833, 148
Trd, 000135.083, 145.0
Trd, 000135.433, 144.0
Trd, 000135.700, 148
Trd, 000135.850, 145
Trd, 000136.350, 143
Trd, 000137.067, 142
Trd, 000137.117, 143
Trd, 000137.133, 145
Trd, 000137.533, 140
Trd, 000139.250, 144
Trd, 000139.283, 143
Trd, 000139.733, 145
Trd, 000140.517, 145
Trd, 000140.733, 144
Trd, 000141.167, 141.0
Trd, 000142.533, 130.0
Trd, 000142.617, 145
Trd, 000143.167, 142
Trd, 000143.467, 127.0
Trd, 000144.000, 142
Trd, 000144.200, 147
Trd, 000144.450, 148
Trd, 000146.133, 144
Trd, 000146.167, 142
Trd, 000147.000, 149
Trd, 000147.500, 153
Trd, 000148.417, 154
Trd, 000148.483, 156
Trd, 000149.483, 155
Trd, 000150.450, 154
Trd, 000151.117, 154
Trd, 000151.233, 152
Trd, 000151.300, 155
Trd, 000153.033, 156
Trd, 000153.650, 158
Trd, 000154.083, 148.0
Trd, 000154.950, 148
Trd, 000155.450, 148.0
Trd, 000155.817, 149
Trd, 000156.383, 144
Trd, 000156.817, 144.0
Trd, 000157.433, 141
Trd, 000157.800, 141
Trd, 000158.983, 133
Trd, 000159.117, 128.0
Trd, 000159.783, 135
Trd, 000160.117, 142
Trd, 000160.200, 141.0
Trd, 000160.617, 150
Trd, 000160.700, 176
Trd, 000162.283, 157
Trd, 000162.317, 158
Trd, 000162.567, 154
Trd, 000162.867, 147
Trd, 000163.100, 157
Trd, 000165.367, 145.0
Trd, 000165.433, 157
Trd, 000165.800, 144.0
Trd, 000166.533, 157
Trd, 000167.517, 148
Trd, 000168.133, 147
Trd, 000168.400, 147
Trd, 000168.483, 145
Trd, 000169.733, 143
Trd, 000170.817, 145
Trd, 000171.083, 148
Trd, 000171.117, 149
Trd, 000172.050, 146
Trd, 000172.683, 146
Trd, 000173.400, 145.0
Trd, 000174.300, 145
Trd, 000175.267, 147
Trd, 000175.350, 144.0
Trd, 000175.767, 148
Trd, 000176.300, 149
Trd, 000177.700, 152
Trd, 000177.950, 152
Trd, 000178.033, 152
Trd, 000179.083, 152
Trd, 000179.883, 149
Trd, 000180.283, 148
Trd, 000180.617, 153
Trd, 000180.817, 153
Trd, 000182.233, 148.0
Trd, 000182.250, 146.0
Trd, 000183.600, 147
Trd, 000184.817, 147
Trd, 000185.000, 148
Trd, 000185.250, 146
Trd, 000185.283, 149
Trd, 000185.917, 146
Trd, 000186.233, 148
Trd, 000186.350, 150
Trd, 000187.900, 152
Trd, 000188.200, 150
Trd, 000189.183, 151
Trd, 000189.617, 151
Trd, 000189.900, 148
Trd, 000189.983, 152
Trd, 000190.833, 149
Trd, 000190.900, 151
Trd, 000191.450, 148
Trd, 000192.150, 150
Trd, 000192.617, 148
Trd, 000192.667, 146
Trd, 000193.017, 144.0
Trd, 000193.217, 143
Trd, 000193.633, 147
Trd, 000194.917, 149
Trd, 000195.267, 147
Trd, 000195.550, 149
Trd, 000196.417, 148
Trd, 000197.783, 158
Trd, 000198.183, 148
Trd, 000198.367, 149
Trd, 000198.933, 168.0
Trd, 000200.133, 155
Trd, 000200.617, 149
Trd, 000200.633, 148
Trd, 000201.200, 153
Trd, 000202.083, 150
Trd, 000202.100, 149
Trd, 000202.917, 152
Trd, 000202.933, 149
Trd, 000203.233, 152
Trd, 000203.433, 151
Trd, 000204.517, 150
Trd, 000204.783, 149
Trd, 000204.917, 149
Trd, 000206.067, 150
Trd, 000207.333, 147
Trd, 000207.350, 150
Trd, 000207.533, 141.0
Trd, 000207.667, 150
Trd, 000208.417, 146.0
Trd, 000209.933, 145
Trd, 000210.000, 145.0
Trd, 000210.850, 145
Trd, 000211.933, 144.0
Trd, 000212.283, 148
Trd, 000213.367, 145
Trd, 000213.483, 144
Trd, 000213.583, 149
Trd, 000213.867, 149
Trd, 000214.300, 148
Trd, 000214.950, 141.0
Trd, 000215.167, 149
Trd, 000217.050, 156
Trd, 000217.567, 153
Trd, 000217.817, 156
Trd, 000218.150, 153
Trd, 000218.533, 158
Trd, 000218.617, 151
Trd, 000220.367, 153
Trd, 000221.300, 152
Trd, 000221.917, 150
Trd, 000222.117, 148.0
Trd, 000222.433, 144.0
Trd, 000222.567, 150
Trd, 000222.817, 149
Trd, 000224.167, 146
Trd, 000224.800, 149
Trd, 000224.983, 148
Trd, 000225.550, 145
Trd, 000225.567, 145
Trd, 000226.083, 152
Trd, 000226.733, 157
Trd, 000227.350, 150.0
Trd, 000227.950, 151
Trd, 000230.133, 150
Trd, 000230.200, 150
Trd, 000230.500, 152
Trd, 000230.650, 148.0
Trd, 000230.950, 146
Trd, 000231.717, 150
Trd, 000232.150, 154
Trd, 000232.283, 156
Trd, 000233.000, 150
Trd, 000234.017, 157
Trd, 000234.667, 153
Trd, 000234.733, 150
Trd, 000235.100, 155
Trd, 000235.183, 158
Trd, 000236.700, 153
Trd, 000236.950, 144.0
Trd, 000237.950, 163.0
Trd, 000239.017, 159
Trd, 000239.117, 154
Trd, 000239.817, 159
Trd, 000240.300, 160
Trd, 000240.367, 160
Trd, 000240.500, 157
Trd, 000240.733, 160
Trd, 000241.617, 158
Trd, 000241.967, 158
Trd, 000241.983, 157
Trd, 000242.533, 157
Trd, 000243.650, 153
Trd, 000243.683, 150
Trd, 000244.033, 148.0
Trd, 000244.383, 151
Trd, 000244.583, 144.0
Trd, 000245.217, 151.0
Trd, 000245.400, 142
Trd, 000245.750, 150
Trd, 000246.383, 147.0
Trd, 000246.683, 148
Trd, 000246.900, 146
Trd, 000247.117, 147.0
Trd, 000247.450, 146.0
Trd, 000247.533, 148
Trd, 000248.900, 149
Trd, 000249.300, 148
Trd, 000249.317, 134
Trd, 000249.483, 150
Trd, 000249.500, 144.0
Trd, 000250.217, 152.0
Trd, 000250.483, 155.0
Trd, 000250.683, 149
Trd, 000251.317, 158
Trd, 000251.867, 164
Trd, 000252.100, 165
Trd, 000252.333, 166.0
Trd, 000252.850, 164
Trd, 000253.400, 162
Trd, 000253.700, 161.0
Trd, 000253.800, 158.0
Trd, 000254.967, 150.0
Trd, 000255.333, 154
Trd, 000256.150, 157
Trd, 000256.767, 157
Trd, 000256.817, 154.0
Trd, 000256.917, 148.0
Trd, 000257.067, 158
Trd, 000257.617, 152
Trd, 000257.867, 159
Trd, 000258.033, 151.0
Trd, 000258.367, 152
Trd, 000259.150, 153
Trd, 000259.400, 151
Trd, 000260.133, 154
Trd, 000260.433, 155
Trd, 000261.250, 154
Trd, 000261.767, 156
Trd, 000262.433, 155
Trd, 000262.467, 156
Trd, 000262.550, 148.0
Trd, 000263.500, 152
Trd, 000263.933, 154
Trd, 000264.833, 155
Trd, 000265.050, 155
Trd, 000265.250, 153
Trd, 000265.333, 154
Trd, 000265.783, 157
Trd, 000265.883, 151
Trd, 000266.150, 158
Trd, 000266.167, 157
Trd, 000266.883, 150
Trd, 000267.517, 155.0
Trd, 000268.600, 155
Trd, 000268.850, 155.0
Trd, 000268.867, 152.0
Trd, 000269.600, 156
Trd, 000269.667, 153
Trd, 000269.967, 156
Trd, 000270.283, 156
Trd, 000270.617, 158
Trd, 000270.767, 153
Trd, 000271.000, 148.0
Trd, 000271.717, 144.0
Trd, 000272.083, 127.0
Trd, 000272.367, 155
Trd, 000273.100, 149
Trd, 000273.133, 149
Trd, 000273.750, 158
Trd, 000274.133, 153
Trd, 000274.183, 147
Trd, 000274.267, 147
Trd, 000274.683, 158
Trd, 000274.767, 159
Trd, 000274.967, 159
Trd, 000275.200, 168.0
Trd, 000275.817, 155
Trd, 000275.967, 150
Trd, 000277.233, 149
Trd, 000277.433, 144.0
Trd, 000277.900, 149.0
Trd, 000278.683, 148
Trd, 000279.250, 150.0
Trd, 000280.017, 149
Trd, 000280.183, 148
Trd, 000280.667, 149
Trd, 000280.683, 150
Trd, 000280.750, 148.0
Trd, 000281.033, 152
Trd, 000281.433, 153.0
Trd, 000282.250, 147
Trd, 000282.617, 152.0
Trd, 000283.550, 148
Trd, 000283.833, 147
Trd, 000284.400, 150
Trd, 000284.450, 152.0
Trd, 000285.083, 153.0
Trd, 000285.133, 155.0
Trd, 000285.467, 158
Trd, 000285.900, 163
Trd, 000286.500, 165.0
Trd, 000286.917, 161
Trd, 000286.967, 161
Trd, 000287.283, 163
Trd, 000287.567, 159
Trd, 000288.100, 157
Trd, 000288.317, 156
Trd, 000288.517, 157
Trd, 000288.617, 154
Trd, 000289.633, 156
Trd, 000289.933, 153
Trd, 000290.083, 161
Trd, 000291.400, 158
Trd, 000291.767, 157
Trd, 000292.050, 156
Trd, 000292.067, 155
Trd, 000292.100, 158
Trd, 000292.633, 156
Trd, 000292.850, 168.0
Trd, 000293.267, 152
Trd, 000294.250, 174
Trd, 000294.617, 150
Trd, 000294.950, 149.0
Trd, 000295.500, 148.0
Trd, 000295.700, 163
Trd, 000295.917, 146
Trd, 000295.983, 163
Trd, 000296.350, 163
Trd, 000296.733, 146.0
Trd, 000296.767, 158
Trd, 000297.250, 170.0
Trd, 000297.867, 155
Trd, 000298.150, 154.0
Trd, 000299.083, 153.0
Trd, 000299.583, 147
