Trd, 000001.183, 137.0
Trd, 000002.750, 157
Trd, 000002.950, 148
Trd, 000003.467, 155
Trd, 000003.917, 151
Trd, 000005.083, 146
Trd, 000005.383, 146
Trd, 000005.933, 142
Trd, 000005.967, 132
Trd, 000006.417, 145
Trd, 000007.867, 143
Trd, 000008.083, 143
Trd, 000008.333, 144.0
Trd, 000008.967, 145.0
Trd, 000009.733, 145
Trd, 000011.067, 147
Trd, 000011.183, 146
Trd, 000011.400, 145
Trd, 000011.533, 144
Trd, 000012.300, 144
Trd, 000012.733, 144
Trd, 000013.883, 143
Trd, 000014.383, 143
Trd, 000014.933, 142
Trd, 000015.833, 143
Trd, 000016.567, 148.0
Trd, 000017.533, 148
Trd, 000018.183, 147
Trd, 000019.217, 148
Trd, 000019.867, 150
Trd, 000020.617, 149.0
Trd, 000020.800, 150.0
Trd, 000022.350, 148
Trd, 000022.400, 148
Trd, 000022.583, 149
Trd, 000024.217, 159
Trd, 000024.700, 159
Trd, 000024.733, 158
Trd, 000024.833, 150
Trd, 000025.700, 150.0
Trd, 000026.583, 156
Trd, 000027.933, 153
Trd, 000028.067, 154
Trd, 000028.500, 155
Trd, 000029.183, 155
Trd, 000029.450, 155
Trd, 000029.667, 152
Trd, 000030.083, 138.0
Trd, 000030.883, 158.0
Trd, 000032.200, 151
Trd, 000032.500, 143
Trd, 000033.700, 148
Trd, 000034.817, 148
Trd, 000035.933, 149
Trd, 000036.183, 150
Trd, 000036.550, 149
Trd, 000037.817, 149
Trd, 000039.033, 148
Trd, 000039.050, 149
Trd, 000039.067, 148.0
Trd, 000039.300, 162
Trd, 000039.633, 165
Trd, 000039.933, 148
Trd, 000041.133, 159
Trd, 000041.200, 152
Trd, 000041.317, 156
Trd, 000041.467, 153
Trd, 000041.600, 148.0
Trd, 000042.017, 142
Trd, 000042.917, 146
Trd, 000043.050, 147
Trd, 000043.633, 147.0
Trd, 000043.650, 145
Trd, 000045.567, 147.0
Trd, 000047.117, 148
Trd, 000047.300, 156.0
Trd, 000047.917, 147
Trd, 000048.500, 146
Trd, 000049.517, 148
Trd, 000049.983, 148
Trd, 000050.567, 148
Trd, 000050.983, 146
Trd, 000051.183, 146
Trd, 000052.467, 148.0
Trd, 000053.333, 149
Trd, 000054.033, 151
Trd, 000054.767, 148.0
Trd, 000055.033, 145
Trd, 000055.100, 144
Trd, 000055.233, 144
Trd, 000055.700, 163
Trd, 000057.700, 153
Trd, 000057.733, 152
Trd, 000058.817, 154
Trd, 000059.350, 152
Trd, 000060.200, 154
Trd, 000060.983, 153
Trd, 000061.133, 152
Trd, 000061.217, 150
Trd, 000062.317, 141.0
Trd, 000063.417, 146
Trd, 000063.950, 148
Trd, 000064.250, 146
Trd, 000064.433, 148
Trd, 000065.433, 149
Trd, 000065.500, 147
Trd, 000065.867, 146
Trd, 000066.517, 161
Trd, 000067.883, 149
Trd, 000068.783, 149
Trd, 000070.067, 150
Trd, 000070.433, 149
Trd, 000071.283, 150
Trd, 000071.417, 149
Trd, 000071.583, 137.0
Trd, 000072.017, 148
Trd, 000072.783, 147
Trd, 000073.150, 149
Trd, 000073.583, 150
Trd, 000073.800, 147
Trd, 000075.017, 146
Trd, 000075.333, 148
Trd, 000075.650, 152
Trd, 000076.067, 149
Trd, 000076.883, 149
Trd, 000076.983, 147
Trd, 000077.850, 153
Trd, 000077.933, 154
Trd, 000079.617, 148
Trd, 000080.333, 149.0
Trd, 000080.633, 149.0
Trd, 000081.183, 149
Trd, 000081.383, 152
Trd, 000081.633, 154
Trd, 000081.750, 147
Trd, 000081.917, 146
Trd, 000083.550, 148
Trd, 000083.817, 148.0
Trd, 000084.017, 147
Trd, 000084.750, 147
Trd, 000084.983, 145
Trd, 000085.133, 149
Trd, 000085.333, 149
Trd, 000086.333, 148
Trd, 000086.383, 148.0
Trd, 000087.467, 150
Trd, 000087.633, 149
Trd, 000088.600, 151
Trd, 000089.217, 153
Trd, 000089.917, 154
Trd, 000090.917, 157.0
Trd, 000092.167, 154
Trd, 000092.983, 153
Trd, 000093.233, 152
Trd, 000093.783, 154
Trd, 000093.950, 158.0
Trd, 000094.500, 156
Trd, 000095.050, 155
Trd, 000095.750, 157
Trd, 000096.117, 156
Trd, 000096.133, 156
Trd, 000096.583, 151
Trd, 000096.683, 150
Trd, 000097.717, 150
Trd, 000099.350, 145.0
Trd, 000100.367, 146
Trd, 000100.617, 146.0
Trd, 000100.667, 148.0
Trd, 000101.083, 147
Trd, 000101.850, 147.0
Trd, 000102.417, 147
Trd, 000103.983, 148.0
Trd, 000104.100, 150
Trd, 000104.650, 158
Trd, 000104.900, 157
Trd, 000105.717, 157
Trd, 000106.317, 158
Trd, 000106.467, 157
Trd, 000106.517, 169
Trd, 000106.900, 155
Trd, 000108.317, 152
Trd, 000108.633, 148.0
Trd, 000108.800, 137.0
Trd, 000109.267, 143
Trd, 000111.183, 150
Trd, 000111.817, 148
Trd, 000112.050, 148
Trd, 000112.133, 147
Trd, 000113.000, 149
Trd, 000113.283, 149
Trd, 000113.950, 152
Trd, 000114.617, 154
Trd, 000114.967, 151
Trd, 000117.350, 154
Trd, 000117.800, 149
Trd, 000118.333, 149
Trd, 000118.967, 137.0
Trd, 000119.267, 153.0
Trd, 000120.383, 142
Trd, 000120.583, 141
Trd, 000121.733, 147
Trd, 000122.367, 147.0
Trd, 000122.667, 146
Trd, 000122.700, 145
Trd, 000124.083, 147.0
Trd, 000124.400, 144
Trd, 000125.217, 146
Trd, 000125.450, 144
Trd, 000125.950, 158.0
Trd, 000126.083, 144
Trd, 000127.150, 149
Trd, 000128.583, 150
Trd, 000129.583, 158
Trd, 000130.067, 157
Trd, 000130.117, 157
Trd, 000130.217, 155
Trd, 000131.767, 154
Trd, 000131.933, 154
Trd, 000133.683, 155
Trd, 000133.883, 154
Trd, 000135.367, 155
Trd, 000135.667, 153
Trd, 000135.800, 148.0
Trd, 000136.383, 134
Trd, 000137.583, 144
Trd, 000137.983, 143
Trd, 000138.733, 142
Trd, 000139.150, 145.0
Trd, 000139.217, 141
Trd, 000139.900, 140
Trd, 000140.400, 148
Trd, 000141.483, 147
Trd, 000141.567, 146
Trd, 000141.983, 148.0
Trd, 000142.100, 148
Trd, 000142.300, 145
Trd, 000142.983, 152
Trd, 000143.200, 152
Trd, 000144.383, 155
Trd, 000145.667, 156
Trd, 000145.933, 154
Trd, 000147.567, 155
Trd, 000147.617, 158.0
Trd, 000147.850, 154
Trd, 000148.033, 153
Trd, 000149.367, 155
Trd, 000150.017, 157
Trd, 000150.033, 156
Trd, 000150.500, 157
Trd, 000151.533, 157
Trd, 000151.583, 158.0
Trd, 000151.900, 156
Trd, 000152.117, 154
Trd, 000153.783, 153
Trd, 000154.517, 141.0
Trd, 000155.183, 154
Trd, 000155.900, 151
Trd, 000156.067, 152
Trd, 000156.100, 148
Trd, 000156.667, 144.0
Trd, 000156.933, 143.0
Trd, 000157.067, 145
Trd, 000157.550, 142
Trd, 000157.883, 142
Trd, 000158.683, 143
Trd, 000160.283, 146
Trd, 000160.617, 147.0
Trd, 000161.283, 158.0
Trd, 000162.133, 152
Trd, 000162.450, 150
Trd, 000162.567, 148
Trd, 000162.833, 148
Trd, 000163.000, 137.0
Trd, 000163.867, 146
Trd, 000165.767, 146
Trd, 000166.550, 146
Trd, 000167.150, 145
Trd, 000168.217, 147
Trd, 000168.483, 144
Trd, 000169.300, 148
Trd, 000169.667, 148
Trd, 000170.183, 148
Trd, 000170.533, 152.0
Trd, 000170.983, 148
Trd, 000172.350, 149
Trd, 000172.617, 148
Trd, 000173.483, 150
Trd, 000173.650, 149
Trd, 000173.967, 148
Trd, 000174.017, 147
Trd, 000174.300, 147
Trd, 000175.217, 156.0
Trd, 000175.517, 150
Trd, 000176.867, 149
Trd, 000178.350, 146
Trd, 000178.550, 148
Trd, 000178.600, 150
Trd, 000179.917, 149
Trd, 000180.217, 147
Trd, 000180.267, 146
Trd, 000180.417, 136
Trd, 000181.050, 144
Trd, 000181.417, 140
Trd, 000182.500, 144
Trd, 000182.850, 145
Trd, 000182.967, 145
Trd, 000185.633, 145
Trd, 000185.733, 144
Trd, 000186.233, 145
Trd, 000186.567, 146
Trd, 000186.617, 148.0
Trd, 000186.650, 153
Trd, 000187.983, 145
Trd, 000189.200, 148
Trd, 000189.667, 148
Trd, 000189.967, 148
Trd, 000190.250, 148
Trd, 000190.333, 147
Trd, 000190.817, 153
Trd, 000190.900, 134
Trd, 000192.050, 140
Trd, 000193.383, 146
Trd, 000193.850, 145
Trd, 000193.950, 158.0
Trd, 000195.033, 145
Trd, 000195.400, 138.0
Trd, 000196.900, 145
Trd, 000197.633, 145
Trd, 000197.900, 146
Trd, 000197.950, 145
Trd, 000198.167, 145
Trd, 000199.550, 144
Trd, 000199.950, 143
Trd, 000200.050, 147
Trd, 000201.267, 145
Trd, 000201.550, 141
Trd, 000202.683, 138.0
Trd, 000203.183, 141
Trd, 000204.700, 140
Trd, 000204.783, 139
Trd, 000204.817, 142.0
Trd, 000206.533, 140
Trd, 000207.050, 142
Trd, 000207.100, 139
Trd, 000208.383, 147.0
Trd, 000209.800, 144
Trd, 000211.033, 144
Trd, 000212.017, 146
Trd, 000212.050, 145
Trd, 000212.583, 148.0
Trd, 000212.817, 144
Trd, 000213.767, 145
Trd, 000215.483, 153
Trd, 000215.750, 152
Trd, 000215.900, 151
Trd, 000216.250, 156
Trd, 000216.550, 152
Trd, 000217.100, 155
Trd, 000217.483, 154
Trd, 000218.483, 158
Trd, 000218.717, 153
Trd, 000218.767, 148.0
Trd, 000219.283, 158
Trd, 000219.600, 139
Trd, 000219.817, 140
Trd, 000220.167, 140
Trd, 000220.233, 139.0
Trd, 000220.567, 140
Trd, 000221.400, 149
Trd, 000222.400, 158.0
Trd, 000223.333, 152
Trd, 000223.633, 152
Trd, 000223.983, 151
Trd, 000224.217, 152
Trd, 000224.517, 148.0
Trd, 000224.867, 147
Trd, 000225.817, 150
Trd, 000225.833, 147
Trd, 000226.267, 147
Trd, 000227.217, 146
Trd, 000228.133, 147
Trd, 000228.250, 145
Trd, 000228.567, 138.0
Trd, 000229.217, 146
Trd, 000230.317, 146
Trd, 000230.817, 144
Trd, 000231.433, 148.0
Trd, 000232.367, 148
Trd, 000232.400, 147
Trd, 000233.933, 145
Trd, 000235.083, 146
Trd, 000235.650, 146
Trd, 000235.850, 148.0
Trd, 000236.250, 158.0
Trd, 000236.367, 146
Trd, 000236.500, 165
Trd, 000237.300, 147
Trd, 000238.783, 147
Trd, 000239.117, 148
Trd, 000240.183, 154
Trd, 000240.250, 152
Trd, 000240.317, 150
Trd, 000240.433, 149
Trd, 000240.517, 151
Trd, 000241.417, 152.0
Trd, 000241.467, 148.0
Trd, 000242.533, 149
Trd, 000243.267, 148
Trd, 000243.300, 149
Trd, 000243.383, 147
Trd, 000243.883, 146
Trd, 000244.717, 146
Trd, 000244.733, 145.0
Trd, 000245.167, 151
Trd, 000245.400, 151.0
Trd, 000245.817, 157.0
Trd, 000246.450, 163
Trd, 000246.783, 159.0
Trd, 000247.267, 160
Trd, 000247.833, 161
Trd, 000248.133, 160
Trd, 000248.650, 148.0
Trd, 000248.983, 152
Trd, 000249.733, 153.0
Trd, 000250.200, 149
Trd, 000250.517, 147
Trd, 000250.667, 147.0
Trd, 000250.850, 148
Trd, 000251.017, 137.0
Trd, 000251.633, 135
Trd, 000252.050, 138
Trd, 000252.483, 151.0
Trd, 000254.183, 146.0
Trd, 000254.467, 145.0
Trd, 000254.667, 144.0
Trd, 000255.067, 145
Trd, 000255.150, 143
Trd, 000255.317, 143
Trd, 000255.683, 142
Trd, 000255.867, 148.0
Trd, 000256.900, 150.0
Trd, 000257.317, 151.0
Trd, 000257.950, 156
Trd, 000258.700, 152
Trd, 000259.317, 150
Trd, 000259.733, 150.0
Trd, 000259.767, 149
Trd, 000260.233, 148.0
Trd, 000260.300, 151.0
Trd, 000260.433, 148
Trd, 000260.500, 148
Trd, 000261.550, 149
Trd, 000261.567, 152.0
Trd, 000262.800, 150.0
Trd, 000263.150, 150.0
Trd, 000263.283, 149
Trd, 000263.450, 148
Trd, 000263.500, 144.0
Trd, 000263.517, 137.0
Trd, 000264.517, 147
Trd, 000265.117, 148.0
Trd, 000265.150, 149
Trd, 000265.550, 148
Trd, 000265.700, 149.0
Trd, 000266.567, 146
Trd, 000267.250, 144.0
Trd, 000267.400, 146.0
Trd, 000267.667, 150
Trd, 000267.783, 151.0
Trd, 000268.700, 148
Trd, 000268.733, 146
Trd, 000268.833, 153.0
Trd, 000269.467, 158.0
Trd, 000269.483, 157
Trd, 000270.067, 162
Trd, 000270.083, 161
Trd, 000270.433, 160
Trd, 000271.167, 159
Trd, 000271.467, 154
Trd, 000271.633, 160
Trd, 000272.000, 144.0
Trd, 000272.467, 147
Trd, 000272.833, 138.0
Trd, 000272.950, 140
Trd, 000273.983, 147
Trd, 000274.867, 150.0
Trd, 000275.067, 151.0
Trd, 000275.300, 148.0
Trd, 000275.717, 149
Trd, 000275.767, 151
Trd, 000275.867, 148
Trd, 000276.883, 152
Trd, 000277.600, 158.0
Trd, 000278.650, 156
Trd, 000278.783, 155
Trd, 000279.350, 153
Trd, 000280.250, 154
Trd, 000280.467, 155.0
Trd, 000280.767, 153
Trd, 000280.900, 153
Trd, 000281.217, 153
Trd, 000281.333, 154.0
Trd, 000281.350, 152
Trd, 000281.383, 148.0
Trd, 000281.917, 153.0
Trd, 000282.517, 148
Trd, 000282.983, 147.0
Trd, 000283.283, 144.0
Trd, 000283.850, 147
Trd, 000284.200, 138.0
Trd, 000284.467, 137.0
Trd, 000285.300, 149.0
Trd, 000285.650, 141
Trd, 000286.667, 145.0
Trd, 000287.200, 149.0
Trd, 000287.617, 146.0
Trd, 000288.050, 144
Trd, 000288.333, 144.0
Trd, 000288.367, 150.0
Trd, 000289.333, 151.0
Trd, 000289.817, 145
Trd, 000289.883, 144
Trd, 000290.150, 151
Trd, 000290.233, 144
Trd, 000290.533, 158
Trd, 000291.217, 147
Trd, 000291.633, 146
Trd, 000291.950, 162
Trd, 000292.433, 149
Trd, 000292.550, 148
Trd, 000293.467, 151
Trd, 000294.050, 151
Trd, 000294.167, 158
Trd, 000294.900, 152
Trd, 000294.950, 159
Trd, 000295.200, 151
Trd, 000295.350, 151
Trd, 000295.683, 158
Trd, 000295.983, 144.0
Trd, 000296.033, 158
Trd, 000296.283, 158
Trd, 000296.367, 142
Trd, 000297.133, 142
Trd, 000297.567, 133
Trd, 000297.767, 124.0
Trd, 000298.117, 139
Trd, 000298.683, 163
Trd, 000298.733, 139
Trd, 000299.250, 139.0
Trd, 000299.550, 149
Trd, 000299.917, 153
