Trd, 000001.800, 113.0
Trd, 000002.017, 118
Trd, 000002.250, 131.0
Trd, 000003.300, 138
Trd, 000004.183, 145
Trd, 000004.783, 148
Trd, 000005.100, 168.0
Trd, 000006.517, 150
Trd, 000006.933, 149
Trd, 000007.517, 148
Trd, 000007.683, 146
Trd, 000008.350, 160
Trd, 000009.050, 147.0
Trd, 000010.100, 151
Trd, 000010.483, 153
Trd, 000010.600, 152
Trd, 000011.200, 152
Trd, 000012.183, 153
Trd, 000013.017, 161
Trd, 000013.033, 151
Trd, 000014.183, 151
Trd, 000014.950, 150
Trd, 000015.167, 148
Trd, 000015.267, 151
Trd, 000016.283, 152
Trd, 000016.700, 154
Trd, 000017.233, 152
Trd, 000017.500, 150
Trd, 000018.550, 150
Trd, 000019.267, 152
Trd, 000020.033, 152
Trd, 000020.667, 150
Trd, 000021.267, 152
Trd, 000021.500, 151
Trd, 000021.533, 150
Trd, 000023.167, 145
Trd, 000024.383, 148.0
Trd, 000024.883, 150
Trd, 000024.917, 148.0
Trd, 000026.000, 150
Trd, 000026.433, 149
Trd, 000026.517, 147
Trd, 000027.350, 148
Trd, 000027.883, 147
Trd, 000028.117, 146
Trd, 000029.067, 148
Trd, 000029.417, 146.0
Trd, 000029.450, 148
Trd, 000029.533, 145.0
Trd, 000029.567, 150
Trd, 000030.617, 151
Trd, 000031.400, 158
Trd, 000032.200, 155
Trd, 000033.183, 157
Trd, 000033.583, 156
Trd, 000033.817, 156
Trd, 000034.467, 148
Trd, 000035.250, 155
Trd, 000035.400, 155
Trd, 000035.700, 158
Trd, 000035.950, 154
Trd, 000036.217, 145
Trd, 000037.100, 154
Trd, 000038.517, 148.0
Trd, 000038.617, 153
Trd, 000039.117, 155
Trd, 000040.367, 154
Trd, 000040.400, 154
Trd, 000040.633, 155
Trd, 000041.033, 154.0
Trd, 000043.083, 156
Trd, 000043.867, 156
Trd, 000044.667, 157
Trd, 000044.917, 156
Trd, 000044.950, 152
Trd, 000045.467, 144.0
Trd, 000046.433, 142.0
Trd, 000047.567, 153
Trd, 000048.317, 150
Trd, 000048.583, 149
Trd, 000048.950, 141.0
Trd, 000049.433, 149
Trd, 000050.033, 150
Trd, 000050.600, 143
Trd, 000051.167, 149
Trd, 000051.850, 150
Trd, 000052.267, 149
Trd, 000053.050, 149
Trd, 000054.100, 151
Trd, 000054.817, 154
Trd, 000055.567, 151
Trd, 000056.250, 151
Trd, 000057.133, 151
Trd, 000057.700, 152
Trd, 000058.033, 153
Trd, 000058.333, 165.0
Trd, 000058.817, 151
Trd, 000059.083, 150
Trd, 000060.283, 149.0
Trd, 000060.383, 160
Trd, 000060.667, 148.0
Trd, 000062.917, 145.0
Trd, 000063.717, 148
Trd, 000064.583, 150
Trd, 000064.850, 151
Trd, 000064.917, 151
Trd, 000065.867, 150
Trd, 000066.117, 150
Trd, 000066.183, 151
Trd, 000066.850, 149
Trd, 000068.833, 151
Trd, 000069.267, 150
Trd, 000069.667, 151
Trd, 000069.800, 149
Trd, 000070.200, 146
Trd, 000070.467, 152
Trd, 000070.967, 157
Trd, 000071.650, 145.0
Trd, 000072.133, 148
Trd, 000072.267, 146.0
Trd, 000073.733, 152
Trd, 000073.783, 148.0
Trd, 000074.817, 151
Trd, 000074.833, 151
Trd, 000077.350, 150
Trd, 000078.017, 150
Trd, 000078.083, 152
Trd, 000078.817, 151
Trd, 000079.400, 150
Trd, 000080.067, 153
Trd, 000080.150, 158
Trd, 000080.467, 149
Trd, 000081.167, 149
Trd, 000082.200, 148
Trd, 000082.750, 148
Trd, 000082.800, 153
Trd, 000083.350, 145.0
Trd, 000084.117, 152
Trd, 000084.417, 153
Trd, 000085.117, 145
Trd, 000085.500, 152
Trd, 000086.183, 146
Trd, 000086.650, 145
Trd, 000087.300, 147
Trd, 000089.200, 150
Trd, 000089.217, 151
Trd, 000089.667, 151
Trd, 000089.933, 151
Trd, 000091.233, 152
Trd, 000091.300, 157
Trd, 000091.633, 153
Trd, 000091.900, 158
Trd, 000092.767, 154
Trd, 000094.117, 153
Trd, 000095.183, 159
Trd, 000096.217, 155
Trd, 000097.267, 154
Trd, 000097.883, 153
Trd, 000098.817, 153
Trd, 000099.367, 155
Trd, 000099.600, 153
Trd, 000099.817, 154
Trd, 000100.717, 154
Trd, 000100.900, 160
Trd, 000101.117, 152
Trd, 000101.417, 148
Trd, 000101.867, 143.0
Trd, 000102.817, 153
Trd, 000103.200, 142.0
Trd, 000103.650, 144
Trd, 000104.650, 141.0
Trd, 000106.033, 141
Trd, 000106.800, 145
Trd, 000106.817, 143
Trd, 000107.517, 147
Trd, 000108.167, 149
Trd, 000108.700, 151
Trd, 000110.067, 155
Trd, 000110.733, 158
Trd, 000110.767, 152
Trd, 000111.117, 148
Trd, 000112.133, 164.0
Trd, 000112.333, 164
Trd, 000113.633, 152
Trd, 000114.917, 151
Trd, 000115.117, 154
Trd, 000115.250, 156
Trd, 000115.717, 152
Trd, 000115.933, 155
Trd, 000116.333, 151
Trd, 000117.417, 152
Trd, 000118.250, 146.0
Trd, 000119.133, 151
Trd, 000119.433, 153
Trd, 000119.917, 159
Trd, 000120.033, 149
Trd, 000120.833, 150
Trd, 000120.883, 149
Trd, 000121.000, 149
Trd, 000121.283, 147
Trd, 000122.567, 146.0
Trd, 000124.350, 150
Trd, 000125.433, 151
Trd, 000126.300, 150
Trd, 000126.317, 150
Trd, 000126.400, 151
Trd, 000126.600, 150
Trd, 000126.767, 152
Trd, 000128.483, 149
Trd, 000128.833, 149
Trd, 000129.600, 151
Trd, 000129.750, 148
Trd, 000130.067, 148
Trd, 000130.700, 149
Trd, 000130.733, 147
Trd, 000131.533, 149
Trd, 000132.300, 149
Trd, 000132.833, 149
Trd, 000133.117, 150
Trd, 000133.167, 148
Trd, 000133.200, 160
Trd, 000135.400, 150
Trd, 000135.617, 149
Trd, 000136.050, 144.0
Trd, 000136.233, 151
Trd, 000137.000, 160
Trd, 000138.467, 146
Trd, 000138.800, 148
Trd, 000138.967, 143.0
Trd, 000139.350, 149
Trd, 000140.817, 146
Trd, 000141.050, 149
Trd, 000141.333, 145
Trd, 000141.517, 144.0
Trd, 000141.750, 150
Trd, 000142.667, 146
Trd, 000142.717, 151
Trd, 000144.700, 154
Trd, 000144.950, 153
Trd, 000145.267, 153
Trd, 000145.717, 154
Trd, 000147.617, 158
Trd, 000147.650, 158
Trd, 000147.733, 157
Trd, 000149.483, 161
Trd, 000150.267, 162.0
Trd, 000150.383, 160
Trd, 000150.600, 158
Trd, 000151.100, 159
Trd, 000151.617, 158
Trd, 000152.050, 158.0
Trd, 000152.450, 150
Trd, 000152.867, 149
Trd, 000155.300, 154
Trd, 000155.967, 155
Trd, 000156.000, 156
Trd, 000156.117, 154
Trd, 000156.583, 153
Trd, 000157.783, 153
Trd, 000158.417, 155
Trd, 000159.150, 154
Trd, 000159.267, 155
Trd, 000159.350, 154
Trd, 000159.733, 150
Trd, 000159.767, 148
Trd, 000160.183, 137
Trd, 000161.200, 155
Trd, 000161.283, 138
Trd, 000161.683, 156
Trd, 000163.317, 151
Trd, 000163.767, 150
Trd, 000164.417, 154
Trd, 000164.900, 152
Trd, 000165.350, 150
Trd, 000166.167, 150
Trd, 000166.983, 150
Trd, 000167.433, 150
Trd, 000167.700, 149
Trd, 000169.100, 146.0
Trd, 000169.683, 152
Trd, 000170.367, 146.0
Trd, 000170.433, 145.0
Trd, 000171.200, 151
Trd, 000171.783, 150
Trd, 000172.933, 151
Trd, 000173.267, 151
Trd, 000173.633, 146
Trd, 000174.450, 153
Trd, 000174.767, 148
Trd, 000175.250, 154
Trd, 000175.267, 147
Trd, 000175.883, 148
Trd, 000176.983, 151
Trd, 000177.550, 150
Trd, 000177.883, 152
Trd, 000178.550, 152
Trd, 000179.333, 150
Trd, 000179.483, 152
Trd, 000179.767, 152
Trd, 000180.917, 153
Trd, 000182.000, 151
Trd, 000182.083, 147
Trd, 000182.933, 158
Trd, 000184.183, 165.0
Trd, 000184.500, 163.0
Trd, 000184.883, 168
Trd, 000185.017, 162.0
Trd, 000186.133, 158.0
Trd, 000186.317, 158
Trd, 000187.850, 157
Trd, 000188.067, 157
Trd, 000188.133, 160
Trd, 000188.417, 156
Trd, 000189.667, 157
Trd, 000189.900, 156
Trd, 000190.733, 155
Trd, 000191.133, 146
Trd, 000192.000, 153
Trd, 000192.667, 154
Trd, 000192.950, 152
Trd, 000193.067, 151
Trd, 000193.150, 141.0
Trd, 000193.833, 152
Trd, 000195.083, 150
Trd, 000195.633, 150
Trd, 000196.450, 150
Trd, 000196.483, 150
Trd, 000198.167, 149
Trd, 000198.200, 144.0
Trd, 000199.000, 151
Trd, 000199.150, 142.0
Trd, 000200.233, 147
Trd, 000200.967, 142.0
Trd, 000202.883, 144
Trd, 000202.933, 147
Trd, 000203.200, 145
Trd, 000204.000, 147
Trd, 000204.600, 145
Trd, 000205.200, 144.0
Trd, 000205.450, 144
Trd, 000205.517, 147
Trd, 000205.983, 142
Trd, 000207.167, 148
Trd, 000207.300, 143.0
Trd, 000208.100, 143.0
Trd, 000209.083, 143
Trd, 000209.533, 148
Trd, 000209.833, 148
Trd, 000210.167, 159
Trd, 000210.267, 145
Trd, 000210.817, 141.0
Trd, 000211.733, 152
Trd, 000213.117, 154
Trd, 000213.717, 153
Trd, 000214.467, 159.0
Trd, 000214.783, 153
Trd, 000215.967, 152
Trd, 000216.367, 151
Trd, 000217.050, 153
Trd, 000217.333, 152
Trd, 000218.250, 150
Trd, 000218.533, 148
Trd, 000220.067, 145.0
Trd, 000220.450, 150
Trd, 000220.917, 151
Trd, 000221.133, 149
Trd, 000222.100, 152
Trd, 000222.300, 156
Trd, 000222.683, 151
Trd, 000223.300, 154
Trd, 000223.500, 153
Trd, 000224.583, 154
Trd, 000224.683, 152
Trd, 000225.017, 156
Trd, 000225.467, 157
Trd, 000225.883, 151
Trd, 000228.517, 152
Trd, 000230.050, 150
Trd, 000230.150, 145.0
Trd, 000230.317, 151
Trd, 000231.200, 149
Trd, 000231.333, 147.0
Trd, 000231.883, 148.0
Trd, 000232.183, 147.0
Trd, 000232.483, 149
Trd, 000233.117, 141.0
Trd, 000233.217, 139
Trd, 000235.033, 148
Trd, 000235.083, 144
Trd, 000235.150, 149
Trd, 000235.300, 151
Trd, 000235.450, 145
Trd, 000236.850, 148
Trd, 000237.250, 147
Trd, 000238.100, 149
Trd, 000238.267, 150
Trd, 000238.367, 158
Trd, 000240.083, 165.0
Trd, 000240.350, 165
Trd, 000240.517, 165
Trd, 000240.967, 165
Trd, 000241.233, 164
Trd, 000241.317, 163
Trd, 000241.800, 162
Trd, 000242.000, 163.0
Trd, 000242.283, 162.0
Trd, 000243.183, 163
Trd, 000244.083, 162
Trd, 000244.233, 164
Trd, 000244.267, 161
Trd, 000244.717, 159.0
Trd, 000244.983, 144
Trd, 000245.133, 141.0
Trd, 000245.767, 157
Trd, 000245.900, 152
Trd, 000246.167, 151
Trd, 000246.383, 153
Trd, 000246.583, 156
Trd, 000246.917, 157
Trd, 000247.117, 158
Trd, 000247.150, 150
Trd, 000247.617, 148
Trd, 000248.183, 145.0
Trd, 000248.517, 145.0
Trd, 000248.633, 146
Trd, 000249.283, 147
Trd, 000249.500, 139
Trd, 000250.767, 146
Trd, 000251.167, 147
Trd, 000251.233, 146
Trd, 000251.267, 145
Trd, 000251.900, 143
Trd, 000252.150, 143
Trd, 000252.183, 146
Trd, 000252.867, 147
Trd, 000253.400, 142
Trd, 000253.800, 142.0
Trd, 000254.283, 144
Trd, 000254.383, 143.0
Trd, 000255.017, 142.0
Trd, 000255.250, 145
Trd, 000256.183, 148.0
Trd, 000256.250, 141.0
Trd, 000256.517, 151
Trd, 000256.533, 141
Trd, 000256.617, 160
Trd, 000257.517, 162.0
Trd, 000257.817, 148
Trd, 000258.833, 164.0
Trd, 000259.300, 146
Trd, 000259.983, 156
Trd, 000260.400, 153
Trd, 000260.550, 152
Trd, 000261.333, 141.0
Trd, 000261.600, 142
Trd, 000261.733, 145.0
Trd, 000262.183, 147
Trd, 000262.550, 151
Trd, 000262.700, 144
Trd, 000263.100, 147
Trd, 000263.933, 152
Trd, 000264.467, 152
Trd, 000264.817, 148
Trd, 000265.017, 148
Trd, 000265.100, 148
Trd, 000266.167, 145.0
Trd, 000266.750, 146.0
Trd, 000266.800, 148.0
Trd, 000266.833, 148
Trd, 000267.433, 150
Trd, 000267.483, 147
Trd, 000267.883, 151
Trd, 000268.383, 161
Trd, 000268.483, 151
Trd, 000269.067, 154
Trd, 000269.117, 153
Trd, 000269.600, 157
Trd, 000270.083, 155
Trd, 000270.150, 154.0
Trd, 000270.233, 148
Trd, 000270.550, 144.0
Trd, 000271.383, 149
Trd, 000272.483, 157
Trd, 000273.217, 151
Trd, 000273.683, 151
Trd, 000273.900, 162
Trd, 000274.017, 165.0
Trd, 000274.317, 155
Trd, 000274.367, 154
Trd, 000274.517, 156
Trd, 000274.533, 159
Trd, 000275.167, 153
Trd, 000275.700, 156
Trd, 000276.350, 155
Trd, 000276.483, 154
Trd, 000276.800, 154
Trd, 000277.250, 155
Trd, 000277.750, 155
Trd, 000278.083, 160
Trd, 000278.500, 157.0
Trd, 000278.700, 162
Trd, 000278.783, 155
Trd, 000279.350, 155
Trd, 000279.817, 153
Trd, 000280.100, 148
Trd, 000280.700, 155
Trd, 000281.167, 152.0
Trd, 000281.433, 144.0
Trd, 000281.533, 145
Trd, 000281.667, 147
Trd, 000282.467, 154
Trd, 000284.283, 157.0
Trd, 000284.350, 158
Trd, 000284.533, 157.0
Trd, 000284.600, 165.0
Trd, 000284.850, 164
Trd, 000285.000, 167.0
Trd, 000285.133, 163
Trd, 000285.483, 168.0
Trd, 000285.983, 162.0
Trd, 000286.033, 155
Trd, 000286.300, 148
Trd, 000286.617, 141.0
Trd, 000287.283, 152.0
Trd, 000287.533, 141
Trd, 000287.683, 141
Trd, 000287.883, 148
Trd, 000287.967, 136
Trd, 000288.417, 134
Trd, 000288.683, 146
Trd, 000288.817, 137
Trd, 000289.183, 137.0
Trd, 000289.883, 147
Trd, 000290.067, 136
Trd, 000290.400, 128
Trd, 000290.433, 131.0
Trd, 000290.833, 128.0
Trd, 000291.033, 136
Trd, 000291.183, 148.0
Trd, 000291.400, 145
Trd, 000291.817, 136
Trd, 000291.967, 133
Trd, 000293.083, 144
Trd, 000293.367, 135
Trd, 000293.450, 145
Trd, 000294.100, 130
Trd, 000294.400, 129
Trd, 000295.133, 141.0
Trd, 000295.167, 143
Trd, 000295.283, 134
Trd, 000295.400, 151
Trd, 000295.717, 162
Trd, 000296.567, 137.0
Trd, 000297.133, 145
Trd, 000297.183, 138
Trd, 000297.850, 138
Trd, 000297.917, 136
Trd, 000298.583, 136
Trd, 000298.617, 135
Trd, 000298.733, 140
Trd, 000298.933, 140
Trd, 000299.283, 139
Trd, 000299.367, 136
