Trd, 000001.550, 106
Trd, 000002.483, 144
Trd, 000002.600, 103
Trd, 000002.833, 151.0
Trd, 000003.717, 120
Trd, 000003.817, 144
Trd, 000004.683, 135
Trd, 000005.683, 154
Trd, 000006.433, 153
Trd, 000006.833, 153
Trd, 000007.383, 152.0
Trd, 000007.633, 158.0
Trd, 000008.033, 152.0
Trd, 000008.183, 168.0
Trd, 000009.100, 158
Trd, 000009.533, 171
Trd, 000011.250, 167
Trd, 000011.667, 172
Trd, 000011.850, 165.0
Trd, 000012.567, 162
Trd, 000013.350, 158.0
Trd, 000013.400, 155.0
Trd, 000014.000, 151.0
Trd, 000014.333, 135
Trd, 000014.600, 160
Trd, 000014.833, 160
Trd, 000015.950, 146
Trd, 000016.133, 148
Trd, 000017.083, 150
Trd, 000017.600, 144
Trd, 000018.367, 149.0
Trd, 000018.633, 151.0
Trd, 000018.650, 144
Trd, 000019.350, 162.0
Trd, 000019.550, 160
Trd, 000021.533, 160
Trd, 000022.767, 161.0
Trd, 000022.950, 162
Trd, 000023.317, 158.0
Trd, 000023.533, 158
Trd, 000024.100, 163
Trd, 000025.250, 162
Trd, 000025.283, 158.0
Trd, 000025.467, 162
Trd, 000025.967, 156
Trd, 000026.767, 160
Trd, 000026.917, 153.0
Trd, 000027.033, 161
Trd, 000027.317, 158.0
Trd, 000027.367, 152.0
Trd, 000028.467, 168.0
Trd, 000029.117, 165
Trd, 000029.467, 160
Trd, 000030.200, 157
Trd, 000030.500, 162.0
Trd, 000030.783, 160.0
Trd, 000031.917, 160
Trd, 000032.017, 160
Trd, 000032.300, 151.0
Trd, 000033.567, 150.0
Trd, 000034.033, 140.0
Trd, 000035.367, 150.0
Trd, 000037.000, 148
Trd, 000037.200, 148.0
Trd, 000037.467, 151.0
Trd, 000037.800, 149
Trd, 000037.967, 149
Trd, 000038.183, 162.0
Trd, 000038.867, 169
Trd, 000038.900, 165.0
Trd, 000039.300, 160
Trd, 000041.267, 160
Trd, 000041.650, 160
Trd, 000043.000, 159
Trd, 000043.133, 160
Trd, 000043.217, 158.0
Trd, 000043.383, 160
Trd, 000043.500, 159
Trd, 000043.650, 162
Trd, 000043.967, 158
Trd, 000044.433, 155.0
Trd, 000045.767, 137
Trd, 000046.017, 151.0
Trd, 000046.667, 151
Trd, 000047.333, 149.0
Trd, 000047.700, 151.0
Trd, 000048.217, 148
Trd, 000048.467, 153
Trd, 000048.550, 168.0
Trd, 000049.000, 145
Trd, 000050.900, 155
Trd, 000051.250, 150
Trd, 000052.300, 151
Trd, 000052.517, 155
Trd, 000052.633, 172
Trd, 000053.567, 161
Trd, 000053.717, 156.0
Trd, 000053.800, 162
Trd, 000054.267, 151.0
Trd, 000054.417, 136
Trd, 000056.050, 126
Trd, 000056.433, 158.0
Trd, 000056.467, 160.0
Trd, 000056.817, 152
Trd, 000056.833, 167.0
Trd, 000058.350, 164
Trd, 000058.817, 159
Trd, 000059.433, 158
Trd, 000060.100, 158
Trd, 000060.483, 158
Trd, 000060.583, 155.0
Trd, 000060.750, 155
Trd, 000060.767, 151.0
Trd, 000061.183, 167.0
Trd, 000061.317, 173
Trd, 000062.500, 160
Trd, 000062.833, 182.0
Trd, 000062.867, 158.0
Trd, 000063.667, 166.0
Trd, 000064.300, 165
Trd, 000064.317, 165.0
Trd, 000064.333, 177
Trd, 000064.600, 158.0
Trd, 000065.650, 158.0
Trd, 000065.917, 155.0
Trd, 000066.067, 152.0
Trd, 000066.167, 151.0
Trd, 000067.483, 166.0
Trd, 000068.000, 165.0
Trd, 000068.600, 153
Trd, 000070.217, 160.0
Trd, 000070.750, 158.0
Trd, 000071.550, 158
Trd, 000071.717, 157
Trd, 000073.833, 161
Trd, 000074.633, 156
Trd, 000075.167, 162
Trd, 000075.350, 163
Trd, 000075.950, 138
Trd, 000076.017, 151
Trd, 000076.117, 154
Trd, 000076.150, 138
Trd, 000076.967, 148
Trd, 000077.633, 158.0
Trd, 000078.183, 151.0
Trd, 000078.433, 161.0
Trd, 000080.083, 155
Trd, 000080.367, 155
Trd, 000080.950, 154
Trd, 000081.333, 157
Trd, 000081.583, 152.0
Trd, 000082.300, 151.0
Trd, 000082.450, 150
Trd, 000082.467, 148
Trd, 000083.150, 152
Trd, 000083.483, 155
Trd, 000083.850, 162.0
Trd, 000085.017, 161
Trd, 000085.250, 158.0
Trd, 000086.383, 152
Trd, 000086.800, 153.0
Trd, 000086.933, 159
Trd, 000088.800, 156.0
Trd, 000089.783, 155.0
Trd, 000090.033, 157
Trd, 000090.183, 162.0
Trd, 000090.750, 159
Trd, 000090.933, 160
Trd, 000091.383, 167.0
Trd, 000091.467, 163
Trd, 000091.533, 162
Trd, 000091.650, 160
Trd, 000092.283, 158.0
Trd, 000092.833, 166
Trd, 000093.017, 165.0
Trd, 000093.867, 158.0
Trd, 000094.050, 167.0
Trd, 000094.367, 159
Trd, 000095.950, 159
Trd, 000096.600, 158
Trd, 000096.933, 158.0
Trd, 000097.000, 160
Trd, 000097.233, 156.0
Trd, 000099.767, 155
Trd, 000100.017, 154.0
Trd, 000100.050, 153.0
Trd, 000100.267, 152.0
Trd, 000100.650, 152
Trd, 000101.167, 151.0
Trd, 000102.333, 162.0
Trd, 000102.967, 150
Trd, 000102.983, 151.0
Trd, 000103.517, 151
Trd, 000103.583, 160
Trd, 000103.933, 151
Trd, 000104.283, 158
Trd, 000104.483, 137
Trd, 000104.767, 159.0
Trd, 000104.867, 143
Trd, 000105.817, 157
Trd, 000105.883, 136
Trd, 000107.667, 168.0
Trd, 000108.517, 165.0
Trd, 000108.750, 168
Trd, 000108.833, 158.0
Trd, 000109.233, 159
Trd, 000109.767, 159
Trd, 000110.983, 158
Trd, 000111.233, 160
Trd, 000111.317, 155.0
Trd, 000112.000, 161
Trd, 000112.317, 151
Trd, 000112.833, 147
Trd, 000113.133, 162
Trd, 000113.817, 135
Trd, 000114.900, 151.0
Trd, 000115.133, 142
Trd, 000115.200, 167.0
Trd, 000115.667, 150
Trd, 000116.050, 146
Trd, 000116.467, 151
Trd, 000116.500, 152
Trd, 000116.967, 141
Trd, 000118.467, 162.0
Trd, 000118.767, 164.0
Trd, 000118.833, 159.0
Trd, 000119.100, 164.0
Trd, 000120.067, 160
Trd, 000120.367, 158.0
Trd, 000120.733, 167.0
Trd, 000121.450, 167.0
Trd, 000121.500, 165.0
Trd, 000122.533, 166.0
Trd, 000124.083, 164
Trd, 000124.917, 163.0
Trd, 000125.033, 162
Trd, 000125.367, 166.0
Trd, 000125.417, 168.0
Trd, 000127.283, 170
Trd, 000128.200, 167
Trd, 000129.150, 165
Trd, 000129.217, 165.0
Trd, 000129.333, 158.0
Trd, 000129.417, 171
Trd, 000129.967, 155.0
Trd, 000131.050, 165
Trd, 000131.217, 159
Trd, 000132.000, 164
Trd, 000133.400, 158
Trd, 000133.683, 155.0
Trd, 000133.717, 160
Trd, 000134.400, 159
Trd, 000134.633, 159
Trd, 000134.817, 158
Trd, 000134.850, 162
Trd, 000136.033, 164
Trd, 000136.050, 158.0
Trd, 000136.667, 154
Trd, 000136.883, 167.0
Trd, 000137.850, 168.0
Trd, 000139.133, 165.0
Trd, 000139.767, 168
Trd, 000140.200, 167
Trd, 000141.400, 165
Trd, 000141.450, 167
Trd, 000142.283, 167
Trd, 000142.833, 163
Trd, 000143.333, 159.0
Trd, 000143.867, 158.0
Trd, 000144.000, 162.0
Trd, 000144.600, 157.0
Trd, 000145.067, 157
Trd, 000145.267, 155.0
Trd, 000145.400, 161
Trd, 000146.533, 153
Trd, 000146.650, 156
Trd, 000146.867, 133
Trd, 000147.083, 141
Trd, 000149.300, 144
Trd, 000149.533, 152
Trd, 000149.600, 141
Trd, 000149.833, 168.0
Trd, 000150.167, 151.0
Trd, 000150.383, 173
Trd, 000151.883, 159.0
Trd, 000153.000, 163
Trd, 000153.367, 163
Trd, 000153.850, 162
Trd, 000154.617, 161
Trd, 000154.717, 158.0
Trd, 000154.833, 155.0
Trd, 000154.917, 136
Trd, 000155.117, 164
Trd, 000155.383, 147
Trd, 000156.567, 160.0
Trd, 000156.817, 163.0
Trd, 000156.833, 158.0
Trd, 000158.917, 160
Trd, 000159.250, 159
Trd, 000159.517, 166.0
Trd, 000159.783, 166.0
Trd, 000159.883, 165.0
Trd, 000160.317, 163
Trd, 000160.583, 158.0
Trd, 000161.217, 155.0
Trd, 000161.467, 168.0
Trd, 000162.167, 168
Trd, 000162.633, 151
Trd, 000163.150, 151.0
Trd, 000163.950, 165.0
Trd, 000164.417, 164
Trd, 000165.883, 162.0
Trd, 000166.083, 161
Trd, 000166.350, 160
Trd, 000166.700, 160
Trd, 000166.900, 159
Trd, 000167.450, 160.0
Trd, 000167.633, 162.0
Trd, 000167.667, 158.0
Trd, 000167.817, 157
Trd, 000168.200, 164
Trd, 000168.400, 155.0
Trd, 000168.533, 135
Trd, 000169.217, 124
Trd, 000170.733, 163
Trd, 000170.867, 158.0
Trd, 000171.083, 155.0
Trd, 000172.217, 165
Trd, 000172.367, 160.0
Trd, 000172.517, 159.0
Trd, 000172.683, 168.0
Trd, 000173.417, 159.0
Trd, 000173.633, 166
Trd, 000175.000, 162
Trd, 000175.050, 161
Trd, 000175.100, 158.0
Trd, 000176.783, 160.0
Trd, 000176.983, 155.0
Trd, 000177.667, 162.0
Trd, 000177.783, 158.0
Trd, 000178.500, 158
Trd, 000178.717, 158
Trd, 000179.817, 162
Trd, 000179.967, 159
Trd, 000181.117, 158
Trd, 000181.267, 160.0
Trd, 000181.467, 159
Trd, 000182.533, 159
Trd, 000182.733, 161
Trd, 000182.767, 162.0
Trd, 000182.967, 151.0
Trd, 000183.767, 168.0
Trd, 000184.700, 155
Trd, 000184.950, 153
Trd, 000185.400, 160
Trd, 000185.483, 158.0
Trd, 000186.033, 155
Trd, 000186.433, 146
Trd, 000187.200, 144
Trd, 000189.133, 144
Trd, 000189.233, 143
Trd, 000189.717, 144
Trd, 000189.817, 145
Trd, 000190.083, 146
Trd, 000190.400, 148.0
Trd, 000190.417, 149
Trd, 000191.233, 152
Trd, 000191.733, 152
Trd, 000191.867, 166.0
Trd, 000192.683, 155
Trd, 000193.550, 164
Trd, 000194.733, 165.0
Trd, 000194.850, 165.0
Trd, 000195.467, 165
Trd, 000195.517, 164
Trd, 000195.950, 167.0
Trd, 000195.967, 158.0
Trd, 000196.450, 165
Trd, 000197.067, 155.0
Trd, 000197.900, 162
Trd, 000198.867, 156
Trd, 000199.100, 156
Trd, 000199.267, 160
Trd, 000199.867, 154
Trd, 000199.950, 158
Trd, 000200.017, 152.0
Trd, 000200.983, 151.0
Trd, 000201.283, 155
Trd, 000201.450, 162.0
Trd, 000201.633, 150
Trd, 000202.733, 140
Trd, 000203.950, 158.0
Trd, 000204.383, 155
Trd, 000204.417, 157
Trd, 000204.883, 164
Trd, 000205.467, 151.0
Trd, 000205.767, 144
Trd, 000206.783, 144
Trd, 000207.917, 150.0
Trd, 000208.100, 151.0
Trd, 000208.600, 152
Trd, 000209.200, 140
Trd, 000209.433, 141
Trd, 000210.467, 163
Trd, 000211.200, 163.0
Trd, 000211.583, 161
Trd, 000212.033, 166
Trd, 000213.067, 159.0
Trd, 000213.150, 166.0
Trd, 000213.817, 168.0
Trd, 000214.183, 160.0
Trd, 000214.450, 158.0
Trd, 000214.650, 161
Trd, 000214.817, 160
Trd, 000214.933, 162
Trd, 000215.100, 168.0
Trd, 000215.400, 155.0
Trd, 000216.683, 157
Trd, 000216.750, 156
Trd, 000217.700, 151.0
Trd, 000218.133, 152
Trd, 000218.183, 165
Trd, 000219.033, 171
Trd, 000219.750, 157
Trd, 000219.883, 155.0
Trd, 000220.817, 152.0
Trd, 000221.667, 161
Trd, 000222.183, 161
Trd, 000222.233, 151.0
Trd, 000222.300, 162
Trd, 000222.700, 154
Trd, 000223.017, 138
Trd, 000224.083, 162.0
Trd, 000225.633, 162
Trd, 000226.000, 160
Trd, 000227.167, 160.0
Trd, 000228.317, 159.0
Trd, 000228.417, 160.0
Trd, 000229.017, 161
Trd, 000229.483, 161.0
Trd, 000229.933, 162
Trd, 000229.983, 168.0
Trd, 000230.100, 161.0
Trd, 000230.367, 161
Trd, 000231.700, 165
Trd, 000231.967, 158.0
Trd, 000232.600, 160
Trd, 000233.417, 165.0
Trd, 000234.317, 162
Trd, 000234.550, 164
Trd, 000235.133, 167.0
Trd, 000235.233, 157.0
Trd, 000237.200, 168.0
Trd, 000237.267, 159
Trd, 000237.717, 158
Trd, 000238.933, 162
Trd, 000239.033, 163
Trd, 000239.167, 158
Trd, 000240.033, 166.0
Trd, 000240.250, 165.0
Trd, 000240.550, 158.0
Trd, 000241.417, 158.0
Trd, 000241.467, 157
Trd, 000242.083, 155.0
Trd, 000242.300, 151.0
Trd, 000242.400, 158.0
Trd, 000243.783, 153
Trd, 000244.067, 146.0
Trd, 000244.217, 143.0
Trd, 000244.250, 153.0
Trd, 000245.267, 146
Trd, 000245.450, 145
Trd, 000245.683, 145
Trd, 000246.600, 149
Trd, 000246.950, 150.0
Trd, 000247.800, 148.0
Trd, 000247.883, 153
Trd, 000248.667, 151.0
Trd, 000249.183, 158.0
Trd, 000249.900, 159.0
Trd, 000251.133, 158.0
Trd, 000251.283, 155.0
Trd, 000251.783, 159
Trd, 000251.850, 136
Trd, 000252.383, 159.0
Trd, 000252.483, 159.0
Trd, 000252.517, 148
Trd, 000252.917, 150
Trd, 000252.967, 150
Trd, 000253.900, 151.0
Trd, 000254.517, 158.0
Trd, 000254.567, 159.0
Trd, 000254.617, 157
Trd, 000254.733, 162.0
Trd, 000256.300, 156
Trd, 000256.633, 159
Trd, 000257.317, 160
Trd, 000257.400, 159
Trd, 000257.683, 159
Trd, 000257.717, 162.0
Trd, 000258.300, 158.0
Trd, 000258.550, 151.0
Trd, 000259.467, 147
Trd, 000259.483, 156
Trd, 000259.600, 146
Trd, 000259.933, 147
Trd, 000260.433, 151.0
Trd, 000261.483, 152
Trd, 000261.650, 153
Trd, 000261.817, 148
Trd, 000262.067, 152
Trd, 000262.250, 158.0
Trd, 000264.333, 155
Trd, 000264.350, 157
Trd, 000264.683, 154
Trd, 000264.817, 156
Trd, 000265.050, 154
Trd, 000265.133, 153
Trd, 000265.283, 151.0
Trd, 000265.383, 158.0
Trd, 000265.600, 158.0
Trd, 000265.783, 141.0
Trd, 000266.500, 158.0
Trd, 000267.317, 158
Trd, 000267.567, 154
Trd, 000268.133, 149
Trd, 000268.783, 143.0
Trd, 000269.750, 144.0
Trd, 000270.583, 165.0
Trd, 000270.600, 151
Trd, 000270.783, 157
Trd, 000271.100, 165.0
Trd, 000271.217, 151
Trd, 000271.517, 151.0
Trd, 000271.867, 150
Trd, 000272.167, 156
Trd, 000272.783, 147
Trd, 000272.917, 145
Trd, 000273.450, 141.0
Trd, 000273.567, 146
Trd, 000273.850, 147
Trd, 000273.933, 154
Trd, 000273.950, 162.0
Trd, 000274.433, 158.0
Trd, 000274.950, 155
Trd, 000275.000, 164.0
Trd, 000275.333, 161.0
Trd, 000275.617, 156.0
Trd, 000276.450, 162
Trd, 000276.717, 164.0
Trd, 000277.400, 162.0
Trd, 000277.500, 155.0
Trd, 000277.533, 151.0
Trd, 000278.383, 151.0
Trd, 000278.417, 164.0
Trd, 000279.317, 152
Trd, 000279.533, 159
Trd, 000280.550, 160.0
Trd, 000280.767, 159.0
Trd, 000280.867, 161.0
Trd, 000281.117, 158.0
Trd, 000281.517, 162.0
Trd, 000281.867, 155
Trd, 000281.883, 155.0
Trd, 000282.000, 160
Trd, 000283.300, 151.0
Trd, 000283.333, 153
Trd, 000284.283, 152
Trd, 000284.600, 139
Trd, 000285.050, 140
Trd, 000285.167, 138
Trd, 000285.200, 147
Trd, 000285.267, 134
Trd, 000285.867, 146.0
Trd, 000286.150, 155.0
Trd, 000286.550, 150
Trd, 000286.700, 139
Trd, 000287.400, 149
Trd, 000288.000, 151.0
Trd, 000288.100, 148
Trd, 000288.433, 147
Trd, 000288.750, 145
Trd, 000289.100, 141.0
Trd, 000289.983, 147
Trd, 000290.067, 140
Trd, 000290.217, 148
Trd, 000291.483, 149
Trd, 000292.300, 150
Trd, 000292.383, 151.0
Trd, 000292.417, 158.0
Trd, 000293.250, 154
Trd, 000293.633, 153
Trd, 000293.650, 152
Trd, 000294.033, 151
Trd, 000294.517, 151
Trd, 000294.700, 162.0
Trd, 000294.850, 158.0
Trd, 000294.983, 151
Trd, 000295.100, 167.0
Trd, 000295.283, 168.0
Trd, 000295.433, 165.0
Trd, 000295.867, 151.0
Trd, 000297.250, 153
Trd, 000297.950, 160
Trd, 000298.667, 160.0
Trd, 000298.883, 159
Trd, 000298.900, 161
Trd, 000298.967, 165
Trd, 000299.633, 158.0
Trd, 000299.950, 157
