Trd, 000002.550, 155.0
Trd, 000002.633, 129
Trd, 000002.867, 127
Trd, 000002.950, 158.0
Trd, 000003.517, 113.0
Trd, 000003.667, 137
Trd, 000004.983, 144
Trd, 000005.050, 167.0
Trd, 000005.067, 143
Trd, 000005.350, 144
Trd, 000005.767, 145
Trd, 000005.800, 168.0
Trd, 000006.983, 149
Trd, 000007.183, 143
Trd, 000009.000, 152
Trd, 000009.617, 156.0
Trd, 000009.883, 155
Trd, 000010.050, 158.0
Trd, 000010.400, 152
Trd, 000011.283, 162
Trd, 000011.767, 165
Trd, 000011.817, 159
Trd, 000012.233, 161
Trd, 000012.433, 168.0
Trd, 000013.350, 164
Trd, 000013.500, 161
Trd, 000013.983, 160
Trd, 000014.317, 159
Trd, 000014.400, 184
Trd, 000015.033, 157
Trd, 000015.133, 151
Trd, 000015.350, 150
Trd, 000016.117, 154
Trd, 000016.550, 165
Trd, 000017.100, 172.0
Trd, 000017.967, 169
Trd, 000018.383, 166.0
Trd, 000019.050, 167
Trd, 000019.433, 166
Trd, 000020.167, 165.0
Trd, 000020.300, 157
Trd, 000020.467, 150
Trd, 000021.183, 161
Trd, 000021.517, 157
Trd, 000022.067, 161
Trd, 000022.217, 162
Trd, 000022.950, 159
Trd, 000023.483, 158
Trd, 000023.683, 157
Trd, 000023.833, 161
Trd, 000024.250, 150
Trd, 000025.083, 162
Trd, 000025.167, 157
Trd, 000025.583, 156
Trd, 000027.550, 157.0
Trd, 000028.450, 157.0
Trd, 000028.783, 158.0
Trd, 000028.933, 153
Trd, 000029.283, 162
Trd, 000029.633, 167.0
Trd, 000029.983, 152
Trd, 000030.350, 150
Trd, 000030.467, 147
Trd, 000030.633, 158.0
Trd, 000030.967, 144
Trd, 000031.533, 146
Trd, 000031.950, 160
Trd, 000032.050, 161
Trd, 000033.000, 147
Trd, 000033.383, 141
Trd, 000033.800, 129
Trd, 000034.033, 127.0
Trd, 000034.583, 153
Trd, 000035.400, 133
Trd, 000036.183, 141
Trd, 000036.350, 156.0
Trd, 000037.250, 158.0
Trd, 000037.550, 162
Trd, 000038.167, 144
Trd, 000039.500, 149
Trd, 000039.750, 151
Trd, 000039.767, 148
Trd, 000040.383, 157.0
Trd, 000040.400, 162
Trd, 000040.450, 149
Trd, 000041.733, 152
Trd, 000041.900, 151
Trd, 000042.733, 151
Trd, 000042.850, 154
Trd, 000043.267, 150
Trd, 000043.733, 157.0
Trd, 000043.883, 150
Trd, 000043.900, 147
Trd, 000044.650, 154
Trd, 000046.833, 152
Trd, 000047.183, 158.0
Trd, 000047.550, 161
Trd, 000048.683, 160
Trd, 000048.750, 155
Trd, 000050.217, 157
Trd, 000051.300, 161
Trd, 000051.583, 158
Trd, 000051.700, 158
Trd, 000051.967, 157
Trd, 000052.133, 147
Trd, 000052.550, 160
Trd, 000052.683, 149
Trd, 000053.533, 146
Trd, 000053.567, 157
Trd, 000053.717, 137.0
Trd, 000054.733, 142
Trd, 000054.783, 153
Trd, 000055.950, 152
Trd, 000056.117, 152
Trd, 000056.300, 151
Trd, 000056.833, 153
Trd, 000057.850, 158.0
Trd, 000057.983, 162
Trd, 000059.033, 150
Trd, 000059.667, 153
Trd, 000059.683, 152
Trd, 000060.150, 154
Trd, 000060.467, 153
Trd, 000060.783, 154
Trd, 000060.933, 154
Trd, 000061.883, 156
Trd, 000062.117, 168.0
Trd, 000062.433, 157
Trd, 000062.717, 156
Trd, 000063.367, 157
Trd, 000063.433, 158.0
Trd, 000063.917, 156
Trd, 000064.600, 156
Trd, 000064.733, 162
Trd, 000065.167, 155
Trd, 000065.467, 163
Trd, 000065.967, 157
Trd, 000066.550, 157.0
Trd, 000066.767, 158.0
Trd, 000068.483, 160
Trd, 000069.650, 162
Trd, 000069.933, 161
Trd, 000070.050, 162
Trd, 000070.283, 161
Trd, 000070.317, 160
Trd, 000070.350, 160
Trd, 000071.417, 162
Trd, 000071.467, 151
Trd, 000071.767, 162
Trd, 000071.883, 161
Trd, 000073.167, 150
Trd, 000073.550, 155
Trd, 000073.817, 160
Trd, 000074.250, 163
Trd, 000074.600, 153
Trd, 000075.400, 159
Trd, 000075.717, 151
Trd, 000075.800, 150
Trd, 000077.750, 153
Trd, 000077.817, 154
Trd, 000078.183, 157
Trd, 000078.367, 151
Trd, 000079.083, 150
Trd, 000079.117, 162
Trd, 000079.600, 147
Trd, 000080.017, 158.0
Trd, 000080.117, 157
Trd, 000080.183, 162
Trd, 000080.450, 153
Trd, 000081.017, 152
Trd, 000081.700, 157
Trd, 000081.967, 152
Trd, 000082.017, 159
Trd, 000082.933, 152
Trd, 000083.033, 157
Trd, 000083.233, 147
Trd, 000083.250, 167.0
Trd, 000085.150, 158.0
Trd, 000085.683, 149
Trd, 000086.667, 158
Trd, 000087.383, 154
Trd, 000087.833, 184
Trd, 000088.133, 157
Trd, 000088.450, 158.0
Trd, 000088.683, 157
Trd, 000088.750, 162
Trd, 000089.083, 157
Trd, 000089.300, 164
Trd, 000089.367, 168.0
Trd, 000089.750, 156
Trd, 000090.933, 150
Trd, 000091.100, 182.0
Trd, 000091.317, 177
Trd, 000091.350, 150
Trd, 000091.900, 169
Trd, 000092.317, 183.0
Trd, 000093.333, 150
Trd, 000093.967, 172.0
Trd, 000095.100, 168
Trd, 000095.233, 167
Trd, 000095.550, 169
Trd, 000096.217, 158.0
Trd, 000096.633, 149
Trd, 000097.683, 147
Trd, 000098.067, 153
Trd, 000098.283, 156
Trd, 000098.633, 154
Trd, 000098.800, 153
Trd, 000099.383, 154
Trd, 000100.167, 155
Trd, 000100.483, 155
Trd, 000100.617, 149
Trd, 000100.800, 157
Trd, 000100.883, 134.0
Trd, 000101.117, 163
Trd, 000101.367, 168.0
Trd, 000103.633, 155
Trd, 000104.017, 155
Trd, 000104.167, 154
Trd, 000104.333, 160
Trd, 000104.400, 160
Trd, 000104.650, 146
Trd, 000105.717, 158.0
Trd, 000106.017, 151
Trd, 000106.033, 162
Trd, 000106.433, 148
Trd, 000106.683, 162
Trd, 000107.333, 152
Trd, 000107.550, 147
Trd, 000108.350, 158.0
Trd, 000109.483, 156
Trd, 000109.633, 158
Trd, 000109.900, 155
Trd, 000110.800, 155
Trd, 000110.817, 154
Trd, 000110.883, 166.0
Trd, 000112.383, 167.0
Trd, 000113.767, 163
Trd, 000113.817, 156
Trd, 000113.950, 164
Trd, 000114.100, 155
Trd, 000115.183, 152
Trd, 000115.367, 152
Trd, 000116.100, 157.0
Trd, 000116.267, 158.0
Trd, 000117.250, 155
Trd, 000118.183, 154
Trd, 000118.450, 158
Trd, 000118.600, 152
Trd, 000118.817, 151
Trd, 000119.867, 152
Trd, 000120.817, 157
Trd, 000121.900, 155
Trd, 000122.467, 156
Trd, 000122.850, 156
Trd, 000123.117, 154
Trd, 000123.367, 158.0
Trd, 000123.433, 153
Trd, 000123.733, 162
Trd, 000124.983, 151
Trd, 000125.050, 150
Trd, 000125.150, 167.0
Trd, 000125.850, 149
Trd, 000126.150, 164
Trd, 000126.183, 168.0
Trd, 000126.350, 150
Trd, 000127.033, 184
Trd, 000127.933, 174
Trd, 000129.033, 186.0
Trd, 000130.300, 173
Trd, 000130.500, 174
Trd, 000130.783, 167
Trd, 000131.567, 165.0
Trd, 000131.917, 174
Trd, 000131.933, 148
Trd, 000133.017, 149
Trd, 000133.350, 166
Trd, 000133.900, 157
Trd, 000134.567, 165
Trd, 000134.717, 165
Trd, 000134.967, 156
Trd, 000136.267, 153
Trd, 000136.450, 154.0
Trd, 000136.733, 155.0
Trd, 000136.817, 154
Trd, 000137.500, 154
Trd, 000138.633, 157
Trd, 000138.900, 157.0
Trd, 000139.150, 155
Trd, 000139.250, 153
Trd, 000139.750, 158.0
Trd, 000139.950, 156
Trd, 000141.250, 162
Trd, 000141.617, 157
Trd, 000142.467, 159
Trd, 000143.083, 160
Trd, 000143.117, 160
Trd, 000143.583, 162
Trd, 000144.200, 160
Trd, 000145.050, 167.0
Trd, 000145.767, 165
Trd, 000145.950, 166.0
Trd, 000146.150, 153
Trd, 000146.600, 161
Trd, 000147.433, 161
Trd, 000147.567, 160
Trd, 000148.400, 160
Trd, 000148.600, 163
Trd, 000149.283, 158
Trd, 000149.650, 168.0
Trd, 000150.083, 166
Trd, 000150.217, 166
Trd, 000150.250, 161
Trd, 000150.733, 160
Trd, 000151.500, 171
Trd, 000152.367, 165
Trd, 000152.950, 170
Trd, 000153.550, 170
Trd, 000153.933, 169
Trd, 000154.150, 166
Trd, 000154.567, 169
Trd, 000154.700, 165.0
Trd, 000155.583, 168
Trd, 000155.850, 166
Trd, 000156.600, 165.0
Trd, 000156.650, 168
Trd, 000156.933, 156
Trd, 000158.183, 150
Trd, 000158.567, 134.0
Trd, 000158.667, 163
Trd, 000159.783, 164
Trd, 000159.833, 144
Trd, 000160.300, 147
Trd, 000161.217, 158.0
Trd, 000161.733, 158
Trd, 000162.517, 153
Trd, 000162.833, 152
Trd, 000163.417, 156
Trd, 000164.100, 158.0
Trd, 000164.783, 158
Trd, 000164.900, 161
Trd, 000165.283, 152
Trd, 000166.533, 157
Trd, 000167.050, 158
Trd, 000167.350, 156
Trd, 000167.750, 157
Trd, 000168.333, 157
Trd, 000168.367, 158
Trd, 000168.567, 162
Trd, 000169.050, 163
Trd, 000169.117, 160
Trd, 000169.233, 160
Trd, 000169.600, 181
Trd, 000170.417, 158.0
Trd, 000170.983, 159
Trd, 000171.033, 153
Trd, 000172.783, 156
Trd, 000172.967, 153
Trd, 000173.750, 158
Trd, 000174.083, 154
Trd, 000174.183, 153
Trd, 000174.633, 147
Trd, 000174.683, 134.0
Trd, 000175.383, 158
Trd, 000175.517, 162
Trd, 000175.750, 157
Trd, 000176.217, 149
Trd, 000176.850, 154
Trd, 000176.933, 153
Trd, 000177.017, 157
Trd, 000178.150, 158.0
Trd, 000178.333, 168.0
Trd, 000178.583, 183
Trd, 000179.883, 156
Trd, 000180.283, 163
Trd, 000180.567, 156
Trd, 000181.300, 155
Trd, 000182.017, 158.0
Trd, 000182.683, 161
Trd, 000182.883, 160
Trd, 000182.917, 159
Trd, 000182.983, 162
Trd, 000183.767, 163
Trd, 000184.000, 168.0
Trd, 000185.017, 166
Trd, 000185.350, 165
Trd, 000185.950, 165
Trd, 000186.183, 173.0
Trd, 000187.133, 175.0
Trd, 000187.483, 175.0
Trd, 000187.617, 181
Trd, 000188.417, 182
Trd, 000188.567, 172.0
Trd, 000188.783, 165.0
Trd, 000188.867, 147
Trd, 000189.367, 177
Trd, 000190.250, 156.0
Trd, 000191.317, 157
Trd, 000193.150, 156
Trd, 000193.583, 155
Trd, 000194.033, 163
Trd, 000194.167, 161
Trd, 000194.533, 134.0
Trd, 000195.267, 149
Trd, 000195.333, 159
Trd, 000196.233, 150
Trd, 000196.300, 154
Trd, 000197.067, 150
Trd, 000197.317, 154
Trd, 000197.367, 155
Trd, 000197.817, 158.0
Trd, 000197.867, 152
Trd, 000198.100, 151
Trd, 000198.283, 148
Trd, 000198.300, 156
Trd, 000198.450, 148
Trd, 000198.667, 147
Trd, 000199.733, 147
Trd, 000199.983, 138.0
Trd, 000201.400, 146
Trd, 000201.683, 146
Trd, 000202.400, 149
Trd, 000202.767, 151.0
Trd, 000203.683, 157.0
Trd, 000203.833, 158.0
Trd, 000203.900, 162
Trd, 000204.150, 149
Trd, 000204.567, 154
Trd, 000204.600, 155
Trd, 000204.867, 150
Trd, 000206.517, 155
Trd, 000207.583, 157
Trd, 000207.700, 156
Trd, 000208.050, 155
Trd, 000209.533, 157.0
Trd, 000209.567, 158.0
Trd, 000210.267, 159
Trd, 000210.383, 158
Trd, 000210.700, 161
Trd, 000210.767, 158
Trd, 000212.433, 162
Trd, 000212.483, 161
Trd, 000212.950, 156
Trd, 000213.150, 155
Trd, 000213.183, 168.0
Trd, 000213.733, 161
Trd, 000214.250, 160
Trd, 000214.467, 158.0
Trd, 000214.633, 157
Trd, 000214.750, 162
Trd, 000215.867, 155
Trd, 000215.917, 151
Trd, 000218.450, 154
Trd, 000218.983, 154
Trd, 000219.067, 153
Trd, 000219.583, 153
Trd, 000219.600, 152
Trd, 000219.767, 155
Trd, 000220.017, 150
Trd, 000220.783, 155
Trd, 000221.717, 162
Trd, 000221.800, 148
Trd, 000222.483, 157.0
Trd, 000222.800, 154
Trd, 000223.467, 157.0
Trd, 000223.633, 158.0
Trd, 000224.367, 147
Trd, 000225.150, 158
Trd, 000225.900, 159
Trd, 000226.583, 157
Trd, 000227.200, 157
Trd, 000227.500, 159
Trd, 000228.267, 162
Trd, 000228.600, 159
Trd, 000228.717, 168.0
Trd, 000228.883, 158
Trd, 000228.950, 158
Trd, 000229.917, 157
Trd, 000231.133, 158
Trd, 000231.450, 157
Trd, 000231.867, 161
Trd, 000232.250, 162
Trd, 000233.717, 155
Trd, 000234.817, 152
Trd, 000235.250, 151
Trd, 000235.600, 152
Trd, 000235.617, 154
Trd, 000235.750, 150
Trd, 000236.417, 153
Trd, 000236.767, 150
Trd, 000238.200, 153
Trd, 000239.017, 155.0
Trd, 000239.067, 158.0
Trd, 000239.383, 149
Trd, 000239.417, 149
Trd, 000241.000, 155
Trd, 000241.133, 155
Trd, 000241.283, 153
Trd, 000241.750, 155
Trd, 000241.983, 155
Trd, 000242.317, 156
Trd, 000242.733, 151
Trd, 000243.183, 152.0
Trd, 000243.600, 150
Trd, 000243.667, 154.0
Trd, 000244.267, 154.0
Trd, 000244.517, 154
Trd, 000244.900, 150
Trd, 000245.250, 147
Trd, 000246.183, 155
Trd, 000246.867, 158.0
Trd, 000247.533, 154
Trd, 000249.433, 156
Trd, 000249.700, 155
Trd, 000249.950, 157
Trd, 000250.083, 162
Trd, 000250.467, 161
Trd, 000250.500, 155
Trd, 000250.550, 154
Trd, 000251.183, 151
Trd, 000251.233, 159
Trd, 000251.333, 160.0
Trd, 000252.000, 151
Trd, 000252.083, 157.0
Trd, 000252.450, 150
Trd, 000252.633, 147
Trd, 000253.100, 147
Trd, 000253.367, 156.0
Trd, 000253.700, 158.0
Trd, 000254.683, 153
Trd, 000254.767, 154
Trd, 000255.167, 152
Trd, 000255.300, 147
Trd, 000255.417, 154
Trd, 000256.317, 155
Trd, 000256.933, 152
Trd, 000257.633, 155
Trd, 000257.750, 162
Trd, 000258.000, 158.0
Trd, 000258.183, 158
Trd, 000258.200, 157
Trd, 000259.200, 150
Trd, 000259.783, 148
Trd, 000260.800, 154.0
Trd, 000260.950, 156.0
Trd, 000261.300, 149
Trd, 000262.350, 151
Trd, 000262.700, 150
Trd, 000262.800, 147
Trd, 000263.233, 148
Trd, 000263.333, 148.0
Trd, 000264.000, 153
Trd, 000264.517, 149
Trd, 000265.533, 156
Trd, 000265.817, 154
Trd, 000266.500, 154
Trd, 000266.700, 153
Trd, 000266.767, 156
Trd, 000267.300, 155
Trd, 000267.600, 156
Trd, 000269.083, 156
Trd, 000269.633, 156.0
Trd, 000269.817, 155
Trd, 000270.133, 157
Trd, 000270.400, 158.0
Trd, 000270.450, 150
Trd, 000271.467, 152
Trd, 000271.700, 150
Trd, 000272.233, 156
Trd, 000272.283, 157
Trd, 000273.033, 157
Trd, 000273.317, 159
Trd, 000273.467, 157
Trd, 000273.817, 160
Trd, 000274.100, 154
Trd, 000274.283, 162
Trd, 000274.767, 153
Trd, 000274.850, 158.0
Trd, 000275.783, 148
Trd, 000276.700, 151
Trd, 000276.717, 158
Trd, 000277.267, 159.0
Trd, 000277.783, 150
Trd, 000277.917, 148
Trd, 000278.700, 162
Trd, 000278.900, 161
Trd, 000280.083, 159
Trd, 000280.333, 164.0
Trd, 000280.850, 161
Trd, 000281.450, 161
Trd, 000281.483, 160
Trd, 000281.567, 159
Trd, 000281.667, 144.0
Trd, 000282.167, 151
Trd, 000282.200, 156.0
Trd, 000282.283, 157
Trd, 000282.633, 165.0
Trd, 000282.783, 168.0
Trd, 000283.317, 149
Trd, 000284.333, 149
Trd, 000284.483, 156.0
Trd, 000285.417, 150
Trd, 000285.633, 155
Trd, 000285.667, 158.0
Trd, 000286.017, 155
Trd, 000287.250, 151
Trd, 000287.600, 151
Trd, 000287.633, 150
Trd, 000287.717, 150
Trd, 000288.917, 151.0
Trd, 000289.667, 147
Trd, 000290.167, 145.0
Trd, 000290.667, 152
Trd, 000290.700, 159
Trd, 000291.550, 158.0
Trd, 000292.000, 155
Trd, 000292.017, 156
Trd, 000293.000, 162
Trd, 000293.550, 158
Trd, 000293.617, 157
Trd, 000293.900, 157
Trd, 000293.933, 156
Trd, 000294.233, 149
Trd, 000294.733, 158.0
Trd, 000294.867, 147
Trd, 000295.467, 166.0
Trd, 000295.567, 151
Trd, 000296.050, 160
Trd, 000296.367, 149
Trd, 000296.583, 165.0
Trd, 000297.917, 157
Trd, 000298.317, 158
Trd, 000298.617, 150
Trd, 000299.600, 158
