Trd, 000001.900, 182.0
Trd, 000002.283, 146
Trd, 000003.700, 147
Trd, 000003.933, 145
Trd, 000004.350, 146.0
Trd, 000005.283, 147
Trd, 000005.650, 147
Trd, 000006.500, 148.0
Trd, 000007.150, 147
Trd, 000007.433, 151
Trd, 000007.867, 147
Trd, 000008.483, 149
Trd, 000009.133, 150
Trd, 000010.083, 148
Trd, 000010.100, 148
Trd, 000010.500, 150
Trd, 000012.217, 149
Trd, 000012.500, 147
Trd, 000012.533, 149
Trd, 000012.583, 147
Trd, 000012.717, 141.0
Trd, 000013.417, 149
Trd, 000013.600, 148
Trd, 000013.733, 149
Trd, 000013.950, 143
Trd, 000015.683, 136
Trd, 000016.117, 148
Trd, 000016.150, 148.0
Trd, 000017.200, 144
Trd, 000017.600, 144
Trd, 000017.800, 142
Trd, 000018.617, 142
Trd, 000018.850, 143
Trd, 000018.967, 144
Trd, 000019.200, 145
Trd, 000019.217, 142
Trd, 000019.450, 142
Trd, 000020.717, 143.0
Trd, 000022.133, 146.0
Trd, 000022.233, 143
Trd, 000022.683, 148.0
Trd, 000022.783, 155.0
Trd, 000023.067, 149
Trd, 000024.400, 147
Trd, 000024.467, 149
Trd, 000024.817, 146
Trd, 000025.300, 155.0
Trd, 000026.333, 148.0
Trd, 000026.567, 147
Trd, 000027.900, 149
Trd, 000028.083, 149
Trd, 000028.267, 145
Trd, 000028.733, 144
Trd, 000030.183, 145
Trd, 000030.550, 147
Trd, 000031.017, 147
Trd, 000031.150, 148.0
Trd, 000031.333, 155.0
Trd, 000031.450, 168.0
Trd, 000032.117, 153
Trd, 000032.167, 155
Trd, 000034.200, 155
Trd, 000034.517, 157
Trd, 000034.667, 158
Trd, 000035.067, 155
Trd, 000036.183, 148
Trd, 000036.900, 163
Trd, 000037.417, 161
Trd, 000037.733, 150
Trd, 000038.050, 150
Trd, 000040.433, 150
Trd, 000040.600, 153
Trd, 000040.850, 147
Trd, 000041.600, 153
Trd, 000042.733, 144
Trd, 000043.417, 149
Trd, 000043.867, 149
Trd, 000044.150, 148.0
Trd, 000044.383, 150
Trd, 000044.883, 144
Trd, 000045.933, 150
Trd, 000046.017, 155.0
Trd, 000046.033, 168.0
Trd, 000046.483, 159
Trd, 000047.167, 162
Trd, 000048.000, 153
Trd, 000048.017, 145
Trd, 000048.650, 145
Trd, 000049.367, 147.0
Trd, 000049.500, 148.0
Trd, 000049.567, 145
Trd, 000049.683, 153
Trd, 000049.817, 150
Trd, 000050.300, 150
Trd, 000050.333, 153
Trd, 000052.667, 146.0
Trd, 000052.683, 145.0
Trd, 000052.700, 143.0
Trd, 000052.967, 134
Trd, 000054.350, 143
Trd, 000055.050, 143
Trd, 000055.350, 144
Trd, 000055.767, 144
Trd, 000056.200, 143
Trd, 000056.783, 145
Trd, 000057.050, 146
Trd, 000057.783, 144
Trd, 000057.883, 145.0
Trd, 000058.167, 142
Trd, 000059.000, 142
Trd, 000059.267, 142
Trd, 000059.950, 148.0
Trd, 000060.233, 148
Trd, 000060.400, 147
Trd, 000061.850, 142
Trd, 000062.217, 143
Trd, 000062.883, 141
Trd, 000063.150, 141.0
Trd, 000063.350, 142
Trd, 000064.217, 145
Trd, 000064.767, 143
Trd, 000065.450, 142
Trd, 000065.567, 144
Trd, 000066.550, 145
Trd, 000066.733, 145
Trd, 000066.967, 141
Trd, 000067.217, 141
Trd, 000068.683, 144
Trd, 000068.817, 144
Trd, 000069.333, 141.0
Trd, 000069.667, 142
Trd, 000070.300, 142
Trd, 000070.333, 141
Trd, 000070.850, 141
Trd, 000071.683, 142
Trd, 000072.000, 142
Trd, 000072.267, 142
Trd, 000073.000, 148.0
Trd, 000073.933, 155.0
Trd, 000074.067, 164
Trd, 000074.417, 142
Trd, 000075.350, 148
Trd, 000075.567, 148
Trd, 000076.283, 149
Trd, 000076.733, 148
Trd, 000077.350, 149
Trd, 000077.767, 148
Trd, 000078.283, 148
Trd, 000078.467, 149
Trd, 000078.700, 146
Trd, 000079.533, 149
Trd, 000080.083, 149
Trd, 000080.200, 150
Trd, 000080.883, 150
Trd, 000081.700, 151
Trd, 000083.000, 150
Trd, 000083.250, 149
Trd, 000083.700, 148
Trd, 000084.583, 150
Trd, 000085.117, 150
Trd, 000085.250, 149
Trd, 000085.500, 148
Trd, 000085.967, 143
Trd, 000086.933, 147
Trd, 000087.300, 145
Trd, 000087.717, 144.0
Trd, 000087.950, 145
Trd, 000087.983, 148.0
Trd, 000088.133, 150
Trd, 000088.533, 155.0
Trd, 000089.267, 156
Trd, 000089.533, 152
Trd, 000090.183, 147
Trd, 000091.050, 143
Trd, 000091.233, 144
Trd, 000091.350, 145
Trd, 000091.600, 145
Trd, 000092.633, 144.0
Trd, 000092.700, 149
Trd, 000092.900, 144.0
Trd, 000093.483, 148
Trd, 000093.650, 144.0
Trd, 000094.133, 144
Trd, 000095.083, 144.0
Trd, 000095.350, 145.0
Trd, 000095.750, 146
Trd, 000095.783, 147
Trd, 000096.817, 146
Trd, 000097.817, 145
Trd, 000098.550, 146
Trd, 000098.733, 144
Trd, 000099.600, 148.0
Trd, 000100.000, 155.0
Trd, 000100.583, 148
Trd, 000100.900, 150
Trd, 000102.283, 143
Trd, 000102.583, 149
Trd, 000102.717, 149
Trd, 000105.283, 147
Trd, 000105.433, 149
Trd, 000106.083, 147
Trd, 000106.167, 148
Trd, 000106.317, 147
Trd, 000107.500, 148.0
Trd, 000107.567, 146
Trd, 000108.533, 148
Trd, 000109.700, 145
Trd, 000109.900, 146
Trd, 000109.950, 146
Trd, 000110.233, 146
Trd, 000111.233, 144
Trd, 000111.550, 146
Trd, 000112.000, 147
Trd, 000112.133, 147
Trd, 000113.317, 149
Trd, 000113.683, 148.0
Trd, 000114.267, 151
Trd, 000114.450, 146
Trd, 000115.200, 145
Trd, 000115.533, 146
Trd, 000115.650, 143
Trd, 000115.983, 147
Trd, 000116.417, 149
Trd, 000116.983, 143
Trd, 000117.500, 143
Trd, 000118.267, 146
Trd, 000118.517, 145
Trd, 000118.783, 146
Trd, 000119.683, 147
Trd, 000119.950, 146
Trd, 000120.583, 146
Trd, 000121.800, 143
Trd, 000122.000, 146.0
Trd, 000122.833, 147
Trd, 000123.117, 147
Trd, 000123.583, 146
Trd, 000123.650, 155.0
Trd, 000124.150, 143
Trd, 000125.850, 148.0
Trd, 000126.650, 145.0
Trd, 000126.917, 148.0
Trd, 000127.233, 148
Trd, 000127.667, 148
Trd, 000127.700, 149
Trd, 000127.883, 144
Trd, 000128.433, 155.0
Trd, 000129.267, 151
Trd, 000130.667, 151
Trd, 000132.333, 151
Trd, 000132.583, 148
Trd, 000132.867, 151
Trd, 000134.033, 150
Trd, 000134.767, 146
Trd, 000136.867, 146
Trd, 000137.350, 148
Trd, 000137.367, 148
Trd, 000137.533, 147
Trd, 000138.550, 148
Trd, 000139.717, 148.0
Trd, 000139.767, 148
Trd, 000139.933, 146
Trd, 000140.167, 155.0
Trd, 000140.367, 165
Trd, 000141.583, 152
Trd, 000142.667, 152
Trd, 000143.000, 150
Trd, 000143.167, 151
Trd, 000143.450, 152
Trd, 000143.600, 147
Trd, 000143.700, 145
Trd, 000143.833, 153
Trd, 000144.350, 153
Trd, 000144.950, 153
Trd, 000145.250, 155.0
Trd, 000146.017, 156
Trd, 000146.400, 156
Trd, 000146.750, 164.0
Trd, 000148.667, 154
Trd, 000148.817, 155
Trd, 000149.150, 155.0
Trd, 000149.433, 153
Trd, 000150.500, 154
Trd, 000150.550, 153
Trd, 000151.033, 153
Trd, 000151.533, 147
Trd, 000151.700, 154
Trd, 000153.050, 149
Trd, 000153.917, 147
Trd, 000155.083, 146.0
Trd, 000155.200, 148.0
Trd, 000155.933, 149
Trd, 000156.217, 148
Trd, 000156.800, 148
Trd, 000157.850, 148
Trd, 000158.250, 146
Trd, 000158.333, 149
Trd, 000158.533, 149
Trd, 000159.283, 148
Trd, 000160.167, 146
Trd, 000160.500, 145
Trd, 000160.650, 143
Trd, 000161.217, 148.0
Trd, 000162.533, 146
Trd, 000163.267, 146
Trd, 000163.350, 147
Trd, 000163.500, 145
Trd, 000163.717, 147
Trd, 000165.333, 147
Trd, 000165.950, 147
Trd, 000166.783, 146
Trd, 000167.083, 148.0
Trd, 000168.750, 146
Trd, 000169.083, 146
Trd, 000169.167, 143
Trd, 000170.350, 144
Trd, 000170.383, 146
Trd, 000171.067, 143.0
Trd, 000171.233, 144
Trd, 000171.250, 141.0
Trd, 000171.567, 144
Trd, 000172.367, 141
Trd, 000172.550, 142
Trd, 000173.183, 142
Trd, 000174.167, 141
Trd, 000174.433, 142
Trd, 000175.217, 142
Trd, 000175.850, 142
Trd, 000176.050, 143
Trd, 000177.333, 148.0
Trd, 000178.133, 148
Trd, 000178.617, 155.0
Trd, 000179.133, 149.0
Trd, 000179.367, 149.0
Trd, 000180.083, 148
Trd, 000180.283, 150
Trd, 000180.567, 168.0
Trd, 000181.383, 172
Trd, 000181.650, 150
Trd, 000182.550, 149
Trd, 000183.233, 148
Trd, 000183.250, 148
Trd, 000184.150, 149
Trd, 000184.383, 150
Trd, 000184.583, 146
Trd, 000184.933, 150
Trd, 000185.317, 154
Trd, 000186.400, 151
Trd, 000187.033, 152
Trd, 000187.867, 152
Trd, 000188.400, 155.0
Trd, 000188.583, 155
Trd, 000189.000, 161
Trd, 000189.333, 153
Trd, 000189.567, 151
Trd, 000190.617, 155
Trd, 000191.750, 155.0
Trd, 000192.017, 153
Trd, 000192.500, 143
Trd, 000193.083, 152
Trd, 000193.233, 148.0
Trd, 000193.883, 147
Trd, 000194.667, 148
Trd, 000195.150, 146
Trd, 000195.233, 148
Trd, 000196.000, 147
Trd, 000196.217, 145
Trd, 000197.033, 148
Trd, 000197.650, 146
Trd, 000198.000, 155.0
Trd, 000198.983, 155
Trd, 000199.217, 152
Trd, 000200.500, 151
Trd, 000201.100, 151
Trd, 000201.700, 148
Trd, 000201.717, 153
Trd, 000202.167, 153
Trd, 000202.633, 147
Trd, 000202.667, 151
Trd, 000203.500, 155.0
Trd, 000203.767, 141.0
Trd, 000205.367, 148.0
Trd, 000205.800, 148
Trd, 000206.067, 150
Trd, 000206.133, 150
Trd, 000206.250, 148
Trd, 000206.667, 146
Trd, 000208.350, 148.0
Trd, 000208.917, 147
Trd, 000209.350, 147
Trd, 000209.533, 150
Trd, 000210.133, 151
Trd, 000210.367, 155.0
Trd, 000210.383, 168.0
Trd, 000210.750, 153
Trd, 000211.717, 152
Trd, 000212.167, 154
Trd, 000212.233, 150
Trd, 000212.683, 152
Trd, 000212.767, 151
Trd, 000213.817, 167.0
Trd, 000214.233, 148
Trd, 000216.850, 149
Trd, 000217.333, 153
Trd, 000217.500, 153
Trd, 000218.883, 151
Trd, 000219.483, 150
Trd, 000219.500, 147
Trd, 000220.183, 137
Trd, 000220.900, 147
Trd, 000222.200, 146
Trd, 000222.250, 155.0
Trd, 000223.983, 144
Trd, 000224.867, 146
Trd, 000225.050, 147
Trd, 000225.067, 147
Trd, 000225.500, 148.0
Trd, 000225.517, 155.0
Trd, 000225.783, 142
Trd, 000226.183, 142
Trd, 000226.317, 149
Trd, 000226.833, 152
Trd, 000227.000, 166
Trd, 000227.217, 147.0
Trd, 000227.533, 151
Trd, 000227.683, 148
Trd, 000228.050, 149
Trd, 000228.817, 147.0
Trd, 000229.667, 151
Trd, 000230.350, 148.0
Trd, 000230.917, 150
Trd, 000231.333, 151
Trd, 000231.483, 160
Trd, 000232.050, 172.0
Trd, 000232.583, 167
Trd, 000232.900, 159
Trd, 000233.033, 147
Trd, 000233.350, 148.0
Trd, 000233.417, 168.0
Trd, 000233.483, 141.0
Trd, 000234.350, 158
Trd, 000235.117, 175
Trd, 000236.167, 158
Trd, 000236.350, 163
Trd, 000238.217, 148.0
Trd, 000238.717, 151
Trd, 000239.767, 148
Trd, 000240.033, 152.0
Trd, 000240.433, 148
Trd, 000240.550, 150
Trd, 000240.583, 152
Trd, 000241.967, 147
Trd, 000242.133, 150
Trd, 000242.600, 151
Trd, 000242.917, 151
Trd, 000243.083, 152
Trd, 000243.367, 151
Trd, 000243.683, 150
Trd, 000244.217, 150
Trd, 000244.617, 148.0
Trd, 000245.083, 148
Trd, 000245.983, 149
Trd, 000246.150, 146
Trd, 000246.200, 148
Trd, 000246.467, 151
Trd, 000246.517, 151
Trd, 000246.767, 150
Trd, 000247.117, 147.0
Trd, 000248.250, 148
Trd, 000248.400, 149
Trd, 000248.417, 147
Trd, 000248.883, 149
Trd, 000249.333, 149
Trd, 000249.367, 148
Trd, 000250.183, 149
Trd, 000250.650, 150
Trd, 000250.967, 155.0
Trd, 000251.050, 149
Trd, 000251.617, 146
Trd, 000252.700, 159
Trd, 000253.533, 146
Trd, 000254.117, 145.0
Trd, 000254.467, 148.0
Trd, 000255.283, 145
Trd, 000255.633, 146
Trd, 000255.667, 143
Trd, 000255.750, 146
Trd, 000255.917, 148
Trd, 000256.567, 145
Trd, 000256.633, 148
Trd, 000256.717, 149
Trd, 000256.900, 144
Trd, 000257.317, 144
Trd, 000257.333, 143
Trd, 000257.550, 145
Trd, 000259.250, 144
Trd, 000259.700, 147
Trd, 000260.033, 148.0
Trd, 000260.783, 147
Trd, 000260.800, 148
Trd, 000261.300, 155.0
Trd, 000261.683, 168.0
Trd, 000261.767, 172.0
Trd, 000262.183, 155
Trd, 000262.700, 176
Trd, 000263.033, 154
Trd, 000263.433, 158
Trd, 000263.567, 157
Trd, 000263.617, 147
Trd, 000265.017, 158.0
Trd, 000265.367, 158
Trd, 000265.833, 159.0
Trd, 000266.233, 156.0
Trd, 000266.283, 156.0
Trd, 000266.433, 154
Trd, 000266.867, 155
Trd, 000267.317, 163.0
Trd, 000267.950, 165
Trd, 000268.133, 159
Trd, 000268.500, 173
Trd, 000268.900, 147
Trd, 000269.033, 143
Trd, 000269.350, 154
Trd, 000270.550, 151
Trd, 000271.033, 153.0
Trd, 000271.183, 149
Trd, 000271.517, 153
Trd, 000273.017, 153
Trd, 000273.467, 153
Trd, 000273.533, 152
Trd, 000273.550, 155.0
Trd, 000274.033, 154
Trd, 000274.050, 155
Trd, 000275.483, 152
Trd, 000276.333, 149
Trd, 000276.933, 154
Trd, 000277.183, 151
Trd, 000277.517, 151
Trd, 000277.967, 150
Trd, 000278.600, 144
Trd, 000278.683, 145
Trd, 000279.033, 144
Trd, 000279.850, 149
Trd, 000280.083, 150
Trd, 000280.750, 148
Trd, 000280.767, 152
Trd, 000281.317, 151
Trd, 000281.450, 151
Trd, 000282.217, 147
Trd, 000282.233, 141.0
Trd, 000282.567, 150
Trd, 000282.883, 152
Trd, 000283.033, 155.0
Trd, 000283.517, 158.0
Trd, 000284.083, 167.0
Trd, 000284.467, 165
Trd, 000285.333, 149
Trd, 000285.683, 151
Trd, 000286.100, 168.0
Trd, 000286.983, 154
Trd, 000287.167, 150
Trd, 000287.333, 147
Trd, 000288.050, 143
Trd, 000288.133, 144
Trd, 000288.950, 144.0
Trd, 000289.067, 143
Trd, 000289.217, 151
Trd, 000289.733, 150
Trd, 000290.300, 148
Trd, 000291.100, 147
Trd, 000291.250, 143
Trd, 000291.633, 148
Trd, 000291.783, 145
Trd, 000291.967, 145
Trd, 000292.667, 145
Trd, 000292.783, 144
Trd, 000293.333, 146
Trd, 000293.683, 147
Trd, 000294.567, 143
Trd, 000294.600, 148.0
Trd, 000295.167, 147
Trd, 000295.367, 148
Trd, 000296.400, 148.0
Trd, 000296.667, 146
Trd, 000296.900, 148
Trd, 000296.933, 149
Trd, 000297.150, 148
Trd, 000297.783, 147
Trd, 000298.733, 147
Trd, 000299.267, 146
Trd, 000299.333, 144
