Trd, 000001.133, 124.0
Trd, 000001.583, 125
Trd, 000002.533, 185
Trd, 000002.550, 141.0
Trd, 000003.700, 175.0
Trd, 000004.283, 175
Trd, 000005.200, 180
Trd, 000005.267, 172.0
Trd, 000005.417, 143
Trd, 000007.117, 127.0
Trd, 000008.117, 165
Trd, 000008.367, 148.0
Trd, 000008.517, 141.0
Trd, 000008.717, 140
Trd, 000009.500, 153
Trd, 000009.550, 147
Trd, 000010.333, 147
Trd, 000010.500, 159
Trd, 000010.683, 159
Trd, 000010.717, 145
Trd, 000011.600, 147
Trd, 000012.167, 149
Trd, 000013.533, 155
Trd, 000014.000, 149
Trd, 000014.667, 156
Trd, 000014.783, 148.0
Trd, 000015.283, 156
Trd, 000015.700, 148
Trd, 000016.083, 156
Trd, 000016.833, 148.0
Trd, 000018.783, 145
Trd, 000018.933, 141.0
Trd, 000019.417, 145
Trd, 000019.467, 155
Trd, 000020.683, 146
Trd, 000020.900, 129
Trd, 000021.033, 161
Trd, 000021.483, 161
Trd, 000022.433, 142
Trd, 000022.567, 137
Trd, 000023.150, 136.0
Trd, 000024.233, 154
Trd, 000024.350, 148.0
Trd, 000025.400, 154
Trd, 000026.300, 149
Trd, 000028.283, 148
Trd, 000028.433, 146
Trd, 000028.450, 152
Trd, 000029.300, 145
Trd, 000029.367, 141.0
Trd, 000029.933, 127
Trd, 000030.300, 148
Trd, 000030.583, 150
Trd, 000031.017, 148.0
Trd, 000031.317, 135
Trd, 000031.467, 160
Trd, 000033.550, 136.0
Trd, 000034.033, 154
Trd, 000034.467, 151
Trd, 000034.650, 148.0
Trd, 000034.800, 146
Trd, 000035.250, 145
Trd, 000035.600, 144
Trd, 000036.317, 134.0
Trd, 000036.433, 156
Trd, 000037.533, 172.0
Trd, 000038.650, 161
Trd, 000038.700, 154
Trd, 000038.967, 149
Trd, 000039.067, 152
Trd, 000040.400, 148.0
Trd, 000040.683, 149
Trd, 000041.167, 157
Trd, 000041.533, 157
Trd, 000041.733, 165
Trd, 000041.950, 154
Trd, 000041.983, 139
Trd, 000042.933, 148
Trd, 000042.967, 128.0
Trd, 000044.667, 166
Trd, 000045.450, 148.0
Trd, 000046.100, 134.0
Trd, 000046.400, 153
Trd, 000046.517, 129.0
Trd, 000046.850, 157
Trd, 000047.433, 161
Trd, 000047.517, 164
Trd, 000048.167, 172.0
Trd, 000048.917, 161
Trd, 000049.550, 161
Trd, 000050.100, 157
Trd, 000050.267, 150
Trd, 000051.350, 162
Trd, 000051.450, 153
Trd, 000052.083, 152
Trd, 000052.233, 162
Trd, 000053.200, 170.0
Trd, 000053.583, 148.0
Trd, 000053.633, 141.0
Trd, 000054.017, 162
Trd, 000054.900, 154
Trd, 000055.533, 155
Trd, 000055.800, 160
Trd, 000056.150, 161
Trd, 000057.367, 155
Trd, 000058.383, 149
Trd, 000058.500, 141.0
Trd, 000059.050, 158
Trd, 000059.167, 134.0
Trd, 000059.367, 133
Trd, 000059.783, 154
Trd, 000060.200, 155
Trd, 000060.967, 162
Trd, 000061.617, 172.0
Trd, 000061.817, 143
Trd, 000062.733, 152
Trd, 000064.350, 148.0
Trd, 000064.667, 149
Trd, 000065.117, 158
Trd, 000065.133, 148
Trd, 000065.250, 159
Trd, 000066.383, 157
Trd, 000068.000, 148
Trd, 000068.017, 147
Trd, 000068.350, 141.0
Trd, 000068.650, 144
Trd, 000070.350, 148
Trd, 000070.433, 150
Trd, 000070.500, 146
Trd, 000070.567, 145
Trd, 000070.950, 152
Trd, 000071.183, 155
Trd, 000071.467, 143
Trd, 000071.767, 162
Trd, 000071.967, 172.0
Trd, 000072.067, 175.0
Trd, 000072.217, 134.0
Trd, 000073.350, 142
Trd, 000074.383, 134.0
Trd, 000074.467, 130
Trd, 000075.467, 150
Trd, 000075.733, 148.0
Trd, 000076.517, 148
Trd, 000077.417, 148.0
Trd, 000077.517, 150
Trd, 000077.583, 151
Trd, 000077.833, 147
Trd, 000078.483, 141.0
Trd, 000079.733, 146
Trd, 000079.850, 149
Trd, 000080.900, 163
Trd, 000081.617, 154
Trd, 000082.500, 155
Trd, 000082.533, 174.0
Trd, 000082.617, 175.0
Trd, 000084.383, 169
Trd, 000084.600, 151
Trd, 000085.017, 158
Trd, 000085.867, 161
Trd, 000086.317, 160
Trd, 000086.717, 149
Trd, 000087.000, 163
Trd, 000087.150, 164
Trd, 000087.833, 151
Trd, 000088.867, 172.0
Trd, 000089.650, 151
Trd, 000090.633, 151
Trd, 000090.667, 150
Trd, 000090.683, 148.0
Trd, 000090.817, 137
Trd, 000092.500, 158
Trd, 000093.300, 157
Trd, 000093.433, 157
Trd, 000093.567, 142
Trd, 000093.583, 141.0
Trd, 000093.900, 162
Trd, 000094.517, 134.0
Trd, 000095.050, 138
Trd, 000095.117, 129
Trd, 000096.150, 160
Trd, 000096.450, 153
Trd, 000096.667, 149
Trd, 000097.883, 148
Trd, 000098.050, 143
Trd, 000098.483, 146
Trd, 000098.533, 128
Trd, 000098.583, 172.0
Trd, 000099.283, 172.0
Trd, 000100.867, 159
Trd, 000101.433, 158
Trd, 000101.517, 162
Trd, 000101.583, 148.0
Trd, 000102.400, 141.0
Trd, 000104.500, 147
Trd, 000104.717, 155
Trd, 000105.650, 141.0
Trd, 000106.300, 152
Trd, 000107.267, 154
Trd, 000107.433, 151
Trd, 000107.483, 148.0
Trd, 000107.967, 154
Trd, 000108.233, 146
Trd, 000109.383, 155
Trd, 000109.767, 153
Trd, 000109.883, 148
Trd, 000109.983, 162
Trd, 000110.500, 160
Trd, 000110.600, 162
Trd, 000111.000, 149
Trd, 000111.600, 172.0
Trd, 000112.100, 162
Trd, 000112.317, 150
Trd, 000112.550, 141.0
Trd, 000112.933, 172.0
Trd, 000114.633, 162
Trd, 000115.167, 161
Trd, 000115.217, 148.0
Trd, 000115.333, 165
Trd, 000115.817, 164
Trd, 000116.383, 149
Trd, 000116.683, 165
Trd, 000117.383, 155
Trd, 000118.633, 165
Trd, 000119.583, 152
Trd, 000119.900, 162
Trd, 000119.967, 148.0
Trd, 000120.233, 162
Trd, 000120.333, 141.0
Trd, 000121.350, 147
Trd, 000121.533, 149
Trd, 000121.567, 140
Trd, 000122.400, 134.0
Trd, 000124.783, 142
Trd, 000124.883, 154
Trd, 000125.067, 162
Trd, 000125.100, 142
Trd, 000126.650, 163
Trd, 000127.183, 148.0
Trd, 000127.467, 134.0
Trd, 000127.500, 133.0
Trd, 000127.900, 155
Trd, 000129.000, 156
Trd, 000129.650, 144
Trd, 000129.950, 141
Trd, 000130.050, 155
Trd, 000130.600, 156
Trd, 000131.017, 153
Trd, 000131.350, 149
Trd, 000132.283, 148.0
Trd, 000132.517, 147
Trd, 000133.233, 150
Trd, 000133.600, 154
Trd, 000133.833, 147
Trd, 000134.200, 162
Trd, 000135.217, 151
Trd, 000136.250, 159
Trd, 000136.500, 162
Trd, 000137.117, 153
Trd, 000137.267, 175.0
Trd, 000137.933, 148.0
Trd, 000138.033, 141.0
Trd, 000138.483, 175.0
Trd, 000139.000, 159
Trd, 000139.967, 150
Trd, 000140.367, 162
Trd, 000140.933, 154
Trd, 000142.083, 148.0
Trd, 000142.267, 155
Trd, 000142.717, 148
Trd, 000142.750, 134.0
Trd, 000143.517, 134
Trd, 000144.117, 154
Trd, 000144.233, 163
Trd, 000145.433, 156
Trd, 000145.733, 142
Trd, 000145.767, 129
Trd, 000147.600, 141
Trd, 000147.950, 146
Trd, 000148.533, 144
Trd, 000148.700, 140
Trd, 000149.183, 163
Trd, 000149.533, 146
Trd, 000149.717, 168
Trd, 000150.133, 148.0
Trd, 000151.467, 170.0
Trd, 000151.833, 150
Trd, 000152.433, 135.0
Trd, 000152.533, 134.0
Trd, 000152.867, 158
Trd, 000153.500, 155
Trd, 000153.583, 163
Trd, 000153.717, 172
Trd, 000154.633, 152
Trd, 000155.333, 159
Trd, 000156.267, 171.0
Trd, 000156.367, 148
Trd, 000157.183, 148.0
Trd, 000157.300, 162
Trd, 000157.717, 147
Trd, 000158.050, 134.0
Trd, 000158.317, 141
Trd, 000159.317, 165
Trd, 000159.817, 168
Trd, 000160.083, 148.0
Trd, 000160.117, 172.0
Trd, 000160.683, 147
Trd, 000160.900, 144
Trd, 000161.117, 171
Trd, 000162.300, 164
Trd, 000162.967, 141.0
Trd, 000163.033, 164
Trd, 000163.267, 164
Trd, 000164.167, 134.0
Trd, 000164.483, 143
Trd, 000164.667, 140
Trd, 000164.683, 155
Trd, 000164.917, 165
Trd, 000165.417, 146
Trd, 000165.533, 141.0
Trd, 000166.717, 156
Trd, 000167.483, 156
Trd, 000168.033, 143
Trd, 000168.950, 149
Trd, 000169.117, 134.0
Trd, 000169.550, 131
Trd, 000169.700, 130
Trd, 000170.550, 156
Trd, 000171.283, 149
Trd, 000171.483, 148.0
Trd, 000171.550, 151
Trd, 000171.700, 155
Trd, 000172.200, 148
Trd, 000173.533, 152
Trd, 000174.050, 156
Trd, 000175.950, 153
Trd, 000176.067, 150
Trd, 000176.233, 150
Trd, 000176.750, 155
Trd, 000176.900, 141.0
Trd, 000176.933, 134.0
Trd, 000178.233, 148.0
Trd, 000178.450, 153
Trd, 000178.850, 143
Trd, 000178.867, 154
Trd, 000178.900, 156
Trd, 000178.933, 162
Trd, 000179.183, 158
Trd, 000179.333, 172.0
Trd, 000179.783, 135.0
Trd, 000180.900, 134.0
Trd, 000181.733, 129
Trd, 000183.033, 148.0
Trd, 000183.333, 154
Trd, 000183.983, 145
Trd, 000184.933, 155
Trd, 000185.150, 156
Trd, 000185.450, 149
Trd, 000185.700, 147
Trd, 000186.083, 163
Trd, 000186.700, 162
Trd, 000187.733, 149
Trd, 000188.033, 152
Trd, 000188.050, 148.0
Trd, 000188.600, 175.0
Trd, 000190.200, 146
Trd, 000190.950, 133.0
Trd, 000191.067, 134.0
Trd, 000191.433, 134.0
Trd, 000191.567, 157
Trd, 000191.733, 167
Trd, 000192.917, 144
Trd, 000193.017, 140
Trd, 000193.750, 137
Trd, 000194.050, 129
Trd, 000194.067, 142
Trd, 000194.450, 134.0
Trd, 000194.550, 135
Trd, 000194.567, 155
Trd, 000194.633, 165
Trd, 000194.767, 129
Trd, 000196.333, 169
Trd, 000196.700, 165
Trd, 000197.617, 161
Trd, 000199.333, 158
Trd, 000199.917, 152
Trd, 000201.017, 152
Trd, 000201.700, 150
Trd, 000201.750, 149
Trd, 000202.033, 157
Trd, 000202.417, 157
Trd, 000202.900, 148
Trd, 000203.033, 162
Trd, 000203.233, 148.0
Trd, 000204.017, 140
Trd, 000204.483, 137
Trd, 000205.633, 154
Trd, 000206.133, 143
Trd, 000207.100, 154
Trd, 000207.450, 155
Trd, 000208.700, 161
Trd, 000208.983, 160
Trd, 000209.417, 166.0
Trd, 000210.600, 160
Trd, 000210.933, 148.0
Trd, 000211.000, 152
Trd, 000211.667, 130
Trd, 000212.067, 129
Trd, 000212.617, 155
Trd, 000212.767, 160
Trd, 000213.500, 157
Trd, 000214.200, 160
Trd, 000214.233, 140
Trd, 000215.267, 148
Trd, 000215.333, 146
Trd, 000216.117, 146
Trd, 000216.933, 148.0
Trd, 000217.233, 154
Trd, 000218.533, 148.0
Trd, 000218.967, 155
Trd, 000219.767, 162
Trd, 000220.633, 158
Trd, 000220.800, 153
Trd, 000221.667, 153
Trd, 000221.683, 150
Trd, 000221.800, 134.0
Trd, 000223.267, 162
Trd, 000223.800, 168
Trd, 000223.833, 158
Trd, 000224.117, 153
Trd, 000224.250, 172.0
Trd, 000224.300, 148.0
Trd, 000226.983, 158
Trd, 000227.117, 169.0
Trd, 000227.450, 166
Trd, 000228.167, 163
Trd, 000228.783, 162
Trd, 000228.933, 160
Trd, 000229.067, 152
Trd, 000229.667, 171.0
Trd, 000229.883, 172.0
Trd, 000230.583, 163
Trd, 000230.883, 168
Trd, 000231.100, 150
Trd, 000231.933, 156
Trd, 000233.167, 152
Trd, 000233.700, 165
Trd, 000234.650, 155
Trd, 000235.117, 156
Trd, 000235.317, 161
Trd, 000235.717, 148.0
Trd, 000236.167, 141.0
Trd, 000236.417, 160
Trd, 000237.083, 157
Trd, 000237.600, 157
Trd, 000238.117, 157
Trd, 000238.900, 156
Trd, 000239.350, 154
Trd, 000239.583, 148.0
Trd, 000239.867, 147
Trd, 000239.917, 155
Trd, 000240.233, 160
Trd, 000240.700, 160
Trd, 000241.350, 152
Trd, 000241.817, 150
Trd, 000241.833, 154
Trd, 000241.967, 148
Trd, 000242.383, 148
Trd, 000242.483, 153
Trd, 000242.650, 162
Trd, 000242.767, 158
Trd, 000243.750, 144.0
Trd, 000243.783, 154
Trd, 000245.367, 151.0
Trd, 000245.667, 154
Trd, 000246.050, 149
Trd, 000246.183, 152
Trd, 000246.283, 148
Trd, 000247.150, 148.0
Trd, 000247.700, 144.0
Trd, 000248.383, 144.0
Trd, 000248.400, 142
Trd, 000248.517, 141.0
Trd, 000248.683, 149
Trd, 000248.950, 151.0
Trd, 000249.717, 149
Trd, 000249.900, 150
Trd, 000250.567, 148
Trd, 000250.800, 155
Trd, 000252.750, 151.0
Trd, 000252.867, 152
Trd, 000253.650, 153
Trd, 000253.750, 148.0
Trd, 000254.417, 154
Trd, 000255.367, 155
Trd, 000255.383, 153
Trd, 000255.483, 150
Trd, 000255.633, 142
Trd, 000255.967, 158.0
Trd, 000256.467, 162
Trd, 000257.617, 163
Trd, 000257.917, 160.0
Trd, 000258.300, 159
Trd, 000258.383, 150
Trd, 000258.450, 148.0
Trd, 000258.467, 168.0
Trd, 000258.800, 166
Trd, 000258.850, 170
Trd, 000260.467, 148
Trd, 000261.383, 151
Trd, 000261.600, 147
Trd, 000261.950, 147
Trd, 000262.050, 151
Trd, 000262.383, 153
Trd, 000262.600, 155
Trd, 000262.633, 157
Trd, 000263.450, 153.0
Trd, 000263.500, 154.0
Trd, 000263.617, 150
Trd, 000264.817, 152
Trd, 000265.017, 148
Trd, 000265.700, 148
Trd, 000265.933, 141.0
Trd, 000266.400, 134.0
Trd, 000266.567, 137
Trd, 000267.083, 148
Trd, 000267.417, 141
Trd, 000267.500, 141.0
Trd, 000267.733, 143
Trd, 000268.000, 145
Trd, 000268.167, 146
Trd, 000269.100, 154
Trd, 000269.750, 148.0
Trd, 000270.000, 156
Trd, 000270.850, 158.0
Trd, 000271.000, 152
Trd, 000271.700, 153
Trd, 000272.050, 156
Trd, 000272.067, 154
Trd, 000272.433, 161
Trd, 000273.100, 151.0
Trd, 000273.567, 149
Trd, 000274.133, 156
Trd, 000274.200, 162
Trd, 000274.333, 144.0
Trd, 000274.367, 168
Trd, 000274.483, 172.0
Trd, 000276.050, 148.0
Trd, 000276.183, 150.0
Trd, 000276.317, 149
Trd, 000276.883, 147
Trd, 000276.900, 151.0
Trd, 000277.467, 158.0
Trd, 000277.733, 153
Trd, 000278.717, 146
Trd, 000279.067, 144.0
Trd, 000279.133, 148.0
Trd, 000279.567, 134.0
Trd, 000280.017, 130
Trd, 000280.300, 134.0
Trd, 000281.000, 137
Trd, 000281.033, 136
Trd, 000281.417, 144
Trd, 000281.950, 143
Trd, 000282.483, 146
Trd, 000282.967, 151.0
Trd, 000283.050, 155
Trd, 000283.467, 158.0
Trd, 000283.550, 162
Trd, 000284.883, 150
Trd, 000284.967, 153.0
Trd, 000285.150, 150
Trd, 000285.350, 149
Trd, 000285.417, 146
Trd, 000285.433, 144.0
Trd, 000286.100, 145
Trd, 000286.200, 148.0
Trd, 000286.650, 148
Trd, 000287.583, 147
Trd, 000287.617, 148
Trd, 000288.217, 147.0
Trd, 000288.417, 148.0
Trd, 000288.717, 147
Trd, 000288.950, 142
Trd, 000288.967, 141.0
Trd, 000289.267, 134.0
Trd, 000289.783, 151
Trd, 000290.133, 144.0
Trd, 000290.200, 162
Trd, 000290.867, 158.0
Trd, 000290.950, 163
Trd, 000291.350, 153
Trd, 000291.833, 154
Trd, 000291.933, 147
Trd, 000292.183, 146
Trd, 000292.367, 156.0
Trd, 000292.917, 154
Trd, 000292.983, 156
Trd, 000293.050, 127.0
Trd, 000293.500, 148.0
Trd, 000294.667, 145.0
Trd, 000295.017, 144.0
Trd, 000295.533, 148
Trd, 000295.717, 144
Trd, 000295.800, 148
Trd, 000297.100, 146
Trd, 000297.883, 148
Trd, 000298.000, 151.0
Trd, 000298.833, 154
Trd, 000299.017, 144
Trd, 000299.150, 144.0
Trd, 000299.183, 148.0
Trd, 000299.817, 154
