Trd, 000001.617, 186.0
Trd, 000003.167, 144
Trd, 000003.817, 156.0
Trd, 000004.083, 155.0
Trd, 000004.150, 165.0
Trd, 000005.250, 143
Trd, 000006.250, 145
Trd, 000006.683, 147.0
Trd, 000007.300, 144
Trd, 000007.400, 145
Trd, 000007.483, 148.0
Trd, 000007.850, 155.0
Trd, 000008.350, 155
Trd, 000010.683, 144
Trd, 000011.367, 149
Trd, 000011.800, 163
Trd, 000012.483, 146
Trd, 000012.950, 148.0
Trd, 000013.833, 159
Trd, 000015.067, 159
Trd, 000015.217, 161
Trd, 000015.850, 161
Trd, 000016.100, 160
Trd, 000016.783, 156
Trd, 000017.117, 160
Trd, 000018.350, 158
Trd, 000018.900, 158.0
Trd, 000019.050, 162
Trd, 000019.433, 155.0
Trd, 000020.800, 164.0
Trd, 000020.950, 145
Trd, 000021.550, 164.0
Trd, 000021.600, 165.0
Trd, 000022.417, 162
Trd, 000022.467, 155.0
Trd, 000023.650, 162
Trd, 000024.200, 157
Trd, 000024.483, 157
Trd, 000024.717, 154
Trd, 000025.400, 141.0
Trd, 000027.933, 148.0
Trd, 000028.050, 136
Trd, 000028.100, 152
Trd, 000029.067, 153
Trd, 000029.183, 155.0
Trd, 000029.617, 149
Trd, 000030.083, 159
Trd, 000030.217, 155.0
Trd, 000030.883, 151
Trd, 000032.467, 147.0
Trd, 000033.433, 136
Trd, 000034.800, 135
Trd, 000034.967, 141.0
Trd, 000035.083, 148.0
Trd, 000036.833, 149
Trd, 000037.283, 150
Trd, 000037.983, 148.0
Trd, 000038.450, 155.0
Trd, 000038.467, 147
Trd, 000038.633, 141.0
Trd, 000039.250, 144
Trd, 000039.600, 143
Trd, 000041.100, 155
Trd, 000043.150, 155
Trd, 000043.233, 155
Trd, 000043.883, 155.0
Trd, 000044.550, 161
Trd, 000045.350, 158
Trd, 000046.300, 157
Trd, 000046.667, 162.0
Trd, 000046.750, 156
Trd, 000046.883, 162
Trd, 000047.050, 157
Trd, 000047.300, 165.0
Trd, 000048.317, 158
Trd, 000049.317, 157
Trd, 000050.400, 157
Trd, 000051.017, 155.0
Trd, 000051.783, 160.0
Trd, 000052.217, 134
Trd, 000052.783, 147.0
Trd, 000053.383, 136
Trd, 000053.967, 141.0
Trd, 000054.567, 148.0
Trd, 000055.250, 153
Trd, 000056.550, 150
Trd, 000056.867, 153.0
Trd, 000058.033, 155.0
Trd, 000058.350, 162
Trd, 000058.850, 150
Trd, 000059.617, 157
Trd, 000060.017, 149
Trd, 000060.183, 156
Trd, 000062.200, 151
Trd, 000063.433, 151.0
Trd, 000063.817, 150
Trd, 000064.183, 141.0
Trd, 000065.367, 151
Trd, 000065.533, 148
Trd, 000066.433, 147
Trd, 000067.417, 152
Trd, 000067.900, 148.0
Trd, 000068.650, 135
Trd, 000069.667, 147
Trd, 000069.883, 148
Trd, 000070.017, 153
Trd, 000070.067, 155.0
Trd, 000070.333, 147
Trd, 000072.017, 162
Trd, 000072.200, 156.0
Trd, 000072.617, 155
Trd, 000072.650, 155.0
Trd, 000073.900, 151
Trd, 000074.633, 148.0
Trd, 000074.750, 159.0
Trd, 000075.450, 150
Trd, 000077.200, 151
Trd, 000077.583, 147
Trd, 000077.933, 155.0
Trd, 000079.283, 147.0
Trd, 000079.817, 148.0
Trd, 000080.983, 151
Trd, 000081.450, 147
Trd, 000082.267, 153.0
Trd, 000082.533, 152
Trd, 000082.833, 148
Trd, 000082.917, 155.0
Trd, 000083.567, 147
Trd, 000084.500, 146
Trd, 000085.600, 146
Trd, 000086.283, 147.0
Trd, 000087.567, 148.0
Trd, 000087.617, 147
Trd, 000088.583, 153
Trd, 000088.667, 145
Trd, 000089.333, 155.0
Trd, 000090.783, 154
Trd, 000090.917, 147
Trd, 000091.633, 156
Trd, 000092.767, 152
Trd, 000093.433, 155.0
Trd, 000094.083, 151
Trd, 000094.100, 156
Trd, 000094.550, 150
Trd, 000094.967, 162
Trd, 000095.083, 168
Trd, 000095.333, 148.0
Trd, 000096.067, 155.0
Trd, 000096.867, 135
Trd, 000097.783, 138
Trd, 000098.167, 138
Trd, 000098.383, 140
Trd, 000098.583, 136
Trd, 000098.600, 148.0
Trd, 000098.983, 165.0
Trd, 000099.383, 136
Trd, 000100.350, 153
Trd, 000100.617, 151
Trd, 000101.833, 141.0
Trd, 000102.883, 152
Trd, 000103.017, 144
Trd, 000103.617, 155.0
Trd, 000105.300, 146.0
Trd, 000106.233, 148.0
Trd, 000106.250, 147
Trd, 000107.017, 161
Trd, 000107.417, 146
Trd, 000109.250, 148
Trd, 000109.517, 153
Trd, 000110.317, 155.0
Trd, 000111.300, 155
Trd, 000111.417, 164
Trd, 000111.667, 152
Trd, 000112.017, 155.0
Trd, 000112.050, 163
Trd, 000112.167, 150
Trd, 000112.900, 149
Trd, 000113.817, 141.0
Trd, 000115.667, 142
Trd, 000116.150, 143
Trd, 000116.667, 143
Trd, 000117.317, 148.0
Trd, 000117.583, 154
Trd, 000118.600, 144
Trd, 000118.667, 162
Trd, 000118.933, 143
Trd, 000119.383, 133
Trd, 000120.000, 141
Trd, 000120.250, 144.0
Trd, 000121.367, 143.0
Trd, 000121.417, 134
Trd, 000121.450, 148.0
Trd, 000122.117, 141.0
Trd, 000122.983, 126
Trd, 000123.017, 138
Trd, 000124.083, 153
Trd, 000125.683, 148
Trd, 000125.817, 140
Trd, 000126.483, 147
Trd, 000126.633, 148.0
Trd, 000127.117, 141.0
Trd, 000127.917, 144
Trd, 000130.017, 147
Trd, 000130.800, 147.0
Trd, 000130.833, 148.0
Trd, 000131.683, 145
Trd, 000132.667, 146
Trd, 000132.900, 144
Trd, 000133.000, 135
Trd, 000133.483, 130
Trd, 000133.733, 148.0
Trd, 000133.767, 151
Trd, 000133.850, 163
Trd, 000134.500, 159
Trd, 000134.983, 149
Trd, 000136.500, 156
Trd, 000136.733, 155.0
Trd, 000137.100, 154
Trd, 000137.250, 155
Trd, 000137.733, 150
Trd, 000138.333, 165.0
Trd, 000139.300, 147
Trd, 000140.400, 139
Trd, 000140.833, 152
Trd, 000142.217, 146
Trd, 000142.533, 154
Trd, 000143.083, 146
Trd, 000143.450, 141
Trd, 000143.517, 142
Trd, 000145.683, 154.0
Trd, 000146.250, 148.0
Trd, 000147.017, 133
Trd, 000147.367, 133
Trd, 000147.400, 134
Trd, 000148.283, 133
Trd, 000148.433, 141.0
Trd, 000149.483, 146
Trd, 000149.583, 151
Trd, 000151.383, 156.0
Trd, 000151.800, 159
Trd, 000151.933, 158
Trd, 000152.400, 160
Trd, 000153.367, 165.0
Trd, 000153.450, 157
Trd, 000153.633, 150
Trd, 000157.200, 155
Trd, 000157.250, 154
Trd, 000157.433, 155.0
Trd, 000157.533, 162
Trd, 000157.583, 163
Trd, 000157.717, 141.0
Trd, 000159.250, 152
Trd, 000159.367, 150
Trd, 000159.700, 132
Trd, 000160.517, 152
Trd, 000161.483, 139.0
Trd, 000161.800, 139
Trd, 000162.983, 141.0
Trd, 000163.000, 148.0
Trd, 000163.083, 147
Trd, 000164.417, 138
Trd, 000165.800, 144
Trd, 000165.917, 148
Trd, 000166.133, 144
Trd, 000166.217, 152
Trd, 000167.650, 143
Trd, 000169.683, 145.0
Trd, 000170.283, 145
Trd, 000170.767, 146.0
Trd, 000170.783, 148.0
Trd, 000171.250, 145
Trd, 000171.383, 153
Trd, 000171.567, 155.0
Trd, 000172.017, 147
Trd, 000172.567, 146
Trd, 000173.000, 155.0
Trd, 000174.900, 148.0
Trd, 000175.317, 148
Trd, 000176.000, 157
Trd, 000176.833, 154
Trd, 000176.933, 147
Trd, 000178.067, 148.0
Trd, 000178.233, 146
Trd, 000178.550, 136
Trd, 000179.133, 133
Trd, 000179.617, 118.0
Trd, 000180.467, 139.0
Trd, 000180.867, 139.0
Trd, 000182.483, 138
Trd, 000183.683, 141.0
Trd, 000183.933, 164
Trd, 000184.417, 134
Trd, 000185.583, 141.0
Trd, 000185.617, 159
Trd, 000185.733, 160
Trd, 000186.500, 148.0
Trd, 000186.667, 142
Trd, 000187.450, 146
Trd, 000187.967, 141
Trd, 000189.317, 136
Trd, 000189.750, 136
Trd, 000189.817, 134
Trd, 000190.017, 147.0
Trd, 000190.150, 148.0
Trd, 000190.767, 151
Trd, 000192.183, 148
Trd, 000192.417, 155.0
Trd, 000193.200, 143
Trd, 000194.133, 155.0
Trd, 000194.383, 143
Trd, 000194.850, 145
Trd, 000198.133, 144
Trd, 000198.267, 144
Trd, 000198.283, 148.0
Trd, 000198.800, 155.0
Trd, 000199.500, 152
Trd, 000200.150, 155.0
Trd, 000201.567, 160
Trd, 000202.217, 159
Trd, 000202.700, 160
Trd, 000203.083, 160
Trd, 000203.383, 162
Trd, 000203.550, 157
Trd, 000203.950, 155.0
Trd, 000204.817, 165.0
Trd, 000205.467, 158
Trd, 000205.500, 155
Trd, 000205.683, 155
Trd, 000207.200, 127
Trd, 000207.333, 137
Trd, 000207.450, 151
Trd, 000208.683, 152
Trd, 000209.100, 155.0
Trd, 000209.133, 168
Trd, 000209.450, 155
Trd, 000209.900, 157
Trd, 000210.000, 142
Trd, 000210.667, 158
Trd, 000210.883, 148.0
Trd, 000212.117, 166
Trd, 000214.717, 154
Trd, 000215.667, 154
Trd, 000216.200, 155.0
Trd, 000216.667, 155
Trd, 000216.850, 154
Trd, 000217.383, 152
Trd, 000217.683, 161
Trd, 000217.700, 153
Trd, 000217.717, 162
Trd, 000217.867, 152
Trd, 000220.000, 160.0
Trd, 000220.183, 155.0
Trd, 000220.200, 134
Trd, 000220.883, 143
Trd, 000221.333, 141
Trd, 000221.367, 155.0
Trd, 000222.500, 141.0
Trd, 000223.917, 151
Trd, 000225.100, 151
Trd, 000225.950, 148
Trd, 000226.217, 162
Trd, 000226.483, 152
Trd, 000226.583, 150
Trd, 000226.617, 149
Trd, 000227.517, 148
Trd, 000229.050, 153.0
Trd, 000229.650, 155.0
Trd, 000230.150, 163.0
Trd, 000230.283, 157.0
Trd, 000230.367, 155.0
Trd, 000231.883, 157
Trd, 000232.550, 156
Trd, 000233.400, 155
Trd, 000234.617, 155.0
Trd, 000234.650, 156
Trd, 000234.733, 158
Trd, 000235.100, 162
Trd, 000235.633, 155.0
Trd, 000235.883, 154
Trd, 000236.300, 153
Trd, 000237.483, 140.0
Trd, 000237.667, 139
Trd, 000238.283, 126
Trd, 000238.400, 130
Trd, 000239.550, 139
Trd, 000239.617, 141.0
Trd, 000239.983, 146
Trd, 000240.117, 153
Trd, 000240.317, 155
Trd, 000240.433, 164
Trd, 000240.867, 161
Trd, 000240.883, 159
Trd, 000241.033, 163.0
Trd, 000242.033, 158
Trd, 000242.867, 151
Trd, 000243.267, 155.0
Trd, 000244.083, 154
Trd, 000244.283, 151
Trd, 000244.433, 151
Trd, 000244.833, 156
Trd, 000245.000, 155.0
Trd, 000245.233, 144.0
Trd, 000245.267, 162
Trd, 000245.433, 141.0
Trd, 000245.617, 140
Trd, 000246.333, 145
Trd, 000246.867, 146
Trd, 000247.700, 144
Trd, 000247.850, 143
Trd, 000248.067, 144
Trd, 000249.583, 147.0
Trd, 000249.883, 147.0
Trd, 000250.400, 148.0
Trd, 000250.567, 152
Trd, 000251.167, 155.0
Trd, 000251.233, 151
Trd, 000251.933, 148
Trd, 000252.433, 148
Trd, 000253.333, 155.0
Trd, 000253.433, 153
Trd, 000254.367, 152
Trd, 000254.467, 153
Trd, 000254.500, 156
Trd, 000255.867, 158
Trd, 000256.517, 157
Trd, 000256.567, 154
Trd, 000256.717, 160
Trd, 000257.283, 154
Trd, 000258.050, 154.0
Trd, 000258.517, 153
Trd, 000259.267, 152
Trd, 000259.567, 148.0
Trd, 000259.683, 141.0
Trd, 000260.283, 150
Trd, 000261.250, 147
Trd, 000261.517, 146
Trd, 000262.050, 147
Trd, 000262.267, 151
Trd, 000262.500, 155.0
Trd, 000262.950, 155.0
Trd, 000263.583, 153
Trd, 000264.517, 147.0
Trd, 000264.533, 141.0
Trd, 000265.250, 141
Trd, 000265.533, 140
Trd, 000265.733, 141.0
Trd, 000266.317, 148.0
Trd, 000267.117, 152
Trd, 000267.250, 162
Trd, 000267.383, 151
Trd, 000268.100, 165.0
Trd, 000268.450, 150
Trd, 000268.683, 158
Trd, 000268.883, 155
Trd, 000269.267, 150
Trd, 000269.467, 149
Trd, 000269.983, 153
Trd, 000270.283, 147
Trd, 000271.267, 151
Trd, 000271.950, 149
Trd, 000272.350, 154
Trd, 000272.417, 153.0
Trd, 000272.800, 147.0
Trd, 000273.233, 147.0
Trd, 000273.433, 149.0
Trd, 000273.633, 141.0
Trd, 000274.350, 142.0
Trd, 000274.567, 146
Trd, 000274.600, 148.0
Trd, 000275.450, 155.0
Trd, 000275.783, 146
Trd, 000276.567, 162
Trd, 000276.633, 155.0
Trd, 000277.367, 159
Trd, 000277.483, 157
Trd, 000278.417, 162
Trd, 000279.067, 159
Trd, 000279.417, 161
Trd, 000279.917, 157
Trd, 000280.233, 141.0
Trd, 000280.750, 155.0
Trd, 000281.333, 148.0
Trd, 000281.650, 155.0
Trd, 000281.950, 160
Trd, 000282.717, 159
Trd, 000283.283, 159
Trd, 000283.533, 168
Trd, 000283.950, 157
Trd, 000284.317, 164.0
Trd, 000284.883, 157
Trd, 000285.883, 156.0
Trd, 000285.967, 162.0
Trd, 000286.000, 165.0
Trd, 000286.317, 155.0
Trd, 000286.833, 148.0
Trd, 000287.433, 155
Trd, 000287.483, 156
Trd, 000287.650, 155.0
Trd, 000287.683, 163
Trd, 000287.700, 155
Trd, 000288.500, 147
Trd, 000288.733, 150
Trd, 000288.950, 147
Trd, 000290.167, 165.0
Trd, 000290.433, 165
Trd, 000290.650, 155.0
Trd, 000291.267, 141.0
Trd, 000292.067, 163
Trd, 000293.050, 138
Trd, 000293.333, 148.0
Trd, 000294.733, 150
Trd, 000294.783, 153.0
Trd, 000295.533, 155.0
Trd, 000295.567, 149
Trd, 000295.633, 148
Trd, 000295.650, 161
Trd, 000295.917, 160
Trd, 000296.083, 162
Trd, 000296.583, 160
Trd, 000296.767, 147
Trd, 000297.167, 161
Trd, 000297.383, 163
Trd, 000297.700, 157.0
Trd, 000298.000, 165.0
Trd, 000298.433, 157.0
Trd, 000298.917, 167
Trd, 000299.217, 166
Trd, 000299.233, 168
Trd, 000299.533, 172.0
Trd, 000299.733, 164
Trd, 000299.750, 155.0
