Trd, 000001.567, 151
Trd, 000003.117, 178
Trd, 000003.533, 172.0
Trd, 000003.617, 172
Trd, 000004.083, 168.0
Trd, 000005.317, 165.0
Trd, 000005.833, 156.0
Trd, 000006.100, 167
Trd, 000007.217, 166
Trd, 000008.633, 157
Trd, 000009.133, 158
Trd, 000010.250, 157
Trd, 000010.883, 158
Trd, 000010.983, 156.0
Trd, 000011.033, 158
Trd, 000012.100, 155.0
Trd, 000012.267, 155
Trd, 000012.667, 156
Trd, 000013.500, 159
Trd, 000014.200, 163
Trd, 000015.133, 160
Trd, 000015.500, 160
Trd, 000016.083, 157.0
Trd, 000016.450, 148.0
Trd, 000016.550, 160
Trd, 000017.467, 151
Trd, 000017.800, 151
Trd, 000018.117, 149
Trd, 000018.133, 154
Trd, 000018.800, 152
Trd, 000018.833, 153
Trd, 000019.933, 156
Trd, 000020.133, 160.0
Trd, 000021.367, 156
Trd, 000021.700, 161
Trd, 000022.350, 156
Trd, 000022.850, 156
Trd, 000023.983, 155.0
Trd, 000024.417, 156
Trd, 000025.183, 157
Trd, 000025.267, 152
Trd, 000025.350, 148.0
Trd, 000025.450, 157
Trd, 000026.083, 156
Trd, 000026.417, 156
Trd, 000027.167, 144
Trd, 000028.100, 147
Trd, 000028.733, 149.0
Trd, 000028.967, 151.0
Trd, 000029.000, 162.0
Trd, 000029.500, 149
Trd, 000029.933, 151
Trd, 000030.200, 154
Trd, 000031.367, 157
Trd, 000031.433, 156
Trd, 000032.933, 156
Trd, 000033.567, 165
Trd, 000033.767, 165.0
Trd, 000035.167, 165
Trd, 000035.450, 163
Trd, 000035.733, 166.0
Trd, 000036.433, 165.0
Trd, 000036.817, 165.0
Trd, 000037.633, 165.0
Trd, 000037.817, 163
Trd, 000038.083, 157
Trd, 000038.783, 162
Trd, 000039.967, 161
Trd, 000041.050, 160
Trd, 000041.367, 158.0
Trd, 000041.783, 158
Trd, 000041.800, 155.0
Trd, 000042.117, 155
Trd, 000042.400, 155
Trd, 000042.567, 155.0
Trd, 000043.700, 154
Trd, 000044.350, 153
Trd, 000044.750, 152
Trd, 000044.917, 153
Trd, 000045.150, 149
Trd, 000045.883, 150
Trd, 000046.200, 153
Trd, 000046.267, 155
Trd, 000046.383, 156
Trd, 000046.467, 149.0
Trd, 000047.750, 150.0
Trd, 000049.167, 156
Trd, 000049.367, 156
Trd, 000050.550, 157
Trd, 000050.650, 156
Trd, 000051.117, 157
Trd, 000051.700, 157
Trd, 000051.967, 158
Trd, 000052.133, 148.0
Trd, 000052.567, 158
Trd, 000053.783, 160.0
Trd, 000054.033, 161.0
Trd, 000054.533, 157.0
Trd, 000054.800, 161
Trd, 000056.400, 156
Trd, 000056.517, 155
Trd, 000057.517, 158
Trd, 000057.700, 156.0
Trd, 000058.983, 157
Trd, 000059.717, 159
Trd, 000060.617, 156.0
Trd, 000060.933, 156
Trd, 000061.767, 154
Trd, 000061.850, 155
Trd, 000061.967, 151
Trd, 000062.950, 155
Trd, 000063.683, 153.0
Trd, 000064.133, 155
Trd, 000064.433, 166.0
Trd, 000064.450, 165.0
Trd, 000064.633, 167
Trd, 000065.350, 171.0
Trd, 000066.067, 167
Trd, 000066.100, 172.0
Trd, 000066.483, 167
Trd, 000067.067, 175.0
Trd, 000067.750, 165
Trd, 000068.383, 165.0
Trd, 000069.600, 166
Trd, 000071.317, 164
Trd, 000071.333, 163.0
Trd, 000071.433, 162.0
Trd, 000071.767, 164
Trd, 000071.833, 163
Trd, 000072.033, 165
Trd, 000072.900, 165
Trd, 000073.233, 159
Trd, 000074.350, 160
Trd, 000075.450, 162.0
Trd, 000075.950, 158
Trd, 000076.100, 159
Trd, 000076.267, 163
Trd, 000077.000, 158
Trd, 000078.183, 158
Trd, 000078.333, 157
Trd, 000078.767, 156
Trd, 000079.500, 156
Trd, 000079.567, 157
Trd, 000079.850, 157.0
Trd, 000080.533, 157
Trd, 000080.683, 159
Trd, 000081.183, 159
Trd, 000081.283, 157
Trd, 000083.767, 159
Trd, 000083.917, 156
Trd, 000085.100, 158
Trd, 000085.117, 157
Trd, 000086.767, 158
Trd, 000086.833, 159
Trd, 000087.333, 158
Trd, 000087.517, 159
Trd, 000087.883, 156
Trd, 000087.917, 159
Trd, 000088.133, 156
Trd, 000089.583, 158
Trd, 000090.500, 158
Trd, 000090.783, 157
Trd, 000090.917, 160
Trd, 000091.617, 160
Trd, 000092.000, 160
Trd, 000092.600, 158
Trd, 000093.183, 162.0
Trd, 000094.467, 166
Trd, 000094.750, 162
Trd, 000094.767, 162.0
Trd, 000095.167, 163
Trd, 000095.283, 162
Trd, 000096.733, 164
Trd, 000097.350, 162
Trd, 000097.483, 162
Trd, 000097.850, 161
Trd, 000099.067, 146
Trd, 000099.233, 143
Trd, 000099.400, 141
Trd, 000099.767, 141
Trd, 000100.050, 147
Trd, 000100.117, 126
Trd, 000101.167, 134
Trd, 000101.617, 140
Trd, 000102.433, 137
Trd, 000102.500, 140
Trd, 000104.067, 137
Trd, 000104.300, 137
Trd, 000104.583, 155
Trd, 000104.833, 148.0
Trd, 000105.250, 143
Trd, 000105.450, 158.0
Trd, 000106.017, 148
Trd, 000107.367, 175.0
Trd, 000107.533, 165
Trd, 000108.217, 151
Trd, 000108.417, 150
Trd, 000109.067, 155.0
Trd, 000109.350, 154
Trd, 000109.867, 152
Trd, 000110.717, 152
Trd, 000110.967, 153
Trd, 000111.500, 152
Trd, 000112.050, 152
Trd, 000112.900, 154
Trd, 000113.550, 151
Trd, 000113.917, 152
Trd, 000114.050, 151
Trd, 000114.133, 153
Trd, 000114.167, 153
Trd, 000114.500, 150
Trd, 000115.333, 151.0
Trd, 000115.817, 148.0
Trd, 000115.950, 153
Trd, 000116.750, 162.0
Trd, 000117.350, 148
Trd, 000118.450, 150
Trd, 000119.367, 154
Trd, 000119.583, 152
Trd, 000120.300, 153
Trd, 000120.400, 153
Trd, 000120.517, 154
Trd, 000121.117, 154
Trd, 000121.600, 155
Trd, 000122.167, 167
Trd, 000122.183, 162.0
Trd, 000122.833, 166.0
Trd, 000123.700, 165
Trd, 000124.633, 165.0
Trd, 000125.800, 165
Trd, 000126.067, 166
Trd, 000126.367, 166
Trd, 000126.733, 175.0
Trd, 000126.783, 164
Trd, 000129.783, 164
Trd, 000129.867, 164
Trd, 000129.967, 163
Trd, 000130.133, 162.0
Trd, 000130.400, 156
Trd, 000130.950, 162
Trd, 000131.533, 160
Trd, 000131.817, 161
Trd, 000132.700, 149.0
Trd, 000133.200, 158
Trd, 000133.333, 159
Trd, 000135.917, 155
Trd, 000135.967, 152
Trd, 000136.067, 159
Trd, 000136.717, 152
Trd, 000136.917, 156
Trd, 000136.967, 156
Trd, 000137.533, 157
Trd, 000137.700, 157
Trd, 000137.800, 157
Trd, 000138.550, 167
Trd, 000139.867, 163
Trd, 000140.883, 157.0
Trd, 000141.183, 157
Trd, 000141.700, 156
Trd, 000142.267, 157
Trd, 000142.683, 157
Trd, 000143.117, 156
Trd, 000143.417, 156
Trd, 000143.467, 157
Trd, 000144.817, 156
Trd, 000144.867, 155
Trd, 000145.567, 153
Trd, 000146.033, 155
Trd, 000146.433, 155
Trd, 000146.550, 149.0
Trd, 000146.750, 162.0
Trd, 000147.350, 159
Trd, 000147.783, 165.0
Trd, 000149.483, 154
Trd, 000150.000, 155
Trd, 000150.283, 154
Trd, 000150.733, 156
Trd, 000150.950, 156.0
Trd, 000151.400, 156
Trd, 000151.483, 161.0
Trd, 000151.717, 162.0
Trd, 000152.100, 155.0
Trd, 000153.150, 157
Trd, 000153.283, 156
Trd, 000153.517, 161
Trd, 000153.867, 162
Trd, 000154.617, 160
Trd, 000155.350, 157
Trd, 000155.617, 160
Trd, 000156.917, 156
Trd, 000157.183, 156
Trd, 000157.233, 158
Trd, 000158.033, 156
Trd, 000158.467, 155
Trd, 000158.567, 155.0
Trd, 000158.817, 155
Trd, 000159.567, 153
Trd, 000160.050, 154
Trd, 000161.000, 153
Trd, 000161.067, 154
Trd, 000161.500, 151
Trd, 000162.483, 155.0
Trd, 000162.833, 157
Trd, 000163.217, 158
Trd, 000164.450, 154
Trd, 000164.733, 153
Trd, 000164.917, 156
Trd, 000165.933, 152
Trd, 000166.067, 156
Trd, 000167.550, 153
Trd, 000167.700, 154
Trd, 000167.850, 154
Trd, 000168.250, 153
Trd, 000170.350, 160
Trd, 000170.450, 160
Trd, 000171.050, 165.0
Trd, 000171.533, 162
Trd, 000171.717, 162
Trd, 000171.883, 162
Trd, 000173.550, 160
Trd, 000175.400, 159
Trd, 000176.000, 159
Trd, 000176.050, 157
Trd, 000176.783, 157
Trd, 000176.967, 156
Trd, 000177.083, 155.0
Trd, 000177.717, 154
Trd, 000178.267, 153
Trd, 000178.883, 154
Trd, 000179.500, 153
Trd, 000179.650, 152
Trd, 000179.933, 152
Trd, 000181.033, 155
Trd, 000181.917, 155
Trd, 000182.333, 156
Trd, 000182.750, 156
Trd, 000183.000, 174.0
Trd, 000183.967, 158
Trd, 000185.317, 159
Trd, 000186.233, 159
Trd, 000186.267, 160
Trd, 000186.633, 159
Trd, 000187.083, 160
Trd, 000187.450, 160
Trd, 000187.850, 159
Trd, 000187.983, 158
Trd, 000188.283, 161
Trd, 000188.717, 162
Trd, 000189.217, 160
Trd, 000189.333, 165
Trd, 000189.700, 175.0
Trd, 000190.267, 165.0
Trd, 000192.000, 163
Trd, 000193.067, 162.0
Trd, 000193.533, 161
Trd, 000194.600, 156
Trd, 000194.833, 161
Trd, 000196.400, 162
Trd, 000196.667, 158
Trd, 000196.683, 157
Trd, 000198.300, 159
Trd, 000198.933, 160
Trd, 000199.150, 161
Trd, 000199.917, 159.0
Trd, 000200.467, 162.0
Trd, 000201.200, 166
Trd, 000201.283, 165.0
Trd, 000201.833, 163
Trd, 000202.867, 162.0
Trd, 000203.033, 162
Trd, 000204.400, 162
Trd, 000204.583, 157
Trd, 000204.783, 164
Trd, 000204.933, 164
Trd, 000206.533, 161
Trd, 000206.867, 158
Trd, 000207.017, 157
Trd, 000207.783, 157
Trd, 000208.050, 158
Trd, 000208.417, 157
Trd, 000208.667, 156
Trd, 000208.950, 155.0
Trd, 000209.600, 155
Trd, 000209.883, 154
Trd, 000210.483, 155
Trd, 000211.033, 155.0
Trd, 000211.967, 150.0
Trd, 000212.117, 155
Trd, 000212.300, 156
Trd, 000212.967, 157
Trd, 000213.133, 152.0
Trd, 000213.917, 159
Trd, 000215.433, 165
Trd, 000215.867, 155.0
Trd, 000216.567, 160
Trd, 000216.767, 159
Trd, 000216.883, 161
Trd, 000216.900, 158
Trd, 000217.167, 161
Trd, 000217.767, 159
Trd, 000217.950, 159
Trd, 000218.017, 158
Trd, 000220.317, 162.0
Trd, 000220.767, 162
Trd, 000221.067, 163
Trd, 000221.783, 163
Trd, 000222.267, 162.0
Trd, 000223.217, 161
Trd, 000223.417, 159
Trd, 000224.950, 158
Trd, 000225.367, 157
Trd, 000226.550, 150.0
Trd, 000226.767, 152
Trd, 000226.833, 154
Trd, 000227.533, 152
Trd, 000228.000, 151
Trd, 000228.017, 154
Trd, 000228.150, 151
Trd, 000229.150, 153
Trd, 000230.167, 151
Trd, 000230.383, 130
Trd, 000231.150, 146
Trd, 000231.467, 148
Trd, 000231.517, 151.0
Trd, 000232.367, 148.0
Trd, 000232.583, 149
Trd, 000233.500, 150
Trd, 000233.783, 150
Trd, 000235.150, 152
Trd, 000235.267, 155.0
Trd, 000235.517, 160
Trd, 000236.083, 162.0
Trd, 000237.033, 160
Trd, 000237.633, 176
Trd, 000237.883, 161
Trd, 000237.933, 160
Trd, 000238.450, 163
Trd, 000239.650, 160
Trd, 000239.767, 160
Trd, 000240.017, 159
Trd, 000240.217, 159
Trd, 000240.517, 158
Trd, 000240.567, 162.0
Trd, 000241.667, 158
Trd, 000241.917, 160
Trd, 000241.967, 158
Trd, 000242.150, 157
Trd, 000242.767, 150.0
Trd, 000243.200, 150.0
Trd, 000243.350, 155
Trd, 000243.517, 148.0
Trd, 000243.533, 160
Trd, 000245.000, 148.0
Trd, 000245.217, 147
Trd, 000245.517, 148
Trd, 000246.050, 146
Trd, 000246.100, 158.0
Trd, 000247.083, 149
Trd, 000247.100, 148
Trd, 000247.117, 148.0
Trd, 000247.367, 146
Trd, 000247.783, 147
Trd, 000247.933, 147
Trd, 000248.300, 153
Trd, 000249.017, 146
Trd, 000249.500, 145
Trd, 000249.867, 146
Trd, 000249.950, 149
Trd, 000250.433, 148.0
Trd, 000251.267, 145
Trd, 000251.367, 147
Trd, 000251.933, 147
Trd, 000252.267, 147.0
Trd, 000252.483, 148
Trd, 000252.517, 148.0
Trd, 000253.500, 143
Trd, 000253.800, 148
Trd, 000255.167, 148
Trd, 000255.767, 150
Trd, 000255.983, 151.0
Trd, 000256.050, 161.0
Trd, 000256.317, 159.0
Trd, 000256.333, 162.0
Trd, 000257.100, 155
Trd, 000257.200, 155.0
Trd, 000257.633, 155.0
Trd, 000258.167, 156
Trd, 000258.250, 157
Trd, 000259.133, 156
Trd, 000259.383, 156
Trd, 000259.450, 162.0
Trd, 000259.783, 155
Trd, 000259.883, 164.0
Trd, 000260.767, 154
Trd, 000260.867, 153
Trd, 000261.633, 154
Trd, 000262.333, 152
Trd, 000263.150, 151
Trd, 000263.433, 149.0
Trd, 000263.883, 152
Trd, 000264.017, 153
Trd, 000264.633, 151.0
Trd, 000264.867, 149.0
Trd, 000265.317, 152
Trd, 000265.583, 149.0
Trd, 000266.883, 150
Trd, 000266.917, 148.0
Trd, 000267.367, 146
Trd, 000267.483, 149
Trd, 000267.850, 151
Trd, 000268.200, 149
Trd, 000268.283, 142.0
Trd, 000268.567, 144
Trd, 000268.667, 157.0
Trd, 000268.967, 144
Trd, 000269.383, 145
Trd, 000269.933, 162.0
Trd, 000270.017, 142.0
Trd, 000270.883, 166.0
Trd, 000270.933, 165.0
Trd, 000272.733, 149
Trd, 000272.850, 148
Trd, 000273.000, 149
Trd, 000273.167, 150
Trd, 000273.317, 147
Trd, 000273.400, 147
Trd, 000273.867, 150
Trd, 000274.367, 145.0
Trd, 000274.950, 151.0
Trd, 000275.667, 144.0
Trd, 000275.933, 146
Trd, 000275.983, 148
Trd, 000276.317, 147
Trd, 000276.350, 148.0
Trd, 000277.050, 143
Trd, 000277.567, 149.0
Trd, 000278.867, 144.0
Trd, 000279.000, 144.0
Trd, 000279.233, 146
Trd, 000279.383, 143
Trd, 000279.400, 141.0
Trd, 000279.750, 137.0
Trd, 000280.383, 139
Trd, 000280.567, 142
Trd, 000280.600, 145
Trd, 000281.000, 137
Trd, 000281.433, 143
Trd, 000282.083, 144
Trd, 000282.433, 154
Trd, 000283.000, 141
Trd, 000283.650, 146
Trd, 000284.167, 141
Trd, 000284.250, 146
Trd, 000284.650, 159
Trd, 000285.133, 141
Trd, 000285.400, 152
Trd, 000285.467, 159
Trd, 000285.950, 160.0
Trd, 000286.983, 158.0
Trd, 000288.000, 159
Trd, 000288.033, 156
Trd, 000288.333, 153
Trd, 000288.983, 156.0
Trd, 000290.200, 155.0
Trd, 000290.333, 156
Trd, 000290.350, 155
Trd, 000290.483, 154
Trd, 000290.800, 155
Trd, 000291.150, 155
Trd, 000291.583, 150
Trd, 000292.600, 149
Trd, 000292.633, 155
Trd, 000293.100, 155
Trd, 000293.200, 156
Trd, 000293.467, 156
Trd, 000294.533, 156
Trd, 000294.833, 155.0
Trd, 000295.383, 150
Trd, 000295.500, 148
Trd, 000295.683, 156
Trd, 000295.817, 147
Trd, 000296.133, 155
Trd, 000297.283, 153
Trd, 000297.333, 148
Trd, 000297.500, 148.0
Trd, 000297.883, 155
Trd, 000298.367, 142.0
Trd, 000298.417, 161
Trd, 000298.583, 161.0
Trd, 000299.600, 146.0
Trd, 000299.667, 157
Trd, 000299.783, 147
Trd, 000299.950, 146
