Trd, 000002.433, 150
Trd, 000002.783, 156
Trd, 000003.433, 160.0
Trd, 000003.983, 155
Trd, 000004.433, 154
Trd, 000005.233, 155.0
Trd, 000005.917, 155.0
Trd, 000006.817, 157
Trd, 000006.933, 154
Trd, 000007.433, 156
Trd, 000007.817, 153
Trd, 000007.883, 150
Trd, 000008.167, 154
Trd, 000009.233, 154
Trd, 000010.167, 156.0
Trd, 000010.883, 155.0
Trd, 000011.200, 153
Trd, 000012.150, 155
Trd, 000012.417, 155
Trd, 000012.700, 154
Trd, 000012.733, 155
Trd, 000012.917, 151
Trd, 000014.550, 152
Trd, 000015.233, 153
Trd, 000015.250, 150
Trd, 000016.033, 156
Trd, 000016.167, 160
Trd, 000016.700, 155.0
Trd, 000017.583, 151
Trd, 000017.867, 154
Trd, 000019.300, 150
Trd, 000019.667, 154
Trd, 000019.883, 153
Trd, 000019.900, 151
Trd, 000020.167, 154
Trd, 000020.983, 153
Trd, 000021.600, 152
Trd, 000021.783, 153
Trd, 000022.333, 162.0
Trd, 000023.250, 152
Trd, 000023.483, 152
Trd, 000024.783, 150
Trd, 000024.967, 152
Trd, 000025.550, 151
Trd, 000025.867, 152
Trd, 000026.317, 153
Trd, 000026.633, 150
Trd, 000027.183, 153
Trd, 000028.017, 149
Trd, 000028.383, 160.0
Trd, 000028.450, 148.0
Trd, 000028.517, 162.0
Trd, 000030.083, 154
Trd, 000030.467, 161.0
Trd, 000030.617, 152
Trd, 000031.967, 156
Trd, 000032.167, 155.0
Trd, 000032.917, 156
Trd, 000034.367, 154
Trd, 000034.633, 155
Trd, 000034.667, 154
Trd, 000035.133, 154
Trd, 000035.167, 158
Trd, 000035.300, 159
Trd, 000035.950, 156
Trd, 000036.333, 156
Trd, 000037.217, 153
Trd, 000037.883, 159
Trd, 000038.317, 158
Trd, 000038.533, 152
Trd, 000040.117, 152
Trd, 000040.250, 154
Trd, 000040.850, 154
Trd, 000041.017, 156
Trd, 000041.300, 155.0
Trd, 000042.050, 154
Trd, 000043.200, 156
Trd, 000044.300, 153
Trd, 000044.767, 154.0
Trd, 000044.867, 153
Trd, 000045.333, 148.0
Trd, 000045.533, 152
Trd, 000046.050, 152.0
Trd, 000046.300, 146.0
Trd, 000047.083, 147.0
Trd, 000047.233, 144.0
Trd, 000048.250, 151
Trd, 000049.400, 149
Trd, 000050.050, 148.0
Trd, 000050.217, 149
Trd, 000050.683, 148
Trd, 000051.400, 149
Trd, 000052.450, 148
Trd, 000052.667, 149
Trd, 000052.900, 148.0
Trd, 000053.200, 146
Trd, 000053.817, 148
Trd, 000053.900, 148
Trd, 000054.217, 150
Trd, 000054.483, 151.0
Trd, 000055.367, 163.0
Trd, 000055.683, 165.0
Trd, 000055.983, 167
Trd, 000057.750, 160.0
Trd, 000058.117, 160
Trd, 000058.483, 150
Trd, 000058.567, 144.0
Trd, 000059.267, 155
Trd, 000059.667, 159
Trd, 000059.800, 161.0
Trd, 000060.117, 162.0
Trd, 000060.867, 182.0
Trd, 000061.150, 178
Trd, 000061.250, 159
Trd, 000061.633, 159
Trd, 000062.783, 158.0
Trd, 000062.983, 158
Trd, 000063.483, 159.0
Trd, 000064.133, 158
Trd, 000064.517, 158.0
Trd, 000065.900, 157
Trd, 000066.183, 159
Trd, 000067.133, 157
Trd, 000067.817, 158
Trd, 000068.433, 157
Trd, 000068.450, 155.0
Trd, 000068.467, 161.0
Trd, 000068.800, 144.0
Trd, 000069.067, 156
Trd, 000069.183, 157
Trd, 000069.400, 155
Trd, 000070.300, 151
Trd, 000070.717, 136
Trd, 000070.817, 158
Trd, 000071.483, 133
Trd, 000072.650, 148
Trd, 000073.183, 145
Trd, 000073.383, 145
Trd, 000073.517, 146
Trd, 000073.883, 146
Trd, 000074.400, 145
Trd, 000074.933, 143
Trd, 000075.450, 164.0
Trd, 000077.167, 157
Trd, 000078.550, 161.0
Trd, 000078.983, 160.0
Trd, 000079.317, 158
Trd, 000079.700, 158
Trd, 000080.150, 156
Trd, 000080.633, 155.0
Trd, 000081.867, 156
Trd, 000082.550, 153
Trd, 000082.567, 154
Trd, 000083.550, 153
Trd, 000083.733, 155
Trd, 000083.750, 152
Trd, 000083.767, 158
Trd, 000084.067, 161
Trd, 000084.750, 167
Trd, 000084.783, 165.0
Trd, 000086.617, 158.0
Trd, 000087.150, 157.0
Trd, 000087.400, 154
Trd, 000088.317, 150.0
Trd, 000089.717, 155
Trd, 000090.333, 155.0
Trd, 000090.350, 156.0
Trd, 000090.750, 154
Trd, 000091.067, 155
Trd, 000091.267, 154
Trd, 000091.783, 155.0
Trd, 000092.217, 155
Trd, 000092.833, 162.0
Trd, 000092.933, 165.0
Trd, 000093.683, 174
Trd, 000094.850, 157
Trd, 000095.017, 157
Trd, 000095.317, 155
Trd, 000095.633, 156
Trd, 000095.800, 146.0
Trd, 000096.150, 135
Trd, 000096.800, 140.0
Trd, 000097.383, 144
Trd, 000097.950, 143
Trd, 000098.450, 144.0
Trd, 000099.033, 148
Trd, 000099.050, 165.0
Trd, 000099.333, 147
Trd, 000099.683, 151
Trd, 000100.617, 151
Trd, 000101.100, 150
Trd, 000101.467, 150
Trd, 000102.683, 149
Trd, 000102.983, 150
Trd, 000103.633, 150
Trd, 000104.550, 150.0
Trd, 000104.667, 150
Trd, 000104.733, 151.0
Trd, 000105.483, 149
Trd, 000105.517, 150
Trd, 000105.550, 146
Trd, 000107.250, 149
Trd, 000107.467, 148
Trd, 000107.650, 150
Trd, 000108.167, 148
Trd, 000108.233, 161
Trd, 000108.383, 148
Trd, 000109.717, 148
Trd, 000110.533, 153
Trd, 000110.917, 153
Trd, 000111.050, 148
Trd, 000113.167, 149
Trd, 000113.217, 151
Trd, 000113.850, 148
Trd, 000113.950, 151.0
Trd, 000114.133, 149
Trd, 000114.867, 147
Trd, 000115.300, 149
Trd, 000115.683, 149
Trd, 000116.283, 148
Trd, 000116.700, 155.0
Trd, 000116.733, 147
Trd, 000117.433, 160.0
Trd, 000117.750, 149
Trd, 000117.917, 162.0
Trd, 000119.617, 155
Trd, 000120.367, 154
Trd, 000120.883, 153
Trd, 000121.167, 152
Trd, 000121.533, 153
Trd, 000121.567, 154
Trd, 000122.400, 160.0
Trd, 000123.200, 150
Trd, 000123.250, 144.0
Trd, 000124.533, 153
Trd, 000124.967, 153
Trd, 000125.533, 140
Trd, 000126.567, 141.0
Trd, 000126.833, 152
Trd, 000127.000, 145
Trd, 000127.183, 153
Trd, 000127.367, 155.0
Trd, 000128.700, 150
Trd, 000130.333, 153
Trd, 000130.567, 153
Trd, 000131.117, 152
Trd, 000131.200, 153
Trd, 000133.017, 153
Trd, 000134.283, 151
Trd, 000134.567, 151
Trd, 000134.683, 151
Trd, 000134.750, 152
Trd, 000135.133, 155.0
Trd, 000135.833, 150
Trd, 000136.617, 153
Trd, 000137.100, 154
Trd, 000137.467, 150
Trd, 000138.183, 150
Trd, 000138.983, 148.0
Trd, 000139.817, 149
Trd, 000140.000, 147
Trd, 000140.283, 146
Trd, 000140.867, 147
Trd, 000141.050, 149
Trd, 000141.567, 147.0
Trd, 000141.867, 148
Trd, 000142.300, 150
Trd, 000143.583, 148.0
Trd, 000143.933, 149
Trd, 000144.167, 148
Trd, 000144.467, 150
Trd, 000146.633, 149
Trd, 000146.717, 150.0
Trd, 000146.850, 146
Trd, 000147.033, 154
Trd, 000148.017, 148.0
Trd, 000149.350, 158.0
Trd, 000149.950, 162.0
Trd, 000150.100, 150
Trd, 000150.667, 155
Trd, 000151.300, 154
Trd, 000152.250, 152
Trd, 000153.100, 148
Trd, 000153.617, 149.0
Trd, 000153.900, 149
Trd, 000154.733, 149
Trd, 000154.850, 150
Trd, 000155.383, 148
Trd, 000156.017, 151.0
Trd, 000156.667, 150
Trd, 000157.033, 151
Trd, 000157.633, 147
Trd, 000158.033, 149
Trd, 000159.183, 149
Trd, 000159.533, 150
Trd, 000160.300, 149.0
Trd, 000160.650, 148.0
Trd, 000161.317, 148
Trd, 000161.383, 146
Trd, 000161.933, 149.0
Trd, 000162.533, 150
Trd, 000162.833, 151.0
Trd, 000162.967, 162.0
Trd, 000163.900, 165
Trd, 000164.433, 162.0
Trd, 000164.850, 145
Trd, 000164.967, 136
Trd, 000165.617, 136
Trd, 000165.767, 136.0
Trd, 000166.567, 140.0
Trd, 000167.100, 141.0
Trd, 000167.200, 140
Trd, 000167.717, 139
Trd, 000167.767, 140
Trd, 000168.667, 150.0
Trd, 000168.717, 143
Trd, 000168.833, 151.0
Trd, 000169.767, 145
Trd, 000171.333, 146
Trd, 000171.400, 146
Trd, 000171.517, 145.0
Trd, 000172.950, 146
Trd, 000173.317, 146
Trd, 000173.667, 146.0
Trd, 000173.833, 151.0
Trd, 000174.100, 145
Trd, 000174.517, 144.0
Trd, 000174.650, 159.0
Trd, 000175.267, 140
Trd, 000175.633, 147
Trd, 000176.067, 149
Trd, 000176.983, 148
Trd, 000177.733, 147
Trd, 000177.817, 146
Trd, 000178.567, 146
Trd, 000179.367, 147
Trd, 000179.583, 144.0
Trd, 000179.817, 144
Trd, 000180.067, 144
Trd, 000181.467, 144
Trd, 000181.500, 146
Trd, 000181.900, 147
Trd, 000181.917, 148
Trd, 000182.167, 150.0
Trd, 000182.233, 151.0
Trd, 000183.250, 158.0
Trd, 000183.350, 159.0
Trd, 000183.883, 149
Trd, 000184.700, 154
Trd, 000185.150, 149.0
Trd, 000185.267, 154
Trd, 000185.600, 150
Trd, 000187.167, 149
Trd, 000187.367, 162.0
Trd, 000188.217, 151
Trd, 000188.333, 149
Trd, 000188.717, 148.0
Trd, 000189.267, 155
Trd, 000190.900, 149
Trd, 000191.600, 150
Trd, 000192.017, 150.0
Trd, 000192.433, 150
Trd, 000194.600, 150
Trd, 000194.850, 150
Trd, 000194.967, 150
Trd, 000195.167, 150
Trd, 000195.383, 151.0
Trd, 000195.417, 148.0
Trd, 000195.783, 148
Trd, 000196.183, 151
Trd, 000196.267, 162.0
Trd, 000196.417, 164.0
Trd, 000197.517, 150
Trd, 000197.717, 156
Trd, 000197.867, 156
Trd, 000198.650, 150
Trd, 000199.600, 155.0
Trd, 000200.383, 154
Trd, 000201.217, 152
Trd, 000201.500, 151
Trd, 000201.533, 153
Trd, 000201.783, 150
Trd, 000203.917, 151
Trd, 000204.617, 151
Trd, 000204.950, 152
Trd, 000204.967, 152
Trd, 000205.633, 151
Trd, 000205.883, 150
Trd, 000206.833, 153
Trd, 000207.033, 153
Trd, 000207.550, 153
Trd, 000208.133, 151
Trd, 000208.750, 152
Trd, 000209.917, 151
Trd, 000210.633, 151
Trd, 000210.733, 150
Trd, 000211.817, 151
Trd, 000212.183, 151
Trd, 000212.300, 151.0
Trd, 000212.700, 153
Trd, 000214.150, 151
Trd, 000214.383, 149
Trd, 000215.017, 151
Trd, 000215.817, 150
Trd, 000216.433, 148.0
Trd, 000217.183, 149.0
Trd, 000217.233, 150
Trd, 000217.867, 151.0
Trd, 000219.433, 149
Trd, 000219.667, 149
Trd, 000220.167, 151
Trd, 000221.283, 151
Trd, 000221.550, 150
Trd, 000221.900, 151
Trd, 000222.200, 155.0
Trd, 000222.350, 156.0
Trd, 000224.267, 154
Trd, 000224.383, 153
Trd, 000225.550, 151
Trd, 000225.583, 152
Trd, 000225.750, 154
Trd, 000226.500, 152
Trd, 000226.933, 155.0
Trd, 000227.550, 151
Trd, 000229.833, 151
Trd, 000229.933, 152
Trd, 000230.050, 151
Trd, 000230.317, 150
Trd, 000230.850, 151
Trd, 000230.900, 151
Trd, 000233.250, 151
Trd, 000233.467, 151
Trd, 000234.450, 152
Trd, 000234.733, 152
Trd, 000234.950, 150
Trd, 000235.583, 151
Trd, 000235.733, 148
Trd, 000236.050, 148.0
Trd, 000236.667, 144.0
Trd, 000236.750, 152
Trd, 000237.200, 156.0
Trd, 000237.400, 156.0
Trd, 000237.433, 162.0
Trd, 000237.683, 182.0
Trd, 000238.167, 156.0
Trd, 000239.333, 159.0
Trd, 000239.417, 158
Trd, 000240.383, 157
Trd, 000241.033, 156
Trd, 000241.567, 155.0
Trd, 000241.700, 157.0
Trd, 000242.217, 156
Trd, 000242.317, 154
Trd, 000242.733, 153
Trd, 000242.800, 151.0
Trd, 000243.117, 148.0
Trd, 000243.483, 151
Trd, 000243.650, 145.0
Trd, 000243.867, 150
Trd, 000244.050, 149
Trd, 000244.117, 150
Trd, 000244.767, 151.0
Trd, 000246.467, 138
Trd, 000246.667, 141.0
Trd, 000247.733, 145
Trd, 000247.900, 145
Trd, 000247.983, 162.0
Trd, 000249.350, 162.0
Trd, 000249.450, 150
Trd, 000249.533, 151
Trd, 000250.183, 151
Trd, 000250.267, 148
Trd, 000250.433, 145
Trd, 000250.883, 148
Trd, 000251.200, 147
Trd, 000251.367, 150
Trd, 000251.833, 150.0
Trd, 000252.317, 144.0
Trd, 000252.783, 146.0
Trd, 000252.983, 146
Trd, 000253.183, 147.0
Trd, 000253.667, 136
Trd, 000253.817, 136
Trd, 000253.883, 140
Trd, 000254.200, 147.0
Trd, 000254.467, 148.0
Trd, 000255.400, 149
Trd, 000256.033, 151
Trd, 000256.083, 148
Trd, 000256.483, 149.0
Trd, 000256.700, 149.0
Trd, 000257.150, 148.0
Trd, 000257.800, 148
Trd, 000257.967, 149
Trd, 000257.983, 147
Trd, 000258.883, 148
Trd, 000259.033, 147
Trd, 000259.133, 146
Trd, 000259.517, 148
Trd, 000259.900, 148
Trd, 000260.467, 151.0
Trd, 000260.733, 150
Trd, 000261.083, 151
Trd, 000261.567, 158.0
Trd, 000262.183, 150
Trd, 000262.467, 158.0
Trd, 000263.067, 146
Trd, 000263.567, 147.0
Trd, 000263.617, 148.0
Trd, 000264.000, 148
Trd, 000264.183, 151.0
Trd, 000265.517, 149
Trd, 000265.750, 151.0
Trd, 000265.983, 149
Trd, 000266.150, 149
Trd, 000266.417, 149
Trd, 000266.650, 151
Trd, 000267.217, 151
Trd, 000268.800, 151
Trd, 000269.083, 151.0
Trd, 000269.233, 150
Trd, 000269.383, 151
Trd, 000269.533, 158.0
Trd, 000270.133, 151.0
Trd, 000270.167, 152
Trd, 000270.200, 153
Trd, 000270.217, 148.0
Trd, 000270.800, 157.0
Trd, 000271.667, 151.0
Trd, 000271.800, 150
Trd, 000272.633, 154
Trd, 000272.667, 149
Trd, 000272.700, 149
Trd, 000272.717, 144.0
Trd, 000273.700, 145
Trd, 000274.050, 136
Trd, 000274.517, 139
Trd, 000275.100, 142
Trd, 000275.367, 142
Trd, 000275.717, 141
Trd, 000276.167, 141
Trd, 000276.550, 142
Trd, 000277.183, 141
Trd, 000277.483, 144
Trd, 000278.267, 145
Trd, 000278.500, 141.0
Trd, 000278.917, 148.0
Trd, 000279.267, 142
Trd, 000279.500, 149.0
Trd, 000279.950, 143
Trd, 000280.583, 147
Trd, 000280.700, 156.0
Trd, 000281.683, 145
Trd, 000283.550, 147.0
Trd, 000284.100, 146
Trd, 000284.367, 148.0
Trd, 000284.483, 147
Trd, 000284.917, 148
Trd, 000285.350, 148.0
Trd, 000286.217, 147
Trd, 000286.333, 148
Trd, 000286.400, 149.0
Trd, 000286.417, 147
Trd, 000286.517, 151.0
Trd, 000286.767, 145
Trd, 000287.217, 150
Trd, 000287.550, 145
Trd, 000288.267, 145.0
Trd, 000288.550, 144
Trd, 000289.367, 146
Trd, 000289.550, 146
Trd, 000289.983, 145
Trd, 000290.000, 143
Trd, 000290.067, 143
Trd, 000290.717, 147
Trd, 000291.583, 147
Trd, 000291.850, 150
Trd, 000292.167, 144
Trd, 000292.283, 145
Trd, 000292.883, 148.0
Trd, 000293.167, 145
Trd, 000294.550, 151.0
Trd, 000294.767, 162.0
Trd, 000295.217, 150
Trd, 000295.267, 158.0
Trd, 000295.517, 152
Trd, 000296.217, 151.0
Trd, 000297.000, 151
Trd, 000297.050, 150
Trd, 000297.117, 149
Trd, 000297.617, 148.0
Trd, 000297.950, 151
Trd, 000298.167, 149
Trd, 000298.283, 153
Trd, 000298.783, 144.0
Trd, 000299.583, 150
