Trd, 000002.033, 155.0
Trd, 000002.583, 162.0
Trd, 000003.317, 138
Trd, 000003.467, 138
Trd, 000004.650, 143
Trd, 000004.733, 154
Trd, 000005.550, 157
Trd, 000005.767, 143
Trd, 000007.517, 160
Trd, 000008.350, 167
Trd, 000008.717, 160
Trd, 000009.250, 160
Trd, 000009.317, 162.0
Trd, 000010.533, 157
Trd, 000010.767, 155.0
Trd, 000010.967, 155.0
Trd, 000011.100, 154
Trd, 000011.133, 153
Trd, 000011.317, 163
Trd, 000012.300, 160
Trd, 000012.683, 151
Trd, 000014.317, 155.0
Trd, 000014.550, 159
Trd, 000014.850, 162
Trd, 000015.683, 159
Trd, 000017.483, 158.0
Trd, 000017.883, 160
Trd, 000018.617, 159.0
Trd, 000018.717, 157.0
Trd, 000019.733, 162.0
Trd, 000020.067, 157
Trd, 000020.117, 160
Trd, 000020.233, 155.0
Trd, 000020.767, 160
Trd, 000020.950, 165
Trd, 000021.350, 157
Trd, 000022.333, 166
Trd, 000022.450, 165.0
Trd, 000023.300, 155.0
Trd, 000023.500, 145.0
Trd, 000023.733, 140
Trd, 000025.300, 151.0
Trd, 000025.900, 153
Trd, 000026.017, 161
Trd, 000026.683, 162.0
Trd, 000027.100, 156
Trd, 000027.783, 156.0
Trd, 000027.800, 157
Trd, 000028.383, 155.0
Trd, 000029.000, 154
Trd, 000030.233, 160
Trd, 000031.950, 157
Trd, 000032.200, 159
Trd, 000032.233, 167
Trd, 000032.533, 168.0
Trd, 000033.883, 170.0
Trd, 000034.233, 170
Trd, 000034.567, 166.0
Trd, 000034.950, 167
Trd, 000035.767, 165.0
Trd, 000036.500, 167
Trd, 000036.950, 167
Trd, 000037.400, 165.0
Trd, 000037.417, 164
Trd, 000037.583, 155.0
Trd, 000038.783, 147
Trd, 000039.100, 151.0
Trd, 000039.900, 155.0
Trd, 000040.233, 153
Trd, 000040.667, 154
Trd, 000041.583, 151.0
Trd, 000041.800, 151
Trd, 000042.550, 153
Trd, 000042.567, 166
Trd, 000043.583, 155
Trd, 000044.700, 152
Trd, 000045.250, 141
Trd, 000045.533, 138
Trd, 000045.550, 156
Trd, 000046.033, 157
Trd, 000046.400, 162.0
Trd, 000049.400, 147
Trd, 000049.617, 142
Trd, 000050.083, 148
Trd, 000050.933, 146
Trd, 000051.517, 146
Trd, 000051.617, 144
Trd, 000053.167, 146
Trd, 000053.567, 151
Trd, 000053.650, 151.0
Trd, 000054.017, 155.0
Trd, 000054.517, 156
Trd, 000055.017, 168.0
Trd, 000057.067, 154
Trd, 000057.483, 155.0
Trd, 000057.767, 153
Trd, 000057.950, 158
Trd, 000058.333, 155
Trd, 000058.600, 162.0
Trd, 000059.400, 159
Trd, 000059.483, 157
Trd, 000060.150, 159
Trd, 000060.267, 165
Trd, 000060.750, 156
Trd, 000061.883, 162
Trd, 000062.067, 156
Trd, 000062.383, 155.0
Trd, 000063.767, 162
Trd, 000064.700, 155.0
Trd, 000064.717, 162.0
Trd, 000064.933, 153
Trd, 000065.967, 162
Trd, 000066.017, 154
Trd, 000067.233, 165.0
Trd, 000067.833, 166
Trd, 000069.433, 168.0
Trd, 000070.850, 163
Trd, 000071.117, 162
Trd, 000071.300, 161
Trd, 000071.883, 160
Trd, 000072.100, 155.0
Trd, 000072.617, 159
Trd, 000072.883, 157
Trd, 000073.017, 162.0
Trd, 000073.267, 165
Trd, 000073.667, 165
Trd, 000074.683, 163
Trd, 000074.783, 164
Trd, 000075.200, 144.0
Trd, 000076.183, 157
Trd, 000076.867, 156
Trd, 000077.467, 151.0
Trd, 000078.383, 153
Trd, 000078.700, 152
Trd, 000079.467, 155
Trd, 000080.150, 153
Trd, 000080.217, 155.0
Trd, 000080.667, 155
Trd, 000080.983, 162.0
Trd, 000081.300, 151
Trd, 000081.633, 169
Trd, 000082.033, 151.0
Trd, 000083.417, 159
Trd, 000083.600, 166
Trd, 000083.883, 157
Trd, 000084.783, 161
Trd, 000085.017, 159
Trd, 000086.250, 158
Trd, 000086.783, 161
Trd, 000087.183, 155.0
Trd, 000088.683, 151.0
Trd, 000089.933, 153
Trd, 000090.583, 153
Trd, 000091.683, 154
Trd, 000091.967, 152
Trd, 000092.883, 155
Trd, 000093.083, 155.0
Trd, 000093.367, 150.0
Trd, 000095.133, 155
Trd, 000095.533, 155.0
Trd, 000096.750, 156
Trd, 000097.400, 156
Trd, 000097.433, 155
Trd, 000098.267, 157
Trd, 000099.233, 159
Trd, 000099.567, 160
Trd, 000100.250, 160.0
Trd, 000100.633, 161
Trd, 000100.650, 162.0
Trd, 000101.067, 155.0
Trd, 000101.550, 163
Trd, 000102.367, 163
Trd, 000102.417, 165
Trd, 000102.600, 168.0
Trd, 000103.383, 159
Trd, 000103.550, 165.0
Trd, 000103.683, 159
Trd, 000104.517, 165
Trd, 000104.767, 166
Trd, 000104.867, 160
Trd, 000106.300, 164
Trd, 000107.667, 162
Trd, 000107.800, 165
Trd, 000108.850, 150.0
Trd, 000109.567, 151.0
Trd, 000109.633, 149.0
Trd, 000109.717, 160
Trd, 000111.183, 151.0
Trd, 000111.350, 155.0
Trd, 000111.533, 156
Trd, 000112.050, 156
Trd, 000112.850, 144.0
Trd, 000112.967, 165.0
Trd, 000113.150, 168.0
Trd, 000113.950, 165
Trd, 000114.050, 154
Trd, 000116.033, 161
Trd, 000116.883, 162.0
Trd, 000117.200, 162
Trd, 000117.433, 162
Trd, 000117.567, 163
Trd, 000117.633, 144
Trd, 000117.700, 151.0
Trd, 000118.183, 158
Trd, 000120.050, 150
Trd, 000120.533, 142
Trd, 000121.883, 151.0
Trd, 000121.983, 152
Trd, 000122.267, 162.0
Trd, 000122.367, 165
Trd, 000122.433, 162
Trd, 000122.617, 168.0
Trd, 000123.950, 157
Trd, 000124.017, 155.0
Trd, 000125.000, 159
Trd, 000125.833, 145
Trd, 000126.950, 156
Trd, 000128.117, 172
Trd, 000128.950, 157
Trd, 000129.150, 155.0
Trd, 000129.700, 160
Trd, 000130.500, 161
Trd, 000130.850, 164
Trd, 000130.883, 165
Trd, 000132.183, 158
Trd, 000132.800, 157
Trd, 000133.083, 144.0
Trd, 000133.150, 162
Trd, 000133.900, 159
Trd, 000134.367, 159
Trd, 000136.200, 159
Trd, 000136.600, 167.0
Trd, 000136.850, 168.0
Trd, 000137.067, 155
Trd, 000138.300, 158
Trd, 000138.617, 163
Trd, 000138.717, 157
Trd, 000138.917, 166
Trd, 000139.583, 164
Trd, 000139.817, 165
Trd, 000140.967, 160
Trd, 000141.233, 162.0
Trd, 000141.817, 148
Trd, 000142.833, 151
Trd, 000143.717, 152
Trd, 000144.400, 155.0
Trd, 000144.450, 166
Trd, 000144.700, 151.0
Trd, 000145.800, 153
Trd, 000146.217, 155
Trd, 000147.017, 155
Trd, 000147.567, 156
Trd, 000148.117, 151
Trd, 000148.233, 162.0
Trd, 000148.883, 167
Trd, 000149.767, 162
Trd, 000150.767, 155
Trd, 000151.350, 156
Trd, 000151.650, 156.0
Trd, 000153.167, 158
Trd, 000153.333, 156
Trd, 000154.133, 154
Trd, 000156.017, 146.0
Trd, 000156.250, 157
Trd, 000157.267, 158
Trd, 000157.783, 156
Trd, 000158.233, 152
Trd, 000158.750, 155.0
Trd, 000158.817, 152
Trd, 000159.433, 164
Trd, 000159.583, 168.0
Trd, 000161.833, 155
Trd, 000162.167, 159
Trd, 000162.433, 155.0
Trd, 000162.583, 154
Trd, 000163.050, 156
Trd, 000163.567, 155
Trd, 000164.017, 156
Trd, 000165.883, 156
Trd, 000166.917, 153.0
Trd, 000167.333, 155
Trd, 000167.983, 155
Trd, 000168.017, 155.0
Trd, 000168.033, 162.0
Trd, 000168.950, 156.0
Trd, 000169.683, 155
Trd, 000169.733, 158
Trd, 000171.167, 146.0
Trd, 000171.217, 154
Trd, 000171.933, 155
Trd, 000172.983, 154
Trd, 000173.167, 145.0
Trd, 000173.417, 156
Trd, 000173.833, 151.0
Trd, 000173.867, 162.0
Trd, 000175.217, 146.0
Trd, 000177.483, 153
Trd, 000178.700, 151
Trd, 000178.800, 151.0
Trd, 000179.083, 150
Trd, 000179.567, 150
Trd, 000180.667, 150
Trd, 000181.200, 152
Trd, 000182.467, 155.0
Trd, 000182.567, 154
Trd, 000182.617, 162.0
Trd, 000182.750, 165
Trd, 000183.000, 168.0
Trd, 000183.550, 155.0
Trd, 000185.100, 163
Trd, 000185.733, 160
Trd, 000185.933, 161
Trd, 000186.083, 160
Trd, 000186.467, 159
Trd, 000188.567, 147
Trd, 000190.417, 157
Trd, 000190.733, 160
Trd, 000190.950, 159
Trd, 000191.033, 162.0
Trd, 000191.783, 161
Trd, 000192.050, 161
Trd, 000192.217, 158.0
Trd, 000193.017, 162.0
Trd, 000193.783, 162
Trd, 000194.550, 164
Trd, 000194.800, 160.0
Trd, 000195.000, 157
Trd, 000195.183, 142
Trd, 000196.300, 150
Trd, 000197.050, 145
Trd, 000198.717, 152
Trd, 000199.250, 152
Trd, 000200.517, 152
Trd, 000200.567, 155.0
Trd, 000200.633, 162.0
Trd, 000201.450, 150
Trd, 000201.950, 151.0
Trd, 000202.133, 149
Trd, 000202.683, 157
Trd, 000202.867, 150
Trd, 000203.050, 165
Trd, 000203.533, 165.0
Trd, 000203.717, 163
Trd, 000204.250, 157
Trd, 000206.033, 155
Trd, 000206.333, 163
Trd, 000206.400, 154
Trd, 000207.100, 165
Trd, 000207.783, 161
Trd, 000208.133, 165
Trd, 000209.067, 155.0
Trd, 000209.567, 146.0
Trd, 000210.383, 159
Trd, 000210.533, 158
Trd, 000211.517, 158
Trd, 000211.950, 158
Trd, 000212.583, 156.0
Trd, 000212.733, 159
Trd, 000212.967, 165.0
Trd, 000214.700, 162
Trd, 000214.733, 158
Trd, 000215.000, 155.0
Trd, 000215.400, 155
Trd, 000216.250, 149
Trd, 000217.050, 162.0
Trd, 000217.133, 162
Trd, 000218.250, 161
Trd, 000218.817, 160
Trd, 000219.800, 154.0
Trd, 000220.183, 155.0
Trd, 000220.250, 158
Trd, 000220.633, 154.0
Trd, 000221.883, 158
Trd, 000223.017, 157.0
Trd, 000223.450, 158
Trd, 000225.250, 160
Trd, 000225.417, 158
Trd, 000225.733, 161
Trd, 000225.767, 157
Trd, 000226.117, 157
Trd, 000226.783, 162.0
Trd, 000227.117, 161
Trd, 000227.983, 155.0
Trd, 000228.150, 165
Trd, 000228.367, 145
Trd, 000228.617, 175.0
Trd, 000229.300, 144.0
Trd, 000229.683, 164
Trd, 000230.383, 169.0
Trd, 000230.500, 168.0
Trd, 000230.883, 166.0
Trd, 000231.500, 166
Trd, 000232.067, 165.0
Trd, 000232.183, 161
Trd, 000232.983, 144.0
Trd, 000234.500, 155.0
Trd, 000234.933, 154
Trd, 000235.400, 155
Trd, 000235.567, 151
Trd, 000235.883, 151.0
Trd, 000236.650, 151
Trd, 000237.050, 143
Trd, 000238.233, 162.0
Trd, 000238.500, 168.0
Trd, 000238.600, 175.0
Trd, 000239.417, 155.0
Trd, 000239.933, 154
Trd, 000240.850, 149
Trd, 000241.250, 149
Trd, 000241.267, 147
Trd, 000241.633, 145
Trd, 000241.900, 146
Trd, 000242.000, 145.0
Trd, 000242.350, 145.0
Trd, 000242.867, 147
Trd, 000243.500, 147
Trd, 000243.967, 148
Trd, 000244.000, 149
Trd, 000244.183, 162.0
Trd, 000244.917, 151.0
Trd, 000245.750, 159.0
Trd, 000245.917, 147
Trd, 000245.933, 153
Trd, 000247.100, 154
Trd, 000247.167, 152
Trd, 000247.433, 154
Trd, 000247.450, 155.0
Trd, 000247.517, 158.0
Trd, 000247.583, 150
Trd, 000248.133, 150
Trd, 000248.183, 149
Trd, 000248.233, 155
Trd, 000248.550, 153
Trd, 000249.767, 148
Trd, 000249.983, 146
Trd, 000250.167, 149
Trd, 000250.283, 150
Trd, 000250.800, 153.0
Trd, 000251.700, 145.0
Trd, 000252.050, 145
Trd, 000252.850, 151.0
Trd, 000253.000, 152.0
Trd, 000253.700, 151.0
Trd, 000253.717, 152.0
Trd, 000254.083, 153
Trd, 000254.400, 151
Trd, 000255.267, 151
Trd, 000255.533, 151
Trd, 000255.817, 152.0
Trd, 000256.233, 153
Trd, 000256.450, 155.0
Trd, 000256.817, 158.0
Trd, 000257.333, 154.0
Trd, 000257.417, 153.0
Trd, 000258.700, 153
Trd, 000259.033, 155.0
Trd, 000259.917, 152
Trd, 000259.983, 153
Trd, 000260.533, 153
Trd, 000260.867, 155
Trd, 000261.350, 153.0
Trd, 000261.383, 156.0
Trd, 000261.783, 154.0
Trd, 000261.867, 152.0
Trd, 000261.983, 156
Trd, 000262.150, 151.0
Trd, 000262.950, 153
Trd, 000263.417, 151
Trd, 000264.400, 152
Trd, 000265.150, 151.0
Trd, 000266.100, 154
Trd, 000266.200, 154
Trd, 000266.467, 155.0
Trd, 000266.750, 158.0
Trd, 000266.967, 153.0
Trd, 000267.350, 156
Trd, 000268.167, 161.0
Trd, 000269.017, 160.0
Trd, 000269.067, 159.0
Trd, 000269.233, 162.0
Trd, 000270.067, 160
Trd, 000270.117, 168.0
Trd, 000270.567, 159
Trd, 000270.583, 162.0
Trd, 000270.683, 158
Trd, 000270.700, 158.0
Trd, 000271.533, 157
Trd, 000271.867, 162
Trd, 000272.667, 157.0
Trd, 000272.850, 155.0
Trd, 000273.917, 158.0
Trd, 000274.483, 157
Trd, 000274.517, 161
Trd, 000274.850, 156
Trd, 000275.133, 162.0
Trd, 000275.517, 163
Trd, 000276.200, 156
Trd, 000276.583, 158
Trd, 000277.050, 154
Trd, 000277.300, 158.0
Trd, 000277.350, 160
Trd, 000277.617, 152.0
Trd, 000277.650, 151.0
Trd, 000278.667, 145.0
Trd, 000279.367, 151.0
Trd, 000279.700, 152
Trd, 000280.317, 147.0
Trd, 000280.333, 150
Trd, 000280.400, 144.0
Trd, 000280.850, 142.0
Trd, 000281.867, 148
Trd, 000282.050, 146
Trd, 000283.133, 148
Trd, 000283.167, 148
Trd, 000283.433, 147
Trd, 000283.833, 155.0
Trd, 000284.617, 151
Trd, 000284.783, 149
Trd, 000285.300, 148.0
Trd, 000285.683, 158.0
Trd, 000285.883, 162.0
Trd, 000286.050, 151.0
Trd, 000286.633, 153
Trd, 000287.300, 154
Trd, 000287.517, 153.0
Trd, 000287.550, 155.0
Trd, 000288.150, 156
Trd, 000288.250, 162.0
Trd, 000288.567, 151.0
Trd, 000289.050, 150
Trd, 000289.167, 136
Trd, 000289.250, 152
Trd, 000289.650, 152
Trd, 000290.767, 150
Trd, 000290.833, 146
Trd, 000291.050, 144.0
Trd, 000291.667, 152
Trd, 000292.783, 142
Trd, 000292.800, 141
Trd, 000294.267, 150
Trd, 000294.467, 150
Trd, 000294.833, 144
Trd, 000295.567, 155.0
Trd, 000295.767, 151.0
Trd, 000296.033, 152
Trd, 000296.117, 146
Trd, 000296.700, 141
Trd, 000296.767, 140
Trd, 000296.800, 150
Trd, 000296.850, 150
Trd, 000297.083, 150
Trd, 000297.900, 151.0
Trd, 000298.033, 150
Trd, 000298.250, 158.0
Trd, 000298.400, 165
Trd, 000298.433, 168.0
Trd, 000299.833, 143
