Trd, 000002.150, 141.0
Trd, 000003.167, 143
Trd, 000003.283, 138
Trd, 000003.833, 143
Trd, 000003.983, 148.0
Trd, 000004.100, 151.0
Trd, 000004.367, 150
Trd, 000005.867, 152.0
Trd, 000006.200, 158.0
Trd, 000007.483, 165.0
Trd, 000008.167, 156
Trd, 000008.967, 156
Trd, 000009.233, 156
Trd, 000009.367, 153
Trd, 000011.133, 154
Trd, 000011.533, 153
Trd, 000011.883, 150
Trd, 000012.733, 142.0
Trd, 000013.067, 150
Trd, 000013.600, 146
Trd, 000014.100, 146
Trd, 000014.500, 142.0
Trd, 000015.533, 145
Trd, 000017.883, 142.0
Trd, 000017.917, 150.0
Trd, 000018.067, 151.0
Trd, 000018.267, 141
Trd, 000019.117, 150
Trd, 000019.583, 150
Trd, 000019.717, 147
Trd, 000020.650, 153
Trd, 000021.317, 144.0
Trd, 000022.250, 145
Trd, 000022.333, 144
Trd, 000022.433, 146
Trd, 000022.650, 148
Trd, 000023.000, 149
Trd, 000023.333, 150.0
Trd, 000025.417, 158.0
Trd, 000026.167, 156
Trd, 000026.200, 165.0
Trd, 000026.550, 155
Trd, 000026.933, 154
Trd, 000026.950, 164.0
Trd, 000027.183, 162
Trd, 000028.217, 151
Trd, 000028.283, 149
Trd, 000030.567, 149
Trd, 000030.733, 148
Trd, 000030.900, 150
Trd, 000031.733, 142.0
Trd, 000033.033, 149
Trd, 000033.567, 149
Trd, 000034.400, 151.0
Trd, 000035.267, 155.0
Trd, 000035.783, 158.0
Trd, 000036.550, 154
Trd, 000037.000, 154
Trd, 000037.617, 153
Trd, 000037.667, 154
Trd, 000038.750, 164.0
Trd, 000039.050, 157
Trd, 000039.567, 156
Trd, 000040.767, 156
Trd, 000041.450, 154
Trd, 000041.683, 158.0
Trd, 000042.533, 162.0
Trd, 000043.417, 151
Trd, 000043.883, 146.0
Trd, 000045.500, 148.0
Trd, 000046.183, 148
Trd, 000046.217, 149
Trd, 000046.567, 148
Trd, 000046.717, 148.0
Trd, 000047.200, 149.0
Trd, 000047.300, 149
Trd, 000047.700, 157.0
Trd, 000049.283, 155
Trd, 000049.533, 155
Trd, 000050.283, 154
Trd, 000050.333, 152
Trd, 000051.200, 136
Trd, 000051.967, 158.0
Trd, 000053.767, 161.0
Trd, 000053.833, 155
Trd, 000053.933, 162.0
Trd, 000054.000, 154
Trd, 000055.567, 153
Trd, 000056.000, 153
Trd, 000056.333, 155
Trd, 000056.750, 141.0
Trd, 000056.783, 153
Trd, 000057.483, 136
Trd, 000057.567, 129
Trd, 000058.050, 151
Trd, 000058.550, 129
Trd, 000058.600, 153
Trd, 000059.783, 142
Trd, 000060.250, 152
Trd, 000061.550, 145
Trd, 000062.433, 143
Trd, 000062.950, 151.0
Trd, 000063.000, 151
Trd, 000063.100, 142.0
Trd, 000063.783, 151
Trd, 000063.800, 158.0
Trd, 000065.117, 143
Trd, 000065.567, 142
Trd, 000066.033, 151
Trd, 000067.717, 148
Trd, 000067.850, 147
Trd, 000068.350, 149.0
Trd, 000068.833, 150.0
Trd, 000069.033, 146
Trd, 000069.117, 151.0
Trd, 000070.000, 155
Trd, 000070.167, 148
Trd, 000072.033, 148
Trd, 000072.917, 148
Trd, 000073.083, 149
Trd, 000073.750, 151.0
Trd, 000074.717, 145.0
Trd, 000075.300, 157.0
Trd, 000075.333, 158.0
Trd, 000076.317, 148
Trd, 000077.783, 152
Trd, 000077.850, 153
Trd, 000077.950, 152
Trd, 000078.350, 152
Trd, 000078.483, 151
Trd, 000079.417, 136
Trd, 000079.617, 149
Trd, 000079.933, 151
Trd, 000081.467, 144
Trd, 000081.650, 152
Trd, 000081.867, 153
Trd, 000082.350, 158.0
Trd, 000083.967, 151.0
Trd, 000084.050, 151.0
Trd, 000084.517, 151.0
Trd, 000084.683, 150.0
Trd, 000085.450, 151
Trd, 000086.100, 150
Trd, 000086.550, 141.0
Trd, 000087.250, 128
Trd, 000087.367, 150.0
Trd, 000087.783, 128
Trd, 000087.950, 135
Trd, 000088.117, 149.0
Trd, 000088.867, 148
Trd, 000090.817, 150
Trd, 000090.917, 151.0
Trd, 000091.283, 158.0
Trd, 000091.483, 152
Trd, 000091.600, 150
Trd, 000092.567, 152
Trd, 000093.183, 158
Trd, 000093.233, 150
Trd, 000094.133, 141.0
Trd, 000094.967, 155.0
Trd, 000095.017, 156.0
Trd, 000096.033, 150
Trd, 000097.400, 151
Trd, 000097.450, 152
Trd, 000097.867, 152
Trd, 000098.283, 150
Trd, 000098.633, 155
Trd, 000099.317, 156
Trd, 000099.333, 155
Trd, 000099.783, 164.0
Trd, 000100.900, 147
Trd, 000101.783, 155
Trd, 000103.433, 151
Trd, 000103.567, 150
Trd, 000104.133, 141.0
Trd, 000104.683, 145
Trd, 000105.650, 145
Trd, 000106.117, 145
Trd, 000106.217, 146
Trd, 000106.767, 146
Trd, 000106.817, 145
Trd, 000107.250, 147
Trd, 000107.633, 145
Trd, 000108.050, 151.0
Trd, 000109.250, 144
Trd, 000109.367, 152
Trd, 000109.767, 149
Trd, 000111.083, 143.0
Trd, 000111.733, 147
Trd, 000111.817, 147
Trd, 000112.750, 149.0
Trd, 000113.333, 149
Trd, 000113.667, 150
Trd, 000113.983, 149
Trd, 000114.017, 147
Trd, 000114.233, 150.0
Trd, 000115.033, 147
Trd, 000115.433, 151.0
Trd, 000115.850, 142.0
Trd, 000116.083, 156.0
Trd, 000116.200, 141.0
Trd, 000116.483, 143
Trd, 000117.433, 158.0
Trd, 000117.450, 149
Trd, 000117.550, 165.0
Trd, 000118.133, 137
Trd, 000118.717, 137
Trd, 000120.583, 140
Trd, 000121.667, 143
Trd, 000122.283, 143
Trd, 000122.683, 142.0
Trd, 000122.733, 144
Trd, 000123.733, 144
Trd, 000125.000, 144.0
Trd, 000125.067, 146.0
Trd, 000125.950, 136
Trd, 000126.083, 149.0
Trd, 000126.767, 150.0
Trd, 000126.917, 151.0
Trd, 000127.483, 158.0
Trd, 000127.850, 152
Trd, 000128.300, 153
Trd, 000128.500, 152
Trd, 000128.817, 153
Trd, 000129.133, 152
Trd, 000129.983, 142
Trd, 000130.633, 151
Trd, 000130.817, 151.0
Trd, 000131.833, 152
Trd, 000132.500, 158.0
Trd, 000133.533, 150
Trd, 000133.900, 151
Trd, 000134.767, 152
Trd, 000135.317, 141.0
Trd, 000135.433, 148
Trd, 000136.850, 139
Trd, 000137.000, 143
Trd, 000137.433, 140
Trd, 000137.550, 135
Trd, 000138.000, 143
Trd, 000138.400, 143.0
Trd, 000138.517, 151.0
Trd, 000138.800, 157.0
Trd, 000139.350, 148
Trd, 000140.883, 142.0
Trd, 000141.650, 148.0
Trd, 000141.667, 144
Trd, 000141.833, 149
Trd, 000143.517, 148
Trd, 000144.933, 148.0
Trd, 000144.967, 147
Trd, 000145.100, 149
Trd, 000145.983, 148
Trd, 000146.467, 150
Trd, 000146.517, 151.0
Trd, 000148.033, 149
Trd, 000148.167, 148
Trd, 000148.467, 148
Trd, 000149.600, 146
Trd, 000149.767, 141.0
Trd, 000150.317, 146
Trd, 000151.133, 140
Trd, 000151.300, 146
Trd, 000152.150, 146
Trd, 000153.483, 147
Trd, 000153.533, 146
Trd, 000153.733, 147
Trd, 000155.117, 145.0
Trd, 000155.917, 153.0
Trd, 000156.033, 148.0
Trd, 000156.533, 149
Trd, 000157.167, 149
Trd, 000157.433, 151.0
Trd, 000157.833, 141.0
Trd, 000158.283, 150.0
Trd, 000158.483, 137
Trd, 000159.367, 150.0
Trd, 000159.917, 157.0
Trd, 000162.017, 153
Trd, 000162.567, 157.0
Trd, 000162.783, 158.0
Trd, 000163.117, 156
Trd, 000163.467, 165.0
Trd, 000163.483, 154
Trd, 000165.250, 157
Trd, 000166.133, 159
Trd, 000166.600, 163.0
Trd, 000166.783, 157
Trd, 000167.017, 161.0
Trd, 000168.733, 159
Trd, 000169.450, 158
Trd, 000169.667, 159
Trd, 000169.683, 157
Trd, 000169.733, 156
Trd, 000170.950, 146
Trd, 000171.683, 157
Trd, 000172.083, 150
Trd, 000173.967, 146
Trd, 000175.050, 150
Trd, 000175.067, 150
Trd, 000175.117, 151
Trd, 000175.983, 149.0
Trd, 000177.100, 148.0
Trd, 000177.350, 149.0
Trd, 000177.667, 149.0
Trd, 000177.683, 151.0
Trd, 000178.083, 150.0
Trd, 000178.383, 150
Trd, 000178.983, 149.0
Trd, 000179.550, 142
Trd, 000179.733, 141.0
Trd, 000179.817, 150
Trd, 000180.567, 154.0
Trd, 000180.733, 148
Trd, 000181.500, 149
Trd, 000181.850, 152.0
Trd, 000182.267, 154.0
Trd, 000183.150, 149
Trd, 000184.233, 150
Trd, 000185.500, 151
Trd, 000185.517, 152
Trd, 000186.183, 151
Trd, 000186.633, 151
Trd, 000186.883, 151
Trd, 000187.067, 149
Trd, 000187.633, 151
Trd, 000188.167, 141.0
Trd, 000188.733, 151
Trd, 000189.683, 152
Trd, 000191.167, 146.0
Trd, 000192.650, 151
Trd, 000192.900, 150.0
Trd, 000193.450, 151
Trd, 000193.883, 150
Trd, 000194.250, 150
Trd, 000194.383, 141.0
Trd, 000195.017, 147
Trd, 000196.733, 147
Trd, 000196.783, 146
Trd, 000197.350, 146
Trd, 000197.733, 148.0
Trd, 000198.400, 157.0
Trd, 000198.467, 147
Trd, 000198.483, 158.0
Trd, 000199.400, 146
Trd, 000199.850, 153
Trd, 000199.983, 153
Trd, 000200.167, 142
Trd, 000201.033, 155
Trd, 000201.933, 155
Trd, 000202.733, 151
Trd, 000203.567, 142
Trd, 000203.950, 149
Trd, 000204.450, 149
Trd, 000204.950, 150
Trd, 000205.117, 144.0
Trd, 000206.133, 143.0
Trd, 000206.883, 149
Trd, 000207.400, 150
Trd, 000207.783, 151.0
Trd, 000209.850, 152
Trd, 000210.150, 155.0
Trd, 000210.500, 152
Trd, 000210.583, 155.0
Trd, 000211.217, 152
Trd, 000211.533, 151
Trd, 000211.933, 155.0
Trd, 000212.017, 145
Trd, 000212.517, 154
Trd, 000213.033, 155
Trd, 000213.083, 151.0
Trd, 000213.683, 165.0
Trd, 000214.017, 154.0
Trd, 000214.933, 154.0
Trd, 000215.467, 154.0
Trd, 000215.667, 154.0
Trd, 000216.917, 142.0
Trd, 000218.367, 149
Trd, 000218.417, 151
Trd, 000219.250, 151.0
Trd, 000219.333, 158.0
Trd, 000219.617, 168.0
Trd, 000220.267, 155
Trd, 000220.783, 156
Trd, 000220.833, 155
Trd, 000221.817, 153
Trd, 000221.900, 151
Trd, 000223.383, 143.0
Trd, 000223.700, 148
Trd, 000225.000, 147
Trd, 000225.300, 147
Trd, 000225.583, 148.0
Trd, 000226.750, 147
Trd, 000226.950, 145.0
Trd, 000227.500, 142
Trd, 000227.617, 151.0
Trd, 000228.117, 158.0
Trd, 000228.817, 152
Trd, 000229.050, 147
Trd, 000229.300, 148
Trd, 000230.650, 152
Trd, 000230.950, 150
Trd, 000232.433, 150
Trd, 000232.800, 151
Trd, 000232.883, 152
Trd, 000233.417, 150
Trd, 000233.500, 149
Trd, 000234.583, 151.0
Trd, 000235.083, 151
Trd, 000235.817, 153
Trd, 000236.017, 150
Trd, 000236.867, 148
Trd, 000237.250, 150.0
Trd, 000239.150, 147
Trd, 000239.400, 146
Trd, 000240.217, 142.0
Trd, 000240.633, 141.0
Trd, 000240.700, 143.0
Trd, 000240.767, 142.0
Trd, 000240.883, 141
Trd, 000241.150, 144.0
Trd, 000241.283, 148.0
Trd, 000241.433, 146
Trd, 000241.683, 146
Trd, 000241.800, 148
Trd, 000242.117, 147
Trd, 000242.167, 149.0
Trd, 000242.600, 150.0
Trd, 000243.217, 151.0
Trd, 000243.900, 157
Trd, 000244.233, 157.0
Trd, 000244.750, 159
Trd, 000244.783, 158.0
Trd, 000245.183, 156
Trd, 000245.400, 156
Trd, 000245.617, 159.0
Trd, 000246.650, 156.0
Trd, 000246.733, 156.0
Trd, 000246.950, 155.0
Trd, 000247.600, 148
Trd, 000247.800, 162.0
Trd, 000249.083, 155.0
Trd, 000249.133, 156
Trd, 000249.267, 156
Trd, 000249.500, 154
Trd, 000250.400, 153
Trd, 000250.533, 153
Trd, 000251.117, 156
Trd, 000251.167, 155
Trd, 000252.483, 154
Trd, 000252.583, 134.0
Trd, 000253.000, 151
Trd, 000253.483, 152.0
Trd, 000253.983, 154.0
Trd, 000254.433, 152
Trd, 000254.850, 144.0
Trd, 000256.200, 150
Trd, 000256.300, 150
Trd, 000256.683, 148.0
Trd, 000257.650, 149
Trd, 000257.750, 149
Trd, 000257.867, 148.0
Trd, 000258.200, 148.0
Trd, 000258.550, 151.0
Trd, 000259.267, 141.0
Trd, 000259.900, 144
Trd, 000260.483, 148.0
Trd, 000260.700, 148
Trd, 000261.017, 157.0
Trd, 000261.200, 144
Trd, 000262.050, 149
Trd, 000262.733, 136
Trd, 000262.750, 140.0
Trd, 000263.800, 141.0
Trd, 000263.983, 135.0
Trd, 000264.300, 145.0
Trd, 000264.967, 150.0
Trd, 000265.600, 147
Trd, 000265.700, 143
Trd, 000265.850, 150.0
Trd, 000266.233, 151.0
Trd, 000266.767, 150
Trd, 000266.917, 146
Trd, 000267.300, 142
Trd, 000268.133, 141
Trd, 000268.167, 146
Trd, 000269.167, 137
Trd, 000269.533, 142
Trd, 000269.800, 142
Trd, 000270.017, 139.0
Trd, 000270.300, 138
Trd, 000270.350, 143
Trd, 000270.883, 141
Trd, 000271.267, 141.0
Trd, 000271.433, 139
Trd, 000271.583, 144
Trd, 000272.733, 145
Trd, 000273.017, 144
Trd, 000273.683, 144
Trd, 000274.867, 145.0
Trd, 000275.067, 148.0
Trd, 000275.133, 151.0
Trd, 000275.450, 158.0
Trd, 000275.567, 154
Trd, 000276.400, 150
Trd, 000276.483, 153.0
Trd, 000276.517, 148
Trd, 000276.600, 146
Trd, 000276.867, 154
Trd, 000277.450, 147
Trd, 000277.467, 151
Trd, 000279.167, 154
Trd, 000279.283, 156
Trd, 000279.600, 154
Trd, 000280.000, 148.0
Trd, 000280.067, 147
Trd, 000280.633, 143
Trd, 000280.967, 143.0
Trd, 000281.000, 141.0
Trd, 000281.817, 145
Trd, 000281.850, 146
Trd, 000282.450, 151
Trd, 000282.917, 140.0
Trd, 000283.033, 146
Trd, 000283.233, 147
Trd, 000283.917, 142
Trd, 000284.150, 141.0
Trd, 000284.750, 150
Trd, 000286.083, 147.0
Trd, 000286.100, 146
Trd, 000286.300, 157.0
Trd, 000286.467, 143
Trd, 000286.683, 138
Trd, 000287.083, 146.0
Trd, 000287.850, 158.0
Trd, 000288.833, 157
Trd, 000288.900, 157
Trd, 000289.033, 163.0
Trd, 000289.817, 156
Trd, 000289.983, 160.0
Trd, 000290.200, 155.0
Trd, 000290.283, 155
Trd, 000290.517, 157
Trd, 000290.717, 158
Trd, 000291.383, 149
Trd, 000291.983, 143.0
Trd, 000292.150, 142.0
Trd, 000293.067, 136
Trd, 000293.300, 153
Trd, 000293.417, 154
Trd, 000293.633, 154
Trd, 000293.700, 157
Trd, 000294.000, 139
Trd, 000294.317, 142
Trd, 000294.400, 155
Trd, 000294.950, 156.0
Trd, 000295.133, 141.0
Trd, 000296.150, 140
Trd, 000296.533, 152
Trd, 000296.683, 155
Trd, 000296.700, 141
Trd, 000296.717, 140
Trd, 000297.617, 147
Trd, 000297.650, 140
Trd, 000297.717, 156.0
Trd, 000297.850, 137
Trd, 000297.950, 136
Trd, 000298.683, 143.0
Trd, 000298.767, 142.0
Trd, 000299.300, 141.0
