Trd, 000002.450, 113.0
Trd, 000002.533, 117.0
Trd, 000003.183, 118
Trd, 000003.600, 120
Trd, 000004.017, 123
Trd, 000004.417, 127.0
Trd, 000005.117, 134.0
Trd, 000006.083, 138
Trd, 000006.517, 134.0
Trd, 000007.000, 135
Trd, 000007.017, 136
Trd, 000007.117, 141
Trd, 000007.150, 130
Trd, 000007.233, 151.0
Trd, 000008.033, 130
Trd, 000008.633, 161
Trd, 000009.367, 162
Trd, 000010.050, 132
Trd, 000011.033, 151.0
Trd, 000011.733, 138
Trd, 000012.000, 152
Trd, 000012.233, 138
Trd, 000012.433, 153
Trd, 000013.467, 168.0
Trd, 000013.550, 145
Trd, 000013.600, 161
Trd, 000013.717, 162
Trd, 000014.383, 148
Trd, 000014.683, 147
Trd, 000015.567, 153
Trd, 000016.217, 153
Trd, 000017.183, 143.0
Trd, 000017.700, 144.0
Trd, 000019.450, 147.0
Trd, 000019.467, 148
Trd, 000019.867, 148
Trd, 000019.933, 146.0
Trd, 000020.167, 130
Trd, 000020.433, 150.0
Trd, 000021.433, 148
Trd, 000021.483, 151.0
Trd, 000022.683, 141
Trd, 000023.800, 147
Trd, 000024.050, 147
Trd, 000024.450, 145
Trd, 000024.750, 144
Trd, 000025.100, 149
Trd, 000025.150, 141.0
Trd, 000025.183, 150
Trd, 000025.533, 156.0
Trd, 000026.517, 145
Trd, 000027.367, 148
Trd, 000027.567, 142
Trd, 000028.100, 153
Trd, 000028.683, 157.0
Trd, 000028.817, 142
Trd, 000029.433, 162
Trd, 000030.450, 134.0
Trd, 000030.683, 145
Trd, 000030.967, 132
Trd, 000031.283, 135
Trd, 000031.383, 131
Trd, 000031.583, 130
Trd, 000031.850, 144
Trd, 000032.383, 134.0
Trd, 000033.933, 162.0
Trd, 000034.467, 163.0
Trd, 000034.500, 156
Trd, 000035.333, 134
Trd, 000035.667, 162.0
Trd, 000036.000, 163
Trd, 000036.417, 168.0
Trd, 000036.633, 152
Trd, 000036.833, 147
Trd, 000037.033, 171.0
Trd, 000038.000, 171.0
Trd, 000038.500, 168.0
Trd, 000039.533, 167.0
Trd, 000040.500, 167.0
Trd, 000040.517, 166.0
Trd, 000040.750, 165.0
Trd, 000041.033, 141.0
Trd, 000041.250, 169
Trd, 000041.900, 162.0
Trd, 000043.767, 166
Trd, 000043.867, 166
Trd, 000044.117, 159
Trd, 000044.567, 150
Trd, 000045.700, 155
Trd, 000045.850, 148
Trd, 000046.067, 153
Trd, 000046.517, 150
Trd, 000046.583, 161
Trd, 000047.967, 157
Trd, 000049.200, 158.0
Trd, 000049.250, 142.0
Trd, 000049.400, 142.0
Trd, 000050.217, 142
Trd, 000050.317, 162
Trd, 000050.433, 129
Trd, 000050.667, 160
Trd, 000050.683, 118
Trd, 000052.000, 171.0
Trd, 000052.117, 172.0
Trd, 000052.267, 170
Trd, 000052.717, 168.0
Trd, 000052.850, 148
Trd, 000052.933, 141.0
Trd, 000053.667, 127.0
Trd, 000055.383, 165
Trd, 000055.433, 155
Trd, 000056.133, 165
Trd, 000056.300, 172.0
Trd, 000056.517, 164.0
Trd, 000056.850, 162.0
Trd, 000057.383, 152
Trd, 000057.500, 167
Trd, 000058.117, 145.0
Trd, 000059.200, 141
Trd, 000059.283, 167
Trd, 000059.483, 142.0
Trd, 000060.067, 158
Trd, 000060.200, 160
Trd, 000060.417, 161
Trd, 000062.517, 150
Trd, 000062.967, 147
Trd, 000063.300, 147
Trd, 000064.083, 150
Trd, 000064.367, 141.0
Trd, 000064.467, 150
Trd, 000064.667, 133
Trd, 000064.917, 151.0
Trd, 000065.333, 130
Trd, 000066.100, 158.0
Trd, 000066.383, 162
Trd, 000066.517, 141
Trd, 000066.817, 157
Trd, 000067.167, 138
Trd, 000067.717, 156
Trd, 000068.533, 133
Trd, 000069.000, 158.0
Trd, 000069.033, 137
Trd, 000069.517, 135
Trd, 000071.250, 141.0
Trd, 000071.950, 151.0
Trd, 000072.550, 151
Trd, 000072.700, 133
Trd, 000073.017, 151
Trd, 000073.583, 160
Trd, 000073.633, 162
Trd, 000073.733, 139
Trd, 000075.083, 150
Trd, 000075.483, 144
Trd, 000075.950, 147
Trd, 000076.700, 147
Trd, 000077.150, 161
Trd, 000077.167, 148
Trd, 000078.017, 158
Trd, 000078.383, 142
Trd, 000078.583, 141.0
Trd, 000078.833, 161
Trd, 000079.300, 143
Trd, 000080.167, 145
Trd, 000080.517, 159
Trd, 000081.300, 160
Trd, 000081.317, 130
Trd, 000081.400, 162
Trd, 000081.500, 127.0
Trd, 000081.950, 135
Trd, 000083.283, 134.0
Trd, 000083.650, 158.0
Trd, 000084.467, 144.0
Trd, 000084.583, 150
Trd, 000084.633, 151
Trd, 000085.350, 150
Trd, 000086.133, 143.0
Trd, 000086.217, 151
Trd, 000087.083, 151.0
Trd, 000087.217, 138
Trd, 000087.317, 152
Trd, 000087.417, 129
Trd, 000087.467, 162
Trd, 000087.617, 127.0
Trd, 000088.550, 155
Trd, 000088.833, 171
Trd, 000089.650, 160
Trd, 000089.683, 151
Trd, 000090.233, 150
Trd, 000091.800, 153
Trd, 000092.033, 153
Trd, 000092.583, 153
Trd, 000093.017, 152
Trd, 000093.167, 141.0
Trd, 000093.700, 153
Trd, 000093.767, 146
Trd, 000094.200, 153
Trd, 000095.617, 145.0
Trd, 000095.667, 161
Trd, 000095.900, 144.0
Trd, 000096.817, 141.0
Trd, 000097.033, 129
Trd, 000097.200, 157
Trd, 000098.017, 130.0
Trd, 000098.517, 145
Trd, 000100.500, 134.0
Trd, 000100.683, 143
Trd, 000100.733, 148
Trd, 000100.767, 151.0
Trd, 000100.883, 136
Trd, 000101.083, 158.0
Trd, 000101.700, 142.0
Trd, 000102.017, 160
Trd, 000102.633, 141.0
Trd, 000103.483, 130
Trd, 000103.500, 128
Trd, 000104.367, 154
Trd, 000105.883, 150
Trd, 000106.333, 151
Trd, 000106.483, 151.0
Trd, 000106.967, 152
Trd, 000107.083, 152
Trd, 000107.517, 151
Trd, 000107.817, 153
Trd, 000108.183, 148
Trd, 000108.250, 162
Trd, 000108.300, 141.0
Trd, 000108.900, 162.0
Trd, 000110.483, 150
Trd, 000110.533, 144.0
Trd, 000111.317, 145.0
Trd, 000112.233, 150
Trd, 000112.867, 150
Trd, 000113.100, 146
Trd, 000113.417, 144
Trd, 000113.433, 141.0
Trd, 000113.633, 150.0
Trd, 000113.900, 150
Trd, 000113.983, 151.0
Trd, 000114.533, 151
Trd, 000114.917, 141.0
Trd, 000115.550, 140
Trd, 000116.883, 135
Trd, 000117.550, 148
Trd, 000118.050, 151.0
Trd, 000118.300, 158.0
Trd, 000119.450, 162
Trd, 000120.033, 153
Trd, 000120.067, 148
Trd, 000120.567, 144.0
Trd, 000120.800, 143.0
Trd, 000121.283, 161
Trd, 000121.850, 145.0
Trd, 000121.917, 144.0
Trd, 000122.200, 158
Trd, 000123.050, 159
Trd, 000123.333, 147
Trd, 000123.383, 141.0
Trd, 000123.650, 148
Trd, 000124.300, 143
Trd, 000124.400, 149
Trd, 000125.367, 145
Trd, 000126.533, 150
Trd, 000126.667, 146
Trd, 000127.117, 151.0
Trd, 000127.200, 130
Trd, 000128.833, 149
Trd, 000129.067, 142.0
Trd, 000129.700, 148
Trd, 000130.117, 149
Trd, 000130.417, 149
Trd, 000130.700, 158.0
Trd, 000131.600, 153
Trd, 000131.700, 162
Trd, 000131.783, 147
Trd, 000131.800, 145
Trd, 000132.350, 141.0
Trd, 000132.667, 135
Trd, 000132.900, 142
Trd, 000133.783, 146
Trd, 000135.417, 152
Trd, 000136.217, 150
Trd, 000136.383, 148
Trd, 000137.617, 147
Trd, 000137.833, 149
Trd, 000137.950, 145
Trd, 000138.267, 150
Trd, 000138.633, 148
Trd, 000138.983, 147
Trd, 000139.817, 146.0
Trd, 000140.200, 145.0
Trd, 000141.517, 147
Trd, 000142.117, 155.0
Trd, 000142.233, 142.0
Trd, 000142.317, 141.0
Trd, 000142.767, 141
Trd, 000143.033, 132
Trd, 000144.083, 139
Trd, 000144.500, 141
Trd, 000145.150, 134
Trd, 000146.000, 134.0
Trd, 000146.217, 142
Trd, 000146.300, 151.0
Trd, 000147.000, 133
Trd, 000147.083, 134.0
Trd, 000147.867, 131
Trd, 000148.100, 142
Trd, 000149.533, 142.0
Trd, 000149.650, 161
Trd, 000150.417, 146
Trd, 000150.483, 145
Trd, 000150.850, 143.0
Trd, 000151.483, 145
Trd, 000152.000, 157.0
Trd, 000152.250, 143
Trd, 000152.333, 142
Trd, 000152.717, 141.0
Trd, 000152.733, 130
Trd, 000152.783, 127.0
Trd, 000153.967, 134.0
Trd, 000154.200, 149
Trd, 000154.900, 142
Trd, 000155.367, 152
Trd, 000155.717, 156.0
Trd, 000157.033, 138
Trd, 000157.600, 155.0
Trd, 000158.117, 135
Trd, 000158.400, 143
Trd, 000158.450, 141
Trd, 000158.883, 141.0
Trd, 000159.167, 153
Trd, 000160.200, 151
Trd, 000160.467, 151
Trd, 000160.950, 152
Trd, 000161.350, 152
Trd, 000161.767, 152
Trd, 000161.983, 153
Trd, 000163.067, 153
Trd, 000163.550, 153
Trd, 000163.867, 154
Trd, 000163.983, 157.0
Trd, 000164.583, 149
Trd, 000164.783, 158.0
Trd, 000165.133, 131
Trd, 000165.983, 156
Trd, 000166.300, 162
Trd, 000169.183, 146
Trd, 000169.567, 154
Trd, 000169.650, 149
Trd, 000170.183, 145
Trd, 000170.433, 149
Trd, 000170.800, 152
Trd, 000170.900, 141.0
Trd, 000170.950, 154
Trd, 000171.600, 161
Trd, 000172.450, 141
Trd, 000173.300, 155
Trd, 000173.350, 143
Trd, 000173.600, 162
Trd, 000174.767, 144
Trd, 000175.017, 156
Trd, 000175.117, 172.0
Trd, 000175.667, 142
Trd, 000175.883, 142.0
Trd, 000176.217, 156
Trd, 000176.550, 158.0
Trd, 000176.567, 141.0
Trd, 000177.650, 133
Trd, 000177.800, 130
Trd, 000177.900, 158
Trd, 000177.967, 127.0
Trd, 000178.000, 159
Trd, 000178.050, 163
Trd, 000178.350, 134.0
Trd, 000179.650, 143
Trd, 000181.583, 145
Trd, 000182.050, 144
Trd, 000182.200, 144
Trd, 000183.617, 146
Trd, 000183.767, 151.0
Trd, 000184.083, 158.0
Trd, 000184.233, 162
Trd, 000184.433, 172.0
Trd, 000184.517, 182.0
Trd, 000185.100, 141.0
Trd, 000185.267, 158
Trd, 000185.650, 128.0
Trd, 000185.883, 163
Trd, 000186.250, 128.0
Trd, 000186.417, 141.0
Trd, 000187.700, 154
Trd, 000187.883, 158
Trd, 000187.983, 181
Trd, 000188.150, 168.0
Trd, 000188.800, 155
Trd, 000189.150, 168
Trd, 000190.000, 151
Trd, 000190.567, 177
Trd, 000191.500, 152
Trd, 000191.700, 152
Trd, 000191.717, 150
Trd, 000191.750, 162
Trd, 000192.367, 154
Trd, 000193.367, 133
Trd, 000194.150, 152
Trd, 000194.750, 143.0
Trd, 000195.017, 151
Trd, 000195.467, 144
Trd, 000195.567, 151
Trd, 000196.417, 143
Trd, 000196.583, 141.0
Trd, 000197.917, 148
Trd, 000198.650, 148
Trd, 000198.800, 143.0
Trd, 000198.967, 149
Trd, 000199.867, 149
Trd, 000199.950, 142
Trd, 000200.050, 141
Trd, 000200.933, 158.0
Trd, 000201.083, 161
Trd, 000201.200, 153
Trd, 000201.383, 162
Trd, 000201.783, 147
Trd, 000202.683, 147
Trd, 000203.200, 156
Trd, 000203.650, 151.0
Trd, 000204.067, 151
Trd, 000204.450, 146.0
Trd, 000205.800, 150
Trd, 000206.000, 150
Trd, 000206.700, 150
Trd, 000207.300, 152
Trd, 000207.450, 152
Trd, 000208.817, 153
Trd, 000209.283, 150
Trd, 000209.533, 159
Trd, 000210.317, 156
Trd, 000210.533, 141.0
Trd, 000211.083, 134.0
Trd, 000211.317, 130
Trd, 000211.333, 117
Trd, 000211.817, 141
Trd, 000211.850, 143
Trd, 000212.600, 158.0
Trd, 000212.867, 142.0
Trd, 000213.267, 143
Trd, 000213.600, 141.0
Trd, 000213.883, 146
Trd, 000214.917, 146
Trd, 000215.217, 146
Trd, 000215.417, 133
Trd, 000216.000, 145
Trd, 000216.233, 145
Trd, 000216.350, 160
Trd, 000216.583, 144
Trd, 000217.300, 143
Trd, 000217.433, 141.0
Trd, 000218.100, 154
Trd, 000218.400, 155
Trd, 000219.217, 153
Trd, 000220.017, 161
Trd, 000220.800, 132
Trd, 000221.167, 162
Trd, 000221.767, 134.0
Trd, 000221.933, 131
Trd, 000223.600, 145
Trd, 000223.683, 146
Trd, 000223.767, 139
Trd, 000224.167, 146
Trd, 000224.350, 150.0
Trd, 000225.867, 142.0
Trd, 000225.900, 141.0
Trd, 000225.983, 147
Trd, 000226.217, 130
Trd, 000226.767, 127.0
Trd, 000227.267, 144
Trd, 000228.033, 150.0
Trd, 000228.050, 143.0
Trd, 000228.283, 151.0
Trd, 000228.383, 142.0
Trd, 000229.567, 156
Trd, 000229.750, 146
Trd, 000232.183, 150
Trd, 000232.317, 148
Trd, 000232.467, 141.0
Trd, 000232.600, 151.0
Trd, 000233.133, 131
Trd, 000234.617, 145
Trd, 000234.633, 148
Trd, 000235.067, 150
Trd, 000235.150, 158.0
Trd, 000235.900, 143
Trd, 000236.167, 153
Trd, 000236.200, 162
Trd, 000237.183, 143
Trd, 000237.617, 141.0
Trd, 000237.767, 157
Trd, 000240.217, 151
Trd, 000240.300, 141.0
Trd, 000240.600, 138
Trd, 000240.683, 137.0
Trd, 000240.833, 151
Trd, 000241.350, 149.0
Trd, 000241.650, 149
Trd, 000242.017, 144.0
Trd, 000242.133, 144.0
Trd, 000242.250, 142
Trd, 000243.117, 149.0
Trd, 000243.567, 143
Trd, 000243.600, 144
Trd, 000243.733, 148
Trd, 000244.200, 151.0
Trd, 000244.933, 148
Trd, 000245.550, 161
Trd, 000245.633, 162
Trd, 000245.833, 160.0
Trd, 000246.000, 161.0
Trd, 000246.217, 163
Trd, 000246.517, 161.0
Trd, 000246.750, 159.0
Trd, 000247.267, 158.0
Trd, 000247.800, 156
Trd, 000248.117, 149
Trd, 000248.150, 137.0
Trd, 000248.200, 130
Trd, 000248.450, 127.0
Trd, 000248.567, 148
Trd, 000249.133, 151
Trd, 000249.217, 162
Trd, 000249.617, 149.0
Trd, 000249.750, 151.0
Trd, 000250.083, 150.0
Trd, 000250.850, 151
Trd, 000251.183, 151.0
Trd, 000251.600, 152
Trd, 000252.050, 151
Trd, 000253.317, 152
Trd, 000253.467, 151
Trd, 000253.817, 151.0
Trd, 000254.600, 151
Trd, 000254.633, 153
Trd, 000254.833, 150
Trd, 000255.233, 141.0
Trd, 000255.283, 137.0
Trd, 000255.717, 131
Trd, 000256.283, 134
Trd, 000256.683, 158.0
Trd, 000256.750, 162
Trd, 000256.933, 165.0
Trd, 000257.067, 140
Trd, 000258.083, 144
Trd, 000258.533, 160.0
Trd, 000258.950, 168.0
Trd, 000260.100, 175
Trd, 000260.117, 167
Trd, 000260.217, 146
Trd, 000260.633, 163.0
Trd, 000260.983, 164
Trd, 000261.083, 162.0
Trd, 000262.083, 158
Trd, 000262.617, 146
Trd, 000262.767, 145
Trd, 000263.133, 141.0
Trd, 000264.100, 153
Trd, 000264.250, 153
Trd, 000264.383, 141.0
Trd, 000264.450, 154
Trd, 000264.483, 155
Trd, 000265.583, 143
Trd, 000265.933, 147
Trd, 000266.017, 138.0
Trd, 000266.533, 134.0
Trd, 000266.550, 150
Trd, 000266.700, 153
Trd, 000267.067, 138.0
Trd, 000267.600, 154
Trd, 000267.867, 141.0
Trd, 000267.950, 137.0
Trd, 000268.100, 130
Trd, 000268.550, 132.0
Trd, 000268.700, 148.0
Trd, 000269.333, 144.0
Trd, 000269.367, 148.0
Trd, 000269.733, 147
Trd, 000270.100, 148
Trd, 000271.233, 143
Trd, 000271.617, 143
Trd, 000271.850, 148
Trd, 000272.300, 149
Trd, 000272.350, 148.0
Trd, 000272.683, 158.0
Trd, 000273.133, 153.0
Trd, 000273.850, 141.0
Trd, 000274.050, 154
Trd, 000274.933, 149
Trd, 000274.950, 151.0
Trd, 000275.233, 144.0
Trd, 000275.300, 147
Trd, 000275.367, 147
Trd, 000275.783, 153
Trd, 000276.383, 167
Trd, 000276.683, 160
Trd, 000276.783, 146
Trd, 000278.033, 164.0
Trd, 000278.167, 165.0
Trd, 000278.583, 168.0
Trd, 000279.200, 158.0
Trd, 000279.367, 158.0
Trd, 000280.183, 159
Trd, 000280.417, 162
Trd, 000280.667, 155.0
Trd, 000281.033, 154
Trd, 000281.267, 159
Trd, 000281.367, 151.0
Trd, 000281.650, 157
Trd, 000282.050, 160
Trd, 000282.600, 150
Trd, 000282.633, 161
Trd, 000283.000, 141.0
Trd, 000283.133, 137.0
Trd, 000283.700, 160
Trd, 000283.783, 159
Trd, 000284.133, 162
Trd, 000284.900, 164.0
Trd, 000285.117, 163
Trd, 000285.150, 165.0
Trd, 000285.467, 141.0
Trd, 000285.750, 146.0
Trd, 000285.850, 145
Trd, 000285.950, 151
Trd, 000286.067, 151.0
Trd, 000286.633, 144
Trd, 000287.083, 146
Trd, 000287.300, 134
Trd, 000288.100, 131
Trd, 000288.133, 141.0
Trd, 000288.733, 137.0
Trd, 000289.050, 130
Trd, 000289.150, 138
Trd, 000289.350, 162
Trd, 000289.567, 164.0
Trd, 000290.417, 164
Trd, 000290.567, 163
Trd, 000291.333, 159
Trd, 000291.667, 158
Trd, 000292.100, 158.0
Trd, 000292.583, 160
Trd, 000292.900, 164.0
Trd, 000293.433, 148
Trd, 000293.500, 157
Trd, 000294.267, 161.0
Trd, 000294.617, 160.0
Trd, 000294.983, 158.0
Trd, 000295.333, 162.0
Trd, 000295.500, 142.0
Trd, 000295.683, 161
Trd, 000295.750, 162
Trd, 000295.933, 141.0
Trd, 000296.267, 167.0
Trd, 000296.783, 137.0
Trd, 000296.800, 130
Trd, 000297.033, 140
Trd, 000298.183, 160
Trd, 000298.950, 162
Trd, 000299.183, 160
Trd, 000299.467, 143.0
Trd, 000299.517, 141.0
Trd, 000299.667, 158
Trd, 000299.750, 162
Trd, 000299.900, 159
