Trd, 000002.033, 120.0
Trd, 000002.183, 151.0
Trd, 000004.600, 142
Trd, 000005.267, 143
Trd, 000005.600, 142.0
Trd, 000005.917, 155.0
Trd, 000006.850, 152
Trd, 000007.033, 155
Trd, 000007.317, 151.0
Trd, 000007.383, 144.0
Trd, 000008.600, 151.0
Trd, 000009.200, 149
Trd, 000009.217, 150
Trd, 000009.617, 150
Trd, 000010.083, 151
Trd, 000010.550, 151.0
Trd, 000011.867, 160
Trd, 000012.017, 149
Trd, 000015.433, 152.0
Trd, 000015.817, 155
Trd, 000016.033, 157
Trd, 000016.517, 157
Trd, 000017.783, 157
Trd, 000018.267, 155
Trd, 000018.600, 151.0
Trd, 000018.717, 144.0
Trd, 000019.400, 121
Trd, 000019.867, 152
Trd, 000020.950, 153
Trd, 000021.650, 153
Trd, 000021.800, 152.0
Trd, 000021.867, 151.0
Trd, 000022.300, 144.0
Trd, 000022.433, 133
Trd, 000023.383, 137.0
Trd, 000023.833, 142
Trd, 000024.250, 141
Trd, 000026.800, 145
Trd, 000026.833, 143
Trd, 000027.000, 144
Trd, 000027.467, 146
Trd, 000027.900, 148
Trd, 000028.317, 151.0
Trd, 000029.200, 151
Trd, 000030.550, 166.0
Trd, 000030.817, 151
Trd, 000031.600, 150
Trd, 000031.733, 167.0
Trd, 000032.567, 166.0
Trd, 000032.900, 144.0
Trd, 000033.667, 155.0
Trd, 000033.967, 144.0
Trd, 000034.583, 145
Trd, 000034.717, 151.0
Trd, 000034.950, 153
Trd, 000036.433, 150
Trd, 000037.583, 137.0
Trd, 000037.617, 150
Trd, 000038.300, 141
Trd, 000038.850, 151.0
Trd, 000040.483, 151
Trd, 000040.883, 151
Trd, 000042.250, 152.0
Trd, 000042.933, 151.0
Trd, 000043.583, 149
Trd, 000044.167, 150.0
Trd, 000044.483, 152.0
Trd, 000045.217, 150
Trd, 000045.633, 151.0
Trd, 000046.533, 150
Trd, 000047.500, 149
Trd, 000048.367, 148
Trd, 000048.633, 149
Trd, 000049.333, 149.0
Trd, 000049.633, 144.0
Trd, 000050.017, 148
Trd, 000050.317, 145
Trd, 000050.517, 147
Trd, 000050.750, 133
Trd, 000051.300, 144
Trd, 000051.967, 148
Trd, 000052.883, 145.0
Trd, 000053.883, 151.0
Trd, 000053.967, 151.0
Trd, 000055.383, 150
Trd, 000055.967, 151.0
Trd, 000057.083, 151
Trd, 000057.550, 155.0
Trd, 000058.300, 151
Trd, 000058.717, 159
Trd, 000058.883, 168.0
Trd, 000059.483, 156
Trd, 000060.033, 157
Trd, 000060.367, 155
Trd, 000060.983, 151.0
Trd, 000062.200, 145.0
Trd, 000062.717, 155
Trd, 000063.850, 146.0
Trd, 000064.633, 147
Trd, 000065.333, 149
Trd, 000065.983, 146.0
Trd, 000066.133, 150
Trd, 000066.250, 151.0
Trd, 000066.750, 152.0
Trd, 000068.117, 149
Trd, 000068.167, 148
Trd, 000068.233, 147
Trd, 000068.333, 145
Trd, 000068.550, 150
Trd, 000068.583, 155.0
Trd, 000069.883, 138
Trd, 000071.633, 141.0
Trd, 000072.017, 140.0
Trd, 000072.300, 147.0
Trd, 000073.133, 149.0
Trd, 000073.150, 150.0
Trd, 000074.467, 151.0
Trd, 000074.933, 142
Trd, 000075.717, 142
Trd, 000076.250, 150
Trd, 000077.100, 146.0
Trd, 000077.300, 147
Trd, 000077.600, 148
Trd, 000077.767, 149
Trd, 000078.900, 147.0
Trd, 000079.350, 144.0
Trd, 000080.233, 138.0
Trd, 000081.067, 137.0
Trd, 000081.167, 148
Trd, 000082.383, 146
Trd, 000083.900, 146.0
Trd, 000083.967, 147
Trd, 000084.600, 148
Trd, 000086.150, 148
Trd, 000086.983, 146
Trd, 000087.383, 146
Trd, 000088.183, 145
Trd, 000088.300, 145
Trd, 000089.267, 145.0
Trd, 000090.417, 145
Trd, 000090.967, 149
Trd, 000091.267, 151.0
Trd, 000091.450, 148
Trd, 000091.517, 155.0
Trd, 000092.450, 160
Trd, 000092.967, 154
Trd, 000094.167, 153
Trd, 000094.900, 149.0
Trd, 000095.700, 152
Trd, 000096.067, 151.0
Trd, 000096.250, 151.0
Trd, 000096.917, 150
Trd, 000097.700, 150
Trd, 000098.033, 149
Trd, 000099.067, 154.0
Trd, 000099.083, 155.0
Trd, 000099.600, 155
Trd, 000099.633, 154
Trd, 000100.517, 137.0
Trd, 000101.683, 144
Trd, 000101.950, 138
Trd, 000103.350, 147
Trd, 000103.550, 140
Trd, 000104.817, 145
Trd, 000105.283, 146
Trd, 000105.583, 149
Trd, 000106.117, 145
Trd, 000106.367, 144
Trd, 000107.183, 148
Trd, 000107.350, 146
Trd, 000108.233, 147
Trd, 000108.417, 148
Trd, 000108.983, 150.0
Trd, 000109.200, 151.0
Trd, 000109.817, 145.0
Trd, 000110.733, 153.0
Trd, 000111.367, 155.0
Trd, 000113.033, 154.0
Trd, 000114.250, 154.0
Trd, 000114.400, 155
Trd, 000114.767, 153.0
Trd, 000115.433, 151.0
Trd, 000116.017, 145
Trd, 000116.083, 144.0
Trd, 000116.133, 153
Trd, 000117.050, 137.0
Trd, 000117.450, 134
Trd, 000118.167, 146
Trd, 000119.267, 146
Trd, 000120.317, 147
Trd, 000120.450, 148
Trd, 000121.333, 139.0
Trd, 000121.450, 150.0
Trd, 000122.450, 150.0
Trd, 000123.883, 149
Trd, 000124.650, 148
Trd, 000125.133, 149
Trd, 000125.900, 150.0
Trd, 000126.133, 149
Trd, 000126.217, 150.0
Trd, 000126.983, 151.0
Trd, 000127.767, 155.0
Trd, 000128.200, 154
Trd, 000128.267, 153
Trd, 000129.850, 151.0
Trd, 000130.183, 162.0
Trd, 000130.733, 147.0
Trd, 000131.483, 160.0
Trd, 000131.667, 144.0
Trd, 000132.700, 152.0
Trd, 000132.817, 151.0
Trd, 000133.583, 150
Trd, 000134.000, 149
Trd, 000135.483, 140
Trd, 000136.533, 140
Trd, 000136.983, 138.0
Trd, 000137.000, 150
Trd, 000138.717, 147
Trd, 000138.733, 142.0
Trd, 000139.067, 148
Trd, 000140.483, 143.0
Trd, 000140.917, 145.0
Trd, 000141.083, 146.0
Trd, 000141.833, 155.0
Trd, 000142.550, 151.0
Trd, 000142.950, 152
Trd, 000144.050, 150
Trd, 000144.150, 151
Trd, 000144.250, 149
Trd, 000145.367, 150
Trd, 000145.567, 151
Trd, 000145.700, 145
Trd, 000146.000, 144.0
Trd, 000146.533, 149
Trd, 000147.400, 142
Trd, 000147.500, 137.0
Trd, 000147.917, 151.0
Trd, 000148.200, 151
Trd, 000148.850, 155.0
Trd, 000150.283, 141
Trd, 000152.350, 153.0
Trd, 000152.650, 152.0
Trd, 000152.917, 151.0
Trd, 000153.133, 152
Trd, 000154.767, 146.0
Trd, 000155.283, 146.0
Trd, 000156.217, 152
Trd, 000156.317, 167.0
Trd, 000156.383, 149
Trd, 000156.683, 167.0
Trd, 000157.650, 152
Trd, 000158.800, 144.0
Trd, 000159.000, 138.0
Trd, 000159.100, 149
Trd, 000159.350, 152
Trd, 000160.683, 152
Trd, 000161.600, 151.0
Trd, 000162.017, 150
Trd, 000162.583, 137.0
Trd, 000163.150, 146
Trd, 000163.600, 151
Trd, 000164.450, 134
Trd, 000165.250, 133
Trd, 000165.967, 147
Trd, 000165.983, 148
Trd, 000167.100, 147
Trd, 000168.100, 143
Trd, 000168.417, 148
Trd, 000169.250, 147
Trd, 000169.533, 146
Trd, 000170.783, 147
Trd, 000171.233, 150
Trd, 000171.317, 146
Trd, 000171.767, 150
Trd, 000172.450, 155.0
Trd, 000172.533, 145.0
Trd, 000174.433, 156
Trd, 000175.467, 162
Trd, 000175.550, 161
Trd, 000177.717, 148.0
Trd, 000178.033, 150.0
Trd, 000179.983, 147.0
Trd, 000180.217, 149.0
Trd, 000180.633, 147
Trd, 000180.767, 148
Trd, 000181.467, 146.0
Trd, 000182.767, 148
Trd, 000182.867, 147
Trd, 000183.750, 151.0
Trd, 000184.200, 154.0
Trd, 000185.017, 149
Trd, 000185.267, 155
Trd, 000185.900, 154.0
Trd, 000186.750, 144.0
Trd, 000187.183, 139
Trd, 000188.217, 137
Trd, 000188.950, 137
Trd, 000189.167, 138
Trd, 000189.300, 148
Trd, 000190.267, 154.0
Trd, 000190.500, 151.0
Trd, 000192.433, 150.0
Trd, 000192.567, 151.0
Trd, 000192.867, 150
Trd, 000194.267, 150
Trd, 000194.383, 149
Trd, 000194.400, 151.0
Trd, 000194.683, 151.0
Trd, 000196.350, 147
Trd, 000197.467, 148
Trd, 000197.583, 151.0
Trd, 000197.783, 147.0
Trd, 000198.583, 150
Trd, 000199.583, 152.0
Trd, 000199.850, 148.0
Trd, 000200.017, 151.0
Trd, 000201.467, 145.0
Trd, 000201.750, 149.0
Trd, 000202.133, 145.0
Trd, 000202.800, 150
Trd, 000203.750, 155.0
Trd, 000203.833, 162
Trd, 000205.050, 154
Trd, 000205.333, 142
Trd, 000205.950, 153
Trd, 000206.483, 147
Trd, 000206.750, 151
Trd, 000207.250, 145.0
Trd, 000207.833, 147
Trd, 000208.667, 148
Trd, 000209.133, 148
Trd, 000210.183, 151.0
Trd, 000210.550, 154.0
Trd, 000210.683, 153
Trd, 000211.300, 144.0
Trd, 000211.350, 141
Trd, 000211.900, 154.0
Trd, 000212.217, 137.0
Trd, 000213.483, 137.0
Trd, 000213.617, 144
Trd, 000214.417, 136
Trd, 000214.433, 141.0
Trd, 000214.900, 151.0
Trd, 000215.633, 139
Trd, 000217.000, 149
Trd, 000218.000, 147
Trd, 000218.467, 152.0
Trd, 000219.783, 151
Trd, 000220.317, 150
Trd, 000220.683, 151.0
Trd, 000221.200, 151
Trd, 000221.733, 155.0
Trd, 000222.183, 154
Trd, 000222.250, 144.0
Trd, 000224.017, 151.0
Trd, 000225.033, 157
Trd, 000225.467, 149
Trd, 000226.067, 150
Trd, 000226.083, 149
Trd, 000226.583, 144.0
Trd, 000227.500, 149
Trd, 000228.500, 145
Trd, 000230.017, 146
Trd, 000230.617, 148
Trd, 000230.717, 146
Trd, 000230.733, 151.0
Trd, 000231.450, 146
Trd, 000231.767, 148
Trd, 000232.083, 147
Trd, 000232.167, 150
Trd, 000232.417, 151.0
Trd, 000234.983, 150.0
Trd, 000235.250, 149
Trd, 000235.967, 137.0
Trd, 000237.000, 150.0
Trd, 000238.167, 147
Trd, 000238.367, 148
Trd, 000238.683, 147
Trd, 000240.150, 147
Trd, 000240.367, 148
Trd, 000240.600, 148
Trd, 000240.700, 146
Trd, 000240.850, 151.0
Trd, 000241.317, 146.0
Trd, 000241.350, 144.0
Trd, 000243.000, 147.0
Trd, 000243.267, 147.0
Trd, 000243.300, 144.0
Trd, 000243.800, 150.0
Trd, 000243.950, 144
Trd, 000244.550, 141
Trd, 000245.400, 141.0
Trd, 000245.767, 144
Trd, 000246.283, 143.0
Trd, 000246.333, 143
Trd, 000246.550, 151.0
Trd, 000247.283, 145.0
Trd, 000248.267, 146
Trd, 000249.383, 145
Trd, 000249.417, 145
Trd, 000249.550, 147
Trd, 000250.117, 148
Trd, 000250.250, 145.0
Trd, 000250.383, 151.0
Trd, 000251.217, 150
Trd, 000251.317, 165
Trd, 000251.733, 147.0
Trd, 000252.533, 148.0
Trd, 000252.750, 146
Trd, 000253.467, 145.0
Trd, 000253.483, 147.0
Trd, 000253.717, 145.0
Trd, 000254.700, 149.0
Trd, 000255.133, 147.0
Trd, 000255.467, 145.0
Trd, 000255.900, 148.0
Trd, 000256.667, 145
Trd, 000257.283, 145
Trd, 000257.817, 144.0
Trd, 000257.833, 143
Trd, 000258.483, 141.0
Trd, 000259.033, 148
Trd, 000259.283, 148
Trd, 000259.383, 155.0
Trd, 000259.800, 142.0
Trd, 000260.217, 148
Trd, 000260.700, 144.0
Trd, 000261.167, 147
Trd, 000261.400, 147.0
Trd, 000261.633, 147.0
Trd, 000262.283, 146.0
Trd, 000262.550, 151.0
Trd, 000263.317, 144.0
Trd, 000263.967, 149
Trd, 000264.200, 154.0
Trd, 000264.633, 147
Trd, 000265.400, 147
Trd, 000265.650, 148
Trd, 000265.717, 149.0
Trd, 000266.250, 138.0
Trd, 000267.250, 139
Trd, 000267.583, 143.0
Trd, 000267.600, 138.0
Trd, 000267.750, 144
Trd, 000269.133, 149.0
Trd, 000269.167, 146
Trd, 000269.283, 149.0
Trd, 000269.700, 151.0
Trd, 000270.133, 149
Trd, 000270.317, 155.0
Trd, 000271.117, 153
Trd, 000271.833, 153
Trd, 000271.900, 152
Trd, 000272.033, 159
Trd, 000272.217, 156
Trd, 000272.450, 151
Trd, 000273.600, 146
Trd, 000274.117, 144.0
Trd, 000274.383, 144
Trd, 000275.200, 139
Trd, 000276.183, 139.0
Trd, 000276.400, 141
Trd, 000276.983, 146
Trd, 000277.067, 139.0
Trd, 000277.150, 137.0
Trd, 000278.317, 142
Trd, 000278.350, 136
Trd, 000278.567, 144
Trd, 000278.967, 148
Trd, 000279.667, 152.0
Trd, 000280.250, 167
Trd, 000280.733, 152.0
Trd, 000281.183, 156
Trd, 000281.750, 160
Trd, 000282.700, 151.0
Trd, 000283.233, 144.0
Trd, 000283.800, 137
Trd, 000283.950, 145
Trd, 000284.200, 149
Trd, 000284.317, 145
Trd, 000284.333, 150
Trd, 000284.450, 152
Trd, 000285.333, 151.0
Trd, 000285.667, 167.0
Trd, 000285.700, 168.0
Trd, 000287.317, 162
Trd, 000287.450, 170
Trd, 000287.900, 161
Trd, 000288.733, 159
Trd, 000289.567, 163
Trd, 000289.800, 164
Trd, 000290.033, 151.0
Trd, 000290.700, 156
Trd, 000290.833, 152
Trd, 000291.067, 144.0
Trd, 000291.783, 136
Trd, 000292.000, 150
Trd, 000293.017, 137.0
Trd, 000293.283, 141
Trd, 000293.783, 142
Trd, 000294.300, 142
Trd, 000294.317, 133
Trd, 000294.700, 132.0
Trd, 000294.917, 131.0
Trd, 000295.283, 142
Trd, 000295.500, 135
Trd, 000295.700, 134
Trd, 000295.717, 133
Trd, 000295.900, 140
Trd, 000296.867, 141
Trd, 000297.250, 132
Trd, 000297.733, 151.0
Trd, 000298.783, 139
Trd, 000299.617, 146
Trd, 000299.883, 147
