Trd, 000001.150, 188
Trd, 000003.333, 160
Trd, 000003.467, 170
Trd, 000003.583, 169
Trd, 000004.050, 170
Trd, 000004.450, 163
Trd, 000004.833, 166
Trd, 000005.300, 165
Trd, 000005.350, 155.0
Trd, 000005.817, 151.0
Trd, 000006.367, 141.0
Trd, 000007.267, 131.0
Trd, 000009.467, 159
Trd, 000009.717, 159
Trd, 000010.050, 158
Trd, 000010.250, 157
Trd, 000010.267, 158
Trd, 000010.483, 157
Trd, 000011.883, 156
Trd, 000012.183, 156.0
Trd, 000012.983, 155.0
Trd, 000013.183, 156
Trd, 000013.817, 154
Trd, 000013.900, 158
Trd, 000014.233, 152.0
Trd, 000014.950, 155.0
Trd, 000015.467, 155
Trd, 000015.567, 154
Trd, 000015.933, 151.0
Trd, 000016.500, 152
Trd, 000017.083, 152
Trd, 000017.583, 153
Trd, 000017.633, 153
Trd, 000017.783, 155
Trd, 000019.283, 175.0
Trd, 000019.983, 162
Trd, 000020.100, 162
Trd, 000020.417, 161
Trd, 000020.517, 163
Trd, 000020.917, 160
Trd, 000022.583, 154.0
Trd, 000022.817, 158
Trd, 000023.083, 151.0
Trd, 000023.450, 138
Trd, 000024.450, 151
Trd, 000025.050, 149
Trd, 000025.250, 149
Trd, 000025.417, 152
Trd, 000027.200, 151
Trd, 000027.833, 151
Trd, 000028.450, 151
Trd, 000028.667, 152
Trd, 000029.100, 153
Trd, 000029.250, 150
Trd, 000029.317, 155
Trd, 000029.600, 160
Trd, 000031.783, 157
Trd, 000031.983, 152
Trd, 000032.450, 152
Trd, 000032.817, 151.0
Trd, 000033.783, 155
Trd, 000034.050, 156
Trd, 000034.950, 155.0
Trd, 000034.967, 157
Trd, 000035.283, 154
Trd, 000035.783, 156
Trd, 000036.017, 157
Trd, 000036.517, 156
Trd, 000038.267, 155.0
Trd, 000038.900, 156
Trd, 000039.000, 158
Trd, 000039.017, 168.0
Trd, 000040.250, 148
Trd, 000040.767, 150
Trd, 000041.333, 152
Trd, 000042.033, 152
Trd, 000043.033, 154
Trd, 000043.350, 154
Trd, 000043.383, 153
Trd, 000044.133, 154
Trd, 000044.517, 155
Trd, 000044.833, 153
Trd, 000045.117, 159
Trd, 000045.233, 158
Trd, 000046.067, 158
Trd, 000046.850, 159
Trd, 000047.517, 164.0
Trd, 000047.567, 165.0
Trd, 000048.717, 159
Trd, 000049.350, 159
Trd, 000050.383, 159
Trd, 000050.683, 158
Trd, 000051.417, 158
Trd, 000051.783, 155.0
Trd, 000051.933, 159
Trd, 000052.350, 160
Trd, 000053.083, 159
Trd, 000053.533, 156
Trd, 000053.900, 156
Trd, 000054.133, 155.0
Trd, 000054.400, 156.0
Trd, 000054.933, 155.0
Trd, 000055.417, 163
Trd, 000055.650, 154
Trd, 000055.883, 151.0
Trd, 000057.500, 157
Trd, 000058.850, 156.0
Trd, 000059.233, 156.0
Trd, 000059.517, 155.0
Trd, 000059.683, 155
Trd, 000059.800, 156
Trd, 000060.400, 157
Trd, 000060.800, 156
Trd, 000061.183, 154
Trd, 000061.567, 154
Trd, 000062.617, 153.0
Trd, 000062.983, 154
Trd, 000063.217, 153
Trd, 000063.300, 152
Trd, 000064.483, 152.0
Trd, 000064.783, 152
Trd, 000064.950, 151.0
Trd, 000065.433, 152
Trd, 000066.650, 154
Trd, 000066.950, 153.0
Trd, 000067.650, 154
Trd, 000067.767, 153
Trd, 000068.583, 151
Trd, 000068.867, 153
Trd, 000069.583, 153
Trd, 000070.033, 150
Trd, 000070.800, 147
Trd, 000070.983, 149
Trd, 000071.233, 141
Trd, 000071.933, 136
Trd, 000072.017, 147
Trd, 000072.467, 144
Trd, 000073.983, 145
Trd, 000074.250, 144
Trd, 000074.617, 146
Trd, 000075.050, 145
Trd, 000075.200, 147
Trd, 000076.417, 155
Trd, 000077.767, 145
Trd, 000077.850, 148
Trd, 000077.867, 144
Trd, 000078.933, 147
Trd, 000080.133, 144
Trd, 000080.217, 143
Trd, 000080.367, 145
Trd, 000081.800, 147
Trd, 000082.883, 146
Trd, 000083.150, 148
Trd, 000083.417, 148.0
Trd, 000083.500, 147
Trd, 000083.917, 148
Trd, 000084.417, 149
Trd, 000084.533, 126
Trd, 000084.817, 156
Trd, 000085.750, 146
Trd, 000086.750, 144
Trd, 000087.767, 140
Trd, 000087.950, 141.0
Trd, 000087.983, 148.0
Trd, 000090.483, 142
Trd, 000090.617, 144.0
Trd, 000090.633, 146
Trd, 000090.900, 146
Trd, 000091.783, 157
Trd, 000092.767, 159.0
Trd, 000092.800, 168.0
Trd, 000093.067, 159
Trd, 000093.650, 159
Trd, 000093.683, 158
Trd, 000094.833, 162
Trd, 000096.050, 163
Trd, 000096.650, 163.0
Trd, 000096.800, 164
Trd, 000097.150, 161
Trd, 000097.617, 166
Trd, 000097.783, 168.0
Trd, 000099.067, 160
Trd, 000099.833, 158
Trd, 000100.150, 155
Trd, 000100.250, 134
Trd, 000100.967, 137
Trd, 000101.067, 150
Trd, 000102.483, 146
Trd, 000102.667, 147
Trd, 000103.033, 146
Trd, 000103.433, 146
Trd, 000103.500, 147
Trd, 000104.683, 148
Trd, 000104.783, 146
Trd, 000106.767, 153
Trd, 000107.183, 147
Trd, 000107.767, 154
Trd, 000108.083, 154
Trd, 000108.133, 155
Trd, 000108.317, 153
Trd, 000108.700, 166.0
Trd, 000109.083, 156
Trd, 000109.617, 180
Trd, 000111.450, 162
Trd, 000112.300, 164
Trd, 000113.067, 165
Trd, 000113.450, 162.0
Trd, 000113.850, 164
Trd, 000115.567, 163
Trd, 000115.817, 164
Trd, 000115.950, 163
Trd, 000116.017, 165
Trd, 000116.083, 162.0
Trd, 000116.617, 155.0
Trd, 000118.800, 157
Trd, 000119.533, 157
Trd, 000119.933, 159.0
Trd, 000120.733, 158.0
Trd, 000120.900, 157.0
Trd, 000121.150, 151.0
Trd, 000121.683, 155
Trd, 000122.300, 126
Trd, 000122.400, 148
Trd, 000123.100, 149
Trd, 000123.367, 149
Trd, 000123.817, 148
Trd, 000123.933, 149
Trd, 000124.167, 155
Trd, 000124.450, 135
Trd, 000125.617, 155
Trd, 000126.017, 149
Trd, 000126.167, 143
Trd, 000126.267, 155
Trd, 000126.700, 155
Trd, 000127.233, 152
Trd, 000127.750, 154
Trd, 000128.350, 156.0
Trd, 000128.817, 168.0
Trd, 000130.900, 166
Trd, 000131.017, 161
Trd, 000131.067, 160
Trd, 000133.333, 159
Trd, 000133.383, 161
Trd, 000133.633, 162
Trd, 000133.717, 156.0
Trd, 000134.100, 131.0
Trd, 000134.567, 147
Trd, 000134.767, 150
Trd, 000135.267, 128
Trd, 000135.850, 164
Trd, 000136.683, 141
Trd, 000138.500, 158
Trd, 000138.617, 162.0
Trd, 000139.367, 151
Trd, 000140.150, 154
Trd, 000141.150, 153.0
Trd, 000141.633, 154
Trd, 000142.217, 154
Trd, 000142.517, 154
Trd, 000142.583, 153
Trd, 000142.683, 152
Trd, 000142.933, 156
Trd, 000144.250, 158.0
Trd, 000144.467, 158.0
Trd, 000145.617, 157.0
Trd, 000146.417, 159.0
Trd, 000147.183, 156
Trd, 000147.200, 159
Trd, 000147.550, 159
Trd, 000148.167, 158.0
Trd, 000148.867, 156.0
Trd, 000149.800, 156
Trd, 000149.983, 155.0
Trd, 000150.617, 155
Trd, 000151.350, 154
Trd, 000151.733, 153
Trd, 000152.600, 152
Trd, 000152.733, 155
Trd, 000153.017, 151.0
Trd, 000153.117, 158
Trd, 000154.600, 131.0
Trd, 000155.750, 137
Trd, 000156.200, 140
Trd, 000156.900, 138
Trd, 000157.150, 139
Trd, 000157.617, 144.0
Trd, 000157.767, 141
Trd, 000157.917, 141
Trd, 000158.450, 148.0
Trd, 000158.483, 157
Trd, 000158.683, 167.0
Trd, 000158.867, 155
Trd, 000159.867, 173
Trd, 000160.017, 150
Trd, 000161.900, 157
Trd, 000162.200, 156
Trd, 000162.333, 154
Trd, 000163.633, 155
Trd, 000164.433, 154
Trd, 000164.833, 152
Trd, 000165.417, 151
Trd, 000165.467, 152
Trd, 000165.750, 155.0
Trd, 000166.417, 155
Trd, 000166.550, 156
Trd, 000167.667, 157
Trd, 000168.017, 168.0
Trd, 000168.200, 157.0
Trd, 000168.217, 155.0
Trd, 000169.383, 157
Trd, 000171.083, 159
Trd, 000171.317, 158
Trd, 000171.333, 156
Trd, 000172.283, 159
Trd, 000172.717, 158
Trd, 000172.933, 157
Trd, 000173.700, 155.0
Trd, 000173.800, 156
Trd, 000174.183, 155
Trd, 000174.467, 167
Trd, 000174.833, 152
Trd, 000175.150, 143
Trd, 000176.333, 151
Trd, 000176.633, 143
Trd, 000177.150, 155.0
Trd, 000178.100, 159
Trd, 000178.317, 151.0
Trd, 000179.683, 137
Trd, 000180.067, 136
Trd, 000180.900, 135
Trd, 000182.033, 137.0
Trd, 000183.050, 141.0
Trd, 000183.333, 141
Trd, 000183.533, 145
Trd, 000184.033, 147.0
Trd, 000184.683, 148.0
Trd, 000185.433, 146.0
Trd, 000185.800, 146.0
Trd, 000186.100, 145
Trd, 000186.200, 142.0
Trd, 000186.600, 147.0
Trd, 000186.667, 147.0
Trd, 000186.833, 147
Trd, 000187.000, 147
Trd, 000187.383, 147.0
Trd, 000188.167, 147
Trd, 000189.883, 150
Trd, 000190.767, 151
Trd, 000191.300, 155
Trd, 000191.467, 155
Trd, 000192.183, 153
Trd, 000192.450, 155.0
Trd, 000192.617, 168.0
Trd, 000193.367, 157
Trd, 000193.800, 159
Trd, 000194.500, 174
Trd, 000195.017, 159
Trd, 000195.133, 174
Trd, 000195.783, 159
Trd, 000196.183, 158
Trd, 000196.500, 132.0
Trd, 000197.283, 146
Trd, 000197.383, 147
Trd, 000197.850, 133.0
Trd, 000198.100, 147.0
Trd, 000199.400, 141
Trd, 000199.700, 145
Trd, 000200.133, 144
Trd, 000200.683, 148.0
Trd, 000201.433, 134.0
Trd, 000201.667, 155.0
Trd, 000202.083, 144
Trd, 000204.017, 143
Trd, 000204.250, 146
Trd, 000205.033, 152
Trd, 000205.133, 147
Trd, 000205.733, 152
Trd, 000205.983, 152
Trd, 000206.150, 152
Trd, 000206.600, 152
Trd, 000207.633, 153
Trd, 000207.783, 152
Trd, 000207.817, 151
Trd, 000208.117, 155
Trd, 000209.883, 167.0
Trd, 000209.900, 163
Trd, 000210.450, 160
Trd, 000211.000, 159
Trd, 000211.583, 160
Trd, 000212.050, 161
Trd, 000212.800, 165
Trd, 000213.517, 164
Trd, 000213.550, 163
Trd, 000213.850, 163
Trd, 000213.917, 164
Trd, 000214.067, 168.0
Trd, 000214.533, 162
Trd, 000215.950, 138
Trd, 000216.067, 140.0
Trd, 000216.600, 140.0
Trd, 000216.750, 141.0
Trd, 000216.867, 149
Trd, 000217.483, 150
Trd, 000217.900, 135
Trd, 000218.500, 155
Trd, 000219.117, 155
Trd, 000219.217, 135.0
Trd, 000219.300, 134.0
Trd, 000220.317, 147
Trd, 000220.883, 141.0
Trd, 000222.100, 143
Trd, 000222.433, 142
Trd, 000222.467, 143
Trd, 000223.017, 141
Trd, 000223.300, 142
Trd, 000223.783, 142
Trd, 000223.883, 143.0
Trd, 000224.233, 144.0
Trd, 000224.333, 142
Trd, 000225.317, 144
Trd, 000226.083, 147.0
Trd, 000226.633, 143
Trd, 000226.983, 147.0
Trd, 000227.150, 143
Trd, 000229.483, 153
Trd, 000230.567, 149
Trd, 000230.767, 150
Trd, 000230.933, 168.0
Trd, 000231.983, 160
Trd, 000232.033, 159
Trd, 000233.450, 159
Trd, 000233.783, 158
Trd, 000234.133, 157
Trd, 000234.550, 155
Trd, 000235.033, 157.0
Trd, 000235.417, 158
Trd, 000235.983, 157.0
Trd, 000236.300, 155.0
Trd, 000236.350, 151.0
Trd, 000236.400, 126
Trd, 000236.750, 167.0
Trd, 000238.017, 161
Trd, 000239.150, 158
Trd, 000239.500, 155
Trd, 000239.633, 156.0
Trd, 000239.967, 156.0
Trd, 000240.000, 155.0
Trd, 000240.333, 157
Trd, 000240.783, 154
Trd, 000241.567, 154
Trd, 000241.850, 154
Trd, 000242.417, 155
Trd, 000243.483, 168
Trd, 000243.750, 168.0
Trd, 000244.017, 167
Trd, 000244.583, 169.0
Trd, 000244.633, 172.0
Trd, 000244.967, 170
Trd, 000245.350, 167
Trd, 000246.083, 166
Trd, 000246.283, 162.0
Trd, 000246.967, 162
Trd, 000247.050, 162.0
Trd, 000247.217, 161.0
Trd, 000247.633, 161
Trd, 000247.867, 158.0
Trd, 000248.467, 162
Trd, 000249.050, 155.0
Trd, 000249.450, 152
Trd, 000249.600, 141.0
Trd, 000249.633, 150
Trd, 000250.567, 147
Trd, 000250.900, 143
Trd, 000251.667, 141.0
Trd, 000251.967, 141
Trd, 000252.167, 147
Trd, 000252.833, 144
Trd, 000253.200, 135.0
Trd, 000253.533, 136.0
Trd, 000253.783, 139.0
Trd, 000254.050, 148.0
Trd, 000254.150, 138.0
Trd, 000254.367, 171
Trd, 000255.067, 146.0
Trd, 000256.567, 147
Trd, 000256.783, 146
Trd, 000257.567, 145
Trd, 000258.050, 145
Trd, 000259.567, 133.0
Trd, 000259.700, 137
Trd, 000259.817, 141
Trd, 000260.167, 139
Trd, 000260.467, 141.0
Trd, 000260.700, 145
Trd, 000260.950, 144.0
Trd, 000261.700, 146.0
Trd, 000261.733, 146
Trd, 000261.983, 140
Trd, 000262.383, 148.0
Trd, 000262.633, 138.0
Trd, 000263.017, 143
Trd, 000263.500, 144
Trd, 000263.783, 145
Trd, 000264.100, 143
Trd, 000264.450, 142
Trd, 000265.617, 143
Trd, 000265.950, 144.0
Trd, 000266.117, 143
Trd, 000266.833, 143
Trd, 000266.967, 145
Trd, 000267.450, 155
Trd, 000267.983, 149
Trd, 000268.300, 167.0
Trd, 000269.550, 155
Trd, 000269.967, 158.0
Trd, 000270.883, 157
Trd, 000271.117, 158
Trd, 000271.233, 158
Trd, 000271.650, 159
Trd, 000272.133, 159
Trd, 000272.200, 158
Trd, 000273.017, 163
Trd, 000273.233, 158
Trd, 000273.350, 158
Trd, 000273.383, 159
Trd, 000273.483, 155.0
Trd, 000273.550, 157
Trd, 000274.067, 153
Trd, 000274.150, 156
Trd, 000275.900, 158.0
Trd, 000276.083, 151.0
Trd, 000276.300, 152.0
Trd, 000276.617, 152.0
Trd, 000276.917, 145.0
Trd, 000277.267, 144.0
Trd, 000277.517, 142
Trd, 000277.933, 150
Trd, 000278.700, 135.0
Trd, 000278.967, 135.0
Trd, 000279.333, 140
Trd, 000279.800, 141
Trd, 000279.833, 145
Trd, 000280.050, 152
Trd, 000280.317, 155
Trd, 000280.717, 149.0
Trd, 000282.000, 154
Trd, 000282.600, 152.0
Trd, 000282.733, 150.0
Trd, 000283.300, 135.0
Trd, 000283.433, 134.0
Trd, 000283.683, 136
Trd, 000283.800, 140
Trd, 000284.067, 141.0
Trd, 000284.717, 148.0
Trd, 000285.417, 151
Trd, 000285.483, 154
Trd, 000285.717, 150
Trd, 000285.750, 149
Trd, 000285.967, 152
Trd, 000286.433, 154
Trd, 000286.817, 155
Trd, 000286.983, 150
Trd, 000287.267, 154
Trd, 000288.500, 166.0
Trd, 000289.183, 165.0
Trd, 000289.217, 158.0
Trd, 000289.267, 154
Trd, 000289.983, 136.0
Trd, 000290.050, 135.0
Trd, 000290.267, 138.0
Trd, 000290.500, 144.0
Trd, 000290.583, 148.0
Trd, 000292.233, 144
Trd, 000292.883, 154
Trd, 000293.417, 146
Trd, 000293.633, 155
Trd, 000293.983, 147
Trd, 000294.467, 153
Trd, 000294.483, 148
Trd, 000294.600, 155
Trd, 000295.650, 147
Trd, 000296.217, 153
Trd, 000296.683, 155
Trd, 000296.700, 153
Trd, 000296.800, 153
Trd, 000297.350, 155
Trd, 000297.833, 156
Trd, 000298.317, 156
Trd, 000298.933, 162
Trd, 000299.217, 161
Trd, 000299.617, 155.0
