Trd, 000002.167, 115
Trd, 000002.183, 117.0
Trd, 000002.750, 120.0
Trd, 000003.967, 148.0
Trd, 000004.133, 137.0
Trd, 000004.300, 147.0
Trd, 000004.933, 133
Trd, 000005.050, 131.0
Trd, 000005.367, 147
Trd, 000007.233, 138.0
Trd, 000007.250, 137.0
Trd, 000008.767, 135
Trd, 000009.117, 137.0
Trd, 000009.217, 142
Trd, 000009.400, 152
Trd, 000009.717, 154.0
Trd, 000010.733, 149
Trd, 000010.800, 148
Trd, 000010.933, 153.0
Trd, 000010.983, 154.0
Trd, 000011.683, 153
Trd, 000011.983, 153
Trd, 000012.100, 147
Trd, 000012.683, 141.0
Trd, 000012.867, 154
Trd, 000013.017, 139
Trd, 000013.083, 138
Trd, 000014.167, 153
Trd, 000014.783, 142
Trd, 000015.150, 150
Trd, 000016.400, 141.0
Trd, 000016.533, 153.0
Trd, 000017.017, 144
Trd, 000017.350, 144
Trd, 000017.583, 153
Trd, 000018.617, 151
Trd, 000019.183, 150.0
Trd, 000019.250, 148.0
Trd, 000019.650, 141.0
Trd, 000019.900, 130
Trd, 000020.600, 147
Trd, 000020.767, 148
Trd, 000021.600, 155.0
Trd, 000022.117, 143
Trd, 000022.567, 143
Trd, 000022.983, 149
Trd, 000023.417, 148
Trd, 000023.833, 145
Trd, 000024.867, 148
Trd, 000025.200, 145
Trd, 000025.600, 144
Trd, 000026.067, 147
Trd, 000026.117, 148.0
Trd, 000026.667, 149
Trd, 000026.750, 144
Trd, 000027.867, 141.0
Trd, 000027.917, 148
Trd, 000028.317, 149
Trd, 000028.367, 137.0
Trd, 000029.550, 141
Trd, 000029.567, 140
Trd, 000029.883, 149
Trd, 000030.283, 138
Trd, 000030.700, 150
Trd, 000031.617, 142
Trd, 000033.350, 144
Trd, 000033.517, 143
Trd, 000033.733, 146
Trd, 000034.350, 141
Trd, 000034.533, 141.0
Trd, 000035.200, 138.0
Trd, 000035.283, 137.0
Trd, 000035.883, 135
Trd, 000036.317, 138
Trd, 000038.033, 137
Trd, 000038.233, 138
Trd, 000038.750, 142
Trd, 000038.850, 137
Trd, 000039.033, 144.0
Trd, 000039.150, 137
Trd, 000039.167, 136
Trd, 000039.350, 155.0
Trd, 000041.633, 157.0
Trd, 000041.750, 158.0
Trd, 000041.783, 146
Trd, 000042.067, 147
Trd, 000042.217, 145
Trd, 000042.267, 160
Trd, 000042.533, 138.0
Trd, 000042.800, 137.0
Trd, 000043.633, 139
Trd, 000044.367, 140
Trd, 000045.117, 139.0
Trd, 000045.333, 141
Trd, 000046.083, 144.0
Trd, 000046.500, 144
Trd, 000046.800, 140.0
Trd, 000046.883, 155.0
Trd, 000048.017, 138
Trd, 000048.217, 137.0
Trd, 000048.933, 138
Trd, 000049.083, 137
Trd, 000050.417, 134.0
Trd, 000050.433, 131.0
Trd, 000051.517, 142
Trd, 000052.667, 137.0
Trd, 000052.783, 136
Trd, 000053.500, 140
Trd, 000053.533, 142
Trd, 000054.467, 144.0
Trd, 000054.717, 138
Trd, 000055.700, 139
Trd, 000055.833, 143
Trd, 000056.200, 144
Trd, 000056.217, 139
Trd, 000057.017, 142
Trd, 000057.800, 141
Trd, 000057.967, 143
Trd, 000058.250, 140
Trd, 000058.450, 144.0
Trd, 000058.833, 141
Trd, 000058.917, 140
Trd, 000059.850, 148.0
Trd, 000060.500, 146
Trd, 000060.967, 146
Trd, 000061.300, 151.0
Trd, 000061.483, 145
Trd, 000062.083, 151
Trd, 000062.783, 136
Trd, 000063.617, 137.0
Trd, 000063.717, 131.0
Trd, 000063.950, 141
Trd, 000064.267, 142
Trd, 000064.683, 142
Trd, 000065.433, 141
Trd, 000065.767, 142
Trd, 000066.183, 141
Trd, 000067.467, 141
Trd, 000067.917, 138
Trd, 000068.283, 141
Trd, 000068.467, 138
Trd, 000069.550, 141
Trd, 000069.883, 142
Trd, 000070.150, 136
Trd, 000070.483, 137
Trd, 000070.767, 136
Trd, 000071.033, 144.0
Trd, 000071.200, 136
Trd, 000072.300, 141
Trd, 000072.533, 142
Trd, 000072.850, 139.0
Trd, 000073.250, 139.0
Trd, 000073.983, 142
Trd, 000074.000, 143
Trd, 000074.817, 143
Trd, 000075.633, 144.0
Trd, 000076.167, 148.0
Trd, 000077.050, 141
Trd, 000077.450, 142
Trd, 000077.683, 155.0
Trd, 000077.800, 142
Trd, 000078.683, 158.0
Trd, 000078.700, 154
Trd, 000079.183, 161
Trd, 000079.700, 154
Trd, 000079.817, 153
Trd, 000080.233, 151
Trd, 000081.383, 148.0
Trd, 000081.833, 152
Trd, 000082.183, 151
Trd, 000082.217, 150
Trd, 000082.633, 152
Trd, 000083.483, 150
Trd, 000084.633, 146
Trd, 000085.267, 147.0
Trd, 000085.450, 146
Trd, 000085.850, 148.0
Trd, 000086.733, 145
Trd, 000086.833, 144
Trd, 000087.567, 135
Trd, 000087.633, 148.0
Trd, 000088.350, 138
Trd, 000088.883, 141
Trd, 000089.350, 146
Trd, 000089.450, 147
Trd, 000089.583, 139
Trd, 000090.083, 138.0
Trd, 000090.233, 137.0
Trd, 000090.283, 131.0
Trd, 000091.333, 146
Trd, 000091.717, 145
Trd, 000091.917, 148
Trd, 000092.150, 137
Trd, 000092.467, 137.0
Trd, 000092.583, 136
Trd, 000093.200, 131.0
Trd, 000093.533, 126
Trd, 000094.383, 119
Trd, 000094.633, 138
Trd, 000095.517, 138
Trd, 000095.600, 144.0
Trd, 000095.617, 137.0
Trd, 000095.917, 148.0
Trd, 000096.117, 155.0
Trd, 000096.383, 131.0
Trd, 000096.833, 137.0
Trd, 000097.617, 149
Trd, 000097.817, 142
Trd, 000098.017, 152.0
Trd, 000098.883, 143
Trd, 000099.150, 153
Trd, 000099.567, 153
Trd, 000099.850, 146
Trd, 000100.867, 155.0
Trd, 000100.883, 151
Trd, 000101.617, 151
Trd, 000101.967, 132.0
Trd, 000102.317, 124.0
Trd, 000103.583, 154
Trd, 000103.933, 131
Trd, 000104.500, 126
Trd, 000105.700, 135.0
Trd, 000105.917, 132
Trd, 000106.100, 137.0
Trd, 000106.767, 138
Trd, 000107.733, 139
Trd, 000108.117, 139
Trd, 000108.167, 138
Trd, 000108.233, 143
Trd, 000108.250, 137.0
Trd, 000109.867, 146
Trd, 000110.283, 145
Trd, 000110.383, 154.0
Trd, 000110.600, 154.0
Trd, 000111.267, 147
Trd, 000111.350, 154.0
Trd, 000111.700, 146
Trd, 000112.617, 145
Trd, 000113.000, 141.0
Trd, 000113.483, 149
Trd, 000114.683, 146
Trd, 000115.950, 151.0
Trd, 000116.250, 151.0
Trd, 000116.717, 151.0
Trd, 000117.617, 149
Trd, 000118.200, 149
Trd, 000118.217, 148
Trd, 000119.150, 150
Trd, 000119.900, 149
Trd, 000120.200, 148
Trd, 000120.750, 151
Trd, 000120.867, 151
Trd, 000121.250, 150.0
Trd, 000121.617, 150.0
Trd, 000122.300, 148.0
Trd, 000122.767, 149
Trd, 000123.433, 147
Trd, 000124.033, 148
Trd, 000124.900, 146
Trd, 000125.217, 147
Trd, 000125.317, 145
Trd, 000125.550, 144
Trd, 000125.650, 140
Trd, 000126.300, 139.0
Trd, 000126.867, 140.0
Trd, 000127.283, 140.0
Trd, 000127.583, 137.0
Trd, 000127.967, 147.0
Trd, 000128.433, 138
Trd, 000128.717, 146
Trd, 000128.767, 137
Trd, 000129.250, 136
Trd, 000130.217, 144
Trd, 000130.467, 137
Trd, 000132.283, 141
Trd, 000132.550, 144
Trd, 000133.483, 141
Trd, 000134.017, 143.0
Trd, 000134.983, 142
Trd, 000135.583, 143
Trd, 000135.667, 142
Trd, 000135.867, 141.0
Trd, 000136.667, 140
Trd, 000136.900, 141
Trd, 000137.533, 143
Trd, 000137.817, 143
Trd, 000139.150, 141
Trd, 000140.067, 141
Trd, 000140.583, 144.0
Trd, 000140.717, 148.0
Trd, 000140.900, 140
Trd, 000141.283, 152
Trd, 000141.583, 142
Trd, 000141.917, 137
Trd, 000142.017, 137.0
Trd, 000142.167, 146
Trd, 000142.467, 148.0
Trd, 000142.967, 131
Trd, 000143.317, 137.0
Trd, 000143.683, 136
Trd, 000143.850, 137.0
Trd, 000144.333, 140
Trd, 000144.883, 139
Trd, 000145.317, 143
Trd, 000145.400, 144.0
Trd, 000145.950, 149
Trd, 000146.283, 152.0
Trd, 000146.833, 148
Trd, 000147.317, 149.0
Trd, 000147.533, 148
Trd, 000147.800, 150
Trd, 000148.067, 148.0
Trd, 000148.217, 149
Trd, 000149.250, 150
Trd, 000149.767, 148
Trd, 000151.050, 147
Trd, 000151.150, 149
Trd, 000151.483, 146
Trd, 000151.500, 151.0
Trd, 000152.533, 152
Trd, 000152.800, 153.0
Trd, 000153.150, 141.0
Trd, 000154.283, 151
Trd, 000154.500, 149
Trd, 000154.933, 151
Trd, 000155.400, 148
Trd, 000155.750, 148
Trd, 000156.217, 156.0
Trd, 000157.317, 148
Trd, 000158.400, 142.0
Trd, 000158.650, 150
Trd, 000158.783, 147
Trd, 000160.000, 146
Trd, 000160.417, 142.0
Trd, 000161.250, 141.0
Trd, 000161.400, 144
Trd, 000161.433, 144.0
Trd, 000161.617, 140
Trd, 000162.083, 143
Trd, 000162.567, 140
Trd, 000162.683, 142
Trd, 000163.633, 143
Trd, 000164.100, 148.0
Trd, 000165.000, 131.0
Trd, 000165.600, 144
Trd, 000165.717, 138.0
Trd, 000166.700, 141
Trd, 000167.333, 143.0
Trd, 000167.517, 144.0
Trd, 000167.683, 141.0
Trd, 000167.717, 148.0
Trd, 000168.100, 138.0
Trd, 000168.333, 137.0
Trd, 000169.267, 137
Trd, 000170.167, 137
Trd, 000170.600, 142
Trd, 000171.317, 142
Trd, 000171.783, 143
Trd, 000171.917, 138
Trd, 000172.133, 143
Trd, 000172.583, 136
Trd, 000173.217, 144.0
Trd, 000173.700, 138
Trd, 000173.850, 138
Trd, 000173.917, 137
Trd, 000174.367, 143
Trd, 000174.850, 144.0
Trd, 000175.067, 144
Trd, 000176.633, 138
Trd, 000177.350, 139.0
Trd, 000177.700, 137.0
Trd, 000177.967, 140
Trd, 000178.417, 144
Trd, 000178.733, 135.0
Trd, 000179.183, 137
Trd, 000180.200, 147.0
Trd, 000180.733, 137
Trd, 000181.617, 143
Trd, 000181.700, 137
Trd, 000181.800, 150
Trd, 000181.867, 138.0
Trd, 000183.917, 154.0
Trd, 000184.217, 145
Trd, 000184.750, 146
Trd, 000184.817, 144
Trd, 000184.900, 148
Trd, 000185.450, 144
Trd, 000185.867, 141.0
Trd, 000187.567, 131.0
Trd, 000187.933, 137.0
Trd, 000188.333, 131
Trd, 000188.583, 137.0
Trd, 000188.983, 141
Trd, 000189.500, 140
Trd, 000189.783, 140
Trd, 000190.267, 140
Trd, 000190.550, 144
Trd, 000190.933, 144
Trd, 000191.283, 153.0
Trd, 000191.817, 154.0
Trd, 000192.117, 147
Trd, 000193.483, 147
Trd, 000194.133, 146
Trd, 000194.150, 145
Trd, 000194.817, 145
Trd, 000195.033, 144
Trd, 000195.133, 143
Trd, 000195.183, 152
Trd, 000196.117, 141.0
Trd, 000196.833, 148.0
Trd, 000197.667, 140.0
Trd, 000198.133, 139.0
Trd, 000198.167, 132
Trd, 000198.683, 149
Trd, 000198.983, 128.0
Trd, 000199.583, 142
Trd, 000200.433, 137.0
Trd, 000201.517, 139
Trd, 000201.583, 144.0
Trd, 000201.983, 141
Trd, 000202.817, 141
Trd, 000203.033, 142
Trd, 000203.133, 143
Trd, 000204.383, 145
Trd, 000204.467, 144
Trd, 000204.667, 143
Trd, 000204.900, 153.0
Trd, 000205.067, 146
Trd, 000206.533, 150
Trd, 000206.750, 149
Trd, 000207.367, 146
Trd, 000207.400, 151.0
Trd, 000208.150, 144
Trd, 000208.267, 141.0
Trd, 000209.267, 148
Trd, 000209.867, 141
Trd, 000210.033, 138.0
Trd, 000210.150, 139
Trd, 000210.217, 147
Trd, 000210.950, 147
Trd, 000211.550, 147
Trd, 000211.567, 146
Trd, 000211.783, 144
Trd, 000211.967, 137.0
Trd, 000212.083, 134
Trd, 000212.767, 148
Trd, 000213.567, 139
Trd, 000215.217, 141
Trd, 000215.433, 141
Trd, 000216.083, 141
Trd, 000216.183, 141
Trd, 000216.550, 145
Trd, 000216.600, 148.0
Trd, 000218.533, 146
Trd, 000219.217, 145
Trd, 000219.700, 145
Trd, 000219.800, 144
Trd, 000220.450, 146.0
Trd, 000221.217, 145
Trd, 000221.450, 142
Trd, 000221.517, 141
Trd, 000221.833, 141.0
Trd, 000222.033, 140
Trd, 000222.167, 140
Trd, 000222.317, 137.0
Trd, 000224.450, 142
Trd, 000224.800, 142
Trd, 000225.217, 144.0
Trd, 000225.550, 141
Trd, 000225.617, 140
Trd, 000225.850, 142
Trd, 000226.167, 141
Trd, 000226.300, 140
Trd, 000226.617, 143
Trd, 000227.867, 139.0
Trd, 000228.283, 140.0
Trd, 000228.650, 137.0
Trd, 000229.650, 142
Trd, 000229.833, 143
Trd, 000230.883, 131.0
Trd, 000231.150, 125.0
Trd, 000231.183, 141
Trd, 000232.400, 134
Trd, 000232.450, 137.0
Trd, 000233.467, 131
Trd, 000233.900, 140
Trd, 000234.783, 134
Trd, 000235.483, 138
Trd, 000237.250, 138.0
Trd, 000237.600, 139
Trd, 000237.650, 139
Trd, 000237.750, 141
Trd, 000239.100, 148.0
Trd, 000239.183, 154.0
Trd, 000239.233, 138
Trd, 000239.383, 138
Trd, 000239.400, 137
Trd, 000239.733, 155.0
Trd, 000239.767, 131.0
Trd, 000240.217, 154
Trd, 000241.850, 150
Trd, 000241.900, 145
Trd, 000242.100, 150
Trd, 000242.200, 145
Trd, 000242.533, 145
Trd, 000243.000, 149
Trd, 000243.233, 148
Trd, 000244.033, 147
Trd, 000244.500, 147
Trd, 000245.133, 146
Trd, 000245.217, 144
Trd, 000245.367, 142.0
Trd, 000245.683, 146
Trd, 000245.733, 141.0
Trd, 000246.417, 147.0
Trd, 000246.967, 147
Trd, 000247.100, 147
Trd, 000247.300, 140
Trd, 000247.683, 141
Trd, 000247.700, 141.0
Trd, 000248.033, 155.0
Trd, 000248.667, 158.0
Trd, 000248.767, 155
Trd, 000249.300, 160
Trd, 000250.350, 151
Trd, 000250.383, 148
Trd, 000251.167, 156
Trd, 000251.300, 150
Trd, 000251.533, 154
Trd, 000251.567, 160
Trd, 000251.633, 149
Trd, 000251.783, 148.0
Trd, 000252.650, 137.0
Trd, 000253.183, 136
Trd, 000253.400, 148
Trd, 000253.617, 149
Trd, 000254.833, 147
Trd, 000254.867, 148
Trd, 000255.450, 148
Trd, 000255.517, 147
Trd, 000255.600, 148
Trd, 000256.883, 146
Trd, 000257.200, 141.0
Trd, 000257.467, 148.0
Trd, 000257.833, 151.0
Trd, 000258.117, 151
Trd, 000258.367, 149
Trd, 000258.383, 151.0
Trd, 000258.450, 149
Trd, 000258.517, 145
Trd, 000259.633, 144
Trd, 000260.183, 152.0
Trd, 000260.883, 150
Trd, 000261.017, 151.0
Trd, 000261.233, 155.0
Trd, 000261.950, 153
Trd, 000262.050, 148.0
Trd, 000262.583, 149.0
Trd, 000263.567, 147
Trd, 000264.083, 151.0
Trd, 000264.133, 148
Trd, 000264.500, 147
Trd, 000264.683, 143.0
Trd, 000264.967, 150
Trd, 000266.233, 150.0
Trd, 000266.617, 151.0
Trd, 000267.150, 149.0
Trd, 000267.933, 147
Trd, 000267.950, 148
Trd, 000267.983, 150
Trd, 000268.333, 146
Trd, 000269.000, 150
Trd, 000269.050, 150.0
Trd, 000269.467, 149
Trd, 000269.567, 151.0
Trd, 000269.800, 149
Trd, 000270.117, 146
Trd, 000270.750, 146
Trd, 000270.767, 144
Trd, 000271.150, 147
Trd, 000272.217, 143
Trd, 000272.383, 146
Trd, 000272.417, 147
Trd, 000272.533, 143.0
Trd, 000272.600, 148.0
Trd, 000274.133, 144.0
Trd, 000274.633, 149.0
Trd, 000274.717, 147
Trd, 000275.117, 149.0
Trd, 000275.133, 144
Trd, 000275.283, 151.0
Trd, 000275.350, 142.0
Trd, 000275.417, 141.0
Trd, 000276.267, 149
Trd, 000277.233, 149
Trd, 000277.467, 143
Trd, 000277.817, 145
Trd, 000278.017, 150
Trd, 000278.117, 150
Trd, 000278.617, 144.0
Trd, 000278.950, 138.0
Trd, 000278.983, 137.0
Trd, 000279.717, 136
Trd, 000281.283, 151.0
Trd, 000281.900, 151.0
Trd, 000282.233, 150
Trd, 000282.333, 151.0
Trd, 000282.400, 152
Trd, 000282.467, 153.0
Trd, 000282.500, 144
Trd, 000282.567, 140
Trd, 000282.583, 154
Trd, 000283.367, 155.0
Trd, 000284.450, 144.0
Trd, 000284.483, 148.0
Trd, 000284.783, 139.0
Trd, 000285.133, 137.0
Trd, 000285.233, 145
Trd, 000286.267, 148.0
Trd, 000286.517, 146
Trd, 000286.950, 148
Trd, 000287.250, 137
Trd, 000287.533, 137.0
Trd, 000287.700, 137
Trd, 000288.883, 144
Trd, 000290.100, 142
Trd, 000290.117, 145
Trd, 000290.233, 147.0
Trd, 000290.483, 140.0
Trd, 000290.517, 148.0
Trd, 000290.533, 151.0
Trd, 000290.867, 151.0
Trd, 000291.317, 141.0
Trd, 000291.617, 140.0
Trd, 000292.383, 148
Trd, 000292.400, 139.0
Trd, 000292.633, 138
Trd, 000293.417, 137.0
Trd, 000293.600, 131.0
Trd, 000293.950, 129
Trd, 000294.133, 141
Trd, 000294.150, 127.0
Trd, 000294.250, 143
Trd, 000294.967, 142
Trd, 000295.150, 124.0
Trd, 000295.217, 142
Trd, 000295.967, 144.0
Trd, 000296.167, 151.0
Trd, 000297.250, 142
Trd, 000297.283, 141
Trd, 000297.883, 141.0
Trd, 000298.067, 141
Trd, 000298.167, 151.0
Trd, 000298.317, 141.0
Trd, 000298.500, 142
Trd, 000299.083, 146
Trd, 000299.550, 144
