Trd, 000002.583, 106.0
Trd, 000003.150, 103.0
Trd, 000003.183, 131.0
Trd, 000003.667, 124.0
Trd, 000004.467, 149
Trd, 000004.867, 142
Trd, 000004.900, 143
Trd, 000005.967, 147
Trd, 000006.683, 146
Trd, 000007.000, 141.0
Trd, 000007.450, 153
Trd, 000007.833, 145
Trd, 000007.917, 154.0
Trd, 000010.233, 142
Trd, 000010.883, 143
Trd, 000011.750, 143
Trd, 000012.767, 142
Trd, 000012.817, 141.0
Trd, 000013.400, 144
Trd, 000013.650, 145
Trd, 000013.933, 141
Trd, 000014.850, 150
Trd, 000015.200, 156.0
Trd, 000015.333, 158.0
Trd, 000016.250, 149
Trd, 000017.150, 153
Trd, 000017.317, 160
Trd, 000017.383, 144
Trd, 000017.533, 159
Trd, 000017.933, 145
Trd, 000018.017, 142
Trd, 000018.383, 138
Trd, 000019.950, 155
Trd, 000020.333, 148
Trd, 000020.683, 155
Trd, 000021.650, 148
Trd, 000022.050, 151
Trd, 000022.233, 143
Trd, 000023.050, 154
Trd, 000024.167, 145
Trd, 000025.183, 150
Trd, 000025.367, 154.0
Trd, 000025.717, 141.0
Trd, 000025.800, 140
Trd, 000026.217, 154.0
Trd, 000026.850, 140
Trd, 000028.050, 148
Trd, 000028.217, 152
Trd, 000028.283, 153
Trd, 000029.050, 155.0
Trd, 000029.283, 139.0
Trd, 000030.150, 138
Trd, 000030.483, 139
Trd, 000031.033, 152.0
Trd, 000032.050, 151
Trd, 000033.567, 150.0
Trd, 000033.750, 150
Trd, 000033.883, 142
Trd, 000033.933, 142
Trd, 000034.033, 138
Trd, 000035.750, 147
Trd, 000036.150, 148
Trd, 000036.300, 141.0
Trd, 000036.350, 149
Trd, 000036.833, 158.0
Trd, 000037.117, 141
Trd, 000037.517, 142
Trd, 000038.950, 150
Trd, 000039.583, 148
Trd, 000041.050, 147
Trd, 000041.317, 147
Trd, 000041.767, 142
Trd, 000042.167, 137.0
Trd, 000042.767, 148
Trd, 000042.833, 141
Trd, 000044.067, 147
Trd, 000044.117, 145
Trd, 000044.517, 141.0
Trd, 000045.417, 148
Trd, 000047.067, 144
Trd, 000047.383, 145
Trd, 000047.717, 144
Trd, 000048.167, 147
Trd, 000049.733, 143
Trd, 000050.750, 143
Trd, 000051.167, 143
Trd, 000051.433, 142
Trd, 000051.550, 148
Trd, 000051.567, 148
Trd, 000052.233, 155.0
Trd, 000052.433, 158.0
Trd, 000052.817, 141.0
Trd, 000053.683, 141
Trd, 000053.750, 139
Trd, 000055.417, 142
Trd, 000055.500, 147
Trd, 000055.683, 147
Trd, 000055.850, 142
Trd, 000056.917, 147
Trd, 000058.333, 141.0
Trd, 000058.433, 146
Trd, 000058.650, 147
Trd, 000058.967, 141
Trd, 000059.333, 147
Trd, 000059.667, 141
Trd, 000060.000, 147
Trd, 000060.233, 147
Trd, 000060.700, 142
Trd, 000062.150, 144
Trd, 000062.500, 141
Trd, 000062.600, 145
Trd, 000062.883, 148
Trd, 000063.667, 141.0
Trd, 000063.933, 141
Trd, 000064.000, 140
Trd, 000065.050, 145
Trd, 000065.850, 148
Trd, 000065.933, 140
Trd, 000066.850, 149
Trd, 000068.133, 149
Trd, 000068.517, 146
Trd, 000068.583, 155.0
Trd, 000068.817, 145
Trd, 000068.983, 142
Trd, 000069.900, 146
Trd, 000070.383, 148
Trd, 000070.867, 141.0
Trd, 000071.833, 143
Trd, 000072.000, 142
Trd, 000072.033, 146
Trd, 000072.133, 140
Trd, 000072.150, 137
Trd, 000073.400, 143
Trd, 000073.733, 138
Trd, 000073.800, 143
Trd, 000075.283, 144
Trd, 000075.467, 147
Trd, 000075.550, 148
Trd, 000076.383, 143
Trd, 000077.267, 142
Trd, 000077.967, 142
Trd, 000078.317, 142
Trd, 000078.983, 142
Trd, 000079.650, 141
Trd, 000079.733, 144
Trd, 000080.067, 148
Trd, 000080.300, 155.0
Trd, 000081.267, 141
Trd, 000082.950, 149
Trd, 000083.333, 144
Trd, 000083.883, 155.0
Trd, 000084.333, 144
Trd, 000084.450, 155.0
Trd, 000084.633, 140
Trd, 000085.333, 137.0
Trd, 000085.450, 153
Trd, 000085.750, 158.0
Trd, 000087.817, 151
Trd, 000088.050, 150
Trd, 000088.717, 151
Trd, 000088.833, 141.0
Trd, 000088.900, 155.0
Trd, 000089.467, 137.0
Trd, 000089.667, 135
Trd, 000090.050, 158
Trd, 000090.150, 165.0
Trd, 000091.150, 138
Trd, 000091.350, 140
Trd, 000091.633, 154
Trd, 000092.950, 141.0
Trd, 000093.583, 147
Trd, 000093.750, 148
Trd, 000094.000, 150
Trd, 000094.300, 140
Trd, 000095.200, 149
Trd, 000095.683, 139
Trd, 000097.267, 143
Trd, 000097.533, 140
Trd, 000097.950, 142
Trd, 000098.117, 145
Trd, 000098.317, 148
Trd, 000099.933, 142
Trd, 000099.950, 141
Trd, 000100.533, 142
Trd, 000101.133, 141
Trd, 000101.350, 135
Trd, 000101.417, 145
Trd, 000104.200, 143
Trd, 000104.350, 139.0
Trd, 000104.733, 143
Trd, 000104.883, 146
Trd, 000104.900, 143
Trd, 000104.967, 152.0
Trd, 000105.250, 140
Trd, 000106.317, 148
Trd, 000106.417, 154
Trd, 000106.450, 143
Trd, 000108.383, 144
Trd, 000108.883, 150
Trd, 000109.133, 152
Trd, 000109.233, 144
Trd, 000109.500, 158.0
Trd, 000109.900, 168.0
Trd, 000110.667, 143
Trd, 000111.167, 142
Trd, 000111.267, 143
Trd, 000112.000, 152
Trd, 000112.450, 153
Trd, 000112.750, 154
Trd, 000112.983, 146
Trd, 000113.150, 142
Trd, 000114.600, 153.0
Trd, 000115.033, 153
Trd, 000115.500, 153
Trd, 000115.667, 142
Trd, 000116.917, 146
Trd, 000117.183, 149
Trd, 000118.267, 149
Trd, 000118.683, 147
Trd, 000119.133, 148
Trd, 000119.800, 147
Trd, 000120.400, 145
Trd, 000120.817, 148
Trd, 000121.150, 141.0
Trd, 000121.350, 143
Trd, 000121.600, 145
Trd, 000122.000, 147
Trd, 000122.650, 141
Trd, 000122.900, 148
Trd, 000123.533, 148
Trd, 000123.783, 140
Trd, 000123.883, 155.0
Trd, 000125.083, 145
Trd, 000125.517, 148
Trd, 000127.700, 143
Trd, 000127.800, 146.0
Trd, 000127.950, 144
Trd, 000128.000, 148
Trd, 000128.283, 158.0
Trd, 000129.050, 142
Trd, 000130.450, 148
Trd, 000130.967, 149
Trd, 000132.433, 149
Trd, 000132.500, 147
Trd, 000132.867, 141.0
Trd, 000133.500, 134.0
Trd, 000134.633, 137
Trd, 000135.033, 136
Trd, 000135.483, 139
Trd, 000135.567, 132.0
Trd, 000137.000, 136
Trd, 000137.733, 138
Trd, 000137.850, 148
Trd, 000138.100, 136
Trd, 000138.667, 142
Trd, 000140.150, 151.0
Trd, 000140.267, 152.0
Trd, 000140.817, 142
Trd, 000140.917, 139
Trd, 000141.450, 142
Trd, 000141.783, 141
Trd, 000142.733, 147
Trd, 000142.750, 140
Trd, 000142.883, 148
Trd, 000143.517, 139
Trd, 000143.550, 145
Trd, 000144.767, 154.0
Trd, 000145.317, 142
Trd, 000145.550, 141.0
Trd, 000145.867, 140
Trd, 000147.167, 148
Trd, 000147.333, 155.0
Trd, 000148.067, 150
Trd, 000148.900, 143
Trd, 000149.017, 140
Trd, 000149.367, 150
Trd, 000149.417, 157.0
Trd, 000149.717, 139
Trd, 000151.133, 146
Trd, 000151.383, 140
Trd, 000152.083, 146
Trd, 000152.117, 139
Trd, 000152.217, 147
Trd, 000154.133, 141.0
Trd, 000154.467, 143
Trd, 000155.317, 143
Trd, 000155.767, 143
Trd, 000156.583, 143
Trd, 000156.633, 142
Trd, 000158.233, 142
Trd, 000158.717, 141.0
Trd, 000158.883, 141
Trd, 000159.317, 142
Trd, 000159.633, 141
Trd, 000159.883, 143
Trd, 000160.450, 134.0
Trd, 000161.467, 162
Trd, 000161.550, 171
Trd, 000162.067, 138.0
Trd, 000163.183, 149
Trd, 000164.183, 145
Trd, 000164.200, 140
Trd, 000164.400, 148
Trd, 000165.700, 155.0
Trd, 000165.933, 150
Trd, 000166.217, 151
Trd, 000166.633, 157.0
Trd, 000166.650, 141
Trd, 000166.933, 141
Trd, 000167.300, 152
Trd, 000167.883, 153
Trd, 000168.200, 144
Trd, 000169.467, 151
Trd, 000169.817, 149
Trd, 000169.967, 141.0
Trd, 000170.933, 138
Trd, 000171.533, 150
Trd, 000171.900, 150
Trd, 000172.467, 149
Trd, 000173.333, 145
Trd, 000173.617, 149
Trd, 000173.883, 143
Trd, 000174.550, 149
Trd, 000174.967, 138.0
Trd, 000175.200, 151.0
Trd, 000176.050, 149
Trd, 000176.133, 141
Trd, 000176.667, 139
Trd, 000177.900, 140
Trd, 000178.367, 137.0
Trd, 000179.533, 138
Trd, 000179.733, 137
Trd, 000179.800, 141
Trd, 000180.950, 139
Trd, 000181.600, 139
Trd, 000182.533, 141
Trd, 000182.700, 148
Trd, 000183.100, 146
Trd, 000183.267, 155.0
Trd, 000183.717, 168.0
Trd, 000184.683, 144
Trd, 000185.517, 143
Trd, 000185.983, 142
Trd, 000186.400, 146
Trd, 000186.900, 141
Trd, 000187.067, 138.0
Trd, 000187.217, 137.0
Trd, 000188.217, 144
Trd, 000188.550, 145
Trd, 000189.117, 144
Trd, 000190.017, 140
Trd, 000190.867, 139
Trd, 000191.233, 137.0
Trd, 000192.267, 144
Trd, 000192.350, 144
Trd, 000192.883, 148
Trd, 000192.983, 137
Trd, 000194.350, 138
Trd, 000194.467, 137
Trd, 000194.533, 147
Trd, 000195.650, 153.0
Trd, 000196.083, 149
Trd, 000196.900, 148
Trd, 000197.383, 142
Trd, 000198.517, 140
Trd, 000198.850, 148
Trd, 000199.667, 142
Trd, 000199.783, 141.0
Trd, 000200.800, 146
Trd, 000201.283, 145
Trd, 000201.933, 137.0
Trd, 000202.450, 147
Trd, 000203.300, 144
Trd, 000204.067, 145
Trd, 000204.183, 146
Trd, 000206.467, 146
Trd, 000207.033, 146
Trd, 000207.467, 147
Trd, 000207.650, 144
Trd, 000207.933, 148
Trd, 000207.983, 149
Trd, 000209.683, 158.0
Trd, 000210.033, 144
Trd, 000210.050, 142
Trd, 000210.150, 167.0
Trd, 000210.467, 160
Trd, 000212.317, 148
Trd, 000213.317, 166
Trd, 000213.717, 167.0
Trd, 000214.100, 162
Trd, 000214.367, 149
Trd, 000214.450, 148
Trd, 000215.533, 154
Trd, 000215.650, 151
Trd, 000216.483, 149
Trd, 000216.617, 155
Trd, 000216.767, 155
Trd, 000217.050, 155
Trd, 000217.750, 149
Trd, 000218.617, 157.0
Trd, 000219.733, 147
Trd, 000220.117, 143
Trd, 000220.383, 156
Trd, 000220.567, 147
Trd, 000220.667, 141.0
Trd, 000220.717, 168
Trd, 000221.250, 158
Trd, 000221.583, 140
Trd, 000222.833, 141.0
Trd, 000223.200, 154
Trd, 000225.183, 148
Trd, 000225.633, 143
Trd, 000225.767, 149
Trd, 000225.950, 134.0
Trd, 000226.000, 149
Trd, 000227.833, 149
Trd, 000228.217, 151
Trd, 000228.633, 142
Trd, 000229.117, 149
Trd, 000229.267, 141
Trd, 000230.067, 149
Trd, 000230.883, 168.0
Trd, 000231.450, 141
Trd, 000231.567, 137.0
Trd, 000232.117, 172.0
Trd, 000234.333, 175.0
Trd, 000234.767, 167
Trd, 000235.367, 165
Trd, 000236.067, 159
Trd, 000236.917, 143
Trd, 000237.133, 141.0
Trd, 000237.433, 157
Trd, 000238.367, 153
Trd, 000239.467, 138
Trd, 000239.800, 137.0
Trd, 000240.100, 145
Trd, 000240.550, 143
Trd, 000240.733, 143
Trd, 000240.767, 148
Trd, 000240.867, 142
Trd, 000241.067, 155.0
Trd, 000241.817, 143.0
Trd, 000242.883, 148
Trd, 000243.533, 148
Trd, 000243.850, 146.0
Trd, 000243.900, 149.0
Trd, 000244.367, 151.0
Trd, 000244.450, 158.0
Trd, 000245.333, 148
Trd, 000246.033, 145
Trd, 000246.433, 150
Trd, 000246.700, 143
Trd, 000247.233, 147
Trd, 000248.150, 144
Trd, 000248.317, 146
Trd, 000248.933, 144
Trd, 000249.317, 146
Trd, 000250.150, 140
Trd, 000250.283, 141
Trd, 000250.950, 137.0
Trd, 000251.417, 137.0
Trd, 000251.450, 137.0
Trd, 000251.917, 139
Trd, 000252.100, 146
Trd, 000252.400, 145
Trd, 000253.017, 143
Trd, 000253.733, 141.0
Trd, 000253.967, 142
Trd, 000254.967, 148
Trd, 000255.167, 146
Trd, 000255.400, 152.0
Trd, 000255.533, 145
Trd, 000255.583, 155.0
Trd, 000255.983, 148
Trd, 000256.067, 158.0
Trd, 000256.967, 148
Trd, 000258.100, 149
Trd, 000258.567, 155
Trd, 000258.600, 158.0
Trd, 000259.367, 152
Trd, 000259.633, 156.0
Trd, 000260.083, 163.0
Trd, 000260.183, 156
Trd, 000260.950, 161.0
Trd, 000261.467, 160
Trd, 000261.767, 154
Trd, 000262.033, 163.0
Trd, 000262.767, 158
Trd, 000263.183, 164
Trd, 000263.300, 155.0
Trd, 000263.450, 154
Trd, 000264.200, 158.0
Trd, 000264.467, 155
Trd, 000264.483, 159.0
Trd, 000264.783, 147
Trd, 000265.517, 147
Trd, 000265.567, 143
Trd, 000266.233, 151
Trd, 000266.983, 149
Trd, 000267.333, 147
Trd, 000268.800, 146
Trd, 000269.217, 143
Trd, 000269.517, 148
Trd, 000270.083, 151.0
Trd, 000270.450, 146.0
Trd, 000270.650, 149
Trd, 000271.017, 146
Trd, 000271.083, 149
Trd, 000271.817, 145
Trd, 000272.017, 148.0
Trd, 000272.200, 148.0
Trd, 000272.417, 141.0
Trd, 000272.917, 140
Trd, 000272.983, 137
Trd, 000273.083, 134.0
Trd, 000273.950, 147
Trd, 000273.967, 134
Trd, 000274.367, 149.0
Trd, 000275.183, 146
Trd, 000275.950, 149
Trd, 000277.133, 146
Trd, 000277.667, 143
Trd, 000278.267, 146
Trd, 000278.550, 143
Trd, 000278.750, 146
Trd, 000278.867, 148
Trd, 000279.283, 148
Trd, 000279.583, 153.0
Trd, 000279.933, 153
Trd, 000280.883, 157
Trd, 000281.333, 157.0
Trd, 000281.833, 151
Trd, 000282.217, 152
Trd, 000282.417, 148
Trd, 000282.683, 154.0
Trd, 000282.950, 150
Trd, 000283.483, 157.0
Trd, 000283.900, 158.0
Trd, 000284.183, 155.0
Trd, 000284.600, 159
Trd, 000285.083, 165.0
Trd, 000285.483, 158
Trd, 000286.083, 161
Trd, 000286.600, 159
Trd, 000286.983, 150
Trd, 000287.483, 143
Trd, 000288.150, 155.0
Trd, 000288.633, 158
Trd, 000288.667, 151
Trd, 000288.950, 148
Trd, 000289.050, 158.0
Trd, 000289.267, 141.0
Trd, 000289.500, 151.0
Trd, 000289.933, 151.0
Trd, 000290.250, 155.0
Trd, 000291.417, 153
Trd, 000291.833, 155.0
Trd, 000291.867, 165.0
Trd, 000292.267, 155.0
Trd, 000292.683, 150
Trd, 000292.983, 159
Trd, 000293.317, 158.0
Trd, 000293.550, 158
Trd, 000293.633, 159
Trd, 000293.833, 155
Trd, 000294.217, 159
Trd, 000294.983, 157
Trd, 000295.533, 150
Trd, 000295.900, 141.0
Trd, 000296.083, 165.0
Trd, 000296.283, 141.0
Trd, 000297.167, 158
Trd, 000297.517, 165
Trd, 000297.983, 150
Trd, 000299.067, 155.0
Trd, 000299.233, 158
Trd, 000299.433, 158
