Trd, 000001.800, 172.0
Trd, 000002.650, 156
Trd, 000002.883, 143.0
Trd, 000003.367, 165
Trd, 000003.767, 166
Trd, 000003.817, 156
Trd, 000005.217, 159
Trd, 000005.900, 162
Trd, 000005.933, 159
Trd, 000006.217, 143
Trd, 000008.000, 162
Trd, 000008.717, 157
Trd, 000009.083, 150
Trd, 000009.100, 144
Trd, 000011.033, 153
Trd, 000012.067, 153
Trd, 000012.233, 151
Trd, 000012.350, 150
Trd, 000012.833, 151
Trd, 000013.200, 151
Trd, 000013.500, 152
Trd, 000013.950, 150
Trd, 000014.450, 149
Trd, 000015.217, 150
Trd, 000015.500, 147
Trd, 000016.250, 150
Trd, 000016.900, 149
Trd, 000016.967, 150
Trd, 000016.983, 148
Trd, 000017.300, 150
Trd, 000017.400, 162.0
Trd, 000017.767, 172.0
Trd, 000019.417, 151
Trd, 000019.517, 150
Trd, 000021.000, 151
Trd, 000021.317, 150
Trd, 000021.700, 149
Trd, 000021.883, 137.0
Trd, 000022.083, 133
Trd, 000023.383, 148
Trd, 000024.433, 141
Trd, 000024.983, 143
Trd, 000025.033, 145
Trd, 000026.467, 143
Trd, 000026.800, 144
Trd, 000026.867, 143
Trd, 000026.933, 142
Trd, 000027.300, 143
Trd, 000027.717, 145
Trd, 000028.683, 141
Trd, 000029.100, 145
Trd, 000029.433, 147
Trd, 000031.600, 141.0
Trd, 000032.533, 142
Trd, 000032.583, 142
Trd, 000033.200, 142
Trd, 000033.433, 139
Trd, 000033.450, 138
Trd, 000033.517, 141.0
Trd, 000033.700, 142
Trd, 000034.700, 143
Trd, 000035.033, 145
Trd, 000035.817, 145
Trd, 000037.500, 172.0
Trd, 000037.850, 155
Trd, 000039.317, 151
Trd, 000039.400, 149
Trd, 000039.650, 152
Trd, 000040.150, 151
Trd, 000040.183, 152
Trd, 000040.700, 148
Trd, 000041.667, 151
Trd, 000042.700, 152
Trd, 000043.500, 152
Trd, 000043.617, 151
Trd, 000043.650, 150
Trd, 000043.850, 148
Trd, 000045.383, 149
Trd, 000045.483, 150
Trd, 000046.517, 151
Trd, 000046.550, 149
Trd, 000047.050, 146
Trd, 000047.150, 150
Trd, 000047.617, 159
Trd, 000048.250, 153
Trd, 000048.567, 160
Trd, 000050.217, 153
Trd, 000050.600, 154
Trd, 000051.167, 155
Trd, 000051.833, 157
Trd, 000052.033, 156
Trd, 000052.067, 171.0
Trd, 000052.233, 155
Trd, 000052.367, 161
Trd, 000054.217, 155
Trd, 000054.983, 163
Trd, 000055.617, 162
Trd, 000056.350, 169.0
Trd, 000056.433, 164
Trd, 000056.483, 162
Trd, 000057.150, 168
Trd, 000057.833, 149
Trd, 000058.783, 157
Trd, 000059.383, 155
Trd, 000059.833, 154
Trd, 000060.667, 152
Trd, 000061.200, 153
Trd, 000061.217, 154
Trd, 000061.517, 149
Trd, 000061.717, 141.0
Trd, 000062.700, 149
Trd, 000062.750, 150
Trd, 000063.467, 149
Trd, 000065.050, 147
Trd, 000065.083, 145
Trd, 000065.267, 146
Trd, 000066.017, 147
Trd, 000066.183, 171.0
Trd, 000066.467, 172.0
Trd, 000067.533, 154
Trd, 000069.117, 152
Trd, 000069.217, 151
Trd, 000069.800, 152
Trd, 000070.433, 151
Trd, 000070.533, 153
Trd, 000071.600, 154
Trd, 000072.067, 154
Trd, 000072.350, 157
Trd, 000072.367, 153
Trd, 000073.717, 153
Trd, 000075.083, 151
Trd, 000076.117, 151
Trd, 000076.567, 152
Trd, 000077.067, 152
Trd, 000078.117, 152
Trd, 000078.900, 151
Trd, 000079.200, 152
Trd, 000079.667, 150
Trd, 000081.267, 150
Trd, 000081.450, 152
Trd, 000081.550, 153
Trd, 000081.850, 151
Trd, 000082.117, 148
Trd, 000082.483, 145
Trd, 000083.333, 153
Trd, 000083.350, 162.0
Trd, 000083.967, 171.0
Trd, 000084.750, 156
Trd, 000084.850, 153
Trd, 000084.917, 152
Trd, 000085.633, 152
Trd, 000086.617, 156
Trd, 000088.417, 153
Trd, 000088.467, 150
Trd, 000088.983, 153
Trd, 000090.383, 152
Trd, 000091.000, 151
Trd, 000091.250, 153
Trd, 000092.067, 157
Trd, 000092.367, 172.0
Trd, 000093.583, 173.0
Trd, 000093.617, 172.0
Trd, 000093.683, 168.0
Trd, 000093.850, 175
Trd, 000095.317, 168
Trd, 000095.467, 169
Trd, 000095.900, 169
Trd, 000096.767, 151
Trd, 000097.083, 150
Trd, 000097.800, 144
Trd, 000098.667, 140
Trd, 000099.033, 140
Trd, 000099.267, 141.0
Trd, 000099.600, 142
Trd, 000099.783, 147
Trd, 000100.450, 142
Trd, 000101.083, 143
Trd, 000101.200, 142
Trd, 000101.267, 143
Trd, 000101.450, 142.0
Trd, 000101.583, 141.0
Trd, 000102.617, 137.0
Trd, 000103.617, 144
Trd, 000104.133, 145
Trd, 000104.350, 145
Trd, 000105.633, 142
Trd, 000106.400, 144
Trd, 000106.833, 154
Trd, 000108.550, 155
Trd, 000108.617, 154
Trd, 000108.717, 160.0
Trd, 000108.833, 154
Trd, 000110.083, 155
Trd, 000110.667, 154
Trd, 000111.283, 154
Trd, 000112.383, 151
Trd, 000113.050, 154
Trd, 000113.383, 154
Trd, 000113.500, 157
Trd, 000113.683, 151
Trd, 000113.800, 159
Trd, 000113.850, 150
Trd, 000115.250, 150
Trd, 000115.467, 158
Trd, 000116.450, 152
Trd, 000117.517, 154
Trd, 000118.633, 155
Trd, 000118.900, 141.0
Trd, 000119.950, 156
Trd, 000121.067, 150
Trd, 000121.633, 156
Trd, 000121.683, 156
Trd, 000121.717, 156
Trd, 000122.983, 156
Trd, 000123.800, 153
Trd, 000124.100, 153
Trd, 000125.550, 156
Trd, 000125.950, 155
Trd, 000126.033, 156
Trd, 000126.567, 156
Trd, 000127.200, 154
Trd, 000127.367, 152
Trd, 000127.750, 155
Trd, 000127.983, 156
Trd, 000128.367, 154
Trd, 000129.683, 152
Trd, 000129.767, 154
Trd, 000130.450, 153
Trd, 000131.600, 149
Trd, 000132.450, 150
Trd, 000133.217, 149
Trd, 000133.800, 150
Trd, 000134.467, 149
Trd, 000134.733, 149
Trd, 000135.817, 143.0
Trd, 000136.067, 149
Trd, 000136.133, 150
Trd, 000136.650, 141.0
Trd, 000137.350, 162.0
Trd, 000137.900, 171.0
Trd, 000138.333, 142
Trd, 000138.600, 144
Trd, 000140.667, 151
Trd, 000141.083, 150
Trd, 000141.683, 151
Trd, 000141.717, 162.0
Trd, 000141.883, 150
Trd, 000142.050, 172.0
Trd, 000143.433, 155
Trd, 000143.833, 155
Trd, 000144.800, 155
Trd, 000145.000, 153
Trd, 000145.150, 161.0
Trd, 000146.633, 157
Trd, 000147.183, 157
Trd, 000147.367, 156
Trd, 000147.567, 155
Trd, 000147.717, 165
Trd, 000148.117, 171.0
Trd, 000148.300, 172.0
Trd, 000148.867, 150
Trd, 000149.583, 141.0
Trd, 000152.067, 149
Trd, 000152.567, 150
Trd, 000152.750, 150
Trd, 000153.167, 137.0
Trd, 000153.800, 145
Trd, 000155.517, 144
Trd, 000155.533, 150
Trd, 000155.683, 148
Trd, 000156.283, 147
Trd, 000157.467, 145.0
Trd, 000157.817, 146.0
Trd, 000158.183, 146.0
Trd, 000158.417, 145
Trd, 000158.667, 162.0
Trd, 000158.817, 172.0
Trd, 000160.250, 145
Trd, 000160.367, 144
Trd, 000160.500, 144
Trd, 000160.833, 153
Trd, 000161.667, 151
Trd, 000163.033, 148
Trd, 000163.150, 147
Trd, 000163.200, 150
Trd, 000163.983, 145
Trd, 000164.650, 146
Trd, 000164.833, 146
Trd, 000165.317, 171.0
Trd, 000165.783, 152
Trd, 000166.900, 144
Trd, 000169.367, 151
Trd, 000169.567, 150
Trd, 000169.900, 150
Trd, 000170.183, 150
Trd, 000170.383, 151
Trd, 000170.833, 150
Trd, 000171.667, 148
Trd, 000172.483, 147
Trd, 000172.683, 146
Trd, 000172.783, 145
Trd, 000172.833, 146
Trd, 000174.083, 147
Trd, 000174.350, 162.0
Trd, 000174.533, 147
Trd, 000176.500, 148
Trd, 000177.483, 149
Trd, 000178.233, 148
Trd, 000179.150, 148
Trd, 000179.233, 149
Trd, 000179.650, 149
Trd, 000179.783, 162.0
Trd, 000181.133, 154
Trd, 000181.317, 153
Trd, 000181.717, 147
Trd, 000182.433, 153
Trd, 000183.350, 153
Trd, 000183.783, 153
Trd, 000184.817, 153
Trd, 000185.717, 154
Trd, 000186.000, 170.0
Trd, 000186.300, 154
Trd, 000186.383, 172.0
Trd, 000186.433, 151
Trd, 000187.917, 174
Trd, 000189.017, 153
Trd, 000189.517, 161
Trd, 000190.200, 160
Trd, 000191.550, 159
Trd, 000191.983, 159
Trd, 000192.500, 160
Trd, 000192.550, 159
Trd, 000193.850, 159
Trd, 000194.700, 160
Trd, 000195.600, 154
Trd, 000196.567, 154
Trd, 000196.900, 159
Trd, 000197.833, 158
Trd, 000197.850, 159
Trd, 000198.900, 156
Trd, 000199.200, 155
Trd, 000199.917, 157
Trd, 000201.500, 156
Trd, 000202.917, 155
Trd, 000203.817, 155
Trd, 000204.333, 154
Trd, 000204.517, 155
Trd, 000204.750, 154
Trd, 000205.467, 154
Trd, 000206.117, 150
Trd, 000206.483, 152
Trd, 000207.433, 151
Trd, 000207.533, 141.0
Trd, 000208.583, 146
Trd, 000209.650, 151
Trd, 000209.800, 150
Trd, 000209.967, 149
Trd, 000210.867, 150
Trd, 000211.050, 151
Trd, 000211.217, 161.0
Trd, 000212.917, 155
Trd, 000213.200, 149
Trd, 000215.067, 157
Trd, 000215.150, 153
Trd, 000216.100, 155
Trd, 000216.233, 154
Trd, 000216.700, 155
Trd, 000217.000, 155
Trd, 000218.533, 156
Trd, 000218.800, 156
Trd, 000219.917, 156
Trd, 000220.933, 155
Trd, 000221.117, 156
Trd, 000221.267, 141
Trd, 000222.833, 153
Trd, 000223.033, 151
Trd, 000223.133, 157
Trd, 000224.200, 155
Trd, 000224.250, 154
Trd, 000224.300, 156
Trd, 000224.700, 155
Trd, 000224.967, 155
Trd, 000225.683, 154
Trd, 000226.800, 155
Trd, 000227.750, 162.0
Trd, 000228.050, 157
Trd, 000228.250, 168
Trd, 000229.367, 166
Trd, 000230.050, 159
Trd, 000230.250, 159
Trd, 000230.450, 159
Trd, 000230.500, 158
Trd, 000232.183, 150
Trd, 000232.717, 161
Trd, 000234.633, 159
Trd, 000234.967, 161
Trd, 000235.317, 162.0
Trd, 000236.533, 159
Trd, 000236.800, 156
Trd, 000237.150, 155
Trd, 000237.233, 159
Trd, 000237.517, 154
Trd, 000237.917, 160
Trd, 000238.483, 154
Trd, 000240.283, 154
Trd, 000240.350, 155
Trd, 000240.383, 154
Trd, 000240.467, 155
Trd, 000241.067, 156
Trd, 000241.600, 156.0
Trd, 000241.717, 157
Trd, 000241.983, 155.0
Trd, 000242.100, 156
Trd, 000242.500, 156
Trd, 000242.617, 154
Trd, 000243.133, 151
Trd, 000243.650, 152
Trd, 000244.017, 149
Trd, 000244.517, 147
Trd, 000244.567, 141.0
Trd, 000244.767, 144
Trd, 000245.050, 147
Trd, 000245.467, 145
Trd, 000245.500, 146
Trd, 000245.783, 150
Trd, 000246.500, 150
Trd, 000246.567, 149.0
Trd, 000246.683, 146
Trd, 000247.033, 150
Trd, 000247.067, 149
Trd, 000248.133, 150
Trd, 000248.367, 149
Trd, 000248.567, 149
Trd, 000249.183, 149
Trd, 000249.917, 165.0
Trd, 000251.200, 155
Trd, 000251.800, 154
Trd, 000252.100, 153.0
Trd, 000252.533, 152
Trd, 000252.967, 152
Trd, 000253.683, 152
Trd, 000253.767, 153
Trd, 000253.967, 149
Trd, 000254.333, 149
Trd, 000254.833, 149
Trd, 000255.950, 151
Trd, 000256.267, 150
Trd, 000256.733, 147.0
Trd, 000256.933, 147
Trd, 000257.033, 149
Trd, 000257.317, 148
Trd, 000257.933, 147
Trd, 000258.067, 149
Trd, 000258.167, 145
Trd, 000258.533, 149
Trd, 000259.667, 147
Trd, 000260.117, 148
Trd, 000260.417, 149
Trd, 000261.183, 149
Trd, 000261.400, 147
Trd, 000261.833, 147.0
Trd, 000261.917, 147
Trd, 000262.500, 146
Trd, 000263.050, 147
Trd, 000263.067, 148
Trd, 000263.450, 147.0
Trd, 000263.717, 151.0
Trd, 000264.583, 150.0
Trd, 000264.817, 141.0
Trd, 000266.033, 162.0
Trd, 000266.233, 166
Trd, 000266.267, 166.0
Trd, 000266.400, 149
Trd, 000266.983, 165
Trd, 000267.200, 171.0
Trd, 000267.350, 172.0
Trd, 000268.667, 156
Trd, 000269.900, 157
Trd, 000270.383, 158
Trd, 000270.500, 160
Trd, 000270.767, 157
Trd, 000271.017, 158
Trd, 000271.033, 155.0
Trd, 000271.267, 159
Trd, 000271.700, 154
Trd, 000272.450, 149
Trd, 000272.867, 151
Trd, 000272.917, 149
Trd, 000273.117, 153
Trd, 000273.300, 137.0
Trd, 000273.500, 150
Trd, 000274.617, 145
Trd, 000274.883, 139
Trd, 000275.117, 146
Trd, 000276.033, 146
Trd, 000276.133, 146
Trd, 000276.183, 142
Trd, 000276.567, 148
Trd, 000277.017, 142
Trd, 000277.733, 145.0
Trd, 000277.767, 146.0
Trd, 000277.867, 147
Trd, 000278.017, 155.0
Trd, 000278.983, 155
Trd, 000279.983, 170.0
Trd, 000280.333, 164.0
Trd, 000281.083, 162
Trd, 000281.250, 163.0
Trd, 000281.900, 161
Trd, 000281.917, 170.0
Trd, 000282.217, 164
Trd, 000282.250, 161
Trd, 000282.600, 160
Trd, 000282.783, 164
Trd, 000282.800, 148
Trd, 000283.733, 155.0
Trd, 000284.800, 142.0
Trd, 000284.900, 148
Trd, 000286.300, 151
Trd, 000286.350, 147.0
Trd, 000287.217, 147
Trd, 000287.283, 149
Trd, 000287.717, 147
Trd, 000288.267, 146
Trd, 000288.533, 147
Trd, 000288.733, 148
Trd, 000289.317, 146
Trd, 000289.600, 146
Trd, 000289.683, 146
Trd, 000289.800, 148
Trd, 000290.583, 150
Trd, 000291.033, 149
Trd, 000291.133, 145
Trd, 000291.383, 151.0
Trd, 000291.767, 162.0
Trd, 000292.383, 143
Trd, 000292.450, 142
Trd, 000292.467, 151
Trd, 000292.800, 145
Trd, 000292.933, 150
Trd, 000293.983, 144
Trd, 000294.900, 143.0
Trd, 000295.200, 144
Trd, 000295.417, 145
Trd, 000295.517, 141
Trd, 000296.600, 127.0
Trd, 000296.850, 143
Trd, 000296.950, 117
Trd, 000297.233, 141.0
Trd, 000297.583, 150.0
Trd, 000297.883, 143
Trd, 000298.100, 149.0
Trd, 000298.600, 146
Trd, 000298.900, 144
Trd, 000299.083, 147
Trd, 000299.100, 151.0
