Trd, 000002.050, 147
Trd, 000002.200, 153
Trd, 000002.750, 134.0
Trd, 000003.900, 149.0
Trd, 000004.267, 148.0
Trd, 000005.500, 153
Trd, 000005.733, 151
Trd, 000006.100, 151.0
Trd, 000006.483, 151.0
Trd, 000006.883, 153.0
Trd, 000007.317, 144
Trd, 000009.300, 155.0
Trd, 000009.617, 147
Trd, 000010.217, 151
Trd, 000010.817, 151
Trd, 000011.383, 147
Trd, 000011.700, 148.0
Trd, 000012.517, 151
Trd, 000012.583, 147
Trd, 000013.350, 163
Trd, 000013.617, 153
Trd, 000013.750, 153
Trd, 000015.367, 151
Trd, 000015.800, 154
Trd, 000015.850, 166
Trd, 000015.883, 154
Trd, 000016.100, 153
Trd, 000016.850, 152
Trd, 000018.233, 158.0
Trd, 000018.767, 155
Trd, 000019.167, 157.0
Trd, 000020.183, 154.0
Trd, 000020.683, 153
Trd, 000021.717, 146
Trd, 000022.217, 150
Trd, 000023.267, 142.0
Trd, 000024.267, 148
Trd, 000024.700, 148
Trd, 000025.167, 149
Trd, 000025.317, 154.0
Trd, 000026.417, 152
Trd, 000026.833, 150
Trd, 000027.417, 150
Trd, 000028.383, 164
Trd, 000028.583, 163
Trd, 000030.150, 161
Trd, 000030.500, 159.0
Trd, 000030.833, 158
Trd, 000031.100, 158.0
Trd, 000031.700, 157
Trd, 000031.717, 149.0
Trd, 000032.983, 156
Trd, 000033.950, 154
Trd, 000034.117, 155
Trd, 000034.233, 162
Trd, 000034.250, 148.0
Trd, 000035.617, 144.0
Trd, 000035.900, 155
Trd, 000036.383, 155
Trd, 000037.567, 153
Trd, 000037.683, 155
Trd, 000037.967, 155.0
Trd, 000038.750, 165
Trd, 000039.150, 157
Trd, 000040.050, 155
Trd, 000040.467, 154
Trd, 000040.517, 151.0
Trd, 000041.433, 141.0
Trd, 000042.700, 159
Trd, 000043.117, 159
Trd, 000043.967, 157
Trd, 000044.767, 155
Trd, 000045.400, 154
Trd, 000045.817, 154
Trd, 000046.100, 154
Trd, 000046.433, 151.0
Trd, 000047.483, 152
Trd, 000047.567, 148.0
Trd, 000047.683, 153
Trd, 000048.083, 145
Trd, 000048.200, 155.0
Trd, 000049.050, 146
Trd, 000049.217, 152
Trd, 000050.483, 161
Trd, 000050.800, 160
Trd, 000051.467, 155.0
Trd, 000051.483, 162
Trd, 000051.950, 162
Trd, 000052.833, 157
Trd, 000053.400, 156
Trd, 000054.100, 155.0
Trd, 000054.200, 155
Trd, 000054.317, 155
Trd, 000054.667, 154
Trd, 000055.033, 154
Trd, 000055.233, 154
Trd, 000055.650, 151.0
Trd, 000055.917, 151
Trd, 000056.900, 164
Trd, 000059.100, 158.0
Trd, 000059.333, 162
Trd, 000059.483, 164
Trd, 000059.600, 155
Trd, 000060.133, 155.0
Trd, 000060.850, 163
Trd, 000062.083, 154
Trd, 000063.150, 153
Trd, 000063.350, 155
Trd, 000063.417, 148.0
Trd, 000064.133, 149.0
Trd, 000065.167, 148.0
Trd, 000065.200, 147
Trd, 000065.333, 149
Trd, 000065.617, 152
Trd, 000065.633, 155
Trd, 000066.783, 147
Trd, 000066.800, 162
Trd, 000067.317, 151
Trd, 000067.467, 150
Trd, 000068.400, 150
Trd, 000069.633, 152
Trd, 000069.700, 151
Trd, 000070.800, 154.0
Trd, 000071.383, 151
Trd, 000071.533, 153.0
Trd, 000071.850, 155.0
Trd, 000071.883, 148.0
Trd, 000072.883, 157
Trd, 000073.950, 143.0
Trd, 000074.100, 151
Trd, 000074.417, 151
Trd, 000075.283, 148.0
Trd, 000075.750, 148
Trd, 000075.783, 150
Trd, 000077.383, 153.0
Trd, 000077.617, 152.0
Trd, 000079.050, 158.0
Trd, 000079.550, 164
Trd, 000080.767, 155.0
Trd, 000080.783, 154
Trd, 000081.450, 151.0
Trd, 000081.733, 152
Trd, 000082.317, 152
Trd, 000082.367, 151
Trd, 000083.800, 149.0
Trd, 000084.033, 150
Trd, 000084.217, 155.0
Trd, 000084.450, 168.0
Trd, 000084.583, 149
Trd, 000085.117, 156
Trd, 000087.650, 160
Trd, 000088.883, 157
Trd, 000088.967, 158
Trd, 000089.017, 162
Trd, 000089.933, 151.0
Trd, 000090.383, 148.0
Trd, 000091.550, 149
Trd, 000091.733, 150
Trd, 000091.767, 153
Trd, 000092.567, 139
Trd, 000092.967, 141.0
Trd, 000092.983, 147
Trd, 000093.817, 143
Trd, 000094.317, 144
Trd, 000094.933, 144
Trd, 000095.183, 134.0
Trd, 000095.617, 142
Trd, 000095.800, 148.0
Trd, 000096.283, 149
Trd, 000097.050, 151.0
Trd, 000097.250, 152.0
Trd, 000098.333, 145
Trd, 000098.817, 147
Trd, 000098.867, 147
Trd, 000100.517, 146
Trd, 000100.817, 145
Trd, 000101.083, 147
Trd, 000101.100, 149
Trd, 000102.567, 153.0
Trd, 000103.483, 152.0
Trd, 000104.300, 148.0
Trd, 000104.683, 151.0
Trd, 000105.333, 155.0
Trd, 000105.683, 172
Trd, 000106.033, 157
Trd, 000106.350, 152
Trd, 000107.317, 155
Trd, 000108.083, 151.0
Trd, 000108.550, 150
Trd, 000108.700, 149
Trd, 000108.767, 151
Trd, 000108.917, 154
Trd, 000110.483, 165
Trd, 000111.100, 167.0
Trd, 000111.500, 152
Trd, 000111.717, 148.0
Trd, 000112.400, 167
Trd, 000115.733, 163.0
Trd, 000116.317, 158.0
Trd, 000116.567, 157
Trd, 000117.000, 156
Trd, 000117.100, 157
Trd, 000117.600, 158
Trd, 000119.267, 158.0
Trd, 000119.750, 151
Trd, 000120.267, 150
Trd, 000120.617, 155
Trd, 000122.317, 154
Trd, 000122.900, 151
Trd, 000123.367, 151
Trd, 000123.733, 153
Trd, 000124.233, 153
Trd, 000125.100, 152
Trd, 000125.600, 150
Trd, 000125.917, 151
Trd, 000127.917, 151
Trd, 000128.183, 152
Trd, 000128.867, 153.0
Trd, 000129.317, 149.0
Trd, 000129.833, 153.0
Trd, 000130.083, 154.0
Trd, 000130.217, 151
Trd, 000130.250, 155.0
Trd, 000130.600, 155
Trd, 000130.817, 149
Trd, 000132.383, 161
Trd, 000132.517, 153
Trd, 000132.567, 162
Trd, 000134.367, 154
Trd, 000135.200, 152
Trd, 000135.367, 151.0
Trd, 000135.833, 150.0
Trd, 000136.133, 151.0
Trd, 000136.233, 154.0
Trd, 000136.533, 148.0
Trd, 000136.617, 155.0
Trd, 000136.667, 156
Trd, 000138.300, 155
Trd, 000138.900, 143.0
Trd, 000139.950, 156
Trd, 000140.350, 154.0
Trd, 000140.900, 152.0
Trd, 000141.500, 149.0
Trd, 000141.900, 153
Trd, 000142.467, 155.0
Trd, 000142.533, 149
Trd, 000142.750, 148.0
Trd, 000143.333, 153
Trd, 000143.450, 164
Trd, 000144.317, 165
Trd, 000145.833, 158.0
Trd, 000146.233, 158
Trd, 000146.350, 155.0
Trd, 000146.683, 156
Trd, 000147.417, 148.0
Trd, 000147.733, 142.0
Trd, 000147.933, 151
Trd, 000148.783, 151
Trd, 000150.533, 149.0
Trd, 000150.683, 150
Trd, 000151.333, 151
Trd, 000151.483, 153
Trd, 000151.900, 152
Trd, 000152.317, 148.0
Trd, 000152.783, 162
Trd, 000153.900, 154
Trd, 000154.500, 163
Trd, 000155.433, 154
Trd, 000155.700, 153
Trd, 000155.967, 164
Trd, 000156.833, 161
Trd, 000157.533, 163
Trd, 000158.583, 161
Trd, 000159.317, 163
Trd, 000159.850, 159
Trd, 000160.583, 158
Trd, 000160.700, 158.0
Trd, 000162.433, 160
Trd, 000163.017, 161
Trd, 000164.367, 155
Trd, 000165.017, 154
Trd, 000165.467, 154
Trd, 000165.717, 153.0
Trd, 000165.800, 155
Trd, 000165.967, 155.0
Trd, 000166.683, 151
Trd, 000167.417, 150
Trd, 000167.483, 149.0
Trd, 000167.817, 150
Trd, 000168.833, 152
Trd, 000168.933, 150.0
Trd, 000169.000, 153
Trd, 000169.683, 163
Trd, 000171.167, 161
Trd, 000172.417, 155
Trd, 000174.133, 154
Trd, 000174.617, 154
Trd, 000174.717, 155
Trd, 000175.000, 157
Trd, 000175.383, 156
Trd, 000175.483, 153
Trd, 000175.883, 148.0
Trd, 000177.200, 158
Trd, 000178.333, 153
Trd, 000178.350, 154
Trd, 000178.383, 154
Trd, 000179.133, 155
Trd, 000179.400, 155.0
Trd, 000180.000, 148.0
Trd, 000180.400, 141.0
Trd, 000181.317, 156
Trd, 000181.400, 165
Trd, 000181.683, 141
Trd, 000182.317, 175.0
Trd, 000184.183, 160
Trd, 000184.900, 158.0
Trd, 000185.600, 160
Trd, 000186.200, 155
Trd, 000186.533, 159
Trd, 000186.600, 154
Trd, 000186.950, 159
Trd, 000187.217, 158.0
Trd, 000187.417, 160
Trd, 000187.717, 155.0
Trd, 000188.683, 151.0
Trd, 000191.450, 152
Trd, 000191.617, 153
Trd, 000191.667, 153
Trd, 000191.800, 153
Trd, 000193.017, 152
Trd, 000193.133, 153
Trd, 000193.767, 153
Trd, 000194.433, 151
Trd, 000195.200, 152
Trd, 000195.300, 151
Trd, 000195.400, 148.0
Trd, 000196.650, 149
Trd, 000196.817, 160
Trd, 000197.517, 158.0
Trd, 000197.650, 155
Trd, 000197.983, 167.0
Trd, 000199.733, 163.0
Trd, 000199.900, 153
Trd, 000200.067, 153
Trd, 000200.483, 162
Trd, 000201.167, 159.0
Trd, 000201.350, 160.0
Trd, 000202.933, 159
Trd, 000203.417, 155.0
Trd, 000204.550, 158.0
Trd, 000205.000, 157
Trd, 000205.033, 159
Trd, 000205.117, 156
Trd, 000206.017, 149.0
Trd, 000207.283, 150.0
Trd, 000207.317, 148.0
Trd, 000207.433, 151
Trd, 000207.700, 134
Trd, 000208.083, 148
Trd, 000208.483, 149
Trd, 000209.067, 149
Trd, 000209.300, 151
Trd, 000210.517, 149
Trd, 000211.183, 148.0
Trd, 000211.217, 150
Trd, 000211.433, 155.0
Trd, 000212.333, 144
Trd, 000214.400, 158.0
Trd, 000214.700, 155.0
Trd, 000214.933, 161
Trd, 000215.217, 165
Trd, 000215.567, 159
Trd, 000215.967, 165.0
Trd, 000216.100, 154
Trd, 000216.233, 165.0
Trd, 000216.367, 154
Trd, 000217.067, 151.0
Trd, 000218.333, 151
Trd, 000218.717, 160
Trd, 000218.833, 161
Trd, 000219.200, 151.0
Trd, 000219.783, 161
Trd, 000219.917, 162
Trd, 000220.350, 161
Trd, 000221.767, 160
Trd, 000222.450, 158.0
Trd, 000223.900, 157
Trd, 000224.183, 155.0
Trd, 000224.600, 154
Trd, 000224.800, 155
Trd, 000225.217, 155
Trd, 000226.367, 156
Trd, 000226.483, 155.0
Trd, 000227.483, 154
Trd, 000227.833, 165
Trd, 000228.283, 167.0
Trd, 000228.567, 162
Trd, 000229.283, 167
Trd, 000229.567, 152
Trd, 000230.950, 154.0
Trd, 000231.550, 160
Trd, 000231.683, 151.0
Trd, 000232.767, 157
Trd, 000233.017, 157
Trd, 000233.067, 161
Trd, 000234.167, 160
Trd, 000234.750, 162
Trd, 000234.900, 160
Trd, 000235.333, 160
Trd, 000237.567, 165
Trd, 000238.317, 164.0
Trd, 000238.633, 166.0
Trd, 000239.100, 160
Trd, 000239.800, 164
Trd, 000240.067, 161
Trd, 000240.217, 159
Trd, 000240.450, 160.0
Trd, 000240.683, 158.0
Trd, 000241.467, 156.0
Trd, 000242.183, 157
Trd, 000242.283, 153.0
Trd, 000242.400, 158
Trd, 000243.183, 156
Trd, 000243.617, 148.0
Trd, 000244.533, 154
Trd, 000244.750, 155
Trd, 000245.283, 154
Trd, 000245.400, 153
Trd, 000245.500, 150
Trd, 000245.933, 144.0
Trd, 000246.067, 154
Trd, 000246.700, 142.0
Trd, 000247.617, 141.0
Trd, 000248.367, 134.0
Trd, 000248.417, 137
Trd, 000248.450, 138
Trd, 000249.500, 143
Trd, 000249.533, 142.0
Trd, 000249.650, 141.0
Trd, 000249.700, 143
Trd, 000250.383, 144
Trd, 000250.633, 148.0
Trd, 000251.117, 161.0
Trd, 000251.283, 159.0
Trd, 000251.467, 146
Trd, 000252.317, 161.0
Trd, 000252.583, 161.0
Trd, 000252.800, 158.0
Trd, 000253.383, 158
Trd, 000253.833, 155
Trd, 000253.900, 155.0
Trd, 000254.967, 152.0
Trd, 000255.500, 152.0
Trd, 000255.533, 154.0
Trd, 000255.733, 161
Trd, 000256.267, 149.0
Trd, 000256.433, 148.0
Trd, 000256.450, 156
Trd, 000257.250, 156.0
Trd, 000257.700, 157.0
Trd, 000257.900, 153
Trd, 000257.933, 148
Trd, 000258.000, 155.0
Trd, 000258.250, 159.0
Trd, 000258.550, 162.0
Trd, 000259.717, 153
Trd, 000259.783, 158
Trd, 000260.167, 152
Trd, 000260.300, 151
Trd, 000260.450, 159
Trd, 000261.150, 150.0
Trd, 000262.500, 162.0
Trd, 000263.100, 159
Trd, 000263.333, 159
Trd, 000263.450, 162
Trd, 000264.667, 156
Trd, 000264.783, 157.0
Trd, 000264.983, 155.0
Trd, 000265.267, 157.0
Trd, 000265.383, 160
Trd, 000265.833, 154
Trd, 000265.950, 152
Trd, 000266.183, 157
Trd, 000266.333, 157
Trd, 000267.717, 156
Trd, 000267.733, 151.0
Trd, 000267.883, 148.0
Trd, 000268.133, 156
Trd, 000268.933, 162.0
Trd, 000269.383, 162
Trd, 000269.850, 158
Trd, 000270.350, 155.0
Trd, 000270.367, 158
Trd, 000270.933, 157
Trd, 000271.067, 153
Trd, 000271.967, 151.0
Trd, 000272.033, 151
Trd, 000272.450, 152
Trd, 000272.800, 158
Trd, 000273.317, 156
Trd, 000274.250, 153
Trd, 000274.500, 152
Trd, 000274.617, 151.0
Trd, 000274.800, 153
Trd, 000274.817, 154
Trd, 000275.083, 155
Trd, 000275.117, 148.0
Trd, 000275.683, 150
Trd, 000276.583, 149.0
Trd, 000276.900, 151
Trd, 000277.350, 150.0
Trd, 000277.533, 155.0
Trd, 000277.750, 145.0
Trd, 000278.117, 152.0
Trd, 000278.150, 148.0
Trd, 000278.983, 149.0
Trd, 000279.517, 147
Trd, 000280.100, 147
Trd, 000280.317, 149.0
Trd, 000281.167, 149
Trd, 000281.267, 149
Trd, 000282.017, 147
Trd, 000282.233, 148
Trd, 000282.383, 141.0
Trd, 000282.500, 150
Trd, 000283.033, 143
Trd, 000283.867, 137
Trd, 000284.217, 134.0
Trd, 000284.267, 137.0
Trd, 000284.650, 148.0
Trd, 000285.083, 148.0
Trd, 000285.183, 151.0
Trd, 000285.567, 134.0
Trd, 000286.800, 140
Trd, 000287.117, 144
Trd, 000287.250, 145
Trd, 000288.417, 152
Trd, 000288.667, 148.0
Trd, 000289.417, 151.0
Trd, 000289.533, 147
Trd, 000290.017, 148
Trd, 000290.500, 152
Trd, 000290.583, 146
Trd, 000290.867, 154.0
Trd, 000291.900, 153.0
Trd, 000292.083, 155.0
Trd, 000292.533, 149.0
Trd, 000293.083, 152
Trd, 000293.100, 153
Trd, 000294.200, 151
Trd, 000294.367, 152
Trd, 000294.583, 149
Trd, 000295.017, 151.0
Trd, 000295.250, 151
Trd, 000295.417, 155.0
Trd, 000296.333, 160.0
Trd, 000297.250, 158.0
Trd, 000297.400, 161.0
Trd, 000297.567, 148.0
Trd, 000297.650, 162.0
Trd, 000297.717, 168
Trd, 000297.933, 151.0
Trd, 000298.650, 141.0
Trd, 000299.617, 148.0
