Trd, 000000.667, 200
Trd, 000000.933, 122
Trd, 000004.317, 125
Trd, 000004.867, 125.0
Trd, 000005.283, 122.0
Trd, 000005.367, 126.0
Trd, 000005.817, 127.0
Trd, 000006.433, 129.0
Trd, 000006.450, 128.0
Trd, 000006.500, 131.0
Trd, 000006.850, 137.0
Trd, 000007.617, 142
Trd, 000007.833, 143
Trd, 000007.850, 148
Trd, 000008.217, 133
Trd, 000008.617, 133.0
Trd, 000008.633, 131.0
Trd, 000009.217, 131
Trd, 000010.350, 141
Trd, 000011.017, 136
Trd, 000011.617, 140
Trd, 000011.783, 135
Trd, 000012.400, 140
Trd, 000013.067, 141
Trd, 000013.317, 149.0
Trd, 000013.950, 137
Trd, 000014.350, 137
Trd, 000014.917, 145
Trd, 000015.233, 147
Trd, 000015.917, 148
Trd, 000017.450, 147
Trd, 000017.600, 148
Trd, 000018.750, 148.0
Trd, 000018.833, 149
Trd, 000018.933, 148
Trd, 000019.450, 147
Trd, 000019.467, 151.0
Trd, 000019.550, 146
Trd, 000019.600, 146
Trd, 000019.667, 152
Trd, 000019.800, 158
Trd, 000020.150, 144.0
Trd, 000020.217, 162
Trd, 000020.967, 179
Trd, 000021.100, 187
Trd, 000021.267, 146
Trd, 000021.817, 136
Trd, 000023.033, 151.0
Trd, 000023.533, 149
Trd, 000023.883, 131.0
Trd, 000024.100, 131.0
Trd, 000024.783, 139
Trd, 000024.817, 135
Trd, 000025.317, 135
Trd, 000025.567, 138
Trd, 000025.733, 136
Trd, 000026.317, 135
Trd, 000026.383, 139
Trd, 000028.100, 135.0
Trd, 000028.683, 134.0
Trd, 000029.117, 137
Trd, 000029.167, 138
Trd, 000029.233, 134
Trd, 000029.417, 137
Trd, 000029.517, 139
Trd, 000030.217, 141
Trd, 000030.683, 136
Trd, 000031.317, 149
Trd, 000032.833, 148
Trd, 000032.967, 145.0
Trd, 000033.183, 145.0
Trd, 000033.700, 144
Trd, 000033.850, 145
Trd, 000033.900, 144.0
Trd, 000034.033, 146
Trd, 000034.233, 147
Trd, 000034.583, 143
Trd, 000035.417, 142
Trd, 000036.817, 136
Trd, 000037.050, 149
Trd, 000037.983, 148
Trd, 000038.167, 147.0
Trd, 000039.517, 148
Trd, 000039.550, 145
Trd, 000039.717, 148
Trd, 000040.317, 144.0
Trd, 000040.383, 149
Trd, 000040.467, 150.0
Trd, 000040.567, 142
Trd, 000040.583, 134.0
Trd, 000041.167, 138
Trd, 000041.467, 147
Trd, 000042.467, 138
Trd, 000043.417, 139
Trd, 000043.433, 138
Trd, 000043.867, 139
Trd, 000044.083, 138
Trd, 000044.600, 138
Trd, 000044.750, 136
Trd, 000045.867, 139
Trd, 000045.933, 144
Trd, 000046.083, 135
Trd, 000046.500, 145
Trd, 000048.900, 142
Trd, 000049.183, 141
Trd, 000050.167, 141
Trd, 000050.300, 143
Trd, 000050.533, 143
Trd, 000050.550, 143
Trd, 000050.667, 141
Trd, 000051.350, 141
Trd, 000051.767, 140
Trd, 000052.767, 140
Trd, 000053.683, 139
Trd, 000053.900, 138
Trd, 000054.217, 139
Trd, 000054.483, 140
Trd, 000055.433, 140
Trd, 000055.750, 139
Trd, 000055.917, 141
Trd, 000055.950, 138
Trd, 000056.150, 151.0
Trd, 000056.850, 141
Trd, 000056.967, 141
Trd, 000057.050, 138
Trd, 000057.383, 136
Trd, 000059.183, 141
Trd, 000059.700, 141
Trd, 000059.733, 143
Trd, 000060.050, 139
Trd, 000060.383, 141
Trd, 000060.750, 140
Trd, 000060.883, 143
Trd, 000060.950, 143
Trd, 000061.167, 138
Trd, 000061.800, 148
Trd, 000062.233, 139
Trd, 000062.300, 136
Trd, 000062.517, 134.0
Trd, 000063.717, 147
Trd, 000063.917, 148
Trd, 000064.100, 160
Trd, 000064.400, 145
Trd, 000066.383, 149
Trd, 000066.750, 150
Trd, 000067.333, 147
Trd, 000068.467, 146
Trd, 000068.983, 148
Trd, 000069.100, 147
Trd, 000069.300, 148
Trd, 000069.417, 147
Trd, 000069.583, 147
Trd, 000069.750, 146
Trd, 000069.883, 146
Trd, 000069.983, 149
Trd, 000071.383, 144.0
Trd, 000071.583, 136
Trd, 000072.383, 144
Trd, 000073.633, 145.0
Trd, 000073.650, 146.0
Trd, 000074.450, 142
Trd, 000074.517, 146
Trd, 000074.667, 142
Trd, 000075.267, 148
Trd, 000075.767, 137
Trd, 000076.667, 144
Trd, 000076.800, 148.0
Trd, 000077.167, 142
Trd, 000077.483, 142
Trd, 000077.933, 144.0
Trd, 000078.150, 146
Trd, 000078.567, 145
Trd, 000078.633, 142
Trd, 000079.883, 136
Trd, 000080.267, 134.0
Trd, 000080.383, 137
Trd, 000080.533, 137
Trd, 000081.350, 140
Trd, 000082.767, 145
Trd, 000082.800, 144
Trd, 000083.300, 147
Trd, 000083.950, 146
Trd, 000085.083, 144.0
Trd, 000085.167, 145
Trd, 000085.283, 144
Trd, 000085.367, 143
Trd, 000086.317, 143
Trd, 000086.467, 145
Trd, 000086.767, 141
Trd, 000088.100, 140
Trd, 000089.300, 136
Trd, 000089.550, 137
Trd, 000089.733, 137
Trd, 000090.033, 136
Trd, 000090.367, 138
Trd, 000090.650, 148
Trd, 000090.817, 136
Trd, 000091.117, 144
Trd, 000091.667, 138
Trd, 000092.533, 135
Trd, 000092.967, 138
Trd, 000093.200, 135
Trd, 000094.217, 129
Trd, 000094.417, 130
Trd, 000094.667, 137
Trd, 000095.000, 136.0
Trd, 000096.083, 141
Trd, 000096.417, 144.0
Trd, 000096.600, 148
Trd, 000097.267, 140
Trd, 000097.617, 147.0
Trd, 000097.900, 149.0
Trd, 000098.683, 148
Trd, 000098.950, 145.0
Trd, 000099.533, 144.0
Trd, 000099.817, 142
Trd, 000099.883, 147
Trd, 000100.867, 143
Trd, 000101.617, 142
Trd, 000101.767, 142
Trd, 000102.033, 144
Trd, 000102.267, 148
Trd, 000103.200, 146
Trd, 000103.367, 145
Trd, 000103.433, 147
Trd, 000103.550, 145
Trd, 000104.083, 145
Trd, 000104.333, 136
Trd, 000104.767, 144.0
Trd, 000104.883, 138
Trd, 000105.233, 134.0
Trd, 000105.550, 132.0
Trd, 000106.300, 143
Trd, 000107.667, 132.0
Trd, 000107.783, 142
Trd, 000108.167, 133
Trd, 000108.567, 131.0
Trd, 000108.917, 127.0
Trd, 000109.150, 106.0
Trd, 000109.900, 138
Trd, 000110.350, 138
Trd, 000111.183, 132
Trd, 000111.517, 132
Trd, 000111.733, 130
Trd, 000111.967, 133
Trd, 000112.400, 148
Trd, 000113.100, 146.0
Trd, 000113.500, 146.0
Trd, 000113.800, 148
Trd, 000114.417, 149
Trd, 000114.650, 149.0
Trd, 000114.933, 146.0
Trd, 000115.133, 144.0
Trd, 000115.667, 142
Trd, 000115.867, 139
Trd, 000118.667, 138
Trd, 000119.067, 138
Trd, 000119.183, 136
Trd, 000119.750, 136
Trd, 000119.967, 137
Trd, 000120.083, 139
Trd, 000120.267, 140
Trd, 000120.850, 136
Trd, 000121.200, 140
Trd, 000121.383, 135
Trd, 000121.667, 141
Trd, 000122.000, 162
Trd, 000122.200, 163
Trd, 000122.517, 134.0
Trd, 000122.850, 131.0
Trd, 000123.033, 160
Trd, 000124.033, 138
Trd, 000124.583, 161
Trd, 000124.683, 163
Trd, 000124.750, 138
Trd, 000125.183, 171.0
Trd, 000125.283, 138
Trd, 000126.317, 154
Trd, 000126.900, 156
Trd, 000127.150, 152
Trd, 000128.017, 151
Trd, 000128.083, 150
Trd, 000128.767, 148
Trd, 000128.967, 147
Trd, 000129.433, 147
Trd, 000129.667, 148
Trd, 000130.133, 149
Trd, 000130.183, 136
Trd, 000131.350, 141
Trd, 000131.583, 144.0
Trd, 000132.433, 134.0
Trd, 000132.633, 131.0
Trd, 000133.417, 120.0
Trd, 000133.700, 146.0
Trd, 000134.050, 147.0
Trd, 000134.567, 148
Trd, 000135.133, 148
Trd, 000136.050, 134
Trd, 000138.367, 138
Trd, 000138.400, 138
Trd, 000138.617, 137
Trd, 000138.933, 136
Trd, 000139.367, 135
Trd, 000139.800, 137
Trd, 000140.400, 135
Trd, 000140.783, 137
Trd, 000140.950, 137
Trd, 000141.050, 141
Trd, 000141.600, 145
Trd, 000142.067, 146
Trd, 000142.767, 149
Trd, 000143.233, 160
Trd, 000143.750, 158
Trd, 000143.850, 147.0
Trd, 000144.183, 144.0
Trd, 000144.300, 137
Trd, 000144.983, 152
Trd, 000145.500, 145
Trd, 000145.817, 149
Trd, 000146.550, 143
Trd, 000146.967, 139
Trd, 000147.950, 144
Trd, 000148.083, 145
Trd, 000149.233, 141
Trd, 000149.267, 144
Trd, 000149.350, 139
Trd, 000149.367, 144
Trd, 000149.400, 148
Trd, 000149.850, 139
Trd, 000150.383, 138
Trd, 000150.533, 147
Trd, 000151.050, 139
Trd, 000152.450, 140
Trd, 000153.283, 147
Trd, 000154.317, 147.0
Trd, 000155.200, 145.0
Trd, 000155.367, 144.0
Trd, 000155.433, 144
Trd, 000155.750, 142
Trd, 000156.017, 144
Trd, 000157.300, 143
Trd, 000157.317, 141
Trd, 000157.367, 140
Trd, 000157.483, 136
Trd, 000158.383, 145
Trd, 000158.900, 145
Trd, 000159.017, 143
Trd, 000159.200, 139
Trd, 000160.667, 147
Trd, 000160.983, 147
Trd, 000161.000, 136
Trd, 000161.967, 148
Trd, 000162.450, 147
Trd, 000163.300, 145.0
Trd, 000163.833, 144.0
Trd, 000164.800, 143
Trd, 000164.883, 145
Trd, 000165.000, 143
Trd, 000166.067, 144.0
Trd, 000166.133, 143
Trd, 000166.233, 145
Trd, 000166.267, 143
Trd, 000166.883, 144
Trd, 000167.083, 144
Trd, 000167.617, 147
Trd, 000168.833, 147
Trd, 000169.283, 149
Trd, 000169.900, 147
Trd, 000170.033, 147
Trd, 000171.083, 146
Trd, 000171.117, 144.0
Trd, 000171.333, 144
Trd, 000171.483, 136
Trd, 000172.633, 134.0
Trd, 000172.817, 144
Trd, 000173.000, 131.0
Trd, 000173.633, 136
Trd, 000173.800, 143
Trd, 000174.550, 134.0
Trd, 000175.417, 141
Trd, 000175.483, 136
Trd, 000176.317, 141
Trd, 000177.150, 141
Trd, 000177.483, 141
Trd, 000177.583, 140
Trd, 000177.917, 139
Trd, 000178.400, 144.0
Trd, 000178.417, 149
Trd, 000178.833, 151.0
Trd, 000179.150, 140
Trd, 000180.050, 138
Trd, 000180.850, 137
Trd, 000180.950, 137
Trd, 000181.167, 150.0
Trd, 000181.400, 138
Trd, 000181.817, 137
Trd, 000182.333, 143
Trd, 000183.900, 144.0
Trd, 000183.967, 150
Trd, 000184.983, 144
Trd, 000185.150, 142
Trd, 000185.450, 144
Trd, 000185.850, 149
Trd, 000186.133, 143
Trd, 000186.300, 149
Trd, 000187.400, 148
Trd, 000187.417, 142
Trd, 000187.517, 149
Trd, 000187.867, 142
Trd, 000188.200, 147
Trd, 000188.750, 149.0
Trd, 000189.717, 144
Trd, 000190.100, 143
Trd, 000190.233, 143
Trd, 000190.900, 144
Trd, 000191.300, 143
Trd, 000191.817, 147
Trd, 000191.967, 148
Trd, 000192.783, 141
Trd, 000192.850, 131.0
Trd, 000193.783, 149.0
Trd, 000194.750, 137
Trd, 000195.000, 144
Trd, 000195.417, 145
Trd, 000195.733, 145
Trd, 000196.033, 144.0
Trd, 000196.683, 143
Trd, 000196.967, 146
Trd, 000198.133, 144.0
Trd, 000198.283, 144
Trd, 000199.133, 143
Trd, 000199.517, 142
Trd, 000199.550, 142
Trd, 000200.017, 136
Trd, 000200.550, 140
Trd, 000201.000, 138.0
Trd, 000201.383, 137.0
Trd, 000201.483, 140
Trd, 000201.767, 133
Trd, 000201.867, 131.0
Trd, 000202.133, 133
Trd, 000202.167, 140
Trd, 000203.267, 141
Trd, 000203.950, 136
Trd, 000204.117, 147
Trd, 000204.800, 148
Trd, 000205.233, 143
Trd, 000205.417, 136
Trd, 000205.467, 135.0
Trd, 000206.400, 137.0
Trd, 000206.667, 135
Trd, 000206.950, 142
Trd, 000207.300, 162
Trd, 000208.517, 143
Trd, 000208.833, 144
Trd, 000209.083, 134.0
Trd, 000209.600, 135
Trd, 000209.617, 133
Trd, 000211.067, 130
Trd, 000211.183, 131
Trd, 000211.950, 135
Trd, 000212.067, 134
Trd, 000212.817, 135
Trd, 000213.033, 141
Trd, 000213.283, 151.0
Trd, 000213.467, 133
Trd, 000213.600, 127.0
Trd, 000214.167, 131.0
Trd, 000215.433, 136
Trd, 000216.083, 141
Trd, 000216.150, 136
Trd, 000217.083, 141
Trd, 000217.600, 138
Trd, 000217.867, 140
Trd, 000217.983, 137
Trd, 000218.100, 134
Trd, 000218.500, 141
Trd, 000218.867, 137
Trd, 000220.050, 137.0
Trd, 000220.083, 136.0
Trd, 000220.400, 140
Trd, 000221.667, 137
Trd, 000222.733, 136
Trd, 000222.850, 148
Trd, 000223.083, 135
Trd, 000223.433, 152
Trd, 000224.367, 139
Trd, 000224.467, 136
Trd, 000224.833, 139
Trd, 000224.900, 143
Trd, 000225.400, 136
Trd, 000226.150, 145
Trd, 000226.183, 146
Trd, 000226.233, 138
Trd, 000226.717, 150.0
Trd, 000227.100, 137
Trd, 000227.317, 136.0
Trd, 000229.100, 144
Trd, 000230.167, 138.0
Trd, 000230.500, 144
Trd, 000231.083, 138
Trd, 000231.717, 144
Trd, 000231.983, 144
Trd, 000232.367, 140
Trd, 000232.450, 144
Trd, 000233.600, 140
Trd, 000233.817, 141
Trd, 000234.617, 137
Trd, 000235.033, 147
Trd, 000235.250, 137
Trd, 000235.917, 136
Trd, 000236.533, 144
Trd, 000236.717, 148
Trd, 000237.183, 139
Trd, 000237.300, 146
Trd, 000237.333, 140
Trd, 000238.167, 162
Trd, 000238.750, 145
Trd, 000239.117, 156
Trd, 000239.900, 151
Trd, 000240.267, 149
Trd, 000240.717, 150
Trd, 000241.083, 148
Trd, 000241.167, 147
Trd, 000241.467, 149
Trd, 000241.817, 148
Trd, 000242.083, 147
Trd, 000242.117, 145
Trd, 000242.283, 144.0
Trd, 000242.850, 142
Trd, 000243.050, 142
Trd, 000243.167, 140
Trd, 000243.783, 143
Trd, 000243.900, 142
Trd, 000244.200, 139
Trd, 000244.217, 142
Trd, 000245.033, 138
Trd, 000245.700, 143.0
Trd, 000246.000, 144.0
Trd, 000246.200, 148
Trd, 000246.217, 147.0
Trd, 000246.417, 148
Trd, 000247.150, 156
Trd, 000248.350, 155
Trd, 000248.683, 152.0
Trd, 000248.917, 151.0
Trd, 000249.417, 154.0
Trd, 000249.650, 155
Trd, 000250.250, 156.0
Trd, 000250.333, 162
Trd, 000250.683, 155.0
Trd, 000251.050, 154.0
Trd, 000251.917, 157
Trd, 000252.000, 158
Trd, 000252.667, 159
Trd, 000253.017, 156
Trd, 000253.800, 157
Trd, 000253.983, 157
Trd, 000254.750, 154.0
Trd, 000254.867, 144.0
Trd, 000255.017, 136
Trd, 000255.583, 141.0
Trd, 000255.800, 144.0
Trd, 000256.283, 142
Trd, 000256.517, 143
Trd, 000256.533, 145
Trd, 000257.000, 142
Trd, 000257.317, 148
Trd, 000257.933, 147.0
Trd, 000257.967, 143.0
Trd, 000258.133, 142.0
Trd, 000258.350, 146
Trd, 000258.400, 142
Trd, 000258.850, 132.0
Trd, 000258.917, 131.0
Trd, 000259.000, 144.0
Trd, 000259.233, 120
Trd, 000259.467, 126
Trd, 000259.783, 125.0
Trd, 000260.300, 137.0
Trd, 000260.717, 130
Trd, 000261.783, 147
Trd, 000262.650, 145
Trd, 000263.117, 137
Trd, 000263.933, 151.0
Trd, 000264.333, 162
Trd, 000264.733, 155
Trd, 000264.917, 155
Trd, 000265.600, 156
Trd, 000265.750, 156.0
Trd, 000266.067, 160
Trd, 000266.083, 157
Trd, 000266.117, 162
Trd, 000266.400, 156.0
Trd, 000266.483, 155.0
Trd, 000266.767, 161
Trd, 000267.483, 159
Trd, 000268.233, 162.0
Trd, 000268.283, 162
Trd, 000268.333, 172.0
Trd, 000268.383, 160
Trd, 000269.383, 158.0
Trd, 000269.517, 158
Trd, 000269.550, 155.0
Trd, 000269.883, 158
Trd, 000270.133, 146.0
Trd, 000270.583, 144.0
Trd, 000271.700, 144
Trd, 000271.883, 144.0
Trd, 000272.333, 143
Trd, 000273.033, 143
Trd, 000273.517, 144
Trd, 000273.950, 148
Trd, 000274.067, 142
Trd, 000274.133, 136
Trd, 000274.367, 151.0
Trd, 000274.667, 162
Trd, 000275.150, 155
Trd, 000275.683, 162
Trd, 000275.850, 166.0
Trd, 000276.083, 162
Trd, 000276.100, 162.0
Trd, 000276.167, 155.0
Trd, 000276.567, 138
Trd, 000276.850, 142
Trd, 000277.250, 160
Trd, 000277.350, 137
Trd, 000277.383, 161
Trd, 000278.667, 154
Trd, 000278.967, 159
Trd, 000279.217, 155
Trd, 000279.733, 160
Trd, 000279.917, 152
Trd, 000280.100, 163
Trd, 000281.533, 160
Trd, 000281.550, 158
Trd, 000281.950, 152
Trd, 000282.800, 161
Trd, 000282.817, 162
Trd, 000283.683, 158.0
Trd, 000283.800, 158
Trd, 000284.150, 160
Trd, 000284.800, 158
Trd, 000284.867, 159
Trd, 000284.900, 157
Trd, 000285.100, 156
Trd, 000285.967, 155.0
Trd, 000286.350, 151.0
Trd, 000286.483, 159
Trd, 000286.667, 160
Trd, 000287.083, 149
Trd, 000287.167, 136
Trd, 000288.783, 144.0
Trd, 000288.867, 144
Trd, 000288.917, 145
Trd, 000289.983, 141
Trd, 000290.117, 143
Trd, 000290.133, 134.0
Trd, 000290.417, 148
Trd, 000291.183, 139
Trd, 000291.500, 150.0
Trd, 000291.583, 148
Trd, 000292.750, 148
Trd, 000293.100, 151.0
Trd, 000293.117, 138
Trd, 000293.200, 162
Trd, 000293.617, 138
Trd, 000293.900, 136
Trd, 000294.033, 131.0
Trd, 000294.100, 151
Trd, 000294.683, 155.0
Trd, 000294.817, 167.0
Trd, 000295.217, 168.0
Trd, 000296.383, 155
Trd, 000296.450, 155
Trd, 000296.700, 161
Trd, 000296.750, 155
Trd, 000297.150, 160
Trd, 000297.367, 162
Trd, 000297.583, 168.0
Trd, 000298.217, 164
Trd, 000298.883, 162.0
Trd, 000298.917, 163
Trd, 000299.633, 164
Trd, 000299.750, 161
Trd, 000299.783, 157.0
Trd, 000299.883, 155.0
