Trd, 000002.483, 147
Trd, 000003.450, 160
Trd, 000004.350, 158.0
Trd, 000004.650, 156.0
Trd, 000005.283, 157.0
Trd, 000005.433, 158.0
Trd, 000005.550, 160
Trd, 000005.817, 161
Trd, 000005.883, 155.0
Trd, 000006.083, 155
Trd, 000007.450, 172.0
Trd, 000007.717, 153
Trd, 000009.583, 152
Trd, 000009.800, 160
Trd, 000010.017, 153
Trd, 000010.433, 158
Trd, 000010.733, 158.0
Trd, 000010.783, 150.0
Trd, 000010.983, 145
Trd, 000011.433, 159
Trd, 000012.817, 148
Trd, 000012.867, 156
Trd, 000014.567, 155.0
Trd, 000014.583, 156.0
Trd, 000014.867, 151
Trd, 000015.800, 148.0
Trd, 000016.167, 143
Trd, 000016.433, 154
Trd, 000016.633, 154
Trd, 000017.300, 155
Trd, 000017.883, 154
Trd, 000018.583, 149
Trd, 000019.283, 149
Trd, 000020.650, 152
Trd, 000020.850, 153
Trd, 000021.633, 158.0
Trd, 000021.733, 156
Trd, 000021.767, 148
Trd, 000022.317, 154
Trd, 000022.483, 171.0
Trd, 000022.900, 159
Trd, 000022.950, 160
Trd, 000024.383, 164
Trd, 000024.650, 164
Trd, 000024.733, 163
Trd, 000024.933, 149.0
Trd, 000025.967, 158.0
Trd, 000027.367, 172.0
Trd, 000027.717, 175
Trd, 000028.333, 160
Trd, 000029.150, 162
Trd, 000029.200, 165
Trd, 000029.350, 155
Trd, 000031.250, 159
Trd, 000031.367, 155.0
Trd, 000031.467, 153
Trd, 000032.150, 156
Trd, 000033.083, 152
Trd, 000034.550, 148.0
Trd, 000034.683, 143
Trd, 000035.150, 148
Trd, 000035.467, 154
Trd, 000035.567, 147
Trd, 000036.667, 151
Trd, 000036.983, 153
Trd, 000037.433, 150
Trd, 000038.567, 150
Trd, 000038.583, 148
Trd, 000039.133, 150
Trd, 000039.600, 155
Trd, 000040.167, 150
Trd, 000040.250, 165.0
Trd, 000041.117, 174
Trd, 000041.400, 158.0
Trd, 000041.700, 157
Trd, 000041.883, 156
Trd, 000042.917, 155.0
Trd, 000044.050, 156
Trd, 000044.850, 157
Trd, 000045.117, 156
Trd, 000045.700, 155
Trd, 000045.850, 156.0
Trd, 000046.033, 157
Trd, 000047.333, 156
Trd, 000047.817, 173
Trd, 000048.250, 158.0
Trd, 000048.900, 155
Trd, 000048.950, 155.0
Trd, 000049.067, 162
Trd, 000049.100, 154
Trd, 000049.433, 165.0
Trd, 000050.833, 143
Trd, 000051.250, 159
Trd, 000051.367, 165.0
Trd, 000051.500, 172.0
Trd, 000051.600, 131
Trd, 000053.517, 141
Trd, 000053.600, 153
Trd, 000054.100, 153
Trd, 000054.467, 151
Trd, 000054.683, 154
Trd, 000055.050, 155
Trd, 000055.800, 152
Trd, 000056.117, 156
Trd, 000058.383, 153
Trd, 000058.817, 150
Trd, 000058.933, 148.0
Trd, 000059.333, 154
Trd, 000059.350, 155
Trd, 000060.833, 154
Trd, 000060.950, 155
Trd, 000061.567, 150
Trd, 000062.000, 154
Trd, 000062.983, 154
Trd, 000063.900, 155
Trd, 000064.017, 154
Trd, 000065.017, 156
Trd, 000065.200, 158.0
Trd, 000066.450, 156
Trd, 000066.883, 158
Trd, 000067.750, 164.0
Trd, 000067.967, 153
Trd, 000068.667, 143
Trd, 000068.967, 157
Trd, 000069.067, 157
Trd, 000069.700, 146
Trd, 000070.350, 144
Trd, 000070.617, 154
Trd, 000072.150, 149
Trd, 000073.217, 148
Trd, 000073.483, 151
Trd, 000074.500, 148
Trd, 000074.900, 151
Trd, 000075.417, 152
Trd, 000075.483, 150
Trd, 000077.150, 152
Trd, 000077.183, 150
Trd, 000077.950, 158.0
Trd, 000077.983, 165.0
Trd, 000078.767, 159
Trd, 000078.917, 173
Trd, 000079.483, 151.0
Trd, 000080.567, 161
Trd, 000080.633, 159
Trd, 000080.817, 163
Trd, 000081.333, 165.0
Trd, 000081.967, 167.0
Trd, 000082.417, 168
Trd, 000082.500, 165.0
Trd, 000082.650, 158.0
Trd, 000082.667, 168.0
Trd, 000083.233, 150
Trd, 000083.733, 151
Trd, 000084.617, 145
Trd, 000085.383, 156
Trd, 000085.950, 154
Trd, 000086.550, 153
Trd, 000086.600, 146
Trd, 000087.183, 145
Trd, 000087.233, 153
Trd, 000087.567, 143
Trd, 000088.333, 133.0
Trd, 000089.133, 155
Trd, 000089.500, 157.0
Trd, 000090.150, 158.0
Trd, 000091.050, 161
Trd, 000091.450, 165.0
Trd, 000091.533, 156.0
Trd, 000092.183, 156
Trd, 000092.233, 157
Trd, 000092.317, 158
Trd, 000092.950, 159
Trd, 000093.433, 158.0
Trd, 000094.050, 159
Trd, 000094.100, 155
Trd, 000094.433, 143
Trd, 000095.933, 148
Trd, 000096.733, 150
Trd, 000097.050, 155
Trd, 000097.850, 157
Trd, 000099.317, 152
Trd, 000099.600, 154
Trd, 000100.100, 155
Trd, 000100.667, 151
Trd, 000101.383, 149.0
Trd, 000101.483, 155
Trd, 000102.050, 155
Trd, 000102.483, 150
Trd, 000103.150, 158.0
Trd, 000103.200, 165.0
Trd, 000104.533, 148.0
Trd, 000104.700, 156
Trd, 000105.050, 145
Trd, 000106.117, 143
Trd, 000106.733, 149
Trd, 000106.750, 148
Trd, 000106.883, 151
Trd, 000107.000, 146
Trd, 000107.467, 149
Trd, 000108.050, 165.0
Trd, 000108.617, 143
Trd, 000108.867, 143
Trd, 000109.033, 141.0
Trd, 000109.750, 155
Trd, 000109.900, 144
Trd, 000111.333, 152
Trd, 000111.517, 156
Trd, 000112.283, 155.0
Trd, 000112.717, 157.0
Trd, 000112.883, 150.0
Trd, 000113.583, 148.0
Trd, 000113.883, 158.0
Trd, 000113.900, 165.0
Trd, 000114.083, 145
Trd, 000114.867, 158
Trd, 000116.317, 158
Trd, 000116.617, 150
Trd, 000117.533, 158.0
Trd, 000118.117, 149
Trd, 000118.483, 159
Trd, 000118.633, 164.0
Trd, 000118.883, 165.0
Trd, 000119.233, 148
Trd, 000120.483, 159
Trd, 000120.750, 158
Trd, 000120.767, 160
Trd, 000120.850, 155.0
Trd, 000121.300, 160
Trd, 000121.683, 154
Trd, 000122.000, 158.0
Trd, 000122.800, 171.0
Trd, 000122.950, 148.0
Trd, 000123.267, 154
Trd, 000123.917, 163
Trd, 000124.750, 159
Trd, 000125.367, 161
Trd, 000125.983, 159
Trd, 000126.550, 159
Trd, 000126.867, 159
Trd, 000127.683, 158.0
Trd, 000127.883, 157
Trd, 000127.950, 161
Trd, 000128.200, 165.0
Trd, 000128.967, 158
Trd, 000129.467, 155.0
Trd, 000130.467, 150.0
Trd, 000130.833, 158.0
Trd, 000131.150, 158.0
Trd, 000131.517, 154
Trd, 000131.783, 156
Trd, 000132.150, 143
Trd, 000133.283, 138
Trd, 000133.800, 140
Trd, 000134.433, 148
Trd, 000135.617, 151
Trd, 000135.733, 149
Trd, 000136.150, 158.0
Trd, 000136.450, 156
Trd, 000137.217, 144
Trd, 000137.450, 144
Trd, 000137.600, 149
Trd, 000137.850, 150
Trd, 000138.267, 143
Trd, 000138.467, 157.0
Trd, 000138.700, 141.0
Trd, 000138.717, 131.0
Trd, 000139.467, 146
Trd, 000140.150, 155
Trd, 000140.750, 158.0
Trd, 000140.783, 146
Trd, 000141.017, 165.0
Trd, 000141.850, 172.0
Trd, 000141.967, 158.0
Trd, 000142.533, 165.0
Trd, 000143.067, 145
Trd, 000143.400, 143
Trd, 000143.800, 158.0
Trd, 000143.967, 142
Trd, 000144.167, 160
Trd, 000144.350, 142
Trd, 000145.150, 159
Trd, 000145.967, 154
Trd, 000146.183, 153
Trd, 000146.667, 161
Trd, 000148.800, 157
Trd, 000149.067, 158.0
Trd, 000149.083, 152
Trd, 000149.283, 148.0
Trd, 000149.983, 159
Trd, 000150.917, 159
Trd, 000150.983, 154
Trd, 000151.350, 158.0
Trd, 000151.400, 164.0
Trd, 000153.167, 163
Trd, 000153.550, 162
Trd, 000154.333, 171
Trd, 000154.417, 164
Trd, 000154.783, 161
Trd, 000154.917, 158
Trd, 000155.033, 158.0
Trd, 000155.317, 148.0
Trd, 000155.983, 171
Trd, 000156.467, 167
Trd, 000156.550, 145
Trd, 000158.067, 158.0
Trd, 000158.300, 146
Trd, 000158.917, 148
Trd, 000158.967, 147
Trd, 000161.067, 149
Trd, 000161.883, 148
Trd, 000162.133, 149
Trd, 000162.350, 150
Trd, 000162.400, 147
Trd, 000162.533, 151
Trd, 000162.950, 151
Trd, 000165.383, 160.0
Trd, 000165.633, 158.0
Trd, 000165.750, 161.0
Trd, 000166.267, 169
Trd, 000166.767, 162
Trd, 000167.783, 158.0
Trd, 000167.833, 155.0
Trd, 000168.250, 160
Trd, 000168.433, 148.0
Trd, 000168.550, 143
Trd, 000168.967, 161
Trd, 000169.750, 161
Trd, 000170.417, 160
Trd, 000172.650, 162
Trd, 000173.033, 159.0
Trd, 000173.100, 158.0
Trd, 000173.267, 172.0
Trd, 000173.667, 162
Trd, 000174.183, 163
Trd, 000174.300, 161
Trd, 000175.083, 163
Trd, 000175.617, 149.0
Trd, 000175.967, 158
Trd, 000176.117, 148.0
Trd, 000176.567, 148
Trd, 000176.833, 163.0
Trd, 000177.367, 157.0
Trd, 000177.383, 158.0
Trd, 000178.367, 156
Trd, 000178.483, 165.0
Trd, 000178.833, 155
Trd, 000179.500, 144
Trd, 000180.083, 162
Trd, 000180.567, 158
Trd, 000180.783, 147
Trd, 000180.800, 160
Trd, 000181.133, 172.0
Trd, 000181.983, 143
Trd, 000183.300, 158.0
Trd, 000183.550, 157
Trd, 000183.967, 157
Trd, 000183.983, 158
Trd, 000185.717, 158.0
Trd, 000185.967, 156.0
Trd, 000186.250, 159
Trd, 000186.417, 155.0
Trd, 000186.650, 155
Trd, 000186.917, 159
Trd, 000187.233, 154
Trd, 000187.683, 149.0
Trd, 000188.267, 165.0
Trd, 000188.750, 158.0
Trd, 000189.133, 149
Trd, 000190.167, 156
Trd, 000190.883, 157
Trd, 000191.483, 158
Trd, 000191.817, 159
Trd, 000192.667, 158.0
Trd, 000193.033, 165.0
Trd, 000193.600, 159
Trd, 000194.267, 158.0
Trd, 000194.483, 155.0
Trd, 000195.000, 160
Trd, 000195.283, 160
Trd, 000195.350, 155
Trd, 000196.433, 152
Trd, 000196.533, 158.0
Trd, 000197.067, 150.0
Trd, 000197.850, 150
Trd, 000198.717, 150
Trd, 000199.000, 152
Trd, 000200.367, 153
Trd, 000201.100, 152
Trd, 000201.550, 153
Trd, 000201.750, 155
Trd, 000201.850, 165.0
Trd, 000202.417, 149
Trd, 000203.083, 156
Trd, 000204.333, 156
Trd, 000204.767, 150
Trd, 000205.117, 157
Trd, 000205.233, 158.0
Trd, 000205.867, 155
Trd, 000206.950, 156
Trd, 000207.700, 148.0
Trd, 000208.417, 153
Trd, 000209.983, 164.0
Trd, 000210.167, 162
Trd, 000210.317, 161
Trd, 000210.567, 161
Trd, 000210.767, 156
Trd, 000211.200, 155.0
Trd, 000211.283, 158.0
Trd, 000211.383, 143
Trd, 000212.100, 131.0
Trd, 000212.617, 159
Trd, 000213.983, 158.0
Trd, 000214.567, 158
Trd, 000214.967, 142
Trd, 000215.950, 156
Trd, 000216.550, 152
Trd, 000216.867, 156
Trd, 000216.883, 164.0
Trd, 000218.267, 159
Trd, 000218.517, 165.0
Trd, 000218.550, 158
Trd, 000218.917, 156
Trd, 000219.483, 155.0
Trd, 000219.733, 150
Trd, 000219.883, 168.0
Trd, 000220.483, 158.0
Trd, 000221.100, 161
Trd, 000222.217, 155.0
Trd, 000223.300, 143
Trd, 000223.533, 158.0
Trd, 000223.717, 160
Trd, 000224.567, 144
Trd, 000224.583, 143
Trd, 000224.600, 159
Trd, 000225.833, 160
Trd, 000226.050, 151
Trd, 000226.333, 158.0
Trd, 000226.350, 149
Trd, 000226.600, 148.0
Trd, 000227.000, 159
Trd, 000227.017, 143
Trd, 000227.333, 131.0
Trd, 000227.600, 157
Trd, 000227.750, 158.0
Trd, 000228.300, 127.0
Trd, 000229.367, 152
Trd, 000229.450, 156
Trd, 000230.450, 157
Trd, 000231.650, 161
Trd, 000231.700, 158.0
Trd, 000232.883, 160
Trd, 000233.150, 172
Trd, 000233.683, 155.0
Trd, 000234.283, 157.0
Trd, 000234.833, 158.0
Trd, 000235.500, 150.0
Trd, 000235.600, 165.0
Trd, 000235.683, 148.0
Trd, 000236.550, 153
Trd, 000237.617, 160
Trd, 000238.283, 162
Trd, 000238.567, 163
Trd, 000240.500, 159.0
Trd, 000241.067, 159
Trd, 000241.300, 158.0
Trd, 000241.350, 160
Trd, 000241.567, 158
Trd, 000242.167, 158.0
Trd, 000242.933, 159
Trd, 000243.200, 162.0
Trd, 000243.400, 160
Trd, 000243.833, 165.0
Trd, 000244.017, 159
Trd, 000244.750, 157
Trd, 000245.133, 157.0
Trd, 000246.200, 155.0
Trd, 000246.383, 155
Trd, 000247.267, 151.0
Trd, 000247.750, 156
Trd, 000248.867, 151.0
Trd, 000249.200, 151.0
Trd, 000249.550, 150
Trd, 000249.850, 153
Trd, 000249.917, 154
Trd, 000250.517, 154
Trd, 000251.117, 154
Trd, 000251.217, 149.0
Trd, 000251.250, 143
Trd, 000251.967, 154.0
Trd, 000252.850, 156
Trd, 000253.233, 155
Trd, 000253.317, 156
Trd, 000255.183, 151.0
Trd, 000255.717, 152
Trd, 000256.483, 156
Trd, 000257.733, 152
Trd, 000257.750, 156
Trd, 000257.883, 151
Trd, 000258.233, 158.0
Trd, 000259.117, 153
Trd, 000259.717, 148
Trd, 000259.817, 154
Trd, 000259.917, 148.0
Trd, 000260.950, 154
Trd, 000261.433, 155
Trd, 000261.717, 155
Trd, 000262.383, 151
Trd, 000262.417, 158.0
Trd, 000262.717, 150
Trd, 000263.650, 151.0
Trd, 000263.700, 150
Trd, 000263.933, 156
Trd, 000264.517, 156
Trd, 000264.683, 158.0
Trd, 000266.067, 152.0
Trd, 000266.133, 153
Trd, 000266.967, 151
Trd, 000267.067, 149
Trd, 000267.217, 156
Trd, 000267.567, 156
Trd, 000267.617, 149.0
Trd, 000268.067, 156
Trd, 000268.417, 158.0
Trd, 000269.750, 148.0
Trd, 000269.867, 156
Trd, 000270.283, 146
Trd, 000271.583, 148
Trd, 000271.633, 153
Trd, 000272.633, 151.0
Trd, 000273.300, 151
Trd, 000273.900, 152
Trd, 000274.567, 150
Trd, 000274.583, 148
Trd, 000274.917, 151
Trd, 000274.967, 153
Trd, 000275.533, 151.0
Trd, 000275.717, 155
Trd, 000276.200, 152
Trd, 000276.400, 148.0
Trd, 000276.700, 158.0
Trd, 000277.517, 154
Trd, 000278.300, 143
Trd, 000278.533, 155
Trd, 000279.567, 162.0
Trd, 000279.633, 158.0
Trd, 000280.150, 158.0
Trd, 000280.600, 156.0
Trd, 000280.650, 155.0
Trd, 000281.350, 165.0
Trd, 000282.050, 155
Trd, 000282.467, 154
Trd, 000282.550, 153
Trd, 000282.633, 159
Trd, 000283.150, 156
Trd, 000283.517, 165.0
Trd, 000284.617, 158.0
Trd, 000284.717, 156
Trd, 000285.733, 154
Trd, 000285.767, 157.0
Trd, 000285.867, 152
Trd, 000286.233, 151.0
Trd, 000286.667, 157
Trd, 000287.417, 158
Trd, 000287.900, 154
Trd, 000287.983, 151
Trd, 000288.000, 151.0
Trd, 000288.100, 150
Trd, 000290.167, 153
Trd, 000291.067, 155
Trd, 000291.667, 154
Trd, 000292.250, 156
Trd, 000293.017, 158.0
Trd, 000293.217, 157
Trd, 000293.733, 158.0
Trd, 000293.983, 159.0
Trd, 000294.267, 158.0
Trd, 000294.900, 158.0
Trd, 000295.767, 158
Trd, 000295.883, 158
Trd, 000296.167, 156
Trd, 000296.250, 154
Trd, 000296.317, 151.0
Trd, 000296.333, 162.0
Trd, 000296.400, 165.0
Trd, 000296.450, 172.0
Trd, 000296.617, 148.0
Trd, 000297.150, 164
Trd, 000297.767, 163
Trd, 000298.283, 151
Trd, 000299.883, 164.0
