Trd, 000002.333, 123
Trd, 000003.267, 134
Trd, 000004.433, 142
Trd, 000004.983, 127
Trd, 000005.067, 143
Trd, 000005.317, 148.0
Trd, 000005.667, 131
Trd, 000006.000, 127.0
Trd, 000006.233, 155.0
Trd, 000006.933, 134
Trd, 000008.517, 153
Trd, 000008.733, 162.0
Trd, 000009.467, 152
Trd, 000010.483, 155.0
Trd, 000011.317, 154
Trd, 000011.333, 155
Trd, 000011.350, 151.0
Trd, 000012.200, 148.0
Trd, 000012.767, 165.0
Trd, 000014.217, 159
Trd, 000015.600, 153.0
Trd, 000015.767, 151.0
Trd, 000016.550, 149
Trd, 000016.817, 154
Trd, 000018.733, 151
Trd, 000018.883, 146
Trd, 000019.083, 147.0
Trd, 000019.233, 148.0
Trd, 000019.283, 155.0
Trd, 000019.567, 144
Trd, 000019.683, 156
Trd, 000020.533, 143
Trd, 000020.783, 154
Trd, 000021.117, 163.0
Trd, 000023.617, 150
Trd, 000023.717, 148
Trd, 000024.583, 145
Trd, 000025.467, 143
Trd, 000026.100, 139
Trd, 000026.117, 140
Trd, 000026.233, 147
Trd, 000027.567, 143
Trd, 000027.617, 144
Trd, 000028.433, 144
Trd, 000028.817, 144
Trd, 000030.033, 147.0
Trd, 000030.200, 145
Trd, 000030.333, 145
Trd, 000030.683, 148.0
Trd, 000031.317, 142
Trd, 000033.283, 147
Trd, 000034.050, 148.0
Trd, 000034.117, 146
Trd, 000034.300, 145
Trd, 000034.383, 148
Trd, 000035.700, 145
Trd, 000036.083, 147
Trd, 000036.450, 145
Trd, 000036.717, 145
Trd, 000036.867, 154.0
Trd, 000037.450, 147
Trd, 000038.617, 148.0
Trd, 000040.167, 148
Trd, 000041.267, 146
Trd, 000041.483, 155.0
Trd, 000043.700, 149.0
Trd, 000044.117, 148.0
Trd, 000045.733, 149
Trd, 000045.850, 147
Trd, 000046.717, 149
Trd, 000047.333, 148
Trd, 000048.383, 148.0
Trd, 000048.600, 150
Trd, 000049.517, 155.0
Trd, 000049.550, 165.0
Trd, 000050.267, 151
Trd, 000050.550, 149
Trd, 000050.967, 152
Trd, 000051.700, 148
Trd, 000052.183, 148.0
Trd, 000052.400, 142
Trd, 000053.033, 149
Trd, 000053.100, 128
Trd, 000053.550, 152
Trd, 000053.800, 147
Trd, 000054.000, 152
Trd, 000054.567, 155.0
Trd, 000056.650, 150
Trd, 000056.750, 149.0
Trd, 000057.617, 151
Trd, 000057.633, 155.0
Trd, 000057.767, 165.0
Trd, 000057.950, 168.0
Trd, 000059.133, 165
Trd, 000060.400, 163
Trd, 000060.833, 159
Trd, 000061.667, 151.0
Trd, 000063.633, 152
Trd, 000064.217, 152.0
Trd, 000064.533, 144
Trd, 000064.900, 148.0
Trd, 000065.367, 146
Trd, 000065.783, 148
Trd, 000066.200, 148
Trd, 000067.083, 149
Trd, 000067.367, 167.0
Trd, 000069.067, 151
Trd, 000069.467, 151
Trd, 000069.900, 155.0
Trd, 000070.300, 157
Trd, 000071.150, 156
Trd, 000071.400, 165.0
Trd, 000071.433, 152.0
Trd, 000071.500, 168.0
Trd, 000073.217, 149.0
Trd, 000074.400, 148
Trd, 000075.350, 150.0
Trd, 000075.550, 155
Trd, 000077.700, 148
Trd, 000077.817, 143
Trd, 000078.000, 148
Trd, 000079.567, 138
Trd, 000080.133, 144
Trd, 000080.517, 146
Trd, 000080.550, 147
Trd, 000081.850, 148.0
Trd, 000082.783, 144
Trd, 000083.300, 146
Trd, 000084.367, 148.0
Trd, 000084.483, 133
Trd, 000084.833, 142
Trd, 000085.700, 142
Trd, 000086.600, 142
Trd, 000086.833, 143
Trd, 000087.033, 155.0
Trd, 000087.083, 141
Trd, 000087.433, 165.0
Trd, 000087.950, 163
Trd, 000088.550, 153
Trd, 000089.000, 161
Trd, 000089.417, 145
Trd, 000089.433, 162
Trd, 000091.350, 144
Trd, 000092.367, 148.0
Trd, 000093.200, 151
Trd, 000093.217, 154
Trd, 000094.617, 152
Trd, 000094.650, 150
Trd, 000095.750, 151
Trd, 000096.183, 163
Trd, 000097.217, 162.0
Trd, 000097.650, 160
Trd, 000097.733, 164.0
Trd, 000097.883, 153
Trd, 000098.400, 148.0
Trd, 000098.483, 165.0
Trd, 000099.017, 172.0
Trd, 000099.833, 148
Trd, 000101.417, 148
Trd, 000101.600, 155
Trd, 000103.067, 155
Trd, 000103.533, 149
Trd, 000103.550, 155.0
Trd, 000104.000, 148
Trd, 000105.150, 154
Trd, 000105.767, 147
Trd, 000105.833, 154
Trd, 000107.333, 151
Trd, 000107.800, 152
Trd, 000108.333, 153
Trd, 000108.433, 148
Trd, 000109.050, 148
Trd, 000110.450, 148.0
Trd, 000110.717, 155.0
Trd, 000112.283, 152
Trd, 000112.317, 150
Trd, 000113.167, 149
Trd, 000113.317, 155
Trd, 000115.033, 154
Trd, 000115.767, 148.0
Trd, 000115.867, 164.0
Trd, 000117.000, 158
Trd, 000117.533, 156
Trd, 000118.683, 154.0
Trd, 000118.783, 151
Trd, 000119.000, 151.0
Trd, 000119.817, 155.0
Trd, 000122.200, 155
Trd, 000122.600, 168.0
Trd, 000123.117, 150
Trd, 000124.467, 149.0
Trd, 000124.650, 148.0
Trd, 000124.733, 155
Trd, 000125.367, 143
Trd, 000126.267, 137
Trd, 000126.917, 136
Trd, 000127.500, 131
Trd, 000128.450, 133
Trd, 000129.317, 134
Trd, 000130.333, 137
Trd, 000130.550, 148.0
Trd, 000131.433, 155.0
Trd, 000131.617, 147
Trd, 000132.083, 168.0
Trd, 000132.200, 144
Trd, 000133.317, 140
Trd, 000134.817, 151
Trd, 000135.583, 154
Trd, 000135.967, 151
Trd, 000136.483, 150
Trd, 000136.800, 152
Trd, 000137.183, 154
Trd, 000139.100, 155.0
Trd, 000139.167, 156
Trd, 000139.967, 150
Trd, 000140.817, 149
Trd, 000141.100, 157
Trd, 000143.183, 156
Trd, 000143.850, 158
Trd, 000144.283, 154
Trd, 000144.583, 151.0
Trd, 000144.617, 151
Trd, 000144.683, 159
Trd, 000145.717, 150
Trd, 000146.883, 156
Trd, 000148.433, 148.0
Trd, 000148.583, 143
Trd, 000150.483, 147
Trd, 000150.733, 147
Trd, 000150.767, 149
Trd, 000151.633, 165.0
Trd, 000152.617, 164.0
Trd, 000152.633, 166.0
Trd, 000152.667, 146
Trd, 000153.350, 156
Trd, 000154.200, 155
Trd, 000156.150, 155
Trd, 000156.533, 154.0
Trd, 000156.650, 155.0
Trd, 000157.367, 157
Trd, 000158.600, 162
Trd, 000159.050, 165.0
Trd, 000159.500, 157
Trd, 000160.450, 157
Trd, 000160.867, 151.0
Trd, 000161.000, 158
Trd, 000161.417, 154
Trd, 000161.917, 148.0
Trd, 000162.550, 146
Trd, 000162.767, 147
Trd, 000164.083, 147
Trd, 000165.383, 148
Trd, 000165.700, 148.0
Trd, 000166.600, 149
Trd, 000166.917, 149
Trd, 000167.000, 149
Trd, 000168.300, 155.0
Trd, 000168.633, 155
Trd, 000169.167, 156
Trd, 000169.700, 165.0
Trd, 000170.117, 153
Trd, 000171.583, 158
Trd, 000172.300, 148.0
Trd, 000172.650, 155
Trd, 000172.967, 154
Trd, 000175.400, 147
Trd, 000175.467, 148
Trd, 000176.350, 147
Trd, 000177.400, 149
Trd, 000177.950, 149
Trd, 000178.583, 150
Trd, 000179.033, 150
Trd, 000179.683, 155.0
Trd, 000180.183, 149.0
Trd, 000180.650, 165.0
Trd, 000182.117, 148
Trd, 000182.417, 143
Trd, 000182.667, 144
Trd, 000183.483, 145
Trd, 000184.400, 146.0
Trd, 000185.100, 145
Trd, 000185.450, 146
Trd, 000185.867, 145
Trd, 000187.000, 145
Trd, 000187.283, 145
Trd, 000187.433, 144
Trd, 000187.550, 141
Trd, 000187.950, 145
Trd, 000187.967, 155.0
Trd, 000188.383, 150
Trd, 000189.283, 147
Trd, 000190.683, 151.0
Trd, 000191.933, 165.0
Trd, 000193.367, 155
Trd, 000193.717, 153
Trd, 000193.867, 155.0
Trd, 000193.900, 149
Trd, 000194.633, 148.0
Trd, 000194.667, 179.0
Trd, 000195.883, 152
Trd, 000196.383, 163
Trd, 000197.650, 157
Trd, 000198.283, 153
Trd, 000199.217, 159
Trd, 000199.983, 151.0
Trd, 000200.800, 155
Trd, 000201.617, 153
Trd, 000201.967, 153
Trd, 000202.367, 155.0
Trd, 000202.550, 148.0
Trd, 000202.733, 154
Trd, 000205.033, 151
Trd, 000205.567, 149
Trd, 000206.050, 152
Trd, 000206.383, 148.0
Trd, 000207.450, 152.0
Trd, 000208.050, 148
Trd, 000208.867, 153
Trd, 000209.467, 154.0
Trd, 000210.700, 153
Trd, 000213.250, 150
Trd, 000213.500, 152
Trd, 000214.317, 150
Trd, 000214.650, 150
Trd, 000215.933, 150
Trd, 000215.967, 151
Trd, 000216.117, 149
Trd, 000216.183, 148.0
Trd, 000218.433, 144
Trd, 000218.617, 143
Trd, 000218.633, 137
Trd, 000219.500, 142
Trd, 000220.267, 141
Trd, 000220.667, 131
Trd, 000220.950, 131
Trd, 000221.633, 140
Trd, 000222.367, 138
Trd, 000223.683, 136
Trd, 000225.067, 140
Trd, 000225.750, 141
Trd, 000226.100, 152
Trd, 000226.417, 168.0
Trd, 000226.883, 146
Trd, 000227.483, 165.0
Trd, 000227.600, 149
Trd, 000227.717, 172.0
Trd, 000229.150, 148.0
Trd, 000229.167, 147
Trd, 000231.133, 148
Trd, 000231.283, 149
Trd, 000231.517, 151
Trd, 000231.717, 145
Trd, 000232.083, 150
Trd, 000233.100, 150
Trd, 000234.317, 147
Trd, 000235.200, 150
Trd, 000235.650, 151
Trd, 000235.883, 150
Trd, 000236.067, 151
Trd, 000236.167, 155.0
Trd, 000237.133, 148.0
Trd, 000239.000, 151
Trd, 000239.200, 152
Trd, 000239.267, 149.0
Trd, 000239.367, 148.0
Trd, 000240.033, 148
Trd, 000240.400, 148
Trd, 000240.550, 151
Trd, 000240.783, 148
Trd, 000241.217, 150
Trd, 000241.700, 150
Trd, 000241.917, 151
Trd, 000241.933, 146
Trd, 000242.067, 144
Trd, 000243.217, 152.0
Trd, 000243.433, 155.0
Trd, 000244.367, 145
Trd, 000244.683, 148.0
Trd, 000245.550, 147
Trd, 000245.783, 148
Trd, 000245.850, 148.0
Trd, 000247.250, 149
Trd, 000247.400, 148.0
Trd, 000247.650, 151.0
Trd, 000247.950, 148.0
Trd, 000248.167, 149
Trd, 000248.200, 151
Trd, 000248.283, 150
Trd, 000249.183, 155.0
Trd, 000251.050, 153
Trd, 000251.200, 152
Trd, 000251.917, 153
Trd, 000252.150, 156
Trd, 000252.500, 152
Trd, 000252.600, 154
Trd, 000252.867, 152
Trd, 000253.467, 155
Trd, 000253.900, 155
Trd, 000254.850, 156
Trd, 000255.750, 163.0
Trd, 000255.783, 162.0
Trd, 000255.867, 161
Trd, 000256.783, 151.0
Trd, 000257.033, 152
Trd, 000257.283, 150
Trd, 000257.400, 149
Trd, 000258.000, 148.0
Trd, 000258.233, 143
Trd, 000258.583, 137.0
Trd, 000258.850, 145
Trd, 000260.217, 130
Trd, 000260.400, 134
Trd, 000260.633, 134
Trd, 000261.400, 142
Trd, 000261.650, 142
Trd, 000262.117, 141
Trd, 000262.367, 138
Trd, 000263.033, 138.0
Trd, 000263.217, 141
Trd, 000264.067, 138.0
Trd, 000264.217, 139
Trd, 000264.533, 139
Trd, 000264.650, 142
Trd, 000265.200, 143.0
Trd, 000265.533, 144.0
Trd, 000265.667, 155.0
Trd, 000266.100, 151.0
Trd, 000266.133, 151.0
Trd, 000267.200, 166
Trd, 000267.317, 150
Trd, 000267.783, 150
Trd, 000267.983, 148
Trd, 000268.750, 143
Trd, 000269.650, 146
Trd, 000269.800, 148.0
Trd, 000270.317, 147
Trd, 000270.433, 151.0
Trd, 000270.567, 150
Trd, 000271.067, 151.0
Trd, 000272.200, 145
Trd, 000272.350, 144.0
Trd, 000272.567, 149.0
Trd, 000273.017, 155.0
Trd, 000274.033, 146
Trd, 000274.767, 149
Trd, 000275.183, 151
Trd, 000275.433, 151.0
Trd, 000276.033, 148.0
Trd, 000276.117, 150
Trd, 000276.600, 151
Trd, 000277.017, 152
Trd, 000277.033, 152
Trd, 000278.017, 150
Trd, 000278.617, 148
Trd, 000278.800, 151
Trd, 000278.833, 148.0
Trd, 000279.600, 145
Trd, 000279.867, 145
Trd, 000280.350, 143
Trd, 000280.550, 143
Trd, 000281.450, 144.0
Trd, 000281.683, 138.0
Trd, 000282.050, 151.0
Trd, 000283.000, 137.0
Trd, 000283.833, 150.0
Trd, 000284.033, 139
Trd, 000284.267, 145
Trd, 000284.500, 147
Trd, 000285.483, 146
Trd, 000285.900, 146
Trd, 000286.400, 147
Trd, 000286.617, 144.0
Trd, 000286.700, 147
Trd, 000287.333, 147
Trd, 000287.367, 145
Trd, 000287.733, 143
Trd, 000287.750, 148.0
Trd, 000287.833, 151.0
Trd, 000288.850, 150
Trd, 000289.633, 148.0
Trd, 000290.617, 144.0
Trd, 000290.733, 143
Trd, 000291.333, 140
Trd, 000291.383, 145
Trd, 000291.467, 146
Trd, 000291.967, 145
Trd, 000292.167, 144.0
Trd, 000292.683, 142
Trd, 000293.683, 143
Trd, 000293.900, 143
Trd, 000293.917, 144
Trd, 000293.950, 148.0
Trd, 000294.200, 155.0
Trd, 000294.917, 137.0
Trd, 000295.100, 137.0
Trd, 000295.150, 140.0
Trd, 000295.650, 165.0
Trd, 000297.183, 163
Trd, 000297.600, 151.0
Trd, 000298.433, 164.0
Trd, 000298.867, 165.0
Trd, 000299.417, 154
Trd, 000299.683, 152.0
