Trd, 000000.167, 133
Trd, 000001.700, 123
Trd, 000002.033, 149
Trd, 000002.650, 127.0
Trd, 000003.450, 172.0
Trd, 000003.600, 140
Trd, 000005.183, 142
Trd, 000005.200, 140
Trd, 000005.567, 147
Trd, 000005.650, 174
Trd, 000006.583, 134
Trd, 000008.333, 148
Trd, 000008.533, 134
Trd, 000008.800, 162.0
Trd, 000009.083, 149
Trd, 000009.617, 145
Trd, 000010.367, 146
Trd, 000010.783, 147
Trd, 000011.500, 146
Trd, 000011.700, 147
Trd, 000011.867, 146
Trd, 000012.667, 150
Trd, 000012.917, 155.0
Trd, 000013.200, 151
Trd, 000013.400, 150
Trd, 000014.783, 153
Trd, 000014.817, 150
Trd, 000015.400, 154.0
Trd, 000015.417, 150
Trd, 000015.600, 149
Trd, 000015.867, 137
Trd, 000017.333, 151
Trd, 000017.383, 157
Trd, 000018.817, 156
Trd, 000019.183, 150
Trd, 000019.317, 165.0
Trd, 000019.817, 162
Trd, 000020.817, 149
Trd, 000022.017, 155
Trd, 000023.350, 155.0
Trd, 000023.683, 154
Trd, 000024.050, 155
Trd, 000024.350, 154
Trd, 000024.433, 155
Trd, 000025.617, 155
Trd, 000026.783, 165.0
Trd, 000027.867, 154
Trd, 000028.050, 170.0
Trd, 000028.083, 153
Trd, 000029.533, 153
Trd, 000030.150, 155
Trd, 000030.583, 161.0
Trd, 000031.000, 155.0
Trd, 000031.883, 156
Trd, 000032.133, 158
Trd, 000032.883, 155
Trd, 000033.117, 160
Trd, 000033.267, 155
Trd, 000033.450, 161
Trd, 000033.600, 154
Trd, 000033.917, 151.0
Trd, 000034.967, 161
Trd, 000035.433, 163
Trd, 000035.683, 152
Trd, 000036.983, 152
Trd, 000037.150, 151
Trd, 000037.233, 165
Trd, 000037.250, 165.0
Trd, 000037.683, 136
Trd, 000040.250, 175
Trd, 000040.467, 157
Trd, 000040.800, 156
Trd, 000043.000, 156
Trd, 000044.150, 159
Trd, 000044.550, 155.0
Trd, 000044.700, 156
Trd, 000045.083, 162
Trd, 000045.400, 155
Trd, 000045.683, 152.0
Trd, 000046.050, 156
Trd, 000046.117, 148.0
Trd, 000046.133, 141
Trd, 000046.600, 145
Trd, 000047.700, 147
Trd, 000048.283, 161
Trd, 000049.433, 154
Trd, 000049.917, 151
Trd, 000050.500, 154
Trd, 000052.117, 153
Trd, 000052.250, 152
Trd, 000052.350, 152
Trd, 000052.717, 151
Trd, 000052.733, 148.0
Trd, 000053.633, 144
Trd, 000053.900, 153
Trd, 000055.133, 159
Trd, 000055.183, 152
Trd, 000055.517, 156
Trd, 000056.033, 155
Trd, 000056.767, 170
Trd, 000058.317, 164
Trd, 000059.300, 158
Trd, 000059.383, 157
Trd, 000059.733, 157
Trd, 000060.383, 164
Trd, 000060.700, 161
Trd, 000060.883, 165.0
Trd, 000061.067, 151.0
Trd, 000061.933, 165.0
Trd, 000062.900, 157
Trd, 000063.317, 155.0
Trd, 000063.983, 167.0
Trd, 000064.867, 155
Trd, 000065.533, 157
Trd, 000065.950, 164.0
Trd, 000066.233, 156
Trd, 000067.450, 164
Trd, 000068.217, 156
Trd, 000068.333, 156
Trd, 000068.833, 159
Trd, 000069.300, 165.0
Trd, 000070.200, 156
Trd, 000070.650, 165.0
Trd, 000070.833, 155.0
Trd, 000071.533, 170
Trd, 000072.117, 169
Trd, 000072.967, 165.0
Trd, 000073.800, 165
Trd, 000074.117, 162
Trd, 000074.833, 160
Trd, 000074.983, 157
Trd, 000075.267, 155.0
Trd, 000075.517, 165
Trd, 000075.533, 166
Trd, 000075.867, 166
Trd, 000076.933, 151.0
Trd, 000077.283, 150
Trd, 000077.533, 155
Trd, 000078.133, 148.0
Trd, 000078.583, 155.0
Trd, 000079.733, 156
Trd, 000081.100, 155
Trd, 000081.267, 163.0
Trd, 000082.117, 154
Trd, 000083.117, 160
Trd, 000084.350, 155.0
Trd, 000085.383, 155
Trd, 000085.550, 162.0
Trd, 000085.700, 155
Trd, 000086.333, 156
Trd, 000086.817, 155
Trd, 000087.400, 151.0
Trd, 000087.550, 160
Trd, 000087.650, 148
Trd, 000088.150, 148.0
Trd, 000088.933, 138
Trd, 000089.567, 135
Trd, 000091.100, 148
Trd, 000091.867, 157
Trd, 000091.917, 159
Trd, 000092.950, 160
Trd, 000093.233, 155
Trd, 000093.767, 157
Trd, 000093.933, 156.0
Trd, 000093.967, 164.0
Trd, 000095.117, 156
Trd, 000095.467, 155.0
Trd, 000096.500, 157
Trd, 000096.983, 155
Trd, 000097.000, 154
Trd, 000097.633, 153
Trd, 000097.733, 153
Trd, 000097.800, 151.0
Trd, 000098.267, 172.0
Trd, 000099.250, 148.0
Trd, 000099.550, 138
Trd, 000101.183, 157
Trd, 000101.400, 148
Trd, 000101.417, 158
Trd, 000102.550, 151
Trd, 000102.717, 148
Trd, 000103.500, 134
Trd, 000103.833, 137
Trd, 000104.767, 136
Trd, 000104.983, 138
Trd, 000105.000, 145
Trd, 000106.000, 165.0
Trd, 000106.567, 165
Trd, 000106.717, 164
Trd, 000107.650, 162
Trd, 000107.750, 155.0
Trd, 000107.800, 172.0
Trd, 000108.283, 155
Trd, 000110.200, 165.0
Trd, 000110.250, 151.0
Trd, 000110.400, 170
Trd, 000110.483, 138
Trd, 000110.517, 172
Trd, 000111.767, 154
Trd, 000112.367, 153
Trd, 000112.800, 148.0
Trd, 000113.400, 162.0
Trd, 000114.217, 152
Trd, 000114.500, 151.0
Trd, 000115.133, 157
Trd, 000116.233, 154
Trd, 000116.433, 153
Trd, 000116.650, 152
Trd, 000117.833, 152
Trd, 000118.033, 151
Trd, 000118.700, 152
Trd, 000119.283, 151.0
Trd, 000119.700, 152
Trd, 000120.267, 164.0
Trd, 000120.517, 165.0
Trd, 000120.617, 150
Trd, 000120.633, 148.0
Trd, 000120.783, 136
Trd, 000121.300, 144
Trd, 000122.550, 171
Trd, 000122.767, 135
Trd, 000122.983, 132
Trd, 000123.633, 165.0
Trd, 000123.650, 168
Trd, 000125.183, 160
Trd, 000125.400, 158
Trd, 000126.617, 155.0
Trd, 000128.300, 154
Trd, 000128.350, 151.0
Trd, 000128.567, 158
Trd, 000128.750, 151
Trd, 000128.783, 148.0
Trd, 000129.133, 158
Trd, 000129.700, 149
Trd, 000130.333, 142
Trd, 000130.667, 158
Trd, 000131.633, 160
Trd, 000132.267, 148.0
Trd, 000132.383, 144
Trd, 000132.417, 136
Trd, 000132.450, 133
Trd, 000132.767, 136
Trd, 000132.883, 131.0
Trd, 000133.983, 162.0
Trd, 000134.600, 165.0
Trd, 000136.600, 147
Trd, 000136.750, 144
Trd, 000136.900, 153
Trd, 000137.250, 154
Trd, 000138.167, 148
Trd, 000139.350, 167
Trd, 000140.083, 152.0
Trd, 000140.650, 152.0
Trd, 000140.750, 151.0
Trd, 000141.150, 162
Trd, 000141.467, 160
Trd, 000141.817, 150
Trd, 000141.983, 164.0
Trd, 000143.250, 161
Trd, 000143.300, 164
Trd, 000143.583, 171.0
Trd, 000143.833, 161
Trd, 000144.683, 157
Trd, 000145.717, 153
Trd, 000145.800, 151.0
Trd, 000146.700, 174.0
Trd, 000146.883, 156
Trd, 000147.900, 156
Trd, 000147.967, 155.0
Trd, 000149.217, 155
Trd, 000149.433, 155.0
Trd, 000149.933, 154
Trd, 000150.200, 155
Trd, 000150.500, 156
Trd, 000151.467, 165.0
Trd, 000151.900, 172.0
Trd, 000152.000, 165
Trd, 000152.567, 155
Trd, 000152.600, 151.0
Trd, 000153.050, 155
Trd, 000156.067, 155.0
Trd, 000156.500, 159
Trd, 000158.100, 154
Trd, 000158.183, 156
Trd, 000158.233, 154
Trd, 000158.333, 157
Trd, 000158.800, 165.0
Trd, 000158.967, 152.0
Trd, 000160.150, 155.0
Trd, 000160.300, 152
Trd, 000160.500, 152
Trd, 000160.683, 151.0
Trd, 000160.817, 158
Trd, 000161.067, 157
Trd, 000161.283, 152
Trd, 000161.550, 148.0
Trd, 000162.467, 134
Trd, 000163.883, 151
Trd, 000164.033, 163.0
Trd, 000164.817, 164.0
Trd, 000165.217, 148
Trd, 000166.917, 149
Trd, 000167.617, 149
Trd, 000168.250, 175
Trd, 000168.400, 150.0
Trd, 000169.300, 172
Trd, 000169.583, 157
Trd, 000169.767, 156
Trd, 000169.917, 155
Trd, 000171.267, 148.0
Trd, 000171.417, 153
Trd, 000172.333, 159
Trd, 000172.850, 160
Trd, 000173.133, 154
Trd, 000173.867, 153
Trd, 000174.167, 136
Trd, 000174.717, 129.0
Trd, 000175.217, 148
Trd, 000175.550, 141
Trd, 000176.400, 151
Trd, 000176.517, 152
Trd, 000177.417, 144
Trd, 000178.383, 147
Trd, 000178.450, 150
Trd, 000178.850, 147
Trd, 000178.933, 150
Trd, 000179.383, 146
Trd, 000180.083, 150
Trd, 000180.517, 147
Trd, 000181.150, 149
Trd, 000181.783, 148
Trd, 000182.400, 165.0
Trd, 000183.783, 150
Trd, 000183.867, 149
Trd, 000184.617, 156
Trd, 000185.017, 151.0
Trd, 000185.900, 154
Trd, 000186.117, 151
Trd, 000186.817, 150
Trd, 000187.267, 151
Trd, 000187.550, 149
Trd, 000187.650, 148.0
Trd, 000188.450, 164.0
Trd, 000188.550, 165.0
Trd, 000188.667, 149
Trd, 000190.950, 158
Trd, 000191.017, 163
Trd, 000191.850, 163
Trd, 000192.817, 155.0
Trd, 000193.167, 154
Trd, 000194.400, 166.0
Trd, 000194.950, 172
Trd, 000195.967, 168
Trd, 000196.733, 162
Trd, 000196.800, 158
Trd, 000196.867, 154
Trd, 000196.933, 152
Trd, 000197.450, 166.0
Trd, 000197.483, 165.0
Trd, 000197.617, 152.0
Trd, 000197.733, 161
Trd, 000197.783, 151.0
Trd, 000197.800, 148.0
Trd, 000199.583, 158.0
Trd, 000199.700, 157
Trd, 000200.483, 155
Trd, 000201.083, 157
Trd, 000202.417, 159
Trd, 000202.683, 165.0
Trd, 000203.333, 155
Trd, 000203.367, 151.0
Trd, 000203.667, 148.0
Trd, 000204.300, 167
Trd, 000205.083, 152
Trd, 000205.733, 153
Trd, 000206.783, 155
Trd, 000208.200, 155.0
Trd, 000208.767, 154
Trd, 000209.567, 153.0
Trd, 000209.633, 152
Trd, 000210.367, 154
Trd, 000210.700, 151.0
Trd, 000211.333, 150
Trd, 000211.350, 148.0
Trd, 000211.417, 135
Trd, 000211.583, 151
Trd, 000213.033, 140
Trd, 000213.250, 139
Trd, 000213.683, 177
Trd, 000214.050, 175.0
Trd, 000214.600, 154
Trd, 000215.567, 154
Trd, 000216.200, 165
Trd, 000216.867, 172
Trd, 000217.533, 158
Trd, 000217.567, 153
Trd, 000218.667, 157
Trd, 000218.850, 156
Trd, 000219.150, 155.0
Trd, 000219.517, 151.0
Trd, 000221.367, 159
Trd, 000221.483, 159
Trd, 000221.500, 154
Trd, 000222.400, 156
Trd, 000222.550, 157
Trd, 000222.633, 152
Trd, 000222.850, 158
Trd, 000223.600, 136
Trd, 000224.883, 157
Trd, 000225.017, 165.0
Trd, 000225.317, 146
Trd, 000226.150, 150
Trd, 000227.267, 152
Trd, 000227.600, 151.0
Trd, 000227.750, 151
Trd, 000228.533, 166.0
Trd, 000229.000, 165.0
Trd, 000229.533, 159
Trd, 000229.983, 156
Trd, 000230.583, 157
Trd, 000232.100, 157
Trd, 000232.717, 160
Trd, 000232.800, 155.0
Trd, 000233.600, 154
Trd, 000234.033, 151.0
Trd, 000234.567, 159
Trd, 000235.183, 165.0
Trd, 000235.517, 155
Trd, 000236.267, 163
Trd, 000236.800, 155.0
Trd, 000236.883, 154
Trd, 000237.183, 154
Trd, 000238.883, 154
Trd, 000239.567, 153
Trd, 000239.983, 151.0
Trd, 000240.500, 154
Trd, 000240.600, 151.0
Trd, 000241.100, 154
Trd, 000241.183, 149.0
Trd, 000241.400, 151.0
Trd, 000241.600, 148.0
Trd, 000241.933, 142
Trd, 000242.100, 141
Trd, 000242.833, 143
Trd, 000243.333, 144.0
Trd, 000243.550, 146
Trd, 000243.917, 143
Trd, 000244.633, 150
Trd, 000244.800, 141
Trd, 000245.600, 156
Trd, 000245.683, 157
Trd, 000246.750, 147
Trd, 000247.567, 149
Trd, 000247.633, 147
Trd, 000248.417, 147
Trd, 000248.617, 146
Trd, 000248.800, 148.0
Trd, 000249.000, 146
Trd, 000249.217, 145
Trd, 000250.633, 146
Trd, 000250.933, 147
Trd, 000251.133, 150.0
Trd, 000251.217, 147
Trd, 000251.533, 147
Trd, 000252.217, 151.0
Trd, 000253.750, 140
Trd, 000255.417, 140
Trd, 000255.567, 148
Trd, 000255.600, 138
Trd, 000255.733, 137
Trd, 000255.783, 148
Trd, 000255.900, 144
Trd, 000256.500, 149
Trd, 000256.900, 147.0
Trd, 000257.317, 147.0
Trd, 000258.933, 144
Trd, 000259.350, 147
Trd, 000259.467, 144
Trd, 000260.167, 144
Trd, 000260.500, 147.0
Trd, 000260.600, 143
Trd, 000260.900, 144
Trd, 000260.950, 143
Trd, 000261.500, 143
Trd, 000261.767, 146.0
Trd, 000262.317, 142
Trd, 000262.567, 142
Trd, 000262.883, 136
Trd, 000264.017, 139
Trd, 000264.150, 141
Trd, 000264.300, 143
Trd, 000264.633, 151.0
Trd, 000264.883, 140
Trd, 000265.650, 166.0
Trd, 000265.850, 137
Trd, 000266.383, 148
Trd, 000266.983, 149
Trd, 000267.567, 144
Trd, 000268.133, 145
Trd, 000269.083, 151
Trd, 000269.350, 151.0
Trd, 000269.867, 151
Trd, 000269.917, 154
Trd, 000270.150, 150.0
Trd, 000270.583, 151
Trd, 000270.700, 155.0
Trd, 000271.767, 157
Trd, 000272.000, 151
Trd, 000272.550, 158
Trd, 000272.583, 156
Trd, 000272.983, 150
Trd, 000273.033, 148.0
Trd, 000274.200, 150
Trd, 000274.233, 150
Trd, 000274.617, 151
Trd, 000274.850, 151
Trd, 000275.267, 153
Trd, 000275.483, 152
Trd, 000275.583, 150
Trd, 000276.483, 149
Trd, 000276.500, 148
Trd, 000277.983, 138
Trd, 000278.200, 137
Trd, 000279.050, 136
Trd, 000279.183, 143
Trd, 000279.433, 144.0
Trd, 000279.500, 145.0
Trd, 000279.683, 151.0
Trd, 000280.767, 154
Trd, 000281.433, 147.0
Trd, 000281.967, 145
Trd, 000282.833, 146
Trd, 000282.900, 145
Trd, 000283.150, 141
Trd, 000283.617, 154.0
Trd, 000284.083, 145
Trd, 000284.767, 155.0
Trd, 000284.833, 145
Trd, 000286.017, 145
Trd, 000286.850, 149
Trd, 000287.450, 152
Trd, 000287.600, 150
Trd, 000287.717, 151.0
Trd, 000287.800, 153
Trd, 000287.833, 154
Trd, 000288.867, 150
Trd, 000289.367, 149
Trd, 000289.883, 153
Trd, 000289.933, 148
Trd, 000290.500, 153
Trd, 000290.817, 149.0
Trd, 000291.317, 152.0
Trd, 000291.867, 165.0
Trd, 000292.433, 148.0
Trd, 000292.700, 148
Trd, 000293.000, 155.0
Trd, 000293.017, 159
Trd, 000293.317, 148
Trd, 000293.867, 151.0
Trd, 000294.000, 151
Trd, 000294.500, 154
Trd, 000295.867, 165.0
Trd, 000296.067, 165.0
Trd, 000296.133, 161
Trd, 000296.667, 156
Trd, 000296.750, 166.0
Trd, 000297.267, 156
Trd, 000297.433, 149.0
Trd, 000297.900, 150.0
Trd, 000298.200, 145
Trd, 000298.550, 139
Trd, 000299.517, 150.0
Trd, 000299.717, 149
Trd, 000299.900, 149.0
Trd, 000299.917, 151.0
