Trd, 000001.383, 162
Trd, 000003.133, 141.0
Trd, 000003.317, 154
Trd, 000004.517, 148
Trd, 000005.117, 137
Trd, 000005.233, 145
Trd, 000005.400, 148
Trd, 000006.217, 149
Trd, 000006.567, 151
Trd, 000007.900, 151
Trd, 000008.267, 151
Trd, 000008.700, 157
Trd, 000008.717, 165.0
Trd, 000008.900, 149
Trd, 000009.450, 160
Trd, 000009.483, 132
Trd, 000010.217, 146
Trd, 000011.917, 145
Trd, 000012.000, 141
Trd, 000012.267, 151
Trd, 000013.083, 142.0
Trd, 000013.850, 149
Trd, 000014.300, 150
Trd, 000014.333, 151
Trd, 000014.450, 152
Trd, 000015.300, 150
Trd, 000016.550, 152
Trd, 000018.000, 151
Trd, 000018.083, 152
Trd, 000018.750, 150
Trd, 000020.067, 150
Trd, 000020.333, 148
Trd, 000020.400, 151
Trd, 000021.333, 152
Trd, 000022.100, 149
Trd, 000023.533, 147
Trd, 000023.633, 150
Trd, 000023.967, 146
Trd, 000024.967, 147
Trd, 000024.983, 148
Trd, 000025.283, 150
Trd, 000025.600, 151
Trd, 000026.467, 150
Trd, 000026.567, 155
Trd, 000026.933, 151
Trd, 000027.567, 152
Trd, 000028.117, 166
Trd, 000029.467, 157
Trd, 000029.817, 156
Trd, 000029.883, 153
Trd, 000030.567, 156
Trd, 000030.800, 156
Trd, 000031.317, 152
Trd, 000032.967, 147
Trd, 000033.783, 143.0
Trd, 000034.317, 144
Trd, 000034.717, 148
Trd, 000034.750, 132
Trd, 000034.967, 158
Trd, 000035.883, 151
Trd, 000037.600, 146
Trd, 000038.117, 146
Trd, 000038.383, 147
Trd, 000039.150, 145
Trd, 000039.800, 144
Trd, 000040.417, 145
Trd, 000040.583, 142
Trd, 000041.067, 144
Trd, 000041.200, 141.0
Trd, 000041.833, 151
Trd, 000042.233, 156
Trd, 000042.950, 143
Trd, 000043.233, 148
Trd, 000043.617, 145
Trd, 000043.833, 149
Trd, 000044.900, 150
Trd, 000045.150, 146
Trd, 000046.350, 149
Trd, 000047.533, 144
Trd, 000048.017, 144
Trd, 000048.617, 143
Trd, 000048.833, 144
Trd, 000050.633, 146
Trd, 000051.033, 143.0
Trd, 000051.433, 143.0
Trd, 000051.600, 146
Trd, 000053.300, 144
Trd, 000053.983, 144
Trd, 000055.617, 146
Trd, 000056.400, 145
Trd, 000056.517, 144
Trd, 000056.883, 143
Trd, 000058.217, 144
Trd, 000058.833, 143
Trd, 000058.967, 142
Trd, 000059.400, 143
Trd, 000059.650, 144
Trd, 000060.017, 144
Trd, 000060.083, 141.0
Trd, 000060.183, 144
Trd, 000061.967, 133
Trd, 000062.100, 132.0
Trd, 000062.983, 140
Trd, 000063.850, 138
Trd, 000063.900, 139
Trd, 000064.083, 143
Trd, 000064.500, 145
Trd, 000064.517, 151
Trd, 000065.033, 152
Trd, 000066.850, 144
Trd, 000067.817, 153
Trd, 000067.983, 165.0
Trd, 000068.400, 153
Trd, 000068.417, 141.0
Trd, 000068.533, 155
Trd, 000069.517, 146
Trd, 000070.417, 134
Trd, 000070.667, 135
Trd, 000070.967, 135
Trd, 000071.167, 152
Trd, 000072.183, 150
Trd, 000072.233, 151
Trd, 000072.883, 146
Trd, 000073.017, 150
Trd, 000073.550, 151
Trd, 000075.117, 151
Trd, 000075.983, 154
Trd, 000076.033, 153
Trd, 000076.483, 153
Trd, 000076.500, 154
Trd, 000077.350, 152
Trd, 000077.683, 151
Trd, 000077.800, 152
Trd, 000077.933, 153
Trd, 000078.317, 151
Trd, 000078.633, 141.0
Trd, 000080.100, 146
Trd, 000080.217, 145
Trd, 000081.500, 132
Trd, 000081.850, 116
Trd, 000082.217, 150
Trd, 000082.300, 151
Trd, 000082.317, 152
Trd, 000084.333, 155
Trd, 000084.350, 145
Trd, 000086.017, 151
Trd, 000086.333, 151
Trd, 000086.600, 147
Trd, 000088.333, 148
Trd, 000088.550, 149
Trd, 000089.033, 149
Trd, 000089.750, 155
Trd, 000089.950, 147
Trd, 000091.050, 150
Trd, 000091.333, 149
Trd, 000091.767, 149
Trd, 000091.833, 148
Trd, 000092.267, 150
Trd, 000093.833, 147
Trd, 000094.250, 147
Trd, 000094.683, 145
Trd, 000095.200, 144
Trd, 000096.300, 142.0
Trd, 000096.383, 146
Trd, 000096.583, 147
Trd, 000098.033, 145
Trd, 000098.150, 145
Trd, 000098.167, 143.0
Trd, 000099.050, 151
Trd, 000099.067, 155
Trd, 000100.400, 150
Trd, 000100.950, 150
Trd, 000101.083, 151
Trd, 000102.117, 162.0
Trd, 000102.700, 164.0
Trd, 000103.833, 155.0
Trd, 000104.183, 156
Trd, 000105.117, 161
Trd, 000106.233, 156
Trd, 000107.000, 157
Trd, 000107.817, 156
Trd, 000108.300, 157
Trd, 000108.517, 160
Trd, 000108.950, 155.0
Trd, 000109.500, 152
Trd, 000109.900, 154
Trd, 000110.333, 155
Trd, 000110.600, 157
Trd, 000111.000, 151
Trd, 000111.933, 155
Trd, 000112.000, 158
Trd, 000112.867, 158.0
Trd, 000113.200, 141.0
Trd, 000114.367, 141.0
Trd, 000115.550, 152
Trd, 000116.267, 150
Trd, 000116.817, 148
Trd, 000117.300, 147
Trd, 000119.150, 146
Trd, 000119.300, 149
Trd, 000119.483, 150
Trd, 000120.683, 143.0
Trd, 000121.250, 150
Trd, 000122.417, 144.0
Trd, 000123.200, 146
Trd, 000123.617, 142
Trd, 000123.700, 146
Trd, 000125.667, 143
Trd, 000125.867, 143
Trd, 000126.117, 144
Trd, 000126.500, 151
Trd, 000126.883, 142.0
Trd, 000129.033, 146
Trd, 000129.800, 145
Trd, 000129.950, 146
Trd, 000130.217, 143
Trd, 000130.617, 144
Trd, 000130.983, 142
Trd, 000131.383, 142
Trd, 000131.833, 144
Trd, 000132.983, 141
Trd, 000133.450, 141.0
Trd, 000133.567, 142
Trd, 000134.100, 141
Trd, 000134.500, 141
Trd, 000135.550, 142
Trd, 000135.717, 145
Trd, 000135.917, 141
Trd, 000136.400, 141
Trd, 000138.050, 147
Trd, 000138.067, 148
Trd, 000140.150, 141.0
Trd, 000140.383, 143
Trd, 000140.450, 144
Trd, 000140.500, 145
Trd, 000140.617, 146
Trd, 000140.867, 143
Trd, 000141.567, 142
Trd, 000141.950, 146
Trd, 000142.333, 143
Trd, 000143.400, 141
Trd, 000143.733, 140
Trd, 000143.900, 141
Trd, 000144.333, 142
Trd, 000145.217, 151
Trd, 000147.433, 151
Trd, 000147.867, 141
Trd, 000148.217, 139
Trd, 000148.633, 147
Trd, 000148.700, 148
Trd, 000149.317, 141.0
Trd, 000150.550, 139
Trd, 000150.717, 141
Trd, 000150.867, 139
Trd, 000151.100, 139
Trd, 000151.833, 140
Trd, 000151.983, 133
Trd, 000152.650, 140
Trd, 000153.317, 141
Trd, 000153.783, 142
Trd, 000154.200, 137
Trd, 000154.617, 144
Trd, 000155.467, 147
Trd, 000156.350, 146
Trd, 000156.983, 146
Trd, 000157.400, 148
Trd, 000157.483, 145
Trd, 000158.867, 147
Trd, 000160.000, 150
Trd, 000160.033, 151
Trd, 000160.533, 155
Trd, 000161.617, 152
Trd, 000162.050, 152
Trd, 000162.350, 152
Trd, 000163.150, 153
Trd, 000163.567, 152
Trd, 000164.017, 154
Trd, 000164.183, 155
Trd, 000166.067, 151
Trd, 000166.867, 151
Trd, 000167.200, 150
Trd, 000167.267, 149
Trd, 000168.117, 149
Trd, 000168.150, 151
Trd, 000169.833, 150
Trd, 000170.400, 151
Trd, 000171.400, 147
Trd, 000171.467, 145
Trd, 000172.050, 141.0
Trd, 000172.167, 146
Trd, 000172.483, 144
Trd, 000172.750, 144
Trd, 000173.283, 145
Trd, 000174.033, 142
Trd, 000174.050, 143
Trd, 000174.967, 142
Trd, 000176.017, 150
Trd, 000176.250, 139
Trd, 000176.850, 132
Trd, 000177.450, 142.0
Trd, 000177.517, 150
Trd, 000178.033, 143
Trd, 000178.833, 146
Trd, 000179.883, 144
Trd, 000180.067, 141.0
Trd, 000180.900, 143
Trd, 000181.183, 144
Trd, 000181.617, 145
Trd, 000182.600, 148
Trd, 000183.200, 148
Trd, 000184.117, 147
Trd, 000184.367, 146
Trd, 000184.567, 145
Trd, 000184.633, 148
Trd, 000184.917, 151
Trd, 000185.467, 156
Trd, 000185.633, 158
Trd, 000185.850, 165.0
Trd, 000186.433, 168.0
Trd, 000188.317, 156
Trd, 000188.750, 149
Trd, 000189.100, 157
Trd, 000191.083, 146
Trd, 000191.150, 141.0
Trd, 000191.350, 147
Trd, 000192.967, 143
Trd, 000193.033, 142
Trd, 000193.350, 144
Trd, 000193.550, 141.0
Trd, 000193.950, 154
Trd, 000194.517, 144
Trd, 000195.167, 152
Trd, 000196.167, 152
Trd, 000197.550, 154
Trd, 000197.917, 160
Trd, 000199.250, 155
Trd, 000199.450, 156
Trd, 000199.767, 158
Trd, 000200.100, 157
Trd, 000200.367, 155
Trd, 000200.567, 158
Trd, 000200.850, 156.0
Trd, 000201.617, 155.0
Trd, 000202.217, 154
Trd, 000203.400, 153
Trd, 000203.967, 150
Trd, 000204.017, 153
Trd, 000204.450, 151
Trd, 000206.117, 151
Trd, 000206.817, 149
Trd, 000207.250, 148
Trd, 000207.300, 149
Trd, 000208.800, 148
Trd, 000209.033, 148
Trd, 000209.067, 151
Trd, 000209.100, 156
Trd, 000209.950, 147
Trd, 000211.550, 146
Trd, 000211.950, 131.0
Trd, 000212.217, 144
Trd, 000212.383, 146
Trd, 000212.800, 138
Trd, 000213.050, 145
Trd, 000213.583, 137
Trd, 000214.150, 136
Trd, 000214.383, 140
Trd, 000214.800, 139
Trd, 000216.100, 137
Trd, 000216.733, 138
Trd, 000218.183, 145
Trd, 000219.067, 149
Trd, 000220.467, 143
Trd, 000220.750, 145
Trd, 000221.317, 145
Trd, 000221.417, 142
Trd, 000221.717, 141
Trd, 000222.850, 143
Trd, 000223.783, 144
Trd, 000224.383, 144
Trd, 000224.867, 142
Trd, 000225.333, 144
Trd, 000225.433, 151
Trd, 000225.467, 141.0
Trd, 000226.483, 165.0
Trd, 000227.067, 167.0
Trd, 000228.017, 147
Trd, 000228.100, 146
Trd, 000229.950, 150
Trd, 000230.417, 147
Trd, 000230.933, 141.0
Trd, 000231.683, 138
Trd, 000232.750, 143
Trd, 000232.950, 144
Trd, 000232.983, 147
Trd, 000233.150, 148
Trd, 000234.117, 147
Trd, 000234.283, 147
Trd, 000234.433, 143
Trd, 000234.583, 142.0
Trd, 000235.533, 142.0
Trd, 000235.850, 141.0
Trd, 000237.667, 141
Trd, 000237.783, 140
Trd, 000238.400, 141
Trd, 000238.483, 149
Trd, 000238.550, 150
Trd, 000238.783, 141.0
Trd, 000239.217, 151
Trd, 000239.450, 153
Trd, 000239.533, 154
Trd, 000239.550, 155
Trd, 000242.633, 145
Trd, 000242.783, 147
Trd, 000243.083, 148
Trd, 000243.350, 149
Trd, 000243.383, 150
Trd, 000243.650, 151
Trd, 000243.700, 157
Trd, 000243.967, 141.0
Trd, 000244.117, 133
Trd, 000244.650, 157
Trd, 000245.950, 152
Trd, 000246.083, 153
Trd, 000246.250, 155
Trd, 000246.300, 156
Trd, 000246.767, 155.0
Trd, 000247.400, 159.0
Trd, 000247.767, 159
Trd, 000248.117, 158.0
Trd, 000248.283, 160.0
Trd, 000249.767, 160
Trd, 000249.900, 159
Trd, 000250.333, 159
Trd, 000250.633, 161
Trd, 000250.767, 159
Trd, 000250.883, 158.0
Trd, 000251.150, 157
Trd, 000251.217, 156
Trd, 000251.267, 159
Trd, 000251.933, 155
Trd, 000252.333, 155
Trd, 000252.650, 156
Trd, 000253.017, 155
Trd, 000253.200, 156
Trd, 000254.333, 149
Trd, 000254.817, 149
Trd, 000255.000, 150
Trd, 000255.733, 144.0
Trd, 000256.617, 141.0
Trd, 000256.983, 139
Trd, 000257.367, 139
Trd, 000257.400, 136
Trd, 000257.667, 140
Trd, 000257.917, 133
Trd, 000258.450, 141.0
Trd, 000258.700, 142
Trd, 000258.800, 144
Trd, 000259.117, 140
Trd, 000259.383, 144
Trd, 000260.067, 151
Trd, 000261.033, 147.0
Trd, 000261.400, 148
Trd, 000261.650, 165.0
Trd, 000262.050, 162
Trd, 000262.833, 155
Trd, 000263.483, 155
Trd, 000263.900, 155
Trd, 000263.933, 155
Trd, 000263.950, 153
Trd, 000264.717, 157
Trd, 000265.633, 152
Trd, 000266.183, 151
Trd, 000268.033, 145
Trd, 000268.133, 145
Trd, 000268.900, 141.0
Trd, 000269.000, 141.0
Trd, 000269.083, 142
Trd, 000269.800, 146
Trd, 000270.033, 146
Trd, 000270.250, 142
Trd, 000270.733, 142
Trd, 000270.750, 141
Trd, 000271.550, 145
Trd, 000271.717, 143.0
Trd, 000271.967, 146
Trd, 000272.200, 147.0
Trd, 000272.733, 148
Trd, 000273.200, 151
Trd, 000273.333, 159.0
Trd, 000274.200, 151
Trd, 000274.433, 147
Trd, 000274.883, 149
Trd, 000275.867, 149
Trd, 000276.467, 148
Trd, 000276.750, 148
Trd, 000277.033, 141.0
Trd, 000277.267, 147
Trd, 000277.783, 145
Trd, 000278.017, 145
Trd, 000278.083, 146
Trd, 000278.200, 146
Trd, 000279.017, 139.0
Trd, 000279.033, 140.0
Trd, 000279.100, 141.0
Trd, 000279.667, 144
Trd, 000280.083, 143
Trd, 000280.167, 151
Trd, 000280.200, 165.0
Trd, 000280.450, 141
Trd, 000281.467, 157
Trd, 000282.333, 153
Trd, 000283.150, 151
Trd, 000284.017, 148
Trd, 000284.217, 150
Trd, 000284.967, 143.0
Trd, 000285.333, 151
Trd, 000285.717, 141.0
Trd, 000286.517, 144
Trd, 000286.783, 151
Trd, 000287.183, 131.0
Trd, 000287.217, 142
Trd, 000287.367, 154
Trd, 000287.383, 155
Trd, 000287.583, 147
Trd, 000287.683, 165.0
Trd, 000288.533, 155
Trd, 000288.667, 157
Trd, 000288.933, 149
Trd, 000289.200, 151
Trd, 000289.217, 155
Trd, 000289.967, 149
Trd, 000290.033, 146
Trd, 000290.250, 149
Trd, 000291.267, 148
Trd, 000291.767, 156
Trd, 000292.483, 159
Trd, 000292.983, 146
Trd, 000293.267, 141.0
Trd, 000293.400, 135
Trd, 000294.817, 155
Trd, 000294.917, 155
Trd, 000295.183, 156
Trd, 000295.333, 154
Trd, 000295.917, 141.0
Trd, 000295.967, 140
Trd, 000296.317, 146
Trd, 000296.367, 168.0
Trd, 000296.483, 155
Trd, 000296.767, 156
Trd, 000297.800, 141.0
Trd, 000297.983, 133
Trd, 000298.350, 154
Trd, 000298.667, 140
Trd, 000298.767, 139
Trd, 000299.183, 141.0
