Trd, 000001.517, 127.0
Trd, 000003.367, 168
Trd, 000003.983, 150.0
Trd, 000004.117, 149.0
Trd, 000004.233, 151
Trd, 000004.350, 148.0
Trd, 000005.667, 145
Trd, 000006.600, 148
Trd, 000007.083, 149
Trd, 000007.100, 145
Trd, 000007.467, 148.0
Trd, 000008.483, 146
Trd, 000009.350, 146
Trd, 000010.033, 147
Trd, 000010.233, 146
Trd, 000010.583, 145
Trd, 000011.633, 141
Trd, 000012.200, 140
Trd, 000013.667, 141
Trd, 000014.033, 141
Trd, 000014.367, 142
Trd, 000014.500, 142
Trd, 000014.750, 139
Trd, 000016.283, 144
Trd, 000016.600, 144
Trd, 000017.067, 145
Trd, 000017.233, 143
Trd, 000017.467, 144
Trd, 000017.550, 150
Trd, 000018.533, 152
Trd, 000018.767, 155
Trd, 000020.500, 150
Trd, 000020.533, 149
Trd, 000020.850, 149
Trd, 000021.117, 161
Trd, 000021.917, 162
Trd, 000022.383, 153
Trd, 000022.433, 152
Trd, 000023.183, 152
Trd, 000023.683, 154
Trd, 000024.483, 152
Trd, 000024.600, 153
Trd, 000025.783, 154
Trd, 000025.833, 152.0
Trd, 000026.083, 151
Trd, 000026.383, 149.0
Trd, 000026.800, 150
Trd, 000027.300, 157
Trd, 000028.650, 160
Trd, 000030.300, 150
Trd, 000030.417, 151
Trd, 000030.433, 150
Trd, 000030.917, 148.0
Trd, 000031.017, 148
Trd, 000031.633, 131.0
Trd, 000033.050, 139
Trd, 000033.200, 136.0
Trd, 000033.683, 136
Trd, 000035.233, 143
Trd, 000035.617, 144
Trd, 000036.950, 143
Trd, 000037.183, 142
Trd, 000037.400, 143
Trd, 000038.933, 149
Trd, 000039.017, 148
Trd, 000039.033, 162
Trd, 000040.400, 165
Trd, 000040.533, 162
Trd, 000040.650, 161
Trd, 000040.833, 165
Trd, 000040.933, 160
Trd, 000040.967, 159
Trd, 000041.533, 157
Trd, 000043.000, 158
Trd, 000043.050, 157
Trd, 000043.350, 158
Trd, 000043.867, 151.0
Trd, 000044.667, 157
Trd, 000045.117, 157
Trd, 000045.233, 158
Trd, 000045.517, 154
Trd, 000047.383, 157
Trd, 000047.733, 148.0
Trd, 000048.900, 150
Trd, 000049.783, 152
Trd, 000049.933, 151
Trd, 000050.150, 152
Trd, 000050.300, 153
Trd, 000050.400, 150
Trd, 000051.383, 162
Trd, 000052.217, 167
Trd, 000054.050, 152
Trd, 000054.467, 154
Trd, 000054.483, 152
Trd, 000054.883, 157
Trd, 000055.100, 151
Trd, 000055.433, 149.0
Trd, 000055.850, 148.0
Trd, 000057.867, 149
Trd, 000058.017, 148.0
Trd, 000058.217, 131.0
Trd, 000058.233, 152
Trd, 000058.800, 149
Trd, 000060.067, 129.0
Trd, 000061.567, 145
Trd, 000062.267, 144
Trd, 000062.550, 144
Trd, 000062.700, 148
Trd, 000063.300, 144
Trd, 000063.833, 145
Trd, 000065.017, 148
Trd, 000065.100, 147
Trd, 000065.283, 157
Trd, 000066.100, 148
Trd, 000066.217, 148.0
Trd, 000066.717, 147
Trd, 000067.767, 147
Trd, 000067.800, 147
Trd, 000068.450, 147
Trd, 000068.917, 148
Trd, 000069.483, 149
Trd, 000069.600, 147
Trd, 000070.867, 146
Trd, 000071.333, 147
Trd, 000071.867, 145
Trd, 000072.233, 146
Trd, 000072.967, 141
Trd, 000073.000, 144
Trd, 000073.683, 129.0
Trd, 000073.783, 131.0
Trd, 000073.850, 157
Trd, 000074.850, 137
Trd, 000075.833, 137
Trd, 000076.733, 138
Trd, 000078.433, 148.0
Trd, 000078.700, 147
Trd, 000078.767, 148
Trd, 000079.567, 151
Trd, 000079.700, 153
Trd, 000080.633, 147
Trd, 000082.267, 148
Trd, 000083.017, 150
Trd, 000083.300, 149
Trd, 000083.533, 150
Trd, 000083.983, 162
Trd, 000085.133, 150
Trd, 000085.633, 151
Trd, 000086.000, 150
Trd, 000086.767, 159
Trd, 000087.983, 150
Trd, 000088.467, 151
Trd, 000088.733, 150
Trd, 000089.033, 148.0
Trd, 000089.367, 148
Trd, 000090.650, 146
Trd, 000091.000, 146
Trd, 000091.533, 145
Trd, 000091.600, 146
Trd, 000092.233, 145
Trd, 000093.117, 152
Trd, 000093.667, 147
Trd, 000094.183, 162
Trd, 000094.883, 148.0
Trd, 000095.033, 168.0
Trd, 000097.183, 155
Trd, 000097.267, 155
Trd, 000097.800, 149
Trd, 000098.250, 158
Trd, 000098.650, 151
Trd, 000099.183, 150
Trd, 000099.517, 157
Trd, 000101.083, 156
Trd, 000101.117, 152
Trd, 000102.267, 154
Trd, 000102.817, 154
Trd, 000103.050, 152
Trd, 000104.017, 151
Trd, 000104.283, 149.0
Trd, 000105.317, 149
Trd, 000105.700, 148
Trd, 000106.050, 150
Trd, 000106.550, 148.0
Trd, 000106.650, 149
Trd, 000107.367, 151
Trd, 000107.500, 148
Trd, 000108.100, 147
Trd, 000108.733, 127.0
Trd, 000109.500, 144
Trd, 000109.550, 143
Trd, 000109.583, 148
Trd, 000110.583, 146
Trd, 000110.950, 147
Trd, 000111.783, 145
Trd, 000112.083, 142
Trd, 000112.600, 141
Trd, 000113.500, 142
Trd, 000113.900, 144
Trd, 000114.267, 152
Trd, 000114.633, 162
Trd, 000115.800, 147
Trd, 000116.717, 147
Trd, 000116.750, 146
Trd, 000117.000, 148
Trd, 000118.367, 148
Trd, 000118.550, 146
Trd, 000118.767, 163
Trd, 000118.800, 145
Trd, 000118.867, 169
Trd, 000119.200, 143
Trd, 000120.117, 143
Trd, 000120.150, 142
Trd, 000122.683, 143
Trd, 000122.867, 144
Trd, 000123.150, 142
Trd, 000123.517, 143
Trd, 000124.467, 142
Trd, 000125.450, 137
Trd, 000126.117, 139
Trd, 000126.517, 139
Trd, 000126.583, 138
Trd, 000127.567, 144
Trd, 000128.000, 143
Trd, 000128.967, 141
Trd, 000129.033, 142
Trd, 000129.350, 149
Trd, 000129.417, 152
Trd, 000129.567, 148.0
Trd, 000130.000, 143
Trd, 000131.067, 149
Trd, 000131.167, 146
Trd, 000132.583, 152
Trd, 000132.883, 151
Trd, 000133.933, 150
Trd, 000133.983, 151
Trd, 000134.267, 152
Trd, 000134.283, 151
Trd, 000134.767, 150
Trd, 000135.833, 151
Trd, 000136.133, 152
Trd, 000136.383, 150
Trd, 000136.483, 148.0
Trd, 000137.150, 150
Trd, 000137.550, 150
Trd, 000138.700, 149.0
Trd, 000139.500, 155
Trd, 000139.567, 150
Trd, 000140.150, 151
Trd, 000140.567, 149
Trd, 000141.050, 153
Trd, 000141.367, 151
Trd, 000142.200, 152
Trd, 000142.250, 151
Trd, 000142.950, 153
Trd, 000143.467, 152
Trd, 000144.017, 151.0
Trd, 000144.467, 166
Trd, 000144.933, 160
Trd, 000145.233, 151
Trd, 000145.667, 165.0
Trd, 000146.267, 148.0
Trd, 000147.317, 139
Trd, 000147.417, 150
Trd, 000148.267, 157
Trd, 000149.533, 154
Trd, 000149.800, 151
Trd, 000150.667, 151
Trd, 000151.650, 152.0
Trd, 000151.817, 152
Trd, 000151.917, 151.0
Trd, 000152.850, 131.0
Trd, 000153.150, 151
Trd, 000153.850, 146
Trd, 000154.517, 147
Trd, 000154.650, 148.0
Trd, 000156.400, 149
Trd, 000156.483, 149
Trd, 000157.517, 149
Trd, 000157.767, 148
Trd, 000158.167, 148
Trd, 000158.333, 161
Trd, 000158.750, 148
Trd, 000158.767, 149
Trd, 000159.100, 162
Trd, 000160.750, 148.0
Trd, 000161.217, 148
Trd, 000161.617, 148
Trd, 000161.733, 148
Trd, 000162.333, 145
Trd, 000162.767, 156
Trd, 000163.383, 146
Trd, 000164.283, 148
Trd, 000164.300, 146
Trd, 000165.267, 148.0
Trd, 000165.450, 148
Trd, 000166.933, 148
Trd, 000166.967, 148
Trd, 000168.983, 148.0
Trd, 000169.667, 150
Trd, 000169.700, 148
Trd, 000170.050, 149
Trd, 000170.683, 147
Trd, 000170.900, 150
Trd, 000170.917, 147
Trd, 000171.850, 151
Trd, 000172.783, 153
Trd, 000172.850, 152
Trd, 000174.067, 154
Trd, 000174.867, 156
Trd, 000176.467, 154
Trd, 000176.717, 153
Trd, 000176.983, 152
Trd, 000177.850, 153
Trd, 000177.917, 151
Trd, 000178.067, 148.0
Trd, 000178.233, 154
Trd, 000178.867, 148
Trd, 000179.450, 148.0
Trd, 000180.183, 151
Trd, 000181.700, 149
Trd, 000181.767, 148
Trd, 000181.900, 150
Trd, 000181.967, 162
Trd, 000183.383, 151
Trd, 000183.950, 153
Trd, 000184.950, 151
Trd, 000185.350, 151
Trd, 000185.733, 152
Trd, 000186.333, 152
Trd, 000186.967, 151
Trd, 000187.017, 150
Trd, 000187.717, 151
Trd, 000188.500, 151
Trd, 000189.617, 152
Trd, 000189.967, 150
Trd, 000190.117, 151
Trd, 000190.533, 150
Trd, 000190.800, 149
Trd, 000192.683, 146
Trd, 000193.183, 141
Trd, 000193.683, 146
Trd, 000195.083, 152
Trd, 000195.717, 150.0
Trd, 000195.767, 149.0
Trd, 000195.867, 153
Trd, 000196.067, 156
Trd, 000196.267, 149.0
Trd, 000196.333, 148.0
Trd, 000196.400, 157
Trd, 000197.600, 153
Trd, 000197.950, 153
Trd, 000198.050, 153
Trd, 000198.283, 155
Trd, 000199.733, 153
Trd, 000200.100, 151.0
Trd, 000200.517, 152
Trd, 000200.650, 152
Trd, 000200.733, 152
Trd, 000201.850, 149
Trd, 000201.867, 148.0
Trd, 000201.950, 168
Trd, 000202.067, 131
Trd, 000202.167, 163
Trd, 000203.317, 141
Trd, 000205.933, 148.0
Trd, 000206.067, 147
Trd, 000206.333, 148
Trd, 000206.617, 149
Trd, 000206.750, 147
Trd, 000207.617, 148
Trd, 000208.350, 148
Trd, 000209.183, 148
Trd, 000210.200, 149
Trd, 000210.383, 149
Trd, 000210.467, 150
Trd, 000210.483, 151
Trd, 000211.117, 162
Trd, 000211.300, 148
Trd, 000211.333, 148
Trd, 000212.250, 168
Trd, 000212.417, 147
Trd, 000212.850, 148.0
Trd, 000214.417, 156
Trd, 000214.883, 157
Trd, 000215.467, 154
Trd, 000216.400, 154
Trd, 000216.650, 152
Trd, 000216.750, 154
Trd, 000216.767, 156
Trd, 000217.067, 151
Trd, 000219.500, 153.0
Trd, 000220.033, 152
Trd, 000220.083, 152
Trd, 000220.633, 151
Trd, 000220.850, 151.0
Trd, 000221.217, 148.0
Trd, 000221.767, 146
Trd, 000222.050, 146
Trd, 000222.117, 150
Trd, 000222.883, 149
Trd, 000223.417, 137
Trd, 000224.200, 141
Trd, 000224.750, 143
Trd, 000224.933, 140
Trd, 000225.117, 162
Trd, 000225.583, 131.0
Trd, 000228.217, 138
Trd, 000228.633, 143
Trd, 000228.933, 139
Trd, 000229.467, 141
Trd, 000230.033, 140
Trd, 000230.217, 143
Trd, 000231.117, 141
Trd, 000231.167, 151
Trd, 000231.417, 162
Trd, 000231.483, 153
Trd, 000232.517, 165.0
Trd, 000232.600, 155
Trd, 000234.233, 159
Trd, 000234.800, 159
Trd, 000234.833, 151.0
Trd, 000235.300, 156
Trd, 000235.733, 154
Trd, 000236.033, 148.0
Trd, 000236.100, 156
Trd, 000236.400, 131.0
Trd, 000236.900, 144
Trd, 000237.517, 155
Trd, 000238.733, 165.0
Trd, 000238.750, 168
Trd, 000238.850, 175
Trd, 000240.917, 158
Trd, 000241.050, 157.0
Trd, 000241.067, 157
Trd, 000241.150, 157
Trd, 000241.167, 156.0
Trd, 000241.417, 155.0
Trd, 000241.450, 155
Trd, 000241.583, 151.0
Trd, 000241.767, 150.0
Trd, 000242.367, 149.0
Trd, 000242.767, 160
Trd, 000243.267, 149
Trd, 000244.267, 152
Trd, 000244.533, 150
Trd, 000244.583, 149.0
Trd, 000245.200, 150.0
Trd, 000245.950, 148
Trd, 000246.000, 148
Trd, 000246.117, 149.0
Trd, 000246.550, 150.0
Trd, 000246.633, 151.0
Trd, 000246.650, 148.0
Trd, 000247.217, 153
Trd, 000247.533, 149
Trd, 000247.650, 148
Trd, 000247.850, 155.0
Trd, 000248.267, 154
Trd, 000248.467, 153
Trd, 000248.667, 152
Trd, 000248.867, 150
Trd, 000249.050, 153
Trd, 000249.667, 158
Trd, 000250.533, 150
Trd, 000251.133, 152
Trd, 000251.517, 153
Trd, 000252.167, 152
Trd, 000252.550, 154
Trd, 000253.350, 151
Trd, 000253.733, 151.0
Trd, 000253.750, 151
Trd, 000253.917, 152
Trd, 000253.983, 148.0
Trd, 000254.667, 144.0
Trd, 000255.483, 154
Trd, 000255.550, 150
Trd, 000255.683, 152
Trd, 000256.417, 156
Trd, 000256.517, 156
Trd, 000257.000, 156
Trd, 000257.150, 162
Trd, 000257.217, 168
Trd, 000257.817, 171.0
Trd, 000257.933, 168
Trd, 000259.133, 168
Trd, 000259.700, 167.0
Trd, 000259.850, 166
Trd, 000260.117, 165.0
Trd, 000261.150, 157
Trd, 000261.217, 155.0
Trd, 000261.383, 151.0
Trd, 000261.583, 153
Trd, 000261.933, 158
Trd, 000262.317, 158
Trd, 000263.000, 156.0
Trd, 000263.733, 152.0
Trd, 000263.833, 154
Trd, 000264.017, 151
Trd, 000265.100, 150.0
Trd, 000265.117, 151
Trd, 000265.817, 152
Trd, 000266.000, 155
Trd, 000266.083, 150
Trd, 000266.333, 149.0
Trd, 000266.367, 149
Trd, 000266.800, 149
Trd, 000267.650, 154
Trd, 000267.883, 154.0
Trd, 000268.033, 155.0
Trd, 000269.400, 153
Trd, 000269.783, 155
Trd, 000269.983, 155
Trd, 000270.050, 155.0
Trd, 000270.433, 155
Trd, 000270.667, 162
Trd, 000270.933, 163
Trd, 000271.933, 156
Trd, 000272.433, 164
Trd, 000272.583, 162
Trd, 000274.200, 165.0
Trd, 000274.233, 166
Trd, 000274.567, 162.0
Trd, 000274.767, 157
Trd, 000275.783, 161
Trd, 000275.883, 167
Trd, 000276.850, 162
Trd, 000277.250, 164
Trd, 000277.300, 161
Trd, 000277.767, 163
Trd, 000278.117, 160
Trd, 000278.200, 160
Trd, 000278.250, 157
Trd, 000278.633, 151.0
Trd, 000278.833, 162.0
Trd, 000279.167, 163
Trd, 000279.183, 156
Trd, 000279.283, 155.0
Trd, 000279.783, 154
Trd, 000279.817, 151.0
Trd, 000279.867, 161
Trd, 000280.483, 159
Trd, 000280.783, 153
Trd, 000281.650, 151
Trd, 000281.833, 148.0
Trd, 000282.567, 152
Trd, 000283.133, 151
Trd, 000284.333, 150
Trd, 000284.533, 148
Trd, 000284.767, 151
Trd, 000284.883, 142
Trd, 000285.217, 149
Trd, 000285.733, 141
Trd, 000286.250, 147
Trd, 000286.500, 150
Trd, 000286.950, 147
Trd, 000287.017, 150
Trd, 000287.050, 151
Trd, 000287.383, 151
Trd, 000287.833, 148.0
Trd, 000288.333, 148
Trd, 000288.400, 147
Trd, 000288.633, 146
Trd, 000289.300, 156
Trd, 000289.383, 160
Trd, 000289.750, 148.0
Trd, 000291.250, 151.0
Trd, 000291.917, 152
Trd, 000292.017, 152
Trd, 000292.133, 153
Trd, 000292.483, 154
Trd, 000292.817, 153
Trd, 000293.183, 155.0
Trd, 000293.850, 160
Trd, 000293.933, 162
Trd, 000294.317, 158
Trd, 000294.333, 157
Trd, 000295.450, 165.0
Trd, 000295.533, 165.0
Trd, 000295.717, 164.0
Trd, 000295.767, 162
Trd, 000296.200, 163
Trd, 000297.600, 162
Trd, 000297.667, 162.0
Trd, 000297.700, 167.0
Trd, 000298.167, 171.0
Trd, 000299.100, 165.0
Trd, 000299.817, 157
