Trd, 000000.933, 168.0
Trd, 000001.500, 182.0
Trd, 000002.667, 139
Trd, 000003.500, 158.0
Trd, 000003.517, 126
Trd, 000003.650, 175
Trd, 000004.633, 165
Trd, 000005.050, 160
Trd, 000005.583, 164
Trd, 000005.983, 168.0
Trd, 000006.067, 119
Trd, 000006.583, 155
Trd, 000008.550, 152
Trd, 000008.683, 148
Trd, 000008.783, 153
Trd, 000009.083, 153
Trd, 000009.317, 149
Trd, 000009.617, 153
Trd, 000009.733, 147
Trd, 000011.000, 154
Trd, 000011.500, 147
Trd, 000012.017, 146
Trd, 000012.517, 151
Trd, 000013.200, 140
Trd, 000013.233, 132
Trd, 000013.333, 141
Trd, 000014.283, 155
Trd, 000014.517, 162.0
Trd, 000015.400, 158.0
Trd, 000016.267, 152
Trd, 000016.400, 158.0
Trd, 000018.067, 158.0
Trd, 000018.500, 153
Trd, 000019.750, 161.0
Trd, 000020.583, 158
Trd, 000020.767, 157
Trd, 000021.000, 157
Trd, 000021.383, 154
Trd, 000021.750, 153
Trd, 000022.100, 146
Trd, 000022.167, 134.0
Trd, 000022.450, 157
Trd, 000022.817, 154
Trd, 000022.933, 155
Trd, 000024.333, 152
Trd, 000024.717, 138
Trd, 000025.250, 149
Trd, 000025.500, 151
Trd, 000025.950, 152
Trd, 000027.050, 152
Trd, 000027.367, 150
Trd, 000028.267, 162.0
Trd, 000029.433, 164
Trd, 000029.850, 158.0
Trd, 000029.917, 155
Trd, 000030.667, 162
Trd, 000030.683, 153
Trd, 000031.067, 168.0
Trd, 000031.767, 135
Trd, 000033.817, 156
Trd, 000033.867, 146
Trd, 000034.067, 134.0
Trd, 000035.250, 161
Trd, 000036.283, 158.0
Trd, 000036.300, 159
Trd, 000036.717, 156
Trd, 000037.467, 157
Trd, 000038.050, 154
Trd, 000038.283, 153
Trd, 000038.617, 152
Trd, 000038.800, 154
Trd, 000039.383, 157
Trd, 000040.083, 158
Trd, 000040.167, 158
Trd, 000040.933, 156
Trd, 000041.650, 168.0
Trd, 000041.833, 151
Trd, 000042.400, 163
Trd, 000042.817, 162.0
Trd, 000044.267, 161
Trd, 000044.367, 150
Trd, 000044.933, 149
Trd, 000045.733, 153
Trd, 000046.567, 149
Trd, 000046.700, 130
Trd, 000046.850, 153
Trd, 000048.467, 134
Trd, 000048.717, 135
Trd, 000048.933, 131
Trd, 000049.467, 125.0
Trd, 000049.983, 136
Trd, 000050.700, 137
Trd, 000050.783, 148
Trd, 000051.433, 128
Trd, 000052.317, 143
Trd, 000052.733, 137
Trd, 000053.133, 152
Trd, 000053.150, 154
Trd, 000053.317, 168.0
Trd, 000053.367, 170
Trd, 000054.350, 162.0
Trd, 000054.367, 158.0
Trd, 000055.583, 160
Trd, 000056.817, 146
Trd, 000057.167, 153
Trd, 000057.250, 143
Trd, 000057.667, 152
Trd, 000058.683, 134.0
Trd, 000059.317, 142
Trd, 000059.717, 148
Trd, 000059.800, 154
Trd, 000061.200, 146
Trd, 000061.683, 148
Trd, 000063.033, 161.0
Trd, 000063.150, 151
Trd, 000063.267, 152
Trd, 000063.767, 151
Trd, 000063.783, 156
Trd, 000065.700, 154
Trd, 000067.567, 149
Trd, 000068.067, 152
Trd, 000068.117, 141
Trd, 000068.650, 151
Trd, 000069.200, 152
Trd, 000069.383, 162.0
Trd, 000070.150, 146
Trd, 000070.417, 152
Trd, 000070.567, 146
Trd, 000070.683, 146
Trd, 000071.250, 137
Trd, 000071.283, 151
Trd, 000071.517, 152
Trd, 000072.400, 165
Trd, 000073.100, 162.0
Trd, 000073.867, 153
Trd, 000074.217, 142
Trd, 000075.250, 150
Trd, 000075.267, 140
Trd, 000075.917, 150
Trd, 000076.917, 141
Trd, 000077.150, 145
Trd, 000077.633, 148
Trd, 000079.883, 141
Trd, 000080.217, 144
Trd, 000080.400, 145
Trd, 000081.083, 142
Trd, 000081.133, 148
Trd, 000081.717, 150
Trd, 000082.217, 158.0
Trd, 000082.317, 162.0
Trd, 000082.950, 151
Trd, 000083.600, 152
Trd, 000085.633, 151
Trd, 000085.733, 149
Trd, 000086.317, 151
Trd, 000086.950, 150
Trd, 000088.000, 147
Trd, 000088.267, 146
Trd, 000088.300, 148
Trd, 000088.533, 137
Trd, 000088.567, 149
Trd, 000089.933, 144
Trd, 000089.950, 149
Trd, 000091.383, 134.0
Trd, 000091.450, 130
Trd, 000091.983, 148
Trd, 000092.217, 152
Trd, 000093.217, 145
Trd, 000094.183, 145
Trd, 000094.350, 139
Trd, 000094.600, 134.0
Trd, 000094.650, 145
Trd, 000095.683, 146
Trd, 000096.633, 147
Trd, 000096.767, 148
Trd, 000096.967, 152
Trd, 000097.033, 131
Trd, 000098.883, 153
Trd, 000099.017, 161.0
Trd, 000099.283, 162.0
Trd, 000099.933, 145
Trd, 000100.200, 156
Trd, 000101.200, 145
Trd, 000101.867, 143
Trd, 000102.433, 152
Trd, 000102.867, 146
Trd, 000103.783, 147
Trd, 000103.833, 147
Trd, 000105.450, 144
Trd, 000105.583, 144
Trd, 000105.600, 134.0
Trd, 000105.683, 147
Trd, 000105.967, 133
Trd, 000106.400, 148
Trd, 000106.567, 162.0
Trd, 000107.583, 130
Trd, 000109.500, 143
Trd, 000110.067, 144
Trd, 000110.150, 150
Trd, 000110.883, 134
Trd, 000111.600, 149
Trd, 000111.683, 140
Trd, 000113.600, 145
Trd, 000114.017, 145
Trd, 000114.567, 143
Trd, 000114.933, 144
Trd, 000115.133, 144
Trd, 000115.600, 149
Trd, 000115.700, 151
Trd, 000116.183, 142
Trd, 000116.950, 158.0
Trd, 000117.717, 165
Trd, 000118.750, 154
Trd, 000118.933, 161.0
Trd, 000119.883, 154
Trd, 000120.017, 152
Trd, 000120.667, 156
Trd, 000121.317, 155
Trd, 000121.733, 151
Trd, 000122.333, 154
Trd, 000122.467, 156
Trd, 000122.633, 153
Trd, 000122.883, 156
Trd, 000123.200, 165
Trd, 000123.383, 142
Trd, 000125.383, 150
Trd, 000125.500, 155
Trd, 000125.650, 149
Trd, 000125.933, 147
Trd, 000128.400, 148
Trd, 000128.467, 149
Trd, 000128.817, 149
Trd, 000129.217, 145
Trd, 000129.550, 140
Trd, 000129.683, 134.0
Trd, 000129.833, 141
Trd, 000130.683, 143
Trd, 000130.767, 142
Trd, 000131.150, 138
Trd, 000131.217, 151
Trd, 000132.333, 158.0
Trd, 000133.233, 154
Trd, 000133.450, 134.0
Trd, 000133.517, 132
Trd, 000133.600, 142
Trd, 000134.317, 133
Trd, 000134.417, 153
Trd, 000134.533, 155
Trd, 000136.700, 145
Trd, 000137.300, 147
Trd, 000138.617, 146
Trd, 000138.917, 137
Trd, 000139.833, 148
Trd, 000140.133, 134.0
Trd, 000140.667, 146
Trd, 000140.850, 165
Trd, 000141.567, 144
Trd, 000141.683, 156
Trd, 000143.800, 154
Trd, 000144.250, 155.0
Trd, 000144.267, 159.0
Trd, 000145.583, 156
Trd, 000146.083, 151
Trd, 000146.367, 149
Trd, 000146.467, 155
Trd, 000147.633, 149
Trd, 000147.967, 154
Trd, 000148.183, 149
Trd, 000149.850, 149
Trd, 000150.083, 151
Trd, 000150.883, 161.0
Trd, 000151.550, 147
Trd, 000151.917, 162.0
Trd, 000152.033, 147
Trd, 000152.683, 157
Trd, 000152.950, 168.0
Trd, 000154.633, 157
Trd, 000155.250, 146
Trd, 000155.950, 147
Trd, 000156.350, 141
Trd, 000157.283, 146
Trd, 000157.567, 148
Trd, 000157.650, 143
Trd, 000158.133, 151
Trd, 000159.400, 150
Trd, 000160.217, 142
Trd, 000160.267, 150
Trd, 000160.617, 141
Trd, 000161.517, 147
Trd, 000162.450, 142
Trd, 000162.517, 149
Trd, 000162.817, 149
Trd, 000163.100, 151
Trd, 000163.467, 158.0
Trd, 000163.717, 134.0
Trd, 000164.217, 148
Trd, 000164.667, 151
Trd, 000165.217, 155
Trd, 000165.267, 143
Trd, 000165.617, 147
Trd, 000166.533, 156
Trd, 000166.700, 143
Trd, 000168.717, 153
Trd, 000169.733, 161.0
Trd, 000170.533, 158.0
Trd, 000170.750, 162.0
Trd, 000171.217, 155
Trd, 000171.750, 155
Trd, 000172.367, 156
Trd, 000172.383, 157
Trd, 000172.467, 153
Trd, 000172.750, 158
Trd, 000173.183, 152
Trd, 000174.150, 152
Trd, 000175.250, 151
Trd, 000175.600, 154
Trd, 000176.483, 150
Trd, 000176.667, 148
Trd, 000178.083, 150
Trd, 000178.150, 152
Trd, 000178.317, 154
Trd, 000178.433, 162.0
Trd, 000179.300, 154
Trd, 000179.600, 165
Trd, 000181.583, 155
Trd, 000182.017, 150
Trd, 000183.450, 154
Trd, 000184.217, 153
Trd, 000184.283, 151
Trd, 000184.733, 151
Trd, 000184.917, 150
Trd, 000185.283, 151
Trd, 000185.383, 162.0
Trd, 000186.183, 149
Trd, 000186.817, 136
Trd, 000188.117, 144
Trd, 000188.167, 148
Trd, 000188.350, 151
Trd, 000188.717, 151
Trd, 000189.350, 152
Trd, 000190.400, 150
Trd, 000190.533, 154
Trd, 000192.017, 148
Trd, 000192.067, 151
Trd, 000192.883, 147
Trd, 000193.233, 162.0
Trd, 000193.967, 158.0
Trd, 000194.200, 154
Trd, 000194.783, 124.0
Trd, 000195.017, 160
Trd, 000195.050, 119
Trd, 000195.750, 161.0
Trd, 000196.350, 160
Trd, 000196.750, 134
Trd, 000197.517, 155
Trd, 000198.050, 159.0
Trd, 000198.717, 157
Trd, 000198.983, 158
Trd, 000200.367, 139
Trd, 000200.500, 150
Trd, 000201.700, 148
Trd, 000202.000, 146
Trd, 000202.100, 150
Trd, 000202.383, 140
Trd, 000203.750, 142
Trd, 000203.867, 149
Trd, 000204.317, 141
Trd, 000204.633, 149
Trd, 000206.600, 148
Trd, 000206.950, 147
Trd, 000207.283, 147
Trd, 000207.700, 134.0
Trd, 000208.000, 148
Trd, 000208.150, 152
Trd, 000208.267, 160.0
Trd, 000208.283, 140
Trd, 000210.150, 154
Trd, 000210.967, 142
Trd, 000211.633, 145
Trd, 000212.517, 143
Trd, 000212.633, 142
Trd, 000212.800, 144
Trd, 000213.167, 132
Trd, 000215.933, 143
Trd, 000216.000, 144
Trd, 000216.683, 142
Trd, 000216.900, 151
Trd, 000217.133, 152
Trd, 000217.150, 140
Trd, 000217.400, 139
Trd, 000217.517, 162.0
Trd, 000218.333, 127
Trd, 000218.933, 148
Trd, 000219.933, 148
Trd, 000221.417, 134
Trd, 000221.800, 134.0
Trd, 000222.433, 136
Trd, 000223.400, 139
Trd, 000223.467, 140
Trd, 000223.767, 159
Trd, 000223.933, 162.0
Trd, 000224.600, 168
Trd, 000225.917, 160
Trd, 000226.633, 158
Trd, 000226.983, 160
Trd, 000228.533, 154
Trd, 000228.767, 157
Trd, 000229.517, 157
Trd, 000230.150, 155
Trd, 000230.217, 157
Trd, 000230.750, 158
Trd, 000231.067, 154
Trd, 000231.217, 154
Trd, 000232.183, 158.0
Trd, 000232.617, 134.0
Trd, 000232.683, 158
Trd, 000233.583, 156
Trd, 000233.750, 150
Trd, 000233.900, 155
Trd, 000234.817, 158.0
Trd, 000235.117, 162.0
Trd, 000236.417, 155
Trd, 000236.467, 154
Trd, 000236.900, 158.0
Trd, 000237.667, 157
Trd, 000238.700, 149
Trd, 000239.300, 139
Trd, 000239.967, 144
Trd, 000240.117, 142
Trd, 000240.517, 141
Trd, 000240.617, 143
Trd, 000240.833, 145
Trd, 000241.383, 143.0
Trd, 000241.467, 148
Trd, 000242.100, 141.0
Trd, 000243.183, 148
Trd, 000243.217, 151
Trd, 000243.333, 162.0
Trd, 000244.200, 159
Trd, 000244.833, 153
Trd, 000245.267, 153
Trd, 000245.517, 155
Trd, 000245.583, 152
Trd, 000245.717, 155
Trd, 000246.533, 137.0
Trd, 000246.767, 140
Trd, 000247.200, 141
Trd, 000248.217, 147
Trd, 000249.650, 155.0
Trd, 000249.700, 158.0
Trd, 000249.883, 152
Trd, 000250.250, 152
Trd, 000250.450, 146
Trd, 000250.850, 149
Trd, 000250.867, 147
Trd, 000251.083, 150
Trd, 000252.200, 144.0
Trd, 000252.333, 141.0
Trd, 000252.400, 146
Trd, 000253.050, 139
Trd, 000253.450, 147
Trd, 000254.400, 144
Trd, 000254.867, 143
Trd, 000255.300, 141
Trd, 000255.783, 142
Trd, 000255.833, 144
Trd, 000256.950, 148
Trd, 000257.033, 143
Trd, 000257.550, 144
Trd, 000257.833, 150
Trd, 000258.000, 150
Trd, 000258.050, 143
Trd, 000258.200, 151
Trd, 000258.283, 146
Trd, 000258.367, 158.0
Trd, 000259.050, 152
Trd, 000259.800, 149
Trd, 000260.733, 156
Trd, 000261.183, 158.0
Trd, 000261.817, 155
Trd, 000263.300, 144.0
Trd, 000263.383, 143
Trd, 000263.600, 134.0
Trd, 000263.817, 142
Trd, 000263.933, 141
Trd, 000264.300, 142
Trd, 000264.333, 139
Trd, 000264.433, 148
Trd, 000265.367, 150
Trd, 000265.800, 150
Trd, 000266.867, 151
Trd, 000266.950, 162.0
Trd, 000267.550, 158.0
Trd, 000267.717, 156
Trd, 000268.183, 159
Trd, 000268.467, 156
Trd, 000269.067, 154
Trd, 000269.583, 153
Trd, 000270.633, 141.0
Trd, 000270.950, 146
Trd, 000271.000, 137.0
Trd, 000271.267, 149
Trd, 000271.667, 150
Trd, 000272.733, 143
Trd, 000272.917, 141
Trd, 000272.933, 141
Trd, 000273.150, 152
Trd, 000273.267, 155
Trd, 000274.367, 153
Trd, 000274.517, 156
Trd, 000274.817, 150
Trd, 000275.433, 148
Trd, 000275.850, 147
Trd, 000276.150, 145
Trd, 000276.567, 150
Trd, 000277.017, 149
Trd, 000277.667, 148.0
Trd, 000277.733, 141.0
Trd, 000278.383, 146
Trd, 000279.100, 153
Trd, 000279.167, 158.0
Trd, 000279.383, 162.0
Trd, 000279.783, 162
Trd, 000280.933, 157
Trd, 000281.083, 152
Trd, 000281.733, 151
Trd, 000281.817, 150
Trd, 000282.267, 157
Trd, 000282.383, 157
Trd, 000282.950, 156
Trd, 000283.267, 152
Trd, 000283.450, 156.0
Trd, 000284.183, 155
Trd, 000284.350, 155
Trd, 000285.283, 145
Trd, 000285.883, 147
Trd, 000285.900, 146
Trd, 000286.083, 141.0
Trd, 000286.233, 155
Trd, 000286.533, 137.0
Trd, 000286.750, 146.0
Trd, 000287.483, 143
Trd, 000287.933, 134.0
Trd, 000288.233, 148
Trd, 000288.400, 130
Trd, 000288.500, 127
Trd, 000288.667, 155
Trd, 000288.817, 158.0
Trd, 000289.717, 141.0
Trd, 000289.783, 143.0
Trd, 000289.983, 144.0
Trd, 000290.700, 165
Trd, 000290.800, 158.0
Trd, 000291.967, 156
Trd, 000292.317, 154
Trd, 000292.517, 147
Trd, 000292.733, 150
Trd, 000293.333, 158
Trd, 000293.933, 158.0
Trd, 000294.317, 158
Trd, 000294.333, 148
Trd, 000294.350, 137.0
Trd, 000294.683, 135
Trd, 000294.783, 144.0
Trd, 000295.183, 141
Trd, 000296.067, 143
Trd, 000296.417, 147
Trd, 000296.667, 148
Trd, 000298.183, 146
Trd, 000298.633, 156.0
Trd, 000298.767, 158.0
Trd, 000298.867, 146
Trd, 000298.967, 158.0
Trd, 000299.033, 145
Trd, 000299.550, 152
Trd, 000299.833, 162.0
