Trd, 000002.167, 137
Trd, 000002.267, 131.0
Trd, 000002.483, 118
Trd, 000003.550, 134.0
Trd, 000004.467, 130
Trd, 000004.600, 128
Trd, 000005.750, 144.0
Trd, 000005.800, 148.0
Trd, 000006.100, 133
Trd, 000006.283, 158.0
Trd, 000006.850, 138
Trd, 000007.817, 159
Trd, 000008.317, 138
Trd, 000009.033, 157
Trd, 000009.050, 141
Trd, 000009.067, 137
Trd, 000009.383, 157
Trd, 000009.550, 138
Trd, 000009.567, 161
Trd, 000009.800, 162
Trd, 000011.083, 179.0
Trd, 000011.650, 165
Trd, 000011.883, 150
Trd, 000012.250, 149
Trd, 000012.283, 165
Trd, 000013.300, 149
Trd, 000013.483, 146
Trd, 000013.533, 170
Trd, 000014.533, 158.0
Trd, 000014.950, 167
Trd, 000015.383, 140
Trd, 000015.533, 143
Trd, 000016.133, 152
Trd, 000016.300, 151
Trd, 000016.367, 152
Trd, 000017.767, 144.0
Trd, 000017.817, 145
Trd, 000018.117, 148
Trd, 000018.383, 169
Trd, 000018.850, 148
Trd, 000019.533, 147
Trd, 000020.000, 139
Trd, 000020.183, 154.0
Trd, 000020.433, 154.0
Trd, 000020.483, 158.0
Trd, 000020.883, 137.0
Trd, 000021.033, 184
Trd, 000022.250, 143
Trd, 000022.567, 134.0
Trd, 000022.600, 160
Trd, 000024.850, 149
Trd, 000025.033, 150
Trd, 000025.050, 158.0
Trd, 000025.367, 147
Trd, 000025.700, 144
Trd, 000026.750, 141
Trd, 000026.783, 158.0
Trd, 000027.033, 139
Trd, 000027.650, 152
Trd, 000028.067, 154
Trd, 000028.350, 156
Trd, 000028.667, 162
Trd, 000029.183, 147
Trd, 000029.767, 179.0
Trd, 000030.217, 144
Trd, 000030.600, 156
Trd, 000031.233, 158
Trd, 000031.783, 161
Trd, 000032.883, 153
Trd, 000033.050, 154
Trd, 000033.067, 155
Trd, 000033.317, 160
Trd, 000034.850, 155
Trd, 000035.550, 161
Trd, 000035.650, 162
Trd, 000036.067, 158.0
Trd, 000036.483, 145
Trd, 000036.633, 157
Trd, 000037.000, 184
Trd, 000037.500, 179.0
Trd, 000037.700, 172.0
Trd, 000038.050, 140
Trd, 000039.033, 156
Trd, 000039.183, 162
Trd, 000039.283, 143
Trd, 000039.700, 169
Trd, 000039.750, 169
Trd, 000040.117, 139
Trd, 000040.133, 137.0
Trd, 000041.050, 152
Trd, 000041.500, 155
Trd, 000041.667, 149
Trd, 000043.583, 148
Trd, 000043.850, 144.0
Trd, 000044.183, 150
Trd, 000044.267, 153
Trd, 000044.433, 137.0
Trd, 000044.933, 141
Trd, 000045.217, 142
Trd, 000045.283, 155.0
Trd, 000045.467, 157.0
Trd, 000045.517, 158.0
Trd, 000045.733, 158
Trd, 000046.000, 140
Trd, 000046.167, 134.0
Trd, 000046.700, 166
Trd, 000046.967, 132.0
Trd, 000047.433, 148
Trd, 000047.650, 149
Trd, 000048.200, 135
Trd, 000048.433, 133
Trd, 000049.100, 146
Trd, 000049.983, 136.0
Trd, 000050.217, 144
Trd, 000050.717, 135
Trd, 000051.117, 144.0
Trd, 000051.200, 158.0
Trd, 000051.717, 160
Trd, 000053.117, 138
Trd, 000053.250, 137
Trd, 000053.483, 147
Trd, 000054.683, 144
Trd, 000054.917, 141
Trd, 000055.167, 143
Trd, 000056.250, 147
Trd, 000056.950, 145
Trd, 000057.067, 148.0
Trd, 000057.167, 142
Trd, 000057.200, 141
Trd, 000057.650, 144
Trd, 000058.267, 157.0
Trd, 000058.583, 141
Trd, 000059.317, 139
Trd, 000059.450, 160
Trd, 000060.067, 137.0
Trd, 000060.617, 160
Trd, 000060.667, 138
Trd, 000060.883, 165
Trd, 000061.500, 136
Trd, 000061.567, 149
Trd, 000061.983, 134.0
Trd, 000062.700, 137
Trd, 000064.017, 152.0
Trd, 000064.050, 153.0
Trd, 000064.900, 137
Trd, 000065.167, 137
Trd, 000066.233, 137
Trd, 000066.300, 132.0
Trd, 000066.567, 166
Trd, 000066.733, 134
Trd, 000066.883, 167
Trd, 000067.383, 159
Trd, 000068.067, 140
Trd, 000068.583, 138
Trd, 000068.700, 158.0
Trd, 000069.100, 157
Trd, 000069.433, 180
Trd, 000069.467, 133.0
Trd, 000070.650, 135.0
Trd, 000070.967, 134
Trd, 000071.450, 172
Trd, 000071.700, 171
Trd, 000072.150, 162
Trd, 000072.633, 138
Trd, 000073.800, 158.0
Trd, 000073.867, 137
Trd, 000074.000, 159
Trd, 000074.733, 137
Trd, 000075.150, 154
Trd, 000075.783, 181
Trd, 000077.300, 158
Trd, 000077.717, 144.0
Trd, 000078.183, 153
Trd, 000078.667, 179.0
Trd, 000079.417, 167
Trd, 000079.867, 147
Trd, 000079.983, 172.0
Trd, 000080.517, 141
Trd, 000080.567, 148.0
Trd, 000081.067, 147
Trd, 000081.267, 148.0
Trd, 000082.100, 147
Trd, 000082.183, 149
Trd, 000083.267, 146
Trd, 000083.467, 154
Trd, 000083.483, 144.0
Trd, 000083.567, 144
Trd, 000084.800, 146
Trd, 000085.983, 158.0
Trd, 000086.033, 144.0
Trd, 000086.267, 148
Trd, 000086.433, 140
Trd, 000086.833, 154
Trd, 000087.050, 137.0
Trd, 000088.967, 155
Trd, 000089.467, 145
Trd, 000089.800, 144
Trd, 000090.083, 140
Trd, 000090.317, 151
Trd, 000090.833, 151
Trd, 000090.883, 158.0
Trd, 000091.433, 162
Trd, 000091.550, 169
Trd, 000091.850, 185.0
Trd, 000092.250, 153
Trd, 000092.600, 186.0
Trd, 000093.633, 152
Trd, 000093.850, 146
Trd, 000094.800, 158
Trd, 000095.283, 150
Trd, 000095.600, 139.0
Trd, 000096.917, 145
Trd, 000097.733, 140
Trd, 000098.583, 142
Trd, 000099.067, 143
Trd, 000099.267, 158.0
Trd, 000099.767, 144.0
Trd, 000100.067, 162
Trd, 000100.317, 163
Trd, 000100.517, 143
Trd, 000100.650, 142
Trd, 000100.717, 139
Trd, 000101.117, 151
Trd, 000102.200, 137.0
Trd, 000103.200, 151
Trd, 000103.600, 144.0
Trd, 000103.900, 151
Trd, 000104.033, 142
Trd, 000104.150, 151
Trd, 000104.267, 140
Trd, 000104.317, 137.0
Trd, 000104.750, 139
Trd, 000104.850, 152
Trd, 000105.100, 158.0
Trd, 000105.567, 156
Trd, 000106.283, 142
Trd, 000106.333, 131.0
Trd, 000107.850, 134.0
Trd, 000108.233, 135
Trd, 000108.667, 136
Trd, 000110.617, 137.0
Trd, 000110.833, 144.0
Trd, 000110.867, 148.0
Trd, 000111.283, 158.0
Trd, 000111.567, 164
Trd, 000111.600, 140
Trd, 000112.050, 161
Trd, 000113.050, 141
Trd, 000113.700, 162
Trd, 000114.500, 153
Trd, 000115.317, 158.0
Trd, 000116.617, 179.0
Trd, 000116.767, 172.0
Trd, 000116.933, 167
Trd, 000117.000, 181
Trd, 000117.333, 156
Trd, 000119.033, 139
Trd, 000119.433, 144.0
Trd, 000119.483, 158
Trd, 000119.950, 158
Trd, 000120.767, 157
Trd, 000120.950, 142
Trd, 000121.217, 139
Trd, 000121.450, 152
Trd, 000121.667, 153
Trd, 000121.700, 137.0
Trd, 000122.483, 162
Trd, 000122.800, 141
Trd, 000122.867, 139
Trd, 000123.383, 138
Trd, 000123.483, 158.0
Trd, 000123.717, 137
Trd, 000123.933, 158
Trd, 000124.567, 141
Trd, 000125.017, 159
Trd, 000126.700, 156
Trd, 000127.600, 158
Trd, 000127.750, 147
Trd, 000128.083, 160
Trd, 000128.100, 146
Trd, 000128.467, 145
Trd, 000128.900, 161
Trd, 000128.917, 163
Trd, 000129.800, 167
Trd, 000130.283, 172.0
Trd, 000130.450, 153
Trd, 000130.850, 182
Trd, 000132.067, 144.0
Trd, 000132.417, 157.0
Trd, 000132.817, 140
Trd, 000133.133, 149
Trd, 000133.350, 147
Trd, 000133.633, 158.0
Trd, 000134.583, 156
Trd, 000135.017, 161
Trd, 000135.783, 163
Trd, 000136.517, 179
Trd, 000137.083, 182
Trd, 000137.283, 182
Trd, 000137.600, 175
Trd, 000138.067, 155
Trd, 000138.917, 146
Trd, 000138.983, 142
Trd, 000139.250, 145
Trd, 000139.383, 142
Trd, 000139.517, 140
Trd, 000139.550, 138
Trd, 000139.733, 137.0
Trd, 000141.050, 144
Trd, 000142.267, 144
Trd, 000142.467, 142
Trd, 000142.967, 163
Trd, 000143.000, 143
Trd, 000143.317, 164
Trd, 000143.700, 144
Trd, 000143.933, 164
Trd, 000144.350, 144
Trd, 000144.900, 173
Trd, 000145.200, 144
Trd, 000145.383, 140
Trd, 000145.583, 168
Trd, 000145.717, 137.0
Trd, 000147.433, 150
Trd, 000147.650, 153
Trd, 000148.083, 158.0
Trd, 000149.183, 168
Trd, 000149.400, 149
Trd, 000149.533, 147
Trd, 000149.767, 143
Trd, 000150.850, 139
Trd, 000151.033, 137.0
Trd, 000151.200, 140
Trd, 000151.583, 145
Trd, 000152.000, 148.0
Trd, 000152.717, 165
Trd, 000152.933, 166
Trd, 000153.300, 179.0
Trd, 000153.767, 183
Trd, 000153.800, 138
Trd, 000153.850, 134.0
Trd, 000154.233, 142
Trd, 000154.433, 143
Trd, 000154.850, 148.0
Trd, 000156.117, 132.0
Trd, 000156.283, 142
Trd, 000156.450, 158.0
Trd, 000157.150, 160
Trd, 000157.167, 132.0
Trd, 000157.600, 143
Trd, 000157.800, 172.0
Trd, 000158.500, 158.0
Trd, 000158.733, 140
Trd, 000159.233, 137.0
Trd, 000159.467, 134.0
Trd, 000159.733, 141
Trd, 000159.817, 131.0
Trd, 000160.483, 140
Trd, 000160.783, 160
Trd, 000161.167, 181
Trd, 000161.400, 146
Trd, 000163.217, 150
Trd, 000163.717, 147
Trd, 000164.067, 134.0
Trd, 000164.117, 156.0
Trd, 000165.500, 151
Trd, 000165.550, 140
Trd, 000165.700, 147
Trd, 000165.817, 150
Trd, 000166.183, 150
Trd, 000166.283, 164
Trd, 000166.717, 172.0
Trd, 000166.900, 153
Trd, 000167.167, 153
Trd, 000167.567, 140
Trd, 000168.000, 137.0
Trd, 000168.400, 134.0
Trd, 000169.183, 179.0
Trd, 000169.867, 176
Trd, 000170.233, 172.0
Trd, 000170.350, 172
Trd, 000171.200, 155
Trd, 000171.433, 167
Trd, 000172.117, 172
Trd, 000173.117, 172.0
Trd, 000174.233, 179.0
Trd, 000174.450, 167
Trd, 000174.633, 163
Trd, 000175.483, 161
Trd, 000177.067, 171
Trd, 000177.567, 144.0
Trd, 000177.933, 166
Trd, 000178.133, 158
Trd, 000178.450, 144
Trd, 000178.633, 140
Trd, 000178.717, 161
Trd, 000179.733, 150
Trd, 000179.800, 152
Trd, 000180.483, 153
Trd, 000180.533, 148
Trd, 000181.267, 132.0
Trd, 000181.650, 125
Trd, 000181.967, 152
Trd, 000182.467, 133.0
Trd, 000183.167, 142
Trd, 000183.250, 142
Trd, 000184.183, 140
Trd, 000184.600, 143
Trd, 000184.783, 137.0
Trd, 000184.900, 144.0
Trd, 000185.200, 135
Trd, 000185.317, 147.0
Trd, 000186.517, 137
Trd, 000186.533, 137.0
Trd, 000186.717, 148.0
Trd, 000187.433, 145
Trd, 000188.067, 156.0
Trd, 000188.650, 158.0
Trd, 000189.567, 142
Trd, 000189.817, 164
Trd, 000190.767, 166
Trd, 000192.500, 163
Trd, 000192.550, 158
Trd, 000193.483, 157
Trd, 000194.100, 146
Trd, 000194.400, 159
Trd, 000194.617, 144.0
Trd, 000194.767, 157
Trd, 000194.783, 159
Trd, 000194.900, 140
Trd, 000195.683, 163
Trd, 000196.383, 150
Trd, 000196.467, 157
Trd, 000196.933, 158.0
Trd, 000197.233, 137.0
Trd, 000197.317, 166
Trd, 000197.867, 144
Trd, 000197.883, 144.0
Trd, 000198.000, 134.0
Trd, 000199.083, 137
Trd, 000199.283, 137
Trd, 000200.133, 155.0
Trd, 000200.500, 158.0
Trd, 000201.200, 163
Trd, 000202.000, 141
Trd, 000202.067, 137
Trd, 000202.217, 165
Trd, 000202.517, 147
Trd, 000202.633, 138
Trd, 000203.767, 143
Trd, 000203.967, 152
Trd, 000204.233, 153
Trd, 000205.800, 147
Trd, 000206.717, 147
Trd, 000207.450, 154.0
Trd, 000207.850, 155.0
Trd, 000207.983, 158.0
Trd, 000208.800, 149
Trd, 000208.833, 149
Trd, 000209.050, 160
Trd, 000209.317, 158.0
Trd, 000209.600, 149
Trd, 000209.783, 146
Trd, 000210.783, 161
Trd, 000211.200, 150
Trd, 000211.517, 152
Trd, 000212.233, 149
Trd, 000212.600, 143
Trd, 000212.683, 134.0
Trd, 000212.933, 152
Trd, 000212.967, 153
Trd, 000214.300, 140
Trd, 000214.667, 144
Trd, 000215.517, 140
Trd, 000215.800, 146
Trd, 000216.083, 139
Trd, 000216.217, 157.0
Trd, 000216.750, 152
Trd, 000216.900, 137.0
Trd, 000217.033, 158.0
Trd, 000217.800, 160
Trd, 000218.133, 162
Trd, 000218.267, 142
Trd, 000219.200, 177
Trd, 000219.667, 148
Trd, 000219.900, 140
Trd, 000220.800, 166
Trd, 000221.217, 141
Trd, 000221.667, 162
Trd, 000222.267, 161
Trd, 000222.750, 186.0
Trd, 000224.267, 172.0
Trd, 000224.467, 158.0
Trd, 000226.300, 162
Trd, 000226.350, 157
Trd, 000226.950, 144.0
Trd, 000227.433, 140
Trd, 000227.533, 140
Trd, 000227.650, 144
Trd, 000227.900, 144.0
Trd, 000228.183, 135.0
Trd, 000228.417, 163
Trd, 000228.483, 179
Trd, 000228.717, 172.0
Trd, 000229.317, 155
Trd, 000229.433, 138
Trd, 000229.517, 158.0
Trd, 000231.067, 150
Trd, 000231.217, 145
Trd, 000231.417, 135.0
Trd, 000231.633, 134.0
Trd, 000231.883, 149
Trd, 000232.133, 131.0
Trd, 000232.783, 150
Trd, 000233.200, 149
Trd, 000233.283, 137
Trd, 000233.933, 150
Trd, 000234.117, 147
Trd, 000234.500, 167
Trd, 000235.383, 151
Trd, 000235.533, 145
Trd, 000236.500, 154
Trd, 000236.817, 158
Trd, 000237.217, 149
Trd, 000238.117, 148
Trd, 000238.217, 149
Trd, 000238.417, 150
Trd, 000238.583, 143
Trd, 000238.683, 140
Trd, 000239.433, 154
Trd, 000239.517, 158.0
Trd, 000240.067, 162
Trd, 000240.217, 142
Trd, 000240.850, 143
Trd, 000241.167, 146
Trd, 000241.517, 147.0
Trd, 000241.550, 148.0
Trd, 000241.733, 151.0
Trd, 000241.850, 148
Trd, 000241.900, 144
Trd, 000242.333, 159
Trd, 000242.583, 171
Trd, 000242.600, 155
Trd, 000243.300, 147
Trd, 000243.600, 145
Trd, 000244.250, 143
Trd, 000244.967, 140
Trd, 000246.017, 147
Trd, 000246.533, 150.0
Trd, 000246.667, 150.0
Trd, 000246.833, 148.0
Trd, 000247.067, 151.0
Trd, 000247.417, 146
Trd, 000247.617, 149
Trd, 000247.867, 147
Trd, 000247.883, 145
Trd, 000248.467, 152
Trd, 000248.867, 153.0
Trd, 000248.967, 158.0
Trd, 000249.133, 150.0
Trd, 000249.350, 166
Trd, 000249.700, 175.0
Trd, 000251.350, 150
Trd, 000251.500, 147
Trd, 000251.633, 144.0
Trd, 000251.650, 145
Trd, 000252.200, 149
Trd, 000253.267, 149
Trd, 000253.383, 151.0
Trd, 000253.483, 152
Trd, 000253.700, 146
Trd, 000253.733, 158.0
Trd, 000254.250, 149
Trd, 000254.300, 146
Trd, 000254.583, 175.0
Trd, 000254.600, 182
Trd, 000255.517, 158
Trd, 000255.833, 147.0
Trd, 000256.400, 163
Trd, 000256.567, 148
Trd, 000257.400, 161
Trd, 000258.517, 161
Trd, 000258.883, 158.0
Trd, 000259.767, 155
Trd, 000259.967, 157
Trd, 000260.100, 158.0
Trd, 000260.417, 162
Trd, 000260.800, 159.0
Trd, 000261.233, 172.0
Trd, 000261.400, 155.0
Trd, 000261.433, 151.0
Trd, 000261.500, 144.0
Trd, 000263.017, 164.0
Trd, 000263.217, 153
Trd, 000263.400, 164.0
Trd, 000263.850, 154
Trd, 000264.650, 156.0
Trd, 000264.817, 158.0
Trd, 000265.067, 150
Trd, 000265.383, 153
Trd, 000265.417, 164
Trd, 000265.483, 150
Trd, 000265.517, 168.0
Trd, 000266.733, 156
Trd, 000266.883, 153
Trd, 000267.667, 153
Trd, 000268.083, 151
Trd, 000268.167, 148
Trd, 000268.183, 153
Trd, 000268.883, 146
Trd, 000269.217, 150
Trd, 000269.783, 151.0
Trd, 000270.283, 150
Trd, 000271.283, 158.0
Trd, 000271.317, 154.0
Trd, 000271.750, 150
Trd, 000271.850, 154.0
Trd, 000271.967, 155.0
Trd, 000272.067, 149.0
Trd, 000272.317, 149
Trd, 000272.450, 157
Trd, 000272.600, 144.0
Trd, 000272.917, 132.0
Trd, 000273.133, 139
Trd, 000274.183, 152
Trd, 000274.333, 157
Trd, 000274.367, 175.0
Trd, 000274.600, 150.0
Trd, 000275.333, 156
Trd, 000275.700, 148
Trd, 000276.400, 148.0
Trd, 000276.583, 151.0
Trd, 000276.900, 155
Trd, 000277.217, 148
Trd, 000277.317, 162
Trd, 000277.667, 145
Trd, 000277.833, 157.0
Trd, 000277.983, 158.0
Trd, 000278.117, 152
Trd, 000278.467, 143
Trd, 000279.367, 162
Trd, 000280.333, 160
Trd, 000280.450, 155.0
Trd, 000280.983, 152
Trd, 000281.117, 157
Trd, 000281.483, 157
Trd, 000281.667, 149
Trd, 000281.800, 157.0
Trd, 000281.933, 158.0
Trd, 000282.000, 153
Trd, 000282.100, 153
Trd, 000282.283, 151
Trd, 000282.750, 140
Trd, 000283.083, 151
Trd, 000283.267, 151.0
Trd, 000284.183, 148
Trd, 000284.250, 144.0
Trd, 000284.633, 149
Trd, 000284.767, 150
Trd, 000285.417, 144.0
Trd, 000285.950, 148.0
Trd, 000286.100, 143
Trd, 000286.867, 156.0
Trd, 000287.067, 158.0
Trd, 000287.467, 162
Trd, 000288.367, 155
Trd, 000288.950, 143
Trd, 000289.183, 162
Trd, 000289.783, 158.0
Trd, 000289.867, 151.0
Trd, 000289.983, 143
Trd, 000290.200, 139
Trd, 000291.100, 147
Trd, 000291.167, 144
Trd, 000291.467, 144
Trd, 000291.717, 146
Trd, 000291.833, 147
Trd, 000292.100, 143
Trd, 000292.650, 150.0
Trd, 000293.267, 144
Trd, 000294.233, 144
Trd, 000295.183, 150.0
Trd, 000295.483, 143
Trd, 000296.033, 142
Trd, 000296.450, 146
Trd, 000296.467, 140
Trd, 000296.500, 151.0
Trd, 000296.667, 137.0
Trd, 000296.683, 136
Trd, 000296.717, 151
Trd, 000296.867, 158.0
Trd, 000297.283, 162
Trd, 000297.367, 163
Trd, 000297.833, 134.0
Trd, 000298.100, 158.0
Trd, 000298.717, 162
Trd, 000299.967, 179.0
