Trd, 000001.167, 156
Trd, 000001.733, 122
Trd, 000002.617, 142
Trd, 000003.233, 141
Trd, 000004.700, 162.0
Trd, 000004.800, 165.0
Trd, 000005.267, 168.0
Trd, 000005.450, 154
Trd, 000005.683, 152
Trd, 000006.283, 151
Trd, 000006.650, 149
Trd, 000006.817, 172
Trd, 000007.567, 171
Trd, 000008.283, 161
Trd, 000008.983, 163
Trd, 000009.600, 152
Trd, 000010.100, 151
Trd, 000010.117, 147
Trd, 000011.233, 159
Trd, 000011.817, 159
Trd, 000011.950, 147
Trd, 000012.117, 161
Trd, 000012.800, 146
Trd, 000013.817, 157
Trd, 000014.833, 151
Trd, 000015.000, 156
Trd, 000015.450, 151
Trd, 000016.450, 154
Trd, 000016.467, 152
Trd, 000016.917, 154
Trd, 000016.933, 143
Trd, 000017.200, 152
Trd, 000017.517, 146
Trd, 000019.817, 145
Trd, 000019.967, 148
Trd, 000020.233, 156
Trd, 000020.450, 151
Trd, 000020.733, 149
Trd, 000021.300, 149
Trd, 000021.783, 158
Trd, 000022.167, 150
Trd, 000022.800, 152
Trd, 000023.000, 153
Trd, 000023.233, 158
Trd, 000024.883, 165.0
Trd, 000024.967, 168.0
Trd, 000025.000, 151
Trd, 000025.133, 165
Trd, 000025.917, 164
Trd, 000027.050, 159
Trd, 000027.467, 160
Trd, 000027.700, 158.0
Trd, 000027.917, 160
Trd, 000028.133, 152
Trd, 000028.367, 161
Trd, 000029.017, 162
Trd, 000029.133, 163
Trd, 000030.383, 165.0
Trd, 000031.633, 163.0
Trd, 000031.650, 162.0
Trd, 000032.667, 155
Trd, 000033.517, 164.0
Trd, 000034.683, 157
Trd, 000036.067, 162
Trd, 000036.217, 163
Trd, 000037.633, 163
Trd, 000037.917, 164
Trd, 000038.667, 164
Trd, 000038.733, 165
Trd, 000038.933, 163.0
Trd, 000039.150, 167.0
Trd, 000041.250, 164.0
Trd, 000041.583, 165
Trd, 000043.033, 165
Trd, 000043.083, 165
Trd, 000043.483, 164.0
Trd, 000044.050, 163
Trd, 000044.717, 162.0
Trd, 000045.400, 160
Trd, 000046.333, 164
Trd, 000046.683, 158.0
Trd, 000047.733, 155
Trd, 000047.833, 162
Trd, 000047.883, 163
Trd, 000048.050, 154
Trd, 000048.083, 150
Trd, 000049.650, 153
Trd, 000050.450, 161
Trd, 000050.817, 154
Trd, 000051.100, 159
Trd, 000052.683, 155
Trd, 000054.217, 157
Trd, 000054.700, 158
Trd, 000055.600, 157
Trd, 000055.800, 155
Trd, 000055.833, 153
Trd, 000055.900, 158
Trd, 000056.533, 157
Trd, 000057.600, 151
Trd, 000057.633, 150
Trd, 000058.350, 150
Trd, 000058.417, 157
Trd, 000058.950, 157
Trd, 000059.417, 155
Trd, 000060.133, 148
Trd, 000060.367, 154
Trd, 000062.050, 149
Trd, 000062.750, 154
Trd, 000063.200, 152
Trd, 000063.617, 153
Trd, 000064.000, 151
Trd, 000065.333, 153
Trd, 000066.067, 150
Trd, 000066.617, 152
Trd, 000066.750, 151
Trd, 000066.800, 152
Trd, 000067.000, 152
Trd, 000067.017, 158
Trd, 000068.317, 152
Trd, 000068.650, 151
Trd, 000069.183, 153
Trd, 000069.467, 153
Trd, 000069.683, 156
Trd, 000070.817, 152
Trd, 000070.967, 157
Trd, 000071.233, 152
Trd, 000072.083, 152
Trd, 000073.633, 152
Trd, 000073.883, 150
Trd, 000074.283, 151
Trd, 000074.700, 150
Trd, 000074.967, 151
Trd, 000075.167, 153
Trd, 000075.183, 155
Trd, 000075.683, 158
Trd, 000075.800, 165.0
Trd, 000077.033, 154
Trd, 000077.317, 163
Trd, 000078.733, 157
Trd, 000079.167, 156
Trd, 000079.533, 155
Trd, 000080.200, 157
Trd, 000080.233, 158
Trd, 000080.917, 157
Trd, 000081.400, 157
Trd, 000082.700, 157
Trd, 000083.000, 153
Trd, 000083.183, 157
Trd, 000083.233, 157
Trd, 000083.917, 163.0
Trd, 000084.117, 162.0
Trd, 000084.517, 165.0
Trd, 000087.483, 160
Trd, 000088.367, 159.0
Trd, 000089.083, 158
Trd, 000089.167, 160
Trd, 000089.317, 161
Trd, 000090.100, 161
Trd, 000091.533, 160
Trd, 000092.550, 161
Trd, 000092.633, 159
Trd, 000092.767, 159
Trd, 000093.950, 162.0
Trd, 000094.233, 162
Trd, 000094.717, 161
Trd, 000095.267, 165.0
Trd, 000095.950, 172
Trd, 000096.367, 158
Trd, 000096.883, 159.0
Trd, 000097.150, 158.0
Trd, 000097.350, 154
Trd, 000097.650, 163
Trd, 000097.800, 162.0
Trd, 000098.800, 156
Trd, 000100.633, 153
Trd, 000100.883, 151
Trd, 000101.133, 157
Trd, 000101.683, 157
Trd, 000101.700, 158
Trd, 000101.783, 150
Trd, 000103.350, 154
Trd, 000104.400, 156
Trd, 000105.000, 157
Trd, 000105.100, 157
Trd, 000105.400, 158
Trd, 000105.583, 157
Trd, 000106.767, 157
Trd, 000107.333, 158
Trd, 000107.683, 160
Trd, 000108.800, 158
Trd, 000108.900, 150
Trd, 000109.000, 159
Trd, 000109.700, 164.0
Trd, 000110.033, 165.0
Trd, 000110.667, 155
Trd, 000111.883, 162
Trd, 000112.083, 165.0
Trd, 000112.117, 158
Trd, 000112.933, 160
Trd, 000113.583, 165
Trd, 000114.167, 158.0
Trd, 000115.217, 161
Trd, 000116.350, 162
Trd, 000116.550, 160
Trd, 000116.600, 154
Trd, 000116.683, 162
Trd, 000117.600, 162
Trd, 000117.867, 162
Trd, 000118.600, 156
Trd, 000118.967, 160
Trd, 000119.067, 160
Trd, 000121.167, 158.0
Trd, 000121.933, 158
Trd, 000122.400, 159
Trd, 000123.383, 157
Trd, 000123.767, 157
Trd, 000124.317, 155
Trd, 000124.550, 159
Trd, 000124.850, 155
Trd, 000125.367, 157
Trd, 000127.033, 160
Trd, 000128.433, 158.0
Trd, 000128.583, 157
Trd, 000129.283, 157
Trd, 000129.383, 159
Trd, 000130.067, 156
Trd, 000130.250, 158
Trd, 000131.233, 150
Trd, 000131.550, 145
Trd, 000131.800, 158
Trd, 000132.050, 148
Trd, 000132.083, 159
Trd, 000133.200, 148
Trd, 000134.800, 155
Trd, 000135.267, 148
Trd, 000135.483, 155
Trd, 000136.250, 154
Trd, 000137.250, 149
Trd, 000138.600, 151
Trd, 000138.900, 151
Trd, 000139.067, 153
Trd, 000140.050, 153
Trd, 000140.517, 153
Trd, 000140.800, 152
Trd, 000142.550, 153
Trd, 000142.950, 167.0
Trd, 000143.200, 165.0
Trd, 000143.750, 150
Trd, 000144.217, 157
Trd, 000144.650, 158
Trd, 000144.783, 162.0
Trd, 000145.783, 157
Trd, 000146.250, 156
Trd, 000146.283, 159
Trd, 000148.350, 157
Trd, 000149.033, 158
Trd, 000149.150, 156
Trd, 000149.167, 158
Trd, 000149.183, 159
Trd, 000149.583, 156
Trd, 000150.183, 159
Trd, 000150.950, 159
Trd, 000151.233, 158
Trd, 000151.400, 157
Trd, 000152.100, 154
Trd, 000152.500, 164.0
Trd, 000152.583, 162.0
Trd, 000153.017, 150
Trd, 000154.250, 145
Trd, 000154.300, 159
Trd, 000154.983, 146
Trd, 000155.767, 156
Trd, 000155.783, 165.0
Trd, 000156.583, 157
Trd, 000156.933, 157
Trd, 000157.533, 157
Trd, 000157.583, 155
Trd, 000158.450, 155
Trd, 000158.517, 157
Trd, 000159.500, 154
Trd, 000160.550, 153
Trd, 000160.800, 151
Trd, 000161.067, 158
Trd, 000161.317, 172
Trd, 000161.617, 168.0
Trd, 000162.883, 163
Trd, 000163.000, 151
Trd, 000163.700, 161
Trd, 000164.383, 158
Trd, 000164.600, 160
Trd, 000165.517, 159.0
Trd, 000166.900, 158.0
Trd, 000167.283, 153
Trd, 000167.550, 161
Trd, 000167.667, 156
Trd, 000169.617, 156
Trd, 000169.983, 157
Trd, 000170.183, 158
Trd, 000170.550, 157
Trd, 000171.083, 159
Trd, 000171.583, 156
Trd, 000171.617, 156
Trd, 000171.783, 159
Trd, 000172.367, 151
Trd, 000172.917, 165.0
Trd, 000173.167, 162.0
Trd, 000173.967, 165.0
Trd, 000174.167, 151
Trd, 000174.250, 150
Trd, 000174.267, 161
Trd, 000175.850, 164.0
Trd, 000176.900, 162.0
Trd, 000176.917, 163
Trd, 000178.017, 159
Trd, 000179.283, 163
Trd, 000181.133, 161
Trd, 000181.450, 159
Trd, 000181.783, 161.0
Trd, 000182.233, 161
Trd, 000182.483, 158
Trd, 000182.550, 161
Trd, 000182.833, 143
Trd, 000184.567, 158
Trd, 000184.833, 160
Trd, 000184.983, 160
Trd, 000185.050, 165.0
Trd, 000185.483, 159
Trd, 000186.533, 161
Trd, 000186.617, 163.0
Trd, 000187.233, 159
Trd, 000188.517, 158
Trd, 000189.167, 161
Trd, 000190.033, 153
Trd, 000191.317, 158
Trd, 000192.100, 157
Trd, 000192.350, 156
Trd, 000192.400, 151
Trd, 000192.750, 157
Trd, 000193.633, 156
Trd, 000194.983, 156
Trd, 000195.567, 156
Trd, 000195.633, 154
Trd, 000196.350, 156
Trd, 000197.217, 154
Trd, 000197.450, 156
Trd, 000198.183, 157
Trd, 000198.750, 158
Trd, 000198.767, 157
Trd, 000199.833, 155
Trd, 000200.250, 152
Trd, 000201.700, 152
Trd, 000202.233, 153
Trd, 000202.367, 158
Trd, 000202.433, 150
Trd, 000203.400, 164
Trd, 000204.050, 161
Trd, 000205.050, 163
Trd, 000205.200, 155
Trd, 000206.717, 161
Trd, 000207.017, 161
Trd, 000207.150, 165.0
Trd, 000208.767, 162
Trd, 000209.083, 158.0
Trd, 000209.900, 158
Trd, 000210.283, 162.0
Trd, 000211.583, 162
Trd, 000211.717, 164.0
Trd, 000212.267, 163
Trd, 000213.433, 149
Trd, 000213.667, 161
Trd, 000214.183, 165.0
Trd, 000214.900, 154
Trd, 000216.267, 156
Trd, 000217.100, 159
Trd, 000217.217, 158
Trd, 000217.617, 158
Trd, 000218.233, 156
Trd, 000218.517, 158
Trd, 000219.167, 156
Trd, 000219.267, 158
Trd, 000219.817, 165.0
Trd, 000220.650, 158
Trd, 000220.733, 155
Trd, 000221.483, 158
Trd, 000222.600, 158
Trd, 000222.617, 157
Trd, 000223.117, 158
Trd, 000223.183, 168.0
Trd, 000223.917, 150
Trd, 000224.750, 167
Trd, 000224.783, 162
Trd, 000225.633, 155
Trd, 000226.117, 169
Trd, 000226.800, 172
Trd, 000227.117, 166.0
Trd, 000227.333, 165.0
Trd, 000228.217, 166
Trd, 000230.033, 162.0
Trd, 000230.967, 165
Trd, 000231.167, 163.0
Trd, 000231.350, 164
Trd, 000232.400, 162.0
Trd, 000232.700, 159
Trd, 000233.550, 160.0
Trd, 000234.450, 161
Trd, 000234.950, 158.0
Trd, 000236.450, 158.0
Trd, 000236.983, 158
Trd, 000237.983, 154
Trd, 000238.383, 156
Trd, 000238.600, 158
Trd, 000240.033, 157
Trd, 000240.300, 157
Trd, 000240.467, 157
Trd, 000240.967, 158
Trd, 000241.033, 157
Trd, 000241.667, 155
Trd, 000241.983, 157.0
Trd, 000242.000, 157
Trd, 000242.183, 157
Trd, 000242.533, 158.0
Trd, 000243.400, 155.0
Trd, 000243.933, 156
Trd, 000243.950, 155
Trd, 000244.167, 154
Trd, 000244.917, 155
Trd, 000247.267, 155
Trd, 000247.383, 155
Trd, 000247.967, 153
Trd, 000248.800, 152
Trd, 000248.917, 155
Trd, 000250.150, 146
Trd, 000250.467, 147
Trd, 000250.983, 150
Trd, 000251.250, 149
Trd, 000251.367, 149
Trd, 000251.800, 148.0
Trd, 000252.467, 152
Trd, 000252.533, 150
Trd, 000252.950, 151
Trd, 000253.333, 153.0
Trd, 000253.717, 154.0
Trd, 000254.817, 153
Trd, 000254.900, 155.0
Trd, 000255.533, 154
Trd, 000256.417, 152
Trd, 000256.467, 155
Trd, 000257.017, 162.0
Trd, 000257.550, 157
Trd, 000257.667, 158
Trd, 000257.883, 153
Trd, 000259.183, 156
Trd, 000259.967, 156
Trd, 000260.317, 155
Trd, 000260.900, 157
Trd, 000261.500, 167.0
Trd, 000261.533, 165.0
Trd, 000261.650, 168.0
Trd, 000262.067, 172
Trd, 000262.733, 162.0
Trd, 000262.850, 163
Trd, 000263.217, 162.0
Trd, 000263.900, 167
Trd, 000264.033, 166
Trd, 000264.150, 170.0
Trd, 000264.450, 161
Trd, 000265.817, 166
Trd, 000266.267, 165
Trd, 000266.383, 151
Trd, 000266.883, 164
Trd, 000266.900, 166
Trd, 000267.867, 151.0
Trd, 000268.333, 161.0
Trd, 000268.567, 162.0
Trd, 000268.850, 150
Trd, 000269.567, 150
Trd, 000270.233, 149
Trd, 000270.967, 148.0
Trd, 000271.133, 149
Trd, 000271.383, 151
Trd, 000271.867, 148
Trd, 000272.233, 154
Trd, 000272.267, 155.0
Trd, 000272.383, 158
Trd, 000273.767, 152
Trd, 000273.950, 152
Trd, 000274.467, 147
Trd, 000274.500, 151
Trd, 000275.917, 150
Trd, 000276.800, 152
Trd, 000276.867, 149.0
Trd, 000277.367, 149.0
Trd, 000278.250, 150.0
Trd, 000278.883, 152
Trd, 000278.917, 155.0
Trd, 000279.533, 152
Trd, 000280.267, 152
Trd, 000280.450, 151
Trd, 000281.233, 152
Trd, 000281.733, 158
Trd, 000281.767, 162.0
Trd, 000281.967, 151
Trd, 000282.000, 150
Trd, 000282.067, 148.0
Trd, 000283.333, 154
Trd, 000283.700, 156
Trd, 000283.717, 164.0
Trd, 000284.050, 149
Trd, 000284.683, 151
Trd, 000285.283, 155.0
Trd, 000285.950, 152
Trd, 000286.017, 158
Trd, 000286.100, 151
Trd, 000286.617, 155
Trd, 000287.117, 165.0
Trd, 000287.150, 155
Trd, 000287.217, 154
Trd, 000287.650, 158
Trd, 000287.783, 148
Trd, 000288.100, 155.0
Trd, 000288.167, 154
Trd, 000288.400, 148.0
Trd, 000288.767, 158
Trd, 000289.200, 160
Trd, 000289.967, 149
Trd, 000290.150, 161.0
Trd, 000290.533, 148
Trd, 000290.717, 162.0
Trd, 000291.350, 163.0
Trd, 000291.750, 162.0
Trd, 000293.033, 151
Trd, 000294.367, 149
Trd, 000294.617, 161
Trd, 000294.917, 161
Trd, 000295.150, 161
Trd, 000296.550, 153
Trd, 000297.050, 154.0
Trd, 000297.583, 152
Trd, 000297.667, 154.0
Trd, 000298.867, 152
Trd, 000299.317, 155
Trd, 000299.717, 155.0
