Trd, 000001.433, 148.0
Trd, 000001.517, 180
Trd, 000001.633, 135
Trd, 000001.817, 167
Trd, 000002.883, 189.0
Trd, 000003.083, 154
Trd, 000003.683, 157
Trd, 000004.917, 144
Trd, 000005.633, 149.0
Trd, 000006.117, 150.0
Trd, 000006.400, 151.0
Trd, 000006.467, 165.0
Trd, 000006.567, 150
Trd, 000007.550, 170.0
Trd, 000007.867, 147
Trd, 000008.383, 172.0
Trd, 000008.550, 147
Trd, 000009.033, 145.0
Trd, 000009.200, 165
Trd, 000010.167, 154
Trd, 000010.400, 144.0
Trd, 000010.933, 160
Trd, 000012.633, 144
Trd, 000012.817, 152
Trd, 000013.750, 148
Trd, 000014.550, 150
Trd, 000014.667, 150
Trd, 000015.167, 151.0
Trd, 000015.283, 152
Trd, 000015.417, 149
Trd, 000015.983, 153
Trd, 000016.317, 170
Trd, 000017.100, 148
Trd, 000017.250, 148
Trd, 000017.367, 154
Trd, 000018.500, 157
Trd, 000018.683, 149
Trd, 000018.800, 147
Trd, 000018.833, 146
Trd, 000019.350, 155
Trd, 000019.600, 146.0
Trd, 000019.650, 180
Trd, 000019.700, 152
Trd, 000020.233, 159
Trd, 000020.683, 144.0
Trd, 000021.400, 160
Trd, 000022.583, 148.0
Trd, 000023.200, 143
Trd, 000023.900, 147
Trd, 000023.950, 147
Trd, 000024.200, 153
Trd, 000025.100, 152
Trd, 000025.350, 154
Trd, 000025.850, 146
Trd, 000026.133, 145
Trd, 000027.817, 150
Trd, 000028.283, 147.0
Trd, 000028.450, 149
Trd, 000029.050, 149
Trd, 000029.150, 151.0
Trd, 000029.817, 147
Trd, 000029.983, 160
Trd, 000030.083, 146
Trd, 000030.200, 145
Trd, 000030.317, 148.0
Trd, 000030.817, 144.0
Trd, 000032.367, 146
Trd, 000032.683, 161
Trd, 000033.450, 150
Trd, 000033.600, 146
Trd, 000034.267, 147
Trd, 000034.783, 149
Trd, 000035.583, 148
Trd, 000035.767, 148
Trd, 000035.883, 164.0
Trd, 000035.967, 165.0
Trd, 000036.533, 158
Trd, 000036.667, 171
Trd, 000037.817, 153
Trd, 000038.017, 150
Trd, 000039.733, 152
Trd, 000040.500, 154
Trd, 000040.550, 152
Trd, 000040.717, 150
Trd, 000040.833, 160
Trd, 000040.933, 161
Trd, 000041.217, 149
Trd, 000041.267, 144.0
Trd, 000041.767, 140
Trd, 000041.850, 171.0
Trd, 000042.817, 154
Trd, 000043.133, 142
Trd, 000043.583, 149
Trd, 000043.917, 141
Trd, 000044.450, 165.0
Trd, 000045.033, 170
Trd, 000045.333, 154
Trd, 000046.400, 171.0
Trd, 000047.083, 150
Trd, 000047.250, 149
Trd, 000047.517, 140
Trd, 000047.567, 154
Trd, 000048.117, 142
Trd, 000048.467, 160
Trd, 000049.167, 165.0
Trd, 000049.617, 143
Trd, 000050.300, 148.0
Trd, 000050.767, 142
Trd, 000051.550, 157
Trd, 000051.583, 141
Trd, 000051.667, 158
Trd, 000052.567, 139
Trd, 000053.617, 144
Trd, 000054.533, 139
Trd, 000054.883, 142
Trd, 000055.500, 141.0
Trd, 000055.550, 141
Trd, 000056.417, 147
Trd, 000056.933, 151.0
Trd, 000057.650, 146
Trd, 000058.400, 146
Trd, 000058.717, 148.0
Trd, 000060.083, 165.0
Trd, 000060.533, 170.0
Trd, 000060.700, 156
Trd, 000061.767, 160
Trd, 000061.917, 154
Trd, 000062.017, 148.0
Trd, 000062.050, 147
Trd, 000062.650, 154
Trd, 000063.417, 151
Trd, 000063.550, 148
Trd, 000064.183, 144.0
Trd, 000064.417, 152
Trd, 000064.800, 152
Trd, 000065.700, 151.0
Trd, 000066.300, 151
Trd, 000066.350, 148
Trd, 000067.983, 152
Trd, 000068.600, 158
Trd, 000068.850, 165.0
Trd, 000069.067, 150
Trd, 000069.417, 149
Trd, 000069.817, 147
Trd, 000070.517, 145.0
Trd, 000071.067, 159
Trd, 000071.183, 165
Trd, 000071.550, 144.0
Trd, 000072.017, 148.0
Trd, 000072.250, 163
Trd, 000073.067, 154
Trd, 000073.367, 154
Trd, 000073.483, 155
Trd, 000073.833, 169
Trd, 000073.967, 145.0
Trd, 000074.117, 145.0
Trd, 000074.867, 144.0
Trd, 000075.467, 158
Trd, 000077.717, 158
Trd, 000078.050, 153
Trd, 000078.100, 151
Trd, 000078.200, 159
Trd, 000078.583, 150
Trd, 000079.167, 163
Trd, 000079.433, 150
Trd, 000079.967, 149
Trd, 000080.917, 152
Trd, 000081.283, 154
Trd, 000081.433, 154
Trd, 000083.500, 149
Trd, 000083.850, 147.0
Trd, 000084.517, 148.0
Trd, 000084.583, 143
Trd, 000085.400, 147
Trd, 000085.783, 141
Trd, 000086.217, 142
Trd, 000086.667, 141
Trd, 000087.283, 141.0
Trd, 000087.350, 140
Trd, 000087.567, 139
Trd, 000088.433, 141
Trd, 000088.550, 140
Trd, 000088.967, 137.0
Trd, 000089.283, 140
Trd, 000090.183, 140
Trd, 000090.283, 148.0
Trd, 000090.333, 139
Trd, 000090.967, 165.0
Trd, 000093.200, 150
Trd, 000093.217, 151
Trd, 000093.250, 144.0
Trd, 000093.500, 152
Trd, 000093.867, 159
Trd, 000094.433, 148
Trd, 000095.417, 141.0
Trd, 000095.817, 159
Trd, 000096.583, 147
Trd, 000097.217, 158
Trd, 000097.783, 145
Trd, 000097.833, 148
Trd, 000097.850, 160
Trd, 000098.883, 143
Trd, 000099.267, 152
Trd, 000100.717, 144
Trd, 000101.217, 148.0
Trd, 000101.333, 142
Trd, 000102.017, 143
Trd, 000102.267, 141
Trd, 000103.033, 145
Trd, 000103.083, 146
Trd, 000103.567, 151.0
Trd, 000103.933, 135
Trd, 000103.983, 155
Trd, 000106.917, 146.0
Trd, 000107.083, 148.0
Trd, 000107.283, 143
Trd, 000109.033, 143
Trd, 000109.350, 146
Trd, 000110.717, 147.0
Trd, 000110.783, 148.0
Trd, 000111.333, 147
Trd, 000111.533, 146
Trd, 000111.783, 145
Trd, 000111.917, 150.0
Trd, 000112.450, 145
Trd, 000112.850, 148
Trd, 000113.367, 151.0
Trd, 000114.700, 145
Trd, 000114.850, 148.0
Trd, 000115.183, 153
Trd, 000115.217, 150
Trd, 000115.650, 165.0
Trd, 000116.400, 152
Trd, 000117.100, 162
Trd, 000117.500, 151
Trd, 000117.783, 161
Trd, 000118.917, 158
Trd, 000119.050, 155
Trd, 000119.633, 156
Trd, 000120.117, 158
Trd, 000120.233, 154
Trd, 000120.300, 154
Trd, 000120.700, 150
Trd, 000120.883, 175
Trd, 000121.150, 140
Trd, 000122.633, 141
Trd, 000123.633, 157
Trd, 000123.717, 157
Trd, 000123.833, 160
Trd, 000123.983, 157
Trd, 000124.050, 143
Trd, 000124.750, 143
Trd, 000125.000, 143
Trd, 000125.200, 165
Trd, 000126.167, 143
Trd, 000127.600, 146.0
Trd, 000128.117, 146
Trd, 000128.367, 144.0
Trd, 000128.767, 148.0
Trd, 000129.467, 164.0
Trd, 000130.450, 145
Trd, 000131.267, 147
Trd, 000131.333, 165.0
Trd, 000132.100, 147
Trd, 000133.083, 160
Trd, 000133.433, 153
Trd, 000133.567, 152
Trd, 000134.200, 148
Trd, 000134.600, 158
Trd, 000135.267, 157
Trd, 000135.350, 149
Trd, 000135.833, 156
Trd, 000136.150, 156
Trd, 000136.883, 149
Trd, 000138.317, 156
Trd, 000138.600, 154
Trd, 000138.633, 163
Trd, 000139.583, 155
Trd, 000139.767, 156
Trd, 000139.967, 141.0
Trd, 000140.250, 140
Trd, 000140.783, 149
Trd, 000141.150, 162.0
Trd, 000141.900, 148
Trd, 000142.517, 148.0
Trd, 000142.600, 147
Trd, 000142.767, 161.0
Trd, 000142.867, 162.0
Trd, 000144.350, 148.0
Trd, 000145.283, 152
Trd, 000145.417, 148
Trd, 000146.000, 149
Trd, 000146.133, 150
Trd, 000146.300, 151.0
Trd, 000146.317, 148
Trd, 000147.167, 144
Trd, 000147.600, 143
Trd, 000148.067, 140
Trd, 000148.650, 148
Trd, 000149.083, 140.0
Trd, 000149.167, 141.0
Trd, 000149.233, 148.0
Trd, 000150.683, 145
Trd, 000151.100, 151.0
Trd, 000151.650, 159
Trd, 000152.783, 164
Trd, 000153.117, 151
Trd, 000153.650, 167
Trd, 000154.267, 155
Trd, 000154.467, 159
Trd, 000154.817, 158
Trd, 000155.050, 170.0
Trd, 000155.433, 151
Trd, 000156.217, 154
Trd, 000156.433, 150
Trd, 000156.750, 150
Trd, 000157.533, 145.0
Trd, 000157.850, 153
Trd, 000159.017, 144.0
Trd, 000159.500, 148.0
Trd, 000159.917, 146
Trd, 000160.000, 151.0
Trd, 000160.983, 148
Trd, 000161.517, 145
Trd, 000162.183, 146
Trd, 000163.850, 146
Trd, 000164.000, 146
Trd, 000164.483, 144.0
Trd, 000165.317, 148.0
Trd, 000165.517, 151.0
Trd, 000165.683, 144
Trd, 000165.800, 165.0
Trd, 000165.867, 143
Trd, 000166.550, 172.0
Trd, 000166.883, 176
Trd, 000167.850, 153
Trd, 000168.550, 144.0
Trd, 000169.100, 160
Trd, 000169.883, 152
Trd, 000170.033, 151
Trd, 000170.150, 156
Trd, 000170.983, 151
Trd, 000171.983, 153
Trd, 000172.000, 150
Trd, 000172.267, 144.0
Trd, 000173.300, 152
Trd, 000173.467, 153
Trd, 000174.167, 154
Trd, 000174.917, 156
Trd, 000175.500, 149
Trd, 000175.683, 156
Trd, 000175.850, 149
Trd, 000176.167, 167
Trd, 000176.367, 154
Trd, 000176.700, 155
Trd, 000177.383, 154
Trd, 000177.717, 151
Trd, 000178.533, 162
Trd, 000179.733, 151
Trd, 000179.867, 158
Trd, 000180.083, 159
Trd, 000180.550, 159
Trd, 000180.667, 179
Trd, 000180.733, 151
Trd, 000180.783, 149
Trd, 000181.733, 159
Trd, 000182.683, 147
Trd, 000182.717, 158
Trd, 000182.917, 159
Trd, 000183.650, 161
Trd, 000184.417, 144.0
Trd, 000184.667, 148.0
Trd, 000185.450, 137.0
Trd, 000185.867, 151.0
Trd, 000185.883, 138
Trd, 000186.833, 142
Trd, 000187.517, 137.0
Trd, 000187.567, 135
Trd, 000189.550, 141.0
Trd, 000189.600, 151.0
Trd, 000190.017, 165.0
Trd, 000190.367, 140
Trd, 000191.017, 149
Trd, 000191.283, 170.0
Trd, 000191.300, 172.0
Trd, 000191.600, 144
Trd, 000192.467, 143
Trd, 000192.517, 148.0
Trd, 000193.917, 149
Trd, 000194.183, 151
Trd, 000194.300, 152
Trd, 000194.700, 162
Trd, 000194.750, 150
Trd, 000195.383, 155
Trd, 000195.450, 165.0
Trd, 000196.717, 151
Trd, 000197.867, 150
Trd, 000198.950, 151
Trd, 000199.467, 154
Trd, 000199.533, 157
Trd, 000199.550, 169
Trd, 000200.150, 172.0
Trd, 000200.350, 151
Trd, 000201.183, 158
Trd, 000201.700, 158
Trd, 000201.883, 158
Trd, 000202.067, 159
Trd, 000202.400, 150
Trd, 000203.767, 153
Trd, 000203.900, 168.0
Trd, 000204.100, 151
Trd, 000204.617, 144
Trd, 000205.050, 162
Trd, 000205.683, 165.0
Trd, 000206.650, 152
Trd, 000206.983, 145.0
Trd, 000207.683, 153
Trd, 000207.733, 160
Trd, 000207.867, 162
Trd, 000208.700, 160
Trd, 000209.033, 148
Trd, 000209.867, 160
Trd, 000210.967, 158
Trd, 000210.983, 156
Trd, 000211.200, 141
Trd, 000211.383, 157
Trd, 000211.733, 150
Trd, 000212.233, 137.0
Trd, 000212.533, 153
Trd, 000213.200, 145
Trd, 000214.483, 120
Trd, 000214.633, 141.0
Trd, 000214.750, 165.0
Trd, 000216.050, 150
Trd, 000216.617, 142
Trd, 000216.700, 141
Trd, 000217.217, 144
Trd, 000217.667, 148
Trd, 000217.867, 148.0
Trd, 000217.900, 165
Trd, 000218.067, 144
Trd, 000218.933, 149
Trd, 000220.683, 149
Trd, 000221.017, 149
Trd, 000221.850, 150.0
Trd, 000222.000, 147.0
Trd, 000222.200, 165.0
Trd, 000222.333, 154
Trd, 000222.617, 148.0
Trd, 000223.667, 150
Trd, 000224.650, 149
Trd, 000224.750, 148
Trd, 000225.467, 147
Trd, 000226.433, 148.0
Trd, 000226.783, 149.0
Trd, 000226.983, 150
Trd, 000228.317, 148.0
Trd, 000229.783, 160
Trd, 000230.117, 151
Trd, 000230.633, 154
Trd, 000230.800, 153
Trd, 000231.450, 153
Trd, 000231.867, 153
Trd, 000232.167, 157
Trd, 000232.267, 158
Trd, 000233.017, 150
Trd, 000233.383, 141
Trd, 000233.617, 158
Trd, 000234.467, 144
Trd, 000235.100, 148.0
Trd, 000235.400, 143
Trd, 000236.017, 161
Trd, 000236.117, 144
Trd, 000236.583, 153
Trd, 000237.300, 149
Trd, 000238.217, 152
Trd, 000238.667, 149
Trd, 000239.633, 147
Trd, 000239.683, 152
Trd, 000240.050, 147
Trd, 000240.600, 146
Trd, 000240.883, 146
Trd, 000240.967, 148
Trd, 000241.033, 148.0
Trd, 000241.167, 148
Trd, 000241.267, 147
Trd, 000241.300, 147
Trd, 000242.317, 148.0
Trd, 000242.650, 145
Trd, 000242.783, 148
Trd, 000243.350, 151.0
Trd, 000244.383, 147
Trd, 000244.750, 149
Trd, 000244.917, 160.0
Trd, 000245.200, 146.0
Trd, 000245.383, 147.0
Trd, 000245.467, 148.0
Trd, 000245.800, 144
Trd, 000247.000, 145.0
Trd, 000247.450, 148
Trd, 000248.200, 148
Trd, 000248.467, 147
Trd, 000248.583, 148
Trd, 000248.717, 144.0
Trd, 000249.450, 144
Trd, 000250.350, 151
Trd, 000250.750, 150
Trd, 000251.017, 149
Trd, 000251.200, 152
Trd, 000251.250, 155
Trd, 000251.283, 148
Trd, 000251.650, 160
Trd, 000252.350, 158
Trd, 000252.783, 158
Trd, 000253.183, 152
Trd, 000254.183, 154
Trd, 000254.250, 153
Trd, 000254.683, 149
Trd, 000255.183, 146
Trd, 000255.217, 144.0
Trd, 000255.317, 147.0
Trd, 000255.433, 148.0
Trd, 000256.267, 146
Trd, 000256.300, 149
Trd, 000257.050, 146
Trd, 000257.200, 145
Trd, 000257.233, 143
Trd, 000257.600, 149
Trd, 000257.917, 151.0
Trd, 000258.717, 148
Trd, 000258.833, 144
Trd, 000260.033, 146
Trd, 000260.133, 143
Trd, 000260.433, 148
Trd, 000260.850, 149
Trd, 000261.150, 161.0
Trd, 000261.400, 161
Trd, 000261.767, 163.0
Trd, 000261.967, 146
Trd, 000262.267, 144
Trd, 000262.517, 143
Trd, 000262.750, 150
Trd, 000262.833, 140
Trd, 000263.650, 148
Trd, 000263.867, 145
Trd, 000264.100, 148.0
Trd, 000264.267, 148.0
Trd, 000264.850, 145.0
Trd, 000264.883, 148
Trd, 000265.233, 148.0
Trd, 000265.700, 149
Trd, 000267.583, 161
Trd, 000267.817, 171
Trd, 000267.967, 170.0
Trd, 000268.233, 161
Trd, 000268.617, 160
Trd, 000268.683, 155.0
Trd, 000268.817, 144.0
Trd, 000269.633, 152
Trd, 000270.217, 147
Trd, 000270.383, 155
Trd, 000270.617, 146
Trd, 000271.000, 155
Trd, 000272.083, 153
Trd, 000272.150, 152
Trd, 000272.333, 165.0
Trd, 000272.433, 172.0
Trd, 000272.583, 149
Trd, 000272.767, 148
Trd, 000273.467, 141.0
Trd, 000274.350, 144.0
Trd, 000274.450, 148.0
Trd, 000274.550, 165.0
Trd, 000274.633, 143
Trd, 000275.033, 149
Trd, 000275.333, 159
Trd, 000276.083, 153
Trd, 000276.167, 152
Trd, 000277.217, 153
Trd, 000277.267, 155
Trd, 000277.333, 155
Trd, 000277.933, 161
Trd, 000279.267, 156
Trd, 000279.350, 155
Trd, 000280.000, 155.0
Trd, 000280.167, 157
Trd, 000280.517, 148
Trd, 000280.583, 158
Trd, 000280.683, 148.0
Trd, 000280.883, 165.0
Trd, 000281.100, 165
Trd, 000281.783, 145.0
Trd, 000282.417, 144.0
Trd, 000282.550, 150
Trd, 000282.933, 155
Trd, 000283.200, 151
Trd, 000283.483, 155
Trd, 000283.533, 150
Trd, 000283.567, 156
Trd, 000283.850, 157
Trd, 000283.983, 149
Trd, 000284.183, 172.0
Trd, 000285.067, 162
Trd, 000286.267, 155
Trd, 000286.367, 154
Trd, 000286.550, 150
Trd, 000287.100, 157
Trd, 000287.650, 148
Trd, 000288.250, 150
Trd, 000288.450, 160
Trd, 000288.883, 165.0
Trd, 000288.900, 146
Trd, 000289.367, 145.0
Trd, 000289.583, 149
Trd, 000289.833, 145.0
Trd, 000290.000, 144.0
Trd, 000290.667, 144
Trd, 000290.683, 157
Trd, 000290.800, 169
Trd, 000290.850, 170.0
Trd, 000291.350, 140
Trd, 000292.483, 142.0
Trd, 000293.267, 143.0
Trd, 000293.433, 140
Trd, 000293.633, 141.0
Trd, 000293.700, 144.0
Trd, 000294.250, 122
Trd, 000294.600, 146.0
Trd, 000294.900, 130
Trd, 000295.167, 151.0
Trd, 000295.267, 146
Trd, 000295.633, 138
Trd, 000295.917, 148.0
Trd, 000297.300, 145
Trd, 000297.550, 171
Trd, 000297.633, 140
Trd, 000297.800, 172.0
Trd, 000298.067, 176
Trd, 000298.817, 139
Trd, 000298.850, 155
Trd, 000298.917, 165.0
