Trd, 000001.750, 180
Trd, 000002.183, 134.0
Trd, 000002.917, 110.0
Trd, 000003.317, 133.0
Trd, 000003.550, 128
Trd, 000004.000, 134.0
Trd, 000004.250, 144
Trd, 000005.067, 143
Trd, 000005.917, 155
Trd, 000005.983, 159
Trd, 000006.633, 161.0
Trd, 000007.417, 138
Trd, 000008.017, 151.0
Trd, 000008.300, 146
Trd, 000008.567, 154
Trd, 000008.750, 157
Trd, 000009.650, 152
Trd, 000010.283, 145
Trd, 000011.233, 150
Trd, 000011.883, 143
Trd, 000011.933, 150
Trd, 000012.617, 142
Trd, 000012.700, 152
Trd, 000012.767, 143
Trd, 000013.367, 152
Trd, 000013.633, 165.0
Trd, 000015.017, 155
Trd, 000015.800, 149
Trd, 000016.417, 148
Trd, 000018.150, 147
Trd, 000018.517, 146
Trd, 000018.650, 149
Trd, 000018.967, 150
Trd, 000019.350, 146
Trd, 000019.467, 151
Trd, 000019.533, 146
Trd, 000019.800, 151
Trd, 000020.900, 152
Trd, 000020.983, 151.0
Trd, 000021.683, 148
Trd, 000022.100, 150
Trd, 000022.650, 152
Trd, 000023.417, 151.0
Trd, 000023.900, 147
Trd, 000024.083, 146
Trd, 000025.233, 146
Trd, 000025.800, 146
Trd, 000025.883, 148
Trd, 000026.183, 150
Trd, 000026.317, 151
Trd, 000027.267, 161.0
Trd, 000027.567, 156
Trd, 000028.117, 155
Trd, 000028.183, 146
Trd, 000028.367, 158
Trd, 000028.933, 152
Trd, 000030.067, 153
Trd, 000030.450, 154
Trd, 000031.100, 152
Trd, 000032.183, 150
Trd, 000032.383, 152
Trd, 000033.683, 147
Trd, 000034.600, 147
Trd, 000034.683, 148
Trd, 000034.750, 152
Trd, 000034.833, 153
Trd, 000035.083, 149
Trd, 000035.867, 153
Trd, 000036.117, 152
Trd, 000036.633, 152
Trd, 000036.700, 151.0
Trd, 000037.000, 153
Trd, 000037.033, 165.0
Trd, 000038.117, 156
Trd, 000040.183, 155
Trd, 000040.500, 154
Trd, 000041.750, 156
Trd, 000041.917, 154
Trd, 000043.200, 154
Trd, 000044.233, 155
Trd, 000044.267, 155
Trd, 000044.433, 153
Trd, 000044.550, 153
Trd, 000044.633, 155
Trd, 000044.667, 156
Trd, 000045.400, 152
Trd, 000045.750, 152.0
Trd, 000045.867, 160.0
Trd, 000046.283, 151.0
Trd, 000047.133, 154
Trd, 000047.833, 152
Trd, 000048.350, 152
Trd, 000048.367, 151
Trd, 000048.833, 150
Trd, 000048.950, 151
Trd, 000049.433, 150
Trd, 000049.567, 148
Trd, 000051.033, 150
Trd, 000051.600, 150
Trd, 000052.633, 150
Trd, 000052.933, 152
Trd, 000053.500, 151
Trd, 000053.567, 149
Trd, 000054.017, 148
Trd, 000054.250, 149
Trd, 000054.383, 150
Trd, 000055.000, 148
Trd, 000055.333, 150
Trd, 000055.850, 152
Trd, 000056.017, 148
Trd, 000057.050, 162.0
Trd, 000058.267, 152
Trd, 000059.117, 151.0
Trd, 000059.350, 149
Trd, 000059.817, 158
Trd, 000060.650, 155
Trd, 000060.683, 151
Trd, 000060.933, 152
Trd, 000061.900, 156
Trd, 000062.067, 151
Trd, 000062.100, 150
Trd, 000062.450, 150
Trd, 000063.333, 149
Trd, 000063.367, 155
Trd, 000064.317, 154
Trd, 000064.417, 147
Trd, 000064.750, 155
Trd, 000065.100, 152
Trd, 000065.833, 153
Trd, 000067.267, 151.0
Trd, 000067.383, 149
Trd, 000068.333, 135.0
Trd, 000068.617, 152
Trd, 000068.767, 151.0
Trd, 000069.617, 148
Trd, 000070.000, 147
Trd, 000070.233, 151
Trd, 000070.683, 148
Trd, 000071.067, 147
Trd, 000072.883, 156
Trd, 000073.800, 155
Trd, 000074.117, 156.0
Trd, 000074.567, 158
Trd, 000075.317, 158
Trd, 000075.633, 160.0
Trd, 000075.683, 162.0
Trd, 000075.833, 155
Trd, 000076.167, 155
Trd, 000076.283, 165.0
Trd, 000076.383, 154
Trd, 000078.300, 154
Trd, 000078.400, 154
Trd, 000078.433, 153
Trd, 000078.883, 161
Trd, 000079.783, 151.0
Trd, 000079.817, 161
Trd, 000080.983, 154
Trd, 000081.017, 155
Trd, 000081.033, 157
Trd, 000081.583, 153
Trd, 000081.650, 147
Trd, 000082.233, 149
Trd, 000083.533, 153
Trd, 000083.633, 156
Trd, 000083.983, 162.0
Trd, 000084.333, 152
Trd, 000085.750, 154
Trd, 000087.217, 152
Trd, 000087.250, 151
Trd, 000087.467, 152
Trd, 000087.500, 153
Trd, 000088.417, 151.0
Trd, 000088.450, 150
Trd, 000088.650, 152
Trd, 000089.183, 152
Trd, 000090.050, 150
Trd, 000090.300, 149
Trd, 000090.850, 146
Trd, 000091.150, 137.0
Trd, 000091.183, 134.0
Trd, 000091.233, 150
Trd, 000091.800, 147
Trd, 000091.833, 148
Trd, 000093.983, 144
Trd, 000094.317, 144
Trd, 000094.867, 148
Trd, 000095.100, 146
Trd, 000096.000, 146
Trd, 000096.083, 152
Trd, 000096.133, 162.0
Trd, 000096.150, 145
Trd, 000096.533, 165.0
Trd, 000096.933, 172
Trd, 000097.017, 152
Trd, 000098.083, 157
Trd, 000099.067, 158
Trd, 000099.133, 159
Trd, 000100.717, 156
Trd, 000101.283, 157
Trd, 000101.783, 156
Trd, 000102.383, 154
Trd, 000102.433, 157
Trd, 000102.733, 151
Trd, 000103.517, 154
Trd, 000103.850, 153.0
Trd, 000104.733, 153
Trd, 000104.967, 152
Trd, 000105.333, 153
Trd, 000105.367, 153
Trd, 000105.950, 151.0
Trd, 000107.017, 152
Trd, 000107.367, 150
Trd, 000107.500, 150
Trd, 000108.183, 151
Trd, 000109.417, 149
Trd, 000109.933, 151
Trd, 000110.183, 149
Trd, 000110.333, 151
Trd, 000111.117, 150
Trd, 000111.300, 152
Trd, 000111.517, 149
Trd, 000112.133, 148
Trd, 000112.400, 153
Trd, 000112.883, 138
Trd, 000113.017, 154
Trd, 000113.183, 162.0
Trd, 000113.533, 148
Trd, 000114.067, 165
Trd, 000115.150, 152
Trd, 000115.400, 151.0
Trd, 000116.500, 151
Trd, 000116.550, 153
Trd, 000116.767, 154
Trd, 000117.200, 150
Trd, 000117.983, 151
Trd, 000118.700, 150
Trd, 000119.100, 151
Trd, 000119.467, 152
Trd, 000119.850, 155
Trd, 000120.867, 155.0
Trd, 000121.767, 156
Trd, 000121.867, 157
Trd, 000121.933, 162.0
Trd, 000122.050, 164
Trd, 000122.917, 153
Trd, 000123.817, 152
Trd, 000124.150, 158
Trd, 000124.433, 153
Trd, 000124.717, 153
Trd, 000125.983, 152
Trd, 000126.000, 154
Trd, 000126.333, 151.0
Trd, 000127.333, 152
Trd, 000127.533, 154
Trd, 000127.833, 150
Trd, 000128.517, 154
Trd, 000129.117, 149
Trd, 000130.883, 148
Trd, 000130.950, 149
Trd, 000131.017, 149
Trd, 000132.000, 148
Trd, 000132.567, 148
Trd, 000132.667, 148
Trd, 000134.033, 147
Trd, 000134.400, 149
Trd, 000135.217, 151
Trd, 000135.350, 151
Trd, 000135.467, 162.0
Trd, 000135.683, 148
Trd, 000135.883, 151.0
Trd, 000136.800, 172.0
Trd, 000136.850, 166
Trd, 000138.450, 160
Trd, 000138.683, 162.0
Trd, 000139.050, 158
Trd, 000140.250, 158
Trd, 000140.917, 157
Trd, 000141.500, 158
Trd, 000141.750, 156
Trd, 000141.867, 159
Trd, 000141.900, 156
Trd, 000143.717, 157
Trd, 000144.867, 157
Trd, 000145.283, 155
Trd, 000145.500, 157
Trd, 000145.800, 155
Trd, 000146.400, 154
Trd, 000146.650, 154
Trd, 000146.833, 155
Trd, 000146.933, 154
Trd, 000146.967, 151.0
Trd, 000147.100, 156
Trd, 000147.383, 147
Trd, 000147.900, 142
Trd, 000148.967, 148
Trd, 000149.917, 164.0
Trd, 000149.950, 150
Trd, 000149.983, 149
Trd, 000150.483, 147
Trd, 000151.000, 174
Trd, 000151.683, 165
Trd, 000152.583, 154
Trd, 000153.067, 163
Trd, 000153.750, 161
Trd, 000154.817, 155
Trd, 000154.883, 154
Trd, 000155.250, 153
Trd, 000155.650, 153
Trd, 000155.967, 153
Trd, 000156.267, 154
Trd, 000156.417, 152
Trd, 000157.417, 154
Trd, 000157.650, 153
Trd, 000158.767, 151.0
Trd, 000158.817, 152
Trd, 000159.217, 154
Trd, 000159.900, 151
Trd, 000160.750, 151
Trd, 000161.267, 152
Trd, 000161.367, 151
Trd, 000161.983, 155
Trd, 000162.733, 151
Trd, 000163.317, 156
Trd, 000163.383, 151.0
Trd, 000163.583, 152
Trd, 000163.767, 155
Trd, 000163.900, 153
Trd, 000165.533, 154
Trd, 000166.500, 154
Trd, 000166.617, 153
Trd, 000167.317, 152
Trd, 000167.667, 153
Trd, 000168.700, 155
Trd, 000169.000, 151
Trd, 000169.950, 153
Trd, 000170.933, 152
Trd, 000171.683, 151.0
Trd, 000171.817, 150
Trd, 000172.067, 153
Trd, 000172.233, 151
Trd, 000173.767, 151
Trd, 000174.017, 149
Trd, 000174.333, 149
Trd, 000174.383, 148
Trd, 000174.417, 147
Trd, 000174.867, 148
Trd, 000175.167, 146
Trd, 000175.583, 149
Trd, 000175.883, 147
Trd, 000176.183, 144
Trd, 000176.450, 146
Trd, 000176.517, 153
Trd, 000176.783, 144
Trd, 000177.067, 162.0
Trd, 000177.133, 160
Trd, 000177.683, 135
Trd, 000179.317, 154
Trd, 000180.650, 150
Trd, 000181.217, 150
Trd, 000181.467, 151.0
Trd, 000182.483, 155
Trd, 000183.300, 165.0
Trd, 000183.333, 153
Trd, 000183.500, 151
Trd, 000183.967, 157
Trd, 000185.817, 152
Trd, 000186.250, 154
Trd, 000186.483, 152
Trd, 000186.583, 152
Trd, 000187.200, 153
Trd, 000187.817, 154
Trd, 000188.633, 154
Trd, 000188.733, 155
Trd, 000188.767, 150
Trd, 000188.850, 162.0
Trd, 000190.267, 151.0
Trd, 000190.783, 156
Trd, 000190.967, 154
Trd, 000191.017, 152
Trd, 000191.183, 156
Trd, 000191.767, 153
Trd, 000192.133, 151
Trd, 000192.900, 154
Trd, 000193.383, 151.0
Trd, 000193.717, 153
Trd, 000194.500, 155
Trd, 000194.833, 152
Trd, 000195.000, 155
Trd, 000195.400, 150
Trd, 000196.150, 151
Trd, 000197.350, 154
Trd, 000198.100, 150
Trd, 000198.233, 150
Trd, 000198.617, 151
Trd, 000199.017, 155
Trd, 000199.683, 150
Trd, 000199.767, 154
Trd, 000199.817, 162.0
Trd, 000200.550, 151.0
Trd, 000201.050, 157
Trd, 000202.317, 156
Trd, 000202.500, 151
Trd, 000202.967, 151
Trd, 000203.150, 151
Trd, 000203.250, 156
Trd, 000204.233, 154
Trd, 000204.767, 149
Trd, 000205.783, 153
Trd, 000206.833, 152
Trd, 000207.500, 152
Trd, 000207.550, 151.0
Trd, 000207.650, 155
Trd, 000207.667, 149
Trd, 000208.283, 154
Trd, 000208.883, 149
Trd, 000209.100, 149
Trd, 000209.750, 161.0
Trd, 000209.983, 165.0
Trd, 000210.850, 159
Trd, 000211.367, 156
Trd, 000211.567, 153
Trd, 000211.817, 157
Trd, 000211.883, 152.0
Trd, 000212.017, 152
Trd, 000212.167, 156
Trd, 000212.933, 179
Trd, 000213.867, 151.0
Trd, 000215.800, 151
Trd, 000215.833, 149
Trd, 000215.933, 150
Trd, 000216.200, 149
Trd, 000216.267, 151
Trd, 000216.600, 149
Trd, 000217.933, 150
Trd, 000218.233, 161.0
Trd, 000218.417, 149
Trd, 000218.950, 151.0
Trd, 000219.883, 151
Trd, 000221.100, 153
Trd, 000221.517, 154
Trd, 000221.617, 154
Trd, 000221.733, 152
Trd, 000222.150, 154
Trd, 000222.317, 155
Trd, 000222.350, 151
Trd, 000222.600, 172.0
Trd, 000224.600, 160
Trd, 000224.983, 161
Trd, 000225.667, 166
Trd, 000226.117, 159
Trd, 000227.233, 158
Trd, 000227.433, 158
Trd, 000227.483, 159
Trd, 000227.650, 160
Trd, 000227.717, 157
Trd, 000227.933, 151.0
Trd, 000228.417, 147
Trd, 000228.750, 159
Trd, 000229.083, 158
Trd, 000230.000, 150
Trd, 000230.483, 151.0
Trd, 000231.650, 155
Trd, 000231.817, 156
Trd, 000232.783, 154
Trd, 000232.900, 153
Trd, 000233.983, 152
Trd, 000235.133, 152
Trd, 000235.867, 151
Trd, 000236.317, 152
Trd, 000236.350, 151.0
Trd, 000236.950, 151
Trd, 000237.150, 152
Trd, 000237.933, 151
Trd, 000238.017, 152
Trd, 000238.667, 151
Trd, 000238.717, 149
Trd, 000239.833, 149
Trd, 000239.900, 149
Trd, 000240.283, 150
Trd, 000240.833, 149
Trd, 000241.183, 151.0
Trd, 000241.217, 141.0
Trd, 000241.567, 150
Trd, 000241.867, 149
Trd, 000242.133, 149
Trd, 000242.533, 150
Trd, 000242.550, 151
Trd, 000242.600, 162.0
Trd, 000242.817, 165.0
Trd, 000245.033, 154
Trd, 000245.467, 154
Trd, 000245.783, 156
Trd, 000246.050, 153
Trd, 000246.283, 152
Trd, 000246.700, 151
Trd, 000247.317, 158.0
Trd, 000247.500, 146
Trd, 000248.233, 156
Trd, 000249.383, 151
Trd, 000249.750, 155
Trd, 000250.350, 152.0
Trd, 000250.500, 155
Trd, 000251.450, 153
Trd, 000251.800, 154
Trd, 000252.050, 152.0
Trd, 000252.150, 154
Trd, 000252.533, 154
Trd, 000252.917, 151.0
Trd, 000253.183, 150
Trd, 000253.200, 150
Trd, 000253.300, 147
Trd, 000253.767, 153
Trd, 000254.183, 152
Trd, 000255.700, 149
Trd, 000255.967, 148
Trd, 000256.100, 152
Trd, 000256.617, 152.0
Trd, 000256.717, 152.0
Trd, 000256.750, 153
Trd, 000257.800, 148
Trd, 000258.050, 152
Trd, 000258.117, 162.0
Trd, 000259.083, 151.0
Trd, 000259.767, 149
Trd, 000259.783, 150
Trd, 000259.950, 148
Trd, 000261.067, 147
Trd, 000261.083, 146
Trd, 000261.217, 149
Trd, 000261.300, 146
Trd, 000261.450, 145
Trd, 000261.633, 143
Trd, 000262.067, 141.0
Trd, 000262.383, 148
Trd, 000262.417, 150
Trd, 000264.317, 146
Trd, 000264.367, 148
Trd, 000264.667, 143
Trd, 000264.950, 143
Trd, 000266.017, 145.0
Trd, 000266.583, 147
Trd, 000266.833, 143
Trd, 000266.883, 143
Trd, 000267.300, 141
Trd, 000267.517, 144.0
Trd, 000267.667, 144
Trd, 000268.067, 148.0
Trd, 000268.583, 144.0
Trd, 000268.750, 145
Trd, 000268.933, 143
Trd, 000269.567, 148
Trd, 000270.217, 143
Trd, 000270.833, 151
Trd, 000270.917, 144
Trd, 000271.750, 146
Trd, 000272.333, 144
Trd, 000272.767, 151
Trd, 000273.000, 145
Trd, 000273.150, 150
Trd, 000273.467, 158.0
Trd, 000274.117, 147
Trd, 000274.167, 146
Trd, 000275.600, 145
Trd, 000275.883, 145
Trd, 000276.183, 151
Trd, 000276.867, 149
Trd, 000276.933, 150
Trd, 000277.367, 145
Trd, 000277.417, 145
Trd, 000277.550, 151
Trd, 000277.683, 152
Trd, 000278.000, 161.0
Trd, 000278.367, 147
Trd, 000279.167, 147
Trd, 000279.633, 156
Trd, 000279.733, 161.0
Trd, 000280.183, 146
Trd, 000280.767, 146
Trd, 000281.100, 146
Trd, 000281.133, 150
Trd, 000282.400, 153.0
Trd, 000282.617, 146
Trd, 000284.017, 152
Trd, 000284.450, 151.0
Trd, 000284.600, 146
Trd, 000285.067, 146
Trd, 000285.817, 149
Trd, 000286.150, 153
Trd, 000286.167, 146
Trd, 000286.533, 147
Trd, 000286.983, 149.0
Trd, 000287.400, 152
Trd, 000287.750, 161.0
Trd, 000288.133, 148
Trd, 000288.283, 146
Trd, 000288.450, 142.0
Trd, 000289.300, 142
Trd, 000289.517, 135.0
Trd, 000289.550, 143
Trd, 000289.583, 145
Trd, 000290.033, 165.0
Trd, 000290.500, 155.0
Trd, 000291.117, 155
Trd, 000291.533, 154
Trd, 000291.867, 156
Trd, 000292.417, 153
Trd, 000292.617, 151.0
Trd, 000293.383, 151
Trd, 000294.117, 150
Trd, 000294.467, 144.0
Trd, 000294.567, 151
Trd, 000294.633, 164
Trd, 000294.783, 141.0
Trd, 000294.867, 137.0
Trd, 000294.933, 157
Trd, 000295.933, 155.0
Trd, 000296.100, 146
Trd, 000296.667, 155
Trd, 000296.817, 157
Trd, 000297.550, 145.0
Trd, 000298.133, 145
Trd, 000298.400, 144
Trd, 000299.100, 143
Trd, 000299.467, 145
Trd, 000299.950, 144
