Trd, 000001.200, 120.0
Trd, 000001.500, 165.0
Trd, 000002.100, 137
Trd, 000002.633, 154.0
Trd, 000003.217, 155.0
Trd, 000004.183, 156
Trd, 000004.700, 152
Trd, 000005.750, 153
Trd, 000006.500, 149
Trd, 000006.867, 150
Trd, 000007.433, 164.0
Trd, 000007.800, 152
Trd, 000007.967, 151
Trd, 000009.183, 140
Trd, 000009.650, 139
Trd, 000009.800, 140
Trd, 000010.350, 144
Trd, 000010.667, 125
Trd, 000012.417, 150
Trd, 000013.117, 149
Trd, 000013.350, 148
Trd, 000013.467, 150
Trd, 000014.333, 148.0
Trd, 000014.683, 147
Trd, 000015.017, 149
Trd, 000015.600, 149
Trd, 000015.900, 148
Trd, 000015.983, 148
Trd, 000016.100, 149
Trd, 000016.200, 147
Trd, 000016.450, 151.0
Trd, 000018.467, 149
Trd, 000019.950, 149
Trd, 000019.983, 148
Trd, 000020.283, 151
Trd, 000020.900, 147
Trd, 000021.600, 145
Trd, 000022.067, 149.0
Trd, 000022.933, 146
Trd, 000023.050, 149
Trd, 000023.617, 151.0
Trd, 000024.383, 154.0
Trd, 000025.000, 151
Trd, 000025.100, 153.0
Trd, 000025.683, 155.0
Trd, 000026.233, 153
Trd, 000026.433, 153
Trd, 000026.617, 151
Trd, 000027.117, 151
Trd, 000028.133, 150
Trd, 000028.167, 153
Trd, 000029.233, 152
Trd, 000029.250, 154
Trd, 000030.600, 151
Trd, 000030.933, 155.0
Trd, 000031.317, 151
Trd, 000032.133, 155.0
Trd, 000032.183, 152
Trd, 000034.350, 155.0
Trd, 000034.833, 156
Trd, 000035.017, 155
Trd, 000035.733, 154
Trd, 000036.100, 150
Trd, 000036.350, 131.0
Trd, 000036.400, 132
Trd, 000036.733, 135
Trd, 000037.283, 133
Trd, 000038.217, 131
Trd, 000038.283, 129
Trd, 000038.400, 133
Trd, 000040.050, 134.0
Trd, 000041.383, 132
Trd, 000041.633, 131
Trd, 000042.017, 132.0
Trd, 000043.067, 133.0
Trd, 000043.300, 137.0
Trd, 000044.183, 137
Trd, 000044.750, 138
Trd, 000044.767, 137
Trd, 000046.067, 150.0
Trd, 000046.150, 139
Trd, 000047.550, 143
Trd, 000047.717, 146
Trd, 000049.100, 145
Trd, 000050.350, 146
Trd, 000050.483, 145
Trd, 000050.683, 145
Trd, 000050.700, 146
Trd, 000051.033, 148.0
Trd, 000052.733, 147
Trd, 000052.750, 147
Trd, 000053.533, 144
Trd, 000053.933, 144
Trd, 000054.367, 145
Trd, 000054.583, 147.0
Trd, 000055.167, 146
Trd, 000055.383, 149.0
Trd, 000055.667, 151.0
Trd, 000057.167, 150.0
Trd, 000057.983, 149
Trd, 000058.050, 150.0
Trd, 000058.867, 149
Trd, 000059.017, 149
Trd, 000059.200, 149
Trd, 000059.700, 151.0
Trd, 000061.617, 148
Trd, 000062.683, 148
Trd, 000063.217, 148
Trd, 000063.317, 149
Trd, 000064.583, 150.0
Trd, 000064.983, 147
Trd, 000065.467, 148
Trd, 000066.117, 150
Trd, 000066.250, 151.0
Trd, 000067.017, 135
Trd, 000067.867, 143
Trd, 000068.550, 142
Trd, 000068.917, 144
Trd, 000069.200, 148.0
Trd, 000070.550, 148.0
Trd, 000071.017, 148
Trd, 000071.783, 149
Trd, 000071.817, 151.0
Trd, 000072.733, 151
Trd, 000073.183, 150
Trd, 000073.667, 151.0
Trd, 000073.817, 150
Trd, 000074.050, 149
Trd, 000076.317, 147
Trd, 000077.083, 148
Trd, 000078.133, 143
Trd, 000079.383, 145
Trd, 000080.533, 145
Trd, 000080.983, 144
Trd, 000081.217, 144
Trd, 000082.200, 147
Trd, 000082.750, 147.0
Trd, 000083.267, 149
Trd, 000083.317, 146
Trd, 000083.750, 143
Trd, 000085.350, 148.0
Trd, 000085.833, 146
Trd, 000085.917, 145
Trd, 000086.783, 149.0
Trd, 000087.133, 148
Trd, 000087.833, 143
Trd, 000088.600, 145
Trd, 000089.067, 145
Trd, 000089.383, 144
Trd, 000090.383, 145
Trd, 000090.467, 143
Trd, 000090.917, 142
Trd, 000091.767, 123
Trd, 000092.267, 137
Trd, 000093.150, 138
Trd, 000093.950, 139
Trd, 000094.900, 137
Trd, 000095.117, 137
Trd, 000096.017, 138
Trd, 000096.717, 137
Trd, 000096.767, 136
Trd, 000097.950, 148.0
Trd, 000097.983, 151.0
Trd, 000098.033, 140
Trd, 000100.467, 142
Trd, 000101.550, 138
Trd, 000102.200, 138
Trd, 000102.950, 135
Trd, 000103.867, 134
Trd, 000104.283, 136
Trd, 000104.367, 139
Trd, 000105.450, 135
Trd, 000106.200, 138
Trd, 000106.367, 135
Trd, 000107.000, 139
Trd, 000107.750, 136
Trd, 000108.383, 136
Trd, 000109.500, 136
Trd, 000109.717, 135
Trd, 000110.317, 136
Trd, 000110.833, 134
Trd, 000112.933, 131.0
Trd, 000114.133, 135
Trd, 000114.633, 135
Trd, 000114.883, 134
Trd, 000115.933, 135
Trd, 000116.100, 136.0
Trd, 000117.550, 131.0
Trd, 000117.750, 137.0
Trd, 000118.117, 137
Trd, 000119.500, 139
Trd, 000119.800, 148.0
Trd, 000121.150, 145
Trd, 000121.567, 147
Trd, 000122.000, 148.0
Trd, 000122.567, 148.0
Trd, 000122.717, 147
Trd, 000123.233, 147
Trd, 000124.050, 148
Trd, 000124.850, 147
Trd, 000125.050, 146
Trd, 000125.550, 146
Trd, 000126.267, 147
Trd, 000127.733, 145
Trd, 000128.617, 147
Trd, 000129.233, 145
Trd, 000129.817, 145
Trd, 000130.017, 148
Trd, 000130.100, 155.0
Trd, 000130.617, 151.0
Trd, 000131.650, 155.0
Trd, 000131.817, 148
Trd, 000132.533, 148
Trd, 000133.417, 149.0
Trd, 000133.900, 147
Trd, 000134.300, 147.0
Trd, 000134.833, 150
Trd, 000134.967, 147
Trd, 000136.100, 146
Trd, 000136.233, 145
Trd, 000137.950, 147
Trd, 000138.000, 147
Trd, 000138.833, 145
Trd, 000139.617, 145
Trd, 000139.917, 153.0
Trd, 000140.233, 152.0
Trd, 000141.417, 148.0
Trd, 000141.850, 147
Trd, 000142.267, 146
Trd, 000142.950, 149
Trd, 000143.467, 149
Trd, 000143.683, 148.0
Trd, 000144.467, 145
Trd, 000144.733, 150.0
Trd, 000146.900, 150.0
Trd, 000147.000, 151.0
Trd, 000147.567, 154
Trd, 000147.967, 149
Trd, 000148.767, 152
Trd, 000149.983, 152.0
Trd, 000150.017, 150
Trd, 000150.333, 149
Trd, 000151.417, 136
Trd, 000152.167, 136
Trd, 000152.583, 136.0
Trd, 000152.750, 137
Trd, 000154.700, 148
Trd, 000154.850, 145
Trd, 000156.550, 147
Trd, 000157.383, 146
Trd, 000157.500, 145
Trd, 000157.550, 147.0
Trd, 000157.700, 146
Trd, 000159.233, 147.0
Trd, 000159.550, 147
Trd, 000160.217, 123
Trd, 000160.583, 147.0
Trd, 000160.833, 148.0
Trd, 000162.333, 147
Trd, 000162.983, 148
Trd, 000163.150, 147
Trd, 000163.433, 147
Trd, 000163.517, 145
Trd, 000163.700, 148
Trd, 000163.767, 145
Trd, 000166.867, 147
Trd, 000167.467, 146.0
Trd, 000168.550, 149.0
Trd, 000168.867, 149
Trd, 000169.433, 144
Trd, 000169.667, 143
Trd, 000170.117, 151.0
Trd, 000171.950, 152.0
Trd, 000172.383, 144
Trd, 000172.717, 150.0
Trd, 000174.550, 146
Trd, 000175.150, 145
Trd, 000175.650, 146
Trd, 000175.783, 145
Trd, 000175.983, 144
Trd, 000177.350, 143
Trd, 000177.433, 144
Trd, 000177.967, 144
Trd, 000178.767, 143
Trd, 000178.833, 144
Trd, 000179.867, 145
Trd, 000180.350, 143
Trd, 000180.750, 142
Trd, 000181.283, 142
Trd, 000181.850, 147.0
Trd, 000182.533, 123
Trd, 000184.833, 140
Trd, 000185.417, 138
Trd, 000186.067, 139
Trd, 000186.100, 140
Trd, 000187.967, 138
Trd, 000188.983, 138
Trd, 000189.350, 137
Trd, 000190.050, 140
Trd, 000190.450, 141
Trd, 000190.550, 142
Trd, 000191.517, 139
Trd, 000191.650, 148.0
Trd, 000192.600, 150.0
Trd, 000194.150, 143
Trd, 000194.883, 143
Trd, 000195.950, 148
Trd, 000196.033, 147
Trd, 000196.050, 148.0
Trd, 000196.700, 148
Trd, 000196.900, 147
Trd, 000197.100, 149
Trd, 000197.967, 148
Trd, 000198.267, 151.0
Trd, 000198.800, 147
Trd, 000200.017, 147
Trd, 000200.417, 147
Trd, 000200.950, 147
Trd, 000201.867, 148
Trd, 000202.567, 147.0
Trd, 000202.983, 148.0
Trd, 000203.883, 149
Trd, 000204.233, 146
Trd, 000206.033, 149
Trd, 000206.517, 150
Trd, 000206.933, 150.0
Trd, 000206.967, 151.0
Trd, 000207.433, 147
Trd, 000208.850, 150
Trd, 000208.950, 148
Trd, 000210.000, 151.0
Trd, 000210.917, 148
Trd, 000211.783, 148
Trd, 000212.000, 147
Trd, 000212.050, 148.0
Trd, 000212.133, 147
Trd, 000213.633, 150.0
Trd, 000213.900, 149
Trd, 000214.300, 148
Trd, 000214.817, 151
Trd, 000215.517, 155.0
Trd, 000217.350, 154
Trd, 000217.467, 154
Trd, 000217.500, 151
Trd, 000218.333, 150
Trd, 000218.400, 139
Trd, 000218.983, 138
Trd, 000219.933, 134
Trd, 000220.650, 140
Trd, 000222.350, 146
Trd, 000222.533, 146.0
Trd, 000222.933, 146.0
Trd, 000223.933, 149
Trd, 000224.067, 149
Trd, 000224.900, 147
Trd, 000225.717, 147
Trd, 000227.133, 151.0
Trd, 000228.617, 150
Trd, 000228.700, 151
Trd, 000229.633, 146
Trd, 000229.900, 152.0
Trd, 000230.033, 153.0
Trd, 000230.233, 151
Trd, 000230.633, 133.0
Trd, 000232.067, 150.0
Trd, 000232.250, 151.0
Trd, 000232.433, 155.0
Trd, 000232.500, 150
Trd, 000233.650, 155.0
Trd, 000234.117, 149
Trd, 000234.850, 152
Trd, 000235.650, 150
Trd, 000236.600, 148
Trd, 000237.250, 147
Trd, 000237.267, 146
Trd, 000238.017, 143
Trd, 000239.033, 143
Trd, 000239.400, 144
Trd, 000239.467, 144
Trd, 000239.567, 133.0
Trd, 000241.400, 143
Trd, 000241.933, 144.0
Trd, 000242.683, 143
Trd, 000242.967, 143
Trd, 000243.050, 144
Trd, 000243.350, 144.0
Trd, 000243.433, 138.0
Trd, 000244.267, 143
Trd, 000244.517, 148.0
Trd, 000245.067, 144
Trd, 000245.667, 150.0
Trd, 000246.467, 149.0
Trd, 000246.567, 150
Trd, 000247.200, 148
Trd, 000247.450, 148.0
Trd, 000247.467, 147
Trd, 000247.600, 146
Trd, 000247.717, 149.0
Trd, 000248.700, 148
Trd, 000248.800, 146
Trd, 000249.083, 148
Trd, 000250.000, 148
Trd, 000250.283, 152.0
Trd, 000250.950, 151.0
Trd, 000251.433, 153
Trd, 000251.567, 154.0
Trd, 000251.617, 147
Trd, 000252.517, 155.0
Trd, 000252.633, 154
Trd, 000252.783, 149
Trd, 000253.233, 155
Trd, 000253.583, 163.0
Trd, 000254.350, 165.0
Trd, 000255.100, 143
Trd, 000256.517, 155
Trd, 000256.800, 155.0
Trd, 000257.633, 156
Trd, 000257.933, 155.0
Trd, 000258.000, 137.0
Trd, 000258.850, 147
Trd, 000259.767, 141
Trd, 000259.783, 142
Trd, 000259.933, 145
Trd, 000260.583, 151
Trd, 000260.700, 151.0
Trd, 000260.917, 155
Trd, 000261.567, 155
Trd, 000261.933, 156.0
Trd, 000262.967, 165.0
Trd, 000263.233, 158
Trd, 000264.283, 156
Trd, 000264.500, 159
Trd, 000264.533, 143
Trd, 000265.233, 157
Trd, 000265.450, 154
Trd, 000265.867, 155
Trd, 000265.983, 151
Trd, 000266.550, 155
Trd, 000267.533, 149.0
Trd, 000267.600, 137.0
Trd, 000267.967, 142
Trd, 000268.800, 141.0
Trd, 000270.133, 144.0
Trd, 000270.817, 143
Trd, 000270.850, 144.0
Trd, 000271.117, 148.0
Trd, 000271.183, 142
Trd, 000271.800, 142
Trd, 000272.050, 141
Trd, 000272.650, 151.0
Trd, 000272.683, 155.0
Trd, 000274.250, 159
Trd, 000274.933, 162.0
Trd, 000275.450, 156.0
Trd, 000275.633, 155.0
Trd, 000276.200, 158.0
Trd, 000276.633, 155
Trd, 000277.167, 154
Trd, 000277.200, 154
Trd, 000277.417, 151.0
Trd, 000278.200, 143
Trd, 000278.233, 138.0
Trd, 000278.417, 139
Trd, 000279.583, 143
Trd, 000280.850, 137.0
Trd, 000280.867, 140
Trd, 000280.983, 133
Trd, 000281.767, 137
Trd, 000282.017, 139
Trd, 000282.267, 120.0
Trd, 000283.050, 140
Trd, 000283.500, 144.0
Trd, 000283.583, 148.0
Trd, 000284.250, 143.0
Trd, 000284.367, 144.0
Trd, 000284.467, 141
Trd, 000285.067, 145
Trd, 000285.433, 141
Trd, 000286.750, 140.0
Trd, 000286.867, 149.0
Trd, 000287.133, 139
Trd, 000287.883, 141
Trd, 000288.283, 150.0
Trd, 000289.950, 151
Trd, 000290.017, 152
Trd, 000290.450, 154.0
Trd, 000290.900, 145
Trd, 000290.917, 143
Trd, 000291.150, 142
Trd, 000292.067, 142
Trd, 000292.550, 149
Trd, 000293.050, 148
Trd, 000293.567, 141
Trd, 000294.600, 144.0
Trd, 000294.850, 142
Trd, 000295.167, 140
Trd, 000295.567, 140
Trd, 000296.583, 141.0
Trd, 000296.867, 140
Trd, 000296.933, 142
Trd, 000297.833, 140
Trd, 000298.383, 137.0
Trd, 000298.883, 140
Trd, 000299.133, 141
Trd, 000299.717, 143
