Trd, 000001.483, 118
Trd, 000001.967, 116.0
Trd, 000002.050, 117.0
Trd, 000003.367, 152
Trd, 000003.567, 160
Trd, 000003.733, 152
Trd, 000005.217, 144
Trd, 000005.450, 163.0
Trd, 000005.467, 162.0
Trd, 000005.667, 141
Trd, 000005.883, 139
Trd, 000007.433, 148
Trd, 000007.833, 146
Trd, 000007.917, 146
Trd, 000008.217, 156.0
Trd, 000009.067, 158
Trd, 000010.083, 161.0
Trd, 000010.467, 159.0
Trd, 000010.817, 161.0
Trd, 000011.533, 162.0
Trd, 000012.400, 160
Trd, 000013.083, 157.0
Trd, 000013.283, 159
Trd, 000013.300, 155.0
Trd, 000014.583, 158
Trd, 000015.217, 154
Trd, 000016.217, 157
Trd, 000016.267, 156
Trd, 000016.283, 155.0
Trd, 000016.417, 157
Trd, 000017.100, 158.0
Trd, 000017.983, 162.0
Trd, 000018.183, 158
Trd, 000019.683, 164.0
Trd, 000020.067, 169.0
Trd, 000020.350, 166
Trd, 000020.883, 166
Trd, 000021.083, 165
Trd, 000021.533, 163
Trd, 000021.683, 162.0
Trd, 000022.617, 167
Trd, 000023.033, 172.0
Trd, 000023.183, 158
Trd, 000023.717, 157
Trd, 000025.183, 160.0
Trd, 000025.483, 159.0
Trd, 000025.817, 160
Trd, 000026.183, 155.0
Trd, 000026.833, 155
Trd, 000027.583, 155
Trd, 000028.100, 151
Trd, 000028.217, 152
Trd, 000028.317, 152
Trd, 000028.567, 139.0
Trd, 000029.333, 161.0
Trd, 000029.817, 162.0
Trd, 000030.933, 146
Trd, 000031.517, 166
Trd, 000031.883, 167
Trd, 000032.833, 163.0
Trd, 000033.033, 167
Trd, 000033.517, 167
Trd, 000034.200, 164.0
Trd, 000034.217, 162.0
Trd, 000035.633, 157.0
Trd, 000036.183, 160
Trd, 000037.100, 160.0
Trd, 000037.933, 158.0
Trd, 000038.183, 157.0
Trd, 000039.100, 161.0
Trd, 000039.383, 137.0
Trd, 000039.767, 160
Trd, 000040.800, 157
Trd, 000041.750, 157.0
Trd, 000042.083, 157
Trd, 000042.350, 158
Trd, 000042.867, 158.0
Trd, 000043.833, 158
Trd, 000044.433, 160.0
Trd, 000044.817, 159.0
Trd, 000045.167, 161
Trd, 000045.217, 157.0
Trd, 000045.500, 155
Trd, 000045.833, 160.0
Trd, 000047.000, 155.0
Trd, 000047.500, 162.0
Trd, 000047.683, 147
Trd, 000048.183, 155
Trd, 000048.633, 148
Trd, 000049.867, 155.0
Trd, 000050.467, 150
Trd, 000050.633, 156
Trd, 000050.883, 156
Trd, 000050.900, 144
Trd, 000052.517, 156
Trd, 000052.617, 156
Trd, 000053.333, 157.0
Trd, 000053.600, 152
Trd, 000054.367, 157.0
Trd, 000054.700, 158.0
Trd, 000054.850, 162.0
Trd, 000057.283, 159.0
Trd, 000057.567, 158.0
Trd, 000057.683, 155.0
Trd, 000058.767, 159
Trd, 000059.100, 160
Trd, 000059.783, 156
Trd, 000060.050, 162.0
Trd, 000060.900, 164.0
Trd, 000061.117, 163
Trd, 000061.783, 165.0
Trd, 000062.617, 163.0
Trd, 000062.717, 157.0
Trd, 000062.850, 165
Trd, 000063.167, 169.0
Trd, 000064.150, 164.0
Trd, 000064.767, 166.0
Trd, 000065.583, 165.0
Trd, 000065.667, 164.0
Trd, 000065.733, 163
Trd, 000066.383, 162.0
Trd, 000067.383, 159
Trd, 000068.250, 161
Trd, 000069.050, 156.0
Trd, 000070.367, 159
Trd, 000070.467, 159
Trd, 000070.817, 160
Trd, 000070.883, 162.0
Trd, 000070.950, 159
Trd, 000071.117, 158
Trd, 000071.517, 155.0
Trd, 000071.650, 137.0
Trd, 000071.833, 171.0
Trd, 000072.733, 140
Trd, 000074.583, 165
Trd, 000074.650, 169.0
Trd, 000074.667, 162.0
Trd, 000076.783, 157
Trd, 000076.850, 158
Trd, 000077.367, 158.0
Trd, 000077.417, 156.0
Trd, 000077.633, 155.0
Trd, 000077.667, 145
Trd, 000078.017, 162
Trd, 000079.733, 159
Trd, 000080.467, 159
Trd, 000080.800, 160
Trd, 000081.150, 160
Trd, 000082.350, 161.0
Trd, 000083.350, 162.0
Trd, 000083.600, 163
Trd, 000083.667, 165
Trd, 000084.367, 166
Trd, 000085.317, 167
Trd, 000085.600, 165
Trd, 000085.783, 169
Trd, 000086.333, 143
Trd, 000086.967, 145
Trd, 000087.467, 155
Trd, 000087.667, 141
Trd, 000088.000, 137.0
Trd, 000088.300, 150
Trd, 000089.467, 147
Trd, 000089.567, 149
Trd, 000089.983, 158.0
Trd, 000090.150, 162.0
Trd, 000092.233, 155
Trd, 000093.067, 158
Trd, 000093.550, 158
Trd, 000094.000, 159
Trd, 000094.283, 158
Trd, 000094.517, 158
Trd, 000094.550, 159
Trd, 000095.217, 158
Trd, 000095.983, 160.0
Trd, 000096.483, 161.0
Trd, 000096.683, 161.0
Trd, 000096.800, 160.0
Trd, 000097.400, 142
Trd, 000097.500, 137.0
Trd, 000098.733, 155
Trd, 000099.283, 149
Trd, 000099.450, 152
Trd, 000100.317, 158.0
Trd, 000100.800, 162.0
Trd, 000100.950, 150
Trd, 000101.833, 162.0
Trd, 000102.433, 163
Trd, 000102.567, 162
Trd, 000102.950, 161
Trd, 000103.317, 165.0
Trd, 000103.717, 165.0
Trd, 000104.167, 160
Trd, 000104.850, 162.0
Trd, 000104.983, 162.0
Trd, 000106.067, 161
Trd, 000106.867, 160
Trd, 000107.700, 161
Trd, 000108.717, 157
Trd, 000109.083, 156.0
Trd, 000109.167, 158
Trd, 000109.200, 162
Trd, 000109.683, 161.0
Trd, 000110.300, 160
Trd, 000111.100, 160
Trd, 000112.417, 160.0
Trd, 000112.700, 160.0
Trd, 000113.183, 161
Trd, 000113.417, 161
Trd, 000113.567, 162.0
Trd, 000113.683, 159
Trd, 000113.950, 163
Trd, 000115.017, 155.0
Trd, 000115.500, 162.0
Trd, 000116.600, 145
Trd, 000116.883, 143
Trd, 000117.000, 161
Trd, 000117.100, 165.0
Trd, 000117.933, 179
Trd, 000118.300, 143
Trd, 000118.517, 172.0
Trd, 000119.600, 162.0
Trd, 000121.067, 160
Trd, 000121.967, 155.0
Trd, 000122.117, 153
Trd, 000122.700, 161
Trd, 000122.867, 162
Trd, 000123.833, 156
Trd, 000124.433, 159
Trd, 000124.817, 160
Trd, 000124.900, 160
Trd, 000125.017, 161
Trd, 000125.050, 159
Trd, 000126.800, 160.0
Trd, 000127.867, 160
Trd, 000127.967, 162.0
Trd, 000128.833, 162.0
Trd, 000129.383, 163.0
Trd, 000130.217, 162
Trd, 000130.783, 162
Trd, 000130.933, 161
Trd, 000131.233, 163.0
Trd, 000131.450, 160
Trd, 000131.867, 163
Trd, 000132.617, 162.0
Trd, 000132.683, 165.0
Trd, 000133.117, 172.0
Trd, 000133.367, 156.0
Trd, 000133.767, 162.0
Trd, 000133.817, 155.0
Trd, 000135.600, 151
Trd, 000136.150, 149
Trd, 000136.650, 156
Trd, 000138.050, 153
Trd, 000138.117, 154
Trd, 000139.083, 158.0
Trd, 000139.117, 164
Trd, 000139.700, 157
Trd, 000140.300, 157
Trd, 000140.317, 156
Trd, 000141.317, 157
Trd, 000141.467, 158
Trd, 000142.433, 158
Trd, 000143.433, 157
Trd, 000143.933, 158
Trd, 000144.200, 157
Trd, 000144.550, 158.0
Trd, 000144.767, 162.0
Trd, 000144.867, 165.0
Trd, 000145.450, 162
Trd, 000145.517, 172.0
Trd, 000146.233, 163
Trd, 000146.950, 165
Trd, 000148.683, 164
Trd, 000148.933, 169.0
Trd, 000149.817, 161
Trd, 000149.833, 162
Trd, 000150.183, 156.0
Trd, 000150.783, 159.0
Trd, 000151.700, 162
Trd, 000152.033, 162.0
Trd, 000152.200, 160
Trd, 000152.400, 162
Trd, 000152.950, 162
Trd, 000152.967, 165.0
Trd, 000154.367, 162
Trd, 000154.433, 161
Trd, 000154.467, 155.0
Trd, 000156.100, 156
Trd, 000156.300, 160.0
Trd, 000156.583, 158
Trd, 000156.983, 157
Trd, 000157.517, 161.0
Trd, 000158.883, 158
Trd, 000159.633, 157
Trd, 000160.117, 158
Trd, 000160.617, 159
Trd, 000160.700, 160
Trd, 000161.083, 160
Trd, 000161.500, 160
Trd, 000161.633, 162.0
Trd, 000162.283, 156
Trd, 000162.833, 157
Trd, 000162.850, 165.0
Trd, 000163.183, 161
Trd, 000163.450, 172.0
Trd, 000163.733, 179
Trd, 000165.383, 165
Trd, 000165.450, 164
Trd, 000165.850, 156.0
Trd, 000166.067, 155.0
Trd, 000166.200, 147
Trd, 000166.533, 165
Trd, 000167.767, 150
Trd, 000167.867, 153
Trd, 000168.200, 154
Trd, 000168.517, 153
Trd, 000169.267, 161
Trd, 000171.117, 160
Trd, 000171.417, 160
Trd, 000171.750, 159
Trd, 000172.017, 162.0
Trd, 000172.367, 162
Trd, 000172.833, 159
Trd, 000173.033, 167
Trd, 000173.467, 143
Trd, 000173.533, 162.0
Trd, 000173.633, 137.0
Trd, 000175.183, 159
Trd, 000175.833, 158
Trd, 000176.883, 158
Trd, 000176.983, 157
Trd, 000177.250, 156
Trd, 000177.317, 158
Trd, 000177.783, 164.0
Trd, 000178.650, 171.0
Trd, 000180.283, 166.0
Trd, 000180.367, 163.0
Trd, 000180.467, 170
Trd, 000180.900, 167
Trd, 000181.583, 165.0
Trd, 000181.700, 169
Trd, 000182.000, 164.0
Trd, 000183.383, 164
Trd, 000184.383, 167.0
Trd, 000184.783, 165
Trd, 000184.833, 163
Trd, 000184.950, 167
Trd, 000185.317, 167
Trd, 000185.567, 166
Trd, 000186.167, 168.0
Trd, 000186.333, 162.0
Trd, 000186.567, 171.0
Trd, 000186.950, 157.0
Trd, 000189.033, 159.0
Trd, 000189.233, 162.0
Trd, 000189.317, 164
Trd, 000189.467, 165
Trd, 000190.233, 163
Trd, 000190.967, 162.0
Trd, 000191.917, 162
Trd, 000193.567, 162.0
Trd, 000194.217, 160
Trd, 000194.433, 161.0
Trd, 000194.517, 162.0
Trd, 000194.650, 162.0
Trd, 000196.033, 160.0
Trd, 000196.217, 158.0
Trd, 000196.733, 160
Trd, 000197.567, 159
Trd, 000198.283, 160
Trd, 000199.383, 161
Trd, 000200.133, 162.0
Trd, 000200.550, 165.0
Trd, 000201.133, 165.0
Trd, 000201.167, 164.0
Trd, 000201.367, 164.0
Trd, 000201.467, 162.0
Trd, 000201.617, 159
Trd, 000202.350, 166
Trd, 000204.233, 171.0
Trd, 000204.700, 164.0
Trd, 000204.767, 163.0
Trd, 000205.650, 162.0
Trd, 000206.000, 165
Trd, 000206.283, 167
Trd, 000206.317, 163
Trd, 000206.417, 176
Trd, 000206.483, 162
Trd, 000206.800, 186.0
Trd, 000207.917, 163.0
Trd, 000209.333, 164.0
Trd, 000210.233, 164.0
Trd, 000210.683, 165.0
Trd, 000210.717, 166
Trd, 000210.950, 162.0
Trd, 000211.283, 161
Trd, 000211.583, 156.0
Trd, 000212.183, 162
Trd, 000212.517, 159
Trd, 000212.917, 158
Trd, 000213.200, 159
Trd, 000213.817, 162.0
Trd, 000215.150, 155.0
Trd, 000215.967, 144
Trd, 000216.317, 153
Trd, 000216.633, 155
Trd, 000218.083, 155
Trd, 000218.383, 155
Trd, 000218.617, 158.0
Trd, 000219.217, 154
Trd, 000220.083, 156.0
Trd, 000220.817, 157
Trd, 000221.150, 155.0
Trd, 000221.283, 154
Trd, 000221.367, 158
Trd, 000222.900, 161.0
Trd, 000223.467, 160.0
Trd, 000223.650, 159.0
Trd, 000223.900, 160.0
Trd, 000224.983, 161.0
Trd, 000225.100, 157
Trd, 000226.317, 157
Trd, 000226.333, 159
Trd, 000226.400, 160
Trd, 000228.000, 161.0
Trd, 000228.133, 162.0
Trd, 000228.767, 163
Trd, 000229.017, 165
Trd, 000229.650, 159.0
Trd, 000229.883, 158.0
Trd, 000230.333, 157
Trd, 000231.650, 157
Trd, 000232.117, 160
Trd, 000232.383, 156
Trd, 000233.250, 156.0
Trd, 000234.233, 155.0
Trd, 000234.500, 159
Trd, 000235.200, 155
Trd, 000236.150, 152
Trd, 000236.617, 153
Trd, 000236.733, 154
Trd, 000236.800, 155
Trd, 000236.950, 150
Trd, 000237.000, 149
Trd, 000237.517, 158.0
Trd, 000239.400, 157
Trd, 000239.567, 164.0
Trd, 000239.683, 155
Trd, 000239.700, 165.0
Trd, 000240.500, 156.0
Trd, 000240.633, 155.0
Trd, 000241.450, 154
Trd, 000241.500, 155.0
Trd, 000242.017, 153
Trd, 000242.517, 154.0
Trd, 000242.867, 152.0
Trd, 000242.983, 154
Trd, 000243.050, 156
Trd, 000243.717, 172.0
Trd, 000243.933, 158
Trd, 000245.067, 158
Trd, 000245.917, 157
Trd, 000246.000, 156.0
Trd, 000246.617, 156
Trd, 000246.717, 158.0
Trd, 000246.900, 155
Trd, 000247.433, 154
Trd, 000247.883, 156
Trd, 000247.967, 157
Trd, 000249.017, 157.0
Trd, 000249.817, 151.0
Trd, 000250.183, 155.0
Trd, 000250.517, 144
Trd, 000250.867, 155.0
Trd, 000251.283, 146
Trd, 000253.350, 149
Trd, 000253.400, 151
Trd, 000254.633, 150
Trd, 000254.750, 148
Trd, 000254.767, 147
Trd, 000255.133, 149
Trd, 000255.383, 147
Trd, 000255.567, 148
Trd, 000255.900, 151
Trd, 000256.783, 151
Trd, 000257.150, 151
Trd, 000257.550, 151
Trd, 000257.800, 154
Trd, 000257.850, 154.0
Trd, 000258.883, 155
Trd, 000259.033, 154
Trd, 000259.150, 158.0
Trd, 000260.167, 155.0
Trd, 000260.367, 154.0
Trd, 000260.767, 161.0
Trd, 000260.933, 152
Trd, 000261.800, 153.0
Trd, 000262.933, 158.0
Trd, 000263.067, 162.0
Trd, 000263.383, 157.0
Trd, 000263.450, 155.0
Trd, 000263.483, 158
Trd, 000263.983, 155.0
Trd, 000264.300, 152.0
Trd, 000264.317, 148
Trd, 000264.950, 151.0
Trd, 000266.900, 146
Trd, 000267.100, 147
Trd, 000267.383, 147
Trd, 000268.167, 148.0
Trd, 000268.183, 148.0
Trd, 000268.217, 145
Trd, 000268.633, 148
Trd, 000268.883, 149
Trd, 000269.750, 156.0
Trd, 000269.933, 155.0
Trd, 000270.783, 151
Trd, 000271.100, 147
Trd, 000271.367, 158.0
Trd, 000272.133, 158.0
Trd, 000273.017, 152.0
Trd, 000273.233, 149
Trd, 000274.100, 148
Trd, 000274.717, 137.0
Trd, 000275.317, 149
Trd, 000275.450, 149
Trd, 000275.617, 151
Trd, 000276.467, 152
Trd, 000276.883, 156.0
Trd, 000277.017, 153
Trd, 000277.167, 155.0
Trd, 000278.067, 159.0
Trd, 000278.367, 159.0
Trd, 000278.650, 158.0
Trd, 000278.767, 157
Trd, 000278.967, 158.0
Trd, 000279.633, 158
Trd, 000280.017, 150.0
Trd, 000280.633, 146
Trd, 000280.700, 137.0
Trd, 000281.300, 154
Trd, 000282.367, 152
Trd, 000282.717, 153.0
Trd, 000283.200, 153
Trd, 000283.250, 158.0
Trd, 000283.367, 162.0
Trd, 000283.900, 155.0
Trd, 000284.717, 170
Trd, 000285.050, 162.0
Trd, 000285.150, 155
Trd, 000285.617, 170.0
Trd, 000285.750, 160
Trd, 000286.233, 182
Trd, 000286.783, 159
Trd, 000287.017, 158.0
Trd, 000287.433, 151.0
Trd, 000288.733, 159
Trd, 000288.917, 160
Trd, 000289.533, 160.0
Trd, 000290.050, 159.0
Trd, 000290.133, 158
Trd, 000290.650, 160
Trd, 000291.083, 160
Trd, 000291.367, 165.0
Trd, 000291.600, 159.0
Trd, 000291.667, 158.0
Trd, 000292.517, 157.0
Trd, 000292.583, 155.0
Trd, 000293.633, 152.0
Trd, 000293.967, 160
Trd, 000294.067, 161.0
Trd, 000294.083, 153.0
Trd, 000294.217, 162.0
Trd, 000294.533, 160
Trd, 000296.083, 160
Trd, 000296.117, 158.0
Trd, 000296.233, 158.0
Trd, 000296.467, 161
Trd, 000296.583, 155.0
Trd, 000298.217, 160.0
Trd, 000298.317, 158.0
Trd, 000298.600, 159
Trd, 000298.850, 160.0
Trd, 000298.867, 158
Trd, 000299.083, 160
Trd, 000299.183, 142
