Trd, 000002.200, 116
Trd, 000002.833, 155
Trd, 000003.750, 150
Trd, 000003.900, 154
Trd, 000004.017, 177
Trd, 000004.133, 131.0
Trd, 000005.133, 143
Trd, 000005.400, 133
Trd, 000005.483, 143.0
Trd, 000005.833, 130
Trd, 000006.133, 128
Trd, 000006.483, 131.0
Trd, 000006.683, 132
Trd, 000008.967, 138.0
Trd, 000009.167, 136
Trd, 000009.817, 139.0
Trd, 000010.283, 140
Trd, 000010.683, 140.0
Trd, 000010.750, 141.0
Trd, 000011.033, 144.0
Trd, 000011.467, 142
Trd, 000012.117, 139.0
Trd, 000012.767, 148
Trd, 000013.017, 161.0
Trd, 000013.567, 151.0
Trd, 000013.617, 149
Trd, 000015.267, 153
Trd, 000015.567, 148
Trd, 000015.967, 147
Trd, 000017.017, 148
Trd, 000017.083, 146
Trd, 000017.450, 145
Trd, 000017.567, 152
Trd, 000017.700, 153
Trd, 000018.017, 154
Trd, 000019.033, 146
Trd, 000019.317, 149
Trd, 000019.600, 151
Trd, 000020.083, 146
Trd, 000021.867, 154
Trd, 000022.367, 155
Trd, 000023.317, 158
Trd, 000023.517, 162.0
Trd, 000023.650, 161
Trd, 000023.850, 158
Trd, 000024.550, 158.0
Trd, 000024.950, 150
Trd, 000025.367, 158
Trd, 000025.517, 150
Trd, 000025.717, 158
Trd, 000026.017, 158
Trd, 000027.783, 154
Trd, 000028.017, 153
Trd, 000028.250, 153
Trd, 000028.317, 155
Trd, 000028.350, 156
Trd, 000028.517, 165
Trd, 000029.700, 158
Trd, 000029.950, 159
Trd, 000030.417, 153
Trd, 000030.967, 158
Trd, 000032.383, 153
Trd, 000032.783, 152.0
Trd, 000033.317, 158
Trd, 000033.817, 155
Trd, 000034.283, 156
Trd, 000034.467, 155
Trd, 000034.767, 156
Trd, 000034.883, 153
Trd, 000035.683, 151.0
Trd, 000036.300, 157
Trd, 000036.950, 156
Trd, 000037.867, 159
Trd, 000038.700, 155
Trd, 000038.800, 158
Trd, 000038.933, 154
Trd, 000039.033, 155
Trd, 000039.367, 156
Trd, 000040.367, 157
Trd, 000041.400, 160.0
Trd, 000041.633, 161.0
Trd, 000041.933, 162.0
Trd, 000042.467, 162
Trd, 000042.550, 165
Trd, 000042.617, 166
Trd, 000042.750, 158
Trd, 000043.083, 157
Trd, 000044.517, 159.0
Trd, 000044.783, 158
Trd, 000045.950, 159
Trd, 000046.283, 155
Trd, 000046.500, 159
Trd, 000048.083, 157
Trd, 000049.150, 155
Trd, 000049.217, 157
Trd, 000049.433, 157
Trd, 000049.933, 161
Trd, 000050.467, 155
Trd, 000050.733, 158
Trd, 000051.583, 154
Trd, 000052.033, 144
Trd, 000052.333, 150
Trd, 000052.433, 147
Trd, 000052.967, 151
Trd, 000053.117, 135.0
Trd, 000053.633, 134.0
Trd, 000053.667, 151
Trd, 000054.167, 151
Trd, 000054.733, 143
Trd, 000055.500, 144.0
Trd, 000055.667, 148
Trd, 000055.700, 151
Trd, 000056.333, 162.0
Trd, 000057.267, 162
Trd, 000057.333, 148
Trd, 000057.450, 147
Trd, 000057.600, 165
Trd, 000059.750, 154
Trd, 000059.933, 155
Trd, 000060.283, 165
Trd, 000060.733, 151
Trd, 000062.467, 154
Trd, 000062.517, 153
Trd, 000062.950, 154
Trd, 000063.167, 152
Trd, 000063.567, 153
Trd, 000063.583, 154
Trd, 000063.733, 152
Trd, 000063.750, 151
Trd, 000064.933, 154
Trd, 000065.800, 155
Trd, 000067.317, 154
Trd, 000067.433, 153
Trd, 000067.450, 155
Trd, 000067.633, 154
Trd, 000067.933, 152
Trd, 000067.967, 151.0
Trd, 000068.100, 153
Trd, 000068.850, 148
Trd, 000069.117, 149
Trd, 000069.583, 153
Trd, 000070.850, 152
Trd, 000071.117, 144.0
Trd, 000071.583, 145
Trd, 000072.683, 146
Trd, 000073.267, 146
Trd, 000073.717, 146
Trd, 000073.917, 145
Trd, 000074.417, 145
Trd, 000074.883, 146
Trd, 000074.917, 134.0
Trd, 000076.283, 143
Trd, 000076.500, 143
Trd, 000077.150, 148
Trd, 000077.267, 151
Trd, 000077.350, 146
Trd, 000078.133, 146
Trd, 000078.700, 147
Trd, 000078.967, 144
Trd, 000079.050, 149
Trd, 000080.017, 146
Trd, 000080.500, 158.0
Trd, 000080.533, 134.0
Trd, 000080.617, 158.0
Trd, 000081.117, 155
Trd, 000081.167, 132.0
Trd, 000081.833, 134
Trd, 000082.433, 135.0
Trd, 000082.600, 131.0
Trd, 000083.217, 141
Trd, 000083.567, 141.0
Trd, 000083.917, 142.0
Trd, 000084.933, 142
Trd, 000085.283, 142.0
Trd, 000085.950, 144.0
Trd, 000086.650, 148
Trd, 000087.633, 152
Trd, 000087.900, 175.0
Trd, 000088.417, 165.0
Trd, 000088.433, 163
Trd, 000088.600, 153
Trd, 000089.583, 160
Trd, 000089.817, 158.0
Trd, 000090.850, 154
Trd, 000091.317, 153
Trd, 000091.600, 154
Trd, 000092.083, 154
Trd, 000092.283, 154
Trd, 000093.367, 151
Trd, 000093.400, 152
Trd, 000093.500, 148
Trd, 000093.917, 150
Trd, 000093.967, 135.0
Trd, 000094.400, 147
Trd, 000094.950, 146
Trd, 000095.033, 148
Trd, 000095.083, 149
Trd, 000095.267, 135.0
Trd, 000096.167, 150
Trd, 000097.267, 151
Trd, 000097.317, 162.0
Trd, 000097.467, 138.0
Trd, 000097.517, 138.0
Trd, 000097.833, 144.0
Trd, 000098.383, 142
Trd, 000098.633, 142
Trd, 000099.050, 143
Trd, 000100.250, 144
Trd, 000101.483, 143
Trd, 000101.967, 144.0
Trd, 000102.500, 145
Trd, 000102.783, 142
Trd, 000102.850, 145
Trd, 000102.950, 148
Trd, 000103.067, 150
Trd, 000103.167, 134.0
Trd, 000103.767, 150
Trd, 000104.700, 138
Trd, 000104.767, 141
Trd, 000105.400, 150
Trd, 000106.033, 162.0
Trd, 000107.167, 146.0
Trd, 000107.950, 155
Trd, 000108.150, 147.0
Trd, 000109.150, 153
Trd, 000109.500, 148
Trd, 000109.600, 148
Trd, 000110.167, 150
Trd, 000110.500, 151
Trd, 000110.733, 151
Trd, 000111.117, 153
Trd, 000111.250, 162.0
Trd, 000111.567, 166
Trd, 000112.567, 163
Trd, 000112.900, 166
Trd, 000113.267, 175.0
Trd, 000115.000, 180.0
Trd, 000115.017, 179.0
Trd, 000115.067, 158
Trd, 000115.733, 165
Trd, 000115.750, 164
Trd, 000117.250, 159.0
Trd, 000117.333, 160.0
Trd, 000118.050, 161
Trd, 000118.517, 162
Trd, 000118.717, 155
Trd, 000118.833, 161.0
Trd, 000119.150, 154
Trd, 000119.533, 153
Trd, 000119.883, 151.0
Trd, 000120.117, 134.0
Trd, 000121.117, 154
Trd, 000121.267, 155
Trd, 000122.367, 134.0
Trd, 000122.633, 136
Trd, 000122.850, 133.0
Trd, 000123.100, 138
Trd, 000123.250, 134.0
Trd, 000123.483, 139
Trd, 000124.517, 146
Trd, 000125.267, 146
Trd, 000125.533, 148
Trd, 000126.250, 148
Trd, 000126.783, 152
Trd, 000126.850, 162.0
Trd, 000127.117, 165
Trd, 000127.433, 150
Trd, 000127.900, 156
Trd, 000128.133, 152
Trd, 000128.583, 156
Trd, 000129.483, 155
Trd, 000129.517, 153
Trd, 000130.800, 151.0
Trd, 000132.983, 153
Trd, 000133.017, 152
Trd, 000133.350, 152
Trd, 000133.517, 151
Trd, 000133.733, 149
Trd, 000134.050, 137.0
Trd, 000134.300, 153
Trd, 000134.817, 144.0
Trd, 000135.283, 151
Trd, 000135.333, 151
Trd, 000136.767, 150
Trd, 000136.967, 148
Trd, 000137.617, 151
Trd, 000138.067, 149
Trd, 000138.517, 148
Trd, 000138.700, 147
Trd, 000138.750, 146
Trd, 000139.050, 134.0
Trd, 000140.450, 138
Trd, 000140.833, 140
Trd, 000141.200, 138
Trd, 000141.500, 141
Trd, 000142.217, 143.0
Trd, 000142.933, 144.0
Trd, 000143.283, 151
Trd, 000143.883, 132.0
Trd, 000145.083, 143
Trd, 000145.500, 141
Trd, 000146.000, 141
Trd, 000146.033, 139
Trd, 000146.467, 142
Trd, 000147.100, 137
Trd, 000148.417, 138
Trd, 000148.650, 138
Trd, 000148.817, 144
Trd, 000149.067, 148
Trd, 000149.667, 143.0
Trd, 000149.850, 140
Trd, 000151.050, 144.0
Trd, 000151.733, 146
Trd, 000152.617, 149
Trd, 000152.817, 148
Trd, 000153.150, 148
Trd, 000153.267, 151
Trd, 000153.867, 149
Trd, 000154.067, 149
Trd, 000154.950, 150
Trd, 000155.483, 160.0
Trd, 000156.017, 154
Trd, 000156.583, 156
Trd, 000156.833, 151.0
Trd, 000157.350, 150
Trd, 000157.417, 134
Trd, 000158.217, 149
Trd, 000158.667, 151
Trd, 000159.000, 151
Trd, 000159.333, 151
Trd, 000159.867, 151
Trd, 000160.467, 150
Trd, 000160.767, 149
Trd, 000161.017, 151
Trd, 000162.083, 151
Trd, 000162.183, 124.0
Trd, 000162.333, 124
Trd, 000162.483, 152
Trd, 000163.867, 146
Trd, 000163.917, 144
Trd, 000164.133, 145
Trd, 000164.283, 151
Trd, 000164.417, 161.0
Trd, 000165.217, 152
Trd, 000165.933, 161.0
Trd, 000166.033, 152
Trd, 000167.150, 154
Trd, 000167.167, 153
Trd, 000167.483, 151
Trd, 000167.533, 151.0
Trd, 000167.567, 154
Trd, 000167.817, 162.0
Trd, 000169.083, 143.0
Trd, 000169.133, 144.0
Trd, 000169.583, 146
Trd, 000171.100, 146.0
Trd, 000171.350, 143.0
Trd, 000171.483, 147
Trd, 000171.650, 151
Trd, 000173.233, 149
Trd, 000173.817, 150
Trd, 000174.133, 150
Trd, 000174.600, 152
Trd, 000174.717, 161.0
Trd, 000175.100, 162.0
Trd, 000175.567, 158
Trd, 000175.600, 153
Trd, 000175.683, 165
Trd, 000176.067, 152
Trd, 000176.350, 161
Trd, 000177.100, 161
Trd, 000177.250, 161
Trd, 000178.100, 161
Trd, 000178.633, 161.0
Trd, 000178.917, 162.0
Trd, 000179.783, 152
Trd, 000180.100, 152
Trd, 000180.783, 159
Trd, 000181.133, 151
Trd, 000181.633, 159
Trd, 000181.650, 151
Trd, 000181.733, 151
Trd, 000181.967, 159
Trd, 000182.167, 150
Trd, 000183.817, 136.0
Trd, 000184.267, 152
Trd, 000184.933, 153
Trd, 000186.000, 146
Trd, 000186.050, 155
Trd, 000186.917, 160.0
Trd, 000187.167, 147
Trd, 000187.800, 147
Trd, 000188.150, 135.0
Trd, 000188.417, 152
Trd, 000189.017, 156.0
Trd, 000189.067, 159.0
Trd, 000189.317, 166
Trd, 000189.517, 149
Trd, 000190.783, 157
Trd, 000192.917, 150
Trd, 000193.233, 154
Trd, 000193.450, 155
Trd, 000193.583, 156
Trd, 000194.600, 155
Trd, 000194.667, 153
Trd, 000195.117, 153
Trd, 000195.133, 158
Trd, 000195.167, 152
Trd, 000196.133, 158
Trd, 000196.200, 161.0
Trd, 000197.900, 158
Trd, 000198.183, 160
Trd, 000198.533, 154.0
Trd, 000198.550, 153.0
Trd, 000198.850, 161.0
Trd, 000200.283, 152
Trd, 000200.467, 151.0
Trd, 000201.133, 158
Trd, 000201.783, 147
Trd, 000202.650, 153
Trd, 000203.150, 152
Trd, 000203.650, 150
Trd, 000203.667, 152
Trd, 000204.567, 151
Trd, 000204.717, 149
Trd, 000204.900, 152
Trd, 000204.950, 154
Trd, 000205.733, 162.0
Trd, 000205.883, 175.0
Trd, 000206.400, 161
Trd, 000206.717, 156
Trd, 000206.867, 156
Trd, 000207.400, 155
Trd, 000207.783, 153
Trd, 000209.467, 151
Trd, 000209.950, 150
Trd, 000210.300, 149
Trd, 000211.400, 144.0
Trd, 000211.417, 145
Trd, 000211.517, 143
Trd, 000212.183, 144
Trd, 000212.367, 144.0
Trd, 000212.483, 145
Trd, 000212.667, 144.0
Trd, 000212.833, 146
Trd, 000213.033, 148
Trd, 000213.400, 131.0
Trd, 000214.283, 151
Trd, 000214.767, 145
Trd, 000215.100, 160.0
Trd, 000215.200, 162.0
Trd, 000215.567, 144
Trd, 000216.867, 151
Trd, 000216.917, 157
Trd, 000218.350, 155
Trd, 000219.700, 143
Trd, 000220.717, 146
Trd, 000220.867, 150
Trd, 000221.217, 151
Trd, 000222.233, 150
Trd, 000222.900, 150
Trd, 000223.867, 150
Trd, 000224.283, 149
Trd, 000224.583, 148
Trd, 000224.967, 148
Trd, 000225.417, 151
Trd, 000225.683, 170
Trd, 000226.033, 157
Trd, 000226.500, 158
Trd, 000226.883, 153
Trd, 000227.250, 153
Trd, 000228.767, 155
Trd, 000228.917, 157
Trd, 000229.067, 158
Trd, 000229.383, 154
Trd, 000229.833, 152.0
Trd, 000230.550, 156
Trd, 000230.867, 157
Trd, 000232.167, 156
Trd, 000232.317, 156
Trd, 000232.617, 155
Trd, 000232.683, 156
Trd, 000233.717, 154
Trd, 000233.817, 158
Trd, 000233.917, 161.0
Trd, 000234.150, 154
Trd, 000234.450, 154
Trd, 000234.750, 153
Trd, 000235.567, 158
Trd, 000236.067, 158
Trd, 000237.350, 155
Trd, 000237.733, 153
Trd, 000238.050, 156
Trd, 000238.083, 157
Trd, 000238.300, 162.0
Trd, 000238.500, 153
Trd, 000238.583, 152
Trd, 000238.633, 165
Trd, 000238.833, 151.0
Trd, 000239.433, 135.0
Trd, 000239.450, 175.0
Trd, 000240.400, 175.0
Trd, 000241.083, 150
Trd, 000242.450, 153.0
Trd, 000242.650, 157
Trd, 000243.717, 156
Trd, 000243.900, 155.0
Trd, 000244.283, 151.0
Trd, 000244.567, 151
Trd, 000244.817, 152
Trd, 000245.300, 153
Trd, 000245.750, 151
Trd, 000246.100, 150
Trd, 000246.583, 148.0
Trd, 000247.517, 138
Trd, 000247.767, 139
Trd, 000247.783, 139
Trd, 000247.983, 142
Trd, 000248.133, 143
Trd, 000248.667, 166
Trd, 000249.083, 158.0
Trd, 000249.317, 152.0
Trd, 000249.567, 161.0
Trd, 000250.250, 159.0
Trd, 000250.733, 151
Trd, 000250.983, 156.0
Trd, 000252.317, 150
Trd, 000252.650, 151.0
Trd, 000253.050, 152
Trd, 000253.067, 153
Trd, 000253.267, 153
Trd, 000253.300, 151.0
Trd, 000253.600, 149.0
Trd, 000254.150, 148
Trd, 000254.817, 140
Trd, 000255.000, 144
Trd, 000255.933, 143
Trd, 000256.117, 144
Trd, 000256.350, 147
Trd, 000256.500, 148
Trd, 000257.217, 143.0
Trd, 000257.617, 143
Trd, 000258.150, 147
Trd, 000258.267, 150
Trd, 000258.950, 150
Trd, 000259.267, 150
Trd, 000259.450, 151
Trd, 000260.000, 148.0
Trd, 000260.900, 152
Trd, 000261.133, 151.0
Trd, 000261.167, 151
Trd, 000261.217, 148
Trd, 000261.883, 144
Trd, 000262.150, 149
Trd, 000262.817, 147
Trd, 000262.967, 147
Trd, 000263.083, 149
Trd, 000263.283, 144.0
Trd, 000264.100, 148
Trd, 000264.233, 148
Trd, 000264.250, 142.0
Trd, 000264.533, 142
Trd, 000264.983, 140
Trd, 000265.833, 143
Trd, 000266.250, 151
Trd, 000266.650, 147.0
Trd, 000267.167, 155.0
Trd, 000267.833, 151
Trd, 000268.750, 148.0
Trd, 000269.183, 149
Trd, 000269.300, 149
Trd, 000269.483, 150
Trd, 000269.517, 151
Trd, 000269.667, 152
Trd, 000269.900, 149
Trd, 000270.400, 151
Trd, 000271.033, 149
Trd, 000271.483, 152
Trd, 000272.317, 149
Trd, 000273.033, 151.0
Trd, 000273.417, 153.0
Trd, 000273.650, 154
Trd, 000273.667, 155.0
Trd, 000275.000, 157
Trd, 000275.117, 159
Trd, 000275.283, 156
Trd, 000275.733, 161.0
Trd, 000276.150, 156
Trd, 000276.233, 153
Trd, 000276.550, 160.0
Trd, 000276.667, 152
Trd, 000276.750, 162.0
Trd, 000277.583, 155
Trd, 000278.117, 151.0
Trd, 000278.450, 141.0
Trd, 000278.633, 156
Trd, 000279.683, 154
Trd, 000279.900, 154
Trd, 000280.350, 152
Trd, 000280.950, 153
Trd, 000281.350, 153
Trd, 000281.717, 154
Trd, 000281.783, 153
Trd, 000282.200, 152
Trd, 000282.300, 151.0
Trd, 000282.317, 150
Trd, 000282.483, 159
Trd, 000282.750, 148.0
Trd, 000283.733, 143.0
Trd, 000284.267, 144.0
Trd, 000284.300, 142.0
Trd, 000284.850, 142
Trd, 000285.133, 141.0
Trd, 000285.717, 143
Trd, 000285.833, 144.0
Trd, 000286.050, 148
Trd, 000286.617, 145.0
Trd, 000286.817, 146
Trd, 000288.267, 141
Trd, 000288.283, 143
Trd, 000288.367, 144
Trd, 000288.850, 144
Trd, 000289.933, 143.0
Trd, 000290.083, 143.0
Trd, 000290.417, 146
Trd, 000291.300, 144
Trd, 000291.583, 147
Trd, 000291.600, 145
Trd, 000291.700, 144
Trd, 000291.900, 144.0
Trd, 000291.917, 148
Trd, 000292.533, 134.0
Trd, 000292.783, 151
Trd, 000293.267, 148
Trd, 000294.000, 147
Trd, 000294.033, 141.0
Trd, 000294.533, 155.0
Trd, 000295.200, 140
Trd, 000296.683, 149
Trd, 000296.817, 149
Trd, 000297.017, 155.0
Trd, 000297.733, 152
Trd, 000297.750, 151
Trd, 000297.800, 149
Trd, 000297.850, 153
Trd, 000298.700, 150
Trd, 000298.917, 150
Trd, 000299.900, 151
