Trd, 000003.450, 143
Trd, 000003.517, 148
Trd, 000003.983, 147.0
Trd, 000004.617, 148.0
Trd, 000004.733, 149
Trd, 000004.783, 145
Trd, 000005.333, 155
Trd, 000005.633, 146
Trd, 000006.217, 155.0
Trd, 000009.083, 154.0
Trd, 000010.017, 148.0
Trd, 000010.583, 149
Trd, 000011.083, 150
Trd, 000011.683, 151
Trd, 000012.000, 152
Trd, 000012.633, 151
Trd, 000012.933, 151
Trd, 000013.050, 152
Trd, 000013.433, 148.0
Trd, 000013.750, 152
Trd, 000014.167, 144
Trd, 000015.383, 154
Trd, 000016.667, 152
Trd, 000017.133, 152
Trd, 000018.617, 152
Trd, 000018.800, 155.0
Trd, 000019.667, 153
Trd, 000020.317, 152
Trd, 000020.433, 152
Trd, 000021.167, 152
Trd, 000021.817, 154
Trd, 000022.733, 156
Trd, 000023.217, 154.0
Trd, 000023.667, 152
Trd, 000023.700, 148.0
Trd, 000023.900, 155
Trd, 000024.133, 144
Trd, 000025.433, 151
Trd, 000027.167, 150
Trd, 000027.333, 159
Trd, 000028.917, 151
Trd, 000029.083, 151
Trd, 000030.150, 146
Trd, 000030.367, 145
Trd, 000032.033, 143
Trd, 000033.033, 149
Trd, 000033.083, 148.0
Trd, 000033.533, 141
Trd, 000034.250, 147
Trd, 000035.767, 146
Trd, 000035.950, 146
Trd, 000036.783, 149
Trd, 000037.450, 148
Trd, 000038.067, 152.0
Trd, 000038.567, 149
Trd, 000038.833, 148
Trd, 000040.017, 152.0
Trd, 000040.183, 155.0
Trd, 000041.200, 150
Trd, 000041.367, 148
Trd, 000041.833, 150
Trd, 000042.450, 143
Trd, 000042.767, 160
Trd, 000042.783, 162
Trd, 000043.617, 148.0
Trd, 000044.867, 150
Trd, 000045.083, 150
Trd, 000046.683, 153
Trd, 000047.017, 152
Trd, 000047.450, 152
Trd, 000048.233, 151
Trd, 000048.383, 149.0
Trd, 000049.067, 151
Trd, 000049.767, 153
Trd, 000050.233, 153
Trd, 000050.517, 153.0
Trd, 000051.367, 153.0
Trd, 000052.850, 151.0
Trd, 000053.217, 148.0
Trd, 000054.850, 153.0
Trd, 000055.517, 154
Trd, 000055.833, 152
Trd, 000056.033, 151
Trd, 000056.100, 153
Trd, 000056.233, 151
Trd, 000057.683, 140
Trd, 000058.783, 151
Trd, 000058.850, 152
Trd, 000059.067, 149.0
Trd, 000060.350, 148.0
Trd, 000060.567, 150
Trd, 000061.383, 150
Trd, 000061.700, 150.0
Trd, 000061.967, 155.0
Trd, 000062.417, 153
Trd, 000062.767, 152
Trd, 000063.267, 151
Trd, 000064.333, 151
Trd, 000064.767, 150
Trd, 000064.867, 148.0
Trd, 000066.267, 148
Trd, 000066.550, 149
Trd, 000067.883, 149
Trd, 000067.983, 148.0
Trd, 000068.417, 149
Trd, 000068.933, 148
Trd, 000069.617, 145
Trd, 000069.867, 148
Trd, 000070.467, 145
Trd, 000073.183, 147
Trd, 000073.317, 146
Trd, 000073.767, 147
Trd, 000073.817, 144
Trd, 000074.667, 150.0
Trd, 000075.033, 158
Trd, 000075.167, 149
Trd, 000075.267, 148.0
Trd, 000077.283, 149.0
Trd, 000077.967, 149.0
Trd, 000078.033, 151
Trd, 000078.967, 148.0
Trd, 000079.100, 149
Trd, 000080.300, 146
Trd, 000080.500, 148
Trd, 000081.583, 149
Trd, 000082.067, 149
Trd, 000083.150, 148
Trd, 000083.833, 148
Trd, 000084.533, 149
Trd, 000084.583, 148
Trd, 000084.700, 148.0
Trd, 000085.317, 150
Trd, 000085.367, 151
Trd, 000087.150, 149
Trd, 000088.067, 148
Trd, 000089.033, 150
Trd, 000089.750, 148
Trd, 000090.000, 152
Trd, 000091.133, 153
Trd, 000091.150, 152
Trd, 000091.500, 151
Trd, 000091.767, 156
Trd, 000092.900, 151.0
Trd, 000093.900, 154
Trd, 000094.033, 155.0
Trd, 000094.083, 155
Trd, 000094.283, 153
Trd, 000095.517, 156
Trd, 000095.817, 152.0
Trd, 000096.133, 156
Trd, 000096.833, 155
Trd, 000097.933, 152.0
Trd, 000097.967, 151.0
Trd, 000099.700, 150
Trd, 000100.033, 151
Trd, 000100.083, 151
Trd, 000100.117, 149
Trd, 000100.150, 148.0
Trd, 000101.167, 143
Trd, 000101.850, 152
Trd, 000102.117, 151
Trd, 000103.600, 143
Trd, 000104.200, 145
Trd, 000104.667, 144
Trd, 000105.700, 146
Trd, 000105.983, 145
Trd, 000106.633, 146
Trd, 000107.783, 154.0
Trd, 000108.200, 155.0
Trd, 000109.467, 153
Trd, 000110.700, 152.0
Trd, 000110.717, 151.0
Trd, 000111.233, 155
Trd, 000112.550, 151.0
Trd, 000113.650, 151.0
Trd, 000114.733, 151
Trd, 000114.917, 150.0
Trd, 000115.667, 148.0
Trd, 000115.783, 150
Trd, 000116.383, 143
Trd, 000116.933, 148
Trd, 000117.933, 146
Trd, 000118.167, 146
Trd, 000118.550, 146
Trd, 000119.133, 147
Trd, 000119.533, 145
Trd, 000120.700, 145
Trd, 000121.433, 146
Trd, 000122.217, 147
Trd, 000123.467, 147
Trd, 000123.633, 146
Trd, 000123.917, 147
Trd, 000124.283, 144
Trd, 000125.450, 145
Trd, 000126.517, 146
Trd, 000126.567, 148.0
Trd, 000127.117, 149.0
Trd, 000128.000, 146
Trd, 000128.583, 151
Trd, 000129.700, 152
Trd, 000130.267, 151.0
Trd, 000130.350, 150
Trd, 000131.650, 148.0
Trd, 000132.733, 149
Trd, 000132.900, 149
Trd, 000133.733, 149
Trd, 000133.850, 158
Trd, 000135.467, 155.0
Trd, 000136.183, 152
Trd, 000136.500, 151
Trd, 000136.867, 152
Trd, 000137.067, 151
Trd, 000137.383, 150
Trd, 000137.700, 156
Trd, 000138.733, 157
Trd, 000139.167, 157
Trd, 000140.367, 155
Trd, 000140.933, 155
Trd, 000141.083, 154
Trd, 000141.150, 153
Trd, 000141.750, 155
Trd, 000141.767, 157
Trd, 000142.717, 157
Trd, 000143.933, 154
Trd, 000144.233, 153.0
Trd, 000144.317, 152.0
Trd, 000144.883, 155
Trd, 000145.183, 154
Trd, 000147.183, 154
Trd, 000149.333, 153
Trd, 000149.783, 152
Trd, 000150.400, 151.0
Trd, 000150.833, 148.0
Trd, 000151.550, 147
Trd, 000152.583, 145
Trd, 000152.717, 151
Trd, 000152.867, 151
Trd, 000153.933, 152
Trd, 000154.483, 149
Trd, 000155.133, 149
Trd, 000155.633, 152
Trd, 000156.550, 152
Trd, 000157.900, 152
Trd, 000158.617, 149
Trd, 000159.200, 148
Trd, 000159.633, 148.0
Trd, 000160.767, 148.0
Trd, 000160.983, 148
Trd, 000161.667, 147
Trd, 000162.200, 146
Trd, 000163.067, 148
Trd, 000163.300, 155.0
Trd, 000164.333, 152
Trd, 000165.217, 151
Trd, 000165.450, 152
Trd, 000166.500, 155
Trd, 000166.583, 152
Trd, 000166.800, 148.0
Trd, 000169.933, 157
Trd, 000170.650, 153
Trd, 000170.683, 156
Trd, 000170.733, 152.0
Trd, 000171.500, 165.0
Trd, 000171.633, 151.0
Trd, 000174.333, 152
Trd, 000174.383, 151.0
Trd, 000174.617, 153
Trd, 000175.233, 150.0
Trd, 000176.250, 149.0
Trd, 000176.717, 150.0
Trd, 000177.750, 152
Trd, 000178.150, 153
Trd, 000178.300, 151
Trd, 000180.267, 153
Trd, 000181.117, 153.0
Trd, 000181.167, 155.0
Trd, 000181.983, 152.0
Trd, 000182.483, 151.0
Trd, 000183.217, 154
Trd, 000184.483, 151.0
Trd, 000184.717, 151
Trd, 000185.283, 151
Trd, 000186.183, 152
Trd, 000186.217, 153
Trd, 000187.317, 153
Trd, 000187.767, 154.0
Trd, 000188.417, 153.0
Trd, 000190.150, 151.0
Trd, 000192.133, 151
Trd, 000192.167, 149.0
Trd, 000192.850, 151
Trd, 000192.917, 148
Trd, 000194.017, 150.0
Trd, 000195.417, 153
Trd, 000195.950, 152
Trd, 000197.383, 148.0
Trd, 000197.517, 145
Trd, 000198.433, 148
Trd, 000198.750, 144
Trd, 000199.083, 144
Trd, 000199.517, 143
Trd, 000201.183, 145
Trd, 000201.467, 146
Trd, 000201.617, 141
Trd, 000202.433, 142
Trd, 000202.583, 147
Trd, 000203.983, 140
Trd, 000205.217, 147
Trd, 000205.383, 162
Trd, 000206.300, 152
Trd, 000206.817, 152
Trd, 000207.483, 156
Trd, 000207.683, 152.0
Trd, 000208.233, 152
Trd, 000209.417, 152
Trd, 000209.867, 152
Trd, 000210.183, 151.0
Trd, 000210.683, 148.0
Trd, 000212.667, 149
Trd, 000212.817, 150
Trd, 000212.900, 155.0
Trd, 000213.583, 153
Trd, 000214.300, 152
Trd, 000214.933, 152
Trd, 000215.650, 152
Trd, 000215.833, 153
Trd, 000216.100, 152
Trd, 000217.117, 152.0
Trd, 000218.083, 151.0
Trd, 000218.567, 150
Trd, 000219.117, 151
Trd, 000220.717, 148.0
Trd, 000220.850, 148
Trd, 000221.317, 153.0
Trd, 000222.167, 154.0
Trd, 000223.033, 152
Trd, 000223.517, 152
Trd, 000223.650, 155.0
Trd, 000223.683, 165.0
Trd, 000224.333, 153
Trd, 000226.383, 154
Trd, 000226.533, 158
Trd, 000229.083, 152.0
Trd, 000229.167, 154
Trd, 000229.283, 155
Trd, 000230.433, 154
Trd, 000230.583, 153.0
Trd, 000231.467, 153
Trd, 000233.917, 153
Trd, 000235.333, 153
Trd, 000235.417, 152
Trd, 000235.833, 152
Trd, 000235.967, 155.0
Trd, 000236.133, 151.0
Trd, 000236.500, 158
Trd, 000236.517, 151
Trd, 000236.633, 162
Trd, 000237.550, 143
Trd, 000238.183, 156
Trd, 000240.000, 149.0
Trd, 000240.100, 150
Trd, 000240.300, 151
Trd, 000240.517, 150.0
Trd, 000241.200, 149.0
Trd, 000241.467, 149.0
Trd, 000241.583, 148.0
Trd, 000241.900, 150.0
Trd, 000242.067, 150
Trd, 000242.200, 149
Trd, 000242.317, 149
Trd, 000242.667, 152.0
Trd, 000243.083, 151
Trd, 000243.850, 150
Trd, 000244.317, 146
Trd, 000245.033, 151
Trd, 000245.733, 150
Trd, 000245.767, 148
Trd, 000246.050, 147
Trd, 000246.850, 148
Trd, 000247.133, 149
Trd, 000247.917, 155.0
Trd, 000248.017, 158
Trd, 000249.067, 151
Trd, 000249.567, 151
Trd, 000249.717, 151.0
Trd, 000249.917, 151.0
Trd, 000250.017, 150
Trd, 000251.217, 150
Trd, 000251.300, 148.0
Trd, 000251.783, 148.0
Trd, 000252.033, 149
Trd, 000252.233, 143
Trd, 000252.917, 144
Trd, 000253.133, 147
Trd, 000253.583, 147
Trd, 000253.650, 147.0
Trd, 000254.133, 151.0
Trd, 000254.933, 151.0
Trd, 000255.050, 150.0
Trd, 000255.317, 149.0
Trd, 000256.217, 147
Trd, 000256.933, 145
Trd, 000257.200, 140
Trd, 000257.317, 143
Trd, 000257.600, 148
Trd, 000257.950, 148.0
Trd, 000258.283, 151.0
Trd, 000258.367, 150
Trd, 000258.833, 148.0
Trd, 000259.150, 137.0
Trd, 000259.650, 149
Trd, 000259.917, 149
Trd, 000260.167, 140
Trd, 000261.350, 133.0
Trd, 000261.550, 135
Trd, 000261.817, 146
Trd, 000262.483, 151.0
Trd, 000263.067, 154
Trd, 000263.533, 153
Trd, 000263.733, 151.0
Trd, 000263.800, 151
Trd, 000264.317, 152
Trd, 000264.617, 151.0
Trd, 000264.983, 154
Trd, 000265.733, 150
Trd, 000266.033, 153.0
Trd, 000266.200, 150.0
Trd, 000266.250, 148.0
Trd, 000266.333, 155.0
Trd, 000267.167, 151
Trd, 000267.450, 143
Trd, 000267.733, 156
Trd, 000268.033, 152
Trd, 000269.617, 150
Trd, 000269.933, 151
Trd, 000271.167, 151.0
Trd, 000271.183, 150.0
Trd, 000271.383, 148.0
Trd, 000271.733, 148
Trd, 000271.983, 147
Trd, 000272.400, 148
Trd, 000272.417, 146
Trd, 000272.583, 152
Trd, 000272.867, 143
Trd, 000274.483, 147
Trd, 000274.833, 155.0
Trd, 000275.233, 140
Trd, 000275.667, 137.0
Trd, 000275.767, 140
Trd, 000276.100, 148
Trd, 000276.717, 147
Trd, 000276.733, 148
Trd, 000277.133, 151
Trd, 000277.767, 152
Trd, 000278.250, 151
Trd, 000278.717, 151
Trd, 000278.950, 146
Trd, 000279.417, 153
Trd, 000279.633, 148
Trd, 000279.867, 150
Trd, 000280.000, 146
Trd, 000280.133, 151
Trd, 000281.700, 149
Trd, 000281.817, 149
Trd, 000282.467, 149
Trd, 000282.717, 155.0
Trd, 000283.550, 150
Trd, 000283.800, 158
Trd, 000285.067, 152
Trd, 000285.383, 151
Trd, 000285.667, 150
Trd, 000286.033, 149
Trd, 000286.433, 148.0
Trd, 000286.500, 149.0
Trd, 000286.517, 144
Trd, 000286.667, 148
Trd, 000287.233, 149
Trd, 000288.033, 145
Trd, 000288.383, 148.0
Trd, 000288.417, 142
Trd, 000289.200, 138.0
Trd, 000289.400, 151.0
Trd, 000290.183, 148
Trd, 000290.833, 140
Trd, 000290.967, 149
Trd, 000291.400, 142
Trd, 000292.283, 149
Trd, 000292.683, 143
Trd, 000292.783, 143
Trd, 000293.717, 149
Trd, 000293.933, 154.0
Trd, 000294.383, 154.0
Trd, 000294.500, 150
Trd, 000294.900, 149
Trd, 000294.917, 155.0
Trd, 000294.950, 148
Trd, 000295.517, 162.0
Trd, 000295.917, 148.0
Trd, 000296.333, 150.0
Trd, 000296.733, 142
Trd, 000297.467, 141
Trd, 000297.583, 145
Trd, 000297.633, 140
Trd, 000298.383, 146
Trd, 000298.900, 144
Trd, 000298.917, 137.0
