Trd, 000001.367, 135
Trd, 000002.933, 145.0
Trd, 000003.183, 145.0
Trd, 000003.517, 145
Trd, 000004.550, 146.0
Trd, 000004.767, 145.0
Trd, 000004.950, 148.0
Trd, 000005.017, 144.0
Trd, 000005.983, 150
Trd, 000006.400, 140
Trd, 000006.717, 140
Trd, 000006.767, 151.0
Trd, 000009.067, 144
Trd, 000009.450, 147
Trd, 000009.867, 146
Trd, 000010.467, 144
Trd, 000010.583, 147
Trd, 000010.750, 151.0
Trd, 000012.883, 146
Trd, 000013.117, 142
Trd, 000013.917, 144.0
Trd, 000014.317, 149
Trd, 000015.233, 148
Trd, 000015.517, 148
Trd, 000015.850, 145
Trd, 000016.733, 151.0
Trd, 000016.917, 147
Trd, 000016.967, 149
Trd, 000017.200, 149
Trd, 000017.967, 147
Trd, 000018.133, 147
Trd, 000018.833, 147
Trd, 000019.133, 146
Trd, 000019.933, 147
Trd, 000021.100, 145
Trd, 000021.333, 144.0
Trd, 000021.667, 149
Trd, 000023.617, 148
Trd, 000025.117, 155.0
Trd, 000026.217, 145
Trd, 000026.700, 151.0
Trd, 000027.083, 150
Trd, 000027.350, 151.0
Trd, 000028.000, 150
Trd, 000028.517, 150
Trd, 000029.317, 151
Trd, 000030.050, 155.0
Trd, 000031.083, 151
Trd, 000032.100, 144.0
Trd, 000032.117, 153
Trd, 000034.117, 145
Trd, 000034.433, 141
Trd, 000034.983, 151.0
Trd, 000035.200, 154
Trd, 000035.417, 143
Trd, 000035.867, 152
Trd, 000037.017, 150
Trd, 000037.067, 149
Trd, 000038.383, 151
Trd, 000038.783, 150
Trd, 000039.083, 149
Trd, 000039.333, 136
Trd, 000039.433, 130
Trd, 000040.650, 150.0
Trd, 000041.333, 151.0
Trd, 000041.433, 145.0
Trd, 000041.700, 151
Trd, 000042.483, 162.0
Trd, 000042.783, 165.0
Trd, 000044.250, 150.0
Trd, 000045.267, 149.0
Trd, 000045.417, 149.0
Trd, 000046.700, 149
Trd, 000047.200, 151.0
Trd, 000047.317, 150
Trd, 000047.600, 149
Trd, 000049.417, 148
Trd, 000049.850, 149
Trd, 000050.650, 149
Trd, 000050.667, 148
Trd, 000051.217, 150
Trd, 000051.250, 144.0
Trd, 000051.317, 140
Trd, 000052.100, 151.0
Trd, 000052.233, 139
Trd, 000052.983, 161.0
Trd, 000054.583, 146
Trd, 000055.033, 145
Trd, 000055.217, 145
Trd, 000055.533, 142
Trd, 000055.650, 142
Trd, 000056.183, 145
Trd, 000057.667, 151.0
Trd, 000058.350, 154
Trd, 000058.383, 160
Trd, 000060.067, 157
Trd, 000060.400, 158
Trd, 000060.517, 162.0
Trd, 000061.817, 158
Trd, 000062.867, 163
Trd, 000063.117, 165.0
Trd, 000063.183, 175.0
Trd, 000063.300, 164
Trd, 000063.533, 162
Trd, 000063.767, 157
Trd, 000065.717, 140
Trd, 000066.200, 155
Trd, 000066.233, 136
Trd, 000066.350, 131
Trd, 000066.767, 154
Trd, 000067.900, 144.0
Trd, 000068.550, 151
Trd, 000068.867, 143
Trd, 000070.117, 150.0
Trd, 000071.417, 141
Trd, 000071.583, 150.0
Trd, 000073.500, 142
Trd, 000073.683, 148
Trd, 000074.550, 148
Trd, 000075.500, 148.0
Trd, 000075.933, 148
Trd, 000075.967, 147.0
Trd, 000078.083, 150
Trd, 000078.200, 154.0
Trd, 000079.000, 150
Trd, 000079.617, 152
Trd, 000079.883, 151
Trd, 000080.000, 150
Trd, 000080.383, 150
Trd, 000080.583, 144.0
Trd, 000081.017, 162.0
Trd, 000082.433, 147.0
Trd, 000083.967, 147.0
Trd, 000084.050, 146
Trd, 000084.217, 153
Trd, 000085.367, 153
Trd, 000085.867, 149.0
Trd, 000087.500, 150
Trd, 000087.983, 150.0
Trd, 000088.000, 149.0
Trd, 000088.650, 151
Trd, 000088.817, 150
Trd, 000089.200, 144.0
Trd, 000090.767, 151.0
Trd, 000091.367, 145
Trd, 000092.217, 148
Trd, 000092.267, 149
Trd, 000093.133, 146
Trd, 000093.533, 149
Trd, 000093.783, 149
Trd, 000093.817, 146.0
Trd, 000094.283, 147.0
Trd, 000094.333, 144.0
Trd, 000094.883, 145
Trd, 000098.783, 146
Trd, 000099.150, 145
Trd, 000099.617, 141
Trd, 000100.733, 145
Trd, 000101.367, 151.0
Trd, 000101.717, 162.0
Trd, 000102.367, 163.0
Trd, 000102.583, 142
Trd, 000103.917, 136
Trd, 000104.850, 149
Trd, 000106.033, 150
Trd, 000106.467, 151
Trd, 000106.617, 147
Trd, 000107.433, 146
Trd, 000107.733, 150
Trd, 000108.650, 147
Trd, 000108.933, 151
Trd, 000109.250, 151.0
Trd, 000110.300, 145
Trd, 000110.583, 151
Trd, 000111.517, 152
Trd, 000112.683, 151
Trd, 000113.267, 161.0
Trd, 000113.667, 152
Trd, 000113.883, 151
Trd, 000113.933, 155
Trd, 000114.500, 152
Trd, 000115.517, 152
Trd, 000115.733, 151
Trd, 000118.333, 153.0
Trd, 000118.633, 154
Trd, 000118.967, 155.0
Trd, 000119.350, 151
Trd, 000119.767, 152
Trd, 000120.917, 150.0
Trd, 000121.283, 150
Trd, 000122.283, 151
Trd, 000122.433, 147.0
Trd, 000123.817, 150
Trd, 000124.000, 150
Trd, 000124.867, 151.0
Trd, 000124.950, 165.0
Trd, 000124.967, 150.0
Trd, 000127.017, 148
Trd, 000127.367, 148
Trd, 000127.600, 147
Trd, 000128.200, 146
Trd, 000129.367, 150
Trd, 000129.450, 148
Trd, 000130.083, 149
Trd, 000130.100, 150
Trd, 000130.417, 151.0
Trd, 000130.900, 152
Trd, 000130.967, 155.0
Trd, 000132.300, 149
Trd, 000132.350, 148
Trd, 000132.650, 150.0
Trd, 000132.967, 150
Trd, 000133.800, 149
Trd, 000135.317, 149
Trd, 000136.550, 150.0
Trd, 000138.083, 151.0
Trd, 000138.417, 151
Trd, 000138.733, 151
Trd, 000139.783, 151
Trd, 000139.867, 150
Trd, 000141.283, 146.0
Trd, 000141.917, 158.0
Trd, 000142.117, 162.0
Trd, 000142.183, 145
Trd, 000143.283, 146.0
Trd, 000144.350, 145.0
Trd, 000144.700, 151.0
Trd, 000144.917, 152
Trd, 000145.500, 147.0
Trd, 000146.467, 146.0
Trd, 000147.750, 147
Trd, 000148.467, 149
Trd, 000149.167, 147.0
Trd, 000149.183, 144.0
Trd, 000150.250, 145
Trd, 000150.533, 149
Trd, 000150.617, 144.0
Trd, 000150.850, 143
Trd, 000150.950, 151.0
Trd, 000153.150, 145
Trd, 000153.183, 145
Trd, 000153.750, 146
Trd, 000154.367, 155.0
Trd, 000154.800, 147
Trd, 000155.350, 144.0
Trd, 000155.433, 151.0
Trd, 000156.683, 147
Trd, 000156.917, 145
Trd, 000157.233, 145
Trd, 000158.567, 147
Trd, 000158.983, 146.0
Trd, 000159.133, 150.0
Trd, 000159.300, 145.0
Trd, 000159.333, 149
Trd, 000160.850, 149
Trd, 000161.533, 144.0
Trd, 000161.817, 146
Trd, 000162.417, 143
Trd, 000164.117, 142
Trd, 000164.700, 148
Trd, 000165.450, 149
Trd, 000165.733, 150.0
Trd, 000165.900, 149
Trd, 000166.067, 151.0
Trd, 000166.967, 151
Trd, 000167.333, 155.0
Trd, 000167.750, 152
Trd, 000168.983, 144.0
Trd, 000169.467, 147.0
Trd, 000169.683, 149
Trd, 000170.883, 143
Trd, 000171.617, 140
Trd, 000171.667, 142
Trd, 000171.850, 143
Trd, 000171.933, 134
Trd, 000173.617, 155.0
Trd, 000174.217, 150
Trd, 000175.233, 147
Trd, 000175.967, 151.0
Trd, 000177.600, 160.0
Trd, 000177.733, 155
Trd, 000178.550, 161
Trd, 000178.900, 160
Trd, 000178.967, 159
Trd, 000179.333, 159
Trd, 000179.383, 162.0
Trd, 000179.983, 158
Trd, 000182.417, 158
Trd, 000183.000, 158
Trd, 000183.533, 158
Trd, 000183.917, 157
Trd, 000185.017, 151.0
Trd, 000185.283, 148.0
Trd, 000185.817, 146.0
Trd, 000186.033, 156
Trd, 000186.383, 162.0
Trd, 000186.617, 149
Trd, 000187.650, 150
Trd, 000187.817, 165.0
Trd, 000188.700, 151.0
Trd, 000189.400, 150.0
Trd, 000190.650, 144.0
Trd, 000190.900, 148.0
Trd, 000191.217, 151.0
Trd, 000192.517, 150
Trd, 000192.850, 151
Trd, 000192.983, 151
Trd, 000193.033, 154.0
Trd, 000193.383, 147
Trd, 000193.733, 135
Trd, 000194.533, 151
Trd, 000194.950, 151
Trd, 000197.250, 149
Trd, 000198.600, 150
Trd, 000199.017, 151.0
Trd, 000199.767, 155.0
Trd, 000200.333, 154
Trd, 000200.483, 152
Trd, 000200.650, 152
Trd, 000200.967, 157
Trd, 000201.350, 144.0
Trd, 000201.950, 151.0
Trd, 000202.550, 150
Trd, 000204.467, 150
Trd, 000204.633, 150
Trd, 000204.667, 150
Trd, 000204.950, 140
Trd, 000205.233, 152
Trd, 000207.000, 146.0
Trd, 000207.450, 149
Trd, 000207.467, 149
Trd, 000207.900, 155.0
Trd, 000207.950, 162.0
Trd, 000208.233, 147
Trd, 000210.500, 151.0
Trd, 000211.017, 151
Trd, 000211.400, 151
Trd, 000211.900, 151
Trd, 000212.550, 150.0
Trd, 000212.967, 153
Trd, 000213.583, 150
Trd, 000214.850, 145.0
Trd, 000215.333, 145
Trd, 000215.433, 144.0
Trd, 000215.483, 151.0
Trd, 000215.800, 135
Trd, 000217.333, 146
Trd, 000217.667, 138
Trd, 000218.617, 144
Trd, 000218.850, 138
Trd, 000219.267, 139
Trd, 000219.417, 144
Trd, 000219.500, 138
Trd, 000219.633, 155.0
Trd, 000220.450, 138
Trd, 000221.283, 145
Trd, 000221.517, 144.0
Trd, 000223.867, 144
Trd, 000224.117, 145
Trd, 000224.383, 141
Trd, 000224.817, 151.0
Trd, 000224.833, 155.0
Trd, 000226.100, 148
Trd, 000226.650, 144.0
Trd, 000226.933, 149
Trd, 000227.000, 141
Trd, 000227.117, 140
Trd, 000228.117, 149
Trd, 000230.067, 147.0
Trd, 000230.500, 148
Trd, 000230.917, 147.0
Trd, 000231.133, 148
Trd, 000231.250, 147.0
Trd, 000231.383, 151
Trd, 000232.267, 149
Trd, 000232.900, 149
Trd, 000233.383, 155.0
Trd, 000233.517, 144
Trd, 000233.633, 144.0
Trd, 000235.067, 151.0
Trd, 000235.600, 151
Trd, 000235.667, 154.0
Trd, 000237.567, 151
Trd, 000237.717, 142
Trd, 000238.083, 151.0
Trd, 000239.333, 151
Trd, 000239.367, 152
Trd, 000239.467, 150
Trd, 000240.050, 153
Trd, 000240.217, 155.0
Trd, 000240.250, 154
Trd, 000240.750, 153
Trd, 000240.817, 155
Trd, 000241.000, 154
Trd, 000241.100, 152
Trd, 000241.550, 150
Trd, 000242.483, 147.0
Trd, 000242.550, 147.0
Trd, 000242.933, 147
Trd, 000243.000, 150
Trd, 000244.283, 149
Trd, 000244.383, 151
Trd, 000244.550, 162.0
Trd, 000244.650, 149
Trd, 000245.117, 164.0
Trd, 000245.300, 151
Trd, 000246.617, 151
Trd, 000246.967, 154
Trd, 000247.517, 153
Trd, 000247.700, 154
Trd, 000248.117, 155
Trd, 000248.133, 144.0
Trd, 000248.200, 165.0
Trd, 000249.283, 140
Trd, 000249.700, 160
Trd, 000251.017, 155.0
Trd, 000251.567, 154
Trd, 000251.817, 155
Trd, 000251.933, 153
Trd, 000252.300, 152
Trd, 000252.467, 155
Trd, 000252.733, 156
Trd, 000252.783, 151
Trd, 000252.833, 157
Trd, 000253.117, 151
Trd, 000254.067, 156
Trd, 000255.467, 154
Trd, 000255.617, 155
Trd, 000256.117, 156
Trd, 000256.350, 162.0
Trd, 000256.900, 155
Trd, 000257.933, 156.0
Trd, 000258.350, 157
Trd, 000258.767, 158
Trd, 000259.033, 155.0
Trd, 000259.600, 156
Trd, 000259.750, 179.0
Trd, 000260.533, 161
Trd, 000260.617, 156
Trd, 000261.283, 162
Trd, 000261.533, 158
Trd, 000261.567, 155
Trd, 000262.567, 145.0
Trd, 000262.767, 147.0
Trd, 000263.450, 139
Trd, 000264.783, 145
Trd, 000264.833, 147
Trd, 000265.117, 146
Trd, 000265.383, 148
Trd, 000265.800, 151.0
Trd, 000266.167, 148
Trd, 000266.817, 149
Trd, 000266.967, 155.0
Trd, 000267.800, 148
Trd, 000267.950, 151.0
Trd, 000268.167, 145
Trd, 000268.817, 144.0
Trd, 000269.467, 145
Trd, 000269.517, 140
Trd, 000269.733, 150
Trd, 000270.417, 137
Trd, 000270.767, 146
Trd, 000270.783, 165.0
Trd, 000271.683, 148
Trd, 000271.733, 145
Trd, 000271.850, 150
Trd, 000272.050, 162.0
Trd, 000272.400, 152
Trd, 000272.733, 152
Trd, 000273.033, 147
Trd, 000273.517, 147
Trd, 000273.667, 152
Trd, 000275.100, 147
Trd, 000275.550, 149
Trd, 000275.600, 143
Trd, 000276.267, 150
Trd, 000276.617, 151
Trd, 000276.833, 145.0
Trd, 000277.050, 144.0
Trd, 000277.383, 137.0
Trd, 000277.867, 151.0
Trd, 000278.200, 149
Trd, 000278.233, 148
Trd, 000278.317, 155.0
Trd, 000278.650, 155.0
Trd, 000278.883, 151
Trd, 000279.817, 154
Trd, 000280.050, 155
Trd, 000280.083, 154
Trd, 000280.750, 159
Trd, 000280.767, 161.0
Trd, 000281.500, 150
Trd, 000281.550, 145.0
Trd, 000281.633, 164.0
Trd, 000283.633, 154
Trd, 000284.400, 147.0
Trd, 000284.783, 147
Trd, 000285.133, 144.0
Trd, 000285.350, 151.0
Trd, 000285.417, 154
Trd, 000285.583, 163.0
Trd, 000285.683, 145.0
Trd, 000286.383, 145.0
Trd, 000286.400, 144.0
Trd, 000286.867, 151
Trd, 000287.100, 140
Trd, 000287.133, 154
Trd, 000287.583, 155.0
Trd, 000287.767, 153.0
Trd, 000289.017, 155
Trd, 000289.533, 149
Trd, 000289.617, 144.0
Trd, 000289.950, 136.0
Trd, 000290.683, 149
Trd, 000291.233, 144.0
Trd, 000291.367, 142
Trd, 000291.433, 150.0
Trd, 000291.650, 148
Trd, 000292.417, 144
Trd, 000292.733, 155.0
Trd, 000293.133, 142
Trd, 000293.183, 141
Trd, 000293.200, 140
Trd, 000293.233, 151.0
Trd, 000293.367, 141.0
Trd, 000294.083, 161.0
Trd, 000294.117, 162.0
Trd, 000294.367, 165.0
Trd, 000295.233, 160
Trd, 000296.017, 160.0
Trd, 000296.617, 160.0
Trd, 000297.167, 159.0
Trd, 000297.267, 156
Trd, 000297.400, 155.0
Trd, 000298.717, 154
Trd, 000299.217, 158
Trd, 000299.933, 155.0
