Trd, 000001.383, 141
Trd, 000001.533, 144
Trd, 000001.633, 151.0
Trd, 000002.217, 196.0
Trd, 000003.267, 184.0
Trd, 000003.700, 182.0
Trd, 000003.717, 168
Trd, 000005.433, 160.0
Trd, 000006.250, 158.0
Trd, 000006.467, 157
Trd, 000006.850, 150
Trd, 000006.967, 148.0
Trd, 000007.133, 134.0
Trd, 000007.983, 134.0
Trd, 000008.667, 149.0
Trd, 000008.867, 151.0
Trd, 000009.833, 148
Trd, 000009.867, 155
Trd, 000010.350, 162.0
Trd, 000010.367, 152
Trd, 000010.683, 166
Trd, 000010.717, 152
Trd, 000011.750, 154
Trd, 000011.950, 152
Trd, 000012.633, 152
Trd, 000013.533, 156
Trd, 000013.683, 153
Trd, 000015.233, 156
Trd, 000015.533, 155
Trd, 000015.700, 162.0
Trd, 000015.900, 156
Trd, 000016.367, 151
Trd, 000016.467, 150
Trd, 000016.683, 167
Trd, 000018.050, 164
Trd, 000018.633, 153
Trd, 000018.917, 161
Trd, 000019.550, 158
Trd, 000020.267, 166
Trd, 000020.317, 158
Trd, 000020.767, 167
Trd, 000020.967, 157
Trd, 000021.483, 157
Trd, 000022.217, 163
Trd, 000023.283, 162
Trd, 000023.733, 156
Trd, 000023.883, 156
Trd, 000024.517, 154
Trd, 000024.650, 162
Trd, 000025.133, 151
Trd, 000025.167, 168
Trd, 000025.900, 152
Trd, 000026.200, 151
Trd, 000027.133, 163
Trd, 000027.350, 153
Trd, 000028.383, 150
Trd, 000028.433, 163
Trd, 000028.500, 148.0
Trd, 000029.817, 163
Trd, 000030.033, 162
Trd, 000030.100, 160
Trd, 000030.200, 164
Trd, 000031.500, 162
Trd, 000032.050, 160
Trd, 000032.500, 161
Trd, 000032.767, 161
Trd, 000032.967, 158
Trd, 000033.683, 158
Trd, 000034.500, 158
Trd, 000034.783, 157
Trd, 000034.817, 150
Trd, 000034.933, 161
Trd, 000035.017, 163
Trd, 000035.333, 165
Trd, 000037.133, 157
Trd, 000037.900, 156
Trd, 000038.233, 156
Trd, 000038.317, 161
Trd, 000039.317, 161
Trd, 000039.917, 155
Trd, 000040.000, 154
Trd, 000040.267, 150
Trd, 000040.667, 158
Trd, 000041.383, 132.0
Trd, 000041.667, 133.0
Trd, 000042.033, 132.0
Trd, 000042.067, 134.0
Trd, 000043.483, 148.0
Trd, 000044.083, 158
Trd, 000044.717, 162.0
Trd, 000044.867, 165
Trd, 000044.917, 154
Trd, 000045.433, 154
Trd, 000046.433, 154
Trd, 000046.617, 153
Trd, 000047.267, 154
Trd, 000048.367, 154
Trd, 000048.433, 153
Trd, 000048.700, 150
Trd, 000048.983, 159
Trd, 000049.433, 149.0
Trd, 000050.517, 151
Trd, 000050.833, 150.0
Trd, 000051.483, 162.0
Trd, 000051.817, 165
Trd, 000052.417, 151
Trd, 000052.617, 150
Trd, 000052.767, 154
Trd, 000052.900, 143
Trd, 000053.283, 148.0
Trd, 000055.817, 153
Trd, 000055.983, 162
Trd, 000057.600, 155
Trd, 000057.883, 155
Trd, 000058.700, 157
Trd, 000059.133, 153
Trd, 000059.267, 162.0
Trd, 000059.883, 157
Trd, 000060.150, 153
Trd, 000060.683, 152
Trd, 000060.800, 152
Trd, 000061.283, 150
Trd, 000062.183, 150.0
Trd, 000063.083, 149.0
Trd, 000063.100, 148.0
Trd, 000063.500, 166
Trd, 000064.167, 149
Trd, 000064.417, 148
Trd, 000064.967, 157
Trd, 000065.517, 147
Trd, 000066.167, 156
Trd, 000066.283, 157
Trd, 000066.517, 162.0
Trd, 000066.567, 166
Trd, 000067.067, 154
Trd, 000068.083, 153
Trd, 000068.183, 149
Trd, 000068.233, 148.0
Trd, 000068.433, 161
Trd, 000068.850, 146
Trd, 000070.150, 137
Trd, 000071.583, 151.0
Trd, 000072.017, 153
Trd, 000072.267, 141.0
Trd, 000072.733, 146
Trd, 000075.100, 154
Trd, 000076.067, 163
Trd, 000076.083, 155
Trd, 000076.117, 154
Trd, 000076.150, 164
Trd, 000076.350, 154
Trd, 000076.567, 150
Trd, 000077.150, 159
Trd, 000077.217, 149
Trd, 000077.283, 162.0
Trd, 000078.983, 149
Trd, 000079.867, 148.0
Trd, 000079.900, 134.0
Trd, 000080.483, 164
Trd, 000081.217, 165
Trd, 000081.850, 153
Trd, 000082.167, 154
Trd, 000083.317, 163
Trd, 000084.033, 155
Trd, 000084.733, 154
Trd, 000084.867, 155
Trd, 000085.450, 162
Trd, 000085.550, 154
Trd, 000085.650, 164
Trd, 000085.950, 153
Trd, 000086.750, 151
Trd, 000087.183, 165
Trd, 000087.717, 168
Trd, 000087.800, 152
Trd, 000088.850, 158
Trd, 000088.883, 154
Trd, 000088.983, 150
Trd, 000089.517, 161
Trd, 000090.283, 159
Trd, 000091.233, 150.0
Trd, 000091.250, 160
Trd, 000091.950, 158
Trd, 000092.783, 153
Trd, 000093.317, 153
Trd, 000094.933, 161
Trd, 000095.067, 162.0
Trd, 000095.350, 158.0
Trd, 000096.583, 157
Trd, 000097.167, 157
Trd, 000097.867, 152
Trd, 000097.983, 151
Trd, 000098.217, 154
Trd, 000098.583, 150
Trd, 000098.783, 156
Trd, 000098.833, 157
Trd, 000098.950, 160
Trd, 000099.783, 155
Trd, 000100.300, 164
Trd, 000101.017, 154
Trd, 000101.033, 164
Trd, 000101.683, 155
Trd, 000102.400, 148.0
Trd, 000102.517, 141.0
Trd, 000103.917, 150
Trd, 000104.133, 148
Trd, 000104.383, 158
Trd, 000104.500, 164
Trd, 000104.850, 134.0
Trd, 000105.667, 145
Trd, 000105.833, 148.0
Trd, 000106.150, 156
Trd, 000106.167, 165
Trd, 000106.200, 144
Trd, 000106.450, 138
Trd, 000106.667, 164
Trd, 000107.483, 149.0
Trd, 000108.067, 148.0
Trd, 000108.250, 148
Trd, 000109.700, 140
Trd, 000110.467, 160
Trd, 000110.550, 143
Trd, 000110.850, 141
Trd, 000111.200, 144
Trd, 000112.883, 143
Trd, 000113.000, 161.0
Trd, 000113.350, 141
Trd, 000113.967, 160.0
Trd, 000115.033, 158
Trd, 000115.767, 161.0
Trd, 000115.933, 155
Trd, 000116.883, 153
Trd, 000117.200, 158
Trd, 000117.400, 149.0
Trd, 000117.483, 148.0
Trd, 000118.067, 148
Trd, 000118.517, 134.0
Trd, 000119.650, 147
Trd, 000120.050, 164
Trd, 000120.417, 148.0
Trd, 000120.517, 147
Trd, 000120.867, 163
Trd, 000121.233, 146
Trd, 000121.333, 134.0
Trd, 000122.483, 146
Trd, 000122.633, 145
Trd, 000122.650, 167
Trd, 000123.883, 148.0
Trd, 000124.983, 149
Trd, 000125.483, 155
Trd, 000125.650, 148
Trd, 000126.717, 157
Trd, 000126.967, 151
Trd, 000127.083, 160
Trd, 000127.350, 148
Trd, 000129.100, 158
Trd, 000129.300, 157
Trd, 000129.683, 162.0
Trd, 000129.917, 159
Trd, 000130.567, 154
Trd, 000131.317, 156
Trd, 000132.450, 156
Trd, 000133.050, 157
Trd, 000133.083, 156
Trd, 000133.300, 155
Trd, 000133.383, 157
Trd, 000133.733, 158
Trd, 000134.017, 149.0
Trd, 000134.967, 156
Trd, 000135.433, 150
Trd, 000136.433, 164
Trd, 000136.967, 157
Trd, 000137.333, 164
Trd, 000137.383, 156
Trd, 000137.767, 156
Trd, 000138.150, 148.0
Trd, 000138.717, 159
Trd, 000139.033, 154
Trd, 000140.433, 156
Trd, 000140.933, 154
Trd, 000141.183, 153
Trd, 000141.300, 151
Trd, 000142.183, 150
Trd, 000142.450, 134.0
Trd, 000142.933, 151
Trd, 000143.067, 143
Trd, 000143.083, 151.0
Trd, 000143.767, 127.0
Trd, 000144.083, 162.0
Trd, 000144.350, 148.0
Trd, 000144.783, 164
Trd, 000145.267, 146
Trd, 000145.517, 146
Trd, 000145.967, 145
Trd, 000147.650, 153
Trd, 000148.067, 152
Trd, 000148.300, 151
Trd, 000148.450, 149
Trd, 000148.933, 163
Trd, 000149.417, 149
Trd, 000150.850, 155
Trd, 000150.917, 150
Trd, 000151.300, 149
Trd, 000151.483, 149
Trd, 000152.983, 154
Trd, 000153.183, 154
Trd, 000153.967, 153
Trd, 000154.050, 164
Trd, 000154.367, 152
Trd, 000154.517, 150
Trd, 000155.200, 149
Trd, 000155.350, 139
Trd, 000155.750, 135.0
Trd, 000156.683, 148.0
Trd, 000156.717, 153
Trd, 000157.150, 126
Trd, 000157.633, 154
Trd, 000158.117, 144
Trd, 000158.233, 164
Trd, 000159.150, 147
Trd, 000160.033, 148
Trd, 000160.733, 148
Trd, 000161.433, 148.0
Trd, 000161.600, 150
Trd, 000161.750, 147
Trd, 000161.867, 147
Trd, 000162.500, 144
Trd, 000163.000, 152
Trd, 000163.167, 143
Trd, 000164.800, 150
Trd, 000164.917, 162
Trd, 000166.800, 163
Trd, 000166.850, 151
Trd, 000167.400, 151
Trd, 000168.133, 149
Trd, 000168.667, 156
Trd, 000169.317, 149
Trd, 000170.133, 148.0
Trd, 000170.533, 150
Trd, 000170.717, 149
Trd, 000170.833, 160
Trd, 000171.467, 127
Trd, 000172.333, 141.0
Trd, 000172.950, 137
Trd, 000173.150, 162
Trd, 000174.100, 155
Trd, 000174.400, 154
Trd, 000174.533, 160
Trd, 000175.100, 152
Trd, 000176.583, 153
Trd, 000177.150, 153
Trd, 000177.317, 148.0
Trd, 000177.800, 152
Trd, 000178.200, 152
Trd, 000178.800, 150
Trd, 000178.900, 134.0
Trd, 000179.083, 152
Trd, 000179.233, 163
Trd, 000180.833, 149
Trd, 000180.967, 156
Trd, 000182.250, 157
Trd, 000182.567, 149
Trd, 000182.617, 148
Trd, 000182.933, 161.0
Trd, 000183.100, 148
Trd, 000183.583, 149.0
Trd, 000183.750, 164
Trd, 000184.667, 149
Trd, 000184.800, 148.0
Trd, 000185.417, 149
Trd, 000186.150, 160
Trd, 000186.183, 148
Trd, 000187.083, 148
Trd, 000187.400, 140
Trd, 000188.117, 141.0
Trd, 000189.500, 148
Trd, 000189.567, 165
Trd, 000189.717, 166
Trd, 000190.100, 147
Trd, 000190.567, 159
Trd, 000190.800, 162.0
Trd, 000190.850, 148
Trd, 000191.850, 167
Trd, 000192.983, 154
Trd, 000193.150, 153
Trd, 000193.233, 143
Trd, 000193.367, 167
Trd, 000193.500, 144
Trd, 000193.533, 134.0
Trd, 000194.967, 150
Trd, 000195.217, 168
Trd, 000196.333, 164
Trd, 000196.650, 159.0
Trd, 000197.067, 159.0
Trd, 000197.233, 158.0
Trd, 000197.283, 170
Trd, 000198.733, 166
Trd, 000199.183, 159
Trd, 000200.333, 160
Trd, 000200.800, 161
Trd, 000201.733, 158.0
Trd, 000201.967, 158
Trd, 000202.217, 158
Trd, 000202.800, 166
Trd, 000203.783, 151
Trd, 000203.850, 150
Trd, 000204.833, 165
Trd, 000204.933, 158
Trd, 000205.133, 166
Trd, 000205.600, 161
Trd, 000205.717, 159
Trd, 000205.733, 155
Trd, 000206.417, 150.0
Trd, 000206.483, 148.0
Trd, 000206.833, 134.0
Trd, 000208.200, 149.0
Trd, 000208.733, 165
Trd, 000209.233, 148.0
Trd, 000209.467, 165
Trd, 000209.717, 147
Trd, 000211.183, 165
Trd, 000211.700, 155
Trd, 000212.083, 155
Trd, 000212.133, 152
Trd, 000212.483, 150
Trd, 000212.500, 148
Trd, 000212.700, 165
Trd, 000213.517, 151
Trd, 000213.533, 148
Trd, 000214.217, 152
Trd, 000214.400, 134.0
Trd, 000214.700, 141.0
Trd, 000215.150, 156
Trd, 000216.200, 157
Trd, 000216.800, 148
Trd, 000217.600, 153
Trd, 000219.450, 161
Trd, 000219.600, 159
Trd, 000220.083, 158.0
Trd, 000220.550, 160
Trd, 000220.617, 161
Trd, 000220.817, 158
Trd, 000221.533, 157
Trd, 000221.850, 157
Trd, 000222.067, 160
Trd, 000222.300, 161.0
Trd, 000222.633, 157
Trd, 000222.650, 150
Trd, 000222.750, 162.0
Trd, 000222.950, 134.0
Trd, 000223.550, 148.0
Trd, 000224.067, 148
Trd, 000224.183, 164
Trd, 000226.483, 165
Trd, 000227.233, 154
Trd, 000227.567, 152
Trd, 000227.633, 151
Trd, 000228.383, 167
Trd, 000229.133, 166
Trd, 000230.117, 167
Trd, 000230.400, 160.0
Trd, 000230.733, 168
Trd, 000230.783, 158.0
Trd, 000230.867, 158
Trd, 000232.700, 158
Trd, 000232.767, 162
Trd, 000234.333, 157
Trd, 000234.517, 162
Trd, 000234.933, 163
Trd, 000235.000, 158
Trd, 000235.100, 157
Trd, 000236.033, 158
Trd, 000236.650, 158
Trd, 000236.717, 150
Trd, 000237.983, 150.0
Trd, 000238.000, 163
Trd, 000238.233, 149
Trd, 000239.933, 157
Trd, 000240.183, 159
Trd, 000240.250, 158
Trd, 000240.300, 159
Trd, 000240.667, 158
Trd, 000240.683, 148.0
Trd, 000241.500, 152
Trd, 000242.083, 153
Trd, 000242.200, 154
Trd, 000243.350, 156
Trd, 000243.667, 158.0
Trd, 000243.867, 157.0
Trd, 000244.217, 162.0
Trd, 000244.267, 158.0
Trd, 000244.367, 156.0
Trd, 000244.833, 160
Trd, 000245.133, 162
Trd, 000245.367, 157
Trd, 000246.117, 157
Trd, 000246.300, 158.0
Trd, 000246.483, 158
Trd, 000246.600, 156
Trd, 000247.067, 153
Trd, 000247.283, 155
Trd, 000247.917, 149
Trd, 000247.950, 151
Trd, 000248.367, 148.0
Trd, 000250.417, 145
Trd, 000250.533, 144
Trd, 000251.250, 141.0
Trd, 000251.550, 139.0
Trd, 000251.667, 143
Trd, 000251.767, 144
Trd, 000252.050, 125.0
Trd, 000252.133, 134.0
Trd, 000252.917, 138.0
Trd, 000253.150, 127.0
Trd, 000253.383, 141.0
Trd, 000253.617, 144.0
Trd, 000253.667, 151.0
Trd, 000254.067, 143
Trd, 000255.183, 142
Trd, 000255.233, 144.0
Trd, 000255.833, 152.0
Trd, 000256.050, 155.0
Trd, 000256.917, 152
Trd, 000257.683, 153
Trd, 000258.150, 150
Trd, 000258.450, 155.0
Trd, 000258.983, 150
Trd, 000259.650, 151
Trd, 000259.767, 153
Trd, 000260.167, 150
Trd, 000260.583, 158.0
Trd, 000260.883, 153
Trd, 000260.900, 149
Trd, 000260.933, 159.0
Trd, 000261.917, 153
Trd, 000261.967, 154.0
Trd, 000262.317, 153
Trd, 000262.517, 152
Trd, 000262.583, 150
Trd, 000263.350, 150
Trd, 000264.450, 150
Trd, 000264.700, 151
Trd, 000265.583, 158.0
Trd, 000265.633, 162.0
Trd, 000265.833, 152.0
Trd, 000266.267, 153
Trd, 000266.483, 150
Trd, 000266.633, 149.0
Trd, 000266.683, 148.0
Trd, 000266.983, 134.0
Trd, 000267.167, 147
Trd, 000267.950, 155
Trd, 000268.483, 151
Trd, 000268.800, 146
Trd, 000269.167, 146
Trd, 000269.783, 163
Trd, 000269.967, 143
Trd, 000270.833, 157
Trd, 000270.950, 156
Trd, 000271.067, 148
Trd, 000271.350, 150.0
Trd, 000271.450, 149.0
Trd, 000272.517, 148.0
Trd, 000272.783, 148
Trd, 000273.333, 158.0
Trd, 000273.617, 146.0
Trd, 000274.617, 158
Trd, 000274.833, 152
Trd, 000275.217, 150
Trd, 000275.567, 154
Trd, 000275.767, 152
Trd, 000275.817, 154
Trd, 000275.883, 151
Trd, 000275.900, 150
Trd, 000276.100, 151
Trd, 000276.433, 150
Trd, 000276.550, 148.0
Trd, 000277.117, 158.0
Trd, 000277.950, 155.0
Trd, 000278.233, 141.0
Trd, 000279.017, 148.0
Trd, 000279.350, 134.0
Trd, 000279.517, 151.0
Trd, 000279.867, 131.0
Trd, 000280.367, 144.0
Trd, 000280.517, 148
Trd, 000281.383, 145
Trd, 000281.783, 143
Trd, 000283.000, 146
Trd, 000283.450, 148.0
Trd, 000283.500, 142
Trd, 000283.767, 142
Trd, 000283.883, 144.0
Trd, 000284.617, 141.0
Trd, 000284.633, 138
Trd, 000284.750, 141
Trd, 000284.850, 125.0
Trd, 000285.500, 149.0
Trd, 000285.767, 148.0
Trd, 000285.983, 135.0
Trd, 000286.267, 158.0
Trd, 000287.283, 144.0
Trd, 000287.517, 142
Trd, 000287.600, 147
Trd, 000288.900, 150.0
Trd, 000289.117, 148.0
Trd, 000289.750, 146
Trd, 000290.017, 151.0
Trd, 000290.050, 146
Trd, 000290.317, 144
Trd, 000290.467, 158.0
Trd, 000290.617, 146
Trd, 000291.000, 162.0
Trd, 000291.033, 160
Trd, 000291.367, 149
Trd, 000291.450, 148
Trd, 000291.633, 144
Trd, 000291.983, 134.0
Trd, 000292.417, 158.0
Trd, 000292.700, 166
Trd, 000293.200, 131
Trd, 000293.500, 134.0
Trd, 000294.167, 164
Trd, 000294.400, 167
Trd, 000294.733, 162.0
Trd, 000295.000, 147.0
Trd, 000295.133, 148
Trd, 000295.483, 146
Trd, 000295.550, 135.0
Trd, 000295.933, 134.0
Trd, 000296.383, 126.0
Trd, 000296.983, 139
Trd, 000297.167, 148.0
Trd, 000297.333, 150
Trd, 000297.617, 160
Trd, 000297.767, 160
Trd, 000297.867, 168
Trd, 000298.967, 127.0
Trd, 000299.233, 134.0
