Trd, 000002.050, 182
Trd, 000002.267, 194
Trd, 000003.417, 171
Trd, 000003.917, 164
Trd, 000004.300, 165
Trd, 000004.400, 163
Trd, 000006.033, 162.0
Trd, 000006.317, 159
Trd, 000006.550, 166
Trd, 000008.067, 163
Trd, 000008.533, 162
Trd, 000009.667, 158
Trd, 000010.283, 157
Trd, 000010.383, 154
Trd, 000010.417, 151.0
Trd, 000011.383, 172
Trd, 000011.667, 173
Trd, 000011.850, 158
Trd, 000012.150, 158
Trd, 000014.283, 143.0
Trd, 000014.533, 162.0
Trd, 000014.750, 152.0
Trd, 000016.617, 157.0
Trd, 000016.650, 155
Trd, 000016.717, 158
Trd, 000017.167, 153
Trd, 000017.550, 158
Trd, 000019.150, 153.0
Trd, 000019.833, 147
Trd, 000020.333, 157
Trd, 000021.033, 155
Trd, 000021.267, 154
Trd, 000021.700, 158
Trd, 000023.117, 155
Trd, 000023.400, 155
Trd, 000024.033, 155
Trd, 000024.283, 154
Trd, 000024.650, 156
Trd, 000025.067, 159
Trd, 000025.233, 151
Trd, 000025.683, 147
Trd, 000025.800, 144.0
Trd, 000026.750, 153
Trd, 000027.117, 158
Trd, 000029.200, 155.0
Trd, 000029.717, 172
Trd, 000031.400, 168
Trd, 000031.483, 164
Trd, 000032.967, 164
Trd, 000033.467, 162.0
Trd, 000033.717, 164
Trd, 000034.000, 156
Trd, 000034.917, 162
Trd, 000035.217, 163
Trd, 000036.067, 158.0
Trd, 000036.550, 155.0
Trd, 000036.750, 162
Trd, 000037.367, 163
Trd, 000037.767, 165.0
Trd, 000038.533, 162.0
Trd, 000039.350, 165
Trd, 000040.450, 164
Trd, 000040.850, 164
Trd, 000041.450, 158
Trd, 000042.933, 161
Trd, 000043.867, 157.0
Trd, 000044.317, 160
Trd, 000044.483, 160
Trd, 000044.750, 162
Trd, 000045.150, 155.0
Trd, 000045.450, 159
Trd, 000045.933, 161
Trd, 000046.667, 169
Trd, 000049.100, 158
Trd, 000049.117, 157.0
Trd, 000049.217, 156
Trd, 000050.167, 155.0
Trd, 000050.500, 151.0
Trd, 000050.767, 144
Trd, 000052.583, 152
Trd, 000053.433, 153
Trd, 000053.450, 154
Trd, 000054.233, 152.0
Trd, 000054.600, 151.0
Trd, 000054.817, 153
Trd, 000054.833, 158
Trd, 000054.850, 161
Trd, 000054.983, 151
Trd, 000055.367, 162.0
Trd, 000055.667, 166
Trd, 000056.167, 154
Trd, 000057.317, 157
Trd, 000058.750, 157
Trd, 000059.783, 157
Trd, 000059.817, 158
Trd, 000059.867, 156
Trd, 000060.333, 159
Trd, 000060.433, 159
Trd, 000060.467, 151.0
Trd, 000061.000, 147
Trd, 000062.500, 156
Trd, 000062.550, 160
Trd, 000062.683, 165.0
Trd, 000063.083, 160
Trd, 000063.600, 163.0
Trd, 000064.950, 162.0
Trd, 000066.133, 155.0
Trd, 000067.000, 163
Trd, 000067.550, 163
Trd, 000067.750, 162.0
Trd, 000068.633, 160
Trd, 000069.517, 157
Trd, 000069.767, 155.0
Trd, 000069.817, 151.0
Trd, 000070.617, 160
Trd, 000070.817, 144.0
Trd, 000070.850, 161
Trd, 000070.967, 148
Trd, 000071.083, 141.0
Trd, 000071.117, 133
Trd, 000071.467, 139
Trd, 000072.533, 164
Trd, 000073.650, 157
Trd, 000073.933, 157
Trd, 000074.067, 148
Trd, 000074.450, 137.0
Trd, 000076.367, 152.0
Trd, 000077.533, 154.0
Trd, 000077.717, 155
Trd, 000077.767, 156
Trd, 000079.417, 155
Trd, 000079.433, 153
Trd, 000079.767, 156
Trd, 000080.233, 152
Trd, 000080.950, 151.0
Trd, 000082.400, 149
Trd, 000082.600, 144.0
Trd, 000083.150, 141.0
Trd, 000083.317, 149
Trd, 000083.550, 158
Trd, 000084.333, 171
Trd, 000084.683, 163.0
Trd, 000085.483, 170
Trd, 000085.933, 162.0
Trd, 000086.250, 159
Trd, 000086.617, 158
Trd, 000087.383, 166
Trd, 000088.633, 156
Trd, 000088.933, 164
Trd, 000089.183, 156.0
Trd, 000089.833, 155.0
Trd, 000090.617, 156
Trd, 000090.817, 162.0
Trd, 000091.267, 156
Trd, 000092.167, 158
Trd, 000092.483, 154
Trd, 000094.450, 154.0
Trd, 000094.567, 156
Trd, 000094.650, 153.0
Trd, 000095.917, 154
Trd, 000096.150, 154
Trd, 000097.000, 155
Trd, 000097.283, 158
Trd, 000097.333, 152
Trd, 000097.417, 165.0
Trd, 000097.550, 151.0
Trd, 000099.367, 151
Trd, 000100.450, 148
Trd, 000100.917, 144.0
Trd, 000101.983, 144
Trd, 000102.233, 145
Trd, 000102.383, 147
Trd, 000102.850, 148
Trd, 000103.250, 143.0
Trd, 000103.383, 163.0
Trd, 000103.733, 162.0
Trd, 000103.833, 142
Trd, 000104.033, 149
Trd, 000104.400, 158
Trd, 000105.550, 160
Trd, 000106.450, 154
Trd, 000107.650, 151
Trd, 000108.333, 157
Trd, 000109.067, 150
Trd, 000109.150, 157
Trd, 000109.883, 150
Trd, 000110.500, 151
Trd, 000111.050, 151.0
Trd, 000112.767, 150
Trd, 000112.950, 152
Trd, 000112.967, 154
Trd, 000113.467, 144.0
Trd, 000115.000, 152.0
Trd, 000115.300, 152.0
Trd, 000115.633, 151.0
Trd, 000116.100, 152
Trd, 000116.650, 152
Trd, 000116.867, 154
Trd, 000117.133, 165.0
Trd, 000117.433, 151
Trd, 000118.417, 149
Trd, 000118.483, 148
Trd, 000119.000, 161
Trd, 000120.150, 158
Trd, 000120.717, 151.0
Trd, 000120.917, 149
Trd, 000122.067, 156
Trd, 000122.183, 153
Trd, 000122.833, 152
Trd, 000122.933, 155
Trd, 000124.800, 150
Trd, 000125.900, 150
Trd, 000125.933, 152
Trd, 000126.283, 144.0
Trd, 000126.700, 155
Trd, 000126.983, 150
Trd, 000127.350, 157
Trd, 000127.433, 158
Trd, 000127.500, 148
Trd, 000127.900, 165.0
Trd, 000128.650, 148
Trd, 000131.517, 154
Trd, 000131.567, 162
Trd, 000132.050, 152
Trd, 000132.367, 151.0
Trd, 000133.133, 158
Trd, 000133.433, 151
Trd, 000133.500, 150
Trd, 000135.550, 153.0
Trd, 000135.600, 155
Trd, 000135.783, 154
Trd, 000136.000, 156
Trd, 000136.450, 163
Trd, 000136.833, 163
Trd, 000137.500, 165.0
Trd, 000138.100, 163
Trd, 000138.583, 163.0
Trd, 000139.067, 162.0
Trd, 000139.983, 159
Trd, 000140.317, 157
Trd, 000141.100, 158
Trd, 000141.583, 159
Trd, 000141.617, 155.0
Trd, 000142.583, 155
Trd, 000143.983, 157
Trd, 000144.233, 154
Trd, 000144.250, 153
Trd, 000144.433, 152.0
Trd, 000145.150, 157
Trd, 000146.000, 162.0
Trd, 000146.417, 163.0
Trd, 000146.700, 161
Trd, 000147.483, 154
Trd, 000147.717, 168
Trd, 000148.450, 164
Trd, 000149.150, 161
Trd, 000150.317, 158
Trd, 000151.000, 157
Trd, 000151.167, 158
Trd, 000151.617, 158
Trd, 000151.667, 155.0
Trd, 000151.817, 165.0
Trd, 000152.433, 151.0
Trd, 000154.433, 162
Trd, 000154.483, 151
Trd, 000154.667, 151
Trd, 000155.033, 161
Trd, 000155.200, 165.0
Trd, 000156.500, 162
Trd, 000156.567, 165
Trd, 000157.500, 160
Trd, 000158.383, 154
Trd, 000158.850, 162.0
Trd, 000159.533, 156
Trd, 000160.533, 155
Trd, 000160.633, 162
Trd, 000161.967, 161
Trd, 000162.750, 155.0
Trd, 000164.017, 153
Trd, 000164.233, 154
Trd, 000164.517, 158
Trd, 000164.667, 159
Trd, 000165.433, 158
Trd, 000166.183, 153
Trd, 000166.617, 152
Trd, 000167.583, 153
Trd, 000168.200, 154
Trd, 000168.767, 158
Trd, 000170.267, 159
Trd, 000170.517, 160
Trd, 000170.533, 153.0
Trd, 000171.383, 154.0
Trd, 000171.700, 153
Trd, 000172.633, 161
Trd, 000173.333, 162
Trd, 000175.117, 157
Trd, 000175.583, 155
Trd, 000175.850, 155.0
Trd, 000175.917, 153
Trd, 000175.967, 152
Trd, 000176.483, 151.0
Trd, 000176.583, 144.0
Trd, 000177.200, 153
Trd, 000177.367, 151.0
Trd, 000177.517, 153.0
Trd, 000178.300, 141.0
Trd, 000178.867, 153
Trd, 000179.433, 144
Trd, 000179.550, 143
Trd, 000179.567, 138
Trd, 000180.967, 154
Trd, 000181.533, 155
Trd, 000183.033, 147
Trd, 000183.067, 155
Trd, 000183.150, 156
Trd, 000183.250, 165.0
Trd, 000183.533, 146
Trd, 000183.733, 172
Trd, 000184.417, 156
Trd, 000184.583, 151.0
Trd, 000184.650, 145
Trd, 000188.967, 159
Trd, 000189.050, 158
Trd, 000189.150, 159
Trd, 000189.683, 155.0
Trd, 000190.417, 157
Trd, 000191.050, 155
Trd, 000191.067, 152
Trd, 000191.433, 144.0
Trd, 000191.517, 141.0
Trd, 000191.767, 157
Trd, 000192.033, 159
Trd, 000192.550, 165.0
Trd, 000193.833, 155.0
Trd, 000194.467, 153
Trd, 000194.817, 159
Trd, 000195.433, 159
Trd, 000195.783, 158
Trd, 000196.517, 157
Trd, 000197.117, 156
Trd, 000197.167, 157
Trd, 000197.517, 159
Trd, 000198.417, 162.0
Trd, 000199.250, 162.0
Trd, 000200.400, 159
Trd, 000201.317, 157
Trd, 000201.683, 155.0
Trd, 000202.150, 158
Trd, 000202.850, 157
Trd, 000202.983, 151.0
Trd, 000203.900, 158
Trd, 000204.417, 162.0
Trd, 000205.517, 163.0
Trd, 000207.183, 163.0
Trd, 000207.417, 162.0
Trd, 000207.717, 161
Trd, 000208.133, 161
Trd, 000208.383, 159
Trd, 000208.450, 157
Trd, 000208.950, 161
Trd, 000209.550, 151.0
Trd, 000209.700, 150
Trd, 000210.033, 144.0
Trd, 000210.683, 155
Trd, 000210.750, 161
Trd, 000211.233, 158
Trd, 000211.333, 159
Trd, 000212.983, 163.0
Trd, 000213.233, 162.0
Trd, 000213.967, 161
Trd, 000214.367, 159
Trd, 000214.833, 160
Trd, 000215.733, 159
Trd, 000215.767, 158
Trd, 000217.300, 154.0
Trd, 000218.417, 151.0
Trd, 000218.750, 145
Trd, 000218.800, 144.0
Trd, 000219.300, 152
Trd, 000219.383, 154
Trd, 000219.650, 155
Trd, 000219.933, 152
Trd, 000221.000, 153
Trd, 000221.667, 151
Trd, 000222.150, 152
Trd, 000223.000, 152
Trd, 000223.367, 157
Trd, 000223.617, 158
Trd, 000225.667, 157
Trd, 000225.967, 151
Trd, 000226.233, 158
Trd, 000227.267, 159
Trd, 000227.417, 154
Trd, 000227.667, 154
Trd, 000228.417, 151.0
Trd, 000228.633, 145
Trd, 000228.650, 153
Trd, 000229.000, 148
Trd, 000229.850, 158
Trd, 000230.083, 157
Trd, 000230.967, 155
Trd, 000231.383, 156
Trd, 000232.183, 156
Trd, 000232.317, 172
Trd, 000233.950, 161
Trd, 000234.567, 164
Trd, 000234.717, 152
Trd, 000235.167, 162.0
Trd, 000235.417, 155.0
Trd, 000236.650, 156
Trd, 000237.167, 155
Trd, 000237.633, 151.0
Trd, 000237.750, 141.0
Trd, 000237.783, 158
Trd, 000238.767, 162
Trd, 000238.933, 165.0
Trd, 000240.200, 165
Trd, 000240.333, 164
Trd, 000240.550, 162
Trd, 000242.033, 159
Trd, 000242.933, 162
Trd, 000243.033, 163
Trd, 000243.750, 161
Trd, 000243.917, 164.0
Trd, 000244.233, 162.0
Trd, 000244.683, 162
Trd, 000244.900, 158.0
Trd, 000245.333, 157
Trd, 000245.733, 158.0
Trd, 000246.250, 155.0
Trd, 000247.067, 152
Trd, 000247.900, 155
Trd, 000248.300, 154.0
Trd, 000249.383, 152
Trd, 000249.400, 151.0
Trd, 000249.800, 152
Trd, 000249.933, 149
Trd, 000250.617, 150
Trd, 000251.017, 151
Trd, 000252.133, 148
Trd, 000252.417, 151
Trd, 000252.467, 161
Trd, 000252.733, 143.0
Trd, 000253.650, 148
Trd, 000254.417, 155
Trd, 000254.500, 154.0
Trd, 000254.750, 160
Trd, 000255.217, 151.0
Trd, 000255.600, 163.0
Trd, 000256.267, 149
Trd, 000256.750, 144.0
Trd, 000257.800, 145
Trd, 000258.350, 141.0
Trd, 000258.950, 142.0
Trd, 000258.967, 143.0
Trd, 000259.617, 144
Trd, 000260.083, 144.0
Trd, 000260.100, 144
Trd, 000260.667, 143.0
Trd, 000261.333, 155.0
Trd, 000262.467, 150
Trd, 000262.717, 159
Trd, 000262.850, 145.0
Trd, 000263.633, 154.0
Trd, 000263.783, 162.0
Trd, 000263.950, 153.0
Trd, 000265.017, 151.0
Trd, 000266.433, 149
Trd, 000266.667, 152.0
Trd, 000267.250, 149
Trd, 000267.650, 151
Trd, 000268.317, 154.0
Trd, 000268.850, 155.0
Trd, 000268.883, 158
Trd, 000269.700, 156
Trd, 000270.067, 151
Trd, 000270.783, 151.0
Trd, 000270.883, 152.0
Trd, 000271.567, 149
Trd, 000271.967, 151.0
Trd, 000272.383, 151
Trd, 000273.183, 153
Trd, 000273.717, 157
Trd, 000274.717, 157
Trd, 000274.867, 158
Trd, 000275.200, 161.0
Trd, 000275.517, 154
Trd, 000275.900, 155
Trd, 000275.967, 162.0
Trd, 000276.550, 165.0
Trd, 000276.767, 168.0
Trd, 000277.450, 167
Trd, 000277.567, 157
Trd, 000277.983, 157
Trd, 000278.583, 151.0
Trd, 000278.867, 147
Trd, 000279.050, 161
Trd, 000279.167, 162.0
Trd, 000279.333, 145.0
Trd, 000279.533, 145
Trd, 000280.000, 158.0
Trd, 000280.367, 159
Trd, 000280.600, 161
Trd, 000281.383, 161
Trd, 000282.167, 155.0
Trd, 000282.617, 155
Trd, 000282.933, 154
Trd, 000283.600, 154.0
Trd, 000283.717, 153.0
Trd, 000284.283, 148
Trd, 000284.733, 158
Trd, 000285.033, 162.0
Trd, 000285.550, 165.0
Trd, 000285.817, 151.0
Trd, 000286.017, 157.0
Trd, 000287.300, 161.0
Trd, 000287.433, 155.0
Trd, 000287.667, 153
Trd, 000288.283, 156
Trd, 000288.517, 158
Trd, 000288.533, 152
Trd, 000289.500, 158
Trd, 000289.983, 156
Trd, 000290.567, 155
Trd, 000290.833, 156
Trd, 000290.917, 153
Trd, 000291.233, 156
Trd, 000291.500, 154
Trd, 000291.717, 152
Trd, 000292.283, 161.0
Trd, 000292.550, 152.0
Trd, 000292.900, 155.0
Trd, 000293.483, 151.0
Trd, 000293.867, 158
Trd, 000295.267, 156
Trd, 000295.583, 160.0
Trd, 000295.867, 160
Trd, 000296.267, 155.0
Trd, 000298.417, 155
Trd, 000298.617, 155.0
Trd, 000298.883, 156
Trd, 000299.300, 154
Trd, 000299.567, 153
