Trd, 000001.217, 175.0
Trd, 000002.400, 196.0
Trd, 000003.200, 179.0
Trd, 000003.950, 141.0
Trd, 000004.083, 166
Trd, 000004.533, 141
Trd, 000005.167, 159
Trd, 000005.317, 141.0
Trd, 000006.200, 141
Trd, 000006.817, 156
Trd, 000008.200, 147
Trd, 000008.550, 152
Trd, 000008.567, 153
Trd, 000008.733, 143.0
Trd, 000009.017, 142.0
Trd, 000009.083, 155
Trd, 000009.533, 150
Trd, 000009.983, 157
Trd, 000010.250, 151
Trd, 000010.333, 157
Trd, 000011.017, 158
Trd, 000011.933, 165.0
Trd, 000012.200, 150
Trd, 000012.867, 169
Trd, 000013.433, 170
Trd, 000013.600, 169.0
Trd, 000014.417, 169
Trd, 000014.433, 172
Trd, 000014.500, 168.0
Trd, 000014.817, 164
Trd, 000015.117, 171
Trd, 000015.300, 141.0
Trd, 000016.183, 165.0
Trd, 000016.983, 146
Trd, 000017.183, 158
Trd, 000017.467, 137.0
Trd, 000017.783, 162
Trd, 000018.200, 167
Trd, 000018.967, 165.0
Trd, 000019.883, 167.0
Trd, 000020.167, 153
Trd, 000020.183, 166
Trd, 000020.833, 150
Trd, 000021.167, 142.0
Trd, 000021.833, 151
Trd, 000022.667, 162
Trd, 000022.733, 149
Trd, 000023.450, 143
Trd, 000023.583, 160
Trd, 000024.617, 162
Trd, 000024.950, 165.0
Trd, 000026.100, 143
Trd, 000027.083, 144.0
Trd, 000027.400, 149
Trd, 000027.450, 151
Trd, 000027.517, 143.0
Trd, 000027.633, 150.0
Trd, 000027.817, 151.0
Trd, 000028.083, 155
Trd, 000028.100, 143
Trd, 000028.467, 151
Trd, 000028.883, 165.0
Trd, 000031.133, 164.0
Trd, 000033.667, 143
Trd, 000034.233, 143
Trd, 000034.683, 141.0
Trd, 000034.767, 140
Trd, 000034.783, 156
Trd, 000034.900, 157
Trd, 000035.367, 159
Trd, 000036.650, 165.0
Trd, 000038.800, 159
Trd, 000038.833, 160
Trd, 000039.200, 164.0
Trd, 000039.300, 153
Trd, 000039.333, 152
Trd, 000039.600, 140
Trd, 000041.250, 159
Trd, 000041.467, 153
Trd, 000041.900, 142
Trd, 000042.267, 156.0
Trd, 000042.750, 156
Trd, 000044.367, 162.0
Trd, 000045.200, 161.0
Trd, 000045.383, 161
Trd, 000045.650, 156
Trd, 000045.733, 160
Trd, 000045.917, 165.0
Trd, 000047.050, 170
Trd, 000047.217, 159
Trd, 000047.717, 159
Trd, 000048.233, 167
Trd, 000048.583, 158
Trd, 000048.767, 142
Trd, 000049.183, 152
Trd, 000049.333, 168.0
Trd, 000050.417, 140.0
Trd, 000050.867, 165
Trd, 000051.483, 148
Trd, 000052.000, 151
Trd, 000052.267, 159
Trd, 000052.717, 140
Trd, 000053.883, 150.0
Trd, 000054.383, 151.0
Trd, 000054.617, 156
Trd, 000055.683, 143.0
Trd, 000056.283, 141.0
Trd, 000056.450, 153
Trd, 000056.783, 157
Trd, 000057.417, 151
Trd, 000058.067, 137.0
Trd, 000058.733, 148
Trd, 000058.900, 150
Trd, 000059.650, 148
Trd, 000059.783, 151
Trd, 000060.700, 164.0
Trd, 000061.850, 165.0
Trd, 000062.650, 154
Trd, 000062.783, 154
Trd, 000063.200, 161
Trd, 000063.317, 158
Trd, 000063.533, 156
Trd, 000065.017, 157
Trd, 000065.033, 152
Trd, 000065.233, 158
Trd, 000065.650, 158
Trd, 000067.067, 153
Trd, 000067.733, 158
Trd, 000068.183, 165.0
Trd, 000068.483, 147
Trd, 000069.250, 157
Trd, 000069.533, 142
Trd, 000069.667, 141.0
Trd, 000069.783, 159
Trd, 000070.200, 137.0
Trd, 000071.350, 157
Trd, 000071.750, 154
Trd, 000073.083, 165.0
Trd, 000073.500, 151
Trd, 000074.050, 158
Trd, 000074.133, 152
Trd, 000074.267, 159
Trd, 000075.950, 147
Trd, 000076.000, 148
Trd, 000076.217, 144
Trd, 000076.883, 158
Trd, 000077.283, 165.0
Trd, 000078.050, 156
Trd, 000078.950, 156
Trd, 000079.033, 155
Trd, 000079.100, 145
Trd, 000079.300, 143
Trd, 000079.533, 155
Trd, 000079.700, 141.0
Trd, 000079.783, 158
Trd, 000081.300, 158
Trd, 000081.933, 157
Trd, 000082.500, 153
Trd, 000083.950, 163.0
Trd, 000084.367, 160
Trd, 000084.717, 158
Trd, 000084.967, 141.0
Trd, 000085.117, 127.0
Trd, 000085.533, 160.0
Trd, 000085.750, 162.0
Trd, 000086.650, 165.0
Trd, 000086.850, 148
Trd, 000087.500, 174
Trd, 000088.450, 170.0
Trd, 000089.100, 168.0
Trd, 000090.283, 165
Trd, 000090.483, 169
Trd, 000090.583, 165
Trd, 000092.033, 156
Trd, 000092.483, 157
Trd, 000092.683, 158
Trd, 000092.717, 159
Trd, 000092.783, 153
Trd, 000092.950, 141.0
Trd, 000094.583, 160
Trd, 000094.817, 159
Trd, 000095.500, 160
Trd, 000095.683, 165.0
Trd, 000095.933, 151
Trd, 000095.983, 144
Trd, 000096.517, 168.0
Trd, 000097.150, 169.0
Trd, 000097.167, 168.0
Trd, 000097.683, 157
Trd, 000097.750, 149
Trd, 000097.883, 154
Trd, 000098.167, 168
Trd, 000099.650, 143
Trd, 000100.467, 156
Trd, 000101.250, 154
Trd, 000101.950, 158
Trd, 000102.717, 146
Trd, 000103.000, 164
Trd, 000103.783, 163.0
Trd, 000104.317, 165.0
Trd, 000105.617, 161
Trd, 000105.883, 163
Trd, 000106.133, 156
Trd, 000106.533, 155
Trd, 000107.267, 157
Trd, 000108.733, 155
Trd, 000108.950, 153
Trd, 000109.283, 159
Trd, 000109.683, 160
Trd, 000109.983, 160
Trd, 000110.850, 158
Trd, 000110.883, 147
Trd, 000111.750, 150
Trd, 000112.017, 158
Trd, 000112.600, 157
Trd, 000112.700, 150
Trd, 000113.817, 144
Trd, 000113.900, 155
Trd, 000114.283, 157
Trd, 000114.333, 139
Trd, 000115.000, 155
Trd, 000116.267, 157
Trd, 000116.683, 150
Trd, 000117.083, 158
Trd, 000117.317, 165.0
Trd, 000117.517, 150
Trd, 000118.467, 167.0
Trd, 000118.550, 149
Trd, 000118.683, 168.0
Trd, 000120.583, 163
Trd, 000120.750, 150
Trd, 000120.967, 150
Trd, 000121.117, 141
Trd, 000121.383, 149
Trd, 000122.250, 155
Trd, 000123.150, 155
Trd, 000124.000, 151
Trd, 000124.633, 150
Trd, 000124.800, 154
Trd, 000125.267, 155
Trd, 000125.433, 151
Trd, 000126.550, 156
Trd, 000126.867, 155
Trd, 000127.767, 142
Trd, 000128.567, 148
Trd, 000129.117, 148
Trd, 000129.517, 150
Trd, 000129.600, 151
Trd, 000129.717, 159
Trd, 000129.833, 164.0
Trd, 000130.833, 158
Trd, 000131.017, 165.0
Trd, 000131.350, 144
Trd, 000132.017, 156
Trd, 000132.400, 160
Trd, 000133.717, 172
Trd, 000134.117, 173
Trd, 000134.183, 154
Trd, 000134.517, 143
Trd, 000134.667, 141.0
Trd, 000135.367, 167
Trd, 000136.050, 167
Trd, 000136.583, 168
Trd, 000137.567, 165.0
Trd, 000138.700, 166
Trd, 000139.233, 170
Trd, 000139.650, 165
Trd, 000139.967, 168
Trd, 000140.117, 169
Trd, 000140.433, 175
Trd, 000141.083, 165
Trd, 000142.433, 165
Trd, 000142.733, 167
Trd, 000143.283, 142.0
Trd, 000143.567, 156
Trd, 000143.750, 166
Trd, 000143.983, 145
Trd, 000145.117, 149
Trd, 000145.183, 162
Trd, 000146.117, 161.0
Trd, 000146.350, 142
Trd, 000146.767, 141.0
Trd, 000146.933, 137.0
Trd, 000147.050, 156
Trd, 000147.317, 127.0
Trd, 000147.783, 156
Trd, 000148.767, 145
Trd, 000148.917, 155
Trd, 000150.283, 158
Trd, 000151.417, 153
Trd, 000152.100, 153
Trd, 000152.183, 152
Trd, 000153.617, 154
Trd, 000153.750, 156
Trd, 000154.300, 154
Trd, 000154.733, 157
Trd, 000155.383, 165.0
Trd, 000155.833, 154
Trd, 000156.333, 153
Trd, 000157.050, 148
Trd, 000157.217, 160
Trd, 000157.750, 167
Trd, 000158.783, 146
Trd, 000158.983, 168.0
Trd, 000159.700, 152
Trd, 000160.133, 163
Trd, 000160.867, 152
Trd, 000161.433, 151
Trd, 000161.750, 150
Trd, 000162.450, 150
Trd, 000162.950, 151
Trd, 000162.967, 155
Trd, 000164.517, 158
Trd, 000165.450, 156
Trd, 000166.117, 144
Trd, 000166.267, 168.0
Trd, 000167.000, 175
Trd, 000167.050, 156
Trd, 000167.083, 176
Trd, 000167.367, 163
Trd, 000167.467, 164.0
Trd, 000168.283, 165.0
Trd, 000168.567, 163
Trd, 000169.683, 162
Trd, 000171.467, 162
Trd, 000172.800, 160
Trd, 000173.567, 143
Trd, 000174.883, 156
Trd, 000175.067, 157
Trd, 000175.317, 148
Trd, 000175.333, 147
Trd, 000175.417, 146
Trd, 000175.533, 160
Trd, 000176.217, 165.0
Trd, 000176.633, 158
Trd, 000178.467, 143
Trd, 000179.817, 158
Trd, 000180.617, 159
Trd, 000180.900, 149
Trd, 000181.083, 160
Trd, 000182.133, 146
Trd, 000182.583, 162.0
Trd, 000182.667, 144
Trd, 000184.317, 164.0
Trd, 000185.567, 159
Trd, 000185.750, 160
Trd, 000185.967, 155
Trd, 000186.167, 160
Trd, 000187.533, 155
Trd, 000189.183, 159
Trd, 000189.233, 157
Trd, 000190.200, 156
Trd, 000190.367, 158
Trd, 000190.517, 157
Trd, 000190.767, 157
Trd, 000190.917, 155
Trd, 000191.017, 160
Trd, 000191.217, 158
Trd, 000191.817, 143
Trd, 000191.983, 142
Trd, 000192.533, 164
Trd, 000193.467, 161
Trd, 000193.583, 165.0
Trd, 000193.917, 167.0
Trd, 000194.300, 153
Trd, 000195.833, 155
Trd, 000196.717, 164
Trd, 000198.133, 165
Trd, 000198.567, 168.0
Trd, 000198.633, 157
Trd, 000198.683, 169
Trd, 000198.750, 141.0
Trd, 000199.150, 166
Trd, 000199.233, 170
Trd, 000200.933, 144
Trd, 000201.683, 156
Trd, 000202.033, 157
Trd, 000202.083, 158
Trd, 000202.233, 144
Trd, 000202.783, 165.0
Trd, 000203.583, 147
Trd, 000203.833, 149
Trd, 000203.933, 158
Trd, 000204.000, 171
Trd, 000204.333, 172
Trd, 000205.400, 164
Trd, 000206.267, 143
Trd, 000206.833, 141.0
Trd, 000207.000, 157
Trd, 000207.083, 165.0
Trd, 000209.267, 146
Trd, 000209.700, 137.0
Trd, 000209.917, 157
Trd, 000209.983, 157
Trd, 000210.650, 137
Trd, 000210.667, 146
Trd, 000211.150, 158
Trd, 000211.250, 154
Trd, 000211.733, 133
Trd, 000212.183, 160
Trd, 000213.417, 158
Trd, 000215.600, 157
Trd, 000216.050, 151
Trd, 000216.133, 158
Trd, 000216.183, 159.0
Trd, 000216.417, 149
Trd, 000216.633, 160
Trd, 000216.650, 161.0
Trd, 000217.200, 168.0
Trd, 000218.800, 151
Trd, 000218.817, 163.0
Trd, 000218.833, 164.0
Trd, 000219.183, 158
Trd, 000219.283, 160
Trd, 000219.583, 149
Trd, 000219.633, 158
Trd, 000220.583, 141.0
Trd, 000221.000, 127.0
Trd, 000221.350, 156
Trd, 000221.550, 148
Trd, 000222.083, 164.0
Trd, 000222.183, 142
Trd, 000222.550, 165.0
Trd, 000223.283, 161
Trd, 000224.033, 160
Trd, 000224.717, 145
Trd, 000225.167, 159
Trd, 000225.583, 159
Trd, 000226.250, 152
Trd, 000227.517, 159
Trd, 000227.900, 154
Trd, 000228.417, 165.0
Trd, 000228.733, 153
Trd, 000228.767, 151
Trd, 000228.850, 157
Trd, 000228.967, 144
Trd, 000229.833, 142.0
Trd, 000231.233, 153
Trd, 000231.483, 155
Trd, 000231.733, 148
Trd, 000231.983, 144
Trd, 000232.350, 158
Trd, 000233.617, 163.0
Trd, 000235.317, 149
Trd, 000235.617, 152
Trd, 000235.633, 158
Trd, 000235.850, 147
Trd, 000236.233, 155
Trd, 000236.350, 147
Trd, 000236.850, 146
Trd, 000237.033, 143
Trd, 000238.917, 137.0
Trd, 000238.933, 153
Trd, 000239.783, 151
Trd, 000239.950, 152
Trd, 000240.133, 142
Trd, 000240.500, 154
Trd, 000240.700, 154
Trd, 000241.650, 145.0
Trd, 000242.033, 141.0
Trd, 000242.533, 137.0
Trd, 000243.283, 141
Trd, 000243.600, 143
Trd, 000243.833, 144
Trd, 000243.950, 156
Trd, 000245.433, 148
Trd, 000245.633, 151
Trd, 000246.467, 149
Trd, 000246.733, 148.0
Trd, 000247.300, 149
Trd, 000247.317, 152
Trd, 000247.733, 148
Trd, 000248.350, 152
Trd, 000248.650, 152
Trd, 000248.750, 147
Trd, 000248.933, 152
Trd, 000249.250, 142
Trd, 000249.333, 154
Trd, 000249.567, 155
Trd, 000250.233, 137.0
Trd, 000250.500, 155
Trd, 000251.383, 143.0
Trd, 000251.450, 142.0
Trd, 000251.600, 158
Trd, 000251.967, 168.0
Trd, 000252.383, 161
Trd, 000254.183, 156.0
Trd, 000254.467, 155.0
Trd, 000254.633, 148.0
Trd, 000254.833, 141.0
Trd, 000255.117, 156
Trd, 000255.267, 141
Trd, 000255.450, 149
Trd, 000255.767, 157
Trd, 000256.017, 152
Trd, 000257.033, 150
Trd, 000257.300, 157
Trd, 000258.300, 157
Trd, 000258.450, 149.0
Trd, 000258.633, 158
Trd, 000258.917, 165.0
Trd, 000260.033, 154
Trd, 000260.350, 148.0
Trd, 000261.717, 151
Trd, 000262.367, 148
Trd, 000262.383, 144
Trd, 000262.467, 149
Trd, 000263.317, 145.0
Trd, 000263.467, 145.0
Trd, 000263.800, 149.0
Trd, 000263.817, 141.0
Trd, 000263.867, 151.0
Trd, 000264.100, 155
Trd, 000265.317, 149.0
Trd, 000265.400, 155
Trd, 000265.700, 165.0
Trd, 000266.200, 148.0
Trd, 000266.433, 147.0
Trd, 000266.867, 147
Trd, 000267.217, 143
Trd, 000267.567, 137.0
Trd, 000268.017, 131.0
Trd, 000268.067, 127.0
Trd, 000268.267, 165.0
Trd, 000268.783, 163.0
Trd, 000269.450, 156
Trd, 000270.550, 151
Trd, 000271.383, 150.0
Trd, 000271.567, 149
Trd, 000272.150, 148.0
Trd, 000272.233, 152
Trd, 000272.383, 142
Trd, 000272.533, 152
Trd, 000273.417, 155
Trd, 000273.467, 150
Trd, 000273.633, 156
Trd, 000273.667, 147
Trd, 000274.000, 157
Trd, 000274.383, 144
Trd, 000275.183, 158
Trd, 000275.717, 150
Trd, 000275.817, 153
Trd, 000276.200, 164.0
Trd, 000277.400, 152
Trd, 000277.817, 157
Trd, 000277.933, 150
Trd, 000278.300, 151
Trd, 000278.650, 156
Trd, 000278.667, 157
Trd, 000280.033, 158
Trd, 000280.983, 156.0
Trd, 000281.183, 163
Trd, 000281.483, 162
Trd, 000281.633, 161
Trd, 000281.817, 156.0
Trd, 000282.167, 170
Trd, 000283.467, 156
Trd, 000283.517, 141.0
Trd, 000283.683, 162
Trd, 000283.867, 164
Trd, 000284.250, 158
Trd, 000284.533, 165.0
Trd, 000284.800, 155.0
Trd, 000286.133, 149.0
Trd, 000286.700, 148.0
Trd, 000287.483, 155
Trd, 000287.683, 143
Trd, 000287.900, 156
Trd, 000288.217, 142
Trd, 000289.017, 134.0
Trd, 000289.033, 145
Trd, 000289.267, 151.0
Trd, 000289.700, 159
Trd, 000290.233, 165
Trd, 000290.800, 165.0
Trd, 000291.517, 148.0
Trd, 000291.533, 146
Trd, 000291.700, 158
Trd, 000292.300, 159
Trd, 000292.783, 158
Trd, 000293.233, 155.0
Trd, 000293.567, 150
Trd, 000293.783, 143
Trd, 000294.200, 152
Trd, 000294.333, 158
Trd, 000294.950, 157
Trd, 000296.233, 156.0
Trd, 000296.717, 155.0
Trd, 000296.750, 151
Trd, 000296.967, 155
Trd, 000297.883, 152
Trd, 000298.017, 148.0
Trd, 000299.467, 149.0
Trd, 000299.500, 148.0
Trd, 000299.867, 156
