Trd, 000000.600, 108
Trd, 000001.950, 135.0
Trd, 000002.650, 143
Trd, 000002.983, 135.0
Trd, 000004.117, 167.0
Trd, 000004.183, 151.0
Trd, 000004.333, 168.0
Trd, 000005.500, 134.0
Trd, 000006.317, 148
Trd, 000008.183, 147
Trd, 000008.333, 148.0
Trd, 000008.850, 150
Trd, 000009.767, 151.0
Trd, 000009.833, 152
Trd, 000010.933, 153
Trd, 000011.067, 150
Trd, 000012.000, 152
Trd, 000012.200, 150
Trd, 000012.733, 160
Trd, 000013.083, 166
Trd, 000013.267, 172.0
Trd, 000014.767, 157
Trd, 000015.533, 160
Trd, 000015.583, 158
Trd, 000016.417, 163
Trd, 000017.400, 162.0
Trd, 000017.733, 158.0
Trd, 000019.133, 162
Trd, 000020.833, 159
Trd, 000020.933, 161
Trd, 000021.817, 158.0
Trd, 000022.517, 158
Trd, 000022.617, 159
Trd, 000024.467, 162
Trd, 000025.133, 160
Trd, 000025.383, 159
Trd, 000026.167, 157
Trd, 000027.500, 151
Trd, 000027.883, 155
Trd, 000028.417, 162
Trd, 000029.767, 165
Trd, 000030.233, 161
Trd, 000030.250, 159
Trd, 000030.417, 150
Trd, 000032.317, 153
Trd, 000033.083, 157
Trd, 000033.367, 155
Trd, 000033.433, 158
Trd, 000033.583, 137.0
Trd, 000034.400, 152
Trd, 000034.800, 157.0
Trd, 000035.533, 149
Trd, 000036.100, 151.0
Trd, 000036.633, 148
Trd, 000036.983, 151
Trd, 000037.083, 158.0
Trd, 000037.117, 168
Trd, 000039.267, 149.0
Trd, 000039.383, 150.0
Trd, 000039.917, 149
Trd, 000040.167, 149
Trd, 000040.283, 145
Trd, 000040.350, 137.0
Trd, 000041.450, 150.0
Trd, 000041.567, 151.0
Trd, 000042.617, 142
Trd, 000043.483, 153
Trd, 000044.333, 147
Trd, 000044.750, 151.0
Trd, 000045.117, 151.0
Trd, 000045.133, 152.0
Trd, 000045.300, 147
Trd, 000045.917, 167
Trd, 000046.833, 165.0
Trd, 000046.933, 162
Trd, 000047.333, 172.0
Trd, 000048.083, 166
Trd, 000049.233, 162
Trd, 000049.933, 150.0
Trd, 000050.533, 149
Trd, 000050.883, 151
Trd, 000051.017, 143
Trd, 000053.067, 149.0
Trd, 000053.483, 148
Trd, 000053.567, 149.0
Trd, 000053.783, 148
Trd, 000054.517, 151.0
Trd, 000054.600, 151
Trd, 000055.317, 149
Trd, 000057.017, 164
Trd, 000058.183, 161
Trd, 000058.433, 163
Trd, 000058.550, 159
Trd, 000058.700, 158.0
Trd, 000059.700, 150
Trd, 000059.967, 163
Trd, 000061.017, 158.0
Trd, 000061.667, 149
Trd, 000062.933, 157
Trd, 000064.350, 153
Trd, 000064.817, 150
Trd, 000065.083, 138.0
Trd, 000066.283, 150
Trd, 000066.583, 149
Trd, 000067.083, 149
Trd, 000068.117, 150
Trd, 000068.450, 155.0
Trd, 000069.617, 152.0
Trd, 000069.900, 153.0
Trd, 000070.000, 150
Trd, 000070.050, 151.0
Trd, 000071.200, 167
Trd, 000071.833, 149
Trd, 000072.250, 136
Trd, 000074.233, 143
Trd, 000074.283, 148.0
Trd, 000074.467, 142
Trd, 000074.517, 149.0
Trd, 000074.583, 150.0
Trd, 000076.700, 147
Trd, 000077.583, 148
Trd, 000078.667, 134.0
Trd, 000078.917, 147
Trd, 000079.150, 151.0
Trd, 000080.350, 159
Trd, 000080.917, 157
Trd, 000081.000, 155
Trd, 000081.350, 158.0
Trd, 000083.050, 154
Trd, 000083.083, 155
Trd, 000083.317, 151
Trd, 000084.867, 151.0
Trd, 000085.017, 152
Trd, 000085.633, 157.0
Trd, 000086.150, 151
Trd, 000086.983, 155.0
Trd, 000087.500, 153
Trd, 000087.700, 154.0
Trd, 000087.983, 158.0
Trd, 000089.167, 153
Trd, 000089.900, 151.0
Trd, 000090.433, 155
Trd, 000091.983, 154
Trd, 000092.000, 153
Trd, 000092.367, 158
Trd, 000092.717, 137.0
Trd, 000093.050, 151.0
Trd, 000093.400, 152
Trd, 000094.733, 156.0
Trd, 000094.750, 158.0
Trd, 000095.467, 150
Trd, 000096.500, 167
Trd, 000097.783, 153
Trd, 000098.250, 160
Trd, 000098.550, 157
Trd, 000098.767, 161
Trd, 000098.933, 149
Trd, 000099.000, 150.0
Trd, 000099.350, 150.0
Trd, 000100.083, 150
Trd, 000101.350, 151.0
Trd, 000102.133, 151
Trd, 000102.283, 149
Trd, 000103.133, 148
Trd, 000103.367, 149
Trd, 000104.367, 151
Trd, 000105.117, 148
Trd, 000106.650, 149
Trd, 000107.417, 149
Trd, 000107.650, 150.0
Trd, 000107.683, 151.0
Trd, 000108.683, 147
Trd, 000109.150, 156
Trd, 000109.283, 158.0
Trd, 000110.550, 156
Trd, 000111.467, 149
Trd, 000112.167, 151.0
Trd, 000112.350, 138
Trd, 000112.500, 146
Trd, 000113.333, 150
Trd, 000115.417, 153
Trd, 000116.350, 156.0
Trd, 000116.650, 158.0
Trd, 000118.183, 166
Trd, 000118.683, 161
Trd, 000118.883, 160
Trd, 000119.350, 150
Trd, 000121.067, 141.0
Trd, 000121.717, 146
Trd, 000122.617, 147
Trd, 000123.283, 147
Trd, 000123.667, 148.0
Trd, 000124.017, 147
Trd, 000124.083, 146
Trd, 000125.033, 146
Trd, 000125.683, 157.0
Trd, 000125.833, 158.0
Trd, 000125.867, 155
Trd, 000126.550, 155
Trd, 000128.617, 166
Trd, 000129.650, 154
Trd, 000130.117, 155
Trd, 000130.583, 168
Trd, 000131.333, 158.0
Trd, 000131.367, 150
Trd, 000131.433, 137.0
Trd, 000132.517, 158
Trd, 000132.883, 160
Trd, 000133.167, 159
Trd, 000133.867, 159.0
Trd, 000134.250, 158.0
Trd, 000134.700, 155
Trd, 000135.283, 150
Trd, 000135.967, 140.0
Trd, 000136.483, 149
Trd, 000137.017, 153
Trd, 000137.717, 149
Trd, 000138.100, 148
Trd, 000139.183, 142.0
Trd, 000140.267, 140
Trd, 000140.483, 150.0
Trd, 000143.233, 144
Trd, 000143.250, 146.0
Trd, 000144.567, 146.0
Trd, 000145.083, 151.0
Trd, 000145.383, 149
Trd, 000145.400, 147
Trd, 000147.383, 155.0
Trd, 000147.417, 156.0
Trd, 000147.750, 157.0
Trd, 000148.133, 157
Trd, 000149.350, 159.0
Trd, 000149.500, 159.0
Trd, 000149.783, 158.0
Trd, 000150.817, 160
Trd, 000150.867, 157
Trd, 000151.700, 157
Trd, 000152.117, 151.0
Trd, 000153.017, 148
Trd, 000153.550, 147
Trd, 000154.150, 149.0
Trd, 000155.567, 148
Trd, 000155.800, 147
Trd, 000155.833, 146
Trd, 000155.900, 148.0
Trd, 000156.767, 151.0
Trd, 000156.817, 158.0
Trd, 000157.000, 156
Trd, 000158.633, 165
Trd, 000159.033, 153
Trd, 000159.450, 151
Trd, 000160.333, 149
Trd, 000160.383, 156
Trd, 000161.433, 148
Trd, 000162.050, 148
Trd, 000163.400, 138
Trd, 000163.767, 141
Trd, 000163.783, 144
Trd, 000164.700, 149
Trd, 000164.783, 149.0
Trd, 000164.833, 142
Trd, 000165.600, 151.0
Trd, 000165.750, 140
Trd, 000167.733, 147
Trd, 000169.067, 149.0
Trd, 000170.333, 150
Trd, 000170.750, 150.0
Trd, 000170.833, 151.0
Trd, 000170.950, 158.0
Trd, 000171.383, 154
Trd, 000172.300, 151
Trd, 000172.717, 155
Trd, 000172.833, 151
Trd, 000173.517, 153
Trd, 000173.600, 154
Trd, 000173.933, 155
Trd, 000174.317, 153
Trd, 000175.050, 158.0
Trd, 000176.000, 150
Trd, 000177.183, 159
Trd, 000177.633, 157
Trd, 000179.083, 167
Trd, 000179.567, 162
Trd, 000179.750, 162
Trd, 000181.117, 161
Trd, 000181.950, 160
Trd, 000182.267, 157
Trd, 000182.950, 156
Trd, 000183.533, 155
Trd, 000183.983, 155
Trd, 000185.017, 156
Trd, 000185.083, 163
Trd, 000187.300, 150
Trd, 000187.367, 151.0
Trd, 000188.200, 148
Trd, 000189.167, 146
Trd, 000189.733, 145
Trd, 000189.817, 149
Trd, 000190.000, 137.0
Trd, 000191.517, 159
Trd, 000192.383, 151
Trd, 000193.000, 155
Trd, 000193.767, 160
Trd, 000194.267, 160.0
Trd, 000195.117, 159.0
Trd, 000195.483, 159
Trd, 000195.633, 160
Trd, 000196.617, 158.0
Trd, 000198.167, 160
Trd, 000198.267, 161
Trd, 000198.583, 159
Trd, 000198.633, 158.0
Trd, 000199.567, 159
Trd, 000200.333, 158
Trd, 000200.417, 155
Trd, 000201.767, 150
Trd, 000201.783, 134.0
Trd, 000202.350, 150.0
Trd, 000203.783, 148
Trd, 000204.483, 147
Trd, 000204.750, 147
Trd, 000205.083, 148.0
Trd, 000205.233, 137.0
Trd, 000205.417, 151.0
Trd, 000206.317, 157
Trd, 000207.983, 142
Trd, 000209.500, 146
Trd, 000209.617, 146
Trd, 000209.683, 145
Trd, 000209.733, 147
Trd, 000210.233, 147
Trd, 000210.917, 148.0
Trd, 000211.383, 149
Trd, 000213.083, 148.0
Trd, 000213.450, 151.0
Trd, 000214.983, 149
Trd, 000215.233, 151.0
Trd, 000215.850, 152
Trd, 000216.100, 150
Trd, 000216.483, 149
Trd, 000216.750, 137.0
Trd, 000217.583, 149.0
Trd, 000217.800, 150.0
Trd, 000217.850, 151.0
Trd, 000218.450, 158.0
Trd, 000219.267, 154
Trd, 000220.317, 163
Trd, 000220.333, 151
Trd, 000221.033, 136.0
Trd, 000222.033, 158.0
Trd, 000222.817, 156
Trd, 000222.917, 159
Trd, 000223.467, 167
Trd, 000223.700, 156
Trd, 000224.617, 155
Trd, 000225.550, 156
Trd, 000226.517, 155
Trd, 000226.717, 156
Trd, 000226.933, 150
Trd, 000227.583, 158
Trd, 000228.033, 168
Trd, 000228.333, 136
Trd, 000229.083, 135
Trd, 000232.567, 145
Trd, 000233.317, 145
Trd, 000233.917, 146.0
Trd, 000234.583, 147.0
Trd, 000236.550, 148
Trd, 000236.600, 151.0
Trd, 000236.800, 145
Trd, 000237.250, 158.0
Trd, 000237.350, 135.0
Trd, 000238.883, 146
Trd, 000239.633, 145.0
Trd, 000240.850, 144
Trd, 000241.200, 145.0
Trd, 000241.433, 146.0
Trd, 000241.633, 149
Trd, 000241.650, 151.0
Trd, 000241.867, 148
Trd, 000241.950, 154.0
Trd, 000242.717, 155.0
Trd, 000243.183, 148
Trd, 000243.667, 140.0
Trd, 000244.300, 155
Trd, 000245.217, 153
Trd, 000245.600, 155
Trd, 000245.833, 155
Trd, 000246.000, 158.0
Trd, 000246.517, 155
Trd, 000246.717, 153
Trd, 000247.117, 152
Trd, 000247.517, 151.0
Trd, 000247.767, 150
Trd, 000247.900, 152
Trd, 000248.217, 151.0
Trd, 000248.550, 148.0
Trd, 000248.850, 147
Trd, 000249.000, 149.0
Trd, 000249.283, 151.0
Trd, 000249.950, 148
Trd, 000250.533, 147
Trd, 000250.550, 146
Trd, 000252.117, 150
Trd, 000252.250, 151
Trd, 000253.083, 151.0
Trd, 000253.383, 149.0
Trd, 000254.617, 149
Trd, 000254.833, 151
Trd, 000254.883, 150
Trd, 000255.150, 148.0
Trd, 000255.533, 151.0
Trd, 000256.283, 147.0
Trd, 000256.517, 148.0
Trd, 000257.083, 153.0
Trd, 000257.933, 145
Trd, 000258.900, 146.0
Trd, 000258.950, 148.0
Trd, 000259.417, 162.0
Trd, 000259.667, 158.0
Trd, 000260.617, 146.0
Trd, 000261.117, 147
Trd, 000261.717, 148
Trd, 000261.850, 150.0
Trd, 000262.017, 151.0
Trd, 000262.150, 158.0
Trd, 000262.300, 146
Trd, 000263.000, 172.0
Trd, 000263.250, 175
Trd, 000263.517, 170
Trd, 000264.233, 166
Trd, 000264.517, 165.0
Trd, 000264.733, 166
Trd, 000264.867, 163
Trd, 000265.650, 160
Trd, 000265.883, 159.0
Trd, 000265.917, 158.0
Trd, 000267.533, 142
Trd, 000267.650, 144
Trd, 000268.333, 145
Trd, 000268.650, 145
Trd, 000270.217, 150.0
Trd, 000270.483, 150.0
Trd, 000270.517, 151.0
Trd, 000270.650, 149
Trd, 000270.783, 153.0
Trd, 000270.883, 148.0
Trd, 000271.800, 151
Trd, 000271.933, 150.0
Trd, 000272.067, 149
Trd, 000272.500, 146
Trd, 000273.267, 149
Trd, 000273.600, 144
Trd, 000275.367, 147.0
Trd, 000275.783, 145
Trd, 000276.050, 148.0
Trd, 000276.183, 150
Trd, 000276.417, 151.0
Trd, 000276.733, 159
Trd, 000277.633, 153
Trd, 000278.067, 154
Trd, 000279.017, 156
Trd, 000279.167, 153
Trd, 000279.767, 158.0
Trd, 000279.883, 153
Trd, 000280.033, 151.0
Trd, 000280.550, 150
Trd, 000280.833, 158
Trd, 000282.000, 150
Trd, 000282.233, 155
Trd, 000282.500, 151
Trd, 000283.050, 151
Trd, 000283.217, 155
Trd, 000283.450, 156.0
Trd, 000283.717, 150
Trd, 000283.867, 151.0
Trd, 000284.183, 148.0
Trd, 000284.267, 158.0
Trd, 000286.183, 159
Trd, 000286.383, 158
Trd, 000286.700, 137.0
Trd, 000286.817, 136
Trd, 000287.033, 144
Trd, 000287.383, 133
Trd, 000287.917, 160
Trd, 000288.083, 158.0
Trd, 000289.117, 150.0
Trd, 000289.583, 137.0
Trd, 000290.200, 139
Trd, 000290.467, 138
Trd, 000290.550, 148.0
Trd, 000290.683, 149.0
Trd, 000290.850, 151.0
Trd, 000290.950, 148
Trd, 000291.267, 152
Trd, 000292.650, 151.0
Trd, 000292.733, 154.0
Trd, 000292.800, 155
Trd, 000293.217, 138.0
Trd, 000293.700, 134.0
Trd, 000294.283, 129
Trd, 000294.417, 135.0
Trd, 000294.500, 148
Trd, 000295.867, 137.0
Trd, 000296.100, 158.0
Trd, 000297.233, 148.0
Trd, 000297.500, 162
Trd, 000297.517, 146
Trd, 000297.800, 167
Trd, 000298.200, 145
Trd, 000298.500, 168
Trd, 000298.650, 148.0
Trd, 000298.667, 145
Trd, 000298.767, 144
Trd, 000299.017, 138
Trd, 000299.033, 175
Trd, 000299.250, 131
Trd, 000299.283, 156
Trd, 000299.450, 172.0
