Trd, 000002.600, 154.0
Trd, 000002.967, 149
Trd, 000003.833, 140
Trd, 000004.300, 141
Trd, 000004.467, 144.0
Trd, 000006.117, 151.0
Trd, 000007.033, 149.0
Trd, 000007.267, 151.0
Trd, 000008.617, 152.0
Trd, 000008.767, 152
Trd, 000009.350, 150
Trd, 000009.917, 153
Trd, 000010.233, 152
Trd, 000010.400, 151
Trd, 000010.700, 152
Trd, 000010.983, 151
Trd, 000011.250, 151.0
Trd, 000012.600, 154.0
Trd, 000013.133, 154
Trd, 000013.283, 155.0
Trd, 000014.100, 156
Trd, 000015.050, 155
Trd, 000015.283, 156.0
Trd, 000015.600, 158.0
Trd, 000016.400, 153
Trd, 000017.400, 154
Trd, 000018.067, 157
Trd, 000018.433, 158
Trd, 000018.600, 157
Trd, 000019.400, 158
Trd, 000019.900, 157
Trd, 000020.067, 156
Trd, 000020.417, 155
Trd, 000020.517, 148.0
Trd, 000023.300, 162
Trd, 000024.017, 162
Trd, 000024.100, 161
Trd, 000024.933, 166
Trd, 000025.367, 165
Trd, 000025.483, 164
Trd, 000025.717, 164
Trd, 000026.233, 162.0
Trd, 000026.833, 163.0
Trd, 000027.733, 162.0
Trd, 000027.883, 161
Trd, 000028.550, 160
Trd, 000029.550, 158
Trd, 000029.700, 158
Trd, 000030.650, 157
Trd, 000030.783, 159.0
Trd, 000031.117, 159
Trd, 000031.417, 157
Trd, 000031.533, 148.0
Trd, 000033.300, 153
Trd, 000033.950, 151
Trd, 000034.383, 137
Trd, 000035.383, 150.0
Trd, 000035.400, 153.0
Trd, 000035.667, 155.0
Trd, 000036.883, 157.0
Trd, 000037.083, 158.0
Trd, 000037.100, 162
Trd, 000037.133, 157
Trd, 000037.550, 155
Trd, 000037.833, 167
Trd, 000037.967, 157
Trd, 000038.650, 158
Trd, 000039.150, 159
Trd, 000040.483, 158
Trd, 000040.867, 157
Trd, 000041.233, 160
Trd, 000042.150, 160
Trd, 000042.267, 160
Trd, 000042.633, 159
Trd, 000043.117, 158
Trd, 000043.833, 158
Trd, 000044.050, 148.0
Trd, 000044.217, 135.0
Trd, 000044.400, 155.0
Trd, 000045.883, 148.0
Trd, 000046.450, 151
Trd, 000046.517, 154
Trd, 000047.267, 152
Trd, 000048.517, 152
Trd, 000049.017, 151
Trd, 000049.250, 152.0
Trd, 000050.067, 151
Trd, 000050.533, 153
Trd, 000050.717, 154.0
Trd, 000051.250, 152
Trd, 000051.417, 150
Trd, 000052.683, 150.0
Trd, 000053.733, 154.0
Trd, 000053.983, 154.0
Trd, 000054.850, 154
Trd, 000055.183, 154.0
Trd, 000056.500, 155.0
Trd, 000056.850, 156.0
Trd, 000056.917, 154
Trd, 000057.450, 153
Trd, 000057.583, 153
Trd, 000058.750, 152
Trd, 000059.417, 153.0
Trd, 000060.633, 154
Trd, 000061.033, 155.0
Trd, 000062.000, 153
Trd, 000062.267, 152
Trd, 000063.000, 155
Trd, 000063.033, 154
Trd, 000063.583, 155.0
Trd, 000063.817, 151
Trd, 000064.250, 149.0
Trd, 000066.483, 150.0
Trd, 000067.633, 151
Trd, 000067.750, 150.0
Trd, 000068.183, 149
Trd, 000068.200, 148.0
Trd, 000068.433, 145
Trd, 000068.550, 135.0
Trd, 000069.733, 136.0
Trd, 000070.150, 149.0
Trd, 000070.367, 151.0
Trd, 000072.233, 155.0
Trd, 000072.733, 149
Trd, 000072.783, 148.0
Trd, 000073.033, 148
Trd, 000073.367, 147
Trd, 000073.883, 145
Trd, 000074.050, 148
Trd, 000074.550, 151
Trd, 000075.533, 152.0
Trd, 000076.250, 157.0
Trd, 000076.783, 157
Trd, 000077.233, 158.0
Trd, 000077.333, 156
Trd, 000077.450, 155
Trd, 000078.967, 154.0
Trd, 000079.617, 154
Trd, 000080.017, 155.0
Trd, 000080.267, 158.0
Trd, 000081.633, 158
Trd, 000081.983, 160
Trd, 000082.117, 134.0
Trd, 000083.700, 149
Trd, 000084.183, 155.0
Trd, 000085.217, 156
Trd, 000085.617, 154
Trd, 000086.783, 156
Trd, 000086.933, 155
Trd, 000086.950, 152
Trd, 000087.100, 148.0
Trd, 000088.400, 138
Trd, 000088.817, 153.0
Trd, 000088.900, 154.0
Trd, 000089.267, 145
Trd, 000089.583, 145
Trd, 000091.067, 150
Trd, 000091.200, 155.0
Trd, 000092.017, 155.0
Trd, 000092.933, 155
Trd, 000093.033, 155
Trd, 000093.517, 154
Trd, 000095.150, 156
Trd, 000095.533, 157.0
Trd, 000095.617, 157
Trd, 000096.017, 158.0
Trd, 000096.300, 148.0
Trd, 000096.933, 154
Trd, 000097.467, 162
Trd, 000098.817, 162
Trd, 000099.767, 162
Trd, 000100.183, 162
Trd, 000100.283, 163
Trd, 000100.900, 162
Trd, 000101.017, 161
Trd, 000101.283, 148.0
Trd, 000103.550, 151.0
Trd, 000103.633, 145
Trd, 000103.883, 150
Trd, 000104.383, 151.0
Trd, 000104.767, 149
Trd, 000105.117, 148
Trd, 000106.150, 153.0
Trd, 000106.700, 152.0
Trd, 000106.767, 153.0
Trd, 000107.017, 151.0
Trd, 000107.633, 151
Trd, 000107.867, 155.0
Trd, 000109.767, 152.0
Trd, 000110.517, 152.0
Trd, 000110.583, 154.0
Trd, 000110.933, 155.0
Trd, 000111.133, 154.0
Trd, 000111.667, 154
Trd, 000112.683, 153.0
Trd, 000112.867, 150
Trd, 000113.617, 151.0
Trd, 000113.933, 153.0
Trd, 000114.200, 154.0
Trd, 000114.417, 155.0
Trd, 000114.933, 158.0
Trd, 000117.000, 159
Trd, 000117.083, 158
Trd, 000117.917, 157
Trd, 000118.083, 156
Trd, 000118.300, 156
Trd, 000119.233, 156
Trd, 000119.783, 155
Trd, 000120.183, 154
Trd, 000120.667, 155
Trd, 000122.300, 154.0
Trd, 000122.417, 156
Trd, 000123.667, 153
Trd, 000124.117, 154.0
Trd, 000124.783, 155.0
Trd, 000125.100, 153
Trd, 000125.133, 151
Trd, 000125.417, 154.0
Trd, 000126.167, 154
Trd, 000126.817, 153
Trd, 000126.900, 152
Trd, 000127.217, 151
Trd, 000129.133, 149.0
Trd, 000129.233, 148.0
Trd, 000129.700, 142
Trd, 000130.467, 137.0
Trd, 000131.117, 148.0
Trd, 000131.700, 141
Trd, 000133.333, 149.0
Trd, 000133.533, 149
Trd, 000133.683, 150.0
Trd, 000133.733, 149
Trd, 000134.283, 149.0
Trd, 000134.583, 149.0
Trd, 000137.717, 151.0
Trd, 000138.750, 150
Trd, 000138.867, 149
Trd, 000139.600, 137.0
Trd, 000140.617, 151.0
Trd, 000141.833, 152.0
Trd, 000142.467, 153
Trd, 000142.583, 153
Trd, 000142.833, 153
Trd, 000143.717, 153
Trd, 000144.317, 152
Trd, 000144.417, 154.0
Trd, 000145.317, 153
Trd, 000145.817, 152
Trd, 000146.600, 152.0
Trd, 000147.250, 151
Trd, 000148.500, 154
Trd, 000149.083, 154
Trd, 000149.717, 154
Trd, 000150.200, 153
Trd, 000150.350, 155.0
Trd, 000150.900, 155.0
Trd, 000151.983, 156
Trd, 000152.333, 156
Trd, 000152.717, 155
Trd, 000152.850, 154
Trd, 000153.217, 158.0
Trd, 000153.900, 150.0
Trd, 000154.867, 151.0
Trd, 000155.250, 152
Trd, 000155.783, 150
Trd, 000156.167, 150.0
Trd, 000156.417, 150.0
Trd, 000156.467, 151.0
Trd, 000156.817, 149
Trd, 000157.083, 148.0
Trd, 000158.783, 154.0
Trd, 000159.000, 150
Trd, 000159.883, 151
Trd, 000160.217, 153.0
Trd, 000160.617, 151
Trd, 000161.950, 151
Trd, 000162.850, 152
Trd, 000162.933, 154.0
Trd, 000162.950, 155.0
Trd, 000163.200, 154
Trd, 000163.483, 153
Trd, 000164.567, 154
Trd, 000165.067, 155.0
Trd, 000167.700, 154
Trd, 000167.733, 152
Trd, 000168.000, 157.0
Trd, 000168.133, 150
Trd, 000168.567, 157.0
Trd, 000169.367, 154.0
Trd, 000170.050, 152
Trd, 000170.083, 153.0
Trd, 000170.567, 155.0
Trd, 000171.717, 154
Trd, 000172.983, 156
Trd, 000173.233, 158.0
Trd, 000173.367, 156
Trd, 000173.400, 154
Trd, 000173.867, 152
Trd, 000173.900, 148.0
Trd, 000175.983, 149.0
Trd, 000176.050, 151
Trd, 000176.500, 154.0
Trd, 000176.983, 151.0
Trd, 000177.483, 155.0
Trd, 000179.267, 151.0
Trd, 000179.483, 148.0
Trd, 000180.583, 152.0
Trd, 000181.100, 154
Trd, 000181.167, 155.0
Trd, 000181.283, 153
Trd, 000181.850, 153
Trd, 000181.900, 154.0
Trd, 000181.967, 152
Trd, 000182.967, 155.0
Trd, 000183.233, 152
Trd, 000183.450, 140
Trd, 000184.767, 150
Trd, 000184.933, 151.0
Trd, 000186.367, 149
Trd, 000186.867, 148.0
Trd, 000189.050, 150.0
Trd, 000189.100, 149
Trd, 000189.150, 150.0
Trd, 000190.067, 151.0
Trd, 000190.133, 150
Trd, 000191.300, 149
Trd, 000192.833, 153.0
Trd, 000192.850, 152
Trd, 000192.900, 155.0
Trd, 000193.567, 157.0
Trd, 000194.133, 151
Trd, 000194.450, 151
Trd, 000195.500, 156
Trd, 000195.617, 154
Trd, 000195.883, 156.0
Trd, 000197.100, 153
Trd, 000198.200, 154.0
Trd, 000198.983, 154
Trd, 000199.433, 154.0
Trd, 000200.033, 155.0
Trd, 000200.350, 154
Trd, 000200.483, 158.0
Trd, 000200.683, 155
Trd, 000202.883, 156
Trd, 000202.900, 155
Trd, 000203.117, 154
Trd, 000203.250, 154
Trd, 000205.100, 152.0
Trd, 000205.917, 156.0
Trd, 000206.433, 157.0
Trd, 000206.783, 155.0
Trd, 000207.633, 154
Trd, 000207.683, 155.0
Trd, 000207.983, 153
Trd, 000208.183, 157.0
Trd, 000208.283, 153
Trd, 000208.667, 154
Trd, 000209.050, 154
Trd, 000210.050, 158.0
Trd, 000210.167, 157
Trd, 000210.933, 159
Trd, 000211.683, 158
Trd, 000211.767, 160
Trd, 000212.617, 158
Trd, 000212.667, 157
Trd, 000214.567, 156
Trd, 000215.000, 154
Trd, 000215.567, 154
Trd, 000216.733, 151.0
Trd, 000216.783, 148.0
Trd, 000217.417, 155.0
Trd, 000217.683, 157.0
Trd, 000217.833, 146
Trd, 000217.967, 158.0
Trd, 000218.067, 147
Trd, 000219.417, 150
Trd, 000219.933, 149.0
Trd, 000220.050, 151.0
Trd, 000220.350, 149
Trd, 000221.150, 149.0
Trd, 000221.200, 151.0
Trd, 000221.233, 148.0
Trd, 000222.217, 151
Trd, 000222.333, 150
Trd, 000222.433, 150
Trd, 000223.467, 152.0
Trd, 000224.300, 153.0
Trd, 000225.083, 151.0
Trd, 000225.550, 152
Trd, 000226.000, 150
Trd, 000226.167, 150
Trd, 000226.783, 151
Trd, 000228.033, 154
Trd, 000228.283, 155.0
Trd, 000228.617, 149
Trd, 000228.683, 148.0
Trd, 000230.100, 154
Trd, 000230.583, 155.0
Trd, 000230.717, 153
Trd, 000231.400, 151
Trd, 000231.733, 152
Trd, 000233.733, 152.0
Trd, 000233.783, 155.0
Trd, 000234.017, 151
Trd, 000234.283, 150
Trd, 000235.250, 157.0
Trd, 000235.300, 152
Trd, 000238.300, 155.0
Trd, 000239.067, 155.0
Trd, 000239.200, 158.0
Trd, 000239.817, 156
Trd, 000240.300, 156.0
Trd, 000240.550, 155
Trd, 000240.600, 154
Trd, 000240.683, 154
Trd, 000241.383, 154
Trd, 000241.417, 153
Trd, 000241.633, 152
Trd, 000241.650, 151.0
Trd, 000241.900, 149.0
Trd, 000242.500, 148.0
Trd, 000243.100, 142.0
Trd, 000243.150, 141.0
Trd, 000243.450, 147.0
Trd, 000244.333, 140.0
Trd, 000244.517, 140
Trd, 000244.800, 138.0
Trd, 000246.200, 144
Trd, 000246.350, 143
Trd, 000246.833, 144
Trd, 000247.450, 145
Trd, 000248.050, 146
Trd, 000248.083, 148
Trd, 000248.517, 145
Trd, 000248.800, 144
Trd, 000249.467, 151.0
Trd, 000250.300, 147
Trd, 000250.850, 147
Trd, 000250.950, 149.0
Trd, 000251.267, 151.0
Trd, 000251.517, 149
Trd, 000252.050, 151
Trd, 000252.517, 151.0
Trd, 000252.550, 151
Trd, 000254.183, 153
Trd, 000254.317, 148.0
Trd, 000254.717, 154.0
Trd, 000255.467, 147.0
Trd, 000255.783, 147.0
Trd, 000255.833, 146.0
Trd, 000256.100, 139.0
Trd, 000256.200, 148.0
Trd, 000256.633, 142.0
Trd, 000256.683, 146.0
Trd, 000256.800, 148.0
Trd, 000257.583, 153.0
Trd, 000258.133, 148.0
Trd, 000258.233, 149.0
Trd, 000258.950, 152.0
Trd, 000260.033, 150
Trd, 000260.283, 151.0
Trd, 000260.317, 149
Trd, 000260.950, 149
Trd, 000261.683, 152.0
Trd, 000262.067, 153.0
Trd, 000262.517, 154.0
Trd, 000262.567, 155.0
Trd, 000263.233, 151.0
Trd, 000263.900, 153
Trd, 000264.417, 154.0
Trd, 000264.800, 154
Trd, 000265.367, 155
Trd, 000265.600, 154
Trd, 000267.100, 155
Trd, 000267.233, 153.0
Trd, 000267.667, 153
Trd, 000267.933, 153
Trd, 000268.750, 155
Trd, 000268.983, 155
Trd, 000269.233, 154
Trd, 000269.617, 154
Trd, 000269.817, 156.0
Trd, 000270.467, 156.0
Trd, 000271.167, 155
Trd, 000271.750, 154
Trd, 000272.050, 154
Trd, 000272.167, 154
Trd, 000272.317, 151.0
Trd, 000272.783, 150
Trd, 000273.950, 157.0
Trd, 000275.000, 153.0
Trd, 000275.283, 152
Trd, 000275.450, 152
Trd, 000275.500, 153.0
Trd, 000275.583, 151
Trd, 000276.283, 148.0
Trd, 000276.933, 150
Trd, 000277.217, 149.0
Trd, 000277.550, 143.0
Trd, 000278.367, 155.0
Trd, 000278.517, 154
Trd, 000279.000, 145
Trd, 000279.200, 146
Trd, 000279.517, 135.0
Trd, 000280.033, 146.0
Trd, 000280.083, 143.0
Trd, 000280.483, 141.0
Trd, 000280.800, 146.0
Trd, 000281.333, 153.0
Trd, 000282.017, 151
Trd, 000282.400, 152.0
Trd, 000283.083, 151.0
Trd, 000283.533, 154.0
Trd, 000283.767, 154
Trd, 000283.883, 154
Trd, 000284.567, 155.0
Trd, 000285.067, 154
Trd, 000285.383, 155
Trd, 000286.050, 155.0
Trd, 000286.350, 153
Trd, 000286.550, 154.0
Trd, 000287.483, 151
Trd, 000287.517, 150.0
Trd, 000288.050, 158.0
Trd, 000288.167, 148.0
Trd, 000288.333, 160
Trd, 000289.333, 153
Trd, 000289.850, 153
Trd, 000289.983, 153.0
Trd, 000290.200, 152
Trd, 000290.983, 151
Trd, 000291.317, 150
Trd, 000291.900, 148.0
Trd, 000292.333, 153.0
Trd, 000292.483, 152.0
Trd, 000292.633, 151.0
Trd, 000292.683, 149
Trd, 000292.850, 152.0
Trd, 000293.883, 154.0
Trd, 000294.433, 155.0
Trd, 000294.583, 155
Trd, 000294.783, 152
Trd, 000294.800, 150
Trd, 000296.250, 156.0
Trd, 000296.567, 155
Trd, 000296.950, 153
Trd, 000297.150, 153
Trd, 000298.067, 156.0
Trd, 000298.133, 154
Trd, 000299.167, 153
Trd, 000299.900, 155.0
