Trd, 000001.133, 182.0
Trd, 000002.717, 110.0
Trd, 000003.517, 127.0
Trd, 000003.717, 148.0
Trd, 000004.083, 153
Trd, 000004.100, 175.0
Trd, 000004.683, 150.0
Trd, 000005.467, 151.0
Trd, 000005.683, 128
Trd, 000006.583, 155
Trd, 000007.450, 147.0
Trd, 000008.383, 148.0
Trd, 000009.183, 135
Trd, 000009.233, 135
Trd, 000009.767, 157
Trd, 000009.883, 142
Trd, 000010.450, 148
Trd, 000011.183, 165.0
Trd, 000011.550, 167
Trd, 000013.700, 149
Trd, 000014.150, 147
Trd, 000014.417, 147
Trd, 000015.050, 147
Trd, 000015.350, 147.0
Trd, 000015.483, 148.0
Trd, 000016.217, 150
Trd, 000016.783, 137
Trd, 000017.650, 147.0
Trd, 000017.733, 147.0
Trd, 000018.400, 147.0
Trd, 000019.583, 147
Trd, 000019.683, 146
Trd, 000019.783, 145
Trd, 000020.100, 147.0
Trd, 000021.417, 148.0
Trd, 000021.600, 148
Trd, 000023.033, 147
Trd, 000023.667, 148
Trd, 000023.883, 142
Trd, 000024.417, 145
Trd, 000024.783, 145
Trd, 000025.233, 146
Trd, 000025.283, 144
Trd, 000025.450, 151.0
Trd, 000025.883, 166
Trd, 000026.767, 165.0
Trd, 000027.117, 165.0
Trd, 000027.717, 157
Trd, 000028.250, 183.0
Trd, 000028.617, 182.0
Trd, 000028.983, 149
Trd, 000029.217, 147
Trd, 000030.817, 151.0
Trd, 000031.683, 158
Trd, 000032.200, 146.0
Trd, 000032.283, 148.0
Trd, 000033.100, 146
Trd, 000033.317, 166
Trd, 000033.617, 157
Trd, 000034.600, 140
Trd, 000035.217, 140
Trd, 000035.350, 150
Trd, 000036.100, 146.0
Trd, 000036.483, 147.0
Trd, 000036.500, 147
Trd, 000037.017, 140
Trd, 000037.633, 148
Trd, 000038.283, 145
Trd, 000038.933, 151.0
Trd, 000039.733, 148
Trd, 000040.283, 147
Trd, 000041.333, 148.0
Trd, 000042.150, 148
Trd, 000042.417, 145
Trd, 000043.283, 144
Trd, 000043.633, 131.0
Trd, 000044.000, 145.0
Trd, 000044.567, 147.0
Trd, 000044.867, 148.0
Trd, 000044.933, 148
Trd, 000045.983, 151.0
Trd, 000048.150, 145
Trd, 000048.283, 163
Trd, 000048.800, 164
Trd, 000048.850, 151
Trd, 000049.433, 162
Trd, 000050.250, 150
Trd, 000051.017, 134
Trd, 000051.100, 148.0
Trd, 000051.167, 156
Trd, 000051.700, 155
Trd, 000052.517, 162
Trd, 000052.550, 150
Trd, 000053.383, 157
Trd, 000054.183, 149
Trd, 000054.483, 155
Trd, 000054.800, 148
Trd, 000054.833, 147
Trd, 000055.000, 133
Trd, 000056.017, 150.0
Trd, 000056.933, 149.0
Trd, 000057.333, 151
Trd, 000058.133, 143
Trd, 000058.300, 153
Trd, 000058.550, 151.0
Trd, 000058.867, 174.0
Trd, 000059.900, 148.0
Trd, 000060.200, 168.0
Trd, 000060.333, 148
Trd, 000062.117, 151
Trd, 000062.533, 147
Trd, 000063.283, 159
Trd, 000064.533, 154
Trd, 000064.767, 151.0
Trd, 000065.067, 155
Trd, 000065.350, 148
Trd, 000065.617, 157
Trd, 000066.567, 164
Trd, 000066.967, 142
Trd, 000067.167, 127.0
Trd, 000067.633, 165
Trd, 000068.000, 168.0
Trd, 000068.900, 160
Trd, 000069.000, 161
Trd, 000069.800, 151.0
Trd, 000071.167, 147
Trd, 000071.517, 147
Trd, 000071.533, 146
Trd, 000072.183, 147.0
Trd, 000072.533, 146
Trd, 000073.550, 131.0
Trd, 000073.817, 146
Trd, 000075.700, 125.0
Trd, 000075.733, 127.0
Trd, 000076.100, 147
Trd, 000076.750, 165
Trd, 000076.950, 151.0
Trd, 000078.200, 146
Trd, 000078.383, 147
Trd, 000079.500, 147
Trd, 000079.617, 143
Trd, 000080.767, 143
Trd, 000080.933, 142
Trd, 000081.117, 145
Trd, 000081.650, 148.0
Trd, 000082.300, 147
Trd, 000082.500, 136
Trd, 000082.683, 165
Trd, 000083.400, 160
Trd, 000083.500, 152
Trd, 000084.600, 151
Trd, 000085.033, 165
Trd, 000085.383, 163
Trd, 000086.150, 166.0
Trd, 000086.383, 168.0
Trd, 000087.417, 165.0
Trd, 000087.583, 151.0
Trd, 000088.567, 157
Trd, 000089.967, 157
Trd, 000089.983, 158
Trd, 000090.083, 155
Trd, 000090.617, 147
Trd, 000090.883, 153
Trd, 000091.817, 156
Trd, 000092.250, 135
Trd, 000092.900, 157
Trd, 000094.333, 155
Trd, 000094.933, 168.0
Trd, 000095.233, 166
Trd, 000095.350, 174.0
Trd, 000095.517, 175.0
Trd, 000096.617, 168.0
Trd, 000097.000, 168
Trd, 000097.517, 163
Trd, 000097.800, 163
Trd, 000098.083, 162
Trd, 000099.783, 139
Trd, 000099.833, 141
Trd, 000100.067, 158
Trd, 000100.167, 133
Trd, 000100.800, 147
Trd, 000100.967, 131.0
Trd, 000101.350, 147.0
Trd, 000101.567, 130
Trd, 000101.917, 148.0
Trd, 000102.017, 165.0
Trd, 000102.617, 160
Trd, 000102.767, 165
Trd, 000103.133, 148
Trd, 000103.567, 151.0
Trd, 000105.683, 156
Trd, 000105.883, 155
Trd, 000106.033, 156
Trd, 000106.300, 154
Trd, 000107.717, 132.0
Trd, 000108.883, 150
Trd, 000109.067, 148.0
Trd, 000109.200, 149
Trd, 000109.717, 148
Trd, 000109.967, 149
Trd, 000110.383, 151.0
Trd, 000110.683, 147
Trd, 000111.033, 152
Trd, 000111.483, 136
Trd, 000112.100, 136
Trd, 000113.017, 164
Trd, 000113.583, 164
Trd, 000114.050, 141
Trd, 000114.100, 136.0
Trd, 000114.467, 134
Trd, 000114.967, 141
Trd, 000115.250, 151.0
Trd, 000115.783, 147.0
Trd, 000116.167, 131.0
Trd, 000116.183, 148.0
Trd, 000117.200, 148
Trd, 000118.000, 150
Trd, 000118.600, 162
Trd, 000118.867, 165
Trd, 000118.900, 168.0
Trd, 000120.283, 145
Trd, 000120.300, 146.0
Trd, 000121.217, 145
Trd, 000121.300, 148.0
Trd, 000121.867, 149
Trd, 000122.367, 151.0
Trd, 000123.100, 163
Trd, 000123.367, 144
Trd, 000124.150, 147.0
Trd, 000124.167, 148.0
Trd, 000124.283, 150
Trd, 000125.817, 143
Trd, 000125.950, 149
Trd, 000127.100, 164
Trd, 000127.633, 161
Trd, 000127.700, 163
Trd, 000127.900, 165
Trd, 000128.967, 153
Trd, 000129.567, 150
Trd, 000130.133, 167.0
Trd, 000130.450, 153
Trd, 000131.367, 160
Trd, 000131.400, 151
Trd, 000132.933, 148.0
Trd, 000133.517, 148
Trd, 000134.350, 141
Trd, 000134.967, 143
Trd, 000135.500, 145
Trd, 000135.633, 146.0
Trd, 000136.083, 147
Trd, 000136.383, 136
Trd, 000136.550, 148.0
Trd, 000137.083, 144
Trd, 000137.200, 146
Trd, 000139.033, 147.0
Trd, 000139.233, 148.0
Trd, 000139.267, 143
Trd, 000140.967, 151.0
Trd, 000141.567, 151
Trd, 000142.633, 163
Trd, 000143.383, 146
Trd, 000143.983, 148.0
Trd, 000144.000, 158
Trd, 000144.033, 164
Trd, 000145.133, 159
Trd, 000145.717, 147
Trd, 000146.133, 148
Trd, 000146.533, 150
Trd, 000147.233, 148.0
Trd, 000148.050, 146
Trd, 000148.783, 145
Trd, 000149.033, 145.0
Trd, 000149.250, 148.0
Trd, 000149.700, 146
Trd, 000150.517, 145
Trd, 000150.633, 151.0
Trd, 000150.667, 150
Trd, 000151.767, 149
Trd, 000151.817, 131.0
Trd, 000152.433, 147.0
Trd, 000152.983, 147.0
Trd, 000153.050, 148.0
Trd, 000153.983, 142
Trd, 000154.233, 149
Trd, 000156.617, 147
Trd, 000157.450, 147
Trd, 000158.467, 155
Trd, 000158.950, 165
Trd, 000159.067, 147
Trd, 000159.167, 153
Trd, 000159.267, 175.0
Trd, 000159.883, 146
Trd, 000160.117, 165.0
Trd, 000160.667, 152
Trd, 000160.917, 151
Trd, 000161.467, 150
Trd, 000162.100, 149
Trd, 000162.683, 148
Trd, 000163.217, 149
Trd, 000163.733, 141
Trd, 000164.400, 148
Trd, 000165.033, 145
Trd, 000165.650, 145
Trd, 000166.583, 146
Trd, 000166.850, 148.0
Trd, 000167.583, 146
Trd, 000167.983, 145
Trd, 000168.183, 146.0
Trd, 000168.850, 147.0
Trd, 000169.133, 147
Trd, 000169.983, 146
Trd, 000170.483, 147.0
Trd, 000170.567, 149
Trd, 000170.883, 148.0
Trd, 000171.000, 146
Trd, 000173.300, 149.0
Trd, 000173.483, 151.0
Trd, 000173.950, 160
Trd, 000174.383, 165
Trd, 000174.717, 155
Trd, 000175.450, 154
Trd, 000175.733, 154
Trd, 000175.783, 156
Trd, 000176.433, 155
Trd, 000176.467, 152
Trd, 000177.550, 147
Trd, 000178.117, 147
Trd, 000178.317, 139
Trd, 000178.400, 136
Trd, 000178.500, 148.0
Trd, 000178.917, 150
Trd, 000179.033, 151
Trd, 000179.233, 165
Trd, 000180.900, 151.0
Trd, 000181.817, 150
Trd, 000182.050, 140
Trd, 000182.767, 148.0
Trd, 000182.867, 152
Trd, 000183.017, 168.0
Trd, 000184.533, 147
Trd, 000186.017, 149.0
Trd, 000186.767, 150.0
Trd, 000186.883, 149
Trd, 000187.883, 147
Trd, 000188.583, 149
Trd, 000188.817, 151.0
Trd, 000189.867, 148
Trd, 000190.117, 146
Trd, 000191.067, 143
Trd, 000191.083, 144
Trd, 000191.450, 151
Trd, 000191.867, 148.0
Trd, 000192.200, 151.0
Trd, 000192.667, 165
Trd, 000193.317, 160
Trd, 000193.417, 141
Trd, 000194.317, 160
Trd, 000194.900, 164
Trd, 000195.100, 145
Trd, 000196.333, 150.0
Trd, 000196.750, 153
Trd, 000197.067, 146
Trd, 000197.217, 145
Trd, 000199.217, 143.0
Trd, 000199.450, 144.0
Trd, 000199.900, 135
Trd, 000199.950, 146
Trd, 000200.183, 151.0
Trd, 000201.500, 145
Trd, 000201.917, 148.0
Trd, 000203.133, 162
Trd, 000204.283, 156
Trd, 000204.667, 149
Trd, 000204.850, 162
Trd, 000204.983, 150
Trd, 000205.167, 165
Trd, 000205.367, 168.0
Trd, 000206.033, 149
Trd, 000206.533, 149.0
Trd, 000207.000, 147
Trd, 000208.383, 134
Trd, 000209.033, 145
Trd, 000209.717, 147.0
Trd, 000209.750, 148.0
Trd, 000210.067, 135
Trd, 000210.133, 147
Trd, 000210.900, 165
Trd, 000211.917, 148.0
Trd, 000211.950, 150
Trd, 000212.200, 153
Trd, 000214.717, 146
Trd, 000215.183, 146
Trd, 000215.433, 145
Trd, 000216.083, 144
Trd, 000216.983, 145
Trd, 000217.683, 144
Trd, 000217.867, 145
Trd, 000217.917, 146
Trd, 000218.000, 148.0
Trd, 000219.033, 151.0
Trd, 000220.850, 146
Trd, 000221.217, 147.0
Trd, 000221.283, 145
Trd, 000221.883, 146.0
Trd, 000222.017, 148.0
Trd, 000222.183, 150
Trd, 000222.383, 165
Trd, 000223.233, 135
Trd, 000223.517, 168.0
Trd, 000223.567, 135
Trd, 000225.217, 149.0
Trd, 000225.233, 150.0
Trd, 000225.300, 151.0
Trd, 000226.033, 147
Trd, 000226.233, 141
Trd, 000228.167, 144
Trd, 000228.567, 144
Trd, 000228.950, 145
Trd, 000229.033, 147
Trd, 000229.367, 151.0
Trd, 000230.550, 151.0
Trd, 000231.033, 147.0
Trd, 000231.617, 147.0
Trd, 000231.867, 146
Trd, 000232.100, 146
Trd, 000232.183, 148.0
Trd, 000234.400, 146
Trd, 000234.633, 162
Trd, 000234.767, 163
Trd, 000235.050, 168.0
Trd, 000235.217, 145
Trd, 000235.650, 166
Trd, 000236.050, 165.0
Trd, 000236.817, 147
Trd, 000236.883, 148.0
Trd, 000237.583, 165.0
Trd, 000237.883, 136
Trd, 000238.717, 147.0
Trd, 000239.083, 146
Trd, 000239.350, 146
Trd, 000239.617, 148.0
Trd, 000241.050, 143
Trd, 000241.267, 149
Trd, 000241.550, 146
Trd, 000241.967, 145.0
Trd, 000242.033, 146
Trd, 000242.700, 144
Trd, 000242.983, 150.0
Trd, 000243.150, 151.0
Trd, 000244.267, 161.0
Trd, 000244.483, 156
Trd, 000244.633, 155
Trd, 000245.550, 152
Trd, 000245.667, 151.0
Trd, 000245.833, 156.0
Trd, 000246.583, 148.0
Trd, 000246.633, 158.0
Trd, 000247.267, 147.0
Trd, 000247.633, 153.0
Trd, 000248.467, 150
Trd, 000249.317, 150
Trd, 000249.517, 151.0
Trd, 000249.933, 162
Trd, 000250.267, 160
Trd, 000250.467, 161
Trd, 000251.450, 150
Trd, 000251.583, 147
Trd, 000251.883, 149
Trd, 000252.017, 152
Trd, 000252.167, 150.0
Trd, 000252.233, 150.0
Trd, 000253.650, 155
Trd, 000254.083, 152
Trd, 000254.217, 155
Trd, 000254.950, 152.0
Trd, 000255.517, 161
Trd, 000256.083, 158
Trd, 000256.500, 161
Trd, 000258.183, 154
Trd, 000258.233, 155
Trd, 000258.650, 157
Trd, 000258.717, 151
Trd, 000259.650, 153
Trd, 000260.300, 150
Trd, 000260.333, 147
Trd, 000260.633, 151.0
Trd, 000261.200, 149
Trd, 000261.700, 147.0
Trd, 000261.867, 151.0
Trd, 000262.283, 148
Trd, 000262.550, 150.0
Trd, 000262.883, 144
Trd, 000263.050, 148.0
Trd, 000263.117, 151.0
Trd, 000263.717, 144.0
Trd, 000264.050, 152.0
Trd, 000264.767, 139
Trd, 000264.783, 162.0
Trd, 000264.900, 135
Trd, 000265.417, 142.0
Trd, 000266.067, 160
Trd, 000266.600, 147
Trd, 000267.000, 145
Trd, 000267.267, 156
Trd, 000267.867, 145.0
Trd, 000268.367, 146.0
Trd, 000269.017, 148.0
Trd, 000269.367, 147
Trd, 000269.650, 151.0
Trd, 000270.133, 162.0
Trd, 000270.333, 153
Trd, 000270.650, 154
Trd, 000270.883, 160
Trd, 000271.067, 146
Trd, 000272.567, 156
Trd, 000272.950, 144.0
Trd, 000273.483, 150
Trd, 000273.650, 151
Trd, 000273.900, 148
Trd, 000274.350, 147
Trd, 000274.367, 144
Trd, 000274.617, 144.0
Trd, 000276.117, 148
Trd, 000276.333, 146
Trd, 000276.400, 144
Trd, 000276.667, 148.0
Trd, 000276.917, 148.0
Trd, 000277.867, 149
Trd, 000277.983, 151.0
Trd, 000279.417, 150
Trd, 000279.433, 145
Trd, 000279.500, 150
Trd, 000279.917, 151
Trd, 000280.183, 151.0
Trd, 000280.583, 144
Trd, 000280.617, 139
Trd, 000280.900, 162.0
Trd, 000281.800, 144
Trd, 000283.483, 153
Trd, 000283.667, 154
Trd, 000283.967, 147
Trd, 000284.183, 154
Trd, 000284.450, 151.0
Trd, 000284.800, 164
Trd, 000285.467, 158.0
Trd, 000286.000, 158
Trd, 000286.600, 158
Trd, 000286.800, 149
Trd, 000287.233, 147
Trd, 000288.417, 150
Trd, 000288.650, 150.0
Trd, 000288.683, 151.0
Trd, 000290.017, 153
Trd, 000290.200, 153
Trd, 000290.567, 159.0
Trd, 000290.883, 149
Trd, 000291.017, 148
Trd, 000291.500, 162.0
Trd, 000291.550, 159
Trd, 000291.600, 158.0
Trd, 000292.033, 158
Trd, 000292.217, 160
Trd, 000293.767, 145.0
Trd, 000293.783, 161
Trd, 000293.833, 144.0
Trd, 000294.183, 154
Trd, 000294.200, 168.0
Trd, 000295.100, 136
Trd, 000295.267, 166
Trd, 000295.367, 165.0
Trd, 000296.133, 171
Trd, 000296.183, 158.0
Trd, 000296.833, 172.0
Trd, 000296.983, 172.0
Trd, 000297.583, 159
Trd, 000298.067, 158
Trd, 000298.083, 175.0
Trd, 000299.100, 168.0
Trd, 000299.217, 183
Trd, 000299.467, 172.0
Trd, 000299.600, 162
Trd, 000299.633, 147
Trd, 000299.933, 165.0
