Trd, 000001.200, 113.0
Trd, 000002.233, 120
Trd, 000003.433, 121
Trd, 000003.583, 139
Trd, 000003.900, 122
Trd, 000003.950, 137.0
Trd, 000004.067, 141.0
Trd, 000005.333, 129
Trd, 000005.983, 128
Trd, 000007.217, 136
Trd, 000007.233, 141.0
Trd, 000007.533, 147
Trd, 000007.767, 137.0
Trd, 000008.017, 147
Trd, 000008.117, 137
Trd, 000008.633, 144
Trd, 000008.767, 141
Trd, 000009.233, 148
Trd, 000009.500, 167
Trd, 000009.833, 158.0
Trd, 000010.550, 155
Trd, 000010.733, 149
Trd, 000011.483, 143.0
Trd, 000012.367, 150.0
Trd, 000013.000, 155
Trd, 000013.717, 155
Trd, 000013.883, 151
Trd, 000014.767, 156.0
Trd, 000014.783, 156
Trd, 000014.800, 151
Trd, 000015.683, 156.0
Trd, 000016.833, 151
Trd, 000017.250, 169
Trd, 000017.767, 163
Trd, 000018.167, 158.0
Trd, 000018.433, 155
Trd, 000019.433, 157
Trd, 000020.467, 158
Trd, 000020.833, 157
Trd, 000021.833, 157
Trd, 000022.350, 154
Trd, 000022.767, 156
Trd, 000022.850, 156.0
Trd, 000023.233, 155
Trd, 000023.733, 156
Trd, 000024.233, 151.0
Trd, 000024.667, 154
Trd, 000025.233, 154
Trd, 000025.250, 153
Trd, 000025.483, 153
Trd, 000025.650, 154
Trd, 000026.617, 152
Trd, 000026.683, 148.0
Trd, 000027.617, 149
Trd, 000028.283, 149
Trd, 000028.317, 151
Trd, 000028.483, 152
Trd, 000029.250, 154
Trd, 000029.867, 148
Trd, 000030.050, 154
Trd, 000030.167, 157.0
Trd, 000030.400, 148.0
Trd, 000031.667, 149
Trd, 000031.683, 153
Trd, 000032.017, 148
Trd, 000032.850, 152
Trd, 000033.450, 152
Trd, 000033.467, 156
Trd, 000033.883, 148
Trd, 000033.983, 158.0
Trd, 000034.450, 162.0
Trd, 000035.250, 158.0
Trd, 000035.283, 158
Trd, 000036.000, 151
Trd, 000036.450, 151.0
Trd, 000036.483, 148.0
Trd, 000037.067, 147
Trd, 000037.267, 152
Trd, 000037.300, 152
Trd, 000037.500, 153
Trd, 000038.500, 149
Trd, 000038.967, 149
Trd, 000039.300, 148
Trd, 000039.450, 151
Trd, 000041.533, 151
Trd, 000041.600, 148
Trd, 000042.567, 148.0
Trd, 000042.633, 147
Trd, 000042.650, 148
Trd, 000042.750, 146
Trd, 000043.317, 134.0
Trd, 000043.967, 134
Trd, 000044.283, 134
Trd, 000044.783, 141.0
Trd, 000045.733, 150
Trd, 000045.783, 141
Trd, 000046.400, 142
Trd, 000046.533, 148.0
Trd, 000046.850, 148.0
Trd, 000046.883, 149
Trd, 000049.117, 148
Trd, 000049.350, 147
Trd, 000049.767, 158.0
Trd, 000050.300, 152
Trd, 000050.400, 147
Trd, 000050.583, 147
Trd, 000051.100, 151
Trd, 000052.967, 151
Trd, 000053.867, 151
Trd, 000053.983, 150
Trd, 000054.117, 158.0
Trd, 000054.383, 148.0
Trd, 000054.550, 147
Trd, 000054.783, 147
Trd, 000055.550, 156
Trd, 000056.017, 147
Trd, 000056.217, 156.0
Trd, 000057.150, 149
Trd, 000058.383, 148
Trd, 000058.683, 147
Trd, 000059.367, 149
Trd, 000059.983, 149
Trd, 000060.400, 147
Trd, 000060.483, 157.0
Trd, 000060.567, 147
Trd, 000061.567, 146
Trd, 000062.167, 146
Trd, 000062.650, 146
Trd, 000063.150, 148
Trd, 000063.317, 150
Trd, 000063.650, 148.0
Trd, 000063.933, 146
Trd, 000064.083, 158.0
Trd, 000064.333, 144.0
Trd, 000064.917, 134.0
Trd, 000065.233, 137.0
Trd, 000066.433, 145
Trd, 000066.533, 144
Trd, 000066.733, 145
Trd, 000067.100, 142
Trd, 000067.183, 142
Trd, 000068.017, 142
Trd, 000068.517, 142
Trd, 000068.783, 142
Trd, 000069.100, 148
Trd, 000070.083, 152
Trd, 000071.250, 151
Trd, 000071.283, 150
Trd, 000071.917, 148.0
Trd, 000072.917, 153
Trd, 000073.183, 144.0
Trd, 000073.900, 136.0
Trd, 000074.617, 144
Trd, 000074.867, 144.0
Trd, 000074.900, 141
Trd, 000074.967, 140
Trd, 000075.133, 145
Trd, 000075.467, 148
Trd, 000075.817, 158.0
Trd, 000076.400, 151
Trd, 000076.650, 141
Trd, 000076.683, 134.0
Trd, 000076.900, 150
Trd, 000077.317, 134.0
Trd, 000078.100, 140
Trd, 000078.567, 139
Trd, 000078.717, 140
Trd, 000079.767, 144.0
Trd, 000080.550, 148
Trd, 000081.150, 148
Trd, 000081.417, 158.0
Trd, 000082.167, 149
Trd, 000082.250, 171
Trd, 000082.633, 148
Trd, 000083.050, 149
Trd, 000083.100, 148
Trd, 000083.267, 153
Trd, 000084.133, 148
Trd, 000085.017, 154
Trd, 000085.600, 152
Trd, 000085.667, 153
Trd, 000086.333, 151.0
Trd, 000086.800, 153
Trd, 000087.733, 154
Trd, 000087.833, 150
Trd, 000088.217, 150
Trd, 000088.433, 155
Trd, 000088.750, 150
Trd, 000088.800, 149
Trd, 000088.867, 148.0
Trd, 000089.350, 157
Trd, 000089.667, 147
Trd, 000090.200, 146
Trd, 000090.283, 158.0
Trd, 000091.800, 167
Trd, 000091.983, 165
Trd, 000093.250, 164
Trd, 000093.400, 170
Trd, 000094.433, 166
Trd, 000094.867, 157
Trd, 000095.200, 154
Trd, 000096.033, 159.0
Trd, 000097.267, 157
Trd, 000097.550, 156
Trd, 000097.900, 155
Trd, 000098.083, 151.0
Trd, 000098.150, 144
Trd, 000099.867, 151
Trd, 000100.167, 155
Trd, 000100.217, 151
Trd, 000100.633, 150
Trd, 000100.650, 148.0
Trd, 000100.733, 156
Trd, 000101.417, 158.0
Trd, 000101.633, 161.0
Trd, 000101.933, 162.0
Trd, 000102.283, 148
Trd, 000102.450, 169
Trd, 000103.700, 149
Trd, 000104.183, 135.0
Trd, 000104.700, 142
Trd, 000104.950, 147
Trd, 000105.083, 141
Trd, 000105.533, 150
Trd, 000105.567, 151
Trd, 000105.683, 157
Trd, 000106.067, 144
Trd, 000106.817, 146
Trd, 000107.183, 137.0
Trd, 000107.217, 136.0
Trd, 000108.150, 148
Trd, 000108.417, 145
Trd, 000108.717, 134.0
Trd, 000109.033, 137.0
Trd, 000109.367, 145
Trd, 000110.167, 148
Trd, 000110.967, 156.0
Trd, 000111.250, 147
Trd, 000112.133, 157.0
Trd, 000112.433, 158.0
Trd, 000112.550, 147
Trd, 000112.583, 146
Trd, 000112.633, 146
Trd, 000112.750, 145
Trd, 000113.033, 144.0
Trd, 000113.467, 158.0
Trd, 000114.300, 154
Trd, 000115.617, 151
Trd, 000115.700, 154
Trd, 000116.350, 153
Trd, 000117.250, 151
Trd, 000117.400, 156.0
Trd, 000117.800, 150
Trd, 000118.467, 158.0
Trd, 000119.100, 137.0
Trd, 000120.117, 142
Trd, 000120.233, 142
Trd, 000120.467, 141
Trd, 000120.983, 144
Trd, 000121.767, 144
Trd, 000121.817, 143
Trd, 000122.167, 144
Trd, 000123.117, 148
Trd, 000123.367, 144.0
Trd, 000123.883, 159
Trd, 000124.333, 156
Trd, 000124.467, 156
Trd, 000125.167, 160.0
Trd, 000125.183, 161.0
Trd, 000125.233, 162.0
Trd, 000125.317, 154
Trd, 000125.950, 158.0
Trd, 000127.000, 155
Trd, 000127.167, 153
Trd, 000127.300, 152
Trd, 000127.750, 151.0
Trd, 000127.833, 155
Trd, 000127.883, 158
Trd, 000128.433, 156
Trd, 000129.483, 152
Trd, 000129.767, 150
Trd, 000130.333, 155
Trd, 000131.467, 155
Trd, 000131.550, 149
Trd, 000131.917, 148
Trd, 000133.433, 154
Trd, 000133.650, 149
Trd, 000133.883, 151
Trd, 000134.200, 148
Trd, 000134.633, 152
Trd, 000134.717, 148
Trd, 000135.233, 154
Trd, 000136.133, 153
Trd, 000137.583, 156
Trd, 000137.967, 152
Trd, 000137.983, 155
Trd, 000138.150, 148.0
Trd, 000138.767, 150
Trd, 000138.917, 165
Trd, 000139.800, 159
Trd, 000140.383, 158.0
Trd, 000140.783, 154
Trd, 000141.400, 153
Trd, 000141.633, 152
Trd, 000142.583, 156
Trd, 000143.317, 156
Trd, 000143.733, 153.0
Trd, 000144.183, 154.0
Trd, 000144.300, 156.0
Trd, 000145.067, 152
Trd, 000145.200, 152
Trd, 000145.750, 151.0
Trd, 000145.850, 148.0
Trd, 000147.300, 153
Trd, 000147.600, 151
Trd, 000148.200, 151
Trd, 000148.517, 155
Trd, 000148.700, 157
Trd, 000149.117, 157.0
Trd, 000149.800, 155
Trd, 000150.083, 150
Trd, 000150.750, 152
Trd, 000151.483, 158.0
Trd, 000151.717, 157
Trd, 000151.833, 150
Trd, 000153.883, 156
Trd, 000154.633, 155
Trd, 000155.100, 154
Trd, 000155.317, 152
Trd, 000155.383, 151.0
Trd, 000155.683, 155
Trd, 000155.717, 151
Trd, 000156.117, 150
Trd, 000156.217, 156
Trd, 000156.500, 157
Trd, 000157.167, 157
Trd, 000157.900, 158.0
Trd, 000158.400, 151
Trd, 000158.983, 150
Trd, 000159.617, 159.0
Trd, 000160.133, 158.0
Trd, 000160.500, 158
Trd, 000160.550, 157
Trd, 000160.567, 155
Trd, 000161.517, 154
Trd, 000162.350, 155
Trd, 000162.383, 156
Trd, 000163.967, 155
Trd, 000164.267, 156
Trd, 000164.683, 155
Trd, 000164.800, 154
Trd, 000165.083, 154
Trd, 000165.667, 155
Trd, 000165.683, 156
Trd, 000166.067, 149.0
Trd, 000166.250, 157
Trd, 000167.367, 161.0
Trd, 000167.667, 151
Trd, 000168.667, 158.0
Trd, 000169.433, 151
Trd, 000169.767, 151.0
Trd, 000169.800, 156
Trd, 000169.833, 156
Trd, 000171.417, 152
Trd, 000171.483, 155
Trd, 000173.050, 153
Trd, 000173.067, 162.0
Trd, 000173.083, 151
Trd, 000174.000, 157
Trd, 000174.117, 151
Trd, 000174.733, 148.0
Trd, 000174.767, 156
Trd, 000175.000, 144.0
Trd, 000175.883, 148
Trd, 000176.067, 147
Trd, 000176.467, 148.0
Trd, 000177.050, 148
Trd, 000177.550, 149
Trd, 000177.983, 153
Trd, 000178.100, 147
Trd, 000178.583, 146
Trd, 000178.617, 160.0
Trd, 000178.867, 161.0
Trd, 000179.100, 153
Trd, 000179.233, 151.0
Trd, 000179.367, 158
Trd, 000182.133, 155
Trd, 000182.267, 152
Trd, 000182.867, 150
Trd, 000183.367, 152
Trd, 000183.683, 152
Trd, 000184.100, 153
Trd, 000185.300, 154
Trd, 000185.350, 151
Trd, 000185.550, 152
Trd, 000185.850, 151
Trd, 000186.367, 151
Trd, 000187.217, 152
Trd, 000187.650, 151
Trd, 000188.433, 155
Trd, 000188.950, 151.0
Trd, 000190.467, 153
Trd, 000190.967, 148.0
Trd, 000191.100, 145
Trd, 000191.117, 152
Trd, 000191.200, 144.0
Trd, 000191.433, 144
Trd, 000192.600, 146
Trd, 000193.450, 146
Trd, 000193.550, 145
Trd, 000194.000, 148
Trd, 000194.267, 144
Trd, 000194.567, 148
Trd, 000195.333, 148.0
Trd, 000195.500, 158.0
Trd, 000196.050, 152
Trd, 000196.667, 149
Trd, 000197.283, 150
Trd, 000197.350, 148
Trd, 000198.283, 150
Trd, 000198.333, 151
Trd, 000199.467, 158.0
Trd, 000199.833, 151
Trd, 000199.850, 160.0
Trd, 000200.017, 150
Trd, 000201.250, 178.0
Trd, 000201.583, 164
Trd, 000202.867, 165
Trd, 000203.133, 165
Trd, 000203.600, 165
Trd, 000204.567, 160
Trd, 000205.333, 151.0
Trd, 000205.450, 160
Trd, 000205.967, 159
Trd, 000206.000, 158.0
Trd, 000206.533, 148.0
Trd, 000207.083, 154
Trd, 000207.167, 155
Trd, 000207.400, 153
Trd, 000207.850, 144.0
Trd, 000208.400, 154
Trd, 000208.417, 158.0
Trd, 000208.967, 134.0
Trd, 000209.317, 158.0
Trd, 000210.833, 157.0
Trd, 000211.150, 151
Trd, 000211.767, 154.0
Trd, 000211.783, 155.0
Trd, 000212.367, 155
Trd, 000212.417, 151
Trd, 000213.317, 159.0
Trd, 000214.317, 153
Trd, 000215.233, 152
Trd, 000215.800, 152
Trd, 000215.950, 151.0
Trd, 000216.950, 152.0
Trd, 000217.117, 151
Trd, 000217.217, 154
Trd, 000217.383, 168
Trd, 000217.583, 150
Trd, 000217.833, 149
Trd, 000218.217, 148.0
Trd, 000219.850, 147
Trd, 000220.217, 153
Trd, 000220.633, 150.0
Trd, 000220.700, 155
Trd, 000221.517, 149
Trd, 000221.783, 149
Trd, 000222.533, 149
Trd, 000222.617, 149
Trd, 000222.817, 148
Trd, 000223.400, 147
Trd, 000223.417, 148
Trd, 000224.383, 150
Trd, 000224.633, 148.0
Trd, 000225.350, 151
Trd, 000225.367, 147
Trd, 000226.983, 148
Trd, 000227.067, 147
Trd, 000227.900, 151.0
Trd, 000228.383, 147
Trd, 000228.767, 152
Trd, 000228.883, 153
Trd, 000229.317, 152
Trd, 000229.717, 151
Trd, 000230.500, 151
Trd, 000230.983, 150
Trd, 000231.350, 150
Trd, 000231.417, 148.0
Trd, 000232.567, 148
Trd, 000232.717, 150
Trd, 000233.150, 150
Trd, 000233.483, 162.0
Trd, 000234.383, 148
Trd, 000234.967, 155
Trd, 000235.183, 150.0
Trd, 000235.283, 158.0
Trd, 000235.400, 150
Trd, 000235.800, 149
Trd, 000236.500, 155
Trd, 000236.683, 156
Trd, 000236.717, 156
Trd, 000237.783, 149
Trd, 000237.967, 148
Trd, 000238.600, 148
Trd, 000238.817, 150
Trd, 000238.983, 144.0
Trd, 000239.100, 149
Trd, 000239.533, 148.0
Trd, 000240.533, 150
Trd, 000240.567, 137.0
Trd, 000241.450, 146
Trd, 000241.683, 147
Trd, 000241.850, 148
Trd, 000242.250, 149
Trd, 000242.317, 147
Trd, 000242.933, 148
Trd, 000243.217, 145
Trd, 000243.617, 146
Trd, 000243.967, 148
Trd, 000244.133, 146
Trd, 000244.383, 148
Trd, 000245.000, 158.0
Trd, 000245.117, 147.0
Trd, 000245.217, 144.0
Trd, 000245.650, 162.0
Trd, 000246.050, 156
Trd, 000246.883, 157
Trd, 000248.067, 158
Trd, 000248.200, 161.0
Trd, 000248.483, 158
Trd, 000249.983, 159
Trd, 000250.100, 158.0
Trd, 000250.400, 156
Trd, 000250.733, 158
Trd, 000251.067, 157
Trd, 000251.417, 155
Trd, 000251.483, 155
Trd, 000251.800, 156
Trd, 000252.183, 154
Trd, 000252.383, 154.0
Trd, 000252.950, 143
Trd, 000253.217, 155
Trd, 000253.283, 158
Trd, 000253.600, 150
Trd, 000254.517, 150
Trd, 000255.267, 145
Trd, 000255.550, 149
Trd, 000255.733, 150
Trd, 000256.233, 137.0
Trd, 000256.767, 147
Trd, 000257.133, 135.0
Trd, 000257.483, 147
Trd, 000257.900, 149
Trd, 000258.150, 171.0
Trd, 000258.350, 152.0
Trd, 000259.300, 156
Trd, 000259.317, 155
Trd, 000259.867, 153
Trd, 000260.483, 153
Trd, 000260.700, 157.0
Trd, 000260.850, 152
Trd, 000261.317, 153
Trd, 000262.167, 152.0
Trd, 000262.533, 153
Trd, 000262.717, 154
Trd, 000263.533, 153
Trd, 000263.900, 152
Trd, 000264.050, 151.0
Trd, 000264.583, 150
Trd, 000264.617, 148.0
Trd, 000265.133, 154
Trd, 000265.783, 161.0
Trd, 000266.117, 151
Trd, 000266.333, 156
Trd, 000266.517, 153
Trd, 000266.800, 158.0
Trd, 000267.183, 151
Trd, 000267.300, 159
Trd, 000267.617, 151
Trd, 000267.667, 159.0
Trd, 000267.733, 148.0
Trd, 000268.867, 148
Trd, 000269.883, 150.0
Trd, 000270.333, 148.0
Trd, 000270.700, 151
Trd, 000271.267, 148
Trd, 000271.400, 150
Trd, 000272.000, 148
Trd, 000272.717, 145.0
Trd, 000272.800, 146
Trd, 000272.850, 147
Trd, 000273.167, 151
Trd, 000273.983, 152
Trd, 000274.600, 158.0
Trd, 000274.733, 165.0
Trd, 000275.300, 158.0
Trd, 000275.400, 157.0
Trd, 000275.483, 151.0
Trd, 000275.850, 159
Trd, 000276.200, 158
Trd, 000276.333, 161
Trd, 000276.517, 154
Trd, 000277.567, 154
Trd, 000277.750, 151.0
Trd, 000278.650, 159.0
Trd, 000279.083, 158
Trd, 000279.683, 158
Trd, 000279.817, 157
Trd, 000279.883, 158.0
Trd, 000280.017, 162.0
Trd, 000280.133, 155
Trd, 000281.100, 158
Trd, 000281.467, 158.0
Trd, 000281.550, 155
Trd, 000282.750, 157
Trd, 000283.650, 151.0
Trd, 000283.900, 144.0
Trd, 000284.250, 150
Trd, 000284.317, 150
Trd, 000285.067, 150
Trd, 000285.100, 156
Trd, 000285.367, 158.0
Trd, 000285.483, 162.0
Trd, 000285.767, 151
Trd, 000285.950, 151
Trd, 000288.100, 154
Trd, 000289.167, 153
Trd, 000289.183, 156
Trd, 000289.217, 151
Trd, 000289.583, 156
Trd, 000289.883, 156
Trd, 000289.950, 151
Trd, 000290.267, 148
Trd, 000290.617, 155
Trd, 000290.867, 162.0
Trd, 000291.183, 149
Trd, 000291.217, 155
Trd, 000291.533, 156
Trd, 000291.733, 157
Trd, 000291.967, 158.0
Trd, 000292.333, 162.0
Trd, 000294.150, 152.0
Trd, 000295.483, 151.0
Trd, 000295.550, 151
Trd, 000295.733, 151
Trd, 000296.300, 153
Trd, 000296.317, 154
Trd, 000296.433, 154
Trd, 000296.800, 149
Trd, 000296.883, 155
Trd, 000297.283, 149
Trd, 000298.467, 153.0
Trd, 000298.500, 154
Trd, 000298.917, 155
Trd, 000299.467, 151
Trd, 000299.933, 150
