Trd, 000000.550, 185
Trd, 000001.950, 161.0
Trd, 000004.250, 141.0
Trd, 000004.683, 138
Trd, 000005.100, 149
Trd, 000006.083, 155
Trd, 000006.317, 147
Trd, 000006.633, 138
Trd, 000007.050, 140
Trd, 000007.500, 140
Trd, 000007.833, 141.0
Trd, 000008.050, 145
Trd, 000008.467, 144
Trd, 000009.583, 147.0
Trd, 000010.800, 144
Trd, 000011.350, 142
Trd, 000012.317, 147
Trd, 000012.350, 148.0
Trd, 000012.617, 151.0
Trd, 000012.717, 149
Trd, 000013.017, 143
Trd, 000013.667, 153
Trd, 000013.917, 135.0
Trd, 000014.800, 151
Trd, 000015.400, 138.0
Trd, 000016.083, 139
Trd, 000016.350, 145.0
Trd, 000017.083, 140
Trd, 000017.617, 144.0
Trd, 000018.217, 145
Trd, 000018.817, 151.0
Trd, 000019.117, 155
Trd, 000019.283, 144
Trd, 000019.417, 148.0
Trd, 000019.550, 142
Trd, 000019.883, 142
Trd, 000021.700, 141
Trd, 000023.217, 146
Trd, 000023.567, 144
Trd, 000023.600, 143
Trd, 000023.617, 143
Trd, 000023.900, 147.0
Trd, 000023.933, 147
Trd, 000025.433, 148.0
Trd, 000026.217, 143
Trd, 000026.250, 150.0
Trd, 000026.667, 151.0
Trd, 000026.850, 141
Trd, 000027.667, 146.0
Trd, 000027.983, 147.0
Trd, 000028.133, 143
Trd, 000029.700, 145
Trd, 000030.333, 148
Trd, 000030.350, 144
Trd, 000030.883, 148.0
Trd, 000031.117, 144
Trd, 000031.700, 143
Trd, 000032.000, 147
Trd, 000032.383, 143
Trd, 000032.600, 148.0
Trd, 000034.533, 145
Trd, 000034.650, 155
Trd, 000035.833, 147
Trd, 000035.867, 154
Trd, 000036.133, 155
Trd, 000036.517, 147
Trd, 000036.750, 148.0
Trd, 000038.967, 150
Trd, 000039.683, 148
Trd, 000040.150, 150.0
Trd, 000040.283, 150
Trd, 000040.767, 151.0
Trd, 000041.200, 149
Trd, 000041.250, 147
Trd, 000041.433, 148
Trd, 000041.733, 158
Trd, 000042.283, 156
Trd, 000042.917, 159
Trd, 000043.033, 160.0
Trd, 000043.367, 159
Trd, 000043.483, 158
Trd, 000044.983, 157.0
Trd, 000046.133, 172
Trd, 000046.183, 179
Trd, 000046.700, 171
Trd, 000047.183, 162
Trd, 000047.450, 151
Trd, 000049.533, 157
Trd, 000049.967, 158
Trd, 000050.267, 156
Trd, 000050.750, 155
Trd, 000051.467, 151
Trd, 000051.717, 155
Trd, 000052.100, 151
Trd, 000052.200, 150
Trd, 000053.367, 153
Trd, 000053.800, 146
Trd, 000054.317, 144
Trd, 000054.700, 148.0
Trd, 000055.950, 145
Trd, 000056.283, 145
Trd, 000056.417, 144
Trd, 000056.850, 148
Trd, 000057.733, 148.0
Trd, 000058.233, 146
Trd, 000058.683, 153
Trd, 000060.033, 151
Trd, 000060.333, 151
Trd, 000060.633, 148
Trd, 000061.683, 155
Trd, 000061.733, 147
Trd, 000062.450, 151
Trd, 000063.233, 149
Trd, 000063.767, 151
Trd, 000064.333, 152
Trd, 000065.150, 156
Trd, 000065.300, 148
Trd, 000065.450, 147
Trd, 000066.800, 148.0
Trd, 000066.883, 158
Trd, 000067.017, 147
Trd, 000067.867, 159.0
Trd, 000069.650, 153
Trd, 000070.050, 152
Trd, 000070.333, 151
Trd, 000070.450, 151
Trd, 000071.183, 157
Trd, 000071.367, 153
Trd, 000071.583, 151
Trd, 000072.300, 156
Trd, 000072.683, 151
Trd, 000073.467, 155
Trd, 000074.900, 150
Trd, 000075.050, 150
Trd, 000075.133, 147
Trd, 000075.833, 145
Trd, 000076.667, 137
Trd, 000076.800, 150
Trd, 000078.417, 149
Trd, 000079.550, 150
Trd, 000080.017, 149
Trd, 000080.350, 148
Trd, 000080.400, 153
Trd, 000081.633, 148.0
Trd, 000082.567, 148
Trd, 000082.900, 151.0
Trd, 000083.950, 147
Trd, 000084.950, 147
Trd, 000086.483, 147
Trd, 000086.700, 155
Trd, 000087.400, 148.0
Trd, 000088.300, 153
Trd, 000088.650, 160
Trd, 000088.850, 161.0
Trd, 000089.367, 162.0
Trd, 000089.483, 151
Trd, 000090.333, 152
Trd, 000090.833, 151
Trd, 000091.033, 158
Trd, 000091.600, 149
Trd, 000091.867, 156
Trd, 000091.950, 156
Trd, 000092.583, 148
Trd, 000092.617, 154
Trd, 000092.917, 149
Trd, 000093.017, 147
Trd, 000094.583, 152
Trd, 000095.083, 150
Trd, 000095.533, 147
Trd, 000096.317, 150.0
Trd, 000097.050, 146
Trd, 000097.400, 148.0
Trd, 000097.633, 146
Trd, 000098.850, 148
Trd, 000099.067, 151
Trd, 000100.250, 148
Trd, 000101.167, 148.0
Trd, 000101.600, 150
Trd, 000102.167, 148
Trd, 000102.350, 147
Trd, 000102.633, 148.0
Trd, 000103.250, 154
Trd, 000103.467, 155
Trd, 000103.800, 147
Trd, 000104.533, 145
Trd, 000104.633, 144
Trd, 000106.167, 146
Trd, 000106.233, 148.0
Trd, 000106.833, 151
Trd, 000107.467, 153
Trd, 000108.967, 152
Trd, 000109.533, 153
Trd, 000110.417, 156
Trd, 000110.533, 151
Trd, 000110.800, 150
Trd, 000110.850, 147
Trd, 000111.333, 158
Trd, 000111.733, 146
Trd, 000112.050, 144
Trd, 000112.200, 145
Trd, 000112.333, 141
Trd, 000112.450, 155
Trd, 000112.517, 162.0
Trd, 000112.567, 144
Trd, 000113.417, 134.0
Trd, 000114.383, 145.0
Trd, 000116.333, 144
Trd, 000116.567, 144
Trd, 000116.783, 142
Trd, 000117.100, 145
Trd, 000117.450, 142
Trd, 000117.583, 141
Trd, 000118.400, 145
Trd, 000118.600, 146
Trd, 000119.083, 148.0
Trd, 000120.550, 149
Trd, 000120.667, 154
Trd, 000121.367, 153
Trd, 000122.117, 148
Trd, 000122.917, 153
Trd, 000123.183, 155
Trd, 000124.550, 155
Trd, 000124.700, 148
Trd, 000125.050, 157
Trd, 000125.067, 147
Trd, 000125.917, 148
Trd, 000126.850, 147
Trd, 000128.167, 148
Trd, 000128.333, 156
Trd, 000128.417, 160
Trd, 000128.617, 148
Trd, 000128.917, 147
Trd, 000129.200, 162.0
Trd, 000129.217, 146
Trd, 000130.000, 147
Trd, 000130.117, 146
Trd, 000130.850, 146
Trd, 000131.300, 160
Trd, 000131.433, 144
Trd, 000132.117, 161
Trd, 000132.633, 148.0
Trd, 000133.067, 162
Trd, 000134.967, 149
Trd, 000135.267, 150
Trd, 000135.483, 151
Trd, 000135.950, 150
Trd, 000136.133, 150
Trd, 000136.967, 150
Trd, 000138.300, 148
Trd, 000139.317, 160.0
Trd, 000139.717, 158
Trd, 000139.800, 160
Trd, 000140.517, 157
Trd, 000141.317, 151
Trd, 000141.367, 150
Trd, 000141.533, 150
Trd, 000141.600, 149
Trd, 000142.617, 148
Trd, 000143.233, 148
Trd, 000144.900, 151.0
Trd, 000145.117, 151
Trd, 000145.183, 155
Trd, 000145.383, 147
Trd, 000145.400, 157
Trd, 000145.583, 144
Trd, 000147.433, 155
Trd, 000148.117, 146
Trd, 000148.983, 155
Trd, 000149.717, 153
Trd, 000149.733, 150
Trd, 000150.400, 150
Trd, 000150.433, 155
Trd, 000150.950, 149
Trd, 000151.000, 148
Trd, 000151.867, 147
Trd, 000152.150, 156
Trd, 000152.833, 158
Trd, 000152.967, 148
Trd, 000153.267, 144
Trd, 000153.367, 141.0
Trd, 000154.067, 157
Trd, 000154.633, 137
Trd, 000154.800, 148
Trd, 000155.533, 148.0
Trd, 000157.017, 145
Trd, 000157.950, 146
Trd, 000158.317, 146
Trd, 000159.950, 145
Trd, 000160.017, 144
Trd, 000160.583, 144
Trd, 000160.650, 143
Trd, 000160.933, 145
Trd, 000162.067, 142
Trd, 000162.083, 141
Trd, 000163.200, 144.0
Trd, 000163.517, 148.0
Trd, 000163.683, 151.0
Trd, 000164.683, 146
Trd, 000164.900, 146
Trd, 000165.217, 154
Trd, 000165.950, 155
Trd, 000166.017, 146
Trd, 000166.517, 144
Trd, 000167.667, 144
Trd, 000168.433, 151.0
Trd, 000169.117, 144
Trd, 000169.217, 146
Trd, 000169.767, 146
Trd, 000169.967, 144
Trd, 000170.483, 143
Trd, 000171.200, 141
Trd, 000171.467, 145
Trd, 000171.550, 147
Trd, 000172.817, 148.0
Trd, 000173.417, 148
Trd, 000173.983, 145
Trd, 000174.883, 147.0
Trd, 000175.083, 148.0
Trd, 000176.100, 149
Trd, 000177.133, 154
Trd, 000177.783, 147
Trd, 000178.567, 155
Trd, 000179.533, 147
Trd, 000179.733, 148
Trd, 000179.833, 147
Trd, 000180.417, 148.0
Trd, 000181.000, 148
Trd, 000181.067, 147
Trd, 000181.400, 146
Trd, 000182.067, 148.0
Trd, 000183.167, 145
Trd, 000183.383, 147
Trd, 000184.833, 151.0
Trd, 000184.933, 144
Trd, 000186.300, 145
Trd, 000186.750, 146
Trd, 000187.300, 150
Trd, 000187.633, 149
Trd, 000187.817, 151.0
Trd, 000187.883, 155
Trd, 000188.533, 149
Trd, 000189.367, 148.0
Trd, 000189.783, 146
Trd, 000190.083, 145
Trd, 000192.067, 146
Trd, 000192.450, 144
Trd, 000192.800, 145
Trd, 000194.150, 149
Trd, 000195.267, 148
Trd, 000196.417, 138.0
Trd, 000196.733, 139.0
Trd, 000196.867, 137
Trd, 000197.200, 141.0
Trd, 000197.567, 141
Trd, 000198.233, 148.0
Trd, 000198.717, 153
Trd, 000199.000, 155
Trd, 000200.100, 156
Trd, 000200.500, 149
Trd, 000201.217, 145
Trd, 000202.017, 162.0
Trd, 000202.283, 164
Trd, 000202.300, 144
Trd, 000202.917, 154
Trd, 000203.550, 146
Trd, 000203.900, 145
Trd, 000204.800, 146
Trd, 000205.100, 148.0
Trd, 000205.267, 149
Trd, 000205.750, 150
Trd, 000206.400, 150
Trd, 000206.517, 146
Trd, 000206.550, 151.0
Trd, 000207.233, 151
Trd, 000207.617, 146
Trd, 000209.400, 148.0
Trd, 000210.300, 146
Trd, 000210.433, 156
Trd, 000210.650, 144
Trd, 000211.767, 148.0
Trd, 000212.483, 136.0
Trd, 000213.583, 144
Trd, 000214.817, 143
Trd, 000215.283, 143
Trd, 000215.817, 143
Trd, 000215.967, 144
Trd, 000216.083, 141
Trd, 000216.267, 154
Trd, 000216.467, 145
Trd, 000217.150, 138
Trd, 000218.767, 146.0
Trd, 000219.967, 143
Trd, 000220.267, 146.0
Trd, 000220.450, 148.0
Trd, 000220.500, 151.0
Trd, 000221.033, 147
Trd, 000221.733, 147
Trd, 000222.417, 146
Trd, 000222.833, 146
Trd, 000223.350, 144
Trd, 000224.267, 148
Trd, 000224.283, 149
Trd, 000225.100, 149
Trd, 000226.500, 147
Trd, 000226.567, 149
Trd, 000227.333, 147.0
Trd, 000227.550, 148
Trd, 000227.833, 146
Trd, 000228.100, 148.0
Trd, 000228.533, 151.0
Trd, 000229.333, 150
Trd, 000229.983, 148
Trd, 000230.267, 152
Trd, 000230.483, 148.0
Trd, 000230.967, 147
Trd, 000231.333, 148
Trd, 000231.567, 155
Trd, 000232.000, 147
Trd, 000232.750, 148.0
Trd, 000233.817, 146
Trd, 000234.467, 144
Trd, 000234.550, 134.0
Trd, 000234.733, 146
Trd, 000235.067, 147
Trd, 000235.483, 149
Trd, 000235.600, 144
Trd, 000236.433, 151.0
Trd, 000236.983, 142
Trd, 000237.833, 145
Trd, 000238.433, 148.0
Trd, 000239.217, 147
Trd, 000239.533, 144
Trd, 000239.733, 147
Trd, 000239.917, 148
Trd, 000241.317, 148
Trd, 000241.467, 147
Trd, 000241.567, 146.0
Trd, 000241.617, 144.0
Trd, 000241.750, 141.0
Trd, 000242.300, 141.0
Trd, 000242.333, 151.0
Trd, 000242.783, 149
Trd, 000243.500, 146
Trd, 000243.733, 146
Trd, 000243.883, 146
Trd, 000244.083, 141.0
Trd, 000244.400, 148.0
Trd, 000245.033, 148
Trd, 000245.400, 148.0
Trd, 000245.833, 150.0
Trd, 000246.117, 148.0
Trd, 000246.750, 151.0
Trd, 000246.833, 141
Trd, 000248.300, 151
Trd, 000248.817, 152
Trd, 000249.617, 150
Trd, 000249.650, 153
Trd, 000249.667, 149
Trd, 000250.083, 157
Trd, 000250.283, 147
Trd, 000250.350, 130
Trd, 000250.383, 158
Trd, 000250.950, 150
Trd, 000252.267, 156.0
Trd, 000252.617, 155.0
Trd, 000252.950, 152
Trd, 000253.367, 155
Trd, 000253.467, 153
Trd, 000254.683, 152
Trd, 000254.783, 150
Trd, 000255.217, 153
Trd, 000255.600, 154
Trd, 000255.800, 153
Trd, 000255.817, 155
Trd, 000255.983, 150
Trd, 000256.100, 155
Trd, 000256.367, 150
Trd, 000256.883, 150
Trd, 000257.667, 158
Trd, 000258.150, 154
Trd, 000258.317, 155
Trd, 000258.433, 156
Trd, 000258.983, 155
Trd, 000259.250, 162.0
Trd, 000259.600, 166.0
Trd, 000259.883, 162.0
Trd, 000260.150, 158.0
Trd, 000261.300, 152
Trd, 000261.617, 150
Trd, 000261.733, 155
Trd, 000261.817, 148.0
Trd, 000262.100, 151
Trd, 000262.517, 152
Trd, 000262.667, 154
Trd, 000263.433, 155
Trd, 000265.233, 159
Trd, 000265.783, 159.0
Trd, 000265.983, 159.0
Trd, 000266.150, 160.0
Trd, 000266.550, 159.0
Trd, 000267.100, 158.0
Trd, 000267.267, 160
Trd, 000267.300, 162
Trd, 000268.317, 156
Trd, 000268.483, 162.0
Trd, 000268.567, 168.0
Trd, 000268.783, 160
Trd, 000269.417, 158.0
Trd, 000269.633, 155
Trd, 000269.683, 150
Trd, 000269.967, 147
Trd, 000270.433, 142
Trd, 000271.150, 142.0
Trd, 000271.200, 144
Trd, 000271.350, 149
Trd, 000272.333, 142.0
Trd, 000272.500, 148
Trd, 000272.750, 147.0
Trd, 000273.200, 146.0
Trd, 000273.350, 141.0
Trd, 000274.067, 152
Trd, 000274.600, 148
Trd, 000274.783, 148
Trd, 000275.400, 152
Trd, 000275.650, 148
Trd, 000276.167, 148
Trd, 000276.433, 147
Trd, 000277.683, 148
Trd, 000277.900, 146
Trd, 000278.317, 151
Trd, 000278.917, 148
Trd, 000279.267, 147
Trd, 000279.367, 153
Trd, 000279.483, 155
Trd, 000280.100, 148.0
Trd, 000280.817, 148
Trd, 000280.883, 152
Trd, 000281.267, 153
Trd, 000281.833, 148
Trd, 000282.183, 148
Trd, 000282.467, 146
Trd, 000282.567, 148.0
Trd, 000282.600, 145
Trd, 000282.900, 155
Trd, 000284.083, 149
Trd, 000284.150, 146
Trd, 000284.417, 152
Trd, 000285.533, 145
Trd, 000285.567, 148
Trd, 000286.017, 156
Trd, 000286.083, 156.0
Trd, 000286.367, 158.0
Trd, 000286.550, 155.0
Trd, 000287.233, 165
Trd, 000287.733, 164
Trd, 000287.750, 163
Trd, 000288.350, 161
Trd, 000289.133, 165
Trd, 000290.167, 154
Trd, 000290.217, 156
Trd, 000290.467, 150
Trd, 000290.583, 158
Trd, 000290.667, 158.0
Trd, 000290.933, 148
Trd, 000291.350, 147
Trd, 000292.617, 157.0
Trd, 000293.117, 156
Trd, 000293.400, 155.0
Trd, 000293.883, 155
Trd, 000294.167, 155
Trd, 000294.633, 159
Trd, 000295.100, 155.0
Trd, 000295.800, 163.0
Trd, 000295.950, 162.0
Trd, 000296.450, 163
Trd, 000296.500, 160
Trd, 000297.017, 168.0
Trd, 000297.283, 165
Trd, 000297.667, 166
Trd, 000297.783, 166
Trd, 000298.133, 159.0
Trd, 000298.333, 158.0
Trd, 000299.700, 167
Trd, 000299.817, 162
