Trd, 000001.767, 157.0
Trd, 000001.833, 155.0
Trd, 000002.567, 134
Trd, 000002.800, 134
Trd, 000003.250, 161
Trd, 000003.917, 172.0
Trd, 000004.950, 171.0
Trd, 000005.267, 139
Trd, 000005.783, 171.0
Trd, 000006.617, 141
Trd, 000008.933, 144
Trd, 000009.067, 148
Trd, 000009.267, 144
Trd, 000009.633, 143
Trd, 000010.067, 141
Trd, 000010.100, 148
Trd, 000010.367, 148
Trd, 000010.600, 149
Trd, 000011.483, 145
Trd, 000011.817, 150
Trd, 000011.983, 153
Trd, 000012.583, 155.0
Trd, 000013.850, 151
Trd, 000013.967, 150
Trd, 000014.283, 152
Trd, 000014.600, 153
Trd, 000014.733, 146
Trd, 000015.900, 139.0
Trd, 000017.067, 144
Trd, 000017.533, 144
Trd, 000017.717, 143
Trd, 000017.850, 145
Trd, 000018.550, 146
Trd, 000018.783, 146
Trd, 000018.983, 143
Trd, 000019.383, 148
Trd, 000019.933, 147
Trd, 000020.750, 148
Trd, 000021.050, 144
Trd, 000021.417, 144
Trd, 000021.467, 147
Trd, 000021.833, 149
Trd, 000022.333, 150
Trd, 000023.633, 172.0
Trd, 000024.750, 156.0
Trd, 000024.867, 157
Trd, 000025.283, 156.0
Trd, 000026.983, 155.0
Trd, 000027.350, 155
Trd, 000028.767, 141.0
Trd, 000028.817, 149
Trd, 000028.917, 150
Trd, 000029.383, 162
Trd, 000030.550, 156
Trd, 000031.617, 155
Trd, 000032.433, 157
Trd, 000032.633, 158
Trd, 000034.317, 152
Trd, 000034.650, 155
Trd, 000034.733, 153
Trd, 000036.000, 153
Trd, 000036.117, 154
Trd, 000036.833, 152
Trd, 000037.717, 154
Trd, 000038.250, 155
Trd, 000039.083, 156
Trd, 000039.100, 163
Trd, 000039.217, 153
Trd, 000039.400, 174
Trd, 000039.483, 150
Trd, 000041.567, 150
Trd, 000041.817, 161
Trd, 000041.900, 150
Trd, 000041.967, 159
Trd, 000042.017, 163
Trd, 000042.150, 155.0
Trd, 000044.600, 140.0
Trd, 000045.217, 141.0
Trd, 000045.683, 144.0
Trd, 000045.700, 145
Trd, 000046.017, 147
Trd, 000046.350, 143
Trd, 000047.483, 148
Trd, 000047.750, 148
Trd, 000047.950, 146
Trd, 000049.383, 171.0
Trd, 000049.517, 147
Trd, 000049.817, 148
Trd, 000050.467, 149
Trd, 000050.733, 150
Trd, 000051.200, 151
Trd, 000052.133, 151
Trd, 000052.583, 163
Trd, 000052.700, 148
Trd, 000053.950, 156.0
Trd, 000055.067, 157.0
Trd, 000055.083, 155.0
Trd, 000055.117, 171.0
Trd, 000055.367, 155
Trd, 000056.467, 150
Trd, 000057.233, 161
Trd, 000058.367, 152
Trd, 000059.017, 152
Trd, 000059.667, 153
Trd, 000060.233, 152
Trd, 000060.983, 152
Trd, 000061.717, 153
Trd, 000061.983, 152
Trd, 000062.567, 152
Trd, 000062.717, 151
Trd, 000063.533, 149
Trd, 000063.617, 151
Trd, 000064.083, 151
Trd, 000064.600, 150
Trd, 000065.383, 153
Trd, 000065.550, 154
Trd, 000065.683, 164
Trd, 000066.017, 150
Trd, 000066.233, 175.0
Trd, 000067.417, 155.0
Trd, 000067.900, 159
Trd, 000068.183, 160
Trd, 000069.317, 160
Trd, 000069.333, 160
Trd, 000069.883, 156
Trd, 000070.900, 159
Trd, 000071.217, 158
Trd, 000071.400, 162
Trd, 000071.767, 157
Trd, 000071.917, 150
Trd, 000072.800, 155.0
Trd, 000073.367, 140.0
Trd, 000074.033, 150
Trd, 000074.650, 147
Trd, 000075.183, 146
Trd, 000075.617, 148
Trd, 000075.717, 149
Trd, 000075.800, 162
Trd, 000076.533, 169
Trd, 000076.700, 153
Trd, 000076.883, 160
Trd, 000079.433, 159.0
Trd, 000080.283, 156.0
Trd, 000080.700, 156.0
Trd, 000081.200, 156.0
Trd, 000081.883, 155.0
Trd, 000082.100, 156
Trd, 000082.133, 149
Trd, 000083.650, 155
Trd, 000083.917, 154
Trd, 000084.500, 155
Trd, 000085.150, 153
Trd, 000085.183, 155
Trd, 000085.350, 174
Trd, 000085.967, 151
Trd, 000086.200, 150
Trd, 000086.683, 165
Trd, 000087.517, 131.0
Trd, 000088.983, 155.0
Trd, 000089.483, 152
Trd, 000089.700, 147
Trd, 000089.933, 148
Trd, 000090.017, 147
Trd, 000090.200, 148
Trd, 000090.517, 165
Trd, 000090.667, 175.0
Trd, 000091.800, 151
Trd, 000093.150, 155.0
Trd, 000093.350, 156
Trd, 000094.267, 153
Trd, 000094.717, 153
Trd, 000095.250, 152
Trd, 000095.883, 151
Trd, 000095.917, 152
Trd, 000096.217, 149
Trd, 000096.617, 153
Trd, 000097.583, 150
Trd, 000097.750, 152
Trd, 000098.317, 152
Trd, 000098.800, 150
Trd, 000099.417, 152
Trd, 000100.000, 151
Trd, 000101.317, 152
Trd, 000101.367, 153
Trd, 000101.483, 161
Trd, 000101.900, 162
Trd, 000103.350, 158
Trd, 000103.867, 174.0
Trd, 000103.950, 163
Trd, 000104.050, 162.0
Trd, 000104.317, 174.0
Trd, 000106.283, 158.0
Trd, 000106.650, 158
Trd, 000107.133, 159
Trd, 000107.733, 159.0
Trd, 000108.150, 158.0
Trd, 000108.383, 161
Trd, 000108.817, 155.0
Trd, 000109.817, 148
Trd, 000110.300, 155
Trd, 000110.800, 155
Trd, 000111.000, 157
Trd, 000111.650, 149
Trd, 000112.750, 139
Trd, 000114.100, 149
Trd, 000114.350, 148
Trd, 000114.683, 160
Trd, 000115.167, 162
Trd, 000115.400, 189
Trd, 000115.600, 187
Trd, 000115.967, 155.0
Trd, 000116.817, 169
Trd, 000117.967, 164
Trd, 000118.700, 165
Trd, 000118.967, 158.0
Trd, 000119.783, 155.0
Trd, 000119.900, 164
Trd, 000120.050, 150
Trd, 000120.583, 154
Trd, 000120.800, 125
Trd, 000122.133, 150
Trd, 000122.717, 145
Trd, 000123.283, 144
Trd, 000123.317, 144
Trd, 000123.467, 146
Trd, 000123.933, 144
Trd, 000124.517, 145
Trd, 000124.867, 148
Trd, 000125.400, 165
Trd, 000125.850, 175.0
Trd, 000126.483, 149
Trd, 000127.250, 181.0
Trd, 000128.617, 159.0
Trd, 000129.700, 165
Trd, 000130.383, 162.0
Trd, 000130.433, 160.0
Trd, 000131.317, 158.0
Trd, 000131.533, 162
Trd, 000131.650, 155.0
Trd, 000132.600, 152
Trd, 000133.883, 150
Trd, 000135.733, 146
Trd, 000135.850, 143.0
Trd, 000135.867, 147
Trd, 000136.917, 146
Trd, 000137.033, 145
Trd, 000137.117, 142.0
Trd, 000137.133, 146
Trd, 000137.233, 146
Trd, 000138.033, 141
Trd, 000138.117, 148
Trd, 000138.867, 149
Trd, 000140.033, 162
Trd, 000140.200, 155.0
Trd, 000140.367, 144
Trd, 000141.317, 153
Trd, 000142.817, 153
Trd, 000143.283, 154
Trd, 000144.400, 162
Trd, 000144.683, 162
Trd, 000144.983, 171
Trd, 000145.583, 160
Trd, 000146.350, 163
Trd, 000147.133, 160
Trd, 000147.167, 164
Trd, 000147.350, 172
Trd, 000148.133, 158.0
Trd, 000148.200, 155.0
Trd, 000149.517, 155
Trd, 000150.333, 157
Trd, 000150.800, 158
Trd, 000151.183, 155
Trd, 000151.700, 156
Trd, 000151.917, 156
Trd, 000153.000, 155
Trd, 000153.017, 153
Trd, 000154.033, 172.0
Trd, 000154.867, 159.0
Trd, 000155.117, 161
Trd, 000156.033, 161.0
Trd, 000156.383, 159.0
Trd, 000156.733, 160
Trd, 000157.500, 161
Trd, 000157.967, 163
Trd, 000158.117, 164
Trd, 000158.750, 161.0
Trd, 000159.017, 165
Trd, 000159.333, 158.0
Trd, 000159.617, 155.0
Trd, 000159.733, 147
Trd, 000161.517, 152
Trd, 000162.733, 157.0
Trd, 000163.733, 157
Trd, 000163.850, 159
Trd, 000164.000, 162
Trd, 000164.033, 163
Trd, 000164.883, 175.0
Trd, 000165.150, 155.0
Trd, 000165.350, 172.0
Trd, 000166.117, 168
Trd, 000166.183, 170
Trd, 000166.250, 149
Trd, 000166.967, 151
Trd, 000167.183, 150
Trd, 000167.233, 155.0
Trd, 000167.550, 163
Trd, 000170.017, 145.0
Trd, 000171.000, 149
Trd, 000171.017, 150
Trd, 000171.183, 151
Trd, 000171.633, 148
Trd, 000172.583, 147
Trd, 000173.283, 143.0
Trd, 000173.500, 153
Trd, 000173.750, 142.0
Trd, 000174.133, 150
Trd, 000174.500, 141.0
Trd, 000175.133, 146
Trd, 000175.933, 145
Trd, 000176.150, 145
Trd, 000176.517, 149
Trd, 000177.500, 147
Trd, 000178.883, 147
Trd, 000179.167, 148
Trd, 000179.500, 163
Trd, 000180.150, 157.0
Trd, 000180.183, 155.0
Trd, 000181.183, 155
Trd, 000181.733, 156
Trd, 000182.317, 156
Trd, 000182.517, 162
Trd, 000182.883, 151
Trd, 000184.150, 157
Trd, 000184.183, 158
Trd, 000184.317, 152
Trd, 000185.000, 159
Trd, 000185.567, 155.0
Trd, 000186.733, 153
Trd, 000187.617, 155
Trd, 000188.000, 154
Trd, 000188.283, 153
Trd, 000188.667, 150
Trd, 000188.750, 152
Trd, 000189.400, 144.0
Trd, 000189.733, 153
Trd, 000190.300, 172.0
Trd, 000191.800, 180.0
Trd, 000192.167, 147
Trd, 000192.333, 145
Trd, 000193.017, 162
Trd, 000195.050, 172.0
Trd, 000195.500, 165
Trd, 000196.000, 162.0
Trd, 000196.033, 158.0
Trd, 000196.167, 156.0
Trd, 000196.383, 167
Trd, 000197.233, 155.0
Trd, 000198.017, 156.0
Trd, 000198.817, 159.0
Trd, 000198.917, 160
Trd, 000199.200, 158.0
Trd, 000199.283, 159
Trd, 000199.483, 157.0
Trd, 000200.667, 156
Trd, 000201.983, 157
Trd, 000202.300, 156.0
Trd, 000203.200, 157.0
Trd, 000203.383, 159
Trd, 000203.633, 157.0
Trd, 000205.233, 150
Trd, 000205.367, 155
Trd, 000205.550, 156
Trd, 000205.750, 156
Trd, 000205.967, 155.0
Trd, 000206.033, 162
Trd, 000207.800, 137.0
Trd, 000208.150, 148
Trd, 000208.583, 139
Trd, 000208.650, 146
Trd, 000209.783, 140.0
Trd, 000209.917, 141.0
Trd, 000210.617, 141
Trd, 000210.900, 141
Trd, 000211.233, 146
Trd, 000211.283, 148
Trd, 000211.850, 152
Trd, 000212.117, 148
Trd, 000213.200, 180.0
Trd, 000213.700, 145
Trd, 000214.150, 144
Trd, 000215.617, 147
Trd, 000215.667, 147
Trd, 000216.267, 146
Trd, 000216.317, 148
Trd, 000217.033, 146
Trd, 000217.383, 149
Trd, 000217.750, 162
Trd, 000218.917, 163
Trd, 000219.150, 155.0
Trd, 000219.317, 142.0
Trd, 000220.617, 147
Trd, 000221.083, 146
Trd, 000221.917, 146
Trd, 000222.633, 149
Trd, 000222.950, 148
Trd, 000223.083, 148
Trd, 000223.250, 146
Trd, 000225.383, 158
Trd, 000225.833, 158
Trd, 000226.683, 157.0
Trd, 000226.950, 158
Trd, 000227.967, 156.0
Trd, 000228.283, 155.0
Trd, 000229.150, 155
Trd, 000229.300, 155
Trd, 000229.683, 152
Trd, 000230.933, 151
Trd, 000231.133, 154
Trd, 000231.250, 154
Trd, 000231.700, 153
Trd, 000231.933, 152
Trd, 000233.350, 151
Trd, 000233.383, 152
Trd, 000233.767, 153
Trd, 000234.517, 150
Trd, 000235.217, 152
Trd, 000236.083, 140.0
Trd, 000236.183, 141.0
Trd, 000236.533, 139.0
Trd, 000237.967, 141.0
Trd, 000239.050, 145
Trd, 000239.633, 146
Trd, 000239.667, 145
Trd, 000240.033, 146
Trd, 000240.100, 144
Trd, 000240.283, 145
Trd, 000240.367, 143
Trd, 000240.517, 147
Trd, 000240.900, 146
Trd, 000241.250, 148
Trd, 000241.967, 150
Trd, 000242.067, 145
Trd, 000242.583, 149
Trd, 000242.900, 145
Trd, 000243.200, 143
Trd, 000243.800, 149
Trd, 000244.033, 146
Trd, 000244.250, 137.0
Trd, 000244.617, 139.0
Trd, 000244.967, 132.0
Trd, 000245.800, 141.0
Trd, 000245.850, 149
Trd, 000247.200, 152.0
Trd, 000247.467, 145.0
Trd, 000247.600, 144.0
Trd, 000248.117, 154.0
Trd, 000248.483, 155.0
Trd, 000248.717, 155.0
Trd, 000249.033, 153.0
Trd, 000249.250, 158.0
Trd, 000249.617, 154.0
Trd, 000250.550, 158.0
Trd, 000250.933, 155.0
Trd, 000251.450, 158
Trd, 000251.650, 156.0
Trd, 000252.400, 149
Trd, 000253.450, 144
Trd, 000254.183, 141.0
Trd, 000254.550, 143
Trd, 000254.817, 143
Trd, 000254.917, 144.0
Trd, 000255.083, 146
Trd, 000255.467, 141.0
Trd, 000255.917, 149
Trd, 000256.450, 148
Trd, 000256.883, 155.0
Trd, 000257.267, 157
Trd, 000257.500, 158.0
Trd, 000257.517, 156.0
Trd, 000257.600, 155.0
Trd, 000257.917, 162
Trd, 000258.567, 159
Trd, 000258.967, 158
Trd, 000259.467, 155
Trd, 000260.800, 147
Trd, 000260.833, 137.0
Trd, 000261.183, 144
Trd, 000261.533, 148
Trd, 000262.333, 152
Trd, 000262.450, 155.0
Trd, 000263.450, 148
Trd, 000263.750, 143
Trd, 000264.067, 139
Trd, 000264.533, 141.0
Trd, 000264.800, 144
Trd, 000265.333, 142.0
Trd, 000265.867, 144
Trd, 000266.450, 144.0
Trd, 000266.733, 144
Trd, 000266.950, 144.0
Trd, 000267.567, 144.0
Trd, 000268.250, 145
Trd, 000268.600, 148
Trd, 000268.733, 158.0
Trd, 000269.233, 149
Trd, 000269.517, 151
Trd, 000269.683, 148.0
Trd, 000269.767, 149.0
Trd, 000270.367, 154.0
Trd, 000270.900, 155.0
Trd, 000272.000, 172.0
Trd, 000272.117, 168.0
Trd, 000272.483, 162.0
Trd, 000272.633, 164.0
Trd, 000273.133, 164
Trd, 000273.417, 162.0
Trd, 000273.667, 146
Trd, 000274.450, 164
Trd, 000274.833, 155.0
Trd, 000275.283, 150
Trd, 000275.317, 152
Trd, 000275.833, 150
Trd, 000276.150, 158
Trd, 000276.967, 149
Trd, 000278.217, 153
Trd, 000278.850, 152
Trd, 000279.733, 151
Trd, 000279.883, 151
Trd, 000280.183, 152
Trd, 000280.217, 152
Trd, 000280.283, 150
Trd, 000280.633, 155.0
Trd, 000281.433, 155
Trd, 000281.600, 163
Trd, 000281.867, 155.0
Trd, 000282.050, 151
Trd, 000282.667, 150
Trd, 000282.933, 152
Trd, 000284.100, 143
Trd, 000284.367, 163
Trd, 000284.667, 166.0
Trd, 000284.850, 165.0
Trd, 000285.267, 158.0
Trd, 000285.383, 169
Trd, 000285.500, 155.0
Trd, 000285.650, 164
Trd, 000286.917, 162
Trd, 000287.367, 161
Trd, 000287.650, 162
Trd, 000287.750, 162
Trd, 000288.033, 163
Trd, 000288.583, 151
Trd, 000288.867, 150
Trd, 000289.083, 155.0
Trd, 000289.733, 155.0
Trd, 000289.833, 151
Trd, 000289.983, 157
Trd, 000290.883, 166.0
Trd, 000291.150, 158
Trd, 000291.550, 159
Trd, 000291.883, 160
Trd, 000292.200, 158
Trd, 000292.333, 174.0
Trd, 000292.600, 158
Trd, 000293.783, 165
Trd, 000294.317, 161
Trd, 000294.400, 165
Trd, 000294.450, 158.0
Trd, 000295.033, 168.0
Trd, 000295.667, 153.0
Trd, 000296.467, 151
Trd, 000296.950, 155.0
Trd, 000296.983, 155
Trd, 000297.067, 150
Trd, 000297.233, 155
Trd, 000297.683, 157.0
Trd, 000298.317, 155.0
Trd, 000298.467, 158.0
Trd, 000298.933, 169.0
Trd, 000298.967, 171.0
Trd, 000299.200, 168.0
Trd, 000299.367, 158.0
Trd, 000299.833, 158
Trd, 000299.883, 152
