Trd, 000001.000, 154
Trd, 000001.850, 160
Trd, 000003.050, 113.0
Trd, 000003.983, 151.0
Trd, 000004.250, 142
Trd, 000004.650, 140
Trd, 000005.083, 153
Trd, 000005.300, 134.0
Trd, 000005.517, 157.0
Trd, 000005.933, 158.0
Trd, 000005.950, 139
Trd, 000007.183, 162
Trd, 000007.833, 140
Trd, 000008.783, 168.0
Trd, 000008.817, 163
Trd, 000009.700, 165
Trd, 000009.967, 162.0
Trd, 000010.183, 155.0
Trd, 000010.400, 162
Trd, 000010.500, 149
Trd, 000011.300, 152
Trd, 000012.050, 143
Trd, 000012.117, 149
Trd, 000012.700, 148
Trd, 000012.733, 149
Trd, 000013.267, 142
Trd, 000014.217, 145
Trd, 000014.750, 141.0
Trd, 000016.233, 141
Trd, 000016.683, 143
Trd, 000018.250, 142
Trd, 000018.400, 141.0
Trd, 000019.050, 139
Trd, 000019.117, 141
Trd, 000019.183, 142
Trd, 000019.517, 139
Trd, 000019.983, 136
Trd, 000020.133, 148
Trd, 000020.383, 149
Trd, 000021.817, 146
Trd, 000022.300, 145
Trd, 000022.550, 142
Trd, 000023.100, 146
Trd, 000023.117, 148
Trd, 000023.367, 147
Trd, 000023.433, 141.0
Trd, 000024.083, 144
Trd, 000024.633, 158.0
Trd, 000024.750, 159
Trd, 000026.000, 151
Trd, 000026.050, 142
Trd, 000026.100, 162.0
Trd, 000026.933, 150
Trd, 000027.017, 151.0
Trd, 000027.750, 162.0
Trd, 000027.800, 141
Trd, 000028.817, 156
Trd, 000030.233, 156
Trd, 000031.333, 138
Trd, 000032.000, 135
Trd, 000032.133, 139
Trd, 000033.067, 145
Trd, 000033.400, 145
Trd, 000034.117, 144
Trd, 000034.450, 148
Trd, 000034.883, 142
Trd, 000035.000, 146
Trd, 000035.467, 150
Trd, 000035.533, 151.0
Trd, 000035.833, 134.0
Trd, 000036.483, 158.0
Trd, 000037.100, 151
Trd, 000038.133, 150
Trd, 000038.167, 144
Trd, 000038.800, 146
Trd, 000038.917, 149
Trd, 000039.367, 147
Trd, 000040.500, 147
Trd, 000041.000, 148
Trd, 000041.333, 145
Trd, 000041.433, 147
Trd, 000041.450, 143
Trd, 000042.567, 155.0
Trd, 000043.767, 148
Trd, 000044.117, 142
Trd, 000044.350, 146
Trd, 000044.433, 147
Trd, 000045.150, 142
Trd, 000045.500, 148
Trd, 000045.883, 143
Trd, 000047.100, 143
Trd, 000047.183, 149
Trd, 000047.400, 161.0
Trd, 000048.600, 147
Trd, 000048.750, 130
Trd, 000049.133, 149
Trd, 000049.483, 150.0
Trd, 000049.567, 147
Trd, 000050.633, 149
Trd, 000051.533, 149
Trd, 000052.717, 149
Trd, 000052.767, 145
Trd, 000053.617, 145
Trd, 000053.733, 146
Trd, 000053.817, 141.0
Trd, 000055.067, 144
Trd, 000055.133, 151.0
Trd, 000055.283, 158.0
Trd, 000055.367, 162.0
Trd, 000055.850, 143
Trd, 000056.733, 143
Trd, 000056.750, 157.0
Trd, 000057.033, 158.0
Trd, 000058.700, 158
Trd, 000058.867, 158
Trd, 000059.717, 166
Trd, 000060.400, 155.0
Trd, 000060.433, 158
Trd, 000061.200, 157
Trd, 000062.050, 161
Trd, 000062.950, 129
Trd, 000062.983, 161.0
Trd, 000063.433, 160
Trd, 000063.717, 144
Trd, 000064.683, 145
Trd, 000064.817, 158.0
Trd, 000065.150, 155.0
Trd, 000065.183, 143
Trd, 000065.250, 161.0
Trd, 000065.783, 144
Trd, 000066.733, 145
Trd, 000066.867, 141.0
Trd, 000066.967, 146
Trd, 000067.417, 134.0
Trd, 000068.250, 144
Trd, 000068.800, 146
Trd, 000069.300, 151.0
Trd, 000069.817, 142
Trd, 000069.850, 147
Trd, 000071.833, 146
Trd, 000072.383, 147
Trd, 000072.583, 148
Trd, 000072.617, 143
Trd, 000073.383, 157.0
Trd, 000073.417, 150
Trd, 000073.600, 147
Trd, 000074.383, 141.0
Trd, 000075.333, 156
Trd, 000075.650, 155.0
Trd, 000075.800, 158.0
Trd, 000077.767, 151.0
Trd, 000078.050, 149
Trd, 000078.100, 152
Trd, 000078.200, 146
Trd, 000079.017, 154
Trd, 000079.233, 143
Trd, 000079.367, 153
Trd, 000080.500, 144
Trd, 000081.217, 142
Trd, 000081.550, 151
Trd, 000081.933, 151.0
Trd, 000082.567, 152
Trd, 000083.183, 142
Trd, 000083.250, 151
Trd, 000083.283, 134.0
Trd, 000083.633, 149
Trd, 000084.317, 142
Trd, 000084.567, 148
Trd, 000084.967, 141.0
Trd, 000086.250, 158.0
Trd, 000087.517, 152
Trd, 000087.617, 140
Trd, 000088.183, 148
Trd, 000088.883, 150
Trd, 000090.117, 147
Trd, 000090.417, 151
Trd, 000090.783, 152
Trd, 000092.183, 145
Trd, 000092.533, 144
Trd, 000093.067, 145
Trd, 000093.400, 143
Trd, 000093.867, 145
Trd, 000093.950, 146
Trd, 000094.000, 150
Trd, 000094.717, 150.0
Trd, 000095.517, 150
Trd, 000096.300, 150.0
Trd, 000096.967, 149
Trd, 000097.967, 150
Trd, 000098.633, 144
Trd, 000098.900, 142
Trd, 000099.150, 158.0
Trd, 000099.667, 141.0
Trd, 000100.000, 145
Trd, 000101.083, 141
Trd, 000101.733, 149
Trd, 000102.617, 147
Trd, 000103.050, 147
Trd, 000103.233, 158.0
Trd, 000104.217, 150.0
Trd, 000104.717, 155.0
Trd, 000105.617, 153
Trd, 000106.200, 168.0
Trd, 000106.283, 152
Trd, 000106.933, 158
Trd, 000107.067, 159
Trd, 000107.717, 142
Trd, 000108.517, 141.0
Trd, 000108.733, 149
Trd, 000110.167, 151.0
Trd, 000110.317, 143
Trd, 000110.433, 153
Trd, 000110.750, 155
Trd, 000111.550, 144
Trd, 000111.567, 157
Trd, 000111.783, 151.0
Trd, 000112.067, 141.0
Trd, 000112.183, 141
Trd, 000112.883, 157.0
Trd, 000113.550, 158.0
Trd, 000114.667, 158
Trd, 000115.450, 155
Trd, 000116.967, 149
Trd, 000117.450, 155
Trd, 000117.567, 148
Trd, 000117.633, 143
Trd, 000117.933, 141.0
Trd, 000118.600, 145
Trd, 000118.767, 150
Trd, 000120.567, 146
Trd, 000121.267, 150
Trd, 000121.300, 145
Trd, 000121.500, 150
Trd, 000122.067, 151.0
Trd, 000122.950, 148
Trd, 000123.267, 144
Trd, 000124.717, 143
Trd, 000125.300, 145
Trd, 000125.433, 146
Trd, 000125.750, 147
Trd, 000126.017, 150
Trd, 000127.017, 148
Trd, 000127.450, 148
Trd, 000127.517, 142
Trd, 000128.367, 149
Trd, 000129.233, 134.0
Trd, 000129.767, 145
Trd, 000130.117, 136
Trd, 000130.300, 148
Trd, 000130.633, 154
Trd, 000130.800, 137
Trd, 000131.517, 130
Trd, 000131.950, 150
Trd, 000132.167, 148
Trd, 000132.750, 141
Trd, 000133.433, 149.0
Trd, 000133.450, 151.0
Trd, 000134.733, 162.0
Trd, 000135.800, 151.0
Trd, 000135.867, 149
Trd, 000136.350, 155
Trd, 000137.067, 158.0
Trd, 000137.733, 152
Trd, 000137.833, 163
Trd, 000138.433, 156
Trd, 000138.567, 148
Trd, 000138.583, 142
Trd, 000139.017, 157
Trd, 000139.317, 156
Trd, 000139.750, 155.0
Trd, 000140.333, 147
Trd, 000140.583, 157.0
Trd, 000141.383, 141.0
Trd, 000142.000, 151
Trd, 000142.717, 158.0
Trd, 000143.150, 146
Trd, 000144.183, 162.0
Trd, 000144.833, 161
Trd, 000145.283, 155.0
Trd, 000146.017, 146
Trd, 000146.283, 150
Trd, 000147.017, 150.0
Trd, 000148.200, 147
Trd, 000148.500, 143
Trd, 000148.583, 148
Trd, 000149.500, 149
Trd, 000149.933, 149
Trd, 000150.683, 150.0
Trd, 000150.867, 141.0
Trd, 000151.550, 142
Trd, 000152.050, 141
Trd, 000152.167, 134
Trd, 000152.333, 144
Trd, 000152.700, 142
Trd, 000153.200, 143
Trd, 000153.750, 144
Trd, 000155.267, 143
Trd, 000155.517, 151.0
Trd, 000155.633, 142
Trd, 000156.967, 151
Trd, 000157.200, 157.0
Trd, 000158.500, 162.0
Trd, 000159.000, 159
Trd, 000159.367, 143
Trd, 000159.750, 155.0
Trd, 000160.350, 150
Trd, 000160.383, 151.0
Trd, 000161.867, 149
Trd, 000162.183, 147
Trd, 000162.383, 150
Trd, 000163.717, 149
Trd, 000164.250, 141.0
Trd, 000164.700, 148
Trd, 000164.833, 148
Trd, 000165.400, 146
Trd, 000165.883, 146
Trd, 000166.900, 143
Trd, 000166.983, 143
Trd, 000167.083, 141
Trd, 000167.150, 146
Trd, 000167.417, 151.0
Trd, 000167.850, 158.0
Trd, 000168.250, 162.0
Trd, 000168.350, 141.0
Trd, 000169.783, 165.0
Trd, 000170.100, 164
Trd, 000170.267, 157
Trd, 000170.783, 134.0
Trd, 000170.900, 145
Trd, 000170.967, 148
Trd, 000171.583, 152
Trd, 000171.900, 144
Trd, 000172.617, 151.0
Trd, 000172.683, 141.0
Trd, 000173.000, 150
Trd, 000173.050, 157.0
Trd, 000174.217, 151.0
Trd, 000175.367, 149
Trd, 000175.733, 147
Trd, 000176.217, 146
Trd, 000176.750, 148
Trd, 000177.500, 143
Trd, 000177.967, 149
Trd, 000179.467, 149
Trd, 000180.133, 150
Trd, 000180.250, 142
Trd, 000180.500, 151.0
Trd, 000180.700, 163
Trd, 000180.783, 164
Trd, 000181.383, 158.0
Trd, 000181.767, 145
Trd, 000181.950, 143
Trd, 000182.317, 155
Trd, 000182.333, 141.0
Trd, 000182.550, 166
Trd, 000182.917, 141.0
Trd, 000183.600, 141
Trd, 000183.800, 160
Trd, 000185.567, 148.0
Trd, 000186.100, 141
Trd, 000186.200, 149.0
Trd, 000186.367, 143
Trd, 000187.417, 148
Trd, 000188.100, 150.0
Trd, 000188.333, 143
Trd, 000188.450, 151.0
Trd, 000189.650, 143
Trd, 000190.167, 132
Trd, 000190.883, 151
Trd, 000192.150, 148
Trd, 000192.683, 148
Trd, 000193.000, 150.0
Trd, 000194.583, 148
Trd, 000194.750, 149
Trd, 000195.167, 142
Trd, 000195.217, 151.0
Trd, 000195.350, 142
Trd, 000195.933, 149
Trd, 000196.650, 149
Trd, 000197.000, 151.0
Trd, 000197.650, 141.0
Trd, 000197.750, 141
Trd, 000198.817, 134
Trd, 000199.567, 142
Trd, 000200.333, 141.0
Trd, 000200.450, 148
Trd, 000200.500, 157.0
Trd, 000201.350, 155.0
Trd, 000202.200, 149
Trd, 000202.317, 151.0
Trd, 000203.167, 142
Trd, 000203.383, 147
Trd, 000203.483, 148
Trd, 000203.767, 158.0
Trd, 000204.383, 141.0
Trd, 000204.950, 146
Trd, 000205.150, 147
Trd, 000205.317, 140
Trd, 000205.500, 130
Trd, 000205.550, 148
Trd, 000206.883, 168
Trd, 000208.717, 148
Trd, 000209.117, 148
Trd, 000210.617, 145
Trd, 000211.017, 144
Trd, 000211.167, 141.0
Trd, 000211.667, 148
Trd, 000211.683, 148
Trd, 000211.783, 158.0
Trd, 000212.967, 150.0
Trd, 000213.100, 143
Trd, 000213.417, 150
Trd, 000213.917, 141
Trd, 000214.750, 139
Trd, 000216.767, 147
Trd, 000216.917, 150
Trd, 000218.933, 148
Trd, 000219.383, 149
Trd, 000219.450, 147
Trd, 000219.750, 150.0
Trd, 000220.017, 150
Trd, 000220.200, 144
Trd, 000220.600, 158.0
Trd, 000220.967, 151.0
Trd, 000223.100, 146
Trd, 000223.367, 144
Trd, 000223.817, 144
Trd, 000224.533, 147
Trd, 000224.650, 145
Trd, 000225.550, 150
Trd, 000225.700, 158.0
Trd, 000226.217, 144
Trd, 000227.133, 168.0
Trd, 000227.367, 159
Trd, 000227.883, 157
Trd, 000228.483, 155.0
Trd, 000228.533, 134.0
Trd, 000228.817, 141.0
Trd, 000229.633, 146
Trd, 000229.917, 152
Trd, 000230.650, 151.0
Trd, 000231.017, 154.0
Trd, 000231.967, 152
Trd, 000231.983, 153
Trd, 000232.167, 143
Trd, 000233.033, 142
Trd, 000233.167, 151.0
Trd, 000234.350, 144
Trd, 000234.417, 151
Trd, 000234.433, 152
Trd, 000234.783, 160
Trd, 000235.400, 141.0
Trd, 000235.550, 147
Trd, 000236.250, 146
Trd, 000237.017, 143
Trd, 000237.483, 144
Trd, 000237.667, 134.0
Trd, 000237.967, 143
Trd, 000238.633, 147
Trd, 000239.600, 145
Trd, 000240.033, 150
Trd, 000240.800, 152
Trd, 000241.733, 150
Trd, 000242.367, 145
Trd, 000242.467, 148.0
Trd, 000242.600, 147
Trd, 000242.967, 149.0
Trd, 000243.217, 151.0
Trd, 000243.350, 151
Trd, 000243.533, 148.0
Trd, 000243.550, 158.0
Trd, 000244.333, 150
Trd, 000244.383, 152
Trd, 000244.733, 149
Trd, 000245.267, 155
Trd, 000246.350, 151.0
Trd, 000246.600, 151.0
Trd, 000246.633, 149
Trd, 000246.950, 144
Trd, 000247.350, 150
Trd, 000247.917, 149.0
Trd, 000247.950, 147
Trd, 000248.200, 148
Trd, 000248.733, 150
Trd, 000249.117, 147.0
Trd, 000249.783, 145
Trd, 000249.833, 144
Trd, 000249.983, 146
Trd, 000250.867, 144
Trd, 000251.200, 144
Trd, 000251.217, 145
Trd, 000252.133, 149
Trd, 000252.200, 151.0
Trd, 000252.367, 158.0
Trd, 000252.467, 162.0
Trd, 000253.300, 141.0
Trd, 000253.983, 152
Trd, 000254.767, 150
Trd, 000254.800, 152
Trd, 000255.317, 147
Trd, 000255.667, 147
Trd, 000256.450, 148
Trd, 000256.500, 148
Trd, 000256.567, 147
Trd, 000256.750, 144
Trd, 000256.800, 143
Trd, 000257.000, 134.0
Trd, 000257.667, 149.0
Trd, 000258.283, 147
Trd, 000258.683, 150
Trd, 000258.783, 151.0
Trd, 000259.033, 150.0
Trd, 000259.300, 158.0
Trd, 000259.850, 151.0
Trd, 000261.000, 150
Trd, 000261.183, 147
Trd, 000261.550, 150
Trd, 000261.667, 141
Trd, 000261.850, 141.0
Trd, 000262.783, 144
Trd, 000262.967, 150
Trd, 000263.383, 163.0
Trd, 000263.750, 162.0
Trd, 000264.633, 157
Trd, 000264.917, 146
Trd, 000265.200, 144
Trd, 000265.783, 152
Trd, 000266.150, 148
Trd, 000266.183, 147
Trd, 000266.233, 145
Trd, 000266.350, 149
Trd, 000266.983, 158.0
Trd, 000267.183, 147
Trd, 000268.050, 141.0
Trd, 000268.550, 145
Trd, 000268.683, 150.0
Trd, 000269.083, 150
Trd, 000269.133, 151.0
Trd, 000270.567, 152
Trd, 000270.700, 158.0
Trd, 000270.900, 151
Trd, 000271.000, 158
Trd, 000272.067, 153
Trd, 000272.317, 148.0
Trd, 000272.450, 153
Trd, 000273.150, 147.0
Trd, 000273.833, 149
Trd, 000274.133, 150
Trd, 000274.433, 144
Trd, 000275.750, 149
Trd, 000275.850, 149
Trd, 000276.250, 150.0
Trd, 000276.683, 151.0
Trd, 000276.817, 148.0
Trd, 000277.183, 153
Trd, 000277.600, 151.0
Trd, 000277.933, 147
Trd, 000278.350, 148
Trd, 000278.983, 162.0
Trd, 000279.250, 153
Trd, 000279.950, 154
Trd, 000280.400, 153
Trd, 000280.533, 152
Trd, 000280.567, 158.0
Trd, 000280.750, 144
Trd, 000280.833, 143
Trd, 000281.383, 149.0
Trd, 000281.450, 153
Trd, 000281.667, 150
Trd, 000282.700, 151.0
Trd, 000282.750, 148
Trd, 000283.333, 153
Trd, 000284.067, 155.0
Trd, 000284.700, 153
Trd, 000285.017, 149
Trd, 000285.717, 153.0
Trd, 000285.783, 155.0
Trd, 000286.250, 153
Trd, 000286.533, 158.0
Trd, 000286.750, 158
Trd, 000287.433, 156
Trd, 000287.567, 162.0
Trd, 000288.117, 156.0
Trd, 000288.717, 155
Trd, 000288.800, 155.0
Trd, 000289.583, 156
Trd, 000289.650, 156
Trd, 000289.733, 161
Trd, 000289.933, 153
Trd, 000290.083, 152
Trd, 000290.183, 148.0
Trd, 000291.150, 157
Trd, 000291.500, 163.0
Trd, 000291.733, 143
Trd, 000292.183, 158.0
Trd, 000292.567, 165.0
Trd, 000293.100, 153
Trd, 000293.400, 156
Trd, 000293.467, 157
Trd, 000293.483, 148.0
Trd, 000293.883, 151.0
Trd, 000293.917, 157
Trd, 000294.367, 148
Trd, 000294.533, 141.0
Trd, 000295.667, 148
Trd, 000296.650, 155.0
Trd, 000296.783, 158
Trd, 000297.333, 141
Trd, 000297.700, 148.0
Trd, 000297.867, 163.0
Trd, 000298.717, 144
Trd, 000299.100, 162
Trd, 000299.583, 155.0
