Trd, 000002.033, 150
Trd, 000002.133, 162
Trd, 000002.950, 164
Trd, 000003.333, 159
Trd, 000004.400, 165
Trd, 000004.533, 163
Trd, 000004.917, 165
Trd, 000005.633, 162
Trd, 000005.867, 158
Trd, 000006.417, 157
Trd, 000006.833, 162
Trd, 000007.000, 153.0
Trd, 000008.717, 153
Trd, 000009.300, 158
Trd, 000010.067, 153
Trd, 000010.083, 159
Trd, 000010.250, 162
Trd, 000011.717, 155.0
Trd, 000011.783, 159
Trd, 000013.717, 160
Trd, 000014.033, 158
Trd, 000014.050, 156
Trd, 000014.417, 155.0
Trd, 000015.017, 157
Trd, 000015.100, 158
Trd, 000015.600, 157
Trd, 000016.567, 157
Trd, 000016.733, 157
Trd, 000016.900, 161
Trd, 000017.150, 162
Trd, 000018.850, 157
Trd, 000020.333, 159
Trd, 000020.617, 156
Trd, 000020.750, 160
Trd, 000020.933, 156
Trd, 000021.200, 155
Trd, 000021.317, 160
Trd, 000022.200, 161
Trd, 000022.450, 151.0
Trd, 000022.767, 161
Trd, 000024.133, 162
Trd, 000024.467, 162
Trd, 000026.250, 159.0
Trd, 000026.300, 159
Trd, 000026.667, 155.0
Trd, 000028.050, 150
Trd, 000028.083, 151
Trd, 000028.467, 149
Trd, 000028.700, 155
Trd, 000029.733, 150
Trd, 000029.817, 148
Trd, 000030.233, 150
Trd, 000030.967, 159
Trd, 000031.333, 162
Trd, 000031.350, 150
Trd, 000031.767, 165
Trd, 000033.183, 157
Trd, 000034.050, 156
Trd, 000034.650, 156
Trd, 000035.483, 159
Trd, 000035.800, 161
Trd, 000036.867, 157
Trd, 000037.050, 162
Trd, 000037.900, 156
Trd, 000038.283, 164
Trd, 000038.350, 164
Trd, 000038.533, 155.0
Trd, 000040.150, 160
Trd, 000040.300, 161
Trd, 000040.517, 155.0
Trd, 000041.133, 154
Trd, 000041.550, 151.0
Trd, 000043.350, 156
Trd, 000043.617, 156
Trd, 000043.750, 157
Trd, 000044.350, 165
Trd, 000044.600, 156
Trd, 000044.900, 156
Trd, 000046.000, 155
Trd, 000046.050, 156
Trd, 000046.467, 157
Trd, 000047.800, 154.0
Trd, 000047.967, 156
Trd, 000048.717, 157
Trd, 000049.383, 154.0
Trd, 000049.417, 152
Trd, 000049.833, 152
Trd, 000050.600, 157
Trd, 000051.283, 153
Trd, 000052.233, 155
Trd, 000052.750, 152
Trd, 000054.600, 153
Trd, 000055.300, 153
Trd, 000055.833, 153
Trd, 000056.050, 152.0
Trd, 000056.317, 154
Trd, 000058.117, 156
Trd, 000058.233, 160
Trd, 000058.400, 162
Trd, 000058.900, 164
Trd, 000059.800, 158
Trd, 000059.883, 164
Trd, 000060.950, 158
Trd, 000061.050, 157
Trd, 000062.683, 161
Trd, 000062.900, 156
Trd, 000063.383, 155.0
Trd, 000063.633, 155
Trd, 000063.833, 154
Trd, 000064.983, 156
Trd, 000065.050, 162
Trd, 000065.167, 165
Trd, 000065.700, 164
Trd, 000066.033, 161
Trd, 000066.250, 155.0
Trd, 000066.517, 162
Trd, 000068.083, 159
Trd, 000068.950, 159
Trd, 000068.967, 157
Trd, 000069.467, 155.0
Trd, 000070.000, 158
Trd, 000070.617, 155
Trd, 000070.950, 148
Trd, 000071.333, 159
Trd, 000072.150, 159
Trd, 000072.317, 154
Trd, 000072.583, 152
Trd, 000073.850, 155
Trd, 000073.867, 151.0
Trd, 000074.567, 151
Trd, 000074.600, 157
Trd, 000075.017, 157
Trd, 000075.883, 148
Trd, 000076.617, 148
Trd, 000076.967, 162
Trd, 000077.933, 154
Trd, 000078.033, 161
Trd, 000078.600, 162
Trd, 000079.367, 161
Trd, 000079.650, 163
Trd, 000079.700, 148
Trd, 000080.333, 151
Trd, 000080.967, 164
Trd, 000080.983, 153
Trd, 000081.150, 151
Trd, 000081.617, 150
Trd, 000082.033, 161
Trd, 000082.550, 150
Trd, 000083.467, 152
Trd, 000083.633, 160
Trd, 000084.417, 160
Trd, 000085.533, 160
Trd, 000087.017, 159
Trd, 000087.583, 162
Trd, 000088.100, 161
Trd, 000088.383, 156
Trd, 000090.833, 162
Trd, 000091.950, 158
Trd, 000092.833, 155.0
Trd, 000093.000, 155
Trd, 000093.600, 157
Trd, 000094.050, 158
Trd, 000094.133, 159
Trd, 000094.167, 160
Trd, 000095.067, 158
Trd, 000095.517, 160
Trd, 000096.183, 161
Trd, 000096.617, 161
Trd, 000096.733, 163
Trd, 000096.800, 158
Trd, 000096.817, 155.0
Trd, 000098.017, 151.0
Trd, 000098.500, 164
Trd, 000098.833, 165
Trd, 000098.983, 154
Trd, 000101.317, 157
Trd, 000101.767, 162
Trd, 000102.083, 156.0
Trd, 000102.767, 160
Trd, 000103.467, 156
Trd, 000103.883, 160
Trd, 000104.183, 155.0
Trd, 000105.117, 153
Trd, 000105.567, 154
Trd, 000106.283, 154
Trd, 000107.300, 153
Trd, 000107.783, 156
Trd, 000108.033, 157
Trd, 000108.133, 154
Trd, 000109.717, 155
Trd, 000110.750, 154
Trd, 000110.783, 156
Trd, 000111.167, 154
Trd, 000111.550, 152
Trd, 000112.950, 155
Trd, 000113.383, 153
Trd, 000114.633, 161
Trd, 000115.400, 161
Trd, 000117.717, 160
Trd, 000118.267, 161
Trd, 000118.433, 161
Trd, 000118.717, 160
Trd, 000118.867, 158
Trd, 000119.050, 156
Trd, 000119.633, 155
Trd, 000120.550, 163
Trd, 000122.083, 159
Trd, 000122.450, 163
Trd, 000122.667, 151.0
Trd, 000123.750, 162
Trd, 000124.217, 157
Trd, 000124.267, 155
Trd, 000125.450, 158
Trd, 000125.800, 157
Trd, 000125.833, 155.0
Trd, 000125.883, 162
Trd, 000126.567, 144.0
Trd, 000126.583, 164
Trd, 000127.867, 162
Trd, 000127.967, 156
Trd, 000128.150, 148
Trd, 000129.367, 157
Trd, 000129.667, 158
Trd, 000130.050, 165
Trd, 000132.317, 156
Trd, 000132.817, 158
Trd, 000132.933, 155.0
Trd, 000132.967, 159
Trd, 000133.967, 160
Trd, 000134.450, 158
Trd, 000134.783, 155
Trd, 000136.000, 156
Trd, 000136.133, 158
Trd, 000136.417, 156
Trd, 000137.417, 162
Trd, 000137.867, 156
Trd, 000138.033, 156
Trd, 000138.350, 155
Trd, 000139.300, 164
Trd, 000139.383, 162
Trd, 000140.267, 158
Trd, 000140.450, 157
Trd, 000141.200, 155
Trd, 000142.017, 154
Trd, 000142.883, 153
Trd, 000143.217, 153
Trd, 000143.633, 152
Trd, 000144.583, 151.0
Trd, 000144.967, 152
Trd, 000145.183, 153
Trd, 000146.000, 154
Trd, 000146.017, 154
Trd, 000148.150, 153
Trd, 000149.167, 150
Trd, 000149.600, 154
Trd, 000150.250, 161
Trd, 000150.650, 152
Trd, 000152.100, 155
Trd, 000152.250, 153
Trd, 000152.717, 152
Trd, 000153.050, 151.0
Trd, 000153.667, 162
Trd, 000154.267, 148
Trd, 000154.667, 163
Trd, 000155.017, 165
Trd, 000155.950, 150
Trd, 000156.100, 165
Trd, 000156.650, 168.0
Trd, 000157.300, 169
Trd, 000157.533, 153
Trd, 000157.550, 172.0
Trd, 000158.417, 163
Trd, 000158.933, 165.0
Trd, 000159.550, 163
Trd, 000159.917, 163
Trd, 000160.167, 162
Trd, 000161.033, 163
Trd, 000161.767, 162
Trd, 000162.333, 164
Trd, 000163.567, 164
Trd, 000163.717, 162
Trd, 000163.800, 165
Trd, 000165.083, 164
Trd, 000165.400, 161
Trd, 000165.433, 155.0
Trd, 000166.150, 156
Trd, 000166.850, 151.0
Trd, 000167.933, 147.0
Trd, 000168.717, 154
Trd, 000169.383, 154
Trd, 000169.700, 153
Trd, 000170.067, 153
Trd, 000170.233, 153
Trd, 000170.450, 165
Trd, 000171.283, 153
Trd, 000171.517, 151
Trd, 000172.633, 154
Trd, 000173.300, 151.0
Trd, 000174.183, 153
Trd, 000174.617, 154
Trd, 000175.067, 163
Trd, 000175.850, 152
Trd, 000176.517, 161
Trd, 000177.583, 159
Trd, 000178.267, 156
Trd, 000178.350, 160
Trd, 000178.567, 163
Trd, 000179.033, 165
Trd, 000180.300, 159
Trd, 000180.533, 159
Trd, 000180.683, 158
Trd, 000181.217, 157
Trd, 000181.617, 156
Trd, 000181.833, 160
Trd, 000183.117, 159
Trd, 000185.150, 155.0
Trd, 000185.250, 156
Trd, 000185.483, 155
Trd, 000185.567, 157
Trd, 000186.083, 158
Trd, 000186.717, 154
Trd, 000186.883, 165
Trd, 000187.317, 152
Trd, 000188.567, 161
Trd, 000188.967, 161
Trd, 000189.917, 162
Trd, 000190.150, 160
Trd, 000190.883, 159
Trd, 000191.550, 159
Trd, 000191.767, 155.0
Trd, 000193.383, 158
Trd, 000193.417, 159
Trd, 000194.017, 154.0
Trd, 000194.483, 162
Trd, 000194.550, 146.0
Trd, 000195.233, 150
Trd, 000195.400, 156
Trd, 000195.450, 148
Trd, 000196.900, 155
Trd, 000198.200, 153
Trd, 000198.333, 165
Trd, 000200.217, 154
Trd, 000200.483, 153
Trd, 000200.500, 149
Trd, 000200.933, 156
Trd, 000201.400, 155
Trd, 000201.683, 156
Trd, 000202.033, 153
Trd, 000202.617, 152
Trd, 000203.350, 152
Trd, 000203.550, 154
Trd, 000203.750, 155
Trd, 000204.017, 155
Trd, 000204.967, 148
Trd, 000205.250, 147
Trd, 000206.683, 152
Trd, 000206.750, 155
Trd, 000207.267, 165
Trd, 000207.367, 163
Trd, 000208.200, 149
Trd, 000209.450, 157
Trd, 000210.450, 153
Trd, 000210.683, 154
Trd, 000211.250, 152
Trd, 000212.717, 153
Trd, 000213.083, 163
Trd, 000213.800, 165
Trd, 000213.817, 162
Trd, 000214.467, 165.0
Trd, 000214.917, 165
Trd, 000215.683, 164
Trd, 000215.767, 165
Trd, 000215.833, 168.0
Trd, 000216.083, 162
Trd, 000216.350, 157
Trd, 000217.083, 158
Trd, 000218.917, 163
Trd, 000219.133, 160
Trd, 000219.183, 162
Trd, 000220.600, 159
Trd, 000220.900, 158
Trd, 000221.700, 158
Trd, 000221.767, 161
Trd, 000222.383, 159
Trd, 000223.067, 156
Trd, 000224.767, 154.0
Trd, 000225.000, 158
Trd, 000225.567, 156
Trd, 000226.067, 161
Trd, 000226.117, 165
Trd, 000227.783, 157
Trd, 000227.967, 156
Trd, 000228.333, 162
Trd, 000228.567, 161
Trd, 000229.583, 158
Trd, 000229.783, 155
Trd, 000230.300, 159
Trd, 000230.400, 154
Trd, 000233.917, 153
Trd, 000234.417, 156
Trd, 000234.467, 154
Trd, 000234.667, 157
Trd, 000234.683, 159
Trd, 000236.167, 154
Trd, 000236.450, 153
Trd, 000236.633, 154
Trd, 000237.700, 155
Trd, 000238.150, 154
Trd, 000239.117, 156
Trd, 000239.450, 165
Trd, 000239.750, 155
Trd, 000240.367, 159
Trd, 000240.800, 155
Trd, 000240.950, 155
Trd, 000241.017, 156
Trd, 000241.217, 154
Trd, 000243.250, 153
Trd, 000243.900, 150
Trd, 000244.017, 155
Trd, 000244.817, 158
Trd, 000245.167, 160
Trd, 000246.033, 151
Trd, 000247.217, 158
Trd, 000247.900, 154
Trd, 000248.317, 153
Trd, 000248.467, 156
Trd, 000248.667, 153
Trd, 000248.883, 153
Trd, 000248.967, 157
Trd, 000249.033, 152
Trd, 000249.100, 156
Trd, 000249.517, 151.0
Trd, 000249.833, 155
Trd, 000250.483, 151
Trd, 000251.417, 152
Trd, 000251.833, 155
Trd, 000252.250, 156
Trd, 000252.817, 150
Trd, 000253.217, 151
Trd, 000253.583, 149
Trd, 000253.700, 147
Trd, 000254.183, 159
Trd, 000254.667, 148
Trd, 000254.817, 155
Trd, 000255.233, 153
Trd, 000255.500, 162
Trd, 000255.967, 157.0
Trd, 000256.183, 160
Trd, 000257.233, 159
Trd, 000257.500, 158
Trd, 000258.050, 157
Trd, 000259.133, 158
Trd, 000259.250, 157
Trd, 000259.683, 156
Trd, 000260.417, 158
Trd, 000260.433, 155.0
Trd, 000261.533, 158
Trd, 000262.467, 157
Trd, 000262.767, 155
Trd, 000262.983, 153
Trd, 000263.267, 151.0
Trd, 000263.567, 151
Trd, 000265.000, 156
Trd, 000265.233, 151
Trd, 000265.483, 152
Trd, 000265.617, 157
Trd, 000266.517, 150
Trd, 000266.533, 157
Trd, 000266.933, 162
Trd, 000267.267, 152
Trd, 000267.317, 162
Trd, 000267.733, 160
Trd, 000268.233, 164
Trd, 000268.900, 157
Trd, 000269.983, 165
Trd, 000270.200, 167
Trd, 000270.967, 168.0
Trd, 000271.017, 158
Trd, 000271.683, 157
Trd, 000272.050, 156
Trd, 000272.883, 155.0
Trd, 000273.050, 158
Trd, 000273.083, 155
Trd, 000273.633, 159
Trd, 000274.850, 151.0
Trd, 000274.933, 154
Trd, 000275.000, 155
Trd, 000275.067, 156
Trd, 000275.150, 163
Trd, 000276.400, 148.0
Trd, 000276.517, 153
Trd, 000278.017, 149
Trd, 000278.033, 145
Trd, 000278.400, 156
Trd, 000279.000, 158
Trd, 000279.500, 158
Trd, 000279.983, 157
Trd, 000280.000, 162
Trd, 000280.217, 156
Trd, 000280.317, 155.0
Trd, 000281.350, 152
Trd, 000281.650, 145
Trd, 000282.883, 147
Trd, 000282.983, 148
Trd, 000283.250, 149
Trd, 000283.367, 158
Trd, 000283.867, 146
Trd, 000284.733, 147
Trd, 000284.750, 153
Trd, 000284.917, 147
Trd, 000284.950, 145
Trd, 000285.500, 152
Trd, 000285.750, 152
Trd, 000286.217, 148.0
Trd, 000286.717, 159.0
Trd, 000286.800, 162
Trd, 000286.983, 163
Trd, 000287.083, 165
Trd, 000288.033, 149.0
Trd, 000288.050, 156.0
Trd, 000289.517, 156
Trd, 000289.600, 151
Trd, 000290.250, 158
Trd, 000290.900, 151
Trd, 000291.167, 149
Trd, 000292.217, 151
Trd, 000292.250, 149
Trd, 000292.867, 152
Trd, 000293.000, 147
Trd, 000293.533, 152
Trd, 000293.967, 160
Trd, 000294.750, 148
Trd, 000295.250, 157
Trd, 000295.267, 147
Trd, 000295.417, 147
Trd, 000296.167, 150
Trd, 000297.567, 151
Trd, 000297.883, 155
Trd, 000298.300, 155
Trd, 000298.467, 150
Trd, 000298.750, 149
Trd, 000299.450, 149
Trd, 000299.617, 148
