Trd, 000002.400, 128.0
Trd, 000002.517, 133
Trd, 000003.567, 131.0
Trd, 000003.667, 134
Trd, 000003.933, 137.0
Trd, 000004.483, 151.0
Trd, 000005.950, 143
Trd, 000006.383, 143
Trd, 000007.083, 144
Trd, 000008.100, 145.0
Trd, 000008.767, 151.0
Trd, 000009.200, 147.0
Trd, 000009.633, 158.0
Trd, 000010.100, 151
Trd, 000010.650, 152
Trd, 000011.217, 149
Trd, 000011.400, 165.0
Trd, 000012.583, 156
Trd, 000013.767, 157
Trd, 000014.400, 156
Trd, 000014.667, 157.0
Trd, 000015.333, 155
Trd, 000015.750, 151.0
Trd, 000017.200, 155
Trd, 000017.650, 155
Trd, 000017.850, 154
Trd, 000019.150, 151.0
Trd, 000019.767, 153.0
Trd, 000020.283, 150
Trd, 000021.033, 151
Trd, 000021.383, 152
Trd, 000022.483, 151.0
Trd, 000022.717, 149.0
Trd, 000022.733, 154
Trd, 000022.833, 148.0
Trd, 000022.917, 158.0
Trd, 000023.767, 163
Trd, 000024.167, 162
Trd, 000025.867, 168.0
Trd, 000025.983, 161
Trd, 000026.650, 160
Trd, 000026.783, 152
Trd, 000027.133, 149.0
Trd, 000027.567, 151.0
Trd, 000029.883, 155
Trd, 000030.333, 155
Trd, 000031.450, 154
Trd, 000031.767, 151.0
Trd, 000031.783, 148.0
Trd, 000032.583, 139
Trd, 000032.967, 151.0
Trd, 000033.383, 142
Trd, 000034.800, 155
Trd, 000035.283, 157
Trd, 000035.900, 152
Trd, 000036.383, 152
Trd, 000036.933, 156.0
Trd, 000038.667, 157
Trd, 000038.717, 157
Trd, 000039.567, 156.0
Trd, 000040.067, 151.0
Trd, 000040.933, 165.0
Trd, 000042.933, 158.0
Trd, 000043.083, 158
Trd, 000043.117, 155
Trd, 000043.383, 148.0
Trd, 000043.417, 159
Trd, 000044.033, 150.0
Trd, 000044.167, 151.0
Trd, 000044.733, 145
Trd, 000046.333, 149
Trd, 000048.867, 150
Trd, 000049.233, 150
Trd, 000049.267, 151
Trd, 000050.133, 150
Trd, 000050.717, 151.0
Trd, 000051.233, 158.0
Trd, 000052.683, 158
Trd, 000052.833, 158
Trd, 000053.233, 158
Trd, 000055.017, 159
Trd, 000055.650, 158.0
Trd, 000056.050, 157
Trd, 000056.800, 155
Trd, 000056.950, 151.0
Trd, 000056.983, 148.0
Trd, 000057.900, 146
Trd, 000058.050, 151.0
Trd, 000059.050, 151
Trd, 000059.267, 155
Trd, 000060.667, 158
Trd, 000061.500, 150.0
Trd, 000061.567, 151.0
Trd, 000062.583, 152
Trd, 000062.750, 152
Trd, 000063.000, 158.0
Trd, 000063.700, 156
Trd, 000063.950, 163.0
Trd, 000066.417, 154
Trd, 000067.200, 155
Trd, 000067.933, 158
Trd, 000068.750, 157
Trd, 000068.917, 148.0
Trd, 000069.133, 132.0
Trd, 000069.367, 140
Trd, 000069.917, 151
Trd, 000071.167, 155
Trd, 000071.483, 158.0
Trd, 000071.583, 158
Trd, 000071.617, 151.0
Trd, 000072.683, 155
Trd, 000072.833, 164.0
Trd, 000073.667, 153
Trd, 000075.200, 154
Trd, 000075.733, 151.0
Trd, 000076.450, 153.0
Trd, 000076.517, 154
Trd, 000078.717, 152
Trd, 000078.800, 153
Trd, 000080.183, 152
Trd, 000080.233, 152
Trd, 000080.250, 182.0
Trd, 000080.700, 148.0
Trd, 000081.550, 153
Trd, 000082.467, 155.0
Trd, 000083.550, 154
Trd, 000083.900, 151.0
Trd, 000084.967, 151.0
Trd, 000086.750, 153
Trd, 000086.783, 155
Trd, 000087.100, 155
Trd, 000087.700, 155
Trd, 000088.633, 155
Trd, 000089.717, 150
Trd, 000089.800, 148.0
Trd, 000090.600, 144
Trd, 000090.767, 151.0
Trd, 000091.350, 158.0
Trd, 000093.233, 157
Trd, 000093.533, 152
Trd, 000094.350, 155
Trd, 000094.517, 155
Trd, 000096.333, 153
Trd, 000097.550, 153
Trd, 000097.767, 152
Trd, 000098.400, 153
Trd, 000098.983, 154
Trd, 000099.267, 152.0
Trd, 000100.100, 152
Trd, 000100.217, 151.0
Trd, 000100.667, 153
Trd, 000101.033, 150
Trd, 000101.367, 151
Trd, 000102.400, 151.0
Trd, 000102.683, 150
Trd, 000102.717, 148.0
Trd, 000104.467, 157.0
Trd, 000104.567, 151.0
Trd, 000105.550, 151.0
Trd, 000105.967, 150
Trd, 000106.433, 141
Trd, 000106.583, 129.0
Trd, 000107.800, 151.0
Trd, 000109.150, 143
Trd, 000109.217, 146
Trd, 000109.650, 152
Trd, 000109.933, 140
Trd, 000111.133, 147
Trd, 000111.583, 147
Trd, 000111.767, 147
Trd, 000111.817, 148
Trd, 000112.150, 148
Trd, 000113.650, 151
Trd, 000115.250, 149
Trd, 000115.383, 151.0
Trd, 000115.700, 148.0
Trd, 000116.117, 151.0
Trd, 000116.317, 152
Trd, 000117.383, 150
Trd, 000118.533, 154
Trd, 000119.400, 158.0
Trd, 000121.117, 156
Trd, 000121.500, 156
Trd, 000122.100, 156
Trd, 000123.183, 155
Trd, 000123.850, 158.0
Trd, 000124.567, 155
Trd, 000124.833, 152
Trd, 000125.567, 154.0
Trd, 000125.733, 151.0
Trd, 000126.633, 146
Trd, 000126.900, 143
Trd, 000127.533, 149
Trd, 000127.750, 149
Trd, 000127.917, 144
Trd, 000128.667, 147
Trd, 000130.067, 148.0
Trd, 000130.567, 148
Trd, 000131.383, 144
Trd, 000131.917, 145
Trd, 000132.800, 144
Trd, 000133.717, 147
Trd, 000134.850, 146
Trd, 000135.950, 147
Trd, 000136.067, 148
Trd, 000136.917, 151.0
Trd, 000137.467, 156.0
Trd, 000137.783, 151.0
Trd, 000139.583, 151
Trd, 000139.883, 152
Trd, 000139.983, 151
Trd, 000140.817, 151
Trd, 000141.517, 151.0
Trd, 000141.783, 149
Trd, 000142.667, 150.0
Trd, 000143.200, 151.0
Trd, 000143.633, 149
Trd, 000143.817, 151
Trd, 000145.300, 156.0
Trd, 000145.367, 154
Trd, 000145.917, 151
Trd, 000146.550, 152
Trd, 000146.750, 153
Trd, 000148.350, 153
Trd, 000148.583, 154
Trd, 000148.833, 151
Trd, 000150.450, 148.0
Trd, 000150.750, 149.0
Trd, 000150.983, 149
Trd, 000151.250, 151
Trd, 000151.317, 151.0
Trd, 000152.650, 148
Trd, 000154.083, 154
Trd, 000155.317, 155.0
Trd, 000155.467, 155
Trd, 000155.583, 155.0
Trd, 000156.317, 157.0
Trd, 000156.717, 158.0
Trd, 000158.850, 157.0
Trd, 000158.933, 155.0
Trd, 000159.217, 151.0
Trd, 000160.167, 152
Trd, 000160.983, 152.0
Trd, 000161.267, 155
Trd, 000161.850, 153.0
Trd, 000163.217, 154
Trd, 000163.350, 154
Trd, 000164.567, 154
Trd, 000165.217, 153
Trd, 000165.400, 152
Trd, 000165.850, 153
Trd, 000166.017, 153.0
Trd, 000166.617, 151.0
Trd, 000167.033, 158.0
Trd, 000168.233, 156
Trd, 000170.117, 155
Trd, 000170.583, 150
Trd, 000171.483, 153
Trd, 000171.933, 149
Trd, 000172.467, 152
Trd, 000172.917, 154
Trd, 000174.383, 151.0
Trd, 000174.417, 152
Trd, 000174.967, 157
Trd, 000175.183, 152
Trd, 000175.617, 156.0
Trd, 000176.350, 155
Trd, 000176.983, 156
Trd, 000177.317, 158.0
Trd, 000177.417, 148.0
Trd, 000178.400, 151
Trd, 000180.483, 152.0
Trd, 000180.683, 151.0
Trd, 000180.967, 150
Trd, 000181.050, 147
Trd, 000181.817, 148
Trd, 000181.850, 147
Trd, 000182.917, 147
Trd, 000183.750, 145
Trd, 000185.067, 146
Trd, 000185.483, 152
Trd, 000185.650, 147
Trd, 000185.750, 156
Trd, 000187.183, 152
Trd, 000187.733, 151.0
Trd, 000189.450, 153
Trd, 000189.783, 151
Trd, 000190.567, 152
Trd, 000190.667, 151
Trd, 000191.550, 157.0
Trd, 000192.450, 151.0
Trd, 000192.483, 150
Trd, 000192.700, 148.0
Trd, 000192.867, 143
Trd, 000194.217, 147
Trd, 000195.183, 143
Trd, 000195.317, 146
Trd, 000195.567, 147
Trd, 000196.550, 150
Trd, 000197.350, 155.0
Trd, 000198.133, 150
Trd, 000199.483, 150
Trd, 000200.650, 149
Trd, 000200.817, 151.0
Trd, 000201.183, 151
Trd, 000201.533, 151
Trd, 000202.100, 152
Trd, 000203.683, 153.0
Trd, 000204.400, 148
Trd, 000204.767, 149
Trd, 000205.017, 154.0
Trd, 000206.117, 151.0
Trd, 000206.150, 158.0
Trd, 000207.383, 156
Trd, 000207.767, 156
Trd, 000207.867, 152
Trd, 000208.567, 151.0
Trd, 000209.400, 151.0
Trd, 000209.933, 152.0
Trd, 000210.650, 151.0
Trd, 000210.933, 150.0
Trd, 000213.250, 148
Trd, 000213.267, 132
Trd, 000213.833, 145
Trd, 000214.017, 145
Trd, 000215.500, 143
Trd, 000215.583, 134
Trd, 000216.217, 145
Trd, 000216.300, 144
Trd, 000216.467, 132
Trd, 000217.033, 145.0
Trd, 000218.000, 144.0
Trd, 000218.550, 148
Trd, 000218.667, 141
Trd, 000220.400, 146
Trd, 000220.733, 147
Trd, 000221.900, 147.0
Trd, 000222.033, 148.0
Trd, 000222.450, 151.0
Trd, 000223.217, 143
Trd, 000224.867, 148
Trd, 000225.400, 151.0
Trd, 000225.667, 158.0
Trd, 000226.183, 150
Trd, 000227.000, 150
Trd, 000227.117, 151.0
Trd, 000227.700, 153
Trd, 000228.900, 152
Trd, 000230.717, 152
Trd, 000231.117, 153.0
Trd, 000231.183, 156.0
Trd, 000231.483, 150.0
Trd, 000231.600, 155.0
Trd, 000231.967, 151.0
Trd, 000232.150, 149.0
Trd, 000232.183, 148
Trd, 000233.633, 153
Trd, 000234.750, 154
Trd, 000235.850, 151.0
Trd, 000235.867, 157.0
Trd, 000237.117, 152
Trd, 000238.300, 150
Trd, 000239.083, 152
Trd, 000239.383, 149.0
Trd, 000240.067, 149
Trd, 000240.350, 149
Trd, 000240.483, 150.0
Trd, 000240.567, 151
Trd, 000240.600, 151.0
Trd, 000241.767, 148.0
Trd, 000241.883, 143
Trd, 000242.733, 145
Trd, 000242.950, 148
Trd, 000243.100, 146
Trd, 000243.733, 149
Trd, 000243.883, 151.0
Trd, 000244.300, 153
Trd, 000244.417, 154
Trd, 000244.700, 151
Trd, 000245.067, 147
Trd, 000245.567, 148
Trd, 000245.850, 151
Trd, 000246.150, 146
Trd, 000247.167, 147
Trd, 000248.133, 149
Trd, 000248.600, 150
Trd, 000248.983, 149
Trd, 000249.417, 151.0
Trd, 000249.550, 151
Trd, 000249.667, 149
Trd, 000250.483, 148.0
Trd, 000250.917, 143
Trd, 000251.700, 146
Trd, 000251.767, 145
Trd, 000252.533, 137.0
Trd, 000252.950, 132
Trd, 000252.983, 136
Trd, 000253.350, 137
Trd, 000253.617, 135
Trd, 000253.933, 134
Trd, 000255.267, 140
Trd, 000255.800, 142
Trd, 000255.983, 140
Trd, 000256.017, 145
Trd, 000256.733, 151.0
Trd, 000257.217, 151.0
Trd, 000257.533, 154
Trd, 000258.017, 155.0
Trd, 000258.383, 154.0
Trd, 000258.700, 155
Trd, 000259.400, 152.0
Trd, 000259.783, 149.0
Trd, 000260.117, 151.0
Trd, 000260.333, 148.0
Trd, 000261.067, 142
Trd, 000261.483, 137.0
Trd, 000261.500, 146.0
Trd, 000262.100, 148
Trd, 000262.383, 146
Trd, 000262.883, 151.0
Trd, 000262.950, 145
Trd, 000263.117, 148
Trd, 000263.850, 145
Trd, 000264.567, 138
Trd, 000265.000, 143
Trd, 000265.867, 142
Trd, 000266.000, 144
Trd, 000267.050, 148
Trd, 000267.767, 151.0
Trd, 000267.933, 145
Trd, 000268.383, 149.0
Trd, 000268.450, 150.0
Trd, 000268.850, 151.0
Trd, 000269.383, 148.0
Trd, 000269.900, 149
Trd, 000270.317, 148.0
Trd, 000270.483, 147
Trd, 000270.650, 149
Trd, 000271.033, 144
Trd, 000271.833, 150.0
Trd, 000271.967, 150
Trd, 000272.783, 153.0
Trd, 000273.283, 155.0
Trd, 000273.417, 153
Trd, 000273.567, 147
Trd, 000273.867, 148
Trd, 000274.317, 140
Trd, 000274.433, 146
Trd, 000274.867, 142
Trd, 000275.417, 171
Trd, 000275.517, 172.0
Trd, 000275.650, 147
Trd, 000275.867, 142
Trd, 000276.583, 150.0
Trd, 000276.650, 145
Trd, 000276.667, 151.0
Trd, 000277.433, 153
Trd, 000277.917, 155
Trd, 000279.967, 149
Trd, 000280.050, 148
Trd, 000280.233, 146
Trd, 000280.583, 150.0
Trd, 000280.600, 151.0
Trd, 000281.050, 145
Trd, 000281.383, 147.0
Trd, 000281.733, 150
Trd, 000281.867, 143
Trd, 000282.067, 137.0
Trd, 000282.100, 129
Trd, 000282.633, 134.0
Trd, 000283.817, 131.0
Trd, 000283.967, 136.0
Trd, 000284.683, 134
Trd, 000285.067, 137.0
Trd, 000285.767, 145
Trd, 000285.900, 151.0
Trd, 000286.000, 155.0
Trd, 000286.317, 152
Trd, 000286.733, 151.0
Trd, 000287.050, 146
Trd, 000287.283, 146
Trd, 000288.367, 145
Trd, 000289.000, 150
Trd, 000289.550, 150
Trd, 000289.750, 146
Trd, 000289.917, 146
Trd, 000290.250, 151
Trd, 000290.833, 150
Trd, 000291.867, 154.0
Trd, 000292.383, 158.0
Trd, 000292.883, 153
Trd, 000292.900, 152
Trd, 000293.233, 154.0
Trd, 000294.183, 155.0
Trd, 000294.383, 152.0
Trd, 000294.567, 151.0
Trd, 000294.600, 150
Trd, 000294.917, 155
Trd, 000295.500, 156
Trd, 000295.683, 151.0
Trd, 000295.833, 165.0
Trd, 000296.033, 150
Trd, 000296.483, 174
Trd, 000297.833, 156
Trd, 000297.850, 151.0
Trd, 000297.867, 150
Trd, 000298.933, 145
Trd, 000299.400, 150.0
Trd, 000299.500, 151.0
Trd, 000299.617, 144
