Trd, 000002.600, 183
Trd, 000002.867, 188
Trd, 000003.933, 175.0
Trd, 000004.333, 168.0
Trd, 000005.233, 158.0
Trd, 000005.483, 152
Trd, 000006.500, 175.0
Trd, 000006.700, 149
Trd, 000007.450, 158
Trd, 000007.933, 157
Trd, 000008.467, 148.0
Trd, 000009.150, 152
Trd, 000009.567, 155
Trd, 000009.700, 145.0
Trd, 000009.800, 144.0
Trd, 000010.417, 157
Trd, 000011.050, 148
Trd, 000011.650, 147
Trd, 000012.767, 145
Trd, 000013.033, 154
Trd, 000013.083, 155
Trd, 000015.183, 144.0
Trd, 000015.300, 146
Trd, 000015.500, 146
Trd, 000016.200, 143
Trd, 000016.600, 142
Trd, 000016.617, 146
Trd, 000017.467, 147
Trd, 000018.133, 144
Trd, 000018.433, 135
Trd, 000018.667, 155.0
Trd, 000019.883, 151
Trd, 000020.217, 151
Trd, 000021.217, 153
Trd, 000022.583, 158.0
Trd, 000022.683, 163
Trd, 000023.150, 159
Trd, 000023.483, 155
Trd, 000024.467, 155
Trd, 000025.017, 152
Trd, 000025.333, 155.0
Trd, 000026.667, 153
Trd, 000027.083, 152
Trd, 000027.550, 150
Trd, 000027.900, 149
Trd, 000028.450, 154
Trd, 000029.117, 158.0
Trd, 000029.800, 158.0
Trd, 000030.050, 156
Trd, 000030.100, 149
Trd, 000031.867, 149
Trd, 000033.050, 149
Trd, 000033.150, 154
Trd, 000033.217, 139
Trd, 000034.117, 155
Trd, 000034.233, 162.0
Trd, 000034.850, 154
Trd, 000035.367, 153
Trd, 000035.483, 154
Trd, 000035.517, 155.0
Trd, 000036.933, 153
Trd, 000037.350, 152
Trd, 000037.650, 162
Trd, 000037.950, 163
Trd, 000038.500, 153
Trd, 000039.217, 158
Trd, 000039.450, 151
Trd, 000039.767, 151
Trd, 000040.533, 157
Trd, 000041.133, 144.0
Trd, 000041.933, 152
Trd, 000042.050, 151
Trd, 000042.150, 149
Trd, 000042.367, 150
Trd, 000042.783, 149
Trd, 000042.850, 148.0
Trd, 000043.983, 147
Trd, 000044.000, 150
Trd, 000044.167, 147
Trd, 000045.283, 151
Trd, 000047.517, 154.0
Trd, 000047.583, 155.0
Trd, 000047.667, 157
Trd, 000048.650, 155
Trd, 000048.900, 153
Trd, 000049.333, 151
Trd, 000049.733, 153
Trd, 000050.067, 153
Trd, 000050.500, 152
Trd, 000051.767, 144.0
Trd, 000053.383, 150
Trd, 000053.783, 153
Trd, 000054.233, 148.0
Trd, 000054.250, 148
Trd, 000054.317, 147
Trd, 000054.450, 146
Trd, 000054.750, 144.0
Trd, 000056.083, 146
Trd, 000056.100, 147
Trd, 000056.133, 152
Trd, 000057.583, 152
Trd, 000057.633, 155.0
Trd, 000057.850, 147
Trd, 000058.400, 147
Trd, 000058.517, 158.0
Trd, 000059.033, 133
Trd, 000059.217, 134.0
Trd, 000059.717, 136
Trd, 000060.250, 155
Trd, 000060.883, 151
Trd, 000061.000, 152
Trd, 000061.617, 139
Trd, 000062.767, 149.0
Trd, 000063.017, 149
Trd, 000063.500, 151
Trd, 000063.650, 150
Trd, 000064.850, 148.0
Trd, 000064.983, 151
Trd, 000066.067, 150
Trd, 000066.233, 146
Trd, 000067.600, 151
Trd, 000067.617, 145.0
Trd, 000068.117, 144.0
Trd, 000068.983, 152
Trd, 000069.817, 153
Trd, 000070.017, 147
Trd, 000070.033, 145
Trd, 000072.067, 152
Trd, 000072.517, 153
Trd, 000072.733, 150
Trd, 000073.383, 150
Trd, 000073.417, 158.0
Trd, 000073.917, 161
Trd, 000075.050, 148.0
Trd, 000076.217, 150
Trd, 000076.283, 148.0
Trd, 000076.983, 155
Trd, 000077.500, 151
Trd, 000077.567, 153
Trd, 000078.200, 147
Trd, 000079.817, 149
Trd, 000080.317, 151
Trd, 000081.383, 151
Trd, 000081.500, 152
Trd, 000081.683, 148
Trd, 000081.700, 147
Trd, 000082.133, 156.0
Trd, 000083.650, 148.0
Trd, 000083.700, 144.0
Trd, 000084.900, 151
Trd, 000085.400, 151.0
Trd, 000086.167, 158.0
Trd, 000086.200, 144
Trd, 000086.417, 144
Trd, 000087.583, 144.0
Trd, 000087.950, 155
Trd, 000088.100, 156
Trd, 000089.083, 160
Trd, 000089.400, 156
Trd, 000089.667, 161
Trd, 000090.117, 157
Trd, 000090.200, 159
Trd, 000090.383, 156
Trd, 000091.850, 159
Trd, 000092.283, 154
Trd, 000093.033, 153
Trd, 000093.717, 148.0
Trd, 000094.083, 161
Trd, 000095.867, 162
Trd, 000096.000, 158.0
Trd, 000096.717, 161
Trd, 000097.033, 160
Trd, 000097.333, 158
Trd, 000097.817, 157
Trd, 000098.167, 160
Trd, 000098.450, 162
Trd, 000098.517, 157
Trd, 000098.567, 155
Trd, 000099.550, 158
Trd, 000100.250, 145
Trd, 000101.383, 159.0
Trd, 000102.067, 161
Trd, 000102.717, 159
Trd, 000103.283, 158.0
Trd, 000103.300, 158
Trd, 000103.650, 160
Trd, 000105.067, 158.0
Trd, 000105.233, 157
Trd, 000105.617, 157
Trd, 000106.167, 150.0
Trd, 000107.717, 153
Trd, 000108.333, 153.0
Trd, 000108.350, 152
Trd, 000108.533, 151
Trd, 000109.383, 152
Trd, 000109.817, 154
Trd, 000110.067, 148.0
Trd, 000110.400, 154
Trd, 000111.633, 148
Trd, 000112.733, 155.0
Trd, 000112.800, 148
Trd, 000112.950, 155
Trd, 000113.800, 156
Trd, 000114.467, 158.0
Trd, 000114.767, 147
Trd, 000115.250, 149
Trd, 000115.917, 148
Trd, 000115.933, 155.0
Trd, 000116.217, 148
Trd, 000116.533, 155
Trd, 000117.017, 158
Trd, 000117.067, 147
Trd, 000118.200, 144.0
Trd, 000118.933, 134
Trd, 000119.633, 152
Trd, 000120.450, 137
Trd, 000121.000, 150
Trd, 000121.317, 149
Trd, 000122.300, 145
Trd, 000122.600, 143
Trd, 000122.817, 136
Trd, 000123.100, 147
Trd, 000124.500, 153
Trd, 000124.617, 137
Trd, 000125.167, 154
Trd, 000125.900, 153
Trd, 000126.083, 144
Trd, 000126.333, 155.0
Trd, 000127.217, 154
Trd, 000127.317, 144
Trd, 000127.550, 144.0
Trd, 000127.833, 156
Trd, 000128.067, 158.0
Trd, 000128.867, 165.0
Trd, 000130.033, 162
Trd, 000131.050, 159
Trd, 000131.383, 158
Trd, 000131.467, 157
Trd, 000131.817, 157
Trd, 000133.233, 146.0
Trd, 000135.000, 153
Trd, 000135.033, 149
Trd, 000135.283, 150
Trd, 000135.867, 153
Trd, 000136.117, 154
Trd, 000136.983, 153
Trd, 000138.067, 151
Trd, 000138.117, 152
Trd, 000138.183, 152
Trd, 000138.283, 154
Trd, 000138.333, 155.0
Trd, 000138.783, 150
Trd, 000139.650, 158.0
Trd, 000140.600, 149
Trd, 000140.667, 148
Trd, 000140.717, 147
Trd, 000141.583, 149
Trd, 000141.867, 148
Trd, 000142.650, 154
Trd, 000142.683, 139
Trd, 000142.733, 155.0
Trd, 000143.683, 158.0
Trd, 000144.133, 165.0
Trd, 000144.200, 137
Trd, 000144.733, 164
Trd, 000146.583, 158
Trd, 000146.783, 158.0
Trd, 000147.283, 157
Trd, 000148.283, 159
Trd, 000148.350, 158
Trd, 000148.517, 158.0
Trd, 000148.717, 160
Trd, 000149.333, 159
Trd, 000149.800, 160
Trd, 000150.267, 160
Trd, 000150.467, 161
Trd, 000151.883, 158
Trd, 000152.600, 155
Trd, 000152.833, 148.0
Trd, 000153.000, 135
Trd, 000153.217, 161
Trd, 000154.067, 160.0
Trd, 000154.500, 161
Trd, 000155.183, 161
Trd, 000156.267, 160
Trd, 000156.567, 158.0
Trd, 000156.800, 156
Trd, 000157.567, 145.0
Trd, 000157.867, 144.0
Trd, 000158.000, 153
Trd, 000158.483, 151
Trd, 000159.033, 151
Trd, 000159.233, 125.0
Trd, 000159.400, 134.0
Trd, 000160.300, 151
Trd, 000160.383, 152
Trd, 000160.600, 158.0
Trd, 000161.233, 149
Trd, 000161.867, 151
Trd, 000162.450, 161
Trd, 000162.867, 170
Trd, 000163.267, 147
Trd, 000163.850, 144.0
Trd, 000163.983, 147
Trd, 000164.133, 152
Trd, 000164.833, 157.0
Trd, 000164.983, 158.0
Trd, 000165.133, 150
Trd, 000167.467, 150
Trd, 000167.483, 157
Trd, 000167.850, 150
Trd, 000168.300, 151
Trd, 000168.867, 153
Trd, 000170.050, 156
Trd, 000170.700, 158.0
Trd, 000170.983, 150
Trd, 000171.267, 149
Trd, 000171.733, 149.0
Trd, 000172.317, 157
Trd, 000172.350, 158
Trd, 000173.000, 151
Trd, 000173.850, 160
Trd, 000174.117, 158.0
Trd, 000174.183, 148.0
Trd, 000175.200, 151
Trd, 000176.950, 153
Trd, 000177.383, 152
Trd, 000178.050, 148
Trd, 000178.267, 158
Trd, 000179.817, 155
Trd, 000179.950, 157
Trd, 000180.483, 157.0
Trd, 000180.917, 153
Trd, 000181.500, 157
Trd, 000181.900, 158.0
Trd, 000182.067, 165.0
Trd, 000183.367, 158.0
Trd, 000183.717, 157
Trd, 000184.350, 158
Trd, 000185.217, 157.0
Trd, 000185.433, 157
Trd, 000185.533, 148.0
Trd, 000186.100, 148
Trd, 000186.467, 145
Trd, 000187.450, 154
Trd, 000188.067, 145
Trd, 000188.983, 144.0
Trd, 000189.733, 143
Trd, 000189.933, 146
Trd, 000190.567, 137
Trd, 000191.733, 150
Trd, 000191.817, 155
Trd, 000192.250, 155.0
Trd, 000193.333, 147
Trd, 000193.783, 151
Trd, 000193.850, 152
Trd, 000194.250, 158.0
Trd, 000194.717, 150
Trd, 000194.950, 148
Trd, 000195.267, 147
Trd, 000196.117, 156
Trd, 000196.617, 158.0
Trd, 000197.733, 148
Trd, 000197.800, 156
Trd, 000197.817, 146
Trd, 000198.083, 171
Trd, 000198.167, 141
Trd, 000200.117, 143.0
Trd, 000200.217, 144.0
Trd, 000200.500, 150
Trd, 000201.167, 146
Trd, 000202.350, 147
Trd, 000202.633, 147
Trd, 000202.733, 155.0
Trd, 000203.100, 165.0
Trd, 000203.383, 160
Trd, 000203.683, 148
Trd, 000204.600, 159
Trd, 000205.150, 144.0
Trd, 000205.517, 147
Trd, 000206.200, 146
Trd, 000206.683, 152
Trd, 000206.767, 152
Trd, 000207.183, 152
Trd, 000207.417, 131.0
Trd, 000207.600, 144.0
Trd, 000207.917, 131
Trd, 000208.567, 133
Trd, 000209.833, 143
Trd, 000209.850, 148
Trd, 000210.267, 152
Trd, 000212.600, 145
Trd, 000212.717, 144
Trd, 000213.317, 146
Trd, 000213.667, 146
Trd, 000214.500, 157.0
Trd, 000214.683, 144
Trd, 000214.900, 144.0
Trd, 000214.950, 158.0
Trd, 000215.683, 144
Trd, 000215.700, 135
Trd, 000216.133, 146
Trd, 000216.183, 150
Trd, 000216.567, 140
Trd, 000217.417, 144.0
Trd, 000218.267, 152
Trd, 000219.233, 144.0
Trd, 000220.217, 159.0
Trd, 000220.550, 158.0
Trd, 000220.667, 155
Trd, 000221.417, 154
Trd, 000222.350, 155
Trd, 000222.767, 154
Trd, 000223.067, 155
Trd, 000223.400, 149.0
Trd, 000224.667, 154
Trd, 000224.750, 155
Trd, 000224.783, 149.0
Trd, 000224.900, 155.0
Trd, 000225.817, 158.0
Trd, 000226.517, 157
Trd, 000227.433, 164
Trd, 000227.583, 154
Trd, 000229.833, 150.0
Trd, 000230.067, 145.0
Trd, 000230.133, 161
Trd, 000231.000, 148
Trd, 000231.200, 157
Trd, 000231.267, 146
Trd, 000231.400, 158
Trd, 000233.200, 155
Trd, 000233.767, 158.0
Trd, 000234.183, 152
Trd, 000234.467, 148
Trd, 000234.500, 162.0
Trd, 000235.417, 150
Trd, 000235.917, 148.0
Trd, 000236.233, 155
Trd, 000236.733, 147
Trd, 000237.250, 155
Trd, 000239.017, 144
Trd, 000239.317, 142
Trd, 000239.333, 157
Trd, 000239.800, 146
Trd, 000239.917, 135
Trd, 000240.450, 143
Trd, 000240.567, 144.0
Trd, 000240.833, 149
Trd, 000242.583, 147
Trd, 000242.600, 144
Trd, 000242.883, 144
Trd, 000243.133, 144.0
Trd, 000243.383, 145
Trd, 000244.800, 151
Trd, 000245.083, 150
Trd, 000245.233, 148.0
Trd, 000245.300, 145.0
Trd, 000245.433, 155.0
Trd, 000246.000, 155.0
Trd, 000246.117, 154
Trd, 000246.183, 147
Trd, 000246.900, 150.0
Trd, 000247.117, 148
Trd, 000247.700, 147
Trd, 000247.867, 148.0
Trd, 000248.233, 142.0
Trd, 000248.650, 147
Trd, 000249.200, 150.0
Trd, 000249.450, 148
Trd, 000250.300, 147.0
Trd, 000250.767, 145
Trd, 000251.167, 148
Trd, 000251.367, 146.0
Trd, 000251.767, 145.0
Trd, 000251.817, 148
Trd, 000253.233, 155.0
Trd, 000253.367, 148
Trd, 000254.400, 148
Trd, 000254.533, 149
Trd, 000254.650, 146
Trd, 000254.717, 150
Trd, 000254.883, 152
Trd, 000255.483, 145.0
Trd, 000255.533, 144.0
Trd, 000255.983, 150
Trd, 000256.317, 153
Trd, 000256.500, 153
Trd, 000257.017, 155.0
Trd, 000257.533, 157.0
Trd, 000258.267, 154
Trd, 000258.367, 158.0
Trd, 000259.450, 153
Trd, 000259.900, 158
Trd, 000260.100, 151
Trd, 000260.767, 153
Trd, 000260.800, 149
Trd, 000261.233, 148.0
Trd, 000261.433, 151
Trd, 000261.933, 144.0
Trd, 000262.783, 151
Trd, 000262.883, 155.0
Trd, 000263.350, 158
Trd, 000264.017, 155
Trd, 000264.267, 149
Trd, 000264.400, 148
Trd, 000264.433, 146
Trd, 000264.683, 150
Trd, 000265.283, 147
Trd, 000265.350, 146
Trd, 000266.117, 142.0
Trd, 000266.150, 148
Trd, 000266.567, 140
Trd, 000267.400, 144
Trd, 000267.650, 141
Trd, 000267.767, 139
Trd, 000268.150, 131.0
Trd, 000269.033, 146
Trd, 000269.383, 147
Trd, 000270.000, 146
Trd, 000270.217, 147
Trd, 000270.383, 146
Trd, 000270.867, 146
Trd, 000271.083, 151
Trd, 000271.367, 147
Trd, 000271.817, 158.0
Trd, 000272.183, 146
Trd, 000272.450, 160
Trd, 000273.083, 142.0
Trd, 000273.183, 144
Trd, 000273.500, 141.0
Trd, 000274.067, 143
Trd, 000274.167, 137
Trd, 000274.217, 154
Trd, 000274.967, 152
Trd, 000275.133, 148
Trd, 000275.367, 155
Trd, 000276.050, 151
Trd, 000277.300, 152
Trd, 000277.583, 152
Trd, 000277.783, 150
Trd, 000278.733, 151
Trd, 000278.950, 145
Trd, 000279.117, 151.0
Trd, 000279.333, 144.0
Trd, 000279.517, 141.0
Trd, 000279.783, 136
Trd, 000280.583, 150
Trd, 000280.700, 155.0
Trd, 000280.867, 165.0
Trd, 000282.117, 153
Trd, 000282.550, 150
Trd, 000283.233, 144.0
Trd, 000283.500, 151
Trd, 000283.550, 131.0
Trd, 000283.717, 156
Trd, 000283.800, 157
Trd, 000283.833, 158.0
Trd, 000284.567, 155
Trd, 000284.800, 147
Trd, 000284.950, 148
Trd, 000285.050, 148
Trd, 000285.317, 158
Trd, 000285.550, 158.0
Trd, 000286.283, 147
Trd, 000286.367, 146.0
Trd, 000286.900, 145
Trd, 000287.367, 152
Trd, 000287.650, 152
Trd, 000287.933, 147.0
Trd, 000288.667, 148
Trd, 000288.733, 151
Trd, 000289.917, 152
Trd, 000290.067, 165.0
Trd, 000290.533, 155
Trd, 000290.583, 151
Trd, 000290.667, 156
Trd, 000290.800, 152
Trd, 000291.183, 148.0
Trd, 000291.650, 146.0
Trd, 000291.850, 166
Trd, 000292.500, 167
Trd, 000293.283, 161
Trd, 000293.983, 165
Trd, 000294.517, 163
Trd, 000295.167, 159.0
Trd, 000295.400, 158.0
Trd, 000295.433, 157
Trd, 000295.817, 164
Trd, 000296.183, 163.0
Trd, 000296.567, 149
Trd, 000296.900, 152
Trd, 000297.050, 148.0
Trd, 000297.200, 158
Trd, 000297.483, 152
Trd, 000297.633, 159
Trd, 000297.717, 144.0
Trd, 000298.433, 165.0
Trd, 000298.717, 147
Trd, 000299.083, 147
Trd, 000299.550, 155
Trd, 000299.683, 158
