Trd, 000002.550, 131
Trd, 000002.783, 141
Trd, 000003.533, 144.0
Trd, 000004.033, 138
Trd, 000004.900, 161
Trd, 000004.983, 162
Trd, 000005.383, 143.0
Trd, 000005.683, 142.0
Trd, 000005.800, 142.0
Trd, 000006.083, 156
Trd, 000006.433, 150
Trd, 000007.367, 151
Trd, 000008.600, 150
Trd, 000008.750, 150
Trd, 000009.000, 157
Trd, 000009.800, 150
Trd, 000009.883, 148
Trd, 000009.983, 153
Trd, 000010.167, 143
Trd, 000011.033, 152
Trd, 000011.233, 148
Trd, 000011.617, 150
Trd, 000012.183, 149
Trd, 000012.467, 149
Trd, 000012.850, 146
Trd, 000013.483, 143
Trd, 000015.017, 144
Trd, 000015.333, 144.0
Trd, 000015.683, 145
Trd, 000016.167, 146
Trd, 000016.650, 143
Trd, 000017.667, 144
Trd, 000018.050, 144
Trd, 000018.417, 143
Trd, 000018.867, 142
Trd, 000020.117, 141
Trd, 000020.417, 143
Trd, 000020.617, 142
Trd, 000021.033, 142.0
Trd, 000021.800, 141.0
Trd, 000022.767, 143
Trd, 000022.800, 142
Trd, 000022.850, 144.0
Trd, 000024.033, 162.0
Trd, 000024.067, 163
Trd, 000024.550, 153
Trd, 000024.967, 153
Trd, 000025.200, 151
Trd, 000025.267, 142
Trd, 000026.083, 150
Trd, 000026.200, 143
Trd, 000027.217, 142
Trd, 000027.683, 149
Trd, 000028.050, 149
Trd, 000028.850, 162.0
Trd, 000029.133, 154
Trd, 000029.300, 154
Trd, 000030.267, 153
Trd, 000030.283, 152
Trd, 000031.367, 159
Trd, 000031.467, 160
Trd, 000033.200, 156
Trd, 000033.217, 155
Trd, 000033.550, 155
Trd, 000034.117, 156
Trd, 000034.583, 156
Trd, 000034.633, 155
Trd, 000035.000, 157
Trd, 000035.467, 155
Trd, 000035.517, 152
Trd, 000036.233, 153
Trd, 000036.750, 152
Trd, 000037.450, 146
Trd, 000038.583, 149
Trd, 000038.733, 152
Trd, 000039.033, 152
Trd, 000039.267, 143
Trd, 000039.650, 151
Trd, 000040.567, 146
Trd, 000040.633, 145.0
Trd, 000041.267, 146
Trd, 000041.467, 145
Trd, 000042.417, 143
Trd, 000043.000, 143
Trd, 000043.233, 130
Trd, 000043.617, 141
Trd, 000043.917, 141
Trd, 000044.050, 147
Trd, 000044.867, 140
Trd, 000045.183, 148
Trd, 000045.233, 143
Trd, 000047.033, 142
Trd, 000047.083, 141
Trd, 000047.233, 142
Trd, 000047.350, 142.0
Trd, 000047.550, 141.0
Trd, 000047.717, 140
Trd, 000048.883, 138
Trd, 000049.200, 139
Trd, 000049.533, 124.0
Trd, 000050.117, 138
Trd, 000050.317, 144.0
Trd, 000050.733, 147
Trd, 000050.983, 148
Trd, 000051.217, 162
Trd, 000051.683, 137
Trd, 000052.683, 143.0
Trd, 000052.750, 144.0
Trd, 000052.767, 137
Trd, 000053.600, 149
Trd, 000053.783, 148
Trd, 000054.283, 161
Trd, 000055.350, 151
Trd, 000055.667, 149
Trd, 000056.950, 149
Trd, 000058.217, 148
Trd, 000058.400, 147
Trd, 000059.217, 143
Trd, 000059.417, 146
Trd, 000059.617, 147
Trd, 000060.283, 144.0
Trd, 000060.450, 147
Trd, 000060.950, 162
Trd, 000061.183, 145
Trd, 000061.717, 146
Trd, 000063.017, 148
Trd, 000064.133, 146
Trd, 000064.933, 146
Trd, 000065.200, 146
Trd, 000065.517, 147
Trd, 000065.600, 146
Trd, 000065.733, 148
Trd, 000066.033, 145
Trd, 000066.133, 144
Trd, 000066.933, 143
Trd, 000067.167, 149
Trd, 000068.150, 145
Trd, 000068.700, 145
Trd, 000068.883, 143
Trd, 000070.000, 144.0
Trd, 000070.250, 148
Trd, 000070.533, 143
Trd, 000071.200, 145
Trd, 000071.217, 144
Trd, 000071.383, 145
Trd, 000071.650, 145
Trd, 000071.917, 172.0
Trd, 000072.850, 143
Trd, 000072.933, 153
Trd, 000074.167, 151
Trd, 000074.617, 149
Trd, 000075.883, 146.0
Trd, 000076.067, 148
Trd, 000076.117, 145.0
Trd, 000076.267, 144.0
Trd, 000076.650, 141.0
Trd, 000077.800, 142
Trd, 000078.117, 143
Trd, 000078.417, 141.0
Trd, 000078.700, 142
Trd, 000078.800, 142
Trd, 000078.850, 139
Trd, 000079.667, 144.0
Trd, 000080.183, 145
Trd, 000081.750, 142
Trd, 000082.683, 145
Trd, 000082.750, 144
Trd, 000083.067, 146
Trd, 000084.100, 143
Trd, 000084.133, 143
Trd, 000084.283, 142
Trd, 000084.750, 147
Trd, 000084.817, 148
Trd, 000085.667, 141.0
Trd, 000086.200, 147
Trd, 000086.350, 150
Trd, 000086.733, 139
Trd, 000087.850, 154
Trd, 000088.200, 154
Trd, 000089.283, 159
Trd, 000089.383, 154
Trd, 000089.800, 153
Trd, 000089.833, 154
Trd, 000089.883, 141.0
Trd, 000090.717, 149
Trd, 000091.017, 143
Trd, 000092.183, 143.0
Trd, 000092.783, 144.0
Trd, 000092.850, 148
Trd, 000093.600, 155
Trd, 000094.767, 147
Trd, 000095.733, 146
Trd, 000095.867, 146
Trd, 000095.917, 143
Trd, 000097.400, 144.0
Trd, 000097.650, 144.0
Trd, 000098.083, 143.0
Trd, 000099.333, 141.0
Trd, 000099.567, 142
Trd, 000099.750, 141
Trd, 000100.050, 142
Trd, 000100.450, 140
Trd, 000101.067, 140
Trd, 000101.467, 141
Trd, 000101.683, 139
Trd, 000102.333, 139
Trd, 000102.633, 139
Trd, 000102.933, 140
Trd, 000103.283, 140
Trd, 000104.167, 140
Trd, 000104.233, 142
Trd, 000104.950, 148
Trd, 000105.300, 149
Trd, 000105.683, 149
Trd, 000106.233, 149
Trd, 000106.483, 148
Trd, 000106.767, 160
Trd, 000107.517, 148
Trd, 000108.183, 147
Trd, 000108.650, 152
Trd, 000110.333, 148
Trd, 000110.750, 145
Trd, 000110.783, 147
Trd, 000111.117, 146
Trd, 000111.783, 144.0
Trd, 000112.333, 144
Trd, 000113.233, 144
Trd, 000113.917, 143
Trd, 000113.933, 145
Trd, 000114.750, 145
Trd, 000115.900, 145
Trd, 000116.250, 144
Trd, 000116.317, 145
Trd, 000116.567, 144
Trd, 000117.017, 147
Trd, 000117.200, 148
Trd, 000117.917, 138
Trd, 000118.100, 138
Trd, 000118.117, 138
Trd, 000118.150, 127.0
Trd, 000118.283, 119
Trd, 000118.967, 133.0
Trd, 000118.983, 134.0
Trd, 000119.883, 139.0
Trd, 000120.483, 141.0
Trd, 000120.733, 140
Trd, 000121.733, 137
Trd, 000121.867, 136
Trd, 000122.033, 144.0
Trd, 000122.450, 146
Trd, 000123.100, 143
Trd, 000124.183, 148
Trd, 000124.283, 146
Trd, 000125.533, 147
Trd, 000125.800, 159
Trd, 000126.483, 146
Trd, 000126.517, 144
Trd, 000126.617, 145
Trd, 000127.867, 143
Trd, 000128.917, 144.0
Trd, 000129.417, 147
Trd, 000129.567, 148
Trd, 000129.617, 148
Trd, 000130.317, 148
Trd, 000130.733, 149
Trd, 000130.767, 147
Trd, 000131.350, 145
Trd, 000131.400, 150
Trd, 000131.567, 162
Trd, 000132.283, 145
Trd, 000133.583, 144
Trd, 000133.850, 144
Trd, 000134.067, 143
Trd, 000134.100, 142
Trd, 000134.967, 141.0
Trd, 000135.133, 143
Trd, 000135.383, 144
Trd, 000135.767, 144
Trd, 000136.333, 145
Trd, 000136.500, 145
Trd, 000137.033, 145
Trd, 000137.700, 147
Trd, 000137.800, 144
Trd, 000138.667, 148
Trd, 000139.350, 163
Trd, 000139.483, 160
Trd, 000139.767, 189
Trd, 000140.333, 164
Trd, 000140.900, 162
Trd, 000141.400, 165
Trd, 000141.833, 165
Trd, 000142.617, 163
Trd, 000142.967, 162.0
Trd, 000143.467, 158.0
Trd, 000143.567, 143
Trd, 000144.517, 157
Trd, 000144.617, 158
Trd, 000144.650, 159
Trd, 000146.350, 131
Trd, 000146.567, 149
Trd, 000146.883, 144.0
Trd, 000147.033, 147
Trd, 000147.617, 144
Trd, 000149.117, 142.0
Trd, 000149.283, 142
Trd, 000149.500, 141.0
Trd, 000149.917, 128.0
Trd, 000150.883, 141
Trd, 000150.967, 141.0
Trd, 000151.917, 141.0
Trd, 000152.250, 141
Trd, 000152.917, 148
Trd, 000153.800, 143
Trd, 000154.083, 144.0
Trd, 000155.400, 148
Trd, 000156.100, 147
Trd, 000156.800, 146
Trd, 000157.050, 147
Trd, 000157.117, 145
Trd, 000157.833, 148
Trd, 000158.300, 148
Trd, 000158.433, 145
Trd, 000158.650, 143
Trd, 000159.050, 143.0
Trd, 000160.100, 147
Trd, 000160.367, 144
Trd, 000161.667, 145
Trd, 000162.017, 145
Trd, 000162.133, 144
Trd, 000162.667, 144.0
Trd, 000162.783, 145
Trd, 000163.200, 145
Trd, 000163.667, 144
Trd, 000164.517, 144
Trd, 000164.800, 144
Trd, 000165.033, 145
Trd, 000166.650, 147
Trd, 000166.867, 144
Trd, 000167.233, 147
Trd, 000167.517, 145
Trd, 000167.533, 148
Trd, 000168.000, 144
Trd, 000168.783, 144
Trd, 000169.283, 149
Trd, 000169.533, 144
Trd, 000170.300, 153
Trd, 000170.883, 151
Trd, 000171.333, 155
Trd, 000171.617, 145
Trd, 000171.650, 143
Trd, 000172.700, 142
Trd, 000173.767, 143.0
Trd, 000173.800, 141.0
Trd, 000173.900, 144.0
Trd, 000174.583, 145
Trd, 000174.983, 144
Trd, 000175.367, 145
Trd, 000176.000, 144
Trd, 000176.400, 146
Trd, 000176.517, 147
Trd, 000176.917, 144
Trd, 000176.933, 148
Trd, 000178.200, 144
Trd, 000178.317, 141.0
Trd, 000179.050, 142
Trd, 000180.683, 141
Trd, 000180.967, 141
Trd, 000181.250, 142
Trd, 000181.800, 144.0
Trd, 000183.467, 139
Trd, 000183.600, 142
Trd, 000184.217, 138
Trd, 000184.383, 141.0
Trd, 000184.600, 142
Trd, 000184.900, 140
Trd, 000185.500, 138
Trd, 000186.517, 147
Trd, 000187.500, 140
Trd, 000188.483, 142
Trd, 000188.533, 140
Trd, 000189.000, 138
Trd, 000189.933, 137
Trd, 000190.133, 140
Trd, 000190.467, 141
Trd, 000190.833, 141
Trd, 000190.933, 137
Trd, 000191.417, 141.0
Trd, 000192.083, 142.0
Trd, 000192.400, 141
Trd, 000192.900, 144.0
Trd, 000193.367, 140
Trd, 000193.983, 152
Trd, 000194.083, 145
Trd, 000194.583, 147
Trd, 000195.617, 178
Trd, 000195.983, 173.0
Trd, 000196.033, 172.0
Trd, 000197.133, 166
Trd, 000197.467, 141.0
Trd, 000197.800, 167
Trd, 000198.100, 160
Trd, 000200.300, 160
Trd, 000200.717, 160
Trd, 000200.767, 161
Trd, 000201.117, 159.0
Trd, 000201.317, 158.0
Trd, 000201.633, 162
Trd, 000203.633, 157
Trd, 000203.650, 141
Trd, 000203.783, 132
Trd, 000203.883, 160
Trd, 000204.283, 141.0
Trd, 000205.550, 155
Trd, 000206.100, 155
Trd, 000206.150, 156
Trd, 000207.650, 153
Trd, 000207.667, 152
Trd, 000208.367, 151
Trd, 000209.283, 153
Trd, 000209.783, 153
Trd, 000210.333, 154
Trd, 000210.350, 153
Trd, 000210.467, 155
Trd, 000210.867, 152
Trd, 000211.200, 152
Trd, 000211.500, 144.0
Trd, 000211.550, 155
Trd, 000211.700, 156
Trd, 000213.067, 162
Trd, 000213.383, 158
Trd, 000213.550, 145
Trd, 000214.033, 154
Trd, 000215.067, 154
Trd, 000215.300, 155
Trd, 000215.650, 145
Trd, 000216.600, 152
Trd, 000217.167, 155
Trd, 000217.333, 151
Trd, 000218.950, 153
Trd, 000220.033, 152
Trd, 000220.200, 152
Trd, 000220.850, 151
Trd, 000221.467, 149
Trd, 000221.783, 149
Trd, 000222.417, 151
Trd, 000222.517, 151
Trd, 000222.967, 150
Trd, 000223.067, 150
Trd, 000224.100, 149
Trd, 000224.217, 147
Trd, 000224.583, 150
Trd, 000225.167, 148
Trd, 000227.500, 147
Trd, 000227.583, 148
Trd, 000227.733, 148
Trd, 000227.967, 148
Trd, 000228.700, 146
Trd, 000229.617, 145
Trd, 000230.067, 148
Trd, 000230.100, 150
Trd, 000230.117, 145
Trd, 000230.767, 144
Trd, 000232.067, 144
Trd, 000232.317, 145
Trd, 000232.667, 145
Trd, 000233.083, 143
Trd, 000233.367, 146
Trd, 000233.567, 132
Trd, 000233.700, 127.0
Trd, 000234.300, 134.0
Trd, 000234.367, 139
Trd, 000234.633, 136
Trd, 000235.767, 139
Trd, 000235.883, 141
Trd, 000236.817, 139
Trd, 000236.900, 140
Trd, 000237.567, 137
Trd, 000238.550, 138
Trd, 000238.683, 139
Trd, 000238.883, 138
Trd, 000239.233, 144.0
Trd, 000239.833, 148
Trd, 000240.200, 140
Trd, 000240.417, 140
Trd, 000241.383, 143
Trd, 000241.617, 144
Trd, 000241.633, 144
Trd, 000241.700, 144.0
Trd, 000241.833, 145
Trd, 000242.133, 144.0
Trd, 000242.317, 142
Trd, 000243.450, 140
Trd, 000243.933, 144
Trd, 000244.133, 141.0
Trd, 000244.183, 142
Trd, 000244.733, 144
Trd, 000245.033, 137.0
Trd, 000245.250, 136.0
Trd, 000245.967, 143
Trd, 000246.150, 144
Trd, 000247.317, 144
Trd, 000247.900, 145
Trd, 000248.067, 143.0
Trd, 000248.600, 143
Trd, 000249.117, 141.0
Trd, 000249.250, 143
Trd, 000249.700, 144.0
Trd, 000250.450, 143
Trd, 000250.883, 141
Trd, 000251.217, 142.0
Trd, 000251.283, 148
Trd, 000252.217, 143.0
Trd, 000252.467, 144.0
Trd, 000252.633, 144
Trd, 000253.450, 144
Trd, 000253.533, 143
Trd, 000253.833, 142
Trd, 000255.050, 143
Trd, 000255.400, 141.0
Trd, 000255.550, 142
Trd, 000256.133, 142
Trd, 000256.200, 145
Trd, 000256.383, 141
Trd, 000256.400, 147
Trd, 000257.150, 147
Trd, 000257.517, 141.0
Trd, 000257.667, 139
Trd, 000258.167, 147
Trd, 000259.233, 144
Trd, 000259.733, 143
Trd, 000259.783, 143
Trd, 000260.267, 142
Trd, 000260.567, 148
Trd, 000260.600, 148
Trd, 000260.617, 147
Trd, 000261.083, 155
Trd, 000261.133, 146
Trd, 000261.367, 162
Trd, 000262.950, 162.0
Trd, 000263.300, 161
Trd, 000263.433, 163.0
Trd, 000263.517, 159.0
Trd, 000263.650, 159
Trd, 000263.833, 158.0
Trd, 000264.650, 143
Trd, 000264.833, 162
Trd, 000265.400, 145.0
Trd, 000265.483, 160
Trd, 000266.083, 160
Trd, 000266.150, 141.0
Trd, 000266.500, 150
Trd, 000268.417, 146
Trd, 000268.433, 148
Trd, 000268.533, 150
Trd, 000268.833, 145
Trd, 000269.100, 154
Trd, 000269.400, 146
Trd, 000270.017, 147
Trd, 000270.650, 147
Trd, 000270.733, 149
Trd, 000271.267, 150
Trd, 000271.817, 149
Trd, 000272.117, 147
Trd, 000273.250, 149
Trd, 000274.250, 146
Trd, 000274.867, 150
Trd, 000275.767, 147
Trd, 000275.817, 146
Trd, 000275.950, 145
Trd, 000276.167, 141.0
Trd, 000276.183, 142
Trd, 000276.300, 148
Trd, 000277.100, 143
Trd, 000277.283, 146
Trd, 000277.800, 148
Trd, 000278.167, 142
Trd, 000278.300, 141
Trd, 000278.333, 144.0
Trd, 000278.417, 148
Trd, 000278.883, 141.0
Trd, 000279.167, 139
Trd, 000279.350, 149
Trd, 000279.967, 131.0
Trd, 000279.983, 146
Trd, 000281.100, 142.0
Trd, 000281.450, 143
Trd, 000282.617, 144
Trd, 000282.917, 144
Trd, 000283.267, 148
Trd, 000283.450, 147
Trd, 000283.483, 144.0
Trd, 000284.000, 150
Trd, 000284.450, 150
Trd, 000284.600, 147
Trd, 000284.617, 145
Trd, 000285.667, 141.0
Trd, 000285.683, 142.0
Trd, 000286.283, 142
Trd, 000286.750, 142
Trd, 000286.783, 143.0
Trd, 000287.217, 144.0
Trd, 000287.483, 149
Trd, 000289.033, 146
Trd, 000290.000, 147
Trd, 000290.500, 148
Trd, 000290.617, 155
Trd, 000291.000, 144
Trd, 000291.467, 149
Trd, 000291.633, 154
Trd, 000292.000, 148
Trd, 000292.067, 134
Trd, 000292.833, 149
Trd, 000293.150, 145
Trd, 000293.267, 150
Trd, 000293.783, 148
Trd, 000294.183, 150
Trd, 000294.550, 146
Trd, 000294.850, 144.0
Trd, 000295.167, 143
Trd, 000295.933, 148
Trd, 000296.117, 148
Trd, 000296.167, 150
Trd, 000296.417, 168.0
Trd, 000296.650, 150
Trd, 000297.133, 145
Trd, 000297.150, 141.0
Trd, 000298.083, 145
Trd, 000298.300, 136
Trd, 000298.367, 153
Trd, 000299.217, 172.0
