Trd, 000002.767, 148
Trd, 000002.883, 149
Trd, 000002.917, 152
Trd, 000003.917, 150.0
Trd, 000004.233, 154
Trd, 000005.033, 149.0
Trd, 000005.617, 146
Trd, 000005.733, 151
Trd, 000006.750, 144.0
Trd, 000006.833, 144
Trd, 000007.283, 147
Trd, 000008.183, 147
Trd, 000008.233, 145
Trd, 000008.850, 143
Trd, 000009.617, 144.0
Trd, 000009.900, 145
Trd, 000010.133, 148.0
Trd, 000010.583, 149
Trd, 000011.633, 150
Trd, 000012.350, 146
Trd, 000012.517, 148
Trd, 000013.533, 150
Trd, 000013.817, 151
Trd, 000013.950, 150
Trd, 000014.367, 155
Trd, 000014.700, 162.0
Trd, 000014.800, 160
Trd, 000015.150, 155
Trd, 000015.400, 153
Trd, 000015.650, 150
Trd, 000016.750, 147
Trd, 000017.850, 153
Trd, 000018.250, 153
Trd, 000019.133, 165
Trd, 000020.917, 158
Trd, 000020.950, 157
Trd, 000022.183, 159
Trd, 000022.233, 156
Trd, 000022.967, 156
Trd, 000023.617, 155
Trd, 000023.967, 152
Trd, 000024.017, 151.0
Trd, 000025.367, 153
Trd, 000025.583, 154
Trd, 000025.867, 154
Trd, 000026.633, 154
Trd, 000028.400, 151.0
Trd, 000028.733, 151
Trd, 000028.883, 151
Trd, 000029.083, 152
Trd, 000029.400, 150
Trd, 000030.467, 150
Trd, 000030.800, 148
Trd, 000030.967, 153
Trd, 000031.167, 155
Trd, 000032.750, 152
Trd, 000032.767, 153
Trd, 000034.317, 150
Trd, 000034.683, 150
Trd, 000034.767, 149
Trd, 000035.567, 149
Trd, 000036.317, 148
Trd, 000036.617, 152
Trd, 000037.517, 152
Trd, 000038.483, 150
Trd, 000038.900, 149
Trd, 000039.233, 149
Trd, 000039.817, 145.0
Trd, 000040.433, 148
Trd, 000040.867, 148
Trd, 000041.217, 148
Trd, 000041.433, 148
Trd, 000042.567, 148
Trd, 000042.600, 148
Trd, 000042.817, 145
Trd, 000043.183, 146.0
Trd, 000043.733, 144.0
Trd, 000043.767, 146.0
Trd, 000044.250, 147
Trd, 000044.550, 147.0
Trd, 000044.750, 148.0
Trd, 000044.817, 148
Trd, 000045.600, 151
Trd, 000046.550, 150
Trd, 000046.833, 156
Trd, 000047.550, 148
Trd, 000047.867, 162.0
Trd, 000048.533, 155
Trd, 000050.150, 159
Trd, 000050.800, 158
Trd, 000051.083, 157
Trd, 000051.333, 156
Trd, 000051.933, 155.0
Trd, 000052.550, 144.0
Trd, 000053.800, 152
Trd, 000053.967, 153
Trd, 000055.267, 152
Trd, 000055.317, 152
Trd, 000055.667, 151
Trd, 000055.933, 150
Trd, 000056.733, 151
Trd, 000057.167, 150
Trd, 000057.883, 152
Trd, 000058.183, 151
Trd, 000058.200, 151.0
Trd, 000059.817, 151
Trd, 000059.883, 150
Trd, 000060.133, 146
Trd, 000060.183, 144.0
Trd, 000060.650, 154
Trd, 000062.017, 154
Trd, 000062.550, 154
Trd, 000063.100, 148
Trd, 000063.133, 155
Trd, 000064.067, 151
Trd, 000064.467, 150
Trd, 000064.883, 151
Trd, 000065.850, 149
Trd, 000066.000, 150
Trd, 000066.217, 150
Trd, 000066.250, 149
Trd, 000067.300, 149
Trd, 000067.983, 150
Trd, 000069.217, 148
Trd, 000069.450, 149
Trd, 000069.750, 148
Trd, 000069.800, 147
Trd, 000070.017, 150
Trd, 000070.033, 151
Trd, 000072.867, 155
Trd, 000073.667, 148
Trd, 000073.867, 148
Trd, 000074.617, 149
Trd, 000075.167, 150
Trd, 000075.417, 151
Trd, 000075.917, 151
Trd, 000076.317, 149
Trd, 000078.050, 150
Trd, 000078.083, 149
Trd, 000078.600, 150
Trd, 000078.717, 151
Trd, 000078.783, 148
Trd, 000080.117, 151
Trd, 000080.183, 148
Trd, 000080.950, 150
Trd, 000081.017, 151
Trd, 000081.583, 162
Trd, 000082.033, 149
Trd, 000082.983, 151
Trd, 000083.067, 150
Trd, 000084.550, 148
Trd, 000084.633, 150
Trd, 000084.967, 147
Trd, 000085.767, 147
Trd, 000086.333, 148
Trd, 000087.767, 144.0
Trd, 000088.000, 148
Trd, 000088.800, 143
Trd, 000088.967, 147
Trd, 000089.200, 150
Trd, 000089.317, 142
Trd, 000089.967, 147
Trd, 000089.983, 150
Trd, 000090.283, 146
Trd, 000091.550, 148
Trd, 000092.033, 147
Trd, 000092.550, 148
Trd, 000093.033, 148
Trd, 000093.133, 147
Trd, 000093.617, 148
Trd, 000094.483, 151
Trd, 000094.617, 150
Trd, 000095.117, 152
Trd, 000095.650, 153
Trd, 000097.333, 154
Trd, 000097.750, 147
Trd, 000098.500, 152
Trd, 000098.550, 150
Trd, 000099.817, 150
Trd, 000100.883, 149
Trd, 000101.000, 149
Trd, 000101.900, 150
Trd, 000102.133, 148
Trd, 000102.533, 150
Trd, 000103.050, 151
Trd, 000103.350, 150
Trd, 000103.533, 151
Trd, 000104.800, 154
Trd, 000105.350, 155
Trd, 000106.317, 152
Trd, 000106.617, 152.0
Trd, 000107.067, 151.0
Trd, 000107.550, 152
Trd, 000107.867, 151
Trd, 000108.483, 152
Trd, 000108.500, 152
Trd, 000108.783, 152
Trd, 000110.400, 149
Trd, 000110.533, 152
Trd, 000112.183, 152
Trd, 000112.233, 153
Trd, 000112.600, 151.0
Trd, 000112.683, 154
Trd, 000113.817, 152
Trd, 000113.983, 152.0
Trd, 000114.100, 151.0
Trd, 000114.817, 153
Trd, 000115.600, 154
Trd, 000115.733, 152
Trd, 000116.700, 151
Trd, 000117.367, 154
Trd, 000117.733, 155
Trd, 000118.417, 154
Trd, 000118.950, 160
Trd, 000119.317, 161.0
Trd, 000119.683, 158
Trd, 000120.150, 156
Trd, 000121.467, 152.0
Trd, 000121.733, 151.0
Trd, 000123.133, 150
Trd, 000123.467, 151
Trd, 000123.767, 150
Trd, 000124.250, 150
Trd, 000124.867, 149
Trd, 000124.883, 144.0
Trd, 000125.383, 149
Trd, 000125.417, 154
Trd, 000125.833, 154
Trd, 000127.083, 147
Trd, 000128.100, 151
Trd, 000129.033, 148
Trd, 000129.300, 147
Trd, 000129.817, 148.0
Trd, 000129.883, 149
Trd, 000130.067, 151
Trd, 000130.150, 155
Trd, 000131.150, 147
Trd, 000133.067, 150
Trd, 000133.467, 150
Trd, 000133.700, 148
Trd, 000133.933, 147
Trd, 000134.833, 145.0
Trd, 000134.967, 145
Trd, 000135.283, 144.0
Trd, 000135.717, 148
Trd, 000136.233, 148.0
Trd, 000136.350, 151
Trd, 000136.483, 152
Trd, 000136.717, 155
Trd, 000138.050, 146
Trd, 000138.667, 146
Trd, 000138.683, 144
Trd, 000139.467, 147
Trd, 000140.167, 147.0
Trd, 000141.100, 146
Trd, 000141.167, 147
Trd, 000141.433, 148
Trd, 000141.817, 148
Trd, 000142.167, 149
Trd, 000142.683, 144.0
Trd, 000142.867, 144
Trd, 000143.100, 148
Trd, 000145.067, 148
Trd, 000145.317, 147.0
Trd, 000145.850, 147.0
Trd, 000146.417, 148
Trd, 000146.850, 149
Trd, 000147.483, 148.0
Trd, 000147.850, 147
Trd, 000148.100, 147
Trd, 000148.333, 146.0
Trd, 000148.600, 148.0
Trd, 000150.817, 148
Trd, 000151.133, 148
Trd, 000151.400, 146
Trd, 000152.333, 147
Trd, 000152.767, 146
Trd, 000153.100, 147
Trd, 000153.567, 147
Trd, 000154.167, 149
Trd, 000155.133, 149
Trd, 000155.450, 149
Trd, 000156.517, 147
Trd, 000157.083, 148
Trd, 000157.100, 148.0
Trd, 000157.783, 155
Trd, 000157.867, 153
Trd, 000158.250, 155
Trd, 000158.733, 168
Trd, 000159.233, 178.0
Trd, 000160.350, 157
Trd, 000161.017, 157
Trd, 000161.283, 158.0
Trd, 000162.050, 155.0
Trd, 000162.500, 156
Trd, 000162.967, 155
Trd, 000163.050, 151.0
Trd, 000163.417, 146
Trd, 000163.883, 155
Trd, 000164.467, 156
Trd, 000164.983, 155
Trd, 000166.083, 152
Trd, 000166.317, 151.0
Trd, 000166.750, 150
Trd, 000166.850, 148
Trd, 000166.933, 147
Trd, 000168.183, 148
Trd, 000168.450, 148
Trd, 000168.817, 151
Trd, 000169.433, 148
Trd, 000169.450, 149
Trd, 000170.983, 149
Trd, 000171.083, 148
Trd, 000171.300, 149
Trd, 000171.583, 149
Trd, 000172.017, 147
Trd, 000172.067, 150
Trd, 000172.833, 151
Trd, 000174.500, 152
Trd, 000174.867, 151
Trd, 000175.133, 151
Trd, 000175.617, 151
Trd, 000176.367, 150
Trd, 000176.517, 150
Trd, 000179.217, 152
Trd, 000179.367, 155
Trd, 000179.700, 160.0
Trd, 000179.733, 152
Trd, 000179.950, 150
Trd, 000181.017, 155
Trd, 000181.367, 153
Trd, 000182.033, 155
Trd, 000182.617, 155
Trd, 000182.750, 149
Trd, 000184.033, 149
Trd, 000184.133, 147
Trd, 000184.800, 147
Trd, 000184.850, 148
Trd, 000185.317, 150
Trd, 000185.567, 151
Trd, 000185.933, 150
Trd, 000186.233, 150
Trd, 000187.383, 149
Trd, 000187.667, 148
Trd, 000187.750, 149
Trd, 000188.267, 151
Trd, 000188.667, 146
Trd, 000190.500, 150
Trd, 000191.050, 151
Trd, 000191.083, 152
Trd, 000191.700, 147
Trd, 000192.150, 149
Trd, 000192.417, 152
Trd, 000192.733, 162
Trd, 000192.850, 148
Trd, 000193.150, 146
Trd, 000194.117, 153
Trd, 000194.417, 148
Trd, 000196.083, 149.0
Trd, 000196.433, 149
Trd, 000196.517, 150
Trd, 000197.083, 149.0
Trd, 000197.433, 150
Trd, 000197.467, 154
Trd, 000198.767, 150
Trd, 000198.883, 149
Trd, 000199.383, 148
Trd, 000199.450, 150
Trd, 000200.567, 150
Trd, 000201.283, 151
Trd, 000201.617, 151
Trd, 000201.767, 150
Trd, 000203.283, 150
Trd, 000203.783, 148
Trd, 000204.050, 149
Trd, 000204.817, 147.0
Trd, 000206.133, 147
Trd, 000206.200, 146.0
Trd, 000207.383, 147
Trd, 000207.633, 147
Trd, 000208.517, 146
Trd, 000209.100, 145
Trd, 000210.000, 142
Trd, 000210.283, 144.0
Trd, 000210.800, 146
Trd, 000212.033, 145
Trd, 000212.150, 145
Trd, 000212.333, 146
Trd, 000213.750, 146.0
Trd, 000214.917, 147.0
Trd, 000215.950, 146
Trd, 000216.100, 148.0
Trd, 000216.467, 151
Trd, 000216.967, 147
Trd, 000217.100, 149
Trd, 000219.200, 149
Trd, 000219.300, 147
Trd, 000219.317, 150
Trd, 000220.150, 146
Trd, 000220.350, 150
Trd, 000220.617, 147
Trd, 000220.683, 148
Trd, 000221.350, 150
Trd, 000221.617, 151
Trd, 000222.067, 148
Trd, 000222.100, 146
Trd, 000222.483, 148
Trd, 000222.600, 155
Trd, 000223.667, 144.0
Trd, 000224.400, 121
Trd, 000224.633, 127.0
Trd, 000226.317, 142
Trd, 000226.367, 142
Trd, 000226.650, 143
Trd, 000227.033, 150
Trd, 000228.017, 141
Trd, 000228.350, 144.0
Trd, 000228.817, 144
Trd, 000230.133, 144
Trd, 000230.417, 143
Trd, 000232.017, 144
Trd, 000232.200, 147
Trd, 000232.350, 150
Trd, 000233.333, 147
Trd, 000233.817, 148.0
Trd, 000234.450, 147
Trd, 000234.633, 149
Trd, 000234.667, 151
Trd, 000235.883, 149
Trd, 000236.067, 154
Trd, 000236.267, 151
Trd, 000237.650, 151
Trd, 000237.767, 152
Trd, 000238.017, 152
Trd, 000238.117, 150
Trd, 000238.367, 150
Trd, 000239.767, 149
Trd, 000240.083, 149
Trd, 000240.533, 150
Trd, 000240.733, 149
Trd, 000240.783, 149
Trd, 000241.733, 150
Trd, 000242.017, 148
Trd, 000242.183, 149
Trd, 000242.433, 150
Trd, 000242.517, 152
Trd, 000242.800, 151
Trd, 000242.833, 152
Trd, 000243.233, 149
Trd, 000243.300, 144.0
Trd, 000243.617, 144
Trd, 000245.917, 143.0
Trd, 000246.117, 143
Trd, 000246.200, 142
Trd, 000246.533, 144.0
Trd, 000246.567, 149
Trd, 000246.933, 141.0
Trd, 000248.467, 148
Trd, 000248.483, 149
Trd, 000248.833, 151
Trd, 000249.817, 151
Trd, 000249.967, 150
Trd, 000250.183, 149
Trd, 000250.467, 147
Trd, 000250.517, 150
Trd, 000250.617, 150
Trd, 000250.683, 147
Trd, 000251.217, 147
Trd, 000251.917, 147
Trd, 000252.083, 150
Trd, 000252.567, 150
Trd, 000252.700, 150
Trd, 000253.233, 151
Trd, 000253.350, 150
Trd, 000254.167, 147
Trd, 000254.200, 147
Trd, 000254.350, 148
Trd, 000255.017, 149
Trd, 000255.483, 149
Trd, 000256.433, 150
Trd, 000256.933, 148
Trd, 000258.067, 148.0
Trd, 000258.317, 149
Trd, 000258.383, 150
Trd, 000258.600, 147
Trd, 000258.667, 146
Trd, 000258.817, 145
Trd, 000259.550, 145.0
Trd, 000259.700, 151
Trd, 000259.750, 151
Trd, 000260.217, 155
Trd, 000260.733, 166
Trd, 000261.117, 152.0
Trd, 000261.333, 153
Trd, 000261.883, 151
Trd, 000262.950, 150
Trd, 000262.967, 152
Trd, 000263.083, 150
Trd, 000263.100, 152
Trd, 000264.050, 149
Trd, 000264.967, 150
Trd, 000265.017, 148
Trd, 000265.467, 149
Trd, 000265.650, 148
Trd, 000265.883, 149
Trd, 000266.083, 148
Trd, 000267.150, 152
Trd, 000267.233, 155
Trd, 000267.383, 157
Trd, 000267.850, 160.0
Trd, 000268.133, 158
Trd, 000268.450, 154
Trd, 000268.983, 147
Trd, 000269.250, 155.0
Trd, 000269.683, 150
Trd, 000270.650, 151.0
Trd, 000271.033, 147
Trd, 000271.417, 155.0
Trd, 000272.067, 147
Trd, 000272.183, 154
Trd, 000272.217, 146
Trd, 000273.850, 148
Trd, 000274.217, 149
Trd, 000275.017, 146
Trd, 000275.133, 149
Trd, 000275.267, 148
Trd, 000275.967, 148
Trd, 000276.483, 147
Trd, 000276.850, 147
Trd, 000277.217, 148
Trd, 000277.800, 150
Trd, 000278.283, 151
Trd, 000278.400, 146
Trd, 000278.667, 146
Trd, 000278.750, 155
Trd, 000279.333, 150
Trd, 000279.867, 150
Trd, 000280.117, 151
Trd, 000280.333, 150
Trd, 000280.717, 149
Trd, 000281.000, 148
Trd, 000282.233, 149
Trd, 000282.250, 151
Trd, 000282.317, 147
Trd, 000282.900, 151
Trd, 000283.150, 146
Trd, 000283.333, 153.0
Trd, 000283.933, 144.0
Trd, 000284.433, 147
Trd, 000285.683, 147
Trd, 000286.200, 150
Trd, 000286.633, 148
Trd, 000287.117, 148
Trd, 000287.367, 148.0
Trd, 000287.600, 149
Trd, 000287.667, 146
Trd, 000288.600, 145
Trd, 000288.667, 146
Trd, 000289.333, 144.0
Trd, 000290.267, 151
Trd, 000290.367, 144.0
Trd, 000290.650, 141.0
Trd, 000291.000, 145.0
Trd, 000291.317, 153
Trd, 000291.467, 153
Trd, 000292.517, 149
Trd, 000292.983, 147.0
Trd, 000293.567, 150
Trd, 000293.917, 148
Trd, 000294.500, 154
Trd, 000294.567, 155
Trd, 000296.467, 149
Trd, 000296.600, 151
Trd, 000296.733, 149
Trd, 000297.200, 150
Trd, 000297.267, 151
Trd, 000297.333, 148
Trd, 000297.617, 146
Trd, 000297.933, 150
Trd, 000298.333, 159
Trd, 000299.033, 151
Trd, 000299.400, 152
