Trd, 000001.167, 132
Trd, 000002.133, 135
Trd, 000002.250, 148.0
Trd, 000002.750, 133
Trd, 000003.567, 137.0
Trd, 000004.433, 132.0
Trd, 000005.083, 133.0
Trd, 000005.150, 134.0
Trd, 000005.267, 141.0
Trd, 000005.483, 134.0
Trd, 000005.667, 158.0
Trd, 000006.583, 162.0
Trd, 000006.850, 157
Trd, 000007.483, 159
Trd, 000008.517, 150.0
Trd, 000008.900, 150.0
Trd, 000010.400, 162.0
Trd, 000010.583, 169.0
Trd, 000011.083, 151.0
Trd, 000011.550, 166
Trd, 000012.000, 149.0
Trd, 000012.450, 152
Trd, 000013.817, 149
Trd, 000014.933, 152
Trd, 000016.033, 152
Trd, 000016.117, 153
Trd, 000016.833, 152
Trd, 000017.283, 152
Trd, 000017.483, 153
Trd, 000018.217, 158.0
Trd, 000018.517, 152
Trd, 000019.800, 162.0
Trd, 000019.833, 156
Trd, 000020.383, 167
Trd, 000020.983, 160
Trd, 000022.650, 161
Trd, 000022.833, 164
Trd, 000023.850, 163
Trd, 000024.167, 171
Trd, 000025.967, 164.0
Trd, 000026.217, 162.0
Trd, 000026.533, 161
Trd, 000027.033, 164
Trd, 000027.767, 155.0
Trd, 000028.350, 158
Trd, 000028.983, 155
Trd, 000029.350, 154.0
Trd, 000029.650, 151.0
Trd, 000030.033, 148.0
Trd, 000030.433, 151
Trd, 000031.517, 143
Trd, 000031.600, 150
Trd, 000031.683, 150
Trd, 000032.600, 151.0
Trd, 000033.800, 171
Trd, 000034.617, 156.0
Trd, 000034.933, 155.0
Trd, 000035.500, 160
Trd, 000036.317, 148.0
Trd, 000036.383, 157
Trd, 000036.733, 156
Trd, 000037.567, 147
Trd, 000038.183, 156.0
Trd, 000040.017, 151.0
Trd, 000040.067, 150.0
Trd, 000040.283, 158.0
Trd, 000040.783, 175.0
Trd, 000040.867, 162.0
Trd, 000041.633, 153
Trd, 000041.750, 149.0
Trd, 000042.300, 163.0
Trd, 000042.950, 162.0
Trd, 000044.033, 162
Trd, 000044.283, 164
Trd, 000045.217, 157.0
Trd, 000045.233, 155.0
Trd, 000045.967, 162.0
Trd, 000046.083, 157
Trd, 000046.767, 150
Trd, 000047.033, 148.0
Trd, 000048.183, 162
Trd, 000049.183, 162
Trd, 000050.117, 153.0
Trd, 000050.183, 160
Trd, 000050.383, 154
Trd, 000051.550, 157
Trd, 000052.533, 155
Trd, 000052.633, 151.0
Trd, 000052.983, 148.0
Trd, 000053.050, 156
Trd, 000055.333, 152.0
Trd, 000055.450, 155
Trd, 000056.567, 155
Trd, 000057.033, 154.0
Trd, 000057.533, 153.0
Trd, 000057.650, 153
Trd, 000058.083, 152.0
Trd, 000058.117, 153
Trd, 000058.367, 151.0
Trd, 000058.400, 155
Trd, 000060.050, 149.0
Trd, 000061.650, 141
Trd, 000062.383, 151.0
Trd, 000062.783, 149.0
Trd, 000063.000, 155.0
Trd, 000063.917, 154
Trd, 000064.200, 157.0
Trd, 000064.367, 158.0
Trd, 000065.017, 152
Trd, 000066.217, 150
Trd, 000066.667, 155
Trd, 000066.700, 156
Trd, 000068.100, 151.0
Trd, 000068.200, 152
Trd, 000068.783, 154
Trd, 000069.017, 152.0
Trd, 000069.783, 153
Trd, 000069.817, 151.0
Trd, 000071.200, 155
Trd, 000072.117, 153
Trd, 000074.250, 149
Trd, 000074.417, 151
Trd, 000075.000, 147.0
Trd, 000075.150, 148.0
Trd, 000075.167, 142
Trd, 000076.550, 147
Trd, 000076.617, 149.0
Trd, 000077.500, 149
Trd, 000077.883, 151.0
Trd, 000078.083, 148
Trd, 000078.250, 148.0
Trd, 000078.983, 151
Trd, 000079.700, 151
Trd, 000080.850, 152.0
Trd, 000080.967, 151.0
Trd, 000081.067, 152.0
Trd, 000081.100, 148
Trd, 000082.333, 152.0
Trd, 000082.667, 152
Trd, 000083.350, 150.0
Trd, 000084.533, 148.0
Trd, 000085.333, 151.0
Trd, 000085.767, 149
Trd, 000086.517, 153
Trd, 000086.983, 150.0
Trd, 000087.333, 151.0
Trd, 000087.700, 150
Trd, 000087.767, 158.0
Trd, 000088.067, 162.0
Trd, 000089.083, 143
Trd, 000089.500, 151.0
Trd, 000089.550, 169.0
Trd, 000090.167, 168.0
Trd, 000091.667, 157
Trd, 000092.300, 155
Trd, 000092.433, 155
Trd, 000093.217, 153
Trd, 000093.400, 148.0
Trd, 000094.500, 155
Trd, 000094.950, 156
Trd, 000095.733, 156.0
Trd, 000095.783, 154.0
Trd, 000096.000, 151.0
Trd, 000097.600, 151
Trd, 000099.650, 150
Trd, 000099.817, 149
Trd, 000100.517, 150.0
Trd, 000100.733, 151.0
Trd, 000101.267, 146.0
Trd, 000101.317, 148.0
Trd, 000101.433, 147
Trd, 000102.317, 151.0
Trd, 000102.667, 151
Trd, 000102.983, 149
Trd, 000104.183, 148
Trd, 000104.667, 147
Trd, 000106.083, 146
Trd, 000106.833, 145
Trd, 000107.033, 146
Trd, 000107.750, 146
Trd, 000107.933, 158.0
Trd, 000108.500, 145
Trd, 000108.750, 148
Trd, 000110.683, 151.0
Trd, 000110.783, 152
Trd, 000111.633, 144
Trd, 000111.933, 150
Trd, 000113.617, 147.0
Trd, 000113.833, 147
Trd, 000114.550, 148.0
Trd, 000115.033, 146
Trd, 000115.083, 147
Trd, 000115.450, 146
Trd, 000116.067, 149
Trd, 000116.283, 143
Trd, 000117.100, 142
Trd, 000117.167, 151.0
Trd, 000117.800, 137.0
Trd, 000118.733, 148
Trd, 000119.017, 134.0
Trd, 000119.883, 148
Trd, 000121.067, 146.0
Trd, 000121.433, 145
Trd, 000121.983, 142
Trd, 000122.467, 145
Trd, 000122.517, 145
Trd, 000123.883, 146.0
Trd, 000124.933, 145.0
Trd, 000125.350, 147
Trd, 000125.417, 148.0
Trd, 000126.183, 146
Trd, 000126.667, 148.0
Trd, 000127.683, 149.0
Trd, 000128.367, 150.0
Trd, 000129.417, 151.0
Trd, 000130.000, 172
Trd, 000130.483, 165
Trd, 000130.700, 149
Trd, 000130.717, 148.0
Trd, 000130.933, 148
Trd, 000131.833, 146.0
Trd, 000132.150, 146
Trd, 000132.550, 137.0
Trd, 000134.150, 143
Trd, 000134.800, 143
Trd, 000135.417, 144
Trd, 000135.933, 147.0
Trd, 000136.517, 147
Trd, 000136.800, 148.0
Trd, 000136.867, 151.0
Trd, 000137.383, 158.0
Trd, 000137.783, 149
Trd, 000138.883, 180
Trd, 000139.467, 149
Trd, 000139.533, 148.0
Trd, 000140.117, 154
Trd, 000140.433, 157.0
Trd, 000141.000, 150.0
Trd, 000141.267, 150.0
Trd, 000141.917, 151.0
Trd, 000142.383, 158.0
Trd, 000143.050, 163
Trd, 000144.183, 155
Trd, 000144.733, 151
Trd, 000145.050, 151.0
Trd, 000146.033, 143
Trd, 000146.450, 138.0
Trd, 000147.017, 140
Trd, 000147.533, 138
Trd, 000148.300, 134.0
Trd, 000148.417, 141
Trd, 000148.450, 141.0
Trd, 000149.150, 158.0
Trd, 000149.833, 139
Trd, 000150.183, 140
Trd, 000150.767, 140
Trd, 000151.583, 141
Trd, 000153.000, 139
Trd, 000153.067, 148.0
Trd, 000153.917, 138
Trd, 000154.883, 138
Trd, 000155.567, 141
Trd, 000155.800, 138.0
Trd, 000155.933, 141.0
Trd, 000156.117, 142
Trd, 000156.500, 148.0
Trd, 000157.217, 139
Trd, 000157.933, 149.0
Trd, 000158.017, 151.0
Trd, 000158.233, 158.0
Trd, 000158.300, 138
Trd, 000159.067, 174.0
Trd, 000159.417, 162.0
Trd, 000159.533, 152.0
Trd, 000160.333, 151.0
Trd, 000161.333, 154
Trd, 000162.300, 154
Trd, 000162.417, 161
Trd, 000163.967, 152
Trd, 000164.233, 148.0
Trd, 000164.750, 152.0
Trd, 000164.983, 153
Trd, 000165.217, 152
Trd, 000165.483, 151.0
Trd, 000165.733, 155
Trd, 000166.000, 184
Trd, 000167.017, 151
Trd, 000168.550, 155.0
Trd, 000169.250, 154.0
Trd, 000169.350, 153.0
Trd, 000169.850, 151.0
Trd, 000170.000, 153
Trd, 000170.250, 154
Trd, 000170.550, 154
Trd, 000170.683, 148.0
Trd, 000172.150, 148.0
Trd, 000174.083, 149
Trd, 000174.167, 149
Trd, 000174.867, 150
Trd, 000175.717, 148
Trd, 000176.133, 149
Trd, 000176.417, 150
Trd, 000177.950, 148
Trd, 000178.100, 152
Trd, 000178.567, 151.0
Trd, 000178.850, 148.0
Trd, 000179.117, 172.0
Trd, 000180.783, 155
Trd, 000180.800, 155.0
Trd, 000181.283, 160
Trd, 000181.483, 155.0
Trd, 000181.583, 151.0
Trd, 000182.333, 146.0
Trd, 000182.417, 147.0
Trd, 000183.133, 144
Trd, 000183.733, 146.0
Trd, 000185.383, 144.0
Trd, 000185.817, 144
Trd, 000186.200, 144
Trd, 000186.633, 147
Trd, 000186.950, 145
Trd, 000187.150, 148.0
Trd, 000187.867, 149.0
Trd, 000188.133, 144
Trd, 000188.783, 145
Trd, 000190.033, 145
Trd, 000190.567, 146
Trd, 000190.617, 142
Trd, 000191.567, 143.0
Trd, 000191.733, 144.0
Trd, 000191.950, 148.0
Trd, 000192.200, 158.0
Trd, 000192.583, 147
Trd, 000193.783, 158
Trd, 000194.933, 163
Trd, 000195.800, 161
Trd, 000196.033, 171.0
Trd, 000196.317, 156
Trd, 000197.083, 155.0
Trd, 000197.450, 151.0
Trd, 000197.683, 156
Trd, 000198.100, 151.0
Trd, 000198.417, 148.0
Trd, 000198.500, 157.0
Trd, 000198.567, 158.0
Trd, 000199.083, 152.0
Trd, 000199.167, 157
Trd, 000201.200, 158
Trd, 000201.217, 160
Trd, 000202.700, 155.0
Trd, 000203.350, 151.0
Trd, 000204.300, 151.0
Trd, 000205.333, 151
Trd, 000205.633, 152
Trd, 000206.283, 152
Trd, 000206.933, 151.0
Trd, 000207.950, 149
Trd, 000208.467, 151
Trd, 000208.817, 151
Trd, 000209.400, 151.0
Trd, 000209.983, 155
Trd, 000210.000, 150.0
Trd, 000210.583, 155
Trd, 000210.650, 158.0
Trd, 000211.383, 146.0
Trd, 000213.033, 144
Trd, 000213.650, 143
Trd, 000214.383, 144.0
Trd, 000214.533, 144
Trd, 000214.850, 148
Trd, 000215.300, 148
Trd, 000216.183, 147.0
Trd, 000216.333, 148.0
Trd, 000216.700, 150
Trd, 000217.633, 150.0
Trd, 000218.083, 151.0
Trd, 000218.383, 158.0
Trd, 000219.117, 188
Trd, 000219.500, 182
Trd, 000219.800, 179.0
Trd, 000220.300, 151.0
Trd, 000221.067, 150.0
Trd, 000221.083, 151.0
Trd, 000221.117, 161
Trd, 000221.317, 146
Trd, 000221.500, 148.0
Trd, 000222.033, 143
Trd, 000222.383, 141
Trd, 000222.933, 148
Trd, 000225.000, 146
Trd, 000225.067, 147
Trd, 000225.817, 151.0
Trd, 000225.950, 158.0
Trd, 000226.400, 156
Trd, 000227.050, 157
Trd, 000227.083, 157
Trd, 000227.783, 152
Trd, 000228.233, 162
Trd, 000228.817, 142
Trd, 000228.850, 143
Trd, 000229.783, 158
Trd, 000230.600, 144
Trd, 000230.833, 148
Trd, 000232.750, 151.0
Trd, 000233.183, 152.0
Trd, 000233.417, 152
Trd, 000233.483, 152
Trd, 000234.700, 155.0
Trd, 000235.233, 148.0
Trd, 000236.100, 155.0
Trd, 000237.100, 150
Trd, 000237.333, 149
Trd, 000238.200, 151
Trd, 000238.867, 143
Trd, 000239.117, 149
Trd, 000239.950, 150
Trd, 000240.083, 151
Trd, 000240.367, 150
Trd, 000240.517, 149
Trd, 000240.583, 149.0
Trd, 000240.783, 151.0
Trd, 000241.083, 175.0
Trd, 000241.450, 154
Trd, 000241.533, 155
Trd, 000242.717, 164
Trd, 000242.817, 158.0
Trd, 000243.833, 165
Trd, 000243.900, 163
Trd, 000243.967, 168
Trd, 000244.150, 162
Trd, 000245.717, 155.0
Trd, 000245.917, 159
Trd, 000245.983, 157
Trd, 000246.183, 154.0
Trd, 000246.333, 152.0
Trd, 000246.833, 152
Trd, 000247.033, 153
Trd, 000247.517, 156
Trd, 000247.983, 154.0
Trd, 000248.033, 151.0
Trd, 000248.850, 149.0
Trd, 000249.183, 148.0
Trd, 000249.533, 148
Trd, 000250.483, 149
Trd, 000250.683, 147
Trd, 000250.983, 150
Trd, 000251.233, 150
Trd, 000251.417, 158.0
Trd, 000252.600, 155.0
Trd, 000253.117, 165.0
Trd, 000253.467, 167
Trd, 000253.600, 162.0
Trd, 000254.900, 157
Trd, 000255.033, 156.0
Trd, 000255.383, 158
Trd, 000256.200, 162.0
Trd, 000256.683, 155.0
Trd, 000256.900, 152.0
Trd, 000257.117, 151.0
Trd, 000257.267, 148.0
Trd, 000257.517, 143
Trd, 000257.750, 143.0
Trd, 000257.883, 137.0
Trd, 000258.050, 141
Trd, 000259.033, 155.0
Trd, 000259.550, 153
Trd, 000259.567, 154.0
Trd, 000259.717, 152
Trd, 000259.850, 152.0
Trd, 000259.867, 158.0
Trd, 000261.833, 164
Trd, 000262.633, 163
Trd, 000262.950, 162
Trd, 000263.200, 158.0
Trd, 000263.267, 163
Trd, 000263.467, 160
Trd, 000263.783, 151.0
Trd, 000264.133, 148.0
Trd, 000264.300, 148
Trd, 000265.250, 150
Trd, 000265.717, 158
Trd, 000266.433, 159
Trd, 000266.517, 163
Trd, 000266.900, 164
Trd, 000266.950, 155.0
Trd, 000267.950, 154.0
Trd, 000268.467, 154.0
Trd, 000269.067, 158
Trd, 000269.467, 156
Trd, 000269.867, 155
Trd, 000270.133, 153
Trd, 000270.283, 151.0
Trd, 000270.750, 152
Trd, 000271.083, 155
Trd, 000271.233, 156
Trd, 000271.533, 167
Trd, 000271.933, 163
Trd, 000272.767, 163
Trd, 000273.200, 158.0
Trd, 000273.433, 159
Trd, 000273.567, 151.0
Trd, 000274.050, 151
Trd, 000275.033, 157
Trd, 000275.967, 151.0
Trd, 000276.050, 154
Trd, 000276.200, 151.0
Trd, 000276.400, 150
Trd, 000276.533, 154
Trd, 000276.600, 154
Trd, 000276.983, 149.0
Trd, 000277.167, 151.0
Trd, 000277.500, 151.0
Trd, 000278.017, 155.0
Trd, 000278.217, 156.0
Trd, 000278.483, 151.0
Trd, 000278.767, 151
Trd, 000279.183, 151
Trd, 000279.300, 151
Trd, 000279.550, 152
Trd, 000279.850, 151.0
Trd, 000279.983, 150.0
Trd, 000280.183, 148.0
Trd, 000281.583, 161
Trd, 000282.300, 186
Trd, 000282.783, 176
Trd, 000282.967, 168
Trd, 000283.400, 165.0
Trd, 000284.250, 145
Trd, 000284.900, 149.0
Trd, 000285.000, 150.0
Trd, 000285.033, 151.0
Trd, 000285.100, 154
Trd, 000285.433, 157
Trd, 000285.967, 156
Trd, 000286.850, 152.0
Trd, 000287.083, 150
Trd, 000287.200, 146
Trd, 000287.533, 155
Trd, 000287.850, 160
Trd, 000288.633, 155
Trd, 000289.267, 151.0
Trd, 000289.367, 158
Trd, 000289.617, 158.0
Trd, 000289.883, 157
Trd, 000289.950, 158
Trd, 000290.033, 153
Trd, 000290.167, 149.0
Trd, 000291.083, 148.0
Trd, 000291.367, 143
Trd, 000292.083, 142
Trd, 000292.550, 141
Trd, 000292.650, 145
Trd, 000292.950, 162.0
Trd, 000293.917, 151.0
Trd, 000293.950, 155
Trd, 000294.567, 166
Trd, 000294.617, 148.0
Trd, 000295.000, 143
Trd, 000295.067, 175.0
Trd, 000295.600, 142
Trd, 000296.483, 150
Trd, 000297.133, 148
Trd, 000297.983, 146
Trd, 000298.217, 148
Trd, 000298.483, 172.0
Trd, 000298.567, 163.0
Trd, 000299.433, 162.0
Trd, 000299.500, 155.0
