Trd, 000001.717, 162
Trd, 000002.417, 139
Trd, 000003.817, 118
Trd, 000004.117, 140
Trd, 000005.000, 124.0
Trd, 000005.033, 134.0
Trd, 000005.700, 141.0
Trd, 000005.817, 142
Trd, 000006.150, 144.0
Trd, 000007.283, 138
Trd, 000007.717, 134
Trd, 000008.200, 137
Trd, 000008.267, 138
Trd, 000008.383, 141.0
Trd, 000008.700, 137
Trd, 000009.050, 135
Trd, 000009.667, 151
Trd, 000010.167, 146
Trd, 000010.683, 144.0
Trd, 000010.767, 142
Trd, 000011.333, 142.0
Trd, 000011.500, 141.0
Trd, 000012.400, 148
Trd, 000012.533, 149
Trd, 000013.517, 150
Trd, 000015.200, 148.0
Trd, 000015.667, 148
Trd, 000015.817, 147
Trd, 000016.067, 148
Trd, 000016.283, 148
Trd, 000016.817, 149
Trd, 000017.000, 148
Trd, 000017.550, 146
Trd, 000017.800, 147
Trd, 000018.567, 148
Trd, 000018.917, 148
Trd, 000019.417, 150
Trd, 000019.833, 146
Trd, 000020.183, 144.0
Trd, 000021.733, 151
Trd, 000022.567, 148.0
Trd, 000023.750, 148
Trd, 000023.783, 168
Trd, 000023.867, 146
Trd, 000024.667, 145
Trd, 000024.883, 152
Trd, 000025.533, 146
Trd, 000026.133, 149
Trd, 000026.450, 151
Trd, 000026.700, 147
Trd, 000027.517, 147
Trd, 000028.317, 142.0
Trd, 000028.467, 144
Trd, 000028.850, 141.0
Trd, 000029.100, 142
Trd, 000029.600, 140
Trd, 000029.700, 148
Trd, 000030.533, 148.0
Trd, 000030.867, 151
Trd, 000031.150, 155
Trd, 000033.650, 152
Trd, 000033.867, 151
Trd, 000033.900, 150
Trd, 000034.117, 151
Trd, 000034.683, 153
Trd, 000035.350, 150
Trd, 000036.217, 151
Trd, 000036.733, 150
Trd, 000037.067, 151
Trd, 000037.150, 149
Trd, 000037.467, 150
Trd, 000038.183, 148
Trd, 000038.483, 149.0
Trd, 000038.650, 151
Trd, 000040.100, 151
Trd, 000040.300, 151
Trd, 000040.467, 151.0
Trd, 000040.567, 150
Trd, 000041.083, 151
Trd, 000041.683, 152
Trd, 000042.783, 152
Trd, 000042.917, 155
Trd, 000043.100, 150.0
Trd, 000043.367, 149
Trd, 000043.383, 148.0
Trd, 000045.683, 151
Trd, 000045.983, 149
Trd, 000047.017, 145
Trd, 000047.117, 149
Trd, 000048.067, 148
Trd, 000048.667, 147
Trd, 000048.700, 147
Trd, 000049.200, 145
Trd, 000049.417, 146
Trd, 000049.517, 150
Trd, 000049.967, 151
Trd, 000050.200, 165.0
Trd, 000050.467, 136
Trd, 000051.433, 141.0
Trd, 000052.283, 186.0
Trd, 000052.983, 165.0
Trd, 000053.650, 160
Trd, 000054.317, 148
Trd, 000055.183, 153
Trd, 000055.233, 145
Trd, 000055.817, 151
Trd, 000056.433, 144.0
Trd, 000056.567, 141.0
Trd, 000058.233, 144
Trd, 000058.500, 144.0
Trd, 000058.767, 139
Trd, 000058.967, 139
Trd, 000059.133, 144
Trd, 000059.217, 144
Trd, 000059.550, 144
Trd, 000059.700, 133
Trd, 000059.967, 146
Trd, 000060.267, 151
Trd, 000060.533, 140.0
Trd, 000061.567, 141.0
Trd, 000061.650, 165.0
Trd, 000061.767, 138
Trd, 000062.817, 139
Trd, 000063.667, 148.0
Trd, 000063.883, 153
Trd, 000064.583, 144
Trd, 000065.167, 151
Trd, 000065.617, 149
Trd, 000065.750, 144.0
Trd, 000065.917, 146
Trd, 000066.650, 146
Trd, 000066.867, 144
Trd, 000067.300, 146
Trd, 000067.750, 143.0
Trd, 000068.167, 146
Trd, 000069.867, 143
Trd, 000070.233, 144
Trd, 000070.817, 143
Trd, 000070.883, 144
Trd, 000071.017, 142
Trd, 000073.067, 146
Trd, 000073.367, 149
Trd, 000073.783, 147
Trd, 000073.817, 144
Trd, 000074.400, 149
Trd, 000074.933, 145
Trd, 000076.033, 148.0
Trd, 000076.400, 151
Trd, 000076.850, 148
Trd, 000077.167, 146
Trd, 000077.267, 145
Trd, 000077.600, 150
Trd, 000077.833, 148
Trd, 000078.100, 147
Trd, 000078.500, 145
Trd, 000079.183, 148.0
Trd, 000080.550, 146
Trd, 000080.850, 147
Trd, 000081.683, 145
Trd, 000082.317, 146
Trd, 000082.467, 147
Trd, 000083.283, 145
Trd, 000083.800, 143
Trd, 000083.833, 146
Trd, 000084.050, 147
Trd, 000084.467, 147
Trd, 000084.917, 149
Trd, 000085.150, 151
Trd, 000086.517, 147.0
Trd, 000087.883, 142
Trd, 000087.983, 147
Trd, 000088.083, 146
Trd, 000088.933, 143
Trd, 000089.100, 144
Trd, 000089.250, 144
Trd, 000089.367, 143
Trd, 000089.467, 141.0
Trd, 000089.717, 142
Trd, 000090.633, 151
Trd, 000091.933, 153
Trd, 000093.317, 154
Trd, 000093.517, 153
Trd, 000094.117, 152
Trd, 000094.700, 148.0
Trd, 000094.900, 151
Trd, 000095.467, 150
Trd, 000095.850, 152
Trd, 000096.117, 149
Trd, 000096.617, 158
Trd, 000096.667, 147
Trd, 000097.067, 165.0
Trd, 000097.450, 149
Trd, 000098.267, 161
Trd, 000098.733, 151
Trd, 000099.350, 155
Trd, 000099.533, 154
Trd, 000100.100, 151
Trd, 000100.183, 151
Trd, 000101.083, 149.0
Trd, 000101.250, 150
Trd, 000101.283, 151
Trd, 000101.633, 152
Trd, 000101.700, 148.0
Trd, 000101.717, 148
Trd, 000102.650, 149
Trd, 000102.900, 167
Trd, 000103.600, 157
Trd, 000105.867, 151.0
Trd, 000106.700, 149
Trd, 000107.083, 152
Trd, 000107.717, 150.0
Trd, 000108.233, 153
Trd, 000108.467, 154
Trd, 000109.433, 151
Trd, 000110.233, 159.0
Trd, 000110.283, 149
Trd, 000110.833, 158.0
Trd, 000111.550, 152
Trd, 000111.917, 151
Trd, 000113.833, 152
Trd, 000114.183, 150
Trd, 000114.350, 150
Trd, 000114.367, 147
Trd, 000115.083, 149
Trd, 000115.333, 150
Trd, 000115.717, 151
Trd, 000116.033, 144.0
Trd, 000117.617, 148
Trd, 000117.817, 148.0
Trd, 000117.833, 149
Trd, 000118.283, 148
Trd, 000118.517, 147
Trd, 000118.967, 149
Trd, 000119.667, 149
Trd, 000119.833, 150
Trd, 000120.800, 149
Trd, 000121.450, 150
Trd, 000121.483, 149
Trd, 000122.017, 148.0
Trd, 000122.200, 147
Trd, 000122.833, 143
Trd, 000123.733, 145
Trd, 000124.600, 124.0
Trd, 000125.317, 127.0
Trd, 000125.383, 127
Trd, 000125.750, 128
Trd, 000125.967, 127
Trd, 000126.200, 128
Trd, 000127.400, 128
Trd, 000127.667, 138.0
Trd, 000127.983, 139.0
Trd, 000128.167, 141.0
Trd, 000128.600, 151
Trd, 000128.700, 168
Trd, 000129.167, 155
Trd, 000130.167, 156
Trd, 000130.567, 156
Trd, 000130.700, 161.0
Trd, 000132.083, 156
Trd, 000133.033, 154
Trd, 000133.800, 153
Trd, 000134.533, 149
Trd, 000134.650, 153
Trd, 000135.467, 152
Trd, 000135.500, 148.0
Trd, 000136.083, 148
Trd, 000136.600, 146
Trd, 000137.083, 147
Trd, 000137.133, 145.0
Trd, 000137.800, 144.0
Trd, 000138.083, 145
Trd, 000138.683, 146
Trd, 000139.117, 145
Trd, 000139.317, 146
Trd, 000140.200, 145
Trd, 000140.467, 144
Trd, 000140.517, 151
Trd, 000140.800, 143
Trd, 000142.233, 148
Trd, 000142.583, 144.0
Trd, 000143.267, 141.0
Trd, 000144.750, 144.0
Trd, 000144.800, 143
Trd, 000145.017, 144
Trd, 000145.800, 144.0
Trd, 000146.117, 144
Trd, 000146.267, 145
Trd, 000147.350, 149
Trd, 000147.433, 146
Trd, 000148.267, 145
Trd, 000149.133, 148.0
Trd, 000149.350, 149
Trd, 000150.133, 150
Trd, 000150.700, 144.0
Trd, 000150.750, 141.0
Trd, 000151.850, 145
Trd, 000151.900, 147
Trd, 000152.083, 143
Trd, 000152.483, 143
Trd, 000153.050, 147
Trd, 000153.500, 148.0
Trd, 000154.483, 148
Trd, 000154.567, 148
Trd, 000154.783, 145
Trd, 000156.183, 144
Trd, 000156.400, 143
Trd, 000156.667, 146
Trd, 000156.800, 144.0
Trd, 000157.683, 146
Trd, 000158.017, 147
Trd, 000158.150, 151
Trd, 000159.417, 152
Trd, 000160.083, 152
Trd, 000160.700, 151
Trd, 000162.083, 151
Trd, 000162.400, 151
Trd, 000162.500, 149
Trd, 000162.950, 149
Trd, 000163.383, 149.0
Trd, 000163.483, 148.0
Trd, 000163.550, 146
Trd, 000164.133, 150
Trd, 000164.317, 144.0
Trd, 000164.717, 141.0
Trd, 000166.083, 146
Trd, 000166.217, 145.0
Trd, 000166.767, 145.0
Trd, 000166.967, 146
Trd, 000167.850, 150
Trd, 000168.783, 148.0
Trd, 000168.817, 151
Trd, 000168.850, 147
Trd, 000169.433, 147
Trd, 000169.950, 151
Trd, 000170.167, 149
Trd, 000170.350, 150
Trd, 000171.217, 151
Trd, 000171.267, 150
Trd, 000171.550, 146
Trd, 000171.733, 152
Trd, 000172.700, 154
Trd, 000172.850, 162.0
Trd, 000173.783, 161.0
Trd, 000174.167, 155
Trd, 000175.250, 158
Trd, 000175.983, 157
Trd, 000176.017, 154
Trd, 000177.100, 154
Trd, 000177.317, 157
Trd, 000177.800, 153
Trd, 000178.600, 151
Trd, 000179.333, 150
Trd, 000179.667, 152
Trd, 000179.950, 150
Trd, 000179.983, 149.0
Trd, 000180.967, 149
Trd, 000180.983, 151
Trd, 000181.383, 152
Trd, 000182.000, 152
Trd, 000182.250, 148.0
Trd, 000182.383, 148
Trd, 000182.767, 168
Trd, 000183.067, 141.0
Trd, 000183.850, 141.0
Trd, 000184.033, 144.0
Trd, 000185.150, 145
Trd, 000185.683, 143
Trd, 000185.900, 144
Trd, 000186.717, 150
Trd, 000187.033, 149
Trd, 000187.550, 148.0
Trd, 000187.850, 146
Trd, 000187.967, 145
Trd, 000188.800, 144
Trd, 000189.267, 136
Trd, 000189.750, 144
Trd, 000189.983, 144
Trd, 000190.050, 143
Trd, 000190.200, 145
Trd, 000190.850, 151
Trd, 000191.100, 168
Trd, 000191.617, 142
Trd, 000192.600, 124.0
Trd, 000192.900, 141.0
Trd, 000193.000, 165.0
Trd, 000193.250, 133
Trd, 000193.833, 149
Trd, 000193.967, 166
Trd, 000194.283, 165
Trd, 000194.733, 149.0
Trd, 000195.400, 148.0
Trd, 000197.533, 151
Trd, 000197.950, 150.0
Trd, 000198.267, 148.0
Trd, 000198.617, 148
Trd, 000198.867, 152
Trd, 000199.117, 153
Trd, 000199.317, 153
Trd, 000199.967, 148
Trd, 000201.967, 148
Trd, 000202.133, 147
Trd, 000203.533, 145
Trd, 000204.667, 145
Trd, 000204.967, 146
Trd, 000205.050, 146
Trd, 000205.267, 151
Trd, 000206.050, 144
Trd, 000206.633, 144.0
Trd, 000207.150, 144
Trd, 000207.217, 143
Trd, 000208.500, 145
Trd, 000209.067, 144
Trd, 000209.367, 143
Trd, 000209.417, 144
Trd, 000209.683, 145
Trd, 000210.583, 145
Trd, 000210.950, 151
Trd, 000211.450, 151
Trd, 000211.750, 148.0
Trd, 000213.200, 146
Trd, 000213.650, 148
Trd, 000214.000, 146
Trd, 000214.800, 146
Trd, 000215.000, 142.0
Trd, 000215.050, 141.0
Trd, 000215.333, 146
Trd, 000216.667, 144
Trd, 000217.000, 144.0
Trd, 000217.817, 145
Trd, 000218.933, 149
Trd, 000219.233, 148
Trd, 000220.067, 147
Trd, 000220.550, 148
Trd, 000220.867, 150
Trd, 000221.317, 148
Trd, 000221.983, 149
Trd, 000222.017, 148.0
Trd, 000223.050, 147
Trd, 000223.217, 146
Trd, 000223.883, 151
Trd, 000223.950, 165.0
Trd, 000224.817, 148.0
Trd, 000225.867, 147
Trd, 000226.000, 159
Trd, 000226.917, 148
Trd, 000228.350, 148
Trd, 000228.417, 147
Trd, 000228.650, 149
Trd, 000229.533, 148
Trd, 000229.717, 149
Trd, 000229.833, 146
Trd, 000230.633, 147
Trd, 000230.767, 148
Trd, 000231.683, 146
Trd, 000232.300, 145.0
Trd, 000232.433, 145
Trd, 000232.483, 146
Trd, 000232.800, 145
Trd, 000233.583, 145
Trd, 000233.633, 150
Trd, 000234.450, 148.0
Trd, 000234.833, 144.0
Trd, 000235.450, 148
Trd, 000236.083, 145
Trd, 000236.567, 141.0
Trd, 000237.417, 146
Trd, 000237.467, 146
Trd, 000237.650, 137
Trd, 000237.733, 149
Trd, 000239.167, 141.0
Trd, 000239.933, 142
Trd, 000240.267, 144
Trd, 000240.400, 144.0
Trd, 000240.633, 143.0
Trd, 000241.117, 148.0
Trd, 000241.367, 146
Trd, 000241.383, 144
Trd, 000241.733, 143
Trd, 000242.233, 142
Trd, 000242.700, 141.0
Trd, 000243.083, 141
Trd, 000243.317, 142
Trd, 000243.350, 145
Trd, 000243.567, 144
Trd, 000243.667, 146
Trd, 000244.100, 132.0
Trd, 000245.200, 138
Trd, 000245.283, 138
Trd, 000245.933, 137
Trd, 000246.183, 139
Trd, 000246.383, 144.0
Trd, 000246.817, 144.0
Trd, 000246.983, 148.0
Trd, 000247.450, 142.0
Trd, 000247.783, 144.0
Trd, 000248.117, 139
Trd, 000248.150, 140
Trd, 000248.200, 138
Trd, 000248.350, 150
Trd, 000249.000, 144.0
Trd, 000249.300, 144
Trd, 000249.550, 147
Trd, 000250.017, 145
Trd, 000250.117, 142
Trd, 000251.167, 147
Trd, 000251.383, 144
Trd, 000251.667, 148
Trd, 000253.167, 147
Trd, 000253.617, 148
Trd, 000253.750, 145
Trd, 000253.817, 144
Trd, 000254.483, 143
Trd, 000254.700, 141.0
Trd, 000254.833, 141
Trd, 000255.467, 142.0
Trd, 000256.500, 142
Trd, 000256.733, 142
Trd, 000256.833, 143
Trd, 000257.250, 143
Trd, 000257.333, 148.0
Trd, 000258.083, 150
Trd, 000258.550, 151
Trd, 000258.933, 158.0
Trd, 000258.950, 162.0
Trd, 000259.600, 157
Trd, 000259.800, 157.0
Trd, 000260.150, 157
Trd, 000260.450, 155
Trd, 000260.483, 154
Trd, 000260.550, 144.0
Trd, 000260.700, 141.0
Trd, 000261.450, 152
Trd, 000261.667, 148.0
Trd, 000262.183, 140
Trd, 000263.017, 135
Trd, 000263.133, 137
Trd, 000263.367, 137.0
Trd, 000263.450, 138
Trd, 000263.850, 139.0
Trd, 000263.983, 144
Trd, 000264.433, 147
Trd, 000265.717, 140
Trd, 000265.783, 141.0
Trd, 000266.367, 145
Trd, 000266.583, 148.0
Trd, 000267.100, 149
Trd, 000267.817, 145.0
Trd, 000268.100, 148.0
Trd, 000268.233, 144.0
Trd, 000268.450, 148
Trd, 000269.250, 148
Trd, 000269.317, 144
Trd, 000269.383, 143
Trd, 000269.783, 147
Trd, 000270.067, 149
Trd, 000270.317, 142
Trd, 000270.833, 141.0
Trd, 000271.017, 132
Trd, 000271.483, 149
Trd, 000271.650, 151
Trd, 000271.717, 134
Trd, 000273.083, 147
Trd, 000273.450, 146
Trd, 000273.800, 146
Trd, 000273.900, 147
Trd, 000274.067, 144
Trd, 000274.433, 145.0
Trd, 000274.467, 150
Trd, 000274.883, 151
Trd, 000274.900, 144.0
Trd, 000275.350, 150
Trd, 000276.133, 157.0
Trd, 000276.550, 157
Trd, 000277.417, 151
Trd, 000277.550, 152
Trd, 000277.883, 151
Trd, 000278.167, 156
Trd, 000278.650, 152
Trd, 000279.200, 152
Trd, 000279.800, 153
Trd, 000280.167, 150
Trd, 000280.500, 151
Trd, 000280.900, 155
Trd, 000282.067, 150
Trd, 000282.100, 148
Trd, 000282.367, 153.0
Trd, 000283.033, 154
Trd, 000284.200, 150.0
Trd, 000284.367, 149
Trd, 000284.600, 148.0
Trd, 000284.617, 148
Trd, 000284.983, 149
Trd, 000285.583, 151
Trd, 000286.483, 149
Trd, 000286.550, 146
Trd, 000286.783, 149
Trd, 000287.183, 149
Trd, 000287.433, 153
Trd, 000287.583, 147
Trd, 000287.783, 157
Trd, 000288.367, 145
Trd, 000288.433, 157.0
Trd, 000288.767, 157.0
Trd, 000289.717, 154
Trd, 000289.850, 156.0
Trd, 000289.933, 148
Trd, 000290.367, 150
Trd, 000291.200, 148
Trd, 000291.267, 147
Trd, 000292.300, 151
Trd, 000293.233, 144.0
Trd, 000293.417, 145
Trd, 000293.600, 146
Trd, 000293.917, 147
Trd, 000294.533, 148.0
Trd, 000294.933, 149
Trd, 000295.067, 151
Trd, 000295.783, 157.0
Trd, 000295.883, 146
Trd, 000296.050, 158.0
Trd, 000296.450, 162.0
Trd, 000296.617, 146
Trd, 000296.650, 144
Trd, 000296.717, 144.0
Trd, 000296.950, 144
Trd, 000297.517, 153
Trd, 000297.683, 154
Trd, 000298.367, 154
Trd, 000298.633, 150
Trd, 000298.750, 146
Trd, 000298.900, 155
Trd, 000299.300, 146
Trd, 000299.383, 158.0
Trd, 000299.533, 147
