Trd, 000001.933, 157
Trd, 000001.983, 133
Trd, 000002.467, 176
Trd, 000003.933, 172.0
Trd, 000003.967, 175.0
Trd, 000004.233, 168.0
Trd, 000004.533, 176
Trd, 000004.650, 176
Trd, 000004.883, 168.0
Trd, 000006.433, 173
Trd, 000008.117, 170
Trd, 000008.283, 168.0
Trd, 000008.467, 167
Trd, 000008.533, 168.0
Trd, 000009.950, 173.0
Trd, 000010.217, 172.0
Trd, 000010.250, 169
Trd, 000010.733, 162.0
Trd, 000011.533, 175.0
Trd, 000011.650, 159.0
Trd, 000012.583, 172.0
Trd, 000013.183, 165
Trd, 000013.950, 168.0
Trd, 000014.150, 173.0
Trd, 000014.583, 173
Trd, 000014.750, 168
Trd, 000015.183, 173
Trd, 000015.317, 163
Trd, 000015.600, 168.0
Trd, 000016.417, 158.0
Trd, 000016.583, 166
Trd, 000016.950, 166
Trd, 000017.350, 158
Trd, 000017.450, 151.0
Trd, 000018.250, 144.0
Trd, 000018.267, 136
Trd, 000018.950, 137
Trd, 000019.550, 161
Trd, 000021.467, 166
Trd, 000021.800, 167
Trd, 000021.950, 163
Trd, 000022.250, 168.0
Trd, 000023.517, 172.0
Trd, 000023.617, 168.0
Trd, 000024.817, 168
Trd, 000024.967, 167
Trd, 000025.417, 162.0
Trd, 000027.550, 163
Trd, 000027.833, 166
Trd, 000028.000, 158.0
Trd, 000028.117, 165
Trd, 000028.133, 144.0
Trd, 000028.933, 152
Trd, 000029.000, 160
Trd, 000029.117, 159
Trd, 000029.567, 158
Trd, 000030.250, 162
Trd, 000030.517, 161
Trd, 000030.717, 155
Trd, 000031.133, 165
Trd, 000031.983, 151.0
Trd, 000032.317, 164
Trd, 000033.267, 151
Trd, 000033.433, 165
Trd, 000033.817, 151
Trd, 000033.833, 163
Trd, 000033.917, 150
Trd, 000034.717, 168.0
Trd, 000036.800, 160
Trd, 000037.233, 145.0
Trd, 000038.817, 145.0
Trd, 000038.917, 157
Trd, 000038.933, 158
Trd, 000039.517, 164
Trd, 000039.600, 167
Trd, 000039.833, 144.0
Trd, 000040.367, 143
Trd, 000040.617, 168.0
Trd, 000040.967, 172.0
Trd, 000041.450, 151.0
Trd, 000041.600, 175.0
Trd, 000041.750, 142
Trd, 000041.933, 152
Trd, 000043.367, 144.0
Trd, 000043.783, 155
Trd, 000044.033, 156
Trd, 000044.933, 156
Trd, 000046.733, 166
Trd, 000047.867, 167
Trd, 000048.683, 161
Trd, 000049.100, 160
Trd, 000049.217, 158.0
Trd, 000049.733, 157
Trd, 000049.967, 166
Trd, 000050.000, 151.0
Trd, 000050.683, 144.0
Trd, 000050.833, 166
Trd, 000051.900, 166
Trd, 000052.083, 163
Trd, 000052.200, 158.0
Trd, 000052.767, 144.0
Trd, 000053.150, 157
Trd, 000053.633, 167.0
Trd, 000053.750, 168.0
Trd, 000054.583, 175.0
Trd, 000054.783, 156
Trd, 000055.017, 154
Trd, 000055.650, 161
Trd, 000055.983, 132
Trd, 000056.017, 166
Trd, 000056.183, 144.0
Trd, 000056.467, 144.0
Trd, 000058.100, 131
Trd, 000058.800, 164
Trd, 000059.617, 172.0
Trd, 000060.167, 159
Trd, 000060.650, 173
Trd, 000061.200, 168
Trd, 000061.267, 168.0
Trd, 000061.317, 164
Trd, 000062.483, 159.0
Trd, 000063.050, 158.0
Trd, 000063.083, 164
Trd, 000063.917, 169
Trd, 000064.033, 168.0
Trd, 000064.250, 167
Trd, 000064.517, 159
Trd, 000065.150, 160
Trd, 000065.367, 164
Trd, 000065.717, 164
Trd, 000066.967, 165
Trd, 000067.400, 168.0
Trd, 000067.733, 162
Trd, 000068.083, 167
Trd, 000068.683, 160.0
Trd, 000069.600, 168.0
Trd, 000069.950, 165
Trd, 000070.667, 166
Trd, 000070.717, 158.0
Trd, 000071.500, 168.0
Trd, 000071.900, 168.0
Trd, 000072.033, 151.0
Trd, 000073.117, 166
Trd, 000073.167, 158.0
Trd, 000073.600, 167
Trd, 000073.650, 167
Trd, 000073.717, 158
Trd, 000074.717, 152.0
Trd, 000074.767, 151.0
Trd, 000077.233, 159
Trd, 000077.450, 151.0
Trd, 000077.500, 167
Trd, 000077.667, 165
Trd, 000078.400, 167.0
Trd, 000078.917, 168.0
Trd, 000079.217, 146.0
Trd, 000079.483, 144.0
Trd, 000080.733, 125
Trd, 000081.583, 174.0
Trd, 000081.717, 170
Trd, 000082.983, 166.0
Trd, 000083.700, 167
Trd, 000083.767, 168.0
Trd, 000084.050, 162.0
Trd, 000084.417, 181
Trd, 000084.950, 176
Trd, 000085.683, 169
Trd, 000086.567, 173
Trd, 000087.167, 172.0
Trd, 000087.450, 172
Trd, 000088.033, 171
Trd, 000089.017, 171
Trd, 000089.450, 168.0
Trd, 000090.750, 163
Trd, 000091.000, 162.0
Trd, 000091.333, 161
Trd, 000092.617, 168
Trd, 000093.967, 158.0
Trd, 000095.033, 167.0
Trd, 000095.167, 168.0
Trd, 000095.700, 161
Trd, 000096.233, 168
Trd, 000096.450, 160
Trd, 000096.550, 162
Trd, 000096.567, 160
Trd, 000097.200, 165
Trd, 000097.450, 166
Trd, 000097.567, 168.0
Trd, 000097.850, 162
Trd, 000098.650, 159
Trd, 000099.050, 167
Trd, 000100.100, 167
Trd, 000100.433, 159.0
Trd, 000101.350, 159
Trd, 000102.267, 152.0
Trd, 000103.017, 164
Trd, 000103.633, 164
Trd, 000103.967, 157
Trd, 000104.483, 168.0
Trd, 000104.717, 156
Trd, 000105.450, 164
Trd, 000105.750, 155
Trd, 000106.317, 166
Trd, 000107.300, 153.0
Trd, 000107.433, 151.0
Trd, 000107.800, 144.0
Trd, 000107.983, 165
Trd, 000108.083, 167
Trd, 000108.567, 127
Trd, 000108.667, 168.0
Trd, 000110.533, 168.0
Trd, 000110.617, 169
Trd, 000110.767, 168
Trd, 000110.867, 162.0
Trd, 000111.183, 152.0
Trd, 000112.767, 164
Trd, 000113.033, 163
Trd, 000113.517, 157
Trd, 000113.583, 163
Trd, 000113.783, 154
Trd, 000114.400, 168.0
Trd, 000114.700, 151.0
Trd, 000115.217, 178
Trd, 000115.833, 172.0
Trd, 000116.517, 172
Trd, 000116.767, 169
Trd, 000117.617, 179
Trd, 000117.700, 167
Trd, 000118.567, 173
Trd, 000119.233, 172.0
Trd, 000119.333, 175.0
Trd, 000120.033, 162.0
Trd, 000120.600, 168.0
Trd, 000120.767, 166
Trd, 000121.350, 174
Trd, 000122.250, 159.0
Trd, 000122.617, 168
Trd, 000122.933, 172.0
Trd, 000124.217, 154.0
Trd, 000124.583, 162
Trd, 000124.617, 151.0
Trd, 000125.633, 144.0
Trd, 000125.900, 165
Trd, 000126.100, 152
Trd, 000126.500, 144.0
Trd, 000127.900, 153
Trd, 000128.950, 151
Trd, 000128.983, 151.0
Trd, 000129.883, 155
Trd, 000130.000, 165
Trd, 000130.433, 153
Trd, 000132.100, 164.0
Trd, 000132.133, 168.0
Trd, 000132.433, 176
Trd, 000132.450, 158
Trd, 000132.583, 159
Trd, 000133.100, 162
Trd, 000133.267, 162
Trd, 000133.367, 160
Trd, 000134.117, 172.0
Trd, 000135.050, 168.0
Trd, 000135.333, 158.0
Trd, 000136.183, 171
Trd, 000136.550, 171
Trd, 000137.017, 169
Trd, 000137.933, 164
Trd, 000139.500, 164
Trd, 000140.167, 168
Trd, 000140.183, 162.0
Trd, 000140.417, 161
Trd, 000140.633, 166
Trd, 000140.750, 167.0
Trd, 000140.833, 168.0
Trd, 000141.167, 168.0
Trd, 000141.633, 158.0
Trd, 000141.650, 151.0
Trd, 000142.533, 156
Trd, 000142.683, 156
Trd, 000142.900, 167
Trd, 000143.533, 155
Trd, 000144.700, 166
Trd, 000145.100, 166
Trd, 000146.233, 162
Trd, 000146.867, 161
Trd, 000146.917, 166
Trd, 000147.633, 168.0
Trd, 000148.650, 175.0
Trd, 000148.983, 179
Trd, 000149.133, 165
Trd, 000149.750, 163
Trd, 000150.900, 162.0
Trd, 000151.100, 156
Trd, 000151.217, 160
Trd, 000151.283, 158
Trd, 000151.333, 151
Trd, 000152.333, 168.0
Trd, 000153.083, 163
Trd, 000154.650, 167.0
Trd, 000154.767, 167
Trd, 000154.867, 164
Trd, 000156.133, 168.0
Trd, 000156.317, 168
Trd, 000156.417, 162.0
Trd, 000156.467, 161
Trd, 000156.617, 158.0
Trd, 000157.183, 151.0
Trd, 000158.000, 168
Trd, 000159.633, 151
Trd, 000159.650, 146.0
Trd, 000159.933, 144.0
Trd, 000160.000, 164
Trd, 000160.067, 169
Trd, 000161.100, 168.0
Trd, 000162.117, 174.0
Trd, 000162.333, 162
Trd, 000162.583, 172
Trd, 000162.717, 148.0
Trd, 000163.783, 144.0
Trd, 000164.000, 168
Trd, 000164.650, 168.0
Trd, 000164.700, 164
Trd, 000165.100, 166
Trd, 000165.433, 168
Trd, 000165.500, 162.0
Trd, 000166.700, 164
Trd, 000167.117, 158.0
Trd, 000168.783, 165
Trd, 000169.150, 162
Trd, 000169.600, 164
Trd, 000170.233, 163
Trd, 000170.650, 161
Trd, 000171.133, 164
Trd, 000171.500, 165
Trd, 000171.917, 158
Trd, 000172.050, 157
Trd, 000172.717, 175.0
Trd, 000173.033, 172.0
Trd, 000173.200, 170
Trd, 000173.583, 162.0
Trd, 000174.017, 145.0
Trd, 000174.867, 153
Trd, 000175.300, 161
Trd, 000175.683, 162
Trd, 000175.983, 168.0
Trd, 000176.333, 146.0
Trd, 000176.600, 144.0
Trd, 000177.117, 143
Trd, 000177.617, 166
Trd, 000178.600, 175.0
Trd, 000180.083, 152.0
Trd, 000180.433, 151.0
Trd, 000180.533, 164
Trd, 000180.650, 165
Trd, 000181.750, 166
Trd, 000182.267, 168.0
Trd, 000183.533, 172.0
Trd, 000184.083, 173.0
Trd, 000184.483, 162
Trd, 000185.567, 164
Trd, 000185.767, 157
Trd, 000185.933, 168.0
Trd, 000186.417, 162
Trd, 000186.533, 146.0
Trd, 000186.817, 155
Trd, 000187.933, 165
Trd, 000188.483, 152
Trd, 000188.500, 151.0
Trd, 000189.367, 144.0
Trd, 000189.750, 171.0
Trd, 000190.400, 165
Trd, 000191.517, 152
Trd, 000191.850, 164
Trd, 000192.283, 167
Trd, 000192.317, 168.0
Trd, 000192.733, 155
Trd, 000193.167, 153
Trd, 000194.650, 163
Trd, 000194.683, 164
Trd, 000195.133, 159
Trd, 000195.400, 165
Trd, 000196.117, 157
Trd, 000196.133, 168
Trd, 000197.133, 157
Trd, 000197.617, 157
Trd, 000197.783, 151.0
Trd, 000198.100, 164
Trd, 000198.217, 166
Trd, 000198.250, 144.0
Trd, 000198.550, 148
Trd, 000200.083, 165.0
Trd, 000200.717, 168.0
Trd, 000201.200, 153
Trd, 000201.667, 166
Trd, 000202.083, 154
Trd, 000202.850, 162
Trd, 000203.250, 151.0
Trd, 000204.083, 164
Trd, 000204.700, 165
Trd, 000205.617, 172.0
Trd, 000206.433, 172
Trd, 000206.533, 175.0
Trd, 000206.617, 168
Trd, 000206.983, 168.0
Trd, 000207.533, 161
Trd, 000207.550, 158.0
Trd, 000208.750, 153
Trd, 000210.200, 168.0
Trd, 000210.633, 170
Trd, 000211.117, 170
Trd, 000211.217, 172.0
Trd, 000211.883, 171
Trd, 000212.917, 170
Trd, 000213.067, 162.0
Trd, 000213.600, 169
Trd, 000213.650, 170
Trd, 000214.033, 163
Trd, 000214.350, 152.0
Trd, 000214.850, 164
Trd, 000214.983, 165
Trd, 000216.217, 151.0
Trd, 000216.233, 163
Trd, 000216.517, 145.0
Trd, 000217.183, 164
Trd, 000217.717, 165
Trd, 000217.733, 145.0
Trd, 000218.917, 152
Trd, 000219.283, 151
Trd, 000219.400, 161
Trd, 000220.217, 137
Trd, 000220.383, 135
Trd, 000220.400, 144.0
Trd, 000220.717, 168.0
Trd, 000220.950, 166
Trd, 000222.433, 146
Trd, 000224.050, 150
Trd, 000224.667, 156
Trd, 000224.800, 149
Trd, 000225.050, 167
Trd, 000225.100, 148
Trd, 000225.717, 169
Trd, 000225.883, 168.0
Trd, 000226.500, 161
Trd, 000227.000, 160
Trd, 000227.783, 168
Trd, 000228.783, 165
Trd, 000228.917, 159
Trd, 000229.083, 159
Trd, 000229.767, 164
Trd, 000229.967, 145.0
Trd, 000231.267, 151
Trd, 000231.617, 168.0
Trd, 000231.750, 151
Trd, 000232.433, 172.0
Trd, 000232.550, 161
Trd, 000233.383, 163
Trd, 000233.667, 168.0
Trd, 000234.000, 145.0
Trd, 000234.417, 144.0
Trd, 000234.683, 162
Trd, 000235.567, 151
Trd, 000235.917, 149
Trd, 000236.150, 165
Trd, 000236.350, 168
Trd, 000236.767, 168.0
Trd, 000237.500, 136
Trd, 000237.817, 140
Trd, 000238.383, 156
Trd, 000238.717, 135
Trd, 000239.567, 144.0
Trd, 000239.600, 159
Trd, 000240.200, 146.0
Trd, 000240.683, 166
Trd, 000241.017, 160
Trd, 000241.250, 159
Trd, 000241.617, 156
Trd, 000241.867, 158.0
Trd, 000242.250, 155.0
Trd, 000243.400, 158
Trd, 000243.417, 162
Trd, 000243.500, 165
Trd, 000243.650, 157
Trd, 000243.950, 148.0
Trd, 000244.800, 154
Trd, 000245.167, 158
Trd, 000246.117, 153
Trd, 000246.250, 153
Trd, 000246.733, 154.0
Trd, 000246.900, 152
Trd, 000246.933, 155
Trd, 000247.617, 155
Trd, 000248.000, 155.0
Trd, 000248.933, 162
Trd, 000249.000, 160
Trd, 000249.267, 165
Trd, 000249.383, 159
Trd, 000249.567, 157
Trd, 000249.717, 151.0
Trd, 000249.833, 148.0
Trd, 000251.117, 154
Trd, 000251.833, 148.0
Trd, 000252.133, 151.0
Trd, 000252.667, 152.0
Trd, 000252.733, 153
Trd, 000252.917, 151.0
Trd, 000253.667, 154
Trd, 000253.800, 155.0
Trd, 000254.017, 149
Trd, 000254.100, 156
Trd, 000254.450, 168.0
Trd, 000254.833, 156
Trd, 000255.133, 179
Trd, 000255.950, 154.0
Trd, 000255.983, 151.0
Trd, 000256.100, 148.0
Trd, 000256.317, 144.0
Trd, 000256.333, 170
Trd, 000257.500, 154.0
Trd, 000257.933, 147
Trd, 000258.417, 144.0
Trd, 000258.917, 149.0
Trd, 000258.967, 148.0
Trd, 000259.500, 150
Trd, 000259.517, 151.0
Trd, 000259.617, 161
Trd, 000259.817, 147
Trd, 000259.917, 154
Trd, 000260.967, 154.0
Trd, 000261.483, 155
Trd, 000262.150, 155
Trd, 000262.517, 151.0
Trd, 000263.317, 152
Trd, 000263.783, 148.0
Trd, 000264.217, 145.0
Trd, 000264.483, 144.0
Trd, 000264.667, 151
Trd, 000265.467, 138.0
Trd, 000265.917, 139
Trd, 000266.433, 144.0
Trd, 000266.833, 147
Trd, 000267.133, 137
Trd, 000267.467, 155
Trd, 000267.733, 143
Trd, 000268.183, 148
Trd, 000268.233, 155
Trd, 000268.267, 147
Trd, 000268.333, 153.0
Trd, 000269.367, 153.0
Trd, 000269.583, 158.0
Trd, 000269.633, 147
Trd, 000270.150, 146
Trd, 000270.433, 148
Trd, 000270.467, 165
Trd, 000270.600, 147
Trd, 000270.750, 163.0
Trd, 000271.133, 156
Trd, 000271.283, 146
Trd, 000271.317, 168.0
Trd, 000273.150, 156.0
Trd, 000273.167, 158.0
Trd, 000273.217, 159.0
Trd, 000273.483, 168.0
Trd, 000273.850, 155.0
Trd, 000273.917, 154
Trd, 000274.633, 158
Trd, 000274.717, 164
Trd, 000274.933, 168.0
Trd, 000275.200, 181
Trd, 000275.633, 148.0
Trd, 000276.550, 160
Trd, 000277.150, 160.0
Trd, 000277.250, 165
Trd, 000277.350, 159
Trd, 000277.450, 158.0
Trd, 000277.683, 151.0
Trd, 000278.883, 147
Trd, 000279.667, 149
Trd, 000279.733, 151.0
Trd, 000279.917, 144.0
Trd, 000280.117, 140
Trd, 000280.733, 152.0
Trd, 000281.050, 152
Trd, 000282.117, 150
Trd, 000282.367, 153
Trd, 000282.617, 157
Trd, 000282.867, 149.0
Trd, 000283.083, 158.0
Trd, 000283.467, 168.0
Trd, 000283.983, 167
Trd, 000284.150, 162.0
Trd, 000284.383, 161
Trd, 000284.433, 156
Trd, 000284.883, 157
Trd, 000285.533, 157
Trd, 000286.050, 156
Trd, 000286.517, 156.0
Trd, 000287.167, 162
Trd, 000287.183, 155.0
Trd, 000288.167, 160
Trd, 000288.567, 161
Trd, 000288.850, 158.0
Trd, 000288.983, 165
Trd, 000289.200, 155.0
Trd, 000289.450, 161.0
Trd, 000289.483, 151.0
Trd, 000290.350, 148.0
Trd, 000290.417, 145
Trd, 000290.433, 159
Trd, 000290.550, 144.0
Trd, 000292.017, 157
Trd, 000292.183, 154
Trd, 000292.217, 156
Trd, 000292.517, 147
Trd, 000292.650, 145
Trd, 000293.333, 137.0
Trd, 000293.567, 134.0
Trd, 000293.850, 155.0
Trd, 000294.150, 168.0
Trd, 000294.633, 141.0
Trd, 000295.167, 158.0
Trd, 000295.350, 168.0
Trd, 000295.550, 165
Trd, 000295.717, 150
Trd, 000296.567, 150
Trd, 000296.750, 154
Trd, 000296.767, 149
Trd, 000296.917, 157
Trd, 000297.333, 146
Trd, 000297.533, 141.0
Trd, 000298.133, 162
Trd, 000298.350, 167
Trd, 000298.467, 131
Trd, 000298.517, 151.0
Trd, 000298.933, 157
Trd, 000299.800, 148.0
Trd, 000299.850, 147
