Trd, 000000.333, 193.0
Trd, 000001.200, 122
Trd, 000002.100, 147.0
Trd, 000002.400, 148.0
Trd, 000004.733, 130.0
Trd, 000004.783, 131.0
Trd, 000005.267, 127.0
Trd, 000005.350, 126.0
Trd, 000005.367, 134.0
Trd, 000005.600, 163
Trd, 000005.633, 122.0
Trd, 000005.983, 131.0
Trd, 000006.467, 165
Trd, 000006.650, 142
Trd, 000007.267, 148.0
Trd, 000008.333, 152
Trd, 000008.467, 165.0
Trd, 000009.233, 155
Trd, 000009.483, 154
Trd, 000009.817, 154
Trd, 000009.917, 155
Trd, 000010.600, 155
Trd, 000011.217, 155.0
Trd, 000011.533, 150
Trd, 000012.900, 150
Trd, 000013.067, 151
Trd, 000013.633, 149
Trd, 000014.533, 153
Trd, 000014.950, 154
Trd, 000015.300, 152
Trd, 000015.667, 155
Trd, 000015.800, 151
Trd, 000016.650, 151
Trd, 000016.767, 155
Trd, 000017.117, 156
Trd, 000017.833, 156
Trd, 000018.433, 152
Trd, 000019.100, 151
Trd, 000020.167, 144.0
Trd, 000020.200, 148.0
Trd, 000020.400, 146
Trd, 000020.417, 150
Trd, 000020.650, 151
Trd, 000021.183, 148.0
Trd, 000021.900, 146
Trd, 000023.217, 151
Trd, 000023.467, 141
Trd, 000023.917, 139
Trd, 000024.100, 164
Trd, 000024.183, 165
Trd, 000025.167, 166.0
Trd, 000025.367, 163
Trd, 000025.383, 154
Trd, 000026.533, 149
Trd, 000027.767, 157
Trd, 000028.033, 158
Trd, 000028.650, 156
Trd, 000028.967, 157
Trd, 000029.250, 155.0
Trd, 000029.317, 156
Trd, 000029.600, 154
Trd, 000029.700, 160
Trd, 000029.867, 153
Trd, 000030.200, 145.0
Trd, 000030.400, 144.0
Trd, 000031.483, 168.0
Trd, 000031.533, 167
Trd, 000032.250, 148.0
Trd, 000032.833, 144
Trd, 000034.067, 146
Trd, 000034.333, 148
Trd, 000034.733, 151
Trd, 000034.783, 130.0
Trd, 000035.433, 148
Trd, 000036.833, 147
Trd, 000037.450, 148
Trd, 000037.783, 148
Trd, 000037.867, 145
Trd, 000037.917, 151
Trd, 000038.517, 152
Trd, 000039.583, 162
Trd, 000039.883, 161
Trd, 000039.917, 165
Trd, 000040.417, 165
Trd, 000040.917, 159
Trd, 000041.750, 159
Trd, 000042.733, 159
Trd, 000042.950, 158
Trd, 000043.067, 157
Trd, 000043.700, 155.0
Trd, 000043.950, 149
Trd, 000044.217, 154
Trd, 000044.800, 151
Trd, 000045.133, 146.0
Trd, 000045.783, 150
Trd, 000046.133, 150
Trd, 000046.433, 151
Trd, 000046.933, 151
Trd, 000048.233, 151
Trd, 000048.867, 163
Trd, 000049.967, 150
Trd, 000050.133, 151
Trd, 000050.683, 153
Trd, 000050.800, 154
Trd, 000051.817, 153
Trd, 000051.867, 155
Trd, 000052.383, 153
Trd, 000053.433, 155.0
Trd, 000053.567, 165
Trd, 000054.967, 155
Trd, 000055.067, 155
Trd, 000055.150, 157
Trd, 000055.650, 155
Trd, 000055.833, 155
Trd, 000056.217, 154
Trd, 000056.283, 155
Trd, 000056.683, 151
Trd, 000057.967, 153
Trd, 000058.483, 153
Trd, 000058.717, 154
Trd, 000058.850, 156
Trd, 000060.233, 164
Trd, 000060.400, 156.0
Trd, 000060.717, 160
Trd, 000061.117, 155.0
Trd, 000061.817, 153
Trd, 000062.067, 165
Trd, 000062.700, 155.0
Trd, 000063.550, 158
Trd, 000063.883, 158
Trd, 000064.017, 157
Trd, 000064.033, 158
Trd, 000064.783, 155
Trd, 000064.850, 156
Trd, 000065.633, 150
Trd, 000066.133, 156
Trd, 000067.583, 141
Trd, 000067.733, 144
Trd, 000067.967, 165
Trd, 000069.533, 152
Trd, 000069.633, 163.0
Trd, 000069.767, 151
Trd, 000070.283, 153
Trd, 000070.483, 152
Trd, 000071.317, 153
Trd, 000071.500, 164
Trd, 000072.083, 164
Trd, 000072.283, 165
Trd, 000073.750, 158
Trd, 000074.483, 160
Trd, 000074.600, 158
Trd, 000075.233, 157
Trd, 000075.317, 161
Trd, 000075.850, 162
Trd, 000076.217, 162
Trd, 000076.650, 161
Trd, 000076.867, 168.0
Trd, 000076.967, 173
Trd, 000077.217, 155.0
Trd, 000078.433, 146
Trd, 000078.483, 148
Trd, 000078.633, 137
Trd, 000078.767, 150
Trd, 000079.200, 127.0
Trd, 000079.967, 144
Trd, 000080.767, 147.0
Trd, 000082.350, 145.0
Trd, 000083.083, 146.0
Trd, 000083.367, 148.0
Trd, 000083.717, 147
Trd, 000083.900, 153
Trd, 000084.050, 167
Trd, 000085.083, 155.0
Trd, 000085.200, 161
Trd, 000086.183, 162
Trd, 000086.500, 160
Trd, 000086.700, 159
Trd, 000086.783, 164
Trd, 000087.217, 163
Trd, 000088.200, 159
Trd, 000089.450, 157
Trd, 000089.967, 156
Trd, 000090.067, 155.0
Trd, 000090.733, 155
Trd, 000090.833, 156
Trd, 000092.050, 152
Trd, 000092.467, 154
Trd, 000092.867, 152
Trd, 000093.167, 151
Trd, 000093.200, 153
Trd, 000094.000, 150
Trd, 000094.200, 150
Trd, 000094.300, 162
Trd, 000095.967, 150
Trd, 000096.500, 148.0
Trd, 000097.683, 151
Trd, 000098.567, 149.0
Trd, 000099.567, 150
Trd, 000099.683, 149
Trd, 000099.750, 150
Trd, 000100.017, 150
Trd, 000100.083, 148
Trd, 000100.683, 151
Trd, 000100.900, 148
Trd, 000100.950, 149
Trd, 000101.850, 149
Trd, 000102.067, 153
Trd, 000102.733, 148
Trd, 000103.300, 147
Trd, 000103.967, 131
Trd, 000104.133, 132
Trd, 000104.483, 145
Trd, 000104.683, 127.0
Trd, 000105.467, 138
Trd, 000106.083, 136
Trd, 000106.550, 137
Trd, 000106.617, 148.0
Trd, 000107.400, 142
Trd, 000107.500, 152
Trd, 000107.917, 142
Trd, 000108.267, 141
Trd, 000108.533, 148.0
Trd, 000109.017, 142
Trd, 000109.283, 140
Trd, 000109.683, 140
Trd, 000110.000, 143
Trd, 000110.050, 144
Trd, 000110.633, 150
Trd, 000110.967, 151
Trd, 000111.283, 151
Trd, 000112.133, 163
Trd, 000113.067, 157.0
Trd, 000113.517, 159
Trd, 000113.800, 159
Trd, 000114.433, 160
Trd, 000114.850, 160
Trd, 000115.467, 158
Trd, 000115.750, 161
Trd, 000115.933, 158
Trd, 000116.033, 163
Trd, 000116.317, 157
Trd, 000116.550, 157
Trd, 000117.133, 161
Trd, 000117.983, 165
Trd, 000118.167, 175.0
Trd, 000119.000, 158
Trd, 000120.100, 161
Trd, 000120.867, 162
Trd, 000121.500, 162
Trd, 000121.517, 163
Trd, 000121.750, 161
Trd, 000122.117, 163
Trd, 000123.133, 163
Trd, 000124.050, 161
Trd, 000124.383, 162
Trd, 000125.300, 161
Trd, 000125.783, 162
Trd, 000125.867, 163
Trd, 000126.383, 160
Trd, 000126.817, 161
Trd, 000126.933, 163
Trd, 000127.100, 155.0
Trd, 000129.200, 155
Trd, 000129.550, 156
Trd, 000129.800, 156
Trd, 000130.050, 157
Trd, 000130.533, 158
Trd, 000130.717, 157
Trd, 000130.867, 155.0
Trd, 000131.517, 156
Trd, 000133.017, 157
Trd, 000133.617, 158
Trd, 000133.900, 158
Trd, 000134.183, 155
Trd, 000134.517, 155
Trd, 000134.700, 150
Trd, 000134.800, 159
Trd, 000135.167, 148.0
Trd, 000135.267, 146.0
Trd, 000135.600, 165
Trd, 000136.600, 166.0
Trd, 000136.717, 156.0
Trd, 000137.600, 160
Trd, 000137.883, 156.0
Trd, 000137.900, 160
Trd, 000138.183, 155.0
Trd, 000139.750, 158
Trd, 000140.217, 153
Trd, 000140.283, 150
Trd, 000141.217, 146.0
Trd, 000141.567, 146
Trd, 000141.633, 144.0
Trd, 000141.700, 143
Trd, 000141.867, 148.0
Trd, 000141.933, 165
Trd, 000143.483, 164.0
Trd, 000143.817, 150
Trd, 000144.200, 149
Trd, 000144.833, 151
Trd, 000144.917, 162
Trd, 000146.283, 151
Trd, 000146.333, 153
Trd, 000146.850, 148
Trd, 000147.033, 155
Trd, 000147.200, 144.0
Trd, 000148.167, 145
Trd, 000148.483, 147
Trd, 000149.183, 148.0
Trd, 000149.817, 148
Trd, 000149.917, 147
Trd, 000150.283, 146
Trd, 000150.833, 147.0
Trd, 000151.117, 147.0
Trd, 000151.333, 148
Trd, 000151.650, 148
Trd, 000151.917, 151
Trd, 000152.000, 165
Trd, 000152.617, 168.0
Trd, 000152.717, 155.0
Trd, 000152.867, 131
Trd, 000152.967, 175.0
Trd, 000153.283, 154
Trd, 000153.433, 124.0
Trd, 000153.717, 127.0
Trd, 000155.150, 144
Trd, 000155.883, 148.0
Trd, 000156.350, 145
Trd, 000156.450, 146
Trd, 000156.700, 144.0
Trd, 000156.783, 144
Trd, 000157.800, 145
Trd, 000158.183, 144
Trd, 000158.417, 146
Trd, 000158.583, 151
Trd, 000159.350, 145
Trd, 000159.550, 144.0
Trd, 000159.900, 144
Trd, 000160.083, 144
Trd, 000160.133, 143
Trd, 000160.683, 165
Trd, 000161.250, 148.0
Trd, 000162.000, 146
Trd, 000162.483, 155
Trd, 000163.317, 168.0
Trd, 000163.900, 160
Trd, 000164.100, 163
Trd, 000164.350, 172.0
Trd, 000165.367, 163
Trd, 000165.500, 163
Trd, 000165.550, 162
Trd, 000165.617, 169
Trd, 000166.400, 161
Trd, 000166.467, 160.0
Trd, 000166.900, 155.0
Trd, 000166.933, 167
Trd, 000168.017, 155
Trd, 000168.150, 170.0
Trd, 000168.567, 168
Trd, 000169.117, 169
Trd, 000170.767, 166
Trd, 000170.933, 166.0
Trd, 000170.967, 167
Trd, 000171.450, 151
Trd, 000172.800, 155.0
Trd, 000173.150, 157
Trd, 000174.167, 150
Trd, 000174.283, 153
Trd, 000174.967, 145.0
Trd, 000175.283, 150
Trd, 000175.533, 151
Trd, 000176.133, 151
Trd, 000176.750, 146
Trd, 000176.850, 151
Trd, 000177.567, 149
Trd, 000177.717, 149
Trd, 000178.000, 151
Trd, 000178.450, 149
Trd, 000178.483, 154
Trd, 000179.367, 149
Trd, 000179.533, 145
Trd, 000180.050, 147
Trd, 000180.733, 147
Trd, 000181.133, 146
Trd, 000181.983, 127.0
Trd, 000182.217, 137
Trd, 000182.617, 148.0
Trd, 000184.500, 142
Trd, 000184.867, 145
Trd, 000184.967, 145
Trd, 000185.167, 151
Trd, 000185.300, 165
Trd, 000185.433, 144.0
Trd, 000186.467, 145.0
Trd, 000186.583, 148.0
Trd, 000186.800, 144
Trd, 000187.283, 147
Trd, 000187.917, 145
Trd, 000188.650, 146
Trd, 000188.833, 147
Trd, 000189.267, 144
Trd, 000189.883, 144.0
Trd, 000189.917, 148.0
Trd, 000191.117, 149
Trd, 000191.533, 149
Trd, 000191.683, 148
Trd, 000191.967, 147
Trd, 000193.300, 146
Trd, 000193.717, 146
Trd, 000195.017, 148
Trd, 000195.133, 148.0
Trd, 000195.783, 146
Trd, 000196.117, 145
Trd, 000196.417, 146
Trd, 000196.583, 147
Trd, 000196.633, 146.0
Trd, 000197.083, 147
Trd, 000197.550, 146
Trd, 000198.217, 144.0
Trd, 000198.333, 148.0
Trd, 000199.383, 154
Trd, 000199.583, 147
Trd, 000199.783, 164
Trd, 000200.800, 155.0
Trd, 000201.400, 159
Trd, 000202.583, 156
Trd, 000202.600, 166.0
Trd, 000202.950, 153
Trd, 000205.400, 162
Trd, 000205.500, 159.0
Trd, 000205.567, 158
Trd, 000206.100, 156
Trd, 000206.150, 155.0
Trd, 000206.433, 147
Trd, 000207.433, 149
Trd, 000207.650, 149
Trd, 000207.683, 150
Trd, 000208.650, 148.0
Trd, 000209.450, 151
Trd, 000209.550, 160
Trd, 000209.667, 147.0
Trd, 000210.683, 155.0
Trd, 000210.733, 153
Trd, 000211.167, 151
Trd, 000211.900, 151
Trd, 000212.433, 150
Trd, 000212.633, 150
Trd, 000212.933, 153
Trd, 000213.017, 150
Trd, 000213.067, 168.0
Trd, 000213.333, 165
Trd, 000213.850, 149
Trd, 000214.167, 144.0
Trd, 000215.233, 132
Trd, 000215.700, 129
Trd, 000216.500, 148
Trd, 000216.600, 149
Trd, 000217.350, 143
Trd, 000217.850, 142
Trd, 000218.083, 147
Trd, 000218.883, 144.0
Trd, 000219.483, 144.0
Trd, 000220.450, 143
Trd, 000220.917, 144.0
Trd, 000221.083, 142
Trd, 000221.300, 145
Trd, 000222.767, 138
Trd, 000223.117, 138
Trd, 000223.150, 144
Trd, 000223.200, 145
Trd, 000223.250, 145
Trd, 000224.900, 143
Trd, 000225.233, 144
Trd, 000225.467, 144
Trd, 000225.550, 148.0
Trd, 000225.883, 151
Trd, 000226.517, 144
Trd, 000226.800, 165
Trd, 000227.050, 157
Trd, 000227.350, 145
Trd, 000227.983, 147
Trd, 000229.817, 148.0
Trd, 000230.050, 145
Trd, 000230.267, 148.0
Trd, 000230.667, 145
Trd, 000231.000, 146
Trd, 000231.183, 148
Trd, 000232.267, 146
Trd, 000232.383, 145
Trd, 000232.617, 147
Trd, 000233.000, 147
Trd, 000233.033, 148.0
Trd, 000233.783, 147
Trd, 000233.933, 150
Trd, 000233.950, 144
Trd, 000234.300, 143
Trd, 000235.550, 145
Trd, 000236.350, 143
Trd, 000236.467, 134
Trd, 000236.967, 142
Trd, 000237.033, 143
Trd, 000237.917, 143
Trd, 000238.183, 141
Trd, 000238.867, 143
Trd, 000239.050, 140
Trd, 000239.367, 144
Trd, 000240.183, 143.0
Trd, 000240.233, 148.0
Trd, 000240.567, 148
Trd, 000241.050, 142.0
Trd, 000241.217, 141.0
Trd, 000241.500, 142
Trd, 000242.033, 151
Trd, 000242.300, 163
Trd, 000243.800, 145
Trd, 000244.467, 147
Trd, 000244.783, 146
Trd, 000245.083, 145
Trd, 000245.167, 147
Trd, 000245.533, 147
Trd, 000245.917, 148
Trd, 000246.383, 148.0
Trd, 000246.400, 144.0
Trd, 000246.983, 149
Trd, 000247.333, 148
Trd, 000247.900, 148
Trd, 000247.983, 147
Trd, 000248.183, 149
Trd, 000248.550, 148
Trd, 000249.683, 148
Trd, 000249.717, 147
Trd, 000250.067, 150
Trd, 000250.583, 151
Trd, 000250.650, 165
Trd, 000250.683, 168.0
Trd, 000251.050, 159
Trd, 000251.417, 157
Trd, 000252.500, 158
Trd, 000252.533, 161
Trd, 000253.200, 150
Trd, 000254.317, 151
Trd, 000254.650, 148
Trd, 000254.833, 147
Trd, 000255.150, 148.0
Trd, 000255.517, 148.0
Trd, 000255.883, 149
Trd, 000256.833, 147.0
Trd, 000257.033, 148
Trd, 000257.250, 148.0
Trd, 000257.483, 146.0
Trd, 000257.567, 145
Trd, 000258.117, 144.0
Trd, 000258.583, 148
Trd, 000259.183, 145
Trd, 000259.283, 149
Trd, 000259.750, 144
Trd, 000260.117, 151
Trd, 000260.350, 152.0
Trd, 000261.083, 152.0
Trd, 000261.167, 152
Trd, 000261.217, 152
Trd, 000261.817, 154
Trd, 000262.717, 156.0
Trd, 000263.617, 152
Trd, 000264.233, 164.0
Trd, 000264.317, 151
Trd, 000264.867, 158.0
Trd, 000265.217, 157
Trd, 000265.500, 157
Trd, 000265.817, 157
Trd, 000265.900, 155.0
Trd, 000266.383, 156
Trd, 000266.800, 156
Trd, 000266.833, 155
Trd, 000267.100, 161
Trd, 000267.550, 157.0
Trd, 000267.817, 155.0
Trd, 000268.717, 156
Trd, 000268.783, 153
Trd, 000268.967, 154
Trd, 000269.333, 152
Trd, 000269.683, 156
Trd, 000270.133, 157
Trd, 000270.700, 156
Trd, 000270.750, 154
Trd, 000270.833, 153
Trd, 000271.317, 150
Trd, 000271.883, 152
Trd, 000271.967, 154
Trd, 000272.150, 156.0
Trd, 000273.133, 152
Trd, 000273.467, 155
Trd, 000273.517, 153
Trd, 000274.250, 155.0
Trd, 000274.483, 151
Trd, 000274.783, 155
Trd, 000275.233, 151
Trd, 000275.383, 165
Trd, 000275.567, 149
Trd, 000275.633, 144.0
Trd, 000276.767, 152
Trd, 000277.333, 152
Trd, 000277.433, 145
Trd, 000278.050, 149
Trd, 000278.067, 150
Trd, 000278.400, 149
Trd, 000278.567, 148.0
Trd, 000279.467, 150
Trd, 000279.483, 151
Trd, 000279.900, 155.0
Trd, 000280.050, 154
Trd, 000280.200, 155
Trd, 000280.217, 156.0
Trd, 000280.833, 155
Trd, 000281.417, 154
Trd, 000281.733, 155
Trd, 000282.367, 147
Trd, 000282.400, 156
Trd, 000282.750, 155
Trd, 000282.883, 147.0
Trd, 000283.150, 158.0
Trd, 000283.850, 141.0
Trd, 000283.900, 140.0
Trd, 000284.567, 162.0
Trd, 000284.967, 155.0
Trd, 000285.733, 157.0
Trd, 000285.817, 157.0
Trd, 000286.200, 151
Trd, 000287.583, 151
Trd, 000288.450, 151
Trd, 000288.600, 153
Trd, 000288.750, 150
Trd, 000290.200, 150
Trd, 000290.350, 150
Trd, 000290.533, 149
Trd, 000290.683, 144.0
Trd, 000290.833, 150
Trd, 000290.883, 151
Trd, 000291.533, 151
Trd, 000291.700, 142.0
Trd, 000291.983, 158.0
Trd, 000292.217, 162
Trd, 000292.383, 148
Trd, 000292.450, 165
Trd, 000293.000, 168.0
Trd, 000293.950, 158.0
Trd, 000294.017, 148
Trd, 000295.067, 160
Trd, 000295.467, 161
Trd, 000295.500, 162
Trd, 000295.583, 159
Trd, 000295.833, 157
Trd, 000297.000, 156
Trd, 000297.300, 155.0
Trd, 000297.367, 156
Trd, 000297.650, 146
Trd, 000298.683, 151
Trd, 000299.000, 137.0
Trd, 000299.533, 148.0
Trd, 000299.717, 150
