Trd, 000001.900, 100.0
Trd, 000002.867, 137.0
Trd, 000002.900, 155
Trd, 000004.700, 163
Trd, 000004.800, 164
Trd, 000005.017, 163
Trd, 000005.833, 163
Trd, 000006.517, 158.0
Trd, 000006.717, 159
Trd, 000006.983, 160
Trd, 000007.250, 160
Trd, 000007.517, 166
Trd, 000007.700, 159
Trd, 000008.183, 156
Trd, 000008.417, 151.0
Trd, 000008.900, 164
Trd, 000009.683, 162
Trd, 000011.733, 144
Trd, 000012.633, 151
Trd, 000012.967, 152
Trd, 000013.267, 140
Trd, 000013.283, 134
Trd, 000014.300, 147
Trd, 000014.467, 148
Trd, 000014.850, 144
Trd, 000014.883, 148
Trd, 000014.950, 166
Trd, 000016.767, 145
Trd, 000017.017, 151
Trd, 000017.250, 143
Trd, 000017.417, 153
Trd, 000018.000, 135.0
Trd, 000018.700, 154
Trd, 000018.900, 152
Trd, 000019.367, 151
Trd, 000021.750, 160
Trd, 000021.900, 159.0
Trd, 000022.733, 160
Trd, 000023.600, 157
Trd, 000023.817, 151.0
Trd, 000024.517, 152
Trd, 000024.850, 153
Trd, 000025.017, 155
Trd, 000025.100, 155
Trd, 000025.817, 154
Trd, 000025.983, 153.0
Trd, 000026.967, 153.0
Trd, 000027.350, 151
Trd, 000027.533, 151.0
Trd, 000027.583, 152
Trd, 000028.833, 136.0
Trd, 000029.117, 137.0
Trd, 000029.467, 143
Trd, 000029.700, 141
Trd, 000029.983, 141
Trd, 000030.350, 137.0
Trd, 000030.800, 142
Trd, 000030.817, 134.0
Trd, 000030.933, 152
Trd, 000032.233, 165
Trd, 000032.650, 156
Trd, 000032.667, 154
Trd, 000033.467, 158.0
Trd, 000033.833, 172.0
Trd, 000035.083, 158
Trd, 000035.117, 166
Trd, 000036.550, 164
Trd, 000037.900, 159
Trd, 000037.933, 158
Trd, 000038.250, 158.0
Trd, 000038.400, 153
Trd, 000038.983, 156
Trd, 000039.233, 157
Trd, 000039.617, 152
Trd, 000041.167, 156
Trd, 000041.850, 153
Trd, 000042.233, 154.0
Trd, 000042.567, 155
Trd, 000042.883, 155
Trd, 000042.967, 165
Trd, 000043.017, 172.0
Trd, 000043.433, 156
Trd, 000043.583, 155
Trd, 000043.667, 151.0
Trd, 000043.783, 144.0
Trd, 000044.050, 134.0
Trd, 000045.450, 140
Trd, 000045.767, 138
Trd, 000045.883, 137
Trd, 000046.000, 137
Trd, 000046.267, 125
Trd, 000046.317, 123
Trd, 000046.333, 120.0
Trd, 000046.483, 139
Trd, 000046.567, 142
Trd, 000047.300, 143
Trd, 000048.417, 136
Trd, 000048.817, 137.0
Trd, 000049.683, 149
Trd, 000050.383, 143
Trd, 000050.567, 166
Trd, 000051.317, 134.0
Trd, 000052.617, 150
Trd, 000053.533, 148
Trd, 000053.900, 158.0
Trd, 000054.150, 154
Trd, 000054.400, 165
Trd, 000054.500, 164
Trd, 000055.667, 168
Trd, 000055.683, 163
Trd, 000056.167, 162
Trd, 000057.183, 162
Trd, 000057.600, 157
Trd, 000057.733, 155
Trd, 000057.950, 156
Trd, 000058.633, 154
Trd, 000058.783, 145.0
Trd, 000058.933, 158
Trd, 000058.983, 144.0
Trd, 000059.417, 137.0
Trd, 000059.600, 146
Trd, 000060.150, 145
Trd, 000060.517, 161
Trd, 000060.800, 151.0
Trd, 000060.883, 165
Trd, 000061.750, 151
Trd, 000063.683, 133
Trd, 000063.917, 134.0
Trd, 000063.967, 137.0
Trd, 000064.400, 141
Trd, 000064.667, 129
Trd, 000064.817, 141
Trd, 000065.100, 150
Trd, 000066.567, 158.0
Trd, 000067.400, 158
Trd, 000068.600, 153
Trd, 000069.383, 151
Trd, 000069.833, 151
Trd, 000070.100, 151
Trd, 000070.417, 146.0
Trd, 000070.450, 150
Trd, 000070.483, 145
Trd, 000071.150, 146
Trd, 000071.183, 148
Trd, 000071.400, 145.0
Trd, 000071.967, 163
Trd, 000072.267, 144.0
Trd, 000073.217, 163
Trd, 000073.817, 153
Trd, 000074.317, 148
Trd, 000076.117, 146
Trd, 000077.400, 137
Trd, 000078.383, 136
Trd, 000078.400, 137
Trd, 000078.583, 138
Trd, 000078.850, 141
Trd, 000079.300, 165
Trd, 000079.850, 158.0
Trd, 000080.100, 152.0
Trd, 000081.350, 151.0
Trd, 000082.717, 145.0
Trd, 000082.933, 145
Trd, 000083.333, 147
Trd, 000083.467, 146.0
Trd, 000084.633, 147
Trd, 000085.000, 147
Trd, 000085.050, 145
Trd, 000085.333, 148
Trd, 000086.000, 144.0
Trd, 000086.500, 134.0
Trd, 000086.600, 130
Trd, 000086.933, 140
Trd, 000087.467, 137
Trd, 000088.200, 139
Trd, 000088.450, 141
Trd, 000089.500, 139
Trd, 000089.817, 141
Trd, 000089.950, 141
Trd, 000090.183, 148
Trd, 000090.517, 165
Trd, 000091.050, 158.0
Trd, 000093.033, 173.0
Trd, 000093.733, 166
Trd, 000094.067, 165
Trd, 000094.650, 159
Trd, 000095.333, 151.0
Trd, 000095.600, 157
Trd, 000096.533, 157
Trd, 000096.917, 154.0
Trd, 000097.083, 155
Trd, 000097.150, 156
Trd, 000097.383, 155
Trd, 000097.700, 156
Trd, 000098.800, 154
Trd, 000098.817, 151.0
Trd, 000099.417, 155
Trd, 000099.533, 161
Trd, 000100.233, 164
Trd, 000100.683, 147.0
Trd, 000100.967, 146.0
Trd, 000102.150, 146
Trd, 000102.617, 147
Trd, 000103.600, 146
Trd, 000103.650, 144.0
Trd, 000103.683, 148
Trd, 000103.717, 148
Trd, 000104.417, 149
Trd, 000104.817, 158.0
Trd, 000105.500, 163
Trd, 000105.917, 137.0
Trd, 000106.450, 148
Trd, 000106.933, 143
Trd, 000107.633, 145
Trd, 000107.933, 146
Trd, 000108.200, 148
Trd, 000109.800, 151
Trd, 000110.233, 158.0
Trd, 000110.467, 137.0
Trd, 000110.700, 136
Trd, 000111.350, 130
Trd, 000111.483, 149
Trd, 000112.100, 147
Trd, 000112.333, 147
Trd, 000112.900, 144
Trd, 000113.267, 147
Trd, 000113.650, 143
Trd, 000113.883, 145
Trd, 000114.417, 147
Trd, 000114.833, 138.0
Trd, 000115.333, 138.0
Trd, 000116.567, 139
Trd, 000117.050, 144
Trd, 000117.483, 146
Trd, 000117.683, 146
Trd, 000118.083, 148
Trd, 000118.200, 137.0
Trd, 000118.800, 151.0
Trd, 000119.200, 149
Trd, 000119.967, 149
Trd, 000120.117, 150
Trd, 000120.400, 135
Trd, 000120.967, 150
Trd, 000121.783, 143
Trd, 000121.817, 130
Trd, 000122.600, 139
Trd, 000122.783, 140
Trd, 000122.950, 141
Trd, 000123.183, 142
Trd, 000123.867, 148
Trd, 000124.117, 149
Trd, 000124.183, 165
Trd, 000126.250, 143.0
Trd, 000126.317, 148
Trd, 000126.933, 151
Trd, 000128.367, 136.0
Trd, 000128.700, 148
Trd, 000128.967, 147
Trd, 000130.217, 144
Trd, 000130.583, 143
Trd, 000131.100, 142
Trd, 000131.483, 144
Trd, 000131.500, 142
Trd, 000131.550, 145
Trd, 000132.233, 148
Trd, 000132.517, 137.0
Trd, 000132.850, 143
Trd, 000133.800, 130
Trd, 000134.200, 143
Trd, 000134.533, 145
Trd, 000135.217, 134.0
Trd, 000135.300, 143
Trd, 000135.833, 129.0
Trd, 000136.767, 128.0
Trd, 000137.467, 134
Trd, 000137.950, 135
Trd, 000138.000, 136
Trd, 000139.233, 135
Trd, 000139.317, 134
Trd, 000140.117, 135.0
Trd, 000140.283, 137.0
Trd, 000140.983, 134.0
Trd, 000141.033, 141
Trd, 000142.267, 139
Trd, 000142.600, 144
Trd, 000143.367, 146
Trd, 000143.467, 146
Trd, 000143.883, 134
Trd, 000144.317, 146
Trd, 000144.417, 134.0
Trd, 000145.250, 137
Trd, 000146.133, 163
Trd, 000146.350, 172.0
Trd, 000146.367, 161
Trd, 000146.533, 159.0
Trd, 000147.033, 159.0
Trd, 000147.600, 158.0
Trd, 000147.783, 158
Trd, 000148.300, 165
Trd, 000148.617, 151.0
Trd, 000149.317, 150
Trd, 000150.350, 156
Trd, 000150.733, 158.0
Trd, 000150.967, 158
Trd, 000151.050, 158
Trd, 000152.550, 158.0
Trd, 000152.617, 156
Trd, 000153.350, 150.0
Trd, 000153.717, 145.0
Trd, 000154.150, 147
Trd, 000154.583, 144.0
Trd, 000155.917, 140
Trd, 000156.500, 134.0
Trd, 000157.417, 139
Trd, 000157.600, 139
Trd, 000157.667, 140
Trd, 000157.883, 141
Trd, 000158.117, 148
Trd, 000158.783, 148
Trd, 000158.900, 167
Trd, 000159.517, 157
Trd, 000159.817, 157
Trd, 000159.850, 144.0
Trd, 000159.883, 143
Trd, 000160.383, 142
Trd, 000161.233, 143
Trd, 000162.083, 149
Trd, 000162.367, 150
Trd, 000163.333, 152
Trd, 000164.100, 146
Trd, 000164.217, 147
Trd, 000164.767, 137.0
Trd, 000165.067, 148
Trd, 000165.133, 135.0
Trd, 000165.283, 134.0
Trd, 000165.533, 137.0
Trd, 000166.150, 143
Trd, 000166.667, 137.0
Trd, 000166.883, 140
Trd, 000167.317, 141
Trd, 000167.900, 134
Trd, 000169.333, 135.0
Trd, 000169.667, 134.0
Trd, 000170.017, 136
Trd, 000170.050, 137
Trd, 000170.550, 136
Trd, 000170.583, 141
Trd, 000171.183, 151.0
Trd, 000171.233, 148
Trd, 000172.633, 146
Trd, 000173.083, 143
Trd, 000173.733, 148
Trd, 000174.433, 134.0
Trd, 000175.117, 165
Trd, 000175.400, 141
Trd, 000176.283, 151.0
Trd, 000176.867, 143
Trd, 000177.033, 148
Trd, 000177.333, 149
Trd, 000177.850, 150
Trd, 000179.117, 141
Trd, 000179.467, 142
Trd, 000179.667, 144
Trd, 000180.767, 143
Trd, 000181.567, 144
Trd, 000181.800, 147
Trd, 000182.050, 141
Trd, 000182.300, 147
Trd, 000182.667, 148
Trd, 000183.717, 159
Trd, 000183.833, 138
Trd, 000184.217, 163
Trd, 000184.283, 164
Trd, 000184.833, 165
Trd, 000185.017, 149
Trd, 000186.800, 159
Trd, 000186.983, 156
Trd, 000188.700, 151
Trd, 000188.833, 157
Trd, 000189.883, 168
Trd, 000189.900, 172.0
Trd, 000190.150, 152.0
Trd, 000190.733, 157
Trd, 000191.250, 156
Trd, 000191.383, 165
Trd, 000192.333, 154
Trd, 000192.483, 154
Trd, 000192.667, 154
Trd, 000193.217, 153
Trd, 000193.917, 152.0
Trd, 000194.400, 151.0
Trd, 000195.017, 151
Trd, 000195.450, 149
Trd, 000195.783, 147
Trd, 000195.917, 148
Trd, 000196.150, 149
Trd, 000196.183, 151
Trd, 000196.283, 157
Trd, 000196.833, 168
Trd, 000197.350, 139
Trd, 000198.050, 131
Trd, 000198.133, 152
Trd, 000198.500, 142
Trd, 000198.800, 156
Trd, 000199.950, 156
Trd, 000200.383, 155
Trd, 000201.350, 155
Trd, 000201.367, 156
Trd, 000201.617, 158.0
Trd, 000202.017, 143
Trd, 000202.217, 140
Trd, 000202.417, 164
Trd, 000203.450, 163
Trd, 000204.217, 161.0
Trd, 000204.983, 162
Trd, 000205.033, 160.0
Trd, 000205.400, 162
Trd, 000205.767, 161
Trd, 000206.767, 163
Trd, 000208.383, 160.0
Trd, 000208.400, 162
Trd, 000209.600, 159
Trd, 000209.683, 158.0
Trd, 000209.917, 161
Trd, 000210.017, 161
Trd, 000211.400, 145
Trd, 000211.783, 151.0
Trd, 000212.233, 155
Trd, 000212.750, 144.0
Trd, 000213.250, 156
Trd, 000214.033, 136
Trd, 000214.400, 161
Trd, 000214.800, 151
Trd, 000215.367, 137.0
Trd, 000215.450, 149
Trd, 000215.533, 148
Trd, 000216.000, 148
Trd, 000216.450, 149
Trd, 000216.617, 147
Trd, 000217.667, 148
Trd, 000217.967, 147
Trd, 000218.383, 149
Trd, 000219.817, 147
Trd, 000220.233, 149
Trd, 000220.317, 144.0
Trd, 000220.533, 148
Trd, 000221.067, 149
Trd, 000221.317, 145
Trd, 000221.433, 147
Trd, 000221.967, 160
Trd, 000222.283, 165
Trd, 000222.417, 172.0
Trd, 000223.133, 159.0
Trd, 000223.433, 158.0
Trd, 000224.567, 162
Trd, 000224.950, 165
Trd, 000225.333, 159
Trd, 000225.650, 158
Trd, 000226.700, 151.0
Trd, 000227.517, 157
Trd, 000227.700, 155
Trd, 000228.500, 152
Trd, 000228.567, 145.0
Trd, 000228.583, 144.0
Trd, 000230.883, 136.0
Trd, 000231.150, 136
Trd, 000231.283, 137
Trd, 000231.383, 137.0
Trd, 000232.017, 142
Trd, 000232.100, 143
Trd, 000232.967, 164
Trd, 000233.100, 163
Trd, 000234.200, 162
Trd, 000234.583, 158.0
Trd, 000235.750, 154
Trd, 000235.983, 157
Trd, 000236.350, 156
Trd, 000236.383, 151.0
Trd, 000236.783, 135.0
Trd, 000237.117, 157
Trd, 000238.150, 144.0
Trd, 000238.550, 153
Trd, 000238.800, 147
Trd, 000239.067, 153
Trd, 000239.150, 143
Trd, 000239.667, 151.0
Trd, 000240.583, 149.0
Trd, 000241.083, 139.0
Trd, 000242.083, 142
Trd, 000242.167, 144.0
Trd, 000242.683, 143.0
Trd, 000243.083, 141.0
Trd, 000243.283, 141.0
Trd, 000243.333, 138.0
Trd, 000243.417, 144
Trd, 000243.467, 151.0
Trd, 000244.117, 149
Trd, 000244.617, 149
Trd, 000245.217, 149
Trd, 000246.433, 143.0
Trd, 000246.667, 144.0
Trd, 000246.933, 136.0
Trd, 000247.217, 137.0
Trd, 000247.550, 136.0
Trd, 000248.267, 140.0
Trd, 000248.500, 134.0
Trd, 000248.733, 134
Trd, 000248.933, 134.0
Trd, 000249.017, 133
Trd, 000249.300, 133.0
Trd, 000249.517, 136.0
Trd, 000250.217, 133
Trd, 000251.267, 137.0
Trd, 000251.667, 136
Trd, 000252.050, 141
Trd, 000252.117, 142
Trd, 000252.133, 150
Trd, 000252.483, 150.0
Trd, 000253.283, 148
Trd, 000253.483, 148
Trd, 000253.633, 150
Trd, 000254.350, 149
Trd, 000254.950, 152
Trd, 000255.800, 149
Trd, 000255.967, 149
Trd, 000256.467, 149
Trd, 000256.667, 151
Trd, 000257.117, 151
Trd, 000257.700, 150.0
Trd, 000257.800, 148.0
Trd, 000257.833, 134.0
Trd, 000258.217, 130
Trd, 000259.233, 151.0
Trd, 000259.650, 149
Trd, 000259.700, 148
Trd, 000259.950, 148
Trd, 000260.383, 147
Trd, 000260.467, 148
Trd, 000260.667, 150
Trd, 000260.700, 153
Trd, 000262.150, 147.0
Trd, 000263.083, 149.0
Trd, 000263.500, 151.0
Trd, 000264.400, 149
Trd, 000264.417, 152
Trd, 000264.667, 152.0
Trd, 000264.733, 153
Trd, 000265.017, 148.0
Trd, 000265.033, 165
Trd, 000265.117, 172.0
Trd, 000265.283, 152
Trd, 000267.117, 159
Trd, 000267.450, 163
Trd, 000267.717, 160
Trd, 000267.950, 158.0
Trd, 000268.583, 155
Trd, 000268.617, 140.0
Trd, 000269.250, 139
Trd, 000269.567, 148
Trd, 000269.783, 137.0
Trd, 000269.800, 149
Trd, 000270.517, 142
Trd, 000270.617, 144
Trd, 000270.717, 145
Trd, 000271.483, 145
Trd, 000271.517, 139.0
Trd, 000272.250, 134.0
Trd, 000273.000, 139
Trd, 000273.350, 141
Trd, 000273.450, 138
Trd, 000273.750, 141.0
Trd, 000273.817, 133
Trd, 000273.917, 141.0
Trd, 000274.667, 136.0
Trd, 000274.783, 137.0
Trd, 000274.883, 144.0
Trd, 000275.283, 147
Trd, 000275.800, 142
Trd, 000275.883, 148
Trd, 000276.333, 158.0
Trd, 000276.633, 152.0
Trd, 000276.650, 172.0
Trd, 000277.683, 164.0
Trd, 000277.800, 163.0
Trd, 000278.767, 152.0
Trd, 000278.867, 154
Trd, 000278.967, 151.0
Trd, 000279.283, 153
Trd, 000280.017, 151.0
Trd, 000280.400, 148.0
Trd, 000280.433, 151
Trd, 000280.617, 147
Trd, 000281.000, 148.0
Trd, 000281.683, 153
Trd, 000281.967, 149
Trd, 000282.250, 144.0
Trd, 000282.967, 152
Trd, 000283.750, 151
Trd, 000283.900, 152
Trd, 000284.033, 148.0
Trd, 000284.400, 151.0
Trd, 000284.583, 143
Trd, 000284.750, 144.0
Trd, 000284.950, 144
Trd, 000285.167, 151.0
Trd, 000285.300, 152
Trd, 000286.133, 147.0
Trd, 000286.433, 151
Trd, 000286.983, 151
Trd, 000287.333, 151
Trd, 000287.633, 146
Trd, 000287.700, 152
Trd, 000287.967, 145
Trd, 000288.083, 156
Trd, 000288.367, 167
Trd, 000288.700, 170.0
Trd, 000288.983, 144.0
Trd, 000290.700, 137
Trd, 000291.183, 137.0
Trd, 000291.333, 144.0
Trd, 000291.767, 135
Trd, 000292.250, 144
Trd, 000292.500, 151.0
Trd, 000292.583, 163
Trd, 000293.033, 146
Trd, 000293.100, 144.0
Trd, 000293.967, 153
Trd, 000294.417, 154
Trd, 000294.683, 152
Trd, 000294.833, 151
Trd, 000295.133, 151.0
Trd, 000295.200, 153
Trd, 000295.750, 154
Trd, 000295.850, 162
Trd, 000295.983, 169
Trd, 000296.283, 171.0
Trd, 000296.483, 144.0
Trd, 000297.817, 164
Trd, 000297.867, 165
Trd, 000298.283, 151.0
Trd, 000298.567, 148.0
Trd, 000299.433, 158.0
