Trd, 000001.767, 167
Trd, 000001.800, 164
Trd, 000002.967, 166
Trd, 000003.200, 182.0
Trd, 000003.350, 166
Trd, 000004.433, 166
Trd, 000005.450, 164
Trd, 000005.467, 162.0
Trd, 000006.967, 155.0
Trd, 000007.167, 156
Trd, 000007.717, 158
Trd, 000007.983, 159
Trd, 000008.217, 151
Trd, 000008.500, 160
Trd, 000008.617, 152
Trd, 000009.817, 156.0
Trd, 000010.333, 156
Trd, 000010.633, 157
Trd, 000010.833, 158
Trd, 000011.933, 158.0
Trd, 000012.017, 156
Trd, 000013.567, 157.0
Trd, 000014.250, 155.0
Trd, 000015.667, 150.0
Trd, 000016.317, 151.0
Trd, 000016.367, 152
Trd, 000017.217, 152
Trd, 000017.383, 152
Trd, 000017.817, 152
Trd, 000019.467, 150
Trd, 000019.583, 151
Trd, 000019.617, 149
Trd, 000019.783, 151
Trd, 000020.283, 150.0
Trd, 000020.600, 151
Trd, 000020.933, 152
Trd, 000021.700, 155
Trd, 000022.550, 151.0
Trd, 000022.717, 150.0
Trd, 000023.383, 148.0
Trd, 000023.467, 155.0
Trd, 000024.850, 154.0
Trd, 000025.067, 153
Trd, 000025.283, 155.0
Trd, 000026.100, 158.0
Trd, 000026.667, 169
Trd, 000026.800, 171
Trd, 000027.067, 158
Trd, 000028.383, 160
Trd, 000029.217, 161
Trd, 000030.133, 161
Trd, 000030.283, 161
Trd, 000030.683, 161
Trd, 000030.833, 162
Trd, 000031.133, 158
Trd, 000032.717, 159
Trd, 000032.967, 162.0
Trd, 000033.800, 157
Trd, 000034.200, 160
Trd, 000034.567, 155
Trd, 000034.817, 159
Trd, 000035.617, 159
Trd, 000035.683, 157.0
Trd, 000036.033, 158.0
Trd, 000036.233, 157.0
Trd, 000036.383, 155.0
Trd, 000037.850, 158.0
Trd, 000038.283, 152.0
Trd, 000039.083, 157
Trd, 000039.550, 157
Trd, 000039.683, 148.0
Trd, 000040.167, 157
Trd, 000040.200, 161.0
Trd, 000040.450, 162.0
Trd, 000040.617, 159
Trd, 000041.733, 152
Trd, 000042.017, 158.0
Trd, 000042.883, 156
Trd, 000043.533, 153
Trd, 000044.050, 156
Trd, 000044.267, 155
Trd, 000045.033, 148.0
Trd, 000045.133, 158
Trd, 000046.383, 157
Trd, 000046.867, 153
Trd, 000047.017, 156
Trd, 000047.967, 154
Trd, 000048.633, 154
Trd, 000048.700, 153
Trd, 000049.017, 154
Trd, 000049.733, 155
Trd, 000049.783, 156
Trd, 000050.283, 148.0
Trd, 000051.267, 154
Trd, 000052.333, 155.0
Trd, 000053.017, 149
Trd, 000054.433, 152
Trd, 000054.483, 153
Trd, 000054.817, 154
Trd, 000055.433, 155.0
Trd, 000055.500, 154
Trd, 000055.783, 151
Trd, 000056.567, 148.0
Trd, 000056.583, 143
Trd, 000058.883, 155
Trd, 000058.900, 152
Trd, 000059.083, 151
Trd, 000060.050, 154
Trd, 000060.067, 155
Trd, 000060.200, 155
Trd, 000061.200, 158.0
Trd, 000061.283, 153
Trd, 000061.500, 162.0
Trd, 000062.100, 159
Trd, 000062.917, 159
Trd, 000063.183, 165
Trd, 000064.483, 160
Trd, 000065.400, 162
Trd, 000065.800, 161
Trd, 000066.350, 155.0
Trd, 000066.717, 161
Trd, 000066.833, 149
Trd, 000067.550, 160.0
Trd, 000067.617, 160
Trd, 000067.650, 159
Trd, 000068.533, 157
Trd, 000068.950, 159.0
Trd, 000070.083, 158.0
Trd, 000070.183, 160.0
Trd, 000071.367, 156
Trd, 000071.833, 159
Trd, 000072.133, 158
Trd, 000072.350, 160
Trd, 000073.233, 160
Trd, 000073.933, 158.0
Trd, 000074.250, 158
Trd, 000074.450, 157
Trd, 000075.717, 155
Trd, 000075.767, 152
Trd, 000076.550, 149.0
Trd, 000077.717, 151.0
Trd, 000078.200, 152
Trd, 000078.433, 152
Trd, 000078.600, 153
Trd, 000079.383, 149.0
Trd, 000080.300, 157
Trd, 000080.450, 157.0
Trd, 000080.533, 158.0
Trd, 000080.633, 156
Trd, 000081.683, 155
Trd, 000081.700, 158.0
Trd, 000082.283, 157
Trd, 000082.700, 157.0
Trd, 000082.950, 152
Trd, 000084.617, 156
Trd, 000085.183, 156
Trd, 000085.383, 155
Trd, 000086.283, 155
Trd, 000087.100, 154
Trd, 000087.133, 155.0
Trd, 000087.383, 158.0
Trd, 000089.850, 158
Trd, 000090.167, 152.0
Trd, 000090.250, 158
Trd, 000090.900, 152.0
Trd, 000091.417, 151.0
Trd, 000092.217, 153
Trd, 000093.133, 153.0
Trd, 000093.300, 152
Trd, 000093.600, 154.0
Trd, 000094.733, 150
Trd, 000095.917, 152
Trd, 000097.017, 150
Trd, 000097.350, 150
Trd, 000097.417, 151
Trd, 000097.667, 151
Trd, 000098.133, 151.0
Trd, 000098.283, 151
Trd, 000099.350, 149
Trd, 000100.067, 149.0
Trd, 000100.600, 153
Trd, 000101.667, 151
Trd, 000102.050, 152
Trd, 000103.500, 152
Trd, 000103.717, 155.0
Trd, 000103.833, 158.0
Trd, 000104.433, 151
Trd, 000105.000, 152
Trd, 000105.100, 151
Trd, 000105.833, 153
Trd, 000107.433, 152
Trd, 000108.133, 152
Trd, 000108.400, 143
Trd, 000109.267, 153
Trd, 000109.517, 153
Trd, 000109.583, 153.0
Trd, 000110.450, 155.0
Trd, 000110.917, 154.0
Trd, 000111.083, 155
Trd, 000111.200, 158.0
Trd, 000111.433, 157
Trd, 000112.600, 163
Trd, 000113.883, 165
Trd, 000114.133, 163.0
Trd, 000115.300, 163.0
Trd, 000115.583, 163
Trd, 000115.617, 162.0
Trd, 000115.800, 165
Trd, 000116.533, 162
Trd, 000117.633, 163
Trd, 000118.250, 161
Trd, 000118.533, 162
Trd, 000119.233, 162
Trd, 000120.517, 157.0
Trd, 000120.550, 158.0
Trd, 000120.633, 157.0
Trd, 000121.333, 162
Trd, 000121.483, 153
Trd, 000121.783, 154
Trd, 000122.900, 149.0
Trd, 000122.983, 157
Trd, 000123.667, 157
Trd, 000124.783, 157
Trd, 000124.867, 157
Trd, 000125.383, 159.0
Trd, 000127.217, 152
Trd, 000127.333, 156.0
Trd, 000127.683, 157.0
Trd, 000127.850, 151
Trd, 000128.133, 150.0
Trd, 000128.283, 149.0
Trd, 000128.550, 148.0
Trd, 000129.533, 153
Trd, 000129.933, 155
Trd, 000130.817, 154
Trd, 000131.017, 152
Trd, 000131.533, 154
Trd, 000131.683, 156
Trd, 000133.417, 153
Trd, 000133.433, 155
Trd, 000133.683, 154
Trd, 000133.850, 153
Trd, 000133.983, 155
Trd, 000134.083, 157.0
Trd, 000134.583, 152
Trd, 000134.750, 151
Trd, 000135.967, 154
Trd, 000136.400, 154
Trd, 000136.733, 150
Trd, 000136.917, 148.0
Trd, 000137.333, 155
Trd, 000137.767, 158.0
Trd, 000138.117, 162.0
Trd, 000138.233, 143
Trd, 000139.033, 154
Trd, 000139.817, 156
Trd, 000140.750, 156
Trd, 000140.900, 155
Trd, 000141.650, 156
Trd, 000141.833, 155.0
Trd, 000142.050, 153
Trd, 000142.500, 151
Trd, 000144.233, 150.0
Trd, 000145.517, 152
Trd, 000145.950, 151
Trd, 000145.967, 153
Trd, 000146.500, 151
Trd, 000147.050, 152
Trd, 000147.167, 151
Trd, 000147.583, 162.0
Trd, 000148.267, 152
Trd, 000148.833, 153
Trd, 000148.950, 158.0
Trd, 000149.517, 154
Trd, 000149.750, 154
Trd, 000150.450, 150
Trd, 000151.300, 162.0
Trd, 000151.517, 164
Trd, 000151.650, 167
Trd, 000152.950, 155
Trd, 000153.033, 158.0
Trd, 000153.483, 160
Trd, 000153.733, 158
Trd, 000155.700, 156
Trd, 000156.583, 157
Trd, 000156.933, 156
Trd, 000157.267, 156
Trd, 000157.567, 159
Trd, 000157.600, 155.0
Trd, 000158.517, 157
Trd, 000158.683, 159
Trd, 000159.550, 158.0
Trd, 000159.650, 158
Trd, 000159.967, 157
Trd, 000160.050, 153
Trd, 000160.383, 143
Trd, 000161.833, 156
Trd, 000162.200, 156
Trd, 000162.883, 152.0
Trd, 000164.167, 156
Trd, 000164.950, 155
Trd, 000165.683, 155
Trd, 000166.033, 155
Trd, 000166.117, 156
Trd, 000167.133, 155
Trd, 000167.717, 153
Trd, 000168.567, 153
Trd, 000169.500, 153
Trd, 000169.900, 156
Trd, 000170.150, 152
Trd, 000170.300, 158.0
Trd, 000170.417, 144
Trd, 000170.933, 155
Trd, 000171.033, 148.0
Trd, 000172.417, 147
Trd, 000172.450, 152
Trd, 000172.550, 155
Trd, 000172.583, 162.0
Trd, 000174.383, 165.0
Trd, 000175.000, 166.0
Trd, 000175.583, 162.0
Trd, 000175.600, 152
Trd, 000176.283, 148.0
Trd, 000176.983, 156
Trd, 000177.250, 151
Trd, 000178.417, 151.0
Trd, 000178.467, 152
Trd, 000178.750, 150
Trd, 000179.300, 149.0
Trd, 000179.350, 150
Trd, 000179.717, 153
Trd, 000179.950, 148.0
Trd, 000181.350, 157.0
Trd, 000181.367, 158.0
Trd, 000181.600, 154
Trd, 000181.850, 162.0
Trd, 000182.450, 151
Trd, 000183.083, 154
Trd, 000183.367, 155
Trd, 000183.400, 162
Trd, 000184.067, 155
Trd, 000184.567, 158
Trd, 000185.617, 164
Trd, 000185.833, 158
Trd, 000185.850, 159
Trd, 000186.033, 158.0
Trd, 000186.567, 157
Trd, 000186.750, 158
Trd, 000186.867, 168
Trd, 000188.017, 155.0
Trd, 000188.867, 148.0
Trd, 000190.183, 136
Trd, 000190.533, 151
Trd, 000190.600, 133.0
Trd, 000190.967, 149
Trd, 000191.967, 147
Trd, 000192.483, 146
Trd, 000192.633, 147
Trd, 000192.700, 147
Trd, 000193.350, 147
Trd, 000194.033, 148
Trd, 000194.133, 145
Trd, 000194.983, 147
Trd, 000195.783, 151.0
Trd, 000196.500, 148
Trd, 000196.550, 150
Trd, 000197.633, 152
Trd, 000198.317, 150
Trd, 000198.483, 148.0
Trd, 000198.667, 143
Trd, 000198.883, 150
Trd, 000198.900, 151
Trd, 000199.233, 156.0
Trd, 000199.883, 157.0
Trd, 000201.017, 153
Trd, 000201.183, 142
Trd, 000201.767, 155
Trd, 000201.967, 162.0
Trd, 000203.500, 153
Trd, 000203.633, 154
Trd, 000204.000, 156
Trd, 000204.233, 158.0
Trd, 000204.900, 161.0
Trd, 000205.400, 161.0
Trd, 000205.433, 160
Trd, 000205.783, 162.0
Trd, 000206.783, 165
Trd, 000207.533, 164
Trd, 000208.450, 162.0
Trd, 000209.483, 159
Trd, 000210.083, 159
Trd, 000210.250, 158
Trd, 000210.450, 161
Trd, 000210.800, 155.0
Trd, 000213.467, 156
Trd, 000213.483, 155
Trd, 000213.683, 155.0
Trd, 000214.783, 156
Trd, 000215.250, 157.0
Trd, 000215.633, 156
Trd, 000215.667, 157
Trd, 000215.767, 158.0
Trd, 000216.217, 155
Trd, 000216.400, 159
Trd, 000217.167, 159.0
Trd, 000217.317, 158
Trd, 000217.850, 159
Trd, 000218.883, 157.0
Trd, 000218.933, 148.0
Trd, 000219.883, 156
Trd, 000220.517, 151
Trd, 000220.867, 151
Trd, 000221.067, 152
Trd, 000221.317, 158.0
Trd, 000221.683, 151
Trd, 000222.083, 157
Trd, 000222.483, 160
Trd, 000222.583, 162.0
Trd, 000222.983, 149
Trd, 000225.750, 157
Trd, 000226.067, 155
Trd, 000226.300, 154
Trd, 000226.983, 154
Trd, 000227.117, 155
Trd, 000227.333, 155
Trd, 000227.517, 155
Trd, 000228.100, 157
Trd, 000228.350, 158.0
Trd, 000228.450, 162.0
Trd, 000228.650, 158
Trd, 000229.800, 155.0
Trd, 000230.017, 155
Trd, 000230.233, 158
Trd, 000230.883, 154
Trd, 000231.117, 158.0
Trd, 000231.850, 156.0
Trd, 000232.750, 154
Trd, 000234.083, 150
Trd, 000234.533, 149.0
Trd, 000235.650, 151
Trd, 000235.867, 152
Trd, 000235.950, 153
Trd, 000236.433, 150.0
Trd, 000237.067, 153
Trd, 000237.167, 158.0
Trd, 000238.200, 155
Trd, 000238.483, 155
Trd, 000238.800, 161.0
Trd, 000239.267, 157
Trd, 000240.017, 162
Trd, 000240.667, 154
Trd, 000240.717, 155
Trd, 000241.033, 153.0
Trd, 000241.250, 148.0
Trd, 000241.400, 143
Trd, 000242.367, 151
Trd, 000242.500, 152
Trd, 000242.600, 150
Trd, 000242.783, 150
Trd, 000242.883, 162.0
Trd, 000243.033, 158
Trd, 000243.767, 148
Trd, 000244.717, 151
Trd, 000244.867, 151
Trd, 000245.433, 143
Trd, 000245.917, 148
Trd, 000246.350, 149
Trd, 000246.367, 149
Trd, 000246.617, 152
Trd, 000247.867, 151.0
Trd, 000248.067, 151.0
Trd, 000248.150, 150.0
Trd, 000248.300, 158.0
Trd, 000249.233, 151
Trd, 000249.850, 151
Trd, 000250.183, 148.0
Trd, 000250.300, 143
Trd, 000251.033, 152
Trd, 000251.167, 158.0
Trd, 000251.283, 159.0
Trd, 000252.100, 161.0
Trd, 000252.350, 159
Trd, 000252.433, 162.0
Trd, 000252.750, 155.0
Trd, 000253.533, 160
Trd, 000254.217, 163
Trd, 000254.433, 163
Trd, 000254.633, 160
Trd, 000254.800, 149
Trd, 000255.283, 161
Trd, 000255.350, 163
Trd, 000255.400, 160
Trd, 000255.417, 158
Trd, 000256.133, 156
Trd, 000256.517, 149.0
Trd, 000257.100, 154
Trd, 000257.817, 154
Trd, 000257.950, 155
Trd, 000259.033, 154.0
Trd, 000259.050, 155
Trd, 000259.150, 156
Trd, 000259.267, 153.0
Trd, 000260.000, 148.0
Trd, 000260.617, 143
Trd, 000261.117, 151
Trd, 000261.583, 158.0
Trd, 000261.767, 160
Trd, 000261.900, 149.0
Trd, 000262.033, 148.0
Trd, 000263.450, 150
Trd, 000263.550, 151
Trd, 000263.683, 152
Trd, 000263.867, 151
Trd, 000263.983, 152
Trd, 000264.083, 153
Trd, 000264.617, 162.0
Trd, 000265.150, 143
Trd, 000265.700, 150
Trd, 000266.050, 149
Trd, 000266.250, 148.0
Trd, 000266.583, 152
Trd, 000266.983, 153
Trd, 000267.000, 158.0
Trd, 000268.133, 150
Trd, 000268.950, 151
Trd, 000269.117, 150
Trd, 000269.550, 147
Trd, 000269.767, 146
Trd, 000270.233, 148
Trd, 000270.767, 150.0
Trd, 000271.017, 150
Trd, 000271.183, 151.0
Trd, 000271.667, 148.0
Trd, 000271.800, 152
Trd, 000272.100, 152
Trd, 000272.433, 158.0
Trd, 000272.783, 157
Trd, 000273.583, 150
Trd, 000273.700, 150
Trd, 000273.900, 150
Trd, 000274.033, 154
Trd, 000274.967, 149.0
Trd, 000275.017, 155.0
Trd, 000275.733, 148.0
Trd, 000276.017, 149.0
Trd, 000276.050, 154
Trd, 000276.117, 143
Trd, 000276.183, 155.0
Trd, 000276.667, 148
Trd, 000276.867, 142
Trd, 000277.217, 158.0
Trd, 000277.533, 157
Trd, 000277.983, 161.0
Trd, 000278.583, 156
Trd, 000279.317, 158.0
Trd, 000280.350, 145.0
Trd, 000281.067, 144
Trd, 000282.350, 147
Trd, 000282.467, 149
Trd, 000282.683, 145
Trd, 000282.700, 144
Trd, 000282.833, 143
Trd, 000282.900, 152
Trd, 000282.967, 153.0
Trd, 000283.000, 162.0
Trd, 000283.283, 162.0
Trd, 000284.100, 156
Trd, 000284.733, 165
Trd, 000284.967, 158
Trd, 000285.533, 160
Trd, 000285.683, 155
Trd, 000285.767, 172.0
Trd, 000286.350, 158
Trd, 000287.033, 167
Trd, 000287.083, 161.0
Trd, 000287.100, 160.0
Trd, 000287.450, 157
Trd, 000288.033, 161
Trd, 000288.117, 162.0
Trd, 000288.517, 167
Trd, 000288.667, 157.0
Trd, 000289.083, 168
Trd, 000289.517, 157.0
Trd, 000289.800, 155.0
Trd, 000290.383, 158.0
Trd, 000290.767, 165
Trd, 000291.117, 152
Trd, 000291.617, 143
Trd, 000291.900, 136
Trd, 000292.100, 147
Trd, 000292.617, 141.0
Trd, 000292.850, 147
Trd, 000293.233, 148
Trd, 000293.900, 142
Trd, 000294.350, 145
Trd, 000294.500, 145
Trd, 000294.900, 136
Trd, 000295.017, 146
Trd, 000295.883, 157.0
Trd, 000295.933, 158.0
Trd, 000296.167, 136.0
Trd, 000296.217, 135.0
Trd, 000296.650, 148.0
Trd, 000296.833, 141
Trd, 000296.983, 135.0
Trd, 000297.683, 154
Trd, 000297.733, 141
Trd, 000298.083, 168
Trd, 000298.100, 152
Trd, 000298.233, 142
Trd, 000299.383, 172.0
Trd, 000299.683, 158
