Trd, 000002.550, 143.0
Trd, 000003.333, 141
Trd, 000004.083, 141.0
Trd, 000004.283, 142
Trd, 000005.233, 139
Trd, 000005.400, 139
Trd, 000005.483, 139
Trd, 000006.233, 140
Trd, 000006.417, 144.0
Trd, 000006.717, 172.0
Trd, 000007.067, 179.0
Trd, 000007.200, 138
Trd, 000008.233, 166.0
Trd, 000008.433, 165.0
Trd, 000008.617, 153
Trd, 000009.583, 159
Trd, 000009.783, 159
Trd, 000010.500, 158
Trd, 000012.267, 159
Trd, 000012.333, 159
Trd, 000013.250, 160
Trd, 000013.400, 161
Trd, 000013.417, 160
Trd, 000013.450, 157
Trd, 000014.117, 159
Trd, 000014.383, 157
Trd, 000015.667, 160
Trd, 000015.967, 157
Trd, 000016.583, 159
Trd, 000016.717, 158
Trd, 000017.367, 149
Trd, 000017.550, 159
Trd, 000018.800, 157
Trd, 000018.850, 152
Trd, 000019.200, 161
Trd, 000019.700, 151
Trd, 000019.750, 146
Trd, 000020.167, 138
Trd, 000020.267, 159
Trd, 000020.417, 157
Trd, 000021.317, 152
Trd, 000022.367, 155
Trd, 000022.500, 156
Trd, 000023.717, 161
Trd, 000024.350, 159
Trd, 000024.367, 158
Trd, 000024.800, 158
Trd, 000025.900, 158
Trd, 000026.083, 157
Trd, 000026.183, 156
Trd, 000026.283, 160
Trd, 000027.750, 155
Trd, 000028.033, 158
Trd, 000028.817, 156
Trd, 000029.350, 156
Trd, 000030.217, 156
Trd, 000030.300, 155
Trd, 000030.383, 158
Trd, 000030.783, 158
Trd, 000032.017, 154
Trd, 000032.300, 154
Trd, 000032.983, 155
Trd, 000033.933, 154
Trd, 000034.683, 155
Trd, 000034.700, 155
Trd, 000035.150, 154
Trd, 000035.283, 155
Trd, 000037.033, 156
Trd, 000037.717, 160
Trd, 000038.117, 159
Trd, 000038.167, 158
Trd, 000038.200, 160
Trd, 000039.267, 157
Trd, 000039.633, 154
Trd, 000040.600, 152
Trd, 000041.317, 144.0
Trd, 000041.467, 154
Trd, 000041.517, 157
Trd, 000042.217, 148
Trd, 000043.350, 154
Trd, 000043.983, 151
Trd, 000045.000, 150
Trd, 000045.017, 152
Trd, 000046.400, 151
Trd, 000047.083, 150
Trd, 000047.667, 152
Trd, 000047.683, 148
Trd, 000049.133, 142.0
Trd, 000049.750, 145
Trd, 000049.800, 145
Trd, 000049.900, 147
Trd, 000050.567, 147
Trd, 000050.583, 147
Trd, 000050.650, 143
Trd, 000051.833, 146.0
Trd, 000052.133, 146
Trd, 000052.917, 145
Trd, 000053.267, 145
Trd, 000054.100, 145
Trd, 000054.783, 147
Trd, 000054.867, 147
Trd, 000055.217, 155
Trd, 000055.850, 165.0
Trd, 000056.100, 160
Trd, 000056.233, 178.0
Trd, 000056.800, 155
Trd, 000058.800, 167
Trd, 000058.817, 166.0
Trd, 000058.983, 165.0
Trd, 000059.567, 158
Trd, 000059.933, 156
Trd, 000060.467, 170.0
Trd, 000062.250, 162
Trd, 000062.267, 160
Trd, 000062.417, 162
Trd, 000063.200, 141.0
Trd, 000063.600, 143.0
Trd, 000063.850, 141
Trd, 000064.000, 143
Trd, 000064.967, 141
Trd, 000066.217, 141
Trd, 000066.533, 141
Trd, 000067.150, 140
Trd, 000067.583, 137
Trd, 000068.883, 140
Trd, 000068.900, 141
Trd, 000069.417, 140
Trd, 000069.883, 140
Trd, 000070.217, 139
Trd, 000070.367, 144.0
Trd, 000071.300, 148
Trd, 000072.217, 155
Trd, 000073.300, 157
Trd, 000074.467, 179.0
Trd, 000075.167, 162
Trd, 000075.800, 165.0
Trd, 000075.867, 156
Trd, 000076.567, 141.0
Trd, 000076.850, 143.0
Trd, 000077.000, 143
Trd, 000077.483, 144.0
Trd, 000077.850, 145
Trd, 000078.200, 139
Trd, 000078.267, 136
Trd, 000079.650, 144.0
Trd, 000079.833, 143.0
Trd, 000080.100, 144
Trd, 000080.167, 145
Trd, 000080.417, 145
Trd, 000080.883, 146
Trd, 000081.633, 145
Trd, 000081.833, 146
Trd, 000082.683, 145
Trd, 000082.983, 145
Trd, 000083.217, 145
Trd, 000083.250, 147
Trd, 000084.050, 148
Trd, 000084.367, 148
Trd, 000084.850, 147
Trd, 000085.350, 172.0
Trd, 000086.633, 165.0
Trd, 000086.933, 162
Trd, 000087.017, 161
Trd, 000087.317, 165
Trd, 000088.167, 176
Trd, 000088.383, 172
Trd, 000088.583, 177.0
Trd, 000089.650, 161
Trd, 000089.983, 161
Trd, 000090.483, 158
Trd, 000091.567, 157
Trd, 000093.583, 159
Trd, 000094.200, 159
Trd, 000094.817, 159
Trd, 000095.033, 159
Trd, 000095.617, 157
Trd, 000095.633, 157
Trd, 000096.783, 155
Trd, 000097.467, 159
Trd, 000097.633, 153
Trd, 000098.350, 156
Trd, 000099.883, 152
Trd, 000100.317, 153
Trd, 000100.367, 155
Trd, 000100.467, 157
Trd, 000101.033, 156
Trd, 000101.100, 150
Trd, 000102.367, 152
Trd, 000102.533, 150
Trd, 000102.750, 154
Trd, 000103.900, 149
Trd, 000103.983, 141.0
Trd, 000105.200, 148
Trd, 000105.383, 147
Trd, 000105.833, 147
Trd, 000105.867, 148
Trd, 000105.917, 148
Trd, 000106.333, 149
Trd, 000107.317, 151
Trd, 000108.750, 152
Trd, 000109.350, 151
Trd, 000109.817, 151
Trd, 000109.983, 151
Trd, 000110.183, 150
Trd, 000110.283, 172.0
Trd, 000111.083, 165.0
Trd, 000111.133, 154
Trd, 000111.300, 158
Trd, 000112.167, 165.0
Trd, 000112.467, 158
Trd, 000112.633, 171.0
Trd, 000113.083, 162
Trd, 000113.100, 156
Trd, 000113.733, 171
Trd, 000115.233, 161
Trd, 000115.250, 161
Trd, 000116.583, 161
Trd, 000116.633, 161
Trd, 000117.083, 159
Trd, 000118.317, 158
Trd, 000118.483, 161
Trd, 000118.917, 159
Trd, 000119.450, 158
Trd, 000120.917, 157
Trd, 000120.983, 159
Trd, 000121.300, 156
Trd, 000121.433, 160
Trd, 000122.367, 156
Trd, 000123.100, 159
Trd, 000124.067, 155
Trd, 000124.150, 147
Trd, 000124.183, 157
Trd, 000125.550, 157
Trd, 000126.250, 155
Trd, 000126.433, 155
Trd, 000126.617, 157
Trd, 000126.967, 154
Trd, 000127.250, 159
Trd, 000127.267, 153
Trd, 000128.700, 167.0
Trd, 000128.900, 167.0
Trd, 000130.083, 167.0
Trd, 000130.300, 168
Trd, 000130.817, 165.0
Trd, 000131.900, 172.0
Trd, 000132.167, 162
Trd, 000132.717, 168
Trd, 000132.950, 162
Trd, 000133.250, 164
Trd, 000133.983, 161
Trd, 000136.483, 159
Trd, 000137.233, 160
Trd, 000137.317, 162
Trd, 000137.517, 161
Trd, 000138.483, 159
Trd, 000138.567, 157
Trd, 000138.817, 161
Trd, 000139.533, 158
Trd, 000140.400, 159
Trd, 000141.100, 161
Trd, 000141.167, 159
Trd, 000142.300, 160
Trd, 000142.350, 160
Trd, 000142.700, 158
Trd, 000143.417, 158
Trd, 000143.583, 159
Trd, 000144.167, 158
Trd, 000145.367, 157
Trd, 000145.517, 155
Trd, 000145.833, 159
Trd, 000146.567, 157
Trd, 000147.900, 155
Trd, 000148.467, 158
Trd, 000149.950, 145.0
Trd, 000150.567, 150
Trd, 000150.967, 150
Trd, 000151.167, 147
Trd, 000151.800, 147
Trd, 000152.200, 148
Trd, 000152.500, 148
Trd, 000152.817, 147.0
Trd, 000153.217, 150
Trd, 000153.700, 147.0
Trd, 000154.083, 148
Trd, 000155.567, 149
Trd, 000155.817, 148
Trd, 000155.833, 149
Trd, 000157.833, 149
Trd, 000157.850, 148
Trd, 000158.533, 148
Trd, 000158.750, 148
Trd, 000159.233, 147
Trd, 000159.283, 141.0
Trd, 000159.717, 148
Trd, 000159.833, 148
Trd, 000159.850, 142
Trd, 000160.533, 149
Trd, 000160.800, 150
Trd, 000161.433, 137.0
Trd, 000161.567, 136
Trd, 000162.567, 146
Trd, 000162.950, 141.0
Trd, 000163.550, 146
Trd, 000163.917, 139
Trd, 000166.083, 144
Trd, 000166.350, 144
Trd, 000167.100, 144
Trd, 000167.133, 144
Trd, 000167.567, 145
Trd, 000167.600, 144
Trd, 000168.550, 145
Trd, 000168.683, 144
Trd, 000168.783, 145
Trd, 000169.167, 179.0
Trd, 000169.400, 155
Trd, 000169.733, 157
Trd, 000170.333, 158
Trd, 000170.917, 156
Trd, 000170.933, 154
Trd, 000172.600, 151
Trd, 000173.417, 141
Trd, 000174.050, 152
Trd, 000175.000, 147
Trd, 000175.700, 148
Trd, 000176.100, 151
Trd, 000176.333, 151
Trd, 000177.917, 150
Trd, 000178.883, 149
Trd, 000179.183, 146
Trd, 000179.917, 149
Trd, 000180.017, 147
Trd, 000180.117, 150
Trd, 000180.900, 150
Trd, 000181.067, 150
Trd, 000181.433, 149
Trd, 000181.917, 149
Trd, 000182.050, 153
Trd, 000182.667, 155
Trd, 000182.683, 155
Trd, 000183.033, 165.0
Trd, 000183.367, 160
Trd, 000184.067, 156
Trd, 000184.517, 155
Trd, 000185.600, 155
Trd, 000186.033, 154
Trd, 000187.333, 151
Trd, 000189.000, 146
Trd, 000189.033, 149
Trd, 000189.750, 149
Trd, 000189.933, 145.0
Trd, 000190.150, 148
Trd, 000190.750, 148
Trd, 000190.800, 149
Trd, 000191.500, 150
Trd, 000193.100, 159
Trd, 000193.367, 171.0
Trd, 000193.567, 157
Trd, 000193.883, 157
Trd, 000194.850, 156
Trd, 000195.100, 161
Trd, 000195.750, 158
Trd, 000196.033, 158
Trd, 000196.217, 161
Trd, 000197.167, 160
Trd, 000197.883, 156
Trd, 000199.600, 170.0
Trd, 000199.850, 179.0
Trd, 000200.567, 169
Trd, 000200.767, 172.0
Trd, 000201.417, 169
Trd, 000201.550, 173
Trd, 000201.950, 168
Trd, 000204.033, 166.0
Trd, 000204.150, 160
Trd, 000204.350, 165.0
Trd, 000204.467, 168
Trd, 000205.400, 166
Trd, 000205.450, 167
Trd, 000206.117, 165
Trd, 000207.133, 141.0
Trd, 000207.333, 168
Trd, 000207.567, 142
Trd, 000207.733, 139
Trd, 000208.350, 150
Trd, 000209.300, 165
Trd, 000209.400, 165
Trd, 000210.700, 163
Trd, 000211.500, 161
Trd, 000211.617, 161
Trd, 000211.650, 160
Trd, 000212.117, 160
Trd, 000212.433, 161
Trd, 000212.450, 162
Trd, 000213.300, 159
Trd, 000214.000, 161
Trd, 000214.350, 159
Trd, 000215.100, 160
Trd, 000215.850, 158
Trd, 000217.167, 159
Trd, 000217.400, 158
Trd, 000217.450, 162
Trd, 000217.483, 157
Trd, 000217.567, 165.0
Trd, 000217.900, 155
Trd, 000218.900, 164
Trd, 000220.050, 165
Trd, 000220.183, 162
Trd, 000220.383, 165
Trd, 000220.917, 163
Trd, 000221.217, 164
Trd, 000221.967, 161
Trd, 000222.250, 161
Trd, 000222.700, 160
Trd, 000223.567, 163
Trd, 000223.900, 157
Trd, 000224.300, 163
Trd, 000224.800, 157
Trd, 000226.367, 158
Trd, 000226.783, 158
Trd, 000226.833, 158
Trd, 000226.883, 160
Trd, 000227.967, 159
Trd, 000228.167, 158
Trd, 000228.333, 157
Trd, 000228.483, 155
Trd, 000228.617, 159
Trd, 000230.517, 155
Trd, 000230.883, 157
Trd, 000231.017, 154
Trd, 000232.767, 144.0
Trd, 000233.433, 152
Trd, 000235.150, 149
Trd, 000235.250, 157
Trd, 000235.300, 159
Trd, 000235.350, 165.0
Trd, 000236.167, 150
Trd, 000236.750, 156
Trd, 000237.100, 155
Trd, 000237.500, 155
Trd, 000237.717, 141.0
Trd, 000237.933, 141
Trd, 000238.117, 147
Trd, 000238.283, 162
Trd, 000238.783, 152
Trd, 000239.600, 147
Trd, 000239.900, 150
Trd, 000240.717, 148
Trd, 000240.950, 148
Trd, 000241.050, 150
Trd, 000241.733, 149.0
Trd, 000243.067, 153
Trd, 000243.167, 153
Trd, 000243.983, 157.0
Trd, 000244.233, 159.0
Trd, 000245.050, 154
Trd, 000245.367, 162.0
Trd, 000245.417, 157
Trd, 000246.483, 157
Trd, 000246.733, 157
Trd, 000246.883, 156
Trd, 000247.367, 157
Trd, 000247.850, 155
Trd, 000248.350, 154
Trd, 000248.783, 159
Trd, 000248.967, 158
Trd, 000249.517, 147.0
Trd, 000250.467, 155
Trd, 000250.517, 147.0
Trd, 000250.583, 155
Trd, 000252.067, 160
Trd, 000252.333, 158
Trd, 000252.400, 160.0
Trd, 000252.483, 148
Trd, 000253.400, 158
Trd, 000253.950, 155
Trd, 000254.217, 155
Trd, 000254.733, 167
Trd, 000255.217, 163
Trd, 000255.567, 158
Trd, 000256.083, 156
Trd, 000256.217, 153
Trd, 000256.517, 152
Trd, 000256.550, 158
Trd, 000256.567, 159
Trd, 000256.683, 144.0
Trd, 000257.000, 160
Trd, 000257.417, 141.0
Trd, 000258.950, 153
Trd, 000259.733, 153
Trd, 000260.167, 152
Trd, 000260.250, 151
Trd, 000260.350, 151
Trd, 000260.417, 153
Trd, 000260.550, 154
Trd, 000261.067, 157
Trd, 000261.800, 155
Trd, 000262.550, 155
Trd, 000263.017, 155
Trd, 000263.700, 157
Trd, 000264.283, 156
Trd, 000264.650, 154
Trd, 000264.683, 155
Trd, 000264.850, 162.0
Trd, 000265.650, 155
Trd, 000265.933, 153
Trd, 000265.967, 152
Trd, 000266.000, 148.0
Trd, 000266.300, 157
Trd, 000267.350, 156
Trd, 000268.433, 153
Trd, 000268.817, 152
Trd, 000268.883, 143
Trd, 000269.767, 149.0
Trd, 000271.550, 148.0
Trd, 000271.633, 149
Trd, 000271.650, 150
Trd, 000272.617, 150
Trd, 000272.783, 150
Trd, 000272.833, 150
Trd, 000273.500, 149
Trd, 000273.583, 149
Trd, 000274.433, 150
Trd, 000274.967, 149
Trd, 000275.783, 149
Trd, 000275.817, 149
Trd, 000275.833, 150
Trd, 000276.350, 144.0
Trd, 000277.083, 136
Trd, 000277.400, 140
Trd, 000278.250, 142
Trd, 000278.450, 144.0
Trd, 000278.933, 139
Trd, 000279.067, 140
Trd, 000279.183, 141
Trd, 000279.200, 143
Trd, 000279.467, 162.0
Trd, 000280.283, 147
Trd, 000280.867, 148
Trd, 000281.017, 136
Trd, 000281.967, 150
Trd, 000282.683, 147
Trd, 000283.233, 146
Trd, 000284.033, 148
Trd, 000284.200, 146
Trd, 000284.433, 146
Trd, 000284.750, 148
Trd, 000285.533, 147
Trd, 000285.667, 147
Trd, 000286.050, 146.0
Trd, 000286.600, 147
Trd, 000287.050, 149
Trd, 000287.183, 149
Trd, 000287.300, 157
Trd, 000287.517, 155
Trd, 000288.017, 151
Trd, 000289.483, 144.0
Trd, 000289.817, 137.0
Trd, 000289.917, 151.0
Trd, 000290.700, 142
Trd, 000291.383, 143
Trd, 000291.483, 144
Trd, 000291.817, 144
Trd, 000292.133, 142.0
Trd, 000292.283, 141.0
Trd, 000292.483, 143
Trd, 000292.917, 144
Trd, 000293.567, 144.0
Trd, 000293.950, 144
Trd, 000294.567, 151.0
Trd, 000294.667, 146
Trd, 000295.533, 146
Trd, 000296.133, 148
Trd, 000297.000, 156
Trd, 000297.333, 155
Trd, 000297.583, 154
Trd, 000297.967, 153
Trd, 000297.983, 152
Trd, 000298.317, 154
Trd, 000298.417, 156
Trd, 000299.000, 150.0
