Trd, 000001.750, 186.0
Trd, 000003.133, 154
Trd, 000003.567, 168.0
Trd, 000004.967, 139.0
Trd, 000006.150, 151.0
Trd, 000006.350, 144
Trd, 000006.533, 151.0
Trd, 000006.550, 153.0
Trd, 000007.600, 141
Trd, 000007.650, 149
Trd, 000008.517, 155.0
Trd, 000008.800, 142
Trd, 000009.833, 151.0
Trd, 000011.333, 148
Trd, 000011.550, 148
Trd, 000011.583, 149
Trd, 000012.317, 151
Trd, 000012.683, 137.0
Trd, 000013.533, 140
Trd, 000013.717, 146
Trd, 000014.033, 146
Trd, 000015.733, 144
Trd, 000016.067, 144.0
Trd, 000016.500, 143
Trd, 000017.000, 151
Trd, 000018.650, 148
Trd, 000019.250, 146
Trd, 000019.783, 147
Trd, 000020.250, 145
Trd, 000020.500, 137.0
Trd, 000020.783, 142
Trd, 000022.533, 143
Trd, 000022.550, 145
Trd, 000022.783, 144
Trd, 000022.883, 145
Trd, 000023.367, 141
Trd, 000023.400, 148
Trd, 000025.817, 146
Trd, 000025.833, 140
Trd, 000025.933, 146
Trd, 000026.133, 137.0
Trd, 000026.600, 146
Trd, 000027.517, 140
Trd, 000027.533, 146
Trd, 000028.450, 150
Trd, 000028.567, 137
Trd, 000030.717, 148
Trd, 000032.317, 149
Trd, 000033.317, 143
Trd, 000033.467, 148
Trd, 000033.867, 147
Trd, 000035.367, 147
Trd, 000037.500, 144
Trd, 000037.683, 148
Trd, 000038.167, 151
Trd, 000039.467, 147
Trd, 000040.250, 145
Trd, 000040.383, 144
Trd, 000040.467, 145
Trd, 000040.967, 143
Trd, 000041.417, 145
Trd, 000041.500, 137.0
Trd, 000041.533, 146
Trd, 000042.683, 137
Trd, 000043.300, 142
Trd, 000044.233, 137.0
Trd, 000044.517, 142
Trd, 000045.967, 140
Trd, 000046.000, 141
Trd, 000046.500, 139
Trd, 000047.983, 143.0
Trd, 000049.333, 138
Trd, 000050.050, 141
Trd, 000050.167, 137
Trd, 000050.267, 143
Trd, 000050.467, 137.0
Trd, 000050.783, 149
Trd, 000051.833, 143
Trd, 000052.100, 144
Trd, 000052.233, 148
Trd, 000052.483, 151
Trd, 000053.700, 139
Trd, 000054.050, 138
Trd, 000054.667, 150
Trd, 000056.133, 143
Trd, 000056.183, 142
Trd, 000056.383, 144.0
Trd, 000056.400, 137.0
Trd, 000057.483, 138
Trd, 000057.617, 142
Trd, 000058.400, 144.0
Trd, 000059.383, 151
Trd, 000059.667, 155.0
Trd, 000059.900, 144
Trd, 000059.983, 156
Trd, 000060.333, 164
Trd, 000061.167, 153
Trd, 000061.767, 148
Trd, 000062.050, 153
Trd, 000063.383, 149
Trd, 000064.600, 151
Trd, 000064.900, 151
Trd, 000065.183, 151.0
Trd, 000065.333, 150
Trd, 000067.250, 148
Trd, 000067.783, 148
Trd, 000068.583, 149
Trd, 000070.000, 148
Trd, 000070.100, 149
Trd, 000070.500, 150
Trd, 000071.867, 147
Trd, 000073.100, 151
Trd, 000074.200, 150
Trd, 000074.400, 150
Trd, 000074.650, 147
Trd, 000074.667, 147
Trd, 000075.333, 148
Trd, 000076.283, 149
Trd, 000077.000, 148
Trd, 000077.367, 148
Trd, 000078.367, 146
Trd, 000078.383, 149
Trd, 000078.633, 146
Trd, 000079.017, 151
Trd, 000079.767, 151.0
Trd, 000080.567, 148
Trd, 000080.717, 149
Trd, 000081.367, 147
Trd, 000081.783, 137.0
Trd, 000082.450, 145
Trd, 000082.667, 146
Trd, 000083.600, 146
Trd, 000083.883, 147
Trd, 000084.383, 150
Trd, 000087.783, 146
Trd, 000088.617, 145
Trd, 000088.900, 144
Trd, 000089.250, 143
Trd, 000089.383, 146
Trd, 000089.450, 148
Trd, 000089.783, 149
Trd, 000090.317, 155.0
Trd, 000092.950, 150
Trd, 000093.417, 144
Trd, 000093.433, 143
Trd, 000093.950, 149
Trd, 000094.933, 149
Trd, 000095.950, 150
Trd, 000096.050, 143
Trd, 000096.233, 142
Trd, 000096.967, 146
Trd, 000097.117, 147
Trd, 000098.067, 150
Trd, 000098.133, 148
Trd, 000099.267, 141
Trd, 000099.617, 141
Trd, 000100.417, 140
Trd, 000101.267, 144.0
Trd, 000101.650, 140
Trd, 000102.767, 140
Trd, 000103.000, 141
Trd, 000103.350, 138.0
Trd, 000104.717, 137.0
Trd, 000105.317, 139
Trd, 000106.183, 138
Trd, 000106.667, 146
Trd, 000106.883, 150
Trd, 000107.733, 151
Trd, 000108.183, 147
Trd, 000109.567, 148
Trd, 000109.650, 152.0
Trd, 000109.717, 144
Trd, 000109.817, 153.0
Trd, 000110.583, 149
Trd, 000112.133, 152
Trd, 000112.350, 151.0
Trd, 000112.600, 143
Trd, 000113.717, 147
Trd, 000115.000, 142
Trd, 000115.817, 142
Trd, 000117.567, 143
Trd, 000118.183, 142
Trd, 000118.383, 142
Trd, 000118.967, 142
Trd, 000120.417, 150
Trd, 000120.517, 138.0
Trd, 000121.733, 137.0
Trd, 000122.550, 138
Trd, 000123.183, 136
Trd, 000123.583, 137
Trd, 000123.650, 138
Trd, 000125.667, 144.0
Trd, 000125.950, 138
Trd, 000126.167, 151
Trd, 000126.650, 145
Trd, 000127.300, 151
Trd, 000128.617, 137
Trd, 000129.000, 148
Trd, 000130.033, 144
Trd, 000130.267, 151
Trd, 000131.317, 146
Trd, 000131.583, 146
Trd, 000132.233, 150
Trd, 000132.333, 155.0
Trd, 000132.917, 147
Trd, 000134.750, 147
Trd, 000135.217, 145
Trd, 000135.333, 148
Trd, 000135.400, 144
Trd, 000136.633, 147
Trd, 000136.950, 147
Trd, 000137.350, 145
Trd, 000137.717, 148
Trd, 000137.867, 137.0
Trd, 000137.950, 130
Trd, 000138.150, 150
Trd, 000138.483, 145
Trd, 000139.783, 144.0
Trd, 000140.083, 144
Trd, 000142.083, 143
Trd, 000142.350, 147
Trd, 000143.017, 144
Trd, 000144.600, 144.0
Trd, 000145.433, 143
Trd, 000145.583, 141
Trd, 000145.600, 144
Trd, 000146.633, 141
Trd, 000146.650, 143
Trd, 000147.817, 140
Trd, 000148.067, 145
Trd, 000148.300, 151
Trd, 000148.633, 149
Trd, 000149.300, 137.0
Trd, 000149.483, 129
Trd, 000150.017, 127.0
Trd, 000150.350, 139
Trd, 000151.067, 136
Trd, 000151.300, 143.0
Trd, 000152.683, 136
Trd, 000153.250, 136
Trd, 000153.317, 144.0
Trd, 000154.400, 140
Trd, 000154.700, 128
Trd, 000154.717, 143.0
Trd, 000154.933, 144.0
Trd, 000155.450, 149
Trd, 000157.350, 145
Trd, 000158.117, 151
Trd, 000158.733, 144
Trd, 000158.817, 143
Trd, 000158.833, 152
Trd, 000159.033, 155.0
Trd, 000159.500, 149
Trd, 000160.050, 142
Trd, 000162.617, 145
Trd, 000162.733, 148
Trd, 000163.333, 149
Trd, 000164.083, 145
Trd, 000164.283, 142
Trd, 000164.783, 147
Trd, 000165.883, 143
Trd, 000166.133, 147
Trd, 000166.867, 145
Trd, 000168.083, 140
Trd, 000168.583, 139
Trd, 000169.600, 140
Trd, 000169.917, 143.0
Trd, 000169.967, 139
Trd, 000171.217, 139
Trd, 000171.533, 143
Trd, 000171.750, 144.0
Trd, 000171.833, 138
Trd, 000172.500, 148
Trd, 000172.783, 137
Trd, 000174.033, 146
Trd, 000174.817, 147
Trd, 000175.150, 139
Trd, 000175.183, 148
Trd, 000176.850, 144
Trd, 000177.017, 145
Trd, 000177.283, 146
Trd, 000177.800, 140
Trd, 000178.650, 151
Trd, 000178.867, 151
Trd, 000180.583, 144
Trd, 000181.033, 145
Trd, 000181.567, 144
Trd, 000181.700, 146
Trd, 000181.850, 148
Trd, 000182.750, 143
Trd, 000182.983, 151
Trd, 000184.183, 146
Trd, 000185.250, 146
Trd, 000185.350, 146
Trd, 000185.950, 144
Trd, 000187.067, 146
Trd, 000187.183, 147
Trd, 000187.700, 150
Trd, 000188.250, 149
Trd, 000190.367, 143
Trd, 000190.700, 145
Trd, 000190.783, 141
Trd, 000191.000, 137.0
Trd, 000191.967, 144
Trd, 000193.083, 140
Trd, 000193.183, 144
Trd, 000193.733, 130
Trd, 000193.833, 150
Trd, 000193.900, 151
Trd, 000194.400, 164
Trd, 000194.867, 151.0
Trd, 000196.450, 155.0
Trd, 000197.050, 150
Trd, 000197.133, 149
Trd, 000197.633, 137.0
Trd, 000198.200, 141
Trd, 000198.383, 147
Trd, 000200.700, 146
Trd, 000200.733, 147
Trd, 000201.883, 143
Trd, 000202.250, 144
Trd, 000202.433, 139
Trd, 000204.383, 144
Trd, 000204.433, 144.0
Trd, 000204.700, 148
Trd, 000205.367, 139
Trd, 000207.700, 143
Trd, 000208.300, 142
Trd, 000208.617, 142
Trd, 000209.000, 144.0
Trd, 000209.083, 143
Trd, 000209.533, 150
Trd, 000209.583, 142
Trd, 000209.850, 151
Trd, 000211.767, 143
Trd, 000212.383, 145
Trd, 000212.967, 140.0
Trd, 000213.000, 137.0
Trd, 000214.800, 141
Trd, 000215.650, 144
Trd, 000215.700, 146
Trd, 000216.017, 147
Trd, 000216.633, 148
Trd, 000217.233, 146
Trd, 000217.583, 148
Trd, 000217.717, 151
Trd, 000220.133, 153
Trd, 000220.500, 142
Trd, 000221.417, 142
Trd, 000221.467, 148
Trd, 000222.000, 148
Trd, 000222.200, 150
Trd, 000222.400, 143
Trd, 000222.750, 150
Trd, 000223.683, 147
Trd, 000223.883, 147
Trd, 000224.767, 146
Trd, 000226.050, 147
Trd, 000227.217, 147
Trd, 000227.600, 153
Trd, 000227.667, 155.0
Trd, 000228.167, 151.0
Trd, 000229.750, 150
Trd, 000230.267, 160
Trd, 000230.333, 149
Trd, 000230.500, 148
Trd, 000230.667, 157
Trd, 000231.917, 152
Trd, 000232.667, 148
Trd, 000233.067, 149
Trd, 000233.617, 148
Trd, 000234.333, 152
Trd, 000234.683, 153.0
Trd, 000235.500, 148
Trd, 000236.417, 147
Trd, 000237.433, 148
Trd, 000237.467, 152
Trd, 000237.550, 146
Trd, 000238.367, 146
Trd, 000238.817, 148
Trd, 000239.783, 148
Trd, 000240.200, 147
Trd, 000240.333, 147
Trd, 000240.383, 146
Trd, 000240.633, 148
Trd, 000240.733, 148
Trd, 000241.400, 148
Trd, 000241.800, 147
Trd, 000241.833, 149
Trd, 000242.467, 148.0
Trd, 000242.750, 148
Trd, 000243.067, 147
Trd, 000243.650, 146
Trd, 000244.317, 146
Trd, 000244.867, 145
Trd, 000245.050, 146
Trd, 000245.483, 143
Trd, 000245.667, 145
Trd, 000245.867, 147
Trd, 000247.350, 148
Trd, 000247.517, 146
Trd, 000247.867, 144
Trd, 000248.050, 148
Trd, 000248.167, 148
Trd, 000248.767, 147
Trd, 000248.800, 145
Trd, 000249.133, 144
Trd, 000249.933, 146
Trd, 000250.783, 148
Trd, 000251.250, 151
Trd, 000251.600, 151
Trd, 000251.983, 149
Trd, 000252.317, 151
Trd, 000252.483, 149
Trd, 000252.583, 155.0
Trd, 000253.467, 154.0
Trd, 000253.517, 157
Trd, 000253.583, 148
Trd, 000254.083, 152.0
Trd, 000254.400, 151.0
Trd, 000255.333, 150
Trd, 000256.850, 154.0
Trd, 000257.217, 154
Trd, 000257.833, 153
Trd, 000258.100, 151.0
Trd, 000258.883, 152
Trd, 000259.083, 150
Trd, 000259.183, 152
Trd, 000259.417, 149.0
Trd, 000260.417, 150
Trd, 000260.867, 149
Trd, 000261.133, 152
Trd, 000261.233, 148.0
Trd, 000261.267, 153
Trd, 000261.617, 153
Trd, 000262.167, 150
Trd, 000262.283, 151.0
Trd, 000262.633, 141.0
Trd, 000264.050, 148
Trd, 000264.067, 151
Trd, 000264.550, 151
Trd, 000264.767, 150
Trd, 000264.983, 150
Trd, 000265.233, 148.0
Trd, 000265.467, 150
Trd, 000265.950, 151
Trd, 000266.233, 152
Trd, 000266.350, 155.0
Trd, 000266.717, 165
Trd, 000268.267, 151
Trd, 000268.483, 152
Trd, 000268.700, 151
Trd, 000268.883, 155
Trd, 000269.283, 152.0
Trd, 000269.300, 151.0
Trd, 000269.850, 155
Trd, 000270.233, 152
Trd, 000271.283, 151
Trd, 000271.500, 154.0
Trd, 000271.717, 149
Trd, 000271.950, 148.0
Trd, 000271.983, 150
Trd, 000272.017, 155
Trd, 000272.117, 139
Trd, 000272.767, 146
Trd, 000273.100, 151
Trd, 000273.617, 152
Trd, 000274.900, 151
Trd, 000275.600, 154.0
Trd, 000276.050, 155.0
Trd, 000276.650, 163
Trd, 000276.850, 163
Trd, 000276.983, 161
Trd, 000277.217, 160
Trd, 000277.283, 165
Trd, 000277.683, 159
Trd, 000277.733, 156
Trd, 000278.217, 156
Trd, 000278.333, 156
Trd, 000278.550, 154
Trd, 000279.133, 138.0
Trd, 000279.383, 137.0
Trd, 000280.167, 148
Trd, 000280.250, 147
Trd, 000280.467, 139
Trd, 000281.017, 151.0
Trd, 000281.133, 144
Trd, 000281.667, 152
Trd, 000281.983, 145
Trd, 000282.633, 152.0
Trd, 000283.450, 152
Trd, 000283.667, 154
Trd, 000284.617, 153
Trd, 000284.700, 149
Trd, 000284.750, 154
Trd, 000284.833, 155.0
Trd, 000285.417, 155
Trd, 000285.917, 153
Trd, 000286.550, 161
Trd, 000287.300, 151
Trd, 000287.867, 151.0
Trd, 000288.100, 162
Trd, 000289.767, 152
Trd, 000289.850, 153.0
Trd, 000289.933, 155.0
Trd, 000289.950, 158
Trd, 000290.467, 165
Trd, 000290.583, 165
Trd, 000290.617, 156
Trd, 000290.717, 172.0
Trd, 000290.750, 153
Trd, 000291.433, 152
Trd, 000291.950, 145
Trd, 000292.200, 163
Trd, 000292.700, 152
Trd, 000292.783, 141
Trd, 000293.217, 139.0
Trd, 000293.283, 150
Trd, 000293.383, 151
Trd, 000294.650, 166
Trd, 000295.500, 152
Trd, 000296.283, 148.0
Trd, 000296.400, 151
Trd, 000296.617, 151
Trd, 000297.050, 148
Trd, 000297.083, 151
Trd, 000297.117, 151
Trd, 000297.300, 151
Trd, 000297.400, 155.0
Trd, 000297.433, 144
Trd, 000297.683, 144
Trd, 000297.700, 137.0
Trd, 000298.483, 151.0
Trd, 000298.550, 134
Trd, 000299.183, 129
Trd, 000299.350, 137
