Trd, 000002.383, 153
Trd, 000002.450, 142
Trd, 000003.717, 148
Trd, 000003.783, 159
Trd, 000004.150, 134.0
Trd, 000004.233, 155
Trd, 000004.583, 172.0
Trd, 000005.100, 139
Trd, 000005.117, 146
Trd, 000005.983, 132
Trd, 000007.050, 149
Trd, 000007.800, 146
Trd, 000008.200, 145
Trd, 000008.883, 146
Trd, 000009.050, 159
Trd, 000009.383, 160
Trd, 000010.650, 155
Trd, 000011.183, 151
Trd, 000011.200, 156
Trd, 000011.267, 149
Trd, 000011.733, 155
Trd, 000011.933, 158
Trd, 000011.983, 148.0
Trd, 000012.483, 158
Trd, 000014.650, 149
Trd, 000014.817, 154
Trd, 000016.567, 158
Trd, 000016.667, 162.0
Trd, 000016.900, 160
Trd, 000017.650, 148.0
Trd, 000017.750, 158
Trd, 000018.017, 162
Trd, 000018.150, 152
Trd, 000018.767, 134.0
Trd, 000020.717, 148
Trd, 000021.733, 149
Trd, 000022.400, 148
Trd, 000022.917, 147
Trd, 000022.967, 158
Trd, 000023.117, 136
Trd, 000023.833, 151
Trd, 000023.883, 138
Trd, 000024.683, 135
Trd, 000024.950, 157
Trd, 000026.133, 130
Trd, 000026.217, 141
Trd, 000026.550, 134.0
Trd, 000027.433, 148.0
Trd, 000027.867, 171.0
Trd, 000028.300, 164
Trd, 000029.117, 156
Trd, 000029.183, 156
Trd, 000029.483, 158
Trd, 000029.950, 127.0
Trd, 000030.283, 165
Trd, 000030.600, 134.0
Trd, 000030.767, 132
Trd, 000030.850, 161
Trd, 000031.517, 157
Trd, 000032.283, 157
Trd, 000032.700, 160
Trd, 000033.867, 158
Trd, 000034.233, 154
Trd, 000034.467, 157
Trd, 000035.300, 157
Trd, 000035.667, 153
Trd, 000037.017, 151
Trd, 000037.567, 152
Trd, 000037.633, 139
Trd, 000038.883, 141
Trd, 000039.067, 145
Trd, 000040.283, 136
Trd, 000040.583, 144
Trd, 000040.617, 127.0
Trd, 000040.700, 162
Trd, 000040.883, 162.0
Trd, 000042.200, 134.0
Trd, 000043.133, 152
Trd, 000043.883, 153
Trd, 000044.150, 153
Trd, 000044.183, 158
Trd, 000045.000, 159
Trd, 000045.850, 130
Trd, 000046.783, 146
Trd, 000047.167, 148
Trd, 000047.650, 145
Trd, 000047.783, 136
Trd, 000048.417, 141
Trd, 000048.700, 144
Trd, 000048.883, 156
Trd, 000049.567, 159
Trd, 000050.433, 147
Trd, 000050.767, 157
Trd, 000051.500, 158
Trd, 000051.550, 159
Trd, 000052.083, 167
Trd, 000052.817, 136
Trd, 000054.650, 151
Trd, 000054.750, 155
Trd, 000055.683, 156
Trd, 000056.317, 148
Trd, 000056.517, 152
Trd, 000056.533, 153
Trd, 000056.850, 148
Trd, 000056.950, 154
Trd, 000057.183, 146
Trd, 000057.600, 155
Trd, 000058.050, 142
Trd, 000058.317, 160
Trd, 000059.100, 145
Trd, 000059.750, 158
Trd, 000059.933, 159
Trd, 000061.633, 158
Trd, 000062.533, 142
Trd, 000062.867, 136
Trd, 000063.550, 155
Trd, 000064.783, 153
Trd, 000064.933, 134.0
Trd, 000065.233, 156
Trd, 000066.100, 154
Trd, 000066.167, 159
Trd, 000067.767, 140
Trd, 000067.833, 139
Trd, 000067.883, 149
Trd, 000068.150, 151
Trd, 000068.283, 151
Trd, 000069.000, 150
Trd, 000069.250, 160
Trd, 000069.367, 166
Trd, 000069.500, 136
Trd, 000069.700, 167
Trd, 000070.617, 153
Trd, 000071.467, 158
Trd, 000071.483, 158
Trd, 000071.717, 159
Trd, 000072.533, 148
Trd, 000073.000, 147
Trd, 000074.000, 148
Trd, 000074.767, 135
Trd, 000074.800, 157
Trd, 000075.300, 158
Trd, 000076.233, 147
Trd, 000076.333, 155
Trd, 000076.450, 160.0
Trd, 000077.750, 159
Trd, 000077.950, 146
Trd, 000078.350, 134.0
Trd, 000078.600, 162.0
Trd, 000079.083, 129
Trd, 000080.800, 134
Trd, 000081.033, 135
Trd, 000081.333, 141
Trd, 000081.417, 142
Trd, 000081.633, 147
Trd, 000082.000, 127.0
Trd, 000082.133, 140
Trd, 000083.050, 146
Trd, 000083.817, 126.0
Trd, 000084.267, 145
Trd, 000084.400, 147
Trd, 000085.017, 159
Trd, 000086.433, 159
Trd, 000086.950, 155
Trd, 000086.967, 162.0
Trd, 000087.433, 150
Trd, 000087.700, 136
Trd, 000087.783, 158
Trd, 000088.300, 157
Trd, 000088.633, 155
Trd, 000088.800, 161
Trd, 000090.250, 156
Trd, 000090.667, 149
Trd, 000091.900, 168
Trd, 000092.950, 148
Trd, 000093.383, 162
Trd, 000093.617, 163
Trd, 000094.000, 164
Trd, 000094.783, 156
Trd, 000094.883, 148
Trd, 000096.467, 151
Trd, 000096.550, 153
Trd, 000096.833, 156
Trd, 000098.283, 155
Trd, 000098.950, 154
Trd, 000100.133, 148.0
Trd, 000100.517, 148
Trd, 000100.583, 154
Trd, 000101.033, 158
Trd, 000101.183, 155
Trd, 000101.600, 136
Trd, 000101.700, 158
Trd, 000101.867, 162.0
Trd, 000102.717, 150
Trd, 000102.850, 134.0
Trd, 000102.883, 160
Trd, 000104.217, 135
Trd, 000104.733, 152
Trd, 000104.867, 134.0
Trd, 000105.467, 150
Trd, 000105.850, 156
Trd, 000106.600, 140
Trd, 000108.150, 139
Trd, 000108.550, 152
Trd, 000108.700, 137
Trd, 000109.833, 151
Trd, 000109.850, 134.0
Trd, 000110.633, 147
Trd, 000110.667, 151
Trd, 000111.417, 151
Trd, 000111.683, 159
Trd, 000112.367, 146
Trd, 000112.450, 136
Trd, 000113.250, 151
Trd, 000113.483, 159
Trd, 000113.767, 159
Trd, 000114.167, 151
Trd, 000115.417, 138
Trd, 000115.717, 152
Trd, 000117.633, 150
Trd, 000117.767, 158.0
Trd, 000117.917, 148
Trd, 000118.033, 147
Trd, 000119.383, 145
Trd, 000119.517, 139
Trd, 000120.183, 155
Trd, 000120.433, 137
Trd, 000120.700, 155
Trd, 000121.083, 162.0
Trd, 000121.317, 136
Trd, 000121.583, 168
Trd, 000122.483, 155
Trd, 000123.550, 156
Trd, 000123.950, 151
Trd, 000124.017, 134.0
Trd, 000124.250, 155
Trd, 000125.567, 151
Trd, 000125.917, 145
Trd, 000126.033, 149
Trd, 000126.100, 158
Trd, 000126.667, 144
Trd, 000126.700, 143
Trd, 000126.717, 153
Trd, 000127.033, 159
Trd, 000128.183, 178.0
Trd, 000129.783, 175.0
Trd, 000129.833, 166
Trd, 000129.850, 136
Trd, 000130.217, 179.0
Trd, 000130.333, 163
Trd, 000131.183, 148
Trd, 000131.533, 149
Trd, 000132.717, 150
Trd, 000132.850, 162.0
Trd, 000132.917, 134.0
Trd, 000133.550, 155
Trd, 000133.683, 172.0
Trd, 000134.317, 135
Trd, 000135.183, 134.0
Trd, 000135.367, 151
Trd, 000135.883, 158
Trd, 000136.000, 153
Trd, 000136.583, 149
Trd, 000136.933, 148.0
Trd, 000137.750, 154
Trd, 000138.000, 135
Trd, 000138.633, 143
Trd, 000139.083, 147
Trd, 000139.867, 142
Trd, 000139.950, 146
Trd, 000140.583, 146
Trd, 000141.233, 148
Trd, 000141.433, 158
Trd, 000141.783, 150
Trd, 000142.250, 134.0
Trd, 000143.717, 132
Trd, 000144.217, 134
Trd, 000144.283, 127.0
Trd, 000144.417, 124
Trd, 000145.983, 137
Trd, 000146.283, 141.0
Trd, 000146.383, 134.0
Trd, 000146.733, 157
Trd, 000146.800, 158
Trd, 000146.917, 127.0
Trd, 000146.967, 156
Trd, 000147.817, 129
Trd, 000148.583, 159
Trd, 000150.117, 168
Trd, 000150.267, 165.0
Trd, 000150.667, 134.0
Trd, 000150.983, 130
Trd, 000151.383, 165
Trd, 000151.583, 170
Trd, 000152.050, 173.0
Trd, 000152.967, 160
Trd, 000153.533, 137
Trd, 000153.617, 165.0
Trd, 000153.750, 134.0
Trd, 000154.567, 167
Trd, 000154.817, 129.0
Trd, 000154.867, 125
Trd, 000155.500, 168
Trd, 000156.933, 154
Trd, 000157.500, 154
Trd, 000157.817, 158
Trd, 000158.750, 158
Trd, 000159.217, 156
Trd, 000159.317, 150
Trd, 000159.600, 157
Trd, 000159.633, 159
Trd, 000159.850, 137
Trd, 000160.917, 141
Trd, 000161.033, 135
Trd, 000161.267, 160
Trd, 000162.083, 135.0
Trd, 000162.800, 134.0
Trd, 000162.983, 149
Trd, 000163.167, 127.0
Trd, 000165.000, 171.0
Trd, 000165.367, 166
Trd, 000165.617, 159
Trd, 000166.617, 171
Trd, 000166.667, 165.0
Trd, 000168.183, 158
Trd, 000168.283, 159
Trd, 000169.400, 156
Trd, 000170.267, 154
Trd, 000170.767, 148.0
Trd, 000170.800, 136
Trd, 000171.017, 149
Trd, 000171.050, 134.0
Trd, 000171.733, 142
Trd, 000171.767, 151
Trd, 000172.000, 151
Trd, 000172.983, 153
Trd, 000173.800, 132
Trd, 000174.417, 128.0
Trd, 000174.900, 164
Trd, 000174.950, 165
Trd, 000175.950, 165
Trd, 000176.317, 161
Trd, 000176.467, 155
Trd, 000176.900, 144
Trd, 000177.350, 155
Trd, 000177.683, 144
Trd, 000177.883, 152
Trd, 000178.333, 155
Trd, 000179.000, 147
Trd, 000179.717, 146
Trd, 000180.133, 154
Trd, 000181.333, 151
Trd, 000182.433, 146
Trd, 000183.683, 137
Trd, 000183.733, 137
Trd, 000183.750, 151
Trd, 000184.583, 157
Trd, 000184.850, 158
Trd, 000184.883, 162.0
Trd, 000185.917, 155
Trd, 000186.083, 154
Trd, 000187.317, 151
Trd, 000187.850, 150
Trd, 000187.883, 136
Trd, 000189.550, 152
Trd, 000189.850, 141
Trd, 000190.933, 149
Trd, 000191.033, 149
Trd, 000191.083, 148
Trd, 000191.950, 150
Trd, 000192.950, 147
Trd, 000192.983, 158
Trd, 000193.217, 162.0
Trd, 000194.000, 159
Trd, 000194.033, 164
Trd, 000194.983, 147
Trd, 000195.300, 160
Trd, 000195.800, 158
Trd, 000196.050, 145
Trd, 000196.367, 135
Trd, 000197.633, 149
Trd, 000197.683, 148
Trd, 000198.483, 162.0
Trd, 000199.933, 147
Trd, 000200.450, 157
Trd, 000200.583, 155
Trd, 000200.633, 158
Trd, 000200.683, 148
Trd, 000200.833, 134.0
Trd, 000201.583, 162.0
Trd, 000201.650, 165.0
Trd, 000201.950, 132
Trd, 000202.083, 165.0
Trd, 000202.367, 147
Trd, 000203.683, 153
Trd, 000204.500, 158
Trd, 000204.617, 162
Trd, 000204.833, 159
Trd, 000205.300, 157
Trd, 000205.650, 156
Trd, 000206.183, 153
Trd, 000206.717, 159
Trd, 000206.733, 148
Trd, 000208.100, 147
Trd, 000208.267, 152
Trd, 000208.500, 135
Trd, 000208.917, 134.0
Trd, 000209.217, 153
Trd, 000211.367, 146
Trd, 000212.150, 161
Trd, 000212.900, 171
Trd, 000213.183, 148
Trd, 000213.217, 169
Trd, 000213.650, 148
Trd, 000214.017, 165.0
Trd, 000214.233, 162
Trd, 000214.433, 148.0
Trd, 000215.333, 158
Trd, 000216.650, 163
Trd, 000217.117, 161
Trd, 000217.467, 159
Trd, 000217.900, 162
Trd, 000218.283, 165
Trd, 000218.450, 167
Trd, 000220.717, 164
Trd, 000220.917, 162
Trd, 000220.967, 157
Trd, 000221.267, 164
Trd, 000221.533, 148.0
Trd, 000222.083, 158
Trd, 000222.300, 162
Trd, 000223.483, 156
Trd, 000223.633, 137
Trd, 000224.250, 155
Trd, 000224.317, 157
Trd, 000224.400, 162.0
Trd, 000224.850, 159
Trd, 000224.867, 149
Trd, 000226.500, 148.0
Trd, 000227.117, 136
Trd, 000227.167, 156
Trd, 000228.533, 155
Trd, 000228.733, 136.0
Trd, 000228.900, 134.0
Trd, 000229.083, 156
Trd, 000229.100, 158
Trd, 000229.233, 130
Trd, 000229.333, 125
Trd, 000229.900, 157
Trd, 000230.533, 157
Trd, 000231.700, 136
Trd, 000232.750, 153
Trd, 000233.400, 150
Trd, 000234.250, 152
Trd, 000234.683, 146
Trd, 000234.783, 134.0
Trd, 000235.200, 127.0
Trd, 000235.317, 152
Trd, 000235.617, 152
Trd, 000235.850, 159
Trd, 000236.117, 160
Trd, 000236.967, 156
Trd, 000237.033, 148.0
Trd, 000237.583, 146
Trd, 000238.883, 158
Trd, 000240.067, 155
Trd, 000240.383, 155
Trd, 000240.717, 154
Trd, 000240.983, 156
Trd, 000241.150, 153
Trd, 000241.767, 156
Trd, 000242.167, 154
Trd, 000242.350, 157
Trd, 000242.667, 159
Trd, 000242.900, 162
Trd, 000243.150, 148.0
Trd, 000243.983, 151
Trd, 000244.283, 151.0
Trd, 000245.183, 144.0
Trd, 000245.650, 144.0
Trd, 000245.717, 145
Trd, 000246.033, 144
Trd, 000246.633, 144
Trd, 000247.000, 146.0
Trd, 000247.583, 147
Trd, 000247.733, 146
Trd, 000248.000, 145
Trd, 000248.100, 146
Trd, 000248.250, 152
Trd, 000250.150, 149
Trd, 000250.267, 144.0
Trd, 000250.467, 148
Trd, 000250.583, 158
Trd, 000251.267, 155
Trd, 000251.350, 147
Trd, 000252.183, 153
Trd, 000252.367, 154
Trd, 000252.417, 154
Trd, 000253.017, 153
Trd, 000254.900, 150
Trd, 000254.983, 151
Trd, 000255.300, 145.0
Trd, 000256.350, 148
Trd, 000256.417, 144.0
Trd, 000256.467, 146
Trd, 000256.550, 149
Trd, 000256.667, 145
Trd, 000256.933, 151
Trd, 000257.083, 141.0
Trd, 000258.817, 142
Trd, 000258.833, 143
Trd, 000258.950, 151
Trd, 000259.817, 144
Trd, 000260.317, 149
Trd, 000260.350, 152.0
Trd, 000260.950, 149
Trd, 000261.150, 150
Trd, 000261.233, 158
Trd, 000261.383, 162.0
Trd, 000261.567, 158
Trd, 000262.283, 148
Trd, 000262.750, 149.0
Trd, 000262.933, 161
Trd, 000263.167, 162
Trd, 000264.167, 151.0
Trd, 000265.050, 149
Trd, 000265.117, 148.0
Trd, 000265.483, 147
Trd, 000265.617, 150
Trd, 000265.917, 149
Trd, 000266.117, 144.0
Trd, 000266.383, 152
Trd, 000266.633, 153
Trd, 000268.500, 148
Trd, 000268.533, 153
Trd, 000268.567, 144.0
Trd, 000269.600, 141.0
Trd, 000270.350, 148
Trd, 000270.733, 150
Trd, 000270.750, 156
Trd, 000271.433, 146
Trd, 000271.600, 148
Trd, 000271.633, 152
Trd, 000271.650, 146
Trd, 000271.883, 165.0
Trd, 000272.133, 141.0
Trd, 000272.800, 147
Trd, 000272.867, 143
Trd, 000274.333, 155.0
Trd, 000274.850, 160.0
Trd, 000275.017, 157.0
Trd, 000275.633, 151.0
Trd, 000275.883, 146
Trd, 000276.283, 147
Trd, 000276.700, 152
Trd, 000276.783, 144.0
Trd, 000277.167, 141.0
Trd, 000277.567, 139
Trd, 000278.400, 143
Trd, 000278.667, 144
Trd, 000279.400, 141
Trd, 000279.850, 136
Trd, 000280.100, 144
Trd, 000280.700, 136
Trd, 000280.767, 144
Trd, 000281.233, 149
Trd, 000282.283, 159
Trd, 000282.400, 154
Trd, 000282.483, 155
Trd, 000282.983, 160
Trd, 000283.117, 157
Trd, 000283.517, 155
Trd, 000283.617, 154
Trd, 000284.333, 151
Trd, 000284.450, 151
Trd, 000284.650, 162.0
Trd, 000285.317, 148
Trd, 000285.850, 164.0
Trd, 000286.500, 151.0
Trd, 000286.617, 154.0
Trd, 000286.750, 162.0
Trd, 000286.917, 148.0
Trd, 000287.033, 144.0
Trd, 000287.383, 150
Trd, 000287.717, 158
Trd, 000288.017, 165.0
Trd, 000288.850, 157
Trd, 000288.967, 141.0
Trd, 000289.133, 134.0
Trd, 000289.667, 126.0
Trd, 000290.117, 153
Trd, 000290.900, 151.0
Trd, 000291.117, 150
Trd, 000291.183, 150
Trd, 000291.433, 144.0
Trd, 000291.800, 154
Trd, 000292.267, 158
Trd, 000292.317, 160
Trd, 000292.450, 162.0
Trd, 000293.033, 163.0
Trd, 000293.433, 141.0
Trd, 000293.600, 151.0
Trd, 000294.283, 154
Trd, 000294.350, 158
Trd, 000295.183, 148
Trd, 000295.200, 164
Trd, 000295.683, 141.0
Trd, 000295.900, 144.0
Trd, 000296.617, 160
Trd, 000296.633, 161
Trd, 000297.033, 161
Trd, 000297.400, 143
Trd, 000297.550, 136
Trd, 000297.900, 162
Trd, 000297.967, 139
Trd, 000298.633, 151
Trd, 000298.750, 159
Trd, 000299.133, 157
Trd, 000299.183, 148.0
