Trd, 000001.783, 137.0
Trd, 000003.117, 131
Trd, 000003.767, 139
Trd, 000004.417, 138
Trd, 000005.117, 136
Trd, 000005.133, 139
Trd, 000005.617, 144.0
Trd, 000006.000, 140
Trd, 000006.150, 139
Trd, 000006.250, 145
Trd, 000007.200, 139
Trd, 000008.033, 137.0
Trd, 000008.300, 144
Trd, 000009.317, 143
Trd, 000009.383, 142.0
Trd, 000009.933, 143
Trd, 000009.983, 146
Trd, 000010.817, 146.0
Trd, 000010.850, 145.0
Trd, 000011.183, 151
Trd, 000011.500, 145.0
Trd, 000012.283, 149.0
Trd, 000012.300, 145
Trd, 000012.517, 151.0
Trd, 000013.467, 147
Trd, 000013.800, 147
Trd, 000013.967, 152
Trd, 000015.083, 150
Trd, 000015.817, 151
Trd, 000016.683, 154
Trd, 000017.217, 155
Trd, 000017.650, 155
Trd, 000017.767, 155
Trd, 000017.817, 154
Trd, 000018.067, 153
Trd, 000018.667, 154
Trd, 000019.267, 150
Trd, 000021.433, 145
Trd, 000021.483, 144.0
Trd, 000022.100, 141
Trd, 000022.233, 145
Trd, 000022.517, 143
Trd, 000023.300, 142
Trd, 000023.467, 141.0
Trd, 000023.783, 142
Trd, 000024.083, 143
Trd, 000024.800, 142
Trd, 000024.933, 143
Trd, 000026.633, 144
Trd, 000027.100, 151.0
Trd, 000027.450, 143.0
Trd, 000027.683, 142
Trd, 000028.017, 142
Trd, 000028.650, 143
Trd, 000028.800, 142
Trd, 000028.850, 141
Trd, 000029.483, 143
Trd, 000029.633, 143
Trd, 000030.333, 142.0
Trd, 000030.617, 144
Trd, 000031.400, 144
Trd, 000031.750, 155
Trd, 000033.067, 144.0
Trd, 000033.567, 144
Trd, 000033.667, 141.0
Trd, 000033.783, 144
Trd, 000034.700, 143
Trd, 000034.817, 144
Trd, 000034.967, 141
Trd, 000035.633, 142
Trd, 000035.700, 142
Trd, 000036.233, 142
Trd, 000036.650, 142.0
Trd, 000036.933, 143
Trd, 000036.950, 141.0
Trd, 000037.767, 144.0
Trd, 000038.033, 144
Trd, 000038.700, 148
Trd, 000039.033, 143
Trd, 000039.383, 144
Trd, 000040.750, 143
Trd, 000041.567, 143
Trd, 000041.733, 144
Trd, 000042.100, 150.0
Trd, 000042.117, 143
Trd, 000042.500, 142
Trd, 000043.900, 145
Trd, 000044.267, 142
Trd, 000044.850, 141
Trd, 000045.167, 143.0
Trd, 000046.083, 144
Trd, 000046.350, 145
Trd, 000046.833, 151.0
Trd, 000046.950, 145
Trd, 000048.767, 152
Trd, 000048.983, 153
Trd, 000049.050, 152
Trd, 000049.267, 151
Trd, 000049.333, 150
Trd, 000050.217, 150
Trd, 000050.483, 150
Trd, 000051.367, 150.0
Trd, 000051.633, 151.0
Trd, 000051.817, 149
Trd, 000051.867, 144.0
Trd, 000051.933, 151
Trd, 000054.500, 149
Trd, 000054.783, 148
Trd, 000054.983, 148
Trd, 000056.650, 148
Trd, 000056.783, 147.0
Trd, 000056.833, 144.0
Trd, 000058.283, 146.0
Trd, 000058.633, 146.0
Trd, 000058.667, 145.0
Trd, 000059.583, 144.0
Trd, 000059.683, 144
Trd, 000060.117, 142
Trd, 000060.150, 144
Trd, 000060.917, 143
Trd, 000061.233, 145
Trd, 000061.667, 141.0
Trd, 000063.033, 143
Trd, 000063.200, 142
Trd, 000063.317, 144
Trd, 000065.033, 144
Trd, 000065.367, 143
Trd, 000065.750, 143
Trd, 000065.833, 144
Trd, 000066.317, 143
Trd, 000066.350, 144
Trd, 000066.400, 141
Trd, 000067.717, 143
Trd, 000068.200, 143
Trd, 000068.383, 144
Trd, 000068.967, 142
Trd, 000069.250, 144
Trd, 000070.633, 143.0
Trd, 000070.683, 144
Trd, 000071.133, 145
Trd, 000071.717, 144
Trd, 000072.833, 146
Trd, 000073.633, 145
Trd, 000073.800, 146
Trd, 000074.017, 146
Trd, 000074.300, 147.0
Trd, 000074.917, 149
Trd, 000075.883, 146
Trd, 000076.717, 146
Trd, 000076.883, 145
Trd, 000076.950, 144.0
Trd, 000077.633, 142.0
Trd, 000077.667, 144
Trd, 000078.600, 143
Trd, 000079.017, 144
Trd, 000079.267, 144
Trd, 000080.417, 144
Trd, 000081.500, 143
Trd, 000081.617, 144
Trd, 000082.083, 144
Trd, 000082.833, 142
Trd, 000082.867, 141.0
Trd, 000083.200, 142
Trd, 000083.433, 143
Trd, 000083.733, 144
Trd, 000084.617, 142
Trd, 000084.917, 142
Trd, 000086.100, 141
Trd, 000086.367, 141
Trd, 000087.917, 142
Trd, 000088.617, 143.0
Trd, 000088.933, 151.0
Trd, 000090.017, 143
Trd, 000090.250, 143.0
Trd, 000090.950, 145
Trd, 000091.367, 144.0
Trd, 000091.667, 144
Trd, 000091.850, 142
Trd, 000092.283, 142.0
Trd, 000093.183, 141.0
Trd, 000094.283, 142
Trd, 000095.267, 143
Trd, 000095.900, 143
Trd, 000096.583, 143
Trd, 000096.850, 144
Trd, 000096.883, 144
Trd, 000097.567, 144
Trd, 000098.767, 144
Trd, 000099.517, 146
Trd, 000100.283, 148
Trd, 000100.567, 147
Trd, 000100.867, 147
Trd, 000102.000, 147.0
Trd, 000102.017, 147
Trd, 000102.150, 147
Trd, 000102.250, 146
Trd, 000102.900, 147
Trd, 000104.183, 147
Trd, 000104.383, 147
Trd, 000105.017, 147
Trd, 000105.033, 146
Trd, 000105.100, 145
Trd, 000105.567, 144.0
Trd, 000105.933, 147
Trd, 000106.300, 143.0
Trd, 000106.783, 146
Trd, 000107.083, 142
Trd, 000107.500, 141.0
Trd, 000108.050, 146
Trd, 000108.467, 145
Trd, 000109.033, 145
Trd, 000109.417, 144.0
Trd, 000110.150, 143
Trd, 000110.383, 144
Trd, 000111.150, 143
Trd, 000112.150, 145
Trd, 000112.583, 145
Trd, 000113.900, 144
Trd, 000114.200, 143
Trd, 000114.433, 146.0
Trd, 000114.450, 148.0
Trd, 000114.967, 147
Trd, 000115.400, 138
Trd, 000116.117, 144
Trd, 000116.383, 145
Trd, 000116.817, 141.0
Trd, 000117.500, 142
Trd, 000118.250, 144
Trd, 000118.367, 143
Trd, 000119.200, 142.0
Trd, 000119.667, 142
Trd, 000121.017, 144.0
Trd, 000121.450, 145
Trd, 000121.733, 157
Trd, 000121.900, 144
Trd, 000122.733, 146
Trd, 000123.167, 146
Trd, 000123.550, 146.0
Trd, 000123.983, 147
Trd, 000124.500, 144.0
Trd, 000124.833, 143
Trd, 000125.683, 145
Trd, 000126.067, 145
Trd, 000126.183, 145.0
Trd, 000126.267, 146
Trd, 000126.417, 146
Trd, 000126.600, 145
Trd, 000127.317, 146
Trd, 000127.700, 145
Trd, 000128.050, 150.0
Trd, 000129.433, 147
Trd, 000129.517, 149.0
Trd, 000129.717, 149.0
Trd, 000130.350, 146
Trd, 000130.417, 147
Trd, 000130.950, 147
Trd, 000131.900, 147
Trd, 000132.550, 147
Trd, 000132.933, 148
Trd, 000133.017, 146
Trd, 000133.267, 147
Trd, 000134.500, 147
Trd, 000134.817, 150.0
Trd, 000135.267, 148
Trd, 000136.317, 147.0
Trd, 000136.367, 146.0
Trd, 000137.017, 146
Trd, 000137.067, 147
Trd, 000139.583, 145
Trd, 000139.933, 147
Trd, 000140.017, 147
Trd, 000140.517, 147
Trd, 000140.917, 147
Trd, 000140.933, 148
Trd, 000141.217, 149
Trd, 000141.633, 149
Trd, 000142.033, 148
Trd, 000142.733, 153
Trd, 000142.983, 150
Trd, 000144.150, 150
Trd, 000144.550, 150
Trd, 000144.850, 149
Trd, 000145.717, 145
Trd, 000145.750, 144.0
Trd, 000146.617, 141.0
Trd, 000146.767, 145
Trd, 000147.400, 145
Trd, 000148.933, 145
Trd, 000149.283, 146
Trd, 000149.483, 145
Trd, 000149.650, 145
Trd, 000150.500, 146
Trd, 000151.067, 144.0
Trd, 000151.117, 144
Trd, 000151.217, 143
Trd, 000152.450, 142
Trd, 000152.850, 126
Trd, 000152.867, 144
Trd, 000153.867, 137.0
Trd, 000154.250, 143
Trd, 000154.733, 139
Trd, 000155.333, 143
Trd, 000155.917, 143
Trd, 000156.017, 144
Trd, 000156.283, 150.0
Trd, 000156.817, 145
Trd, 000157.350, 145
Trd, 000158.217, 145
Trd, 000158.283, 144
Trd, 000158.483, 145
Trd, 000158.750, 144
Trd, 000158.767, 144.0
Trd, 000159.033, 143
Trd, 000159.733, 143.0
Trd, 000160.050, 144
Trd, 000160.333, 143.0
Trd, 000161.600, 141.0
Trd, 000162.133, 141
Trd, 000163.517, 142
Trd, 000163.900, 141
Trd, 000164.167, 142.0
Trd, 000165.433, 142
Trd, 000165.533, 143
Trd, 000165.850, 144
Trd, 000166.150, 151.0
Trd, 000167.283, 146
Trd, 000168.250, 151
Trd, 000169.117, 152
Trd, 000169.200, 151
Trd, 000169.583, 156
Trd, 000169.750, 157
Trd, 000170.900, 154
Trd, 000171.750, 153
Trd, 000171.917, 154
Trd, 000172.017, 153
Trd, 000172.150, 155
Trd, 000172.200, 152
Trd, 000172.633, 156
Trd, 000173.333, 150
Trd, 000174.667, 145.0
Trd, 000175.017, 146.0
Trd, 000176.333, 149
Trd, 000176.983, 149.0
Trd, 000177.517, 148
Trd, 000179.283, 145.0
Trd, 000179.833, 146.0
Trd, 000180.000, 148
Trd, 000180.333, 146
Trd, 000180.417, 144.0
Trd, 000181.683, 141.0
Trd, 000181.817, 145
Trd, 000182.017, 144
Trd, 000182.550, 144
Trd, 000182.833, 144.0
Trd, 000183.350, 145
Trd, 000183.533, 144
Trd, 000184.083, 144
Trd, 000184.283, 143
Trd, 000184.650, 143
Trd, 000185.083, 142
Trd, 000185.183, 144
Trd, 000185.433, 145
Trd, 000185.817, 146
Trd, 000186.150, 142.0
Trd, 000186.433, 145
Trd, 000188.067, 145.0
Trd, 000188.600, 146
Trd, 000188.933, 148
Trd, 000190.850, 151.0
Trd, 000190.883, 158
Trd, 000191.750, 153
Trd, 000191.900, 150
Trd, 000192.383, 149
Trd, 000193.167, 151
Trd, 000193.467, 150
Trd, 000193.500, 151
Trd, 000193.783, 150
Trd, 000195.150, 149
Trd, 000196.033, 150
Trd, 000196.517, 149
Trd, 000196.650, 150
Trd, 000196.833, 149
Trd, 000197.217, 150
Trd, 000199.500, 151
Trd, 000199.567, 154
Trd, 000199.767, 151
Trd, 000200.317, 151
Trd, 000200.450, 150
Trd, 000200.483, 150
Trd, 000200.650, 150
Trd, 000201.233, 146.0
Trd, 000201.467, 150
Trd, 000203.017, 151
Trd, 000203.083, 151
Trd, 000203.300, 150
Trd, 000203.883, 151
Trd, 000204.050, 149
Trd, 000204.083, 144.0
Trd, 000206.750, 148
Trd, 000207.383, 147
Trd, 000207.467, 146
Trd, 000208.017, 147
Trd, 000208.700, 147
Trd, 000209.233, 146
Trd, 000209.983, 148
Trd, 000211.433, 146
Trd, 000211.783, 148
Trd, 000212.333, 146
Trd, 000212.900, 146
Trd, 000213.400, 145
Trd, 000213.600, 144
Trd, 000214.033, 145.0
Trd, 000214.183, 145
Trd, 000214.217, 144.0
Trd, 000214.467, 144
Trd, 000216.467, 142.0
Trd, 000216.617, 141.0
Trd, 000216.683, 147
Trd, 000217.033, 146
Trd, 000217.650, 145
Trd, 000219.517, 143
Trd, 000220.317, 142
Trd, 000220.617, 142
Trd, 000220.733, 143
Trd, 000221.417, 142
Trd, 000221.733, 142
Trd, 000222.083, 141.0
Trd, 000222.283, 142
Trd, 000222.317, 141
Trd, 000223.283, 144
Trd, 000223.300, 140
Trd, 000223.883, 145
Trd, 000224.450, 143
Trd, 000224.733, 144
Trd, 000225.633, 144.0
Trd, 000225.733, 145
Trd, 000226.183, 144
Trd, 000226.317, 145
Trd, 000226.900, 142
Trd, 000227.650, 144
Trd, 000228.133, 141.0
Trd, 000228.950, 143
Trd, 000228.967, 141
Trd, 000229.600, 143
Trd, 000229.967, 144
Trd, 000230.733, 143
Trd, 000230.967, 142
Trd, 000230.983, 144
Trd, 000231.017, 141
Trd, 000231.200, 137.0
Trd, 000232.783, 140
Trd, 000233.483, 144
Trd, 000234.267, 140
Trd, 000234.567, 139
Trd, 000235.083, 139
Trd, 000236.217, 141.0
Trd, 000236.450, 142
Trd, 000236.817, 141
Trd, 000236.950, 140
Trd, 000237.417, 142
Trd, 000237.683, 143
Trd, 000238.517, 143
Trd, 000239.067, 144
Trd, 000239.283, 141
Trd, 000239.433, 151.0
Trd, 000240.050, 162
Trd, 000240.567, 154
Trd, 000240.983, 162
Trd, 000241.283, 163
Trd, 000241.550, 164
Trd, 000241.583, 162
Trd, 000242.083, 161
Trd, 000242.100, 161
Trd, 000242.483, 162
Trd, 000242.783, 156.0
Trd, 000243.100, 155.0
Trd, 000243.583, 159
Trd, 000243.700, 150
Trd, 000243.883, 141.0
Trd, 000245.233, 154
Trd, 000245.367, 144.0
Trd, 000245.750, 151
Trd, 000245.817, 148
Trd, 000245.900, 149
Trd, 000246.017, 150
Trd, 000246.150, 155
Trd, 000246.267, 140
Trd, 000246.683, 146
Trd, 000248.717, 144.0
Trd, 000249.017, 146
Trd, 000249.067, 148
Trd, 000250.450, 146
Trd, 000250.733, 146
Trd, 000250.867, 146
Trd, 000251.000, 146
Trd, 000251.067, 147
Trd, 000251.383, 146
Trd, 000251.400, 145
Trd, 000251.617, 147
Trd, 000251.883, 148.0
Trd, 000252.633, 158.0
Trd, 000252.667, 160
Trd, 000252.933, 157.0
Trd, 000252.950, 151
Trd, 000253.367, 150
Trd, 000253.433, 150
Trd, 000253.900, 149
Trd, 000254.050, 150
Trd, 000254.383, 143.0
Trd, 000255.283, 147
Trd, 000255.400, 144.0
Trd, 000256.133, 147
Trd, 000256.467, 145.0
Trd, 000256.533, 148
Trd, 000257.233, 148
Trd, 000257.983, 147
Trd, 000258.267, 145
Trd, 000258.833, 150.0
Trd, 000258.883, 148
Trd, 000259.000, 147
Trd, 000260.017, 149.0
Trd, 000260.150, 148.0
Trd, 000260.983, 148
Trd, 000261.067, 149
Trd, 000261.700, 148
Trd, 000262.000, 148
Trd, 000262.217, 147
Trd, 000262.800, 149
Trd, 000263.100, 147
Trd, 000263.833, 148
Trd, 000263.950, 147
Trd, 000265.267, 151.0
Trd, 000266.000, 157.0
Trd, 000266.467, 154
Trd, 000266.633, 154
Trd, 000266.683, 151
Trd, 000267.050, 152
Trd, 000267.217, 153
Trd, 000267.633, 150
Trd, 000267.783, 153.0
Trd, 000268.600, 152
Trd, 000269.017, 151
Trd, 000269.467, 151
Trd, 000269.733, 151
Trd, 000269.933, 152
Trd, 000270.067, 151
Trd, 000270.483, 157
Trd, 000270.917, 156
Trd, 000271.150, 155
Trd, 000271.900, 152
Trd, 000272.700, 152
Trd, 000272.717, 150
Trd, 000273.033, 152
Trd, 000273.567, 152
Trd, 000274.500, 150
Trd, 000274.533, 148
Trd, 000274.567, 151
Trd, 000275.167, 155
Trd, 000275.700, 151.0
Trd, 000276.117, 150
Trd, 000276.650, 151.0
Trd, 000276.917, 152.0
Trd, 000277.083, 153
Trd, 000277.700, 153
Trd, 000277.850, 151.0
Trd, 000278.750, 152
Trd, 000279.617, 152
Trd, 000279.750, 153
Trd, 000279.933, 150
Trd, 000280.917, 153
Trd, 000280.983, 151
Trd, 000281.583, 150
Trd, 000281.833, 149
Trd, 000282.317, 150
Trd, 000282.783, 149
Trd, 000283.300, 148
Trd, 000283.633, 147
Trd, 000283.783, 148.0
Trd, 000285.067, 146
Trd, 000285.250, 150.0
Trd, 000286.250, 150
Trd, 000286.300, 144.0
Trd, 000286.317, 150
Trd, 000286.600, 143.0
Trd, 000286.933, 148.0
Trd, 000287.600, 147
Trd, 000287.683, 148
Trd, 000287.950, 150.0
Trd, 000287.983, 151.0
Trd, 000289.400, 149
Trd, 000289.500, 149
Trd, 000289.817, 150
Trd, 000290.033, 149.0
Trd, 000290.167, 147
Trd, 000290.600, 151
Trd, 000291.450, 150.0
Trd, 000292.333, 147
Trd, 000292.850, 146
Trd, 000293.283, 148
Trd, 000293.983, 146
Trd, 000294.767, 147.0
Trd, 000294.800, 148.0
Trd, 000295.400, 145.0
Trd, 000295.683, 146
Trd, 000295.817, 145
Trd, 000296.733, 146
Trd, 000297.150, 146
Trd, 000297.350, 146
Trd, 000297.883, 145.0
Trd, 000298.217, 144
Trd, 000298.600, 145
Trd, 000298.950, 148.0
Trd, 000299.000, 165.0
