Trd, 000000.767, 175.0
Trd, 000001.533, 196.0
Trd, 000002.433, 124
Trd, 000003.917, 151
Trd, 000004.250, 151
Trd, 000006.667, 130
Trd, 000006.767, 146
Trd, 000007.767, 129
Trd, 000008.000, 141
Trd, 000008.500, 143
Trd, 000009.617, 152.0
Trd, 000009.833, 148
Trd, 000010.367, 145
Trd, 000011.783, 147
Trd, 000011.800, 146
Trd, 000012.067, 148
Trd, 000012.417, 162.0
Trd, 000013.583, 150
Trd, 000014.250, 147
Trd, 000014.633, 151
Trd, 000014.733, 153
Trd, 000016.350, 148
Trd, 000016.983, 146
Trd, 000018.167, 147
Trd, 000018.233, 148
Trd, 000018.333, 148
Trd, 000018.517, 147
Trd, 000018.617, 144.0
Trd, 000019.917, 147
Trd, 000020.050, 142
Trd, 000021.000, 145
Trd, 000021.450, 144.0
Trd, 000022.533, 145
Trd, 000023.067, 143
Trd, 000024.183, 144
Trd, 000024.750, 144
Trd, 000024.800, 149
Trd, 000026.150, 142
Trd, 000027.100, 144
Trd, 000027.633, 146
Trd, 000027.767, 155.0
Trd, 000028.200, 144
Trd, 000028.533, 162.0
Trd, 000029.367, 149
Trd, 000030.083, 143
Trd, 000030.883, 147
Trd, 000031.933, 147
Trd, 000032.450, 148
Trd, 000032.550, 154
Trd, 000032.567, 175.0
Trd, 000033.733, 146
Trd, 000034.633, 146
Trd, 000035.067, 152
Trd, 000035.667, 144
Trd, 000035.733, 150
Trd, 000036.350, 143
Trd, 000036.617, 141
Trd, 000037.417, 145
Trd, 000037.783, 140
Trd, 000038.017, 146
Trd, 000039.400, 145
Trd, 000040.750, 139
Trd, 000041.167, 141
Trd, 000041.183, 144
Trd, 000041.733, 148
Trd, 000043.083, 146
Trd, 000043.117, 143
Trd, 000043.483, 159.0
Trd, 000044.050, 142
Trd, 000044.367, 159.0
Trd, 000044.750, 160.0
Trd, 000045.717, 157
Trd, 000048.267, 154
Trd, 000048.800, 155
Trd, 000049.033, 155
Trd, 000049.850, 154
Trd, 000049.950, 153
Trd, 000050.333, 154
Trd, 000050.617, 152
Trd, 000051.450, 151.0
Trd, 000051.483, 152.0
Trd, 000052.017, 150
Trd, 000053.017, 149
Trd, 000053.533, 150
Trd, 000054.867, 154
Trd, 000055.217, 154
Trd, 000055.300, 155.0
Trd, 000055.850, 158.0
Trd, 000057.400, 153
Trd, 000057.467, 151
Trd, 000057.667, 155
Trd, 000057.800, 156
Trd, 000058.067, 153
Trd, 000060.283, 151
Trd, 000060.633, 154
Trd, 000060.650, 155.0
Trd, 000061.717, 154
Trd, 000062.117, 154
Trd, 000062.200, 162.0
Trd, 000063.900, 153
Trd, 000064.267, 151
Trd, 000065.283, 149
Trd, 000065.533, 148
Trd, 000066.117, 146
Trd, 000066.350, 148
Trd, 000066.383, 149
Trd, 000067.917, 146
Trd, 000068.017, 147
Trd, 000068.350, 148
Trd, 000068.517, 150
Trd, 000069.117, 145
Trd, 000069.633, 144.0
Trd, 000070.000, 152
Trd, 000071.200, 150
Trd, 000071.250, 155.0
Trd, 000072.083, 152
Trd, 000073.200, 149
Trd, 000073.417, 163
Trd, 000073.483, 162.0
Trd, 000073.567, 164
Trd, 000073.850, 144.0
Trd, 000076.333, 155.0
Trd, 000077.100, 155
Trd, 000078.750, 149
Trd, 000079.583, 148
Trd, 000079.617, 148
Trd, 000080.150, 150
Trd, 000080.567, 146.0
Trd, 000081.200, 149
Trd, 000082.083, 150
Trd, 000083.483, 151
Trd, 000083.883, 146
Trd, 000084.017, 152
Trd, 000085.467, 159
Trd, 000085.583, 156
Trd, 000085.850, 154
Trd, 000086.067, 157
Trd, 000086.867, 146
Trd, 000088.933, 149
Trd, 000089.583, 149
Trd, 000090.233, 148
Trd, 000090.900, 147
Trd, 000091.817, 155.0
Trd, 000093.267, 156
Trd, 000093.483, 156.0
Trd, 000093.700, 156
Trd, 000094.133, 154
Trd, 000094.900, 154.0
Trd, 000095.050, 155
Trd, 000095.300, 153
Trd, 000095.450, 155.0
Trd, 000096.950, 159.0
Trd, 000097.967, 158
Trd, 000098.650, 156
Trd, 000098.883, 155
Trd, 000099.200, 155.0
Trd, 000100.683, 154
Trd, 000101.133, 147
Trd, 000101.150, 146
Trd, 000101.983, 151
Trd, 000102.017, 149
Trd, 000102.917, 147
Trd, 000103.867, 148
Trd, 000103.950, 149
Trd, 000104.233, 145
Trd, 000104.983, 155.0
Trd, 000105.250, 153
Trd, 000106.183, 146.0
Trd, 000106.917, 149
Trd, 000107.783, 145
Trd, 000108.300, 145
Trd, 000108.483, 149
Trd, 000109.050, 140
Trd, 000109.700, 138
Trd, 000110.933, 154.0
Trd, 000111.067, 155.0
Trd, 000111.150, 157.0
Trd, 000112.750, 142
Trd, 000113.433, 147
Trd, 000113.700, 142
Trd, 000113.933, 146
Trd, 000114.067, 141
Trd, 000115.467, 146
Trd, 000116.300, 146
Trd, 000116.733, 146
Trd, 000116.983, 146
Trd, 000117.733, 147
Trd, 000118.400, 148
Trd, 000120.333, 147
Trd, 000120.383, 146
Trd, 000120.850, 148
Trd, 000121.167, 148
Trd, 000121.600, 148
Trd, 000121.967, 143
Trd, 000122.033, 154.0
Trd, 000122.250, 155.0
Trd, 000125.133, 149
Trd, 000125.600, 150
Trd, 000125.783, 149
Trd, 000125.917, 147
Trd, 000126.833, 147
Trd, 000127.850, 148
Trd, 000128.433, 148
Trd, 000129.250, 146
Trd, 000130.500, 145
Trd, 000130.700, 147
Trd, 000130.783, 143
Trd, 000131.067, 148
Trd, 000131.800, 143
Trd, 000132.250, 143
Trd, 000132.667, 149
Trd, 000133.567, 154.0
Trd, 000134.583, 153
Trd, 000134.633, 155.0
Trd, 000135.850, 152
Trd, 000135.950, 150
Trd, 000137.433, 151
Trd, 000137.733, 151
Trd, 000137.983, 149
Trd, 000139.067, 150
Trd, 000139.367, 147
Trd, 000139.467, 151
Trd, 000141.083, 150
Trd, 000142.033, 149
Trd, 000142.883, 149
Trd, 000143.167, 148
Trd, 000143.367, 144.0
Trd, 000143.533, 148
Trd, 000143.783, 145
Trd, 000144.433, 148
Trd, 000144.600, 150
Trd, 000146.000, 151
Trd, 000146.333, 145
Trd, 000146.833, 151
Trd, 000147.150, 152
Trd, 000147.650, 161.0
Trd, 000148.000, 154
Trd, 000148.300, 152
Trd, 000149.717, 152
Trd, 000150.283, 155
Trd, 000150.917, 153
Trd, 000152.767, 151
Trd, 000153.017, 152
Trd, 000153.067, 152
Trd, 000153.117, 151
Trd, 000153.267, 150
Trd, 000154.917, 151
Trd, 000155.317, 147
Trd, 000155.633, 150
Trd, 000156.300, 150
Trd, 000157.300, 146
Trd, 000157.350, 144
Trd, 000157.417, 144.0
Trd, 000157.467, 153.0
Trd, 000158.083, 153.0
Trd, 000158.767, 143
Trd, 000158.850, 152
Trd, 000161.033, 156.0
Trd, 000161.233, 156
Trd, 000162.250, 155
Trd, 000162.383, 155.0
Trd, 000162.683, 152
Trd, 000162.817, 156
Trd, 000163.717, 153
Trd, 000164.250, 156
Trd, 000164.333, 157
Trd, 000166.667, 152
Trd, 000166.700, 154
Trd, 000166.800, 150
Trd, 000167.400, 146
Trd, 000167.850, 145
Trd, 000168.117, 152
Trd, 000168.333, 153
Trd, 000170.167, 150.0
Trd, 000170.417, 151
Trd, 000170.733, 150.0
Trd, 000171.000, 152
Trd, 000173.967, 149
Trd, 000174.200, 150
Trd, 000175.217, 149
Trd, 000175.450, 152
Trd, 000176.017, 150
Trd, 000176.067, 148
Trd, 000176.550, 149
Trd, 000177.300, 148
Trd, 000177.783, 155.0
Trd, 000177.850, 146
Trd, 000179.750, 160.0
Trd, 000180.267, 161.0
Trd, 000180.783, 158
Trd, 000181.250, 156
Trd, 000181.550, 158
Trd, 000181.967, 154
Trd, 000182.200, 158
Trd, 000182.900, 144.0
Trd, 000185.233, 150
Trd, 000185.433, 150
Trd, 000185.600, 152
Trd, 000186.017, 155
Trd, 000187.150, 155
Trd, 000187.167, 159.0
Trd, 000188.350, 159.0
Trd, 000189.167, 158
Trd, 000189.383, 157
Trd, 000189.800, 158
Trd, 000190.250, 158
Trd, 000190.650, 159
Trd, 000191.533, 157
Trd, 000192.083, 155
Trd, 000192.833, 152
Trd, 000193.383, 153
Trd, 000193.533, 154
Trd, 000193.933, 155.0
Trd, 000194.433, 151
Trd, 000194.450, 155
Trd, 000195.567, 140
Trd, 000195.583, 137
Trd, 000197.000, 142
Trd, 000198.483, 145
Trd, 000198.950, 145
Trd, 000199.667, 145
Trd, 000200.617, 146.0
Trd, 000200.717, 148
Trd, 000200.733, 146.0
Trd, 000202.933, 152
Trd, 000203.817, 150
Trd, 000204.483, 149
Trd, 000205.083, 148
Trd, 000205.283, 148
Trd, 000205.517, 151
Trd, 000205.633, 155.0
Trd, 000205.767, 159
Trd, 000207.250, 149.0
Trd, 000207.933, 144
Trd, 000209.300, 149
Trd, 000209.467, 147
Trd, 000209.883, 155
Trd, 000210.317, 156
Trd, 000212.200, 155.0
Trd, 000212.433, 155.0
Trd, 000213.150, 155.0
Trd, 000213.567, 153
Trd, 000213.850, 156.0
Trd, 000215.067, 154
Trd, 000215.600, 154
Trd, 000215.800, 155
Trd, 000216.050, 156
Trd, 000216.200, 153
Trd, 000217.267, 156
Trd, 000219.100, 157
Trd, 000219.750, 154
Trd, 000220.450, 157
Trd, 000221.100, 162.0
Trd, 000221.283, 162.0
Trd, 000221.583, 154
Trd, 000221.800, 154
Trd, 000222.617, 144.0
Trd, 000223.850, 140
Trd, 000224.233, 151
Trd, 000225.183, 148
Trd, 000225.500, 152
Trd, 000226.217, 142
Trd, 000227.133, 149
Trd, 000227.550, 150
Trd, 000227.667, 142
Trd, 000228.317, 148
Trd, 000229.517, 148
Trd, 000230.050, 146
Trd, 000230.883, 149
Trd, 000231.433, 148
Trd, 000231.967, 149
Trd, 000232.100, 155.0
Trd, 000233.383, 152
Trd, 000233.633, 150
Trd, 000233.933, 150
Trd, 000233.983, 148
Trd, 000235.383, 148
Trd, 000236.000, 150
Trd, 000236.400, 148
Trd, 000236.617, 145
Trd, 000237.383, 146.0
Trd, 000237.633, 144.0
Trd, 000238.450, 147
Trd, 000239.300, 143
Trd, 000239.650, 140
Trd, 000239.733, 148
Trd, 000240.267, 143
Trd, 000240.383, 145
Trd, 000240.500, 147
Trd, 000240.533, 149
Trd, 000241.917, 153.0
Trd, 000242.433, 152.0
Trd, 000242.867, 152
Trd, 000243.633, 151
Trd, 000243.650, 152.0
Trd, 000243.850, 150
Trd, 000244.233, 155.0
Trd, 000244.283, 151
Trd, 000245.700, 150
Trd, 000245.750, 151
Trd, 000245.817, 151
Trd, 000246.200, 152
Trd, 000246.283, 154
Trd, 000246.317, 155.0
Trd, 000247.033, 149
Trd, 000247.533, 149.0
Trd, 000247.917, 148
Trd, 000248.483, 155.0
Trd, 000248.617, 156.0
Trd, 000248.700, 158.0
Trd, 000249.283, 151.0
Trd, 000250.550, 160
Trd, 000250.600, 158
Trd, 000251.183, 158
Trd, 000251.500, 156
Trd, 000251.767, 154
Trd, 000251.917, 157
Trd, 000252.100, 158.0
Trd, 000252.567, 155.0
Trd, 000252.583, 162.0
Trd, 000253.267, 163
Trd, 000254.200, 159.0
Trd, 000254.417, 160
Trd, 000254.500, 162
Trd, 000255.217, 156.0
Trd, 000255.417, 154
Trd, 000256.383, 151.0
Trd, 000256.650, 155
Trd, 000256.983, 153
Trd, 000257.817, 149
Trd, 000257.850, 152
Trd, 000258.183, 146
Trd, 000258.483, 148
Trd, 000258.933, 144
Trd, 000259.217, 154
Trd, 000259.350, 158.0
Trd, 000259.700, 158
Trd, 000260.433, 151.0
Trd, 000261.367, 154.0
Trd, 000261.667, 153
Trd, 000262.283, 154.0
Trd, 000262.700, 152
Trd, 000263.067, 152
Trd, 000263.667, 149
Trd, 000263.767, 150
Trd, 000263.833, 154
Trd, 000264.033, 149
Trd, 000265.067, 148.0
Trd, 000265.383, 159
Trd, 000266.317, 155
Trd, 000266.617, 156
Trd, 000266.633, 153.0
Trd, 000267.050, 157.0
Trd, 000267.417, 152
Trd, 000267.733, 145.0
Trd, 000267.883, 157.0
Trd, 000268.283, 157
Trd, 000268.833, 153
Trd, 000268.900, 155.0
Trd, 000268.983, 149
Trd, 000270.000, 158.0
Trd, 000270.350, 153
Trd, 000270.900, 148
Trd, 000271.183, 149.0
Trd, 000272.217, 149
Trd, 000272.233, 150
Trd, 000272.250, 150
Trd, 000272.733, 148.0
Trd, 000273.200, 149.0
Trd, 000274.000, 148.0
Trd, 000274.617, 145
Trd, 000274.717, 148
Trd, 000275.967, 146
Trd, 000276.100, 146
Trd, 000276.133, 148
Trd, 000276.150, 149
Trd, 000276.200, 141
Trd, 000277.083, 148
Trd, 000277.133, 155.0
Trd, 000277.467, 151
Trd, 000278.400, 162.0
Trd, 000278.450, 160
Trd, 000278.467, 165
Trd, 000279.317, 158.0
Trd, 000279.417, 156
Trd, 000279.750, 144.0
Trd, 000281.300, 140
Trd, 000281.317, 143
Trd, 000281.417, 144
Trd, 000281.717, 144
Trd, 000281.850, 145
Trd, 000282.050, 140
Trd, 000282.250, 139
Trd, 000282.583, 147
Trd, 000282.933, 146
Trd, 000283.200, 136
Trd, 000283.467, 140
Trd, 000284.483, 144
Trd, 000284.800, 145
Trd, 000285.450, 147
Trd, 000285.967, 147
Trd, 000286.667, 147
Trd, 000287.517, 155.0
Trd, 000287.650, 158.0
Trd, 000288.983, 151
Trd, 000289.150, 155
Trd, 000289.250, 157.0
Trd, 000289.517, 150.0
Trd, 000289.583, 152
Trd, 000290.533, 152
Trd, 000290.850, 148
Trd, 000290.900, 148.0
Trd, 000291.500, 156.0
Trd, 000291.517, 148
Trd, 000291.767, 157.0
Trd, 000292.117, 147
Trd, 000292.133, 158.0
Trd, 000292.583, 162.0
Trd, 000293.083, 168.0
Trd, 000293.150, 167.0
Trd, 000294.400, 165
Trd, 000294.917, 158.0
Trd, 000295.117, 164
Trd, 000295.983, 158
Trd, 000296.400, 157
Trd, 000296.433, 157
Trd, 000297.250, 152
Trd, 000297.350, 148.0
Trd, 000297.983, 153
Trd, 000298.133, 151
Trd, 000298.433, 152
Trd, 000298.717, 144.0
Trd, 000299.033, 150
Trd, 000299.233, 153
Trd, 000299.300, 150
Trd, 000299.483, 154
Trd, 000299.683, 140
Trd, 000299.933, 155.0
