Trd, 000001.350, 113.0
Trd, 000001.567, 162
Trd, 000003.983, 177.0
Trd, 000004.367, 185
Trd, 000004.500, 175.0
Trd, 000004.733, 145
Trd, 000004.867, 165
Trd, 000005.483, 168.0
Trd, 000005.750, 137.0
Trd, 000006.717, 137
Trd, 000007.317, 135
Trd, 000007.467, 135.0
Trd, 000007.833, 144
Trd, 000009.433, 157
Trd, 000009.733, 158.0
Trd, 000010.200, 165.0
Trd, 000011.050, 155
Trd, 000011.867, 153
Trd, 000012.067, 152.0
Trd, 000012.217, 151
Trd, 000013.117, 148
Trd, 000013.317, 149
Trd, 000013.350, 150
Trd, 000013.550, 145
Trd, 000013.767, 149
Trd, 000016.767, 151
Trd, 000016.967, 148
Trd, 000017.167, 152
Trd, 000017.500, 148
Trd, 000018.050, 143
Trd, 000018.267, 158.0
Trd, 000019.033, 159
Trd, 000019.500, 144
Trd, 000020.150, 156
Trd, 000020.767, 156
Trd, 000021.667, 152
Trd, 000022.000, 153
Trd, 000022.100, 157
Trd, 000022.117, 152
Trd, 000024.133, 151
Trd, 000025.033, 150
Trd, 000025.650, 149
Trd, 000026.617, 155
Trd, 000026.700, 149
Trd, 000027.367, 151
Trd, 000027.800, 154
Trd, 000028.633, 155
Trd, 000028.650, 152
Trd, 000029.100, 156
Trd, 000029.367, 149
Trd, 000030.633, 143
Trd, 000030.717, 141
Trd, 000030.933, 156
Trd, 000031.683, 158.0
Trd, 000032.467, 155
Trd, 000033.850, 153
Trd, 000034.400, 151
Trd, 000036.583, 154
Trd, 000036.867, 151.0
Trd, 000037.217, 152
Trd, 000038.083, 151
Trd, 000038.250, 152
Trd, 000038.333, 158.0
Trd, 000039.250, 160
Trd, 000039.917, 157
Trd, 000040.150, 158
Trd, 000041.450, 156
Trd, 000041.583, 151.0
Trd, 000041.683, 142
Trd, 000042.750, 137.0
Trd, 000044.167, 157
Trd, 000045.000, 152
Trd, 000045.150, 156
Trd, 000045.700, 154
Trd, 000045.950, 154
Trd, 000046.733, 153
Trd, 000046.817, 154
Trd, 000047.117, 152
Trd, 000047.600, 152.0
Trd, 000047.783, 155.0
Trd, 000048.367, 153
Trd, 000049.100, 151.0
Trd, 000049.667, 143
Trd, 000049.700, 152
Trd, 000049.883, 158.0
Trd, 000051.833, 155
Trd, 000052.450, 150
Trd, 000053.383, 150
Trd, 000053.750, 155
Trd, 000054.167, 149
Trd, 000055.083, 150
Trd, 000056.000, 154
Trd, 000056.650, 151
Trd, 000057.117, 151
Trd, 000057.450, 152
Trd, 000058.317, 153
Trd, 000058.900, 151
Trd, 000058.933, 155
Trd, 000059.850, 151.0
Trd, 000060.250, 150
Trd, 000062.183, 149
Trd, 000062.367, 154
Trd, 000062.483, 148
Trd, 000062.767, 153
Trd, 000063.033, 142
Trd, 000063.500, 137.0
Trd, 000064.967, 144
Trd, 000065.367, 142
Trd, 000065.717, 142
Trd, 000067.500, 151
Trd, 000068.383, 149
Trd, 000068.567, 146
Trd, 000068.867, 149
Trd, 000069.067, 146
Trd, 000071.250, 145
Trd, 000071.867, 148
Trd, 000072.300, 157.0
Trd, 000072.350, 158.0
Trd, 000072.867, 148
Trd, 000073.167, 147
Trd, 000073.233, 154
Trd, 000073.800, 152
Trd, 000073.983, 145
Trd, 000075.150, 145
Trd, 000076.217, 148
Trd, 000077.050, 146
Trd, 000077.083, 147
Trd, 000077.183, 144
Trd, 000077.883, 148
Trd, 000078.400, 143
Trd, 000078.433, 148
Trd, 000080.583, 152
Trd, 000080.817, 151.0
Trd, 000081.267, 152
Trd, 000081.650, 151
Trd, 000081.817, 150
Trd, 000083.067, 156
Trd, 000083.333, 149
Trd, 000083.550, 158.0
Trd, 000085.100, 150
Trd, 000085.550, 151
Trd, 000085.667, 149
Trd, 000086.217, 140
Trd, 000086.417, 140
Trd, 000086.750, 148
Trd, 000086.817, 149
Trd, 000087.367, 145
Trd, 000087.383, 148
Trd, 000087.750, 161
Trd, 000089.083, 145
Trd, 000090.033, 151
Trd, 000090.633, 151
Trd, 000091.350, 149
Trd, 000091.767, 149
Trd, 000091.950, 143
Trd, 000092.033, 137.0
Trd, 000092.200, 136
Trd, 000093.450, 149
Trd, 000093.683, 150
Trd, 000094.483, 144
Trd, 000095.500, 144
Trd, 000095.767, 150
Trd, 000095.933, 143
Trd, 000097.383, 144
Trd, 000097.817, 150
Trd, 000098.617, 148
Trd, 000098.650, 147
Trd, 000099.517, 151
Trd, 000099.800, 147
Trd, 000101.467, 150
Trd, 000101.967, 149
Trd, 000102.100, 151
Trd, 000103.617, 145
Trd, 000103.800, 147
Trd, 000104.050, 147
Trd, 000104.117, 145
Trd, 000105.383, 148
Trd, 000105.400, 143
Trd, 000105.933, 145
Trd, 000106.317, 150
Trd, 000106.667, 150
Trd, 000108.033, 144
Trd, 000108.183, 144
Trd, 000108.717, 149
Trd, 000108.867, 140
Trd, 000108.950, 163
Trd, 000109.550, 137.0
Trd, 000110.117, 152
Trd, 000111.950, 148
Trd, 000112.483, 148
Trd, 000112.717, 154
Trd, 000112.767, 153
Trd, 000113.333, 151
Trd, 000113.817, 153
Trd, 000115.500, 153
Trd, 000115.933, 153
Trd, 000116.983, 156.0
Trd, 000117.183, 156.0
Trd, 000117.200, 151
Trd, 000117.717, 150
Trd, 000117.933, 149
Trd, 000119.167, 148
Trd, 000119.633, 152
Trd, 000119.667, 154
Trd, 000120.967, 149
Trd, 000121.000, 158.0
Trd, 000121.883, 161
Trd, 000121.983, 152
Trd, 000122.233, 167.0
Trd, 000122.717, 165.0
Trd, 000124.150, 163
Trd, 000124.317, 158
Trd, 000124.450, 157
Trd, 000124.733, 162
Trd, 000124.917, 151.0
Trd, 000125.700, 146
Trd, 000126.800, 151
Trd, 000127.117, 153
Trd, 000127.450, 156
Trd, 000127.633, 149
Trd, 000128.083, 149
Trd, 000128.517, 142
Trd, 000128.983, 155
Trd, 000129.033, 156
Trd, 000129.667, 148
Trd, 000130.950, 148
Trd, 000131.867, 147
Trd, 000132.733, 154.0
Trd, 000132.850, 146
Trd, 000133.300, 153
Trd, 000133.467, 145
Trd, 000133.817, 154.0
Trd, 000134.817, 145
Trd, 000136.033, 150
Trd, 000136.150, 143
Trd, 000136.767, 151
Trd, 000138.133, 150
Trd, 000138.483, 141
Trd, 000138.583, 139.0
Trd, 000138.817, 146
Trd, 000139.600, 149
Trd, 000140.567, 148
Trd, 000141.200, 145
Trd, 000142.550, 144
Trd, 000143.600, 143
Trd, 000144.000, 145
Trd, 000144.150, 144
Trd, 000144.250, 146
Trd, 000145.200, 149
Trd, 000145.350, 143
Trd, 000146.050, 150
Trd, 000146.317, 151
Trd, 000147.550, 141
Trd, 000147.917, 145
Trd, 000148.233, 151
Trd, 000149.017, 150
Trd, 000149.350, 150
Trd, 000149.450, 138
Trd, 000150.717, 150
Trd, 000151.450, 147
Trd, 000152.333, 150
Trd, 000152.683, 149
Trd, 000152.767, 146
Trd, 000154.917, 145
Trd, 000155.867, 147
Trd, 000155.883, 146
Trd, 000156.200, 145
Trd, 000156.333, 150
Trd, 000156.833, 144
Trd, 000157.100, 149
Trd, 000157.217, 158.0
Trd, 000157.767, 141
Trd, 000158.867, 147
Trd, 000162.233, 149
Trd, 000162.383, 144
Trd, 000163.450, 147
Trd, 000163.483, 149
Trd, 000164.650, 155
Trd, 000164.800, 148
Trd, 000165.400, 147
Trd, 000165.917, 167.0
Trd, 000165.983, 137
Trd, 000166.317, 139
Trd, 000167.750, 154
Trd, 000167.900, 155
Trd, 000167.917, 147
Trd, 000167.983, 139
Trd, 000169.033, 154
Trd, 000169.417, 158.0
Trd, 000169.433, 137.0
Trd, 000171.267, 149
Trd, 000171.800, 153
Trd, 000172.017, 152
Trd, 000172.833, 151.0
Trd, 000173.083, 153
Trd, 000175.083, 154
Trd, 000175.233, 152
Trd, 000175.783, 158
Trd, 000178.000, 155
Trd, 000178.600, 155
Trd, 000178.683, 154
Trd, 000178.833, 153
Trd, 000179.867, 153
Trd, 000180.750, 151
Trd, 000180.767, 154
Trd, 000180.967, 142
Trd, 000182.283, 153.0
Trd, 000182.467, 154.0
Trd, 000183.533, 157.0
Trd, 000183.950, 153
Trd, 000183.967, 157
Trd, 000184.117, 153
Trd, 000184.467, 158.0
Trd, 000185.817, 152
Trd, 000186.233, 151.0
Trd, 000186.833, 151
Trd, 000187.600, 151
Trd, 000188.533, 156
Trd, 000189.600, 150
Trd, 000189.717, 154
Trd, 000190.117, 150
Trd, 000190.450, 151
Trd, 000190.650, 152
Trd, 000191.333, 151
Trd, 000191.383, 149
Trd, 000192.350, 152
Trd, 000192.533, 148
Trd, 000193.683, 147
Trd, 000193.967, 143
Trd, 000194.000, 148
Trd, 000194.667, 137.0
Trd, 000195.300, 149
Trd, 000196.367, 151
Trd, 000196.850, 144
Trd, 000196.917, 156.0
Trd, 000197.083, 158.0
Trd, 000197.367, 143
Trd, 000198.683, 147
Trd, 000198.967, 153
Trd, 000199.633, 146
Trd, 000200.050, 152
Trd, 000201.267, 145
Trd, 000201.650, 146
Trd, 000202.150, 146
Trd, 000202.450, 144
Trd, 000202.583, 150
Trd, 000203.650, 143
Trd, 000204.017, 151
Trd, 000204.200, 158.0
Trd, 000204.683, 149
Trd, 000205.633, 147
Trd, 000205.767, 153
Trd, 000206.717, 153
Trd, 000206.900, 153
Trd, 000207.650, 145
Trd, 000207.717, 154
Trd, 000207.933, 145
Trd, 000209.267, 144
Trd, 000210.167, 146
Trd, 000211.433, 147
Trd, 000211.900, 147
Trd, 000213.783, 150
Trd, 000214.383, 151
Trd, 000214.667, 151
Trd, 000215.083, 155
Trd, 000215.517, 151
Trd, 000215.717, 148
Trd, 000216.200, 151
Trd, 000216.233, 147
Trd, 000216.550, 152
Trd, 000218.450, 143
Trd, 000218.467, 137
Trd, 000218.483, 150
Trd, 000218.567, 134.0
Trd, 000220.217, 149
Trd, 000220.400, 140
Trd, 000220.900, 143
Trd, 000221.633, 145
Trd, 000221.717, 149
Trd, 000221.950, 144
Trd, 000223.633, 148
Trd, 000223.933, 148
Trd, 000224.483, 157.0
Trd, 000225.333, 148
Trd, 000225.350, 148
Trd, 000225.683, 145
Trd, 000226.250, 141
Trd, 000227.350, 144
Trd, 000227.600, 141
Trd, 000227.833, 152
Trd, 000227.917, 140
Trd, 000228.067, 153
Trd, 000228.117, 153
Trd, 000231.933, 149
Trd, 000232.550, 150
Trd, 000233.250, 148
Trd, 000233.417, 147
Trd, 000233.483, 151
Trd, 000234.683, 147
Trd, 000236.000, 148
Trd, 000236.500, 148
Trd, 000237.017, 149
Trd, 000237.433, 150
Trd, 000237.750, 147
Trd, 000238.300, 141
Trd, 000239.017, 142
Trd, 000239.833, 142
Trd, 000239.850, 141
Trd, 000240.017, 141
Trd, 000240.300, 143
Trd, 000240.700, 143.0
Trd, 000240.817, 144.0
Trd, 000241.100, 143
Trd, 000241.667, 143
Trd, 000241.933, 141
Trd, 000242.283, 148
Trd, 000242.483, 147
Trd, 000242.783, 148
Trd, 000243.383, 155.0
Trd, 000244.083, 151.0
Trd, 000244.233, 148.0
Trd, 000244.583, 152
Trd, 000245.400, 152
Trd, 000245.567, 151
Trd, 000245.783, 150
Trd, 000245.850, 149
Trd, 000245.900, 149
Trd, 000246.600, 160
Trd, 000247.300, 157
Trd, 000247.800, 148
Trd, 000248.850, 149
Trd, 000249.100, 150
Trd, 000249.167, 148
Trd, 000249.867, 151.0
Trd, 000250.333, 150
Trd, 000250.617, 153
Trd, 000251.117, 150.0
Trd, 000251.383, 151.0
Trd, 000251.467, 153
Trd, 000252.350, 151
Trd, 000252.417, 148.0
Trd, 000252.483, 149
Trd, 000253.233, 148
Trd, 000253.467, 146
Trd, 000253.850, 144
Trd, 000253.900, 150
Trd, 000254.150, 149
Trd, 000254.667, 143
Trd, 000255.483, 145
Trd, 000255.567, 151
Trd, 000255.667, 137.0
Trd, 000256.833, 152.0
Trd, 000257.567, 155.0
Trd, 000257.717, 152
Trd, 000257.967, 158.0
Trd, 000258.133, 165
Trd, 000259.617, 158
Trd, 000260.233, 156
Trd, 000260.267, 157.0
Trd, 000260.483, 155
Trd, 000260.733, 156
Trd, 000261.100, 152
Trd, 000261.583, 156.0
Trd, 000261.783, 151.0
Trd, 000263.267, 152
Trd, 000263.483, 154
Trd, 000263.633, 155.0
Trd, 000264.050, 151
Trd, 000264.150, 150
Trd, 000264.417, 143
Trd, 000265.100, 144
Trd, 000265.600, 143
Trd, 000266.417, 148.0
Trd, 000266.433, 149
Trd, 000267.017, 146
Trd, 000267.150, 146
Trd, 000267.533, 143
Trd, 000267.700, 149
Trd, 000267.867, 140
Trd, 000268.217, 149
Trd, 000268.467, 143
Trd, 000268.633, 139.0
Trd, 000269.433, 149
Trd, 000269.617, 148
Trd, 000269.967, 151
Trd, 000270.467, 144
Trd, 000271.633, 144
Trd, 000271.667, 144
Trd, 000271.917, 143
Trd, 000272.167, 144.0
Trd, 000272.217, 155.0
Trd, 000272.733, 149
Trd, 000273.800, 161
Trd, 000273.833, 148.0
Trd, 000274.467, 147
Trd, 000274.500, 144
Trd, 000274.817, 151
Trd, 000275.200, 155
Trd, 000276.150, 150
Trd, 000276.200, 151
Trd, 000276.600, 154
Trd, 000277.350, 155.0
Trd, 000277.700, 157
Trd, 000278.083, 156
Trd, 000278.100, 149
Trd, 000278.433, 152
Trd, 000279.267, 154.0
Trd, 000279.567, 143
Trd, 000280.317, 146
Trd, 000280.433, 153
Trd, 000280.483, 154
Trd, 000281.000, 149
Trd, 000281.317, 155.0
Trd, 000281.583, 147
Trd, 000282.450, 153
Trd, 000283.100, 149.0
Trd, 000283.550, 150
Trd, 000284.367, 149
Trd, 000284.583, 151
Trd, 000284.917, 149
Trd, 000285.050, 148.0
Trd, 000285.183, 146
Trd, 000285.683, 143
Trd, 000286.483, 140
Trd, 000286.767, 137.0
Trd, 000286.900, 134.0
Trd, 000286.983, 144.0
Trd, 000287.050, 151.0
Trd, 000288.267, 155.0
Trd, 000288.933, 155.0
Trd, 000289.283, 152
Trd, 000289.433, 150
Trd, 000289.717, 152
Trd, 000291.533, 153
Trd, 000291.667, 153
Trd, 000292.083, 153
Trd, 000292.450, 150
Trd, 000292.517, 154
Trd, 000293.017, 152
Trd, 000293.250, 151
Trd, 000293.583, 149
Trd, 000294.033, 155
Trd, 000294.750, 148.0
Trd, 000294.783, 156
Trd, 000295.233, 158.0
Trd, 000295.517, 148
Trd, 000295.833, 168.0
Trd, 000296.500, 163
Trd, 000297.350, 148.0
Trd, 000297.767, 152.0
Trd, 000298.200, 150
Trd, 000298.383, 144.0
Trd, 000298.667, 146
Trd, 000299.200, 149.0
Trd, 000299.283, 148
Trd, 000299.750, 147
