Trd, 000001.633, 155.0
Trd, 000002.100, 175.0
Trd, 000002.183, 153
Trd, 000003.850, 157
Trd, 000004.467, 162
Trd, 000004.533, 163
Trd, 000004.667, 164
Trd, 000005.167, 162.0
Trd, 000005.967, 162
Trd, 000006.033, 161
Trd, 000007.483, 161
Trd, 000008.017, 159
Trd, 000008.300, 160
Trd, 000008.467, 161
Trd, 000008.983, 159
Trd, 000009.100, 159
Trd, 000009.567, 159
Trd, 000009.617, 158
Trd, 000010.367, 157
Trd, 000010.433, 155.0
Trd, 000011.700, 136.0
Trd, 000012.200, 149.0
Trd, 000012.433, 149
Trd, 000012.500, 148.0
Trd, 000012.733, 134.0
Trd, 000013.633, 141
Trd, 000013.683, 151
Trd, 000014.200, 144
Trd, 000014.300, 155.0
Trd, 000016.667, 146
Trd, 000016.967, 149
Trd, 000017.367, 151
Trd, 000018.300, 153
Trd, 000018.783, 145
Trd, 000018.917, 145
Trd, 000019.317, 145
Trd, 000019.367, 153
Trd, 000019.567, 153.0
Trd, 000021.983, 153
Trd, 000022.883, 155.0
Trd, 000023.733, 154
Trd, 000024.133, 154
Trd, 000024.450, 153
Trd, 000024.733, 155
Trd, 000025.067, 156
Trd, 000025.767, 158
Trd, 000026.100, 156
Trd, 000026.667, 157
Trd, 000026.750, 156
Trd, 000027.983, 155.0
Trd, 000028.233, 156
Trd, 000028.250, 172
Trd, 000029.050, 159
Trd, 000029.867, 158
Trd, 000031.517, 159
Trd, 000031.867, 158
Trd, 000032.450, 159
Trd, 000032.950, 159
Trd, 000033.033, 157
Trd, 000034.400, 159
Trd, 000034.900, 158
Trd, 000035.267, 158
Trd, 000035.300, 157
Trd, 000035.567, 156
Trd, 000035.683, 157
Trd, 000036.350, 155.0
Trd, 000037.033, 154
Trd, 000037.050, 153
Trd, 000037.817, 154
Trd, 000038.483, 152
Trd, 000038.650, 150.0
Trd, 000040.617, 153
Trd, 000041.017, 153
Trd, 000041.050, 155
Trd, 000041.167, 155.0
Trd, 000041.617, 155
Trd, 000042.267, 155
Trd, 000042.783, 154
Trd, 000042.917, 148.0
Trd, 000043.583, 153
Trd, 000044.233, 149
Trd, 000044.900, 147
Trd, 000045.550, 148
Trd, 000045.817, 147
Trd, 000046.183, 144
Trd, 000046.500, 144.0
Trd, 000046.733, 147
Trd, 000047.333, 145
Trd, 000047.800, 144
Trd, 000048.150, 155.0
Trd, 000048.200, 145
Trd, 000048.850, 150
Trd, 000049.250, 156
Trd, 000050.050, 150
Trd, 000050.450, 156
Trd, 000050.583, 148
Trd, 000050.833, 158
Trd, 000051.300, 158
Trd, 000053.600, 158
Trd, 000053.667, 158
Trd, 000053.750, 155.0
Trd, 000053.983, 151
Trd, 000054.167, 178
Trd, 000054.983, 160
Trd, 000055.167, 159
Trd, 000055.200, 155.0
Trd, 000055.767, 151
Trd, 000056.417, 152
Trd, 000056.483, 149.0
Trd, 000057.000, 155.0
Trd, 000057.283, 153
Trd, 000058.717, 149
Trd, 000059.117, 151
Trd, 000059.167, 152
Trd, 000059.183, 153
Trd, 000059.433, 150
Trd, 000060.367, 151
Trd, 000060.483, 148.0
Trd, 000060.667, 144.0
Trd, 000061.517, 145
Trd, 000062.250, 139
Trd, 000062.683, 147
Trd, 000062.900, 146
Trd, 000063.267, 146
Trd, 000064.100, 148
Trd, 000064.350, 146
Trd, 000066.200, 148.0
Trd, 000066.350, 146
Trd, 000066.717, 145
Trd, 000067.017, 155.0
Trd, 000067.950, 149
Trd, 000068.283, 155.0
Trd, 000068.433, 153
Trd, 000069.200, 157
Trd, 000070.567, 154
Trd, 000070.717, 155
Trd, 000071.100, 155.0
Trd, 000072.650, 158
Trd, 000072.950, 157
Trd, 000073.617, 154
Trd, 000074.617, 155
Trd, 000074.700, 155
Trd, 000075.183, 156
Trd, 000075.250, 157
Trd, 000075.867, 159
Trd, 000076.467, 157
Trd, 000076.733, 156
Trd, 000077.500, 157
Trd, 000077.950, 155.0
Trd, 000077.983, 155
Trd, 000078.250, 154
Trd, 000079.233, 155.0
Trd, 000080.467, 154
Trd, 000080.483, 156
Trd, 000081.283, 156
Trd, 000081.300, 155
Trd, 000081.817, 155
Trd, 000083.583, 154
Trd, 000083.617, 152
Trd, 000084.267, 148.0
Trd, 000084.883, 156
Trd, 000085.183, 157
Trd, 000086.583, 157.0
Trd, 000087.000, 155.0
Trd, 000087.350, 155
Trd, 000087.500, 158
Trd, 000087.933, 160
Trd, 000088.267, 159
Trd, 000088.633, 154
Trd, 000088.867, 154
Trd, 000089.267, 160
Trd, 000091.033, 153
Trd, 000091.533, 156
Trd, 000091.567, 152
Trd, 000092.100, 155
Trd, 000092.267, 157
Trd, 000093.167, 152
Trd, 000093.817, 157
Trd, 000094.750, 157
Trd, 000095.283, 154
Trd, 000096.300, 154
Trd, 000096.600, 155
Trd, 000096.767, 155.0
Trd, 000097.050, 153
Trd, 000097.133, 152
Trd, 000097.733, 152
Trd, 000098.400, 150
Trd, 000099.350, 151.0
Trd, 000099.367, 152
Trd, 000099.833, 153
Trd, 000100.133, 151
Trd, 000100.617, 154
Trd, 000100.633, 153
Trd, 000101.067, 135.0
Trd, 000101.617, 143
Trd, 000102.233, 151
Trd, 000102.550, 153
Trd, 000103.217, 151
Trd, 000103.800, 147
Trd, 000104.417, 147
Trd, 000104.833, 147
Trd, 000104.983, 145
Trd, 000105.333, 145
Trd, 000105.500, 149
Trd, 000105.600, 155.0
Trd, 000107.117, 144.0
Trd, 000107.667, 146
Trd, 000107.800, 150
Trd, 000109.133, 149
Trd, 000109.567, 149
Trd, 000110.333, 157
Trd, 000110.417, 151
Trd, 000110.633, 156
Trd, 000111.617, 155.0
Trd, 000112.300, 157
Trd, 000112.400, 153
Trd, 000112.683, 155.0
Trd, 000113.067, 152
Trd, 000113.133, 148.0
Trd, 000113.200, 148
Trd, 000113.567, 156
Trd, 000115.283, 156
Trd, 000115.333, 148
Trd, 000118.200, 156
Trd, 000118.317, 155.0
Trd, 000118.450, 155
Trd, 000118.900, 155
Trd, 000118.983, 154
Trd, 000119.333, 155
Trd, 000119.950, 157
Trd, 000121.000, 158
Trd, 000121.150, 157
Trd, 000121.567, 152
Trd, 000121.650, 144.0
Trd, 000122.133, 136.0
Trd, 000122.200, 157
Trd, 000122.417, 146
Trd, 000122.900, 145
Trd, 000124.033, 156
Trd, 000124.133, 158
Trd, 000124.600, 145
Trd, 000125.050, 158
Trd, 000125.667, 157
Trd, 000126.583, 157
Trd, 000126.917, 158
Trd, 000127.450, 157.0
Trd, 000127.467, 155.0
Trd, 000127.917, 155
Trd, 000128.350, 158
Trd, 000129.083, 161
Trd, 000129.233, 154
Trd, 000129.550, 148.0
Trd, 000129.783, 148
Trd, 000131.233, 161
Trd, 000133.117, 158
Trd, 000133.450, 157
Trd, 000133.550, 158
Trd, 000134.167, 156
Trd, 000134.600, 156
Trd, 000134.983, 155.0
Trd, 000135.167, 156
Trd, 000135.650, 155
Trd, 000136.117, 156
Trd, 000136.733, 155
Trd, 000136.833, 156
Trd, 000137.350, 155.0
Trd, 000138.400, 153
Trd, 000139.000, 153
Trd, 000140.033, 153
Trd, 000140.117, 155.0
Trd, 000140.717, 155
Trd, 000140.850, 155
Trd, 000141.033, 153
Trd, 000141.333, 152
Trd, 000141.383, 148.0
Trd, 000141.467, 144.0
Trd, 000142.633, 153
Trd, 000143.750, 148
Trd, 000143.833, 148
Trd, 000143.867, 149
Trd, 000143.917, 158
Trd, 000144.383, 148
Trd, 000144.917, 175.0
Trd, 000146.683, 166
Trd, 000147.400, 166
Trd, 000147.600, 167
Trd, 000148.133, 164
Trd, 000148.833, 164
Trd, 000149.200, 162.0
Trd, 000149.233, 168
Trd, 000150.167, 160
Trd, 000150.400, 165
Trd, 000151.367, 164
Trd, 000151.650, 161
Trd, 000151.883, 160
Trd, 000152.167, 161
Trd, 000153.300, 158.0
Trd, 000153.667, 155.0
Trd, 000155.000, 157
Trd, 000155.267, 157
Trd, 000155.683, 156
Trd, 000155.883, 155
Trd, 000156.467, 157
Trd, 000157.033, 171
Trd, 000159.767, 161
Trd, 000159.817, 156
Trd, 000160.100, 155.0
Trd, 000160.150, 154
Trd, 000160.233, 148.0
Trd, 000161.317, 152
Trd, 000161.750, 151
Trd, 000162.350, 152
Trd, 000162.400, 151
Trd, 000162.483, 150
Trd, 000163.200, 153
Trd, 000163.950, 152
Trd, 000164.133, 153
Trd, 000164.167, 149
Trd, 000165.983, 152
Trd, 000166.617, 150
Trd, 000167.033, 148
Trd, 000167.483, 148.0
Trd, 000168.067, 151
Trd, 000169.250, 148
Trd, 000169.400, 150
Trd, 000169.550, 147
Trd, 000169.817, 144.0
Trd, 000170.283, 148
Trd, 000170.983, 149
Trd, 000171.717, 148
Trd, 000172.450, 148
Trd, 000172.967, 172
Trd, 000173.700, 151
Trd, 000174.200, 154
Trd, 000174.283, 153
Trd, 000174.350, 158
Trd, 000175.517, 167
Trd, 000175.783, 161
Trd, 000175.850, 160
Trd, 000176.667, 158
Trd, 000176.950, 158
Trd, 000177.383, 155.0
Trd, 000177.467, 155
Trd, 000177.617, 159
Trd, 000178.450, 153
Trd, 000179.900, 155.0
Trd, 000180.283, 155
Trd, 000180.617, 155
Trd, 000180.633, 158
Trd, 000181.017, 153
Trd, 000183.150, 154
Trd, 000184.717, 153
Trd, 000185.367, 154
Trd, 000186.000, 153
Trd, 000186.133, 153
Trd, 000186.200, 152
Trd, 000186.417, 155.0
Trd, 000187.333, 157
Trd, 000187.817, 155.0
Trd, 000188.000, 156
Trd, 000188.617, 154
Trd, 000189.033, 154
Trd, 000189.050, 153
Trd, 000189.633, 156
Trd, 000190.017, 153
Trd, 000190.367, 150
Trd, 000190.600, 149.0
Trd, 000191.500, 156
Trd, 000192.550, 148.0
Trd, 000193.500, 148
Trd, 000193.783, 155.0
Trd, 000194.533, 152
Trd, 000194.617, 152
Trd, 000194.733, 156
Trd, 000194.767, 151
Trd, 000196.867, 158
Trd, 000197.167, 156
Trd, 000197.267, 172
Trd, 000198.550, 157
Trd, 000198.650, 156
Trd, 000199.383, 156
Trd, 000200.633, 156
Trd, 000201.067, 156.0
Trd, 000201.167, 156
Trd, 000201.283, 155.0
Trd, 000201.483, 155
Trd, 000201.633, 157
Trd, 000202.050, 151
Trd, 000202.167, 156
Trd, 000203.133, 156
Trd, 000204.267, 157
Trd, 000204.533, 157
Trd, 000205.100, 157
Trd, 000205.867, 157
Trd, 000206.033, 155.0
Trd, 000206.383, 157
Trd, 000206.917, 155
Trd, 000207.983, 157
Trd, 000209.083, 155.0
Trd, 000209.717, 158
Trd, 000209.867, 175.0
Trd, 000210.267, 169
Trd, 000210.850, 151
Trd, 000210.867, 150
Trd, 000211.567, 158
Trd, 000211.600, 157
Trd, 000211.667, 159
Trd, 000211.767, 156
Trd, 000211.933, 155
Trd, 000212.300, 173
Trd, 000214.083, 158.0
Trd, 000214.283, 157.0
Trd, 000214.533, 161
Trd, 000215.467, 166
Trd, 000215.500, 158
Trd, 000215.717, 157
Trd, 000216.283, 157
Trd, 000216.550, 155
Trd, 000216.600, 164
Trd, 000217.700, 164
Trd, 000219.567, 157.0
Trd, 000219.950, 158
Trd, 000220.583, 156.0
Trd, 000221.000, 155
Trd, 000221.217, 154
Trd, 000221.917, 155.0
Trd, 000222.100, 156
Trd, 000222.233, 160
Trd, 000222.567, 155
Trd, 000223.233, 160
Trd, 000223.983, 162
Trd, 000224.133, 155.0
Trd, 000225.050, 154
Trd, 000226.050, 154
Trd, 000227.200, 153
Trd, 000227.283, 154
Trd, 000228.050, 155
Trd, 000228.683, 158
Trd, 000228.867, 152
Trd, 000229.283, 157
Trd, 000229.950, 156
Trd, 000230.167, 156
Trd, 000230.333, 155.0
Trd, 000230.583, 153
Trd, 000230.800, 152
Trd, 000230.883, 153
Trd, 000230.950, 159
Trd, 000231.783, 151
Trd, 000233.183, 149
Trd, 000233.917, 150
Trd, 000234.917, 150
Trd, 000235.117, 155
Trd, 000235.200, 150
Trd, 000235.683, 155
Trd, 000236.667, 154
Trd, 000236.883, 153
Trd, 000236.950, 155
Trd, 000238.483, 156.0
Trd, 000238.917, 155.0
Trd, 000239.683, 156
Trd, 000239.883, 155
Trd, 000240.267, 156
Trd, 000240.300, 158
Trd, 000241.500, 153
Trd, 000241.517, 153
Trd, 000242.417, 153.0
Trd, 000243.533, 153
Trd, 000243.867, 154
Trd, 000244.433, 155
Trd, 000244.467, 155
Trd, 000244.700, 155.0
Trd, 000245.133, 156
Trd, 000245.383, 162.0
Trd, 000245.517, 156
Trd, 000246.167, 158
Trd, 000246.717, 159
Trd, 000247.383, 156
Trd, 000248.567, 157
Trd, 000248.683, 155
Trd, 000248.750, 154
Trd, 000248.783, 155
Trd, 000249.017, 154
Trd, 000249.100, 153
Trd, 000249.333, 175.0
Trd, 000249.567, 154
Trd, 000250.283, 157
Trd, 000250.950, 156
Trd, 000251.200, 159
Trd, 000251.783, 160
Trd, 000252.100, 162
Trd, 000252.867, 158
Trd, 000252.950, 156.0
Trd, 000253.217, 155.0
Trd, 000253.267, 152
Trd, 000253.983, 149.0
Trd, 000254.217, 148.0
Trd, 000255.067, 147.0
Trd, 000255.317, 145
Trd, 000255.633, 147
Trd, 000255.650, 148
Trd, 000255.767, 146
Trd, 000256.433, 149
Trd, 000256.783, 155.0
Trd, 000257.217, 158
Trd, 000258.483, 158.0
Trd, 000258.550, 157.0
Trd, 000258.850, 158.0
Trd, 000259.117, 156
Trd, 000259.300, 155
Trd, 000260.150, 159.0
Trd, 000260.367, 155.0
Trd, 000260.983, 156
Trd, 000261.017, 158
Trd, 000261.433, 155
Trd, 000262.150, 157
Trd, 000262.850, 156
Trd, 000263.133, 157
Trd, 000263.250, 158
Trd, 000264.533, 158
Trd, 000264.617, 156
Trd, 000264.633, 154
Trd, 000265.050, 156.0
Trd, 000265.250, 154
Trd, 000266.083, 149.0
Trd, 000266.300, 144.0
Trd, 000266.967, 148
Trd, 000266.983, 151.0
Trd, 000267.517, 154.0
Trd, 000267.900, 150
Trd, 000268.083, 150.0
Trd, 000268.533, 149.0
Trd, 000269.250, 148
Trd, 000269.467, 155.0
Trd, 000270.133, 153
Trd, 000270.433, 152
Trd, 000270.633, 153
Trd, 000270.650, 158
Trd, 000270.717, 162.0
Trd, 000271.700, 155
Trd, 000272.233, 155
Trd, 000272.567, 153
Trd, 000272.583, 153
Trd, 000272.933, 156
Trd, 000273.133, 154.0
Trd, 000273.217, 148.0
Trd, 000273.300, 155
Trd, 000273.317, 144.0
Trd, 000274.150, 151
Trd, 000274.317, 148
Trd, 000274.617, 148
Trd, 000274.850, 153
Trd, 000276.567, 153
Trd, 000277.750, 150
Trd, 000277.767, 148.0
Trd, 000277.933, 148
Trd, 000278.700, 153
Trd, 000279.467, 155
Trd, 000279.733, 158
Trd, 000280.167, 156
Trd, 000280.433, 159
Trd, 000281.533, 159
Trd, 000281.967, 161.0
Trd, 000282.667, 161
Trd, 000283.750, 161
Trd, 000283.850, 158
Trd, 000284.333, 157
Trd, 000284.783, 161
Trd, 000284.883, 161.0
Trd, 000285.167, 162.0
Trd, 000286.350, 157
Trd, 000286.383, 157
Trd, 000286.483, 159
Trd, 000286.783, 157
Trd, 000286.833, 159
Trd, 000286.917, 158
Trd, 000287.517, 162.0
Trd, 000287.850, 157
Trd, 000288.533, 161
Trd, 000288.617, 157
Trd, 000288.767, 157
Trd, 000288.917, 157.0
Trd, 000289.167, 158
Trd, 000290.200, 162.0
Trd, 000290.233, 156
Trd, 000290.450, 155
Trd, 000291.450, 162.0
Trd, 000291.467, 157.0
Trd, 000291.533, 156
Trd, 000291.650, 156
Trd, 000291.833, 165.0
Trd, 000292.533, 167
Trd, 000292.983, 155.0
Trd, 000293.283, 155
Trd, 000293.300, 155
Trd, 000293.583, 165.0
Trd, 000294.233, 157
Trd, 000294.717, 156
Trd, 000295.117, 159
Trd, 000295.250, 156
Trd, 000295.850, 157
Trd, 000296.233, 143.0
Trd, 000297.417, 153
Trd, 000297.533, 153
Trd, 000298.450, 153
Trd, 000298.633, 142.0
Trd, 000299.417, 137.0
Trd, 000299.483, 144
Trd, 000299.900, 137.0
