Trd, 000002.717, 127
Trd, 000003.950, 120
Trd, 000004.500, 131
Trd, 000004.967, 134.0
Trd, 000005.033, 144.0
Trd, 000006.150, 136
Trd, 000006.350, 135
Trd, 000006.367, 135
Trd, 000006.883, 148.0
Trd, 000007.650, 148.0
Trd, 000009.433, 140
Trd, 000010.050, 138
Trd, 000010.150, 144
Trd, 000011.017, 145
Trd, 000011.033, 144
Trd, 000011.750, 151.0
Trd, 000011.767, 162.0
Trd, 000011.867, 144
Trd, 000014.267, 148
Trd, 000014.717, 150.0
Trd, 000015.300, 148
Trd, 000015.383, 148
Trd, 000016.017, 146
Trd, 000016.700, 147
Trd, 000016.733, 149
Trd, 000016.967, 151.0
Trd, 000017.267, 147
Trd, 000019.367, 149.0
Trd, 000020.333, 147
Trd, 000021.700, 148.0
Trd, 000021.717, 150
Trd, 000022.700, 150
Trd, 000022.900, 147
Trd, 000023.250, 155.0
Trd, 000024.333, 161.0
Trd, 000025.083, 152
Trd, 000026.000, 155
Trd, 000026.567, 154
Trd, 000027.033, 152
Trd, 000027.983, 155
Trd, 000028.683, 151.0
Trd, 000029.150, 155
Trd, 000029.467, 153
Trd, 000029.583, 158.0
Trd, 000031.100, 152
Trd, 000031.817, 153
Trd, 000032.350, 151
Trd, 000033.283, 154
Trd, 000034.617, 150
Trd, 000034.817, 155.0
Trd, 000035.683, 149
Trd, 000036.267, 149.0
Trd, 000037.250, 149
Trd, 000038.000, 149
Trd, 000038.533, 151.0
Trd, 000038.933, 148
Trd, 000039.667, 149
Trd, 000039.733, 147
Trd, 000040.283, 151
Trd, 000041.550, 151.0
Trd, 000041.967, 149
Trd, 000042.433, 146
Trd, 000044.667, 150
Trd, 000045.367, 151
Trd, 000046.150, 152
Trd, 000046.217, 149
Trd, 000046.317, 147
Trd, 000046.717, 146
Trd, 000046.733, 146
Trd, 000047.333, 151
Trd, 000047.700, 143
Trd, 000048.083, 151.0
Trd, 000049.250, 146
Trd, 000049.317, 143
Trd, 000050.667, 147
Trd, 000050.950, 140
Trd, 000051.867, 138
Trd, 000052.650, 150.0
Trd, 000052.900, 151.0
Trd, 000053.333, 139
Trd, 000053.517, 162.0
Trd, 000054.217, 139
Trd, 000055.717, 140
Trd, 000055.783, 139
Trd, 000055.933, 144.0
Trd, 000056.383, 140
Trd, 000057.383, 145
Trd, 000057.733, 141
Trd, 000059.700, 144
Trd, 000059.850, 143
Trd, 000060.817, 143
Trd, 000061.033, 144
Trd, 000061.217, 151.0
Trd, 000062.250, 148
Trd, 000063.250, 153.0
Trd, 000063.400, 146
Trd, 000063.533, 146
Trd, 000063.917, 159
Trd, 000064.800, 150
Trd, 000064.900, 149
Trd, 000065.350, 149
Trd, 000067.500, 143
Trd, 000067.833, 140
Trd, 000068.000, 144.0
Trd, 000069.333, 144
Trd, 000070.167, 146.0
Trd, 000070.250, 146
Trd, 000070.817, 148
Trd, 000071.317, 155.0
Trd, 000071.767, 151.0
Trd, 000072.600, 160.0
Trd, 000073.183, 164.0
Trd, 000074.600, 154
Trd, 000074.733, 153
Trd, 000074.767, 152
Trd, 000075.317, 152
Trd, 000075.950, 152
Trd, 000077.183, 151
Trd, 000077.500, 153
Trd, 000077.683, 151
Trd, 000077.783, 140
Trd, 000078.100, 164.0
Trd, 000078.217, 165.0
Trd, 000079.550, 151.0
Trd, 000080.150, 154
Trd, 000081.183, 153.0
Trd, 000081.983, 155
Trd, 000082.383, 154
Trd, 000082.467, 153
Trd, 000082.517, 155.0
Trd, 000083.050, 152
Trd, 000083.150, 164.0
Trd, 000083.200, 165.0
Trd, 000084.783, 154.0
Trd, 000085.550, 155
Trd, 000086.067, 162
Trd, 000086.417, 158
Trd, 000086.533, 156
Trd, 000086.550, 151.0
Trd, 000087.267, 151
Trd, 000087.817, 153
Trd, 000088.167, 151.0
Trd, 000088.367, 150
Trd, 000089.050, 139
Trd, 000089.667, 139
Trd, 000089.917, 149
Trd, 000090.117, 154
Trd, 000092.517, 137
Trd, 000093.417, 144
Trd, 000093.667, 147
Trd, 000093.733, 149
Trd, 000093.867, 149
Trd, 000094.483, 145
Trd, 000096.767, 149
Trd, 000096.817, 151.0
Trd, 000097.250, 148
Trd, 000098.400, 151.0
Trd, 000098.833, 152
Trd, 000100.067, 151
Trd, 000100.133, 150
Trd, 000100.433, 152.0
Trd, 000101.533, 152
Trd, 000102.767, 160.0
Trd, 000104.000, 153
Trd, 000105.533, 155.0
Trd, 000105.967, 152
Trd, 000106.150, 154
Trd, 000106.517, 155
Trd, 000109.417, 154
Trd, 000109.733, 156
Trd, 000110.300, 157
Trd, 000111.233, 156
Trd, 000111.283, 159
Trd, 000111.767, 156
Trd, 000112.383, 155
Trd, 000112.467, 155
Trd, 000112.600, 159
Trd, 000112.633, 162.0
Trd, 000114.783, 157
Trd, 000115.217, 165.0
Trd, 000115.483, 157
Trd, 000116.367, 157
Trd, 000117.183, 156
Trd, 000117.517, 157
Trd, 000118.100, 156
Trd, 000118.117, 155
Trd, 000119.333, 142
Trd, 000120.017, 148
Trd, 000120.083, 156
Trd, 000120.700, 142
Trd, 000120.967, 154
Trd, 000121.083, 141
Trd, 000123.067, 149.0
Trd, 000123.717, 149.0
Trd, 000125.067, 148
Trd, 000125.200, 148
Trd, 000125.817, 149
Trd, 000126.517, 151.0
Trd, 000127.067, 150
Trd, 000127.983, 149
Trd, 000128.383, 148
Trd, 000128.517, 143
Trd, 000129.050, 142
Trd, 000130.100, 150.0
Trd, 000130.550, 143
Trd, 000130.600, 142
Trd, 000130.883, 151.0
Trd, 000131.550, 141
Trd, 000131.717, 141
Trd, 000132.250, 143
Trd, 000133.417, 141
Trd, 000133.567, 141
Trd, 000134.567, 142
Trd, 000134.750, 141
Trd, 000135.533, 143
Trd, 000136.050, 143
Trd, 000137.017, 139
Trd, 000137.150, 144.0
Trd, 000138.517, 144
Trd, 000138.733, 139
Trd, 000139.083, 144
Trd, 000139.950, 138
Trd, 000140.767, 146
Trd, 000141.767, 141
Trd, 000143.550, 143
Trd, 000143.567, 144
Trd, 000143.833, 145
Trd, 000144.433, 145
Trd, 000144.733, 144
Trd, 000145.267, 151.0
Trd, 000145.433, 140
Trd, 000146.817, 142
Trd, 000148.600, 144
Trd, 000148.900, 135
Trd, 000150.033, 139
Trd, 000150.483, 141
Trd, 000150.967, 151.0
Trd, 000151.333, 152
Trd, 000152.117, 151
Trd, 000152.150, 151.0
Trd, 000152.333, 155.0
Trd, 000152.617, 148
Trd, 000152.767, 162.0
Trd, 000153.800, 151
Trd, 000154.867, 160
Trd, 000155.233, 158
Trd, 000155.850, 157
Trd, 000156.217, 152
Trd, 000157.533, 153
Trd, 000157.550, 154
Trd, 000157.667, 152
Trd, 000158.200, 157
Trd, 000159.350, 153.0
Trd, 000159.817, 152
Trd, 000160.033, 151.0
Trd, 000160.133, 154
Trd, 000161.033, 146
Trd, 000162.467, 139
Trd, 000163.767, 144.0
Trd, 000164.200, 143
Trd, 000164.217, 144
Trd, 000164.900, 148
Trd, 000165.883, 147
Trd, 000166.350, 146
Trd, 000166.483, 151.0
Trd, 000166.500, 145
Trd, 000166.533, 162.0
Trd, 000166.833, 143
Trd, 000167.733, 148
Trd, 000168.550, 148
Trd, 000168.867, 150
Trd, 000169.083, 151.0
Trd, 000169.350, 149
Trd, 000170.533, 141
Trd, 000171.267, 144
Trd, 000171.450, 141
Trd, 000171.750, 143
Trd, 000171.983, 147
Trd, 000172.100, 141
Trd, 000173.033, 149.0
Trd, 000174.617, 149.0
Trd, 000174.717, 151.0
Trd, 000175.783, 146
Trd, 000175.900, 148
Trd, 000176.083, 146
Trd, 000177.933, 147
Trd, 000178.267, 153.0
Trd, 000178.867, 148
Trd, 000180.217, 148
Trd, 000181.067, 148
Trd, 000181.300, 152
Trd, 000182.467, 151.0
Trd, 000182.500, 150
Trd, 000183.500, 153
Trd, 000184.400, 153.0
Trd, 000184.550, 162.0
Trd, 000186.617, 164.0
Trd, 000186.750, 157
Trd, 000186.833, 156
Trd, 000186.883, 155
Trd, 000187.083, 165.0
Trd, 000187.900, 157
Trd, 000189.533, 157
Trd, 000190.483, 159
Trd, 000191.300, 157
Trd, 000192.050, 157
Trd, 000192.250, 156
Trd, 000192.617, 157
Trd, 000194.200, 135.0
Trd, 000194.233, 145
Trd, 000194.300, 146
Trd, 000194.900, 151.0
Trd, 000195.717, 147
Trd, 000195.950, 146
Trd, 000196.017, 140
Trd, 000196.650, 143
Trd, 000197.650, 148
Trd, 000197.917, 151.0
Trd, 000199.900, 146
Trd, 000200.067, 144
Trd, 000200.250, 142
Trd, 000200.267, 144
Trd, 000201.517, 147
Trd, 000202.467, 155.0
Trd, 000202.900, 146
Trd, 000203.133, 146
Trd, 000203.317, 162.0
Trd, 000204.350, 147
Trd, 000205.083, 147
Trd, 000205.350, 146
Trd, 000205.917, 147
Trd, 000206.217, 146
Trd, 000207.750, 147
Trd, 000209.567, 148
Trd, 000209.583, 144
Trd, 000209.933, 149
Trd, 000211.300, 144
Trd, 000212.250, 143
Trd, 000213.433, 146
Trd, 000214.050, 143
Trd, 000214.317, 141
Trd, 000214.917, 143
Trd, 000216.550, 142
Trd, 000216.783, 144.0
Trd, 000216.850, 142
Trd, 000217.550, 146
Trd, 000218.033, 151.0
Trd, 000220.733, 152.0
Trd, 000221.150, 152.0
Trd, 000221.517, 151
Trd, 000222.317, 151.0
Trd, 000222.550, 151
Trd, 000222.667, 150
Trd, 000223.650, 154
Trd, 000224.083, 161.0
Trd, 000225.400, 152
Trd, 000226.183, 153
Trd, 000226.267, 152
Trd, 000226.333, 159.0
Trd, 000227.150, 159
Trd, 000228.800, 152
Trd, 000228.850, 151.0
Trd, 000231.333, 150
Trd, 000231.400, 149
Trd, 000231.433, 151.0
Trd, 000232.217, 152
Trd, 000232.350, 151.0
Trd, 000232.850, 152
Trd, 000233.283, 150
Trd, 000233.583, 144
Trd, 000233.883, 140
Trd, 000234.417, 149
Trd, 000234.683, 150
Trd, 000235.050, 151
Trd, 000235.733, 150
Trd, 000237.483, 151.0
Trd, 000237.950, 160.0
Trd, 000238.467, 155
Trd, 000239.683, 156
Trd, 000240.017, 153
Trd, 000240.383, 155
Trd, 000240.617, 154.0
Trd, 000240.800, 153.0
Trd, 000241.283, 151.0
Trd, 000241.367, 152.0
Trd, 000241.583, 141
Trd, 000241.850, 145
Trd, 000242.133, 151.0
Trd, 000242.733, 150.0
Trd, 000242.817, 151.0
Trd, 000243.167, 154.0
Trd, 000244.183, 152.0
Trd, 000244.367, 151
Trd, 000245.867, 157.0
Trd, 000246.133, 155
Trd, 000246.167, 154
Trd, 000246.333, 155.0
Trd, 000247.217, 158.0
Trd, 000247.267, 154
Trd, 000247.533, 152
Trd, 000247.983, 157
Trd, 000248.150, 151.0
Trd, 000248.417, 157.0
Trd, 000248.483, 155.0
Trd, 000248.833, 155
Trd, 000249.783, 154
Trd, 000250.133, 155.0
Trd, 000250.917, 153
Trd, 000251.300, 155.0
Trd, 000251.583, 154
Trd, 000251.650, 153
Trd, 000251.983, 152
Trd, 000253.117, 147
Trd, 000253.150, 150
Trd, 000253.300, 152
Trd, 000253.550, 151
Trd, 000253.833, 153
Trd, 000254.100, 149
Trd, 000254.200, 148
Trd, 000254.283, 147.0
Trd, 000254.967, 154
Trd, 000255.000, 145
Trd, 000256.567, 150
Trd, 000256.600, 151
Trd, 000257.267, 145.0
Trd, 000257.333, 148.0
Trd, 000258.067, 144.0
Trd, 000259.067, 145.0
Trd, 000260.083, 145
Trd, 000260.400, 147
Trd, 000260.600, 146
Trd, 000261.200, 148
Trd, 000261.617, 145.0
Trd, 000261.667, 148.0
Trd, 000262.467, 145
Trd, 000262.983, 148.0
Trd, 000263.950, 147
Trd, 000264.383, 148
Trd, 000264.600, 151.0
Trd, 000265.250, 147
Trd, 000265.467, 150.0
Trd, 000266.033, 147
Trd, 000266.050, 148
Trd, 000266.200, 154.0
Trd, 000266.717, 152
Trd, 000267.217, 153.0
Trd, 000268.267, 155.0
Trd, 000268.333, 158.0
Trd, 000268.350, 162.0
Trd, 000268.483, 154
Trd, 000268.500, 152
Trd, 000269.183, 151.0
Trd, 000269.600, 150
Trd, 000270.017, 149
Trd, 000270.317, 148
Trd, 000270.450, 144.0
Trd, 000271.950, 153
Trd, 000272.317, 155.0
Trd, 000272.417, 150
Trd, 000272.500, 155.0
Trd, 000272.967, 149
Trd, 000273.117, 151
Trd, 000274.233, 156
Trd, 000274.283, 158.0
Trd, 000274.317, 159.0
Trd, 000274.417, 153
Trd, 000274.767, 148
Trd, 000274.867, 151.0
Trd, 000275.067, 161.0
Trd, 000276.483, 158.0
Trd, 000276.567, 146.0
Trd, 000277.050, 162.0
Trd, 000278.083, 150.0
Trd, 000278.200, 151.0
Trd, 000278.333, 153
Trd, 000278.850, 148
Trd, 000279.767, 150
Trd, 000279.833, 149
Trd, 000280.183, 155
Trd, 000280.567, 155
Trd, 000280.683, 155.0
Trd, 000281.183, 151.0
Trd, 000281.250, 151
Trd, 000282.367, 152
Trd, 000282.950, 154
Trd, 000283.067, 155
Trd, 000283.517, 150
Trd, 000284.300, 162.0
Trd, 000284.383, 160
Trd, 000285.017, 150
Trd, 000285.400, 163.0
Trd, 000285.483, 148
Trd, 000285.950, 148.0
Trd, 000286.100, 151.0
Trd, 000286.533, 145
Trd, 000286.883, 152
Trd, 000287.567, 147
Trd, 000287.800, 157.0
Trd, 000288.050, 145.0
Trd, 000289.617, 147.0
Trd, 000290.767, 148.0
Trd, 000290.950, 145
Trd, 000291.050, 151
Trd, 000291.267, 151.0
Trd, 000291.633, 155.0
Trd, 000291.867, 153
Trd, 000292.383, 160
Trd, 000292.900, 149
Trd, 000292.917, 158.0
Trd, 000293.100, 144.0
Trd, 000294.383, 151.0
Trd, 000294.917, 154
Trd, 000295.050, 147
Trd, 000295.233, 147
Trd, 000295.300, 153
Trd, 000295.650, 155
Trd, 000295.917, 148
Trd, 000296.050, 160.0
Trd, 000296.750, 162.0
Trd, 000297.667, 152.0
Trd, 000298.000, 151.0
Trd, 000298.450, 151
Trd, 000298.567, 149
Trd, 000299.317, 146
Trd, 000299.667, 144.0
Trd, 000299.750, 146
