Trd, 000000.950, 138
Trd, 000001.633, 155.0
Trd, 000002.200, 136
Trd, 000002.750, 117.0
Trd, 000003.867, 154
Trd, 000004.633, 177.0
Trd, 000004.950, 137
Trd, 000005.967, 140
Trd, 000006.050, 150.0
Trd, 000006.417, 144
Trd, 000007.033, 151.0
Trd, 000007.583, 152
Trd, 000008.100, 140
Trd, 000008.300, 139
Trd, 000009.283, 153
Trd, 000009.317, 152
Trd, 000009.667, 152
Trd, 000010.567, 153
Trd, 000010.700, 149
Trd, 000011.217, 151.0
Trd, 000012.000, 151
Trd, 000012.383, 149
Trd, 000012.683, 151
Trd, 000013.167, 155.0
Trd, 000013.433, 162
Trd, 000014.350, 140
Trd, 000015.417, 148
Trd, 000015.950, 149
Trd, 000016.167, 149
Trd, 000016.250, 151.0
Trd, 000016.467, 142
Trd, 000017.667, 152
Trd, 000018.050, 151
Trd, 000018.900, 149
Trd, 000019.000, 151.0
Trd, 000019.967, 151
Trd, 000020.733, 151
Trd, 000021.250, 150
Trd, 000021.333, 147
Trd, 000021.433, 147
Trd, 000022.167, 155.0
Trd, 000022.550, 153
Trd, 000022.600, 140
Trd, 000023.933, 165.0
Trd, 000025.133, 157
Trd, 000025.250, 159
Trd, 000025.817, 158
Trd, 000026.250, 168.0
Trd, 000026.667, 156
Trd, 000027.517, 144.0
Trd, 000028.117, 140
Trd, 000028.800, 148
Trd, 000029.933, 145
Trd, 000030.917, 145
Trd, 000031.050, 141
Trd, 000031.367, 145
Trd, 000032.000, 145
Trd, 000033.050, 145
Trd, 000033.167, 144
Trd, 000033.617, 143
Trd, 000034.333, 145
Trd, 000034.500, 145
Trd, 000034.717, 151
Trd, 000035.350, 152
Trd, 000035.817, 155.0
Trd, 000036.533, 153
Trd, 000036.850, 153
Trd, 000036.967, 155.0
Trd, 000037.433, 154
Trd, 000037.583, 144.0
Trd, 000037.683, 151.0
Trd, 000038.183, 149
Trd, 000039.133, 150
Trd, 000039.167, 141
Trd, 000040.183, 149
Trd, 000041.483, 148
Trd, 000041.967, 146
Trd, 000042.533, 147
Trd, 000043.000, 146
Trd, 000043.600, 145
Trd, 000043.700, 141
Trd, 000044.467, 145
Trd, 000045.250, 145
Trd, 000045.983, 144.0
Trd, 000046.583, 145
Trd, 000046.600, 141
Trd, 000046.683, 146
Trd, 000047.450, 145
Trd, 000048.133, 140
Trd, 000048.517, 146
Trd, 000048.633, 151.0
Trd, 000049.133, 155.0
Trd, 000049.267, 165.0
Trd, 000049.283, 140
Trd, 000050.617, 157
Trd, 000050.867, 154
Trd, 000051.417, 154
Trd, 000052.033, 144.0
Trd, 000053.033, 150
Trd, 000053.417, 151.0
Trd, 000053.483, 152
Trd, 000053.600, 155
Trd, 000053.917, 150
Trd, 000055.950, 154
Trd, 000056.017, 147
Trd, 000058.200, 153.0
Trd, 000058.633, 143
Trd, 000058.667, 142
Trd, 000059.533, 152
Trd, 000061.617, 151
Trd, 000061.833, 151.0
Trd, 000062.450, 151
Trd, 000062.817, 151
Trd, 000063.267, 151
Trd, 000063.283, 149
Trd, 000063.733, 147
Trd, 000064.850, 152
Trd, 000065.250, 152
Trd, 000065.483, 155.0
Trd, 000065.600, 146
Trd, 000066.317, 168.0
Trd, 000067.550, 144.0
Trd, 000067.617, 150.0
Trd, 000067.900, 151.0
Trd, 000067.983, 157
Trd, 000068.000, 165.0
Trd, 000069.333, 140
Trd, 000069.350, 154
Trd, 000069.683, 155.0
Trd, 000071.150, 150
Trd, 000071.233, 149
Trd, 000073.017, 150.0
Trd, 000073.050, 148
Trd, 000073.083, 146
Trd, 000073.300, 151.0
Trd, 000073.750, 151
Trd, 000074.317, 147
Trd, 000074.333, 151
Trd, 000074.367, 152
Trd, 000076.350, 151
Trd, 000077.067, 144.0
Trd, 000077.200, 140
Trd, 000077.650, 151.0
Trd, 000077.850, 154.0
Trd, 000078.167, 151
Trd, 000078.700, 155.0
Trd, 000079.150, 140
Trd, 000080.167, 144.0
Trd, 000080.500, 144
Trd, 000080.833, 140
Trd, 000081.083, 152
Trd, 000081.767, 152
Trd, 000081.967, 153
Trd, 000083.283, 145
Trd, 000083.717, 143
Trd, 000084.750, 146
Trd, 000084.933, 147.0
Trd, 000085.783, 147
Trd, 000085.800, 142
Trd, 000086.050, 137.0
Trd, 000086.867, 145
Trd, 000087.017, 145
Trd, 000087.483, 151.0
Trd, 000087.567, 141
Trd, 000088.850, 147
Trd, 000088.983, 147
Trd, 000089.567, 141
Trd, 000090.583, 147
Trd, 000090.883, 148
Trd, 000091.233, 143
Trd, 000091.383, 151.0
Trd, 000092.700, 150
Trd, 000093.017, 151.0
Trd, 000094.717, 146
Trd, 000095.817, 148
Trd, 000095.833, 146
Trd, 000097.217, 148
Trd, 000097.233, 149
Trd, 000097.650, 146
Trd, 000097.967, 147
Trd, 000098.083, 155.0
Trd, 000098.833, 146
Trd, 000098.983, 151
Trd, 000100.200, 163.0
Trd, 000100.450, 145
Trd, 000101.317, 155.0
Trd, 000101.417, 143
Trd, 000101.867, 151.0
Trd, 000102.167, 151
Trd, 000103.033, 179.0
Trd, 000103.533, 140
Trd, 000105.000, 150
Trd, 000105.183, 150
Trd, 000105.567, 148
Trd, 000108.500, 149
Trd, 000108.600, 142
Trd, 000108.667, 141
Trd, 000109.150, 148
Trd, 000109.433, 149
Trd, 000109.500, 149
Trd, 000109.833, 151.0
Trd, 000110.650, 151
Trd, 000110.950, 147
Trd, 000111.467, 155.0
Trd, 000111.800, 165.0
Trd, 000112.217, 144
Trd, 000113.917, 151.0
Trd, 000115.583, 152
Trd, 000115.667, 144.0
Trd, 000116.233, 148
Trd, 000116.333, 148
Trd, 000116.717, 148
Trd, 000117.100, 148
Trd, 000117.300, 149
Trd, 000118.533, 147
Trd, 000118.550, 144
Trd, 000118.783, 165.0
Trd, 000119.067, 154
Trd, 000119.183, 146
Trd, 000119.283, 140
Trd, 000121.233, 150
Trd, 000121.783, 139.0
Trd, 000121.983, 148
Trd, 000122.100, 155.0
Trd, 000122.350, 147
Trd, 000122.783, 150
Trd, 000125.000, 138.0
Trd, 000125.133, 150
Trd, 000125.267, 151.0
Trd, 000125.317, 152
Trd, 000126.267, 144
Trd, 000128.450, 151.0
Trd, 000128.833, 146
Trd, 000129.050, 150
Trd, 000129.300, 149
Trd, 000129.350, 150
Trd, 000129.367, 146
Trd, 000129.500, 155.0
Trd, 000131.783, 150
Trd, 000132.683, 148
Trd, 000132.817, 147
Trd, 000133.083, 150
Trd, 000133.333, 145
Trd, 000133.817, 150
Trd, 000134.483, 144.0
Trd, 000136.833, 149
Trd, 000137.067, 149
Trd, 000137.283, 148
Trd, 000137.417, 149
Trd, 000137.917, 150
Trd, 000138.883, 151.0
Trd, 000139.717, 151
Trd, 000140.750, 155.0
Trd, 000140.800, 147
Trd, 000141.700, 144.0
Trd, 000141.717, 150.0
Trd, 000141.883, 144
Trd, 000142.383, 155.0
Trd, 000142.967, 153
Trd, 000143.133, 152
Trd, 000143.533, 141
Trd, 000144.533, 151.0
Trd, 000145.267, 147
Trd, 000145.700, 147
Trd, 000145.850, 142
Trd, 000146.383, 140
Trd, 000146.567, 147
Trd, 000146.667, 139
Trd, 000148.083, 138.0
Trd, 000148.300, 137.0
Trd, 000149.067, 144
Trd, 000149.750, 142
Trd, 000150.050, 143
Trd, 000150.500, 143
Trd, 000150.967, 155.0
Trd, 000151.767, 146
Trd, 000152.100, 146
Trd, 000152.150, 151.0
Trd, 000152.350, 165.0
Trd, 000153.033, 146
Trd, 000153.800, 152
Trd, 000153.817, 152
Trd, 000154.100, 144
Trd, 000154.917, 150
Trd, 000155.717, 150
Trd, 000156.150, 150
Trd, 000156.967, 144
Trd, 000157.417, 143
Trd, 000157.883, 149
Trd, 000157.917, 151.0
Trd, 000157.967, 155.0
Trd, 000158.683, 141
Trd, 000158.800, 149
Trd, 000159.817, 141
Trd, 000160.667, 149
Trd, 000160.867, 148
Trd, 000161.000, 140
Trd, 000161.017, 149
Trd, 000161.700, 151.0
Trd, 000161.917, 155.0
Trd, 000163.800, 142
Trd, 000164.350, 153
Trd, 000165.183, 153
Trd, 000166.050, 152
Trd, 000166.417, 153
Trd, 000167.017, 150
Trd, 000167.867, 153
Trd, 000167.950, 149
Trd, 000168.650, 152
Trd, 000168.667, 148
Trd, 000169.217, 146.0
Trd, 000169.300, 152
Trd, 000169.317, 144.0
Trd, 000170.100, 151.0
Trd, 000170.567, 151
Trd, 000171.950, 144
Trd, 000173.700, 144
Trd, 000174.550, 146
Trd, 000174.583, 145
Trd, 000174.967, 140
Trd, 000175.400, 144
Trd, 000175.433, 146
Trd, 000175.583, 147
Trd, 000175.917, 151.0
Trd, 000176.767, 175
Trd, 000177.717, 147
Trd, 000178.867, 147
Trd, 000178.883, 146
Trd, 000179.100, 150
Trd, 000179.950, 150
Trd, 000180.283, 151
Trd, 000181.017, 150
Trd, 000181.850, 149
Trd, 000182.833, 141
Trd, 000183.333, 144
Trd, 000183.467, 140
Trd, 000183.667, 145
Trd, 000183.683, 147
Trd, 000183.933, 134.0
Trd, 000184.917, 147
Trd, 000185.317, 151
Trd, 000185.450, 151.0
Trd, 000185.933, 165.0
Trd, 000187.833, 146
Trd, 000189.233, 146
Trd, 000191.083, 149
Trd, 000192.333, 146
Trd, 000192.533, 148
Trd, 000193.067, 148
Trd, 000193.483, 144.0
Trd, 000193.583, 148
Trd, 000193.650, 149
Trd, 000193.717, 140
Trd, 000193.883, 151.0
Trd, 000195.567, 148
Trd, 000195.850, 149
Trd, 000196.483, 144
Trd, 000196.917, 148
Trd, 000197.400, 171
Trd, 000198.183, 153
Trd, 000198.850, 144
Trd, 000199.867, 149.0
Trd, 000200.033, 151.0
Trd, 000200.350, 146
Trd, 000201.083, 151
Trd, 000201.150, 144.0
Trd, 000201.933, 144.0
Trd, 000201.950, 150
Trd, 000202.200, 148
Trd, 000202.483, 144
Trd, 000203.933, 143
Trd, 000204.400, 140
Trd, 000204.467, 137.0
Trd, 000205.567, 144
Trd, 000205.767, 145
Trd, 000207.717, 144
Trd, 000207.933, 141
Trd, 000208.133, 144
Trd, 000208.517, 144
Trd, 000208.767, 138
Trd, 000209.967, 144
Trd, 000210.050, 138
Trd, 000210.717, 145
Trd, 000210.983, 151.0
Trd, 000211.183, 155.0
Trd, 000212.150, 152
Trd, 000212.417, 162
Trd, 000213.383, 162
Trd, 000214.367, 152
Trd, 000214.417, 150
Trd, 000214.800, 155.0
Trd, 000215.350, 156
Trd, 000215.583, 144.0
Trd, 000215.633, 140
Trd, 000216.200, 150
Trd, 000216.517, 121.0
Trd, 000216.933, 138
Trd, 000217.200, 147
Trd, 000218.383, 147
Trd, 000219.133, 145
Trd, 000219.300, 141
Trd, 000219.700, 137
Trd, 000219.800, 137.0
Trd, 000220.517, 151.0
Trd, 000220.750, 155.0
Trd, 000220.983, 164.0
Trd, 000222.433, 140
Trd, 000223.800, 147
Trd, 000224.550, 147
Trd, 000224.600, 147
Trd, 000224.633, 148
Trd, 000225.233, 144
Trd, 000225.950, 154.0
Trd, 000226.550, 148
Trd, 000226.650, 150
Trd, 000227.067, 145
Trd, 000227.733, 151.0
Trd, 000228.967, 153.0
Trd, 000230.433, 146.0
Trd, 000230.817, 151.0
Trd, 000230.967, 152
Trd, 000230.983, 153
Trd, 000231.600, 155.0
Trd, 000231.833, 144.0
Trd, 000232.417, 144
Trd, 000232.983, 154
Trd, 000233.950, 153
Trd, 000235.950, 150
Trd, 000236.317, 149
Trd, 000236.683, 151
Trd, 000237.383, 151.0
Trd, 000237.517, 155.0
Trd, 000237.783, 151
Trd, 000238.483, 149
Trd, 000238.817, 148
Trd, 000238.833, 165.0
Trd, 000240.167, 150
Trd, 000240.350, 150
Trd, 000240.400, 148
Trd, 000240.750, 149.0
Trd, 000240.883, 149.0
Trd, 000241.900, 148.0
Trd, 000242.550, 148
Trd, 000243.483, 149
Trd, 000243.750, 149
Trd, 000244.150, 148
Trd, 000244.417, 147
Trd, 000244.750, 148.0
Trd, 000245.200, 148
Trd, 000245.250, 147.0
Trd, 000245.583, 149
Trd, 000246.183, 146
Trd, 000246.200, 144.0
Trd, 000246.300, 155.0
Trd, 000246.517, 158.0
Trd, 000247.417, 149.0
Trd, 000247.583, 151.0
Trd, 000248.167, 151
Trd, 000248.417, 149
Trd, 000249.100, 144.0
Trd, 000249.317, 149
Trd, 000249.700, 148.0
Trd, 000250.350, 149
Trd, 000250.517, 150
Trd, 000251.500, 148.0
Trd, 000251.567, 147
Trd, 000252.083, 146
Trd, 000252.317, 148
Trd, 000252.517, 151
Trd, 000253.083, 152.0
Trd, 000253.733, 153
Trd, 000254.683, 153
Trd, 000254.933, 158.0
Trd, 000255.983, 153.0
Trd, 000256.200, 151.0
Trd, 000256.267, 152.0
Trd, 000256.367, 154.0
Trd, 000256.617, 150
Trd, 000256.717, 154
Trd, 000257.850, 151.0
Trd, 000257.867, 163
Trd, 000258.467, 150
Trd, 000259.100, 148.0
Trd, 000259.367, 151.0
Trd, 000259.733, 148
Trd, 000259.900, 153
Trd, 000260.000, 153
Trd, 000260.050, 154
Trd, 000261.650, 146.0
Trd, 000261.850, 146
Trd, 000262.100, 145
Trd, 000262.183, 144.0
Trd, 000262.417, 140
Trd, 000262.850, 148
Trd, 000263.050, 151
Trd, 000263.817, 149
Trd, 000264.417, 137.0
Trd, 000264.683, 139.0
Trd, 000264.833, 144
Trd, 000265.383, 147
Trd, 000266.217, 142
Trd, 000266.700, 147
Trd, 000267.083, 148.0
Trd, 000267.617, 144.0
Trd, 000267.783, 147
Trd, 000268.450, 147
Trd, 000268.950, 146
Trd, 000269.017, 147
Trd, 000269.133, 148
Trd, 000270.350, 144
Trd, 000270.483, 147.0
Trd, 000270.800, 148.0
Trd, 000270.933, 149
Trd, 000271.050, 151.0
Trd, 000271.250, 155.0
Trd, 000272.167, 165
Trd, 000272.283, 152
Trd, 000272.633, 140
Trd, 000273.017, 154.0
Trd, 000273.283, 142
Trd, 000273.517, 147
Trd, 000274.317, 146
Trd, 000274.400, 140
Trd, 000274.567, 154
Trd, 000274.583, 155.0
Trd, 000274.767, 145
Trd, 000275.283, 159.0
Trd, 000276.017, 155
Trd, 000277.017, 151.0
Trd, 000277.250, 151.0
Trd, 000277.933, 165.0
Trd, 000278.250, 166
Trd, 000278.317, 165
Trd, 000279.533, 151.0
Trd, 000279.667, 155
Trd, 000280.317, 149
Trd, 000280.900, 155
Trd, 000281.317, 157.0
Trd, 000281.783, 152
Trd, 000282.000, 155.0
Trd, 000282.350, 156
Trd, 000282.450, 155
Trd, 000282.650, 151
Trd, 000282.817, 165.0
Trd, 000282.983, 157
Trd, 000283.100, 148.0
Trd, 000284.350, 145.0
Trd, 000284.450, 148.0
Trd, 000284.633, 155
Trd, 000284.800, 144.0
Trd, 000284.967, 146
Trd, 000285.450, 148
Trd, 000286.200, 155.0
Trd, 000286.300, 145
Trd, 000287.400, 148.0
Trd, 000287.833, 151
Trd, 000288.300, 151.0
Trd, 000288.433, 151
Trd, 000288.600, 151.0
Trd, 000289.667, 158.0
Trd, 000289.867, 154
Trd, 000290.867, 148.0
Trd, 000291.000, 146
Trd, 000291.033, 144.0
Trd, 000291.550, 146
Trd, 000292.000, 148.0
Trd, 000292.567, 145
Trd, 000292.700, 144
Trd, 000292.883, 144.0
Trd, 000293.200, 150
Trd, 000293.867, 146.0
Trd, 000294.083, 145
Trd, 000294.133, 140
Trd, 000294.300, 146
Trd, 000294.567, 148.0
Trd, 000294.683, 150
Trd, 000295.050, 149
Trd, 000295.067, 154.0
Trd, 000295.633, 140
Trd, 000295.867, 133.0
Trd, 000296.050, 151.0
Trd, 000296.567, 155.0
Trd, 000297.383, 131.0
Trd, 000297.783, 139
Trd, 000298.233, 150
Trd, 000298.350, 151.0
Trd, 000299.483, 157.0
Trd, 000299.867, 152
