Trd, 000002.750, 141.0
Trd, 000003.150, 155.0
Trd, 000003.700, 142
Trd, 000004.600, 146
Trd, 000005.317, 144
Trd, 000005.333, 148.0
Trd, 000005.350, 137
Trd, 000006.033, 146
Trd, 000006.317, 139
Trd, 000006.717, 155.0
Trd, 000008.000, 140.0
Trd, 000008.850, 151
Trd, 000008.900, 156
Trd, 000009.600, 158
Trd, 000010.233, 151
Trd, 000010.567, 150
Trd, 000010.650, 158
Trd, 000010.967, 156
Trd, 000011.550, 157
Trd, 000011.567, 162.0
Trd, 000011.617, 152
Trd, 000011.933, 150
Trd, 000013.267, 151
Trd, 000013.333, 149.0
Trd, 000015.933, 152.0
Trd, 000016.150, 152.0
Trd, 000016.433, 149.0
Trd, 000016.817, 147
Trd, 000017.067, 150
Trd, 000017.900, 144
Trd, 000018.117, 141.0
Trd, 000018.367, 157
Trd, 000019.450, 148
Trd, 000019.933, 153
Trd, 000020.083, 158
Trd, 000020.283, 150
Trd, 000022.533, 155
Trd, 000023.133, 167
Trd, 000023.500, 159
Trd, 000023.617, 157
Trd, 000024.183, 157
Trd, 000024.267, 155
Trd, 000024.283, 162.0
Trd, 000024.467, 168
Trd, 000025.850, 153
Trd, 000027.133, 152.0
Trd, 000027.850, 155
Trd, 000027.933, 151.0
Trd, 000028.550, 154
Trd, 000028.800, 151
Trd, 000029.083, 153
Trd, 000029.517, 152
Trd, 000029.833, 151
Trd, 000032.250, 158
Trd, 000032.983, 159.0
Trd, 000033.033, 156
Trd, 000034.350, 151
Trd, 000035.533, 151
Trd, 000035.667, 152
Trd, 000036.167, 151
Trd, 000036.200, 149
Trd, 000037.817, 151.0
Trd, 000037.933, 155.0
Trd, 000038.067, 155
Trd, 000038.200, 157
Trd, 000038.233, 158
Trd, 000039.550, 159.0
Trd, 000040.117, 153
Trd, 000040.633, 154
Trd, 000041.367, 141.0
Trd, 000042.850, 148
Trd, 000042.917, 149
Trd, 000043.200, 148.0
Trd, 000043.383, 144
Trd, 000043.550, 143
Trd, 000044.233, 158
Trd, 000046.517, 154
Trd, 000047.200, 154.0
Trd, 000047.883, 155.0
Trd, 000048.200, 154
Trd, 000048.733, 153
Trd, 000048.817, 160
Trd, 000049.167, 153
Trd, 000049.233, 148.0
Trd, 000050.950, 159
Trd, 000051.517, 162
Trd, 000052.417, 153
Trd, 000052.583, 150
Trd, 000054.333, 149
Trd, 000054.667, 156
Trd, 000055.817, 153
Trd, 000055.900, 152
Trd, 000056.217, 154
Trd, 000056.500, 152
Trd, 000056.700, 149
Trd, 000056.717, 148.0
Trd, 000057.283, 153
Trd, 000058.450, 152
Trd, 000059.967, 155.0
Trd, 000060.350, 158
Trd, 000060.800, 162.0
Trd, 000061.700, 155
Trd, 000062.517, 155
Trd, 000062.850, 154
Trd, 000063.983, 157
Trd, 000064.100, 156
Trd, 000064.267, 155
Trd, 000064.500, 158
Trd, 000064.533, 158
Trd, 000065.133, 158
Trd, 000065.400, 154
Trd, 000065.883, 154
Trd, 000066.017, 141.0
Trd, 000067.450, 151.0
Trd, 000068.000, 162
Trd, 000068.817, 152.0
Trd, 000069.883, 156
Trd, 000070.617, 155.0
Trd, 000070.733, 152
Trd, 000070.800, 157
Trd, 000072.217, 158
Trd, 000072.767, 151
Trd, 000073.017, 158
Trd, 000073.417, 152
Trd, 000073.467, 151
Trd, 000073.700, 149
Trd, 000074.900, 150
Trd, 000075.800, 152
Trd, 000076.150, 148.0
Trd, 000076.233, 148
Trd, 000076.250, 147
Trd, 000076.283, 154.0
Trd, 000077.750, 155.0
Trd, 000079.233, 148
Trd, 000080.500, 153
Trd, 000080.667, 153
Trd, 000081.100, 152
Trd, 000081.333, 150
Trd, 000081.667, 158
Trd, 000083.117, 157
Trd, 000084.250, 152
Trd, 000084.400, 151
Trd, 000085.600, 153.0
Trd, 000085.883, 153
Trd, 000086.167, 153
Trd, 000086.433, 154
Trd, 000087.017, 155.0
Trd, 000087.833, 158
Trd, 000088.533, 154
Trd, 000089.000, 155
Trd, 000089.417, 151
Trd, 000089.767, 151
Trd, 000089.933, 156
Trd, 000090.867, 151
Trd, 000091.250, 150
Trd, 000091.583, 142
Trd, 000093.033, 155
Trd, 000093.183, 153
Trd, 000093.667, 151
Trd, 000093.950, 149
Trd, 000094.450, 154
Trd, 000094.467, 155
Trd, 000096.400, 150.0
Trd, 000097.533, 150
Trd, 000097.633, 153
Trd, 000097.817, 148.0
Trd, 000098.700, 152
Trd, 000100.167, 158
Trd, 000100.183, 147
Trd, 000100.750, 148
Trd, 000102.000, 151
Trd, 000102.017, 149
Trd, 000104.233, 155.0
Trd, 000104.450, 157
Trd, 000105.683, 157
Trd, 000105.850, 156
Trd, 000105.983, 155.0
Trd, 000106.817, 157
Trd, 000107.433, 158
Trd, 000107.950, 156
Trd, 000108.000, 155
Trd, 000108.433, 154
Trd, 000109.717, 155
Trd, 000109.983, 156
Trd, 000110.867, 155
Trd, 000111.183, 152
Trd, 000112.483, 152
Trd, 000113.517, 150.0
Trd, 000114.250, 154
Trd, 000114.650, 154
Trd, 000114.700, 153.0
Trd, 000115.333, 154.0
Trd, 000115.550, 154
Trd, 000115.800, 154
Trd, 000118.333, 153
Trd, 000119.050, 154
Trd, 000119.817, 152
Trd, 000120.200, 158
Trd, 000120.217, 163
Trd, 000120.417, 153
Trd, 000120.517, 164
Trd, 000120.817, 152
Trd, 000120.833, 165
Trd, 000120.917, 148.0
Trd, 000122.050, 150
Trd, 000122.117, 148
Trd, 000122.250, 151
Trd, 000123.883, 153
Trd, 000124.750, 153
Trd, 000124.767, 152
Trd, 000125.317, 154
Trd, 000125.933, 155.0
Trd, 000126.833, 157
Trd, 000127.000, 158
Trd, 000127.750, 155
Trd, 000127.900, 160.0
Trd, 000128.417, 159.0
Trd, 000128.767, 167
Trd, 000129.600, 155
Trd, 000129.800, 162
Trd, 000130.017, 154
Trd, 000131.150, 154
Trd, 000132.267, 155.0
Trd, 000132.750, 154
Trd, 000133.200, 160
Trd, 000133.217, 152
Trd, 000134.550, 158
Trd, 000134.750, 156
Trd, 000135.350, 158
Trd, 000135.933, 158
Trd, 000136.450, 156.0
Trd, 000137.500, 155
Trd, 000137.750, 153
Trd, 000138.000, 150
Trd, 000139.017, 154
Trd, 000139.300, 155
Trd, 000139.650, 162.0
Trd, 000139.900, 151
Trd, 000141.550, 152
Trd, 000141.700, 150
Trd, 000141.767, 156
Trd, 000142.600, 158
Trd, 000142.983, 156
Trd, 000143.367, 162
Trd, 000144.000, 159
Trd, 000145.517, 159
Trd, 000146.050, 162
Trd, 000147.283, 160.0
Trd, 000148.017, 162.0
Trd, 000148.033, 165
Trd, 000148.467, 160
Trd, 000148.533, 155.0
Trd, 000148.567, 162
Trd, 000150.567, 159
Trd, 000151.050, 156
Trd, 000151.333, 156
Trd, 000151.800, 155
Trd, 000153.183, 155.0
Trd, 000153.467, 160
Trd, 000154.217, 167
Trd, 000154.717, 171
Trd, 000155.250, 160
Trd, 000155.750, 149.0
Trd, 000156.000, 149
Trd, 000156.383, 156
Trd, 000156.450, 156
Trd, 000156.783, 152
Trd, 000158.117, 151
Trd, 000158.367, 149
Trd, 000159.100, 150
Trd, 000159.467, 149.0
Trd, 000159.600, 147
Trd, 000159.750, 144
Trd, 000160.700, 155.0
Trd, 000162.567, 149.0
Trd, 000163.800, 151
Trd, 000164.467, 151
Trd, 000164.517, 152
Trd, 000164.950, 152
Trd, 000166.117, 152
Trd, 000166.250, 155.0
Trd, 000167.000, 151
Trd, 000168.100, 158
Trd, 000168.500, 162.0
Trd, 000168.750, 156
Trd, 000169.600, 155
Trd, 000170.433, 157
Trd, 000170.567, 158
Trd, 000170.833, 156
Trd, 000171.717, 155.0
Trd, 000171.967, 151
Trd, 000172.417, 150
Trd, 000172.467, 162.0
Trd, 000173.167, 158
Trd, 000173.867, 152
Trd, 000174.267, 151
Trd, 000175.933, 154
Trd, 000176.333, 155.0
Trd, 000176.750, 154
Trd, 000177.483, 154
Trd, 000178.717, 153
Trd, 000179.183, 154
Trd, 000179.317, 151
Trd, 000179.450, 154
Trd, 000179.717, 151
Trd, 000179.733, 155.0
Trd, 000180.300, 149
Trd, 000180.600, 146
Trd, 000181.117, 162.0
Trd, 000181.867, 149
Trd, 000181.900, 159
Trd, 000182.333, 162.0
Trd, 000182.383, 165
Trd, 000184.367, 165
Trd, 000184.783, 152.0
Trd, 000185.000, 150.0
Trd, 000185.333, 148.0
Trd, 000185.417, 163
Trd, 000186.033, 161
Trd, 000187.100, 161
Trd, 000188.367, 156.0
Trd, 000188.800, 155.0
Trd, 000189.000, 155
Trd, 000189.867, 156
Trd, 000189.883, 162
Trd, 000190.700, 160
Trd, 000191.900, 156
Trd, 000192.950, 158
Trd, 000193.567, 158
Trd, 000193.917, 157
Trd, 000194.450, 159
Trd, 000194.783, 156
Trd, 000195.283, 161
Trd, 000196.567, 157.0
Trd, 000197.067, 156
Trd, 000197.217, 157.0
Trd, 000197.450, 159
Trd, 000197.483, 155.0
Trd, 000199.767, 155
Trd, 000200.517, 154
Trd, 000201.483, 153
Trd, 000201.967, 153
Trd, 000202.383, 154
Trd, 000202.650, 154.0
Trd, 000202.767, 153
Trd, 000203.033, 148.0
Trd, 000203.933, 142.0
Trd, 000204.483, 155.0
Trd, 000205.083, 146
Trd, 000205.900, 144
Trd, 000206.617, 142.0
Trd, 000207.383, 156
Trd, 000208.417, 157
Trd, 000210.783, 154
Trd, 000210.800, 153
Trd, 000211.300, 153
Trd, 000212.150, 155.0
Trd, 000212.417, 153
Trd, 000212.450, 158
Trd, 000214.517, 154
Trd, 000214.633, 154
Trd, 000214.683, 153
Trd, 000215.617, 157.0
Trd, 000215.800, 158.0
Trd, 000216.150, 153
Trd, 000216.583, 158
Trd, 000218.367, 156
Trd, 000218.767, 155
Trd, 000219.783, 156
Trd, 000219.900, 154
Trd, 000220.083, 151
Trd, 000220.150, 150
Trd, 000220.600, 149.0
Trd, 000221.367, 148
Trd, 000221.917, 139
Trd, 000222.100, 141.0
Trd, 000223.300, 143
Trd, 000223.467, 148.0
Trd, 000224.333, 152
Trd, 000224.800, 158
Trd, 000225.167, 161.0
Trd, 000225.650, 150
Trd, 000226.333, 149
Trd, 000227.083, 161.0
Trd, 000227.533, 162.0
Trd, 000227.700, 150
Trd, 000227.917, 150
Trd, 000228.533, 150
Trd, 000229.900, 164
Trd, 000231.617, 160.0
Trd, 000231.983, 154
Trd, 000232.783, 158
Trd, 000232.850, 159
Trd, 000233.633, 159
Trd, 000234.283, 160.0
Trd, 000235.100, 161.0
Trd, 000235.733, 161
Trd, 000236.233, 162
Trd, 000236.283, 165
Trd, 000236.767, 163
Trd, 000237.017, 165
Trd, 000237.883, 163
Trd, 000238.183, 155.0
Trd, 000239.433, 161
Trd, 000240.300, 158.0
Trd, 000240.600, 157
Trd, 000240.883, 159
Trd, 000241.267, 158.0
Trd, 000241.517, 159
Trd, 000241.633, 157.0
Trd, 000242.200, 151
Trd, 000242.700, 150
Trd, 000242.783, 151
Trd, 000243.417, 151
Trd, 000244.133, 152
Trd, 000244.317, 152.0
Trd, 000244.950, 154
Trd, 000244.967, 155.0
Trd, 000245.000, 160
Trd, 000245.950, 150
Trd, 000246.050, 152
Trd, 000246.417, 150
Trd, 000246.450, 144.0
Trd, 000246.617, 148.0
Trd, 000246.650, 141.0
Trd, 000247.900, 146
Trd, 000248.750, 151
Trd, 000249.000, 151
Trd, 000249.567, 153
Trd, 000249.817, 148.0
Trd, 000250.100, 152
Trd, 000250.250, 157
Trd, 000250.717, 152
Trd, 000250.967, 155
Trd, 000251.333, 155.0
Trd, 000252.967, 152
Trd, 000253.933, 151
Trd, 000254.183, 152
Trd, 000254.283, 155
Trd, 000254.650, 154
Trd, 000255.233, 155.0
Trd, 000255.400, 153
Trd, 000255.917, 156
Trd, 000256.500, 158
Trd, 000256.533, 156
Trd, 000256.867, 162.0
Trd, 000257.433, 155
Trd, 000257.933, 154
Trd, 000258.267, 151
Trd, 000258.417, 150
Trd, 000258.883, 151.0
Trd, 000259.450, 150.0
Trd, 000259.467, 149
Trd, 000259.667, 148.0
Trd, 000259.750, 151
Trd, 000260.250, 154
Trd, 000260.967, 150
Trd, 000261.567, 156
Trd, 000261.650, 158
Trd, 000262.317, 162.0
Trd, 000263.033, 159
Trd, 000263.433, 156
Trd, 000264.100, 156
Trd, 000264.200, 155.0
Trd, 000264.367, 150
Trd, 000265.350, 148.0
Trd, 000265.583, 159
Trd, 000266.350, 146.0
Trd, 000266.450, 148
Trd, 000266.700, 144.0
Trd, 000267.950, 141.0
Trd, 000267.983, 140
Trd, 000268.050, 144.0
Trd, 000268.517, 144
Trd, 000269.383, 150
Trd, 000270.317, 151
Trd, 000270.550, 155.0
Trd, 000270.667, 156
Trd, 000271.017, 155
Trd, 000271.217, 155.0
Trd, 000271.450, 150
Trd, 000271.533, 153
Trd, 000271.683, 147
Trd, 000273.367, 154
Trd, 000273.600, 149
Trd, 000274.000, 150
Trd, 000274.117, 149
Trd, 000274.417, 155.0
Trd, 000274.733, 158
Trd, 000275.733, 150
Trd, 000276.050, 155
Trd, 000276.217, 149
Trd, 000276.367, 156.0
Trd, 000276.833, 150
Trd, 000277.250, 148
Trd, 000277.550, 148.0
Trd, 000278.033, 146.0
Trd, 000278.067, 150
Trd, 000278.183, 153
Trd, 000278.850, 144.0
Trd, 000278.867, 143.0
Trd, 000279.000, 141.0
Trd, 000279.017, 148.0
Trd, 000279.833, 145.0
Trd, 000280.600, 155.0
Trd, 000280.933, 150
Trd, 000281.633, 149
Trd, 000282.017, 158
Trd, 000282.650, 156
Trd, 000282.733, 169
Trd, 000283.333, 173
Trd, 000283.750, 153
Trd, 000284.567, 153
Trd, 000284.833, 154.0
Trd, 000285.817, 155.0
Trd, 000286.117, 153
Trd, 000286.183, 152
Trd, 000286.783, 157.0
Trd, 000287.483, 155
Trd, 000287.650, 151
Trd, 000287.900, 150
Trd, 000288.083, 154
Trd, 000288.583, 154
Trd, 000288.917, 152
Trd, 000289.300, 155.0
Trd, 000289.400, 155
Trd, 000290.433, 152
Trd, 000290.500, 158
Trd, 000291.033, 161.0
Trd, 000291.400, 152
Trd, 000291.517, 148.0
Trd, 000291.567, 141
Trd, 000292.150, 155
Trd, 000293.617, 150.0
Trd, 000294.083, 149.0
Trd, 000294.217, 149
Trd, 000294.250, 148.0
Trd, 000294.283, 147
Trd, 000294.383, 147
Trd, 000294.500, 155.0
Trd, 000294.650, 157
Trd, 000294.800, 165
Trd, 000295.517, 145.0
Trd, 000295.617, 144.0
Trd, 000296.617, 143.0
Trd, 000296.683, 144.0
Trd, 000297.200, 158
Trd, 000297.283, 144.0
Trd, 000297.383, 159
Trd, 000297.450, 141.0
Trd, 000297.917, 148.0
Trd, 000298.467, 144.0
Trd, 000298.783, 144.0
Trd, 000299.050, 137.0
Trd, 000299.100, 127.0
Trd, 000299.133, 148.0
Trd, 000299.600, 149
