Trd, 000003.500, 149
Trd, 000003.883, 164
Trd, 000004.450, 165.0
Trd, 000004.750, 166
Trd, 000004.867, 165
Trd, 000005.117, 162.0
Trd, 000008.433, 162
Trd, 000009.650, 163.0
Trd, 000010.367, 165
Trd, 000012.283, 163.0
Trd, 000012.817, 162.0
Trd, 000015.250, 163.0
Trd, 000015.333, 162
Trd, 000016.433, 162
Trd, 000017.233, 162
Trd, 000017.817, 161
Trd, 000018.100, 159
Trd, 000019.833, 160
Trd, 000020.417, 161
Trd, 000020.917, 162
Trd, 000023.283, 162
Trd, 000023.967, 160
Trd, 000025.050, 160.0
Trd, 000025.883, 162.0
Trd, 000026.767, 161
Trd, 000028.167, 161
Trd, 000028.400, 160
Trd, 000029.600, 161
Trd, 000030.050, 156
Trd, 000031.200, 161
Trd, 000031.550, 162
Trd, 000032.233, 161
Trd, 000032.250, 162.0
Trd, 000032.500, 162
Trd, 000034.167, 164
Trd, 000034.967, 164.0
Trd, 000037.150, 162.0
Trd, 000037.450, 161
Trd, 000037.650, 160
Trd, 000039.133, 161
Trd, 000039.300, 162.0
Trd, 000039.417, 165.0
Trd, 000041.083, 161
Trd, 000041.800, 158
Trd, 000042.333, 156
Trd, 000042.833, 155.0
Trd, 000042.967, 161
Trd, 000044.450, 155.0
Trd, 000045.583, 160
Trd, 000046.267, 160
Trd, 000046.483, 160
Trd, 000046.583, 162.0
Trd, 000046.667, 165.0
Trd, 000049.617, 160
Trd, 000049.883, 161
Trd, 000050.867, 159
Trd, 000053.600, 161.0
Trd, 000053.833, 160
Trd, 000054.433, 160
Trd, 000054.467, 161
Trd, 000054.517, 163
Trd, 000056.267, 160
Trd, 000056.617, 159
Trd, 000056.667, 170
Trd, 000058.950, 159
Trd, 000059.283, 158
Trd, 000060.167, 159
Trd, 000060.667, 158
Trd, 000060.717, 159
Trd, 000060.767, 155
Trd, 000061.500, 156
Trd, 000061.650, 160
Trd, 000064.417, 155.0
Trd, 000064.467, 156
Trd, 000065.233, 156
Trd, 000066.933, 158
Trd, 000067.083, 156
Trd, 000069.400, 158
Trd, 000070.117, 159
Trd, 000071.150, 160.0
Trd, 000072.533, 161
Trd, 000073.417, 162
Trd, 000075.250, 159
Trd, 000075.533, 159
Trd, 000076.767, 159
Trd, 000077.433, 159.0
Trd, 000078.033, 161
Trd, 000079.033, 155.0
Trd, 000079.300, 160
Trd, 000079.417, 165.0
Trd, 000082.933, 157
Trd, 000083.650, 160
Trd, 000084.650, 160.0
Trd, 000084.683, 162.0
Trd, 000085.133, 160
Trd, 000086.333, 159
Trd, 000086.550, 160
Trd, 000086.667, 164
Trd, 000087.167, 161.0
Trd, 000089.433, 160
Trd, 000089.833, 160
Trd, 000090.483, 160
Trd, 000090.767, 160
Trd, 000090.967, 160
Trd, 000092.667, 159
Trd, 000093.967, 161.0
Trd, 000094.250, 160
Trd, 000095.000, 160
Trd, 000095.283, 159
Trd, 000097.150, 158
Trd, 000098.800, 158
Trd, 000101.150, 159
Trd, 000102.550, 158
Trd, 000102.817, 155.0
Trd, 000103.317, 157.0
Trd, 000104.133, 156
Trd, 000104.250, 155
Trd, 000105.133, 155
Trd, 000105.383, 156
Trd, 000105.567, 158
Trd, 000105.700, 162.0
Trd, 000107.100, 156
Trd, 000107.350, 156
Trd, 000108.300, 158
Trd, 000108.467, 158
Trd, 000110.483, 161.0
Trd, 000111.917, 162
Trd, 000112.067, 161.0
Trd, 000112.483, 162.0
Trd, 000113.817, 161
Trd, 000115.017, 162
Trd, 000115.950, 157
Trd, 000116.833, 157
Trd, 000116.867, 157
Trd, 000117.817, 156
Trd, 000119.150, 158
Trd, 000119.717, 158
Trd, 000120.850, 160
Trd, 000122.150, 155.0
Trd, 000123.150, 158
Trd, 000124.167, 159
Trd, 000125.150, 159.0
Trd, 000125.417, 158
Trd, 000126.683, 159
Trd, 000126.933, 157
Trd, 000129.567, 163.0
Trd, 000130.150, 159
Trd, 000130.817, 158
Trd, 000133.033, 162
Trd, 000133.183, 162
Trd, 000133.217, 162.0
Trd, 000133.300, 165.0
Trd, 000134.467, 162
Trd, 000134.633, 163
Trd, 000135.317, 160
Trd, 000136.850, 161
Trd, 000137.700, 162
Trd, 000138.717, 161
Trd, 000140.267, 160
Trd, 000140.383, 160
Trd, 000142.000, 159
Trd, 000142.133, 160
Trd, 000142.667, 156
Trd, 000143.417, 157
Trd, 000144.433, 158
Trd, 000146.050, 159
Trd, 000146.617, 156
Trd, 000146.650, 162.0
Trd, 000148.700, 155
Trd, 000148.883, 157
Trd, 000149.450, 158
Trd, 000150.550, 161.0
Trd, 000151.517, 162.0
Trd, 000151.833, 165.0
Trd, 000153.933, 160
Trd, 000154.400, 160
Trd, 000155.033, 157
Trd, 000155.650, 160
Trd, 000156.417, 159
Trd, 000156.550, 157
Trd, 000157.833, 157
Trd, 000159.300, 158
Trd, 000160.583, 157
Trd, 000161.333, 159
Trd, 000162.267, 159
Trd, 000162.633, 158
Trd, 000162.900, 159
Trd, 000163.917, 163
Trd, 000164.017, 162.0
Trd, 000164.283, 161
Trd, 000165.033, 164.0
Trd, 000165.583, 161
Trd, 000168.367, 162
Trd, 000168.817, 161
Trd, 000169.983, 160
Trd, 000170.317, 161
Trd, 000170.433, 162
Trd, 000171.017, 162
Trd, 000173.367, 162.0
Trd, 000174.317, 163
Trd, 000175.083, 162
Trd, 000176.000, 162
Trd, 000177.867, 160
Trd, 000178.467, 159
Trd, 000179.400, 160.0
Trd, 000180.450, 161
Trd, 000180.983, 161
Trd, 000182.667, 159
Trd, 000183.133, 157
Trd, 000183.983, 155
Trd, 000186.000, 159
Trd, 000186.450, 156
Trd, 000187.800, 156
Trd, 000188.067, 157
Trd, 000189.017, 158
Trd, 000190.050, 158
Trd, 000190.517, 159
Trd, 000190.817, 157
Trd, 000191.583, 159
Trd, 000193.383, 160
Trd, 000193.833, 161.0
Trd, 000194.717, 162
Trd, 000195.417, 162.0
Trd, 000195.800, 161
Trd, 000196.150, 162
Trd, 000197.083, 163
Trd, 000197.767, 163
Trd, 000198.117, 162
Trd, 000200.100, 159
Trd, 000200.533, 160
Trd, 000201.267, 160
Trd, 000203.550, 159
Trd, 000203.583, 160
Trd, 000204.833, 160
Trd, 000204.850, 158
Trd, 000206.400, 157
Trd, 000208.517, 158.0
Trd, 000209.867, 160
Trd, 000210.700, 159
Trd, 000210.950, 159
Trd, 000211.450, 158
Trd, 000211.967, 158
Trd, 000212.133, 157
Trd, 000212.450, 155
Trd, 000212.900, 155.0
Trd, 000213.033, 165.0
Trd, 000214.300, 157
Trd, 000216.167, 157
Trd, 000216.350, 155
Trd, 000216.683, 156
Trd, 000217.017, 157
Trd, 000219.233, 157
Trd, 000220.533, 155.0
Trd, 000221.300, 157
Trd, 000221.317, 154
Trd, 000222.700, 155
Trd, 000224.917, 155
Trd, 000225.017, 155
Trd, 000225.550, 155
Trd, 000226.717, 158
Trd, 000227.900, 156
Trd, 000228.117, 164.0
Trd, 000228.150, 154
Trd, 000229.917, 159
Trd, 000230.733, 158
Trd, 000232.017, 157
Trd, 000232.467, 156
Trd, 000232.817, 159.0
Trd, 000233.500, 155.0
Trd, 000234.167, 157
Trd, 000234.367, 157
Trd, 000235.333, 157
Trd, 000236.050, 158
Trd, 000237.017, 159
Trd, 000237.517, 157
Trd, 000238.600, 153
Trd, 000239.533, 152
Trd, 000240.017, 152
Trd, 000240.150, 152
Trd, 000240.250, 152
Trd, 000240.533, 151
Trd, 000241.200, 154
Trd, 000241.283, 158
Trd, 000241.783, 152
Trd, 000242.083, 151
Trd, 000242.600, 151.0
Trd, 000242.800, 149
Trd, 000243.083, 149
Trd, 000243.250, 147
Trd, 000244.183, 147
Trd, 000244.933, 150
Trd, 000246.950, 157
Trd, 000247.100, 157
Trd, 000247.117, 158
Trd, 000248.017, 156
Trd, 000248.167, 155
Trd, 000248.700, 156.0
Trd, 000249.050, 158
Trd, 000249.767, 162.0
Trd, 000249.950, 159
Trd, 000250.017, 159
Trd, 000250.633, 159
Trd, 000251.967, 164.0
Trd, 000252.250, 164
Trd, 000253.233, 164.0
Trd, 000253.300, 163
Trd, 000253.867, 163
Trd, 000254.467, 162.0
Trd, 000254.650, 164
Trd, 000255.050, 160
Trd, 000255.883, 162.0
Trd, 000256.150, 159
Trd, 000256.517, 158
Trd, 000257.733, 161
Trd, 000258.100, 162.0
Trd, 000258.300, 163
Trd, 000260.200, 157
Trd, 000260.300, 158.0
Trd, 000260.517, 161.0
Trd, 000260.667, 161
Trd, 000261.533, 157
Trd, 000261.600, 158
Trd, 000261.783, 157
Trd, 000261.883, 156.0
Trd, 000262.117, 161.0
Trd, 000262.633, 159
Trd, 000263.017, 157
Trd, 000263.167, 156
Trd, 000263.417, 159
Trd, 000263.633, 155.0
Trd, 000263.750, 157
Trd, 000263.767, 156
Trd, 000265.200, 149
Trd, 000265.750, 149
Trd, 000266.517, 155
Trd, 000266.850, 153
Trd, 000267.883, 153
Trd, 000267.983, 153
Trd, 000268.250, 158
Trd, 000269.417, 157
Trd, 000269.900, 153.0
Trd, 000270.083, 153
Trd, 000270.567, 163.0
Trd, 000271.083, 151.0
Trd, 000271.267, 150
Trd, 000271.933, 153
Trd, 000272.033, 154
Trd, 000272.600, 151
Trd, 000272.933, 153
Trd, 000273.150, 150
Trd, 000273.333, 154
Trd, 000274.667, 160.0
Trd, 000275.017, 159
Trd, 000275.817, 158
Trd, 000276.433, 158
Trd, 000276.667, 157
Trd, 000277.083, 144.0
Trd, 000277.950, 158
Trd, 000278.367, 151
Trd, 000279.667, 152
Trd, 000279.933, 152
Trd, 000280.183, 157
Trd, 000281.000, 156
Trd, 000281.767, 156
Trd, 000281.800, 152
Trd, 000282.317, 158
Trd, 000282.783, 153
Trd, 000282.917, 153
Trd, 000283.683, 154
Trd, 000283.950, 152
Trd, 000284.150, 156
Trd, 000284.700, 152.0
Trd, 000285.617, 154
Trd, 000286.167, 151
Trd, 000286.550, 152
Trd, 000286.733, 150
Trd, 000286.833, 152
Trd, 000286.850, 149
Trd, 000287.600, 148
Trd, 000289.067, 154
Trd, 000289.467, 150
Trd, 000289.533, 149
Trd, 000289.883, 144.0
Trd, 000289.967, 142
Trd, 000290.850, 152
Trd, 000291.167, 152
Trd, 000292.550, 153
Trd, 000292.783, 148
Trd, 000292.850, 162.0
Trd, 000293.350, 147
Trd, 000294.167, 159
Trd, 000295.367, 155
Trd, 000295.400, 154
Trd, 000295.717, 157
Trd, 000296.833, 156.0
Trd, 000297.267, 156
Trd, 000297.533, 156
Trd, 000298.017, 158
Trd, 000298.267, 165.0
Trd, 000298.350, 155.0
Trd, 000299.033, 157
Trd, 000299.050, 159
Trd, 000299.067, 156
Trd, 000299.717, 156
