Trd, 000001.917, 103.0
Trd, 000002.700, 106.0
Trd, 000002.917, 160
Trd, 000003.433, 165
Trd, 000003.900, 161
Trd, 000004.517, 144
Trd, 000005.283, 151
Trd, 000005.450, 151
Trd, 000005.650, 145
Trd, 000007.000, 148
Trd, 000007.400, 150
Trd, 000007.700, 158.0
Trd, 000007.717, 152
Trd, 000008.783, 165.0
Trd, 000008.817, 163
Trd, 000009.217, 160
Trd, 000010.867, 162
Trd, 000011.083, 162
Trd, 000011.467, 160
Trd, 000011.767, 156
Trd, 000012.100, 155
Trd, 000012.833, 154
Trd, 000013.517, 146
Trd, 000014.117, 153
Trd, 000014.950, 152
Trd, 000015.067, 151
Trd, 000016.250, 151
Trd, 000016.517, 152
Trd, 000017.750, 148
Trd, 000018.100, 151
Trd, 000018.233, 147
Trd, 000018.617, 149
Trd, 000019.467, 147
Trd, 000020.150, 148
Trd, 000020.317, 149
Trd, 000020.483, 150
Trd, 000021.217, 146
Trd, 000021.550, 151
Trd, 000021.617, 151
Trd, 000021.833, 144
Trd, 000022.717, 148
Trd, 000023.500, 141
Trd, 000023.867, 140
Trd, 000025.350, 142
Trd, 000026.167, 137.0
Trd, 000026.183, 135
Trd, 000026.833, 142
Trd, 000028.283, 142
Trd, 000028.300, 143
Trd, 000028.350, 139
Trd, 000028.417, 144
Trd, 000028.567, 138
Trd, 000028.833, 144
Trd, 000029.983, 143
Trd, 000030.333, 144
Trd, 000030.450, 162
Trd, 000032.083, 162.0
Trd, 000033.283, 151
Trd, 000033.617, 152
Trd, 000033.850, 151
Trd, 000034.933, 150
Trd, 000035.917, 152
Trd, 000036.033, 151
Trd, 000037.367, 152
Trd, 000037.583, 147
Trd, 000037.600, 154
Trd, 000038.533, 152
Trd, 000039.267, 151
Trd, 000039.400, 152
Trd, 000040.767, 150
Trd, 000040.817, 153
Trd, 000040.883, 147
Trd, 000041.250, 158.0
Trd, 000041.500, 147
Trd, 000042.200, 152
Trd, 000043.733, 151
Trd, 000044.150, 152
Trd, 000044.317, 148
Trd, 000044.783, 150
Trd, 000044.967, 147
Trd, 000045.383, 147
Trd, 000046.200, 147
Trd, 000046.233, 149
Trd, 000046.400, 151
Trd, 000046.567, 147
Trd, 000047.567, 140
Trd, 000048.633, 144
Trd, 000049.133, 144
Trd, 000049.300, 143
Trd, 000049.650, 144
Trd, 000050.133, 146
Trd, 000050.633, 158.0
Trd, 000051.417, 148
Trd, 000053.317, 149
Trd, 000053.450, 151
Trd, 000053.717, 147
Trd, 000053.733, 152
Trd, 000053.867, 158.0
Trd, 000054.983, 149
Trd, 000055.250, 148
Trd, 000055.600, 147
Trd, 000056.217, 147
Trd, 000056.417, 149
Trd, 000057.383, 151
Trd, 000057.517, 145
Trd, 000058.400, 141
Trd, 000058.917, 150
Trd, 000058.950, 151
Trd, 000059.000, 159
Trd, 000060.183, 161
Trd, 000060.917, 158
Trd, 000061.550, 147
Trd, 000062.450, 155
Trd, 000062.700, 156
Trd, 000064.183, 148
Trd, 000065.683, 149
Trd, 000065.700, 151
Trd, 000066.300, 153
Trd, 000066.467, 149
Trd, 000067.300, 150
Trd, 000067.383, 147
Trd, 000067.533, 147
Trd, 000068.167, 149
Trd, 000068.567, 150
Trd, 000069.017, 149
Trd, 000069.550, 143
Trd, 000070.533, 149
Trd, 000071.300, 150
Trd, 000071.433, 145
Trd, 000071.517, 145
Trd, 000072.867, 142
Trd, 000073.117, 142
Trd, 000073.217, 142
Trd, 000075.033, 146
Trd, 000075.050, 161
Trd, 000076.283, 147
Trd, 000076.517, 142
Trd, 000076.683, 152
Trd, 000076.833, 162.0
Trd, 000077.317, 163
Trd, 000077.367, 149
Trd, 000079.367, 148
Trd, 000079.383, 156
Trd, 000080.150, 153
Trd, 000081.750, 152
Trd, 000081.867, 149
Trd, 000082.233, 154
Trd, 000083.250, 150
Trd, 000083.283, 151
Trd, 000083.517, 151
Trd, 000084.250, 148
Trd, 000084.833, 148
Trd, 000085.033, 150
Trd, 000085.250, 152
Trd, 000086.300, 152
Trd, 000086.483, 158.0
Trd, 000086.683, 149
Trd, 000087.750, 155
Trd, 000088.283, 151
Trd, 000088.317, 163
Trd, 000089.850, 152
Trd, 000091.033, 156
Trd, 000091.167, 163
Trd, 000091.783, 153
Trd, 000092.350, 154
Trd, 000092.983, 159
Trd, 000093.417, 152
Trd, 000094.967, 154
Trd, 000095.167, 156
Trd, 000096.117, 153
Trd, 000096.683, 153
Trd, 000096.867, 141
Trd, 000097.333, 152
Trd, 000098.100, 153
Trd, 000098.283, 154
Trd, 000100.133, 155
Trd, 000100.167, 150
Trd, 000100.683, 158.0
Trd, 000100.767, 149
Trd, 000101.183, 160
Trd, 000101.517, 162
Trd, 000101.900, 148
Trd, 000103.233, 148
Trd, 000104.550, 157
Trd, 000104.650, 148
Trd, 000106.300, 149
Trd, 000106.550, 150
Trd, 000107.167, 149
Trd, 000107.183, 150
Trd, 000107.467, 148
Trd, 000107.950, 154
Trd, 000109.417, 149
Trd, 000109.517, 151
Trd, 000109.967, 150
Trd, 000110.983, 148
Trd, 000112.100, 148
Trd, 000112.250, 151
Trd, 000112.300, 148
Trd, 000113.100, 149
Trd, 000113.600, 148
Trd, 000113.867, 141
Trd, 000114.867, 163
Trd, 000115.133, 145
Trd, 000115.317, 164.0
Trd, 000116.633, 162.0
Trd, 000118.100, 152
Trd, 000118.867, 151
Trd, 000119.100, 150
Trd, 000119.250, 146
Trd, 000120.583, 152
Trd, 000120.650, 152
Trd, 000121.133, 140
Trd, 000121.533, 148
Trd, 000121.783, 149
Trd, 000122.167, 146
Trd, 000122.233, 158.0
Trd, 000122.633, 149
Trd, 000122.867, 137.0
Trd, 000123.633, 150
Trd, 000124.917, 150
Trd, 000125.067, 147
Trd, 000125.350, 150
Trd, 000126.450, 150
Trd, 000127.483, 161
Trd, 000127.533, 162
Trd, 000128.283, 158
Trd, 000128.950, 152
Trd, 000129.767, 165.0
Trd, 000130.267, 154
Trd, 000131.183, 155
Trd, 000131.633, 162
Trd, 000131.950, 162.0
Trd, 000132.983, 157
Trd, 000134.083, 157
Trd, 000134.233, 156
Trd, 000134.867, 158
Trd, 000135.450, 157
Trd, 000135.550, 156
Trd, 000135.983, 159
Trd, 000136.450, 160
Trd, 000136.683, 160
Trd, 000136.700, 157
Trd, 000137.700, 158.0
Trd, 000138.067, 159
Trd, 000138.400, 157
Trd, 000138.633, 159
Trd, 000140.867, 147
Trd, 000141.233, 149
Trd, 000141.967, 148
Trd, 000142.567, 144
Trd, 000142.767, 145
Trd, 000142.900, 141
Trd, 000143.167, 144
Trd, 000145.083, 144
Trd, 000145.817, 143
Trd, 000146.883, 141
Trd, 000147.050, 140
Trd, 000147.933, 141
Trd, 000148.333, 141
Trd, 000149.783, 142
Trd, 000150.250, 140
Trd, 000150.383, 158.0
Trd, 000150.850, 147
Trd, 000150.917, 163
Trd, 000151.100, 165.0
Trd, 000151.583, 153
Trd, 000151.683, 144
Trd, 000152.967, 148
Trd, 000153.100, 144
Trd, 000153.233, 140
Trd, 000154.533, 143
Trd, 000154.967, 141
Trd, 000155.917, 141.0
Trd, 000156.417, 140.0
Trd, 000156.917, 139
Trd, 000157.583, 137.0
Trd, 000157.733, 137
Trd, 000158.450, 136
Trd, 000158.517, 124.0
Trd, 000159.233, 136
Trd, 000159.467, 133
Trd, 000160.350, 139
Trd, 000160.867, 138.0
Trd, 000160.883, 137.0
Trd, 000161.267, 142
Trd, 000161.750, 144
Trd, 000161.783, 156
Trd, 000162.533, 148
Trd, 000162.567, 141
Trd, 000162.683, 158.0
Trd, 000162.917, 139
Trd, 000163.033, 164
Trd, 000163.933, 160
Trd, 000166.683, 145
Trd, 000166.800, 147
Trd, 000166.967, 146
Trd, 000166.983, 144
Trd, 000167.217, 147
Trd, 000167.333, 144
Trd, 000167.817, 147
Trd, 000167.867, 157
Trd, 000168.850, 151
Trd, 000169.483, 153
Trd, 000170.750, 151
Trd, 000171.333, 150
Trd, 000171.400, 148
Trd, 000171.450, 147
Trd, 000171.867, 150
Trd, 000172.467, 153
Trd, 000173.200, 156.0
Trd, 000173.850, 146
Trd, 000174.683, 145
Trd, 000174.733, 156
Trd, 000176.367, 145
Trd, 000176.417, 150
Trd, 000176.783, 146
Trd, 000178.617, 146
Trd, 000178.950, 147
Trd, 000179.017, 149
Trd, 000180.317, 162.0
Trd, 000180.550, 151
Trd, 000180.567, 164
Trd, 000180.750, 165.0
Trd, 000180.983, 137.0
Trd, 000181.700, 145
Trd, 000182.783, 151
Trd, 000183.017, 145
Trd, 000183.200, 152
Trd, 000183.733, 142
Trd, 000183.917, 151
Trd, 000184.317, 140
Trd, 000186.083, 147
Trd, 000186.683, 147
Trd, 000186.733, 148
Trd, 000187.333, 145
Trd, 000189.250, 145
Trd, 000189.417, 145
Trd, 000190.700, 145
Trd, 000191.117, 146
Trd, 000191.283, 146
Trd, 000191.300, 149
Trd, 000191.617, 145
Trd, 000193.167, 148
Trd, 000193.283, 149
Trd, 000193.517, 146
Trd, 000193.917, 148
Trd, 000195.383, 145
Trd, 000196.317, 146
Trd, 000196.683, 144
Trd, 000196.767, 146
Trd, 000198.550, 146
Trd, 000198.783, 145
Trd, 000198.833, 144
Trd, 000198.850, 141
Trd, 000200.067, 140
Trd, 000200.217, 144
Trd, 000200.500, 144
Trd, 000200.817, 142
Trd, 000201.083, 142
Trd, 000201.433, 143
Trd, 000201.467, 158.0
Trd, 000202.283, 165
Trd, 000202.450, 162.0
Trd, 000202.683, 145
Trd, 000203.017, 165.0
Trd, 000204.050, 163
Trd, 000204.617, 159
Trd, 000205.583, 159
Trd, 000206.283, 152
Trd, 000208.333, 155
Trd, 000208.383, 154
Trd, 000208.683, 152
Trd, 000210.000, 147
Trd, 000210.500, 148
Trd, 000210.617, 148
Trd, 000211.067, 146
Trd, 000211.533, 140
Trd, 000211.933, 143
Trd, 000212.067, 144
Trd, 000213.267, 142
Trd, 000213.417, 140
Trd, 000213.500, 143
Trd, 000213.800, 158.0
Trd, 000214.083, 155
Trd, 000214.500, 155
Trd, 000214.550, 162
Trd, 000214.683, 154
Trd, 000214.967, 186.0
Trd, 000215.433, 154
Trd, 000215.817, 162.0
Trd, 000217.167, 161
Trd, 000218.050, 157
Trd, 000218.550, 158
Trd, 000218.683, 156
Trd, 000219.200, 156
Trd, 000219.550, 156
Trd, 000219.717, 157
Trd, 000219.817, 153
Trd, 000221.567, 152
Trd, 000221.950, 154
Trd, 000222.117, 149
Trd, 000223.050, 149
Trd, 000223.617, 155
Trd, 000224.233, 150
Trd, 000225.033, 150
Trd, 000225.850, 147
Trd, 000225.883, 152
Trd, 000226.733, 152
Trd, 000227.083, 150
Trd, 000227.550, 149
Trd, 000228.583, 149
Trd, 000228.633, 148
Trd, 000228.717, 149
Trd, 000229.633, 157.0
Trd, 000229.650, 147
Trd, 000230.133, 141
Trd, 000230.800, 158.0
Trd, 000231.317, 162
Trd, 000232.450, 144
Trd, 000232.533, 143
Trd, 000232.733, 156
Trd, 000233.083, 137.0
Trd, 000233.400, 137
Trd, 000233.983, 155
Trd, 000234.083, 134.0
Trd, 000234.283, 137
Trd, 000234.700, 154
Trd, 000236.033, 151
Trd, 000236.317, 156
Trd, 000237.450, 158.0
Trd, 000237.733, 162
Trd, 000238.217, 158
Trd, 000238.500, 150
Trd, 000238.800, 142
Trd, 000238.950, 150
Trd, 000239.400, 158
Trd, 000240.617, 145.0
Trd, 000240.817, 145
Trd, 000241.817, 149
Trd, 000241.933, 148.0
Trd, 000241.950, 146
Trd, 000242.100, 150
Trd, 000242.133, 151
Trd, 000243.117, 151
Trd, 000243.600, 150
Trd, 000243.617, 147
Trd, 000243.733, 146
Trd, 000243.933, 149
Trd, 000245.133, 152
Trd, 000245.500, 151.0
Trd, 000245.783, 151
Trd, 000246.300, 153
Trd, 000246.883, 153.0
Trd, 000247.200, 148
Trd, 000247.950, 147.0
Trd, 000247.983, 148.0
Trd, 000248.717, 147
Trd, 000248.817, 146
Trd, 000248.983, 148
Trd, 000249.567, 148
Trd, 000250.550, 147
Trd, 000250.583, 148.0
Trd, 000250.650, 149
Trd, 000250.850, 146
Trd, 000251.033, 140
Trd, 000251.083, 151
Trd, 000252.100, 138.0
Trd, 000252.900, 134.0
Trd, 000253.350, 143
Trd, 000253.533, 142
Trd, 000254.000, 144
Trd, 000254.783, 142
Trd, 000255.433, 143
Trd, 000255.583, 144
Trd, 000255.717, 144
Trd, 000256.217, 141
Trd, 000256.483, 144
Trd, 000256.850, 148.0
Trd, 000257.100, 155.0
Trd, 000257.800, 147
Trd, 000258.017, 144
Trd, 000258.117, 148
Trd, 000258.200, 146
Trd, 000258.967, 154.0
Trd, 000259.483, 147.0
Trd, 000260.617, 150
Trd, 000260.633, 150
Trd, 000260.683, 155.0
Trd, 000261.267, 153
Trd, 000262.483, 152
Trd, 000263.033, 152
Trd, 000263.267, 153
Trd, 000263.333, 154
Trd, 000263.583, 155.0
Trd, 000264.100, 152.0
Trd, 000264.650, 150
Trd, 000265.350, 154.0
Trd, 000265.567, 149
Trd, 000266.433, 155
Trd, 000266.933, 146
Trd, 000267.283, 153
Trd, 000267.383, 146
Trd, 000268.333, 153
Trd, 000268.400, 151.0
Trd, 000268.850, 148
Trd, 000269.000, 150.0
Trd, 000269.217, 155.0
Trd, 000269.300, 158.0
Trd, 000269.350, 162
Trd, 000270.500, 152
Trd, 000270.600, 151
Trd, 000270.617, 155
Trd, 000272.233, 152
Trd, 000272.567, 153.0
Trd, 000272.650, 154
Trd, 000273.367, 153
Trd, 000274.017, 151.0
Trd, 000274.050, 151
Trd, 000274.200, 150
Trd, 000274.300, 153
Trd, 000275.033, 162
Trd, 000275.783, 153
Trd, 000276.500, 147
Trd, 000276.517, 152
Trd, 000277.467, 144
Trd, 000277.800, 144
Trd, 000278.467, 145
Trd, 000278.617, 140
Trd, 000278.633, 146
Trd, 000279.300, 151.0
Trd, 000279.350, 154.0
Trd, 000279.383, 150
Trd, 000280.583, 148.0
Trd, 000280.867, 146
Trd, 000281.567, 145
Trd, 000281.950, 147
Trd, 000281.967, 149
Trd, 000282.100, 146
Trd, 000282.250, 153.0
Trd, 000283.117, 154.0
Trd, 000284.150, 148
Trd, 000284.983, 147
Trd, 000285.083, 153
Trd, 000285.133, 147
Trd, 000285.400, 138
Trd, 000286.100, 153
Trd, 000286.200, 153
Trd, 000286.450, 148
Trd, 000286.583, 147
Trd, 000287.267, 146
Trd, 000288.017, 153
Trd, 000289.233, 153
Trd, 000289.317, 153
Trd, 000289.350, 146
Trd, 000289.450, 151
Trd, 000290.117, 146
Trd, 000290.250, 145
Trd, 000290.500, 147.0
Trd, 000291.700, 145
Trd, 000292.133, 146
Trd, 000293.600, 146
Trd, 000293.867, 146.0
Trd, 000293.900, 145
Trd, 000294.267, 143
Trd, 000294.283, 146
Trd, 000294.933, 143
Trd, 000294.967, 142
Trd, 000295.083, 148.0
Trd, 000295.133, 148
Trd, 000295.167, 140
Trd, 000295.233, 148
Trd, 000295.633, 139.0
Trd, 000296.050, 155.0
Trd, 000296.300, 158.0
Trd, 000296.633, 148.0
Trd, 000298.067, 146
Trd, 000298.133, 146
Trd, 000298.433, 149
Trd, 000298.800, 146
Trd, 000298.983, 147
Trd, 000299.067, 158
