Trd, 000000.950, 156
Trd, 000001.050, 127.0
Trd, 000001.700, 105
Trd, 000004.033, 175
Trd, 000004.183, 134.0
Trd, 000004.417, 136
Trd, 000004.983, 165.0
Trd, 000007.017, 142
Trd, 000007.617, 144.0
Trd, 000007.750, 172
Trd, 000009.133, 152
Trd, 000009.433, 139
Trd, 000010.200, 148
Trd, 000010.783, 150
Trd, 000010.883, 155.0
Trd, 000011.133, 147
Trd, 000011.533, 146
Trd, 000011.733, 152
Trd, 000012.167, 152
Trd, 000013.133, 144.0
Trd, 000013.500, 134.0
Trd, 000013.700, 141
Trd, 000013.717, 131.0
Trd, 000015.750, 133
Trd, 000016.167, 139
Trd, 000016.317, 133
Trd, 000017.083, 139
Trd, 000017.117, 138
Trd, 000017.183, 144.0
Trd, 000020.250, 138
Trd, 000020.267, 137
Trd, 000020.367, 140
Trd, 000020.883, 139
Trd, 000022.050, 137
Trd, 000022.400, 148
Trd, 000023.833, 144
Trd, 000024.000, 145
Trd, 000024.583, 139
Trd, 000024.800, 140
Trd, 000025.600, 143
Trd, 000026.700, 143
Trd, 000026.883, 141
Trd, 000027.217, 144
Trd, 000027.267, 155.0
Trd, 000027.733, 142
Trd, 000028.233, 142
Trd, 000029.033, 144.0
Trd, 000029.167, 147
Trd, 000029.467, 149
Trd, 000030.350, 155.0
Trd, 000030.383, 153
Trd, 000030.600, 142
Trd, 000031.900, 152
Trd, 000032.167, 158.0
Trd, 000033.467, 147
Trd, 000033.600, 158
Trd, 000033.850, 146
Trd, 000034.117, 143
Trd, 000035.117, 156
Trd, 000035.867, 176
Trd, 000037.217, 158
Trd, 000038.533, 158
Trd, 000038.633, 157
Trd, 000038.783, 157
Trd, 000038.850, 155
Trd, 000038.950, 154
Trd, 000039.217, 158
Trd, 000039.950, 159
Trd, 000041.100, 153
Trd, 000041.233, 142
Trd, 000041.250, 156
Trd, 000041.767, 144.0
Trd, 000042.467, 149
Trd, 000042.500, 134.0
Trd, 000043.317, 141
Trd, 000043.850, 141
Trd, 000044.267, 144
Trd, 000045.367, 143
Trd, 000045.450, 142
Trd, 000045.917, 144
Trd, 000046.517, 144
Trd, 000047.567, 143
Trd, 000047.750, 144
Trd, 000048.500, 148
Trd, 000048.567, 142
Trd, 000048.600, 155.0
Trd, 000048.817, 131.0
Trd, 000048.883, 158.0
Trd, 000050.050, 144.0
Trd, 000050.883, 144
Trd, 000052.500, 143
Trd, 000052.917, 140
Trd, 000053.400, 144.0
Trd, 000053.467, 144
Trd, 000053.833, 144
Trd, 000054.433, 139
Trd, 000054.683, 138
Trd, 000054.817, 134.0
Trd, 000055.333, 155
Trd, 000055.583, 180
Trd, 000057.233, 144
Trd, 000057.267, 131
Trd, 000057.317, 167.0
Trd, 000058.100, 167.0
Trd, 000058.117, 165.0
Trd, 000058.950, 163
Trd, 000060.250, 154
Trd, 000061.067, 150
Trd, 000061.850, 149
Trd, 000062.083, 156
Trd, 000062.150, 157
Trd, 000062.483, 156
Trd, 000062.500, 143
Trd, 000063.417, 135
Trd, 000064.267, 140
Trd, 000065.350, 144.0
Trd, 000065.700, 134.0
Trd, 000066.383, 144
Trd, 000066.583, 132.0
Trd, 000066.800, 150
Trd, 000067.050, 145
Trd, 000067.983, 131.0
Trd, 000068.250, 151
Trd, 000068.317, 155.0
Trd, 000069.217, 167
Trd, 000069.733, 158
Trd, 000070.117, 156
Trd, 000070.583, 145
Trd, 000070.700, 162
Trd, 000071.417, 174
Trd, 000071.700, 164
Trd, 000073.183, 161
Trd, 000073.383, 154
Trd, 000073.433, 148
Trd, 000075.400, 154
Trd, 000076.000, 154
Trd, 000076.267, 157
Trd, 000076.450, 154
Trd, 000077.400, 155
Trd, 000077.417, 158.0
Trd, 000077.667, 152
Trd, 000078.117, 157
Trd, 000078.950, 152
Trd, 000079.667, 143
Trd, 000079.700, 134.0
Trd, 000081.117, 144.0
Trd, 000081.700, 142
Trd, 000081.983, 152
Trd, 000082.483, 139
Trd, 000082.783, 147
Trd, 000083.133, 144.0
Trd, 000083.967, 145
Trd, 000084.117, 137
Trd, 000084.333, 126
Trd, 000084.683, 127.0
Trd, 000085.633, 134
Trd, 000086.817, 137
Trd, 000087.800, 155.0
Trd, 000087.967, 158.0
Trd, 000088.067, 161
Trd, 000088.883, 150
Trd, 000089.617, 139
Trd, 000091.317, 140
Trd, 000092.983, 139
Trd, 000093.050, 144.0
Trd, 000093.317, 134.0
Trd, 000093.500, 146
Trd, 000094.217, 146
Trd, 000094.300, 147
Trd, 000095.067, 137
Trd, 000095.967, 131.0
Trd, 000097.250, 138
Trd, 000097.500, 146
Trd, 000098.633, 142
Trd, 000098.817, 144.0
Trd, 000099.400, 139
Trd, 000099.567, 144
Trd, 000100.550, 143
Trd, 000100.567, 144
Trd, 000101.967, 144
Trd, 000102.750, 140
Trd, 000104.283, 139
Trd, 000104.583, 140
Trd, 000105.183, 143
Trd, 000105.633, 143
Trd, 000106.033, 144.0
Trd, 000106.167, 144
Trd, 000106.800, 141
Trd, 000106.817, 134.0
Trd, 000107.283, 148
Trd, 000108.700, 155
Trd, 000108.850, 154
Trd, 000109.050, 154
Trd, 000109.133, 167
Trd, 000110.167, 167.0
Trd, 000110.183, 131.0
Trd, 000110.950, 151
Trd, 000110.983, 154
Trd, 000111.117, 158.0
Trd, 000111.767, 158
Trd, 000112.567, 165.0
Trd, 000112.767, 154
Trd, 000114.383, 144.0
Trd, 000114.533, 152
Trd, 000114.950, 155.0
Trd, 000115.783, 158.0
Trd, 000115.983, 146
Trd, 000116.400, 150
Trd, 000117.433, 143
Trd, 000117.650, 155
Trd, 000117.800, 154
Trd, 000118.250, 146
Trd, 000118.917, 154
Trd, 000120.233, 155.0
Trd, 000120.917, 165.0
Trd, 000121.050, 180
Trd, 000122.183, 152
Trd, 000123.283, 152
Trd, 000124.250, 151
Trd, 000124.733, 144
Trd, 000125.417, 154
Trd, 000125.817, 148
Trd, 000125.917, 155
Trd, 000126.317, 143
Trd, 000126.417, 153
Trd, 000128.467, 153
Trd, 000128.800, 143
Trd, 000128.850, 154
Trd, 000129.133, 135.0
Trd, 000129.650, 158.0
Trd, 000131.350, 155
Trd, 000131.433, 167.0
Trd, 000131.550, 168.0
Trd, 000133.133, 148
Trd, 000133.700, 158
Trd, 000134.583, 155
Trd, 000134.833, 145
Trd, 000135.617, 155
Trd, 000135.733, 158
Trd, 000136.000, 148
Trd, 000136.500, 155
Trd, 000137.183, 168.0
Trd, 000139.450, 154
Trd, 000139.633, 150
Trd, 000139.717, 149
Trd, 000140.483, 151
Trd, 000140.750, 155
Trd, 000140.817, 156
Trd, 000142.367, 154
Trd, 000142.583, 155
Trd, 000142.700, 156
Trd, 000142.850, 143
Trd, 000142.917, 144.0
Trd, 000144.500, 149
Trd, 000145.700, 148
Trd, 000146.333, 149
Trd, 000146.700, 146
Trd, 000148.067, 149
Trd, 000148.717, 146
Trd, 000149.100, 143
Trd, 000149.567, 136
Trd, 000149.833, 149
Trd, 000150.417, 136.0
Trd, 000150.700, 146
Trd, 000151.083, 149
Trd, 000153.067, 142
Trd, 000153.100, 148
Trd, 000153.383, 141
Trd, 000155.283, 144.0
Trd, 000155.383, 148
Trd, 000156.700, 147
Trd, 000156.917, 146
Trd, 000156.933, 155.0
Trd, 000157.300, 145
Trd, 000158.433, 143
Trd, 000158.550, 147
Trd, 000159.450, 142
Trd, 000159.717, 144.0
Trd, 000160.083, 148
Trd, 000160.100, 142
Trd, 000161.217, 141
Trd, 000161.350, 147
Trd, 000162.000, 144.0
Trd, 000162.433, 155.0
Trd, 000163.100, 165.0
Trd, 000163.433, 146
Trd, 000163.833, 168.0
Trd, 000164.167, 147
Trd, 000164.333, 146
Trd, 000164.767, 158
Trd, 000165.150, 133.0
Trd, 000166.850, 149
Trd, 000166.867, 150
Trd, 000167.000, 144.0
Trd, 000167.367, 139
Trd, 000168.417, 155.0
Trd, 000168.733, 152
Trd, 000169.667, 140
Trd, 000169.733, 152
Trd, 000170.867, 167
Trd, 000171.117, 143
Trd, 000171.317, 142
Trd, 000172.417, 135.0
Trd, 000172.800, 134.0
Trd, 000173.167, 144.0
Trd, 000173.483, 142
Trd, 000174.167, 140
Trd, 000174.883, 140
Trd, 000175.333, 143
Trd, 000175.517, 146
Trd, 000175.817, 148
Trd, 000176.133, 155.0
Trd, 000178.000, 150
Trd, 000178.183, 141
Trd, 000178.750, 158.0
Trd, 000180.567, 155.0
Trd, 000180.617, 155
Trd, 000180.633, 145
Trd, 000180.933, 144
Trd, 000181.383, 151
Trd, 000181.983, 154
Trd, 000182.667, 148
Trd, 000182.783, 148
Trd, 000183.050, 153
Trd, 000183.583, 145
Trd, 000183.683, 144
Trd, 000184.750, 152
Trd, 000185.800, 152
Trd, 000185.917, 152
Trd, 000186.967, 142
Trd, 000187.117, 149
Trd, 000187.567, 145
Trd, 000188.167, 131.0
Trd, 000188.450, 144
Trd, 000188.583, 134.0
Trd, 000189.183, 148
Trd, 000190.167, 144
Trd, 000191.900, 147
Trd, 000192.367, 145
Trd, 000192.583, 142
Trd, 000192.833, 147
Trd, 000193.483, 155.0
Trd, 000195.633, 144.0
Trd, 000195.867, 143
Trd, 000196.300, 147
Trd, 000197.067, 142
Trd, 000197.100, 144.0
Trd, 000197.267, 142
Trd, 000197.583, 147
Trd, 000197.750, 148
Trd, 000197.900, 134.0
Trd, 000199.333, 141
Trd, 000199.517, 145
Trd, 000200.767, 147
Trd, 000200.833, 138
Trd, 000200.933, 148
Trd, 000201.750, 139
Trd, 000202.383, 155.0
Trd, 000202.450, 141
Trd, 000202.717, 144.0
Trd, 000203.000, 139
Trd, 000204.033, 150
Trd, 000205.033, 165.0
Trd, 000205.083, 134.0
Trd, 000205.350, 153
Trd, 000206.150, 151
Trd, 000206.317, 152
Trd, 000206.333, 155.0
Trd, 000207.350, 172
Trd, 000207.800, 165.0
Trd, 000208.200, 152
Trd, 000208.217, 174
Trd, 000208.583, 167
Trd, 000209.583, 147
Trd, 000209.867, 142
Trd, 000210.567, 134.0
Trd, 000211.267, 152
Trd, 000212.667, 141
Trd, 000212.783, 144.0
Trd, 000214.233, 135.0
Trd, 000215.017, 143
Trd, 000215.350, 144
Trd, 000215.750, 150
Trd, 000216.083, 158.0
Trd, 000216.333, 146
Trd, 000216.533, 153
Trd, 000218.683, 144.0
Trd, 000219.717, 143
Trd, 000220.267, 148
Trd, 000220.933, 145
Trd, 000221.033, 143
Trd, 000221.400, 164.0
Trd, 000221.733, 166.0
Trd, 000221.883, 145
Trd, 000222.633, 144.0
Trd, 000223.367, 142
Trd, 000223.383, 145
Trd, 000223.550, 151
Trd, 000223.883, 135.0
Trd, 000224.183, 134.0
Trd, 000224.950, 151
Trd, 000225.067, 152
Trd, 000225.600, 168.0
Trd, 000226.250, 163
Trd, 000226.933, 154
Trd, 000227.867, 150
Trd, 000228.283, 155
Trd, 000228.483, 146
Trd, 000229.133, 153
Trd, 000229.383, 154
Trd, 000229.650, 143
Trd, 000230.417, 142
Trd, 000230.467, 152
Trd, 000231.250, 152
Trd, 000231.733, 155.0
Trd, 000233.283, 152
Trd, 000233.383, 146
Trd, 000233.783, 146
Trd, 000234.000, 134.0
Trd, 000234.917, 144.0
Trd, 000235.267, 142
Trd, 000235.617, 135
Trd, 000235.833, 131.0
Trd, 000236.200, 141
Trd, 000237.033, 144
Trd, 000237.150, 130
Trd, 000237.867, 127.0
Trd, 000238.067, 148
Trd, 000238.783, 144.0
Trd, 000240.617, 154
Trd, 000240.700, 152
Trd, 000240.750, 158.0
Trd, 000240.867, 146
Trd, 000241.050, 159.0
Trd, 000241.783, 152
Trd, 000241.850, 155.0
Trd, 000241.900, 152
Trd, 000242.300, 150
Trd, 000242.650, 145
Trd, 000242.833, 145
Trd, 000243.617, 144
Trd, 000243.717, 147
Trd, 000243.733, 143
Trd, 000244.017, 137.0
Trd, 000244.617, 146
Trd, 000245.683, 158.0
Trd, 000245.917, 152
Trd, 000246.100, 162.0
Trd, 000246.650, 153
Trd, 000247.217, 146
Trd, 000247.250, 154
Trd, 000247.867, 153
Trd, 000247.933, 152
Trd, 000249.567, 151
Trd, 000249.617, 149
Trd, 000250.317, 151
Trd, 000250.333, 151
Trd, 000250.533, 148
Trd, 000250.633, 152
Trd, 000250.967, 155.0
Trd, 000251.633, 143
Trd, 000251.883, 158.0
Trd, 000251.917, 158
Trd, 000251.983, 137.0
Trd, 000252.017, 162.0
Trd, 000254.367, 161.0
Trd, 000254.750, 148
Trd, 000254.817, 146
Trd, 000255.633, 155
Trd, 000255.650, 158
Trd, 000255.867, 143
Trd, 000256.083, 156
Trd, 000256.750, 153
Trd, 000257.150, 150
Trd, 000257.350, 152
Trd, 000257.783, 151
Trd, 000257.900, 153.0
Trd, 000258.283, 155.0
Trd, 000258.617, 147
Trd, 000258.750, 146
Trd, 000258.933, 146
Trd, 000259.300, 154
Trd, 000260.200, 154.0
Trd, 000260.967, 153
Trd, 000261.067, 151
Trd, 000261.283, 156.0
Trd, 000262.367, 156
Trd, 000262.750, 156
Trd, 000264.100, 155
Trd, 000264.133, 156.0
Trd, 000264.967, 144
Trd, 000265.300, 156
Trd, 000265.350, 158.0
Trd, 000265.500, 160.0
Trd, 000265.733, 152
Trd, 000266.967, 150
Trd, 000267.267, 143
Trd, 000267.283, 137.0
Trd, 000268.467, 155
Trd, 000268.817, 150
Trd, 000268.933, 150
Trd, 000269.500, 142
Trd, 000269.750, 145
Trd, 000270.650, 146
Trd, 000271.000, 155
Trd, 000272.317, 150
Trd, 000272.367, 144
Trd, 000272.517, 149.0
Trd, 000272.817, 155.0
Trd, 000274.583, 150
Trd, 000274.717, 151
Trd, 000275.267, 151
Trd, 000275.767, 153
Trd, 000275.817, 147
Trd, 000275.917, 146
Trd, 000275.983, 143
Trd, 000276.033, 148
Trd, 000276.683, 148
Trd, 000276.767, 151
Trd, 000276.967, 158.0
Trd, 000277.617, 139.0
Trd, 000278.000, 149
Trd, 000278.767, 150
Trd, 000278.950, 144.0
Trd, 000279.000, 141
Trd, 000279.483, 144
Trd, 000279.933, 143
Trd, 000280.317, 147.0
Trd, 000280.433, 155.0
Trd, 000280.683, 152
Trd, 000281.400, 156
Trd, 000281.450, 162.0
Trd, 000281.550, 160.0
Trd, 000281.917, 154
Trd, 000282.433, 156
Trd, 000282.650, 154
Trd, 000283.783, 142
Trd, 000284.233, 158
Trd, 000284.333, 158.0
Trd, 000284.833, 144.0
Trd, 000285.583, 144.0
Trd, 000286.200, 144
Trd, 000286.283, 149
Trd, 000286.383, 148
Trd, 000287.117, 162.0
Trd, 000287.217, 143
Trd, 000287.733, 138.0
Trd, 000287.900, 149
Trd, 000288.100, 148
Trd, 000289.050, 143
Trd, 000289.083, 144.0
Trd, 000289.900, 141
Trd, 000289.950, 147
Trd, 000290.017, 150
Trd, 000290.067, 140
Trd, 000290.133, 137
Trd, 000290.650, 151
Trd, 000291.467, 157.0
Trd, 000292.067, 158.0
Trd, 000292.500, 162.0
Trd, 000292.800, 167.0
Trd, 000293.317, 148.0
Trd, 000293.350, 172.0
Trd, 000293.767, 182
Trd, 000293.917, 165.0
Trd, 000294.250, 169
Trd, 000294.350, 143
Trd, 000294.783, 142
Trd, 000296.233, 154
Trd, 000296.717, 155
Trd, 000298.067, 149
Trd, 000298.233, 153
Trd, 000298.367, 145
Trd, 000298.400, 134.0
Trd, 000298.467, 154
Trd, 000298.683, 137.0
Trd, 000298.833, 153
Trd, 000299.400, 153
Trd, 000299.983, 155.0
