Trd, 000001.567, 161
Trd, 000001.833, 163
Trd, 000002.033, 131.0
Trd, 000002.583, 124
Trd, 000002.683, 141.0
Trd, 000002.950, 110.0
Trd, 000003.717, 175
Trd, 000003.983, 127.0
Trd, 000004.700, 136
Trd, 000004.967, 116
Trd, 000005.733, 156
Trd, 000005.833, 155
Trd, 000006.017, 154
Trd, 000006.667, 152
Trd, 000007.567, 135
Trd, 000008.550, 159
Trd, 000008.600, 133
Trd, 000008.800, 160.0
Trd, 000009.467, 156.0
Trd, 000009.550, 155.0
Trd, 000010.883, 156
Trd, 000010.950, 142
Trd, 000011.133, 131.0
Trd, 000011.283, 162.0
Trd, 000011.350, 117
Trd, 000012.367, 153
Trd, 000012.633, 146
Trd, 000012.717, 147
Trd, 000013.300, 146
Trd, 000014.017, 154
Trd, 000014.367, 154
Trd, 000014.433, 154
Trd, 000014.517, 146
Trd, 000015.283, 153
Trd, 000015.317, 146
Trd, 000015.667, 143
Trd, 000015.700, 153
Trd, 000016.233, 133
Trd, 000016.600, 131.0
Trd, 000016.800, 141.0
Trd, 000017.267, 161
Trd, 000018.250, 145
Trd, 000018.450, 145
Trd, 000019.467, 143
Trd, 000020.117, 143
Trd, 000020.517, 156
Trd, 000020.700, 150
Trd, 000021.200, 146
Trd, 000021.333, 146
Trd, 000021.550, 161.0
Trd, 000022.433, 162.0
Trd, 000022.833, 162.0
Trd, 000022.917, 162
Trd, 000023.217, 158
Trd, 000023.500, 155.0
Trd, 000023.867, 133
Trd, 000024.983, 153
Trd, 000025.050, 154
Trd, 000025.333, 144
Trd, 000025.533, 144
Trd, 000026.983, 152
Trd, 000027.017, 151
Trd, 000027.050, 152
Trd, 000027.817, 151
Trd, 000028.433, 152
Trd, 000028.833, 152
Trd, 000029.433, 150
Trd, 000029.483, 153
Trd, 000029.600, 143
Trd, 000030.567, 155.0
Trd, 000031.817, 144
Trd, 000032.117, 153
Trd, 000032.133, 143
Trd, 000032.883, 139
Trd, 000033.033, 150
Trd, 000033.117, 131.0
Trd, 000033.883, 162.0
Trd, 000034.767, 123
Trd, 000035.517, 142
Trd, 000035.567, 146
Trd, 000036.850, 146
Trd, 000037.217, 138
Trd, 000037.600, 146
Trd, 000038.000, 146
Trd, 000038.067, 138
Trd, 000038.533, 148
Trd, 000039.433, 147
Trd, 000039.750, 144
Trd, 000039.900, 140
Trd, 000041.667, 144
Trd, 000041.683, 147
Trd, 000042.917, 145
Trd, 000043.433, 145
Trd, 000043.617, 148
Trd, 000044.617, 146
Trd, 000044.850, 145
Trd, 000045.067, 148
Trd, 000045.183, 143
Trd, 000045.300, 132
Trd, 000045.317, 131.0
Trd, 000045.717, 149
Trd, 000047.200, 145
Trd, 000048.017, 145
Trd, 000048.150, 144
Trd, 000048.900, 145
Trd, 000049.433, 143
Trd, 000049.617, 141
Trd, 000049.650, 148
Trd, 000049.967, 151.0
Trd, 000050.000, 141
Trd, 000050.033, 133
Trd, 000051.600, 141.0
Trd, 000052.517, 143
Trd, 000053.100, 143
Trd, 000053.250, 140
Trd, 000053.333, 143
Trd, 000053.633, 150
Trd, 000053.967, 144
Trd, 000054.867, 139
Trd, 000054.900, 138
Trd, 000055.350, 134
Trd, 000055.850, 116
Trd, 000057.167, 141.0
Trd, 000057.233, 143
Trd, 000057.450, 133.0
Trd, 000057.900, 133
Trd, 000058.133, 132.0
Trd, 000058.333, 136
Trd, 000059.500, 141
Trd, 000059.567, 133.0
Trd, 000059.717, 132.0
Trd, 000060.033, 139
Trd, 000061.767, 139
Trd, 000062.850, 138
Trd, 000063.167, 138
Trd, 000064.117, 139
Trd, 000064.283, 135
Trd, 000064.367, 140
Trd, 000064.667, 134
Trd, 000065.900, 140.0
Trd, 000066.000, 141.0
Trd, 000066.067, 148
Trd, 000066.200, 135
Trd, 000066.467, 151.0
Trd, 000066.983, 134
Trd, 000067.000, 141.0
Trd, 000067.550, 162.0
Trd, 000068.083, 138
Trd, 000068.933, 146
Trd, 000069.183, 133
Trd, 000070.183, 148
Trd, 000070.317, 136
Trd, 000070.583, 131.0
Trd, 000071.417, 127.0
Trd, 000071.717, 138
Trd, 000071.733, 146
Trd, 000073.983, 134
Trd, 000074.000, 140.0
Trd, 000074.150, 141.0
Trd, 000074.533, 134
Trd, 000074.800, 133
Trd, 000074.850, 142
Trd, 000074.950, 148
Trd, 000075.483, 141
Trd, 000075.883, 151.0
Trd, 000076.033, 133
Trd, 000076.667, 149
Trd, 000077.133, 144
Trd, 000077.617, 141.0
Trd, 000078.433, 148
Trd, 000078.700, 162.0
Trd, 000078.817, 135
Trd, 000079.050, 140
Trd, 000079.933, 146
Trd, 000080.083, 134
Trd, 000080.117, 150
Trd, 000080.167, 151.0
Trd, 000080.333, 134
Trd, 000081.300, 136
Trd, 000081.417, 148
Trd, 000081.800, 138
Trd, 000082.767, 147
Trd, 000083.200, 138
Trd, 000083.267, 137
Trd, 000083.950, 155.0
Trd, 000084.333, 162.0
Trd, 000084.700, 163
Trd, 000085.100, 133
Trd, 000085.383, 151
Trd, 000085.917, 148
Trd, 000085.983, 150
Trd, 000086.617, 142
Trd, 000087.067, 158.0
Trd, 000087.117, 163.0
Trd, 000087.333, 139
Trd, 000087.800, 157
Trd, 000088.400, 152
Trd, 000089.767, 156
Trd, 000090.167, 157
Trd, 000090.183, 155
Trd, 000090.300, 154
Trd, 000090.367, 164.0
Trd, 000090.817, 132
Trd, 000092.283, 154
Trd, 000092.933, 156
Trd, 000092.983, 157
Trd, 000093.750, 158.0
Trd, 000094.217, 159
Trd, 000094.417, 157
Trd, 000094.683, 155.0
Trd, 000094.767, 158
Trd, 000095.000, 149
Trd, 000095.883, 149
Trd, 000097.500, 153
Trd, 000097.700, 144
Trd, 000098.000, 143
Trd, 000098.483, 148
Trd, 000099.817, 146
Trd, 000099.867, 148
Trd, 000100.183, 147
Trd, 000101.000, 148
Trd, 000101.150, 162.0
Trd, 000101.783, 146
Trd, 000102.283, 143
Trd, 000102.383, 144
Trd, 000102.850, 156
Trd, 000103.000, 157
Trd, 000104.283, 141
Trd, 000105.000, 157.0
Trd, 000105.500, 157.0
Trd, 000105.683, 156
Trd, 000105.733, 155.0
Trd, 000106.150, 143
Trd, 000106.450, 149
Trd, 000107.300, 148
Trd, 000107.367, 146
Trd, 000107.600, 148
Trd, 000107.983, 144
Trd, 000108.283, 151.0
Trd, 000108.350, 142
Trd, 000108.950, 149
Trd, 000109.900, 136
Trd, 000110.033, 131.0
Trd, 000110.433, 133
Trd, 000110.950, 136
Trd, 000111.283, 127.0
Trd, 000111.817, 132
Trd, 000111.900, 110.0
Trd, 000112.283, 124
Trd, 000112.600, 121
Trd, 000113.350, 129
Trd, 000113.367, 134
Trd, 000113.900, 137.0
Trd, 000114.100, 141.0
Trd, 000114.450, 148
Trd, 000115.517, 150.0
Trd, 000115.883, 141
Trd, 000117.267, 139
Trd, 000117.333, 140
Trd, 000117.450, 139
Trd, 000117.550, 130
Trd, 000117.867, 145
Trd, 000118.083, 147
Trd, 000119.233, 138
Trd, 000119.367, 141.0
Trd, 000120.067, 148
Trd, 000120.800, 143
Trd, 000121.133, 145
Trd, 000121.733, 147
Trd, 000122.683, 143
Trd, 000123.767, 144
Trd, 000123.833, 143
Trd, 000124.400, 138
Trd, 000124.450, 144
Trd, 000125.517, 132
Trd, 000126.200, 143
Trd, 000126.317, 144
Trd, 000126.600, 131.0
Trd, 000126.667, 146
Trd, 000126.683, 151.0
Trd, 000127.850, 143
Trd, 000128.067, 156
Trd, 000128.250, 165.0
Trd, 000128.950, 143
Trd, 000129.900, 158.0
Trd, 000130.267, 152
Trd, 000130.383, 149
Trd, 000130.517, 138
Trd, 000130.683, 168
Trd, 000132.000, 155.0
Trd, 000132.200, 154
Trd, 000132.383, 152
Trd, 000132.650, 141.0
Trd, 000132.667, 159
Trd, 000133.983, 144
Trd, 000134.883, 143
Trd, 000135.117, 135.0
Trd, 000135.283, 145
Trd, 000136.283, 136
Trd, 000137.117, 142
Trd, 000137.350, 143
Trd, 000137.433, 150
Trd, 000137.750, 137
Trd, 000138.767, 138
Trd, 000139.167, 137
Trd, 000139.400, 144
Trd, 000139.583, 138
Trd, 000140.533, 143
Trd, 000141.450, 143
Trd, 000141.633, 134
Trd, 000142.333, 135
Trd, 000142.483, 134
Trd, 000142.617, 141.0
Trd, 000142.967, 143
Trd, 000143.083, 149
Trd, 000143.200, 133
Trd, 000143.233, 160
Trd, 000143.317, 131.0
Trd, 000144.150, 130
Trd, 000144.367, 144
Trd, 000144.467, 162.0
Trd, 000145.700, 142
Trd, 000146.183, 151
Trd, 000146.483, 152
Trd, 000147.767, 178.0
Trd, 000148.117, 173
Trd, 000148.150, 160
Trd, 000149.367, 158
Trd, 000149.467, 160
Trd, 000149.517, 145
Trd, 000149.917, 145
Trd, 000150.667, 142
Trd, 000150.833, 151
Trd, 000150.850, 133
Trd, 000151.150, 131.0
Trd, 000152.850, 148
Trd, 000153.617, 146
Trd, 000153.883, 147
Trd, 000154.183, 148
Trd, 000154.233, 144
Trd, 000154.350, 151.0
Trd, 000154.500, 143
Trd, 000155.250, 141
Trd, 000155.767, 149
Trd, 000155.900, 140
Trd, 000155.967, 131.0
Trd, 000156.117, 149
Trd, 000157.200, 145
Trd, 000157.550, 126
Trd, 000158.700, 135
Trd, 000158.733, 148
Trd, 000159.133, 137
Trd, 000159.183, 148
Trd, 000159.467, 148
Trd, 000160.033, 134.0
Trd, 000160.500, 147
Trd, 000160.900, 141.0
Trd, 000161.483, 134
Trd, 000161.567, 148
Trd, 000161.700, 148
Trd, 000161.800, 151.0
Trd, 000163.267, 135
Trd, 000163.450, 141.0
Trd, 000164.383, 144
Trd, 000164.567, 140
Trd, 000164.850, 139
Trd, 000165.700, 133
Trd, 000166.733, 136
Trd, 000167.100, 135
Trd, 000167.717, 140
Trd, 000167.767, 141
Trd, 000168.067, 147
Trd, 000168.150, 134.0
Trd, 000168.367, 131.0
Trd, 000168.767, 140
Trd, 000169.583, 131
Trd, 000171.067, 120
Trd, 000171.217, 135
Trd, 000171.600, 141.0
Trd, 000171.617, 148
Trd, 000172.117, 162.0
Trd, 000172.200, 145
Trd, 000172.717, 164.0
Trd, 000173.850, 153
Trd, 000174.617, 152
Trd, 000174.667, 143
Trd, 000174.833, 156
Trd, 000175.400, 140.0
Trd, 000175.833, 133
Trd, 000176.233, 133.0
Trd, 000177.100, 133
Trd, 000177.717, 145
Trd, 000178.150, 135
Trd, 000178.983, 142
Trd, 000179.050, 141.0
Trd, 000179.917, 141
Trd, 000180.083, 136
Trd, 000180.200, 141
Trd, 000181.117, 136
Trd, 000181.433, 148
Trd, 000181.500, 149
Trd, 000182.000, 151.0
Trd, 000182.700, 136
Trd, 000183.167, 162.0
Trd, 000183.600, 141.0
Trd, 000184.267, 143
Trd, 000185.267, 137
Trd, 000185.417, 138
Trd, 000185.983, 138
Trd, 000186.133, 142
Trd, 000186.283, 143
Trd, 000186.867, 142
Trd, 000187.567, 142
Trd, 000187.700, 145
Trd, 000188.750, 141
Trd, 000188.800, 142
Trd, 000189.250, 139
Trd, 000189.600, 139
Trd, 000190.017, 144
Trd, 000190.533, 132.0
Trd, 000191.733, 141.0
Trd, 000192.050, 141
Trd, 000192.183, 147
Trd, 000192.933, 148
Trd, 000194.283, 144
Trd, 000195.167, 144
Trd, 000195.283, 141
Trd, 000195.400, 140
Trd, 000195.633, 139
Trd, 000195.817, 139
Trd, 000195.833, 144
Trd, 000196.000, 141
Trd, 000196.417, 151.0
Trd, 000196.833, 132
Trd, 000198.150, 145
Trd, 000198.283, 131.0
Trd, 000199.683, 142
Trd, 000199.883, 139
Trd, 000199.950, 140
Trd, 000200.900, 139
Trd, 000201.300, 142
Trd, 000201.400, 139
Trd, 000202.467, 140
Trd, 000202.600, 140
Trd, 000203.750, 141.0
Trd, 000204.817, 139
Trd, 000205.317, 140
Trd, 000205.567, 140
Trd, 000205.900, 148
Trd, 000206.333, 151.0
Trd, 000207.033, 161
Trd, 000207.367, 160
Trd, 000207.833, 160
Trd, 000208.300, 143
Trd, 000208.433, 156
Trd, 000208.617, 161.0
Trd, 000208.933, 151
Trd, 000209.017, 141
Trd, 000210.883, 151
Trd, 000210.950, 134
Trd, 000210.967, 133
Trd, 000212.017, 146
Trd, 000212.317, 131.0
Trd, 000212.917, 132
Trd, 000213.833, 150
Trd, 000214.133, 150
Trd, 000214.217, 131
Trd, 000215.017, 140.0
Trd, 000215.300, 141.0
Trd, 000217.850, 137.0
Trd, 000218.017, 140
Trd, 000218.167, 137
Trd, 000218.567, 134.0
Trd, 000218.933, 141
Trd, 000219.000, 145
Trd, 000219.017, 133
Trd, 000220.833, 140.0
Trd, 000220.850, 134.0
Trd, 000221.850, 134.0
Trd, 000222.183, 133
Trd, 000222.233, 140
Trd, 000223.117, 136
Trd, 000223.817, 141.0
Trd, 000223.867, 146
Trd, 000224.000, 133
Trd, 000224.217, 148
Trd, 000224.533, 151.0
Trd, 000224.917, 162.0
Trd, 000226.033, 162.0
Trd, 000226.250, 161.0
Trd, 000226.533, 158.0
Trd, 000227.000, 160
Trd, 000227.117, 156.0
Trd, 000227.400, 155.0
Trd, 000227.767, 144
Trd, 000229.050, 149
Trd, 000230.433, 158.0
Trd, 000230.450, 162.0
Trd, 000230.467, 147
Trd, 000231.200, 148
Trd, 000231.250, 143
Trd, 000232.833, 156
Trd, 000233.150, 143
Trd, 000233.417, 142
Trd, 000233.450, 155
Trd, 000234.133, 154
Trd, 000234.583, 142
Trd, 000234.883, 145
Trd, 000235.017, 151.0
Trd, 000235.867, 141.0
Trd, 000235.883, 148
Trd, 000236.433, 138
Trd, 000236.683, 148
Trd, 000237.650, 141
Trd, 000238.483, 138
Trd, 000239.083, 141.0
Trd, 000239.450, 144
Trd, 000239.750, 146
Trd, 000240.167, 144
Trd, 000240.233, 139
Trd, 000240.983, 139
Trd, 000241.450, 149.0
Trd, 000241.533, 147
Trd, 000242.017, 149
Trd, 000242.167, 151.0
Trd, 000242.750, 150.0
Trd, 000242.833, 152
Trd, 000243.167, 151.0
Trd, 000243.817, 152
Trd, 000244.183, 152
Trd, 000244.383, 153
Trd, 000244.667, 151.0
Trd, 000244.733, 153
Trd, 000244.833, 150
Trd, 000245.283, 148.0
Trd, 000245.300, 143
Trd, 000245.450, 150
Trd, 000245.600, 131.0
Trd, 000246.300, 140
Trd, 000247.467, 145
Trd, 000247.483, 148
Trd, 000247.683, 146
Trd, 000247.933, 150
Trd, 000249.150, 148
Trd, 000249.217, 145
Trd, 000249.667, 151
Trd, 000249.717, 145
Trd, 000250.450, 152.0
Trd, 000251.050, 146
Trd, 000251.367, 146
Trd, 000251.567, 144
Trd, 000251.617, 151
Trd, 000252.300, 159.0
Trd, 000252.467, 158.0
Trd, 000252.717, 146
Trd, 000252.850, 160
Trd, 000253.083, 157
Trd, 000253.567, 156.0
Trd, 000253.617, 155.0
Trd, 000253.633, 158.0
Trd, 000254.250, 153.0
Trd, 000255.383, 155
Trd, 000255.417, 155
Trd, 000256.433, 151.0
Trd, 000256.667, 151
Trd, 000256.783, 148.0
Trd, 000256.983, 152.0
Trd, 000257.183, 152
Trd, 000257.983, 148
Trd, 000259.267, 146
Trd, 000259.317, 148
Trd, 000259.333, 151
Trd, 000259.767, 143
Trd, 000259.833, 147.0
Trd, 000259.983, 151.0
Trd, 000260.100, 153
Trd, 000260.267, 152
Trd, 000260.350, 151
Trd, 000260.400, 150
Trd, 000260.817, 151
Trd, 000260.967, 150
Trd, 000261.000, 143
Trd, 000261.817, 152
Trd, 000262.733, 145
Trd, 000262.800, 155.0
Trd, 000263.283, 144
Trd, 000263.767, 152
Trd, 000263.933, 142
Trd, 000265.567, 143
Trd, 000265.800, 145
Trd, 000265.867, 141
Trd, 000266.050, 142
Trd, 000266.333, 145
Trd, 000266.600, 140
Trd, 000266.900, 145
Trd, 000267.050, 141
Trd, 000267.167, 148
Trd, 000267.517, 148
Trd, 000267.683, 151.0
Trd, 000268.900, 154.0
Trd, 000268.933, 153.0
Trd, 000268.967, 151.0
Trd, 000269.183, 152
Trd, 000269.517, 151
Trd, 000269.550, 150
Trd, 000270.267, 148.0
Trd, 000271.150, 148
Trd, 000271.200, 150
Trd, 000271.283, 151
Trd, 000271.300, 151
Trd, 000271.417, 152
Trd, 000271.783, 151
Trd, 000272.983, 152
Trd, 000273.150, 151
Trd, 000273.350, 148.0
Trd, 000273.933, 150
Trd, 000274.433, 146
Trd, 000274.783, 144
Trd, 000275.167, 143
Trd, 000276.167, 141.0
Trd, 000276.517, 147
Trd, 000276.617, 148
Trd, 000276.667, 151.0
Trd, 000276.850, 154
Trd, 000277.150, 140
Trd, 000277.800, 131.0
Trd, 000277.983, 134.0
Trd, 000278.450, 145
Trd, 000279.450, 139
Trd, 000279.833, 139
Trd, 000280.217, 141.0
Trd, 000280.283, 142
Trd, 000280.467, 142
Trd, 000281.050, 139.0
Trd, 000281.467, 149
Trd, 000281.517, 155.0
Trd, 000281.700, 148.0
Trd, 000282.200, 148.0
Trd, 000282.517, 150
Trd, 000282.650, 151.0
Trd, 000282.783, 149.0
Trd, 000283.333, 156
Trd, 000284.117, 149
Trd, 000284.250, 146
Trd, 000284.633, 151.0
Trd, 000284.767, 143
Trd, 000285.283, 145
Trd, 000285.600, 151
Trd, 000285.633, 133
Trd, 000285.683, 131.0
Trd, 000286.383, 140
Trd, 000286.517, 148
Trd, 000286.650, 151
Trd, 000286.817, 155
Trd, 000287.783, 162.0
Trd, 000288.050, 152
Trd, 000288.183, 153
Trd, 000288.333, 151
Trd, 000288.483, 151.0
Trd, 000288.733, 155.0
Trd, 000289.217, 149
Trd, 000289.800, 165
Trd, 000289.917, 150.0
Trd, 000290.233, 165.0
Trd, 000290.633, 160
Trd, 000291.333, 151.0
Trd, 000291.683, 148.0
Trd, 000291.717, 143
Trd, 000292.333, 148
Trd, 000292.667, 155
Trd, 000292.900, 131
Trd, 000293.333, 155
Trd, 000293.533, 154
Trd, 000293.550, 130
Trd, 000294.483, 149
Trd, 000294.517, 131.0
Trd, 000295.600, 148.0
Trd, 000295.817, 151
Trd, 000296.050, 150
Trd, 000296.250, 139
Trd, 000296.317, 131.0
Trd, 000296.367, 151.0
Trd, 000296.533, 155.0
Trd, 000296.667, 151.0
Trd, 000297.167, 151
Trd, 000297.750, 155.0
Trd, 000298.033, 149.0
Trd, 000298.083, 148.0
Trd, 000298.350, 160
Trd, 000298.867, 154
Trd, 000298.967, 148
Trd, 000299.583, 155.0
Trd, 000299.633, 160.0
Trd, 000299.733, 165.0
Trd, 000299.750, 142
