Trd, 000001.583, 135
Trd, 000002.050, 136
Trd, 000002.267, 125
Trd, 000002.967, 113.0
Trd, 000003.233, 111
Trd, 000003.467, 117.0
Trd, 000003.717, 138
Trd, 000004.017, 140
Trd, 000004.350, 138
Trd, 000005.100, 139.0
Trd, 000005.533, 141.0
Trd, 000006.400, 148
Trd, 000006.767, 143.0
Trd, 000007.017, 157.0
Trd, 000007.217, 158.0
Trd, 000007.267, 141.0
Trd, 000008.150, 167
Trd, 000008.650, 140
Trd, 000009.550, 154
Trd, 000010.083, 162.0
Trd, 000010.233, 163
Trd, 000010.483, 148
Trd, 000011.183, 146
Trd, 000011.700, 146
Trd, 000012.433, 147
Trd, 000012.650, 148
Trd, 000012.667, 146
Trd, 000014.600, 146
Trd, 000015.100, 151
Trd, 000015.500, 154
Trd, 000015.650, 144
Trd, 000015.700, 141.0
Trd, 000017.050, 149
Trd, 000017.167, 137.0
Trd, 000017.700, 131
Trd, 000018.050, 155.0
Trd, 000018.150, 165
Trd, 000018.483, 158.0
Trd, 000019.067, 142
Trd, 000019.300, 141
Trd, 000020.033, 151
Trd, 000020.433, 149.0
Trd, 000021.267, 151
Trd, 000021.550, 149.0
Trd, 000021.700, 148.0
Trd, 000022.117, 146
Trd, 000022.817, 146
Trd, 000023.083, 144
Trd, 000024.383, 143.0
Trd, 000024.483, 144
Trd, 000024.700, 148
Trd, 000025.383, 157.0
Trd, 000025.933, 155
Trd, 000027.333, 154.0
Trd, 000027.867, 154
Trd, 000029.067, 152.0
Trd, 000029.300, 155.0
Trd, 000029.583, 150
Trd, 000030.150, 156.0
Trd, 000030.350, 149.0
Trd, 000030.633, 148.0
Trd, 000030.867, 158.0
Trd, 000031.000, 148
Trd, 000031.417, 161
Trd, 000031.700, 141.0
Trd, 000032.250, 166
Trd, 000032.800, 146
Trd, 000033.667, 137
Trd, 000035.350, 153
Trd, 000035.467, 152
Trd, 000036.250, 148
Trd, 000036.317, 151
Trd, 000036.550, 168
Trd, 000036.967, 156
Trd, 000037.967, 153
Trd, 000038.083, 153.0
Trd, 000039.033, 153
Trd, 000040.167, 152
Trd, 000040.667, 151
Trd, 000041.533, 158.0
Trd, 000041.567, 149.0
Trd, 000043.350, 148.0
Trd, 000043.800, 152
Trd, 000044.833, 152
Trd, 000044.900, 152
Trd, 000045.117, 149
Trd, 000045.150, 147
Trd, 000045.800, 157.0
Trd, 000046.217, 158.0
Trd, 000046.783, 148
Trd, 000047.383, 141.0
Trd, 000047.467, 137.0
Trd, 000047.567, 157
Trd, 000048.250, 152
Trd, 000048.850, 158.0
Trd, 000049.050, 144
Trd, 000049.150, 144
Trd, 000049.200, 156
Trd, 000049.283, 141.0
Trd, 000049.700, 163
Trd, 000049.833, 133
Trd, 000051.500, 161
Trd, 000053.350, 162.0
Trd, 000053.567, 161
Trd, 000053.733, 162
Trd, 000054.167, 158.0
Trd, 000054.283, 150
Trd, 000054.583, 163
Trd, 000054.850, 149
Trd, 000055.533, 163
Trd, 000056.000, 158
Trd, 000056.400, 149.0
Trd, 000057.000, 160
Trd, 000057.283, 161
Trd, 000057.517, 167
Trd, 000058.733, 155
Trd, 000058.933, 165
Trd, 000060.500, 163.0
Trd, 000060.533, 162.0
Trd, 000060.550, 168
Trd, 000061.383, 149
Trd, 000061.517, 141.0
Trd, 000061.617, 165
Trd, 000062.333, 154
Trd, 000063.283, 149
Trd, 000063.350, 149
Trd, 000064.433, 143.0
Trd, 000064.683, 147
Trd, 000065.150, 147
Trd, 000065.367, 158.0
Trd, 000065.567, 152
Trd, 000066.217, 153
Trd, 000066.750, 149
Trd, 000067.133, 172.0
Trd, 000068.233, 162.0
Trd, 000068.333, 150
Trd, 000068.567, 164
Trd, 000069.217, 151
Trd, 000069.483, 148
Trd, 000069.667, 148.0
Trd, 000070.133, 155
Trd, 000070.983, 142.0
Trd, 000071.350, 143
Trd, 000072.050, 153
Trd, 000072.400, 148.0
Trd, 000072.617, 151
Trd, 000073.350, 151
Trd, 000073.850, 152
Trd, 000074.717, 152
Trd, 000075.133, 151
Trd, 000075.683, 154.0
Trd, 000076.033, 158.0
Trd, 000076.167, 152
Trd, 000076.667, 152
Trd, 000078.067, 150
Trd, 000078.483, 150
Trd, 000078.983, 149
Trd, 000079.133, 149
Trd, 000079.200, 155
Trd, 000080.233, 155
Trd, 000080.917, 156
Trd, 000081.217, 155
Trd, 000081.750, 156.0
Trd, 000082.500, 150
Trd, 000082.700, 156.0
Trd, 000082.900, 157.0
Trd, 000084.183, 149
Trd, 000084.400, 158.0
Trd, 000084.817, 167
Trd, 000085.933, 160
Trd, 000086.133, 152.0
Trd, 000086.217, 161
Trd, 000086.650, 163
Trd, 000088.000, 165
Trd, 000088.100, 154
Trd, 000088.733, 158.0
Trd, 000089.400, 155
Trd, 000090.683, 152
Trd, 000090.800, 150
Trd, 000091.300, 152
Trd, 000091.367, 141.0
Trd, 000091.467, 137.0
Trd, 000091.500, 152
Trd, 000091.783, 133
Trd, 000092.583, 153
Trd, 000092.917, 117.0
Trd, 000093.133, 158.0
Trd, 000094.067, 159
Trd, 000094.367, 157
Trd, 000095.233, 156
Trd, 000096.833, 157
Trd, 000096.933, 155
Trd, 000096.967, 158
Trd, 000097.283, 158
Trd, 000097.333, 158.0
Trd, 000097.350, 159
Trd, 000097.450, 156
Trd, 000098.083, 158
Trd, 000099.367, 163
Trd, 000099.983, 162.0
Trd, 000100.600, 165
Trd, 000101.250, 153
Trd, 000101.300, 164
Trd, 000101.583, 168
Trd, 000102.350, 163
Trd, 000102.733, 155
Trd, 000102.833, 154
Trd, 000102.933, 165
Trd, 000103.633, 151
Trd, 000103.733, 164
Trd, 000104.733, 162.0
Trd, 000105.283, 163
Trd, 000105.483, 164
Trd, 000106.417, 161
Trd, 000107.350, 156.0
Trd, 000107.383, 153
Trd, 000107.533, 150
Trd, 000107.800, 148.0
Trd, 000108.267, 153
Trd, 000108.667, 141.0
Trd, 000110.100, 153
Trd, 000110.267, 147
Trd, 000110.350, 153
Trd, 000111.383, 154
Trd, 000113.833, 151
Trd, 000114.067, 151.0
Trd, 000114.083, 149
Trd, 000114.433, 157.0
Trd, 000115.933, 150
Trd, 000116.200, 152
Trd, 000116.333, 153
Trd, 000116.533, 152
Trd, 000116.700, 149
Trd, 000116.883, 153
Trd, 000117.767, 153
Trd, 000118.050, 151.0
Trd, 000118.317, 148.0
Trd, 000118.450, 147
Trd, 000118.650, 153
Trd, 000120.000, 153
Trd, 000120.283, 157.0
Trd, 000120.767, 147
Trd, 000121.850, 155
Trd, 000122.083, 146
Trd, 000122.167, 158.0
Trd, 000122.717, 166
Trd, 000122.867, 167
Trd, 000123.350, 162.0
Trd, 000124.733, 161
Trd, 000124.800, 150
Trd, 000126.417, 151
Trd, 000126.517, 150
Trd, 000127.050, 151
Trd, 000127.067, 155
Trd, 000127.800, 163
Trd, 000127.883, 148.0
Trd, 000128.333, 163.0
Trd, 000129.183, 167
Trd, 000129.283, 168
Trd, 000130.550, 163.0
Trd, 000131.700, 163
Trd, 000131.733, 172.0
Trd, 000131.867, 163.0
Trd, 000132.383, 163
Trd, 000132.450, 168
Trd, 000133.283, 162.0
Trd, 000133.983, 165
Trd, 000134.200, 164
Trd, 000134.583, 162.0
Trd, 000135.683, 152
Trd, 000136.067, 150
Trd, 000136.267, 155.0
Trd, 000137.167, 148.0
Trd, 000137.800, 149
Trd, 000139.317, 154.0
Trd, 000139.350, 157.0
Trd, 000139.600, 154
Trd, 000140.267, 151
Trd, 000141.633, 152
Trd, 000141.883, 153.0
Trd, 000142.083, 156
Trd, 000142.383, 150
Trd, 000143.233, 157.0
Trd, 000143.283, 142.0
Trd, 000143.950, 143
Trd, 000144.217, 157.0
Trd, 000144.283, 158.0
Trd, 000144.567, 141.0
Trd, 000144.617, 159
Trd, 000145.883, 157
Trd, 000145.950, 147
Trd, 000146.833, 152
Trd, 000146.983, 155
Trd, 000147.033, 156
Trd, 000147.383, 149.0
Trd, 000147.600, 168
Trd, 000147.783, 148.0
Trd, 000147.833, 137.0
Trd, 000149.483, 162.0
Trd, 000150.350, 155.0
Trd, 000150.867, 152
Trd, 000151.083, 151
Trd, 000151.117, 154.0
Trd, 000151.733, 151
Trd, 000151.900, 154.0
Trd, 000152.050, 152
Trd, 000152.933, 153
Trd, 000153.033, 168
Trd, 000153.050, 148.0
Trd, 000153.167, 171.0
Trd, 000154.650, 149
Trd, 000156.533, 154
Trd, 000156.783, 152
Trd, 000156.967, 149
Trd, 000157.367, 151.0
Trd, 000158.383, 150.0
Trd, 000158.633, 149
Trd, 000158.883, 141.0
Trd, 000159.450, 149.0
Trd, 000160.650, 150.0
Trd, 000161.167, 149
Trd, 000161.817, 156.0
Trd, 000162.267, 158.0
Trd, 000163.033, 157
Trd, 000164.117, 158
Trd, 000165.067, 153
Trd, 000165.733, 155
Trd, 000166.150, 151
Trd, 000166.333, 155
Trd, 000166.667, 156.0
Trd, 000166.867, 150
Trd, 000166.933, 149
Trd, 000168.150, 152
Trd, 000168.183, 156.0
Trd, 000168.517, 158.0
Trd, 000168.667, 151
Trd, 000169.000, 166
Trd, 000169.600, 168
Trd, 000170.317, 163.0
Trd, 000170.517, 162.0
Trd, 000170.617, 166
Trd, 000171.550, 157.0
Trd, 000171.700, 151
Trd, 000172.250, 158.0
Trd, 000172.817, 150
Trd, 000172.867, 158
Trd, 000174.200, 158
Trd, 000174.433, 159
Trd, 000175.217, 154
Trd, 000175.250, 153
Trd, 000175.450, 151
Trd, 000177.150, 152
Trd, 000177.250, 153
Trd, 000177.833, 159
Trd, 000178.700, 162.0
Trd, 000178.733, 163
Trd, 000180.300, 154
Trd, 000180.350, 154
Trd, 000180.650, 153
Trd, 000180.700, 158.0
Trd, 000181.633, 151
Trd, 000181.967, 153
Trd, 000182.133, 154
Trd, 000182.167, 150
Trd, 000182.250, 149
Trd, 000183.650, 157.0
Trd, 000184.283, 156
Trd, 000184.317, 152
Trd, 000184.400, 151
Trd, 000185.167, 158.0
Trd, 000186.183, 156
Trd, 000186.600, 152
Trd, 000187.533, 150
Trd, 000187.967, 150
Trd, 000188.350, 152
Trd, 000188.633, 154
Trd, 000189.817, 149
Trd, 000190.750, 152
Trd, 000191.000, 152
Trd, 000191.150, 150.0
Trd, 000192.017, 153
Trd, 000192.167, 150
Trd, 000192.483, 153
Trd, 000194.067, 153
Trd, 000194.117, 154
Trd, 000194.200, 149
Trd, 000194.967, 157.0
Trd, 000195.367, 148
Trd, 000197.167, 154
Trd, 000197.367, 149.0
Trd, 000198.183, 150
Trd, 000198.800, 149
Trd, 000198.950, 149.0
Trd, 000199.117, 155.0
Trd, 000199.150, 156.0
Trd, 000200.067, 155
Trd, 000200.533, 141.0
Trd, 000201.233, 155.0
Trd, 000202.800, 156
Trd, 000203.067, 156
Trd, 000203.667, 154
Trd, 000203.917, 153
Trd, 000204.567, 150
Trd, 000204.783, 150.0
Trd, 000204.917, 151.0
Trd, 000204.933, 148.0
Trd, 000205.350, 153.0
Trd, 000206.100, 153
Trd, 000206.200, 154.0
Trd, 000206.517, 148
Trd, 000207.133, 141
Trd, 000208.567, 149
Trd, 000208.650, 151
Trd, 000208.867, 149
Trd, 000208.967, 152
Trd, 000209.017, 146
Trd, 000209.733, 157.0
Trd, 000210.383, 158.0
Trd, 000210.783, 157
Trd, 000211.600, 157.0
Trd, 000212.267, 158.0
Trd, 000212.533, 168
Trd, 000213.583, 154
Trd, 000214.733, 153
Trd, 000214.783, 152
Trd, 000215.300, 151
Trd, 000215.467, 150
Trd, 000215.817, 148.0
Trd, 000215.867, 153
Trd, 000216.233, 147
Trd, 000216.300, 154
Trd, 000216.317, 158.0
Trd, 000216.900, 148.0
Trd, 000217.083, 169.0
Trd, 000218.567, 157
Trd, 000218.717, 147
Trd, 000219.517, 153.0
Trd, 000219.783, 155.0
Trd, 000220.900, 156.0
Trd, 000220.917, 153
Trd, 000221.067, 152
Trd, 000222.167, 150
Trd, 000223.250, 141.0
Trd, 000224.383, 135
Trd, 000224.400, 155
Trd, 000225.350, 148
Trd, 000225.450, 152
Trd, 000225.567, 154
Trd, 000225.950, 144
Trd, 000226.467, 153
Trd, 000227.333, 148.0
Trd, 000227.867, 148
Trd, 000228.233, 150
Trd, 000228.333, 149
Trd, 000228.750, 150
Trd, 000229.367, 158.0
Trd, 000229.433, 151
Trd, 000229.650, 156
Trd, 000230.733, 156
Trd, 000231.200, 156
Trd, 000231.867, 158
Trd, 000232.517, 152
Trd, 000232.750, 157.0
Trd, 000233.250, 158.0
Trd, 000233.317, 150
Trd, 000233.717, 158
Trd, 000234.283, 159
Trd, 000235.000, 149
Trd, 000236.200, 152.0
Trd, 000237.033, 164
Trd, 000237.867, 164
Trd, 000238.367, 160
Trd, 000238.567, 162.0
Trd, 000238.617, 159
Trd, 000238.883, 162
Trd, 000239.050, 156
Trd, 000239.900, 158.0
Trd, 000240.533, 156
Trd, 000240.550, 148.0
Trd, 000241.633, 151
Trd, 000241.967, 153
Trd, 000242.017, 149.0
Trd, 000242.867, 154
Trd, 000243.033, 150
Trd, 000244.467, 152
Trd, 000244.800, 150.0
Trd, 000245.067, 152
Trd, 000245.550, 150.0
Trd, 000245.800, 150.0
Trd, 000246.567, 150.0
Trd, 000246.600, 149
Trd, 000247.850, 152
Trd, 000248.067, 158.0
Trd, 000249.367, 148.0
Trd, 000249.450, 160
Trd, 000249.500, 158.0
Trd, 000251.467, 148
Trd, 000251.550, 147
Trd, 000252.200, 146
Trd, 000252.667, 148
Trd, 000252.917, 149
Trd, 000253.117, 138.0
Trd, 000254.250, 148.0
Trd, 000254.717, 148
Trd, 000255.533, 149
Trd, 000255.617, 152
Trd, 000255.650, 146
Trd, 000256.333, 146
Trd, 000256.433, 141.0
Trd, 000257.050, 147
Trd, 000257.567, 147
Trd, 000258.167, 146
Trd, 000258.450, 149
Trd, 000258.467, 143
Trd, 000259.283, 146.0
Trd, 000260.400, 146
Trd, 000260.650, 147
Trd, 000260.917, 146.0
Trd, 000261.167, 141.0
Trd, 000261.500, 138.0
Trd, 000262.750, 141.0
Trd, 000263.000, 141
Trd, 000263.283, 140
Trd, 000263.367, 143
Trd, 000263.833, 147
Trd, 000263.917, 148
Trd, 000264.250, 154
Trd, 000264.300, 153
Trd, 000264.967, 157.0
Trd, 000265.033, 154
Trd, 000265.567, 137.0
Trd, 000266.450, 148.0
Trd, 000266.683, 150
Trd, 000267.133, 151
Trd, 000267.483, 158.0
Trd, 000268.050, 160
Trd, 000268.383, 151.0
Trd, 000268.733, 150.0
Trd, 000269.133, 164.0
Trd, 000269.883, 152
Trd, 000270.233, 152
Trd, 000271.067, 162.0
Trd, 000271.183, 158
Trd, 000271.267, 162
Trd, 000271.967, 155
Trd, 000272.150, 161
Trd, 000272.850, 155.0
Trd, 000273.800, 157
Trd, 000274.017, 156
Trd, 000274.133, 154
Trd, 000274.267, 156
Trd, 000275.133, 155.0
Trd, 000275.667, 154
Trd, 000276.050, 154
Trd, 000276.100, 156
Trd, 000276.233, 151
Trd, 000276.600, 158.0
Trd, 000276.633, 151
Trd, 000277.317, 150
Trd, 000277.900, 148.0
Trd, 000279.050, 142.0
Trd, 000279.600, 148
Trd, 000279.867, 143.0
Trd, 000280.000, 144.0
Trd, 000280.083, 142
Trd, 000280.267, 144
Trd, 000280.817, 148
Trd, 000281.400, 145
Trd, 000281.617, 140
Trd, 000281.933, 156.0
Trd, 000282.400, 158.0
Trd, 000282.683, 152
Trd, 000282.800, 139
Trd, 000282.850, 157
Trd, 000283.467, 163.0
Trd, 000284.600, 143
Trd, 000285.517, 148
Trd, 000285.683, 144.0
Trd, 000286.400, 146
Trd, 000286.867, 144
Trd, 000287.200, 145
Trd, 000287.467, 145
Trd, 000288.367, 144
Trd, 000288.600, 144
Trd, 000289.067, 145
Trd, 000289.117, 146
Trd, 000289.333, 144
Trd, 000289.417, 147
Trd, 000290.233, 148
Trd, 000290.267, 158.0
Trd, 000290.583, 164.0
Trd, 000290.783, 162.0
Trd, 000291.367, 162
Trd, 000291.583, 159
Trd, 000292.783, 151
Trd, 000292.917, 160
Trd, 000293.100, 150
Trd, 000293.500, 148.0
Trd, 000293.683, 157
Trd, 000294.233, 141.0
Trd, 000294.483, 137.0
Trd, 000295.700, 152
Trd, 000295.933, 142
Trd, 000296.117, 152.0
Trd, 000296.633, 151.0
Trd, 000298.000, 144
Trd, 000298.133, 149
Trd, 000298.167, 150.0
Trd, 000298.333, 151.0
Trd, 000298.383, 157.0
Trd, 000298.417, 141.0
Trd, 000298.850, 156.0
Trd, 000298.933, 138
Trd, 000299.567, 139
Trd, 000299.683, 144.0
