Trd, 000001.000, 106.0
Trd, 000001.783, 100.0
Trd, 000001.817, 141.0
Trd, 000002.300, 154
Trd, 000002.850, 125
Trd, 000003.283, 137
Trd, 000003.967, 129
Trd, 000004.450, 135
Trd, 000005.417, 132
Trd, 000005.550, 136
Trd, 000006.000, 133
Trd, 000006.533, 140
Trd, 000006.950, 145
Trd, 000007.117, 146
Trd, 000008.200, 153
Trd, 000009.150, 140.0
Trd, 000009.233, 153
Trd, 000009.600, 148.0
Trd, 000010.267, 140.0
Trd, 000011.317, 145
Trd, 000011.500, 147
Trd, 000011.700, 149
Trd, 000012.983, 149
Trd, 000013.267, 149
Trd, 000013.383, 148
Trd, 000014.183, 146
Trd, 000014.333, 144
Trd, 000014.733, 150
Trd, 000015.217, 153
Trd, 000015.250, 135
Trd, 000016.650, 152
Trd, 000017.167, 153
Trd, 000017.283, 154
Trd, 000017.650, 154.0
Trd, 000018.283, 153.0
Trd, 000019.500, 151
Trd, 000019.617, 151
Trd, 000020.583, 152
Trd, 000021.033, 153
Trd, 000021.750, 151
Trd, 000022.267, 152
Trd, 000022.433, 150
Trd, 000022.533, 149
Trd, 000022.983, 148.0
Trd, 000023.100, 137.0
Trd, 000023.117, 130
Trd, 000023.300, 150
Trd, 000023.500, 150
Trd, 000023.600, 155
Trd, 000024.083, 144
Trd, 000024.850, 146
Trd, 000025.167, 158.0
Trd, 000025.950, 157
Trd, 000026.083, 153
Trd, 000026.233, 150
Trd, 000026.983, 132
Trd, 000027.650, 140
Trd, 000028.450, 141
Trd, 000028.583, 143
Trd, 000028.683, 135
Trd, 000029.717, 158
Trd, 000030.433, 150
Trd, 000030.533, 146
Trd, 000030.817, 167
Trd, 000032.450, 156
Trd, 000032.767, 153
Trd, 000033.067, 153
Trd, 000033.367, 155
Trd, 000033.967, 152
Trd, 000034.500, 153
Trd, 000035.183, 150
Trd, 000035.550, 151
Trd, 000035.683, 152
Trd, 000036.183, 150
Trd, 000036.317, 151
Trd, 000036.717, 152
Trd, 000036.783, 151.0
Trd, 000036.817, 156
Trd, 000037.283, 149.0
Trd, 000038.233, 172
Trd, 000040.100, 152
Trd, 000040.483, 149
Trd, 000040.983, 150
Trd, 000041.017, 151
Trd, 000041.300, 150
Trd, 000041.700, 149
Trd, 000041.850, 148.0
Trd, 000041.967, 148
Trd, 000042.233, 148
Trd, 000042.367, 149
Trd, 000042.967, 136
Trd, 000043.017, 155
Trd, 000043.283, 158.0
Trd, 000043.650, 141
Trd, 000043.717, 162
Trd, 000045.050, 169
Trd, 000046.433, 149.0
Trd, 000046.500, 158
Trd, 000046.850, 155
Trd, 000046.900, 149.0
Trd, 000047.283, 133
Trd, 000049.250, 151
Trd, 000049.683, 151
Trd, 000050.367, 151
Trd, 000050.717, 149.0
Trd, 000051.117, 148.0
Trd, 000051.250, 151
Trd, 000051.450, 148
Trd, 000051.833, 148
Trd, 000053.133, 149
Trd, 000053.583, 150
Trd, 000054.117, 150
Trd, 000054.317, 151
Trd, 000054.383, 147
Trd, 000055.433, 149
Trd, 000055.867, 151
Trd, 000056.067, 148.0
Trd, 000056.583, 137.0
Trd, 000057.433, 124.0
Trd, 000057.850, 150
Trd, 000058.333, 148.0
Trd, 000058.700, 142
Trd, 000059.067, 151
Trd, 000059.567, 141
Trd, 000060.033, 142
Trd, 000060.683, 145
Trd, 000060.767, 142
Trd, 000061.300, 140
Trd, 000061.483, 144
Trd, 000061.883, 145
Trd, 000062.667, 138.0
Trd, 000063.383, 143
Trd, 000063.683, 142
Trd, 000063.733, 144
Trd, 000064.400, 146
Trd, 000064.650, 140
Trd, 000065.617, 146
Trd, 000066.400, 155
Trd, 000067.383, 155
Trd, 000067.417, 154
Trd, 000067.533, 168
Trd, 000067.650, 171
Trd, 000068.367, 155
Trd, 000068.650, 153
Trd, 000069.150, 150
Trd, 000069.750, 154
Trd, 000070.783, 154
Trd, 000071.600, 151
Trd, 000071.883, 154
Trd, 000072.717, 155
Trd, 000073.050, 149.0
Trd, 000073.533, 137.0
Trd, 000074.200, 135
Trd, 000074.683, 156
Trd, 000075.433, 151.0
Trd, 000076.717, 155
Trd, 000076.867, 152.0
Trd, 000077.000, 154
Trd, 000077.417, 155
Trd, 000077.533, 151.0
Trd, 000077.883, 155
Trd, 000077.983, 155
Trd, 000079.450, 150
Trd, 000079.467, 157
Trd, 000079.917, 150
Trd, 000080.867, 148.0
Trd, 000081.267, 147
Trd, 000081.850, 143
Trd, 000081.900, 145
Trd, 000081.967, 147
Trd, 000082.233, 142
Trd, 000082.717, 143
Trd, 000082.883, 143
Trd, 000083.200, 141
Trd, 000084.050, 141
Trd, 000084.517, 143
Trd, 000085.183, 142
Trd, 000085.917, 137.0
Trd, 000086.233, 133
Trd, 000086.450, 125.0
Trd, 000086.533, 144
Trd, 000086.850, 148.0
Trd, 000087.217, 153
Trd, 000088.033, 158.0
Trd, 000088.200, 138.0
Trd, 000088.317, 172.0
Trd, 000088.967, 158
Trd, 000089.817, 137.0
Trd, 000091.133, 149
Trd, 000091.467, 144
Trd, 000091.750, 148
Trd, 000092.217, 149
Trd, 000093.700, 159
Trd, 000093.800, 159
Trd, 000093.967, 172
Trd, 000095.117, 159.0
Trd, 000095.283, 158.0
Trd, 000095.700, 152
Trd, 000096.133, 154
Trd, 000096.550, 155
Trd, 000096.683, 154
Trd, 000097.167, 155
Trd, 000097.483, 156
Trd, 000098.217, 150
Trd, 000098.350, 148.0
Trd, 000098.700, 156
Trd, 000100.550, 151
Trd, 000100.900, 150
Trd, 000101.300, 154
Trd, 000101.333, 148.0
Trd, 000101.350, 154
Trd, 000101.867, 155
Trd, 000102.133, 149
Trd, 000102.500, 156
Trd, 000103.300, 157
Trd, 000103.400, 140.0
Trd, 000104.050, 137.0
Trd, 000104.850, 156
Trd, 000106.150, 156
Trd, 000106.383, 148
Trd, 000106.783, 155
Trd, 000108.100, 154
Trd, 000108.133, 149
Trd, 000108.767, 155
Trd, 000109.950, 153
Trd, 000110.333, 151
Trd, 000110.700, 154
Trd, 000110.783, 155
Trd, 000110.817, 149
Trd, 000110.883, 149
Trd, 000111.167, 147
Trd, 000111.300, 155
Trd, 000112.933, 153
Trd, 000113.217, 152.0
Trd, 000113.583, 154.0
Trd, 000114.000, 175.0
Trd, 000114.500, 152.0
Trd, 000115.117, 165
Trd, 000115.233, 151
Trd, 000116.133, 158.0
Trd, 000117.450, 159
Trd, 000118.350, 156
Trd, 000119.733, 157
Trd, 000119.767, 156
Trd, 000120.167, 158.0
Trd, 000120.483, 157
Trd, 000121.233, 158
Trd, 000121.350, 158
Trd, 000121.867, 160
Trd, 000122.050, 151
Trd, 000122.483, 148.0
Trd, 000122.500, 169
Trd, 000123.083, 147
Trd, 000123.250, 132
Trd, 000123.333, 124.0
Trd, 000124.167, 150
Trd, 000124.183, 148.0
Trd, 000124.250, 149
Trd, 000124.583, 167
Trd, 000124.933, 156
Trd, 000126.183, 156
Trd, 000126.250, 158
Trd, 000126.667, 143
Trd, 000126.850, 137.0
Trd, 000127.400, 159
Trd, 000127.550, 144
Trd, 000127.783, 159.0
Trd, 000127.967, 160
Trd, 000128.767, 159.0
Trd, 000129.167, 158.0
Trd, 000129.217, 169
Trd, 000129.567, 149
Trd, 000132.267, 154
Trd, 000132.800, 154
Trd, 000132.983, 154
Trd, 000133.433, 154
Trd, 000133.517, 153
Trd, 000133.567, 148
Trd, 000133.617, 138
Trd, 000133.733, 143
Trd, 000134.817, 125.0
Trd, 000134.867, 142
Trd, 000135.800, 140
Trd, 000136.117, 138
Trd, 000136.833, 128
Trd, 000136.867, 145
Trd, 000137.517, 145
Trd, 000137.967, 126.0
Trd, 000138.583, 141
Trd, 000139.017, 125.0
Trd, 000139.767, 140
Trd, 000139.983, 141.0
Trd, 000140.000, 140
Trd, 000140.733, 141
Trd, 000141.150, 137
Trd, 000141.700, 140
Trd, 000142.317, 137.0
Trd, 000142.467, 136
Trd, 000142.800, 141
Trd, 000145.017, 140
Trd, 000145.983, 139
Trd, 000146.333, 158.0
Trd, 000146.500, 171
Trd, 000147.733, 159
Trd, 000147.750, 158
Trd, 000148.083, 157
Trd, 000148.450, 158.0
Trd, 000148.767, 159
Trd, 000148.983, 159
Trd, 000149.283, 157
Trd, 000149.417, 172
Trd, 000149.767, 165
Trd, 000149.950, 137.0
Trd, 000151.033, 146
Trd, 000151.883, 160
Trd, 000151.967, 148.0
Trd, 000152.083, 160
Trd, 000152.500, 133
Trd, 000153.300, 133
Trd, 000154.383, 138
Trd, 000154.500, 141.0
Trd, 000155.367, 143
Trd, 000155.567, 144
Trd, 000156.083, 139
Trd, 000156.267, 143
Trd, 000156.383, 144
Trd, 000157.283, 140
Trd, 000157.467, 144
Trd, 000158.233, 144
Trd, 000158.517, 158
Trd, 000158.533, 141
Trd, 000158.800, 140
Trd, 000159.833, 138.0
Trd, 000159.917, 169
Trd, 000161.533, 145
Trd, 000161.550, 144
Trd, 000161.800, 146
Trd, 000163.117, 145
Trd, 000163.833, 145
Trd, 000164.500, 141
Trd, 000165.033, 143
Trd, 000165.367, 143
Trd, 000165.483, 143
Trd, 000166.333, 152
Trd, 000166.617, 153
Trd, 000167.000, 154
Trd, 000167.017, 153
Trd, 000167.183, 155
Trd, 000167.333, 155
Trd, 000167.967, 154
Trd, 000168.867, 150
Trd, 000170.033, 151
Trd, 000170.250, 150
Trd, 000170.583, 148
Trd, 000170.667, 154
Trd, 000172.017, 149.0
Trd, 000172.050, 148.0
Trd, 000172.267, 153
Trd, 000172.983, 149
Trd, 000173.383, 151
Trd, 000173.617, 149
Trd, 000174.050, 132
Trd, 000174.133, 149
Trd, 000174.483, 149
Trd, 000174.550, 150
Trd, 000174.817, 149
Trd, 000175.117, 153
Trd, 000176.350, 151
Trd, 000176.767, 154
Trd, 000176.817, 172
Trd, 000177.800, 153
Trd, 000177.867, 152
Trd, 000178.917, 152
Trd, 000179.167, 157
Trd, 000179.417, 151
Trd, 000179.450, 150
Trd, 000180.450, 148.0
Trd, 000180.900, 153
Trd, 000182.150, 153
Trd, 000182.233, 153
Trd, 000183.967, 148
Trd, 000184.333, 152
Trd, 000184.833, 151
Trd, 000185.050, 148
Trd, 000185.417, 148.0
Trd, 000186.150, 150
Trd, 000186.450, 149
Trd, 000186.650, 148
Trd, 000186.850, 147
Trd, 000186.983, 153
Trd, 000187.867, 147
Trd, 000188.300, 150
Trd, 000188.583, 149
Trd, 000188.867, 137.0
Trd, 000189.100, 133
Trd, 000189.650, 139
Trd, 000189.733, 154
Trd, 000190.167, 151
Trd, 000190.183, 123.0
Trd, 000191.200, 148.0
Trd, 000191.700, 151
Trd, 000192.383, 151
Trd, 000192.683, 148
Trd, 000193.117, 151
Trd, 000194.083, 148
Trd, 000194.450, 148.0
Trd, 000194.933, 147
Trd, 000195.700, 147
Trd, 000196.500, 146
Trd, 000196.567, 148
Trd, 000196.600, 146
Trd, 000196.850, 148
Trd, 000197.883, 145
Trd, 000198.467, 150
Trd, 000198.800, 148.0
Trd, 000199.000, 147
Trd, 000199.483, 139.0
Trd, 000199.583, 138.0
Trd, 000199.950, 144
Trd, 000200.200, 145
Trd, 000202.433, 144
Trd, 000203.367, 142
Trd, 000203.550, 143
Trd, 000203.633, 142
Trd, 000204.183, 145
Trd, 000204.333, 154
Trd, 000204.533, 155
Trd, 000205.017, 144
Trd, 000205.133, 151
Trd, 000205.167, 143
Trd, 000206.433, 155
Trd, 000206.517, 143
Trd, 000206.867, 133
Trd, 000206.900, 124.0
Trd, 000208.567, 136
Trd, 000209.000, 137
Trd, 000209.167, 136
Trd, 000209.483, 137
Trd, 000210.317, 137
Trd, 000210.400, 138
Trd, 000211.183, 138
Trd, 000211.750, 145
Trd, 000212.383, 139
Trd, 000212.767, 148.0
Trd, 000212.883, 147
Trd, 000213.400, 164
Trd, 000214.567, 158
Trd, 000214.583, 166
Trd, 000214.683, 167
Trd, 000214.983, 172
Trd, 000215.100, 157
Trd, 000215.633, 160
Trd, 000216.800, 157
Trd, 000216.833, 156
Trd, 000217.617, 141
Trd, 000217.767, 158.0
Trd, 000218.067, 160
Trd, 000218.783, 151
Trd, 000219.333, 157
Trd, 000220.017, 151.0
Trd, 000221.267, 153
Trd, 000221.583, 150
Trd, 000221.850, 154
Trd, 000222.533, 152.0
Trd, 000222.583, 151.0
Trd, 000223.333, 149.0
Trd, 000223.583, 149
Trd, 000223.700, 149
Trd, 000223.850, 152
Trd, 000224.517, 148.0
Trd, 000224.783, 146
Trd, 000224.983, 137.0
Trd, 000225.000, 148
Trd, 000225.750, 147
Trd, 000226.467, 141
Trd, 000226.567, 138
Trd, 000226.650, 140
Trd, 000227.017, 155
Trd, 000227.317, 137
Trd, 000227.917, 143
Trd, 000228.767, 142
Trd, 000229.967, 142
Trd, 000230.367, 142
Trd, 000230.700, 143
Trd, 000230.750, 141
Trd, 000231.533, 137.0
Trd, 000231.650, 144
Trd, 000232.717, 146
Trd, 000232.950, 159
Trd, 000233.550, 145
Trd, 000234.183, 150
Trd, 000234.933, 145
Trd, 000234.967, 144
Trd, 000235.083, 147
Trd, 000235.183, 148
Trd, 000236.333, 136
Trd, 000237.417, 147
Trd, 000237.600, 148
Trd, 000238.017, 149
Trd, 000238.367, 148.0
Trd, 000238.733, 147
Trd, 000239.167, 150
Trd, 000239.367, 134
Trd, 000240.617, 147
Trd, 000241.117, 147
Trd, 000241.367, 146
Trd, 000241.400, 147
Trd, 000241.550, 145
Trd, 000241.567, 148.0
Trd, 000241.717, 146.0
Trd, 000243.067, 150.0
Trd, 000243.233, 148
Trd, 000243.483, 156
Trd, 000243.650, 157
Trd, 000244.617, 156.0
Trd, 000244.950, 156.0
Trd, 000245.150, 156.0
Trd, 000245.217, 156
Trd, 000245.383, 156.0
Trd, 000245.567, 158.0
Trd, 000245.867, 158
Trd, 000245.950, 155.0
Trd, 000246.667, 155
Trd, 000247.067, 150
Trd, 000247.317, 155
Trd, 000247.700, 148.0
Trd, 000247.850, 155
Trd, 000248.100, 137.0
Trd, 000248.883, 135
Trd, 000249.667, 151
Trd, 000250.117, 155
Trd, 000250.533, 152
Trd, 000250.850, 151
Trd, 000251.183, 149
Trd, 000251.400, 149
Trd, 000251.800, 151
Trd, 000252.750, 153.0
Trd, 000252.883, 152.0
Trd, 000253.017, 155
Trd, 000253.633, 153
Trd, 000254.033, 151
Trd, 000254.683, 155.0
Trd, 000254.800, 153
Trd, 000255.167, 153
Trd, 000255.617, 158.0
Trd, 000256.067, 159
Trd, 000256.733, 153
Trd, 000256.817, 152
Trd, 000257.117, 152
Trd, 000257.367, 154
Trd, 000257.617, 150
Trd, 000258.183, 149.0
Trd, 000258.317, 154
Trd, 000258.583, 149.0
Trd, 000259.033, 148.0
Trd, 000259.233, 153
Trd, 000259.750, 148.0
Trd, 000260.133, 151.0
Trd, 000260.617, 151
Trd, 000261.883, 148.0
Trd, 000261.983, 148.0
Trd, 000262.417, 149
Trd, 000262.900, 150
Trd, 000263.083, 151
Trd, 000263.200, 151
Trd, 000264.533, 146
Trd, 000264.667, 146
Trd, 000265.150, 151.0
Trd, 000265.567, 154.0
Trd, 000266.600, 152
Trd, 000267.067, 144.0
Trd, 000267.433, 150
Trd, 000267.700, 151.0
Trd, 000268.050, 150.0
Trd, 000268.183, 148.0
Trd, 000268.417, 147
Trd, 000268.833, 138.0
Trd, 000269.800, 148
Trd, 000270.083, 149
Trd, 000270.100, 151
Trd, 000270.650, 152
Trd, 000270.900, 153
Trd, 000271.100, 155
Trd, 000271.183, 158.0
Trd, 000271.233, 153
Trd, 000272.817, 154
Trd, 000273.050, 153
Trd, 000273.200, 155
Trd, 000273.817, 155
Trd, 000274.267, 152
Trd, 000275.150, 154
Trd, 000275.533, 155
Trd, 000275.683, 152
Trd, 000276.000, 150
Trd, 000276.017, 149
Trd, 000276.517, 155
Trd, 000276.717, 148.0
Trd, 000276.900, 155
Trd, 000277.517, 153
Trd, 000277.550, 151.0
Trd, 000277.950, 151.0
Trd, 000278.383, 137
Trd, 000278.933, 146
Trd, 000279.167, 148.0
Trd, 000279.250, 153
Trd, 000279.633, 146
Trd, 000279.917, 151
Trd, 000281.033, 151
Trd, 000281.083, 147
Trd, 000281.217, 152
Trd, 000282.517, 151.0
Trd, 000283.517, 149.0
Trd, 000283.617, 148.0
Trd, 000284.000, 147
Trd, 000284.683, 151
Trd, 000284.800, 149
Trd, 000285.533, 148
Trd, 000285.733, 148
Trd, 000285.817, 148
Trd, 000285.917, 150
Trd, 000286.117, 147
Trd, 000286.233, 147
Trd, 000286.500, 148.0
Trd, 000286.750, 148
Trd, 000286.800, 149
Trd, 000287.050, 148.0
Trd, 000287.100, 151.0
Trd, 000287.333, 155
Trd, 000287.567, 157.0
Trd, 000287.683, 158.0
Trd, 000288.517, 162.0
Trd, 000289.083, 148.0
Trd, 000289.283, 147.0
Trd, 000289.800, 155.0
Trd, 000289.883, 153
Trd, 000290.167, 158.0
Trd, 000290.183, 172
Trd, 000291.367, 154
Trd, 000291.517, 151
Trd, 000291.683, 151
Trd, 000291.967, 156
Trd, 000293.200, 154
Trd, 000293.233, 152
Trd, 000293.367, 154
Trd, 000293.983, 150
Trd, 000294.033, 155
Trd, 000294.950, 150
Trd, 000295.200, 149
Trd, 000295.817, 149
Trd, 000296.033, 150
Trd, 000296.867, 148
Trd, 000297.033, 148.0
Trd, 000297.083, 151.0
Trd, 000297.217, 155
Trd, 000297.317, 156
Trd, 000297.333, 158.0
Trd, 000297.850, 156
Trd, 000298.417, 148
Trd, 000298.650, 156
