Trd, 000001.733, 129
Trd, 000002.367, 148.0
Trd, 000002.917, 162.0
Trd, 000003.433, 167
Trd, 000003.950, 174.0
Trd, 000004.517, 137
Trd, 000005.350, 140
Trd, 000005.917, 148.0
Trd, 000007.350, 145
Trd, 000008.367, 147
Trd, 000008.450, 151.0
Trd, 000009.417, 148.0
Trd, 000009.750, 150
Trd, 000010.367, 144.0
Trd, 000010.733, 151
Trd, 000010.900, 151
Trd, 000011.117, 149
Trd, 000012.017, 130.0
Trd, 000012.183, 148.0
Trd, 000012.200, 151
Trd, 000012.367, 148.0
Trd, 000012.767, 136
Trd, 000013.333, 144
Trd, 000013.767, 151.0
Trd, 000014.317, 141
Trd, 000014.550, 148
Trd, 000014.933, 155.0
Trd, 000015.467, 160
Trd, 000017.733, 148.0
Trd, 000019.033, 135
Trd, 000019.267, 137
Trd, 000019.517, 143
Trd, 000020.150, 143.0
Trd, 000020.900, 142
Trd, 000021.050, 144
Trd, 000021.217, 141.0
Trd, 000022.117, 145
Trd, 000022.650, 145
Trd, 000024.200, 145
Trd, 000024.583, 143
Trd, 000024.800, 147
Trd, 000025.067, 148.0
Trd, 000025.483, 144
Trd, 000026.217, 142
Trd, 000026.433, 151.0
Trd, 000027.133, 127.0
Trd, 000027.583, 123
Trd, 000028.683, 148.0
Trd, 000028.850, 143
Trd, 000029.167, 145
Trd, 000029.400, 146
Trd, 000030.733, 155.0
Trd, 000030.900, 148
Trd, 000031.100, 148.0
Trd, 000031.517, 148
Trd, 000032.150, 142.0
Trd, 000032.417, 141
Trd, 000034.167, 145
Trd, 000034.250, 148
Trd, 000034.367, 148
Trd, 000035.017, 149
Trd, 000035.183, 150.0
Trd, 000035.200, 151.0
Trd, 000036.167, 144
Trd, 000037.100, 155.0
Trd, 000038.067, 144
Trd, 000038.450, 143
Trd, 000039.000, 145
Trd, 000039.267, 144
Trd, 000039.350, 151.0
Trd, 000039.850, 148.0
Trd, 000041.767, 137
Trd, 000042.283, 149
Trd, 000042.317, 154
Trd, 000043.133, 150
Trd, 000043.433, 151.0
Trd, 000044.083, 152
Trd, 000044.267, 152
Trd, 000044.633, 150
Trd, 000045.533, 152
Trd, 000045.617, 149
Trd, 000045.883, 154
Trd, 000046.000, 155.0
Trd, 000046.350, 148.0
Trd, 000046.700, 155
Trd, 000047.083, 148
Trd, 000047.717, 147
Trd, 000048.167, 148.0
Trd, 000049.383, 145
Trd, 000049.483, 141.0
Trd, 000049.950, 147
Trd, 000050.600, 148.0
Trd, 000051.783, 135
Trd, 000052.633, 143
Trd, 000052.650, 141.0
Trd, 000053.267, 142
Trd, 000053.317, 132
Trd, 000053.450, 143
Trd, 000054.017, 131
Trd, 000054.933, 144.0
Trd, 000055.317, 144
Trd, 000055.767, 142
Trd, 000056.000, 128.0
Trd, 000057.100, 147
Trd, 000058.017, 134
Trd, 000058.417, 148.0
Trd, 000060.050, 151.0
Trd, 000060.533, 150
Trd, 000060.650, 151
Trd, 000061.000, 158
Trd, 000061.183, 143
Trd, 000061.600, 148
Trd, 000062.550, 148
Trd, 000063.150, 148
Trd, 000063.183, 149
Trd, 000064.267, 146.0
Trd, 000064.500, 148.0
Trd, 000065.967, 150
Trd, 000066.500, 151.0
Trd, 000067.417, 147
Trd, 000068.833, 146
Trd, 000069.233, 146
Trd, 000069.333, 147.0
Trd, 000069.733, 148.0
Trd, 000069.983, 150
Trd, 000072.133, 148
Trd, 000072.217, 145
Trd, 000072.400, 147
Trd, 000072.500, 145
Trd, 000073.117, 147
Trd, 000073.650, 149
Trd, 000073.933, 141.0
Trd, 000074.417, 134
Trd, 000075.433, 148
Trd, 000075.767, 148.0
Trd, 000076.433, 151.0
Trd, 000076.467, 147
Trd, 000076.617, 155.0
Trd, 000076.717, 142
Trd, 000078.700, 141
Trd, 000078.750, 143
Trd, 000079.667, 157
Trd, 000080.750, 147
Trd, 000080.900, 148.0
Trd, 000081.683, 148.0
Trd, 000082.383, 148
Trd, 000083.400, 149
Trd, 000083.833, 148.0
Trd, 000084.217, 147
Trd, 000085.050, 147
Trd, 000085.067, 149
Trd, 000085.283, 147
Trd, 000085.833, 148
Trd, 000087.283, 152.0
Trd, 000087.483, 155.0
Trd, 000087.967, 146
Trd, 000088.233, 155.0
Trd, 000088.283, 146
Trd, 000089.850, 147.0
Trd, 000090.633, 146
Trd, 000091.733, 145
Trd, 000092.067, 143.0
Trd, 000092.733, 145
Trd, 000093.383, 141.0
Trd, 000093.483, 141
Trd, 000093.700, 147
Trd, 000094.333, 144
Trd, 000094.617, 148.0
Trd, 000095.217, 153.0
Trd, 000096.033, 137
Trd, 000096.450, 144.0
Trd, 000097.533, 148
Trd, 000097.817, 158
Trd, 000097.950, 147
Trd, 000099.333, 147
Trd, 000099.483, 145
Trd, 000100.100, 148
Trd, 000101.033, 150
Trd, 000101.300, 145
Trd, 000101.883, 151.0
Trd, 000102.067, 148.0
Trd, 000104.183, 148.0
Trd, 000104.283, 150
Trd, 000104.633, 151.0
Trd, 000104.833, 147
Trd, 000105.150, 149.0
Trd, 000105.483, 148
Trd, 000105.667, 148.0
Trd, 000106.217, 149
Trd, 000106.467, 152
Trd, 000106.700, 153
Trd, 000107.417, 141.0
Trd, 000107.933, 148.0
Trd, 000108.200, 155.0
Trd, 000108.483, 158
Trd, 000110.000, 155
Trd, 000110.600, 153
Trd, 000110.900, 154
Trd, 000110.950, 150
Trd, 000111.367, 150
Trd, 000111.750, 154
Trd, 000112.150, 141.0
Trd, 000112.383, 139
Trd, 000112.767, 155.0
Trd, 000113.233, 155
Trd, 000114.283, 146
Trd, 000115.483, 137
Trd, 000115.500, 144.0
Trd, 000116.300, 142
Trd, 000116.383, 144
Trd, 000116.817, 148.0
Trd, 000117.283, 144
Trd, 000117.500, 143
Trd, 000117.533, 155.0
Trd, 000119.083, 141
Trd, 000119.267, 148
Trd, 000120.983, 142.0
Trd, 000121.183, 141.0
Trd, 000121.483, 148.0
Trd, 000121.717, 145
Trd, 000122.117, 147
Trd, 000123.183, 151.0
Trd, 000123.317, 155.0
Trd, 000123.800, 148.0
Trd, 000124.467, 155
Trd, 000124.483, 147
Trd, 000125.800, 147
Trd, 000126.817, 158
Trd, 000127.367, 159
Trd, 000128.217, 151
Trd, 000128.900, 151
Trd, 000129.617, 148.0
Trd, 000129.783, 127.0
Trd, 000130.750, 153
Trd, 000131.767, 147
Trd, 000132.567, 151
Trd, 000133.267, 151
Trd, 000134.117, 148.0
Trd, 000134.333, 155.0
Trd, 000134.400, 146
Trd, 000134.867, 145
Trd, 000134.967, 141.0
Trd, 000135.517, 152
Trd, 000135.600, 168.0
Trd, 000137.283, 145
Trd, 000137.733, 151
Trd, 000137.750, 144
Trd, 000137.917, 152
Trd, 000138.067, 132
Trd, 000138.833, 145
Trd, 000139.500, 151
Trd, 000140.633, 149
Trd, 000140.717, 148.0
Trd, 000141.883, 135
Trd, 000141.950, 148.0
Trd, 000142.433, 155.0
Trd, 000142.617, 148
Trd, 000143.933, 154
Trd, 000145.367, 146
Trd, 000145.917, 151
Trd, 000146.050, 158
Trd, 000146.167, 145
Trd, 000147.283, 153.0
Trd, 000148.633, 151
Trd, 000149.083, 152
Trd, 000149.567, 155.0
Trd, 000149.600, 148
Trd, 000150.083, 148.0
Trd, 000150.850, 152
Trd, 000151.033, 147
Trd, 000151.350, 145
Trd, 000152.983, 147
Trd, 000153.317, 146
Trd, 000153.867, 148.0
Trd, 000155.350, 145
Trd, 000155.533, 148
Trd, 000155.950, 147
Trd, 000156.017, 142.0
Trd, 000156.067, 148
Trd, 000156.267, 141.0
Trd, 000157.700, 146
Trd, 000158.750, 148.0
Trd, 000160.000, 148
Trd, 000160.233, 147
Trd, 000160.967, 154.0
Trd, 000161.183, 155.0
Trd, 000161.983, 148
Trd, 000162.133, 157
Trd, 000163.167, 158
Trd, 000163.467, 147
Trd, 000163.700, 162.0
Trd, 000164.850, 153
Trd, 000166.167, 148
Trd, 000166.400, 151
Trd, 000166.550, 146
Trd, 000166.867, 150
Trd, 000167.233, 153.0
Trd, 000169.050, 150
Trd, 000169.483, 146
Trd, 000170.017, 148.0
Trd, 000170.233, 152.0
Trd, 000170.833, 153
Trd, 000171.550, 148
Trd, 000172.083, 146
Trd, 000172.850, 159
Trd, 000173.067, 147
Trd, 000173.117, 141.0
Trd, 000173.133, 137
Trd, 000174.700, 150
Trd, 000174.883, 151.0
Trd, 000177.383, 150
Trd, 000177.683, 149.0
Trd, 000177.983, 148.0
Trd, 000178.183, 155.0
Trd, 000178.900, 158
Trd, 000179.050, 147
Trd, 000179.233, 168.0
Trd, 000179.700, 148
Trd, 000179.850, 155
Trd, 000180.117, 144
Trd, 000180.300, 148.0
Trd, 000181.150, 141
Trd, 000181.267, 154.0
Trd, 000182.217, 143
Trd, 000182.333, 144.0
Trd, 000182.717, 143
Trd, 000183.100, 133
Trd, 000183.483, 132
Trd, 000183.900, 141
Trd, 000184.233, 145
Trd, 000184.983, 144
Trd, 000185.383, 144
Trd, 000185.450, 144.0
Trd, 000185.733, 132
Trd, 000186.117, 148.0
Trd, 000186.400, 137
Trd, 000187.217, 154.0
Trd, 000188.767, 148
Trd, 000189.833, 141
Trd, 000190.200, 149
Trd, 000190.250, 141
Trd, 000190.750, 150
Trd, 000191.017, 149
Trd, 000191.550, 158
Trd, 000191.817, 167
Trd, 000192.000, 149
Trd, 000192.650, 158
Trd, 000192.983, 148.0
Trd, 000195.217, 149
Trd, 000195.333, 153.0
Trd, 000195.767, 155.0
Trd, 000196.400, 152
Trd, 000196.867, 148
Trd, 000197.050, 148.0
Trd, 000197.117, 152
Trd, 000197.317, 154
Trd, 000198.383, 127.0
Trd, 000199.267, 148
Trd, 000199.583, 147
Trd, 000200.100, 145
Trd, 000200.250, 143
Trd, 000200.283, 141.0
Trd, 000200.383, 149
Trd, 000202.617, 144.0
Trd, 000202.833, 145
Trd, 000202.950, 148.0
Trd, 000202.967, 151.0
Trd, 000203.267, 155.0
Trd, 000204.533, 143
Trd, 000204.567, 151.0
Trd, 000205.433, 149
Trd, 000205.617, 150
Trd, 000206.283, 152
Trd, 000206.467, 148.0
Trd, 000206.633, 148.0
Trd, 000207.933, 148
Trd, 000208.083, 151
Trd, 000208.117, 143
Trd, 000209.350, 148.0
Trd, 000210.017, 149
Trd, 000210.033, 152
Trd, 000210.050, 155.0
Trd, 000210.217, 159
Trd, 000210.367, 140
Trd, 000211.300, 168.0
Trd, 000213.483, 162.0
Trd, 000214.333, 158
Trd, 000215.233, 152
Trd, 000215.367, 151
Trd, 000216.867, 151
Trd, 000217.000, 150
Trd, 000217.217, 152
Trd, 000217.700, 154
Trd, 000218.833, 148.0
Trd, 000219.517, 155.0
Trd, 000219.550, 149
Trd, 000220.800, 149
Trd, 000220.950, 153
Trd, 000221.250, 154
Trd, 000221.583, 155
Trd, 000222.117, 155.0
Trd, 000222.717, 149
Trd, 000223.583, 148
Trd, 000224.500, 148.0
Trd, 000224.733, 145
Trd, 000224.917, 151.0
Trd, 000224.983, 152
Trd, 000225.567, 145
Trd, 000226.367, 148
Trd, 000226.417, 149
Trd, 000227.400, 155.0
Trd, 000228.783, 145
Trd, 000229.033, 148.0
Trd, 000229.117, 148
Trd, 000229.350, 157
Trd, 000229.367, 143
Trd, 000230.433, 148.0
Trd, 000230.467, 149
Trd, 000231.000, 144
Trd, 000231.917, 148
Trd, 000231.950, 151.0
Trd, 000232.200, 148
Trd, 000232.483, 147.0
Trd, 000232.783, 141.0
Trd, 000233.633, 127.0
Trd, 000234.917, 138
Trd, 000235.083, 148.0
Trd, 000235.550, 154.0
Trd, 000236.417, 142
Trd, 000237.333, 145
Trd, 000237.450, 155.0
Trd, 000238.067, 148.0
Trd, 000239.300, 148
Trd, 000239.983, 144
Trd, 000240.283, 150
Trd, 000240.667, 151.0
Trd, 000241.750, 152
Trd, 000241.900, 154
Trd, 000242.133, 151
Trd, 000242.900, 148
Trd, 000243.317, 144
Trd, 000243.367, 146
Trd, 000243.583, 152
Trd, 000243.967, 150
Trd, 000244.200, 145
Trd, 000244.467, 143
Trd, 000244.517, 141.0
Trd, 000244.567, 137.0
Trd, 000245.667, 131.0
Trd, 000246.183, 146
Trd, 000246.350, 148
Trd, 000246.433, 141.0
Trd, 000247.417, 144
Trd, 000247.567, 144.0
Trd, 000247.717, 145
Trd, 000248.267, 146
Trd, 000248.317, 146
Trd, 000248.567, 155.0
Trd, 000249.167, 158
Trd, 000250.883, 151.0
Trd, 000251.133, 150
Trd, 000251.917, 150
Trd, 000251.967, 148.0
Trd, 000252.417, 145
Trd, 000253.000, 137.0
Trd, 000253.600, 146
Trd, 000254.067, 151
Trd, 000254.167, 155.0
Trd, 000254.533, 153
Trd, 000254.767, 158
Trd, 000255.067, 150
Trd, 000255.350, 148
Trd, 000255.550, 150
Trd, 000255.650, 147
Trd, 000255.917, 164
Trd, 000257.133, 148.0
Trd, 000257.767, 152.0
Trd, 000258.400, 145
Trd, 000258.417, 149
Trd, 000259.067, 147
Trd, 000259.300, 148.0
Trd, 000259.333, 145
Trd, 000259.600, 145.0
Trd, 000259.783, 141.0
Trd, 000260.133, 147
Trd, 000260.433, 148.0
Trd, 000260.667, 151.0
Trd, 000260.683, 142.0
Trd, 000261.717, 150
Trd, 000261.867, 151.0
Trd, 000261.983, 152.0
Trd, 000262.883, 138.0
Trd, 000262.983, 137.0
Trd, 000263.667, 142
Trd, 000264.100, 152
Trd, 000265.100, 146
Trd, 000265.350, 141
Trd, 000265.467, 131.0
Trd, 000265.500, 147
Trd, 000266.050, 143
Trd, 000266.117, 148
Trd, 000266.483, 154
Trd, 000266.817, 149
Trd, 000267.283, 155.0
Trd, 000267.683, 158
Trd, 000267.850, 173
Trd, 000268.133, 162.0
Trd, 000269.667, 158.0
Trd, 000270.067, 159
Trd, 000270.517, 154
Trd, 000271.217, 156
Trd, 000271.517, 163
Trd, 000271.600, 156
Trd, 000271.733, 155
Trd, 000272.500, 158
Trd, 000272.700, 149.0
Trd, 000272.767, 141.0
Trd, 000273.467, 155
Trd, 000274.000, 152
Trd, 000274.333, 152
Trd, 000274.567, 148.0
Trd, 000275.233, 151
Trd, 000275.817, 152.0
Trd, 000276.267, 145
Trd, 000276.500, 142
Trd, 000276.967, 141.0
Trd, 000277.083, 139.0
Trd, 000277.483, 148.0
Trd, 000277.550, 145.0
Trd, 000277.867, 145
Trd, 000278.517, 146
Trd, 000279.083, 142
Trd, 000279.350, 138
Trd, 000279.933, 142
Trd, 000280.150, 144.0
Trd, 000280.867, 147
Trd, 000280.917, 142
Trd, 000282.000, 148.0
Trd, 000282.633, 151.0
Trd, 000282.767, 155.0
Trd, 000283.383, 148.0
Trd, 000283.850, 158
Trd, 000284.167, 140.0
Trd, 000284.383, 137.0
Trd, 000285.167, 132.0
Trd, 000285.500, 142
Trd, 000285.850, 145
Trd, 000286.450, 138
Trd, 000286.517, 140
Trd, 000286.700, 151.0
Trd, 000287.017, 148.0
Trd, 000287.167, 147
Trd, 000287.733, 139
Trd, 000287.833, 154.0
Trd, 000288.183, 139.0
Trd, 000288.700, 150
Trd, 000288.900, 155.0
Trd, 000289.117, 158
Trd, 000289.350, 168.0
Trd, 000290.033, 174
Trd, 000291.017, 162.0
Trd, 000291.150, 170
Trd, 000291.383, 154
Trd, 000291.533, 154.0
Trd, 000291.567, 148.0
Trd, 000291.683, 146
Trd, 000291.767, 155.0
Trd, 000292.650, 131.0
Trd, 000293.417, 145
Trd, 000293.867, 140
Trd, 000293.950, 139
Trd, 000294.117, 142
Trd, 000294.183, 148.0
Trd, 000294.633, 143
Trd, 000294.833, 146
Trd, 000295.033, 151.0
Trd, 000295.233, 154.0
Trd, 000295.633, 140
Trd, 000296.350, 154
Trd, 000296.650, 139.0
Trd, 000296.700, 150
Trd, 000297.250, 138.0
Trd, 000297.950, 154.0
Trd, 000298.467, 149
Trd, 000298.783, 153
Trd, 000299.017, 137.0
Trd, 000299.467, 155
Trd, 000299.833, 154.0
