Trd, 000002.033, 136
Trd, 000003.183, 133
Trd, 000003.667, 143
Trd, 000004.150, 142
Trd, 000004.683, 146
Trd, 000004.800, 147
Trd, 000005.083, 148
Trd, 000005.100, 143
Trd, 000005.717, 147
Trd, 000006.000, 154
Trd, 000006.967, 154
Trd, 000007.617, 155
Trd, 000007.867, 141.0
Trd, 000008.167, 155
Trd, 000008.817, 159
Trd, 000009.200, 161.0
Trd, 000010.450, 154
Trd, 000010.917, 156
Trd, 000011.100, 155
Trd, 000012.133, 156
Trd, 000012.217, 158.0
Trd, 000013.533, 157
Trd, 000013.950, 155
Trd, 000014.083, 156.0
Trd, 000014.450, 154
Trd, 000014.617, 155.0
Trd, 000015.183, 154
Trd, 000015.217, 165.0
Trd, 000015.733, 160
Trd, 000016.550, 172
Trd, 000016.900, 168
Trd, 000017.000, 158
Trd, 000017.517, 152
Trd, 000019.967, 154
Trd, 000020.150, 154
Trd, 000020.383, 157.0
Trd, 000020.683, 157
Trd, 000021.317, 161.0
Trd, 000021.350, 165.0
Trd, 000021.667, 162.0
Trd, 000023.083, 159
Trd, 000024.167, 159
Trd, 000024.317, 158
Trd, 000024.450, 160
Trd, 000024.783, 160
Trd, 000025.517, 160
Trd, 000026.767, 160
Trd, 000026.800, 161
Trd, 000027.383, 161
Trd, 000028.383, 159
Trd, 000028.767, 159
Trd, 000029.067, 158
Trd, 000029.150, 160
Trd, 000029.483, 156
Trd, 000030.500, 155
Trd, 000030.533, 150
Trd, 000030.983, 157
Trd, 000031.350, 159
Trd, 000032.467, 157
Trd, 000033.533, 156
Trd, 000034.100, 153
Trd, 000034.700, 155
Trd, 000035.567, 157
Trd, 000035.767, 155
Trd, 000036.350, 156
Trd, 000036.683, 157
Trd, 000037.000, 158
Trd, 000037.333, 160
Trd, 000037.383, 155
Trd, 000038.817, 158
Trd, 000040.167, 157
Trd, 000041.500, 158
Trd, 000042.033, 156
Trd, 000042.350, 159
Trd, 000042.900, 158
Trd, 000043.150, 155
Trd, 000044.150, 149
Trd, 000045.167, 149
Trd, 000045.300, 142.0
Trd, 000046.067, 147
Trd, 000046.983, 145
Trd, 000047.133, 149
Trd, 000047.600, 148
Trd, 000048.233, 148
Trd, 000048.450, 147
Trd, 000048.867, 147
Trd, 000049.633, 145
Trd, 000049.650, 148
Trd, 000049.967, 144
Trd, 000051.017, 158
Trd, 000051.667, 153
Trd, 000052.617, 151
Trd, 000052.833, 148
Trd, 000053.483, 149
Trd, 000053.617, 147
Trd, 000053.817, 149
Trd, 000054.650, 157
Trd, 000055.133, 141
Trd, 000055.800, 148
Trd, 000056.433, 146
Trd, 000057.500, 147
Trd, 000058.050, 148
Trd, 000058.200, 148
Trd, 000059.300, 162.0
Trd, 000060.600, 152
Trd, 000060.867, 153
Trd, 000061.133, 153
Trd, 000061.333, 158
Trd, 000063.033, 158
Trd, 000063.117, 159.0
Trd, 000063.233, 160.0
Trd, 000063.333, 157
Trd, 000063.567, 162.0
Trd, 000064.500, 162.0
Trd, 000065.600, 158
Trd, 000066.033, 158
Trd, 000066.300, 158
Trd, 000066.433, 155
Trd, 000066.467, 159
Trd, 000066.683, 160
Trd, 000066.783, 161
Trd, 000069.267, 155
Trd, 000069.617, 153
Trd, 000069.633, 151
Trd, 000070.183, 154
Trd, 000070.950, 151
Trd, 000071.350, 152
Trd, 000071.383, 151
Trd, 000072.617, 152
Trd, 000072.917, 153
Trd, 000074.150, 152
Trd, 000075.350, 150
Trd, 000075.617, 152
Trd, 000076.517, 149
Trd, 000077.000, 150
Trd, 000077.333, 152
Trd, 000078.517, 154
Trd, 000079.383, 153
Trd, 000079.500, 155
Trd, 000080.017, 152
Trd, 000080.550, 151
Trd, 000081.600, 151
Trd, 000081.983, 150
Trd, 000082.633, 150
Trd, 000083.133, 150
Trd, 000083.167, 149
Trd, 000083.533, 149
Trd, 000083.667, 149
Trd, 000083.900, 150
Trd, 000084.583, 158
Trd, 000085.650, 162.0
Trd, 000086.017, 157
Trd, 000086.117, 160
Trd, 000086.700, 165
Trd, 000087.583, 160
Trd, 000088.183, 158
Trd, 000088.867, 156
Trd, 000088.983, 155
Trd, 000089.550, 153
Trd, 000090.517, 153
Trd, 000090.800, 152
Trd, 000092.200, 154
Trd, 000092.433, 150
Trd, 000092.967, 150
Trd, 000093.450, 147
Trd, 000093.750, 148
Trd, 000094.550, 146
Trd, 000094.683, 158
Trd, 000094.833, 163.0
Trd, 000095.233, 141
Trd, 000096.483, 161.0
Trd, 000097.283, 153
Trd, 000098.150, 152
Trd, 000098.433, 153
Trd, 000099.200, 154
Trd, 000099.833, 154
Trd, 000099.867, 158
Trd, 000100.333, 162.0
Trd, 000101.033, 157
Trd, 000101.133, 156
Trd, 000102.083, 164.0
Trd, 000102.967, 162
Trd, 000103.050, 162
Trd, 000104.267, 163.0
Trd, 000104.433, 162.0
Trd, 000104.467, 165.0
Trd, 000105.633, 163
Trd, 000106.150, 162
Trd, 000106.483, 165
Trd, 000106.617, 165
Trd, 000107.383, 161
Trd, 000107.850, 163
Trd, 000108.350, 158
Trd, 000109.933, 159.0
Trd, 000110.450, 159
Trd, 000110.550, 158
Trd, 000111.717, 141.0
Trd, 000113.317, 155
Trd, 000113.717, 154
Trd, 000113.967, 155
Trd, 000114.333, 156
Trd, 000115.267, 158
Trd, 000115.650, 155
Trd, 000115.667, 160.0
Trd, 000115.750, 161.0
Trd, 000116.017, 162.0
Trd, 000116.783, 155
Trd, 000117.867, 161
Trd, 000118.617, 156
Trd, 000119.733, 158.0
Trd, 000120.433, 157.0
Trd, 000120.800, 156
Trd, 000120.817, 155
Trd, 000120.917, 157
Trd, 000123.283, 155
Trd, 000123.650, 155
Trd, 000123.967, 158
Trd, 000124.100, 158
Trd, 000125.233, 156
Trd, 000125.417, 157
Trd, 000125.883, 157
Trd, 000126.067, 156
Trd, 000126.200, 158
Trd, 000127.217, 156
Trd, 000127.267, 156
Trd, 000127.633, 155
Trd, 000127.683, 152
Trd, 000128.867, 156
Trd, 000128.950, 158
Trd, 000129.100, 155
Trd, 000129.333, 158
Trd, 000129.633, 159
Trd, 000130.350, 152
Trd, 000131.133, 162.0
Trd, 000131.767, 157
Trd, 000132.433, 162.0
Trd, 000133.267, 156
Trd, 000133.400, 155
Trd, 000133.950, 155
Trd, 000133.983, 156
Trd, 000134.200, 158
Trd, 000134.333, 159
Trd, 000134.467, 159
Trd, 000136.267, 158
Trd, 000136.900, 156
Trd, 000138.450, 156
Trd, 000138.583, 157
Trd, 000138.817, 155
Trd, 000139.433, 160
Trd, 000139.633, 152
Trd, 000141.083, 160.0
Trd, 000141.233, 159
Trd, 000141.750, 160
Trd, 000142.300, 160
Trd, 000143.333, 159
Trd, 000143.450, 160
Trd, 000143.767, 159
Trd, 000144.900, 158
Trd, 000145.317, 157
Trd, 000146.000, 158
Trd, 000146.383, 157
Trd, 000146.733, 158
Trd, 000147.283, 155
Trd, 000148.033, 150
Trd, 000148.150, 146
Trd, 000149.867, 142.0
Trd, 000150.150, 142
Trd, 000150.283, 141.0
Trd, 000150.350, 143
Trd, 000150.683, 140
Trd, 000150.917, 141
Trd, 000150.983, 148
Trd, 000152.217, 148
Trd, 000152.350, 157
Trd, 000153.433, 151
Trd, 000154.017, 141.0
Trd, 000155.167, 150
Trd, 000155.700, 150
Trd, 000155.950, 154
Trd, 000156.050, 155
Trd, 000156.667, 154
Trd, 000157.200, 157
Trd, 000158.383, 155
Trd, 000158.700, 155
Trd, 000158.800, 158
Trd, 000159.517, 160.0
Trd, 000160.950, 160
Trd, 000161.033, 153
Trd, 000161.500, 161.0
Trd, 000161.533, 162.0
Trd, 000162.683, 161
Trd, 000162.917, 161
Trd, 000164.183, 159
Trd, 000164.400, 160
Trd, 000164.983, 164
Trd, 000165.367, 161
Trd, 000165.517, 156
Trd, 000165.750, 156
Trd, 000166.483, 161
Trd, 000168.917, 158.0
Trd, 000169.017, 161.0
Trd, 000169.283, 161
Trd, 000169.600, 161
Trd, 000169.617, 160
Trd, 000169.783, 161
Trd, 000172.483, 161
Trd, 000172.517, 161
Trd, 000173.267, 162.0
Trd, 000173.817, 161
Trd, 000174.267, 160
Trd, 000175.317, 161
Trd, 000175.600, 156
Trd, 000176.550, 162.0
Trd, 000177.567, 161
Trd, 000177.867, 161
Trd, 000177.917, 160
Trd, 000178.033, 159
Trd, 000178.417, 161
Trd, 000178.500, 159
Trd, 000179.133, 157
Trd, 000179.683, 157
Trd, 000180.083, 157
Trd, 000180.700, 150
Trd, 000182.300, 143.0
Trd, 000182.383, 152
Trd, 000182.550, 149
Trd, 000183.033, 143.0
Trd, 000183.133, 148
Trd, 000183.517, 148
Trd, 000183.783, 147
Trd, 000184.617, 145
Trd, 000186.067, 147
Trd, 000186.283, 149
Trd, 000186.833, 145.0
Trd, 000186.883, 148
Trd, 000187.183, 149
Trd, 000187.967, 161.0
Trd, 000188.283, 147
Trd, 000190.483, 154
Trd, 000190.917, 155
Trd, 000191.283, 158
Trd, 000192.117, 164.0
Trd, 000192.267, 164.0
Trd, 000193.200, 165.0
Trd, 000193.217, 179.0
Trd, 000194.167, 164.0
Trd, 000194.333, 166
Trd, 000194.400, 162.0
Trd, 000194.517, 172
Trd, 000195.983, 163
Trd, 000196.383, 159
Trd, 000197.050, 156
Trd, 000197.317, 158
Trd, 000198.500, 152
Trd, 000198.867, 151
Trd, 000199.617, 151
Trd, 000200.733, 150
Trd, 000200.783, 149
Trd, 000201.267, 141.0
Trd, 000201.717, 146
Trd, 000201.933, 147
Trd, 000202.333, 157
Trd, 000202.583, 158
Trd, 000203.500, 155
Trd, 000204.450, 159.0
Trd, 000204.767, 159.0
Trd, 000205.033, 159
Trd, 000205.417, 158
Trd, 000205.733, 160.0
Trd, 000206.250, 158
Trd, 000206.417, 161
Trd, 000206.767, 157
Trd, 000207.983, 155
Trd, 000208.100, 161
Trd, 000208.233, 162.0
Trd, 000208.700, 162
Trd, 000209.617, 156.0
Trd, 000210.150, 155.0
Trd, 000210.883, 155.0
Trd, 000211.067, 154
Trd, 000211.350, 156.0
Trd, 000211.683, 156
Trd, 000212.700, 154
Trd, 000213.467, 156
Trd, 000214.917, 153
Trd, 000215.683, 153
Trd, 000215.717, 152
Trd, 000215.833, 154
Trd, 000216.350, 153
Trd, 000216.450, 154
Trd, 000216.750, 158
Trd, 000216.900, 138.0
Trd, 000216.933, 137.0
Trd, 000217.483, 160.0
Trd, 000218.650, 162.0
Trd, 000218.750, 152
Trd, 000219.267, 167.0
Trd, 000219.367, 168.0
Trd, 000221.483, 157
Trd, 000221.650, 157
Trd, 000222.467, 157
Trd, 000222.750, 156
Trd, 000222.817, 158
Trd, 000223.317, 164
Trd, 000223.650, 165.0
Trd, 000223.983, 168.0
Trd, 000224.200, 178.0
Trd, 000224.817, 165
Trd, 000225.117, 160
Trd, 000226.617, 164
Trd, 000227.017, 164
Trd, 000227.217, 164
Trd, 000227.550, 165.0
Trd, 000228.100, 165
Trd, 000228.450, 165
Trd, 000228.867, 164
Trd, 000230.133, 166
Trd, 000230.167, 163
Trd, 000230.817, 165
Trd, 000231.667, 162
Trd, 000232.017, 155
Trd, 000233.200, 162.0
Trd, 000233.733, 161
Trd, 000234.417, 161
Trd, 000235.017, 161
Trd, 000235.967, 161
Trd, 000236.250, 161
Trd, 000236.383, 160
Trd, 000236.433, 161
Trd, 000236.950, 161
Trd, 000237.667, 162
Trd, 000238.900, 160
Trd, 000239.033, 161
Trd, 000239.850, 161
Trd, 000240.383, 160.0
Trd, 000240.983, 160
Trd, 000241.750, 160
Trd, 000242.217, 160
Trd, 000242.233, 161.0
Trd, 000242.283, 162.0
Trd, 000242.800, 159
Trd, 000243.117, 162
Trd, 000243.717, 158.0
Trd, 000243.850, 156.0
Trd, 000244.650, 158
Trd, 000245.067, 156
Trd, 000246.533, 155
Trd, 000246.783, 155.0
Trd, 000246.950, 153
Trd, 000247.200, 156.0
Trd, 000247.533, 155.0
Trd, 000247.717, 155
Trd, 000248.483, 153
Trd, 000249.667, 150
Trd, 000249.783, 144.0
Trd, 000249.833, 151
Trd, 000250.100, 153
Trd, 000251.283, 145.0
Trd, 000251.500, 148
Trd, 000251.650, 148
Trd, 000252.250, 147
Trd, 000252.650, 148
Trd, 000252.867, 147
Trd, 000253.817, 152.0
Trd, 000254.233, 151
Trd, 000254.683, 152
Trd, 000254.867, 151
Trd, 000255.033, 154
Trd, 000255.683, 155.0
Trd, 000255.950, 158
Trd, 000256.800, 153.0
Trd, 000257.700, 158
Trd, 000257.817, 152
Trd, 000258.300, 159
Trd, 000259.067, 155.0
Trd, 000259.450, 154.0
Trd, 000259.650, 152
Trd, 000259.867, 150
Trd, 000260.700, 151
Trd, 000260.733, 155
Trd, 000261.267, 157.0
Trd, 000261.433, 154
Trd, 000261.917, 155.0
Trd, 000262.433, 158.0
Trd, 000264.733, 153
Trd, 000265.483, 155
Trd, 000265.533, 155.0
Trd, 000265.783, 156
Trd, 000265.800, 154
Trd, 000266.083, 155
Trd, 000266.150, 152
Trd, 000267.083, 152
Trd, 000267.317, 153
Trd, 000267.400, 153
Trd, 000267.700, 154
Trd, 000268.300, 153
Trd, 000269.283, 154
Trd, 000269.350, 152
Trd, 000270.200, 151
Trd, 000270.350, 152
Trd, 000270.517, 154
Trd, 000271.517, 153
Trd, 000271.700, 152
Trd, 000272.017, 154
Trd, 000272.533, 149
Trd, 000272.683, 148
Trd, 000273.300, 154
Trd, 000273.967, 155
Trd, 000274.217, 153
Trd, 000274.583, 154
Trd, 000275.650, 155.0
Trd, 000276.350, 152
Trd, 000276.433, 151
Trd, 000276.517, 150
Trd, 000277.467, 149
Trd, 000278.750, 144.0
Trd, 000278.850, 146
Trd, 000278.950, 143.0
Trd, 000279.733, 145.0
Trd, 000280.233, 145
Trd, 000280.700, 144.0
Trd, 000281.400, 148
Trd, 000281.417, 151.0
Trd, 000281.617, 147.0
Trd, 000282.700, 146
Trd, 000282.783, 153.0
Trd, 000283.317, 151.0
Trd, 000283.767, 151
Trd, 000283.817, 152
Trd, 000284.267, 151
Trd, 000284.400, 158
Trd, 000285.550, 155.0
Trd, 000286.033, 156
Trd, 000286.383, 155
Trd, 000286.517, 156
Trd, 000286.850, 154
Trd, 000287.450, 156.0
Trd, 000287.817, 155.0
Trd, 000288.217, 157
Trd, 000288.717, 159
Trd, 000288.983, 159.0
Trd, 000289.067, 162.0
Trd, 000289.700, 158.0
Trd, 000290.333, 156
Trd, 000290.583, 150
Trd, 000290.617, 151.0
Trd, 000291.033, 157
Trd, 000291.600, 155
Trd, 000291.917, 153
Trd, 000292.383, 155.0
Trd, 000293.083, 154.0
Trd, 000293.400, 155.0
Trd, 000293.467, 159
Trd, 000293.633, 160.0
Trd, 000294.267, 158.0
Trd, 000294.767, 154
Trd, 000294.817, 157.0
Trd, 000295.000, 158.0
Trd, 000295.350, 168.0
Trd, 000295.733, 153
Trd, 000296.217, 152
Trd, 000297.317, 150
Trd, 000297.933, 150
Trd, 000298.617, 150.0
Trd, 000298.750, 149
Trd, 000298.850, 146.0
Trd, 000299.300, 144.0
