Trd, 000001.300, 121
Trd, 000002.033, 124
Trd, 000002.733, 168.0
Trd, 000004.033, 141
Trd, 000004.450, 141.0
Trd, 000005.600, 146.0
Trd, 000006.000, 145.0
Trd, 000006.317, 147.0
Trd, 000008.000, 148
Trd, 000008.067, 151
Trd, 000008.183, 154
Trd, 000009.067, 154
Trd, 000009.200, 153
Trd, 000009.450, 151
Trd, 000010.117, 150
Trd, 000010.250, 152
Trd, 000011.450, 152
Trd, 000011.767, 149.0
Trd, 000012.817, 151
Trd, 000013.517, 150
Trd, 000013.633, 148.0
Trd, 000013.783, 148
Trd, 000014.367, 145.0
Trd, 000014.633, 145.0
Trd, 000015.133, 146
Trd, 000015.567, 147
Trd, 000015.733, 148
Trd, 000016.033, 148
Trd, 000017.383, 147
Trd, 000017.433, 147
Trd, 000018.383, 148.0
Trd, 000018.817, 148
Trd, 000019.933, 149
Trd, 000020.083, 150
Trd, 000020.250, 156
Trd, 000020.533, 154
Trd, 000021.400, 152
Trd, 000021.750, 151
Trd, 000021.883, 159.0
Trd, 000022.783, 151
Trd, 000023.867, 150
Trd, 000024.200, 150
Trd, 000025.883, 150
Trd, 000026.417, 149
Trd, 000027.400, 149
Trd, 000027.467, 150
Trd, 000028.150, 148.0
Trd, 000029.100, 150
Trd, 000029.767, 147
Trd, 000030.233, 147
Trd, 000030.917, 147
Trd, 000031.383, 148.0
Trd, 000032.833, 147
Trd, 000033.133, 146
Trd, 000033.500, 146
Trd, 000033.750, 145
Trd, 000034.350, 145
Trd, 000034.500, 146
Trd, 000035.800, 145
Trd, 000036.083, 144.0
Trd, 000036.167, 149
Trd, 000036.500, 145
Trd, 000037.500, 146
Trd, 000038.567, 148
Trd, 000039.283, 148.0
Trd, 000039.667, 146.0
Trd, 000040.367, 145.0
Trd, 000040.767, 144.0
Trd, 000041.133, 145
Trd, 000041.150, 146
Trd, 000042.217, 146
Trd, 000042.867, 146
Trd, 000043.650, 148.0
Trd, 000044.233, 148
Trd, 000044.283, 154
Trd, 000045.583, 148.0
Trd, 000045.867, 151
Trd, 000046.817, 141.0
Trd, 000047.883, 146
Trd, 000049.183, 146
Trd, 000049.467, 146.0
Trd, 000050.133, 148.0
Trd, 000050.617, 148
Trd, 000050.883, 149
Trd, 000051.283, 147
Trd, 000052.050, 147
Trd, 000052.067, 148
Trd, 000052.750, 147
Trd, 000052.917, 148.0
Trd, 000053.150, 145
Trd, 000054.050, 144
Trd, 000054.083, 144.0
Trd, 000054.200, 145
Trd, 000054.383, 147
Trd, 000056.067, 145
Trd, 000056.183, 147
Trd, 000056.383, 143
Trd, 000057.017, 147
Trd, 000058.133, 147
Trd, 000058.483, 148.0
Trd, 000059.067, 145.0
Trd, 000059.750, 145.0
Trd, 000060.250, 144
Trd, 000060.317, 144
Trd, 000060.650, 143
Trd, 000061.333, 144
Trd, 000061.817, 145
Trd, 000062.617, 147
Trd, 000062.833, 155
Trd, 000063.450, 146.0
Trd, 000063.500, 147.0
Trd, 000065.333, 148.0
Trd, 000065.933, 147
Trd, 000066.167, 147
Trd, 000066.417, 147
Trd, 000067.000, 147
Trd, 000068.617, 148.0
Trd, 000069.767, 149
Trd, 000070.000, 153
Trd, 000070.683, 149
Trd, 000071.200, 153
Trd, 000072.183, 153
Trd, 000073.617, 153
Trd, 000073.817, 146
Trd, 000073.967, 146
Trd, 000074.683, 146.0
Trd, 000075.333, 146
Trd, 000075.383, 147.0
Trd, 000075.400, 148.0
Trd, 000077.083, 145
Trd, 000078.783, 146
Trd, 000078.817, 147
Trd, 000079.033, 148.0
Trd, 000080.317, 147
Trd, 000081.533, 148
Trd, 000081.650, 148
Trd, 000082.500, 148.0
Trd, 000082.517, 146
Trd, 000083.450, 146
Trd, 000084.283, 148
Trd, 000084.983, 147
Trd, 000085.033, 146
Trd, 000085.317, 148
Trd, 000085.717, 148
Trd, 000087.583, 154
Trd, 000088.467, 147
Trd, 000088.600, 148.0
Trd, 000089.383, 149
Trd, 000089.533, 147
Trd, 000092.300, 149
Trd, 000092.917, 147
Trd, 000093.083, 147
Trd, 000093.450, 146
Trd, 000094.783, 148.0
Trd, 000095.583, 146
Trd, 000095.933, 146.0
Trd, 000096.067, 145
Trd, 000096.467, 146
Trd, 000096.583, 146
Trd, 000096.917, 148
Trd, 000097.117, 147
Trd, 000097.433, 154
Trd, 000098.033, 151.0
Trd, 000099.683, 151
Trd, 000099.967, 148
Trd, 000100.383, 148.0
Trd, 000100.650, 147.0
Trd, 000101.700, 147.0
Trd, 000101.983, 146
Trd, 000102.767, 145
Trd, 000103.367, 146
Trd, 000103.783, 146
Trd, 000105.317, 147.0
Trd, 000105.450, 146
Trd, 000106.717, 147
Trd, 000107.567, 147.0
Trd, 000108.717, 148.0
Trd, 000109.117, 155
Trd, 000110.417, 148
Trd, 000110.883, 148
Trd, 000111.067, 147
Trd, 000111.550, 149
Trd, 000111.600, 150
Trd, 000112.550, 147
Trd, 000113.467, 148.0
Trd, 000114.017, 149
Trd, 000114.183, 147
Trd, 000114.517, 147
Trd, 000114.700, 146
Trd, 000114.983, 145
Trd, 000115.233, 144.0
Trd, 000115.317, 145
Trd, 000116.617, 143.0
Trd, 000117.950, 144
Trd, 000118.133, 142.0
Trd, 000119.350, 144
Trd, 000119.783, 146
Trd, 000120.217, 146
Trd, 000121.250, 146
Trd, 000121.483, 145
Trd, 000121.933, 144
Trd, 000122.683, 145
Trd, 000123.483, 144.0
Trd, 000123.500, 145
Trd, 000123.717, 146
Trd, 000126.533, 146
Trd, 000127.083, 144
Trd, 000127.367, 147
Trd, 000127.550, 142
Trd, 000128.617, 144.0
Trd, 000128.733, 144
Trd, 000128.817, 143
Trd, 000129.133, 146
Trd, 000130.500, 146
Trd, 000131.817, 144
Trd, 000133.283, 144
Trd, 000133.533, 146.0
Trd, 000134.400, 145
Trd, 000134.883, 146
Trd, 000135.467, 146
Trd, 000135.883, 147.0
Trd, 000135.900, 145
Trd, 000136.267, 143
Trd, 000136.600, 148.0
Trd, 000138.300, 144
Trd, 000138.733, 146
Trd, 000139.017, 146
Trd, 000139.650, 145
Trd, 000140.067, 142
Trd, 000141.067, 145
Trd, 000142.217, 145.0
Trd, 000142.733, 145
Trd, 000142.800, 144.0
Trd, 000143.050, 145
Trd, 000143.267, 146
Trd, 000143.300, 148.0
Trd, 000143.467, 147
Trd, 000144.033, 145
Trd, 000144.700, 145
Trd, 000145.283, 146
Trd, 000146.450, 144
Trd, 000146.767, 144
Trd, 000147.133, 144
Trd, 000147.217, 146
Trd, 000147.733, 148.0
Trd, 000147.983, 155
Trd, 000148.900, 147
Trd, 000150.300, 144
Trd, 000150.917, 145
Trd, 000152.117, 143
Trd, 000152.767, 144
Trd, 000152.917, 143
Trd, 000153.233, 143
Trd, 000153.417, 144
Trd, 000153.850, 143
Trd, 000153.950, 142
Trd, 000154.050, 142
Trd, 000154.467, 143
Trd, 000155.283, 148.0
Trd, 000156.267, 147.0
Trd, 000156.350, 148.0
Trd, 000158.217, 150
Trd, 000158.733, 150
Trd, 000160.167, 151
Trd, 000160.983, 150
Trd, 000161.117, 151
Trd, 000161.933, 149
Trd, 000162.283, 148.0
Trd, 000162.633, 150
Trd, 000163.150, 151
Trd, 000164.483, 144.0
Trd, 000165.283, 145.0
Trd, 000165.900, 145
Trd, 000166.033, 146.0
Trd, 000167.917, 145
Trd, 000167.967, 144.0
Trd, 000168.033, 146
Trd, 000169.250, 144
Trd, 000169.350, 146
Trd, 000169.900, 145
Trd, 000170.350, 146
Trd, 000170.650, 145
Trd, 000171.083, 145
Trd, 000172.333, 146
Trd, 000173.600, 145
Trd, 000173.617, 144.0
Trd, 000174.550, 144
Trd, 000175.167, 145
Trd, 000175.267, 144
Trd, 000175.733, 146
Trd, 000175.850, 143
Trd, 000175.900, 148.0
Trd, 000176.300, 146
Trd, 000176.867, 146
Trd, 000176.900, 147
Trd, 000177.850, 147
Trd, 000178.250, 147
Trd, 000179.583, 148.0
Trd, 000180.050, 148
Trd, 000180.283, 145
Trd, 000180.583, 148.0
Trd, 000180.783, 145
Trd, 000180.967, 144.0
Trd, 000181.500, 148
Trd, 000181.633, 144
Trd, 000181.983, 148
Trd, 000183.300, 147
Trd, 000183.750, 148.0
Trd, 000183.817, 152
Trd, 000185.817, 148
Trd, 000186.717, 148
Trd, 000186.817, 149
Trd, 000187.383, 155
Trd, 000187.783, 149
Trd, 000188.733, 148
Trd, 000189.333, 149
Trd, 000189.600, 148
Trd, 000189.717, 148.0
Trd, 000190.967, 148
Trd, 000191.717, 147
Trd, 000192.733, 146
Trd, 000192.867, 146.0
Trd, 000193.367, 147
Trd, 000193.483, 147
Trd, 000194.167, 156
Trd, 000194.900, 146.0
Trd, 000195.417, 148.0
Trd, 000195.733, 148
Trd, 000196.133, 148
Trd, 000196.217, 145.0
Trd, 000197.800, 146
Trd, 000197.900, 147
Trd, 000198.183, 147
Trd, 000199.383, 146
Trd, 000199.417, 146
Trd, 000200.217, 145
Trd, 000200.633, 146
Trd, 000201.117, 147
Trd, 000201.150, 148.0
Trd, 000202.083, 147
Trd, 000203.083, 146
Trd, 000204.383, 144.0
Trd, 000205.067, 146.0
Trd, 000205.467, 147
Trd, 000205.633, 148.0
Trd, 000205.667, 150
Trd, 000206.300, 149.0
Trd, 000207.017, 148.0
Trd, 000207.450, 148
Trd, 000207.883, 148
Trd, 000208.583, 149
Trd, 000209.500, 148
Trd, 000209.883, 148.0
Trd, 000210.100, 155
Trd, 000210.533, 162.0
Trd, 000210.850, 148
Trd, 000211.033, 154
Trd, 000212.283, 150
Trd, 000212.900, 150
Trd, 000213.667, 151
Trd, 000213.700, 149
Trd, 000213.983, 148
Trd, 000215.000, 148
Trd, 000215.117, 149
Trd, 000215.467, 149
Trd, 000216.533, 148
Trd, 000217.883, 147
Trd, 000217.967, 146
Trd, 000218.150, 148
Trd, 000218.383, 148.0
Trd, 000218.617, 145
Trd, 000219.167, 148.0
Trd, 000219.900, 147
Trd, 000220.417, 146
Trd, 000220.900, 147
Trd, 000221.383, 146.0
Trd, 000221.667, 148
Trd, 000222.517, 148.0
Trd, 000223.167, 155
Trd, 000224.900, 151
Trd, 000225.650, 149
Trd, 000226.317, 152
Trd, 000226.400, 148
Trd, 000226.617, 148
Trd, 000227.567, 148
Trd, 000228.200, 148
Trd, 000228.700, 147
Trd, 000229.117, 148
Trd, 000229.517, 150
Trd, 000229.883, 150
Trd, 000230.617, 146
Trd, 000230.983, 147.0
Trd, 000231.683, 148.0
Trd, 000232.133, 148
Trd, 000232.300, 151
Trd, 000233.683, 149
Trd, 000234.533, 149
Trd, 000234.633, 147
Trd, 000234.650, 150
Trd, 000235.383, 146
Trd, 000236.300, 146.0
Trd, 000237.900, 148
Trd, 000238.467, 148
Trd, 000238.667, 147
Trd, 000239.333, 147
Trd, 000239.683, 146
Trd, 000239.850, 146
Trd, 000240.033, 147
Trd, 000240.583, 154
Trd, 000240.933, 153
Trd, 000241.383, 152
Trd, 000241.700, 155
Trd, 000242.050, 154
Trd, 000242.250, 152
Trd, 000242.400, 155
Trd, 000242.483, 151
Trd, 000244.700, 151
Trd, 000245.917, 150
Trd, 000246.117, 149
Trd, 000246.383, 150
Trd, 000246.867, 147
Trd, 000247.667, 144
Trd, 000248.000, 145.0
Trd, 000248.867, 144
Trd, 000249.717, 144
Trd, 000250.333, 144
Trd, 000250.550, 144
Trd, 000250.833, 143.0
Trd, 000250.933, 143
Trd, 000251.067, 145
Trd, 000251.183, 146
Trd, 000251.283, 155
Trd, 000252.600, 142
Trd, 000253.300, 143
Trd, 000254.550, 145.0
Trd, 000254.567, 148.0
Trd, 000255.033, 144.0
Trd, 000255.283, 144.0
Trd, 000255.800, 143
Trd, 000256.200, 143.0
Trd, 000256.933, 142
Trd, 000257.067, 143
Trd, 000257.083, 145
Trd, 000257.600, 141.0
Trd, 000257.733, 145
Trd, 000258.600, 151
Trd, 000258.800, 149
Trd, 000260.050, 147.0
Trd, 000260.867, 146
Trd, 000261.417, 145
Trd, 000261.650, 145
Trd, 000261.850, 146.0
Trd, 000262.883, 148.0
Trd, 000263.250, 151
Trd, 000264.683, 148.0
Trd, 000264.933, 150
Trd, 000265.483, 149
Trd, 000265.950, 148
Trd, 000266.017, 148
Trd, 000266.250, 148
Trd, 000267.083, 147
Trd, 000267.767, 144.0
Trd, 000268.033, 142
Trd, 000268.283, 146
Trd, 000270.000, 147
Trd, 000270.067, 147
Trd, 000270.967, 156.0
Trd, 000271.683, 154
Trd, 000271.967, 152.0
Trd, 000272.400, 151
Trd, 000272.700, 150
Trd, 000273.417, 150
Trd, 000274.000, 149
Trd, 000274.083, 150
Trd, 000274.367, 148.0
Trd, 000274.450, 148
Trd, 000274.933, 150
Trd, 000275.167, 144.0
Trd, 000275.867, 144
Trd, 000276.700, 148.0
Trd, 000276.767, 149
Trd, 000276.850, 155
Trd, 000277.683, 148
Trd, 000278.067, 151.0
Trd, 000278.750, 149
Trd, 000278.900, 149
Trd, 000279.217, 151
Trd, 000279.733, 148.0
Trd, 000280.167, 147
Trd, 000280.417, 147
Trd, 000281.417, 146
Trd, 000281.433, 141.0
Trd, 000282.217, 143
Trd, 000283.267, 144.0
Trd, 000283.667, 147
Trd, 000283.700, 146
Trd, 000284.400, 147
Trd, 000284.633, 142
Trd, 000284.950, 144
Trd, 000285.400, 142
Trd, 000285.767, 144
Trd, 000286.150, 145
Trd, 000286.467, 143
Trd, 000286.550, 148.0
Trd, 000287.433, 144.0
Trd, 000287.867, 145
Trd, 000288.767, 144
Trd, 000288.883, 144
Trd, 000289.300, 144.0
Trd, 000289.517, 144
Trd, 000289.683, 145
Trd, 000289.883, 143
Trd, 000290.233, 145
Trd, 000290.633, 145
Trd, 000291.067, 148.0
Trd, 000291.783, 145
Trd, 000292.150, 146
Trd, 000292.267, 155
Trd, 000293.000, 145
Trd, 000293.250, 145
Trd, 000294.500, 141.0
Trd, 000294.767, 144.0
Trd, 000295.100, 145.0
Trd, 000295.500, 145
Trd, 000295.667, 142
Trd, 000296.217, 148.0
Trd, 000296.267, 158.0
Trd, 000296.650, 153
Trd, 000296.917, 151
Trd, 000297.567, 150.0
Trd, 000298.717, 154
Trd, 000298.917, 162.0
Trd, 000299.183, 160
Trd, 000299.450, 152.0
