Trd, 000001.183, 143
Trd, 000002.267, 150
Trd, 000003.833, 157
Trd, 000003.933, 148.0
Trd, 000004.350, 156.0
Trd, 000004.933, 157.0
Trd, 000005.467, 144.0
Trd, 000006.383, 147
Trd, 000006.950, 156.0
Trd, 000007.267, 158.0
Trd, 000007.383, 154
Trd, 000008.233, 157
Trd, 000009.267, 163
Trd, 000009.333, 151.0
Trd, 000009.950, 161
Trd, 000010.833, 159.0
Trd, 000011.317, 162.0
Trd, 000011.350, 158.0
Trd, 000011.583, 165.0
Trd, 000012.767, 162
Trd, 000013.033, 161
Trd, 000014.133, 158
Trd, 000014.250, 148
Trd, 000015.000, 161
Trd, 000016.300, 156.0
Trd, 000017.450, 159
Trd, 000017.917, 158
Trd, 000018.117, 155.0
Trd, 000018.133, 153.0
Trd, 000019.767, 148.0
Trd, 000019.800, 148.0
Trd, 000019.967, 156
Trd, 000020.233, 153
Trd, 000021.283, 149.0
Trd, 000022.500, 148.0
Trd, 000022.733, 151
Trd, 000023.617, 151
Trd, 000023.883, 151.0
Trd, 000025.767, 149
Trd, 000025.800, 151
Trd, 000026.417, 162
Trd, 000027.083, 148.0
Trd, 000027.600, 150
Trd, 000027.683, 157.0
Trd, 000027.767, 149
Trd, 000028.833, 155
Trd, 000029.350, 157.0
Trd, 000029.533, 151
Trd, 000030.567, 152
Trd, 000030.583, 158.0
Trd, 000031.033, 158
Trd, 000032.317, 157
Trd, 000032.733, 152
Trd, 000033.200, 156
Trd, 000033.767, 151
Trd, 000033.883, 156
Trd, 000034.433, 164.0
Trd, 000034.833, 158.0
Trd, 000035.283, 157
Trd, 000036.050, 150.0
Trd, 000037.333, 152
Trd, 000037.400, 149
Trd, 000037.950, 150
Trd, 000038.033, 151
Trd, 000038.683, 148.0
Trd, 000040.217, 146.0
Trd, 000040.600, 148.0
Trd, 000040.933, 147
Trd, 000041.500, 148
Trd, 000042.750, 148
Trd, 000042.850, 151.0
Trd, 000044.133, 148.0
Trd, 000044.500, 148.0
Trd, 000044.883, 149
Trd, 000045.833, 149
Trd, 000045.983, 157.0
Trd, 000046.167, 149
Trd, 000046.350, 155
Trd, 000047.483, 157.0
Trd, 000049.083, 155
Trd, 000049.233, 155
Trd, 000049.250, 152
Trd, 000049.700, 156.0
Trd, 000050.367, 150
Trd, 000050.517, 149
Trd, 000050.733, 157
Trd, 000051.483, 170
Trd, 000051.583, 162
Trd, 000053.467, 149.0
Trd, 000053.933, 152
Trd, 000054.217, 151
Trd, 000054.283, 151
Trd, 000055.100, 152
Trd, 000055.517, 158.0
Trd, 000055.767, 150.0
Trd, 000056.433, 151.0
Trd, 000056.450, 155
Trd, 000057.933, 152
Trd, 000058.400, 152
Trd, 000058.700, 157
Trd, 000059.117, 162
Trd, 000060.433, 158
Trd, 000060.900, 152
Trd, 000061.650, 151
Trd, 000061.700, 152
Trd, 000062.183, 154
Trd, 000063.167, 153
Trd, 000063.917, 153
Trd, 000064.083, 148.0
Trd, 000064.250, 153
Trd, 000065.083, 152
Trd, 000065.533, 154
Trd, 000065.700, 158.0
Trd, 000065.717, 165.0
Trd, 000066.700, 160
Trd, 000067.050, 158.0
Trd, 000067.767, 159
Trd, 000068.000, 158.0
Trd, 000068.217, 156
Trd, 000069.183, 148.0
Trd, 000069.400, 152
Trd, 000069.483, 157
Trd, 000069.900, 160
Trd, 000070.467, 161
Trd, 000071.883, 159
Trd, 000072.283, 156
Trd, 000072.483, 156
Trd, 000072.533, 157
Trd, 000073.100, 156
Trd, 000073.400, 156
Trd, 000073.900, 156
Trd, 000074.133, 149
Trd, 000074.617, 173
Trd, 000074.750, 150.0
Trd, 000076.017, 156
Trd, 000076.200, 148.0
Trd, 000077.900, 140.0
Trd, 000078.117, 141.0
Trd, 000078.733, 142
Trd, 000078.867, 148.0
Trd, 000079.717, 150
Trd, 000080.083, 151.0
Trd, 000080.100, 153
Trd, 000080.133, 150
Trd, 000080.233, 158.0
Trd, 000081.933, 155
Trd, 000082.033, 155
Trd, 000082.533, 155
Trd, 000082.733, 152
Trd, 000082.967, 157.0
Trd, 000084.250, 150.0
Trd, 000084.733, 152
Trd, 000085.433, 149
Trd, 000086.883, 149.0
Trd, 000086.950, 148.0
Trd, 000087.200, 148.0
Trd, 000087.250, 141.0
Trd, 000087.583, 151
Trd, 000088.667, 151
Trd, 000089.033, 152
Trd, 000089.183, 157.0
Trd, 000089.950, 155.0
Trd, 000090.417, 157.0
Trd, 000091.267, 158.0
Trd, 000092.383, 157
Trd, 000092.433, 160
Trd, 000092.983, 159
Trd, 000093.067, 160
Trd, 000093.100, 158
Trd, 000094.467, 174
Trd, 000094.717, 163
Trd, 000095.100, 167
Trd, 000096.367, 162
Trd, 000096.550, 162
Trd, 000096.600, 151
Trd, 000097.033, 157
Trd, 000097.367, 164
Trd, 000098.283, 162
Trd, 000098.550, 149.0
Trd, 000100.350, 151.0
Trd, 000100.583, 151
Trd, 000101.067, 149.0
Trd, 000101.917, 149.0
Trd, 000102.383, 151
Trd, 000103.733, 148.0
Trd, 000104.683, 151
Trd, 000104.850, 150
Trd, 000105.150, 151
Trd, 000105.333, 148.0
Trd, 000105.883, 150
Trd, 000105.933, 151.0
Trd, 000106.317, 158.0
Trd, 000107.233, 155
Trd, 000107.533, 156
Trd, 000108.300, 151
Trd, 000108.933, 155
Trd, 000109.383, 154
Trd, 000109.583, 155
Trd, 000110.133, 155
Trd, 000110.417, 154
Trd, 000110.667, 153
Trd, 000111.617, 154
Trd, 000111.633, 154
Trd, 000113.133, 150.0
Trd, 000113.883, 154
Trd, 000114.383, 152.0
Trd, 000114.567, 158.0
Trd, 000114.583, 165.0
Trd, 000115.100, 159
Trd, 000116.117, 150.0
Trd, 000116.650, 148.0
Trd, 000116.867, 158
Trd, 000117.883, 158
Trd, 000117.983, 165.0
Trd, 000118.683, 162
Trd, 000118.867, 157
Trd, 000118.900, 163
Trd, 000119.183, 158
Trd, 000120.917, 158
Trd, 000122.000, 148.0
Trd, 000122.917, 157.0
Trd, 000123.050, 154
Trd, 000123.583, 154
Trd, 000123.650, 157.0
Trd, 000123.900, 155
Trd, 000124.000, 154
Trd, 000124.617, 154
Trd, 000125.117, 158.0
Trd, 000126.133, 153
Trd, 000127.083, 151
Trd, 000127.133, 158
Trd, 000127.883, 153
Trd, 000128.450, 151
Trd, 000128.500, 152
Trd, 000129.300, 154
Trd, 000129.417, 150.0
Trd, 000130.200, 149.0
Trd, 000131.133, 149.0
Trd, 000131.383, 149
Trd, 000131.667, 154
Trd, 000131.850, 154
Trd, 000132.683, 158.0
Trd, 000133.383, 155
Trd, 000134.017, 148.0
Trd, 000134.200, 147
Trd, 000134.700, 157
Trd, 000135.300, 149
Trd, 000136.267, 157
Trd, 000136.450, 148
Trd, 000137.183, 158
Trd, 000138.017, 157
Trd, 000138.083, 159
Trd, 000138.200, 151
Trd, 000138.583, 158.0
Trd, 000138.617, 165.0
Trd, 000138.667, 158
Trd, 000139.567, 152
Trd, 000140.450, 150
Trd, 000141.050, 148.0
Trd, 000141.150, 153
Trd, 000141.767, 149
Trd, 000142.683, 148
Trd, 000142.900, 147
Trd, 000143.050, 146
Trd, 000143.983, 141.0
Trd, 000144.650, 139
Trd, 000144.750, 140
Trd, 000146.000, 140.0
Trd, 000146.150, 140.0
Trd, 000146.383, 141.0
Trd, 000146.650, 148.0
Trd, 000146.750, 144
Trd, 000147.717, 151
Trd, 000147.733, 157.0
Trd, 000147.967, 158.0
Trd, 000148.367, 164
Trd, 000148.717, 148
Trd, 000148.867, 163
Trd, 000149.117, 147
Trd, 000151.100, 156
Trd, 000151.133, 156
Trd, 000151.217, 155
Trd, 000152.233, 153
Trd, 000153.133, 149
Trd, 000153.717, 141.0
Trd, 000153.750, 158.0
Trd, 000154.217, 142
Trd, 000154.583, 153
Trd, 000154.817, 142
Trd, 000156.450, 152
Trd, 000156.550, 161
Trd, 000156.783, 149.0
Trd, 000156.817, 162.0
Trd, 000158.850, 153
Trd, 000159.650, 152
Trd, 000159.817, 154
Trd, 000159.867, 148
Trd, 000160.217, 156
Trd, 000160.817, 156
Trd, 000161.533, 154
Trd, 000161.667, 165.0
Trd, 000161.767, 169
Trd, 000162.033, 164
Trd, 000163.217, 158.0
Trd, 000163.417, 148.0
Trd, 000163.767, 159
Trd, 000165.533, 150
Trd, 000165.750, 150.0
Trd, 000165.967, 148.0
Trd, 000167.217, 149
Trd, 000168.450, 149
Trd, 000168.533, 150
Trd, 000169.067, 149
Trd, 000169.350, 151.0
Trd, 000170.050, 157.0
Trd, 000170.450, 158.0
Trd, 000171.567, 155
Trd, 000171.767, 152
Trd, 000172.050, 154
Trd, 000172.217, 153
Trd, 000172.567, 152
Trd, 000173.033, 154
Trd, 000173.500, 153
Trd, 000174.000, 157
Trd, 000174.433, 151
Trd, 000175.767, 153
Trd, 000175.900, 154
Trd, 000176.083, 154
Trd, 000177.283, 150.0
Trd, 000177.333, 158.0
Trd, 000177.500, 165.0
Trd, 000177.567, 148.0
Trd, 000177.800, 137
Trd, 000179.083, 144
Trd, 000179.100, 143
Trd, 000179.217, 155
Trd, 000180.083, 158.0
Trd, 000180.800, 150.0
Trd, 000181.183, 153
Trd, 000181.750, 150
Trd, 000182.600, 153
Trd, 000182.867, 153
Trd, 000183.217, 155
Trd, 000183.283, 158.0
Trd, 000183.383, 153
Trd, 000183.650, 141.0
Trd, 000184.933, 152
Trd, 000185.033, 145
Trd, 000185.200, 159
Trd, 000186.450, 147
Trd, 000187.117, 147.0
Trd, 000187.133, 148.0
Trd, 000187.400, 147
Trd, 000187.567, 146
Trd, 000187.717, 151.0
Trd, 000188.267, 153
Trd, 000189.417, 151
Trd, 000191.550, 152
Trd, 000192.317, 156
Trd, 000192.600, 158.0
Trd, 000192.817, 155
Trd, 000193.983, 157
Trd, 000194.650, 152.0
Trd, 000195.317, 154.0
Trd, 000195.767, 146
Trd, 000195.933, 142.0
Trd, 000196.833, 148.0
Trd, 000197.133, 147
Trd, 000197.183, 149
Trd, 000197.233, 149
Trd, 000197.317, 154
Trd, 000198.117, 157.0
Trd, 000199.467, 153
Trd, 000201.317, 150
Trd, 000201.483, 149
Trd, 000201.533, 148.0
Trd, 000201.983, 150
Trd, 000202.067, 150
Trd, 000202.817, 152
Trd, 000203.000, 157.0
Trd, 000203.700, 153
Trd, 000203.800, 154
Trd, 000204.067, 158.0
Trd, 000204.383, 152
Trd, 000205.517, 152
Trd, 000205.683, 157
Trd, 000207.000, 155
Trd, 000207.467, 156
Trd, 000207.567, 155
Trd, 000207.800, 157
Trd, 000210.033, 154
Trd, 000210.083, 157
Trd, 000210.317, 148.0
Trd, 000210.633, 156
Trd, 000211.350, 154
Trd, 000212.100, 155
Trd, 000212.167, 156
Trd, 000212.433, 158
Trd, 000212.850, 152
Trd, 000213.667, 154
Trd, 000213.683, 152
Trd, 000214.133, 156
Trd, 000215.967, 151
Trd, 000216.033, 155
Trd, 000216.250, 158.0
Trd, 000216.550, 170
Trd, 000216.733, 166
Trd, 000217.850, 158
Trd, 000217.967, 172
Trd, 000218.050, 155
Trd, 000218.850, 168
Trd, 000219.100, 173
Trd, 000219.350, 161
Trd, 000220.283, 172
Trd, 000220.467, 169
Trd, 000221.383, 171
Trd, 000222.017, 158.0
Trd, 000222.383, 160
Trd, 000223.033, 160
Trd, 000224.517, 155
Trd, 000225.817, 152
Trd, 000226.000, 153
Trd, 000226.250, 156
Trd, 000226.283, 150.0
Trd, 000227.283, 155
Trd, 000227.383, 156
Trd, 000228.417, 158.0
Trd, 000228.883, 165.0
Trd, 000229.167, 168
Trd, 000229.883, 157.0
Trd, 000230.567, 148.0
Trd, 000230.733, 174
Trd, 000231.833, 157.0
Trd, 000232.133, 157
Trd, 000232.983, 158.0
Trd, 000233.033, 157
Trd, 000233.200, 157
Trd, 000233.233, 156
Trd, 000234.317, 158
Trd, 000234.750, 159
Trd, 000234.833, 148
Trd, 000235.233, 152
Trd, 000235.333, 147
Trd, 000235.633, 156.0
Trd, 000236.667, 154
Trd, 000237.000, 158.0
Trd, 000237.700, 166
Trd, 000238.683, 164
Trd, 000240.200, 153
Trd, 000240.233, 152.0
Trd, 000240.450, 155.0
Trd, 000240.783, 157.0
Trd, 000241.017, 157
Trd, 000241.217, 157.0
Trd, 000241.500, 157.0
Trd, 000241.883, 153.0
Trd, 000242.100, 148.0
Trd, 000242.850, 141.0
Trd, 000243.133, 144
Trd, 000243.683, 147
Trd, 000244.117, 155.0
Trd, 000244.583, 154
Trd, 000244.767, 158.0
Trd, 000245.533, 149.0
Trd, 000245.633, 148.0
Trd, 000246.517, 150
Trd, 000246.583, 153
Trd, 000246.767, 149
Trd, 000247.033, 144
Trd, 000247.633, 139
Trd, 000248.200, 140.0
Trd, 000248.333, 141.0
Trd, 000249.000, 151
Trd, 000249.200, 151.0
Trd, 000249.350, 150
Trd, 000249.767, 151
Trd, 000250.683, 152
Trd, 000252.317, 146.0
Trd, 000252.483, 143
Trd, 000252.650, 145.0
Trd, 000252.683, 148.0
Trd, 000252.783, 148
Trd, 000252.933, 150
Trd, 000253.633, 149.0
Trd, 000253.733, 151
Trd, 000253.867, 158.0
Trd, 000254.300, 167.0
Trd, 000254.350, 141.0
Trd, 000256.100, 141.0
Trd, 000256.683, 142
Trd, 000257.267, 141
Trd, 000257.333, 148.0
Trd, 000257.500, 149
Trd, 000257.550, 150
Trd, 000257.717, 151.0
Trd, 000258.600, 148
Trd, 000258.950, 146
Trd, 000260.333, 141
Trd, 000260.433, 141.0
Trd, 000260.450, 147.0
Trd, 000260.617, 144.0
Trd, 000261.300, 148.0
Trd, 000262.267, 148
Trd, 000262.883, 147
Trd, 000263.050, 146.0
Trd, 000263.217, 145
Trd, 000263.250, 148.0
Trd, 000263.900, 148
Trd, 000264.100, 147
Trd, 000264.200, 149
Trd, 000264.867, 149
Trd, 000265.050, 150
Trd, 000266.133, 151.0
Trd, 000266.167, 155.0
Trd, 000266.600, 148.0
Trd, 000266.750, 158.0
Trd, 000267.683, 154
Trd, 000267.717, 151
Trd, 000268.017, 156
Trd, 000268.183, 156
Trd, 000268.417, 158.0
Trd, 000268.750, 165.0
Trd, 000269.617, 164.0
Trd, 000269.650, 163.0
Trd, 000270.533, 156.0
Trd, 000270.650, 149.0
Trd, 000271.583, 157.0
Trd, 000272.100, 156
Trd, 000273.267, 153
Trd, 000273.650, 155.0
Trd, 000273.983, 156.0
Trd, 000274.000, 157
Trd, 000275.517, 149.0
Trd, 000275.650, 150.0
Trd, 000275.667, 148.0
Trd, 000275.900, 151.0
Trd, 000276.083, 148
Trd, 000276.650, 146
Trd, 000276.767, 155.0
Trd, 000276.983, 155
Trd, 000277.533, 156
Trd, 000277.783, 157
Trd, 000279.917, 158
Trd, 000280.067, 154
Trd, 000280.117, 158.0
Trd, 000280.417, 158
Trd, 000281.267, 156
Trd, 000281.533, 156.0
Trd, 000282.217, 156.0
Trd, 000282.350, 148.0
Trd, 000282.933, 145.0
Trd, 000283.100, 141.0
Trd, 000283.117, 146.0
Trd, 000283.917, 148
Trd, 000284.867, 143
Trd, 000285.717, 144
Trd, 000285.983, 141.0
Trd, 000286.300, 138
Trd, 000286.417, 137
Trd, 000287.133, 148.0
Trd, 000287.400, 151.0
Trd, 000287.900, 146
Trd, 000288.417, 141.0
Trd, 000288.783, 155.0
Trd, 000289.400, 148.0
Trd, 000289.517, 146
Trd, 000290.800, 147
Trd, 000291.433, 147
Trd, 000291.500, 144.0
Trd, 000292.183, 134.0
Trd, 000292.700, 141.0
Trd, 000292.933, 133
Trd, 000293.133, 138
Trd, 000293.150, 138
Trd, 000293.200, 140
Trd, 000293.217, 147
Trd, 000295.633, 143
Trd, 000295.700, 145
Trd, 000295.750, 148.0
Trd, 000296.333, 151.0
Trd, 000296.917, 147
Trd, 000297.100, 147.0
Trd, 000297.117, 140
Trd, 000297.333, 141.0
Trd, 000298.017, 148
Trd, 000298.167, 153.0
Trd, 000298.417, 140
Trd, 000298.850, 155.0
Trd, 000299.017, 141
Trd, 000299.583, 148.0
