Trd, 000002.133, 187
Trd, 000003.267, 146
Trd, 000003.517, 137
Trd, 000003.800, 156
Trd, 000004.333, 156.0
Trd, 000005.083, 136.0
Trd, 000005.617, 136.0
Trd, 000005.633, 137.0
Trd, 000006.250, 146
Trd, 000006.367, 152
Trd, 000007.767, 148
Trd, 000008.033, 155.0
Trd, 000009.200, 149
Trd, 000009.767, 149
Trd, 000009.817, 148
Trd, 000011.883, 147
Trd, 000011.933, 142
Trd, 000012.250, 148.0
Trd, 000012.717, 147
Trd, 000013.283, 143
Trd, 000013.350, 148
Trd, 000013.650, 147
Trd, 000014.517, 147
Trd, 000015.200, 148
Trd, 000016.100, 148
Trd, 000016.617, 148.0
Trd, 000016.833, 155.0
Trd, 000017.300, 151
Trd, 000019.217, 151
Trd, 000019.617, 150
Trd, 000019.950, 148
Trd, 000020.217, 152
Trd, 000020.717, 151
Trd, 000021.917, 150
Trd, 000022.800, 150
Trd, 000023.667, 150
Trd, 000023.933, 150
Trd, 000024.133, 150
Trd, 000024.400, 149
Trd, 000025.250, 148
Trd, 000025.867, 149
Trd, 000026.600, 149
Trd, 000027.983, 146
Trd, 000028.250, 147
Trd, 000028.583, 146
Trd, 000029.033, 138
Trd, 000030.267, 147
Trd, 000030.933, 145
Trd, 000031.000, 147
Trd, 000031.617, 146
Trd, 000032.767, 143
Trd, 000033.167, 146
Trd, 000033.217, 142
Trd, 000033.233, 151.0
Trd, 000033.933, 141
Trd, 000034.100, 147
Trd, 000034.433, 139
Trd, 000036.517, 145
Trd, 000036.567, 147
Trd, 000038.383, 145
Trd, 000038.583, 144
Trd, 000038.750, 142
Trd, 000038.833, 147
Trd, 000038.900, 148.0
Trd, 000040.350, 143
Trd, 000040.683, 151.0
Trd, 000041.400, 144
Trd, 000041.867, 148
Trd, 000042.050, 144
Trd, 000042.283, 146
Trd, 000043.150, 151
Trd, 000044.517, 148.0
Trd, 000044.567, 149
Trd, 000045.017, 150
Trd, 000045.833, 144
Trd, 000046.500, 148
Trd, 000047.317, 147
Trd, 000047.917, 148
Trd, 000048.150, 146
Trd, 000048.283, 144
Trd, 000048.583, 147
Trd, 000049.717, 143
Trd, 000050.517, 143
Trd, 000051.000, 143
Trd, 000052.017, 144
Trd, 000052.767, 144
Trd, 000053.800, 142
Trd, 000054.483, 141
Trd, 000055.167, 141
Trd, 000055.283, 141
Trd, 000055.367, 142
Trd, 000055.750, 140
Trd, 000055.917, 142
Trd, 000056.017, 142
Trd, 000056.350, 140
Trd, 000057.433, 142
Trd, 000058.117, 141
Trd, 000059.650, 142
Trd, 000060.817, 141
Trd, 000061.033, 142
Trd, 000061.933, 142
Trd, 000062.833, 141
Trd, 000063.033, 141
Trd, 000063.283, 140
Trd, 000064.300, 139
Trd, 000064.800, 139
Trd, 000065.083, 141
Trd, 000066.700, 141
Trd, 000067.150, 138
Trd, 000068.383, 137
Trd, 000070.633, 137
Trd, 000070.783, 139
Trd, 000070.917, 139
Trd, 000072.383, 139
Trd, 000072.500, 139
Trd, 000072.650, 138
Trd, 000073.683, 139
Trd, 000074.450, 135
Trd, 000074.500, 135
Trd, 000075.900, 140
Trd, 000077.217, 144
Trd, 000077.300, 150
Trd, 000077.950, 144
Trd, 000078.250, 143
Trd, 000079.683, 146
Trd, 000080.283, 146
Trd, 000080.567, 149.0
Trd, 000081.700, 145
Trd, 000082.183, 144
Trd, 000082.650, 144
Trd, 000082.683, 144
Trd, 000084.300, 147
Trd, 000084.717, 147
Trd, 000085.150, 144
Trd, 000086.050, 147
Trd, 000086.167, 151.0
Trd, 000086.683, 147
Trd, 000087.533, 148
Trd, 000087.850, 144
Trd, 000087.900, 148
Trd, 000090.550, 143
Trd, 000090.850, 146
Trd, 000091.250, 144
Trd, 000091.700, 143
Trd, 000091.883, 145
Trd, 000092.200, 142
Trd, 000092.467, 149
Trd, 000092.800, 150
Trd, 000092.967, 143
Trd, 000094.983, 146
Trd, 000095.517, 146
Trd, 000095.783, 145
Trd, 000095.950, 149
Trd, 000096.850, 144
Trd, 000096.983, 143
Trd, 000097.283, 142
Trd, 000098.433, 141
Trd, 000098.483, 142
Trd, 000099.567, 138
Trd, 000100.183, 138
Trd, 000100.650, 139.0
Trd, 000102.650, 147
Trd, 000104.383, 145
Trd, 000104.417, 134.0
Trd, 000104.633, 145.0
Trd, 000104.833, 144
Trd, 000105.033, 147.0
Trd, 000106.583, 144
Trd, 000107.117, 149
Trd, 000107.183, 151
Trd, 000107.983, 147
Trd, 000108.283, 143
Trd, 000108.983, 146
Trd, 000109.067, 147
Trd, 000109.983, 146
Trd, 000110.167, 144
Trd, 000111.233, 143
Trd, 000111.550, 144
Trd, 000112.550, 144
Trd, 000113.483, 144
Trd, 000114.350, 145
Trd, 000115.367, 145
Trd, 000115.850, 144
Trd, 000116.417, 143
Trd, 000117.233, 144
Trd, 000118.783, 147.0
Trd, 000118.817, 144
Trd, 000118.917, 147
Trd, 000119.483, 143
Trd, 000121.550, 143
Trd, 000121.667, 146
Trd, 000122.900, 144
Trd, 000125.050, 144
Trd, 000125.517, 144
Trd, 000125.750, 144
Trd, 000125.783, 145
Trd, 000125.883, 142
Trd, 000126.117, 134.0
Trd, 000127.250, 144
Trd, 000127.500, 148.0
Trd, 000128.433, 141
Trd, 000128.783, 141
Trd, 000129.667, 143
Trd, 000129.950, 143
Trd, 000130.183, 144
Trd, 000130.617, 142
Trd, 000131.233, 142
Trd, 000131.267, 148.0
Trd, 000131.367, 154
Trd, 000131.400, 134.0
Trd, 000133.817, 140
Trd, 000134.383, 135.0
Trd, 000135.100, 135.0
Trd, 000135.600, 137.0
Trd, 000136.583, 137
Trd, 000136.700, 139
Trd, 000136.867, 138
Trd, 000138.133, 137.0
Trd, 000138.717, 139
Trd, 000138.800, 135
Trd, 000139.133, 140
Trd, 000141.183, 138
Trd, 000141.267, 140
Trd, 000141.617, 138
Trd, 000142.917, 137
Trd, 000143.117, 140
Trd, 000143.267, 136
Trd, 000143.750, 137.0
Trd, 000144.550, 138
Trd, 000146.000, 139
Trd, 000146.550, 140
Trd, 000147.033, 138
Trd, 000148.200, 139
Trd, 000149.150, 140
Trd, 000149.250, 140
Trd, 000149.717, 139
Trd, 000150.717, 139
Trd, 000151.183, 139
Trd, 000151.583, 140
Trd, 000152.283, 140
Trd, 000153.283, 140
Trd, 000154.083, 139
Trd, 000154.850, 139
Trd, 000155.067, 141
Trd, 000155.200, 138
Trd, 000155.617, 148.0
Trd, 000155.883, 137
Trd, 000156.433, 135
Trd, 000157.133, 151.0
Trd, 000158.633, 140
Trd, 000158.733, 142
Trd, 000161.133, 138
Trd, 000161.233, 139
Trd, 000161.667, 141
Trd, 000161.950, 140
Trd, 000162.233, 139
Trd, 000163.150, 141
Trd, 000164.017, 142
Trd, 000164.233, 139
Trd, 000164.467, 147.0
Trd, 000165.083, 143
Trd, 000165.933, 152
Trd, 000166.833, 154
Trd, 000167.250, 153
Trd, 000167.900, 152
Trd, 000168.150, 151
Trd, 000168.350, 148
Trd, 000168.867, 143
Trd, 000169.367, 149
Trd, 000169.500, 150
Trd, 000170.917, 147
Trd, 000171.267, 150
Trd, 000171.417, 150
Trd, 000173.917, 147
Trd, 000174.483, 150
Trd, 000175.633, 149
Trd, 000175.867, 148
Trd, 000175.917, 147
Trd, 000176.033, 150
Trd, 000176.983, 143
Trd, 000177.317, 149
Trd, 000177.700, 148
Trd, 000178.400, 147
Trd, 000179.483, 147
Trd, 000179.900, 148
Trd, 000180.183, 146
Trd, 000181.167, 147
Trd, 000181.817, 146
Trd, 000182.100, 146
Trd, 000182.167, 147
Trd, 000182.233, 145
Trd, 000183.333, 144
Trd, 000183.450, 150.0
Trd, 000184.150, 148.0
Trd, 000185.217, 149.0
Trd, 000186.633, 149
Trd, 000186.867, 149
Trd, 000187.733, 149
Trd, 000188.283, 143
Trd, 000188.933, 144
Trd, 000189.617, 147
Trd, 000190.717, 146
Trd, 000190.883, 145
Trd, 000191.700, 147
Trd, 000191.883, 148.0
Trd, 000193.817, 145
Trd, 000193.900, 146
Trd, 000194.317, 146
Trd, 000194.700, 145
Trd, 000194.783, 143
Trd, 000194.817, 143
Trd, 000195.650, 144
Trd, 000196.267, 144
Trd, 000197.350, 144
Trd, 000198.567, 143
Trd, 000199.167, 142
Trd, 000199.333, 142
Trd, 000199.917, 144
Trd, 000200.050, 132.0
Trd, 000201.450, 142
Trd, 000201.850, 139
Trd, 000202.333, 141
Trd, 000202.450, 142
Trd, 000203.367, 148.0
Trd, 000203.850, 145
Trd, 000205.150, 140
Trd, 000206.533, 142
Trd, 000207.483, 141
Trd, 000207.717, 142
Trd, 000208.517, 140
Trd, 000209.050, 139
Trd, 000209.617, 139
Trd, 000210.650, 138
Trd, 000211.300, 138
Trd, 000211.883, 140
Trd, 000212.817, 149.0
Trd, 000213.517, 143
Trd, 000214.133, 139
Trd, 000214.850, 140
Trd, 000215.817, 140
Trd, 000216.050, 143
Trd, 000216.617, 137
Trd, 000216.783, 154
Trd, 000216.833, 137
Trd, 000217.967, 137.0
Trd, 000218.817, 145
Trd, 000219.467, 143
Trd, 000222.350, 142
Trd, 000222.850, 143
Trd, 000223.067, 143
Trd, 000223.517, 142
Trd, 000223.583, 143
Trd, 000223.633, 146
Trd, 000224.400, 140
Trd, 000226.283, 140
Trd, 000227.167, 140
Trd, 000227.267, 141
Trd, 000228.167, 140
Trd, 000228.217, 141
Trd, 000229.167, 141
Trd, 000229.200, 140
Trd, 000229.800, 149.0
Trd, 000230.367, 150.0
Trd, 000230.567, 139
Trd, 000234.400, 138
Trd, 000234.550, 141
Trd, 000235.067, 140
Trd, 000235.883, 140
Trd, 000236.233, 140
Trd, 000236.483, 148.0
Trd, 000236.550, 138
Trd, 000236.600, 137
Trd, 000236.917, 137
Trd, 000237.083, 151
Trd, 000237.217, 158.0
Trd, 000237.533, 131.0
Trd, 000239.050, 142
Trd, 000239.983, 136
Trd, 000240.150, 137
Trd, 000240.700, 138
Trd, 000241.050, 139
Trd, 000241.683, 137
Trd, 000242.033, 138
Trd, 000242.150, 136
Trd, 000242.500, 139
Trd, 000242.783, 141.0
Trd, 000243.217, 148.0
Trd, 000243.417, 146
Trd, 000243.433, 151.0
Trd, 000244.050, 144
Trd, 000244.067, 145
Trd, 000245.200, 144
Trd, 000245.567, 146
Trd, 000246.217, 145
Trd, 000246.467, 144
Trd, 000247.767, 143
Trd, 000248.267, 144
Trd, 000248.650, 144
Trd, 000248.933, 143
Trd, 000248.967, 143
Trd, 000249.167, 142
Trd, 000249.533, 141
Trd, 000249.733, 144
Trd, 000250.567, 138
Trd, 000251.083, 137.0
Trd, 000251.117, 139
Trd, 000252.850, 139
Trd, 000253.067, 138.0
Trd, 000253.367, 138
Trd, 000253.467, 136
Trd, 000253.617, 136
Trd, 000254.167, 137
Trd, 000254.783, 136
Trd, 000254.983, 135.0
Trd, 000255.233, 137.0
Trd, 000255.300, 138
Trd, 000255.567, 137
Trd, 000255.867, 142
Trd, 000256.617, 139
Trd, 000256.650, 138
Trd, 000257.300, 144.0
Trd, 000257.750, 141
Trd, 000258.683, 140
Trd, 000258.700, 150.0
Trd, 000259.300, 132.0
Trd, 000259.800, 139.0
Trd, 000260.100, 135.0
Trd, 000260.400, 136.0
Trd, 000260.967, 137.0
Trd, 000261.117, 136
Trd, 000261.850, 137.0
Trd, 000262.283, 135
Trd, 000262.500, 137.0
Trd, 000263.483, 139
Trd, 000264.950, 139
Trd, 000265.600, 141.0
Trd, 000265.650, 148.0
Trd, 000265.683, 147
Trd, 000266.017, 139
Trd, 000266.067, 139
Trd, 000266.417, 139
Trd, 000266.850, 142
Trd, 000267.300, 146
Trd, 000267.700, 144
Trd, 000267.817, 141
Trd, 000268.800, 151.0
Trd, 000269.217, 140
Trd, 000270.133, 143
Trd, 000271.050, 141
Trd, 000271.400, 141
Trd, 000271.600, 142
Trd, 000271.650, 143
Trd, 000271.983, 141.0
Trd, 000272.250, 145
Trd, 000272.267, 155.0
Trd, 000272.950, 149
Trd, 000273.650, 148
Trd, 000273.900, 148
Trd, 000273.950, 147
Trd, 000274.567, 145
Trd, 000275.283, 148
Trd, 000276.583, 147
Trd, 000276.983, 147
Trd, 000277.067, 147
Trd, 000277.100, 145
Trd, 000277.600, 151.0
Trd, 000277.850, 144
Trd, 000277.883, 148.0
Trd, 000278.133, 155.0
Trd, 000278.867, 145
Trd, 000279.533, 145
Trd, 000280.450, 148
Trd, 000281.433, 144
Trd, 000281.633, 143
Trd, 000282.017, 149
Trd, 000282.417, 145
Trd, 000282.700, 148
Trd, 000282.983, 147
Trd, 000284.033, 146
Trd, 000284.283, 147
Trd, 000284.417, 146
Trd, 000285.383, 147
Trd, 000285.617, 145
Trd, 000285.733, 144
Trd, 000286.217, 147.0
Trd, 000287.000, 143
Trd, 000287.450, 144
Trd, 000287.983, 146.0
Trd, 000288.750, 144
Trd, 000289.117, 144
Trd, 000289.333, 143
Trd, 000289.550, 134.0
Trd, 000289.900, 144
Trd, 000290.683, 151.0
Trd, 000290.800, 154
Trd, 000291.167, 140
Trd, 000292.317, 139
Trd, 000292.533, 137.0
Trd, 000293.333, 143
Trd, 000293.367, 144
Trd, 000294.517, 145
Trd, 000294.550, 145
Trd, 000295.017, 148.0
Trd, 000295.167, 151.0
Trd, 000295.333, 145
Trd, 000295.550, 141
Trd, 000295.850, 149
Trd, 000296.283, 140
Trd, 000296.350, 139
Trd, 000296.717, 138
Trd, 000297.600, 139
Trd, 000298.217, 142
Trd, 000298.517, 138.0
Trd, 000299.233, 139.0
