Trd, 000001.050, 124.0
Trd, 000002.867, 163
Trd, 000004.133, 159
Trd, 000004.250, 162.0
Trd, 000004.333, 157
Trd, 000004.800, 151.0
Trd, 000005.100, 126
Trd, 000005.483, 150
Trd, 000007.133, 138
Trd, 000007.200, 149
Trd, 000007.850, 139
Trd, 000007.933, 139
Trd, 000009.267, 147
Trd, 000010.033, 147
Trd, 000010.100, 149
Trd, 000010.233, 147
Trd, 000011.167, 147
Trd, 000012.117, 149
Trd, 000012.483, 148
Trd, 000012.650, 149
Trd, 000012.750, 150
Trd, 000012.783, 148
Trd, 000014.617, 148
Trd, 000014.700, 153
Trd, 000016.083, 165.0
Trd, 000016.700, 175.0
Trd, 000017.183, 179.0
Trd, 000017.883, 162
Trd, 000017.917, 161
Trd, 000018.150, 162
Trd, 000018.300, 162
Trd, 000019.017, 161
Trd, 000019.883, 156
Trd, 000020.417, 156
Trd, 000021.083, 157
Trd, 000022.917, 156
Trd, 000023.367, 156
Trd, 000023.733, 157
Trd, 000024.350, 158.0
Trd, 000024.550, 157.0
Trd, 000025.000, 165.0
Trd, 000025.417, 162
Trd, 000026.600, 161
Trd, 000026.950, 151.0
Trd, 000027.150, 143
Trd, 000028.367, 161
Trd, 000029.217, 151
Trd, 000030.467, 160
Trd, 000030.567, 161
Trd, 000030.650, 161
Trd, 000030.767, 162
Trd, 000031.367, 165.0
Trd, 000031.383, 161
Trd, 000031.933, 160
Trd, 000033.150, 163
Trd, 000033.467, 171
Trd, 000033.583, 162
Trd, 000033.783, 163
Trd, 000034.783, 161
Trd, 000035.300, 157
Trd, 000036.917, 151.0
Trd, 000036.967, 156
Trd, 000037.133, 157
Trd, 000038.400, 161
Trd, 000039.067, 156
Trd, 000039.083, 155
Trd, 000039.467, 157
Trd, 000039.783, 154
Trd, 000039.967, 159
Trd, 000040.433, 151.0
Trd, 000040.600, 148
Trd, 000041.567, 147
Trd, 000042.017, 146
Trd, 000042.350, 145.0
Trd, 000042.517, 144.0
Trd, 000043.817, 148
Trd, 000043.967, 148
Trd, 000044.133, 145.0
Trd, 000044.733, 149
Trd, 000048.200, 148
Trd, 000049.033, 148
Trd, 000049.150, 147
Trd, 000049.450, 149
Trd, 000049.717, 148
Trd, 000049.850, 150
Trd, 000050.117, 147
Trd, 000050.917, 141.0
Trd, 000051.467, 134
Trd, 000051.517, 135
Trd, 000051.733, 144
Trd, 000052.017, 165.0
Trd, 000052.883, 156
Trd, 000052.967, 155
Trd, 000053.900, 154
Trd, 000054.083, 171.0
Trd, 000054.417, 173.0
Trd, 000054.800, 175
Trd, 000055.517, 159
Trd, 000056.500, 158
Trd, 000057.717, 157
Trd, 000057.933, 164
Trd, 000057.967, 156
Trd, 000059.067, 159
Trd, 000059.767, 159
Trd, 000060.217, 159
Trd, 000060.633, 159
Trd, 000061.567, 159
Trd, 000062.150, 159
Trd, 000062.217, 160
Trd, 000062.300, 158
Trd, 000063.217, 152.0
Trd, 000063.350, 141.0
Trd, 000063.983, 124
Trd, 000065.400, 149
Trd, 000066.033, 152
Trd, 000066.783, 151.0
Trd, 000066.867, 147
Trd, 000067.600, 151
Trd, 000068.117, 154
Trd, 000069.050, 152
Trd, 000069.667, 152
Trd, 000069.750, 151.0
Trd, 000069.850, 155
Trd, 000070.150, 150
Trd, 000070.350, 164.0
Trd, 000072.067, 156
Trd, 000073.050, 155
Trd, 000074.183, 159
Trd, 000074.250, 164.0
Trd, 000075.583, 159
Trd, 000075.967, 159
Trd, 000077.150, 160
Trd, 000077.233, 161
Trd, 000077.467, 160
Trd, 000077.683, 151.0
Trd, 000077.783, 141.0
Trd, 000077.817, 135
Trd, 000078.767, 159
Trd, 000078.900, 150
Trd, 000079.400, 151
Trd, 000080.283, 152.0
Trd, 000082.450, 158
Trd, 000082.467, 157
Trd, 000082.900, 158
Trd, 000082.950, 164.0
Trd, 000084.817, 157
Trd, 000085.300, 158
Trd, 000085.867, 157
Trd, 000085.917, 158
Trd, 000086.650, 156
Trd, 000086.867, 165.0
Trd, 000087.200, 155
Trd, 000087.250, 151.0
Trd, 000088.033, 174.0
Trd, 000089.167, 142.0
Trd, 000089.683, 150
Trd, 000090.517, 156
Trd, 000090.783, 159
Trd, 000091.017, 152
Trd, 000091.233, 152
Trd, 000091.700, 152
Trd, 000091.950, 159
Trd, 000093.583, 153
Trd, 000093.683, 152
Trd, 000093.783, 151
Trd, 000094.383, 154
Trd, 000095.150, 155
Trd, 000096.583, 156
Trd, 000096.950, 153
Trd, 000096.967, 152
Trd, 000097.350, 153
Trd, 000097.500, 152
Trd, 000098.067, 151.0
Trd, 000098.717, 148
Trd, 000099.333, 141.0
Trd, 000099.750, 143
Trd, 000100.250, 152
Trd, 000101.150, 147
Trd, 000102.000, 152
Trd, 000102.833, 151.0
Trd, 000104.733, 149
Trd, 000104.950, 148
Trd, 000105.500, 149
Trd, 000105.733, 149
Trd, 000106.083, 148
Trd, 000106.167, 152
Trd, 000106.750, 151.0
Trd, 000106.850, 149
Trd, 000107.850, 152
Trd, 000108.350, 152
Trd, 000108.983, 152
Trd, 000109.067, 151
Trd, 000109.450, 154
Trd, 000109.700, 151
Trd, 000111.100, 152
Trd, 000111.350, 154
Trd, 000111.817, 151.0
Trd, 000112.233, 150
Trd, 000112.667, 155
Trd, 000112.900, 153
Trd, 000114.567, 151
Trd, 000115.850, 157
Trd, 000116.133, 162.0
Trd, 000116.200, 156
Trd, 000116.400, 163.0
Trd, 000116.567, 158
Trd, 000116.900, 157
Trd, 000117.850, 159
Trd, 000118.950, 156
Trd, 000119.150, 156
Trd, 000119.900, 153.0
Trd, 000119.933, 152.0
Trd, 000120.633, 162.0
Trd, 000121.250, 159
Trd, 000121.467, 160
Trd, 000121.650, 156
Trd, 000122.033, 155
Trd, 000122.067, 154
Trd, 000124.200, 157
Trd, 000124.817, 157
Trd, 000125.350, 155
Trd, 000126.383, 154
Trd, 000127.133, 154
Trd, 000127.583, 153
Trd, 000127.683, 152
Trd, 000128.950, 151.0
Trd, 000129.183, 149
Trd, 000130.467, 154
Trd, 000130.933, 153.0
Trd, 000131.133, 154
Trd, 000131.650, 155
Trd, 000131.850, 154.0
Trd, 000132.067, 152
Trd, 000133.400, 152
Trd, 000134.400, 153
Trd, 000134.483, 155
Trd, 000135.017, 154
Trd, 000135.283, 154.0
Trd, 000135.633, 154
Trd, 000135.983, 149
Trd, 000136.083, 153
Trd, 000136.417, 151.0
Trd, 000136.650, 152
Trd, 000137.917, 137
Trd, 000139.000, 152
Trd, 000139.150, 154
Trd, 000139.350, 148
Trd, 000139.650, 134
Trd, 000140.050, 163.0
Trd, 000141.550, 154
Trd, 000142.200, 154
Trd, 000142.367, 154
Trd, 000144.067, 155
Trd, 000144.633, 152
Trd, 000144.950, 154
Trd, 000145.100, 155
Trd, 000145.500, 154
Trd, 000145.983, 154
Trd, 000146.583, 153
Trd, 000147.433, 153
Trd, 000147.967, 154
Trd, 000148.367, 141.0
Trd, 000149.567, 151.0
Trd, 000150.000, 153
Trd, 000150.100, 153
Trd, 000150.433, 153
Trd, 000150.833, 151
Trd, 000151.183, 149
Trd, 000151.517, 152
Trd, 000152.417, 150
Trd, 000152.600, 153
Trd, 000153.517, 154
Trd, 000153.933, 151.0
Trd, 000154.433, 151
Trd, 000154.817, 153
Trd, 000155.667, 155
Trd, 000155.717, 154
Trd, 000156.000, 150
Trd, 000156.650, 142.0
Trd, 000157.150, 155
Trd, 000158.033, 153
Trd, 000159.183, 154
Trd, 000159.467, 155
Trd, 000159.783, 154
Trd, 000160.900, 154
Trd, 000161.117, 153
Trd, 000161.750, 152
Trd, 000162.050, 153
Trd, 000162.317, 152
Trd, 000162.783, 155
Trd, 000163.683, 162.0
Trd, 000165.367, 156
Trd, 000165.833, 156
Trd, 000166.083, 158
Trd, 000166.117, 175.0
Trd, 000166.167, 154
Trd, 000166.300, 154
Trd, 000168.317, 159
Trd, 000168.700, 160
Trd, 000168.983, 161
Trd, 000169.667, 160
Trd, 000170.567, 159
Trd, 000170.700, 159
Trd, 000171.217, 158
Trd, 000172.033, 165.0
Trd, 000172.683, 157
Trd, 000173.250, 151.0
Trd, 000173.383, 141.0
Trd, 000175.217, 157
Trd, 000176.033, 156
Trd, 000177.833, 156
Trd, 000177.867, 155.0
Trd, 000178.233, 156
Trd, 000178.500, 155
Trd, 000178.583, 154
Trd, 000178.933, 156
Trd, 000179.150, 154
Trd, 000179.783, 154
Trd, 000179.983, 154
Trd, 000180.883, 154
Trd, 000181.283, 153
Trd, 000183.267, 154
Trd, 000183.750, 154
Trd, 000184.250, 152
Trd, 000184.867, 154
Trd, 000185.033, 153.0
Trd, 000185.583, 155
Trd, 000186.250, 151.0
Trd, 000186.967, 156
Trd, 000187.150, 151
Trd, 000187.883, 155
Trd, 000190.817, 162.0
Trd, 000190.900, 155
Trd, 000191.017, 154
Trd, 000191.033, 152.0
Trd, 000191.233, 162
Trd, 000191.467, 164.0
Trd, 000192.717, 155
Trd, 000192.750, 156
Trd, 000193.967, 154
Trd, 000194.700, 157
Trd, 000194.717, 155
Trd, 000194.767, 155
Trd, 000195.800, 155
Trd, 000196.017, 156
Trd, 000196.217, 154
Trd, 000196.550, 155
Trd, 000196.967, 152
Trd, 000197.133, 155
Trd, 000197.733, 154
Trd, 000197.983, 152
Trd, 000198.033, 157
Trd, 000198.683, 146
Trd, 000199.083, 131
Trd, 000199.717, 173.0
Trd, 000199.783, 173.0
Trd, 000199.917, 172
Trd, 000200.867, 182.0
Trd, 000201.233, 157
Trd, 000201.850, 164
Trd, 000201.900, 152.0
Trd, 000202.983, 175.0
Trd, 000204.683, 162
Trd, 000205.100, 162
Trd, 000205.700, 163.0
Trd, 000206.450, 162
Trd, 000206.483, 161
Trd, 000207.100, 160
Trd, 000207.567, 159
Trd, 000207.933, 151.0
Trd, 000209.783, 157
Trd, 000210.000, 158
Trd, 000210.433, 158
Trd, 000210.617, 158
Trd, 000211.183, 159
Trd, 000211.850, 165.0
Trd, 000213.550, 156
Trd, 000214.383, 155
Trd, 000215.017, 158
Trd, 000215.567, 157
Trd, 000215.850, 156
Trd, 000216.000, 157
Trd, 000216.183, 152.0
Trd, 000216.450, 158
Trd, 000216.817, 154
Trd, 000216.867, 164.0
Trd, 000217.550, 159
Trd, 000217.783, 165.0
Trd, 000217.917, 154
Trd, 000219.083, 175.0
Trd, 000219.500, 160
Trd, 000220.183, 159
Trd, 000220.967, 158
Trd, 000221.300, 162
Trd, 000221.700, 151.0
Trd, 000222.667, 136
Trd, 000222.833, 148
Trd, 000223.300, 133.0
Trd, 000223.433, 133.0
Trd, 000223.733, 134.0
Trd, 000224.217, 148
Trd, 000224.383, 148
Trd, 000225.683, 145
Trd, 000226.300, 146
Trd, 000226.667, 144.0
Trd, 000226.800, 146
Trd, 000227.150, 143.0
Trd, 000227.533, 141.0
Trd, 000227.917, 142
Trd, 000228.067, 147
Trd, 000229.917, 142
Trd, 000230.033, 140
Trd, 000230.100, 147
Trd, 000230.200, 154
Trd, 000231.300, 151.0
Trd, 000232.067, 144
Trd, 000232.683, 152
Trd, 000233.200, 143
Trd, 000235.350, 147
Trd, 000235.383, 148
Trd, 000235.533, 146
Trd, 000235.833, 147
Trd, 000236.517, 147
Trd, 000237.483, 150
Trd, 000237.633, 146
Trd, 000237.650, 151
Trd, 000238.150, 141.0
Trd, 000238.517, 150
Trd, 000240.433, 163
Trd, 000240.567, 162
Trd, 000240.767, 167.0
Trd, 000241.183, 159
Trd, 000241.317, 157
Trd, 000241.467, 155
Trd, 000241.967, 152.0
Trd, 000242.433, 153.0
Trd, 000242.667, 154.0
Trd, 000244.150, 152
Trd, 000244.333, 153
Trd, 000244.717, 154
Trd, 000245.133, 155
Trd, 000245.183, 154
Trd, 000245.333, 155
Trd, 000245.683, 165.0
Trd, 000245.950, 151.0
Trd, 000246.150, 151
Trd, 000246.333, 150
Trd, 000246.683, 150
Trd, 000247.717, 150
Trd, 000248.200, 149
Trd, 000248.700, 147.0
Trd, 000248.833, 147.0
Trd, 000250.050, 144.0
Trd, 000250.267, 145
Trd, 000250.333, 131
Trd, 000250.417, 130
Trd, 000250.767, 140
Trd, 000251.150, 146
Trd, 000251.367, 148.0
Trd, 000251.833, 138
Trd, 000252.117, 140
Trd, 000252.883, 141
Trd, 000253.683, 142
Trd, 000254.067, 141
Trd, 000254.433, 141
Trd, 000254.767, 144
Trd, 000255.167, 146
Trd, 000256.017, 148
Trd, 000256.333, 160.0
Trd, 000256.733, 150
Trd, 000257.167, 151
Trd, 000257.300, 153
Trd, 000257.633, 151
Trd, 000257.750, 151.0
Trd, 000257.817, 150
Trd, 000258.933, 151.0
Trd, 000259.100, 151
Trd, 000259.200, 153.0
Trd, 000259.517, 151
Trd, 000260.200, 152
Trd, 000260.467, 165.0
Trd, 000260.733, 151
Trd, 000262.100, 151
Trd, 000262.250, 154
Trd, 000263.367, 152
Trd, 000263.833, 153
Trd, 000264.017, 160
Trd, 000264.100, 174.0
Trd, 000264.500, 159
Trd, 000264.817, 159
Trd, 000264.983, 159
Trd, 000265.633, 158
Trd, 000266.367, 157
Trd, 000266.633, 156
Trd, 000266.883, 156
Trd, 000266.917, 155
Trd, 000267.417, 156.0
Trd, 000267.683, 156
Trd, 000267.783, 154
Trd, 000267.950, 156
Trd, 000268.400, 152.0
Trd, 000268.650, 151.0
Trd, 000269.567, 130
Trd, 000270.033, 136
Trd, 000271.133, 135
Trd, 000271.433, 142
Trd, 000271.567, 140
Trd, 000271.833, 145
Trd, 000271.883, 140
Trd, 000272.167, 148.0
Trd, 000272.767, 147
Trd, 000273.350, 155
Trd, 000273.633, 153
Trd, 000274.400, 152
Trd, 000274.583, 159.0
Trd, 000274.917, 156
Trd, 000275.633, 153.0
Trd, 000275.767, 152.0
Trd, 000275.950, 151.0
Trd, 000276.883, 145
Trd, 000277.017, 144.0
Trd, 000277.400, 141.0
Trd, 000277.450, 153
Trd, 000277.900, 139
Trd, 000278.317, 141
Trd, 000279.083, 142.0
Trd, 000279.150, 148.0
Trd, 000279.600, 147
Trd, 000279.833, 147
Trd, 000280.117, 147.0
Trd, 000280.867, 148
Trd, 000281.117, 151.0
Trd, 000281.533, 160
Trd, 000282.517, 169.0
Trd, 000283.267, 157
Trd, 000283.400, 156
Trd, 000283.683, 149.0
Trd, 000283.900, 146
Trd, 000284.633, 144.0
Trd, 000285.533, 149
Trd, 000285.733, 147
Trd, 000285.900, 152
Trd, 000286.017, 153
Trd, 000286.083, 148
Trd, 000287.133, 153
Trd, 000287.367, 148
Trd, 000287.417, 147
Trd, 000289.033, 152
Trd, 000289.083, 151.0
Trd, 000289.300, 152
Trd, 000289.633, 146
Trd, 000289.983, 140
Trd, 000290.533, 139
Trd, 000290.633, 137
Trd, 000290.733, 141.0
Trd, 000291.333, 143
Trd, 000291.367, 142
Trd, 000291.417, 140
Trd, 000291.467, 144
Trd, 000291.633, 165.0
Trd, 000292.250, 175.0
Trd, 000292.450, 155
Trd, 000292.750, 174
Trd, 000293.633, 162.0
Trd, 000294.117, 159
Trd, 000294.133, 156
Trd, 000294.433, 151.0
Trd, 000294.933, 159
Trd, 000295.117, 141.0
Trd, 000295.950, 135
Trd, 000296.667, 146
Trd, 000296.950, 145
Trd, 000297.033, 148.0
Trd, 000297.767, 145
Trd, 000297.900, 142
Trd, 000298.367, 146.0
Trd, 000298.500, 145.0
Trd, 000299.567, 146.0
Trd, 000299.617, 148.0
Trd, 000299.867, 144.0
