Trd, 000002.450, 187
Trd, 000003.217, 178
Trd, 000003.867, 152
Trd, 000004.050, 150
Trd, 000004.300, 153
Trd, 000004.483, 154
Trd, 000004.950, 148.0
Trd, 000004.967, 165.0
Trd, 000005.217, 139
Trd, 000005.283, 139
Trd, 000005.450, 144
Trd, 000005.550, 169
Trd, 000007.350, 173
Trd, 000008.183, 150
Trd, 000008.817, 155
Trd, 000008.833, 148
Trd, 000008.950, 148
Trd, 000009.600, 158.0
Trd, 000009.717, 160
Trd, 000009.817, 143
Trd, 000009.900, 138.0
Trd, 000010.600, 144.0
Trd, 000010.683, 157
Trd, 000010.883, 158
Trd, 000011.917, 141
Trd, 000012.317, 157
Trd, 000013.183, 158
Trd, 000013.333, 144
Trd, 000013.433, 137.0
Trd, 000015.200, 142
Trd, 000015.350, 133
Trd, 000015.367, 132
Trd, 000015.750, 144.0
Trd, 000016.233, 148.0
Trd, 000016.350, 151.0
Trd, 000017.517, 157
Trd, 000018.250, 158
Trd, 000018.700, 148
Trd, 000019.150, 157
Trd, 000019.250, 158
Trd, 000019.317, 147
Trd, 000019.733, 146
Trd, 000019.800, 165.0
Trd, 000019.933, 146
Trd, 000020.983, 143
Trd, 000021.733, 158.0
Trd, 000022.000, 144
Trd, 000022.217, 167
Trd, 000023.300, 160
Trd, 000023.800, 148
Trd, 000024.300, 143
Trd, 000024.800, 150
Trd, 000024.850, 156
Trd, 000025.183, 160
Trd, 000026.300, 149
Trd, 000026.600, 148
Trd, 000026.850, 157
Trd, 000027.467, 181.0
Trd, 000027.783, 148.0
Trd, 000027.883, 178
Trd, 000028.733, 161
Trd, 000028.883, 145
Trd, 000029.833, 155
Trd, 000030.183, 149
Trd, 000031.200, 147
Trd, 000031.600, 158
Trd, 000031.833, 143
Trd, 000032.383, 159
Trd, 000032.817, 158.0
Trd, 000033.183, 148.0
Trd, 000033.750, 147
Trd, 000034.550, 159
Trd, 000035.383, 146
Trd, 000035.800, 156
Trd, 000036.167, 156
Trd, 000036.883, 145
Trd, 000037.767, 144
Trd, 000038.950, 159
Trd, 000039.083, 142
Trd, 000039.200, 151
Trd, 000039.500, 152
Trd, 000040.167, 153
Trd, 000040.317, 137.0
Trd, 000041.217, 152
Trd, 000041.450, 163.0
Trd, 000041.733, 158.0
Trd, 000042.233, 146
Trd, 000042.533, 131
Trd, 000042.717, 158
Trd, 000042.833, 157
Trd, 000044.483, 151
Trd, 000044.583, 151
Trd, 000044.850, 152
Trd, 000044.917, 144.0
Trd, 000045.383, 145
Trd, 000045.483, 142
Trd, 000047.567, 158
Trd, 000048.200, 148
Trd, 000048.350, 146
Trd, 000048.367, 165.0
Trd, 000048.850, 158.0
Trd, 000049.150, 141
Trd, 000050.133, 144.0
Trd, 000050.483, 144
Trd, 000050.617, 149.0
Trd, 000052.067, 148.0
Trd, 000052.633, 150
Trd, 000052.933, 144
Trd, 000053.233, 143
Trd, 000053.817, 147
Trd, 000053.917, 144
Trd, 000054.183, 151.0
Trd, 000054.367, 143
Trd, 000055.450, 158.0
Trd, 000055.517, 162.0
Trd, 000056.417, 143
Trd, 000056.567, 137.0
Trd, 000056.583, 159
Trd, 000056.850, 160
Trd, 000057.283, 179
Trd, 000058.700, 144.0
Trd, 000059.400, 150
Trd, 000059.483, 139
Trd, 000059.800, 131
Trd, 000060.400, 139
Trd, 000060.667, 149
Trd, 000060.950, 149
Trd, 000061.117, 175
Trd, 000062.667, 155
Trd, 000063.900, 141
Trd, 000064.000, 140
Trd, 000064.767, 144.0
Trd, 000064.800, 151
Trd, 000065.667, 142
Trd, 000066.117, 156
Trd, 000066.250, 142
Trd, 000066.683, 171
Trd, 000067.583, 143
Trd, 000067.933, 144.0
Trd, 000068.367, 147.0
Trd, 000068.917, 144
Trd, 000069.533, 148.0
Trd, 000069.817, 151.0
Trd, 000070.050, 158
Trd, 000070.217, 158.0
Trd, 000070.633, 154
Trd, 000071.183, 156
Trd, 000071.283, 165.0
Trd, 000071.733, 153
Trd, 000072.000, 153
Trd, 000072.033, 151
Trd, 000072.167, 148.0
Trd, 000072.300, 143
Trd, 000072.817, 175
Trd, 000073.800, 137.0
Trd, 000073.900, 173
Trd, 000074.450, 144.0
Trd, 000076.017, 142
Trd, 000076.717, 144.0
Trd, 000077.033, 144
Trd, 000077.117, 148.0
Trd, 000077.950, 160
Trd, 000078.533, 146
Trd, 000079.083, 146
Trd, 000079.583, 157
Trd, 000079.700, 158
Trd, 000079.833, 145
Trd, 000081.183, 158.0
Trd, 000082.350, 143
Trd, 000082.883, 147
Trd, 000083.800, 148
Trd, 000083.967, 149
Trd, 000084.150, 146
Trd, 000084.350, 151
Trd, 000084.733, 144.0
Trd, 000084.933, 152
Trd, 000085.200, 143
Trd, 000086.367, 146
Trd, 000086.600, 165.0
Trd, 000087.050, 174
Trd, 000087.650, 161
Trd, 000087.817, 158.0
Trd, 000088.183, 164
Trd, 000088.383, 148.0
Trd, 000088.467, 145
Trd, 000089.317, 138
Trd, 000090.017, 157
Trd, 000090.283, 161
Trd, 000090.433, 154
Trd, 000090.767, 159
Trd, 000091.017, 137.0
Trd, 000091.083, 137
Trd, 000091.683, 158
Trd, 000093.933, 148
Trd, 000094.167, 166
Trd, 000094.433, 150.0
Trd, 000094.667, 148.0
Trd, 000095.050, 158.0
Trd, 000095.633, 162
Trd, 000096.033, 155
Trd, 000098.017, 146
Trd, 000098.150, 145
Trd, 000098.183, 159
Trd, 000098.600, 149
Trd, 000098.733, 142
Trd, 000098.833, 157
Trd, 000099.150, 141
Trd, 000099.483, 151
Trd, 000099.700, 156
Trd, 000101.150, 156
Trd, 000101.233, 143
Trd, 000101.750, 142
Trd, 000101.783, 137.0
Trd, 000103.517, 144.0
Trd, 000104.000, 144
Trd, 000104.083, 145
Trd, 000104.283, 143
Trd, 000104.433, 146
Trd, 000105.467, 143
Trd, 000105.800, 147
Trd, 000106.267, 146
Trd, 000106.767, 144.0
Trd, 000107.183, 148.0
Trd, 000107.400, 143
Trd, 000109.217, 155
Trd, 000110.100, 147
Trd, 000110.450, 147
Trd, 000110.750, 155
Trd, 000110.883, 146
Trd, 000111.033, 143
Trd, 000111.383, 138.0
Trd, 000111.733, 133
Trd, 000111.883, 156
Trd, 000112.000, 131.0
Trd, 000112.050, 158
Trd, 000113.283, 158
Trd, 000113.567, 143
Trd, 000115.283, 150
Trd, 000115.317, 155
Trd, 000115.633, 144
Trd, 000115.833, 143
Trd, 000115.983, 143
Trd, 000116.567, 157
Trd, 000117.650, 157
Trd, 000117.767, 152
Trd, 000118.533, 143
Trd, 000119.600, 157
Trd, 000122.050, 155
Trd, 000122.167, 148
Trd, 000122.517, 155
Trd, 000122.667, 147
Trd, 000122.767, 141
Trd, 000122.867, 158
Trd, 000123.633, 165.0
Trd, 000123.917, 139
Trd, 000124.517, 159
Trd, 000125.967, 147
Trd, 000126.000, 151
Trd, 000126.150, 147
Trd, 000126.200, 137.0
Trd, 000126.650, 131
Trd, 000126.700, 149
Trd, 000126.900, 144.0
Trd, 000127.700, 143
Trd, 000128.267, 173
Trd, 000129.150, 158.0
Trd, 000129.400, 149
Trd, 000129.750, 161
Trd, 000130.650, 171
Trd, 000131.850, 149
Trd, 000132.483, 151.0
Trd, 000133.117, 168
Trd, 000133.467, 170
Trd, 000133.817, 171
Trd, 000133.850, 162
Trd, 000133.867, 158.0
Trd, 000134.200, 171
Trd, 000135.100, 150
Trd, 000135.533, 148.0
Trd, 000135.817, 154
Trd, 000136.133, 154
Trd, 000136.833, 152
Trd, 000136.850, 158
Trd, 000137.100, 153
Trd, 000137.833, 158
Trd, 000138.017, 151
Trd, 000138.350, 144.0
Trd, 000138.967, 169
Trd, 000139.083, 136
Trd, 000139.550, 139
Trd, 000141.783, 144.0
Trd, 000141.833, 148.0
Trd, 000142.517, 143
Trd, 000143.167, 148
Trd, 000143.583, 157
Trd, 000143.617, 147
Trd, 000143.633, 158
Trd, 000143.817, 146
Trd, 000144.817, 143
Trd, 000145.267, 159
Trd, 000145.450, 149
Trd, 000145.900, 158.0
Trd, 000146.017, 158
Trd, 000146.867, 133
Trd, 000146.883, 131.0
Trd, 000146.933, 123
Trd, 000148.083, 144.0
Trd, 000148.233, 157
Trd, 000148.583, 141
Trd, 000150.383, 143
Trd, 000150.767, 151
Trd, 000150.867, 151
Trd, 000150.983, 142
Trd, 000151.467, 141
Trd, 000151.650, 149
Trd, 000151.900, 151.0
Trd, 000152.300, 139
Trd, 000152.967, 158
Trd, 000154.167, 164.0
Trd, 000154.450, 165.0
Trd, 000154.550, 159.0
Trd, 000154.767, 173
Trd, 000155.767, 158.0
Trd, 000155.850, 150
Trd, 000156.650, 148.0
Trd, 000158.233, 167
Trd, 000158.383, 149
Trd, 000158.500, 168
Trd, 000159.650, 164
Trd, 000160.400, 158.0
Trd, 000161.067, 150
Trd, 000161.283, 148.0
Trd, 000162.233, 158.0
Trd, 000162.483, 152
Trd, 000162.600, 161
Trd, 000162.750, 151
Trd, 000163.400, 157
Trd, 000163.417, 148.0
Trd, 000163.517, 158
Trd, 000164.483, 145
Trd, 000164.650, 132
Trd, 000165.917, 157
Trd, 000166.017, 136
Trd, 000166.800, 134.0
Trd, 000167.283, 144.0
Trd, 000167.600, 143
Trd, 000168.033, 148.0
Trd, 000168.733, 144
Trd, 000168.950, 146
Trd, 000169.283, 144
Trd, 000170.033, 142
Trd, 000170.467, 155
Trd, 000171.133, 154
Trd, 000171.167, 144
Trd, 000171.217, 137.0
Trd, 000171.417, 158
Trd, 000173.000, 144.0
Trd, 000174.067, 155
Trd, 000175.317, 145
Trd, 000175.500, 133
Trd, 000175.867, 142
Trd, 000176.017, 148.0
Trd, 000176.133, 154.0
Trd, 000177.417, 147
Trd, 000177.783, 146
Trd, 000178.150, 144
Trd, 000178.867, 143
Trd, 000179.883, 148.0
Trd, 000180.067, 149
Trd, 000180.117, 150
Trd, 000180.433, 151.0
Trd, 000180.950, 148
Trd, 000181.133, 144
Trd, 000181.467, 149
Trd, 000182.383, 158
Trd, 000182.517, 173
Trd, 000183.050, 168
Trd, 000183.300, 179
Trd, 000183.733, 145
Trd, 000183.833, 144
Trd, 000184.617, 152
Trd, 000185.683, 142
Trd, 000185.850, 144.0
Trd, 000186.617, 139.0
Trd, 000187.733, 144
Trd, 000187.883, 145
Trd, 000188.500, 148.0
Trd, 000188.983, 150.0
Trd, 000189.200, 158
Trd, 000189.617, 159
Trd, 000189.800, 143
Trd, 000189.833, 142
Trd, 000190.367, 141
Trd, 000191.367, 144.0
Trd, 000191.400, 141
Trd, 000191.800, 159
Trd, 000193.083, 144.0
Trd, 000193.283, 148.0
Trd, 000194.583, 149
Trd, 000194.683, 151
Trd, 000194.783, 140.0
Trd, 000195.517, 141
Trd, 000196.033, 142.0
Trd, 000196.283, 136
Trd, 000197.067, 134
Trd, 000197.550, 151.0
Trd, 000198.533, 165.0
Trd, 000198.967, 133
Trd, 000199.617, 137
Trd, 000199.800, 160
Trd, 000200.450, 173
Trd, 000200.533, 159.0
Trd, 000201.000, 158.0
Trd, 000201.417, 158
Trd, 000201.467, 171
Trd, 000202.017, 143
Trd, 000202.450, 148.0
Trd, 000203.817, 140
Trd, 000203.867, 144.0
Trd, 000203.917, 151.0
Trd, 000205.083, 147
Trd, 000205.250, 148
Trd, 000205.500, 146
Trd, 000205.517, 148
Trd, 000206.100, 143
Trd, 000206.267, 142
Trd, 000206.817, 148
Trd, 000207.183, 159
Trd, 000207.650, 137.0
Trd, 000208.267, 159
Trd, 000208.533, 173
Trd, 000210.367, 139.0
Trd, 000210.483, 165
Trd, 000210.617, 165
Trd, 000210.767, 144.0
Trd, 000211.800, 145
Trd, 000211.850, 138.0
Trd, 000212.067, 139
Trd, 000212.950, 142
Trd, 000212.967, 148
Trd, 000213.617, 137.0
Trd, 000213.717, 133
Trd, 000214.900, 144
Trd, 000215.017, 144.0
Trd, 000215.817, 145.0
Trd, 000215.967, 148.0
Trd, 000217.017, 143
Trd, 000217.183, 151.0
Trd, 000217.217, 159
Trd, 000217.267, 152
Trd, 000217.617, 142
Trd, 000218.000, 140
Trd, 000218.650, 159
Trd, 000219.000, 160
Trd, 000219.133, 158.0
Trd, 000220.000, 152
Trd, 000220.150, 151
Trd, 000220.583, 148.0
Trd, 000220.633, 140
Trd, 000221.750, 153
Trd, 000222.550, 150
Trd, 000222.867, 151.0
Trd, 000223.117, 158
Trd, 000223.583, 146
Trd, 000223.650, 137.0
Trd, 000223.717, 133
Trd, 000224.233, 158.0
Trd, 000225.283, 146
Trd, 000225.567, 146
Trd, 000227.000, 152
Trd, 000227.033, 153
Trd, 000227.567, 145
Trd, 000227.600, 145
Trd, 000227.750, 157
Trd, 000227.933, 137.0
Trd, 000228.350, 165.0
Trd, 000228.567, 156
Trd, 000228.933, 139
Trd, 000228.967, 161
Trd, 000229.517, 174
Trd, 000230.617, 180.0
Trd, 000231.400, 160.0
Trd, 000231.733, 158.0
Trd, 000232.183, 148.0
Trd, 000232.417, 154
Trd, 000233.183, 162.0
Trd, 000233.900, 148
Trd, 000233.950, 148
Trd, 000235.550, 150
Trd, 000236.117, 156
Trd, 000236.450, 153
Trd, 000236.917, 154
Trd, 000237.250, 142
Trd, 000237.500, 139
Trd, 000237.917, 155
Trd, 000238.450, 155
Trd, 000240.133, 145
Trd, 000240.433, 145
Trd, 000240.483, 147
Trd, 000241.533, 147
Trd, 000241.817, 146
Trd, 000241.933, 145
Trd, 000242.083, 145
Trd, 000242.467, 148.0
Trd, 000242.517, 150
Trd, 000242.633, 145
Trd, 000242.717, 158
Trd, 000243.767, 156
Trd, 000243.883, 144
Trd, 000244.583, 143
Trd, 000244.633, 142
Trd, 000244.933, 147
Trd, 000244.967, 158
Trd, 000245.950, 135
Trd, 000246.550, 140.0
Trd, 000247.217, 143.0
Trd, 000247.567, 143
Trd, 000247.800, 142
Trd, 000248.400, 141
Trd, 000248.683, 143.0
Trd, 000248.817, 141
Trd, 000249.017, 144.0
Trd, 000249.667, 142
Trd, 000250.483, 150.0
Trd, 000251.200, 151.0
Trd, 000251.450, 158
Trd, 000251.550, 145
Trd, 000252.083, 162.0
Trd, 000252.683, 158.0
Trd, 000253.133, 145
Trd, 000254.067, 171
Trd, 000254.417, 143
Trd, 000254.467, 144.0
Trd, 000255.817, 146.0
Trd, 000256.150, 144
Trd, 000256.550, 145
Trd, 000256.633, 147
Trd, 000256.667, 142
Trd, 000256.817, 148.0
Trd, 000256.850, 132
Trd, 000257.033, 159
Trd, 000257.417, 162.0
Trd, 000258.050, 151
Trd, 000258.200, 151.0
Trd, 000258.300, 148.0
Trd, 000258.400, 144
Trd, 000258.433, 170
Trd, 000258.800, 132.0
Trd, 000259.283, 152
Trd, 000259.900, 156
Trd, 000260.600, 149.0
Trd, 000260.733, 143
Trd, 000261.950, 154
Trd, 000262.467, 146
Trd, 000262.900, 155
Trd, 000262.967, 156
Trd, 000263.767, 145
Trd, 000264.300, 155
Trd, 000264.400, 144
Trd, 000265.483, 143
Trd, 000266.233, 140
Trd, 000266.417, 143.0
Trd, 000266.433, 142
Trd, 000266.767, 149
Trd, 000267.600, 148
Trd, 000268.267, 151
Trd, 000268.283, 152
Trd, 000268.400, 149
Trd, 000268.600, 156
Trd, 000268.733, 158
Trd, 000269.317, 162.0
Trd, 000270.000, 141
Trd, 000270.167, 144
Trd, 000270.550, 148.0
Trd, 000270.683, 146
Trd, 000271.167, 146
Trd, 000272.000, 149
Trd, 000273.117, 150
Trd, 000274.267, 164.0
Trd, 000274.283, 165.0
Trd, 000274.483, 174
Trd, 000274.583, 157
Trd, 000274.700, 180
Trd, 000275.450, 158.0
Trd, 000276.017, 157
Trd, 000276.217, 155
Trd, 000277.033, 150
Trd, 000277.367, 151.0
Trd, 000277.783, 152
Trd, 000278.200, 149.0
Trd, 000278.233, 155
Trd, 000278.517, 148.0
Trd, 000279.683, 156
Trd, 000281.067, 158.0
Trd, 000281.150, 162.0
Trd, 000282.150, 161
Trd, 000282.617, 155
Trd, 000282.700, 155
Trd, 000283.967, 157
Trd, 000284.117, 158
Trd, 000284.217, 155
Trd, 000284.300, 151.0
Trd, 000284.483, 158
Trd, 000284.900, 157
Trd, 000285.217, 158
Trd, 000285.333, 148.0
Trd, 000285.717, 158
Trd, 000285.933, 150
Trd, 000285.967, 132
Trd, 000286.650, 143
Trd, 000287.017, 150.0
Trd, 000287.033, 140
Trd, 000287.750, 140
Trd, 000288.633, 155
Trd, 000288.967, 142
Trd, 000289.033, 147
Trd, 000289.317, 155
Trd, 000290.117, 139.0
Trd, 000290.250, 138.0
Trd, 000290.700, 144.0
Trd, 000290.950, 131
Trd, 000291.200, 147
Trd, 000292.183, 151.0
Trd, 000292.400, 134
Trd, 000292.800, 152
Trd, 000292.817, 158
Trd, 000292.917, 142.0
Trd, 000293.333, 139
Trd, 000293.400, 140.0
Trd, 000293.517, 139
Trd, 000293.550, 137.0
Trd, 000293.717, 131.0
Trd, 000294.967, 144.0
Trd, 000295.533, 147.0
Trd, 000295.583, 148.0
Trd, 000296.967, 151.0
Trd, 000297.100, 149
Trd, 000297.150, 148.0
Trd, 000297.167, 147
Trd, 000297.417, 156
Trd, 000298.383, 147
Trd, 000298.633, 158
Trd, 000299.033, 162.0
Trd, 000299.533, 148
Trd, 000299.717, 159
