Trd, 000001.950, 135
Trd, 000003.767, 138
Trd, 000003.950, 144.0
Trd, 000003.967, 148.0
Trd, 000004.200, 151.0
Trd, 000006.217, 132
Trd, 000007.033, 138
Trd, 000007.167, 139
Trd, 000007.633, 141
Trd, 000008.083, 133
Trd, 000008.300, 139
Trd, 000010.550, 143
Trd, 000010.600, 148.0
Trd, 000012.717, 146
Trd, 000013.233, 148.0
Trd, 000013.383, 150.0
Trd, 000014.933, 141
Trd, 000015.050, 141
Trd, 000016.033, 145
Trd, 000016.083, 148.0
Trd, 000017.283, 145
Trd, 000017.383, 143
Trd, 000018.933, 144
Trd, 000019.333, 146
Trd, 000020.333, 145.0
Trd, 000020.817, 145
Trd, 000020.967, 146
Trd, 000022.267, 146
Trd, 000022.283, 143
Trd, 000023.000, 144
Trd, 000023.967, 144
Trd, 000024.467, 145
Trd, 000024.517, 143
Trd, 000025.217, 145
Trd, 000026.117, 145
Trd, 000027.667, 144.0
Trd, 000028.567, 145.0
Trd, 000028.917, 148.0
Trd, 000029.583, 151.0
Trd, 000029.767, 155.0
Trd, 000030.283, 145
Trd, 000031.333, 153
Trd, 000033.700, 150
Trd, 000034.217, 150
Trd, 000035.383, 145
Trd, 000035.783, 144
Trd, 000037.000, 146.0
Trd, 000038.067, 147.0
Trd, 000039.100, 146.0
Trd, 000039.583, 148.0
Trd, 000040.117, 149
Trd, 000040.667, 148.0
Trd, 000041.250, 146
Trd, 000042.617, 148.0
Trd, 000043.100, 149
Trd, 000043.117, 149
Trd, 000043.133, 155.0
Trd, 000044.667, 150
Trd, 000045.750, 148
Trd, 000045.817, 146
Trd, 000046.783, 143
Trd, 000047.067, 145
Trd, 000048.550, 148.0
Trd, 000048.600, 158.0
Trd, 000049.500, 145
Trd, 000049.533, 148
Trd, 000050.350, 148
Trd, 000052.500, 150
Trd, 000053.317, 148.0
Trd, 000053.383, 148
Trd, 000053.983, 147
Trd, 000054.217, 148.0
Trd, 000054.417, 147
Trd, 000054.717, 148.0
Trd, 000055.833, 150
Trd, 000056.050, 149
Trd, 000056.183, 149
Trd, 000056.267, 145
Trd, 000056.800, 150.0
Trd, 000057.183, 136
Trd, 000057.217, 150.0
Trd, 000058.350, 151.0
Trd, 000058.600, 155.0
Trd, 000059.217, 155
Trd, 000061.467, 148.0
Trd, 000062.917, 147
Trd, 000064.017, 148.0
Trd, 000064.633, 145
Trd, 000065.383, 144
Trd, 000065.717, 146
Trd, 000065.900, 145
Trd, 000066.233, 146
Trd, 000066.567, 146
Trd, 000066.700, 147
Trd, 000067.900, 144
Trd, 000069.033, 148
Trd, 000069.733, 141
Trd, 000070.767, 144.0
Trd, 000070.800, 144
Trd, 000071.867, 148.0
Trd, 000073.467, 145
Trd, 000073.533, 146
Trd, 000074.033, 147
Trd, 000075.517, 147
Trd, 000076.600, 147
Trd, 000077.183, 148
Trd, 000077.217, 147
Trd, 000077.267, 148
Trd, 000077.317, 151.0
Trd, 000079.283, 146
Trd, 000080.733, 147
Trd, 000081.550, 147.0
Trd, 000082.183, 146
Trd, 000082.667, 148.0
Trd, 000082.817, 146
Trd, 000083.200, 147
Trd, 000084.967, 149.0
Trd, 000085.650, 148.0
Trd, 000086.267, 146
Trd, 000086.483, 145
Trd, 000087.567, 148
Trd, 000087.683, 144
Trd, 000087.700, 151.0
Trd, 000089.267, 146
Trd, 000090.300, 147
Trd, 000090.317, 147
Trd, 000090.800, 146
Trd, 000090.933, 147
Trd, 000092.367, 147
Trd, 000093.150, 148.0
Trd, 000093.983, 148
Trd, 000094.017, 151.0
Trd, 000094.400, 150
Trd, 000094.900, 147
Trd, 000095.933, 148
Trd, 000096.050, 150
Trd, 000096.917, 157.0
Trd, 000098.083, 151.0
Trd, 000098.717, 146
Trd, 000099.300, 148.0
Trd, 000099.767, 149
Trd, 000100.000, 150
Trd, 000101.400, 151.0
Trd, 000102.283, 149
Trd, 000102.317, 148.0
Trd, 000102.583, 146
Trd, 000103.033, 145
Trd, 000103.233, 148
Trd, 000103.267, 145
Trd, 000104.917, 151.0
Trd, 000105.133, 147
Trd, 000105.667, 148
Trd, 000107.550, 147
Trd, 000108.583, 148
Trd, 000109.400, 146
Trd, 000109.500, 146
Trd, 000109.750, 138
Trd, 000109.967, 146
Trd, 000110.917, 146
Trd, 000111.000, 148.0
Trd, 000113.267, 145
Trd, 000113.767, 146
Trd, 000113.783, 148.0
Trd, 000113.983, 143
Trd, 000115.733, 148
Trd, 000116.183, 149
Trd, 000116.200, 150.0
Trd, 000117.000, 151.0
Trd, 000118.533, 145
Trd, 000119.283, 148.0
Trd, 000119.850, 146
Trd, 000120.217, 151.0
Trd, 000120.367, 150
Trd, 000120.833, 150
Trd, 000121.783, 149
Trd, 000122.417, 149
Trd, 000122.533, 148.0
Trd, 000123.083, 148.0
Trd, 000123.133, 147
Trd, 000123.867, 149.0
Trd, 000124.717, 151.0
Trd, 000125.467, 148
Trd, 000125.517, 149
Trd, 000128.350, 150
Trd, 000128.367, 150
Trd, 000129.100, 148.0
Trd, 000129.250, 150
Trd, 000130.333, 149
Trd, 000131.967, 147
Trd, 000132.217, 147
Trd, 000132.433, 147
Trd, 000132.450, 149
Trd, 000133.217, 151.0
Trd, 000133.300, 134.0
Trd, 000133.333, 155.0
Trd, 000135.200, 143
Trd, 000136.833, 141
Trd, 000137.617, 139.0
Trd, 000137.817, 141
Trd, 000139.650, 142
Trd, 000139.933, 141
Trd, 000140.300, 142
Trd, 000140.983, 144.0
Trd, 000141.217, 148.0
Trd, 000141.467, 151.0
Trd, 000143.550, 134.0
Trd, 000145.017, 143
Trd, 000146.017, 141
Trd, 000146.050, 142
Trd, 000146.917, 143
Trd, 000147.933, 143
Trd, 000147.950, 144.0
Trd, 000148.067, 140
Trd, 000150.133, 144
Trd, 000150.617, 142
Trd, 000150.700, 143
Trd, 000150.867, 148.0
Trd, 000151.617, 156.0
Trd, 000152.900, 150.0
Trd, 000153.383, 151.0
Trd, 000153.617, 149
Trd, 000154.083, 150
Trd, 000155.567, 150
Trd, 000155.783, 149
Trd, 000156.383, 136.0
Trd, 000156.400, 150
Trd, 000157.317, 144
Trd, 000157.883, 141
Trd, 000158.183, 143
Trd, 000158.433, 144.0
Trd, 000159.233, 148.0
Trd, 000159.467, 151.0
Trd, 000160.050, 142
Trd, 000160.367, 155.0
Trd, 000161.367, 161
Trd, 000161.783, 165
Trd, 000162.117, 143
Trd, 000163.433, 142
Trd, 000164.267, 143
Trd, 000164.533, 143
Trd, 000166.967, 143.0
Trd, 000167.133, 144.0
Trd, 000167.850, 144
Trd, 000168.050, 144
Trd, 000168.400, 148.0
Trd, 000168.533, 151.0
Trd, 000169.783, 155.0
Trd, 000170.667, 147
Trd, 000171.900, 151
Trd, 000172.933, 148
Trd, 000173.633, 148
Trd, 000174.067, 150
Trd, 000174.650, 155.0
Trd, 000175.000, 148
Trd, 000175.550, 151.0
Trd, 000176.167, 151
Trd, 000176.900, 151.0
Trd, 000177.367, 151
Trd, 000179.117, 147.0
Trd, 000179.367, 146
Trd, 000179.400, 148.0
Trd, 000180.550, 148
Trd, 000180.633, 149
Trd, 000181.233, 148
Trd, 000181.900, 134.0
Trd, 000183.283, 158
Trd, 000184.983, 146
Trd, 000185.000, 148.0
Trd, 000185.433, 151
Trd, 000186.450, 148
Trd, 000186.950, 147
Trd, 000188.367, 149
Trd, 000188.733, 147
Trd, 000189.367, 148.0
Trd, 000189.550, 151.0
Trd, 000190.250, 151
Trd, 000191.250, 148
Trd, 000192.317, 151
Trd, 000193.133, 152
Trd, 000193.450, 150
Trd, 000193.933, 150
Trd, 000194.233, 151
Trd, 000194.250, 146
Trd, 000194.567, 141
Trd, 000195.250, 147.0
Trd, 000196.100, 142
Trd, 000196.883, 148
Trd, 000197.683, 146
Trd, 000198.583, 147
Trd, 000198.600, 148
Trd, 000199.217, 146
Trd, 000199.250, 145
Trd, 000199.750, 148.0
Trd, 000200.467, 148
Trd, 000200.817, 148
Trd, 000202.300, 144
Trd, 000202.500, 143
Trd, 000205.583, 146
Trd, 000205.717, 146
Trd, 000205.750, 148
Trd, 000206.533, 146
Trd, 000207.383, 146
Trd, 000207.750, 146
Trd, 000208.667, 147.0
Trd, 000210.417, 145
Trd, 000210.950, 145
Trd, 000210.967, 144
Trd, 000211.083, 145
Trd, 000211.500, 145
Trd, 000211.867, 136
Trd, 000214.200, 145
Trd, 000215.233, 147.0
Trd, 000215.750, 147.0
Trd, 000216.167, 148.0
Trd, 000216.283, 142
Trd, 000217.483, 144
Trd, 000218.417, 141
Trd, 000218.967, 141
Trd, 000219.467, 141
Trd, 000220.483, 140
Trd, 000220.550, 142
Trd, 000220.933, 148.0
Trd, 000221.283, 134.0
Trd, 000221.700, 148.0
Trd, 000223.633, 142
Trd, 000225.483, 142
Trd, 000225.667, 142
Trd, 000226.667, 144.0
Trd, 000226.700, 148.0
Trd, 000226.833, 142
Trd, 000226.950, 155.0
Trd, 000227.350, 151.0
Trd, 000228.683, 145
Trd, 000229.250, 145
Trd, 000229.550, 146
Trd, 000229.950, 165
Trd, 000230.000, 168.0
Trd, 000230.350, 165
Trd, 000230.500, 142
Trd, 000231.117, 162.0
Trd, 000232.433, 148.0
Trd, 000232.583, 154
Trd, 000232.600, 155.0
Trd, 000232.950, 168.0
Trd, 000234.583, 156
Trd, 000235.767, 155
Trd, 000236.167, 152
Trd, 000236.383, 144
Trd, 000236.400, 155.0
Trd, 000236.533, 136
Trd, 000236.717, 154
Trd, 000237.017, 155
Trd, 000239.267, 136.0
Trd, 000239.400, 147
Trd, 000240.100, 148
Trd, 000240.667, 147.0
Trd, 000241.200, 147.0
Trd, 000241.433, 146.0
Trd, 000241.450, 147
Trd, 000241.617, 145.0
Trd, 000242.083, 147
Trd, 000242.600, 145.0
Trd, 000242.733, 145
Trd, 000243.333, 144.0
Trd, 000244.183, 145
Trd, 000244.383, 146.0
Trd, 000244.467, 144
Trd, 000245.067, 147.0
Trd, 000245.083, 148.0
Trd, 000245.200, 148
Trd, 000245.467, 151.0
Trd, 000245.800, 146
Trd, 000246.183, 147.0
Trd, 000246.433, 148.0
Trd, 000246.867, 154.0
Trd, 000247.367, 149.0
Trd, 000247.950, 157
Trd, 000248.283, 165
Trd, 000248.450, 168.0
Trd, 000248.883, 164
Trd, 000249.217, 157
Trd, 000249.350, 161
Trd, 000249.783, 166.0
Trd, 000250.117, 162
Trd, 000251.217, 159
Trd, 000251.450, 157
Trd, 000251.767, 154
Trd, 000252.183, 159.0
Trd, 000253.017, 156.0
Trd, 000253.100, 157
Trd, 000253.467, 155
Trd, 000254.050, 159
Trd, 000254.483, 155
Trd, 000254.750, 160
Trd, 000254.917, 157
Trd, 000255.000, 155
Trd, 000255.117, 154
Trd, 000255.850, 147.0
Trd, 000256.233, 142.0
Trd, 000256.700, 145.0
Trd, 000256.983, 164
Trd, 000257.483, 148.0
Trd, 000258.250, 151.0
Trd, 000259.100, 160
Trd, 000259.483, 158.0
Trd, 000259.533, 158.0
Trd, 000259.767, 165
Trd, 000259.983, 162.0
Trd, 000260.200, 153
Trd, 000261.250, 156
Trd, 000261.317, 155.0
Trd, 000261.383, 151.0
Trd, 000262.217, 151
Trd, 000262.367, 148.0
Trd, 000262.483, 153
Trd, 000263.067, 144
Trd, 000263.083, 148
Trd, 000263.100, 132.0
Trd, 000264.167, 145
Trd, 000264.583, 147.0
Trd, 000265.517, 154.0
Trd, 000265.800, 151
Trd, 000266.150, 155.0
Trd, 000266.317, 157.0
Trd, 000266.983, 158.0
Trd, 000267.183, 151
Trd, 000267.667, 155
Trd, 000268.617, 162
Trd, 000268.700, 165
Trd, 000269.117, 166
Trd, 000269.217, 158.0
Trd, 000269.467, 158.0
Trd, 000269.850, 155
Trd, 000270.350, 158.0
Trd, 000270.583, 153
Trd, 000271.033, 155
Trd, 000272.400, 151.0
Trd, 000272.750, 152
Trd, 000272.833, 143
Trd, 000273.217, 144
Trd, 000273.917, 137.0
Trd, 000274.067, 147
Trd, 000274.167, 135.0
Trd, 000274.300, 141
Trd, 000274.683, 144
Trd, 000274.833, 139
Trd, 000275.300, 142.0
Trd, 000275.483, 146.0
Trd, 000276.233, 148.0
Trd, 000277.533, 155.0
Trd, 000277.833, 151.0
Trd, 000278.367, 152.0
Trd, 000278.867, 151.0
Trd, 000279.050, 154.0
Trd, 000279.133, 155.0
Trd, 000279.450, 150
Trd, 000279.650, 158.0
Trd, 000280.033, 161
Trd, 000280.900, 149
Trd, 000281.450, 155
Trd, 000281.767, 151.0
Trd, 000282.100, 148.0
Trd, 000282.133, 144.0
Trd, 000282.867, 152
Trd, 000283.067, 156
Trd, 000283.267, 164
Trd, 000284.367, 147.0
Trd, 000284.583, 148.0
Trd, 000284.617, 172.0
Trd, 000285.333, 151.0
Trd, 000285.517, 146.0
Trd, 000285.567, 157
Trd, 000286.283, 148
Trd, 000286.633, 146
Trd, 000287.033, 155
Trd, 000287.150, 146
Trd, 000287.383, 155.0
Trd, 000287.517, 154
Trd, 000287.867, 155
Trd, 000287.933, 151.0
Trd, 000288.167, 148
Trd, 000288.867, 149
Trd, 000289.683, 150
Trd, 000290.467, 147
Trd, 000290.517, 146.0
Trd, 000290.533, 148
Trd, 000290.767, 145.0
Trd, 000290.967, 149
Trd, 000290.983, 144.0
Trd, 000291.183, 150
Trd, 000291.500, 151.0
Trd, 000291.550, 138.0
Trd, 000291.733, 136
Trd, 000291.767, 151.0
Trd, 000292.117, 149.0
Trd, 000292.550, 134
Trd, 000293.367, 144.0
Trd, 000293.750, 145
Trd, 000294.467, 144
Trd, 000294.533, 145
Trd, 000294.917, 146
Trd, 000294.967, 142
Trd, 000295.333, 165
Trd, 000296.450, 167.0
Trd, 000296.517, 148.0
Trd, 000296.750, 148
Trd, 000296.767, 167.0
Trd, 000297.500, 156
Trd, 000297.700, 158.0
Trd, 000298.383, 159
Trd, 000298.683, 166
Trd, 000299.133, 167.0
Trd, 000299.183, 164
Trd, 000299.250, 149
Trd, 000299.617, 148.0
