Trd, 000000.967, 132
Trd, 000001.550, 143
Trd, 000001.950, 131.0
Trd, 000002.067, 128
Trd, 000002.200, 155.0
Trd, 000002.350, 158.0
Trd, 000003.983, 158
Trd, 000004.417, 162.0
Trd, 000004.767, 134.0
Trd, 000005.683, 152
Trd, 000005.850, 155
Trd, 000005.883, 141
Trd, 000005.983, 156
Trd, 000006.317, 163
Trd, 000006.683, 153
Trd, 000007.417, 155
Trd, 000008.717, 154
Trd, 000008.817, 151.0
Trd, 000008.967, 155
Trd, 000009.250, 155
Trd, 000011.167, 152
Trd, 000011.683, 153.0
Trd, 000013.433, 154
Trd, 000013.600, 155.0
Trd, 000013.633, 151
Trd, 000014.333, 152
Trd, 000014.533, 150
Trd, 000015.883, 140
Trd, 000015.983, 137.0
Trd, 000016.833, 150
Trd, 000016.867, 152
Trd, 000017.267, 139
Trd, 000018.533, 140
Trd, 000020.050, 141
Trd, 000020.500, 139
Trd, 000021.067, 140
Trd, 000021.250, 142
Trd, 000022.133, 138
Trd, 000022.200, 141
Trd, 000022.283, 148.0
Trd, 000022.400, 155.0
Trd, 000022.600, 162
Trd, 000022.667, 139
Trd, 000023.067, 139
Trd, 000023.167, 139
Trd, 000023.400, 175.0
Trd, 000023.583, 137.0
Trd, 000026.283, 148
Trd, 000026.600, 147
Trd, 000027.100, 147
Trd, 000027.600, 148
Trd, 000028.033, 148.0
Trd, 000029.233, 150
Trd, 000029.250, 152.0
Trd, 000029.467, 152
Trd, 000029.683, 150
Trd, 000030.267, 149
Trd, 000030.617, 140
Trd, 000030.817, 151
Trd, 000030.917, 157.0
Trd, 000031.833, 149
Trd, 000032.000, 146
Trd, 000032.583, 157.0
Trd, 000032.800, 140.0
Trd, 000034.400, 144
Trd, 000034.517, 150
Trd, 000036.350, 141
Trd, 000036.417, 140
Trd, 000036.850, 148
Trd, 000037.217, 142
Trd, 000037.383, 149
Trd, 000037.400, 155.0
Trd, 000037.617, 142
Trd, 000038.783, 147
Trd, 000039.167, 155.0
Trd, 000039.217, 158.0
Trd, 000039.583, 143
Trd, 000040.217, 147
Trd, 000040.733, 143
Trd, 000041.317, 145
Trd, 000041.417, 149
Trd, 000041.467, 140
Trd, 000042.933, 142
Trd, 000043.300, 175.0
Trd, 000043.967, 158.0
Trd, 000045.117, 153
Trd, 000045.217, 143
Trd, 000045.300, 139
Trd, 000045.467, 153
Trd, 000045.750, 153
Trd, 000045.917, 139
Trd, 000045.967, 137.0
Trd, 000047.767, 148
Trd, 000048.233, 137
Trd, 000048.833, 146
Trd, 000049.017, 136
Trd, 000049.050, 146
Trd, 000049.267, 148
Trd, 000049.350, 137.0
Trd, 000049.650, 146
Trd, 000049.750, 155.0
Trd, 000050.050, 158.0
Trd, 000050.783, 151
Trd, 000050.850, 151
Trd, 000051.200, 158.0
Trd, 000053.033, 175.0
Trd, 000053.733, 175
Trd, 000053.850, 172
Trd, 000055.267, 161
Trd, 000055.300, 159
Trd, 000056.333, 162.0
Trd, 000056.450, 157
Trd, 000056.600, 151.0
Trd, 000056.800, 162
Trd, 000056.967, 151
Trd, 000058.167, 158
Trd, 000058.533, 152
Trd, 000059.850, 147
Trd, 000060.033, 148
Trd, 000060.250, 142
Trd, 000060.950, 148
Trd, 000061.700, 145
Trd, 000062.633, 143
Trd, 000063.300, 148
Trd, 000063.533, 142
Trd, 000063.600, 140
Trd, 000063.700, 152.0
Trd, 000063.717, 158.0
Trd, 000064.467, 153
Trd, 000064.600, 149
Trd, 000065.300, 147
Trd, 000065.783, 141
Trd, 000065.917, 144
Trd, 000066.833, 152
Trd, 000067.017, 152
Trd, 000067.250, 134.0
Trd, 000068.100, 159
Trd, 000068.550, 153
Trd, 000068.917, 153
Trd, 000069.267, 148
Trd, 000069.600, 154
Trd, 000070.317, 148
Trd, 000070.917, 154.0
Trd, 000071.067, 140
Trd, 000073.067, 144
Trd, 000073.117, 148
Trd, 000073.283, 149
Trd, 000073.567, 153
Trd, 000073.800, 153
Trd, 000074.267, 158.0
Trd, 000075.317, 167
Trd, 000075.783, 166
Trd, 000076.417, 171
Trd, 000078.067, 165
Trd, 000078.667, 163
Trd, 000078.850, 162.0
Trd, 000078.950, 170
Trd, 000079.100, 154
Trd, 000079.867, 162.0
Trd, 000080.133, 169
Trd, 000080.317, 151.0
Trd, 000081.033, 143
Trd, 000081.917, 142
Trd, 000083.133, 146
Trd, 000083.567, 153
Trd, 000083.867, 154
Trd, 000084.283, 146
Trd, 000084.600, 145
Trd, 000085.183, 152
Trd, 000085.667, 144
Trd, 000086.250, 152
Trd, 000086.283, 153
Trd, 000087.017, 148
Trd, 000087.783, 141
Trd, 000089.517, 150
Trd, 000089.617, 151
Trd, 000089.733, 151
Trd, 000090.000, 146
Trd, 000090.417, 155.0
Trd, 000090.617, 158.0
Trd, 000090.933, 149
Trd, 000091.250, 147
Trd, 000091.850, 154
Trd, 000092.217, 149
Trd, 000093.617, 140
Trd, 000093.650, 161
Trd, 000094.400, 145
Trd, 000094.433, 158
Trd, 000095.283, 148
Trd, 000095.400, 158.0
Trd, 000095.533, 146
Trd, 000096.050, 158
Trd, 000097.267, 156
Trd, 000098.433, 153
Trd, 000098.917, 145
Trd, 000099.217, 153
Trd, 000099.667, 140
Trd, 000100.267, 148
Trd, 000100.783, 141
Trd, 000100.833, 141
Trd, 000101.133, 140
Trd, 000101.717, 148
Trd, 000101.883, 139
Trd, 000102.950, 147
Trd, 000103.467, 148
Trd, 000103.967, 148
Trd, 000104.033, 147
Trd, 000104.400, 149
Trd, 000105.400, 149
Trd, 000106.333, 155.0
Trd, 000106.550, 147
Trd, 000106.567, 155.0
Trd, 000106.850, 146
Trd, 000106.917, 158.0
Trd, 000107.633, 154
Trd, 000108.183, 147
Trd, 000108.833, 137.0
Trd, 000109.067, 147
Trd, 000109.183, 150
Trd, 000109.917, 149
Trd, 000109.983, 155.0
Trd, 000110.017, 158.0
Trd, 000110.350, 143
Trd, 000111.033, 151
Trd, 000112.233, 144
Trd, 000112.367, 152
Trd, 000113.017, 142
Trd, 000114.500, 154
Trd, 000115.117, 156
Trd, 000115.400, 154
Trd, 000115.900, 154
Trd, 000115.933, 151.0
Trd, 000115.967, 155.0
Trd, 000116.817, 150
Trd, 000117.200, 145
Trd, 000117.533, 154.0
Trd, 000117.850, 158.0
Trd, 000118.100, 175
Trd, 000118.117, 179.0
Trd, 000118.517, 145
Trd, 000118.600, 159
Trd, 000118.683, 140
Trd, 000119.517, 152
Trd, 000119.817, 138.0
Trd, 000120.567, 135
Trd, 000121.267, 140
Trd, 000121.367, 146
Trd, 000122.300, 146
Trd, 000122.617, 139
Trd, 000122.917, 146
Trd, 000123.100, 148.0
Trd, 000125.650, 149.0
Trd, 000125.667, 148
Trd, 000126.083, 149
Trd, 000126.900, 148.0
Trd, 000127.417, 147
Trd, 000127.433, 146
Trd, 000128.017, 140
Trd, 000128.417, 148
Trd, 000128.550, 142
Trd, 000128.600, 141
Trd, 000128.783, 137.0
Trd, 000129.800, 131.0
Trd, 000130.017, 134.0
Trd, 000130.550, 155.0
Trd, 000130.800, 158.0
Trd, 000131.250, 175.0
Trd, 000131.300, 154
Trd, 000131.917, 161
Trd, 000132.817, 158
Trd, 000133.133, 162.0
Trd, 000134.767, 141
Trd, 000135.000, 155
Trd, 000135.383, 148
Trd, 000135.450, 140
Trd, 000135.833, 150
Trd, 000136.267, 151
Trd, 000136.867, 145
Trd, 000137.800, 151
Trd, 000138.517, 151.0
Trd, 000139.750, 153
Trd, 000140.183, 152
Trd, 000140.417, 154.0
Trd, 000140.783, 153
Trd, 000141.183, 154
Trd, 000141.483, 147
Trd, 000142.317, 152
Trd, 000142.983, 156
Trd, 000143.383, 153
Trd, 000143.583, 152
Trd, 000143.817, 157.0
Trd, 000144.750, 157.0
Trd, 000144.933, 158.0
Trd, 000145.500, 174
Trd, 000145.617, 153
Trd, 000145.850, 159
Trd, 000147.067, 172
Trd, 000147.350, 151.0
Trd, 000147.950, 152
Trd, 000147.967, 158.0
Trd, 000148.283, 162
Trd, 000148.667, 151
Trd, 000149.000, 175.0
Trd, 000150.083, 140
Trd, 000150.433, 152
Trd, 000151.317, 148
Trd, 000151.350, 172
Trd, 000152.383, 161
Trd, 000152.667, 160
Trd, 000152.933, 156
Trd, 000153.650, 156
Trd, 000154.000, 154
Trd, 000154.100, 156.0
Trd, 000154.917, 153
Trd, 000155.650, 152
Trd, 000155.683, 152
Trd, 000155.983, 153
Trd, 000156.183, 155
Trd, 000156.883, 139
Trd, 000157.317, 145
Trd, 000157.983, 145
Trd, 000159.483, 144
Trd, 000160.150, 145
Trd, 000160.300, 144
Trd, 000160.550, 143
Trd, 000160.817, 148.0
Trd, 000160.967, 142
Trd, 000161.917, 146
Trd, 000162.150, 147
Trd, 000162.417, 141
Trd, 000162.600, 155.0
Trd, 000162.717, 158.0
Trd, 000163.083, 141
Trd, 000163.283, 138
Trd, 000163.550, 140
Trd, 000163.567, 152
Trd, 000164.000, 137.0
Trd, 000164.550, 149
Trd, 000165.233, 149
Trd, 000165.800, 153
Trd, 000165.967, 152
Trd, 000166.150, 158.0
Trd, 000167.333, 140
Trd, 000167.867, 151
Trd, 000167.933, 134.0
Trd, 000168.500, 132.0
Trd, 000168.967, 149
Trd, 000169.733, 146
Trd, 000171.417, 140
Trd, 000171.600, 140
Trd, 000171.767, 145
Trd, 000171.783, 140
Trd, 000172.250, 145
Trd, 000172.717, 148.0
Trd, 000172.767, 141
Trd, 000173.250, 157.0
Trd, 000173.900, 157
Trd, 000175.833, 151.0
Trd, 000175.900, 152
Trd, 000176.067, 151
Trd, 000176.150, 150
Trd, 000177.333, 153
Trd, 000177.917, 153
Trd, 000178.083, 150
Trd, 000178.417, 152
Trd, 000179.917, 147
Trd, 000180.017, 148
Trd, 000181.117, 146
Trd, 000181.400, 145
Trd, 000181.517, 150
Trd, 000182.083, 148
Trd, 000182.550, 148
Trd, 000183.017, 142
Trd, 000183.183, 158.0
Trd, 000183.817, 140.0
Trd, 000184.133, 137.0
Trd, 000184.183, 149
Trd, 000184.583, 146
Trd, 000184.733, 149
Trd, 000185.533, 149
Trd, 000185.600, 155.0
Trd, 000185.733, 146
Trd, 000187.250, 146
Trd, 000187.667, 150
Trd, 000188.567, 151
Trd, 000188.867, 164
Trd, 000189.017, 172
Trd, 000189.717, 172
Trd, 000190.267, 171
Trd, 000190.300, 152
Trd, 000191.183, 160
Trd, 000191.783, 160
Trd, 000192.033, 159
Trd, 000192.350, 160
Trd, 000193.017, 162.0
Trd, 000193.567, 154
Trd, 000194.333, 160
Trd, 000194.350, 151.0
Trd, 000194.417, 161
Trd, 000194.733, 140
Trd, 000195.800, 157
Trd, 000196.833, 149
Trd, 000197.150, 155
Trd, 000197.783, 155
Trd, 000198.383, 158.0
Trd, 000199.767, 162.0
Trd, 000200.017, 164
Trd, 000200.117, 157
Trd, 000200.283, 165
Trd, 000200.517, 159
Trd, 000200.700, 176
Trd, 000202.200, 162
Trd, 000202.550, 161
Trd, 000202.950, 157
Trd, 000203.150, 154
Trd, 000203.450, 151.0
Trd, 000203.750, 161
Trd, 000204.767, 159
Trd, 000204.983, 160
Trd, 000206.000, 151.0
Trd, 000207.217, 156
Trd, 000207.367, 156
Trd, 000208.083, 154
Trd, 000208.117, 157
Trd, 000208.500, 157
Trd, 000208.533, 158
Trd, 000209.450, 153
Trd, 000209.633, 152
Trd, 000210.617, 151.0
Trd, 000211.633, 141
Trd, 000211.817, 140
Trd, 000212.000, 149
Trd, 000212.300, 142
Trd, 000212.417, 148
Trd, 000213.200, 151
Trd, 000213.383, 142
Trd, 000216.250, 144
Trd, 000216.600, 146
Trd, 000217.250, 144
Trd, 000217.367, 143
Trd, 000217.667, 146
Trd, 000217.850, 146
Trd, 000218.217, 146
Trd, 000218.933, 140
Trd, 000218.950, 147
Trd, 000220.400, 146
Trd, 000221.667, 146
Trd, 000222.467, 147.0
Trd, 000222.667, 147
Trd, 000222.867, 143
Trd, 000222.917, 151
Trd, 000223.767, 143
Trd, 000224.167, 151.0
Trd, 000224.700, 152.0
Trd, 000224.950, 143
Trd, 000225.450, 145
Trd, 000226.083, 155.0
Trd, 000226.317, 143
Trd, 000227.100, 158.0
Trd, 000227.283, 142
Trd, 000227.517, 151
Trd, 000228.100, 149
Trd, 000228.733, 158.0
Trd, 000229.717, 162.0
Trd, 000229.783, 159
Trd, 000230.283, 155
Trd, 000230.650, 151
Trd, 000232.050, 155
Trd, 000233.133, 154.0
Trd, 000233.533, 152
Trd, 000233.750, 155.0
Trd, 000234.167, 174
Trd, 000234.733, 159
Trd, 000235.750, 159
Trd, 000235.817, 159
Trd, 000235.983, 153
Trd, 000237.267, 151.0
Trd, 000237.483, 158
Trd, 000237.950, 159
Trd, 000238.133, 158
Trd, 000239.000, 158
Trd, 000239.383, 158.0
Trd, 000239.467, 155
Trd, 000240.083, 156
Trd, 000240.300, 154
Trd, 000240.533, 141
Trd, 000241.167, 158
Trd, 000241.983, 148
Trd, 000242.283, 163
Trd, 000242.517, 154
Trd, 000242.617, 151
Trd, 000243.033, 162.0
Trd, 000243.950, 161
Trd, 000244.050, 158
Trd, 000244.150, 158
Trd, 000244.250, 152
Trd, 000244.383, 163
Trd, 000246.233, 153
Trd, 000246.650, 157.0
Trd, 000246.667, 152
Trd, 000246.783, 150
Trd, 000247.383, 148
Trd, 000247.733, 148.0
Trd, 000247.950, 157
Trd, 000248.083, 157
Trd, 000248.200, 154
Trd, 000248.300, 157.0
Trd, 000248.983, 155.0
Trd, 000249.167, 156
Trd, 000249.183, 157.0
Trd, 000249.683, 153
Trd, 000250.467, 146
Trd, 000251.300, 143.0
Trd, 000252.050, 143
Trd, 000252.950, 141
Trd, 000253.583, 141
Trd, 000253.650, 142
Trd, 000254.150, 140
Trd, 000254.550, 140
Trd, 000254.583, 137.0
Trd, 000255.550, 136
Trd, 000255.700, 140
Trd, 000256.000, 141
Trd, 000256.100, 142
Trd, 000256.517, 145
Trd, 000256.833, 147.0
Trd, 000256.883, 148.0
Trd, 000257.100, 155.0
Trd, 000257.667, 147
Trd, 000258.350, 149
Trd, 000259.017, 150.0
Trd, 000259.650, 162.0
Trd, 000259.683, 166.0
Trd, 000259.917, 158.0
Trd, 000260.433, 159
Trd, 000262.417, 160
Trd, 000262.750, 158.0
Trd, 000262.900, 153
Trd, 000263.233, 157
Trd, 000264.050, 155
Trd, 000264.633, 155
Trd, 000264.800, 153
Trd, 000264.933, 153
Trd, 000265.433, 153.0
Trd, 000265.533, 151.0
Trd, 000265.683, 154
Trd, 000266.267, 149
Trd, 000266.850, 153
Trd, 000267.150, 154.0
Trd, 000267.350, 155.0
Trd, 000267.450, 155
Trd, 000268.300, 140
Trd, 000268.933, 154.0
Trd, 000269.583, 154.0
Trd, 000269.650, 154
Trd, 000269.983, 155.0
Trd, 000270.000, 158.0
Trd, 000270.533, 164
Trd, 000271.283, 168
Trd, 000271.467, 165
Trd, 000272.033, 153
Trd, 000272.100, 157
Trd, 000272.550, 154
Trd, 000272.800, 151.0
Trd, 000272.933, 154.0
Trd, 000273.483, 151
Trd, 000273.600, 148.0
Trd, 000273.650, 140
Trd, 000273.850, 146
Trd, 000273.883, 146
Trd, 000274.867, 144
Trd, 000275.200, 148
Trd, 000275.550, 143
Trd, 000275.833, 146
Trd, 000275.983, 142.0
Trd, 000277.033, 148.0
Trd, 000277.433, 149
Trd, 000277.950, 148
Trd, 000278.050, 148
Trd, 000278.250, 158.0
Trd, 000279.017, 152
Trd, 000279.633, 149
Trd, 000281.083, 148.0
Trd, 000281.400, 151
Trd, 000281.683, 148
Trd, 000281.733, 152
Trd, 000282.033, 146
Trd, 000282.317, 154
Trd, 000282.667, 155.0
Trd, 000282.717, 153
Trd, 000282.800, 153
Trd, 000283.217, 172.0
Trd, 000283.583, 153
Trd, 000284.050, 156.0
Trd, 000284.333, 140
Trd, 000284.367, 154
Trd, 000285.233, 148.0
Trd, 000285.783, 146
Trd, 000286.467, 153
Trd, 000286.767, 146
Trd, 000286.817, 153
Trd, 000288.467, 151
Trd, 000288.500, 152
Trd, 000288.867, 150.0
Trd, 000289.583, 149
Trd, 000289.650, 149
Trd, 000289.667, 151
Trd, 000290.150, 150
Trd, 000290.367, 148.0
Trd, 000290.650, 151
Trd, 000290.767, 146
Trd, 000290.867, 153
Trd, 000290.883, 146
Trd, 000290.933, 158.0
Trd, 000291.733, 153
Trd, 000291.833, 155.0
Trd, 000292.867, 162.0
Trd, 000293.333, 161
Trd, 000293.533, 152
Trd, 000293.850, 151.0
Trd, 000294.133, 155
Trd, 000294.483, 140
Trd, 000294.600, 138
Trd, 000295.167, 152
Trd, 000295.250, 155.0
Trd, 000295.367, 139
Trd, 000295.433, 154
Trd, 000295.700, 152
Trd, 000296.133, 149.0
Trd, 000297.417, 148.0
Trd, 000297.700, 155
Trd, 000297.767, 148
Trd, 000298.267, 147
Trd, 000298.700, 151
Trd, 000299.300, 149
Trd, 000299.400, 145
Trd, 000299.983, 148.0
