Trd, 000002.317, 123
Trd, 000003.517, 159.0
Trd, 000003.917, 159.0
Trd, 000004.750, 167
Trd, 000004.900, 158.0
Trd, 000005.100, 155.0
Trd, 000005.133, 140
Trd, 000005.717, 165.0
Trd, 000007.333, 161
Trd, 000007.850, 152
Trd, 000009.017, 154
Trd, 000009.283, 157
Trd, 000009.600, 158
Trd, 000009.700, 154
Trd, 000009.867, 156
Trd, 000010.033, 152
Trd, 000010.400, 143
Trd, 000011.267, 134.0
Trd, 000012.983, 153.0
Trd, 000013.000, 148
Trd, 000013.850, 148
Trd, 000013.983, 152.0
Trd, 000014.617, 147
Trd, 000015.017, 142
Trd, 000015.133, 150.0
Trd, 000015.800, 142
Trd, 000016.900, 150
Trd, 000017.117, 146
Trd, 000018.383, 150
Trd, 000018.400, 158.0
Trd, 000019.900, 148
Trd, 000020.333, 148
Trd, 000020.617, 146
Trd, 000020.900, 140
Trd, 000022.933, 142
Trd, 000023.933, 142
Trd, 000024.200, 142
Trd, 000024.567, 144
Trd, 000024.783, 143
Trd, 000025.317, 143
Trd, 000025.917, 142
Trd, 000027.133, 142
Trd, 000027.200, 143
Trd, 000027.217, 155.0
Trd, 000027.633, 158.0
Trd, 000028.100, 146
Trd, 000028.717, 148
Trd, 000028.950, 146
Trd, 000029.050, 145
Trd, 000029.550, 158
Trd, 000030.300, 156
Trd, 000030.883, 154
Trd, 000032.050, 151
Trd, 000032.217, 143
Trd, 000033.450, 146
Trd, 000034.033, 148
Trd, 000034.317, 147
Trd, 000034.600, 145
Trd, 000034.750, 147
Trd, 000034.783, 148
Trd, 000035.817, 142
Trd, 000035.917, 148
Trd, 000036.033, 149
Trd, 000036.467, 155.0
Trd, 000036.967, 158.0
Trd, 000038.033, 148
Trd, 000038.150, 150
Trd, 000038.617, 148
Trd, 000039.450, 150
Trd, 000040.033, 147
Trd, 000040.133, 146
Trd, 000040.483, 149
Trd, 000040.667, 145
Trd, 000041.083, 155.0
Trd, 000042.317, 147
Trd, 000042.517, 147
Trd, 000042.600, 143
Trd, 000043.633, 147
Trd, 000044.133, 146
Trd, 000045.283, 144
Trd, 000046.300, 147
Trd, 000046.483, 146
Trd, 000046.650, 146
Trd, 000047.867, 146
Trd, 000047.883, 143
Trd, 000048.550, 142
Trd, 000049.217, 140
Trd, 000049.583, 149.0
Trd, 000049.617, 141
Trd, 000049.917, 134.0
Trd, 000050.117, 150.0
Trd, 000050.750, 137
Trd, 000050.883, 143
Trd, 000050.983, 148
Trd, 000051.200, 149
Trd, 000051.317, 129.0
Trd, 000051.867, 155.0
Trd, 000053.933, 138
Trd, 000054.800, 145
Trd, 000055.733, 146
Trd, 000056.533, 144
Trd, 000056.583, 146
Trd, 000056.650, 141
Trd, 000056.717, 141
Trd, 000057.633, 145
Trd, 000057.650, 143
Trd, 000058.867, 141
Trd, 000059.833, 141
Trd, 000060.033, 139
Trd, 000060.133, 142
Trd, 000060.867, 143
Trd, 000062.583, 140
Trd, 000063.383, 140
Trd, 000063.600, 141.0
Trd, 000063.683, 141
Trd, 000064.050, 142
Trd, 000064.517, 141
Trd, 000065.083, 142
Trd, 000065.183, 144
Trd, 000066.033, 144
Trd, 000066.217, 142
Trd, 000066.417, 142
Trd, 000067.350, 154.0
Trd, 000068.100, 155.0
Trd, 000068.517, 146
Trd, 000068.650, 143
Trd, 000069.217, 148
Trd, 000070.650, 147
Trd, 000070.767, 154.0
Trd, 000071.317, 150
Trd, 000072.300, 153.0
Trd, 000073.083, 153
Trd, 000073.100, 154.0
Trd, 000073.367, 155.0
Trd, 000073.417, 152
Trd, 000073.717, 148
Trd, 000073.883, 158.0
Trd, 000075.117, 153
Trd, 000075.917, 156
Trd, 000076.617, 155
Trd, 000078.400, 153
Trd, 000078.700, 143
Trd, 000079.300, 152
Trd, 000079.467, 152
Trd, 000080.633, 149
Trd, 000080.683, 152
Trd, 000081.083, 151
Trd, 000081.600, 151
Trd, 000081.717, 150
Trd, 000082.383, 148.0
Trd, 000082.517, 148
Trd, 000083.000, 143
Trd, 000084.083, 155.0
Trd, 000084.333, 158.0
Trd, 000084.500, 165.0
Trd, 000084.917, 159
Trd, 000085.500, 153
Trd, 000085.917, 147
Trd, 000086.483, 166.0
Trd, 000086.683, 165.0
Trd, 000087.600, 165
Trd, 000087.683, 159
Trd, 000088.350, 156
Trd, 000088.883, 154
Trd, 000089.000, 155.0
Trd, 000090.283, 158
Trd, 000090.900, 155
Trd, 000091.783, 157
Trd, 000091.867, 156
Trd, 000093.250, 155
Trd, 000093.417, 143
Trd, 000093.950, 140
Trd, 000094.567, 155
Trd, 000094.767, 149
Trd, 000095.050, 143
Trd, 000095.150, 152.0
Trd, 000095.750, 144
Trd, 000096.317, 151
Trd, 000096.500, 151
Trd, 000096.583, 143
Trd, 000097.533, 146
Trd, 000098.283, 146
Trd, 000098.650, 140
Trd, 000099.200, 146
Trd, 000099.333, 147
Trd, 000099.700, 136.0
Trd, 000101.167, 155.0
Trd, 000101.917, 148
Trd, 000102.450, 148
Trd, 000102.533, 147
Trd, 000102.700, 147
Trd, 000102.717, 148
Trd, 000102.733, 143
Trd, 000102.817, 158.0
Trd, 000103.600, 146
Trd, 000103.967, 145
Trd, 000104.333, 169
Trd, 000105.083, 147
Trd, 000106.117, 150
Trd, 000107.267, 151
Trd, 000107.417, 142
Trd, 000108.067, 140
Trd, 000108.117, 147
Trd, 000108.617, 135.0
Trd, 000108.800, 135.0
Trd, 000110.100, 142
Trd, 000110.183, 145
Trd, 000110.900, 155.0
Trd, 000111.983, 139
Trd, 000112.233, 146
Trd, 000113.050, 155.0
Trd, 000113.517, 140
Trd, 000113.583, 138
Trd, 000113.783, 140.0
Trd, 000114.133, 141.0
Trd, 000115.017, 140
Trd, 000115.867, 143
Trd, 000116.667, 143
Trd, 000117.900, 144
Trd, 000118.333, 145
Trd, 000118.650, 153.0
Trd, 000118.733, 144
Trd, 000119.133, 155.0
Trd, 000120.050, 145
Trd, 000120.850, 153.0
Trd, 000121.733, 151
Trd, 000122.250, 150
Trd, 000123.300, 159
Trd, 000123.533, 152
Trd, 000123.700, 148
Trd, 000124.533, 151
Trd, 000125.433, 164
Trd, 000126.500, 153
Trd, 000126.767, 153
Trd, 000126.983, 155.0
Trd, 000127.633, 146
Trd, 000127.933, 145
Trd, 000128.100, 156.0
Trd, 000129.100, 154
Trd, 000129.217, 157.0
Trd, 000129.683, 155
Trd, 000130.167, 153
Trd, 000130.367, 143
Trd, 000131.850, 150
Trd, 000133.333, 149
Trd, 000133.617, 143
Trd, 000134.217, 150
Trd, 000134.267, 134.0
Trd, 000134.633, 152.0
Trd, 000135.750, 146
Trd, 000135.867, 146
Trd, 000136.100, 146
Trd, 000136.633, 144
Trd, 000136.817, 140
Trd, 000137.350, 146
Trd, 000137.583, 149
Trd, 000137.717, 154.0
Trd, 000137.900, 134.0
Trd, 000138.350, 134.0
Trd, 000139.800, 146
Trd, 000140.783, 140.0
Trd, 000140.850, 141.0
Trd, 000140.867, 155.0
Trd, 000141.167, 140
Trd, 000142.633, 155.0
Trd, 000142.667, 142
Trd, 000142.917, 154.0
Trd, 000143.050, 143
Trd, 000143.350, 142
Trd, 000143.500, 138
Trd, 000144.517, 156.0
Trd, 000144.633, 158.0
Trd, 000146.733, 149
Trd, 000147.100, 150
Trd, 000147.867, 149
Trd, 000148.233, 150
Trd, 000148.750, 151
Trd, 000149.150, 149
Trd, 000150.350, 146
Trd, 000150.517, 146
Trd, 000150.683, 143
Trd, 000150.750, 134.0
Trd, 000150.817, 145
Trd, 000150.833, 142
Trd, 000151.700, 141
Trd, 000152.600, 147
Trd, 000153.683, 142
Trd, 000153.950, 141
Trd, 000154.900, 146
Trd, 000155.783, 147
Trd, 000155.967, 140
Trd, 000156.383, 140
Trd, 000156.650, 138
Trd, 000158.333, 142
Trd, 000158.467, 142
Trd, 000159.000, 143
Trd, 000159.600, 143
Trd, 000160.217, 141.0
Trd, 000160.333, 144
Trd, 000160.500, 141
Trd, 000160.683, 151
Trd, 000161.083, 148
Trd, 000161.100, 158.0
Trd, 000161.767, 167
Trd, 000162.400, 166.0
Trd, 000162.650, 165.0
Trd, 000164.067, 159.0
Trd, 000164.250, 165
Trd, 000165.867, 159.0
Trd, 000165.967, 158.0
Trd, 000166.217, 153
Trd, 000166.850, 142
Trd, 000167.350, 155.0
Trd, 000168.033, 154
Trd, 000168.200, 156
Trd, 000169.050, 153
Trd, 000169.300, 155
Trd, 000170.083, 156
Trd, 000170.467, 154
Trd, 000172.250, 153
Trd, 000172.717, 152
Trd, 000173.583, 152
Trd, 000174.633, 152
Trd, 000175.050, 152
Trd, 000175.250, 151
Trd, 000175.300, 154
Trd, 000175.817, 140
Trd, 000176.750, 153.0
Trd, 000176.817, 169
Trd, 000177.550, 158.0
Trd, 000177.917, 157
Trd, 000178.017, 156
Trd, 000179.517, 157
Trd, 000179.833, 154
Trd, 000179.983, 156
Trd, 000180.483, 157
Trd, 000180.683, 147
Trd, 000180.717, 144
Trd, 000182.200, 144
Trd, 000183.483, 152
Trd, 000184.250, 149
Trd, 000184.383, 152
Trd, 000185.300, 152
Trd, 000185.433, 149
Trd, 000186.000, 150
Trd, 000186.767, 149
Trd, 000186.933, 150
Trd, 000188.267, 143
Trd, 000188.550, 149
Trd, 000188.950, 146
Trd, 000189.300, 144
Trd, 000189.750, 143
Trd, 000190.067, 142
Trd, 000190.083, 148
Trd, 000190.117, 155.0
Trd, 000190.650, 149
Trd, 000191.183, 158.0
Trd, 000192.533, 143
Trd, 000193.383, 168
Trd, 000194.900, 155
Trd, 000195.017, 144
Trd, 000195.750, 144
Trd, 000195.767, 143
Trd, 000196.517, 147
Trd, 000196.917, 143
Trd, 000197.833, 144
Trd, 000198.917, 143
Trd, 000198.933, 141
Trd, 000199.067, 148
Trd, 000199.683, 133.0
Trd, 000200.000, 134.0
Trd, 000200.200, 146
Trd, 000200.983, 142
Trd, 000201.583, 137
Trd, 000202.083, 152.0
Trd, 000202.217, 138
Trd, 000202.250, 137
Trd, 000202.517, 154.0
Trd, 000202.667, 155.0
Trd, 000203.217, 138
Trd, 000204.867, 147
Trd, 000205.033, 151.0
Trd, 000205.800, 148
Trd, 000206.533, 145
Trd, 000206.983, 147
Trd, 000207.583, 146
Trd, 000207.667, 147
Trd, 000208.017, 146
Trd, 000208.900, 147
Trd, 000209.183, 158.0
Trd, 000210.383, 155.0
Trd, 000211.117, 147
Trd, 000211.633, 165.0
Trd, 000212.033, 147
Trd, 000212.050, 171
Trd, 000212.367, 143
Trd, 000213.700, 158
Trd, 000214.550, 153
Trd, 000214.933, 151
Trd, 000215.133, 150
Trd, 000216.533, 155.0
Trd, 000216.783, 154
Trd, 000217.433, 153
Trd, 000218.483, 154
Trd, 000219.000, 151
Trd, 000219.567, 151
Trd, 000219.900, 153.0
Trd, 000220.033, 150
Trd, 000220.667, 140
Trd, 000220.900, 153
Trd, 000221.933, 152
Trd, 000222.450, 155.0
Trd, 000222.950, 154
Trd, 000223.333, 148
Trd, 000224.017, 143
Trd, 000224.700, 165.0
Trd, 000225.417, 154.0
Trd, 000226.117, 153.0
Trd, 000226.333, 153
Trd, 000226.717, 154.0
Trd, 000227.083, 153
Trd, 000228.150, 149
Trd, 000228.917, 151
Trd, 000229.067, 152
Trd, 000229.450, 153.0
Trd, 000229.733, 149
Trd, 000230.083, 149
Trd, 000230.167, 151
Trd, 000231.533, 145
Trd, 000232.050, 148
Trd, 000232.150, 145
Trd, 000232.433, 148
Trd, 000233.700, 149
Trd, 000233.967, 143
Trd, 000235.050, 149
Trd, 000235.750, 143
Trd, 000237.033, 143
Trd, 000237.667, 145
Trd, 000237.983, 151.0
Trd, 000239.017, 143
Trd, 000239.050, 143
Trd, 000239.350, 141
Trd, 000240.150, 150
Trd, 000240.633, 145
Trd, 000240.783, 143.0
Trd, 000240.933, 143
Trd, 000241.133, 142
Trd, 000241.217, 144
Trd, 000242.017, 144
Trd, 000242.183, 144
Trd, 000243.183, 151
Trd, 000243.483, 151
Trd, 000243.633, 150
Trd, 000243.700, 153.0
Trd, 000244.633, 148
Trd, 000245.033, 152
Trd, 000245.117, 144
Trd, 000245.400, 143
Trd, 000245.950, 145
Trd, 000246.967, 139
Trd, 000247.367, 140
Trd, 000247.600, 139
Trd, 000247.833, 135
Trd, 000247.983, 140
Trd, 000248.600, 141
Trd, 000248.883, 144.0
Trd, 000249.250, 147
Trd, 000250.167, 147
Trd, 000250.217, 155.0
Trd, 000251.283, 149
Trd, 000251.367, 152.0
Trd, 000251.600, 149
Trd, 000251.800, 148
Trd, 000252.483, 158.0
Trd, 000252.983, 158.0
Trd, 000253.150, 159.0
Trd, 000253.200, 158.0
Trd, 000253.300, 156
Trd, 000253.350, 154
Trd, 000254.233, 156
Trd, 000254.450, 153
Trd, 000255.950, 147
Trd, 000256.317, 145
Trd, 000256.900, 144
Trd, 000257.317, 147
Trd, 000257.850, 143
Trd, 000258.017, 140
Trd, 000258.100, 137.0
Trd, 000258.233, 151.0
Trd, 000258.617, 144
Trd, 000259.450, 152
Trd, 000260.133, 153.0
Trd, 000260.300, 152
Trd, 000260.817, 151
Trd, 000261.350, 153.0
Trd, 000261.533, 151.0
Trd, 000261.567, 155.0
Trd, 000262.217, 150
Trd, 000262.733, 150
Trd, 000262.800, 153
Trd, 000263.983, 152
Trd, 000264.183, 149
Trd, 000265.450, 151
Trd, 000265.833, 149
Trd, 000266.000, 148
Trd, 000266.250, 143
Trd, 000266.267, 152
Trd, 000266.383, 141.0
Trd, 000266.567, 140
Trd, 000267.733, 147
Trd, 000268.267, 147
Trd, 000268.683, 151
Trd, 000268.783, 146
Trd, 000269.400, 148
Trd, 000269.483, 146
Trd, 000270.767, 146
Trd, 000271.000, 147
Trd, 000271.050, 146
Trd, 000271.283, 147.0
Trd, 000271.517, 144
Trd, 000271.633, 148.0
Trd, 000271.950, 149.0
Trd, 000272.300, 143
Trd, 000273.017, 145
Trd, 000273.083, 153.0
Trd, 000273.167, 155.0
Trd, 000273.300, 162.0
Trd, 000274.267, 152
Trd, 000274.400, 156
Trd, 000275.017, 150
Trd, 000275.217, 153
Trd, 000276.117, 148
Trd, 000276.500, 154.0
Trd, 000276.767, 150
Trd, 000277.200, 149
Trd, 000277.617, 147
Trd, 000278.633, 149.0
Trd, 000278.867, 147
Trd, 000279.283, 154
Trd, 000279.467, 154.0
Trd, 000279.817, 149
Trd, 000280.383, 145
Trd, 000280.633, 158.0
Trd, 000281.050, 147
Trd, 000281.700, 147.0
Trd, 000281.900, 153
Trd, 000283.233, 149
Trd, 000284.017, 155.0
Trd, 000284.083, 158.0
Trd, 000284.450, 155
Trd, 000285.450, 157.0
Trd, 000285.483, 156
Trd, 000285.567, 161.0
Trd, 000285.700, 153
Trd, 000286.500, 153
Trd, 000286.683, 143
Trd, 000286.950, 144.0
Trd, 000287.033, 153.0
Trd, 000287.433, 141
Trd, 000288.283, 140
Trd, 000288.600, 143.0
Trd, 000288.633, 143.0
Trd, 000288.917, 142.0
Trd, 000289.067, 144.0
Trd, 000289.450, 137.0
Trd, 000289.883, 136.0
Trd, 000289.983, 137.0
Trd, 000290.517, 140
Trd, 000290.950, 155.0
Trd, 000291.200, 158.0
Trd, 000291.650, 145.0
Trd, 000291.950, 141.0
Trd, 000292.133, 140
Trd, 000293.567, 141
Trd, 000293.700, 138
Trd, 000293.950, 138
Trd, 000294.233, 142
Trd, 000294.350, 143
Trd, 000295.000, 143
Trd, 000295.050, 140
Trd, 000295.117, 144.0
Trd, 000295.517, 155.0
Trd, 000295.883, 158.0
Trd, 000296.867, 153
Trd, 000296.900, 161.0
Trd, 000297.367, 152
Trd, 000297.633, 152
Trd, 000297.733, 161.0
Trd, 000298.150, 146
Trd, 000298.167, 143
Trd, 000298.700, 158.0
Trd, 000298.717, 162.0
Trd, 000298.850, 168
Trd, 000299.083, 186.0
