Trd, 000001.483, 151.0
Trd, 000001.817, 154.0
Trd, 000002.067, 150
Trd, 000002.417, 153
Trd, 000003.300, 150
Trd, 000003.600, 153
Trd, 000005.183, 153.0
Trd, 000005.733, 152
Trd, 000006.083, 153.0
Trd, 000006.183, 153.0
Trd, 000006.283, 151.0
Trd, 000007.250, 155.0
Trd, 000008.667, 153.0
Trd, 000008.983, 152
Trd, 000009.017, 151.0
Trd, 000010.417, 149
Trd, 000010.450, 150
Trd, 000011.317, 154.0
Trd, 000011.967, 154.0
Trd, 000012.050, 149
Trd, 000013.233, 153
Trd, 000013.333, 149
Trd, 000013.483, 155
Trd, 000013.517, 148.0
Trd, 000014.400, 151.0
Trd, 000015.100, 155.0
Trd, 000015.683, 168.0
Trd, 000016.333, 158
Trd, 000017.100, 157.0
Trd, 000017.250, 157
Trd, 000017.433, 157
Trd, 000017.517, 158.0
Trd, 000017.667, 162.0
Trd, 000018.733, 159
Trd, 000018.783, 158.0
Trd, 000021.317, 156
Trd, 000021.833, 155
Trd, 000022.833, 154.0
Trd, 000024.300, 155.0
Trd, 000024.900, 155
Trd, 000025.300, 154
Trd, 000026.400, 153
Trd, 000026.617, 152
Trd, 000026.883, 152.0
Trd, 000027.533, 152
Trd, 000027.700, 153.0
Trd, 000028.617, 154.0
Trd, 000028.933, 153.0
Trd, 000028.967, 155.0
Trd, 000029.067, 162.0
Trd, 000029.400, 167
Trd, 000029.833, 167.0
Trd, 000030.450, 159
Trd, 000030.867, 158
Trd, 000031.150, 157
Trd, 000032.333, 165.0
Trd, 000034.583, 161
Trd, 000035.067, 160.0
Trd, 000035.767, 159
Trd, 000036.100, 158.0
Trd, 000036.200, 158
Trd, 000037.000, 159
Trd, 000037.150, 160
Trd, 000038.000, 159
Trd, 000038.317, 157
Trd, 000038.917, 158.0
Trd, 000040.383, 155
Trd, 000041.250, 155
Trd, 000041.350, 155
Trd, 000041.683, 153
Trd, 000041.750, 154.0
Trd, 000041.783, 155.0
Trd, 000042.367, 153
Trd, 000043.417, 158
Trd, 000044.733, 153
Trd, 000045.217, 157
Trd, 000045.650, 157.0
Trd, 000046.350, 152.0
Trd, 000046.550, 151.0
Trd, 000046.767, 153.0
Trd, 000047.350, 155.0
Trd, 000048.183, 154.0
Trd, 000048.483, 151.0
Trd, 000049.183, 148.0
Trd, 000049.300, 154
Trd, 000051.350, 155.0
Trd, 000051.683, 157
Trd, 000051.717, 156
Trd, 000051.733, 158.0
Trd, 000052.317, 161.0
Trd, 000053.250, 158.0
Trd, 000053.667, 156
Trd, 000054.467, 155
Trd, 000055.233, 154
Trd, 000056.233, 155.0
Trd, 000057.533, 155
Trd, 000057.800, 154
Trd, 000058.983, 154
Trd, 000059.000, 156
Trd, 000059.067, 152.0
Trd, 000059.583, 155
Trd, 000059.767, 153
Trd, 000060.200, 155
Trd, 000060.717, 158.0
Trd, 000062.167, 153.0
Trd, 000062.400, 152
Trd, 000062.600, 154.0
Trd, 000063.617, 152.0
Trd, 000063.933, 153
Trd, 000064.917, 153.0
Trd, 000065.150, 152
Trd, 000065.517, 148
Trd, 000066.350, 150
Trd, 000066.700, 150
Trd, 000067.000, 155.0
Trd, 000068.683, 151.0
Trd, 000069.017, 149.0
Trd, 000069.650, 148.0
Trd, 000070.333, 148
Trd, 000070.617, 148
Trd, 000071.950, 151
Trd, 000073.000, 152.0
Trd, 000073.417, 158.0
Trd, 000073.683, 155.0
Trd, 000073.850, 154
Trd, 000074.800, 154.0
Trd, 000074.967, 155
Trd, 000076.367, 153
Trd, 000076.450, 153
Trd, 000076.750, 152
Trd, 000077.183, 161.0
Trd, 000077.567, 161.0
Trd, 000078.583, 153.0
Trd, 000078.817, 154.0
Trd, 000079.033, 153
Trd, 000079.217, 154
Trd, 000079.567, 153
Trd, 000081.850, 152.0
Trd, 000082.633, 152.0
Trd, 000082.733, 151.0
Trd, 000083.167, 151
Trd, 000083.233, 151.0
Trd, 000083.750, 153.0
Trd, 000085.450, 153
Trd, 000086.067, 150
Trd, 000086.217, 154
Trd, 000088.033, 152.0
Trd, 000088.233, 155.0
Trd, 000088.617, 155.0
Trd, 000088.833, 150
Trd, 000088.917, 156
Trd, 000089.333, 158.0
Trd, 000089.617, 162.0
Trd, 000090.817, 153
Trd, 000092.183, 153
Trd, 000092.650, 153
Trd, 000092.850, 154
Trd, 000093.600, 155.0
Trd, 000094.067, 157.0
Trd, 000094.700, 157.0
Trd, 000094.933, 158.0
Trd, 000095.250, 157
Trd, 000096.167, 152
Trd, 000096.483, 157
Trd, 000098.233, 152
Trd, 000098.517, 149
Trd, 000098.967, 148.0
Trd, 000099.067, 153
Trd, 000100.017, 149
Trd, 000100.133, 150
Trd, 000100.833, 152
Trd, 000101.533, 152.0
Trd, 000101.783, 155.0
Trd, 000102.200, 158
Trd, 000102.750, 155.0
Trd, 000103.200, 158.0
Trd, 000103.517, 161.0
Trd, 000104.050, 158
Trd, 000106.100, 158
Trd, 000106.317, 158
Trd, 000106.567, 157
Trd, 000108.233, 156
Trd, 000108.283, 159
Trd, 000109.267, 154.0
Trd, 000109.600, 155.0
Trd, 000110.617, 161
Trd, 000110.817, 161
Trd, 000110.833, 160
Trd, 000111.400, 153
Trd, 000111.467, 152.0
Trd, 000111.800, 165.0
Trd, 000112.467, 164.0
Trd, 000113.133, 155
Trd, 000113.567, 154
Trd, 000114.000, 155.0
Trd, 000115.050, 158.0
Trd, 000116.283, 156
Trd, 000116.733, 155
Trd, 000117.633, 157
Trd, 000118.100, 155
Trd, 000118.417, 155
Trd, 000118.517, 154
Trd, 000120.433, 155
Trd, 000121.183, 153
Trd, 000121.917, 153.0
Trd, 000121.967, 154.0
Trd, 000121.983, 152
Trd, 000123.017, 154.0
Trd, 000124.750, 149.0
Trd, 000124.967, 149.0
Trd, 000125.517, 148.0
Trd, 000125.950, 149
Trd, 000127.067, 148
Trd, 000127.250, 147
Trd, 000127.750, 149
Trd, 000127.800, 149
Trd, 000127.850, 146
Trd, 000128.900, 148
Trd, 000129.250, 154
Trd, 000130.000, 155.0
Trd, 000130.150, 157.0
Trd, 000130.633, 152.0
Trd, 000131.917, 153.0
Trd, 000132.267, 155.0
Trd, 000132.800, 152
Trd, 000133.300, 153
Trd, 000133.800, 151
Trd, 000135.167, 154.0
Trd, 000135.467, 153
Trd, 000136.733, 153.0
Trd, 000136.983, 152
Trd, 000137.817, 153
Trd, 000138.133, 154.0
Trd, 000138.367, 155.0
Trd, 000138.600, 154.0
Trd, 000140.967, 152.0
Trd, 000141.050, 153.0
Trd, 000141.133, 154.0
Trd, 000141.183, 158.0
Trd, 000141.633, 151.0
Trd, 000142.400, 156
Trd, 000142.667, 158
Trd, 000143.350, 160.0
Trd, 000145.967, 154
Trd, 000146.300, 153
Trd, 000146.383, 154.0
Trd, 000146.467, 155.0
Trd, 000147.733, 162.0
Trd, 000148.600, 166.0
Trd, 000149.283, 157.0
Trd, 000150.433, 157
Trd, 000150.950, 157
Trd, 000151.333, 156
Trd, 000151.650, 151.0
Trd, 000151.750, 149.0
Trd, 000152.533, 155
Trd, 000153.750, 154
Trd, 000153.883, 151
Trd, 000154.000, 156
Trd, 000155.333, 151.0
Trd, 000155.983, 151
Trd, 000156.100, 151
Trd, 000156.250, 151
Trd, 000156.333, 152
Trd, 000157.750, 153
Trd, 000159.517, 152
Trd, 000159.783, 150
Trd, 000159.833, 148.0
Trd, 000160.033, 150.0
Trd, 000160.450, 149.0
Trd, 000160.683, 151.0
Trd, 000162.067, 152
Trd, 000162.117, 150
Trd, 000163.383, 159
Trd, 000163.917, 161.0
Trd, 000164.683, 155
Trd, 000165.750, 155
Trd, 000166.733, 155
Trd, 000166.850, 154
Trd, 000166.883, 154
Trd, 000167.550, 154
Trd, 000167.817, 153
Trd, 000168.267, 153
Trd, 000168.283, 155.0
Trd, 000169.383, 151.0
Trd, 000170.133, 153
Trd, 000170.550, 153
Trd, 000170.933, 153
Trd, 000171.367, 152
Trd, 000171.417, 153
Trd, 000171.933, 148.0
Trd, 000171.967, 147
Trd, 000172.183, 149
Trd, 000172.600, 158.0
Trd, 000175.233, 153.0
Trd, 000175.333, 155
Trd, 000175.633, 155.0
Trd, 000176.983, 153.0
Trd, 000177.217, 153
Trd, 000177.400, 152.0
Trd, 000178.250, 152.0
Trd, 000179.100, 155.0
Trd, 000179.867, 155
Trd, 000180.500, 154
Trd, 000181.083, 153
Trd, 000181.983, 158.0
Trd, 000182.317, 157
Trd, 000183.083, 155
Trd, 000183.717, 153.0
Trd, 000183.750, 155
Trd, 000183.767, 152.0
Trd, 000184.800, 151.0
Trd, 000185.250, 150
Trd, 000186.783, 153.0
Trd, 000187.217, 153
Trd, 000188.183, 152.0
Trd, 000189.583, 153
Trd, 000190.317, 154
Trd, 000191.283, 152.0
Trd, 000193.133, 150
Trd, 000193.250, 151.0
Trd, 000194.150, 153
Trd, 000196.067, 154
Trd, 000196.083, 153.0
Trd, 000196.167, 155.0
Trd, 000196.433, 152
Trd, 000196.733, 156
Trd, 000197.250, 153.0
Trd, 000197.883, 152
Trd, 000198.117, 151.0
Trd, 000198.717, 151
Trd, 000198.783, 150
Trd, 000199.183, 151
Trd, 000200.050, 151
Trd, 000200.717, 155.0
Trd, 000201.117, 158.0
Trd, 000201.717, 150
Trd, 000202.033, 149
Trd, 000202.333, 151
Trd, 000202.900, 148
Trd, 000203.367, 149
Trd, 000204.017, 148
Trd, 000205.100, 151.0
Trd, 000205.767, 153.0
Trd, 000205.817, 150
Trd, 000206.150, 149
Trd, 000206.767, 154.0
Trd, 000207.083, 155.0
Trd, 000207.250, 157.0
Trd, 000207.950, 158.0
Trd, 000207.967, 162.0
Trd, 000208.233, 175.0
Trd, 000209.800, 155.0
Trd, 000210.583, 155.0
Trd, 000210.667, 154.0
Trd, 000211.367, 154
Trd, 000212.000, 155.0
Trd, 000212.650, 155
Trd, 000213.450, 154
Trd, 000213.533, 155
Trd, 000213.617, 151
Trd, 000213.783, 151.0
Trd, 000215.917, 153
Trd, 000216.033, 152.0
Trd, 000216.850, 152
Trd, 000217.617, 152
Trd, 000217.967, 152
Trd, 000218.683, 151.0
Trd, 000219.333, 155.0
Trd, 000219.883, 151
Trd, 000220.767, 150
Trd, 000221.000, 149
Trd, 000221.350, 150
Trd, 000222.167, 150
Trd, 000222.633, 149
Trd, 000223.000, 154
Trd, 000224.550, 151.0
Trd, 000224.600, 150
Trd, 000225.150, 151.0
Trd, 000225.917, 149
Trd, 000226.217, 149.0
Trd, 000226.717, 149.0
Trd, 000227.250, 158.0
Trd, 000228.067, 162.0
Trd, 000228.800, 154.0
Trd, 000228.867, 148
Trd, 000230.017, 154.0
Trd, 000230.450, 155.0
Trd, 000231.150, 156.0
Trd, 000231.833, 156
Trd, 000232.167, 155.0
Trd, 000233.000, 157
Trd, 000233.650, 157
Trd, 000234.050, 155
Trd, 000234.483, 155.0
Trd, 000235.750, 153
Trd, 000236.183, 154
Trd, 000236.283, 152
Trd, 000236.717, 155.0
Trd, 000237.817, 152
Trd, 000238.133, 151.0
Trd, 000239.767, 152
Trd, 000239.950, 153
Trd, 000240.017, 151
Trd, 000240.367, 151
Trd, 000240.450, 152
Trd, 000240.733, 154.0
Trd, 000241.083, 155.0
Trd, 000241.183, 153.0
Trd, 000241.617, 165.0
Trd, 000242.383, 154
Trd, 000243.150, 152.0
Trd, 000243.367, 154.0
Trd, 000244.067, 155.0
Trd, 000244.650, 155
Trd, 000245.000, 154
Trd, 000245.200, 151.0
Trd, 000245.683, 150
Trd, 000246.667, 151
Trd, 000247.367, 152
Trd, 000247.583, 152
Trd, 000247.750, 150
Trd, 000248.717, 152
Trd, 000249.600, 153
Trd, 000250.017, 150
Trd, 000250.067, 151
Trd, 000250.667, 152
Trd, 000250.833, 153
Trd, 000251.033, 152
Trd, 000251.167, 153
Trd, 000252.417, 153
Trd, 000252.450, 151
Trd, 000252.950, 150
Trd, 000253.783, 153
Trd, 000254.150, 155.0
Trd, 000254.383, 158.0
Trd, 000254.733, 155.0
Trd, 000254.833, 155
Trd, 000255.450, 151.0
Trd, 000255.667, 152
Trd, 000256.533, 155.0
Trd, 000256.950, 156.0
Trd, 000257.183, 156
Trd, 000258.217, 152.0
Trd, 000258.283, 155.0
Trd, 000258.450, 151.0
Trd, 000259.333, 156
Trd, 000259.500, 155.0
Trd, 000260.467, 155.0
Trd, 000260.683, 155
Trd, 000260.950, 153
Trd, 000261.550, 154
Trd, 000262.017, 156
Trd, 000262.167, 158.0
Trd, 000262.333, 137.0
Trd, 000263.933, 153.0
Trd, 000263.967, 152.0
Trd, 000264.850, 154.0
Trd, 000265.267, 151
Trd, 000265.467, 155.0
Trd, 000265.867, 174.0
Trd, 000265.933, 151
Trd, 000266.350, 154.0
Trd, 000266.517, 153.0
Trd, 000267.000, 151.0
Trd, 000267.467, 151.0
Trd, 000267.483, 152.0
Trd, 000267.617, 150
Trd, 000268.000, 156
Trd, 000268.850, 160.0
Trd, 000269.183, 160.0
Trd, 000269.783, 160.0
Trd, 000270.467, 158.0
Trd, 000270.700, 155.0
Trd, 000270.850, 161.0
Trd, 000271.000, 161
Trd, 000272.517, 152.0
Trd, 000273.250, 155.0
Trd, 000273.350, 158.0
Trd, 000274.300, 156.0
Trd, 000274.517, 155
Trd, 000274.983, 156
Trd, 000275.717, 154
Trd, 000276.017, 154.0
Trd, 000276.033, 155
Trd, 000276.650, 156
Trd, 000276.783, 157
Trd, 000276.917, 155.0
Trd, 000278.817, 156.0
Trd, 000279.033, 157
Trd, 000279.050, 161.0
Trd, 000279.633, 158.0
Trd, 000279.717, 156.0
Trd, 000279.750, 155.0
Trd, 000281.183, 161.0
Trd, 000282.000, 155
Trd, 000282.683, 155
Trd, 000283.133, 153
Trd, 000283.167, 156.0
Trd, 000283.667, 156.0
Trd, 000284.367, 156
Trd, 000285.333, 155
Trd, 000285.500, 156.0
Trd, 000286.167, 154
Trd, 000286.250, 157.0
Trd, 000286.517, 158.0
Trd, 000286.750, 155.0
Trd, 000287.367, 157
Trd, 000287.517, 158
Trd, 000288.100, 155
Trd, 000288.433, 155.0
Trd, 000288.833, 154
Trd, 000289.033, 153
Trd, 000289.717, 154
Trd, 000291.300, 153
Trd, 000291.650, 152
Trd, 000292.217, 153
Trd, 000292.483, 158.0
Trd, 000292.817, 159
Trd, 000292.950, 158
Trd, 000293.567, 151.0
Trd, 000293.667, 150
Trd, 000294.383, 155.0
Trd, 000294.867, 153
Trd, 000295.350, 153
Trd, 000295.417, 154
Trd, 000295.950, 151.0
Trd, 000295.967, 158
Trd, 000295.983, 160.0
Trd, 000296.500, 158.0
Trd, 000296.583, 162.0
Trd, 000297.600, 165.0
Trd, 000298.367, 158
Trd, 000298.983, 156
Trd, 000299.750, 156
Trd, 000299.850, 155.0
