Trd, 000001.000, 152
Trd, 000002.883, 168
Trd, 000003.217, 151
Trd, 000005.033, 153
Trd, 000005.400, 151
Trd, 000005.967, 161.0
Trd, 000006.050, 162.0
Trd, 000006.250, 158
Trd, 000007.150, 152
Trd, 000007.600, 157
Trd, 000008.067, 158
Trd, 000009.450, 155
Trd, 000010.467, 155.0
Trd, 000010.917, 154
Trd, 000011.733, 154
Trd, 000011.833, 153
Trd, 000012.083, 150
Trd, 000012.300, 152
Trd, 000014.083, 155
Trd, 000014.233, 151
Trd, 000014.800, 161.0
Trd, 000015.300, 151
Trd, 000016.017, 149
Trd, 000016.650, 153
Trd, 000016.833, 148
Trd, 000017.700, 149
Trd, 000017.933, 150
Trd, 000019.100, 154
Trd, 000019.267, 151
Trd, 000019.367, 162.0
Trd, 000019.767, 167.0
Trd, 000021.233, 157
Trd, 000022.017, 152
Trd, 000022.583, 153
Trd, 000023.000, 154
Trd, 000023.400, 154
Trd, 000023.900, 152
Trd, 000024.433, 152
Trd, 000024.467, 153
Trd, 000025.333, 150
Trd, 000025.483, 151
Trd, 000026.167, 151.0
Trd, 000026.917, 160
Trd, 000027.383, 152
Trd, 000027.950, 162.0
Trd, 000028.283, 151
Trd, 000028.400, 165.0
Trd, 000028.817, 168.0
Trd, 000030.950, 156
Trd, 000031.067, 154
Trd, 000031.183, 154
Trd, 000031.350, 157
Trd, 000032.183, 158
Trd, 000032.717, 153
Trd, 000033.050, 153
Trd, 000033.850, 153
Trd, 000035.667, 153
Trd, 000035.717, 149
Trd, 000035.867, 160
Trd, 000036.400, 162.0
Trd, 000037.183, 151
Trd, 000037.533, 151
Trd, 000037.667, 156
Trd, 000038.017, 155
Trd, 000038.267, 144.0
Trd, 000039.583, 145
Trd, 000040.017, 145.0
Trd, 000040.267, 145
Trd, 000040.300, 144.0
Trd, 000041.417, 147
Trd, 000041.650, 148
Trd, 000042.200, 146
Trd, 000043.650, 150
Trd, 000044.683, 147
Trd, 000044.833, 141.0
Trd, 000045.033, 143
Trd, 000045.550, 147
Trd, 000045.583, 148
Trd, 000045.767, 162.0
Trd, 000045.850, 142
Trd, 000046.150, 151.0
Trd, 000046.667, 145.0
Trd, 000047.567, 154
Trd, 000048.083, 144.0
Trd, 000049.767, 150.0
Trd, 000052.150, 150
Trd, 000052.200, 149
Trd, 000052.233, 150
Trd, 000052.250, 151.0
Trd, 000053.167, 150
Trd, 000054.400, 153
Trd, 000054.650, 154
Trd, 000055.200, 155.0
Trd, 000055.917, 154.0
Trd, 000056.200, 154
Trd, 000056.450, 153
Trd, 000056.667, 152
Trd, 000057.650, 150
Trd, 000058.317, 151.0
Trd, 000058.483, 152
Trd, 000058.983, 149
Trd, 000059.033, 145
Trd, 000059.950, 153
Trd, 000060.917, 150
Trd, 000062.333, 147
Trd, 000062.633, 148
Trd, 000063.983, 161.0
Trd, 000064.500, 151.0
Trd, 000065.283, 150
Trd, 000065.900, 152
Trd, 000066.450, 151
Trd, 000067.733, 148
Trd, 000068.400, 150
Trd, 000068.550, 148
Trd, 000069.283, 149
Trd, 000070.150, 148
Trd, 000070.233, 149
Trd, 000070.367, 151
Trd, 000071.367, 150.0
Trd, 000071.950, 150
Trd, 000072.533, 151.0
Trd, 000072.733, 150
Trd, 000073.050, 151
Trd, 000073.250, 154
Trd, 000073.350, 149
Trd, 000073.450, 162.0
Trd, 000075.533, 154
Trd, 000075.750, 153
Trd, 000076.300, 153
Trd, 000076.367, 154
Trd, 000076.883, 153
Trd, 000077.067, 152
Trd, 000077.450, 154
Trd, 000078.250, 150
Trd, 000078.900, 150
Trd, 000079.133, 149
Trd, 000080.483, 150
Trd, 000081.067, 149
Trd, 000081.633, 149
Trd, 000081.767, 151.0
Trd, 000083.117, 151
Trd, 000083.150, 146
Trd, 000083.817, 154
Trd, 000084.783, 158
Trd, 000087.050, 152
Trd, 000087.400, 153.0
Trd, 000087.617, 154.0
Trd, 000089.667, 155
Trd, 000090.300, 157
Trd, 000091.067, 156
Trd, 000091.317, 154
Trd, 000092.633, 157
Trd, 000093.050, 158
Trd, 000093.583, 159
Trd, 000093.650, 155.0
Trd, 000093.783, 155
Trd, 000093.800, 159.0
Trd, 000093.883, 153
Trd, 000093.950, 150
Trd, 000095.233, 158
Trd, 000095.983, 157
Trd, 000097.500, 151.0
Trd, 000097.700, 153
Trd, 000098.083, 154
Trd, 000098.367, 159
Trd, 000098.533, 162.0
Trd, 000099.283, 163
Trd, 000099.650, 159
Trd, 000100.417, 149
Trd, 000100.500, 149
Trd, 000100.733, 150
Trd, 000101.067, 150
Trd, 000101.133, 149
Trd, 000101.600, 144.0
Trd, 000103.450, 144
Trd, 000104.250, 147.0
Trd, 000104.650, 147
Trd, 000105.433, 147
Trd, 000105.950, 148
Trd, 000106.167, 147
Trd, 000106.200, 148
Trd, 000106.467, 149
Trd, 000108.733, 147
Trd, 000109.167, 147
Trd, 000110.267, 146
Trd, 000110.317, 148
Trd, 000110.950, 147
Trd, 000111.683, 147
Trd, 000111.967, 149
Trd, 000113.617, 149
Trd, 000114.900, 149
Trd, 000114.917, 148
Trd, 000115.050, 151.0
Trd, 000115.967, 156
Trd, 000116.083, 156.0
Trd, 000116.150, 160.0
Trd, 000116.450, 155
Trd, 000119.150, 155
Trd, 000119.583, 155.0
Trd, 000120.033, 154
Trd, 000120.117, 158
Trd, 000120.833, 155
Trd, 000121.217, 153
Trd, 000122.667, 155
Trd, 000123.100, 154
Trd, 000123.317, 154
Trd, 000123.517, 154
Trd, 000123.533, 156
Trd, 000124.067, 151
Trd, 000124.967, 158.0
Trd, 000125.333, 152
Trd, 000126.000, 160.0
Trd, 000126.283, 162.0
Trd, 000126.950, 162
Trd, 000127.500, 162
Trd, 000128.433, 155
Trd, 000129.633, 156
Trd, 000129.817, 156
Trd, 000129.883, 155.0
Trd, 000130.150, 153
Trd, 000131.917, 151
Trd, 000132.317, 149
Trd, 000132.833, 149
Trd, 000132.850, 150
Trd, 000133.067, 153
Trd, 000134.083, 155
Trd, 000134.200, 155
Trd, 000135.000, 151.0
Trd, 000135.083, 155
Trd, 000135.417, 148
Trd, 000135.433, 147
Trd, 000136.800, 147
Trd, 000137.933, 146
Trd, 000137.950, 146
Trd, 000138.433, 151.0
Trd, 000140.433, 156.0
Trd, 000141.167, 154
Trd, 000141.233, 157.0
Trd, 000141.800, 152
Trd, 000142.050, 162.0
Trd, 000143.383, 156
Trd, 000143.567, 155
Trd, 000144.517, 152
Trd, 000145.550, 153
Trd, 000145.583, 154
Trd, 000145.833, 155
Trd, 000147.000, 154
Trd, 000147.367, 152
Trd, 000148.533, 149
Trd, 000148.833, 150
Trd, 000149.567, 152
Trd, 000150.700, 147
Trd, 000151.333, 144.0
Trd, 000151.450, 147
Trd, 000151.900, 148
Trd, 000152.100, 148
Trd, 000152.367, 161.0
Trd, 000152.983, 146
Trd, 000153.467, 151.0
Trd, 000154.617, 151
Trd, 000154.667, 164.0
Trd, 000154.967, 145
Trd, 000155.150, 163.0
Trd, 000156.033, 161
Trd, 000157.217, 159.0
Trd, 000157.250, 154
Trd, 000157.833, 158
Trd, 000158.417, 158
Trd, 000158.600, 157
Trd, 000160.083, 158
Trd, 000161.850, 157
Trd, 000163.883, 157
Trd, 000164.600, 156
Trd, 000164.683, 155.0
Trd, 000165.083, 156
Trd, 000166.267, 155
Trd, 000166.783, 152
Trd, 000167.350, 153
Trd, 000168.267, 150
Trd, 000168.483, 150
Trd, 000168.550, 149
Trd, 000168.983, 146
Trd, 000169.133, 145.0
Trd, 000170.800, 146
Trd, 000171.067, 147
Trd, 000172.250, 150
Trd, 000172.517, 151.0
Trd, 000173.017, 165.0
Trd, 000174.400, 151
Trd, 000175.450, 152
Trd, 000175.800, 151
Trd, 000176.167, 153
Trd, 000176.617, 151
Trd, 000176.667, 149
Trd, 000176.867, 150
Trd, 000177.150, 150
Trd, 000178.117, 149
Trd, 000178.167, 146
Trd, 000179.450, 149
Trd, 000180.017, 157
Trd, 000180.150, 155
Trd, 000180.500, 156
Trd, 000181.583, 151.0
Trd, 000181.950, 156
Trd, 000182.483, 150
Trd, 000183.533, 151.0
Trd, 000184.017, 150
Trd, 000184.483, 149
Trd, 000185.250, 149
Trd, 000186.183, 148
Trd, 000186.300, 148
Trd, 000187.067, 148
Trd, 000187.167, 149
Trd, 000189.150, 146
Trd, 000189.983, 146
Trd, 000190.167, 148
Trd, 000190.633, 148
Trd, 000191.083, 149
Trd, 000192.467, 146
Trd, 000192.567, 148.0
Trd, 000193.333, 151.0
Trd, 000194.000, 150
Trd, 000194.633, 149
Trd, 000195.333, 151
Trd, 000196.267, 150
Trd, 000196.450, 150
Trd, 000196.750, 152
Trd, 000197.183, 150
Trd, 000198.117, 150.0
Trd, 000198.500, 151.0
Trd, 000200.033, 152
Trd, 000200.083, 151
Trd, 000200.617, 153
Trd, 000200.633, 154
Trd, 000200.750, 151
Trd, 000201.617, 162.0
Trd, 000201.950, 150
Trd, 000203.183, 149
Trd, 000203.733, 150.0
Trd, 000204.083, 151.0
Trd, 000204.300, 153
Trd, 000204.883, 162
Trd, 000206.100, 162
Trd, 000207.383, 162
Trd, 000207.783, 162
Trd, 000207.983, 159
Trd, 000209.850, 151.0
Trd, 000210.050, 152
Trd, 000210.067, 149
Trd, 000211.000, 152
Trd, 000211.333, 150
Trd, 000211.733, 148
Trd, 000211.783, 149
Trd, 000212.050, 146
Trd, 000213.167, 165.0
Trd, 000213.450, 168.0
Trd, 000213.867, 155
Trd, 000214.383, 159.0
Trd, 000214.783, 155.0
Trd, 000215.233, 159
Trd, 000215.683, 157
Trd, 000216.167, 156
Trd, 000216.350, 157
Trd, 000217.533, 155.0
Trd, 000217.900, 155
Trd, 000218.133, 156
Trd, 000220.233, 156
Trd, 000221.450, 154
Trd, 000221.800, 155
Trd, 000222.333, 156
Trd, 000222.367, 155
Trd, 000222.650, 156
Trd, 000223.217, 155.0
Trd, 000223.367, 162.0
Trd, 000223.783, 165.0
Trd, 000224.800, 162
Trd, 000224.950, 162.0
Trd, 000225.950, 160
Trd, 000226.400, 159
Trd, 000226.567, 158
Trd, 000226.950, 160
Trd, 000228.417, 156
Trd, 000228.700, 154
Trd, 000228.750, 150
Trd, 000229.967, 153
Trd, 000230.083, 151
Trd, 000230.717, 149
Trd, 000230.817, 152
Trd, 000230.967, 147
Trd, 000231.633, 161.0
Trd, 000233.333, 149
Trd, 000234.483, 151.0
Trd, 000234.567, 154
Trd, 000235.933, 152
Trd, 000236.250, 152
Trd, 000236.667, 151
Trd, 000237.200, 150
Trd, 000237.850, 150
Trd, 000238.150, 149
Trd, 000239.267, 148
Trd, 000239.683, 148
Trd, 000239.900, 147
Trd, 000240.467, 151.0
Trd, 000240.500, 150.0
Trd, 000241.217, 151
Trd, 000241.550, 152
Trd, 000241.683, 153.0
Trd, 000241.800, 155.0
Trd, 000241.950, 149
Trd, 000242.450, 158.0
Trd, 000242.967, 158.0
Trd, 000243.483, 148
Trd, 000243.717, 155
Trd, 000244.567, 148
Trd, 000245.767, 151.0
Trd, 000246.467, 153
Trd, 000246.933, 154
Trd, 000247.150, 154
Trd, 000247.217, 151
Trd, 000248.550, 152.0
Trd, 000248.600, 150
Trd, 000249.217, 152
Trd, 000249.333, 153
Trd, 000249.450, 154
Trd, 000249.700, 155.0
Trd, 000249.933, 153
Trd, 000250.767, 153
Trd, 000251.217, 152
Trd, 000251.267, 153
Trd, 000251.667, 149
Trd, 000252.683, 150.0
Trd, 000252.900, 144.0
Trd, 000253.017, 151
Trd, 000253.383, 153
Trd, 000254.383, 149
Trd, 000255.000, 149
Trd, 000255.550, 149
Trd, 000255.633, 150
Trd, 000256.033, 151
Trd, 000256.417, 151
Trd, 000257.017, 150
Trd, 000257.483, 148
Trd, 000257.600, 147
Trd, 000257.867, 144.0
Trd, 000258.600, 149
Trd, 000258.633, 151
Trd, 000258.767, 148
Trd, 000259.367, 148
Trd, 000259.383, 151
Trd, 000259.750, 155.0
Trd, 000260.617, 153
Trd, 000260.750, 149
Trd, 000261.250, 149
Trd, 000261.367, 152.0
Trd, 000262.000, 151
Trd, 000262.050, 149
Trd, 000262.717, 147
Trd, 000262.917, 155.0
Trd, 000263.117, 146
Trd, 000264.350, 153
Trd, 000264.833, 156.0
Trd, 000265.583, 155.0
Trd, 000266.567, 155
Trd, 000266.767, 155
Trd, 000267.050, 153.0
Trd, 000267.483, 151
Trd, 000267.583, 154.0
Trd, 000268.617, 151
Trd, 000269.083, 146.0
Trd, 000269.717, 148
Trd, 000270.533, 146.0
Trd, 000270.967, 146
Trd, 000270.983, 147
Trd, 000271.633, 146
Trd, 000271.817, 151.0
Trd, 000272.183, 155.0
Trd, 000272.700, 158.0
Trd, 000273.100, 145
Trd, 000273.550, 162.0
Trd, 000274.683, 155.0
Trd, 000274.833, 160
Trd, 000275.683, 156
Trd, 000276.533, 151
Trd, 000277.133, 153
Trd, 000277.767, 153
Trd, 000278.233, 153.0
Trd, 000278.683, 153.0
Trd, 000279.050, 153
Trd, 000279.367, 154.0
Trd, 000279.700, 151
Trd, 000279.917, 155.0
Trd, 000280.567, 152
Trd, 000280.617, 153
Trd, 000281.500, 151.0
Trd, 000281.650, 150
Trd, 000281.667, 149
Trd, 000281.850, 153
Trd, 000282.517, 146
Trd, 000283.850, 152
Trd, 000284.317, 150
Trd, 000285.283, 149
Trd, 000285.667, 150
Trd, 000286.183, 149
Trd, 000286.567, 149
Trd, 000286.700, 151
Trd, 000286.733, 149
Trd, 000287.283, 150
Trd, 000287.617, 149
Trd, 000287.717, 144.0
Trd, 000288.167, 151
Trd, 000288.500, 151.0
Trd, 000288.667, 155.0
Trd, 000290.117, 145
Trd, 000290.250, 151
Trd, 000290.433, 154
Trd, 000291.917, 150
Trd, 000292.017, 149
Trd, 000292.050, 149
Trd, 000292.217, 156.0
Trd, 000292.950, 156.0
Trd, 000293.083, 158.0
Trd, 000293.617, 162.0
Trd, 000294.617, 158.0
Trd, 000294.717, 153
Trd, 000294.950, 157
Trd, 000295.883, 152.0
Trd, 000295.983, 151
Trd, 000296.383, 150
Trd, 000297.233, 150
Trd, 000297.383, 150
Trd, 000297.567, 147
Trd, 000298.583, 149
Trd, 000299.300, 144.0
Trd, 000299.400, 144
Trd, 000299.733, 141.0
Trd, 000299.967, 142
