Trd, 000001.367, 150
Trd, 000003.717, 154
Trd, 000004.050, 155
Trd, 000004.433, 154
Trd, 000004.783, 154
Trd, 000004.833, 154
Trd, 000004.900, 156
Trd, 000005.300, 151
Trd, 000005.550, 154
Trd, 000005.983, 150
Trd, 000007.367, 150
Trd, 000007.900, 154
Trd, 000008.433, 158.0
Trd, 000008.817, 151
Trd, 000009.017, 167.0
Trd, 000010.300, 161
Trd, 000011.517, 156
Trd, 000011.667, 155.0
Trd, 000012.233, 156.0
Trd, 000012.933, 156.0
Trd, 000013.117, 158.0
Trd, 000013.183, 165
Trd, 000013.467, 155
Trd, 000014.233, 156
Trd, 000014.833, 156
Trd, 000015.033, 157
Trd, 000015.467, 155
Trd, 000016.133, 157
Trd, 000016.550, 157
Trd, 000016.833, 157
Trd, 000017.083, 158
Trd, 000018.917, 156
Trd, 000019.617, 160
Trd, 000020.017, 163.0
Trd, 000020.167, 157
Trd, 000020.867, 157.0
Trd, 000021.217, 158.0
Trd, 000021.933, 157
Trd, 000022.233, 158.0
Trd, 000022.817, 154
Trd, 000022.950, 139
Trd, 000023.017, 155.0
Trd, 000023.350, 156
Trd, 000023.400, 164
Trd, 000024.483, 167.0
Trd, 000024.933, 166
Trd, 000025.217, 183
Trd, 000025.267, 162
Trd, 000027.400, 161
Trd, 000027.450, 164
Trd, 000027.467, 159
Trd, 000028.000, 165
Trd, 000029.617, 161
Trd, 000029.667, 163.0
Trd, 000030.617, 160
Trd, 000031.150, 162.0
Trd, 000031.350, 164.0
Trd, 000031.700, 160
Trd, 000032.117, 160
Trd, 000032.217, 162
Trd, 000032.633, 163
Trd, 000032.717, 158
Trd, 000033.150, 163
Trd, 000033.217, 158
Trd, 000034.767, 159
Trd, 000035.733, 158.0
Trd, 000036.983, 157.0
Trd, 000037.450, 156.0
Trd, 000037.500, 157
Trd, 000039.317, 155.0
Trd, 000039.517, 157
Trd, 000040.000, 158
Trd, 000040.100, 155
Trd, 000040.300, 156
Trd, 000041.050, 155
Trd, 000041.467, 144.0
Trd, 000041.683, 142
Trd, 000042.000, 150
Trd, 000042.467, 155
Trd, 000043.650, 156
Trd, 000044.100, 155.0
Trd, 000045.383, 147
Trd, 000046.033, 149.0
Trd, 000047.267, 138
Trd, 000047.467, 151
Trd, 000047.967, 146
Trd, 000048.083, 147
Trd, 000048.350, 148
Trd, 000049.000, 145
Trd, 000049.600, 157.0
Trd, 000050.783, 155
Trd, 000050.867, 158.0
Trd, 000051.033, 160
Trd, 000051.417, 168.0
Trd, 000051.950, 170
Trd, 000052.150, 156
Trd, 000052.833, 171
Trd, 000052.883, 156.0
Trd, 000053.583, 156.0
Trd, 000054.017, 155
Trd, 000055.617, 149
Trd, 000055.650, 151
Trd, 000056.033, 147
Trd, 000056.533, 147
Trd, 000056.883, 148
Trd, 000056.900, 150
Trd, 000057.883, 149
Trd, 000058.817, 149
Trd, 000059.550, 157.0
Trd, 000059.633, 148
Trd, 000060.517, 146
Trd, 000061.333, 158
Trd, 000062.350, 147
Trd, 000062.567, 164.0
Trd, 000062.900, 156
Trd, 000063.050, 165.0
Trd, 000063.450, 152
Trd, 000063.800, 156
Trd, 000064.750, 156.0
Trd, 000066.717, 152
Trd, 000066.800, 150
Trd, 000067.033, 156
Trd, 000067.317, 150
Trd, 000067.383, 157.0
Trd, 000069.167, 150
Trd, 000069.200, 151
Trd, 000069.333, 152
Trd, 000070.283, 151
Trd, 000070.467, 150
Trd, 000071.500, 150
Trd, 000072.017, 151
Trd, 000072.783, 152
Trd, 000073.100, 151
Trd, 000073.183, 152
Trd, 000073.450, 153
Trd, 000073.550, 149
Trd, 000073.867, 155
Trd, 000074.517, 155.0
Trd, 000074.917, 156.0
Trd, 000076.433, 154
Trd, 000077.150, 148
Trd, 000077.517, 154
Trd, 000078.917, 153
Trd, 000079.417, 151
Trd, 000079.433, 150
Trd, 000080.117, 152
Trd, 000080.500, 149
Trd, 000080.617, 149
Trd, 000081.033, 153
Trd, 000081.183, 158.0
Trd, 000083.383, 155
Trd, 000083.767, 156.0
Trd, 000084.067, 155
Trd, 000084.083, 155
Trd, 000084.100, 155.0
Trd, 000084.267, 153
Trd, 000085.183, 151
Trd, 000085.750, 152
Trd, 000086.017, 154
Trd, 000086.667, 155
Trd, 000087.983, 152
Trd, 000088.333, 149
Trd, 000088.350, 153.0
Trd, 000088.767, 149
Trd, 000089.667, 150
Trd, 000090.550, 151
Trd, 000091.667, 153
Trd, 000091.917, 158.0
Trd, 000092.650, 165
Trd, 000092.717, 160
Trd, 000093.733, 158
Trd, 000094.467, 160.0
Trd, 000094.933, 157
Trd, 000095.617, 157
Trd, 000095.717, 157
Trd, 000095.950, 157
Trd, 000096.117, 158.0
Trd, 000096.367, 158
Trd, 000096.950, 156
Trd, 000097.583, 154
Trd, 000097.700, 140
Trd, 000097.933, 157.0
Trd, 000098.417, 153
Trd, 000099.367, 153
Trd, 000099.583, 153
Trd, 000099.783, 154
Trd, 000101.067, 158.0
Trd, 000101.617, 163
Trd, 000102.817, 161
Trd, 000102.917, 160
Trd, 000103.367, 160
Trd, 000103.517, 158
Trd, 000103.733, 159
Trd, 000104.150, 158
Trd, 000104.650, 157
Trd, 000105.250, 161
Trd, 000105.517, 154
Trd, 000105.967, 165
Trd, 000106.283, 168.0
Trd, 000107.317, 155
Trd, 000108.283, 168.0
Trd, 000109.183, 133
Trd, 000109.483, 134
Trd, 000110.033, 141
Trd, 000110.150, 143.0
Trd, 000110.233, 144.0
Trd, 000111.133, 144
Trd, 000112.233, 149
Trd, 000112.683, 157.0
Trd, 000113.167, 152
Trd, 000113.783, 151
Trd, 000114.333, 158.0
Trd, 000114.817, 161
Trd, 000115.167, 158
Trd, 000115.700, 153
Trd, 000116.000, 152
Trd, 000116.433, 151
Trd, 000117.617, 148
Trd, 000118.050, 149
Trd, 000118.550, 147
Trd, 000118.933, 155.0
Trd, 000119.050, 156.0
Trd, 000120.350, 147
Trd, 000120.633, 149
Trd, 000121.183, 148
Trd, 000121.733, 146
Trd, 000121.850, 149
Trd, 000121.900, 150
Trd, 000123.233, 148
Trd, 000123.350, 149
Trd, 000123.817, 154.0
Trd, 000123.933, 148
Trd, 000123.983, 155.0
Trd, 000124.050, 158.0
Trd, 000126.383, 147
Trd, 000126.900, 150
Trd, 000127.233, 150
Trd, 000127.450, 147
Trd, 000128.050, 153
Trd, 000129.767, 158.0
Trd, 000130.067, 151
Trd, 000130.983, 153
Trd, 000131.083, 154
Trd, 000132.383, 159
Trd, 000132.800, 155
Trd, 000133.750, 155
Trd, 000134.400, 158.0
Trd, 000134.500, 159.0
Trd, 000134.933, 158
Trd, 000134.967, 160
Trd, 000135.900, 162.0
Trd, 000136.417, 157
Trd, 000137.483, 158.0
Trd, 000137.950, 156
Trd, 000138.400, 155
Trd, 000138.533, 154
Trd, 000138.783, 155
Trd, 000138.867, 156
Trd, 000139.450, 155
Trd, 000139.550, 155
Trd, 000140.050, 154
Trd, 000140.233, 168.0
Trd, 000140.933, 163
Trd, 000141.750, 164
Trd, 000142.133, 165
Trd, 000143.067, 182.0
Trd, 000143.750, 158.0
Trd, 000144.233, 161
Trd, 000145.683, 160
Trd, 000146.650, 157
Trd, 000146.900, 156
Trd, 000147.117, 156
Trd, 000148.033, 155.0
Trd, 000148.267, 155
Trd, 000148.450, 155
Trd, 000148.583, 139
Trd, 000149.500, 149
Trd, 000149.867, 148
Trd, 000150.167, 148
Trd, 000150.333, 147
Trd, 000151.633, 137
Trd, 000151.750, 137.0
Trd, 000152.467, 144.0
Trd, 000154.000, 142
Trd, 000154.567, 141
Trd, 000154.683, 142
Trd, 000155.000, 140
Trd, 000155.083, 141
Trd, 000155.783, 140
Trd, 000156.083, 142
Trd, 000157.283, 140.0
Trd, 000158.217, 146
Trd, 000158.517, 143
Trd, 000158.783, 148
Trd, 000159.883, 150
Trd, 000160.717, 151.0
Trd, 000161.300, 149
Trd, 000161.383, 151.0
Trd, 000162.750, 149
Trd, 000162.817, 147
Trd, 000163.050, 151
Trd, 000164.250, 153.0
Trd, 000164.650, 154.0
Trd, 000165.050, 149
Trd, 000165.533, 152
Trd, 000165.650, 149
Trd, 000165.817, 154.0
Trd, 000166.867, 154.0
Trd, 000167.383, 154
Trd, 000169.183, 152
Trd, 000169.650, 151
Trd, 000169.817, 150
Trd, 000169.917, 149
Trd, 000170.350, 151
Trd, 000171.217, 152
Trd, 000172.067, 153
Trd, 000173.133, 151
Trd, 000173.300, 153
Trd, 000173.333, 154
Trd, 000174.000, 150
Trd, 000174.383, 152
Trd, 000175.850, 148
Trd, 000176.050, 150
Trd, 000176.600, 151
Trd, 000177.600, 154
Trd, 000179.000, 154
Trd, 000179.367, 153
Trd, 000179.383, 155
Trd, 000179.400, 150
Trd, 000180.467, 150
Trd, 000180.883, 151
Trd, 000181.033, 152
Trd, 000181.283, 150
Trd, 000181.850, 153
Trd, 000181.883, 168.0
Trd, 000181.917, 182
Trd, 000183.250, 158.0
Trd, 000184.850, 152
Trd, 000185.700, 155
Trd, 000186.417, 153
Trd, 000186.550, 153
Trd, 000186.567, 154
Trd, 000187.017, 155
Trd, 000188.367, 156
Trd, 000189.683, 154
Trd, 000189.933, 155
Trd, 000191.283, 156
Trd, 000191.767, 155
Trd, 000191.883, 155
Trd, 000191.900, 155.0
Trd, 000192.000, 153
Trd, 000192.150, 156.0
Trd, 000192.383, 156
Trd, 000193.217, 156.0
Trd, 000193.650, 152
Trd, 000193.733, 153
Trd, 000194.667, 154
Trd, 000195.067, 154
Trd, 000195.083, 153
Trd, 000196.067, 152
Trd, 000196.450, 155
Trd, 000196.883, 158.0
Trd, 000198.017, 154
Trd, 000198.083, 154
Trd, 000200.600, 166.0
Trd, 000201.200, 166.0
Trd, 000201.367, 165
Trd, 000201.383, 164
Trd, 000201.483, 168.0
Trd, 000201.600, 170
Trd, 000201.983, 139
Trd, 000202.117, 169
Trd, 000202.950, 162
Trd, 000203.067, 160
Trd, 000203.933, 158.0
Trd, 000204.517, 157
Trd, 000204.650, 156
Trd, 000205.983, 156
Trd, 000206.250, 156
Trd, 000206.400, 156
Trd, 000206.817, 155.0
Trd, 000208.667, 155
Trd, 000208.983, 157
Trd, 000209.233, 156
Trd, 000209.600, 155
Trd, 000209.700, 158.0
Trd, 000210.550, 155
Trd, 000210.683, 160
Trd, 000211.317, 154
Trd, 000212.850, 153
Trd, 000213.083, 153
Trd, 000213.617, 153
Trd, 000213.650, 154
Trd, 000214.850, 152
Trd, 000215.017, 153
Trd, 000215.183, 153
Trd, 000215.233, 152
Trd, 000215.433, 143
Trd, 000215.450, 154
Trd, 000216.317, 154
Trd, 000217.650, 158.0
Trd, 000218.017, 149
Trd, 000218.200, 145
Trd, 000219.600, 150
Trd, 000220.267, 147
Trd, 000220.317, 148
Trd, 000220.433, 149
Trd, 000220.850, 149
Trd, 000221.000, 148
Trd, 000222.100, 147
Trd, 000222.433, 148
Trd, 000223.617, 147
Trd, 000224.133, 147
Trd, 000224.567, 148
Trd, 000224.583, 158.0
Trd, 000224.717, 146
Trd, 000225.217, 177
Trd, 000225.583, 180
Trd, 000226.817, 155
Trd, 000227.050, 157.0
Trd, 000227.467, 157
Trd, 000227.733, 158.0
Trd, 000227.950, 156
Trd, 000228.567, 156.0
Trd, 000229.750, 158.0
Trd, 000229.883, 155
Trd, 000230.067, 168.0
Trd, 000231.000, 162
Trd, 000231.350, 161
Trd, 000231.367, 164
Trd, 000231.433, 165
Trd, 000231.783, 161
Trd, 000233.550, 141.0
Trd, 000233.617, 142.0
Trd, 000234.050, 140
Trd, 000234.533, 137
Trd, 000235.150, 137.0
Trd, 000235.367, 144.0
Trd, 000235.700, 167.0
Trd, 000236.233, 137.0
Trd, 000238.783, 139
Trd, 000238.867, 138
Trd, 000239.200, 139
Trd, 000239.333, 140
Trd, 000239.583, 139
Trd, 000239.650, 144
Trd, 000240.550, 138
Trd, 000240.867, 138
Trd, 000241.300, 142.0
Trd, 000241.567, 144.0
Trd, 000241.933, 145
Trd, 000242.833, 148
Trd, 000244.017, 147.0
Trd, 000244.467, 147
Trd, 000244.683, 148
Trd, 000245.017, 154.0
Trd, 000245.750, 151.0
Trd, 000245.967, 152.0
Trd, 000246.833, 147
Trd, 000247.300, 150
Trd, 000247.350, 147
Trd, 000247.450, 149
Trd, 000247.650, 151
Trd, 000248.517, 148
Trd, 000248.900, 148
Trd, 000249.200, 147
Trd, 000249.367, 149
Trd, 000249.400, 155.0
Trd, 000249.883, 157.0
Trd, 000250.933, 149
Trd, 000250.967, 157.0
Trd, 000252.250, 149
Trd, 000252.350, 149
Trd, 000252.717, 153.0
Trd, 000253.500, 149
Trd, 000254.183, 149
Trd, 000254.217, 150
Trd, 000254.250, 148
Trd, 000254.300, 149
Trd, 000254.400, 152
Trd, 000254.683, 155.0
Trd, 000255.500, 158.0
Trd, 000255.517, 157.0
Trd, 000255.983, 151
Trd, 000257.750, 151.0
Trd, 000258.017, 152
Trd, 000258.100, 154
Trd, 000258.383, 150
Trd, 000259.467, 151
Trd, 000260.000, 151
Trd, 000260.267, 150
Trd, 000260.733, 149
Trd, 000260.767, 139
Trd, 000260.783, 151
Trd, 000261.433, 150
Trd, 000261.567, 150
Trd, 000261.600, 151
Trd, 000261.783, 147.0
Trd, 000263.550, 151
Trd, 000263.833, 153
Trd, 000264.667, 154.0
Trd, 000264.683, 155.0
Trd, 000265.733, 155.0
Trd, 000265.950, 153.0
Trd, 000266.033, 153
Trd, 000266.233, 155
Trd, 000266.267, 155.0
Trd, 000266.300, 156.0
Trd, 000266.617, 151
Trd, 000267.300, 155
Trd, 000267.950, 152
Trd, 000268.000, 154
Trd, 000268.100, 155
Trd, 000268.483, 158.0
Trd, 000270.133, 157.0
Trd, 000270.617, 158.0
Trd, 000270.867, 162.0
Trd, 000271.200, 154
Trd, 000271.833, 156
Trd, 000272.083, 161.0
Trd, 000272.100, 156
Trd, 000272.700, 155
Trd, 000273.250, 158
Trd, 000273.433, 155.0
Trd, 000273.750, 158
Trd, 000273.967, 155
Trd, 000273.983, 158
Trd, 000274.767, 148.0
Trd, 000275.367, 150
Trd, 000276.083, 152
Trd, 000276.583, 151
Trd, 000277.300, 155
Trd, 000277.400, 155
Trd, 000277.433, 150
Trd, 000277.500, 156
Trd, 000277.650, 158.0
Trd, 000278.350, 141
Trd, 000278.817, 153
Trd, 000279.300, 152
Trd, 000280.000, 163
Trd, 000280.367, 156.0
Trd, 000280.833, 149
Trd, 000281.400, 146
Trd, 000282.300, 148.0
Trd, 000282.383, 149
Trd, 000282.433, 149.0
Trd, 000282.650, 151.0
Trd, 000282.767, 152.0
Trd, 000282.850, 145
Trd, 000283.783, 145
Trd, 000284.783, 146
Trd, 000284.850, 151.0
Trd, 000284.983, 151
Trd, 000285.583, 146
Trd, 000285.817, 147
Trd, 000286.100, 147
Trd, 000286.317, 148
Trd, 000286.500, 145
Trd, 000286.800, 149
Trd, 000288.450, 155.0
Trd, 000288.800, 157.0
Trd, 000289.000, 148.0
Trd, 000289.333, 155.0
Trd, 000290.300, 148
Trd, 000290.350, 149
Trd, 000290.550, 147
Trd, 000290.617, 145
Trd, 000291.417, 149
Trd, 000291.533, 150
Trd, 000291.650, 145
Trd, 000291.750, 144
Trd, 000292.000, 144.0
Trd, 000292.300, 145
Trd, 000293.050, 143
Trd, 000293.500, 144
Trd, 000294.067, 137.0
Trd, 000294.150, 145
Trd, 000294.233, 148
Trd, 000294.700, 141
Trd, 000294.800, 155.0
Trd, 000295.017, 158.0
Trd, 000296.517, 142.0
Trd, 000297.283, 142.0
Trd, 000297.517, 142
Trd, 000297.883, 144.0
Trd, 000298.650, 141
Trd, 000299.183, 167.0
Trd, 000299.367, 140
Trd, 000299.950, 150
Trd, 000299.967, 158.0
