Trd, 000001.117, 183
Trd, 000002.000, 126.0
Trd, 000003.283, 145
Trd, 000003.433, 148.0
Trd, 000004.483, 131
Trd, 000004.600, 132
Trd, 000005.533, 139
Trd, 000005.700, 136
Trd, 000006.017, 141
Trd, 000007.100, 138
Trd, 000007.733, 139
Trd, 000007.750, 138
Trd, 000009.050, 140
Trd, 000009.300, 138
Trd, 000009.667, 138
Trd, 000010.250, 148.0
Trd, 000010.417, 147
Trd, 000010.767, 148
Trd, 000011.383, 148
Trd, 000011.817, 147
Trd, 000012.317, 145
Trd, 000012.867, 145
Trd, 000013.117, 148.0
Trd, 000014.367, 148
Trd, 000014.933, 148.0
Trd, 000015.217, 149.0
Trd, 000015.667, 149
Trd, 000016.450, 148
Trd, 000016.933, 148.0
Trd, 000017.267, 149
Trd, 000017.717, 148
Trd, 000018.017, 149
Trd, 000018.317, 147
Trd, 000020.083, 149
Trd, 000020.417, 149
Trd, 000020.583, 158.0
Trd, 000021.083, 149
Trd, 000021.633, 151.0
Trd, 000021.850, 150
Trd, 000021.933, 141.0
Trd, 000022.950, 144.0
Trd, 000023.917, 144
Trd, 000024.167, 144
Trd, 000024.267, 144
Trd, 000024.800, 144
Trd, 000025.000, 143
Trd, 000025.633, 144
Trd, 000026.617, 144
Trd, 000027.300, 145
Trd, 000028.000, 144
Trd, 000029.400, 145
Trd, 000029.933, 144.0
Trd, 000029.983, 143.0
Trd, 000030.100, 143
Trd, 000030.683, 141.0
Trd, 000031.017, 142
Trd, 000031.367, 142
Trd, 000031.783, 141
Trd, 000032.617, 141.0
Trd, 000032.983, 141
Trd, 000033.867, 143
Trd, 000034.083, 143
Trd, 000034.567, 143.0
Trd, 000034.917, 144.0
Trd, 000035.550, 144
Trd, 000036.667, 142
Trd, 000037.317, 142
Trd, 000038.700, 143
Trd, 000039.067, 141
Trd, 000040.117, 141
Trd, 000040.283, 141
Trd, 000041.000, 141
Trd, 000041.283, 141
Trd, 000041.833, 141
Trd, 000041.933, 143
Trd, 000043.067, 141.0
Trd, 000044.033, 141
Trd, 000044.217, 142
Trd, 000044.733, 142
Trd, 000045.350, 144.0
Trd, 000046.217, 144
Trd, 000046.433, 145
Trd, 000048.217, 143.0
Trd, 000048.517, 143
Trd, 000048.567, 143
Trd, 000049.267, 143
Trd, 000049.367, 143
Trd, 000049.400, 144
Trd, 000049.617, 144.0
Trd, 000049.950, 148.0
Trd, 000050.567, 144
Trd, 000051.967, 143
Trd, 000053.133, 144
Trd, 000053.583, 143
Trd, 000054.533, 144
Trd, 000054.700, 144.0
Trd, 000055.917, 144.0
Trd, 000056.150, 145
Trd, 000057.967, 143
Trd, 000058.183, 144.0
Trd, 000058.333, 145
Trd, 000058.717, 146
Trd, 000059.167, 145
Trd, 000060.283, 146
Trd, 000060.317, 145
Trd, 000061.633, 146
Trd, 000061.983, 146
Trd, 000062.433, 147
Trd, 000062.467, 147
Trd, 000063.100, 147.0
Trd, 000063.200, 148.0
Trd, 000063.833, 148
Trd, 000063.883, 149
Trd, 000065.250, 147
Trd, 000065.283, 148
Trd, 000065.800, 148
Trd, 000066.517, 148
Trd, 000067.250, 148
Trd, 000067.483, 148
Trd, 000067.933, 147
Trd, 000068.333, 147
Trd, 000069.317, 147
Trd, 000069.883, 146
Trd, 000070.250, 145
Trd, 000071.367, 145
Trd, 000073.083, 146
Trd, 000073.383, 145
Trd, 000073.417, 144
Trd, 000074.433, 145
Trd, 000074.983, 145
Trd, 000075.717, 146
Trd, 000076.050, 146
Trd, 000076.833, 144
Trd, 000078.117, 144
Trd, 000078.567, 144
Trd, 000078.967, 143
Trd, 000079.350, 144
Trd, 000079.933, 145
Trd, 000080.217, 146.0
Trd, 000080.783, 148.0
Trd, 000081.100, 145
Trd, 000081.983, 147
Trd, 000083.783, 147
Trd, 000084.000, 147
Trd, 000084.200, 148.0
Trd, 000084.917, 148
Trd, 000085.450, 148
Trd, 000085.533, 148
Trd, 000085.883, 149
Trd, 000086.100, 148
Trd, 000086.233, 150
Trd, 000086.650, 148
Trd, 000087.233, 150
Trd, 000088.033, 149
Trd, 000088.483, 150
Trd, 000089.233, 150
Trd, 000089.467, 149
Trd, 000090.900, 150.0
Trd, 000091.000, 151.0
Trd, 000091.233, 149
Trd, 000091.283, 148
Trd, 000092.317, 151
Trd, 000092.767, 141.0
Trd, 000093.017, 133
Trd, 000094.883, 140
Trd, 000095.500, 141
Trd, 000095.567, 142
Trd, 000095.633, 144
Trd, 000096.667, 143
Trd, 000097.517, 144
Trd, 000097.850, 146
Trd, 000099.317, 145
Trd, 000099.683, 146
Trd, 000100.183, 145
Trd, 000100.400, 147
Trd, 000101.100, 146
Trd, 000101.233, 146
Trd, 000102.050, 145
Trd, 000102.750, 145
Trd, 000103.100, 145
Trd, 000103.250, 144
Trd, 000103.567, 144.0
Trd, 000103.600, 141.0
Trd, 000104.533, 133
Trd, 000105.217, 134
Trd, 000106.483, 143
Trd, 000106.817, 143.0
Trd, 000108.050, 142.0
Trd, 000108.583, 144.0
Trd, 000108.933, 144
Trd, 000109.850, 143
Trd, 000110.617, 143
Trd, 000110.817, 144
Trd, 000111.300, 144.0
Trd, 000111.850, 144.0
Trd, 000112.400, 144
Trd, 000112.517, 145
Trd, 000112.783, 145
Trd, 000114.533, 144.0
Trd, 000114.683, 143
Trd, 000115.517, 145
Trd, 000116.467, 148.0
Trd, 000116.550, 145
Trd, 000117.767, 150
Trd, 000117.983, 149
Trd, 000118.117, 148
Trd, 000118.633, 148.0
Trd, 000119.133, 149
Trd, 000119.267, 150
Trd, 000119.500, 148
Trd, 000119.983, 146
Trd, 000121.583, 141.0
Trd, 000122.383, 136
Trd, 000122.867, 141
Trd, 000123.017, 141
Trd, 000124.633, 143
Trd, 000124.850, 141
Trd, 000125.200, 140
Trd, 000125.800, 143
Trd, 000126.250, 143
Trd, 000127.150, 142
Trd, 000127.967, 143
Trd, 000128.817, 143
Trd, 000129.467, 141
Trd, 000129.617, 142
Trd, 000129.950, 140
Trd, 000130.333, 141
Trd, 000130.433, 144.0
Trd, 000130.533, 133
Trd, 000132.083, 144
Trd, 000133.517, 142
Trd, 000133.683, 142
Trd, 000134.000, 143
Trd, 000134.250, 144.0
Trd, 000134.667, 142.0
Trd, 000135.400, 141.0
Trd, 000135.467, 143
Trd, 000135.917, 144
Trd, 000136.083, 140
Trd, 000136.250, 145
Trd, 000137.800, 144
Trd, 000139.333, 141
Trd, 000139.417, 140
Trd, 000140.050, 144
Trd, 000141.250, 144
Trd, 000141.417, 144.0
Trd, 000141.733, 144
Trd, 000142.033, 143.0
Trd, 000142.767, 145
Trd, 000143.383, 140
Trd, 000145.300, 142
Trd, 000145.533, 143
Trd, 000146.767, 142
Trd, 000146.917, 141.0
Trd, 000147.017, 143
Trd, 000147.433, 144.0
Trd, 000148.150, 143
Trd, 000148.600, 144
Trd, 000150.200, 143
Trd, 000150.517, 143
Trd, 000152.183, 142.0
Trd, 000152.433, 141.0
Trd, 000153.600, 143
Trd, 000153.900, 142
Trd, 000154.433, 142
Trd, 000155.417, 144
Trd, 000155.700, 144.0
Trd, 000156.250, 145
Trd, 000157.233, 144
Trd, 000157.633, 144
Trd, 000158.017, 145
Trd, 000158.517, 143
Trd, 000158.900, 147
Trd, 000160.200, 147
Trd, 000160.767, 147
Trd, 000161.017, 148.0
Trd, 000161.200, 148
Trd, 000161.717, 150
Trd, 000161.850, 148
Trd, 000162.983, 150.0
Trd, 000163.033, 151.0
Trd, 000163.767, 153
Trd, 000164.033, 152
Trd, 000164.300, 152
Trd, 000164.600, 151
Trd, 000166.100, 149
Trd, 000166.167, 148.0
Trd, 000166.650, 151.0
Trd, 000168.367, 150
Trd, 000168.500, 149
Trd, 000169.733, 141.0
Trd, 000170.683, 143.0
Trd, 000171.050, 144.0
Trd, 000171.333, 144
Trd, 000171.617, 144
Trd, 000172.533, 144
Trd, 000172.583, 144
Trd, 000173.733, 143
Trd, 000174.083, 164.0
Trd, 000175.700, 144.0
Trd, 000175.933, 150
Trd, 000176.833, 144
Trd, 000177.050, 143
Trd, 000177.450, 143
Trd, 000178.000, 145
Trd, 000178.167, 144
Trd, 000178.750, 142
Trd, 000178.900, 145
Trd, 000179.800, 145
Trd, 000181.300, 143.0
Trd, 000181.767, 143
Trd, 000182.750, 142
Trd, 000182.850, 141
Trd, 000183.067, 141.0
Trd, 000184.050, 141
Trd, 000184.167, 137
Trd, 000184.300, 135
Trd, 000186.050, 139
Trd, 000186.450, 137
Trd, 000186.617, 137
Trd, 000186.850, 142
Trd, 000187.550, 144.0
Trd, 000187.717, 140
Trd, 000188.717, 138
Trd, 000190.367, 144
Trd, 000190.650, 143
Trd, 000190.783, 144
Trd, 000191.083, 143
Trd, 000191.467, 144.0
Trd, 000191.733, 144
Trd, 000192.133, 146
Trd, 000192.433, 146
Trd, 000192.817, 146
Trd, 000193.850, 147
Trd, 000194.133, 148.0
Trd, 000194.483, 145
Trd, 000195.183, 146
Trd, 000195.700, 144
Trd, 000196.950, 146
Trd, 000197.033, 144
Trd, 000197.800, 147
Trd, 000198.200, 146
Trd, 000200.100, 146
Trd, 000200.417, 147
Trd, 000200.550, 147
Trd, 000200.633, 146
Trd, 000201.400, 145
Trd, 000201.800, 147
Trd, 000202.750, 146
Trd, 000203.233, 145
Trd, 000203.900, 146
Trd, 000205.500, 146
Trd, 000205.617, 147
Trd, 000205.833, 146
Trd, 000205.917, 145
Trd, 000206.000, 148.0
Trd, 000206.067, 144
Trd, 000208.350, 144
Trd, 000208.533, 147
Trd, 000209.883, 144
Trd, 000210.567, 146
Trd, 000210.633, 145
Trd, 000210.967, 146
Trd, 000211.350, 146
Trd, 000211.583, 146
Trd, 000212.100, 145
Trd, 000212.317, 141.0
Trd, 000213.217, 143
Trd, 000213.483, 144
Trd, 000213.667, 146
Trd, 000214.100, 143
Trd, 000214.217, 141
Trd, 000214.867, 144
Trd, 000215.950, 143
Trd, 000216.383, 142
Trd, 000216.867, 144
Trd, 000217.283, 144
Trd, 000217.517, 145
Trd, 000218.483, 144
Trd, 000219.117, 144
Trd, 000219.567, 144
Trd, 000219.683, 145
Trd, 000219.833, 145
Trd, 000219.850, 143
Trd, 000220.017, 148.0
Trd, 000220.283, 146
Trd, 000222.467, 142.0
Trd, 000224.533, 147
Trd, 000225.100, 145
Trd, 000225.383, 145
Trd, 000226.217, 145
Trd, 000226.400, 144.0
Trd, 000226.717, 144
Trd, 000226.817, 144
Trd, 000227.233, 144
Trd, 000228.517, 144
Trd, 000229.050, 143
Trd, 000229.917, 144
Trd, 000229.967, 144
Trd, 000231.250, 145
Trd, 000231.550, 146
Trd, 000231.650, 148.0
Trd, 000231.700, 133
Trd, 000232.100, 131
Trd, 000232.567, 147
Trd, 000232.883, 143.0
Trd, 000233.950, 144.0
Trd, 000234.617, 145.0
Trd, 000235.733, 146
Trd, 000236.617, 146
Trd, 000237.033, 144
Trd, 000237.167, 145
Trd, 000237.450, 142
Trd, 000238.117, 142
Trd, 000239.283, 144
Trd, 000239.550, 143
Trd, 000239.900, 143
Trd, 000240.233, 144.0
Trd, 000241.083, 145.0
Trd, 000241.400, 145
Trd, 000241.550, 148.0
Trd, 000241.650, 147.0
Trd, 000241.750, 151.0
Trd, 000242.550, 151.0
Trd, 000242.833, 154
Trd, 000243.150, 155.0
Trd, 000243.867, 154
Trd, 000243.917, 153
Trd, 000243.933, 150
Trd, 000245.233, 151
Trd, 000245.383, 149
Trd, 000245.850, 152
Trd, 000246.667, 150.0
Trd, 000246.900, 149
Trd, 000247.250, 148.0
Trd, 000247.567, 149
Trd, 000248.350, 148
Trd, 000248.867, 148
Trd, 000249.467, 149
Trd, 000249.533, 148
Trd, 000249.950, 158.0
Trd, 000250.467, 151.0
Trd, 000250.533, 151
Trd, 000251.150, 151.0
Trd, 000251.233, 150
Trd, 000251.650, 151.0
Trd, 000251.917, 148.0
Trd, 000252.400, 151
Trd, 000252.617, 162.0
Trd, 000253.633, 151
Trd, 000253.667, 152
Trd, 000254.150, 152
Trd, 000254.683, 150
Trd, 000255.250, 150.0
Trd, 000256.200, 151.0
Trd, 000256.333, 151
Trd, 000256.767, 153
Trd, 000256.900, 153
Trd, 000257.067, 151
Trd, 000257.367, 153
Trd, 000257.967, 158.0
Trd, 000258.017, 157.0
Trd, 000258.083, 148.0
Trd, 000259.017, 158
Trd, 000259.033, 157
Trd, 000259.933, 161.0
Trd, 000260.550, 160.0
Trd, 000261.050, 159
Trd, 000261.317, 156.0
Trd, 000262.083, 155
Trd, 000263.000, 160.0
Trd, 000263.683, 152.0
Trd, 000264.533, 148.0
Trd, 000264.767, 150
Trd, 000265.167, 149
Trd, 000265.333, 149
Trd, 000265.700, 149
Trd, 000266.017, 150
Trd, 000266.400, 150.0
Trd, 000266.533, 151.0
Trd, 000267.117, 154
Trd, 000267.400, 156
Trd, 000267.950, 155
Trd, 000268.067, 153
Trd, 000268.600, 155
Trd, 000268.700, 158.0
Trd, 000269.200, 153.0
Trd, 000269.417, 148.0
Trd, 000269.517, 144.0
Trd, 000270.183, 154
Trd, 000270.267, 153
Trd, 000271.083, 144.0
Trd, 000271.233, 153
Trd, 000271.700, 150
Trd, 000272.167, 141.0
Trd, 000272.833, 148
Trd, 000272.900, 151
Trd, 000273.433, 151
Trd, 000273.667, 158.0
Trd, 000274.633, 162.0
Trd, 000275.400, 151
Trd, 000275.550, 149
Trd, 000275.767, 148.0
Trd, 000275.883, 151.0
Trd, 000276.533, 150
Trd, 000276.800, 148
Trd, 000277.600, 147
Trd, 000277.817, 150
Trd, 000278.067, 148
Trd, 000278.200, 144.0
Trd, 000279.417, 147
Trd, 000280.333, 151.0
Trd, 000280.900, 156
Trd, 000281.167, 163
Trd, 000281.333, 155
Trd, 000281.700, 157
Trd, 000281.783, 153
Trd, 000282.100, 157
Trd, 000282.183, 155.0
Trd, 000283.433, 150.0
Trd, 000283.867, 151.0
Trd, 000284.500, 148.0
Trd, 000284.733, 151
Trd, 000285.617, 147
Trd, 000285.733, 150
Trd, 000285.800, 147
Trd, 000286.433, 149
Trd, 000287.767, 148.0
Trd, 000288.983, 148
Trd, 000289.467, 149
Trd, 000289.567, 149
Trd, 000289.583, 150
Trd, 000289.800, 158.0
Trd, 000289.833, 162.0
Trd, 000290.050, 145
Trd, 000291.050, 148.0
Trd, 000291.600, 151.0
Trd, 000291.650, 150
Trd, 000291.933, 149
Trd, 000292.483, 150
Trd, 000292.500, 151
Trd, 000293.583, 151
Trd, 000293.850, 155.0
Trd, 000294.367, 159.0
Trd, 000294.700, 162.0
Trd, 000294.983, 159
Trd, 000295.717, 159
Trd, 000296.100, 160
Trd, 000296.117, 157
Trd, 000296.283, 156
Trd, 000296.383, 161
Trd, 000296.533, 172.0
Trd, 000297.750, 174.0
Trd, 000298.450, 175.0
Trd, 000298.683, 149.0
Trd, 000299.433, 161
Trd, 000299.817, 155.0
Trd, 000299.833, 149.0
