Trd, 000001.467, 172.0
Trd, 000002.717, 153
Trd, 000003.133, 152
Trd, 000003.483, 153
Trd, 000003.583, 151
Trd, 000004.183, 153
Trd, 000004.467, 154
Trd, 000004.767, 155
Trd, 000005.950, 152
Trd, 000006.133, 159
Trd, 000006.583, 140
Trd, 000006.617, 138
Trd, 000006.733, 129
Trd, 000007.733, 146
Trd, 000008.250, 158
Trd, 000008.967, 164.0
Trd, 000010.217, 157
Trd, 000010.583, 157
Trd, 000011.100, 156
Trd, 000011.333, 153
Trd, 000011.500, 156
Trd, 000012.433, 150
Trd, 000013.067, 157
Trd, 000014.083, 149
Trd, 000015.283, 151
Trd, 000015.383, 152
Trd, 000015.433, 150
Trd, 000015.683, 155.0
Trd, 000015.883, 155
Trd, 000016.717, 154
Trd, 000016.867, 153
Trd, 000018.367, 153
Trd, 000018.617, 153
Trd, 000018.883, 153
Trd, 000020.183, 152
Trd, 000020.217, 154
Trd, 000020.483, 152
Trd, 000021.333, 152
Trd, 000021.583, 153
Trd, 000022.200, 153
Trd, 000022.550, 153
Trd, 000023.000, 154
Trd, 000023.700, 151
Trd, 000024.117, 153.0
Trd, 000024.883, 157
Trd, 000026.217, 156
Trd, 000026.483, 164.0
Trd, 000026.533, 155
Trd, 000026.567, 155
Trd, 000027.767, 155
Trd, 000027.867, 156
Trd, 000027.883, 160
Trd, 000028.883, 155
Trd, 000029.817, 150
Trd, 000030.300, 156
Trd, 000031.150, 156
Trd, 000031.333, 157
Trd, 000033.217, 155
Trd, 000034.033, 152
Trd, 000034.533, 155
Trd, 000034.567, 155
Trd, 000035.017, 155
Trd, 000035.100, 149
Trd, 000035.633, 151
Trd, 000035.900, 152
Trd, 000037.200, 141.0
Trd, 000037.933, 146
Trd, 000038.100, 147
Trd, 000039.033, 147
Trd, 000039.317, 145
Trd, 000039.400, 148
Trd, 000039.433, 149
Trd, 000040.333, 157
Trd, 000040.983, 152
Trd, 000041.617, 159
Trd, 000042.067, 151
Trd, 000043.283, 152
Trd, 000043.467, 151
Trd, 000043.667, 154
Trd, 000043.767, 147
Trd, 000044.367, 152
Trd, 000044.483, 152
Trd, 000045.817, 152
Trd, 000046.000, 153
Trd, 000046.033, 155.0
Trd, 000046.267, 152
Trd, 000046.917, 159
Trd, 000047.700, 152
Trd, 000048.483, 152
Trd, 000048.733, 154
Trd, 000050.150, 154
Trd, 000050.350, 154
Trd, 000051.367, 154.0
Trd, 000052.433, 152
Trd, 000053.200, 154
Trd, 000053.283, 152
Trd, 000053.817, 150
Trd, 000054.750, 150
Trd, 000054.800, 149
Trd, 000054.983, 147
Trd, 000055.117, 148
Trd, 000056.517, 145
Trd, 000056.733, 148
Trd, 000058.433, 148
Trd, 000058.667, 164.0
Trd, 000058.850, 156
Trd, 000059.383, 156
Trd, 000059.500, 156
Trd, 000059.783, 155
Trd, 000059.850, 164
Trd, 000060.367, 155
Trd, 000060.533, 152
Trd, 000061.083, 142.0
Trd, 000061.333, 155.0
Trd, 000061.450, 141.0
Trd, 000062.683, 149
Trd, 000063.250, 149
Trd, 000064.017, 147
Trd, 000064.667, 150
Trd, 000065.100, 147
Trd, 000066.333, 148
Trd, 000066.367, 150
Trd, 000067.800, 146
Trd, 000068.533, 149
Trd, 000068.883, 151
Trd, 000069.183, 147
Trd, 000069.300, 148
Trd, 000069.550, 146
Trd, 000069.650, 149
Trd, 000069.767, 155.0
Trd, 000071.217, 145
Trd, 000071.267, 150
Trd, 000071.917, 144
Trd, 000072.517, 150
Trd, 000072.633, 151
Trd, 000072.917, 149
Trd, 000073.400, 154.0
Trd, 000074.017, 148
Trd, 000075.033, 153.0
Trd, 000075.300, 150
Trd, 000075.583, 153.0
Trd, 000077.000, 152
Trd, 000077.333, 151
Trd, 000078.317, 154
Trd, 000078.600, 150
Trd, 000079.833, 149
Trd, 000079.883, 153
Trd, 000080.883, 151
Trd, 000081.117, 153
Trd, 000081.767, 152
Trd, 000082.717, 152
Trd, 000083.850, 151
Trd, 000084.233, 151
Trd, 000084.383, 150
Trd, 000084.450, 150
Trd, 000084.717, 152
Trd, 000085.400, 147
Trd, 000085.467, 152
Trd, 000087.250, 146
Trd, 000087.533, 152
Trd, 000088.233, 154.0
Trd, 000088.283, 143.0
Trd, 000088.500, 142
Trd, 000088.967, 144.0
Trd, 000089.383, 153.0
Trd, 000091.217, 147
Trd, 000092.350, 148
Trd, 000092.950, 148
Trd, 000093.533, 148
Trd, 000094.583, 147
Trd, 000094.633, 147
Trd, 000094.700, 155.0
Trd, 000094.867, 146
Trd, 000095.667, 165.0
Trd, 000096.100, 156
Trd, 000097.133, 148
Trd, 000097.250, 146
Trd, 000098.033, 144.0
Trd, 000098.217, 149
Trd, 000098.667, 148
Trd, 000099.350, 149
Trd, 000099.400, 150
Trd, 000099.683, 162
Trd, 000100.033, 164.0
Trd, 000100.133, 149
Trd, 000100.983, 155.0
Trd, 000101.217, 150
Trd, 000101.700, 150
Trd, 000101.833, 151
Trd, 000102.267, 147
Trd, 000102.767, 149
Trd, 000102.817, 151
Trd, 000104.100, 149
Trd, 000104.433, 150
Trd, 000104.633, 149
Trd, 000105.100, 148
Trd, 000105.683, 148
Trd, 000106.200, 147
Trd, 000108.283, 149
Trd, 000108.433, 145
Trd, 000108.500, 155.0
Trd, 000109.400, 151
Trd, 000109.450, 151
Trd, 000109.500, 152
Trd, 000110.483, 147
Trd, 000110.583, 148
Trd, 000111.233, 148
Trd, 000111.400, 150
Trd, 000112.333, 148
Trd, 000112.383, 148
Trd, 000112.500, 149
Trd, 000113.167, 147
Trd, 000113.567, 150
Trd, 000114.467, 162.0
Trd, 000115.317, 152
Trd, 000115.433, 149
Trd, 000115.617, 146
Trd, 000116.317, 151
Trd, 000116.950, 146
Trd, 000117.167, 147
Trd, 000118.183, 147
Trd, 000118.783, 145
Trd, 000119.017, 149
Trd, 000119.750, 148
Trd, 000121.117, 146
Trd, 000121.233, 147
Trd, 000121.633, 147
Trd, 000122.800, 146
Trd, 000123.017, 147
Trd, 000123.617, 147
Trd, 000123.733, 155.0
Trd, 000125.200, 146
Trd, 000125.583, 145
Trd, 000126.167, 146
Trd, 000126.550, 147
Trd, 000126.633, 148
Trd, 000128.017, 147
Trd, 000128.650, 146
Trd, 000128.667, 146
Trd, 000128.767, 148
Trd, 000128.800, 154.0
Trd, 000129.750, 144
Trd, 000130.200, 152.0
Trd, 000131.583, 155.0
Trd, 000132.217, 150
Trd, 000132.567, 141.0
Trd, 000133.117, 132
Trd, 000134.300, 144.0
Trd, 000134.633, 145
Trd, 000135.250, 142.0
Trd, 000135.367, 146
Trd, 000136.500, 147
Trd, 000137.433, 145
Trd, 000137.517, 146
Trd, 000137.783, 145
Trd, 000137.950, 146
Trd, 000138.783, 162
Trd, 000139.083, 161
Trd, 000139.667, 152
Trd, 000139.783, 165
Trd, 000139.850, 167
Trd, 000140.467, 155
Trd, 000141.300, 154
Trd, 000142.133, 155
Trd, 000143.250, 152
Trd, 000143.950, 152
Trd, 000144.133, 156
Trd, 000144.317, 157
Trd, 000144.483, 165.0
Trd, 000144.833, 154
Trd, 000144.983, 167
Trd, 000145.717, 154
Trd, 000146.633, 162
Trd, 000146.683, 157
Trd, 000146.817, 165.0
Trd, 000147.667, 147
Trd, 000148.567, 152
Trd, 000149.233, 155.0
Trd, 000149.433, 155
Trd, 000149.667, 150
Trd, 000150.000, 155
Trd, 000150.950, 142.0
Trd, 000151.067, 142.0
Trd, 000151.467, 141.0
Trd, 000151.767, 140.0
Trd, 000152.567, 140
Trd, 000153.117, 142
Trd, 000153.617, 141.0
Trd, 000154.583, 142.0
Trd, 000155.383, 143
Trd, 000155.467, 144.0
Trd, 000155.533, 155.0
Trd, 000156.050, 143
Trd, 000156.300, 143
Trd, 000156.617, 144
Trd, 000156.650, 168
Trd, 000158.767, 142
Trd, 000158.867, 141
Trd, 000159.067, 141
Trd, 000159.683, 144.0
Trd, 000159.967, 144
Trd, 000160.283, 144
Trd, 000160.333, 145
Trd, 000160.400, 165.0
Trd, 000160.850, 151
Trd, 000161.233, 146
Trd, 000162.633, 147
Trd, 000162.900, 148
Trd, 000162.933, 149
Trd, 000163.233, 149
Trd, 000163.367, 148
Trd, 000164.833, 154
Trd, 000165.000, 155
Trd, 000165.633, 155.0
Trd, 000165.733, 153
Trd, 000165.767, 147
Trd, 000165.933, 146
Trd, 000166.467, 158
Trd, 000167.767, 147
Trd, 000168.533, 152
Trd, 000168.767, 149
Trd, 000168.833, 153
Trd, 000169.883, 153
Trd, 000169.933, 155.0
Trd, 000170.867, 154
Trd, 000171.400, 154
Trd, 000171.500, 149
Trd, 000172.033, 148
Trd, 000172.367, 154
Trd, 000173.250, 156
Trd, 000174.017, 154
Trd, 000174.367, 153
Trd, 000174.833, 152
Trd, 000175.567, 152
Trd, 000175.850, 149
Trd, 000178.050, 151
Trd, 000178.517, 150
Trd, 000178.550, 149
Trd, 000178.883, 150
Trd, 000179.683, 149
Trd, 000179.950, 149
Trd, 000181.100, 149
Trd, 000181.233, 148
Trd, 000181.433, 150
Trd, 000181.467, 150
Trd, 000181.550, 148
Trd, 000181.867, 151
Trd, 000182.100, 150
Trd, 000182.133, 149
Trd, 000183.900, 149
Trd, 000183.950, 150
Trd, 000184.200, 148
Trd, 000184.817, 149
Trd, 000185.183, 149
Trd, 000185.517, 149
Trd, 000185.717, 150
Trd, 000186.333, 155.0
Trd, 000186.400, 146
Trd, 000186.717, 165.0
Trd, 000186.967, 142.0
Trd, 000187.650, 154
Trd, 000188.767, 143
Trd, 000189.783, 147
Trd, 000189.850, 155.0
Trd, 000190.067, 156
Trd, 000190.800, 165.0
Trd, 000191.883, 146
Trd, 000192.100, 147
Trd, 000192.300, 147
Trd, 000193.200, 144
Trd, 000193.533, 147
Trd, 000193.900, 145
Trd, 000194.400, 148
Trd, 000194.867, 146
Trd, 000195.150, 148
Trd, 000195.317, 149
Trd, 000196.817, 145
Trd, 000197.117, 145
Trd, 000197.250, 144
Trd, 000197.317, 146.0
Trd, 000197.400, 147.0
Trd, 000198.383, 149
Trd, 000198.533, 154.0
Trd, 000198.733, 146
Trd, 000200.150, 149
Trd, 000200.167, 150
Trd, 000200.633, 149
Trd, 000201.367, 150
Trd, 000202.150, 155.0
Trd, 000203.117, 151
Trd, 000203.517, 152
Trd, 000203.767, 164.0
Trd, 000204.750, 162.0
Trd, 000204.800, 152
Trd, 000204.817, 152
Trd, 000204.850, 146
Trd, 000205.867, 155
Trd, 000206.183, 155
Trd, 000206.833, 149
Trd, 000207.050, 148
Trd, 000207.283, 155
Trd, 000208.000, 154
Trd, 000209.100, 155
Trd, 000209.900, 155
Trd, 000209.917, 156.0
Trd, 000209.950, 157.0
Trd, 000209.983, 153
Trd, 000210.083, 152
Trd, 000210.533, 147
Trd, 000210.767, 153
Trd, 000211.183, 154
Trd, 000212.533, 149
Trd, 000212.983, 150
Trd, 000214.050, 163.0
Trd, 000214.233, 149
Trd, 000214.433, 150
Trd, 000214.667, 148
Trd, 000215.350, 149
Trd, 000216.067, 147
Trd, 000216.883, 150
Trd, 000217.967, 145
Trd, 000218.850, 145
Trd, 000219.133, 145
Trd, 000219.283, 145
Trd, 000219.333, 144
Trd, 000220.017, 155.0
Trd, 000220.183, 145
Trd, 000220.450, 147
Trd, 000220.833, 145
Trd, 000222.917, 144.0
Trd, 000223.100, 145
Trd, 000223.267, 146
Trd, 000223.800, 144
Trd, 000224.350, 146
Trd, 000224.750, 146
Trd, 000225.850, 144
Trd, 000226.083, 145
Trd, 000226.367, 147
Trd, 000227.200, 144
Trd, 000228.283, 147
Trd, 000230.483, 143
Trd, 000230.917, 143
Trd, 000231.533, 144
Trd, 000231.583, 146
Trd, 000231.717, 146
Trd, 000232.283, 149
Trd, 000232.383, 154
Trd, 000233.000, 147
Trd, 000233.767, 155.0
Trd, 000233.867, 168
Trd, 000234.617, 151
Trd, 000234.967, 150
Trd, 000235.083, 163.0
Trd, 000235.383, 162.0
Trd, 000236.467, 153
Trd, 000236.483, 152
Trd, 000236.883, 154.0
Trd, 000237.950, 150
Trd, 000238.550, 153.0
Trd, 000238.817, 147
Trd, 000239.700, 154
Trd, 000239.717, 155
Trd, 000239.783, 153
Trd, 000240.233, 152
Trd, 000240.650, 152
Trd, 000241.217, 154
Trd, 000241.267, 155
Trd, 000241.583, 162.0
Trd, 000241.733, 165.0
Trd, 000241.917, 163
Trd, 000242.050, 168
Trd, 000242.100, 156
Trd, 000242.500, 155
Trd, 000242.550, 147
Trd, 000243.067, 144.0
Trd, 000243.283, 141.0
Trd, 000243.633, 145
Trd, 000244.467, 141
Trd, 000244.850, 138
Trd, 000245.233, 141
Trd, 000245.750, 139
Trd, 000246.450, 140
Trd, 000246.800, 137
Trd, 000247.050, 140
Trd, 000247.600, 142.0
Trd, 000247.817, 155.0
Trd, 000247.967, 144
Trd, 000248.300, 159
Trd, 000248.767, 145
Trd, 000248.917, 145
Trd, 000248.983, 162.0
Trd, 000249.067, 144
Trd, 000249.667, 161
Trd, 000249.967, 150
Trd, 000250.033, 152
Trd, 000251.750, 160.0
Trd, 000252.650, 160.0
Trd, 000252.667, 159
Trd, 000252.750, 156
Trd, 000252.867, 155
Trd, 000253.167, 158.0
Trd, 000253.383, 157
Trd, 000254.367, 158.0
Trd, 000255.017, 156
Trd, 000255.083, 156
Trd, 000255.767, 151
Trd, 000256.083, 151
Trd, 000256.317, 151
Trd, 000256.833, 153
Trd, 000257.133, 152
Trd, 000257.817, 152
Trd, 000257.933, 154
Trd, 000259.167, 153.0
Trd, 000259.250, 150
Trd, 000259.350, 149
Trd, 000260.417, 152
Trd, 000261.400, 153
Trd, 000262.100, 148
Trd, 000262.133, 149
Trd, 000262.400, 150
Trd, 000262.567, 152
Trd, 000263.250, 150
Trd, 000263.450, 152
Trd, 000264.300, 150
Trd, 000264.867, 149
Trd, 000264.917, 148
Trd, 000265.817, 151
Trd, 000265.850, 148
Trd, 000265.883, 151
Trd, 000267.750, 149
Trd, 000267.867, 150
Trd, 000267.967, 147
Trd, 000268.300, 150
Trd, 000268.550, 146
Trd, 000268.850, 144.0
Trd, 000270.267, 148.0
Trd, 000270.500, 146
Trd, 000270.767, 148
Trd, 000270.900, 144.0
Trd, 000271.083, 147
Trd, 000271.817, 145
Trd, 000271.900, 147
Trd, 000272.467, 144
Trd, 000272.550, 146
Trd, 000273.000, 146
Trd, 000273.283, 144.0
Trd, 000273.817, 146
Trd, 000274.567, 154.0
Trd, 000274.850, 161
Trd, 000274.917, 162.0
Trd, 000275.433, 157
Trd, 000275.550, 149
Trd, 000275.633, 160
Trd, 000277.000, 154
Trd, 000277.017, 152
Trd, 000277.033, 155
Trd, 000277.683, 155.0
Trd, 000278.800, 152
Trd, 000278.900, 151
Trd, 000279.350, 154
Trd, 000279.483, 152
Trd, 000279.667, 153
Trd, 000280.300, 153
Trd, 000280.717, 148
Trd, 000281.267, 153
Trd, 000281.500, 147
Trd, 000281.683, 155.0
Trd, 000282.367, 150
Trd, 000282.717, 154
Trd, 000282.733, 148
Trd, 000283.467, 146
Trd, 000283.800, 151
Trd, 000284.200, 155.0
Trd, 000285.633, 152
Trd, 000285.733, 148
Trd, 000286.100, 151
Trd, 000286.550, 148
Trd, 000286.583, 148
Trd, 000286.767, 150
Trd, 000286.933, 154.0
Trd, 000287.000, 148
Trd, 000287.250, 151
Trd, 000287.383, 155.0
Trd, 000287.900, 148
Trd, 000288.717, 162.0
Trd, 000289.100, 160
Trd, 000289.600, 160.0
Trd, 000289.650, 159
Trd, 000290.017, 161.0
Trd, 000290.217, 153
Trd, 000290.267, 147
Trd, 000290.400, 158
Trd, 000290.983, 158
Trd, 000291.667, 151
Trd, 000292.183, 158
Trd, 000292.217, 150
Trd, 000292.500, 165.0
Trd, 000293.483, 168
Trd, 000294.267, 156
Trd, 000294.350, 155
Trd, 000294.567, 156
Trd, 000295.000, 156
Trd, 000295.200, 158
Trd, 000295.283, 154
Trd, 000295.450, 157
Trd, 000295.950, 156
Trd, 000296.600, 159
Trd, 000297.117, 147
Trd, 000297.283, 154
Trd, 000298.517, 147
Trd, 000298.700, 150
Trd, 000299.517, 153
