Trd, 000001.567, 113.0
Trd, 000002.383, 157
Trd, 000002.733, 129
Trd, 000002.767, 134.0
Trd, 000002.783, 147
Trd, 000002.883, 117
Trd, 000004.850, 141.0
Trd, 000005.350, 170
Trd, 000005.750, 133
Trd, 000006.050, 133.0
Trd, 000006.850, 133.0
Trd, 000007.400, 132
Trd, 000007.433, 132
Trd, 000008.467, 134.0
Trd, 000008.600, 131
Trd, 000009.417, 138
Trd, 000009.633, 141.0
Trd, 000009.683, 134
Trd, 000010.817, 148.0
Trd, 000010.983, 151.0
Trd, 000011.600, 137
Trd, 000011.833, 136
Trd, 000012.317, 141.0
Trd, 000012.867, 169
Trd, 000013.050, 143
Trd, 000013.917, 150
Trd, 000013.967, 140
Trd, 000014.117, 171
Trd, 000014.283, 172.0
Trd, 000014.600, 136
Trd, 000015.467, 181.0
Trd, 000016.483, 144
Trd, 000016.667, 143
Trd, 000017.217, 166
Trd, 000017.600, 142
Trd, 000018.283, 145
Trd, 000018.400, 159
Trd, 000018.967, 160
Trd, 000019.567, 144
Trd, 000020.117, 143
Trd, 000020.700, 158
Trd, 000021.650, 156
Trd, 000021.817, 160
Trd, 000022.083, 150
Trd, 000022.967, 156
Trd, 000023.733, 151
Trd, 000023.750, 149
Trd, 000023.783, 148
Trd, 000023.850, 155
Trd, 000023.917, 144
Trd, 000024.000, 149
Trd, 000025.100, 136
Trd, 000026.150, 138
Trd, 000026.483, 130.0
Trd, 000026.550, 145
Trd, 000027.067, 147
Trd, 000027.517, 141.0
Trd, 000027.550, 143
Trd, 000027.567, 129.0
Trd, 000028.283, 151.0
Trd, 000029.333, 160
Trd, 000029.983, 145
Trd, 000030.117, 141
Trd, 000031.300, 161
Trd, 000031.783, 148
Trd, 000031.967, 148
Trd, 000032.267, 153
Trd, 000032.333, 154
Trd, 000032.583, 147
Trd, 000032.833, 154
Trd, 000034.433, 152
Trd, 000034.583, 162
Trd, 000035.633, 149
Trd, 000035.950, 162
Trd, 000036.400, 152
Trd, 000036.800, 150
Trd, 000037.483, 148.0
Trd, 000037.767, 172.0
Trd, 000038.250, 147
Trd, 000038.683, 141.0
Trd, 000038.733, 127.0
Trd, 000040.333, 136
Trd, 000040.633, 136
Trd, 000040.950, 135
Trd, 000042.083, 146
Trd, 000042.517, 147
Trd, 000042.983, 138
Trd, 000043.217, 145
Trd, 000044.083, 140
Trd, 000044.250, 141.0
Trd, 000044.417, 145
Trd, 000044.967, 139
Trd, 000046.750, 145.0
Trd, 000047.767, 143.0
Trd, 000048.100, 141
Trd, 000048.333, 140
Trd, 000048.467, 151.0
Trd, 000048.917, 141.0
Trd, 000049.583, 139
Trd, 000050.283, 145
Trd, 000050.800, 162
Trd, 000051.400, 161
Trd, 000051.700, 160
Trd, 000052.300, 158.0
Trd, 000052.883, 160
Trd, 000053.083, 153
Trd, 000053.400, 160
Trd, 000054.083, 162
Trd, 000054.317, 150
Trd, 000054.700, 155
Trd, 000054.967, 156
Trd, 000055.950, 137
Trd, 000056.150, 136
Trd, 000056.450, 138
Trd, 000057.867, 134
Trd, 000058.617, 145
Trd, 000058.683, 163
Trd, 000059.850, 143
Trd, 000060.250, 148
Trd, 000060.750, 136
Trd, 000061.000, 148
Trd, 000061.233, 140
Trd, 000062.050, 141.0
Trd, 000062.517, 136
Trd, 000062.617, 126
Trd, 000063.100, 142
Trd, 000063.450, 142
Trd, 000063.633, 151.0
Trd, 000065.083, 141
Trd, 000065.467, 142
Trd, 000065.717, 142
Trd, 000067.800, 143
Trd, 000067.917, 141
Trd, 000068.350, 149.0
Trd, 000069.117, 142
Trd, 000069.983, 142
Trd, 000070.117, 163
Trd, 000070.317, 169
Trd, 000070.433, 141
Trd, 000070.500, 140
Trd, 000071.650, 139
Trd, 000071.967, 139
Trd, 000073.250, 141.0
Trd, 000073.700, 148
Trd, 000073.883, 151.0
Trd, 000073.917, 166
Trd, 000074.550, 139
Trd, 000075.917, 127.0
Trd, 000076.200, 123
Trd, 000076.317, 123
Trd, 000076.567, 124
Trd, 000077.283, 125
Trd, 000077.933, 131
Trd, 000078.050, 141.0
Trd, 000079.017, 165
Trd, 000079.183, 161
Trd, 000079.767, 157
Trd, 000080.667, 150
Trd, 000081.417, 152
Trd, 000081.583, 159
Trd, 000082.200, 163
Trd, 000082.683, 153
Trd, 000083.083, 151
Trd, 000083.383, 151
Trd, 000083.767, 150
Trd, 000084.050, 136
Trd, 000084.383, 152
Trd, 000084.783, 156
Trd, 000085.383, 156
Trd, 000086.200, 156
Trd, 000086.733, 159
Trd, 000087.167, 159
Trd, 000087.267, 132
Trd, 000087.350, 172.0
Trd, 000087.450, 124
Trd, 000088.800, 141.0
Trd, 000089.267, 142
Trd, 000089.883, 162
Trd, 000090.300, 143
Trd, 000090.333, 160
Trd, 000090.683, 156
Trd, 000090.883, 163
Trd, 000091.733, 181.0
Trd, 000092.817, 172
Trd, 000093.283, 170
Trd, 000093.500, 166
Trd, 000094.400, 169
Trd, 000095.600, 161
Trd, 000097.250, 158.0
Trd, 000097.467, 150
Trd, 000097.633, 148
Trd, 000097.700, 157
Trd, 000097.783, 136
Trd, 000097.983, 157
Trd, 000098.483, 153
Trd, 000100.083, 160
Trd, 000100.633, 155
Trd, 000100.850, 161
Trd, 000101.117, 161
Trd, 000101.550, 156
Trd, 000101.567, 172.0
Trd, 000102.217, 155
Trd, 000102.900, 165
Trd, 000102.917, 166
Trd, 000103.467, 155
Trd, 000103.617, 157
Trd, 000103.667, 158
Trd, 000105.267, 157
Trd, 000105.550, 156
Trd, 000105.650, 154
Trd, 000106.033, 159
Trd, 000106.183, 172.0
Trd, 000107.383, 152
Trd, 000108.317, 150
Trd, 000109.583, 154
Trd, 000109.667, 155
Trd, 000110.267, 151
Trd, 000110.867, 151
Trd, 000111.517, 150
Trd, 000111.583, 151.0
Trd, 000111.817, 150
Trd, 000112.083, 155
Trd, 000113.150, 153
Trd, 000113.417, 138
Trd, 000114.067, 151
Trd, 000114.350, 151
Trd, 000114.950, 154
Trd, 000115.233, 162
Trd, 000115.533, 149
Trd, 000116.100, 148
Trd, 000116.333, 157
Trd, 000117.367, 170.0
Trd, 000117.433, 147
Trd, 000118.917, 153
Trd, 000119.183, 153
Trd, 000119.683, 149
Trd, 000120.050, 147
Trd, 000120.383, 150
Trd, 000120.417, 136
Trd, 000120.817, 134.0
Trd, 000121.883, 138
Trd, 000121.983, 129.0
Trd, 000122.367, 147
Trd, 000122.650, 164
Trd, 000122.800, 172.0
Trd, 000123.567, 133.0
Trd, 000124.250, 134.0
Trd, 000124.633, 137
Trd, 000124.817, 150.0
Trd, 000124.933, 132
Trd, 000125.967, 149
Trd, 000127.267, 138
Trd, 000127.500, 146
Trd, 000127.633, 147
Trd, 000128.633, 146
Trd, 000128.983, 148.0
Trd, 000129.033, 147
Trd, 000129.767, 149.0
Trd, 000129.950, 151.0
Trd, 000130.400, 146
Trd, 000130.800, 147
Trd, 000131.550, 146
Trd, 000132.067, 146
Trd, 000132.417, 149
Trd, 000132.500, 145
Trd, 000133.433, 144
Trd, 000133.833, 141.0
Trd, 000133.883, 150
Trd, 000135.033, 141
Trd, 000135.250, 172.0
Trd, 000135.750, 141
Trd, 000136.000, 162
Trd, 000136.267, 142
Trd, 000137.033, 140
Trd, 000138.033, 147
Trd, 000138.317, 144
Trd, 000138.700, 150.0
Trd, 000139.333, 149
Trd, 000139.467, 143
Trd, 000140.333, 144
Trd, 000141.733, 152
Trd, 000141.867, 144
Trd, 000141.983, 144
Trd, 000143.300, 145
Trd, 000144.867, 146
Trd, 000145.017, 146
Trd, 000145.033, 143
Trd, 000145.133, 148
Trd, 000145.183, 144
Trd, 000146.083, 144
Trd, 000146.283, 135
Trd, 000146.667, 161
Trd, 000147.150, 163
Trd, 000148.000, 144
Trd, 000148.800, 151
Trd, 000149.550, 148
Trd, 000149.650, 143
Trd, 000149.967, 144
Trd, 000150.133, 144
Trd, 000150.200, 149
Trd, 000150.367, 148
Trd, 000150.450, 171.0
Trd, 000151.650, 128.0
Trd, 000151.917, 151
Trd, 000152.750, 139
Trd, 000153.633, 150
Trd, 000154.183, 141.0
Trd, 000154.700, 140
Trd, 000155.450, 143
Trd, 000155.483, 150
Trd, 000155.667, 151
Trd, 000156.233, 147
Trd, 000158.117, 146
Trd, 000158.967, 146
Trd, 000159.250, 149
Trd, 000159.633, 148
Trd, 000159.700, 146
Trd, 000160.300, 145
Trd, 000160.450, 149
Trd, 000161.317, 136
Trd, 000161.533, 149
Trd, 000161.667, 127
Trd, 000162.883, 140
Trd, 000162.933, 142
Trd, 000162.950, 137
Trd, 000163.333, 141.0
Trd, 000163.783, 131
Trd, 000163.900, 144
Trd, 000165.683, 132
Trd, 000166.083, 139
Trd, 000166.717, 134
Trd, 000166.733, 139
Trd, 000167.117, 150.0
Trd, 000167.933, 134.0
Trd, 000168.500, 139
Trd, 000169.350, 139
Trd, 000169.533, 141.0
Trd, 000170.417, 149.0
Trd, 000170.867, 141
Trd, 000171.017, 136
Trd, 000171.033, 136
Trd, 000172.133, 147
Trd, 000172.667, 138
Trd, 000172.833, 150.0
Trd, 000173.200, 151.0
Trd, 000174.050, 144
Trd, 000174.750, 149
Trd, 000174.833, 160
Trd, 000174.883, 148
Trd, 000175.050, 147
Trd, 000175.717, 147
Trd, 000176.900, 149
Trd, 000177.000, 152
Trd, 000177.483, 167
Trd, 000178.283, 147
Trd, 000178.717, 162
Trd, 000179.633, 160
Trd, 000179.733, 153
Trd, 000180.367, 152
Trd, 000181.000, 162
Trd, 000181.533, 163
Trd, 000182.100, 152
Trd, 000182.200, 151
Trd, 000182.600, 164
Trd, 000183.117, 170.0
Trd, 000183.500, 149
Trd, 000184.650, 148
Trd, 000184.733, 136
Trd, 000185.433, 168
Trd, 000186.117, 159
Trd, 000186.350, 161
Trd, 000186.500, 152
Trd, 000186.550, 161
Trd, 000186.600, 162
Trd, 000187.967, 162
Trd, 000188.650, 155
Trd, 000189.217, 161
Trd, 000189.667, 163
Trd, 000189.867, 154
Trd, 000190.617, 154
Trd, 000190.717, 155
Trd, 000191.650, 153
Trd, 000191.767, 154
Trd, 000192.783, 151
Trd, 000193.950, 151
Trd, 000194.367, 150
Trd, 000194.633, 150
Trd, 000194.650, 152
Trd, 000194.800, 151
Trd, 000194.833, 155
Trd, 000195.317, 135
Trd, 000195.633, 159
Trd, 000195.900, 129
Trd, 000196.600, 144
Trd, 000196.917, 140.0
Trd, 000197.233, 141.0
Trd, 000199.683, 134.0
Trd, 000199.767, 139.0
Trd, 000200.933, 137
Trd, 000200.950, 139
Trd, 000201.233, 141.0
Trd, 000201.550, 138
Trd, 000201.750, 140
Trd, 000201.767, 137
Trd, 000202.333, 136
Trd, 000202.933, 139
Trd, 000202.950, 162
Trd, 000203.950, 141
Trd, 000203.983, 132
Trd, 000204.183, 131
Trd, 000204.217, 141.0
Trd, 000205.133, 135
Trd, 000205.550, 136
Trd, 000206.283, 132
Trd, 000207.133, 134
Trd, 000207.450, 134
Trd, 000210.283, 133
Trd, 000210.550, 134
Trd, 000211.217, 141.0
Trd, 000211.333, 151.0
Trd, 000211.433, 163
Trd, 000211.917, 143
Trd, 000212.050, 168
Trd, 000213.250, 153
Trd, 000213.483, 153
Trd, 000214.150, 154
Trd, 000214.367, 154
Trd, 000214.467, 155
Trd, 000214.483, 153
Trd, 000214.617, 169
Trd, 000214.783, 149
Trd, 000215.567, 136
Trd, 000217.067, 144
Trd, 000217.433, 151
Trd, 000217.450, 143
Trd, 000218.000, 154
Trd, 000218.100, 155
Trd, 000218.850, 167
Trd, 000219.667, 145
Trd, 000220.083, 146
Trd, 000220.467, 182.0
Trd, 000220.700, 142
Trd, 000220.933, 141.0
Trd, 000221.783, 150
Trd, 000221.933, 151
Trd, 000222.533, 151.0
Trd, 000223.417, 150
Trd, 000223.850, 142
Trd, 000225.000, 140
Trd, 000225.150, 135
Trd, 000225.283, 141
Trd, 000225.667, 126.0
Trd, 000225.867, 124.0
Trd, 000225.983, 148.0
Trd, 000227.567, 133.0
Trd, 000227.833, 134.0
Trd, 000230.000, 137
Trd, 000230.083, 151.0
Trd, 000230.450, 163
Trd, 000230.583, 172.0
Trd, 000231.733, 140
Trd, 000231.967, 139
Trd, 000232.033, 139
Trd, 000232.583, 142
Trd, 000233.150, 141.0
Trd, 000233.683, 141
Trd, 000233.833, 140
Trd, 000234.250, 139
Trd, 000234.717, 140
Trd, 000235.783, 141
Trd, 000236.783, 140
Trd, 000237.600, 139
Trd, 000238.067, 138
Trd, 000238.350, 139
Trd, 000238.833, 136
Trd, 000239.200, 136
Trd, 000239.267, 135
Trd, 000240.350, 138.0
Trd, 000240.417, 137
Trd, 000240.867, 138.0
Trd, 000241.000, 141.0
Trd, 000241.517, 146.0
Trd, 000241.917, 146.0
Trd, 000241.983, 145.0
Trd, 000242.250, 145.0
Trd, 000242.550, 143
Trd, 000242.583, 148.0
Trd, 000243.133, 146
Trd, 000243.317, 146
Trd, 000243.533, 154.0
Trd, 000243.967, 154.0
Trd, 000244.100, 154.0
Trd, 000244.867, 152.0
Trd, 000245.083, 152
Trd, 000245.233, 151.0
Trd, 000245.317, 155.0
Trd, 000245.400, 149.0
Trd, 000246.300, 156
Trd, 000246.383, 165.0
Trd, 000246.617, 165
Trd, 000247.150, 155.0
Trd, 000247.217, 151
Trd, 000247.633, 157
Trd, 000248.600, 152
Trd, 000248.933, 148
Trd, 000249.217, 151
Trd, 000249.250, 144.0
Trd, 000249.283, 141.0
Trd, 000249.750, 152
Trd, 000250.550, 150
Trd, 000251.183, 147
Trd, 000251.583, 149.0
Trd, 000252.367, 150
Trd, 000252.833, 149
Trd, 000253.167, 148.0
Trd, 000253.850, 141.0
Trd, 000254.467, 144
Trd, 000254.817, 141
Trd, 000254.833, 136
Trd, 000254.933, 142
Trd, 000255.000, 134.0
Trd, 000255.783, 134.0
Trd, 000255.833, 141.0
Trd, 000256.200, 141
Trd, 000256.267, 141
Trd, 000256.533, 148.0
Trd, 000256.883, 155.0
Trd, 000257.283, 155.0
Trd, 000257.483, 153
Trd, 000257.750, 154
Trd, 000258.200, 153
Trd, 000258.667, 154
Trd, 000259.400, 162
Trd, 000259.567, 163
Trd, 000260.233, 153
Trd, 000260.533, 150
Trd, 000260.633, 156.0
Trd, 000260.717, 168.0
Trd, 000261.433, 150
Trd, 000262.400, 152.0
Trd, 000262.750, 157
Trd, 000263.733, 156
Trd, 000264.067, 156
Trd, 000264.133, 155.0
Trd, 000264.300, 135
Trd, 000265.117, 149
Trd, 000265.250, 148
Trd, 000265.883, 148.0
Trd, 000265.933, 147
Trd, 000265.950, 149
Trd, 000266.550, 144.0
Trd, 000266.583, 149
Trd, 000266.750, 151.0
Trd, 000267.150, 146.0
Trd, 000267.400, 145
Trd, 000267.450, 150
Trd, 000267.833, 141.0
Trd, 000268.517, 148
Trd, 000268.617, 150.0
Trd, 000268.833, 150.0
Trd, 000269.133, 154.0
Trd, 000269.917, 150
Trd, 000271.167, 147
Trd, 000271.533, 148.0
Trd, 000271.850, 151
Trd, 000273.050, 151.0
Trd, 000273.217, 165.0
Trd, 000273.400, 166.0
Trd, 000273.583, 163
Trd, 000273.867, 156
Trd, 000274.283, 156.0
Trd, 000274.983, 155.0
Trd, 000275.233, 154
Trd, 000275.417, 153
Trd, 000276.033, 150
Trd, 000276.550, 142.0
Trd, 000276.583, 145
Trd, 000277.033, 143
Trd, 000277.133, 147
Trd, 000277.717, 147
Trd, 000277.967, 149.0
Trd, 000278.033, 150.0
Trd, 000278.217, 154
Trd, 000278.583, 144
Trd, 000278.783, 155.0
Trd, 000279.900, 153
Trd, 000280.283, 148.0
Trd, 000280.667, 148
Trd, 000280.733, 155
Trd, 000281.383, 163
Trd, 000281.983, 154
Trd, 000282.300, 153
Trd, 000283.117, 151
Trd, 000283.817, 150
Trd, 000284.233, 150
Trd, 000284.767, 150.0
Trd, 000285.183, 144.0
Trd, 000285.483, 151.0
Trd, 000285.650, 152
Trd, 000285.783, 156
Trd, 000286.450, 148
Trd, 000286.767, 148.0
Trd, 000286.967, 153
Trd, 000287.100, 148
Trd, 000287.150, 159
Trd, 000287.300, 141.0
Trd, 000287.900, 153
Trd, 000287.933, 155
Trd, 000287.950, 127.0
Trd, 000289.267, 144.0
Trd, 000289.783, 154
Trd, 000289.983, 162
Trd, 000290.317, 148.0
Trd, 000290.433, 164.0
Trd, 000290.667, 155.0
Trd, 000290.767, 148
Trd, 000290.783, 147
Trd, 000291.483, 142.0
Trd, 000291.833, 154
Trd, 000292.133, 148.0
Trd, 000292.317, 146
Trd, 000292.433, 152
Trd, 000292.600, 155.0
Trd, 000292.700, 164.0
Trd, 000293.400, 148.0
Trd, 000293.417, 146
Trd, 000293.600, 141.0
Trd, 000293.717, 159
Trd, 000294.650, 143
Trd, 000294.717, 144.0
Trd, 000294.900, 136
Trd, 000295.250, 134.0
Trd, 000296.183, 142
Trd, 000296.300, 150
Trd, 000296.900, 150
Trd, 000297.550, 143
Trd, 000297.733, 161
Trd, 000297.800, 141
Trd, 000298.283, 152
Trd, 000298.500, 141.0
Trd, 000298.533, 154.0
Trd, 000298.567, 141
Trd, 000299.833, 136.0
