Trd, 000000.917, 155
Trd, 000001.567, 189
Trd, 000001.867, 175.0
Trd, 000004.517, 162
Trd, 000004.967, 170
Trd, 000005.217, 165.0
Trd, 000005.783, 162.0
Trd, 000006.867, 161
Trd, 000006.883, 162.0
Trd, 000007.600, 147
Trd, 000007.767, 137
Trd, 000008.083, 147.0
Trd, 000009.283, 139
Trd, 000010.383, 148.0
Trd, 000011.467, 152
Trd, 000011.483, 153
Trd, 000013.100, 151
Trd, 000013.567, 151
Trd, 000013.700, 150
Trd, 000015.200, 148
Trd, 000015.400, 147
Trd, 000016.000, 148
Trd, 000016.100, 146
Trd, 000017.000, 142
Trd, 000019.017, 140
Trd, 000019.617, 141.0
Trd, 000020.267, 141
Trd, 000020.400, 141
Trd, 000021.350, 143
Trd, 000023.033, 140
Trd, 000023.233, 140.0
Trd, 000023.917, 141.0
Trd, 000024.117, 141
Trd, 000024.350, 143
Trd, 000025.167, 148.0
Trd, 000025.700, 141
Trd, 000025.750, 140
Trd, 000026.533, 145
Trd, 000027.583, 147.0
Trd, 000027.717, 148.0
Trd, 000028.533, 157
Trd, 000030.317, 149
Trd, 000030.833, 150
Trd, 000031.500, 157
Trd, 000031.567, 149
Trd, 000031.683, 158
Trd, 000032.983, 155
Trd, 000034.150, 156
Trd, 000034.683, 157
Trd, 000034.817, 156
Trd, 000035.033, 156
Trd, 000036.933, 154
Trd, 000037.300, 157
Trd, 000037.617, 158
Trd, 000038.883, 153
Trd, 000039.417, 157
Trd, 000039.517, 153
Trd, 000039.867, 147
Trd, 000041.167, 150
Trd, 000041.250, 151
Trd, 000041.833, 151
Trd, 000042.317, 144
Trd, 000043.117, 145
Trd, 000043.667, 148.0
Trd, 000046.417, 146
Trd, 000046.567, 146
Trd, 000047.350, 144
Trd, 000047.817, 143
Trd, 000048.517, 142
Trd, 000048.617, 144
Trd, 000049.117, 143
Trd, 000049.383, 148.0
Trd, 000050.600, 141
Trd, 000051.033, 141
Trd, 000051.550, 139
Trd, 000052.067, 140
Trd, 000052.133, 158
Trd, 000053.133, 148
Trd, 000053.783, 139
Trd, 000054.217, 140
Trd, 000055.050, 144
Trd, 000055.267, 145
Trd, 000056.100, 143
Trd, 000056.733, 145
Trd, 000057.233, 147.0
Trd, 000057.583, 146.0
Trd, 000059.033, 143
Trd, 000059.100, 145.0
Trd, 000059.433, 144.0
Trd, 000059.800, 147
Trd, 000061.433, 148.0
Trd, 000062.883, 145
Trd, 000063.383, 145
Trd, 000064.850, 145
Trd, 000065.167, 144
Trd, 000065.650, 144
Trd, 000066.050, 144
Trd, 000066.183, 146
Trd, 000066.350, 165.0
Trd, 000067.400, 162
Trd, 000068.300, 159
Trd, 000068.983, 142
Trd, 000069.850, 145
Trd, 000070.683, 145
Trd, 000071.350, 147
Trd, 000072.000, 145
Trd, 000073.350, 144
Trd, 000073.700, 143
Trd, 000073.850, 143
Trd, 000074.000, 144
Trd, 000074.783, 148.0
Trd, 000075.150, 144
Trd, 000075.367, 172.0
Trd, 000075.933, 147
Trd, 000076.350, 159
Trd, 000076.917, 159
Trd, 000077.417, 143
Trd, 000078.183, 147.0
Trd, 000079.783, 146
Trd, 000080.200, 146
Trd, 000080.650, 145
Trd, 000080.983, 146
Trd, 000081.867, 148.0
Trd, 000082.817, 147
Trd, 000082.850, 146
Trd, 000083.817, 144
Trd, 000084.417, 144
Trd, 000085.250, 146
Trd, 000086.317, 147.0
Trd, 000086.533, 148.0
Trd, 000086.750, 148
Trd, 000087.050, 151
Trd, 000087.850, 160
Trd, 000088.483, 149
Trd, 000088.817, 148
Trd, 000089.800, 148
Trd, 000089.850, 149
Trd, 000090.717, 147
Trd, 000091.217, 146
Trd, 000091.617, 147
Trd, 000091.717, 152
Trd, 000091.733, 172.0
Trd, 000092.317, 163
Trd, 000092.900, 146
Trd, 000093.150, 174.0
Trd, 000093.567, 145
Trd, 000095.467, 147.0
Trd, 000095.867, 148.0
Trd, 000096.617, 150
Trd, 000097.367, 152
Trd, 000098.117, 146
Trd, 000098.617, 154
Trd, 000099.733, 151
Trd, 000099.967, 151
Trd, 000100.000, 152
Trd, 000101.017, 146
Trd, 000101.617, 147
Trd, 000101.767, 147
Trd, 000101.867, 148.0
Trd, 000102.367, 157
Trd, 000105.233, 147.0
Trd, 000105.567, 143
Trd, 000105.617, 148.0
Trd, 000105.650, 149
Trd, 000106.550, 149
Trd, 000107.600, 146
Trd, 000108.017, 147
Trd, 000108.117, 148
Trd, 000108.217, 147
Trd, 000108.683, 149
Trd, 000109.000, 147
Trd, 000110.733, 147.0
Trd, 000111.067, 145
Trd, 000111.500, 147.0
Trd, 000111.700, 147.0
Trd, 000111.867, 148.0
Trd, 000112.383, 148
Trd, 000112.733, 148
Trd, 000113.900, 158
Trd, 000114.350, 147
Trd, 000114.367, 165.0
Trd, 000115.500, 153
Trd, 000115.733, 166
Trd, 000116.867, 150
Trd, 000117.083, 156
Trd, 000117.833, 150
Trd, 000118.417, 148
Trd, 000119.100, 148
Trd, 000119.967, 147
Trd, 000120.133, 148
Trd, 000120.350, 148.0
Trd, 000120.800, 148
Trd, 000120.850, 142
Trd, 000121.217, 133
Trd, 000121.483, 158
Trd, 000122.933, 161
Trd, 000123.233, 165.0
Trd, 000124.750, 153
Trd, 000126.767, 147
Trd, 000126.833, 148
Trd, 000127.650, 146
Trd, 000128.233, 143
Trd, 000128.517, 146
Trd, 000128.567, 148.0
Trd, 000129.967, 147
Trd, 000130.950, 147
Trd, 000131.333, 156
Trd, 000131.483, 157
Trd, 000131.883, 158
Trd, 000133.367, 160
Trd, 000134.283, 153
Trd, 000134.567, 163
Trd, 000134.783, 163
Trd, 000135.417, 155
Trd, 000136.067, 155
Trd, 000136.450, 155
Trd, 000136.750, 156
Trd, 000137.450, 147
Trd, 000137.783, 148.0
Trd, 000138.800, 153
Trd, 000138.917, 154
Trd, 000139.250, 152
Trd, 000140.300, 157
Trd, 000141.333, 151
Trd, 000142.817, 158
Trd, 000143.150, 155
Trd, 000143.700, 159
Trd, 000144.500, 157
Trd, 000145.117, 158
Trd, 000145.733, 159
Trd, 000146.600, 156
Trd, 000147.283, 155
Trd, 000147.500, 155
Trd, 000147.633, 157
Trd, 000147.733, 154
Trd, 000148.050, 148
Trd, 000149.700, 156
Trd, 000150.900, 148
Trd, 000151.233, 150
Trd, 000152.433, 148.0
Trd, 000152.833, 150
Trd, 000153.033, 148
Trd, 000153.317, 147
Trd, 000153.433, 146
Trd, 000153.483, 148
Trd, 000154.350, 160
Trd, 000155.117, 153
Trd, 000157.150, 149
Trd, 000157.700, 147
Trd, 000158.533, 162.0
Trd, 000158.550, 172.0
Trd, 000158.933, 147.0
Trd, 000159.583, 145
Trd, 000160.067, 145
Trd, 000160.767, 148.0
Trd, 000161.767, 151
Trd, 000162.150, 145
Trd, 000164.400, 149
Trd, 000165.100, 149
Trd, 000165.667, 146
Trd, 000165.683, 148
Trd, 000166.883, 146.0
Trd, 000167.383, 148.0
Trd, 000168.350, 147
Trd, 000168.600, 147
Trd, 000169.017, 146
Trd, 000169.100, 147.0
Trd, 000169.317, 148.0
Trd, 000170.367, 143
Trd, 000172.950, 145
Trd, 000173.050, 147
Trd, 000173.767, 145
Trd, 000174.450, 160
Trd, 000174.500, 161
Trd, 000174.917, 152
Trd, 000175.433, 157
Trd, 000175.800, 162.0
Trd, 000176.167, 162.0
Trd, 000176.267, 151
Trd, 000176.717, 161.0
Trd, 000178.000, 147.0
Trd, 000178.083, 148.0
Trd, 000178.267, 147
Trd, 000178.700, 143
Trd, 000179.533, 152
Trd, 000180.100, 150
Trd, 000180.583, 150
Trd, 000181.633, 147
Trd, 000181.667, 146
Trd, 000183.117, 146
Trd, 000183.300, 147
Trd, 000183.350, 144
Trd, 000183.500, 147
Trd, 000183.533, 148
Trd, 000184.500, 148
Trd, 000184.583, 158
Trd, 000184.683, 161
Trd, 000185.400, 152
Trd, 000185.500, 146
Trd, 000186.383, 143
Trd, 000187.000, 173
Trd, 000187.500, 165.0
Trd, 000188.183, 166
Trd, 000188.967, 148.0
Trd, 000189.533, 143
Trd, 000190.500, 136
Trd, 000192.200, 134
Trd, 000192.367, 136.0
Trd, 000192.433, 137.0
Trd, 000192.917, 138
Trd, 000194.333, 144
Trd, 000194.683, 137
Trd, 000195.533, 136
Trd, 000195.667, 141
Trd, 000195.933, 141
Trd, 000196.417, 135
Trd, 000197.600, 142
Trd, 000199.083, 142
Trd, 000199.683, 142
Trd, 000200.767, 148.0
Trd, 000201.483, 156
Trd, 000202.000, 145
Trd, 000202.300, 155
Trd, 000202.333, 157
Trd, 000203.783, 162.0
Trd, 000204.733, 160
Trd, 000204.917, 161
Trd, 000205.017, 150
Trd, 000205.950, 153
Trd, 000206.950, 154
Trd, 000207.467, 155
Trd, 000207.517, 154
Trd, 000208.300, 151
Trd, 000208.867, 151
Trd, 000209.383, 148
Trd, 000209.517, 148.0
Trd, 000210.817, 152
Trd, 000211.050, 150
Trd, 000211.450, 149
Trd, 000213.850, 149
Trd, 000214.683, 149
Trd, 000215.067, 149
Trd, 000215.533, 147
Trd, 000215.800, 147.0
Trd, 000215.900, 148.0
Trd, 000216.317, 158
Trd, 000216.883, 143
Trd, 000217.083, 162.0
Trd, 000217.433, 143
Trd, 000218.350, 153
Trd, 000219.133, 162
Trd, 000219.400, 163.0
Trd, 000219.950, 163.0
Trd, 000221.750, 151
Trd, 000222.467, 150
Trd, 000222.550, 147
Trd, 000222.733, 143
Trd, 000223.983, 145
Trd, 000224.683, 144
Trd, 000224.917, 142
Trd, 000224.983, 143
Trd, 000225.167, 148.0
Trd, 000225.800, 161
Trd, 000226.217, 154
Trd, 000227.067, 161
Trd, 000227.450, 148
Trd, 000227.583, 165.0
Trd, 000227.967, 155
Trd, 000228.083, 171.0
Trd, 000228.683, 146
Trd, 000230.350, 147
Trd, 000230.767, 144.0
Trd, 000231.283, 143
Trd, 000231.533, 147
Trd, 000232.333, 145
Trd, 000232.433, 147.0
Trd, 000232.850, 148.0
Trd, 000233.533, 157
Trd, 000233.883, 158
Trd, 000234.367, 148
Trd, 000235.083, 147
Trd, 000235.950, 147.0
Trd, 000236.183, 148.0
Trd, 000236.917, 147
Trd, 000237.650, 146
Trd, 000238.167, 144
Trd, 000238.467, 145
Trd, 000238.517, 143
Trd, 000239.650, 145
Trd, 000239.833, 146.0
Trd, 000240.217, 146
Trd, 000240.383, 145
Trd, 000240.733, 146.0
Trd, 000241.367, 146.0
Trd, 000241.517, 145
Trd, 000241.850, 148.0
Trd, 000242.733, 152.0
Trd, 000243.067, 152.0
Trd, 000243.417, 150
Trd, 000243.967, 150
Trd, 000244.117, 149
Trd, 000244.867, 148
Trd, 000245.083, 147
Trd, 000245.467, 147.0
Trd, 000246.033, 144
Trd, 000246.367, 143
Trd, 000246.833, 143
Trd, 000247.067, 141.0
Trd, 000247.950, 139.0
Trd, 000248.533, 138.0
Trd, 000248.600, 143.0
Trd, 000249.183, 142
Trd, 000249.500, 138
Trd, 000249.983, 139
Trd, 000250.283, 139
Trd, 000250.433, 141.0
Trd, 000250.500, 140
Trd, 000250.633, 143
Trd, 000251.933, 144
Trd, 000252.333, 146
Trd, 000252.783, 143.0
Trd, 000253.600, 142
Trd, 000253.833, 139.0
Trd, 000253.883, 140.0
Trd, 000255.017, 142
Trd, 000255.183, 143.0
Trd, 000255.417, 148.0
Trd, 000255.800, 142
Trd, 000256.633, 142
Trd, 000256.733, 143
Trd, 000257.283, 147
Trd, 000257.800, 158
Trd, 000258.367, 147
Trd, 000258.450, 148
Trd, 000259.017, 148.0
Trd, 000259.383, 148
Trd, 000260.050, 153
Trd, 000260.950, 148
Trd, 000261.567, 149
Trd, 000261.667, 148
Trd, 000261.717, 152.0
Trd, 000262.133, 151
Trd, 000262.350, 155.0
Trd, 000262.700, 156
Trd, 000262.817, 154
Trd, 000263.567, 159.0
Trd, 000263.983, 157
Trd, 000264.133, 159.0
Trd, 000264.617, 156
Trd, 000264.850, 155
Trd, 000265.567, 147
Trd, 000266.800, 144
Trd, 000267.017, 143
Trd, 000267.133, 145
Trd, 000267.167, 148.0
Trd, 000268.400, 146
Trd, 000269.217, 147
Trd, 000269.250, 144
Trd, 000269.917, 157
Trd, 000270.017, 155.0
Trd, 000270.433, 158
Trd, 000270.583, 151
Trd, 000271.033, 154
Trd, 000271.200, 153
Trd, 000271.867, 152
Trd, 000272.117, 158
Trd, 000272.483, 159
Trd, 000273.033, 165.0
Trd, 000273.383, 154
Trd, 000273.483, 153
Trd, 000274.150, 154
Trd, 000274.200, 155
Trd, 000275.400, 147
Trd, 000275.783, 143
Trd, 000276.183, 138
Trd, 000276.383, 140.0
Trd, 000277.017, 144
Trd, 000277.183, 142
Trd, 000277.283, 145
Trd, 000277.550, 139
Trd, 000278.367, 140
Trd, 000278.633, 141
Trd, 000279.833, 141
Trd, 000280.150, 139
Trd, 000280.917, 141
Trd, 000281.433, 154.0
Trd, 000281.467, 155.0
Trd, 000281.733, 148.0
Trd, 000281.833, 154
Trd, 000282.467, 160
Trd, 000282.600, 155
Trd, 000282.867, 147
Trd, 000282.917, 148.0
Trd, 000283.167, 146
Trd, 000283.817, 149
Trd, 000283.950, 146
Trd, 000284.200, 151
Trd, 000285.050, 155.0
Trd, 000285.500, 158
Trd, 000285.550, 165.0
Trd, 000286.683, 156
Trd, 000286.733, 147
Trd, 000288.167, 147
Trd, 000288.567, 143
Trd, 000288.717, 154
Trd, 000288.800, 155
Trd, 000289.467, 147
Trd, 000290.117, 147
Trd, 000290.167, 152
Trd, 000290.317, 154.0
Trd, 000290.483, 149
Trd, 000290.950, 138.0
Trd, 000291.483, 153.0
Trd, 000291.700, 147.0
Trd, 000291.867, 148.0
Trd, 000292.050, 155.0
Trd, 000292.150, 148
Trd, 000292.817, 155.0
Trd, 000293.400, 146
Trd, 000293.483, 157
Trd, 000294.517, 158
Trd, 000294.633, 165.0
Trd, 000294.700, 157
Trd, 000295.133, 147
Trd, 000295.683, 147.0
Trd, 000295.800, 148.0
Trd, 000295.983, 146
Trd, 000296.567, 140
Trd, 000296.833, 142
Trd, 000297.033, 155
Trd, 000297.667, 133
Trd, 000297.683, 155.0
Trd, 000297.900, 133
Trd, 000298.317, 146
Trd, 000298.350, 147
Trd, 000298.517, 148.0
Trd, 000298.783, 135
Trd, 000298.817, 172.0
Trd, 000299.217, 131.0
