Trd, 000001.100, 135
Trd, 000002.683, 124
Trd, 000003.117, 125.0
Trd, 000005.067, 133
Trd, 000005.483, 132
Trd, 000005.683, 130
Trd, 000006.367, 141.0
Trd, 000006.650, 132
Trd, 000006.800, 131
Trd, 000007.633, 143
Trd, 000007.817, 144
Trd, 000007.967, 147
Trd, 000008.167, 144
Trd, 000008.850, 144
Trd, 000009.983, 144
Trd, 000010.400, 144
Trd, 000011.017, 145
Trd, 000011.067, 144
Trd, 000011.967, 144
Trd, 000012.383, 145
Trd, 000012.717, 144
Trd, 000013.100, 145
Trd, 000014.467, 144
Trd, 000014.750, 144
Trd, 000015.783, 145
Trd, 000016.083, 143
Trd, 000016.333, 148
Trd, 000016.517, 143
Trd, 000017.650, 146
Trd, 000018.033, 145
Trd, 000018.633, 144
Trd, 000018.817, 144
Trd, 000019.017, 145
Trd, 000019.650, 141
Trd, 000020.350, 146
Trd, 000021.217, 145
Trd, 000021.983, 135
Trd, 000022.633, 139
Trd, 000023.183, 145
Trd, 000023.250, 134
Trd, 000026.367, 157
Trd, 000026.433, 157
Trd, 000026.633, 150
Trd, 000028.183, 158
Trd, 000028.433, 159
Trd, 000028.517, 158
Trd, 000028.867, 161
Trd, 000029.033, 160
Trd, 000029.667, 162.0
Trd, 000030.000, 159
Trd, 000030.033, 154
Trd, 000030.833, 156
Trd, 000031.683, 156
Trd, 000031.983, 157
Trd, 000033.050, 152
Trd, 000034.117, 156
Trd, 000034.267, 151
Trd, 000035.033, 153
Trd, 000035.300, 154
Trd, 000035.367, 152
Trd, 000035.433, 155
Trd, 000035.933, 135
Trd, 000036.683, 142
Trd, 000038.250, 148
Trd, 000039.083, 143
Trd, 000039.300, 142
Trd, 000040.217, 146
Trd, 000040.767, 145
Trd, 000041.117, 146
Trd, 000041.317, 146
Trd, 000042.550, 148
Trd, 000043.033, 150
Trd, 000043.400, 150
Trd, 000043.850, 150
Trd, 000044.933, 156
Trd, 000045.200, 153
Trd, 000045.233, 151
Trd, 000045.683, 151
Trd, 000046.067, 152
Trd, 000046.717, 148
Trd, 000047.300, 144
Trd, 000047.933, 145
Trd, 000048.083, 158
Trd, 000048.567, 138
Trd, 000048.750, 140
Trd, 000050.617, 149
Trd, 000050.667, 150
Trd, 000050.817, 151
Trd, 000051.517, 147
Trd, 000053.150, 149
Trd, 000053.167, 150
Trd, 000054.083, 148
Trd, 000054.267, 147
Trd, 000054.767, 149
Trd, 000054.933, 148
Trd, 000055.400, 144
Trd, 000057.567, 147
Trd, 000057.850, 158
Trd, 000058.233, 153
Trd, 000058.367, 153
Trd, 000059.367, 154
Trd, 000060.150, 155
Trd, 000060.467, 155
Trd, 000061.450, 160
Trd, 000061.750, 155
Trd, 000062.733, 165
Trd, 000063.117, 158
Trd, 000063.217, 154
Trd, 000063.350, 179
Trd, 000063.817, 143
Trd, 000064.500, 168.0
Trd, 000064.667, 164
Trd, 000064.750, 150
Trd, 000065.283, 148
Trd, 000067.133, 149
Trd, 000067.583, 142
Trd, 000068.117, 152
Trd, 000069.567, 141
Trd, 000070.450, 148
Trd, 000070.667, 148
Trd, 000071.133, 148
Trd, 000071.567, 152
Trd, 000072.183, 150
Trd, 000072.450, 150
Trd, 000072.700, 150
Trd, 000073.483, 152
Trd, 000074.450, 151
Trd, 000075.283, 150
Trd, 000075.400, 147
Trd, 000075.667, 146
Trd, 000075.950, 151
Trd, 000076.767, 159
Trd, 000077.200, 162.0
Trd, 000077.733, 152
Trd, 000077.767, 153
Trd, 000078.283, 151
Trd, 000078.467, 150
Trd, 000079.650, 151
Trd, 000080.217, 150
Trd, 000080.500, 150
Trd, 000080.733, 152
Trd, 000081.217, 151
Trd, 000081.283, 149
Trd, 000083.167, 143
Trd, 000084.067, 147
Trd, 000084.300, 145
Trd, 000084.500, 145
Trd, 000084.783, 147
Trd, 000085.500, 142
Trd, 000086.167, 146
Trd, 000087.300, 141
Trd, 000088.417, 136
Trd, 000089.567, 138
Trd, 000089.883, 145
Trd, 000090.750, 143
Trd, 000091.467, 138
Trd, 000091.950, 142
Trd, 000092.483, 141
Trd, 000092.733, 138
Trd, 000093.800, 143
Trd, 000094.467, 143
Trd, 000094.867, 144
Trd, 000095.650, 145
Trd, 000095.733, 143
Trd, 000095.800, 140
Trd, 000097.317, 157
Trd, 000097.917, 147
Trd, 000098.417, 148
Trd, 000099.683, 150
Trd, 000100.000, 154
Trd, 000100.517, 148
Trd, 000101.083, 148
Trd, 000101.683, 158
Trd, 000102.167, 162
Trd, 000102.583, 152
Trd, 000103.067, 152
Trd, 000103.500, 152
Trd, 000103.683, 151
Trd, 000104.117, 149
Trd, 000104.150, 157
Trd, 000104.417, 165
Trd, 000105.483, 154
Trd, 000106.667, 157
Trd, 000107.550, 158
Trd, 000107.567, 159
Trd, 000108.683, 160
Trd, 000108.717, 158
Trd, 000108.733, 155
Trd, 000109.783, 155
Trd, 000110.183, 140
Trd, 000110.383, 139
Trd, 000110.400, 138
Trd, 000111.100, 139
Trd, 000111.317, 139
Trd, 000111.983, 141.0
Trd, 000112.150, 148
Trd, 000113.500, 140
Trd, 000114.117, 141
Trd, 000114.700, 146
Trd, 000115.000, 145
Trd, 000115.700, 141
Trd, 000116.083, 139
Trd, 000117.383, 141
Trd, 000117.417, 140
Trd, 000117.817, 148
Trd, 000119.633, 144
Trd, 000119.750, 143
Trd, 000119.850, 139
Trd, 000121.517, 150
Trd, 000121.583, 154
Trd, 000121.617, 156
Trd, 000122.233, 153
Trd, 000122.500, 152
Trd, 000122.900, 151
Trd, 000123.283, 152
Trd, 000123.350, 151
Trd, 000124.800, 151
Trd, 000124.833, 152
Trd, 000125.700, 153
Trd, 000125.900, 152
Trd, 000126.083, 159
Trd, 000127.233, 153
Trd, 000127.650, 153
Trd, 000128.883, 144
Trd, 000129.000, 154
Trd, 000129.250, 148
Trd, 000130.117, 152
Trd, 000130.567, 137
Trd, 000130.883, 151
Trd, 000132.167, 147
Trd, 000133.517, 148
Trd, 000134.100, 149
Trd, 000134.283, 149
Trd, 000134.367, 149
Trd, 000135.317, 149
Trd, 000136.233, 148
Trd, 000136.367, 150
Trd, 000136.433, 158
Trd, 000136.483, 148
Trd, 000136.800, 162.0
Trd, 000138.217, 158
Trd, 000139.383, 157
Trd, 000139.467, 157
Trd, 000139.650, 154
Trd, 000140.117, 155
Trd, 000140.467, 159
Trd, 000140.867, 156
Trd, 000141.533, 157.0
Trd, 000141.817, 155
Trd, 000142.567, 158
Trd, 000142.817, 157
Trd, 000143.700, 156
Trd, 000144.617, 159
Trd, 000144.917, 155
Trd, 000146.033, 157
Trd, 000146.283, 158
Trd, 000146.317, 161
Trd, 000146.950, 152
Trd, 000148.183, 153
Trd, 000148.200, 152
Trd, 000148.333, 156
Trd, 000148.583, 154
Trd, 000148.683, 153
Trd, 000149.517, 134
Trd, 000151.850, 144
Trd, 000152.050, 144
Trd, 000152.467, 147
Trd, 000153.717, 147
Trd, 000154.433, 148
Trd, 000154.450, 146
Trd, 000155.283, 149
Trd, 000155.500, 148
Trd, 000156.017, 150
Trd, 000156.300, 156
Trd, 000156.633, 158
Trd, 000157.117, 150
Trd, 000157.467, 150
Trd, 000158.067, 152
Trd, 000158.350, 165
Trd, 000158.683, 151
Trd, 000159.617, 150
Trd, 000161.217, 148
Trd, 000161.800, 147
Trd, 000162.100, 134
Trd, 000162.767, 145
Trd, 000163.617, 144
Trd, 000163.783, 144
Trd, 000164.833, 147
Trd, 000165.350, 148
Trd, 000165.383, 140
Trd, 000166.550, 157
Trd, 000166.617, 140
Trd, 000168.033, 155
Trd, 000169.517, 147
Trd, 000169.933, 146
Trd, 000170.250, 146
Trd, 000170.550, 148
Trd, 000170.633, 152
Trd, 000171.183, 149
Trd, 000171.350, 151
Trd, 000171.433, 150
Trd, 000172.133, 152
Trd, 000172.867, 149
Trd, 000174.067, 147
Trd, 000174.533, 147
Trd, 000174.767, 144
Trd, 000175.433, 150
Trd, 000176.033, 148
Trd, 000176.367, 147
Trd, 000176.633, 148
Trd, 000176.917, 156
Trd, 000177.617, 149
Trd, 000179.417, 150
Trd, 000179.667, 150
Trd, 000180.717, 151
Trd, 000180.883, 152
Trd, 000181.117, 151
Trd, 000181.250, 150
Trd, 000181.267, 134
Trd, 000181.633, 151
Trd, 000181.700, 141
Trd, 000182.150, 158
Trd, 000182.467, 162.0
Trd, 000182.600, 142
Trd, 000183.833, 162
Trd, 000183.917, 141
Trd, 000185.917, 146
Trd, 000186.233, 146
Trd, 000186.583, 146
Trd, 000188.117, 154
Trd, 000188.217, 153
Trd, 000188.983, 155
Trd, 000189.467, 154
Trd, 000189.550, 162.0
Trd, 000189.883, 164
Trd, 000190.117, 158
Trd, 000190.650, 157
Trd, 000191.783, 161
Trd, 000191.900, 160
Trd, 000192.367, 162
Trd, 000193.033, 158
Trd, 000193.100, 157
Trd, 000193.500, 158
Trd, 000194.367, 147
Trd, 000195.117, 148
Trd, 000195.517, 148
Trd, 000196.000, 149
Trd, 000196.117, 142
Trd, 000196.167, 141
Trd, 000197.550, 158
Trd, 000198.367, 158
Trd, 000198.567, 147
Trd, 000198.600, 146
Trd, 000199.550, 156
Trd, 000200.683, 154
Trd, 000201.450, 152
Trd, 000201.667, 155
Trd, 000202.550, 153
Trd, 000202.950, 154
Trd, 000203.567, 155
Trd, 000204.217, 154
Trd, 000205.400, 157
Trd, 000205.667, 156
Trd, 000205.850, 156
Trd, 000205.900, 153
Trd, 000206.333, 155
Trd, 000206.417, 158
Trd, 000207.100, 152
Trd, 000207.600, 162
Trd, 000207.933, 163
Trd, 000208.433, 153
Trd, 000209.200, 154
Trd, 000209.267, 158
Trd, 000209.600, 154
Trd, 000210.467, 153
Trd, 000211.617, 152
Trd, 000212.483, 152
Trd, 000212.950, 145
Trd, 000214.200, 140
Trd, 000215.033, 147
Trd, 000215.433, 148
Trd, 000215.817, 148
Trd, 000215.867, 161.0
Trd, 000216.300, 162.0
Trd, 000217.133, 147
Trd, 000217.717, 158
Trd, 000217.800, 149
Trd, 000217.833, 148
Trd, 000218.483, 155
Trd, 000220.400, 153
Trd, 000220.633, 154
Trd, 000222.000, 153
Trd, 000223.700, 155
Trd, 000223.817, 154
Trd, 000224.167, 157
Trd, 000224.483, 154
Trd, 000224.533, 159.0
Trd, 000225.717, 157
Trd, 000225.917, 156
Trd, 000226.300, 157
Trd, 000226.783, 155
Trd, 000226.817, 155
Trd, 000228.617, 133
Trd, 000228.717, 148
Trd, 000228.800, 153
Trd, 000229.717, 142
Trd, 000230.133, 143
Trd, 000230.783, 157
Trd, 000232.183, 145
Trd, 000232.717, 146
Trd, 000233.100, 146
Trd, 000234.233, 147
Trd, 000234.433, 148
Trd, 000234.533, 148
Trd, 000235.383, 148
Trd, 000236.967, 154
Trd, 000237.567, 153
Trd, 000237.950, 153
Trd, 000238.367, 152
Trd, 000238.917, 154
Trd, 000239.117, 156
Trd, 000239.350, 154
Trd, 000239.967, 156
Trd, 000240.350, 159
Trd, 000240.867, 163
Trd, 000241.000, 162
Trd, 000241.083, 160
Trd, 000241.133, 156
Trd, 000241.450, 154
Trd, 000242.383, 155
Trd, 000243.017, 151
Trd, 000244.033, 149.0
Trd, 000244.383, 139
Trd, 000244.883, 146
Trd, 000244.983, 147.0
Trd, 000245.150, 150.0
Trd, 000245.400, 150
Trd, 000245.450, 148.0
Trd, 000245.500, 147
Trd, 000246.450, 157
Trd, 000247.283, 150
Trd, 000247.650, 150
Trd, 000249.967, 140
Trd, 000250.067, 137
Trd, 000250.800, 138
Trd, 000250.967, 141.0
Trd, 000251.500, 142
Trd, 000251.733, 144.0
Trd, 000252.000, 148
Trd, 000252.550, 150.0
Trd, 000252.800, 148
Trd, 000253.000, 148.0
Trd, 000253.717, 151.0
Trd, 000254.333, 153
Trd, 000254.750, 155
Trd, 000255.050, 154
Trd, 000255.117, 155.0
Trd, 000255.717, 151
Trd, 000255.800, 156.0
Trd, 000256.050, 156
Trd, 000256.400, 154
Trd, 000257.050, 155
Trd, 000257.333, 154
Trd, 000257.417, 157
Trd, 000257.650, 151
Trd, 000257.733, 155
Trd, 000258.083, 123.0
Trd, 000258.150, 156
Trd, 000258.433, 121.0
Trd, 000259.333, 133
Trd, 000260.117, 143
Trd, 000261.367, 142
Trd, 000261.500, 139
Trd, 000262.800, 146
Trd, 000262.967, 146
Trd, 000263.117, 147
Trd, 000263.450, 146
Trd, 000263.883, 147.0
Trd, 000263.900, 148
Trd, 000264.433, 146
Trd, 000264.650, 148
Trd, 000265.933, 146
Trd, 000266.200, 150.0
Trd, 000266.767, 148
Trd, 000267.133, 147
Trd, 000267.300, 147
Trd, 000268.033, 145
Trd, 000268.850, 150
Trd, 000269.100, 150
Trd, 000269.150, 149
Trd, 000270.433, 149
Trd, 000270.483, 147
Trd, 000270.750, 150
Trd, 000270.900, 158
Trd, 000271.483, 157
Trd, 000271.833, 161
Trd, 000271.950, 156
Trd, 000271.983, 162.0
Trd, 000272.683, 156
Trd, 000272.933, 154
Trd, 000273.850, 151
Trd, 000274.400, 151
Trd, 000275.050, 151
Trd, 000275.200, 151
Trd, 000275.233, 150
Trd, 000275.350, 151
Trd, 000275.517, 151
Trd, 000275.617, 150
Trd, 000276.317, 148
Trd, 000276.517, 144.0
Trd, 000276.567, 141
Trd, 000276.917, 135
Trd, 000277.167, 140.0
Trd, 000277.300, 134
Trd, 000277.600, 133
Trd, 000278.000, 132
Trd, 000278.317, 140.0
Trd, 000278.717, 137
Trd, 000280.267, 140
Trd, 000280.283, 141.0
Trd, 000281.267, 144.0
Trd, 000281.433, 148
Trd, 000282.017, 157
Trd, 000282.250, 150
Trd, 000282.433, 151.0
Trd, 000282.633, 150
Trd, 000282.817, 158
Trd, 000283.150, 152
Trd, 000283.567, 152
Trd, 000284.117, 152
Trd, 000284.133, 151
Trd, 000284.433, 144.0
Trd, 000284.900, 154
Trd, 000285.933, 160
Trd, 000286.300, 149
Trd, 000286.400, 147
Trd, 000286.800, 151
Trd, 000286.833, 149
Trd, 000286.867, 162.0
Trd, 000287.200, 147
Trd, 000288.417, 135
Trd, 000288.817, 145
Trd, 000289.050, 145
Trd, 000289.517, 157
Trd, 000289.850, 162.0
Trd, 000289.883, 165
Trd, 000289.983, 157
Trd, 000290.433, 144
Trd, 000290.650, 158
Trd, 000291.150, 143
Trd, 000291.533, 147
Trd, 000292.083, 150
Trd, 000292.300, 143
Trd, 000292.367, 143
Trd, 000293.333, 145
Trd, 000293.700, 156
Trd, 000293.800, 144
Trd, 000294.000, 156
Trd, 000294.983, 138
Trd, 000295.417, 138
Trd, 000295.850, 144.0
Trd, 000296.000, 138
Trd, 000296.083, 150
Trd, 000296.450, 150.0
Trd, 000296.583, 137
Trd, 000296.917, 133
Trd, 000298.233, 149
Trd, 000298.700, 144.0
Trd, 000299.467, 145.0
Trd, 000299.483, 151.0
Trd, 000299.817, 165
