Trd, 000000.617, 158.0
Trd, 000000.800, 180
Trd, 000003.100, 137.0
Trd, 000003.317, 138.0
Trd, 000003.383, 134.0
Trd, 000003.567, 141.0
Trd, 000004.667, 139
Trd, 000005.150, 139
Trd, 000005.483, 147.0
Trd, 000006.683, 137.0
Trd, 000007.583, 142.0
Trd, 000007.883, 142.0
Trd, 000010.433, 137
Trd, 000010.517, 138.0
Trd, 000010.583, 141.0
Trd, 000010.617, 148.0
Trd, 000011.733, 143
Trd, 000011.983, 158.0
Trd, 000013.083, 158.0
Trd, 000013.817, 161.0
Trd, 000013.867, 152
Trd, 000014.317, 151
Trd, 000015.033, 152
Trd, 000016.633, 150
Trd, 000016.733, 152.0
Trd, 000017.167, 150
Trd, 000018.017, 151.0
Trd, 000018.367, 151.0
Trd, 000018.633, 154
Trd, 000019.783, 152
Trd, 000020.050, 151
Trd, 000020.217, 152
Trd, 000020.583, 151
Trd, 000022.433, 148
Trd, 000022.833, 151.0
Trd, 000024.000, 149
Trd, 000024.733, 140
Trd, 000025.033, 141.0
Trd, 000025.067, 138
Trd, 000025.083, 142
Trd, 000025.750, 138
Trd, 000026.283, 138
Trd, 000026.883, 137
Trd, 000027.750, 138
Trd, 000028.033, 138
Trd, 000029.200, 140.0
Trd, 000029.500, 141.0
Trd, 000029.683, 148.0
Trd, 000030.633, 148.0
Trd, 000031.117, 139
Trd, 000031.300, 147.0
Trd, 000031.750, 146.0
Trd, 000032.183, 144
Trd, 000033.117, 144.0
Trd, 000034.617, 147.0
Trd, 000035.033, 144
Trd, 000035.967, 145
Trd, 000036.067, 143
Trd, 000038.167, 148.0
Trd, 000038.433, 151.0
Trd, 000038.583, 143
Trd, 000038.750, 143
Trd, 000038.883, 158.0
Trd, 000039.067, 168.0
Trd, 000039.567, 142
Trd, 000039.867, 144
Trd, 000040.917, 143
Trd, 000041.300, 143
Trd, 000041.500, 146
Trd, 000042.867, 138.0
Trd, 000043.217, 139.0
Trd, 000043.400, 141.0
Trd, 000043.550, 151.0
Trd, 000044.967, 141
Trd, 000045.583, 142
Trd, 000046.900, 145.0
Trd, 000046.950, 143
Trd, 000047.050, 146.0
Trd, 000047.717, 144
Trd, 000048.383, 137.0
Trd, 000048.533, 145
Trd, 000048.767, 146
Trd, 000049.433, 147.0
Trd, 000051.333, 146.0
Trd, 000052.550, 144
Trd, 000053.100, 143.0
Trd, 000053.283, 142
Trd, 000053.633, 141
Trd, 000055.083, 142.0
Trd, 000055.317, 142
Trd, 000055.400, 145.0
Trd, 000055.967, 144
Trd, 000057.100, 142
Trd, 000057.800, 141
Trd, 000058.183, 144
Trd, 000059.117, 147.0
Trd, 000059.467, 148.0
Trd, 000060.200, 141.0
Trd, 000060.583, 150.0
Trd, 000060.867, 140
Trd, 000062.317, 153.0
Trd, 000063.433, 143
Trd, 000064.317, 150
Trd, 000065.033, 150
Trd, 000065.783, 148
Trd, 000066.367, 148.0
Trd, 000066.700, 147
Trd, 000067.517, 147
Trd, 000067.617, 156.0
Trd, 000067.783, 146
Trd, 000068.017, 153.0
Trd, 000068.850, 150
Trd, 000068.900, 153.0
Trd, 000069.967, 150
Trd, 000071.050, 151
Trd, 000071.200, 150
Trd, 000072.183, 150
Trd, 000072.833, 149
Trd, 000073.733, 158.0
Trd, 000073.917, 167.0
Trd, 000074.017, 148
Trd, 000074.983, 149
Trd, 000076.383, 149
Trd, 000076.450, 150
Trd, 000076.517, 148
Trd, 000077.283, 148
Trd, 000077.600, 151
Trd, 000078.617, 163
Trd, 000078.783, 167.0
Trd, 000079.083, 148
Trd, 000079.517, 152
Trd, 000080.450, 153
Trd, 000080.933, 154.0
Trd, 000081.567, 152
Trd, 000082.833, 149
Trd, 000083.400, 140.0
Trd, 000083.933, 140.0
Trd, 000084.217, 141.0
Trd, 000085.317, 150.0
Trd, 000085.617, 151
Trd, 000086.083, 158.0
Trd, 000087.350, 156
Trd, 000087.417, 157
Trd, 000088.550, 150
Trd, 000089.067, 150
Trd, 000089.550, 149
Trd, 000089.917, 149
Trd, 000090.650, 147
Trd, 000091.600, 146
Trd, 000092.050, 147.0
Trd, 000094.067, 146
Trd, 000094.400, 146
Trd, 000094.967, 146
Trd, 000095.117, 147
Trd, 000095.383, 145
Trd, 000095.583, 144
Trd, 000096.500, 147.0
Trd, 000096.833, 144
Trd, 000097.400, 143
Trd, 000097.667, 146
Trd, 000099.050, 137.0
Trd, 000099.150, 144.0
Trd, 000099.517, 143.0
Trd, 000099.533, 127.0
Trd, 000101.967, 140.0
Trd, 000102.533, 141.0
Trd, 000103.800, 140.0
Trd, 000104.183, 142.0
Trd, 000105.217, 147.0
Trd, 000105.367, 148.0
Trd, 000105.850, 143
Trd, 000107.300, 148
Trd, 000107.583, 148.0
Trd, 000108.667, 147
Trd, 000108.833, 148.0
Trd, 000108.850, 151.0
Trd, 000109.017, 158.0
Trd, 000109.117, 144
Trd, 000111.050, 155
Trd, 000111.383, 148
Trd, 000112.050, 155
Trd, 000112.250, 147
Trd, 000112.667, 158.0
Trd, 000112.933, 146
Trd, 000115.417, 146
Trd, 000115.483, 147.0
Trd, 000115.950, 146
Trd, 000116.100, 147.0
Trd, 000116.433, 146
Trd, 000117.933, 146
Trd, 000118.067, 148
Trd, 000119.233, 145.0
Trd, 000119.317, 144
Trd, 000119.417, 145
Trd, 000120.117, 141
Trd, 000120.417, 146.0
Trd, 000123.017, 144
Trd, 000123.617, 145
Trd, 000124.117, 148
Trd, 000124.383, 148.0
Trd, 000125.400, 150.0
Trd, 000125.517, 151.0
Trd, 000125.933, 149
Trd, 000126.350, 150
Trd, 000126.967, 150
Trd, 000127.350, 149
Trd, 000128.067, 149
Trd, 000128.133, 150
Trd, 000128.383, 149
Trd, 000129.300, 150.0
Trd, 000131.483, 152
Trd, 000131.600, 153.0
Trd, 000132.033, 148
Trd, 000133.600, 150.0
Trd, 000134.383, 150.0
Trd, 000134.583, 149
Trd, 000135.383, 150
Trd, 000135.750, 151.0
Trd, 000136.267, 149
Trd, 000136.717, 149.0
Trd, 000137.617, 147
Trd, 000138.900, 146
Trd, 000139.950, 145
Trd, 000139.967, 144
Trd, 000140.533, 137.0
Trd, 000140.767, 139.0
Trd, 000140.950, 141.0
Trd, 000141.150, 140
Trd, 000141.583, 148.0
Trd, 000143.083, 144
Trd, 000143.667, 150.0
Trd, 000144.550, 145
Trd, 000144.700, 151.0
Trd, 000145.917, 144
Trd, 000146.167, 146.0
Trd, 000146.650, 144
Trd, 000146.800, 148.0
Trd, 000146.933, 144
Trd, 000147.967, 143
Trd, 000148.250, 154.0
Trd, 000149.267, 148.0
Trd, 000150.917, 145
Trd, 000151.133, 144
Trd, 000151.150, 151.0
Trd, 000151.483, 143
Trd, 000151.683, 143
Trd, 000152.850, 143
Trd, 000152.933, 146
Trd, 000153.367, 157.0
Trd, 000154.117, 148.0
Trd, 000154.133, 142
Trd, 000154.367, 141
Trd, 000155.067, 137.0
Trd, 000155.833, 153.0
Trd, 000157.350, 146.0
Trd, 000157.467, 147.0
Trd, 000157.633, 143
Trd, 000161.383, 144
Trd, 000162.017, 144
Trd, 000162.283, 143
Trd, 000162.383, 144
Trd, 000162.983, 156.0
Trd, 000165.083, 144
Trd, 000165.433, 145
Trd, 000165.817, 145.0
Trd, 000167.450, 144
Trd, 000168.450, 144
Trd, 000168.917, 145
Trd, 000169.117, 142
Trd, 000170.200, 142
Trd, 000170.867, 141
Trd, 000171.733, 142
Trd, 000171.950, 141.0
Trd, 000172.383, 143
Trd, 000173.150, 142
Trd, 000173.950, 142
Trd, 000174.750, 139
Trd, 000174.883, 143
Trd, 000175.183, 147.0
Trd, 000176.000, 141.0
Trd, 000176.783, 145
Trd, 000177.683, 142
Trd, 000179.133, 142
Trd, 000179.950, 144.0
Trd, 000180.333, 145.0
Trd, 000180.650, 141
Trd, 000181.500, 145
Trd, 000182.017, 142
Trd, 000183.183, 141
Trd, 000183.933, 139
Trd, 000184.667, 140
Trd, 000184.983, 141.0
Trd, 000185.650, 137.0
Trd, 000186.900, 137
Trd, 000187.117, 137.0
Trd, 000187.450, 140
Trd, 000187.767, 144
Trd, 000188.483, 148.0
Trd, 000188.600, 151.0
Trd, 000188.817, 144
Trd, 000191.317, 152
Trd, 000192.100, 148
Trd, 000192.733, 146.0
Trd, 000192.800, 147.0
Trd, 000193.533, 146
Trd, 000194.567, 144
Trd, 000195.133, 148.0
Trd, 000195.533, 147.0
Trd, 000196.567, 145.0
Trd, 000196.717, 144
Trd, 000196.950, 144.0
Trd, 000197.017, 141
Trd, 000197.967, 144.0
Trd, 000199.117, 140
Trd, 000199.333, 137
Trd, 000199.883, 141.0
Trd, 000200.167, 139
Trd, 000200.650, 147.0
Trd, 000201.350, 137.0
Trd, 000202.333, 147.0
Trd, 000202.983, 139
Trd, 000204.150, 142
Trd, 000205.283, 140
Trd, 000205.983, 139
Trd, 000206.433, 140
Trd, 000207.117, 141
Trd, 000208.183, 139
Trd, 000208.283, 141.0
Trd, 000210.500, 140.0
Trd, 000210.567, 141.0
Trd, 000210.600, 142
Trd, 000211.450, 139
Trd, 000211.750, 139
Trd, 000212.150, 139
Trd, 000212.300, 140.0
Trd, 000213.683, 140.0
Trd, 000214.083, 141.0
Trd, 000214.233, 141
Trd, 000217.083, 146.0
Trd, 000217.183, 143
Trd, 000217.733, 142
Trd, 000218.550, 142
Trd, 000219.667, 141.0
Trd, 000220.033, 140
Trd, 000220.867, 148.0
Trd, 000221.600, 156
Trd, 000221.667, 141.0
Trd, 000221.800, 158.0
Trd, 000222.567, 154
Trd, 000223.050, 155
Trd, 000223.350, 153
Trd, 000223.433, 150
Trd, 000224.033, 168.0
Trd, 000225.467, 151
Trd, 000226.233, 152
Trd, 000227.250, 149
Trd, 000227.567, 150
Trd, 000228.650, 150
Trd, 000229.100, 151.0
Trd, 000229.700, 141.0
Trd, 000230.717, 143.0
Trd, 000231.133, 142
Trd, 000231.250, 137.0
Trd, 000231.650, 142
Trd, 000232.050, 142
Trd, 000232.533, 141
Trd, 000232.933, 139
Trd, 000234.567, 137.0
Trd, 000235.067, 138
Trd, 000235.683, 151.0
Trd, 000235.717, 168.0
Trd, 000237.017, 147.0
Trd, 000237.200, 147.0
Trd, 000237.900, 145
Trd, 000238.000, 148.0
Trd, 000239.000, 156
Trd, 000240.133, 147
Trd, 000240.200, 146
Trd, 000240.400, 148
Trd, 000241.300, 145
Trd, 000241.417, 146
Trd, 000241.917, 155.0
Trd, 000242.433, 147
Trd, 000242.683, 147
Trd, 000242.783, 148.0
Trd, 000243.967, 156.0
Trd, 000244.517, 150
Trd, 000244.667, 148
Trd, 000245.050, 148
Trd, 000245.117, 159.0
Trd, 000245.267, 166
Trd, 000245.900, 155.0
Trd, 000246.433, 153.0
Trd, 000246.833, 148.0
Trd, 000247.767, 150
Trd, 000249.350, 152.0
Trd, 000249.400, 154.0
Trd, 000249.750, 156.0
Trd, 000249.950, 154
Trd, 000249.967, 158.0
Trd, 000250.217, 164
Trd, 000250.500, 160
Trd, 000251.417, 161.0
Trd, 000251.600, 161.0
Trd, 000252.050, 164
Trd, 000252.300, 161
Trd, 000252.717, 158.0
Trd, 000252.883, 159
Trd, 000252.950, 159
Trd, 000253.117, 160
Trd, 000253.433, 154
Trd, 000254.117, 152
Trd, 000254.300, 151
Trd, 000254.383, 155
Trd, 000254.667, 158.0
Trd, 000254.933, 159
Trd, 000255.983, 153
Trd, 000256.417, 150
Trd, 000256.800, 144
Trd, 000257.283, 146.0
Trd, 000257.383, 147.0
Trd, 000257.517, 143
Trd, 000257.750, 151.0
Trd, 000258.083, 147.0
Trd, 000258.383, 143.0
Trd, 000259.150, 144.0
Trd, 000259.583, 143
Trd, 000259.933, 142
Trd, 000260.483, 142
Trd, 000260.733, 142
Trd, 000261.067, 141
Trd, 000261.300, 143
Trd, 000261.750, 144
Trd, 000262.200, 137.0
Trd, 000264.417, 141.0
Trd, 000264.667, 142.0
Trd, 000264.833, 140
Trd, 000265.067, 138.0
Trd, 000265.383, 141.0
Trd, 000266.283, 139
Trd, 000266.467, 142.0
Trd, 000267.117, 144.0
Trd, 000267.217, 148.0
Trd, 000267.717, 144
Trd, 000267.983, 150.0
Trd, 000268.333, 150.0
Trd, 000268.867, 150.0
Trd, 000269.117, 146.0
Trd, 000269.733, 148.0
Trd, 000270.417, 151.0
Trd, 000270.733, 151.0
Trd, 000271.133, 152
Trd, 000271.500, 153.0
Trd, 000271.900, 163.0
Trd, 000272.633, 154
Trd, 000272.800, 154
Trd, 000272.817, 152
Trd, 000272.833, 155
Trd, 000274.567, 152.0
Trd, 000274.700, 150
Trd, 000274.717, 150
Trd, 000275.533, 148
Trd, 000275.783, 157.0
Trd, 000275.800, 158.0
Trd, 000276.133, 148
Trd, 000277.117, 153
Trd, 000277.467, 152
Trd, 000277.700, 166.0
Trd, 000277.750, 167.0
Trd, 000277.817, 161
Trd, 000277.850, 147
Trd, 000278.300, 167.0
Trd, 000278.833, 158.0
Trd, 000279.950, 160
Trd, 000280.100, 152
Trd, 000280.267, 147
Trd, 000280.883, 159.0
Trd, 000281.183, 156
Trd, 000281.467, 159.0
Trd, 000282.133, 168.0
Trd, 000282.767, 165.0
Trd, 000283.200, 169
Trd, 000283.217, 160
Trd, 000284.533, 155.0
Trd, 000284.733, 157.0
Trd, 000285.217, 137.0
Trd, 000285.583, 138.0
Trd, 000285.850, 146
Trd, 000285.983, 137
Trd, 000286.533, 141.0
Trd, 000286.783, 148.0
Trd, 000287.217, 149.0
Trd, 000288.217, 143
Trd, 000288.550, 142
Trd, 000288.650, 141
Trd, 000289.117, 135.0
Trd, 000289.267, 147.0
Trd, 000289.717, 147.0
Trd, 000290.633, 147.0
Trd, 000290.667, 148.0
Trd, 000291.783, 147
Trd, 000292.167, 146
Trd, 000292.533, 139
Trd, 000292.667, 139
Trd, 000292.867, 138
Trd, 000293.017, 138
Trd, 000293.250, 137
Trd, 000293.783, 138
Trd, 000294.217, 144.0
Trd, 000294.650, 147.0
Trd, 000294.817, 146
Trd, 000295.733, 147.0
Trd, 000295.817, 148.0
Trd, 000295.917, 151.0
Trd, 000296.783, 140
Trd, 000296.967, 143.0
Trd, 000297.167, 141.0
Trd, 000297.267, 139
Trd, 000298.950, 142
Trd, 000299.250, 140
Trd, 000299.350, 143
Trd, 000299.533, 140
