Trd, 000002.717, 120.0
Trd, 000002.933, 124.0
Trd, 000002.967, 118
Trd, 000003.167, 135.0
Trd, 000003.267, 136.0
Trd, 000005.283, 134
Trd, 000005.683, 148
Trd, 000006.017, 150.0
Trd, 000006.067, 151.0
Trd, 000006.217, 138
Trd, 000006.250, 158.0
Trd, 000006.483, 149
Trd, 000007.300, 148
Trd, 000007.617, 149
Trd, 000007.917, 150
Trd, 000008.900, 151
Trd, 000010.417, 149
Trd, 000010.483, 177.0
Trd, 000011.033, 150.0
Trd, 000011.483, 148.0
Trd, 000012.167, 156
Trd, 000013.833, 150
Trd, 000014.283, 150
Trd, 000014.767, 149
Trd, 000015.550, 145
Trd, 000015.567, 146
Trd, 000016.083, 158.0
Trd, 000016.417, 159.0
Trd, 000017.150, 162
Trd, 000017.583, 163
Trd, 000017.867, 158.0
Trd, 000018.967, 148
Trd, 000019.367, 147
Trd, 000019.950, 143
Trd, 000020.250, 147
Trd, 000020.650, 148
Trd, 000020.833, 148
Trd, 000021.867, 147
Trd, 000022.000, 151.0
Trd, 000022.133, 158.0
Trd, 000022.317, 146
Trd, 000024.167, 161
Trd, 000024.250, 160
Trd, 000024.517, 158
Trd, 000025.100, 158
Trd, 000025.183, 156
Trd, 000026.083, 154
Trd, 000026.117, 155
Trd, 000026.367, 156
Trd, 000026.417, 152
Trd, 000026.567, 158.0
Trd, 000028.017, 152
Trd, 000029.333, 156
Trd, 000029.567, 143
Trd, 000029.833, 135
Trd, 000030.233, 143
Trd, 000030.417, 144
Trd, 000030.617, 147
Trd, 000030.967, 145
Trd, 000032.067, 141
Trd, 000032.967, 140
Trd, 000033.517, 139
Trd, 000033.750, 139
Trd, 000034.100, 140
Trd, 000034.783, 141
Trd, 000035.167, 140
Trd, 000035.267, 139
Trd, 000035.433, 143
Trd, 000035.750, 144
Trd, 000036.433, 144
Trd, 000037.500, 142
Trd, 000037.733, 143
Trd, 000037.750, 143
Trd, 000037.883, 137
Trd, 000038.000, 144
Trd, 000038.900, 151.0
Trd, 000038.967, 136
Trd, 000039.450, 147
Trd, 000039.917, 137
Trd, 000040.000, 137
Trd, 000040.467, 153
Trd, 000040.567, 151
Trd, 000041.233, 156
Trd, 000042.467, 149
Trd, 000042.867, 149.0
Trd, 000043.383, 147
Trd, 000043.533, 148
Trd, 000043.550, 147
Trd, 000043.950, 149
Trd, 000044.367, 150.0
Trd, 000045.283, 148
Trd, 000045.717, 150
Trd, 000047.133, 145
Trd, 000047.233, 148.0
Trd, 000049.017, 149
Trd, 000049.350, 145
Trd, 000049.883, 143
Trd, 000050.267, 141
Trd, 000050.800, 137
Trd, 000050.850, 145
Trd, 000051.450, 148.0
Trd, 000052.017, 144
Trd, 000052.850, 148
Trd, 000052.933, 149.0
Trd, 000053.550, 146
Trd, 000054.233, 148
Trd, 000054.467, 151
Trd, 000054.633, 147
Trd, 000055.400, 154
Trd, 000055.850, 161
Trd, 000056.800, 156
Trd, 000057.133, 152
Trd, 000057.400, 143
Trd, 000057.567, 157
Trd, 000058.167, 139
Trd, 000058.800, 156.0
Trd, 000059.383, 158.0
Trd, 000059.800, 156
Trd, 000060.583, 157
Trd, 000060.883, 150.0
Trd, 000061.183, 151.0
Trd, 000061.967, 148.0
Trd, 000062.417, 150
Trd, 000062.433, 158.0
Trd, 000063.300, 176
Trd, 000063.933, 173.0
Trd, 000064.983, 172.0
Trd, 000065.983, 167
Trd, 000066.533, 167
Trd, 000066.967, 158.0
Trd, 000067.800, 162
Trd, 000067.933, 159
Trd, 000068.517, 159.0
Trd, 000068.817, 160
Trd, 000068.900, 160
Trd, 000069.500, 160
Trd, 000070.500, 159.0
Trd, 000070.650, 158.0
Trd, 000071.017, 157
Trd, 000071.483, 153
Trd, 000071.733, 155
Trd, 000072.467, 154
Trd, 000073.983, 144
Trd, 000074.067, 152
Trd, 000074.367, 153
Trd, 000074.417, 143
Trd, 000075.383, 151
Trd, 000075.533, 152
Trd, 000076.283, 139
Trd, 000076.850, 147
Trd, 000077.250, 147
Trd, 000077.717, 148
Trd, 000078.417, 146
Trd, 000078.850, 146
Trd, 000078.950, 148
Trd, 000079.400, 145
Trd, 000079.867, 147
Trd, 000080.067, 146
Trd, 000080.483, 147
Trd, 000080.833, 145
Trd, 000081.967, 146
Trd, 000082.183, 144
Trd, 000082.950, 146
Trd, 000083.867, 144
Trd, 000084.483, 143
Trd, 000085.017, 144
Trd, 000086.667, 143
Trd, 000087.150, 144
Trd, 000087.167, 143
Trd, 000087.217, 144
Trd, 000087.883, 145
Trd, 000089.533, 144
Trd, 000089.650, 144
Trd, 000089.883, 143
Trd, 000089.950, 145
Trd, 000090.400, 145
Trd, 000090.517, 144
Trd, 000090.733, 146
Trd, 000092.317, 145
Trd, 000092.517, 146
Trd, 000093.050, 144
Trd, 000093.567, 143
Trd, 000094.333, 146
Trd, 000094.733, 146
Trd, 000095.017, 147
Trd, 000095.117, 143
Trd, 000096.883, 142
Trd, 000096.917, 142
Trd, 000097.400, 144.0
Trd, 000098.000, 146.0
Trd, 000098.383, 146
Trd, 000098.517, 143
Trd, 000098.967, 151.0
Trd, 000099.567, 142
Trd, 000100.067, 146
Trd, 000100.717, 142
Trd, 000101.733, 143
Trd, 000102.217, 145
Trd, 000102.900, 143
Trd, 000103.067, 143
Trd, 000103.233, 144
Trd, 000103.533, 143
Trd, 000103.733, 144
Trd, 000104.667, 149.0
Trd, 000104.900, 150.0
Trd, 000105.500, 150
Trd, 000105.817, 150.0
Trd, 000106.433, 148
Trd, 000106.483, 148
Trd, 000107.000, 148
Trd, 000107.700, 147
Trd, 000108.100, 147
Trd, 000108.833, 146
Trd, 000109.450, 147
Trd, 000109.567, 151.0
Trd, 000109.700, 146
Trd, 000110.133, 150
Trd, 000110.883, 151
Trd, 000111.433, 155.0
Trd, 000112.100, 151.0
Trd, 000112.417, 154
Trd, 000113.017, 149
Trd, 000113.033, 151
Trd, 000113.100, 151
Trd, 000113.633, 150
Trd, 000114.017, 150
Trd, 000114.483, 151
Trd, 000114.883, 150
Trd, 000114.900, 149
Trd, 000115.317, 158.0
Trd, 000116.150, 148
Trd, 000116.733, 159
Trd, 000118.050, 157
Trd, 000118.867, 172.0
Trd, 000118.950, 160
Trd, 000119.000, 158.0
Trd, 000120.267, 161
Trd, 000120.783, 149.0
Trd, 000120.933, 159
Trd, 000122.400, 156
Trd, 000122.833, 153
Trd, 000123.267, 152
Trd, 000124.650, 152
Trd, 000124.817, 148.0
Trd, 000124.917, 152
Trd, 000125.233, 143
Trd, 000125.283, 153
Trd, 000125.933, 136
Trd, 000126.000, 137.0
Trd, 000126.767, 136
Trd, 000126.950, 151.0
Trd, 000127.417, 158.0
Trd, 000128.300, 150
Trd, 000128.417, 151
Trd, 000129.817, 151
Trd, 000129.833, 151
Trd, 000130.867, 149
Trd, 000131.017, 149
Trd, 000131.183, 148.0
Trd, 000131.717, 147
Trd, 000132.167, 143
Trd, 000132.617, 142
Trd, 000132.883, 145
Trd, 000133.417, 145
Trd, 000134.167, 144
Trd, 000134.983, 145
Trd, 000135.400, 145
Trd, 000135.833, 144
Trd, 000136.883, 145
Trd, 000137.167, 142
Trd, 000137.433, 144
Trd, 000137.933, 142
Trd, 000137.983, 145
Trd, 000138.400, 144
Trd, 000139.450, 142
Trd, 000140.267, 142
Trd, 000140.533, 141
Trd, 000140.750, 144
Trd, 000141.217, 151.0
Trd, 000141.700, 148
Trd, 000141.850, 139
Trd, 000142.133, 156.0
Trd, 000142.750, 152
Trd, 000143.600, 146
Trd, 000144.817, 150
Trd, 000144.850, 151
Trd, 000145.400, 150
Trd, 000145.617, 150.0
Trd, 000145.683, 151.0
Trd, 000145.817, 158.0
Trd, 000147.100, 154
Trd, 000147.800, 160
Trd, 000148.417, 159
Trd, 000148.800, 161
Trd, 000150.367, 175
Trd, 000150.817, 172.0
Trd, 000150.833, 174.0
Trd, 000151.283, 171
Trd, 000151.583, 168
Trd, 000151.750, 173.0
Trd, 000152.033, 167
Trd, 000152.683, 172
Trd, 000153.250, 171
Trd, 000155.083, 168
Trd, 000155.233, 167
Trd, 000155.700, 168
Trd, 000156.050, 165.0
Trd, 000157.183, 159
Trd, 000157.267, 159
Trd, 000158.183, 158.0
Trd, 000158.517, 158
Trd, 000158.567, 159
Trd, 000159.933, 159
Trd, 000160.150, 158.0
Trd, 000160.567, 157
Trd, 000160.950, 144
Trd, 000161.600, 143
Trd, 000162.017, 152
Trd, 000162.633, 149
Trd, 000163.033, 148
Trd, 000163.683, 146
Trd, 000164.083, 144
Trd, 000164.300, 144
Trd, 000164.617, 144
Trd, 000164.683, 143
Trd, 000165.350, 145
Trd, 000166.417, 144
Trd, 000166.567, 137.0
Trd, 000166.817, 139
Trd, 000167.217, 142
Trd, 000167.317, 150.0
Trd, 000167.750, 151.0
Trd, 000169.250, 149
Trd, 000169.267, 147
Trd, 000169.533, 150
Trd, 000170.517, 148
Trd, 000171.283, 144
Trd, 000171.817, 147
Trd, 000172.033, 146
Trd, 000172.617, 151.0
Trd, 000172.700, 146
Trd, 000172.750, 143
Trd, 000172.983, 157.0
Trd, 000175.417, 145
Trd, 000175.633, 145
Trd, 000176.200, 145
Trd, 000176.417, 146
Trd, 000176.500, 144
Trd, 000176.650, 157.0
Trd, 000177.183, 144
Trd, 000177.500, 150
Trd, 000178.317, 144
Trd, 000178.550, 144
Trd, 000178.650, 149
Trd, 000180.017, 148
Trd, 000180.117, 146
Trd, 000180.750, 148
Trd, 000182.317, 148
Trd, 000182.533, 146
Trd, 000183.283, 145
Trd, 000183.733, 149
Trd, 000184.067, 151
Trd, 000184.750, 143
Trd, 000185.067, 143
Trd, 000185.367, 142
Trd, 000185.617, 146
Trd, 000185.933, 148
Trd, 000186.417, 141
Trd, 000186.433, 138
Trd, 000187.067, 137
Trd, 000188.083, 166
Trd, 000188.267, 148.0
Trd, 000188.533, 136
Trd, 000188.750, 165.0
Trd, 000191.017, 145
Trd, 000191.083, 145
Trd, 000191.117, 145
Trd, 000191.150, 146
Trd, 000191.500, 147
Trd, 000191.933, 151.0
Trd, 000192.233, 155
Trd, 000193.683, 150
Trd, 000194.083, 152
Trd, 000194.750, 152
Trd, 000195.717, 153
Trd, 000196.200, 151
Trd, 000196.433, 150
Trd, 000197.050, 152
Trd, 000197.167, 150
Trd, 000198.117, 150
Trd, 000198.367, 149
Trd, 000198.750, 151.0
Trd, 000199.067, 151
Trd, 000200.283, 150
Trd, 000200.600, 150
Trd, 000200.783, 150
Trd, 000201.300, 148
Trd, 000201.700, 147
Trd, 000202.950, 150
Trd, 000203.700, 148.0
Trd, 000204.117, 147
Trd, 000204.983, 149
Trd, 000205.850, 147
Trd, 000206.100, 146
Trd, 000206.333, 148
Trd, 000207.017, 151.0
Trd, 000207.033, 146
Trd, 000208.283, 147
Trd, 000208.400, 147
Trd, 000208.733, 148
Trd, 000208.783, 158.0
Trd, 000209.083, 151
Trd, 000209.267, 152
Trd, 000211.067, 160
Trd, 000211.133, 159
Trd, 000211.350, 158
Trd, 000211.850, 158
Trd, 000212.783, 155
Trd, 000212.800, 156
Trd, 000213.317, 150
Trd, 000214.167, 155
Trd, 000214.667, 150
Trd, 000215.117, 150.0
Trd, 000215.450, 149.0
Trd, 000215.767, 149
Trd, 000216.767, 150
Trd, 000217.117, 148.0
Trd, 000217.633, 150
Trd, 000217.733, 148
Trd, 000218.617, 143
Trd, 000218.650, 136
Trd, 000219.150, 149.0
Trd, 000219.767, 150.0
Trd, 000222.083, 148
Trd, 000222.183, 148
Trd, 000222.467, 148
Trd, 000223.000, 148
Trd, 000223.167, 149
Trd, 000223.250, 146
Trd, 000223.683, 146
Trd, 000224.433, 149
Trd, 000225.350, 149
Trd, 000226.583, 148
Trd, 000226.700, 149
Trd, 000227.267, 151.0
Trd, 000228.050, 152
Trd, 000228.267, 152
Trd, 000228.617, 150
Trd, 000229.350, 156.0
Trd, 000229.367, 149
Trd, 000230.233, 155
Trd, 000230.817, 154
Trd, 000231.500, 148.0
Trd, 000231.783, 144
Trd, 000232.917, 150.0
Trd, 000233.217, 150
Trd, 000233.433, 144
Trd, 000233.483, 143
Trd, 000233.517, 148
Trd, 000233.817, 150.0
Trd, 000234.917, 143
Trd, 000235.433, 144
Trd, 000235.583, 142
Trd, 000236.417, 142
Trd, 000237.250, 143
Trd, 000237.650, 142
Trd, 000238.083, 145
Trd, 000238.283, 134
Trd, 000239.533, 139
Trd, 000240.117, 138
Trd, 000240.250, 139
Trd, 000240.600, 138
Trd, 000240.933, 138
Trd, 000240.983, 139
Trd, 000241.100, 140
Trd, 000241.683, 139
Trd, 000241.800, 141
Trd, 000242.450, 151.0
Trd, 000242.617, 148
Trd, 000242.950, 147
Trd, 000243.417, 144
Trd, 000243.917, 145
Trd, 000244.000, 148
Trd, 000244.400, 144
Trd, 000244.800, 144
Trd, 000244.867, 143
Trd, 000245.167, 145
Trd, 000245.200, 145
Trd, 000245.467, 146
Trd, 000245.950, 146
Trd, 000247.367, 147.0
Trd, 000247.483, 151.0
Trd, 000247.533, 145.0
Trd, 000249.133, 149
Trd, 000249.333, 149.0
Trd, 000250.483, 151.0
Trd, 000250.750, 149
Trd, 000251.150, 149
Trd, 000251.233, 148
Trd, 000251.350, 150.0
Trd, 000251.400, 150
Trd, 000251.967, 148
Trd, 000251.983, 151
Trd, 000252.333, 150
Trd, 000253.050, 148
Trd, 000253.067, 149.0
Trd, 000253.417, 155.0
Trd, 000254.217, 172.0
Trd, 000254.350, 163
Trd, 000254.983, 160.0
Trd, 000255.550, 158
Trd, 000255.850, 150
Trd, 000256.233, 149
Trd, 000256.367, 148.0
Trd, 000256.783, 144
Trd, 000256.983, 143
Trd, 000257.567, 141
Trd, 000257.650, 136
Trd, 000258.067, 138
Trd, 000258.400, 138
Trd, 000258.983, 143.0
Trd, 000259.033, 144
Trd, 000259.150, 141.0
Trd, 000260.033, 143
Trd, 000260.217, 144
Trd, 000260.350, 151.0
Trd, 000261.317, 145
Trd, 000261.450, 146
Trd, 000261.750, 147
Trd, 000261.933, 143
Trd, 000262.100, 142
Trd, 000262.750, 148
Trd, 000263.367, 142
Trd, 000263.750, 152.0
Trd, 000264.100, 172.0
Trd, 000264.683, 163
Trd, 000264.917, 162.0
Trd, 000265.750, 148
Trd, 000265.783, 154.0
Trd, 000266.733, 148
Trd, 000267.600, 148
Trd, 000268.033, 148
Trd, 000269.033, 148
Trd, 000269.583, 149
Trd, 000269.733, 149
Trd, 000270.000, 145
Trd, 000270.233, 148
Trd, 000270.867, 147
Trd, 000270.917, 148
Trd, 000271.067, 144
Trd, 000271.717, 141.0
Trd, 000271.950, 146
Trd, 000272.283, 147
Trd, 000272.917, 148
Trd, 000273.183, 151.0
Trd, 000273.417, 155.0
Trd, 000273.567, 142
Trd, 000274.050, 141
Trd, 000274.267, 141
Trd, 000274.717, 135
Trd, 000275.000, 139
Trd, 000275.383, 133
Trd, 000275.717, 139
Trd, 000276.000, 139
Trd, 000276.150, 144
Trd, 000276.433, 155.0
Trd, 000276.700, 151.0
Trd, 000276.933, 148.0
Trd, 000277.667, 152
Trd, 000277.850, 148.0
Trd, 000277.933, 147
Trd, 000278.683, 150
Trd, 000279.100, 151
Trd, 000279.583, 155.0
Trd, 000280.233, 158.0
Trd, 000280.517, 156
Trd, 000281.300, 156
Trd, 000281.667, 154
Trd, 000281.800, 151
Trd, 000282.633, 155
Trd, 000282.750, 153
Trd, 000282.800, 148.0
Trd, 000283.233, 146
Trd, 000283.250, 152
Trd, 000283.750, 149
Trd, 000284.267, 152
Trd, 000284.683, 145
Trd, 000285.400, 151
Trd, 000285.533, 150
Trd, 000285.550, 145
Trd, 000285.650, 143.0
Trd, 000285.750, 151
Trd, 000285.850, 152
Trd, 000286.533, 144.0
Trd, 000286.817, 155.0
Trd, 000287.083, 142
Trd, 000287.333, 146
Trd, 000287.617, 151
Trd, 000287.900, 151.0
Trd, 000287.967, 141.0
Trd, 000288.867, 150
Trd, 000289.200, 146
Trd, 000289.267, 145
Trd, 000289.883, 148
Trd, 000290.183, 148
Trd, 000290.667, 143
Trd, 000290.817, 148
Trd, 000291.367, 154.0
Trd, 000292.600, 154.0
Trd, 000292.683, 147
Trd, 000293.817, 151.0
Trd, 000293.900, 147
Trd, 000294.383, 148
Trd, 000294.500, 147
Trd, 000294.633, 146
Trd, 000294.667, 141.0
Trd, 000294.700, 149
Trd, 000295.267, 148
Trd, 000295.550, 147
Trd, 000295.783, 142
Trd, 000296.233, 146
Trd, 000296.700, 151.0
Trd, 000297.767, 151
Trd, 000298.017, 151
Trd, 000298.267, 135
Trd, 000298.567, 134
Trd, 000298.883, 136
Trd, 000299.367, 127.0
