Trd, 000001.000, 179.0
Trd, 000001.767, 133
Trd, 000002.950, 128.0
Trd, 000003.617, 131.0
Trd, 000003.750, 140.0
Trd, 000004.650, 141.0
Trd, 000004.850, 130.0
Trd, 000004.883, 129.0
Trd, 000005.767, 158.0
Trd, 000006.817, 161
Trd, 000006.917, 160
Trd, 000008.250, 160
Trd, 000008.450, 172.0
Trd, 000008.567, 155
Trd, 000009.833, 158
Trd, 000010.550, 158
Trd, 000012.067, 158
Trd, 000012.367, 157
Trd, 000012.517, 157
Trd, 000014.400, 155
Trd, 000014.867, 155
Trd, 000015.217, 155
Trd, 000015.233, 156
Trd, 000015.500, 154.0
Trd, 000015.683, 155
Trd, 000017.083, 155
Trd, 000017.483, 156
Trd, 000018.000, 153
Trd, 000018.483, 152
Trd, 000019.367, 144.0
Trd, 000020.017, 150
Trd, 000020.533, 149
Trd, 000020.600, 151
Trd, 000020.883, 150
Trd, 000021.667, 152
Trd, 000022.000, 157.0
Trd, 000022.067, 152
Trd, 000022.200, 157.0
Trd, 000022.867, 152
Trd, 000023.350, 156.0
Trd, 000023.817, 151.0
Trd, 000025.283, 150
Trd, 000025.567, 150
Trd, 000026.000, 150
Trd, 000026.300, 150
Trd, 000026.883, 150
Trd, 000027.900, 150
Trd, 000029.483, 149
Trd, 000029.583, 148
Trd, 000030.583, 149
Trd, 000030.700, 150
Trd, 000031.033, 147
Trd, 000032.583, 150
Trd, 000032.933, 147
Trd, 000033.033, 146
Trd, 000033.083, 150
Trd, 000033.733, 150
Trd, 000034.200, 150
Trd, 000035.283, 149.0
Trd, 000035.317, 148
Trd, 000037.300, 147
Trd, 000037.850, 149
Trd, 000038.250, 152
Trd, 000038.700, 150
Trd, 000038.783, 147.0
Trd, 000040.200, 149
Trd, 000040.633, 150
Trd, 000041.017, 149
Trd, 000041.400, 148
Trd, 000042.583, 150
Trd, 000042.833, 149
Trd, 000043.383, 148
Trd, 000044.117, 147
Trd, 000044.717, 148
Trd, 000045.367, 148
Trd, 000047.817, 147
Trd, 000048.100, 148
Trd, 000048.317, 147
Trd, 000048.333, 148
Trd, 000048.750, 147
Trd, 000048.800, 148
Trd, 000049.067, 148
Trd, 000049.783, 157.0
Trd, 000050.100, 172.0
Trd, 000051.033, 157.0
Trd, 000051.333, 150
Trd, 000053.400, 151
Trd, 000054.200, 152
Trd, 000054.350, 151.0
Trd, 000054.617, 152
Trd, 000055.000, 151
Trd, 000056.317, 149
Trd, 000057.083, 150
Trd, 000057.217, 151
Trd, 000058.267, 149
Trd, 000058.850, 147
Trd, 000059.300, 148
Trd, 000059.717, 143
Trd, 000060.267, 142.0
Trd, 000060.517, 144
Trd, 000061.417, 142.0
Trd, 000061.617, 144
Trd, 000062.700, 143.0
Trd, 000063.383, 143.0
Trd, 000063.817, 144
Trd, 000065.100, 143
Trd, 000065.367, 142
Trd, 000065.467, 141
Trd, 000066.000, 141.0
Trd, 000066.167, 143
Trd, 000066.883, 143
Trd, 000067.017, 153
Trd, 000067.200, 148
Trd, 000067.850, 147
Trd, 000068.300, 147
Trd, 000069.833, 148
Trd, 000070.750, 149
Trd, 000071.267, 155.0
Trd, 000071.317, 156.0
Trd, 000071.517, 155
Trd, 000071.867, 149
Trd, 000073.000, 155.0
Trd, 000073.017, 147
Trd, 000074.767, 153
Trd, 000074.900, 155.0
Trd, 000076.100, 153
Trd, 000076.450, 154
Trd, 000077.700, 153
Trd, 000077.900, 153
Trd, 000078.133, 151.0
Trd, 000078.483, 152
Trd, 000078.700, 151
Trd, 000078.833, 153
Trd, 000079.233, 150
Trd, 000081.133, 151
Trd, 000082.100, 151
Trd, 000082.683, 151
Trd, 000083.350, 157.0
Trd, 000083.700, 151
Trd, 000083.750, 150
Trd, 000085.017, 150
Trd, 000085.200, 153
Trd, 000085.683, 144.0
Trd, 000086.050, 152
Trd, 000089.233, 148
Trd, 000089.483, 149
Trd, 000090.267, 146
Trd, 000090.800, 145
Trd, 000091.150, 144.0
Trd, 000091.317, 146
Trd, 000091.500, 142.0
Trd, 000091.583, 146
Trd, 000092.817, 143.0
Trd, 000092.850, 145
Trd, 000092.917, 145
Trd, 000093.183, 145
Trd, 000094.133, 142
Trd, 000094.783, 144.0
Trd, 000094.833, 145
Trd, 000096.133, 145
Trd, 000096.483, 145
Trd, 000096.500, 158.0
Trd, 000096.933, 162
Trd, 000097.167, 148
Trd, 000097.433, 156
Trd, 000097.833, 154
Trd, 000098.650, 152
Trd, 000100.217, 146.0
Trd, 000101.017, 149
Trd, 000101.967, 148
Trd, 000102.050, 147.0
Trd, 000102.283, 145
Trd, 000102.717, 142.0
Trd, 000103.617, 145
Trd, 000104.633, 143
Trd, 000104.983, 143
Trd, 000105.367, 143
Trd, 000105.533, 145
Trd, 000105.900, 147
Trd, 000106.050, 148
Trd, 000106.500, 145
Trd, 000107.733, 144
Trd, 000107.867, 141
Trd, 000108.350, 143
Trd, 000108.633, 143
Trd, 000108.700, 144
Trd, 000109.033, 144
Trd, 000109.333, 145
Trd, 000109.967, 145
Trd, 000110.783, 145
Trd, 000111.633, 144
Trd, 000111.700, 144.0
Trd, 000111.983, 145
Trd, 000112.050, 144
Trd, 000112.100, 146
Trd, 000112.433, 158.0
Trd, 000112.617, 172.0
Trd, 000112.817, 150
Trd, 000114.367, 152
Trd, 000114.400, 151
Trd, 000115.283, 153
Trd, 000118.083, 156.0
Trd, 000118.367, 155
Trd, 000118.817, 156.0
Trd, 000119.200, 157
Trd, 000119.717, 154
Trd, 000120.267, 155
Trd, 000120.817, 157.0
Trd, 000122.133, 154
Trd, 000122.767, 151.0
Trd, 000122.850, 147
Trd, 000123.050, 154
Trd, 000124.267, 152
Trd, 000125.300, 151
Trd, 000125.717, 146
Trd, 000125.850, 151
Trd, 000126.267, 149
Trd, 000126.567, 150
Trd, 000126.633, 153
Trd, 000126.817, 158.0
Trd, 000126.917, 145.0
Trd, 000128.667, 159
Trd, 000129.417, 156
Trd, 000129.933, 155
Trd, 000130.450, 152
Trd, 000131.033, 144.0
Trd, 000131.617, 155
Trd, 000132.367, 154
Trd, 000132.900, 154
Trd, 000133.117, 153
Trd, 000134.233, 154
Trd, 000134.917, 153
Trd, 000135.200, 152
Trd, 000135.533, 149
Trd, 000136.533, 150
Trd, 000136.600, 149
Trd, 000137.650, 149
Trd, 000137.833, 149
Trd, 000138.083, 148
Trd, 000138.133, 147
Trd, 000138.233, 141.0
Trd, 000138.850, 142
Trd, 000139.767, 149
Trd, 000140.350, 149
Trd, 000140.833, 149
Trd, 000141.050, 150
Trd, 000142.017, 150
Trd, 000142.517, 158.0
Trd, 000142.733, 155
Trd, 000142.950, 155
Trd, 000143.083, 146
Trd, 000144.333, 157
Trd, 000145.417, 148
Trd, 000145.850, 151
Trd, 000146.150, 153
Trd, 000146.333, 153
Trd, 000146.517, 150
Trd, 000146.750, 148
Trd, 000148.267, 158.0
Trd, 000149.183, 154
Trd, 000149.500, 154
Trd, 000149.817, 153
Trd, 000150.667, 154
Trd, 000151.100, 155
Trd, 000151.367, 155
Trd, 000151.950, 157.0
Trd, 000153.750, 153
Trd, 000154.433, 151
Trd, 000154.517, 151.0
Trd, 000154.933, 151
Trd, 000155.500, 150
Trd, 000155.700, 144.0
Trd, 000155.950, 151
Trd, 000156.317, 152
Trd, 000157.683, 153
Trd, 000157.767, 153
Trd, 000159.117, 150
Trd, 000159.717, 149
Trd, 000160.117, 150
Trd, 000160.383, 149
Trd, 000161.617, 148
Trd, 000161.800, 147
Trd, 000162.400, 148
Trd, 000163.750, 146
Trd, 000164.417, 146
Trd, 000165.633, 147
Trd, 000165.933, 146
Trd, 000166.083, 147
Trd, 000167.033, 146
Trd, 000167.850, 145
Trd, 000168.150, 146
Trd, 000168.333, 145
Trd, 000168.467, 147
Trd, 000169.300, 147
Trd, 000169.867, 149
Trd, 000170.717, 149
Trd, 000170.983, 149
Trd, 000171.750, 149.0
Trd, 000172.417, 148
Trd, 000172.867, 147
Trd, 000173.550, 146
Trd, 000174.567, 144.0
Trd, 000175.217, 145
Trd, 000175.233, 146
Trd, 000175.667, 146
Trd, 000176.017, 146
Trd, 000176.167, 144.0
Trd, 000176.517, 145
Trd, 000176.750, 158.0
Trd, 000177.983, 152
Trd, 000179.283, 172.0
Trd, 000180.367, 151
Trd, 000180.633, 154
Trd, 000181.717, 151
Trd, 000181.817, 152
Trd, 000182.400, 153
Trd, 000183.033, 152
Trd, 000183.333, 151.0
Trd, 000183.900, 150
Trd, 000184.083, 151
Trd, 000184.550, 143.0
Trd, 000185.033, 151
Trd, 000185.083, 153
Trd, 000186.033, 148
Trd, 000186.250, 148
Trd, 000187.233, 148
Trd, 000187.367, 149
Trd, 000187.533, 146
Trd, 000188.050, 141.0
Trd, 000189.117, 141
Trd, 000189.783, 145
Trd, 000190.033, 145
Trd, 000190.383, 144.0
Trd, 000190.400, 145
Trd, 000190.417, 145
Trd, 000190.467, 144
Trd, 000192.200, 145
Trd, 000193.333, 144
Trd, 000193.700, 144.0
Trd, 000193.833, 143
Trd, 000193.967, 145
Trd, 000193.983, 141.0
Trd, 000195.967, 144
Trd, 000196.000, 144
Trd, 000196.250, 141
Trd, 000196.683, 145
Trd, 000197.267, 142
Trd, 000197.417, 143
Trd, 000197.883, 158.0
Trd, 000199.500, 150
Trd, 000199.750, 147
Trd, 000199.833, 148
Trd, 000200.550, 152
Trd, 000201.433, 150
Trd, 000202.350, 149
Trd, 000203.500, 148
Trd, 000204.317, 148
Trd, 000204.850, 149
Trd, 000205.450, 150
Trd, 000206.483, 150
Trd, 000206.550, 150
Trd, 000206.733, 148
Trd, 000207.417, 148
Trd, 000207.633, 147
Trd, 000207.800, 151
Trd, 000208.967, 144.0
Trd, 000209.050, 141.0
Trd, 000209.217, 145
Trd, 000210.167, 147
Trd, 000210.700, 147
Trd, 000211.450, 144
Trd, 000212.100, 145
Trd, 000213.450, 145
Trd, 000213.517, 144
Trd, 000213.883, 145
Trd, 000214.000, 144
Trd, 000214.117, 146
Trd, 000215.383, 148
Trd, 000216.483, 148
Trd, 000216.717, 154.0
Trd, 000217.967, 152
Trd, 000218.500, 147
Trd, 000218.550, 147
Trd, 000219.467, 150
Trd, 000220.067, 147
Trd, 000220.100, 149
Trd, 000220.650, 150
Trd, 000220.750, 151
Trd, 000221.633, 158.0
Trd, 000222.217, 170.0
Trd, 000223.167, 160
Trd, 000223.300, 159
Trd, 000223.683, 159
Trd, 000224.217, 159
Trd, 000225.167, 158.0
Trd, 000225.217, 160
Trd, 000225.850, 161
Trd, 000225.950, 158
Trd, 000226.333, 157
Trd, 000226.967, 157
Trd, 000227.583, 158
Trd, 000228.217, 151.0
Trd, 000228.483, 146
Trd, 000229.517, 151
Trd, 000230.083, 150
Trd, 000230.183, 151
Trd, 000230.750, 153
Trd, 000230.917, 153
Trd, 000231.500, 153.0
Trd, 000231.533, 158.0
Trd, 000231.583, 152.0
Trd, 000232.633, 152
Trd, 000233.200, 157
Trd, 000235.067, 157
Trd, 000235.317, 155
Trd, 000235.500, 155
Trd, 000235.567, 151.0
Trd, 000235.983, 154
Trd, 000237.350, 151
Trd, 000237.417, 144.0
Trd, 000238.933, 150
Trd, 000239.550, 149
Trd, 000239.650, 151
Trd, 000240.067, 148
Trd, 000240.200, 151
Trd, 000240.883, 155
Trd, 000241.133, 154
Trd, 000241.167, 156.0
Trd, 000241.250, 157.0
Trd, 000241.733, 158.0
Trd, 000242.133, 163
Trd, 000243.383, 159
Trd, 000243.650, 160
Trd, 000244.317, 158
Trd, 000245.483, 156
Trd, 000245.933, 153
Trd, 000246.083, 151
Trd, 000246.283, 150
Trd, 000246.650, 151
Trd, 000246.833, 153
Trd, 000247.283, 153
Trd, 000247.867, 154
Trd, 000248.183, 158.0
Trd, 000248.367, 154
Trd, 000248.983, 163
Trd, 000250.167, 160
Trd, 000250.733, 158
Trd, 000251.117, 159
Trd, 000251.917, 160
Trd, 000252.917, 159
Trd, 000252.933, 160
Trd, 000253.183, 157
Trd, 000253.367, 144.0
Trd, 000253.900, 152
Trd, 000254.383, 158.0
Trd, 000255.250, 160
Trd, 000255.450, 165.0
Trd, 000256.383, 155
Trd, 000257.333, 156
Trd, 000258.033, 156
Trd, 000258.133, 159
Trd, 000258.700, 157
Trd, 000258.767, 155
Trd, 000259.083, 157
Trd, 000259.267, 150
Trd, 000259.817, 148
Trd, 000260.667, 152
Trd, 000261.050, 151
Trd, 000261.817, 151
Trd, 000261.850, 153
Trd, 000261.983, 153
Trd, 000262.183, 158.0
Trd, 000262.233, 161
Trd, 000263.150, 152
Trd, 000263.317, 158.0
Trd, 000263.483, 157
Trd, 000264.783, 155
Trd, 000264.900, 152
Trd, 000265.583, 156
Trd, 000265.600, 151
Trd, 000266.233, 150
Trd, 000266.400, 150
Trd, 000267.583, 144.0
Trd, 000267.950, 146
Trd, 000268.183, 147
Trd, 000269.017, 143
Trd, 000269.133, 150
Trd, 000269.900, 165.0
Trd, 000269.917, 158
Trd, 000270.650, 155
Trd, 000270.800, 153
Trd, 000271.867, 151
Trd, 000271.950, 151
Trd, 000272.217, 150
Trd, 000272.850, 151
Trd, 000272.967, 152
Trd, 000273.400, 149
Trd, 000273.567, 147
Trd, 000274.850, 150
Trd, 000274.950, 150
Trd, 000275.317, 147
Trd, 000275.733, 147
Trd, 000275.850, 146.0
Trd, 000276.217, 148
Trd, 000276.550, 145.0
Trd, 000276.883, 151
Trd, 000277.967, 145
Trd, 000278.617, 146
Trd, 000278.750, 145
Trd, 000278.950, 144.0
Trd, 000279.683, 144.0
Trd, 000279.933, 143
Trd, 000280.200, 146
Trd, 000280.517, 144
Trd, 000280.917, 146
Trd, 000281.083, 165.0
Trd, 000281.483, 161
Trd, 000281.967, 153
Trd, 000282.350, 153.0
Trd, 000282.633, 151
Trd, 000282.767, 152.0
Trd, 000283.133, 151.0
Trd, 000283.267, 144.0
Trd, 000283.583, 143
Trd, 000283.800, 150.0
Trd, 000285.400, 148.0
Trd, 000285.433, 149
Trd, 000285.450, 150
Trd, 000285.733, 148
Trd, 000286.383, 147
Trd, 000286.417, 158.0
Trd, 000288.083, 158
Trd, 000288.283, 151
Trd, 000288.400, 163
Trd, 000289.717, 154
Trd, 000290.350, 153
Trd, 000290.583, 154
Trd, 000290.650, 155
Trd, 000291.167, 161
Trd, 000291.550, 165.0
Trd, 000291.817, 168.0
Trd, 000292.133, 151.0
Trd, 000293.783, 158
Trd, 000294.000, 159
Trd, 000294.100, 165
Trd, 000294.117, 148.0
Trd, 000294.683, 144.0
Trd, 000294.767, 144.0
Trd, 000294.950, 150
Trd, 000295.200, 148
Trd, 000296.300, 147
Trd, 000296.683, 147
Trd, 000297.550, 147
Trd, 000297.567, 145
Trd, 000298.000, 145.0
Trd, 000299.067, 147
