Trd, 000003.033, 162.0
Trd, 000003.150, 155.0
Trd, 000003.767, 135
Trd, 000003.950, 143
Trd, 000004.600, 136
Trd, 000005.083, 136
Trd, 000005.500, 136
Trd, 000005.583, 137.0
Trd, 000005.667, 141.0
Trd, 000006.100, 151.0
Trd, 000008.200, 141.0
Trd, 000009.333, 142.0
Trd, 000009.633, 142
Trd, 000010.417, 143
Trd, 000010.450, 144.0
Trd, 000011.217, 141
Trd, 000012.483, 144
Trd, 000014.533, 142
Trd, 000014.767, 144.0
Trd, 000015.433, 148
Trd, 000016.083, 148.0
Trd, 000016.583, 144
Trd, 000017.000, 151.0
Trd, 000017.067, 145
Trd, 000017.283, 165
Trd, 000017.300, 144
Trd, 000017.367, 144
Trd, 000017.617, 140
Trd, 000017.867, 141
Trd, 000017.983, 136
Trd, 000019.767, 148
Trd, 000021.367, 149
Trd, 000021.500, 141
Trd, 000022.133, 143
Trd, 000022.833, 150
Trd, 000023.250, 145
Trd, 000023.633, 145
Trd, 000024.067, 151.0
Trd, 000024.917, 165
Trd, 000025.217, 145
Trd, 000026.617, 147
Trd, 000027.700, 162.0
Trd, 000028.450, 146
Trd, 000029.567, 152
Trd, 000029.650, 153
Trd, 000029.717, 140
Trd, 000030.167, 148
Trd, 000030.633, 137
Trd, 000030.900, 143
Trd, 000031.650, 138
Trd, 000031.667, 143.0
Trd, 000032.083, 137
Trd, 000032.817, 144.0
Trd, 000034.600, 146
Trd, 000034.733, 138
Trd, 000034.850, 148
Trd, 000035.433, 149
Trd, 000035.683, 137
Trd, 000035.917, 136
Trd, 000036.050, 127
Trd, 000036.850, 143.0
Trd, 000036.917, 144.0
Trd, 000038.183, 128
Trd, 000038.733, 134
Trd, 000040.950, 150
Trd, 000041.517, 142
Trd, 000041.950, 142
Trd, 000042.550, 144.0
Trd, 000043.300, 142
Trd, 000043.750, 148
Trd, 000044.400, 146
Trd, 000045.250, 146
Trd, 000045.700, 144
Trd, 000045.900, 147.0
Trd, 000046.600, 145
Trd, 000047.017, 146.0
Trd, 000048.617, 143
Trd, 000049.000, 144.0
Trd, 000049.117, 148
Trd, 000049.133, 142
Trd, 000049.567, 142
Trd, 000049.633, 143
Trd, 000049.767, 151.0
Trd, 000050.200, 141
Trd, 000050.783, 136
Trd, 000051.567, 131.0
Trd, 000052.650, 142
Trd, 000053.867, 163
Trd, 000054.233, 148
Trd, 000054.867, 148
Trd, 000054.883, 147
Trd, 000055.550, 154
Trd, 000055.833, 156
Trd, 000056.783, 150
Trd, 000057.267, 156
Trd, 000058.367, 157
Trd, 000058.900, 154
Trd, 000059.367, 165
Trd, 000059.400, 155.0
Trd, 000059.467, 153
Trd, 000059.950, 151
Trd, 000060.050, 133
Trd, 000060.750, 157
Trd, 000061.450, 159
Trd, 000062.067, 144.0
Trd, 000062.433, 136
Trd, 000062.833, 131.0
Trd, 000063.133, 126
Trd, 000063.667, 141.0
Trd, 000065.983, 146
Trd, 000066.350, 144.0
Trd, 000066.500, 149.0
Trd, 000067.000, 138
Trd, 000067.617, 141
Trd, 000067.867, 140
Trd, 000069.583, 142
Trd, 000070.267, 147
Trd, 000070.750, 141
Trd, 000071.567, 137
Trd, 000073.017, 136
Trd, 000073.967, 141.0
Trd, 000074.817, 140
Trd, 000075.117, 141.0
Trd, 000075.950, 138
Trd, 000076.433, 143.0
Trd, 000076.617, 144.0
Trd, 000077.067, 137
Trd, 000077.950, 144
Trd, 000079.400, 138
Trd, 000079.483, 144.0
Trd, 000081.017, 140.0
Trd, 000081.200, 139
Trd, 000081.233, 138
Trd, 000081.533, 136
Trd, 000082.067, 141.0
Trd, 000082.867, 145
Trd, 000083.283, 146
Trd, 000083.300, 147
Trd, 000083.517, 148
Trd, 000083.700, 151.0
Trd, 000083.917, 166
Trd, 000084.900, 162.0
Trd, 000086.217, 153
Trd, 000086.700, 152
Trd, 000088.250, 171.0
Trd, 000089.350, 171.0
Trd, 000089.400, 172.0
Trd, 000089.983, 166.0
Trd, 000090.800, 165.0
Trd, 000091.700, 173
Trd, 000091.833, 163
Trd, 000093.800, 163.0
Trd, 000094.333, 167
Trd, 000094.350, 163.0
Trd, 000095.183, 163.0
Trd, 000095.833, 162.0
Trd, 000096.167, 162
Trd, 000096.550, 155.0
Trd, 000096.900, 142
Trd, 000097.117, 136
Trd, 000098.017, 152
Trd, 000099.950, 144.0
Trd, 000100.100, 150
Trd, 000100.383, 141.0
Trd, 000100.550, 148
Trd, 000100.733, 165
Trd, 000100.917, 140
Trd, 000102.150, 141.0
Trd, 000103.433, 149.0
Trd, 000103.567, 141
Trd, 000103.950, 142
Trd, 000105.833, 144.0
Trd, 000106.167, 144
Trd, 000106.233, 151.0
Trd, 000106.683, 162.0
Trd, 000106.933, 144
Trd, 000106.950, 143
Trd, 000107.217, 159
Trd, 000108.567, 162.0
Trd, 000108.667, 143
Trd, 000110.117, 157
Trd, 000110.217, 156
Trd, 000110.883, 155
Trd, 000111.050, 151
Trd, 000112.767, 151
Trd, 000113.600, 138
Trd, 000114.983, 137
Trd, 000115.350, 137.0
Trd, 000115.450, 137.0
Trd, 000116.300, 151.0
Trd, 000116.833, 156
Trd, 000117.567, 139
Trd, 000118.350, 141.0
Trd, 000119.700, 143
Trd, 000119.833, 144.0
Trd, 000121.050, 149
Trd, 000121.517, 148
Trd, 000122.283, 165
Trd, 000122.833, 154
Trd, 000123.800, 151
Trd, 000123.817, 148
Trd, 000124.817, 147
Trd, 000124.867, 146
Trd, 000125.800, 150
Trd, 000125.917, 143
Trd, 000126.133, 142
Trd, 000126.183, 136
Trd, 000126.250, 151
Trd, 000126.417, 126
Trd, 000126.500, 120.0
Trd, 000127.667, 139
Trd, 000127.683, 150
Trd, 000129.533, 141.0
Trd, 000129.833, 132
Trd, 000131.633, 143.0
Trd, 000131.917, 144.0
Trd, 000132.517, 151
Trd, 000132.983, 145
Trd, 000133.933, 142
Trd, 000135.633, 144.0
Trd, 000136.133, 143
Trd, 000136.500, 166
Trd, 000136.817, 158
Trd, 000137.983, 167
Trd, 000138.733, 147
Trd, 000138.867, 146
Trd, 000139.467, 148
Trd, 000140.017, 147
Trd, 000140.233, 132.0
Trd, 000140.250, 131.0
Trd, 000140.683, 141.0
Trd, 000141.450, 148.0
Trd, 000142.683, 137
Trd, 000143.100, 144.0
Trd, 000143.417, 151.0
Trd, 000143.700, 136
Trd, 000145.383, 144
Trd, 000145.683, 148
Trd, 000146.500, 165
Trd, 000146.550, 144
Trd, 000147.000, 144
Trd, 000147.600, 145
Trd, 000147.650, 144
Trd, 000148.933, 163
Trd, 000149.933, 164
Trd, 000150.683, 164.0
Trd, 000151.000, 162.0
Trd, 000151.367, 153
Trd, 000151.933, 165
Trd, 000153.800, 144.0
Trd, 000154.517, 148
Trd, 000154.550, 146
Trd, 000154.650, 144
Trd, 000154.983, 147
Trd, 000156.400, 148
Trd, 000156.533, 146
Trd, 000156.617, 149
Trd, 000157.050, 151.0
Trd, 000159.483, 160
Trd, 000159.833, 160
Trd, 000160.650, 158
Trd, 000160.950, 156
Trd, 000161.600, 155
Trd, 000162.667, 142
Trd, 000162.850, 161
Trd, 000164.183, 137
Trd, 000164.833, 136
Trd, 000164.900, 151
Trd, 000165.017, 166
Trd, 000166.183, 153
Trd, 000166.267, 152
Trd, 000166.317, 150
Trd, 000166.533, 133
Trd, 000167.767, 144.0
Trd, 000167.983, 151
Trd, 000168.550, 158
Trd, 000168.583, 150
Trd, 000168.783, 135
Trd, 000168.900, 158
Trd, 000169.267, 133.0
Trd, 000169.767, 164
Trd, 000169.800, 131
Trd, 000172.517, 139
Trd, 000172.900, 141.0
Trd, 000175.167, 141.0
Trd, 000175.583, 144.0
Trd, 000176.217, 138
Trd, 000176.267, 137
Trd, 000177.183, 150.0
Trd, 000177.583, 132.0
Trd, 000178.350, 141.0
Trd, 000178.883, 149
Trd, 000179.467, 141
Trd, 000179.933, 144.0
Trd, 000180.350, 147
Trd, 000180.833, 144
Trd, 000180.967, 142
Trd, 000182.650, 143
Trd, 000183.200, 142
Trd, 000183.917, 136
Trd, 000184.633, 141
Trd, 000185.783, 140.0
Trd, 000185.950, 141.0
Trd, 000186.367, 148
Trd, 000186.383, 151.0
Trd, 000186.733, 140.0
Trd, 000186.767, 142
Trd, 000187.950, 141.0
Trd, 000189.800, 140.0
Trd, 000190.300, 141.0
Trd, 000190.417, 141
Trd, 000190.900, 143
Trd, 000191.767, 144
Trd, 000192.867, 136
Trd, 000193.933, 139.0
Trd, 000194.617, 140.0
Trd, 000195.283, 135
Trd, 000195.900, 140
Trd, 000195.917, 141.0
Trd, 000196.300, 143
Trd, 000196.450, 151.0
Trd, 000196.500, 140
Trd, 000196.933, 141
Trd, 000197.983, 139
Trd, 000198.917, 159
Trd, 000200.100, 142
Trd, 000200.233, 132.0
Trd, 000200.333, 144.0
Trd, 000200.450, 151.0
Trd, 000200.550, 132.0
Trd, 000201.450, 132
Trd, 000201.750, 140.0
Trd, 000201.933, 131.0
Trd, 000202.267, 141.0
Trd, 000202.600, 144.0
Trd, 000205.267, 133
Trd, 000205.600, 135
Trd, 000206.350, 162.0
Trd, 000206.667, 149
Trd, 000206.817, 162
Trd, 000206.917, 150
Trd, 000208.967, 154
Trd, 000209.417, 158
Trd, 000209.500, 154
Trd, 000209.800, 159
Trd, 000210.600, 135.0
Trd, 000210.633, 138
Trd, 000211.050, 141.0
Trd, 000211.417, 138.0
Trd, 000212.450, 150
Trd, 000212.517, 136
Trd, 000213.100, 137.0
Trd, 000213.450, 151.0
Trd, 000214.867, 158
Trd, 000215.083, 158
Trd, 000215.567, 166
Trd, 000216.450, 159
Trd, 000216.867, 157
Trd, 000216.950, 161
Trd, 000217.017, 155.0
Trd, 000217.317, 150
Trd, 000218.517, 152
Trd, 000218.950, 147
Trd, 000219.067, 148
Trd, 000219.550, 137
Trd, 000220.450, 145
Trd, 000220.867, 147
Trd, 000221.250, 134.0
Trd, 000221.967, 140.0
Trd, 000222.383, 137.0
Trd, 000223.117, 140.0
Trd, 000224.200, 144.0
Trd, 000224.300, 142.0
Trd, 000224.567, 140.0
Trd, 000226.267, 143.0
Trd, 000227.650, 144.0
Trd, 000228.533, 146
Trd, 000228.883, 145
Trd, 000229.167, 148
Trd, 000229.500, 148
Trd, 000229.617, 143
Trd, 000230.833, 148.0
Trd, 000230.950, 149.0
Trd, 000231.483, 137.0
Trd, 000232.167, 141.0
Trd, 000233.233, 137
Trd, 000233.850, 150
Trd, 000234.900, 150.0
Trd, 000235.400, 151.0
Trd, 000235.650, 150
Trd, 000236.300, 149
Trd, 000236.867, 153
Trd, 000236.900, 163
Trd, 000237.950, 138
Trd, 000239.000, 144.0
Trd, 000239.050, 146
Trd, 000239.717, 141
Trd, 000240.000, 148
Trd, 000240.550, 142
Trd, 000240.867, 142
Trd, 000241.100, 145
Trd, 000241.217, 136.0
Trd, 000242.267, 151.0
Trd, 000242.817, 154
Trd, 000242.833, 151
Trd, 000243.350, 158.0
Trd, 000243.750, 156
Trd, 000244.100, 157.0
Trd, 000244.750, 156.0
Trd, 000245.317, 155.0
Trd, 000246.317, 153
Trd, 000246.467, 154
Trd, 000246.667, 153
Trd, 000246.933, 151.0
Trd, 000247.267, 152
Trd, 000247.833, 146
Trd, 000248.817, 142
Trd, 000249.000, 143
Trd, 000249.167, 144
Trd, 000249.417, 151
Trd, 000249.550, 138
Trd, 000250.033, 162.0
Trd, 000250.067, 165
Trd, 000251.133, 140
Trd, 000251.467, 142
Trd, 000252.033, 139
Trd, 000252.267, 143.0
Trd, 000252.933, 141.0
Trd, 000252.967, 136
Trd, 000253.217, 135
Trd, 000254.000, 140.0
Trd, 000254.617, 137.0
Trd, 000256.350, 141.0
Trd, 000256.633, 144.0
Trd, 000256.833, 148
Trd, 000257.000, 143.0
Trd, 000257.067, 144.0
Trd, 000257.217, 151.0
Trd, 000258.017, 152
Trd, 000258.133, 151.0
Trd, 000258.233, 150.0
Trd, 000259.017, 167
Trd, 000259.967, 157
Trd, 000260.233, 161
Trd, 000260.383, 161
Trd, 000260.667, 158
Trd, 000260.833, 157
Trd, 000261.000, 155.0
Trd, 000261.150, 151.0
Trd, 000261.717, 158
Trd, 000262.100, 155
Trd, 000262.450, 151
Trd, 000262.983, 151
Trd, 000263.333, 139
Trd, 000263.433, 137
Trd, 000263.583, 141.0
Trd, 000263.967, 138
Trd, 000264.600, 151
Trd, 000264.783, 152
Trd, 000265.800, 162.0
Trd, 000265.867, 164
Trd, 000266.133, 165
Trd, 000266.467, 162.0
Trd, 000266.533, 161
Trd, 000267.667, 156.0
Trd, 000268.033, 151.0
Trd, 000268.617, 163.0
Trd, 000268.783, 162.0
Trd, 000269.300, 155.0
Trd, 000269.483, 155
Trd, 000270.150, 144
Trd, 000270.183, 143
Trd, 000271.483, 152
Trd, 000271.567, 154
Trd, 000271.583, 151
Trd, 000272.033, 154
Trd, 000272.517, 151.0
Trd, 000272.900, 152
Trd, 000273.350, 136
Trd, 000274.300, 137.0
Trd, 000274.467, 131.0
Trd, 000275.100, 135
Trd, 000275.283, 141
Trd, 000275.467, 143
Trd, 000275.533, 144
Trd, 000275.967, 144.0
Trd, 000276.517, 151.0
Trd, 000276.683, 150
Trd, 000277.517, 162.0
Trd, 000277.800, 151
Trd, 000278.533, 157
Trd, 000278.583, 151.0
Trd, 000278.600, 159
Trd, 000279.017, 150
Trd, 000279.067, 150
Trd, 000279.600, 136.0
Trd, 000280.817, 134
Trd, 000281.083, 141.0
Trd, 000281.850, 141.0
Trd, 000282.183, 144.0
Trd, 000282.533, 146
Trd, 000282.850, 139
Trd, 000283.567, 139.0
Trd, 000284.033, 136
Trd, 000284.583, 146.0
Trd, 000284.817, 147
Trd, 000285.833, 137.0
Trd, 000286.033, 141.0
Trd, 000286.750, 127.0
Trd, 000286.767, 137.0
Trd, 000288.333, 133
Trd, 000288.550, 137.0
Trd, 000289.267, 141.0
Trd, 000289.850, 144.0
Trd, 000290.133, 144
Trd, 000290.167, 143
Trd, 000290.217, 147
Trd, 000290.317, 148
Trd, 000291.000, 143
Trd, 000291.283, 151.0
Trd, 000291.333, 162.0
Trd, 000291.833, 142
Trd, 000291.967, 161
Trd, 000292.583, 162
Trd, 000292.817, 172
Trd, 000293.367, 145
Trd, 000294.450, 154.0
Trd, 000294.817, 153.0
Trd, 000295.133, 154
Trd, 000295.367, 161.0
Trd, 000295.617, 152.0
Trd, 000295.650, 151.0
Trd, 000295.700, 149
Trd, 000295.783, 141
Trd, 000297.067, 137.0
Trd, 000298.517, 153
Trd, 000299.033, 139
Trd, 000299.050, 131.0
Trd, 000299.600, 128
Trd, 000299.883, 137.0
Trd, 000299.967, 131
