Trd, 000001.233, 133
Trd, 000002.083, 110.0
Trd, 000002.600, 160
Trd, 000002.883, 141.0
Trd, 000003.083, 151.0
Trd, 000003.317, 162
Trd, 000005.617, 151
Trd, 000005.900, 149
Trd, 000006.833, 161
Trd, 000007.483, 153.0
Trd, 000007.850, 152
Trd, 000007.983, 151.0
Trd, 000008.317, 158.0
Trd, 000009.600, 151.0
Trd, 000009.917, 149
Trd, 000010.317, 152
Trd, 000010.667, 152
Trd, 000012.467, 150
Trd, 000013.000, 149
Trd, 000013.200, 149
Trd, 000013.583, 151.0
Trd, 000014.233, 151
Trd, 000014.550, 151
Trd, 000014.767, 150
Trd, 000016.083, 149
Trd, 000016.267, 147
Trd, 000016.550, 151
Trd, 000016.567, 158.0
Trd, 000019.700, 154.0
Trd, 000019.933, 151
Trd, 000020.383, 151.0
Trd, 000020.983, 151.0
Trd, 000021.533, 151
Trd, 000022.133, 152
Trd, 000023.317, 150
Trd, 000023.367, 150
Trd, 000023.517, 150
Trd, 000024.483, 149
Trd, 000025.017, 149
Trd, 000025.300, 147
Trd, 000026.017, 151.0
Trd, 000026.167, 152
Trd, 000026.983, 150
Trd, 000027.167, 151
Trd, 000027.750, 151
Trd, 000028.100, 152
Trd, 000028.583, 150
Trd, 000029.183, 148
Trd, 000030.967, 151
Trd, 000031.450, 147
Trd, 000032.383, 151
Trd, 000032.633, 150
Trd, 000034.400, 149
Trd, 000035.000, 148
Trd, 000035.350, 148
Trd, 000035.767, 150
Trd, 000035.950, 148
Trd, 000036.117, 147
Trd, 000036.483, 158.0
Trd, 000036.717, 151.0
Trd, 000037.633, 146
Trd, 000039.183, 148
Trd, 000040.050, 149
Trd, 000040.100, 147
Trd, 000040.467, 148
Trd, 000040.733, 148
Trd, 000043.250, 149
Trd, 000043.333, 146
Trd, 000043.350, 158.0
Trd, 000043.817, 146
Trd, 000043.933, 152
Trd, 000044.117, 151.0
Trd, 000045.383, 147
Trd, 000045.767, 151
Trd, 000046.200, 134
Trd, 000047.100, 151
Trd, 000047.533, 143
Trd, 000047.750, 147
Trd, 000048.600, 143
Trd, 000048.717, 142
Trd, 000048.867, 147
Trd, 000050.200, 142
Trd, 000050.267, 149
Trd, 000050.783, 149
Trd, 000051.433, 142
Trd, 000051.533, 148
Trd, 000053.800, 141
Trd, 000054.367, 148
Trd, 000054.833, 148
Trd, 000055.533, 143
Trd, 000056.033, 143
Trd, 000056.517, 142
Trd, 000056.833, 139
Trd, 000057.850, 145
Trd, 000058.433, 148
Trd, 000058.617, 161.0
Trd, 000058.667, 143
Trd, 000059.717, 151.0
Trd, 000060.700, 142
Trd, 000061.000, 135
Trd, 000062.633, 141
Trd, 000062.650, 142
Trd, 000063.433, 141
Trd, 000063.817, 140
Trd, 000064.183, 141.0
Trd, 000065.267, 148
Trd, 000065.617, 139
Trd, 000065.717, 145
Trd, 000066.450, 145
Trd, 000068.150, 146
Trd, 000069.583, 143
Trd, 000069.733, 150.0
Trd, 000069.750, 151.0
Trd, 000069.767, 143
Trd, 000071.867, 144
Trd, 000072.783, 147
Trd, 000075.017, 143
Trd, 000075.183, 143
Trd, 000075.633, 142
Trd, 000075.783, 141
Trd, 000076.850, 146
Trd, 000077.667, 148
Trd, 000077.833, 151.0
Trd, 000078.433, 150
Trd, 000079.350, 148
Trd, 000079.800, 149
Trd, 000081.083, 149
Trd, 000081.767, 150
Trd, 000081.833, 150
Trd, 000082.300, 157
Trd, 000083.283, 155
Trd, 000083.467, 151
Trd, 000084.350, 151
Trd, 000084.433, 147
Trd, 000084.867, 136
Trd, 000084.900, 153
Trd, 000085.833, 146
Trd, 000085.950, 151
Trd, 000086.133, 143
Trd, 000087.000, 151.0
Trd, 000087.600, 154
Trd, 000088.283, 152
Trd, 000088.400, 158.0
Trd, 000090.683, 153
Trd, 000090.867, 153
Trd, 000091.050, 154
Trd, 000091.083, 153
Trd, 000092.617, 154
Trd, 000092.933, 154
Trd, 000093.317, 152
Trd, 000095.033, 151
Trd, 000096.217, 151
Trd, 000096.483, 150
Trd, 000096.633, 152
Trd, 000097.067, 151.0
Trd, 000097.933, 149
Trd, 000098.133, 151.0
Trd, 000098.683, 151
Trd, 000099.100, 147
Trd, 000100.233, 137
Trd, 000100.317, 142
Trd, 000101.100, 141.0
Trd, 000101.617, 141
Trd, 000101.933, 158.0
Trd, 000102.517, 162.0
Trd, 000104.417, 150
Trd, 000104.667, 150
Trd, 000105.150, 146
Trd, 000106.033, 147
Trd, 000106.050, 146
Trd, 000106.433, 145
Trd, 000106.683, 150
Trd, 000106.800, 145
Trd, 000108.000, 145
Trd, 000108.500, 145
Trd, 000108.933, 148
Trd, 000111.450, 148
Trd, 000111.817, 148
Trd, 000111.850, 149
Trd, 000111.883, 146
Trd, 000112.100, 151.0
Trd, 000112.117, 158.0
Trd, 000114.550, 146
Trd, 000114.883, 145
Trd, 000115.383, 144
Trd, 000116.967, 143
Trd, 000117.017, 144
Trd, 000117.150, 147
Trd, 000117.467, 145
Trd, 000118.417, 145
Trd, 000118.483, 145
Trd, 000118.583, 148
Trd, 000119.917, 144
Trd, 000120.550, 150
Trd, 000120.683, 145
Trd, 000121.350, 143
Trd, 000121.733, 139
Trd, 000122.567, 139
Trd, 000123.717, 140
Trd, 000124.750, 147.0
Trd, 000124.767, 151.0
Trd, 000125.117, 143
Trd, 000125.317, 142
Trd, 000125.550, 149
Trd, 000125.900, 143
Trd, 000126.600, 141
Trd, 000127.400, 150
Trd, 000127.567, 151.0
Trd, 000127.650, 158.0
Trd, 000127.817, 142
Trd, 000129.883, 149
Trd, 000129.933, 146
Trd, 000130.583, 147
Trd, 000132.750, 149
Trd, 000134.250, 148
Trd, 000135.167, 147
Trd, 000135.717, 146
Trd, 000136.867, 148
Trd, 000137.450, 146
Trd, 000138.117, 147
Trd, 000138.350, 148
Trd, 000138.417, 148
Trd, 000138.717, 147
Trd, 000139.550, 147
Trd, 000140.533, 127.0
Trd, 000141.350, 151.0
Trd, 000143.483, 142
Trd, 000143.567, 145
Trd, 000143.667, 141
Trd, 000143.733, 145
Trd, 000144.617, 143
Trd, 000146.100, 140
Trd, 000147.183, 143
Trd, 000147.800, 143
Trd, 000148.550, 145
Trd, 000149.050, 146
Trd, 000149.183, 143
Trd, 000149.483, 143
Trd, 000150.200, 142
Trd, 000150.533, 141.0
Trd, 000150.867, 145
Trd, 000153.283, 147
Trd, 000153.600, 147
Trd, 000154.300, 148
Trd, 000155.133, 148
Trd, 000156.033, 144
Trd, 000156.217, 144
Trd, 000157.533, 148
Trd, 000158.583, 146
Trd, 000158.850, 145
Trd, 000160.333, 145
Trd, 000160.483, 144
Trd, 000160.617, 145
Trd, 000160.917, 148
Trd, 000161.567, 144
Trd, 000162.650, 147
Trd, 000162.883, 147
Trd, 000164.467, 147
Trd, 000164.617, 147
Trd, 000165.433, 146
Trd, 000165.767, 148
Trd, 000166.850, 149
Trd, 000167.150, 151.0
Trd, 000167.300, 147
Trd, 000169.500, 149
Trd, 000169.933, 149
Trd, 000170.783, 149
Trd, 000170.983, 150
Trd, 000171.233, 150
Trd, 000171.617, 151.0
Trd, 000172.167, 151
Trd, 000172.233, 147
Trd, 000172.250, 151
Trd, 000174.783, 151.0
Trd, 000175.450, 149
Trd, 000175.800, 149
Trd, 000175.900, 161.0
Trd, 000177.133, 151
Trd, 000177.983, 148
Trd, 000178.650, 149
Trd, 000179.333, 149
Trd, 000179.417, 148
Trd, 000180.367, 148
Trd, 000180.500, 149
Trd, 000180.900, 151.0
Trd, 000181.000, 153
Trd, 000181.267, 148
Trd, 000181.767, 148
Trd, 000182.033, 147
Trd, 000183.017, 146
Trd, 000183.250, 149
Trd, 000183.367, 145
Trd, 000184.267, 144
Trd, 000185.767, 146.0
Trd, 000186.250, 144
Trd, 000186.400, 148
Trd, 000186.583, 143
Trd, 000186.933, 147
Trd, 000187.550, 147
Trd, 000189.183, 143
Trd, 000189.467, 148
Trd, 000190.217, 142
Trd, 000192.383, 145
Trd, 000192.917, 144
Trd, 000193.417, 143
Trd, 000193.767, 145
Trd, 000194.233, 143
Trd, 000194.783, 148
Trd, 000196.667, 142
Trd, 000197.317, 142
Trd, 000197.400, 141
Trd, 000197.850, 142
Trd, 000199.183, 144
Trd, 000200.517, 144
Trd, 000200.983, 144
Trd, 000202.300, 143
Trd, 000202.417, 142
Trd, 000202.633, 145
Trd, 000203.833, 148
Trd, 000205.767, 150.0
Trd, 000205.933, 149
Trd, 000207.333, 150
Trd, 000207.667, 149
Trd, 000207.850, 150
Trd, 000208.233, 151.0
Trd, 000208.350, 151
Trd, 000209.333, 151
Trd, 000209.533, 150
Trd, 000209.583, 150
Trd, 000209.733, 150
Trd, 000210.617, 150
Trd, 000211.867, 149
Trd, 000212.667, 151.0
Trd, 000214.250, 151
Trd, 000214.417, 151
Trd, 000214.567, 148
Trd, 000215.200, 157.0
Trd, 000216.000, 151.0
Trd, 000216.350, 147
Trd, 000218.783, 148
Trd, 000219.750, 151.0
Trd, 000219.900, 151
Trd, 000220.500, 151
Trd, 000220.533, 152
Trd, 000221.033, 149
Trd, 000221.700, 148
Trd, 000222.183, 149
Trd, 000223.050, 151
Trd, 000223.250, 147
Trd, 000225.733, 147
Trd, 000226.233, 146
Trd, 000226.667, 145
Trd, 000226.933, 148
Trd, 000229.133, 149
Trd, 000229.433, 146
Trd, 000229.567, 151.0
Trd, 000230.500, 148
Trd, 000230.700, 148
Trd, 000230.850, 153
Trd, 000231.367, 153
Trd, 000232.600, 153
Trd, 000233.217, 151.0
Trd, 000234.117, 150
Trd, 000234.883, 151.0
Trd, 000235.050, 152
Trd, 000235.433, 150
Trd, 000235.867, 155
Trd, 000237.233, 153
Trd, 000237.417, 152.0
Trd, 000239.717, 152
Trd, 000240.083, 153.0
Trd, 000240.583, 155
Trd, 000240.833, 154
Trd, 000240.950, 156.0
Trd, 000241.617, 167.0
Trd, 000241.867, 155
Trd, 000241.950, 155
Trd, 000242.717, 157
Trd, 000242.750, 156
Trd, 000242.983, 158
Trd, 000243.283, 154
Trd, 000244.083, 145
Trd, 000245.117, 150.0
Trd, 000245.400, 149
Trd, 000246.317, 148
Trd, 000246.600, 149
Trd, 000246.683, 148
Trd, 000247.000, 145
Trd, 000247.050, 151.0
Trd, 000247.100, 141.0
Trd, 000247.567, 146
Trd, 000248.400, 150
Trd, 000250.000, 154.0
Trd, 000250.333, 155.0
Trd, 000250.633, 155.0
Trd, 000250.950, 156
Trd, 000251.050, 155
Trd, 000251.483, 152.0
Trd, 000251.767, 158.0
Trd, 000252.083, 155.0
Trd, 000253.267, 155
Trd, 000253.433, 154
Trd, 000253.950, 155
Trd, 000254.150, 151
Trd, 000254.883, 153
Trd, 000255.933, 155
Trd, 000256.633, 156
Trd, 000256.850, 152
Trd, 000257.633, 155.0
Trd, 000257.750, 153
Trd, 000258.567, 155.0
Trd, 000258.583, 151.0
Trd, 000259.267, 152
Trd, 000259.450, 151
Trd, 000259.733, 150
Trd, 000260.150, 156
Trd, 000260.233, 158.0
Trd, 000260.683, 162.0
Trd, 000261.500, 155
Trd, 000262.083, 152
Trd, 000262.500, 152
Trd, 000263.067, 155.0
Trd, 000263.083, 156
Trd, 000263.400, 151.0
Trd, 000264.400, 155
Trd, 000264.750, 151
Trd, 000264.850, 154
Trd, 000265.183, 155
Trd, 000265.750, 151
Trd, 000265.833, 151
Trd, 000267.267, 151
Trd, 000267.850, 156.0
Trd, 000268.350, 154
Trd, 000268.833, 154
Trd, 000269.650, 156
Trd, 000270.417, 156
Trd, 000270.867, 156
Trd, 000271.183, 156
Trd, 000271.350, 152
Trd, 000271.483, 155.0
Trd, 000271.700, 151.0
Trd, 000271.783, 147
Trd, 000271.817, 157
Trd, 000272.967, 151.0
Trd, 000273.867, 151.0
Trd, 000273.950, 153
Trd, 000274.500, 153
Trd, 000275.183, 151
Trd, 000275.300, 153
Trd, 000275.417, 162.0
Trd, 000275.767, 156
Trd, 000276.083, 155
Trd, 000276.317, 155
Trd, 000276.850, 153
Trd, 000276.883, 147
Trd, 000277.250, 153
Trd, 000277.650, 141.0
Trd, 000277.667, 147
Trd, 000278.000, 142
Trd, 000278.600, 157.0
Trd, 000278.867, 152.0
Trd, 000279.133, 151.0
Trd, 000279.400, 147
Trd, 000279.950, 155.0
Trd, 000280.350, 152
Trd, 000281.400, 151.0
Trd, 000281.617, 149
Trd, 000281.633, 153
Trd, 000282.000, 147
Trd, 000282.600, 151
Trd, 000283.333, 151
Trd, 000283.733, 158.0
Trd, 000283.917, 153.0
Trd, 000284.517, 145.0
Trd, 000284.800, 154
Trd, 000285.967, 150
Trd, 000286.383, 149
Trd, 000286.767, 148
Trd, 000286.933, 147
Trd, 000287.167, 151.0
Trd, 000287.450, 147
Trd, 000287.633, 158.0
Trd, 000287.883, 145
Trd, 000288.950, 153
Trd, 000289.133, 160.0
Trd, 000289.317, 149
Trd, 000290.100, 149
Trd, 000290.583, 155
Trd, 000290.867, 156
Trd, 000291.117, 151.0
Trd, 000292.383, 157
Trd, 000293.283, 156
Trd, 000293.350, 155
Trd, 000293.600, 155
Trd, 000294.017, 151.0
Trd, 000294.100, 141
Trd, 000295.117, 156
Trd, 000295.933, 149
Trd, 000296.150, 157
Trd, 000297.000, 151.0
Trd, 000297.383, 154
Trd, 000298.017, 153
Trd, 000298.217, 149
Trd, 000298.700, 148
Trd, 000299.000, 147
Trd, 000299.017, 150
Trd, 000299.450, 141.0
Trd, 000299.550, 143
