Trd, 000002.383, 148.0
Trd, 000002.583, 148.0
Trd, 000003.667, 164
Trd, 000003.783, 148
Trd, 000004.717, 145
Trd, 000004.950, 151
Trd, 000005.317, 158.0
Trd, 000005.967, 152
Trd, 000006.167, 158
Trd, 000006.600, 152
Trd, 000008.150, 145
Trd, 000008.417, 145
Trd, 000008.817, 141
Trd, 000008.833, 142
Trd, 000008.883, 143
Trd, 000009.117, 148.0
Trd, 000009.983, 143
Trd, 000010.550, 149.0
Trd, 000010.783, 171
Trd, 000011.800, 149
Trd, 000012.250, 148.0
Trd, 000012.433, 153
Trd, 000012.617, 149
Trd, 000012.633, 135
Trd, 000013.617, 153
Trd, 000013.867, 148
Trd, 000014.100, 140
Trd, 000015.417, 146
Trd, 000017.200, 153
Trd, 000018.500, 145
Trd, 000018.533, 147.0
Trd, 000019.333, 147
Trd, 000019.700, 148.0
Trd, 000019.783, 144
Trd, 000020.250, 146
Trd, 000020.750, 145
Trd, 000021.200, 148.0
Trd, 000021.983, 146
Trd, 000022.633, 145
Trd, 000022.983, 148
Trd, 000023.633, 146
Trd, 000023.850, 148
Trd, 000024.233, 149
Trd, 000025.000, 149.0
Trd, 000025.500, 150
Trd, 000025.900, 146
Trd, 000026.967, 147
Trd, 000027.017, 149
Trd, 000027.300, 145
Trd, 000027.500, 148
Trd, 000027.983, 149
Trd, 000030.233, 146
Trd, 000031.033, 146
Trd, 000031.150, 144
Trd, 000031.283, 148
Trd, 000031.700, 148.0
Trd, 000032.600, 143
Trd, 000032.817, 147
Trd, 000033.550, 146
Trd, 000033.783, 144
Trd, 000034.667, 146
Trd, 000034.733, 146
Trd, 000035.550, 143
Trd, 000036.167, 144
Trd, 000036.400, 143
Trd, 000036.417, 146
Trd, 000036.650, 143
Trd, 000036.683, 144
Trd, 000036.700, 143
Trd, 000037.017, 148
Trd, 000037.650, 144.0
Trd, 000038.050, 147.0
Trd, 000039.283, 148.0
Trd, 000041.600, 147
Trd, 000041.850, 149
Trd, 000043.300, 145
Trd, 000043.533, 153
Trd, 000043.833, 145
Trd, 000043.850, 152
Trd, 000044.667, 144
Trd, 000044.867, 148.0
Trd, 000044.967, 153
Trd, 000047.600, 149
Trd, 000047.767, 148.0
Trd, 000048.083, 147
Trd, 000048.500, 147
Trd, 000048.900, 148
Trd, 000049.900, 155
Trd, 000050.783, 148
Trd, 000051.400, 148
Trd, 000051.550, 147
Trd, 000052.017, 147
Trd, 000052.500, 145
Trd, 000053.333, 136
Trd, 000054.200, 148
Trd, 000054.750, 146.0
Trd, 000054.883, 148.0
Trd, 000055.233, 144
Trd, 000055.750, 148
Trd, 000055.850, 144
Trd, 000056.050, 148
Trd, 000056.267, 143
Trd, 000056.933, 145
Trd, 000057.067, 146
Trd, 000057.467, 147
Trd, 000058.800, 146
Trd, 000059.200, 148.0
Trd, 000060.133, 146
Trd, 000060.317, 145
Trd, 000061.333, 147
Trd, 000061.633, 145
Trd, 000061.783, 143
Trd, 000062.417, 137
Trd, 000063.500, 142
Trd, 000064.017, 142
Trd, 000064.600, 144.0
Trd, 000064.983, 144
Trd, 000066.750, 144
Trd, 000068.450, 143
Trd, 000069.117, 142
Trd, 000069.300, 144
Trd, 000069.900, 142
Trd, 000069.917, 144
Trd, 000070.550, 140
Trd, 000070.767, 144
Trd, 000070.883, 144.0
Trd, 000071.083, 145
Trd, 000071.583, 155
Trd, 000071.717, 150
Trd, 000072.367, 147
Trd, 000072.967, 145
Trd, 000072.983, 148
Trd, 000073.417, 148.0
Trd, 000075.350, 148.0
Trd, 000075.417, 149
Trd, 000076.050, 148.0
Trd, 000076.533, 147
Trd, 000077.167, 150
Trd, 000077.417, 146
Trd, 000077.483, 154
Trd, 000078.967, 145
Trd, 000079.433, 152
Trd, 000079.850, 153
Trd, 000080.250, 155
Trd, 000080.733, 152
Trd, 000081.733, 150
Trd, 000081.867, 148.0
Trd, 000084.117, 140
Trd, 000085.033, 141
Trd, 000085.383, 139
Trd, 000085.517, 141.0
Trd, 000085.650, 140
Trd, 000086.717, 141
Trd, 000087.483, 140
Trd, 000087.833, 141
Trd, 000088.283, 143.0
Trd, 000088.333, 139
Trd, 000088.750, 144.0
Trd, 000088.917, 148.0
Trd, 000089.250, 165.0
Trd, 000090.583, 138
Trd, 000091.717, 144
Trd, 000091.950, 147
Trd, 000092.150, 147
Trd, 000092.317, 143
Trd, 000093.217, 142
Trd, 000093.667, 141
Trd, 000094.500, 138
Trd, 000095.017, 139
Trd, 000095.517, 139
Trd, 000096.250, 139
Trd, 000096.267, 138
Trd, 000096.583, 155
Trd, 000096.667, 137
Trd, 000098.117, 147
Trd, 000098.150, 148
Trd, 000098.567, 148.0
Trd, 000098.967, 145
Trd, 000099.467, 143
Trd, 000100.100, 141
Trd, 000101.017, 143.0
Trd, 000102.783, 144.0
Trd, 000102.867, 143
Trd, 000103.133, 140
Trd, 000104.083, 144
Trd, 000104.450, 145
Trd, 000105.783, 144
Trd, 000106.217, 144.0
Trd, 000106.617, 143
Trd, 000106.867, 147.0
Trd, 000107.850, 146
Trd, 000108.383, 145
Trd, 000108.600, 144
Trd, 000110.100, 146
Trd, 000110.700, 144
Trd, 000110.900, 147
Trd, 000111.450, 148.0
Trd, 000113.000, 144
Trd, 000113.233, 144
Trd, 000113.633, 143
Trd, 000113.850, 152
Trd, 000114.317, 151
Trd, 000115.267, 149
Trd, 000116.000, 148
Trd, 000116.283, 149
Trd, 000116.550, 148.0
Trd, 000118.083, 139
Trd, 000118.167, 141.0
Trd, 000119.067, 141
Trd, 000119.200, 137
Trd, 000119.533, 143
Trd, 000120.100, 153
Trd, 000120.267, 157
Trd, 000121.000, 153
Trd, 000121.317, 144.0
Trd, 000121.400, 155
Trd, 000121.850, 148
Trd, 000123.500, 147
Trd, 000123.700, 146
Trd, 000123.817, 146
Trd, 000124.550, 154.0
Trd, 000125.100, 138
Trd, 000125.383, 147
Trd, 000125.567, 147
Trd, 000125.883, 147
Trd, 000127.100, 144.0
Trd, 000127.333, 143
Trd, 000127.817, 146
Trd, 000128.617, 147
Trd, 000129.000, 148.0
Trd, 000130.017, 147
Trd, 000130.383, 147
Trd, 000130.850, 148
Trd, 000131.283, 145
Trd, 000132.650, 145
Trd, 000132.667, 146
Trd, 000132.883, 144
Trd, 000133.350, 147.0
Trd, 000133.617, 147
Trd, 000133.750, 148.0
Trd, 000133.833, 155
Trd, 000134.750, 145
Trd, 000135.567, 149
Trd, 000137.017, 147
Trd, 000137.167, 148
Trd, 000137.483, 146
Trd, 000138.383, 149
Trd, 000138.667, 148.0
Trd, 000139.350, 147
Trd, 000139.400, 148.0
Trd, 000139.750, 144.0
Trd, 000140.250, 146
Trd, 000140.800, 146
Trd, 000140.917, 147
Trd, 000140.983, 146
Trd, 000141.017, 145
Trd, 000142.267, 147
Trd, 000143.483, 146
Trd, 000143.767, 147
Trd, 000144.033, 145
Trd, 000144.383, 144
Trd, 000144.950, 140
Trd, 000145.350, 147
Trd, 000145.400, 147
Trd, 000145.917, 148.0
Trd, 000146.567, 144
Trd, 000147.417, 144
Trd, 000148.067, 142
Trd, 000149.100, 142
Trd, 000149.333, 143
Trd, 000149.350, 144.0
Trd, 000150.483, 144
Trd, 000151.317, 144
Trd, 000151.433, 144
Trd, 000152.100, 143
Trd, 000152.417, 140
Trd, 000152.800, 141
Trd, 000152.817, 140
Trd, 000152.983, 148.0
Trd, 000153.400, 155
Trd, 000154.350, 138
Trd, 000155.917, 147
Trd, 000156.583, 143
Trd, 000156.717, 138
Trd, 000157.217, 143.0
Trd, 000157.917, 142
Trd, 000158.650, 144
Trd, 000158.850, 143
Trd, 000158.883, 144.0
Trd, 000159.150, 138
Trd, 000160.033, 143
Trd, 000160.250, 145
Trd, 000161.217, 148.0
Trd, 000161.433, 137
Trd, 000162.733, 136
Trd, 000162.917, 144
Trd, 000163.033, 145
Trd, 000163.100, 147
Trd, 000163.933, 148.0
Trd, 000164.200, 142
Trd, 000166.050, 142
Trd, 000166.517, 140
Trd, 000168.033, 139
Trd, 000168.683, 142
Trd, 000168.700, 142
Trd, 000168.717, 143
Trd, 000169.233, 141
Trd, 000171.000, 141
Trd, 000171.017, 141.0
Trd, 000171.833, 140
Trd, 000171.900, 139
Trd, 000172.750, 139
Trd, 000173.250, 139
Trd, 000173.517, 144.0
Trd, 000175.800, 138
Trd, 000176.233, 140
Trd, 000176.433, 140
Trd, 000178.050, 141.0
Trd, 000178.450, 139
Trd, 000178.717, 144.0
Trd, 000178.733, 148.0
Trd, 000179.117, 145
Trd, 000179.267, 147
Trd, 000179.617, 140
Trd, 000180.700, 142
Trd, 000181.133, 146.0
Trd, 000183.033, 143
Trd, 000183.100, 142
Trd, 000183.900, 145
Trd, 000184.650, 146
Trd, 000185.000, 146
Trd, 000185.633, 144.0
Trd, 000186.050, 143
Trd, 000186.300, 147
Trd, 000187.550, 145
Trd, 000188.333, 144
Trd, 000188.483, 144
Trd, 000189.033, 143
Trd, 000189.733, 143
Trd, 000189.933, 144.0
Trd, 000191.633, 145
Trd, 000192.533, 143
Trd, 000192.633, 142
Trd, 000193.083, 141
Trd, 000194.483, 143
Trd, 000194.717, 143
Trd, 000195.033, 144
Trd, 000195.083, 145
Trd, 000196.200, 145
Trd, 000196.767, 148.0
Trd, 000196.800, 140
Trd, 000198.133, 142
Trd, 000199.167, 142
Trd, 000200.150, 140
Trd, 000200.183, 141
Trd, 000200.350, 144.0
Trd, 000200.383, 139
Trd, 000201.633, 139
Trd, 000202.217, 143
Trd, 000202.750, 144
Trd, 000203.500, 140
Trd, 000203.817, 143
Trd, 000203.900, 144.0
Trd, 000205.267, 143
Trd, 000205.283, 144
Trd, 000206.667, 141
Trd, 000207.683, 142
Trd, 000208.050, 140
Trd, 000208.100, 142
Trd, 000208.200, 143
Trd, 000208.367, 139
Trd, 000209.183, 144.0
Trd, 000209.967, 144
Trd, 000211.267, 143
Trd, 000211.983, 148.0
Trd, 000212.433, 147
Trd, 000212.933, 146
Trd, 000212.967, 150
Trd, 000213.033, 154
Trd, 000214.333, 147
Trd, 000215.383, 149.0
Trd, 000215.400, 151
Trd, 000215.500, 148.0
Trd, 000216.250, 148.0
Trd, 000217.150, 149
Trd, 000218.067, 150
Trd, 000218.483, 150
Trd, 000219.067, 150
Trd, 000219.933, 149
Trd, 000220.183, 150
Trd, 000220.367, 165
Trd, 000220.600, 166
Trd, 000220.933, 148.0
Trd, 000221.217, 148
Trd, 000222.333, 155
Trd, 000222.983, 148
Trd, 000224.017, 153.0
Trd, 000225.633, 154
Trd, 000225.667, 153.0
Trd, 000225.700, 154
Trd, 000226.167, 154
Trd, 000226.217, 154
Trd, 000226.283, 151
Trd, 000226.633, 150
Trd, 000227.317, 149
Trd, 000228.050, 148.0
Trd, 000228.983, 148
Trd, 000229.067, 136
Trd, 000229.550, 144.0
Trd, 000229.867, 147
Trd, 000231.033, 143
Trd, 000231.267, 143
Trd, 000231.983, 143
Trd, 000232.083, 142
Trd, 000233.183, 143
Trd, 000233.583, 143
Trd, 000234.183, 142
Trd, 000234.267, 143
Trd, 000234.367, 144
Trd, 000235.117, 141
Trd, 000236.300, 141
Trd, 000236.667, 140
Trd, 000236.800, 143
Trd, 000237.367, 136
Trd, 000238.000, 141
Trd, 000238.283, 142
Trd, 000238.500, 141
Trd, 000238.667, 143
Trd, 000238.917, 143.0
Trd, 000239.717, 143
Trd, 000240.317, 144.0
Trd, 000240.617, 144.0
Trd, 000240.933, 144
Trd, 000241.183, 145
Trd, 000241.350, 148.0
Trd, 000242.083, 150
Trd, 000242.233, 149
Trd, 000242.350, 149
Trd, 000242.500, 150
Trd, 000242.617, 148.0
Trd, 000243.733, 154
Trd, 000243.917, 155
Trd, 000245.333, 157.0
Trd, 000245.433, 156
Trd, 000245.900, 150
Trd, 000246.917, 154
Trd, 000247.017, 155.0
Trd, 000247.217, 152
Trd, 000248.300, 155.0
Trd, 000248.350, 153
Trd, 000248.600, 154
Trd, 000249.100, 154
Trd, 000249.350, 156
Trd, 000249.417, 153
Trd, 000249.467, 152
Trd, 000249.683, 149
Trd, 000250.567, 151.0
Trd, 000252.333, 149
Trd, 000252.483, 152
Trd, 000253.950, 149
Trd, 000254.050, 150
Trd, 000254.133, 154
Trd, 000254.983, 154
Trd, 000255.967, 154
Trd, 000256.167, 155
Trd, 000256.767, 153
Trd, 000256.867, 152
Trd, 000256.967, 154
Trd, 000257.033, 152
Trd, 000257.217, 152
Trd, 000257.933, 154
Trd, 000258.050, 155
Trd, 000258.267, 152.0
Trd, 000258.717, 157
Trd, 000259.217, 152.0
Trd, 000260.150, 156.0
Trd, 000260.617, 152
Trd, 000261.450, 154
Trd, 000261.933, 152
Trd, 000263.100, 151
Trd, 000263.483, 150
Trd, 000263.550, 153
Trd, 000263.900, 156.0
Trd, 000263.983, 158.0
Trd, 000264.433, 148.0
Trd, 000264.767, 154
Trd, 000265.083, 153
Trd, 000265.183, 150
Trd, 000266.433, 139.0
Trd, 000267.133, 142
Trd, 000267.233, 141
Trd, 000267.350, 142
Trd, 000267.717, 143.0
Trd, 000267.750, 143
Trd, 000268.033, 141.0
Trd, 000268.633, 143
Trd, 000269.117, 143
Trd, 000269.617, 144.0
Trd, 000269.850, 144
Trd, 000270.467, 142
Trd, 000270.617, 143
Trd, 000271.117, 150
Trd, 000271.283, 148.0
Trd, 000273.333, 147
Trd, 000273.617, 154
Trd, 000273.633, 146
Trd, 000273.700, 144
Trd, 000274.250, 154
Trd, 000275.083, 149.0
Trd, 000276.667, 151.0
Trd, 000276.917, 148.0
Trd, 000277.367, 150
Trd, 000277.383, 148
Trd, 000277.533, 150
Trd, 000277.567, 148
Trd, 000277.867, 148.0
Trd, 000278.050, 150
Trd, 000278.250, 151
Trd, 000279.100, 155
Trd, 000279.317, 146
Trd, 000280.133, 156
Trd, 000280.483, 158.0
Trd, 000280.600, 161.0
Trd, 000281.550, 156
Trd, 000282.900, 151
Trd, 000283.050, 156
Trd, 000283.067, 148.0
Trd, 000283.367, 141.0
Trd, 000284.417, 148.0
Trd, 000285.083, 153
Trd, 000285.217, 147
Trd, 000285.267, 151
Trd, 000285.517, 152
Trd, 000285.750, 150
Trd, 000285.800, 149.0
Trd, 000287.500, 149
Trd, 000288.017, 149.0
Trd, 000288.133, 154
Trd, 000290.100, 150
Trd, 000290.683, 152
Trd, 000290.883, 152
Trd, 000291.017, 149
Trd, 000291.400, 150
Trd, 000291.950, 150
Trd, 000292.217, 149
Trd, 000292.467, 149
Trd, 000293.550, 150
Trd, 000293.750, 148
Trd, 000293.967, 151
Trd, 000294.117, 155
Trd, 000294.867, 151
Trd, 000294.950, 151
Trd, 000296.800, 150.0
Trd, 000297.067, 149
Trd, 000297.517, 148.0
Trd, 000297.950, 147
Trd, 000298.533, 148
Trd, 000298.733, 145
Trd, 000298.750, 148
Trd, 000299.350, 142.0
