Trd, 000002.300, 148
Trd, 000002.417, 134.0
Trd, 000002.783, 150
Trd, 000003.783, 162
Trd, 000003.900, 162
Trd, 000004.167, 161
Trd, 000004.567, 158.0
Trd, 000005.283, 156
Trd, 000005.417, 161
Trd, 000005.833, 159
Trd, 000006.817, 150
Trd, 000006.900, 134.0
Trd, 000007.817, 110
Trd, 000008.633, 161.0
Trd, 000009.433, 153.0
Trd, 000010.100, 150
Trd, 000010.750, 151.0
Trd, 000011.533, 150
Trd, 000011.850, 144
Trd, 000012.033, 149.0
Trd, 000012.200, 149
Trd, 000012.267, 151.0
Trd, 000013.267, 151
Trd, 000013.517, 151.0
Trd, 000014.650, 149
Trd, 000014.900, 149
Trd, 000015.050, 150
Trd, 000015.850, 149
Trd, 000016.500, 146
Trd, 000016.633, 147
Trd, 000016.917, 143.0
Trd, 000017.333, 148
Trd, 000017.467, 143.0
Trd, 000017.800, 158.0
Trd, 000019.167, 151.0
Trd, 000019.750, 159.0
Trd, 000021.417, 148
Trd, 000021.800, 147
Trd, 000022.167, 148
Trd, 000022.400, 148
Trd, 000022.667, 147
Trd, 000022.750, 158
Trd, 000023.200, 142.0
Trd, 000023.567, 150
Trd, 000023.667, 141.0
Trd, 000024.767, 145
Trd, 000025.117, 144
Trd, 000025.200, 145
Trd, 000025.750, 137.0
Trd, 000026.317, 151.0
Trd, 000027.217, 147
Trd, 000027.783, 144
Trd, 000027.833, 151.0
Trd, 000028.383, 148
Trd, 000028.467, 143
Trd, 000029.417, 144
Trd, 000029.817, 144
Trd, 000030.000, 145
Trd, 000031.100, 148
Trd, 000032.233, 148
Trd, 000032.833, 144
Trd, 000033.767, 150.0
Trd, 000033.933, 153.0
Trd, 000035.100, 152.0
Trd, 000035.517, 146
Trd, 000035.633, 153.0
Trd, 000036.367, 152
Trd, 000036.433, 151.0
Trd, 000038.417, 150
Trd, 000038.567, 151
Trd, 000038.883, 154
Trd, 000040.317, 151
Trd, 000041.067, 151.0
Trd, 000041.200, 149
Trd, 000041.533, 152.0
Trd, 000042.233, 151
Trd, 000042.633, 151
Trd, 000043.683, 151
Trd, 000044.950, 150
Trd, 000045.017, 149
Trd, 000045.383, 150
Trd, 000045.700, 149
Trd, 000045.833, 151
Trd, 000046.233, 152
Trd, 000046.250, 148
Trd, 000047.467, 148
Trd, 000048.067, 141.0
Trd, 000048.783, 147
Trd, 000048.967, 141
Trd, 000049.217, 142
Trd, 000049.617, 138
Trd, 000050.233, 139
Trd, 000050.350, 141.0
Trd, 000052.033, 145
Trd, 000052.483, 147
Trd, 000053.383, 149
Trd, 000053.450, 147
Trd, 000053.917, 146
Trd, 000054.633, 152.0
Trd, 000055.417, 152.0
Trd, 000055.850, 153.0
Trd, 000056.300, 153
Trd, 000057.617, 154
Trd, 000058.067, 154
Trd, 000058.117, 155.0
Trd, 000058.800, 153
Trd, 000058.833, 154
Trd, 000060.233, 151
Trd, 000060.450, 151.0
Trd, 000060.467, 150
Trd, 000061.217, 150
Trd, 000061.300, 151
Trd, 000061.383, 151
Trd, 000061.417, 150
Trd, 000061.983, 148
Trd, 000062.667, 143.0
Trd, 000062.867, 141.0
Trd, 000063.333, 147
Trd, 000064.167, 150.0
Trd, 000064.217, 151.0
Trd, 000065.000, 149
Trd, 000065.767, 149
Trd, 000067.033, 147
Trd, 000067.867, 148
Trd, 000068.133, 148
Trd, 000068.600, 147
Trd, 000069.283, 147
Trd, 000069.917, 146
Trd, 000070.100, 146
Trd, 000070.483, 145
Trd, 000070.550, 146
Trd, 000071.500, 144
Trd, 000071.583, 146
Trd, 000071.733, 150
Trd, 000072.767, 148
Trd, 000073.733, 147.0
Trd, 000074.283, 146
Trd, 000074.350, 144
Trd, 000075.150, 144
Trd, 000076.000, 154.0
Trd, 000076.317, 155.0
Trd, 000076.350, 151.0
Trd, 000076.600, 143
Trd, 000078.617, 146
Trd, 000078.850, 144
Trd, 000079.100, 147
Trd, 000079.250, 147
Trd, 000079.417, 147
Trd, 000079.500, 148
Trd, 000080.217, 147
Trd, 000081.133, 146
Trd, 000081.317, 149
Trd, 000081.900, 150
Trd, 000082.650, 150
Trd, 000082.817, 150.0
Trd, 000083.850, 151.0
Trd, 000084.100, 146
Trd, 000084.750, 149.0
Trd, 000085.467, 149
Trd, 000085.533, 151.0
Trd, 000085.600, 147
Trd, 000086.783, 148
Trd, 000087.467, 147
Trd, 000088.333, 145
Trd, 000088.633, 141.0
Trd, 000088.817, 144
Trd, 000089.050, 146
Trd, 000089.367, 145
Trd, 000090.900, 142.0
Trd, 000092.083, 145
Trd, 000092.417, 149
Trd, 000092.717, 155.0
Trd, 000093.150, 147
Trd, 000093.933, 159.0
Trd, 000094.717, 160.0
Trd, 000094.983, 161.0
Trd, 000095.350, 160.0
Trd, 000095.517, 158.0
Trd, 000095.900, 159
Trd, 000096.817, 162.0
Trd, 000097.133, 159.0
Trd, 000097.267, 158
Trd, 000097.683, 159
Trd, 000098.533, 159
Trd, 000098.683, 158.0
Trd, 000099.683, 158
Trd, 000099.917, 157
Trd, 000100.700, 157
Trd, 000100.767, 156
Trd, 000102.117, 164.0
Trd, 000102.350, 165.0
Trd, 000103.650, 159
Trd, 000103.800, 157
Trd, 000104.767, 157
Trd, 000104.850, 157
Trd, 000105.117, 159
Trd, 000105.167, 156
Trd, 000105.567, 156
Trd, 000105.633, 141.0
Trd, 000105.950, 127
Trd, 000106.667, 151.0
Trd, 000107.733, 149
Trd, 000107.900, 149
Trd, 000109.167, 147
Trd, 000109.433, 150
Trd, 000109.967, 149
Trd, 000110.767, 148.0
Trd, 000110.850, 147
Trd, 000112.583, 147
Trd, 000112.783, 146
Trd, 000113.283, 146
Trd, 000113.800, 146.0
Trd, 000114.300, 145
Trd, 000114.633, 147
Trd, 000115.683, 141.0
Trd, 000115.900, 147
Trd, 000116.633, 148
Trd, 000117.117, 148
Trd, 000117.200, 149
Trd, 000117.467, 145
Trd, 000118.100, 151.0
Trd, 000118.767, 146
Trd, 000120.000, 150
Trd, 000120.050, 151.0
Trd, 000121.167, 147
Trd, 000121.750, 145
Trd, 000123.000, 146
Trd, 000123.133, 147
Trd, 000123.233, 148
Trd, 000123.300, 147
Trd, 000124.750, 146
Trd, 000124.800, 148
Trd, 000125.200, 147
Trd, 000125.250, 145
Trd, 000125.533, 149
Trd, 000126.283, 148
Trd, 000126.333, 149
Trd, 000127.333, 147
Trd, 000128.567, 146
Trd, 000128.917, 147
Trd, 000129.017, 148
Trd, 000129.217, 148
Trd, 000129.283, 151.0
Trd, 000131.200, 146
Trd, 000131.633, 145
Trd, 000131.950, 144
Trd, 000132.183, 144
Trd, 000133.867, 144.0
Trd, 000134.167, 148
Trd, 000134.233, 143
Trd, 000135.017, 147
Trd, 000135.750, 144
Trd, 000135.800, 145
Trd, 000137.117, 148
Trd, 000137.500, 148
Trd, 000138.433, 150.0
Trd, 000138.933, 151.0
Trd, 000139.350, 150
Trd, 000139.917, 154.0
Trd, 000140.467, 143
Trd, 000141.267, 151
Trd, 000141.400, 151
Trd, 000142.467, 151
Trd, 000142.567, 151
Trd, 000143.200, 149
Trd, 000143.567, 148
Trd, 000143.767, 148
Trd, 000143.950, 151
Trd, 000144.533, 148
Trd, 000145.150, 153.0
Trd, 000145.950, 154.0
Trd, 000146.067, 155.0
Trd, 000146.283, 151.0
Trd, 000147.183, 158.0
Trd, 000147.950, 163.0
Trd, 000148.333, 154
Trd, 000148.850, 153
Trd, 000149.167, 154
Trd, 000150.567, 152
Trd, 000151.017, 151.0
Trd, 000151.767, 152
Trd, 000152.400, 154
Trd, 000152.983, 152
Trd, 000153.567, 152
Trd, 000154.133, 152
Trd, 000154.517, 151.0
Trd, 000155.300, 151
Trd, 000155.467, 150
Trd, 000155.500, 152
Trd, 000157.450, 150
Trd, 000157.883, 150
Trd, 000158.100, 149
Trd, 000158.117, 141.0
Trd, 000158.367, 151.0
Trd, 000159.183, 150
Trd, 000159.217, 146
Trd, 000159.633, 151
Trd, 000160.800, 152
Trd, 000161.533, 152
Trd, 000162.283, 152.0
Trd, 000162.967, 152
Trd, 000163.417, 151
Trd, 000163.500, 155.0
Trd, 000163.967, 151
Trd, 000164.867, 159.0
Trd, 000165.083, 158.0
Trd, 000166.233, 154
Trd, 000166.667, 153.0
Trd, 000167.750, 153
Trd, 000168.217, 152
Trd, 000168.550, 134.0
Trd, 000168.583, 136
Trd, 000168.917, 147
Trd, 000169.333, 149
Trd, 000169.417, 154
Trd, 000169.983, 155.0
Trd, 000171.467, 162.0
Trd, 000172.200, 157.0
Trd, 000172.450, 156.0
Trd, 000172.517, 155
Trd, 000173.150, 157
Trd, 000174.033, 158.0
Trd, 000174.117, 156
Trd, 000174.917, 155.0
Trd, 000176.083, 151.0
Trd, 000176.467, 150.0
Trd, 000176.900, 141.0
Trd, 000176.917, 150.0
Trd, 000177.133, 139
Trd, 000177.283, 151.0
Trd, 000179.517, 146
Trd, 000179.767, 148
Trd, 000180.333, 153.0
Trd, 000180.533, 151.0
Trd, 000181.500, 150
Trd, 000181.817, 151
Trd, 000183.033, 151.0
Trd, 000183.317, 151.0
Trd, 000183.833, 148
Trd, 000184.050, 152.0
Trd, 000184.450, 147
Trd, 000186.333, 149
Trd, 000186.650, 150
Trd, 000186.767, 151
Trd, 000187.633, 148
Trd, 000188.583, 149
Trd, 000188.683, 152
Trd, 000190.200, 147
Trd, 000190.800, 150
Trd, 000191.517, 149
Trd, 000191.633, 147
Trd, 000191.850, 142.0
Trd, 000192.067, 148
Trd, 000192.150, 147
Trd, 000192.850, 145
Trd, 000193.333, 148
Trd, 000193.450, 151.0
Trd, 000193.983, 151
Trd, 000194.700, 150.0
Trd, 000196.317, 145
Trd, 000196.633, 146
Trd, 000197.483, 141.0
Trd, 000197.683, 146
Trd, 000198.350, 145
Trd, 000198.483, 146.0
Trd, 000198.617, 143
Trd, 000199.517, 148.0
Trd, 000199.967, 149
Trd, 000200.717, 147
Trd, 000201.950, 144
Trd, 000202.817, 145
Trd, 000202.917, 144
Trd, 000203.600, 144
Trd, 000203.833, 144
Trd, 000204.250, 143
Trd, 000204.300, 144
Trd, 000205.000, 151.0
Trd, 000205.300, 142
Trd, 000205.583, 142
Trd, 000206.433, 149
Trd, 000206.900, 144
Trd, 000207.267, 151.0
Trd, 000208.417, 152.0
Trd, 000209.050, 153.0
Trd, 000209.483, 150
Trd, 000209.933, 147
Trd, 000210.000, 146
Trd, 000210.467, 151
Trd, 000211.917, 148
Trd, 000212.417, 148
Trd, 000212.983, 147
Trd, 000213.967, 147
Trd, 000214.517, 147
Trd, 000215.033, 151.0
Trd, 000215.850, 146
Trd, 000216.050, 148
Trd, 000216.117, 150
Trd, 000216.450, 149
Trd, 000216.883, 134.0
Trd, 000216.900, 150
Trd, 000218.383, 146
Trd, 000218.733, 148
Trd, 000218.783, 145
Trd, 000219.217, 143
Trd, 000219.400, 148
Trd, 000220.567, 144
Trd, 000221.117, 143
Trd, 000221.167, 144
Trd, 000221.200, 147
Trd, 000222.517, 146
Trd, 000224.733, 147
Trd, 000225.383, 143
Trd, 000226.000, 147
Trd, 000226.867, 145
Trd, 000227.367, 142
Trd, 000228.417, 143
Trd, 000228.433, 144
Trd, 000228.483, 126
Trd, 000228.983, 141.0
Trd, 000230.550, 149.0
Trd, 000231.000, 149
Trd, 000231.650, 151.0
Trd, 000231.683, 148
Trd, 000231.933, 144
Trd, 000232.833, 155.0
Trd, 000234.117, 148
Trd, 000234.533, 150
Trd, 000234.867, 150
Trd, 000234.900, 149
Trd, 000235.500, 145
Trd, 000235.900, 147.0
Trd, 000236.300, 145
Trd, 000236.400, 144
Trd, 000237.450, 145
Trd, 000237.467, 151.0
Trd, 000237.783, 144
Trd, 000238.250, 145
Trd, 000238.600, 145
Trd, 000238.733, 145
Trd, 000238.750, 144
Trd, 000239.650, 148
Trd, 000239.900, 143
Trd, 000240.267, 149.0
Trd, 000240.967, 149.0
Trd, 000242.617, 146
Trd, 000242.633, 148.0
Trd, 000243.117, 145.0
Trd, 000243.750, 148.0
Trd, 000244.133, 148.0
Trd, 000244.350, 145.0
Trd, 000245.233, 146.0
Trd, 000245.617, 144
Trd, 000245.833, 144
Trd, 000246.800, 146
Trd, 000247.017, 147
Trd, 000247.233, 144
Trd, 000247.250, 143
Trd, 000247.850, 142
Trd, 000248.217, 145
Trd, 000249.100, 161
Trd, 000249.500, 159
Trd, 000249.550, 162
Trd, 000250.567, 147
Trd, 000250.817, 141.0
Trd, 000251.100, 158
Trd, 000251.233, 159
Trd, 000252.117, 157
Trd, 000252.833, 155.0
Trd, 000253.167, 155
Trd, 000253.333, 157
Trd, 000253.450, 152.0
Trd, 000253.500, 148
Trd, 000254.350, 152
Trd, 000254.717, 151.0
Trd, 000255.767, 149
Trd, 000256.150, 146
Trd, 000256.383, 144.0
Trd, 000256.683, 147
Trd, 000257.167, 146
Trd, 000258.300, 146
Trd, 000258.333, 147
Trd, 000258.600, 145
Trd, 000258.650, 146
Trd, 000258.883, 151.0
Trd, 000259.250, 146
Trd, 000260.367, 145
Trd, 000260.700, 144
Trd, 000261.067, 145.0
Trd, 000261.567, 144.0
Trd, 000261.767, 145
Trd, 000261.983, 144
Trd, 000262.133, 142
Trd, 000262.433, 143
Trd, 000262.533, 145
Trd, 000262.833, 142
Trd, 000263.850, 143
Trd, 000263.950, 147
Trd, 000264.483, 141.0
Trd, 000264.600, 148
Trd, 000265.433, 146
Trd, 000266.417, 146
Trd, 000266.633, 144.0
Trd, 000267.117, 146
Trd, 000267.750, 146
Trd, 000267.967, 145.0
Trd, 000268.267, 149
Trd, 000268.667, 145.0
Trd, 000269.467, 149
Trd, 000270.400, 148
Trd, 000270.883, 149
Trd, 000271.083, 147
Trd, 000271.233, 144.0
Trd, 000271.283, 143
Trd, 000271.650, 145.0
Trd, 000271.867, 150.0
Trd, 000272.317, 150.0
Trd, 000272.400, 144
Trd, 000272.833, 148.0
Trd, 000273.000, 151.0
Trd, 000273.850, 145
Trd, 000274.500, 144
Trd, 000275.400, 147
Trd, 000275.933, 144.0
Trd, 000276.450, 144
Trd, 000276.483, 143
Trd, 000276.950, 142.0
Trd, 000277.150, 141.0
Trd, 000277.317, 142
Trd, 000277.517, 140
Trd, 000277.817, 141
Trd, 000278.050, 137.0
Trd, 000278.233, 141
Trd, 000279.067, 137.0
Trd, 000279.167, 139
Trd, 000279.250, 135.0
Trd, 000279.900, 142.0
Trd, 000280.383, 136.0
Trd, 000281.817, 148
Trd, 000282.067, 139.0
Trd, 000282.100, 138.0
Trd, 000282.450, 143
Trd, 000282.667, 165.0
Trd, 000282.967, 155
Trd, 000283.117, 156
Trd, 000283.333, 138
Trd, 000283.567, 137.0
Trd, 000284.133, 158.0
Trd, 000285.167, 159
Trd, 000285.600, 158
Trd, 000286.050, 155
Trd, 000286.717, 157
Trd, 000286.767, 157
Trd, 000286.800, 150
Trd, 000287.417, 151
Trd, 000288.017, 150
Trd, 000288.350, 150
Trd, 000288.733, 144.0
Trd, 000289.417, 148
Trd, 000290.000, 144.0
Trd, 000290.133, 146
Trd, 000290.583, 146
Trd, 000290.733, 147
Trd, 000290.817, 136.0
Trd, 000291.350, 143
Trd, 000291.417, 146
Trd, 000292.100, 143
Trd, 000293.133, 144
Trd, 000293.417, 144
Trd, 000293.717, 144.0
Trd, 000293.867, 143.0
Trd, 000294.117, 144
Trd, 000294.767, 150.0
Trd, 000295.383, 142
Trd, 000295.833, 144.0
Trd, 000296.617, 149
Trd, 000296.867, 148
Trd, 000297.450, 144
Trd, 000297.483, 142
Trd, 000298.083, 141.0
Trd, 000298.100, 142
Trd, 000298.750, 143
Trd, 000298.767, 147
Trd, 000299.983, 144
