Trd, 000002.400, 151.0
Trd, 000002.517, 174
Trd, 000002.867, 157
Trd, 000003.550, 183.0
Trd, 000003.933, 162
Trd, 000004.417, 155
Trd, 000004.667, 152
Trd, 000005.917, 155.0
Trd, 000006.550, 162
Trd, 000007.033, 156
Trd, 000008.000, 157
Trd, 000008.317, 157
Trd, 000008.750, 156
Trd, 000009.050, 155.0
Trd, 000009.617, 158
Trd, 000011.183, 155
Trd, 000011.717, 154
Trd, 000012.167, 158
Trd, 000012.567, 168.0
Trd, 000014.100, 163
Trd, 000014.783, 157
Trd, 000014.850, 157
Trd, 000015.050, 157
Trd, 000015.217, 155
Trd, 000015.317, 155.0
Trd, 000015.550, 151.0
Trd, 000016.533, 155
Trd, 000016.833, 151
Trd, 000017.167, 150.0
Trd, 000017.317, 148.0
Trd, 000019.283, 149
Trd, 000019.567, 149
Trd, 000019.650, 148.0
Trd, 000019.700, 151
Trd, 000019.883, 149
Trd, 000020.633, 149
Trd, 000020.650, 147
Trd, 000021.517, 146
Trd, 000021.983, 144
Trd, 000022.450, 147
Trd, 000023.067, 144.0
Trd, 000024.133, 147
Trd, 000024.283, 144
Trd, 000024.517, 151.0
Trd, 000024.867, 172
Trd, 000025.267, 162
Trd, 000025.833, 152
Trd, 000026.733, 153
Trd, 000027.750, 151
Trd, 000028.367, 151
Trd, 000028.467, 154
Trd, 000029.250, 153
Trd, 000029.567, 150
Trd, 000030.200, 149
Trd, 000031.167, 150
Trd, 000031.800, 149.0
Trd, 000032.083, 149
Trd, 000032.667, 148.0
Trd, 000032.950, 151.0
Trd, 000034.367, 150
Trd, 000035.017, 151
Trd, 000035.750, 150
Trd, 000037.233, 150
Trd, 000037.350, 148.0
Trd, 000037.667, 149
Trd, 000038.200, 150.0
Trd, 000038.767, 150.0
Trd, 000039.150, 148
Trd, 000039.767, 148
Trd, 000040.183, 151.0
Trd, 000041.850, 148.0
Trd, 000041.950, 149
Trd, 000042.433, 150
Trd, 000042.767, 150
Trd, 000043.750, 156.0
Trd, 000045.050, 155
Trd, 000045.717, 156
Trd, 000045.817, 155.0
Trd, 000046.433, 158
Trd, 000046.717, 172
Trd, 000047.600, 162
Trd, 000048.100, 156
Trd, 000048.800, 160
Trd, 000048.883, 156
Trd, 000048.950, 162
Trd, 000049.517, 155
Trd, 000049.567, 155.0
Trd, 000050.283, 160
Trd, 000050.567, 151.0
Trd, 000052.117, 159
Trd, 000052.550, 155
Trd, 000052.600, 154
Trd, 000053.950, 154
Trd, 000054.000, 154
Trd, 000054.333, 153
Trd, 000054.617, 152
Trd, 000054.783, 151.0
Trd, 000055.083, 154
Trd, 000055.500, 148.0
Trd, 000056.100, 153
Trd, 000056.817, 151
Trd, 000056.950, 154
Trd, 000057.817, 163
Trd, 000058.683, 157
Trd, 000058.883, 153
Trd, 000060.217, 151
Trd, 000060.617, 150.0
Trd, 000060.883, 150.0
Trd, 000062.500, 149
Trd, 000062.550, 150
Trd, 000063.367, 150
Trd, 000063.850, 151.0
Trd, 000064.400, 150.0
Trd, 000064.650, 155.0
Trd, 000064.750, 151
Trd, 000065.617, 153
Trd, 000065.883, 154
Trd, 000066.250, 155
Trd, 000066.767, 157
Trd, 000070.050, 151
Trd, 000070.500, 155.0
Trd, 000071.400, 154
Trd, 000071.617, 156
Trd, 000072.217, 155
Trd, 000072.567, 155
Trd, 000073.000, 156
Trd, 000073.067, 156.0
Trd, 000073.383, 157
Trd, 000073.533, 155
Trd, 000073.783, 155
Trd, 000074.083, 155.0
Trd, 000074.300, 151.0
Trd, 000075.867, 154
Trd, 000077.250, 153
Trd, 000077.417, 152
Trd, 000079.183, 152
Trd, 000079.633, 150
Trd, 000080.100, 150
Trd, 000080.167, 151
Trd, 000081.000, 149
Trd, 000081.167, 151.0
Trd, 000081.183, 148.0
Trd, 000081.933, 152
Trd, 000082.267, 158
Trd, 000082.650, 156
Trd, 000082.733, 157
Trd, 000082.800, 155.0
Trd, 000083.833, 162
Trd, 000084.450, 154
Trd, 000084.467, 151.0
Trd, 000084.517, 137
Trd, 000085.150, 155
Trd, 000085.983, 154
Trd, 000087.267, 152
Trd, 000087.400, 152
Trd, 000087.867, 150
Trd, 000088.833, 149
Trd, 000089.900, 148
Trd, 000090.817, 151
Trd, 000091.050, 150
Trd, 000092.033, 155.0
Trd, 000092.117, 150
Trd, 000092.167, 156
Trd, 000092.700, 154
Trd, 000092.983, 151.0
Trd, 000093.633, 149
Trd, 000093.650, 155
Trd, 000094.317, 151
Trd, 000095.333, 147
Trd, 000095.650, 149
Trd, 000095.867, 152
Trd, 000096.900, 148.0
Trd, 000097.717, 148
Trd, 000098.400, 147.0
Trd, 000099.700, 151
Trd, 000100.017, 149
Trd, 000100.100, 149
Trd, 000100.267, 150
Trd, 000100.300, 147
Trd, 000101.100, 148
Trd, 000101.350, 151.0
Trd, 000101.617, 150
Trd, 000102.300, 158
Trd, 000102.600, 150
Trd, 000103.250, 151
Trd, 000103.450, 151
Trd, 000103.850, 151
Trd, 000104.150, 151
Trd, 000104.850, 150
Trd, 000105.600, 148.0
Trd, 000105.917, 150
Trd, 000106.150, 149
Trd, 000106.717, 149
Trd, 000107.067, 147
Trd, 000108.517, 148
Trd, 000109.000, 147
Trd, 000109.267, 147
Trd, 000109.367, 146
Trd, 000109.600, 146
Trd, 000110.167, 144.0
Trd, 000110.217, 151.0
Trd, 000110.600, 158
Trd, 000112.133, 141.0
Trd, 000112.750, 135
Trd, 000113.150, 148
Trd, 000113.467, 144.0
Trd, 000114.400, 146
Trd, 000114.783, 146
Trd, 000115.550, 149
Trd, 000116.100, 146
Trd, 000116.433, 142
Trd, 000116.600, 151.0
Trd, 000118.267, 152
Trd, 000118.650, 150
Trd, 000118.933, 155.0
Trd, 000119.583, 160
Trd, 000120.867, 167.0
Trd, 000120.883, 159
Trd, 000121.217, 158
Trd, 000121.417, 159
Trd, 000122.433, 156
Trd, 000122.483, 157
Trd, 000122.717, 151.0
Trd, 000124.183, 156
Trd, 000124.533, 153
Trd, 000124.733, 155.0
Trd, 000124.767, 151.0
Trd, 000125.550, 154
Trd, 000126.667, 154
Trd, 000126.883, 152
Trd, 000127.867, 151.0
Trd, 000127.983, 144.0
Trd, 000128.000, 141
Trd, 000128.600, 151
Trd, 000129.317, 150
Trd, 000130.083, 149
Trd, 000130.567, 150
Trd, 000130.767, 151.0
Trd, 000131.250, 148
Trd, 000131.350, 152
Trd, 000131.800, 147
Trd, 000132.567, 153
Trd, 000134.467, 150
Trd, 000134.900, 151
Trd, 000135.250, 149
Trd, 000136.200, 151
Trd, 000137.033, 150.0
Trd, 000137.167, 149
Trd, 000137.600, 148
Trd, 000137.783, 150
Trd, 000138.067, 153
Trd, 000138.317, 148.0
Trd, 000138.733, 151.0
Trd, 000138.983, 150
Trd, 000139.083, 149
Trd, 000139.300, 150
Trd, 000139.567, 148
Trd, 000139.733, 149
Trd, 000141.850, 151.0
Trd, 000142.850, 155.0
Trd, 000143.217, 156
Trd, 000143.750, 151
Trd, 000144.467, 152
Trd, 000144.617, 150
Trd, 000145.117, 150
Trd, 000145.367, 148.0
Trd, 000146.217, 148
Trd, 000146.683, 148
Trd, 000146.850, 149
Trd, 000147.783, 149.0
Trd, 000147.817, 148.0
Trd, 000148.217, 147.0
Trd, 000148.683, 151
Trd, 000150.633, 148
Trd, 000150.900, 148
Trd, 000150.950, 149
Trd, 000152.833, 148
Trd, 000153.267, 147
Trd, 000153.683, 149
Trd, 000153.933, 151
Trd, 000155.733, 149
Trd, 000155.850, 147
Trd, 000155.867, 147
Trd, 000156.283, 146
Trd, 000156.500, 149
Trd, 000157.400, 150.0
Trd, 000158.750, 148
Trd, 000158.917, 148.0
Trd, 000159.400, 150.0
Trd, 000160.033, 149.0
Trd, 000160.350, 148
Trd, 000160.867, 149
Trd, 000161.400, 151.0
Trd, 000161.667, 151
Trd, 000162.517, 153
Trd, 000162.617, 152
Trd, 000163.483, 151
Trd, 000163.783, 146.0
Trd, 000164.017, 156
Trd, 000165.633, 151
Trd, 000165.817, 151
Trd, 000166.400, 153
Trd, 000166.700, 150
Trd, 000167.200, 149
Trd, 000167.500, 150
Trd, 000168.800, 149
Trd, 000168.933, 148.0
Trd, 000169.350, 150
Trd, 000170.000, 152
Trd, 000170.333, 149
Trd, 000171.433, 150.0
Trd, 000171.767, 151.0
Trd, 000172.567, 150
Trd, 000172.683, 149
Trd, 000173.017, 150
Trd, 000173.233, 151
Trd, 000173.800, 158
Trd, 000176.233, 155.0
Trd, 000176.467, 155
Trd, 000176.667, 156
Trd, 000176.933, 157
Trd, 000177.200, 162
Trd, 000177.433, 157
Trd, 000178.483, 171
Trd, 000179.100, 155
Trd, 000179.150, 151
Trd, 000179.933, 164
Trd, 000180.100, 155.0
Trd, 000180.633, 159
Trd, 000182.033, 157
Trd, 000182.950, 155.0
Trd, 000183.600, 155
Trd, 000184.767, 155
Trd, 000184.917, 156
Trd, 000185.133, 154
Trd, 000185.750, 158
Trd, 000186.350, 152
Trd, 000186.850, 151
Trd, 000187.717, 152
Trd, 000187.800, 158
Trd, 000187.983, 158
Trd, 000188.467, 155.0
Trd, 000189.033, 155
Trd, 000190.417, 148.0
Trd, 000190.750, 152
Trd, 000191.100, 151.0
Trd, 000191.783, 148
Trd, 000191.950, 149
Trd, 000192.950, 149
Trd, 000193.100, 149.0
Trd, 000193.533, 150
Trd, 000194.933, 151.0
Trd, 000195.150, 149
Trd, 000195.567, 151.0
Trd, 000196.067, 148.0
Trd, 000196.967, 147
Trd, 000197.233, 146
Trd, 000197.367, 146
Trd, 000197.533, 146
Trd, 000198.667, 148
Trd, 000198.733, 149
Trd, 000198.883, 150
Trd, 000199.133, 158
Trd, 000199.150, 168.0
Trd, 000200.167, 147.0
Trd, 000201.583, 149
Trd, 000201.767, 151.0
Trd, 000202.550, 147.0
Trd, 000203.017, 150
Trd, 000203.100, 151
Trd, 000204.217, 150
Trd, 000204.800, 149
Trd, 000205.183, 150
Trd, 000205.333, 148
Trd, 000205.383, 148.0
Trd, 000206.167, 147
Trd, 000207.033, 147
Trd, 000207.200, 146
Trd, 000207.533, 146
Trd, 000208.817, 145
Trd, 000209.483, 145
Trd, 000209.500, 147
Trd, 000210.050, 146
Trd, 000210.483, 147
Trd, 000211.717, 147
Trd, 000211.733, 146
Trd, 000212.450, 145
Trd, 000212.483, 144.0
Trd, 000212.900, 145
Trd, 000213.050, 146
Trd, 000213.100, 141.0
Trd, 000214.150, 149.0
Trd, 000214.350, 151.0
Trd, 000215.700, 158
Trd, 000216.150, 149
Trd, 000216.867, 148
Trd, 000217.183, 149
Trd, 000217.200, 148.0
Trd, 000219.017, 158
Trd, 000219.483, 155.0
Trd, 000219.750, 166.0
Trd, 000220.700, 152
Trd, 000221.383, 153
Trd, 000221.433, 153
Trd, 000221.800, 152
Trd, 000222.067, 153
Trd, 000222.400, 151.0
Trd, 000223.100, 153
Trd, 000224.033, 155
Trd, 000224.567, 156
Trd, 000225.233, 155
Trd, 000225.700, 154
Trd, 000226.033, 155
Trd, 000226.200, 153
Trd, 000226.583, 152
Trd, 000226.667, 158
Trd, 000226.850, 151.0
Trd, 000229.183, 153
Trd, 000229.367, 153
Trd, 000229.500, 154
Trd, 000229.933, 157
Trd, 000231.517, 155.0
Trd, 000231.583, 153
Trd, 000231.633, 151.0
Trd, 000232.000, 151
Trd, 000232.283, 156
Trd, 000232.550, 151
Trd, 000233.467, 151
Trd, 000233.983, 150
Trd, 000234.183, 149
Trd, 000234.550, 151
Trd, 000235.350, 150
Trd, 000235.733, 149.0
Trd, 000236.317, 151.0
Trd, 000238.183, 151
Trd, 000240.000, 151.0
Trd, 000240.117, 149.0
Trd, 000240.383, 157
Trd, 000240.867, 153
Trd, 000241.100, 154
Trd, 000241.200, 155
Trd, 000241.283, 157
Trd, 000241.550, 156
Trd, 000242.217, 155
Trd, 000242.367, 154
Trd, 000242.750, 148.0
Trd, 000243.167, 155
Trd, 000243.533, 155
Trd, 000243.650, 153
Trd, 000243.983, 145.0
Trd, 000244.617, 151
Trd, 000244.717, 154
Trd, 000244.950, 151
Trd, 000245.967, 147.0
Trd, 000246.233, 145
Trd, 000247.067, 147
Trd, 000247.383, 147
Trd, 000247.817, 146
Trd, 000247.867, 147
Trd, 000248.467, 148.0
Trd, 000249.417, 147.0
Trd, 000249.467, 146
Trd, 000249.967, 144
Trd, 000250.417, 143
Trd, 000250.767, 141.0
Trd, 000251.233, 142
Trd, 000251.317, 145
Trd, 000251.717, 147
Trd, 000253.050, 149.0
Trd, 000253.733, 144
Trd, 000253.900, 145
Trd, 000254.117, 151.0
Trd, 000255.017, 148
Trd, 000255.083, 164
Trd, 000255.450, 160
Trd, 000255.900, 157
Trd, 000256.267, 155
Trd, 000256.667, 148
Trd, 000256.800, 144.0
Trd, 000258.833, 151
Trd, 000259.233, 151
Trd, 000259.400, 150
Trd, 000259.567, 151
Trd, 000259.817, 152
Trd, 000259.883, 149
Trd, 000260.317, 150.0
Trd, 000261.000, 148
Trd, 000261.167, 148.0
Trd, 000261.467, 149.0
Trd, 000261.633, 147
Trd, 000262.367, 150
Trd, 000262.433, 148
Trd, 000262.983, 150.0
Trd, 000264.017, 151.0
Trd, 000264.767, 147
Trd, 000265.767, 151
Trd, 000266.367, 150
Trd, 000266.717, 151
Trd, 000267.167, 152
Trd, 000267.333, 155.0
Trd, 000267.567, 149.0
Trd, 000267.683, 152
Trd, 000269.283, 151
Trd, 000269.300, 151
Trd, 000270.017, 151
Trd, 000270.600, 149.0
Trd, 000270.717, 151
Trd, 000271.267, 152
Trd, 000271.383, 148
Trd, 000271.883, 148.0
Trd, 000271.900, 151
Trd, 000272.317, 150
Trd, 000272.383, 151.0
Trd, 000272.533, 152
Trd, 000272.633, 148
Trd, 000273.050, 147
Trd, 000274.100, 150
Trd, 000274.817, 147
Trd, 000275.383, 146
Trd, 000275.567, 149
Trd, 000276.767, 146
Trd, 000276.800, 145
Trd, 000276.867, 149.0
Trd, 000278.167, 148.0
Trd, 000278.517, 146
Trd, 000279.150, 145
Trd, 000279.350, 146.0
Trd, 000280.667, 144.0
Trd, 000281.017, 145
Trd, 000281.217, 144
Trd, 000281.450, 145
Trd, 000281.550, 144
Trd, 000281.850, 143
Trd, 000282.117, 147
Trd, 000283.383, 147.0
Trd, 000283.467, 148.0
Trd, 000283.500, 149.0
Trd, 000283.550, 151.0
Trd, 000284.450, 149
Trd, 000284.717, 150
Trd, 000284.767, 148
Trd, 000285.217, 148.0
Trd, 000286.400, 147
Trd, 000286.700, 150
Trd, 000286.983, 151
Trd, 000287.533, 148
Trd, 000287.883, 147
Trd, 000288.783, 149
Trd, 000289.083, 147
Trd, 000289.267, 149
Trd, 000289.383, 146.0
Trd, 000291.083, 149
Trd, 000291.367, 147
Trd, 000291.483, 146
Trd, 000292.400, 147
Trd, 000292.717, 145
Trd, 000293.433, 148.0
Trd, 000294.083, 150
Trd, 000294.883, 149.0
Trd, 000295.167, 148.0
Trd, 000295.400, 148.0
Trd, 000296.167, 148.0
Trd, 000296.217, 150
Trd, 000296.467, 147
Trd, 000297.467, 156
Trd, 000297.550, 155.0
Trd, 000297.883, 155
Trd, 000298.467, 155
Trd, 000298.967, 153
Trd, 000298.983, 157
Trd, 000299.200, 151
