Trd, 000002.267, 120.0
Trd, 000002.883, 118
Trd, 000003.700, 119
Trd, 000004.283, 134.0
Trd, 000004.833, 140
Trd, 000005.217, 141.0
Trd, 000005.533, 154.0
Trd, 000005.917, 155.0
Trd, 000006.333, 168.0
Trd, 000006.833, 144
Trd, 000007.167, 141
Trd, 000008.250, 141.0
Trd, 000008.883, 148
Trd, 000009.233, 141
Trd, 000010.383, 147
Trd, 000010.450, 148
Trd, 000010.533, 149
Trd, 000010.750, 155.0
Trd, 000011.350, 152
Trd, 000011.400, 149
Trd, 000012.617, 152
Trd, 000014.050, 167
Trd, 000014.650, 155
Trd, 000014.700, 157
Trd, 000015.650, 159
Trd, 000016.683, 155
Trd, 000016.867, 159
Trd, 000017.850, 156
Trd, 000018.250, 156
Trd, 000018.883, 161
Trd, 000019.283, 158
Trd, 000019.617, 157
Trd, 000020.217, 164.0
Trd, 000020.983, 160
Trd, 000021.267, 163
Trd, 000021.333, 161
Trd, 000022.033, 162
Trd, 000022.583, 159
Trd, 000024.750, 153
Trd, 000025.067, 154
Trd, 000025.167, 153
Trd, 000025.217, 152
Trd, 000025.633, 150
Trd, 000025.700, 137.0
Trd, 000027.400, 148
Trd, 000027.667, 149
Trd, 000027.800, 139
Trd, 000027.933, 150
Trd, 000028.400, 155.0
Trd, 000029.967, 141.0
Trd, 000031.100, 143
Trd, 000031.183, 144
Trd, 000032.467, 150
Trd, 000033.717, 161
Trd, 000034.367, 171
Trd, 000034.633, 164
Trd, 000036.017, 164
Trd, 000036.267, 162
Trd, 000036.700, 158
Trd, 000038.300, 160
Trd, 000038.933, 159
Trd, 000039.517, 160
Trd, 000041.000, 157
Trd, 000041.083, 159
Trd, 000041.800, 154
Trd, 000042.000, 157
Trd, 000043.367, 138.0
Trd, 000043.650, 152
Trd, 000044.417, 144
Trd, 000044.783, 144
Trd, 000045.183, 142
Trd, 000045.367, 143
Trd, 000046.333, 142
Trd, 000046.633, 142
Trd, 000046.783, 142
Trd, 000047.600, 142
Trd, 000048.367, 144
Trd, 000048.967, 148
Trd, 000049.317, 149
Trd, 000049.433, 164
Trd, 000049.517, 168.0
Trd, 000049.600, 150
Trd, 000051.833, 160
Trd, 000053.950, 146
Trd, 000054.083, 146
Trd, 000054.133, 145
Trd, 000054.150, 150
Trd, 000055.050, 143
Trd, 000055.533, 150
Trd, 000055.817, 151
Trd, 000056.417, 143
Trd, 000058.900, 146
Trd, 000058.967, 153.0
Trd, 000059.850, 150
Trd, 000060.200, 152
Trd, 000060.233, 171
Trd, 000061.750, 154
Trd, 000062.433, 156
Trd, 000062.883, 155
Trd, 000063.917, 155
Trd, 000064.717, 137.0
Trd, 000065.650, 150
Trd, 000065.817, 141.0
Trd, 000065.933, 152
Trd, 000065.950, 153
Trd, 000066.383, 120.0
Trd, 000068.433, 141
Trd, 000068.950, 140
Trd, 000069.717, 140.0
Trd, 000069.733, 141.0
Trd, 000070.100, 141.0
Trd, 000070.150, 140.0
Trd, 000072.750, 140
Trd, 000073.167, 141.0
Trd, 000073.833, 129
Trd, 000073.850, 144
Trd, 000074.267, 131.0
Trd, 000075.767, 141
Trd, 000076.483, 141
Trd, 000077.933, 142
Trd, 000078.367, 142
Trd, 000078.867, 142
Trd, 000078.900, 143
Trd, 000079.250, 141
Trd, 000079.400, 171
Trd, 000079.600, 172
Trd, 000081.200, 164
Trd, 000081.800, 167.0
Trd, 000083.350, 163
Trd, 000084.083, 162.0
Trd, 000084.317, 163
Trd, 000084.833, 162
Trd, 000085.250, 163
Trd, 000085.683, 159
Trd, 000085.850, 157
Trd, 000086.017, 163
Trd, 000086.167, 163
Trd, 000087.317, 137.0
Trd, 000087.867, 168.0
Trd, 000088.500, 162.0
Trd, 000088.700, 163
Trd, 000090.750, 162
Trd, 000090.933, 162
Trd, 000091.183, 163
Trd, 000092.433, 161
Trd, 000092.950, 155
Trd, 000094.133, 155
Trd, 000094.917, 155
Trd, 000095.433, 155
Trd, 000095.583, 155
Trd, 000096.233, 169
Trd, 000096.617, 155
Trd, 000096.817, 155
Trd, 000097.117, 161
Trd, 000098.733, 158
Trd, 000098.850, 166
Trd, 000099.850, 158
Trd, 000100.417, 158
Trd, 000100.850, 158
Trd, 000101.100, 157
Trd, 000102.100, 156
Trd, 000102.133, 137.0
Trd, 000102.600, 142
Trd, 000103.167, 156
Trd, 000104.167, 150
Trd, 000104.417, 150
Trd, 000104.883, 151
Trd, 000105.667, 152
Trd, 000105.700, 146
Trd, 000107.017, 152
Trd, 000107.267, 153.0
Trd, 000107.483, 151
Trd, 000107.600, 149
Trd, 000107.683, 147
Trd, 000107.933, 146
Trd, 000109.683, 146
Trd, 000109.750, 147
Trd, 000111.183, 147
Trd, 000111.867, 145
Trd, 000112.233, 142
Trd, 000112.517, 148
Trd, 000112.617, 140
Trd, 000113.933, 147
Trd, 000115.100, 141
Trd, 000115.817, 145
Trd, 000117.983, 144
Trd, 000118.083, 145
Trd, 000118.250, 143
Trd, 000118.267, 144
Trd, 000118.867, 144
Trd, 000119.083, 144
Trd, 000119.183, 155.0
Trd, 000119.250, 168.0
Trd, 000120.183, 143
Trd, 000120.717, 144
Trd, 000121.100, 143
Trd, 000121.600, 156
Trd, 000121.700, 142
Trd, 000122.067, 137.0
Trd, 000125.583, 144
Trd, 000125.967, 147
Trd, 000126.350, 148
Trd, 000126.883, 150
Trd, 000127.500, 150
Trd, 000127.533, 151
Trd, 000128.600, 171
Trd, 000129.133, 157
Trd, 000130.117, 157
Trd, 000130.633, 158
Trd, 000130.750, 158
Trd, 000131.700, 157
Trd, 000131.867, 157
Trd, 000132.367, 156
Trd, 000133.000, 154
Trd, 000133.750, 155
Trd, 000134.533, 154
Trd, 000134.750, 155
Trd, 000135.167, 142
Trd, 000135.750, 142
Trd, 000137.150, 148
Trd, 000137.350, 137.0
Trd, 000137.683, 146
Trd, 000138.267, 153
Trd, 000139.917, 144
Trd, 000140.350, 143
Trd, 000140.800, 145
Trd, 000140.917, 147
Trd, 000140.967, 147
Trd, 000141.267, 143
Trd, 000142.217, 150
Trd, 000143.133, 166.0
Trd, 000143.450, 150
Trd, 000143.567, 156
Trd, 000145.417, 153
Trd, 000145.650, 153
Trd, 000146.083, 152
Trd, 000146.167, 150
Trd, 000147.250, 149
Trd, 000148.133, 150
Trd, 000148.400, 150
Trd, 000148.483, 146
Trd, 000149.300, 155
Trd, 000149.917, 165.0
Trd, 000150.450, 157
Trd, 000150.700, 156
Trd, 000152.150, 156
Trd, 000153.800, 168.0
Trd, 000154.150, 135
Trd, 000154.550, 141.0
Trd, 000155.267, 149
Trd, 000156.000, 150
Trd, 000156.733, 151
Trd, 000157.133, 150
Trd, 000157.383, 151
Trd, 000157.683, 150
Trd, 000159.983, 151
Trd, 000160.667, 150
Trd, 000161.000, 150
Trd, 000161.350, 152
Trd, 000161.467, 149
Trd, 000161.533, 148
Trd, 000162.117, 148
Trd, 000162.750, 152
Trd, 000163.567, 152
Trd, 000163.817, 153
Trd, 000163.833, 137.0
Trd, 000165.400, 144
Trd, 000166.467, 144
Trd, 000167.017, 143
Trd, 000167.550, 144
Trd, 000167.767, 165.0
Trd, 000168.200, 150
Trd, 000168.783, 154
Trd, 000169.417, 155
Trd, 000169.533, 165.0
Trd, 000170.867, 156
Trd, 000170.900, 155
Trd, 000171.483, 153
Trd, 000173.133, 151
Trd, 000174.067, 150
Trd, 000175.517, 150
Trd, 000175.600, 150
Trd, 000176.000, 151
Trd, 000176.200, 149
Trd, 000176.367, 168.0
Trd, 000178.017, 153
Trd, 000179.000, 154
Trd, 000179.117, 153
Trd, 000179.133, 154
Trd, 000179.767, 144
Trd, 000180.583, 152
Trd, 000181.733, 155
Trd, 000181.983, 152
Trd, 000182.000, 155.0
Trd, 000182.817, 157
Trd, 000185.700, 157
Trd, 000185.983, 159
Trd, 000186.200, 159
Trd, 000186.783, 157
Trd, 000187.067, 161.0
Trd, 000187.233, 156
Trd, 000187.650, 155
Trd, 000188.650, 156
Trd, 000189.417, 156
Trd, 000189.617, 154
Trd, 000190.683, 155
Trd, 000192.233, 141.0
Trd, 000192.283, 140.0
Trd, 000192.583, 144
Trd, 000192.950, 140.0
Trd, 000193.050, 139
Trd, 000193.617, 139
Trd, 000193.850, 138.0
Trd, 000195.083, 135
Trd, 000195.733, 138
Trd, 000197.233, 166.0
Trd, 000197.250, 168.0
Trd, 000197.700, 135
Trd, 000198.500, 144
Trd, 000199.883, 150
Trd, 000200.900, 152
Trd, 000201.733, 154
Trd, 000202.683, 151
Trd, 000203.350, 153
Trd, 000204.400, 167.0
Trd, 000204.817, 151
Trd, 000204.900, 151
Trd, 000205.733, 151
Trd, 000207.467, 155
Trd, 000207.917, 154
Trd, 000208.200, 152
Trd, 000209.017, 153
Trd, 000209.983, 153
Trd, 000211.033, 152
Trd, 000211.083, 152
Trd, 000211.417, 151
Trd, 000212.583, 150
Trd, 000212.783, 152
Trd, 000212.850, 134
Trd, 000213.933, 151
Trd, 000213.950, 153
Trd, 000214.983, 145
Trd, 000215.417, 155.0
Trd, 000217.300, 151
Trd, 000217.450, 150
Trd, 000217.533, 149
Trd, 000217.867, 148
Trd, 000218.417, 131.0
Trd, 000218.617, 149
Trd, 000219.700, 145
Trd, 000220.150, 168.0
Trd, 000222.150, 151
Trd, 000222.767, 151
Trd, 000223.117, 150
Trd, 000223.467, 149
Trd, 000223.550, 151
Trd, 000223.600, 146
Trd, 000224.917, 141.0
Trd, 000225.250, 147
Trd, 000225.783, 155.0
Trd, 000226.283, 170
Trd, 000226.533, 172
Trd, 000226.617, 155
Trd, 000228.067, 158
Trd, 000228.450, 174.0
Trd, 000231.783, 162
Trd, 000231.917, 161
Trd, 000232.483, 159
Trd, 000234.033, 164
Trd, 000234.517, 161
Trd, 000234.917, 159
Trd, 000237.233, 158
Trd, 000237.483, 158
Trd, 000237.850, 159
Trd, 000238.033, 159
Trd, 000238.183, 158
Trd, 000238.200, 160
Trd, 000238.650, 155
Trd, 000239.300, 137.0
Trd, 000240.283, 151
Trd, 000240.583, 152
Trd, 000240.600, 153
Trd, 000240.733, 153
Trd, 000241.250, 155
Trd, 000241.467, 153
Trd, 000241.750, 155.0
Trd, 000242.250, 154
Trd, 000242.333, 155
Trd, 000242.650, 158.0
Trd, 000242.683, 162.0
Trd, 000243.200, 157
Trd, 000244.550, 161
Trd, 000244.933, 158
Trd, 000245.117, 157
Trd, 000245.550, 141.0
Trd, 000246.950, 156
Trd, 000247.067, 153
Trd, 000247.400, 153
Trd, 000247.467, 150
Trd, 000248.167, 151
Trd, 000248.917, 137.0
Trd, 000249.433, 143
Trd, 000249.617, 146
Trd, 000249.967, 145
Trd, 000250.133, 144
Trd, 000250.483, 141
Trd, 000250.933, 145
Trd, 000251.533, 141
Trd, 000251.983, 144.0
Trd, 000253.050, 149.0
Trd, 000253.400, 150.0
Trd, 000253.500, 151.0
Trd, 000253.900, 152
Trd, 000253.917, 151.0
Trd, 000254.367, 148
Trd, 000254.850, 137.0
Trd, 000255.583, 139.0
Trd, 000256.450, 141.0
Trd, 000256.533, 148
Trd, 000258.667, 151.0
Trd, 000258.900, 155.0
Trd, 000259.217, 153.0
Trd, 000259.367, 155
Trd, 000259.500, 151
Trd, 000259.683, 138
Trd, 000259.750, 152.0
Trd, 000260.500, 145
Trd, 000260.717, 145
Trd, 000260.983, 144
Trd, 000261.933, 136.0
Trd, 000262.417, 138.0
Trd, 000263.550, 137
Trd, 000264.067, 134.0
Trd, 000264.233, 137.0
Trd, 000264.550, 120
Trd, 000265.167, 133
Trd, 000265.333, 132
Trd, 000265.517, 134
Trd, 000265.817, 141.0
Trd, 000266.350, 155.0
Trd, 000267.167, 149
Trd, 000267.300, 150.0
Trd, 000267.450, 149
Trd, 000267.600, 156.0
Trd, 000268.033, 153
Trd, 000268.817, 151
Trd, 000268.850, 153.0
Trd, 000269.550, 148
Trd, 000269.600, 155
Trd, 000271.233, 151
Trd, 000271.417, 149
Trd, 000271.767, 148
Trd, 000272.133, 152.0
Trd, 000273.317, 147.0
Trd, 000273.417, 146.0
Trd, 000273.867, 150.0
Trd, 000274.367, 150
Trd, 000274.550, 146
Trd, 000274.633, 155.0
Trd, 000275.367, 153
Trd, 000276.667, 153.0
Trd, 000276.983, 149
Trd, 000277.283, 148
Trd, 000278.733, 150
Trd, 000279.567, 149
Trd, 000280.183, 153
Trd, 000280.267, 154
Trd, 000280.400, 154
Trd, 000280.783, 148
Trd, 000280.883, 148
Trd, 000281.100, 153.0
Trd, 000281.850, 146
Trd, 000281.900, 155.0
Trd, 000282.517, 141.0
Trd, 000282.933, 146
Trd, 000283.550, 149
Trd, 000283.783, 144
Trd, 000284.183, 137
Trd, 000284.233, 146
Trd, 000284.467, 147
Trd, 000284.600, 156.0
Trd, 000284.717, 157.0
Trd, 000285.167, 137.0
Trd, 000285.317, 134.0
Trd, 000285.750, 136
Trd, 000286.567, 141.0
Trd, 000287.250, 141
Trd, 000288.033, 158.0
Trd, 000288.417, 162.0
Trd, 000288.950, 148
Trd, 000289.367, 152.0
Trd, 000289.767, 148
Trd, 000290.050, 153
Trd, 000290.533, 149
Trd, 000290.683, 149
Trd, 000290.800, 153
Trd, 000291.000, 147
Trd, 000292.800, 153
Trd, 000293.433, 152
Trd, 000293.800, 151
Trd, 000294.017, 137.0
Trd, 000294.250, 157.0
Trd, 000294.333, 158.0
Trd, 000294.583, 162.0
Trd, 000294.917, 165
Trd, 000295.967, 153
Trd, 000296.083, 137.0
Trd, 000296.367, 134.0
Trd, 000297.583, 137.0
Trd, 000298.067, 139
Trd, 000298.167, 141.0
Trd, 000298.483, 147
Trd, 000299.517, 151
Trd, 000299.750, 147
