Trd, 000001.733, 156
Trd, 000002.883, 154.0
Trd, 000003.350, 154.0
Trd, 000003.733, 146
Trd, 000003.783, 155.0
Trd, 000003.833, 166.0
Trd, 000005.333, 158.0
Trd, 000005.433, 148
Trd, 000006.067, 147
Trd, 000006.867, 166
Trd, 000007.983, 141
Trd, 000009.050, 163
Trd, 000009.850, 155.0
Trd, 000009.983, 158.0
Trd, 000010.683, 156
Trd, 000010.767, 155
Trd, 000010.917, 158
Trd, 000011.383, 154
Trd, 000013.183, 156
Trd, 000013.450, 157
Trd, 000014.033, 155
Trd, 000014.150, 157
Trd, 000014.483, 160
Trd, 000014.900, 154
Trd, 000015.133, 154
Trd, 000015.183, 154
Trd, 000015.417, 153
Trd, 000017.633, 152
Trd, 000017.767, 138
Trd, 000018.483, 147
Trd, 000018.533, 147.0
Trd, 000019.183, 147.0
Trd, 000019.867, 151
Trd, 000019.917, 154.0
Trd, 000020.583, 155.0
Trd, 000020.733, 151
Trd, 000021.717, 153
Trd, 000023.083, 153.0
Trd, 000023.283, 154.0
Trd, 000023.533, 154.0
Trd, 000023.683, 155
Trd, 000023.933, 154
Trd, 000024.183, 156.0
Trd, 000024.433, 156.0
Trd, 000025.950, 157
Trd, 000027.100, 157.0
Trd, 000027.383, 152
Trd, 000027.917, 156.0
Trd, 000028.450, 152
Trd, 000029.117, 152
Trd, 000029.133, 157.0
Trd, 000029.150, 158.0
Trd, 000029.417, 166
Trd, 000029.633, 154
Trd, 000030.717, 154
Trd, 000030.800, 152
Trd, 000032.333, 151.0
Trd, 000032.533, 150
Trd, 000033.200, 151.0
Trd, 000034.117, 151.0
Trd, 000034.333, 155.0
Trd, 000034.883, 155
Trd, 000035.383, 152
Trd, 000036.900, 157.0
Trd, 000037.567, 155
Trd, 000038.100, 158.0
Trd, 000038.767, 166
Trd, 000039.583, 164
Trd, 000040.783, 162.0
Trd, 000040.917, 168.0
Trd, 000041.267, 166
Trd, 000041.717, 167
Trd, 000041.750, 162
Trd, 000041.967, 161
Trd, 000042.600, 168.0
Trd, 000043.550, 163
Trd, 000043.617, 162.0
Trd, 000043.650, 149
Trd, 000045.250, 157
Trd, 000046.300, 161
Trd, 000046.967, 164
Trd, 000047.717, 172.0
Trd, 000047.750, 175.0
Trd, 000047.817, 161
Trd, 000048.200, 161
Trd, 000048.650, 160
Trd, 000049.433, 161
Trd, 000049.450, 162
Trd, 000049.483, 160
Trd, 000051.317, 160
Trd, 000051.550, 159
Trd, 000052.717, 160
Trd, 000053.100, 160
Trd, 000053.417, 160
Trd, 000053.550, 161
Trd, 000053.600, 158
Trd, 000054.983, 155
Trd, 000055.167, 155
Trd, 000055.200, 143
Trd, 000055.983, 155.0
Trd, 000057.183, 154
Trd, 000057.317, 153
Trd, 000057.483, 154
Trd, 000058.367, 156.0
Trd, 000058.833, 158.0
Trd, 000058.900, 155
Trd, 000058.983, 154
Trd, 000059.783, 155
Trd, 000060.450, 165
Trd, 000060.733, 155
Trd, 000061.100, 154
Trd, 000062.467, 153
Trd, 000062.983, 152
Trd, 000063.567, 157
Trd, 000064.283, 155.0
Trd, 000064.750, 155.0
Trd, 000064.800, 151
Trd, 000064.950, 155
Trd, 000065.700, 152.0
Trd, 000065.933, 153.0
Trd, 000066.200, 151
Trd, 000066.300, 152.0
Trd, 000066.517, 155.0
Trd, 000066.617, 158.0
Trd, 000068.100, 152
Trd, 000068.867, 154
Trd, 000069.550, 154
Trd, 000069.883, 153
Trd, 000070.467, 142
Trd, 000071.000, 156.0
Trd, 000071.400, 153
Trd, 000071.800, 154
Trd, 000073.700, 155
Trd, 000074.200, 155.0
Trd, 000074.517, 155
Trd, 000074.717, 156.0
Trd, 000075.450, 156
Trd, 000075.767, 158.0
Trd, 000076.567, 154
Trd, 000077.567, 155
Trd, 000079.167, 162
Trd, 000079.183, 163
Trd, 000079.233, 156
Trd, 000080.167, 159
Trd, 000080.333, 158
Trd, 000080.667, 158
Trd, 000081.383, 161
Trd, 000082.133, 162
Trd, 000082.733, 161
Trd, 000082.783, 165
Trd, 000082.883, 160
Trd, 000082.950, 158
Trd, 000083.250, 156
Trd, 000085.333, 152.0
Trd, 000085.650, 153.0
Trd, 000085.867, 154.0
Trd, 000086.117, 155.0
Trd, 000086.383, 164
Trd, 000086.717, 144
Trd, 000086.917, 155
Trd, 000087.283, 158.0
Trd, 000087.383, 171.0
Trd, 000087.400, 144
Trd, 000089.683, 153
Trd, 000089.900, 152
Trd, 000090.950, 152
Trd, 000091.100, 150
Trd, 000091.517, 150
Trd, 000091.650, 153.0
Trd, 000092.150, 155.0
Trd, 000093.817, 156
Trd, 000094.350, 154
Trd, 000095.317, 155
Trd, 000095.350, 154
Trd, 000095.917, 156.0
Trd, 000096.733, 155.0
Trd, 000096.783, 158.0
Trd, 000097.250, 152
Trd, 000097.950, 152
Trd, 000098.117, 154
Trd, 000098.883, 152
Trd, 000099.417, 153
Trd, 000099.917, 164
Trd, 000100.817, 153
Trd, 000101.733, 155
Trd, 000102.550, 172.0
Trd, 000103.733, 159
Trd, 000104.183, 161
Trd, 000104.250, 162
Trd, 000104.283, 161
Trd, 000104.467, 164
Trd, 000105.300, 163
Trd, 000105.367, 160
Trd, 000106.050, 160
Trd, 000106.267, 164
Trd, 000107.067, 160
Trd, 000107.383, 140
Trd, 000107.467, 157.0
Trd, 000107.533, 158.0
Trd, 000110.517, 155
Trd, 000110.667, 156
Trd, 000110.700, 154
Trd, 000111.383, 154
Trd, 000111.400, 156
Trd, 000111.767, 157
Trd, 000112.467, 154
Trd, 000112.750, 160
Trd, 000114.000, 154
Trd, 000114.367, 155.0
Trd, 000114.850, 155
Trd, 000114.933, 165
Trd, 000115.883, 157.0
Trd, 000116.217, 158.0
Trd, 000116.933, 163
Trd, 000117.767, 165
Trd, 000118.067, 172
Trd, 000118.317, 162
Trd, 000119.033, 167
Trd, 000119.517, 159
Trd, 000120.700, 168.0
Trd, 000120.767, 162.0
Trd, 000121.517, 163
Trd, 000122.283, 163
Trd, 000123.033, 162
Trd, 000123.533, 165
Trd, 000123.967, 165
Trd, 000124.317, 164
Trd, 000125.567, 160
Trd, 000125.617, 160
Trd, 000125.733, 159
Trd, 000126.250, 159
Trd, 000126.983, 157
Trd, 000127.800, 158.0
Trd, 000128.417, 157
Trd, 000128.767, 155
Trd, 000128.833, 155
Trd, 000128.933, 157
Trd, 000129.400, 156
Trd, 000130.183, 158
Trd, 000130.517, 156
Trd, 000131.100, 165
Trd, 000131.617, 156
Trd, 000131.933, 175.0
Trd, 000133.200, 158
Trd, 000133.883, 158
Trd, 000133.917, 158
Trd, 000133.983, 158
Trd, 000134.450, 158
Trd, 000134.850, 150
Trd, 000135.133, 159
Trd, 000135.683, 157.0
Trd, 000136.733, 156.0
Trd, 000136.900, 144
Trd, 000137.867, 156.0
Trd, 000138.367, 138
Trd, 000139.317, 147
Trd, 000139.967, 154.0
Trd, 000140.533, 152
Trd, 000140.833, 153
Trd, 000141.467, 153
Trd, 000142.133, 149
Trd, 000142.517, 152
Trd, 000144.233, 152
Trd, 000144.750, 151
Trd, 000145.267, 154.0
Trd, 000145.667, 154.0
Trd, 000146.467, 153.0
Trd, 000146.817, 148
Trd, 000147.517, 155.0
Trd, 000149.333, 147
Trd, 000149.533, 149
Trd, 000149.567, 150
Trd, 000150.083, 149
Trd, 000150.133, 148
Trd, 000150.467, 146
Trd, 000152.250, 149
Trd, 000152.467, 145
Trd, 000152.817, 158
Trd, 000152.883, 142
Trd, 000153.867, 150
Trd, 000154.183, 155.0
Trd, 000156.117, 152.0
Trd, 000156.167, 153.0
Trd, 000157.017, 154.0
Trd, 000157.667, 153
Trd, 000158.250, 151
Trd, 000158.367, 152
Trd, 000158.617, 150
Trd, 000159.150, 154.0
Trd, 000159.217, 155.0
Trd, 000159.383, 149
Trd, 000160.817, 164
Trd, 000162.383, 156
Trd, 000163.733, 158.0
Trd, 000164.283, 157
Trd, 000164.300, 165
Trd, 000164.350, 156
Trd, 000164.817, 163
Trd, 000164.917, 156
Trd, 000165.500, 164
Trd, 000165.733, 156
Trd, 000165.967, 155
Trd, 000166.600, 154
Trd, 000167.100, 165
Trd, 000168.017, 164
Trd, 000169.183, 150
Trd, 000169.367, 149
Trd, 000169.517, 151
Trd, 000169.900, 155
Trd, 000170.333, 147
Trd, 000170.650, 155.0
Trd, 000171.867, 165
Trd, 000172.833, 154.0
Trd, 000173.667, 149
Trd, 000174.567, 148
Trd, 000174.850, 149
Trd, 000175.150, 148
Trd, 000175.950, 149
Trd, 000176.167, 148
Trd, 000176.333, 149
Trd, 000176.383, 151
Trd, 000178.117, 149
Trd, 000178.200, 154
Trd, 000178.883, 152
Trd, 000179.400, 155.0
Trd, 000180.050, 151
Trd, 000181.067, 155
Trd, 000181.467, 156.0
Trd, 000181.550, 156.0
Trd, 000181.567, 155
Trd, 000182.633, 157.0
Trd, 000183.250, 154
Trd, 000183.367, 157.0
Trd, 000183.633, 154
Trd, 000183.967, 158.0
Trd, 000184.917, 155
Trd, 000185.633, 156
Trd, 000186.450, 157.0
Trd, 000186.583, 154
Trd, 000187.467, 153
Trd, 000188.050, 154
Trd, 000188.267, 158.0
Trd, 000188.450, 159
Trd, 000189.167, 155
Trd, 000189.433, 157
Trd, 000189.483, 158
Trd, 000189.567, 156
Trd, 000190.483, 156
Trd, 000190.967, 157
Trd, 000192.083, 157
Trd, 000192.850, 158.0
Trd, 000193.217, 157
Trd, 000194.617, 159
Trd, 000194.800, 160
Trd, 000194.917, 158
Trd, 000196.067, 159
Trd, 000196.100, 156
Trd, 000197.217, 141
Trd, 000197.267, 142
Trd, 000197.650, 150
Trd, 000198.900, 152
Trd, 000198.983, 165
Trd, 000199.550, 168
Trd, 000199.967, 173.0
Trd, 000201.167, 162.0
Trd, 000201.867, 162
Trd, 000202.000, 166
Trd, 000202.467, 166
Trd, 000202.817, 165.0
Trd, 000202.933, 163
Trd, 000203.333, 162.0
Trd, 000203.400, 162
Trd, 000204.250, 138
Trd, 000204.300, 154.0
Trd, 000204.833, 152.0
Trd, 000205.183, 139
Trd, 000206.600, 150.0
Trd, 000207.683, 152
Trd, 000207.767, 155.0
Trd, 000208.450, 156.0
Trd, 000208.500, 157.0
Trd, 000208.833, 158.0
Trd, 000209.933, 154
Trd, 000210.200, 152
Trd, 000210.900, 154
Trd, 000211.667, 153.0
Trd, 000212.067, 152
Trd, 000212.617, 156.0
Trd, 000213.200, 158.0
Trd, 000213.933, 150
Trd, 000214.933, 154
Trd, 000214.967, 151
Trd, 000216.167, 152.0
Trd, 000216.550, 150
Trd, 000216.733, 152.0
Trd, 000216.867, 153.0
Trd, 000216.950, 155.0
Trd, 000217.050, 140
Trd, 000218.650, 148
Trd, 000218.967, 151.0
Trd, 000219.983, 151.0
Trd, 000220.467, 150
Trd, 000221.017, 149
Trd, 000221.533, 150
Trd, 000222.300, 149
Trd, 000222.350, 150
Trd, 000222.500, 148
Trd, 000222.967, 157.0
Trd, 000223.350, 162
Trd, 000224.683, 155.0
Trd, 000224.933, 155
Trd, 000226.200, 155
Trd, 000226.733, 154.0
Trd, 000227.250, 153.0
Trd, 000228.367, 153.0
Trd, 000228.533, 153
Trd, 000228.883, 153
Trd, 000229.200, 154
Trd, 000229.317, 152
Trd, 000229.383, 158.0
Trd, 000230.183, 163
Trd, 000230.783, 164
Trd, 000231.017, 165
Trd, 000231.967, 158
Trd, 000232.617, 158
Trd, 000233.000, 157
Trd, 000233.750, 153.0
Trd, 000234.733, 150.0
Trd, 000234.783, 151.0
Trd, 000234.833, 150
Trd, 000235.233, 152
Trd, 000236.067, 143
Trd, 000238.350, 153
Trd, 000238.517, 153.0
Trd, 000238.567, 150
Trd, 000239.850, 152.0
Trd, 000240.100, 150
Trd, 000240.317, 154.0
Trd, 000240.383, 151
Trd, 000240.433, 153.0
Trd, 000241.133, 151
Trd, 000241.950, 153.0
Trd, 000242.817, 153
Trd, 000242.833, 155.0
Trd, 000242.983, 158.0
Trd, 000243.983, 166
Trd, 000244.800, 165.0
Trd, 000245.617, 163
Trd, 000245.700, 161
Trd, 000245.900, 162
Trd, 000246.367, 161.0
Trd, 000246.633, 159
Trd, 000246.833, 158
Trd, 000247.117, 144.0
Trd, 000247.733, 149.0
Trd, 000247.800, 148
Trd, 000248.250, 155.0
Trd, 000248.367, 153
Trd, 000248.783, 158
Trd, 000249.717, 151
Trd, 000249.767, 151
Trd, 000249.850, 152
Trd, 000249.867, 151
Trd, 000250.267, 136
Trd, 000250.650, 149
Trd, 000250.700, 150
Trd, 000251.467, 146
Trd, 000251.783, 149.0
Trd, 000251.983, 155.0
Trd, 000252.300, 155
Trd, 000253.100, 154
Trd, 000254.017, 153
Trd, 000254.417, 154.0
Trd, 000255.283, 153
Trd, 000255.450, 150
Trd, 000255.783, 150
Trd, 000256.167, 151.0
Trd, 000256.200, 148
Trd, 000257.233, 144
Trd, 000257.433, 152.0
Trd, 000257.883, 155.0
Trd, 000258.033, 158.0
Trd, 000258.167, 153
Trd, 000258.817, 166
Trd, 000259.117, 162.0
Trd, 000259.317, 159
Trd, 000260.017, 171.0
Trd, 000260.133, 165
Trd, 000260.200, 172.0
Trd, 000260.683, 164
Trd, 000261.450, 167
Trd, 000261.767, 165
Trd, 000261.983, 158.0
Trd, 000262.100, 159
Trd, 000262.817, 151
Trd, 000263.200, 147
Trd, 000264.483, 159.0
Trd, 000264.500, 158.0
Trd, 000265.283, 158.0
Trd, 000265.617, 157
Trd, 000265.817, 156
Trd, 000265.933, 160
Trd, 000266.300, 161
Trd, 000266.400, 156
Trd, 000266.633, 144.0
Trd, 000266.867, 145
Trd, 000266.933, 140
Trd, 000267.400, 150.0
Trd, 000268.517, 145.0
Trd, 000269.000, 145
Trd, 000269.133, 145
Trd, 000269.167, 155.0
Trd, 000270.267, 153.0
Trd, 000271.083, 150
Trd, 000271.450, 146
Trd, 000271.517, 145
Trd, 000271.767, 147
Trd, 000271.783, 145
Trd, 000272.050, 146
Trd, 000272.350, 147
Trd, 000272.667, 146
Trd, 000272.817, 137
Trd, 000273.483, 147
Trd, 000273.933, 165
Trd, 000274.133, 155
Trd, 000274.667, 158.0
Trd, 000276.017, 151
Trd, 000276.250, 154.0
Trd, 000277.383, 151
Trd, 000277.483, 155.0
Trd, 000278.117, 159
Trd, 000278.133, 172.0
Trd, 000278.700, 161.0
Trd, 000278.850, 155
Trd, 000279.550, 154
Trd, 000279.967, 158.0
Trd, 000280.017, 154
Trd, 000281.000, 160.0
Trd, 000281.200, 156
Trd, 000281.417, 157
Trd, 000281.550, 158.0
Trd, 000281.867, 147
Trd, 000282.633, 145
Trd, 000282.817, 152
Trd, 000282.983, 152
Trd, 000284.250, 156
Trd, 000284.617, 158.0
Trd, 000284.783, 161
Trd, 000284.817, 151
Trd, 000285.133, 152
Trd, 000286.800, 153
Trd, 000287.433, 153.0
Trd, 000288.067, 152
Trd, 000288.300, 147
Trd, 000288.317, 144.0
Trd, 000288.583, 142.0
Trd, 000289.083, 154
Trd, 000289.417, 155.0
Trd, 000290.067, 157.0
Trd, 000290.867, 150
Trd, 000291.083, 150
Trd, 000291.683, 152
Trd, 000291.950, 158.0
Trd, 000292.200, 150
Trd, 000292.733, 150
Trd, 000293.433, 148
Trd, 000293.733, 144.0
Trd, 000293.767, 152
Trd, 000294.633, 148
Trd, 000294.767, 147
Trd, 000295.100, 150
Trd, 000295.933, 151
Trd, 000296.050, 152
Trd, 000296.450, 154.0
Trd, 000296.467, 155.0
Trd, 000296.650, 146
Trd, 000298.283, 154
Trd, 000298.383, 147
Trd, 000298.633, 144
Trd, 000298.783, 157.0
Trd, 000299.400, 157.0
Trd, 000299.483, 158.0
Trd, 000299.833, 145.0
Trd, 000299.983, 144.0
