Trd, 000001.850, 127.0
Trd, 000002.750, 122
Trd, 000005.033, 136
Trd, 000005.083, 147.0
Trd, 000005.317, 148.0
Trd, 000005.450, 136
Trd, 000005.617, 151.0
Trd, 000007.267, 149
Trd, 000007.583, 151
Trd, 000008.783, 150
Trd, 000008.833, 149
Trd, 000009.183, 148
Trd, 000009.500, 149
Trd, 000009.583, 148
Trd, 000009.717, 147
Trd, 000010.450, 147
Trd, 000010.550, 146
Trd, 000011.150, 147
Trd, 000011.967, 147
Trd, 000013.167, 145.0
Trd, 000013.233, 147
Trd, 000013.783, 146
Trd, 000013.833, 148.0
Trd, 000014.600, 147
Trd, 000014.983, 146
Trd, 000015.400, 148
Trd, 000016.467, 151.0
Trd, 000016.533, 147
Trd, 000017.383, 149
Trd, 000017.683, 158
Trd, 000017.783, 165.0
Trd, 000018.633, 157
Trd, 000018.933, 159
Trd, 000019.767, 158
Trd, 000019.900, 158.0
Trd, 000020.400, 158
Trd, 000022.217, 159
Trd, 000022.350, 158
Trd, 000022.700, 166.0
Trd, 000023.667, 156
Trd, 000023.983, 159
Trd, 000024.033, 157
Trd, 000024.117, 159
Trd, 000024.783, 156
Trd, 000025.617, 159
Trd, 000026.267, 156
Trd, 000026.850, 157
Trd, 000026.983, 159
Trd, 000027.950, 159
Trd, 000028.433, 156
Trd, 000028.700, 158
Trd, 000029.383, 157
Trd, 000029.983, 157
Trd, 000030.533, 156
Trd, 000031.067, 155
Trd, 000031.400, 157
Trd, 000032.983, 158
Trd, 000033.133, 156
Trd, 000033.617, 154
Trd, 000034.867, 148
Trd, 000035.267, 150.0
Trd, 000035.333, 151.0
Trd, 000036.367, 150
Trd, 000036.733, 149
Trd, 000037.050, 151
Trd, 000037.567, 150
Trd, 000038.033, 147
Trd, 000039.167, 151.0
Trd, 000039.333, 149
Trd, 000039.983, 146
Trd, 000040.500, 145
Trd, 000041.517, 146
Trd, 000041.667, 147
Trd, 000041.983, 147
Trd, 000042.150, 148.0
Trd, 000042.883, 165.0
Trd, 000043.300, 147
Trd, 000043.383, 146
Trd, 000043.633, 148
Trd, 000043.683, 157
Trd, 000044.267, 156
Trd, 000044.333, 155
Trd, 000045.300, 165.0
Trd, 000046.567, 155
Trd, 000046.917, 155
Trd, 000047.733, 156
Trd, 000047.967, 155
Trd, 000048.217, 154
Trd, 000048.433, 154
Trd, 000048.483, 154
Trd, 000049.917, 153
Trd, 000050.033, 153
Trd, 000050.367, 154
Trd, 000050.883, 153
Trd, 000051.733, 151
Trd, 000052.050, 148
Trd, 000053.233, 149
Trd, 000053.667, 148
Trd, 000053.900, 149
Trd, 000054.433, 148
Trd, 000055.200, 149.0
Trd, 000055.250, 151.0
Trd, 000055.317, 149
Trd, 000055.450, 150
Trd, 000056.450, 149
Trd, 000056.600, 149
Trd, 000056.733, 151.0
Trd, 000057.400, 164.0
Trd, 000059.833, 158
Trd, 000059.950, 158
Trd, 000060.500, 156
Trd, 000061.067, 158
Trd, 000061.917, 156
Trd, 000062.350, 155
Trd, 000062.583, 155
Trd, 000062.633, 154
Trd, 000062.900, 154
Trd, 000062.967, 154
Trd, 000063.683, 155
Trd, 000063.883, 156
Trd, 000066.083, 156
Trd, 000066.383, 153
Trd, 000066.850, 153
Trd, 000067.617, 153
Trd, 000068.383, 155
Trd, 000068.433, 153
Trd, 000068.583, 165.0
Trd, 000068.733, 152
Trd, 000069.567, 153
Trd, 000069.783, 159
Trd, 000071.033, 156
Trd, 000071.383, 156
Trd, 000071.433, 155
Trd, 000072.983, 157
Trd, 000073.050, 154
Trd, 000074.150, 158
Trd, 000074.367, 158
Trd, 000075.100, 154
Trd, 000075.933, 158
Trd, 000076.017, 156
Trd, 000076.133, 157
Trd, 000076.617, 155
Trd, 000077.267, 158
Trd, 000077.633, 165.0
Trd, 000077.983, 159
Trd, 000078.217, 168.0
Trd, 000079.367, 165
Trd, 000079.683, 166
Trd, 000079.983, 166
Trd, 000081.917, 164
Trd, 000082.683, 163
Trd, 000082.950, 161
Trd, 000083.050, 163
Trd, 000083.233, 165
Trd, 000085.400, 165
Trd, 000085.683, 165
Trd, 000085.883, 164.0
Trd, 000085.967, 166
Trd, 000086.250, 168.0
Trd, 000086.617, 164.0
Trd, 000087.133, 161
Trd, 000087.700, 161
Trd, 000088.083, 165.0
Trd, 000088.333, 163
Trd, 000089.050, 164
Trd, 000089.817, 163
Trd, 000090.650, 160
Trd, 000091.450, 163
Trd, 000092.000, 161
Trd, 000092.267, 162
Trd, 000092.283, 161
Trd, 000094.883, 160
Trd, 000095.200, 159
Trd, 000095.683, 159.0
Trd, 000095.800, 160
Trd, 000095.817, 158.0
Trd, 000096.033, 161
Trd, 000096.350, 160
Trd, 000097.083, 159
Trd, 000097.133, 156
Trd, 000097.600, 158
Trd, 000097.800, 154
Trd, 000098.283, 156
Trd, 000098.533, 159
Trd, 000098.600, 157
Trd, 000098.617, 156
Trd, 000098.650, 159
Trd, 000099.150, 157
Trd, 000101.500, 157
Trd, 000102.083, 156
Trd, 000102.167, 157
Trd, 000102.483, 154
Trd, 000103.617, 156
Trd, 000103.733, 154
Trd, 000104.300, 157
Trd, 000104.450, 157
Trd, 000104.633, 154
Trd, 000105.083, 150.0
Trd, 000106.533, 151.0
Trd, 000107.150, 152
Trd, 000107.350, 147
Trd, 000107.900, 164.0
Trd, 000108.033, 140
Trd, 000110.100, 148
Trd, 000110.433, 148
Trd, 000111.017, 148
Trd, 000111.567, 148
Trd, 000112.183, 150
Trd, 000112.350, 156
Trd, 000112.583, 152
Trd, 000113.183, 154
Trd, 000113.500, 164.0
Trd, 000114.367, 155
Trd, 000114.483, 159
Trd, 000114.983, 138
Trd, 000115.183, 142
Trd, 000116.133, 141
Trd, 000117.500, 139
Trd, 000117.883, 141
Trd, 000118.217, 144
Trd, 000119.850, 163.0
Trd, 000120.367, 151
Trd, 000120.933, 152
Trd, 000121.283, 150
Trd, 000121.317, 153
Trd, 000121.500, 147
Trd, 000121.700, 154
Trd, 000122.083, 148
Trd, 000122.233, 157
Trd, 000123.850, 157
Trd, 000124.433, 150
Trd, 000125.383, 153
Trd, 000125.767, 175.0
Trd, 000126.050, 168
Trd, 000126.900, 160
Trd, 000127.117, 160
Trd, 000128.167, 161
Trd, 000128.383, 161
Trd, 000128.767, 162
Trd, 000130.283, 161.0
Trd, 000130.767, 158.0
Trd, 000130.883, 161
Trd, 000131.017, 163
Trd, 000131.667, 159
Trd, 000131.967, 161
Trd, 000133.033, 162
Trd, 000134.133, 159
Trd, 000135.317, 162
Trd, 000135.750, 158
Trd, 000135.967, 159
Trd, 000136.167, 158
Trd, 000136.283, 154
Trd, 000136.533, 154
Trd, 000136.967, 156
Trd, 000137.033, 146
Trd, 000137.283, 157
Trd, 000137.567, 154
Trd, 000138.033, 153
Trd, 000138.683, 165.0
Trd, 000139.150, 168.0
Trd, 000140.200, 147
Trd, 000140.333, 160
Trd, 000140.783, 144
Trd, 000141.450, 152
Trd, 000142.850, 148.0
Trd, 000143.200, 148
Trd, 000143.350, 147
Trd, 000143.433, 148
Trd, 000144.467, 148
Trd, 000144.583, 150
Trd, 000145.967, 145
Trd, 000146.417, 149
Trd, 000146.833, 146
Trd, 000146.900, 148
Trd, 000147.200, 145
Trd, 000147.733, 148.0
Trd, 000148.133, 145
Trd, 000148.950, 147
Trd, 000149.500, 147
Trd, 000149.717, 146
Trd, 000150.533, 148
Trd, 000151.067, 147
Trd, 000151.783, 148
Trd, 000152.117, 148
Trd, 000152.383, 147
Trd, 000152.517, 146
Trd, 000153.333, 147
Trd, 000153.650, 144
Trd, 000154.167, 141
Trd, 000154.900, 138
Trd, 000155.483, 145
Trd, 000156.333, 145
Trd, 000156.533, 145
Trd, 000156.567, 146
Trd, 000156.667, 147
Trd, 000157.233, 145
Trd, 000157.650, 146
Trd, 000158.083, 146
Trd, 000158.900, 148
Trd, 000160.767, 150.0
Trd, 000160.967, 150
Trd, 000161.167, 147
Trd, 000161.717, 151.0
Trd, 000162.183, 150
Trd, 000162.717, 149
Trd, 000163.283, 149
Trd, 000163.733, 149
Trd, 000164.183, 150
Trd, 000164.667, 149.0
Trd, 000164.850, 151.0
Trd, 000165.617, 150
Trd, 000167.233, 150
Trd, 000167.733, 150
Trd, 000168.767, 150
Trd, 000168.850, 151
Trd, 000169.517, 151.0
Trd, 000169.683, 152
Trd, 000169.717, 153
Trd, 000169.883, 163
Trd, 000170.000, 150
Trd, 000171.133, 151
Trd, 000171.883, 150
Trd, 000171.900, 151
Trd, 000171.967, 150
Trd, 000172.950, 148
Trd, 000174.500, 147
Trd, 000174.583, 148.0
Trd, 000175.383, 146
Trd, 000175.450, 149
Trd, 000176.100, 148
Trd, 000176.633, 148
Trd, 000177.017, 148
Trd, 000177.833, 149
Trd, 000179.767, 148
Trd, 000180.100, 148
Trd, 000180.400, 148
Trd, 000180.883, 145
Trd, 000181.000, 145
Trd, 000181.233, 144
Trd, 000181.833, 147
Trd, 000183.383, 144
Trd, 000183.767, 145
Trd, 000184.500, 147
Trd, 000184.667, 146
Trd, 000185.433, 143
Trd, 000186.050, 144
Trd, 000186.233, 145
Trd, 000186.733, 146
Trd, 000186.767, 147
Trd, 000187.117, 149.0
Trd, 000187.450, 151.0
Trd, 000188.333, 151
Trd, 000188.550, 153
Trd, 000188.900, 150
Trd, 000189.717, 150
Trd, 000190.117, 150.0
Trd, 000190.183, 150
Trd, 000190.983, 151.0
Trd, 000191.767, 152
Trd, 000192.050, 151
Trd, 000192.083, 165.0
Trd, 000193.750, 155
Trd, 000194.300, 156
Trd, 000194.450, 155
Trd, 000194.467, 157
Trd, 000195.500, 154
Trd, 000196.450, 153
Trd, 000197.033, 152
Trd, 000197.383, 154
Trd, 000197.733, 153
Trd, 000198.167, 151
Trd, 000198.317, 152
Trd, 000198.767, 153
Trd, 000199.150, 151
Trd, 000199.200, 150
Trd, 000200.483, 150
Trd, 000201.083, 151.0
Trd, 000202.300, 148
Trd, 000202.450, 149
Trd, 000202.483, 148
Trd, 000203.300, 148
Trd, 000203.633, 149
Trd, 000204.267, 150
Trd, 000204.367, 165.0
Trd, 000204.850, 148
Trd, 000204.983, 150.0
Trd, 000205.917, 150
Trd, 000206.117, 148
Trd, 000206.383, 151.0
Trd, 000206.500, 140
Trd, 000207.133, 144
Trd, 000208.817, 146
Trd, 000209.217, 148.0
Trd, 000210.300, 146
Trd, 000210.483, 147
Trd, 000210.500, 148
Trd, 000211.300, 147
Trd, 000211.583, 151.0
Trd, 000211.717, 147
Trd, 000212.417, 152
Trd, 000212.650, 152
Trd, 000212.933, 153
Trd, 000213.117, 154
Trd, 000213.417, 153
Trd, 000213.483, 165.0
Trd, 000214.317, 151
Trd, 000215.483, 151
Trd, 000215.667, 148
Trd, 000216.333, 147
Trd, 000218.517, 147
Trd, 000218.967, 146
Trd, 000218.983, 147
Trd, 000219.217, 151.0
Trd, 000219.367, 165.0
Trd, 000219.483, 145
Trd, 000219.700, 158
Trd, 000219.933, 167.0
Trd, 000220.367, 168.0
Trd, 000221.400, 171
Trd, 000222.300, 167.0
Trd, 000222.600, 167
Trd, 000222.683, 165.0
Trd, 000223.667, 156
Trd, 000224.533, 158
Trd, 000224.550, 159
Trd, 000225.567, 157
Trd, 000226.033, 159
Trd, 000226.133, 159
Trd, 000226.483, 158
Trd, 000227.133, 154
Trd, 000227.333, 147
Trd, 000227.667, 154
Trd, 000228.683, 154
Trd, 000228.850, 154
Trd, 000229.417, 165.0
Trd, 000230.933, 158
Trd, 000231.600, 159
Trd, 000231.750, 158
Trd, 000231.767, 155
Trd, 000232.550, 154
Trd, 000233.167, 156
Trd, 000233.367, 156
Trd, 000233.967, 157
Trd, 000234.367, 158
Trd, 000234.533, 157
Trd, 000235.200, 157
Trd, 000235.367, 159
Trd, 000235.417, 168.0
Trd, 000235.633, 156
Trd, 000236.783, 155
Trd, 000236.867, 155
Trd, 000236.983, 164
Trd, 000239.067, 154
Trd, 000239.433, 158
Trd, 000239.600, 154
Trd, 000240.000, 158
Trd, 000240.500, 151.0
Trd, 000241.000, 152
Trd, 000241.050, 151
Trd, 000241.183, 150
Trd, 000241.600, 153
Trd, 000241.967, 155.0
Trd, 000242.233, 153
Trd, 000242.283, 151
Trd, 000243.367, 153
Trd, 000244.967, 153
Trd, 000245.167, 152
Trd, 000245.417, 153
Trd, 000245.833, 153
Trd, 000246.467, 150
Trd, 000246.833, 151.0
Trd, 000246.900, 148
Trd, 000247.650, 149
Trd, 000247.733, 148
Trd, 000247.950, 148
Trd, 000248.567, 149
Trd, 000248.683, 146
Trd, 000248.767, 149
Trd, 000249.250, 147
Trd, 000249.533, 146
Trd, 000249.683, 149
Trd, 000250.617, 147
Trd, 000251.650, 147
Trd, 000252.017, 146
Trd, 000252.817, 151.0
Trd, 000252.967, 148
Trd, 000253.917, 145
Trd, 000254.183, 140
Trd, 000254.467, 148
Trd, 000254.650, 149
Trd, 000256.417, 144
Trd, 000256.450, 147
Trd, 000256.900, 146
Trd, 000257.150, 147
Trd, 000257.683, 147
Trd, 000258.000, 146
Trd, 000258.450, 148
Trd, 000258.833, 151.0
Trd, 000259.533, 151
Trd, 000259.633, 148
Trd, 000260.467, 151.0
Trd, 000260.517, 153
Trd, 000260.600, 151
Trd, 000261.333, 148
Trd, 000261.433, 149.0
Trd, 000262.867, 151.0
Trd, 000263.467, 151
Trd, 000263.767, 152
Trd, 000263.783, 154
Trd, 000264.350, 153
Trd, 000264.583, 153
Trd, 000264.717, 155
Trd, 000265.933, 148
Trd, 000265.967, 147
Trd, 000266.833, 137
Trd, 000266.983, 145
Trd, 000267.550, 144
Trd, 000267.683, 148.0
Trd, 000269.050, 146
Trd, 000269.300, 146
Trd, 000269.333, 147
Trd, 000269.567, 147
Trd, 000269.617, 145
Trd, 000270.717, 144
Trd, 000270.767, 143
Trd, 000270.983, 146
Trd, 000271.067, 142
Trd, 000271.700, 162.0
Trd, 000271.900, 165.0
Trd, 000272.300, 151
Trd, 000272.383, 168.0
Trd, 000273.000, 145
Trd, 000273.033, 134.0
Trd, 000273.333, 145.0
Trd, 000273.617, 144
Trd, 000274.350, 148.0
Trd, 000275.133, 144
Trd, 000275.867, 151.0
Trd, 000276.400, 155.0
Trd, 000276.967, 155
Trd, 000277.200, 154
Trd, 000277.550, 154
Trd, 000277.700, 154.0
Trd, 000277.817, 155.0
Trd, 000278.233, 155
Trd, 000278.300, 154
Trd, 000280.983, 157
Trd, 000281.300, 155
Trd, 000281.800, 155
Trd, 000281.833, 155
Trd, 000282.083, 154
Trd, 000282.133, 151
Trd, 000282.883, 157
Trd, 000283.167, 158
Trd, 000283.383, 162.0
Trd, 000283.450, 156
Trd, 000283.617, 165.0
Trd, 000284.150, 138
Trd, 000284.700, 148
Trd, 000285.467, 148
Trd, 000285.517, 147
Trd, 000286.100, 147
Trd, 000286.117, 141
Trd, 000286.333, 145
Trd, 000286.450, 137
Trd, 000286.667, 140.0
Trd, 000288.500, 148.0
Trd, 000288.667, 148.0
Trd, 000288.717, 151.0
Trd, 000289.983, 149
Trd, 000290.100, 150
Trd, 000290.283, 150
Trd, 000290.583, 150
Trd, 000291.550, 150.0
Trd, 000291.800, 150
Trd, 000291.983, 149
Trd, 000292.867, 151.0
Trd, 000292.883, 148
Trd, 000293.200, 149
Trd, 000293.333, 150
Trd, 000293.450, 148
Trd, 000294.233, 150
Trd, 000294.600, 151.0
Trd, 000294.733, 149
Trd, 000295.550, 148
Trd, 000295.700, 148
Trd, 000295.767, 150
Trd, 000296.983, 150
Trd, 000298.167, 146
Trd, 000298.333, 150
Trd, 000298.383, 151.0
Trd, 000298.717, 151
Trd, 000299.400, 148
