Trd, 000001.800, 114.0
Trd, 000002.150, 143
Trd, 000003.867, 129
Trd, 000004.233, 130
Trd, 000004.883, 141.0
Trd, 000004.900, 142.0
Trd, 000004.967, 144.0
Trd, 000005.333, 141
Trd, 000006.667, 146
Trd, 000006.933, 144
Trd, 000007.133, 142.0
Trd, 000008.183, 146
Trd, 000008.483, 152
Trd, 000008.717, 146
Trd, 000009.533, 148.0
Trd, 000009.583, 147
Trd, 000010.767, 147
Trd, 000011.050, 148
Trd, 000011.917, 146
Trd, 000012.367, 141.0
Trd, 000012.617, 141
Trd, 000012.883, 140
Trd, 000012.983, 146
Trd, 000013.033, 147
Trd, 000014.433, 144
Trd, 000014.517, 146
Trd, 000015.217, 149
Trd, 000015.650, 148
Trd, 000016.117, 149
Trd, 000016.350, 151
Trd, 000017.433, 153
Trd, 000017.800, 152
Trd, 000018.300, 151
Trd, 000018.483, 152
Trd, 000018.733, 153
Trd, 000019.217, 153
Trd, 000019.350, 156
Trd, 000019.683, 152
Trd, 000019.850, 150
Trd, 000020.950, 158
Trd, 000021.767, 151
Trd, 000022.000, 148
Trd, 000022.417, 147
Trd, 000023.583, 147
Trd, 000023.883, 147
Trd, 000024.550, 148
Trd, 000024.817, 151
Trd, 000025.100, 147
Trd, 000025.850, 149
Trd, 000026.900, 148
Trd, 000027.233, 148
Trd, 000027.567, 147
Trd, 000028.200, 146
Trd, 000028.600, 148.0
Trd, 000029.617, 147
Trd, 000029.733, 146
Trd, 000029.750, 148
Trd, 000029.850, 141
Trd, 000030.283, 158.0
Trd, 000032.333, 144
Trd, 000032.750, 143
Trd, 000032.833, 144
Trd, 000033.917, 142
Trd, 000034.167, 141.0
Trd, 000034.283, 141
Trd, 000034.467, 141
Trd, 000034.650, 140
Trd, 000035.300, 142
Trd, 000035.933, 143
Trd, 000035.967, 148.0
Trd, 000037.933, 142
Trd, 000039.350, 142
Trd, 000039.867, 141
Trd, 000040.033, 141
Trd, 000040.183, 141
Trd, 000040.583, 139
Trd, 000040.933, 140.0
Trd, 000041.267, 139
Trd, 000041.283, 140
Trd, 000041.833, 138.0
Trd, 000042.267, 140
Trd, 000042.450, 139.0
Trd, 000042.533, 132
Trd, 000042.550, 141.0
Trd, 000042.717, 127.0
Trd, 000044.617, 144
Trd, 000045.000, 145.0
Trd, 000045.117, 144
Trd, 000045.250, 148.0
Trd, 000046.300, 145
Trd, 000046.750, 144
Trd, 000048.567, 145
Trd, 000049.317, 144
Trd, 000049.517, 143
Trd, 000050.267, 142
Trd, 000050.650, 143
Trd, 000050.967, 142
Trd, 000051.217, 144
Trd, 000051.500, 142
Trd, 000051.717, 143
Trd, 000051.967, 141.0
Trd, 000052.117, 148.0
Trd, 000052.617, 149
Trd, 000052.867, 148
Trd, 000053.017, 151
Trd, 000053.617, 149
Trd, 000053.850, 147
Trd, 000053.933, 137.0
Trd, 000054.467, 142
Trd, 000054.850, 142
Trd, 000055.883, 159
Trd, 000056.600, 144.0
Trd, 000057.467, 148.0
Trd, 000058.683, 148
Trd, 000059.117, 148
Trd, 000059.250, 149
Trd, 000059.817, 149
Trd, 000059.867, 148
Trd, 000061.150, 147
Trd, 000061.233, 147
Trd, 000062.050, 146
Trd, 000062.333, 146
Trd, 000062.517, 147
Trd, 000062.533, 149
Trd, 000063.083, 148
Trd, 000063.117, 146
Trd, 000063.467, 145
Trd, 000063.967, 151
Trd, 000064.083, 144
Trd, 000065.483, 148
Trd, 000065.583, 148
Trd, 000066.583, 148.0
Trd, 000067.183, 159.0
Trd, 000067.867, 158.0
Trd, 000068.150, 155
Trd, 000068.467, 155
Trd, 000068.550, 160
Trd, 000070.300, 146
Trd, 000070.367, 147.0
Trd, 000070.650, 148.0
Trd, 000070.667, 146
Trd, 000071.333, 147
Trd, 000071.383, 150
Trd, 000071.650, 145
Trd, 000072.233, 144
Trd, 000073.517, 146.0
Trd, 000074.250, 145
Trd, 000074.267, 148.0
Trd, 000074.733, 144
Trd, 000074.783, 146
Trd, 000075.783, 147
Trd, 000076.483, 143
Trd, 000076.567, 144
Trd, 000076.833, 144
Trd, 000077.317, 143
Trd, 000077.433, 141.0
Trd, 000078.250, 143
Trd, 000078.750, 142
Trd, 000079.200, 141
Trd, 000080.383, 141
Trd, 000080.767, 142
Trd, 000080.783, 146
Trd, 000081.267, 143
Trd, 000081.767, 141
Trd, 000082.933, 144
Trd, 000083.050, 151
Trd, 000083.750, 148.0
Trd, 000084.350, 143
Trd, 000084.750, 143
Trd, 000084.950, 144
Trd, 000085.333, 142
Trd, 000086.117, 143.0
Trd, 000087.350, 142
Trd, 000087.483, 142
Trd, 000087.550, 143
Trd, 000088.700, 143
Trd, 000090.183, 142
Trd, 000090.567, 144.0
Trd, 000090.633, 142
Trd, 000090.667, 142
Trd, 000091.283, 141
Trd, 000092.250, 144
Trd, 000092.633, 141.0
Trd, 000093.000, 144
Trd, 000093.683, 141
Trd, 000094.467, 141
Trd, 000094.500, 142
Trd, 000094.750, 144
Trd, 000096.033, 144
Trd, 000096.583, 147.0
Trd, 000096.633, 146
Trd, 000097.133, 146
Trd, 000097.300, 145
Trd, 000098.217, 146
Trd, 000098.367, 144
Trd, 000098.567, 147.0
Trd, 000098.767, 147.0
Trd, 000099.067, 146
Trd, 000099.100, 148.0
Trd, 000100.000, 147
Trd, 000100.400, 146
Trd, 000101.450, 145
Trd, 000102.383, 145
Trd, 000102.633, 150
Trd, 000103.050, 149
Trd, 000103.217, 143
Trd, 000103.250, 137.0
Trd, 000104.150, 146.0
Trd, 000104.717, 145
Trd, 000105.733, 146.0
Trd, 000106.417, 146
Trd, 000106.783, 145
Trd, 000106.817, 146.0
Trd, 000107.083, 148.0
Trd, 000107.167, 151
Trd, 000108.817, 151
Trd, 000109.517, 150
Trd, 000109.733, 150
Trd, 000110.250, 149
Trd, 000110.600, 147
Trd, 000110.783, 148
Trd, 000112.017, 148.0
Trd, 000112.233, 148
Trd, 000112.483, 147
Trd, 000113.367, 151
Trd, 000113.967, 148
Trd, 000114.383, 148
Trd, 000114.550, 147
Trd, 000115.217, 146
Trd, 000115.533, 147
Trd, 000116.217, 148.0
Trd, 000117.183, 147
Trd, 000117.450, 146
Trd, 000118.500, 148
Trd, 000119.550, 147
Trd, 000119.583, 147
Trd, 000119.817, 148.0
Trd, 000120.317, 148
Trd, 000121.350, 149
Trd, 000122.100, 147
Trd, 000122.183, 148
Trd, 000122.500, 146
Trd, 000123.167, 145
Trd, 000123.517, 145
Trd, 000124.383, 142.0
Trd, 000124.467, 141.0
Trd, 000125.483, 146
Trd, 000126.167, 146
Trd, 000126.617, 143
Trd, 000126.750, 144
Trd, 000126.933, 144
Trd, 000127.217, 143
Trd, 000127.483, 142
Trd, 000127.583, 145
Trd, 000129.700, 145
Trd, 000129.900, 146
Trd, 000130.333, 145
Trd, 000130.933, 150
Trd, 000131.733, 146
Trd, 000131.967, 147
Trd, 000131.983, 144
Trd, 000132.217, 143
Trd, 000133.150, 145
Trd, 000134.017, 146
Trd, 000134.500, 146
Trd, 000134.617, 145
Trd, 000134.833, 144
Trd, 000135.917, 145
Trd, 000136.100, 146
Trd, 000136.417, 147
Trd, 000136.750, 148.0
Trd, 000137.283, 148.0
Trd, 000138.250, 149
Trd, 000138.283, 143
Trd, 000138.900, 142
Trd, 000140.483, 148
Trd, 000140.517, 148.0
Trd, 000141.150, 148
Trd, 000142.317, 147
Trd, 000142.817, 148
Trd, 000143.550, 145.0
Trd, 000143.583, 143
Trd, 000144.267, 142.0
Trd, 000144.383, 146
Trd, 000145.517, 144
Trd, 000145.617, 145
Trd, 000146.083, 146
Trd, 000146.500, 146
Trd, 000147.483, 146
Trd, 000147.533, 147.0
Trd, 000148.067, 145
Trd, 000148.283, 146.0
Trd, 000148.367, 145
Trd, 000148.400, 148.0
Trd, 000148.500, 151
Trd, 000148.717, 139
Trd, 000148.950, 140
Trd, 000151.533, 148
Trd, 000151.850, 147
Trd, 000152.150, 149
Trd, 000152.283, 146
Trd, 000152.333, 149
Trd, 000153.683, 149
Trd, 000153.717, 146
Trd, 000154.083, 146
Trd, 000155.117, 146
Trd, 000156.050, 145
Trd, 000156.317, 145
Trd, 000156.533, 145
Trd, 000157.450, 145
Trd, 000157.900, 144
Trd, 000158.217, 143
Trd, 000158.667, 143
Trd, 000159.167, 145.0
Trd, 000159.383, 144
Trd, 000160.333, 147.0
Trd, 000160.383, 148.0
Trd, 000161.050, 144
Trd, 000161.083, 142
Trd, 000161.100, 141.0
Trd, 000162.117, 145
Trd, 000162.217, 141
Trd, 000163.283, 160
Trd, 000164.517, 152
Trd, 000164.633, 152
Trd, 000165.150, 151
Trd, 000165.200, 150
Trd, 000165.267, 150
Trd, 000165.483, 152
Trd, 000166.200, 147
Trd, 000166.800, 146
Trd, 000167.317, 146.0
Trd, 000167.417, 147.0
Trd, 000168.967, 146
Trd, 000169.267, 145
Trd, 000169.317, 143.0
Trd, 000169.433, 146
Trd, 000169.833, 144
Trd, 000170.533, 145.0
Trd, 000171.467, 144
Trd, 000171.567, 144
Trd, 000171.867, 144
Trd, 000173.283, 143.0
Trd, 000174.317, 146.0
Trd, 000174.467, 147
Trd, 000175.283, 145
Trd, 000175.617, 148.0
Trd, 000176.550, 146
Trd, 000176.750, 145
Trd, 000177.367, 144
Trd, 000177.750, 144
Trd, 000177.800, 145
Trd, 000178.133, 146
Trd, 000178.483, 147
Trd, 000179.750, 143
Trd, 000180.717, 144.0
Trd, 000180.817, 148.0
Trd, 000182.000, 150
Trd, 000182.367, 150
Trd, 000182.383, 149
Trd, 000182.900, 162
Trd, 000182.917, 148
Trd, 000183.850, 149
Trd, 000184.233, 151
Trd, 000184.700, 149
Trd, 000184.867, 148.0
Trd, 000185.183, 147
Trd, 000185.383, 152
Trd, 000186.117, 147
Trd, 000186.750, 146
Trd, 000186.983, 145
Trd, 000187.333, 144
Trd, 000187.533, 141.0
Trd, 000187.633, 146
Trd, 000188.033, 147
Trd, 000188.783, 138
Trd, 000189.233, 143
Trd, 000189.983, 144
Trd, 000190.450, 140
Trd, 000190.850, 140
Trd, 000191.333, 142
Trd, 000191.550, 142
Trd, 000191.633, 140
Trd, 000192.067, 142
Trd, 000193.283, 141.0
Trd, 000193.883, 145.0
Trd, 000195.017, 145.0
Trd, 000195.683, 144
Trd, 000196.300, 144
Trd, 000196.733, 144
Trd, 000196.783, 143
Trd, 000196.817, 143
Trd, 000197.733, 143
Trd, 000198.067, 144
Trd, 000198.667, 141
Trd, 000199.650, 141.0
Trd, 000200.367, 142
Trd, 000200.617, 142
Trd, 000201.417, 142
Trd, 000201.483, 140
Trd, 000201.750, 142
Trd, 000201.933, 139
Trd, 000203.467, 140
Trd, 000203.583, 141
Trd, 000203.683, 142
Trd, 000204.233, 142
Trd, 000204.367, 143
Trd, 000204.533, 148.0
Trd, 000205.917, 146
Trd, 000206.667, 146
Trd, 000207.317, 145
Trd, 000207.733, 146
Trd, 000207.750, 146
Trd, 000207.950, 146.0
Trd, 000208.267, 146
Trd, 000208.417, 145
Trd, 000208.883, 146
Trd, 000208.983, 148.0
Trd, 000209.667, 160
Trd, 000210.500, 163
Trd, 000210.683, 149
Trd, 000211.483, 149
Trd, 000212.933, 149
Trd, 000213.800, 148
Trd, 000213.950, 147
Trd, 000214.733, 148
Trd, 000215.117, 148
Trd, 000215.383, 147
Trd, 000215.683, 147
Trd, 000215.817, 150
Trd, 000216.567, 147
Trd, 000216.717, 150
Trd, 000217.133, 144.0
Trd, 000217.250, 143
Trd, 000217.483, 150
Trd, 000217.733, 152
Trd, 000218.017, 142
Trd, 000218.300, 138.0
Trd, 000218.350, 144
Trd, 000220.400, 142
Trd, 000220.800, 143
Trd, 000222.650, 148.0
Trd, 000222.867, 144
Trd, 000223.383, 143
Trd, 000223.800, 143
Trd, 000224.383, 145
Trd, 000225.200, 144
Trd, 000225.867, 143
Trd, 000226.817, 142
Trd, 000226.833, 143
Trd, 000227.017, 144
Trd, 000227.033, 141
Trd, 000227.117, 145
Trd, 000227.417, 141.0
Trd, 000227.733, 145
Trd, 000228.100, 141
Trd, 000228.333, 147.0
Trd, 000228.567, 143
Trd, 000228.583, 151
Trd, 000230.283, 147
Trd, 000230.417, 148.0
Trd, 000231.667, 149
Trd, 000232.517, 149
Trd, 000232.900, 150
Trd, 000233.517, 149
Trd, 000233.983, 151
Trd, 000235.033, 149
Trd, 000235.200, 148
Trd, 000235.983, 148
Trd, 000236.000, 147
Trd, 000236.783, 145
Trd, 000236.900, 151
Trd, 000238.367, 145
Trd, 000238.567, 145
Trd, 000238.583, 141.0
Trd, 000238.633, 150
Trd, 000239.483, 149
Trd, 000239.917, 151
Trd, 000240.633, 145
Trd, 000241.067, 142
Trd, 000241.283, 144.0
Trd, 000241.817, 147.0
Trd, 000242.067, 146
Trd, 000242.483, 148.0
Trd, 000242.900, 149
Trd, 000243.583, 148
Trd, 000243.983, 149
Trd, 000244.650, 150
Trd, 000245.000, 147
Trd, 000245.217, 148
Trd, 000245.250, 151
Trd, 000245.333, 149
Trd, 000246.250, 151
Trd, 000246.667, 150
Trd, 000247.017, 156.0
Trd, 000247.817, 150
Trd, 000248.167, 155.0
Trd, 000248.517, 154
Trd, 000249.067, 153.0
Trd, 000249.117, 151
Trd, 000249.200, 149
Trd, 000249.567, 156.0
Trd, 000250.167, 157.0
Trd, 000250.367, 144.0
Trd, 000250.883, 143.0
Trd, 000251.600, 156.0
Trd, 000252.383, 153
Trd, 000252.467, 144
Trd, 000253.267, 151
Trd, 000254.900, 150
Trd, 000255.467, 151
Trd, 000255.817, 152
Trd, 000255.917, 154
Trd, 000255.983, 151
Trd, 000256.500, 151
Trd, 000256.883, 151
Trd, 000257.133, 150
Trd, 000257.167, 151
Trd, 000257.900, 151
Trd, 000257.950, 151
Trd, 000257.967, 150
Trd, 000258.267, 149
Trd, 000258.617, 147
Trd, 000259.000, 150
Trd, 000259.583, 150
Trd, 000260.500, 147
Trd, 000260.750, 147.0
Trd, 000261.300, 148.0
Trd, 000261.350, 149
Trd, 000261.483, 146
Trd, 000261.883, 146
Trd, 000262.067, 150
Trd, 000262.683, 146
Trd, 000262.900, 151
Trd, 000263.817, 154
Trd, 000264.467, 154
Trd, 000264.983, 153
Trd, 000265.117, 151
Trd, 000265.967, 149
Trd, 000266.133, 152.0
Trd, 000266.300, 144.0
Trd, 000266.567, 141.0
Trd, 000267.467, 145
Trd, 000267.917, 144
Trd, 000268.117, 145
Trd, 000268.167, 146
Trd, 000268.517, 163
Trd, 000269.300, 144
Trd, 000270.150, 145
Trd, 000271.083, 145
Trd, 000271.117, 144
Trd, 000271.317, 144
Trd, 000271.483, 146
Trd, 000272.667, 143
Trd, 000272.867, 145
Trd, 000273.717, 144.0
Trd, 000273.850, 143
Trd, 000274.117, 144
Trd, 000274.567, 145
Trd, 000274.850, 148.0
Trd, 000274.950, 144
Trd, 000275.483, 143
Trd, 000276.017, 142
Trd, 000276.183, 142
Trd, 000276.383, 151
Trd, 000277.200, 150.0
Trd, 000278.417, 158.0
Trd, 000278.533, 151
Trd, 000279.400, 148.0
Trd, 000279.667, 151
Trd, 000280.017, 150
Trd, 000280.817, 148
Trd, 000281.100, 149
Trd, 000281.183, 148
Trd, 000281.617, 148
Trd, 000281.933, 146
Trd, 000281.967, 148
Trd, 000282.333, 151
Trd, 000283.283, 146
Trd, 000284.117, 149
Trd, 000284.250, 146
Trd, 000285.000, 150
Trd, 000285.217, 151
Trd, 000285.233, 149
Trd, 000285.250, 158.0
Trd, 000285.433, 147
Trd, 000286.500, 158.0
Trd, 000286.550, 154
Trd, 000287.000, 160.0
Trd, 000287.283, 159.0
Trd, 000287.350, 161.0
Trd, 000288.067, 158
Trd, 000288.433, 159
Trd, 000288.467, 158.0
Trd, 000288.533, 157
Trd, 000288.567, 156
Trd, 000289.817, 151
Trd, 000290.117, 149
Trd, 000290.433, 144.0
Trd, 000290.933, 143
Trd, 000291.167, 149
Trd, 000291.250, 151
Trd, 000291.467, 152
Trd, 000292.667, 144
Trd, 000293.333, 148
Trd, 000293.767, 147
Trd, 000294.167, 147.0
Trd, 000294.633, 148.0
Trd, 000294.733, 146
Trd, 000295.117, 145
Trd, 000295.467, 148
Trd, 000295.933, 149
Trd, 000296.017, 144.0
Trd, 000296.083, 144
Trd, 000296.117, 158.0
Trd, 000296.467, 147
Trd, 000296.983, 147
Trd, 000297.650, 157
Trd, 000297.783, 147
Trd, 000298.850, 151
Trd, 000299.033, 151
Trd, 000299.133, 151
Trd, 000299.683, 150
Trd, 000299.967, 149
