Trd, 000001.883, 128
Trd, 000002.517, 144
Trd, 000003.050, 152
Trd, 000004.433, 151.0
Trd, 000004.633, 150.0
Trd, 000004.667, 154.0
Trd, 000004.867, 155.0
Trd, 000005.033, 149
Trd, 000005.133, 165.0
Trd, 000005.567, 150.0
Trd, 000005.600, 148.0
Trd, 000007.183, 155.0
Trd, 000007.233, 151
Trd, 000008.383, 150
Trd, 000008.867, 157
Trd, 000010.300, 156
Trd, 000010.550, 155
Trd, 000010.900, 156
Trd, 000011.683, 157
Trd, 000011.733, 162
Trd, 000011.883, 158
Trd, 000012.367, 161
Trd, 000012.850, 162
Trd, 000013.100, 165.0
Trd, 000013.333, 160
Trd, 000013.567, 168.0
Trd, 000013.900, 160
Trd, 000014.917, 168
Trd, 000015.583, 168
Trd, 000016.067, 167
Trd, 000016.650, 167
Trd, 000016.917, 166
Trd, 000017.217, 163
Trd, 000017.783, 163
Trd, 000018.233, 156
Trd, 000019.400, 155.0
Trd, 000020.067, 155
Trd, 000020.683, 161.0
Trd, 000021.383, 162
Trd, 000021.517, 160
Trd, 000021.883, 162
Trd, 000021.950, 158
Trd, 000023.050, 164
Trd, 000023.267, 156
Trd, 000023.683, 156
Trd, 000024.050, 154
Trd, 000024.400, 155.0
Trd, 000024.533, 165.0
Trd, 000025.367, 155
Trd, 000026.633, 154
Trd, 000026.867, 155
Trd, 000027.017, 153
Trd, 000028.417, 158
Trd, 000028.700, 157
Trd, 000028.783, 158
Trd, 000029.033, 156
Trd, 000029.100, 155
Trd, 000029.133, 160
Trd, 000029.283, 153
Trd, 000029.600, 148.0
Trd, 000030.567, 148.0
Trd, 000032.483, 155
Trd, 000032.500, 156
Trd, 000032.867, 159
Trd, 000032.900, 161
Trd, 000033.267, 154
Trd, 000033.733, 155
Trd, 000033.767, 165.0
Trd, 000034.000, 154
Trd, 000034.117, 154
Trd, 000034.467, 152
Trd, 000036.517, 163
Trd, 000036.633, 152
Trd, 000037.617, 153
Trd, 000038.400, 160
Trd, 000038.517, 153
Trd, 000038.617, 152
Trd, 000038.667, 161
Trd, 000038.817, 153
Trd, 000038.950, 150
Trd, 000039.067, 148.0
Trd, 000039.450, 164
Trd, 000040.750, 139
Trd, 000042.017, 148
Trd, 000042.583, 149.0
Trd, 000043.083, 155.0
Trd, 000043.133, 149
Trd, 000044.067, 163
Trd, 000044.783, 152
Trd, 000044.850, 159
Trd, 000045.183, 153
Trd, 000045.317, 152
Trd, 000045.783, 153.0
Trd, 000046.450, 155.0
Trd, 000046.633, 168.0
Trd, 000046.650, 153
Trd, 000046.800, 175
Trd, 000047.200, 166
Trd, 000047.517, 152
Trd, 000049.167, 153
Trd, 000049.317, 152
Trd, 000052.717, 155.0
Trd, 000052.783, 155
Trd, 000053.333, 157
Trd, 000053.633, 156
Trd, 000054.700, 155
Trd, 000054.950, 155
Trd, 000055.000, 156
Trd, 000055.050, 154
Trd, 000055.700, 155
Trd, 000056.667, 154
Trd, 000056.717, 154
Trd, 000057.267, 154
Trd, 000057.450, 153
Trd, 000058.933, 157
Trd, 000059.967, 157
Trd, 000060.100, 158
Trd, 000060.150, 155
Trd, 000061.100, 158
Trd, 000061.517, 160
Trd, 000062.383, 157
Trd, 000062.933, 158
Trd, 000063.550, 161
Trd, 000063.983, 162
Trd, 000064.517, 160
Trd, 000064.750, 162
Trd, 000065.017, 160
Trd, 000065.267, 162
Trd, 000065.550, 158
Trd, 000065.667, 158
Trd, 000065.800, 154
Trd, 000065.883, 168.0
Trd, 000066.350, 124
Trd, 000067.400, 155.0
Trd, 000067.433, 152
Trd, 000067.650, 160
Trd, 000067.750, 152
Trd, 000068.233, 152
Trd, 000069.283, 165.0
Trd, 000070.217, 162.0
Trd, 000070.450, 168.0
Trd, 000071.000, 160
Trd, 000071.750, 158
Trd, 000071.883, 163
Trd, 000073.483, 158
Trd, 000074.650, 161
Trd, 000074.917, 161
Trd, 000075.433, 163.0
Trd, 000075.800, 162
Trd, 000076.033, 162
Trd, 000076.800, 160
Trd, 000076.850, 154
Trd, 000077.017, 148.0
Trd, 000077.233, 131.0
Trd, 000077.783, 144
Trd, 000078.017, 151
Trd, 000078.350, 147
Trd, 000079.350, 147
Trd, 000080.033, 148
Trd, 000080.217, 148
Trd, 000081.317, 149
Trd, 000081.600, 152.0
Trd, 000083.767, 150
Trd, 000083.967, 150
Trd, 000084.183, 155.0
Trd, 000084.617, 165
Trd, 000084.650, 149
Trd, 000084.800, 149
Trd, 000084.967, 148
Trd, 000085.083, 158
Trd, 000086.000, 148
Trd, 000086.117, 149.0
Trd, 000086.917, 148.0
Trd, 000088.433, 151
Trd, 000088.983, 149
Trd, 000089.550, 151
Trd, 000090.300, 153
Trd, 000090.933, 153
Trd, 000091.450, 164
Trd, 000092.267, 168.0
Trd, 000093.617, 155.0
Trd, 000093.883, 155
Trd, 000093.900, 154
Trd, 000094.550, 155
Trd, 000096.033, 155
Trd, 000096.050, 156
Trd, 000096.117, 154
Trd, 000096.367, 156
Trd, 000097.117, 155
Trd, 000097.683, 155
Trd, 000097.783, 154
Trd, 000097.900, 153
Trd, 000098.817, 162
Trd, 000098.933, 151
Trd, 000099.733, 148.0
Trd, 000100.183, 155.0
Trd, 000101.050, 156
Trd, 000101.200, 153
Trd, 000101.567, 152
Trd, 000101.617, 157
Trd, 000102.633, 152
Trd, 000102.800, 159
Trd, 000103.717, 154
Trd, 000104.117, 161
Trd, 000104.433, 155
Trd, 000105.800, 158
Trd, 000105.867, 157
Trd, 000106.033, 157
Trd, 000106.933, 156
Trd, 000107.200, 162
Trd, 000107.400, 154
Trd, 000108.017, 132.0
Trd, 000109.467, 154
Trd, 000109.633, 153
Trd, 000109.883, 158
Trd, 000109.983, 163
Trd, 000110.133, 164
Trd, 000111.483, 164
Trd, 000112.117, 159
Trd, 000112.933, 162
Trd, 000113.383, 153
Trd, 000114.233, 161
Trd, 000114.500, 155.0
Trd, 000114.833, 154
Trd, 000115.267, 158
Trd, 000115.717, 155
Trd, 000115.867, 154
Trd, 000116.933, 157
Trd, 000117.083, 156
Trd, 000117.700, 156
Trd, 000117.817, 155
Trd, 000118.733, 157
Trd, 000119.583, 155
Trd, 000120.250, 158
Trd, 000120.383, 158
Trd, 000121.250, 160
Trd, 000121.800, 161
Trd, 000122.867, 162
Trd, 000123.117, 158
Trd, 000124.533, 157
Trd, 000124.567, 157
Trd, 000124.650, 162
Trd, 000124.817, 164
Trd, 000126.183, 155
Trd, 000126.550, 157
Trd, 000127.267, 156
Trd, 000127.567, 161
Trd, 000128.317, 158
Trd, 000129.683, 157
Trd, 000130.667, 160
Trd, 000131.400, 161
Trd, 000131.517, 160
Trd, 000131.600, 157
Trd, 000132.250, 161
Trd, 000132.367, 162
Trd, 000132.600, 157
Trd, 000133.117, 160
Trd, 000133.217, 159
Trd, 000134.500, 161
Trd, 000134.683, 160
Trd, 000134.883, 161
Trd, 000135.100, 160
Trd, 000135.383, 159
Trd, 000136.350, 161
Trd, 000136.783, 158
Trd, 000137.167, 162
Trd, 000138.933, 160
Trd, 000139.667, 157
Trd, 000140.333, 160
Trd, 000140.750, 158
Trd, 000140.783, 163
Trd, 000141.350, 165
Trd, 000141.450, 160
Trd, 000142.583, 163
Trd, 000142.683, 162.0
Trd, 000143.133, 163
Trd, 000143.300, 164
Trd, 000144.267, 165
Trd, 000144.583, 161
Trd, 000144.833, 160
Trd, 000145.767, 159
Trd, 000146.033, 157
Trd, 000146.667, 156
Trd, 000148.267, 167
Trd, 000149.350, 161
Trd, 000150.483, 161
Trd, 000150.667, 164.0
Trd, 000150.883, 165.0
Trd, 000150.900, 164
Trd, 000151.333, 162
Trd, 000152.117, 164
Trd, 000152.367, 162
Trd, 000152.483, 162.0
Trd, 000152.650, 164
Trd, 000153.183, 165.0
Trd, 000153.583, 166
Trd, 000153.683, 167
Trd, 000153.817, 162
Trd, 000155.650, 163
Trd, 000156.983, 163
Trd, 000157.217, 164
Trd, 000157.467, 163
Trd, 000158.250, 165
Trd, 000158.300, 164
Trd, 000158.350, 166
Trd, 000158.783, 162.0
Trd, 000158.833, 154
Trd, 000158.883, 152
Trd, 000159.400, 158
Trd, 000160.067, 154
Trd, 000160.183, 160
Trd, 000160.550, 155.0
Trd, 000161.067, 154
Trd, 000161.283, 151.0
Trd, 000161.617, 148.0
Trd, 000162.000, 135
Trd, 000162.683, 131
Trd, 000162.967, 151
Trd, 000163.567, 149
Trd, 000163.633, 153
Trd, 000164.883, 151
Trd, 000164.950, 154
Trd, 000165.500, 152.0
Trd, 000166.333, 151.0
Trd, 000166.417, 155.0
Trd, 000166.433, 151
Trd, 000166.883, 162
Trd, 000167.450, 153
Trd, 000168.450, 155
Trd, 000168.467, 153
Trd, 000169.150, 155.0
Trd, 000169.300, 156
Trd, 000170.100, 158
Trd, 000170.417, 154
Trd, 000171.050, 154
Trd, 000171.933, 154
Trd, 000172.700, 153
Trd, 000172.717, 153
Trd, 000172.800, 155.0
Trd, 000174.017, 158
Trd, 000174.683, 160
Trd, 000174.950, 158
Trd, 000175.300, 165.0
Trd, 000175.683, 159
Trd, 000176.083, 158
Trd, 000176.167, 158
Trd, 000176.350, 158
Trd, 000178.100, 162
Trd, 000178.533, 162
Trd, 000179.383, 160
Trd, 000179.633, 165.0
Trd, 000180.183, 165
Trd, 000180.550, 163
Trd, 000180.717, 162.0
Trd, 000181.167, 159
Trd, 000181.267, 159
Trd, 000181.483, 159
Trd, 000182.400, 158
Trd, 000183.967, 163
Trd, 000184.633, 165
Trd, 000185.067, 165
Trd, 000185.167, 164
Trd, 000186.200, 162
Trd, 000186.717, 163
Trd, 000187.300, 162
Trd, 000187.383, 160
Trd, 000187.483, 165
Trd, 000188.517, 165.0
Trd, 000188.833, 176
Trd, 000189.067, 177
Trd, 000189.467, 176
Trd, 000189.717, 166
Trd, 000190.350, 175
Trd, 000190.617, 168
Trd, 000191.017, 167
Trd, 000192.417, 171
Trd, 000192.750, 165
Trd, 000193.817, 167
Trd, 000193.933, 168
Trd, 000194.483, 167
Trd, 000194.733, 166
Trd, 000194.900, 164
Trd, 000195.200, 164
Trd, 000196.700, 162.0
Trd, 000196.900, 164
Trd, 000197.900, 161
Trd, 000198.200, 161
Trd, 000198.333, 160
Trd, 000198.750, 155
Trd, 000199.067, 154
Trd, 000199.100, 163
Trd, 000199.617, 165.0
Trd, 000200.167, 168.0
Trd, 000200.367, 156
Trd, 000200.617, 155
Trd, 000201.000, 155
Trd, 000201.817, 155
Trd, 000201.983, 164
Trd, 000202.600, 148.0
Trd, 000203.067, 156
Trd, 000203.633, 152
Trd, 000203.783, 151
Trd, 000204.050, 158
Trd, 000204.100, 151
Trd, 000205.033, 150
Trd, 000205.283, 143
Trd, 000205.633, 148.0
Trd, 000206.100, 153
Trd, 000207.283, 150
Trd, 000208.567, 150
Trd, 000209.717, 151
Trd, 000209.750, 155.0
Trd, 000210.283, 150.0
Trd, 000211.267, 149.0
Trd, 000211.467, 151
Trd, 000211.933, 154
Trd, 000212.100, 150
Trd, 000212.200, 151
Trd, 000213.367, 152
Trd, 000213.383, 153
Trd, 000215.000, 154
Trd, 000215.500, 154
Trd, 000215.850, 154.0
Trd, 000216.167, 155.0
Trd, 000216.683, 156
Trd, 000216.850, 153
Trd, 000217.567, 151
Trd, 000218.567, 155
Trd, 000219.750, 152
Trd, 000219.767, 151
Trd, 000220.317, 155.0
Trd, 000220.583, 162
Trd, 000221.350, 158
Trd, 000221.567, 157
Trd, 000221.633, 163
Trd, 000222.950, 158
Trd, 000223.200, 160
Trd, 000223.433, 158
Trd, 000223.467, 159
Trd, 000224.517, 158
Trd, 000225.617, 160
Trd, 000225.733, 161
Trd, 000225.867, 160
Trd, 000225.883, 161
Trd, 000226.233, 160
Trd, 000226.433, 158
Trd, 000227.567, 156
Trd, 000227.600, 164
Trd, 000228.117, 165.0
Trd, 000228.817, 157
Trd, 000229.483, 158
Trd, 000229.883, 157
Trd, 000230.883, 156
Trd, 000231.067, 157
Trd, 000231.717, 157
Trd, 000232.433, 158
Trd, 000232.983, 158
Trd, 000233.517, 161
Trd, 000233.550, 156
Trd, 000233.567, 155
Trd, 000234.783, 160
Trd, 000235.383, 160
Trd, 000235.600, 155
Trd, 000235.967, 161
Trd, 000236.833, 156
Trd, 000237.983, 155
Trd, 000238.600, 154
Trd, 000238.617, 153
Trd, 000238.783, 162
Trd, 000239.117, 162
Trd, 000240.050, 162
Trd, 000240.133, 165.0
Trd, 000240.767, 159
Trd, 000241.100, 162
Trd, 000241.433, 164
Trd, 000241.867, 167.0
Trd, 000242.467, 163
Trd, 000242.917, 166
Trd, 000243.150, 162
Trd, 000244.017, 164.0
Trd, 000244.250, 163.0
Trd, 000245.367, 162.0
Trd, 000245.483, 161
Trd, 000245.650, 164
Trd, 000246.483, 159
Trd, 000247.150, 161
Trd, 000247.500, 162
Trd, 000247.850, 162
Trd, 000248.200, 160
Trd, 000248.800, 158.0
Trd, 000249.183, 163
Trd, 000249.350, 160
Trd, 000249.433, 158
Trd, 000250.517, 159.0
Trd, 000250.817, 160
Trd, 000251.750, 160
Trd, 000251.933, 159
Trd, 000252.017, 160
Trd, 000252.050, 162
Trd, 000252.717, 158.0
Trd, 000252.850, 157
Trd, 000253.967, 163.0
Trd, 000255.083, 165
Trd, 000255.600, 162
Trd, 000255.733, 162.0
Trd, 000255.850, 159
Trd, 000255.983, 165
Trd, 000256.433, 161
Trd, 000257.433, 159
Trd, 000257.467, 159
Trd, 000257.567, 158.0
Trd, 000257.900, 155
Trd, 000258.183, 160
Trd, 000258.283, 160
Trd, 000259.100, 158
Trd, 000259.683, 157
Trd, 000260.733, 156
Trd, 000261.000, 156
Trd, 000261.133, 154
Trd, 000261.267, 153
Trd, 000261.700, 148.0
Trd, 000262.733, 154
Trd, 000263.600, 154
Trd, 000263.833, 149
Trd, 000264.183, 154
Trd, 000264.900, 153
Trd, 000265.100, 155.0
Trd, 000265.250, 156
Trd, 000265.700, 153.0
Trd, 000266.267, 156
Trd, 000266.700, 152.0
Trd, 000267.017, 153.0
Trd, 000267.833, 153
Trd, 000267.867, 155.0
Trd, 000268.500, 152
Trd, 000269.017, 153
Trd, 000269.533, 162
Trd, 000271.183, 158.0
Trd, 000271.250, 159
Trd, 000271.417, 155
Trd, 000272.417, 155
Trd, 000272.667, 154
Trd, 000273.050, 157
Trd, 000273.433, 154
Trd, 000273.483, 157
Trd, 000273.683, 154
Trd, 000274.067, 151.0
Trd, 000274.700, 148.0
Trd, 000275.067, 156
Trd, 000275.350, 141.0
Trd, 000275.750, 156
Trd, 000276.483, 156
Trd, 000277.267, 152
Trd, 000277.333, 150
Trd, 000278.367, 150
Trd, 000279.000, 149
Trd, 000279.350, 149
Trd, 000279.550, 150
Trd, 000279.933, 148.0
Trd, 000280.183, 152
Trd, 000281.100, 153
Trd, 000281.250, 158.0
Trd, 000282.217, 154.0
Trd, 000282.467, 155.0
Trd, 000283.217, 159.0
Trd, 000283.767, 161
Trd, 000283.850, 158.0
Trd, 000284.117, 159
Trd, 000285.733, 158
Trd, 000286.300, 158.0
Trd, 000286.433, 157
Trd, 000286.450, 157
Trd, 000286.750, 160
Trd, 000286.850, 162
Trd, 000287.233, 156
Trd, 000287.283, 153
Trd, 000287.433, 152.0
Trd, 000287.783, 152.0
Trd, 000287.917, 159
Trd, 000289.183, 154.0
Trd, 000289.283, 153.0
Trd, 000289.317, 151.0
Trd, 000289.333, 158
Trd, 000290.083, 158
Trd, 000290.667, 157
Trd, 000291.233, 158.0
Trd, 000292.133, 150
Trd, 000292.450, 153
Trd, 000292.900, 153
Trd, 000293.617, 154.0
Trd, 000294.067, 155.0
Trd, 000295.300, 152
Trd, 000295.450, 155
Trd, 000295.783, 156
Trd, 000295.817, 161
Trd, 000296.117, 151
Trd, 000296.900, 150.0
Trd, 000296.967, 149
Trd, 000297.133, 154.0
Trd, 000297.550, 151
Trd, 000297.683, 148.0
Trd, 000298.867, 153
Trd, 000299.350, 152.0
Trd, 000299.983, 153
