Trd, 000001.150, 167.0
Trd, 000003.000, 138
Trd, 000003.200, 141.0
Trd, 000003.533, 141
Trd, 000003.900, 140.0
Trd, 000003.967, 155.0
Trd, 000005.133, 157.0
Trd, 000005.183, 139.0
Trd, 000007.250, 141.0
Trd, 000007.867, 143
Trd, 000008.200, 145
Trd, 000009.150, 143
Trd, 000009.200, 144
Trd, 000009.533, 142
Trd, 000009.800, 145
Trd, 000010.683, 158.0
Trd, 000010.717, 162
Trd, 000011.133, 149
Trd, 000011.333, 155
Trd, 000011.717, 153
Trd, 000011.983, 153
Trd, 000012.150, 152
Trd, 000012.583, 164
Trd, 000012.850, 172.0
Trd, 000012.883, 150
Trd, 000014.383, 153
Trd, 000015.683, 146
Trd, 000016.100, 152
Trd, 000016.567, 148
Trd, 000016.600, 154.0
Trd, 000016.767, 163
Trd, 000017.533, 150
Trd, 000018.750, 155
Trd, 000019.117, 157.0
Trd, 000019.433, 149
Trd, 000021.667, 153
Trd, 000022.083, 154
Trd, 000022.383, 153
Trd, 000023.317, 154
Trd, 000023.500, 155.0
Trd, 000023.650, 151
Trd, 000024.217, 157.0
Trd, 000025.150, 148
Trd, 000025.267, 158.0
Trd, 000025.350, 164
Trd, 000025.900, 163
Trd, 000027.200, 158
Trd, 000027.333, 149
Trd, 000027.683, 157
Trd, 000028.250, 147
Trd, 000028.383, 157
Trd, 000030.000, 157
Trd, 000030.433, 157
Trd, 000031.500, 156
Trd, 000033.017, 156
Trd, 000033.600, 156
Trd, 000033.717, 155
Trd, 000033.800, 157
Trd, 000034.183, 158.0
Trd, 000034.350, 172.0
Trd, 000034.750, 156
Trd, 000036.067, 163
Trd, 000036.200, 163
Trd, 000036.217, 156
Trd, 000037.650, 156
Trd, 000038.083, 161
Trd, 000038.717, 152
Trd, 000039.283, 150
Trd, 000040.517, 149
Trd, 000040.850, 151
Trd, 000041.200, 158
Trd, 000042.383, 153
Trd, 000042.467, 151
Trd, 000043.117, 137.0
Trd, 000043.533, 154
Trd, 000044.283, 154
Trd, 000044.417, 155.0
Trd, 000045.100, 156.0
Trd, 000045.333, 158.0
Trd, 000045.567, 162
Trd, 000045.800, 147
Trd, 000046.350, 168.0
Trd, 000046.950, 171.0
Trd, 000047.483, 172.0
Trd, 000048.100, 168.0
Trd, 000048.800, 163
Trd, 000048.833, 162
Trd, 000049.450, 147
Trd, 000050.033, 155
Trd, 000050.200, 145
Trd, 000050.250, 154
Trd, 000050.333, 155
Trd, 000050.683, 137.0
Trd, 000051.650, 154
Trd, 000051.683, 155.0
Trd, 000052.950, 151
Trd, 000053.117, 152
Trd, 000054.133, 146
Trd, 000054.217, 142
Trd, 000055.233, 145
Trd, 000055.467, 144
Trd, 000055.850, 142
Trd, 000056.517, 158.0
Trd, 000056.700, 140
Trd, 000056.783, 151
Trd, 000056.933, 147
Trd, 000057.283, 150
Trd, 000059.417, 153
Trd, 000059.567, 155
Trd, 000059.867, 153
Trd, 000060.167, 157
Trd, 000060.683, 157
Trd, 000060.767, 158.0
Trd, 000061.000, 155
Trd, 000061.983, 152
Trd, 000063.067, 161
Trd, 000063.333, 136
Trd, 000063.383, 163
Trd, 000063.450, 168.0
Trd, 000064.683, 164
Trd, 000065.550, 168.0
Trd, 000067.067, 155
Trd, 000067.517, 157
Trd, 000068.967, 152
Trd, 000069.067, 151
Trd, 000070.217, 153
Trd, 000070.867, 154
Trd, 000071.050, 153
Trd, 000071.250, 149
Trd, 000071.733, 153
Trd, 000072.067, 151
Trd, 000072.150, 154
Trd, 000072.783, 154
Trd, 000073.367, 153
Trd, 000073.717, 168.0
Trd, 000074.033, 157
Trd, 000074.600, 150
Trd, 000075.167, 147
Trd, 000076.067, 153
Trd, 000076.867, 155.0
Trd, 000076.983, 157
Trd, 000077.383, 157.0
Trd, 000077.933, 155
Trd, 000078.500, 157
Trd, 000078.517, 162
Trd, 000078.650, 168.0
Trd, 000079.617, 156
Trd, 000080.033, 150
Trd, 000080.667, 147
Trd, 000080.933, 151
Trd, 000081.633, 143
Trd, 000081.883, 148
Trd, 000081.967, 149
Trd, 000082.800, 155.0
Trd, 000082.850, 157
Trd, 000083.800, 151
Trd, 000083.817, 158.0
Trd, 000083.983, 158
Trd, 000084.400, 158.0
Trd, 000085.167, 152
Trd, 000086.617, 158
Trd, 000087.050, 160
Trd, 000087.350, 159
Trd, 000087.683, 159
Trd, 000088.750, 158
Trd, 000088.833, 155
Trd, 000088.933, 150
Trd, 000089.117, 133
Trd, 000089.300, 157
Trd, 000089.350, 159
Trd, 000089.600, 158.0
Trd, 000091.867, 149
Trd, 000092.233, 149
Trd, 000092.800, 152
Trd, 000092.867, 147
Trd, 000093.767, 151
Trd, 000094.500, 152
Trd, 000094.600, 152
Trd, 000094.700, 155.0
Trd, 000094.767, 158.0
Trd, 000094.983, 148
Trd, 000095.683, 151
Trd, 000095.933, 164
Trd, 000096.233, 150
Trd, 000096.767, 165
Trd, 000098.250, 156.0
Trd, 000098.500, 157
Trd, 000098.567, 158.0
Trd, 000098.817, 156
Trd, 000099.050, 166.0
Trd, 000099.183, 147
Trd, 000099.467, 160
Trd, 000100.083, 161
Trd, 000101.483, 155.0
Trd, 000102.533, 158.0
Trd, 000102.800, 154
Trd, 000103.467, 158
Trd, 000103.483, 159
Trd, 000103.933, 137.0
Trd, 000104.917, 145
Trd, 000105.200, 149
Trd, 000105.767, 153
Trd, 000105.883, 149
Trd, 000106.150, 157.0
Trd, 000106.283, 158.0
Trd, 000106.483, 147
Trd, 000106.783, 164
Trd, 000107.567, 152
Trd, 000108.017, 161
Trd, 000110.383, 156
Trd, 000110.517, 150
Trd, 000111.167, 154
Trd, 000111.617, 153
Trd, 000112.333, 153
Trd, 000112.950, 149
Trd, 000113.183, 155
Trd, 000114.500, 149
Trd, 000114.750, 148
Trd, 000114.967, 150
Trd, 000115.433, 147
Trd, 000115.600, 149
Trd, 000115.750, 151
Trd, 000116.067, 150
Trd, 000117.717, 147
Trd, 000119.600, 145
Trd, 000119.650, 147
Trd, 000120.667, 140.0
Trd, 000120.850, 141.0
Trd, 000121.150, 143
Trd, 000121.167, 149
Trd, 000121.617, 142
Trd, 000122.250, 150
Trd, 000122.383, 158.0
Trd, 000122.850, 161
Trd, 000124.283, 161
Trd, 000124.583, 160
Trd, 000124.617, 151
Trd, 000124.717, 162
Trd, 000125.917, 152
Trd, 000126.433, 156
Trd, 000126.533, 151
Trd, 000126.633, 158
Trd, 000127.083, 162
Trd, 000128.133, 154
Trd, 000128.783, 149
Trd, 000129.017, 154
Trd, 000129.183, 155
Trd, 000131.000, 150
Trd, 000131.267, 155.0
Trd, 000131.550, 148
Trd, 000131.717, 153
Trd, 000131.917, 168.0
Trd, 000132.250, 158.0
Trd, 000132.300, 180
Trd, 000133.300, 150
Trd, 000134.050, 152
Trd, 000135.067, 154
Trd, 000135.650, 154
Trd, 000136.133, 145
Trd, 000136.233, 146
Trd, 000138.283, 146
Trd, 000139.250, 150
Trd, 000139.517, 150
Trd, 000139.850, 149
Trd, 000140.017, 156.0
Trd, 000140.050, 168.0
Trd, 000140.250, 150
Trd, 000141.333, 154.0
Trd, 000141.517, 158.0
Trd, 000141.967, 148
Trd, 000142.517, 163
Trd, 000143.217, 146
Trd, 000143.433, 158
Trd, 000143.500, 159
Trd, 000143.667, 162
Trd, 000145.500, 157
Trd, 000146.817, 153
Trd, 000146.933, 152
Trd, 000147.867, 151
Trd, 000147.983, 152.0
Trd, 000148.583, 153
Trd, 000148.800, 151
Trd, 000149.917, 147
Trd, 000150.150, 137.0
Trd, 000150.250, 154.0
Trd, 000150.400, 155.0
Trd, 000151.483, 155
Trd, 000151.700, 157.0
Trd, 000151.917, 154
Trd, 000152.983, 153
Trd, 000153.433, 150
Trd, 000153.633, 156
Trd, 000154.900, 154
Trd, 000155.400, 153
Trd, 000156.067, 148
Trd, 000156.333, 152
Trd, 000156.667, 158.0
Trd, 000157.533, 151
Trd, 000157.817, 156
Trd, 000157.867, 150
Trd, 000158.550, 157
Trd, 000159.350, 158
Trd, 000159.450, 149
Trd, 000159.950, 157
Trd, 000160.317, 151
Trd, 000161.250, 151
Trd, 000161.417, 157
Trd, 000161.750, 159
Trd, 000162.683, 156
Trd, 000163.800, 155.0
Trd, 000164.317, 152
Trd, 000164.583, 156
Trd, 000164.733, 148
Trd, 000165.617, 155
Trd, 000166.200, 154
Trd, 000166.783, 155
Trd, 000167.400, 154
Trd, 000168.017, 150
Trd, 000168.033, 157
Trd, 000168.367, 156
Trd, 000168.633, 158.0
Trd, 000169.533, 162
Trd, 000169.567, 163
Trd, 000169.600, 168.0
Trd, 000170.600, 153
Trd, 000171.367, 156
Trd, 000172.033, 157.0
Trd, 000172.150, 157
Trd, 000172.983, 157.0
Trd, 000173.300, 155
Trd, 000173.517, 157
Trd, 000173.550, 150
Trd, 000173.717, 147
Trd, 000174.500, 139.0
Trd, 000175.283, 140.0
Trd, 000175.700, 141.0
Trd, 000177.200, 141
Trd, 000177.250, 143
Trd, 000178.017, 141
Trd, 000178.300, 141
Trd, 000178.383, 143
Trd, 000178.650, 142
Trd, 000178.667, 143
Trd, 000178.800, 141
Trd, 000181.033, 143
Trd, 000181.817, 147
Trd, 000182.717, 147
Trd, 000182.900, 156.0
Trd, 000183.017, 145
Trd, 000183.467, 158.0
Trd, 000183.617, 162
Trd, 000184.117, 145
Trd, 000184.350, 146
Trd, 000184.483, 150
Trd, 000185.250, 167.0
Trd, 000185.267, 162
Trd, 000185.933, 161
Trd, 000186.317, 158.0
Trd, 000186.517, 145
Trd, 000187.450, 145
Trd, 000187.800, 158.0
Trd, 000188.133, 138
Trd, 000189.200, 162
Trd, 000190.150, 146
Trd, 000190.733, 147
Trd, 000190.883, 152
Trd, 000191.950, 150
Trd, 000192.050, 149
Trd, 000192.683, 157.0
Trd, 000193.850, 150
Trd, 000193.933, 148
Trd, 000194.183, 146
Trd, 000194.733, 151
Trd, 000195.200, 150
Trd, 000195.867, 151
Trd, 000196.333, 151
Trd, 000196.500, 150
Trd, 000196.650, 164
Trd, 000197.117, 168.0
Trd, 000198.117, 156
Trd, 000198.200, 165
Trd, 000199.067, 157
Trd, 000199.500, 156
Trd, 000199.867, 156.0
Trd, 000200.150, 156.0
Trd, 000200.167, 157.0
Trd, 000201.250, 157
Trd, 000201.917, 157
Trd, 000202.600, 156
Trd, 000202.633, 149
Trd, 000204.167, 156
Trd, 000204.750, 158.0
Trd, 000205.517, 155
Trd, 000205.633, 153
Trd, 000206.450, 157
Trd, 000206.617, 160
Trd, 000206.750, 161
Trd, 000207.717, 153
Trd, 000207.933, 159
Trd, 000208.467, 162
Trd, 000208.533, 168.0
Trd, 000208.950, 175.0
Trd, 000209.033, 182
Trd, 000209.700, 156
Trd, 000210.117, 166
Trd, 000211.383, 157
Trd, 000212.167, 158
Trd, 000212.650, 160
Trd, 000213.950, 158
Trd, 000214.167, 158
Trd, 000214.550, 160
Trd, 000215.267, 157
Trd, 000215.383, 150
Trd, 000216.283, 159
Trd, 000217.067, 157
Trd, 000217.950, 158.0
Trd, 000218.217, 152
Trd, 000218.767, 158
Trd, 000218.833, 154
Trd, 000219.283, 162
Trd, 000220.283, 154
Trd, 000220.667, 148
Trd, 000220.700, 157
Trd, 000220.717, 157
Trd, 000221.983, 153
Trd, 000222.033, 149
Trd, 000223.167, 152
Trd, 000223.533, 147
Trd, 000224.667, 141.0
Trd, 000225.100, 142.0
Trd, 000225.567, 141.0
Trd, 000226.367, 142
Trd, 000226.583, 137.0
Trd, 000227.050, 140
Trd, 000228.217, 138
Trd, 000228.483, 137
Trd, 000228.983, 155.0
Trd, 000229.100, 144
Trd, 000229.267, 132.0
Trd, 000229.283, 143
Trd, 000230.083, 141.0
Trd, 000230.533, 153
Trd, 000231.267, 157.0
Trd, 000231.417, 155
Trd, 000231.650, 146
Trd, 000232.600, 154
Trd, 000233.283, 162
Trd, 000233.650, 157
Trd, 000233.683, 155
Trd, 000233.933, 150
Trd, 000236.250, 156
Trd, 000236.817, 155
Trd, 000236.950, 147
Trd, 000237.100, 155
Trd, 000237.117, 156
Trd, 000237.217, 158.0
Trd, 000237.317, 160
Trd, 000237.867, 155
Trd, 000239.917, 159
Trd, 000240.550, 160
Trd, 000240.567, 152
Trd, 000241.767, 156
Trd, 000241.800, 155
Trd, 000242.500, 155
Trd, 000242.700, 152
Trd, 000243.400, 154
Trd, 000243.850, 155
Trd, 000244.050, 154
Trd, 000245.200, 152
Trd, 000245.633, 150
Trd, 000245.867, 150
Trd, 000246.033, 151
Trd, 000247.417, 154
Trd, 000247.733, 155.0
Trd, 000247.817, 154
Trd, 000247.933, 153
Trd, 000248.200, 162
Trd, 000248.533, 168.0
Trd, 000249.533, 158.0
Trd, 000249.617, 150
Trd, 000249.767, 147
Trd, 000251.233, 155
Trd, 000251.533, 151
Trd, 000251.550, 154
Trd, 000252.383, 149
Trd, 000252.433, 151
Trd, 000252.767, 149
Trd, 000253.100, 150
Trd, 000254.367, 147
Trd, 000254.617, 152
Trd, 000255.100, 155.0
Trd, 000255.833, 150
Trd, 000256.233, 153
Trd, 000256.300, 151
Trd, 000256.600, 148
Trd, 000256.800, 151
Trd, 000256.867, 147
Trd, 000257.017, 141
Trd, 000257.483, 150
Trd, 000257.950, 149.0
Trd, 000258.383, 141.0
Trd, 000259.700, 146
Trd, 000260.000, 150
Trd, 000260.183, 152
Trd, 000260.767, 154.0
Trd, 000261.267, 153.0
Trd, 000262.067, 152.0
Trd, 000262.300, 154.0
Trd, 000263.033, 153.0
Trd, 000263.183, 154
Trd, 000263.917, 154
Trd, 000264.017, 157.0
Trd, 000264.933, 151
Trd, 000265.350, 150
Trd, 000265.517, 147
Trd, 000266.217, 156
Trd, 000266.550, 140.0
Trd, 000266.667, 141.0
Trd, 000266.900, 141
Trd, 000267.167, 158.0
Trd, 000268.000, 158
Trd, 000268.250, 153
Trd, 000268.417, 163
Trd, 000268.700, 165.0
Trd, 000269.100, 158
Trd, 000269.700, 151
Trd, 000269.750, 149
Trd, 000270.450, 150
Trd, 000270.800, 154
Trd, 000271.117, 147
Trd, 000271.767, 152
Trd, 000271.833, 153.0
Trd, 000271.900, 147.0
Trd, 000272.600, 154.0
Trd, 000272.983, 153
Trd, 000273.133, 151
Trd, 000273.883, 155.0
Trd, 000274.367, 147
Trd, 000274.417, 158.0
Trd, 000275.950, 151
Trd, 000276.167, 146
Trd, 000276.250, 152
Trd, 000276.300, 153
Trd, 000276.500, 155.0
Trd, 000276.567, 156
Trd, 000277.133, 146
Trd, 000277.283, 146
Trd, 000277.350, 148.0
Trd, 000278.083, 146
Trd, 000278.150, 151
Trd, 000278.233, 152
Trd, 000278.550, 152
Trd, 000278.767, 158.0
Trd, 000279.317, 161
Trd, 000279.567, 160
Trd, 000280.300, 150
Trd, 000280.550, 155.0
Trd, 000281.183, 147
Trd, 000282.033, 145
Trd, 000282.800, 150
Trd, 000282.950, 151
Trd, 000284.417, 153.0
Trd, 000285.033, 154
Trd, 000285.150, 153.0
Trd, 000285.217, 155.0
Trd, 000285.367, 156.0
Trd, 000285.767, 158.0
Trd, 000285.967, 162
Trd, 000286.083, 165.0
Trd, 000286.683, 151
Trd, 000286.917, 156
Trd, 000287.000, 150
Trd, 000287.283, 159
Trd, 000287.617, 161
Trd, 000288.567, 150
Trd, 000289.517, 150
Trd, 000289.800, 152
Trd, 000289.950, 152
Trd, 000290.717, 153
Trd, 000290.733, 149
Trd, 000290.767, 153
Trd, 000290.783, 154
Trd, 000291.633, 155.0
Trd, 000292.300, 154
Trd, 000292.667, 149
Trd, 000293.917, 152
Trd, 000294.117, 154
Trd, 000294.167, 155
Trd, 000294.217, 148
Trd, 000294.467, 155.0
Trd, 000294.617, 158.0
Trd, 000294.650, 147
Trd, 000295.300, 161
Trd, 000295.417, 147
Trd, 000295.850, 141.0
Trd, 000296.600, 159
Trd, 000297.417, 145
Trd, 000297.717, 156
Trd, 000297.900, 145
Trd, 000298.033, 158.0
