Trd, 000001.700, 168.0
Trd, 000003.367, 193.0
Trd, 000003.667, 162.0
Trd, 000004.017, 161
Trd, 000005.200, 144
Trd, 000005.517, 153
Trd, 000007.050, 150
Trd, 000007.067, 148
Trd, 000007.133, 147.0
Trd, 000009.283, 153
Trd, 000009.367, 151
Trd, 000009.833, 143
Trd, 000010.200, 152
Trd, 000010.517, 147
Trd, 000010.550, 151
Trd, 000010.583, 155
Trd, 000011.567, 164.0
Trd, 000012.067, 162.0
Trd, 000013.283, 174.0
Trd, 000013.717, 168.0
Trd, 000013.950, 162
Trd, 000014.167, 163
Trd, 000014.667, 162
Trd, 000015.267, 160
Trd, 000016.800, 159
Trd, 000016.950, 158
Trd, 000017.200, 158
Trd, 000017.383, 154
Trd, 000018.617, 153
Trd, 000019.633, 153
Trd, 000020.350, 153
Trd, 000020.483, 148
Trd, 000021.750, 153
Trd, 000021.867, 155
Trd, 000022.283, 162.0
Trd, 000022.517, 168.0
Trd, 000023.467, 152
Trd, 000025.017, 155
Trd, 000025.283, 158
Trd, 000025.400, 154
Trd, 000026.767, 158
Trd, 000027.683, 156
Trd, 000028.017, 156
Trd, 000028.250, 155
Trd, 000028.550, 153
Trd, 000029.083, 154
Trd, 000030.533, 155
Trd, 000031.333, 156
Trd, 000032.483, 155
Trd, 000033.783, 156
Trd, 000034.050, 162.0
Trd, 000034.400, 160
Trd, 000034.517, 157
Trd, 000035.367, 159
Trd, 000035.583, 159
Trd, 000035.700, 158
Trd, 000036.067, 160
Trd, 000037.317, 163.0
Trd, 000038.250, 166.0
Trd, 000038.917, 146
Trd, 000040.300, 157
Trd, 000041.450, 155
Trd, 000041.633, 154
Trd, 000041.650, 156
Trd, 000042.567, 154
Trd, 000042.767, 153
Trd, 000043.583, 156
Trd, 000044.400, 158
Trd, 000044.600, 162.0
Trd, 000045.217, 152
Trd, 000046.367, 152
Trd, 000046.950, 151
Trd, 000047.817, 155
Trd, 000047.883, 155
Trd, 000048.767, 155
Trd, 000049.150, 156
Trd, 000049.300, 156
Trd, 000049.367, 145
Trd, 000050.333, 146
Trd, 000051.667, 153
Trd, 000052.350, 152
Trd, 000052.550, 151
Trd, 000053.467, 149
Trd, 000054.183, 149
Trd, 000054.533, 150
Trd, 000054.633, 155
Trd, 000055.117, 148
Trd, 000056.217, 152
Trd, 000057.000, 145
Trd, 000057.333, 151
Trd, 000058.000, 143.0
Trd, 000058.400, 145
Trd, 000058.817, 148
Trd, 000059.650, 150
Trd, 000061.017, 150
Trd, 000061.317, 150
Trd, 000061.900, 155
Trd, 000062.017, 152
Trd, 000062.633, 151
Trd, 000062.783, 152
Trd, 000063.433, 151
Trd, 000063.533, 162.0
Trd, 000064.800, 143
Trd, 000064.933, 159
Trd, 000065.617, 152
Trd, 000066.200, 152
Trd, 000067.883, 141.0
Trd, 000068.067, 151
Trd, 000068.450, 151
Trd, 000070.000, 152
Trd, 000070.417, 149
Trd, 000070.433, 153
Trd, 000071.700, 152
Trd, 000071.917, 162.0
Trd, 000071.967, 149
Trd, 000072.117, 149
Trd, 000072.333, 175.0
Trd, 000072.717, 162.0
Trd, 000073.550, 156
Trd, 000074.700, 157
Trd, 000074.867, 158
Trd, 000075.033, 150
Trd, 000075.283, 156
Trd, 000076.067, 157
Trd, 000077.400, 164.0
Trd, 000078.033, 167.0
Trd, 000078.117, 152
Trd, 000079.000, 168.0
Trd, 000079.550, 158
Trd, 000081.500, 162.0
Trd, 000082.217, 162
Trd, 000082.250, 162
Trd, 000082.733, 160
Trd, 000083.467, 161
Trd, 000083.567, 159
Trd, 000083.933, 161
Trd, 000083.983, 162
Trd, 000085.367, 160
Trd, 000085.917, 159
Trd, 000086.683, 160
Trd, 000087.167, 159
Trd, 000087.317, 162.0
Trd, 000088.917, 159
Trd, 000089.233, 160
Trd, 000089.367, 160
Trd, 000090.067, 160
Trd, 000090.350, 159
Trd, 000091.350, 145
Trd, 000091.983, 156
Trd, 000092.633, 157
Trd, 000093.433, 154
Trd, 000093.700, 142
Trd, 000094.833, 148
Trd, 000094.850, 153
Trd, 000095.233, 156
Trd, 000095.633, 152
Trd, 000096.267, 152
Trd, 000096.500, 146
Trd, 000096.550, 162.0
Trd, 000096.583, 168.0
Trd, 000097.317, 142
Trd, 000097.333, 141.0
Trd, 000098.083, 144
Trd, 000098.417, 157
Trd, 000099.833, 157
Trd, 000100.517, 151
Trd, 000101.083, 152
Trd, 000101.250, 153
Trd, 000101.417, 152
Trd, 000101.700, 151
Trd, 000101.850, 153
Trd, 000102.667, 155
Trd, 000102.867, 155
Trd, 000103.600, 142
Trd, 000104.583, 144
Trd, 000105.317, 149
Trd, 000106.350, 147
Trd, 000106.467, 148
Trd, 000107.417, 155
Trd, 000108.250, 146
Trd, 000108.600, 143
Trd, 000109.233, 141.0
Trd, 000109.333, 153
Trd, 000110.050, 152
Trd, 000111.883, 149
Trd, 000112.117, 149
Trd, 000112.150, 146
Trd, 000113.317, 146
Trd, 000114.783, 143
Trd, 000115.350, 147
Trd, 000115.600, 148
Trd, 000116.500, 146
Trd, 000117.250, 148
Trd, 000118.300, 146
Trd, 000119.233, 146
Trd, 000119.517, 155
Trd, 000119.550, 146
Trd, 000120.233, 159.0
Trd, 000121.200, 154
Trd, 000121.283, 162.0
Trd, 000122.167, 175.0
Trd, 000122.350, 162.0
Trd, 000122.733, 162
Trd, 000122.917, 165
Trd, 000123.133, 156
Trd, 000124.450, 156
Trd, 000125.683, 160
Trd, 000126.033, 157
Trd, 000126.717, 157
Trd, 000127.017, 158
Trd, 000128.633, 159
Trd, 000128.917, 159
Trd, 000129.150, 160
Trd, 000130.083, 159
Trd, 000130.300, 160
Trd, 000130.650, 156
Trd, 000131.233, 157
Trd, 000131.750, 158
Trd, 000131.800, 146
Trd, 000132.467, 162.0
Trd, 000133.783, 158
Trd, 000134.083, 159
Trd, 000134.150, 168.0
Trd, 000134.967, 166
Trd, 000135.300, 144.0
Trd, 000135.500, 143
Trd, 000136.867, 159
Trd, 000138.083, 157
Trd, 000138.250, 158
Trd, 000139.167, 157
Trd, 000139.667, 157
Trd, 000139.867, 157
Trd, 000140.617, 157
Trd, 000141.083, 155
Trd, 000141.283, 155
Trd, 000141.733, 156
Trd, 000142.400, 145.0
Trd, 000142.850, 158
Trd, 000143.500, 151
Trd, 000143.933, 152
Trd, 000143.950, 153
Trd, 000144.483, 151
Trd, 000146.050, 151
Trd, 000146.650, 154
Trd, 000146.700, 162.0
Trd, 000146.783, 168.0
Trd, 000147.233, 144
Trd, 000147.817, 168.0
Trd, 000149.700, 160
Trd, 000150.517, 146
Trd, 000150.600, 155
Trd, 000152.717, 148
Trd, 000152.733, 149
Trd, 000152.750, 150
Trd, 000153.850, 148
Trd, 000153.983, 145
Trd, 000154.367, 149
Trd, 000155.350, 148
Trd, 000155.550, 149
Trd, 000156.483, 155
Trd, 000156.750, 159
Trd, 000157.567, 156
Trd, 000157.800, 158
Trd, 000157.833, 143
Trd, 000158.000, 145
Trd, 000158.733, 162.0
Trd, 000159.267, 163.0
Trd, 000160.083, 162.0
Trd, 000160.317, 157
Trd, 000161.200, 156
Trd, 000161.950, 155
Trd, 000161.967, 141.0
Trd, 000162.417, 157
Trd, 000163.017, 142
Trd, 000164.283, 149
Trd, 000164.533, 149
Trd, 000164.567, 150
Trd, 000165.550, 152
Trd, 000165.600, 140
Trd, 000168.167, 151
Trd, 000168.500, 157
Trd, 000168.533, 152
Trd, 000169.633, 153
Trd, 000170.000, 153
Trd, 000170.333, 152
Trd, 000170.533, 149
Trd, 000170.633, 154
Trd, 000171.383, 155
Trd, 000171.650, 143
Trd, 000172.833, 142
Trd, 000173.117, 148
Trd, 000173.450, 161.0
Trd, 000174.417, 157
Trd, 000174.450, 162.0
Trd, 000174.867, 148
Trd, 000176.500, 146
Trd, 000176.567, 159
Trd, 000178.367, 157
Trd, 000178.550, 152
Trd, 000179.133, 151
Trd, 000180.267, 154
Trd, 000180.667, 155
Trd, 000181.450, 154
Trd, 000181.650, 156
Trd, 000181.750, 162.0
Trd, 000181.883, 168.0
Trd, 000182.867, 154
Trd, 000183.250, 155
Trd, 000183.667, 160
Trd, 000184.083, 160
Trd, 000184.350, 160
Trd, 000184.917, 162.0
Trd, 000186.933, 159
Trd, 000187.083, 160
Trd, 000187.517, 160
Trd, 000187.833, 158
Trd, 000188.100, 144
Trd, 000188.500, 158
Trd, 000189.267, 143
Trd, 000189.900, 156
Trd, 000190.700, 153
Trd, 000191.450, 146
Trd, 000192.717, 144
Trd, 000192.850, 143
Trd, 000192.883, 151
Trd, 000193.650, 141.0
Trd, 000194.083, 150
Trd, 000194.167, 150
Trd, 000194.533, 150
Trd, 000195.533, 150
Trd, 000196.417, 143
Trd, 000197.150, 146
Trd, 000198.367, 144
Trd, 000198.617, 144
Trd, 000198.767, 147
Trd, 000199.350, 143
Trd, 000199.667, 155
Trd, 000200.000, 150
Trd, 000200.283, 161.0
Trd, 000200.317, 162.0
Trd, 000200.367, 175.0
Trd, 000202.833, 149
Trd, 000203.433, 151
Trd, 000204.133, 149
Trd, 000205.233, 150
Trd, 000205.817, 150
Trd, 000205.900, 151
Trd, 000206.133, 150
Trd, 000206.633, 155
Trd, 000207.150, 143
Trd, 000207.183, 142
Trd, 000207.367, 141.0
Trd, 000207.467, 152
Trd, 000208.817, 149
Trd, 000208.933, 152
Trd, 000210.483, 152
Trd, 000210.800, 152
Trd, 000211.650, 153
Trd, 000211.700, 155
Trd, 000212.333, 153
Trd, 000213.333, 153
Trd, 000213.367, 146
Trd, 000214.267, 155
Trd, 000214.317, 168.0
Trd, 000214.650, 145
Trd, 000216.633, 158
Trd, 000216.833, 156
Trd, 000217.117, 157
Trd, 000218.517, 152
Trd, 000219.733, 152
Trd, 000220.050, 151
Trd, 000220.067, 150
Trd, 000220.300, 152
Trd, 000220.767, 151
Trd, 000221.217, 151
Trd, 000222.800, 144
Trd, 000224.017, 146
Trd, 000224.317, 146
Trd, 000224.817, 146
Trd, 000225.367, 143
Trd, 000225.417, 147
Trd, 000225.833, 146
Trd, 000228.050, 162.0
Trd, 000228.350, 154
Trd, 000228.483, 168.0
Trd, 000229.667, 150
Trd, 000230.667, 150
Trd, 000231.500, 149
Trd, 000232.100, 148
Trd, 000233.183, 147
Trd, 000233.400, 147
Trd, 000233.500, 148
Trd, 000234.183, 146
Trd, 000234.367, 148
Trd, 000234.883, 146
Trd, 000235.717, 148
Trd, 000235.883, 148
Trd, 000235.983, 155
Trd, 000239.083, 145
Trd, 000239.567, 144
Trd, 000240.217, 147
Trd, 000240.233, 146
Trd, 000240.533, 147
Trd, 000240.567, 146
Trd, 000240.900, 148
Trd, 000241.150, 146
Trd, 000241.500, 144
Trd, 000241.617, 146
Trd, 000241.917, 148
Trd, 000242.183, 144
Trd, 000242.350, 151.0
Trd, 000242.567, 152
Trd, 000243.433, 151
Trd, 000244.017, 153
Trd, 000244.100, 155
Trd, 000244.667, 156
Trd, 000244.683, 159
Trd, 000245.200, 157.0
Trd, 000245.283, 155.0
Trd, 000246.067, 153
Trd, 000246.117, 151
Trd, 000246.583, 151
Trd, 000247.117, 148
Trd, 000247.550, 150
Trd, 000248.050, 149
Trd, 000248.417, 156
Trd, 000249.250, 154
Trd, 000249.567, 147
Trd, 000249.917, 148
Trd, 000250.033, 148.0
Trd, 000250.600, 155.0
Trd, 000251.067, 153
Trd, 000252.683, 148
Trd, 000252.700, 151
Trd, 000252.933, 151
Trd, 000253.817, 147
Trd, 000254.267, 151
Trd, 000254.333, 151.0
Trd, 000254.833, 152
Trd, 000255.483, 152
Trd, 000255.783, 155
Trd, 000255.917, 153
Trd, 000256.467, 150
Trd, 000256.900, 151.0
Trd, 000257.233, 150
Trd, 000257.450, 149.0
Trd, 000257.750, 148.0
Trd, 000258.517, 143
Trd, 000259.283, 147
Trd, 000259.400, 150
Trd, 000259.667, 145.0
Trd, 000260.350, 146
Trd, 000260.450, 145
Trd, 000260.783, 144
Trd, 000261.583, 146.0
Trd, 000261.683, 146.0
Trd, 000261.950, 148.0
Trd, 000262.333, 151.0
Trd, 000263.017, 151
Trd, 000263.167, 148.0
Trd, 000263.783, 151
Trd, 000263.983, 148.0
Trd, 000264.333, 152
Trd, 000265.117, 154
Trd, 000265.683, 153
Trd, 000266.067, 152
Trd, 000266.433, 155
Trd, 000267.050, 151
Trd, 000267.417, 150
Trd, 000268.317, 152
Trd, 000268.633, 152
Trd, 000268.717, 145
Trd, 000268.833, 158
Trd, 000269.683, 152.0
Trd, 000270.033, 151.0
Trd, 000270.350, 150
Trd, 000271.033, 149
Trd, 000271.267, 153
Trd, 000271.283, 153
Trd, 000271.833, 148.0
Trd, 000272.267, 154
Trd, 000272.517, 155
Trd, 000273.033, 147
Trd, 000273.267, 155
Trd, 000273.333, 157.0
Trd, 000273.617, 143
Trd, 000274.033, 158
Trd, 000274.467, 156.0
Trd, 000274.767, 149.0
Trd, 000276.167, 163.0
Trd, 000277.050, 159
Trd, 000278.100, 155
Trd, 000278.333, 154
Trd, 000278.700, 156
Trd, 000278.950, 154
Trd, 000279.400, 154
Trd, 000279.500, 153
Trd, 000280.200, 152
Trd, 000280.683, 149.0
Trd, 000281.183, 150
Trd, 000281.333, 142
Trd, 000281.400, 141.0
Trd, 000281.567, 143.0
Trd, 000281.733, 132
Trd, 000282.017, 150
Trd, 000282.933, 143
Trd, 000283.067, 146
Trd, 000284.683, 147
Trd, 000284.750, 148
Trd, 000285.183, 149
Trd, 000285.533, 155
Trd, 000285.883, 151.0
Trd, 000286.200, 151.0
Trd, 000286.367, 148.0
Trd, 000287.417, 142
Trd, 000287.900, 147
Trd, 000289.350, 148
Trd, 000289.617, 149
Trd, 000289.633, 144.0
Trd, 000289.667, 155
Trd, 000290.517, 157.0
Trd, 000290.617, 155.0
Trd, 000290.817, 155
Trd, 000291.467, 150.0
Trd, 000291.583, 150
Trd, 000291.950, 144
Trd, 000292.467, 143
Trd, 000293.033, 147
Trd, 000293.850, 149
Trd, 000294.017, 151.0
Trd, 000294.100, 148.0
Trd, 000294.217, 162.0
Trd, 000295.033, 146
Trd, 000295.167, 145
Trd, 000295.233, 151.0
Trd, 000295.383, 154
Trd, 000295.417, 141.0
Trd, 000296.867, 143
Trd, 000297.017, 142
Trd, 000298.533, 153
Trd, 000298.617, 151.0
Trd, 000298.850, 153
Trd, 000299.350, 150
Trd, 000299.533, 151
