Trd, 000001.767, 175.0
Trd, 000002.067, 161
Trd, 000002.667, 139
Trd, 000002.767, 165
Trd, 000004.017, 151.0
Trd, 000004.033, 144
Trd, 000004.700, 141
Trd, 000004.867, 145
Trd, 000006.550, 141
Trd, 000007.200, 143
Trd, 000009.183, 145
Trd, 000009.400, 151.0
Trd, 000009.633, 150
Trd, 000010.050, 143
Trd, 000010.367, 160
Trd, 000011.017, 147
Trd, 000011.167, 150
Trd, 000011.367, 147
Trd, 000011.517, 167.0
Trd, 000012.783, 148
Trd, 000012.983, 148.0
Trd, 000013.050, 151.0
Trd, 000013.500, 147
Trd, 000013.517, 151
Trd, 000014.050, 152
Trd, 000016.467, 153
Trd, 000017.300, 151
Trd, 000018.100, 152
Trd, 000018.233, 152
Trd, 000018.450, 151.0
Trd, 000019.267, 150
Trd, 000019.350, 151
Trd, 000020.083, 150
Trd, 000020.217, 149
Trd, 000020.600, 152
Trd, 000020.833, 141
Trd, 000021.200, 159
Trd, 000021.517, 146
Trd, 000021.733, 145
Trd, 000022.450, 145
Trd, 000022.883, 150.0
Trd, 000023.833, 148
Trd, 000025.167, 148
Trd, 000025.333, 148
Trd, 000025.500, 148
Trd, 000025.567, 151.0
Trd, 000026.167, 147
Trd, 000026.917, 151
Trd, 000026.933, 168.0
Trd, 000028.383, 151
Trd, 000029.033, 165
Trd, 000029.817, 154
Trd, 000029.833, 154
Trd, 000030.000, 160
Trd, 000030.300, 159
Trd, 000030.383, 154
Trd, 000030.817, 154
Trd, 000031.850, 163
Trd, 000032.250, 162
Trd, 000033.050, 158
Trd, 000033.400, 159
Trd, 000033.983, 157
Trd, 000034.867, 158
Trd, 000036.233, 157
Trd, 000037.150, 157
Trd, 000037.483, 156
Trd, 000037.967, 155
Trd, 000037.983, 155
Trd, 000038.267, 157
Trd, 000038.333, 158
Trd, 000038.750, 155
Trd, 000038.850, 154
Trd, 000039.100, 150
Trd, 000039.717, 151
Trd, 000039.917, 150
Trd, 000040.200, 150
Trd, 000041.033, 149
Trd, 000041.867, 146
Trd, 000041.950, 151.0
Trd, 000043.183, 149
Trd, 000043.667, 151
Trd, 000044.783, 150
Trd, 000044.850, 151
Trd, 000045.033, 159
Trd, 000046.450, 151.0
Trd, 000048.350, 152
Trd, 000048.567, 151
Trd, 000048.833, 152
Trd, 000049.000, 150
Trd, 000049.083, 150
Trd, 000049.533, 154
Trd, 000049.683, 165
Trd, 000050.967, 155
Trd, 000051.300, 151
Trd, 000051.467, 153
Trd, 000051.617, 152
Trd, 000051.833, 152
Trd, 000053.333, 154
Trd, 000053.650, 155
Trd, 000054.017, 166
Trd, 000054.733, 153
Trd, 000055.200, 155
Trd, 000055.217, 156
Trd, 000055.550, 156
Trd, 000055.567, 158
Trd, 000056.750, 156
Trd, 000056.833, 155
Trd, 000057.750, 153
Trd, 000058.417, 150
Trd, 000058.450, 163
Trd, 000059.400, 148
Trd, 000059.667, 155
Trd, 000060.150, 154
Trd, 000061.117, 154
Trd, 000062.000, 156
Trd, 000062.067, 154
Trd, 000062.300, 166
Trd, 000062.317, 154
Trd, 000063.967, 152
Trd, 000064.083, 158
Trd, 000066.317, 152
Trd, 000066.883, 151
Trd, 000067.467, 151
Trd, 000067.867, 150
Trd, 000068.767, 150
Trd, 000069.383, 152
Trd, 000069.783, 154
Trd, 000070.300, 151.0
Trd, 000071.733, 150
Trd, 000073.683, 151
Trd, 000073.800, 150
Trd, 000073.867, 151.0
Trd, 000074.367, 151
Trd, 000075.467, 150
Trd, 000075.683, 149
Trd, 000076.650, 151
Trd, 000078.750, 151
Trd, 000078.950, 151
Trd, 000079.850, 150
Trd, 000080.183, 151
Trd, 000080.733, 152
Trd, 000080.933, 149
Trd, 000081.150, 152
Trd, 000081.567, 153
Trd, 000081.817, 154
Trd, 000082.300, 175.0
Trd, 000083.000, 172
Trd, 000083.967, 158
Trd, 000084.400, 155
Trd, 000085.350, 158
Trd, 000085.983, 156
Trd, 000086.017, 154
Trd, 000086.467, 155
Trd, 000088.400, 155
Trd, 000088.683, 156
Trd, 000089.167, 156
Trd, 000089.883, 156
Trd, 000090.100, 155
Trd, 000090.433, 156
Trd, 000090.850, 154
Trd, 000091.783, 153
Trd, 000092.700, 154
Trd, 000092.800, 155
Trd, 000093.233, 156
Trd, 000093.483, 153
Trd, 000093.733, 153
Trd, 000093.867, 149
Trd, 000094.700, 150
Trd, 000094.883, 151
Trd, 000095.233, 153
Trd, 000095.367, 166
Trd, 000096.517, 154
Trd, 000096.583, 154
Trd, 000098.017, 154
Trd, 000098.050, 153
Trd, 000098.450, 157
Trd, 000098.850, 158
Trd, 000098.983, 156
Trd, 000099.717, 153
Trd, 000099.833, 150
Trd, 000100.433, 157
Trd, 000101.500, 164
Trd, 000102.017, 161
Trd, 000102.517, 152
Trd, 000103.033, 160
Trd, 000103.317, 165
Trd, 000104.050, 166
Trd, 000104.783, 167
Trd, 000105.650, 159
Trd, 000107.350, 163
Trd, 000107.900, 162
Trd, 000108.150, 160
Trd, 000108.883, 161
Trd, 000109.050, 159
Trd, 000109.550, 160
Trd, 000109.667, 161
Trd, 000111.433, 161
Trd, 000111.950, 160
Trd, 000112.100, 162
Trd, 000112.283, 159
Trd, 000113.067, 158
Trd, 000114.317, 154
Trd, 000115.400, 160
Trd, 000116.550, 156
Trd, 000116.800, 156
Trd, 000118.583, 159
Trd, 000119.333, 155
Trd, 000119.400, 156
Trd, 000120.000, 156
Trd, 000120.117, 156
Trd, 000120.667, 167.0
Trd, 000121.400, 159
Trd, 000122.750, 161
Trd, 000123.033, 158
Trd, 000123.150, 162
Trd, 000123.400, 153
Trd, 000123.667, 150
Trd, 000123.967, 161
Trd, 000125.783, 155
Trd, 000126.550, 157
Trd, 000127.617, 158
Trd, 000127.983, 158
Trd, 000128.167, 156
Trd, 000128.717, 156
Trd, 000128.783, 159
Trd, 000130.633, 155
Trd, 000130.917, 158
Trd, 000130.983, 159
Trd, 000132.183, 157
Trd, 000132.383, 154
Trd, 000132.567, 159
Trd, 000134.683, 157
Trd, 000135.517, 158
Trd, 000136.283, 158
Trd, 000136.367, 166
Trd, 000136.983, 159
Trd, 000137.533, 160
Trd, 000137.967, 161
Trd, 000138.667, 160
Trd, 000138.983, 159
Trd, 000139.050, 160
Trd, 000139.733, 160
Trd, 000141.383, 157
Trd, 000141.633, 157
Trd, 000141.950, 154
Trd, 000142.017, 158
Trd, 000142.400, 150
Trd, 000143.517, 155
Trd, 000143.767, 154
Trd, 000143.950, 154
Trd, 000144.267, 152
Trd, 000144.900, 152
Trd, 000145.633, 151.0
Trd, 000146.250, 150
Trd, 000146.350, 154
Trd, 000147.467, 150
Trd, 000147.633, 151
Trd, 000148.500, 151
Trd, 000149.217, 150
Trd, 000149.267, 152
Trd, 000149.350, 151
Trd, 000150.433, 151
Trd, 000150.883, 150
Trd, 000151.717, 165
Trd, 000151.800, 150
Trd, 000152.783, 175.0
Trd, 000153.167, 168.0
Trd, 000153.517, 164
Trd, 000153.950, 163
Trd, 000154.383, 163
Trd, 000154.583, 162
Trd, 000156.350, 156
Trd, 000156.367, 158
Trd, 000157.083, 156
Trd, 000157.250, 154
Trd, 000158.567, 155
Trd, 000158.633, 154
Trd, 000158.767, 151
Trd, 000160.983, 152
Trd, 000161.400, 152
Trd, 000161.750, 150
Trd, 000161.867, 154
Trd, 000163.067, 150
Trd, 000163.850, 151
Trd, 000164.317, 152
Trd, 000165.583, 149
Trd, 000166.700, 150
Trd, 000166.750, 151
Trd, 000167.017, 152
Trd, 000167.083, 152
Trd, 000168.017, 153
Trd, 000168.150, 152
Trd, 000169.300, 151
Trd, 000169.367, 150
Trd, 000170.083, 149
Trd, 000170.883, 148
Trd, 000171.700, 148
Trd, 000172.817, 151
Trd, 000172.900, 152
Trd, 000173.617, 147
Trd, 000173.717, 147
Trd, 000175.150, 160
Trd, 000175.167, 162
Trd, 000175.767, 159
Trd, 000176.200, 158
Trd, 000176.633, 157
Trd, 000177.267, 157
Trd, 000178.100, 157
Trd, 000179.000, 157
Trd, 000179.483, 156
Trd, 000180.283, 156
Trd, 000180.683, 157
Trd, 000181.183, 151.0
Trd, 000182.283, 154
Trd, 000182.750, 154
Trd, 000183.250, 153
Trd, 000184.200, 154
Trd, 000184.700, 152
Trd, 000185.133, 150
Trd, 000185.250, 153
Trd, 000186.217, 151
Trd, 000186.733, 152
Trd, 000187.233, 152
Trd, 000188.183, 150
Trd, 000188.533, 149
Trd, 000189.200, 151
Trd, 000190.300, 151
Trd, 000190.850, 151
Trd, 000191.267, 151.0
Trd, 000191.550, 150
Trd, 000192.517, 150
Trd, 000192.633, 153
Trd, 000193.883, 150
Trd, 000194.200, 150
Trd, 000195.133, 149
Trd, 000195.550, 151
Trd, 000195.650, 149
Trd, 000196.000, 151.0
Trd, 000196.967, 152
Trd, 000197.533, 151.0
Trd, 000198.100, 151
Trd, 000198.217, 152
Trd, 000199.150, 164
Trd, 000199.833, 149
Trd, 000200.583, 155
Trd, 000200.983, 149
Trd, 000202.200, 150.0
Trd, 000202.283, 150
Trd, 000203.417, 148
Trd, 000204.283, 149
Trd, 000204.433, 150
Trd, 000204.700, 149
Trd, 000204.750, 148
Trd, 000205.667, 149
Trd, 000206.233, 151.0
Trd, 000206.750, 149
Trd, 000207.550, 153
Trd, 000208.000, 164
Trd, 000209.017, 151.0
Trd, 000210.067, 155
Trd, 000211.667, 157
Trd, 000211.700, 165
Trd, 000212.000, 166.0
Trd, 000212.067, 154
Trd, 000213.450, 160
Trd, 000214.250, 161
Trd, 000214.850, 158
Trd, 000215.000, 161
Trd, 000215.100, 161
Trd, 000215.150, 165
Trd, 000215.467, 161
Trd, 000216.667, 161
Trd, 000217.383, 160
Trd, 000217.633, 157
Trd, 000217.750, 161
Trd, 000220.383, 159
Trd, 000220.850, 161
Trd, 000221.633, 159
Trd, 000221.883, 160
Trd, 000222.400, 160
Trd, 000223.267, 159
Trd, 000223.617, 159
Trd, 000223.717, 168.0
Trd, 000225.500, 161
Trd, 000225.717, 163
Trd, 000226.800, 161
Trd, 000226.833, 160
Trd, 000227.450, 161
Trd, 000228.717, 160
Trd, 000229.267, 161
Trd, 000230.267, 160
Trd, 000230.767, 161
Trd, 000230.833, 160
Trd, 000231.167, 161
Trd, 000231.217, 159
Trd, 000231.450, 161
Trd, 000231.683, 161
Trd, 000231.967, 165
Trd, 000232.250, 157
Trd, 000233.467, 175.0
Trd, 000233.750, 160
Trd, 000236.033, 162
Trd, 000236.667, 164
Trd, 000236.800, 160
Trd, 000237.233, 164
Trd, 000238.250, 162
Trd, 000238.317, 163
Trd, 000238.617, 164
Trd, 000239.067, 162
Trd, 000240.417, 163
Trd, 000240.583, 162
Trd, 000240.650, 162.0
Trd, 000240.667, 161
Trd, 000240.933, 163
Trd, 000242.733, 162
Trd, 000243.717, 160
Trd, 000243.733, 161
Trd, 000244.067, 161
Trd, 000244.717, 158
Trd, 000245.233, 154
Trd, 000246.050, 158
Trd, 000246.217, 156
Trd, 000246.450, 150
Trd, 000246.817, 154
Trd, 000247.050, 158
Trd, 000247.217, 143
Trd, 000247.333, 156
Trd, 000248.050, 148
Trd, 000248.250, 151
Trd, 000248.650, 152
Trd, 000249.467, 141
Trd, 000251.317, 149
Trd, 000251.933, 148
Trd, 000252.467, 149
Trd, 000252.500, 155.0
Trd, 000252.600, 148
Trd, 000253.750, 150
Trd, 000255.500, 148
Trd, 000256.050, 148
Trd, 000256.133, 147
Trd, 000256.683, 149
Trd, 000257.083, 150
Trd, 000257.683, 149.0
Trd, 000258.850, 150
Trd, 000259.150, 149
Trd, 000259.667, 150
Trd, 000260.333, 147
Trd, 000261.333, 149
Trd, 000261.900, 150
Trd, 000262.233, 148
Trd, 000262.633, 149
Trd, 000263.033, 151.0
Trd, 000263.183, 152
Trd, 000264.000, 155.0
Trd, 000265.667, 154
Trd, 000265.717, 151
Trd, 000266.733, 151
Trd, 000266.883, 152
Trd, 000267.133, 151
Trd, 000267.183, 153
Trd, 000267.800, 151.0
Trd, 000268.283, 153
Trd, 000268.317, 150
Trd, 000268.583, 152
Trd, 000268.917, 149
Trd, 000269.667, 151
Trd, 000269.867, 151
Trd, 000270.050, 152
Trd, 000270.133, 149
Trd, 000271.033, 149
Trd, 000271.633, 155.0
Trd, 000272.583, 150
Trd, 000273.100, 150
Trd, 000273.350, 154
Trd, 000273.683, 154
Trd, 000274.717, 149
Trd, 000275.067, 150.0
Trd, 000275.183, 151.0
Trd, 000275.783, 149
Trd, 000276.133, 150
Trd, 000276.650, 150
Trd, 000277.283, 151
Trd, 000277.333, 149
Trd, 000278.017, 154.0
Trd, 000278.117, 148
Trd, 000278.683, 149
Trd, 000279.317, 149
Trd, 000279.667, 148
Trd, 000279.933, 150
Trd, 000280.067, 151
Trd, 000280.850, 150
Trd, 000281.433, 151.0
Trd, 000282.083, 149
Trd, 000283.983, 147
Trd, 000284.000, 147
Trd, 000284.067, 147
Trd, 000284.367, 148
Trd, 000285.267, 147
Trd, 000285.700, 148
Trd, 000287.000, 145
Trd, 000287.217, 149
Trd, 000288.083, 148
Trd, 000288.650, 147
Trd, 000289.083, 147
Trd, 000289.283, 147
Trd, 000289.400, 145.0
Trd, 000289.933, 144.0
Trd, 000290.317, 149
Trd, 000291.150, 150.0
Trd, 000291.767, 161
Trd, 000292.117, 152
Trd, 000292.500, 144
Trd, 000292.633, 144
Trd, 000293.000, 143
Trd, 000293.817, 143
Trd, 000293.833, 150
Trd, 000295.267, 148
Trd, 000296.383, 147
Trd, 000296.417, 147
Trd, 000296.683, 148
Trd, 000296.717, 144.0
Trd, 000297.967, 148
Trd, 000298.033, 151.0
Trd, 000298.233, 150
Trd, 000298.300, 146
Trd, 000299.017, 145
Trd, 000299.733, 144.0
