Trd, 000000.883, 131
Trd, 000001.900, 154
Trd, 000002.433, 125
Trd, 000002.917, 148.0
Trd, 000003.000, 165.0
Trd, 000003.117, 166.0
Trd, 000003.817, 127.0
Trd, 000004.350, 135
Trd, 000004.467, 120
Trd, 000005.067, 140
Trd, 000005.600, 138
Trd, 000007.050, 138
Trd, 000007.383, 134.0
Trd, 000008.350, 148.0
Trd, 000008.517, 142
Trd, 000008.767, 149
Trd, 000009.267, 146
Trd, 000009.350, 157
Trd, 000009.967, 168.0
Trd, 000010.533, 156
Trd, 000011.767, 149
Trd, 000011.833, 149
Trd, 000011.917, 148.0
Trd, 000012.100, 161.0
Trd, 000013.283, 147
Trd, 000014.100, 156
Trd, 000014.333, 150
Trd, 000014.717, 150
Trd, 000014.767, 149
Trd, 000015.967, 153
Trd, 000016.633, 154
Trd, 000016.817, 149
Trd, 000017.033, 162.0
Trd, 000017.117, 149
Trd, 000017.317, 148.0
Trd, 000017.583, 148
Trd, 000019.400, 152
Trd, 000020.133, 148
Trd, 000020.283, 147
Trd, 000020.733, 152
Trd, 000021.867, 165
Trd, 000021.917, 147
Trd, 000022.400, 146
Trd, 000022.517, 167
Trd, 000022.650, 145
Trd, 000023.350, 149
Trd, 000023.550, 145
Trd, 000024.300, 146
Trd, 000025.767, 145.0
Trd, 000026.333, 144
Trd, 000026.850, 145
Trd, 000026.883, 148.0
Trd, 000028.167, 147
Trd, 000028.367, 146
Trd, 000028.500, 148
Trd, 000030.033, 149
Trd, 000030.317, 149
Trd, 000030.383, 146
Trd, 000030.450, 150
Trd, 000031.133, 146
Trd, 000031.550, 145
Trd, 000032.550, 146
Trd, 000033.350, 150
Trd, 000033.917, 145
Trd, 000034.250, 149
Trd, 000035.167, 154
Trd, 000035.717, 145
Trd, 000036.183, 148.0
Trd, 000036.433, 145
Trd, 000037.183, 151
Trd, 000037.533, 155
Trd, 000038.417, 146
Trd, 000039.000, 145
Trd, 000040.217, 145
Trd, 000041.067, 146
Trd, 000041.983, 147
Trd, 000042.883, 147
Trd, 000043.467, 146
Trd, 000044.233, 145
Trd, 000044.400, 147
Trd, 000044.850, 148.0
Trd, 000045.183, 146
Trd, 000045.300, 155
Trd, 000046.000, 147
Trd, 000046.233, 145
Trd, 000046.933, 145
Trd, 000047.117, 163
Trd, 000048.350, 154
Trd, 000048.950, 147
Trd, 000049.467, 155
Trd, 000050.383, 149
Trd, 000050.550, 148.0
Trd, 000051.500, 148
Trd, 000051.700, 148
Trd, 000051.800, 144
Trd, 000052.017, 153
Trd, 000052.233, 155
Trd, 000052.317, 153
Trd, 000053.100, 152
Trd, 000053.300, 149
Trd, 000054.450, 149
Trd, 000054.983, 149
Trd, 000055.250, 130
Trd, 000056.050, 147.0
Trd, 000056.217, 148.0
Trd, 000056.533, 134.0
Trd, 000057.517, 155
Trd, 000058.883, 146
Trd, 000059.817, 146
Trd, 000060.333, 145
Trd, 000060.500, 148
Trd, 000060.683, 145
Trd, 000061.233, 146
Trd, 000061.783, 146
Trd, 000062.250, 146
Trd, 000063.417, 146
Trd, 000063.483, 144
Trd, 000064.617, 143
Trd, 000065.017, 146.0
Trd, 000065.650, 145
Trd, 000065.900, 143
Trd, 000066.317, 154
Trd, 000067.050, 143
Trd, 000067.833, 148.0
Trd, 000068.167, 144
Trd, 000069.100, 146
Trd, 000069.333, 145
Trd, 000069.383, 145
Trd, 000069.950, 153
Trd, 000070.450, 154
Trd, 000071.100, 154
Trd, 000071.883, 154
Trd, 000072.583, 151
Trd, 000074.033, 150
Trd, 000074.083, 149
Trd, 000074.233, 148
Trd, 000074.800, 147
Trd, 000075.233, 148
Trd, 000075.700, 148
Trd, 000076.417, 147
Trd, 000076.683, 151
Trd, 000077.150, 150
Trd, 000077.167, 147
Trd, 000078.183, 155
Trd, 000079.433, 149
Trd, 000079.450, 148.0
Trd, 000079.500, 147
Trd, 000079.717, 146
Trd, 000079.967, 148
Trd, 000081.650, 147
Trd, 000081.683, 146
Trd, 000081.900, 149
Trd, 000082.967, 155
Trd, 000083.767, 147
Trd, 000083.900, 150
Trd, 000084.950, 159.0
Trd, 000085.200, 148
Trd, 000085.550, 160.0
Trd, 000086.350, 148.0
Trd, 000086.850, 147
Trd, 000087.283, 168.0
Trd, 000088.350, 156
Trd, 000088.567, 149
Trd, 000088.717, 148
Trd, 000089.267, 148
Trd, 000089.933, 153
Trd, 000091.417, 150
Trd, 000092.050, 149
Trd, 000092.817, 148
Trd, 000093.000, 152
Trd, 000093.217, 147
Trd, 000093.567, 152
Trd, 000093.683, 147
Trd, 000094.367, 146
Trd, 000094.550, 144
Trd, 000094.633, 153
Trd, 000095.050, 144
Trd, 000096.417, 155
Trd, 000097.433, 150
Trd, 000098.100, 149
Trd, 000098.567, 150
Trd, 000098.733, 151
Trd, 000100.017, 152.0
Trd, 000100.700, 155
Trd, 000100.967, 162.0
Trd, 000101.917, 158
Trd, 000102.117, 152
Trd, 000102.667, 149
Trd, 000102.917, 166.0
Trd, 000104.100, 153
Trd, 000104.733, 153
Trd, 000105.350, 155
Trd, 000105.617, 152
Trd, 000105.833, 151
Trd, 000106.467, 155
Trd, 000107.450, 157
Trd, 000107.617, 162.0
Trd, 000108.033, 156
Trd, 000108.067, 155
Trd, 000108.633, 164.0
Trd, 000108.667, 168.0
Trd, 000108.683, 155
Trd, 000108.983, 152
Trd, 000109.550, 153
Trd, 000109.600, 148.0
Trd, 000110.933, 139.0
Trd, 000112.017, 139
Trd, 000112.817, 140
Trd, 000113.300, 138
Trd, 000113.733, 137
Trd, 000114.050, 141
Trd, 000114.317, 139.0
Trd, 000114.750, 142
Trd, 000115.117, 140
Trd, 000115.850, 148.0
Trd, 000116.133, 144
Trd, 000117.150, 144
Trd, 000117.217, 142
Trd, 000117.583, 141
Trd, 000118.067, 139
Trd, 000119.517, 161.0
Trd, 000119.700, 156
Trd, 000119.983, 162.0
Trd, 000120.700, 147.0
Trd, 000120.783, 148.0
Trd, 000121.483, 147
Trd, 000121.600, 146
Trd, 000122.550, 152
Trd, 000123.017, 160
Trd, 000123.033, 149
Trd, 000123.283, 151
Trd, 000123.917, 149
Trd, 000124.167, 162.0
Trd, 000124.650, 152
Trd, 000124.850, 148
Trd, 000124.967, 166.0
Trd, 000127.133, 152
Trd, 000127.617, 157
Trd, 000127.750, 157
Trd, 000128.233, 167.0
Trd, 000129.150, 152
Trd, 000129.700, 152
Trd, 000130.400, 156
Trd, 000130.500, 151
Trd, 000131.267, 151
Trd, 000132.567, 151
Trd, 000132.650, 149
Trd, 000132.800, 145
Trd, 000133.350, 162.0
Trd, 000133.517, 147
Trd, 000135.417, 151
Trd, 000136.467, 150.0
Trd, 000136.850, 149
Trd, 000136.917, 148.0
Trd, 000137.800, 149
Trd, 000138.367, 148
Trd, 000138.867, 147
Trd, 000138.950, 151
Trd, 000140.000, 152
Trd, 000140.800, 155
Trd, 000141.250, 162.0
Trd, 000141.633, 175.0
Trd, 000142.250, 150
Trd, 000142.817, 149
Trd, 000143.100, 148.0
Trd, 000143.217, 148
Trd, 000144.233, 148
Trd, 000144.483, 159
Trd, 000145.733, 150
Trd, 000146.667, 156
Trd, 000146.783, 149
Trd, 000147.467, 149
Trd, 000148.167, 150
Trd, 000148.550, 156
Trd, 000149.133, 149
Trd, 000150.233, 150
Trd, 000150.667, 150
Trd, 000151.017, 162.0
Trd, 000152.083, 151
Trd, 000152.300, 152
Trd, 000152.817, 152
Trd, 000153.233, 167.0
Trd, 000153.717, 152
Trd, 000154.083, 148.0
Trd, 000154.967, 151
Trd, 000155.000, 151
Trd, 000155.067, 148.0
Trd, 000155.283, 137.0
Trd, 000155.667, 146
Trd, 000156.167, 147
Trd, 000156.917, 165.0
Trd, 000157.583, 133
Trd, 000157.967, 141.0
Trd, 000158.017, 150
Trd, 000158.667, 155
Trd, 000159.317, 145
Trd, 000159.650, 154
Trd, 000159.833, 144
Trd, 000160.483, 148.0
Trd, 000160.833, 146
Trd, 000161.200, 145
Trd, 000162.517, 146
Trd, 000162.867, 145
Trd, 000162.933, 144
Trd, 000163.450, 148.0
Trd, 000163.867, 147
Trd, 000164.283, 143
Trd, 000164.317, 150
Trd, 000166.700, 152
Trd, 000167.000, 151
Trd, 000167.800, 151
Trd, 000167.817, 150
Trd, 000167.950, 148.0
Trd, 000168.833, 148
Trd, 000168.950, 150
Trd, 000169.533, 148
Trd, 000169.800, 152
Trd, 000170.617, 149
Trd, 000171.650, 151
Trd, 000172.367, 148
Trd, 000172.883, 150
Trd, 000173.133, 149
Trd, 000173.783, 149
Trd, 000173.817, 148
Trd, 000174.817, 148
Trd, 000175.650, 155
Trd, 000176.100, 147
Trd, 000176.550, 147
Trd, 000177.317, 147
Trd, 000177.550, 147
Trd, 000178.617, 139
Trd, 000179.067, 144
Trd, 000179.500, 143.0
Trd, 000179.650, 142
Trd, 000180.483, 143
Trd, 000180.600, 148.0
Trd, 000180.700, 140
Trd, 000180.867, 155
Trd, 000181.967, 140.0
Trd, 000182.033, 139.0
Trd, 000182.067, 139
Trd, 000182.450, 149
Trd, 000184.617, 151
Trd, 000184.683, 145
Trd, 000184.733, 144
Trd, 000184.850, 153
Trd, 000185.183, 144
Trd, 000185.550, 155
Trd, 000185.800, 148.0
Trd, 000185.817, 143
Trd, 000187.000, 142
Trd, 000187.483, 148
Trd, 000187.533, 148
Trd, 000188.883, 160.0
Trd, 000189.233, 161.0
Trd, 000189.767, 150
Trd, 000191.317, 156
Trd, 000191.583, 150
Trd, 000192.000, 149
Trd, 000192.150, 148
Trd, 000194.100, 155
Trd, 000194.350, 148
Trd, 000195.367, 155
Trd, 000195.600, 148.0
Trd, 000195.700, 147
Trd, 000196.433, 152
Trd, 000196.533, 153
Trd, 000197.267, 154
Trd, 000197.483, 151
Trd, 000197.833, 150
Trd, 000198.100, 148.0
Trd, 000198.217, 146
Trd, 000198.850, 149
Trd, 000198.933, 160.0
Trd, 000199.650, 150
Trd, 000200.583, 149
Trd, 000200.617, 158
Trd, 000200.817, 157
Trd, 000200.867, 159
Trd, 000201.017, 148
Trd, 000202.033, 147
Trd, 000202.317, 147
Trd, 000203.333, 146
Trd, 000204.550, 134.0
Trd, 000205.017, 141
Trd, 000205.383, 147.0
Trd, 000206.983, 148.0
Trd, 000207.233, 150
Trd, 000207.333, 146
Trd, 000207.733, 154
Trd, 000208.233, 144
Trd, 000208.583, 148.0
Trd, 000208.650, 145
Trd, 000209.483, 154
Trd, 000210.550, 150
Trd, 000211.450, 148
Trd, 000212.400, 157
Trd, 000212.500, 156
Trd, 000212.800, 153
Trd, 000212.900, 162.0
Trd, 000213.017, 149
Trd, 000213.283, 148
Trd, 000213.517, 148
Trd, 000214.300, 148.0
Trd, 000215.733, 147
Trd, 000215.917, 147
Trd, 000216.200, 146
Trd, 000217.750, 148.0
Trd, 000217.833, 152
Trd, 000218.367, 148.0
Trd, 000218.600, 152
Trd, 000218.617, 154
Trd, 000218.633, 144
Trd, 000219.267, 146
Trd, 000219.583, 158
Trd, 000220.167, 145
Trd, 000220.767, 169
Trd, 000221.017, 175.0
Trd, 000221.683, 149
Trd, 000222.450, 151
Trd, 000222.600, 152
Trd, 000223.283, 149
Trd, 000223.550, 148.0
Trd, 000224.100, 150
Trd, 000224.717, 149
Trd, 000224.967, 149
Trd, 000225.583, 149
Trd, 000226.433, 155
Trd, 000226.633, 161.0
Trd, 000227.067, 150
Trd, 000227.317, 149
Trd, 000227.433, 149
Trd, 000227.483, 162.0
Trd, 000227.683, 149
Trd, 000228.633, 149
Trd, 000229.050, 157
Trd, 000229.533, 149
Trd, 000231.367, 148.0
Trd, 000231.683, 148
Trd, 000232.350, 158
Trd, 000233.250, 150
Trd, 000233.283, 149
Trd, 000233.400, 148
Trd, 000234.300, 139.0
Trd, 000235.433, 147
Trd, 000235.500, 146
Trd, 000235.833, 149
Trd, 000236.000, 157
Trd, 000236.300, 137.0
Trd, 000236.383, 149
Trd, 000237.550, 158
Trd, 000238.700, 147
Trd, 000239.033, 146
Trd, 000239.067, 148.0
Trd, 000239.083, 146
Trd, 000239.383, 146
Trd, 000240.683, 154
Trd, 000240.833, 154
Trd, 000240.867, 152
Trd, 000241.000, 154
Trd, 000242.183, 153
Trd, 000242.383, 152
Trd, 000242.567, 147
Trd, 000242.950, 147
Trd, 000243.017, 146
Trd, 000243.133, 148.0
Trd, 000243.583, 151
Trd, 000244.250, 148
Trd, 000244.550, 149
Trd, 000246.217, 150
Trd, 000246.417, 150
Trd, 000246.817, 150
Trd, 000247.067, 148
Trd, 000247.117, 151.0
Trd, 000247.450, 150
Trd, 000248.133, 150
Trd, 000248.167, 155
Trd, 000249.317, 149
Trd, 000249.617, 150
Trd, 000250.417, 148
Trd, 000250.500, 148.0
Trd, 000250.600, 148
Trd, 000250.650, 151
Trd, 000251.083, 154.0
Trd, 000252.283, 148
Trd, 000252.817, 151.0
Trd, 000253.167, 149.0
Trd, 000253.200, 147.0
Trd, 000253.900, 152.0
Trd, 000254.100, 148
Trd, 000254.517, 155
Trd, 000254.533, 156
Trd, 000255.167, 148.0
Trd, 000256.183, 156
Trd, 000256.583, 154
Trd, 000256.600, 150
Trd, 000256.933, 156
Trd, 000257.483, 152
Trd, 000257.817, 151
Trd, 000258.650, 151
Trd, 000259.100, 149
Trd, 000259.833, 152
Trd, 000260.033, 152
Trd, 000260.817, 150
Trd, 000261.333, 157
Trd, 000261.983, 150
Trd, 000262.133, 149
Trd, 000262.433, 148
Trd, 000262.450, 151
Trd, 000262.733, 155
Trd, 000263.517, 158.0
Trd, 000263.633, 154
Trd, 000264.000, 148.0
Trd, 000264.167, 156
Trd, 000264.717, 147
Trd, 000265.250, 147
Trd, 000265.433, 148
Trd, 000266.133, 147
Trd, 000266.700, 149
Trd, 000267.100, 149
Trd, 000268.033, 150.0
Trd, 000269.433, 150
Trd, 000269.617, 151.0
Trd, 000270.233, 155
Trd, 000270.683, 157
Trd, 000270.717, 152
Trd, 000271.017, 152
Trd, 000271.483, 152.0
Trd, 000271.783, 155
Trd, 000271.850, 157.0
Trd, 000272.467, 152
Trd, 000272.550, 158.0
Trd, 000273.000, 157
Trd, 000274.500, 152
Trd, 000274.800, 152
Trd, 000275.000, 152
Trd, 000275.100, 151
Trd, 000275.367, 154.0
Trd, 000275.467, 151
Trd, 000276.617, 157
Trd, 000276.783, 151
Trd, 000276.983, 158.0
Trd, 000277.050, 151
Trd, 000277.517, 148.0
Trd, 000278.800, 154.0
Trd, 000278.967, 138.0
Trd, 000279.200, 154
Trd, 000279.733, 145
Trd, 000279.950, 144
Trd, 000280.183, 142
Trd, 000280.467, 145.0
Trd, 000281.200, 147.0
Trd, 000281.400, 148.0
Trd, 000281.983, 144
Trd, 000282.333, 148
Trd, 000282.867, 146
Trd, 000283.183, 146
Trd, 000283.333, 154
Trd, 000284.367, 146
Trd, 000284.533, 155
Trd, 000285.717, 145
Trd, 000286.017, 147
Trd, 000286.050, 155.0
Trd, 000286.100, 145
Trd, 000286.800, 146
Trd, 000288.083, 145
Trd, 000288.317, 147.0
Trd, 000288.333, 148.0
Trd, 000289.083, 151.0
Trd, 000289.300, 151
Trd, 000289.550, 153
Trd, 000290.533, 156.0
Trd, 000290.700, 150
Trd, 000291.283, 150
Trd, 000291.467, 149
Trd, 000291.517, 151.0
Trd, 000292.067, 148
Trd, 000292.133, 148
Trd, 000292.417, 151.0
Trd, 000292.600, 155
Trd, 000292.867, 158.0
Trd, 000293.033, 154
Trd, 000293.250, 148.0
Trd, 000293.383, 145
Trd, 000294.167, 155
Trd, 000294.600, 147
Trd, 000294.933, 148.0
Trd, 000294.950, 146
Trd, 000295.283, 146
Trd, 000295.500, 149
Trd, 000295.633, 150
Trd, 000296.267, 162.0
Trd, 000297.050, 150
Trd, 000297.183, 149
Trd, 000297.333, 158.0
Trd, 000297.850, 156
Trd, 000298.250, 165.0
Trd, 000299.083, 165.0
Trd, 000299.267, 161
Trd, 000299.550, 168.0
Trd, 000299.833, 148.0
