Trd, 000001.700, 184
Trd, 000001.750, 168.0
Trd, 000002.717, 160
Trd, 000003.633, 162.0
Trd, 000004.633, 159
Trd, 000004.650, 151
Trd, 000005.150, 159
Trd, 000005.900, 156
Trd, 000005.967, 153.0
Trd, 000006.050, 159
Trd, 000006.117, 160
Trd, 000006.717, 160
Trd, 000006.800, 162
Trd, 000006.883, 175.0
Trd, 000008.033, 162
Trd, 000008.467, 162
Trd, 000008.783, 161
Trd, 000009.000, 163
Trd, 000009.833, 160
Trd, 000011.783, 158
Trd, 000013.283, 157
Trd, 000013.483, 159
Trd, 000013.933, 155
Trd, 000014.217, 157
Trd, 000014.550, 158
Trd, 000015.133, 156
Trd, 000015.617, 156
Trd, 000015.700, 159
Trd, 000016.750, 156
Trd, 000017.250, 156
Trd, 000017.500, 156
Trd, 000017.883, 157
Trd, 000018.650, 162
Trd, 000020.317, 155
Trd, 000020.350, 156
Trd, 000020.867, 134
Trd, 000021.367, 154
Trd, 000022.083, 152
Trd, 000022.700, 151
Trd, 000022.950, 151
Trd, 000023.183, 150
Trd, 000024.767, 150
Trd, 000024.833, 149
Trd, 000024.933, 150
Trd, 000024.983, 151
Trd, 000026.450, 150
Trd, 000026.783, 148
Trd, 000027.200, 148
Trd, 000027.233, 149
Trd, 000027.817, 149
Trd, 000028.417, 149
Trd, 000028.933, 149
Trd, 000029.033, 146
Trd, 000030.267, 148
Trd, 000030.383, 151
Trd, 000031.000, 158
Trd, 000031.233, 162
Trd, 000032.817, 170.0
Trd, 000033.517, 168
Trd, 000033.717, 168.0
Trd, 000033.750, 160
Trd, 000034.517, 167
Trd, 000034.983, 164
Trd, 000035.600, 157
Trd, 000036.550, 154
Trd, 000037.033, 157
Trd, 000037.150, 157
Trd, 000037.483, 160
Trd, 000037.950, 162
Trd, 000038.350, 160
Trd, 000039.650, 153
Trd, 000040.367, 155
Trd, 000040.517, 153
Trd, 000041.250, 152.0
Trd, 000041.267, 151.0
Trd, 000041.583, 153
Trd, 000042.100, 149
Trd, 000042.417, 149
Trd, 000043.317, 151
Trd, 000043.783, 150
Trd, 000044.000, 151
Trd, 000044.317, 163
Trd, 000044.800, 150
Trd, 000045.567, 150
Trd, 000046.017, 151
Trd, 000046.083, 156
Trd, 000046.633, 168.0
Trd, 000047.317, 154
Trd, 000048.183, 158
Trd, 000048.517, 157
Trd, 000049.600, 151
Trd, 000049.617, 152
Trd, 000050.450, 154
Trd, 000051.300, 155
Trd, 000051.350, 154
Trd, 000051.617, 157
Trd, 000053.333, 158
Trd, 000054.200, 156
Trd, 000054.283, 156
Trd, 000054.300, 153
Trd, 000054.517, 156
Trd, 000054.650, 157
Trd, 000054.917, 155
Trd, 000054.933, 157
Trd, 000055.183, 151.0
Trd, 000056.600, 153
Trd, 000057.017, 152
Trd, 000057.133, 154
Trd, 000058.933, 155
Trd, 000059.883, 151
Trd, 000060.383, 155
Trd, 000060.617, 152
Trd, 000060.967, 151
Trd, 000061.450, 152
Trd, 000061.583, 151
Trd, 000062.500, 152
Trd, 000062.517, 152
Trd, 000063.750, 152
Trd, 000065.083, 153
Trd, 000065.383, 154
Trd, 000065.500, 152.0
Trd, 000065.550, 162
Trd, 000067.350, 153
Trd, 000068.350, 155
Trd, 000068.817, 154
Trd, 000068.850, 153
Trd, 000069.083, 153
Trd, 000069.183, 152
Trd, 000069.533, 154
Trd, 000070.117, 155
Trd, 000071.417, 151.0
Trd, 000071.483, 151
Trd, 000071.850, 154
Trd, 000072.733, 150
Trd, 000072.883, 149
Trd, 000073.483, 153
Trd, 000073.833, 151
Trd, 000075.917, 150
Trd, 000076.750, 150
Trd, 000076.800, 151
Trd, 000076.900, 151
Trd, 000077.133, 151
Trd, 000078.017, 150
Trd, 000078.250, 150
Trd, 000078.500, 147
Trd, 000079.717, 150
Trd, 000080.467, 149
Trd, 000080.833, 149
Trd, 000081.533, 151
Trd, 000081.933, 153
Trd, 000082.450, 151
Trd, 000083.133, 153
Trd, 000083.733, 152
Trd, 000084.133, 151.0
Trd, 000085.383, 152
Trd, 000085.483, 153
Trd, 000085.817, 150
Trd, 000086.617, 153
Trd, 000087.233, 155
Trd, 000087.600, 155
Trd, 000087.767, 162
Trd, 000088.533, 147
Trd, 000091.467, 155
Trd, 000091.567, 154
Trd, 000091.917, 154
Trd, 000092.650, 153
Trd, 000092.767, 152
Trd, 000092.800, 154
Trd, 000093.583, 154
Trd, 000094.817, 154.0
Trd, 000095.117, 152.0
Trd, 000095.283, 155
Trd, 000095.650, 155
Trd, 000097.183, 151.0
Trd, 000098.133, 154
Trd, 000098.450, 153
Trd, 000098.617, 152
Trd, 000099.067, 151
Trd, 000099.350, 152
Trd, 000100.150, 152
Trd, 000100.833, 151
Trd, 000101.467, 151
Trd, 000101.900, 150
Trd, 000102.300, 150
Trd, 000103.100, 151
Trd, 000103.767, 151
Trd, 000103.850, 148
Trd, 000103.883, 147
Trd, 000104.017, 162
Trd, 000105.217, 169.0
Trd, 000105.317, 168.0
Trd, 000105.350, 165
Trd, 000105.750, 167
Trd, 000106.200, 166
Trd, 000106.650, 152
Trd, 000107.100, 163
Trd, 000108.033, 168
Trd, 000108.483, 163.0
Trd, 000108.650, 165
Trd, 000110.133, 155
Trd, 000110.467, 155
Trd, 000110.967, 154
Trd, 000111.033, 154
Trd, 000111.050, 147
Trd, 000111.750, 150
Trd, 000112.050, 149
Trd, 000112.167, 148
Trd, 000113.217, 147
Trd, 000113.517, 147.0
Trd, 000113.617, 148
Trd, 000114.233, 147
Trd, 000114.417, 147
Trd, 000114.783, 148
Trd, 000114.867, 149
Trd, 000115.767, 154
Trd, 000117.117, 154
Trd, 000119.167, 163.0
Trd, 000119.467, 162.0
Trd, 000120.433, 159
Trd, 000120.733, 158
Trd, 000120.983, 160
Trd, 000121.100, 156
Trd, 000121.900, 161
Trd, 000122.217, 156
Trd, 000122.317, 162
Trd, 000123.550, 161
Trd, 000123.583, 161
Trd, 000124.833, 160
Trd, 000125.400, 161
Trd, 000126.133, 160
Trd, 000126.450, 159
Trd, 000126.550, 159
Trd, 000127.150, 159
Trd, 000127.283, 159
Trd, 000127.383, 161
Trd, 000128.167, 160
Trd, 000128.517, 157
Trd, 000128.750, 151.0
Trd, 000129.800, 159
Trd, 000130.200, 156
Trd, 000131.083, 155
Trd, 000132.800, 153
Trd, 000133.033, 145.0
Trd, 000133.450, 152
Trd, 000133.900, 152
Trd, 000134.917, 149
Trd, 000135.183, 145
Trd, 000136.067, 147
Trd, 000136.150, 148
Trd, 000136.267, 147
Trd, 000136.950, 147
Trd, 000137.583, 145
Trd, 000138.150, 146
Trd, 000138.433, 148
Trd, 000139.667, 148
Trd, 000140.100, 148
Trd, 000140.517, 150
Trd, 000140.817, 151
Trd, 000142.383, 151
Trd, 000142.400, 152
Trd, 000144.283, 151
Trd, 000144.433, 149
Trd, 000144.817, 150
Trd, 000144.933, 150
Trd, 000145.150, 152
Trd, 000146.800, 151
Trd, 000147.283, 152
Trd, 000147.850, 152
Trd, 000148.883, 153
Trd, 000149.417, 152
Trd, 000149.767, 151.0
Trd, 000150.183, 150
Trd, 000150.333, 150
Trd, 000150.717, 155
Trd, 000150.800, 168.0
Trd, 000151.750, 151.0
Trd, 000152.283, 152
Trd, 000153.000, 157
Trd, 000153.683, 155
Trd, 000153.983, 156
Trd, 000155.033, 155
Trd, 000155.500, 153
Trd, 000155.750, 154
Trd, 000155.867, 156
Trd, 000156.783, 154
Trd, 000157.333, 155
Trd, 000157.483, 154
Trd, 000158.383, 152
Trd, 000158.633, 151.0
Trd, 000158.733, 150
Trd, 000160.017, 155
Trd, 000160.083, 158
Trd, 000160.167, 162
Trd, 000160.517, 156
Trd, 000160.667, 158
Trd, 000161.717, 158
Trd, 000163.167, 166.0
Trd, 000163.983, 164.0
Trd, 000164.400, 164.0
Trd, 000164.950, 163
Trd, 000165.000, 162.0
Trd, 000165.017, 164
Trd, 000165.950, 165
Trd, 000167.800, 162
Trd, 000168.550, 161
Trd, 000169.050, 163
Trd, 000169.083, 164
Trd, 000170.733, 162
Trd, 000171.667, 162.0
Trd, 000171.783, 163
Trd, 000172.150, 162
Trd, 000172.333, 161
Trd, 000172.550, 158
Trd, 000172.800, 154
Trd, 000174.150, 158
Trd, 000174.417, 159
Trd, 000174.650, 156
Trd, 000175.300, 158
Trd, 000176.733, 159
Trd, 000177.700, 157
Trd, 000178.000, 156
Trd, 000178.050, 155
Trd, 000178.200, 158
Trd, 000178.517, 157
Trd, 000179.000, 158
Trd, 000179.950, 158
Trd, 000180.400, 158
Trd, 000180.917, 158
Trd, 000181.700, 156
Trd, 000183.900, 155
Trd, 000184.417, 156
Trd, 000184.467, 157
Trd, 000184.900, 156
Trd, 000185.000, 157
Trd, 000185.167, 156
Trd, 000185.433, 157
Trd, 000185.700, 155
Trd, 000186.283, 155
Trd, 000188.467, 156
Trd, 000188.617, 154
Trd, 000189.833, 152
Trd, 000190.800, 151
Trd, 000190.950, 150
Trd, 000190.983, 151
Trd, 000191.017, 152
Trd, 000191.167, 147
Trd, 000191.283, 144.0
Trd, 000192.117, 153
Trd, 000192.383, 152
Trd, 000192.833, 146
Trd, 000193.617, 146
Trd, 000193.867, 147
Trd, 000194.367, 147
Trd, 000194.733, 162
Trd, 000195.250, 155
Trd, 000195.383, 147
Trd, 000195.783, 154
Trd, 000196.717, 154
Trd, 000196.817, 156
Trd, 000197.117, 159
Trd, 000198.800, 157
Trd, 000199.217, 157
Trd, 000199.900, 157
Trd, 000200.483, 158
Trd, 000200.683, 159
Trd, 000200.717, 152
Trd, 000200.967, 158
Trd, 000201.800, 157
Trd, 000203.100, 157
Trd, 000203.500, 156
Trd, 000203.567, 158
Trd, 000204.300, 158
Trd, 000205.183, 157
Trd, 000205.200, 155
Trd, 000205.717, 154
Trd, 000206.317, 154.0
Trd, 000207.950, 151.0
Trd, 000208.267, 152
Trd, 000208.383, 153
Trd, 000209.383, 149
Trd, 000209.917, 154
Trd, 000210.417, 154
Trd, 000210.667, 154
Trd, 000211.133, 149
Trd, 000211.450, 152
Trd, 000212.267, 148
Trd, 000213.350, 147
Trd, 000214.483, 148
Trd, 000215.867, 147
Trd, 000216.033, 150
Trd, 000216.133, 152
Trd, 000216.617, 152
Trd, 000216.983, 152
Trd, 000217.050, 153
Trd, 000217.650, 162
Trd, 000218.800, 155
Trd, 000219.050, 154
Trd, 000220.250, 154
Trd, 000220.300, 155
Trd, 000221.333, 155
Trd, 000221.850, 157
Trd, 000221.883, 154
Trd, 000222.267, 153
Trd, 000223.667, 156
Trd, 000223.850, 157
Trd, 000223.950, 152
Trd, 000224.283, 155
Trd, 000224.683, 153
Trd, 000225.767, 154
Trd, 000226.667, 156
Trd, 000228.433, 155
Trd, 000228.583, 158
Trd, 000229.683, 158
Trd, 000230.683, 159
Trd, 000230.717, 162
Trd, 000231.500, 175.0
Trd, 000232.183, 164
Trd, 000232.200, 163.0
Trd, 000233.833, 166
Trd, 000233.950, 167
Trd, 000235.700, 165
Trd, 000235.783, 164
Trd, 000235.817, 163
Trd, 000236.117, 164
Trd, 000237.067, 162
Trd, 000237.450, 165
Trd, 000237.550, 164
Trd, 000237.700, 162.0
Trd, 000238.733, 161
Trd, 000238.867, 162
Trd, 000239.650, 157
Trd, 000239.933, 158
Trd, 000240.567, 157
Trd, 000240.933, 156
Trd, 000242.267, 156
Trd, 000242.417, 155.0
Trd, 000242.700, 154
Trd, 000243.017, 157
Trd, 000243.400, 157
Trd, 000243.567, 152
Trd, 000243.750, 157
Trd, 000244.417, 159
Trd, 000244.983, 164
Trd, 000245.117, 165.0
Trd, 000245.950, 163
Trd, 000246.067, 157.0
Trd, 000246.733, 157
Trd, 000246.817, 157
Trd, 000247.067, 156
Trd, 000247.383, 155.0
Trd, 000247.483, 156
Trd, 000248.683, 155
Trd, 000249.083, 157
Trd, 000250.283, 155
Trd, 000250.717, 154
Trd, 000250.833, 154
Trd, 000251.350, 154
Trd, 000251.650, 159
Trd, 000251.667, 159
Trd, 000252.167, 155.0
Trd, 000252.400, 157
Trd, 000252.817, 157
Trd, 000253.083, 154
Trd, 000253.983, 155
Trd, 000254.983, 155
Trd, 000255.133, 155.0
Trd, 000255.183, 156
Trd, 000255.833, 157
Trd, 000255.883, 159
Trd, 000256.500, 162
Trd, 000257.633, 160
Trd, 000257.833, 164.0
Trd, 000258.033, 165.0
Trd, 000258.500, 156
Trd, 000258.850, 159
Trd, 000259.700, 160
Trd, 000259.983, 162
Trd, 000261.400, 160
Trd, 000261.600, 161
Trd, 000262.283, 159
Trd, 000262.367, 159
Trd, 000263.250, 159
Trd, 000264.083, 158
Trd, 000264.733, 158.0
Trd, 000265.233, 158
Trd, 000265.783, 156.0
Trd, 000266.083, 155.0
Trd, 000266.700, 155
Trd, 000266.933, 159
Trd, 000267.733, 153
Trd, 000267.783, 157
Trd, 000268.650, 156
Trd, 000269.433, 156
Trd, 000270.400, 156
Trd, 000270.567, 157
Trd, 000270.833, 156
Trd, 000271.067, 158
Trd, 000271.617, 155.0
Trd, 000272.683, 155
Trd, 000273.800, 156
Trd, 000274.817, 155
Trd, 000275.450, 155.0
Trd, 000275.800, 155
Trd, 000275.983, 156
Trd, 000276.117, 156
Trd, 000276.217, 157
Trd, 000276.500, 158
Trd, 000277.767, 157
Trd, 000278.167, 153
Trd, 000278.483, 152
Trd, 000278.717, 151.0
Trd, 000278.883, 159
Trd, 000279.850, 160
Trd, 000280.800, 155
Trd, 000280.850, 156
Trd, 000281.617, 155
Trd, 000281.683, 156
Trd, 000281.817, 158
Trd, 000282.067, 156
Trd, 000282.250, 162
Trd, 000283.267, 155.0
Trd, 000283.617, 154
Trd, 000284.300, 154
Trd, 000284.367, 153.0
Trd, 000284.950, 154
Trd, 000286.017, 155
Trd, 000286.200, 157
Trd, 000286.917, 162
Trd, 000287.317, 156
Trd, 000287.883, 160.0
Trd, 000288.383, 156.0
Trd, 000289.133, 158.0
Trd, 000289.417, 158.0
Trd, 000290.083, 157.0
Trd, 000290.717, 155.0
Trd, 000290.867, 155.0
Trd, 000291.117, 153
Trd, 000291.400, 156
Trd, 000291.533, 157
Trd, 000291.617, 151.0
Trd, 000292.017, 153
Trd, 000292.817, 153
Trd, 000293.233, 152
Trd, 000293.967, 151
Trd, 000295.617, 153
Trd, 000295.833, 152
Trd, 000296.200, 152
Trd, 000296.567, 153
Trd, 000296.617, 154
Trd, 000297.583, 151.0
Trd, 000298.500, 151
Trd, 000298.567, 152
Trd, 000298.933, 152
Trd, 000299.633, 151.0
Trd, 000299.783, 150
Trd, 000299.983, 151
