Trd, 000002.183, 160
Trd, 000002.783, 152
Trd, 000003.333, 183
Trd, 000004.200, 156
Trd, 000004.283, 154
Trd, 000004.467, 151
Trd, 000005.050, 152
Trd, 000005.200, 147
Trd, 000006.017, 142
Trd, 000006.833, 148.0
Trd, 000006.883, 147
Trd, 000007.133, 151.0
Trd, 000007.417, 146
Trd, 000007.850, 154
Trd, 000009.567, 158.0
Trd, 000010.067, 150
Trd, 000010.467, 149
Trd, 000011.467, 148
Trd, 000011.500, 148
Trd, 000011.750, 151.0
Trd, 000012.000, 150
Trd, 000012.683, 147
Trd, 000012.717, 137.0
Trd, 000013.100, 153
Trd, 000013.867, 137.0
Trd, 000014.267, 151
Trd, 000014.883, 138
Trd, 000015.383, 162
Trd, 000015.833, 142
Trd, 000015.900, 143
Trd, 000018.267, 145
Trd, 000019.683, 158
Trd, 000020.483, 149
Trd, 000020.667, 150
Trd, 000020.950, 151
Trd, 000021.100, 164
Trd, 000021.283, 151.0
Trd, 000021.683, 150
Trd, 000021.767, 170
Trd, 000022.650, 158
Trd, 000022.750, 161
Trd, 000023.683, 176
Trd, 000024.233, 158
Trd, 000025.217, 158.0
Trd, 000026.317, 155.0
Trd, 000026.833, 159
Trd, 000027.300, 156
Trd, 000027.867, 155.0
Trd, 000028.317, 160
Trd, 000028.367, 161
Trd, 000028.383, 156
Trd, 000029.150, 155
Trd, 000029.300, 150
Trd, 000029.783, 156
Trd, 000029.983, 157
Trd, 000030.100, 137.0
Trd, 000032.400, 153
Trd, 000032.833, 158
Trd, 000033.183, 153
Trd, 000033.533, 150
Trd, 000034.000, 163
Trd, 000034.467, 138.0
Trd, 000035.083, 158
Trd, 000035.217, 151.0
Trd, 000035.350, 158
Trd, 000036.517, 156
Trd, 000036.983, 154
Trd, 000037.000, 150
Trd, 000037.567, 165
Trd, 000037.717, 165
Trd, 000038.800, 152
Trd, 000039.400, 151
Trd, 000039.700, 165.0
Trd, 000041.033, 159
Trd, 000041.850, 158.0
Trd, 000042.167, 160
Trd, 000042.800, 170
Trd, 000042.883, 157
Trd, 000042.983, 172.0
Trd, 000043.467, 155.0
Trd, 000043.567, 150
Trd, 000044.100, 166
Trd, 000045.067, 142
Trd, 000046.667, 158.0
Trd, 000046.967, 160
Trd, 000047.433, 158
Trd, 000047.467, 157
Trd, 000047.517, 159
Trd, 000047.983, 157
Trd, 000048.800, 158.0
Trd, 000049.167, 159
Trd, 000050.117, 155.0
Trd, 000050.767, 157
Trd, 000051.033, 152
Trd, 000051.467, 151
Trd, 000051.683, 158.0
Trd, 000052.117, 151.0
Trd, 000052.417, 159
Trd, 000053.133, 158
Trd, 000053.917, 160
Trd, 000055.333, 152
Trd, 000055.367, 152
Trd, 000055.500, 149
Trd, 000057.467, 155
Trd, 000058.517, 154
Trd, 000058.550, 153
Trd, 000058.667, 154
Trd, 000058.700, 150
Trd, 000059.367, 151.0
Trd, 000059.900, 153
Trd, 000059.983, 163
Trd, 000060.200, 165
Trd, 000060.283, 153
Trd, 000060.417, 150
Trd, 000060.900, 157
Trd, 000062.867, 159.0
Trd, 000062.933, 159
Trd, 000062.967, 162
Trd, 000063.467, 158
Trd, 000063.517, 158.0
Trd, 000063.800, 159
Trd, 000064.483, 158
Trd, 000064.550, 160
Trd, 000064.817, 164
Trd, 000065.167, 155.0
Trd, 000066.667, 158
Trd, 000067.567, 158
Trd, 000068.517, 158.0
Trd, 000068.717, 159
Trd, 000068.867, 161
Trd, 000070.633, 158
Trd, 000070.817, 161
Trd, 000070.917, 162
Trd, 000071.600, 159
Trd, 000072.300, 158
Trd, 000072.383, 156
Trd, 000072.450, 151.0
Trd, 000072.583, 150
Trd, 000072.700, 139
Trd, 000072.767, 156
Trd, 000072.950, 137.0
Trd, 000073.283, 158.0
Trd, 000074.817, 152
Trd, 000075.200, 154
Trd, 000075.883, 153
Trd, 000076.800, 158.0
Trd, 000077.300, 155
Trd, 000077.383, 153
Trd, 000077.983, 156
Trd, 000078.517, 154
Trd, 000078.800, 154
Trd, 000079.267, 155
Trd, 000080.050, 154
Trd, 000080.233, 154
Trd, 000080.350, 153
Trd, 000080.683, 156
Trd, 000080.767, 156
Trd, 000081.550, 152
Trd, 000082.883, 154
Trd, 000083.767, 155
Trd, 000083.900, 158.0
Trd, 000084.883, 154
Trd, 000085.167, 156
Trd, 000085.183, 162
Trd, 000085.567, 154
Trd, 000085.700, 152
Trd, 000085.817, 141
Trd, 000085.983, 134.0
Trd, 000086.367, 164
Trd, 000086.767, 164
Trd, 000087.300, 158.0
Trd, 000088.517, 158
Trd, 000088.850, 158
Trd, 000089.200, 159
Trd, 000089.700, 158
Trd, 000089.867, 157
Trd, 000089.950, 155.0
Trd, 000091.183, 155
Trd, 000092.017, 148
Trd, 000092.600, 151.0
Trd, 000094.200, 152
Trd, 000094.367, 155
Trd, 000094.783, 155
Trd, 000095.750, 152
Trd, 000095.917, 149
Trd, 000095.983, 153
Trd, 000097.133, 153
Trd, 000097.417, 153
Trd, 000097.583, 162
Trd, 000098.067, 158
Trd, 000098.283, 152
Trd, 000099.367, 151
Trd, 000100.033, 137.0
Trd, 000100.267, 137.0
Trd, 000101.750, 146
Trd, 000101.967, 143
Trd, 000102.183, 139
Trd, 000102.200, 146
Trd, 000102.333, 151.0
Trd, 000102.483, 158.0
Trd, 000103.917, 143
Trd, 000104.883, 144
Trd, 000104.933, 142
Trd, 000106.400, 148
Trd, 000107.200, 148
Trd, 000107.683, 143
Trd, 000107.767, 148
Trd, 000108.317, 148
Trd, 000108.850, 148
Trd, 000109.450, 151.0
Trd, 000109.700, 146
Trd, 000110.267, 145
Trd, 000110.350, 160
Trd, 000110.850, 163
Trd, 000112.200, 155
Trd, 000112.317, 155
Trd, 000112.433, 155
Trd, 000112.550, 155
Trd, 000114.133, 155.0
Trd, 000114.383, 154
Trd, 000115.167, 153
Trd, 000115.700, 153
Trd, 000117.450, 154
Trd, 000117.650, 152
Trd, 000117.733, 150
Trd, 000118.250, 157.0
Trd, 000119.483, 151.0
Trd, 000119.550, 148
Trd, 000119.883, 147
Trd, 000120.183, 154
Trd, 000120.317, 147
Trd, 000120.550, 146
Trd, 000122.800, 153
Trd, 000123.783, 151.0
Trd, 000124.667, 151
Trd, 000124.683, 153
Trd, 000125.350, 150
Trd, 000125.517, 150
Trd, 000126.650, 151
Trd, 000127.933, 151.0
Trd, 000128.483, 152
Trd, 000128.917, 151
Trd, 000129.650, 150
Trd, 000129.933, 149
Trd, 000130.950, 149
Trd, 000131.200, 152
Trd, 000132.100, 152
Trd, 000132.750, 151
Trd, 000133.083, 152
Trd, 000133.850, 151
Trd, 000134.767, 150
Trd, 000134.950, 151.0
Trd, 000135.717, 152
Trd, 000135.900, 152
Trd, 000136.633, 158.0
Trd, 000136.867, 153
Trd, 000137.917, 153
Trd, 000137.967, 150
Trd, 000138.783, 151.0
Trd, 000139.400, 153
Trd, 000139.667, 153
Trd, 000140.100, 154
Trd, 000140.933, 153
Trd, 000141.717, 153
Trd, 000142.417, 156
Trd, 000143.650, 152
Trd, 000144.017, 151
Trd, 000144.983, 151.0
Trd, 000145.133, 153
Trd, 000145.400, 154
Trd, 000146.100, 150
Trd, 000146.333, 154
Trd, 000146.433, 148
Trd, 000147.667, 147
Trd, 000147.750, 157.0
Trd, 000149.717, 140
Trd, 000149.900, 142
Trd, 000149.983, 134.0
Trd, 000151.867, 147
Trd, 000151.933, 144
Trd, 000152.283, 151.0
Trd, 000153.300, 158.0
Trd, 000154.033, 165
Trd, 000154.350, 170.0
Trd, 000154.367, 147
Trd, 000154.950, 146
Trd, 000154.983, 150.0
Trd, 000156.600, 149.0
Trd, 000157.000, 148
Trd, 000158.150, 149
Trd, 000158.517, 137.0
Trd, 000159.217, 151.0
Trd, 000159.867, 146
Trd, 000160.800, 147
Trd, 000161.150, 147
Trd, 000161.717, 146
Trd, 000161.967, 148
Trd, 000162.033, 150
Trd, 000162.383, 151.0
Trd, 000163.083, 170
Trd, 000163.117, 172.0
Trd, 000163.350, 161
Trd, 000163.533, 158.0
Trd, 000164.867, 172
Trd, 000165.633, 162
Trd, 000166.033, 157
Trd, 000166.350, 164
Trd, 000166.533, 149
Trd, 000167.317, 159
Trd, 000167.367, 160
Trd, 000167.533, 147
Trd, 000167.567, 138.0
Trd, 000168.217, 143
Trd, 000168.883, 151.0
Trd, 000168.917, 155
Trd, 000169.367, 156
Trd, 000170.133, 152
Trd, 000170.183, 157.0
Trd, 000171.517, 148
Trd, 000171.917, 148
Trd, 000172.933, 155
Trd, 000173.550, 148
Trd, 000173.967, 147
Trd, 000174.200, 156.0
Trd, 000175.033, 147
Trd, 000175.300, 151.0
Trd, 000175.833, 154
Trd, 000176.733, 158.0
Trd, 000176.817, 152
Trd, 000177.333, 152
Trd, 000177.900, 151
Trd, 000179.483, 151
Trd, 000179.500, 153
Trd, 000180.433, 153
Trd, 000180.567, 155
Trd, 000181.150, 156
Trd, 000181.283, 163
Trd, 000181.750, 152
Trd, 000182.000, 155
Trd, 000183.200, 164
Trd, 000183.450, 160
Trd, 000183.617, 159
Trd, 000183.733, 157
Trd, 000183.967, 151
Trd, 000185.067, 158.0
Trd, 000185.083, 155.0
Trd, 000186.767, 158
Trd, 000186.867, 157
Trd, 000187.133, 155
Trd, 000188.000, 158
Trd, 000188.750, 158
Trd, 000189.117, 157
Trd, 000189.217, 162
Trd, 000189.683, 157
Trd, 000189.833, 157
Trd, 000190.050, 156
Trd, 000191.300, 157
Trd, 000192.283, 155.0
Trd, 000192.450, 156
Trd, 000193.633, 150
Trd, 000194.133, 150.0
Trd, 000194.283, 151.0
Trd, 000194.950, 148
Trd, 000195.383, 148
Trd, 000195.900, 154
Trd, 000196.217, 148
Trd, 000196.267, 158.0
Trd, 000196.417, 148
Trd, 000197.150, 146
Trd, 000197.700, 148
Trd, 000197.733, 154
Trd, 000197.967, 154
Trd, 000198.400, 137.0
Trd, 000198.500, 161
Trd, 000199.667, 154
Trd, 000199.783, 143
Trd, 000202.000, 148
Trd, 000203.500, 150.0
Trd, 000203.717, 151
Trd, 000203.783, 152
Trd, 000205.067, 157.0
Trd, 000205.133, 150
Trd, 000205.600, 158.0
Trd, 000205.883, 157
Trd, 000207.250, 158
Trd, 000207.333, 158
Trd, 000207.467, 158
Trd, 000207.550, 162
Trd, 000208.300, 158.0
Trd, 000208.317, 155.0
Trd, 000209.433, 158
Trd, 000209.933, 162
Trd, 000210.100, 163
Trd, 000210.417, 156
Trd, 000210.717, 155
Trd, 000211.300, 165
Trd, 000212.050, 155
Trd, 000212.633, 162
Trd, 000213.900, 155
Trd, 000214.700, 154
Trd, 000215.867, 150
Trd, 000216.550, 156
Trd, 000217.233, 154
Trd, 000217.817, 155
Trd, 000217.900, 137.0
Trd, 000217.983, 134.0
Trd, 000218.250, 130
Trd, 000219.083, 140
Trd, 000219.317, 137.0
Trd, 000219.717, 154
Trd, 000220.683, 151.0
Trd, 000221.200, 158.0
Trd, 000221.667, 160
Trd, 000223.033, 157.0
Trd, 000223.383, 161
Trd, 000224.567, 155
Trd, 000224.617, 155.0
Trd, 000225.083, 163
Trd, 000225.517, 158.0
Trd, 000225.650, 163
Trd, 000225.983, 158
Trd, 000226.117, 156
Trd, 000227.083, 156
Trd, 000227.333, 154
Trd, 000227.533, 150
Trd, 000229.467, 148
Trd, 000229.533, 150
Trd, 000229.867, 149
Trd, 000229.933, 148
Trd, 000230.083, 158.0
Trd, 000231.217, 158.0
Trd, 000231.450, 155
Trd, 000232.083, 151
Trd, 000232.517, 138.0
Trd, 000234.100, 149.0
Trd, 000234.283, 147
Trd, 000234.467, 151.0
Trd, 000234.883, 162
Trd, 000237.283, 153
Trd, 000237.450, 153
Trd, 000238.600, 162
Trd, 000238.883, 162.0
Trd, 000238.967, 158.0
Trd, 000239.467, 155.0
Trd, 000239.483, 149
Trd, 000240.267, 155
Trd, 000240.383, 152
Trd, 000241.283, 145.0
Trd, 000241.850, 146
Trd, 000241.917, 144
Trd, 000242.917, 140.0
Trd, 000243.117, 144
Trd, 000243.150, 143.0
Trd, 000243.183, 146
Trd, 000243.250, 140.0
Trd, 000243.550, 151.0
Trd, 000243.900, 138.0
Trd, 000244.933, 153
Trd, 000245.967, 143
Trd, 000246.433, 146
Trd, 000246.483, 149
Trd, 000247.050, 151
Trd, 000247.300, 146
Trd, 000247.350, 152
Trd, 000248.533, 150
Trd, 000249.217, 149
Trd, 000249.500, 147
Trd, 000249.950, 146
Trd, 000250.183, 148
Trd, 000250.667, 151.0
Trd, 000251.550, 152
Trd, 000251.633, 148
Trd, 000252.017, 148
Trd, 000252.367, 148
Trd, 000252.433, 149
Trd, 000253.650, 150
Trd, 000254.250, 151
Trd, 000254.500, 151
Trd, 000254.567, 152.0
Trd, 000254.950, 149
Trd, 000255.150, 152
Trd, 000255.233, 154.0
Trd, 000256.017, 153
Trd, 000256.167, 154
Trd, 000256.433, 155.0
Trd, 000256.650, 161
Trd, 000257.933, 151.0
Trd, 000258.017, 154.0
Trd, 000258.117, 150
Trd, 000259.217, 153
Trd, 000259.333, 152
Trd, 000260.167, 156
Trd, 000260.250, 156
Trd, 000260.600, 154
Trd, 000260.733, 154
Trd, 000261.167, 150
Trd, 000261.283, 145.0
Trd, 000261.667, 144.0
Trd, 000262.867, 160
Trd, 000262.883, 158.0
Trd, 000264.317, 155
Trd, 000264.617, 158
Trd, 000264.733, 159
Trd, 000265.083, 163
Trd, 000265.183, 155.0
Trd, 000266.950, 160
Trd, 000267.017, 157
Trd, 000267.033, 164
Trd, 000267.417, 155
Trd, 000267.583, 155
Trd, 000268.017, 163
Trd, 000268.350, 154
Trd, 000269.467, 158
Trd, 000269.867, 155.0
Trd, 000270.083, 159
Trd, 000270.283, 164
Trd, 000270.467, 165
Trd, 000271.300, 168.0
Trd, 000272.000, 170
Trd, 000272.500, 167
Trd, 000273.267, 158.0
Trd, 000273.283, 155.0
Trd, 000274.567, 155.0
Trd, 000274.600, 156.0
Trd, 000274.650, 150
Trd, 000274.967, 161.0
Trd, 000275.133, 162.0
Trd, 000276.250, 160
Trd, 000276.467, 152.0
Trd, 000277.000, 151
Trd, 000277.450, 151
Trd, 000277.833, 150
Trd, 000277.867, 159
Trd, 000278.133, 158
Trd, 000278.150, 159
Trd, 000278.417, 144.0
Trd, 000279.500, 158
Trd, 000279.633, 150
Trd, 000280.067, 153
Trd, 000280.450, 159
Trd, 000280.667, 162
Trd, 000280.717, 163
Trd, 000281.267, 158
Trd, 000281.817, 158.0
Trd, 000281.967, 156
Trd, 000282.433, 150
Trd, 000282.883, 162
Trd, 000283.350, 163
Trd, 000283.433, 162
Trd, 000284.217, 160.0
Trd, 000284.500, 159.0
Trd, 000284.833, 163
Trd, 000285.050, 158.0
Trd, 000285.717, 159
Trd, 000285.883, 163
Trd, 000285.950, 158
Trd, 000286.167, 159
Trd, 000286.583, 159
Trd, 000286.917, 149
Trd, 000287.050, 150
Trd, 000287.317, 148
Trd, 000287.333, 144.0
Trd, 000287.900, 150
Trd, 000288.317, 151.0
Trd, 000288.717, 162
Trd, 000288.800, 150
Trd, 000288.817, 150
Trd, 000289.367, 155
Trd, 000289.567, 150
Trd, 000290.533, 144.0
Trd, 000290.617, 150
Trd, 000290.983, 154
Trd, 000291.567, 140.0
Trd, 000292.683, 148
Trd, 000293.300, 148
Trd, 000293.767, 155.0
Trd, 000293.883, 158.0
Trd, 000294.183, 149
Trd, 000294.500, 148
Trd, 000295.083, 146
Trd, 000295.217, 150.0
Trd, 000295.450, 145
Trd, 000295.633, 149.0
Trd, 000296.200, 141.0
Trd, 000296.850, 151.0
Trd, 000297.300, 141
Trd, 000297.683, 151
Trd, 000297.817, 161
Trd, 000298.800, 141
Trd, 000298.883, 158
Trd, 000299.233, 160
Trd, 000299.617, 151.0
