Trd, 000002.100, 148.0
Trd, 000002.817, 148
Trd, 000002.933, 148
Trd, 000003.083, 168.0
Trd, 000003.583, 162
Trd, 000005.017, 152
Trd, 000007.067, 154
Trd, 000007.400, 155
Trd, 000009.017, 154.0
Trd, 000009.550, 154.0
Trd, 000010.167, 155
Trd, 000011.767, 154
Trd, 000011.900, 153
Trd, 000012.100, 153
Trd, 000012.950, 154
Trd, 000013.450, 153
Trd, 000014.550, 154
Trd, 000014.583, 152
Trd, 000015.983, 152
Trd, 000017.083, 151
Trd, 000017.217, 156
Trd, 000018.267, 154
Trd, 000018.333, 153
Trd, 000019.367, 153
Trd, 000019.633, 152
Trd, 000020.417, 153
Trd, 000020.617, 152
Trd, 000020.683, 154
Trd, 000022.267, 151
Trd, 000023.117, 151
Trd, 000023.750, 151.0
Trd, 000023.867, 153
Trd, 000024.650, 152.0
Trd, 000024.867, 153
Trd, 000025.000, 151.0
Trd, 000027.183, 151
Trd, 000027.300, 152
Trd, 000027.817, 152
Trd, 000028.133, 151
Trd, 000028.267, 153
Trd, 000028.400, 149
Trd, 000028.417, 149
Trd, 000029.783, 152
Trd, 000029.800, 150
Trd, 000031.267, 153
Trd, 000032.200, 151
Trd, 000032.683, 152
Trd, 000033.000, 151.0
Trd, 000034.533, 149
Trd, 000035.383, 150
Trd, 000035.900, 151
Trd, 000036.683, 149
Trd, 000036.700, 151
Trd, 000037.783, 149
Trd, 000037.800, 148
Trd, 000037.917, 148.0
Trd, 000039.067, 148
Trd, 000039.083, 150
Trd, 000039.817, 150
Trd, 000040.433, 150
Trd, 000041.133, 150
Trd, 000041.667, 150
Trd, 000041.917, 155
Trd, 000042.083, 151
Trd, 000042.183, 150
Trd, 000044.200, 150
Trd, 000044.917, 151
Trd, 000045.633, 151
Trd, 000045.783, 151
Trd, 000047.600, 151.0
Trd, 000047.667, 151
Trd, 000048.100, 168.0
Trd, 000048.133, 150
Trd, 000048.733, 152
Trd, 000048.767, 154
Trd, 000048.850, 148.0
Trd, 000049.100, 124.0
Trd, 000050.467, 152.0
Trd, 000050.700, 151.0
Trd, 000051.000, 149
Trd, 000051.367, 150
Trd, 000051.617, 156
Trd, 000052.100, 156
Trd, 000052.333, 151
Trd, 000052.650, 149
Trd, 000053.917, 153
Trd, 000055.033, 154
Trd, 000055.583, 153.0
Trd, 000056.100, 153
Trd, 000057.467, 153
Trd, 000058.183, 151
Trd, 000058.950, 148
Trd, 000059.267, 149.0
Trd, 000059.750, 151.0
Trd, 000060.167, 152
Trd, 000061.117, 154
Trd, 000061.383, 151.0
Trd, 000061.717, 164
Trd, 000061.750, 167
Trd, 000062.000, 168.0
Trd, 000062.383, 161
Trd, 000063.550, 157
Trd, 000063.583, 155
Trd, 000063.950, 156
Trd, 000064.650, 156
Trd, 000065.767, 157
Trd, 000066.317, 157
Trd, 000067.433, 156
Trd, 000067.833, 156
Trd, 000068.150, 156
Trd, 000069.383, 155
Trd, 000069.767, 154
Trd, 000071.283, 154
Trd, 000071.450, 154
Trd, 000071.700, 153
Trd, 000072.000, 151.0
Trd, 000073.950, 153
Trd, 000074.233, 154
Trd, 000075.250, 154
Trd, 000076.550, 155
Trd, 000077.533, 152
Trd, 000077.683, 151.0
Trd, 000078.183, 153
Trd, 000078.933, 158
Trd, 000079.600, 159
Trd, 000080.517, 158
Trd, 000080.733, 158.0
Trd, 000080.933, 158
Trd, 000081.900, 151
Trd, 000082.167, 144.0
Trd, 000083.150, 147
Trd, 000083.183, 149
Trd, 000083.217, 150
Trd, 000084.017, 145.0
Trd, 000084.483, 151.0
Trd, 000084.500, 150.0
Trd, 000085.650, 150.0
Trd, 000086.383, 149.0
Trd, 000086.817, 149.0
Trd, 000087.467, 150
Trd, 000087.700, 150
Trd, 000088.450, 151
Trd, 000089.867, 148.0
Trd, 000091.517, 149
Trd, 000091.550, 148
Trd, 000092.183, 148
Trd, 000092.367, 147
Trd, 000093.633, 155
Trd, 000094.067, 149
Trd, 000094.417, 151.0
Trd, 000094.783, 149
Trd, 000095.517, 151
Trd, 000095.950, 168.0
Trd, 000097.433, 158
Trd, 000098.450, 158
Trd, 000098.583, 158
Trd, 000099.317, 159
Trd, 000099.517, 168
Trd, 000099.750, 158
Trd, 000099.917, 159
Trd, 000100.717, 160
Trd, 000102.283, 152
Trd, 000102.850, 148.0
Trd, 000104.667, 152
Trd, 000105.050, 151
Trd, 000105.467, 153
Trd, 000106.117, 152
Trd, 000107.133, 153
Trd, 000107.700, 153
Trd, 000108.117, 155
Trd, 000108.217, 152
Trd, 000108.917, 154
Trd, 000108.933, 151.0
Trd, 000109.417, 152
Trd, 000109.533, 151
Trd, 000109.933, 161
Trd, 000110.183, 175.0
Trd, 000110.217, 151
Trd, 000110.867, 160
Trd, 000111.700, 154
Trd, 000111.733, 152
Trd, 000112.950, 150.0
Trd, 000113.150, 151
Trd, 000114.783, 155
Trd, 000114.950, 151
Trd, 000115.033, 155
Trd, 000116.850, 154
Trd, 000117.133, 154
Trd, 000117.750, 151
Trd, 000118.317, 149
Trd, 000120.050, 152
Trd, 000120.550, 149
Trd, 000121.483, 151
Trd, 000121.933, 150
Trd, 000122.033, 151
Trd, 000122.083, 152
Trd, 000122.883, 151
Trd, 000122.917, 152
Trd, 000125.233, 153
Trd, 000125.967, 154
Trd, 000126.000, 151
Trd, 000126.633, 151
Trd, 000127.767, 151.0
Trd, 000128.200, 151
Trd, 000128.333, 150
Trd, 000128.583, 152
Trd, 000129.650, 153
Trd, 000129.850, 149.0
Trd, 000130.017, 154
Trd, 000130.717, 148.0
Trd, 000132.133, 154
Trd, 000132.583, 153
Trd, 000132.817, 153
Trd, 000133.200, 150
Trd, 000133.667, 150
Trd, 000133.950, 149
Trd, 000134.067, 155
Trd, 000136.017, 159
Trd, 000136.067, 159
Trd, 000136.400, 158
Trd, 000137.517, 158
Trd, 000138.017, 157
Trd, 000138.600, 157
Trd, 000139.783, 157
Trd, 000139.950, 157
Trd, 000140.817, 157
Trd, 000141.233, 156
Trd, 000141.533, 155
Trd, 000142.717, 157
Trd, 000142.817, 154
Trd, 000143.700, 156
Trd, 000143.733, 157
Trd, 000144.133, 155
Trd, 000144.400, 156
Trd, 000144.517, 155
Trd, 000146.033, 160
Trd, 000146.450, 158
Trd, 000147.117, 155
Trd, 000148.300, 158
Trd, 000148.567, 157
Trd, 000148.733, 159
Trd, 000148.867, 155
Trd, 000149.733, 155
Trd, 000150.283, 155
Trd, 000150.700, 155
Trd, 000151.583, 155
Trd, 000152.117, 154
Trd, 000152.283, 155
Trd, 000153.450, 153.0
Trd, 000153.583, 153
Trd, 000155.250, 151
Trd, 000155.283, 150
Trd, 000155.817, 148.0
Trd, 000156.300, 148
Trd, 000156.500, 149
Trd, 000156.967, 149
Trd, 000157.967, 149
Trd, 000158.183, 148.0
Trd, 000158.483, 147
Trd, 000159.000, 144.0
Trd, 000160.033, 149
Trd, 000160.967, 155
Trd, 000161.333, 151.0
Trd, 000161.967, 150.0
Trd, 000162.050, 151
Trd, 000162.100, 157
Trd, 000162.733, 152
Trd, 000163.333, 151
Trd, 000163.883, 150
Trd, 000164.017, 150
Trd, 000164.483, 149
Trd, 000166.850, 151
Trd, 000167.067, 150.0
Trd, 000167.600, 149
Trd, 000168.133, 149
Trd, 000168.500, 148
Trd, 000169.383, 151
Trd, 000169.417, 151
Trd, 000169.483, 151.0
Trd, 000169.933, 152
Trd, 000170.883, 150
Trd, 000171.583, 152
Trd, 000172.233, 151
Trd, 000172.283, 152
Trd, 000172.983, 150.0
Trd, 000173.933, 151
Trd, 000175.900, 151
Trd, 000176.367, 150
Trd, 000176.883, 153
Trd, 000177.917, 152
Trd, 000177.933, 150
Trd, 000178.033, 155
Trd, 000180.000, 156
Trd, 000180.400, 153
Trd, 000180.650, 153
Trd, 000181.033, 154
Trd, 000181.383, 156
Trd, 000181.750, 163
Trd, 000181.783, 154
Trd, 000182.217, 157
Trd, 000182.283, 165
Trd, 000182.350, 151.0
Trd, 000182.633, 148.0
Trd, 000184.533, 154
Trd, 000185.517, 155
Trd, 000185.600, 156
Trd, 000185.750, 157
Trd, 000185.883, 157
Trd, 000186.500, 153
Trd, 000187.183, 157
Trd, 000188.250, 157
Trd, 000188.883, 155
Trd, 000189.750, 156
Trd, 000189.900, 156
Trd, 000190.683, 155
Trd, 000191.100, 154
Trd, 000191.583, 160
Trd, 000192.283, 153
Trd, 000192.933, 158
Trd, 000193.350, 151.0
Trd, 000193.900, 148.0
Trd, 000194.100, 159
Trd, 000195.467, 152
Trd, 000196.467, 151
Trd, 000196.717, 157
Trd, 000198.267, 153
Trd, 000198.300, 150
Trd, 000198.833, 152
Trd, 000199.217, 151
Trd, 000199.433, 150
Trd, 000199.917, 150.0
Trd, 000200.250, 150
Trd, 000200.633, 151.0
Trd, 000200.917, 151
Trd, 000202.400, 155
Trd, 000202.433, 152
Trd, 000203.033, 153
Trd, 000204.167, 154
Trd, 000204.833, 153
Trd, 000205.483, 152
Trd, 000205.950, 152
Trd, 000206.150, 154
Trd, 000207.183, 151
Trd, 000207.367, 155
Trd, 000207.867, 150
Trd, 000209.200, 152
Trd, 000210.033, 151
Trd, 000211.417, 149
Trd, 000211.617, 149
Trd, 000212.033, 152
Trd, 000212.167, 126
Trd, 000212.617, 145
Trd, 000212.750, 148
Trd, 000213.033, 146
Trd, 000213.800, 148
Trd, 000213.850, 147
Trd, 000214.667, 147
Trd, 000215.967, 148
Trd, 000216.217, 148
Trd, 000216.600, 146
Trd, 000217.350, 145
Trd, 000217.367, 148.0
Trd, 000217.950, 145
Trd, 000218.067, 149
Trd, 000219.233, 150.0
Trd, 000219.500, 149
Trd, 000220.183, 146.0
Trd, 000220.817, 146
Trd, 000221.700, 149.0
Trd, 000222.533, 150
Trd, 000222.783, 148
Trd, 000223.167, 147
Trd, 000223.300, 155
Trd, 000223.333, 164
Trd, 000226.083, 153
Trd, 000226.483, 153
Trd, 000226.983, 152
Trd, 000228.283, 154
Trd, 000229.067, 153
Trd, 000229.183, 161
Trd, 000229.867, 157
Trd, 000229.950, 156
Trd, 000230.833, 157
Trd, 000232.167, 156
Trd, 000232.567, 156
Trd, 000233.150, 156
Trd, 000234.333, 154
Trd, 000234.583, 157
Trd, 000235.367, 155
Trd, 000235.533, 154
Trd, 000236.433, 152
Trd, 000236.733, 152
Trd, 000237.450, 151
Trd, 000237.867, 152.0
Trd, 000238.450, 154
Trd, 000239.950, 152
Trd, 000240.150, 153
Trd, 000240.283, 153
Trd, 000240.450, 151
Trd, 000240.783, 150
Trd, 000241.050, 149.0
Trd, 000241.433, 150.0
Trd, 000241.850, 151
Trd, 000242.600, 153
Trd, 000242.800, 152.0
Trd, 000243.017, 151.0
Trd, 000243.300, 152
Trd, 000243.567, 149
Trd, 000243.933, 150
Trd, 000244.133, 153
Trd, 000244.883, 151
Trd, 000245.650, 152
Trd, 000245.767, 153
Trd, 000245.983, 151
Trd, 000246.083, 149
Trd, 000247.533, 151
Trd, 000247.983, 153
Trd, 000248.100, 152
Trd, 000248.583, 152
Trd, 000248.667, 154
Trd, 000248.800, 151
Trd, 000249.233, 151
Trd, 000249.617, 155
Trd, 000250.783, 153
Trd, 000251.283, 155.0
Trd, 000251.417, 154
Trd, 000251.450, 158.0
Trd, 000252.333, 161
Trd, 000252.617, 159
Trd, 000252.983, 158.0
Trd, 000253.317, 161.0
Trd, 000253.483, 165.0
Trd, 000253.783, 158
Trd, 000254.350, 151.0
Trd, 000254.667, 156
Trd, 000254.817, 149.0
Trd, 000256.033, 156
Trd, 000256.083, 155
Trd, 000256.167, 155
Trd, 000256.367, 156
Trd, 000256.617, 154
Trd, 000257.200, 152
Trd, 000257.600, 151
Trd, 000257.817, 154
Trd, 000257.933, 152
Trd, 000258.617, 153
Trd, 000259.050, 152
Trd, 000259.350, 155
Trd, 000260.150, 153.0
Trd, 000260.250, 151.0
Trd, 000261.967, 155
Trd, 000262.350, 150
Trd, 000262.600, 154.0
Trd, 000262.750, 155
Trd, 000263.117, 149
Trd, 000263.550, 157.0
Trd, 000263.917, 157
Trd, 000264.150, 158.0
Trd, 000264.950, 157
Trd, 000265.283, 161.0
Trd, 000265.583, 160
Trd, 000265.600, 158
Trd, 000265.950, 167.0
Trd, 000266.550, 156
Trd, 000267.333, 155
Trd, 000267.483, 154
Trd, 000268.017, 154
Trd, 000268.833, 152
Trd, 000269.750, 152
Trd, 000270.167, 151.0
Trd, 000270.400, 157
Trd, 000270.750, 157.0
Trd, 000270.833, 158
Trd, 000271.250, 157
Trd, 000271.550, 159
Trd, 000271.867, 158
Trd, 000272.050, 158.0
Trd, 000272.417, 158
Trd, 000272.733, 154
Trd, 000272.817, 153
Trd, 000273.067, 157.0
Trd, 000273.283, 153
Trd, 000273.350, 152.0
Trd, 000274.517, 157.0
Trd, 000275.350, 158.0
Trd, 000275.483, 155
Trd, 000275.700, 161
Trd, 000277.000, 158
Trd, 000277.317, 157
Trd, 000277.333, 153
Trd, 000277.417, 159
Trd, 000278.233, 171
Trd, 000278.783, 154
Trd, 000279.367, 156
Trd, 000280.033, 158.0
Trd, 000280.133, 157
Trd, 000280.333, 156
Trd, 000280.500, 155
Trd, 000280.617, 155
Trd, 000280.750, 158
Trd, 000281.717, 154
Trd, 000281.900, 158
Trd, 000282.617, 153
Trd, 000282.667, 151.0
Trd, 000282.983, 157.0
Trd, 000283.167, 150.0
Trd, 000283.200, 157
Trd, 000283.300, 148.0
Trd, 000283.767, 150
Trd, 000283.817, 145.0
Trd, 000284.233, 157
Trd, 000284.783, 148.0
Trd, 000285.000, 158.0
Trd, 000285.667, 146
Trd, 000286.750, 150
Trd, 000286.833, 153
Trd, 000287.217, 163
Trd, 000287.633, 163.0
Trd, 000288.033, 153.0
Trd, 000289.200, 155
Trd, 000289.533, 152
Trd, 000289.850, 153
Trd, 000290.167, 151.0
Trd, 000290.467, 150
Trd, 000290.650, 155
Trd, 000290.900, 152
Trd, 000290.917, 155
Trd, 000291.517, 152
Trd, 000291.900, 156
Trd, 000292.400, 152
Trd, 000293.350, 150
Trd, 000293.967, 149
Trd, 000294.450, 152
Trd, 000294.517, 151
Trd, 000295.050, 153
Trd, 000295.417, 151.0
Trd, 000295.667, 150
Trd, 000295.867, 150
Trd, 000296.033, 153
Trd, 000296.050, 156
Trd, 000296.100, 158.0
Trd, 000296.450, 165.0
Trd, 000297.017, 168.0
Trd, 000297.633, 150
Trd, 000297.650, 168
Trd, 000297.917, 149
Trd, 000298.400, 150.0
Trd, 000298.617, 148.0
Trd, 000299.050, 165.0
Trd, 000299.100, 144.0
Trd, 000299.617, 168.0
