Trd, 000003.050, 166
Trd, 000003.200, 167
Trd, 000003.317, 168.0
Trd, 000004.850, 164
Trd, 000005.333, 154
Trd, 000005.817, 153
Trd, 000006.367, 152.0
Trd, 000006.450, 159.0
Trd, 000006.567, 156
Trd, 000006.883, 151
Trd, 000007.283, 151.0
Trd, 000008.450, 155
Trd, 000008.517, 151
Trd, 000009.683, 153
Trd, 000009.917, 154
Trd, 000010.467, 151
Trd, 000010.667, 151.0
Trd, 000011.150, 168
Trd, 000012.717, 159
Trd, 000013.050, 158
Trd, 000013.550, 158
Trd, 000013.600, 156
Trd, 000015.050, 164
Trd, 000015.233, 157
Trd, 000016.000, 162
Trd, 000016.750, 155
Trd, 000017.467, 156
Trd, 000017.550, 154
Trd, 000018.050, 155
Trd, 000018.533, 154
Trd, 000018.650, 157
Trd, 000018.900, 153
Trd, 000019.350, 154
Trd, 000020.533, 155
Trd, 000020.617, 154
Trd, 000021.050, 152
Trd, 000021.567, 154
Trd, 000022.333, 167
Trd, 000022.667, 165
Trd, 000023.717, 161
Trd, 000023.917, 155
Trd, 000024.667, 157
Trd, 000024.967, 157
Trd, 000025.483, 157
Trd, 000026.033, 156
Trd, 000027.383, 157
Trd, 000027.517, 156
Trd, 000027.667, 154
Trd, 000028.317, 154
Trd, 000028.650, 154
Trd, 000028.683, 155
Trd, 000029.200, 153
Trd, 000029.383, 152
Trd, 000029.600, 151.0
Trd, 000030.050, 150
Trd, 000030.267, 137.0
Trd, 000030.833, 152
Trd, 000031.317, 153
Trd, 000031.683, 146
Trd, 000033.250, 149
Trd, 000033.317, 150
Trd, 000033.983, 151
Trd, 000034.800, 150
Trd, 000035.183, 167
Trd, 000037.067, 160
Trd, 000037.517, 165
Trd, 000037.933, 160
Trd, 000038.217, 159
Trd, 000038.517, 157
Trd, 000039.133, 163
Trd, 000040.017, 160
Trd, 000040.850, 157
Trd, 000040.917, 154
Trd, 000041.033, 151.0
Trd, 000042.817, 147
Trd, 000042.883, 146
Trd, 000043.167, 149
Trd, 000043.500, 145
Trd, 000043.667, 143
Trd, 000044.433, 147
Trd, 000044.767, 146
Trd, 000045.783, 144
Trd, 000046.133, 143
Trd, 000046.167, 144
Trd, 000046.700, 165
Trd, 000047.083, 146
Trd, 000047.333, 156
Trd, 000047.617, 145
Trd, 000048.467, 151
Trd, 000048.867, 150
Trd, 000049.317, 151.0
Trd, 000050.217, 148
Trd, 000050.600, 148.0
Trd, 000050.750, 149
Trd, 000050.783, 152
Trd, 000051.933, 148
Trd, 000052.267, 148
Trd, 000052.983, 147
Trd, 000053.250, 148
Trd, 000053.617, 151
Trd, 000054.650, 151.0
Trd, 000055.950, 162
Trd, 000055.983, 154
Trd, 000056.567, 162
Trd, 000058.200, 155
Trd, 000059.367, 153
Trd, 000059.400, 154
Trd, 000059.917, 152
Trd, 000060.583, 151.0
Trd, 000060.633, 137.0
Trd, 000062.567, 147
Trd, 000063.100, 146
Trd, 000063.200, 146
Trd, 000063.217, 147
Trd, 000063.300, 149
Trd, 000064.283, 149
Trd, 000065.117, 149
Trd, 000065.217, 151
Trd, 000066.683, 158
Trd, 000067.100, 165
Trd, 000067.117, 158
Trd, 000067.450, 157
Trd, 000068.067, 151.0
Trd, 000068.083, 155
Trd, 000068.283, 153
Trd, 000069.717, 153
Trd, 000070.083, 153
Trd, 000070.633, 153
Trd, 000071.133, 154
Trd, 000071.500, 152
Trd, 000072.250, 164
Trd, 000072.633, 156
Trd, 000074.167, 164
Trd, 000074.317, 163
Trd, 000074.883, 157
Trd, 000074.950, 168
Trd, 000076.167, 160
Trd, 000076.567, 159
Trd, 000077.567, 167
Trd, 000077.767, 168
Trd, 000078.550, 157
Trd, 000078.750, 154
Trd, 000079.967, 159
Trd, 000080.200, 158
Trd, 000080.467, 158
Trd, 000080.867, 158
Trd, 000081.433, 161
Trd, 000082.367, 158
Trd, 000082.867, 157
Trd, 000083.350, 155
Trd, 000084.350, 157
Trd, 000084.467, 159
Trd, 000085.200, 156
Trd, 000085.883, 155
Trd, 000086.133, 155
Trd, 000086.233, 156
Trd, 000086.400, 154
Trd, 000086.617, 151.0
Trd, 000086.817, 155
Trd, 000089.117, 155
Trd, 000089.217, 152
Trd, 000089.683, 151.0
Trd, 000089.800, 151
Trd, 000090.300, 137.0
Trd, 000090.983, 140
Trd, 000092.450, 146
Trd, 000092.900, 149
Trd, 000093.067, 148
Trd, 000093.267, 146
Trd, 000093.583, 145
Trd, 000093.650, 143
Trd, 000095.817, 143
Trd, 000096.250, 143
Trd, 000096.333, 142
Trd, 000096.350, 144
Trd, 000096.650, 145
Trd, 000098.017, 144
Trd, 000098.617, 146.0
Trd, 000099.250, 144
Trd, 000099.700, 145
Trd, 000100.150, 143
Trd, 000100.950, 144
Trd, 000101.283, 148.0
Trd, 000102.917, 147
Trd, 000103.233, 145
Trd, 000103.950, 145
Trd, 000104.083, 145
Trd, 000105.483, 145
Trd, 000105.667, 145
Trd, 000105.983, 146
Trd, 000106.900, 148.0
Trd, 000107.850, 148
Trd, 000108.267, 149
Trd, 000108.617, 149
Trd, 000109.050, 152
Trd, 000109.850, 154
Trd, 000111.083, 155
Trd, 000111.350, 154
Trd, 000111.667, 162
Trd, 000113.033, 154
Trd, 000113.417, 153
Trd, 000113.833, 154
Trd, 000114.200, 151.0
Trd, 000115.400, 151
Trd, 000116.117, 151
Trd, 000116.217, 151
Trd, 000116.417, 153
Trd, 000116.433, 153
Trd, 000117.000, 155
Trd, 000117.683, 155
Trd, 000118.417, 167
Trd, 000118.483, 168
Trd, 000118.650, 156
Trd, 000118.917, 154
Trd, 000119.400, 153
Trd, 000119.600, 154
Trd, 000120.050, 151
Trd, 000120.733, 153
Trd, 000121.117, 166
Trd, 000122.300, 165
Trd, 000122.533, 157
Trd, 000123.733, 157
Trd, 000123.917, 156
Trd, 000124.767, 156
Trd, 000125.467, 155.0
Trd, 000125.717, 153.0
Trd, 000125.750, 152
Trd, 000125.967, 153
Trd, 000126.083, 156
Trd, 000127.683, 154
Trd, 000128.200, 151.0
Trd, 000128.767, 155
Trd, 000130.333, 153
Trd, 000130.683, 154
Trd, 000131.133, 154
Trd, 000131.550, 152
Trd, 000132.183, 152
Trd, 000134.550, 153
Trd, 000134.917, 155
Trd, 000135.883, 153
Trd, 000136.000, 152
Trd, 000136.933, 153
Trd, 000136.950, 154
Trd, 000137.117, 159
Trd, 000137.250, 152.0
Trd, 000137.917, 151.0
Trd, 000138.867, 153
Trd, 000139.017, 164
Trd, 000140.467, 156
Trd, 000140.533, 155
Trd, 000140.883, 154
Trd, 000141.567, 154
Trd, 000141.983, 153
Trd, 000142.567, 154
Trd, 000142.917, 153
Trd, 000143.683, 153.0
Trd, 000144.500, 152.0
Trd, 000144.817, 151.0
Trd, 000145.033, 153
Trd, 000145.800, 153
Trd, 000145.817, 153
Trd, 000146.717, 150
Trd, 000146.867, 151
Trd, 000146.883, 137.0
Trd, 000148.067, 145
Trd, 000148.733, 137
Trd, 000150.083, 146
Trd, 000150.267, 147
Trd, 000150.383, 143
Trd, 000151.400, 147.0
Trd, 000151.483, 144
Trd, 000152.617, 143
Trd, 000153.367, 148.0
Trd, 000153.650, 145
Trd, 000154.850, 148
Trd, 000155.217, 151
Trd, 000155.867, 151.0
Trd, 000156.300, 160
Trd, 000156.633, 154
Trd, 000157.467, 158
Trd, 000158.233, 157
Trd, 000158.383, 156
Trd, 000158.533, 156
Trd, 000160.083, 157
Trd, 000161.533, 159
Trd, 000161.600, 155
Trd, 000161.867, 158
Trd, 000162.133, 155
Trd, 000162.967, 156
Trd, 000163.550, 155
Trd, 000163.933, 156
Trd, 000164.650, 158
Trd, 000164.967, 157
Trd, 000165.383, 157
Trd, 000166.900, 157
Trd, 000167.050, 158
Trd, 000167.233, 156
Trd, 000167.367, 154
Trd, 000168.117, 156
Trd, 000168.950, 153
Trd, 000169.100, 151.0
Trd, 000169.617, 150
Trd, 000169.733, 148
Trd, 000169.833, 151
Trd, 000170.500, 149
Trd, 000172.750, 162
Trd, 000173.100, 164
Trd, 000173.567, 157
Trd, 000173.850, 156
Trd, 000174.333, 155
Trd, 000174.400, 154
Trd, 000175.150, 153
Trd, 000175.267, 152
Trd, 000175.367, 151.0
Trd, 000175.750, 153
Trd, 000177.150, 153
Trd, 000178.600, 151.0
Trd, 000179.417, 151
Trd, 000179.733, 140.0
Trd, 000180.083, 145
Trd, 000180.100, 137.0
Trd, 000180.283, 146
Trd, 000180.317, 148
Trd, 000181.033, 149
Trd, 000181.267, 149
Trd, 000182.283, 149
Trd, 000182.583, 146
Trd, 000183.083, 149
Trd, 000183.333, 167
Trd, 000184.750, 154
Trd, 000185.883, 155
Trd, 000186.233, 161
Trd, 000186.833, 154
Trd, 000187.850, 154
Trd, 000188.467, 153
Trd, 000188.567, 157
Trd, 000189.017, 164
Trd, 000189.883, 156
Trd, 000190.133, 157
Trd, 000190.383, 158
Trd, 000190.983, 157
Trd, 000191.733, 156
Trd, 000192.050, 155
Trd, 000192.383, 152
Trd, 000192.983, 152.0
Trd, 000193.567, 156
Trd, 000194.333, 157
Trd, 000194.467, 153
Trd, 000195.733, 159
Trd, 000195.867, 157
Trd, 000196.317, 160
Trd, 000196.650, 159
Trd, 000196.867, 159
Trd, 000198.133, 155
Trd, 000198.367, 154
Trd, 000198.917, 157
Trd, 000200.650, 166
Trd, 000200.750, 161
Trd, 000202.017, 160
Trd, 000202.300, 156
Trd, 000202.717, 154
Trd, 000203.550, 155
Trd, 000203.817, 155
Trd, 000204.867, 156
Trd, 000205.383, 157
Trd, 000205.667, 156
Trd, 000207.000, 156
Trd, 000207.267, 155
Trd, 000207.683, 154
Trd, 000208.150, 154
Trd, 000208.967, 153
Trd, 000209.067, 152
Trd, 000210.100, 137.0
Trd, 000210.117, 151
Trd, 000211.150, 141
Trd, 000211.433, 144
Trd, 000211.567, 150
Trd, 000212.417, 150
Trd, 000212.650, 151
Trd, 000213.050, 143
Trd, 000213.717, 140
Trd, 000214.067, 139
Trd, 000215.150, 138
Trd, 000215.850, 140
Trd, 000215.900, 142
Trd, 000216.117, 139
Trd, 000218.083, 138
Trd, 000218.450, 137
Trd, 000218.633, 125.0
Trd, 000219.933, 131
Trd, 000219.983, 132
Trd, 000220.867, 134
Trd, 000221.133, 135
Trd, 000221.883, 148.0
Trd, 000222.167, 138
Trd, 000222.350, 138
Trd, 000223.400, 148
Trd, 000223.750, 146
Trd, 000223.817, 147
Trd, 000224.150, 144
Trd, 000224.317, 142
Trd, 000226.050, 147
Trd, 000228.433, 145
Trd, 000228.617, 146
Trd, 000229.267, 145
Trd, 000229.583, 146.0
Trd, 000229.633, 145
Trd, 000229.950, 139.0
Trd, 000231.217, 146
Trd, 000231.583, 141
Trd, 000231.667, 126.0
Trd, 000232.900, 140
Trd, 000233.500, 140
Trd, 000233.717, 137
Trd, 000234.017, 136
Trd, 000234.817, 136
Trd, 000235.967, 135
Trd, 000236.350, 130.0
Trd, 000236.483, 132
Trd, 000236.950, 132
Trd, 000237.433, 132
Trd, 000238.500, 148.0
Trd, 000239.917, 136
Trd, 000239.983, 144
Trd, 000240.583, 145
Trd, 000241.200, 140
Trd, 000241.733, 144
Trd, 000241.917, 151
Trd, 000242.283, 143
Trd, 000242.933, 151
Trd, 000243.167, 151
Trd, 000243.550, 153
Trd, 000244.017, 148
Trd, 000244.050, 158.0
Trd, 000244.783, 153
Trd, 000245.883, 152
Trd, 000246.500, 154
Trd, 000246.867, 152
Trd, 000247.300, 151.0
Trd, 000247.383, 154
Trd, 000248.267, 154.0
Trd, 000248.600, 154
Trd, 000248.650, 153
Trd, 000249.800, 154.0
Trd, 000249.967, 156.0
Trd, 000250.783, 155
Trd, 000251.183, 156
Trd, 000251.650, 156
Trd, 000252.167, 154
Trd, 000252.200, 153
Trd, 000252.767, 155
Trd, 000254.217, 152
Trd, 000254.567, 151.0
Trd, 000255.483, 155
Trd, 000255.517, 156
Trd, 000256.533, 154.0
Trd, 000256.583, 151.0
Trd, 000256.750, 155.0
Trd, 000257.733, 150
Trd, 000257.767, 154
Trd, 000258.683, 151
Trd, 000259.150, 150
Trd, 000259.667, 149
Trd, 000260.017, 149
Trd, 000260.617, 151
Trd, 000260.867, 151
Trd, 000261.617, 151.0
Trd, 000262.100, 152
Trd, 000262.400, 134.0
Trd, 000263.767, 142
Trd, 000264.150, 152.0
Trd, 000264.733, 151.0
Trd, 000264.783, 147
Trd, 000265.650, 152.0
Trd, 000265.983, 150
Trd, 000266.050, 150
Trd, 000266.133, 150
Trd, 000266.717, 150
Trd, 000267.050, 149
Trd, 000268.117, 150
Trd, 000268.433, 148
Trd, 000268.467, 147
Trd, 000268.517, 146
Trd, 000268.850, 151
Trd, 000270.000, 151
Trd, 000270.200, 158.0
Trd, 000270.267, 151.0
Trd, 000271.333, 156
Trd, 000271.450, 167
Trd, 000271.683, 155
Trd, 000272.583, 155
Trd, 000272.883, 167
Trd, 000273.350, 154
Trd, 000273.617, 155
Trd, 000274.183, 153
Trd, 000274.883, 154
Trd, 000275.050, 156
Trd, 000275.083, 157
Trd, 000275.233, 152
Trd, 000275.767, 151
Trd, 000276.283, 160
Trd, 000278.133, 159.0
Trd, 000278.417, 154
Trd, 000278.633, 152.0
Trd, 000280.117, 155
Trd, 000280.150, 159
Trd, 000280.600, 157
Trd, 000280.717, 158
Trd, 000281.133, 156
Trd, 000281.600, 155
Trd, 000281.933, 156
Trd, 000282.067, 158
Trd, 000282.417, 157.0
Trd, 000283.283, 158.0
Trd, 000283.383, 158
Trd, 000285.483, 154
Trd, 000285.683, 154.0
Trd, 000286.300, 153.0
Trd, 000286.500, 152.0
Trd, 000286.717, 151
Trd, 000287.100, 149.0
Trd, 000287.167, 150.0
Trd, 000288.200, 155.0
Trd, 000288.717, 149
Trd, 000289.400, 150
Trd, 000289.800, 152
Trd, 000290.067, 152
Trd, 000290.683, 150
Trd, 000290.933, 149
Trd, 000292.117, 149
Trd, 000292.183, 148
Trd, 000292.283, 153
Trd, 000292.350, 165
Trd, 000292.800, 168
Trd, 000293.250, 150.0
Trd, 000294.667, 153
Trd, 000295.050, 153
Trd, 000295.417, 153
Trd, 000295.433, 152.0
Trd, 000295.450, 154
Trd, 000295.950, 151.0
Trd, 000296.767, 151
Trd, 000296.850, 150
Trd, 000297.750, 149.0
Trd, 000298.517, 158.0
Trd, 000298.800, 153
Trd, 000299.283, 152
Trd, 000299.800, 164
