Trd, 000001.250, 196
Trd, 000002.000, 124.0
Trd, 000002.367, 133
Trd, 000002.567, 117.0
Trd, 000003.133, 176
Trd, 000003.383, 116
Trd, 000003.617, 127
Trd, 000003.683, 126
Trd, 000003.833, 127
Trd, 000004.067, 141.0
Trd, 000004.567, 138
Trd, 000005.867, 139
Trd, 000005.883, 154
Trd, 000006.850, 146
Trd, 000008.417, 148
Trd, 000009.050, 152
Trd, 000009.783, 153
Trd, 000009.850, 158.0
Trd, 000009.900, 148
Trd, 000010.817, 149
Trd, 000010.867, 155
Trd, 000011.333, 161
Trd, 000011.350, 165.0
Trd, 000012.183, 155
Trd, 000012.233, 174
Trd, 000012.383, 155
Trd, 000013.033, 164
Trd, 000013.333, 154
Trd, 000013.767, 164
Trd, 000014.150, 162
Trd, 000015.033, 150
Trd, 000016.283, 152
Trd, 000017.133, 152
Trd, 000017.600, 150
Trd, 000018.083, 150
Trd, 000018.350, 143.0
Trd, 000018.450, 150
Trd, 000018.700, 150
Trd, 000019.500, 149
Trd, 000019.800, 149
Trd, 000020.283, 158.0
Trd, 000020.717, 153
Trd, 000021.483, 152
Trd, 000021.867, 153
Trd, 000022.150, 148.0
Trd, 000022.300, 151
Trd, 000022.433, 152
Trd, 000023.700, 144
Trd, 000023.933, 159
Trd, 000024.833, 145.0
Trd, 000025.483, 148
Trd, 000025.733, 156
Trd, 000026.067, 158
Trd, 000027.267, 149
Trd, 000027.950, 161.0
Trd, 000029.000, 154
Trd, 000029.067, 147
Trd, 000029.200, 153
Trd, 000029.300, 141.0
Trd, 000030.117, 148
Trd, 000031.133, 143
Trd, 000031.217, 137
Trd, 000031.400, 144
Trd, 000031.983, 148
Trd, 000033.267, 144
Trd, 000033.600, 143
Trd, 000034.650, 148
Trd, 000034.783, 154
Trd, 000034.867, 147
Trd, 000035.633, 149
Trd, 000036.017, 150
Trd, 000036.083, 158.0
Trd, 000036.300, 156
Trd, 000037.117, 156
Trd, 000037.517, 163.0
Trd, 000037.733, 149
Trd, 000038.050, 149
Trd, 000038.233, 148
Trd, 000038.700, 153
Trd, 000039.200, 142.0
Trd, 000039.933, 149
Trd, 000040.033, 148
Trd, 000041.283, 137
Trd, 000041.400, 148
Trd, 000042.633, 149
Trd, 000044.050, 145
Trd, 000044.417, 146
Trd, 000044.567, 143
Trd, 000044.700, 142
Trd, 000044.850, 144
Trd, 000045.050, 146
Trd, 000045.100, 143.0
Trd, 000045.350, 142
Trd, 000045.417, 146
Trd, 000047.033, 142.0
Trd, 000048.133, 143
Trd, 000048.250, 143
Trd, 000049.017, 148
Trd, 000049.683, 144.0
Trd, 000050.000, 144
Trd, 000050.233, 143
Trd, 000050.317, 144
Trd, 000051.400, 143
Trd, 000051.567, 144
Trd, 000051.767, 147
Trd, 000052.300, 154
Trd, 000053.783, 144
Trd, 000054.100, 153
Trd, 000054.117, 154
Trd, 000055.383, 148
Trd, 000055.500, 151
Trd, 000056.283, 155
Trd, 000056.900, 158.0
Trd, 000057.283, 152
Trd, 000057.383, 155
Trd, 000058.650, 156
Trd, 000058.900, 158
Trd, 000059.517, 152
Trd, 000059.933, 163
Trd, 000060.250, 155
Trd, 000061.567, 157.0
Trd, 000062.617, 144.0
Trd, 000062.967, 155
Trd, 000063.067, 155
Trd, 000063.700, 156
Trd, 000063.717, 154
Trd, 000063.850, 157
Trd, 000063.867, 157
Trd, 000064.533, 155
Trd, 000065.367, 155
Trd, 000067.167, 154.0
Trd, 000067.867, 153
Trd, 000068.317, 156.0
Trd, 000068.883, 157
Trd, 000068.917, 158.0
Trd, 000068.950, 155
Trd, 000069.700, 160
Trd, 000069.883, 158
Trd, 000070.017, 157
Trd, 000070.117, 161
Trd, 000070.350, 154
Trd, 000070.417, 165.0
Trd, 000072.433, 151
Trd, 000072.667, 156
Trd, 000072.850, 153
Trd, 000073.550, 151.0
Trd, 000074.183, 141.0
Trd, 000074.617, 156
Trd, 000074.883, 133
Trd, 000075.050, 132
Trd, 000075.417, 141
Trd, 000075.617, 151
Trd, 000075.833, 162.0
Trd, 000077.233, 148.0
Trd, 000079.017, 149
Trd, 000079.217, 150
Trd, 000079.250, 133
Trd, 000079.300, 145
Trd, 000079.933, 148
Trd, 000080.583, 148.0
Trd, 000080.767, 149
Trd, 000080.850, 149
Trd, 000080.933, 147
Trd, 000081.100, 155
Trd, 000081.517, 158.0
Trd, 000081.750, 151
Trd, 000082.167, 165.0
Trd, 000082.433, 168.0
Trd, 000083.183, 159
Trd, 000083.717, 152
Trd, 000084.717, 157
Trd, 000085.167, 158
Trd, 000085.267, 159
Trd, 000085.567, 157
Trd, 000086.417, 148.0
Trd, 000086.667, 156
Trd, 000086.767, 157.0
Trd, 000087.300, 158.0
Trd, 000087.517, 143.0
Trd, 000089.483, 150
Trd, 000089.617, 149
Trd, 000089.667, 151
Trd, 000090.350, 148.0
Trd, 000090.567, 149
Trd, 000091.200, 148
Trd, 000091.633, 151
Trd, 000091.650, 158.0
Trd, 000092.667, 146
Trd, 000092.733, 146
Trd, 000093.067, 155
Trd, 000093.550, 163.0
Trd, 000094.900, 149
Trd, 000095.100, 148.0
Trd, 000095.133, 149
Trd, 000095.600, 148
Trd, 000097.433, 144.0
Trd, 000098.733, 152
Trd, 000099.033, 148
Trd, 000099.450, 149
Trd, 000099.550, 149
Trd, 000099.650, 148
Trd, 000099.900, 150
Trd, 000100.183, 150
Trd, 000100.617, 157
Trd, 000101.000, 163.0
Trd, 000101.100, 147
Trd, 000101.200, 160
Trd, 000101.350, 141.0
Trd, 000103.900, 153
Trd, 000104.200, 152
Trd, 000104.367, 148
Trd, 000105.000, 148
Trd, 000105.017, 152
Trd, 000105.233, 152
Trd, 000106.017, 154
Trd, 000106.183, 148
Trd, 000106.583, 154
Trd, 000107.233, 161
Trd, 000107.717, 151
Trd, 000108.367, 157
Trd, 000108.583, 151
Trd, 000108.883, 158
Trd, 000109.000, 150
Trd, 000109.300, 148.0
Trd, 000109.383, 157.0
Trd, 000109.883, 157.0
Trd, 000110.100, 158.0
Trd, 000111.683, 157
Trd, 000112.200, 154
Trd, 000113.167, 155
Trd, 000113.317, 152.0
Trd, 000113.367, 156
Trd, 000114.917, 166
Trd, 000115.000, 165.0
Trd, 000115.733, 160
Trd, 000116.283, 159
Trd, 000117.233, 159
Trd, 000117.333, 159
Trd, 000117.433, 160
Trd, 000118.033, 158
Trd, 000118.150, 159
Trd, 000118.683, 157
Trd, 000118.750, 148.0
Trd, 000118.833, 141.0
Trd, 000119.367, 145
Trd, 000119.417, 146
Trd, 000119.567, 146
Trd, 000120.083, 117.0
Trd, 000120.617, 128
Trd, 000121.650, 163.0
Trd, 000122.667, 139
Trd, 000122.767, 141.0
Trd, 000124.333, 158.0
Trd, 000124.383, 164.0
Trd, 000124.917, 154
Trd, 000126.317, 148
Trd, 000126.850, 148
Trd, 000127.633, 151
Trd, 000128.050, 152
Trd, 000128.783, 151
Trd, 000129.233, 148
Trd, 000129.967, 148
Trd, 000130.000, 147
Trd, 000130.800, 147
Trd, 000130.833, 141.0
Trd, 000131.400, 145
Trd, 000131.433, 133
Trd, 000131.617, 140
Trd, 000132.533, 140
Trd, 000133.067, 141
Trd, 000133.467, 141.0
Trd, 000133.600, 141
Trd, 000133.717, 148
Trd, 000134.283, 141
Trd, 000134.433, 158.0
Trd, 000135.450, 161.0
Trd, 000137.117, 152
Trd, 000137.233, 148
Trd, 000137.683, 150
Trd, 000138.550, 150
Trd, 000139.000, 150
Trd, 000139.800, 149
Trd, 000140.083, 148
Trd, 000140.283, 143
Trd, 000142.333, 147
Trd, 000142.350, 143.0
Trd, 000142.467, 148
Trd, 000142.500, 148
Trd, 000142.750, 155
Trd, 000144.167, 143
Trd, 000144.883, 146
Trd, 000145.250, 146
Trd, 000145.367, 145.0
Trd, 000145.650, 147
Trd, 000146.600, 145.0
Trd, 000147.317, 147
Trd, 000147.633, 163
Trd, 000147.967, 145
Trd, 000149.133, 150
Trd, 000149.800, 150
Trd, 000150.167, 149
Trd, 000150.717, 151
Trd, 000150.900, 152
Trd, 000150.967, 148.0
Trd, 000151.550, 150
Trd, 000151.800, 153
Trd, 000152.433, 157.0
Trd, 000153.017, 152
Trd, 000153.233, 147
Trd, 000154.167, 150
Trd, 000155.067, 153
Trd, 000155.433, 157.0
Trd, 000155.633, 150
Trd, 000157.050, 157
Trd, 000157.850, 156
Trd, 000158.200, 153
Trd, 000159.283, 155
Trd, 000159.500, 155
Trd, 000160.067, 155
Trd, 000160.083, 156
Trd, 000160.133, 152
Trd, 000160.233, 152
Trd, 000160.667, 151
Trd, 000160.733, 158
Trd, 000162.067, 158.0
Trd, 000162.450, 136
Trd, 000163.017, 137
Trd, 000163.450, 148
Trd, 000164.583, 146
Trd, 000164.650, 148
Trd, 000165.317, 147
Trd, 000165.717, 146
Trd, 000166.033, 145
Trd, 000166.217, 148
Trd, 000166.667, 147
Trd, 000168.183, 149
Trd, 000169.067, 149
Trd, 000169.267, 158.0
Trd, 000169.433, 147
Trd, 000169.950, 146
Trd, 000170.833, 147
Trd, 000171.100, 145.0
Trd, 000171.150, 149
Trd, 000171.500, 159
Trd, 000171.933, 160
Trd, 000172.983, 149
Trd, 000174.150, 153
Trd, 000174.267, 156
Trd, 000175.550, 155.0
Trd, 000176.483, 150.0
Trd, 000176.517, 148.0
Trd, 000176.717, 149
Trd, 000177.383, 152
Trd, 000177.933, 148
Trd, 000178.267, 141.0
Trd, 000179.117, 149
Trd, 000179.200, 158.0
Trd, 000179.333, 133
Trd, 000180.550, 146
Trd, 000180.767, 148
Trd, 000181.150, 150
Trd, 000181.267, 145
Trd, 000182.000, 149
Trd, 000182.083, 150
Trd, 000184.167, 157
Trd, 000184.367, 154
Trd, 000184.900, 154
Trd, 000185.700, 143.0
Trd, 000185.850, 153
Trd, 000186.067, 158.0
Trd, 000186.233, 159
Trd, 000187.567, 157
Trd, 000187.817, 155
Trd, 000188.600, 156
Trd, 000188.617, 151
Trd, 000188.683, 157
Trd, 000188.767, 159.0
Trd, 000189.283, 148.0
Trd, 000189.500, 158.0
Trd, 000189.717, 150
Trd, 000189.933, 158
Trd, 000190.200, 149
Trd, 000191.617, 152
Trd, 000192.433, 151
Trd, 000193.133, 156
Trd, 000193.167, 149
Trd, 000193.700, 147
Trd, 000194.850, 147
Trd, 000195.017, 146
Trd, 000195.833, 146
Trd, 000196.433, 150
Trd, 000196.450, 156
Trd, 000196.633, 158.0
Trd, 000197.350, 168.0
Trd, 000197.550, 146
Trd, 000198.633, 172
Trd, 000198.750, 175
Trd, 000199.433, 174
Trd, 000199.900, 159
Trd, 000200.633, 158
Trd, 000200.867, 161
Trd, 000202.217, 155
Trd, 000202.267, 154
Trd, 000202.700, 155
Trd, 000203.500, 150
Trd, 000203.817, 151
Trd, 000203.900, 150
Trd, 000204.633, 148
Trd, 000205.133, 145.0
Trd, 000205.333, 148
Trd, 000205.783, 146.0
Trd, 000206.067, 141.0
Trd, 000206.850, 144
Trd, 000207.033, 147
Trd, 000207.217, 143
Trd, 000207.333, 149
Trd, 000208.250, 148
Trd, 000208.567, 147
Trd, 000208.700, 138
Trd, 000209.350, 158
Trd, 000209.800, 153
Trd, 000210.000, 158.0
Trd, 000210.250, 135
Trd, 000210.517, 165.0
Trd, 000210.967, 135
Trd, 000212.183, 159
Trd, 000212.483, 151
Trd, 000213.883, 154
Trd, 000214.200, 149
Trd, 000214.667, 151
Trd, 000214.700, 153
Trd, 000215.583, 153
Trd, 000216.600, 149
Trd, 000216.833, 158
Trd, 000217.683, 160
Trd, 000218.333, 159
Trd, 000218.500, 152
Trd, 000218.917, 158
Trd, 000219.367, 160
Trd, 000219.883, 152
Trd, 000220.867, 150
Trd, 000220.883, 151
Trd, 000221.167, 148
Trd, 000221.350, 153
Trd, 000221.783, 155
Trd, 000222.467, 156
Trd, 000223.000, 156
Trd, 000223.017, 154
Trd, 000223.283, 157
Trd, 000223.433, 153
Trd, 000223.733, 134
Trd, 000224.367, 148
Trd, 000225.133, 147
Trd, 000225.750, 148
Trd, 000225.983, 148
Trd, 000226.533, 144
Trd, 000227.767, 146
Trd, 000227.833, 142
Trd, 000228.817, 136
Trd, 000228.967, 144
Trd, 000230.450, 144
Trd, 000230.467, 147
Trd, 000230.933, 148
Trd, 000231.200, 143
Trd, 000232.183, 157.0
Trd, 000232.383, 152
Trd, 000232.583, 145
Trd, 000232.967, 147
Trd, 000232.983, 150
Trd, 000233.633, 148
Trd, 000234.317, 148
Trd, 000234.433, 149
Trd, 000234.483, 158.0
Trd, 000234.500, 145
Trd, 000235.000, 163
Trd, 000235.533, 165.0
Trd, 000235.883, 168.0
Trd, 000236.550, 163
Trd, 000237.250, 143.0
Trd, 000238.200, 141.0
Trd, 000238.850, 150
Trd, 000239.133, 143
Trd, 000239.667, 132
Trd, 000239.783, 141
Trd, 000240.217, 142
Trd, 000240.433, 132.0
Trd, 000240.750, 139
Trd, 000241.133, 140
Trd, 000242.433, 140.0
Trd, 000243.417, 139
Trd, 000243.983, 142
Trd, 000244.517, 150
Trd, 000244.833, 158.0
Trd, 000246.083, 157
Trd, 000246.250, 154
Trd, 000246.533, 155
Trd, 000246.767, 151.0
Trd, 000246.850, 148.0
Trd, 000246.883, 155
Trd, 000247.150, 158
Trd, 000247.783, 165.0
Trd, 000248.750, 162.0
Trd, 000249.367, 162
Trd, 000249.883, 163
Trd, 000250.617, 161.0
Trd, 000251.117, 159.0
Trd, 000251.350, 160
Trd, 000251.450, 158.0
Trd, 000252.783, 156
Trd, 000252.933, 154
Trd, 000253.467, 158
Trd, 000254.517, 151.0
Trd, 000255.100, 155.0
Trd, 000255.283, 147
Trd, 000255.350, 156
Trd, 000256.900, 152
Trd, 000256.917, 151
Trd, 000257.733, 150
Trd, 000257.967, 151
Trd, 000258.200, 150
Trd, 000258.367, 161.0
Trd, 000258.983, 155
Trd, 000259.183, 144
Trd, 000259.850, 152
Trd, 000260.867, 152
Trd, 000261.117, 151
Trd, 000261.283, 154
Trd, 000261.900, 154
Trd, 000262.017, 155
Trd, 000262.267, 161.0
Trd, 000263.000, 159
Trd, 000263.400, 161
Trd, 000264.733, 157
Trd, 000265.267, 156
Trd, 000265.567, 156
Trd, 000265.617, 157.0
Trd, 000265.833, 158
Trd, 000266.567, 155
Trd, 000266.583, 159
Trd, 000266.950, 162.0
Trd, 000267.250, 168.0
Trd, 000268.067, 156
Trd, 000268.433, 167
Trd, 000269.283, 157.0
Trd, 000269.400, 168.0
Trd, 000269.800, 168.0
Trd, 000270.400, 162.0
Trd, 000270.483, 156
Trd, 000271.883, 162.0
Trd, 000272.200, 158.0
Trd, 000272.367, 158
Trd, 000272.433, 164.0
Trd, 000273.333, 162
Trd, 000273.650, 157
Trd, 000274.200, 160
Trd, 000275.133, 148.0
Trd, 000275.233, 147.0
Trd, 000275.467, 141.0
Trd, 000276.183, 148.0
Trd, 000276.467, 147.0
Trd, 000276.567, 148.0
Trd, 000277.317, 146
Trd, 000277.433, 149
Trd, 000278.700, 145
Trd, 000278.967, 151
Trd, 000279.100, 158.0
Trd, 000279.183, 168.0
Trd, 000279.900, 153
Trd, 000280.350, 164.0
Trd, 000280.567, 162.0
Trd, 000280.933, 164.0
Trd, 000281.333, 165.0
Trd, 000281.417, 164
Trd, 000281.750, 166
Trd, 000282.233, 157
Trd, 000282.733, 158
Trd, 000282.767, 156.0
Trd, 000283.117, 160
Trd, 000283.417, 160
Trd, 000283.833, 156
Trd, 000283.983, 161
Trd, 000284.750, 156
Trd, 000284.833, 155
Trd, 000285.350, 156
Trd, 000285.533, 155
Trd, 000285.850, 158
Trd, 000286.800, 155
Trd, 000287.033, 156
Trd, 000287.167, 155
Trd, 000287.217, 155
Trd, 000289.117, 149.0
Trd, 000289.233, 155
Trd, 000290.183, 151.0
Trd, 000291.083, 151
Trd, 000291.333, 152
Trd, 000291.383, 148.0
Trd, 000291.633, 153
Trd, 000291.967, 148
Trd, 000292.333, 154
Trd, 000292.517, 158.0
Trd, 000293.167, 157
Trd, 000293.717, 155
Trd, 000294.200, 155
Trd, 000295.433, 152
Trd, 000295.467, 150
Trd, 000295.833, 153
Trd, 000296.783, 152
Trd, 000296.833, 151
Trd, 000297.050, 150
Trd, 000297.700, 151.0
Trd, 000297.917, 152
Trd, 000298.167, 152
Trd, 000298.417, 155
Trd, 000298.500, 148.0
Trd, 000299.567, 149
