Trd, 000001.617, 135
Trd, 000002.283, 139
Trd, 000003.067, 147
Trd, 000003.433, 158
Trd, 000003.850, 143
Trd, 000003.867, 137.0
Trd, 000003.983, 148.0
Trd, 000004.683, 159
Trd, 000004.783, 158
Trd, 000004.917, 142.0
Trd, 000006.367, 164.0
Trd, 000006.567, 152
Trd, 000006.683, 143
Trd, 000007.633, 146.0
Trd, 000007.850, 144
Trd, 000009.350, 144
Trd, 000010.000, 147
Trd, 000010.433, 148.0
Trd, 000010.900, 151.0
Trd, 000011.400, 144
Trd, 000011.433, 158
Trd, 000012.033, 143
Trd, 000012.417, 141.0
Trd, 000012.817, 147.0
Trd, 000013.083, 148.0
Trd, 000013.667, 151.0
Trd, 000013.700, 137.0
Trd, 000013.833, 164
Trd, 000014.383, 154
Trd, 000014.567, 131.0
Trd, 000015.033, 138
Trd, 000015.583, 152
Trd, 000017.050, 143
Trd, 000017.517, 145
Trd, 000017.567, 148.0
Trd, 000017.633, 145
Trd, 000019.683, 148
Trd, 000019.850, 149
Trd, 000020.600, 150
Trd, 000020.783, 150.0
Trd, 000021.117, 151.0
Trd, 000021.467, 164
Trd, 000021.483, 142.0
Trd, 000021.700, 146
Trd, 000021.883, 168.0
Trd, 000022.817, 145
Trd, 000023.667, 149
Trd, 000023.833, 144.0
Trd, 000024.117, 151.0
Trd, 000024.167, 162
Trd, 000024.683, 144.0
Trd, 000024.700, 141.0
Trd, 000024.733, 137.0
Trd, 000025.350, 162.0
Trd, 000025.967, 141.0
Trd, 000026.783, 168.0
Trd, 000027.450, 148.0
Trd, 000027.567, 168.0
Trd, 000027.717, 176
Trd, 000028.867, 164.0
Trd, 000029.100, 162.0
Trd, 000029.117, 158.0
Trd, 000029.250, 165.0
Trd, 000030.117, 157
Trd, 000031.467, 162
Trd, 000031.683, 156
Trd, 000032.283, 160
Trd, 000033.300, 159
Trd, 000033.417, 157
Trd, 000033.433, 156
Trd, 000033.500, 160
Trd, 000034.083, 162
Trd, 000034.333, 156
Trd, 000034.533, 141.0
Trd, 000035.567, 151
Trd, 000036.317, 150
Trd, 000036.533, 163
Trd, 000036.683, 150
Trd, 000036.783, 165.0
Trd, 000036.900, 141.0
Trd, 000037.617, 168.0
Trd, 000039.017, 149
Trd, 000039.383, 148
Trd, 000040.350, 157.0
Trd, 000040.933, 161
Trd, 000041.367, 162
Trd, 000041.717, 162
Trd, 000042.033, 153
Trd, 000042.267, 153
Trd, 000043.017, 160
Trd, 000043.867, 161
Trd, 000044.300, 159
Trd, 000044.483, 158.0
Trd, 000044.550, 141.0
Trd, 000044.983, 154
Trd, 000045.817, 148.0
Trd, 000046.050, 150.0
Trd, 000046.517, 151.0
Trd, 000046.767, 140.0
Trd, 000047.650, 149
Trd, 000047.700, 153
Trd, 000049.050, 149
Trd, 000049.350, 162
Trd, 000049.917, 152
Trd, 000050.283, 163.0
Trd, 000050.550, 165.0
Trd, 000051.067, 168.0
Trd, 000051.717, 151
Trd, 000052.033, 151
Trd, 000052.217, 153
Trd, 000052.600, 167
Trd, 000052.967, 150
Trd, 000053.183, 167
Trd, 000054.917, 148.0
Trd, 000056.167, 151
Trd, 000056.300, 150
Trd, 000056.433, 141.0
Trd, 000057.583, 146
Trd, 000057.733, 141.0
Trd, 000057.883, 160
Trd, 000058.767, 156
Trd, 000059.467, 163.0
Trd, 000059.533, 162.0
Trd, 000059.750, 162.0
Trd, 000060.183, 161
Trd, 000061.117, 160.0
Trd, 000061.700, 165.0
Trd, 000062.250, 163
Trd, 000062.567, 164
Trd, 000063.000, 151
Trd, 000063.033, 153
Trd, 000063.650, 150
Trd, 000063.850, 137.0
Trd, 000064.983, 149
Trd, 000065.450, 155
Trd, 000066.267, 132.0
Trd, 000066.383, 145
Trd, 000066.617, 143
Trd, 000066.650, 148
Trd, 000067.017, 140
Trd, 000067.883, 151.0
Trd, 000068.683, 162
Trd, 000068.833, 148
Trd, 000069.033, 147
Trd, 000070.467, 163.0
Trd, 000070.567, 162.0
Trd, 000070.767, 165.0
Trd, 000070.933, 152
Trd, 000071.600, 152
Trd, 000072.033, 145
Trd, 000072.383, 146
Trd, 000072.683, 157
Trd, 000073.467, 144.0
Trd, 000074.217, 143.0
Trd, 000074.950, 165.0
Trd, 000075.350, 161
Trd, 000075.367, 148
Trd, 000075.833, 142.0
Trd, 000075.967, 141.0
Trd, 000077.350, 151.0
Trd, 000078.000, 162
Trd, 000079.050, 148.0
Trd, 000079.183, 144.0
Trd, 000079.300, 162
Trd, 000079.567, 155
Trd, 000080.833, 149
Trd, 000081.167, 164
Trd, 000081.733, 164
Trd, 000082.067, 148.0
Trd, 000082.933, 150
Trd, 000083.750, 163
Trd, 000084.350, 152
Trd, 000084.450, 157
Trd, 000084.683, 164
Trd, 000084.833, 154
Trd, 000084.917, 164
Trd, 000085.183, 152
Trd, 000085.833, 150
Trd, 000086.067, 159
Trd, 000086.200, 168.0
Trd, 000086.850, 163.0
Trd, 000086.933, 162.0
Trd, 000086.983, 158.0
Trd, 000088.050, 148.0
Trd, 000088.700, 150.0
Trd, 000088.983, 151.0
Trd, 000089.600, 165.0
Trd, 000092.200, 163
Trd, 000092.350, 168.0
Trd, 000092.683, 154
Trd, 000093.167, 152
Trd, 000094.017, 163
Trd, 000094.233, 162.0
Trd, 000094.800, 159.0
Trd, 000094.883, 161
Trd, 000095.200, 162
Trd, 000095.517, 162
Trd, 000095.600, 158.0
Trd, 000096.700, 172.0
Trd, 000097.383, 157
Trd, 000097.850, 150
Trd, 000098.033, 137.0
Trd, 000099.100, 148.0
Trd, 000100.167, 165.0
Trd, 000100.567, 162.0
Trd, 000100.617, 174
Trd, 000100.650, 150
Trd, 000102.533, 151
Trd, 000102.583, 163
Trd, 000102.800, 151
Trd, 000103.267, 164
Trd, 000103.283, 165.0
Trd, 000103.550, 150
Trd, 000103.650, 162.0
Trd, 000103.750, 164
Trd, 000104.350, 177.0
Trd, 000104.483, 150
Trd, 000104.850, 150
Trd, 000106.233, 176
Trd, 000107.283, 150
Trd, 000107.333, 165.0
Trd, 000107.483, 149
Trd, 000108.983, 163
Trd, 000110.150, 161
Trd, 000110.200, 150
Trd, 000110.217, 162
Trd, 000110.500, 162
Trd, 000110.767, 160
Trd, 000111.283, 150
Trd, 000112.250, 168.0
Trd, 000112.483, 154
Trd, 000112.883, 155
Trd, 000113.767, 165
Trd, 000114.150, 154
Trd, 000114.367, 154
Trd, 000114.883, 154
Trd, 000116.267, 162.0
Trd, 000117.250, 164
Trd, 000117.317, 164
Trd, 000118.517, 165
Trd, 000118.533, 159.0
Trd, 000119.067, 158.0
Trd, 000119.717, 157
Trd, 000119.733, 156
Trd, 000120.133, 150
Trd, 000121.150, 161
Trd, 000121.250, 165
Trd, 000121.817, 165.0
Trd, 000121.933, 154
Trd, 000122.350, 153
Trd, 000122.683, 165
Trd, 000122.800, 168.0
Trd, 000123.200, 141.0
Trd, 000125.183, 162.0
Trd, 000125.650, 163
Trd, 000126.100, 165.0
Trd, 000127.150, 152
Trd, 000127.350, 165
Trd, 000128.217, 162.0
Trd, 000129.117, 158
Trd, 000129.450, 157
Trd, 000129.767, 158
Trd, 000130.083, 150
Trd, 000130.833, 164
Trd, 000131.367, 141.0
Trd, 000131.783, 140.0
Trd, 000132.067, 159
Trd, 000132.750, 148.0
Trd, 000133.150, 160
Trd, 000133.417, 156
Trd, 000134.017, 167.0
Trd, 000135.233, 150
Trd, 000136.733, 160
Trd, 000136.900, 151
Trd, 000136.967, 150
Trd, 000136.983, 150
Trd, 000138.167, 153
Trd, 000138.383, 150
Trd, 000139.467, 148
Trd, 000139.900, 133.0
Trd, 000140.150, 144
Trd, 000140.417, 158
Trd, 000140.950, 162
Trd, 000141.233, 168.0
Trd, 000142.550, 158
Trd, 000142.717, 155
Trd, 000142.833, 177
Trd, 000142.867, 179.0
Trd, 000144.267, 138
Trd, 000144.767, 145
Trd, 000145.067, 138.0
Trd, 000145.450, 146
Trd, 000145.550, 140.0
Trd, 000145.783, 165.0
Trd, 000145.850, 168.0
Trd, 000146.817, 148.0
Trd, 000147.500, 144.0
Trd, 000147.733, 151.0
Trd, 000147.800, 142.0
Trd, 000148.417, 165
Trd, 000148.617, 168.0
Trd, 000149.067, 178
Trd, 000149.450, 150
Trd, 000149.850, 148.0
Trd, 000151.133, 146
Trd, 000151.300, 145
Trd, 000152.350, 152
Trd, 000152.417, 153
Trd, 000152.683, 148.0
Trd, 000152.800, 146.0
Trd, 000153.550, 148
Trd, 000153.717, 141.0
Trd, 000154.483, 145
Trd, 000154.633, 148
Trd, 000155.517, 146
Trd, 000155.983, 144
Trd, 000156.100, 161
Trd, 000156.333, 162
Trd, 000156.867, 143
Trd, 000157.383, 137.0
Trd, 000159.117, 148.0
Trd, 000159.267, 141
Trd, 000160.233, 150
Trd, 000160.617, 141.0
Trd, 000160.733, 146
Trd, 000161.350, 142
Trd, 000162.267, 144
Trd, 000162.283, 146
Trd, 000162.300, 148.0
Trd, 000162.317, 142
Trd, 000162.600, 151.0
Trd, 000163.383, 141.0
Trd, 000163.517, 137.0
Trd, 000164.867, 144
Trd, 000165.083, 153
Trd, 000165.200, 163
Trd, 000167.500, 163.0
Trd, 000167.583, 164.0
Trd, 000168.633, 168.0
Trd, 000168.833, 158.0
Trd, 000169.217, 162.0
Trd, 000169.250, 155
Trd, 000169.383, 151
Trd, 000170.167, 151
Trd, 000170.333, 164
Trd, 000170.900, 153
Trd, 000171.200, 153
Trd, 000172.617, 153
Trd, 000172.750, 161.0
Trd, 000173.467, 153
Trd, 000173.750, 125
Trd, 000173.883, 123
Trd, 000174.133, 145
Trd, 000174.717, 151.0
Trd, 000175.867, 144
Trd, 000176.183, 152
Trd, 000176.283, 145
Trd, 000177.317, 158
Trd, 000178.033, 152
Trd, 000178.467, 160
Trd, 000178.883, 162
Trd, 000179.650, 162.0
Trd, 000179.683, 156
Trd, 000179.817, 155
Trd, 000180.417, 164.0
Trd, 000181.350, 154
Trd, 000181.417, 150
Trd, 000181.833, 162.0
Trd, 000181.933, 158
Trd, 000182.300, 144
Trd, 000183.283, 148
Trd, 000183.417, 138.0
Trd, 000184.217, 151
Trd, 000185.000, 152
Trd, 000185.117, 151
Trd, 000185.867, 151
Trd, 000186.250, 151
Trd, 000186.483, 164
Trd, 000186.733, 165.0
Trd, 000187.367, 154
Trd, 000188.050, 154
Trd, 000188.533, 157
Trd, 000189.567, 163
Trd, 000189.817, 168.0
Trd, 000190.083, 162.0
Trd, 000190.167, 150
Trd, 000190.600, 162
Trd, 000190.733, 142.0
Trd, 000190.883, 141.0
Trd, 000191.417, 149
Trd, 000192.683, 156
Trd, 000193.350, 155
Trd, 000193.783, 157
Trd, 000193.917, 159
Trd, 000195.450, 153
Trd, 000195.800, 158
Trd, 000195.950, 154
Trd, 000196.283, 153
Trd, 000196.483, 153
Trd, 000196.983, 162
Trd, 000197.117, 165.0
Trd, 000197.167, 150
Trd, 000197.917, 144
Trd, 000198.000, 162
Trd, 000198.200, 141.0
Trd, 000199.667, 148
Trd, 000200.083, 160
Trd, 000200.800, 148.0
Trd, 000201.350, 147
Trd, 000202.500, 147
Trd, 000202.533, 155
Trd, 000202.800, 155
Trd, 000204.300, 151
Trd, 000205.750, 157
Trd, 000206.000, 164
Trd, 000206.400, 146
Trd, 000206.867, 148.0
Trd, 000206.933, 147
Trd, 000209.067, 151
Trd, 000209.217, 150
Trd, 000209.367, 162
Trd, 000209.617, 162
Trd, 000210.083, 165.0
Trd, 000210.633, 178
Trd, 000211.150, 163
Trd, 000211.533, 169
Trd, 000211.583, 162
Trd, 000212.933, 157
Trd, 000213.933, 150
Trd, 000214.117, 141.0
Trd, 000214.433, 163
Trd, 000214.867, 150
Trd, 000215.067, 165
Trd, 000215.617, 165
Trd, 000215.833, 165
Trd, 000217.467, 162.0
Trd, 000217.633, 163
Trd, 000218.683, 165.0
Trd, 000219.117, 168.0
Trd, 000219.700, 160
Trd, 000219.933, 158
Trd, 000220.100, 139.0
Trd, 000220.967, 164.0
Trd, 000221.167, 162.0
Trd, 000222.183, 164
Trd, 000222.583, 165
Trd, 000224.150, 173
Trd, 000225.200, 158.0
Trd, 000225.483, 158
Trd, 000225.533, 150
Trd, 000226.050, 143.0
Trd, 000226.150, 165.0
Trd, 000226.350, 162.0
Trd, 000226.583, 163
Trd, 000226.783, 144.0
Trd, 000226.800, 162
Trd, 000227.067, 161
Trd, 000229.067, 162
Trd, 000229.650, 168.0
Trd, 000229.667, 148.0
Trd, 000230.183, 147.0
Trd, 000230.417, 144.0
Trd, 000231.700, 162.0
Trd, 000232.083, 151
Trd, 000232.400, 148
Trd, 000232.750, 144
Trd, 000233.533, 161
Trd, 000233.683, 162
Trd, 000234.000, 142.0
Trd, 000234.083, 148.0
Trd, 000234.667, 144
Trd, 000235.283, 162.0
Trd, 000235.517, 155
Trd, 000235.883, 150
Trd, 000238.267, 149.0
Trd, 000239.100, 149.0
Trd, 000239.250, 151.0
Trd, 000239.483, 150
Trd, 000239.683, 148
Trd, 000239.783, 151
Trd, 000239.850, 165.0
Trd, 000240.250, 163
Trd, 000241.000, 166.0
Trd, 000241.233, 150
Trd, 000241.450, 151
Trd, 000241.483, 150
Trd, 000241.667, 152
Trd, 000242.100, 150
Trd, 000242.733, 149
Trd, 000243.117, 142.0
Trd, 000243.700, 147
Trd, 000243.800, 141.0
Trd, 000244.367, 147
Trd, 000244.633, 147.0
Trd, 000244.700, 148.0
Trd, 000244.800, 146
Trd, 000244.917, 155.0
Trd, 000245.317, 144
Trd, 000246.383, 155
Trd, 000246.717, 153
Trd, 000247.217, 154
Trd, 000247.767, 157.0
Trd, 000247.800, 158.0
Trd, 000248.317, 155.0
Trd, 000248.850, 152.0
Trd, 000249.100, 152
Trd, 000249.350, 154
Trd, 000249.600, 155
Trd, 000250.233, 148.0
Trd, 000250.383, 151
Trd, 000251.183, 150
Trd, 000251.717, 151
Trd, 000251.983, 149
Trd, 000252.150, 144.0
Trd, 000252.850, 149
Trd, 000253.650, 148.0
Trd, 000253.767, 151.0
Trd, 000254.050, 148
Trd, 000254.133, 145
Trd, 000255.167, 149
Trd, 000255.433, 147
Trd, 000255.567, 147
Trd, 000256.133, 148
Trd, 000256.667, 144.0
Trd, 000256.883, 150
Trd, 000256.967, 139.0
Trd, 000257.317, 151.0
Trd, 000257.700, 148.0
Trd, 000257.800, 151.0
Trd, 000258.867, 149
Trd, 000258.933, 150.0
Trd, 000259.450, 151.0
Trd, 000259.583, 148.0
Trd, 000260.900, 151
Trd, 000261.200, 153
Trd, 000261.833, 152
Trd, 000261.933, 151
Trd, 000262.383, 151
Trd, 000263.133, 153.0
Trd, 000263.383, 150
Trd, 000263.667, 155.0
Trd, 000263.783, 158.0
Trd, 000264.433, 144.0
Trd, 000264.817, 148.0
Trd, 000264.883, 149
Trd, 000264.917, 155
Trd, 000265.217, 147
Trd, 000265.333, 161.0
Trd, 000265.850, 141
Trd, 000266.433, 158.0
Trd, 000267.233, 151
Trd, 000267.450, 153
Trd, 000268.450, 150
Trd, 000268.967, 150
Trd, 000269.100, 155
Trd, 000269.367, 151
Trd, 000270.600, 149
Trd, 000270.750, 148.0
Trd, 000270.967, 153.0
Trd, 000271.367, 142.0
Trd, 000272.017, 147.0
Trd, 000272.183, 151
Trd, 000272.717, 154.0
Trd, 000273.350, 155.0
Trd, 000273.900, 158.0
Trd, 000274.083, 151
Trd, 000274.533, 160
Trd, 000274.667, 155
Trd, 000275.367, 162
Trd, 000275.450, 155
Trd, 000276.183, 154
Trd, 000276.500, 150
Trd, 000276.867, 157.0
Trd, 000277.250, 162
Trd, 000277.483, 164.0
Trd, 000277.683, 165.0
Trd, 000278.200, 156
Trd, 000279.000, 157
Trd, 000279.183, 156
Trd, 000279.567, 153
Trd, 000279.650, 150
Trd, 000279.750, 161
Trd, 000281.350, 164
Trd, 000281.417, 168.0
Trd, 000281.733, 162.0
Trd, 000282.133, 159.0
Trd, 000282.583, 158.0
Trd, 000282.667, 165.0
Trd, 000283.450, 154.0
Trd, 000283.600, 145.0
Trd, 000283.633, 144.0
Trd, 000283.933, 152
Trd, 000284.650, 144.0
Trd, 000284.833, 137.0
Trd, 000284.950, 153
Trd, 000285.200, 155.0
Trd, 000285.233, 142.0
Trd, 000286.100, 154
Trd, 000286.333, 160
Trd, 000286.500, 158.0
Trd, 000287.450, 165.0
Trd, 000287.567, 147
Trd, 000287.633, 146
Trd, 000288.150, 162.0
Trd, 000288.617, 148
Trd, 000289.217, 153
Trd, 000289.367, 150
Trd, 000289.567, 154
Trd, 000291.683, 144.0
Trd, 000292.150, 142.0
Trd, 000292.650, 148.0
Trd, 000292.717, 150
Trd, 000292.950, 143.0
Trd, 000293.317, 142
Trd, 000293.350, 155.0
Trd, 000293.633, 141.0
Trd, 000293.783, 148.0
Trd, 000293.800, 138.0
Trd, 000294.150, 152
Trd, 000294.767, 144
Trd, 000294.883, 143
Trd, 000295.117, 157.0
Trd, 000295.933, 156.0
Trd, 000296.000, 158.0
Trd, 000296.767, 144.0
Trd, 000297.567, 141.0
Trd, 000297.600, 137.0
Trd, 000298.483, 140
Trd, 000298.917, 143
Trd, 000299.550, 141
Trd, 000299.617, 140
Trd, 000299.750, 146
