Trd, 000001.217, 144
Trd, 000002.750, 144.0
Trd, 000003.133, 162
Trd, 000005.233, 155.0
Trd, 000005.750, 159
Trd, 000007.033, 154
Trd, 000007.617, 150
Trd, 000007.950, 145.0
Trd, 000009.700, 149
Trd, 000009.917, 151
Trd, 000009.933, 152
Trd, 000010.067, 152
Trd, 000010.333, 158
Trd, 000010.800, 148
Trd, 000011.650, 145
Trd, 000011.767, 144.0
Trd, 000012.383, 140
Trd, 000012.567, 150
Trd, 000013.167, 139
Trd, 000013.267, 151
Trd, 000013.283, 152
Trd, 000014.450, 150
Trd, 000014.767, 150
Trd, 000015.417, 143
Trd, 000016.250, 150
Trd, 000017.633, 146
Trd, 000018.300, 145
Trd, 000018.500, 146
Trd, 000018.917, 145
Trd, 000019.350, 146
Trd, 000019.633, 144.0
Trd, 000020.400, 146
Trd, 000020.767, 158
Trd, 000022.067, 149
Trd, 000023.250, 148.0
Trd, 000023.883, 149
Trd, 000024.100, 150
Trd, 000024.183, 148
Trd, 000024.900, 147
Trd, 000025.433, 148
Trd, 000025.883, 147
Trd, 000026.283, 149
Trd, 000028.000, 144.0
Trd, 000028.350, 158
Trd, 000030.183, 149
Trd, 000030.267, 146
Trd, 000030.383, 145
Trd, 000030.717, 148
Trd, 000032.067, 148
Trd, 000032.883, 145
Trd, 000033.067, 145
Trd, 000033.117, 148
Trd, 000033.483, 147
Trd, 000033.800, 144
Trd, 000033.833, 144.0
Trd, 000035.383, 148
Trd, 000035.700, 144
Trd, 000038.400, 142
Trd, 000039.700, 140
Trd, 000040.083, 139
Trd, 000040.367, 141
Trd, 000040.833, 140
Trd, 000040.883, 139
Trd, 000041.817, 139
Trd, 000042.750, 139
Trd, 000043.250, 138
Trd, 000043.317, 151
Trd, 000044.483, 137
Trd, 000044.500, 144
Trd, 000044.517, 137.0
Trd, 000045.817, 156
Trd, 000046.433, 150
Trd, 000047.533, 148.0
Trd, 000048.017, 145
Trd, 000048.583, 147.0
Trd, 000049.017, 146
Trd, 000050.167, 150
Trd, 000050.500, 150
Trd, 000050.733, 151
Trd, 000050.900, 152
Trd, 000051.800, 152
Trd, 000051.900, 158
Trd, 000052.667, 147
Trd, 000053.633, 158
Trd, 000054.533, 148.0
Trd, 000055.333, 165.0
Trd, 000055.500, 168.0
Trd, 000055.767, 153
Trd, 000056.433, 150
Trd, 000057.667, 156
Trd, 000058.833, 151
Trd, 000059.517, 152
Trd, 000059.817, 149
Trd, 000059.867, 152
Trd, 000060.567, 148.0
Trd, 000060.717, 151
Trd, 000061.483, 144.0
Trd, 000062.400, 148
Trd, 000063.383, 146
Trd, 000063.767, 144
Trd, 000064.150, 145
Trd, 000064.183, 146
Trd, 000064.633, 149
Trd, 000065.267, 145
Trd, 000066.433, 145
Trd, 000066.850, 146
Trd, 000067.333, 148
Trd, 000067.383, 144
Trd, 000068.767, 146
Trd, 000069.467, 144
Trd, 000070.167, 144
Trd, 000070.333, 151
Trd, 000071.600, 146
Trd, 000071.900, 145
Trd, 000072.367, 155
Trd, 000072.400, 158
Trd, 000073.550, 148
Trd, 000073.867, 149
Trd, 000074.917, 148
Trd, 000075.667, 149
Trd, 000075.700, 151
Trd, 000075.817, 168.0
Trd, 000076.017, 146
Trd, 000076.283, 145
Trd, 000076.500, 144
Trd, 000077.900, 144
Trd, 000078.017, 153
Trd, 000079.267, 155.0
Trd, 000080.117, 154
Trd, 000080.283, 150
Trd, 000081.483, 148
Trd, 000081.767, 148.0
Trd, 000082.000, 146
Trd, 000082.433, 147
Trd, 000083.683, 147
Trd, 000083.717, 144.0
Trd, 000084.517, 147
Trd, 000085.417, 145
Trd, 000085.667, 144
Trd, 000086.583, 150
Trd, 000086.850, 151
Trd, 000088.117, 153
Trd, 000088.167, 146
Trd, 000089.900, 150
Trd, 000089.967, 148.0
Trd, 000090.083, 151
Trd, 000091.450, 148
Trd, 000091.800, 147
Trd, 000092.517, 146
Trd, 000093.733, 145
Trd, 000094.150, 145.0
Trd, 000094.667, 144.0
Trd, 000095.183, 146
Trd, 000095.367, 148
Trd, 000095.650, 150
Trd, 000096.233, 150
Trd, 000096.817, 144
Trd, 000096.867, 150
Trd, 000096.917, 144
Trd, 000096.950, 151
Trd, 000097.217, 165.0
Trd, 000098.183, 153
Trd, 000098.200, 143
Trd, 000098.383, 143
Trd, 000100.333, 145
Trd, 000101.600, 152
Trd, 000101.900, 150
Trd, 000103.333, 153
Trd, 000103.817, 152
Trd, 000104.617, 153
Trd, 000104.883, 147
Trd, 000105.933, 146
Trd, 000106.233, 148
Trd, 000107.467, 146
Trd, 000108.250, 149
Trd, 000108.267, 158
Trd, 000110.633, 149
Trd, 000110.867, 145
Trd, 000111.317, 148
Trd, 000111.750, 147
Trd, 000112.333, 150
Trd, 000112.783, 145
Trd, 000113.467, 147
Trd, 000114.317, 144
Trd, 000114.867, 144.0
Trd, 000115.283, 146
Trd, 000115.383, 146
Trd, 000116.017, 158
Trd, 000117.817, 147
Trd, 000117.967, 148
Trd, 000118.650, 144.0
Trd, 000118.833, 151
Trd, 000118.900, 149
Trd, 000120.333, 143
Trd, 000121.050, 148
Trd, 000121.083, 145
Trd, 000122.817, 148
Trd, 000122.950, 149
Trd, 000123.567, 148.0
Trd, 000124.000, 146
Trd, 000124.283, 144.0
Trd, 000124.633, 150
Trd, 000124.983, 144
Trd, 000125.800, 150
Trd, 000126.117, 144
Trd, 000126.617, 149
Trd, 000127.317, 140
Trd, 000127.733, 138
Trd, 000128.267, 140
Trd, 000128.400, 150
Trd, 000128.667, 150
Trd, 000129.433, 137.0
Trd, 000129.917, 151
Trd, 000130.867, 158
Trd, 000131.750, 159
Trd, 000132.267, 155.0
Trd, 000132.300, 152
Trd, 000132.800, 152
Trd, 000133.333, 155
Trd, 000133.350, 150
Trd, 000133.717, 155.0
Trd, 000133.850, 148.0
Trd, 000135.150, 150
Trd, 000135.533, 151.0
Trd, 000135.817, 151
Trd, 000137.683, 145
Trd, 000138.283, 137.0
Trd, 000138.333, 143
Trd, 000138.883, 151
Trd, 000139.083, 139
Trd, 000140.000, 145
Trd, 000140.200, 155
Trd, 000140.217, 138
Trd, 000140.267, 158
Trd, 000141.567, 161
Trd, 000141.667, 160
Trd, 000143.667, 144
Trd, 000144.050, 148
Trd, 000144.117, 149
Trd, 000144.417, 147
Trd, 000145.767, 146
Trd, 000146.533, 145
Trd, 000146.800, 144
Trd, 000146.867, 147
Trd, 000148.317, 146
Trd, 000149.283, 140
Trd, 000150.650, 143
Trd, 000150.700, 144
Trd, 000150.933, 150
Trd, 000151.050, 142
Trd, 000151.167, 151
Trd, 000152.983, 144.0
Trd, 000153.300, 145
Trd, 000153.467, 153
Trd, 000153.733, 160
Trd, 000153.783, 142
Trd, 000154.850, 144.0
Trd, 000154.967, 148
Trd, 000155.683, 149
Trd, 000155.733, 150
Trd, 000157.317, 148
Trd, 000158.367, 148
Trd, 000158.667, 146
Trd, 000158.967, 148
Trd, 000159.633, 149
Trd, 000160.300, 151
Trd, 000160.833, 145
Trd, 000160.983, 144.0
Trd, 000162.083, 147
Trd, 000162.117, 146
Trd, 000162.600, 147
Trd, 000163.267, 160.0
Trd, 000163.383, 165.0
Trd, 000165.267, 148
Trd, 000165.833, 153
Trd, 000166.933, 153
Trd, 000167.700, 149
Trd, 000168.317, 147
Trd, 000168.333, 151
Trd, 000168.950, 151
Trd, 000170.433, 154
Trd, 000170.533, 153
Trd, 000171.083, 153
Trd, 000171.367, 148
Trd, 000172.333, 149
Trd, 000172.383, 148.0
Trd, 000172.800, 149
Trd, 000173.700, 149
Trd, 000174.500, 152
Trd, 000174.717, 158
Trd, 000175.450, 148
Trd, 000175.483, 148
Trd, 000176.733, 155
Trd, 000177.750, 154
Trd, 000178.000, 149
Trd, 000178.217, 153
Trd, 000178.583, 154
Trd, 000179.517, 155
Trd, 000179.533, 148.0
Trd, 000183.300, 149
Trd, 000183.817, 148
Trd, 000183.867, 150
Trd, 000183.983, 153
Trd, 000185.467, 149
Trd, 000185.717, 148.0
Trd, 000186.900, 147
Trd, 000187.083, 147
Trd, 000187.300, 147
Trd, 000187.717, 148
Trd, 000187.750, 146
Trd, 000188.567, 150
Trd, 000189.650, 149
Trd, 000189.767, 145
Trd, 000190.000, 144
Trd, 000190.233, 150
Trd, 000190.567, 151
Trd, 000191.200, 144
Trd, 000191.300, 144.0
Trd, 000191.667, 144.0
Trd, 000192.133, 150
Trd, 000192.833, 143
Trd, 000192.967, 150
Trd, 000195.500, 150
Trd, 000195.567, 151
Trd, 000196.633, 148
Trd, 000197.267, 148
Trd, 000197.300, 146
Trd, 000197.533, 144
Trd, 000197.617, 150
Trd, 000197.750, 158
Trd, 000198.367, 143
Trd, 000198.600, 152
Trd, 000200.950, 145
Trd, 000200.983, 144.0
Trd, 000201.850, 145
Trd, 000202.783, 145
Trd, 000202.800, 151
Trd, 000205.667, 149
Trd, 000205.867, 148
Trd, 000206.500, 148.0
Trd, 000206.883, 148
Trd, 000207.133, 147
Trd, 000207.650, 146
Trd, 000207.767, 147
Trd, 000208.400, 146
Trd, 000209.400, 148
Trd, 000210.200, 147.0
Trd, 000210.217, 149
Trd, 000211.367, 146
Trd, 000214.050, 145
Trd, 000214.150, 146
Trd, 000215.350, 145.0
Trd, 000215.717, 145
Trd, 000215.750, 144.0
Trd, 000217.050, 144
Trd, 000217.733, 146
Trd, 000218.267, 156
Trd, 000218.683, 147
Trd, 000219.300, 145
Trd, 000220.233, 145.0
Trd, 000220.333, 151
Trd, 000221.517, 148
Trd, 000222.200, 145
Trd, 000223.367, 144.0
Trd, 000224.400, 144
Trd, 000224.550, 143
Trd, 000225.417, 146
Trd, 000226.083, 143
Trd, 000226.117, 142
Trd, 000226.517, 146
Trd, 000226.833, 151
Trd, 000227.200, 144.0
Trd, 000227.367, 140
Trd, 000228.017, 154
Trd, 000228.800, 147
Trd, 000229.183, 148
Trd, 000230.267, 155.0
Trd, 000230.333, 157
Trd, 000230.383, 152
Trd, 000230.600, 151
Trd, 000231.717, 151
Trd, 000232.050, 150
Trd, 000232.300, 144.0
Trd, 000232.517, 144
Trd, 000232.633, 141
Trd, 000234.750, 145
Trd, 000234.950, 145
Trd, 000235.733, 142
Trd, 000235.883, 137
Trd, 000236.283, 143
Trd, 000237.200, 141
Trd, 000238.100, 142
Trd, 000238.467, 146
Trd, 000239.017, 151
Trd, 000239.050, 165.0
Trd, 000240.450, 150.0
Trd, 000241.167, 150
Trd, 000241.217, 149
Trd, 000241.383, 148.0
Trd, 000241.717, 150
Trd, 000241.817, 151
Trd, 000242.750, 149
Trd, 000242.983, 146
Trd, 000243.050, 149
Trd, 000243.167, 148
Trd, 000243.933, 144.0
Trd, 000244.533, 140
Trd, 000244.600, 137.0
Trd, 000244.950, 144.0
Trd, 000245.150, 148
Trd, 000245.817, 147
Trd, 000246.000, 149
Trd, 000246.083, 151
Trd, 000247.200, 158.0
Trd, 000247.317, 158
Trd, 000247.933, 155.0
Trd, 000248.300, 155
Trd, 000248.317, 159.0
Trd, 000248.450, 153
Trd, 000248.550, 151
Trd, 000248.583, 150.0
Trd, 000248.717, 157
Trd, 000249.500, 153
Trd, 000249.950, 153
Trd, 000251.133, 152
Trd, 000251.767, 155
Trd, 000252.100, 154
Trd, 000253.100, 157
Trd, 000254.450, 154
Trd, 000254.500, 152
Trd, 000254.783, 151
Trd, 000255.333, 155
Trd, 000255.417, 159
Trd, 000255.683, 153
Trd, 000256.417, 145
Trd, 000256.567, 151.0
Trd, 000257.283, 144.0
Trd, 000257.900, 148.0
Trd, 000258.183, 148
Trd, 000258.317, 145
Trd, 000259.500, 158.0
Trd, 000259.633, 162.0
Trd, 000260.383, 159.0
Trd, 000260.833, 155.0
Trd, 000261.767, 154
Trd, 000261.817, 156
Trd, 000261.983, 152
Trd, 000262.750, 154
Trd, 000263.433, 151
Trd, 000263.517, 155
Trd, 000263.717, 148.0
Trd, 000264.300, 148.0
Trd, 000264.333, 153
Trd, 000265.317, 153
Trd, 000266.150, 155
Trd, 000267.033, 155
Trd, 000267.367, 155
Trd, 000267.667, 156
Trd, 000268.200, 152
Trd, 000268.450, 149
Trd, 000268.717, 148.0
Trd, 000269.200, 150
Trd, 000269.833, 154
Trd, 000269.883, 155
Trd, 000270.033, 156
Trd, 000270.867, 155.0
Trd, 000271.500, 156
Trd, 000271.617, 150
Trd, 000271.733, 158
Trd, 000273.233, 155.0
Trd, 000273.250, 158
Trd, 000273.650, 154.0
Trd, 000273.800, 158.0
Trd, 000274.767, 156
Trd, 000275.100, 154
Trd, 000275.117, 161.0
Trd, 000276.217, 155.0
Trd, 000276.233, 156.0
Trd, 000276.600, 154.0
Trd, 000276.883, 157
Trd, 000277.717, 153
Trd, 000278.100, 153
Trd, 000278.283, 156
Trd, 000279.233, 165.0
Trd, 000279.583, 167.0
Trd, 000280.083, 155
Trd, 000280.417, 160
Trd, 000280.900, 159
Trd, 000282.067, 161
Trd, 000282.500, 155.0
Trd, 000283.300, 154
Trd, 000283.467, 155
Trd, 000283.950, 156
Trd, 000284.400, 156
Trd, 000285.167, 155.0
Trd, 000285.183, 154
Trd, 000285.200, 156
Trd, 000285.600, 153
Trd, 000285.717, 158
Trd, 000285.883, 150
Trd, 000286.117, 157
Trd, 000287.717, 153
Trd, 000288.100, 148.0
Trd, 000288.217, 151
Trd, 000288.317, 146
Trd, 000289.617, 139
Trd, 000289.717, 142.0
Trd, 000289.900, 144.0
Trd, 000290.067, 151
Trd, 000290.967, 155.0
Trd, 000291.083, 152
Trd, 000291.117, 156
Trd, 000291.417, 158
Trd, 000291.433, 162.0
Trd, 000292.767, 163.0
Trd, 000292.883, 165.0
Trd, 000293.017, 148.0
Trd, 000293.550, 164
Trd, 000293.600, 168.0
Trd, 000294.117, 168
Trd, 000294.300, 152
Trd, 000294.950, 153
Trd, 000295.867, 161.0
Trd, 000296.383, 155.0
Trd, 000296.467, 152
Trd, 000296.483, 151
Trd, 000296.583, 158
Trd, 000296.833, 158
Trd, 000297.083, 152
Trd, 000297.317, 158
Trd, 000298.017, 152
Trd, 000298.467, 161.0
Trd, 000299.917, 155.0
