Trd, 000002.000, 158.0
Trd, 000002.667, 151
Trd, 000002.733, 153
Trd, 000003.133, 189.0
Trd, 000003.183, 150
Trd, 000003.500, 149
Trd, 000004.017, 184
Trd, 000004.317, 140
Trd, 000004.883, 141.0
Trd, 000007.733, 151
Trd, 000007.800, 146
Trd, 000008.967, 144
Trd, 000009.300, 145
Trd, 000009.333, 143
Trd, 000009.533, 148.0
Trd, 000010.350, 144.0
Trd, 000011.433, 154.0
Trd, 000011.617, 146
Trd, 000011.833, 144
Trd, 000012.017, 137.0
Trd, 000012.500, 155.0
Trd, 000013.100, 158
Trd, 000013.567, 158
Trd, 000013.717, 168.0
Trd, 000014.133, 148
Trd, 000014.467, 149
Trd, 000014.833, 159
Trd, 000015.067, 145.0
Trd, 000015.650, 144.0
Trd, 000016.833, 145
Trd, 000018.633, 150
Trd, 000019.783, 148
Trd, 000019.900, 147
Trd, 000020.783, 147
Trd, 000020.950, 149
Trd, 000020.983, 150
Trd, 000021.683, 149
Trd, 000022.267, 147
Trd, 000022.883, 146
Trd, 000023.183, 148
Trd, 000023.267, 148
Trd, 000023.833, 145
Trd, 000023.900, 146
Trd, 000024.550, 147.0
Trd, 000025.017, 150
Trd, 000025.167, 154.0
Trd, 000025.350, 155.0
Trd, 000025.817, 147.0
Trd, 000027.383, 147.0
Trd, 000028.583, 148
Trd, 000028.850, 150
Trd, 000029.533, 150.0
Trd, 000029.750, 149.0
Trd, 000031.583, 148
Trd, 000031.917, 147
Trd, 000032.650, 147
Trd, 000033.250, 146
Trd, 000034.117, 148.0
Trd, 000034.550, 148
Trd, 000034.667, 150
Trd, 000034.883, 148
Trd, 000036.317, 151.0
Trd, 000036.350, 145
Trd, 000036.483, 146
Trd, 000036.983, 147
Trd, 000037.467, 146
Trd, 000037.483, 144.0
Trd, 000039.400, 143
Trd, 000039.583, 144
Trd, 000039.683, 140.0
Trd, 000040.967, 144
Trd, 000041.167, 155.0
Trd, 000041.617, 168.0
Trd, 000041.783, 164
Trd, 000042.650, 161
Trd, 000043.033, 171
Trd, 000043.283, 152
Trd, 000043.517, 153
Trd, 000043.633, 172.0
Trd, 000043.733, 144.0
Trd, 000044.033, 139.0
Trd, 000044.367, 137.0
Trd, 000045.517, 141.0
Trd, 000046.100, 153.0
Trd, 000046.350, 137
Trd, 000046.433, 154.0
Trd, 000046.750, 135
Trd, 000047.950, 141.0
Trd, 000048.233, 140
Trd, 000048.917, 141
Trd, 000049.683, 133
Trd, 000050.883, 142
Trd, 000050.933, 137.0
Trd, 000051.983, 146.0
Trd, 000052.000, 145.0
Trd, 000052.067, 148.0
Trd, 000052.250, 144.0
Trd, 000053.083, 145
Trd, 000053.467, 147
Trd, 000054.300, 147
Trd, 000054.667, 148.0
Trd, 000055.617, 146
Trd, 000055.750, 147
Trd, 000056.183, 166.0
Trd, 000056.833, 139
Trd, 000057.717, 141.0
Trd, 000057.917, 145
Trd, 000058.117, 130
Trd, 000058.383, 149
Trd, 000059.417, 140
Trd, 000059.950, 139
Trd, 000060.867, 146
Trd, 000061.017, 145
Trd, 000061.533, 155.0
Trd, 000062.500, 147.0
Trd, 000062.533, 146.0
Trd, 000064.067, 150
Trd, 000064.233, 148.0
Trd, 000064.683, 147.0
Trd, 000064.883, 146
Trd, 000066.317, 151
Trd, 000066.617, 148
Trd, 000066.917, 145
Trd, 000068.600, 150
Trd, 000069.367, 148.0
Trd, 000070.383, 148
Trd, 000070.450, 149
Trd, 000070.483, 144.0
Trd, 000070.517, 137
Trd, 000071.283, 150
Trd, 000071.400, 144
Trd, 000071.850, 153
Trd, 000071.917, 155.0
Trd, 000072.033, 168.0
Trd, 000072.500, 144
Trd, 000073.583, 146
Trd, 000074.783, 146
Trd, 000075.183, 145
Trd, 000075.250, 152
Trd, 000076.783, 144
Trd, 000077.800, 144
Trd, 000077.817, 144.0
Trd, 000078.583, 147
Trd, 000078.983, 147
Trd, 000079.783, 147
Trd, 000079.900, 148.0
Trd, 000080.167, 147
Trd, 000080.217, 150
Trd, 000080.967, 148
Trd, 000081.133, 146
Trd, 000081.683, 155.0
Trd, 000081.833, 142
Trd, 000082.083, 141
Trd, 000082.667, 137.0
Trd, 000084.000, 153
Trd, 000085.733, 152
Trd, 000086.200, 152
Trd, 000086.617, 151
Trd, 000087.533, 155.0
Trd, 000087.850, 168.0
Trd, 000087.933, 152
Trd, 000088.383, 149
Trd, 000089.150, 152
Trd, 000089.267, 153
Trd, 000090.183, 152
Trd, 000090.417, 150
Trd, 000090.783, 152
Trd, 000091.533, 152
Trd, 000091.700, 153
Trd, 000092.000, 149
Trd, 000092.117, 155.0
Trd, 000093.150, 144.0
Trd, 000093.700, 124
Trd, 000093.983, 137.0
Trd, 000094.117, 150
Trd, 000095.100, 152
Trd, 000096.533, 149
Trd, 000097.900, 149.0
Trd, 000098.450, 151
Trd, 000098.950, 150.0
Trd, 000100.050, 147
Trd, 000100.667, 150
Trd, 000100.850, 145
Trd, 000100.983, 155.0
Trd, 000101.017, 146
Trd, 000101.767, 150
Trd, 000102.250, 153
Trd, 000102.683, 144.0
Trd, 000102.783, 155
Trd, 000103.783, 155
Trd, 000104.517, 145.0
Trd, 000104.533, 163.0
Trd, 000105.767, 160.0
Trd, 000106.817, 154.0
Trd, 000107.133, 152.0
Trd, 000107.417, 151
Trd, 000108.267, 151
Trd, 000108.300, 154
Trd, 000108.467, 154
Trd, 000108.750, 161
Trd, 000108.800, 168.0
Trd, 000109.367, 164
Trd, 000111.533, 164
Trd, 000112.200, 161
Trd, 000112.333, 160
Trd, 000112.717, 158.0
Trd, 000113.217, 157
Trd, 000113.733, 155
Trd, 000114.367, 153
Trd, 000115.383, 149
Trd, 000115.667, 148
Trd, 000115.733, 145.0
Trd, 000116.033, 137.0
Trd, 000116.083, 149
Trd, 000117.667, 148
Trd, 000117.800, 150
Trd, 000118.667, 153.0
Trd, 000119.183, 163
Trd, 000119.217, 157
Trd, 000120.983, 154
Trd, 000121.150, 153
Trd, 000121.817, 154.0
Trd, 000122.200, 155.0
Trd, 000122.933, 158
Trd, 000123.300, 157
Trd, 000123.650, 154
Trd, 000123.683, 153
Trd, 000124.217, 157
Trd, 000124.617, 152
Trd, 000126.667, 153
Trd, 000127.150, 151
Trd, 000127.250, 154
Trd, 000127.267, 144.0
Trd, 000127.867, 137.0
Trd, 000127.983, 154
Trd, 000128.700, 145
Trd, 000129.100, 146
Trd, 000129.150, 137
Trd, 000131.417, 145
Trd, 000131.600, 147.0
Trd, 000132.233, 148.0
Trd, 000132.317, 161
Trd, 000134.383, 151.0
Trd, 000135.050, 153
Trd, 000135.567, 150.0
Trd, 000135.617, 150
Trd, 000135.767, 151
Trd, 000135.900, 150
Trd, 000136.183, 147
Trd, 000136.967, 154.0
Trd, 000137.683, 144.0
Trd, 000138.783, 149
Trd, 000139.150, 150
Trd, 000139.167, 148
Trd, 000140.433, 149
Trd, 000140.517, 150
Trd, 000140.650, 151
Trd, 000140.933, 147
Trd, 000141.200, 145
Trd, 000141.283, 150
Trd, 000142.367, 144.0
Trd, 000142.617, 151
Trd, 000142.850, 143
Trd, 000144.433, 165.0
Trd, 000144.767, 134
Trd, 000145.850, 157
Trd, 000146.017, 158
Trd, 000146.067, 159
Trd, 000146.217, 171.0
Trd, 000146.483, 144
Trd, 000146.683, 145.0
Trd, 000147.167, 172.0
Trd, 000147.350, 144.0
Trd, 000149.800, 151
Trd, 000150.567, 150
Trd, 000151.500, 150
Trd, 000151.650, 152
Trd, 000151.717, 149
Trd, 000152.133, 151
Trd, 000152.467, 154
Trd, 000152.700, 148
Trd, 000153.033, 154
Trd, 000153.833, 151
Trd, 000154.117, 157
Trd, 000154.917, 152
Trd, 000154.983, 162
Trd, 000155.283, 167.0
Trd, 000156.167, 154
Trd, 000156.417, 164
Trd, 000156.933, 171.0
Trd, 000157.250, 162
Trd, 000157.817, 160
Trd, 000158.700, 158
Trd, 000159.100, 155
Trd, 000159.217, 158
Trd, 000159.983, 157
Trd, 000160.300, 144
Trd, 000160.500, 144.0
Trd, 000161.833, 156
Trd, 000162.267, 155
Trd, 000162.367, 156
Trd, 000162.800, 156
Trd, 000162.817, 151
Trd, 000163.083, 157
Trd, 000163.650, 151
Trd, 000163.950, 133
Trd, 000164.950, 133
Trd, 000165.183, 141.0
Trd, 000165.933, 140
Trd, 000167.150, 153
Trd, 000167.383, 161.0
Trd, 000167.500, 161.0
Trd, 000167.817, 152
Trd, 000169.483, 159
Trd, 000169.767, 159
Trd, 000169.883, 158.0
Trd, 000170.017, 150
Trd, 000170.200, 144.0
Trd, 000171.917, 157
Trd, 000174.167, 162
Trd, 000174.450, 161
Trd, 000174.733, 166.0
Trd, 000175.267, 167.0
Trd, 000175.383, 160
Trd, 000176.633, 158
Trd, 000176.700, 158.0
Trd, 000177.433, 161
Trd, 000178.517, 145.0
Trd, 000179.650, 149
Trd, 000179.917, 150
Trd, 000179.933, 146.0
Trd, 000181.000, 155.0
Trd, 000181.317, 168.0
Trd, 000181.633, 160
Trd, 000181.950, 172.0
Trd, 000182.017, 158.0
Trd, 000182.650, 169
Trd, 000183.350, 159
Trd, 000183.750, 153
Trd, 000183.983, 169
Trd, 000184.300, 168
Trd, 000184.433, 152
Trd, 000185.633, 148
Trd, 000187.150, 150
Trd, 000187.317, 151
Trd, 000188.450, 154
Trd, 000188.867, 153
Trd, 000188.883, 152
Trd, 000189.433, 151
Trd, 000189.600, 144.0
Trd, 000190.300, 152
Trd, 000191.433, 147
Trd, 000191.667, 145
Trd, 000192.533, 149
Trd, 000192.950, 145.0
Trd, 000193.050, 144.0
Trd, 000193.117, 143
Trd, 000193.517, 148
Trd, 000194.717, 145
Trd, 000195.317, 146
Trd, 000195.883, 145
Trd, 000196.050, 146
Trd, 000196.150, 148.0
Trd, 000196.550, 152
Trd, 000197.017, 144
Trd, 000197.217, 144.0
Trd, 000198.417, 145.0
Trd, 000198.667, 144.0
Trd, 000199.633, 145
Trd, 000200.867, 145
Trd, 000201.017, 145
Trd, 000201.150, 147
Trd, 000201.583, 147
Trd, 000201.683, 147
Trd, 000202.433, 146
Trd, 000202.667, 148.0
Trd, 000203.517, 184
Trd, 000203.950, 146
Trd, 000204.233, 141.0
Trd, 000204.900, 150
Trd, 000204.950, 150
Trd, 000205.083, 146
Trd, 000205.783, 160
Trd, 000206.550, 159
Trd, 000206.733, 159
Trd, 000206.983, 159
Trd, 000207.950, 145.0
Trd, 000209.150, 152
Trd, 000209.533, 155
Trd, 000209.633, 166.0
Trd, 000209.750, 167.0
Trd, 000210.417, 155
Trd, 000212.883, 157
Trd, 000213.000, 158
Trd, 000213.050, 157
Trd, 000213.233, 158
Trd, 000213.717, 155
Trd, 000214.850, 163
Trd, 000215.583, 158
Trd, 000216.533, 161
Trd, 000217.167, 146
Trd, 000217.583, 160
Trd, 000217.667, 154
Trd, 000218.433, 145.0
Trd, 000218.867, 144.0
Trd, 000219.283, 148
Trd, 000219.550, 137.0
Trd, 000220.450, 132
Trd, 000220.500, 143
Trd, 000221.250, 135
Trd, 000221.567, 144.0
Trd, 000222.600, 144
Trd, 000222.900, 143
Trd, 000223.133, 130
Trd, 000223.833, 146
Trd, 000224.017, 144
Trd, 000225.617, 145
Trd, 000226.217, 146
Trd, 000226.850, 157.0
Trd, 000226.917, 144
Trd, 000227.817, 154.0
Trd, 000230.017, 164
Trd, 000230.050, 168.0
Trd, 000230.583, 161
Trd, 000230.933, 162
Trd, 000231.367, 166
Trd, 000231.567, 163
Trd, 000231.583, 166
Trd, 000231.783, 161
Trd, 000232.117, 158.0
Trd, 000232.500, 147
Trd, 000233.150, 152
Trd, 000233.317, 155
Trd, 000233.533, 153
Trd, 000234.717, 159
Trd, 000235.600, 160.0
Trd, 000236.517, 160
Trd, 000236.767, 159
Trd, 000237.100, 158
Trd, 000237.283, 166.0
Trd, 000237.767, 160
Trd, 000238.083, 145.0
Trd, 000238.183, 167.0
Trd, 000238.667, 156
Trd, 000239.733, 143
Trd, 000240.133, 144
Trd, 000241.000, 150
Trd, 000241.133, 149
Trd, 000242.000, 150
Trd, 000242.067, 148.0
Trd, 000242.383, 151
Trd, 000242.550, 152
Trd, 000242.817, 153
Trd, 000243.300, 149
Trd, 000243.683, 155.0
Trd, 000244.683, 154
Trd, 000245.100, 148
Trd, 000246.117, 154
Trd, 000247.400, 154.0
Trd, 000247.600, 150
Trd, 000247.633, 154
Trd, 000247.833, 150
Trd, 000248.000, 165.0
Trd, 000249.067, 154.0
Trd, 000249.567, 161
Trd, 000250.233, 158
Trd, 000250.283, 156
Trd, 000250.400, 164
Trd, 000250.583, 144.0
Trd, 000250.650, 141.0
Trd, 000250.750, 162
Trd, 000252.600, 151
Trd, 000253.183, 159
Trd, 000254.633, 151
Trd, 000254.800, 152
Trd, 000254.883, 151.0
Trd, 000255.283, 152
Trd, 000255.500, 148.0
Trd, 000255.883, 145.0
Trd, 000256.183, 144.0
Trd, 000256.983, 151
Trd, 000257.150, 152
Trd, 000257.783, 149.0
Trd, 000258.517, 153
Trd, 000259.033, 155.0
Trd, 000259.517, 149.0
Trd, 000260.333, 149.0
Trd, 000260.367, 154
Trd, 000260.683, 148.0
Trd, 000260.900, 153
Trd, 000261.200, 163.0
Trd, 000262.100, 153
Trd, 000262.750, 158
Trd, 000263.050, 156
Trd, 000263.083, 155.0
Trd, 000263.800, 152
Trd, 000263.833, 137.0
Trd, 000264.533, 144.0
Trd, 000264.550, 155
Trd, 000265.583, 153
Trd, 000266.467, 150
Trd, 000267.817, 149.0
Trd, 000268.150, 148
Trd, 000268.167, 149
Trd, 000268.500, 151
Trd, 000268.650, 149.0
Trd, 000268.717, 148.0
Trd, 000268.917, 148
Trd, 000269.267, 151
Trd, 000269.700, 152
Trd, 000270.117, 147
Trd, 000270.400, 146
Trd, 000271.300, 151
Trd, 000271.950, 150.0
Trd, 000272.433, 151
Trd, 000272.700, 151
Trd, 000272.883, 155.0
Trd, 000273.667, 148.0
Trd, 000274.267, 151
Trd, 000274.333, 149
Trd, 000274.400, 146
Trd, 000274.783, 150
Trd, 000274.867, 152
Trd, 000275.667, 153
Trd, 000276.533, 155.0
Trd, 000277.583, 153
Trd, 000278.117, 150.0
Trd, 000278.633, 158.0
Trd, 000278.850, 156
Trd, 000279.650, 155.0
Trd, 000279.783, 149.0
Trd, 000279.933, 148.0
Trd, 000280.783, 153
Trd, 000281.117, 153
Trd, 000281.467, 151
Trd, 000281.700, 154
Trd, 000282.433, 150
Trd, 000283.633, 148
Trd, 000283.700, 144.0
Trd, 000284.050, 141.0
Trd, 000285.217, 141
Trd, 000285.783, 142
Trd, 000286.033, 143
Trd, 000286.600, 148.0
Trd, 000286.750, 143
Trd, 000286.917, 142
Trd, 000287.300, 150
Trd, 000288.133, 148
Trd, 000288.600, 149.0
Trd, 000289.300, 148.0
Trd, 000289.783, 141.0
Trd, 000290.117, 140
Trd, 000290.550, 144.0
Trd, 000291.350, 137.0
Trd, 000291.717, 143
Trd, 000291.800, 148.0
Trd, 000292.267, 149
Trd, 000292.283, 155.0
Trd, 000293.567, 152
Trd, 000294.283, 148
Trd, 000294.450, 153
Trd, 000294.883, 163.0
Trd, 000295.350, 161
Trd, 000295.550, 164.0
Trd, 000296.150, 148.0
Trd, 000296.517, 158
Trd, 000296.950, 162
Trd, 000296.983, 155.0
Trd, 000297.217, 163.0
Trd, 000297.417, 165.0
Trd, 000297.467, 155
Trd, 000298.300, 144.0
Trd, 000298.317, 141.0
Trd, 000298.817, 150
Trd, 000299.433, 155.0
