Trd, 000002.100, 167
Trd, 000002.550, 157
Trd, 000004.233, 164
Trd, 000004.750, 163
Trd, 000005.200, 162
Trd, 000005.317, 163.0
Trd, 000005.900, 164.0
Trd, 000006.267, 162
Trd, 000006.683, 164.0
Trd, 000007.217, 163
Trd, 000008.233, 163
Trd, 000009.500, 162
Trd, 000009.950, 161
Trd, 000011.133, 161
Trd, 000011.317, 161
Trd, 000012.517, 160
Trd, 000012.550, 160
Trd, 000012.933, 155.0
Trd, 000013.250, 144.0
Trd, 000014.250, 145
Trd, 000014.900, 148
Trd, 000016.033, 153.0
Trd, 000016.417, 150.0
Trd, 000017.767, 145
Trd, 000017.900, 147
Trd, 000018.417, 146
Trd, 000018.867, 147
Trd, 000019.367, 148
Trd, 000019.633, 149
Trd, 000020.733, 156.0
Trd, 000021.383, 155.0
Trd, 000022.567, 155
Trd, 000022.950, 153
Trd, 000024.267, 152
Trd, 000025.333, 149
Trd, 000025.683, 149
Trd, 000026.250, 151
Trd, 000026.850, 151
Trd, 000027.167, 158
Trd, 000027.733, 148
Trd, 000027.867, 145.0
Trd, 000028.367, 161.0
Trd, 000029.033, 149
Trd, 000030.167, 149
Trd, 000030.800, 151
Trd, 000031.583, 149
Trd, 000033.650, 151
Trd, 000034.150, 150
Trd, 000034.667, 151
Trd, 000034.817, 149
Trd, 000036.400, 153
Trd, 000036.433, 152
Trd, 000037.467, 156
Trd, 000038.200, 156
Trd, 000038.683, 157
Trd, 000038.900, 155.0
Trd, 000039.733, 156
Trd, 000040.133, 157
Trd, 000040.483, 155
Trd, 000041.583, 155.0
Trd, 000042.017, 153
Trd, 000042.483, 153
Trd, 000043.600, 152
Trd, 000043.867, 152
Trd, 000044.217, 151
Trd, 000045.817, 151
Trd, 000046.283, 151
Trd, 000046.400, 149
Trd, 000046.667, 158
Trd, 000046.733, 151
Trd, 000048.650, 151
Trd, 000048.800, 149
Trd, 000049.433, 151
Trd, 000050.317, 149
Trd, 000050.500, 150
Trd, 000050.700, 149
Trd, 000050.800, 149
Trd, 000050.917, 148
Trd, 000051.717, 149
Trd, 000052.750, 149
Trd, 000052.917, 147
Trd, 000053.400, 149
Trd, 000053.600, 149
Trd, 000055.533, 163.0
Trd, 000056.800, 163.0
Trd, 000057.100, 151
Trd, 000057.183, 159
Trd, 000058.033, 155.0
Trd, 000059.350, 154
Trd, 000060.383, 154
Trd, 000060.650, 153
Trd, 000060.867, 156
Trd, 000061.083, 156
Trd, 000061.100, 153
Trd, 000062.350, 140.0
Trd, 000062.683, 141.0
Trd, 000065.550, 151
Trd, 000065.767, 151
Trd, 000065.967, 149
Trd, 000066.550, 150
Trd, 000066.817, 149
Trd, 000066.950, 150
Trd, 000067.067, 159
Trd, 000067.783, 156
Trd, 000070.883, 153
Trd, 000071.883, 153
Trd, 000072.217, 153
Trd, 000072.617, 152
Trd, 000074.550, 152
Trd, 000074.833, 152
Trd, 000075.767, 153
Trd, 000075.850, 152
Trd, 000075.900, 151
Trd, 000076.117, 154
Trd, 000077.617, 153
Trd, 000078.000, 150
Trd, 000078.733, 153
Trd, 000078.950, 149
Trd, 000079.100, 153
Trd, 000081.033, 152
Trd, 000081.050, 148
Trd, 000083.017, 151
Trd, 000083.217, 148.0
Trd, 000084.300, 150
Trd, 000085.033, 148
Trd, 000085.317, 148
Trd, 000085.383, 147
Trd, 000085.633, 149
Trd, 000086.900, 147
Trd, 000087.950, 150
Trd, 000088.433, 150
Trd, 000088.650, 151
Trd, 000088.933, 152
Trd, 000090.100, 150
Trd, 000091.133, 152
Trd, 000091.450, 152
Trd, 000091.467, 157
Trd, 000093.200, 152
Trd, 000093.900, 151
Trd, 000094.933, 151
Trd, 000094.950, 152
Trd, 000095.033, 150
Trd, 000095.483, 149
Trd, 000097.933, 151
Trd, 000098.850, 149
Trd, 000099.100, 150
Trd, 000100.050, 149
Trd, 000100.133, 149
Trd, 000100.483, 149
Trd, 000101.200, 149
Trd, 000101.550, 158
Trd, 000101.950, 148
Trd, 000103.400, 151
Trd, 000104.100, 152
Trd, 000105.017, 150
Trd, 000106.333, 151
Trd, 000106.433, 150
Trd, 000107.517, 152
Trd, 000107.950, 151
Trd, 000108.483, 150
Trd, 000109.283, 149
Trd, 000109.833, 148
Trd, 000110.800, 149
Trd, 000111.883, 149
Trd, 000112.817, 150.0
Trd, 000113.333, 151
Trd, 000113.550, 158
Trd, 000113.833, 165.0
Trd, 000115.683, 150
Trd, 000116.367, 151
Trd, 000116.483, 150
Trd, 000116.717, 149
Trd, 000117.550, 146.0
Trd, 000118.650, 146
Trd, 000119.667, 146.0
Trd, 000119.800, 146
Trd, 000120.817, 145
Trd, 000121.000, 145
Trd, 000121.333, 146
Trd, 000121.567, 144.0
Trd, 000122.983, 146
Trd, 000123.317, 146
Trd, 000123.700, 146
Trd, 000123.800, 155
Trd, 000123.900, 144
Trd, 000124.883, 164.0
Trd, 000125.967, 150
Trd, 000127.200, 157.0
Trd, 000128.500, 157.0
Trd, 000128.733, 156.0
Trd, 000128.967, 157
Trd, 000129.567, 155.0
Trd, 000130.050, 156
Trd, 000130.083, 165.0
Trd, 000130.117, 155
Trd, 000130.683, 154
Trd, 000131.033, 153
Trd, 000132.200, 154
Trd, 000132.717, 151
Trd, 000133.033, 145.0
Trd, 000133.183, 137.0
Trd, 000134.433, 152
Trd, 000135.300, 151
Trd, 000136.000, 150
Trd, 000136.367, 149
Trd, 000136.883, 158
Trd, 000139.317, 150
Trd, 000139.400, 149
Trd, 000139.667, 149
Trd, 000140.100, 148
Trd, 000140.350, 147
Trd, 000141.200, 148
Trd, 000141.500, 149
Trd, 000141.550, 147
Trd, 000141.683, 153
Trd, 000141.850, 154
Trd, 000142.017, 158
Trd, 000143.350, 158
Trd, 000143.867, 159
Trd, 000145.383, 159.0
Trd, 000146.217, 159
Trd, 000146.367, 158.0
Trd, 000147.467, 158
Trd, 000148.400, 155.0
Trd, 000148.517, 154
Trd, 000149.350, 149
Trd, 000149.767, 155.0
Trd, 000150.300, 153
Trd, 000150.567, 152
Trd, 000151.300, 151
Trd, 000151.900, 152
Trd, 000152.200, 152
Trd, 000152.933, 150
Trd, 000154.367, 150
Trd, 000154.667, 145.0
Trd, 000155.750, 145
Trd, 000155.950, 146
Trd, 000156.783, 149
Trd, 000158.233, 146.0
Trd, 000159.683, 146
Trd, 000159.767, 147
Trd, 000160.183, 148
Trd, 000160.683, 155.0
Trd, 000161.050, 146
Trd, 000162.167, 148
Trd, 000162.383, 148
Trd, 000162.650, 149
Trd, 000163.650, 158
Trd, 000163.817, 149
Trd, 000164.650, 155.0
Trd, 000165.067, 148
Trd, 000166.367, 151.0
Trd, 000166.800, 152
Trd, 000167.050, 151
Trd, 000167.683, 151
Trd, 000167.700, 150
Trd, 000168.333, 148
Trd, 000168.400, 149
Trd, 000168.583, 144.0
Trd, 000169.367, 138.0
Trd, 000171.417, 142
Trd, 000171.467, 141
Trd, 000172.467, 143
Trd, 000173.467, 156.0
Trd, 000173.483, 155.0
Trd, 000173.733, 158
Trd, 000176.267, 163
Trd, 000176.433, 163
Trd, 000176.667, 162
Trd, 000177.050, 161
Trd, 000177.367, 161
Trd, 000178.450, 158
Trd, 000179.300, 155.0
Trd, 000180.233, 147.0
Trd, 000180.550, 147.0
Trd, 000181.450, 154
Trd, 000182.300, 154
Trd, 000182.350, 150
Trd, 000183.133, 151
Trd, 000184.033, 151
Trd, 000186.050, 152.0
Trd, 000186.100, 151.0
Trd, 000186.600, 153
Trd, 000186.700, 154
Trd, 000187.500, 151
Trd, 000188.117, 155
Trd, 000189.250, 151
Trd, 000189.633, 151
Trd, 000189.900, 152
Trd, 000190.750, 151
Trd, 000190.883, 151
Trd, 000192.733, 150
Trd, 000194.333, 151
Trd, 000194.367, 153
Trd, 000195.367, 151
Trd, 000196.367, 149
Trd, 000196.933, 149
Trd, 000197.000, 148
Trd, 000197.600, 148
Trd, 000198.250, 147
Trd, 000199.317, 148
Trd, 000199.683, 148
Trd, 000199.733, 146
Trd, 000200.200, 158
Trd, 000201.683, 154
Trd, 000201.850, 154
Trd, 000202.367, 155
Trd, 000202.633, 155
Trd, 000203.283, 158
Trd, 000204.200, 156
Trd, 000204.217, 157
Trd, 000205.250, 156
Trd, 000206.600, 155
Trd, 000206.667, 155
Trd, 000206.750, 155.0
Trd, 000206.983, 154
Trd, 000207.450, 140.0
Trd, 000207.533, 141.0
Trd, 000208.583, 140
Trd, 000208.833, 141
Trd, 000209.867, 142
Trd, 000210.167, 144
Trd, 000210.667, 157
Trd, 000210.800, 154
Trd, 000213.667, 148
Trd, 000214.317, 149
Trd, 000215.200, 147
Trd, 000215.283, 147
Trd, 000215.950, 147
Trd, 000216.017, 149
Trd, 000216.217, 149
Trd, 000216.917, 147
Trd, 000216.983, 161
Trd, 000219.067, 147
Trd, 000219.433, 146
Trd, 000219.617, 147
Trd, 000219.983, 150
Trd, 000221.900, 153
Trd, 000222.117, 152
Trd, 000222.883, 151
Trd, 000223.450, 149
Trd, 000223.533, 152
Trd, 000224.200, 150
Trd, 000224.533, 151
Trd, 000225.717, 149
Trd, 000225.733, 149
Trd, 000226.017, 148
Trd, 000226.133, 152
Trd, 000227.367, 158
Trd, 000228.950, 152
Trd, 000229.083, 150
Trd, 000229.300, 150
Trd, 000229.550, 154
Trd, 000229.667, 144.0
Trd, 000231.700, 141.0
Trd, 000232.450, 144
Trd, 000233.817, 142.0
Trd, 000234.167, 140.0
Trd, 000234.417, 143
Trd, 000234.567, 144
Trd, 000234.867, 145
Trd, 000234.967, 144
Trd, 000236.350, 154
Trd, 000237.517, 150
Trd, 000237.533, 149
Trd, 000238.033, 148
Trd, 000238.967, 148
Trd, 000239.267, 149
Trd, 000240.050, 148
Trd, 000240.117, 147
Trd, 000240.133, 147
Trd, 000240.500, 149
Trd, 000240.850, 146.0
Trd, 000241.033, 147
Trd, 000242.500, 149
Trd, 000242.683, 149
Trd, 000242.733, 147
Trd, 000243.383, 147
Trd, 000243.450, 149
Trd, 000244.217, 149
Trd, 000244.600, 150
Trd, 000245.267, 151
Trd, 000245.800, 154
Trd, 000246.100, 150
Trd, 000246.383, 149
Trd, 000246.700, 147
Trd, 000247.850, 149.0
Trd, 000248.600, 150
Trd, 000249.200, 148.0
Trd, 000249.317, 151
Trd, 000249.633, 150
Trd, 000250.000, 150
Trd, 000250.100, 151
Trd, 000250.333, 151
Trd, 000250.417, 153
Trd, 000251.250, 156.0
Trd, 000251.750, 158
Trd, 000253.900, 156
Trd, 000254.333, 157
Trd, 000254.617, 156
Trd, 000254.667, 157
Trd, 000255.500, 153
Trd, 000255.683, 155
Trd, 000256.200, 153
Trd, 000256.400, 155
Trd, 000257.683, 153
Trd, 000258.033, 151
Trd, 000258.667, 149.0
Trd, 000258.750, 150
Trd, 000259.150, 149
Trd, 000259.933, 148.0
Trd, 000260.117, 149
Trd, 000260.467, 149
Trd, 000261.400, 154
Trd, 000261.717, 149.0
Trd, 000262.317, 151
Trd, 000262.767, 150.0
Trd, 000263.150, 166
Trd, 000263.717, 158
Trd, 000264.267, 157.0
Trd, 000264.533, 158
Trd, 000264.583, 156.0
Trd, 000264.733, 155.0
Trd, 000265.883, 154
Trd, 000266.467, 153
Trd, 000267.267, 154
Trd, 000267.433, 150
Trd, 000268.517, 148.0
Trd, 000268.533, 149
Trd, 000269.117, 149
Trd, 000269.217, 143
Trd, 000269.400, 144
Trd, 000269.500, 137.0
Trd, 000270.450, 144
Trd, 000270.783, 143
Trd, 000271.417, 145
Trd, 000272.450, 165.0
Trd, 000272.600, 161
Trd, 000273.650, 157.0
Trd, 000273.767, 158
Trd, 000273.900, 156.0
Trd, 000273.983, 155
Trd, 000274.000, 155.0
Trd, 000274.450, 158
Trd, 000274.867, 159.0
Trd, 000275.467, 164
Trd, 000275.800, 154
Trd, 000277.717, 161
Trd, 000277.900, 159.0
Trd, 000278.250, 159
Trd, 000278.267, 158.0
Trd, 000278.400, 150
Trd, 000279.217, 150
Trd, 000279.600, 155
Trd, 000279.833, 154
Trd, 000279.900, 153
Trd, 000280.667, 156
Trd, 000281.033, 157
Trd, 000281.200, 153
Trd, 000282.667, 157
Trd, 000283.050, 152
Trd, 000283.667, 157
Trd, 000284.750, 145.0
Trd, 000284.917, 146
Trd, 000284.933, 144.0
Trd, 000285.450, 143
Trd, 000286.183, 142
Trd, 000286.683, 141
Trd, 000286.767, 143
Trd, 000286.833, 144
Trd, 000287.233, 138.0
Trd, 000287.983, 137
Trd, 000288.617, 150
Trd, 000288.633, 158
Trd, 000288.750, 141.0
Trd, 000289.483, 147.0
Trd, 000289.617, 155.0
Trd, 000290.717, 157
Trd, 000290.867, 156
Trd, 000291.567, 157
Trd, 000292.550, 155
Trd, 000292.650, 144.0
Trd, 000293.483, 150
Trd, 000293.783, 153
Trd, 000293.867, 153
Trd, 000293.967, 148.0
Trd, 000294.333, 148
Trd, 000294.500, 153
Trd, 000294.683, 156
Trd, 000295.067, 157
Trd, 000296.517, 152
Trd, 000296.700, 153
Trd, 000297.800, 158
Trd, 000297.850, 157
Trd, 000298.133, 156
Trd, 000298.250, 156
Trd, 000298.900, 154
Trd, 000299.183, 154
