Trd, 000002.200, 117.0
Trd, 000003.917, 120
Trd, 000003.933, 126
Trd, 000004.533, 153.0
Trd, 000004.567, 151.0
Trd, 000005.383, 149
Trd, 000005.867, 154.0
Trd, 000006.117, 149
Trd, 000006.183, 148
Trd, 000006.700, 155.0
Trd, 000007.550, 167
Trd, 000009.133, 158
Trd, 000009.250, 157
Trd, 000009.283, 154
Trd, 000010.550, 155
Trd, 000010.617, 156
Trd, 000010.800, 156
Trd, 000011.417, 154
Trd, 000011.783, 154
Trd, 000013.233, 157
Trd, 000013.417, 156
Trd, 000014.133, 158
Trd, 000014.150, 155.0
Trd, 000014.967, 151.0
Trd, 000015.250, 159
Trd, 000016.733, 157
Trd, 000017.000, 156
Trd, 000017.400, 156
Trd, 000017.550, 155.0
Trd, 000017.850, 156
Trd, 000018.200, 154
Trd, 000019.583, 155
Trd, 000020.617, 155
Trd, 000021.017, 155
Trd, 000021.283, 155
Trd, 000022.700, 152
Trd, 000023.400, 154
Trd, 000024.100, 153
Trd, 000024.967, 154
Trd, 000025.000, 153
Trd, 000025.117, 154
Trd, 000025.717, 152
Trd, 000026.233, 153
Trd, 000027.000, 162
Trd, 000027.583, 164
Trd, 000028.417, 155
Trd, 000029.483, 156
Trd, 000030.650, 157
Trd, 000030.667, 155.0
Trd, 000030.850, 154
Trd, 000031.083, 154
Trd, 000032.683, 155
Trd, 000033.950, 153
Trd, 000034.283, 153
Trd, 000035.217, 151
Trd, 000035.367, 152
Trd, 000035.717, 150
Trd, 000036.417, 151
Trd, 000037.517, 154.0
Trd, 000037.800, 155.0
Trd, 000038.050, 156
Trd, 000039.133, 151.0
Trd, 000040.517, 152
Trd, 000041.217, 154
Trd, 000041.517, 155
Trd, 000042.017, 155.0
Trd, 000042.617, 153
Trd, 000042.850, 153
Trd, 000043.750, 154
Trd, 000043.867, 152
Trd, 000044.733, 153
Trd, 000045.617, 154
Trd, 000045.750, 154
Trd, 000046.233, 154
Trd, 000046.867, 154.0
Trd, 000047.100, 152
Trd, 000047.700, 152
Trd, 000047.983, 153
Trd, 000048.050, 151
Trd, 000048.817, 152
Trd, 000049.133, 165
Trd, 000049.717, 159
Trd, 000050.667, 171.0
Trd, 000051.333, 159
Trd, 000051.467, 172.0
Trd, 000052.050, 159
Trd, 000052.617, 158
Trd, 000053.400, 158.0
Trd, 000053.767, 156
Trd, 000054.167, 157.0
Trd, 000054.183, 158
Trd, 000055.133, 151.0
Trd, 000056.550, 158
Trd, 000056.567, 157.0
Trd, 000057.717, 155.0
Trd, 000058.883, 156
Trd, 000059.200, 154
Trd, 000059.300, 151.0
Trd, 000059.383, 148.0
Trd, 000059.983, 155.0
Trd, 000060.833, 152
Trd, 000060.850, 153
Trd, 000062.500, 165
Trd, 000063.300, 167
Trd, 000064.050, 160
Trd, 000064.967, 159
Trd, 000065.483, 158
Trd, 000065.600, 158
Trd, 000066.167, 157
Trd, 000066.383, 158
Trd, 000067.483, 156
Trd, 000068.783, 158
Trd, 000069.500, 158.0
Trd, 000069.767, 158
Trd, 000070.067, 155.0
Trd, 000070.800, 155
Trd, 000070.933, 155
Trd, 000072.767, 155.0
Trd, 000073.550, 165
Trd, 000073.633, 156
Trd, 000073.683, 154
Trd, 000075.200, 162
Trd, 000076.300, 158
Trd, 000076.500, 157
Trd, 000077.517, 157
Trd, 000078.083, 156
Trd, 000078.483, 156.0
Trd, 000078.800, 157
Trd, 000079.283, 155.0
Trd, 000079.783, 158
Trd, 000079.800, 154
Trd, 000081.167, 159
Trd, 000081.267, 156
Trd, 000081.683, 160
Trd, 000082.133, 158
Trd, 000083.700, 159
Trd, 000083.933, 157
Trd, 000085.383, 158
Trd, 000085.783, 157
Trd, 000085.800, 159
Trd, 000086.350, 159
Trd, 000088.133, 158
Trd, 000088.217, 157
Trd, 000088.883, 158
Trd, 000089.500, 163
Trd, 000090.417, 158
Trd, 000091.517, 159
Trd, 000092.550, 157
Trd, 000092.817, 156
Trd, 000093.617, 155.0
Trd, 000094.200, 158
Trd, 000095.183, 155.0
Trd, 000095.317, 157
Trd, 000095.967, 163
Trd, 000096.283, 156
Trd, 000096.500, 163
Trd, 000097.417, 164
Trd, 000097.933, 157
Trd, 000100.600, 156
Trd, 000100.833, 157
Trd, 000101.817, 156
Trd, 000101.983, 155.0
Trd, 000102.367, 156
Trd, 000102.783, 157
Trd, 000105.233, 160
Trd, 000105.550, 160
Trd, 000105.567, 159
Trd, 000106.750, 157
Trd, 000106.783, 158
Trd, 000108.383, 158
Trd, 000108.783, 156
Trd, 000109.767, 158.0
Trd, 000110.033, 165
Trd, 000110.283, 166
Trd, 000112.650, 160
Trd, 000112.850, 157
Trd, 000114.033, 161
Trd, 000114.483, 156
Trd, 000114.517, 156
Trd, 000114.933, 158.0
Trd, 000115.033, 156
Trd, 000115.617, 157.0
Trd, 000116.133, 156.0
Trd, 000117.067, 155
Trd, 000117.517, 155
Trd, 000117.550, 154
Trd, 000117.617, 151.0
Trd, 000117.817, 155
Trd, 000118.000, 157
Trd, 000119.233, 165
Trd, 000119.450, 153.0
Trd, 000121.017, 158
Trd, 000121.100, 156
Trd, 000121.700, 157
Trd, 000122.183, 157
Trd, 000122.683, 156
Trd, 000123.300, 158
Trd, 000125.750, 156.0
Trd, 000125.867, 156
Trd, 000125.900, 155
Trd, 000126.117, 155.0
Trd, 000127.600, 155
Trd, 000127.950, 158
Trd, 000129.650, 157
Trd, 000130.633, 156.0
Trd, 000131.033, 157
Trd, 000131.417, 157.0
Trd, 000132.067, 155.0
Trd, 000132.433, 157
Trd, 000133.383, 155
Trd, 000133.500, 155
Trd, 000133.650, 153
Trd, 000134.617, 154.0
Trd, 000134.967, 153
Trd, 000135.183, 151.0
Trd, 000136.400, 155
Trd, 000137.633, 155.0
Trd, 000137.750, 153
Trd, 000138.400, 155
Trd, 000138.533, 157
Trd, 000139.483, 155
Trd, 000139.767, 154
Trd, 000141.350, 154
Trd, 000141.500, 153
Trd, 000141.783, 154
Trd, 000142.017, 153
Trd, 000142.133, 165
Trd, 000142.850, 172.0
Trd, 000143.983, 152
Trd, 000146.267, 157.0
Trd, 000146.433, 154.0
Trd, 000147.783, 155.0
Trd, 000148.017, 155
Trd, 000148.883, 155
Trd, 000150.017, 155
Trd, 000150.433, 156
Trd, 000151.117, 154
Trd, 000152.083, 156
Trd, 000152.200, 156
Trd, 000152.850, 157
Trd, 000153.183, 159
Trd, 000153.517, 156
Trd, 000154.567, 163
Trd, 000155.283, 155
Trd, 000156.517, 154
Trd, 000156.933, 155
Trd, 000157.383, 155
Trd, 000157.500, 153
Trd, 000157.533, 156
Trd, 000159.433, 154
Trd, 000161.233, 154
Trd, 000161.267, 155
Trd, 000162.117, 152
Trd, 000162.267, 155.0
Trd, 000163.333, 154
Trd, 000164.050, 153
Trd, 000166.000, 154
Trd, 000166.517, 154
Trd, 000166.533, 155.0
Trd, 000167.800, 155
Trd, 000168.033, 154
Trd, 000168.567, 165
Trd, 000168.667, 152
Trd, 000168.933, 151.0
Trd, 000169.683, 152
Trd, 000170.183, 153
Trd, 000170.800, 157
Trd, 000171.983, 159
Trd, 000173.250, 157
Trd, 000174.983, 157
Trd, 000175.200, 155
Trd, 000175.317, 154
Trd, 000176.483, 157
Trd, 000176.567, 158
Trd, 000177.583, 156.0
Trd, 000177.667, 155.0
Trd, 000177.883, 155
Trd, 000178.250, 153
Trd, 000178.933, 155
Trd, 000179.283, 154
Trd, 000180.183, 157
Trd, 000181.150, 158
Trd, 000181.467, 155.0
Trd, 000183.400, 158
Trd, 000183.967, 158
Trd, 000184.650, 158
Trd, 000185.017, 157
Trd, 000187.933, 156
Trd, 000187.967, 157
Trd, 000188.233, 156
Trd, 000188.267, 155.0
Trd, 000189.467, 155
Trd, 000189.800, 152.0
Trd, 000190.000, 154
Trd, 000190.433, 157
Trd, 000191.133, 155.0
Trd, 000191.500, 152.0
Trd, 000192.783, 154
Trd, 000193.833, 152.0
Trd, 000193.850, 155
Trd, 000194.317, 151.0
Trd, 000194.417, 148.0
Trd, 000195.367, 156.0
Trd, 000196.067, 156.0
Trd, 000196.283, 155.0
Trd, 000197.017, 156
Trd, 000197.033, 154
Trd, 000197.683, 153
Trd, 000197.833, 152.0
Trd, 000198.100, 155
Trd, 000199.300, 154.0
Trd, 000201.333, 154
Trd, 000201.450, 153
Trd, 000202.467, 151
Trd, 000202.517, 155.0
Trd, 000203.200, 154
Trd, 000204.900, 156
Trd, 000205.283, 156
Trd, 000205.733, 155.0
Trd, 000206.267, 155
Trd, 000207.050, 155
Trd, 000207.517, 154
Trd, 000208.167, 154
Trd, 000208.583, 155.0
Trd, 000208.800, 156
Trd, 000209.683, 154
Trd, 000209.950, 155
Trd, 000210.333, 155
Trd, 000210.683, 153
Trd, 000211.000, 165
Trd, 000211.667, 153
Trd, 000212.500, 152
Trd, 000213.383, 151.0
Trd, 000213.583, 152
Trd, 000214.300, 151
Trd, 000214.367, 152
Trd, 000215.383, 153
Trd, 000215.717, 152.0
Trd, 000215.950, 153
Trd, 000216.133, 152.0
Trd, 000217.617, 161
Trd, 000218.817, 162
Trd, 000218.833, 155.0
Trd, 000219.517, 159
Trd, 000220.417, 156
Trd, 000220.750, 155
Trd, 000221.417, 156
Trd, 000221.850, 154
Trd, 000221.867, 154
Trd, 000224.267, 156
Trd, 000224.367, 167
Trd, 000225.950, 156
Trd, 000226.533, 160
Trd, 000227.633, 158.0
Trd, 000227.767, 157.0
Trd, 000230.717, 158
Trd, 000231.217, 157
Trd, 000231.300, 160
Trd, 000232.200, 156
Trd, 000232.450, 155
Trd, 000232.933, 154
Trd, 000233.250, 155
Trd, 000233.900, 157
Trd, 000234.817, 158
Trd, 000235.167, 156
Trd, 000235.317, 155.0
Trd, 000236.467, 163
Trd, 000237.017, 155
Trd, 000238.667, 155.0
Trd, 000239.350, 155
Trd, 000240.017, 157
Trd, 000240.083, 158
Trd, 000240.300, 158
Trd, 000240.900, 156
Trd, 000240.950, 155
Trd, 000241.050, 155
Trd, 000241.217, 154
Trd, 000241.833, 154
Trd, 000242.000, 157
Trd, 000242.617, 151.0
Trd, 000243.117, 156
Trd, 000243.683, 154
Trd, 000243.850, 155.0
Trd, 000244.433, 153
Trd, 000245.267, 156
Trd, 000245.417, 155
Trd, 000245.933, 152
Trd, 000246.117, 151
Trd, 000246.150, 148.0
Trd, 000246.950, 152
Trd, 000247.150, 151.0
Trd, 000248.333, 165
Trd, 000248.517, 157
Trd, 000248.717, 151
Trd, 000249.317, 152
Trd, 000249.400, 154
Trd, 000249.833, 153
Trd, 000250.267, 152
Trd, 000250.867, 151.0
Trd, 000251.100, 152
Trd, 000251.150, 154
Trd, 000252.800, 153
Trd, 000253.817, 153
Trd, 000253.867, 152
Trd, 000254.050, 160.0
Trd, 000254.233, 153
Trd, 000254.450, 153
Trd, 000254.650, 155
Trd, 000255.267, 155.0
Trd, 000255.583, 154
Trd, 000255.817, 154
Trd, 000256.350, 155.0
Trd, 000256.700, 156
Trd, 000257.417, 153
Trd, 000257.600, 157
Trd, 000259.533, 154
Trd, 000259.933, 152
Trd, 000260.133, 154
Trd, 000260.417, 153
Trd, 000260.600, 151.0
Trd, 000260.667, 148.0
Trd, 000261.083, 154
Trd, 000261.533, 146
Trd, 000262.283, 146
Trd, 000262.583, 145
Trd, 000262.800, 147
Trd, 000262.867, 145
Trd, 000262.900, 148
Trd, 000263.700, 149.0
Trd, 000264.017, 153.0
Trd, 000265.283, 150
Trd, 000265.900, 148
Trd, 000266.017, 151.0
Trd, 000266.250, 148
Trd, 000266.667, 149.0
Trd, 000268.100, 150.0
Trd, 000268.183, 148
Trd, 000268.750, 148.0
Trd, 000268.883, 147
Trd, 000269.517, 147
Trd, 000269.600, 146
Trd, 000269.717, 151.0
Trd, 000270.900, 152
Trd, 000271.067, 155.0
Trd, 000271.450, 151.0
Trd, 000271.733, 155
Trd, 000271.917, 150
Trd, 000272.817, 149
Trd, 000272.850, 152
Trd, 000273.000, 152
Trd, 000273.067, 150
Trd, 000273.867, 149
Trd, 000274.717, 155.0
Trd, 000275.650, 151
Trd, 000276.183, 155.0
Trd, 000276.650, 152.0
Trd, 000277.217, 151.0
Trd, 000278.317, 162
Trd, 000278.417, 160
Trd, 000279.150, 157
Trd, 000279.283, 156
Trd, 000279.317, 155
Trd, 000279.900, 155
Trd, 000280.300, 150.0
Trd, 000280.433, 158
Trd, 000280.767, 162
Trd, 000281.950, 160
Trd, 000282.033, 155.0
Trd, 000283.217, 172.0
Trd, 000283.750, 172
Trd, 000284.200, 158
Trd, 000284.950, 157
Trd, 000284.983, 159
Trd, 000285.183, 160
Trd, 000285.367, 156
Trd, 000285.600, 152
Trd, 000286.133, 155
Trd, 000286.383, 153.0
Trd, 000287.450, 155
Trd, 000287.483, 148.0
Trd, 000287.900, 151.0
Trd, 000288.583, 156.0
Trd, 000288.683, 156
Trd, 000289.233, 155.0
Trd, 000289.283, 156
Trd, 000289.467, 154
Trd, 000289.600, 157
Trd, 000290.650, 154
Trd, 000291.050, 155.0
Trd, 000291.717, 155
Trd, 000291.750, 154
Trd, 000292.517, 154
Trd, 000292.783, 153
Trd, 000294.267, 156
Trd, 000294.600, 155.0
Trd, 000294.817, 159
Trd, 000295.083, 151
Trd, 000295.217, 148.0
Trd, 000295.650, 151
Trd, 000295.850, 160
Trd, 000295.883, 148.0
Trd, 000296.817, 159
Trd, 000297.250, 151.0
Trd, 000298.617, 154
Trd, 000299.167, 156
Trd, 000299.250, 152
Trd, 000299.733, 156
