Trd, 000001.200, 133.0
Trd, 000001.883, 174.0
Trd, 000001.917, 135
Trd, 000002.650, 148
Trd, 000004.433, 149
Trd, 000005.117, 141
Trd, 000005.200, 140
Trd, 000005.350, 144
Trd, 000006.150, 139
Trd, 000006.217, 135
Trd, 000006.833, 137.0
Trd, 000006.950, 136.0
Trd, 000007.300, 140
Trd, 000007.950, 140
Trd, 000007.967, 135
Trd, 000008.950, 134
Trd, 000011.100, 140
Trd, 000011.667, 143
Trd, 000011.683, 142
Trd, 000011.883, 144
Trd, 000012.167, 145
Trd, 000012.183, 146
Trd, 000013.483, 143
Trd, 000013.967, 142
Trd, 000015.083, 144
Trd, 000015.417, 144
Trd, 000016.267, 143
Trd, 000016.317, 140
Trd, 000016.583, 145
Trd, 000017.250, 144
Trd, 000017.617, 144
Trd, 000019.067, 144.0
Trd, 000019.283, 144
Trd, 000019.533, 145
Trd, 000020.150, 145
Trd, 000020.300, 143
Trd, 000020.417, 143
Trd, 000021.967, 144
Trd, 000022.650, 144
Trd, 000023.500, 143
Trd, 000023.883, 142
Trd, 000024.467, 141
Trd, 000024.917, 142
Trd, 000025.283, 142
Trd, 000025.467, 135
Trd, 000025.700, 142
Trd, 000026.767, 147
Trd, 000027.000, 146
Trd, 000027.600, 139
Trd, 000028.567, 142
Trd, 000029.017, 145
Trd, 000029.600, 144
Trd, 000030.250, 143
Trd, 000030.283, 142
Trd, 000030.383, 145
Trd, 000031.033, 148
Trd, 000031.667, 144
Trd, 000033.317, 150
Trd, 000033.467, 148
Trd, 000033.733, 148
Trd, 000035.267, 148
Trd, 000035.700, 149
Trd, 000035.950, 150
Trd, 000036.383, 150
Trd, 000036.733, 149
Trd, 000038.133, 150
Trd, 000038.233, 147
Trd, 000038.700, 160
Trd, 000038.733, 147
Trd, 000039.300, 147
Trd, 000039.650, 147
Trd, 000040.017, 146
Trd, 000040.283, 147
Trd, 000041.033, 147
Trd, 000041.067, 148
Trd, 000042.833, 147
Trd, 000043.000, 147
Trd, 000043.617, 147
Trd, 000043.900, 147
Trd, 000044.150, 147
Trd, 000044.333, 146
Trd, 000045.083, 134
Trd, 000045.117, 133
Trd, 000045.167, 147
Trd, 000046.567, 144
Trd, 000047.067, 141
Trd, 000047.400, 142
Trd, 000047.533, 143
Trd, 000047.667, 148
Trd, 000048.883, 145
Trd, 000048.933, 146
Trd, 000048.950, 141
Trd, 000049.567, 143
Trd, 000051.000, 146
Trd, 000051.033, 144
Trd, 000051.717, 149
Trd, 000053.133, 152
Trd, 000053.617, 159
Trd, 000054.533, 158
Trd, 000054.883, 158
Trd, 000054.950, 158
Trd, 000055.267, 161
Trd, 000056.467, 157
Trd, 000057.083, 148
Trd, 000057.117, 138
Trd, 000057.317, 144
Trd, 000057.867, 143
Trd, 000059.267, 143
Trd, 000060.267, 144
Trd, 000060.483, 146
Trd, 000060.717, 146
Trd, 000061.000, 146
Trd, 000061.617, 146
Trd, 000062.467, 144
Trd, 000062.950, 144
Trd, 000063.067, 144
Trd, 000063.317, 147
Trd, 000064.017, 148
Trd, 000064.467, 148
Trd, 000064.617, 145
Trd, 000065.417, 145
Trd, 000066.467, 145
Trd, 000066.967, 145
Trd, 000067.550, 145
Trd, 000068.417, 144
Trd, 000068.883, 143
Trd, 000069.117, 143
Trd, 000069.300, 143
Trd, 000069.950, 142
Trd, 000070.817, 141
Trd, 000071.533, 140
Trd, 000071.817, 141
Trd, 000072.583, 142
Trd, 000072.717, 141
Trd, 000073.250, 141
Trd, 000073.450, 142.0
Trd, 000073.933, 141
Trd, 000074.167, 143
Trd, 000074.650, 140
Trd, 000075.917, 148
Trd, 000076.400, 142
Trd, 000077.233, 147
Trd, 000077.700, 147
Trd, 000078.550, 147
Trd, 000078.733, 147
Trd, 000079.600, 149
Trd, 000080.050, 149
Trd, 000080.533, 148
Trd, 000081.233, 148
Trd, 000081.300, 149
Trd, 000081.633, 148
Trd, 000082.833, 159
Trd, 000082.900, 157
Trd, 000083.217, 160
Trd, 000083.467, 155
Trd, 000084.250, 158
Trd, 000085.400, 159
Trd, 000086.467, 156
Trd, 000088.333, 148
Trd, 000088.517, 150
Trd, 000089.017, 149
Trd, 000089.150, 147
Trd, 000089.383, 150
Trd, 000090.383, 139.0
Trd, 000090.417, 146
Trd, 000091.917, 148.0
Trd, 000092.567, 148
Trd, 000094.167, 153
Trd, 000094.417, 154
Trd, 000094.483, 155
Trd, 000094.583, 155
Trd, 000095.433, 154.0
Trd, 000095.600, 152
Trd, 000095.750, 151
Trd, 000096.167, 156
Trd, 000096.317, 156
Trd, 000096.800, 155
Trd, 000097.033, 152
Trd, 000097.183, 138
Trd, 000097.800, 155
Trd, 000099.283, 146
Trd, 000099.333, 147
Trd, 000099.433, 146
Trd, 000100.817, 134.0
Trd, 000101.900, 147
Trd, 000102.033, 140
Trd, 000103.967, 143
Trd, 000104.200, 144
Trd, 000104.417, 143
Trd, 000104.800, 144.0
Trd, 000104.917, 143
Trd, 000106.050, 142
Trd, 000106.167, 143
Trd, 000106.450, 143
Trd, 000107.500, 143
Trd, 000107.867, 141
Trd, 000108.617, 140
Trd, 000109.050, 139
Trd, 000110.083, 138
Trd, 000110.167, 142.0
Trd, 000110.217, 143.0
Trd, 000111.000, 139
Trd, 000112.033, 142
Trd, 000112.983, 144
Trd, 000114.300, 144.0
Trd, 000114.567, 144
Trd, 000114.900, 148
Trd, 000116.017, 155
Trd, 000116.133, 154
Trd, 000116.250, 152
Trd, 000116.767, 159
Trd, 000116.950, 153
Trd, 000117.617, 155
Trd, 000117.800, 153
Trd, 000118.517, 153
Trd, 000118.650, 152
Trd, 000119.417, 155
Trd, 000119.483, 156
Trd, 000119.867, 152
Trd, 000120.117, 157
Trd, 000120.417, 134
Trd, 000120.917, 155
Trd, 000121.367, 131.0
Trd, 000123.133, 144
Trd, 000123.883, 143
Trd, 000124.183, 141
Trd, 000125.133, 142
Trd, 000125.317, 144
Trd, 000126.200, 142
Trd, 000126.483, 143
Trd, 000127.917, 140
Trd, 000128.250, 142
Trd, 000128.467, 143
Trd, 000128.650, 144.0
Trd, 000129.233, 133.0
Trd, 000130.417, 140
Trd, 000130.683, 140
Trd, 000130.883, 140
Trd, 000131.550, 140
Trd, 000132.700, 141
Trd, 000132.833, 143.0
Trd, 000133.200, 140
Trd, 000133.417, 139
Trd, 000134.267, 143
Trd, 000134.817, 141
Trd, 000134.900, 144.0
Trd, 000135.017, 140
Trd, 000137.100, 143
Trd, 000137.117, 142
Trd, 000137.867, 142
Trd, 000138.033, 143
Trd, 000138.350, 141
Trd, 000138.817, 140
Trd, 000138.950, 143
Trd, 000139.017, 139
Trd, 000140.633, 144
Trd, 000141.000, 137.0
Trd, 000141.783, 144
Trd, 000142.117, 134
Trd, 000143.500, 134
Trd, 000143.550, 142
Trd, 000144.383, 137
Trd, 000144.900, 136.0
Trd, 000145.117, 139
Trd, 000145.633, 138
Trd, 000145.950, 136
Trd, 000146.450, 137
Trd, 000147.333, 139
Trd, 000147.450, 139
Trd, 000148.667, 144.0
Trd, 000149.200, 141
Trd, 000149.567, 141
Trd, 000149.967, 143
Trd, 000151.017, 146
Trd, 000151.233, 145
Trd, 000151.833, 142
Trd, 000152.583, 144
Trd, 000152.833, 144
Trd, 000152.917, 143
Trd, 000154.350, 148
Trd, 000154.417, 148
Trd, 000154.983, 147
Trd, 000155.133, 145
Trd, 000155.200, 162
Trd, 000155.383, 167
Trd, 000155.867, 161
Trd, 000156.250, 157
Trd, 000156.317, 143
Trd, 000159.000, 157
Trd, 000159.100, 155
Trd, 000159.567, 156
Trd, 000159.983, 156
Trd, 000160.467, 158
Trd, 000161.333, 158
Trd, 000162.167, 158
Trd, 000162.183, 159
Trd, 000162.333, 157
Trd, 000162.583, 152
Trd, 000163.700, 133.0
Trd, 000163.917, 132.0
Trd, 000164.033, 148
Trd, 000166.217, 142
Trd, 000166.500, 142.0
Trd, 000166.800, 141.0
Trd, 000166.833, 144.0
Trd, 000167.333, 143
Trd, 000168.100, 148
Trd, 000168.633, 148
Trd, 000170.033, 146
Trd, 000170.317, 145
Trd, 000170.333, 144
Trd, 000170.600, 147
Trd, 000170.650, 145
Trd, 000170.700, 144
Trd, 000170.767, 147
Trd, 000171.167, 150
Trd, 000171.583, 132
Trd, 000172.450, 160
Trd, 000172.850, 143
Trd, 000174.517, 153
Trd, 000174.583, 153
Trd, 000174.683, 152
Trd, 000175.417, 151
Trd, 000176.467, 152
Trd, 000176.667, 149
Trd, 000176.967, 148
Trd, 000177.433, 152
Trd, 000177.483, 147
Trd, 000177.817, 147
Trd, 000177.983, 152
Trd, 000179.767, 148
Trd, 000180.000, 142
Trd, 000180.633, 146
Trd, 000182.183, 141
Trd, 000182.633, 142
Trd, 000182.750, 143
Trd, 000183.367, 143
Trd, 000183.800, 143
Trd, 000184.567, 146
Trd, 000185.083, 147
Trd, 000185.117, 145
Trd, 000185.483, 143
Trd, 000186.117, 147
Trd, 000186.883, 146
Trd, 000188.150, 146
Trd, 000188.283, 145
Trd, 000188.517, 147
Trd, 000188.817, 149
Trd, 000190.150, 148
Trd, 000190.783, 138
Trd, 000191.150, 149
Trd, 000191.467, 148
Trd, 000191.483, 147
Trd, 000191.650, 149
Trd, 000192.600, 146
Trd, 000193.983, 147
Trd, 000194.150, 146
Trd, 000194.667, 145
Trd, 000194.767, 146
Trd, 000196.017, 147
Trd, 000196.483, 150
Trd, 000197.483, 155
Trd, 000197.717, 150
Trd, 000199.083, 162
Trd, 000199.417, 167.0
Trd, 000200.217, 150
Trd, 000200.400, 150
Trd, 000200.817, 149
Trd, 000201.083, 133.0
Trd, 000203.100, 144
Trd, 000203.633, 145
Trd, 000203.917, 146
Trd, 000204.383, 146
Trd, 000204.467, 147
Trd, 000204.783, 147
Trd, 000204.800, 146
Trd, 000205.233, 145
Trd, 000205.850, 144
Trd, 000206.533, 143
Trd, 000206.617, 143
Trd, 000206.683, 123
Trd, 000207.800, 144.0
Trd, 000208.033, 141
Trd, 000208.517, 146
Trd, 000209.633, 146
Trd, 000209.833, 147
Trd, 000210.700, 147
Trd, 000210.733, 144
Trd, 000211.767, 147
Trd, 000212.250, 146
Trd, 000212.983, 145
Trd, 000213.050, 144
Trd, 000213.133, 143
Trd, 000214.117, 139
Trd, 000214.550, 131.0
Trd, 000214.883, 145
Trd, 000215.433, 125
Trd, 000215.600, 143
Trd, 000215.950, 138
Trd, 000217.150, 137
Trd, 000217.450, 140
Trd, 000218.050, 137
Trd, 000218.233, 141
Trd, 000220.633, 142
Trd, 000220.917, 142
Trd, 000221.117, 142
Trd, 000221.433, 141
Trd, 000221.967, 142
Trd, 000222.183, 141
Trd, 000222.233, 140
Trd, 000222.817, 143
Trd, 000223.433, 144.0
Trd, 000223.883, 142
Trd, 000224.800, 143
Trd, 000224.900, 148
Trd, 000225.083, 162
Trd, 000227.217, 149
Trd, 000227.383, 148
Trd, 000227.533, 152
Trd, 000227.983, 147
Trd, 000228.883, 147
Trd, 000229.067, 146
Trd, 000229.283, 131.0
Trd, 000229.733, 148
Trd, 000230.783, 148
Trd, 000232.283, 139
Trd, 000232.450, 140
Trd, 000233.083, 134
Trd, 000233.217, 138
Trd, 000233.950, 136
Trd, 000234.017, 137
Trd, 000234.567, 135.0
Trd, 000235.400, 139
Trd, 000235.483, 148
Trd, 000235.667, 134
Trd, 000235.733, 142
Trd, 000235.983, 162
Trd, 000236.650, 165.0
Trd, 000237.517, 166.0
Trd, 000237.867, 142
Trd, 000239.800, 147
Trd, 000239.883, 162
Trd, 000240.467, 153
Trd, 000240.917, 159.0
Trd, 000241.017, 159.0
Trd, 000241.150, 159.0
Trd, 000241.517, 159.0
Trd, 000241.583, 159.0
Trd, 000241.700, 158.0
Trd, 000242.000, 158
Trd, 000242.183, 156
Trd, 000242.300, 159
Trd, 000243.350, 158
Trd, 000243.767, 158
Trd, 000244.267, 157
Trd, 000244.500, 156
Trd, 000244.867, 155.0
Trd, 000245.500, 158
Trd, 000245.533, 155
Trd, 000245.617, 159
Trd, 000246.133, 155
Trd, 000246.533, 156
Trd, 000246.650, 154
Trd, 000247.133, 153
Trd, 000247.967, 150.0
Trd, 000248.100, 151.0
Trd, 000248.150, 150
Trd, 000248.567, 152
Trd, 000249.100, 151
Trd, 000249.367, 148.0
Trd, 000249.850, 151
Trd, 000250.600, 149
Trd, 000250.717, 150
Trd, 000250.733, 152
Trd, 000251.317, 162
Trd, 000251.350, 149
Trd, 000252.050, 155
Trd, 000252.333, 148
Trd, 000252.383, 149
Trd, 000252.533, 149
Trd, 000252.933, 151.0
Trd, 000253.150, 155
Trd, 000253.417, 151.0
Trd, 000253.567, 156.0
Trd, 000253.700, 150.0
Trd, 000254.367, 148
Trd, 000255.767, 155
Trd, 000256.033, 156
Trd, 000256.050, 154
Trd, 000257.717, 153
Trd, 000257.867, 152
Trd, 000258.367, 151
Trd, 000259.783, 137.0
Trd, 000259.850, 136.0
Trd, 000260.083, 144.0
Trd, 000260.550, 144
Trd, 000260.833, 144
Trd, 000260.917, 143
Trd, 000260.967, 144.0
Trd, 000261.583, 148
Trd, 000261.667, 147
Trd, 000261.817, 150
Trd, 000262.950, 158
Trd, 000263.467, 153
Trd, 000263.583, 160
Trd, 000263.867, 157
Trd, 000264.233, 157
Trd, 000264.517, 158
Trd, 000265.017, 156
Trd, 000265.450, 161
Trd, 000266.050, 156
Trd, 000266.650, 159.0
Trd, 000266.933, 158.0
Trd, 000267.567, 161
Trd, 000268.517, 159
Trd, 000269.433, 159
Trd, 000269.550, 159
Trd, 000269.717, 159
Trd, 000269.950, 158
Trd, 000269.983, 158
Trd, 000271.067, 152
Trd, 000271.250, 148.0
Trd, 000271.517, 134
Trd, 000271.850, 135
Trd, 000272.250, 136
Trd, 000272.533, 145.0
Trd, 000272.783, 142
Trd, 000272.917, 133.0
Trd, 000274.067, 141
Trd, 000274.483, 143.0
Trd, 000274.750, 142
Trd, 000274.800, 142
Trd, 000275.600, 144.0
Trd, 000275.983, 148
Trd, 000276.317, 150
Trd, 000276.517, 150
Trd, 000276.950, 151
Trd, 000277.500, 152
Trd, 000277.583, 153
Trd, 000277.717, 151
Trd, 000278.433, 150
Trd, 000278.633, 148.0
Trd, 000278.733, 154
Trd, 000279.350, 148
Trd, 000279.750, 156
Trd, 000280.183, 162
Trd, 000280.700, 156
Trd, 000280.917, 157
Trd, 000280.950, 159
Trd, 000283.183, 158
Trd, 000283.367, 158
Trd, 000283.633, 157
Trd, 000284.700, 156
Trd, 000284.883, 158
Trd, 000284.933, 159
Trd, 000285.217, 156.0
Trd, 000285.700, 162
Trd, 000286.133, 158.0
Trd, 000286.250, 155
Trd, 000287.933, 159
Trd, 000288.167, 158.0
Trd, 000288.450, 157.0
Trd, 000288.667, 157
Trd, 000288.700, 155.0
Trd, 000289.133, 156
Trd, 000290.167, 158
Trd, 000290.483, 159
Trd, 000290.500, 158.0
Trd, 000290.517, 160
Trd, 000290.817, 158
Trd, 000291.717, 159
Trd, 000292.300, 156
Trd, 000293.900, 156.0
Trd, 000293.933, 155.0
Trd, 000294.333, 154
Trd, 000294.800, 155
Trd, 000295.233, 154
Trd, 000295.600, 155
Trd, 000296.000, 154
Trd, 000296.617, 154
Trd, 000297.217, 154
Trd, 000297.533, 154
Trd, 000297.617, 153
Trd, 000297.800, 155
Trd, 000297.950, 151
Trd, 000299.200, 160
Trd, 000299.567, 161
