Trd, 000001.717, 120.0
Trd, 000002.850, 137
Trd, 000003.550, 136
Trd, 000004.017, 142
Trd, 000004.133, 141
Trd, 000004.150, 139
Trd, 000004.300, 157.0
Trd, 000004.433, 158.0
Trd, 000005.417, 156
Trd, 000006.250, 158
Trd, 000006.300, 159
Trd, 000009.250, 159
Trd, 000009.717, 158
Trd, 000009.833, 157
Trd, 000010.317, 156
Trd, 000010.950, 155
Trd, 000011.483, 156.0
Trd, 000011.683, 157.0
Trd, 000012.117, 155
Trd, 000012.933, 156
Trd, 000013.083, 157
Trd, 000013.917, 164
Trd, 000014.000, 155
Trd, 000014.150, 154
Trd, 000015.767, 152
Trd, 000016.400, 149
Trd, 000017.250, 149
Trd, 000017.900, 148
Trd, 000018.717, 150
Trd, 000018.733, 146
Trd, 000018.800, 150
Trd, 000020.117, 148
Trd, 000020.367, 149
Trd, 000020.583, 148.0
Trd, 000022.233, 143
Trd, 000022.383, 146
Trd, 000022.550, 147
Trd, 000023.550, 144
Trd, 000024.017, 148.0
Trd, 000025.783, 150
Trd, 000025.883, 153.0
Trd, 000025.900, 154.0
Trd, 000026.650, 150
Trd, 000027.517, 150
Trd, 000027.950, 152
Trd, 000028.100, 155
Trd, 000028.683, 150
Trd, 000029.550, 150
Trd, 000030.367, 149
Trd, 000030.400, 144.0
Trd, 000030.483, 150
Trd, 000030.950, 155
Trd, 000031.583, 147
Trd, 000032.500, 152
Trd, 000032.517, 153
Trd, 000032.900, 154
Trd, 000033.667, 155
Trd, 000033.950, 153
Trd, 000035.717, 146
Trd, 000036.317, 150
Trd, 000036.533, 147
Trd, 000036.783, 150
Trd, 000037.200, 149
Trd, 000037.900, 149
Trd, 000038.617, 146
Trd, 000038.833, 147
Trd, 000038.900, 151
Trd, 000039.317, 151
Trd, 000039.433, 159
Trd, 000040.600, 155
Trd, 000040.683, 145
Trd, 000042.017, 151
Trd, 000042.100, 150
Trd, 000042.450, 152
Trd, 000042.583, 151
Trd, 000043.233, 144.0
Trd, 000043.250, 152
Trd, 000043.717, 140
Trd, 000044.700, 153
Trd, 000044.817, 155
Trd, 000045.767, 148
Trd, 000046.250, 151
Trd, 000046.433, 152
Trd, 000047.467, 148
Trd, 000048.033, 148
Trd, 000048.367, 148
Trd, 000048.683, 147
Trd, 000048.850, 150
Trd, 000049.233, 140
Trd, 000049.867, 153
Trd, 000050.700, 152
Trd, 000050.783, 155
Trd, 000051.383, 156
Trd, 000052.100, 165
Trd, 000052.617, 175
Trd, 000053.067, 146
Trd, 000053.217, 145
Trd, 000053.700, 158
Trd, 000054.600, 158
Trd, 000055.300, 146
Trd, 000055.800, 154
Trd, 000057.617, 152
Trd, 000057.900, 152.0
Trd, 000058.300, 150.0
Trd, 000058.933, 152.0
Trd, 000059.533, 151
Trd, 000059.683, 154
Trd, 000059.850, 153
Trd, 000059.933, 150
Trd, 000060.400, 153
Trd, 000060.417, 153
Trd, 000060.533, 149
Trd, 000063.183, 148
Trd, 000063.283, 148
Trd, 000063.800, 147
Trd, 000064.017, 147
Trd, 000064.617, 148.0
Trd, 000064.767, 154
Trd, 000065.000, 155
Trd, 000065.117, 145.0
Trd, 000065.683, 155
Trd, 000065.833, 158.0
Trd, 000066.517, 144.0
Trd, 000068.767, 148
Trd, 000068.833, 150
Trd, 000069.633, 148
Trd, 000069.667, 146
Trd, 000071.017, 146
Trd, 000071.867, 149
Trd, 000072.617, 146
Trd, 000072.667, 148.0
Trd, 000072.883, 145
Trd, 000073.433, 144.0
Trd, 000073.783, 140
Trd, 000074.083, 145
Trd, 000074.100, 146
Trd, 000075.600, 145
Trd, 000076.383, 147
Trd, 000076.600, 146
Trd, 000077.617, 154
Trd, 000077.750, 158.0
Trd, 000079.400, 153
Trd, 000079.767, 147
Trd, 000080.600, 152
Trd, 000081.200, 150
Trd, 000081.317, 148
Trd, 000081.533, 147
Trd, 000081.800, 147
Trd, 000082.150, 148
Trd, 000083.217, 149
Trd, 000083.433, 148
Trd, 000083.633, 153
Trd, 000084.283, 154
Trd, 000084.933, 154
Trd, 000085.900, 154
Trd, 000086.100, 152
Trd, 000086.900, 158.0
Trd, 000087.183, 155
Trd, 000087.767, 150
Trd, 000087.950, 154
Trd, 000088.200, 169
Trd, 000089.950, 158.0
Trd, 000090.317, 155
Trd, 000090.550, 157
Trd, 000091.217, 154
Trd, 000092.550, 155
Trd, 000092.733, 154
Trd, 000093.167, 155
Trd, 000094.183, 154
Trd, 000095.233, 145.0
Trd, 000097.017, 151
Trd, 000097.133, 150
Trd, 000097.283, 149
Trd, 000098.050, 151
Trd, 000098.267, 150
Trd, 000098.933, 148
Trd, 000099.033, 150
Trd, 000100.033, 150
Trd, 000101.733, 147
Trd, 000101.800, 148
Trd, 000102.000, 155
Trd, 000102.333, 144.0
Trd, 000102.783, 139
Trd, 000103.017, 151
Trd, 000103.150, 134.0
Trd, 000103.517, 158.0
Trd, 000104.950, 151
Trd, 000105.367, 149
Trd, 000105.833, 148
Trd, 000106.233, 148.0
Trd, 000106.550, 145
Trd, 000107.200, 153
Trd, 000107.917, 145
Trd, 000108.683, 146
Trd, 000108.817, 146
Trd, 000109.000, 144
Trd, 000109.933, 146
Trd, 000111.617, 147
Trd, 000111.917, 149
Trd, 000112.850, 149
Trd, 000113.083, 155
Trd, 000113.817, 149
Trd, 000114.433, 147
Trd, 000114.800, 142
Trd, 000115.200, 143
Trd, 000115.383, 144
Trd, 000115.750, 143
Trd, 000116.800, 141
Trd, 000117.067, 139
Trd, 000118.150, 142
Trd, 000118.233, 143
Trd, 000118.400, 140
Trd, 000118.717, 144
Trd, 000118.850, 144
Trd, 000119.817, 148.0
Trd, 000120.883, 144
Trd, 000121.317, 144.0
Trd, 000122.133, 144
Trd, 000122.200, 146
Trd, 000122.450, 148.0
Trd, 000122.483, 155
Trd, 000124.733, 148
Trd, 000125.200, 146
Trd, 000125.400, 148.0
Trd, 000125.500, 148
Trd, 000125.717, 148
Trd, 000126.350, 145
Trd, 000127.300, 147
Trd, 000127.533, 147
Trd, 000127.750, 146
Trd, 000127.917, 145
Trd, 000128.183, 148
Trd, 000128.533, 154
Trd, 000128.633, 145.0
Trd, 000130.000, 155
Trd, 000130.517, 158.0
Trd, 000130.917, 172
Trd, 000131.567, 173
Trd, 000132.217, 171
Trd, 000133.083, 166
Trd, 000133.467, 169
Trd, 000133.533, 155
Trd, 000135.633, 163
Trd, 000135.833, 161
Trd, 000136.833, 159
Trd, 000138.433, 154
Trd, 000138.967, 144.0
Trd, 000139.550, 148
Trd, 000139.617, 149
Trd, 000139.683, 147
Trd, 000140.050, 140
Trd, 000140.117, 137.0
Trd, 000140.350, 147
Trd, 000140.450, 148
Trd, 000140.817, 148
Trd, 000141.117, 147
Trd, 000141.633, 155
Trd, 000143.383, 149
Trd, 000144.067, 147
Trd, 000144.483, 149
Trd, 000146.367, 146
Trd, 000146.417, 144
Trd, 000146.467, 147
Trd, 000146.500, 148.0
Trd, 000146.800, 142
Trd, 000147.400, 148
Trd, 000148.600, 149
Trd, 000148.733, 143
Trd, 000149.750, 149
Trd, 000150.333, 144
Trd, 000150.450, 152
Trd, 000150.467, 144.0
Trd, 000151.217, 154.0
Trd, 000152.117, 149
Trd, 000152.167, 146
Trd, 000152.600, 146
Trd, 000153.100, 148.0
Trd, 000153.250, 149.0
Trd, 000154.283, 146
Trd, 000155.417, 148
Trd, 000155.750, 146.0
Trd, 000155.917, 148.0
Trd, 000156.267, 144.0
Trd, 000156.867, 144
Trd, 000157.050, 148
Trd, 000157.117, 155
Trd, 000157.683, 157.0
Trd, 000159.117, 148
Trd, 000159.150, 149
Trd, 000159.267, 146
Trd, 000159.517, 150
Trd, 000159.900, 146
Trd, 000160.200, 150
Trd, 000161.300, 148
Trd, 000161.317, 147
Trd, 000162.550, 154
Trd, 000162.633, 155
Trd, 000163.150, 154
Trd, 000164.017, 162
Trd, 000164.050, 165
Trd, 000165.233, 167
Trd, 000165.500, 160
Trd, 000165.550, 158
Trd, 000165.850, 156
Trd, 000167.567, 158
Trd, 000168.033, 158
Trd, 000168.083, 150
Trd, 000168.933, 155
Trd, 000169.033, 156
Trd, 000169.650, 153
Trd, 000170.100, 154
Trd, 000170.883, 153
Trd, 000171.650, 147.0
Trd, 000171.717, 152
Trd, 000172.933, 150
Trd, 000173.250, 150
Trd, 000173.350, 149
Trd, 000173.433, 152
Trd, 000173.783, 155
Trd, 000175.483, 158.0
Trd, 000175.567, 153
Trd, 000176.050, 174
Trd, 000176.950, 154
Trd, 000177.417, 162
Trd, 000179.567, 156
Trd, 000180.567, 145.0
Trd, 000180.733, 140
Trd, 000181.300, 155
Trd, 000181.750, 155
Trd, 000182.600, 152
Trd, 000183.633, 152
Trd, 000184.733, 151
Trd, 000184.817, 150
Trd, 000185.750, 150
Trd, 000186.000, 147
Trd, 000186.183, 140
Trd, 000186.533, 149
Trd, 000187.367, 148
Trd, 000187.817, 147
Trd, 000188.700, 144
Trd, 000188.783, 140
Trd, 000189.350, 142
Trd, 000190.033, 142
Trd, 000190.200, 141
Trd, 000190.450, 143
Trd, 000191.183, 144
Trd, 000191.967, 143
Trd, 000192.083, 144
Trd, 000193.433, 148.0
Trd, 000193.800, 154
Trd, 000193.967, 143
Trd, 000194.133, 143
Trd, 000194.250, 155
Trd, 000194.800, 143
Trd, 000196.267, 144
Trd, 000196.317, 149
Trd, 000196.733, 147
Trd, 000197.433, 144.0
Trd, 000198.283, 143
Trd, 000198.983, 142
Trd, 000199.350, 142
Trd, 000199.483, 142
Trd, 000199.900, 141
Trd, 000199.967, 144
Trd, 000200.783, 144
Trd, 000201.283, 145
Trd, 000202.283, 149
Trd, 000202.317, 154
Trd, 000203.483, 153
Trd, 000204.883, 153
Trd, 000205.183, 154
Trd, 000205.217, 155
Trd, 000205.783, 152
Trd, 000205.883, 154
Trd, 000206.217, 154
Trd, 000206.700, 150
Trd, 000206.867, 149
Trd, 000207.850, 154
Trd, 000208.350, 153
Trd, 000209.233, 153
Trd, 000209.650, 150
Trd, 000209.933, 151
Trd, 000210.233, 148
Trd, 000210.333, 149
Trd, 000210.350, 151
Trd, 000211.167, 156
Trd, 000212.067, 153
Trd, 000213.267, 154
Trd, 000214.217, 154
Trd, 000214.450, 155
Trd, 000214.483, 152
Trd, 000214.617, 155
Trd, 000214.717, 156
Trd, 000214.767, 158.0
Trd, 000215.833, 158
Trd, 000216.233, 159
Trd, 000216.900, 159
Trd, 000217.467, 154
Trd, 000217.900, 153
Trd, 000219.117, 153
Trd, 000219.183, 152
Trd, 000219.483, 152
Trd, 000220.067, 155
Trd, 000221.767, 150
Trd, 000221.900, 155
Trd, 000222.400, 155
Trd, 000222.933, 148
Trd, 000222.950, 155
Trd, 000223.083, 156
Trd, 000224.583, 156
Trd, 000225.050, 151
Trd, 000226.450, 151
Trd, 000226.483, 150
Trd, 000226.550, 151
Trd, 000226.850, 148
Trd, 000227.467, 145
Trd, 000228.267, 144.0
Trd, 000228.333, 147
Trd, 000229.333, 146
Trd, 000230.083, 145
Trd, 000230.633, 146
Trd, 000231.183, 145
Trd, 000231.200, 147
Trd, 000231.467, 149
Trd, 000231.883, 145.0
Trd, 000233.250, 147
Trd, 000233.700, 147
Trd, 000233.900, 148
Trd, 000234.550, 145
Trd, 000235.017, 145.0
Trd, 000235.650, 146.0
Trd, 000235.967, 148.0
Trd, 000236.200, 158.0
Trd, 000236.317, 156
Trd, 000236.367, 148
Trd, 000238.167, 154
Trd, 000238.283, 150
Trd, 000238.917, 155
Trd, 000239.250, 155
Trd, 000239.833, 155
Trd, 000240.067, 152
Trd, 000240.533, 154
Trd, 000240.800, 154
Trd, 000240.867, 156
Trd, 000241.067, 156
Trd, 000242.117, 154
Trd, 000242.950, 152
Trd, 000243.017, 154.0
Trd, 000243.333, 154.0
Trd, 000243.400, 152
Trd, 000243.917, 152
Trd, 000244.617, 155.0
Trd, 000244.733, 155
Trd, 000245.033, 154
Trd, 000245.733, 153
Trd, 000246.083, 154
Trd, 000246.150, 155
Trd, 000246.750, 153
Trd, 000247.067, 151
Trd, 000248.000, 149.0
Trd, 000248.017, 148.0
Trd, 000248.217, 150
Trd, 000248.533, 150
Trd, 000249.000, 148
Trd, 000249.083, 149
Trd, 000249.500, 150
Trd, 000249.550, 151
Trd, 000249.717, 151.0
Trd, 000250.167, 144.0
Trd, 000250.533, 146
Trd, 000251.450, 148
Trd, 000252.517, 148
Trd, 000252.750, 147.0
Trd, 000252.983, 148.0
Trd, 000253.567, 154.0
Trd, 000254.017, 146
Trd, 000255.667, 150
Trd, 000255.717, 152
Trd, 000256.367, 152
Trd, 000256.717, 148
Trd, 000256.733, 153
Trd, 000256.750, 154
Trd, 000257.067, 148
Trd, 000257.133, 155
Trd, 000258.183, 149.0
Trd, 000258.400, 151
Trd, 000258.517, 148.0
Trd, 000258.567, 152
Trd, 000259.367, 150
Trd, 000261.050, 149
Trd, 000261.150, 148
Trd, 000261.417, 147
Trd, 000262.000, 144.0
Trd, 000262.050, 147.0
Trd, 000262.150, 144
Trd, 000262.233, 149
Trd, 000262.583, 148
Trd, 000262.667, 144
Trd, 000263.300, 148
Trd, 000263.433, 148.0
Trd, 000264.283, 145
Trd, 000264.750, 144
Trd, 000264.833, 137.0
Trd, 000265.133, 148
Trd, 000265.267, 151.0
Trd, 000265.350, 158.0
Trd, 000265.900, 151.0
Trd, 000267.133, 150
Trd, 000267.433, 150
Trd, 000267.517, 150
Trd, 000268.783, 149
Trd, 000269.217, 148
Trd, 000269.917, 148
Trd, 000270.033, 148.0
Trd, 000270.333, 150
Trd, 000270.633, 152
Trd, 000270.983, 146
Trd, 000271.000, 153
Trd, 000271.900, 149.0
Trd, 000272.733, 148.0
Trd, 000272.917, 150.0
Trd, 000273.117, 151.0
Trd, 000273.567, 146
Trd, 000273.867, 145.0
Trd, 000274.017, 144.0
Trd, 000274.050, 152
Trd, 000274.217, 151
Trd, 000275.050, 150
Trd, 000275.100, 151
Trd, 000275.550, 151
Trd, 000275.583, 146
Trd, 000276.683, 151
Trd, 000276.833, 150.0
Trd, 000277.083, 148.0
Trd, 000277.633, 147
Trd, 000277.717, 150.0
Trd, 000277.883, 151.0
Trd, 000278.600, 152
Trd, 000279.300, 151
Trd, 000279.700, 158.0
Trd, 000280.267, 149
Trd, 000280.667, 156
Trd, 000281.067, 160.0
Trd, 000281.683, 156
Trd, 000282.117, 151
Trd, 000282.883, 150
Trd, 000283.050, 154
Trd, 000283.167, 149
Trd, 000283.183, 154
Trd, 000283.383, 148.0
Trd, 000283.617, 146.0
Trd, 000283.783, 144.0
Trd, 000284.450, 152
Trd, 000284.983, 151.0
Trd, 000285.200, 154
Trd, 000286.067, 151
Trd, 000286.317, 150
Trd, 000286.567, 148
Trd, 000286.817, 148
Trd, 000286.967, 151
Trd, 000289.150, 151.0
Trd, 000289.483, 151.0
Trd, 000289.733, 151
Trd, 000290.083, 148.0
Trd, 000290.450, 148
Trd, 000290.517, 152
Trd, 000290.717, 152
Trd, 000290.800, 153
Trd, 000291.717, 146
Trd, 000292.100, 151
Trd, 000292.667, 151.0
Trd, 000292.700, 147.0
Trd, 000292.950, 152
Trd, 000293.550, 155
Trd, 000294.083, 148
Trd, 000294.283, 158.0
Trd, 000294.717, 150
Trd, 000294.750, 154
Trd, 000294.983, 155
Trd, 000295.600, 149
Trd, 000296.050, 148
Trd, 000296.217, 157
Trd, 000296.417, 160.0
Trd, 000297.433, 148.0
Trd, 000297.950, 157
Trd, 000298.217, 146
Trd, 000298.250, 156
Trd, 000298.950, 146
Trd, 000299.133, 153
