Trd, 000000.950, 179.0
Trd, 000001.200, 155
Trd, 000003.917, 174.0
Trd, 000004.300, 172.0
Trd, 000004.517, 165.0
Trd, 000005.600, 165.0
Trd, 000006.517, 164
Trd, 000007.217, 162
Trd, 000007.367, 164.0
Trd, 000007.683, 157
Trd, 000009.200, 164.0
Trd, 000010.233, 162.0
Trd, 000010.333, 158
Trd, 000010.800, 159
Trd, 000011.417, 158
Trd, 000011.467, 155.0
Trd, 000011.567, 161
Trd, 000011.750, 161
Trd, 000012.350, 156
Trd, 000013.983, 151
Trd, 000015.083, 152
Trd, 000015.150, 153
Trd, 000016.550, 153
Trd, 000017.467, 155.0
Trd, 000018.400, 155
Trd, 000018.817, 158.0
Trd, 000019.067, 162.0
Trd, 000020.183, 154.0
Trd, 000020.667, 153
Trd, 000020.867, 149
Trd, 000021.033, 155.0
Trd, 000022.433, 154
Trd, 000022.750, 152
Trd, 000023.350, 158.0
Trd, 000023.417, 151
Trd, 000023.700, 149
Trd, 000025.033, 155
Trd, 000025.217, 154
Trd, 000025.483, 153
Trd, 000026.283, 153
Trd, 000027.267, 162.0
Trd, 000028.450, 149
Trd, 000028.867, 148
Trd, 000029.783, 148
Trd, 000030.183, 149
Trd, 000030.550, 146
Trd, 000030.733, 151
Trd, 000031.733, 148
Trd, 000032.567, 149
Trd, 000032.667, 158.0
Trd, 000034.067, 151
Trd, 000034.467, 152
Trd, 000035.400, 155.0
Trd, 000035.467, 162.0
Trd, 000035.617, 152
Trd, 000036.200, 150
Trd, 000037.417, 159
Trd, 000037.567, 157
Trd, 000038.383, 159
Trd, 000038.817, 162.0
Trd, 000040.183, 159
Trd, 000040.283, 158
Trd, 000040.600, 161
Trd, 000041.650, 158
Trd, 000041.967, 155.0
Trd, 000042.600, 158
Trd, 000043.200, 159
Trd, 000043.867, 155
Trd, 000044.083, 159
Trd, 000045.400, 152
Trd, 000045.650, 147.0
Trd, 000045.867, 154.0
Trd, 000047.233, 153
Trd, 000047.917, 152
Trd, 000048.567, 154
Trd, 000049.717, 154.0
Trd, 000049.733, 153
Trd, 000049.767, 155.0
Trd, 000050.033, 156
Trd, 000050.600, 154
Trd, 000050.717, 152
Trd, 000052.583, 155.0
Trd, 000052.667, 154
Trd, 000053.100, 153
Trd, 000055.133, 139
Trd, 000055.183, 141
Trd, 000055.483, 142
Trd, 000055.500, 148.0
Trd, 000055.867, 158.0
Trd, 000055.883, 162.0
Trd, 000056.517, 165
Trd, 000058.117, 162.0
Trd, 000058.283, 165.0
Trd, 000058.517, 155
Trd, 000058.817, 150
Trd, 000059.483, 158
Trd, 000059.850, 160
Trd, 000060.867, 164
Trd, 000061.067, 165.0
Trd, 000062.550, 156
Trd, 000063.183, 152
Trd, 000063.533, 155
Trd, 000064.383, 152
Trd, 000064.617, 154
Trd, 000065.217, 154.0
Trd, 000065.633, 153
Trd, 000065.700, 154.0
Trd, 000066.100, 154
Trd, 000066.167, 137
Trd, 000066.217, 155.0
Trd, 000067.033, 154
Trd, 000067.433, 151
Trd, 000067.800, 157
Trd, 000068.383, 152
Trd, 000068.650, 154
Trd, 000069.317, 153
Trd, 000070.067, 157
Trd, 000072.667, 145
Trd, 000072.983, 142
Trd, 000073.117, 147
Trd, 000073.683, 149
Trd, 000074.817, 151
Trd, 000075.583, 155.0
Trd, 000076.000, 152
Trd, 000076.617, 153
Trd, 000077.067, 154
Trd, 000077.133, 159
Trd, 000077.817, 161.0
Trd, 000078.267, 154
Trd, 000078.617, 155.0
Trd, 000079.917, 154
Trd, 000081.350, 156
Trd, 000082.550, 156.0
Trd, 000083.800, 156
Trd, 000084.217, 151
Trd, 000084.567, 151
Trd, 000085.433, 155.0
Trd, 000086.467, 153
Trd, 000086.800, 152
Trd, 000088.217, 153
Trd, 000088.233, 154
Trd, 000088.417, 155.0
Trd, 000088.600, 158.0
Trd, 000088.617, 152
Trd, 000088.967, 151
Trd, 000089.833, 154
Trd, 000090.383, 152
Trd, 000091.017, 151
Trd, 000091.783, 152
Trd, 000091.883, 162.0
Trd, 000094.200, 158
Trd, 000094.850, 156.0
Trd, 000094.983, 153
Trd, 000095.433, 154.0
Trd, 000095.667, 151
Trd, 000096.117, 150
Trd, 000096.267, 156
Trd, 000096.833, 158.0
Trd, 000097.333, 155.0
Trd, 000098.300, 151
Trd, 000099.300, 154
Trd, 000100.067, 148
Trd, 000101.317, 148
Trd, 000101.867, 151
Trd, 000102.350, 150
Trd, 000103.000, 150
Trd, 000103.050, 149
Trd, 000104.367, 146.0
Trd, 000105.933, 149
Trd, 000106.217, 149
Trd, 000106.233, 150
Trd, 000106.967, 151
Trd, 000107.850, 162.0
Trd, 000108.433, 163.0
Trd, 000108.767, 163.0
Trd, 000109.733, 164
Trd, 000109.800, 150
Trd, 000110.683, 159
Trd, 000111.183, 155
Trd, 000111.333, 157
Trd, 000112.117, 154
Trd, 000112.500, 153
Trd, 000113.250, 148
Trd, 000114.367, 149
Trd, 000114.767, 158
Trd, 000115.483, 154.0
Trd, 000115.717, 153
Trd, 000118.250, 155.0
Trd, 000118.317, 156
Trd, 000118.950, 160
Trd, 000120.300, 155.0
Trd, 000120.400, 152
Trd, 000122.117, 152
Trd, 000122.583, 155
Trd, 000124.233, 152
Trd, 000124.783, 153
Trd, 000125.050, 152
Trd, 000125.300, 154
Trd, 000126.183, 154
Trd, 000126.433, 152
Trd, 000126.633, 155
Trd, 000127.317, 153
Trd, 000127.600, 155.0
Trd, 000127.883, 150
Trd, 000128.783, 154
Trd, 000129.283, 153
Trd, 000131.250, 154
Trd, 000132.300, 149
Trd, 000132.350, 150
Trd, 000132.383, 144.0
Trd, 000132.967, 151
Trd, 000134.167, 151
Trd, 000134.617, 152
Trd, 000134.767, 152
Trd, 000135.817, 155.0
Trd, 000136.550, 154
Trd, 000136.600, 162.0
Trd, 000136.883, 153
Trd, 000137.833, 149
Trd, 000137.933, 154
Trd, 000138.183, 156
Trd, 000139.250, 155
Trd, 000140.883, 150
Trd, 000141.183, 151
Trd, 000143.283, 151
Trd, 000143.817, 151
Trd, 000144.450, 152
Trd, 000144.750, 155.0
Trd, 000145.317, 153
Trd, 000145.550, 158.0
Trd, 000145.800, 162.0
Trd, 000145.967, 164.0
Trd, 000146.533, 153
Trd, 000147.933, 155.0
Trd, 000148.083, 165.0
Trd, 000150.333, 160
Trd, 000151.033, 159
Trd, 000151.317, 160
Trd, 000151.367, 157
Trd, 000151.700, 160
Trd, 000152.183, 160
Trd, 000152.383, 158
Trd, 000152.917, 158
Trd, 000153.683, 160
Trd, 000153.717, 157
Trd, 000154.200, 162.0
Trd, 000156.133, 153
Trd, 000156.200, 156
Trd, 000156.717, 145.0
Trd, 000156.917, 158.0
Trd, 000157.117, 144.0
Trd, 000160.200, 153
Trd, 000160.383, 153
Trd, 000160.533, 154
Trd, 000160.617, 158.0
Trd, 000160.800, 148
Trd, 000160.917, 153
Trd, 000162.467, 154
Trd, 000163.100, 151
Trd, 000164.067, 153
Trd, 000164.700, 152
Trd, 000165.050, 148
Trd, 000165.250, 153
Trd, 000165.550, 147.0
Trd, 000165.683, 155.0
Trd, 000166.417, 153
Trd, 000166.750, 155
Trd, 000167.750, 150
Trd, 000168.867, 154
Trd, 000169.500, 151
Trd, 000169.767, 150
Trd, 000169.883, 148
Trd, 000170.733, 149
Trd, 000170.783, 155.0
Trd, 000171.283, 162.0
Trd, 000172.100, 158
Trd, 000172.217, 158.0
Trd, 000173.700, 155
Trd, 000174.600, 149
Trd, 000174.633, 155
Trd, 000174.767, 147
Trd, 000174.900, 161.0
Trd, 000175.767, 148
Trd, 000176.650, 153
Trd, 000177.950, 153
Trd, 000177.983, 155.0
Trd, 000178.767, 162.0
Trd, 000179.950, 155
Trd, 000180.983, 154
Trd, 000181.133, 150
Trd, 000181.233, 156.0
Trd, 000181.350, 157
Trd, 000182.167, 151
Trd, 000182.367, 149
Trd, 000182.467, 150
Trd, 000183.633, 144.0
Trd, 000184.167, 152
Trd, 000184.550, 151
Trd, 000185.117, 155.0
Trd, 000185.167, 158.0
Trd, 000185.367, 152
Trd, 000186.417, 151
Trd, 000186.700, 151
Trd, 000187.233, 152
Trd, 000188.533, 153
Trd, 000189.167, 152
Trd, 000189.667, 150
Trd, 000189.733, 154
Trd, 000190.483, 155
Trd, 000190.533, 149
Trd, 000190.817, 155.0
Trd, 000190.950, 157.0
Trd, 000191.617, 149
Trd, 000191.883, 158.0
Trd, 000192.833, 157
Trd, 000193.150, 157
Trd, 000194.500, 160.0
Trd, 000195.067, 157
Trd, 000195.333, 155.0
Trd, 000197.733, 158.0
Trd, 000198.183, 160
Trd, 000198.350, 159
Trd, 000199.933, 159
Trd, 000200.000, 162.0
Trd, 000201.500, 159
Trd, 000201.617, 158
Trd, 000201.683, 159
Trd, 000202.450, 161
Trd, 000203.333, 165.0
Trd, 000204.850, 159
Trd, 000204.950, 160
Trd, 000205.417, 157
Trd, 000205.750, 155.0
Trd, 000207.083, 145
Trd, 000207.167, 154.0
Trd, 000207.533, 153
Trd, 000207.717, 154
Trd, 000210.017, 153
Trd, 000211.017, 150
Trd, 000211.100, 149
Trd, 000211.467, 150
Trd, 000211.867, 151
Trd, 000212.600, 154.0
Trd, 000214.033, 155.0
Trd, 000214.683, 150
Trd, 000215.033, 151.0
Trd, 000215.883, 154
Trd, 000216.183, 152
Trd, 000216.250, 153
Trd, 000216.717, 151
Trd, 000216.900, 153
Trd, 000217.400, 155.0
Trd, 000218.350, 154
Trd, 000218.383, 154
Trd, 000219.383, 160
Trd, 000219.450, 162.0
Trd, 000219.683, 160
Trd, 000221.400, 155.0
Trd, 000221.567, 156
Trd, 000221.983, 153
Trd, 000222.117, 159
Trd, 000223.200, 159
Trd, 000223.950, 159
Trd, 000226.500, 156
Trd, 000226.667, 157
Trd, 000227.050, 156.0
Trd, 000227.283, 158
Trd, 000227.867, 157
Trd, 000228.317, 158
Trd, 000229.267, 156
Trd, 000229.700, 162.0
Trd, 000230.617, 158
Trd, 000232.700, 157.0
Trd, 000232.950, 158.0
Trd, 000233.500, 155.0
Trd, 000233.683, 159
Trd, 000235.200, 158.0
Trd, 000235.383, 159.0
Trd, 000235.817, 158
Trd, 000236.017, 160
Trd, 000236.150, 144.0
Trd, 000236.900, 162.0
Trd, 000237.833, 160
Trd, 000239.150, 152
Trd, 000239.600, 151
Trd, 000239.867, 155.0
Trd, 000240.583, 146
Trd, 000240.600, 148
Trd, 000240.933, 149
Trd, 000241.100, 151
Trd, 000242.050, 150
Trd, 000242.333, 149
Trd, 000242.400, 152
Trd, 000242.483, 158.0
Trd, 000243.200, 155.0
Trd, 000243.667, 152
Trd, 000243.767, 158.0
Trd, 000244.500, 153.0
Trd, 000244.717, 161.0
Trd, 000244.750, 162.0
Trd, 000246.367, 154
Trd, 000246.633, 156
Trd, 000246.667, 158
Trd, 000246.983, 158
Trd, 000248.017, 154
Trd, 000248.217, 150
Trd, 000248.250, 155
Trd, 000248.667, 149.0
Trd, 000249.083, 153
Trd, 000249.333, 152.0
Trd, 000249.417, 157
Trd, 000250.250, 151
Trd, 000250.467, 150.0
Trd, 000251.317, 148.0
Trd, 000251.700, 151
Trd, 000252.500, 155
Trd, 000252.900, 155.0
Trd, 000253.100, 156.0
Trd, 000253.117, 154
Trd, 000253.917, 146.0
Trd, 000254.133, 147
Trd, 000254.200, 146.0
Trd, 000254.750, 148
Trd, 000256.283, 148.0
Trd, 000256.800, 147
Trd, 000256.983, 145
Trd, 000257.133, 148
Trd, 000257.933, 151
Trd, 000258.433, 150.0
Trd, 000258.867, 152
Trd, 000259.967, 155.0
Trd, 000260.467, 154.0
Trd, 000260.500, 153.0
Trd, 000261.167, 152
Trd, 000261.767, 152
Trd, 000262.200, 149
Trd, 000262.350, 144.0
Trd, 000262.617, 148
Trd, 000264.300, 150
Trd, 000264.500, 146
Trd, 000264.700, 151
Trd, 000264.967, 151
Trd, 000264.983, 150
Trd, 000265.517, 152
Trd, 000266.200, 147
Trd, 000266.750, 152
Trd, 000267.333, 148
Trd, 000267.367, 148.0
Trd, 000267.600, 155.0
Trd, 000268.383, 155
Trd, 000268.567, 153
Trd, 000269.250, 158
Trd, 000269.500, 162.0
Trd, 000270.167, 155
Trd, 000270.667, 159
Trd, 000271.000, 155.0
Trd, 000271.283, 154
Trd, 000271.600, 148.0
Trd, 000271.617, 144.0
Trd, 000271.833, 159
Trd, 000273.067, 169
Trd, 000273.100, 163
Trd, 000273.500, 165.0
Trd, 000273.683, 162.0
Trd, 000275.000, 154
Trd, 000275.017, 155.0
Trd, 000275.717, 154
Trd, 000275.850, 153
Trd, 000276.200, 150.0
Trd, 000276.800, 151.0
Trd, 000276.850, 158.0
Trd, 000278.267, 153
Trd, 000278.300, 164
Trd, 000278.667, 155
Trd, 000279.450, 149
Trd, 000279.883, 157.0
Trd, 000280.667, 155
Trd, 000280.883, 156
Trd, 000281.150, 157.0
Trd, 000281.650, 154
Trd, 000282.400, 153
Trd, 000282.683, 155.0
Trd, 000282.900, 158.0
Trd, 000283.417, 158
Trd, 000283.617, 162.0
Trd, 000284.117, 162
Trd, 000284.283, 157
Trd, 000284.783, 156
Trd, 000284.800, 153
Trd, 000285.100, 160
Trd, 000285.650, 152
Trd, 000286.000, 155.0
Trd, 000287.467, 155
Trd, 000287.583, 153
Trd, 000287.850, 154
Trd, 000288.283, 156
Trd, 000288.700, 162.0
Trd, 000289.167, 155.0
Trd, 000289.483, 151.0
Trd, 000289.933, 165.0
Trd, 000290.217, 150.0
Trd, 000290.267, 148.0
Trd, 000291.033, 141
Trd, 000291.100, 148.0
Trd, 000291.650, 152
Trd, 000293.050, 147
Trd, 000293.067, 142
Trd, 000293.333, 152
Trd, 000293.733, 144.0
Trd, 000294.300, 149
Trd, 000294.333, 148.0
Trd, 000294.400, 158.0
Trd, 000295.483, 161.0
Trd, 000295.600, 151
Trd, 000297.233, 155.0
Trd, 000297.350, 154
Trd, 000297.467, 158
Trd, 000297.617, 144.0
Trd, 000298.017, 149
Trd, 000298.283, 154.0
Trd, 000298.917, 152
Trd, 000299.133, 155.0
Trd, 000299.967, 151
