Trd, 000001.633, 180
Trd, 000002.467, 168.0
Trd, 000002.700, 165
Trd, 000002.867, 162.0
Trd, 000003.533, 165
Trd, 000004.217, 138
Trd, 000004.617, 158
Trd, 000005.967, 156
Trd, 000006.483, 148
Trd, 000006.600, 148
Trd, 000007.350, 147
Trd, 000007.850, 141
Trd, 000008.000, 155
Trd, 000008.550, 149
Trd, 000008.783, 156
Trd, 000009.017, 145
Trd, 000009.517, 162.0
Trd, 000010.333, 153
Trd, 000012.183, 151
Trd, 000013.133, 148.0
Trd, 000013.517, 144.0
Trd, 000013.867, 150
Trd, 000014.667, 148
Trd, 000014.967, 147
Trd, 000015.017, 153
Trd, 000015.133, 155
Trd, 000015.483, 146
Trd, 000015.817, 158.0
Trd, 000015.850, 162.0
Trd, 000017.517, 152
Trd, 000017.833, 157
Trd, 000018.283, 148
Trd, 000018.883, 148.0
Trd, 000020.233, 154
Trd, 000020.750, 154
Trd, 000021.017, 156
Trd, 000021.300, 157
Trd, 000021.733, 157
Trd, 000021.800, 158.0
Trd, 000023.417, 155
Trd, 000023.917, 152
Trd, 000024.017, 155
Trd, 000025.017, 148
Trd, 000025.467, 148.0
Trd, 000025.583, 155
Trd, 000026.233, 153
Trd, 000026.667, 154
Trd, 000027.217, 158.0
Trd, 000027.967, 164.0
Trd, 000028.750, 154
Trd, 000029.650, 155
Trd, 000030.317, 158
Trd, 000030.583, 158
Trd, 000032.367, 156
Trd, 000032.417, 157
Trd, 000033.283, 157
Trd, 000033.383, 158.0
Trd, 000034.983, 158
Trd, 000035.350, 155
Trd, 000035.700, 153
Trd, 000035.900, 156
Trd, 000036.350, 157
Trd, 000037.550, 153
Trd, 000037.967, 157
Trd, 000038.750, 157.0
Trd, 000039.283, 153
Trd, 000039.300, 152
Trd, 000040.050, 156
Trd, 000040.950, 155
Trd, 000041.200, 151
Trd, 000042.267, 151
Trd, 000043.233, 151
Trd, 000043.333, 150
Trd, 000043.383, 155
Trd, 000043.767, 155
Trd, 000044.717, 158.0
Trd, 000044.817, 149
Trd, 000046.267, 162.0
Trd, 000046.333, 165.0
Trd, 000046.650, 159
Trd, 000048.833, 157
Trd, 000049.417, 154
Trd, 000049.650, 153
Trd, 000050.100, 152
Trd, 000050.350, 158
Trd, 000050.933, 157
Trd, 000051.333, 158.0
Trd, 000051.617, 159
Trd, 000052.883, 157
Trd, 000053.433, 151
Trd, 000054.467, 155
Trd, 000054.867, 152
Trd, 000055.267, 153
Trd, 000056.900, 152
Trd, 000057.300, 153
Trd, 000057.883, 150
Trd, 000058.083, 150
Trd, 000058.417, 151
Trd, 000058.433, 155
Trd, 000058.500, 158.0
Trd, 000058.567, 146.0
Trd, 000059.500, 147
Trd, 000060.500, 158.0
Trd, 000060.700, 162.0
Trd, 000061.467, 161
Trd, 000062.483, 152
Trd, 000062.700, 153
Trd, 000062.733, 147
Trd, 000063.267, 157
Trd, 000063.417, 148.0
Trd, 000064.800, 153
Trd, 000067.017, 153
Trd, 000067.267, 148
Trd, 000067.450, 154
Trd, 000068.017, 148
Trd, 000068.100, 158.0
Trd, 000069.200, 153
Trd, 000069.250, 154
Trd, 000069.883, 155
Trd, 000070.383, 152
Trd, 000070.850, 153
Trd, 000070.917, 151
Trd, 000070.950, 162.0
Trd, 000072.150, 146.0
Trd, 000072.867, 165.0
Trd, 000073.600, 147
Trd, 000073.950, 158
Trd, 000074.317, 150
Trd, 000074.617, 157
Trd, 000074.750, 156
Trd, 000076.667, 152
Trd, 000077.650, 151
Trd, 000077.783, 149
Trd, 000078.517, 148.0
Trd, 000079.033, 151
Trd, 000079.300, 145.0
Trd, 000079.967, 143
Trd, 000080.117, 141
Trd, 000080.367, 141
Trd, 000080.500, 155
Trd, 000081.333, 154
Trd, 000081.800, 155
Trd, 000082.150, 158.0
Trd, 000083.117, 146
Trd, 000083.183, 150
Trd, 000083.967, 143
Trd, 000084.033, 143
Trd, 000084.050, 154
Trd, 000085.083, 155
Trd, 000085.950, 156
Trd, 000087.633, 147
Trd, 000087.717, 152
Trd, 000087.883, 146
Trd, 000088.183, 152
Trd, 000088.217, 151
Trd, 000088.483, 150
Trd, 000088.533, 156
Trd, 000088.967, 144.0
Trd, 000089.900, 164.0
Trd, 000090.400, 162.0
Trd, 000092.617, 155
Trd, 000092.900, 154
Trd, 000093.417, 153
Trd, 000093.450, 160
Trd, 000094.067, 151
Trd, 000094.150, 159
Trd, 000094.700, 155
Trd, 000095.050, 156
Trd, 000095.417, 158
Trd, 000095.967, 158.0
Trd, 000096.833, 162.0
Trd, 000097.600, 158.0
Trd, 000097.667, 165.0
Trd, 000097.683, 155
Trd, 000098.600, 159
Trd, 000099.850, 157
Trd, 000100.333, 156
Trd, 000100.833, 158
Trd, 000101.000, 154
Trd, 000101.650, 153
Trd, 000102.050, 152
Trd, 000102.383, 157
Trd, 000102.683, 157
Trd, 000102.817, 158.0
Trd, 000102.833, 152
Trd, 000103.367, 150
Trd, 000104.167, 155
Trd, 000104.183, 156
Trd, 000104.950, 158
Trd, 000106.083, 154
Trd, 000106.883, 156
Trd, 000107.200, 158.0
Trd, 000108.033, 149
Trd, 000108.600, 156
Trd, 000109.200, 157
Trd, 000111.000, 149
Trd, 000111.267, 150
Trd, 000111.550, 154
Trd, 000112.233, 154
Trd, 000112.483, 152
Trd, 000113.017, 154
Trd, 000113.033, 158.0
Trd, 000114.933, 155
Trd, 000115.017, 157
Trd, 000115.050, 152
Trd, 000115.367, 158.0
Trd, 000116.083, 156
Trd, 000116.517, 154
Trd, 000116.833, 157
Trd, 000117.217, 162.0
Trd, 000117.367, 168.0
Trd, 000118.617, 153
Trd, 000118.967, 154
Trd, 000120.350, 152
Trd, 000120.517, 157
Trd, 000120.617, 152
Trd, 000120.783, 156.0
Trd, 000122.467, 152
Trd, 000122.750, 155
Trd, 000122.867, 151
Trd, 000124.367, 150
Trd, 000124.483, 156
Trd, 000125.900, 151
Trd, 000126.933, 152
Trd, 000127.350, 152
Trd, 000127.683, 150
Trd, 000128.433, 149
Trd, 000128.500, 152
Trd, 000129.200, 155
Trd, 000129.900, 162.0
Trd, 000129.917, 168.0
Trd, 000131.083, 158
Trd, 000131.233, 158.0
Trd, 000131.417, 156
Trd, 000131.767, 159
Trd, 000131.783, 160
Trd, 000133.267, 156
Trd, 000133.283, 162.0
Trd, 000133.517, 156
Trd, 000133.633, 148.0
Trd, 000133.800, 144.0
Trd, 000134.217, 160
Trd, 000135.450, 156
Trd, 000136.533, 154
Trd, 000136.650, 147
Trd, 000138.200, 151
Trd, 000138.650, 152
Trd, 000138.967, 151.0
Trd, 000139.217, 148.0
Trd, 000139.917, 150
Trd, 000141.367, 150
Trd, 000141.500, 149
Trd, 000141.550, 150
Trd, 000142.650, 148
Trd, 000142.817, 147
Trd, 000143.083, 141
Trd, 000143.700, 150
Trd, 000143.967, 152
Trd, 000144.000, 155
Trd, 000145.017, 162.0
Trd, 000146.267, 154
Trd, 000146.333, 150
Trd, 000146.650, 151
Trd, 000148.300, 154
Trd, 000149.350, 151
Trd, 000149.950, 148.0
Trd, 000150.483, 153
Trd, 000151.483, 147
Trd, 000151.517, 149
Trd, 000151.817, 146.0
Trd, 000151.917, 154
Trd, 000152.667, 148
Trd, 000154.133, 156
Trd, 000154.833, 157
Trd, 000155.467, 155
Trd, 000155.483, 162.0
Trd, 000155.567, 150
Trd, 000156.117, 151
Trd, 000157.350, 159
Trd, 000158.133, 152
Trd, 000158.250, 156
Trd, 000158.550, 158.0
Trd, 000159.283, 156
Trd, 000159.533, 157
Trd, 000159.650, 158
Trd, 000160.067, 158
Trd, 000160.933, 155
Trd, 000161.533, 160
Trd, 000162.050, 155
Trd, 000162.567, 160.0
Trd, 000162.767, 161
Trd, 000163.183, 154
Trd, 000164.917, 157
Trd, 000165.183, 156
Trd, 000165.667, 155
Trd, 000165.850, 156
Trd, 000166.183, 158
Trd, 000166.683, 148.0
Trd, 000166.783, 144.0
Trd, 000167.217, 156
Trd, 000167.283, 158
Trd, 000167.517, 160
Trd, 000167.867, 162.0
Trd, 000167.967, 165.0
Trd, 000169.083, 159
Trd, 000170.867, 159
Trd, 000171.133, 154
Trd, 000171.167, 150
Trd, 000172.383, 150
Trd, 000173.117, 156.0
Trd, 000173.133, 149
Trd, 000173.200, 158.0
Trd, 000175.317, 154
Trd, 000176.117, 154
Trd, 000176.133, 148
Trd, 000176.250, 148.0
Trd, 000176.800, 153
Trd, 000177.050, 144
Trd, 000177.900, 149
Trd, 000177.967, 151
Trd, 000178.283, 155
Trd, 000179.400, 146
Trd, 000180.133, 146
Trd, 000181.100, 150
Trd, 000181.117, 145.0
Trd, 000181.550, 150
Trd, 000181.583, 151
Trd, 000182.183, 147
Trd, 000183.317, 151
Trd, 000184.317, 155
Trd, 000184.517, 158.0
Trd, 000184.967, 149
Trd, 000185.083, 153
Trd, 000185.633, 149
Trd, 000185.933, 150
Trd, 000185.950, 154
Trd, 000186.417, 149
Trd, 000186.850, 162.0
Trd, 000188.967, 148.0
Trd, 000189.200, 155
Trd, 000189.267, 155
Trd, 000189.400, 158.0
Trd, 000190.450, 162.0
Trd, 000191.517, 158.0
Trd, 000191.833, 159
Trd, 000191.967, 157
Trd, 000192.483, 155
Trd, 000192.933, 164.0
Trd, 000193.583, 154
Trd, 000193.950, 154
Trd, 000194.100, 148.0
Trd, 000195.283, 160
Trd, 000195.317, 154
Trd, 000195.817, 160
Trd, 000196.800, 143
Trd, 000197.050, 155
Trd, 000198.033, 150.0
Trd, 000198.500, 155
Trd, 000200.200, 154
Trd, 000200.833, 152
Trd, 000201.450, 152
Trd, 000201.683, 154
Trd, 000201.700, 158.0
Trd, 000201.833, 160
Trd, 000201.983, 161
Trd, 000202.083, 156
Trd, 000203.133, 153
Trd, 000203.750, 158
Trd, 000203.783, 153
Trd, 000204.033, 159
Trd, 000204.050, 162.0
Trd, 000205.667, 161
Trd, 000206.183, 153
Trd, 000206.683, 153
Trd, 000206.783, 161.0
Trd, 000207.100, 160.0
Trd, 000207.467, 162.0
Trd, 000207.833, 165.0
Trd, 000210.050, 162
Trd, 000210.450, 151
Trd, 000211.117, 152
Trd, 000211.300, 161
Trd, 000211.567, 150
Trd, 000211.733, 161
Trd, 000212.483, 158
Trd, 000212.667, 158
Trd, 000213.550, 151
Trd, 000213.900, 158
Trd, 000214.167, 151
Trd, 000215.633, 148.0
Trd, 000216.100, 150
Trd, 000216.317, 151
Trd, 000216.917, 148
Trd, 000217.150, 151
Trd, 000217.767, 148
Trd, 000217.883, 148
Trd, 000218.167, 149
Trd, 000218.467, 150
Trd, 000218.933, 153
Trd, 000220.017, 158.0
Trd, 000222.050, 156
Trd, 000222.133, 156
Trd, 000222.717, 156
Trd, 000223.000, 153
Trd, 000223.367, 152
Trd, 000223.817, 150
Trd, 000224.067, 157
Trd, 000224.783, 156
Trd, 000225.617, 156
Trd, 000226.050, 152
Trd, 000226.433, 150
Trd, 000226.650, 157
Trd, 000227.783, 148.0
Trd, 000229.050, 150
Trd, 000229.650, 148
Trd, 000229.767, 148
Trd, 000229.850, 149
Trd, 000230.633, 150
Trd, 000230.900, 155
Trd, 000232.017, 162.0
Trd, 000232.950, 158
Trd, 000233.450, 159
Trd, 000233.700, 152
Trd, 000234.500, 160
Trd, 000236.217, 150
Trd, 000236.233, 150
Trd, 000236.683, 150
Trd, 000236.983, 156
Trd, 000237.050, 156
Trd, 000237.150, 162.0
Trd, 000238.233, 149
Trd, 000238.417, 148.0
Trd, 000239.133, 154
Trd, 000239.550, 155
Trd, 000239.950, 162.0
Trd, 000240.183, 163.0
Trd, 000240.200, 165.0
Trd, 000240.400, 160.0
Trd, 000241.083, 159
Trd, 000241.217, 158.0
Trd, 000241.467, 159.0
Trd, 000242.250, 154
Trd, 000242.517, 153
Trd, 000242.700, 154
Trd, 000242.800, 157
Trd, 000243.017, 151.0
Trd, 000243.400, 148.0
Trd, 000243.983, 154
Trd, 000244.633, 145.0
Trd, 000244.700, 155
Trd, 000245.517, 144.0
Trd, 000245.550, 153
Trd, 000245.917, 140
Trd, 000246.533, 148
Trd, 000247.133, 149
Trd, 000247.383, 151
Trd, 000247.800, 149
Trd, 000247.850, 155
Trd, 000248.917, 154.0
Trd, 000249.133, 156.0
Trd, 000250.333, 153
Trd, 000250.750, 157.0
Trd, 000250.883, 158.0
Trd, 000251.783, 155
Trd, 000251.817, 158
Trd, 000252.000, 153
Trd, 000252.100, 153
Trd, 000252.900, 155.0
Trd, 000253.050, 154.0
Trd, 000253.217, 153
Trd, 000253.267, 151.0
Trd, 000254.767, 150
Trd, 000254.933, 150
Trd, 000255.200, 150
Trd, 000255.550, 153
Trd, 000256.367, 150
Trd, 000256.483, 154
Trd, 000257.650, 152.0
Trd, 000257.733, 155
Trd, 000257.967, 158.0
Trd, 000258.600, 158.0
Trd, 000259.550, 153
Trd, 000259.567, 153
Trd, 000259.850, 158.0
Trd, 000260.333, 154
Trd, 000260.867, 153
Trd, 000260.967, 154
Trd, 000261.550, 151.0
Trd, 000261.567, 152
Trd, 000261.950, 152
Trd, 000262.333, 150
Trd, 000262.417, 150
Trd, 000263.250, 155
Trd, 000263.433, 152
Trd, 000264.417, 155
Trd, 000264.900, 165.0
Trd, 000265.550, 156
Trd, 000265.900, 153
Trd, 000266.200, 159.0
Trd, 000266.283, 159.0
Trd, 000266.417, 151.0
Trd, 000266.433, 163.0
Trd, 000267.017, 146
Trd, 000267.100, 149.0
Trd, 000267.567, 149
Trd, 000268.050, 150
Trd, 000268.867, 148.0
Trd, 000269.083, 150
Trd, 000269.317, 150.0
Trd, 000269.583, 151.0
Trd, 000270.267, 155
Trd, 000271.350, 148
Trd, 000271.650, 158.0
Trd, 000272.267, 155
Trd, 000273.117, 162.0
Trd, 000273.933, 158.0
Trd, 000273.983, 155
Trd, 000274.333, 154
Trd, 000274.550, 160
Trd, 000275.550, 155.0
Trd, 000276.033, 157
Trd, 000276.133, 152
Trd, 000276.183, 158
Trd, 000276.533, 157
Trd, 000276.617, 156
Trd, 000277.233, 154.0
Trd, 000277.667, 158.0
Trd, 000277.733, 162.0
Trd, 000278.400, 154.0
Trd, 000278.500, 151.0
Trd, 000279.133, 158
Trd, 000279.600, 153
Trd, 000279.767, 157.0
Trd, 000280.150, 153
Trd, 000280.217, 152
Trd, 000280.650, 153
Trd, 000280.833, 152
Trd, 000281.517, 151.0
Trd, 000281.650, 155
Trd, 000282.433, 153
Trd, 000282.917, 148.0
Trd, 000283.067, 144.0
Trd, 000283.217, 155
Trd, 000283.400, 155
Trd, 000284.217, 145
Trd, 000284.967, 147.0
Trd, 000285.517, 140
Trd, 000285.800, 147
Trd, 000286.533, 140.0
Trd, 000286.867, 149
Trd, 000287.100, 151.0
Trd, 000287.200, 162.0
Trd, 000287.383, 139
Trd, 000288.383, 139
Trd, 000289.117, 138
Trd, 000289.550, 143
Trd, 000289.983, 142
Trd, 000290.850, 143
Trd, 000290.883, 144
Trd, 000291.117, 144.0
Trd, 000291.433, 139
Trd, 000291.667, 139
Trd, 000291.833, 151.0
Trd, 000292.000, 158.0
Trd, 000292.517, 155
Trd, 000292.783, 148
Trd, 000293.350, 156
Trd, 000294.150, 151.0
Trd, 000294.317, 156
Trd, 000294.483, 148.0
Trd, 000295.350, 162.0
Trd, 000295.400, 155
Trd, 000295.567, 162.0
Trd, 000296.567, 159
Trd, 000296.600, 155.0
Trd, 000296.900, 155
Trd, 000296.917, 159
Trd, 000297.133, 154
Trd, 000297.233, 144.0
Trd, 000297.500, 158.0
Trd, 000297.983, 148
Trd, 000298.150, 140
Trd, 000298.533, 149
Trd, 000298.800, 148
Trd, 000299.533, 156
Trd, 000299.750, 156
Trd, 000299.917, 151.0
