Trd, 000000.483, 137.0
Trd, 000001.967, 149
Trd, 000003.600, 161
Trd, 000004.050, 163
Trd, 000004.433, 163
Trd, 000004.833, 155
Trd, 000005.133, 157.0
Trd, 000005.317, 155.0
Trd, 000005.700, 148.0
Trd, 000006.683, 153
Trd, 000007.333, 153.0
Trd, 000008.117, 152.0
Trd, 000008.250, 151.0
Trd, 000008.300, 153
Trd, 000010.483, 155
Trd, 000010.683, 154
Trd, 000010.933, 156
Trd, 000011.567, 156.0
Trd, 000011.733, 155
Trd, 000011.767, 155
Trd, 000013.217, 157
Trd, 000013.633, 156.0
Trd, 000013.950, 156
Trd, 000014.033, 155.0
Trd, 000015.300, 159
Trd, 000015.400, 155
Trd, 000016.317, 157
Trd, 000017.683, 156
Trd, 000017.867, 155
Trd, 000018.167, 152.0
Trd, 000018.867, 155.0
Trd, 000020.067, 156
Trd, 000020.383, 156
Trd, 000020.417, 153.0
Trd, 000020.667, 152.0
Trd, 000020.817, 151.0
Trd, 000021.017, 154
Trd, 000022.400, 156.0
Trd, 000023.417, 156
Trd, 000023.817, 156
Trd, 000024.467, 154
Trd, 000024.733, 153
Trd, 000026.567, 156
Trd, 000026.883, 155.0
Trd, 000027.417, 153.0
Trd, 000028.833, 153
Trd, 000029.133, 153
Trd, 000029.300, 152
Trd, 000029.483, 152
Trd, 000029.950, 154
Trd, 000030.267, 152.0
Trd, 000030.467, 155.0
Trd, 000032.467, 155
Trd, 000033.033, 153.0
Trd, 000033.517, 154.0
Trd, 000034.050, 160
Trd, 000034.667, 153.0
Trd, 000036.950, 152
Trd, 000037.250, 152
Trd, 000037.267, 151
Trd, 000037.900, 152.0
Trd, 000039.217, 152
Trd, 000039.633, 152
Trd, 000039.850, 151.0
Trd, 000040.183, 151
Trd, 000040.750, 152
Trd, 000041.133, 151
Trd, 000042.550, 151
Trd, 000042.633, 153
Trd, 000042.733, 155.0
Trd, 000042.767, 150
Trd, 000044.983, 148
Trd, 000045.150, 147
Trd, 000045.267, 149
Trd, 000045.500, 152.0
Trd, 000045.867, 151.0
Trd, 000046.000, 151
Trd, 000046.933, 152
Trd, 000047.333, 154.0
Trd, 000049.100, 153
Trd, 000049.567, 153
Trd, 000049.867, 152
Trd, 000049.983, 151
Trd, 000052.850, 150
Trd, 000054.400, 154
Trd, 000054.483, 153
Trd, 000054.550, 154
Trd, 000054.983, 154.0
Trd, 000055.300, 152
Trd, 000055.333, 151
Trd, 000055.517, 151
Trd, 000055.817, 148.0
Trd, 000056.717, 154
Trd, 000057.067, 152
Trd, 000057.383, 151.0
Trd, 000058.300, 152
Trd, 000059.567, 153
Trd, 000060.167, 151
Trd, 000060.550, 150
Trd, 000060.567, 153
Trd, 000061.483, 150
Trd, 000062.100, 151
Trd, 000062.500, 150
Trd, 000062.750, 152
Trd, 000063.017, 152
Trd, 000063.600, 151.0
Trd, 000064.100, 148.0
Trd, 000064.883, 152
Trd, 000067.200, 152
Trd, 000067.500, 153
Trd, 000067.533, 152
Trd, 000067.817, 164.0
Trd, 000067.967, 151
Trd, 000069.000, 153.0
Trd, 000069.233, 153
Trd, 000069.317, 155
Trd, 000070.183, 155
Trd, 000070.650, 155
Trd, 000070.917, 158
Trd, 000071.583, 167.0
Trd, 000072.133, 156
Trd, 000072.933, 153.0
Trd, 000073.200, 159
Trd, 000075.617, 155.0
Trd, 000075.650, 155
Trd, 000075.833, 155
Trd, 000076.500, 157
Trd, 000077.050, 158
Trd, 000077.467, 158
Trd, 000078.583, 157
Trd, 000078.800, 156
Trd, 000079.100, 158
Trd, 000079.350, 151.0
Trd, 000079.533, 158.0
Trd, 000080.317, 157
Trd, 000080.583, 158
Trd, 000081.333, 157
Trd, 000081.717, 156
Trd, 000082.517, 153
Trd, 000082.950, 155
Trd, 000084.450, 155
Trd, 000084.517, 152
Trd, 000084.733, 151
Trd, 000085.950, 154
Trd, 000086.150, 154
Trd, 000086.950, 155.0
Trd, 000087.233, 155
Trd, 000087.383, 151.0
Trd, 000088.267, 155
Trd, 000088.833, 151
Trd, 000089.833, 149
Trd, 000090.167, 149
Trd, 000090.717, 150
Trd, 000090.783, 155.0
Trd, 000091.250, 149
Trd, 000093.300, 153.0
Trd, 000093.850, 154
Trd, 000093.917, 154.0
Trd, 000094.900, 153
Trd, 000094.950, 153
Trd, 000095.483, 155.0
Trd, 000096.500, 153.0
Trd, 000096.933, 152.0
Trd, 000097.017, 151.0
Trd, 000097.550, 152.0
Trd, 000097.683, 156
Trd, 000098.183, 151.0
Trd, 000098.717, 153
Trd, 000100.250, 154
Trd, 000101.650, 152
Trd, 000101.733, 151
Trd, 000102.700, 153
Trd, 000103.000, 154
Trd, 000103.050, 154
Trd, 000104.317, 152
Trd, 000105.150, 154
Trd, 000106.167, 154
Trd, 000106.383, 153.0
Trd, 000106.533, 151
Trd, 000106.683, 149
Trd, 000106.700, 155.0
Trd, 000107.383, 152.0
Trd, 000108.100, 154
Trd, 000110.533, 152.0
Trd, 000110.817, 154
Trd, 000111.083, 153
Trd, 000112.700, 153
Trd, 000112.867, 152.0
Trd, 000113.083, 151.0
Trd, 000114.133, 152
Trd, 000114.650, 151.0
Trd, 000115.083, 151
Trd, 000115.667, 152
Trd, 000115.933, 155.0
Trd, 000116.733, 153.0
Trd, 000117.683, 151.0
Trd, 000118.433, 155.0
Trd, 000119.833, 156
Trd, 000119.983, 157
Trd, 000120.033, 158.0
Trd, 000120.200, 156
Trd, 000120.683, 165.0
Trd, 000121.283, 154
Trd, 000121.550, 152.0
Trd, 000121.917, 158
Trd, 000122.000, 160
Trd, 000122.017, 151.0
Trd, 000122.783, 155
Trd, 000123.117, 155
Trd, 000124.550, 158
Trd, 000124.650, 158
Trd, 000124.733, 158.0
Trd, 000125.717, 159
Trd, 000125.783, 155
Trd, 000126.050, 155
Trd, 000126.400, 154
Trd, 000128.467, 153
Trd, 000128.683, 154
Trd, 000128.783, 155
Trd, 000129.517, 155
Trd, 000130.317, 154
Trd, 000130.517, 153
Trd, 000131.467, 154
Trd, 000131.600, 154
Trd, 000132.383, 155
Trd, 000133.083, 155
Trd, 000133.383, 154
Trd, 000134.067, 155
Trd, 000135.167, 153
Trd, 000135.267, 150
Trd, 000137.117, 152.0
Trd, 000137.150, 152
Trd, 000137.567, 151.0
Trd, 000138.417, 153
Trd, 000139.250, 154
Trd, 000139.300, 155.0
Trd, 000140.133, 154
Trd, 000140.183, 153
Trd, 000141.100, 153
Trd, 000141.900, 153
Trd, 000142.250, 148.0
Trd, 000142.950, 151.0
Trd, 000143.117, 152
Trd, 000143.150, 142
Trd, 000143.933, 154
Trd, 000145.433, 152
Trd, 000145.717, 153
Trd, 000145.817, 153
Trd, 000146.700, 152
Trd, 000146.883, 150
Trd, 000148.200, 150
Trd, 000148.300, 150
Trd, 000148.850, 148.0
Trd, 000149.083, 137.0
Trd, 000150.350, 144
Trd, 000150.600, 147
Trd, 000150.850, 148
Trd, 000151.050, 155.0
Trd, 000151.583, 151
Trd, 000151.600, 165.0
Trd, 000152.150, 172.0
Trd, 000152.817, 169
Trd, 000153.550, 170
Trd, 000154.117, 170
Trd, 000154.283, 169
Trd, 000154.700, 168
Trd, 000154.783, 165.0
Trd, 000155.150, 155.0
Trd, 000155.567, 152.0
Trd, 000156.250, 164
Trd, 000157.950, 160
Trd, 000158.550, 159
Trd, 000158.600, 163
Trd, 000159.500, 151.0
Trd, 000159.800, 158
Trd, 000159.933, 154
Trd, 000160.717, 160
Trd, 000162.283, 157
Trd, 000162.467, 156.0
Trd, 000162.650, 158
Trd, 000164.500, 157.0
Trd, 000164.950, 156
Trd, 000165.317, 156.0
Trd, 000165.417, 158.0
Trd, 000165.883, 156
Trd, 000166.667, 158
Trd, 000167.617, 157
Trd, 000168.233, 155
Trd, 000170.100, 156
Trd, 000170.667, 156
Trd, 000171.133, 155
Trd, 000171.400, 158.0
Trd, 000171.650, 155
Trd, 000172.650, 152.0
Trd, 000172.983, 154
Trd, 000173.017, 156
Trd, 000174.067, 153
Trd, 000174.533, 153
Trd, 000175.200, 153.0
Trd, 000175.233, 154
Trd, 000175.550, 153.0
Trd, 000177.333, 153.0
Trd, 000177.467, 155.0
Trd, 000177.550, 152.0
Trd, 000177.917, 153
Trd, 000178.067, 154
Trd, 000178.867, 155
Trd, 000179.400, 156
Trd, 000180.350, 155
Trd, 000180.967, 158.0
Trd, 000181.033, 153
Trd, 000181.767, 157
Trd, 000183.050, 155
Trd, 000183.067, 153
Trd, 000184.983, 152
Trd, 000185.583, 154
Trd, 000185.650, 156
Trd, 000185.683, 152.0
Trd, 000185.717, 151.0
Trd, 000186.450, 153
Trd, 000186.533, 158.0
Trd, 000186.900, 158
Trd, 000188.433, 156
Trd, 000188.583, 157
Trd, 000189.017, 157
Trd, 000190.133, 157
Trd, 000190.183, 156
Trd, 000190.617, 155.0
Trd, 000190.767, 152
Trd, 000191.467, 148.0
Trd, 000192.633, 150
Trd, 000193.683, 148
Trd, 000193.917, 142
Trd, 000193.983, 139
Trd, 000194.383, 147
Trd, 000194.900, 138
Trd, 000195.833, 145
Trd, 000196.133, 145
Trd, 000197.717, 146
Trd, 000197.933, 148
Trd, 000198.017, 147
Trd, 000198.133, 155.0
Trd, 000199.850, 151
Trd, 000200.983, 153
Trd, 000201.750, 153
Trd, 000201.883, 152
Trd, 000202.200, 155
Trd, 000203.950, 156
Trd, 000204.350, 155
Trd, 000205.300, 156.0
Trd, 000205.433, 155
Trd, 000205.783, 153
Trd, 000205.850, 152
Trd, 000207.417, 151.0
Trd, 000209.467, 153
Trd, 000209.917, 153
Trd, 000210.067, 153.0
Trd, 000210.233, 153
Trd, 000210.350, 154
Trd, 000211.483, 154.0
Trd, 000212.250, 155.0
Trd, 000212.467, 154
Trd, 000212.800, 156
Trd, 000213.967, 153
Trd, 000215.067, 155
Trd, 000215.283, 154.0
Trd, 000215.500, 155
Trd, 000215.733, 153.0
Trd, 000216.133, 155
Trd, 000216.883, 151.0
Trd, 000216.983, 151
Trd, 000217.100, 151
Trd, 000217.933, 154
Trd, 000218.467, 152.0
Trd, 000219.167, 155
Trd, 000219.233, 151
Trd, 000220.733, 152.0
Trd, 000221.117, 155
Trd, 000221.367, 155.0
Trd, 000221.450, 154
Trd, 000222.250, 155
Trd, 000224.800, 155
Trd, 000224.850, 155
Trd, 000225.100, 154
Trd, 000225.683, 151.0
Trd, 000225.967, 154
Trd, 000226.233, 151
Trd, 000226.867, 152
Trd, 000226.900, 150
Trd, 000227.133, 153
Trd, 000229.217, 152
Trd, 000230.017, 154
Trd, 000230.100, 153
Trd, 000230.450, 152
Trd, 000231.300, 153.0
Trd, 000231.900, 151.0
Trd, 000232.400, 151
Trd, 000233.167, 151
Trd, 000233.683, 152
Trd, 000233.950, 152
Trd, 000234.183, 155.0
Trd, 000234.633, 153
Trd, 000234.800, 154
Trd, 000235.250, 152
Trd, 000235.517, 158.0
Trd, 000236.850, 153
Trd, 000237.050, 151.0
Trd, 000238.867, 154
Trd, 000239.483, 151
Trd, 000239.900, 151
Trd, 000240.050, 151
Trd, 000240.367, 151
Trd, 000240.633, 151
Trd, 000240.800, 151
Trd, 000241.050, 149
Trd, 000241.283, 148
Trd, 000241.400, 140
Trd, 000241.967, 147
Trd, 000242.050, 146
Trd, 000242.733, 153
Trd, 000243.483, 154.0
Trd, 000243.633, 152.0
Trd, 000243.700, 155.0
Trd, 000244.217, 151.0
Trd, 000244.333, 148
Trd, 000244.783, 131.0
Trd, 000245.683, 147
Trd, 000246.200, 144
Trd, 000246.733, 144
Trd, 000246.850, 147
Trd, 000247.017, 145
Trd, 000247.300, 143
Trd, 000248.250, 136
Trd, 000248.750, 128.0
Trd, 000249.767, 145
Trd, 000249.867, 145
Trd, 000250.067, 143
Trd, 000250.383, 146
Trd, 000250.500, 148
Trd, 000251.283, 155.0
Trd, 000251.783, 148.0
Trd, 000252.050, 146
Trd, 000252.483, 151.0
Trd, 000252.750, 150
Trd, 000253.567, 147
Trd, 000254.067, 150
Trd, 000254.267, 148
Trd, 000254.467, 151
Trd, 000254.550, 150
Trd, 000255.267, 152.0
Trd, 000255.550, 153
Trd, 000255.717, 152
Trd, 000256.083, 152.0
Trd, 000257.067, 154.0
Trd, 000257.700, 151
Trd, 000258.567, 154
Trd, 000258.750, 154
Trd, 000258.783, 158.0
Trd, 000259.283, 165.0
Trd, 000259.900, 158.0
Trd, 000260.533, 159
Trd, 000260.750, 157
Trd, 000261.200, 156
Trd, 000261.383, 158
Trd, 000261.433, 155.0
Trd, 000261.917, 159
Trd, 000262.900, 159
Trd, 000263.000, 157
Trd, 000263.100, 154
Trd, 000264.867, 157
Trd, 000264.950, 157
Trd, 000265.133, 157.0
Trd, 000265.167, 158.0
Trd, 000265.883, 156
Trd, 000266.317, 155.0
Trd, 000266.333, 155
Trd, 000266.683, 154.0
Trd, 000266.933, 156
Trd, 000267.267, 156
Trd, 000267.533, 154
Trd, 000267.800, 151.0
Trd, 000268.067, 136
Trd, 000268.333, 147
Trd, 000268.717, 148
Trd, 000269.717, 147
Trd, 000269.817, 146
Trd, 000270.800, 145
Trd, 000271.267, 146
Trd, 000271.517, 138
Trd, 000272.000, 149
Trd, 000272.017, 144
Trd, 000272.450, 141.0
Trd, 000272.667, 143.0
Trd, 000273.100, 155.0
Trd, 000274.617, 152
Trd, 000275.200, 154
Trd, 000275.267, 152
Trd, 000275.683, 153
Trd, 000275.783, 152
Trd, 000276.417, 151
Trd, 000276.433, 151.0
Trd, 000276.467, 148.0
Trd, 000276.667, 142
Trd, 000276.767, 154
Trd, 000277.133, 139.0
Trd, 000277.817, 139
Trd, 000278.300, 141.0
Trd, 000279.567, 150
Trd, 000279.717, 145
Trd, 000280.017, 148
Trd, 000280.283, 146
Trd, 000280.383, 145
Trd, 000280.567, 149
Trd, 000281.350, 155.0
Trd, 000281.450, 152.0
Trd, 000281.650, 151.0
Trd, 000281.750, 146
Trd, 000282.450, 155
Trd, 000282.517, 149.0
Trd, 000283.567, 149
Trd, 000283.683, 156.0
Trd, 000283.717, 165.0
Trd, 000284.633, 155
Trd, 000284.983, 150
Trd, 000285.233, 146
Trd, 000286.100, 158
Trd, 000286.367, 151.0
Trd, 000286.383, 136
Trd, 000287.883, 140
Trd, 000288.533, 141.0
Trd, 000288.550, 140
Trd, 000288.567, 139
Trd, 000288.617, 138
Trd, 000288.783, 145
Trd, 000288.800, 145
Trd, 000288.900, 146
Trd, 000289.083, 147
Trd, 000289.300, 149
Trd, 000289.800, 137
Trd, 000290.783, 141
Trd, 000290.850, 136
Trd, 000291.717, 131.0
Trd, 000292.933, 143
Trd, 000293.133, 143
Trd, 000293.183, 145
Trd, 000293.717, 153.0
Trd, 000293.900, 152.0
Trd, 000294.033, 151.0
Trd, 000294.250, 155.0
Trd, 000294.717, 143
Trd, 000294.917, 144
Trd, 000295.017, 157
Trd, 000295.683, 154
Trd, 000296.300, 151.0
Trd, 000296.717, 151
Trd, 000297.883, 152
Trd, 000298.033, 151
Trd, 000299.200, 152
Trd, 000299.333, 151
Trd, 000299.383, 153
