Trd, 000001.400, 162.0
Trd, 000002.183, 158.0
Trd, 000002.750, 169.0
Trd, 000003.950, 156.0
Trd, 000004.050, 155
Trd, 000004.217, 155
Trd, 000004.667, 155
Trd, 000005.267, 156
Trd, 000005.500, 145
Trd, 000005.683, 156.0
Trd, 000006.217, 156.0
Trd, 000006.483, 158.0
Trd, 000006.950, 145
Trd, 000008.250, 147.0
Trd, 000008.783, 145
Trd, 000008.900, 142
Trd, 000008.983, 146
Trd, 000009.433, 147.0
Trd, 000009.767, 137.0
Trd, 000009.867, 148.0
Trd, 000009.983, 139
Trd, 000010.750, 139
Trd, 000011.617, 147
Trd, 000012.217, 150
Trd, 000012.900, 151.0
Trd, 000012.917, 158.0
Trd, 000014.117, 147
Trd, 000014.133, 139
Trd, 000014.150, 148.0
Trd, 000014.900, 147
Trd, 000015.083, 149
Trd, 000015.533, 174
Trd, 000015.967, 145
Trd, 000016.467, 144
Trd, 000017.217, 170.0
Trd, 000017.600, 140
Trd, 000018.133, 137.0
Trd, 000019.050, 145.0
Trd, 000019.400, 144
Trd, 000020.450, 140
Trd, 000020.817, 141
Trd, 000021.150, 144.0
Trd, 000021.683, 151.0
Trd, 000021.750, 158.0
Trd, 000022.600, 141
Trd, 000023.100, 141
Trd, 000023.683, 146
Trd, 000024.650, 146
Trd, 000024.967, 145
Trd, 000025.117, 147.0
Trd, 000025.183, 148.0
Trd, 000025.583, 144
Trd, 000025.800, 158.0
Trd, 000026.233, 162.0
Trd, 000027.433, 148.0
Trd, 000027.567, 161
Trd, 000028.033, 147
Trd, 000028.217, 158.0
Trd, 000028.900, 160
Trd, 000029.833, 153
Trd, 000030.150, 161
Trd, 000030.817, 162
Trd, 000031.650, 148.0
Trd, 000032.417, 143
Trd, 000032.767, 140
Trd, 000032.917, 149
Trd, 000034.283, 150
Trd, 000034.583, 162
Trd, 000034.650, 163
Trd, 000035.150, 139.0
Trd, 000035.800, 155.0
Trd, 000036.200, 139
Trd, 000037.250, 151.0
Trd, 000037.783, 142
Trd, 000038.483, 141
Trd, 000039.667, 144.0
Trd, 000040.317, 142
Trd, 000040.433, 141.0
Trd, 000040.467, 147.0
Trd, 000040.933, 148.0
Trd, 000040.950, 141.0
Trd, 000041.283, 147
Trd, 000041.417, 157.0
Trd, 000042.600, 141
Trd, 000043.100, 140
Trd, 000043.350, 148
Trd, 000043.817, 148
Trd, 000043.900, 149
Trd, 000045.450, 151.0
Trd, 000046.083, 161
Trd, 000046.117, 162
Trd, 000046.950, 143.0
Trd, 000047.133, 152
Trd, 000048.017, 146.0
Trd, 000048.150, 143
Trd, 000049.000, 146
Trd, 000049.817, 146.0
Trd, 000050.100, 148.0
Trd, 000050.717, 151.0
Trd, 000051.267, 146.0
Trd, 000051.433, 147.0
Trd, 000053.033, 148.0
Trd, 000053.633, 151.0
Trd, 000053.800, 149
Trd, 000054.550, 153
Trd, 000055.067, 155
Trd, 000055.133, 158.0
Trd, 000056.383, 148
Trd, 000057.883, 151
Trd, 000057.933, 150
Trd, 000058.417, 149
Trd, 000058.433, 150
Trd, 000058.950, 149
Trd, 000059.517, 149
Trd, 000059.750, 144
Trd, 000059.817, 150
Trd, 000060.567, 151
Trd, 000060.867, 156.0
Trd, 000061.417, 157.0
Trd, 000061.517, 143
Trd, 000062.050, 140
Trd, 000063.183, 145
Trd, 000063.217, 150
Trd, 000063.517, 158.0
Trd, 000063.600, 139
Trd, 000065.200, 164
Trd, 000065.250, 163.0
Trd, 000065.350, 164
Trd, 000065.950, 165
Trd, 000067.100, 162.0
Trd, 000067.150, 167
Trd, 000067.383, 143
Trd, 000067.783, 150
Trd, 000068.583, 153.0
Trd, 000068.933, 157.0
Trd, 000069.217, 157.0
Trd, 000069.683, 158.0
Trd, 000070.233, 158
Trd, 000070.267, 152
Trd, 000070.517, 151
Trd, 000072.967, 166
Trd, 000073.167, 167
Trd, 000074.683, 162.0
Trd, 000074.883, 156
Trd, 000075.650, 155
Trd, 000075.683, 144
Trd, 000075.950, 148.0
Trd, 000077.100, 143
Trd, 000077.400, 142
Trd, 000077.817, 146
Trd, 000078.200, 139
Trd, 000078.417, 147
Trd, 000078.683, 148.0
Trd, 000079.067, 149.0
Trd, 000080.133, 144
Trd, 000080.450, 139.0
Trd, 000080.900, 151.0
Trd, 000081.483, 156.0
Trd, 000081.950, 141
Trd, 000082.067, 145
Trd, 000082.483, 142
Trd, 000082.617, 156.0
Trd, 000082.767, 140
Trd, 000083.733, 146
Trd, 000084.600, 146.0
Trd, 000084.650, 148.0
Trd, 000085.117, 158.0
Trd, 000086.717, 160.0
Trd, 000087.000, 159.0
Trd, 000087.467, 159.0
Trd, 000087.850, 158.0
Trd, 000088.717, 147
Trd, 000088.750, 146
Trd, 000088.767, 157.0
Trd, 000089.283, 148.0
Trd, 000089.350, 157.0
Trd, 000089.400, 158.0
Trd, 000090.250, 158
Trd, 000090.533, 159
Trd, 000092.167, 147
Trd, 000092.267, 148
Trd, 000092.733, 148
Trd, 000092.883, 168
Trd, 000094.617, 147
Trd, 000094.650, 144
Trd, 000095.333, 148.0
Trd, 000096.017, 143
Trd, 000096.417, 138.0
Trd, 000096.800, 149
Trd, 000097.233, 150.0
Trd, 000098.767, 145
Trd, 000099.217, 150.0
Trd, 000099.450, 150.0
Trd, 000099.633, 151
Trd, 000099.883, 158.0
Trd, 000100.017, 156
Trd, 000100.533, 169
Trd, 000100.617, 148
Trd, 000101.833, 164.0
Trd, 000102.250, 159.0
Trd, 000102.667, 158.0
Trd, 000102.950, 143
Trd, 000103.883, 155
Trd, 000104.033, 156
Trd, 000104.367, 156
Trd, 000105.100, 142
Trd, 000106.200, 154
Trd, 000106.417, 153
Trd, 000107.700, 142
Trd, 000108.100, 148.0
Trd, 000108.117, 140
Trd, 000108.267, 151.0
Trd, 000108.517, 167
Trd, 000108.633, 170
Trd, 000109.050, 174
Trd, 000109.650, 138.0
Trd, 000110.633, 158.0
Trd, 000110.883, 168
Trd, 000112.117, 167
Trd, 000112.400, 163.0
Trd, 000113.533, 164.0
Trd, 000114.017, 162.0
Trd, 000114.617, 140
Trd, 000115.150, 153
Trd, 000115.217, 155
Trd, 000116.117, 153
Trd, 000116.250, 152
Trd, 000117.183, 157.0
Trd, 000117.300, 158.0
Trd, 000117.767, 142
Trd, 000118.383, 141
Trd, 000118.417, 148.0
Trd, 000119.450, 147
Trd, 000120.267, 158.0
Trd, 000120.517, 150
Trd, 000122.550, 143
Trd, 000122.733, 148
Trd, 000122.783, 141
Trd, 000122.867, 140
Trd, 000123.617, 150
Trd, 000123.850, 149
Trd, 000124.300, 148
Trd, 000124.483, 151.0
Trd, 000125.167, 152
Trd, 000125.283, 152
Trd, 000126.267, 148.0
Trd, 000126.483, 154
Trd, 000126.767, 142
Trd, 000128.617, 147
Trd, 000129.233, 151
Trd, 000129.417, 151
Trd, 000129.567, 152
Trd, 000130.550, 148.0
Trd, 000130.567, 151
Trd, 000131.533, 153
Trd, 000131.617, 153
Trd, 000131.967, 148
Trd, 000131.983, 147
Trd, 000132.283, 143
Trd, 000133.500, 149
Trd, 000133.950, 149
Trd, 000134.883, 148.0
Trd, 000135.267, 145
Trd, 000135.750, 146
Trd, 000136.217, 144
Trd, 000137.017, 143
Trd, 000137.717, 144
Trd, 000138.250, 140
Trd, 000138.750, 143
Trd, 000138.967, 142
Trd, 000139.217, 144
Trd, 000140.550, 146
Trd, 000140.583, 145
Trd, 000140.817, 144
Trd, 000141.467, 148.0
Trd, 000141.667, 151.0
Trd, 000142.283, 156.0
Trd, 000142.450, 143
Trd, 000142.533, 137.0
Trd, 000143.450, 146.0
Trd, 000143.767, 143.0
Trd, 000143.850, 145.0
Trd, 000144.200, 127
Trd, 000144.600, 145
Trd, 000146.567, 148.0
Trd, 000147.167, 147
Trd, 000147.283, 151.0
Trd, 000147.683, 155
Trd, 000148.100, 158.0
Trd, 000148.167, 146
Trd, 000149.150, 145
Trd, 000149.333, 144
Trd, 000149.767, 142
Trd, 000150.200, 140
Trd, 000152.750, 143
Trd, 000152.817, 144
Trd, 000153.317, 141
Trd, 000153.517, 141
Trd, 000154.183, 151.0
Trd, 000154.233, 158.0
Trd, 000154.633, 141.0
Trd, 000155.700, 147.0
Trd, 000156.317, 147.0
Trd, 000156.400, 148.0
Trd, 000157.400, 148
Trd, 000157.867, 148.0
Trd, 000157.950, 149.0
Trd, 000158.200, 150
Trd, 000158.517, 143
Trd, 000159.300, 137.0
Trd, 000160.100, 146.0
Trd, 000160.267, 148.0
Trd, 000161.333, 148
Trd, 000161.483, 140
Trd, 000163.050, 150.0
Trd, 000164.383, 146
Trd, 000164.533, 147
Trd, 000165.250, 151.0
Trd, 000165.683, 158.0
Trd, 000166.183, 161
Trd, 000166.817, 147
Trd, 000167.033, 148.0
Trd, 000167.200, 147
Trd, 000167.517, 168
Trd, 000167.567, 172.0
Trd, 000167.667, 175
Trd, 000168.250, 147
Trd, 000168.733, 147
Trd, 000169.233, 142
Trd, 000170.650, 145
Trd, 000171.450, 143
Trd, 000171.933, 141
Trd, 000172.183, 142
Trd, 000172.800, 148
Trd, 000173.067, 139
Trd, 000174.117, 144
Trd, 000174.600, 143
Trd, 000174.700, 148.0
Trd, 000175.067, 151.0
Trd, 000176.017, 154.0
Trd, 000176.417, 145.0
Trd, 000176.467, 153
Trd, 000177.017, 143.0
Trd, 000177.683, 148.0
Trd, 000178.150, 150
Trd, 000178.717, 150.0
Trd, 000179.183, 150.0
Trd, 000179.583, 147
Trd, 000180.050, 141
Trd, 000181.617, 148
Trd, 000181.967, 146
Trd, 000182.383, 147
Trd, 000182.700, 150.0
Trd, 000182.850, 146
Trd, 000183.600, 151.0
Trd, 000183.983, 148.0
Trd, 000185.017, 145
Trd, 000185.150, 144
Trd, 000185.250, 146
Trd, 000185.317, 147
Trd, 000185.650, 141
Trd, 000186.583, 166
Trd, 000186.817, 167
Trd, 000187.233, 170.0
Trd, 000187.317, 171
Trd, 000187.717, 171.0
Trd, 000189.150, 164.0
Trd, 000189.867, 168
Trd, 000190.200, 164.0
Trd, 000191.183, 162.0
Trd, 000191.233, 158.0
Trd, 000191.333, 140
Trd, 000191.533, 139
Trd, 000191.683, 137.0
Trd, 000193.417, 150
Trd, 000193.900, 145
Trd, 000194.767, 145
Trd, 000195.033, 145
Trd, 000195.267, 148.0
Trd, 000196.300, 147.0
Trd, 000196.417, 145
Trd, 000196.550, 146
Trd, 000197.000, 145
Trd, 000197.100, 150
Trd, 000197.783, 144
Trd, 000198.017, 158.0
Trd, 000198.117, 134.0
Trd, 000198.133, 172.0
Trd, 000198.900, 165
Trd, 000198.933, 162.0
Trd, 000200.500, 152
Trd, 000200.850, 149
Trd, 000201.050, 144
Trd, 000203.500, 147
Trd, 000204.283, 147
Trd, 000204.650, 147
Trd, 000205.250, 143
Trd, 000205.283, 140
Trd, 000205.617, 148
Trd, 000205.900, 138.0
Trd, 000206.617, 148.0
Trd, 000207.467, 149
Trd, 000208.133, 148
Trd, 000208.517, 149
Trd, 000209.033, 158.0
Trd, 000209.067, 139
Trd, 000209.417, 139
Trd, 000209.817, 138
Trd, 000211.450, 141
Trd, 000211.850, 140
Trd, 000212.000, 141
Trd, 000212.617, 148.0
Trd, 000213.800, 170
Trd, 000213.867, 171.0
Trd, 000214.683, 140
Trd, 000215.233, 152
Trd, 000215.367, 149
Trd, 000215.517, 148.0
Trd, 000216.067, 149
Trd, 000216.583, 145
Trd, 000218.583, 148
Trd, 000218.617, 146
Trd, 000218.950, 144
Trd, 000219.300, 147
Trd, 000219.433, 147.0
Trd, 000219.817, 148.0
Trd, 000220.400, 143
Trd, 000220.483, 149.0
Trd, 000221.083, 151.0
Trd, 000221.467, 171
Trd, 000221.517, 162.0
Trd, 000222.633, 152
Trd, 000223.050, 162
Trd, 000223.317, 163
Trd, 000223.417, 166
Trd, 000223.683, 168
Trd, 000223.833, 160
Trd, 000224.033, 159
Trd, 000224.117, 143
Trd, 000225.317, 169
Trd, 000225.383, 158.0
Trd, 000227.133, 158.0
Trd, 000227.933, 162.0
Trd, 000228.117, 166
Trd, 000231.067, 153
Trd, 000231.367, 151
Trd, 000231.417, 155.0
Trd, 000232.533, 147
Trd, 000232.683, 146
Trd, 000233.050, 146
Trd, 000233.183, 147
Trd, 000233.200, 148
Trd, 000233.717, 148
Trd, 000234.100, 151
Trd, 000234.633, 140
Trd, 000234.917, 151.0
Trd, 000236.383, 149
Trd, 000236.567, 143
Trd, 000236.783, 148.0
Trd, 000236.817, 142
Trd, 000237.117, 148
Trd, 000238.517, 148
Trd, 000240.217, 146.0
Trd, 000240.300, 144
Trd, 000240.600, 145
Trd, 000240.667, 144
Trd, 000241.050, 144
Trd, 000241.267, 145
Trd, 000241.467, 146
Trd, 000241.517, 145
Trd, 000241.617, 148.0
Trd, 000242.350, 142
Trd, 000242.733, 149
Trd, 000243.250, 147
Trd, 000244.150, 149.0
Trd, 000244.350, 150.0
Trd, 000245.367, 145
Trd, 000246.417, 146
Trd, 000246.500, 148.0
Trd, 000246.833, 146
Trd, 000246.900, 154
Trd, 000247.067, 155.0
Trd, 000247.583, 153.0
Trd, 000247.800, 152
Trd, 000248.250, 151.0
Trd, 000248.700, 153.0
Trd, 000249.617, 155.0
Trd, 000249.883, 156
Trd, 000249.983, 151
Trd, 000250.267, 145
Trd, 000251.683, 152
Trd, 000251.950, 151
Trd, 000252.433, 152
Trd, 000252.933, 153
Trd, 000253.150, 152.0
Trd, 000253.983, 149
Trd, 000254.083, 151
Trd, 000254.267, 143
Trd, 000255.000, 140
Trd, 000256.000, 140.0
Trd, 000256.717, 141
Trd, 000257.067, 145
Trd, 000258.083, 147.0
Trd, 000258.183, 149.0
Trd, 000259.117, 151.0
Trd, 000259.450, 150.0
Trd, 000260.150, 151.0
Trd, 000260.167, 146
Trd, 000260.650, 151
Trd, 000260.700, 154
Trd, 000261.083, 153
Trd, 000261.150, 158.0
Trd, 000261.200, 152
Trd, 000261.333, 168
Trd, 000261.467, 143
Trd, 000263.117, 148.0
Trd, 000263.883, 146.0
Trd, 000264.033, 148.0
Trd, 000264.133, 145.0
Trd, 000264.667, 149
Trd, 000264.700, 151.0
Trd, 000265.700, 152
Trd, 000265.950, 151
Trd, 000266.067, 150
Trd, 000266.600, 146
Trd, 000266.800, 147
Trd, 000267.583, 150
Trd, 000267.883, 151
Trd, 000268.017, 155.0
Trd, 000268.383, 152
Trd, 000268.450, 158.0
Trd, 000268.600, 169
Trd, 000269.750, 143
Trd, 000270.217, 150
Trd, 000270.700, 149.0
Trd, 000270.767, 150.0
Trd, 000271.100, 142
Trd, 000271.383, 140
Trd, 000271.933, 153.0
Trd, 000272.017, 150.0
Trd, 000272.117, 155.0
Trd, 000272.150, 157.0
Trd, 000272.500, 155.0
Trd, 000272.550, 144.0
Trd, 000273.067, 152.0
Trd, 000274.517, 147
Trd, 000274.883, 145
Trd, 000275.767, 144.0
Trd, 000275.850, 146.0
Trd, 000276.483, 143
Trd, 000276.650, 146
Trd, 000276.683, 147
Trd, 000276.900, 140
Trd, 000277.983, 139.0
Trd, 000278.217, 140.0
Trd, 000279.017, 148.0
Trd, 000279.817, 144
Trd, 000280.000, 144
Trd, 000280.483, 144
Trd, 000280.683, 142.0
Trd, 000280.767, 144.0
Trd, 000281.117, 148.0
Trd, 000281.467, 151.0
Trd, 000281.883, 155.0
Trd, 000282.033, 147.0
Trd, 000282.650, 158.0
Trd, 000283.650, 168
Trd, 000284.067, 163.0
Trd, 000284.133, 162.0
Trd, 000284.467, 167
Trd, 000284.683, 168
Trd, 000285.233, 158.0
Trd, 000285.767, 155.0
Trd, 000288.450, 143
Trd, 000288.783, 142
Trd, 000288.883, 141
Trd, 000288.983, 141
Trd, 000289.233, 143
Trd, 000289.267, 144
Trd, 000289.417, 144.0
Trd, 000289.617, 144
Trd, 000289.683, 148.0
Trd, 000289.800, 134.0
Trd, 000289.967, 135
Trd, 000290.483, 141
Trd, 000290.550, 151.0
Trd, 000290.617, 169
Trd, 000290.683, 148
Trd, 000292.567, 142
Trd, 000293.033, 148
Trd, 000293.667, 141
Trd, 000293.933, 155.0
Trd, 000294.217, 154
Trd, 000294.233, 142
Trd, 000295.100, 142
Trd, 000295.183, 143.0
Trd, 000295.217, 144.0
Trd, 000295.733, 143
Trd, 000296.750, 141
Trd, 000297.117, 148.0
Trd, 000297.350, 140
Trd, 000297.467, 137.0
Trd, 000297.617, 149
Trd, 000297.917, 147
Trd, 000299.317, 143.0
