Trd, 000001.350, 111
Trd, 000002.117, 134.0
Trd, 000002.383, 133.0
Trd, 000003.133, 151.0
Trd, 000003.483, 144
Trd, 000004.167, 171.0
Trd, 000004.750, 137
Trd, 000005.600, 132.0
Trd, 000006.050, 167
Trd, 000006.533, 162
Trd, 000007.783, 139
Trd, 000007.867, 150
Trd, 000008.300, 148
Trd, 000008.317, 155
Trd, 000008.550, 152.0
Trd, 000008.833, 153.0
Trd, 000009.700, 155
Trd, 000010.617, 157
Trd, 000011.733, 149
Trd, 000012.300, 152
Trd, 000012.333, 151.0
Trd, 000013.500, 152
Trd, 000013.650, 147
Trd, 000014.183, 152
Trd, 000014.300, 146
Trd, 000014.417, 137.0
Trd, 000014.783, 150
Trd, 000014.983, 132
Trd, 000015.617, 162.0
Trd, 000016.450, 136.0
Trd, 000016.817, 162.0
Trd, 000017.767, 145
Trd, 000019.167, 155
Trd, 000019.350, 148
Trd, 000020.083, 160
Trd, 000021.717, 157
Trd, 000022.050, 157
Trd, 000022.100, 152.0
Trd, 000022.467, 152
Trd, 000023.017, 159
Trd, 000024.133, 159
Trd, 000025.017, 159
Trd, 000025.033, 157
Trd, 000026.133, 161
Trd, 000026.250, 157.0
Trd, 000026.350, 155.0
Trd, 000026.683, 155
Trd, 000028.533, 160
Trd, 000028.583, 159
Trd, 000028.683, 162
Trd, 000029.233, 161
Trd, 000029.817, 155.0
Trd, 000030.050, 154.0
Trd, 000031.517, 161
Trd, 000031.633, 150
Trd, 000032.367, 154
Trd, 000033.467, 159
Trd, 000033.683, 158
Trd, 000034.600, 154
Trd, 000035.717, 154
Trd, 000036.100, 159
Trd, 000036.950, 154
Trd, 000037.867, 157
Trd, 000037.983, 155
Trd, 000038.567, 155
Trd, 000038.800, 153
Trd, 000040.317, 158
Trd, 000040.633, 161
Trd, 000041.083, 161
Trd, 000041.117, 168.0
Trd, 000041.833, 172.0
Trd, 000042.217, 153.0
Trd, 000042.667, 158
Trd, 000043.300, 152.0
Trd, 000044.417, 163.0
Trd, 000044.867, 167
Trd, 000044.883, 162.0
Trd, 000045.300, 161
Trd, 000045.367, 159
Trd, 000045.583, 137.0
Trd, 000045.783, 152
Trd, 000046.017, 147
Trd, 000047.283, 151.0
Trd, 000047.433, 139
Trd, 000048.017, 151
Trd, 000048.567, 149
Trd, 000049.517, 150
Trd, 000049.600, 152
Trd, 000050.800, 159
Trd, 000051.467, 156.0
Trd, 000052.950, 154
Trd, 000053.000, 155
Trd, 000053.383, 162.0
Trd, 000054.517, 162.0
Trd, 000055.167, 156.0
Trd, 000056.650, 156
Trd, 000056.817, 155.0
Trd, 000057.367, 151.0
Trd, 000057.967, 160
Trd, 000058.133, 137.0
Trd, 000058.533, 134
Trd, 000059.567, 150
Trd, 000059.700, 160
Trd, 000059.750, 162.0
Trd, 000060.400, 161
Trd, 000061.533, 155
Trd, 000062.367, 161
Trd, 000062.867, 158
Trd, 000063.317, 156
Trd, 000063.400, 153
Trd, 000063.817, 160
Trd, 000063.917, 152.0
Trd, 000065.367, 158
Trd, 000066.500, 160
Trd, 000066.567, 160
Trd, 000066.783, 159
Trd, 000066.967, 162.0
Trd, 000067.700, 158
Trd, 000068.900, 155.0
Trd, 000069.000, 151.0
Trd, 000069.667, 161
Trd, 000070.117, 161
Trd, 000070.367, 162
Trd, 000071.867, 155.0
Trd, 000072.267, 160
Trd, 000072.300, 162.0
Trd, 000073.600, 158.0
Trd, 000073.883, 158.0
Trd, 000074.733, 161
Trd, 000075.217, 160
Trd, 000076.117, 157
Trd, 000077.500, 158
Trd, 000077.983, 161
Trd, 000078.250, 159
Trd, 000079.267, 157
Trd, 000079.400, 161
Trd, 000079.450, 162.0
Trd, 000080.117, 155.0
Trd, 000081.667, 153.0
Trd, 000081.950, 157
Trd, 000082.017, 152.0
Trd, 000082.600, 157
Trd, 000083.233, 154
Trd, 000084.267, 153
Trd, 000084.900, 152.0
Trd, 000086.083, 153.0
Trd, 000086.317, 152.0
Trd, 000086.700, 153
Trd, 000086.867, 151.0
Trd, 000086.917, 162.0
Trd, 000087.033, 150
Trd, 000087.600, 142
Trd, 000087.650, 155
Trd, 000089.150, 156
Trd, 000090.833, 155.0
Trd, 000091.533, 162.0
Trd, 000092.867, 157
Trd, 000093.033, 156
Trd, 000093.900, 156
Trd, 000094.150, 151.0
Trd, 000094.433, 160
Trd, 000095.567, 140.0
Trd, 000095.967, 154
Trd, 000096.183, 151
Trd, 000096.633, 155
Trd, 000096.817, 156
Trd, 000097.083, 151.0
Trd, 000098.150, 150
Trd, 000098.717, 156
Trd, 000099.050, 154
Trd, 000099.433, 162.0
Trd, 000099.883, 168.0
Trd, 000099.950, 138
Trd, 000100.500, 167
Trd, 000101.417, 160
Trd, 000101.750, 141.0
Trd, 000101.983, 157
Trd, 000102.000, 139.0
Trd, 000103.883, 162.0
Trd, 000103.933, 142
Trd, 000105.550, 159
Trd, 000106.550, 151
Trd, 000106.633, 151
Trd, 000107.333, 152
Trd, 000108.633, 158
Trd, 000108.883, 162.0
Trd, 000109.500, 154
Trd, 000109.917, 153
Trd, 000110.250, 152.0
Trd, 000111.000, 153.0
Trd, 000111.433, 152.0
Trd, 000112.383, 158
Trd, 000112.650, 153.0
Trd, 000112.917, 160
Trd, 000113.733, 162.0
Trd, 000114.967, 154.0
Trd, 000115.117, 153
Trd, 000117.033, 158
Trd, 000117.333, 153.0
Trd, 000117.650, 151.0
Trd, 000118.617, 151.0
Trd, 000119.550, 139.0
Trd, 000120.550, 152
Trd, 000120.600, 148
Trd, 000121.333, 152
Trd, 000121.400, 162.0
Trd, 000121.517, 149
Trd, 000122.383, 149
Trd, 000122.983, 155
Trd, 000123.167, 162.0
Trd, 000123.717, 149
Trd, 000123.783, 157
Trd, 000124.233, 150
Trd, 000124.333, 168.0
Trd, 000124.600, 165
Trd, 000125.833, 155
Trd, 000127.033, 162.0
Trd, 000128.350, 162
Trd, 000128.367, 161
Trd, 000129.867, 154.0
Trd, 000130.467, 162.0
Trd, 000130.533, 154.0
Trd, 000130.667, 162
Trd, 000130.967, 162
Trd, 000131.883, 163.0
Trd, 000132.317, 164.0
Trd, 000132.433, 162.0
Trd, 000132.950, 162
Trd, 000132.967, 161
Trd, 000133.133, 151.0
Trd, 000133.733, 155
Trd, 000133.967, 158
Trd, 000135.900, 152.0
Trd, 000137.200, 156
Trd, 000137.350, 156.0
Trd, 000137.633, 151.0
Trd, 000139.150, 156
Trd, 000139.433, 152
Trd, 000140.100, 146.0
Trd, 000140.417, 146.0
Trd, 000140.717, 149
Trd, 000140.933, 154
Trd, 000142.500, 154
Trd, 000142.900, 153
Trd, 000143.000, 154
Trd, 000143.600, 167.0
Trd, 000143.867, 155.0
Trd, 000144.083, 168.0
Trd, 000144.967, 158
Trd, 000145.133, 155
Trd, 000145.233, 159
Trd, 000145.983, 137.0
Trd, 000146.083, 159
Trd, 000146.783, 159
Trd, 000148.383, 154.0
Trd, 000148.483, 152.0
Trd, 000148.600, 159
Trd, 000148.900, 151.0
Trd, 000149.633, 159
Trd, 000149.867, 140.0
Trd, 000151.417, 133
Trd, 000151.467, 147
Trd, 000152.450, 148
Trd, 000153.867, 161
Trd, 000154.133, 161
Trd, 000154.183, 160
Trd, 000154.533, 162.0
Trd, 000154.567, 155.0
Trd, 000155.717, 137.0
Trd, 000155.867, 158
Trd, 000156.200, 157
Trd, 000156.633, 141
Trd, 000156.700, 140
Trd, 000156.767, 156
Trd, 000157.450, 172.0
Trd, 000157.683, 151.0
Trd, 000158.533, 132
Trd, 000158.717, 131.0
Trd, 000161.733, 147
Trd, 000162.283, 153
Trd, 000163.517, 151
Trd, 000163.650, 151
Trd, 000163.733, 153
Trd, 000164.450, 153
Trd, 000165.900, 154
Trd, 000166.000, 156
Trd, 000166.167, 154
Trd, 000166.783, 150
Trd, 000167.650, 159
Trd, 000167.783, 162.0
Trd, 000168.133, 158
Trd, 000168.283, 151.0
Trd, 000168.600, 171.0
Trd, 000170.100, 164.0
Trd, 000170.700, 165.0
Trd, 000171.117, 165
Trd, 000171.467, 164.0
Trd, 000171.583, 162.0
Trd, 000172.867, 155.0
Trd, 000173.150, 151.0
Trd, 000173.283, 159
Trd, 000173.383, 137.0
Trd, 000173.433, 162.0
Trd, 000175.750, 161
Trd, 000175.983, 160
Trd, 000178.267, 159
Trd, 000178.967, 158
Trd, 000179.100, 160
Trd, 000179.783, 160
Trd, 000180.217, 162.0
Trd, 000180.600, 159.0
Trd, 000180.617, 157.0
Trd, 000181.817, 157
Trd, 000182.083, 168.0
Trd, 000182.100, 172.0
Trd, 000182.167, 156
Trd, 000182.633, 162.0
Trd, 000184.567, 161
Trd, 000185.167, 154.0
Trd, 000185.500, 152.0
Trd, 000186.733, 159
Trd, 000187.900, 158
Trd, 000188.883, 160
Trd, 000189.700, 158
Trd, 000190.000, 156
Trd, 000190.483, 158
Trd, 000191.533, 155.0
Trd, 000193.833, 157.0
Trd, 000193.917, 155.0
Trd, 000194.283, 158
Trd, 000194.900, 157
Trd, 000194.933, 158
Trd, 000194.967, 156
Trd, 000195.417, 155
Trd, 000196.050, 154
Trd, 000196.617, 158
Trd, 000198.200, 152.0
Trd, 000199.183, 152
Trd, 000200.333, 156
Trd, 000201.333, 155
Trd, 000201.433, 155.0
Trd, 000201.850, 154
Trd, 000202.483, 156
Trd, 000202.517, 158
Trd, 000202.917, 153.0
Trd, 000203.033, 159
Trd, 000203.867, 158
Trd, 000204.317, 155.0
Trd, 000205.717, 157
Trd, 000205.767, 162.0
Trd, 000206.117, 154.0
Trd, 000207.233, 137.0
Trd, 000208.983, 153.0
Trd, 000209.000, 159
Trd, 000209.333, 161
Trd, 000209.583, 163.0
Trd, 000209.617, 168.0
Trd, 000209.633, 162.0
Trd, 000209.883, 150
Trd, 000209.900, 147
Trd, 000213.283, 155
Trd, 000213.767, 151.0
Trd, 000213.783, 142
Trd, 000213.867, 155
Trd, 000214.100, 141
Trd, 000214.217, 162.0
Trd, 000214.383, 137.0
Trd, 000214.883, 148
Trd, 000215.733, 151
Trd, 000217.000, 156
Trd, 000217.033, 154.0
Trd, 000217.367, 155.0
Trd, 000217.433, 151.0
Trd, 000219.150, 149
Trd, 000219.933, 151
Trd, 000219.967, 150
Trd, 000220.900, 137.0
Trd, 000221.117, 152
Trd, 000221.233, 133
Trd, 000221.517, 133.0
Trd, 000222.167, 152
Trd, 000222.533, 152
Trd, 000222.567, 151.0
Trd, 000224.117, 153
Trd, 000224.550, 153
Trd, 000224.783, 151.0
Trd, 000225.717, 139.0
Trd, 000226.367, 142.0
Trd, 000227.983, 151
Trd, 000228.450, 150
Trd, 000228.617, 149
Trd, 000229.050, 148
Trd, 000229.683, 151
Trd, 000229.800, 151
Trd, 000230.500, 162.0
Trd, 000230.700, 146
Trd, 000230.950, 168.0
Trd, 000231.350, 171.0
Trd, 000232.017, 138.0
Trd, 000233.300, 163
Trd, 000233.450, 172.0
Trd, 000233.850, 162.0
Trd, 000234.717, 164
Trd, 000234.800, 155.0
Trd, 000235.283, 153
Trd, 000236.317, 154
Trd, 000237.083, 162
Trd, 000237.450, 162
Trd, 000238.400, 162
Trd, 000238.633, 161
Trd, 000239.700, 161
Trd, 000239.883, 162.0
Trd, 000239.917, 157
Trd, 000240.467, 155.0
Trd, 000241.133, 155.0
Trd, 000242.067, 151
Trd, 000242.433, 143
Trd, 000242.717, 151.0
Trd, 000242.867, 152
Trd, 000243.283, 169.0
Trd, 000244.683, 155
Trd, 000244.817, 155
Trd, 000244.850, 151
Trd, 000245.667, 151
Trd, 000246.117, 144
Trd, 000246.467, 137
Trd, 000246.833, 134
Trd, 000246.917, 133
Trd, 000247.200, 149
Trd, 000247.700, 140.0
Trd, 000248.167, 132.0
Trd, 000248.267, 131.0
Trd, 000249.017, 129
Trd, 000249.517, 129
Trd, 000250.000, 129
Trd, 000250.267, 132
Trd, 000250.683, 137.0
Trd, 000251.033, 141
Trd, 000251.100, 148
Trd, 000251.617, 137
Trd, 000251.667, 140
Trd, 000251.900, 143
Trd, 000252.050, 142
Trd, 000252.167, 141
Trd, 000252.367, 165.0
Trd, 000253.817, 154
Trd, 000253.867, 148
Trd, 000254.017, 148
Trd, 000255.083, 137
Trd, 000255.133, 135
Trd, 000255.483, 153.0
Trd, 000255.683, 152
Trd, 000256.583, 151
Trd, 000257.200, 155.0
Trd, 000257.833, 155
Trd, 000258.450, 154
Trd, 000258.483, 151.0
Trd, 000258.767, 134
Trd, 000259.233, 151
Trd, 000259.333, 137
Trd, 000259.967, 134
Trd, 000260.533, 139
Trd, 000260.967, 138
Trd, 000261.267, 138
Trd, 000261.350, 137
Trd, 000261.617, 139
Trd, 000261.750, 139
Trd, 000262.200, 136
Trd, 000262.700, 135
Trd, 000262.850, 142
Trd, 000263.683, 140
Trd, 000263.833, 138
Trd, 000264.533, 142
Trd, 000264.950, 141
Trd, 000265.267, 137
Trd, 000265.350, 136
Trd, 000266.117, 135
Trd, 000266.917, 142
Trd, 000267.550, 139
Trd, 000268.133, 151.0
Trd, 000268.683, 147
Trd, 000269.233, 145
Trd, 000269.750, 146
Trd, 000269.783, 166
Trd, 000270.283, 168
Trd, 000270.600, 145
Trd, 000270.667, 137.0
Trd, 000270.700, 131.0
Trd, 000271.333, 159
Trd, 000271.433, 155
Trd, 000271.483, 133
Trd, 000272.117, 152
Trd, 000272.383, 142
Trd, 000272.400, 136
Trd, 000272.467, 157
Trd, 000273.083, 170.0
Trd, 000273.667, 152
Trd, 000273.917, 148
Trd, 000274.883, 149
Trd, 000275.300, 147
Trd, 000275.933, 146
Trd, 000276.600, 148
Trd, 000277.367, 141.0
Trd, 000277.600, 147
Trd, 000278.017, 147
Trd, 000278.400, 147
Trd, 000278.900, 147.0
Trd, 000278.933, 148
Trd, 000279.750, 156
Trd, 000280.217, 152.0
Trd, 000280.867, 152.0
Trd, 000281.200, 151.0
Trd, 000281.317, 143
Trd, 000282.233, 147
Trd, 000282.250, 137.0
Trd, 000282.483, 143
Trd, 000282.650, 152
Trd, 000283.333, 147
Trd, 000283.367, 143
Trd, 000283.533, 143
Trd, 000283.583, 147
Trd, 000283.883, 162.0
Trd, 000283.950, 162.0
Trd, 000284.833, 145
Trd, 000285.200, 142
Trd, 000285.217, 137.0
Trd, 000285.633, 141
Trd, 000286.350, 140
Trd, 000286.567, 148
Trd, 000287.150, 144
Trd, 000287.517, 147
Trd, 000287.883, 148
Trd, 000287.917, 134
Trd, 000288.633, 138
Trd, 000289.250, 135
Trd, 000290.267, 137.0
Trd, 000290.483, 137
Trd, 000290.650, 140
Trd, 000290.700, 136
Trd, 000290.733, 141
Trd, 000291.000, 134
Trd, 000291.533, 160
Trd, 000292.100, 162.0
Trd, 000293.000, 137.0
Trd, 000293.350, 133
Trd, 000293.383, 148
Trd, 000293.633, 149
Trd, 000294.150, 148
Trd, 000294.600, 137.0
Trd, 000294.700, 133.0
Trd, 000294.850, 172.0
Trd, 000295.383, 154
Trd, 000295.683, 154
Trd, 000296.083, 154
Trd, 000297.033, 154
Trd, 000298.050, 154
Trd, 000298.317, 155
Trd, 000298.850, 152
Trd, 000299.083, 162.0
Trd, 000299.717, 162.0
