Trd, 000000.717, 151
Trd, 000001.750, 100
Trd, 000003.150, 133.0
Trd, 000003.400, 108
Trd, 000003.583, 134.0
Trd, 000003.617, 107
Trd, 000004.267, 139
Trd, 000004.500, 141
Trd, 000005.450, 135
Trd, 000005.567, 125
Trd, 000005.633, 144.0
Trd, 000007.517, 148.0
Trd, 000007.950, 147
Trd, 000008.617, 149
Trd, 000008.950, 149
Trd, 000008.967, 154.0
Trd, 000009.350, 155.0
Trd, 000010.167, 147
Trd, 000010.700, 144
Trd, 000011.133, 144
Trd, 000011.233, 146
Trd, 000011.967, 144
Trd, 000012.083, 141
Trd, 000012.300, 143
Trd, 000013.033, 141
Trd, 000013.233, 140
Trd, 000013.767, 144.0
Trd, 000013.800, 140
Trd, 000014.550, 143
Trd, 000014.733, 140
Trd, 000017.117, 143
Trd, 000017.183, 141
Trd, 000017.383, 146.0
Trd, 000017.533, 139
Trd, 000018.567, 147.0
Trd, 000018.900, 134
Trd, 000019.550, 144
Trd, 000019.617, 147
Trd, 000019.800, 135
Trd, 000020.217, 155.0
Trd, 000020.817, 148.0
Trd, 000020.950, 134
Trd, 000021.217, 131
Trd, 000021.483, 148
Trd, 000021.850, 149
Trd, 000022.483, 134.0
Trd, 000023.083, 154.0
Trd, 000023.333, 141
Trd, 000024.333, 135
Trd, 000024.933, 137
Trd, 000026.200, 139
Trd, 000026.383, 141
Trd, 000027.100, 139
Trd, 000027.200, 140
Trd, 000027.283, 138
Trd, 000027.717, 141
Trd, 000028.517, 137
Trd, 000028.533, 133
Trd, 000028.967, 148.0
Trd, 000029.433, 154.0
Trd, 000029.583, 155.0
Trd, 000030.667, 159
Trd, 000032.200, 148.0
Trd, 000032.550, 148
Trd, 000032.650, 147
Trd, 000032.717, 141
Trd, 000032.867, 144
Trd, 000033.167, 150
Trd, 000033.217, 127.0
Trd, 000033.917, 150
Trd, 000033.933, 151
Trd, 000034.117, 155.0
Trd, 000034.217, 134.0
Trd, 000035.150, 150
Trd, 000035.767, 143
Trd, 000036.700, 134.0
Trd, 000037.600, 136
Trd, 000037.783, 137
Trd, 000037.967, 129.0
Trd, 000038.767, 136
Trd, 000038.783, 139
Trd, 000039.067, 144.0
Trd, 000039.583, 148.0
Trd, 000040.000, 126
Trd, 000040.883, 140
Trd, 000042.133, 135
Trd, 000043.167, 144
Trd, 000043.467, 145
Trd, 000043.717, 144
Trd, 000044.117, 145
Trd, 000044.167, 154.0
Trd, 000044.683, 148.0
Trd, 000044.750, 155.0
Trd, 000045.433, 169
Trd, 000045.833, 139
Trd, 000046.117, 143
Trd, 000046.550, 160
Trd, 000047.533, 154
Trd, 000047.983, 156
Trd, 000048.300, 156
Trd, 000048.683, 153
Trd, 000050.417, 173
Trd, 000050.533, 164
Trd, 000050.617, 155
Trd, 000051.233, 151
Trd, 000051.767, 159
Trd, 000051.917, 159
Trd, 000052.200, 159
Trd, 000052.300, 158
Trd, 000052.500, 161
Trd, 000052.950, 144
Trd, 000053.183, 146
Trd, 000053.433, 144
Trd, 000054.683, 144.0
Trd, 000055.133, 146
Trd, 000055.317, 148.0
Trd, 000055.567, 135
Trd, 000057.617, 162
Trd, 000058.183, 155
Trd, 000058.567, 155
Trd, 000059.017, 155.0
Trd, 000059.117, 152
Trd, 000059.133, 150
Trd, 000059.150, 156
Trd, 000059.350, 148
Trd, 000059.550, 147
Trd, 000060.817, 154
Trd, 000061.300, 148.0
Trd, 000062.583, 152
Trd, 000063.100, 150
Trd, 000063.167, 149
Trd, 000064.083, 149
Trd, 000064.167, 150
Trd, 000065.100, 155.0
Trd, 000065.400, 150
Trd, 000065.450, 149
Trd, 000066.817, 148.0
Trd, 000067.167, 147
Trd, 000067.183, 144
Trd, 000068.183, 144
Trd, 000068.800, 142
Trd, 000069.367, 145
Trd, 000069.700, 146
Trd, 000069.917, 146
Trd, 000070.017, 141
Trd, 000070.100, 139
Trd, 000070.267, 155.0
Trd, 000070.767, 139
Trd, 000071.017, 126
Trd, 000072.517, 151
Trd, 000072.683, 148
Trd, 000072.783, 172
Trd, 000074.567, 170
Trd, 000075.067, 157
Trd, 000075.367, 157
Trd, 000075.800, 165.0
Trd, 000076.017, 158
Trd, 000076.667, 157
Trd, 000076.917, 156
Trd, 000077.483, 156
Trd, 000078.000, 154
Trd, 000078.183, 163
Trd, 000078.417, 148
Trd, 000079.383, 155
Trd, 000079.967, 157
Trd, 000080.533, 142
Trd, 000081.250, 154
Trd, 000081.333, 144
Trd, 000082.683, 146
Trd, 000083.217, 145
Trd, 000083.517, 142
Trd, 000083.800, 140
Trd, 000083.983, 143
Trd, 000085.300, 148.0
Trd, 000085.467, 142
Trd, 000085.650, 155.0
Trd, 000086.017, 142
Trd, 000086.350, 141
Trd, 000086.600, 146
Trd, 000087.833, 145
Trd, 000087.850, 172.0
Trd, 000087.883, 141
Trd, 000088.117, 128.0
Trd, 000088.583, 157
Trd, 000088.950, 153
Trd, 000089.900, 133
Trd, 000090.033, 130.0
Trd, 000090.767, 134.0
Trd, 000091.117, 129.0
Trd, 000091.383, 127.0
Trd, 000092.950, 129
Trd, 000093.233, 131
Trd, 000093.350, 134.0
Trd, 000093.917, 139
Trd, 000094.367, 154.0
Trd, 000095.183, 155.0
Trd, 000095.433, 155
Trd, 000096.033, 152
Trd, 000096.200, 146
Trd, 000096.433, 161
Trd, 000096.883, 149
Trd, 000098.083, 163
Trd, 000098.183, 153
Trd, 000098.350, 152
Trd, 000098.933, 160
Trd, 000099.183, 152
Trd, 000100.283, 152
Trd, 000100.367, 158
Trd, 000100.800, 153
Trd, 000101.783, 154.0
Trd, 000102.167, 155.0
Trd, 000102.217, 152
Trd, 000102.883, 155
Trd, 000103.617, 150
Trd, 000104.383, 152
Trd, 000104.983, 151
Trd, 000105.300, 147
Trd, 000106.300, 148.0
Trd, 000106.567, 149
Trd, 000107.583, 166.0
Trd, 000107.633, 165.0
Trd, 000108.283, 158
Trd, 000108.383, 161
Trd, 000108.700, 159
Trd, 000108.900, 157
Trd, 000108.950, 147
Trd, 000109.600, 154
Trd, 000110.117, 151
Trd, 000110.317, 143
Trd, 000111.067, 143
Trd, 000111.733, 152
Trd, 000112.350, 150
Trd, 000112.700, 140
Trd, 000112.983, 167
Trd, 000114.617, 134.0
Trd, 000115.767, 138
Trd, 000116.017, 139
Trd, 000116.250, 128
Trd, 000116.433, 143.0
Trd, 000117.083, 144.0
Trd, 000117.200, 134
Trd, 000117.567, 133
Trd, 000117.617, 132
Trd, 000118.117, 144
Trd, 000118.250, 148.0
Trd, 000119.933, 142
Trd, 000120.200, 132
Trd, 000121.217, 142
Trd, 000121.883, 138
Trd, 000122.133, 142.0
Trd, 000123.600, 137
Trd, 000124.317, 138
Trd, 000124.467, 142
Trd, 000125.083, 138
Trd, 000126.167, 142
Trd, 000126.417, 143
Trd, 000126.767, 140
Trd, 000128.300, 139
Trd, 000129.283, 141
Trd, 000129.683, 142
Trd, 000129.867, 139
Trd, 000129.883, 137
Trd, 000129.933, 143
Trd, 000130.950, 131
Trd, 000131.050, 126
Trd, 000131.367, 144.0
Trd, 000131.717, 148.0
Trd, 000132.167, 132
Trd, 000133.600, 145
Trd, 000133.983, 143
Trd, 000134.217, 134
Trd, 000134.817, 133.0
Trd, 000135.333, 134.0
Trd, 000135.717, 138
Trd, 000136.317, 144
Trd, 000136.667, 148.0
Trd, 000137.083, 155.0
Trd, 000137.900, 149
Trd, 000138.467, 149
Trd, 000139.833, 171
Trd, 000140.000, 165.0
Trd, 000140.250, 156
Trd, 000140.383, 158
Trd, 000140.600, 156
Trd, 000140.683, 155
Trd, 000142.200, 158
Trd, 000142.567, 153
Trd, 000142.700, 153
Trd, 000142.850, 157
Trd, 000143.000, 149
Trd, 000143.567, 156
Trd, 000144.533, 153
Trd, 000144.667, 157
Trd, 000144.733, 152
Trd, 000145.517, 152
Trd, 000146.700, 146
Trd, 000147.333, 151
Trd, 000148.200, 150
Trd, 000148.233, 151
Trd, 000148.567, 152
Trd, 000148.833, 150
Trd, 000148.967, 155.0
Trd, 000149.000, 169
Trd, 000149.983, 144
Trd, 000150.633, 149
Trd, 000150.767, 141
Trd, 000151.233, 159
Trd, 000151.400, 133
Trd, 000152.300, 144
Trd, 000152.767, 141
Trd, 000152.850, 127.0
Trd, 000152.967, 148
Trd, 000153.750, 145
Trd, 000154.383, 166.0
Trd, 000154.700, 165.0
Trd, 000154.733, 156
Trd, 000155.000, 161
Trd, 000155.517, 154
Trd, 000155.650, 153
Trd, 000156.517, 150
Trd, 000157.833, 147
Trd, 000158.133, 144
Trd, 000158.367, 151
Trd, 000159.217, 147
Trd, 000160.667, 147
Trd, 000161.033, 148
Trd, 000161.100, 147
Trd, 000161.567, 147.0
Trd, 000161.650, 148.0
Trd, 000162.233, 146
Trd, 000162.483, 147
Trd, 000162.817, 145
Trd, 000163.050, 143
Trd, 000163.167, 140
Trd, 000164.283, 145
Trd, 000165.050, 147
Trd, 000165.333, 150
Trd, 000165.500, 145
Trd, 000165.667, 155.0
Trd, 000166.617, 148.0
Trd, 000167.500, 146
Trd, 000167.533, 145
Trd, 000167.983, 148.0
Trd, 000168.050, 172.0
Trd, 000168.500, 157
Trd, 000168.650, 142
Trd, 000168.867, 157
Trd, 000169.617, 134.0
Trd, 000171.067, 142.0
Trd, 000171.483, 144.0
Trd, 000172.117, 144
Trd, 000172.150, 143
Trd, 000172.700, 141
Trd, 000174.683, 152
Trd, 000174.750, 155.0
Trd, 000174.933, 151
Trd, 000175.133, 152
Trd, 000175.617, 162
Trd, 000176.183, 155
Trd, 000176.650, 151
Trd, 000176.817, 154
Trd, 000177.083, 152
Trd, 000177.483, 153
Trd, 000177.933, 151
Trd, 000178.283, 149
Trd, 000178.550, 148.0
Trd, 000179.183, 147
Trd, 000179.733, 137
Trd, 000179.817, 136
Trd, 000180.467, 144.0
Trd, 000180.800, 144
Trd, 000180.817, 149
Trd, 000181.067, 134
Trd, 000183.200, 138
Trd, 000183.350, 137
Trd, 000183.783, 138
Trd, 000184.250, 139
Trd, 000184.850, 144.0
Trd, 000185.917, 139
Trd, 000186.100, 144
Trd, 000186.400, 141
Trd, 000186.533, 140
Trd, 000187.433, 144
Trd, 000188.067, 140
Trd, 000188.217, 139
Trd, 000188.967, 145
Trd, 000189.917, 146.0
Trd, 000190.100, 140
Trd, 000190.900, 147.0
Trd, 000192.283, 143
Trd, 000192.300, 141
Trd, 000192.550, 142
Trd, 000193.133, 148.0
Trd, 000193.833, 148
Trd, 000194.483, 154.0
Trd, 000194.767, 142
Trd, 000195.417, 148.0
Trd, 000196.417, 147
Trd, 000198.100, 147
Trd, 000198.450, 145
Trd, 000198.733, 146
Trd, 000198.867, 145
Trd, 000199.500, 144
Trd, 000199.583, 146
Trd, 000199.600, 144
Trd, 000199.667, 141
Trd, 000201.200, 145
Trd, 000201.533, 148.0
Trd, 000201.917, 143
Trd, 000202.950, 144
Trd, 000203.917, 144
Trd, 000203.933, 140
Trd, 000204.517, 148.0
Trd, 000204.567, 138
Trd, 000204.717, 131
Trd, 000205.850, 147
Trd, 000206.933, 146
Trd, 000206.950, 145
Trd, 000207.233, 146
Trd, 000207.317, 145
Trd, 000207.683, 154
Trd, 000207.950, 155.0
Trd, 000208.917, 148.0
Trd, 000209.367, 142
Trd, 000210.250, 146
Trd, 000210.750, 149
Trd, 000211.183, 145
Trd, 000213.567, 148.0
Trd, 000213.833, 150
Trd, 000213.983, 145
Trd, 000215.333, 148
Trd, 000215.500, 145
Trd, 000215.783, 171.0
Trd, 000215.950, 145
Trd, 000216.067, 172.0
Trd, 000216.133, 145
Trd, 000216.483, 165.0
Trd, 000216.500, 156
Trd, 000217.367, 157
Trd, 000217.767, 156
Trd, 000218.867, 146
Trd, 000219.517, 152
Trd, 000219.850, 151
Trd, 000220.050, 151
Trd, 000220.400, 150
Trd, 000220.600, 155
Trd, 000220.683, 155.0
Trd, 000221.183, 148
Trd, 000221.500, 155
Trd, 000221.967, 152
Trd, 000222.267, 149
Trd, 000222.933, 141
Trd, 000223.150, 162
Trd, 000223.900, 159
Trd, 000224.733, 148.0
Trd, 000224.850, 142
Trd, 000225.967, 142
Trd, 000226.683, 148
Trd, 000227.183, 144
Trd, 000227.200, 145
Trd, 000227.467, 141
Trd, 000227.600, 146
Trd, 000228.683, 144
Trd, 000228.750, 140
Trd, 000229.083, 140
Trd, 000229.400, 144
Trd, 000231.233, 142
Trd, 000231.883, 139
Trd, 000232.067, 142
Trd, 000232.183, 138
Trd, 000233.433, 137
Trd, 000233.517, 142
Trd, 000235.033, 142
Trd, 000235.083, 136
Trd, 000235.233, 127.0
Trd, 000235.267, 144.0
Trd, 000237.250, 146
Trd, 000238.100, 143
Trd, 000238.283, 148.0
Trd, 000238.417, 142
Trd, 000238.733, 145
Trd, 000239.033, 150
Trd, 000239.083, 144
Trd, 000239.533, 142
Trd, 000239.667, 155.0
Trd, 000240.100, 145
Trd, 000240.283, 149
Trd, 000240.617, 132
Trd, 000241.033, 147
Trd, 000241.717, 143
Trd, 000242.133, 144
Trd, 000242.283, 147
Trd, 000242.417, 148
Trd, 000242.600, 146
Trd, 000242.833, 153
Trd, 000243.367, 151
Trd, 000243.483, 165.0
Trd, 000244.783, 152
Trd, 000245.117, 155.0
Trd, 000245.233, 154
Trd, 000245.583, 153
Trd, 000246.017, 155
Trd, 000246.217, 150
Trd, 000246.550, 148
Trd, 000246.767, 148.0
Trd, 000247.733, 146
Trd, 000247.800, 146
Trd, 000247.967, 149
Trd, 000248.633, 150
Trd, 000248.900, 148
Trd, 000249.400, 147
Trd, 000249.717, 154.0
Trd, 000249.900, 149
Trd, 000249.967, 155.0
Trd, 000250.350, 149
Trd, 000250.467, 165.0
Trd, 000250.533, 148
Trd, 000251.383, 148.0
Trd, 000251.450, 161
Trd, 000252.000, 149
Trd, 000252.200, 150
Trd, 000252.783, 156
Trd, 000253.233, 157
Trd, 000253.317, 156.0
Trd, 000253.883, 155.0
Trd, 000253.950, 165.0
Trd, 000255.317, 161
Trd, 000255.817, 150
Trd, 000255.850, 153
Trd, 000255.900, 149
Trd, 000256.350, 157
Trd, 000257.250, 145
Trd, 000257.317, 146.0
Trd, 000257.600, 137.0
Trd, 000258.167, 143.0
Trd, 000258.567, 143
Trd, 000258.600, 145.0
Trd, 000258.933, 145
Trd, 000259.150, 148.0
Trd, 000259.317, 155.0
Trd, 000259.450, 139
Trd, 000260.183, 138
Trd, 000261.417, 145.0
Trd, 000261.883, 145
Trd, 000261.917, 146.0
Trd, 000262.117, 165.0
Trd, 000262.267, 145
Trd, 000262.667, 148.0
Trd, 000262.733, 147.0
Trd, 000263.033, 148.0
Trd, 000263.217, 148.0
Trd, 000263.283, 149.0
Trd, 000264.383, 146
Trd, 000264.583, 147
Trd, 000265.000, 143
Trd, 000265.117, 143.0
Trd, 000265.333, 144.0
Trd, 000265.683, 142
Trd, 000265.983, 146
Trd, 000266.100, 147
Trd, 000267.483, 142.0
Trd, 000268.450, 138.0
Trd, 000268.883, 146.0
Trd, 000269.617, 143.0
Trd, 000269.683, 138.0
Trd, 000269.850, 143
Trd, 000270.250, 137.0
Trd, 000270.317, 148.0
Trd, 000270.417, 137
Trd, 000270.650, 134.0
Trd, 000271.183, 148.0
Trd, 000272.300, 141
Trd, 000272.450, 143
Trd, 000272.533, 142
Trd, 000272.600, 141
Trd, 000272.783, 146
Trd, 000272.867, 146
Trd, 000273.217, 135
Trd, 000274.667, 136.0
Trd, 000274.883, 148.0
Trd, 000275.700, 145
Trd, 000275.917, 153.0
Trd, 000276.550, 142
Trd, 000276.617, 141
Trd, 000276.750, 142
Trd, 000276.983, 143
Trd, 000277.883, 149
Trd, 000277.933, 150
Trd, 000279.417, 147
Trd, 000279.450, 154.0
Trd, 000279.833, 150
Trd, 000280.000, 149
Trd, 000280.250, 149
Trd, 000280.400, 155.0
Trd, 000280.833, 149
Trd, 000281.017, 165.0
Trd, 000281.267, 165
Trd, 000281.300, 157
Trd, 000281.933, 154
Trd, 000282.183, 148.0
Trd, 000282.483, 163
Trd, 000282.983, 143.0
Trd, 000283.000, 172.0
Trd, 000283.917, 165.0
Trd, 000284.283, 154
Trd, 000284.383, 153
Trd, 000284.683, 162
Trd, 000285.150, 149
Trd, 000285.350, 148.0
Trd, 000285.583, 144
Trd, 000285.667, 155
Trd, 000286.433, 138.0
Trd, 000286.833, 146
Trd, 000287.117, 143.0
Trd, 000287.517, 144.0
Trd, 000287.600, 145
Trd, 000288.567, 148.0
Trd, 000288.617, 153
Trd, 000288.933, 155.0
Trd, 000289.133, 149
Trd, 000289.633, 147
Trd, 000290.300, 152.0
Trd, 000291.183, 146
Trd, 000291.200, 151
Trd, 000292.183, 148
Trd, 000292.600, 147.0
Trd, 000293.083, 148.0
Trd, 000293.517, 147
Trd, 000293.833, 145
Trd, 000294.200, 145
Trd, 000294.233, 144
Trd, 000294.533, 140
Trd, 000294.767, 145
Trd, 000295.583, 144
Trd, 000296.000, 155.0
Trd, 000296.017, 138
Trd, 000296.183, 137.0
Trd, 000297.050, 148.0
Trd, 000297.183, 161
Trd, 000297.200, 165
Trd, 000297.217, 146
Trd, 000298.350, 155
Trd, 000298.750, 154
Trd, 000299.167, 148.0
Trd, 000299.217, 159
Trd, 000299.617, 156
Trd, 000299.900, 154
