Trd, 000002.533, 170
Trd, 000003.050, 150
Trd, 000004.100, 143
Trd, 000004.333, 154
Trd, 000005.983, 149
Trd, 000006.583, 149
Trd, 000006.667, 145
Trd, 000008.300, 145
Trd, 000009.033, 145
Trd, 000009.333, 145
Trd, 000009.417, 149
Trd, 000009.917, 149
Trd, 000010.800, 148
Trd, 000011.033, 146
Trd, 000011.533, 147
Trd, 000011.783, 151.0
Trd, 000012.067, 148
Trd, 000012.683, 148
Trd, 000013.400, 147
Trd, 000014.250, 146
Trd, 000014.550, 144
Trd, 000015.850, 147
Trd, 000016.267, 139.0
Trd, 000016.950, 146
Trd, 000017.517, 142
Trd, 000018.850, 143
Trd, 000019.717, 142
Trd, 000020.067, 142
Trd, 000020.133, 142
Trd, 000020.217, 141
Trd, 000020.750, 141
Trd, 000021.033, 141
Trd, 000021.217, 140
Trd, 000022.117, 140
Trd, 000023.083, 143
Trd, 000023.250, 139
Trd, 000023.383, 138
Trd, 000023.467, 161.0
Trd, 000024.000, 168.0
Trd, 000024.117, 143
Trd, 000025.750, 153
Trd, 000026.333, 152
Trd, 000026.583, 153
Trd, 000026.633, 152
Trd, 000027.583, 151
Trd, 000027.650, 152
Trd, 000028.833, 152
Trd, 000028.950, 153
Trd, 000029.550, 148
Trd, 000030.333, 152
Trd, 000031.567, 149
Trd, 000031.767, 148
Trd, 000033.367, 149
Trd, 000033.950, 147
Trd, 000034.450, 147
Trd, 000034.600, 148
Trd, 000036.250, 144
Trd, 000036.683, 146
Trd, 000037.267, 145
Trd, 000037.650, 145
Trd, 000037.667, 144
Trd, 000038.067, 145
Trd, 000038.117, 144
Trd, 000040.167, 146
Trd, 000041.400, 146
Trd, 000041.817, 146
Trd, 000041.883, 145
Trd, 000042.600, 148
Trd, 000042.767, 151.0
Trd, 000043.983, 147
Trd, 000044.750, 147
Trd, 000044.817, 146
Trd, 000045.700, 147
Trd, 000045.867, 148
Trd, 000047.350, 146
Trd, 000048.033, 146
Trd, 000048.417, 147
Trd, 000049.167, 147
Trd, 000049.667, 146
Trd, 000049.783, 145
Trd, 000050.583, 148
Trd, 000051.050, 148
Trd, 000051.217, 147
Trd, 000051.233, 144
Trd, 000053.367, 150
Trd, 000053.750, 148
Trd, 000053.883, 148
Trd, 000054.533, 151.0
Trd, 000054.583, 152
Trd, 000055.533, 148
Trd, 000055.550, 151.0
Trd, 000058.200, 150
Trd, 000059.000, 149
Trd, 000059.400, 148.0
Trd, 000059.717, 148
Trd, 000059.850, 149
Trd, 000060.033, 147
Trd, 000060.817, 148
Trd, 000061.250, 149
Trd, 000061.517, 146
Trd, 000061.733, 151.0
Trd, 000063.383, 152
Trd, 000063.450, 161.0
Trd, 000064.350, 168.0
Trd, 000065.717, 169
Trd, 000066.300, 168
Trd, 000066.800, 169.0
Trd, 000066.933, 167
Trd, 000067.300, 168
Trd, 000068.750, 166
Trd, 000069.200, 167
Trd, 000070.283, 167
Trd, 000070.467, 164
Trd, 000071.033, 165
Trd, 000071.217, 163
Trd, 000072.833, 166
Trd, 000072.850, 168.0
Trd, 000072.883, 172.0
Trd, 000075.133, 165
Trd, 000075.750, 163
Trd, 000076.033, 163
Trd, 000077.667, 153
Trd, 000078.233, 149.0
Trd, 000078.733, 152
Trd, 000079.067, 153
Trd, 000080.300, 150
Trd, 000081.567, 152
Trd, 000082.500, 149
Trd, 000083.767, 151
Trd, 000083.800, 150
Trd, 000084.250, 149.0
Trd, 000084.550, 150.0
Trd, 000085.467, 149
Trd, 000085.617, 149
Trd, 000085.700, 148
Trd, 000085.800, 148.0
Trd, 000086.633, 145
Trd, 000086.950, 144
Trd, 000087.967, 147
Trd, 000088.917, 147
Trd, 000089.367, 145
Trd, 000089.967, 146
Trd, 000090.017, 146
Trd, 000090.400, 145
Trd, 000090.750, 145
Trd, 000092.450, 149
Trd, 000093.983, 145
Trd, 000094.133, 146
Trd, 000095.317, 144
Trd, 000095.433, 137.0
Trd, 000096.300, 144
Trd, 000096.417, 146
Trd, 000096.617, 144
Trd, 000097.033, 143
Trd, 000098.233, 142
Trd, 000098.417, 141
Trd, 000098.733, 143
Trd, 000099.383, 143
Trd, 000100.683, 149.0
Trd, 000100.817, 151.0
Trd, 000101.383, 141
Trd, 000102.200, 141
Trd, 000102.450, 140
Trd, 000103.433, 141
Trd, 000103.500, 142
Trd, 000104.367, 139
Trd, 000105.050, 139.0
Trd, 000105.233, 141.0
Trd, 000105.467, 141
Trd, 000107.683, 143
Trd, 000108.917, 151
Trd, 000109.400, 151
Trd, 000109.983, 149
Trd, 000110.800, 148
Trd, 000110.833, 148.0
Trd, 000111.050, 148
Trd, 000111.900, 150.0
Trd, 000112.000, 151.0
Trd, 000112.567, 151
Trd, 000113.850, 150
Trd, 000114.033, 159.0
Trd, 000114.900, 149
Trd, 000115.483, 160.0
Trd, 000116.883, 155
Trd, 000117.267, 155
Trd, 000118.200, 156
Trd, 000118.983, 152
Trd, 000119.583, 152
Trd, 000119.683, 153
Trd, 000119.917, 150.0
Trd, 000120.083, 148.0
Trd, 000122.067, 152
Trd, 000122.217, 151
Trd, 000122.400, 153
Trd, 000122.467, 150
Trd, 000123.667, 160.0
Trd, 000123.717, 150
Trd, 000126.083, 151
Trd, 000127.383, 151
Trd, 000128.383, 152
Trd, 000128.750, 152
Trd, 000130.117, 154
Trd, 000130.300, 159.0
Trd, 000130.533, 154
Trd, 000130.800, 154
Trd, 000132.217, 154
Trd, 000133.017, 153
Trd, 000133.283, 154
Trd, 000133.600, 153
Trd, 000134.283, 152
Trd, 000134.733, 150
Trd, 000134.750, 150
Trd, 000135.033, 151
Trd, 000135.650, 149.0
Trd, 000137.000, 149
Trd, 000137.217, 150
Trd, 000137.550, 150.0
Trd, 000138.883, 151.0
Trd, 000138.917, 162.0
Trd, 000138.967, 148.0
Trd, 000140.067, 150
Trd, 000140.750, 150
Trd, 000141.450, 150
Trd, 000141.583, 148.0
Trd, 000142.300, 149
Trd, 000142.567, 150
Trd, 000142.767, 149
Trd, 000144.133, 151
Trd, 000144.850, 149
Trd, 000144.950, 151
Trd, 000145.150, 162.0
Trd, 000145.433, 172.0
Trd, 000146.217, 149
Trd, 000147.400, 166.0
Trd, 000147.617, 166.0
Trd, 000147.767, 165
Trd, 000147.867, 154
Trd, 000148.450, 154
Trd, 000149.250, 160.0
Trd, 000150.167, 151
Trd, 000150.467, 151
Trd, 000151.583, 148.0
Trd, 000151.700, 148
Trd, 000152.600, 146
Trd, 000153.017, 137.0
Trd, 000153.183, 146
Trd, 000153.583, 155
Trd, 000154.700, 146
Trd, 000155.183, 145
Trd, 000155.750, 145
Trd, 000156.333, 146
Trd, 000157.017, 146
Trd, 000157.700, 145
Trd, 000158.783, 146
Trd, 000159.683, 144
Trd, 000159.800, 151.0
Trd, 000160.200, 149
Trd, 000160.817, 150
Trd, 000160.900, 162.0
Trd, 000162.050, 157
Trd, 000162.483, 157
Trd, 000163.667, 159.0
Trd, 000164.133, 158
Trd, 000164.183, 159.0
Trd, 000165.117, 155
Trd, 000165.550, 157
Trd, 000165.767, 158
Trd, 000165.783, 155
Trd, 000166.267, 157
Trd, 000166.650, 150
Trd, 000166.750, 156
Trd, 000167.433, 157
Trd, 000168.867, 151
Trd, 000168.900, 148.0
Trd, 000168.917, 153
Trd, 000170.667, 150
Trd, 000172.033, 149
Trd, 000172.600, 148
Trd, 000172.917, 149
Trd, 000173.667, 147
Trd, 000174.367, 146
Trd, 000175.433, 141.0
Trd, 000175.567, 149
Trd, 000176.233, 140.0
Trd, 000177.633, 143
Trd, 000178.467, 142
Trd, 000178.967, 140
Trd, 000179.017, 143
Trd, 000179.133, 143
Trd, 000179.750, 141
Trd, 000180.767, 142
Trd, 000181.317, 141
Trd, 000182.533, 143
Trd, 000183.250, 149.0
Trd, 000183.367, 144
Trd, 000183.817, 149.0
Trd, 000184.000, 142
Trd, 000184.550, 146
Trd, 000186.400, 142
Trd, 000186.617, 145
Trd, 000187.167, 144
Trd, 000188.833, 145
Trd, 000188.883, 144
Trd, 000190.167, 144
Trd, 000190.817, 143
Trd, 000191.217, 144
Trd, 000191.600, 144
Trd, 000191.867, 144
Trd, 000191.900, 146
Trd, 000193.250, 146
Trd, 000194.083, 145
Trd, 000194.367, 145
Trd, 000194.683, 146
Trd, 000195.367, 145
Trd, 000195.600, 144
Trd, 000196.317, 146
Trd, 000196.650, 147
Trd, 000197.717, 147
Trd, 000198.383, 147
Trd, 000199.800, 155
Trd, 000200.533, 149
Trd, 000200.900, 148
Trd, 000201.450, 148
Trd, 000201.833, 148
Trd, 000202.167, 147
Trd, 000203.133, 147
Trd, 000203.583, 146
Trd, 000204.517, 147
Trd, 000204.683, 145
Trd, 000204.967, 145
Trd, 000205.183, 145
Trd, 000205.733, 144
Trd, 000206.217, 144
Trd, 000206.783, 131.0
Trd, 000207.117, 145
Trd, 000207.333, 143
Trd, 000208.133, 144
Trd, 000209.050, 151.0
Trd, 000210.350, 150
Trd, 000212.083, 152
Trd, 000212.483, 151
Trd, 000213.300, 150
Trd, 000213.333, 148.0
Trd, 000214.317, 151.0
Trd, 000214.833, 150.0
Trd, 000215.400, 150
Trd, 000215.833, 149
Trd, 000218.433, 149.0
Trd, 000218.783, 150
Trd, 000219.283, 149
Trd, 000219.417, 150.0
Trd, 000219.817, 151.0
Trd, 000220.717, 149
Trd, 000221.267, 150
Trd, 000222.133, 149
Trd, 000222.450, 150
Trd, 000222.650, 150
Trd, 000222.967, 148
Trd, 000223.383, 149
Trd, 000224.300, 162.0
Trd, 000224.667, 172.0
Trd, 000225.233, 151
Trd, 000227.067, 152
Trd, 000227.350, 151
Trd, 000227.483, 152
Trd, 000228.233, 150
Trd, 000228.650, 150
Trd, 000228.967, 149
Trd, 000229.200, 149
Trd, 000229.500, 151
Trd, 000229.550, 148
Trd, 000230.217, 155
Trd, 000230.767, 155
Trd, 000232.200, 155
Trd, 000232.683, 155
Trd, 000233.317, 154
Trd, 000233.567, 154
Trd, 000234.100, 153
Trd, 000234.533, 152
Trd, 000235.500, 154
Trd, 000235.983, 151
Trd, 000236.233, 152
Trd, 000238.400, 149
Trd, 000238.933, 149.0
Trd, 000239.067, 154
Trd, 000240.117, 149
Trd, 000240.367, 150
Trd, 000240.433, 151
Trd, 000240.600, 148.0
Trd, 000241.017, 145
Trd, 000241.500, 148
Trd, 000241.550, 149
Trd, 000241.817, 149
Trd, 000241.933, 149
Trd, 000242.067, 151.0
Trd, 000242.867, 150
Trd, 000243.600, 151
Trd, 000243.950, 151
Trd, 000244.350, 148
Trd, 000244.367, 147
Trd, 000244.567, 148
Trd, 000245.267, 149
Trd, 000245.600, 150
Trd, 000246.200, 151
Trd, 000246.433, 147
Trd, 000247.217, 148.0
Trd, 000247.933, 148
Trd, 000247.967, 151.0
Trd, 000248.617, 146
Trd, 000249.500, 149
Trd, 000249.767, 148
Trd, 000250.933, 148.0
Trd, 000251.033, 146
Trd, 000251.083, 149.0
Trd, 000251.100, 152
Trd, 000251.683, 156
Trd, 000251.833, 153
Trd, 000252.183, 153.0
Trd, 000252.300, 153
Trd, 000253.400, 151
Trd, 000253.450, 152
Trd, 000253.467, 150
Trd, 000253.533, 134.0
Trd, 000253.900, 146
Trd, 000254.483, 153
Trd, 000256.250, 151.0
Trd, 000256.833, 161.0
Trd, 000257.250, 151
Trd, 000257.367, 152.0
Trd, 000257.800, 150
Trd, 000257.817, 153
Trd, 000258.850, 154
Trd, 000259.183, 154
Trd, 000259.583, 154
Trd, 000259.700, 165.0
Trd, 000260.117, 157
Trd, 000260.417, 155
Trd, 000261.017, 156.0
Trd, 000261.150, 153.0
Trd, 000261.250, 151
Trd, 000262.533, 151
Trd, 000262.550, 151
Trd, 000262.633, 152
Trd, 000262.933, 153
Trd, 000263.817, 152
Trd, 000263.967, 150
Trd, 000265.000, 146
Trd, 000265.883, 149
Trd, 000266.433, 147
Trd, 000266.817, 146
Trd, 000267.533, 143.0
Trd, 000267.733, 147.0
Trd, 000268.500, 147.0
Trd, 000268.683, 147
Trd, 000269.000, 147
Trd, 000269.150, 148
Trd, 000269.267, 151.0
Trd, 000270.183, 149
Trd, 000270.900, 149.0
Trd, 000270.967, 151
Trd, 000271.567, 150
Trd, 000272.417, 151
Trd, 000272.550, 151
Trd, 000272.617, 151
Trd, 000273.367, 152
Trd, 000273.483, 150
Trd, 000273.750, 153.0
Trd, 000274.300, 156.0
Trd, 000274.617, 162.0
Trd, 000275.250, 150
Trd, 000275.550, 158
Trd, 000276.083, 158.0
Trd, 000276.683, 162.0
Trd, 000276.733, 162
Trd, 000277.233, 159
Trd, 000278.200, 152.0
Trd, 000278.533, 149
Trd, 000278.550, 152.0
Trd, 000279.133, 148.0
Trd, 000280.200, 143.0
Trd, 000280.383, 139.0
Trd, 000280.400, 144.0
Trd, 000280.733, 145
Trd, 000281.650, 145
Trd, 000281.817, 145
Trd, 000282.383, 144
Trd, 000283.000, 144
Trd, 000283.183, 143
Trd, 000283.617, 144
Trd, 000283.833, 143
Trd, 000284.067, 143
Trd, 000284.550, 144
Trd, 000285.367, 142
Trd, 000285.617, 143.0
Trd, 000286.200, 144.0
Trd, 000286.783, 149
Trd, 000287.217, 143
Trd, 000287.717, 144.0
Trd, 000287.983, 146
Trd, 000288.467, 146
Trd, 000288.833, 151.0
Trd, 000288.967, 141
Trd, 000289.150, 165.0
Trd, 000290.067, 154
Trd, 000290.283, 166.0
Trd, 000290.517, 166.0
Trd, 000291.967, 157
Trd, 000292.050, 156
Trd, 000292.100, 155
Trd, 000292.300, 153
Trd, 000293.367, 154
Trd, 000293.450, 156
Trd, 000293.767, 157
Trd, 000294.100, 157
Trd, 000294.317, 152
Trd, 000294.767, 152
Trd, 000294.833, 162.0
Trd, 000295.133, 151
Trd, 000295.483, 149.0
Trd, 000296.433, 151
Trd, 000296.717, 148
Trd, 000297.117, 149
Trd, 000299.200, 148
Trd, 000299.433, 148.0
Trd, 000299.650, 149
Trd, 000299.750, 147
Trd, 000299.967, 145
