Trd, 000001.083, 165.0
Trd, 000001.733, 158
Trd, 000001.983, 183
Trd, 000002.817, 130
Trd, 000003.317, 131
Trd, 000003.783, 164
Trd, 000004.983, 137.0
Trd, 000006.300, 139
Trd, 000006.350, 138
Trd, 000008.700, 139
Trd, 000008.867, 144.0
Trd, 000009.117, 140
Trd, 000009.383, 146.0
Trd, 000009.717, 140
Trd, 000010.850, 139
Trd, 000010.900, 144
Trd, 000011.250, 147.0
Trd, 000012.783, 147.0
Trd, 000013.117, 148.0
Trd, 000013.583, 151.0
Trd, 000014.133, 149
Trd, 000014.350, 165.0
Trd, 000014.483, 146
Trd, 000015.167, 146
Trd, 000017.817, 151
Trd, 000018.417, 150.0
Trd, 000018.600, 149
Trd, 000019.150, 149
Trd, 000019.467, 150.0
Trd, 000019.517, 147
Trd, 000019.567, 151.0
Trd, 000020.000, 165.0
Trd, 000020.667, 155
Trd, 000020.767, 157
Trd, 000020.917, 162
Trd, 000022.533, 150
Trd, 000022.600, 151.0
Trd, 000023.650, 163
Trd, 000023.900, 164
Trd, 000024.883, 149
Trd, 000025.150, 149
Trd, 000026.617, 152
Trd, 000027.083, 150
Trd, 000027.233, 147
Trd, 000027.433, 151
Trd, 000028.417, 143
Trd, 000029.883, 137.0
Trd, 000030.067, 147.0
Trd, 000030.517, 148.0
Trd, 000030.783, 148.0
Trd, 000030.950, 147
Trd, 000031.883, 149.0
Trd, 000032.317, 147
Trd, 000032.433, 150.0
Trd, 000033.550, 151.0
Trd, 000033.967, 149
Trd, 000035.050, 149
Trd, 000035.233, 149
Trd, 000035.700, 150.0
Trd, 000036.033, 150.0
Trd, 000036.633, 149
Trd, 000037.183, 164
Trd, 000037.350, 147
Trd, 000038.167, 146
Trd, 000039.017, 143
Trd, 000039.200, 148.0
Trd, 000039.300, 147
Trd, 000040.667, 148.0
Trd, 000040.850, 149.0
Trd, 000041.600, 144
Trd, 000042.917, 165
Trd, 000043.383, 151.0
Trd, 000043.983, 143
Trd, 000045.117, 155
Trd, 000046.900, 152
Trd, 000047.233, 151
Trd, 000047.283, 151
Trd, 000047.583, 150
Trd, 000048.050, 149
Trd, 000048.833, 147
Trd, 000049.017, 148
Trd, 000049.050, 149
Trd, 000049.217, 144
Trd, 000049.317, 161
Trd, 000050.733, 149
Trd, 000051.517, 151.0
Trd, 000052.450, 152
Trd, 000052.617, 146
Trd, 000052.683, 157
Trd, 000053.317, 162
Trd, 000054.017, 148
Trd, 000054.350, 149
Trd, 000055.367, 155
Trd, 000055.683, 148
Trd, 000056.550, 151
Trd, 000057.583, 147
Trd, 000057.883, 148
Trd, 000058.217, 148.0
Trd, 000058.550, 146
Trd, 000058.917, 148
Trd, 000059.133, 146
Trd, 000060.000, 149
Trd, 000061.500, 148.0
Trd, 000061.567, 142
Trd, 000062.350, 150.0
Trd, 000063.667, 160
Trd, 000063.767, 161
Trd, 000063.917, 149
Trd, 000064.550, 150
Trd, 000064.750, 149
Trd, 000064.767, 151.0
Trd, 000065.767, 148
Trd, 000066.917, 150
Trd, 000067.667, 149
Trd, 000067.900, 149
Trd, 000068.083, 147
Trd, 000070.683, 151
Trd, 000071.017, 150.0
Trd, 000072.217, 150.0
Trd, 000072.650, 150.0
Trd, 000072.933, 151.0
Trd, 000072.983, 147
Trd, 000073.567, 146
Trd, 000074.833, 154
Trd, 000075.467, 151
Trd, 000075.533, 164.0
Trd, 000077.917, 157
Trd, 000078.350, 157
Trd, 000078.417, 155
Trd, 000079.267, 156
Trd, 000079.483, 159
Trd, 000080.283, 155
Trd, 000080.650, 154
Trd, 000080.950, 156
Trd, 000080.967, 158.0
Trd, 000081.000, 153
Trd, 000082.217, 155.0
Trd, 000082.600, 147
Trd, 000083.017, 154.0
Trd, 000083.467, 153
Trd, 000083.617, 153.0
Trd, 000084.200, 153
Trd, 000084.650, 135
Trd, 000085.800, 176
Trd, 000085.883, 180
Trd, 000086.283, 172
Trd, 000086.783, 167
Trd, 000087.950, 162
Trd, 000088.700, 163
Trd, 000089.700, 153
Trd, 000090.050, 155
Trd, 000090.617, 157
Trd, 000091.933, 154
Trd, 000092.100, 154
Trd, 000092.133, 155
Trd, 000093.083, 152
Trd, 000093.283, 153
Trd, 000093.317, 154
Trd, 000093.550, 151
Trd, 000093.850, 154
Trd, 000094.517, 146
Trd, 000096.200, 153
Trd, 000097.067, 151
Trd, 000098.017, 150
Trd, 000098.567, 150
Trd, 000098.800, 149
Trd, 000098.900, 147
Trd, 000099.267, 151
Trd, 000099.617, 164
Trd, 000099.750, 147
Trd, 000101.650, 150.0
Trd, 000102.100, 148
Trd, 000102.633, 149.0
Trd, 000103.450, 148
Trd, 000104.333, 148
Trd, 000105.283, 151.0
Trd, 000105.933, 155
Trd, 000107.033, 146
Trd, 000107.100, 157.0
Trd, 000107.267, 149
Trd, 000107.483, 158.0
Trd, 000107.667, 151.0
Trd, 000107.683, 148
Trd, 000108.567, 153
Trd, 000109.000, 144
Trd, 000109.183, 143
Trd, 000110.350, 148
Trd, 000110.617, 151
Trd, 000111.867, 165.0
Trd, 000113.100, 161
Trd, 000114.700, 164
Trd, 000115.067, 147
Trd, 000115.083, 164
Trd, 000115.200, 143
Trd, 000115.983, 164
Trd, 000116.183, 163
Trd, 000116.383, 153
Trd, 000116.433, 164
Trd, 000116.567, 165.0
Trd, 000118.317, 166
Trd, 000120.417, 161
Trd, 000120.750, 166
Trd, 000120.850, 162
Trd, 000120.933, 161
Trd, 000121.333, 167
Trd, 000121.533, 164.0
Trd, 000121.733, 165.0
Trd, 000121.950, 159
Trd, 000122.000, 143
Trd, 000122.267, 141
Trd, 000123.067, 156
Trd, 000123.200, 155
Trd, 000125.067, 154
Trd, 000125.333, 158
Trd, 000126.183, 155
Trd, 000127.483, 156
Trd, 000127.783, 156
Trd, 000128.683, 157
Trd, 000129.267, 156
Trd, 000129.500, 147
Trd, 000130.250, 160
Trd, 000130.567, 163.0
Trd, 000131.767, 160.0
Trd, 000133.433, 156.0
Trd, 000133.767, 156.0
Trd, 000134.167, 155
Trd, 000134.483, 156.0
Trd, 000134.817, 153
Trd, 000136.200, 153.0
Trd, 000136.217, 151
Trd, 000136.300, 165.0
Trd, 000137.383, 149.0
Trd, 000137.983, 151.0
Trd, 000139.133, 149
Trd, 000139.350, 150
Trd, 000139.983, 150
Trd, 000140.517, 149
Trd, 000141.983, 156
Trd, 000142.367, 151
Trd, 000142.717, 151
Trd, 000143.233, 147
Trd, 000143.717, 147
Trd, 000144.400, 149
Trd, 000144.600, 152
Trd, 000144.800, 163
Trd, 000146.217, 152
Trd, 000146.683, 151
Trd, 000147.367, 149.0
Trd, 000147.467, 150.0
Trd, 000147.867, 151.0
Trd, 000148.383, 165.0
Trd, 000149.850, 150
Trd, 000150.850, 150
Trd, 000151.967, 151
Trd, 000152.733, 156
Trd, 000152.967, 150
Trd, 000153.083, 155
Trd, 000154.350, 151
Trd, 000154.850, 154
Trd, 000155.800, 151
Trd, 000156.267, 151
Trd, 000156.417, 151
Trd, 000156.567, 147
Trd, 000156.867, 150
Trd, 000158.433, 148
Trd, 000158.750, 148
Trd, 000158.800, 149
Trd, 000158.967, 146
Trd, 000160.050, 146
Trd, 000160.400, 143
Trd, 000160.550, 146
Trd, 000160.967, 149
Trd, 000161.117, 144
Trd, 000161.700, 150.0
Trd, 000162.417, 149.0
Trd, 000162.817, 151.0
Trd, 000163.583, 152
Trd, 000164.233, 165
Trd, 000164.433, 150
Trd, 000165.100, 164.0
Trd, 000165.117, 148
Trd, 000165.850, 147
Trd, 000166.050, 149.0
Trd, 000168.117, 149.0
Trd, 000168.517, 148.0
Trd, 000170.067, 148
Trd, 000170.183, 161
Trd, 000170.783, 148.0
Trd, 000171.033, 148.0
Trd, 000171.250, 147
Trd, 000171.433, 162
Trd, 000172.450, 161
Trd, 000172.533, 163.0
Trd, 000173.083, 151.0
Trd, 000173.350, 165.0
Trd, 000173.600, 189
Trd, 000173.867, 165
Trd, 000174.317, 144
Trd, 000176.600, 161
Trd, 000177.433, 153
Trd, 000177.950, 157
Trd, 000178.450, 154
Trd, 000179.033, 154
Trd, 000179.833, 153
Trd, 000179.933, 154
Trd, 000180.267, 145
Trd, 000181.700, 154
Trd, 000181.733, 151
Trd, 000182.133, 160.0
Trd, 000182.317, 162.0
Trd, 000183.600, 155
Trd, 000184.283, 154
Trd, 000185.233, 164.0
Trd, 000185.650, 164.0
Trd, 000186.017, 153
Trd, 000186.867, 160
Trd, 000187.300, 150
Trd, 000187.500, 155
Trd, 000187.567, 156
Trd, 000188.150, 151
Trd, 000188.200, 143
Trd, 000188.267, 160
Trd, 000189.417, 146
Trd, 000190.100, 151.0
Trd, 000191.450, 146
Trd, 000192.250, 145
Trd, 000192.733, 137.0
Trd, 000193.450, 157.0
Trd, 000194.300, 152.0
Trd, 000195.067, 150.0
Trd, 000195.850, 149
Trd, 000195.917, 150.0
Trd, 000196.583, 147
Trd, 000198.033, 150.0
Trd, 000198.617, 146
Trd, 000199.067, 146
Trd, 000199.200, 151.0
Trd, 000199.433, 144
Trd, 000199.767, 144
Trd, 000200.367, 149
Trd, 000200.933, 150.0
Trd, 000201.833, 157
Trd, 000202.817, 152
Trd, 000203.900, 150
Trd, 000204.800, 151
Trd, 000204.867, 155.0
Trd, 000206.000, 147
Trd, 000206.350, 150.0
Trd, 000206.917, 148
Trd, 000206.967, 149
Trd, 000207.433, 150.0
Trd, 000207.500, 147
Trd, 000207.650, 162
Trd, 000208.550, 154
Trd, 000210.017, 153
Trd, 000210.750, 152
Trd, 000211.200, 151.0
Trd, 000211.700, 152
Trd, 000213.750, 157
Trd, 000214.300, 155
Trd, 000214.350, 156.0
Trd, 000214.367, 160.0
Trd, 000214.783, 163.0
Trd, 000215.217, 153
Trd, 000215.833, 169
Trd, 000216.483, 151
Trd, 000216.517, 164
Trd, 000217.783, 148
Trd, 000217.867, 162
Trd, 000218.500, 162
Trd, 000220.333, 146
Trd, 000221.533, 149
Trd, 000221.833, 153
Trd, 000222.183, 154
Trd, 000222.700, 151
Trd, 000223.933, 147
Trd, 000224.267, 149
Trd, 000224.650, 148
Trd, 000225.433, 148
Trd, 000225.650, 148
Trd, 000226.333, 148
Trd, 000226.467, 163
Trd, 000227.483, 151.0
Trd, 000229.333, 146
Trd, 000229.600, 151
Trd, 000229.817, 150
Trd, 000230.400, 151
Trd, 000231.300, 147
Trd, 000231.367, 144
Trd, 000231.700, 151.0
Trd, 000233.367, 147
Trd, 000233.500, 145
Trd, 000233.667, 149
Trd, 000234.117, 162.0
Trd, 000234.550, 151.0
Trd, 000235.650, 148
Trd, 000236.267, 151
Trd, 000236.667, 153.0
Trd, 000237.533, 152
Trd, 000238.067, 152.0
Trd, 000238.600, 151.0
Trd, 000239.783, 151
Trd, 000239.950, 150
Trd, 000240.100, 150
Trd, 000240.117, 149
Trd, 000240.650, 150
Trd, 000240.850, 148
Trd, 000240.867, 146
Trd, 000241.017, 143
Trd, 000241.483, 149
Trd, 000241.700, 150
Trd, 000241.967, 137.0
Trd, 000243.450, 151
Trd, 000244.983, 154
Trd, 000245.133, 153
Trd, 000245.450, 153
Trd, 000245.467, 144
Trd, 000245.500, 154
Trd, 000245.983, 147
Trd, 000246.217, 150
Trd, 000246.317, 142
Trd, 000247.117, 135
Trd, 000247.600, 134
Trd, 000248.083, 141.0
Trd, 000249.333, 137.0
Trd, 000249.433, 138
Trd, 000249.767, 138.0
Trd, 000249.850, 148.0
Trd, 000250.283, 137
Trd, 000250.700, 139
Trd, 000250.933, 138.0
Trd, 000251.017, 137.0
Trd, 000251.600, 143
Trd, 000252.050, 172
Trd, 000253.483, 148.0
Trd, 000254.167, 149.0
Trd, 000254.400, 149.0
Trd, 000254.917, 150.0
Trd, 000255.383, 151.0
Trd, 000255.833, 151
Trd, 000255.967, 149
Trd, 000256.200, 148
Trd, 000256.383, 147
Trd, 000257.717, 143
Trd, 000258.017, 142
Trd, 000258.200, 141.0
Trd, 000259.033, 139
Trd, 000259.067, 147.0
Trd, 000259.750, 144
Trd, 000260.133, 148.0
Trd, 000260.250, 151.0
Trd, 000260.600, 138
Trd, 000260.867, 165.0
Trd, 000262.117, 161.0
Trd, 000262.350, 150
Trd, 000262.617, 165.0
Trd, 000263.517, 149
Trd, 000264.433, 150
Trd, 000264.783, 151.0
Trd, 000265.350, 148
Trd, 000266.183, 143
Trd, 000266.317, 144
Trd, 000266.783, 137.0
Trd, 000267.317, 141.0
Trd, 000267.367, 140
Trd, 000267.733, 139
Trd, 000267.900, 138
Trd, 000268.233, 137
Trd, 000268.483, 141
Trd, 000268.717, 142
Trd, 000268.983, 143
Trd, 000269.133, 151.0
Trd, 000269.167, 142
Trd, 000269.300, 161
Trd, 000269.450, 161
Trd, 000271.617, 145.0
Trd, 000272.100, 147
Trd, 000272.200, 148.0
Trd, 000272.817, 145
Trd, 000273.083, 148
Trd, 000273.783, 150.0
Trd, 000274.750, 143
Trd, 000274.767, 146
Trd, 000274.983, 149.0
Trd, 000275.350, 151.0
Trd, 000275.467, 142
Trd, 000275.917, 153.0
Trd, 000276.750, 156.0
Trd, 000277.083, 151
Trd, 000278.167, 145
Trd, 000278.267, 141
Trd, 000278.367, 153
Trd, 000278.600, 155
Trd, 000278.700, 160
Trd, 000278.967, 146
Trd, 000279.300, 145
Trd, 000279.650, 143
Trd, 000280.367, 147
Trd, 000281.050, 147
Trd, 000281.367, 148.0
Trd, 000281.467, 144
Trd, 000281.633, 143
Trd, 000282.317, 142
Trd, 000282.633, 149.0
Trd, 000282.983, 148
Trd, 000283.667, 149.0
Trd, 000283.783, 151.0
Trd, 000284.750, 140
Trd, 000284.933, 148
Trd, 000285.600, 145
Trd, 000285.883, 141
Trd, 000286.050, 140
Trd, 000286.200, 141.0
Trd, 000286.750, 145
Trd, 000286.783, 141
Trd, 000287.950, 142
Trd, 000288.683, 143
Trd, 000289.133, 148.0
Trd, 000289.483, 144
Trd, 000289.867, 141
Trd, 000290.183, 150.0
Trd, 000290.233, 151.0
Trd, 000291.000, 142
Trd, 000291.517, 143
Trd, 000291.550, 141
Trd, 000291.733, 150
Trd, 000291.850, 141
Trd, 000293.017, 148.0
Trd, 000293.333, 150.0
Trd, 000293.883, 151.0
Trd, 000294.767, 146
Trd, 000296.050, 148
Trd, 000296.233, 145
Trd, 000296.417, 146
Trd, 000296.800, 146.0
Trd, 000297.117, 144
Trd, 000298.017, 146
Trd, 000298.100, 145
Trd, 000298.300, 145
Trd, 000298.367, 150.0
Trd, 000299.267, 150.0
Trd, 000299.850, 145
