Trd, 000001.083, 117
Trd, 000002.400, 162.0
Trd, 000002.483, 178.0
Trd, 000002.650, 158.0
Trd, 000003.233, 154
Trd, 000004.983, 147.0
Trd, 000005.900, 144
Trd, 000005.933, 162
Trd, 000007.000, 157
Trd, 000007.700, 159.0
Trd, 000007.717, 162
Trd, 000007.933, 158.0
Trd, 000009.250, 162
Trd, 000009.683, 163.0
Trd, 000010.217, 159
Trd, 000010.950, 157
Trd, 000011.367, 164
Trd, 000011.500, 150
Trd, 000011.600, 149
Trd, 000012.750, 158.0
Trd, 000013.083, 161.0
Trd, 000014.433, 162.0
Trd, 000014.567, 156
Trd, 000015.850, 153
Trd, 000016.667, 162
Trd, 000017.050, 160.0
Trd, 000017.167, 161
Trd, 000018.033, 158.0
Trd, 000019.600, 158
Trd, 000019.833, 160
Trd, 000019.883, 157
Trd, 000019.967, 154
Trd, 000019.983, 150
Trd, 000020.750, 152
Trd, 000022.017, 158.0
Trd, 000023.867, 157
Trd, 000024.567, 158
Trd, 000024.733, 167
Trd, 000025.117, 160
Trd, 000025.200, 158
Trd, 000025.317, 156
Trd, 000025.617, 150
Trd, 000026.267, 161
Trd, 000026.433, 152
Trd, 000026.450, 143
Trd, 000026.617, 163
Trd, 000027.233, 147
Trd, 000029.467, 152
Trd, 000030.183, 155
Trd, 000030.250, 158
Trd, 000030.733, 159.0
Trd, 000030.750, 158.0
Trd, 000031.133, 158
Trd, 000031.250, 160
Trd, 000031.967, 162
Trd, 000032.050, 161
Trd, 000032.217, 144
Trd, 000033.050, 163.0
Trd, 000033.367, 150
Trd, 000035.917, 159
Trd, 000036.117, 162
Trd, 000036.750, 162
Trd, 000036.900, 165.0
Trd, 000038.133, 162.0
Trd, 000038.150, 160
Trd, 000039.133, 151
Trd, 000039.300, 165
Trd, 000039.467, 152
Trd, 000040.200, 153
Trd, 000042.933, 153
Trd, 000043.083, 152
Trd, 000043.883, 154
Trd, 000044.167, 152
Trd, 000044.817, 150
Trd, 000045.033, 151
Trd, 000045.267, 148
Trd, 000045.583, 148
Trd, 000046.517, 150
Trd, 000046.867, 151
Trd, 000046.950, 150
Trd, 000046.967, 149
Trd, 000047.100, 152
Trd, 000048.117, 162
Trd, 000048.783, 162.0
Trd, 000049.333, 162
Trd, 000049.417, 164.0
Trd, 000049.467, 165.0
Trd, 000051.400, 178.0
Trd, 000051.500, 160
Trd, 000052.683, 162.0
Trd, 000053.117, 159
Trd, 000053.167, 179.0
Trd, 000053.700, 171
Trd, 000053.850, 159
Trd, 000054.500, 159
Trd, 000055.167, 165.0
Trd, 000057.183, 162.0
Trd, 000057.400, 162.0
Trd, 000057.500, 158.0
Trd, 000059.183, 160
Trd, 000059.417, 158
Trd, 000059.667, 161
Trd, 000061.283, 159
Trd, 000061.667, 158
Trd, 000061.717, 159
Trd, 000062.233, 161
Trd, 000062.400, 161
Trd, 000062.550, 159
Trd, 000063.700, 160
Trd, 000064.033, 163
Trd, 000065.017, 159.0
Trd, 000065.217, 164
Trd, 000065.233, 165.0
Trd, 000066.650, 160
Trd, 000066.750, 161
Trd, 000068.083, 164
Trd, 000069.000, 159.0
Trd, 000069.317, 162.0
Trd, 000069.467, 158.0
Trd, 000069.500, 150
Trd, 000069.917, 152
Trd, 000070.867, 146
Trd, 000071.500, 156
Trd, 000071.633, 160
Trd, 000072.100, 178.0
Trd, 000072.567, 165.0
Trd, 000074.383, 163
Trd, 000074.617, 162.0
Trd, 000075.900, 161
Trd, 000076.367, 158
Trd, 000076.800, 158.0
Trd, 000077.867, 160
Trd, 000078.400, 159
Trd, 000079.467, 162
Trd, 000080.100, 158.0
Trd, 000080.533, 158
Trd, 000080.683, 156
Trd, 000080.800, 155
Trd, 000082.400, 159
Trd, 000082.483, 158.0
Trd, 000083.183, 160
Trd, 000083.700, 159
Trd, 000083.883, 157
Trd, 000084.033, 160
Trd, 000085.500, 161
Trd, 000086.100, 165.0
Trd, 000086.700, 179.0
Trd, 000087.050, 156
Trd, 000089.767, 162.0
Trd, 000090.350, 161.0
Trd, 000090.650, 161
Trd, 000090.667, 158.0
Trd, 000090.917, 162
Trd, 000092.250, 163
Trd, 000093.133, 162
Trd, 000094.983, 164.0
Trd, 000095.817, 158.0
Trd, 000096.150, 150
Trd, 000096.767, 143
Trd, 000097.767, 162
Trd, 000097.850, 149
Trd, 000097.867, 162
Trd, 000099.100, 159.0
Trd, 000099.967, 158.0
Trd, 000100.167, 154
Trd, 000100.317, 160
Trd, 000101.417, 157
Trd, 000101.600, 157
Trd, 000102.350, 155
Trd, 000102.450, 152
Trd, 000103.817, 155
Trd, 000104.100, 150
Trd, 000104.983, 150
Trd, 000105.217, 145
Trd, 000106.683, 148
Trd, 000106.950, 148
Trd, 000106.967, 149
Trd, 000107.050, 144
Trd, 000107.983, 151
Trd, 000108.400, 158.0
Trd, 000109.067, 162
Trd, 000109.567, 162
Trd, 000110.367, 150
Trd, 000110.517, 146
Trd, 000110.833, 152
Trd, 000111.083, 162.0
Trd, 000112.117, 165.0
Trd, 000113.467, 162
Trd, 000113.517, 148
Trd, 000113.983, 154
Trd, 000115.633, 159
Trd, 000115.733, 158
Trd, 000115.983, 158.0
Trd, 000116.217, 154
Trd, 000117.000, 156
Trd, 000118.133, 158
Trd, 000118.883, 162.0
Trd, 000119.050, 163
Trd, 000119.733, 162
Trd, 000120.017, 177
Trd, 000120.917, 165.0
Trd, 000121.417, 169
Trd, 000121.717, 150
Trd, 000122.267, 176.0
Trd, 000124.283, 165.0
Trd, 000125.133, 165
Trd, 000126.117, 163
Trd, 000126.183, 162.0
Trd, 000126.650, 166
Trd, 000127.033, 169
Trd, 000127.233, 164
Trd, 000127.350, 161
Trd, 000127.717, 158.0
Trd, 000128.783, 170
Trd, 000129.150, 169
Trd, 000130.683, 162
Trd, 000131.050, 162.0
Trd, 000133.000, 160
Trd, 000133.550, 156
Trd, 000133.950, 157
Trd, 000134.183, 155
Trd, 000134.400, 150
Trd, 000135.383, 154
Trd, 000135.917, 153
Trd, 000136.150, 165.0
Trd, 000136.817, 158.0
Trd, 000136.850, 162
Trd, 000138.433, 155
Trd, 000138.600, 151
Trd, 000139.333, 156
Trd, 000139.367, 152
Trd, 000139.467, 151
Trd, 000140.683, 155
Trd, 000140.717, 150
Trd, 000141.983, 155
Trd, 000142.950, 151
Trd, 000143.850, 152
Trd, 000144.017, 151
Trd, 000144.383, 155
Trd, 000144.500, 150
Trd, 000145.033, 155
Trd, 000145.550, 154
Trd, 000145.817, 155
Trd, 000146.100, 160
Trd, 000149.100, 159
Trd, 000149.450, 158
Trd, 000150.217, 158
Trd, 000151.000, 158.0
Trd, 000151.150, 159
Trd, 000151.717, 145
Trd, 000152.500, 148.0
Trd, 000152.667, 138
Trd, 000153.050, 161
Trd, 000154.033, 146
Trd, 000154.317, 157
Trd, 000154.850, 154
Trd, 000155.917, 151
Trd, 000156.400, 150
Trd, 000157.117, 150
Trd, 000157.300, 148
Trd, 000157.417, 151
Trd, 000157.783, 162
Trd, 000158.083, 148
Trd, 000158.917, 145
Trd, 000159.467, 148
Trd, 000159.733, 143
Trd, 000159.767, 149
Trd, 000161.617, 142
Trd, 000161.800, 149
Trd, 000162.167, 150
Trd, 000162.233, 162
Trd, 000162.300, 143
Trd, 000162.517, 153
Trd, 000163.333, 147.0
Trd, 000163.550, 147.0
Trd, 000163.917, 148.0
Trd, 000164.000, 165.0
Trd, 000164.850, 141
Trd, 000165.367, 135
Trd, 000166.700, 148
Trd, 000166.750, 154
Trd, 000167.883, 148.0
Trd, 000168.333, 147
Trd, 000168.517, 145
Trd, 000168.550, 148
Trd, 000169.683, 147
Trd, 000169.867, 148
Trd, 000170.033, 148
Trd, 000170.333, 145
Trd, 000171.183, 165.0
Trd, 000172.367, 163
Trd, 000172.917, 147
Trd, 000172.983, 148.0
Trd, 000174.583, 164
Trd, 000174.717, 163.0
Trd, 000175.467, 163.0
Trd, 000175.783, 162.0
Trd, 000176.300, 155
Trd, 000177.083, 161
Trd, 000177.867, 160
Trd, 000178.717, 158.0
Trd, 000179.433, 164.0
Trd, 000180.050, 158
Trd, 000180.800, 156
Trd, 000181.000, 150
Trd, 000182.150, 158
Trd, 000182.333, 152
Trd, 000182.400, 159
Trd, 000182.567, 144
Trd, 000182.933, 161
Trd, 000183.150, 163
Trd, 000183.533, 149
Trd, 000185.250, 149
Trd, 000185.967, 158
Trd, 000187.233, 149
Trd, 000187.683, 156
Trd, 000187.883, 149
Trd, 000187.900, 157.0
Trd, 000189.417, 158.0
Trd, 000189.867, 158
Trd, 000190.450, 164
Trd, 000190.633, 155
Trd, 000190.683, 155
Trd, 000191.683, 154
Trd, 000192.400, 165.0
Trd, 000193.417, 154
Trd, 000193.783, 150
Trd, 000193.950, 165
Trd, 000194.267, 164
Trd, 000197.100, 163
Trd, 000197.117, 161.0
Trd, 000197.533, 162.0
Trd, 000197.883, 161
Trd, 000198.233, 159.0
Trd, 000199.050, 162
Trd, 000199.167, 159.0
Trd, 000200.583, 162
Trd, 000201.250, 156
Trd, 000202.233, 158.0
Trd, 000202.300, 162
Trd, 000202.917, 162.0
Trd, 000203.433, 162
Trd, 000204.900, 160
Trd, 000205.733, 164.0
Trd, 000206.283, 161
Trd, 000206.450, 162
Trd, 000207.650, 163
Trd, 000208.133, 164
Trd, 000208.167, 161
Trd, 000208.600, 162
Trd, 000208.717, 161
Trd, 000209.667, 163
Trd, 000209.700, 162.0
Trd, 000209.800, 178.0
Trd, 000212.017, 164
Trd, 000212.250, 163
Trd, 000212.267, 168
Trd, 000213.167, 161
Trd, 000213.800, 178.0
Trd, 000215.533, 160
Trd, 000215.767, 158.0
Trd, 000216.433, 163.0
Trd, 000217.367, 163.0
Trd, 000217.667, 165.0
Trd, 000218.467, 166
Trd, 000219.467, 165
Trd, 000220.333, 166
Trd, 000220.683, 167
Trd, 000221.250, 163.0
Trd, 000221.367, 162.0
Trd, 000221.767, 166
Trd, 000222.617, 164.0
Trd, 000222.983, 174
Trd, 000223.183, 162.0
Trd, 000223.617, 150
Trd, 000224.200, 169
Trd, 000224.433, 163
Trd, 000224.883, 165.0
Trd, 000227.667, 164
Trd, 000228.517, 158.0
Trd, 000228.683, 161
Trd, 000228.717, 150
Trd, 000228.850, 162
Trd, 000229.050, 162.0
Trd, 000229.183, 165.0
Trd, 000229.983, 158.0
Trd, 000231.100, 160
Trd, 000232.150, 158
Trd, 000234.350, 154
Trd, 000234.383, 155
Trd, 000235.450, 154
Trd, 000235.500, 155
Trd, 000236.333, 152
Trd, 000236.350, 150
Trd, 000236.367, 133
Trd, 000236.450, 131.0
Trd, 000237.250, 143
Trd, 000237.317, 161
Trd, 000237.833, 157
Trd, 000238.083, 162
Trd, 000240.167, 149
Trd, 000240.250, 148
Trd, 000241.183, 154
Trd, 000241.417, 151
Trd, 000242.000, 151
Trd, 000242.033, 152
Trd, 000242.117, 153
Trd, 000242.383, 150
Trd, 000244.050, 150
Trd, 000244.067, 149
Trd, 000244.183, 151.0
Trd, 000245.067, 151
Trd, 000245.150, 154
Trd, 000246.183, 153
Trd, 000246.417, 154.0
Trd, 000246.567, 142.0
Trd, 000246.783, 155.0
Trd, 000247.000, 162
Trd, 000247.867, 156
Trd, 000248.183, 152
Trd, 000248.233, 151
Trd, 000248.367, 150
Trd, 000249.033, 157
Trd, 000249.100, 150
Trd, 000249.467, 149
Trd, 000249.850, 143
Trd, 000250.433, 155.0
Trd, 000251.700, 148.0
Trd, 000252.583, 151
Trd, 000252.950, 148
Trd, 000253.067, 151
Trd, 000253.333, 148.0
Trd, 000253.733, 151.0
Trd, 000254.800, 147
Trd, 000255.100, 146
Trd, 000255.583, 147
Trd, 000256.917, 146
Trd, 000257.250, 146
Trd, 000257.700, 143
Trd, 000257.950, 143
Trd, 000258.083, 146
Trd, 000259.633, 142
Trd, 000259.850, 148.0
Trd, 000260.750, 141.0
Trd, 000261.017, 146.0
Trd, 000261.617, 145
Trd, 000261.933, 143
Trd, 000262.017, 151.0
Trd, 000262.150, 155.0
Trd, 000262.600, 147
Trd, 000263.433, 146
Trd, 000263.883, 150
Trd, 000264.617, 145
Trd, 000264.900, 151
Trd, 000265.283, 144
Trd, 000265.483, 146.0
Trd, 000266.150, 146
Trd, 000266.483, 146.0
Trd, 000266.667, 144
Trd, 000268.133, 148
Trd, 000268.333, 143
Trd, 000268.367, 143
Trd, 000268.483, 143
Trd, 000268.867, 148.0
Trd, 000268.950, 151.0
Trd, 000269.750, 154.0
Trd, 000269.883, 152
Trd, 000269.983, 147
Trd, 000270.683, 153
Trd, 000270.717, 154.0
Trd, 000272.150, 154
Trd, 000272.183, 155.0
Trd, 000272.433, 152
Trd, 000272.767, 163
Trd, 000273.200, 157
Trd, 000274.117, 156
Trd, 000274.750, 151
Trd, 000274.883, 157
Trd, 000274.967, 158
Trd, 000275.067, 155
Trd, 000275.383, 153.0
Trd, 000275.467, 159.0
Trd, 000277.533, 154
Trd, 000278.250, 152
Trd, 000278.900, 154
Trd, 000279.500, 152
Trd, 000279.533, 155
Trd, 000279.617, 150
Trd, 000279.933, 149
Trd, 000280.567, 154
Trd, 000280.767, 152
Trd, 000281.833, 149
Trd, 000282.300, 149
Trd, 000282.533, 144
Trd, 000282.683, 153.0
Trd, 000283.150, 154.0
Trd, 000283.833, 154
Trd, 000284.850, 146
Trd, 000285.550, 146
Trd, 000285.950, 148.0
Trd, 000286.133, 149
Trd, 000286.183, 148
Trd, 000286.567, 148
Trd, 000286.667, 146
Trd, 000286.717, 143
Trd, 000286.833, 141.0
Trd, 000286.850, 151.0
Trd, 000287.017, 155.0
Trd, 000287.117, 162
Trd, 000287.883, 152.0
Trd, 000288.000, 150
Trd, 000288.033, 149
Trd, 000288.483, 149
Trd, 000290.250, 150
Trd, 000290.517, 149
Trd, 000290.783, 145
Trd, 000291.200, 146
Trd, 000292.267, 147
Trd, 000293.000, 150
Trd, 000293.050, 151.0
Trd, 000293.100, 147
Trd, 000293.583, 153
Trd, 000294.400, 155.0
Trd, 000294.800, 153
Trd, 000295.333, 154
Trd, 000295.833, 153
Trd, 000295.950, 155
Trd, 000296.017, 156
Trd, 000296.167, 157
Trd, 000296.800, 155.0
Trd, 000297.283, 156
Trd, 000297.667, 157
Trd, 000298.433, 153.0
Trd, 000298.450, 151
Trd, 000298.500, 150
Trd, 000299.250, 154.0
Trd, 000299.433, 155.0
