Trd, 000004.500, 150
Trd, 000004.733, 151
Trd, 000004.867, 154
Trd, 000004.983, 155
Trd, 000005.150, 149
Trd, 000005.267, 149
Trd, 000005.317, 155
Trd, 000006.567, 152
Trd, 000008.850, 141
Trd, 000010.117, 144
Trd, 000010.967, 144
Trd, 000011.283, 148
Trd, 000011.967, 146
Trd, 000012.067, 144
Trd, 000012.983, 147
Trd, 000013.033, 163
Trd, 000013.150, 148
Trd, 000014.850, 152
Trd, 000015.433, 151
Trd, 000016.350, 152
Trd, 000017.283, 156.0
Trd, 000018.500, 152
Trd, 000019.067, 145
Trd, 000019.117, 157.0
Trd, 000019.200, 157
Trd, 000019.250, 162
Trd, 000019.617, 165.0
Trd, 000019.683, 147
Trd, 000020.217, 143
Trd, 000021.100, 153
Trd, 000023.483, 150
Trd, 000023.500, 153
Trd, 000023.983, 152
Trd, 000025.967, 144
Trd, 000027.200, 144
Trd, 000027.350, 143
Trd, 000027.500, 142
Trd, 000028.183, 144
Trd, 000028.567, 144
Trd, 000028.933, 144
Trd, 000029.933, 145
Trd, 000030.050, 148
Trd, 000030.683, 148
Trd, 000030.733, 150
Trd, 000031.283, 152
Trd, 000032.133, 157.0
Trd, 000033.300, 156
Trd, 000033.400, 156
Trd, 000033.817, 157.0
Trd, 000034.067, 155
Trd, 000034.833, 154.0
Trd, 000034.900, 137
Trd, 000034.983, 163
Trd, 000035.133, 162
Trd, 000036.167, 165.0
Trd, 000037.683, 159
Trd, 000037.800, 158
Trd, 000039.017, 158
Trd, 000039.133, 158
Trd, 000039.200, 159
Trd, 000039.767, 158
Trd, 000039.983, 154
Trd, 000040.350, 161
Trd, 000040.767, 137
Trd, 000041.683, 158.0
Trd, 000042.817, 153
Trd, 000043.233, 154
Trd, 000043.400, 143
Trd, 000043.800, 155
Trd, 000046.983, 151
Trd, 000047.583, 151
Trd, 000047.883, 151
Trd, 000048.250, 153
Trd, 000048.800, 149
Trd, 000049.483, 151
Trd, 000050.600, 149
Trd, 000050.917, 150
Trd, 000051.367, 148
Trd, 000051.717, 153
Trd, 000053.550, 150
Trd, 000054.367, 148
Trd, 000055.383, 149
Trd, 000055.917, 148
Trd, 000056.433, 149
Trd, 000057.133, 148
Trd, 000057.933, 147
Trd, 000058.150, 147
Trd, 000058.333, 148
Trd, 000059.483, 153
Trd, 000060.067, 158.0
Trd, 000060.717, 149
Trd, 000061.267, 150
Trd, 000061.500, 143
Trd, 000063.450, 150
Trd, 000063.633, 150
Trd, 000064.700, 149
Trd, 000065.750, 149
Trd, 000065.967, 151
Trd, 000066.333, 152
Trd, 000066.900, 160
Trd, 000067.167, 150
Trd, 000067.333, 149
Trd, 000068.300, 143
Trd, 000069.150, 151
Trd, 000070.033, 149
Trd, 000071.950, 146
Trd, 000072.900, 145
Trd, 000073.417, 144
Trd, 000073.817, 144
Trd, 000073.867, 144
Trd, 000074.600, 147
Trd, 000074.667, 148
Trd, 000075.817, 146
Trd, 000076.750, 148
Trd, 000078.083, 156.0
Trd, 000079.233, 144
Trd, 000079.500, 159
Trd, 000079.850, 159
Trd, 000080.167, 147
Trd, 000080.417, 161
Trd, 000080.633, 145
Trd, 000080.833, 162
Trd, 000081.517, 160
Trd, 000082.867, 146
Trd, 000084.483, 140
Trd, 000084.917, 140
Trd, 000085.900, 141
Trd, 000086.333, 148
Trd, 000087.683, 142
Trd, 000088.067, 143
Trd, 000088.100, 158
Trd, 000090.283, 148
Trd, 000090.367, 147
Trd, 000090.383, 147
Trd, 000092.117, 144
Trd, 000092.150, 147
Trd, 000093.150, 151
Trd, 000093.333, 149
Trd, 000093.583, 157.0
Trd, 000094.350, 149
Trd, 000096.000, 152
Trd, 000096.467, 152
Trd, 000096.633, 152
Trd, 000096.867, 152
Trd, 000097.417, 151
Trd, 000097.633, 139
Trd, 000098.733, 141
Trd, 000099.883, 141
Trd, 000100.017, 143
Trd, 000100.300, 141
Trd, 000100.733, 148
Trd, 000100.933, 161
Trd, 000101.333, 162
Trd, 000101.467, 155
Trd, 000101.867, 164.0
Trd, 000102.817, 164.0
Trd, 000104.883, 158
Trd, 000105.017, 157
Trd, 000105.700, 157
Trd, 000108.450, 154
Trd, 000109.067, 154
Trd, 000109.633, 153
Trd, 000109.900, 155
Trd, 000110.567, 154
Trd, 000111.617, 154
Trd, 000112.250, 155
Trd, 000112.733, 158.0
Trd, 000112.933, 159
Trd, 000113.117, 156
Trd, 000114.650, 157
Trd, 000114.817, 157
Trd, 000115.433, 157
Trd, 000115.683, 156
Trd, 000116.117, 145
Trd, 000116.283, 156
Trd, 000116.600, 136
Trd, 000117.450, 153
Trd, 000118.717, 148
Trd, 000119.550, 144
Trd, 000119.967, 145
Trd, 000120.550, 145
Trd, 000120.733, 146
Trd, 000121.000, 144
Trd, 000121.233, 158.0
Trd, 000121.850, 162
Trd, 000122.267, 165.0
Trd, 000123.250, 153
Trd, 000123.500, 152
Trd, 000123.850, 151
Trd, 000124.850, 145
Trd, 000125.067, 145
Trd, 000125.450, 144
Trd, 000125.717, 148
Trd, 000126.300, 149
Trd, 000126.550, 158.0
Trd, 000126.700, 162
Trd, 000127.133, 168.0
Trd, 000129.667, 152
Trd, 000129.817, 151
Trd, 000130.300, 153
Trd, 000130.367, 154
Trd, 000130.683, 153
Trd, 000131.200, 154
Trd, 000132.167, 155
Trd, 000132.533, 151
Trd, 000132.817, 154
Trd, 000133.000, 155
Trd, 000133.633, 156
Trd, 000134.250, 155.0
Trd, 000134.333, 154
Trd, 000136.417, 153.0
Trd, 000136.900, 152
Trd, 000137.100, 153
Trd, 000137.567, 142
Trd, 000137.933, 158.0
Trd, 000139.933, 154
Trd, 000140.467, 155
Trd, 000140.600, 156
Trd, 000140.783, 155
Trd, 000141.467, 159
Trd, 000141.550, 151
Trd, 000142.517, 158
Trd, 000143.483, 162
Trd, 000143.967, 156
Trd, 000144.767, 155
Trd, 000145.167, 154
Trd, 000145.717, 154
Trd, 000146.533, 154
Trd, 000147.233, 147
Trd, 000147.750, 141
Trd, 000148.817, 148
Trd, 000149.033, 148
Trd, 000149.117, 146
Trd, 000149.317, 146
Trd, 000149.700, 148
Trd, 000149.717, 146
Trd, 000150.883, 150
Trd, 000152.083, 157.0
Trd, 000154.217, 154
Trd, 000154.733, 152
Trd, 000155.167, 151
Trd, 000155.267, 152
Trd, 000156.250, 153
Trd, 000156.967, 153
Trd, 000157.150, 154
Trd, 000157.583, 154
Trd, 000157.867, 154
Trd, 000158.933, 149
Trd, 000159.650, 156.0
Trd, 000160.383, 150
Trd, 000160.800, 153
Trd, 000161.183, 157.0
Trd, 000161.450, 156
Trd, 000162.200, 140
Trd, 000162.450, 158.0
Trd, 000162.800, 142
Trd, 000163.467, 162
Trd, 000164.350, 152
Trd, 000166.067, 154
Trd, 000166.783, 154
Trd, 000167.167, 154
Trd, 000167.733, 155
Trd, 000168.567, 156
Trd, 000169.467, 154
Trd, 000169.550, 155
Trd, 000170.033, 164.0
Trd, 000170.100, 143
Trd, 000170.883, 144
Trd, 000170.933, 146
Trd, 000172.300, 139
Trd, 000172.583, 158
Trd, 000174.400, 154
Trd, 000175.150, 151
Trd, 000175.433, 156
Trd, 000176.767, 155
Trd, 000177.017, 154
Trd, 000177.133, 156.0
Trd, 000177.567, 158.0
Trd, 000177.717, 165.0
Trd, 000177.767, 153
Trd, 000179.550, 152
Trd, 000180.033, 152
Trd, 000180.533, 152
Trd, 000181.217, 152
Trd, 000181.783, 151
Trd, 000181.850, 151
Trd, 000182.083, 154
Trd, 000184.800, 150
Trd, 000185.033, 149
Trd, 000185.367, 151
Trd, 000185.800, 148
Trd, 000185.833, 151
Trd, 000186.083, 152
Trd, 000186.517, 155
Trd, 000187.117, 150
Trd, 000188.900, 154
Trd, 000189.100, 153
Trd, 000189.400, 155
Trd, 000190.850, 153
Trd, 000191.250, 155
Trd, 000192.300, 150
Trd, 000192.400, 153
Trd, 000192.533, 141
Trd, 000192.867, 155
Trd, 000193.467, 155
Trd, 000193.667, 162
Trd, 000194.933, 148
Trd, 000196.750, 152
Trd, 000197.633, 147
Trd, 000197.667, 148
Trd, 000197.733, 136
Trd, 000198.000, 147
Trd, 000198.183, 133
Trd, 000199.067, 137
Trd, 000200.250, 139
Trd, 000200.533, 158.0
Trd, 000201.117, 161
Trd, 000201.383, 157
Trd, 000203.450, 148
Trd, 000204.217, 148
Trd, 000204.783, 148
Trd, 000205.367, 148
Trd, 000205.383, 150
Trd, 000205.900, 150
Trd, 000205.950, 149
Trd, 000207.717, 156.0
Trd, 000207.933, 158.0
Trd, 000210.567, 154
Trd, 000211.050, 151
Trd, 000212.117, 151
Trd, 000212.383, 151
Trd, 000213.350, 151
Trd, 000214.683, 148
Trd, 000215.083, 149
Trd, 000215.333, 147
Trd, 000215.400, 149
Trd, 000215.733, 158.0
Trd, 000216.267, 161
Trd, 000216.733, 151
Trd, 000218.200, 160
Trd, 000218.933, 152
Trd, 000219.367, 151
Trd, 000219.467, 151
Trd, 000220.083, 143
Trd, 000220.417, 141
Trd, 000220.450, 142
Trd, 000220.583, 148
Trd, 000221.533, 146
Trd, 000222.100, 137
Trd, 000223.767, 158.0
Trd, 000224.550, 159
Trd, 000225.800, 158
Trd, 000226.150, 159
Trd, 000227.867, 157
Trd, 000227.950, 160
Trd, 000228.183, 153
Trd, 000230.850, 144
Trd, 000230.950, 145
Trd, 000231.083, 142
Trd, 000231.333, 142
Trd, 000231.400, 149
Trd, 000232.033, 147
Trd, 000232.867, 162
Trd, 000233.433, 151
Trd, 000233.483, 150
Trd, 000234.533, 150
Trd, 000234.917, 151
Trd, 000235.483, 160
Trd, 000236.117, 156
Trd, 000236.517, 158
Trd, 000237.683, 155
Trd, 000238.450, 154
Trd, 000238.617, 155
Trd, 000239.317, 153
Trd, 000239.800, 142
Trd, 000240.133, 142
Trd, 000240.150, 152
Trd, 000240.733, 145
Trd, 000241.117, 143
Trd, 000241.283, 142
Trd, 000241.583, 142
Trd, 000242.050, 144.0
Trd, 000242.133, 144
Trd, 000242.667, 147
Trd, 000243.133, 143
Trd, 000243.783, 149.0
Trd, 000244.233, 152.0
Trd, 000244.667, 149
Trd, 000244.800, 152.0
Trd, 000245.217, 150
Trd, 000245.233, 149
Trd, 000245.383, 151
Trd, 000246.333, 158
Trd, 000246.917, 155
Trd, 000246.967, 151.0
Trd, 000247.150, 156
Trd, 000247.300, 154
Trd, 000247.383, 153
Trd, 000248.033, 150
Trd, 000248.900, 149.0
Trd, 000249.000, 148
Trd, 000249.133, 147
Trd, 000249.183, 148.0
Trd, 000249.350, 151.0
Trd, 000250.233, 145
Trd, 000250.567, 146.0
Trd, 000250.900, 147
Trd, 000251.967, 147
Trd, 000252.000, 146
Trd, 000252.250, 151
Trd, 000253.850, 148
Trd, 000253.933, 147
Trd, 000254.517, 148
Trd, 000254.583, 149.0
Trd, 000255.067, 144
Trd, 000255.533, 151.0
Trd, 000256.650, 153
Trd, 000256.767, 154
Trd, 000257.100, 152
Trd, 000257.883, 151.0
Trd, 000258.233, 149
Trd, 000259.050, 146.0
Trd, 000259.133, 148
Trd, 000259.483, 148
Trd, 000259.533, 146.0
Trd, 000259.883, 144.0
Trd, 000259.983, 148
Trd, 000260.533, 146
Trd, 000261.317, 154.0
Trd, 000261.617, 140
Trd, 000261.933, 142
Trd, 000262.367, 144.0
Trd, 000263.033, 143
Trd, 000263.433, 144
Trd, 000263.517, 143
Trd, 000263.667, 145
Trd, 000263.683, 148
Trd, 000265.267, 147
Trd, 000266.033, 149
Trd, 000266.217, 148
Trd, 000266.400, 144.0
Trd, 000266.650, 149
Trd, 000266.767, 144
Trd, 000266.850, 146.0
Trd, 000267.717, 146.0
Trd, 000268.617, 146.0
Trd, 000268.900, 150.0
Trd, 000269.033, 151.0
Trd, 000269.500, 150
Trd, 000270.750, 144
Trd, 000270.983, 145
Trd, 000271.500, 146
Trd, 000271.617, 148
Trd, 000271.700, 150
Trd, 000272.050, 147
Trd, 000272.250, 144
Trd, 000272.300, 145.0
Trd, 000273.100, 158.0
Trd, 000273.967, 162
Trd, 000274.217, 144
Trd, 000274.917, 153
Trd, 000275.033, 144.0
Trd, 000275.317, 152
Trd, 000276.267, 152
Trd, 000276.500, 151.0
Trd, 000276.667, 150
Trd, 000276.700, 153
Trd, 000277.317, 154
Trd, 000277.550, 150
Trd, 000278.167, 149
Trd, 000278.367, 144
Trd, 000278.467, 151.0
Trd, 000279.183, 145
Trd, 000279.300, 147
Trd, 000280.483, 138
Trd, 000280.600, 139
Trd, 000281.167, 140
Trd, 000281.467, 136
Trd, 000281.767, 131.0
Trd, 000281.900, 131
Trd, 000282.350, 148
Trd, 000282.500, 153
Trd, 000282.667, 161
Trd, 000283.033, 144.0
Trd, 000283.800, 149
Trd, 000283.967, 143.0
Trd, 000284.267, 149
Trd, 000284.500, 149
Trd, 000284.550, 158.0
Trd, 000284.800, 163
Trd, 000285.683, 151
Trd, 000285.783, 148
Trd, 000286.167, 148
Trd, 000286.700, 149
Trd, 000287.250, 148
Trd, 000287.550, 149
Trd, 000287.967, 149
Trd, 000288.217, 151.0
Trd, 000288.867, 151.0
Trd, 000289.700, 148
Trd, 000290.500, 149
Trd, 000290.950, 151.0
Trd, 000291.050, 150
Trd, 000291.667, 157.0
Trd, 000292.500, 156
Trd, 000292.533, 148
Trd, 000293.133, 145.0
Trd, 000293.600, 144.0
Trd, 000294.017, 151.0
Trd, 000294.867, 158
Trd, 000295.200, 156
Trd, 000295.867, 151.0
Trd, 000296.017, 146
Trd, 000296.050, 158
Trd, 000296.533, 137
Trd, 000296.567, 158.0
Trd, 000296.917, 144
Trd, 000297.950, 139
Trd, 000298.250, 142.0
Trd, 000298.517, 143.0
Trd, 000298.800, 142
Trd, 000299.083, 142
Trd, 000299.683, 141
Trd, 000299.900, 138
