Trd, 000001.400, 152
Trd, 000003.250, 160
Trd, 000003.683, 168.0
Trd, 000003.850, 160
Trd, 000004.050, 168
Trd, 000005.150, 162
Trd, 000005.883, 166
Trd, 000007.250, 159
Trd, 000007.433, 161.0
Trd, 000008.250, 160
Trd, 000010.350, 156
Trd, 000010.967, 156
Trd, 000010.983, 155
Trd, 000011.483, 156
Trd, 000011.650, 154
Trd, 000011.850, 152
Trd, 000012.183, 147
Trd, 000012.933, 140
Trd, 000013.633, 149
Trd, 000013.833, 148
Trd, 000014.083, 149
Trd, 000015.150, 146
Trd, 000015.200, 146
Trd, 000015.450, 145
Trd, 000015.617, 147
Trd, 000015.933, 148
Trd, 000016.000, 148
Trd, 000016.083, 144
Trd, 000016.450, 137.0
Trd, 000018.067, 143
Trd, 000019.233, 145
Trd, 000019.600, 145
Trd, 000020.083, 146
Trd, 000020.400, 146
Trd, 000021.050, 145
Trd, 000022.250, 144
Trd, 000022.483, 143
Trd, 000022.750, 144
Trd, 000023.050, 145
Trd, 000023.667, 148
Trd, 000024.133, 155
Trd, 000025.033, 143
Trd, 000025.133, 162.0
Trd, 000025.450, 147
Trd, 000025.917, 145
Trd, 000026.000, 139
Trd, 000027.067, 146
Trd, 000027.483, 145
Trd, 000027.600, 146
Trd, 000028.000, 142
Trd, 000029.050, 148
Trd, 000031.467, 147
Trd, 000031.867, 147
Trd, 000032.333, 154
Trd, 000032.850, 162.0
Trd, 000033.200, 151
Trd, 000033.717, 151
Trd, 000034.083, 154
Trd, 000035.300, 152
Trd, 000035.317, 149
Trd, 000036.833, 149
Trd, 000037.217, 149
Trd, 000037.300, 147
Trd, 000039.433, 148
Trd, 000039.600, 149
Trd, 000040.117, 150
Trd, 000040.167, 162.0
Trd, 000040.867, 147
Trd, 000041.650, 152
Trd, 000041.817, 153
Trd, 000041.833, 165.0
Trd, 000042.183, 168.0
Trd, 000042.283, 148
Trd, 000045.583, 157
Trd, 000046.050, 158
Trd, 000048.500, 153
Trd, 000048.783, 154
Trd, 000048.917, 153
Trd, 000049.367, 154
Trd, 000050.383, 152
Trd, 000050.600, 152
Trd, 000050.783, 151
Trd, 000050.817, 152
Trd, 000051.250, 156
Trd, 000052.717, 154
Trd, 000052.933, 151
Trd, 000053.933, 153
Trd, 000054.250, 154
Trd, 000055.467, 152
Trd, 000055.850, 150
Trd, 000056.300, 152
Trd, 000057.800, 151
Trd, 000058.100, 150
Trd, 000058.450, 149
Trd, 000059.500, 149
Trd, 000059.783, 148
Trd, 000060.150, 146
Trd, 000060.800, 146
Trd, 000060.850, 147
Trd, 000062.400, 144
Trd, 000062.517, 147
Trd, 000062.583, 147
Trd, 000062.850, 145
Trd, 000063.217, 145
Trd, 000064.000, 146
Trd, 000064.050, 144
Trd, 000064.217, 143
Trd, 000064.783, 146
Trd, 000066.650, 143
Trd, 000066.867, 144.0
Trd, 000068.067, 143
Trd, 000068.500, 144
Trd, 000069.817, 144
Trd, 000069.850, 142
Trd, 000070.150, 144.0
Trd, 000070.783, 146
Trd, 000071.383, 145
Trd, 000072.033, 144
Trd, 000072.467, 145
Trd, 000072.967, 163.0
Trd, 000073.417, 144
Trd, 000073.583, 152
Trd, 000075.017, 150
Trd, 000075.450, 151
Trd, 000075.583, 144
Trd, 000075.767, 144
Trd, 000076.633, 160.0
Trd, 000077.467, 149
Trd, 000078.367, 147
Trd, 000078.533, 144
Trd, 000079.833, 143
Trd, 000079.983, 140
Trd, 000080.567, 141
Trd, 000080.583, 142
Trd, 000081.567, 141
Trd, 000081.767, 142
Trd, 000082.017, 142
Trd, 000083.283, 142
Trd, 000083.433, 144.0
Trd, 000083.883, 162.0
Trd, 000085.850, 141
Trd, 000086.100, 144
Trd, 000086.633, 141
Trd, 000086.783, 144
Trd, 000086.850, 144
Trd, 000087.767, 141
Trd, 000088.117, 139
Trd, 000089.667, 146
Trd, 000089.700, 147
Trd, 000090.000, 148
Trd, 000091.067, 142
Trd, 000092.833, 144
Trd, 000093.283, 143
Trd, 000093.417, 140
Trd, 000093.617, 144.0
Trd, 000094.967, 139
Trd, 000095.033, 140
Trd, 000096.350, 148
Trd, 000096.583, 162.0
Trd, 000096.617, 165.0
Trd, 000097.150, 157
Trd, 000097.283, 157
Trd, 000097.667, 146
Trd, 000098.900, 158
Trd, 000100.133, 163
Trd, 000101.067, 162
Trd, 000101.383, 159
Trd, 000102.433, 157
Trd, 000103.367, 150
Trd, 000104.567, 147
Trd, 000104.817, 148
Trd, 000105.383, 148
Trd, 000105.500, 152
Trd, 000105.850, 150
Trd, 000105.900, 147
Trd, 000107.083, 150
Trd, 000107.783, 151
Trd, 000108.767, 150
Trd, 000109.350, 149
Trd, 000109.817, 150
Trd, 000109.950, 146
Trd, 000110.567, 145
Trd, 000111.200, 145
Trd, 000112.017, 145
Trd, 000112.967, 146
Trd, 000113.150, 144
Trd, 000113.383, 140
Trd, 000113.583, 147
Trd, 000114.450, 145
Trd, 000114.983, 145
Trd, 000115.017, 143
Trd, 000115.317, 143
Trd, 000116.417, 146
Trd, 000116.700, 148
Trd, 000117.467, 149
Trd, 000119.517, 142
Trd, 000120.000, 143
Trd, 000120.317, 142
Trd, 000120.583, 143.0
Trd, 000121.200, 142
Trd, 000121.450, 144
Trd, 000122.333, 145
Trd, 000123.133, 161.0
Trd, 000123.750, 150
Trd, 000124.350, 141
Trd, 000125.933, 146
Trd, 000126.550, 147
Trd, 000127.250, 145
Trd, 000127.617, 141
Trd, 000129.983, 143
Trd, 000130.200, 142
Trd, 000130.450, 141
Trd, 000131.200, 140
Trd, 000131.317, 141
Trd, 000131.367, 144.0
Trd, 000131.717, 140
Trd, 000133.433, 145
Trd, 000133.867, 145
Trd, 000134.717, 143
Trd, 000134.800, 144
Trd, 000135.200, 143
Trd, 000135.783, 144
Trd, 000138.350, 143
Trd, 000138.450, 143
Trd, 000139.167, 143
Trd, 000139.183, 142
Trd, 000139.850, 144
Trd, 000140.250, 142
Trd, 000140.400, 127.0
Trd, 000140.700, 143
Trd, 000140.817, 137.0
Trd, 000141.283, 141
Trd, 000141.400, 148
Trd, 000141.900, 140
Trd, 000141.950, 140
Trd, 000142.983, 147
Trd, 000143.483, 145
Trd, 000143.633, 147
Trd, 000143.683, 146
Trd, 000144.283, 145
Trd, 000144.550, 147
Trd, 000144.633, 148
Trd, 000145.850, 148
Trd, 000145.867, 148
Trd, 000146.250, 145
Trd, 000147.017, 161.0
Trd, 000147.083, 162.0
Trd, 000147.933, 145
Trd, 000148.200, 160.0
Trd, 000150.117, 144
Trd, 000150.800, 141
Trd, 000151.050, 140
Trd, 000151.600, 142
Trd, 000152.433, 144.0
Trd, 000152.867, 150
Trd, 000153.100, 158
Trd, 000154.250, 157
Trd, 000154.783, 154
Trd, 000155.433, 153
Trd, 000156.100, 154
Trd, 000156.183, 153
Trd, 000156.383, 156.0
Trd, 000156.433, 158.0
Trd, 000157.183, 157
Trd, 000158.483, 155
Trd, 000159.050, 153
Trd, 000159.733, 150
Trd, 000159.933, 151
Trd, 000160.167, 152
Trd, 000160.583, 148
Trd, 000162.417, 151
Trd, 000162.633, 150
Trd, 000163.033, 149
Trd, 000164.067, 148
Trd, 000164.317, 148
Trd, 000164.817, 147
Trd, 000165.217, 146
Trd, 000166.050, 147
Trd, 000166.967, 147
Trd, 000167.700, 146
Trd, 000167.717, 148
Trd, 000168.350, 149
Trd, 000168.500, 145
Trd, 000170.400, 145
Trd, 000171.117, 145
Trd, 000171.633, 144
Trd, 000171.967, 146
Trd, 000172.017, 148
Trd, 000172.483, 148
Trd, 000173.583, 146
Trd, 000174.517, 146
Trd, 000175.117, 145
Trd, 000175.667, 146
Trd, 000175.917, 145
Trd, 000176.567, 148
Trd, 000177.200, 142
Trd, 000177.467, 160.0
Trd, 000178.717, 150
Trd, 000179.217, 148
Trd, 000179.317, 147
Trd, 000179.717, 144
Trd, 000179.850, 144
Trd, 000180.050, 143
Trd, 000182.150, 142
Trd, 000182.317, 142
Trd, 000182.383, 144.0
Trd, 000183.117, 140
Trd, 000183.283, 162.0
Trd, 000183.400, 165.0
Trd, 000183.833, 141
Trd, 000185.733, 140
Trd, 000187.050, 142
Trd, 000187.650, 142
Trd, 000187.850, 142
Trd, 000189.133, 142
Trd, 000189.250, 141
Trd, 000189.350, 142
Trd, 000189.450, 141
Trd, 000190.550, 143.0
Trd, 000191.217, 140
Trd, 000191.233, 147
Trd, 000191.450, 147
Trd, 000191.983, 141
Trd, 000192.217, 148
Trd, 000192.667, 162.0
Trd, 000192.700, 165.0
Trd, 000193.567, 139
Trd, 000194.683, 152
Trd, 000194.950, 145
Trd, 000195.950, 147
Trd, 000196.183, 148
Trd, 000196.550, 149
Trd, 000196.717, 151
Trd, 000197.617, 149
Trd, 000197.933, 168.0
Trd, 000198.283, 164
Trd, 000199.100, 159
Trd, 000199.233, 156
Trd, 000201.350, 160
Trd, 000202.167, 157
Trd, 000202.267, 147
Trd, 000204.933, 153
Trd, 000205.250, 154
Trd, 000205.517, 156
Trd, 000205.733, 156
Trd, 000207.867, 154
Trd, 000207.950, 157
Trd, 000208.050, 153
Trd, 000208.733, 151
Trd, 000209.150, 151
Trd, 000209.917, 151
Trd, 000210.017, 153
Trd, 000210.450, 151
Trd, 000211.467, 159
Trd, 000212.033, 155
Trd, 000212.433, 154
Trd, 000212.533, 149
Trd, 000214.517, 149
Trd, 000214.967, 150
Trd, 000215.150, 148
Trd, 000215.567, 150
Trd, 000215.667, 151
Trd, 000216.150, 150
Trd, 000216.217, 152
Trd, 000216.650, 147
Trd, 000217.183, 146
Trd, 000217.883, 151
Trd, 000219.900, 151
Trd, 000220.250, 152
Trd, 000221.017, 147
Trd, 000221.283, 152
Trd, 000222.050, 156
Trd, 000222.717, 153
Trd, 000222.767, 156.0
Trd, 000223.417, 158.0
Trd, 000224.650, 156
Trd, 000224.983, 158.0
Trd, 000225.400, 155
Trd, 000225.567, 153
Trd, 000226.283, 137.0
Trd, 000227.583, 145
Trd, 000228.033, 146
Trd, 000228.100, 150
Trd, 000229.917, 150
Trd, 000230.067, 149
Trd, 000230.400, 147
Trd, 000231.033, 149
Trd, 000231.217, 147
Trd, 000231.650, 148
Trd, 000232.333, 146
Trd, 000232.583, 145
Trd, 000232.967, 146
Trd, 000233.367, 146
Trd, 000234.167, 146
Trd, 000235.500, 144
Trd, 000235.750, 143
Trd, 000235.783, 144
Trd, 000235.967, 143
Trd, 000236.517, 136
Trd, 000237.567, 144
Trd, 000239.417, 148
Trd, 000239.900, 162.0
Trd, 000240.283, 151
Trd, 000240.817, 157.0
Trd, 000241.033, 155.0
Trd, 000241.183, 154
Trd, 000241.400, 154
Trd, 000241.600, 152
Trd, 000242.650, 153
Trd, 000242.800, 154.0
Trd, 000242.850, 151.0
Trd, 000243.833, 150
Trd, 000244.517, 151
Trd, 000244.583, 152.0
Trd, 000244.600, 154
Trd, 000245.183, 154.0
Trd, 000245.683, 151.0
Trd, 000246.167, 152
Trd, 000246.267, 153
Trd, 000246.367, 155.0
Trd, 000246.700, 154
Trd, 000247.000, 155
Trd, 000247.517, 164.0
Trd, 000248.333, 162.0
Trd, 000248.433, 161
Trd, 000248.717, 160
Trd, 000249.850, 163
Trd, 000250.267, 159
Trd, 000251.017, 157.0
Trd, 000251.067, 154
Trd, 000251.267, 154
Trd, 000251.450, 151.0
Trd, 000252.267, 152.0
Trd, 000252.367, 150
Trd, 000252.583, 150
Trd, 000253.067, 151.0
Trd, 000253.900, 150
Trd, 000254.050, 149
Trd, 000254.183, 152.0
Trd, 000254.300, 149
Trd, 000254.450, 152
Trd, 000255.117, 149
Trd, 000255.483, 146
Trd, 000255.817, 141
Trd, 000256.017, 142
Trd, 000256.417, 144
Trd, 000256.983, 148.0
Trd, 000257.167, 154.0
Trd, 000257.717, 153.0
Trd, 000258.533, 150
Trd, 000258.650, 151
Trd, 000258.883, 155.0
Trd, 000258.983, 162.0
Trd, 000259.833, 165.0
Trd, 000260.217, 158
Trd, 000260.917, 158.0
Trd, 000261.033, 157
Trd, 000261.067, 152
Trd, 000261.300, 147
Trd, 000262.483, 149
Trd, 000262.783, 149
Trd, 000263.083, 150
Trd, 000263.233, 155
Trd, 000263.433, 153
Trd, 000263.800, 136.0
Trd, 000264.317, 138
Trd, 000264.450, 146
Trd, 000264.983, 147.0
Trd, 000265.150, 144
Trd, 000265.517, 137.0
Trd, 000266.100, 147
Trd, 000266.200, 143.0
Trd, 000266.250, 142.0
Trd, 000268.067, 141
Trd, 000268.100, 139
Trd, 000269.083, 135
Trd, 000269.217, 140
Trd, 000269.983, 138
Trd, 000270.367, 139
Trd, 000270.617, 141
Trd, 000271.067, 148
Trd, 000271.333, 147
Trd, 000272.017, 143
Trd, 000272.033, 147
Trd, 000272.050, 148
Trd, 000272.700, 149
Trd, 000273.083, 150
Trd, 000273.383, 147
Trd, 000274.300, 145
Trd, 000274.617, 144
Trd, 000275.400, 146
Trd, 000275.433, 148
Trd, 000275.617, 150
Trd, 000275.633, 151
Trd, 000276.483, 155.0
Trd, 000277.650, 152
Trd, 000277.783, 153
Trd, 000277.817, 151.0
Trd, 000278.017, 153
Trd, 000279.150, 152
Trd, 000279.400, 150
Trd, 000279.783, 153
Trd, 000279.833, 155.0
Trd, 000280.033, 165.0
Trd, 000280.400, 151
Trd, 000280.750, 151
Trd, 000280.767, 149
Trd, 000281.400, 152
Trd, 000282.450, 149
Trd, 000282.500, 151
Trd, 000282.550, 147
Trd, 000283.000, 154
Trd, 000283.250, 151.0
Trd, 000284.450, 151
Trd, 000285.400, 150
Trd, 000285.683, 150
Trd, 000285.700, 149
Trd, 000286.033, 150
Trd, 000286.117, 151
Trd, 000286.233, 147
Trd, 000286.833, 148
Trd, 000287.517, 148
Trd, 000287.583, 147
Trd, 000287.733, 146
Trd, 000288.100, 143
Trd, 000288.250, 113
Trd, 000288.533, 146.0
Trd, 000288.800, 128
Trd, 000289.000, 135
Trd, 000289.050, 144.0
Trd, 000289.500, 143
Trd, 000289.883, 148
Trd, 000289.917, 149
Trd, 000290.600, 155.0
Trd, 000290.717, 153
Trd, 000291.817, 151
Trd, 000292.533, 152
Trd, 000292.800, 151
Trd, 000293.300, 151.0
Trd, 000293.450, 153
Trd, 000293.650, 158.0
Trd, 000293.767, 162.0
Trd, 000293.833, 167.0
Trd, 000294.300, 167.0
Trd, 000294.350, 151
Trd, 000294.383, 149
Trd, 000294.483, 168.0
Trd, 000295.567, 163
Trd, 000296.167, 152
Trd, 000297.200, 152
Trd, 000297.283, 147
Trd, 000298.517, 152
Trd, 000298.967, 152.0
Trd, 000299.100, 151.0
Trd, 000299.400, 154
Trd, 000299.767, 150
