Trd, 000001.917, 141
Trd, 000003.483, 151
Trd, 000004.333, 154
Trd, 000004.517, 151
Trd, 000004.650, 151
Trd, 000004.783, 154
Trd, 000005.683, 152
Trd, 000006.433, 152
Trd, 000006.583, 152
Trd, 000007.233, 153
Trd, 000007.767, 152
Trd, 000008.083, 152
Trd, 000008.800, 152
Trd, 000010.317, 150
Trd, 000010.883, 149
Trd, 000011.150, 149
Trd, 000011.850, 148.0
Trd, 000012.150, 149
Trd, 000012.817, 151.0
Trd, 000013.000, 151
Trd, 000013.333, 152
Trd, 000013.467, 150
Trd, 000013.883, 152
Trd, 000014.300, 151
Trd, 000014.567, 155
Trd, 000016.533, 153
Trd, 000016.567, 152
Trd, 000017.267, 151
Trd, 000017.350, 148.0
Trd, 000017.683, 148
Trd, 000017.750, 151
Trd, 000018.517, 149
Trd, 000018.917, 149.0
Trd, 000019.350, 150.0
Trd, 000019.833, 150.0
Trd, 000021.500, 150.0
Trd, 000022.450, 149
Trd, 000023.050, 155
Trd, 000024.117, 150
Trd, 000024.283, 149
Trd, 000024.633, 149
Trd, 000024.767, 148
Trd, 000025.233, 148.0
Trd, 000026.083, 148
Trd, 000026.983, 149
Trd, 000027.133, 150
Trd, 000027.350, 148
Trd, 000028.217, 150.0
Trd, 000028.883, 151.0
Trd, 000029.667, 151
Trd, 000029.717, 149
Trd, 000031.167, 151
Trd, 000031.333, 150
Trd, 000031.350, 151
Trd, 000032.267, 151
Trd, 000033.133, 151
Trd, 000033.233, 150
Trd, 000033.467, 151
Trd, 000033.800, 151
Trd, 000033.850, 151
Trd, 000034.567, 150
Trd, 000035.800, 151
Trd, 000035.917, 152
Trd, 000035.933, 151
Trd, 000036.550, 150
Trd, 000037.383, 150.0
Trd, 000037.533, 150
Trd, 000038.617, 149.0
Trd, 000038.717, 150
Trd, 000040.200, 151
Trd, 000040.283, 150
Trd, 000040.600, 149
Trd, 000041.350, 148
Trd, 000042.017, 147
Trd, 000042.267, 147
Trd, 000042.633, 148
Trd, 000043.117, 146
Trd, 000043.383, 147
Trd, 000043.850, 144
Trd, 000044.417, 145
Trd, 000044.850, 147
Trd, 000045.133, 146
Trd, 000046.033, 148
Trd, 000047.350, 159
Trd, 000048.683, 151
Trd, 000049.833, 155
Trd, 000050.117, 156
Trd, 000050.217, 156
Trd, 000050.367, 156
Trd, 000050.967, 155
Trd, 000051.167, 156
Trd, 000051.533, 156
Trd, 000051.567, 154
Trd, 000052.333, 153.0
Trd, 000053.117, 154
Trd, 000053.450, 154
Trd, 000054.717, 154
Trd, 000054.850, 151
Trd, 000056.867, 155
Trd, 000057.067, 155
Trd, 000057.133, 154
Trd, 000057.250, 153
Trd, 000058.550, 151
Trd, 000058.700, 150
Trd, 000059.350, 150
Trd, 000060.117, 150
Trd, 000060.817, 151.0
Trd, 000061.083, 149
Trd, 000062.167, 150
Trd, 000063.083, 150
Trd, 000063.117, 151.0
Trd, 000064.150, 150
Trd, 000064.800, 149
Trd, 000064.867, 149
Trd, 000065.450, 151
Trd, 000065.733, 151
Trd, 000066.050, 151
Trd, 000066.233, 155
Trd, 000066.667, 150
Trd, 000068.150, 153
Trd, 000068.217, 154
Trd, 000068.250, 153
Trd, 000068.883, 153
Trd, 000069.717, 150
Trd, 000070.617, 150.0
Trd, 000070.683, 151.0
Trd, 000071.483, 152
Trd, 000072.133, 152
Trd, 000072.533, 152
Trd, 000072.683, 151
Trd, 000073.017, 151
Trd, 000073.717, 149
Trd, 000074.267, 152
Trd, 000074.333, 151
Trd, 000074.483, 151
Trd, 000075.167, 148.0
Trd, 000075.833, 148
Trd, 000077.233, 149
Trd, 000077.500, 149
Trd, 000077.867, 149.0
Trd, 000078.300, 149
Trd, 000079.217, 150.0
Trd, 000079.300, 151
Trd, 000080.167, 150.0
Trd, 000080.583, 150
Trd, 000080.833, 150
Trd, 000081.233, 149
Trd, 000081.717, 148
Trd, 000082.183, 147
Trd, 000083.233, 148
Trd, 000083.617, 148
Trd, 000083.867, 147
Trd, 000084.700, 147
Trd, 000084.783, 148
Trd, 000085.767, 146
Trd, 000086.200, 147
Trd, 000086.217, 151.0
Trd, 000087.717, 148
Trd, 000087.933, 149
Trd, 000088.050, 148.0
Trd, 000088.750, 149
Trd, 000090.133, 149
Trd, 000090.983, 150
Trd, 000091.017, 149
Trd, 000091.883, 150
Trd, 000092.117, 150
Trd, 000092.517, 150.0
Trd, 000093.083, 151.0
Trd, 000094.200, 151
Trd, 000094.600, 149
Trd, 000095.317, 149
Trd, 000095.517, 149.0
Trd, 000095.683, 148.0
Trd, 000096.650, 148
Trd, 000097.033, 149
Trd, 000097.217, 149
Trd, 000097.967, 148
Trd, 000098.400, 150
Trd, 000098.583, 149
Trd, 000098.783, 148
Trd, 000099.917, 151.0
Trd, 000100.717, 152
Trd, 000101.267, 154
Trd, 000103.017, 153
Trd, 000103.333, 153
Trd, 000103.350, 154
Trd, 000103.400, 153
Trd, 000103.633, 152
Trd, 000105.150, 153
Trd, 000105.233, 152
Trd, 000105.700, 153
Trd, 000105.867, 154
Trd, 000106.000, 154
Trd, 000106.567, 154
Trd, 000107.467, 153
Trd, 000108.000, 154
Trd, 000108.667, 154
Trd, 000109.500, 153
Trd, 000110.267, 153
Trd, 000110.383, 152
Trd, 000111.050, 155
Trd, 000111.350, 154
Trd, 000111.450, 153
Trd, 000111.667, 186.0
Trd, 000112.550, 153
Trd, 000113.150, 134
Trd, 000114.100, 148
Trd, 000114.850, 150
Trd, 000114.917, 150
Trd, 000115.250, 149
Trd, 000115.467, 150
Trd, 000115.933, 150
Trd, 000115.967, 151
Trd, 000116.350, 175.0
Trd, 000117.083, 158
Trd, 000117.583, 164
Trd, 000118.100, 156
Trd, 000118.450, 156
Trd, 000119.267, 155
Trd, 000119.850, 155
Trd, 000120.517, 155
Trd, 000120.733, 155
Trd, 000121.167, 155
Trd, 000121.633, 155
Trd, 000121.833, 155
Trd, 000121.983, 156
Trd, 000122.700, 154
Trd, 000123.417, 155
Trd, 000123.650, 155
Trd, 000124.467, 156
Trd, 000124.933, 156
Trd, 000124.950, 158
Trd, 000125.450, 157
Trd, 000127.333, 158
Trd, 000127.767, 158
Trd, 000128.050, 158
Trd, 000128.333, 157
Trd, 000128.633, 156
Trd, 000128.833, 155
Trd, 000130.483, 156
Trd, 000130.667, 157
Trd, 000130.933, 155
Trd, 000132.350, 153
Trd, 000133.600, 152
Trd, 000134.267, 154
Trd, 000135.017, 154
Trd, 000135.067, 153
Trd, 000135.683, 154
Trd, 000135.700, 156
Trd, 000136.550, 153
Trd, 000136.783, 153
Trd, 000137.267, 155
Trd, 000138.200, 152
Trd, 000138.367, 151
Trd, 000138.983, 153
Trd, 000139.650, 150
Trd, 000140.400, 151
Trd, 000140.867, 151
Trd, 000141.117, 150
Trd, 000141.200, 150
Trd, 000141.833, 148.0
Trd, 000143.200, 147
Trd, 000144.167, 148
Trd, 000144.650, 148
Trd, 000145.383, 149
Trd, 000145.583, 149
Trd, 000146.333, 149
Trd, 000146.733, 151
Trd, 000148.350, 167
Trd, 000148.417, 167
Trd, 000148.633, 166
Trd, 000149.133, 165
Trd, 000150.267, 165.0
Trd, 000150.633, 164
Trd, 000150.700, 165.0
Trd, 000150.967, 163
Trd, 000151.350, 161
Trd, 000152.350, 159.0
Trd, 000153.233, 159
Trd, 000153.317, 157
Trd, 000154.650, 155
Trd, 000155.617, 154
Trd, 000156.150, 155
Trd, 000156.383, 155
Trd, 000157.233, 155
Trd, 000157.833, 155
Trd, 000157.900, 156
Trd, 000158.767, 156
Trd, 000158.950, 155
Trd, 000159.683, 155
Trd, 000160.100, 155
Trd, 000160.350, 156
Trd, 000160.417, 155
Trd, 000161.317, 153
Trd, 000162.067, 155
Trd, 000163.383, 153
Trd, 000163.600, 152
Trd, 000163.967, 148.0
Trd, 000164.733, 149
Trd, 000165.533, 148
Trd, 000166.117, 149
Trd, 000167.033, 147
Trd, 000167.167, 148
Trd, 000167.467, 148
Trd, 000167.967, 147
Trd, 000167.983, 149
Trd, 000168.633, 151.0
Trd, 000169.583, 150
Trd, 000169.717, 149
Trd, 000169.900, 147
Trd, 000170.967, 152
Trd, 000171.317, 152
Trd, 000171.450, 152
Trd, 000171.817, 152
Trd, 000172.667, 152
Trd, 000172.783, 153
Trd, 000173.500, 152
Trd, 000173.867, 153
Trd, 000174.267, 152
Trd, 000174.350, 151
Trd, 000174.483, 150
Trd, 000175.067, 150.0
Trd, 000176.167, 151
Trd, 000176.300, 152
Trd, 000176.567, 151
Trd, 000177.267, 151
Trd, 000177.933, 150
Trd, 000179.533, 145
Trd, 000180.333, 139
Trd, 000180.650, 138
Trd, 000181.183, 149
Trd, 000181.200, 136
Trd, 000181.783, 135
Trd, 000182.267, 140
Trd, 000182.583, 141
Trd, 000182.617, 139
Trd, 000183.750, 142
Trd, 000184.100, 142
Trd, 000184.367, 142
Trd, 000185.567, 144
Trd, 000185.950, 146
Trd, 000186.133, 144
Trd, 000187.017, 147
Trd, 000187.067, 148
Trd, 000187.467, 147
Trd, 000188.417, 151.0
Trd, 000189.700, 150
Trd, 000190.483, 151
Trd, 000190.867, 150
Trd, 000191.200, 152
Trd, 000191.417, 152
Trd, 000191.783, 149
Trd, 000192.683, 151
Trd, 000193.383, 149
Trd, 000193.583, 151
Trd, 000193.700, 150
Trd, 000194.633, 150
Trd, 000195.517, 148
Trd, 000195.633, 150
Trd, 000195.950, 149.0
Trd, 000197.067, 148
Trd, 000197.083, 148.0
Trd, 000197.350, 149
Trd, 000197.717, 150
Trd, 000198.217, 156
Trd, 000198.633, 153
Trd, 000198.967, 155
Trd, 000200.300, 164
Trd, 000200.833, 165
Trd, 000201.967, 163
Trd, 000202.033, 164
Trd, 000202.883, 165
Trd, 000202.950, 164
Trd, 000203.467, 165
Trd, 000203.917, 165
Trd, 000204.150, 166
Trd, 000204.950, 164
Trd, 000205.367, 164
Trd, 000205.400, 163
Trd, 000208.583, 164
Trd, 000208.633, 165
Trd, 000209.017, 167
Trd, 000209.900, 167
Trd, 000209.950, 167
Trd, 000210.483, 166
Trd, 000210.600, 167
Trd, 000210.933, 165
Trd, 000212.300, 164
Trd, 000212.767, 161
Trd, 000213.733, 149.0
Trd, 000214.083, 155
Trd, 000214.200, 155
Trd, 000214.217, 154
Trd, 000214.933, 153
Trd, 000216.117, 152
Trd, 000216.200, 152
Trd, 000216.983, 151
Trd, 000217.100, 151
Trd, 000218.067, 151
Trd, 000218.233, 151
Trd, 000218.550, 150
Trd, 000218.783, 152
Trd, 000218.800, 149
Trd, 000219.567, 151
Trd, 000219.817, 152
Trd, 000220.200, 151.0
Trd, 000221.050, 150.0
Trd, 000221.217, 150
Trd, 000221.983, 149
Trd, 000222.467, 149
Trd, 000222.500, 149.0
Trd, 000223.133, 148.0
Trd, 000223.467, 154
Trd, 000223.917, 152
Trd, 000225.600, 152
Trd, 000225.850, 152
Trd, 000226.633, 151
Trd, 000228.067, 151.0
Trd, 000228.350, 151
Trd, 000228.917, 166
Trd, 000230.233, 157
Trd, 000230.567, 156
Trd, 000231.200, 156
Trd, 000231.217, 155
Trd, 000231.233, 154
Trd, 000232.617, 152
Trd, 000233.033, 149.0
Trd, 000233.083, 152
Trd, 000233.233, 148.0
Trd, 000233.867, 146
Trd, 000234.283, 148
Trd, 000234.567, 146
Trd, 000235.550, 148
Trd, 000236.183, 149
Trd, 000236.400, 149
Trd, 000236.583, 148
Trd, 000237.000, 149
Trd, 000237.133, 151.0
Trd, 000238.283, 150
Trd, 000238.617, 149
Trd, 000239.267, 149.0
Trd, 000239.533, 152
Trd, 000240.067, 151
Trd, 000240.167, 150
Trd, 000240.767, 150.0
Trd, 000240.783, 149
Trd, 000240.900, 149
Trd, 000241.033, 151.0
Trd, 000241.450, 151
Trd, 000241.883, 152.0
Trd, 000242.217, 148.0
Trd, 000243.333, 149
Trd, 000243.667, 150
Trd, 000243.967, 150
Trd, 000244.567, 149
Trd, 000244.833, 150
Trd, 000245.100, 149
Trd, 000245.350, 152
Trd, 000245.833, 151.0
Trd, 000246.283, 152
Trd, 000246.733, 152
Trd, 000246.983, 151
Trd, 000247.267, 153
Trd, 000247.350, 154
Trd, 000248.233, 158
Trd, 000248.367, 157
Trd, 000248.533, 155.0
Trd, 000249.867, 156
Trd, 000250.200, 155
Trd, 000250.650, 157
Trd, 000251.567, 161
Trd, 000252.267, 160
Trd, 000252.317, 159
Trd, 000253.183, 160
Trd, 000253.450, 159
Trd, 000253.600, 159
Trd, 000254.117, 158
Trd, 000254.450, 158
Trd, 000254.467, 157
Trd, 000254.583, 156
Trd, 000255.033, 157
Trd, 000255.300, 156
Trd, 000255.650, 157
Trd, 000255.950, 157
Trd, 000256.550, 160
Trd, 000257.117, 157.0
Trd, 000257.417, 155.0
Trd, 000258.017, 158
Trd, 000258.150, 155.0
Trd, 000258.517, 154
Trd, 000258.733, 152.0
Trd, 000258.767, 155
Trd, 000259.733, 157
Trd, 000260.200, 154
Trd, 000260.967, 155
Trd, 000261.183, 156
Trd, 000261.367, 156
Trd, 000262.333, 156
Trd, 000262.600, 155
Trd, 000262.950, 156.0
Trd, 000263.533, 156
Trd, 000263.683, 156
Trd, 000263.817, 157
Trd, 000264.100, 156
Trd, 000264.200, 155.0
Trd, 000265.617, 156
Trd, 000265.767, 154
Trd, 000266.017, 153
Trd, 000266.433, 156
Trd, 000267.017, 153
Trd, 000267.133, 152
Trd, 000267.700, 152.0
Trd, 000268.117, 153
Trd, 000268.500, 155
Trd, 000268.733, 153.0
Trd, 000270.083, 153
Trd, 000270.567, 153
Trd, 000270.900, 154
Trd, 000271.417, 152
Trd, 000271.500, 151
Trd, 000272.017, 152
Trd, 000272.467, 152
Trd, 000272.933, 151
Trd, 000272.950, 152
Trd, 000273.050, 151
Trd, 000273.333, 151.0
Trd, 000273.867, 150
Trd, 000274.300, 150
Trd, 000274.900, 151
Trd, 000275.400, 153
Trd, 000275.767, 155
Trd, 000276.633, 151.0
Trd, 000277.083, 151
Trd, 000277.467, 150
Trd, 000277.483, 148
Trd, 000277.667, 148.0
Trd, 000278.450, 150.0
Trd, 000278.667, 150
Trd, 000279.350, 150
Trd, 000279.967, 148
Trd, 000279.983, 151.0
Trd, 000280.050, 149
Trd, 000280.417, 148
Trd, 000280.550, 147
Trd, 000280.900, 148.0
Trd, 000281.017, 149
Trd, 000281.200, 151
Trd, 000281.783, 135
Trd, 000282.100, 144
Trd, 000283.050, 154
Trd, 000283.467, 156
Trd, 000283.933, 165
Trd, 000284.100, 155.0
Trd, 000284.117, 154.0
Trd, 000284.383, 154
Trd, 000284.500, 153.0
Trd, 000284.800, 153
Trd, 000285.150, 152.0
Trd, 000285.817, 152
Trd, 000285.833, 151.0
Trd, 000285.967, 154
Trd, 000286.550, 154
Trd, 000286.783, 150
Trd, 000287.300, 149
Trd, 000287.900, 148.0
Trd, 000289.150, 151.0
Trd, 000289.183, 140
Trd, 000289.267, 120.0
Trd, 000289.783, 153
Trd, 000289.983, 155
Trd, 000292.050, 161
Trd, 000292.183, 160
Trd, 000292.350, 159
Trd, 000292.383, 162
Trd, 000292.850, 161
Trd, 000292.900, 159
Trd, 000293.167, 158
Trd, 000293.667, 157
Trd, 000294.000, 157
Trd, 000294.367, 156
Trd, 000294.883, 155
Trd, 000296.083, 159
Trd, 000296.383, 159
Trd, 000296.833, 158
Trd, 000296.983, 158
Trd, 000297.150, 157
Trd, 000297.467, 157
Trd, 000297.750, 155.0
Trd, 000298.617, 155
Trd, 000298.933, 155
Trd, 000299.367, 154.0
Trd, 000299.483, 155
Trd, 000299.917, 154.0
