Trd, 000001.433, 192
Trd, 000002.683, 173.0
Trd, 000003.200, 172.0
Trd, 000003.733, 168.0
Trd, 000004.000, 179.0
Trd, 000005.183, 158.0
Trd, 000005.667, 156.0
Trd, 000006.433, 159
Trd, 000006.517, 152.0
Trd, 000007.017, 169
Trd, 000008.800, 157.0
Trd, 000009.183, 164
Trd, 000009.383, 166
Trd, 000009.500, 169
Trd, 000010.250, 158.0
Trd, 000013.550, 163
Trd, 000014.683, 163
Trd, 000014.767, 163
Trd, 000014.950, 163.0
Trd, 000015.033, 172.0
Trd, 000015.400, 162.0
Trd, 000015.433, 155.0
Trd, 000016.067, 151.0
Trd, 000016.850, 174.0
Trd, 000017.367, 165
Trd, 000018.567, 167
Trd, 000018.700, 167.0
Trd, 000018.867, 167.0
Trd, 000018.933, 168.0
Trd, 000019.050, 169
Trd, 000019.317, 158.0
Trd, 000019.517, 168
Trd, 000019.850, 180.0
Trd, 000020.017, 179.0
Trd, 000022.817, 154.0
Trd, 000023.117, 154.0
Trd, 000023.167, 166
Trd, 000024.100, 153.0
Trd, 000024.267, 151.0
Trd, 000024.600, 166
Trd, 000025.083, 158.0
Trd, 000025.133, 158
Trd, 000026.233, 144
Trd, 000027.600, 147
Trd, 000028.050, 147
Trd, 000028.633, 148
Trd, 000028.683, 150
Trd, 000029.250, 150
Trd, 000030.050, 150
Trd, 000030.083, 149
Trd, 000030.517, 158.0
Trd, 000030.533, 163
Trd, 000031.333, 155.0
Trd, 000031.850, 155.0
Trd, 000032.800, 175
Trd, 000033.667, 155.0
Trd, 000033.833, 154.0
Trd, 000034.033, 158.0
Trd, 000034.200, 155
Trd, 000034.933, 152
Trd, 000035.183, 159
Trd, 000036.450, 152.0
Trd, 000036.917, 155
Trd, 000037.017, 154
Trd, 000037.100, 156
Trd, 000037.367, 175
Trd, 000038.050, 154.0
Trd, 000039.150, 155.0
Trd, 000039.567, 155
Trd, 000040.267, 157
Trd, 000040.800, 159
Trd, 000040.983, 158.0
Trd, 000042.200, 153.0
Trd, 000043.217, 156
Trd, 000043.317, 157
Trd, 000043.500, 154.0
Trd, 000045.467, 154.0
Trd, 000045.917, 155
Trd, 000046.917, 156.0
Trd, 000047.650, 156
Trd, 000047.717, 157
Trd, 000047.933, 154.0
Trd, 000048.483, 154.0
Trd, 000049.100, 152.0
Trd, 000049.283, 151.0
Trd, 000050.217, 156
Trd, 000051.083, 151
Trd, 000051.767, 153
Trd, 000051.983, 149
Trd, 000052.767, 150
Trd, 000053.183, 151
Trd, 000053.500, 153
Trd, 000053.900, 153
Trd, 000055.117, 153.0
Trd, 000055.400, 154.0
Trd, 000055.433, 156
Trd, 000055.533, 152
Trd, 000057.183, 150
Trd, 000057.800, 148
Trd, 000058.350, 147
Trd, 000059.150, 143
Trd, 000059.183, 147
Trd, 000060.233, 144
Trd, 000060.933, 145
Trd, 000061.233, 146
Trd, 000061.283, 145
Trd, 000061.317, 148
Trd, 000061.733, 145
Trd, 000061.783, 158.0
Trd, 000063.667, 151.0
Trd, 000064.550, 155
Trd, 000064.750, 154
Trd, 000065.117, 154
Trd, 000065.600, 153
Trd, 000065.650, 154
Trd, 000065.900, 145
Trd, 000066.183, 155
Trd, 000066.600, 140
Trd, 000066.817, 156
Trd, 000067.350, 153
Trd, 000067.833, 154.0
Trd, 000068.200, 153.0
Trd, 000068.900, 151.0
Trd, 000069.017, 157.0
Trd, 000069.150, 155
Trd, 000070.717, 155
Trd, 000071.167, 179.0
Trd, 000072.283, 167
Trd, 000072.500, 168
Trd, 000073.083, 159.0
Trd, 000074.067, 161
Trd, 000074.517, 168
Trd, 000074.567, 159.0
Trd, 000074.917, 158.0
Trd, 000076.050, 162
Trd, 000076.933, 158
Trd, 000078.033, 156.0
Trd, 000078.900, 156
Trd, 000078.967, 155.0
Trd, 000079.833, 153
Trd, 000079.983, 152.0
Trd, 000080.100, 155
Trd, 000080.783, 153
Trd, 000080.833, 151.0
Trd, 000081.600, 155.0
Trd, 000081.633, 157.0
Trd, 000082.017, 156
Trd, 000082.650, 158.0
Trd, 000082.800, 172.0
Trd, 000083.350, 173
Trd, 000084.783, 161.0
Trd, 000085.300, 178.0
Trd, 000086.483, 163
Trd, 000086.683, 163.0
Trd, 000087.400, 162.0
Trd, 000087.433, 166
Trd, 000087.817, 160
Trd, 000088.200, 155.0
Trd, 000089.317, 152.0
Trd, 000089.650, 153.0
Trd, 000091.133, 152.0
Trd, 000091.517, 151.0
Trd, 000092.767, 148
Trd, 000093.100, 151
Trd, 000094.083, 172.0
Trd, 000094.217, 161
Trd, 000094.383, 158.0
Trd, 000094.700, 170
Trd, 000094.850, 155.0
Trd, 000095.450, 147
Trd, 000095.700, 157
Trd, 000097.117, 154
Trd, 000097.267, 154
Trd, 000097.550, 154.0
Trd, 000097.567, 155
Trd, 000097.983, 154.0
Trd, 000098.550, 154
Trd, 000098.883, 155
Trd, 000099.783, 152.0
Trd, 000100.333, 151.0
Trd, 000101.283, 153
Trd, 000101.833, 158.0
Trd, 000102.433, 182
Trd, 000102.883, 172.0
Trd, 000102.917, 151.0
Trd, 000104.883, 150
Trd, 000105.433, 148
Trd, 000105.550, 147
Trd, 000105.683, 158.0
Trd, 000105.883, 142
Trd, 000106.517, 142
Trd, 000106.817, 155
Trd, 000107.650, 174
Trd, 000108.100, 172.0
Trd, 000109.483, 167
Trd, 000109.650, 161.0
Trd, 000110.050, 160.0
Trd, 000110.267, 161
Trd, 000110.567, 158.0
Trd, 000110.733, 164
Trd, 000110.767, 155.0
Trd, 000111.050, 151.0
Trd, 000112.467, 129
Trd, 000112.833, 132
Trd, 000114.100, 129.0
Trd, 000114.200, 128.0
Trd, 000114.400, 128
Trd, 000115.700, 133
Trd, 000115.750, 144.0
Trd, 000116.217, 133.0
Trd, 000117.017, 129.0
Trd, 000117.083, 143
Trd, 000117.167, 137
Trd, 000117.800, 156.0
Trd, 000117.917, 152.0
Trd, 000118.550, 158.0
Trd, 000119.367, 170
Trd, 000120.000, 155.0
Trd, 000120.550, 162
Trd, 000120.817, 162
Trd, 000120.867, 156.0
Trd, 000121.167, 155.0
Trd, 000122.400, 170
Trd, 000122.667, 160.0
Trd, 000122.950, 171
Trd, 000123.050, 160.0
Trd, 000123.550, 173
Trd, 000125.400, 158.0
Trd, 000125.950, 156.0
Trd, 000126.033, 157.0
Trd, 000128.283, 155.0
Trd, 000128.617, 156.0
Trd, 000128.667, 155.0
Trd, 000128.850, 158
Trd, 000129.517, 156
Trd, 000129.617, 158.0
Trd, 000129.850, 169
Trd, 000130.733, 154.0
Trd, 000131.383, 153.0
Trd, 000131.950, 160
Trd, 000132.933, 163
Trd, 000133.367, 152.0
Trd, 000133.700, 153.0
Trd, 000134.000, 152.0
Trd, 000134.817, 172.0
Trd, 000135.800, 151.0
Trd, 000135.867, 158.0
Trd, 000136.683, 152.0
Trd, 000136.900, 157
Trd, 000136.917, 158
Trd, 000138.950, 156.0
Trd, 000139.500, 155.0
Trd, 000139.600, 156.0
Trd, 000140.117, 156.0
Trd, 000140.283, 158.0
Trd, 000140.317, 158
Trd, 000140.817, 155.0
Trd, 000140.850, 151.0
Trd, 000141.167, 171
Trd, 000141.683, 178
Trd, 000142.200, 144.0
Trd, 000142.800, 159
Trd, 000143.050, 151.0
Trd, 000144.017, 148
Trd, 000144.533, 149
Trd, 000144.800, 155
Trd, 000145.117, 155.0
Trd, 000145.767, 153
Trd, 000146.383, 154
Trd, 000146.717, 151
Trd, 000146.833, 149
Trd, 000147.917, 147
Trd, 000148.117, 156.0
Trd, 000148.583, 153.0
Trd, 000149.433, 157.0
Trd, 000149.583, 155.0
Trd, 000149.700, 154.0
Trd, 000151.017, 156.0
Trd, 000151.383, 153.0
Trd, 000151.567, 151.0
Trd, 000151.700, 154
Trd, 000153.450, 146
Trd, 000153.683, 148
Trd, 000154.783, 147
Trd, 000155.567, 148
Trd, 000155.783, 149
Trd, 000155.933, 144.0
Trd, 000156.100, 150
Trd, 000156.200, 143
Trd, 000156.900, 156
Trd, 000157.233, 154.0
Trd, 000157.500, 153.0
Trd, 000158.783, 153.0
Trd, 000158.850, 155.0
Trd, 000158.967, 147
Trd, 000159.517, 151.0
Trd, 000159.667, 157.0
Trd, 000159.817, 157.0
Trd, 000160.433, 144
Trd, 000160.583, 143
Trd, 000160.817, 144
Trd, 000160.833, 153
Trd, 000160.983, 154
Trd, 000162.583, 153
Trd, 000163.450, 155.0
Trd, 000163.717, 153
Trd, 000163.783, 154
Trd, 000164.150, 154
Trd, 000164.933, 154
Trd, 000165.417, 172.0
Trd, 000165.883, 176
Trd, 000167.117, 158.0
Trd, 000167.350, 159
Trd, 000167.883, 157.0
Trd, 000168.850, 156.0
Trd, 000169.633, 158.0
Trd, 000170.150, 158
Trd, 000170.300, 156.0
Trd, 000170.667, 158
Trd, 000170.783, 155.0
Trd, 000171.450, 155
Trd, 000172.733, 155
Trd, 000172.850, 156.0
Trd, 000172.883, 158.0
Trd, 000172.967, 159
Trd, 000173.050, 174
Trd, 000175.183, 166
Trd, 000175.717, 157.0
Trd, 000176.683, 155.0
Trd, 000176.817, 154
Trd, 000177.067, 156.0
Trd, 000177.567, 152.0
Trd, 000178.633, 151.0
Trd, 000179.800, 156
Trd, 000180.133, 156
Trd, 000180.417, 155.0
Trd, 000180.917, 155.0
Trd, 000181.333, 157
Trd, 000182.300, 157.0
Trd, 000182.400, 158.0
Trd, 000183.017, 158
Trd, 000183.400, 172.0
Trd, 000184.083, 157
Trd, 000184.300, 155
Trd, 000185.600, 157.0
Trd, 000185.850, 158.0
Trd, 000186.667, 160
Trd, 000188.133, 158
Trd, 000188.767, 156
Trd, 000189.417, 154
Trd, 000189.483, 156
Trd, 000190.100, 158
Trd, 000190.467, 157
Trd, 000190.750, 156
Trd, 000191.150, 157
Trd, 000191.533, 156
Trd, 000191.567, 157
Trd, 000191.967, 152.0
Trd, 000193.750, 154
Trd, 000194.383, 151.0
Trd, 000194.867, 150
Trd, 000195.417, 150
Trd, 000195.467, 158.0
Trd, 000196.233, 174.0
Trd, 000196.400, 172.0
Trd, 000197.733, 172
Trd, 000198.383, 159.0
Trd, 000199.517, 168
Trd, 000199.667, 177
Trd, 000201.667, 158.0
Trd, 000201.683, 165
Trd, 000201.817, 157.0
Trd, 000202.367, 156.0
Trd, 000202.600, 158.0
Trd, 000203.817, 147
Trd, 000204.867, 140
Trd, 000205.033, 140
Trd, 000205.650, 141
Trd, 000206.067, 143
Trd, 000206.100, 142
Trd, 000206.400, 144.0
Trd, 000207.250, 144
Trd, 000208.067, 161
Trd, 000208.850, 171
Trd, 000209.000, 178
Trd, 000209.100, 156.0
Trd, 000209.567, 152.0
Trd, 000211.167, 154.0
Trd, 000211.300, 153.0
Trd, 000211.467, 153.0
Trd, 000211.500, 151.0
Trd, 000212.083, 142
Trd, 000212.767, 152
Trd, 000214.483, 147
Trd, 000214.700, 147
Trd, 000214.717, 146
Trd, 000214.867, 148
Trd, 000214.900, 145
Trd, 000214.967, 141
Trd, 000215.567, 139
Trd, 000215.967, 142
Trd, 000217.200, 145
Trd, 000218.167, 142
Trd, 000218.383, 146
Trd, 000218.467, 158.0
Trd, 000219.400, 146
Trd, 000219.683, 171
Trd, 000221.050, 152
Trd, 000221.300, 154
Trd, 000221.683, 154
Trd, 000222.000, 153
Trd, 000222.583, 153
Trd, 000222.650, 154
Trd, 000222.933, 151
Trd, 000224.100, 155.0
Trd, 000224.483, 154.0
Trd, 000225.083, 155.0
Trd, 000225.217, 153.0
Trd, 000225.333, 156.0
Trd, 000225.367, 152.0
Trd, 000227.033, 152.0
Trd, 000227.233, 151.0
Trd, 000227.783, 154
Trd, 000228.033, 153
Trd, 000228.083, 154
Trd, 000228.200, 154
Trd, 000228.383, 140
Trd, 000228.733, 153
Trd, 000229.117, 151.0
Trd, 000231.483, 148
Trd, 000231.867, 149
Trd, 000232.367, 169
Trd, 000233.083, 156
Trd, 000233.533, 157
Trd, 000233.700, 157.0
Trd, 000234.350, 158.0
Trd, 000235.000, 158
Trd, 000235.283, 155.0
Trd, 000235.667, 166
Trd, 000235.817, 155
Trd, 000237.283, 157.0
Trd, 000237.650, 158.0
Trd, 000237.750, 157.0
Trd, 000238.000, 165
Trd, 000238.250, 166
Trd, 000239.033, 167
Trd, 000239.467, 162
Trd, 000239.733, 155.0
Trd, 000241.333, 154.0
Trd, 000241.683, 155.0
Trd, 000241.783, 154.0
Trd, 000242.900, 154.0
Trd, 000243.067, 153.0
Trd, 000243.250, 151.0
Trd, 000243.617, 151
Trd, 000243.650, 139
Trd, 000243.717, 152
Trd, 000244.267, 154
Trd, 000244.883, 153
Trd, 000245.533, 151.0
Trd, 000246.000, 150
Trd, 000246.867, 152
Trd, 000247.117, 151.0
Trd, 000247.367, 140
Trd, 000248.817, 149
Trd, 000249.183, 149
Trd, 000249.583, 151
Trd, 000249.967, 150
Trd, 000250.267, 150
Trd, 000250.667, 144.0
Trd, 000250.817, 140
Trd, 000251.000, 140
Trd, 000251.067, 143
Trd, 000252.200, 141
Trd, 000252.350, 142
Trd, 000252.533, 143
Trd, 000253.000, 136.0
Trd, 000253.450, 136.0
Trd, 000253.667, 137
Trd, 000254.050, 137
Trd, 000254.300, 136
Trd, 000254.817, 137.0
Trd, 000254.833, 141
Trd, 000255.483, 140
Trd, 000255.733, 155.0
Trd, 000256.367, 144.0
Trd, 000256.383, 157.0
Trd, 000257.400, 151
Trd, 000257.833, 144.0
Trd, 000258.617, 146
Trd, 000259.150, 146.0
Trd, 000259.183, 152.0
Trd, 000260.417, 149
Trd, 000260.483, 147
Trd, 000260.833, 150.0
Trd, 000261.150, 139
Trd, 000261.467, 155.0
Trd, 000261.967, 150
Trd, 000262.100, 154
Trd, 000262.333, 172.0
Trd, 000262.583, 158.0
Trd, 000263.817, 151.0
Trd, 000264.500, 160
Trd, 000265.000, 146
Trd, 000265.317, 146
Trd, 000265.667, 146
Trd, 000266.333, 147
Trd, 000266.433, 141
Trd, 000266.900, 145
Trd, 000267.183, 146
Trd, 000267.350, 142
Trd, 000267.367, 147
Trd, 000268.983, 142
Trd, 000269.683, 141
Trd, 000269.833, 141.0
Trd, 000270.100, 135.0
Trd, 000270.250, 136.0
Trd, 000271.267, 136.0
Trd, 000271.967, 137.0
Trd, 000272.150, 141
Trd, 000272.367, 143
Trd, 000272.983, 140
Trd, 000273.067, 142.0
Trd, 000273.650, 141
Trd, 000273.800, 142
Trd, 000274.567, 143.0
Trd, 000274.933, 144.0
Trd, 000275.733, 143
Trd, 000275.833, 155.0
Trd, 000276.067, 158.0
Trd, 000276.617, 153
Trd, 000276.867, 152.0
Trd, 000276.883, 155.0
Trd, 000277.117, 158.0
Trd, 000277.150, 151.0
Trd, 000278.133, 146
Trd, 000278.467, 158.0
Trd, 000278.567, 172.0
Trd, 000279.633, 161
Trd, 000280.017, 155.0
Trd, 000280.533, 155
Trd, 000280.733, 154
Trd, 000281.300, 156
Trd, 000281.650, 156
Trd, 000282.183, 138
Trd, 000282.883, 151.0
Trd, 000282.900, 154
Trd, 000283.683, 146.0
Trd, 000283.833, 158.0
Trd, 000283.867, 172.0
Trd, 000284.850, 153
Trd, 000285.083, 154
Trd, 000285.267, 152
Trd, 000285.300, 153
Trd, 000285.467, 152.0
Trd, 000286.733, 148.0
Trd, 000287.317, 147.0
Trd, 000287.667, 140
Trd, 000288.233, 146
Trd, 000289.267, 147
Trd, 000289.367, 148
Trd, 000289.417, 149
Trd, 000289.917, 153.0
Trd, 000290.000, 149
Trd, 000290.300, 153.0
Trd, 000290.533, 154.0
Trd, 000290.750, 155.0
Trd, 000290.900, 150
Trd, 000291.200, 149
Trd, 000292.117, 158.0
Trd, 000292.367, 151.0
Trd, 000292.633, 148
Trd, 000292.917, 147
Trd, 000293.233, 154
Trd, 000293.867, 155.0
Trd, 000294.733, 142
Trd, 000294.883, 151
Trd, 000295.250, 140
Trd, 000296.250, 150
Trd, 000296.800, 150
Trd, 000297.833, 138.0
Trd, 000298.400, 139
Trd, 000298.617, 142
Trd, 000298.700, 142
Trd, 000298.750, 144
Trd, 000299.850, 140
Trd, 000299.983, 139.0
