Trd, 000001.900, 133.0
Trd, 000002.200, 134.0
Trd, 000002.217, 144
Trd, 000002.983, 116
Trd, 000003.317, 161.0
Trd, 000004.767, 162.0
Trd, 000006.233, 162
Trd, 000008.083, 162
Trd, 000008.500, 158
Trd, 000008.967, 163
Trd, 000009.133, 175.0
Trd, 000009.167, 158
Trd, 000010.300, 178
Trd, 000010.817, 158.0
Trd, 000011.600, 156
Trd, 000011.867, 156
Trd, 000013.683, 162.0
Trd, 000014.033, 160
Trd, 000014.183, 166
Trd, 000014.200, 175.0
Trd, 000016.267, 172
Trd, 000016.400, 161
Trd, 000017.233, 162.0
Trd, 000017.917, 159
Trd, 000018.017, 160
Trd, 000018.350, 161
Trd, 000018.383, 159
Trd, 000018.667, 163
Trd, 000019.150, 168
Trd, 000019.750, 162
Trd, 000020.217, 158.0
Trd, 000020.300, 163
Trd, 000021.983, 155
Trd, 000022.217, 158.0
Trd, 000022.250, 143
Trd, 000023.050, 160
Trd, 000023.167, 161
Trd, 000024.350, 160
Trd, 000024.783, 158
Trd, 000026.150, 159
Trd, 000027.267, 160
Trd, 000027.533, 159
Trd, 000028.317, 160
Trd, 000028.417, 162.0
Trd, 000028.883, 159
Trd, 000029.217, 162
Trd, 000030.550, 159
Trd, 000030.817, 159
Trd, 000030.833, 160
Trd, 000030.950, 158
Trd, 000032.717, 159
Trd, 000032.800, 160
Trd, 000033.333, 159.0
Trd, 000034.383, 159.0
Trd, 000036.217, 160
Trd, 000036.367, 162
Trd, 000036.500, 161
Trd, 000036.850, 160
Trd, 000036.900, 158.0
Trd, 000037.133, 158
Trd, 000037.300, 157
Trd, 000039.933, 156
Trd, 000040.967, 156
Trd, 000042.767, 158
Trd, 000043.067, 157
Trd, 000043.083, 159
Trd, 000043.283, 159
Trd, 000043.883, 158.0
Trd, 000044.417, 160
Trd, 000044.867, 179
Trd, 000045.017, 172.0
Trd, 000046.200, 182.0
Trd, 000046.667, 177
Trd, 000048.433, 172
Trd, 000048.533, 162.0
Trd, 000049.533, 161
Trd, 000049.917, 170
Trd, 000050.600, 172.0
Trd, 000051.333, 168
Trd, 000051.467, 172.0
Trd, 000051.783, 154
Trd, 000052.850, 159.0
Trd, 000054.050, 161.0
Trd, 000054.533, 161.0
Trd, 000054.917, 160.0
Trd, 000055.033, 162.0
Trd, 000055.350, 162
Trd, 000056.550, 161
Trd, 000057.600, 173.0
Trd, 000058.350, 172.0
Trd, 000058.417, 161
Trd, 000058.817, 162.0
Trd, 000058.883, 174.0
Trd, 000059.767, 175.0
Trd, 000060.650, 169
Trd, 000061.383, 162
Trd, 000061.933, 171
Trd, 000062.033, 174
Trd, 000063.117, 172.0
Trd, 000065.017, 165
Trd, 000066.667, 164
Trd, 000066.900, 164
Trd, 000066.917, 158.0
Trd, 000068.233, 164
Trd, 000068.283, 162
Trd, 000068.800, 157
Trd, 000068.900, 161
Trd, 000068.933, 160
Trd, 000071.233, 158
Trd, 000071.300, 159
Trd, 000071.683, 158
Trd, 000072.033, 159
Trd, 000072.167, 162.0
Trd, 000073.300, 159
Trd, 000073.950, 158
Trd, 000074.383, 160
Trd, 000074.567, 159
Trd, 000075.783, 172.0
Trd, 000075.817, 159
Trd, 000077.167, 166
Trd, 000077.233, 160
Trd, 000077.783, 165
Trd, 000078.717, 163
Trd, 000079.317, 164
Trd, 000079.450, 165
Trd, 000080.050, 165
Trd, 000080.883, 164
Trd, 000080.917, 166
Trd, 000081.067, 163
Trd, 000081.750, 164
Trd, 000082.817, 163
Trd, 000082.917, 161
Trd, 000083.617, 165
Trd, 000085.417, 162.0
Trd, 000086.433, 159
Trd, 000086.783, 158.0
Trd, 000086.867, 156
Trd, 000087.317, 155
Trd, 000087.700, 159
Trd, 000088.483, 156
Trd, 000088.767, 157
Trd, 000089.617, 175.0
Trd, 000092.767, 157
Trd, 000093.717, 157
Trd, 000093.850, 156
Trd, 000094.000, 156
Trd, 000094.283, 140
Trd, 000094.617, 161.0
Trd, 000095.200, 161.0
Trd, 000095.517, 161.0
Trd, 000095.983, 159
Trd, 000097.617, 161
Trd, 000097.950, 161
Trd, 000098.167, 162.0
Trd, 000098.733, 162
Trd, 000098.967, 164
Trd, 000101.233, 163
Trd, 000101.550, 165
Trd, 000102.100, 172.0
Trd, 000102.833, 165
Trd, 000103.233, 163
Trd, 000103.667, 165
Trd, 000103.950, 164
Trd, 000104.400, 168
Trd, 000105.017, 171
Trd, 000105.900, 170
Trd, 000105.917, 165
Trd, 000107.267, 166.0
Trd, 000107.600, 165.0
Trd, 000108.200, 168
Trd, 000109.350, 164
Trd, 000110.017, 165
Trd, 000110.400, 163
Trd, 000110.750, 166
Trd, 000112.767, 159.0
Trd, 000112.800, 161
Trd, 000113.017, 175.0
Trd, 000114.017, 162
Trd, 000114.150, 163
Trd, 000115.450, 164
Trd, 000115.600, 162.0
Trd, 000116.633, 160
Trd, 000117.233, 163
Trd, 000117.600, 163
Trd, 000117.917, 162.0
Trd, 000117.983, 158.0
Trd, 000119.033, 154
Trd, 000119.350, 140
Trd, 000120.500, 148
Trd, 000120.733, 149
Trd, 000120.783, 150
Trd, 000121.083, 150
Trd, 000122.350, 153
Trd, 000122.800, 153
Trd, 000123.450, 174
Trd, 000123.650, 172.0
Trd, 000124.167, 162
Trd, 000124.883, 163
Trd, 000125.217, 174
Trd, 000125.250, 176
Trd, 000125.700, 163
Trd, 000126.133, 160
Trd, 000126.983, 158.0
Trd, 000127.917, 161
Trd, 000128.350, 161.0
Trd, 000128.633, 162
Trd, 000129.500, 162
Trd, 000130.033, 161
Trd, 000130.467, 160
Trd, 000130.833, 158.0
Trd, 000131.133, 161.0
Trd, 000131.700, 161
Trd, 000132.417, 158.0
Trd, 000132.933, 158
Trd, 000134.533, 150
Trd, 000134.683, 150
Trd, 000135.700, 144
Trd, 000136.467, 145
Trd, 000136.650, 154
Trd, 000136.783, 162.0
Trd, 000139.183, 156
Trd, 000139.633, 156
Trd, 000139.983, 157
Trd, 000140.583, 157
Trd, 000141.250, 158
Trd, 000141.833, 158
Trd, 000144.067, 160.0
Trd, 000144.133, 162.0
Trd, 000144.300, 158.0
Trd, 000144.500, 170
Trd, 000144.967, 158
Trd, 000146.267, 158
Trd, 000147.600, 156
Trd, 000148.067, 157
Trd, 000148.733, 159
Trd, 000149.767, 156
Trd, 000150.000, 141
Trd, 000150.483, 155
Trd, 000150.567, 157
Trd, 000150.733, 159
Trd, 000150.917, 162.0
Trd, 000151.800, 165
Trd, 000152.067, 164
Trd, 000153.933, 162.0
Trd, 000154.800, 161
Trd, 000155.017, 162
Trd, 000155.517, 160.0
Trd, 000155.700, 160
Trd, 000155.933, 160.0
Trd, 000156.233, 162
Trd, 000156.750, 161
Trd, 000158.583, 159
Trd, 000158.767, 158.0
Trd, 000158.783, 160
Trd, 000159.200, 162.0
Trd, 000159.567, 176
Trd, 000161.333, 163
Trd, 000161.567, 162
Trd, 000161.667, 166
Trd, 000163.633, 166
Trd, 000164.783, 167
Trd, 000165.017, 168
Trd, 000165.417, 167
Trd, 000165.817, 169
Trd, 000166.333, 165
Trd, 000166.900, 166
Trd, 000166.933, 164
Trd, 000167.267, 166
Trd, 000167.800, 158.0
Trd, 000168.417, 157
Trd, 000168.833, 163
Trd, 000168.900, 164
Trd, 000169.767, 163
Trd, 000170.500, 156
Trd, 000171.083, 160
Trd, 000171.133, 162
Trd, 000171.483, 159
Trd, 000171.517, 163
Trd, 000172.933, 167
Trd, 000173.100, 158.0
Trd, 000173.817, 162
Trd, 000174.033, 162
Trd, 000174.050, 155
Trd, 000175.767, 159
Trd, 000176.617, 159
Trd, 000176.983, 161
Trd, 000178.000, 161
Trd, 000178.250, 160.0
Trd, 000181.017, 160
Trd, 000181.033, 161
Trd, 000181.050, 162.0
Trd, 000181.717, 159
Trd, 000181.833, 159
Trd, 000182.517, 159
Trd, 000183.150, 158.0
Trd, 000183.483, 161
Trd, 000183.550, 162
Trd, 000185.417, 161
Trd, 000185.800, 160
Trd, 000185.967, 162.0
Trd, 000187.183, 163
Trd, 000188.867, 161
Trd, 000188.967, 160
Trd, 000189.250, 162
Trd, 000189.800, 162.0
Trd, 000190.167, 161
Trd, 000190.650, 160
Trd, 000190.700, 159
Trd, 000191.000, 162
Trd, 000191.467, 158.0
Trd, 000192.133, 174
Trd, 000192.650, 157
Trd, 000193.050, 169
Trd, 000193.300, 157
Trd, 000193.950, 164
Trd, 000194.317, 165
Trd, 000195.300, 160
Trd, 000196.200, 172.0
Trd, 000198.217, 164
Trd, 000198.367, 163
Trd, 000198.800, 163
Trd, 000199.183, 162
Trd, 000199.317, 166
Trd, 000199.383, 167
Trd, 000200.917, 160.0
Trd, 000201.583, 162.0
Trd, 000201.967, 164
Trd, 000203.217, 162
Trd, 000203.517, 158
Trd, 000203.533, 158.0
Trd, 000204.583, 159
Trd, 000205.433, 160
Trd, 000207.400, 159
Trd, 000207.883, 159
Trd, 000207.983, 161
Trd, 000208.383, 158
Trd, 000209.683, 160
Trd, 000209.917, 158.0
Trd, 000210.133, 161
Trd, 000210.650, 157
Trd, 000211.833, 159
Trd, 000211.883, 158
Trd, 000212.600, 158
Trd, 000213.317, 158.0
Trd, 000213.650, 158
Trd, 000213.750, 157
Trd, 000214.417, 158
Trd, 000216.000, 172.0
Trd, 000216.533, 161.0
Trd, 000216.667, 160
Trd, 000216.917, 159
Trd, 000217.717, 161
Trd, 000217.767, 162.0
Trd, 000218.733, 162
Trd, 000219.617, 161
Trd, 000219.900, 161
Trd, 000220.050, 162
Trd, 000220.567, 161
Trd, 000220.983, 160
Trd, 000221.600, 159
Trd, 000222.517, 158
Trd, 000222.867, 155
Trd, 000224.717, 158
Trd, 000224.983, 174.0
Trd, 000225.050, 156
Trd, 000225.717, 172.0
Trd, 000226.567, 164
Trd, 000226.850, 164
Trd, 000226.983, 165
Trd, 000227.067, 161
Trd, 000228.450, 168
Trd, 000229.100, 161
Trd, 000230.000, 164
Trd, 000230.833, 163
Trd, 000230.883, 163
Trd, 000230.950, 162
Trd, 000230.983, 175.0
Trd, 000231.750, 162
Trd, 000232.767, 169
Trd, 000233.417, 167
Trd, 000234.217, 164
Trd, 000234.283, 173.0
Trd, 000234.583, 162
Trd, 000235.783, 169
Trd, 000236.767, 162
Trd, 000238.050, 164
Trd, 000238.350, 162
Trd, 000238.833, 162
Trd, 000238.850, 164
Trd, 000240.217, 162
Trd, 000240.767, 163
Trd, 000240.883, 162
Trd, 000241.050, 162
Trd, 000241.167, 164
Trd, 000241.333, 158.0
Trd, 000241.950, 158
Trd, 000242.217, 159
Trd, 000242.583, 156
Trd, 000242.633, 159
Trd, 000242.833, 157
Trd, 000243.200, 159
Trd, 000243.317, 156
Trd, 000244.183, 154
Trd, 000244.400, 154
Trd, 000245.367, 147.0
Trd, 000245.500, 147.0
Trd, 000245.567, 148.0
Trd, 000245.950, 149
Trd, 000246.867, 140
Trd, 000246.983, 146
Trd, 000247.233, 138.0
Trd, 000247.567, 143
Trd, 000248.100, 144
Trd, 000248.117, 145
Trd, 000248.533, 155
Trd, 000249.833, 146
Trd, 000250.133, 147
Trd, 000250.517, 146
Trd, 000250.550, 144
Trd, 000250.567, 149
Trd, 000251.167, 144
Trd, 000251.850, 146
Trd, 000252.067, 145
Trd, 000252.750, 144
Trd, 000253.750, 144
Trd, 000253.950, 147
Trd, 000254.800, 142
Trd, 000255.050, 141
Trd, 000255.467, 143.0
Trd, 000255.550, 147
Trd, 000256.283, 148
Trd, 000256.667, 149
Trd, 000257.383, 143
Trd, 000257.900, 143.0
Trd, 000257.967, 151.0
Trd, 000258.483, 155
Trd, 000259.667, 149
Trd, 000259.967, 157.0
Trd, 000260.917, 151
Trd, 000261.150, 149
Trd, 000261.267, 149
Trd, 000261.833, 152
Trd, 000262.600, 141
Trd, 000262.817, 153
Trd, 000263.400, 158.0
Trd, 000263.733, 158.0
Trd, 000264.767, 157
Trd, 000265.667, 159
Trd, 000266.033, 158
Trd, 000266.333, 158
Trd, 000266.550, 157
Trd, 000266.867, 158
Trd, 000267.350, 157
Trd, 000267.583, 157
Trd, 000268.167, 156
Trd, 000268.833, 157.0
Trd, 000269.350, 157
Trd, 000269.767, 155
Trd, 000269.833, 165.0
Trd, 000269.933, 170
Trd, 000270.317, 154
Trd, 000271.283, 158.0
Trd, 000271.817, 154
Trd, 000271.833, 154
Trd, 000271.883, 159
Trd, 000272.250, 153
Trd, 000272.400, 160
Trd, 000272.667, 159
Trd, 000274.017, 142
Trd, 000274.117, 146
Trd, 000276.150, 147
Trd, 000276.250, 147
Trd, 000276.433, 138.0
Trd, 000276.667, 141
Trd, 000276.733, 148
Trd, 000277.150, 137.0
Trd, 000277.817, 155
Trd, 000277.950, 160.0
Trd, 000278.283, 158.0
Trd, 000278.850, 149
Trd, 000279.467, 159
Trd, 000279.917, 171
Trd, 000280.133, 153
Trd, 000280.633, 157
Trd, 000280.933, 150
Trd, 000281.717, 148.0
Trd, 000281.800, 141
Trd, 000282.850, 152.0
Trd, 000282.900, 153.0
Trd, 000283.117, 139
Trd, 000283.717, 148
Trd, 000283.783, 153
Trd, 000284.367, 146
Trd, 000284.850, 144.0
Trd, 000285.233, 143
Trd, 000285.867, 148
Trd, 000285.933, 137.0
Trd, 000286.733, 150
Trd, 000286.850, 143
Trd, 000287.700, 135.0
Trd, 000287.833, 134.0
Trd, 000287.933, 137
Trd, 000288.483, 137
Trd, 000289.033, 137
Trd, 000289.533, 137.0
Trd, 000289.883, 136
Trd, 000290.333, 137.0
Trd, 000290.850, 151
Trd, 000290.867, 153
Trd, 000292.283, 154
Trd, 000292.683, 162.0
Trd, 000293.050, 137
Trd, 000293.267, 157
Trd, 000293.683, 164.0
Trd, 000294.267, 136
Trd, 000294.417, 164.0
Trd, 000295.650, 143
Trd, 000296.867, 146
Trd, 000296.967, 154
Trd, 000297.117, 147
Trd, 000297.150, 157
Trd, 000297.167, 146
Trd, 000297.300, 165.0
Trd, 000297.683, 162.0
Trd, 000298.333, 150
Trd, 000298.433, 161
Trd, 000299.017, 151
Trd, 000299.400, 151
Trd, 000299.633, 157
Trd, 000299.900, 156
