Trd, 000000.883, 112
Trd, 000002.017, 180
Trd, 000002.683, 172.0
Trd, 000002.783, 156
Trd, 000003.717, 151
Trd, 000003.933, 131.0
Trd, 000004.083, 152
Trd, 000004.567, 127
Trd, 000004.750, 129
Trd, 000005.350, 151.0
Trd, 000007.533, 140
Trd, 000008.117, 141
Trd, 000009.667, 149
Trd, 000009.867, 148
Trd, 000010.250, 150.0
Trd, 000011.150, 148
Trd, 000011.167, 149
Trd, 000011.183, 147
Trd, 000011.250, 150
Trd, 000011.267, 151.0
Trd, 000011.667, 151
Trd, 000012.083, 158.0
Trd, 000012.583, 152
Trd, 000012.950, 151
Trd, 000013.167, 152
Trd, 000013.383, 146
Trd, 000014.233, 159
Trd, 000014.767, 158.0
Trd, 000015.133, 155.0
Trd, 000015.783, 159
Trd, 000016.183, 153
Trd, 000016.200, 153
Trd, 000016.883, 155.0
Trd, 000016.950, 165.0
Trd, 000017.150, 153
Trd, 000018.300, 158
Trd, 000020.133, 157
Trd, 000020.683, 157
Trd, 000021.550, 156
Trd, 000021.917, 155
Trd, 000022.817, 156
Trd, 000022.900, 158
Trd, 000023.633, 155.0
Trd, 000024.650, 156
Trd, 000024.883, 156
Trd, 000025.717, 157
Trd, 000025.783, 155
Trd, 000025.850, 158
Trd, 000025.917, 158.0
Trd, 000026.633, 160
Trd, 000028.017, 158
Trd, 000029.033, 157
Trd, 000029.517, 158.0
Trd, 000030.083, 157
Trd, 000030.117, 156
Trd, 000031.950, 157
Trd, 000032.067, 157
Trd, 000032.267, 155
Trd, 000032.450, 155.0
Trd, 000032.600, 155
Trd, 000033.467, 156
Trd, 000033.867, 157
Trd, 000034.150, 157
Trd, 000034.450, 155
Trd, 000034.600, 157
Trd, 000034.767, 156
Trd, 000035.383, 158.0
Trd, 000035.550, 168.0
Trd, 000038.833, 161
Trd, 000038.917, 159
Trd, 000039.083, 158.0
Trd, 000040.083, 157
Trd, 000040.533, 156
Trd, 000040.733, 155.0
Trd, 000040.767, 153
Trd, 000042.917, 157.0
Trd, 000043.083, 153
Trd, 000043.117, 152
Trd, 000043.383, 157
Trd, 000044.783, 156
Trd, 000044.917, 156.0
Trd, 000045.283, 158
Trd, 000045.467, 155
Trd, 000046.400, 158
Trd, 000047.467, 155.0
Trd, 000048.117, 156
Trd, 000048.833, 157
Trd, 000048.900, 156
Trd, 000049.117, 157
Trd, 000049.483, 155
Trd, 000049.767, 155
Trd, 000050.767, 158
Trd, 000050.983, 158
Trd, 000052.600, 157.0
Trd, 000053.683, 157
Trd, 000053.800, 156
Trd, 000055.033, 158
Trd, 000055.317, 158
Trd, 000055.450, 158
Trd, 000055.483, 157.0
Trd, 000055.650, 157.0
Trd, 000055.733, 155.0
Trd, 000055.767, 159
Trd, 000058.133, 158.0
Trd, 000058.217, 154
Trd, 000058.550, 155.0
Trd, 000058.900, 151.0
Trd, 000059.533, 152
Trd, 000059.567, 145
Trd, 000059.867, 152
Trd, 000060.550, 148
Trd, 000061.100, 145.0
Trd, 000061.900, 152
Trd, 000062.250, 144.0
Trd, 000062.433, 153
Trd, 000062.617, 165
Trd, 000063.783, 151.0
Trd, 000064.700, 151
Trd, 000065.083, 149
Trd, 000065.217, 147
Trd, 000065.233, 147
Trd, 000065.950, 151
Trd, 000066.000, 145
Trd, 000066.033, 151
Trd, 000066.350, 144.0
Trd, 000067.100, 151.0
Trd, 000067.667, 152
Trd, 000067.833, 152
Trd, 000068.300, 151
Trd, 000068.483, 158.0
Trd, 000068.617, 150
Trd, 000069.950, 158.0
Trd, 000070.367, 158
Trd, 000072.033, 158.0
Trd, 000072.233, 159
Trd, 000073.150, 157
Trd, 000073.550, 152
Trd, 000074.733, 157
Trd, 000075.250, 156
Trd, 000075.483, 155.0
Trd, 000075.650, 155
Trd, 000075.767, 154
Trd, 000076.200, 168.0
Trd, 000076.517, 153
Trd, 000078.667, 152
Trd, 000078.850, 156
Trd, 000080.400, 155.0
Trd, 000080.633, 156
Trd, 000080.650, 157
Trd, 000081.133, 155
Trd, 000081.367, 153
Trd, 000081.483, 158.0
Trd, 000081.933, 152
Trd, 000083.850, 151.0
Trd, 000084.517, 152
Trd, 000084.650, 151
Trd, 000084.950, 152
Trd, 000085.233, 151
Trd, 000085.467, 151
Trd, 000085.950, 153
Trd, 000086.600, 156.0
Trd, 000087.183, 150
Trd, 000088.117, 151.0
Trd, 000088.533, 150
Trd, 000088.850, 148
Trd, 000089.067, 147
Trd, 000090.267, 152
Trd, 000090.383, 150
Trd, 000090.683, 151
Trd, 000091.050, 151
Trd, 000092.550, 151
Trd, 000094.183, 151.0
Trd, 000094.417, 150
Trd, 000094.867, 150
Trd, 000095.350, 152
Trd, 000095.500, 151
Trd, 000096.267, 158.0
Trd, 000096.283, 150
Trd, 000096.850, 151
Trd, 000097.000, 153
Trd, 000097.683, 149
Trd, 000098.883, 150
Trd, 000099.400, 150
Trd, 000100.400, 151
Trd, 000100.517, 151
Trd, 000100.717, 151.0
Trd, 000101.917, 145
Trd, 000102.100, 144.0
Trd, 000102.950, 146
Trd, 000102.983, 145
Trd, 000103.917, 146
Trd, 000104.433, 146
Trd, 000104.450, 146
Trd, 000104.867, 147
Trd, 000105.183, 146
Trd, 000105.400, 149
Trd, 000106.300, 144.0
Trd, 000106.783, 141.0
Trd, 000107.633, 145
Trd, 000107.800, 145
Trd, 000108.183, 141
Trd, 000108.200, 151.0
Trd, 000108.617, 158.0
Trd, 000110.000, 142
Trd, 000111.200, 150
Trd, 000111.367, 146
Trd, 000113.567, 149
Trd, 000113.883, 149
Trd, 000114.267, 151.0
Trd, 000114.467, 150
Trd, 000114.517, 150
Trd, 000114.733, 149
Trd, 000115.450, 150
Trd, 000115.933, 149
Trd, 000116.200, 151
Trd, 000116.517, 158.0
Trd, 000117.050, 165
Trd, 000118.083, 172.0
Trd, 000118.300, 170
Trd, 000119.083, 160
Trd, 000119.267, 160
Trd, 000119.850, 160.0
Trd, 000120.017, 158.0
Trd, 000120.650, 158
Trd, 000121.850, 151.0
Trd, 000121.950, 140
Trd, 000121.983, 160
Trd, 000122.767, 149
Trd, 000124.017, 139
Trd, 000124.200, 152
Trd, 000125.433, 145
Trd, 000125.650, 151
Trd, 000125.667, 144
Trd, 000127.083, 149
Trd, 000127.200, 150
Trd, 000128.150, 146
Trd, 000128.183, 145
Trd, 000128.867, 145
Trd, 000128.933, 151.0
Trd, 000129.350, 150
Trd, 000129.467, 150
Trd, 000130.283, 149
Trd, 000131.467, 150
Trd, 000131.833, 151.0
Trd, 000131.900, 147
Trd, 000132.450, 147
Trd, 000132.633, 150
Trd, 000132.867, 151
Trd, 000133.283, 152
Trd, 000133.817, 151
Trd, 000134.900, 152
Trd, 000135.000, 150
Trd, 000135.783, 158.0
Trd, 000136.100, 155.0
Trd, 000136.667, 155
Trd, 000136.933, 157
Trd, 000138.367, 157
Trd, 000138.633, 156
Trd, 000138.800, 155.0
Trd, 000138.883, 154
Trd, 000139.433, 152
Trd, 000139.550, 144.0
Trd, 000139.917, 157
Trd, 000140.567, 137
Trd, 000140.950, 158
Trd, 000143.033, 139.0
Trd, 000143.233, 141.0
Trd, 000143.933, 139
Trd, 000143.967, 147
Trd, 000144.400, 139
Trd, 000144.567, 144
Trd, 000145.100, 144
Trd, 000145.800, 144
Trd, 000147.300, 151.0
Trd, 000147.917, 158.0
Trd, 000148.367, 161
Trd, 000148.600, 158.0
Trd, 000149.867, 157
Trd, 000149.967, 156
Trd, 000150.283, 157
Trd, 000150.883, 157
Trd, 000151.650, 156
Trd, 000151.900, 157
Trd, 000151.933, 156
Trd, 000152.150, 156
Trd, 000152.850, 158
Trd, 000153.050, 155.0
Trd, 000153.583, 152
Trd, 000154.900, 180
Trd, 000154.933, 173.0
Trd, 000155.000, 173
Trd, 000155.950, 172.0
Trd, 000156.450, 167
Trd, 000156.500, 165
Trd, 000157.367, 164
Trd, 000157.400, 166
Trd, 000157.500, 155.0
Trd, 000158.300, 158.0
Trd, 000158.467, 157
Trd, 000158.517, 147
Trd, 000159.217, 145.0
Trd, 000159.267, 158
Trd, 000160.033, 151.0
Trd, 000161.067, 154
Trd, 000161.800, 152
Trd, 000161.817, 147.0
Trd, 000163.833, 153
Trd, 000163.883, 151.0
Trd, 000164.683, 148
Trd, 000165.283, 148
Trd, 000166.050, 151
Trd, 000167.517, 150
Trd, 000167.533, 147
Trd, 000167.583, 146
Trd, 000167.733, 151
Trd, 000168.800, 148
Trd, 000169.417, 141.0
Trd, 000169.533, 142
Trd, 000169.900, 140
Trd, 000170.050, 148
Trd, 000170.983, 148
Trd, 000171.283, 151.0
Trd, 000173.167, 146
Trd, 000173.633, 149
Trd, 000173.783, 149
Trd, 000173.900, 147
Trd, 000174.633, 150
Trd, 000174.667, 146
Trd, 000174.883, 136
Trd, 000176.617, 156
Trd, 000176.867, 155.0
Trd, 000176.950, 153
Trd, 000177.133, 163
Trd, 000177.583, 165
Trd, 000177.967, 155
Trd, 000178.283, 155
Trd, 000178.683, 165
Trd, 000180.017, 159
Trd, 000180.700, 158
Trd, 000180.733, 158.0
Trd, 000182.950, 159
Trd, 000182.967, 158.0
Trd, 000183.383, 159
Trd, 000183.450, 158
Trd, 000183.550, 156
Trd, 000184.333, 158
Trd, 000184.767, 158
Trd, 000185.083, 156
Trd, 000185.650, 154
Trd, 000186.267, 151.0
Trd, 000186.783, 146
Trd, 000187.867, 153
Trd, 000188.950, 153
Trd, 000189.183, 148
Trd, 000189.233, 153
Trd, 000189.517, 154
Trd, 000190.017, 151
Trd, 000191.000, 151
Trd, 000191.017, 150
Trd, 000191.483, 149
Trd, 000191.783, 151.0
Trd, 000192.133, 150
Trd, 000193.233, 150
Trd, 000193.333, 152
Trd, 000193.567, 158.0
Trd, 000194.017, 152
Trd, 000194.317, 151
Trd, 000194.367, 149
Trd, 000194.800, 150
Trd, 000194.883, 144.0
Trd, 000196.933, 155
Trd, 000197.017, 151
Trd, 000197.300, 151.0
Trd, 000197.717, 150
Trd, 000198.550, 150
Trd, 000199.517, 149
Trd, 000199.733, 154
Trd, 000200.650, 147
Trd, 000200.867, 153
Trd, 000201.300, 153
Trd, 000201.317, 146
Trd, 000202.617, 153
Trd, 000202.717, 153
Trd, 000203.300, 147
Trd, 000203.983, 157.0
Trd, 000204.150, 154
Trd, 000205.267, 148
Trd, 000205.700, 157
Trd, 000205.967, 155.0
Trd, 000207.250, 155
Trd, 000207.417, 156
Trd, 000207.433, 155
Trd, 000207.467, 153
Trd, 000207.733, 150
Trd, 000209.000, 148
Trd, 000209.733, 148
Trd, 000210.267, 147
Trd, 000210.450, 146
Trd, 000210.750, 147
Trd, 000211.100, 148
Trd, 000211.667, 156
Trd, 000212.533, 160
Trd, 000213.217, 158.0
Trd, 000213.300, 158
Trd, 000213.367, 163
Trd, 000213.467, 164
Trd, 000213.667, 155
Trd, 000214.050, 156.0
Trd, 000214.683, 155.0
Trd, 000215.017, 151
Trd, 000215.533, 153
Trd, 000216.133, 150
Trd, 000217.317, 155
Trd, 000217.900, 158
Trd, 000217.917, 161
Trd, 000218.083, 161
Trd, 000218.783, 155
Trd, 000218.900, 153
Trd, 000220.383, 157
Trd, 000221.867, 158
Trd, 000222.817, 158.0
Trd, 000223.333, 156
Trd, 000223.367, 159
Trd, 000223.567, 156
Trd, 000223.967, 165
Trd, 000224.850, 159
Trd, 000226.800, 158
Trd, 000227.483, 157
Trd, 000227.700, 157
Trd, 000228.133, 156
Trd, 000228.183, 157
Trd, 000228.767, 155.0
Trd, 000229.167, 158
Trd, 000229.450, 153
Trd, 000230.567, 155
Trd, 000231.050, 154
Trd, 000232.033, 154
Trd, 000233.017, 153
Trd, 000233.417, 152
Trd, 000233.483, 154
Trd, 000234.200, 156.0
Trd, 000234.450, 155
Trd, 000234.600, 158.0
Trd, 000234.767, 155
Trd, 000236.167, 155.0
Trd, 000236.200, 153
Trd, 000237.233, 157
Trd, 000237.567, 157
Trd, 000237.667, 154
Trd, 000238.700, 157
Trd, 000239.183, 157
Trd, 000239.267, 156.0
Trd, 000239.550, 158.0
Trd, 000239.733, 155.0
Trd, 000239.850, 158
Trd, 000240.583, 163
Trd, 000240.900, 165
Trd, 000240.983, 155
Trd, 000241.983, 157
Trd, 000242.333, 157
Trd, 000243.150, 158
Trd, 000243.183, 157
Trd, 000243.200, 155.0
Trd, 000243.750, 155
Trd, 000244.417, 145.0
Trd, 000245.333, 152
Trd, 000245.350, 144.0
Trd, 000246.050, 154
Trd, 000246.300, 141.0
Trd, 000246.350, 154
Trd, 000247.567, 145
Trd, 000247.767, 155
Trd, 000247.883, 151.0
Trd, 000248.367, 144
Trd, 000248.767, 137
Trd, 000249.467, 147
Trd, 000250.033, 145
Trd, 000250.067, 144
Trd, 000250.683, 145
Trd, 000250.767, 148
Trd, 000251.633, 146
Trd, 000252.267, 146
Trd, 000252.367, 143
Trd, 000252.850, 148
Trd, 000253.217, 149
Trd, 000253.233, 146
Trd, 000254.317, 150
Trd, 000254.667, 147.0
Trd, 000255.617, 148.0
Trd, 000255.717, 151.0
Trd, 000255.933, 148
Trd, 000256.400, 148
Trd, 000256.733, 165
Trd, 000258.450, 153
Trd, 000258.617, 155.0
Trd, 000258.733, 157
Trd, 000259.483, 154
Trd, 000259.717, 157
Trd, 000259.867, 155
Trd, 000259.967, 154
Trd, 000260.050, 158.0
Trd, 000260.417, 162
Trd, 000260.667, 155
Trd, 000260.700, 153
Trd, 000261.483, 153
Trd, 000261.867, 158.0
Trd, 000262.517, 144.0
Trd, 000262.883, 158
Trd, 000263.217, 145
Trd, 000263.400, 144
Trd, 000263.900, 142
Trd, 000264.400, 146
Trd, 000265.383, 147
Trd, 000265.833, 148
Trd, 000266.183, 149
Trd, 000266.983, 151.0
Trd, 000267.283, 151
Trd, 000267.767, 148
Trd, 000267.883, 147
Trd, 000268.600, 148
Trd, 000269.550, 147
Trd, 000269.600, 150
Trd, 000269.983, 145.0
Trd, 000270.717, 148
Trd, 000271.267, 147
Trd, 000271.350, 151.0
Trd, 000271.600, 144
Trd, 000271.967, 145
Trd, 000272.233, 151
Trd, 000272.350, 151
Trd, 000272.433, 158.0
Trd, 000272.467, 144.0
Trd, 000272.633, 154
Trd, 000272.667, 143
Trd, 000273.700, 165
Trd, 000273.833, 144
Trd, 000275.167, 154
Trd, 000275.283, 152
Trd, 000275.567, 153
Trd, 000276.200, 150
Trd, 000277.317, 151
Trd, 000278.300, 151.0
Trd, 000279.217, 150
Trd, 000279.350, 149
Trd, 000279.433, 147
Trd, 000279.567, 145
Trd, 000279.650, 145
Trd, 000279.950, 144
Trd, 000280.167, 151
Trd, 000280.217, 152
Trd, 000280.517, 150
Trd, 000280.900, 145
Trd, 000283.533, 141.0
Trd, 000284.050, 140
Trd, 000284.217, 149
Trd, 000284.417, 137
Trd, 000284.600, 144.0
Trd, 000285.250, 151.0
Trd, 000285.417, 150
Trd, 000285.550, 149
Trd, 000285.783, 149
Trd, 000286.183, 150
Trd, 000286.617, 157.0
Trd, 000287.733, 151
Trd, 000288.233, 158.0
Trd, 000289.133, 152
Trd, 000289.483, 150
Trd, 000289.900, 160
Trd, 000290.167, 150.0
Trd, 000290.217, 151.0
Trd, 000290.917, 153
Trd, 000291.217, 154
Trd, 000291.667, 151
Trd, 000291.733, 150
Trd, 000291.983, 158.0
Trd, 000292.133, 150
Trd, 000293.033, 162
Trd, 000293.750, 163
Trd, 000293.767, 162
Trd, 000294.017, 162
Trd, 000295.133, 161.0
Trd, 000295.233, 162
Trd, 000295.733, 158.0
Trd, 000296.433, 157
Trd, 000296.633, 155.0
Trd, 000296.900, 160
Trd, 000297.483, 159
Trd, 000297.850, 158
Trd, 000298.633, 156
Trd, 000299.133, 159
Trd, 000299.200, 141.0
