Trd, 000002.050, 179
Trd, 000002.583, 193.0
Trd, 000003.017, 164.0
Trd, 000004.217, 172.0
Trd, 000004.467, 162.0
Trd, 000005.483, 171
Trd, 000005.800, 157
Trd, 000005.933, 153
Trd, 000006.183, 171
Trd, 000006.200, 152.0
Trd, 000006.917, 151.0
Trd, 000007.083, 145
Trd, 000007.583, 149
Trd, 000007.883, 145
Trd, 000009.050, 150
Trd, 000009.233, 151.0
Trd, 000009.433, 147
Trd, 000009.650, 143
Trd, 000010.567, 149
Trd, 000011.100, 153
Trd, 000011.533, 155
Trd, 000011.917, 141
Trd, 000012.467, 159
Trd, 000012.567, 140
Trd, 000012.583, 160
Trd, 000013.283, 147
Trd, 000013.917, 151.0
Trd, 000014.317, 160
Trd, 000014.367, 162
Trd, 000014.400, 165
Trd, 000015.117, 143
Trd, 000015.500, 152
Trd, 000016.050, 150
Trd, 000016.333, 148
Trd, 000016.633, 154
Trd, 000016.950, 148
Trd, 000017.967, 154
Trd, 000018.417, 148
Trd, 000020.433, 150
Trd, 000020.717, 151
Trd, 000020.950, 152
Trd, 000022.650, 150
Trd, 000022.867, 151
Trd, 000023.383, 149
Trd, 000024.283, 148.0
Trd, 000025.017, 147
Trd, 000025.250, 147
Trd, 000025.950, 146
Trd, 000025.967, 148
Trd, 000026.167, 145
Trd, 000026.683, 148
Trd, 000027.233, 148
Trd, 000027.917, 151.0
Trd, 000028.067, 140
Trd, 000028.083, 162
Trd, 000029.783, 142.0
Trd, 000030.833, 151
Trd, 000031.833, 151
Trd, 000031.850, 142.0
Trd, 000031.900, 152
Trd, 000032.483, 149.0
Trd, 000032.617, 154
Trd, 000032.733, 151.0
Trd, 000032.817, 148
Trd, 000033.783, 155
Trd, 000035.383, 148.0
Trd, 000035.850, 159
Trd, 000035.867, 149
Trd, 000037.867, 154
Trd, 000038.133, 148
Trd, 000038.217, 154
Trd, 000038.233, 157
Trd, 000038.383, 148.0
Trd, 000038.650, 147
Trd, 000039.750, 152
Trd, 000039.783, 146
Trd, 000039.800, 145
Trd, 000039.917, 151.0
Trd, 000040.850, 153
Trd, 000041.133, 155
Trd, 000041.450, 149
Trd, 000041.600, 162
Trd, 000042.050, 165
Trd, 000042.217, 163
Trd, 000042.933, 163.0
Trd, 000043.450, 164
Trd, 000043.850, 163.0
Trd, 000044.150, 162.0
Trd, 000044.767, 169
Trd, 000044.917, 151.0
Trd, 000045.150, 143
Trd, 000047.500, 162.0
Trd, 000047.517, 155
Trd, 000048.267, 157
Trd, 000048.383, 151.0
Trd, 000049.717, 154
Trd, 000050.167, 153
Trd, 000050.233, 152
Trd, 000050.583, 154
Trd, 000051.167, 149.0
Trd, 000051.283, 143
Trd, 000051.367, 165
Trd, 000051.483, 172.0
Trd, 000051.533, 140
Trd, 000052.167, 151.0
Trd, 000053.050, 155
Trd, 000053.983, 153
Trd, 000054.067, 143
Trd, 000055.183, 148
Trd, 000055.583, 150
Trd, 000055.817, 148
Trd, 000056.367, 148
Trd, 000056.850, 148
Trd, 000057.283, 140
Trd, 000057.983, 143
Trd, 000058.317, 148
Trd, 000058.683, 149
Trd, 000059.117, 155
Trd, 000059.283, 144
Trd, 000060.783, 153
Trd, 000060.800, 154
Trd, 000060.817, 162
Trd, 000060.900, 165
Trd, 000061.467, 159
Trd, 000062.133, 147
Trd, 000062.217, 165
Trd, 000063.150, 147
Trd, 000064.950, 149
Trd, 000065.100, 149
Trd, 000065.233, 150
Trd, 000065.300, 147
Trd, 000065.633, 150.0
Trd, 000065.817, 150.0
Trd, 000066.267, 151.0
Trd, 000066.450, 162
Trd, 000066.550, 186.0
Trd, 000067.033, 162.0
Trd, 000068.417, 158
Trd, 000068.950, 161
Trd, 000069.167, 158
Trd, 000070.000, 162
Trd, 000071.000, 155
Trd, 000071.450, 155
Trd, 000071.817, 160
Trd, 000072.483, 158
Trd, 000073.117, 157
Trd, 000073.217, 156
Trd, 000073.483, 148.0
Trd, 000073.567, 143
Trd, 000073.983, 151.0
Trd, 000075.550, 151
Trd, 000076.167, 152
Trd, 000076.433, 153
Trd, 000076.483, 156
Trd, 000076.883, 151
Trd, 000077.583, 156
Trd, 000077.967, 150
Trd, 000078.867, 143
Trd, 000079.117, 155
Trd, 000079.317, 156
Trd, 000079.650, 147
Trd, 000081.017, 155
Trd, 000081.350, 154.0
Trd, 000081.433, 151.0
Trd, 000081.867, 140
Trd, 000082.083, 140
Trd, 000082.233, 141
Trd, 000082.500, 161
Trd, 000082.867, 151.0
Trd, 000084.000, 148
Trd, 000084.117, 155
Trd, 000084.683, 156
Trd, 000085.117, 154
Trd, 000086.033, 151
Trd, 000086.083, 153
Trd, 000087.183, 151.0
Trd, 000087.233, 150
Trd, 000087.817, 152
Trd, 000088.233, 150
Trd, 000088.317, 148.0
Trd, 000088.633, 147
Trd, 000088.917, 155
Trd, 000090.650, 151
Trd, 000090.800, 153
Trd, 000092.183, 153
Trd, 000092.567, 153
Trd, 000093.017, 152
Trd, 000093.100, 153
Trd, 000093.233, 152
Trd, 000093.867, 155
Trd, 000094.183, 151
Trd, 000094.850, 150
Trd, 000094.900, 148.0
Trd, 000095.483, 153
Trd, 000095.800, 144
Trd, 000095.917, 154
Trd, 000096.550, 154
Trd, 000097.317, 151.0
Trd, 000097.983, 150.0
Trd, 000098.000, 145
Trd, 000098.783, 151.0
Trd, 000098.867, 151
Trd, 000098.983, 156
Trd, 000099.233, 148
Trd, 000099.717, 147
Trd, 000099.750, 155
Trd, 000099.867, 159
Trd, 000100.733, 145
Trd, 000102.633, 148
Trd, 000103.117, 147
Trd, 000103.900, 144
Trd, 000104.267, 143
Trd, 000104.867, 141.0
Trd, 000105.283, 145
Trd, 000105.350, 148
Trd, 000105.417, 151.0
Trd, 000105.533, 140
Trd, 000105.667, 155
Trd, 000105.750, 162
Trd, 000106.317, 165
Trd, 000108.333, 155
Trd, 000108.633, 154
Trd, 000109.400, 155
Trd, 000109.417, 157
Trd, 000109.617, 157
Trd, 000110.100, 152.0
Trd, 000110.433, 172.0
Trd, 000111.300, 170
Trd, 000112.033, 172.0
Trd, 000112.850, 165
Trd, 000113.233, 151.0
Trd, 000113.933, 148.0
Trd, 000114.467, 153
Trd, 000114.933, 157
Trd, 000114.950, 143
Trd, 000115.367, 156
Trd, 000115.550, 155
Trd, 000115.800, 157
Trd, 000115.850, 154
Trd, 000116.100, 162
Trd, 000116.267, 142
Trd, 000116.733, 149
Trd, 000117.700, 141.0
Trd, 000118.200, 142.0
Trd, 000118.800, 144.0
Trd, 000119.183, 150.0
Trd, 000119.250, 151.0
Trd, 000119.317, 140
Trd, 000120.400, 150
Trd, 000120.567, 142
Trd, 000120.800, 155
Trd, 000120.983, 162
Trd, 000121.133, 165
Trd, 000121.350, 141
Trd, 000121.533, 162.0
Trd, 000121.983, 186.0
Trd, 000124.350, 158
Trd, 000125.317, 158
Trd, 000125.600, 157
Trd, 000125.950, 156
Trd, 000126.033, 158
Trd, 000126.667, 157
Trd, 000127.567, 156
Trd, 000128.317, 151.0
Trd, 000128.900, 148.0
Trd, 000129.067, 153
Trd, 000130.083, 154
Trd, 000130.633, 152
Trd, 000131.700, 151
Trd, 000131.767, 152
Trd, 000131.933, 153
Trd, 000132.417, 154
Trd, 000132.850, 165
Trd, 000135.450, 152
Trd, 000136.233, 153
Trd, 000136.417, 152
Trd, 000136.583, 151.0
Trd, 000136.800, 150
Trd, 000136.900, 149
Trd, 000137.217, 151
Trd, 000137.367, 143
Trd, 000137.517, 154
Trd, 000137.533, 155
Trd, 000138.100, 165
Trd, 000138.167, 162.0
Trd, 000139.000, 161
Trd, 000139.417, 162
Trd, 000139.517, 158
Trd, 000140.650, 156
Trd, 000142.083, 161
Trd, 000142.117, 155.0
Trd, 000143.367, 157.0
Trd, 000143.450, 159
Trd, 000144.267, 162
Trd, 000144.883, 156.0
Trd, 000145.483, 154
Trd, 000145.717, 162.0
Trd, 000145.950, 161
Trd, 000146.233, 151.0
Trd, 000146.650, 151
Trd, 000147.400, 154
Trd, 000147.850, 157
Trd, 000148.000, 152
Trd, 000148.033, 148.0
Trd, 000148.067, 160
Trd, 000148.833, 160
Trd, 000150.567, 154
Trd, 000151.300, 162.0
Trd, 000151.367, 155
Trd, 000152.150, 148.0
Trd, 000152.283, 160
Trd, 000152.367, 161
Trd, 000154.100, 161
Trd, 000154.817, 156
Trd, 000155.717, 157
Trd, 000155.950, 156
Trd, 000156.500, 158
Trd, 000157.000, 159
Trd, 000158.500, 155
Trd, 000158.600, 158
Trd, 000159.200, 159
Trd, 000159.333, 149
Trd, 000159.617, 160
Trd, 000159.983, 152
Trd, 000160.017, 148.0
Trd, 000160.417, 152
Trd, 000161.250, 158
Trd, 000162.633, 152
Trd, 000162.967, 151.0
Trd, 000163.183, 152
Trd, 000163.867, 152
Trd, 000164.000, 151
Trd, 000164.167, 155
Trd, 000165.517, 152.0
Trd, 000165.900, 151.0
Trd, 000166.483, 151
Trd, 000166.650, 148.0
Trd, 000167.617, 140
Trd, 000168.033, 141
Trd, 000168.117, 140
Trd, 000168.533, 151
Trd, 000168.733, 153
Trd, 000168.783, 153
Trd, 000168.900, 159
Trd, 000169.217, 151.0
Trd, 000170.933, 156
Trd, 000171.200, 162.0
Trd, 000171.783, 170
Trd, 000172.050, 163
Trd, 000172.250, 164
Trd, 000173.433, 168
Trd, 000173.717, 167
Trd, 000173.767, 148.0
Trd, 000173.917, 143
Trd, 000174.000, 144
Trd, 000174.950, 141
Trd, 000175.317, 148
Trd, 000175.333, 149
Trd, 000175.917, 149
Trd, 000176.383, 151.0
Trd, 000176.833, 172.0
Trd, 000177.833, 166
Trd, 000178.050, 163.0
Trd, 000179.333, 163.0
Trd, 000179.917, 178
Trd, 000180.317, 169
Trd, 000180.583, 181.0
Trd, 000180.717, 171
Trd, 000180.850, 162.0
Trd, 000181.333, 151.0
Trd, 000182.067, 149.0
Trd, 000182.150, 148.0
Trd, 000183.400, 146
Trd, 000183.450, 149
Trd, 000183.667, 144
Trd, 000183.717, 143
Trd, 000184.233, 149
Trd, 000184.617, 151.0
Trd, 000185.183, 143
Trd, 000186.350, 155
Trd, 000186.367, 151.0
Trd, 000187.483, 148
Trd, 000187.533, 154
Trd, 000187.867, 156
Trd, 000187.917, 162
Trd, 000188.533, 150.0
Trd, 000188.967, 151.0
Trd, 000189.367, 156
Trd, 000189.767, 157
Trd, 000191.550, 152
Trd, 000191.667, 151
Trd, 000192.550, 151.0
Trd, 000192.750, 152
Trd, 000193.183, 150
Trd, 000193.217, 154
Trd, 000193.600, 148.0
Trd, 000194.333, 141.0
Trd, 000195.033, 141
Trd, 000195.550, 158
Trd, 000195.983, 141
Trd, 000196.217, 140
Trd, 000196.417, 155
Trd, 000196.550, 156
Trd, 000197.317, 158
Trd, 000197.950, 157
Trd, 000198.367, 147
Trd, 000198.550, 158
Trd, 000200.167, 150
Trd, 000200.300, 153
Trd, 000200.750, 151.0
Trd, 000200.917, 154
Trd, 000201.250, 151
Trd, 000201.850, 154
Trd, 000201.917, 156
Trd, 000202.617, 153
Trd, 000202.950, 153
Trd, 000203.217, 151
Trd, 000203.400, 153
Trd, 000204.333, 149
Trd, 000204.517, 148.0
Trd, 000204.533, 149
Trd, 000205.400, 148
Trd, 000205.617, 146
Trd, 000205.967, 155
Trd, 000206.733, 151.0
Trd, 000207.083, 162
Trd, 000207.367, 165
Trd, 000207.783, 169
Trd, 000207.983, 148
Trd, 000209.667, 161
Trd, 000210.050, 150
Trd, 000210.400, 148
Trd, 000210.583, 148.0
Trd, 000211.100, 148
Trd, 000211.483, 147
Trd, 000211.550, 149
Trd, 000212.250, 143
Trd, 000212.400, 151.0
Trd, 000212.650, 151
Trd, 000213.483, 155
Trd, 000214.783, 151.0
Trd, 000215.600, 151
Trd, 000215.900, 149
Trd, 000216.283, 149
Trd, 000216.317, 150
Trd, 000217.267, 149
Trd, 000217.617, 148.0
Trd, 000217.850, 149.0
Trd, 000218.200, 151.0
Trd, 000218.233, 151
Trd, 000218.467, 155
Trd, 000218.883, 143
Trd, 000219.083, 123
Trd, 000220.250, 151.0
Trd, 000220.583, 149.0
Trd, 000220.750, 149.0
Trd, 000220.833, 148.0
Trd, 000221.067, 155
Trd, 000221.333, 162
Trd, 000222.250, 143
Trd, 000222.617, 145
Trd, 000223.133, 164
Trd, 000223.817, 151.0
Trd, 000224.817, 149
Trd, 000225.667, 151.0
Trd, 000226.167, 148.0
Trd, 000226.300, 152
Trd, 000226.400, 152
Trd, 000226.550, 140
Trd, 000227.017, 145
Trd, 000227.967, 155
Trd, 000228.717, 151.0
Trd, 000229.333, 150
Trd, 000230.233, 153
Trd, 000230.533, 158
Trd, 000230.633, 147
Trd, 000231.150, 147
Trd, 000232.617, 150
Trd, 000232.800, 149
Trd, 000233.100, 150
Trd, 000233.250, 151.0
Trd, 000233.317, 149
Trd, 000233.867, 148.0
Trd, 000234.900, 155
Trd, 000235.267, 151.0
Trd, 000235.567, 152
Trd, 000235.650, 146
Trd, 000236.133, 143
Trd, 000237.600, 152
Trd, 000238.967, 151
Trd, 000239.300, 155
Trd, 000240.367, 162
Trd, 000240.417, 147
Trd, 000240.800, 146
Trd, 000241.267, 162
Trd, 000241.733, 161
Trd, 000241.750, 154
Trd, 000242.333, 162.0
Trd, 000242.967, 159
Trd, 000243.000, 160
Trd, 000243.600, 158
Trd, 000243.833, 158
Trd, 000244.483, 154.0
Trd, 000244.650, 151.0
Trd, 000244.833, 152
Trd, 000245.917, 153
Trd, 000246.067, 151.0
Trd, 000246.233, 143
Trd, 000246.267, 140
Trd, 000246.700, 153
Trd, 000246.967, 155
Trd, 000247.050, 143
Trd, 000247.150, 142
Trd, 000249.317, 148
Trd, 000249.333, 156
Trd, 000249.917, 146
Trd, 000250.450, 149
Trd, 000251.233, 151.0
Trd, 000251.267, 154
Trd, 000251.433, 155
Trd, 000252.250, 148.0
Trd, 000253.017, 147
Trd, 000253.283, 142
Trd, 000253.550, 141
Trd, 000253.583, 151
Trd, 000254.367, 151.0
Trd, 000254.650, 148
Trd, 000255.483, 146
Trd, 000256.167, 146
Trd, 000256.183, 143
Trd, 000256.400, 144
Trd, 000256.600, 146
Trd, 000256.817, 148
Trd, 000256.850, 151.0
Trd, 000257.633, 155
Trd, 000258.000, 160
Trd, 000258.083, 148
Trd, 000258.233, 143
Trd, 000258.550, 157
Trd, 000258.800, 142
Trd, 000258.967, 160
Trd, 000261.033, 151.0
Trd, 000261.300, 151
Trd, 000261.717, 155
Trd, 000262.733, 157
Trd, 000263.400, 157
Trd, 000263.417, 158
Trd, 000264.117, 152
Trd, 000264.517, 153
Trd, 000264.783, 151.0
Trd, 000264.900, 143
Trd, 000265.317, 146
Trd, 000265.550, 146
Trd, 000266.517, 147
Trd, 000266.883, 146
Trd, 000267.167, 140
Trd, 000267.383, 141
Trd, 000267.400, 151
Trd, 000267.917, 152
Trd, 000267.933, 155
Trd, 000268.300, 156
Trd, 000269.117, 154.0
Trd, 000269.250, 161
Trd, 000269.600, 162.0
Trd, 000270.633, 158
Trd, 000271.600, 160
Trd, 000272.567, 157
Trd, 000272.600, 151.0
Trd, 000273.117, 151
Trd, 000273.483, 149
Trd, 000273.617, 151
Trd, 000273.700, 148.0
Trd, 000273.833, 146
Trd, 000274.833, 150
Trd, 000275.667, 152
Trd, 000275.717, 150
Trd, 000277.733, 149
Trd, 000278.317, 152
Trd, 000278.517, 142
Trd, 000278.600, 154
Trd, 000278.933, 148
Trd, 000279.267, 149
Trd, 000280.183, 141
Trd, 000280.383, 144
Trd, 000281.017, 151.0
Trd, 000281.350, 155
Trd, 000281.367, 142
Trd, 000281.967, 161
Trd, 000282.583, 141
Trd, 000283.550, 154
Trd, 000283.633, 155
Trd, 000284.167, 156
Trd, 000284.433, 157
Trd, 000284.967, 155
Trd, 000285.117, 151.0
Trd, 000286.017, 151
Trd, 000286.183, 152
Trd, 000286.450, 149
Trd, 000286.517, 140
Trd, 000287.317, 142
Trd, 000287.367, 146
Trd, 000288.600, 140
Trd, 000288.650, 148.0
Trd, 000288.700, 151.0
Trd, 000289.233, 137.0
Trd, 000289.850, 141.0
Trd, 000290.317, 150
Trd, 000291.200, 156
Trd, 000291.383, 144
Trd, 000291.467, 155
Trd, 000292.400, 152.0
Trd, 000293.833, 152
Trd, 000294.283, 152.0
Trd, 000294.300, 151.0
Trd, 000294.400, 152
Trd, 000295.350, 152
Trd, 000295.500, 152
Trd, 000295.517, 153
Trd, 000295.550, 155
Trd, 000296.183, 150
Trd, 000296.317, 155
Trd, 000297.250, 162
Trd, 000297.650, 149.0
Trd, 000298.050, 165
Trd, 000298.517, 162
Trd, 000299.067, 157
Trd, 000299.333, 155
Trd, 000299.883, 154
