Trd, 000002.883, 176
Trd, 000003.500, 174
Trd, 000003.700, 173
Trd, 000004.300, 172.0
Trd, 000004.933, 168.0
Trd, 000005.350, 159
Trd, 000005.433, 144.0
Trd, 000006.200, 170
Trd, 000006.300, 142
Trd, 000006.917, 143
Trd, 000009.383, 158
Trd, 000009.550, 152
Trd, 000009.933, 156
Trd, 000010.200, 156
Trd, 000010.767, 154
Trd, 000010.833, 152
Trd, 000010.883, 151
Trd, 000010.917, 151
Trd, 000011.617, 150
Trd, 000012.117, 153
Trd, 000014.417, 153
Trd, 000014.567, 152
Trd, 000014.983, 153
Trd, 000015.017, 154
Trd, 000015.100, 155
Trd, 000015.150, 150
Trd, 000015.383, 154.0
Trd, 000016.133, 152
Trd, 000016.900, 149
Trd, 000016.917, 177
Trd, 000018.467, 167
Trd, 000019.083, 164
Trd, 000019.217, 156
Trd, 000019.567, 157
Trd, 000020.283, 160
Trd, 000021.483, 159
Trd, 000021.667, 158
Trd, 000022.017, 156
Trd, 000023.383, 154
Trd, 000023.700, 153
Trd, 000023.933, 154
Trd, 000024.117, 153
Trd, 000024.300, 155
Trd, 000024.317, 151
Trd, 000024.633, 150
Trd, 000025.033, 167
Trd, 000025.333, 163
Trd, 000025.767, 150
Trd, 000026.050, 161
Trd, 000026.317, 145.0
Trd, 000027.100, 116
Trd, 000028.217, 150
Trd, 000029.100, 147
Trd, 000029.200, 146
Trd, 000030.000, 147
Trd, 000030.050, 148
Trd, 000030.833, 147
Trd, 000031.067, 147
Trd, 000031.250, 149
Trd, 000031.433, 150.0
Trd, 000032.000, 148
Trd, 000032.217, 147
Trd, 000032.650, 147
Trd, 000033.700, 146.0
Trd, 000034.150, 144.0
Trd, 000034.483, 148
Trd, 000034.750, 146
Trd, 000035.367, 145
Trd, 000036.283, 143
Trd, 000036.650, 147
Trd, 000037.783, 145.0
Trd, 000039.233, 148
Trd, 000039.283, 147
Trd, 000040.000, 149
Trd, 000040.250, 155.0
Trd, 000041.167, 156
Trd, 000041.333, 151
Trd, 000041.550, 155
Trd, 000042.517, 154
Trd, 000042.733, 147
Trd, 000043.017, 155
Trd, 000043.150, 150
Trd, 000043.233, 145.0
Trd, 000044.300, 155
Trd, 000044.500, 144.0
Trd, 000045.183, 155
Trd, 000045.667, 144
Trd, 000045.917, 144.0
Trd, 000045.983, 154
Trd, 000046.483, 157
Trd, 000048.017, 146
Trd, 000049.100, 148
Trd, 000049.233, 150
Trd, 000049.733, 148
Trd, 000050.150, 149
Trd, 000050.317, 150
Trd, 000050.950, 149
Trd, 000051.400, 147
Trd, 000051.567, 146
Trd, 000051.867, 145
Trd, 000051.950, 147.0
Trd, 000052.667, 144.0
Trd, 000053.450, 152.0
Trd, 000053.733, 146
Trd, 000054.150, 144
Trd, 000054.350, 147
Trd, 000055.833, 146
Trd, 000056.217, 146
Trd, 000056.250, 147
Trd, 000056.333, 145
Trd, 000056.683, 148
Trd, 000058.517, 146
Trd, 000059.617, 146
Trd, 000059.750, 147
Trd, 000059.983, 144
Trd, 000060.000, 147
Trd, 000060.733, 145
Trd, 000060.900, 146.0
Trd, 000061.250, 147
Trd, 000061.800, 145
Trd, 000062.733, 147
Trd, 000063.950, 147
Trd, 000064.200, 146.0
Trd, 000064.383, 144.0
Trd, 000064.700, 149
Trd, 000064.733, 155.0
Trd, 000065.183, 148
Trd, 000065.750, 168
Trd, 000066.317, 150
Trd, 000066.533, 148
Trd, 000066.767, 149
Trd, 000067.983, 147
Trd, 000068.133, 146
Trd, 000068.600, 147
Trd, 000069.450, 151.0
Trd, 000070.200, 153
Trd, 000070.367, 151
Trd, 000070.517, 149
Trd, 000071.133, 151
Trd, 000071.717, 148
Trd, 000071.883, 147
Trd, 000071.983, 146
Trd, 000072.550, 149
Trd, 000074.167, 165
Trd, 000074.517, 159.0
Trd, 000075.117, 159
Trd, 000075.183, 158.0
Trd, 000075.517, 159
Trd, 000076.217, 163
Trd, 000076.333, 160
Trd, 000076.867, 158
Trd, 000077.467, 165
Trd, 000078.217, 158
Trd, 000078.500, 157
Trd, 000079.567, 130
Trd, 000079.633, 129
Trd, 000080.650, 133
Trd, 000080.833, 141.0
Trd, 000082.383, 147
Trd, 000082.933, 145
Trd, 000083.000, 144
Trd, 000083.317, 145
Trd, 000083.717, 146
Trd, 000083.767, 145
Trd, 000084.250, 144
Trd, 000084.850, 146
Trd, 000085.700, 146
Trd, 000086.583, 145
Trd, 000086.600, 144
Trd, 000087.117, 147
Trd, 000087.433, 149
Trd, 000087.583, 145
Trd, 000088.367, 144
Trd, 000089.017, 149
Trd, 000090.500, 152.0
Trd, 000090.783, 151
Trd, 000090.883, 150
Trd, 000090.933, 150
Trd, 000091.350, 149
Trd, 000091.417, 152.0
Trd, 000091.500, 149
Trd, 000092.383, 148
Trd, 000092.417, 144.0
Trd, 000093.067, 152
Trd, 000093.317, 155.0
Trd, 000095.283, 151
Trd, 000095.750, 152
Trd, 000096.100, 162
Trd, 000097.000, 159
Trd, 000097.400, 157
Trd, 000098.167, 155
Trd, 000098.433, 156
Trd, 000098.933, 156
Trd, 000099.250, 155
Trd, 000099.833, 155
Trd, 000100.300, 154
Trd, 000100.450, 154
Trd, 000101.383, 152
Trd, 000101.667, 149
Trd, 000102.067, 144.0
Trd, 000102.883, 153.0
Trd, 000103.683, 137
Trd, 000104.400, 137
Trd, 000104.433, 134
Trd, 000104.467, 133
Trd, 000105.500, 135
Trd, 000106.033, 137
Trd, 000106.217, 137
Trd, 000107.067, 141.0
Trd, 000107.850, 144.0
Trd, 000108.167, 148
Trd, 000108.417, 151.0
Trd, 000108.683, 148
Trd, 000109.283, 148
Trd, 000110.233, 150
Trd, 000110.250, 147
Trd, 000110.633, 147
Trd, 000111.667, 147
Trd, 000111.683, 148
Trd, 000112.367, 147.0
Trd, 000113.083, 148
Trd, 000113.450, 148
Trd, 000113.483, 145
Trd, 000113.783, 149
Trd, 000114.800, 146.0
Trd, 000115.900, 148
Trd, 000116.183, 148
Trd, 000116.217, 146.0
Trd, 000116.250, 144.0
Trd, 000116.267, 142
Trd, 000119.250, 148
Trd, 000119.467, 150.0
Trd, 000119.833, 144
Trd, 000120.267, 145.0
Trd, 000120.817, 145.0
Trd, 000121.250, 144.0
Trd, 000121.650, 144
Trd, 000121.900, 145
Trd, 000122.250, 144
Trd, 000122.483, 146
Trd, 000122.550, 144.0
Trd, 000123.017, 151.0
Trd, 000123.333, 144
Trd, 000123.383, 150
Trd, 000123.467, 142
Trd, 000124.250, 141
Trd, 000126.267, 142
Trd, 000126.867, 145
Trd, 000127.333, 144.0
Trd, 000127.517, 143
Trd, 000128.317, 144
Trd, 000128.850, 145
Trd, 000128.967, 144
Trd, 000129.700, 143
Trd, 000130.333, 145
Trd, 000130.600, 130
Trd, 000130.633, 148
Trd, 000130.750, 150.0
Trd, 000130.850, 136
Trd, 000131.150, 151.0
Trd, 000132.867, 145
Trd, 000132.933, 146
Trd, 000133.317, 144
Trd, 000134.167, 144
Trd, 000134.183, 143
Trd, 000134.200, 143
Trd, 000134.350, 141
Trd, 000135.333, 132
Trd, 000135.550, 141.0
Trd, 000136.900, 134
Trd, 000137.000, 151.0
Trd, 000137.417, 155.0
Trd, 000138.533, 140
Trd, 000139.017, 141.0
Trd, 000139.083, 140
Trd, 000139.150, 154
Trd, 000139.883, 167
Trd, 000140.567, 139
Trd, 000141.617, 141
Trd, 000141.917, 140
Trd, 000142.133, 139
Trd, 000142.267, 143
Trd, 000142.383, 144
Trd, 000144.650, 142
Trd, 000144.750, 141.0
Trd, 000144.850, 141
Trd, 000146.017, 141
Trd, 000146.050, 140
Trd, 000146.100, 140
Trd, 000147.450, 143
Trd, 000147.500, 141
Trd, 000147.833, 141
Trd, 000148.033, 140
Trd, 000148.667, 144
Trd, 000148.700, 155.0
Trd, 000148.917, 139
Trd, 000149.800, 164
Trd, 000150.150, 166
Trd, 000150.533, 161
Trd, 000151.367, 150
Trd, 000151.767, 166
Trd, 000151.783, 150
Trd, 000154.583, 158
Trd, 000154.900, 157
Trd, 000155.467, 156
Trd, 000155.800, 155
Trd, 000156.300, 153
Trd, 000156.583, 151
Trd, 000156.817, 152
Trd, 000156.950, 148
Trd, 000157.350, 144.0
Trd, 000160.133, 144
Trd, 000160.183, 148
Trd, 000160.417, 125
Trd, 000161.183, 148
Trd, 000161.433, 148
Trd, 000161.483, 151.0
Trd, 000161.900, 151
Trd, 000162.383, 143
Trd, 000162.450, 141
Trd, 000162.700, 141.0
Trd, 000163.367, 146
Trd, 000164.433, 146
Trd, 000164.767, 147
Trd, 000165.850, 146
Trd, 000165.917, 145
Trd, 000166.017, 146
Trd, 000166.417, 144
Trd, 000166.600, 149
Trd, 000167.883, 143
Trd, 000168.283, 148.0
Trd, 000168.383, 143
Trd, 000168.583, 144
Trd, 000169.350, 145
Trd, 000170.083, 145.0
Trd, 000170.583, 144.0
Trd, 000170.867, 145.0
Trd, 000171.800, 144
Trd, 000172.183, 143
Trd, 000172.250, 145
Trd, 000172.900, 145
Trd, 000173.250, 143
Trd, 000174.850, 144.0
Trd, 000174.867, 145
Trd, 000174.950, 144
Trd, 000175.567, 145
Trd, 000175.833, 145
Trd, 000176.583, 147
Trd, 000177.517, 145
Trd, 000177.783, 146
Trd, 000177.867, 149
Trd, 000178.000, 145
Trd, 000178.667, 147
Trd, 000179.150, 145
Trd, 000180.733, 144
Trd, 000180.750, 145
Trd, 000181.267, 144.0
Trd, 000181.400, 148
Trd, 000182.767, 144
Trd, 000183.400, 144
Trd, 000183.700, 146
Trd, 000184.050, 147
Trd, 000184.433, 148
Trd, 000184.917, 145
Trd, 000185.700, 144
Trd, 000186.933, 144
Trd, 000186.950, 143
Trd, 000187.167, 147
Trd, 000187.250, 141
Trd, 000188.233, 149
Trd, 000189.100, 140
Trd, 000189.917, 139
Trd, 000190.833, 140.0
Trd, 000191.067, 141.0
Trd, 000191.900, 142
Trd, 000192.017, 140
Trd, 000192.100, 144.0
Trd, 000192.833, 148
Trd, 000193.233, 145
Trd, 000193.733, 145
Trd, 000194.167, 144
Trd, 000194.300, 151.0
Trd, 000194.667, 145
Trd, 000195.167, 151
Trd, 000195.467, 168
Trd, 000197.200, 153
Trd, 000197.367, 153
Trd, 000197.383, 152
Trd, 000197.567, 151
Trd, 000198.167, 153
Trd, 000198.917, 152
Trd, 000198.983, 152
Trd, 000199.400, 152
Trd, 000199.883, 152
Trd, 000200.550, 151
Trd, 000200.567, 150
Trd, 000200.600, 153
Trd, 000201.000, 149
Trd, 000202.800, 150
Trd, 000203.667, 151
Trd, 000204.167, 151.0
Trd, 000204.250, 150
Trd, 000204.917, 150
Trd, 000205.483, 151
Trd, 000205.650, 148
Trd, 000205.867, 145
Trd, 000205.900, 154.0
Trd, 000205.917, 144.0
Trd, 000206.467, 142
Trd, 000206.800, 141
Trd, 000207.017, 133
Trd, 000207.133, 152
Trd, 000208.917, 140.0
Trd, 000209.600, 141.0
Trd, 000209.833, 142
Trd, 000210.233, 145
Trd, 000210.400, 125
Trd, 000211.717, 141
Trd, 000211.883, 141
Trd, 000212.900, 141
Trd, 000213.017, 139
Trd, 000213.667, 143
Trd, 000214.000, 142
Trd, 000214.167, 143.0
Trd, 000214.350, 143
Trd, 000214.833, 144.0
Trd, 000215.217, 151
Trd, 000215.933, 144
Trd, 000217.817, 146
Trd, 000218.067, 148
Trd, 000218.400, 147
Trd, 000219.250, 148
Trd, 000219.983, 151.0
Trd, 000220.783, 151
Trd, 000221.333, 153.0
Trd, 000221.383, 146
Trd, 000222.267, 149
Trd, 000222.967, 152
Trd, 000222.983, 149
Trd, 000223.267, 152.0
Trd, 000223.583, 150
Trd, 000223.917, 148
Trd, 000224.067, 153.0
Trd, 000225.083, 147
Trd, 000226.517, 147
Trd, 000227.433, 147
Trd, 000227.933, 146
Trd, 000228.117, 146
Trd, 000228.817, 145
Trd, 000228.967, 146
Trd, 000229.683, 145.0
Trd, 000229.750, 144.0
Trd, 000230.067, 145
Trd, 000230.500, 130
Trd, 000231.633, 140
Trd, 000231.817, 143
Trd, 000233.217, 143
Trd, 000233.350, 143
Trd, 000234.017, 148
Trd, 000234.417, 142
Trd, 000235.333, 141
Trd, 000235.883, 141.0
Trd, 000235.900, 144.0
Trd, 000236.017, 136
Trd, 000237.483, 140
Trd, 000238.350, 142
Trd, 000238.383, 141.0
Trd, 000238.817, 142
Trd, 000239.583, 147
Trd, 000240.133, 141
Trd, 000240.500, 141
Trd, 000241.150, 142
Trd, 000241.217, 142
Trd, 000241.317, 146
Trd, 000241.400, 138
Trd, 000241.717, 143
Trd, 000243.000, 141.0
Trd, 000243.267, 145
Trd, 000243.317, 144
Trd, 000243.383, 141.0
Trd, 000243.733, 147
Trd, 000244.250, 145
Trd, 000245.267, 148
Trd, 000245.450, 149.0
Trd, 000246.017, 149.0
Trd, 000246.283, 151.0
Trd, 000246.383, 147
Trd, 000246.817, 155.0
Trd, 000247.217, 148
Trd, 000247.467, 146
Trd, 000247.850, 144
Trd, 000248.017, 144.0
Trd, 000248.183, 144
Trd, 000249.267, 144
Trd, 000249.350, 145
Trd, 000249.433, 148
Trd, 000249.967, 146
Trd, 000250.533, 145
Trd, 000250.767, 145
Trd, 000251.467, 142.0
Trd, 000251.917, 142.0
Trd, 000252.717, 144
Trd, 000252.867, 145
Trd, 000253.550, 144.0
Trd, 000254.567, 149.0
Trd, 000254.633, 146
Trd, 000254.700, 147
Trd, 000255.333, 147.0
Trd, 000255.933, 147.0
Trd, 000256.633, 147.0
Trd, 000256.933, 147
Trd, 000257.000, 144
Trd, 000257.033, 149.0
Trd, 000257.117, 144.0
Trd, 000257.150, 144
Trd, 000257.333, 141.0
Trd, 000258.817, 150
Trd, 000259.000, 150.0
Trd, 000259.867, 145
Trd, 000260.217, 146
Trd, 000261.117, 146
Trd, 000261.217, 144
Trd, 000261.383, 146
Trd, 000261.500, 143
Trd, 000261.733, 142
Trd, 000262.400, 142
Trd, 000262.467, 141.0
Trd, 000262.783, 144
Trd, 000263.450, 148
Trd, 000263.617, 147
Trd, 000263.750, 151.0
Trd, 000264.283, 155.0
Trd, 000264.867, 152
Trd, 000265.500, 161
Trd, 000265.833, 163
Trd, 000266.267, 165.0
Trd, 000266.467, 163
Trd, 000266.967, 162
Trd, 000267.033, 161
Trd, 000267.117, 165
Trd, 000267.333, 158
Trd, 000268.150, 161
Trd, 000268.350, 161.0
Trd, 000268.533, 160.0
Trd, 000269.517, 159
Trd, 000269.833, 158.0
Trd, 000270.150, 157.0
Trd, 000270.533, 158
Trd, 000270.617, 158
Trd, 000271.467, 155.0
Trd, 000271.483, 155
Trd, 000271.533, 144.0
Trd, 000271.783, 156
Trd, 000272.183, 156
Trd, 000272.483, 141.0
Trd, 000273.433, 149
Trd, 000273.867, 149
Trd, 000274.983, 150
Trd, 000275.217, 150
Trd, 000275.367, 151.0
Trd, 000275.467, 148
Trd, 000276.250, 147
Trd, 000276.467, 146
Trd, 000276.850, 145.0
Trd, 000277.183, 150
Trd, 000277.267, 144.0
Trd, 000277.950, 149.0
Trd, 000278.150, 149
Trd, 000278.967, 144.0
Trd, 000279.733, 144
Trd, 000280.367, 142.0
Trd, 000281.100, 146
Trd, 000281.767, 147
Trd, 000281.783, 143.0
Trd, 000282.633, 145
Trd, 000283.000, 146
Trd, 000283.167, 145
Trd, 000283.450, 148
Trd, 000283.700, 155.0
Trd, 000284.300, 148
Trd, 000284.733, 147
Trd, 000284.833, 150
Trd, 000284.850, 145
Trd, 000285.400, 149
Trd, 000285.650, 151.0
Trd, 000286.117, 146
Trd, 000286.383, 152
Trd, 000286.683, 147
Trd, 000286.917, 145
Trd, 000287.317, 156.0
Trd, 000288.283, 148.0
Trd, 000288.383, 147.0
Trd, 000288.517, 144.0
Trd, 000288.833, 149
Trd, 000288.967, 149
Trd, 000289.400, 141.0
Trd, 000289.967, 141
Trd, 000290.500, 147
Trd, 000291.000, 143
Trd, 000291.017, 144
Trd, 000291.167, 142
Trd, 000291.217, 141
Trd, 000291.250, 147
Trd, 000292.250, 142
Trd, 000292.383, 141.0
Trd, 000293.417, 146
Trd, 000293.433, 147
Trd, 000293.750, 139
Trd, 000294.067, 148
Trd, 000294.100, 134
Trd, 000294.400, 155.0
Trd, 000295.500, 156.0
Trd, 000295.950, 163.0
Trd, 000296.717, 159
Trd, 000297.067, 160
Trd, 000297.200, 160
Trd, 000297.567, 160.0
Trd, 000298.283, 162.0
Trd, 000298.550, 159
Trd, 000298.917, 162.0
Trd, 000299.483, 158
Trd, 000299.867, 162.0
