Trd, 000001.783, 181
Trd, 000003.300, 153
Trd, 000003.600, 156
Trd, 000004.600, 155
Trd, 000005.850, 154
Trd, 000006.250, 154
Trd, 000006.333, 155
Trd, 000007.750, 153
Trd, 000009.133, 152
Trd, 000009.517, 151.0
Trd, 000009.633, 149
Trd, 000010.000, 151
Trd, 000010.267, 152
Trd, 000010.733, 155
Trd, 000011.517, 152
Trd, 000012.067, 153
Trd, 000012.267, 145.0
Trd, 000012.817, 154
Trd, 000014.017, 147
Trd, 000014.250, 146
Trd, 000014.617, 148.0
Trd, 000015.000, 147
Trd, 000015.083, 146
Trd, 000015.867, 148
Trd, 000016.633, 146
Trd, 000016.683, 145
Trd, 000018.550, 146
Trd, 000019.150, 144
Trd, 000019.967, 144
Trd, 000020.067, 146
Trd, 000021.367, 147.0
Trd, 000021.817, 148.0
Trd, 000022.233, 148.0
Trd, 000022.750, 144.0
Trd, 000024.150, 148
Trd, 000024.367, 152
Trd, 000024.650, 149
Trd, 000025.050, 159
Trd, 000025.100, 158
Trd, 000025.167, 168.0
Trd, 000026.300, 168
Trd, 000027.017, 169
Trd, 000027.100, 164
Trd, 000028.750, 163
Trd, 000029.583, 163
Trd, 000029.817, 165
Trd, 000030.633, 162
Trd, 000031.083, 163
Trd, 000033.217, 160
Trd, 000033.833, 155
Trd, 000033.950, 153
Trd, 000034.000, 150
Trd, 000034.467, 149
Trd, 000034.783, 158
Trd, 000035.233, 157
Trd, 000036.350, 157
Trd, 000037.817, 167.0
Trd, 000037.967, 159
Trd, 000038.500, 159
Trd, 000038.567, 154
Trd, 000039.133, 168.0
Trd, 000039.883, 157
Trd, 000041.317, 159
Trd, 000041.583, 156
Trd, 000041.900, 157
Trd, 000042.083, 158
Trd, 000043.567, 153
Trd, 000044.717, 157
Trd, 000046.300, 157
Trd, 000046.350, 152
Trd, 000046.933, 157
Trd, 000049.600, 152
Trd, 000049.833, 155
Trd, 000050.467, 154
Trd, 000052.417, 153
Trd, 000052.533, 150
Trd, 000053.333, 153
Trd, 000053.567, 154
Trd, 000054.400, 170
Trd, 000056.850, 162
Trd, 000056.900, 163
Trd, 000057.650, 168.0
Trd, 000057.833, 168
Trd, 000058.583, 163
Trd, 000059.533, 161
Trd, 000060.517, 161
Trd, 000062.483, 156
Trd, 000062.717, 154
Trd, 000062.817, 155
Trd, 000062.833, 150
Trd, 000062.967, 156
Trd, 000063.133, 151
Trd, 000064.500, 156
Trd, 000065.800, 154
Trd, 000066.017, 155
Trd, 000066.583, 155
Trd, 000067.533, 155
Trd, 000067.900, 155
Trd, 000068.933, 155
Trd, 000069.433, 156
Trd, 000070.633, 157
Trd, 000071.133, 158
Trd, 000071.283, 157
Trd, 000071.850, 155
Trd, 000072.683, 165.0
Trd, 000073.283, 158
Trd, 000074.533, 162
Trd, 000075.917, 158.0
Trd, 000076.000, 155
Trd, 000076.050, 159
Trd, 000076.550, 152
Trd, 000076.733, 172.0
Trd, 000077.017, 173
Trd, 000077.750, 167
Trd, 000079.700, 155
Trd, 000080.017, 158.0
Trd, 000081.533, 156
Trd, 000082.583, 160
Trd, 000083.867, 155
Trd, 000083.900, 156
Trd, 000084.283, 151
Trd, 000084.367, 150
Trd, 000084.667, 155
Trd, 000086.633, 153.0
Trd, 000086.867, 151
Trd, 000087.133, 155
Trd, 000087.300, 155
Trd, 000087.450, 148.0
Trd, 000087.633, 168.0
Trd, 000089.600, 158
Trd, 000090.150, 157
Trd, 000090.767, 153
Trd, 000093.650, 161.0
Trd, 000094.650, 155
Trd, 000094.883, 155
Trd, 000095.000, 156
Trd, 000095.033, 152
Trd, 000096.450, 151
Trd, 000096.750, 154
Trd, 000097.700, 156
Trd, 000097.883, 155
Trd, 000098.050, 154
Trd, 000098.217, 150
Trd, 000099.517, 150
Trd, 000100.600, 152
Trd, 000101.183, 149
Trd, 000103.100, 148
Trd, 000103.200, 149
Trd, 000103.483, 148.0
Trd, 000103.867, 150
Trd, 000104.100, 146
Trd, 000105.050, 147.0
Trd, 000106.367, 148.0
Trd, 000106.817, 147
Trd, 000107.633, 148
Trd, 000107.783, 148.0
Trd, 000108.083, 175
Trd, 000109.233, 172.0
Trd, 000109.917, 154
Trd, 000110.100, 167
Trd, 000110.283, 168.0
Trd, 000110.533, 154
Trd, 000113.550, 155
Trd, 000114.000, 156
Trd, 000114.650, 153
Trd, 000115.817, 157
Trd, 000116.650, 154
Trd, 000116.783, 152
Trd, 000118.067, 155
Trd, 000119.517, 154
Trd, 000119.650, 153
Trd, 000119.867, 150
Trd, 000121.467, 150
Trd, 000122.083, 151
Trd, 000122.367, 151
Trd, 000122.683, 151
Trd, 000122.800, 150
Trd, 000122.817, 152
Trd, 000123.050, 168.0
Trd, 000124.683, 150
Trd, 000125.100, 149
Trd, 000127.283, 153
Trd, 000128.650, 153
Trd, 000130.283, 152
Trd, 000130.867, 150
Trd, 000130.950, 152
Trd, 000131.100, 149
Trd, 000131.217, 148
Trd, 000131.233, 152
Trd, 000132.767, 148
Trd, 000133.233, 152
Trd, 000133.650, 148.0
Trd, 000134.233, 152
Trd, 000134.617, 160
Trd, 000135.267, 154
Trd, 000135.483, 152
Trd, 000136.583, 153
Trd, 000136.600, 148
Trd, 000138.217, 153
Trd, 000138.817, 149
Trd, 000139.283, 148.0
Trd, 000139.417, 148
Trd, 000140.133, 148
Trd, 000140.633, 148
Trd, 000141.350, 149
Trd, 000141.500, 148.0
Trd, 000141.517, 152
Trd, 000142.133, 149
Trd, 000142.317, 150
Trd, 000142.983, 149
Trd, 000146.417, 164.0
Trd, 000146.500, 154
Trd, 000147.100, 151
Trd, 000148.733, 151
Trd, 000149.117, 152
Trd, 000149.383, 150
Trd, 000149.717, 154
Trd, 000151.100, 152
Trd, 000151.850, 151
Trd, 000152.033, 151
Trd, 000152.483, 152
Trd, 000153.650, 151
Trd, 000154.317, 151
Trd, 000154.417, 152
Trd, 000155.417, 152
Trd, 000157.650, 153
Trd, 000158.000, 156
Trd, 000158.067, 151
Trd, 000158.600, 149
Trd, 000159.383, 150
Trd, 000159.967, 148.0
Trd, 000160.167, 151
Trd, 000160.400, 149
Trd, 000160.617, 153
Trd, 000161.317, 153
Trd, 000162.533, 153
Trd, 000163.467, 152
Trd, 000163.733, 153
Trd, 000163.817, 148
Trd, 000165.133, 155
Trd, 000165.300, 172.0
Trd, 000165.383, 152
Trd, 000165.817, 154
Trd, 000166.467, 153
Trd, 000167.850, 153
Trd, 000168.883, 152
Trd, 000169.750, 152
Trd, 000170.267, 165
Trd, 000171.100, 159
Trd, 000171.300, 157
Trd, 000171.317, 166.0
Trd, 000172.083, 149
Trd, 000172.150, 163
Trd, 000173.083, 154
Trd, 000174.050, 163.0
Trd, 000174.283, 155
Trd, 000175.167, 159
Trd, 000175.217, 155
Trd, 000175.633, 159
Trd, 000176.817, 154
Trd, 000176.867, 151
Trd, 000178.000, 157
Trd, 000178.200, 150
Trd, 000179.017, 155
Trd, 000179.517, 157
Trd, 000179.950, 149.0
Trd, 000180.617, 149.0
Trd, 000180.900, 156
Trd, 000183.117, 154
Trd, 000183.333, 154
Trd, 000183.500, 153
Trd, 000183.650, 154
Trd, 000185.583, 154
Trd, 000185.633, 151
Trd, 000185.700, 155
Trd, 000189.050, 151
Trd, 000189.533, 151
Trd, 000189.983, 151
Trd, 000190.367, 151
Trd, 000191.133, 151
Trd, 000191.867, 151
Trd, 000192.333, 151
Trd, 000192.833, 151
Trd, 000193.133, 150
Trd, 000193.317, 148.0
Trd, 000193.983, 150
Trd, 000194.733, 148
Trd, 000194.883, 151
Trd, 000195.317, 151
Trd, 000195.467, 151
Trd, 000197.117, 150.0
Trd, 000197.800, 150
Trd, 000197.950, 151
Trd, 000198.033, 151
Trd, 000198.733, 151
Trd, 000199.133, 153
Trd, 000199.367, 150
Trd, 000199.917, 163
Trd, 000202.400, 154
Trd, 000202.467, 153
Trd, 000204.267, 155
Trd, 000205.000, 169.0
Trd, 000205.233, 170.0
Trd, 000206.217, 157
Trd, 000206.717, 152
Trd, 000207.050, 150
Trd, 000208.817, 151
Trd, 000209.400, 153
Trd, 000209.750, 156
Trd, 000209.900, 157
Trd, 000210.533, 155
Trd, 000210.583, 157
Trd, 000211.517, 154
Trd, 000212.250, 156
Trd, 000212.583, 155
Trd, 000214.500, 158.0
Trd, 000214.733, 170.0
Trd, 000214.950, 158
Trd, 000215.783, 163
Trd, 000217.117, 160
Trd, 000217.150, 157
Trd, 000217.550, 150
Trd, 000218.200, 150.0
Trd, 000220.217, 158
Trd, 000221.450, 158
Trd, 000221.617, 159
Trd, 000222.350, 150
Trd, 000223.083, 157
Trd, 000223.100, 149
Trd, 000223.717, 153
Trd, 000225.517, 157
Trd, 000226.233, 156
Trd, 000226.300, 151
Trd, 000226.567, 155
Trd, 000226.583, 155
Trd, 000226.817, 150.0
Trd, 000228.117, 151
Trd, 000228.633, 152
Trd, 000229.650, 150
Trd, 000230.283, 152
Trd, 000230.583, 152
Trd, 000230.867, 153
Trd, 000232.150, 153
Trd, 000232.333, 152
Trd, 000232.900, 150
Trd, 000233.400, 148.0
Trd, 000234.883, 151
Trd, 000235.183, 151
Trd, 000235.383, 152
Trd, 000237.017, 153
Trd, 000237.733, 152
Trd, 000238.083, 151
Trd, 000238.567, 148.0
Trd, 000239.350, 147
Trd, 000239.367, 151
Trd, 000240.250, 150
Trd, 000240.717, 150
Trd, 000240.900, 148
Trd, 000240.950, 149
Trd, 000241.000, 150
Trd, 000241.233, 158.0
Trd, 000241.717, 160
Trd, 000241.883, 155
Trd, 000242.417, 157
Trd, 000243.117, 156
Trd, 000245.117, 156
Trd, 000245.383, 155
Trd, 000245.517, 157
Trd, 000245.750, 151
Trd, 000245.883, 157.0
Trd, 000246.133, 155.0
Trd, 000246.967, 157.0
Trd, 000247.267, 157
Trd, 000247.350, 153
Trd, 000248.317, 153
Trd, 000248.367, 153
Trd, 000249.350, 151
Trd, 000249.417, 152
Trd, 000249.583, 156
Trd, 000250.000, 156
Trd, 000250.133, 158.0
Trd, 000251.100, 159
Trd, 000252.600, 157
Trd, 000252.850, 156
Trd, 000252.950, 150
Trd, 000254.033, 153
Trd, 000254.650, 153
Trd, 000254.667, 158
Trd, 000255.533, 153.0
Trd, 000255.917, 156
Trd, 000256.050, 153
Trd, 000256.483, 153
Trd, 000256.933, 155
Trd, 000257.000, 155
Trd, 000257.450, 154.0
Trd, 000257.533, 149.0
Trd, 000257.567, 158.0
Trd, 000258.567, 148.0
Trd, 000258.600, 149
Trd, 000258.617, 148
Trd, 000259.083, 155
Trd, 000259.967, 148.0
Trd, 000260.067, 144.0
Trd, 000261.000, 158.0
Trd, 000262.117, 155
Trd, 000262.667, 155
Trd, 000263.017, 149
Trd, 000263.633, 148.0
Trd, 000264.583, 143
Trd, 000264.617, 144
Trd, 000265.067, 149
Trd, 000265.250, 151
Trd, 000265.567, 153
Trd, 000266.200, 152
Trd, 000266.567, 150
Trd, 000267.517, 152
Trd, 000267.833, 155.0
Trd, 000267.867, 149
Trd, 000268.267, 149
Trd, 000269.517, 147.0
Trd, 000270.217, 152
Trd, 000270.900, 160
Trd, 000271.083, 150
Trd, 000271.917, 154
Trd, 000271.983, 149
Trd, 000272.567, 155
Trd, 000273.200, 150
Trd, 000273.233, 150
Trd, 000273.433, 153
Trd, 000273.483, 154
Trd, 000274.250, 158
Trd, 000274.550, 156
Trd, 000275.550, 162.0
Trd, 000276.050, 159
Trd, 000276.183, 168.0
Trd, 000276.883, 169
Trd, 000277.050, 170
Trd, 000278.350, 159
Trd, 000278.433, 159
Trd, 000278.617, 155.0
Trd, 000278.750, 160
Trd, 000279.000, 150
Trd, 000280.133, 154
Trd, 000281.067, 153
Trd, 000281.167, 151
Trd, 000281.783, 149
Trd, 000282.417, 149.0
Trd, 000282.867, 148.0
Trd, 000284.167, 148
Trd, 000284.183, 153
Trd, 000284.300, 149
Trd, 000284.950, 152
Trd, 000285.083, 152
Trd, 000286.317, 152
Trd, 000286.883, 152
Trd, 000286.900, 152
Trd, 000287.033, 150
Trd, 000287.350, 158.0
Trd, 000287.367, 162.0
Trd, 000288.150, 168.0
Trd, 000288.517, 151
Trd, 000290.667, 153
Trd, 000291.167, 152
Trd, 000291.400, 151
Trd, 000291.883, 153
Trd, 000291.983, 151
Trd, 000292.033, 157
Trd, 000292.283, 162.0
Trd, 000292.833, 156.0
Trd, 000293.400, 160
Trd, 000293.583, 156.0
Trd, 000294.583, 157
Trd, 000294.650, 163
Trd, 000294.683, 156
Trd, 000295.233, 162
Trd, 000296.700, 159
Trd, 000296.800, 158
Trd, 000297.317, 158
Trd, 000297.500, 158.0
Trd, 000297.633, 161.0
Trd, 000298.617, 158
Trd, 000298.633, 157
Trd, 000299.083, 157.0
