Trd, 000000.900, 127.0
Trd, 000003.267, 146.0
Trd, 000003.367, 147.0
Trd, 000003.783, 148.0
Trd, 000004.050, 145
Trd, 000005.050, 147
Trd, 000005.750, 138
Trd, 000006.683, 146
Trd, 000007.483, 147
Trd, 000007.833, 139
Trd, 000009.367, 142
Trd, 000009.617, 143
Trd, 000009.800, 143
Trd, 000009.983, 142
Trd, 000010.200, 139
Trd, 000011.500, 143
Trd, 000012.467, 142
Trd, 000013.167, 142
Trd, 000013.667, 142
Trd, 000014.117, 143
Trd, 000014.183, 143
Trd, 000014.900, 144
Trd, 000015.083, 148.0
Trd, 000017.433, 151.0
Trd, 000017.583, 155
Trd, 000019.100, 152.0
Trd, 000019.200, 153
Trd, 000020.383, 153
Trd, 000020.417, 158
Trd, 000020.867, 154
Trd, 000021.067, 152
Trd, 000021.333, 152
Trd, 000021.450, 151.0
Trd, 000021.733, 146
Trd, 000023.650, 149
Trd, 000024.050, 148
Trd, 000024.067, 149
Trd, 000024.167, 156
Trd, 000024.250, 144.0
Trd, 000024.433, 164.0
Trd, 000025.000, 142
Trd, 000025.183, 159
Trd, 000027.633, 145.0
Trd, 000028.033, 144
Trd, 000028.450, 145.0
Trd, 000028.483, 148.0
Trd, 000028.533, 149
Trd, 000028.950, 146
Trd, 000029.467, 145
Trd, 000029.983, 147
Trd, 000030.067, 149
Trd, 000030.133, 149
Trd, 000030.383, 147
Trd, 000032.317, 148
Trd, 000033.367, 145
Trd, 000033.583, 145
Trd, 000034.000, 143
Trd, 000034.100, 139
Trd, 000034.117, 134.0
Trd, 000035.250, 124.0
Trd, 000035.333, 127.0
Trd, 000035.667, 127
Trd, 000035.867, 144
Trd, 000036.250, 145
Trd, 000036.900, 144
Trd, 000037.250, 147.0
Trd, 000038.033, 145.0
Trd, 000038.050, 143
Trd, 000038.450, 142
Trd, 000039.400, 164.0
Trd, 000039.683, 162
Trd, 000039.733, 142
Trd, 000039.967, 165.0
Trd, 000040.650, 149
Trd, 000043.133, 151.0
Trd, 000043.667, 150
Trd, 000044.850, 150
Trd, 000044.933, 150
Trd, 000046.100, 149
Trd, 000046.417, 150
Trd, 000047.200, 149
Trd, 000047.533, 149
Trd, 000048.017, 148.0
Trd, 000048.250, 147
Trd, 000048.317, 140
Trd, 000048.683, 151
Trd, 000051.150, 151
Trd, 000051.650, 153
Trd, 000051.717, 154
Trd, 000052.133, 147
Trd, 000052.917, 148.0
Trd, 000054.067, 141
Trd, 000054.567, 142
Trd, 000055.333, 144
Trd, 000055.867, 144
Trd, 000056.183, 143
Trd, 000056.267, 148
Trd, 000056.767, 157
Trd, 000057.150, 150
Trd, 000057.400, 148
Trd, 000057.717, 150
Trd, 000059.617, 149
Trd, 000060.567, 150
Trd, 000060.783, 151
Trd, 000061.000, 146
Trd, 000061.133, 144.0
Trd, 000061.483, 148.0
Trd, 000062.483, 148.0
Trd, 000063.017, 149
Trd, 000063.550, 147
Trd, 000065.150, 145
Trd, 000065.933, 146
Trd, 000066.033, 143
Trd, 000066.500, 146
Trd, 000067.117, 146
Trd, 000067.650, 157
Trd, 000068.350, 144.0
Trd, 000069.183, 146
Trd, 000069.650, 146
Trd, 000070.800, 144
Trd, 000071.417, 144.0
Trd, 000072.700, 145
Trd, 000073.117, 144
Trd, 000073.317, 145
Trd, 000074.200, 145.0
Trd, 000074.450, 144
Trd, 000074.917, 145
Trd, 000075.000, 143
Trd, 000075.317, 145
Trd, 000075.417, 141
Trd, 000075.483, 146
Trd, 000077.017, 147.0
Trd, 000077.217, 148.0
Trd, 000077.483, 140
Trd, 000077.900, 148
Trd, 000077.983, 158
Trd, 000080.167, 159.0
Trd, 000080.250, 147
Trd, 000081.017, 147
Trd, 000081.733, 152
Trd, 000081.833, 146
Trd, 000082.850, 146
Trd, 000083.433, 148.0
Trd, 000084.533, 145
Trd, 000084.717, 145
Trd, 000085.017, 144.0
Trd, 000085.483, 144
Trd, 000086.117, 145
Trd, 000086.267, 145
Trd, 000086.283, 147
Trd, 000087.100, 148.0
Trd, 000088.250, 147
Trd, 000088.433, 144
Trd, 000089.017, 145
Trd, 000089.183, 144
Trd, 000089.350, 157
Trd, 000089.950, 151.0
Trd, 000090.100, 142
Trd, 000092.200, 146
Trd, 000092.483, 151
Trd, 000094.217, 146
Trd, 000094.700, 147
Trd, 000094.750, 145
Trd, 000095.117, 145
Trd, 000096.183, 145
Trd, 000096.800, 145.0
Trd, 000097.417, 144.0
Trd, 000098.283, 145
Trd, 000098.467, 144
Trd, 000098.900, 146
Trd, 000099.500, 143
Trd, 000099.867, 158
Trd, 000100.183, 162.0
Trd, 000100.717, 147.0
Trd, 000101.250, 147.0
Trd, 000102.750, 144.0
Trd, 000103.050, 146.0
Trd, 000103.250, 146
Trd, 000103.850, 144
Trd, 000104.383, 146
Trd, 000105.433, 144
Trd, 000106.767, 143
Trd, 000107.733, 144.0
Trd, 000108.300, 145
Trd, 000108.550, 146
Trd, 000109.167, 145
Trd, 000109.250, 148.0
Trd, 000110.367, 146
Trd, 000111.583, 145
Trd, 000111.983, 144
Trd, 000112.433, 143
Trd, 000113.550, 144
Trd, 000114.283, 145
Trd, 000114.517, 144.0
Trd, 000115.350, 146
Trd, 000115.617, 144
Trd, 000116.600, 145
Trd, 000116.717, 147
Trd, 000116.800, 144
Trd, 000117.850, 147
Trd, 000118.967, 146
Trd, 000119.133, 144
Trd, 000119.533, 147.0
Trd, 000121.083, 145
Trd, 000121.217, 145
Trd, 000121.317, 146
Trd, 000121.400, 148.0
Trd, 000122.067, 146.0
Trd, 000122.550, 147
Trd, 000122.950, 148
Trd, 000124.217, 148
Trd, 000124.800, 149
Trd, 000125.450, 147
Trd, 000126.500, 149
Trd, 000126.967, 149
Trd, 000127.933, 147
Trd, 000128.200, 147
Trd, 000128.217, 145
Trd, 000128.967, 144.0
Trd, 000129.583, 143
Trd, 000129.950, 145
Trd, 000131.317, 145
Trd, 000131.800, 141
Trd, 000132.233, 144
Trd, 000132.383, 140
Trd, 000133.200, 142
Trd, 000133.950, 141
Trd, 000134.250, 140.0
Trd, 000134.550, 142
Trd, 000134.867, 143
Trd, 000135.033, 144
Trd, 000135.667, 140.0
Trd, 000136.983, 145.0
Trd, 000137.533, 146.0
Trd, 000138.033, 140
Trd, 000138.517, 147.0
Trd, 000139.550, 144
Trd, 000139.850, 143
Trd, 000140.467, 146
Trd, 000140.783, 148
Trd, 000141.533, 142
Trd, 000141.817, 147
Trd, 000142.650, 146
Trd, 000142.883, 143
Trd, 000144.417, 147
Trd, 000145.517, 144
Trd, 000145.933, 144.0
Trd, 000146.150, 146.0
Trd, 000146.200, 148.0
Trd, 000146.217, 143
Trd, 000147.250, 151.0
Trd, 000147.467, 158
Trd, 000148.767, 147
Trd, 000149.850, 146
Trd, 000150.567, 147.0
Trd, 000150.900, 148.0
Trd, 000152.167, 147
Trd, 000153.000, 151
Trd, 000154.467, 149
Trd, 000155.167, 148
Trd, 000155.333, 148
Trd, 000155.667, 148
Trd, 000156.050, 150
Trd, 000156.567, 148
Trd, 000156.983, 149
Trd, 000157.150, 146
Trd, 000157.467, 145
Trd, 000157.767, 144.0
Trd, 000158.933, 147.0
Trd, 000159.600, 147
Trd, 000160.300, 146
Trd, 000162.283, 145
Trd, 000162.367, 145
Trd, 000162.383, 147
Trd, 000162.967, 148.0
Trd, 000163.000, 148
Trd, 000163.133, 145
Trd, 000163.483, 144
Trd, 000163.517, 158
Trd, 000164.417, 159.0
Trd, 000166.167, 151.0
Trd, 000167.667, 153
Trd, 000167.783, 150
Trd, 000168.217, 152
Trd, 000168.267, 153
Trd, 000169.083, 153
Trd, 000169.450, 151
Trd, 000169.683, 151.0
Trd, 000170.317, 151
Trd, 000170.883, 150
Trd, 000171.017, 153
Trd, 000171.550, 134.0
Trd, 000172.100, 153
Trd, 000172.133, 156
Trd, 000173.850, 155
Trd, 000174.000, 152
Trd, 000174.383, 152
Trd, 000175.233, 152
Trd, 000175.483, 155
Trd, 000175.700, 152
Trd, 000175.833, 158
Trd, 000175.950, 151.0
Trd, 000176.350, 149
Trd, 000178.500, 158.0
Trd, 000178.750, 151
Trd, 000179.550, 152
Trd, 000179.733, 150
Trd, 000180.633, 154
Trd, 000181.850, 154
Trd, 000182.500, 151.0
Trd, 000183.033, 151
Trd, 000183.467, 144.0
Trd, 000184.200, 147
Trd, 000184.400, 148
Trd, 000185.083, 147
Trd, 000185.250, 143
Trd, 000185.350, 142
Trd, 000186.283, 145
Trd, 000187.867, 146
Trd, 000188.700, 146
Trd, 000189.417, 147
Trd, 000189.450, 148
Trd, 000190.567, 148
Trd, 000190.750, 147
Trd, 000191.833, 146
Trd, 000192.033, 147
Trd, 000192.250, 146
Trd, 000193.317, 145
Trd, 000193.800, 146
Trd, 000194.167, 147
Trd, 000195.150, 144.0
Trd, 000196.117, 143
Trd, 000196.383, 144
Trd, 000196.750, 143
Trd, 000197.117, 142
Trd, 000197.150, 144
Trd, 000197.817, 145
Trd, 000199.117, 144
Trd, 000199.500, 145
Trd, 000199.850, 147
Trd, 000200.600, 156
Trd, 000200.683, 145
Trd, 000201.050, 152
Trd, 000201.083, 145
Trd, 000201.383, 157
Trd, 000201.967, 147
Trd, 000202.217, 144.0
Trd, 000203.183, 141
Trd, 000204.183, 151
Trd, 000204.550, 151
Trd, 000205.283, 147.0
Trd, 000205.783, 142
Trd, 000207.500, 143
Trd, 000208.300, 142
Trd, 000208.450, 144
Trd, 000209.867, 148.0
Trd, 000209.950, 141
Trd, 000210.133, 144
Trd, 000210.500, 144
Trd, 000211.483, 144
Trd, 000211.900, 142
Trd, 000212.100, 141
Trd, 000212.600, 144
Trd, 000213.867, 145
Trd, 000214.867, 145
Trd, 000214.950, 146
Trd, 000215.033, 162.0
Trd, 000215.883, 145.0
Trd, 000216.533, 144.0
Trd, 000216.717, 141
Trd, 000216.833, 147.0
Trd, 000217.033, 148.0
Trd, 000218.233, 145
Trd, 000219.667, 145
Trd, 000219.817, 145.0
Trd, 000219.950, 144.0
Trd, 000221.400, 145
Trd, 000221.433, 146
Trd, 000221.950, 145
Trd, 000222.883, 146
Trd, 000223.200, 144
Trd, 000224.200, 144
Trd, 000224.750, 145
Trd, 000225.133, 144.0
Trd, 000225.767, 143
Trd, 000226.200, 144
Trd, 000226.300, 148.0
Trd, 000227.100, 143
Trd, 000227.850, 144
Trd, 000228.883, 142
Trd, 000229.133, 140
Trd, 000230.450, 138
Trd, 000230.617, 137
Trd, 000231.383, 137
Trd, 000231.417, 139
Trd, 000232.800, 139
Trd, 000233.917, 138
Trd, 000234.567, 139
Trd, 000235.033, 139
Trd, 000235.667, 138
Trd, 000235.783, 140
Trd, 000236.550, 138
Trd, 000237.983, 139
Trd, 000238.450, 139
Trd, 000238.517, 140
Trd, 000238.933, 142
Trd, 000239.383, 138
Trd, 000239.800, 137
Trd, 000240.017, 137
Trd, 000240.617, 138.0
Trd, 000240.933, 140.0
Trd, 000241.167, 141.0
Trd, 000241.300, 139
Trd, 000241.733, 139
Trd, 000242.000, 141.0
Trd, 000243.283, 141
Trd, 000243.533, 142
Trd, 000243.617, 142
Trd, 000243.917, 144
Trd, 000244.317, 141
Trd, 000244.433, 142.0
Trd, 000244.650, 142
Trd, 000244.750, 144.0
Trd, 000245.983, 145.0
Trd, 000246.250, 145
Trd, 000246.283, 146
Trd, 000246.550, 147
Trd, 000247.300, 146
Trd, 000247.500, 147.0
Trd, 000247.633, 144
Trd, 000247.750, 145.0
Trd, 000247.917, 147.0
Trd, 000248.700, 146
Trd, 000249.533, 145
Trd, 000249.650, 144.0
Trd, 000249.767, 146
Trd, 000249.817, 146
Trd, 000250.317, 145
Trd, 000250.350, 146
Trd, 000251.733, 150
Trd, 000251.983, 151.0
Trd, 000252.633, 145.0
Trd, 000252.667, 148.0
Trd, 000252.767, 140
Trd, 000253.200, 147
Trd, 000254.183, 148
Trd, 000254.300, 149
Trd, 000254.433, 157
Trd, 000254.583, 147
Trd, 000254.650, 145
Trd, 000254.750, 145
Trd, 000255.333, 147.0
Trd, 000255.567, 150
Trd, 000256.217, 149.0
Trd, 000256.267, 147.0
Trd, 000256.717, 158
Trd, 000256.983, 155.0
Trd, 000257.117, 151.0
Trd, 000257.450, 150
Trd, 000258.250, 152
Trd, 000259.117, 154
Trd, 000259.700, 153
Trd, 000259.833, 153
Trd, 000260.150, 153
Trd, 000260.350, 154
Trd, 000260.467, 158
Trd, 000260.517, 150
Trd, 000261.567, 144.0
Trd, 000262.300, 144
Trd, 000262.450, 145
Trd, 000262.817, 144
Trd, 000262.900, 147
Trd, 000263.100, 143
Trd, 000264.133, 143
Trd, 000264.250, 143
Trd, 000264.450, 144
Trd, 000265.283, 144
Trd, 000265.500, 148.0
Trd, 000266.017, 158
Trd, 000266.800, 155
Trd, 000266.833, 154
Trd, 000267.733, 150
Trd, 000267.967, 148
Trd, 000268.633, 149
Trd, 000269.517, 145
Trd, 000269.867, 145
Trd, 000269.883, 144
Trd, 000270.383, 144.0
Trd, 000270.817, 143
Trd, 000270.917, 142
Trd, 000271.100, 140
Trd, 000271.400, 144
Trd, 000271.600, 145
Trd, 000272.367, 141
Trd, 000272.533, 139
Trd, 000272.683, 141
Trd, 000273.050, 144
Trd, 000273.100, 145
Trd, 000273.900, 140.0
Trd, 000273.967, 141.0
Trd, 000275.500, 139
Trd, 000275.633, 142
Trd, 000275.933, 142
Trd, 000276.417, 141
Trd, 000276.483, 140
Trd, 000276.900, 141
Trd, 000276.933, 139
Trd, 000276.967, 142
Trd, 000277.917, 147
Trd, 000278.017, 141
Trd, 000278.200, 134.0
Trd, 000278.933, 147
Trd, 000279.567, 140
Trd, 000279.800, 139
Trd, 000279.917, 139
Trd, 000281.267, 141
Trd, 000281.483, 140
Trd, 000281.900, 139
Trd, 000282.017, 141
Trd, 000282.100, 141.0
Trd, 000282.133, 144
Trd, 000282.250, 148.0
Trd, 000283.133, 146
Trd, 000283.233, 156
Trd, 000285.700, 144
Trd, 000285.800, 146
Trd, 000285.933, 147
Trd, 000286.050, 144.0
Trd, 000286.350, 148.0
Trd, 000286.400, 143
Trd, 000286.467, 149
Trd, 000286.533, 141
Trd, 000286.883, 158
Trd, 000287.067, 154
Trd, 000287.717, 154
Trd, 000287.900, 143
Trd, 000288.033, 142
Trd, 000288.167, 162.0
Trd, 000288.300, 165.0
Trd, 000288.700, 144
Trd, 000289.067, 156
Trd, 000289.200, 146
Trd, 000290.150, 151.0
Trd, 000290.467, 148.0
Trd, 000290.950, 145
Trd, 000291.183, 146
Trd, 000291.983, 141.0
Trd, 000292.200, 140
Trd, 000292.350, 141
Trd, 000293.017, 153.0
Trd, 000293.050, 158
Trd, 000293.233, 164.0
Trd, 000293.367, 165.0
Trd, 000293.550, 179.0
Trd, 000293.817, 146
Trd, 000294.400, 174.0
Trd, 000295.133, 153.0
Trd, 000295.617, 163
Trd, 000295.850, 158
Trd, 000295.950, 167
Trd, 000296.333, 167
Trd, 000296.667, 151.0
Trd, 000296.883, 147
Trd, 000297.300, 145.0
Trd, 000297.667, 155
Trd, 000298.350, 144.0
Trd, 000298.517, 156
Trd, 000298.567, 156
Trd, 000298.633, 158
Trd, 000299.100, 165
Trd, 000299.800, 153
Trd, 000299.850, 150
Trd, 000299.917, 144.0
