Trd, 000001.100, 158
Trd, 000001.617, 173
Trd, 000002.350, 137.0
Trd, 000003.233, 144
Trd, 000004.167, 144
Trd, 000004.267, 144
Trd, 000004.450, 143
Trd, 000004.883, 145
Trd, 000005.567, 146
Trd, 000005.950, 156
Trd, 000006.967, 148
Trd, 000007.050, 149
Trd, 000007.533, 153
Trd, 000008.083, 155
Trd, 000009.300, 156
Trd, 000009.617, 157.0
Trd, 000009.767, 158.0
Trd, 000010.133, 162
Trd, 000011.233, 151
Trd, 000012.350, 154
Trd, 000013.150, 154
Trd, 000013.517, 154
Trd, 000014.750, 153
Trd, 000015.283, 154
Trd, 000015.300, 153
Trd, 000016.100, 151
Trd, 000016.233, 158.0
Trd, 000016.333, 144.0
Trd, 000017.767, 155
Trd, 000018.067, 155
Trd, 000018.450, 154
Trd, 000019.367, 152
Trd, 000019.700, 153
Trd, 000020.217, 156
Trd, 000021.283, 155.0
Trd, 000021.450, 154.0
Trd, 000021.900, 154
Trd, 000021.983, 155
Trd, 000022.150, 154
Trd, 000023.183, 155.0
Trd, 000023.900, 153
Trd, 000024.183, 153
Trd, 000025.400, 154.0
Trd, 000025.883, 152
Trd, 000026.633, 152
Trd, 000026.783, 154
Trd, 000028.067, 154
Trd, 000028.467, 155
Trd, 000029.300, 155
Trd, 000029.317, 158.0
Trd, 000029.667, 153
Trd, 000030.483, 155
Trd, 000030.850, 154
Trd, 000031.233, 155
Trd, 000031.750, 153
Trd, 000032.433, 153
Trd, 000032.767, 156.0
Trd, 000033.400, 155
Trd, 000034.417, 154
Trd, 000034.450, 155
Trd, 000035.650, 153
Trd, 000036.350, 156
Trd, 000036.650, 155
Trd, 000037.033, 158.0
Trd, 000037.417, 154
Trd, 000038.117, 156
Trd, 000038.350, 155
Trd, 000038.700, 156
Trd, 000039.367, 157
Trd, 000040.400, 157
Trd, 000042.367, 156.0
Trd, 000042.967, 155
Trd, 000043.333, 155
Trd, 000044.033, 155
Trd, 000044.467, 155
Trd, 000045.217, 154
Trd, 000045.500, 155.0
Trd, 000045.617, 154
Trd, 000045.767, 162
Trd, 000046.250, 169.0
Trd, 000047.317, 158.0
Trd, 000047.783, 158
Trd, 000049.400, 155
Trd, 000049.500, 154
Trd, 000049.567, 156
Trd, 000050.167, 154
Trd, 000050.483, 153
Trd, 000051.217, 156
Trd, 000051.417, 153
Trd, 000053.117, 152
Trd, 000053.283, 152
Trd, 000054.283, 149
Trd, 000054.333, 148.0
Trd, 000054.717, 150
Trd, 000054.967, 156
Trd, 000056.683, 155
Trd, 000057.850, 153
Trd, 000058.967, 152
Trd, 000059.100, 150
Trd, 000059.267, 151
Trd, 000059.367, 149
Trd, 000059.933, 149
Trd, 000060.083, 150
Trd, 000060.333, 150
Trd, 000061.017, 150.0
Trd, 000062.600, 153
Trd, 000062.883, 155.0
Trd, 000063.083, 155.0
Trd, 000063.300, 152
Trd, 000064.883, 151
Trd, 000065.117, 152
Trd, 000065.433, 152
Trd, 000066.600, 151
Trd, 000067.283, 150
Trd, 000068.867, 148.0
Trd, 000069.233, 149
Trd, 000069.333, 149
Trd, 000069.433, 149
Trd, 000069.500, 150
Trd, 000070.450, 147
Trd, 000071.350, 148
Trd, 000073.667, 150
Trd, 000073.733, 152.0
Trd, 000074.083, 151
Trd, 000074.333, 154
Trd, 000074.767, 155.0
Trd, 000074.833, 153
Trd, 000075.517, 162
Trd, 000076.267, 157
Trd, 000076.500, 154
Trd, 000076.617, 158.0
Trd, 000077.183, 154
Trd, 000077.917, 154
Trd, 000078.233, 157.0
Trd, 000080.400, 155
Trd, 000080.483, 153
Trd, 000080.867, 155
Trd, 000081.367, 151
Trd, 000081.383, 151
Trd, 000081.650, 151
Trd, 000082.117, 151
Trd, 000082.500, 148.0
Trd, 000083.250, 148
Trd, 000084.450, 152
Trd, 000084.600, 157.0
Trd, 000085.200, 157.0
Trd, 000085.450, 152
Trd, 000085.733, 156.0
Trd, 000086.067, 158.0
Trd, 000087.550, 155
Trd, 000088.267, 156
Trd, 000088.300, 154
Trd, 000089.050, 156
Trd, 000089.267, 153
Trd, 000089.633, 154
Trd, 000090.100, 155
Trd, 000090.983, 154
Trd, 000091.217, 155
Trd, 000091.783, 158.0
Trd, 000092.517, 153
Trd, 000093.167, 157
Trd, 000093.300, 154
Trd, 000095.467, 154
Trd, 000095.667, 154
Trd, 000095.717, 156
Trd, 000095.783, 153
Trd, 000096.850, 156
Trd, 000097.033, 158.0
Trd, 000097.417, 152
Trd, 000099.017, 162
Trd, 000099.200, 159
Trd, 000099.267, 154
Trd, 000099.383, 163.0
Trd, 000099.733, 162
Trd, 000100.767, 158
Trd, 000101.167, 158
Trd, 000101.617, 158
Trd, 000102.500, 173
Trd, 000104.050, 162
Trd, 000104.417, 164
Trd, 000105.767, 162
Trd, 000105.783, 162
Trd, 000106.183, 161
Trd, 000106.250, 162
Trd, 000106.383, 156
Trd, 000106.600, 165
Trd, 000107.067, 157.0
Trd, 000107.717, 153
Trd, 000107.817, 148.0
Trd, 000108.000, 158.0
Trd, 000108.617, 158
Trd, 000108.717, 147
Trd, 000111.567, 158
Trd, 000111.783, 160
Trd, 000112.517, 159
Trd, 000112.583, 155
Trd, 000112.683, 155
Trd, 000113.367, 158
Trd, 000115.417, 156
Trd, 000115.733, 157
Trd, 000115.767, 158
Trd, 000115.900, 155
Trd, 000117.000, 157
Trd, 000118.067, 156
Trd, 000119.017, 157.0
Trd, 000119.200, 155
Trd, 000119.800, 154
Trd, 000120.183, 156
Trd, 000121.233, 156
Trd, 000121.517, 156
Trd, 000122.883, 154
Trd, 000123.067, 155
Trd, 000123.550, 158.0
Trd, 000124.550, 156
Trd, 000125.267, 157
Trd, 000126.183, 156
Trd, 000126.500, 154
Trd, 000126.950, 157
Trd, 000127.617, 154
Trd, 000128.533, 155
Trd, 000128.800, 154
Trd, 000128.817, 152
Trd, 000130.183, 154
Trd, 000130.433, 154
Trd, 000130.983, 153
Trd, 000131.533, 154
Trd, 000131.567, 151
Trd, 000131.817, 148.0
Trd, 000132.400, 152
Trd, 000132.850, 152
Trd, 000133.050, 148.0
Trd, 000134.967, 155
Trd, 000135.267, 154
Trd, 000135.517, 155
Trd, 000135.550, 156.0
Trd, 000136.117, 162
Trd, 000136.200, 172.0
Trd, 000137.350, 155
Trd, 000137.833, 157.0
Trd, 000138.483, 156
Trd, 000138.583, 157.0
Trd, 000140.417, 155
Trd, 000140.717, 155
Trd, 000140.767, 156
Trd, 000142.217, 155
Trd, 000142.367, 154
Trd, 000142.433, 158.0
Trd, 000142.517, 161
Trd, 000142.883, 172.0
Trd, 000144.817, 163
Trd, 000144.917, 163
Trd, 000145.050, 161
Trd, 000145.100, 152
Trd, 000146.300, 154
Trd, 000146.500, 148.0
Trd, 000147.933, 149
Trd, 000148.383, 139
Trd, 000148.650, 151
Trd, 000148.833, 150
Trd, 000148.967, 153
Trd, 000149.017, 158.0
Trd, 000149.233, 154
Trd, 000150.867, 155
Trd, 000151.267, 153
Trd, 000151.367, 153
Trd, 000153.683, 149.0
Trd, 000154.433, 148.0
Trd, 000155.383, 149
Trd, 000155.467, 150
Trd, 000155.717, 150
Trd, 000156.000, 149
Trd, 000156.883, 148
Trd, 000156.917, 148
Trd, 000157.150, 149
Trd, 000157.967, 156
Trd, 000159.183, 150
Trd, 000159.750, 150.0
Trd, 000160.267, 152
Trd, 000160.683, 151
Trd, 000161.350, 151
Trd, 000162.400, 150
Trd, 000163.500, 155.0
Trd, 000164.350, 156.0
Trd, 000165.383, 152
Trd, 000166.133, 151
Trd, 000166.283, 154
Trd, 000167.200, 154
Trd, 000168.333, 152.0
Trd, 000169.383, 156
Trd, 000169.567, 156.0
Trd, 000170.317, 156.0
Trd, 000171.300, 157
Trd, 000171.817, 158
Trd, 000172.767, 158
Trd, 000173.200, 156
Trd, 000174.100, 156
Trd, 000174.533, 157.0
Trd, 000174.617, 156
Trd, 000175.217, 157.0
Trd, 000175.367, 158.0
Trd, 000175.933, 162
Trd, 000176.067, 157
Trd, 000176.250, 158.0
Trd, 000176.383, 148
Trd, 000177.483, 157
Trd, 000177.733, 155
Trd, 000178.033, 153
Trd, 000180.833, 154
Trd, 000181.833, 154
Trd, 000181.917, 155
Trd, 000182.100, 154
Trd, 000182.500, 152
Trd, 000183.650, 153
Trd, 000183.683, 153
Trd, 000184.717, 152
Trd, 000185.417, 152
Trd, 000185.567, 152.0
Trd, 000186.017, 157.0
Trd, 000186.550, 151
Trd, 000187.333, 155
Trd, 000188.100, 150
Trd, 000188.650, 152
Trd, 000188.783, 144.0
Trd, 000189.100, 151
Trd, 000189.717, 158.0
Trd, 000190.617, 160
Trd, 000191.250, 156
Trd, 000191.283, 156
Trd, 000191.367, 155
Trd, 000191.950, 154
Trd, 000192.100, 155
Trd, 000193.217, 157
Trd, 000194.167, 162
Trd, 000194.650, 158
Trd, 000195.083, 169.0
Trd, 000195.750, 158
Trd, 000197.917, 158
Trd, 000198.367, 160
Trd, 000198.783, 160
Trd, 000199.967, 157
Trd, 000200.017, 160
Trd, 000200.700, 158.0
Trd, 000200.883, 159
Trd, 000201.167, 158
Trd, 000201.517, 156
Trd, 000202.067, 160
Trd, 000203.450, 156
Trd, 000204.317, 157
Trd, 000205.333, 158
Trd, 000205.383, 157
Trd, 000205.667, 156
Trd, 000205.817, 158.0
Trd, 000205.900, 160
Trd, 000206.200, 154
Trd, 000206.250, 160
Trd, 000207.367, 156
Trd, 000207.567, 159
Trd, 000207.633, 154
Trd, 000208.800, 161
Trd, 000209.200, 159
Trd, 000209.833, 161
Trd, 000210.833, 158
Trd, 000210.967, 160
Trd, 000212.400, 159
Trd, 000212.667, 156
Trd, 000213.617, 157.0
Trd, 000214.000, 145.0
Trd, 000214.283, 155
Trd, 000215.383, 155
Trd, 000216.017, 158.0
Trd, 000216.383, 156
Trd, 000216.750, 162
Trd, 000216.800, 158
Trd, 000217.650, 162
Trd, 000218.483, 157
Trd, 000218.867, 156
Trd, 000219.500, 156.0
Trd, 000220.100, 155
Trd, 000220.450, 154
Trd, 000220.483, 156.0
Trd, 000223.417, 156
Trd, 000223.933, 154
Trd, 000224.233, 154
Trd, 000225.017, 154
Trd, 000225.250, 154
Trd, 000225.333, 153
Trd, 000225.950, 153
Trd, 000226.683, 153
Trd, 000227.350, 153
Trd, 000227.517, 152
Trd, 000228.617, 157.0
Trd, 000229.067, 158
Trd, 000229.283, 154
Trd, 000230.033, 153
Trd, 000230.450, 158
Trd, 000231.083, 157.0
Trd, 000231.417, 157.0
Trd, 000231.767, 157.0
Trd, 000232.283, 158.0
Trd, 000232.383, 148.0
Trd, 000233.183, 161
Trd, 000233.767, 152
Trd, 000234.150, 151
Trd, 000235.467, 157
Trd, 000235.800, 155
Trd, 000236.167, 155
Trd, 000236.350, 153
Trd, 000236.817, 157.0
Trd, 000237.417, 152
Trd, 000238.117, 149.0
Trd, 000239.617, 154.0
Trd, 000240.083, 154
Trd, 000240.267, 152
Trd, 000240.633, 150
Trd, 000240.650, 149
Trd, 000240.933, 149.0
Trd, 000241.583, 150.0
Trd, 000242.317, 153.0
Trd, 000242.983, 151.0
Trd, 000243.283, 155.0
Trd, 000243.500, 153
Trd, 000243.900, 151
Trd, 000244.300, 152
Trd, 000244.533, 150
Trd, 000244.750, 153
Trd, 000244.767, 155
Trd, 000245.850, 153
Trd, 000246.033, 152
Trd, 000247.067, 153
Trd, 000247.350, 152
Trd, 000247.600, 154.0
Trd, 000247.767, 158.0
Trd, 000248.200, 157
Trd, 000248.767, 156
Trd, 000249.000, 153
Trd, 000249.733, 154
Trd, 000249.850, 155.0
Trd, 000250.200, 162
Trd, 000251.250, 156
Trd, 000251.300, 157
Trd, 000251.383, 156
Trd, 000252.500, 157
Trd, 000252.583, 155
Trd, 000252.700, 155
Trd, 000252.917, 154
Trd, 000253.400, 153
Trd, 000253.950, 153
Trd, 000254.433, 151.0
Trd, 000255.400, 154
Trd, 000255.450, 155
Trd, 000257.050, 156.0
Trd, 000257.317, 157.0
Trd, 000257.333, 158.0
Trd, 000257.800, 155
Trd, 000258.300, 155.0
Trd, 000258.683, 155
Trd, 000259.550, 158
Trd, 000259.800, 154
Trd, 000260.117, 157
Trd, 000260.583, 152
Trd, 000260.800, 148.0
Trd, 000261.667, 154.0
Trd, 000261.917, 151.0
Trd, 000262.283, 155.0
Trd, 000262.683, 153
Trd, 000263.150, 153
Trd, 000263.650, 156
Trd, 000263.667, 157.0
Trd, 000264.167, 156
Trd, 000265.033, 158.0
Trd, 000265.100, 155
Trd, 000265.333, 157
Trd, 000266.650, 157
Trd, 000266.833, 156
Trd, 000267.217, 157.0
Trd, 000268.000, 157.0
Trd, 000268.150, 154
Trd, 000268.233, 158.0
Trd, 000268.983, 155
Trd, 000269.833, 154
Trd, 000269.983, 154
Trd, 000271.000, 156
Trd, 000271.267, 153
Trd, 000271.417, 157.0
Trd, 000271.733, 157.0
Trd, 000272.117, 153
Trd, 000273.250, 152
Trd, 000274.483, 151
Trd, 000274.550, 151.0
Trd, 000274.750, 153.0
Trd, 000275.267, 152
Trd, 000276.433, 153
Trd, 000276.567, 153
Trd, 000277.067, 162
Trd, 000277.950, 152.0
Trd, 000278.700, 152
Trd, 000279.583, 152.0
Trd, 000279.800, 152.0
Trd, 000280.200, 151
Trd, 000280.383, 151
Trd, 000281.017, 148.0
Trd, 000281.283, 152.0
Trd, 000281.383, 150
Trd, 000281.700, 153
Trd, 000281.783, 149
Trd, 000282.050, 153
Trd, 000282.350, 149
Trd, 000283.383, 158
Trd, 000283.833, 155.0
Trd, 000284.117, 149
Trd, 000284.400, 156.0
Trd, 000284.883, 147.0
Trd, 000285.067, 157.0
Trd, 000286.433, 154
Trd, 000286.617, 153
Trd, 000287.050, 152
Trd, 000287.350, 150
Trd, 000287.850, 151
Trd, 000287.883, 149
Trd, 000287.917, 158.0
Trd, 000289.533, 152
Trd, 000289.617, 155
Trd, 000289.850, 150
Trd, 000289.917, 144.0
Trd, 000289.950, 151.0
Trd, 000291.133, 146
Trd, 000292.633, 154.0
Trd, 000292.967, 152.0
Trd, 000293.267, 153.0
Trd, 000293.433, 150
Trd, 000293.617, 150
Trd, 000293.783, 150.0
Trd, 000294.267, 150
Trd, 000294.367, 151.0
Trd, 000294.567, 148
Trd, 000294.617, 153
Trd, 000295.117, 154.0
Trd, 000295.383, 153
Trd, 000295.583, 155.0
Trd, 000297.917, 153.0
Trd, 000298.683, 152.0
Trd, 000299.050, 150
Trd, 000299.800, 151.0
Trd, 000299.900, 150
Trd, 000299.950, 151
