Trd, 000001.183, 139
Trd, 000001.617, 134.0
Trd, 000002.033, 135
Trd, 000002.933, 129
Trd, 000003.883, 113.0
Trd, 000004.050, 140
Trd, 000004.333, 142
Trd, 000005.183, 168
Trd, 000005.383, 119.0
Trd, 000005.617, 154
Trd, 000006.317, 152
Trd, 000007.000, 158
Trd, 000008.433, 155
Trd, 000008.600, 156
Trd, 000009.150, 157
Trd, 000009.433, 157
Trd, 000010.183, 157
Trd, 000010.217, 157
Trd, 000012.633, 161
Trd, 000012.833, 161
Trd, 000013.200, 161
Trd, 000013.783, 154
Trd, 000014.383, 149
Trd, 000014.433, 162
Trd, 000014.567, 148.0
Trd, 000014.617, 144.0
Trd, 000015.017, 141.0
Trd, 000015.483, 173
Trd, 000015.550, 154
Trd, 000016.350, 163
Trd, 000016.383, 155
Trd, 000017.000, 163
Trd, 000018.233, 156
Trd, 000019.733, 161
Trd, 000019.967, 160
Trd, 000021.150, 161
Trd, 000021.533, 157
Trd, 000022.000, 161
Trd, 000023.150, 156
Trd, 000024.717, 158
Trd, 000025.217, 157
Trd, 000025.517, 158
Trd, 000025.633, 157
Trd, 000025.833, 159
Trd, 000025.900, 155
Trd, 000026.383, 154
Trd, 000029.533, 154
Trd, 000029.917, 154
Trd, 000030.050, 152
Trd, 000030.233, 150
Trd, 000030.700, 155
Trd, 000031.050, 149
Trd, 000032.783, 154
Trd, 000033.483, 150
Trd, 000034.117, 150
Trd, 000034.150, 153
Trd, 000034.550, 148.0
Trd, 000034.950, 152
Trd, 000035.333, 148
Trd, 000035.633, 152
Trd, 000036.967, 153
Trd, 000037.333, 162
Trd, 000037.783, 152
Trd, 000038.033, 151
Trd, 000038.417, 146.0
Trd, 000039.433, 166
Trd, 000040.900, 155
Trd, 000041.500, 159
Trd, 000041.583, 153
Trd, 000042.083, 153
Trd, 000042.567, 156
Trd, 000043.350, 175.0
Trd, 000043.633, 173
Trd, 000044.333, 159
Trd, 000044.633, 159
Trd, 000044.650, 156
Trd, 000046.517, 159
Trd, 000046.750, 160
Trd, 000046.817, 160
Trd, 000046.917, 158
Trd, 000049.400, 157
Trd, 000050.233, 156
Trd, 000050.783, 155
Trd, 000051.600, 153
Trd, 000051.767, 150
Trd, 000052.567, 153
Trd, 000052.967, 149.0
Trd, 000054.350, 151
Trd, 000055.117, 151
Trd, 000055.267, 152
Trd, 000056.283, 152
Trd, 000056.317, 152
Trd, 000056.917, 153
Trd, 000057.517, 162
Trd, 000058.400, 152
Trd, 000058.467, 152
Trd, 000058.533, 150
Trd, 000059.533, 149.0
Trd, 000060.217, 142.0
Trd, 000060.400, 150
Trd, 000062.717, 155
Trd, 000063.533, 151
Trd, 000063.783, 150
Trd, 000063.983, 145.0
Trd, 000065.217, 153
Trd, 000065.367, 149
Trd, 000065.467, 153
Trd, 000066.583, 147
Trd, 000066.633, 154
Trd, 000066.950, 144.0
Trd, 000067.150, 141.0
Trd, 000067.450, 154
Trd, 000067.667, 144
Trd, 000069.383, 147
Trd, 000071.950, 150
Trd, 000072.300, 148.0
Trd, 000072.367, 147
Trd, 000072.483, 150
Trd, 000072.500, 151
Trd, 000072.633, 147
Trd, 000074.117, 147
Trd, 000074.217, 150
Trd, 000075.233, 150
Trd, 000075.600, 147
Trd, 000075.933, 149
Trd, 000077.417, 149
Trd, 000077.617, 148
Trd, 000077.950, 149
Trd, 000078.600, 148.0
Trd, 000079.050, 147
Trd, 000079.233, 149
Trd, 000080.083, 149
Trd, 000080.250, 151
Trd, 000080.333, 149
Trd, 000080.933, 162
Trd, 000081.967, 151
Trd, 000082.150, 150
Trd, 000082.967, 156
Trd, 000083.417, 166
Trd, 000083.900, 155
Trd, 000083.950, 154
Trd, 000083.983, 153
Trd, 000084.817, 150.0
Trd, 000084.950, 149
Trd, 000085.850, 160
Trd, 000085.917, 160
Trd, 000086.267, 162
Trd, 000087.133, 172.0
Trd, 000088.000, 153
Trd, 000088.067, 148.0
Trd, 000089.933, 151
Trd, 000090.450, 151
Trd, 000091.650, 150
Trd, 000091.683, 153
Trd, 000091.983, 150
Trd, 000092.000, 148.0
Trd, 000092.150, 154
Trd, 000092.350, 155
Trd, 000092.500, 170
Trd, 000092.800, 146.0
Trd, 000093.317, 161
Trd, 000094.483, 150
Trd, 000095.550, 149.0
Trd, 000097.333, 163
Trd, 000098.267, 155
Trd, 000098.650, 160
Trd, 000099.550, 154
Trd, 000100.550, 153
Trd, 000100.750, 162
Trd, 000100.883, 163
Trd, 000101.367, 153
Trd, 000101.900, 162
Trd, 000102.800, 163
Trd, 000102.900, 152
Trd, 000102.983, 152
Trd, 000103.000, 172
Trd, 000103.550, 149
Trd, 000104.733, 148.0
Trd, 000106.183, 151
Trd, 000107.250, 150
Trd, 000108.433, 151
Trd, 000108.633, 150
Trd, 000108.717, 148.0
Trd, 000108.750, 162
Trd, 000109.150, 148
Trd, 000109.717, 148
Trd, 000109.817, 153
Trd, 000109.867, 144.0
Trd, 000110.083, 141.0
Trd, 000111.533, 144
Trd, 000111.717, 142
Trd, 000112.367, 158
Trd, 000112.400, 141
Trd, 000112.483, 162
Trd, 000114.167, 162
Trd, 000115.250, 155
Trd, 000115.367, 154
Trd, 000116.450, 156
Trd, 000116.717, 155
Trd, 000117.067, 155
Trd, 000117.183, 154
Trd, 000117.717, 150
Trd, 000118.267, 156
Trd, 000118.367, 145.0
Trd, 000120.367, 144.0
Trd, 000120.383, 151
Trd, 000122.083, 151
Trd, 000122.467, 151
Trd, 000122.783, 147
Trd, 000123.083, 146
Trd, 000123.567, 146
Trd, 000123.767, 148
Trd, 000124.167, 149
Trd, 000124.967, 149
Trd, 000125.450, 162
Trd, 000125.733, 162
Trd, 000127.617, 157
Trd, 000128.533, 159
Trd, 000128.550, 158
Trd, 000129.567, 159
Trd, 000129.617, 167
Trd, 000129.700, 158
Trd, 000131.750, 160
Trd, 000131.867, 158
Trd, 000133.217, 162
Trd, 000134.067, 157
Trd, 000134.367, 154
Trd, 000134.483, 150
Trd, 000134.567, 159
Trd, 000134.850, 148.0
Trd, 000134.983, 144.0
Trd, 000135.500, 155
Trd, 000136.667, 150
Trd, 000137.633, 150
Trd, 000138.283, 153
Trd, 000138.550, 153
Trd, 000138.683, 152
Trd, 000139.017, 148
Trd, 000140.567, 148
Trd, 000141.367, 147
Trd, 000142.067, 147
Trd, 000142.200, 146
Trd, 000142.367, 144.0
Trd, 000143.900, 151
Trd, 000144.283, 149
Trd, 000144.550, 145
Trd, 000145.000, 144
Trd, 000145.633, 147
Trd, 000145.650, 149
Trd, 000146.150, 151
Trd, 000147.067, 160
Trd, 000147.433, 150
Trd, 000147.483, 162
Trd, 000148.400, 151
Trd, 000148.817, 151
Trd, 000148.850, 160
Trd, 000149.317, 153
Trd, 000149.450, 151
Trd, 000149.950, 152
Trd, 000150.217, 160
Trd, 000151.917, 151
Trd, 000152.967, 155
Trd, 000153.467, 150
Trd, 000153.583, 154
Trd, 000154.133, 149
Trd, 000155.733, 152
Trd, 000156.117, 150
Trd, 000156.933, 148
Trd, 000157.317, 148
Trd, 000157.800, 149
Trd, 000158.267, 148.0
Trd, 000159.117, 146
Trd, 000159.167, 148
Trd, 000159.583, 148
Trd, 000160.717, 146
Trd, 000161.167, 146
Trd, 000161.717, 146
Trd, 000161.833, 147
Trd, 000162.033, 146
Trd, 000164.167, 148
Trd, 000164.400, 159
Trd, 000165.133, 151
Trd, 000165.567, 151
Trd, 000166.483, 150
Trd, 000166.900, 148.0
Trd, 000167.583, 157
Trd, 000167.900, 162
Trd, 000167.950, 152
Trd, 000168.067, 169
Trd, 000168.367, 151
Trd, 000168.467, 164
Trd, 000168.817, 150
Trd, 000169.450, 145.0
Trd, 000169.550, 144.0
Trd, 000171.600, 156
Trd, 000171.917, 156
Trd, 000172.267, 150
Trd, 000172.750, 148.0
Trd, 000173.433, 148
Trd, 000175.000, 151
Trd, 000175.733, 151
Trd, 000176.000, 149
Trd, 000176.867, 147
Trd, 000177.483, 150
Trd, 000177.717, 148
Trd, 000178.050, 152
Trd, 000178.967, 149
Trd, 000180.450, 151
Trd, 000180.683, 149
Trd, 000180.817, 150
Trd, 000180.933, 149
Trd, 000181.100, 149
Trd, 000181.183, 162
Trd, 000181.317, 148.0
Trd, 000181.850, 145
Trd, 000183.133, 145.0
Trd, 000183.417, 144.0
Trd, 000184.133, 143
Trd, 000184.533, 154
Trd, 000185.183, 161
Trd, 000185.783, 148
Trd, 000185.833, 157
Trd, 000186.133, 148
Trd, 000186.550, 158
Trd, 000187.617, 169
Trd, 000187.750, 170
Trd, 000188.767, 158
Trd, 000188.817, 158
Trd, 000190.000, 159
Trd, 000190.850, 164
Trd, 000191.317, 162
Trd, 000191.367, 158
Trd, 000191.450, 154
Trd, 000192.750, 154
Trd, 000193.350, 159
Trd, 000193.550, 151
Trd, 000194.250, 160
Trd, 000194.633, 168
Trd, 000195.050, 151
Trd, 000196.317, 152
Trd, 000196.483, 152
Trd, 000196.500, 148.0
Trd, 000196.733, 153
Trd, 000197.383, 150
Trd, 000197.733, 149
Trd, 000197.817, 158
Trd, 000199.000, 135.0
Trd, 000199.200, 134.0
Trd, 000199.650, 158
Trd, 000200.400, 152
Trd, 000200.883, 146
Trd, 000201.233, 149
Trd, 000202.317, 148
Trd, 000202.950, 152
Trd, 000203.417, 149
Trd, 000204.550, 153
Trd, 000204.850, 148
Trd, 000205.100, 147
Trd, 000205.483, 161
Trd, 000205.500, 162
Trd, 000206.000, 148
Trd, 000206.033, 159
Trd, 000206.183, 148
Trd, 000207.383, 158
Trd, 000207.617, 168
Trd, 000209.250, 159
Trd, 000209.283, 159
Trd, 000209.600, 148
Trd, 000209.717, 163
Trd, 000209.800, 148.0
Trd, 000212.150, 156
Trd, 000214.317, 154
Trd, 000214.933, 155
Trd, 000215.267, 155
Trd, 000215.350, 157
Trd, 000215.450, 154
Trd, 000215.683, 153
Trd, 000216.817, 154
Trd, 000216.967, 151
Trd, 000217.467, 149
Trd, 000217.617, 157
Trd, 000218.383, 148.0
Trd, 000218.483, 162
Trd, 000218.767, 181.0
Trd, 000219.533, 174
Trd, 000220.700, 160
Trd, 000221.050, 156
Trd, 000221.233, 154
Trd, 000221.317, 148
Trd, 000221.600, 164
Trd, 000222.767, 152
Trd, 000224.767, 154
Trd, 000226.517, 158
Trd, 000226.750, 155
Trd, 000227.617, 156
Trd, 000227.867, 154
Trd, 000228.050, 154
Trd, 000228.133, 153
Trd, 000228.633, 154
Trd, 000228.883, 169
Trd, 000228.933, 148.0
Trd, 000229.183, 150
Trd, 000229.300, 171.0
Trd, 000229.667, 149
Trd, 000231.883, 151
Trd, 000233.383, 157
Trd, 000233.683, 154
Trd, 000234.850, 161
Trd, 000235.000, 162
Trd, 000235.317, 155
Trd, 000237.017, 156
Trd, 000237.267, 159
Trd, 000238.800, 158
Trd, 000240.033, 157
Trd, 000240.617, 155
Trd, 000240.783, 154
Trd, 000240.833, 155
Trd, 000240.933, 154
Trd, 000241.650, 155
Trd, 000241.783, 154
Trd, 000241.933, 155
Trd, 000242.233, 155
Trd, 000242.317, 153
Trd, 000242.433, 158.0
Trd, 000242.850, 162
Trd, 000243.817, 155
Trd, 000243.983, 159
Trd, 000244.117, 155
Trd, 000244.383, 154
Trd, 000244.683, 157
Trd, 000245.417, 156
Trd, 000246.100, 155
Trd, 000246.150, 154
Trd, 000246.800, 150
Trd, 000247.833, 147.0
Trd, 000247.867, 147
Trd, 000248.333, 148.0
Trd, 000248.567, 155.0
Trd, 000249.300, 147
Trd, 000249.483, 147
Trd, 000249.717, 145
Trd, 000250.283, 145
Trd, 000251.200, 148.0
Trd, 000251.383, 146
Trd, 000252.233, 147
Trd, 000252.417, 147
Trd, 000253.450, 147
Trd, 000253.633, 148
Trd, 000254.250, 146
Trd, 000255.200, 145
Trd, 000255.450, 146
Trd, 000255.850, 144.0
Trd, 000256.033, 146
Trd, 000256.367, 143
Trd, 000256.533, 144
Trd, 000256.633, 155.0
Trd, 000257.183, 143
Trd, 000257.583, 149
Trd, 000258.017, 145.0
Trd, 000258.417, 143.0
Trd, 000258.867, 144.0
Trd, 000258.933, 142.0
Trd, 000259.067, 148.0
Trd, 000259.283, 142
Trd, 000259.433, 147
Trd, 000261.250, 146
Trd, 000261.433, 141
Trd, 000262.600, 148.0
Trd, 000263.000, 151.0
Trd, 000263.067, 150
Trd, 000263.300, 146
Trd, 000264.033, 148
Trd, 000264.400, 145
Trd, 000265.300, 148
Trd, 000265.400, 144
Trd, 000265.483, 144
Trd, 000266.283, 148.0
Trd, 000267.000, 150
Trd, 000267.050, 145.0
Trd, 000267.283, 144
Trd, 000267.867, 147
Trd, 000268.433, 147
Trd, 000268.683, 146
Trd, 000268.867, 144.0
Trd, 000269.400, 145
Trd, 000269.533, 148
Trd, 000270.333, 155.0
Trd, 000270.533, 149
Trd, 000270.833, 156
Trd, 000270.950, 145
Trd, 000271.633, 146
Trd, 000271.917, 145
Trd, 000272.083, 145
Trd, 000272.517, 148.0
Trd, 000272.567, 144.0
Trd, 000273.700, 148
Trd, 000273.800, 144
Trd, 000273.900, 149
Trd, 000274.533, 147
Trd, 000274.800, 143
Trd, 000275.183, 142
Trd, 000275.550, 142
Trd, 000276.233, 147
Trd, 000276.667, 148.0
Trd, 000277.017, 148
Trd, 000278.067, 148.0
Trd, 000278.883, 145
Trd, 000279.017, 150
Trd, 000279.300, 150
Trd, 000279.600, 153.0
Trd, 000280.083, 152.0
Trd, 000280.767, 149
Trd, 000280.933, 149
Trd, 000281.350, 148
Trd, 000281.583, 144.0
Trd, 000281.983, 155.0
Trd, 000282.283, 157
Trd, 000282.383, 147
Trd, 000283.417, 155
Trd, 000283.767, 146
Trd, 000284.317, 147
Trd, 000285.533, 152
Trd, 000285.833, 152
Trd, 000286.250, 154
Trd, 000286.633, 148.0
Trd, 000286.783, 147
Trd, 000286.833, 154.0
Trd, 000287.950, 146
Trd, 000288.283, 145.0
Trd, 000289.183, 148.0
Trd, 000289.350, 146.0
Trd, 000289.633, 142
Trd, 000289.817, 147
Trd, 000290.767, 147
Trd, 000290.817, 144
Trd, 000290.867, 151
Trd, 000290.917, 143.0
Trd, 000291.433, 153.0
Trd, 000291.467, 144
Trd, 000292.150, 143
Trd, 000292.467, 155.0
Trd, 000293.300, 148.0
Trd, 000293.683, 158.0
Trd, 000293.733, 162
Trd, 000293.900, 158
Trd, 000294.883, 146
Trd, 000295.283, 168
Trd, 000295.400, 147
Trd, 000296.233, 145
Trd, 000296.367, 145
Trd, 000296.567, 144
Trd, 000297.650, 151
Trd, 000298.050, 146
Trd, 000298.083, 153
Trd, 000298.283, 162
Trd, 000298.533, 147
Trd, 000299.333, 146
Trd, 000299.383, 145
Trd, 000299.617, 167
