Trd, 000002.267, 126
Trd, 000002.383, 141.0
Trd, 000002.550, 155.0
Trd, 000002.917, 155.0
Trd, 000003.250, 131.0
Trd, 000004.117, 132
Trd, 000004.200, 137.0
Trd, 000005.750, 144
Trd, 000005.967, 144
Trd, 000006.467, 145.0
Trd, 000007.883, 150.0
Trd, 000008.383, 150.0
Trd, 000008.950, 150
Trd, 000009.417, 149.0
Trd, 000009.900, 148.0
Trd, 000010.917, 150.0
Trd, 000011.083, 148
Trd, 000011.483, 146
Trd, 000011.583, 145
Trd, 000012.150, 151.0
Trd, 000012.433, 153
Trd, 000013.033, 152
Trd, 000013.067, 148.0
Trd, 000013.350, 152.0
Trd, 000013.767, 152.0
Trd, 000014.400, 153.0
Trd, 000014.850, 155.0
Trd, 000014.900, 152
Trd, 000016.533, 154
Trd, 000016.867, 165
Trd, 000018.117, 153
Trd, 000019.300, 154
Trd, 000019.450, 150.0
Trd, 000020.300, 150
Trd, 000020.950, 148.0
Trd, 000021.783, 149
Trd, 000022.017, 148
Trd, 000022.100, 147
Trd, 000022.167, 148
Trd, 000022.517, 151.0
Trd, 000022.900, 147
Trd, 000025.267, 149
Trd, 000025.767, 150.0
Trd, 000026.117, 151.0
Trd, 000026.700, 150.0
Trd, 000027.750, 141.0
Trd, 000027.917, 152.0
Trd, 000028.433, 149.0
Trd, 000029.000, 152.0
Trd, 000029.500, 152.0
Trd, 000030.200, 154.0
Trd, 000030.333, 155.0
Trd, 000030.600, 149.0
Trd, 000031.083, 155.0
Trd, 000031.250, 147
Trd, 000031.500, 148.0
Trd, 000032.717, 137.0
Trd, 000033.283, 144.0
Trd, 000033.567, 151.0
Trd, 000034.300, 148
Trd, 000036.700, 156
Trd, 000037.217, 148
Trd, 000037.283, 147
Trd, 000037.717, 147
Trd, 000037.850, 153.0
Trd, 000037.917, 141.0
Trd, 000038.983, 136
Trd, 000039.817, 137.0
Trd, 000040.867, 134
Trd, 000041.000, 139
Trd, 000042.150, 141.0
Trd, 000042.167, 144.0
Trd, 000043.667, 138
Trd, 000044.317, 141
Trd, 000044.967, 141
Trd, 000045.250, 141
Trd, 000045.583, 139
Trd, 000046.100, 139
Trd, 000046.650, 141
Trd, 000047.750, 145
Trd, 000048.800, 155.0
Trd, 000050.067, 154
Trd, 000050.200, 152
Trd, 000050.367, 161
Trd, 000051.117, 156.0
Trd, 000051.217, 162
Trd, 000052.017, 155.0
Trd, 000052.600, 148.0
Trd, 000053.450, 153
Trd, 000054.083, 155
Trd, 000054.433, 143
Trd, 000054.500, 157
Trd, 000055.333, 155.0
Trd, 000055.983, 157
Trd, 000056.450, 158
Trd, 000058.483, 158
Trd, 000059.183, 148.0
Trd, 000060.250, 152
Trd, 000060.317, 153
Trd, 000061.083, 151
Trd, 000061.333, 148.0
Trd, 000061.700, 148
Trd, 000061.767, 149
Trd, 000062.133, 145
Trd, 000062.150, 151.0
Trd, 000064.300, 144
Trd, 000065.000, 148.0
Trd, 000065.050, 145
Trd, 000065.433, 142.0
Trd, 000066.817, 148.0
Trd, 000067.400, 150.0
Trd, 000068.067, 155.0
Trd, 000068.733, 147
Trd, 000069.633, 141.0
Trd, 000069.983, 155.0
Trd, 000070.017, 133
Trd, 000070.633, 157
Trd, 000072.550, 155.0
Trd, 000072.933, 153.0
Trd, 000073.600, 153.0
Trd, 000073.783, 153
Trd, 000073.867, 152.0
Trd, 000074.067, 155.0
Trd, 000074.100, 148.0
Trd, 000075.850, 155.0
Trd, 000076.650, 154
Trd, 000077.050, 146
Trd, 000077.550, 156
Trd, 000077.733, 144
Trd, 000077.750, 162
Trd, 000078.067, 142
Trd, 000078.383, 165
Trd, 000080.183, 154.0
Trd, 000080.250, 155.0
Trd, 000080.317, 153
Trd, 000080.717, 152
Trd, 000080.733, 168.0
Trd, 000082.417, 155
Trd, 000082.433, 144
Trd, 000082.967, 155
Trd, 000084.133, 154
Trd, 000084.333, 144.0
Trd, 000084.900, 155.0
Trd, 000084.967, 138
Trd, 000086.367, 160
Trd, 000087.600, 160
Trd, 000088.217, 162
Trd, 000088.383, 148.0
Trd, 000089.117, 154.0
Trd, 000089.617, 154.0
Trd, 000090.033, 153
Trd, 000090.050, 151
Trd, 000090.083, 154.0
Trd, 000090.583, 151
Trd, 000091.700, 152.0
Trd, 000092.050, 152.0
Trd, 000092.100, 148.0
Trd, 000092.550, 141.0
Trd, 000093.300, 145
Trd, 000094.000, 146
Trd, 000095.100, 143
Trd, 000095.583, 144
Trd, 000096.983, 150.0
Trd, 000097.317, 144
Trd, 000097.750, 148.0
Trd, 000097.967, 151.0
Trd, 000098.333, 150
Trd, 000099.117, 151.0
Trd, 000099.800, 152
Trd, 000099.950, 143.0
Trd, 000100.850, 150.0
Trd, 000101.550, 141.0
Trd, 000102.100, 141.0
Trd, 000102.700, 155.0
Trd, 000103.667, 143
Trd, 000103.733, 157
Trd, 000104.050, 143
Trd, 000104.333, 155.0
Trd, 000105.150, 142
Trd, 000105.450, 136
Trd, 000105.617, 148
Trd, 000105.883, 147
Trd, 000106.683, 148
Trd, 000107.783, 151.0
Trd, 000107.883, 145
Trd, 000109.883, 148.0
Trd, 000111.000, 146
Trd, 000111.733, 146
Trd, 000111.900, 146
Trd, 000111.950, 144
Trd, 000113.200, 151.0
Trd, 000114.100, 152.0
Trd, 000114.633, 153.0
Trd, 000115.783, 153.0
Trd, 000116.400, 153.0
Trd, 000116.717, 154.0
Trd, 000116.783, 155.0
Trd, 000117.050, 151.0
Trd, 000119.817, 151.0
Trd, 000119.933, 149.0
Trd, 000120.150, 150
Trd, 000120.467, 148.0
Trd, 000120.633, 149
Trd, 000121.233, 149
Trd, 000121.283, 150
Trd, 000121.633, 150
Trd, 000122.933, 151.0
Trd, 000124.067, 148
Trd, 000124.250, 153
Trd, 000124.783, 154.0
Trd, 000124.950, 150.0
Trd, 000124.967, 155.0
Trd, 000125.250, 156
Trd, 000125.833, 155.0
Trd, 000128.017, 157
Trd, 000128.333, 148.0
Trd, 000128.567, 156
Trd, 000128.583, 144
Trd, 000129.333, 151.0
Trd, 000129.483, 153.0
Trd, 000129.667, 144
Trd, 000130.950, 154
Trd, 000131.833, 155.0
Trd, 000132.000, 147
Trd, 000132.283, 142
Trd, 000133.633, 153
Trd, 000134.283, 148.0
Trd, 000134.967, 152
Trd, 000135.250, 154.0
Trd, 000137.067, 151
Trd, 000137.467, 149
Trd, 000138.133, 149
Trd, 000138.367, 148
Trd, 000138.567, 144
Trd, 000139.117, 154.0
Trd, 000139.517, 152
Trd, 000140.433, 153.0
Trd, 000140.900, 148.0
Trd, 000142.100, 153.0
Trd, 000143.983, 151
Trd, 000144.250, 148.0
Trd, 000144.900, 141
Trd, 000145.050, 133
Trd, 000145.300, 150.0
Trd, 000146.367, 141.0
Trd, 000146.667, 133
Trd, 000148.400, 142.0
Trd, 000148.717, 144.0
Trd, 000148.733, 144.0
Trd, 000148.950, 151.0
Trd, 000149.133, 145.0
Trd, 000150.767, 148.0
Trd, 000151.533, 155.0
Trd, 000152.417, 152
Trd, 000152.867, 153
Trd, 000153.067, 152
Trd, 000153.367, 154
Trd, 000155.267, 151.0
Trd, 000155.367, 149.0
Trd, 000156.150, 152
Trd, 000156.700, 148.0
Trd, 000157.267, 151.0
Trd, 000157.967, 149
Trd, 000158.217, 155.0
Trd, 000158.450, 148
Trd, 000159.833, 159
Trd, 000161.367, 150
Trd, 000161.883, 153
Trd, 000163.017, 150.0
Trd, 000163.550, 149.0
Trd, 000163.617, 149
Trd, 000163.900, 148.0
Trd, 000165.217, 141.0
Trd, 000165.450, 150.0
Trd, 000165.500, 133
Trd, 000165.600, 150.0
Trd, 000167.483, 132
Trd, 000168.067, 137
Trd, 000168.267, 148
Trd, 000168.433, 155.0
Trd, 000169.017, 141.0
Trd, 000169.500, 141
Trd, 000171.033, 140
Trd, 000171.300, 141
Trd, 000172.067, 144.0
Trd, 000172.117, 140.0
Trd, 000172.700, 151.0
Trd, 000173.150, 142
Trd, 000174.917, 149
Trd, 000174.933, 148
Trd, 000177.200, 151.0
Trd, 000177.233, 152
Trd, 000177.983, 151
Trd, 000178.967, 149.0
Trd, 000179.117, 148.0
Trd, 000179.567, 152
Trd, 000179.917, 161
Trd, 000180.933, 161
Trd, 000181.000, 155.0
Trd, 000181.683, 148.0
Trd, 000181.733, 155.0
Trd, 000182.100, 147
Trd, 000183.000, 157
Trd, 000183.217, 146
Trd, 000183.533, 144.0
Trd, 000183.933, 144
Trd, 000184.467, 154.0
Trd, 000184.950, 155.0
Trd, 000186.283, 151.0
Trd, 000186.900, 159
Trd, 000187.367, 154
Trd, 000187.767, 155
Trd, 000188.200, 162
Trd, 000188.617, 154
Trd, 000188.633, 149
Trd, 000189.383, 155.0
Trd, 000190.917, 162
Trd, 000191.533, 158
Trd, 000192.233, 157
Trd, 000192.533, 155
Trd, 000192.833, 160
Trd, 000193.567, 159
Trd, 000193.633, 158.0
Trd, 000193.800, 159
Trd, 000193.883, 148.0
Trd, 000195.533, 156
Trd, 000195.867, 156.0
Trd, 000196.283, 160
Trd, 000196.433, 162
Trd, 000197.750, 160
Trd, 000197.850, 158.0
Trd, 000198.467, 159
Trd, 000198.567, 155.0
Trd, 000198.633, 142
Trd, 000200.817, 156
Trd, 000200.933, 153
Trd, 000201.667, 154
Trd, 000202.250, 155
Trd, 000202.483, 153
Trd, 000203.033, 149.0
Trd, 000204.117, 147
Trd, 000204.167, 141.0
Trd, 000205.033, 142
Trd, 000205.067, 152.0
Trd, 000205.200, 155.0
Trd, 000205.617, 146
Trd, 000206.450, 155
Trd, 000206.950, 156
Trd, 000207.150, 148.0
Trd, 000208.933, 159
Trd, 000209.067, 160
Trd, 000209.217, 153.0
Trd, 000210.267, 156.0
Trd, 000210.617, 155
Trd, 000210.983, 155.0
Trd, 000212.967, 150.0
Trd, 000213.983, 148.0
Trd, 000214.433, 145
Trd, 000214.917, 148
Trd, 000215.383, 150
Trd, 000216.100, 151
Trd, 000216.283, 154
Trd, 000217.267, 152.0
Trd, 000217.750, 151.0
Trd, 000218.583, 150.0
Trd, 000218.650, 155.0
Trd, 000219.033, 161
Trd, 000219.250, 144
Trd, 000220.667, 154
Trd, 000220.733, 153
Trd, 000221.067, 162
Trd, 000221.150, 150
Trd, 000222.050, 165
Trd, 000222.117, 157
Trd, 000223.333, 172.0
Trd, 000223.833, 157.0
Trd, 000224.683, 156.0
Trd, 000224.783, 155.0
Trd, 000225.000, 181.0
Trd, 000225.550, 153
Trd, 000226.850, 153
Trd, 000227.083, 152
Trd, 000227.433, 150
Trd, 000228.767, 158
Trd, 000229.067, 148.0
Trd, 000230.400, 150
Trd, 000230.683, 151
Trd, 000230.783, 146
Trd, 000231.067, 143
Trd, 000231.283, 154
Trd, 000231.833, 153
Trd, 000232.267, 148.0
Trd, 000232.733, 155.0
Trd, 000234.000, 138
Trd, 000234.383, 140.0
Trd, 000235.283, 140.0
Trd, 000235.767, 140.0
Trd, 000235.883, 141.0
Trd, 000236.317, 144.0
Trd, 000236.533, 151.0
Trd, 000237.350, 162
Trd, 000237.483, 142.0
Trd, 000239.517, 155.0
Trd, 000240.283, 153
Trd, 000240.633, 154
Trd, 000240.800, 151
Trd, 000241.183, 150
Trd, 000241.333, 149
Trd, 000241.467, 151.0
Trd, 000241.700, 150.0
Trd, 000242.017, 151
Trd, 000242.050, 150
Trd, 000242.100, 153
Trd, 000242.367, 152.0
Trd, 000243.000, 149.0
Trd, 000243.467, 152
Trd, 000243.933, 151.0
Trd, 000244.233, 151.0
Trd, 000244.483, 148.0
Trd, 000245.183, 145.0
Trd, 000245.433, 142
Trd, 000245.450, 143.0
Trd, 000245.767, 146.0
Trd, 000245.950, 142.0
Trd, 000246.233, 148.0
Trd, 000246.367, 148
Trd, 000247.400, 149
Trd, 000247.867, 151.0
Trd, 000247.983, 150.0
Trd, 000248.400, 152
Trd, 000248.567, 152.0
Trd, 000249.467, 153.0
Trd, 000250.200, 152.0
Trd, 000250.300, 151.0
Trd, 000250.567, 148.0
Trd, 000251.133, 150
Trd, 000252.000, 147
Trd, 000252.050, 148
Trd, 000252.217, 147
Trd, 000252.517, 150
Trd, 000252.950, 149
Trd, 000253.767, 149
Trd, 000254.133, 154.0
Trd, 000254.267, 151
Trd, 000254.633, 143
Trd, 000255.367, 153.0
Trd, 000255.883, 147.0
Trd, 000256.400, 153.0
Trd, 000256.850, 152
Trd, 000257.050, 153
Trd, 000257.300, 151.0
Trd, 000257.433, 143
Trd, 000257.850, 148.0
Trd, 000257.867, 151
Trd, 000258.783, 142
Trd, 000258.933, 152.0
Trd, 000260.067, 152.0
Trd, 000260.250, 149.0
Trd, 000260.383, 152.0
Trd, 000260.600, 149.0
Trd, 000260.750, 154.0
Trd, 000261.150, 156.0
Trd, 000262.050, 149.0
Trd, 000262.500, 150.0
Trd, 000262.967, 148.0
Trd, 000263.283, 144
Trd, 000263.433, 147
Trd, 000263.917, 147
Trd, 000264.417, 147
Trd, 000264.867, 148
Trd, 000265.083, 144
Trd, 000265.250, 149
Trd, 000265.367, 151.0
Trd, 000265.517, 152
Trd, 000266.133, 154
Trd, 000266.200, 148.0
Trd, 000267.083, 154.0
Trd, 000267.533, 152
Trd, 000267.583, 155.0
Trd, 000267.783, 156
Trd, 000268.167, 151
Trd, 000268.483, 152
Trd, 000268.983, 155.0
Trd, 000269.000, 156.0
Trd, 000269.717, 153.0
Trd, 000269.933, 158.0
Trd, 000270.150, 162
Trd, 000270.667, 165
Trd, 000270.767, 159
Trd, 000270.783, 159
Trd, 000271.383, 151.0
Trd, 000272.000, 148.0
Trd, 000273.100, 142.0
Trd, 000273.233, 141.0
Trd, 000273.817, 136.0
Trd, 000274.150, 137
Trd, 000274.250, 131.0
Trd, 000274.450, 137.0
Trd, 000274.950, 132
Trd, 000275.383, 136
Trd, 000275.567, 143.0
Trd, 000275.633, 144.0
Trd, 000275.967, 148.0
Trd, 000275.983, 151.0
Trd, 000276.417, 155.0
Trd, 000276.450, 151.0
Trd, 000276.683, 158.0
Trd, 000277.117, 149
Trd, 000277.517, 149
Trd, 000277.917, 161
Trd, 000278.317, 147
Trd, 000278.600, 162
Trd, 000279.450, 141.0
Trd, 000280.017, 148.0
Trd, 000280.767, 152.0
Trd, 000280.783, 153.0
Trd, 000281.200, 152.0
Trd, 000281.333, 153.0
Trd, 000281.383, 154
Trd, 000281.567, 152.0
Trd, 000281.967, 148.0
Trd, 000282.883, 153.0
Trd, 000283.300, 155.0
Trd, 000283.417, 154.0
Trd, 000284.500, 157
Trd, 000284.700, 153
Trd, 000284.983, 158.0
Trd, 000285.200, 151.0
Trd, 000285.800, 144
Trd, 000286.050, 141.0
Trd, 000286.383, 134
Trd, 000286.517, 144
Trd, 000286.700, 151.0
Trd, 000287.733, 149
Trd, 000288.267, 150
Trd, 000288.750, 148.0
Trd, 000289.083, 150
Trd, 000289.867, 145
Trd, 000289.967, 149
Trd, 000290.600, 150
Trd, 000290.700, 150
Trd, 000290.767, 155.0
Trd, 000290.850, 146
Trd, 000291.067, 145
Trd, 000291.367, 152
Trd, 000291.450, 159
Trd, 000291.783, 158.0
Trd, 000292.050, 158
Trd, 000292.300, 143
Trd, 000293.133, 151.0
Trd, 000293.350, 151
Trd, 000293.533, 152
Trd, 000293.683, 148.0
Trd, 000293.850, 141.0
Trd, 000294.350, 144
Trd, 000294.833, 149
Trd, 000296.050, 143
Trd, 000296.167, 140
Trd, 000296.200, 151
Trd, 000296.433, 155.0
Trd, 000296.450, 158.0
Trd, 000297.483, 137
Trd, 000298.517, 148.0
Trd, 000299.117, 155.0
Trd, 000299.717, 149.0
Trd, 000299.817, 152
