Trd, 000001.683, 134.0
Trd, 000003.000, 137
Trd, 000003.500, 127
Trd, 000004.550, 131
Trd, 000004.667, 134
Trd, 000005.200, 137
Trd, 000005.367, 148.0
Trd, 000005.650, 134
Trd, 000006.317, 144.0
Trd, 000006.350, 145
Trd, 000006.800, 150
Trd, 000006.967, 142.0
Trd, 000007.300, 158.0
Trd, 000007.517, 141.0
Trd, 000007.533, 142
Trd, 000008.283, 136
Trd, 000008.600, 142
Trd, 000009.117, 144.0
Trd, 000009.450, 148.0
Trd, 000009.633, 137
Trd, 000009.683, 169
Trd, 000010.817, 146
Trd, 000011.483, 146
Trd, 000011.767, 145
Trd, 000012.767, 141
Trd, 000013.267, 142
Trd, 000014.233, 143.0
Trd, 000015.400, 144.0
Trd, 000015.450, 148.0
Trd, 000016.583, 145.0
Trd, 000018.083, 145.0
Trd, 000019.367, 144.0
Trd, 000019.617, 148.0
Trd, 000019.883, 149.0
Trd, 000020.017, 147
Trd, 000020.550, 148
Trd, 000020.567, 141
Trd, 000020.967, 151.0
Trd, 000021.617, 141.0
Trd, 000021.683, 148
Trd, 000022.517, 147
Trd, 000022.983, 147
Trd, 000023.450, 148
Trd, 000023.583, 149
Trd, 000024.033, 138
Trd, 000024.100, 137
Trd, 000024.300, 150.0
Trd, 000025.050, 150.0
Trd, 000026.100, 150
Trd, 000026.500, 146
Trd, 000026.567, 145
Trd, 000026.633, 151.0
Trd, 000026.917, 157.0
Trd, 000027.233, 158.0
Trd, 000028.233, 157.0
Trd, 000028.267, 158.0
Trd, 000029.567, 149
Trd, 000030.200, 154
Trd, 000030.517, 155
Trd, 000030.783, 156
Trd, 000031.000, 149
Trd, 000031.983, 149
Trd, 000032.983, 144.0
Trd, 000033.450, 151.0
Trd, 000033.583, 154
Trd, 000034.233, 157.0
Trd, 000034.917, 158.0
Trd, 000034.967, 162.0
Trd, 000035.417, 156
Trd, 000036.117, 153
Trd, 000036.633, 153
Trd, 000036.800, 153
Trd, 000037.217, 151
Trd, 000038.233, 151
Trd, 000038.833, 154
Trd, 000039.283, 144.0
Trd, 000039.467, 158
Trd, 000039.917, 158
Trd, 000039.933, 159
Trd, 000042.033, 156
Trd, 000042.700, 151.0
Trd, 000042.833, 150.0
Trd, 000043.133, 151
Trd, 000043.883, 150
Trd, 000044.183, 149
Trd, 000044.283, 150
Trd, 000044.800, 149
Trd, 000044.883, 144.0
Trd, 000045.367, 150
Trd, 000045.567, 151
Trd, 000046.233, 151.0
Trd, 000046.533, 153
Trd, 000048.417, 149
Trd, 000048.967, 149
Trd, 000049.467, 149
Trd, 000049.767, 151
Trd, 000050.200, 151.0
Trd, 000050.767, 146
Trd, 000051.300, 145.0
Trd, 000052.050, 152.0
Trd, 000052.683, 151.0
Trd, 000053.067, 150
Trd, 000053.233, 158.0
Trd, 000053.817, 150
Trd, 000054.767, 150.0
Trd, 000054.900, 148
Trd, 000056.150, 151.0
Trd, 000056.300, 151
Trd, 000056.617, 148
Trd, 000056.667, 144.0
Trd, 000056.683, 150
Trd, 000056.783, 150
Trd, 000059.400, 145
Trd, 000060.033, 145
Trd, 000060.333, 145.0
Trd, 000060.683, 144.0
Trd, 000060.833, 142.0
Trd, 000061.117, 146
Trd, 000061.317, 148.0
Trd, 000062.567, 148
Trd, 000063.333, 147
Trd, 000064.300, 150.0
Trd, 000064.533, 150.0
Trd, 000065.217, 148
Trd, 000065.783, 149.0
Trd, 000066.017, 151.0
Trd, 000066.617, 150
Trd, 000066.750, 149
Trd, 000068.917, 154.0
Trd, 000069.117, 141.0
Trd, 000069.833, 151.0
Trd, 000069.983, 158.0
Trd, 000070.217, 162.0
Trd, 000071.567, 151.0
Trd, 000072.250, 148
Trd, 000072.433, 149
Trd, 000073.050, 158.0
Trd, 000073.183, 171
Trd, 000073.333, 155
Trd, 000074.383, 157
Trd, 000075.483, 158.0
Trd, 000076.400, 153
Trd, 000076.500, 153
Trd, 000077.633, 152
Trd, 000077.967, 153.0
Trd, 000078.233, 152
Trd, 000078.550, 152
Trd, 000078.617, 153
Trd, 000078.667, 144.0
Trd, 000079.133, 155
Trd, 000081.233, 148
Trd, 000081.850, 134.0
Trd, 000081.900, 135
Trd, 000082.333, 148.0
Trd, 000083.150, 134.0
Trd, 000084.233, 143
Trd, 000084.300, 144
Trd, 000084.800, 144.0
Trd, 000085.467, 145
Trd, 000086.217, 144
Trd, 000086.950, 143
Trd, 000088.083, 146
Trd, 000088.300, 158.0
Trd, 000088.533, 148
Trd, 000088.600, 167
Trd, 000089.667, 149
Trd, 000089.700, 150
Trd, 000090.083, 150.0
Trd, 000091.950, 149
Trd, 000093.633, 148
Trd, 000094.083, 145.0
Trd, 000095.067, 148
Trd, 000095.533, 145.0
Trd, 000095.583, 149
Trd, 000096.100, 149
Trd, 000096.117, 151.0
Trd, 000096.133, 145.0
Trd, 000097.367, 148
Trd, 000098.217, 149
Trd, 000098.717, 148
Trd, 000099.917, 148
Trd, 000101.033, 147
Trd, 000101.417, 148.0
Trd, 000102.650, 148
Trd, 000103.267, 148
Trd, 000103.433, 148
Trd, 000103.833, 149.0
Trd, 000103.850, 150.0
Trd, 000103.933, 146
Trd, 000104.533, 150
Trd, 000104.867, 149.0
Trd, 000105.733, 151.0
Trd, 000107.167, 147
Trd, 000107.633, 146.0
Trd, 000108.517, 147
Trd, 000108.767, 151.0
Trd, 000108.817, 144
Trd, 000109.000, 137
Trd, 000109.667, 150
Trd, 000111.450, 157.0
Trd, 000111.950, 156
Trd, 000112.083, 157.0
Trd, 000112.150, 155.0
Trd, 000112.233, 162.0
Trd, 000112.550, 144.0
Trd, 000112.900, 167
Trd, 000116.250, 148
Trd, 000116.333, 150.0
Trd, 000117.450, 150.0
Trd, 000117.633, 151.0
Trd, 000118.033, 151
Trd, 000118.483, 151
Trd, 000119.333, 150
Trd, 000120.067, 156
Trd, 000120.467, 157.0
Trd, 000120.517, 157.0
Trd, 000121.100, 154
Trd, 000121.217, 154
Trd, 000121.550, 153
Trd, 000122.083, 150
Trd, 000122.217, 149
Trd, 000123.650, 141.0
Trd, 000123.733, 148.0
Trd, 000124.183, 149.0
Trd, 000124.317, 151.0
Trd, 000125.600, 147
Trd, 000125.733, 148
Trd, 000125.950, 145
Trd, 000126.550, 145.0
Trd, 000126.817, 144.0
Trd, 000127.367, 146
Trd, 000128.383, 157.0
Trd, 000128.683, 157.0
Trd, 000129.383, 151
Trd, 000129.417, 151
Trd, 000130.417, 150
Trd, 000130.683, 155
Trd, 000131.017, 150
Trd, 000131.050, 151.0
Trd, 000131.283, 154.0
Trd, 000133.283, 150
Trd, 000134.067, 149
Trd, 000135.200, 149
Trd, 000135.367, 147.0
Trd, 000135.400, 146.0
Trd, 000136.667, 146
Trd, 000137.083, 148
Trd, 000137.817, 156.0
Trd, 000138.000, 145
Trd, 000138.383, 141
Trd, 000138.433, 141.0
Trd, 000139.683, 145
Trd, 000140.183, 145
Trd, 000140.350, 144
Trd, 000140.967, 144
Trd, 000141.583, 148.0
Trd, 000142.150, 158.0
Trd, 000142.967, 162.0
Trd, 000143.983, 147
Trd, 000144.533, 147
Trd, 000144.717, 147
Trd, 000144.883, 148.0
Trd, 000145.267, 148.0
Trd, 000146.083, 146
Trd, 000146.250, 151.0
Trd, 000147.650, 148.0
Trd, 000148.750, 149
Trd, 000149.617, 148
Trd, 000150.983, 149
Trd, 000151.267, 150.0
Trd, 000152.000, 149.0
Trd, 000152.233, 162.0
Trd, 000152.700, 151.0
Trd, 000152.833, 163
Trd, 000154.867, 151
Trd, 000155.017, 148
Trd, 000155.350, 147
Trd, 000156.300, 150
Trd, 000156.433, 149
Trd, 000156.650, 150
Trd, 000158.217, 148
Trd, 000158.550, 149
Trd, 000158.983, 149
Trd, 000159.883, 148
Trd, 000160.083, 149
Trd, 000160.167, 150.0
Trd, 000162.250, 150.0
Trd, 000162.750, 162.0
Trd, 000163.117, 148
Trd, 000163.450, 151.0
Trd, 000164.233, 157.0
Trd, 000164.483, 157.0
Trd, 000165.350, 158.0
Trd, 000165.817, 158
Trd, 000166.250, 155.0
Trd, 000166.583, 154
Trd, 000166.933, 134.0
Trd, 000167.017, 153
Trd, 000168.533, 145
Trd, 000168.583, 146
Trd, 000168.617, 147
Trd, 000168.683, 158.0
Trd, 000169.067, 145
Trd, 000169.583, 146
Trd, 000169.600, 144.0
Trd, 000169.633, 168
Trd, 000170.100, 151.0
Trd, 000171.650, 153
Trd, 000172.283, 160
Trd, 000173.217, 157
Trd, 000173.283, 160
Trd, 000173.400, 156
Trd, 000173.833, 155.0
Trd, 000174.500, 158
Trd, 000174.833, 152
Trd, 000175.400, 151
Trd, 000176.133, 147
Trd, 000176.517, 148
Trd, 000176.767, 158.0
Trd, 000176.867, 146.0
Trd, 000178.250, 151.0
Trd, 000178.367, 157
Trd, 000178.850, 151.0
Trd, 000179.017, 148
Trd, 000180.017, 143
Trd, 000181.567, 147.0
Trd, 000182.050, 147.0
Trd, 000182.567, 148.0
Trd, 000183.467, 146
Trd, 000183.600, 148
Trd, 000184.250, 157.0
Trd, 000185.167, 147.0
Trd, 000185.183, 157.0
Trd, 000185.283, 144.0
Trd, 000185.767, 158.0
Trd, 000185.967, 162.0
Trd, 000186.450, 149
Trd, 000187.517, 148
Trd, 000187.667, 146
Trd, 000189.633, 148
Trd, 000189.700, 148.0
Trd, 000190.567, 148.0
Trd, 000191.117, 149
Trd, 000192.117, 150
Trd, 000192.133, 149
Trd, 000192.500, 151.0
Trd, 000192.550, 158.0
Trd, 000192.800, 146
Trd, 000192.850, 145
Trd, 000193.883, 152
Trd, 000194.133, 144.0
Trd, 000194.483, 141.0
Trd, 000195.533, 148.0
Trd, 000195.883, 148.0
Trd, 000196.283, 146
Trd, 000196.900, 148.0
Trd, 000197.250, 150
Trd, 000197.633, 151.0
Trd, 000197.950, 158.0
Trd, 000198.350, 147
Trd, 000198.900, 158.0
Trd, 000199.183, 159.0
Trd, 000199.867, 161.0
Trd, 000201.000, 148.0
Trd, 000201.350, 155
Trd, 000201.583, 155
Trd, 000201.800, 156
Trd, 000203.267, 149.0
Trd, 000204.017, 151.0
Trd, 000204.733, 157.0
Trd, 000205.000, 153
Trd, 000205.267, 149.0
Trd, 000205.467, 157.0
Trd, 000205.750, 149
Trd, 000207.283, 151
Trd, 000207.783, 154
Trd, 000207.900, 156
Trd, 000208.133, 157.0
Trd, 000208.350, 150
Trd, 000209.533, 149
Trd, 000209.783, 150
Trd, 000210.400, 151.0
Trd, 000210.500, 147.0
Trd, 000211.050, 151
Trd, 000212.300, 147.0
Trd, 000212.500, 151
Trd, 000213.000, 151
Trd, 000213.200, 145.0
Trd, 000214.417, 150.0
Trd, 000215.700, 148
Trd, 000215.833, 150
Trd, 000216.317, 151.0
Trd, 000216.333, 151
Trd, 000216.550, 161.0
Trd, 000217.133, 149
Trd, 000217.583, 150
Trd, 000218.467, 148
Trd, 000218.717, 149
Trd, 000219.317, 151
Trd, 000220.567, 148.0
Trd, 000220.650, 148.0
Trd, 000221.433, 150.0
Trd, 000221.600, 150
Trd, 000221.900, 151.0
Trd, 000222.000, 149
Trd, 000222.167, 158.0
Trd, 000222.283, 167
Trd, 000223.617, 147.0
Trd, 000224.167, 151
Trd, 000224.500, 148
Trd, 000224.917, 149
Trd, 000225.617, 148
Trd, 000225.650, 149
Trd, 000226.067, 146
Trd, 000226.783, 149
Trd, 000227.783, 144.0
Trd, 000227.967, 149
Trd, 000228.050, 150
Trd, 000228.300, 162.0
Trd, 000228.467, 146
Trd, 000228.483, 145
Trd, 000229.400, 149.0
Trd, 000229.867, 149
Trd, 000230.333, 151.0
Trd, 000231.050, 144.0
Trd, 000232.633, 149
Trd, 000232.917, 153.0
Trd, 000233.333, 147
Trd, 000233.550, 152.0
Trd, 000233.700, 145.0
Trd, 000234.367, 147.0
Trd, 000235.283, 145
Trd, 000235.617, 144.0
Trd, 000236.033, 145
Trd, 000238.167, 150.0
Trd, 000238.917, 145
Trd, 000240.250, 156.0
Trd, 000240.467, 154.0
Trd, 000240.500, 146
Trd, 000241.083, 148
Trd, 000242.033, 152.0
Trd, 000242.200, 151.0
Trd, 000242.333, 147
Trd, 000242.883, 153.0
Trd, 000243.183, 150.0
Trd, 000243.200, 151.0
Trd, 000243.433, 152
Trd, 000243.817, 151
Trd, 000244.417, 152
Trd, 000245.217, 152.0
Trd, 000245.400, 151.0
Trd, 000245.883, 152.0
Trd, 000246.017, 150
Trd, 000246.217, 153.0
Trd, 000246.633, 152
Trd, 000246.850, 150
Trd, 000246.917, 152
Trd, 000247.317, 154
Trd, 000248.133, 152
Trd, 000248.433, 153
Trd, 000248.683, 157.0
Trd, 000248.817, 158.0
Trd, 000249.917, 153
Trd, 000250.167, 158.0
Trd, 000251.233, 152
Trd, 000251.833, 153
Trd, 000251.850, 154
Trd, 000251.950, 152
Trd, 000251.967, 154
Trd, 000252.700, 158.0
Trd, 000252.933, 155
Trd, 000253.517, 154
Trd, 000253.600, 155
Trd, 000253.717, 153
Trd, 000254.083, 152
Trd, 000254.500, 151.0
Trd, 000255.033, 156
Trd, 000255.433, 150.0
Trd, 000255.517, 158.0
Trd, 000255.783, 157
Trd, 000255.900, 162.0
Trd, 000256.717, 145.0
Trd, 000256.750, 151.0
Trd, 000257.767, 141.0
Trd, 000259.067, 137
Trd, 000259.317, 139
Trd, 000260.050, 142
Trd, 000260.667, 144.0
Trd, 000260.683, 141
Trd, 000260.983, 148.0
Trd, 000261.000, 147
Trd, 000261.417, 144
Trd, 000261.550, 144
Trd, 000261.667, 146
Trd, 000262.050, 143
Trd, 000262.183, 146
Trd, 000262.833, 137
Trd, 000263.400, 145
Trd, 000263.583, 136
Trd, 000263.917, 145
Trd, 000264.750, 132
Trd, 000265.083, 134.0
Trd, 000265.767, 153
Trd, 000265.783, 152
Trd, 000266.433, 153.0
Trd, 000266.483, 158.0
Trd, 000266.633, 162.0
Trd, 000267.167, 170.0
Trd, 000267.800, 168.0
Trd, 000267.883, 167
Trd, 000269.183, 159.0
Trd, 000269.517, 158.0
Trd, 000269.983, 157
Trd, 000271.200, 151.0
Trd, 000271.400, 155
Trd, 000271.583, 156
Trd, 000271.633, 158.0
Trd, 000271.783, 162.0
Trd, 000272.333, 162
Trd, 000272.633, 157.0
Trd, 000273.467, 155.0
Trd, 000273.783, 154
Trd, 000274.333, 155
Trd, 000274.417, 151.0
Trd, 000274.483, 146
Trd, 000275.267, 156
Trd, 000275.450, 156
Trd, 000275.717, 158.0
Trd, 000275.800, 155.0
Trd, 000275.883, 155.0
Trd, 000276.517, 154.0
Trd, 000276.683, 161.0
Trd, 000277.383, 153
Trd, 000278.067, 151.0
Trd, 000278.267, 157
Trd, 000279.267, 153
Trd, 000279.667, 153
Trd, 000279.833, 154
Trd, 000279.967, 162.0
Trd, 000280.350, 162.0
Trd, 000281.300, 157
Trd, 000281.383, 156.0
Trd, 000281.983, 155.0
Trd, 000282.417, 151
Trd, 000282.650, 157
Trd, 000283.383, 151.0
Trd, 000283.967, 145.0
Trd, 000284.333, 148
Trd, 000284.533, 146
Trd, 000284.600, 151
Trd, 000285.267, 151
Trd, 000286.033, 151
Trd, 000286.233, 151
Trd, 000286.367, 146.0
Trd, 000286.617, 148
Trd, 000286.783, 150.0
Trd, 000286.917, 151.0
Trd, 000287.000, 158.0
Trd, 000287.567, 161
Trd, 000288.350, 144.0
Trd, 000289.700, 151
Trd, 000289.867, 155
Trd, 000290.567, 158.0
Trd, 000290.967, 152.0
Trd, 000291.033, 168
Trd, 000291.517, 152.0
Trd, 000291.750, 151.0
Trd, 000292.000, 152
Trd, 000292.100, 153
Trd, 000292.850, 151
Trd, 000292.917, 153
Trd, 000293.233, 154
Trd, 000293.467, 151.0
Trd, 000293.500, 172.0
Trd, 000294.150, 174.0
Trd, 000294.183, 145.0
Trd, 000295.850, 153
Trd, 000296.683, 153
Trd, 000297.200, 153
Trd, 000297.233, 157
Trd, 000297.533, 152
Trd, 000297.983, 145
Trd, 000298.000, 156
Trd, 000298.050, 144.0
Trd, 000298.100, 162.0
Trd, 000298.133, 141.0
Trd, 000299.317, 132
Trd, 000299.817, 134.0
