Trd, 000001.900, 113
Trd, 000002.767, 131.0
Trd, 000003.350, 130
Trd, 000003.617, 146
Trd, 000003.767, 134
Trd, 000004.183, 137.0
Trd, 000005.367, 140
Trd, 000005.650, 141
Trd, 000005.700, 135
Trd, 000005.983, 148
Trd, 000006.783, 136
Trd, 000007.383, 156
Trd, 000007.967, 159.0
Trd, 000008.167, 158.0
Trd, 000008.917, 145
Trd, 000008.967, 146
Trd, 000009.367, 145
Trd, 000010.417, 160
Trd, 000010.583, 161.0
Trd, 000011.217, 159.0
Trd, 000011.500, 162.0
Trd, 000012.733, 159.0
Trd, 000014.050, 158.0
Trd, 000014.383, 150
Trd, 000015.133, 151
Trd, 000015.717, 149
Trd, 000016.600, 147
Trd, 000016.767, 151
Trd, 000016.783, 146
Trd, 000018.083, 147
Trd, 000018.200, 150
Trd, 000019.283, 147
Trd, 000019.867, 153
Trd, 000020.650, 151
Trd, 000021.317, 154.0
Trd, 000021.600, 155.0
Trd, 000021.917, 162.0
Trd, 000022.550, 155
Trd, 000022.867, 155
Trd, 000022.950, 154
Trd, 000024.617, 158.0
Trd, 000024.833, 159
Trd, 000025.267, 161.0
Trd, 000026.150, 161
Trd, 000026.967, 161
Trd, 000027.533, 159.0
Trd, 000029.050, 161.0
Trd, 000029.400, 160.0
Trd, 000030.517, 161
Trd, 000030.717, 161
Trd, 000030.733, 163
Trd, 000031.000, 160
Trd, 000032.017, 150
Trd, 000032.500, 163
Trd, 000032.750, 162
Trd, 000032.850, 163
Trd, 000033.067, 150.0
Trd, 000034.033, 159.0
Trd, 000035.417, 160.0
Trd, 000035.933, 161
Trd, 000038.000, 158.0
Trd, 000038.367, 159
Trd, 000038.550, 158
Trd, 000038.583, 161
Trd, 000039.100, 162.0
Trd, 000039.517, 158
Trd, 000041.200, 155
Trd, 000041.417, 157
Trd, 000041.600, 158
Trd, 000042.717, 161.0
Trd, 000043.033, 161
Trd, 000044.833, 160
Trd, 000045.183, 160
Trd, 000045.433, 159
Trd, 000045.833, 158.0
Trd, 000046.150, 160
Trd, 000047.550, 158
Trd, 000047.700, 156
Trd, 000047.933, 158
Trd, 000048.733, 156
Trd, 000050.383, 158
Trd, 000050.550, 156
Trd, 000050.583, 158
Trd, 000050.933, 158
Trd, 000051.083, 159
Trd, 000051.583, 155
Trd, 000051.767, 150
Trd, 000053.283, 157
Trd, 000054.300, 158
Trd, 000055.100, 156
Trd, 000056.100, 156
Trd, 000056.283, 156
Trd, 000056.350, 156
Trd, 000056.817, 156
Trd, 000057.267, 156
Trd, 000057.383, 162.0
Trd, 000058.533, 157
Trd, 000059.483, 157
Trd, 000060.583, 156
Trd, 000061.100, 153
Trd, 000061.233, 155
Trd, 000061.683, 156
Trd, 000062.600, 152
Trd, 000062.817, 155
Trd, 000063.350, 153
Trd, 000063.700, 154
Trd, 000063.717, 152
Trd, 000065.083, 154
Trd, 000066.700, 152
Trd, 000067.283, 154
Trd, 000068.183, 155.0
Trd, 000068.233, 152
Trd, 000068.850, 152
Trd, 000068.967, 151
Trd, 000069.533, 154
Trd, 000070.550, 153
Trd, 000070.933, 152
Trd, 000072.100, 154
Trd, 000072.733, 150
Trd, 000073.867, 152
Trd, 000074.150, 148.0
Trd, 000074.300, 153
Trd, 000074.717, 153
Trd, 000074.850, 153
Trd, 000075.433, 153
Trd, 000076.667, 153
Trd, 000077.067, 155.0
Trd, 000077.233, 151
Trd, 000078.183, 150.0
Trd, 000079.817, 154
Trd, 000080.383, 153
Trd, 000080.733, 152
Trd, 000081.283, 155
Trd, 000081.600, 153
Trd, 000082.900, 156
Trd, 000083.917, 153
Trd, 000085.533, 154.0
Trd, 000086.383, 150
Trd, 000086.667, 154
Trd, 000087.100, 152
Trd, 000087.700, 153
Trd, 000088.967, 151
Trd, 000089.267, 150.0
Trd, 000089.450, 148.0
Trd, 000089.783, 152
Trd, 000090.650, 149
Trd, 000090.767, 151
Trd, 000090.800, 153
Trd, 000091.883, 155.0
Trd, 000092.367, 161.0
Trd, 000093.383, 150
Trd, 000094.100, 152
Trd, 000094.217, 154
Trd, 000094.233, 153
Trd, 000094.333, 154
Trd, 000095.617, 154
Trd, 000096.700, 154
Trd, 000097.800, 154
Trd, 000098.233, 155
Trd, 000098.533, 155.0
Trd, 000099.383, 155
Trd, 000099.433, 155
Trd, 000099.900, 156
Trd, 000100.567, 167.0
Trd, 000100.683, 165.0
Trd, 000100.867, 165.0
Trd, 000100.950, 143
Trd, 000102.067, 159
Trd, 000103.283, 162
Trd, 000103.533, 161
Trd, 000105.000, 156
Trd, 000105.417, 155
Trd, 000105.583, 148
Trd, 000105.800, 155
Trd, 000106.467, 155
Trd, 000106.783, 155
Trd, 000107.200, 155
Trd, 000107.450, 154
Trd, 000107.750, 155
Trd, 000108.150, 157
Trd, 000109.033, 156
Trd, 000109.283, 155
Trd, 000109.683, 154
Trd, 000109.917, 156
Trd, 000110.733, 162.0
Trd, 000111.533, 164.0
Trd, 000111.733, 158.0
Trd, 000111.833, 162
Trd, 000112.317, 164.0
Trd, 000113.033, 161
Trd, 000114.367, 159
Trd, 000114.500, 161
Trd, 000115.517, 155
Trd, 000116.917, 157
Trd, 000117.317, 158.0
Trd, 000118.033, 156
Trd, 000118.533, 156
Trd, 000119.150, 150
Trd, 000119.300, 158
Trd, 000119.450, 158
Trd, 000119.950, 149.0
Trd, 000120.517, 156
Trd, 000122.383, 153
Trd, 000122.883, 151
Trd, 000123.217, 152
Trd, 000123.250, 152
Trd, 000123.317, 153
Trd, 000123.950, 148.0
Trd, 000123.967, 151
Trd, 000124.417, 143
Trd, 000125.983, 153
Trd, 000127.017, 165.0
Trd, 000127.117, 159
Trd, 000128.117, 154
Trd, 000128.200, 157
Trd, 000128.700, 149
Trd, 000129.017, 158.0
Trd, 000130.850, 159
Trd, 000131.083, 159.0
Trd, 000131.300, 160
Trd, 000131.700, 159
Trd, 000132.033, 161
Trd, 000133.033, 161
Trd, 000133.200, 162.0
Trd, 000134.017, 161
Trd, 000134.167, 159
Trd, 000135.467, 159
Trd, 000135.900, 156
Trd, 000137.400, 155
Trd, 000137.633, 157
Trd, 000137.883, 162
Trd, 000138.467, 159
Trd, 000138.650, 155
Trd, 000138.933, 154
Trd, 000140.083, 152.0
Trd, 000140.650, 157
Trd, 000142.583, 155
Trd, 000142.717, 156
Trd, 000142.883, 154.0
Trd, 000142.967, 150
Trd, 000144.500, 155
Trd, 000145.567, 155.0
Trd, 000145.767, 152
Trd, 000146.067, 150
Trd, 000147.400, 152
Trd, 000147.850, 149
Trd, 000148.000, 151
Trd, 000148.400, 152
Trd, 000148.967, 151
Trd, 000149.067, 150.0
Trd, 000149.300, 148.0
Trd, 000149.950, 149
Trd, 000150.150, 148
Trd, 000151.117, 147
Trd, 000151.367, 155.0
Trd, 000153.150, 151
Trd, 000153.217, 152
Trd, 000153.433, 150
Trd, 000154.500, 151
Trd, 000154.917, 150
Trd, 000155.183, 152
Trd, 000155.450, 152
Trd, 000156.150, 152
Trd, 000157.083, 161.0
Trd, 000157.467, 157
Trd, 000158.150, 153
Trd, 000158.383, 156
Trd, 000160.017, 156
Trd, 000160.233, 156
Trd, 000160.367, 157
Trd, 000162.350, 159.0
Trd, 000164.017, 160.0
Trd, 000164.400, 160
Trd, 000164.517, 159
Trd, 000164.833, 159.0
Trd, 000165.150, 160.0
Trd, 000165.167, 162.0
Trd, 000165.383, 158.0
Trd, 000166.433, 162
Trd, 000167.233, 162
Trd, 000169.867, 158.0
Trd, 000170.033, 162
Trd, 000170.200, 155
Trd, 000170.650, 161.0
Trd, 000170.667, 160
Trd, 000171.233, 161
Trd, 000171.417, 161
Trd, 000172.167, 161
Trd, 000172.617, 158.0
Trd, 000173.833, 159
Trd, 000173.900, 150
Trd, 000174.067, 159
Trd, 000174.617, 149.0
Trd, 000175.383, 158
Trd, 000176.700, 152.0
Trd, 000176.967, 155
Trd, 000177.583, 153
Trd, 000178.000, 152
Trd, 000178.367, 152
Trd, 000178.433, 148.0
Trd, 000179.883, 153
Trd, 000180.083, 153
Trd, 000180.650, 155
Trd, 000181.517, 155.0
Trd, 000181.683, 155
Trd, 000182.033, 162.0
Trd, 000182.650, 152
Trd, 000184.117, 155
Trd, 000185.283, 153
Trd, 000186.117, 149
Trd, 000186.467, 151.0
Trd, 000186.900, 151
Trd, 000187.067, 149
Trd, 000187.850, 152
Trd, 000188.200, 153
Trd, 000189.617, 149
Trd, 000190.000, 149
Trd, 000190.533, 149
Trd, 000190.550, 151
Trd, 000191.733, 162.0
Trd, 000192.150, 159.0
Trd, 000192.250, 158.0
Trd, 000192.533, 163
Trd, 000193.967, 152
Trd, 000194.100, 148.0
Trd, 000194.367, 158
Trd, 000195.233, 157.0
Trd, 000196.183, 150
Trd, 000196.350, 154
Trd, 000197.083, 149
Trd, 000198.733, 152
Trd, 000198.817, 155
Trd, 000199.233, 152
Trd, 000199.433, 162.0
Trd, 000200.583, 154
Trd, 000202.083, 152
Trd, 000202.517, 154
Trd, 000202.683, 154
Trd, 000202.733, 154
Trd, 000203.250, 150
Trd, 000203.617, 155.0
Trd, 000204.100, 152
Trd, 000205.217, 155
Trd, 000205.883, 155
Trd, 000206.200, 155
Trd, 000206.417, 154
Trd, 000206.667, 148.0
Trd, 000206.983, 146
Trd, 000208.117, 154
Trd, 000209.550, 152
Trd, 000209.917, 153
Trd, 000210.217, 153
Trd, 000211.617, 155
Trd, 000211.967, 154
Trd, 000212.167, 155.0
Trd, 000213.267, 153
Trd, 000213.583, 154
Trd, 000214.033, 154
Trd, 000214.183, 155.0
Trd, 000214.467, 162.0
Trd, 000215.450, 157
Trd, 000215.883, 157
Trd, 000216.150, 149
Trd, 000216.817, 158
Trd, 000216.933, 149
Trd, 000217.367, 162.0
Trd, 000218.317, 164.0
Trd, 000218.883, 162
Trd, 000221.250, 158.0
Trd, 000223.600, 158
Trd, 000224.150, 159
Trd, 000224.217, 158
Trd, 000224.450, 158
Trd, 000225.717, 155.0
Trd, 000226.167, 153.0
Trd, 000226.367, 158
Trd, 000226.433, 150
Trd, 000227.900, 158
Trd, 000228.717, 148.0
Trd, 000228.850, 156
Trd, 000229.217, 154
Trd, 000231.083, 148
Trd, 000231.167, 155.0
Trd, 000231.233, 165.0
Trd, 000232.633, 156
Trd, 000232.667, 158
Trd, 000233.883, 158.0
Trd, 000234.483, 159
Trd, 000234.767, 161
Trd, 000235.133, 162.0
Trd, 000235.333, 160
Trd, 000235.850, 159
Trd, 000236.117, 162
Trd, 000236.800, 163.0
Trd, 000237.000, 164.0
Trd, 000237.983, 162
Trd, 000238.100, 160
Trd, 000238.967, 164
Trd, 000239.617, 163
Trd, 000240.467, 161
Trd, 000240.767, 157
Trd, 000241.000, 158
Trd, 000241.500, 155
Trd, 000241.650, 156
Trd, 000241.733, 150
Trd, 000241.917, 164
Trd, 000242.967, 148.0
Trd, 000243.417, 154
Trd, 000243.633, 155
Trd, 000244.033, 149
Trd, 000244.350, 147.0
Trd, 000244.417, 151
Trd, 000245.400, 149
Trd, 000245.533, 149
Trd, 000246.017, 149
Trd, 000246.233, 150
Trd, 000247.233, 148
Trd, 000247.283, 148.0
Trd, 000247.300, 153
Trd, 000248.667, 151
Trd, 000248.800, 151
Trd, 000248.867, 151
Trd, 000249.017, 153
Trd, 000249.067, 154
Trd, 000249.567, 152.0
Trd, 000249.583, 155.0
Trd, 000249.817, 150
Trd, 000250.317, 156.0
Trd, 000251.517, 150
Trd, 000251.583, 150
Trd, 000251.850, 149
Trd, 000252.200, 150
Trd, 000252.967, 153
Trd, 000254.350, 152.0
Trd, 000254.667, 151.0
Trd, 000255.383, 153.0
Trd, 000256.000, 150
Trd, 000256.033, 153
Trd, 000256.600, 156
Trd, 000257.400, 153
Trd, 000257.450, 150
Trd, 000258.117, 149
Trd, 000258.167, 153
Trd, 000258.333, 151
Trd, 000258.633, 155
Trd, 000260.117, 155.0
Trd, 000260.283, 154
Trd, 000260.650, 155
Trd, 000261.067, 151
Trd, 000261.283, 153
Trd, 000261.317, 155
Trd, 000262.150, 152
Trd, 000262.467, 150
Trd, 000262.533, 154
Trd, 000263.333, 162.0
Trd, 000264.150, 150
Trd, 000264.500, 154
Trd, 000264.533, 153
Trd, 000264.650, 149
Trd, 000265.067, 148.0
Trd, 000265.400, 149
Trd, 000266.133, 150
Trd, 000266.283, 150
Trd, 000266.650, 149
Trd, 000267.183, 155.0
Trd, 000267.283, 137.0
Trd, 000268.250, 149
Trd, 000268.817, 144
Trd, 000269.117, 141
Trd, 000269.483, 141.0
Trd, 000269.800, 140
Trd, 000270.017, 139
Trd, 000271.150, 141
Trd, 000271.433, 142
Trd, 000271.550, 141.0
Trd, 000271.883, 142
Trd, 000272.483, 143
Trd, 000272.600, 149.0
Trd, 000272.967, 155.0
Trd, 000274.083, 159.0
Trd, 000274.400, 159.0
Trd, 000274.617, 165.0
Trd, 000274.700, 162.0
Trd, 000275.167, 158.0
Trd, 000276.733, 158
Trd, 000276.983, 157
Trd, 000277.183, 159
Trd, 000278.050, 150
Trd, 000278.350, 157
Trd, 000279.167, 157
Trd, 000279.200, 158
Trd, 000279.900, 157.0
Trd, 000280.400, 158.0
Trd, 000280.417, 156.0
Trd, 000280.567, 159
Trd, 000280.717, 154
Trd, 000281.217, 158
Trd, 000281.467, 156
Trd, 000281.583, 159
Trd, 000283.167, 155
Trd, 000283.300, 159
Trd, 000283.550, 158
Trd, 000283.933, 160
Trd, 000284.033, 159.0
Trd, 000284.050, 158.0
Trd, 000284.600, 159
Trd, 000285.383, 160
Trd, 000285.683, 157
Trd, 000286.217, 161
Trd, 000286.383, 162.0
Trd, 000287.167, 162
Trd, 000287.233, 152
Trd, 000288.000, 156.0
Trd, 000288.033, 150
Trd, 000288.567, 158
Trd, 000288.933, 149.0
Trd, 000289.333, 148.0
Trd, 000290.283, 150
Trd, 000290.333, 148
Trd, 000291.533, 154.0
Trd, 000291.933, 152
Trd, 000292.267, 150
Trd, 000292.433, 152
Trd, 000292.633, 154
Trd, 000292.817, 155.0
Trd, 000292.900, 162.0
Trd, 000293.233, 151
Trd, 000294.083, 155
Trd, 000294.200, 150
Trd, 000294.233, 149
Trd, 000295.200, 151
Trd, 000295.600, 146
Trd, 000296.083, 151
Trd, 000296.350, 149
Trd, 000297.267, 155.0
Trd, 000297.733, 154
Trd, 000297.800, 145
Trd, 000297.900, 144
Trd, 000297.933, 162.0
Trd, 000298.783, 157
