Trd, 000000.817, 109
Trd, 000000.867, 151.0
Trd, 000002.417, 131
Trd, 000003.667, 137
Trd, 000004.000, 138
Trd, 000004.733, 137
Trd, 000005.200, 136
Trd, 000005.867, 139
Trd, 000005.983, 136
Trd, 000007.017, 138.0
Trd, 000007.833, 138
Trd, 000007.917, 140
Trd, 000008.650, 144.0
Trd, 000010.367, 143
Trd, 000010.567, 141
Trd, 000012.133, 144.0
Trd, 000013.133, 147
Trd, 000013.267, 147
Trd, 000013.600, 146
Trd, 000013.733, 146
Trd, 000013.867, 145
Trd, 000015.000, 144
Trd, 000015.217, 144
Trd, 000015.817, 144
Trd, 000017.450, 144
Trd, 000017.700, 144
Trd, 000017.883, 143
Trd, 000018.200, 120
Trd, 000019.283, 121
Trd, 000019.617, 131
Trd, 000019.833, 134
Trd, 000020.100, 126
Trd, 000020.533, 135
Trd, 000020.750, 141.0
Trd, 000021.700, 137
Trd, 000022.117, 144.0
Trd, 000022.367, 149
Trd, 000023.500, 145
Trd, 000025.133, 139
Trd, 000025.383, 142
Trd, 000026.067, 139
Trd, 000026.183, 142
Trd, 000028.600, 142
Trd, 000029.383, 142
Trd, 000029.467, 143
Trd, 000030.100, 141
Trd, 000030.167, 140
Trd, 000031.300, 141
Trd, 000031.333, 144
Trd, 000032.267, 141.0
Trd, 000032.583, 141
Trd, 000032.883, 140
Trd, 000033.033, 142
Trd, 000033.583, 144.0
Trd, 000034.617, 148
Trd, 000034.700, 142
Trd, 000035.500, 144.0
Trd, 000036.050, 143
Trd, 000036.333, 142
Trd, 000036.683, 143
Trd, 000036.700, 141
Trd, 000036.883, 145
Trd, 000038.933, 143
Trd, 000039.167, 142
Trd, 000040.483, 142
Trd, 000040.617, 143
Trd, 000040.733, 144
Trd, 000040.900, 141
Trd, 000041.283, 148
Trd, 000043.017, 140
Trd, 000043.467, 143
Trd, 000043.900, 144
Trd, 000044.817, 144.0
Trd, 000044.867, 142
Trd, 000044.900, 144
Trd, 000045.267, 143
Trd, 000046.067, 151.0
Trd, 000047.100, 144
Trd, 000047.467, 144
Trd, 000047.983, 143
Trd, 000048.500, 144
Trd, 000049.117, 144
Trd, 000049.133, 143
Trd, 000049.267, 144
Trd, 000049.833, 148
Trd, 000052.317, 145
Trd, 000052.583, 144
Trd, 000052.717, 131.0
Trd, 000054.250, 143
Trd, 000055.300, 140
Trd, 000055.583, 142
Trd, 000055.883, 141
Trd, 000056.250, 142
Trd, 000056.533, 144.0
Trd, 000056.850, 148
Trd, 000058.267, 143
Trd, 000058.333, 142
Trd, 000059.550, 141
Trd, 000059.950, 143
Trd, 000060.250, 142
Trd, 000060.317, 145
Trd, 000061.167, 144
Trd, 000062.083, 142
Trd, 000062.667, 144
Trd, 000062.917, 142
Trd, 000064.167, 144.0
Trd, 000064.200, 140
Trd, 000064.267, 144
Trd, 000064.567, 138
Trd, 000064.900, 140
Trd, 000065.817, 136
Trd, 000066.983, 139
Trd, 000067.000, 138
Trd, 000068.050, 144.0
Trd, 000068.633, 141
Trd, 000068.800, 148
Trd, 000069.250, 146
Trd, 000070.100, 137
Trd, 000071.083, 146
Trd, 000071.817, 147
Trd, 000072.633, 142
Trd, 000072.700, 139
Trd, 000073.700, 144.0
Trd, 000074.300, 143
Trd, 000074.717, 141
Trd, 000075.600, 142
Trd, 000075.950, 141
Trd, 000076.033, 143
Trd, 000077.817, 144
Trd, 000078.300, 140
Trd, 000078.850, 139
Trd, 000079.100, 144
Trd, 000079.583, 137
Trd, 000081.467, 129
Trd, 000083.100, 132
Trd, 000083.183, 134.0
Trd, 000084.583, 134
Trd, 000084.683, 133
Trd, 000085.000, 134.0
Trd, 000085.367, 134
Trd, 000085.767, 132
Trd, 000085.833, 144.0
Trd, 000086.133, 131.0
Trd, 000086.700, 127
Trd, 000087.067, 134.0
Trd, 000087.083, 135
Trd, 000087.450, 135
Trd, 000087.467, 148
Trd, 000087.867, 146
Trd, 000088.317, 128
Trd, 000090.517, 131.0
Trd, 000090.950, 140
Trd, 000091.650, 137
Trd, 000092.400, 138
Trd, 000092.567, 138
Trd, 000093.133, 135
Trd, 000093.617, 139
Trd, 000094.167, 138
Trd, 000095.650, 133
Trd, 000096.450, 135
Trd, 000096.833, 139
Trd, 000098.333, 138
Trd, 000099.517, 139
Trd, 000099.533, 137
Trd, 000099.950, 138
Trd, 000100.250, 139.0
Trd, 000100.383, 138
Trd, 000100.583, 139
Trd, 000101.233, 138
Trd, 000101.550, 137
Trd, 000102.033, 144.0
Trd, 000102.317, 148
Trd, 000102.717, 151.0
Trd, 000103.967, 153
Trd, 000104.183, 151
Trd, 000104.233, 149
Trd, 000104.767, 144
Trd, 000106.050, 124
Trd, 000106.867, 134
Trd, 000107.100, 134.0
Trd, 000108.167, 134
Trd, 000109.167, 129
Trd, 000109.983, 133
Trd, 000110.217, 133
Trd, 000110.267, 131
Trd, 000111.067, 133
Trd, 000111.250, 137.0
Trd, 000111.483, 144.0
Trd, 000112.583, 135
Trd, 000112.933, 135
Trd, 000112.967, 136
Trd, 000113.267, 139
Trd, 000113.833, 134
Trd, 000116.333, 137
Trd, 000116.417, 144.0
Trd, 000116.500, 135
Trd, 000116.967, 140
Trd, 000117.217, 136
Trd, 000117.350, 141
Trd, 000117.483, 142
Trd, 000117.633, 145
Trd, 000118.650, 149
Trd, 000119.283, 139
Trd, 000120.433, 145
Trd, 000120.900, 146
Trd, 000121.167, 147.0
Trd, 000121.950, 143
Trd, 000122.067, 140
Trd, 000122.567, 145
Trd, 000123.017, 146
Trd, 000123.433, 144.0
Trd, 000123.467, 142
Trd, 000123.683, 148
Trd, 000124.017, 141
Trd, 000124.183, 136
Trd, 000125.317, 135
Trd, 000125.483, 134
Trd, 000126.267, 136
Trd, 000127.383, 136
Trd, 000127.517, 127
Trd, 000128.367, 128
Trd, 000130.883, 133
Trd, 000131.033, 134.0
Trd, 000131.233, 144.0
Trd, 000132.083, 135
Trd, 000132.750, 138
Trd, 000134.000, 136
Trd, 000134.483, 137.0
Trd, 000134.633, 144.0
Trd, 000135.050, 137
Trd, 000136.083, 138
Trd, 000136.567, 141
Trd, 000137.200, 151.0
Trd, 000137.750, 150
Trd, 000137.817, 151
Trd, 000137.933, 138
Trd, 000138.350, 137
Trd, 000138.600, 146
Trd, 000139.533, 147
Trd, 000140.267, 146
Trd, 000140.700, 140
Trd, 000141.000, 147
Trd, 000142.117, 145
Trd, 000142.950, 144
Trd, 000143.400, 151.0
Trd, 000143.667, 144
Trd, 000143.883, 143
Trd, 000145.000, 144
Trd, 000145.733, 144
Trd, 000146.167, 142
Trd, 000146.517, 142
Trd, 000147.250, 143
Trd, 000147.600, 142
Trd, 000148.067, 144
Trd, 000149.683, 141
Trd, 000149.900, 141
Trd, 000150.250, 140
Trd, 000150.283, 144
Trd, 000151.083, 129
Trd, 000151.800, 134
Trd, 000152.433, 125
Trd, 000152.800, 129
Trd, 000153.000, 144.0
Trd, 000153.617, 148
Trd, 000153.800, 137
Trd, 000154.883, 124.0
Trd, 000155.233, 128
Trd, 000155.600, 124
Trd, 000157.400, 131
Trd, 000157.767, 131
Trd, 000158.383, 131
Trd, 000158.817, 131
Trd, 000159.183, 132
Trd, 000159.333, 129
Trd, 000160.233, 134.0
Trd, 000160.667, 129
Trd, 000162.083, 133
Trd, 000162.917, 133
Trd, 000163.367, 134
Trd, 000163.950, 134
Trd, 000164.767, 134.0
Trd, 000165.783, 135
Trd, 000166.133, 137.0
Trd, 000166.550, 136
Trd, 000166.783, 137
Trd, 000167.050, 138
Trd, 000168.700, 137
Trd, 000168.817, 138
Trd, 000169.867, 144.0
Trd, 000170.133, 150
Trd, 000170.517, 140
Trd, 000171.917, 141
Trd, 000172.050, 142.0
Trd, 000172.067, 144.0
Trd, 000173.350, 142
Trd, 000173.583, 142
Trd, 000174.300, 139
Trd, 000174.950, 142
Trd, 000175.467, 139
Trd, 000175.967, 139
Trd, 000176.333, 137
Trd, 000177.150, 143.0
Trd, 000177.450, 142
Trd, 000178.067, 142
Trd, 000178.117, 144.0
Trd, 000178.617, 140
Trd, 000179.750, 143
Trd, 000180.517, 144.0
Trd, 000180.817, 149
Trd, 000182.017, 145
Trd, 000182.317, 144.0
Trd, 000183.100, 146
Trd, 000183.717, 144
Trd, 000183.817, 143
Trd, 000184.500, 147
Trd, 000185.417, 142
Trd, 000186.717, 132
Trd, 000187.067, 132
Trd, 000187.567, 133
Trd, 000188.900, 134.0
Trd, 000189.100, 137.0
Trd, 000189.817, 133
Trd, 000190.250, 141
Trd, 000190.400, 136
Trd, 000190.567, 137
Trd, 000190.683, 139
Trd, 000190.933, 135
Trd, 000191.333, 143.0
Trd, 000191.550, 141
Trd, 000192.250, 143
Trd, 000193.017, 143
Trd, 000194.267, 144
Trd, 000195.117, 143
Trd, 000195.133, 143
Trd, 000195.217, 143
Trd, 000196.833, 143
Trd, 000197.017, 143
Trd, 000197.133, 144.0
Trd, 000197.750, 143
Trd, 000198.100, 143
Trd, 000198.283, 144
Trd, 000199.183, 132
Trd, 000199.367, 136
Trd, 000200.183, 134.0
Trd, 000200.417, 137
Trd, 000202.883, 136
Trd, 000203.467, 136
Trd, 000203.533, 134.0
Trd, 000204.000, 137.0
Trd, 000204.500, 136.0
Trd, 000204.983, 137
Trd, 000205.533, 138
Trd, 000205.550, 131.0
Trd, 000205.983, 144.0
Trd, 000206.300, 140
Trd, 000207.900, 134
Trd, 000208.250, 138
Trd, 000209.167, 137
Trd, 000209.250, 136
Trd, 000209.350, 138
Trd, 000209.450, 134
Trd, 000210.650, 134
Trd, 000210.667, 139
Trd, 000211.550, 138
Trd, 000212.233, 134
Trd, 000213.550, 137
Trd, 000214.733, 137
Trd, 000215.417, 137
Trd, 000215.883, 137
Trd, 000216.000, 132
Trd, 000216.100, 142.0
Trd, 000217.333, 139
Trd, 000217.700, 140
Trd, 000217.767, 135
Trd, 000218.067, 141
Trd, 000218.083, 144.0
Trd, 000218.350, 136
Trd, 000220.517, 140
Trd, 000221.100, 141
Trd, 000221.617, 140
Trd, 000222.967, 140
Trd, 000223.033, 141
Trd, 000223.617, 141
Trd, 000224.383, 139
Trd, 000224.617, 136
Trd, 000225.133, 140
Trd, 000225.617, 139
Trd, 000225.933, 140
Trd, 000226.867, 144.0
Trd, 000226.900, 139
Trd, 000227.883, 141
Trd, 000228.133, 140
Trd, 000228.783, 142
Trd, 000229.100, 143
Trd, 000229.950, 143
Trd, 000230.133, 144
Trd, 000231.800, 146
Trd, 000231.933, 148
Trd, 000232.017, 144
Trd, 000233.267, 149
Trd, 000233.400, 151
Trd, 000233.933, 146
Trd, 000235.433, 148
Trd, 000235.550, 147
Trd, 000235.767, 148
Trd, 000236.183, 144
Trd, 000236.583, 131.0
Trd, 000237.633, 146
Trd, 000238.350, 147
Trd, 000238.950, 144
Trd, 000239.733, 145
Trd, 000239.767, 146
Trd, 000239.983, 143
Trd, 000240.183, 147
Trd, 000240.900, 148
Trd, 000241.467, 146.0
Trd, 000242.033, 147.0
Trd, 000242.133, 146.0
Trd, 000242.400, 147
Trd, 000242.583, 144.0
Trd, 000242.650, 144
Trd, 000243.117, 141
Trd, 000243.450, 143
Trd, 000243.850, 143
Trd, 000244.050, 148
Trd, 000244.617, 147
Trd, 000244.883, 146.0
Trd, 000245.300, 157.0
Trd, 000245.333, 146.0
Trd, 000245.517, 143.0
Trd, 000246.600, 145.0
Trd, 000246.983, 151.0
Trd, 000247.683, 148.0
Trd, 000248.833, 148
Trd, 000248.900, 147
Trd, 000249.100, 144
Trd, 000249.367, 149
Trd, 000249.433, 145.0
Trd, 000249.483, 150
Trd, 000250.117, 146.0
Trd, 000251.833, 145
Trd, 000252.000, 149
Trd, 000252.483, 147
Trd, 000252.517, 144.0
Trd, 000253.200, 146
Trd, 000253.917, 145
Trd, 000254.017, 146
Trd, 000254.383, 149
Trd, 000254.983, 148
Trd, 000255.150, 151.0
Trd, 000255.917, 150
Trd, 000256.450, 160
Trd, 000257.150, 156
Trd, 000257.167, 158.0
Trd, 000257.450, 157
Trd, 000257.500, 164.0
Trd, 000257.783, 152
Trd, 000258.100, 164.0
Trd, 000258.533, 155.0
Trd, 000258.600, 157
Trd, 000259.300, 159
Trd, 000259.467, 157
Trd, 000259.850, 158.0
Trd, 000260.450, 155
Trd, 000260.533, 157
Trd, 000261.817, 156
Trd, 000262.050, 155
Trd, 000262.200, 154
Trd, 000262.650, 155.0
Trd, 000263.117, 151.0
Trd, 000263.467, 156
Trd, 000264.117, 154
Trd, 000264.400, 155
Trd, 000264.417, 156
Trd, 000264.750, 158.0
Trd, 000265.100, 151.0
Trd, 000265.267, 158
Trd, 000265.667, 161.0
Trd, 000266.150, 149.0
Trd, 000266.350, 151.0
Trd, 000266.583, 150
Trd, 000267.917, 152
Trd, 000268.050, 153
Trd, 000268.467, 152.0
Trd, 000268.567, 151.0
Trd, 000269.000, 151
Trd, 000269.267, 152
Trd, 000271.017, 155
Trd, 000271.067, 155
Trd, 000271.300, 158.0
Trd, 000271.683, 150
Trd, 000272.233, 148
Trd, 000272.633, 150.0
Trd, 000272.683, 144.0
Trd, 000273.267, 147
Trd, 000273.717, 140
Trd, 000273.950, 145
Trd, 000274.383, 146
Trd, 000274.483, 151.0
Trd, 000274.800, 156
Trd, 000275.250, 150
Trd, 000275.650, 149
Trd, 000276.217, 141.0
Trd, 000276.550, 145.0
Trd, 000276.883, 146
Trd, 000276.917, 147
Trd, 000277.317, 153.0
Trd, 000277.900, 158.0
Trd, 000278.767, 159
Trd, 000279.217, 152.0
Trd, 000280.033, 155
Trd, 000280.350, 153
Trd, 000280.667, 152
Trd, 000281.100, 153
Trd, 000281.433, 152.0
Trd, 000281.533, 151.0
Trd, 000281.600, 152.0
Trd, 000281.867, 153
Trd, 000282.917, 150
Trd, 000283.250, 152
Trd, 000283.433, 148
Trd, 000283.733, 150
Trd, 000284.600, 146.0
Trd, 000284.617, 148
Trd, 000285.500, 147
Trd, 000286.067, 131.0
Trd, 000286.367, 142
Trd, 000286.617, 148
Trd, 000286.800, 138
Trd, 000286.867, 142
Trd, 000287.133, 151.0
Trd, 000287.233, 158.0
Trd, 000287.583, 159
Trd, 000287.633, 163.0
Trd, 000288.017, 160
Trd, 000288.333, 165.0
Trd, 000289.267, 159.0
Trd, 000290.083, 162.0
Trd, 000290.467, 158.0
Trd, 000290.717, 163
Trd, 000290.950, 155
Trd, 000292.233, 160
Trd, 000292.417, 155
Trd, 000292.733, 154
Trd, 000292.850, 160
Trd, 000293.100, 154
Trd, 000293.133, 144.0
Trd, 000294.000, 161
Trd, 000294.167, 152.0
Trd, 000294.533, 144.0
Trd, 000294.917, 162
Trd, 000294.950, 165.0
Trd, 000295.100, 160
Trd, 000295.217, 160.0
Trd, 000295.617, 159.0
Trd, 000295.883, 155
Trd, 000297.017, 160
Trd, 000297.683, 160
Trd, 000297.850, 158.0
Trd, 000299.533, 154
