Trd, 000001.233, 148.0
Trd, 000001.483, 189
Trd, 000003.333, 148
Trd, 000004.300, 140
Trd, 000004.333, 130.0
Trd, 000004.617, 147.0
Trd, 000005.300, 147.0
Trd, 000005.717, 148.0
Trd, 000006.683, 151.0
Trd, 000007.033, 155
Trd, 000007.550, 157
Trd, 000008.600, 150.0
Trd, 000008.833, 151.0
Trd, 000009.133, 149
Trd, 000009.367, 150
Trd, 000009.400, 149
Trd, 000009.950, 156.0
Trd, 000011.083, 148
Trd, 000012.050, 151.0
Trd, 000012.333, 153
Trd, 000012.733, 153
Trd, 000012.750, 152.0
Trd, 000014.000, 153
Trd, 000014.217, 152
Trd, 000014.267, 151.0
Trd, 000014.483, 149
Trd, 000015.150, 153
Trd, 000015.583, 148.0
Trd, 000015.683, 153
Trd, 000017.150, 151
Trd, 000017.267, 150.0
Trd, 000017.567, 150
Trd, 000018.000, 149
Trd, 000018.100, 151
Trd, 000018.817, 151.0
Trd, 000019.433, 150.0
Trd, 000019.483, 151
Trd, 000020.683, 149.0
Trd, 000021.533, 150
Trd, 000022.533, 149.0
Trd, 000023.217, 148.0
Trd, 000023.400, 148
Trd, 000023.917, 151
Trd, 000024.783, 150.0
Trd, 000024.867, 149
Trd, 000025.083, 150
Trd, 000025.500, 149.0
Trd, 000026.333, 151.0
Trd, 000027.517, 151.0
Trd, 000027.800, 151
Trd, 000027.867, 153
Trd, 000028.283, 152
Trd, 000030.117, 150
Trd, 000031.333, 149
Trd, 000031.850, 151
Trd, 000033.000, 150.0
Trd, 000033.233, 151.0
Trd, 000033.633, 150
Trd, 000034.033, 151
Trd, 000034.100, 149
Trd, 000034.900, 147
Trd, 000035.417, 151.0
Trd, 000035.450, 152
Trd, 000036.317, 136.0
Trd, 000036.617, 153
Trd, 000036.850, 148.0
Trd, 000037.917, 146
Trd, 000038.117, 146
Trd, 000038.533, 146
Trd, 000039.400, 147
Trd, 000039.617, 145
Trd, 000040.317, 148
Trd, 000040.650, 148.0
Trd, 000041.283, 148
Trd, 000042.067, 151.0
Trd, 000042.117, 144
Trd, 000044.367, 150
Trd, 000044.800, 150
Trd, 000045.217, 149
Trd, 000045.433, 150
Trd, 000045.583, 151
Trd, 000046.583, 152
Trd, 000048.433, 150.0
Trd, 000048.850, 151.0
Trd, 000049.283, 152
Trd, 000050.283, 152
Trd, 000050.367, 149
Trd, 000050.583, 152
Trd, 000050.933, 150
Trd, 000051.350, 151
Trd, 000052.233, 151
Trd, 000052.967, 150
Trd, 000053.183, 148.0
Trd, 000055.450, 139
Trd, 000055.567, 140
Trd, 000055.667, 140
Trd, 000055.800, 131.0
Trd, 000055.850, 140
Trd, 000055.933, 141
Trd, 000056.367, 142
Trd, 000057.517, 146.0
Trd, 000057.733, 148.0
Trd, 000057.850, 151.0
Trd, 000058.683, 148
Trd, 000058.733, 147
Trd, 000059.267, 148
Trd, 000059.717, 158.0
Trd, 000060.050, 151
Trd, 000060.567, 156
Trd, 000062.233, 152
Trd, 000062.350, 154
Trd, 000062.967, 162
Trd, 000064.000, 156
Trd, 000064.100, 154.0
Trd, 000064.383, 152
Trd, 000064.967, 154
Trd, 000065.667, 153
Trd, 000066.283, 155
Trd, 000068.433, 152
Trd, 000069.650, 151
Trd, 000069.900, 153
Trd, 000069.917, 151.0
Trd, 000070.767, 153
Trd, 000070.783, 154
Trd, 000070.967, 152
Trd, 000071.333, 151.0
Trd, 000071.733, 153
Trd, 000071.850, 150
Trd, 000072.467, 150.0
Trd, 000073.117, 152
Trd, 000073.600, 148.0
Trd, 000073.917, 141
Trd, 000074.533, 150
Trd, 000075.250, 150
Trd, 000075.600, 150.0
Trd, 000076.233, 152
Trd, 000077.250, 151.0
Trd, 000078.017, 157
Trd, 000079.000, 165.0
Trd, 000079.267, 154
Trd, 000080.033, 153
Trd, 000080.100, 153
Trd, 000080.117, 150
Trd, 000080.400, 153
Trd, 000080.583, 154
Trd, 000080.817, 155
Trd, 000081.683, 149.0
Trd, 000082.383, 153
Trd, 000082.500, 151
Trd, 000083.183, 151
Trd, 000084.483, 150
Trd, 000084.650, 152
Trd, 000085.867, 151
Trd, 000086.400, 151.0
Trd, 000086.417, 150
Trd, 000087.800, 153
Trd, 000087.917, 153
Trd, 000088.233, 152
Trd, 000088.533, 153
Trd, 000088.633, 153
Trd, 000089.767, 158.0
Trd, 000090.067, 153
Trd, 000090.533, 154
Trd, 000090.733, 153
Trd, 000091.317, 151
Trd, 000092.250, 151
Trd, 000092.583, 149.0
Trd, 000092.950, 152
Trd, 000093.233, 152
Trd, 000093.717, 152
Trd, 000094.117, 150
Trd, 000095.017, 150.0
Trd, 000095.583, 152
Trd, 000096.167, 152
Trd, 000096.317, 153
Trd, 000096.817, 154.0
Trd, 000097.700, 155
Trd, 000098.233, 158
Trd, 000098.317, 165.0
Trd, 000098.567, 154
Trd, 000099.900, 153
Trd, 000100.300, 150
Trd, 000101.200, 150.0
Trd, 000102.233, 154
Trd, 000102.783, 153
Trd, 000103.317, 152
Trd, 000103.367, 153
Trd, 000103.517, 152
Trd, 000103.783, 152
Trd, 000103.900, 153
Trd, 000104.950, 152.0
Trd, 000106.583, 153
Trd, 000106.733, 151.0
Trd, 000107.100, 154
Trd, 000108.383, 154
Trd, 000108.683, 153
Trd, 000109.367, 158.0
Trd, 000109.450, 150
Trd, 000111.533, 153
Trd, 000111.917, 152
Trd, 000111.967, 151.0
Trd, 000113.000, 154
Trd, 000113.433, 152
Trd, 000113.850, 154
Trd, 000114.267, 154
Trd, 000114.650, 154
Trd, 000115.517, 155
Trd, 000116.117, 157
Trd, 000116.517, 156
Trd, 000117.350, 155
Trd, 000117.650, 157
Trd, 000118.133, 153
Trd, 000119.683, 154
Trd, 000120.050, 153
Trd, 000120.467, 153.0
Trd, 000120.683, 152
Trd, 000122.100, 156
Trd, 000122.300, 154
Trd, 000122.650, 153
Trd, 000122.967, 155
Trd, 000124.583, 156
Trd, 000125.067, 153
Trd, 000125.233, 151
Trd, 000125.900, 151.0
Trd, 000126.617, 148.0
Trd, 000126.950, 148
Trd, 000127.567, 150.0
Trd, 000127.917, 149.0
Trd, 000128.867, 151.0
Trd, 000129.517, 152
Trd, 000130.033, 152
Trd, 000130.667, 152
Trd, 000130.983, 153
Trd, 000131.350, 150
Trd, 000132.817, 151
Trd, 000133.150, 152
Trd, 000133.233, 149
Trd, 000134.183, 152
Trd, 000135.217, 151
Trd, 000135.333, 149
Trd, 000135.600, 151.0
Trd, 000136.200, 150
Trd, 000136.317, 151
Trd, 000137.267, 152
Trd, 000138.283, 152
Trd, 000138.917, 150
Trd, 000139.117, 151
Trd, 000139.367, 151
Trd, 000139.450, 150
Trd, 000140.017, 149
Trd, 000140.233, 151
Trd, 000141.800, 151.0
Trd, 000142.050, 152
Trd, 000142.117, 150
Trd, 000142.867, 150
Trd, 000142.967, 152
Trd, 000143.083, 150
Trd, 000144.250, 138
Trd, 000144.700, 144
Trd, 000145.117, 145
Trd, 000145.333, 145
Trd, 000145.350, 151.0
Trd, 000145.433, 158.0
Trd, 000146.100, 165.0
Trd, 000146.483, 151
Trd, 000147.000, 151.0
Trd, 000147.033, 149.0
Trd, 000147.383, 148
Trd, 000148.600, 151
Trd, 000150.283, 151
Trd, 000150.883, 149
Trd, 000151.000, 150
Trd, 000151.317, 149
Trd, 000151.883, 148.0
Trd, 000152.350, 148
Trd, 000152.717, 149
Trd, 000153.083, 150
Trd, 000153.283, 151
Trd, 000153.567, 151
Trd, 000154.167, 157
Trd, 000154.183, 150
Trd, 000155.183, 154
Trd, 000156.183, 151
Trd, 000156.483, 155.0
Trd, 000157.067, 149.0
Trd, 000157.733, 149.0
Trd, 000158.233, 149.0
Trd, 000159.283, 151.0
Trd, 000159.950, 148.0
Trd, 000160.450, 149
Trd, 000160.633, 150
Trd, 000161.133, 148
Trd, 000161.350, 149
Trd, 000161.917, 151
Trd, 000161.950, 154
Trd, 000162.683, 149
Trd, 000162.800, 151.0
Trd, 000162.900, 157
Trd, 000163.133, 148.0
Trd, 000164.800, 150
Trd, 000165.717, 151
Trd, 000166.300, 151
Trd, 000167.667, 151
Trd, 000168.133, 150
Trd, 000168.217, 151
Trd, 000168.683, 152
Trd, 000169.483, 151
Trd, 000169.933, 150
Trd, 000170.083, 151.0
Trd, 000170.600, 151
Trd, 000171.900, 150
Trd, 000171.950, 149
Trd, 000172.150, 149
Trd, 000172.383, 152
Trd, 000172.400, 148.0
Trd, 000174.533, 149.0
Trd, 000174.650, 151.0
Trd, 000175.283, 151
Trd, 000176.033, 149
Trd, 000176.583, 147
Trd, 000176.967, 149
Trd, 000177.217, 149
Trd, 000177.733, 148
Trd, 000177.850, 146
Trd, 000178.400, 149
Trd, 000179.283, 150
Trd, 000180.467, 151
Trd, 000181.050, 149.0
Trd, 000181.200, 149.0
Trd, 000182.667, 151.0
Trd, 000183.283, 148
Trd, 000183.633, 148
Trd, 000184.500, 148.0
Trd, 000185.850, 150
Trd, 000186.117, 151.0
Trd, 000186.483, 151
Trd, 000186.917, 151
Trd, 000187.033, 153
Trd, 000188.450, 152
Trd, 000188.667, 151.0
Trd, 000188.850, 152
Trd, 000189.033, 150
Trd, 000190.200, 148.0
Trd, 000190.233, 150
Trd, 000190.383, 147
Trd, 000191.133, 146
Trd, 000191.500, 147
Trd, 000191.550, 147
Trd, 000192.433, 147
Trd, 000193.233, 147.0
Trd, 000193.933, 151.0
Trd, 000194.517, 147
Trd, 000194.617, 149
Trd, 000195.233, 149
Trd, 000195.500, 149
Trd, 000195.567, 147
Trd, 000195.617, 149
Trd, 000196.167, 148.0
Trd, 000196.950, 148
Trd, 000197.900, 148
Trd, 000198.183, 149.0
Trd, 000199.550, 148.0
Trd, 000200.100, 148.0
Trd, 000200.200, 147
Trd, 000200.667, 150
Trd, 000201.500, 151.0
Trd, 000202.700, 151
Trd, 000203.017, 147
Trd, 000203.900, 147
Trd, 000204.017, 148.0
Trd, 000204.450, 147
Trd, 000204.933, 148.0
Trd, 000204.967, 147
Trd, 000205.517, 151.0
Trd, 000206.267, 147
Trd, 000206.783, 147
Trd, 000207.883, 148.0
Trd, 000208.267, 147
Trd, 000208.767, 148
Trd, 000209.533, 148
Trd, 000210.983, 150
Trd, 000211.083, 148.0
Trd, 000211.717, 151.0
Trd, 000212.050, 157
Trd, 000213.883, 152
Trd, 000214.150, 151
Trd, 000214.600, 152
Trd, 000214.800, 151
Trd, 000215.050, 153
Trd, 000215.067, 153
Trd, 000215.450, 151
Trd, 000215.617, 150
Trd, 000216.550, 151.0
Trd, 000216.867, 151
Trd, 000218.017, 151
Trd, 000218.900, 150
Trd, 000218.983, 151.0
Trd, 000219.033, 151
Trd, 000219.150, 151
Trd, 000219.500, 149
Trd, 000219.733, 149.0
Trd, 000220.000, 151
Trd, 000220.567, 158.0
Trd, 000220.750, 151.0
Trd, 000221.333, 150
Trd, 000222.250, 151.0
Trd, 000223.283, 153
Trd, 000223.567, 153
Trd, 000224.017, 153
Trd, 000224.317, 152
Trd, 000224.867, 151.0
Trd, 000224.900, 153
Trd, 000225.617, 150
Trd, 000227.317, 149
Trd, 000227.417, 151
Trd, 000227.717, 148.0
Trd, 000228.000, 150
Trd, 000228.367, 148.0
Trd, 000228.667, 149
Trd, 000228.683, 152
Trd, 000230.833, 153
Trd, 000230.867, 152
Trd, 000231.633, 158.0
Trd, 000233.067, 156
Trd, 000233.117, 155
Trd, 000233.950, 151.0
Trd, 000234.217, 151.0
Trd, 000234.483, 153
Trd, 000235.033, 154
Trd, 000235.917, 155
Trd, 000236.200, 156
Trd, 000236.300, 154
Trd, 000237.467, 155
Trd, 000238.233, 155
Trd, 000238.367, 152
Trd, 000238.450, 154
Trd, 000238.850, 157
Trd, 000238.950, 158.0
Trd, 000239.167, 151.0
Trd, 000239.883, 151
Trd, 000240.933, 145.0
Trd, 000241.050, 145.0
Trd, 000241.083, 146.0
Trd, 000241.483, 145.0
Trd, 000241.500, 148.0
Trd, 000241.833, 157
Trd, 000242.667, 151.0
Trd, 000242.950, 151.0
Trd, 000243.383, 163.0
Trd, 000243.483, 158
Trd, 000245.433, 159
Trd, 000245.450, 158
Trd, 000245.600, 160
Trd, 000245.967, 160
Trd, 000246.083, 158
Trd, 000246.500, 159
Trd, 000246.733, 160
Trd, 000247.317, 159
Trd, 000248.750, 157
Trd, 000249.083, 158
Trd, 000249.667, 155
Trd, 000249.950, 154.0
Trd, 000251.500, 156
Trd, 000251.583, 157
Trd, 000251.683, 156
Trd, 000251.717, 158
Trd, 000252.217, 155
Trd, 000252.467, 156
Trd, 000252.800, 154
Trd, 000253.050, 158.0
Trd, 000253.117, 158
Trd, 000253.750, 153.0
Trd, 000254.033, 152.0
Trd, 000255.367, 157
Trd, 000256.083, 155
Trd, 000256.600, 155
Trd, 000256.683, 154.0
Trd, 000256.917, 155
Trd, 000257.033, 156
Trd, 000258.267, 156
Trd, 000258.517, 155.0
Trd, 000258.650, 157
Trd, 000259.050, 152
Trd, 000259.350, 151.0
Trd, 000259.367, 148.0
Trd, 000260.450, 149
Trd, 000260.783, 150.0
Trd, 000260.817, 151.0
Trd, 000261.150, 158
Trd, 000261.817, 154
Trd, 000263.683, 165
Trd, 000264.183, 164.0
Trd, 000264.767, 160
Trd, 000265.050, 163.0
Trd, 000265.367, 159
Trd, 000265.717, 158.0
Trd, 000266.383, 155
Trd, 000266.467, 152.0
Trd, 000266.500, 151.0
Trd, 000267.050, 149
Trd, 000267.117, 154.0
Trd, 000267.350, 158
Trd, 000267.733, 159
Trd, 000268.000, 157
Trd, 000268.900, 148.0
Trd, 000269.717, 148.0
Trd, 000270.350, 151.0
Trd, 000270.733, 150
Trd, 000270.983, 148
Trd, 000271.650, 150
Trd, 000272.200, 150
Trd, 000272.517, 151
Trd, 000273.150, 151
Trd, 000273.317, 150
Trd, 000273.483, 153
Trd, 000274.750, 149
Trd, 000274.767, 152
Trd, 000275.533, 155
Trd, 000276.217, 155
Trd, 000276.317, 157
Trd, 000276.667, 157.0
Trd, 000277.283, 155
Trd, 000278.367, 154
Trd, 000278.600, 156
Trd, 000279.100, 155
Trd, 000279.317, 157
Trd, 000279.833, 157
Trd, 000280.033, 154
Trd, 000280.817, 153
Trd, 000281.033, 152.0
Trd, 000281.283, 155
Trd, 000281.333, 158.0
Trd, 000281.983, 158
Trd, 000282.017, 152.0
Trd, 000282.200, 161
Trd, 000282.667, 160
Trd, 000282.683, 165.0
Trd, 000283.333, 157
Trd, 000284.117, 154.0
Trd, 000284.533, 163.0
Trd, 000284.633, 153.0
Trd, 000285.817, 159
Trd, 000286.000, 163
Trd, 000287.083, 157
Trd, 000287.100, 156
Trd, 000287.167, 159
Trd, 000287.233, 160
Trd, 000288.533, 152.0
Trd, 000288.767, 160
Trd, 000289.750, 153
Trd, 000290.183, 153
Trd, 000290.450, 157
Trd, 000290.600, 153.0
Trd, 000291.167, 154
Trd, 000291.300, 162.0
Trd, 000291.917, 153
Trd, 000292.267, 151.0
Trd, 000292.600, 157
Trd, 000292.867, 156
Trd, 000294.067, 157
Trd, 000294.683, 157
Trd, 000295.067, 150.0
Trd, 000295.300, 157.0
Trd, 000295.967, 141.0
Trd, 000296.917, 148
Trd, 000296.983, 146
Trd, 000297.050, 151.0
Trd, 000297.117, 146
Trd, 000297.333, 155
Trd, 000297.450, 143.0
Trd, 000297.983, 155
Trd, 000298.767, 157.0
Trd, 000299.383, 158.0
