Trd, 000001.850, 144
Trd, 000001.900, 158.0
Trd, 000002.000, 143
Trd, 000002.017, 134.0
Trd, 000003.150, 147
Trd, 000003.317, 159.0
Trd, 000005.483, 156
Trd, 000006.133, 156
Trd, 000006.550, 154
Trd, 000006.767, 150
Trd, 000006.900, 158
Trd, 000008.083, 159
Trd, 000008.517, 162.0
Trd, 000010.017, 157
Trd, 000010.517, 157.0
Trd, 000010.767, 157
Trd, 000010.917, 156
Trd, 000010.983, 158
Trd, 000011.200, 156
Trd, 000011.567, 158.0
Trd, 000011.600, 155
Trd, 000012.717, 165.0
Trd, 000013.267, 159
Trd, 000013.317, 162
Trd, 000014.150, 158.0
Trd, 000014.967, 158
Trd, 000015.250, 161
Trd, 000016.350, 158
Trd, 000016.533, 156
Trd, 000017.317, 158
Trd, 000017.517, 159
Trd, 000017.683, 160
Trd, 000019.267, 157
Trd, 000019.283, 156
Trd, 000020.767, 158
Trd, 000021.067, 158.0
Trd, 000022.067, 158
Trd, 000022.283, 158
Trd, 000023.183, 158
Trd, 000023.467, 156
Trd, 000024.533, 160.0
Trd, 000024.933, 156
Trd, 000025.650, 155
Trd, 000026.117, 157.0
Trd, 000027.083, 157.0
Trd, 000028.000, 157.0
Trd, 000028.367, 156
Trd, 000028.850, 156
Trd, 000028.950, 159
Trd, 000029.317, 155
Trd, 000030.517, 157.0
Trd, 000030.600, 155
Trd, 000030.717, 154
Trd, 000032.833, 157
Trd, 000032.883, 155
Trd, 000032.917, 158
Trd, 000033.483, 156
Trd, 000034.417, 157
Trd, 000034.733, 156
Trd, 000036.800, 156.0
Trd, 000037.033, 155
Trd, 000037.967, 154
Trd, 000038.100, 158.0
Trd, 000039.333, 156
Trd, 000040.217, 157
Trd, 000040.300, 157
Trd, 000041.200, 158.0
Trd, 000041.233, 156
Trd, 000042.450, 155
Trd, 000044.083, 158
Trd, 000044.283, 159
Trd, 000044.633, 158.0
Trd, 000046.567, 157
Trd, 000046.950, 157
Trd, 000046.967, 156
Trd, 000047.167, 157
Trd, 000048.183, 155
Trd, 000048.500, 156
Trd, 000048.650, 162.0
Trd, 000049.017, 168
Trd, 000049.283, 153
Trd, 000050.400, 152
Trd, 000051.450, 156.0
Trd, 000052.067, 157
Trd, 000052.483, 157
Trd, 000052.767, 152
Trd, 000053.317, 150
Trd, 000053.383, 135.0
Trd, 000054.500, 148
Trd, 000055.233, 152.0
Trd, 000056.033, 151.0
Trd, 000056.167, 150
Trd, 000056.600, 150
Trd, 000056.767, 151
Trd, 000057.767, 153
Trd, 000058.433, 158.0
Trd, 000058.967, 154
Trd, 000059.233, 161.0
Trd, 000059.500, 155
Trd, 000060.183, 158.0
Trd, 000060.383, 155
Trd, 000061.483, 154
Trd, 000062.300, 156
Trd, 000063.133, 158.0
Trd, 000063.633, 155
Trd, 000063.783, 156
Trd, 000064.333, 159
Trd, 000064.400, 154
Trd, 000064.750, 155
Trd, 000066.383, 156
Trd, 000067.550, 157
Trd, 000068.017, 154
Trd, 000068.783, 157.0
Trd, 000069.117, 153
Trd, 000069.983, 157
Trd, 000070.250, 152
Trd, 000070.783, 158.0
Trd, 000070.850, 151
Trd, 000071.067, 161
Trd, 000071.867, 151
Trd, 000073.933, 153
Trd, 000074.300, 153
Trd, 000074.367, 153
Trd, 000075.000, 155
Trd, 000075.050, 152
Trd, 000076.450, 152
Trd, 000076.483, 154
Trd, 000076.650, 154
Trd, 000077.700, 154
Trd, 000078.400, 158.0
Trd, 000078.633, 162.0
Trd, 000078.817, 158
Trd, 000079.967, 158
Trd, 000080.300, 158
Trd, 000081.283, 157
Trd, 000081.433, 158
Trd, 000082.033, 160.0
Trd, 000083.533, 158
Trd, 000083.800, 151
Trd, 000085.150, 158
Trd, 000085.533, 157
Trd, 000085.617, 152
Trd, 000086.600, 155
Trd, 000087.517, 156
Trd, 000087.533, 157
Trd, 000088.267, 157
Trd, 000088.700, 156
Trd, 000090.383, 155
Trd, 000090.433, 154
Trd, 000090.767, 157
Trd, 000091.283, 157.0
Trd, 000091.850, 151
Trd, 000092.083, 151
Trd, 000093.550, 151
Trd, 000093.933, 152
Trd, 000094.417, 154
Trd, 000095.083, 153
Trd, 000095.300, 152
Trd, 000095.733, 156
Trd, 000097.150, 157.0
Trd, 000097.367, 157
Trd, 000097.917, 157
Trd, 000099.183, 160.0
Trd, 000099.983, 162.0
Trd, 000100.300, 160
Trd, 000100.333, 179.0
Trd, 000100.650, 159
Trd, 000100.733, 157
Trd, 000100.767, 182.0
Trd, 000102.733, 165.0
Trd, 000103.550, 163
Trd, 000103.983, 162
Trd, 000104.533, 161
Trd, 000104.617, 170
Trd, 000105.000, 161
Trd, 000105.250, 161
Trd, 000105.867, 159
Trd, 000106.033, 161.0
Trd, 000107.417, 161.0
Trd, 000107.967, 160
Trd, 000108.583, 159
Trd, 000109.017, 158
Trd, 000109.883, 158
Trd, 000109.950, 157
Trd, 000110.783, 150
Trd, 000110.850, 145
Trd, 000111.817, 156
Trd, 000112.100, 156
Trd, 000113.117, 150
Trd, 000114.817, 155
Trd, 000115.317, 155
Trd, 000115.550, 156
Trd, 000117.183, 155
Trd, 000117.517, 154
Trd, 000118.233, 154
Trd, 000118.267, 156
Trd, 000119.033, 157
Trd, 000119.350, 154
Trd, 000120.050, 153
Trd, 000121.717, 158.0
Trd, 000121.767, 154
Trd, 000122.667, 157
Trd, 000123.600, 156
Trd, 000123.667, 156
Trd, 000123.900, 150
Trd, 000124.200, 150
Trd, 000124.800, 155
Trd, 000126.300, 150
Trd, 000126.483, 148
Trd, 000127.933, 151
Trd, 000128.067, 153
Trd, 000128.317, 155
Trd, 000128.983, 152.0
Trd, 000129.100, 151
Trd, 000129.150, 158.0
Trd, 000129.417, 150
Trd, 000130.350, 149
Trd, 000130.417, 162.0
Trd, 000131.617, 157
Trd, 000131.767, 157
Trd, 000131.867, 158.0
Trd, 000132.017, 166
Trd, 000132.567, 169
Trd, 000132.617, 151
Trd, 000133.467, 150
Trd, 000135.100, 158.0
Trd, 000136.367, 156
Trd, 000136.550, 156
Trd, 000136.650, 158
Trd, 000136.783, 157
Trd, 000137.333, 156
Trd, 000137.983, 157
Trd, 000139.083, 160.0
Trd, 000139.250, 161.0
Trd, 000140.333, 160.0
Trd, 000140.583, 161
Trd, 000140.983, 160
Trd, 000141.183, 162.0
Trd, 000141.833, 161
Trd, 000142.133, 159
Trd, 000143.633, 157
Trd, 000143.683, 162.0
Trd, 000143.800, 162
Trd, 000144.483, 157
Trd, 000146.133, 159
Trd, 000146.600, 159
Trd, 000147.017, 159
Trd, 000147.267, 160
Trd, 000147.733, 161
Trd, 000147.967, 162
Trd, 000148.050, 158
Trd, 000149.333, 158
Trd, 000150.033, 145.0
Trd, 000150.200, 163
Trd, 000150.933, 149
Trd, 000151.317, 145.0
Trd, 000151.667, 153
Trd, 000152.050, 154
Trd, 000153.983, 154
Trd, 000154.400, 155.0
Trd, 000155.000, 158.0
Trd, 000155.783, 158
Trd, 000155.817, 153
Trd, 000156.150, 155
Trd, 000157.283, 155
Trd, 000157.600, 158.0
Trd, 000158.117, 153
Trd, 000158.350, 152
Trd, 000158.533, 156
Trd, 000159.500, 155
Trd, 000161.617, 155
Trd, 000162.017, 154
Trd, 000162.217, 153
Trd, 000163.317, 153
Trd, 000163.433, 153
Trd, 000164.250, 158.0
Trd, 000164.583, 155
Trd, 000164.617, 154
Trd, 000165.433, 155
Trd, 000165.717, 154
Trd, 000165.950, 160.0
Trd, 000166.000, 153
Trd, 000166.033, 150
Trd, 000167.233, 160.0
Trd, 000167.333, 158
Trd, 000168.333, 158
Trd, 000168.650, 160.0
Trd, 000168.817, 161.0
Trd, 000169.083, 158
Trd, 000170.217, 158
Trd, 000171.050, 157
Trd, 000173.467, 161
Trd, 000174.383, 160
Trd, 000174.617, 159
Trd, 000174.683, 160
Trd, 000175.883, 159
Trd, 000176.117, 160
Trd, 000176.167, 159
Trd, 000176.700, 150
Trd, 000177.033, 151
Trd, 000177.233, 144.0
Trd, 000178.700, 149
Trd, 000179.017, 158
Trd, 000179.650, 154
Trd, 000180.150, 162.0
Trd, 000181.233, 157
Trd, 000182.067, 157
Trd, 000182.233, 156
Trd, 000182.767, 157.0
Trd, 000183.450, 157
Trd, 000184.350, 162.0
Trd, 000184.367, 159
Trd, 000184.517, 158
Trd, 000185.083, 157
Trd, 000185.883, 167
Trd, 000185.950, 157
Trd, 000188.183, 161
Trd, 000188.400, 162.0
Trd, 000189.100, 162
Trd, 000189.667, 162
Trd, 000189.983, 163
Trd, 000190.400, 162
Trd, 000190.633, 160
Trd, 000191.067, 158
Trd, 000192.583, 160
Trd, 000192.733, 157
Trd, 000192.917, 161
Trd, 000193.000, 150
Trd, 000193.667, 150
Trd, 000194.400, 151
Trd, 000195.717, 157.0
Trd, 000196.283, 157
Trd, 000197.317, 155
Trd, 000197.683, 152
Trd, 000197.817, 152
Trd, 000197.933, 151
Trd, 000198.750, 144.0
Trd, 000200.117, 148.0
Trd, 000200.533, 147
Trd, 000201.050, 149
Trd, 000202.000, 166.0
Trd, 000202.100, 165.0
Trd, 000202.417, 159
Trd, 000203.617, 162.0
Trd, 000204.533, 151
Trd, 000206.100, 151.0
Trd, 000206.317, 151
Trd, 000206.867, 151
Trd, 000207.350, 152
Trd, 000208.750, 151
Trd, 000208.833, 152
Trd, 000208.983, 153
Trd, 000210.550, 157.0
Trd, 000210.717, 157
Trd, 000211.117, 155
Trd, 000211.733, 154
Trd, 000211.933, 155
Trd, 000212.867, 156
Trd, 000212.933, 155
Trd, 000214.333, 156.0
Trd, 000214.900, 156
Trd, 000214.967, 155
Trd, 000216.333, 155
Trd, 000216.733, 154
Trd, 000216.883, 155
Trd, 000218.267, 158.0
Trd, 000218.483, 158
Trd, 000218.650, 158
Trd, 000218.967, 162.0
Trd, 000218.983, 157
Trd, 000220.433, 158
Trd, 000220.517, 160
Trd, 000221.150, 157
Trd, 000222.283, 158
Trd, 000222.633, 157
Trd, 000223.083, 158
Trd, 000223.550, 158.0
Trd, 000224.533, 159
Trd, 000225.100, 160
Trd, 000225.317, 159
Trd, 000225.417, 158
Trd, 000225.467, 158
Trd, 000226.867, 159
Trd, 000227.383, 157
Trd, 000227.450, 158
Trd, 000228.967, 156
Trd, 000229.433, 158
Trd, 000229.767, 160.0
Trd, 000229.867, 158.0
Trd, 000231.567, 157
Trd, 000231.833, 162.0
Trd, 000232.033, 156
Trd, 000233.817, 160
Trd, 000234.117, 165
Trd, 000234.983, 160
Trd, 000236.300, 160
Trd, 000237.633, 163
Trd, 000238.317, 165.0
Trd, 000238.550, 164
Trd, 000238.733, 163
Trd, 000239.750, 156.0
Trd, 000240.033, 158.0
Trd, 000240.300, 159
Trd, 000240.333, 155
Trd, 000241.433, 156
Trd, 000241.867, 157
Trd, 000242.267, 154
Trd, 000242.883, 155.0
Trd, 000242.950, 154
Trd, 000243.417, 148
Trd, 000243.467, 149
Trd, 000243.683, 148.0
Trd, 000244.000, 147.0
Trd, 000244.300, 149
Trd, 000244.567, 147
Trd, 000245.183, 146
Trd, 000245.467, 144.0
Trd, 000246.500, 145.0
Trd, 000246.833, 158.0
Trd, 000247.500, 152
Trd, 000247.883, 152.0
Trd, 000248.250, 152
Trd, 000248.583, 152
Trd, 000248.817, 150
Trd, 000248.983, 149
Trd, 000249.050, 150
Trd, 000249.367, 151.0
Trd, 000249.633, 146
Trd, 000249.817, 151.0
Trd, 000250.367, 151.0
Trd, 000250.500, 144.0
Trd, 000251.350, 151
Trd, 000251.633, 155.0
Trd, 000253.000, 149.0
Trd, 000253.117, 148
Trd, 000253.417, 150
Trd, 000253.450, 149
Trd, 000255.050, 147.0
Trd, 000256.000, 146
Trd, 000256.050, 145
Trd, 000256.200, 148.0
Trd, 000257.050, 145
Trd, 000258.117, 144
Trd, 000258.350, 144.0
Trd, 000258.383, 143
Trd, 000258.767, 144.0
Trd, 000258.833, 147.0
Trd, 000260.333, 144
Trd, 000260.650, 144
Trd, 000260.950, 145
Trd, 000261.250, 148.0
Trd, 000261.517, 145
Trd, 000261.550, 147
Trd, 000261.717, 146
Trd, 000262.050, 145
Trd, 000262.233, 148
Trd, 000262.533, 153
Trd, 000263.167, 152
Trd, 000263.350, 151
Trd, 000264.100, 146
Trd, 000264.967, 152.0
Trd, 000265.450, 158.0
Trd, 000265.733, 155
Trd, 000266.017, 151
Trd, 000266.300, 150
Trd, 000266.700, 149
Trd, 000266.717, 149
Trd, 000266.950, 147
Trd, 000267.650, 144.0
Trd, 000267.850, 143
Trd, 000267.950, 143
Trd, 000268.200, 148
Trd, 000268.533, 150.0
Trd, 000268.750, 151.0
Trd, 000269.150, 146
Trd, 000269.517, 145
Trd, 000269.650, 145
Trd, 000271.400, 148
Trd, 000271.650, 150.0
Trd, 000271.850, 145
Trd, 000272.583, 144
Trd, 000272.717, 145.0
Trd, 000272.867, 144.0
Trd, 000273.350, 148.0
Trd, 000273.967, 148
Trd, 000274.317, 146
Trd, 000276.133, 149
Trd, 000276.700, 156
Trd, 000276.817, 154
Trd, 000276.883, 151
Trd, 000277.100, 152
Trd, 000277.133, 156
Trd, 000277.617, 150
Trd, 000277.750, 151
Trd, 000277.817, 157.0
Trd, 000278.067, 158.0
Trd, 000278.117, 157
Trd, 000278.217, 150
Trd, 000279.667, 149.0
Trd, 000280.200, 144.0
Trd, 000281.117, 148
Trd, 000281.250, 147
Trd, 000281.417, 147
Trd, 000281.850, 147
Trd, 000282.183, 149.0
Trd, 000283.550, 147
Trd, 000283.600, 148.0
Trd, 000283.617, 151.0
Trd, 000284.900, 150
Trd, 000284.917, 149
Trd, 000285.100, 151.0
Trd, 000285.317, 151
Trd, 000285.533, 149
Trd, 000285.617, 148
Trd, 000285.800, 147
Trd, 000286.333, 144.0
Trd, 000286.400, 152.0
Trd, 000286.667, 142
Trd, 000287.450, 150.0
Trd, 000288.617, 141.0
Trd, 000288.650, 148
Trd, 000288.767, 148
Trd, 000290.050, 142.0
Trd, 000290.250, 144.0
Trd, 000290.350, 145
Trd, 000290.417, 157.0
Trd, 000291.567, 147
Trd, 000292.567, 151
Trd, 000292.667, 158.0
Trd, 000292.817, 150
Trd, 000292.883, 162.0
Trd, 000294.133, 154
Trd, 000294.200, 162.0
Trd, 000294.250, 153
Trd, 000294.450, 151
Trd, 000295.617, 154
Trd, 000295.717, 155
Trd, 000295.833, 154
Trd, 000296.317, 153
Trd, 000296.650, 154
Trd, 000296.717, 155
Trd, 000296.783, 151
Trd, 000297.100, 150
Trd, 000297.467, 150
Trd, 000297.650, 149
Trd, 000297.700, 144.0
Trd, 000297.967, 137.0
Trd, 000298.650, 141
Trd, 000299.333, 154.0
Trd, 000299.817, 141
