Trd, 000001.533, 110.0
Trd, 000002.950, 185
Trd, 000003.150, 141
Trd, 000003.650, 110
Trd, 000003.800, 117.0
Trd, 000004.600, 139
Trd, 000004.850, 140
Trd, 000005.483, 120.0
Trd, 000007.300, 161
Trd, 000007.450, 159
Trd, 000007.467, 158
Trd, 000008.550, 157.0
Trd, 000009.100, 158
Trd, 000009.633, 157.0
Trd, 000009.683, 155.0
Trd, 000009.717, 165
Trd, 000010.750, 157
Trd, 000010.817, 156
Trd, 000010.867, 156
Trd, 000011.283, 155.0
Trd, 000011.383, 151.0
Trd, 000013.500, 157
Trd, 000015.400, 154
Trd, 000015.467, 153
Trd, 000015.917, 153
Trd, 000016.183, 152
Trd, 000016.317, 148.0
Trd, 000017.567, 151.0
Trd, 000017.633, 153
Trd, 000018.300, 155.0
Trd, 000018.667, 150
Trd, 000019.750, 146.0
Trd, 000020.183, 145.0
Trd, 000020.317, 146
Trd, 000021.383, 141.0
Trd, 000021.517, 144.0
Trd, 000022.100, 148.0
Trd, 000022.300, 151.0
Trd, 000022.317, 142
Trd, 000023.150, 149
Trd, 000023.183, 143
Trd, 000023.500, 145
Trd, 000024.383, 165
Trd, 000024.633, 159
Trd, 000024.867, 144
Trd, 000026.683, 152
Trd, 000026.783, 151.0
Trd, 000027.433, 146
Trd, 000029.067, 147
Trd, 000029.583, 146
Trd, 000029.600, 145
Trd, 000029.917, 146
Trd, 000030.133, 149
Trd, 000030.417, 150
Trd, 000031.567, 150
Trd, 000031.833, 148
Trd, 000031.850, 151.0
Trd, 000032.133, 146
Trd, 000032.550, 155.0
Trd, 000032.967, 147
Trd, 000033.250, 144.0
Trd, 000033.833, 158
Trd, 000035.000, 146
Trd, 000035.850, 149
Trd, 000036.450, 147.0
Trd, 000037.667, 148
Trd, 000037.733, 148
Trd, 000038.633, 147
Trd, 000038.933, 148
Trd, 000038.950, 150
Trd, 000038.983, 151.0
Trd, 000039.467, 159
Trd, 000040.200, 146
Trd, 000041.100, 161
Trd, 000041.367, 147
Trd, 000041.533, 146
Trd, 000043.717, 145
Trd, 000043.850, 144.0
Trd, 000044.667, 145.0
Trd, 000044.933, 144.0
Trd, 000045.150, 145.0
Trd, 000045.200, 151.0
Trd, 000045.550, 148
Trd, 000045.950, 155.0
Trd, 000046.833, 144.0
Trd, 000046.917, 150
Trd, 000048.967, 153
Trd, 000049.867, 153
Trd, 000050.133, 151
Trd, 000050.400, 154
Trd, 000050.417, 153
Trd, 000050.567, 151.0
Trd, 000051.067, 145.0
Trd, 000051.367, 155
Trd, 000051.633, 144.0
Trd, 000051.650, 141.0
Trd, 000052.467, 149
Trd, 000052.767, 153
Trd, 000052.917, 147
Trd, 000052.983, 141.0
Trd, 000053.317, 151.0
Trd, 000053.633, 152
Trd, 000053.733, 144.0
Trd, 000053.750, 165
Trd, 000055.617, 161
Trd, 000056.117, 144
Trd, 000057.500, 156.0
Trd, 000057.700, 155.0
Trd, 000058.100, 151.0
Trd, 000058.750, 149.0
Trd, 000059.183, 155
Trd, 000059.233, 150
Trd, 000060.150, 153
Trd, 000060.533, 151
Trd, 000061.283, 157
Trd, 000062.467, 149.0
Trd, 000062.750, 149.0
Trd, 000063.100, 148.0
Trd, 000064.400, 156
Trd, 000065.200, 157
Trd, 000066.683, 153.0
Trd, 000066.700, 154
Trd, 000066.833, 149
Trd, 000066.900, 158
Trd, 000066.967, 148.0
Trd, 000067.267, 148
Trd, 000067.700, 152.0
Trd, 000067.783, 151.0
Trd, 000068.283, 144.0
Trd, 000068.417, 136
Trd, 000068.900, 133
Trd, 000069.050, 145
Trd, 000070.417, 159
Trd, 000070.633, 149.0
Trd, 000070.700, 160
Trd, 000071.583, 150.0
Trd, 000071.633, 148.0
Trd, 000072.017, 151
Trd, 000072.683, 144.0
Trd, 000072.817, 132
Trd, 000073.733, 145
Trd, 000074.383, 151
Trd, 000074.417, 145
Trd, 000075.333, 142
Trd, 000075.467, 141.0
Trd, 000076.183, 154.0
Trd, 000076.267, 140
Trd, 000076.367, 139
Trd, 000077.217, 152
Trd, 000078.350, 156.0
Trd, 000078.700, 155.0
Trd, 000080.050, 157.0
Trd, 000080.750, 157
Trd, 000080.800, 156.0
Trd, 000080.983, 155
Trd, 000081.517, 157
Trd, 000082.300, 153.0
Trd, 000082.433, 154
Trd, 000083.583, 155
Trd, 000083.717, 154
Trd, 000083.817, 155
Trd, 000084.067, 154
Trd, 000085.400, 154
Trd, 000085.467, 153
Trd, 000085.583, 156
Trd, 000086.067, 151.0
Trd, 000087.483, 157
Trd, 000088.133, 155.0
Trd, 000088.317, 148.0
Trd, 000089.950, 156
Trd, 000090.317, 153
Trd, 000090.333, 152
Trd, 000091.500, 146.0
Trd, 000091.783, 151.0
Trd, 000092.350, 156
Trd, 000092.667, 154
Trd, 000092.700, 147.0
Trd, 000093.833, 148.0
Trd, 000094.217, 157
Trd, 000094.450, 147
Trd, 000095.633, 153.0
Trd, 000095.650, 148.0
Trd, 000096.233, 148.0
Trd, 000096.317, 148.0
Trd, 000097.067, 151
Trd, 000097.567, 148.0
Trd, 000097.733, 151
Trd, 000097.933, 144.0
Trd, 000097.950, 151
Trd, 000098.517, 155.0
Trd, 000099.217, 156.0
Trd, 000100.183, 155.0
Trd, 000100.383, 150
Trd, 000101.450, 152
Trd, 000102.033, 141.0
Trd, 000102.450, 144
Trd, 000102.867, 146
Trd, 000103.100, 146
Trd, 000103.667, 154
Trd, 000104.283, 151.0
Trd, 000105.150, 145.0
Trd, 000105.367, 144.0
Trd, 000106.050, 151
Trd, 000106.283, 151.0
Trd, 000106.517, 146
Trd, 000106.667, 155.0
Trd, 000107.417, 153
Trd, 000107.550, 147
Trd, 000108.933, 157
Trd, 000108.950, 141.0
Trd, 000110.917, 155.0
Trd, 000111.267, 151
Trd, 000112.067, 151.0
Trd, 000112.767, 156
Trd, 000113.067, 155.0
Trd, 000113.817, 149.0
Trd, 000114.067, 156
Trd, 000114.183, 144.0
Trd, 000114.817, 143.0
Trd, 000115.083, 141.0
Trd, 000115.200, 154
Trd, 000115.217, 158
Trd, 000116.583, 146
Trd, 000117.900, 155.0
Trd, 000118.217, 154
Trd, 000118.450, 151.0
Trd, 000118.900, 151
Trd, 000119.283, 154
Trd, 000119.517, 147.0
Trd, 000119.683, 155
Trd, 000120.950, 150.0
Trd, 000121.250, 151.0
Trd, 000121.367, 150.0
Trd, 000122.533, 149
Trd, 000123.133, 150
Trd, 000123.450, 149.0
Trd, 000123.600, 158
Trd, 000124.183, 162
Trd, 000124.550, 149
Trd, 000125.033, 151.0
Trd, 000125.500, 153
Trd, 000126.433, 155.0
Trd, 000127.700, 148.0
Trd, 000127.750, 155
Trd, 000127.967, 153
Trd, 000128.033, 151
Trd, 000128.483, 151
Trd, 000129.400, 149
Trd, 000129.583, 148.0
Trd, 000129.717, 153
Trd, 000130.633, 152
Trd, 000130.950, 148.0
Trd, 000131.017, 155.0
Trd, 000131.867, 142.0
Trd, 000132.883, 149
Trd, 000133.283, 151
Trd, 000133.617, 146
Trd, 000133.750, 152
Trd, 000133.817, 152
Trd, 000135.300, 156
Trd, 000135.400, 152.0
Trd, 000135.967, 151.0
Trd, 000136.817, 146
Trd, 000137.167, 144.0
Trd, 000137.183, 141.0
Trd, 000137.750, 155.0
Trd, 000139.100, 150
Trd, 000139.733, 154
Trd, 000140.033, 150
Trd, 000140.217, 154
Trd, 000140.833, 149
Trd, 000141.450, 151
Trd, 000141.883, 154.0
Trd, 000142.083, 151
Trd, 000142.717, 155.0
Trd, 000145.100, 155
Trd, 000145.133, 154
Trd, 000145.300, 153
Trd, 000145.533, 155.0
Trd, 000146.167, 151
Trd, 000146.733, 151.0
Trd, 000148.183, 155
Trd, 000148.667, 156
Trd, 000149.383, 156
Trd, 000149.833, 156
Trd, 000151.117, 155
Trd, 000151.133, 169
Trd, 000151.200, 155.0
Trd, 000153.017, 153
Trd, 000153.167, 151.0
Trd, 000153.817, 148.0
Trd, 000153.867, 144.0
Trd, 000154.217, 155
Trd, 000154.700, 154.0
Trd, 000155.983, 155.0
Trd, 000156.150, 158
Trd, 000156.283, 154
Trd, 000157.300, 154
Trd, 000157.683, 156
Trd, 000157.967, 152
Trd, 000158.033, 161
Trd, 000158.383, 156.0
Trd, 000159.800, 156.0
Trd, 000160.033, 156
Trd, 000160.583, 157
Trd, 000160.933, 155.0
Trd, 000161.117, 155
Trd, 000161.233, 154
Trd, 000162.633, 148.0
Trd, 000163.550, 152.0
Trd, 000163.567, 151.0
Trd, 000163.600, 143.0
Trd, 000165.650, 146.0
Trd, 000165.700, 144.0
Trd, 000165.850, 147
Trd, 000165.933, 148
Trd, 000166.283, 153.0
Trd, 000166.350, 155.0
Trd, 000166.433, 142.0
Trd, 000168.250, 148
Trd, 000168.550, 133
Trd, 000168.783, 154
Trd, 000168.900, 155.0
Trd, 000169.467, 145
Trd, 000169.867, 155.0
Trd, 000170.033, 158
Trd, 000171.250, 146.0
Trd, 000171.667, 150.0
Trd, 000171.967, 151.0
Trd, 000172.467, 152
Trd, 000173.400, 152
Trd, 000174.133, 144.0
Trd, 000174.267, 141.0
Trd, 000174.350, 153
Trd, 000175.183, 146
Trd, 000175.350, 145
Trd, 000176.617, 146
Trd, 000177.150, 155.0
Trd, 000177.183, 144.0
Trd, 000178.200, 139
Trd, 000179.150, 150
Trd, 000179.183, 142
Trd, 000179.483, 144
Trd, 000180.033, 136
Trd, 000180.550, 142
Trd, 000181.217, 144.0
Trd, 000181.383, 141.0
Trd, 000181.500, 149.0
Trd, 000181.667, 151.0
Trd, 000182.317, 158
Trd, 000182.983, 144.0
Trd, 000183.100, 138
Trd, 000183.133, 133
Trd, 000184.367, 144
Trd, 000184.683, 145
Trd, 000185.333, 144
Trd, 000185.433, 143
Trd, 000185.867, 142
Trd, 000186.033, 151.0
Trd, 000186.717, 143
Trd, 000187.067, 159
Trd, 000187.200, 143
Trd, 000187.750, 151.0
Trd, 000188.067, 163
Trd, 000188.117, 162
Trd, 000190.617, 152
Trd, 000190.917, 153
Trd, 000191.150, 150
Trd, 000191.700, 154
Trd, 000191.783, 155.0
Trd, 000192.233, 151.0
Trd, 000192.683, 155.0
Trd, 000193.583, 152.0
Trd, 000193.783, 143.0
Trd, 000193.833, 141.0
Trd, 000194.850, 147
Trd, 000194.983, 144
Trd, 000195.483, 150
Trd, 000196.433, 144.0
Trd, 000196.817, 141.0
Trd, 000197.117, 151.0
Trd, 000197.700, 158
Trd, 000197.800, 145
Trd, 000197.900, 144
Trd, 000198.167, 161
Trd, 000200.183, 156.0
Trd, 000200.883, 155.0
Trd, 000200.933, 155
Trd, 000201.133, 151.0
Trd, 000201.333, 149.0
Trd, 000201.833, 155.0
Trd, 000201.900, 150
Trd, 000202.283, 149
Trd, 000202.450, 154
Trd, 000203.083, 151.0
Trd, 000203.683, 148.0
Trd, 000203.800, 144.0
Trd, 000205.767, 141.0
Trd, 000206.100, 143
Trd, 000207.233, 141
Trd, 000208.283, 144
Trd, 000208.867, 145
Trd, 000209.867, 145
Trd, 000210.250, 144
Trd, 000210.800, 145
Trd, 000210.867, 146
Trd, 000211.500, 155.0
Trd, 000211.667, 151.0
Trd, 000212.183, 150
Trd, 000212.617, 150
Trd, 000212.917, 148.0
Trd, 000213.517, 148.0
Trd, 000213.617, 141.0
Trd, 000215.183, 154
Trd, 000215.283, 152.0
Trd, 000216.000, 154
Trd, 000216.067, 151
Trd, 000216.900, 155
Trd, 000217.050, 152.0
Trd, 000218.317, 153.0
Trd, 000218.467, 158
Trd, 000218.583, 155.0
Trd, 000218.967, 154
Trd, 000219.067, 165
Trd, 000219.333, 152.0
Trd, 000219.450, 170
Trd, 000219.867, 158
Trd, 000220.750, 151.0
Trd, 000222.850, 156.0
Trd, 000222.917, 155.0
Trd, 000223.783, 148.0
Trd, 000224.017, 146
Trd, 000224.317, 141.0
Trd, 000224.533, 142
Trd, 000224.900, 155.0
Trd, 000225.767, 153
Trd, 000225.917, 151.0
Trd, 000226.233, 149
Trd, 000226.667, 144.0
Trd, 000226.750, 152
Trd, 000227.050, 136
Trd, 000227.600, 135
Trd, 000227.767, 134
Trd, 000228.100, 155
Trd, 000229.350, 150
Trd, 000229.400, 149
Trd, 000229.800, 157
Trd, 000231.767, 155
Trd, 000232.500, 156
Trd, 000232.583, 158
Trd, 000232.867, 164
Trd, 000233.000, 154
Trd, 000233.900, 156
Trd, 000234.467, 155.0
Trd, 000234.833, 155
Trd, 000234.900, 156
Trd, 000235.033, 151.0
Trd, 000235.750, 148.0
Trd, 000236.033, 144.0
Trd, 000236.417, 151.0
Trd, 000236.583, 143.0
Trd, 000237.650, 146
Trd, 000238.067, 147
Trd, 000238.267, 146
Trd, 000238.733, 155.0
Trd, 000239.967, 158
Trd, 000240.117, 165
Trd, 000240.233, 150.0
Trd, 000240.500, 147.0
Trd, 000240.900, 149
Trd, 000241.750, 154.0
Trd, 000241.883, 151.0
Trd, 000242.867, 150.0
Trd, 000243.300, 149
Trd, 000243.483, 152
Trd, 000243.667, 151.0
Trd, 000244.867, 150.0
Trd, 000245.500, 150
Trd, 000245.767, 151
Trd, 000246.050, 150.0
Trd, 000246.450, 151.0
Trd, 000246.850, 155.0
Trd, 000246.933, 152
Trd, 000247.267, 142.0
Trd, 000248.217, 156
Trd, 000248.333, 157
Trd, 000248.417, 155
Trd, 000249.233, 162.0
Trd, 000249.283, 158
Trd, 000250.100, 158.0
Trd, 000250.433, 155.0
Trd, 000250.900, 148.0
Trd, 000251.100, 160
Trd, 000251.200, 147
Trd, 000251.950, 153
Trd, 000252.083, 151.0
Trd, 000252.200, 151
Trd, 000252.317, 144.0
Trd, 000252.783, 141.0
Trd, 000253.650, 142
Trd, 000253.733, 136
Trd, 000253.917, 144.0
Trd, 000254.150, 133
Trd, 000254.433, 145
Trd, 000255.267, 142
Trd, 000255.833, 140.0
Trd, 000256.533, 143
Trd, 000257.483, 150.0
Trd, 000258.167, 154
Trd, 000258.217, 153
Trd, 000258.250, 161.0
Trd, 000258.767, 148
Trd, 000259.017, 161
Trd, 000259.250, 162.0
Trd, 000259.350, 160
Trd, 000259.583, 154
Trd, 000260.450, 161
Trd, 000260.600, 156
Trd, 000261.383, 159.0
Trd, 000261.483, 158.0
Trd, 000261.683, 156.0
Trd, 000262.367, 153
Trd, 000262.533, 151.0
Trd, 000262.967, 156
Trd, 000263.467, 152
Trd, 000263.883, 160
Trd, 000264.550, 154
Trd, 000265.117, 153
Trd, 000265.233, 158.0
Trd, 000265.250, 159
Trd, 000266.283, 159
Trd, 000266.367, 158
Trd, 000266.733, 156
Trd, 000267.317, 155
Trd, 000267.417, 154
Trd, 000267.833, 151.0
Trd, 000268.350, 151.0
Trd, 000268.467, 148.0
Trd, 000268.950, 147
Trd, 000269.367, 154
Trd, 000269.867, 151
Trd, 000269.950, 159
Trd, 000270.750, 160
Trd, 000271.483, 156.0
Trd, 000271.600, 155.0
Trd, 000272.400, 149
Trd, 000272.833, 144.0
Trd, 000272.950, 148
Trd, 000273.167, 146.0
Trd, 000273.317, 151.0
Trd, 000274.083, 154.0
Trd, 000274.917, 155.0
Trd, 000275.483, 153
Trd, 000276.250, 155
Trd, 000276.267, 159
Trd, 000276.350, 162.0
Trd, 000276.517, 155.0
Trd, 000277.467, 155
Trd, 000277.800, 155
Trd, 000278.617, 156
Trd, 000279.217, 155
Trd, 000279.633, 155
Trd, 000279.817, 154
Trd, 000280.717, 156.0
Trd, 000281.600, 161
Trd, 000281.983, 157
Trd, 000282.250, 160
Trd, 000282.667, 159
Trd, 000283.050, 158
Trd, 000283.300, 157
Trd, 000283.700, 159
Trd, 000284.183, 155.0
Trd, 000284.567, 157
Trd, 000284.700, 159.0
Trd, 000285.367, 152.0
Trd, 000285.500, 151.0
Trd, 000286.400, 145.0
Trd, 000286.783, 144.0
Trd, 000287.117, 151.0
Trd, 000287.150, 141.0
Trd, 000287.350, 142
Trd, 000287.983, 144.0
Trd, 000288.333, 146
Trd, 000288.717, 158
Trd, 000288.933, 159
Trd, 000289.700, 164
Trd, 000289.883, 158
Trd, 000290.117, 157
Trd, 000290.233, 157
Trd, 000291.050, 160.0
Trd, 000291.117, 162.0
Trd, 000292.300, 164
Trd, 000292.550, 156.0
Trd, 000293.050, 155.0
Trd, 000293.267, 165
Trd, 000293.583, 168.0
Trd, 000293.700, 151.0
Trd, 000293.967, 166
Trd, 000294.567, 153
Trd, 000295.333, 157
Trd, 000296.250, 156
Trd, 000296.300, 155
Trd, 000296.767, 151.0
Trd, 000296.783, 148.0
Trd, 000297.233, 147
Trd, 000297.433, 148
Trd, 000298.067, 153
Trd, 000298.500, 152
Trd, 000298.867, 148.0
Trd, 000298.950, 144.0
Trd, 000299.000, 153.0
Trd, 000299.033, 142.0
Trd, 000299.117, 141.0
Trd, 000299.617, 151
