Trd, 000000.817, 193.0
Trd, 000003.950, 159.0
Trd, 000004.367, 159
Trd, 000004.417, 158
Trd, 000004.583, 158.0
Trd, 000004.850, 169
Trd, 000006.150, 153
Trd, 000007.733, 151
Trd, 000007.783, 144.0
Trd, 000007.917, 152
Trd, 000008.217, 151.0
Trd, 000008.600, 158.0
Trd, 000008.733, 142.0
Trd, 000009.083, 150
Trd, 000010.167, 155
Trd, 000011.133, 152
Trd, 000011.283, 151
Trd, 000011.883, 149
Trd, 000011.917, 149
Trd, 000011.967, 144.0
Trd, 000012.150, 141.0
Trd, 000012.700, 154.0
Trd, 000013.000, 148
Trd, 000014.000, 143.0
Trd, 000014.650, 146
Trd, 000015.083, 142
Trd, 000015.583, 149
Trd, 000016.500, 148
Trd, 000017.650, 149.0
Trd, 000017.783, 151.0
Trd, 000017.983, 148
Trd, 000018.100, 141.0
Trd, 000018.600, 155.0
Trd, 000019.367, 156
Trd, 000020.383, 144.0
Trd, 000021.083, 147
Trd, 000021.417, 149
Trd, 000022.100, 158.0
Trd, 000022.367, 148
Trd, 000023.817, 151.0
Trd, 000024.100, 150
Trd, 000024.517, 151
Trd, 000024.650, 149
Trd, 000025.233, 149
Trd, 000026.367, 151
Trd, 000026.617, 148
Trd, 000026.717, 148
Trd, 000027.267, 155.0
Trd, 000027.800, 158.0
Trd, 000029.750, 157
Trd, 000030.033, 156
Trd, 000030.317, 155
Trd, 000030.467, 155
Trd, 000032.000, 154
Trd, 000032.017, 155.0
Trd, 000032.433, 154
Trd, 000032.767, 154
Trd, 000032.817, 155.0
Trd, 000033.483, 152
Trd, 000033.733, 153
Trd, 000034.600, 157.0
Trd, 000035.150, 153
Trd, 000035.300, 153
Trd, 000035.550, 156
Trd, 000036.750, 153
Trd, 000037.400, 152
Trd, 000037.650, 156
Trd, 000037.683, 157
Trd, 000039.517, 152
Trd, 000039.683, 151
Trd, 000040.167, 149
Trd, 000040.233, 150.0
Trd, 000040.250, 144.0
Trd, 000040.983, 149
Trd, 000041.383, 148
Trd, 000042.717, 151
Trd, 000043.150, 155.0
Trd, 000043.300, 147
Trd, 000043.450, 144.0
Trd, 000043.867, 141.0
Trd, 000044.633, 151
Trd, 000045.283, 146
Trd, 000045.417, 144
Trd, 000045.450, 149
Trd, 000045.917, 150
Trd, 000047.700, 145
Trd, 000048.833, 146
Trd, 000049.467, 146
Trd, 000051.017, 147
Trd, 000051.500, 148
Trd, 000051.517, 150
Trd, 000053.100, 151.0
Trd, 000053.733, 150
Trd, 000054.200, 153
Trd, 000056.133, 153
Trd, 000056.900, 153
Trd, 000057.650, 154.0
Trd, 000057.867, 154
Trd, 000058.017, 153
Trd, 000059.800, 157
Trd, 000059.867, 158.0
Trd, 000060.017, 152
Trd, 000060.350, 150
Trd, 000061.717, 151
Trd, 000061.917, 150
Trd, 000062.967, 151.0
Trd, 000063.050, 150
Trd, 000063.700, 149
Trd, 000065.700, 151
Trd, 000065.800, 153
Trd, 000065.817, 155.0
Trd, 000066.717, 149
Trd, 000067.750, 152
Trd, 000067.867, 151
Trd, 000069.167, 156
Trd, 000069.250, 155.0
Trd, 000069.900, 158.0
Trd, 000070.033, 152
Trd, 000070.617, 151
Trd, 000070.817, 159
Trd, 000071.133, 151
Trd, 000071.783, 151
Trd, 000072.083, 141.0
Trd, 000073.317, 153
Trd, 000073.967, 153
Trd, 000074.917, 148
Trd, 000075.433, 146.0
Trd, 000075.467, 144.0
Trd, 000075.567, 148
Trd, 000075.767, 146
Trd, 000076.650, 146
Trd, 000076.700, 158.0
Trd, 000077.117, 141.0
Trd, 000077.583, 165
Trd, 000078.000, 173
Trd, 000078.067, 146
Trd, 000079.667, 146.0
Trd, 000080.650, 144.0
Trd, 000080.783, 144
Trd, 000081.383, 120.0
Trd, 000082.350, 134.0
Trd, 000082.400, 145.0
Trd, 000083.017, 141
Trd, 000083.117, 146
Trd, 000085.217, 148
Trd, 000086.567, 150
Trd, 000087.250, 149
Trd, 000087.467, 149
Trd, 000087.483, 147
Trd, 000087.883, 144.0
Trd, 000088.283, 151.0
Trd, 000088.683, 144
Trd, 000090.200, 148
Trd, 000090.250, 147
Trd, 000090.267, 147
Trd, 000090.983, 158.0
Trd, 000092.517, 149
Trd, 000092.667, 148
Trd, 000092.683, 154
Trd, 000092.767, 147
Trd, 000093.517, 119
Trd, 000093.867, 155
Trd, 000093.917, 155.0
Trd, 000095.850, 145
Trd, 000096.150, 144
Trd, 000096.650, 153
Trd, 000096.917, 152
Trd, 000097.933, 151.0
Trd, 000098.000, 149
Trd, 000100.050, 153
Trd, 000100.067, 150
Trd, 000100.250, 150
Trd, 000100.883, 154
Trd, 000101.567, 152
Trd, 000102.017, 152
Trd, 000102.267, 155.0
Trd, 000103.267, 151
Trd, 000103.650, 163
Trd, 000104.117, 155
Trd, 000105.667, 150
Trd, 000105.867, 150
Trd, 000107.517, 149
Trd, 000108.500, 149.0
Trd, 000109.183, 151.0
Trd, 000109.417, 155
Trd, 000109.633, 150
Trd, 000109.667, 147
Trd, 000110.183, 155.0
Trd, 000110.400, 145
Trd, 000111.117, 149
Trd, 000111.133, 153
Trd, 000111.550, 158.0
Trd, 000111.850, 145
Trd, 000112.000, 165
Trd, 000112.083, 144.0
Trd, 000112.517, 134.0
Trd, 000113.283, 144
Trd, 000113.583, 144
Trd, 000116.250, 150
Trd, 000116.400, 153.0
Trd, 000116.700, 150
Trd, 000116.800, 151.0
Trd, 000117.383, 149
Trd, 000118.433, 144.0
Trd, 000118.900, 153
Trd, 000119.333, 150
Trd, 000120.283, 148
Trd, 000121.550, 147
Trd, 000121.867, 147
Trd, 000122.483, 148
Trd, 000123.100, 148
Trd, 000123.300, 148
Trd, 000124.700, 149
Trd, 000124.933, 151.0
Trd, 000125.700, 146
Trd, 000126.333, 151
Trd, 000126.350, 146
Trd, 000127.817, 146
Trd, 000128.300, 150.0
Trd, 000129.983, 145
Trd, 000130.133, 150.0
Trd, 000130.550, 148
Trd, 000130.983, 151.0
Trd, 000131.233, 145
Trd, 000132.550, 147
Trd, 000133.667, 152
Trd, 000133.900, 148
Trd, 000134.800, 151
Trd, 000135.267, 152
Trd, 000135.950, 150
Trd, 000136.067, 153
Trd, 000136.217, 148
Trd, 000136.367, 146
Trd, 000136.883, 158.0
Trd, 000138.233, 146
Trd, 000138.783, 144.0
Trd, 000139.667, 151.0
Trd, 000139.933, 145
Trd, 000140.133, 144
Trd, 000140.750, 148
Trd, 000141.550, 148
Trd, 000141.700, 145
Trd, 000143.367, 146
Trd, 000143.567, 144
Trd, 000144.117, 144.0
Trd, 000144.267, 151.0
Trd, 000145.767, 148
Trd, 000145.917, 147
Trd, 000146.083, 152
Trd, 000146.400, 155.0
Trd, 000146.567, 158.0
Trd, 000146.917, 165
Trd, 000148.467, 154
Trd, 000148.617, 153
Trd, 000149.100, 153
Trd, 000150.183, 152
Trd, 000150.417, 153.0
Trd, 000150.450, 155.0
Trd, 000151.617, 149
Trd, 000151.700, 154
Trd, 000152.267, 144.0
Trd, 000153.650, 153
Trd, 000154.450, 145
Trd, 000155.167, 148
Trd, 000156.167, 144
Trd, 000156.317, 147
Trd, 000156.950, 147
Trd, 000158.067, 148
Trd, 000158.917, 146
Trd, 000159.133, 144.0
Trd, 000159.767, 151.0
Trd, 000159.783, 144
Trd, 000159.817, 155.0
Trd, 000161.000, 154
Trd, 000161.167, 145
Trd, 000161.317, 147
Trd, 000162.033, 149
Trd, 000164.133, 144
Trd, 000164.433, 147
Trd, 000165.433, 145
Trd, 000165.783, 147
Trd, 000166.233, 145
Trd, 000166.350, 146.0
Trd, 000166.600, 151.0
Trd, 000167.617, 155.0
Trd, 000167.867, 144.0
Trd, 000170.083, 151
Trd, 000170.283, 146
Trd, 000171.017, 148
Trd, 000171.300, 150
Trd, 000171.417, 151
Trd, 000173.217, 149
Trd, 000173.683, 148
Trd, 000173.983, 151.0
Trd, 000174.217, 152
Trd, 000174.900, 148
Trd, 000175.900, 151
Trd, 000177.217, 151
Trd, 000177.667, 156.0
Trd, 000177.700, 158.0
Trd, 000178.883, 153.0
Trd, 000179.367, 152
Trd, 000179.383, 151
Trd, 000179.850, 151
Trd, 000180.950, 150
Trd, 000181.650, 150
Trd, 000183.000, 153
Trd, 000183.267, 155.0
Trd, 000184.450, 158
Trd, 000184.467, 159
Trd, 000184.750, 166
Trd, 000185.067, 158.0
Trd, 000185.250, 156
Trd, 000185.733, 157
Trd, 000185.800, 155
Trd, 000186.100, 141.0
Trd, 000186.450, 144.0
Trd, 000187.617, 134.0
Trd, 000188.000, 141
Trd, 000189.683, 148
Trd, 000189.817, 144
Trd, 000190.117, 149.0
Trd, 000190.633, 144.0
Trd, 000191.067, 150
Trd, 000192.000, 150.0
Trd, 000192.517, 146
Trd, 000192.733, 151.0
Trd, 000192.750, 155.0
Trd, 000193.933, 148
Trd, 000194.567, 147
Trd, 000194.700, 147
Trd, 000196.133, 151.0
Trd, 000196.350, 149
Trd, 000197.467, 147
Trd, 000197.667, 151
Trd, 000198.333, 150
Trd, 000198.700, 146
Trd, 000199.017, 149.0
Trd, 000199.500, 151.0
Trd, 000201.350, 149
Trd, 000201.667, 150
Trd, 000201.817, 151
Trd, 000202.100, 148
Trd, 000202.483, 149
Trd, 000203.783, 153
Trd, 000204.533, 149
Trd, 000205.433, 151.0
Trd, 000205.483, 150
Trd, 000205.883, 146
Trd, 000206.117, 152.0
Trd, 000206.367, 155.0
Trd, 000207.033, 145
Trd, 000207.683, 165
Trd, 000207.983, 158.0
Trd, 000208.833, 159
Trd, 000209.333, 156
Trd, 000210.050, 157
Trd, 000210.500, 156
Trd, 000210.783, 156
Trd, 000211.133, 165
Trd, 000211.283, 144.0
Trd, 000211.467, 164
Trd, 000211.933, 155.0
Trd, 000213.217, 157
Trd, 000213.433, 151
Trd, 000215.417, 157.0
Trd, 000216.150, 150
Trd, 000216.733, 156
Trd, 000217.200, 153
Trd, 000218.783, 154
Trd, 000218.883, 157
Trd, 000218.950, 153
Trd, 000219.633, 152
Trd, 000219.767, 152
Trd, 000220.517, 150
Trd, 000221.000, 150
Trd, 000221.050, 155.0
Trd, 000221.083, 158.0
Trd, 000221.150, 144.0
Trd, 000221.200, 165
Trd, 000221.967, 142.0
Trd, 000222.133, 143
Trd, 000222.433, 158.0
Trd, 000223.033, 147
Trd, 000224.017, 149
Trd, 000225.633, 151.0
Trd, 000225.933, 149
Trd, 000226.283, 148
Trd, 000226.600, 151
Trd, 000227.850, 158.0
Trd, 000228.950, 151
Trd, 000229.117, 150
Trd, 000230.033, 150
Trd, 000230.467, 151.0
Trd, 000230.483, 149
Trd, 000231.750, 149
Trd, 000231.867, 146.0
Trd, 000232.467, 151.0
Trd, 000232.950, 154.0
Trd, 000233.767, 147
Trd, 000234.117, 147
Trd, 000234.783, 151
Trd, 000235.267, 146
Trd, 000235.283, 145
Trd, 000236.233, 151
Trd, 000236.600, 146.0
Trd, 000237.433, 148
Trd, 000237.550, 152
Trd, 000238.533, 148.0
Trd, 000239.167, 150.0
Trd, 000239.250, 145
Trd, 000240.500, 146.0
Trd, 000241.067, 149
Trd, 000241.200, 150
Trd, 000241.767, 151.0
Trd, 000242.950, 151.0
Trd, 000243.017, 150
Trd, 000243.117, 151
Trd, 000243.467, 153
Trd, 000244.050, 158.0
Trd, 000244.167, 153
Trd, 000244.383, 155
Trd, 000245.383, 162.0
Trd, 000246.100, 157
Trd, 000246.400, 154
Trd, 000247.700, 159.0
Trd, 000248.500, 159.0
Trd, 000248.550, 160
Trd, 000248.633, 158.0
Trd, 000248.700, 157
Trd, 000248.917, 158
Trd, 000249.483, 156
Trd, 000249.917, 150
Trd, 000251.600, 142.0
Trd, 000251.767, 144.0
Trd, 000252.683, 162.0
Trd, 000253.917, 158
Trd, 000254.083, 160.0
Trd, 000254.283, 158.0
Trd, 000254.883, 161.0
Trd, 000255.517, 161.0
Trd, 000256.450, 162
Trd, 000256.533, 162.0
Trd, 000256.800, 161
Trd, 000257.000, 159
Trd, 000257.217, 157
Trd, 000257.400, 161
Trd, 000257.467, 156
Trd, 000257.483, 167.0
Trd, 000257.633, 150
Trd, 000258.600, 158.0
Trd, 000259.517, 144.0
Trd, 000260.733, 151.0
Trd, 000261.450, 157.0
Trd, 000262.000, 155
Trd, 000262.083, 157
Trd, 000262.150, 155.0
Trd, 000262.500, 153
Trd, 000263.050, 160.0
Trd, 000263.550, 162.0
Trd, 000263.583, 159
Trd, 000263.717, 157
Trd, 000263.983, 146
Trd, 000264.617, 158.0
Trd, 000264.900, 152
Trd, 000265.167, 153
Trd, 000265.217, 149
Trd, 000265.917, 157
Trd, 000267.617, 156
Trd, 000268.667, 153
Trd, 000268.967, 152
Trd, 000269.883, 153
Trd, 000270.067, 154
Trd, 000270.133, 151
Trd, 000270.667, 154
Trd, 000270.850, 151
Trd, 000271.283, 152
Trd, 000271.700, 155.0
Trd, 000271.717, 158.0
Trd, 000272.517, 151
Trd, 000273.117, 151.0
Trd, 000273.150, 150
Trd, 000273.267, 144.0
Trd, 000273.367, 141.0
Trd, 000275.100, 156
Trd, 000275.150, 157
Trd, 000275.433, 157
Trd, 000276.467, 156.0
Trd, 000276.517, 158.0
Trd, 000277.650, 157
Trd, 000277.750, 157
Trd, 000278.767, 153
Trd, 000278.850, 155.0
Trd, 000279.583, 159
Trd, 000279.600, 152
Trd, 000280.033, 158.0
Trd, 000280.467, 153
Trd, 000280.533, 152
Trd, 000280.817, 161
Trd, 000281.117, 162
Trd, 000281.583, 156
Trd, 000281.850, 152
Trd, 000282.067, 149
Trd, 000282.933, 162.0
Trd, 000283.783, 164
Trd, 000283.833, 165
Trd, 000283.867, 158.0
Trd, 000284.000, 156
Trd, 000285.367, 168.0
Trd, 000285.533, 167
Trd, 000286.267, 161
Trd, 000286.367, 162
Trd, 000286.650, 158
Trd, 000287.200, 145.0
Trd, 000287.300, 144.0
Trd, 000287.333, 141.0
Trd, 000289.133, 144
Trd, 000289.567, 152
Trd, 000289.983, 143
Trd, 000290.067, 151
Trd, 000290.150, 152
Trd, 000291.483, 150
Trd, 000291.517, 155.0
Trd, 000291.733, 158.0
Trd, 000291.800, 146
Trd, 000292.217, 151.0
Trd, 000292.317, 144.0
Trd, 000293.050, 158
Trd, 000294.217, 148
Trd, 000294.650, 155.0
Trd, 000295.183, 148
Trd, 000295.700, 151
Trd, 000295.833, 150
Trd, 000296.133, 151
Trd, 000296.333, 153
Trd, 000296.500, 155
Trd, 000296.533, 149
Trd, 000296.817, 162.0
Trd, 000296.883, 167
Trd, 000297.550, 151
Trd, 000297.983, 149
Trd, 000298.117, 144.0
Trd, 000298.367, 141.0
Trd, 000299.350, 149
Trd, 000299.783, 153.0
