Trd, 000002.567, 113.0
Trd, 000004.267, 145.0
Trd, 000004.333, 146.0
Trd, 000004.867, 145
Trd, 000005.000, 147
Trd, 000005.117, 144.0
Trd, 000005.250, 141.0
Trd, 000005.550, 148.0
Trd, 000006.050, 129
Trd, 000008.183, 161
Trd, 000008.533, 156.0
Trd, 000008.683, 155.0
Trd, 000009.633, 153
Trd, 000009.733, 151.0
Trd, 000009.967, 152
Trd, 000010.100, 155
Trd, 000010.717, 148
Trd, 000010.983, 156
Trd, 000012.150, 150
Trd, 000013.000, 151
Trd, 000013.367, 150
Trd, 000014.200, 151
Trd, 000014.450, 152
Trd, 000014.733, 152
Trd, 000015.883, 153
Trd, 000016.033, 150
Trd, 000016.483, 148
Trd, 000018.133, 153
Trd, 000018.417, 154
Trd, 000018.833, 153
Trd, 000018.917, 158
Trd, 000019.400, 151.0
Trd, 000019.767, 151
Trd, 000019.900, 147
Trd, 000021.050, 148
Trd, 000022.067, 148
Trd, 000022.950, 148
Trd, 000023.133, 148
Trd, 000023.550, 148
Trd, 000023.633, 147
Trd, 000023.800, 148.0
Trd, 000024.833, 148
Trd, 000025.667, 147
Trd, 000025.950, 147
Trd, 000026.367, 146
Trd, 000027.483, 148
Trd, 000028.183, 147
Trd, 000029.400, 146
Trd, 000030.750, 146
Trd, 000030.833, 148
Trd, 000031.400, 148.0
Trd, 000031.867, 148
Trd, 000032.333, 148
Trd, 000032.533, 147
Trd, 000032.633, 148
Trd, 000032.650, 147
Trd, 000033.217, 148
Trd, 000034.250, 148
Trd, 000034.383, 147
Trd, 000034.583, 148.0
Trd, 000037.883, 149
Trd, 000039.083, 150
Trd, 000039.117, 150
Trd, 000039.233, 146
Trd, 000039.917, 143.0
Trd, 000040.083, 147
Trd, 000040.183, 142.0
Trd, 000042.850, 147
Trd, 000042.883, 146.0
Trd, 000043.083, 144.0
Trd, 000043.300, 145
Trd, 000044.233, 145
Trd, 000044.683, 145
Trd, 000044.900, 146
Trd, 000045.850, 146
Trd, 000046.350, 147
Trd, 000046.683, 147
Trd, 000046.717, 148.0
Trd, 000046.967, 146
Trd, 000047.033, 148.0
Trd, 000047.867, 147
Trd, 000048.967, 146
Trd, 000049.217, 146
Trd, 000050.800, 147
Trd, 000051.083, 146
Trd, 000051.717, 145
Trd, 000052.000, 145
Trd, 000052.300, 147
Trd, 000052.500, 147
Trd, 000054.017, 157
Trd, 000054.233, 153.0
Trd, 000054.917, 152
Trd, 000055.567, 155
Trd, 000055.917, 158
Trd, 000056.050, 158.0
Trd, 000056.617, 156
Trd, 000056.883, 156
Trd, 000057.800, 155
Trd, 000058.283, 154
Trd, 000058.300, 153
Trd, 000059.433, 141.0
Trd, 000059.917, 146.0
Trd, 000059.983, 147.0
Trd, 000060.350, 144
Trd, 000060.400, 143
Trd, 000060.850, 142
Trd, 000062.733, 141.0
Trd, 000063.367, 141
Trd, 000063.683, 141
Trd, 000064.100, 144
Trd, 000064.200, 138
Trd, 000065.433, 144
Trd, 000065.517, 144
Trd, 000065.750, 144
Trd, 000066.717, 146
Trd, 000067.717, 147
Trd, 000068.383, 149
Trd, 000069.017, 149
Trd, 000069.967, 150
Trd, 000070.317, 150
Trd, 000070.983, 154
Trd, 000071.250, 153
Trd, 000071.950, 150
Trd, 000073.117, 150
Trd, 000074.267, 151
Trd, 000074.683, 152
Trd, 000074.933, 151
Trd, 000075.267, 147
Trd, 000075.900, 148
Trd, 000076.183, 148.0
Trd, 000076.883, 147
Trd, 000077.117, 149
Trd, 000077.717, 147
Trd, 000078.217, 148.0
Trd, 000078.900, 148
Trd, 000079.700, 149
Trd, 000080.333, 148
Trd, 000081.000, 149
Trd, 000082.000, 150
Trd, 000083.067, 157.0
Trd, 000083.667, 151
Trd, 000084.233, 152
Trd, 000084.300, 152
Trd, 000084.717, 152.0
Trd, 000084.883, 150
Trd, 000086.117, 150
Trd, 000086.700, 149
Trd, 000087.033, 150
Trd, 000088.100, 148.0
Trd, 000088.267, 148
Trd, 000088.683, 148
Trd, 000088.700, 147
Trd, 000089.017, 149
Trd, 000089.800, 147
Trd, 000090.983, 145
Trd, 000091.650, 145
Trd, 000091.900, 141.0
Trd, 000093.650, 144.0
Trd, 000094.500, 144.0
Trd, 000094.783, 146
Trd, 000094.983, 146
Trd, 000095.467, 147
Trd, 000095.500, 148.0
Trd, 000096.350, 146
Trd, 000096.867, 146
Trd, 000097.467, 147
Trd, 000097.717, 148
Trd, 000098.650, 149
Trd, 000099.183, 148
Trd, 000099.200, 149
Trd, 000099.817, 148
Trd, 000100.217, 142.0
Trd, 000100.783, 158
Trd, 000101.367, 141.0
Trd, 000101.883, 161.0
Trd, 000103.017, 154
Trd, 000103.133, 155
Trd, 000103.367, 156
Trd, 000104.383, 158
Trd, 000105.183, 157.0
Trd, 000105.567, 155.0
Trd, 000106.083, 147
Trd, 000107.900, 149
Trd, 000108.233, 150
Trd, 000108.983, 150
Trd, 000109.100, 149
Trd, 000109.267, 145
Trd, 000109.600, 151
Trd, 000109.667, 152
Trd, 000110.717, 147.0
Trd, 000111.133, 145
Trd, 000112.283, 147
Trd, 000112.583, 148.0
Trd, 000112.900, 147
Trd, 000113.100, 158
Trd, 000114.183, 149
Trd, 000114.450, 149
Trd, 000115.000, 143.0
Trd, 000115.533, 147
Trd, 000116.050, 146.0
Trd, 000116.417, 147
Trd, 000117.550, 145
Trd, 000118.033, 146
Trd, 000118.550, 147
Trd, 000120.733, 147
Trd, 000121.000, 148.0
Trd, 000121.367, 146
Trd, 000121.433, 148
Trd, 000121.700, 145
Trd, 000122.383, 146
Trd, 000122.650, 159
Trd, 000122.883, 141.0
Trd, 000123.417, 142
Trd, 000124.500, 150
Trd, 000124.900, 151
Trd, 000125.600, 151
Trd, 000126.450, 152
Trd, 000127.067, 151
Trd, 000127.383, 150
Trd, 000127.550, 149
Trd, 000128.550, 149
Trd, 000128.800, 148
Trd, 000129.583, 145
Trd, 000130.300, 148
Trd, 000130.517, 144.0
Trd, 000131.100, 145
Trd, 000131.350, 147.0
Trd, 000131.883, 147
Trd, 000133.317, 148.0
Trd, 000133.367, 147
Trd, 000133.750, 146
Trd, 000134.750, 150
Trd, 000135.600, 150
Trd, 000135.867, 151
Trd, 000136.050, 150
Trd, 000136.350, 146
Trd, 000137.133, 150
Trd, 000137.700, 151.0
Trd, 000138.017, 150
Trd, 000138.050, 151
Trd, 000138.333, 151
Trd, 000139.067, 149
Trd, 000139.233, 151
Trd, 000140.967, 154.0
Trd, 000141.950, 154
Trd, 000142.133, 151
Trd, 000142.600, 150
Trd, 000143.050, 148
Trd, 000143.633, 145
Trd, 000143.933, 144.0
Trd, 000144.500, 144
Trd, 000145.017, 145
Trd, 000145.183, 146
Trd, 000145.767, 148.0
Trd, 000147.133, 158
Trd, 000147.267, 161.0
Trd, 000147.367, 147
Trd, 000147.617, 145
Trd, 000148.450, 141.0
Trd, 000149.750, 148.0
Trd, 000150.267, 148
Trd, 000150.300, 149
Trd, 000150.950, 148
Trd, 000151.650, 148
Trd, 000151.783, 148
Trd, 000152.017, 149
Trd, 000153.400, 157.0
Trd, 000153.883, 151
Trd, 000154.633, 150
Trd, 000155.100, 156
Trd, 000155.683, 152
Trd, 000156.017, 152
Trd, 000156.150, 151
Trd, 000157.617, 153
Trd, 000157.767, 154
Trd, 000158.400, 155
Trd, 000159.467, 156.0
Trd, 000160.500, 157
Trd, 000161.350, 157
Trd, 000161.517, 156
Trd, 000162.633, 156
Trd, 000163.767, 142
Trd, 000163.917, 139
Trd, 000164.367, 147
Trd, 000164.650, 148.0
Trd, 000164.767, 147
Trd, 000165.183, 155
Trd, 000166.533, 152
Trd, 000166.917, 155
Trd, 000167.467, 151.0
Trd, 000167.833, 153
Trd, 000168.000, 152
Trd, 000168.033, 162.0
Trd, 000168.683, 151
Trd, 000170.117, 148
Trd, 000171.217, 148
Trd, 000171.250, 147
Trd, 000171.933, 147
Trd, 000172.633, 146
Trd, 000172.950, 145.0
Trd, 000173.983, 143
Trd, 000174.583, 143
Trd, 000174.817, 144
Trd, 000175.083, 144
Trd, 000175.167, 143
Trd, 000176.183, 144
Trd, 000176.583, 144
Trd, 000176.650, 146
Trd, 000177.350, 143
Trd, 000177.383, 143
Trd, 000177.533, 154
Trd, 000178.233, 148.0
Trd, 000178.550, 141
Trd, 000179.783, 143
Trd, 000179.983, 141
Trd, 000180.883, 144
Trd, 000181.233, 144
Trd, 000181.733, 143
Trd, 000182.617, 144
Trd, 000183.217, 144
Trd, 000183.433, 144
Trd, 000183.850, 145
Trd, 000184.717, 144
Trd, 000185.283, 145
Trd, 000185.817, 144
Trd, 000186.867, 145
Trd, 000186.933, 148.0
Trd, 000187.283, 146.0
Trd, 000188.700, 149
Trd, 000189.150, 148
Trd, 000190.350, 152
Trd, 000190.417, 150
Trd, 000191.600, 151
Trd, 000191.700, 151.0
Trd, 000191.717, 152
Trd, 000192.467, 152
Trd, 000192.667, 151
Trd, 000193.217, 156
Trd, 000194.517, 159
Trd, 000194.700, 158.0
Trd, 000195.483, 157
Trd, 000195.617, 156
Trd, 000196.500, 151.0
Trd, 000197.200, 147.0
Trd, 000197.350, 147
Trd, 000197.450, 148.0
Trd, 000197.717, 146
Trd, 000198.367, 141.0
Trd, 000199.317, 142
Trd, 000199.583, 134.0
Trd, 000200.933, 137
Trd, 000201.000, 139
Trd, 000201.317, 139
Trd, 000201.567, 136
Trd, 000201.883, 138
Trd, 000203.033, 136
Trd, 000203.400, 138
Trd, 000203.800, 144
Trd, 000205.100, 146.0
Trd, 000205.433, 144
Trd, 000205.983, 146.0
Trd, 000206.500, 146
Trd, 000206.717, 147
Trd, 000206.800, 148.0
Trd, 000207.150, 145
Trd, 000207.667, 145
Trd, 000207.700, 144
Trd, 000209.217, 142
Trd, 000209.833, 142
Trd, 000210.350, 143
Trd, 000211.133, 143
Trd, 000211.217, 145
Trd, 000211.233, 141.0
Trd, 000212.283, 143
Trd, 000212.333, 142
Trd, 000212.833, 148.0
Trd, 000213.367, 144
Trd, 000214.617, 147
Trd, 000215.067, 148
Trd, 000216.100, 146
Trd, 000216.300, 146
Trd, 000216.367, 147
Trd, 000217.550, 147.0
Trd, 000218.350, 147
Trd, 000218.550, 158
Trd, 000218.867, 148
Trd, 000219.917, 157
Trd, 000220.883, 156
Trd, 000220.950, 152
Trd, 000221.383, 151
Trd, 000222.433, 154
Trd, 000223.300, 155
Trd, 000223.667, 158.0
Trd, 000224.317, 154
Trd, 000224.967, 155
Trd, 000225.067, 154
Trd, 000225.200, 151.0
Trd, 000227.683, 152
Trd, 000228.033, 151
Trd, 000228.367, 152
Trd, 000229.067, 150
Trd, 000229.833, 153
Trd, 000231.067, 153
Trd, 000231.183, 151.0
Trd, 000231.317, 154
Trd, 000233.250, 144.0
Trd, 000233.550, 145
Trd, 000233.900, 144
Trd, 000234.167, 146
Trd, 000234.550, 146
Trd, 000234.783, 146
Trd, 000235.000, 143
Trd, 000235.800, 145
Trd, 000237.983, 144
Trd, 000238.450, 143.0
Trd, 000238.483, 144
Trd, 000239.167, 141.0
Trd, 000239.517, 147.0
Trd, 000239.617, 141
Trd, 000239.967, 141.0
Trd, 000240.667, 146
Trd, 000240.800, 146
Trd, 000240.867, 148.0
Trd, 000243.000, 157
Trd, 000243.133, 156
Trd, 000243.483, 155
Trd, 000244.067, 159
Trd, 000244.833, 161.0
Trd, 000245.217, 162.0
Trd, 000245.417, 160
Trd, 000246.000, 159
Trd, 000246.317, 160
Trd, 000246.817, 161
Trd, 000247.000, 158.0
Trd, 000247.317, 155.0
Trd, 000248.167, 158
Trd, 000248.283, 158
Trd, 000248.467, 157
Trd, 000249.117, 158
Trd, 000249.517, 156
Trd, 000250.050, 156
Trd, 000250.267, 155.0
Trd, 000250.317, 156
Trd, 000251.000, 160
Trd, 000251.567, 158
Trd, 000251.717, 148
Trd, 000252.067, 156
Trd, 000252.617, 154
Trd, 000252.683, 155
Trd, 000252.867, 157
Trd, 000254.200, 155
Trd, 000254.300, 156
Trd, 000254.550, 157
Trd, 000254.683, 160
Trd, 000255.550, 161.0
Trd, 000255.867, 159.0
Trd, 000255.917, 158.0
Trd, 000256.433, 155
Trd, 000257.233, 158.0
Trd, 000257.983, 156.0
Trd, 000258.067, 158
Trd, 000258.583, 156
Trd, 000258.600, 155.0
Trd, 000260.117, 155
Trd, 000260.183, 157
Trd, 000260.483, 157
Trd, 000260.533, 158
Trd, 000261.300, 156
Trd, 000262.600, 157.0
Trd, 000262.617, 155.0
Trd, 000263.783, 158
Trd, 000264.017, 157
Trd, 000264.517, 155
Trd, 000265.350, 156
Trd, 000265.800, 158
Trd, 000265.900, 154
Trd, 000266.700, 158
Trd, 000266.900, 158
Trd, 000267.283, 156
Trd, 000267.717, 155
Trd, 000267.867, 157
Trd, 000267.883, 152
Trd, 000268.133, 151.0
Trd, 000268.567, 141.0
Trd, 000268.967, 145
Trd, 000270.033, 148
Trd, 000270.383, 148
Trd, 000270.617, 147
Trd, 000270.933, 148.0
Trd, 000271.117, 149
Trd, 000271.450, 150
Trd, 000272.133, 146
Trd, 000272.283, 148
Trd, 000272.583, 145
Trd, 000273.817, 145
Trd, 000274.600, 142
Trd, 000274.683, 144.0
Trd, 000275.117, 144
Trd, 000275.217, 147
Trd, 000275.600, 147
Trd, 000275.617, 140.0
Trd, 000275.833, 141.0
Trd, 000276.817, 148.0
Trd, 000277.500, 161
Trd, 000277.517, 155.0
Trd, 000277.633, 159.0
Trd, 000278.417, 160.0
Trd, 000278.450, 159.0
Trd, 000278.500, 158.0
Trd, 000279.633, 156
Trd, 000280.133, 155
Trd, 000281.300, 155.0
Trd, 000282.067, 155
Trd, 000282.250, 155.0
Trd, 000282.983, 151.0
Trd, 000283.450, 149
Trd, 000283.533, 155
Trd, 000284.667, 148.0
Trd, 000284.967, 149
Trd, 000285.017, 150
Trd, 000285.100, 148
Trd, 000285.383, 151
Trd, 000285.500, 152
Trd, 000286.700, 149
Trd, 000287.000, 148
Trd, 000287.383, 150
Trd, 000288.600, 148
Trd, 000288.667, 147
Trd, 000288.700, 148
Trd, 000288.750, 149
Trd, 000289.550, 148
Trd, 000289.733, 146
Trd, 000289.767, 150
Trd, 000289.883, 151
Trd, 000290.783, 159
Trd, 000291.333, 148.0
Trd, 000292.750, 152
Trd, 000293.817, 164.0
Trd, 000294.100, 153
Trd, 000294.317, 154
Trd, 000294.367, 163.0
Trd, 000294.767, 158.0
Trd, 000295.517, 158
Trd, 000296.067, 162
Trd, 000297.233, 159
Trd, 000298.017, 159
Trd, 000298.400, 161
Trd, 000298.650, 158
Trd, 000299.617, 159.0
