Trd, 000004.083, 138.0
Trd, 000004.233, 137.0
Trd, 000004.500, 142
Trd, 000004.667, 143
Trd, 000005.517, 142
Trd, 000006.083, 141
Trd, 000006.217, 142
Trd, 000006.967, 140
Trd, 000007.217, 144
Trd, 000008.883, 142
Trd, 000009.017, 143
Trd, 000009.300, 144
Trd, 000009.650, 142
Trd, 000009.933, 142
Trd, 000011.383, 144
Trd, 000011.850, 145
Trd, 000012.350, 157.0
Trd, 000012.583, 144
Trd, 000012.833, 158.0
Trd, 000013.483, 145
Trd, 000014.033, 153
Trd, 000015.900, 150
Trd, 000016.033, 151
Trd, 000016.317, 152
Trd, 000017.083, 151
Trd, 000018.100, 152
Trd, 000018.267, 151
Trd, 000018.383, 151.0
Trd, 000020.433, 142
Trd, 000020.500, 142
Trd, 000021.000, 140
Trd, 000021.983, 136
Trd, 000022.050, 137
Trd, 000022.500, 139
Trd, 000022.733, 134
Trd, 000023.617, 141
Trd, 000024.167, 139
Trd, 000024.867, 136
Trd, 000025.717, 137
Trd, 000025.750, 135
Trd, 000025.950, 138
Trd, 000026.517, 140
Trd, 000027.883, 138
Trd, 000028.333, 137
Trd, 000028.533, 138
Trd, 000028.800, 138
Trd, 000029.433, 143
Trd, 000029.533, 137
Trd, 000029.600, 136
Trd, 000030.800, 133
Trd, 000031.850, 132
Trd, 000033.517, 137
Trd, 000033.750, 137
Trd, 000033.783, 138
Trd, 000034.383, 138
Trd, 000036.267, 139
Trd, 000037.050, 137
Trd, 000037.183, 137
Trd, 000037.450, 134
Trd, 000038.217, 138
Trd, 000038.517, 137
Trd, 000038.800, 143
Trd, 000039.217, 144
Trd, 000039.767, 141
Trd, 000039.900, 142
Trd, 000041.267, 143
Trd, 000041.733, 143
Trd, 000041.833, 144
Trd, 000042.817, 155.0
Trd, 000042.883, 143
Trd, 000044.400, 148
Trd, 000044.900, 148
Trd, 000046.117, 149
Trd, 000046.250, 148
Trd, 000046.433, 147
Trd, 000046.933, 150
Trd, 000047.317, 158.0
Trd, 000047.350, 147
Trd, 000048.150, 154
Trd, 000049.017, 149
Trd, 000049.900, 149
Trd, 000050.883, 148
Trd, 000051.700, 146
Trd, 000051.767, 145
Trd, 000052.133, 147
Trd, 000053.100, 145
Trd, 000054.117, 141
Trd, 000054.267, 140
Trd, 000054.383, 142
Trd, 000054.567, 137
Trd, 000054.833, 140
Trd, 000055.533, 139
Trd, 000056.633, 140
Trd, 000057.017, 144
Trd, 000057.267, 142
Trd, 000057.883, 156
Trd, 000059.083, 148
Trd, 000059.367, 148
Trd, 000059.483, 146
Trd, 000060.050, 146
Trd, 000061.050, 146
Trd, 000061.217, 145
Trd, 000061.783, 145
Trd, 000061.817, 146
Trd, 000062.383, 144
Trd, 000062.883, 143
Trd, 000063.033, 144
Trd, 000063.583, 144
Trd, 000064.033, 143
Trd, 000064.233, 145
Trd, 000066.250, 153.0
Trd, 000068.350, 144
Trd, 000068.617, 143
Trd, 000069.467, 144
Trd, 000069.700, 144
Trd, 000069.950, 145
Trd, 000070.150, 142
Trd, 000071.217, 142
Trd, 000072.383, 142
Trd, 000072.400, 142
Trd, 000072.467, 158.0
Trd, 000072.633, 148
Trd, 000072.983, 144
Trd, 000073.200, 148
Trd, 000074.150, 159
Trd, 000074.350, 155
Trd, 000076.183, 157
Trd, 000076.450, 157
Trd, 000076.567, 158.0
Trd, 000077.750, 157
Trd, 000078.383, 157
Trd, 000078.617, 156
Trd, 000079.450, 152
Trd, 000080.050, 152.0
Trd, 000080.267, 155
Trd, 000081.250, 153
Trd, 000081.550, 152
Trd, 000082.017, 153
Trd, 000082.067, 151.0
Trd, 000082.450, 151
Trd, 000083.100, 148
Trd, 000084.233, 145
Trd, 000085.100, 140
Trd, 000085.200, 139
Trd, 000085.883, 145
Trd, 000086.217, 144
Trd, 000087.117, 141
Trd, 000087.483, 144
Trd, 000088.133, 144
Trd, 000089.017, 145
Trd, 000089.950, 146
Trd, 000090.367, 157.0
Trd, 000091.383, 153
Trd, 000091.400, 156.0
Trd, 000092.067, 153
Trd, 000092.717, 154
Trd, 000094.050, 153
Trd, 000094.883, 153
Trd, 000094.933, 151.0
Trd, 000095.283, 151
Trd, 000096.567, 140
Trd, 000096.883, 142
Trd, 000097.800, 139
Trd, 000098.417, 139
Trd, 000098.983, 134
Trd, 000099.267, 139
Trd, 000099.417, 133
Trd, 000100.583, 138
Trd, 000100.600, 139
Trd, 000100.717, 137
Trd, 000102.283, 137
Trd, 000103.200, 138
Trd, 000103.867, 138
Trd, 000104.217, 138
Trd, 000104.267, 140
Trd, 000104.450, 143
Trd, 000105.350, 139
Trd, 000105.950, 140
Trd, 000106.000, 141
Trd, 000106.550, 138
Trd, 000107.400, 138
Trd, 000107.617, 139
Trd, 000108.350, 137
Trd, 000108.467, 138
Trd, 000108.867, 138
Trd, 000109.567, 141
Trd, 000109.717, 137
Trd, 000110.650, 140
Trd, 000110.900, 141
Trd, 000111.100, 136
Trd, 000112.717, 138
Trd, 000113.817, 138
Trd, 000114.333, 138
Trd, 000115.550, 136
Trd, 000115.800, 136
Trd, 000115.900, 138
Trd, 000116.133, 139
Trd, 000116.333, 136
Trd, 000116.617, 147
Trd, 000116.717, 136
Trd, 000116.733, 158.0
Trd, 000117.000, 148
Trd, 000117.767, 143
Trd, 000118.100, 135
Trd, 000119.417, 136
Trd, 000119.650, 135
Trd, 000120.050, 135
Trd, 000120.117, 136
Trd, 000120.950, 136
Trd, 000121.217, 136
Trd, 000122.117, 135
Trd, 000122.367, 136
Trd, 000123.050, 137
Trd, 000123.200, 137
Trd, 000124.417, 136
Trd, 000124.433, 135
Trd, 000124.467, 143
Trd, 000124.483, 144
Trd, 000125.317, 147
Trd, 000125.383, 146
Trd, 000125.883, 157.0
Trd, 000126.050, 144
Trd, 000127.717, 146
Trd, 000127.800, 148
Trd, 000128.217, 133
Trd, 000129.150, 139
Trd, 000129.300, 139
Trd, 000129.917, 139
Trd, 000130.433, 139
Trd, 000130.633, 139
Trd, 000131.117, 138
Trd, 000131.200, 140
Trd, 000131.550, 154
Trd, 000132.383, 156
Trd, 000133.600, 156
Trd, 000133.633, 158.0
Trd, 000134.817, 157
Trd, 000135.450, 156
Trd, 000135.983, 155
Trd, 000136.300, 154
Trd, 000136.367, 153
Trd, 000137.267, 149
Trd, 000138.150, 143
Trd, 000138.700, 144
Trd, 000138.883, 144
Trd, 000139.767, 145
Trd, 000139.817, 145
Trd, 000139.883, 151
Trd, 000140.333, 146
Trd, 000140.783, 145
Trd, 000141.800, 149
Trd, 000142.917, 152
Trd, 000143.667, 154.0
Trd, 000143.783, 154
Trd, 000144.283, 153.0
Trd, 000145.433, 164
Trd, 000145.567, 154
Trd, 000146.317, 155
Trd, 000146.367, 151.0
Trd, 000148.733, 148
Trd, 000149.200, 149
Trd, 000149.983, 148
Trd, 000150.083, 149
Trd, 000150.867, 148
Trd, 000150.950, 149
Trd, 000151.433, 149
Trd, 000152.083, 148
Trd, 000152.950, 146
Trd, 000153.150, 141
Trd, 000153.267, 138
Trd, 000153.383, 149
Trd, 000155.267, 144
Trd, 000155.733, 144
Trd, 000156.117, 143
Trd, 000156.400, 142
Trd, 000156.667, 144
Trd, 000157.000, 143
Trd, 000157.450, 144
Trd, 000158.483, 168.0
Trd, 000158.533, 142
Trd, 000161.533, 144
Trd, 000161.633, 146
Trd, 000161.817, 145
Trd, 000162.550, 145
Trd, 000162.817, 145
Trd, 000162.850, 144
Trd, 000162.933, 146
Trd, 000163.517, 140
Trd, 000164.083, 145
Trd, 000164.400, 140
Trd, 000164.850, 137
Trd, 000165.067, 136
Trd, 000165.883, 135
Trd, 000166.717, 132
Trd, 000167.200, 133
Trd, 000167.433, 133
Trd, 000167.883, 134
Trd, 000168.400, 134
Trd, 000168.683, 133.0
Trd, 000169.400, 131.0
Trd, 000169.683, 130
Trd, 000169.883, 131
Trd, 000170.667, 130
Trd, 000171.117, 132
Trd, 000171.133, 137
Trd, 000172.017, 143
Trd, 000172.350, 138
Trd, 000172.500, 144
Trd, 000172.833, 142
Trd, 000174.133, 142
Trd, 000174.900, 141
Trd, 000175.250, 138
Trd, 000175.283, 133
Trd, 000175.450, 141
Trd, 000176.233, 137
Trd, 000176.283, 142
Trd, 000178.250, 138
Trd, 000178.350, 139
Trd, 000178.550, 141
Trd, 000179.667, 141
Trd, 000180.400, 141
Trd, 000180.900, 137
Trd, 000180.917, 137
Trd, 000181.167, 133
Trd, 000181.800, 128.0
Trd, 000182.750, 130
Trd, 000183.467, 129
Trd, 000183.700, 129
Trd, 000184.400, 130
Trd, 000184.417, 131.0
Trd, 000185.350, 134
Trd, 000186.783, 133
Trd, 000186.883, 133
Trd, 000186.917, 131.0
Trd, 000187.933, 135
Trd, 000188.900, 134
Trd, 000189.017, 136
Trd, 000189.467, 136
Trd, 000189.600, 137
Trd, 000191.350, 140
Trd, 000191.383, 138
Trd, 000192.767, 141
Trd, 000193.633, 139
Trd, 000194.350, 139
Trd, 000194.550, 140
Trd, 000194.883, 138
Trd, 000195.900, 141
Trd, 000196.317, 140
Trd, 000196.500, 140
Trd, 000197.217, 140
Trd, 000197.367, 140
Trd, 000197.467, 139
Trd, 000197.633, 141
Trd, 000197.683, 144
Trd, 000199.617, 143
Trd, 000200.367, 142
Trd, 000201.817, 141
Trd, 000202.583, 142
Trd, 000202.717, 143
Trd, 000202.883, 144
Trd, 000204.000, 143
Trd, 000204.417, 141
Trd, 000204.450, 143
Trd, 000204.533, 144
Trd, 000206.067, 143
Trd, 000206.683, 143
Trd, 000207.050, 144
Trd, 000207.350, 144
Trd, 000207.617, 158.0
Trd, 000207.700, 144
Trd, 000208.283, 149
Trd, 000208.433, 150
Trd, 000208.667, 149
Trd, 000209.950, 146
Trd, 000210.517, 146
Trd, 000210.583, 149
Trd, 000210.867, 151
Trd, 000210.933, 145
Trd, 000212.233, 148
Trd, 000213.433, 144
Trd, 000214.350, 141
Trd, 000214.700, 140
Trd, 000214.733, 141
Trd, 000214.850, 141
Trd, 000215.567, 141
Trd, 000215.967, 141
Trd, 000216.517, 139
Trd, 000217.650, 142
Trd, 000218.167, 143
Trd, 000218.983, 143
Trd, 000219.483, 142
Trd, 000220.583, 143
Trd, 000220.950, 144
Trd, 000221.550, 144
Trd, 000221.850, 145
Trd, 000223.600, 146
Trd, 000223.850, 147
Trd, 000224.233, 146
Trd, 000224.300, 145
Trd, 000224.367, 147
Trd, 000226.167, 145
Trd, 000226.750, 146
Trd, 000227.117, 144
Trd, 000227.633, 145
Trd, 000228.617, 157
Trd, 000228.917, 146
Trd, 000229.900, 144
Trd, 000230.133, 144
Trd, 000230.450, 144
Trd, 000231.050, 143
Trd, 000231.550, 145
Trd, 000231.917, 143
Trd, 000232.250, 143
Trd, 000232.333, 133
Trd, 000232.467, 144
Trd, 000234.583, 142
Trd, 000235.083, 141
Trd, 000235.867, 142
Trd, 000236.717, 142
Trd, 000237.033, 143
Trd, 000238.267, 141
Trd, 000238.700, 144
Trd, 000239.817, 142
Trd, 000240.033, 143
Trd, 000240.317, 145
Trd, 000240.383, 158.0
Trd, 000240.900, 164.0
Trd, 000241.000, 144
Trd, 000241.550, 153
Trd, 000241.967, 147
Trd, 000242.500, 150
Trd, 000242.533, 151
Trd, 000243.483, 149
Trd, 000244.483, 152
Trd, 000244.533, 153
Trd, 000245.067, 153
Trd, 000245.100, 152
Trd, 000245.183, 151
Trd, 000245.333, 151.0
Trd, 000246.667, 153
Trd, 000246.783, 153
Trd, 000246.950, 153
Trd, 000247.333, 154
Trd, 000249.767, 156
Trd, 000250.433, 155.0
Trd, 000250.917, 153
Trd, 000251.300, 156
Trd, 000251.767, 154
Trd, 000252.217, 155
Trd, 000252.900, 156
Trd, 000252.933, 155
Trd, 000253.700, 155
Trd, 000254.250, 154
Trd, 000254.800, 154
Trd, 000255.533, 155
Trd, 000255.633, 155
Trd, 000255.800, 155
Trd, 000256.300, 154
Trd, 000257.333, 155
Trd, 000257.417, 153
Trd, 000257.783, 156.0
Trd, 000258.500, 155.0
Trd, 000258.767, 153
Trd, 000258.983, 155
Trd, 000259.583, 155
Trd, 000259.817, 152
Trd, 000261.200, 155
Trd, 000261.533, 154.0
Trd, 000261.633, 151
Trd, 000262.533, 157.0
Trd, 000262.817, 156.0
Trd, 000263.183, 155.0
Trd, 000264.000, 154
Trd, 000264.183, 154.0
Trd, 000265.717, 152
Trd, 000265.833, 146.0
Trd, 000266.567, 148
Trd, 000266.783, 148
Trd, 000267.217, 148
Trd, 000267.767, 148.0
Trd, 000268.350, 148
Trd, 000268.583, 147
Trd, 000269.817, 147
Trd, 000269.867, 148
Trd, 000270.267, 145
Trd, 000270.733, 147
Trd, 000271.100, 145
Trd, 000271.617, 144
Trd, 000272.350, 143
Trd, 000272.400, 144
Trd, 000273.017, 144
Trd, 000273.517, 144
Trd, 000273.867, 141.0
Trd, 000273.883, 142
Trd, 000274.333, 141
Trd, 000274.583, 158.0
Trd, 000275.283, 144
Trd, 000275.450, 149
Trd, 000276.317, 147
Trd, 000276.900, 147
Trd, 000277.200, 148
Trd, 000277.733, 148
Trd, 000278.117, 147
Trd, 000278.833, 147
Trd, 000278.967, 147
Trd, 000279.050, 146
Trd, 000279.600, 148
Trd, 000280.050, 147
Trd, 000280.283, 146
Trd, 000280.333, 149
Trd, 000280.400, 150
Trd, 000280.817, 149
Trd, 000281.317, 141.0
Trd, 000281.433, 131.0
Trd, 000282.233, 157.0
Trd, 000282.567, 152
Trd, 000283.850, 149
Trd, 000284.033, 146
Trd, 000284.333, 168.0
Trd, 000284.633, 161
Trd, 000284.717, 166
Trd, 000285.483, 170.0
Trd, 000286.167, 161
Trd, 000286.300, 156
Trd, 000287.067, 156.0
Trd, 000287.917, 155.0
Trd, 000288.333, 141.0
Trd, 000289.617, 154.0
Trd, 000290.317, 153
Trd, 000290.667, 152.0
Trd, 000290.800, 153.0
Trd, 000290.833, 155
Trd, 000291.083, 151
Trd, 000291.500, 153
Trd, 000292.167, 151.0
Trd, 000292.267, 152
Trd, 000293.100, 150
Trd, 000294.467, 149
Trd, 000294.550, 150
Trd, 000295.350, 149
Trd, 000295.367, 148
Trd, 000295.450, 149
Trd, 000295.917, 150
Trd, 000296.017, 131.0
Trd, 000296.133, 158.0
Trd, 000296.617, 149
Trd, 000296.750, 150
Trd, 000297.100, 135
Trd, 000297.217, 133
Trd, 000297.900, 142
Trd, 000298.850, 141
Trd, 000299.650, 141
Trd, 000299.750, 138
