Trd, 000002.167, 186.0
Trd, 000002.533, 153
Trd, 000002.883, 148.0
Trd, 000003.450, 155
Trd, 000005.667, 146
Trd, 000005.867, 150
Trd, 000006.450, 148
Trd, 000007.417, 148
Trd, 000009.183, 149
Trd, 000009.367, 156
Trd, 000009.650, 155
Trd, 000010.617, 151
Trd, 000011.283, 150
Trd, 000011.317, 149
Trd, 000012.417, 150.0
Trd, 000014.433, 154
Trd, 000014.600, 154
Trd, 000014.650, 155
Trd, 000017.133, 154
Trd, 000017.700, 155
Trd, 000018.033, 154
Trd, 000019.267, 153
Trd, 000019.750, 156
Trd, 000019.883, 154
Trd, 000020.667, 154
Trd, 000020.700, 152
Trd, 000021.000, 155
Trd, 000021.167, 158.0
Trd, 000022.317, 153
Trd, 000022.933, 158
Trd, 000022.983, 153
Trd, 000023.650, 159
Trd, 000023.817, 154
Trd, 000024.217, 158
Trd, 000025.717, 155
Trd, 000026.450, 154
Trd, 000027.000, 154
Trd, 000028.833, 149.0
Trd, 000029.000, 153
Trd, 000029.017, 158
Trd, 000030.467, 151.0
Trd, 000031.400, 151
Trd, 000032.717, 153
Trd, 000033.433, 154
Trd, 000033.717, 155
Trd, 000033.933, 154
Trd, 000035.017, 152
Trd, 000035.100, 151
Trd, 000037.150, 151.0
Trd, 000038.000, 152
Trd, 000038.017, 158.0
Trd, 000038.517, 158.0
Trd, 000039.117, 157
Trd, 000039.400, 156
Trd, 000040.750, 154
Trd, 000041.700, 156
Trd, 000042.433, 154
Trd, 000043.133, 152
Trd, 000045.367, 154
Trd, 000045.400, 156
Trd, 000045.433, 165.0
Trd, 000045.767, 156
Trd, 000045.800, 158
Trd, 000046.133, 152.0
Trd, 000047.850, 157
Trd, 000048.367, 158.0
Trd, 000048.667, 156
Trd, 000048.717, 158
Trd, 000050.283, 156
Trd, 000050.367, 158
Trd, 000051.817, 155
Trd, 000053.283, 157
Trd, 000053.400, 155
Trd, 000054.067, 155
Trd, 000054.567, 154
Trd, 000055.067, 150.0
Trd, 000056.067, 139
Trd, 000056.133, 155
Trd, 000056.383, 146
Trd, 000057.250, 148.0
Trd, 000057.650, 155
Trd, 000058.383, 154
Trd, 000059.650, 149
Trd, 000060.600, 152
Trd, 000060.950, 151
Trd, 000060.967, 150
Trd, 000061.417, 150
Trd, 000061.783, 151
Trd, 000063.050, 150
Trd, 000063.083, 158.0
Trd, 000063.883, 150
Trd, 000065.383, 150
Trd, 000066.000, 152
Trd, 000066.617, 151
Trd, 000066.883, 154
Trd, 000067.533, 154
Trd, 000068.350, 151
Trd, 000068.567, 150
Trd, 000068.750, 149
Trd, 000070.383, 152
Trd, 000071.417, 153
Trd, 000072.567, 153
Trd, 000074.067, 151.0
Trd, 000074.317, 150
Trd, 000074.983, 153
Trd, 000075.333, 151
Trd, 000075.483, 155
Trd, 000076.133, 151
Trd, 000078.950, 154
Trd, 000079.333, 152
Trd, 000079.617, 152
Trd, 000079.700, 153
Trd, 000080.000, 154
Trd, 000081.200, 152
Trd, 000082.000, 151
Trd, 000082.833, 152
Trd, 000083.617, 150
Trd, 000083.800, 150
Trd, 000084.017, 150
Trd, 000084.850, 151
Trd, 000085.883, 154
Trd, 000086.117, 153
Trd, 000086.250, 151
Trd, 000087.217, 151
Trd, 000089.317, 153
Trd, 000089.517, 155
Trd, 000089.933, 152.0
Trd, 000090.167, 150
Trd, 000090.333, 149
Trd, 000090.767, 149
Trd, 000091.267, 148.0
Trd, 000092.700, 148
Trd, 000093.183, 155
Trd, 000093.200, 155
Trd, 000094.883, 151.0
Trd, 000094.967, 153
Trd, 000096.350, 151
Trd, 000096.433, 151.0
Trd, 000096.817, 153
Trd, 000096.850, 153
Trd, 000096.967, 150
Trd, 000098.433, 148.0
Trd, 000100.433, 152
Trd, 000101.550, 149
Trd, 000101.917, 149
Trd, 000102.467, 149
Trd, 000103.467, 152
Trd, 000103.700, 153
Trd, 000103.967, 152
Trd, 000104.267, 151.0
Trd, 000106.167, 155
Trd, 000107.517, 157
Trd, 000107.817, 152
Trd, 000108.033, 151
Trd, 000108.367, 158.0
Trd, 000109.000, 151
Trd, 000110.750, 151
Trd, 000112.933, 156
Trd, 000114.167, 154
Trd, 000114.550, 154
Trd, 000114.967, 153
Trd, 000115.783, 156
Trd, 000116.133, 154
Trd, 000116.667, 156
Trd, 000118.983, 154
Trd, 000119.367, 155
Trd, 000119.433, 154
Trd, 000120.100, 170
Trd, 000121.500, 159
Trd, 000121.817, 154
Trd, 000122.317, 153
Trd, 000123.167, 153
Trd, 000123.233, 158
Trd, 000124.467, 158.0
Trd, 000125.333, 155
Trd, 000126.350, 155
Trd, 000127.150, 158
Trd, 000127.950, 157
Trd, 000129.617, 157
Trd, 000129.683, 156
Trd, 000130.550, 157
Trd, 000132.683, 155
Trd, 000133.167, 156
Trd, 000133.533, 157
Trd, 000133.817, 155
Trd, 000134.850, 156
Trd, 000135.067, 154
Trd, 000135.733, 153
Trd, 000137.033, 153
Trd, 000137.567, 154
Trd, 000137.800, 152
Trd, 000138.750, 152
Trd, 000139.850, 154
Trd, 000140.100, 153
Trd, 000140.317, 153
Trd, 000140.633, 154
Trd, 000141.700, 156
Trd, 000142.417, 151.0
Trd, 000142.683, 154
Trd, 000143.283, 153
Trd, 000143.517, 148.0
Trd, 000143.700, 156
Trd, 000144.667, 148.0
Trd, 000146.650, 140
Trd, 000146.717, 148
Trd, 000146.800, 146
Trd, 000147.300, 144
Trd, 000148.167, 151
Trd, 000148.233, 158.0
Trd, 000148.250, 150.0
Trd, 000148.317, 172.0
Trd, 000150.633, 157
Trd, 000151.767, 156
Trd, 000152.000, 158.0
Trd, 000153.517, 156
Trd, 000154.100, 156.0
Trd, 000154.400, 156
Trd, 000154.767, 158
Trd, 000155.733, 158
Trd, 000156.117, 156
Trd, 000156.550, 155
Trd, 000157.517, 157
Trd, 000158.117, 158.0
Trd, 000159.017, 155
Trd, 000159.617, 154
Trd, 000160.317, 159
Trd, 000160.533, 157
Trd, 000160.600, 156
Trd, 000161.517, 157
Trd, 000162.633, 157
Trd, 000163.550, 161
Trd, 000163.800, 157
Trd, 000163.833, 157
Trd, 000164.200, 156
Trd, 000164.483, 156
Trd, 000165.033, 151.0
Trd, 000166.500, 154
Trd, 000167.633, 159
Trd, 000168.800, 153
Trd, 000169.167, 159
Trd, 000169.683, 148.0
Trd, 000169.700, 137
Trd, 000171.017, 150
Trd, 000171.167, 151
Trd, 000171.233, 158.0
Trd, 000171.700, 158.0
Trd, 000171.883, 149
Trd, 000173.417, 164
Trd, 000174.733, 165
Trd, 000174.783, 163
Trd, 000174.967, 161
Trd, 000176.000, 155
Trd, 000176.467, 157
Trd, 000176.567, 148.0
Trd, 000176.783, 135.0
Trd, 000177.400, 147
Trd, 000177.450, 146
Trd, 000178.383, 158
Trd, 000181.267, 151
Trd, 000183.800, 151
Trd, 000183.983, 150.0
Trd, 000184.050, 149.0
Trd, 000185.583, 149
Trd, 000185.683, 151
Trd, 000186.183, 148
Trd, 000187.367, 148.0
Trd, 000187.383, 151
Trd, 000187.700, 148
Trd, 000188.550, 149
Trd, 000188.783, 148
Trd, 000189.000, 149
Trd, 000189.067, 134.0
Trd, 000189.850, 150
Trd, 000191.167, 150.0
Trd, 000191.250, 149.0
Trd, 000191.867, 148.0
Trd, 000192.367, 158.0
Trd, 000193.350, 149
Trd, 000193.483, 153
Trd, 000194.883, 153
Trd, 000195.383, 154
Trd, 000195.833, 154
Trd, 000195.967, 153
Trd, 000197.183, 152
Trd, 000197.767, 151.0
Trd, 000198.983, 152
Trd, 000200.783, 154
Trd, 000200.800, 153
Trd, 000201.167, 152
Trd, 000201.467, 158.0
Trd, 000201.833, 151
Trd, 000202.717, 153
Trd, 000203.283, 152
Trd, 000203.817, 155
Trd, 000204.517, 152
Trd, 000204.650, 151.0
Trd, 000206.067, 155
Trd, 000206.133, 153
Trd, 000207.033, 154
Trd, 000207.267, 151
Trd, 000207.467, 151
Trd, 000208.417, 151.0
Trd, 000208.900, 153
Trd, 000210.650, 156
Trd, 000210.717, 158.0
Trd, 000210.983, 155
Trd, 000211.150, 155
Trd, 000211.383, 172.0
Trd, 000213.517, 158
Trd, 000214.583, 157
Trd, 000214.800, 155
Trd, 000214.817, 159
Trd, 000215.667, 155
Trd, 000216.300, 159.0
Trd, 000216.533, 160
Trd, 000217.617, 158
Trd, 000217.733, 154
Trd, 000219.817, 153
Trd, 000220.917, 158.0
Trd, 000223.300, 158
Trd, 000223.417, 157
Trd, 000223.850, 156
Trd, 000224.433, 157
Trd, 000224.733, 158
Trd, 000224.767, 158
Trd, 000224.883, 158.0
Trd, 000225.383, 158.0
Trd, 000225.750, 158
Trd, 000226.000, 157
Trd, 000226.383, 155
Trd, 000227.267, 158
Trd, 000227.383, 131
Trd, 000229.300, 156
Trd, 000231.017, 156
Trd, 000231.083, 155
Trd, 000231.900, 153
Trd, 000233.050, 156
Trd, 000233.417, 154
Trd, 000233.483, 156
Trd, 000233.583, 154
Trd, 000233.600, 153
Trd, 000234.433, 153
Trd, 000234.617, 151
Trd, 000236.867, 148
Trd, 000237.633, 149
Trd, 000237.683, 155
Trd, 000239.017, 154
Trd, 000239.050, 150.0
Trd, 000239.883, 149
Trd, 000240.283, 152
Trd, 000240.500, 151
Trd, 000240.567, 150
Trd, 000240.683, 154
Trd, 000241.283, 153
Trd, 000241.317, 152
Trd, 000241.567, 154
Trd, 000242.483, 158
Trd, 000242.833, 159
Trd, 000243.017, 158
Trd, 000243.517, 159
Trd, 000243.817, 163.0
Trd, 000244.950, 163
Trd, 000245.100, 159
Trd, 000245.400, 159
Trd, 000245.700, 152.0
Trd, 000246.267, 154.0
Trd, 000247.017, 148.0
Trd, 000247.200, 152.0
Trd, 000247.867, 151.0
Trd, 000248.200, 150
Trd, 000248.333, 153
Trd, 000248.700, 154
Trd, 000249.383, 155
Trd, 000249.567, 157
Trd, 000250.233, 155
Trd, 000250.717, 157
Trd, 000251.017, 155
Trd, 000251.583, 155
Trd, 000251.817, 156
Trd, 000251.917, 154
Trd, 000252.550, 155
Trd, 000253.067, 154
Trd, 000253.100, 148.0
Trd, 000253.650, 147.0
Trd, 000254.167, 148
Trd, 000254.550, 150
Trd, 000255.000, 153.0
Trd, 000255.833, 158.0
Trd, 000255.867, 172.0
Trd, 000256.550, 156
Trd, 000257.300, 168
Trd, 000257.450, 170.0
Trd, 000257.617, 168
Trd, 000257.917, 165
Trd, 000258.233, 166
Trd, 000258.333, 175.0
Trd, 000258.617, 163
Trd, 000259.633, 163
Trd, 000260.150, 163
Trd, 000260.433, 161
Trd, 000261.083, 159.0
Trd, 000261.100, 155.0
Trd, 000261.150, 151.0
Trd, 000261.383, 144.0
Trd, 000261.917, 156
Trd, 000262.633, 155
Trd, 000262.700, 152
Trd, 000262.933, 156
Trd, 000263.083, 158
Trd, 000264.483, 154
Trd, 000264.533, 157
Trd, 000264.667, 155
Trd, 000265.033, 155
Trd, 000265.233, 155
Trd, 000265.883, 159
Trd, 000266.033, 160
Trd, 000267.050, 158
Trd, 000267.517, 158
Trd, 000267.850, 157
Trd, 000268.600, 158.0
Trd, 000268.667, 158
Trd, 000269.450, 157.0
Trd, 000270.217, 156
Trd, 000270.267, 155
Trd, 000270.300, 158
Trd, 000270.817, 158.0
Trd, 000271.033, 159
Trd, 000271.250, 155
Trd, 000272.200, 154
Trd, 000272.650, 151.0
Trd, 000273.367, 148.0
Trd, 000273.450, 159
Trd, 000274.167, 135.0
Trd, 000274.733, 146
Trd, 000275.100, 150
Trd, 000275.600, 158.0
Trd, 000275.633, 153
Trd, 000276.600, 153
Trd, 000276.767, 154
Trd, 000276.950, 165.0
Trd, 000277.233, 158.0
Trd, 000277.583, 168.0
Trd, 000277.750, 155
Trd, 000278.850, 157
Trd, 000279.083, 156
Trd, 000279.650, 161.0
Trd, 000280.117, 159
Trd, 000280.400, 158
Trd, 000281.017, 157
Trd, 000281.450, 159.0
Trd, 000281.717, 160
Trd, 000282.483, 158.0
Trd, 000283.283, 157
Trd, 000283.317, 159
Trd, 000283.583, 156
Trd, 000283.733, 160
Trd, 000284.600, 159
Trd, 000285.500, 156
Trd, 000285.650, 162
Trd, 000285.800, 156
Trd, 000286.167, 165.0
Trd, 000286.850, 158.0
Trd, 000287.067, 159
Trd, 000287.250, 161
Trd, 000287.683, 168
Trd, 000288.233, 164
Trd, 000288.317, 162
Trd, 000289.300, 166
Trd, 000289.517, 161
Trd, 000289.883, 168.0
Trd, 000290.633, 154
Trd, 000290.983, 165
Trd, 000291.517, 161
Trd, 000292.167, 160
Trd, 000292.367, 159
Trd, 000292.783, 158.0
Trd, 000293.000, 163
Trd, 000293.133, 162
Trd, 000293.750, 158
Trd, 000293.883, 151.0
Trd, 000294.750, 163
Trd, 000294.850, 158.0
Trd, 000295.250, 161
Trd, 000295.367, 158
Trd, 000295.567, 160
Trd, 000295.650, 171.0
Trd, 000295.850, 164
Trd, 000296.350, 166
Trd, 000297.517, 160
Trd, 000298.400, 160
Trd, 000298.783, 160
Trd, 000298.817, 159
Trd, 000299.250, 158.0
Trd, 000299.500, 157
Trd, 000299.800, 160
