Trd, 000002.333, 168.0
Trd, 000002.400, 141.0
Trd, 000003.267, 143
Trd, 000004.250, 135
Trd, 000004.317, 151
Trd, 000005.350, 156
Trd, 000005.433, 160.0
Trd, 000007.067, 154
Trd, 000007.833, 152.0
Trd, 000008.183, 153.0
Trd, 000008.500, 157
Trd, 000009.200, 151
Trd, 000009.283, 167
Trd, 000010.900, 146.0
Trd, 000011.150, 162.0
Trd, 000013.250, 158
Trd, 000013.717, 157
Trd, 000014.583, 157.0
Trd, 000015.050, 149.0
Trd, 000016.600, 163
Trd, 000017.267, 156
Trd, 000018.217, 160
Trd, 000019.283, 157
Trd, 000019.300, 160.0
Trd, 000019.600, 156
Trd, 000020.383, 162.0
Trd, 000021.200, 164.0
Trd, 000022.750, 161
Trd, 000023.733, 158
Trd, 000024.517, 157
Trd, 000024.567, 156
Trd, 000025.433, 148
Trd, 000025.833, 156
Trd, 000026.267, 155
Trd, 000026.467, 156
Trd, 000027.083, 156
Trd, 000027.167, 154.0
Trd, 000028.950, 157.0
Trd, 000030.167, 160.0
Trd, 000030.750, 161.0
Trd, 000031.100, 165.0
Trd, 000031.667, 159.0
Trd, 000032.517, 158
Trd, 000033.200, 158
Trd, 000033.217, 164
Trd, 000033.717, 166
Trd, 000034.383, 161
Trd, 000035.417, 162.0
Trd, 000035.683, 162
Trd, 000036.217, 160
Trd, 000036.250, 162.0
Trd, 000037.017, 162.0
Trd, 000038.717, 159
Trd, 000038.917, 159
Trd, 000039.583, 160
Trd, 000039.667, 159
Trd, 000039.967, 160
Trd, 000040.283, 158
Trd, 000040.967, 161
Trd, 000042.017, 157
Trd, 000043.267, 157
Trd, 000043.400, 161
Trd, 000044.067, 155
Trd, 000044.967, 156
Trd, 000045.117, 157
Trd, 000045.500, 158
Trd, 000045.900, 160
Trd, 000048.733, 154
Trd, 000048.850, 147
Trd, 000049.233, 151
Trd, 000050.167, 148
Trd, 000050.517, 148
Trd, 000051.100, 148
Trd, 000052.117, 162.0
Trd, 000052.817, 151.0
Trd, 000052.900, 150.0
Trd, 000053.567, 149.0
Trd, 000053.583, 144.0
Trd, 000053.650, 152
Trd, 000054.167, 147
Trd, 000054.917, 147
Trd, 000056.317, 147
Trd, 000057.050, 141.0
Trd, 000057.767, 163.0
Trd, 000057.783, 137
Trd, 000058.117, 131
Trd, 000058.417, 165.0
Trd, 000060.500, 151
Trd, 000061.017, 151
Trd, 000063.167, 148
Trd, 000063.533, 147
Trd, 000063.717, 149
Trd, 000064.567, 151
Trd, 000065.683, 150
Trd, 000065.883, 164.0
Trd, 000067.067, 154
Trd, 000067.267, 153
Trd, 000067.600, 161
Trd, 000069.017, 154
Trd, 000070.333, 158
Trd, 000070.517, 159
Trd, 000070.967, 157
Trd, 000071.517, 157
Trd, 000072.633, 157
Trd, 000073.300, 165.0
Trd, 000073.517, 168
Trd, 000074.417, 165
Trd, 000075.083, 157
Trd, 000076.617, 159
Trd, 000076.983, 159
Trd, 000077.083, 163
Trd, 000077.850, 157
Trd, 000078.300, 167
Trd, 000078.783, 166
Trd, 000079.150, 157
Trd, 000079.433, 175
Trd, 000081.117, 156
Trd, 000082.183, 154
Trd, 000082.667, 142.0
Trd, 000083.333, 145.0
Trd, 000083.850, 144.0
Trd, 000083.883, 146
Trd, 000083.933, 147
Trd, 000084.333, 147
Trd, 000084.400, 149
Trd, 000085.417, 162.0
Trd, 000085.583, 144.0
Trd, 000086.333, 141.0
Trd, 000086.983, 138
Trd, 000087.650, 159.0
Trd, 000087.950, 161.0
Trd, 000088.233, 161.0
Trd, 000089.200, 163
Trd, 000089.683, 165.0
Trd, 000090.267, 145.0
Trd, 000090.467, 144.0
Trd, 000091.133, 142
Trd, 000091.317, 149
Trd, 000091.400, 141.0
Trd, 000092.217, 167
Trd, 000095.233, 162
Trd, 000095.617, 164.0
Trd, 000096.183, 161
Trd, 000096.350, 165.0
Trd, 000096.617, 166
Trd, 000096.917, 161
Trd, 000097.717, 157
Trd, 000099.067, 164
Trd, 000099.683, 147
Trd, 000100.000, 160.0
Trd, 000100.600, 159.0
Trd, 000101.733, 150.0
Trd, 000102.367, 158.0
Trd, 000104.300, 161.0
Trd, 000104.833, 163
Trd, 000105.150, 164
Trd, 000105.450, 165
Trd, 000105.733, 161
Trd, 000106.600, 163.0
Trd, 000107.050, 163.0
Trd, 000107.283, 163
Trd, 000107.917, 165.0
Trd, 000108.200, 164
Trd, 000108.500, 174
Trd, 000109.283, 162
Trd, 000109.817, 157
Trd, 000110.400, 144.0
Trd, 000110.533, 167
Trd, 000112.050, 168
Trd, 000113.200, 168
Trd, 000113.367, 172
Trd, 000114.633, 157
Trd, 000114.750, 165.0
Trd, 000115.200, 158
Trd, 000115.300, 157
Trd, 000116.617, 154
Trd, 000116.733, 155
Trd, 000117.050, 154
Trd, 000117.667, 138
Trd, 000118.700, 154
Trd, 000119.900, 151
Trd, 000120.083, 150
Trd, 000120.650, 152
Trd, 000121.767, 152
Trd, 000121.833, 152
Trd, 000121.850, 149
Trd, 000123.133, 145.0
Trd, 000123.633, 145.0
Trd, 000124.683, 150
Trd, 000124.900, 146
Trd, 000125.467, 149.0
Trd, 000125.967, 149
Trd, 000126.400, 149.0
Trd, 000127.817, 151
Trd, 000128.250, 154
Trd, 000129.017, 165.0
Trd, 000129.050, 154
Trd, 000130.333, 154
Trd, 000130.683, 160
Trd, 000131.583, 155
Trd, 000131.750, 154
Trd, 000131.783, 153
Trd, 000132.383, 151
Trd, 000133.400, 145.0
Trd, 000134.367, 149
Trd, 000134.800, 147
Trd, 000135.267, 145.0
Trd, 000135.433, 144.0
Trd, 000136.033, 150
Trd, 000136.650, 149
Trd, 000137.500, 148
Trd, 000138.750, 145
Trd, 000138.850, 145.0
Trd, 000138.917, 146
Trd, 000139.050, 165.0
Trd, 000140.167, 152
Trd, 000140.750, 168
Trd, 000140.900, 153
Trd, 000142.150, 150
Trd, 000142.533, 149
Trd, 000143.683, 172.0
Trd, 000144.100, 157
Trd, 000144.600, 169.0
Trd, 000144.850, 169.0
Trd, 000144.983, 168.0
Trd, 000145.417, 157
Trd, 000147.533, 145.0
Trd, 000147.733, 144.0
Trd, 000148.100, 145
Trd, 000148.700, 148
Trd, 000148.933, 144.0
Trd, 000149.583, 149
Trd, 000150.250, 147
Trd, 000151.033, 151
Trd, 000152.217, 165.0
Trd, 000154.783, 160
Trd, 000155.300, 159
Trd, 000155.550, 159
Trd, 000155.767, 161
Trd, 000156.100, 162
Trd, 000156.500, 161
Trd, 000157.550, 159
Trd, 000157.650, 144.0
Trd, 000158.467, 153
Trd, 000159.033, 154
Trd, 000159.817, 157
Trd, 000159.850, 140
Trd, 000160.033, 139
Trd, 000160.167, 157
Trd, 000161.583, 163.0
Trd, 000161.833, 156
Trd, 000162.800, 140
Trd, 000163.583, 144.0
Trd, 000163.817, 136
Trd, 000164.333, 164.0
Trd, 000165.300, 165.0
Trd, 000165.317, 138
Trd, 000165.533, 168
Trd, 000166.267, 171
Trd, 000166.850, 168.0
Trd, 000167.283, 154
Trd, 000167.733, 152
Trd, 000169.000, 153
Trd, 000170.200, 146.0
Trd, 000170.350, 150
Trd, 000171.083, 172
Trd, 000171.583, 175
Trd, 000171.950, 154.0
Trd, 000172.333, 174
Trd, 000175.517, 165
Trd, 000175.917, 165
Trd, 000176.300, 166
Trd, 000176.367, 166.0
Trd, 000176.817, 164.0
Trd, 000177.833, 158
Trd, 000177.917, 159
Trd, 000178.250, 157
Trd, 000178.850, 144.0
Trd, 000179.217, 155
Trd, 000179.633, 159
Trd, 000179.817, 158
Trd, 000181.850, 153
Trd, 000182.067, 152
Trd, 000184.050, 152
Trd, 000184.700, 151
Trd, 000184.900, 144.0
Trd, 000185.050, 152
Trd, 000185.250, 166
Trd, 000186.033, 166
Trd, 000186.267, 142.0
Trd, 000186.533, 142.0
Trd, 000187.050, 145
Trd, 000189.550, 144.0
Trd, 000190.200, 163.0
Trd, 000191.083, 151
Trd, 000191.233, 165.0
Trd, 000192.967, 154
Trd, 000193.950, 157
Trd, 000194.633, 156
Trd, 000194.700, 157
Trd, 000194.783, 158
Trd, 000194.817, 158
Trd, 000195.450, 168
Trd, 000195.667, 158
Trd, 000196.150, 171
Trd, 000196.383, 161
Trd, 000197.083, 142.0
Trd, 000198.350, 174
Trd, 000199.000, 160
Trd, 000199.400, 163.0
Trd, 000199.833, 148
Trd, 000201.933, 161.0
Trd, 000202.683, 163.0
Trd, 000202.750, 162
Trd, 000203.033, 157
Trd, 000204.400, 157
Trd, 000204.867, 158
Trd, 000205.467, 161.0
Trd, 000205.600, 168
Trd, 000206.167, 165.0
Trd, 000206.900, 163
Trd, 000206.983, 170
Trd, 000207.583, 160
Trd, 000208.333, 168.0
Trd, 000211.033, 161
Trd, 000211.150, 161
Trd, 000211.450, 162
Trd, 000211.500, 161
Trd, 000211.867, 162.0
Trd, 000212.650, 160
Trd, 000213.600, 157
Trd, 000214.650, 144.0
Trd, 000215.467, 157.0
Trd, 000216.483, 155
Trd, 000216.533, 154
Trd, 000216.650, 158.0
Trd, 000216.717, 159
Trd, 000217.300, 165.0
Trd, 000217.550, 145.0
Trd, 000218.733, 163
Trd, 000219.183, 158
Trd, 000219.600, 161
Trd, 000220.000, 161
Trd, 000220.300, 160
Trd, 000221.033, 159
Trd, 000221.500, 157
Trd, 000222.317, 161
Trd, 000224.150, 160.0
Trd, 000224.267, 151.0
Trd, 000225.017, 164.0
Trd, 000226.417, 160
Trd, 000226.800, 159.0
Trd, 000228.750, 164.0
Trd, 000228.817, 165.0
Trd, 000229.667, 164
Trd, 000229.833, 157
Trd, 000231.117, 154
Trd, 000231.717, 161
Trd, 000233.033, 157
Trd, 000233.250, 158
Trd, 000234.750, 157
Trd, 000234.933, 157
Trd, 000235.083, 158
Trd, 000235.250, 158
Trd, 000235.350, 157
Trd, 000235.800, 155
Trd, 000236.100, 148
Trd, 000238.183, 153
Trd, 000238.550, 158.0
Trd, 000240.050, 159.0
Trd, 000240.150, 159
Trd, 000240.483, 161.0
Trd, 000240.783, 160.0
Trd, 000240.950, 160
Trd, 000241.017, 160.0
Trd, 000241.317, 160.0
Trd, 000241.333, 168
Trd, 000241.533, 156
Trd, 000242.983, 161.0
Trd, 000244.333, 161
Trd, 000244.383, 162
Trd, 000244.450, 164
Trd, 000244.967, 161.0
Trd, 000245.433, 159.0
Trd, 000245.683, 159.0
Trd, 000245.800, 162.0
Trd, 000245.833, 161.0
Trd, 000246.733, 159.0
Trd, 000247.500, 157
Trd, 000247.517, 158.0
Trd, 000247.750, 161.0
Trd, 000247.817, 158
Trd, 000248.017, 158
Trd, 000248.333, 155
Trd, 000248.650, 149.0
Trd, 000248.683, 148.0
Trd, 000248.750, 144.0
Trd, 000249.717, 153
Trd, 000249.750, 154
Trd, 000250.050, 157
Trd, 000251.267, 159.0
Trd, 000251.417, 156.0
Trd, 000253.167, 158
Trd, 000253.817, 159.0
Trd, 000253.950, 159
Trd, 000254.717, 168.0
Trd, 000255.183, 160
Trd, 000256.450, 157
Trd, 000256.833, 154.0
Trd, 000257.150, 153.0
Trd, 000257.583, 151
Trd, 000257.733, 151
Trd, 000257.783, 152
Trd, 000258.033, 150
Trd, 000258.567, 148
Trd, 000259.133, 149
Trd, 000259.583, 148.0
Trd, 000260.367, 149.0
Trd, 000260.517, 155.0
Trd, 000260.717, 148.0
Trd, 000261.850, 149.0
Trd, 000262.317, 151.0
Trd, 000262.617, 155.0
Trd, 000263.033, 155.0
Trd, 000264.183, 158.0
Trd, 000265.050, 155
Trd, 000265.183, 154
Trd, 000265.383, 152.0
Trd, 000265.733, 152.0
Trd, 000265.883, 144.0
Trd, 000265.967, 146.0
Trd, 000266.150, 147.0
Trd, 000266.700, 142.0
Trd, 000266.783, 143.0
Trd, 000266.917, 148.0
Trd, 000267.383, 150.0
Trd, 000268.267, 139.0
Trd, 000268.683, 135.0
Trd, 000269.033, 140.0
Trd, 000269.300, 145
Trd, 000269.950, 166
Trd, 000270.367, 158.0
Trd, 000270.550, 163.0
Trd, 000271.117, 161.0
Trd, 000271.200, 161.0
Trd, 000271.450, 162.0
Trd, 000271.917, 160.0
Trd, 000272.233, 157
Trd, 000273.483, 155
Trd, 000273.667, 149.0
Trd, 000273.900, 148.0
Trd, 000274.583, 148
Trd, 000274.733, 148
Trd, 000275.000, 147.0
Trd, 000275.017, 146.0
Trd, 000275.050, 144.0
Trd, 000275.217, 148
Trd, 000276.733, 151.0
Trd, 000277.450, 153.0
Trd, 000277.517, 155.0
Trd, 000277.583, 148.0
Trd, 000277.983, 158
Trd, 000278.217, 151.0
Trd, 000278.617, 149
Trd, 000278.933, 151.0
Trd, 000279.383, 148.0
Trd, 000280.717, 152.0
Trd, 000281.267, 153.0
Trd, 000282.517, 151
Trd, 000282.800, 148.0
Trd, 000282.883, 148.0
Trd, 000284.017, 149.0
Trd, 000284.217, 152.0
Trd, 000284.817, 151
Trd, 000285.317, 148
Trd, 000285.333, 153.0
Trd, 000285.817, 155.0
Trd, 000285.883, 148.0
Trd, 000286.283, 144.0
Trd, 000286.600, 137.0
Trd, 000287.833, 148.0
Trd, 000288.133, 155.0
Trd, 000288.617, 143
Trd, 000288.717, 144
Trd, 000288.767, 168
Trd, 000289.350, 168
Trd, 000289.367, 175
Trd, 000290.233, 170
Trd, 000290.600, 169
Trd, 000290.983, 147
Trd, 000291.450, 147.0
Trd, 000291.550, 148.0
Trd, 000291.967, 145.0
Trd, 000292.133, 144.0
Trd, 000292.900, 153.0
Trd, 000293.950, 150.0
Trd, 000294.300, 148.0
Trd, 000294.350, 148
Trd, 000294.383, 141.0
Trd, 000294.467, 136
Trd, 000294.783, 153.0
Trd, 000295.350, 137
Trd, 000296.083, 144.0
Trd, 000296.667, 146.0
Trd, 000297.417, 144
Trd, 000297.550, 146.0
Trd, 000298.083, 145
Trd, 000298.650, 147.0
Trd, 000298.950, 139.0
Trd, 000298.983, 138.0
Trd, 000299.183, 148.0
Trd, 000299.483, 153
Trd, 000299.633, 144.0
Trd, 000299.683, 154.0
