Trd, 000002.267, 165.0
Trd, 000003.233, 152
Trd, 000003.350, 178.0
Trd, 000004.200, 161
Trd, 000004.567, 177
Trd, 000004.733, 162
Trd, 000004.867, 159
Trd, 000005.500, 158
Trd, 000005.550, 155.0
Trd, 000006.050, 167
Trd, 000006.117, 153.0
Trd, 000006.500, 143
Trd, 000006.750, 168
Trd, 000006.917, 151.0
Trd, 000007.700, 129
Trd, 000007.967, 162
Trd, 000008.033, 165.0
Trd, 000008.150, 124.0
Trd, 000009.533, 156
Trd, 000011.267, 154
Trd, 000011.750, 154
Trd, 000012.150, 154
Trd, 000012.600, 154
Trd, 000012.833, 153
Trd, 000013.683, 152
Trd, 000013.750, 153
Trd, 000013.917, 165.0
Trd, 000014.067, 168.0
Trd, 000014.233, 152
Trd, 000014.533, 148
Trd, 000014.817, 177
Trd, 000016.033, 152.0
Trd, 000017.133, 165.0
Trd, 000017.750, 159
Trd, 000018.333, 156
Trd, 000018.517, 154
Trd, 000019.433, 160
Trd, 000019.683, 162
Trd, 000020.350, 155.0
Trd, 000020.700, 151.0
Trd, 000021.250, 162
Trd, 000021.733, 162
Trd, 000021.950, 173
Trd, 000022.117, 154
Trd, 000022.183, 152
Trd, 000022.400, 168
Trd, 000022.567, 177.0
Trd, 000023.583, 152.0
Trd, 000024.650, 154
Trd, 000025.600, 156
Trd, 000026.083, 155
Trd, 000026.867, 156
Trd, 000027.600, 164
Trd, 000027.933, 159
Trd, 000028.183, 160
Trd, 000029.367, 155
Trd, 000029.633, 155.0
Trd, 000030.117, 165.0
Trd, 000030.883, 161
Trd, 000031.317, 159
Trd, 000031.367, 168.0
Trd, 000031.900, 176
Trd, 000032.500, 179.0
Trd, 000033.533, 162
Trd, 000033.567, 165
Trd, 000033.883, 164
Trd, 000034.383, 159
Trd, 000034.833, 167
Trd, 000035.733, 164
Trd, 000035.917, 158.0
Trd, 000036.433, 155.0
Trd, 000036.667, 164
Trd, 000036.900, 167
Trd, 000037.817, 160
Trd, 000038.483, 161
Trd, 000039.100, 165.0
Trd, 000039.667, 166
Trd, 000040.017, 166
Trd, 000041.167, 158.0
Trd, 000041.217, 168.0
Trd, 000041.433, 156
Trd, 000041.967, 165.0
Trd, 000042.200, 155.0
Trd, 000042.317, 173
Trd, 000043.183, 158
Trd, 000043.450, 159
Trd, 000043.517, 166
Trd, 000043.667, 168
Trd, 000044.533, 158.0
Trd, 000044.900, 157
Trd, 000045.167, 179.0
Trd, 000045.883, 170
Trd, 000045.900, 175
Trd, 000046.733, 160
Trd, 000047.367, 155.0
Trd, 000048.450, 153.0
Trd, 000049.350, 167
Trd, 000049.483, 165.0
Trd, 000049.900, 167.0
Trd, 000050.317, 168.0
Trd, 000050.350, 157
Trd, 000051.283, 158
Trd, 000052.350, 165
Trd, 000052.667, 159
Trd, 000052.700, 163
Trd, 000052.933, 159
Trd, 000053.733, 163
Trd, 000053.850, 164
Trd, 000054.083, 168.0
Trd, 000055.217, 164
Trd, 000056.100, 158
Trd, 000056.167, 155.0
Trd, 000057.250, 155
Trd, 000057.517, 172
Trd, 000057.683, 153.0
Trd, 000058.200, 164
Trd, 000059.317, 148
Trd, 000059.450, 151.0
Trd, 000060.000, 163
Trd, 000060.217, 164
Trd, 000060.267, 165.0
Trd, 000062.050, 154
Trd, 000062.233, 147
Trd, 000062.583, 158
Trd, 000062.850, 156
Trd, 000063.017, 158
Trd, 000063.517, 149
Trd, 000064.033, 129
Trd, 000064.550, 160
Trd, 000065.117, 165.0
Trd, 000066.183, 155.0
Trd, 000066.350, 168.0
Trd, 000066.783, 154
Trd, 000067.050, 151.0
Trd, 000068.150, 162
Trd, 000069.150, 160
Trd, 000069.433, 151
Trd, 000069.783, 161
Trd, 000070.083, 162
Trd, 000071.650, 164.0
Trd, 000072.000, 165.0
Trd, 000072.683, 154
Trd, 000072.817, 152
Trd, 000073.483, 162
Trd, 000073.850, 162
Trd, 000074.267, 168.0
Trd, 000074.767, 172
Trd, 000075.767, 159
Trd, 000076.667, 158
Trd, 000076.883, 167
Trd, 000077.633, 157
Trd, 000078.050, 165
Trd, 000078.083, 155.0
Trd, 000078.767, 155
Trd, 000078.850, 165
Trd, 000079.717, 154
Trd, 000079.817, 153
Trd, 000080.183, 151.0
Trd, 000080.483, 165.0
Trd, 000080.883, 163
Trd, 000081.550, 155
Trd, 000081.967, 160
Trd, 000082.783, 156
Trd, 000083.300, 165.0
Trd, 000083.317, 172
Trd, 000084.250, 155.0
Trd, 000084.817, 155
Trd, 000085.117, 154
Trd, 000085.317, 164
Trd, 000085.450, 153
Trd, 000085.633, 167.0
Trd, 000086.417, 167
Trd, 000087.250, 167.0
Trd, 000088.083, 168.0
Trd, 000088.517, 154
Trd, 000089.283, 155
Trd, 000090.133, 154
Trd, 000090.217, 151.0
Trd, 000090.233, 165
Trd, 000090.583, 165.0
Trd, 000091.367, 152
Trd, 000092.583, 166
Trd, 000092.750, 156
Trd, 000092.917, 155
Trd, 000092.967, 168.0
Trd, 000094.017, 155
Trd, 000094.150, 155.0
Trd, 000094.383, 161
Trd, 000094.467, 162
Trd, 000094.600, 162
Trd, 000094.683, 151.0
Trd, 000095.333, 162
Trd, 000095.867, 165.0
Trd, 000096.567, 156
Trd, 000096.850, 171
Trd, 000097.117, 156
Trd, 000097.900, 152.0
Trd, 000098.417, 171
Trd, 000098.467, 151.0
Trd, 000099.133, 160
Trd, 000100.233, 158
Trd, 000100.517, 145
Trd, 000101.233, 165.0
Trd, 000102.183, 167
Trd, 000102.283, 166
Trd, 000102.550, 154
Trd, 000103.400, 164.0
Trd, 000103.417, 165.0
Trd, 000103.467, 153
Trd, 000104.117, 162
Trd, 000104.633, 154
Trd, 000105.150, 155
Trd, 000105.533, 153
Trd, 000105.883, 163
Trd, 000106.333, 165
Trd, 000107.217, 165
Trd, 000108.533, 171
Trd, 000108.983, 164
Trd, 000109.667, 168
Trd, 000109.683, 169
Trd, 000109.800, 165
Trd, 000110.067, 163
Trd, 000110.333, 168
Trd, 000110.617, 160
Trd, 000111.133, 179
Trd, 000111.983, 165.0
Trd, 000112.467, 159
Trd, 000112.550, 176
Trd, 000113.833, 171
Trd, 000114.017, 159
Trd, 000114.150, 170
Trd, 000114.550, 158.0
Trd, 000114.800, 166
Trd, 000114.933, 158
Trd, 000116.233, 161
Trd, 000116.417, 165
Trd, 000117.583, 157
Trd, 000118.900, 152.0
Trd, 000118.933, 151.0
Trd, 000119.017, 164
Trd, 000119.567, 165.0
Trd, 000120.367, 154
Trd, 000120.450, 153
Trd, 000120.500, 168.0
Trd, 000122.750, 165
Trd, 000122.933, 166
Trd, 000123.267, 168
Trd, 000123.367, 174
Trd, 000123.467, 156
Trd, 000124.667, 156
Trd, 000124.817, 155.0
Trd, 000125.517, 154
Trd, 000125.800, 161
Trd, 000126.300, 153
Trd, 000126.550, 152.0
Trd, 000126.717, 151.0
Trd, 000128.217, 155
Trd, 000128.267, 155
Trd, 000128.967, 156
Trd, 000130.100, 157
Trd, 000130.783, 156
Trd, 000131.033, 159
Trd, 000131.283, 161
Trd, 000131.367, 156
Trd, 000131.683, 165.0
Trd, 000131.833, 174
Trd, 000133.267, 164
Trd, 000133.817, 160
Trd, 000134.100, 163
Trd, 000134.883, 155.0
Trd, 000135.383, 153.0
Trd, 000135.717, 161
Trd, 000136.217, 151.0
Trd, 000137.117, 161
Trd, 000138.250, 163
Trd, 000139.200, 161
Trd, 000139.233, 159
Trd, 000139.450, 159
Trd, 000139.683, 158.0
Trd, 000139.833, 163
Trd, 000140.817, 161
Trd, 000140.867, 165.0
Trd, 000141.783, 157
Trd, 000141.883, 157
Trd, 000142.467, 168.0
Trd, 000142.900, 158
Trd, 000143.150, 158.0
Trd, 000143.350, 151.0
Trd, 000143.917, 172
Trd, 000144.700, 165.0
Trd, 000145.317, 164
Trd, 000145.750, 185
Trd, 000146.083, 157
Trd, 000146.367, 157
Trd, 000146.400, 147
Trd, 000146.767, 173
Trd, 000148.150, 153
Trd, 000148.283, 167
Trd, 000149.433, 168.0
Trd, 000150.633, 159
Trd, 000150.850, 158
Trd, 000152.233, 158
Trd, 000153.183, 157
Trd, 000153.967, 163
Trd, 000154.117, 165
Trd, 000154.650, 163
Trd, 000154.933, 158
Trd, 000155.267, 164
Trd, 000155.317, 165.0
Trd, 000155.867, 158.0
Trd, 000156.450, 168.0
Trd, 000156.583, 160
Trd, 000157.583, 157
Trd, 000158.767, 162
Trd, 000158.783, 157
Trd, 000158.900, 155.0
Trd, 000159.417, 161
Trd, 000160.450, 126
Trd, 000160.783, 150
Trd, 000161.267, 155
Trd, 000161.483, 152
Trd, 000161.550, 150
Trd, 000162.417, 153.0
Trd, 000163.433, 153.0
Trd, 000164.117, 153
Trd, 000164.283, 165.0
Trd, 000164.317, 168.0
Trd, 000164.350, 152
Trd, 000164.483, 152
Trd, 000164.683, 173
Trd, 000164.800, 179.0
Trd, 000166.500, 154.0
Trd, 000166.633, 171
Trd, 000168.550, 157
Trd, 000168.700, 155.0
Trd, 000168.800, 159
Trd, 000168.883, 164
Trd, 000168.983, 155
Trd, 000169.417, 165.0
Trd, 000169.767, 168.0
Trd, 000170.550, 160
Trd, 000171.183, 166
Trd, 000171.350, 160
Trd, 000171.967, 172
Trd, 000173.083, 158
Trd, 000173.283, 158
Trd, 000173.417, 158.0
Trd, 000175.267, 158
Trd, 000175.733, 166
Trd, 000175.750, 166
Trd, 000176.517, 161
Trd, 000177.567, 155.0
Trd, 000177.733, 162
Trd, 000178.367, 156
Trd, 000179.117, 151.0
Trd, 000179.133, 159
Trd, 000180.433, 158
Trd, 000180.567, 154
Trd, 000181.550, 158
Trd, 000183.117, 155
Trd, 000183.250, 168.0
Trd, 000183.267, 173
Trd, 000183.900, 164.0
Trd, 000184.567, 159
Trd, 000185.167, 165.0
Trd, 000185.217, 165
Trd, 000185.433, 165
Trd, 000185.483, 157
Trd, 000186.017, 152.0
Trd, 000186.333, 168.0
Trd, 000186.700, 151.0
Trd, 000187.617, 158
Trd, 000188.467, 158
Trd, 000188.700, 162
Trd, 000189.000, 155
Trd, 000189.167, 165.0
Trd, 000189.783, 155.0
Trd, 000190.350, 177.0
Trd, 000191.050, 160
Trd, 000192.283, 160
Trd, 000193.050, 152.0
Trd, 000193.250, 156
Trd, 000194.517, 158
Trd, 000194.733, 158
Trd, 000194.867, 125
Trd, 000195.050, 153
Trd, 000195.450, 153
Trd, 000195.983, 155
Trd, 000196.483, 152
Trd, 000196.733, 158
Trd, 000196.867, 165.0
Trd, 000197.000, 186
Trd, 000198.667, 151.0
Trd, 000198.683, 176
Trd, 000199.567, 151.0
Trd, 000200.533, 165.0
Trd, 000200.600, 164
Trd, 000200.950, 166
Trd, 000201.000, 163
Trd, 000201.250, 160
Trd, 000202.333, 165
Trd, 000203.633, 161
Trd, 000204.733, 164
Trd, 000204.750, 165.0
Trd, 000204.900, 166
Trd, 000205.200, 162
Trd, 000205.283, 159
Trd, 000206.083, 168.0
Trd, 000206.167, 158.0
Trd, 000206.400, 173
Trd, 000207.100, 170
Trd, 000208.000, 154.0
Trd, 000208.283, 151.0
Trd, 000209.733, 156
Trd, 000209.933, 163
Trd, 000210.567, 165.0
Trd, 000211.367, 166.0
Trd, 000211.733, 166
Trd, 000211.817, 159
Trd, 000212.367, 158
Trd, 000215.133, 162
Trd, 000215.467, 163
Trd, 000216.067, 158.0
Trd, 000216.083, 157
Trd, 000216.250, 157
Trd, 000216.450, 165.0
Trd, 000217.200, 157
Trd, 000217.283, 155.0
Trd, 000217.317, 164
Trd, 000217.650, 151.0
Trd, 000217.717, 165.0
Trd, 000217.800, 168.0
Trd, 000218.817, 156
Trd, 000219.200, 155
Trd, 000219.883, 160
Trd, 000221.300, 158
Trd, 000221.700, 155
Trd, 000222.067, 164
Trd, 000222.300, 159
Trd, 000222.483, 168
Trd, 000223.617, 165.0
Trd, 000223.700, 155.0
Trd, 000224.233, 157
Trd, 000224.450, 164
Trd, 000225.300, 165
Trd, 000225.717, 156
Trd, 000226.100, 173
Trd, 000226.350, 173
Trd, 000227.567, 174
Trd, 000227.700, 175
Trd, 000229.633, 162
Trd, 000229.700, 168
Trd, 000231.000, 160
Trd, 000231.133, 169
Trd, 000231.367, 169
Trd, 000233.200, 159
Trd, 000233.500, 158
Trd, 000233.650, 160
Trd, 000234.000, 165
Trd, 000234.250, 152.0
Trd, 000234.717, 157
Trd, 000234.950, 151.0
Trd, 000235.167, 159
Trd, 000235.633, 165.0
Trd, 000235.950, 161
Trd, 000236.883, 147
Trd, 000237.100, 168.0
Trd, 000238.550, 163
Trd, 000239.333, 172
Trd, 000239.683, 178.0
Trd, 000240.133, 174
Trd, 000240.467, 167
Trd, 000240.500, 174
Trd, 000240.583, 165
Trd, 000241.333, 157.0
Trd, 000241.367, 155.0
Trd, 000242.050, 163
Trd, 000242.300, 158
Trd, 000242.317, 160
Trd, 000242.850, 156
Trd, 000242.867, 155
Trd, 000243.233, 151.0
Trd, 000244.100, 149.0
Trd, 000244.333, 146
Trd, 000244.383, 137.0
Trd, 000244.433, 131
Trd, 000244.917, 139
Trd, 000245.050, 145
Trd, 000245.267, 148
Trd, 000245.750, 153
Trd, 000246.467, 147
Trd, 000247.133, 151.0
Trd, 000247.600, 153
Trd, 000247.683, 156.0
Trd, 000248.333, 151
Trd, 000248.550, 162.0
Trd, 000248.817, 165.0
Trd, 000248.867, 166
Trd, 000249.433, 155
Trd, 000250.167, 156
Trd, 000250.467, 157
Trd, 000250.700, 155
Trd, 000251.550, 154
Trd, 000251.933, 154
Trd, 000252.350, 158
Trd, 000252.683, 159
Trd, 000252.717, 161
Trd, 000253.000, 153
Trd, 000253.283, 175
Trd, 000253.317, 153
Trd, 000254.083, 150
Trd, 000254.217, 147
Trd, 000255.050, 152
Trd, 000255.133, 149
Trd, 000255.567, 146
Trd, 000255.583, 152
Trd, 000255.983, 155
Trd, 000256.383, 152
Trd, 000256.533, 151.0
Trd, 000257.100, 151.0
Trd, 000257.533, 152.0
Trd, 000258.517, 144
Trd, 000258.717, 134
Trd, 000258.800, 144
Trd, 000259.033, 146
Trd, 000259.100, 148
Trd, 000259.250, 137
Trd, 000259.733, 133
Trd, 000259.933, 152
Trd, 000260.767, 151.0
Trd, 000262.433, 150
Trd, 000263.100, 149
Trd, 000263.167, 147
Trd, 000263.567, 147
Trd, 000263.583, 151
Trd, 000264.250, 147
Trd, 000264.300, 151
Trd, 000264.617, 158.0
Trd, 000265.700, 151.0
Trd, 000266.450, 150
Trd, 000266.783, 154
Trd, 000267.083, 151
Trd, 000267.100, 150
Trd, 000267.483, 156
Trd, 000268.317, 165.0
Trd, 000268.850, 156.0
Trd, 000269.517, 152
Trd, 000269.650, 151.0
Trd, 000269.967, 157.0
Trd, 000270.300, 151
Trd, 000270.450, 168
Trd, 000270.817, 151
Trd, 000270.883, 156
Trd, 000271.383, 148
Trd, 000272.017, 149
Trd, 000272.383, 156
Trd, 000272.550, 156
Trd, 000272.767, 158.0
Trd, 000273.333, 149
Trd, 000273.550, 147
Trd, 000274.233, 151
Trd, 000274.917, 151.0
Trd, 000275.000, 152
Trd, 000275.900, 150
Trd, 000276.150, 158.0
Trd, 000276.250, 165.0
Trd, 000276.567, 167.0
Trd, 000276.850, 154
Trd, 000276.950, 153
Trd, 000277.067, 151
Trd, 000277.150, 159
Trd, 000277.367, 168.0
Trd, 000278.100, 158
Trd, 000278.600, 155
Trd, 000279.050, 151
Trd, 000279.300, 151.0
Trd, 000279.533, 135
Trd, 000279.617, 124.0
Trd, 000279.667, 155
Trd, 000280.167, 158
Trd, 000280.800, 145
Trd, 000281.800, 144
Trd, 000281.817, 143
Trd, 000282.367, 147.0
Trd, 000282.800, 158.0
Trd, 000282.933, 165.0
Trd, 000283.233, 160
Trd, 000283.367, 149
Trd, 000283.417, 157
Trd, 000283.883, 148
Trd, 000284.200, 148
Trd, 000284.250, 147
Trd, 000285.033, 148
Trd, 000285.467, 158
Trd, 000285.583, 149
Trd, 000285.667, 165.0
Trd, 000286.767, 147
Trd, 000287.400, 156.0
Trd, 000287.733, 147
Trd, 000287.950, 146
Trd, 000288.650, 142
Trd, 000289.567, 144.0
Trd, 000289.767, 158.0
Trd, 000290.050, 153
Trd, 000290.133, 155
Trd, 000290.733, 147
Trd, 000290.783, 165.0
Trd, 000290.883, 144
Trd, 000291.217, 143
Trd, 000291.450, 168.0
Trd, 000291.833, 162
Trd, 000292.667, 153
Trd, 000293.133, 153
Trd, 000293.183, 151.0
Trd, 000294.600, 148
Trd, 000294.833, 155
Trd, 000294.983, 155
Trd, 000295.233, 151.0
Trd, 000295.500, 157
Trd, 000295.600, 157
Trd, 000295.850, 158.0
Trd, 000295.867, 155
Trd, 000296.350, 152
Trd, 000296.400, 165.0
Trd, 000296.617, 168.0
Trd, 000296.950, 154
Trd, 000297.500, 162
Trd, 000297.583, 152
Trd, 000297.883, 137.0
Trd, 000298.083, 131
Trd, 000298.150, 162
Trd, 000298.200, 162
Trd, 000298.567, 144
Trd, 000298.950, 151.0
Trd, 000299.400, 161
