Trd, 000001.500, 119
Trd, 000001.883, 139
Trd, 000002.100, 128
Trd, 000003.050, 168
Trd, 000003.850, 146.0
Trd, 000004.450, 171.0
Trd, 000005.383, 147.0
Trd, 000006.183, 146
Trd, 000006.567, 146
Trd, 000007.100, 147
Trd, 000007.950, 146.0
Trd, 000008.633, 146
Trd, 000009.267, 148.0
Trd, 000009.867, 144
Trd, 000009.983, 144
Trd, 000010.300, 145.0
Trd, 000010.483, 146
Trd, 000010.700, 145
Trd, 000011.783, 145
Trd, 000012.850, 151
Trd, 000013.483, 150
Trd, 000014.050, 151
Trd, 000014.433, 150
Trd, 000014.800, 150
Trd, 000014.950, 149
Trd, 000016.300, 152
Trd, 000016.350, 153
Trd, 000017.017, 148
Trd, 000017.600, 154
Trd, 000017.917, 148
Trd, 000018.750, 155
Trd, 000020.583, 152.0
Trd, 000021.517, 152
Trd, 000022.317, 153
Trd, 000022.817, 155.0
Trd, 000022.933, 155
Trd, 000023.283, 154
Trd, 000023.583, 157
Trd, 000023.967, 154
Trd, 000024.217, 153
Trd, 000025.167, 152
Trd, 000025.500, 151.0
Trd, 000025.867, 151
Trd, 000026.467, 148
Trd, 000027.283, 149
Trd, 000027.517, 149
Trd, 000027.850, 151
Trd, 000030.250, 149
Trd, 000030.467, 150
Trd, 000030.600, 150
Trd, 000031.117, 149
Trd, 000032.083, 147
Trd, 000032.283, 146
Trd, 000033.667, 146.0
Trd, 000033.683, 147.0
Trd, 000033.900, 146
Trd, 000034.783, 145
Trd, 000034.800, 145
Trd, 000035.150, 146
Trd, 000036.300, 147.0
Trd, 000037.167, 148.0
Trd, 000037.217, 146
Trd, 000037.967, 145
Trd, 000038.033, 147
Trd, 000038.400, 147
Trd, 000039.083, 144.0
Trd, 000039.800, 147
Trd, 000040.583, 144
Trd, 000041.550, 144
Trd, 000042.217, 146
Trd, 000042.867, 145
Trd, 000043.467, 147.0
Trd, 000043.800, 146
Trd, 000043.967, 145
Trd, 000046.383, 147
Trd, 000046.500, 148.0
Trd, 000046.567, 144
Trd, 000048.033, 148.0
Trd, 000048.517, 146.0
Trd, 000049.267, 148
Trd, 000049.283, 149
Trd, 000049.950, 144.0
Trd, 000050.433, 139
Trd, 000050.550, 141
Trd, 000051.500, 145.0
Trd, 000051.700, 148.0
Trd, 000051.767, 152
Trd, 000052.517, 149
Trd, 000054.033, 153.0
Trd, 000054.567, 153.0
Trd, 000054.667, 153.0
Trd, 000054.850, 151.0
Trd, 000055.083, 152
Trd, 000055.183, 151
Trd, 000055.783, 149
Trd, 000057.267, 149
Trd, 000057.950, 148
Trd, 000058.700, 146
Trd, 000059.317, 148.0
Trd, 000059.517, 151
Trd, 000059.600, 155.0
Trd, 000060.133, 151
Trd, 000060.750, 149
Trd, 000061.017, 150
Trd, 000061.900, 150
Trd, 000062.667, 149
Trd, 000063.050, 148
Trd, 000063.750, 146
Trd, 000064.317, 145
Trd, 000064.800, 144.0
Trd, 000064.833, 145
Trd, 000065.350, 145
Trd, 000065.817, 146
Trd, 000067.617, 144.0
Trd, 000067.667, 144.0
Trd, 000068.300, 144
Trd, 000068.500, 143
Trd, 000068.950, 143
Trd, 000070.750, 143
Trd, 000070.917, 145
Trd, 000070.983, 142
Trd, 000071.317, 144
Trd, 000072.533, 143
Trd, 000073.017, 151
Trd, 000073.400, 149
Trd, 000073.433, 142
Trd, 000073.617, 146
Trd, 000073.700, 145
Trd, 000074.383, 151
Trd, 000074.450, 153
Trd, 000076.267, 152.0
Trd, 000076.583, 153.0
Trd, 000077.067, 152
Trd, 000078.667, 152
Trd, 000079.067, 153
Trd, 000079.133, 151.0
Trd, 000080.867, 151
Trd, 000081.017, 152
Trd, 000083.117, 149
Trd, 000083.400, 150
Trd, 000083.533, 150
Trd, 000083.817, 148
Trd, 000085.117, 145
Trd, 000085.500, 144.0
Trd, 000085.900, 144
Trd, 000086.367, 145
Trd, 000086.533, 145
Trd, 000086.783, 145
Trd, 000087.417, 147
Trd, 000087.733, 148.0
Trd, 000088.083, 147
Trd, 000088.750, 148
Trd, 000089.383, 148
Trd, 000090.417, 147
Trd, 000090.500, 147
Trd, 000090.700, 146
Trd, 000090.833, 148.0
Trd, 000092.683, 146
Trd, 000093.150, 151
Trd, 000093.400, 150.0
Trd, 000094.317, 148.0
Trd, 000094.417, 147
Trd, 000094.600, 147
Trd, 000095.450, 146
Trd, 000095.750, 147
Trd, 000096.150, 146
Trd, 000096.900, 145
Trd, 000098.000, 146.0
Trd, 000098.083, 147
Trd, 000099.067, 146
Trd, 000099.217, 147
Trd, 000099.400, 144.0
Trd, 000099.433, 144
Trd, 000100.583, 144
Trd, 000101.167, 143
Trd, 000101.583, 144.0
Trd, 000101.683, 145
Trd, 000101.933, 144
Trd, 000103.450, 148.0
Trd, 000103.500, 151
Trd, 000104.283, 145
Trd, 000104.933, 146
Trd, 000105.433, 145
Trd, 000105.600, 145
Trd, 000105.900, 147
Trd, 000106.300, 145
Trd, 000107.317, 145
Trd, 000108.083, 146
Trd, 000108.183, 155.0
Trd, 000108.533, 145
Trd, 000109.333, 147.0
Trd, 000110.817, 147
Trd, 000111.450, 147.0
Trd, 000111.767, 148.0
Trd, 000112.350, 148
Trd, 000112.367, 146
Trd, 000112.800, 147
Trd, 000113.150, 145.0
Trd, 000113.600, 146
Trd, 000114.400, 145
Trd, 000115.483, 145
Trd, 000116.083, 146
Trd, 000116.167, 151
Trd, 000117.667, 144
Trd, 000117.967, 144.0
Trd, 000118.117, 143
Trd, 000118.633, 142
Trd, 000119.667, 144
Trd, 000119.867, 145
Trd, 000121.050, 145
Trd, 000121.283, 146
Trd, 000121.617, 145.0
Trd, 000123.633, 148.0
Trd, 000124.183, 155.0
Trd, 000124.750, 151
Trd, 000125.417, 158
Trd, 000125.717, 151
Trd, 000125.767, 154.0
Trd, 000125.933, 153
Trd, 000126.967, 152
Trd, 000127.467, 151.0
Trd, 000128.300, 151
Trd, 000128.800, 153
Trd, 000129.033, 150
Trd, 000129.467, 149
Trd, 000130.483, 147.0
Trd, 000130.767, 146
Trd, 000131.283, 148.0
Trd, 000131.550, 149
Trd, 000132.133, 148.0
Trd, 000132.333, 149
Trd, 000133.017, 149
Trd, 000133.650, 147
Trd, 000134.233, 147.0
Trd, 000134.500, 148.0
Trd, 000135.600, 146
Trd, 000135.867, 146
Trd, 000136.600, 145
Trd, 000136.683, 144
Trd, 000136.700, 143
Trd, 000136.983, 146
Trd, 000137.417, 151
Trd, 000137.867, 155.0
Trd, 000138.150, 146
Trd, 000138.767, 144
Trd, 000139.667, 147
Trd, 000140.000, 148.0
Trd, 000140.350, 148.0
Trd, 000140.767, 147.0
Trd, 000141.117, 144
Trd, 000141.250, 148
Trd, 000141.600, 146
Trd, 000141.800, 146
Trd, 000142.067, 147
Trd, 000142.233, 148.0
Trd, 000143.617, 148
Trd, 000145.233, 146
Trd, 000145.833, 143
Trd, 000146.650, 144
Trd, 000146.867, 144
Trd, 000147.217, 143
Trd, 000148.133, 144
Trd, 000149.033, 146.0
Trd, 000149.083, 148.0
Trd, 000150.050, 145
Trd, 000150.117, 144
Trd, 000150.667, 144
Trd, 000150.850, 144
Trd, 000152.467, 145
Trd, 000153.033, 144
Trd, 000154.200, 145
Trd, 000154.267, 144
Trd, 000155.067, 145
Trd, 000155.117, 144
Trd, 000155.700, 144.0
Trd, 000155.950, 146
Trd, 000156.317, 146
Trd, 000156.367, 151
Trd, 000157.367, 146
Trd, 000157.667, 147.0
Trd, 000158.217, 148.0
Trd, 000158.950, 149
Trd, 000159.967, 147
Trd, 000160.333, 135.0
Trd, 000160.533, 146
Trd, 000161.783, 150
Trd, 000161.800, 154
Trd, 000161.850, 148.0
Trd, 000163.350, 147
Trd, 000164.150, 146
Trd, 000164.167, 145.0
Trd, 000165.450, 146
Trd, 000165.717, 145
Trd, 000166.283, 144.0
Trd, 000166.450, 144
Trd, 000166.700, 142
Trd, 000167.917, 142
Trd, 000168.117, 143
Trd, 000169.083, 139
Trd, 000169.750, 141
Trd, 000170.583, 141
Trd, 000171.133, 141
Trd, 000171.533, 142.0
Trd, 000171.783, 143.0
Trd, 000171.933, 143
Trd, 000172.400, 144.0
Trd, 000173.800, 146
Trd, 000173.833, 151
Trd, 000174.500, 147
Trd, 000174.800, 148.0
Trd, 000174.983, 147
Trd, 000175.900, 150
Trd, 000175.917, 151
Trd, 000176.850, 149
Trd, 000177.067, 150
Trd, 000177.167, 149
Trd, 000178.067, 154.0
Trd, 000179.150, 146
Trd, 000179.717, 146.0
Trd, 000180.383, 145
Trd, 000181.450, 145.0
Trd, 000182.400, 145
Trd, 000182.450, 144
Trd, 000182.983, 151
Trd, 000183.533, 148
Trd, 000184.683, 147.0
Trd, 000185.117, 147
Trd, 000185.483, 146
Trd, 000185.633, 145.0
Trd, 000185.867, 144
Trd, 000186.233, 147.0
Trd, 000186.733, 148.0
Trd, 000187.867, 147
Trd, 000188.183, 145.0
Trd, 000189.300, 145
Trd, 000189.533, 146
Trd, 000190.067, 148
Trd, 000190.183, 147
Trd, 000191.400, 145.0
Trd, 000191.450, 146.0
Trd, 000192.400, 150
Trd, 000193.267, 151
Trd, 000193.783, 148
Trd, 000193.967, 149
Trd, 000194.133, 148
Trd, 000195.317, 149
Trd, 000196.167, 152.0
Trd, 000197.433, 148
Trd, 000197.817, 148
Trd, 000198.283, 145
Trd, 000198.850, 144.0
Trd, 000198.867, 150.0
Trd, 000199.300, 147
Trd, 000200.400, 144.0
Trd, 000202.317, 145
Trd, 000203.367, 144.0
Trd, 000203.633, 143
Trd, 000203.717, 142
Trd, 000203.800, 142
Trd, 000203.817, 144
Trd, 000204.367, 142
Trd, 000204.767, 145
Trd, 000205.350, 148.0
Trd, 000206.183, 137.0
Trd, 000206.533, 145
Trd, 000206.750, 144
Trd, 000207.383, 145
Trd, 000207.550, 148.0
Trd, 000208.950, 142
Trd, 000210.633, 146
Trd, 000210.983, 145.0
Trd, 000211.133, 146
Trd, 000212.067, 145
Trd, 000212.417, 146.0
Trd, 000212.967, 145
Trd, 000212.983, 148.0
Trd, 000213.783, 155.0
Trd, 000214.267, 149
Trd, 000215.233, 148
Trd, 000215.333, 149
Trd, 000215.683, 147
Trd, 000217.183, 147
Trd, 000217.417, 147
Trd, 000217.867, 147
Trd, 000218.033, 148
Trd, 000218.117, 144.0
Trd, 000219.350, 144
Trd, 000220.233, 144
Trd, 000220.483, 143
Trd, 000221.017, 143
Trd, 000222.200, 148.0
Trd, 000222.383, 136.0
Trd, 000222.800, 149
Trd, 000223.433, 147
Trd, 000223.533, 151
Trd, 000224.700, 148
Trd, 000224.817, 148
Trd, 000224.967, 150
Trd, 000226.583, 148.0
Trd, 000226.700, 147
Trd, 000227.033, 146
Trd, 000227.400, 147.0
Trd, 000227.417, 149
Trd, 000227.717, 151.0
Trd, 000227.983, 145
Trd, 000230.000, 147
Trd, 000230.700, 146
Trd, 000230.867, 147
Trd, 000231.717, 146
Trd, 000231.800, 147
Trd, 000232.017, 145.0
Trd, 000232.483, 144.0
Trd, 000233.200, 143
Trd, 000233.850, 144
Trd, 000235.967, 145
Trd, 000236.400, 144.0
Trd, 000236.483, 145
Trd, 000237.283, 145.0
Trd, 000239.783, 144
Trd, 000240.067, 145
Trd, 000240.133, 144.0
Trd, 000240.500, 144
Trd, 000241.200, 144
Trd, 000241.250, 143
Trd, 000241.733, 143
Trd, 000241.883, 145
Trd, 000242.233, 145
Trd, 000242.783, 147.0
Trd, 000243.450, 146
Trd, 000243.733, 146
Trd, 000243.883, 146
Trd, 000243.917, 143
Trd, 000244.067, 144.0
Trd, 000244.800, 147.0
Trd, 000245.333, 148.0
Trd, 000246.117, 149
Trd, 000246.333, 148
Trd, 000247.250, 149
Trd, 000247.983, 148
Trd, 000248.117, 147
Trd, 000248.200, 149
Trd, 000248.767, 148
Trd, 000249.417, 145
Trd, 000249.767, 147
Trd, 000250.150, 144
Trd, 000250.550, 146
Trd, 000250.633, 147
Trd, 000251.233, 151
Trd, 000251.383, 147
Trd, 000252.067, 155.0
Trd, 000252.750, 151
Trd, 000252.900, 149
Trd, 000253.333, 150
Trd, 000254.383, 151
Trd, 000254.450, 149
Trd, 000255.083, 151
Trd, 000255.583, 151
Trd, 000255.667, 152
Trd, 000255.900, 152
Trd, 000256.133, 150
Trd, 000256.883, 145
Trd, 000257.383, 149
Trd, 000257.717, 149
Trd, 000258.367, 148.0
Trd, 000258.600, 147.0
Trd, 000259.733, 146
Trd, 000259.867, 147
Trd, 000259.883, 149
Trd, 000260.383, 154.0
Trd, 000260.633, 146
Trd, 000261.683, 150
Trd, 000262.067, 151
Trd, 000262.250, 152
Trd, 000262.450, 153
Trd, 000262.650, 153.0
Trd, 000264.533, 152
Trd, 000264.850, 148
Trd, 000265.450, 151
Trd, 000265.867, 152
Trd, 000265.900, 155.0
Trd, 000266.583, 153
Trd, 000267.067, 155.0
Trd, 000267.433, 153
Trd, 000267.633, 155
Trd, 000267.883, 152
Trd, 000268.000, 150
Trd, 000268.283, 144.0
Trd, 000268.317, 150.0
Trd, 000268.483, 155.0
Trd, 000269.300, 154
Trd, 000270.150, 151
Trd, 000270.167, 152
Trd, 000270.750, 154
Trd, 000271.083, 155
Trd, 000271.567, 152
Trd, 000271.817, 153
Trd, 000272.267, 151
Trd, 000272.383, 155
Trd, 000273.400, 155.0
Trd, 000273.600, 157
Trd, 000273.817, 151
Trd, 000274.900, 156
Trd, 000275.117, 157.0
Trd, 000275.267, 158.0
Trd, 000276.800, 156
Trd, 000277.067, 157
Trd, 000277.433, 157
Trd, 000277.533, 157
Trd, 000277.633, 155
Trd, 000278.267, 155.0
Trd, 000278.400, 153
Trd, 000279.033, 153
Trd, 000279.767, 153
Trd, 000280.183, 151.0
Trd, 000280.617, 151
Trd, 000280.633, 150
Trd, 000281.133, 148
Trd, 000281.217, 144.0
Trd, 000282.200, 143
Trd, 000282.867, 143
Trd, 000282.967, 145
Trd, 000283.217, 144
Trd, 000284.300, 142
Trd, 000284.817, 143
Trd, 000284.883, 139.0
Trd, 000285.467, 143
Trd, 000286.167, 140
Trd, 000286.833, 143.0
Trd, 000286.917, 144.0
Trd, 000286.950, 148.0
Trd, 000287.483, 145
Trd, 000287.683, 144
Trd, 000287.800, 149
Trd, 000288.483, 150
Trd, 000289.400, 149
Trd, 000289.550, 150
Trd, 000290.083, 151
Trd, 000290.567, 155.0
Trd, 000291.367, 156
Trd, 000291.617, 154
Trd, 000292.500, 155
Trd, 000292.783, 150.0
Trd, 000292.933, 155.0
Trd, 000292.950, 150
Trd, 000293.183, 156.0
Trd, 000293.367, 150.0
Trd, 000293.983, 162.0
Trd, 000294.217, 151
Trd, 000295.300, 151
Trd, 000296.267, 150
Trd, 000296.600, 150
Trd, 000296.617, 153
Trd, 000296.750, 155
Trd, 000296.850, 155
Trd, 000297.000, 158.0
Trd, 000297.867, 155.0
Trd, 000298.300, 153
Trd, 000298.517, 151
Trd, 000298.867, 154
Trd, 000299.967, 152
