Trd, 000003.033, 129.0
Trd, 000003.167, 129
Trd, 000003.467, 163
Trd, 000003.583, 128.0
Trd, 000003.917, 127.0
Trd, 000004.983, 140
Trd, 000005.067, 143
Trd, 000005.233, 132
Trd, 000005.550, 144
Trd, 000006.667, 140
Trd, 000007.100, 141
Trd, 000007.833, 142
Trd, 000007.933, 140
Trd, 000008.350, 144
Trd, 000008.900, 141
Trd, 000009.767, 150
Trd, 000010.167, 150.0
Trd, 000011.483, 147
Trd, 000011.583, 146
Trd, 000012.200, 147
Trd, 000012.500, 142
Trd, 000012.917, 148.0
Trd, 000013.150, 151.0
Trd, 000013.867, 148
Trd, 000014.633, 149
Trd, 000015.067, 143
Trd, 000015.817, 144
Trd, 000015.917, 143
Trd, 000016.883, 146
Trd, 000017.200, 146
Trd, 000017.717, 147
Trd, 000018.150, 147
Trd, 000018.633, 148
Trd, 000019.883, 161.0
Trd, 000020.033, 148
Trd, 000020.833, 153
Trd, 000021.917, 155
Trd, 000021.950, 150
Trd, 000022.700, 170.0
Trd, 000023.333, 158
Trd, 000023.883, 153
Trd, 000024.617, 158
Trd, 000026.350, 153
Trd, 000026.517, 152
Trd, 000026.950, 157
Trd, 000027.267, 158
Trd, 000027.550, 153
Trd, 000028.300, 154
Trd, 000028.400, 157
Trd, 000028.450, 159
Trd, 000029.933, 155
Trd, 000030.667, 154
Trd, 000031.367, 154
Trd, 000032.333, 156
Trd, 000032.617, 153
Trd, 000033.883, 137
Trd, 000034.067, 149
Trd, 000034.217, 149
Trd, 000035.333, 146
Trd, 000035.733, 139
Trd, 000036.233, 145
Trd, 000037.383, 146
Trd, 000038.250, 142
Trd, 000038.550, 146
Trd, 000039.283, 151.0
Trd, 000039.933, 147
Trd, 000040.433, 148
Trd, 000040.467, 147
Trd, 000040.667, 147
Trd, 000040.850, 148
Trd, 000041.467, 147
Trd, 000041.567, 155
Trd, 000042.200, 148
Trd, 000043.367, 151
Trd, 000043.883, 151
Trd, 000043.917, 151
Trd, 000044.550, 152
Trd, 000044.650, 151
Trd, 000045.217, 156
Trd, 000045.733, 148
Trd, 000046.250, 152
Trd, 000046.750, 152
Trd, 000047.150, 153
Trd, 000047.867, 151
Trd, 000047.950, 150
Trd, 000048.433, 155
Trd, 000048.733, 147
Trd, 000049.317, 151
Trd, 000049.350, 150
Trd, 000049.700, 150
Trd, 000049.867, 149
Trd, 000052.433, 151
Trd, 000052.550, 151.0
Trd, 000052.767, 148
Trd, 000053.433, 147
Trd, 000053.500, 149
Trd, 000053.767, 150
Trd, 000054.733, 147
Trd, 000054.750, 146
Trd, 000054.767, 137
Trd, 000056.383, 131
Trd, 000057.783, 143
Trd, 000057.833, 143
Trd, 000057.950, 142
Trd, 000059.133, 145
Trd, 000059.517, 151.0
Trd, 000059.850, 142
Trd, 000059.867, 148
Trd, 000060.350, 151
Trd, 000060.883, 155
Trd, 000061.100, 152
Trd, 000061.567, 146
Trd, 000062.200, 146
Trd, 000062.350, 154
Trd, 000063.250, 147
Trd, 000063.483, 146
Trd, 000065.450, 153
Trd, 000065.483, 152
Trd, 000065.500, 149
Trd, 000065.683, 153
Trd, 000065.917, 154
Trd, 000066.900, 152
Trd, 000067.067, 153
Trd, 000067.683, 152
Trd, 000068.017, 150
Trd, 000068.433, 150
Trd, 000068.583, 151
Trd, 000069.000, 145
Trd, 000069.050, 147
Trd, 000069.267, 155
Trd, 000070.100, 146
Trd, 000070.250, 134.0
Trd, 000071.200, 136
Trd, 000072.000, 130.0
Trd, 000072.083, 146
Trd, 000073.567, 139
Trd, 000074.017, 140
Trd, 000074.067, 142
Trd, 000074.550, 139
Trd, 000074.617, 138
Trd, 000075.800, 141
Trd, 000076.767, 138
Trd, 000077.350, 139
Trd, 000078.000, 141
Trd, 000078.183, 142
Trd, 000078.317, 144
Trd, 000079.200, 138
Trd, 000080.317, 143
Trd, 000080.467, 145
Trd, 000081.117, 147
Trd, 000081.233, 147
Trd, 000081.283, 146
Trd, 000081.917, 150
Trd, 000082.050, 149
Trd, 000082.150, 153
Trd, 000082.200, 154
Trd, 000082.567, 155
Trd, 000082.583, 148
Trd, 000083.117, 147
Trd, 000084.900, 151
Trd, 000084.950, 153
Trd, 000085.483, 162.0
Trd, 000086.667, 154
Trd, 000087.250, 153
Trd, 000087.583, 171.0
Trd, 000087.983, 156
Trd, 000088.750, 158
Trd, 000089.100, 159
Trd, 000089.517, 158
Trd, 000089.650, 154
Trd, 000090.383, 147
Trd, 000091.283, 155
Trd, 000091.483, 156
Trd, 000092.150, 148
Trd, 000092.933, 154
Trd, 000092.983, 150
Trd, 000093.517, 149
Trd, 000094.200, 148
Trd, 000094.250, 153
Trd, 000096.233, 148
Trd, 000096.500, 147
Trd, 000097.483, 151.0
Trd, 000097.600, 151
Trd, 000097.617, 150
Trd, 000098.067, 146
Trd, 000098.217, 146
Trd, 000098.350, 148
Trd, 000099.633, 147
Trd, 000100.450, 147
Trd, 000100.550, 151.0
Trd, 000101.150, 146
Trd, 000101.483, 154
Trd, 000101.733, 147
Trd, 000102.550, 155
Trd, 000102.833, 147
Trd, 000102.950, 134.0
Trd, 000103.200, 152
Trd, 000104.117, 144
Trd, 000105.333, 153
Trd, 000105.400, 145
Trd, 000107.267, 150
Trd, 000107.550, 150
Trd, 000107.833, 150
Trd, 000108.850, 165.0
Trd, 000110.217, 153
Trd, 000110.500, 152
Trd, 000110.517, 154
Trd, 000111.783, 154
Trd, 000112.267, 148
Trd, 000112.600, 155
Trd, 000112.833, 151
Trd, 000113.350, 149
Trd, 000113.483, 149
Trd, 000114.700, 153
Trd, 000116.617, 150
Trd, 000116.917, 153
Trd, 000117.450, 150
Trd, 000117.483, 149
Trd, 000117.600, 148
Trd, 000117.817, 153
Trd, 000117.850, 155
Trd, 000119.400, 147
Trd, 000119.717, 138
Trd, 000119.800, 149
Trd, 000120.150, 149
Trd, 000120.850, 150
Trd, 000121.900, 149
Trd, 000122.700, 147
Trd, 000123.217, 149
Trd, 000123.417, 149
Trd, 000123.933, 150
Trd, 000125.000, 151
Trd, 000125.417, 151
Trd, 000125.583, 135
Trd, 000126.017, 148
Trd, 000126.900, 152
Trd, 000127.150, 154
Trd, 000127.467, 155
Trd, 000127.517, 149
Trd, 000127.683, 147
Trd, 000127.733, 145
Trd, 000128.433, 155
Trd, 000130.317, 154
Trd, 000130.600, 155
Trd, 000131.767, 156
Trd, 000131.783, 169.0
Trd, 000132.450, 155
Trd, 000132.950, 156
Trd, 000133.217, 157
Trd, 000133.383, 155
Trd, 000133.667, 154
Trd, 000134.067, 153
Trd, 000135.133, 156
Trd, 000136.500, 151
Trd, 000136.767, 147
Trd, 000137.300, 141
Trd, 000137.733, 146
Trd, 000138.017, 145
Trd, 000138.700, 151.0
Trd, 000139.283, 147
Trd, 000139.767, 145
Trd, 000140.067, 147
Trd, 000141.233, 146
Trd, 000142.283, 147
Trd, 000142.600, 147
Trd, 000142.667, 151.0
Trd, 000143.233, 146
Trd, 000144.433, 145
Trd, 000145.033, 149
Trd, 000145.317, 150
Trd, 000145.750, 147
Trd, 000147.283, 147
Trd, 000147.400, 146
Trd, 000147.767, 145
Trd, 000148.833, 146
Trd, 000149.250, 145
Trd, 000149.500, 145
Trd, 000150.333, 148
Trd, 000150.683, 150
Trd, 000150.817, 150.0
Trd, 000151.067, 148
Trd, 000151.167, 151.0
Trd, 000151.433, 145
Trd, 000151.767, 155
Trd, 000152.283, 136
Trd, 000152.983, 161
Trd, 000153.700, 154
Trd, 000153.967, 152
Trd, 000154.833, 162.0
Trd, 000155.017, 172.0
Trd, 000155.517, 154
Trd, 000155.917, 153
Trd, 000157.667, 157
Trd, 000157.833, 155
Trd, 000158.383, 152
Trd, 000158.750, 147
Trd, 000158.800, 155
Trd, 000159.183, 155
Trd, 000160.033, 153
Trd, 000160.867, 155
Trd, 000161.233, 155
Trd, 000161.300, 156
Trd, 000161.783, 153
Trd, 000163.083, 152
Trd, 000163.333, 153
Trd, 000163.700, 151
Trd, 000164.350, 154
Trd, 000164.400, 152
Trd, 000165.617, 154
Trd, 000165.650, 153
Trd, 000166.633, 155
Trd, 000167.100, 155
Trd, 000167.633, 172.0
Trd, 000168.200, 149
Trd, 000169.817, 151
Trd, 000170.233, 149
Trd, 000170.383, 149
Trd, 000171.183, 150
Trd, 000171.517, 150
Trd, 000173.967, 151.0
Trd, 000174.167, 150
Trd, 000174.317, 150
Trd, 000174.450, 152
Trd, 000174.750, 152
Trd, 000175.133, 151
Trd, 000175.350, 151
Trd, 000176.067, 152
Trd, 000177.817, 152
Trd, 000178.583, 150
Trd, 000178.867, 149
Trd, 000178.883, 147
Trd, 000178.950, 151
Trd, 000179.717, 137
Trd, 000179.750, 134
Trd, 000180.533, 151
Trd, 000180.667, 153
Trd, 000181.200, 136.0
Trd, 000181.750, 135.0
Trd, 000182.600, 149
Trd, 000182.750, 151.0
Trd, 000182.767, 155
Trd, 000183.600, 150
Trd, 000184.067, 140
Trd, 000185.033, 150
Trd, 000185.283, 149
Trd, 000185.450, 147
Trd, 000186.650, 145
Trd, 000187.000, 146
Trd, 000187.717, 145
Trd, 000188.083, 146
Trd, 000189.083, 145
Trd, 000189.233, 135.0
Trd, 000189.617, 154
Trd, 000190.800, 149
Trd, 000191.233, 146
Trd, 000191.417, 150
Trd, 000193.500, 147
Trd, 000193.767, 150
Trd, 000194.183, 147
Trd, 000194.233, 151.0
Trd, 000194.483, 151
Trd, 000195.017, 162.0
Trd, 000195.433, 157
Trd, 000196.333, 151
Trd, 000196.483, 157
Trd, 000196.700, 147
Trd, 000196.800, 149
Trd, 000197.967, 148
Trd, 000198.500, 147
Trd, 000199.133, 154
Trd, 000201.200, 152
Trd, 000201.683, 151
Trd, 000202.117, 152
Trd, 000202.200, 150
Trd, 000202.600, 153
Trd, 000202.833, 155
Trd, 000203.450, 162.0
Trd, 000203.583, 154
Trd, 000204.250, 152
Trd, 000204.967, 152
Trd, 000205.350, 165.0
Trd, 000205.750, 162.0
Trd, 000205.900, 154
Trd, 000206.950, 160
Trd, 000207.233, 162
Trd, 000207.317, 153
Trd, 000208.400, 153
Trd, 000208.800, 158
Trd, 000209.217, 138
Trd, 000210.833, 147
Trd, 000211.383, 151.0
Trd, 000211.450, 150
Trd, 000211.950, 151
Trd, 000212.000, 151
Trd, 000212.333, 147
Trd, 000214.200, 148
Trd, 000214.367, 150
Trd, 000214.433, 146
Trd, 000214.783, 135
Trd, 000215.083, 149
Trd, 000216.017, 150
Trd, 000216.317, 144
Trd, 000216.600, 151
Trd, 000218.000, 145
Trd, 000219.317, 144
Trd, 000219.417, 147
Trd, 000220.433, 147
Trd, 000220.933, 149
Trd, 000221.150, 151.0
Trd, 000221.533, 148
Trd, 000221.583, 144
Trd, 000221.650, 144
Trd, 000221.683, 156
Trd, 000222.567, 148
Trd, 000223.167, 147
Trd, 000224.233, 148
Trd, 000224.783, 149
Trd, 000224.983, 148
Trd, 000225.783, 155
Trd, 000226.400, 147
Trd, 000227.200, 153
Trd, 000227.433, 147
Trd, 000228.200, 147
Trd, 000228.533, 146
Trd, 000228.667, 151.0
Trd, 000228.883, 136
Trd, 000229.483, 144
Trd, 000229.950, 150
Trd, 000230.217, 143
Trd, 000230.400, 150
Trd, 000230.950, 150
Trd, 000231.450, 143
Trd, 000232.083, 149
Trd, 000232.600, 148
Trd, 000232.700, 136
Trd, 000233.383, 127.0
Trd, 000233.967, 142
Trd, 000234.033, 155
Trd, 000234.667, 136.0
Trd, 000235.200, 144
Trd, 000235.433, 142
Trd, 000236.467, 143
Trd, 000236.967, 144
Trd, 000237.317, 144
Trd, 000237.717, 147
Trd, 000238.583, 148
Trd, 000239.350, 161.0
Trd, 000239.383, 158
Trd, 000239.800, 162.0
Trd, 000239.967, 167
Trd, 000240.033, 150
Trd, 000240.450, 154
Trd, 000241.250, 162
Trd, 000241.300, 162
Trd, 000242.183, 161
Trd, 000242.767, 160
Trd, 000243.233, 147
Trd, 000244.167, 143.0
Trd, 000244.183, 142.0
Trd, 000244.650, 146
Trd, 000244.750, 148.0
Trd, 000244.850, 149.0
Trd, 000245.117, 145
Trd, 000245.567, 146.0
Trd, 000245.950, 149
Trd, 000247.083, 151.0
Trd, 000247.217, 151.0
Trd, 000247.300, 148.0
Trd, 000247.633, 153
Trd, 000247.667, 147
Trd, 000248.667, 145
Trd, 000248.800, 145
Trd, 000249.000, 146
Trd, 000249.300, 141.0
Trd, 000250.067, 148.0
Trd, 000250.150, 143
Trd, 000250.767, 148
Trd, 000251.417, 149
Trd, 000251.517, 147
Trd, 000251.650, 147
Trd, 000252.017, 152
Trd, 000252.667, 155
Trd, 000252.850, 151
Trd, 000253.333, 154.0
Trd, 000253.767, 152
Trd, 000254.117, 153
Trd, 000254.650, 151
Trd, 000254.983, 150
Trd, 000255.217, 150
Trd, 000255.633, 150
Trd, 000255.900, 149
Trd, 000256.267, 151.0
Trd, 000256.517, 147
Trd, 000258.467, 151
Trd, 000258.617, 151
Trd, 000258.900, 151
Trd, 000259.233, 150
Trd, 000259.433, 149
Trd, 000260.267, 151
Trd, 000260.300, 152
Trd, 000261.000, 151
Trd, 000261.067, 148
Trd, 000261.567, 147
Trd, 000261.667, 151
Trd, 000262.067, 148
Trd, 000262.200, 151
Trd, 000262.300, 153
Trd, 000262.533, 141.0
Trd, 000262.650, 151
Trd, 000262.683, 134.0
Trd, 000262.967, 153
Trd, 000263.700, 147
Trd, 000264.467, 147
Trd, 000264.617, 148
Trd, 000264.800, 144
Trd, 000265.850, 142.0
Trd, 000266.067, 141.0
Trd, 000266.333, 145
Trd, 000266.733, 144
Trd, 000267.533, 141
Trd, 000267.733, 141
Trd, 000268.067, 145
Trd, 000268.433, 147
Trd, 000268.767, 147
Trd, 000269.067, 147
Trd, 000269.167, 143
Trd, 000269.200, 148
Trd, 000269.883, 143
Trd, 000270.133, 147
Trd, 000270.167, 148.0
Trd, 000270.383, 144
Trd, 000270.400, 143
Trd, 000271.150, 151.0
Trd, 000271.417, 143
Trd, 000271.450, 143
Trd, 000271.833, 151
Trd, 000272.200, 141
Trd, 000272.267, 158.0
Trd, 000272.467, 150
Trd, 000273.117, 148.0
Trd, 000273.833, 149
Trd, 000274.167, 148
Trd, 000274.233, 150.0
Trd, 000275.283, 154
Trd, 000275.467, 148
Trd, 000276.467, 151
Trd, 000276.717, 150
Trd, 000276.733, 148
Trd, 000276.867, 147
Trd, 000276.933, 153
Trd, 000276.967, 147
Trd, 000277.433, 155
Trd, 000277.933, 142.0
Trd, 000278.933, 149
Trd, 000279.117, 155
Trd, 000279.333, 155
Trd, 000279.867, 153
Trd, 000280.417, 153
Trd, 000280.750, 146
Trd, 000281.767, 147
Trd, 000281.867, 146
Trd, 000282.733, 145
Trd, 000283.050, 146
Trd, 000283.150, 144
Trd, 000283.233, 148.0
Trd, 000283.567, 152
Trd, 000284.667, 148.0
Trd, 000284.750, 147.0
Trd, 000285.083, 143.0
Trd, 000285.150, 152
Trd, 000285.500, 150
Trd, 000285.583, 152
Trd, 000286.850, 153
Trd, 000287.400, 146
Trd, 000287.617, 154.0
Trd, 000288.217, 149
Trd, 000288.283, 148
Trd, 000289.633, 153
Trd, 000289.817, 145
Trd, 000290.067, 153
Trd, 000290.200, 154
Trd, 000290.233, 144.0
Trd, 000290.517, 141.0
Trd, 000290.783, 137
Trd, 000291.567, 142
Trd, 000292.067, 155
Trd, 000292.150, 143.0
Trd, 000292.450, 156
Trd, 000293.000, 156
Trd, 000293.417, 157
Trd, 000293.650, 147
Trd, 000293.767, 158.0
Trd, 000293.783, 146
Trd, 000294.233, 146
Trd, 000294.300, 145
Trd, 000294.600, 155
Trd, 000294.783, 155
Trd, 000294.917, 144
Trd, 000294.983, 142.0
Trd, 000295.650, 142
Trd, 000296.450, 142.0
Trd, 000297.067, 148.0
Trd, 000297.100, 149
Trd, 000298.300, 142.0
Trd, 000298.683, 148
Trd, 000298.700, 141.0
Trd, 000299.217, 149
Trd, 000299.500, 134.0
