Trd, 000002.833, 157
Trd, 000004.350, 159.0
Trd, 000004.583, 160.0
Trd, 000005.200, 157
Trd, 000005.217, 155
Trd, 000005.750, 155
Trd, 000008.033, 153
Trd, 000008.133, 152
Trd, 000008.167, 154
Trd, 000008.217, 156
Trd, 000009.183, 156
Trd, 000009.600, 157
Trd, 000009.833, 158
Trd, 000010.900, 156
Trd, 000011.600, 155
Trd, 000011.650, 162.0
Trd, 000013.283, 160
Trd, 000013.500, 159
Trd, 000013.683, 159
Trd, 000013.717, 158
Trd, 000014.350, 160
Trd, 000014.650, 165
Trd, 000015.500, 156
Trd, 000017.667, 155
Trd, 000018.433, 156
Trd, 000018.450, 157
Trd, 000019.067, 157
Trd, 000019.533, 155
Trd, 000019.717, 158
Trd, 000020.767, 156
Trd, 000022.117, 157
Trd, 000022.833, 152
Trd, 000022.983, 148.0
Trd, 000023.583, 150
Trd, 000025.100, 152
Trd, 000025.550, 151
Trd, 000025.800, 153
Trd, 000026.433, 152.0
Trd, 000026.733, 153
Trd, 000027.283, 154
Trd, 000027.767, 156
Trd, 000027.967, 156
Trd, 000028.717, 157
Trd, 000029.383, 160.0
Trd, 000029.583, 160.0
Trd, 000030.150, 161.0
Trd, 000031.033, 160.0
Trd, 000031.283, 159
Trd, 000031.467, 157
Trd, 000032.633, 159
Trd, 000033.217, 158
Trd, 000033.467, 159
Trd, 000034.150, 155
Trd, 000034.767, 155
Trd, 000034.867, 154
Trd, 000034.967, 157
Trd, 000036.433, 155
Trd, 000036.667, 157
Trd, 000036.683, 162.0
Trd, 000039.417, 157
Trd, 000039.833, 156
Trd, 000039.883, 156
Trd, 000040.033, 154
Trd, 000041.133, 155
Trd, 000041.517, 155
Trd, 000043.300, 154
Trd, 000043.617, 153
Trd, 000044.150, 155
Trd, 000045.283, 155
Trd, 000045.833, 155
Trd, 000047.117, 151
Trd, 000047.583, 152
Trd, 000048.100, 151
Trd, 000048.650, 152
Trd, 000049.750, 153
Trd, 000050.033, 154
Trd, 000050.683, 153
Trd, 000052.200, 153
Trd, 000052.367, 153
Trd, 000052.383, 154
Trd, 000052.967, 152
Trd, 000053.100, 151
Trd, 000053.183, 154
Trd, 000053.300, 151
Trd, 000053.867, 161
Trd, 000056.650, 154
Trd, 000057.017, 154
Trd, 000057.983, 155
Trd, 000059.050, 154.0
Trd, 000059.217, 161.0
Trd, 000060.450, 156
Trd, 000060.950, 156
Trd, 000061.467, 155
Trd, 000062.583, 155
Trd, 000062.983, 154
Trd, 000063.267, 155
Trd, 000064.350, 152
Trd, 000064.500, 151.0
Trd, 000064.983, 153
Trd, 000065.550, 153
Trd, 000067.200, 153
Trd, 000067.367, 153
Trd, 000068.367, 153
Trd, 000068.383, 151
Trd, 000069.367, 152
Trd, 000070.850, 151
Trd, 000071.033, 153
Trd, 000072.050, 151
Trd, 000073.033, 152
Trd, 000073.700, 152
Trd, 000074.350, 154
Trd, 000074.917, 155
Trd, 000075.417, 155
Trd, 000075.933, 162.0
Trd, 000076.433, 165.0
Trd, 000078.050, 161
Trd, 000078.450, 160
Trd, 000078.483, 160
Trd, 000079.133, 159
Trd, 000080.517, 159
Trd, 000080.633, 158
Trd, 000081.733, 159.0
Trd, 000082.117, 163
Trd, 000083.733, 157
Trd, 000083.833, 157
Trd, 000084.183, 156
Trd, 000084.783, 156
Trd, 000085.300, 157
Trd, 000085.950, 157
Trd, 000086.333, 159
Trd, 000087.333, 156
Trd, 000087.867, 155
Trd, 000088.667, 154
Trd, 000090.550, 155
Trd, 000090.983, 157
Trd, 000091.383, 156
Trd, 000092.267, 156
Trd, 000092.433, 156
Trd, 000092.583, 153
Trd, 000092.783, 157
Trd, 000093.350, 158
Trd, 000094.150, 160
Trd, 000095.750, 160
Trd, 000096.383, 160
Trd, 000096.517, 161
Trd, 000097.567, 160
Trd, 000098.417, 159
Trd, 000099.100, 157
Trd, 000100.683, 157
Trd, 000101.967, 151
Trd, 000103.000, 149
Trd, 000103.267, 150
Trd, 000103.600, 148.0
Trd, 000103.717, 149
Trd, 000104.117, 147
Trd, 000104.800, 149
Trd, 000105.100, 149
Trd, 000106.433, 150
Trd, 000106.967, 151
Trd, 000107.500, 152
Trd, 000107.633, 152
Trd, 000108.500, 153
Trd, 000109.317, 154
Trd, 000110.500, 155.0
Trd, 000111.850, 155
Trd, 000112.117, 158.0
Trd, 000113.383, 156
Trd, 000113.433, 157.0
Trd, 000114.417, 156
Trd, 000114.833, 157
Trd, 000114.950, 162.0
Trd, 000116.500, 159
Trd, 000116.783, 158
Trd, 000117.233, 160
Trd, 000117.933, 160
Trd, 000118.083, 159
Trd, 000119.717, 159
Trd, 000120.083, 155
Trd, 000120.483, 154
Trd, 000121.867, 155
Trd, 000122.383, 154.0
Trd, 000122.450, 155
Trd, 000122.750, 155.0
Trd, 000123.200, 157
Trd, 000123.450, 157
Trd, 000126.217, 154
Trd, 000126.383, 156
Trd, 000127.233, 154
Trd, 000128.467, 153
Trd, 000129.300, 154
Trd, 000129.333, 153
Trd, 000130.100, 154
Trd, 000130.250, 149
Trd, 000131.800, 151
Trd, 000132.033, 151
Trd, 000132.550, 165.0
Trd, 000132.967, 168
Trd, 000134.433, 159
Trd, 000134.750, 160
Trd, 000134.833, 159
Trd, 000135.117, 159
Trd, 000136.733, 160
Trd, 000136.917, 160
Trd, 000137.100, 159
Trd, 000137.750, 160
Trd, 000138.767, 159
Trd, 000139.633, 162.0
Trd, 000140.517, 161
Trd, 000141.467, 159
Trd, 000141.667, 154
Trd, 000142.750, 150
Trd, 000142.883, 149.0
Trd, 000143.550, 150
Trd, 000143.900, 149
Trd, 000143.967, 148.0
Trd, 000144.317, 149
Trd, 000145.217, 149
Trd, 000145.467, 150
Trd, 000147.150, 154
Trd, 000147.717, 154
Trd, 000147.750, 155
Trd, 000148.667, 155
Trd, 000150.167, 153
Trd, 000150.233, 154
Trd, 000151.583, 153
Trd, 000151.650, 153
Trd, 000151.700, 154
Trd, 000152.117, 155
Trd, 000153.700, 158
Trd, 000154.717, 157
Trd, 000154.733, 156
Trd, 000156.983, 155
Trd, 000157.283, 155
Trd, 000157.350, 156
Trd, 000157.650, 156
Trd, 000158.950, 154
Trd, 000159.233, 153
Trd, 000159.833, 152
Trd, 000159.917, 151
Trd, 000161.383, 152
Trd, 000162.683, 153
Trd, 000163.333, 155
Trd, 000164.200, 153.0
Trd, 000164.633, 157
Trd, 000165.367, 154
Trd, 000165.867, 153
Trd, 000166.183, 153
Trd, 000166.333, 152
Trd, 000166.767, 154
Trd, 000167.400, 154
Trd, 000167.600, 141
Trd, 000167.617, 136
Trd, 000168.917, 153
Trd, 000168.933, 154
Trd, 000169.250, 152.0
Trd, 000170.783, 152
Trd, 000171.017, 154
Trd, 000172.750, 152
Trd, 000173.000, 154
Trd, 000174.217, 153
Trd, 000174.650, 154
Trd, 000175.183, 154
Trd, 000176.733, 153
Trd, 000176.967, 154
Trd, 000177.700, 158.0
Trd, 000177.950, 155
Trd, 000178.783, 154
Trd, 000180.700, 152
Trd, 000180.867, 152
Trd, 000181.367, 152
Trd, 000181.450, 152
Trd, 000182.133, 153
Trd, 000183.050, 153
Trd, 000183.150, 148.0
Trd, 000184.033, 146
Trd, 000184.850, 147
Trd, 000185.783, 147
Trd, 000186.117, 148
Trd, 000186.583, 148
Trd, 000186.850, 147
Trd, 000187.500, 153
Trd, 000188.583, 151
Trd, 000189.150, 152
Trd, 000189.500, 152
Trd, 000189.850, 153
Trd, 000191.817, 153
Trd, 000192.317, 153
Trd, 000192.500, 152
Trd, 000192.817, 148.0
Trd, 000194.533, 153
Trd, 000194.700, 155
Trd, 000195.750, 155
Trd, 000195.917, 155
Trd, 000196.217, 165.0
Trd, 000198.167, 158.0
Trd, 000198.300, 157
Trd, 000199.217, 158.0
Trd, 000199.417, 158
Trd, 000200.083, 157
Trd, 000200.317, 157
Trd, 000200.800, 156
Trd, 000201.300, 155
Trd, 000201.817, 155
Trd, 000203.250, 156
Trd, 000204.183, 155
Trd, 000204.283, 154
Trd, 000204.667, 162.0
Trd, 000205.200, 158
Trd, 000206.150, 158
Trd, 000207.183, 154
Trd, 000208.283, 153
Trd, 000209.217, 153
Trd, 000210.017, 148.0
Trd, 000211.117, 150
Trd, 000211.900, 147
Trd, 000212.300, 147
Trd, 000212.833, 148
Trd, 000212.867, 149
Trd, 000214.267, 151
Trd, 000214.533, 150
Trd, 000214.633, 146
Trd, 000215.117, 151
Trd, 000216.683, 149.0
Trd, 000217.033, 150
Trd, 000218.267, 149
Trd, 000219.233, 148.0
Trd, 000219.650, 148
Trd, 000219.883, 148
Trd, 000220.067, 149
Trd, 000221.083, 144
Trd, 000221.583, 144
Trd, 000222.217, 146
Trd, 000222.417, 147
Trd, 000222.517, 145
Trd, 000223.167, 147
Trd, 000224.767, 151
Trd, 000225.083, 151
Trd, 000225.183, 152
Trd, 000225.683, 155
Trd, 000227.667, 155
Trd, 000228.117, 155
Trd, 000229.433, 153
Trd, 000229.950, 149.0
Trd, 000230.917, 152
Trd, 000231.700, 154
Trd, 000232.617, 154
Trd, 000232.667, 155
Trd, 000232.967, 151.0
Trd, 000235.000, 153
Trd, 000235.117, 153
Trd, 000236.100, 155
Trd, 000236.783, 155
Trd, 000236.867, 156
Trd, 000237.483, 155
Trd, 000239.317, 155
Trd, 000240.600, 153
Trd, 000241.033, 154
Trd, 000241.150, 153
Trd, 000241.283, 153
Trd, 000241.500, 151
Trd, 000241.950, 151
Trd, 000242.033, 148.0
Trd, 000243.333, 149
Trd, 000243.750, 149
Trd, 000244.067, 148
Trd, 000244.383, 150
Trd, 000244.800, 147
Trd, 000244.983, 150
Trd, 000245.100, 150
Trd, 000245.800, 153
Trd, 000245.917, 155
Trd, 000247.133, 153.0
Trd, 000247.550, 155
Trd, 000247.850, 154
Trd, 000247.950, 152.0
Trd, 000248.883, 156.0
Trd, 000249.233, 154
Trd, 000249.617, 155
Trd, 000250.450, 154
Trd, 000250.583, 152
Trd, 000251.083, 152
Trd, 000251.317, 155
Trd, 000251.350, 151
Trd, 000251.817, 152.0
Trd, 000252.233, 151.0
Trd, 000252.317, 152
Trd, 000252.383, 140
Trd, 000252.550, 148
Trd, 000252.733, 148
Trd, 000254.317, 143
Trd, 000254.750, 144
Trd, 000255.183, 146
Trd, 000255.900, 150
Trd, 000256.250, 149
Trd, 000256.317, 148
Trd, 000257.117, 149
Trd, 000258.350, 150
Trd, 000259.400, 148.0
Trd, 000259.433, 151
Trd, 000260.083, 148
Trd, 000260.617, 147
Trd, 000260.783, 147
Trd, 000260.917, 148
Trd, 000261.017, 149
Trd, 000261.067, 147
Trd, 000261.717, 146
Trd, 000262.000, 145
Trd, 000262.017, 149
Trd, 000262.233, 147
Trd, 000262.667, 149
Trd, 000263.633, 145
Trd, 000263.867, 141
Trd, 000264.917, 149
Trd, 000265.767, 147
Trd, 000266.050, 148
Trd, 000266.767, 147
Trd, 000266.933, 147
Trd, 000267.667, 147
Trd, 000268.050, 148.0
Trd, 000268.617, 149
Trd, 000269.533, 148
Trd, 000270.100, 147
Trd, 000270.417, 147
Trd, 000270.533, 148
Trd, 000271.100, 150
Trd, 000271.817, 151
Trd, 000271.933, 157
Trd, 000273.033, 146
Trd, 000273.367, 147.0
Trd, 000274.067, 141
Trd, 000274.250, 146
Trd, 000274.400, 141
Trd, 000275.017, 145.0
Trd, 000275.833, 147.0
Trd, 000276.100, 148.0
Trd, 000276.550, 148
Trd, 000276.683, 145
Trd, 000276.700, 144
Trd, 000277.600, 155
Trd, 000277.767, 156
Trd, 000278.133, 155.0
Trd, 000278.417, 154
Trd, 000279.217, 154
Trd, 000280.200, 153
Trd, 000280.650, 160.0
Trd, 000281.233, 154
Trd, 000281.350, 153
Trd, 000282.033, 153
Trd, 000282.133, 154
Trd, 000283.050, 155
Trd, 000283.100, 155
Trd, 000283.867, 162.0
Trd, 000283.917, 168
Trd, 000285.350, 155
Trd, 000285.667, 155
Trd, 000285.917, 156
Trd, 000286.133, 157
Trd, 000286.183, 155
Trd, 000286.217, 153
Trd, 000286.983, 158
Trd, 000287.217, 158
Trd, 000287.850, 149.0
Trd, 000288.400, 157
Trd, 000288.833, 151
Trd, 000289.183, 154
Trd, 000289.233, 151
Trd, 000289.417, 148.0
Trd, 000290.400, 154
Trd, 000290.867, 141
Trd, 000292.000, 148.0
Trd, 000292.117, 143
Trd, 000292.250, 147
Trd, 000293.000, 145
Trd, 000293.050, 143
Trd, 000293.683, 144
Trd, 000293.783, 144
Trd, 000294.150, 148
Trd, 000294.533, 148.0
Trd, 000294.983, 153
Trd, 000295.733, 148
Trd, 000296.333, 148
Trd, 000297.333, 145
Trd, 000297.400, 148
Trd, 000297.667, 151
Trd, 000298.233, 145
Trd, 000298.683, 146
Trd, 000299.633, 148.0
Trd, 000299.850, 150
