Trd, 000001.433, 137.0
Trd, 000001.467, 144.0
Trd, 000001.567, 148.0
Trd, 000004.517, 153
Trd, 000004.633, 141
Trd, 000005.750, 151
Trd, 000006.083, 149
Trd, 000006.350, 148
Trd, 000007.583, 148
Trd, 000008.217, 148
Trd, 000008.767, 148
Trd, 000009.983, 149
Trd, 000010.133, 149
Trd, 000010.833, 149
Trd, 000012.483, 150
Trd, 000012.583, 151
Trd, 000012.933, 152
Trd, 000012.983, 153
Trd, 000014.917, 152
Trd, 000015.217, 152
Trd, 000015.300, 153
Trd, 000015.617, 158.0
Trd, 000016.650, 157
Trd, 000017.167, 159
Trd, 000017.350, 160
Trd, 000017.683, 159
Trd, 000018.083, 159
Trd, 000018.383, 158
Trd, 000019.900, 156
Trd, 000021.833, 154
Trd, 000022.100, 152
Trd, 000022.867, 154
Trd, 000023.267, 155
Trd, 000023.450, 148
Trd, 000024.800, 153
Trd, 000025.233, 153
Trd, 000026.533, 153
Trd, 000026.817, 153
Trd, 000027.000, 154
Trd, 000028.067, 154
Trd, 000028.250, 155
Trd, 000029.033, 156.0
Trd, 000031.600, 154
Trd, 000031.783, 155
Trd, 000032.833, 155.0
Trd, 000033.333, 157.0
Trd, 000033.417, 154
Trd, 000033.433, 158.0
Trd, 000035.200, 157
Trd, 000035.900, 157
Trd, 000036.317, 156
Trd, 000036.933, 153
Trd, 000037.983, 154
Trd, 000038.150, 154
Trd, 000039.533, 152
Trd, 000039.983, 153
Trd, 000040.250, 154
Trd, 000041.217, 156.0
Trd, 000041.433, 156
Trd, 000041.633, 155
Trd, 000042.167, 157.0
Trd, 000044.483, 154
Trd, 000045.100, 156.0
Trd, 000045.450, 155
Trd, 000045.733, 157.0
Trd, 000046.783, 156
Trd, 000047.317, 157
Trd, 000047.900, 155
Trd, 000048.033, 152
Trd, 000048.433, 156.0
Trd, 000049.133, 150
Trd, 000049.983, 158.0
Trd, 000051.900, 154
Trd, 000052.600, 156
Trd, 000053.267, 158
Trd, 000053.583, 157
Trd, 000053.733, 158
Trd, 000054.100, 157
Trd, 000055.667, 156.0
Trd, 000055.683, 157.0
Trd, 000055.750, 155
Trd, 000056.017, 158.0
Trd, 000056.317, 149
Trd, 000056.450, 158
Trd, 000056.717, 150
Trd, 000058.917, 155
Trd, 000059.083, 152
Trd, 000060.033, 148
Trd, 000060.567, 147
Trd, 000061.933, 148
Trd, 000062.767, 145
Trd, 000062.983, 149
Trd, 000063.117, 150
Trd, 000064.333, 149
Trd, 000064.683, 151
Trd, 000064.833, 148
Trd, 000065.717, 150
Trd, 000066.500, 150
Trd, 000068.733, 152
Trd, 000069.767, 155
Trd, 000070.267, 155
Trd, 000070.683, 156
Trd, 000071.083, 157.0
Trd, 000071.133, 155
Trd, 000071.283, 162
Trd, 000071.650, 155
Trd, 000071.900, 154
Trd, 000073.233, 154
Trd, 000073.717, 158.0
Trd, 000075.033, 159
Trd, 000075.683, 160
Trd, 000076.750, 158
Trd, 000077.417, 160
Trd, 000078.067, 154
Trd, 000078.867, 158
Trd, 000079.067, 147
Trd, 000079.133, 156
Trd, 000080.267, 150
Trd, 000080.600, 155
Trd, 000081.783, 151
Trd, 000082.217, 151
Trd, 000082.567, 151
Trd, 000082.600, 150
Trd, 000083.017, 152
Trd, 000083.350, 152
Trd, 000084.067, 156.0
Trd, 000084.367, 158.0
Trd, 000084.700, 157
Trd, 000085.050, 157
Trd, 000086.500, 157.0
Trd, 000087.233, 155
Trd, 000088.067, 156
Trd, 000088.383, 157
Trd, 000088.467, 156
Trd, 000088.483, 155
Trd, 000088.783, 154
Trd, 000089.133, 158.0
Trd, 000089.650, 152
Trd, 000090.317, 147
Trd, 000092.017, 147
Trd, 000092.900, 150
Trd, 000093.833, 151
Trd, 000094.067, 151
Trd, 000094.400, 152
Trd, 000095.133, 149
Trd, 000096.533, 150
Trd, 000096.833, 150
Trd, 000096.867, 152
Trd, 000097.100, 137.0
Trd, 000098.000, 143
Trd, 000099.317, 148
Trd, 000099.783, 147
Trd, 000099.850, 148
Trd, 000100.200, 148.0
Trd, 000101.733, 162
Trd, 000103.400, 156
Trd, 000103.700, 156
Trd, 000104.167, 156.0
Trd, 000105.017, 158.0
Trd, 000105.283, 157
Trd, 000106.117, 156
Trd, 000107.283, 157
Trd, 000107.750, 158
Trd, 000108.267, 162
Trd, 000108.983, 160
Trd, 000110.267, 171
Trd, 000110.583, 161
Trd, 000111.367, 163.0
Trd, 000111.617, 157
Trd, 000113.017, 162
Trd, 000114.500, 163
Trd, 000114.667, 157
Trd, 000114.917, 164
Trd, 000115.083, 147
Trd, 000115.900, 155
Trd, 000116.600, 154.0
Trd, 000116.683, 150
Trd, 000118.067, 154.0
Trd, 000118.767, 152
Trd, 000118.950, 149
Trd, 000119.350, 149
Trd, 000119.733, 151
Trd, 000120.300, 154
Trd, 000121.033, 157.0
Trd, 000122.100, 154.0
Trd, 000122.450, 154.0
Trd, 000122.800, 153
Trd, 000123.117, 151
Trd, 000123.367, 147
Trd, 000123.983, 153
Trd, 000125.450, 151
Trd, 000126.150, 148
Trd, 000126.217, 153
Trd, 000128.450, 157
Trd, 000128.483, 156
Trd, 000128.600, 162
Trd, 000129.400, 157.0
Trd, 000130.700, 156
Trd, 000131.100, 154
Trd, 000131.500, 156.0
Trd, 000132.600, 153
Trd, 000133.017, 152
Trd, 000135.283, 152
Trd, 000135.483, 152
Trd, 000135.900, 151
Trd, 000136.717, 151
Trd, 000137.800, 149
Trd, 000139.050, 150
Trd, 000139.567, 158.0
Trd, 000139.783, 149
Trd, 000141.900, 157
Trd, 000142.033, 157
Trd, 000143.250, 161
Trd, 000145.017, 157
Trd, 000145.300, 158
Trd, 000145.833, 156.0
Trd, 000146.100, 157.0
Trd, 000146.600, 155
Trd, 000148.100, 157
Trd, 000148.317, 157
Trd, 000148.867, 156
Trd, 000149.467, 157
Trd, 000149.833, 158.0
Trd, 000150.000, 159
Trd, 000150.233, 157
Trd, 000150.317, 147
Trd, 000152.767, 153
Trd, 000152.950, 155.0
Trd, 000154.367, 153
Trd, 000154.400, 154
Trd, 000154.733, 154
Trd, 000155.250, 156.0
Trd, 000156.367, 152
Trd, 000156.533, 158.0
Trd, 000157.667, 165.0
Trd, 000157.933, 153
Trd, 000160.317, 157.0
Trd, 000160.400, 156
Trd, 000161.167, 155
Trd, 000162.317, 156
Trd, 000162.733, 156
Trd, 000163.683, 156.0
Trd, 000164.283, 157.0
Trd, 000165.000, 157
Trd, 000165.967, 157
Trd, 000166.183, 156
Trd, 000166.350, 158.0
Trd, 000166.450, 155
Trd, 000169.817, 153
Trd, 000170.133, 148
Trd, 000170.833, 151
Trd, 000171.600, 151
Trd, 000171.767, 149
Trd, 000171.883, 148
Trd, 000172.483, 150
Trd, 000174.167, 157.0
Trd, 000174.367, 154
Trd, 000174.483, 152
Trd, 000174.950, 153
Trd, 000175.150, 156.0
Trd, 000176.383, 155
Trd, 000176.983, 154
Trd, 000177.017, 155.0
Trd, 000179.383, 158.0
Trd, 000179.833, 157
Trd, 000179.933, 156
Trd, 000180.150, 156
Trd, 000180.450, 158
Trd, 000180.883, 165.0
Trd, 000182.517, 159
Trd, 000182.800, 160
Trd, 000183.617, 158
Trd, 000184.333, 159
Trd, 000184.550, 157
Trd, 000185.033, 160
Trd, 000186.100, 161
Trd, 000186.600, 161
Trd, 000188.833, 161
Trd, 000189.083, 160
Trd, 000189.533, 161
Trd, 000190.150, 157
Trd, 000190.633, 158.0
Trd, 000191.133, 158
Trd, 000191.367, 157
Trd, 000192.250, 156
Trd, 000192.767, 158
Trd, 000193.583, 155
Trd, 000193.683, 157
Trd, 000194.150, 154
Trd, 000196.017, 156
Trd, 000196.617, 155
Trd, 000196.750, 154
Trd, 000197.083, 153
Trd, 000199.483, 149
Trd, 000199.650, 148
Trd, 000200.217, 147
Trd, 000200.417, 149
Trd, 000200.567, 152
Trd, 000201.150, 151
Trd, 000202.833, 157.0
Trd, 000203.167, 156
Trd, 000203.900, 157
Trd, 000204.267, 165.0
Trd, 000204.317, 156
Trd, 000205.717, 158.0
Trd, 000206.250, 158
Trd, 000206.500, 158
Trd, 000206.700, 161
Trd, 000208.783, 160
Trd, 000209.217, 158
Trd, 000209.900, 158
Trd, 000210.133, 160
Trd, 000210.500, 157
Trd, 000211.550, 157
Trd, 000211.767, 162
Trd, 000211.833, 156
Trd, 000212.417, 147
Trd, 000212.900, 150
Trd, 000214.600, 148.0
Trd, 000214.783, 148
Trd, 000215.350, 148
Trd, 000215.433, 149
Trd, 000215.950, 150
Trd, 000216.067, 158.0
Trd, 000217.167, 147
Trd, 000218.867, 155
Trd, 000219.367, 151
Trd, 000220.150, 154
Trd, 000220.217, 158.0
Trd, 000220.483, 161
Trd, 000221.650, 154
Trd, 000223.100, 154
Trd, 000223.417, 156
Trd, 000224.550, 155
Trd, 000224.633, 163
Trd, 000225.683, 158
Trd, 000226.683, 155
Trd, 000226.817, 149
Trd, 000227.550, 155
Trd, 000227.567, 154
Trd, 000228.133, 153
Trd, 000230.550, 155
Trd, 000231.250, 157.0
Trd, 000232.383, 156.0
Trd, 000232.783, 157
Trd, 000233.050, 158
Trd, 000233.283, 157
Trd, 000233.500, 162
Trd, 000235.133, 158.0
Trd, 000235.850, 157
Trd, 000236.067, 157
Trd, 000236.650, 146
Trd, 000237.300, 147
Trd, 000237.933, 149
Trd, 000238.350, 148
Trd, 000238.450, 147
Trd, 000238.633, 148
Trd, 000238.950, 147
Trd, 000239.050, 148
Trd, 000239.717, 147
Trd, 000240.250, 165.0
Trd, 000241.800, 151
Trd, 000242.033, 148
Trd, 000242.083, 149
Trd, 000242.367, 151
Trd, 000243.283, 150
Trd, 000243.417, 148
Trd, 000244.067, 151
Trd, 000244.483, 150
Trd, 000244.550, 149
Trd, 000245.100, 147
Trd, 000245.383, 147
Trd, 000245.833, 146
Trd, 000246.200, 149
Trd, 000246.483, 143
Trd, 000246.883, 142
Trd, 000247.117, 141
Trd, 000247.450, 148.0
Trd, 000247.567, 158.0
Trd, 000249.067, 151
Trd, 000250.217, 142
Trd, 000250.750, 143
Trd, 000251.450, 141
Trd, 000251.467, 141
Trd, 000251.567, 141.0
Trd, 000251.950, 140.0
Trd, 000252.150, 141.0
Trd, 000252.583, 144.0
Trd, 000253.150, 148
Trd, 000253.550, 152.0
Trd, 000254.033, 152.0
Trd, 000254.683, 152
Trd, 000255.617, 157.0
Trd, 000255.900, 155.0
Trd, 000256.000, 151
Trd, 000256.467, 157.0
Trd, 000257.100, 154.0
Trd, 000257.800, 154
Trd, 000258.033, 156.0
Trd, 000258.683, 157
Trd, 000258.733, 158.0
Trd, 000258.783, 158
Trd, 000260.167, 157
Trd, 000260.550, 158.0
Trd, 000260.750, 156
Trd, 000260.967, 158.0
Trd, 000261.250, 156
Trd, 000261.450, 147
Trd, 000261.783, 154.0
Trd, 000261.817, 141
Trd, 000263.683, 151
Trd, 000263.783, 151
Trd, 000264.567, 146
Trd, 000264.600, 150
Trd, 000265.650, 146
Trd, 000265.800, 147
Trd, 000266.233, 151.0
Trd, 000267.000, 146.0
Trd, 000267.633, 151
Trd, 000267.717, 145
Trd, 000268.933, 155.0
Trd, 000269.233, 155
Trd, 000269.333, 153
Trd, 000270.717, 152.0
Trd, 000270.767, 150
Trd, 000271.167, 151.0
Trd, 000271.550, 148
Trd, 000271.717, 147
Trd, 000272.750, 149
Trd, 000273.050, 145.0
Trd, 000273.750, 144.0
Trd, 000273.783, 148
Trd, 000274.383, 147
Trd, 000274.467, 145.0
Trd, 000274.483, 144.0
Trd, 000274.833, 143
Trd, 000275.483, 144.0
Trd, 000276.350, 143
Trd, 000276.467, 144
Trd, 000277.250, 149
Trd, 000277.950, 149.0
Trd, 000278.017, 148
Trd, 000278.333, 147
Trd, 000278.883, 158.0
Trd, 000279.167, 152
Trd, 000279.933, 163
Trd, 000281.850, 152
Trd, 000282.100, 152
Trd, 000282.150, 151
Trd, 000282.317, 149
Trd, 000282.700, 154.0
Trd, 000282.917, 150
Trd, 000283.400, 146.0
Trd, 000283.600, 148.0
Trd, 000283.650, 164.0
Trd, 000284.117, 150
Trd, 000284.283, 147
Trd, 000284.450, 149
Trd, 000286.200, 150
Trd, 000286.400, 148
Trd, 000286.450, 147
Trd, 000287.200, 151
Trd, 000287.783, 156
Trd, 000287.950, 149
Trd, 000288.817, 147
Trd, 000288.867, 146
Trd, 000289.550, 156.0
Trd, 000290.517, 157.0
Trd, 000291.350, 156
Trd, 000291.900, 157.0
Trd, 000291.917, 154
Trd, 000291.967, 151
Trd, 000292.133, 158.0
Trd, 000292.533, 144
Trd, 000292.933, 159
Trd, 000294.400, 152
Trd, 000294.483, 160
Trd, 000295.133, 159
Trd, 000295.683, 152
Trd, 000296.017, 155
Trd, 000296.133, 147
Trd, 000296.367, 149
Trd, 000296.683, 149
Trd, 000297.117, 147
Trd, 000297.133, 156
Trd, 000297.833, 147.0
Trd, 000298.233, 150
Trd, 000298.283, 149
Trd, 000298.683, 149
Trd, 000298.833, 148
Trd, 000299.000, 144.0
Trd, 000299.117, 148
Trd, 000299.283, 148
Trd, 000299.600, 144.0
