Trd, 000000.667, 165
Trd, 000001.167, 196.0
Trd, 000002.267, 175.0
Trd, 000003.233, 160
Trd, 000004.767, 162.0
Trd, 000007.567, 146
Trd, 000007.717, 157
Trd, 000008.117, 158
Trd, 000009.083, 157
Trd, 000010.050, 155
Trd, 000010.733, 157
Trd, 000011.133, 158
Trd, 000011.317, 158
Trd, 000011.533, 157
Trd, 000012.083, 165.0
Trd, 000014.283, 156
Trd, 000014.633, 158
Trd, 000014.933, 157
Trd, 000016.150, 158
Trd, 000017.417, 155
Trd, 000018.350, 153
Trd, 000019.550, 152
Trd, 000019.567, 152
Trd, 000019.800, 151
Trd, 000020.117, 153
Trd, 000021.217, 158
Trd, 000021.983, 152
Trd, 000022.750, 158
Trd, 000024.367, 152
Trd, 000024.450, 150
Trd, 000025.267, 150
Trd, 000026.017, 148
Trd, 000027.317, 149
Trd, 000028.000, 151
Trd, 000028.067, 152
Trd, 000029.933, 152
Trd, 000030.667, 149
Trd, 000031.467, 152
Trd, 000032.933, 153
Trd, 000033.217, 154
Trd, 000033.917, 153
Trd, 000034.000, 151
Trd, 000034.367, 151
Trd, 000036.633, 152
Trd, 000038.050, 151
Trd, 000038.167, 152
Trd, 000038.633, 151
Trd, 000039.317, 151
Trd, 000039.700, 152
Trd, 000041.033, 149
Trd, 000042.117, 148
Trd, 000042.467, 155
Trd, 000042.783, 148
Trd, 000043.167, 157
Trd, 000044.067, 148
Trd, 000046.050, 151
Trd, 000046.067, 152
Trd, 000047.350, 152
Trd, 000047.600, 150
Trd, 000048.650, 150
Trd, 000048.817, 151
Trd, 000049.050, 150
Trd, 000049.433, 149
Trd, 000049.883, 158
Trd, 000050.650, 149
Trd, 000051.933, 155
Trd, 000052.233, 153
Trd, 000052.500, 155
Trd, 000052.700, 165.0
Trd, 000054.300, 159
Trd, 000054.567, 159
Trd, 000054.867, 155
Trd, 000055.383, 157
Trd, 000056.017, 157
Trd, 000057.050, 157
Trd, 000057.500, 157
Trd, 000057.833, 155
Trd, 000057.967, 154
Trd, 000058.033, 153
Trd, 000059.650, 152
Trd, 000060.517, 153
Trd, 000060.733, 156
Trd, 000061.417, 152
Trd, 000063.183, 153
Trd, 000063.400, 156
Trd, 000064.467, 153
Trd, 000065.600, 155
Trd, 000067.100, 156
Trd, 000067.200, 156
Trd, 000067.733, 158
Trd, 000068.400, 157
Trd, 000068.750, 154
Trd, 000069.917, 155
Trd, 000070.817, 156
Trd, 000071.700, 154
Trd, 000072.683, 155
Trd, 000072.950, 154
Trd, 000073.283, 152
Trd, 000074.617, 144.0
Trd, 000075.200, 149
Trd, 000075.450, 153
Trd, 000076.067, 153
Trd, 000076.817, 150
Trd, 000078.300, 151
Trd, 000079.467, 150
Trd, 000079.617, 155
Trd, 000079.883, 149
Trd, 000080.250, 148
Trd, 000080.667, 147
Trd, 000080.917, 146
Trd, 000081.600, 146
Trd, 000081.667, 152
Trd, 000081.883, 141.0
Trd, 000084.250, 152
Trd, 000085.333, 151
Trd, 000085.783, 149
Trd, 000085.933, 150
Trd, 000086.233, 148
Trd, 000086.867, 148
Trd, 000087.333, 147
Trd, 000088.383, 147
Trd, 000089.917, 146
Trd, 000090.167, 147
Trd, 000090.783, 148
Trd, 000091.117, 155
Trd, 000091.833, 151
Trd, 000093.300, 151
Trd, 000094.983, 151
Trd, 000095.500, 149
Trd, 000096.167, 149
Trd, 000096.650, 150
Trd, 000096.850, 149
Trd, 000098.083, 151
Trd, 000098.500, 149
Trd, 000098.883, 150
Trd, 000100.000, 153
Trd, 000100.067, 154
Trd, 000100.500, 150
Trd, 000101.083, 155
Trd, 000101.567, 155
Trd, 000102.067, 153
Trd, 000103.167, 155
Trd, 000103.250, 154
Trd, 000103.400, 154
Trd, 000104.133, 158
Trd, 000105.367, 164.0
Trd, 000106.900, 159
Trd, 000107.433, 158
Trd, 000107.517, 159
Trd, 000108.000, 158
Trd, 000108.567, 156
Trd, 000110.650, 159
Trd, 000110.900, 160
Trd, 000111.767, 158
Trd, 000112.017, 160
Trd, 000112.100, 157
Trd, 000112.433, 155
Trd, 000113.533, 157
Trd, 000114.567, 156
Trd, 000114.783, 157
Trd, 000115.300, 157
Trd, 000115.467, 156
Trd, 000115.617, 168.0
Trd, 000116.300, 156
Trd, 000116.917, 158
Trd, 000117.200, 157
Trd, 000117.733, 160
Trd, 000118.717, 155
Trd, 000119.750, 155
Trd, 000120.300, 144.0
Trd, 000121.717, 152
Trd, 000121.750, 151
Trd, 000122.150, 153
Trd, 000122.450, 152
Trd, 000122.683, 154
Trd, 000123.550, 153
Trd, 000125.267, 152
Trd, 000126.350, 153
Trd, 000127.117, 150
Trd, 000127.133, 148
Trd, 000127.383, 137.0
Trd, 000129.083, 146
Trd, 000129.333, 147
Trd, 000129.433, 144
Trd, 000130.800, 148
Trd, 000131.600, 147
Trd, 000131.717, 154
Trd, 000132.667, 146
Trd, 000133.733, 147
Trd, 000134.550, 145
Trd, 000134.600, 158
Trd, 000134.733, 145
Trd, 000134.950, 149
Trd, 000135.033, 144
Trd, 000136.550, 151
Trd, 000136.700, 148
Trd, 000138.300, 149
Trd, 000138.617, 150
Trd, 000138.967, 150
Trd, 000140.583, 151
Trd, 000140.867, 149
Trd, 000141.367, 149
Trd, 000141.483, 155
Trd, 000142.500, 158
Trd, 000142.533, 154
Trd, 000142.633, 150
Trd, 000143.283, 150
Trd, 000144.167, 154
Trd, 000144.283, 154
Trd, 000146.533, 150
Trd, 000147.350, 149
Trd, 000147.667, 147
Trd, 000150.417, 152
Trd, 000150.783, 154
Trd, 000151.133, 153
Trd, 000151.350, 154
Trd, 000151.733, 152
Trd, 000151.967, 155
Trd, 000152.217, 151
Trd, 000152.267, 151
Trd, 000153.167, 150
Trd, 000154.500, 155
Trd, 000155.867, 156
Trd, 000155.900, 155
Trd, 000156.017, 156
Trd, 000156.033, 153
Trd, 000157.483, 152
Trd, 000158.250, 152
Trd, 000159.967, 156
Trd, 000160.033, 157
Trd, 000160.317, 156
Trd, 000160.800, 156
Trd, 000161.117, 156
Trd, 000161.317, 155
Trd, 000161.667, 154
Trd, 000162.467, 156
Trd, 000164.117, 154
Trd, 000164.300, 153
Trd, 000165.683, 155
Trd, 000165.800, 156
Trd, 000166.717, 155
Trd, 000167.050, 152
Trd, 000167.933, 152
Trd, 000168.383, 152
Trd, 000168.900, 154
Trd, 000169.950, 154
Trd, 000171.550, 154
Trd, 000172.167, 152
Trd, 000172.467, 154
Trd, 000172.533, 154
Trd, 000173.950, 154
Trd, 000174.867, 154
Trd, 000175.350, 155
Trd, 000175.867, 155
Trd, 000176.350, 154
Trd, 000176.383, 152
Trd, 000177.217, 155
Trd, 000177.733, 156
Trd, 000178.117, 152
Trd, 000179.667, 152
Trd, 000179.950, 155
Trd, 000182.667, 154
Trd, 000183.100, 154
Trd, 000183.233, 153
Trd, 000183.817, 153
Trd, 000184.183, 155
Trd, 000184.483, 155
Trd, 000185.200, 153
Trd, 000185.600, 155
Trd, 000186.550, 155
Trd, 000188.233, 156
Trd, 000188.633, 158
Trd, 000189.933, 157
Trd, 000190.033, 156
Trd, 000191.217, 157
Trd, 000191.833, 157
Trd, 000192.067, 158
Trd, 000192.233, 155
Trd, 000192.667, 156
Trd, 000193.550, 156
Trd, 000193.783, 153
Trd, 000194.083, 144
Trd, 000195.383, 153
Trd, 000195.400, 146.0
Trd, 000197.783, 150
Trd, 000198.133, 148
Trd, 000198.717, 142.0
Trd, 000200.133, 146
Trd, 000200.550, 147
Trd, 000201.183, 147
Trd, 000201.867, 145
Trd, 000202.283, 148
Trd, 000204.167, 150
Trd, 000204.550, 155
Trd, 000205.317, 152
Trd, 000205.667, 158
Trd, 000205.817, 152
Trd, 000207.250, 158
Trd, 000207.767, 157
Trd, 000207.817, 156
Trd, 000208.233, 156
Trd, 000208.333, 157
Trd, 000208.717, 155
Trd, 000209.233, 158
Trd, 000210.233, 154
Trd, 000211.367, 155
Trd, 000212.183, 155
Trd, 000213.350, 155
Trd, 000214.683, 155
Trd, 000214.950, 156
Trd, 000215.250, 154
Trd, 000215.667, 156
Trd, 000216.033, 158
Trd, 000216.733, 155
Trd, 000217.667, 156
Trd, 000218.383, 157
Trd, 000218.600, 153
Trd, 000219.017, 152
Trd, 000219.467, 144.0
Trd, 000220.583, 140.0
Trd, 000222.167, 149
Trd, 000223.233, 150
Trd, 000223.283, 149
Trd, 000223.400, 155
Trd, 000223.533, 165.0
Trd, 000224.517, 148
Trd, 000226.133, 146
Trd, 000226.383, 145
Trd, 000228.017, 144
Trd, 000229.033, 142
Trd, 000230.567, 142.0
Trd, 000230.683, 143
Trd, 000231.117, 143
Trd, 000231.150, 141
Trd, 000231.833, 142
Trd, 000233.783, 143
Trd, 000234.050, 143
Trd, 000234.167, 144.0
Trd, 000234.917, 143
Trd, 000235.200, 149
Trd, 000237.300, 153
Trd, 000237.433, 147
Trd, 000239.017, 149
Trd, 000240.233, 149
Trd, 000240.483, 148
Trd, 000240.617, 148
Trd, 000241.000, 149
Trd, 000241.150, 149
Trd, 000241.667, 147
Trd, 000241.883, 148
Trd, 000241.967, 155
Trd, 000242.367, 153
Trd, 000242.883, 154
Trd, 000243.250, 158
Trd, 000243.850, 151
Trd, 000244.383, 144.0
Trd, 000245.033, 144
Trd, 000245.217, 144.0
Trd, 000245.633, 141.0
Trd, 000245.683, 142
Trd, 000245.933, 144
Trd, 000246.800, 142
Trd, 000247.167, 142
Trd, 000247.317, 141.0
Trd, 000247.733, 144
Trd, 000248.500, 144.0
Trd, 000248.717, 148.0
Trd, 000248.867, 155
Trd, 000249.333, 146.0
Trd, 000249.933, 142
Trd, 000249.967, 143
Trd, 000250.383, 140
Trd, 000250.733, 142
Trd, 000251.167, 142
Trd, 000252.283, 148
Trd, 000252.767, 154
Trd, 000253.017, 151
Trd, 000253.883, 151
Trd, 000254.250, 152
Trd, 000254.367, 155
Trd, 000254.417, 150
Trd, 000256.133, 151
Trd, 000256.417, 151
Trd, 000256.767, 154
Trd, 000256.783, 150
Trd, 000257.417, 151
Trd, 000257.533, 158
Trd, 000258.617, 161
Trd, 000258.700, 162.0
Trd, 000258.750, 164.0
Trd, 000258.850, 170
Trd, 000259.217, 160
Trd, 000259.867, 151
Trd, 000260.083, 141.0
Trd, 000260.133, 155
Trd, 000260.767, 144
Trd, 000261.050, 150
Trd, 000261.700, 151
Trd, 000262.333, 150
Trd, 000262.417, 150
Trd, 000263.100, 138
Trd, 000263.483, 140
Trd, 000263.650, 144
Trd, 000263.683, 137.0
Trd, 000263.867, 136
Trd, 000263.883, 148.0
Trd, 000265.250, 152
Trd, 000265.283, 153
Trd, 000266.333, 151.0
Trd, 000267.250, 151
Trd, 000267.517, 152
Trd, 000267.933, 152
Trd, 000268.933, 153
Trd, 000269.100, 152
Trd, 000269.333, 155
Trd, 000269.400, 154
Trd, 000270.200, 158
Trd, 000270.267, 160.0
Trd, 000270.417, 165.0
Trd, 000271.000, 157.0
Trd, 000271.867, 157
Trd, 000272.100, 152
Trd, 000272.467, 151.0
Trd, 000272.983, 153
Trd, 000273.083, 151
Trd, 000273.900, 141.0
Trd, 000274.400, 147
Trd, 000275.333, 146
Trd, 000275.533, 146
Trd, 000275.617, 150
Trd, 000275.767, 155
Trd, 000275.817, 145
Trd, 000276.333, 156
Trd, 000276.383, 151
Trd, 000277.717, 156
Trd, 000277.833, 158
Trd, 000278.317, 152
Trd, 000278.867, 153
Trd, 000279.033, 154
Trd, 000279.667, 155
Trd, 000280.250, 151.0
Trd, 000280.983, 151
Trd, 000281.100, 155
Trd, 000281.133, 150
Trd, 000281.467, 150
Trd, 000281.817, 149
Trd, 000281.917, 148
Trd, 000281.950, 141.0
Trd, 000282.750, 156.0
Trd, 000283.433, 148
Trd, 000284.017, 149
Trd, 000284.267, 149
Trd, 000284.750, 150
Trd, 000284.767, 154
Trd, 000286.550, 155
Trd, 000286.683, 152
Trd, 000286.750, 151.0
Trd, 000287.117, 155
Trd, 000287.367, 151
Trd, 000287.433, 148
Trd, 000287.667, 156
Trd, 000287.767, 156
Trd, 000287.967, 149
Trd, 000289.367, 153
Trd, 000289.383, 155
Trd, 000289.817, 151
Trd, 000289.867, 150
Trd, 000290.667, 151
Trd, 000291.233, 157
Trd, 000291.667, 151
Trd, 000291.683, 151.0
Trd, 000292.350, 155
Trd, 000293.467, 152
Trd, 000293.800, 151.0
Trd, 000293.867, 150
Trd, 000294.317, 149
Trd, 000294.467, 148.0
Trd, 000294.700, 133
Trd, 000295.517, 144.0
Trd, 000295.850, 141
Trd, 000295.967, 143
Trd, 000296.467, 144
Trd, 000297.150, 144
Trd, 000297.283, 145
Trd, 000297.367, 155
Trd, 000298.000, 143.0
Trd, 000298.617, 151.0
Trd, 000299.350, 155
Trd, 000299.417, 154
Trd, 000299.517, 157
Trd, 000299.683, 152
