Trd, 000003.117, 144
Trd, 000003.533, 142
Trd, 000004.450, 143
Trd, 000004.667, 142
Trd, 000004.850, 166.0
Trd, 000005.167, 164
Trd, 000005.367, 140
Trd, 000007.067, 153
Trd, 000007.317, 153
Trd, 000007.833, 144.0
Trd, 000008.400, 168
Trd, 000008.600, 145
Trd, 000008.767, 144
Trd, 000010.450, 149
Trd, 000011.250, 151
Trd, 000012.600, 153
Trd, 000012.650, 169
Trd, 000013.067, 151
Trd, 000013.217, 150
Trd, 000013.533, 141
Trd, 000015.300, 143
Trd, 000015.600, 148
Trd, 000016.350, 147
Trd, 000016.617, 142
Trd, 000016.900, 156
Trd, 000017.700, 141.0
Trd, 000019.717, 142
Trd, 000020.233, 142
Trd, 000020.250, 139
Trd, 000020.367, 143
Trd, 000020.567, 151
Trd, 000021.117, 137
Trd, 000022.283, 137.0
Trd, 000022.433, 138.0
Trd, 000023.717, 139
Trd, 000024.217, 138.0
Trd, 000025.400, 140
Trd, 000025.717, 141.0
Trd, 000026.783, 150
Trd, 000026.983, 151
Trd, 000028.117, 140
Trd, 000028.833, 143
Trd, 000029.333, 150
Trd, 000030.250, 146
Trd, 000030.617, 151
Trd, 000031.033, 150
Trd, 000032.500, 152
Trd, 000032.867, 149
Trd, 000033.050, 148
Trd, 000033.467, 162
Trd, 000033.800, 150
Trd, 000035.017, 150
Trd, 000035.733, 149
Trd, 000035.800, 150
Trd, 000036.100, 162
Trd, 000036.683, 149
Trd, 000038.000, 152
Trd, 000038.567, 153
Trd, 000038.583, 154
Trd, 000038.650, 164
Trd, 000040.483, 158
Trd, 000040.867, 172.0
Trd, 000042.117, 159
Trd, 000042.283, 171.0
Trd, 000043.117, 159
Trd, 000043.783, 158
Trd, 000044.967, 158
Trd, 000045.050, 159
Trd, 000045.683, 160
Trd, 000046.100, 157
Trd, 000047.700, 145.0
Trd, 000048.850, 161
Trd, 000048.883, 162
Trd, 000049.200, 170
Trd, 000049.417, 172.0
Trd, 000049.867, 145.0
Trd, 000051.000, 154
Trd, 000051.767, 161
Trd, 000051.800, 152
Trd, 000051.900, 166
Trd, 000052.167, 150
Trd, 000052.400, 144.0
Trd, 000053.533, 148
Trd, 000053.733, 160
Trd, 000054.733, 157
Trd, 000054.817, 155
Trd, 000055.217, 158
Trd, 000057.233, 151
Trd, 000058.983, 151
Trd, 000059.000, 152
Trd, 000059.333, 156
Trd, 000059.433, 153
Trd, 000059.667, 144.0
Trd, 000061.817, 154
Trd, 000061.833, 153
Trd, 000062.383, 156
Trd, 000062.833, 154
Trd, 000063.050, 164
Trd, 000063.067, 136
Trd, 000064.217, 144
Trd, 000064.333, 144
Trd, 000064.450, 143
Trd, 000065.517, 144
Trd, 000066.033, 163
Trd, 000066.767, 172.0
Trd, 000067.317, 146
Trd, 000068.483, 154
Trd, 000069.000, 144.0
Trd, 000069.283, 153
Trd, 000069.783, 151
Trd, 000070.117, 148
Trd, 000070.400, 153
Trd, 000071.117, 170
Trd, 000071.267, 156
Trd, 000071.867, 149
Trd, 000072.600, 170.0
Trd, 000073.950, 156
Trd, 000074.017, 156
Trd, 000074.200, 157
Trd, 000074.383, 161
Trd, 000074.517, 156
Trd, 000075.300, 156
Trd, 000075.633, 144
Trd, 000076.067, 145
Trd, 000077.367, 145
Trd, 000077.517, 152
Trd, 000077.800, 140
Trd, 000079.450, 149
Trd, 000079.700, 148
Trd, 000079.983, 140
Trd, 000080.967, 144
Trd, 000081.283, 148
Trd, 000081.617, 143
Trd, 000081.833, 136
Trd, 000082.517, 146
Trd, 000082.750, 146
Trd, 000084.383, 158
Trd, 000084.400, 163
Trd, 000085.550, 157
Trd, 000086.550, 156
Trd, 000086.783, 156
Trd, 000087.183, 161
Trd, 000088.650, 155
Trd, 000090.150, 145
Trd, 000090.233, 159
Trd, 000090.350, 154
Trd, 000090.683, 144
Trd, 000091.217, 146
Trd, 000091.417, 145.0
Trd, 000093.050, 146
Trd, 000093.367, 146.0
Trd, 000093.400, 147
Trd, 000093.500, 152
Trd, 000094.233, 148
Trd, 000094.817, 153
Trd, 000094.883, 147
Trd, 000095.867, 146
Trd, 000096.383, 136
Trd, 000097.367, 160
Trd, 000098.100, 149
Trd, 000098.117, 147
Trd, 000099.250, 147
Trd, 000100.017, 146
Trd, 000100.283, 146
Trd, 000100.733, 144.0
Trd, 000101.467, 140.0
Trd, 000101.517, 138
Trd, 000103.133, 139
Trd, 000103.600, 138
Trd, 000104.850, 136
Trd, 000104.867, 137.0
Trd, 000104.900, 141.0
Trd, 000105.150, 143
Trd, 000105.267, 151
Trd, 000105.433, 162
Trd, 000105.533, 172.0
Trd, 000107.517, 175.0
Trd, 000107.950, 173
Trd, 000108.350, 166
Trd, 000109.400, 157
Trd, 000109.483, 156
Trd, 000110.417, 154
Trd, 000110.700, 145
Trd, 000110.850, 144.0
Trd, 000111.633, 151
Trd, 000112.900, 153
Trd, 000114.367, 151
Trd, 000114.617, 151
Trd, 000114.650, 155
Trd, 000114.700, 150
Trd, 000115.267, 141.0
Trd, 000115.717, 156
Trd, 000116.700, 164
Trd, 000116.750, 172.0
Trd, 000116.850, 138.0
Trd, 000117.100, 175.0
Trd, 000118.383, 154
Trd, 000120.067, 148
Trd, 000120.467, 144.0
Trd, 000120.667, 152
Trd, 000121.150, 150
Trd, 000121.750, 136
Trd, 000121.817, 149
Trd, 000122.083, 142
Trd, 000123.267, 137.0
Trd, 000123.300, 146
Trd, 000123.400, 147
Trd, 000124.017, 139
Trd, 000124.100, 147
Trd, 000125.767, 151
Trd, 000126.817, 152
Trd, 000127.167, 153
Trd, 000127.200, 157
Trd, 000127.833, 150
Trd, 000128.667, 149
Trd, 000129.583, 149
Trd, 000131.333, 150
Trd, 000131.700, 149
Trd, 000131.867, 150
Trd, 000132.100, 150
Trd, 000132.567, 150
Trd, 000132.950, 149
Trd, 000133.417, 151
Trd, 000133.817, 148
Trd, 000134.467, 147
Trd, 000135.050, 144.0
Trd, 000135.733, 152
Trd, 000136.717, 156
Trd, 000136.767, 136
Trd, 000137.883, 143
Trd, 000138.417, 143
Trd, 000138.967, 141
Trd, 000139.483, 145
Trd, 000140.200, 141
Trd, 000140.933, 144
Trd, 000141.033, 151
Trd, 000141.067, 155
Trd, 000142.300, 144
Trd, 000143.083, 149
Trd, 000143.283, 151
Trd, 000143.567, 152
Trd, 000144.783, 148
Trd, 000144.950, 147
Trd, 000145.667, 161
Trd, 000145.683, 144.0
Trd, 000146.300, 140
Trd, 000146.667, 135.0
Trd, 000147.933, 136
Trd, 000148.450, 141.0
Trd, 000149.450, 151
Trd, 000149.667, 152
Trd, 000150.267, 144
Trd, 000150.783, 152
Trd, 000152.583, 147
Trd, 000152.850, 148
Trd, 000153.100, 149
Trd, 000153.250, 150
Trd, 000153.617, 145
Trd, 000154.450, 149
Trd, 000155.350, 148.0
Trd, 000155.733, 150
Trd, 000156.400, 150
Trd, 000156.900, 144.0
Trd, 000157.300, 148
Trd, 000157.917, 163
Trd, 000158.200, 155
Trd, 000159.183, 152
Trd, 000160.683, 145.0
Trd, 000160.850, 146
Trd, 000161.100, 155
Trd, 000161.817, 175.0
Trd, 000162.533, 158
Trd, 000162.850, 154
Trd, 000163.250, 154
Trd, 000163.800, 153
Trd, 000163.950, 152
Trd, 000165.300, 143
Trd, 000166.517, 149
Trd, 000167.283, 140.0
Trd, 000167.333, 140.0
Trd, 000168.117, 140
Trd, 000168.833, 138
Trd, 000170.283, 140.0
Trd, 000170.533, 141.0
Trd, 000170.750, 138
Trd, 000171.033, 138
Trd, 000171.500, 138
Trd, 000171.533, 137
Trd, 000172.667, 150
Trd, 000173.000, 150
Trd, 000173.217, 141
Trd, 000173.767, 136
Trd, 000174.800, 141.0
Trd, 000175.067, 148
Trd, 000176.183, 142
Trd, 000177.367, 143
Trd, 000178.050, 146
Trd, 000178.717, 145
Trd, 000179.283, 144.0
Trd, 000179.583, 143
Trd, 000180.917, 140
Trd, 000181.533, 141
Trd, 000181.767, 143
Trd, 000182.167, 148
Trd, 000182.533, 151
Trd, 000184.283, 140.0
Trd, 000184.300, 141.0
Trd, 000185.050, 139
Trd, 000186.050, 141
Trd, 000188.000, 146
Trd, 000188.300, 141
Trd, 000188.667, 149
Trd, 000189.850, 150
Trd, 000190.217, 151
Trd, 000190.483, 145
Trd, 000190.650, 150
Trd, 000191.400, 148
Trd, 000192.167, 152
Trd, 000192.500, 152
Trd, 000192.933, 149
Trd, 000193.400, 160
Trd, 000194.017, 154
Trd, 000194.333, 144.0
Trd, 000194.833, 153
Trd, 000196.333, 159
Trd, 000196.617, 167
Trd, 000196.967, 167
Trd, 000198.000, 171.0
Trd, 000198.100, 167
Trd, 000198.433, 178
Trd, 000198.517, 157
Trd, 000198.600, 151
Trd, 000199.350, 163
Trd, 000199.383, 144.0
Trd, 000200.933, 156
Trd, 000201.117, 163
Trd, 000201.700, 162
Trd, 000201.883, 156
Trd, 000202.783, 159
Trd, 000203.350, 141.0
Trd, 000203.867, 140
Trd, 000204.483, 142
Trd, 000204.650, 153
Trd, 000205.233, 143
Trd, 000206.267, 149
Trd, 000206.400, 149
Trd, 000206.700, 150
Trd, 000208.183, 150
Trd, 000208.283, 147
Trd, 000208.583, 149
Trd, 000209.733, 150
Trd, 000210.267, 151
Trd, 000210.400, 149
Trd, 000210.550, 162
Trd, 000210.683, 172.0
Trd, 000212.100, 150
Trd, 000212.733, 165
Trd, 000212.800, 167
Trd, 000213.067, 156
Trd, 000213.883, 150
Trd, 000214.617, 141
Trd, 000215.433, 144
Trd, 000215.533, 136
Trd, 000215.717, 148
Trd, 000216.367, 147
Trd, 000217.183, 146.0
Trd, 000219.100, 155
Trd, 000219.333, 154
Trd, 000220.333, 145
Trd, 000220.367, 148
Trd, 000220.633, 147
Trd, 000220.667, 149
Trd, 000221.833, 145
Trd, 000222.600, 163
Trd, 000222.617, 144.0
Trd, 000223.733, 161
Trd, 000224.900, 155
Trd, 000225.500, 153
Trd, 000225.900, 152
Trd, 000226.033, 144.0
Trd, 000226.533, 140
Trd, 000226.700, 152
Trd, 000227.300, 153
Trd, 000228.350, 151
Trd, 000228.550, 161
Trd, 000228.867, 154
Trd, 000229.783, 155
Trd, 000231.383, 152
Trd, 000231.567, 151
Trd, 000231.700, 151
Trd, 000232.633, 151
Trd, 000232.850, 152
Trd, 000233.900, 153
Trd, 000233.950, 150
Trd, 000233.967, 162
Trd, 000235.450, 152
Trd, 000235.933, 152
Trd, 000236.233, 151
Trd, 000237.167, 151
Trd, 000237.467, 153
Trd, 000238.433, 150
Trd, 000238.783, 144.0
Trd, 000238.850, 136
Trd, 000239.267, 153
Trd, 000240.000, 154
Trd, 000240.383, 151
Trd, 000240.700, 152
Trd, 000240.817, 153
Trd, 000240.867, 149
Trd, 000241.567, 149
Trd, 000242.000, 153.0
Trd, 000242.400, 151.0
Trd, 000243.483, 151.0
Trd, 000243.500, 154.0
Trd, 000244.083, 150.0
Trd, 000244.567, 151
Trd, 000244.833, 151
Trd, 000244.967, 152
Trd, 000245.200, 150
Trd, 000245.233, 153
Trd, 000245.633, 148
Trd, 000246.433, 172.0
Trd, 000246.867, 168
Trd, 000247.450, 155
Trd, 000247.650, 149
Trd, 000248.150, 151.0
Trd, 000249.483, 156
Trd, 000249.867, 156
Trd, 000250.033, 153.0
Trd, 000250.483, 158.0
Trd, 000251.267, 158
Trd, 000251.600, 162
Trd, 000251.883, 156
Trd, 000252.133, 159
Trd, 000252.850, 162.0
Trd, 000252.933, 163
Trd, 000253.133, 160
Trd, 000253.717, 156
Trd, 000253.900, 156
Trd, 000254.267, 159
Trd, 000255.300, 149.0
Trd, 000256.083, 149.0
Trd, 000256.283, 149
Trd, 000256.883, 148.0
Trd, 000257.683, 152
Trd, 000258.067, 152
Trd, 000258.150, 151
Trd, 000258.250, 158.0
Trd, 000258.517, 149
Trd, 000259.050, 152
Trd, 000259.517, 155
Trd, 000259.667, 149
Trd, 000259.683, 148.0
Trd, 000259.717, 144.0
Trd, 000260.783, 149
Trd, 000260.850, 163
Trd, 000262.850, 153
Trd, 000262.883, 154
Trd, 000263.083, 154
Trd, 000264.000, 156
Trd, 000264.133, 154
Trd, 000264.517, 153.0
Trd, 000265.133, 157.0
Trd, 000265.283, 158.0
Trd, 000265.567, 149.0
Trd, 000265.650, 172.0
Trd, 000266.000, 148.0
Trd, 000266.700, 148
Trd, 000266.750, 144.0
Trd, 000267.717, 156
Trd, 000267.783, 164
Trd, 000268.650, 154
Trd, 000269.617, 156
Trd, 000269.750, 144
Trd, 000270.033, 157
Trd, 000270.633, 152
Trd, 000270.983, 152.0
Trd, 000271.433, 149
Trd, 000271.967, 149
Trd, 000272.067, 150
Trd, 000272.717, 148.0
Trd, 000272.933, 149
Trd, 000272.983, 150
Trd, 000273.050, 151
Trd, 000273.117, 151
Trd, 000273.767, 148
Trd, 000274.467, 159.0
Trd, 000274.517, 148
Trd, 000275.400, 152.0
Trd, 000277.083, 152
Trd, 000277.517, 151
Trd, 000277.650, 149.0
Trd, 000277.683, 148.0
Trd, 000278.650, 151.0
Trd, 000279.450, 152
Trd, 000279.500, 153
Trd, 000280.000, 150
Trd, 000280.783, 144.0
Trd, 000280.883, 136
Trd, 000281.217, 148
Trd, 000281.783, 147
Trd, 000281.867, 140
Trd, 000281.933, 149
Trd, 000282.233, 141.0
Trd, 000282.383, 151
Trd, 000282.483, 158.0
Trd, 000283.000, 140
Trd, 000283.500, 142.0
Trd, 000284.267, 149
Trd, 000285.900, 155
Trd, 000286.100, 150.0
Trd, 000286.450, 151
Trd, 000286.467, 157.0
Trd, 000286.700, 157.0
Trd, 000287.250, 153
Trd, 000287.600, 150
Trd, 000288.000, 150
Trd, 000288.167, 154
Trd, 000288.850, 148.0
Trd, 000288.967, 137
Trd, 000289.450, 148.0
Trd, 000289.683, 154
Trd, 000290.283, 153
Trd, 000290.383, 154
Trd, 000290.717, 162
Trd, 000291.333, 168.0
Trd, 000291.550, 165
Trd, 000292.033, 166
Trd, 000292.100, 164.0
Trd, 000292.517, 162.0
Trd, 000293.083, 151.0
Trd, 000293.633, 150
Trd, 000293.917, 144.0
Trd, 000294.317, 150.0
Trd, 000294.883, 152.0
Trd, 000295.067, 153.0
Trd, 000295.583, 158.0
Trd, 000295.617, 150.0
Trd, 000295.867, 162
Trd, 000295.883, 148.0
Trd, 000296.267, 172.0
Trd, 000296.517, 156
Trd, 000296.733, 134.0
Trd, 000296.983, 141.0
Trd, 000297.633, 140
Trd, 000297.900, 139
Trd, 000298.717, 162.0
Trd, 000298.967, 148.0
