Trd, 000001.950, 200.0
Trd, 000002.117, 175
Trd, 000003.300, 158.0
Trd, 000003.317, 151.0
Trd, 000003.400, 134.0
Trd, 000003.783, 131.0
Trd, 000004.600, 146
Trd, 000004.633, 147
Trd, 000004.950, 155
Trd, 000005.517, 152
Trd, 000006.000, 153
Trd, 000006.633, 152
Trd, 000007.033, 151
Trd, 000008.450, 144
Trd, 000008.483, 146
Trd, 000008.633, 143
Trd, 000008.933, 143
Trd, 000009.183, 142
Trd, 000009.400, 144
Trd, 000010.117, 142
Trd, 000010.300, 141.0
Trd, 000010.650, 142
Trd, 000010.717, 145
Trd, 000010.783, 148
Trd, 000011.183, 143
Trd, 000011.550, 145
Trd, 000012.200, 150.0
Trd, 000012.933, 149.0
Trd, 000013.033, 150
Trd, 000013.417, 147
Trd, 000013.983, 146
Trd, 000014.033, 147
Trd, 000014.133, 145
Trd, 000014.183, 145
Trd, 000014.933, 147
Trd, 000015.950, 147
Trd, 000016.633, 148
Trd, 000016.783, 147
Trd, 000016.883, 148
Trd, 000017.000, 146
Trd, 000018.367, 149
Trd, 000018.783, 146
Trd, 000019.150, 147
Trd, 000019.917, 148
Trd, 000019.967, 149
Trd, 000020.183, 145
Trd, 000020.300, 143
Trd, 000020.883, 141.0
Trd, 000021.600, 142
Trd, 000022.383, 143
Trd, 000023.017, 142
Trd, 000023.467, 142
Trd, 000023.650, 142
Trd, 000023.783, 143
Trd, 000024.300, 143
Trd, 000025.117, 145
Trd, 000025.167, 141.0
Trd, 000025.633, 141
Trd, 000025.650, 148
Trd, 000026.200, 148
Trd, 000026.267, 149.0
Trd, 000026.383, 141
Trd, 000027.283, 149.0
Trd, 000027.967, 150
Trd, 000028.183, 143.0
Trd, 000029.133, 145
Trd, 000030.033, 147
Trd, 000030.200, 147.0
Trd, 000031.117, 147
Trd, 000031.417, 146
Trd, 000031.717, 146
Trd, 000031.917, 148
Trd, 000032.317, 150.0
Trd, 000032.767, 145
Trd, 000033.850, 149
Trd, 000034.350, 146
Trd, 000034.850, 150
Trd, 000034.917, 149
Trd, 000035.450, 150
Trd, 000035.683, 151.0
Trd, 000036.283, 143
Trd, 000037.533, 148
Trd, 000037.650, 148
Trd, 000037.900, 149
Trd, 000038.050, 150
Trd, 000038.583, 148
Trd, 000038.783, 147
Trd, 000038.883, 149
Trd, 000039.900, 148
Trd, 000040.400, 149
Trd, 000041.150, 144
Trd, 000041.683, 149
Trd, 000041.817, 150
Trd, 000041.917, 143
Trd, 000042.533, 143
Trd, 000042.983, 143
Trd, 000043.767, 146.0
Trd, 000044.100, 147
Trd, 000045.317, 147
Trd, 000046.350, 148
Trd, 000046.483, 149
Trd, 000046.583, 148.0
Trd, 000046.900, 146
Trd, 000047.167, 150
Trd, 000047.500, 145
Trd, 000047.517, 148
Trd, 000048.083, 144
Trd, 000048.767, 145
Trd, 000049.567, 147
Trd, 000049.700, 145
Trd, 000051.183, 146
Trd, 000051.283, 145
Trd, 000051.583, 145
Trd, 000052.650, 144
Trd, 000052.750, 145.0
Trd, 000054.333, 143
Trd, 000054.417, 143
Trd, 000054.550, 143
Trd, 000055.683, 142
Trd, 000055.750, 142
Trd, 000055.900, 144
Trd, 000056.200, 141.0
Trd, 000056.717, 145
Trd, 000056.800, 147
Trd, 000057.467, 148
Trd, 000057.700, 151.0
Trd, 000058.433, 154
Trd, 000058.500, 143
Trd, 000058.650, 142
Trd, 000060.733, 148
Trd, 000061.567, 149
Trd, 000062.367, 149
Trd, 000062.683, 146
Trd, 000062.950, 143
Trd, 000063.033, 141.0
Trd, 000063.667, 145
Trd, 000064.167, 145
Trd, 000064.333, 146
Trd, 000065.350, 145
Trd, 000065.850, 145
Trd, 000065.867, 146
Trd, 000065.983, 146
Trd, 000067.217, 143
Trd, 000067.300, 144
Trd, 000067.783, 144
Trd, 000068.767, 145
Trd, 000068.983, 144
Trd, 000069.950, 145
Trd, 000070.633, 145
Trd, 000071.083, 147
Trd, 000071.183, 148
Trd, 000071.650, 149
Trd, 000071.767, 144
Trd, 000072.117, 151.0
Trd, 000072.917, 145
Trd, 000073.683, 155
Trd, 000074.283, 155
Trd, 000074.633, 154
Trd, 000075.717, 156
Trd, 000075.750, 153
Trd, 000075.850, 152.0
Trd, 000075.917, 157
Trd, 000076.617, 151.0
Trd, 000076.850, 156
Trd, 000077.017, 156
Trd, 000077.767, 155
Trd, 000078.300, 151.0
Trd, 000078.700, 145
Trd, 000079.633, 153
Trd, 000080.067, 152
Trd, 000080.250, 152
Trd, 000080.400, 152
Trd, 000080.483, 155
Trd, 000081.500, 157
Trd, 000082.650, 163.0
Trd, 000082.733, 164.0
Trd, 000082.867, 157
Trd, 000083.533, 156
Trd, 000083.750, 155
Trd, 000085.167, 155
Trd, 000085.183, 161
Trd, 000086.000, 155
Trd, 000086.267, 162
Trd, 000086.667, 162.0
Trd, 000086.900, 158
Trd, 000086.983, 151.0
Trd, 000088.050, 151.0
Trd, 000088.183, 145
Trd, 000088.350, 143
Trd, 000088.700, 152
Trd, 000090.317, 147
Trd, 000090.333, 149
Trd, 000091.600, 149
Trd, 000091.850, 148
Trd, 000091.883, 147
Trd, 000091.950, 149
Trd, 000092.650, 143
Trd, 000093.667, 147
Trd, 000093.817, 148
Trd, 000093.850, 148
Trd, 000094.567, 143.0
Trd, 000095.167, 143
Trd, 000095.433, 142.0
Trd, 000096.433, 145.0
Trd, 000096.567, 142
Trd, 000096.850, 145
Trd, 000097.100, 145.0
Trd, 000097.717, 141
Trd, 000098.417, 142
Trd, 000098.617, 136.0
Trd, 000099.683, 142
Trd, 000099.833, 148
Trd, 000101.000, 145
Trd, 000101.950, 145
Trd, 000102.017, 145
Trd, 000102.067, 141
Trd, 000103.333, 148
Trd, 000103.400, 147
Trd, 000103.733, 151.0
Trd, 000104.167, 146
Trd, 000105.017, 146
Trd, 000105.850, 147
Trd, 000105.967, 148
Trd, 000106.333, 145
Trd, 000107.100, 145
Trd, 000107.533, 146
Trd, 000107.933, 146
Trd, 000108.017, 148
Trd, 000108.483, 160
Trd, 000108.800, 158.0
Trd, 000108.833, 143
Trd, 000109.167, 141.0
Trd, 000109.583, 152
Trd, 000109.600, 165.0
Trd, 000111.167, 153.0
Trd, 000111.600, 152.0
Trd, 000112.150, 151.0
Trd, 000112.600, 150
Trd, 000112.683, 151
Trd, 000113.517, 142.0
Trd, 000113.700, 150
Trd, 000113.783, 142.0
Trd, 000113.867, 141.0
Trd, 000113.900, 151
Trd, 000114.017, 151
Trd, 000114.300, 149
Trd, 000115.333, 158.0
Trd, 000115.917, 161
Trd, 000116.033, 158
Trd, 000116.767, 165.0
Trd, 000117.550, 157
Trd, 000118.050, 158
Trd, 000118.250, 156
Trd, 000118.517, 156
Trd, 000118.933, 158
Trd, 000120.133, 154
Trd, 000120.283, 153
Trd, 000120.333, 155
Trd, 000121.417, 151.0
Trd, 000122.067, 150
Trd, 000122.700, 151
Trd, 000122.883, 150
Trd, 000122.983, 147
Trd, 000123.350, 150
Trd, 000124.033, 148
Trd, 000124.600, 141.0
Trd, 000125.067, 141
Trd, 000125.217, 131.0
Trd, 000125.867, 143
Trd, 000125.933, 146
Trd, 000125.983, 148
Trd, 000126.567, 151.0
Trd, 000127.367, 145
Trd, 000127.417, 143
Trd, 000128.650, 147
Trd, 000129.050, 143
Trd, 000129.867, 145
Trd, 000130.533, 144.0
Trd, 000131.533, 144
Trd, 000131.633, 147
Trd, 000131.800, 148
Trd, 000132.533, 147
Trd, 000133.033, 146
Trd, 000133.583, 143
Trd, 000134.150, 146
Trd, 000134.433, 146
Trd, 000134.583, 147
Trd, 000134.633, 144
Trd, 000135.333, 147
Trd, 000135.567, 149
Trd, 000135.850, 146
Trd, 000136.067, 144
Trd, 000136.950, 147
Trd, 000137.183, 147
Trd, 000139.367, 143
Trd, 000139.733, 143
Trd, 000140.183, 145
Trd, 000140.250, 146
Trd, 000140.600, 143
Trd, 000141.617, 146
Trd, 000141.900, 145
Trd, 000141.967, 143
Trd, 000142.067, 141.0
Trd, 000142.350, 141
Trd, 000142.767, 144
Trd, 000143.333, 148
Trd, 000143.967, 142
Trd, 000144.733, 148.0
Trd, 000144.950, 149.0
Trd, 000145.150, 151.0
Trd, 000145.700, 143
Trd, 000146.267, 141
Trd, 000147.033, 141.0
Trd, 000147.150, 151.0
Trd, 000148.133, 143
Trd, 000148.633, 146
Trd, 000148.883, 145
Trd, 000149.100, 142
Trd, 000149.883, 142
Trd, 000150.333, 141
Trd, 000150.383, 142
Trd, 000150.750, 138.0
Trd, 000152.050, 142
Trd, 000152.217, 142.0
Trd, 000152.350, 144
Trd, 000152.367, 146
Trd, 000152.483, 141.0
Trd, 000152.750, 140
Trd, 000154.350, 143
Trd, 000155.183, 143
Trd, 000155.883, 146
Trd, 000155.967, 136.0
Trd, 000156.183, 148
Trd, 000157.283, 145
Trd, 000157.933, 148.0
Trd, 000158.967, 148.0
Trd, 000159.117, 148
Trd, 000159.967, 148.0
Trd, 000160.250, 144
Trd, 000160.583, 142
Trd, 000160.617, 134.0
Trd, 000161.183, 141
Trd, 000161.550, 132.0
Trd, 000161.733, 148
Trd, 000163.100, 143.0
Trd, 000163.233, 144
Trd, 000163.667, 145
Trd, 000163.933, 145
Trd, 000164.100, 144
Trd, 000164.167, 145
Trd, 000165.083, 143
Trd, 000165.300, 145
Trd, 000165.450, 141
Trd, 000165.500, 141.0
Trd, 000166.000, 147
Trd, 000166.533, 147
Trd, 000167.250, 147
Trd, 000168.533, 148
Trd, 000168.617, 148
Trd, 000168.650, 147
Trd, 000169.083, 143
Trd, 000169.683, 148
Trd, 000169.850, 149
Trd, 000170.233, 164.0
Trd, 000170.450, 165.0
Trd, 000170.550, 164
Trd, 000170.967, 151.0
Trd, 000171.150, 148
Trd, 000171.483, 147
Trd, 000171.933, 147
Trd, 000172.717, 153
Trd, 000172.817, 167.0
Trd, 000173.167, 158
Trd, 000173.233, 168.0
Trd, 000174.217, 158.0
Trd, 000174.633, 153
Trd, 000175.083, 151.0
Trd, 000175.333, 157
Trd, 000175.383, 156
Trd, 000175.967, 143
Trd, 000176.600, 152
Trd, 000177.400, 157
Trd, 000177.450, 154
Trd, 000178.117, 154
Trd, 000178.583, 152
Trd, 000179.017, 144.0
Trd, 000179.133, 152
Trd, 000179.667, 150
Trd, 000179.817, 149
Trd, 000180.467, 148
Trd, 000181.167, 150
Trd, 000182.567, 146
Trd, 000182.700, 149
Trd, 000183.817, 148
Trd, 000184.383, 148
Trd, 000184.400, 147
Trd, 000184.950, 148
Trd, 000185.150, 151.0
Trd, 000185.300, 152
Trd, 000185.617, 146
Trd, 000185.800, 143
Trd, 000186.067, 141.0
Trd, 000186.400, 150.0
Trd, 000186.900, 141
Trd, 000187.950, 148
Trd, 000188.233, 149
Trd, 000188.633, 147
Trd, 000189.133, 148
Trd, 000189.417, 148
Trd, 000189.533, 149
Trd, 000190.150, 149
Trd, 000190.417, 150
Trd, 000190.783, 144
Trd, 000191.383, 150.0
Trd, 000193.000, 145
Trd, 000193.283, 146
Trd, 000194.683, 147
Trd, 000194.700, 148
Trd, 000195.217, 147
Trd, 000195.317, 150
Trd, 000195.733, 147
Trd, 000196.133, 147
Trd, 000196.183, 147
Trd, 000196.333, 145
Trd, 000197.167, 144
Trd, 000197.250, 145
Trd, 000197.483, 144
Trd, 000197.550, 148
Trd, 000198.167, 143.0
Trd, 000199.133, 142
Trd, 000199.683, 145
Trd, 000199.833, 141.0
Trd, 000200.133, 148
Trd, 000200.517, 143
Trd, 000200.867, 147
Trd, 000201.767, 146
Trd, 000202.217, 142
Trd, 000202.483, 143
Trd, 000202.567, 143
Trd, 000203.383, 148
Trd, 000203.500, 151.0
Trd, 000203.950, 142
Trd, 000204.333, 141
Trd, 000205.250, 158.0
Trd, 000205.967, 160.0
Trd, 000206.467, 152
Trd, 000206.750, 153
Trd, 000207.017, 151
Trd, 000207.517, 154
Trd, 000207.950, 151
Trd, 000208.150, 153
Trd, 000210.600, 150.0
Trd, 000210.750, 149
Trd, 000211.333, 148.0
Trd, 000211.583, 149
Trd, 000211.867, 148.0
Trd, 000212.283, 144.0
Trd, 000212.783, 146
Trd, 000213.100, 145.0
Trd, 000214.233, 145
Trd, 000215.183, 144
Trd, 000215.733, 144
Trd, 000215.767, 143
Trd, 000216.283, 141.0
Trd, 000216.467, 146
Trd, 000216.567, 148
Trd, 000216.717, 151.0
Trd, 000216.867, 161
Trd, 000217.083, 137.0
Trd, 000217.650, 150
Trd, 000217.983, 139.0
Trd, 000218.167, 137
Trd, 000218.433, 143
Trd, 000219.850, 148.0
Trd, 000221.000, 149
Trd, 000221.767, 148.0
Trd, 000222.017, 149
Trd, 000222.333, 147.0
Trd, 000224.017, 146
Trd, 000224.150, 148
Trd, 000225.183, 146
Trd, 000225.300, 146
Trd, 000225.567, 148
Trd, 000225.717, 145
Trd, 000226.700, 148
Trd, 000226.817, 149
Trd, 000227.450, 149
Trd, 000227.467, 148
Trd, 000228.167, 149
Trd, 000228.817, 147
Trd, 000229.483, 148.0
Trd, 000229.667, 146
Trd, 000229.917, 149.0
Trd, 000230.250, 142
Trd, 000230.883, 148.0
Trd, 000231.933, 147
Trd, 000232.183, 146.0
Trd, 000232.733, 148
Trd, 000232.917, 147
Trd, 000233.500, 146
Trd, 000233.717, 141.0
Trd, 000234.483, 147
Trd, 000234.850, 143
Trd, 000234.900, 147
Trd, 000234.950, 143
Trd, 000235.867, 148
Trd, 000236.100, 149
Trd, 000236.333, 151.0
Trd, 000236.417, 165.0
Trd, 000236.833, 134.0
Trd, 000237.867, 140
Trd, 000238.700, 141
Trd, 000239.150, 145
Trd, 000239.217, 145
Trd, 000239.333, 144
Trd, 000239.400, 144
Trd, 000240.083, 147
Trd, 000240.550, 148
Trd, 000241.000, 148.0
Trd, 000241.183, 150.0
Trd, 000242.683, 147
Trd, 000243.017, 149.0
Trd, 000243.833, 149
Trd, 000244.883, 148.0
Trd, 000244.900, 149
Trd, 000245.433, 150
Trd, 000245.950, 149
Trd, 000246.117, 150
Trd, 000246.483, 151
Trd, 000246.767, 150
Trd, 000246.817, 151.0
Trd, 000246.967, 150
Trd, 000247.550, 155.0
Trd, 000247.567, 158.0
Trd, 000247.650, 149
Trd, 000247.683, 163
Trd, 000248.050, 154
Trd, 000248.783, 159
Trd, 000248.933, 160
Trd, 000248.967, 159
Trd, 000249.450, 159
Trd, 000249.983, 158.0
Trd, 000250.333, 158.0
Trd, 000250.683, 157
Trd, 000251.317, 156
Trd, 000251.783, 154.0
Trd, 000252.967, 151.0
Trd, 000252.983, 154
Trd, 000253.683, 153
Trd, 000254.183, 152
Trd, 000254.317, 155.0
Trd, 000254.883, 153
Trd, 000255.717, 153
Trd, 000255.767, 152
Trd, 000256.150, 151.0
Trd, 000256.917, 152
Trd, 000257.400, 152
Trd, 000257.650, 150
Trd, 000257.833, 153
Trd, 000258.150, 155.0
Trd, 000258.233, 151
Trd, 000258.933, 145
Trd, 000259.883, 151
Trd, 000260.000, 150
Trd, 000260.317, 151
Trd, 000260.667, 148
Trd, 000260.767, 150
Trd, 000261.267, 148.0
Trd, 000261.700, 148
Trd, 000262.033, 149
Trd, 000262.183, 148
Trd, 000263.033, 148
Trd, 000263.267, 147
Trd, 000263.517, 148
Trd, 000263.783, 148.0
Trd, 000264.250, 147
Trd, 000265.150, 147
Trd, 000265.950, 148
Trd, 000266.050, 155.0
Trd, 000266.400, 146
Trd, 000266.883, 150
Trd, 000267.550, 146
Trd, 000267.883, 147.0
Trd, 000267.933, 146.0
Trd, 000268.517, 146
Trd, 000268.683, 148
Trd, 000268.817, 145
Trd, 000269.200, 149
Trd, 000269.917, 150.0
Trd, 000270.217, 151.0
Trd, 000270.450, 149.0
Trd, 000271.300, 150
Trd, 000271.650, 150
Trd, 000272.067, 151
Trd, 000272.400, 152
Trd, 000273.933, 150.0
Trd, 000274.533, 150.0
Trd, 000274.917, 145
Trd, 000275.500, 149.0
Trd, 000275.550, 148.0
Trd, 000276.100, 149
Trd, 000276.567, 148
Trd, 000276.767, 146
Trd, 000277.017, 149
Trd, 000277.383, 151.0
Trd, 000277.600, 154
Trd, 000278.083, 150
Trd, 000278.433, 150
Trd, 000279.267, 154
Trd, 000279.650, 152
Trd, 000280.800, 151.0
Trd, 000280.950, 150.0
Trd, 000281.083, 151.0
Trd, 000281.283, 150.0
Trd, 000281.583, 148.0
Trd, 000281.717, 152.0
Trd, 000281.983, 151
Trd, 000282.517, 152
Trd, 000283.250, 150
Trd, 000283.717, 152
Trd, 000285.033, 150
Trd, 000285.317, 150
Trd, 000285.700, 149
Trd, 000286.167, 148
Trd, 000286.517, 150
Trd, 000286.883, 150
Trd, 000287.200, 151.0
Trd, 000288.167, 150
Trd, 000288.767, 150
Trd, 000288.983, 150
Trd, 000289.200, 149.0
Trd, 000289.333, 151
Trd, 000290.117, 151.0
Trd, 000290.983, 150.0
Trd, 000291.083, 151
Trd, 000291.183, 148.0
Trd, 000291.650, 152
Trd, 000292.233, 148
Trd, 000292.367, 155.0
Trd, 000292.533, 141.0
Trd, 000292.950, 146
Trd, 000293.783, 152
Trd, 000293.833, 153
Trd, 000293.867, 156
Trd, 000295.467, 151
Trd, 000295.567, 150
Trd, 000296.150, 151.0
Trd, 000296.650, 150
Trd, 000296.750, 148
Trd, 000296.900, 151
Trd, 000297.550, 149.0
Trd, 000297.867, 150
Trd, 000298.067, 148.0
Trd, 000299.017, 151.0
Trd, 000299.483, 148
Trd, 000299.700, 145
Trd, 000299.783, 150
