Trd, 000003.233, 174
Trd, 000003.883, 172
Trd, 000003.917, 172.0
Trd, 000004.033, 168.0
Trd, 000004.083, 155
Trd, 000004.333, 144.0
Trd, 000004.450, 114
Trd, 000004.533, 136
Trd, 000005.633, 135
Trd, 000005.650, 137
Trd, 000006.100, 134.0
Trd, 000006.983, 139
Trd, 000007.883, 140
Trd, 000008.200, 144.0
Trd, 000008.250, 145.0
Trd, 000009.683, 144.0
Trd, 000010.633, 143.0
Trd, 000010.850, 140
Trd, 000010.933, 140
Trd, 000011.467, 148.0
Trd, 000012.117, 145
Trd, 000012.883, 140
Trd, 000013.350, 141
Trd, 000013.367, 146
Trd, 000013.383, 139
Trd, 000014.200, 146
Trd, 000015.117, 146.0
Trd, 000015.650, 141.0
Trd, 000016.000, 145
Trd, 000016.533, 140
Trd, 000016.683, 146
Trd, 000016.750, 148.0
Trd, 000017.633, 142
Trd, 000019.117, 146
Trd, 000019.150, 145
Trd, 000020.183, 146
Trd, 000020.217, 147
Trd, 000020.300, 151
Trd, 000020.317, 145
Trd, 000021.100, 144
Trd, 000021.550, 168.0
Trd, 000022.450, 153
Trd, 000022.700, 153
Trd, 000022.833, 148.0
Trd, 000023.217, 157
Trd, 000023.467, 149
Trd, 000023.950, 140
Trd, 000024.267, 162.0
Trd, 000026.200, 149
Trd, 000026.717, 149
Trd, 000027.450, 148.0
Trd, 000028.133, 148
Trd, 000028.433, 147
Trd, 000028.783, 152
Trd, 000029.017, 146
Trd, 000029.383, 168.0
Trd, 000030.483, 158
Trd, 000031.167, 155
Trd, 000031.200, 169.0
Trd, 000031.750, 164
Trd, 000032.450, 159
Trd, 000033.417, 154
Trd, 000033.783, 148.0
Trd, 000034.467, 144.0
Trd, 000035.017, 148
Trd, 000036.150, 147
Trd, 000037.433, 144.0
Trd, 000037.600, 140
Trd, 000037.983, 145
Trd, 000038.317, 146.0
Trd, 000038.967, 147.0
Trd, 000041.383, 143
Trd, 000041.567, 144
Trd, 000042.217, 142.0
Trd, 000043.417, 142
Trd, 000044.950, 141
Trd, 000045.083, 143
Trd, 000045.367, 144
Trd, 000046.300, 142
Trd, 000046.333, 147.0
Trd, 000047.183, 142
Trd, 000047.867, 143
Trd, 000048.767, 141
Trd, 000048.967, 143
Trd, 000050.017, 142
Trd, 000050.217, 137.0
Trd, 000051.467, 139
Trd, 000051.733, 139
Trd, 000052.133, 139
Trd, 000052.433, 139
Trd, 000053.033, 137
Trd, 000053.500, 137.0
Trd, 000053.833, 138
Trd, 000054.267, 139
Trd, 000055.483, 140
Trd, 000057.650, 144
Trd, 000057.833, 145.0
Trd, 000058.583, 144
Trd, 000059.450, 148.0
Trd, 000059.767, 149
Trd, 000059.967, 145
Trd, 000059.983, 149
Trd, 000060.200, 144
Trd, 000060.267, 150
Trd, 000061.400, 145
Trd, 000062.583, 148.0
Trd, 000062.817, 151
Trd, 000063.633, 145
Trd, 000064.367, 150
Trd, 000064.700, 149
Trd, 000065.067, 149
Trd, 000065.200, 150
Trd, 000065.250, 145
Trd, 000067.083, 144.0
Trd, 000067.383, 140
Trd, 000067.550, 138
Trd, 000069.200, 141
Trd, 000069.800, 146
Trd, 000069.833, 142
Trd, 000070.767, 144.0
Trd, 000071.450, 143
Trd, 000071.717, 142
Trd, 000072.800, 143
Trd, 000073.200, 140
Trd, 000073.550, 145
Trd, 000074.800, 141
Trd, 000075.033, 143.0
Trd, 000075.117, 144.0
Trd, 000075.333, 141
Trd, 000076.333, 143.0
Trd, 000076.400, 142
Trd, 000077.633, 142
Trd, 000078.567, 142
Trd, 000078.950, 141
Trd, 000079.317, 142
Trd, 000079.383, 143
Trd, 000079.800, 143
Trd, 000081.217, 144.0
Trd, 000081.900, 147.0
Trd, 000083.333, 141
Trd, 000083.650, 143
Trd, 000083.667, 140
Trd, 000084.100, 142
Trd, 000084.800, 143
Trd, 000084.817, 140
Trd, 000085.133, 144.0
Trd, 000085.150, 144
Trd, 000085.300, 151
Trd, 000085.450, 140
Trd, 000086.400, 148.0
Trd, 000086.667, 140
Trd, 000087.500, 140
Trd, 000087.800, 147
Trd, 000088.383, 145
Trd, 000089.517, 144.0
Trd, 000089.600, 143.0
Trd, 000089.833, 141
Trd, 000090.367, 142.0
Trd, 000090.950, 144.0
Trd, 000091.300, 143
Trd, 000091.850, 144
Trd, 000093.300, 145
Trd, 000093.783, 144.0
Trd, 000094.067, 143
Trd, 000094.317, 144
Trd, 000094.400, 142
Trd, 000094.950, 146
Trd, 000095.533, 148.0
Trd, 000095.583, 143
Trd, 000095.783, 150
Trd, 000096.450, 151
Trd, 000096.567, 140
Trd, 000097.267, 145
Trd, 000098.817, 164
Trd, 000098.933, 155
Trd, 000099.433, 151
Trd, 000100.200, 151
Trd, 000100.967, 150
Trd, 000101.100, 146
Trd, 000101.350, 145
Trd, 000103.567, 147
Trd, 000103.617, 148.0
Trd, 000103.717, 150
Trd, 000103.967, 146
Trd, 000104.083, 144.0
Trd, 000105.267, 146
Trd, 000105.400, 146
Trd, 000105.933, 147
Trd, 000106.000, 151
Trd, 000106.083, 142
Trd, 000106.417, 140
Trd, 000107.000, 147
Trd, 000108.200, 140
Trd, 000108.217, 144.0
Trd, 000108.650, 140
Trd, 000109.050, 143
Trd, 000109.350, 144
Trd, 000109.683, 148.0
Trd, 000110.250, 137.0
Trd, 000111.267, 138
Trd, 000111.550, 138
Trd, 000111.717, 140
Trd, 000111.967, 138.0
Trd, 000112.967, 151
Trd, 000113.350, 141
Trd, 000113.567, 139
Trd, 000113.933, 139
Trd, 000114.317, 142
Trd, 000114.483, 142
Trd, 000114.533, 148.0
Trd, 000114.600, 151
Trd, 000117.067, 138
Trd, 000117.700, 144
Trd, 000118.183, 162.0
Trd, 000119.100, 150
Trd, 000119.533, 155
Trd, 000120.083, 150
Trd, 000121.183, 141
Trd, 000121.400, 142
Trd, 000121.467, 142
Trd, 000122.217, 142
Trd, 000122.400, 136
Trd, 000123.300, 140
Trd, 000123.600, 141
Trd, 000124.900, 141
Trd, 000125.500, 142
Trd, 000125.550, 141
Trd, 000126.383, 140
Trd, 000127.000, 137
Trd, 000127.467, 142
Trd, 000128.933, 136
Trd, 000129.150, 135
Trd, 000130.667, 142
Trd, 000131.183, 142
Trd, 000131.217, 138
Trd, 000131.367, 143
Trd, 000131.700, 139
Trd, 000131.833, 138
Trd, 000131.850, 142
Trd, 000132.100, 143.0
Trd, 000133.300, 142
Trd, 000134.367, 140
Trd, 000134.900, 141
Trd, 000135.467, 141
Trd, 000135.600, 141
Trd, 000136.433, 139
Trd, 000136.850, 137.0
Trd, 000137.200, 141
Trd, 000137.633, 148.0
Trd, 000138.300, 153
Trd, 000138.867, 153
Trd, 000139.133, 154
Trd, 000141.267, 154
Trd, 000141.533, 144.0
Trd, 000141.883, 148.0
Trd, 000142.167, 140
Trd, 000142.700, 137.0
Trd, 000142.817, 162.0
Trd, 000143.217, 148.0
Trd, 000143.483, 162
Trd, 000143.517, 134.0
Trd, 000144.500, 141
Trd, 000144.650, 142
Trd, 000145.417, 141
Trd, 000145.583, 140
Trd, 000146.033, 142
Trd, 000147.483, 143
Trd, 000147.750, 142
Trd, 000147.967, 150
Trd, 000148.650, 144
Trd, 000149.133, 144.0
Trd, 000149.517, 142
Trd, 000149.733, 145
Trd, 000149.783, 151
Trd, 000150.783, 148
Trd, 000151.067, 163
Trd, 000151.567, 144.0
Trd, 000152.217, 146
Trd, 000152.533, 148
Trd, 000152.717, 149
Trd, 000153.117, 149
Trd, 000154.583, 147
Trd, 000154.983, 145
Trd, 000155.617, 146
Trd, 000155.933, 147
Trd, 000156.917, 145
Trd, 000158.017, 145.0
Trd, 000158.233, 144.0
Trd, 000158.483, 147.0
Trd, 000159.200, 146
Trd, 000159.217, 144
Trd, 000159.933, 146
Trd, 000160.517, 145
Trd, 000161.017, 144
Trd, 000161.200, 147
Trd, 000162.667, 143
Trd, 000163.000, 148.0
Trd, 000163.333, 151
Trd, 000163.983, 143
Trd, 000164.000, 142
Trd, 000164.350, 151
Trd, 000164.733, 152
Trd, 000165.617, 149
Trd, 000166.483, 146
Trd, 000166.700, 147
Trd, 000167.517, 163
Trd, 000168.433, 162
Trd, 000168.817, 163
Trd, 000168.900, 158
Trd, 000169.333, 159
Trd, 000169.650, 160
Trd, 000170.250, 161
Trd, 000170.333, 158
Trd, 000171.183, 151
Trd, 000172.167, 152
Trd, 000172.450, 147
Trd, 000172.550, 145
Trd, 000173.667, 147
Trd, 000173.983, 145
Trd, 000174.017, 141
Trd, 000174.117, 147
Trd, 000175.950, 143
Trd, 000176.867, 144
Trd, 000177.417, 145
Trd, 000177.483, 141
Trd, 000177.550, 145
Trd, 000177.967, 140
Trd, 000179.200, 145
Trd, 000179.717, 139
Trd, 000179.883, 148.0
Trd, 000180.750, 141.0
Trd, 000181.117, 142
Trd, 000182.250, 142
Trd, 000182.533, 142
Trd, 000183.917, 142
Trd, 000183.950, 140.0
Trd, 000184.833, 143
Trd, 000185.717, 147.0
Trd, 000185.783, 140
Trd, 000187.350, 145
Trd, 000188.233, 146
Trd, 000188.300, 145
Trd, 000189.000, 144
Trd, 000189.050, 148.0
Trd, 000189.567, 151
Trd, 000190.967, 145
Trd, 000191.100, 144
Trd, 000191.250, 143
Trd, 000191.583, 144
Trd, 000192.683, 141
Trd, 000193.117, 141
Trd, 000193.200, 140
Trd, 000193.217, 134.0
Trd, 000194.183, 143
Trd, 000194.300, 144.0
Trd, 000195.500, 137
Trd, 000196.017, 137
Trd, 000196.650, 136.0
Trd, 000196.900, 136
Trd, 000197.283, 135.0
Trd, 000197.483, 139
Trd, 000198.083, 148.0
Trd, 000198.650, 137
Trd, 000200.200, 143
Trd, 000200.400, 147.0
Trd, 000200.450, 148.0
Trd, 000200.833, 143
Trd, 000201.483, 145
Trd, 000202.567, 135.0
Trd, 000202.717, 142
Trd, 000204.017, 142
Trd, 000204.250, 141
Trd, 000204.767, 139
Trd, 000204.983, 139
Trd, 000206.383, 141
Trd, 000207.583, 142
Trd, 000208.317, 139
Trd, 000208.400, 142
Trd, 000208.517, 139
Trd, 000208.750, 144.0
Trd, 000208.833, 151
Trd, 000208.850, 138
Trd, 000209.550, 155
Trd, 000209.750, 154
Trd, 000210.567, 151
Trd, 000211.383, 146.0
Trd, 000211.417, 150
Trd, 000212.233, 146
Trd, 000212.600, 144.0
Trd, 000214.267, 146
Trd, 000215.033, 145
Trd, 000215.817, 144
Trd, 000216.200, 145
Trd, 000216.950, 142
Trd, 000217.100, 143
Trd, 000217.133, 148.0
Trd, 000217.867, 151
Trd, 000218.467, 144
Trd, 000218.783, 146.0
Trd, 000219.067, 148.0
Trd, 000219.350, 152
Trd, 000219.850, 163
Trd, 000221.300, 149
Trd, 000221.683, 151
Trd, 000221.883, 152
Trd, 000222.433, 152
Trd, 000222.833, 151
Trd, 000224.167, 149
Trd, 000224.500, 152
Trd, 000225.267, 170.0
Trd, 000225.717, 155
Trd, 000226.183, 154
Trd, 000226.233, 151
Trd, 000226.717, 156
Trd, 000227.750, 145.0
Trd, 000227.917, 145.0
Trd, 000229.150, 144.0
Trd, 000229.550, 144.0
Trd, 000230.983, 144.0
Trd, 000231.050, 145
Trd, 000231.517, 143
Trd, 000231.567, 140
Trd, 000232.317, 143
Trd, 000232.500, 144
Trd, 000232.517, 142
Trd, 000232.733, 141
Trd, 000233.217, 148.0
Trd, 000235.350, 143
Trd, 000235.850, 143
Trd, 000236.200, 142
Trd, 000237.033, 141
Trd, 000237.633, 142
Trd, 000238.250, 141
Trd, 000238.333, 142
Trd, 000238.600, 142
Trd, 000240.167, 140
Trd, 000240.267, 139
Trd, 000240.467, 141
Trd, 000242.317, 147
Trd, 000242.633, 148.0
Trd, 000243.633, 155
Trd, 000243.783, 152
Trd, 000243.800, 152
Trd, 000244.267, 153.0
Trd, 000244.800, 151
Trd, 000245.067, 151
Trd, 000245.517, 150.0
Trd, 000245.583, 152
Trd, 000245.783, 149
Trd, 000246.017, 146
Trd, 000246.717, 150
Trd, 000246.900, 150
Trd, 000247.117, 148
Trd, 000247.500, 151
Trd, 000247.783, 144.0
Trd, 000249.050, 144
Trd, 000249.383, 143
Trd, 000249.817, 144
Trd, 000250.350, 146
Trd, 000250.633, 145
Trd, 000250.717, 143
Trd, 000251.117, 141
Trd, 000251.450, 147.0
Trd, 000251.933, 145
Trd, 000252.300, 148.0
Trd, 000253.117, 146
Trd, 000253.483, 147
Trd, 000253.983, 148
Trd, 000254.050, 147
Trd, 000254.350, 150
Trd, 000254.500, 151
Trd, 000254.767, 147
Trd, 000255.167, 158.0
Trd, 000255.350, 162.0
Trd, 000256.083, 144
Trd, 000256.367, 144.0
Trd, 000256.433, 140
Trd, 000257.783, 141
Trd, 000258.733, 141
Trd, 000258.983, 141
Trd, 000259.300, 143
Trd, 000259.900, 140
Trd, 000259.983, 139
Trd, 000260.167, 137
Trd, 000260.650, 141
Trd, 000260.983, 148.0
Trd, 000261.467, 149
Trd, 000262.517, 148
Trd, 000262.533, 145
Trd, 000263.000, 146
Trd, 000263.317, 151
Trd, 000263.617, 148
Trd, 000264.100, 143
Trd, 000264.517, 138.0
Trd, 000265.817, 138
Trd, 000265.967, 138
Trd, 000266.233, 139
Trd, 000266.250, 142
Trd, 000266.933, 144
Trd, 000267.167, 145.0
Trd, 000268.233, 137.0
Trd, 000268.300, 138
Trd, 000268.583, 138.0
Trd, 000268.933, 138
Trd, 000269.050, 137
Trd, 000269.183, 133
Trd, 000269.767, 129
Trd, 000270.450, 131
Trd, 000270.667, 134
Trd, 000271.850, 144.0
Trd, 000272.433, 150
Trd, 000272.700, 144.0
Trd, 000272.833, 150
Trd, 000273.217, 143
Trd, 000273.567, 147
Trd, 000273.717, 144
Trd, 000273.767, 148
Trd, 000274.450, 143
Trd, 000274.800, 142
Trd, 000275.583, 140
Trd, 000275.683, 148.0
Trd, 000276.217, 137.0
Trd, 000278.133, 140
Trd, 000278.150, 139
Trd, 000278.433, 143
Trd, 000279.317, 144.0
Trd, 000279.400, 148.0
Trd, 000279.500, 151
Trd, 000279.783, 142
Trd, 000280.233, 142
Trd, 000280.750, 157.0
Trd, 000280.783, 143
Trd, 000281.150, 149
Trd, 000281.450, 147
Trd, 000281.883, 148
Trd, 000282.483, 146
Trd, 000282.783, 147
Trd, 000282.950, 144.0
Trd, 000283.067, 139
Trd, 000283.383, 151
Trd, 000285.000, 145
Trd, 000285.450, 142
Trd, 000285.600, 146
Trd, 000285.650, 147.0
Trd, 000286.367, 148.0
Trd, 000286.383, 141
Trd, 000286.567, 140
Trd, 000287.217, 147
Trd, 000287.283, 162.0
Trd, 000288.333, 162
Trd, 000288.683, 162.0
Trd, 000288.750, 170.0
Trd, 000288.850, 161
Trd, 000289.733, 160
Trd, 000290.367, 167.0
Trd, 000290.583, 159
Trd, 000290.633, 151.0
Trd, 000290.717, 158.0
Trd, 000291.283, 147
Trd, 000291.950, 145
Trd, 000292.283, 147.0
Trd, 000292.833, 140
Trd, 000293.033, 137.0
Trd, 000293.150, 134.0
Trd, 000293.283, 147
Trd, 000293.617, 144
Trd, 000294.617, 137
Trd, 000295.100, 137
Trd, 000295.317, 139
Trd, 000295.533, 146.0
Trd, 000297.083, 146
Trd, 000297.300, 146
Trd, 000297.517, 151
Trd, 000298.050, 145
Trd, 000298.083, 146
Trd, 000298.433, 144.0
Trd, 000298.850, 148
Trd, 000299.333, 149
