Trd, 000001.067, 158
Trd, 000003.217, 162.0
Trd, 000003.350, 151.0
Trd, 000004.183, 154
Trd, 000004.900, 154
Trd, 000005.050, 153
Trd, 000005.167, 155.0
Trd, 000005.867, 152
Trd, 000007.317, 151.0
Trd, 000007.600, 153
Trd, 000008.033, 148.0
Trd, 000008.467, 154.0
Trd, 000008.517, 155.0
Trd, 000009.000, 154
Trd, 000010.283, 152
Trd, 000010.467, 151
Trd, 000010.650, 150
Trd, 000011.367, 153
Trd, 000011.567, 151
Trd, 000011.867, 151
Trd, 000011.900, 152
Trd, 000013.600, 151
Trd, 000014.117, 153
Trd, 000014.650, 149
Trd, 000015.483, 150
Trd, 000016.417, 148.0
Trd, 000016.700, 149
Trd, 000016.983, 149
Trd, 000017.233, 152
Trd, 000017.483, 149
Trd, 000019.517, 162
Trd, 000019.783, 148.0
Trd, 000020.400, 151.0
Trd, 000021.033, 151
Trd, 000022.683, 153
Trd, 000023.033, 149
Trd, 000023.900, 151.0
Trd, 000023.933, 152
Trd, 000024.350, 154
Trd, 000025.517, 149
Trd, 000025.967, 148.0
Trd, 000026.367, 148
Trd, 000027.817, 147
Trd, 000028.017, 148
Trd, 000028.383, 148
Trd, 000028.783, 147
Trd, 000029.700, 150
Trd, 000029.900, 148
Trd, 000030.067, 151
Trd, 000031.533, 151
Trd, 000031.900, 151
Trd, 000032.117, 153
Trd, 000032.317, 149
Trd, 000032.683, 151.0
Trd, 000033.000, 149
Trd, 000033.800, 148
Trd, 000033.933, 144.0
Trd, 000035.017, 151.0
Trd, 000035.467, 153.0
Trd, 000036.133, 152
Trd, 000037.383, 150
Trd, 000037.567, 153.0
Trd, 000037.767, 151.0
Trd, 000037.783, 154.0
Trd, 000039.067, 151
Trd, 000039.650, 152
Trd, 000039.850, 149
Trd, 000040.033, 153
Trd, 000040.267, 151
Trd, 000040.800, 153
Trd, 000041.633, 151.0
Trd, 000042.083, 151
Trd, 000042.800, 149
Trd, 000043.667, 148.0
Trd, 000044.367, 146
Trd, 000045.117, 150
Trd, 000045.917, 146.0
Trd, 000046.617, 151
Trd, 000047.950, 147
Trd, 000048.067, 146.0
Trd, 000049.217, 145.0
Trd, 000050.250, 144
Trd, 000050.617, 145
Trd, 000050.950, 145
Trd, 000051.317, 148
Trd, 000051.900, 147
Trd, 000052.350, 144
Trd, 000052.933, 151
Trd, 000053.000, 155.0
Trd, 000053.367, 146.0
Trd, 000053.933, 151
Trd, 000054.483, 146
Trd, 000055.650, 144.0
Trd, 000056.550, 147
Trd, 000057.667, 147
Trd, 000058.367, 146
Trd, 000058.567, 151
Trd, 000058.733, 141
Trd, 000059.283, 151.0
Trd, 000059.400, 121.0
Trd, 000059.517, 136
Trd, 000060.633, 144.0
Trd, 000061.167, 144
Trd, 000061.350, 145
Trd, 000061.450, 144
Trd, 000062.033, 144
Trd, 000063.000, 144
Trd, 000063.850, 140
Trd, 000064.350, 140.0
Trd, 000064.850, 139
Trd, 000065.750, 140
Trd, 000065.883, 141
Trd, 000066.167, 144.0
Trd, 000066.250, 143
Trd, 000068.333, 149
Trd, 000068.617, 151
Trd, 000068.833, 151
Trd, 000068.850, 144
Trd, 000069.500, 155.0
Trd, 000070.083, 142
Trd, 000070.350, 138
Trd, 000071.233, 139
Trd, 000071.533, 151
Trd, 000072.650, 141
Trd, 000073.850, 141
Trd, 000073.950, 142
Trd, 000074.017, 143
Trd, 000074.600, 144
Trd, 000074.883, 142
Trd, 000076.150, 144.0
Trd, 000076.717, 151
Trd, 000077.433, 145
Trd, 000078.283, 145
Trd, 000078.733, 145
Trd, 000078.950, 144
Trd, 000079.217, 144.0
Trd, 000080.517, 145
Trd, 000080.567, 143
Trd, 000080.667, 147
Trd, 000081.650, 150
Trd, 000081.950, 145
Trd, 000082.300, 144
Trd, 000082.383, 152
Trd, 000085.067, 152
Trd, 000085.517, 154.0
Trd, 000085.867, 151.0
Trd, 000086.117, 155.0
Trd, 000086.467, 149.0
Trd, 000087.383, 148.0
Trd, 000088.017, 147
Trd, 000088.450, 149
Trd, 000089.233, 151.0
Trd, 000089.467, 152
Trd, 000089.800, 150
Trd, 000089.850, 158.0
Trd, 000089.967, 149
Trd, 000090.300, 145
Trd, 000091.000, 151.0
Trd, 000091.783, 155.0
Trd, 000092.533, 149
Trd, 000092.550, 148
Trd, 000093.883, 144
Trd, 000094.000, 143
Trd, 000094.150, 144
Trd, 000094.333, 144
Trd, 000095.367, 150
Trd, 000095.550, 146
Trd, 000096.367, 149
Trd, 000096.733, 152
Trd, 000097.367, 147
Trd, 000097.717, 145
Trd, 000099.567, 145
Trd, 000099.750, 146
Trd, 000099.833, 144
Trd, 000100.050, 146
Trd, 000100.683, 144
Trd, 000101.717, 144
Trd, 000101.933, 142
Trd, 000102.150, 142
Trd, 000102.367, 143
Trd, 000103.033, 142
Trd, 000103.100, 144.0
Trd, 000103.800, 146
Trd, 000104.217, 155.0
Trd, 000105.483, 142
Trd, 000105.517, 153
Trd, 000105.817, 151.0
Trd, 000106.100, 152
Trd, 000106.250, 140
Trd, 000107.733, 143
Trd, 000108.267, 152
Trd, 000108.550, 152
Trd, 000109.733, 152
Trd, 000109.850, 151.0
Trd, 000110.117, 152
Trd, 000110.733, 149
Trd, 000111.583, 149
Trd, 000112.733, 153
Trd, 000112.767, 150
Trd, 000114.183, 149.0
Trd, 000115.150, 150
Trd, 000115.917, 150
Trd, 000116.467, 151
Trd, 000116.517, 149.0
Trd, 000116.650, 150
Trd, 000117.333, 149
Trd, 000117.533, 148.0
Trd, 000118.267, 151
Trd, 000119.100, 154.0
Trd, 000120.600, 154
Trd, 000120.800, 152
Trd, 000120.850, 153
Trd, 000120.933, 151.0
Trd, 000121.150, 148.0
Trd, 000121.467, 147
Trd, 000121.867, 147
Trd, 000122.867, 152
Trd, 000122.967, 155.0
Trd, 000123.433, 145
Trd, 000123.850, 151.0
Trd, 000125.517, 152
Trd, 000125.533, 150.0
Trd, 000127.100, 145
Trd, 000127.367, 145
Trd, 000128.300, 144.0
Trd, 000128.383, 145
Trd, 000128.517, 154.0
Trd, 000129.217, 144
Trd, 000129.967, 144.0
Trd, 000130.267, 137.0
Trd, 000130.783, 146
Trd, 000131.950, 144
Trd, 000132.083, 143
Trd, 000132.500, 143
Trd, 000133.467, 143
Trd, 000133.683, 144
Trd, 000134.033, 146
Trd, 000134.133, 143
Trd, 000134.183, 147
Trd, 000135.650, 146
Trd, 000135.767, 144
Trd, 000135.867, 142
Trd, 000137.367, 151
Trd, 000137.383, 141
Trd, 000138.817, 145
Trd, 000138.883, 147
Trd, 000140.750, 146
Trd, 000140.800, 147
Trd, 000141.467, 145
Trd, 000141.633, 146
Trd, 000141.917, 144
Trd, 000142.217, 145
Trd, 000142.233, 148
Trd, 000142.500, 143
Trd, 000142.933, 140
Trd, 000143.433, 144.0
Trd, 000144.483, 142
Trd, 000145.433, 142
Trd, 000145.767, 153
Trd, 000145.817, 155.0
Trd, 000146.833, 151
Trd, 000148.550, 147
Trd, 000148.600, 148
Trd, 000149.300, 147
Trd, 000149.633, 146
Trd, 000149.650, 144.0
Trd, 000150.450, 145
Trd, 000150.683, 148
Trd, 000151.367, 144
Trd, 000151.967, 144.0
Trd, 000153.400, 146
Trd, 000153.683, 145
Trd, 000154.383, 143
Trd, 000154.767, 144
Trd, 000155.333, 143
Trd, 000156.050, 144
Trd, 000156.067, 143
Trd, 000156.300, 145
Trd, 000156.317, 142
Trd, 000156.450, 151
Trd, 000156.767, 139
Trd, 000158.150, 144
Trd, 000158.467, 145
Trd, 000158.500, 154.0
Trd, 000159.233, 148
Trd, 000160.633, 147
Trd, 000161.433, 149
Trd, 000161.583, 150
Trd, 000162.300, 147
Trd, 000162.650, 148
Trd, 000162.933, 147
Trd, 000163.183, 147
Trd, 000163.533, 145.0
Trd, 000164.417, 147
Trd, 000164.667, 147
Trd, 000165.183, 147
Trd, 000165.700, 146.0
Trd, 000165.750, 147
Trd, 000166.317, 151.0
Trd, 000166.717, 151
Trd, 000168.550, 151
Trd, 000169.550, 153.0
Trd, 000170.117, 153.0
Trd, 000170.483, 153
Trd, 000170.583, 154.0
Trd, 000170.833, 151.0
Trd, 000171.633, 149
Trd, 000172.433, 149.0
Trd, 000173.150, 151
Trd, 000173.400, 149
Trd, 000174.033, 149.0
Trd, 000174.133, 150
Trd, 000174.267, 148.0
Trd, 000174.900, 142
Trd, 000176.150, 144
Trd, 000176.683, 143
Trd, 000176.800, 149
Trd, 000178.067, 148
Trd, 000178.133, 148
Trd, 000178.550, 144
Trd, 000179.300, 147
Trd, 000180.117, 144.0
Trd, 000180.367, 145
Trd, 000181.433, 145
Trd, 000181.517, 147
Trd, 000182.650, 144
Trd, 000183.450, 143
Trd, 000183.717, 144
Trd, 000183.733, 143
Trd, 000184.217, 142
Trd, 000184.683, 147
Trd, 000185.067, 151
Trd, 000186.317, 146
Trd, 000186.350, 149
Trd, 000187.050, 143
Trd, 000189.000, 144.0
Trd, 000189.367, 144
Trd, 000189.517, 146
Trd, 000189.617, 143
Trd, 000189.783, 148
Trd, 000189.800, 151
Trd, 000189.900, 155.0
Trd, 000190.017, 163
Trd, 000191.367, 146
Trd, 000191.950, 146
Trd, 000192.383, 144
Trd, 000192.933, 145
Trd, 000192.967, 144
Trd, 000194.083, 145
Trd, 000194.483, 157
Trd, 000194.717, 149
Trd, 000195.867, 151.0
Trd, 000195.883, 155
Trd, 000196.000, 149.0
Trd, 000196.600, 148.0
Trd, 000196.683, 148
Trd, 000196.800, 156
Trd, 000198.183, 150
Trd, 000198.200, 152
Trd, 000198.400, 151
Trd, 000198.617, 157.0
Trd, 000199.583, 157
Trd, 000201.300, 154
Trd, 000201.500, 151.0
Trd, 000201.583, 157
Trd, 000203.250, 152
Trd, 000203.350, 149
Trd, 000203.850, 148.0
Trd, 000204.517, 151
Trd, 000205.050, 150
Trd, 000205.183, 151
Trd, 000205.700, 152
Trd, 000207.083, 149.0
Trd, 000207.550, 148
Trd, 000208.433, 146.0
Trd, 000208.583, 148.0
Trd, 000209.017, 145.0
Trd, 000210.433, 143
Trd, 000210.583, 138
Trd, 000210.800, 145
Trd, 000212.517, 141
Trd, 000212.783, 142
Trd, 000212.817, 141
Trd, 000213.200, 151
Trd, 000213.600, 140
Trd, 000213.717, 146
Trd, 000214.767, 145
Trd, 000215.233, 146
Trd, 000216.017, 148.0
Trd, 000216.250, 146
Trd, 000216.283, 148.0
Trd, 000217.017, 145
Trd, 000217.600, 150
Trd, 000218.450, 141
Trd, 000218.567, 141
Trd, 000218.967, 144.0
Trd, 000219.567, 146
Trd, 000219.983, 142
Trd, 000220.183, 153.0
Trd, 000220.200, 141
Trd, 000220.967, 152
Trd, 000221.467, 138
Trd, 000221.767, 137
Trd, 000221.783, 148
Trd, 000222.300, 144.0
Trd, 000224.333, 144
Trd, 000224.683, 144
Trd, 000224.867, 140.0
Trd, 000225.233, 153
Trd, 000225.517, 139.0
Trd, 000225.650, 138
Trd, 000226.350, 153.0
Trd, 000226.367, 141
Trd, 000228.233, 143
Trd, 000228.333, 145
Trd, 000228.617, 146
Trd, 000228.883, 145.0
Trd, 000228.933, 143.0
Trd, 000228.983, 140
Trd, 000230.300, 143.0
Trd, 000230.767, 143
Trd, 000231.183, 143
Trd, 000231.217, 144.0
Trd, 000233.383, 142
Trd, 000234.650, 139
Trd, 000234.850, 140
Trd, 000235.183, 142
Trd, 000235.450, 140
Trd, 000235.883, 144.0
Trd, 000236.250, 152.0
Trd, 000237.250, 153
Trd, 000237.817, 152
Trd, 000238.617, 151.0
Trd, 000239.217, 150
Trd, 000239.383, 149
Trd, 000239.500, 149
Trd, 000239.867, 144.0
Trd, 000239.967, 149
Trd, 000240.417, 144.0
Trd, 000240.450, 149
Trd, 000241.183, 145
Trd, 000241.967, 148.0
Trd, 000242.250, 147
Trd, 000242.883, 148
Trd, 000243.117, 147
Trd, 000243.933, 140
Trd, 000244.167, 142.0
Trd, 000244.517, 142
Trd, 000244.667, 134.0
Trd, 000245.567, 144.0
Trd, 000245.750, 146
Trd, 000245.767, 138
Trd, 000246.083, 148.0
Trd, 000246.133, 151
Trd, 000246.183, 155.0
Trd, 000247.000, 152
Trd, 000247.017, 153
Trd, 000247.067, 154
Trd, 000247.550, 158.0
Trd, 000247.917, 156
Trd, 000248.283, 154
Trd, 000248.533, 153
Trd, 000248.983, 154.0
Trd, 000249.900, 152.0
Trd, 000250.100, 151.0
Trd, 000250.683, 153
Trd, 000251.450, 152
Trd, 000251.733, 151
Trd, 000252.217, 148.0
Trd, 000253.067, 146
Trd, 000253.933, 141
Trd, 000254.050, 147
Trd, 000254.783, 142
Trd, 000255.433, 143.0
Trd, 000255.667, 145
Trd, 000255.917, 144
Trd, 000256.083, 144.0
Trd, 000256.267, 144.0
Trd, 000257.033, 142
Trd, 000257.317, 141
Trd, 000257.617, 143
Trd, 000259.183, 143
Trd, 000260.117, 145
Trd, 000260.467, 146.0
Trd, 000260.500, 142
Trd, 000260.750, 144.0
Trd, 000261.117, 147.0
Trd, 000261.900, 148.0
Trd, 000262.017, 148
Trd, 000262.300, 151
Trd, 000262.950, 151
Trd, 000263.583, 155.0
Trd, 000264.083, 158.0
Trd, 000264.133, 162
Trd, 000264.333, 162.0
Trd, 000264.617, 162
Trd, 000265.283, 162.0
Trd, 000265.400, 161
Trd, 000265.417, 154
Trd, 000266.617, 159
Trd, 000267.133, 154
Trd, 000267.617, 148.0
Trd, 000267.650, 146
Trd, 000267.767, 144.0
Trd, 000268.850, 149
Trd, 000269.033, 153
Trd, 000269.050, 155.0
Trd, 000269.567, 149
Trd, 000269.683, 152
Trd, 000270.300, 150
Trd, 000270.333, 152
Trd, 000270.950, 149
Trd, 000271.567, 148
Trd, 000272.267, 152
Trd, 000272.283, 153
Trd, 000272.717, 154.0
Trd, 000273.417, 148.0
Trd, 000273.550, 153
Trd, 000274.683, 147
Trd, 000275.067, 148.0
Trd, 000275.283, 144.0
Trd, 000275.417, 148
Trd, 000276.017, 148.0
Trd, 000276.450, 144
Trd, 000276.650, 149.0
Trd, 000276.683, 143
Trd, 000276.700, 150
Trd, 000277.817, 150
Trd, 000277.917, 155.0
Trd, 000278.800, 158.0
Trd, 000279.517, 158
Trd, 000279.667, 153.0
Trd, 000280.117, 154
Trd, 000280.400, 153
Trd, 000280.500, 152
Trd, 000280.517, 160
Trd, 000281.017, 152
Trd, 000281.817, 155
Trd, 000281.950, 151
Trd, 000282.083, 156
Trd, 000282.100, 156
Trd, 000282.717, 155
Trd, 000282.950, 153.0
Trd, 000283.267, 151.0
Trd, 000284.567, 155
Trd, 000285.383, 151.0
Trd, 000286.167, 151
Trd, 000286.317, 152
Trd, 000286.717, 151
Trd, 000286.867, 146
Trd, 000287.283, 144.0
Trd, 000288.500, 151.0
Trd, 000288.783, 150.0
Trd, 000289.417, 152
Trd, 000289.883, 148.0
Trd, 000290.317, 152
Trd, 000290.333, 152
Trd, 000290.517, 155.0
Trd, 000291.050, 158.0
Trd, 000291.433, 151
Trd, 000291.517, 152
Trd, 000291.933, 156
Trd, 000292.450, 151.0
Trd, 000292.517, 148
Trd, 000293.317, 152
Trd, 000293.917, 148
Trd, 000294.483, 148.0
Trd, 000294.833, 151
Trd, 000295.350, 152
Trd, 000295.483, 151
Trd, 000295.983, 152
Trd, 000297.167, 151
Trd, 000297.283, 149
Trd, 000297.500, 148
Trd, 000297.683, 157.0
Trd, 000297.867, 147
Trd, 000298.667, 151.0
Trd, 000298.983, 155
Trd, 000299.150, 156
Trd, 000299.433, 155
Trd, 000299.583, 149
