Trd, 000002.850, 149
Trd, 000002.883, 150
Trd, 000003.500, 135
Trd, 000003.650, 133
Trd, 000004.050, 151
Trd, 000004.383, 131.0
Trd, 000004.483, 152
Trd, 000004.767, 121.0
Trd, 000005.817, 145
Trd, 000006.167, 153
Trd, 000006.917, 179
Trd, 000007.300, 151
Trd, 000008.450, 153
Trd, 000008.817, 154
Trd, 000008.917, 154
Trd, 000009.550, 152.0
Trd, 000009.800, 151.0
Trd, 000010.367, 149
Trd, 000010.550, 153
Trd, 000010.567, 149.0
Trd, 000010.717, 152
Trd, 000010.967, 148.0
Trd, 000012.583, 147
Trd, 000012.633, 149
Trd, 000012.783, 141.0
Trd, 000013.500, 148
Trd, 000013.750, 143
Trd, 000014.117, 148
Trd, 000014.967, 149
Trd, 000015.300, 149
Trd, 000016.333, 148
Trd, 000016.450, 147.0
Trd, 000016.467, 144
Trd, 000016.667, 150
Trd, 000017.550, 154
Trd, 000017.617, 133
Trd, 000018.517, 141.0
Trd, 000018.533, 135
Trd, 000020.533, 141
Trd, 000020.933, 142
Trd, 000021.117, 143
Trd, 000021.150, 143
Trd, 000022.967, 142
Trd, 000023.217, 141.0
Trd, 000023.350, 140
Trd, 000023.783, 140
Trd, 000024.550, 139
Trd, 000024.767, 139
Trd, 000025.133, 140
Trd, 000025.617, 139
Trd, 000025.683, 138
Trd, 000026.233, 141.0
Trd, 000026.967, 135
Trd, 000027.150, 140
Trd, 000027.183, 134
Trd, 000027.400, 141
Trd, 000027.517, 133
Trd, 000028.067, 140
Trd, 000028.433, 141.0
Trd, 000028.500, 133.0
Trd, 000029.750, 139
Trd, 000030.483, 139
Trd, 000030.817, 141
Trd, 000031.350, 158
Trd, 000031.650, 159
Trd, 000032.383, 158.0
Trd, 000033.817, 150
Trd, 000034.150, 150
Trd, 000034.217, 151
Trd, 000035.150, 150.0
Trd, 000035.617, 149
Trd, 000036.400, 149
Trd, 000036.533, 148.0
Trd, 000036.783, 141.0
Trd, 000037.067, 146
Trd, 000037.133, 147
Trd, 000037.750, 142
Trd, 000038.383, 153
Trd, 000038.650, 143
Trd, 000039.567, 142
Trd, 000039.817, 142
Trd, 000039.900, 142
Trd, 000040.933, 143
Trd, 000041.200, 144
Trd, 000041.317, 143
Trd, 000041.517, 167.0
Trd, 000042.333, 141
Trd, 000042.650, 152
Trd, 000043.433, 141.0
Trd, 000043.933, 147
Trd, 000045.183, 158
Trd, 000045.400, 153.0
Trd, 000045.867, 151.0
Trd, 000046.500, 153
Trd, 000046.983, 153
Trd, 000047.483, 151
Trd, 000047.767, 133
Trd, 000048.533, 143
Trd, 000048.567, 133.0
Trd, 000048.750, 132.0
Trd, 000049.217, 143
Trd, 000049.800, 141
Trd, 000050.333, 134
Trd, 000050.467, 139
Trd, 000050.700, 141.0
Trd, 000050.833, 141
Trd, 000052.083, 163
Trd, 000052.350, 160
Trd, 000052.733, 160
Trd, 000053.017, 153.0
Trd, 000054.300, 156.0
Trd, 000054.617, 155.0
Trd, 000054.667, 151.0
Trd, 000055.733, 148.0
Trd, 000055.917, 151
Trd, 000056.117, 132
Trd, 000056.317, 148
Trd, 000056.583, 147
Trd, 000057.117, 146
Trd, 000057.150, 149
Trd, 000059.117, 147
Trd, 000059.167, 148
Trd, 000059.883, 148
Trd, 000060.100, 147
Trd, 000060.167, 149
Trd, 000060.317, 148
Trd, 000061.083, 145
Trd, 000061.417, 142
Trd, 000061.967, 144.0
Trd, 000062.667, 146
Trd, 000063.533, 146
Trd, 000064.550, 150
Trd, 000064.733, 149
Trd, 000064.933, 146
Trd, 000065.250, 148
Trd, 000065.500, 144
Trd, 000065.650, 145
Trd, 000066.117, 144
Trd, 000067.067, 141.0
Trd, 000067.167, 142
Trd, 000067.467, 137
Trd, 000067.967, 139
Trd, 000068.100, 139
Trd, 000068.500, 138
Trd, 000068.817, 141.0
Trd, 000069.033, 143
Trd, 000069.133, 144
Trd, 000069.250, 132
Trd, 000069.650, 132.0
Trd, 000070.533, 144
Trd, 000071.100, 143
Trd, 000071.467, 144
Trd, 000072.700, 141
Trd, 000073.150, 137
Trd, 000073.467, 142
Trd, 000074.267, 140
Trd, 000074.417, 141
Trd, 000074.667, 138
Trd, 000074.950, 139
Trd, 000075.117, 137
Trd, 000075.533, 137
Trd, 000076.350, 158.0
Trd, 000076.517, 152
Trd, 000078.183, 156.0
Trd, 000078.433, 155.0
Trd, 000079.383, 148.0
Trd, 000079.800, 141.0
Trd, 000080.500, 147
Trd, 000080.750, 148
Trd, 000080.967, 149
Trd, 000081.133, 147
Trd, 000081.233, 145
Trd, 000081.933, 143
Trd, 000082.600, 145
Trd, 000082.633, 140
Trd, 000083.183, 141
Trd, 000083.700, 141
Trd, 000083.717, 141.0
Trd, 000084.233, 147
Trd, 000084.400, 155.0
Trd, 000084.550, 151.0
Trd, 000085.083, 153
Trd, 000085.833, 152
Trd, 000086.600, 161.0
Trd, 000088.333, 155.0
Trd, 000088.800, 153
Trd, 000088.817, 152
Trd, 000090.583, 150
Trd, 000090.850, 150
Trd, 000091.033, 148.0
Trd, 000091.117, 150
Trd, 000091.167, 151
Trd, 000091.417, 154
Trd, 000091.717, 153
Trd, 000091.883, 141.0
Trd, 000092.433, 138
Trd, 000093.283, 143
Trd, 000094.200, 155.0
Trd, 000094.550, 151
Trd, 000095.733, 155
Trd, 000096.483, 144
Trd, 000097.383, 133
Trd, 000097.583, 154.0
Trd, 000098.033, 145
Trd, 000099.283, 141.0
Trd, 000099.767, 141.0
Trd, 000099.783, 140
Trd, 000099.800, 141
Trd, 000099.983, 139
Trd, 000100.533, 123.0
Trd, 000100.717, 124.0
Trd, 000101.150, 122.0
Trd, 000102.317, 124.0
Trd, 000102.583, 127.0
Trd, 000102.733, 124
Trd, 000102.883, 126
Trd, 000103.350, 124
Trd, 000103.517, 134.0
Trd, 000104.450, 129
Trd, 000104.667, 123
Trd, 000104.883, 139
Trd, 000105.050, 122
Trd, 000105.900, 139.0
Trd, 000106.517, 126
Trd, 000106.600, 141.0
Trd, 000107.867, 141.0
Trd, 000108.100, 137
Trd, 000108.467, 139
Trd, 000108.900, 137
Trd, 000109.300, 139
Trd, 000109.350, 140
Trd, 000109.367, 141
Trd, 000109.567, 142
Trd, 000110.183, 137
Trd, 000110.650, 136
Trd, 000111.467, 139
Trd, 000112.600, 144
Trd, 000113.567, 148
Trd, 000113.683, 147
Trd, 000114.600, 148
Trd, 000115.067, 149
Trd, 000115.600, 151.0
Trd, 000115.967, 150
Trd, 000116.100, 149
Trd, 000116.783, 144
Trd, 000116.900, 145
Trd, 000117.483, 144
Trd, 000117.517, 145
Trd, 000117.933, 146
Trd, 000118.533, 144.0
Trd, 000119.200, 145
Trd, 000119.767, 142.0
Trd, 000119.783, 141.0
Trd, 000120.000, 144
Trd, 000120.350, 133
Trd, 000120.667, 145
Trd, 000120.917, 145
Trd, 000121.167, 145
Trd, 000121.417, 148
Trd, 000121.617, 133.0
Trd, 000123.050, 146
Trd, 000123.350, 144
Trd, 000123.817, 143
Trd, 000124.033, 144
Trd, 000124.283, 141.0
Trd, 000124.433, 143
Trd, 000125.533, 140
Trd, 000125.583, 141
Trd, 000126.700, 142
Trd, 000126.850, 136
Trd, 000127.350, 136
Trd, 000127.717, 135
Trd, 000128.167, 142
Trd, 000128.317, 144
Trd, 000128.467, 133
Trd, 000129.100, 142.0
Trd, 000129.383, 144
Trd, 000129.900, 155.0
Trd, 000131.000, 155
Trd, 000131.450, 155
Trd, 000131.500, 141.0
Trd, 000132.200, 149
Trd, 000132.483, 132
Trd, 000133.200, 131.0
Trd, 000133.217, 139
Trd, 000133.450, 141.0
Trd, 000133.833, 140
Trd, 000134.083, 120.0
Trd, 000134.333, 136
Trd, 000134.717, 144
Trd, 000135.133, 141
Trd, 000135.700, 141
Trd, 000136.283, 139
Trd, 000136.700, 142
Trd, 000137.817, 143
Trd, 000137.850, 144
Trd, 000138.333, 142.0
Trd, 000138.417, 141.0
Trd, 000138.617, 143
Trd, 000138.950, 144
Trd, 000139.300, 149
Trd, 000140.383, 152
Trd, 000140.683, 151.0
Trd, 000140.900, 164.0
Trd, 000141.400, 147
Trd, 000142.667, 133
Trd, 000142.683, 131.0
Trd, 000144.067, 152.0
Trd, 000144.567, 151.0
Trd, 000145.217, 149
Trd, 000145.717, 147
Trd, 000145.750, 149
Trd, 000145.800, 146
Trd, 000145.933, 141.0
Trd, 000146.217, 149
Trd, 000146.867, 148
Trd, 000147.683, 146
Trd, 000147.850, 145
Trd, 000148.450, 143
Trd, 000149.433, 147
Trd, 000149.517, 144
Trd, 000149.700, 147
Trd, 000149.950, 161
Trd, 000150.317, 172
Trd, 000150.617, 165
Trd, 000150.883, 163
Trd, 000151.717, 165
Trd, 000152.200, 161
Trd, 000152.483, 155.0
Trd, 000153.050, 165
Trd, 000153.433, 148.0
Trd, 000154.833, 162
Trd, 000154.983, 141.0
Trd, 000155.217, 163
Trd, 000155.833, 154
Trd, 000155.867, 152
Trd, 000157.783, 152
Trd, 000158.450, 151.0
Trd, 000158.667, 149
Trd, 000159.483, 148.0
Trd, 000160.533, 121.0
Trd, 000160.733, 120.0
Trd, 000160.900, 136
Trd, 000161.183, 127
Trd, 000161.200, 124
Trd, 000161.450, 137
Trd, 000161.517, 138
Trd, 000161.750, 139
Trd, 000161.817, 124
Trd, 000163.083, 132
Trd, 000164.433, 131
Trd, 000164.717, 134.0
Trd, 000164.967, 128
Trd, 000166.150, 132
Trd, 000166.183, 132
Trd, 000166.767, 131
Trd, 000166.933, 134
Trd, 000167.250, 130
Trd, 000168.117, 132
Trd, 000168.283, 132
Trd, 000168.517, 133
Trd, 000168.667, 131
Trd, 000168.800, 144
Trd, 000169.767, 142
Trd, 000169.917, 141
Trd, 000170.767, 142
Trd, 000170.783, 133
Trd, 000170.800, 144
Trd, 000171.150, 158.0
Trd, 000171.667, 151.0
Trd, 000173.300, 155
Trd, 000174.333, 153
Trd, 000174.467, 163
Trd, 000174.900, 153.0
Trd, 000175.850, 158.0
Trd, 000176.350, 157
Trd, 000177.200, 155.0
Trd, 000177.483, 152.0
Trd, 000178.383, 152
Trd, 000178.750, 148.0
Trd, 000178.967, 151
Trd, 000180.233, 148
Trd, 000180.417, 149
Trd, 000180.583, 141.0
Trd, 000180.900, 142
Trd, 000181.667, 145
Trd, 000182.500, 146
Trd, 000182.617, 147
Trd, 000183.400, 144
Trd, 000183.833, 145
Trd, 000183.900, 144
Trd, 000183.967, 143
Trd, 000184.850, 131.0
Trd, 000185.367, 120.0
Trd, 000186.433, 134
Trd, 000186.500, 130
Trd, 000186.867, 134
Trd, 000187.150, 128
Trd, 000187.300, 127
Trd, 000187.500, 136
Trd, 000187.550, 137
Trd, 000188.300, 138
Trd, 000188.883, 144
Trd, 000188.950, 143
Trd, 000189.433, 164
Trd, 000189.867, 162
Trd, 000191.900, 159
Trd, 000192.250, 167.0
Trd, 000193.500, 164.0
Trd, 000193.783, 161
Trd, 000194.067, 159
Trd, 000194.183, 141.0
Trd, 000194.417, 164.0
Trd, 000195.150, 158.0
Trd, 000196.050, 156.0
Trd, 000196.067, 155.0
Trd, 000196.350, 158
Trd, 000198.350, 154
Trd, 000198.500, 156
Trd, 000198.850, 155
Trd, 000199.083, 153.0
Trd, 000199.433, 141.0
Trd, 000200.567, 152.0
Trd, 000201.017, 151
Trd, 000201.483, 151.0
Trd, 000201.950, 149
Trd, 000202.550, 150
Trd, 000203.567, 150
Trd, 000203.967, 149
Trd, 000204.017, 148
Trd, 000204.617, 131.0
Trd, 000204.683, 147
Trd, 000204.967, 142.0
Trd, 000205.283, 145
Trd, 000205.433, 146
Trd, 000206.350, 143
Trd, 000206.617, 141.0
Trd, 000206.800, 146
Trd, 000207.683, 143
Trd, 000207.800, 142
Trd, 000207.833, 144
Trd, 000208.000, 145
Trd, 000208.450, 146
Trd, 000208.750, 150
Trd, 000209.250, 145
Trd, 000209.267, 132
Trd, 000209.650, 131.0
Trd, 000210.417, 146
Trd, 000210.583, 141.0
Trd, 000211.433, 145
Trd, 000212.350, 142
Trd, 000212.683, 144
Trd, 000213.133, 142
Trd, 000213.183, 141
Trd, 000213.217, 141
Trd, 000213.550, 134
Trd, 000213.767, 139
Trd, 000214.500, 139
Trd, 000215.000, 137
Trd, 000215.433, 138
Trd, 000216.017, 151
Trd, 000217.767, 153
Trd, 000217.783, 133
Trd, 000218.100, 133
Trd, 000218.233, 162.0
Trd, 000218.917, 151
Trd, 000219.133, 141.0
Trd, 000219.183, 133
Trd, 000219.517, 137
Trd, 000219.800, 134
Trd, 000219.883, 151
Trd, 000220.167, 155
Trd, 000221.133, 150
Trd, 000221.800, 150
Trd, 000222.367, 145
Trd, 000224.033, 149
Trd, 000224.233, 150
Trd, 000225.283, 149
Trd, 000225.483, 150
Trd, 000226.233, 149
Trd, 000226.317, 148
Trd, 000226.400, 151.0
Trd, 000226.500, 152
Trd, 000227.917, 149.0
Trd, 000227.950, 148.0
Trd, 000228.500, 150
Trd, 000228.617, 151
Trd, 000229.250, 141.0
Trd, 000229.900, 145
Trd, 000230.700, 141.0
Trd, 000230.800, 144
Trd, 000231.533, 141.0
Trd, 000231.983, 133
Trd, 000232.817, 134
Trd, 000233.000, 133
Trd, 000233.067, 136
Trd, 000233.433, 135
Trd, 000233.983, 134
Trd, 000234.217, 135
Trd, 000234.250, 139
Trd, 000234.433, 141.0
Trd, 000234.617, 134
Trd, 000234.917, 135
Trd, 000235.183, 139
Trd, 000236.200, 134
Trd, 000236.817, 142.0
Trd, 000236.867, 141.0
Trd, 000237.083, 140
Trd, 000238.133, 140
Trd, 000238.183, 141
Trd, 000238.300, 136
Trd, 000238.317, 144
Trd, 000238.867, 168.0
Trd, 000239.417, 146
Trd, 000240.100, 145
Trd, 000240.683, 145.0
Trd, 000241.033, 145
Trd, 000241.183, 146
Trd, 000241.367, 146
Trd, 000241.533, 146
Trd, 000241.750, 141.0
Trd, 000242.300, 148.0
Trd, 000243.083, 161.0
Trd, 000243.250, 158.0
Trd, 000243.367, 159
Trd, 000244.200, 158
Trd, 000244.267, 148.0
Trd, 000245.317, 158.0
Trd, 000245.667, 158.0
Trd, 000245.800, 160.0
Trd, 000245.950, 155.0
Trd, 000246.600, 153
Trd, 000246.667, 154
Trd, 000247.333, 152
Trd, 000247.400, 153
Trd, 000247.567, 154
Trd, 000247.800, 152
Trd, 000248.950, 151.0
Trd, 000249.233, 144.0
Trd, 000250.267, 143.0
Trd, 000250.383, 149
Trd, 000250.483, 151
Trd, 000251.817, 147.0
Trd, 000251.883, 146.0
Trd, 000252.200, 144.0
Trd, 000252.367, 145
Trd, 000252.900, 146
Trd, 000253.517, 147.0
Trd, 000254.150, 146
Trd, 000254.633, 148.0
Trd, 000255.683, 145.0
Trd, 000256.250, 144.0
Trd, 000256.400, 146
Trd, 000257.100, 145
Trd, 000257.233, 143
Trd, 000257.267, 142
Trd, 000257.467, 145
Trd, 000257.783, 141.0
Trd, 000258.183, 143
Trd, 000258.300, 141
Trd, 000258.333, 146
Trd, 000258.900, 133
Trd, 000259.983, 131
Trd, 000260.350, 137
Trd, 000261.067, 137
Trd, 000261.267, 136.0
Trd, 000261.350, 137
Trd, 000261.617, 138
Trd, 000261.950, 141.0
Trd, 000262.050, 144
Trd, 000263.200, 142
Trd, 000263.217, 140
Trd, 000263.250, 143
Trd, 000263.550, 148.0
Trd, 000264.567, 151
Trd, 000264.683, 147
Trd, 000265.033, 148
Trd, 000266.283, 149
Trd, 000266.550, 149
Trd, 000266.750, 148
Trd, 000266.817, 149
Trd, 000267.067, 150
Trd, 000267.183, 148.0
Trd, 000267.867, 149
Trd, 000269.183, 149
Trd, 000269.517, 155.0
Trd, 000269.600, 147
Trd, 000270.667, 163
Trd, 000270.850, 151
Trd, 000271.700, 153
Trd, 000271.717, 150
Trd, 000271.900, 153
Trd, 000272.100, 155
Trd, 000272.183, 155
Trd, 000272.267, 151.0
Trd, 000273.333, 142.0
Trd, 000273.483, 141.0
Trd, 000273.550, 132
Trd, 000273.783, 153
Trd, 000274.783, 147
Trd, 000275.100, 148.0
Trd, 000275.150, 149
Trd, 000275.700, 150
Trd, 000275.933, 151
Trd, 000276.083, 148
Trd, 000277.150, 149
Trd, 000277.333, 150
Trd, 000277.450, 146
Trd, 000277.500, 146
Trd, 000277.733, 141.0
Trd, 000278.967, 148
Trd, 000279.483, 144
Trd, 000279.533, 145
Trd, 000280.550, 145
Trd, 000280.717, 144
Trd, 000281.017, 144
Trd, 000281.700, 145
Trd, 000282.000, 143
Trd, 000282.267, 144
Trd, 000282.733, 144
Trd, 000283.200, 142
Trd, 000283.517, 143
Trd, 000284.000, 144
Trd, 000284.150, 151
Trd, 000284.267, 142
Trd, 000284.500, 168.0
Trd, 000284.633, 158.0
Trd, 000284.750, 141
Trd, 000285.083, 164
Trd, 000286.883, 152
Trd, 000286.917, 149
Trd, 000287.050, 154
Trd, 000287.500, 152
Trd, 000287.850, 153
Trd, 000288.267, 165.0
Trd, 000288.450, 151
Trd, 000288.600, 163
Trd, 000289.533, 165
Trd, 000289.800, 162
Trd, 000290.000, 162
Trd, 000290.383, 148.0
Trd, 000291.000, 141.0
Trd, 000291.500, 157.0
Trd, 000292.583, 152
Trd, 000292.867, 155
Trd, 000293.083, 155.0
Trd, 000293.300, 155
Trd, 000293.850, 152
Trd, 000293.950, 151.0
Trd, 000294.150, 148.0
Trd, 000294.217, 152
Trd, 000294.717, 152
Trd, 000295.050, 153
Trd, 000295.167, 131
Trd, 000296.567, 147.0
Trd, 000297.283, 148.0
Trd, 000297.483, 152
Trd, 000297.650, 147.0
Trd, 000299.333, 148
Trd, 000299.550, 150
Trd, 000299.800, 150
Trd, 000299.950, 148
