Trd, 000002.567, 136
Trd, 000003.333, 120.0
Trd, 000003.500, 124.0
Trd, 000004.250, 128
Trd, 000004.750, 134
Trd, 000004.800, 141.0
Trd, 000005.350, 134
Trd, 000005.750, 144.0
Trd, 000005.917, 146
Trd, 000006.400, 148.0
Trd, 000007.667, 144
Trd, 000008.017, 138
Trd, 000008.817, 147.0
Trd, 000009.200, 148.0
Trd, 000009.517, 146
Trd, 000009.800, 155.0
Trd, 000011.167, 158.0
Trd, 000011.350, 154
Trd, 000011.750, 164
Trd, 000011.933, 171
Trd, 000012.033, 159
Trd, 000012.383, 137.0
Trd, 000012.800, 148.0
Trd, 000013.150, 166.0
Trd, 000014.400, 168
Trd, 000017.083, 165
Trd, 000017.433, 169
Trd, 000018.500, 166.0
Trd, 000018.883, 167
Trd, 000019.000, 167
Trd, 000019.767, 170
Trd, 000019.800, 165.0
Trd, 000020.033, 162
Trd, 000020.067, 158
Trd, 000021.483, 158.0
Trd, 000021.750, 168
Trd, 000021.783, 171
Trd, 000022.783, 166
Trd, 000022.950, 167
Trd, 000023.433, 167
Trd, 000023.467, 165
Trd, 000023.750, 160
Trd, 000024.200, 158.0
Trd, 000025.867, 148.0
Trd, 000027.100, 149
Trd, 000027.233, 150
Trd, 000027.400, 150
Trd, 000028.550, 149
Trd, 000028.667, 150
Trd, 000030.567, 148.0
Trd, 000030.817, 150
Trd, 000030.983, 147
Trd, 000031.017, 141.0
Trd, 000031.417, 150
Trd, 000032.150, 142.0
Trd, 000032.600, 165.0
Trd, 000033.933, 155.0
Trd, 000034.133, 154
Trd, 000034.650, 155
Trd, 000035.367, 156
Trd, 000035.833, 156
Trd, 000036.233, 158.0
Trd, 000038.083, 157
Trd, 000038.267, 148.0
Trd, 000038.717, 147
Trd, 000038.917, 146
Trd, 000039.350, 148
Trd, 000039.683, 149
Trd, 000039.800, 150
Trd, 000041.133, 148
Trd, 000041.583, 147
Trd, 000042.317, 149
Trd, 000042.967, 155.0
Trd, 000043.600, 158.0
Trd, 000044.417, 153
Trd, 000044.533, 131.0
Trd, 000046.183, 151
Trd, 000046.350, 151
Trd, 000047.850, 155
Trd, 000048.283, 157
Trd, 000048.433, 156
Trd, 000049.383, 158
Trd, 000049.483, 159
Trd, 000050.217, 157
Trd, 000050.633, 137.0
Trd, 000051.133, 157
Trd, 000051.633, 155
Trd, 000051.817, 151
Trd, 000052.883, 153
Trd, 000054.200, 149
Trd, 000054.317, 149
Trd, 000055.150, 147
Trd, 000055.450, 147
Trd, 000056.550, 147
Trd, 000056.783, 148
Trd, 000057.417, 147
Trd, 000057.433, 137.0
Trd, 000058.450, 148.0
Trd, 000059.017, 147
Trd, 000060.083, 147
Trd, 000060.583, 148
Trd, 000060.800, 148.0
Trd, 000061.383, 148
Trd, 000061.417, 144
Trd, 000062.250, 148
Trd, 000062.350, 145
Trd, 000062.817, 147
Trd, 000064.000, 145
Trd, 000064.333, 145
Trd, 000064.633, 140
Trd, 000065.283, 141
Trd, 000065.617, 146
Trd, 000066.217, 144
Trd, 000066.267, 146
Trd, 000066.283, 148.0
Trd, 000067.200, 155.0
Trd, 000067.733, 140
Trd, 000067.783, 150
Trd, 000068.450, 138
Trd, 000069.400, 163
Trd, 000069.667, 158.0
Trd, 000070.417, 156
Trd, 000070.950, 153.0
Trd, 000071.100, 154.0
Trd, 000071.667, 154
Trd, 000071.950, 153
Trd, 000072.150, 152
Trd, 000073.033, 155.0
Trd, 000073.500, 152
Trd, 000073.600, 153
Trd, 000074.700, 165.0
Trd, 000075.233, 158
Trd, 000075.450, 157
Trd, 000075.600, 148
Trd, 000076.083, 155.0
Trd, 000076.100, 154
Trd, 000076.533, 158
Trd, 000076.900, 155
Trd, 000078.783, 143
Trd, 000080.217, 142
Trd, 000080.333, 143
Trd, 000080.600, 143.0
Trd, 000081.000, 143
Trd, 000081.200, 144.0
Trd, 000082.933, 155.0
Trd, 000084.017, 158.0
Trd, 000084.683, 165.0
Trd, 000084.850, 161
Trd, 000085.283, 162
Trd, 000086.050, 168
Trd, 000086.450, 162
Trd, 000087.167, 163
Trd, 000087.600, 162
Trd, 000087.733, 160
Trd, 000087.883, 160
Trd, 000088.000, 166
Trd, 000088.483, 166
Trd, 000088.783, 165
Trd, 000089.650, 163
Trd, 000090.383, 162
Trd, 000090.700, 158.0
Trd, 000090.833, 158
Trd, 000091.833, 140
Trd, 000092.967, 149
Trd, 000093.883, 154
Trd, 000094.250, 152
Trd, 000094.700, 152
Trd, 000095.050, 149
Trd, 000095.133, 137.0
Trd, 000096.200, 154
Trd, 000096.450, 154
Trd, 000096.833, 153
Trd, 000097.200, 154
Trd, 000097.933, 148
Trd, 000099.183, 149
Trd, 000099.750, 150
Trd, 000100.233, 150
Trd, 000100.500, 148
Trd, 000100.633, 148
Trd, 000101.100, 151
Trd, 000102.683, 152
Trd, 000103.550, 169
Trd, 000104.583, 167.0
Trd, 000105.000, 165.0
Trd, 000105.300, 159
Trd, 000105.650, 158.0
Trd, 000106.233, 162
Trd, 000106.267, 163
Trd, 000106.333, 160
Trd, 000107.033, 157
Trd, 000107.367, 157
Trd, 000108.500, 154.0
Trd, 000109.167, 155.0
Trd, 000109.633, 170
Trd, 000110.367, 168
Trd, 000111.567, 165.0
Trd, 000112.250, 166
Trd, 000112.383, 165
Trd, 000112.467, 165
Trd, 000113.183, 158.0
Trd, 000113.883, 165
Trd, 000114.450, 167
Trd, 000115.417, 155
Trd, 000115.733, 155
Trd, 000116.500, 163
Trd, 000117.183, 160
Trd, 000118.367, 161
Trd, 000118.750, 160
Trd, 000119.900, 143
Trd, 000120.583, 143.0
Trd, 000121.217, 137.0
Trd, 000121.317, 144.0
Trd, 000121.567, 143
Trd, 000121.650, 148.0
Trd, 000122.250, 142
Trd, 000122.300, 145
Trd, 000123.417, 147
Trd, 000123.667, 155.0
Trd, 000124.367, 171
Trd, 000124.583, 140
Trd, 000125.017, 151
Trd, 000125.967, 152.0
Trd, 000126.467, 155.0
Trd, 000126.733, 153
Trd, 000127.383, 148
Trd, 000127.717, 152
Trd, 000128.100, 148
Trd, 000128.650, 149
Trd, 000129.500, 152
Trd, 000130.367, 159.0
Trd, 000130.533, 158.0
Trd, 000130.717, 154
Trd, 000131.333, 154
Trd, 000131.883, 152
Trd, 000131.950, 138.0
Trd, 000132.850, 172
Trd, 000134.467, 156
Trd, 000134.933, 149
Trd, 000135.433, 155
Trd, 000135.583, 148
Trd, 000136.367, 147
Trd, 000136.667, 147.0
Trd, 000136.833, 148.0
Trd, 000138.067, 146
Trd, 000138.200, 146
Trd, 000139.667, 144
Trd, 000140.067, 145
Trd, 000140.633, 145
Trd, 000140.883, 146
Trd, 000141.383, 155.0
Trd, 000142.117, 165.0
Trd, 000142.733, 154.0
Trd, 000143.717, 153
Trd, 000144.617, 154.0
Trd, 000145.000, 154.0
Trd, 000145.583, 154
Trd, 000145.667, 155.0
Trd, 000145.767, 153
Trd, 000145.833, 158.0
Trd, 000145.983, 151
Trd, 000147.317, 137.0
Trd, 000148.100, 151
Trd, 000148.333, 144
Trd, 000150.317, 148.0
Trd, 000150.467, 148
Trd, 000151.083, 147
Trd, 000151.300, 148
Trd, 000152.000, 152
Trd, 000152.900, 148
Trd, 000152.967, 151
Trd, 000153.500, 151
Trd, 000154.150, 150
Trd, 000155.117, 150
Trd, 000155.283, 151
Trd, 000155.950, 150
Trd, 000156.233, 150
Trd, 000156.467, 149
Trd, 000156.517, 155.0
Trd, 000156.717, 158.0
Trd, 000158.267, 137.0
Trd, 000158.450, 147
Trd, 000158.967, 145
Trd, 000159.550, 146
Trd, 000160.617, 147
Trd, 000160.950, 148.0
Trd, 000161.283, 155.0
Trd, 000162.733, 158
Trd, 000162.867, 158
Trd, 000163.250, 157
Trd, 000163.383, 162
Trd, 000163.950, 155
Trd, 000164.233, 161
Trd, 000164.367, 163
Trd, 000164.767, 167
Trd, 000165.183, 158.0
Trd, 000165.350, 143
Trd, 000166.483, 151
Trd, 000166.783, 155.0
Trd, 000166.917, 157
Trd, 000168.517, 160
Trd, 000168.567, 160
Trd, 000169.250, 161
Trd, 000169.483, 161
Trd, 000170.067, 161
Trd, 000170.183, 161
Trd, 000170.633, 162
Trd, 000171.917, 160.0
Trd, 000172.183, 158.0
Trd, 000174.200, 159
Trd, 000175.083, 160
Trd, 000175.150, 159
Trd, 000175.450, 161
Trd, 000175.467, 159
Trd, 000175.550, 158
Trd, 000175.717, 158
Trd, 000176.300, 159
Trd, 000177.317, 158.0
Trd, 000177.750, 155
Trd, 000178.483, 155
Trd, 000178.600, 157
Trd, 000180.250, 156
Trd, 000180.950, 154
Trd, 000181.400, 153
Trd, 000181.583, 154
Trd, 000181.600, 153
Trd, 000181.750, 152
Trd, 000182.383, 151
Trd, 000183.017, 151
Trd, 000183.550, 152
Trd, 000184.650, 151
Trd, 000184.667, 141
Trd, 000185.067, 150
Trd, 000186.167, 148
Trd, 000186.433, 146
Trd, 000187.017, 147
Trd, 000187.683, 147
Trd, 000188.200, 145
Trd, 000188.300, 148
Trd, 000188.583, 155.0
Trd, 000191.133, 145
Trd, 000191.233, 143
Trd, 000191.450, 147.0
Trd, 000192.717, 145
Trd, 000193.667, 146
Trd, 000193.817, 145
Trd, 000194.333, 148.0
Trd, 000194.817, 145
Trd, 000195.217, 143
Trd, 000195.633, 144
Trd, 000196.017, 141
Trd, 000196.700, 143.0
Trd, 000197.233, 143
Trd, 000197.917, 144
Trd, 000198.267, 144.0
Trd, 000199.100, 140
Trd, 000199.633, 143
Trd, 000200.567, 144
Trd, 000200.800, 145.0
Trd, 000202.250, 143
Trd, 000202.717, 143
Trd, 000203.483, 144
Trd, 000204.700, 144
Trd, 000205.100, 143
Trd, 000205.400, 144
Trd, 000205.950, 144
Trd, 000206.600, 142
Trd, 000208.217, 144.0
Trd, 000208.417, 144
Trd, 000208.617, 142
Trd, 000208.950, 144
Trd, 000209.133, 148.0
Trd, 000210.467, 144
Trd, 000210.917, 144
Trd, 000211.083, 146
Trd, 000211.200, 146
Trd, 000212.483, 143
Trd, 000213.517, 144
Trd, 000214.033, 145
Trd, 000214.233, 153
Trd, 000214.517, 155.0
Trd, 000215.217, 159
Trd, 000215.817, 164
Trd, 000216.917, 163
Trd, 000217.917, 165
Trd, 000218.250, 165
Trd, 000218.433, 164
Trd, 000218.733, 164
Trd, 000220.283, 164
Trd, 000220.783, 163
Trd, 000221.217, 163
Trd, 000221.833, 158.0
Trd, 000221.950, 137.0
Trd, 000222.250, 162
Trd, 000223.083, 162
Trd, 000224.633, 160
Trd, 000225.100, 158
Trd, 000225.717, 159.0
Trd, 000225.767, 158.0
Trd, 000226.183, 156
Trd, 000226.567, 155
Trd, 000226.767, 153
Trd, 000227.967, 152
Trd, 000228.283, 151
Trd, 000229.250, 148.0
Trd, 000229.400, 148
Trd, 000229.983, 148
Trd, 000230.033, 137.0
Trd, 000231.100, 152
Trd, 000232.483, 154.0
Trd, 000233.050, 157
Trd, 000233.233, 154
Trd, 000233.450, 155.0
Trd, 000234.317, 165
Trd, 000234.567, 164
Trd, 000235.017, 162
Trd, 000235.333, 153
Trd, 000236.233, 155
Trd, 000236.467, 154
Trd, 000236.683, 159
Trd, 000237.283, 158.0
Trd, 000238.100, 138.0
Trd, 000238.850, 154
Trd, 000239.533, 154
Trd, 000239.717, 153
Trd, 000240.467, 157
Trd, 000240.517, 155
Trd, 000240.850, 155
Trd, 000241.800, 154
Trd, 000242.067, 152
Trd, 000243.117, 151.0
Trd, 000243.317, 150
Trd, 000243.767, 149.0
Trd, 000244.900, 148.0
Trd, 000244.933, 151
Trd, 000245.317, 147
Trd, 000245.500, 149
Trd, 000245.700, 150
Trd, 000247.400, 149.0
Trd, 000247.783, 149
Trd, 000247.833, 150
Trd, 000248.350, 151
Trd, 000248.483, 148
Trd, 000249.083, 147
Trd, 000249.583, 141.0
Trd, 000250.200, 150
Trd, 000250.617, 147
Trd, 000250.783, 150
Trd, 000251.350, 151
Trd, 000251.383, 148
Trd, 000252.400, 145
Trd, 000252.633, 150.0
Trd, 000253.900, 148
Trd, 000254.017, 148
Trd, 000254.383, 147
Trd, 000254.550, 148
Trd, 000254.667, 147
Trd, 000254.883, 148
Trd, 000254.950, 145
Trd, 000255.083, 145
Trd, 000255.733, 145.0
Trd, 000255.867, 144.0
Trd, 000256.000, 148.0
Trd, 000257.217, 144
Trd, 000257.733, 146
Trd, 000257.850, 145.0
Trd, 000258.533, 142
Trd, 000259.133, 142
Trd, 000259.500, 143.0
Trd, 000259.883, 145
Trd, 000260.767, 147.0
Trd, 000261.417, 143.0
Trd, 000262.850, 146
Trd, 000262.917, 147
Trd, 000263.417, 147
Trd, 000263.467, 148.0
Trd, 000263.700, 155.0
Trd, 000263.967, 144
Trd, 000264.833, 143
Trd, 000264.983, 148.0
Trd, 000265.433, 150
Trd, 000266.033, 154
Trd, 000266.367, 153
Trd, 000266.583, 155.0
Trd, 000266.917, 155
Trd, 000267.250, 161
Trd, 000267.317, 157
Trd, 000267.550, 157
Trd, 000268.067, 157
Trd, 000268.433, 162
Trd, 000268.650, 159
Trd, 000269.250, 160
Trd, 000270.017, 158.0
Trd, 000270.583, 158
Trd, 000270.967, 151.0
Trd, 000271.817, 152
Trd, 000272.600, 152
Trd, 000272.900, 148.0
Trd, 000273.633, 152
Trd, 000274.350, 152
Trd, 000274.817, 151.0
Trd, 000275.117, 151
Trd, 000275.567, 152
Trd, 000275.733, 155.0
Trd, 000276.183, 155
Trd, 000276.783, 155
Trd, 000277.433, 158
Trd, 000278.150, 160
Trd, 000278.500, 159
Trd, 000279.100, 158.0
Trd, 000279.600, 159
Trd, 000279.733, 158
Trd, 000280.517, 156
Trd, 000280.983, 155
Trd, 000281.933, 154
Trd, 000282.050, 152.0
Trd, 000282.100, 155.0
Trd, 000282.317, 155
Trd, 000282.450, 151.0
Trd, 000283.117, 152
Trd, 000283.600, 151
Trd, 000283.867, 152
Trd, 000284.050, 148.0
Trd, 000284.717, 144.0
Trd, 000285.883, 148.0
Trd, 000286.000, 151
Trd, 000286.083, 151
Trd, 000286.717, 150
Trd, 000286.833, 151.0
Trd, 000286.850, 155.0
Trd, 000287.033, 156
Trd, 000288.250, 154
Trd, 000288.283, 149
Trd, 000288.583, 155
Trd, 000288.650, 154
Trd, 000289.250, 167
Trd, 000289.317, 171
Trd, 000290.833, 161
Trd, 000291.850, 164
Trd, 000291.983, 159
Trd, 000292.650, 160
Trd, 000292.733, 153
Trd, 000293.283, 165.0
Trd, 000293.983, 162
Trd, 000294.533, 161
Trd, 000295.183, 160
Trd, 000295.467, 166
Trd, 000296.517, 165.0
Trd, 000296.750, 166
Trd, 000297.067, 159.0
Trd, 000297.417, 158.0
Trd, 000297.617, 161
Trd, 000297.717, 156
Trd, 000298.500, 155
Trd, 000299.300, 158
Trd, 000299.650, 158
