Trd, 000001.483, 171
Trd, 000001.717, 149
Trd, 000001.900, 147
Trd, 000004.167, 151
Trd, 000004.300, 147
Trd, 000004.367, 131
Trd, 000004.667, 148
Trd, 000004.967, 141.0
Trd, 000005.117, 147
Trd, 000005.517, 148
Trd, 000005.767, 148
Trd, 000006.283, 147
Trd, 000006.883, 139
Trd, 000008.483, 141.0
Trd, 000008.617, 144
Trd, 000009.567, 142.0
Trd, 000010.167, 160
Trd, 000010.533, 155
Trd, 000011.133, 161
Trd, 000011.433, 163
Trd, 000011.750, 161
Trd, 000013.533, 142
Trd, 000014.267, 141
Trd, 000014.283, 137.0
Trd, 000014.550, 155
Trd, 000015.300, 154
Trd, 000015.433, 155
Trd, 000015.650, 157
Trd, 000015.967, 154.0
Trd, 000016.433, 152
Trd, 000016.517, 160
Trd, 000018.333, 154
Trd, 000018.833, 152
Trd, 000018.900, 157
Trd, 000019.767, 151.0
Trd, 000019.883, 150
Trd, 000021.083, 158
Trd, 000021.583, 153.0
Trd, 000022.450, 153
Trd, 000023.000, 151.0
Trd, 000023.633, 148
Trd, 000023.783, 154
Trd, 000024.067, 155
Trd, 000024.433, 158
Trd, 000024.467, 165.0
Trd, 000024.850, 150
Trd, 000026.117, 162
Trd, 000026.717, 150
Trd, 000026.767, 147
Trd, 000027.833, 164
Trd, 000028.583, 168.0
Trd, 000029.367, 153
Trd, 000029.433, 152
Trd, 000029.683, 149
Trd, 000030.783, 151.0
Trd, 000030.833, 161
Trd, 000030.850, 164
Trd, 000031.817, 155
Trd, 000032.600, 155
Trd, 000032.967, 155
Trd, 000033.000, 158
Trd, 000033.483, 154
Trd, 000034.683, 153
Trd, 000035.500, 150
Trd, 000035.933, 149
Trd, 000036.017, 139.0
Trd, 000036.833, 141.0
Trd, 000037.483, 145
Trd, 000037.550, 146
Trd, 000037.850, 142
Trd, 000038.650, 146
Trd, 000038.683, 158
Trd, 000039.867, 165.0
Trd, 000040.000, 168.0
Trd, 000040.400, 141
Trd, 000040.683, 145
Trd, 000041.017, 165
Trd, 000041.100, 140.0
Trd, 000041.200, 133
Trd, 000041.467, 125
Trd, 000042.083, 126
Trd, 000042.567, 127
Trd, 000043.250, 135
Trd, 000043.900, 144
Trd, 000044.783, 157.0
Trd, 000045.167, 157
Trd, 000045.533, 155.0
Trd, 000046.483, 158
Trd, 000046.650, 153
Trd, 000048.783, 152
Trd, 000048.867, 137.0
Trd, 000049.500, 151.0
Trd, 000049.583, 138
Trd, 000050.050, 153
Trd, 000050.233, 142
Trd, 000051.633, 151
Trd, 000051.800, 151
Trd, 000052.283, 147
Trd, 000052.517, 162
Trd, 000052.883, 148
Trd, 000053.183, 161
Trd, 000053.900, 146
Trd, 000053.917, 145
Trd, 000054.667, 159
Trd, 000055.333, 138
Trd, 000055.650, 163
Trd, 000057.433, 153
Trd, 000057.917, 154
Trd, 000058.450, 153
Trd, 000058.933, 151.0
Trd, 000060.050, 159
Trd, 000060.233, 150
Trd, 000060.400, 141.0
Trd, 000061.533, 147
Trd, 000061.983, 148
Trd, 000062.050, 149
Trd, 000062.067, 146
Trd, 000062.833, 141.0
Trd, 000064.067, 152.0
Trd, 000064.767, 151.0
Trd, 000065.683, 162.0
Trd, 000066.533, 159
Trd, 000067.433, 150
Trd, 000067.483, 155
Trd, 000067.633, 157
Trd, 000067.967, 154
Trd, 000068.100, 157
Trd, 000068.983, 138.0
Trd, 000069.717, 147
Trd, 000069.850, 137.0
Trd, 000071.100, 152
Trd, 000071.450, 147
Trd, 000072.233, 146
Trd, 000072.300, 151.0
Trd, 000072.900, 151
Trd, 000074.483, 150
Trd, 000074.633, 153
Trd, 000074.667, 149
Trd, 000074.933, 137.0
Trd, 000075.433, 155
Trd, 000075.683, 157
Trd, 000076.150, 157
Trd, 000077.100, 152.0
Trd, 000077.200, 151.0
Trd, 000077.667, 136
Trd, 000078.250, 157
Trd, 000080.783, 157
Trd, 000081.667, 154
Trd, 000082.400, 152
Trd, 000082.450, 156
Trd, 000083.083, 158
Trd, 000084.217, 149
Trd, 000084.317, 150
Trd, 000084.333, 157
Trd, 000084.700, 141.0
Trd, 000084.783, 159
Trd, 000085.117, 156
Trd, 000086.900, 153
Trd, 000087.083, 154
Trd, 000087.167, 152.0
Trd, 000088.033, 156
Trd, 000088.217, 157
Trd, 000089.067, 157
Trd, 000089.967, 155
Trd, 000090.450, 154
Trd, 000091.850, 152
Trd, 000092.800, 152.0
Trd, 000093.933, 153
Trd, 000094.467, 152.0
Trd, 000094.483, 151.0
Trd, 000094.533, 155
Trd, 000094.683, 155
Trd, 000094.967, 157
Trd, 000095.100, 141.0
Trd, 000095.133, 158
Trd, 000095.583, 137.0
Trd, 000096.150, 127.0
Trd, 000096.250, 124.0
Trd, 000096.967, 150
Trd, 000098.167, 141
Trd, 000098.717, 143
Trd, 000099.783, 146
Trd, 000099.817, 158
Trd, 000099.950, 138.0
Trd, 000100.133, 159
Trd, 000100.733, 160
Trd, 000101.867, 143
Trd, 000102.017, 152
Trd, 000103.100, 159
Trd, 000103.933, 147
Trd, 000104.967, 154
Trd, 000105.600, 152.0
Trd, 000105.767, 152
Trd, 000105.900, 153
Trd, 000106.583, 151
Trd, 000106.883, 152
Trd, 000107.200, 150
Trd, 000108.567, 151
Trd, 000108.967, 150
Trd, 000109.517, 163
Trd, 000109.717, 168.0
Trd, 000110.400, 151
Trd, 000110.633, 151
Trd, 000111.067, 150
Trd, 000112.250, 148
Trd, 000113.383, 137.0
Trd, 000113.617, 150
Trd, 000114.217, 150
Trd, 000114.500, 143
Trd, 000115.567, 164
Trd, 000115.800, 155
Trd, 000116.817, 163.0
Trd, 000117.950, 153
Trd, 000118.000, 151
Trd, 000118.350, 151.0
Trd, 000118.533, 149
Trd, 000118.833, 142
Trd, 000119.033, 137.0
Trd, 000120.100, 144
Trd, 000120.383, 148
Trd, 000120.700, 148
Trd, 000120.833, 149
Trd, 000120.933, 149
Trd, 000122.867, 154
Trd, 000122.917, 151.0
Trd, 000123.450, 160
Trd, 000124.067, 153
Trd, 000125.333, 152
Trd, 000125.833, 158
Trd, 000125.867, 159
Trd, 000126.567, 152
Trd, 000126.783, 159
Trd, 000127.083, 158
Trd, 000127.100, 146
Trd, 000128.583, 149
Trd, 000128.833, 158
Trd, 000129.950, 151
Trd, 000130.217, 151.0
Trd, 000131.150, 151
Trd, 000131.633, 141
Trd, 000133.117, 137.0
Trd, 000133.733, 141.0
Trd, 000133.817, 146
Trd, 000134.733, 144
Trd, 000135.433, 160
Trd, 000136.217, 152
Trd, 000136.583, 147
Trd, 000137.150, 162
Trd, 000138.217, 149
Trd, 000138.267, 148
Trd, 000138.517, 152.0
Trd, 000138.767, 158
Trd, 000138.983, 151
Trd, 000140.100, 153
Trd, 000140.800, 152
Trd, 000140.917, 151.0
Trd, 000141.100, 137.0
Trd, 000141.667, 151.0
Trd, 000142.800, 143
Trd, 000143.333, 150
Trd, 000144.283, 150
Trd, 000145.067, 144
Trd, 000145.833, 157
Trd, 000146.167, 142
Trd, 000146.183, 162
Trd, 000146.283, 137.0
Trd, 000146.450, 168.0
Trd, 000148.033, 151
Trd, 000148.583, 143
Trd, 000148.900, 140
Trd, 000149.017, 164
Trd, 000149.483, 137.0
Trd, 000149.833, 165
Trd, 000150.067, 147
Trd, 000150.783, 151
Trd, 000150.917, 128.0
Trd, 000151.283, 164.0
Trd, 000152.067, 151.0
Trd, 000152.183, 162
Trd, 000152.300, 165.0
Trd, 000152.967, 158
Trd, 000152.983, 153
Trd, 000153.500, 158
Trd, 000155.883, 154
Trd, 000157.067, 154
Trd, 000158.033, 156
Trd, 000158.717, 157
Trd, 000159.283, 153
Trd, 000160.033, 154
Trd, 000160.500, 153
Trd, 000160.933, 154
Trd, 000162.083, 153
Trd, 000162.150, 152
Trd, 000162.333, 155
Trd, 000162.350, 151.0
Trd, 000162.950, 151
Trd, 000163.017, 156
Trd, 000164.250, 151
Trd, 000164.783, 152
Trd, 000164.917, 156
Trd, 000166.117, 154
Trd, 000166.500, 154.0
Trd, 000166.833, 157
Trd, 000167.167, 157
Trd, 000167.617, 158
Trd, 000167.883, 162
Trd, 000167.933, 152
Trd, 000168.333, 152.0
Trd, 000170.400, 154
Trd, 000170.450, 165.0
Trd, 000170.667, 152.0
Trd, 000170.733, 168.0
Trd, 000171.150, 151.0
Trd, 000171.233, 143
Trd, 000171.850, 161
Trd, 000172.933, 150
Trd, 000173.067, 158
Trd, 000173.167, 159
Trd, 000173.450, 148
Trd, 000173.867, 142
Trd, 000174.050, 155
Trd, 000174.117, 137.0
Trd, 000175.083, 125.0
Trd, 000175.950, 135.0
Trd, 000176.167, 137.0
Trd, 000176.967, 138
Trd, 000178.000, 136
Trd, 000178.617, 145
Trd, 000178.717, 137
Trd, 000179.967, 140
Trd, 000180.267, 141
Trd, 000180.467, 141.0
Trd, 000180.850, 140.0
Trd, 000181.167, 139
Trd, 000181.717, 139
Trd, 000182.167, 144
Trd, 000182.600, 141.0
Trd, 000183.100, 144
Trd, 000184.683, 152
Trd, 000185.083, 151.0
Trd, 000185.333, 155
Trd, 000185.500, 160
Trd, 000185.767, 147
Trd, 000186.333, 153
Trd, 000186.467, 148
Trd, 000187.100, 159
Trd, 000187.300, 168.0
Trd, 000188.000, 151
Trd, 000188.633, 151
Trd, 000189.567, 162
Trd, 000190.233, 151
Trd, 000190.267, 151.0
Trd, 000191.033, 152
Trd, 000192.517, 139.0
Trd, 000192.617, 140.0
Trd, 000192.733, 137.0
Trd, 000193.617, 125.0
Trd, 000194.083, 141.0
Trd, 000194.850, 147
Trd, 000195.117, 148
Trd, 000195.400, 137.0
Trd, 000195.817, 138
Trd, 000196.117, 141.0
Trd, 000196.950, 137
Trd, 000197.750, 140
Trd, 000197.883, 140
Trd, 000197.933, 142
Trd, 000198.067, 137
Trd, 000198.650, 144
Trd, 000198.917, 137
Trd, 000199.567, 155
Trd, 000199.750, 153
Trd, 000200.017, 162
Trd, 000200.083, 157
Trd, 000201.217, 161
Trd, 000201.333, 153
Trd, 000202.667, 156
Trd, 000203.533, 141.0
Trd, 000203.783, 146
Trd, 000204.467, 151
Trd, 000204.583, 154
Trd, 000204.667, 160
Trd, 000205.083, 162
Trd, 000205.150, 161
Trd, 000205.883, 157
Trd, 000206.050, 155
Trd, 000206.783, 145
Trd, 000207.200, 151
Trd, 000207.700, 137.0
Trd, 000208.467, 146
Trd, 000208.767, 141.0
Trd, 000210.567, 143
Trd, 000210.867, 138.0
Trd, 000211.150, 138.0
Trd, 000212.200, 140
Trd, 000212.367, 141
Trd, 000213.583, 160
Trd, 000214.083, 139
Trd, 000214.183, 148
Trd, 000214.400, 147
Trd, 000214.633, 148
Trd, 000215.183, 148
Trd, 000215.200, 141
Trd, 000215.450, 147
Trd, 000216.200, 162
Trd, 000216.517, 150
Trd, 000216.583, 149
Trd, 000217.267, 147
Trd, 000217.950, 138.0
Trd, 000218.717, 152
Trd, 000220.050, 146
Trd, 000220.483, 162
Trd, 000221.067, 152
Trd, 000221.233, 151.0
Trd, 000221.733, 154
Trd, 000222.500, 153
Trd, 000222.750, 153
Trd, 000222.900, 154
Trd, 000223.167, 154
Trd, 000223.467, 158
Trd, 000224.500, 153
Trd, 000224.950, 158
Trd, 000225.567, 159
Trd, 000225.917, 158
Trd, 000226.317, 154
Trd, 000227.083, 154
Trd, 000229.283, 153
Trd, 000229.817, 154
Trd, 000230.333, 154
Trd, 000230.517, 157
Trd, 000230.650, 158
Trd, 000231.200, 157
Trd, 000233.783, 157
Trd, 000234.417, 154
Trd, 000234.700, 156
Trd, 000234.800, 161
Trd, 000235.083, 155
Trd, 000235.400, 161
Trd, 000236.050, 154
Trd, 000236.267, 153
Trd, 000236.483, 152.0
Trd, 000237.700, 156
Trd, 000237.950, 157
Trd, 000238.300, 162
Trd, 000238.433, 152
Trd, 000239.433, 153.0
Trd, 000239.450, 151
Trd, 000240.017, 161.0
Trd, 000240.767, 159
Trd, 000240.933, 156.0
Trd, 000241.200, 158
Trd, 000241.300, 161
Trd, 000241.767, 157.0
Trd, 000242.033, 158.0
Trd, 000242.500, 157
Trd, 000242.900, 151.0
Trd, 000242.917, 155.0
Trd, 000245.000, 153.0
Trd, 000245.917, 154
Trd, 000246.183, 156.0
Trd, 000246.217, 153.0
Trd, 000246.533, 158
Trd, 000247.233, 151.0
Trd, 000247.567, 158
Trd, 000247.783, 156
Trd, 000249.267, 151
Trd, 000249.400, 150
Trd, 000249.483, 153
Trd, 000249.700, 154
Trd, 000249.800, 158
Trd, 000250.000, 156
Trd, 000250.150, 151.0
Trd, 000250.700, 148.0
Trd, 000251.050, 150.0
Trd, 000252.083, 145
Trd, 000252.150, 148
Trd, 000252.533, 148
Trd, 000253.317, 154
Trd, 000253.733, 157
Trd, 000253.800, 158
Trd, 000254.067, 153.0
Trd, 000254.883, 154
Trd, 000255.700, 154
Trd, 000255.833, 153
Trd, 000256.083, 152.0
Trd, 000256.283, 152
Trd, 000257.167, 158
Trd, 000257.333, 157.0
Trd, 000257.550, 152
Trd, 000257.967, 152
Trd, 000258.083, 153
Trd, 000258.233, 151.0
Trd, 000258.700, 150
Trd, 000259.283, 151.0
Trd, 000259.783, 145
Trd, 000260.933, 144.0
Trd, 000261.350, 145
Trd, 000261.517, 145
Trd, 000262.017, 149
Trd, 000262.517, 144
Trd, 000263.183, 146
Trd, 000263.600, 154.0
Trd, 000264.183, 144
Trd, 000264.683, 151.0
Trd, 000264.700, 144
Trd, 000265.650, 149
Trd, 000266.083, 148
Trd, 000266.650, 148.0
Trd, 000266.767, 155.0
Trd, 000266.950, 151.0
Trd, 000268.017, 156
Trd, 000268.417, 147.0
Trd, 000268.567, 148
Trd, 000268.650, 149
Trd, 000270.000, 148
Trd, 000270.067, 148
Trd, 000270.500, 149
Trd, 000271.167, 149
Trd, 000271.883, 153
Trd, 000272.183, 155.0
Trd, 000272.333, 151
Trd, 000272.767, 151.0
Trd, 000273.250, 156
Trd, 000273.400, 153
Trd, 000273.450, 150
Trd, 000275.950, 155.0
Trd, 000276.550, 155
Trd, 000276.683, 149.0
Trd, 000277.050, 146
Trd, 000277.067, 155
Trd, 000277.217, 151.0
Trd, 000277.267, 144.0
Trd, 000277.583, 151
Trd, 000277.817, 142.0
Trd, 000279.717, 152
Trd, 000280.000, 155.0
Trd, 000280.350, 144
Trd, 000280.633, 146
Trd, 000280.850, 158
Trd, 000281.283, 155
Trd, 000281.467, 162
Trd, 000281.750, 158.0
Trd, 000281.833, 155
Trd, 000282.067, 159
Trd, 000282.133, 159
Trd, 000283.167, 160
Trd, 000283.383, 159
Trd, 000283.600, 162
Trd, 000283.967, 158.0
Trd, 000284.167, 155
Trd, 000284.800, 161.0
Trd, 000285.367, 159
Trd, 000285.650, 151.0
Trd, 000285.917, 145.0
Trd, 000286.433, 153
Trd, 000286.817, 153.0
Trd, 000287.400, 154.0
Trd, 000287.600, 137.0
Trd, 000287.700, 161
Trd, 000288.317, 162
Trd, 000288.567, 155
Trd, 000289.183, 153.0
Trd, 000290.267, 160
Trd, 000290.717, 159
Trd, 000291.033, 160
Trd, 000291.133, 158.0
Trd, 000291.817, 156
Trd, 000292.667, 160
Trd, 000292.833, 157
Trd, 000292.867, 155
Trd, 000292.933, 152.0
Trd, 000293.483, 155.0
Trd, 000293.767, 151.0
Trd, 000294.000, 146
Trd, 000294.200, 145.0
Trd, 000294.500, 151.0
Trd, 000295.200, 152
Trd, 000296.500, 150
Trd, 000296.783, 146
Trd, 000296.850, 150
Trd, 000297.217, 150
Trd, 000297.300, 151
Trd, 000297.683, 158.0
Trd, 000297.700, 165.0
Trd, 000299.000, 144.0
Trd, 000299.100, 153
Trd, 000299.383, 137.0
