Trd, 000001.967, 144.0
Trd, 000002.100, 150
Trd, 000003.900, 153.0
Trd, 000004.017, 147
Trd, 000005.650, 148
Trd, 000006.233, 149
Trd, 000007.833, 150
Trd, 000007.867, 147
Trd, 000008.117, 151
Trd, 000009.683, 149
Trd, 000011.133, 148
Trd, 000011.150, 149
Trd, 000012.700, 151
Trd, 000012.733, 155.0
Trd, 000012.783, 149
Trd, 000013.567, 153
Trd, 000013.733, 153
Trd, 000014.283, 153
Trd, 000014.317, 151
Trd, 000015.167, 150
Trd, 000017.150, 152
Trd, 000017.517, 152
Trd, 000017.683, 152
Trd, 000017.900, 154
Trd, 000019.117, 152
Trd, 000019.417, 154
Trd, 000019.717, 155.0
Trd, 000019.800, 151
Trd, 000020.350, 150
Trd, 000021.233, 149
Trd, 000021.400, 152
Trd, 000022.650, 151
Trd, 000023.483, 148
Trd, 000024.367, 150
Trd, 000025.250, 155.0
Trd, 000025.833, 148
Trd, 000026.917, 151
Trd, 000027.317, 152
Trd, 000028.000, 151
Trd, 000028.917, 150
Trd, 000029.517, 151
Trd, 000030.217, 147
Trd, 000030.633, 149
Trd, 000031.383, 151
Trd, 000031.567, 144
Trd, 000032.183, 157.0
Trd, 000032.450, 145
Trd, 000033.417, 145
Trd, 000034.583, 151
Trd, 000036.017, 146
Trd, 000036.050, 147
Trd, 000038.450, 147
Trd, 000038.583, 148
Trd, 000038.933, 151
Trd, 000039.083, 155.0
Trd, 000039.583, 158.0
Trd, 000041.417, 146
Trd, 000041.783, 153
Trd, 000041.833, 154
Trd, 000043.850, 155
Trd, 000044.067, 155.0
Trd, 000044.383, 154
Trd, 000044.417, 155
Trd, 000045.483, 153
Trd, 000045.600, 154.0
Trd, 000046.200, 154.0
Trd, 000046.250, 153
Trd, 000046.667, 157
Trd, 000047.583, 155.0
Trd, 000049.217, 152
Trd, 000049.550, 151
Trd, 000049.883, 153
Trd, 000050.583, 153
Trd, 000050.750, 155.0
Trd, 000051.617, 156
Trd, 000052.317, 158.0
Trd, 000052.533, 151
Trd, 000052.800, 158
Trd, 000054.417, 152
Trd, 000054.950, 155.0
Trd, 000056.083, 153
Trd, 000056.283, 154
Trd, 000057.300, 153
Trd, 000057.383, 152
Trd, 000058.200, 150
Trd, 000059.150, 169
Trd, 000059.200, 157
Trd, 000059.283, 143
Trd, 000059.567, 144.0
Trd, 000060.367, 149
Trd, 000060.567, 148
Trd, 000061.600, 148
Trd, 000062.517, 149
Trd, 000063.017, 148
Trd, 000063.100, 149
Trd, 000063.917, 149
Trd, 000064.200, 145
Trd, 000064.300, 143
Trd, 000065.367, 151
Trd, 000065.867, 150
Trd, 000067.000, 145
Trd, 000068.950, 151
Trd, 000069.800, 151
Trd, 000070.367, 150
Trd, 000070.400, 151
Trd, 000071.150, 148
Trd, 000071.350, 147
Trd, 000071.533, 155.0
Trd, 000072.267, 157.0
Trd, 000072.283, 148
Trd, 000072.567, 158.0
Trd, 000073.967, 159
Trd, 000075.750, 147
Trd, 000076.350, 148
Trd, 000076.367, 149
Trd, 000077.150, 147
Trd, 000077.500, 147
Trd, 000078.300, 150
Trd, 000079.050, 151
Trd, 000079.933, 147
Trd, 000079.950, 151
Trd, 000081.333, 151.0
Trd, 000081.517, 144.0
Trd, 000081.967, 143
Trd, 000083.217, 146
Trd, 000084.417, 144
Trd, 000084.967, 143
Trd, 000085.017, 144
Trd, 000085.850, 142
Trd, 000087.117, 142
Trd, 000088.717, 141
Trd, 000089.083, 141
Trd, 000089.333, 141
Trd, 000089.800, 141
Trd, 000089.850, 142
Trd, 000090.517, 139
Trd, 000091.433, 142
Trd, 000093.683, 147
Trd, 000093.900, 146
Trd, 000095.317, 148
Trd, 000095.400, 149
Trd, 000096.167, 154.0
Trd, 000096.767, 150
Trd, 000097.433, 150
Trd, 000098.400, 150
Trd, 000098.717, 152
Trd, 000099.267, 150
Trd, 000099.483, 152
Trd, 000100.583, 149
Trd, 000101.467, 154
Trd, 000101.833, 151
Trd, 000102.433, 155.0
Trd, 000103.450, 156
Trd, 000103.917, 162.0
Trd, 000104.100, 155
Trd, 000105.183, 157
Trd, 000105.467, 154
Trd, 000106.533, 154
Trd, 000106.983, 152
Trd, 000108.050, 149
Trd, 000108.217, 151
Trd, 000108.333, 143
Trd, 000108.917, 144.0
Trd, 000109.067, 131.0
Trd, 000109.567, 142
Trd, 000111.683, 141
Trd, 000111.783, 142
Trd, 000112.117, 150
Trd, 000112.950, 151
Trd, 000114.233, 146
Trd, 000115.117, 145
Trd, 000116.100, 146
Trd, 000116.517, 146
Trd, 000116.550, 147
Trd, 000116.700, 148
Trd, 000116.767, 148
Trd, 000117.650, 151
Trd, 000118.800, 149
Trd, 000119.933, 149
Trd, 000120.417, 151
Trd, 000120.617, 150
Trd, 000121.217, 151
Trd, 000121.633, 155.0
Trd, 000122.883, 158.0
Trd, 000123.400, 152
Trd, 000124.683, 156
Trd, 000125.150, 152
Trd, 000126.417, 152
Trd, 000126.717, 151
Trd, 000127.350, 152
Trd, 000129.433, 151
Trd, 000130.350, 151
Trd, 000130.617, 158.0
Trd, 000130.700, 153
Trd, 000130.817, 155.0
Trd, 000130.933, 168
Trd, 000131.750, 158.0
Trd, 000132.250, 155
Trd, 000132.933, 157
Trd, 000132.983, 144
Trd, 000133.833, 155
Trd, 000135.617, 152
Trd, 000136.283, 152
Trd, 000136.800, 151
Trd, 000137.083, 153
Trd, 000137.600, 150
Trd, 000138.000, 149
Trd, 000138.350, 151
Trd, 000138.500, 158.0
Trd, 000139.017, 153
Trd, 000139.250, 155
Trd, 000139.267, 161.0
Trd, 000141.200, 153.0
Trd, 000141.617, 154
Trd, 000142.050, 155.0
Trd, 000143.183, 154
Trd, 000143.883, 155.0
Trd, 000144.883, 154
Trd, 000145.433, 156
Trd, 000145.600, 155
Trd, 000146.150, 155
Trd, 000146.667, 156
Trd, 000146.783, 158.0
Trd, 000147.350, 169
Trd, 000147.383, 144
Trd, 000149.050, 164
Trd, 000149.917, 157.0
Trd, 000150.850, 143
Trd, 000151.850, 144.0
Trd, 000151.983, 135.0
Trd, 000152.917, 151
Trd, 000153.000, 154
Trd, 000153.967, 152
Trd, 000154.317, 155.0
Trd, 000154.617, 155
Trd, 000154.883, 146
Trd, 000155.683, 147
Trd, 000155.767, 153.0
Trd, 000157.550, 147
Trd, 000157.617, 147
Trd, 000158.417, 146
Trd, 000160.450, 145
Trd, 000160.717, 146
Trd, 000161.833, 147
Trd, 000161.983, 148
Trd, 000162.783, 150
Trd, 000163.933, 151
Trd, 000164.100, 155.0
Trd, 000164.350, 158
Trd, 000164.750, 149
Trd, 000165.000, 149
Trd, 000166.417, 153
Trd, 000166.517, 154
Trd, 000167.567, 154
Trd, 000168.000, 156
Trd, 000168.667, 154.0
Trd, 000169.400, 155.0
Trd, 000169.967, 156.0
Trd, 000170.467, 156.0
Trd, 000171.233, 155
Trd, 000172.017, 155
Trd, 000172.133, 155
Trd, 000172.833, 155
Trd, 000172.967, 155.0
Trd, 000173.000, 153
Trd, 000173.083, 158.0
Trd, 000173.867, 169
Trd, 000173.917, 168.0
Trd, 000174.483, 161
Trd, 000175.383, 144.0
Trd, 000175.700, 161
Trd, 000176.417, 156
Trd, 000177.967, 154
Trd, 000178.050, 153
Trd, 000179.017, 152
Trd, 000179.217, 154
Trd, 000180.733, 150
Trd, 000180.883, 144.0
Trd, 000181.550, 145
Trd, 000181.800, 145
Trd, 000181.833, 152
Trd, 000182.417, 155.0
Trd, 000182.833, 144.0
Trd, 000184.567, 147
Trd, 000184.883, 149
Trd, 000185.583, 148
Trd, 000186.967, 149
Trd, 000187.167, 148
Trd, 000187.483, 148
Trd, 000188.500, 148
Trd, 000188.733, 151
Trd, 000190.700, 152
Trd, 000191.483, 153
Trd, 000191.633, 153.0
Trd, 000192.183, 153.0
Trd, 000193.433, 154
Trd, 000193.550, 153
Trd, 000193.583, 158.0
Trd, 000193.783, 152
Trd, 000194.467, 162.0
Trd, 000194.517, 148
Trd, 000194.817, 168.0
Trd, 000196.150, 165
Trd, 000196.900, 167
Trd, 000197.983, 153
Trd, 000198.467, 154.0
Trd, 000198.900, 148
Trd, 000198.917, 155.0
Trd, 000199.883, 154
Trd, 000200.283, 154
Trd, 000202.183, 155
Trd, 000203.083, 154
Trd, 000203.767, 153
Trd, 000203.983, 154
Trd, 000204.350, 155
Trd, 000204.883, 154
Trd, 000204.983, 156
Trd, 000205.017, 153
Trd, 000206.300, 154
Trd, 000206.317, 153
Trd, 000206.817, 152
Trd, 000207.650, 151
Trd, 000208.333, 154.0
Trd, 000208.883, 155.0
Trd, 000210.350, 156
Trd, 000211.200, 156
Trd, 000211.567, 156
Trd, 000211.650, 157
Trd, 000211.950, 155
Trd, 000213.650, 156
Trd, 000214.200, 154
Trd, 000214.483, 153
Trd, 000214.617, 154
Trd, 000216.417, 154
Trd, 000216.800, 152
Trd, 000217.133, 158.0
Trd, 000217.183, 162.0
Trd, 000217.883, 158.0
Trd, 000219.117, 165
Trd, 000219.483, 155
Trd, 000220.367, 154
Trd, 000220.433, 162
Trd, 000221.567, 159
Trd, 000221.600, 160
Trd, 000222.217, 160
Trd, 000222.600, 159
Trd, 000223.150, 161.0
Trd, 000223.633, 161.0
Trd, 000223.967, 160
Trd, 000224.033, 162.0
Trd, 000224.483, 158
Trd, 000224.733, 157
Trd, 000225.017, 162
Trd, 000225.333, 144.0
Trd, 000227.667, 149
Trd, 000228.083, 150
Trd, 000228.800, 141
Trd, 000228.883, 150
Trd, 000229.867, 150
Trd, 000231.533, 150
Trd, 000231.733, 144
Trd, 000232.583, 143
Trd, 000232.850, 144.0
Trd, 000233.900, 134.0
Trd, 000234.333, 141
Trd, 000234.350, 133
Trd, 000235.383, 140
Trd, 000235.917, 142
Trd, 000236.400, 144
Trd, 000236.417, 155.0
Trd, 000237.867, 147
Trd, 000237.967, 146
Trd, 000238.383, 149
Trd, 000238.600, 156
Trd, 000238.933, 156.0
Trd, 000240.100, 154.0
Trd, 000240.167, 155.0
Trd, 000240.533, 156
Trd, 000240.733, 156.0
Trd, 000241.400, 156.0
Trd, 000242.033, 155
Trd, 000242.633, 156.0
Trd, 000242.667, 158.0
Trd, 000242.783, 155
Trd, 000243.033, 167
Trd, 000243.717, 156
Trd, 000244.050, 158
Trd, 000244.750, 161
Trd, 000244.800, 162.0
Trd, 000244.983, 162
Trd, 000246.500, 161
Trd, 000246.800, 155
Trd, 000247.250, 143
Trd, 000247.300, 141.0
Trd, 000247.917, 143
Trd, 000248.800, 142
Trd, 000248.817, 141
Trd, 000249.700, 142
Trd, 000250.867, 141
Trd, 000251.650, 140.0
Trd, 000251.850, 141
Trd, 000252.150, 140.0
Trd, 000252.167, 141.0
Trd, 000253.100, 143.0
Trd, 000253.333, 143.0
Trd, 000254.550, 144.0
Trd, 000254.633, 143
Trd, 000254.750, 142.0
Trd, 000255.133, 148.0
Trd, 000256.667, 145
Trd, 000257.450, 147
Trd, 000258.000, 148.0
Trd, 000258.033, 148
Trd, 000258.683, 148
Trd, 000258.783, 148
Trd, 000258.833, 147
Trd, 000258.900, 146
Trd, 000258.917, 150
Trd, 000259.667, 143
Trd, 000260.417, 145
Trd, 000260.900, 148
Trd, 000260.933, 143
Trd, 000261.533, 151.0
Trd, 000263.200, 145
Trd, 000263.267, 142
Trd, 000263.550, 145
Trd, 000263.617, 151
Trd, 000265.317, 151.0
Trd, 000265.783, 152
Trd, 000266.167, 153.0
Trd, 000266.350, 155.0
Trd, 000266.867, 154
Trd, 000267.167, 154
Trd, 000267.850, 153
Trd, 000268.767, 151
Trd, 000269.817, 150
Trd, 000270.033, 151.0
Trd, 000270.133, 152
Trd, 000270.250, 150
Trd, 000270.583, 151
Trd, 000270.950, 151
Trd, 000271.350, 151
Trd, 000272.017, 151.0
Trd, 000272.150, 158.0
Trd, 000272.350, 148
Trd, 000273.183, 146
Trd, 000273.267, 148.0
Trd, 000273.767, 154.0
Trd, 000274.267, 146
Trd, 000274.383, 152
Trd, 000275.567, 152
Trd, 000275.600, 150.0
Trd, 000275.683, 155.0
Trd, 000276.817, 155.0
Trd, 000277.150, 155.0
Trd, 000277.533, 158.0
Trd, 000277.817, 154
Trd, 000278.550, 156
Trd, 000278.717, 157
Trd, 000279.250, 157
Trd, 000279.333, 158
Trd, 000279.367, 158
Trd, 000279.967, 162.0
Trd, 000280.000, 156
Trd, 000280.167, 155
Trd, 000281.050, 147
Trd, 000281.750, 149
Trd, 000282.917, 158.0
Trd, 000283.017, 151
Trd, 000284.183, 155.0
Trd, 000284.367, 156
Trd, 000284.917, 155
Trd, 000285.083, 149
Trd, 000285.167, 154
Trd, 000285.467, 154
Trd, 000286.117, 151
Trd, 000286.167, 157
Trd, 000286.850, 150
Trd, 000288.450, 154
Trd, 000288.467, 155
Trd, 000288.783, 155.0
Trd, 000289.217, 149
Trd, 000289.500, 155
Trd, 000289.750, 149
Trd, 000290.200, 145
Trd, 000291.183, 146
Trd, 000291.317, 152
Trd, 000291.567, 138.0
Trd, 000291.683, 152
Trd, 000292.800, 143
Trd, 000293.900, 144
Trd, 000293.950, 143
Trd, 000294.900, 140.0
Trd, 000294.967, 144
Trd, 000295.017, 143.0
Trd, 000295.117, 137
Trd, 000295.383, 144.0
Trd, 000296.233, 144
Trd, 000296.750, 148.0
Trd, 000297.517, 147
Trd, 000297.900, 150
Trd, 000298.167, 150
Trd, 000298.367, 150
Trd, 000298.517, 155.0
Trd, 000299.017, 151
Trd, 000299.067, 148
