Trd, 000001.133, 132
Trd, 000002.533, 147
Trd, 000002.883, 151
Trd, 000003.117, 152
Trd, 000003.733, 162
Trd, 000004.300, 142
Trd, 000005.217, 138
Trd, 000005.250, 165.0
Trd, 000006.267, 155
Trd, 000006.283, 156
Trd, 000007.033, 154
Trd, 000007.667, 157.0
Trd, 000009.050, 142
Trd, 000009.517, 155
Trd, 000011.250, 154
Trd, 000011.950, 153
Trd, 000012.717, 152
Trd, 000013.117, 144
Trd, 000014.067, 149
Trd, 000014.400, 148
Trd, 000014.700, 152
Trd, 000015.500, 147
Trd, 000016.033, 148
Trd, 000017.017, 147
Trd, 000018.583, 151
Trd, 000018.650, 147
Trd, 000019.000, 153.0
Trd, 000019.483, 154.0
Trd, 000019.867, 154
Trd, 000020.867, 155
Trd, 000022.183, 153
Trd, 000022.317, 152
Trd, 000022.417, 157
Trd, 000023.800, 151
Trd, 000024.000, 155
Trd, 000025.033, 156
Trd, 000025.317, 155
Trd, 000025.817, 156
Trd, 000026.133, 154
Trd, 000026.717, 156
Trd, 000026.850, 152
Trd, 000028.183, 154.0
Trd, 000028.250, 153
Trd, 000029.133, 153
Trd, 000029.200, 153
Trd, 000029.433, 154
Trd, 000029.733, 158.0
Trd, 000030.800, 156
Trd, 000031.100, 152
Trd, 000032.067, 159
Trd, 000032.117, 151
Trd, 000032.867, 159.0
Trd, 000033.700, 157
Trd, 000033.783, 158
Trd, 000034.417, 150
Trd, 000035.533, 158
Trd, 000037.100, 160
Trd, 000037.650, 157
Trd, 000038.083, 157.0
Trd, 000039.250, 158.0
Trd, 000039.300, 157
Trd, 000040.083, 157
Trd, 000040.217, 158
Trd, 000040.567, 161
Trd, 000040.983, 156
Trd, 000041.667, 158
Trd, 000041.700, 160
Trd, 000042.033, 150
Trd, 000043.567, 150
Trd, 000044.017, 150
Trd, 000044.800, 156.0
Trd, 000045.350, 156
Trd, 000045.400, 157
Trd, 000045.417, 151
Trd, 000046.167, 150
Trd, 000048.483, 156
Trd, 000049.117, 156
Trd, 000049.383, 158.0
Trd, 000050.450, 150
Trd, 000051.400, 154
Trd, 000051.467, 155
Trd, 000052.000, 156
Trd, 000052.267, 155
Trd, 000052.800, 154
Trd, 000053.850, 155
Trd, 000054.067, 155
Trd, 000055.983, 160
Trd, 000057.700, 155
Trd, 000057.883, 156.0
Trd, 000058.233, 152
Trd, 000058.650, 156
Trd, 000059.317, 156.0
Trd, 000059.383, 157.0
Trd, 000060.533, 157
Trd, 000061.217, 156
Trd, 000061.883, 151
Trd, 000062.700, 155
Trd, 000063.733, 151
Trd, 000064.317, 150
Trd, 000065.317, 147
Trd, 000065.400, 148
Trd, 000065.600, 149
Trd, 000066.600, 141
Trd, 000067.117, 145
Trd, 000067.633, 144
Trd, 000069.567, 144
Trd, 000069.617, 145
Trd, 000070.167, 146
Trd, 000070.733, 142
Trd, 000071.567, 147
Trd, 000072.550, 155.0
Trd, 000072.717, 149
Trd, 000073.567, 151
Trd, 000074.483, 153
Trd, 000075.983, 154
Trd, 000076.083, 156.0
Trd, 000076.450, 156.0
Trd, 000076.533, 158.0
Trd, 000078.433, 158.0
Trd, 000079.000, 156
Trd, 000079.200, 154
Trd, 000079.483, 154
Trd, 000079.850, 159
Trd, 000081.800, 155
Trd, 000082.050, 153
Trd, 000082.167, 156
Trd, 000083.750, 154
Trd, 000084.917, 155
Trd, 000085.100, 154
Trd, 000085.250, 155
Trd, 000085.433, 157
Trd, 000085.500, 152
Trd, 000086.567, 132.0
Trd, 000088.533, 136.0
Trd, 000089.017, 137.0
Trd, 000090.550, 139
Trd, 000090.583, 144
Trd, 000090.850, 158.0
Trd, 000092.033, 144
Trd, 000092.567, 146
Trd, 000093.050, 148
Trd, 000093.300, 147
Trd, 000095.317, 149
Trd, 000095.833, 153.0
Trd, 000096.417, 152
Trd, 000096.883, 153.0
Trd, 000098.333, 153
Trd, 000098.350, 158.0
Trd, 000098.600, 165.0
Trd, 000098.683, 152
Trd, 000098.967, 147
Trd, 000100.683, 157
Trd, 000101.217, 155
Trd, 000101.233, 158
Trd, 000102.550, 156
Trd, 000102.567, 153
Trd, 000103.767, 151
Trd, 000104.800, 154
Trd, 000105.150, 149
Trd, 000105.450, 138
Trd, 000106.117, 138
Trd, 000107.000, 145
Trd, 000107.550, 157.0
Trd, 000108.000, 145
Trd, 000108.767, 158.0
Trd, 000108.917, 161
Trd, 000109.467, 146
Trd, 000111.800, 154
Trd, 000112.017, 153
Trd, 000112.317, 153
Trd, 000112.650, 152
Trd, 000112.767, 154
Trd, 000113.450, 153
Trd, 000113.483, 153
Trd, 000115.267, 156
Trd, 000115.350, 158.0
Trd, 000115.867, 157
Trd, 000116.700, 155
Trd, 000117.583, 156
Trd, 000118.633, 157
Trd, 000118.883, 156
Trd, 000119.433, 155
Trd, 000119.650, 155
Trd, 000119.833, 156
Trd, 000120.983, 158.0
Trd, 000122.217, 156
Trd, 000122.533, 157
Trd, 000122.900, 157
Trd, 000122.933, 156
Trd, 000123.217, 139
Trd, 000123.583, 148
Trd, 000124.317, 161
Trd, 000124.583, 151
Trd, 000124.633, 160
Trd, 000125.500, 162
Trd, 000126.067, 164
Trd, 000126.517, 138
Trd, 000128.100, 163.0
Trd, 000128.733, 162.0
Trd, 000130.583, 156
Trd, 000130.667, 154
Trd, 000132.133, 156
Trd, 000132.183, 155
Trd, 000132.617, 156
Trd, 000132.850, 156
Trd, 000133.017, 157
Trd, 000133.433, 158.0
Trd, 000135.233, 161
Trd, 000135.317, 156
Trd, 000136.033, 161
Trd, 000137.233, 158
Trd, 000138.183, 159
Trd, 000138.333, 158
Trd, 000139.267, 158
Trd, 000139.617, 157
Trd, 000140.283, 150
Trd, 000140.783, 156
Trd, 000142.433, 149
Trd, 000142.567, 153
Trd, 000143.050, 137.0
Trd, 000143.867, 151
Trd, 000144.717, 151
Trd, 000145.450, 145
Trd, 000145.833, 146
Trd, 000145.933, 149
Trd, 000146.067, 158.0
Trd, 000147.167, 148
Trd, 000147.200, 149
Trd, 000147.667, 147
Trd, 000148.683, 148
Trd, 000149.000, 147
Trd, 000149.533, 145
Trd, 000149.750, 136
Trd, 000149.933, 132
Trd, 000150.617, 146
Trd, 000150.950, 149
Trd, 000152.150, 145
Trd, 000152.500, 161
Trd, 000153.550, 154
Trd, 000154.617, 154
Trd, 000155.483, 155
Trd, 000156.067, 156
Trd, 000157.167, 156
Trd, 000157.750, 157
Trd, 000158.533, 157.0
Trd, 000160.017, 155
Trd, 000160.233, 154
Trd, 000161.033, 156
Trd, 000161.300, 154
Trd, 000162.050, 156
Trd, 000162.067, 158.0
Trd, 000162.567, 161
Trd, 000164.167, 162
Trd, 000165.500, 162
Trd, 000166.333, 160
Trd, 000166.883, 150
Trd, 000167.067, 161
Trd, 000167.317, 146
Trd, 000167.500, 158
Trd, 000168.733, 136.0
Trd, 000169.233, 136.0
Trd, 000169.333, 137.0
Trd, 000170.333, 154
Trd, 000170.417, 149
Trd, 000170.467, 159
Trd, 000172.867, 150
Trd, 000172.933, 141
Trd, 000173.517, 158.0
Trd, 000174.000, 155
Trd, 000174.700, 162
Trd, 000175.100, 165.0
Trd, 000175.917, 156
Trd, 000176.250, 155
Trd, 000176.633, 149
Trd, 000177.267, 152
Trd, 000177.533, 153
Trd, 000177.733, 152
Trd, 000178.383, 153
Trd, 000180.100, 150
Trd, 000181.283, 146
Trd, 000181.867, 139
Trd, 000182.617, 146
Trd, 000182.717, 144
Trd, 000183.000, 145
Trd, 000183.650, 142
Trd, 000183.717, 141
Trd, 000184.350, 157.0
Trd, 000184.883, 149
Trd, 000184.983, 143
Trd, 000185.000, 153
Trd, 000188.200, 148
Trd, 000189.017, 148
Trd, 000190.150, 149
Trd, 000190.883, 148
Trd, 000191.233, 147
Trd, 000191.367, 147
Trd, 000191.950, 146
Trd, 000193.033, 145
Trd, 000193.917, 146
Trd, 000194.150, 145
Trd, 000194.300, 147
Trd, 000195.083, 164
Trd, 000195.733, 148
Trd, 000196.883, 157.0
Trd, 000196.967, 158.0
Trd, 000197.383, 158
Trd, 000198.733, 155
Trd, 000199.167, 152
Trd, 000199.350, 150
Trd, 000200.867, 153
Trd, 000201.033, 151
Trd, 000201.150, 153
Trd, 000201.450, 152
Trd, 000201.517, 153
Trd, 000201.717, 154
Trd, 000203.183, 156.0
Trd, 000204.767, 156.0
Trd, 000205.117, 158.0
Trd, 000205.317, 162
Trd, 000206.133, 161
Trd, 000206.850, 158
Trd, 000207.533, 154
Trd, 000207.783, 152
Trd, 000208.083, 153
Trd, 000208.450, 150
Trd, 000209.233, 152
Trd, 000209.250, 148
Trd, 000210.950, 155.0
Trd, 000211.300, 156.0
Trd, 000212.500, 157.0
Trd, 000212.767, 157
Trd, 000213.400, 158.0
Trd, 000214.417, 158
Trd, 000214.433, 162
Trd, 000215.033, 157
Trd, 000215.367, 152
Trd, 000216.200, 150
Trd, 000216.967, 150
Trd, 000217.567, 158.0
Trd, 000217.950, 160
Trd, 000218.333, 158
Trd, 000218.583, 159
Trd, 000220.233, 152
Trd, 000220.567, 152
Trd, 000221.250, 154
Trd, 000222.067, 153
Trd, 000222.683, 154
Trd, 000222.783, 155
Trd, 000223.367, 154
Trd, 000223.900, 150
Trd, 000224.350, 162
Trd, 000225.583, 154
Trd, 000225.967, 154
Trd, 000226.967, 152.0
Trd, 000227.050, 153.0
Trd, 000227.783, 151.0
Trd, 000228.283, 154
Trd, 000228.300, 154
Trd, 000228.900, 150
Trd, 000230.433, 157.0
Trd, 000231.217, 155
Trd, 000232.250, 158.0
Trd, 000232.550, 159
Trd, 000233.417, 158
Trd, 000233.567, 159
Trd, 000234.517, 156
Trd, 000235.117, 150
Trd, 000235.867, 153
Trd, 000236.633, 152
Trd, 000236.917, 151
Trd, 000237.033, 151
Trd, 000237.317, 151
Trd, 000237.617, 152
Trd, 000238.733, 150
Trd, 000239.383, 150
Trd, 000239.483, 149
Trd, 000240.067, 137.0
Trd, 000240.617, 137
Trd, 000240.983, 134
Trd, 000241.467, 136
Trd, 000241.867, 136
Trd, 000242.050, 138
Trd, 000242.317, 153.0
Trd, 000242.817, 143
Trd, 000243.367, 145
Trd, 000243.433, 157.0
Trd, 000243.850, 145
Trd, 000244.333, 146
Trd, 000245.000, 146.0
Trd, 000245.283, 146
Trd, 000245.317, 156
Trd, 000245.900, 158.0
Trd, 000245.967, 162
Trd, 000246.233, 162
Trd, 000248.083, 158.0
Trd, 000248.867, 157
Trd, 000248.917, 156
Trd, 000249.017, 155.0
Trd, 000249.267, 158
Trd, 000249.950, 155
Trd, 000250.267, 156
Trd, 000250.483, 154
Trd, 000251.350, 156
Trd, 000251.750, 153
Trd, 000251.883, 153
Trd, 000252.517, 154
Trd, 000253.300, 152
Trd, 000253.383, 162
Trd, 000253.700, 150
Trd, 000254.067, 153
Trd, 000254.400, 154.0
Trd, 000254.717, 152
Trd, 000256.000, 155.0
Trd, 000256.117, 155
Trd, 000256.317, 155
Trd, 000257.017, 157.0
Trd, 000258.050, 156
Trd, 000258.950, 162
Trd, 000259.267, 163
Trd, 000259.900, 164
Trd, 000260.400, 158.0
Trd, 000260.617, 160
Trd, 000260.833, 155.0
Trd, 000261.133, 157
Trd, 000261.767, 151
Trd, 000261.800, 152
Trd, 000262.033, 152
Trd, 000263.150, 153
Trd, 000263.250, 152
Trd, 000263.717, 152
Trd, 000264.600, 151
Trd, 000264.633, 150
Trd, 000264.750, 148.0
Trd, 000264.883, 150
Trd, 000265.483, 152
Trd, 000266.450, 154
Trd, 000266.467, 158.0
Trd, 000267.083, 159
Trd, 000267.133, 161
Trd, 000267.917, 155
Trd, 000268.517, 154.0
Trd, 000268.567, 153.0
Trd, 000268.967, 158
Trd, 000269.150, 150
Trd, 000269.167, 162
Trd, 000269.367, 160.0
Trd, 000270.667, 157.0
Trd, 000271.067, 160
Trd, 000271.483, 161
Trd, 000272.650, 163.0
Trd, 000273.167, 159.0
Trd, 000273.450, 162
Trd, 000273.467, 158
Trd, 000274.067, 176
Trd, 000274.317, 168
Trd, 000274.450, 158
Trd, 000275.317, 155.0
Trd, 000275.517, 154.0
Trd, 000275.883, 156
Trd, 000276.600, 151
Trd, 000276.650, 155
Trd, 000276.750, 155
Trd, 000277.067, 150
Trd, 000277.333, 157
Trd, 000277.850, 150
Trd, 000278.350, 154
Trd, 000278.700, 156.0
Trd, 000278.717, 149.0
Trd, 000278.783, 163.0
Trd, 000279.783, 149.0
Trd, 000279.950, 148.0
Trd, 000280.350, 149
Trd, 000281.267, 163
Trd, 000283.000, 154.0
Trd, 000283.250, 155
Trd, 000283.333, 154
Trd, 000283.367, 152
Trd, 000285.350, 150
Trd, 000285.600, 152.0
Trd, 000285.817, 154.0
Trd, 000286.033, 150
Trd, 000286.433, 154
Trd, 000286.633, 154
Trd, 000287.033, 153
Trd, 000287.117, 155
Trd, 000287.550, 158.0
Trd, 000287.567, 152
Trd, 000289.217, 163
Trd, 000289.400, 150.0
Trd, 000289.700, 155
Trd, 000290.017, 150
Trd, 000290.367, 154
Trd, 000290.517, 157
Trd, 000290.983, 149.0
Trd, 000291.117, 158
Trd, 000291.283, 158.0
Trd, 000292.200, 162
Trd, 000292.350, 136
Trd, 000292.583, 137.0
Trd, 000293.400, 141
Trd, 000293.783, 143
Trd, 000294.533, 142
Trd, 000294.600, 143
Trd, 000294.700, 137
Trd, 000295.000, 144
Trd, 000295.550, 144
Trd, 000295.983, 144.0
Trd, 000297.350, 162.0
Trd, 000297.583, 163
Trd, 000298.133, 157.0
Trd, 000298.350, 156.0
Trd, 000299.383, 157
Trd, 000299.400, 155.0
Trd, 000299.417, 158.0
Trd, 000299.883, 155
