Trd, 000001.633, 164
Trd, 000002.100, 193.0
Trd, 000003.950, 172
Trd, 000004.283, 165.0
Trd, 000004.433, 162.0
Trd, 000005.117, 181
Trd, 000005.133, 155
Trd, 000006.217, 164
Trd, 000006.433, 163
Trd, 000006.917, 171
Trd, 000007.967, 165.0
Trd, 000008.133, 163
Trd, 000008.350, 161
Trd, 000008.917, 158.0
Trd, 000009.067, 164
Trd, 000009.283, 165.0
Trd, 000009.417, 162.0
Trd, 000009.467, 165
Trd, 000010.000, 150
Trd, 000010.900, 168
Trd, 000011.483, 142
Trd, 000013.000, 172.0
Trd, 000013.817, 182.0
Trd, 000014.317, 163
Trd, 000014.400, 162.0
Trd, 000015.733, 161
Trd, 000016.383, 162.0
Trd, 000016.600, 158.0
Trd, 000016.750, 148.0
Trd, 000017.783, 151
Trd, 000018.017, 152
Trd, 000018.267, 150
Trd, 000018.417, 152
Trd, 000018.750, 156
Trd, 000019.483, 155
Trd, 000019.517, 157
Trd, 000019.817, 134
Trd, 000020.700, 179.0
Trd, 000020.917, 185
Trd, 000022.383, 155
Trd, 000022.883, 154
Trd, 000023.883, 156
Trd, 000024.417, 156
Trd, 000024.850, 156
Trd, 000025.533, 157
Trd, 000026.000, 158.0
Trd, 000026.017, 165.0
Trd, 000026.200, 150
Trd, 000027.000, 139
Trd, 000028.217, 156.0
Trd, 000028.400, 153
Trd, 000028.933, 157.0
Trd, 000029.633, 152
Trd, 000029.733, 158.0
Trd, 000030.033, 152
Trd, 000031.050, 165.0
Trd, 000032.233, 154
Trd, 000032.533, 171
Trd, 000033.317, 158.0
Trd, 000034.367, 155
Trd, 000035.150, 154
Trd, 000035.550, 154
Trd, 000035.850, 156
Trd, 000036.267, 150
Trd, 000036.917, 149
Trd, 000037.333, 148.0
Trd, 000037.900, 163.0
Trd, 000038.050, 148
Trd, 000038.333, 163
Trd, 000039.067, 156
Trd, 000040.000, 157.0
Trd, 000040.133, 158.0
Trd, 000040.200, 148.0
Trd, 000040.567, 148
Trd, 000041.883, 165.0
Trd, 000042.267, 169.0
Trd, 000042.733, 162.0
Trd, 000043.383, 158.0
Trd, 000043.517, 151
Trd, 000044.000, 152
Trd, 000044.067, 158.0
Trd, 000044.167, 140
Trd, 000044.450, 171.0
Trd, 000045.683, 165.0
Trd, 000045.717, 148
Trd, 000046.017, 158.0
Trd, 000046.033, 166
Trd, 000046.583, 150
Trd, 000047.083, 150
Trd, 000047.267, 135.0
Trd, 000047.350, 141
Trd, 000048.950, 142.0
Trd, 000049.000, 143.0
Trd, 000049.483, 143.0
Trd, 000050.967, 142
Trd, 000051.050, 143.0
Trd, 000051.483, 144.0
Trd, 000051.817, 165.0
Trd, 000052.233, 160
Trd, 000053.550, 157
Trd, 000054.017, 158
Trd, 000054.167, 157
Trd, 000055.367, 152
Trd, 000055.517, 157
Trd, 000055.633, 158.0
Trd, 000056.200, 162.0
Trd, 000056.467, 154
Trd, 000057.067, 170.0
Trd, 000058.217, 153
Trd, 000058.617, 158.0
Trd, 000060.400, 157
Trd, 000060.600, 158
Trd, 000060.650, 156
Trd, 000060.750, 155
Trd, 000060.817, 163.0
Trd, 000060.983, 165.0
Trd, 000061.283, 178.0
Trd, 000061.433, 156
Trd, 000061.983, 150
Trd, 000062.167, 148.0
Trd, 000063.267, 151
Trd, 000064.083, 168.0
Trd, 000065.333, 169.0
Trd, 000065.600, 165.0
Trd, 000065.817, 165
Trd, 000067.717, 162
Trd, 000067.850, 158.0
Trd, 000068.017, 163
Trd, 000068.100, 165.0
Trd, 000068.900, 162.0
Trd, 000069.517, 172.0
Trd, 000069.817, 160
Trd, 000070.500, 159
Trd, 000070.917, 166
Trd, 000071.483, 159
Trd, 000071.750, 148.0
Trd, 000072.200, 144.0
Trd, 000073.600, 151
Trd, 000073.617, 152
Trd, 000073.917, 150
Trd, 000074.217, 154
Trd, 000074.967, 153
Trd, 000076.567, 156
Trd, 000076.750, 152
Trd, 000077.000, 151
Trd, 000077.133, 149
Trd, 000079.283, 156.0
Trd, 000079.550, 158.0
Trd, 000080.100, 149
Trd, 000080.200, 165.0
Trd, 000080.367, 172.0
Trd, 000080.550, 177
Trd, 000080.717, 171
Trd, 000083.183, 161
Trd, 000083.417, 158
Trd, 000083.817, 159
Trd, 000084.133, 162
Trd, 000084.367, 157
Trd, 000084.400, 157
Trd, 000084.867, 158.0
Trd, 000086.317, 159
Trd, 000086.883, 158
Trd, 000087.367, 159
Trd, 000087.583, 156
Trd, 000087.950, 155
Trd, 000088.933, 158
Trd, 000089.367, 161
Trd, 000089.550, 154
Trd, 000089.767, 150
Trd, 000090.600, 158.0
Trd, 000090.717, 161
Trd, 000091.633, 164.0
Trd, 000091.917, 152
Trd, 000092.467, 151
Trd, 000092.750, 162.0
Trd, 000093.733, 157.0
Trd, 000094.183, 158.0
Trd, 000094.500, 162.0
Trd, 000094.600, 151
Trd, 000095.950, 156
Trd, 000096.100, 158
Trd, 000096.700, 160
Trd, 000097.183, 155
Trd, 000097.367, 154
Trd, 000098.900, 153
Trd, 000099.383, 152
Trd, 000100.033, 155
Trd, 000100.500, 157.0
Trd, 000100.883, 153
Trd, 000101.067, 156
Trd, 000101.283, 157
Trd, 000102.250, 157.0
Trd, 000103.367, 154
Trd, 000103.767, 150
Trd, 000104.567, 150
Trd, 000104.867, 156.0
Trd, 000104.933, 148.0
Trd, 000105.050, 146
Trd, 000105.267, 158.0
Trd, 000105.417, 172.0
Trd, 000105.550, 144.0
Trd, 000106.683, 162.0
Trd, 000107.200, 135
Trd, 000107.467, 165.0
Trd, 000107.650, 173.0
Trd, 000107.767, 131.0
Trd, 000108.933, 157.0
Trd, 000109.067, 158.0
Trd, 000109.533, 147
Trd, 000109.667, 146
Trd, 000109.950, 162
Trd, 000110.250, 162.0
Trd, 000110.883, 161
Trd, 000112.483, 159
Trd, 000113.717, 154
Trd, 000114.250, 162
Trd, 000114.567, 149
Trd, 000115.133, 162
Trd, 000115.383, 164
Trd, 000115.500, 172.0
Trd, 000116.017, 179.0
Trd, 000116.200, 183
Trd, 000116.350, 162
Trd, 000117.283, 162.0
Trd, 000117.583, 183
Trd, 000118.733, 163
Trd, 000119.400, 162.0
Trd, 000119.600, 166.0
Trd, 000120.467, 162
Trd, 000121.100, 159
Trd, 000121.133, 149
Trd, 000121.300, 162.0
Trd, 000121.333, 135.0
Trd, 000122.583, 165.0
Trd, 000123.583, 164.0
Trd, 000123.950, 162.0
Trd, 000124.483, 157
Trd, 000125.833, 156.0
Trd, 000126.050, 157.0
Trd, 000126.333, 157
Trd, 000126.500, 155
Trd, 000127.583, 158.0
Trd, 000127.700, 154
Trd, 000128.300, 182.0
Trd, 000128.933, 170
Trd, 000129.533, 175
Trd, 000129.983, 168
Trd, 000130.300, 165.0
Trd, 000131.483, 162.0
Trd, 000132.250, 158.0
Trd, 000133.250, 164
Trd, 000133.267, 160
Trd, 000134.850, 162.0
Trd, 000135.567, 178.0
Trd, 000135.867, 165.0
Trd, 000136.050, 159
Trd, 000136.167, 158.0
Trd, 000136.400, 149
Trd, 000136.600, 148
Trd, 000136.983, 155
Trd, 000137.100, 148
Trd, 000137.667, 145
Trd, 000138.383, 154
Trd, 000138.433, 157
Trd, 000139.733, 154.0
Trd, 000140.217, 153
Trd, 000141.283, 155
Trd, 000141.517, 151
Trd, 000141.700, 155
Trd, 000141.967, 151
Trd, 000142.050, 148
Trd, 000142.683, 157.0
Trd, 000143.233, 158.0
Trd, 000144.150, 156.0
Trd, 000144.300, 148
Trd, 000145.583, 158.0
Trd, 000145.783, 164.0
Trd, 000146.450, 151
Trd, 000148.033, 158
Trd, 000149.183, 169
Trd, 000149.233, 160
Trd, 000149.850, 157
Trd, 000150.067, 150
Trd, 000150.767, 158.0
Trd, 000150.817, 165.0
Trd, 000150.933, 171.0
Trd, 000152.583, 162.0
Trd, 000152.617, 167
Trd, 000153.267, 168
Trd, 000153.667, 160
Trd, 000154.050, 176.0
Trd, 000154.450, 161
Trd, 000154.517, 159
Trd, 000155.417, 158.0
Trd, 000155.850, 158.0
Trd, 000156.200, 157
Trd, 000156.800, 170.0
Trd, 000156.967, 165.0
Trd, 000157.450, 171.0
Trd, 000158.150, 160
Trd, 000158.350, 172.0
Trd, 000159.083, 162.0
Trd, 000159.367, 158.0
Trd, 000159.483, 149
Trd, 000159.683, 149
Trd, 000161.217, 156
Trd, 000162.033, 163
Trd, 000162.267, 156
Trd, 000162.350, 154
Trd, 000162.500, 162
Trd, 000163.300, 165.0
Trd, 000164.350, 170
Trd, 000165.150, 165.0
Trd, 000165.400, 158
Trd, 000165.800, 165
Trd, 000166.017, 165
Trd, 000166.650, 159
Trd, 000166.717, 158.0
Trd, 000167.050, 157
Trd, 000168.583, 157
Trd, 000168.933, 158.0
Trd, 000169.133, 159
Trd, 000170.750, 165.0
Trd, 000171.200, 162.0
Trd, 000171.983, 170.0
Trd, 000172.067, 172.0
Trd, 000172.617, 158.0
Trd, 000172.950, 157
Trd, 000173.400, 171
Trd, 000173.767, 165.0
Trd, 000173.800, 156
Trd, 000174.450, 158
Trd, 000174.767, 179.0
Trd, 000175.467, 162.0
Trd, 000176.400, 161
Trd, 000177.367, 163
Trd, 000177.967, 159
Trd, 000178.600, 165.0
Trd, 000178.900, 167.0
Trd, 000179.067, 160
Trd, 000179.650, 167.0
Trd, 000179.883, 150
Trd, 000180.217, 172.0
Trd, 000181.083, 152
Trd, 000181.817, 162.0
Trd, 000181.967, 151.0
Trd, 000182.650, 165.0
Trd, 000183.133, 170
Trd, 000183.583, 172
Trd, 000183.683, 178
Trd, 000185.717, 162
Trd, 000185.783, 162.0
Trd, 000186.333, 171.0
Trd, 000186.650, 160
Trd, 000187.050, 162
Trd, 000187.600, 159
Trd, 000187.900, 162.0
Trd, 000188.883, 162
Trd, 000189.133, 163
Trd, 000189.783, 150
Trd, 000190.533, 158
Trd, 000190.700, 148
Trd, 000190.783, 136
Trd, 000190.933, 157.0
Trd, 000191.050, 158.0
Trd, 000192.233, 154
Trd, 000192.683, 152
Trd, 000193.800, 154
Trd, 000193.817, 155
Trd, 000194.050, 155
Trd, 000194.233, 156
Trd, 000194.550, 154
Trd, 000195.183, 170.0
Trd, 000195.267, 154
Trd, 000195.967, 165.0
Trd, 000196.250, 160
Trd, 000197.117, 162.0
Trd, 000197.717, 163.0
Trd, 000198.050, 164.0
Trd, 000198.167, 159
Trd, 000199.200, 165.0
Trd, 000199.867, 165.0
Trd, 000200.617, 162.0
Trd, 000201.217, 156
Trd, 000201.550, 157
Trd, 000201.583, 162
Trd, 000201.683, 156
Trd, 000201.750, 150.0
Trd, 000202.067, 163
Trd, 000202.533, 153
Trd, 000203.133, 149
Trd, 000204.217, 143.0
Trd, 000204.600, 144.0
Trd, 000205.067, 165.0
Trd, 000206.250, 170.0
Trd, 000206.550, 167
Trd, 000206.733, 162.0
Trd, 000208.833, 165.0
Trd, 000209.683, 177.0
Trd, 000210.033, 162.0
Trd, 000210.067, 179.0
Trd, 000210.967, 164
Trd, 000211.500, 158.0
Trd, 000212.817, 165
Trd, 000213.517, 162
Trd, 000213.583, 162.0
Trd, 000213.683, 165
Trd, 000213.883, 148.0
Trd, 000214.583, 155
Trd, 000215.033, 146
Trd, 000215.250, 164.0
Trd, 000215.833, 158.0
Trd, 000216.400, 164
Trd, 000216.433, 165.0
Trd, 000217.717, 158.0
Trd, 000218.217, 157
Trd, 000218.433, 157.0
Trd, 000218.783, 156
Trd, 000219.167, 158.0
Trd, 000220.017, 158
Trd, 000220.283, 159
Trd, 000221.467, 165.0
Trd, 000221.717, 166.0
Trd, 000221.933, 167.0
Trd, 000222.233, 162.0
Trd, 000222.683, 157
Trd, 000223.217, 158
Trd, 000224.350, 159
Trd, 000224.400, 157
Trd, 000225.133, 157
Trd, 000225.183, 149
Trd, 000225.600, 158.0
Trd, 000225.967, 156
Trd, 000227.217, 157
Trd, 000227.267, 159
Trd, 000227.483, 165.0
Trd, 000227.817, 179.0
Trd, 000229.433, 173
Trd, 000230.617, 166
Trd, 000230.767, 165.0
Trd, 000230.933, 161
Trd, 000232.250, 158
Trd, 000232.933, 160
Trd, 000233.233, 159
Trd, 000233.817, 161
Trd, 000233.917, 158
Trd, 000235.300, 158.0
Trd, 000235.367, 159
Trd, 000235.467, 150
Trd, 000235.900, 159
Trd, 000236.000, 161
Trd, 000236.517, 179.0
Trd, 000237.117, 158
Trd, 000237.550, 157
Trd, 000238.050, 181
Trd, 000238.367, 159
Trd, 000240.217, 172
Trd, 000240.650, 168
Trd, 000240.750, 166
Trd, 000240.967, 165.0
Trd, 000241.033, 162.0
Trd, 000241.783, 164
Trd, 000243.033, 156.0
Trd, 000243.200, 155.0
Trd, 000243.667, 150
Trd, 000243.900, 153
Trd, 000244.467, 150
Trd, 000244.483, 151
Trd, 000244.833, 149
Trd, 000245.067, 152
Trd, 000245.533, 154
Trd, 000246.400, 148.0
Trd, 000246.600, 152
Trd, 000246.883, 165.0
Trd, 000247.083, 162.0
Trd, 000247.250, 150
Trd, 000248.017, 158.0
Trd, 000248.033, 155
Trd, 000248.533, 172.0
Trd, 000248.550, 154
Trd, 000249.150, 165.0
Trd, 000249.600, 165
Trd, 000249.717, 164
Trd, 000250.600, 152
Trd, 000250.883, 154
Trd, 000250.917, 152
Trd, 000252.217, 149
Trd, 000252.367, 148.0
Trd, 000252.600, 154
Trd, 000252.717, 155
Trd, 000253.067, 140
Trd, 000253.167, 159
Trd, 000253.750, 161.0
Trd, 000254.850, 155.0
Trd, 000255.133, 156
Trd, 000255.433, 152
Trd, 000255.833, 158
Trd, 000255.983, 158
Trd, 000256.217, 160
Trd, 000256.700, 153
Trd, 000256.750, 157
Trd, 000256.900, 152
Trd, 000257.500, 150
Trd, 000257.883, 148.0
Trd, 000258.367, 148
Trd, 000258.767, 149
Trd, 000258.883, 152
Trd, 000259.750, 147
Trd, 000260.233, 152
Trd, 000260.300, 151
Trd, 000261.017, 148
Trd, 000261.300, 149
Trd, 000261.717, 141
Trd, 000262.067, 153
Trd, 000262.783, 154
Trd, 000263.333, 148.0
Trd, 000263.833, 155
Trd, 000264.350, 145
Trd, 000264.433, 144
Trd, 000264.817, 140
Trd, 000264.833, 153
Trd, 000265.067, 156
Trd, 000265.150, 165.0
Trd, 000265.917, 166.0
Trd, 000266.333, 167
Trd, 000266.417, 158.0
Trd, 000266.533, 155.0
Trd, 000266.683, 153.0
Trd, 000267.000, 149
Trd, 000267.133, 152
Trd, 000267.283, 157
Trd, 000267.967, 156.0
Trd, 000268.333, 149
Trd, 000269.383, 154.0
Trd, 000269.417, 150.0
Trd, 000269.700, 149.0
Trd, 000270.067, 154
Trd, 000270.400, 155
Trd, 000270.633, 147.0
Trd, 000270.850, 134.0
Trd, 000271.233, 138
Trd, 000271.633, 143.0
Trd, 000272.050, 139
Trd, 000272.267, 148.0
Trd, 000272.533, 151.0
Trd, 000272.883, 168
Trd, 000273.133, 165.0
Trd, 000273.283, 155.0
Trd, 000273.967, 152.0
Trd, 000274.033, 148
Trd, 000275.050, 156.0
Trd, 000275.133, 158.0
Trd, 000275.150, 165.0
Trd, 000276.050, 150
Trd, 000276.183, 161
Trd, 000277.617, 149.0
Trd, 000278.233, 155.0
Trd, 000278.283, 155.0
Trd, 000278.550, 154
Trd, 000278.700, 150
Trd, 000278.717, 154
Trd, 000279.033, 148.0
Trd, 000279.883, 146
Trd, 000280.467, 147
Trd, 000280.517, 155
Trd, 000280.933, 171.0
Trd, 000281.767, 148.0
Trd, 000282.033, 150
Trd, 000282.050, 151.0
Trd, 000282.600, 151
Trd, 000282.767, 147
Trd, 000283.100, 152
Trd, 000283.650, 147
Trd, 000284.100, 144.0
Trd, 000284.167, 158.0
Trd, 000285.150, 154
Trd, 000285.383, 161.0
Trd, 000285.650, 162.0
Trd, 000285.950, 154
Trd, 000286.483, 145
Trd, 000287.450, 155
Trd, 000287.600, 149
Trd, 000288.333, 149.0
Trd, 000288.367, 148
Trd, 000288.617, 148
Trd, 000289.283, 151.0
Trd, 000289.567, 158.0
Trd, 000289.950, 148
Trd, 000290.350, 148.0
Trd, 000290.783, 156
Trd, 000290.900, 148
Trd, 000291.150, 157
Trd, 000291.400, 158
Trd, 000291.417, 155.0
Trd, 000291.517, 148
Trd, 000292.800, 151
Trd, 000293.100, 170.0
Trd, 000293.383, 148
Trd, 000293.833, 153.0
Trd, 000294.717, 162.0
Trd, 000294.883, 168.0
Trd, 000294.900, 169.0
Trd, 000295.583, 165.0
Trd, 000295.667, 172.0
Trd, 000295.900, 158
Trd, 000296.750, 155
Trd, 000296.883, 157.0
Trd, 000296.917, 158.0
Trd, 000297.150, 155
Trd, 000298.350, 154
Trd, 000298.533, 153
Trd, 000298.817, 148.0
Trd, 000298.983, 151.0
