Trd, 000001.850, 110.0
Trd, 000001.950, 144
Trd, 000002.967, 163
Trd, 000003.550, 139
Trd, 000003.717, 138
Trd, 000004.333, 164.0
Trd, 000005.333, 162.0
Trd, 000005.383, 164.0
Trd, 000006.117, 146
Trd, 000006.133, 151
Trd, 000006.550, 168.0
Trd, 000006.733, 172.0
Trd, 000007.067, 134.0
Trd, 000008.517, 173.0
Trd, 000009.017, 149
Trd, 000009.517, 152
Trd, 000009.583, 158.0
Trd, 000009.867, 171.0
Trd, 000010.550, 152
Trd, 000010.717, 155.0
Trd, 000012.217, 171.0
Trd, 000012.833, 165.0
Trd, 000013.133, 166.0
Trd, 000013.833, 164
Trd, 000014.100, 162.0
Trd, 000014.617, 164
Trd, 000014.800, 155
Trd, 000015.350, 155
Trd, 000015.433, 163
Trd, 000016.283, 154
Trd, 000017.250, 155.0
Trd, 000017.633, 158.0
Trd, 000017.917, 160
Trd, 000018.350, 160
Trd, 000018.667, 161
Trd, 000018.850, 153
Trd, 000019.733, 165
Trd, 000019.933, 151
Trd, 000019.950, 140
Trd, 000020.950, 164
Trd, 000021.083, 169.0
Trd, 000021.983, 170
Trd, 000022.233, 172.0
Trd, 000022.367, 150
Trd, 000022.433, 156
Trd, 000023.467, 162.0
Trd, 000024.133, 168.0
Trd, 000024.217, 167.0
Trd, 000025.250, 165.0
Trd, 000025.567, 164.0
Trd, 000025.700, 165.0
Trd, 000026.033, 153
Trd, 000027.083, 139
Trd, 000027.600, 162
Trd, 000027.950, 165.0
Trd, 000028.050, 167.0
Trd, 000028.683, 168.0
Trd, 000029.533, 162
Trd, 000030.317, 165
Trd, 000030.367, 154
Trd, 000030.733, 155.0
Trd, 000031.183, 160
Trd, 000031.667, 165
Trd, 000032.433, 162.0
Trd, 000032.917, 164
Trd, 000033.133, 153
Trd, 000033.267, 152
Trd, 000033.917, 164
Trd, 000034.500, 164
Trd, 000034.517, 166
Trd, 000035.033, 159
Trd, 000035.850, 168.0
Trd, 000036.300, 168
Trd, 000037.183, 168.0
Trd, 000037.467, 170.0
Trd, 000037.517, 162.0
Trd, 000037.683, 172.0
Trd, 000038.283, 175.0
Trd, 000038.300, 162
Trd, 000039.450, 165.0
Trd, 000040.067, 161
Trd, 000040.767, 154
Trd, 000040.850, 169.0
Trd, 000043.283, 164
Trd, 000043.467, 163
Trd, 000043.500, 162.0
Trd, 000043.900, 159
Trd, 000044.250, 155
Trd, 000044.450, 161
Trd, 000044.500, 154
Trd, 000045.567, 159
Trd, 000046.917, 158
Trd, 000047.117, 160
Trd, 000047.233, 138
Trd, 000047.400, 139
Trd, 000047.833, 134.0
Trd, 000048.183, 167.0
Trd, 000048.450, 168.0
Trd, 000049.067, 172.0
Trd, 000049.933, 147
Trd, 000050.583, 162.0
Trd, 000050.800, 155.0
Trd, 000051.883, 152
Trd, 000052.133, 157.0
Trd, 000053.150, 152
Trd, 000054.217, 151
Trd, 000054.417, 151
Trd, 000054.500, 152
Trd, 000054.800, 155.0
Trd, 000055.017, 158.0
Trd, 000055.517, 150
Trd, 000056.350, 148
Trd, 000056.533, 156
Trd, 000056.933, 174
Trd, 000057.733, 163
Trd, 000058.383, 152
Trd, 000058.433, 167.0
Trd, 000059.767, 166.0
Trd, 000060.350, 165.0
Trd, 000060.367, 167.0
Trd, 000060.717, 167.0
Trd, 000061.117, 167.0
Trd, 000061.183, 159
Trd, 000062.117, 167
Trd, 000062.567, 155
Trd, 000062.650, 166.0
Trd, 000063.533, 157
Trd, 000063.783, 167.0
Trd, 000064.267, 168.0
Trd, 000064.750, 162.0
Trd, 000065.083, 165.0
Trd, 000065.200, 171.0
Trd, 000066.033, 168.0
Trd, 000066.650, 171.0
Trd, 000067.150, 172.0
Trd, 000067.967, 171
Trd, 000069.033, 169
Trd, 000069.217, 168
Trd, 000070.533, 167
Trd, 000070.683, 167
Trd, 000072.133, 164.0
Trd, 000072.983, 164.0
Trd, 000073.133, 163
Trd, 000073.217, 154
Trd, 000073.400, 166.0
Trd, 000074.383, 168.0
Trd, 000074.483, 164.0
Trd, 000074.833, 170
Trd, 000075.250, 163.0
Trd, 000075.450, 175.0
Trd, 000075.583, 183
Trd, 000075.933, 162.0
Trd, 000076.383, 175.0
Trd, 000078.600, 162
Trd, 000078.617, 164
Trd, 000079.000, 161
Trd, 000079.100, 165
Trd, 000080.517, 166.0
Trd, 000080.583, 167.0
Trd, 000080.683, 153
Trd, 000080.700, 144
Trd, 000081.000, 167.0
Trd, 000081.567, 151
Trd, 000081.983, 155.0
Trd, 000082.400, 167
Trd, 000082.767, 160
Trd, 000083.467, 162
Trd, 000083.650, 168.0
Trd, 000084.317, 155.0
Trd, 000084.617, 172.0
Trd, 000086.650, 168.0
Trd, 000087.200, 163
Trd, 000087.717, 165.0
Trd, 000087.967, 164
Trd, 000088.100, 165
Trd, 000088.600, 165.0
Trd, 000089.133, 172.0
Trd, 000089.417, 172
Trd, 000090.067, 165
Trd, 000090.817, 166
Trd, 000091.500, 166
Trd, 000092.167, 166
Trd, 000092.467, 167.0
Trd, 000092.800, 164
Trd, 000094.450, 167.0
Trd, 000094.500, 154
Trd, 000095.050, 165
Trd, 000095.167, 171
Trd, 000095.233, 171.0
Trd, 000095.583, 162.0
Trd, 000095.700, 140
Trd, 000097.117, 171.0
Trd, 000097.650, 172.0
Trd, 000098.150, 171.0
Trd, 000098.433, 175.0
Trd, 000098.783, 171.0
Trd, 000098.933, 172.0
Trd, 000101.067, 171
Trd, 000101.617, 170
Trd, 000101.817, 171
Trd, 000101.917, 172.0
Trd, 000101.967, 168.0
Trd, 000103.783, 168.0
Trd, 000103.850, 168
Trd, 000104.083, 167
Trd, 000104.267, 169
Trd, 000104.800, 169
Trd, 000104.983, 165.0
Trd, 000105.400, 169
Trd, 000106.533, 164
Trd, 000107.350, 168.0
Trd, 000107.367, 168
Trd, 000108.000, 162.0
Trd, 000108.600, 161
Trd, 000108.833, 172.0
Trd, 000110.833, 166.0
Trd, 000111.167, 165.0
Trd, 000111.433, 165.0
Trd, 000111.500, 165
Trd, 000113.067, 166
Trd, 000113.333, 165
Trd, 000113.917, 166.0
Trd, 000113.967, 167.0
Trd, 000114.200, 154
Trd, 000115.550, 165.0
Trd, 000116.367, 162.0
Trd, 000116.867, 171.0
Trd, 000117.067, 172.0
Trd, 000117.233, 165
Trd, 000117.567, 174.0
Trd, 000117.733, 175.0
Trd, 000118.750, 166
Trd, 000120.217, 169.0
Trd, 000121.250, 168.0
Trd, 000121.483, 170
Trd, 000122.317, 166
Trd, 000122.333, 168
Trd, 000122.600, 168
Trd, 000124.017, 168.0
Trd, 000124.567, 172.0
Trd, 000124.983, 166.0
Trd, 000125.317, 162.0
Trd, 000125.333, 174.0
Trd, 000125.483, 168.0
Trd, 000125.767, 155
Trd, 000125.783, 153
Trd, 000126.950, 168
Trd, 000127.117, 165.0
Trd, 000128.783, 164
Trd, 000128.933, 163
Trd, 000129.267, 168.0
Trd, 000131.100, 163.0
Trd, 000131.833, 163.0
Trd, 000132.450, 162.0
Trd, 000132.583, 163.0
Trd, 000132.633, 155
Trd, 000132.650, 152
Trd, 000132.900, 163
Trd, 000133.483, 163
Trd, 000133.633, 163
Trd, 000134.367, 162.0
Trd, 000134.517, 155
Trd, 000135.183, 154
Trd, 000135.433, 155.0
Trd, 000136.800, 158
Trd, 000137.450, 162
Trd, 000137.633, 168.0
Trd, 000139.017, 167.0
Trd, 000139.150, 166.0
Trd, 000140.017, 165.0
Trd, 000140.233, 164
Trd, 000140.533, 166
Trd, 000140.817, 166
Trd, 000141.017, 162.0
Trd, 000141.633, 166
Trd, 000142.150, 171
Trd, 000142.683, 168.0
Trd, 000143.450, 156
Trd, 000144.383, 165.0
Trd, 000145.483, 169.0
Trd, 000145.767, 170.0
Trd, 000146.533, 168.0
Trd, 000146.883, 167
Trd, 000146.983, 163
Trd, 000147.783, 166.0
Trd, 000148.383, 163
Trd, 000148.550, 162.0
Trd, 000149.667, 155
Trd, 000149.717, 161.0
Trd, 000149.733, 154
Trd, 000149.983, 152
Trd, 000150.167, 162
Trd, 000150.550, 162.0
Trd, 000151.417, 159
Trd, 000152.083, 155
Trd, 000153.017, 157
Trd, 000153.933, 154
Trd, 000154.283, 154
Trd, 000154.433, 155
Trd, 000154.550, 155.0
Trd, 000155.483, 154
Trd, 000156.233, 144
Trd, 000156.350, 165.0
Trd, 000156.850, 166.0
Trd, 000157.033, 170.0
Trd, 000157.217, 168.0
Trd, 000157.800, 170
Trd, 000158.900, 155.0
Trd, 000159.000, 151
Trd, 000159.383, 143
Trd, 000160.450, 151
Trd, 000160.517, 152
Trd, 000161.233, 148
Trd, 000161.517, 151
Trd, 000161.917, 149
Trd, 000161.950, 150
Trd, 000162.700, 166.0
Trd, 000163.500, 163
Trd, 000164.117, 181
Trd, 000164.333, 168.0
Trd, 000165.333, 170
Trd, 000165.533, 168
Trd, 000165.733, 170.0
Trd, 000166.583, 168.0
Trd, 000166.850, 167.0
Trd, 000167.150, 168.0
Trd, 000167.283, 166.0
Trd, 000168.717, 166
Trd, 000169.483, 169
Trd, 000169.583, 165.0
Trd, 000169.700, 165
Trd, 000170.550, 172.0
Trd, 000170.617, 140
Trd, 000170.900, 127
Trd, 000172.483, 165.0
Trd, 000172.750, 164.0
Trd, 000173.033, 166
Trd, 000173.350, 167
Trd, 000173.817, 167
Trd, 000174.150, 163
Trd, 000175.833, 168.0
Trd, 000176.017, 168.0
Trd, 000176.217, 169.0
Trd, 000177.633, 166.0
Trd, 000177.833, 165.0
Trd, 000178.250, 162.0
Trd, 000178.667, 168.0
Trd, 000178.983, 153
Trd, 000179.800, 157
Trd, 000180.033, 161
Trd, 000180.350, 162
Trd, 000180.433, 164
Trd, 000180.700, 163
Trd, 000180.817, 155
Trd, 000181.450, 168.0
Trd, 000181.550, 156
Trd, 000183.067, 166.0
Trd, 000183.217, 166
Trd, 000184.733, 166.0
Trd, 000184.850, 165.0
Trd, 000185.900, 164
Trd, 000185.950, 165.0
Trd, 000186.100, 160
Trd, 000186.200, 167.0
Trd, 000187.667, 163
Trd, 000188.217, 163
Trd, 000188.317, 166.0
Trd, 000188.450, 167.0
Trd, 000188.483, 168.0
Trd, 000188.567, 172.0
Trd, 000188.617, 165.0
Trd, 000189.917, 169
Trd, 000190.183, 162
Trd, 000190.983, 162.0
Trd, 000191.150, 154
Trd, 000191.467, 167
Trd, 000191.600, 170
Trd, 000191.900, 174.0
Trd, 000192.700, 156
Trd, 000192.750, 155
Trd, 000194.967, 165.0
Trd, 000195.033, 155
Trd, 000195.117, 140
Trd, 000195.317, 169
Trd, 000195.600, 163.0
Trd, 000195.733, 167.0
Trd, 000197.083, 163
Trd, 000197.183, 165
Trd, 000198.100, 168.0
Trd, 000198.433, 166.0
Trd, 000198.883, 162.0
Trd, 000198.900, 169.0
Trd, 000199.067, 169.0
Trd, 000199.233, 153
Trd, 000200.333, 168.0
Trd, 000200.683, 168.0
Trd, 000201.250, 165.0
Trd, 000201.983, 166
Trd, 000202.400, 162.0
Trd, 000203.250, 162.0
Trd, 000203.633, 151
Trd, 000204.367, 161.0
Trd, 000204.733, 162.0
Trd, 000205.550, 164.0
Trd, 000205.667, 165.0
Trd, 000206.217, 152
Trd, 000206.283, 167.0
Trd, 000207.033, 155.0
Trd, 000207.667, 167
Trd, 000208.783, 166.0
Trd, 000208.883, 165.0
Trd, 000209.433, 166
Trd, 000211.200, 169.0
Trd, 000211.567, 169.0
Trd, 000211.600, 170.0
Trd, 000211.950, 169.0
Trd, 000212.167, 168.0
Trd, 000212.450, 168
Trd, 000212.917, 169.0
Trd, 000212.950, 162.0
Trd, 000213.233, 170.0
Trd, 000213.783, 172.0
Trd, 000213.950, 167
Trd, 000214.233, 155.0
Trd, 000215.533, 167
Trd, 000215.700, 165.0
Trd, 000216.650, 154
Trd, 000216.683, 166
Trd, 000217.900, 163
Trd, 000218.167, 155.0
Trd, 000219.267, 172.0
Trd, 000219.950, 171.0
Trd, 000220.333, 168.0
Trd, 000220.350, 167.0
Trd, 000220.700, 168.0
Trd, 000220.933, 166.0
Trd, 000220.983, 165.0
Trd, 000221.483, 168.0
Trd, 000222.983, 162
Trd, 000224.133, 162.0
Trd, 000224.367, 174
Trd, 000224.583, 173.0
Trd, 000226.050, 170.0
Trd, 000226.167, 168.0
Trd, 000226.400, 171.0
Trd, 000226.583, 173
Trd, 000226.600, 165.0
Trd, 000227.450, 172.0
Trd, 000228.667, 155
Trd, 000228.800, 156
Trd, 000229.300, 155.0
Trd, 000229.617, 153
Trd, 000230.617, 171.0
Trd, 000231.150, 169.0
Trd, 000231.633, 171.0
Trd, 000232.100, 170.0
Trd, 000232.800, 170.0
Trd, 000233.117, 172.0
Trd, 000233.417, 166.0
Trd, 000233.500, 165.0
Trd, 000233.983, 171
Trd, 000234.867, 168.0
Trd, 000235.183, 167
Trd, 000235.200, 168
Trd, 000235.667, 171
Trd, 000236.283, 175.0
Trd, 000236.717, 165.0
Trd, 000236.867, 172.0
Trd, 000237.317, 162.0
Trd, 000238.550, 154
Trd, 000238.950, 157
Trd, 000238.983, 158
Trd, 000239.117, 139
Trd, 000239.483, 167
Trd, 000239.833, 168.0
Trd, 000240.167, 165.0
Trd, 000241.717, 154
Trd, 000242.483, 149.0
Trd, 000242.817, 144.0
Trd, 000243.600, 143.0
Trd, 000243.800, 144.0
Trd, 000244.017, 146.0
Trd, 000244.850, 145
Trd, 000245.583, 145.0
Trd, 000245.700, 146
Trd, 000245.783, 148.0
Trd, 000246.117, 154.0
Trd, 000246.750, 155.0
Trd, 000247.050, 146
Trd, 000247.233, 158.0
Trd, 000248.250, 155.0
Trd, 000248.783, 153.0
Trd, 000249.750, 153.0
Trd, 000249.783, 150
Trd, 000250.050, 161.0
Trd, 000251.317, 156.0
Trd, 000251.333, 143
Trd, 000252.033, 144.0
Trd, 000252.717, 143
Trd, 000252.817, 144
Trd, 000252.983, 142
Trd, 000253.050, 145
Trd, 000253.067, 146
Trd, 000253.533, 149.0
Trd, 000254.767, 151.0
Trd, 000255.983, 152.0
Trd, 000256.183, 145
Trd, 000256.233, 155.0
Trd, 000256.350, 155.0
Trd, 000256.467, 158.0
Trd, 000256.900, 168.0
Trd, 000257.267, 147
Trd, 000258.250, 140
Trd, 000258.517, 152
Trd, 000259.033, 153
Trd, 000259.117, 161
Trd, 000259.700, 149
Trd, 000259.950, 153
Trd, 000260.250, 144
Trd, 000260.900, 145.0
Trd, 000261.933, 146
Trd, 000262.250, 148
Trd, 000262.300, 149
Trd, 000263.100, 146.0
Trd, 000263.650, 154.0
Trd, 000263.667, 155.0
Trd, 000264.017, 161.0
Trd, 000265.033, 162.0
Trd, 000265.400, 160.0
Trd, 000266.033, 150
Trd, 000266.233, 158.0
Trd, 000266.583, 151
Trd, 000266.617, 150
Trd, 000266.700, 157
Trd, 000267.167, 144.0
Trd, 000268.067, 155.0
Trd, 000268.400, 148
Trd, 000268.517, 158.0
Trd, 000268.983, 143
Trd, 000269.117, 137.0
Trd, 000269.583, 147.0
Trd, 000270.383, 143.0
Trd, 000271.117, 138
Trd, 000271.217, 141.0
Trd, 000271.483, 144
Trd, 000271.817, 145.0
Trd, 000272.333, 140
Trd, 000272.533, 142
Trd, 000272.567, 144.0
Trd, 000272.583, 148.0
Trd, 000273.567, 137.0
Trd, 000273.717, 155.0
Trd, 000274.383, 136
Trd, 000274.450, 158.0
Trd, 000274.483, 162.0
Trd, 000275.200, 155
Trd, 000275.317, 142
Trd, 000275.950, 137.0
Trd, 000276.133, 156
Trd, 000276.683, 132
Trd, 000277.233, 138
Trd, 000277.333, 146
Trd, 000278.167, 144.0
Trd, 000278.350, 147.0
Trd, 000278.517, 147
Trd, 000278.850, 162.0
Trd, 000279.617, 160.0
Trd, 000279.650, 141
Trd, 000279.833, 155.0
Trd, 000280.033, 161.0
Trd, 000280.317, 152.0
Trd, 000281.133, 159.0
Trd, 000282.433, 153.0
Trd, 000282.750, 155.0
Trd, 000283.433, 149
Trd, 000283.450, 149
Trd, 000284.367, 153
Trd, 000284.417, 148
Trd, 000284.533, 140
Trd, 000284.917, 144.0
Trd, 000284.967, 153
Trd, 000285.583, 154
Trd, 000286.183, 145.0
Trd, 000286.733, 144.0
Trd, 000286.783, 145
Trd, 000286.817, 144
Trd, 000286.867, 155.0
Trd, 000287.267, 158.0
Trd, 000287.450, 168.0
Trd, 000288.067, 143
Trd, 000288.483, 142.0
Trd, 000288.783, 155.0
Trd, 000288.883, 141
Trd, 000289.817, 151
Trd, 000289.967, 144.0
Trd, 000290.100, 151
Trd, 000291.000, 151
Trd, 000291.333, 155
Trd, 000291.350, 158.0
Trd, 000291.617, 162.0
Trd, 000291.783, 167
Trd, 000292.800, 166.0
Trd, 000293.117, 167.0
Trd, 000293.550, 165.0
Trd, 000293.850, 143
Trd, 000294.583, 153
Trd, 000295.267, 144.0
Trd, 000295.850, 152
Trd, 000296.083, 153
Trd, 000296.133, 150
Trd, 000296.400, 158.0
Trd, 000296.617, 158.0
Trd, 000297.017, 140
Trd, 000297.083, 137.0
Trd, 000297.117, 153
Trd, 000297.233, 162.0
Trd, 000297.483, 162.0
Trd, 000297.717, 168.0
Trd, 000299.600, 160
Trd, 000299.650, 162
