Trd, 000003.200, 127.0
Trd, 000003.350, 158
Trd, 000004.033, 128
Trd, 000004.067, 130
Trd, 000004.917, 143.0
Trd, 000005.083, 152.0
Trd, 000005.550, 153
Trd, 000005.883, 152.0
Trd, 000006.967, 151.0
Trd, 000007.067, 155.0
Trd, 000008.367, 157.0
Trd, 000008.500, 158.0
Trd, 000009.050, 154
Trd, 000009.167, 153
Trd, 000009.517, 152
Trd, 000009.900, 152
Trd, 000009.933, 149
Trd, 000010.433, 152
Trd, 000010.700, 148
Trd, 000011.700, 144.0
Trd, 000012.683, 148
Trd, 000013.267, 151
Trd, 000014.500, 147
Trd, 000014.600, 150
Trd, 000015.217, 150
Trd, 000015.333, 149
Trd, 000016.417, 147
Trd, 000016.683, 149
Trd, 000017.800, 147
Trd, 000018.150, 149
Trd, 000018.350, 148
Trd, 000018.533, 146
Trd, 000019.517, 151
Trd, 000019.683, 155.0
Trd, 000020.700, 155.0
Trd, 000021.417, 154
Trd, 000021.617, 155.0
Trd, 000022.000, 153
Trd, 000022.167, 156
Trd, 000022.383, 152.0
Trd, 000022.767, 151
Trd, 000023.617, 155.0
Trd, 000024.467, 156.0
Trd, 000024.700, 156
Trd, 000025.150, 157
Trd, 000025.433, 157
Trd, 000026.150, 156
Trd, 000026.817, 157.0
Trd, 000027.017, 154
Trd, 000027.817, 155.0
Trd, 000028.350, 156
Trd, 000028.983, 158.0
Trd, 000030.000, 156
Trd, 000030.017, 157
Trd, 000030.833, 156
Trd, 000031.017, 156
Trd, 000031.450, 155
Trd, 000032.550, 155.0
Trd, 000032.617, 156
Trd, 000033.617, 155
Trd, 000033.800, 154
Trd, 000035.267, 155
Trd, 000035.450, 154
Trd, 000035.600, 154.0
Trd, 000035.683, 155.0
Trd, 000036.800, 155
Trd, 000037.133, 155.0
Trd, 000037.283, 154
Trd, 000037.683, 152
Trd, 000038.750, 153.0
Trd, 000039.050, 155
Trd, 000040.017, 152
Trd, 000040.550, 151
Trd, 000040.767, 151
Trd, 000041.583, 150
Trd, 000042.317, 151.0
Trd, 000042.683, 149
Trd, 000043.217, 145
Trd, 000043.517, 150
Trd, 000043.567, 151
Trd, 000043.667, 155
Trd, 000044.400, 154.0
Trd, 000045.050, 146
Trd, 000046.300, 154
Trd, 000046.583, 150.0
Trd, 000046.850, 149
Trd, 000047.100, 160.0
Trd, 000048.800, 153.0
Trd, 000049.283, 154.0
Trd, 000049.950, 152.0
Trd, 000050.217, 151.0
Trd, 000051.383, 153
Trd, 000051.600, 154
Trd, 000053.350, 153
Trd, 000053.600, 151
Trd, 000054.633, 152
Trd, 000055.250, 151.0
Trd, 000055.383, 152
Trd, 000055.783, 155.0
Trd, 000056.750, 152.0
Trd, 000057.100, 152
Trd, 000057.633, 154
Trd, 000058.033, 154
Trd, 000058.267, 151
Trd, 000058.983, 154
Trd, 000059.383, 152.0
Trd, 000059.450, 153.0
Trd, 000059.667, 151.0
Trd, 000060.667, 150
Trd, 000061.233, 149
Trd, 000061.633, 153
Trd, 000061.667, 153
Trd, 000062.133, 155.0
Trd, 000062.400, 152
Trd, 000062.967, 156.0
Trd, 000063.833, 155.0
Trd, 000064.717, 153.0
Trd, 000065.917, 153
Trd, 000066.417, 153
Trd, 000066.833, 155
Trd, 000067.400, 155.0
Trd, 000067.517, 152
Trd, 000068.117, 152
Trd, 000068.683, 151.0
Trd, 000069.233, 153
Trd, 000069.983, 154
Trd, 000070.300, 154
Trd, 000070.500, 158.0
Trd, 000071.383, 154.0
Trd, 000071.867, 154
Trd, 000072.217, 155.0
Trd, 000072.367, 155
Trd, 000072.917, 155
Trd, 000074.200, 155
Trd, 000074.417, 155.0
Trd, 000074.650, 152
Trd, 000074.700, 158.0
Trd, 000076.067, 155.0
Trd, 000076.717, 151
Trd, 000077.617, 151
Trd, 000077.717, 152
Trd, 000078.133, 156
Trd, 000078.533, 155.0
Trd, 000079.117, 154
Trd, 000079.167, 151.0
Trd, 000079.333, 151
Trd, 000079.517, 144.0
Trd, 000080.417, 152
Trd, 000081.833, 148
Trd, 000081.867, 146
Trd, 000083.533, 146
Trd, 000083.583, 148
Trd, 000084.133, 145.0
Trd, 000085.433, 149
Trd, 000085.600, 144
Trd, 000086.150, 145
Trd, 000086.517, 149
Trd, 000086.950, 150
Trd, 000087.267, 151
Trd, 000087.333, 147.0
Trd, 000087.533, 146
Trd, 000087.650, 146.0
Trd, 000089.017, 149
Trd, 000089.750, 151
Trd, 000090.517, 150
Trd, 000090.617, 151
Trd, 000091.617, 155.0
Trd, 000092.333, 149
Trd, 000092.617, 147
Trd, 000092.950, 154
Trd, 000093.450, 152.0
Trd, 000093.567, 153
Trd, 000094.100, 152.0
Trd, 000094.483, 151
Trd, 000094.800, 154.0
Trd, 000095.783, 153
Trd, 000096.550, 153.0
Trd, 000097.167, 153
Trd, 000098.433, 152.0
Trd, 000098.500, 151.0
Trd, 000099.617, 154.0
Trd, 000099.950, 151.0
Trd, 000100.133, 150
Trd, 000100.717, 142.0
Trd, 000100.900, 152
Trd, 000101.600, 151.0
Trd, 000102.683, 152
Trd, 000102.733, 150
Trd, 000103.233, 147
Trd, 000103.400, 153
Trd, 000103.550, 158.0
Trd, 000104.533, 154.0
Trd, 000105.550, 150
Trd, 000106.417, 150
Trd, 000106.567, 151.0
Trd, 000106.667, 152
Trd, 000108.017, 149
Trd, 000108.417, 151
Trd, 000108.733, 151
Trd, 000109.700, 155.0
Trd, 000110.733, 151
Trd, 000110.950, 152
Trd, 000111.000, 151
Trd, 000111.400, 152
Trd, 000111.833, 158.0
Trd, 000112.883, 155.0
Trd, 000113.333, 152
Trd, 000113.983, 153
Trd, 000114.150, 152
Trd, 000114.600, 154
Trd, 000114.667, 151
Trd, 000115.850, 153
Trd, 000116.400, 153
Trd, 000116.800, 154
Trd, 000117.150, 151.0
Trd, 000117.783, 151
Trd, 000118.600, 151
Trd, 000119.400, 151.0
Trd, 000119.700, 150
Trd, 000119.967, 152
Trd, 000120.383, 150
Trd, 000120.867, 141.0
Trd, 000121.000, 153
Trd, 000121.217, 140
Trd, 000121.617, 145
Trd, 000122.133, 151
Trd, 000122.150, 146
Trd, 000122.400, 145
Trd, 000123.500, 146
Trd, 000124.450, 146
Trd, 000124.550, 146
Trd, 000125.750, 152.0
Trd, 000125.950, 151.0
Trd, 000126.233, 154.0
Trd, 000126.700, 154.0
Trd, 000126.733, 155.0
Trd, 000127.383, 151
Trd, 000127.933, 158.0
Trd, 000129.233, 150
Trd, 000129.883, 153
Trd, 000131.450, 149
Trd, 000131.600, 149
Trd, 000131.717, 148.0
Trd, 000132.067, 149
Trd, 000132.717, 147
Trd, 000133.150, 148
Trd, 000133.483, 149
Trd, 000134.083, 146
Trd, 000134.850, 155.0
Trd, 000136.183, 149
Trd, 000136.517, 150
Trd, 000136.617, 151
Trd, 000136.650, 148.0
Trd, 000137.150, 152
Trd, 000137.567, 151.0
Trd, 000137.967, 160.0
Trd, 000139.017, 160.0
Trd, 000139.833, 178
Trd, 000140.067, 176
Trd, 000140.250, 167
Trd, 000140.517, 165.0
Trd, 000141.317, 155.0
Trd, 000141.950, 142.0
Trd, 000141.983, 155.0
Trd, 000142.967, 162
Trd, 000143.400, 161
Trd, 000143.800, 155.0
Trd, 000144.450, 160
Trd, 000144.683, 159
Trd, 000144.967, 158.0
Trd, 000145.567, 157
Trd, 000145.750, 152
Trd, 000145.833, 158
Trd, 000146.550, 157.0
Trd, 000146.600, 156
Trd, 000147.033, 156.0
Trd, 000147.367, 162.0
Trd, 000148.683, 158.0
Trd, 000149.233, 159
Trd, 000149.467, 155.0
Trd, 000151.250, 155
Trd, 000151.400, 154
Trd, 000151.667, 155
Trd, 000151.800, 152.0
Trd, 000151.900, 156
Trd, 000152.433, 153
Trd, 000153.183, 152.0
Trd, 000155.200, 153
Trd, 000155.233, 152
Trd, 000155.550, 155
Trd, 000156.150, 153
Trd, 000156.167, 155.0
Trd, 000156.650, 158.0
Trd, 000156.917, 157
Trd, 000157.017, 156.0
Trd, 000157.283, 158
Trd, 000158.083, 155
Trd, 000159.333, 155.0
Trd, 000159.483, 155
Trd, 000160.050, 153.0
Trd, 000161.017, 153
Trd, 000161.733, 154
Trd, 000161.850, 152.0
Trd, 000162.083, 152
Trd, 000162.400, 151.0
Trd, 000162.550, 150
Trd, 000162.717, 151
Trd, 000163.933, 149
Trd, 000164.017, 144.0
Trd, 000164.550, 151
Trd, 000165.650, 151
Trd, 000165.983, 151
Trd, 000166.050, 155.0
Trd, 000166.517, 152
Trd, 000166.950, 156.0
Trd, 000168.117, 157.0
Trd, 000168.233, 156.0
Trd, 000168.683, 156.0
Trd, 000168.700, 158.0
Trd, 000169.017, 162.0
Trd, 000169.467, 160
Trd, 000169.583, 158
Trd, 000170.733, 161
Trd, 000171.067, 160
Trd, 000171.333, 156
Trd, 000172.183, 155.0
Trd, 000172.933, 159
Trd, 000173.300, 157
Trd, 000174.167, 157
Trd, 000174.333, 156
Trd, 000174.450, 151.0
Trd, 000174.600, 144.0
Trd, 000175.267, 155.0
Trd, 000176.350, 153
Trd, 000176.933, 153
Trd, 000177.417, 153
Trd, 000177.633, 153
Trd, 000177.733, 150
Trd, 000177.883, 152
Trd, 000178.550, 158.0
Trd, 000179.133, 155.0
Trd, 000179.383, 155
Trd, 000179.500, 153
Trd, 000179.633, 157.0
Trd, 000180.333, 156.0
Trd, 000181.033, 155.0
Trd, 000181.850, 155
Trd, 000182.117, 153
Trd, 000182.550, 155
Trd, 000183.817, 153
Trd, 000183.883, 153
Trd, 000184.500, 154
Trd, 000184.900, 153
Trd, 000185.333, 154
Trd, 000185.600, 153
Trd, 000186.317, 155.0
Trd, 000186.400, 152
Trd, 000187.283, 151.0
Trd, 000187.300, 144.0
Trd, 000187.733, 155.0
Trd, 000188.917, 154.0
Trd, 000189.133, 149
Trd, 000189.833, 152
Trd, 000189.917, 153
Trd, 000190.150, 152
Trd, 000190.300, 153
Trd, 000192.100, 151
Trd, 000192.517, 153
Trd, 000192.800, 154
Trd, 000193.900, 154
Trd, 000194.167, 154.0
Trd, 000195.667, 155.0
Trd, 000195.950, 155.0
Trd, 000196.183, 154
Trd, 000196.533, 151
Trd, 000197.017, 155
Trd, 000197.217, 155.0
Trd, 000197.300, 153
Trd, 000198.050, 155.0
Trd, 000199.667, 151.0
Trd, 000200.633, 150
Trd, 000200.883, 151
Trd, 000201.033, 151
Trd, 000201.200, 145.0
Trd, 000201.217, 152
Trd, 000201.483, 155.0
Trd, 000202.600, 156
Trd, 000203.550, 158.0
Trd, 000203.917, 150
Trd, 000204.783, 155
Trd, 000205.100, 152
Trd, 000205.483, 151
Trd, 000205.750, 151
Trd, 000207.300, 149
Trd, 000207.667, 146.0
Trd, 000207.800, 144.0
Trd, 000207.817, 147
Trd, 000208.617, 145
Trd, 000209.300, 145
Trd, 000209.867, 142.0
Trd, 000210.450, 145
Trd, 000211.017, 145
Trd, 000212.050, 145
Trd, 000212.300, 146
Trd, 000212.417, 151
Trd, 000212.983, 154.0
Trd, 000213.067, 151.0
Trd, 000213.233, 155.0
Trd, 000214.200, 147
Trd, 000215.067, 152
Trd, 000215.150, 150
Trd, 000215.433, 152
Trd, 000215.967, 151
Trd, 000216.383, 149
Trd, 000216.450, 152
Trd, 000217.933, 148
Trd, 000218.000, 150
Trd, 000218.217, 150
Trd, 000219.100, 142.0
Trd, 000220.833, 147
Trd, 000221.567, 148
Trd, 000221.817, 146.0
Trd, 000222.033, 145.0
Trd, 000222.850, 148
Trd, 000223.717, 150
Trd, 000224.300, 150
Trd, 000224.483, 150
Trd, 000225.017, 151
Trd, 000225.100, 150
Trd, 000225.150, 152
Trd, 000225.533, 149
Trd, 000225.600, 155.0
Trd, 000228.017, 151
Trd, 000228.567, 151
Trd, 000228.950, 150
Trd, 000229.167, 152
Trd, 000229.517, 153
Trd, 000229.867, 151
Trd, 000230.533, 151.0
Trd, 000230.867, 153
Trd, 000231.550, 155.0
Trd, 000232.650, 152
Trd, 000232.950, 154
Trd, 000234.033, 150
Trd, 000234.850, 150
Trd, 000235.200, 152
Trd, 000235.383, 151
Trd, 000235.633, 150
Trd, 000235.900, 151
Trd, 000235.967, 151
Trd, 000237.033, 151.0
Trd, 000237.533, 150
Trd, 000237.750, 149
Trd, 000238.633, 151
Trd, 000238.750, 152
Trd, 000239.050, 154
Trd, 000239.083, 149
Trd, 000239.967, 153
Trd, 000240.100, 154.0
Trd, 000241.317, 154
Trd, 000241.500, 153
Trd, 000241.667, 152
Trd, 000242.317, 153.0
Trd, 000242.650, 155.0
Trd, 000243.000, 155.0
Trd, 000243.500, 152
Trd, 000243.650, 152
Trd, 000244.250, 151.0
Trd, 000244.433, 152.0
Trd, 000244.600, 152
Trd, 000245.050, 151.0
Trd, 000245.433, 148.0
Trd, 000245.700, 151.0
Trd, 000246.017, 152.0
Trd, 000246.783, 153
Trd, 000246.983, 153
Trd, 000248.150, 154.0
Trd, 000248.283, 152
Trd, 000248.300, 151
Trd, 000248.467, 151.0
Trd, 000248.500, 151
Trd, 000248.800, 149
Trd, 000249.267, 154
Trd, 000250.400, 150
Trd, 000251.517, 148.0
Trd, 000252.433, 153
Trd, 000252.900, 150
Trd, 000252.933, 149
Trd, 000253.383, 152
Trd, 000254.083, 151
Trd, 000254.800, 149
Trd, 000255.450, 151
Trd, 000256.183, 151
Trd, 000257.033, 149
Trd, 000257.067, 148
Trd, 000257.333, 149
Trd, 000257.383, 151
Trd, 000257.783, 149
Trd, 000258.283, 150.0
Trd, 000258.650, 152
Trd, 000258.783, 155.0
Trd, 000259.033, 148.0
Trd, 000259.817, 147
Trd, 000260.150, 151
Trd, 000260.567, 150.0
Trd, 000260.633, 148.0
Trd, 000260.800, 151
Trd, 000261.267, 158.0
Trd, 000261.550, 161
Trd, 000262.617, 157
Trd, 000262.983, 155.0
Trd, 000263.750, 152.0
Trd, 000264.500, 153
Trd, 000264.867, 150
Trd, 000265.050, 151
Trd, 000265.067, 155
Trd, 000265.700, 153
Trd, 000265.983, 151
Trd, 000266.050, 150
Trd, 000266.233, 151
Trd, 000266.500, 154
Trd, 000266.983, 153
Trd, 000267.100, 151.0
Trd, 000267.217, 149.0
Trd, 000267.667, 154
Trd, 000267.850, 148.0
Trd, 000269.867, 150.0
Trd, 000270.017, 149
Trd, 000270.133, 152.0
Trd, 000270.383, 154
Trd, 000270.483, 151.0
Trd, 000270.600, 155.0
Trd, 000270.850, 157.0
Trd, 000271.633, 149
Trd, 000271.950, 149
Trd, 000272.167, 154
Trd, 000272.783, 151
Trd, 000273.350, 148.0
Trd, 000273.617, 148
Trd, 000273.733, 149
Trd, 000273.767, 150
Trd, 000274.233, 147
Trd, 000274.717, 153
Trd, 000274.900, 153
Trd, 000275.000, 145.0
Trd, 000275.217, 150.0
Trd, 000275.367, 149
Trd, 000275.717, 158.0
Trd, 000276.733, 154
Trd, 000276.767, 155.0
Trd, 000277.967, 155.0
Trd, 000278.833, 155.0
Trd, 000279.250, 149.0
Trd, 000279.600, 151
Trd, 000279.750, 145.0
Trd, 000280.833, 151
Trd, 000281.183, 147.0
Trd, 000281.500, 144.0
Trd, 000281.550, 151
Trd, 000282.000, 141.0
Trd, 000282.417, 151
Trd, 000282.600, 148.0
Trd, 000283.283, 144
Trd, 000283.667, 141.0
Trd, 000284.100, 147
Trd, 000284.717, 149
Trd, 000285.083, 145
Trd, 000285.167, 148
Trd, 000285.700, 150
Trd, 000285.783, 144
Trd, 000285.917, 151
Trd, 000286.417, 146
Trd, 000287.883, 155.0
Trd, 000288.133, 152.0
Trd, 000288.350, 162.0
Trd, 000288.383, 151.0
Trd, 000288.633, 148.0
Trd, 000288.733, 146
Trd, 000289.100, 142.0
Trd, 000289.633, 137.0
Trd, 000290.250, 146
Trd, 000290.867, 151.0
Trd, 000290.883, 156
Trd, 000291.550, 149
Trd, 000291.683, 154.0
Trd, 000292.750, 152
Trd, 000293.000, 150
Trd, 000293.017, 152
Trd, 000293.817, 153
Trd, 000293.933, 151.0
Trd, 000295.600, 150
Trd, 000295.917, 152
Trd, 000296.017, 152
Trd, 000296.333, 151
Trd, 000296.533, 150
Trd, 000296.583, 150
Trd, 000296.717, 148
Trd, 000296.783, 148.0
Trd, 000297.383, 152.0
Trd, 000297.767, 142.0
Trd, 000298.717, 151
Trd, 000299.117, 146
Trd, 000299.150, 142.0
Trd, 000299.617, 152
Trd, 000299.967, 151
