Trd, 000003.383, 120.0
Trd, 000003.517, 128
Trd, 000003.867, 126
Trd, 000004.050, 126
Trd, 000004.850, 126
Trd, 000005.783, 133
Trd, 000006.067, 134.0
Trd, 000006.883, 121.0
Trd, 000007.250, 133
Trd, 000007.683, 150
Trd, 000008.917, 134.0
Trd, 000009.417, 131
Trd, 000009.433, 131
Trd, 000010.333, 133
Trd, 000010.517, 134
Trd, 000011.300, 137
Trd, 000011.417, 135
Trd, 000011.767, 135
Trd, 000012.083, 135
Trd, 000013.000, 136
Trd, 000013.067, 150
Trd, 000013.650, 154
Trd, 000014.533, 151
Trd, 000015.467, 151
Trd, 000016.150, 154
Trd, 000017.083, 155
Trd, 000017.517, 154
Trd, 000017.700, 155
Trd, 000019.267, 156
Trd, 000020.067, 155
Trd, 000020.233, 154
Trd, 000021.100, 156
Trd, 000021.133, 153
Trd, 000021.783, 152
Trd, 000022.833, 151
Trd, 000022.900, 151.0
Trd, 000024.300, 152
Trd, 000024.700, 152
Trd, 000025.500, 151
Trd, 000026.067, 151
Trd, 000026.833, 151
Trd, 000027.183, 152
Trd, 000027.417, 151
Trd, 000027.850, 151.0
Trd, 000027.933, 149
Trd, 000028.750, 148
Trd, 000028.900, 149
Trd, 000029.550, 149
Trd, 000030.433, 147
Trd, 000030.733, 146
Trd, 000030.900, 144.0
Trd, 000032.433, 146
Trd, 000032.583, 149
Trd, 000033.050, 148
Trd, 000033.117, 144
Trd, 000033.700, 151
Trd, 000033.850, 155
Trd, 000034.000, 144.0
Trd, 000035.283, 148
Trd, 000035.483, 146
Trd, 000036.650, 149
Trd, 000037.217, 150
Trd, 000038.167, 149
Trd, 000038.733, 149
Trd, 000039.133, 147
Trd, 000039.917, 147
Trd, 000040.433, 148
Trd, 000040.767, 149
Trd, 000041.683, 148
Trd, 000041.900, 148
Trd, 000042.133, 147
Trd, 000042.283, 146
Trd, 000042.550, 148
Trd, 000042.983, 148
Trd, 000043.450, 147
Trd, 000044.267, 132
Trd, 000045.033, 126
Trd, 000045.417, 127
Trd, 000045.433, 126.0
Trd, 000045.600, 150
Trd, 000046.583, 141.0
Trd, 000047.983, 140
Trd, 000048.050, 137.0
Trd, 000048.233, 141
Trd, 000048.750, 141.0
Trd, 000049.217, 158
Trd, 000049.683, 149
Trd, 000050.250, 150
Trd, 000050.283, 151
Trd, 000050.467, 149
Trd, 000051.750, 151
Trd, 000052.083, 152
Trd, 000053.183, 152
Trd, 000053.400, 151
Trd, 000054.233, 153
Trd, 000055.217, 153
Trd, 000055.450, 152.0
Trd, 000056.317, 152.0
Trd, 000057.150, 151.0
Trd, 000057.667, 153
Trd, 000058.233, 152
Trd, 000059.117, 150
Trd, 000059.417, 151
Trd, 000059.950, 151
Trd, 000060.550, 151.0
Trd, 000060.767, 150
Trd, 000060.783, 147
Trd, 000061.100, 146
Trd, 000062.867, 153.0
Trd, 000063.333, 153
Trd, 000063.950, 152
Trd, 000064.733, 152
Trd, 000065.250, 152.0
Trd, 000065.533, 151.0
Trd, 000065.850, 153
Trd, 000067.100, 154
Trd, 000067.833, 154
Trd, 000068.867, 155
Trd, 000068.900, 154
Trd, 000069.750, 154
Trd, 000070.783, 153
Trd, 000071.167, 155
Trd, 000071.300, 152
Trd, 000072.483, 155
Trd, 000072.517, 151.0
Trd, 000072.800, 149
Trd, 000074.367, 149
Trd, 000074.633, 150
Trd, 000075.050, 149
Trd, 000075.533, 149
Trd, 000076.183, 149
Trd, 000076.950, 151
Trd, 000077.883, 152
Trd, 000078.000, 152
Trd, 000078.700, 153
Trd, 000079.717, 153.0
Trd, 000080.800, 151.0
Trd, 000081.567, 151
Trd, 000081.817, 151
Trd, 000081.933, 151
Trd, 000082.317, 153
Trd, 000083.467, 154
Trd, 000083.967, 151
Trd, 000084.450, 151.0
Trd, 000085.367, 152
Trd, 000085.400, 153
Trd, 000085.617, 152
Trd, 000086.183, 148
Trd, 000086.417, 151.0
Trd, 000087.017, 145.0
Trd, 000087.350, 144.0
Trd, 000087.933, 147
Trd, 000088.983, 146
Trd, 000090.200, 147
Trd, 000090.417, 148
Trd, 000090.767, 149
Trd, 000091.550, 148
Trd, 000092.250, 150
Trd, 000093.783, 148
Trd, 000094.333, 148
Trd, 000095.083, 149
Trd, 000095.667, 150
Trd, 000096.117, 150
Trd, 000096.317, 149
Trd, 000097.133, 150
Trd, 000097.683, 152
Trd, 000097.717, 152
Trd, 000098.167, 151.0
Trd, 000098.317, 148
Trd, 000100.567, 150
Trd, 000100.950, 149
Trd, 000101.800, 150
Trd, 000102.050, 149
Trd, 000102.200, 147
Trd, 000102.317, 147
Trd, 000102.350, 120.0
Trd, 000102.450, 148
Trd, 000103.517, 142.0
Trd, 000103.900, 143.0
Trd, 000105.500, 144
Trd, 000106.933, 147
Trd, 000107.167, 146
Trd, 000108.250, 147
Trd, 000108.383, 146
Trd, 000109.200, 147
Trd, 000109.533, 145
Trd, 000109.767, 148
Trd, 000110.367, 151.0
Trd, 000110.450, 146
Trd, 000111.267, 150
Trd, 000111.833, 151
Trd, 000112.483, 150
Trd, 000112.617, 144.0
Trd, 000112.650, 137.0
Trd, 000113.700, 131
Trd, 000114.133, 141.0
Trd, 000115.350, 140
Trd, 000116.350, 140
Trd, 000116.383, 143
Trd, 000116.917, 141
Trd, 000116.983, 142
Trd, 000117.600, 148
Trd, 000118.433, 158
Trd, 000118.767, 150
Trd, 000119.367, 150
Trd, 000120.717, 162.0
Trd, 000121.117, 158
Trd, 000121.133, 157
Trd, 000121.217, 157
Trd, 000121.233, 163
Trd, 000122.150, 158
Trd, 000122.983, 159
Trd, 000123.067, 160
Trd, 000123.167, 161
Trd, 000123.283, 159
Trd, 000123.617, 158
Trd, 000123.983, 149
Trd, 000125.883, 155
Trd, 000126.867, 155
Trd, 000126.950, 154
Trd, 000127.333, 154
Trd, 000127.883, 152
Trd, 000128.583, 150
Trd, 000129.250, 152
Trd, 000129.650, 151.0
Trd, 000130.700, 153
Trd, 000131.483, 152
Trd, 000131.617, 153
Trd, 000132.417, 152
Trd, 000132.867, 153
Trd, 000132.950, 148
Trd, 000133.967, 153
Trd, 000134.217, 151
Trd, 000134.617, 153
Trd, 000135.233, 144.0
Trd, 000136.167, 146
Trd, 000136.717, 148
Trd, 000137.133, 146
Trd, 000137.783, 146
Trd, 000138.600, 150
Trd, 000138.900, 151
Trd, 000139.150, 151
Trd, 000139.917, 157
Trd, 000140.400, 151.0
Trd, 000141.367, 153
Trd, 000141.800, 153
Trd, 000141.967, 153
Trd, 000142.683, 153
Trd, 000142.983, 152
Trd, 000143.433, 153
Trd, 000143.867, 158
Trd, 000144.900, 155
Trd, 000145.067, 155
Trd, 000145.283, 154
Trd, 000145.750, 155
Trd, 000147.317, 159.0
Trd, 000147.350, 158
Trd, 000147.883, 160
Trd, 000148.283, 158
Trd, 000148.333, 157
Trd, 000149.050, 158
Trd, 000149.733, 157
Trd, 000150.917, 156
Trd, 000151.017, 156
Trd, 000151.317, 151.0
Trd, 000151.633, 152
Trd, 000151.900, 152
Trd, 000152.033, 151
Trd, 000152.750, 148
Trd, 000152.983, 150
Trd, 000153.017, 152
Trd, 000153.817, 149.0
Trd, 000153.983, 152
Trd, 000155.083, 142
Trd, 000155.933, 145
Trd, 000156.117, 144.0
Trd, 000156.617, 144
Trd, 000156.833, 144
Trd, 000157.450, 144.0
Trd, 000157.567, 144.0
Trd, 000157.833, 144
Trd, 000158.117, 143
Trd, 000159.767, 143
Trd, 000159.817, 143
Trd, 000160.283, 145
Trd, 000160.300, 142
Trd, 000160.667, 148
Trd, 000161.750, 143
Trd, 000163.733, 143
Trd, 000164.233, 159
Trd, 000165.267, 152
Trd, 000165.567, 151.0
Trd, 000166.217, 148
Trd, 000166.233, 147
Trd, 000166.600, 149
Trd, 000166.700, 149
Trd, 000167.317, 149
Trd, 000167.733, 144.0
Trd, 000168.083, 147
Trd, 000168.133, 147
Trd, 000169.750, 145
Trd, 000169.967, 146
Trd, 000170.000, 140
Trd, 000170.533, 141
Trd, 000170.867, 146
Trd, 000171.550, 137.0
Trd, 000172.600, 139.0
Trd, 000173.033, 138
Trd, 000173.333, 141.0
Trd, 000174.167, 143
Trd, 000174.700, 143
Trd, 000175.150, 144
Trd, 000175.733, 144
Trd, 000175.933, 144.0
Trd, 000176.267, 145
Trd, 000176.900, 148
Trd, 000177.450, 147
Trd, 000177.750, 147
Trd, 000178.667, 147
Trd, 000179.100, 146
Trd, 000179.117, 147
Trd, 000179.217, 146
Trd, 000179.633, 148
Trd, 000181.333, 148
Trd, 000181.683, 157
Trd, 000181.800, 144.0
Trd, 000183.367, 151
Trd, 000183.667, 151
Trd, 000184.617, 150
Trd, 000185.217, 149
Trd, 000186.000, 151
Trd, 000186.150, 150
Trd, 000186.367, 151
Trd, 000187.500, 150
Trd, 000188.517, 151
Trd, 000188.650, 147
Trd, 000188.850, 141.0
Trd, 000189.617, 151.0
Trd, 000190.283, 151
Trd, 000190.800, 152
Trd, 000191.283, 152
Trd, 000191.483, 152
Trd, 000191.517, 156
Trd, 000192.083, 151
Trd, 000192.667, 144.0
Trd, 000195.333, 151.0
Trd, 000196.050, 151
Trd, 000196.417, 152
Trd, 000197.200, 152
Trd, 000197.567, 152
Trd, 000197.683, 151.0
Trd, 000198.917, 160
Trd, 000199.350, 161
Trd, 000199.483, 159
Trd, 000199.950, 159
Trd, 000200.017, 159
Trd, 000201.083, 158.0
Trd, 000201.217, 158
Trd, 000202.117, 160
Trd, 000202.467, 160
Trd, 000202.967, 159
Trd, 000203.150, 144.0
Trd, 000203.333, 150
Trd, 000203.517, 137.0
Trd, 000203.550, 158
Trd, 000204.700, 150
Trd, 000205.133, 152
Trd, 000205.900, 150
Trd, 000206.017, 151
Trd, 000206.717, 150
Trd, 000207.717, 150
Trd, 000208.383, 149
Trd, 000208.600, 150
Trd, 000209.083, 147
Trd, 000209.267, 152
Trd, 000209.750, 159
Trd, 000210.750, 152.0
Trd, 000211.000, 152
Trd, 000211.917, 152
Trd, 000212.233, 152
Trd, 000212.967, 151.0
Trd, 000213.033, 152
Trd, 000213.250, 153
Trd, 000214.250, 152
Trd, 000214.283, 150
Trd, 000215.067, 151.0
Trd, 000215.467, 150
Trd, 000215.550, 149
Trd, 000216.567, 147
Trd, 000216.750, 148
Trd, 000217.333, 150
Trd, 000217.800, 150
Trd, 000217.900, 145.0
Trd, 000218.517, 150
Trd, 000218.717, 146.0
Trd, 000219.917, 144.0
Trd, 000220.133, 144
Trd, 000221.333, 146
Trd, 000222.917, 145
Trd, 000223.350, 144.0
Trd, 000223.967, 146
Trd, 000224.650, 144
Trd, 000225.833, 143
Trd, 000225.917, 144
Trd, 000225.983, 143
Trd, 000226.133, 144
Trd, 000226.433, 142
Trd, 000227.083, 120.0
Trd, 000227.700, 134
Trd, 000228.783, 128
Trd, 000229.367, 129
Trd, 000230.250, 129
Trd, 000230.983, 134
Trd, 000231.600, 146
Trd, 000231.883, 148
Trd, 000232.067, 139
Trd, 000232.533, 158
Trd, 000233.200, 158
Trd, 000233.300, 144.0
Trd, 000233.683, 151
Trd, 000234.183, 152
Trd, 000234.283, 151
Trd, 000234.800, 154
Trd, 000235.417, 151
Trd, 000236.383, 157
Trd, 000237.767, 151
Trd, 000238.900, 150
Trd, 000239.583, 151
Trd, 000240.117, 151
Trd, 000240.450, 150
Trd, 000240.533, 149
Trd, 000241.250, 151
Trd, 000241.600, 152
Trd, 000241.717, 152.0
Trd, 000241.917, 152
Trd, 000242.333, 153
Trd, 000243.883, 156
Trd, 000244.383, 156
Trd, 000244.483, 157
Trd, 000244.583, 155
Trd, 000244.650, 155
Trd, 000245.167, 155
Trd, 000246.167, 157
Trd, 000246.217, 154
Trd, 000246.783, 154
Trd, 000247.100, 151.0
Trd, 000248.317, 151
Trd, 000248.350, 153
Trd, 000248.817, 152
Trd, 000249.150, 156
Trd, 000249.917, 153.0
Trd, 000250.317, 152.0
Trd, 000251.117, 153
Trd, 000251.750, 153
Trd, 000251.767, 154
Trd, 000252.450, 152.0
Trd, 000252.633, 157
Trd, 000252.783, 151.0
Trd, 000252.883, 156
Trd, 000254.017, 150
Trd, 000254.067, 144.0
Trd, 000254.850, 149
Trd, 000255.000, 146
Trd, 000255.183, 145
Trd, 000256.333, 143
Trd, 000256.533, 145
Trd, 000256.867, 147
Trd, 000257.233, 146
Trd, 000257.283, 146
Trd, 000258.167, 148
Trd, 000259.300, 147
Trd, 000259.350, 147
Trd, 000259.700, 146.0
Trd, 000259.850, 147.0
Trd, 000260.450, 149
Trd, 000260.683, 154
Trd, 000262.033, 153
Trd, 000262.183, 153
Trd, 000262.417, 154
Trd, 000262.617, 158
Trd, 000262.983, 156
Trd, 000263.033, 158
Trd, 000263.067, 152
Trd, 000264.417, 155
Trd, 000264.633, 152
Trd, 000265.400, 154
Trd, 000265.950, 153
Trd, 000266.217, 156
Trd, 000267.133, 152.0
Trd, 000267.183, 154
Trd, 000267.367, 151.0
Trd, 000268.233, 152
Trd, 000268.833, 153
Trd, 000269.983, 154
Trd, 000270.050, 154
Trd, 000270.417, 152
Trd, 000270.450, 154
Trd, 000270.883, 151
Trd, 000271.617, 145
Trd, 000271.800, 146
Trd, 000271.867, 151.0
Trd, 000272.133, 145.0
Trd, 000272.400, 155
Trd, 000272.833, 158
Trd, 000273.900, 155.0
Trd, 000274.250, 149
Trd, 000274.533, 148
Trd, 000274.550, 148
Trd, 000274.600, 149.0
Trd, 000274.883, 152
Trd, 000275.200, 149
Trd, 000275.483, 154
Trd, 000276.150, 151.0
Trd, 000276.967, 150
Trd, 000277.717, 149
Trd, 000278.417, 147
Trd, 000278.617, 149
Trd, 000278.767, 145
Trd, 000278.883, 137.0
Trd, 000279.567, 141
Trd, 000280.050, 146
Trd, 000280.417, 150
Trd, 000281.383, 148.0
Trd, 000281.633, 147.0
Trd, 000281.783, 147
Trd, 000282.150, 145
Trd, 000282.717, 162.0
Trd, 000283.517, 156
Trd, 000283.817, 154.0
Trd, 000283.867, 152.0
Trd, 000284.450, 157
Trd, 000285.383, 165
Trd, 000285.467, 163
Trd, 000285.583, 164
Trd, 000285.767, 158
Trd, 000285.867, 159
Trd, 000286.383, 164
Trd, 000286.483, 157
Trd, 000286.850, 157
Trd, 000287.167, 151.0
Trd, 000288.050, 157.0
Trd, 000288.133, 158.0
Trd, 000288.233, 152
Trd, 000288.700, 154
Trd, 000289.450, 155
Trd, 000290.000, 153
Trd, 000290.250, 153
Trd, 000290.483, 154
Trd, 000291.400, 153
Trd, 000292.483, 158
Trd, 000293.200, 154
Trd, 000293.283, 153
Trd, 000293.783, 152.0
Trd, 000294.283, 158
Trd, 000295.233, 157
Trd, 000295.567, 158.0
Trd, 000296.450, 153.0
Trd, 000296.467, 156
Trd, 000296.750, 155
Trd, 000297.300, 156
Trd, 000297.317, 154
Trd, 000298.050, 158
Trd, 000298.300, 153
Trd, 000299.033, 156
Trd, 000299.467, 155
Trd, 000299.517, 157
