Trd, 000001.083, 176
Trd, 000002.383, 141.0
Trd, 000003.567, 148
Trd, 000004.583, 144.0
Trd, 000004.750, 144
Trd, 000004.817, 146
Trd, 000004.983, 146
Trd, 000005.233, 143
Trd, 000005.333, 147
Trd, 000005.483, 142
Trd, 000006.250, 148
Trd, 000006.633, 152
Trd, 000007.050, 143
Trd, 000007.900, 144.0
Trd, 000007.933, 155.0
Trd, 000008.583, 152
Trd, 000010.267, 149
Trd, 000010.617, 149
Trd, 000010.733, 148
Trd, 000010.750, 150
Trd, 000010.900, 152
Trd, 000011.100, 155.0
Trd, 000011.400, 158
Trd, 000013.367, 150
Trd, 000014.100, 152
Trd, 000014.217, 151
Trd, 000014.250, 151
Trd, 000014.300, 150
Trd, 000015.183, 152
Trd, 000016.083, 152
Trd, 000017.550, 148.0
Trd, 000017.583, 147
Trd, 000018.067, 151
Trd, 000019.133, 148
Trd, 000019.183, 149.0
Trd, 000019.283, 151
Trd, 000019.783, 148.0
Trd, 000021.133, 149
Trd, 000021.150, 146
Trd, 000022.467, 150
Trd, 000022.767, 154.0
Trd, 000024.267, 151
Trd, 000024.667, 148
Trd, 000025.217, 148
Trd, 000025.800, 148
Trd, 000025.900, 149
Trd, 000026.783, 149
Trd, 000027.167, 149
Trd, 000027.533, 149
Trd, 000028.500, 150
Trd, 000028.717, 149
Trd, 000030.233, 150
Trd, 000031.300, 149
Trd, 000032.850, 148
Trd, 000033.483, 149
Trd, 000034.133, 149
Trd, 000034.300, 150
Trd, 000035.133, 149
Trd, 000035.717, 152
Trd, 000036.117, 160
Trd, 000038.233, 149
Trd, 000038.500, 148.0
Trd, 000038.517, 143
Trd, 000038.567, 141.0
Trd, 000039.150, 146.0
Trd, 000040.333, 146.0
Trd, 000040.683, 146
Trd, 000041.733, 147
Trd, 000042.633, 146
Trd, 000042.850, 148
Trd, 000043.733, 145
Trd, 000044.267, 147
Trd, 000044.583, 147
Trd, 000045.317, 147
Trd, 000045.417, 144.0
Trd, 000045.917, 146
Trd, 000046.333, 143
Trd, 000046.883, 142
Trd, 000046.917, 141.0
Trd, 000047.217, 141
Trd, 000047.617, 141
Trd, 000048.917, 148
Trd, 000049.717, 146
Trd, 000049.817, 155.0
Trd, 000051.067, 150
Trd, 000051.133, 158
Trd, 000051.450, 149
Trd, 000052.050, 151
Trd, 000052.600, 155.0
Trd, 000052.783, 150
Trd, 000053.567, 154
Trd, 000054.083, 150
Trd, 000054.517, 152
Trd, 000054.817, 150
Trd, 000055.367, 151
Trd, 000056.433, 156
Trd, 000056.700, 157
Trd, 000056.967, 154
Trd, 000057.033, 155
Trd, 000058.117, 158
Trd, 000058.633, 165.0
Trd, 000058.950, 164
Trd, 000060.100, 159
Trd, 000060.317, 158
Trd, 000060.350, 154
Trd, 000061.017, 154
Trd, 000061.667, 155.0
Trd, 000061.750, 158
Trd, 000062.500, 153
Trd, 000063.067, 148.0
Trd, 000063.217, 147
Trd, 000064.067, 144.0
Trd, 000065.350, 153
Trd, 000066.383, 150
Trd, 000067.533, 152
Trd, 000067.817, 150
Trd, 000068.133, 149
Trd, 000068.283, 148.0
Trd, 000070.217, 151
Trd, 000070.367, 151
Trd, 000070.833, 151
Trd, 000071.017, 146.0
Trd, 000071.517, 147
Trd, 000071.917, 146
Trd, 000072.200, 148
Trd, 000072.383, 145
Trd, 000073.633, 147
Trd, 000074.217, 144.0
Trd, 000074.417, 147
Trd, 000075.117, 141.0
Trd, 000075.183, 147
Trd, 000075.767, 148
Trd, 000077.250, 148.0
Trd, 000077.533, 148
Trd, 000077.933, 145.0
Trd, 000078.100, 149
Trd, 000078.467, 154.0
Trd, 000079.683, 152
Trd, 000081.100, 150
Trd, 000082.483, 150
Trd, 000083.800, 148
Trd, 000083.850, 149
Trd, 000083.967, 148
Trd, 000084.100, 151
Trd, 000084.850, 154.0
Trd, 000084.950, 148.0
Trd, 000085.517, 147
Trd, 000087.217, 145.0
Trd, 000088.150, 149
Trd, 000088.367, 149
Trd, 000088.750, 150
Trd, 000089.317, 146
Trd, 000090.617, 149
Trd, 000091.050, 150
Trd, 000091.950, 148.0
Trd, 000092.500, 146
Trd, 000092.867, 146
Trd, 000093.600, 150
Trd, 000093.850, 150
Trd, 000095.400, 148.0
Trd, 000095.900, 148
Trd, 000095.950, 149.0
Trd, 000097.350, 150
Trd, 000098.400, 152
Trd, 000098.617, 155.0
Trd, 000099.417, 150
Trd, 000100.250, 151.0
Trd, 000101.817, 151.0
Trd, 000101.900, 150
Trd, 000103.417, 148
Trd, 000103.450, 148.0
Trd, 000103.550, 150
Trd, 000103.817, 151
Trd, 000104.417, 155.0
Trd, 000104.883, 158
Trd, 000105.233, 154.0
Trd, 000105.600, 149
Trd, 000106.983, 148
Trd, 000108.150, 149
Trd, 000108.283, 152
Trd, 000108.750, 155.0
Trd, 000109.517, 157
Trd, 000110.133, 158
Trd, 000110.933, 156
Trd, 000111.150, 156
Trd, 000112.517, 154
Trd, 000112.717, 153
Trd, 000113.000, 148.0
Trd, 000115.300, 152.0
Trd, 000115.617, 153.0
Trd, 000116.300, 150
Trd, 000116.867, 153
Trd, 000118.867, 153
Trd, 000118.967, 154
Trd, 000119.033, 155.0
Trd, 000119.050, 157
Trd, 000120.283, 154
Trd, 000121.617, 153
Trd, 000122.117, 148.0
Trd, 000122.717, 150
Trd, 000124.283, 148
Trd, 000125.183, 148.0
Trd, 000125.383, 149
Trd, 000126.733, 147
Trd, 000126.833, 148
Trd, 000127.400, 150
Trd, 000128.150, 157
Trd, 000128.233, 155
Trd, 000128.333, 154
Trd, 000128.367, 153
Trd, 000129.000, 152
Trd, 000130.567, 154.0
Trd, 000130.717, 149
Trd, 000131.033, 150
Trd, 000131.617, 153
Trd, 000131.767, 149.0
Trd, 000132.850, 153
Trd, 000132.983, 155.0
Trd, 000133.383, 150
Trd, 000134.100, 158
Trd, 000134.750, 156
Trd, 000136.950, 152
Trd, 000137.400, 153
Trd, 000137.933, 153
Trd, 000138.067, 154
Trd, 000138.683, 152
Trd, 000139.717, 151
Trd, 000139.867, 152
Trd, 000140.383, 151
Trd, 000141.050, 150
Trd, 000141.117, 153
Trd, 000141.333, 153
Trd, 000142.300, 144.0
Trd, 000143.450, 146
Trd, 000143.800, 144
Trd, 000144.150, 146
Trd, 000144.367, 147
Trd, 000145.167, 149
Trd, 000145.367, 155.0
Trd, 000145.883, 147
Trd, 000146.067, 145
Trd, 000146.500, 156
Trd, 000146.950, 157
Trd, 000147.233, 158
Trd, 000148.383, 153.0
Trd, 000148.433, 155.0
Trd, 000148.783, 148.0
Trd, 000149.900, 148
Trd, 000149.967, 148
Trd, 000151.250, 147
Trd, 000151.850, 150
Trd, 000153.217, 147
Trd, 000153.533, 147
Trd, 000153.583, 151
Trd, 000153.800, 145.0
Trd, 000154.183, 149
Trd, 000156.100, 155.0
Trd, 000157.133, 145
Trd, 000157.700, 145
Trd, 000157.783, 144
Trd, 000157.817, 150
Trd, 000158.883, 147
Trd, 000159.300, 147
Trd, 000160.283, 146
Trd, 000161.300, 146
Trd, 000162.117, 148
Trd, 000162.267, 149
Trd, 000162.450, 145.0
Trd, 000162.500, 155.0
Trd, 000163.217, 148
Trd, 000164.167, 149
Trd, 000165.067, 148
Trd, 000166.233, 150
Trd, 000166.933, 149
Trd, 000167.533, 148
Trd, 000167.867, 147
Trd, 000168.483, 147
Trd, 000168.650, 146
Trd, 000169.617, 147
Trd, 000170.500, 146
Trd, 000170.683, 148
Trd, 000170.767, 155.0
Trd, 000171.783, 145
Trd, 000172.983, 148
Trd, 000173.067, 148
Trd, 000174.117, 153
Trd, 000174.833, 150
Trd, 000175.667, 150
Trd, 000175.717, 148
Trd, 000176.217, 144
Trd, 000176.417, 150
Trd, 000179.383, 149
Trd, 000179.500, 148.0
Trd, 000180.317, 149
Trd, 000180.667, 149
Trd, 000180.733, 150
Trd, 000181.550, 148
Trd, 000181.633, 155.0
Trd, 000183.433, 152
Trd, 000184.067, 151
Trd, 000184.683, 151
Trd, 000184.767, 152
Trd, 000185.117, 153
Trd, 000185.417, 151
Trd, 000186.217, 150
Trd, 000186.967, 151
Trd, 000187.067, 152
Trd, 000188.217, 152
Trd, 000189.600, 149
Trd, 000189.933, 148
Trd, 000190.883, 149
Trd, 000191.000, 148
Trd, 000191.417, 151
Trd, 000191.733, 149
Trd, 000191.817, 150
Trd, 000192.183, 156
Trd, 000192.350, 140
Trd, 000193.450, 144.0
Trd, 000193.883, 147
Trd, 000194.717, 143
Trd, 000195.583, 142
Trd, 000195.850, 143
Trd, 000195.917, 141.0
Trd, 000196.200, 148
Trd, 000196.300, 155.0
Trd, 000196.367, 158
Trd, 000196.983, 151
Trd, 000197.100, 142
Trd, 000197.717, 143
Trd, 000198.133, 148
Trd, 000198.683, 146
Trd, 000199.417, 146
Trd, 000199.717, 147
Trd, 000201.917, 145.0
Trd, 000202.350, 144.0
Trd, 000202.417, 144
Trd, 000202.550, 145
Trd, 000202.567, 144
Trd, 000202.767, 155.0
Trd, 000203.250, 149
Trd, 000203.733, 159
Trd, 000204.233, 152
Trd, 000204.550, 149
Trd, 000206.800, 154
Trd, 000207.067, 153
Trd, 000208.483, 152
Trd, 000208.667, 152
Trd, 000209.083, 148.0
Trd, 000209.300, 152.0
Trd, 000209.417, 153.0
Trd, 000210.883, 150
Trd, 000211.183, 152
Trd, 000212.767, 149
Trd, 000214.383, 151
Trd, 000214.850, 152
Trd, 000215.217, 152
Trd, 000216.200, 150
Trd, 000216.517, 150
Trd, 000216.783, 149
Trd, 000216.950, 150.0
Trd, 000217.033, 151
Trd, 000217.367, 151
Trd, 000220.083, 154
Trd, 000220.650, 152
Trd, 000221.117, 151
Trd, 000222.717, 149
Trd, 000223.133, 150.0
Trd, 000223.150, 151.0
Trd, 000223.200, 152
Trd, 000223.267, 158
Trd, 000223.283, 148.0
Trd, 000223.450, 147
Trd, 000225.467, 153
Trd, 000226.400, 151
Trd, 000226.450, 152
Trd, 000227.200, 152
Trd, 000228.567, 149
Trd, 000229.383, 148.0
Trd, 000229.467, 147
Trd, 000229.750, 152
Trd, 000229.917, 153
Trd, 000230.800, 149
Trd, 000231.333, 153
Trd, 000231.417, 151
Trd, 000232.550, 155.0
Trd, 000232.600, 168.0
Trd, 000233.067, 159
Trd, 000233.550, 154
Trd, 000234.633, 154
Trd, 000235.683, 153
Trd, 000236.900, 154
Trd, 000237.133, 154
Trd, 000237.150, 153
Trd, 000237.533, 154
Trd, 000238.300, 152
Trd, 000238.500, 155
Trd, 000239.317, 155.0
Trd, 000239.517, 156
Trd, 000239.867, 156
Trd, 000240.517, 152
Trd, 000241.017, 158
Trd, 000241.967, 157
Trd, 000242.300, 158
Trd, 000242.983, 156
Trd, 000243.233, 154
Trd, 000243.250, 154
Trd, 000243.733, 154.0
Trd, 000243.983, 152
Trd, 000244.567, 152.0
Trd, 000244.817, 155.0
Trd, 000244.867, 158
Trd, 000245.333, 157
Trd, 000245.483, 157
Trd, 000245.883, 155
Trd, 000246.217, 157.0
Trd, 000246.283, 151.0
Trd, 000246.333, 148.0
Trd, 000247.350, 154.0
Trd, 000248.017, 153.0
Trd, 000248.900, 154
Trd, 000249.283, 155
Trd, 000249.867, 155
Trd, 000250.217, 151
Trd, 000250.317, 156
Trd, 000250.350, 157
Trd, 000251.450, 151.0
Trd, 000251.617, 152.0
Trd, 000251.950, 153
Trd, 000252.667, 152
Trd, 000253.067, 152
Trd, 000253.200, 151
Trd, 000253.350, 151.0
Trd, 000253.817, 149
Trd, 000253.950, 155.0
Trd, 000254.300, 148.0
Trd, 000254.883, 149
Trd, 000254.950, 152
Trd, 000255.217, 144.0
Trd, 000256.250, 150
Trd, 000256.450, 149
Trd, 000258.333, 150
Trd, 000258.750, 161.0
Trd, 000259.183, 152
Trd, 000259.383, 159
Trd, 000259.667, 157
Trd, 000259.767, 151
Trd, 000260.350, 159
Trd, 000260.617, 155.0
Trd, 000261.750, 154
Trd, 000261.950, 156.0
Trd, 000262.617, 154
Trd, 000262.650, 157
Trd, 000263.583, 154
Trd, 000264.450, 155
Trd, 000265.167, 156
Trd, 000265.333, 158
Trd, 000265.633, 155.0
Trd, 000265.750, 154
Trd, 000265.983, 153
Trd, 000266.817, 158
Trd, 000266.883, 157
Trd, 000267.050, 158.0
Trd, 000267.250, 154
Trd, 000267.517, 163.0
Trd, 000268.100, 153
Trd, 000268.733, 148
Trd, 000269.117, 144.0
Trd, 000269.183, 149
Trd, 000269.283, 148
Trd, 000269.733, 147
Trd, 000270.383, 148
Trd, 000271.500, 147
Trd, 000272.267, 148
Trd, 000272.867, 147
Trd, 000272.900, 147
Trd, 000273.300, 151.0
Trd, 000274.583, 153
Trd, 000274.633, 154.0
Trd, 000274.700, 152
Trd, 000274.950, 155
Trd, 000275.483, 153
Trd, 000276.000, 152
Trd, 000276.150, 152
Trd, 000276.417, 150
Trd, 000276.733, 152
Trd, 000276.983, 150
Trd, 000277.650, 151
Trd, 000278.133, 148.0
Trd, 000279.367, 152
Trd, 000279.500, 151.0
Trd, 000279.733, 151
Trd, 000279.817, 144.0
Trd, 000280.267, 150
Trd, 000281.150, 148
Trd, 000281.683, 147
Trd, 000281.700, 148.0
Trd, 000282.083, 148
Trd, 000282.217, 150
Trd, 000282.983, 155.0
Trd, 000283.683, 151.0
Trd, 000283.767, 157
Trd, 000283.833, 148
Trd, 000284.100, 156
Trd, 000285.383, 154
Trd, 000285.850, 155
Trd, 000286.333, 152
Trd, 000287.133, 151.0
Trd, 000287.183, 153
Trd, 000287.517, 156
Trd, 000287.950, 155
Trd, 000288.583, 151
Trd, 000288.700, 155
Trd, 000288.950, 149
Trd, 000289.467, 158
Trd, 000289.750, 148
Trd, 000290.000, 148
Trd, 000290.067, 148.0
Trd, 000290.550, 147
Trd, 000290.900, 152
Trd, 000292.150, 149
Trd, 000292.517, 148
Trd, 000293.267, 149
Trd, 000293.433, 146
Trd, 000293.567, 150
Trd, 000294.000, 144.0
Trd, 000294.100, 141.0
Trd, 000294.600, 146
Trd, 000294.800, 143
Trd, 000295.767, 137.0
Trd, 000295.800, 146
Trd, 000296.017, 146
Trd, 000296.300, 158
Trd, 000296.400, 155.0
Trd, 000296.917, 162.0
Trd, 000297.017, 141
Trd, 000297.467, 141.0
Trd, 000297.683, 153
Trd, 000298.183, 145
Trd, 000298.450, 151
Trd, 000298.667, 150
Trd, 000299.433, 156
Trd, 000299.583, 157
Trd, 000299.933, 158.0
