Trd, 000003.467, 157
Trd, 000004.317, 161
Trd, 000004.417, 141
Trd, 000004.483, 140
Trd, 000005.150, 159
Trd, 000005.600, 155
Trd, 000005.917, 146
Trd, 000007.267, 153
Trd, 000007.967, 155
Trd, 000007.983, 149
Trd, 000009.100, 157
Trd, 000009.450, 158.0
Trd, 000009.683, 156
Trd, 000010.167, 156.0
Trd, 000010.433, 155.0
Trd, 000010.533, 150
Trd, 000011.217, 157
Trd, 000011.400, 149
Trd, 000011.517, 158.0
Trd, 000012.350, 158.0
Trd, 000012.683, 150
Trd, 000013.200, 158
Trd, 000013.683, 150
Trd, 000014.517, 152
Trd, 000015.333, 153
Trd, 000015.433, 157
Trd, 000016.683, 153
Trd, 000016.983, 154
Trd, 000017.017, 153
Trd, 000017.300, 156
Trd, 000017.683, 158.0
Trd, 000018.333, 149
Trd, 000018.383, 162.0
Trd, 000018.767, 157
Trd, 000018.867, 141.0
Trd, 000018.950, 168.0
Trd, 000019.850, 151
Trd, 000021.167, 155
Trd, 000021.367, 155
Trd, 000023.167, 151
Trd, 000023.600, 152
Trd, 000023.683, 156
Trd, 000024.217, 150
Trd, 000024.733, 158.0
Trd, 000025.917, 151
Trd, 000026.400, 150
Trd, 000026.683, 152
Trd, 000027.050, 153
Trd, 000027.650, 149
Trd, 000028.233, 153
Trd, 000028.333, 153
Trd, 000029.283, 147
Trd, 000029.750, 146
Trd, 000030.483, 145.0
Trd, 000030.517, 145
Trd, 000030.917, 146
Trd, 000030.950, 147
Trd, 000031.300, 158.0
Trd, 000031.933, 162.0
Trd, 000032.333, 158
Trd, 000033.133, 160
Trd, 000033.633, 162
Trd, 000033.933, 158.0
Trd, 000034.183, 150
Trd, 000035.417, 155
Trd, 000036.317, 152
Trd, 000036.483, 154
Trd, 000037.083, 151
Trd, 000037.500, 152
Trd, 000037.800, 163
Trd, 000038.267, 157
Trd, 000038.767, 157
Trd, 000039.883, 154
Trd, 000040.450, 157
Trd, 000040.767, 155
Trd, 000040.867, 150
Trd, 000041.483, 157
Trd, 000043.000, 151
Trd, 000043.317, 147
Trd, 000043.967, 143
Trd, 000044.050, 151
Trd, 000044.267, 152
Trd, 000044.617, 151
Trd, 000045.567, 142.0
Trd, 000046.183, 148
Trd, 000046.350, 148
Trd, 000046.800, 146
Trd, 000046.967, 146
Trd, 000047.367, 146
Trd, 000047.400, 157
Trd, 000048.033, 155
Trd, 000048.767, 156
Trd, 000049.800, 157
Trd, 000049.900, 155
Trd, 000050.217, 158.0
Trd, 000050.583, 149
Trd, 000050.667, 148
Trd, 000051.567, 161.0
Trd, 000052.617, 159
Trd, 000053.200, 158.0
Trd, 000053.717, 159
Trd, 000054.217, 158
Trd, 000055.617, 156.0
Trd, 000055.667, 155.0
Trd, 000055.683, 150
Trd, 000055.700, 162.0
Trd, 000055.733, 148
Trd, 000056.117, 158
Trd, 000056.500, 146
Trd, 000057.017, 168.0
Trd, 000057.533, 161
Trd, 000057.683, 162.0
Trd, 000057.717, 158.0
Trd, 000059.533, 168.0
Trd, 000059.600, 159
Trd, 000060.267, 165.0
Trd, 000060.317, 166
Trd, 000061.900, 163
Trd, 000061.967, 164
Trd, 000062.700, 171.0
Trd, 000063.350, 170
Trd, 000063.550, 168
Trd, 000064.833, 166
Trd, 000064.850, 165.0
Trd, 000066.233, 168
Trd, 000067.050, 160
Trd, 000067.300, 158.0
Trd, 000067.383, 152
Trd, 000067.517, 152
Trd, 000067.867, 159
Trd, 000068.750, 159
Trd, 000069.317, 156
Trd, 000069.667, 158.0
Trd, 000069.883, 154
Trd, 000070.150, 157
Trd, 000070.267, 159
Trd, 000070.367, 162.0
Trd, 000072.367, 164
Trd, 000072.517, 159.0
Trd, 000073.117, 158.0
Trd, 000073.250, 150
Trd, 000074.533, 158
Trd, 000074.983, 156
Trd, 000075.600, 157
Trd, 000076.267, 155.0
Trd, 000076.367, 156
Trd, 000076.683, 155
Trd, 000076.967, 158
Trd, 000077.017, 158.0
Trd, 000078.500, 156
Trd, 000079.383, 155
Trd, 000079.717, 156
Trd, 000079.750, 156
Trd, 000079.783, 155.0
Trd, 000080.133, 160.0
Trd, 000080.933, 160.0
Trd, 000081.067, 158.0
Trd, 000081.533, 161
Trd, 000082.150, 161
Trd, 000082.500, 162.0
Trd, 000083.333, 159
Trd, 000083.567, 155.0
Trd, 000083.933, 158
Trd, 000085.983, 153
Trd, 000087.350, 150
Trd, 000087.483, 148
Trd, 000087.633, 151
Trd, 000088.333, 151
Trd, 000088.633, 146
Trd, 000089.517, 151
Trd, 000089.700, 149
Trd, 000089.867, 150
Trd, 000089.917, 151
Trd, 000090.017, 162.0
Trd, 000090.533, 148.0
Trd, 000091.000, 154
Trd, 000091.150, 157
Trd, 000091.317, 168.0
Trd, 000092.250, 163
Trd, 000092.567, 165
Trd, 000093.600, 161
Trd, 000094.183, 158
Trd, 000094.500, 155
Trd, 000095.133, 161
Trd, 000095.333, 155.0
Trd, 000096.133, 158.0
Trd, 000098.250, 150
Trd, 000098.533, 150
Trd, 000099.383, 150
Trd, 000099.500, 152
Trd, 000099.617, 152
Trd, 000099.750, 149
Trd, 000100.600, 152
Trd, 000100.667, 153
Trd, 000100.733, 148
Trd, 000101.383, 156
Trd, 000101.733, 158.0
Trd, 000103.350, 150
Trd, 000104.183, 154
Trd, 000104.867, 154
Trd, 000105.300, 154
Trd, 000105.517, 155.0
Trd, 000106.167, 155.0
Trd, 000106.533, 152
Trd, 000106.567, 154
Trd, 000106.750, 155
Trd, 000107.750, 152
Trd, 000108.017, 162.0
Trd, 000108.067, 168.0
Trd, 000108.200, 151
Trd, 000108.433, 171.0
Trd, 000109.250, 155
Trd, 000109.933, 159
Trd, 000110.500, 158.0
Trd, 000111.433, 157
Trd, 000111.583, 150
Trd, 000111.650, 149
Trd, 000112.833, 148
Trd, 000113.383, 155
Trd, 000114.450, 148
Trd, 000114.467, 153
Trd, 000114.967, 153
Trd, 000115.200, 154
Trd, 000115.283, 155
Trd, 000115.550, 158.0
Trd, 000116.517, 147
Trd, 000116.667, 141.0
Trd, 000117.250, 137.0
Trd, 000117.467, 143
Trd, 000117.867, 155
Trd, 000120.283, 153
Trd, 000120.517, 152
Trd, 000120.850, 152
Trd, 000121.550, 154
Trd, 000121.817, 154
Trd, 000122.117, 154
Trd, 000122.517, 158.0
Trd, 000122.550, 153
Trd, 000123.033, 162.0
Trd, 000123.700, 167.0
Trd, 000124.033, 161
Trd, 000124.183, 165.0
Trd, 000124.683, 166.0
Trd, 000124.950, 172.0
Trd, 000125.483, 168.0
Trd, 000125.617, 165
Trd, 000126.383, 165
Trd, 000126.550, 164
Trd, 000126.800, 149
Trd, 000127.267, 147
Trd, 000128.817, 148
Trd, 000129.183, 151
Trd, 000129.483, 149
Trd, 000129.800, 156
Trd, 000130.850, 153
Trd, 000131.333, 152
Trd, 000131.867, 152
Trd, 000132.183, 151
Trd, 000132.683, 151
Trd, 000133.767, 147
Trd, 000135.367, 148.0
Trd, 000136.000, 148
Trd, 000136.083, 146.0
Trd, 000136.267, 146
Trd, 000136.333, 151
Trd, 000137.017, 149
Trd, 000138.050, 161.0
Trd, 000139.483, 160.0
Trd, 000140.033, 161.0
Trd, 000140.233, 162.0
Trd, 000141.050, 160
Trd, 000141.100, 159
Trd, 000141.133, 168.0
Trd, 000141.633, 158.0
Trd, 000142.117, 166
Trd, 000143.383, 155
Trd, 000143.450, 160
Trd, 000143.683, 161
Trd, 000143.733, 151
Trd, 000145.300, 152
Trd, 000145.317, 153
Trd, 000146.050, 148
Trd, 000146.733, 149
Trd, 000148.933, 150
Trd, 000149.017, 151
Trd, 000149.050, 152
Trd, 000150.700, 152
Trd, 000150.767, 154
Trd, 000151.167, 162.0
Trd, 000151.217, 158.0
Trd, 000151.550, 167.0
Trd, 000151.667, 158
Trd, 000152.517, 157
Trd, 000152.833, 159
Trd, 000153.133, 160
Trd, 000153.333, 162
Trd, 000153.600, 158.0
Trd, 000153.633, 160
Trd, 000153.717, 162.0
Trd, 000154.500, 147
Trd, 000155.683, 149
Trd, 000156.017, 165.0
Trd, 000157.950, 159
Trd, 000158.233, 156
Trd, 000158.800, 159
Trd, 000159.617, 159
Trd, 000160.050, 158
Trd, 000161.833, 159
Trd, 000162.117, 159
Trd, 000162.250, 157
Trd, 000162.383, 154
Trd, 000162.733, 159
Trd, 000163.383, 158
Trd, 000163.567, 159.0
Trd, 000163.667, 158.0
Trd, 000165.300, 158
Trd, 000165.333, 158
Trd, 000165.867, 155
Trd, 000166.000, 151
Trd, 000166.317, 158
Trd, 000167.150, 150
Trd, 000167.817, 147
Trd, 000168.150, 156
Trd, 000168.900, 157
Trd, 000170.300, 151
Trd, 000170.350, 153
Trd, 000170.717, 158.0
Trd, 000171.433, 157
Trd, 000171.850, 154
Trd, 000172.017, 157
Trd, 000172.117, 161.0
Trd, 000172.183, 154
Trd, 000173.767, 157
Trd, 000174.467, 155
Trd, 000176.033, 154
Trd, 000177.033, 155
Trd, 000177.300, 155
Trd, 000177.450, 153
Trd, 000177.583, 162.0
Trd, 000177.817, 151
Trd, 000178.617, 164.0
Trd, 000179.300, 164.0
Trd, 000180.233, 166
Trd, 000181.100, 162.0
Trd, 000181.150, 166
Trd, 000181.183, 166.0
Trd, 000181.517, 158.0
Trd, 000181.833, 163
Trd, 000182.350, 158
Trd, 000182.617, 161
Trd, 000182.917, 162
Trd, 000183.667, 160.0
Trd, 000184.067, 160
Trd, 000184.383, 160
Trd, 000185.217, 160
Trd, 000185.817, 161
Trd, 000187.083, 154
Trd, 000187.100, 162.0
Trd, 000187.683, 161
Trd, 000187.800, 158.0
Trd, 000188.600, 154
Trd, 000189.200, 152
Trd, 000189.467, 150
Trd, 000189.967, 161
Trd, 000191.050, 159
Trd, 000191.767, 159.0
Trd, 000192.400, 158.0
Trd, 000193.833, 155
Trd, 000194.600, 154
Trd, 000194.917, 155
Trd, 000195.050, 155
Trd, 000195.567, 154
Trd, 000195.583, 153
Trd, 000196.083, 153
Trd, 000196.350, 162.0
Trd, 000196.533, 168.0
Trd, 000196.833, 152
Trd, 000196.983, 170.0
Trd, 000198.583, 172.0
Trd, 000199.083, 161.0
Trd, 000199.200, 175.0
Trd, 000199.533, 162.0
Trd, 000199.600, 170
Trd, 000200.467, 162.0
Trd, 000201.283, 160
Trd, 000201.317, 159.0
Trd, 000201.867, 158.0
Trd, 000202.317, 158
Trd, 000202.750, 158
Trd, 000202.783, 159
Trd, 000203.400, 155.0
Trd, 000203.767, 150
Trd, 000205.767, 154
Trd, 000206.000, 154
Trd, 000206.100, 151
Trd, 000206.167, 153
Trd, 000206.850, 154
Trd, 000207.083, 155
Trd, 000208.517, 154
Trd, 000208.733, 158.0
Trd, 000209.217, 151
Trd, 000209.917, 152
Trd, 000210.050, 154
Trd, 000211.450, 155
Trd, 000212.333, 152
Trd, 000212.717, 152
Trd, 000212.750, 149
Trd, 000214.633, 150
Trd, 000214.733, 151
Trd, 000215.650, 151
Trd, 000215.717, 152
Trd, 000215.917, 151
Trd, 000216.183, 158.0
Trd, 000217.100, 154
Trd, 000217.917, 155
Trd, 000218.767, 152
Trd, 000218.783, 153
Trd, 000219.100, 156
Trd, 000220.567, 152
Trd, 000220.967, 151
Trd, 000221.117, 155
Trd, 000221.500, 150
Trd, 000221.650, 147
Trd, 000222.533, 149
Trd, 000223.167, 150
Trd, 000224.617, 151
Trd, 000224.650, 151
Trd, 000225.250, 150
Trd, 000225.433, 151
Trd, 000225.717, 149
Trd, 000225.950, 158.0
Trd, 000228.567, 159
Trd, 000228.667, 158.0
Trd, 000229.567, 158
Trd, 000230.133, 159
Trd, 000230.300, 159
Trd, 000231.917, 159
Trd, 000232.167, 160
Trd, 000232.550, 161.0
Trd, 000232.917, 162.0
Trd, 000233.150, 160.0
Trd, 000233.183, 162
Trd, 000233.750, 162
Trd, 000234.717, 158.0
Trd, 000235.867, 159
Trd, 000236.183, 158
Trd, 000236.233, 159
Trd, 000236.700, 158
Trd, 000237.067, 157
Trd, 000237.200, 150
Trd, 000238.133, 158
Trd, 000238.883, 161
Trd, 000239.683, 160
Trd, 000240.217, 157
Trd, 000240.417, 158
Trd, 000240.450, 156
Trd, 000240.467, 155
Trd, 000240.550, 157
Trd, 000240.850, 158.0
Trd, 000241.650, 154
Trd, 000241.817, 151
Trd, 000242.300, 149
Trd, 000242.617, 150
Trd, 000243.150, 150
Trd, 000243.267, 153
Trd, 000243.433, 150
Trd, 000243.500, 149
Trd, 000245.333, 150.0
Trd, 000245.633, 150.0
Trd, 000246.167, 151.0
Trd, 000246.983, 149
Trd, 000247.800, 149
Trd, 000248.883, 150
Trd, 000248.933, 150
Trd, 000249.050, 151.0
Trd, 000249.233, 147
Trd, 000249.350, 147
Trd, 000249.583, 151
Trd, 000249.850, 152
Trd, 000250.133, 147
Trd, 000251.283, 141.0
Trd, 000251.517, 152
Trd, 000252.083, 154.0
Trd, 000252.217, 138.0
Trd, 000253.300, 155.0
Trd, 000254.200, 141
Trd, 000255.233, 148
Trd, 000255.283, 149
Trd, 000255.467, 147
Trd, 000255.983, 148
Trd, 000256.517, 149
Trd, 000256.717, 147
Trd, 000257.200, 148
Trd, 000257.267, 147
Trd, 000257.600, 148
Trd, 000258.200, 150
Trd, 000258.617, 151
Trd, 000259.033, 147
Trd, 000259.133, 151.0
Trd, 000259.683, 149
Trd, 000259.783, 148
Trd, 000259.883, 152
Trd, 000260.267, 158.0
Trd, 000260.650, 160
Trd, 000260.667, 147
Trd, 000261.117, 162.0
Trd, 000262.200, 149
Trd, 000262.783, 149
Trd, 000262.817, 148
Trd, 000262.967, 146
Trd, 000263.183, 146
Trd, 000263.733, 151
Trd, 000264.500, 150.0
Trd, 000264.833, 149
Trd, 000265.867, 146
Trd, 000266.700, 148
Trd, 000266.867, 146
Trd, 000267.133, 147
Trd, 000267.967, 146
Trd, 000268.533, 147
Trd, 000268.933, 150.0
Trd, 000269.917, 151.0
Trd, 000270.183, 157
Trd, 000270.383, 158.0
Trd, 000270.717, 150
Trd, 000270.800, 153
Trd, 000270.850, 158
Trd, 000271.083, 162.0
Trd, 000271.900, 147
Trd, 000272.200, 151.0
Trd, 000272.333, 146
Trd, 000273.767, 150
Trd, 000273.950, 149
Trd, 000274.000, 150
Trd, 000274.400, 145.0
Trd, 000275.317, 147
Trd, 000275.483, 149
Trd, 000276.067, 148.0
Trd, 000276.117, 146
Trd, 000276.567, 143.0
Trd, 000276.750, 141.0
Trd, 000277.067, 147
Trd, 000277.367, 141.0
Trd, 000277.650, 147.0
Trd, 000278.150, 151.0
Trd, 000278.367, 158.0
Trd, 000278.533, 150
Trd, 000278.667, 162.0
Trd, 000279.300, 148
Trd, 000279.533, 147
Trd, 000280.200, 149
Trd, 000280.400, 148
Trd, 000280.767, 151
Trd, 000281.733, 151.0
Trd, 000282.217, 151
Trd, 000282.417, 150
Trd, 000282.467, 152
Trd, 000283.183, 149
Trd, 000283.733, 158.0
Trd, 000284.250, 147
Trd, 000284.350, 147
Trd, 000284.633, 149.0
Trd, 000284.717, 147
Trd, 000284.933, 146
Trd, 000285.183, 141.0
Trd, 000285.850, 150.0
Trd, 000286.500, 146
Trd, 000287.383, 145
Trd, 000287.950, 145
Trd, 000288.533, 144
Trd, 000288.567, 147
Trd, 000289.183, 148
Trd, 000290.000, 148
Trd, 000290.433, 148
Trd, 000290.633, 151.0
Trd, 000291.400, 147.0
Trd, 000291.667, 146.0
Trd, 000292.833, 149
Trd, 000293.017, 151.0
Trd, 000294.100, 152
Trd, 000294.317, 151
Trd, 000294.667, 152
Trd, 000294.867, 154
Trd, 000294.917, 156
Trd, 000295.683, 153
Trd, 000296.217, 152
Trd, 000297.217, 149
Trd, 000297.683, 153
Trd, 000297.717, 158.0
Trd, 000298.200, 165.0
Trd, 000298.483, 153
Trd, 000298.533, 162
Trd, 000299.000, 162.0
Trd, 000299.133, 152
Trd, 000299.350, 168.0
Trd, 000299.817, 159.0
