Trd, 000002.767, 110.0
Trd, 000002.983, 117.0
Trd, 000003.767, 111
Trd, 000004.333, 124.0
Trd, 000004.733, 150.0
Trd, 000004.867, 114
Trd, 000005.467, 130
Trd, 000006.117, 145
Trd, 000006.250, 151.0
Trd, 000007.250, 154.0
Trd, 000008.450, 153
Trd, 000008.500, 154.0
Trd, 000008.550, 151
Trd, 000008.667, 150
Trd, 000009.033, 148
Trd, 000009.267, 154.0
Trd, 000010.150, 152
Trd, 000010.167, 146.0
Trd, 000010.267, 153
Trd, 000011.200, 147
Trd, 000011.800, 147
Trd, 000013.050, 147
Trd, 000013.200, 151
Trd, 000013.250, 148
Trd, 000013.533, 151
Trd, 000014.317, 150
Trd, 000014.567, 151.0
Trd, 000014.933, 151
Trd, 000015.000, 157.0
Trd, 000016.367, 153
Trd, 000017.367, 152
Trd, 000018.033, 150
Trd, 000018.200, 149
Trd, 000018.283, 145.0
Trd, 000018.567, 151
Trd, 000018.850, 151.0
Trd, 000019.100, 144.0
Trd, 000019.517, 151
Trd, 000019.917, 129
Trd, 000020.100, 155.0
Trd, 000020.483, 130
Trd, 000020.833, 146
Trd, 000021.267, 146
Trd, 000021.617, 147
Trd, 000021.783, 151.0
Trd, 000024.033, 151
Trd, 000024.667, 159
Trd, 000024.817, 154
Trd, 000024.917, 151
Trd, 000025.167, 151
Trd, 000025.617, 150
Trd, 000026.267, 149
Trd, 000026.967, 154
Trd, 000027.467, 153
Trd, 000027.600, 151.0
Trd, 000027.617, 153
Trd, 000028.383, 151.0
Trd, 000028.733, 145
Trd, 000028.750, 152
Trd, 000028.867, 153
Trd, 000030.367, 149
Trd, 000030.450, 146.0
Trd, 000031.683, 146
Trd, 000032.267, 145
Trd, 000032.450, 144.0
Trd, 000033.150, 145
Trd, 000033.633, 144
Trd, 000034.050, 145
Trd, 000034.283, 148
Trd, 000034.933, 147
Trd, 000035.217, 144
Trd, 000036.100, 144
Trd, 000036.117, 146
Trd, 000036.183, 147
Trd, 000037.083, 146
Trd, 000037.450, 147
Trd, 000038.033, 149
Trd, 000038.817, 148
Trd, 000039.167, 147
Trd, 000039.367, 147
Trd, 000040.233, 146
Trd, 000040.483, 147
Trd, 000040.583, 151.0
Trd, 000040.633, 158.0
Trd, 000040.683, 162
Trd, 000041.433, 146
Trd, 000042.100, 148.0
Trd, 000042.383, 149
Trd, 000044.100, 147
Trd, 000044.400, 148
Trd, 000044.933, 148
Trd, 000045.117, 148
Trd, 000045.517, 148
Trd, 000046.217, 147
Trd, 000046.517, 146
Trd, 000046.633, 147
Trd, 000046.683, 145
Trd, 000047.450, 147
Trd, 000047.783, 144.0
Trd, 000048.000, 146
Trd, 000048.133, 144
Trd, 000048.767, 146
Trd, 000049.633, 145
Trd, 000050.350, 146
Trd, 000051.517, 146
Trd, 000051.800, 144.0
Trd, 000052.200, 147
Trd, 000052.567, 144
Trd, 000052.700, 151.0
Trd, 000053.067, 147
Trd, 000054.100, 145
Trd, 000054.517, 144
Trd, 000054.783, 143
Trd, 000055.433, 142
Trd, 000055.850, 143
Trd, 000055.867, 144
Trd, 000056.767, 143
Trd, 000057.167, 142
Trd, 000057.400, 143
Trd, 000057.783, 143
Trd, 000058.233, 144
Trd, 000058.350, 141
Trd, 000058.650, 150.0
Trd, 000058.867, 143
Trd, 000059.067, 151.0
Trd, 000059.483, 141
Trd, 000060.650, 148
Trd, 000060.683, 148
Trd, 000061.467, 146
Trd, 000062.383, 148
Trd, 000062.533, 147.0
Trd, 000062.933, 147
Trd, 000063.050, 148
Trd, 000063.300, 148
Trd, 000063.550, 149
Trd, 000064.367, 151.0
Trd, 000064.900, 150
Trd, 000065.083, 151
Trd, 000065.367, 149
Trd, 000065.567, 148.0
Trd, 000065.717, 147
Trd, 000066.033, 153
Trd, 000066.667, 164
Trd, 000068.150, 147
Trd, 000069.117, 155
Trd, 000069.767, 153
Trd, 000069.933, 152
Trd, 000070.300, 153
Trd, 000070.450, 152
Trd, 000070.867, 152
Trd, 000071.133, 151
Trd, 000071.867, 149
Trd, 000072.833, 153
Trd, 000073.233, 151.0
Trd, 000074.317, 150
Trd, 000074.500, 150
Trd, 000074.817, 149
Trd, 000075.367, 150
Trd, 000075.467, 148.0
Trd, 000076.000, 148
Trd, 000076.133, 144.0
Trd, 000077.467, 144
Trd, 000077.567, 146
Trd, 000077.900, 146
Trd, 000078.700, 146
Trd, 000079.167, 147
Trd, 000079.667, 146
Trd, 000079.850, 146
Trd, 000080.117, 146
Trd, 000080.367, 143
Trd, 000080.750, 144
Trd, 000080.817, 146
Trd, 000080.983, 142
Trd, 000081.000, 148
Trd, 000083.050, 144.0
Trd, 000083.333, 144
Trd, 000083.783, 146
Trd, 000084.583, 144
Trd, 000084.850, 146
Trd, 000085.700, 144
Trd, 000085.883, 145
Trd, 000086.067, 146
Trd, 000086.167, 143
Trd, 000086.667, 143
Trd, 000086.800, 143
Trd, 000087.300, 144
Trd, 000087.717, 145
Trd, 000088.100, 142
Trd, 000088.683, 141
Trd, 000088.867, 141
Trd, 000089.250, 140
Trd, 000089.583, 142
Trd, 000090.233, 142
Trd, 000091.833, 142
Trd, 000092.167, 141
Trd, 000092.533, 158.0
Trd, 000093.767, 148.0
Trd, 000093.833, 151.0
Trd, 000094.050, 148
Trd, 000094.067, 147
Trd, 000094.883, 146
Trd, 000095.117, 153.0
Trd, 000095.350, 154.0
Trd, 000096.233, 146
Trd, 000096.683, 152.0
Trd, 000097.167, 150
Trd, 000097.433, 148
Trd, 000097.667, 149
Trd, 000097.883, 148
Trd, 000098.433, 146
Trd, 000098.633, 146
Trd, 000098.783, 145
Trd, 000099.100, 147
Trd, 000100.050, 143
Trd, 000100.917, 144
Trd, 000101.100, 145
Trd, 000101.533, 145
Trd, 000101.667, 144.0
Trd, 000101.733, 163
Trd, 000102.433, 150
Trd, 000104.617, 144
Trd, 000104.867, 143
Trd, 000105.233, 144
Trd, 000105.467, 144
Trd, 000105.617, 146
Trd, 000105.700, 145
Trd, 000106.917, 138
Trd, 000107.433, 139
Trd, 000107.567, 138
Trd, 000108.167, 130
Trd, 000109.050, 138
Trd, 000109.267, 136
Trd, 000109.917, 136
Trd, 000109.983, 136
Trd, 000110.150, 137
Trd, 000110.350, 134
Trd, 000110.383, 141
Trd, 000110.783, 151.0
Trd, 000111.717, 142
Trd, 000111.817, 134
Trd, 000112.000, 145
Trd, 000112.050, 132
Trd, 000113.750, 143
Trd, 000113.867, 129
Trd, 000115.667, 138
Trd, 000115.750, 139
Trd, 000115.900, 140
Trd, 000116.717, 140
Trd, 000116.967, 139
Trd, 000117.083, 141
Trd, 000117.800, 139
Trd, 000118.017, 141
Trd, 000118.050, 141
Trd, 000118.300, 142
Trd, 000118.533, 139
Trd, 000118.550, 138
Trd, 000119.567, 144.0
Trd, 000120.283, 146
Trd, 000121.283, 146.0
Trd, 000121.317, 145
Trd, 000121.500, 149.0
Trd, 000121.850, 151.0
Trd, 000122.467, 144
Trd, 000123.017, 154.0
Trd, 000124.033, 148
Trd, 000124.133, 150
Trd, 000124.567, 149
Trd, 000125.067, 148
Trd, 000125.083, 149
Trd, 000125.250, 148.0
Trd, 000126.750, 148
Trd, 000127.300, 150
Trd, 000127.367, 147
Trd, 000127.733, 149
Trd, 000128.233, 149
Trd, 000128.717, 149
Trd, 000128.867, 150
Trd, 000129.400, 150
Trd, 000129.917, 148.0
Trd, 000130.400, 149
Trd, 000130.850, 148
Trd, 000131.033, 148
Trd, 000131.367, 148
Trd, 000132.083, 148
Trd, 000132.117, 147
Trd, 000132.717, 144.0
Trd, 000132.833, 150.0
Trd, 000133.950, 147
Trd, 000134.283, 141
Trd, 000134.683, 130
Trd, 000135.667, 145
Trd, 000136.000, 147
Trd, 000136.083, 155
Trd, 000136.467, 158.0
Trd, 000137.417, 143
Trd, 000138.033, 148
Trd, 000138.533, 148
Trd, 000139.217, 148
Trd, 000139.367, 149.0
Trd, 000139.550, 151.0
Trd, 000139.633, 151
Trd, 000139.867, 164
Trd, 000141.083, 164
Trd, 000141.750, 159
Trd, 000142.350, 157
Trd, 000142.817, 145.0
Trd, 000143.283, 150
Trd, 000143.617, 151
Trd, 000143.950, 152
Trd, 000144.317, 144.0
Trd, 000144.917, 145
Trd, 000145.133, 131
Trd, 000145.933, 139
Trd, 000145.983, 139
Trd, 000146.567, 142
Trd, 000146.600, 130
Trd, 000147.367, 140
Trd, 000147.817, 135
Trd, 000147.933, 130
Trd, 000148.600, 143
Trd, 000148.933, 151.0
Trd, 000149.083, 144
Trd, 000150.400, 148
Trd, 000150.450, 154
Trd, 000150.800, 155
Trd, 000150.967, 150
Trd, 000151.600, 157.0
Trd, 000152.367, 150
Trd, 000152.750, 154.0
Trd, 000153.500, 152
Trd, 000154.600, 151
Trd, 000154.917, 151
Trd, 000154.967, 151
Trd, 000155.533, 155
Trd, 000155.800, 151
Trd, 000155.867, 155
Trd, 000156.067, 157
Trd, 000156.533, 149.0
Trd, 000156.967, 186.0
Trd, 000157.567, 169
Trd, 000158.800, 150
Trd, 000158.850, 152
Trd, 000159.067, 153
Trd, 000159.467, 149.0
Trd, 000160.167, 150
Trd, 000160.233, 151.0
Trd, 000160.717, 152
Trd, 000161.250, 151
Trd, 000161.483, 152
Trd, 000162.700, 150
Trd, 000163.467, 150
Trd, 000163.683, 150
Trd, 000163.967, 148.0
Trd, 000164.900, 150
Trd, 000165.133, 148
Trd, 000165.250, 147
Trd, 000165.650, 146
Trd, 000165.833, 148
Trd, 000165.967, 150
Trd, 000166.133, 151
Trd, 000166.967, 150
Trd, 000166.983, 151.0
Trd, 000167.183, 158.0
Trd, 000167.333, 145.0
Trd, 000168.167, 162
Trd, 000168.700, 144
Trd, 000170.450, 147
Trd, 000171.017, 147
Trd, 000171.200, 147
Trd, 000171.317, 145.0
Trd, 000172.167, 146
Trd, 000172.267, 147
Trd, 000172.867, 147
Trd, 000173.300, 147
Trd, 000174.567, 146
Trd, 000174.750, 147
Trd, 000175.133, 145
Trd, 000175.183, 145
Trd, 000175.217, 145
Trd, 000175.967, 146
Trd, 000176.633, 146
Trd, 000176.967, 144.0
Trd, 000177.717, 145
Trd, 000178.717, 144
Trd, 000179.650, 144
Trd, 000179.667, 143
Trd, 000180.617, 144
Trd, 000180.733, 144
Trd, 000180.900, 147
Trd, 000181.167, 146
Trd, 000181.350, 142
Trd, 000182.133, 148.0
Trd, 000183.233, 150.0
Trd, 000183.883, 155
Trd, 000184.000, 142
Trd, 000184.783, 142
Trd, 000185.133, 149
Trd, 000185.350, 141
Trd, 000186.333, 137
Trd, 000186.633, 137
Trd, 000186.667, 139
Trd, 000186.933, 143
Trd, 000187.050, 136
Trd, 000187.700, 138
Trd, 000187.750, 139
Trd, 000187.933, 139
Trd, 000188.100, 144
Trd, 000188.983, 141
Trd, 000189.000, 130
Trd, 000189.400, 139
Trd, 000191.183, 141
Trd, 000191.783, 142.0
Trd, 000192.083, 143.0
Trd, 000192.450, 140
Trd, 000193.350, 142
Trd, 000193.917, 140
Trd, 000194.017, 142
Trd, 000194.167, 140
Trd, 000194.200, 142
Trd, 000194.283, 137
Trd, 000194.383, 143
Trd, 000194.400, 151.0
Trd, 000197.333, 144
Trd, 000197.350, 143
Trd, 000197.400, 143
Trd, 000197.700, 144
Trd, 000198.550, 142
Trd, 000198.917, 143
Trd, 000199.050, 139
Trd, 000199.317, 143
Trd, 000199.617, 144
Trd, 000199.783, 141
Trd, 000199.917, 143
Trd, 000200.367, 143
Trd, 000202.100, 143
Trd, 000202.467, 142
Trd, 000203.317, 143
Trd, 000204.283, 142
Trd, 000204.633, 142
Trd, 000204.750, 143
Trd, 000204.850, 142
Trd, 000204.967, 143
Trd, 000205.100, 151.0
Trd, 000205.183, 142
Trd, 000205.967, 142
Trd, 000206.583, 156.0
Trd, 000206.733, 144.0
Trd, 000207.667, 158.0
Trd, 000208.483, 148
Trd, 000208.633, 149
Trd, 000208.933, 150
Trd, 000210.100, 151
Trd, 000210.433, 151
Trd, 000210.467, 152
Trd, 000212.100, 150
Trd, 000212.383, 151
Trd, 000213.017, 149
Trd, 000213.400, 148.0
Trd, 000213.567, 147
Trd, 000213.817, 147
Trd, 000215.050, 147
Trd, 000215.250, 147
Trd, 000215.383, 146
Trd, 000215.833, 145
Trd, 000216.750, 144
Trd, 000216.983, 144.0
Trd, 000217.417, 143
Trd, 000217.733, 144
Trd, 000217.750, 145
Trd, 000217.783, 143
Trd, 000217.867, 146
Trd, 000218.533, 145
Trd, 000218.617, 151
Trd, 000220.100, 146
Trd, 000220.433, 151.0
Trd, 000222.483, 154.0
Trd, 000223.317, 153
Trd, 000223.350, 151
Trd, 000223.733, 154.0
Trd, 000224.167, 153
Trd, 000224.667, 152
Trd, 000225.283, 152
Trd, 000225.350, 152
Trd, 000225.417, 148.0
Trd, 000226.500, 151.0
Trd, 000226.567, 152
Trd, 000226.767, 150
Trd, 000226.900, 149
Trd, 000228.233, 146.0
Trd, 000228.800, 144.0
Trd, 000229.050, 147
Trd, 000229.183, 149
Trd, 000229.533, 148
Trd, 000230.333, 146
Trd, 000230.533, 148
Trd, 000230.583, 148
Trd, 000230.867, 149.0
Trd, 000231.250, 148
Trd, 000231.383, 149
Trd, 000233.183, 146
Trd, 000233.667, 148
Trd, 000233.850, 148
Trd, 000234.500, 145
Trd, 000235.083, 148
Trd, 000235.967, 150.0
Trd, 000235.983, 147.0
Trd, 000236.467, 149
Trd, 000237.350, 148
Trd, 000237.950, 149
Trd, 000238.067, 150
Trd, 000238.083, 144.0
Trd, 000238.333, 149
Trd, 000239.067, 149
Trd, 000239.367, 147
Trd, 000239.933, 148
Trd, 000240.100, 148
Trd, 000240.117, 149
Trd, 000240.800, 148
Trd, 000241.167, 147
Trd, 000241.633, 148
Trd, 000242.000, 147
Trd, 000242.083, 148
Trd, 000242.117, 146
Trd, 000243.200, 148
Trd, 000243.300, 146
Trd, 000243.633, 148
Trd, 000243.750, 149
Trd, 000244.150, 147.0
Trd, 000245.283, 149
Trd, 000246.017, 150.0
Trd, 000246.100, 147
Trd, 000246.433, 150
Trd, 000246.533, 149
Trd, 000247.633, 150
Trd, 000248.967, 148
Trd, 000249.517, 149
Trd, 000250.817, 150
Trd, 000250.867, 151
Trd, 000251.100, 151.0
Trd, 000251.350, 150
Trd, 000251.467, 147
Trd, 000251.800, 151
Trd, 000251.900, 150
Trd, 000252.300, 150
Trd, 000253.367, 157.0
Trd, 000253.517, 158.0
Trd, 000253.583, 149
Trd, 000254.450, 151.0
Trd, 000254.550, 152.0
Trd, 000254.833, 151.0
Trd, 000255.167, 151
Trd, 000255.650, 152
Trd, 000255.717, 153
Trd, 000256.233, 150
Trd, 000256.833, 152
Trd, 000256.867, 151.0
Trd, 000257.000, 152
Trd, 000257.600, 152
Trd, 000258.083, 151
Trd, 000258.300, 151
Trd, 000258.367, 152
Trd, 000258.867, 148.0
Trd, 000260.050, 144.0
Trd, 000261.133, 151.0
Trd, 000261.667, 145
Trd, 000262.933, 150
Trd, 000263.050, 151
Trd, 000263.633, 150
Trd, 000264.117, 148.0
Trd, 000264.217, 147
Trd, 000264.283, 149
Trd, 000264.317, 150
Trd, 000264.467, 147
Trd, 000265.867, 150.0
Trd, 000266.100, 150.0
Trd, 000266.600, 149
Trd, 000267.233, 150
Trd, 000267.333, 151.0
Trd, 000267.767, 151
Trd, 000268.433, 149
Trd, 000268.683, 157.0
Trd, 000268.850, 151.0
Trd, 000268.917, 153
Trd, 000269.333, 151
Trd, 000269.400, 156.0
Trd, 000269.800, 158.0
Trd, 000271.283, 151
Trd, 000271.433, 151
Trd, 000271.817, 151
Trd, 000272.050, 148.0
Trd, 000272.083, 147
Trd, 000272.400, 152
Trd, 000273.117, 147
Trd, 000273.500, 151.0
Trd, 000274.083, 148
Trd, 000274.183, 150
Trd, 000274.733, 147
Trd, 000274.867, 151
Trd, 000274.983, 153
Trd, 000276.350, 148
Trd, 000276.783, 150
Trd, 000276.900, 151
Trd, 000278.100, 147
Trd, 000278.333, 147
Trd, 000278.767, 148
Trd, 000279.300, 150
Trd, 000279.667, 147
Trd, 000279.767, 147
Trd, 000279.800, 145
Trd, 000280.317, 149
Trd, 000280.883, 149
Trd, 000281.100, 149
Trd, 000281.633, 158.0
Trd, 000281.717, 152.0
Trd, 000282.433, 152
Trd, 000283.200, 151.0
Trd, 000283.267, 153
Trd, 000283.333, 164
Trd, 000283.383, 165.0
Trd, 000284.333, 151
Trd, 000284.783, 149.0
Trd, 000285.367, 151.0
Trd, 000286.267, 155
Trd, 000286.567, 157
Trd, 000286.767, 154
Trd, 000287.067, 157.0
Trd, 000288.250, 153
Trd, 000288.533, 154
Trd, 000288.733, 155
Trd, 000288.867, 152
Trd, 000289.383, 152.0
Trd, 000289.500, 151.0
Trd, 000289.733, 150
Trd, 000290.333, 149
Trd, 000290.750, 149
Trd, 000290.833, 150
Trd, 000291.183, 150
Trd, 000291.367, 148
Trd, 000291.433, 147
Trd, 000291.717, 152
Trd, 000292.467, 151
Trd, 000292.883, 160
Trd, 000292.967, 151.0
Trd, 000293.283, 151
Trd, 000294.933, 151
Trd, 000295.017, 152
Trd, 000296.283, 153
Trd, 000296.467, 151
Trd, 000296.883, 149
Trd, 000297.133, 149
Trd, 000297.500, 149
Trd, 000298.033, 150
Trd, 000298.867, 148.0
Trd, 000298.983, 148
Trd, 000299.333, 148
Trd, 000299.633, 149
