Trd, 000001.883, 177
Trd, 000001.967, 167
Trd, 000002.767, 152
Trd, 000002.833, 151
Trd, 000004.100, 148.0
Trd, 000004.383, 137.0
Trd, 000004.917, 148
Trd, 000005.017, 161
Trd, 000005.150, 166
Trd, 000005.550, 147.0
Trd, 000005.617, 148.0
Trd, 000006.950, 137
Trd, 000007.467, 144
Trd, 000008.400, 143
Trd, 000008.950, 141.0
Trd, 000009.200, 142
Trd, 000009.650, 138.0
Trd, 000009.783, 137.0
Trd, 000010.067, 143
Trd, 000010.150, 144.0
Trd, 000010.833, 151.0
Trd, 000010.933, 163
Trd, 000011.467, 141
Trd, 000011.967, 151
Trd, 000011.983, 142
Trd, 000012.400, 144
Trd, 000012.550, 165
Trd, 000013.883, 149
Trd, 000014.483, 156
Trd, 000014.783, 157
Trd, 000014.983, 150
Trd, 000015.833, 150
Trd, 000016.900, 152.0
Trd, 000017.500, 154
Trd, 000018.533, 154
Trd, 000018.800, 151.0
Trd, 000019.200, 155
Trd, 000020.000, 154
Trd, 000020.183, 151
Trd, 000020.967, 154
Trd, 000021.183, 148.0
Trd, 000021.817, 143
Trd, 000022.350, 142
Trd, 000022.767, 144
Trd, 000022.850, 143
Trd, 000023.133, 144.0
Trd, 000024.217, 146
Trd, 000024.633, 148.0
Trd, 000025.167, 158
Trd, 000025.650, 147
Trd, 000025.850, 131.0
Trd, 000026.550, 156
Trd, 000027.617, 158
Trd, 000027.867, 157
Trd, 000028.383, 154
Trd, 000028.700, 158
Trd, 000029.733, 151.0
Trd, 000030.567, 156
Trd, 000031.133, 148
Trd, 000031.583, 153
Trd, 000031.850, 153
Trd, 000032.300, 151.0
Trd, 000032.533, 156
Trd, 000033.700, 152
Trd, 000033.883, 152
Trd, 000034.883, 153
Trd, 000035.017, 159
Trd, 000035.300, 148
Trd, 000035.967, 148.0
Trd, 000037.233, 151
Trd, 000038.967, 151
Trd, 000039.350, 149
Trd, 000039.783, 150
Trd, 000039.800, 140.0
Trd, 000040.967, 146
Trd, 000041.200, 144
Trd, 000041.633, 145
Trd, 000042.167, 145
Trd, 000043.733, 144
Trd, 000043.783, 143
Trd, 000044.533, 142
Trd, 000044.600, 143
Trd, 000044.650, 145
Trd, 000044.733, 148.0
Trd, 000044.850, 137.0
Trd, 000044.900, 159
Trd, 000045.050, 132.0
Trd, 000045.383, 136
Trd, 000045.433, 131.0
Trd, 000045.783, 156
Trd, 000046.067, 127.0
Trd, 000046.133, 130
Trd, 000046.717, 163
Trd, 000047.917, 170.0
Trd, 000048.300, 170.0
Trd, 000049.317, 161
Trd, 000050.433, 159
Trd, 000051.167, 159
Trd, 000051.500, 161
Trd, 000052.300, 160
Trd, 000052.717, 159
Trd, 000052.967, 159
Trd, 000054.000, 152.0
Trd, 000054.017, 151.0
Trd, 000054.100, 148.0
Trd, 000054.233, 158
Trd, 000055.767, 152
Trd, 000056.000, 153
Trd, 000056.833, 148
Trd, 000057.133, 152
Trd, 000057.533, 150
Trd, 000057.600, 151
Trd, 000058.617, 158
Trd, 000059.033, 148.0
Trd, 000060.933, 152
Trd, 000061.167, 151
Trd, 000061.300, 153
Trd, 000061.867, 148.0
Trd, 000062.067, 153
Trd, 000063.033, 150
Trd, 000064.117, 149
Trd, 000064.250, 149
Trd, 000064.850, 147
Trd, 000065.317, 148.0
Trd, 000065.483, 146
Trd, 000065.833, 151
Trd, 000066.583, 145
Trd, 000067.500, 145
Trd, 000067.600, 150
Trd, 000068.033, 143
Trd, 000068.083, 151
Trd, 000068.433, 158
Trd, 000068.633, 175.0
Trd, 000069.900, 143.0
Trd, 000070.300, 143.0
Trd, 000071.183, 145
Trd, 000072.000, 144.0
Trd, 000072.533, 141.0
Trd, 000072.667, 144.0
Trd, 000073.367, 137.0
Trd, 000073.467, 147.0
Trd, 000073.550, 148.0
Trd, 000073.567, 158
Trd, 000075.567, 143
Trd, 000075.650, 148
Trd, 000076.217, 145.0
Trd, 000077.017, 143
Trd, 000077.550, 143
Trd, 000078.183, 143
Trd, 000078.400, 143
Trd, 000078.483, 144.0
Trd, 000078.517, 146
Trd, 000078.683, 142
Trd, 000079.517, 148.0
Trd, 000080.050, 151.0
Trd, 000080.450, 158
Trd, 000080.833, 148
Trd, 000080.900, 147
Trd, 000082.033, 151
Trd, 000082.217, 152
Trd, 000083.017, 152.0
Trd, 000083.583, 153.0
Trd, 000084.567, 153
Trd, 000085.350, 153
Trd, 000086.250, 152
Trd, 000086.300, 151.0
Trd, 000086.983, 150
Trd, 000087.000, 148.0
Trd, 000088.017, 116
Trd, 000088.183, 133
Trd, 000088.800, 115.0
Trd, 000088.850, 117.0
Trd, 000089.283, 124.0
Trd, 000089.500, 154
Trd, 000089.650, 154
Trd, 000090.817, 152.0
Trd, 000091.117, 151.0
Trd, 000091.133, 153
Trd, 000091.333, 151
Trd, 000092.767, 153
Trd, 000093.000, 137.0
Trd, 000093.333, 152
Trd, 000093.733, 144
Trd, 000094.517, 152
Trd, 000095.017, 153.0
Trd, 000095.117, 151.0
Trd, 000096.267, 146
Trd, 000096.767, 144
Trd, 000097.000, 144
Trd, 000097.100, 145.0
Trd, 000097.950, 143
Trd, 000098.283, 147.0
Trd, 000098.350, 148.0
Trd, 000098.550, 142
Trd, 000099.083, 137.0
Trd, 000099.983, 148
Trd, 000100.650, 158
Trd, 000101.133, 175.0
Trd, 000101.450, 180
Trd, 000102.050, 158
Trd, 000102.917, 177
Trd, 000103.050, 168
Trd, 000105.033, 152
Trd, 000106.350, 153.0
Trd, 000106.450, 148.0
Trd, 000107.033, 151.0
Trd, 000107.883, 147
Trd, 000108.283, 149
Trd, 000109.133, 148
Trd, 000109.767, 150
Trd, 000110.117, 138.0
Trd, 000110.217, 158
Trd, 000110.400, 160
Trd, 000110.500, 131.0
Trd, 000111.367, 140
Trd, 000111.883, 140
Trd, 000112.567, 144
Trd, 000113.167, 141.0
Trd, 000113.383, 142
Trd, 000114.017, 143
Trd, 000114.417, 146
Trd, 000114.900, 148.0
Trd, 000115.433, 146
Trd, 000115.850, 156
Trd, 000116.667, 162
Trd, 000117.433, 162
Trd, 000117.533, 164
Trd, 000118.367, 151.0
Trd, 000119.950, 159
Trd, 000120.033, 160
Trd, 000120.100, 161
Trd, 000120.167, 148.0
Trd, 000121.483, 161
Trd, 000122.017, 161
Trd, 000122.083, 162
Trd, 000122.100, 154.0
Trd, 000124.400, 152.0
Trd, 000124.433, 158
Trd, 000124.450, 151.0
Trd, 000124.533, 159
Trd, 000125.817, 150
Trd, 000125.900, 149
Trd, 000127.367, 154
Trd, 000128.467, 156
Trd, 000129.050, 154.0
Trd, 000129.067, 158
Trd, 000130.033, 152
Trd, 000130.067, 151.0
Trd, 000130.117, 159
Trd, 000131.950, 153
Trd, 000132.383, 150
Trd, 000132.767, 144
Trd, 000133.000, 149
Trd, 000133.067, 143
Trd, 000133.183, 150
Trd, 000133.483, 148.0
Trd, 000133.533, 145
Trd, 000133.683, 155
Trd, 000133.817, 144
Trd, 000134.867, 149
Trd, 000135.917, 143
Trd, 000136.800, 145
Trd, 000137.500, 143
Trd, 000137.550, 144
Trd, 000137.633, 143
Trd, 000137.900, 147
Trd, 000138.200, 146
Trd, 000139.200, 146
Trd, 000140.167, 146.0
Trd, 000140.500, 143
Trd, 000140.883, 137.0
Trd, 000141.283, 145.0
Trd, 000141.583, 148.0
Trd, 000143.283, 148
Trd, 000143.883, 156
Trd, 000145.383, 149
Trd, 000145.533, 144
Trd, 000145.583, 150
Trd, 000146.100, 150
Trd, 000146.317, 143
Trd, 000146.367, 147.0
Trd, 000146.667, 147
Trd, 000147.567, 146
Trd, 000148.183, 143
Trd, 000149.033, 146
Trd, 000149.083, 175.0
Trd, 000149.650, 151
Trd, 000150.317, 158
Trd, 000150.883, 150
Trd, 000151.150, 157
Trd, 000152.850, 150
Trd, 000153.483, 151.0
Trd, 000153.550, 152
Trd, 000154.367, 152
Trd, 000154.500, 152
Trd, 000154.833, 152
Trd, 000155.083, 153
Trd, 000155.383, 149
Trd, 000155.800, 148.0
Trd, 000156.783, 147.0
Trd, 000157.217, 148.0
Trd, 000158.533, 149
Trd, 000158.767, 148.0
Trd, 000159.233, 150
Trd, 000159.700, 148
Trd, 000159.967, 151.0
Trd, 000160.183, 148
Trd, 000160.333, 157
Trd, 000160.717, 147
Trd, 000161.183, 156
Trd, 000161.383, 158
Trd, 000162.550, 148
Trd, 000162.667, 146
Trd, 000164.050, 156
Trd, 000164.650, 156
Trd, 000165.583, 154
Trd, 000165.650, 150
Trd, 000166.050, 150
Trd, 000166.200, 153
Trd, 000166.817, 153
Trd, 000166.917, 161
Trd, 000167.050, 151.0
Trd, 000167.433, 162
Trd, 000168.250, 148
Trd, 000169.650, 157
Trd, 000169.667, 158
Trd, 000169.800, 148.0
Trd, 000170.717, 140
Trd, 000172.467, 148
Trd, 000172.850, 147
Trd, 000173.800, 146
Trd, 000174.017, 151
Trd, 000174.183, 145
Trd, 000175.717, 151.0
Trd, 000176.050, 149
Trd, 000176.317, 150
Trd, 000176.433, 145
Trd, 000177.217, 148.0
Trd, 000177.683, 148
Trd, 000177.700, 150
Trd, 000178.500, 148
Trd, 000178.650, 150
Trd, 000179.767, 158
Trd, 000180.133, 159
Trd, 000180.667, 144
Trd, 000181.717, 148.0
Trd, 000182.883, 143
Trd, 000183.550, 146
Trd, 000184.200, 147
Trd, 000184.400, 147
Trd, 000184.967, 146
Trd, 000184.983, 149
Trd, 000185.267, 160
Trd, 000185.350, 143
Trd, 000185.800, 144
Trd, 000186.000, 163
Trd, 000187.717, 153
Trd, 000188.200, 172
Trd, 000188.700, 153
Trd, 000188.933, 167
Trd, 000189.183, 152
Trd, 000189.233, 171
Trd, 000191.683, 158
Trd, 000192.167, 162
Trd, 000192.317, 163
Trd, 000193.400, 160
Trd, 000193.533, 161
Trd, 000193.567, 152.0
Trd, 000193.767, 151.0
Trd, 000194.367, 148.0
Trd, 000194.433, 155
Trd, 000195.467, 151.0
Trd, 000195.817, 154
Trd, 000195.867, 155
Trd, 000197.817, 153
Trd, 000197.967, 153
Trd, 000198.267, 152
Trd, 000199.400, 152
Trd, 000199.433, 157
Trd, 000199.517, 148.0
Trd, 000200.050, 158
Trd, 000200.100, 158
Trd, 000200.533, 150
Trd, 000201.183, 151.0
Trd, 000201.850, 160
Trd, 000202.333, 174.0
Trd, 000203.317, 158
Trd, 000203.900, 156
Trd, 000206.083, 155
Trd, 000206.117, 156
Trd, 000206.450, 151.0
Trd, 000206.483, 156
Trd, 000206.850, 148.0
Trd, 000207.217, 155
Trd, 000208.133, 157
Trd, 000208.283, 150
Trd, 000209.283, 155
Trd, 000209.683, 152.0
Trd, 000209.767, 151.0
Trd, 000210.400, 152
Trd, 000210.683, 153
Trd, 000211.333, 153
Trd, 000211.350, 156
Trd, 000211.967, 148.0
Trd, 000213.183, 140.0
Trd, 000213.833, 142
Trd, 000214.167, 143
Trd, 000215.083, 145
Trd, 000215.167, 145
Trd, 000215.217, 144
Trd, 000216.100, 158
Trd, 000216.267, 151.0
Trd, 000216.533, 161
Trd, 000216.550, 143
Trd, 000217.300, 143
Trd, 000217.533, 151.0
Trd, 000218.200, 148.0
Trd, 000219.650, 152
Trd, 000220.000, 150
Trd, 000220.033, 161
Trd, 000220.867, 148.0
Trd, 000221.200, 152
Trd, 000221.583, 143
Trd, 000222.017, 154
Trd, 000222.450, 152
Trd, 000223.683, 148
Trd, 000224.400, 147
Trd, 000224.500, 143
Trd, 000224.700, 142
Trd, 000224.800, 148
Trd, 000225.300, 148
Trd, 000225.867, 146
Trd, 000227.467, 148.0
Trd, 000227.650, 149
Trd, 000228.333, 148
Trd, 000228.867, 154
Trd, 000228.900, 158
Trd, 000228.983, 162
Trd, 000229.833, 148
Trd, 000230.033, 143
Trd, 000230.133, 160
Trd, 000230.600, 144
Trd, 000230.750, 145
Trd, 000230.917, 146
Trd, 000231.817, 144.0
Trd, 000232.767, 147.0
Trd, 000233.250, 148.0
Trd, 000234.450, 148.0
Trd, 000234.700, 149
Trd, 000234.817, 147
Trd, 000235.317, 146
Trd, 000235.483, 147
Trd, 000235.533, 142
Trd, 000236.667, 143
Trd, 000236.767, 137.0
Trd, 000236.783, 144
Trd, 000237.217, 136
Trd, 000238.083, 141.0
Trd, 000238.150, 142.0
Trd, 000238.850, 140
Trd, 000239.000, 141
Trd, 000239.383, 141.0
Trd, 000240.250, 156
Trd, 000240.267, 155.0
Trd, 000240.417, 154.0
Trd, 000240.683, 155
Trd, 000241.033, 153
Trd, 000241.050, 153.0
Trd, 000242.000, 155.0
Trd, 000242.133, 156
Trd, 000242.183, 153.0
Trd, 000242.667, 161
Trd, 000243.483, 155.0
Trd, 000243.600, 152.0
Trd, 000244.100, 151.0
Trd, 000244.550, 151
Trd, 000245.000, 151.0
Trd, 000245.567, 148.0
Trd, 000245.767, 149
Trd, 000246.100, 152
Trd, 000246.450, 148
Trd, 000246.517, 149
Trd, 000246.900, 151
Trd, 000247.283, 150
Trd, 000248.183, 154.0
Trd, 000248.517, 145
Trd, 000249.483, 147
Trd, 000249.767, 147
Trd, 000250.083, 149.0
Trd, 000250.833, 149
Trd, 000250.850, 150.0
Trd, 000251.067, 148
Trd, 000251.150, 152.0
Trd, 000251.650, 153.0
Trd, 000251.750, 153.0
Trd, 000252.100, 151.0
Trd, 000252.250, 155.0
Trd, 000253.483, 155.0
Trd, 000253.500, 156
Trd, 000253.883, 154.0
Trd, 000254.017, 154
Trd, 000254.417, 155
Trd, 000254.967, 155.0
Trd, 000255.067, 154.0
Trd, 000255.317, 151.0
Trd, 000255.833, 159
Trd, 000256.733, 149
Trd, 000257.133, 148.0
Trd, 000257.317, 150
Trd, 000257.933, 150
Trd, 000258.083, 147
Trd, 000258.450, 151.0
Trd, 000258.833, 155.0
Trd, 000259.050, 151
Trd, 000259.167, 149
Trd, 000259.883, 154
Trd, 000260.233, 150
Trd, 000260.717, 152
Trd, 000260.900, 152
Trd, 000260.983, 153
Trd, 000261.067, 151
Trd, 000261.400, 152
Trd, 000261.667, 154.0
Trd, 000261.817, 151.0
Trd, 000262.250, 155.0
Trd, 000262.450, 158
Trd, 000264.250, 157.0
Trd, 000264.417, 156
Trd, 000264.583, 155.0
Trd, 000264.983, 148.0
Trd, 000265.900, 149
Trd, 000266.133, 148.0
Trd, 000266.333, 150
Trd, 000266.467, 147
Trd, 000266.750, 151
Trd, 000266.800, 155
Trd, 000267.117, 158
Trd, 000267.250, 157
Trd, 000267.533, 162
Trd, 000267.783, 158.0
Trd, 000268.600, 153
Trd, 000268.750, 149.0
Trd, 000269.000, 148
Trd, 000269.967, 148
Trd, 000270.900, 150.0
Trd, 000271.550, 146
Trd, 000271.583, 143
Trd, 000272.017, 148
Trd, 000272.083, 149
Trd, 000272.367, 152.0
Trd, 000272.833, 153.0
Trd, 000273.050, 152.0
Trd, 000273.350, 152.0
Trd, 000273.400, 151.0
Trd, 000273.900, 148.0
Trd, 000274.100, 153.0
Trd, 000274.667, 152
Trd, 000275.300, 149
Trd, 000275.667, 145
Trd, 000276.150, 150
Trd, 000276.433, 151
Trd, 000277.600, 151
Trd, 000277.767, 150
Trd, 000278.817, 150
Trd, 000278.883, 149
Trd, 000279.267, 152
Trd, 000279.450, 148.0
Trd, 000279.667, 149
Trd, 000279.850, 153
Trd, 000280.333, 153
Trd, 000280.483, 155.0
Trd, 000281.050, 154
Trd, 000281.267, 151.0
Trd, 000281.367, 156
Trd, 000281.617, 150
Trd, 000281.833, 143
Trd, 000282.367, 144
Trd, 000282.733, 151.0
Trd, 000283.067, 150.0
Trd, 000283.417, 149.0
Trd, 000283.433, 147.0
Trd, 000284.800, 148
Trd, 000284.817, 150
Trd, 000285.533, 149
Trd, 000285.567, 151
Trd, 000286.233, 148.0
Trd, 000286.367, 146
Trd, 000286.733, 147
Trd, 000286.900, 146
Trd, 000286.917, 155.0
Trd, 000287.550, 152
Trd, 000287.650, 151.0
Trd, 000287.700, 157
Trd, 000287.767, 131.0
Trd, 000288.267, 140.0
Trd, 000289.467, 153.0
Trd, 000289.733, 154
Trd, 000290.083, 144
Trd, 000290.333, 143
Trd, 000290.400, 148.0
Trd, 000290.600, 154
Trd, 000290.750, 152.0
Trd, 000291.233, 154.0
Trd, 000291.300, 155.0
Trd, 000291.583, 152
Trd, 000291.950, 154
Trd, 000292.017, 151.0
Trd, 000292.900, 158
Trd, 000293.883, 165.0
Trd, 000293.933, 155
Trd, 000294.667, 155.0
Trd, 000294.683, 164
Trd, 000295.250, 154
Trd, 000295.617, 175.0
Trd, 000295.867, 154.0
Trd, 000295.900, 155.0
Trd, 000296.233, 154
Trd, 000296.300, 153
Trd, 000297.233, 161
Trd, 000297.383, 174.0
Trd, 000298.500, 160.0
Trd, 000298.667, 159.0
Trd, 000299.500, 165
Trd, 000299.567, 158.0
Trd, 000299.667, 155.0
Trd, 000299.767, 165
