Trd, 000000.867, 200.0
Trd, 000002.083, 125
Trd, 000002.183, 137.0
Trd, 000003.067, 157.0
Trd, 000003.500, 140
Trd, 000004.267, 148.0
Trd, 000004.483, 158.0
Trd, 000004.550, 141
Trd, 000006.650, 142
Trd, 000006.783, 141
Trd, 000007.167, 148.0
Trd, 000007.517, 150
Trd, 000007.850, 150
Trd, 000008.000, 151.0
Trd, 000008.650, 156
Trd, 000009.983, 169
Trd, 000011.267, 156
Trd, 000011.450, 154
Trd, 000012.283, 168
Trd, 000012.983, 153
Trd, 000014.117, 153
Trd, 000014.450, 155.0
Trd, 000015.150, 158
Trd, 000015.200, 165.0
Trd, 000015.317, 155
Trd, 000015.383, 152
Trd, 000016.533, 154
Trd, 000017.050, 152
Trd, 000017.767, 152
Trd, 000018.050, 152
Trd, 000019.067, 151
Trd, 000019.133, 152
Trd, 000019.417, 150
Trd, 000020.333, 153
Trd, 000021.017, 150
Trd, 000021.567, 149
Trd, 000021.667, 157.0
Trd, 000021.750, 158.0
Trd, 000023.017, 155
Trd, 000023.217, 153
Trd, 000023.383, 156
Trd, 000024.033, 150
Trd, 000024.267, 144.0
Trd, 000024.633, 154
Trd, 000024.683, 157.0
Trd, 000026.200, 138
Trd, 000027.950, 152
Trd, 000028.050, 145
Trd, 000028.617, 151
Trd, 000028.683, 155
Trd, 000028.950, 158.0
Trd, 000029.967, 149
Trd, 000029.983, 148
Trd, 000030.767, 152
Trd, 000030.783, 149
Trd, 000030.983, 149
Trd, 000031.550, 148
Trd, 000033.000, 148
Trd, 000033.333, 147
Trd, 000034.300, 148
Trd, 000034.500, 149
Trd, 000034.683, 139
Trd, 000034.783, 151.0
Trd, 000036.150, 153
Trd, 000036.483, 158.0
Trd, 000037.083, 165.0
Trd, 000037.117, 146
Trd, 000037.483, 157
Trd, 000038.383, 147.0
Trd, 000038.550, 148.0
Trd, 000039.367, 151
Trd, 000039.817, 147
Trd, 000040.417, 148
Trd, 000040.533, 147
Trd, 000041.083, 147
Trd, 000041.200, 149
Trd, 000041.650, 149
Trd, 000042.650, 151.0
Trd, 000042.700, 158.0
Trd, 000044.583, 147
Trd, 000044.617, 154
Trd, 000044.833, 157.0
Trd, 000045.367, 148
Trd, 000045.733, 146
Trd, 000047.800, 148
Trd, 000049.083, 151.0
Trd, 000049.300, 153
Trd, 000049.817, 148
Trd, 000049.917, 150
Trd, 000050.317, 145
Trd, 000050.367, 146
Trd, 000050.433, 149
Trd, 000050.450, 158.0
Trd, 000050.750, 147
Trd, 000052.300, 152
Trd, 000052.983, 157.0
Trd, 000053.617, 152
Trd, 000054.000, 147
Trd, 000054.450, 153
Trd, 000054.500, 150
Trd, 000054.633, 149
Trd, 000055.517, 149
Trd, 000055.683, 150
Trd, 000056.250, 148
Trd, 000056.633, 148
Trd, 000058.083, 158.0
Trd, 000059.300, 154
Trd, 000059.383, 152
Trd, 000059.417, 148
Trd, 000060.017, 148
Trd, 000060.417, 147
Trd, 000060.550, 151.0
Trd, 000061.233, 144.0
Trd, 000061.967, 149
Trd, 000062.500, 144
Trd, 000062.750, 151
Trd, 000064.050, 156.0
Trd, 000065.300, 154.0
Trd, 000065.650, 153
Trd, 000066.000, 151
Trd, 000066.800, 152
Trd, 000066.867, 150
Trd, 000066.917, 149
Trd, 000067.100, 152
Trd, 000067.467, 151
Trd, 000068.183, 155
Trd, 000068.783, 150
Trd, 000070.317, 154.0
Trd, 000070.967, 153
Trd, 000072.367, 152
Trd, 000073.033, 150
Trd, 000073.133, 149
Trd, 000073.200, 150
Trd, 000073.317, 151.0
Trd, 000073.783, 153
Trd, 000074.400, 152
Trd, 000074.517, 157.0
Trd, 000076.167, 153
Trd, 000076.750, 151
Trd, 000076.767, 156
Trd, 000077.717, 151
Trd, 000079.050, 151
Trd, 000079.267, 149
Trd, 000079.517, 151
Trd, 000079.617, 148
Trd, 000080.000, 153
Trd, 000080.850, 158.0
Trd, 000080.933, 149
Trd, 000082.467, 148
Trd, 000083.017, 150
Trd, 000083.433, 148
Trd, 000083.567, 150
Trd, 000083.850, 150
Trd, 000084.883, 149
Trd, 000085.333, 151
Trd, 000085.483, 151.0
Trd, 000087.750, 151
Trd, 000087.850, 152
Trd, 000087.883, 151
Trd, 000088.150, 157.0
Trd, 000089.300, 182.0
Trd, 000090.067, 150
Trd, 000090.133, 158.0
Trd, 000090.383, 149
Trd, 000090.567, 147
Trd, 000090.667, 158
Trd, 000092.533, 156
Trd, 000093.050, 158
Trd, 000093.750, 157.0
Trd, 000093.800, 156
Trd, 000093.950, 158.0
Trd, 000094.067, 152
Trd, 000095.800, 156
Trd, 000095.817, 152
Trd, 000096.167, 156
Trd, 000096.567, 151
Trd, 000097.833, 156
Trd, 000097.917, 158.0
Trd, 000098.067, 150
Trd, 000099.350, 156
Trd, 000100.067, 155
Trd, 000100.150, 154
Trd, 000101.033, 153
Trd, 000101.067, 151
Trd, 000101.350, 154
Trd, 000101.883, 150
Trd, 000102.133, 149
Trd, 000102.283, 153
Trd, 000103.167, 154
Trd, 000103.933, 155
Trd, 000106.117, 151
Trd, 000106.750, 152
Trd, 000107.417, 151
Trd, 000108.033, 151
Trd, 000108.683, 150
Trd, 000108.900, 151
Trd, 000109.183, 158.0
Trd, 000109.867, 153
Trd, 000111.033, 149
Trd, 000111.233, 148
Trd, 000111.383, 148
Trd, 000111.733, 147
Trd, 000111.850, 148.0
Trd, 000113.033, 149
Trd, 000114.533, 146
Trd, 000114.617, 146
Trd, 000114.817, 146
Trd, 000115.533, 148
Trd, 000115.650, 148.0
Trd, 000116.017, 165.0
Trd, 000117.817, 158.0
Trd, 000117.917, 154
Trd, 000118.817, 154
Trd, 000119.117, 155
Trd, 000120.150, 153
Trd, 000120.400, 150
Trd, 000120.667, 148.0
Trd, 000121.150, 155
Trd, 000121.367, 152
Trd, 000121.933, 154
Trd, 000122.883, 148
Trd, 000123.100, 148
Trd, 000123.500, 150
Trd, 000123.633, 151
Trd, 000124.017, 151
Trd, 000125.250, 153
Trd, 000125.450, 158.0
Trd, 000126.367, 152
Trd, 000126.833, 150
Trd, 000127.033, 150
Trd, 000128.267, 154
Trd, 000128.750, 153
Trd, 000128.850, 165.0
Trd, 000129.600, 150
Trd, 000130.300, 151.0
Trd, 000130.417, 156
Trd, 000130.483, 156
Trd, 000131.700, 148
Trd, 000132.217, 147
Trd, 000132.233, 157
Trd, 000133.583, 157
Trd, 000133.700, 162.0
Trd, 000134.017, 148
Trd, 000134.500, 147
Trd, 000135.050, 148.0
Trd, 000135.667, 158.0
Trd, 000136.167, 146
Trd, 000136.383, 165.0
Trd, 000136.950, 148.0
Trd, 000137.117, 179
Trd, 000137.650, 147
Trd, 000139.217, 155
Trd, 000140.200, 155
Trd, 000140.300, 151
Trd, 000140.700, 154
Trd, 000141.200, 152
Trd, 000141.250, 158.0
Trd, 000142.933, 153
Trd, 000142.983, 154
Trd, 000143.200, 150
Trd, 000143.950, 148
Trd, 000145.233, 150
Trd, 000145.450, 151.0
Trd, 000145.500, 150
Trd, 000145.583, 151
Trd, 000145.917, 151
Trd, 000146.233, 150
Trd, 000146.350, 153
Trd, 000146.433, 149
Trd, 000146.500, 158.0
Trd, 000146.600, 148
Trd, 000148.017, 157
Trd, 000148.067, 148
Trd, 000148.683, 158
Trd, 000149.000, 148.0
Trd, 000149.800, 162.0
Trd, 000151.533, 155
Trd, 000151.833, 154
Trd, 000153.467, 155
Trd, 000154.283, 153
Trd, 000154.433, 153
Trd, 000154.683, 154
Trd, 000154.733, 155
Trd, 000154.900, 150
Trd, 000155.783, 157
Trd, 000156.067, 152
Trd, 000156.900, 157.0
Trd, 000157.083, 164.0
Trd, 000157.267, 152
Trd, 000157.883, 150
Trd, 000158.800, 157
Trd, 000158.833, 151
Trd, 000160.817, 153.0
Trd, 000161.917, 155
Trd, 000162.217, 152
Trd, 000163.550, 151
Trd, 000163.750, 152
Trd, 000163.967, 151
Trd, 000164.067, 150
Trd, 000164.933, 151
Trd, 000165.500, 150
Trd, 000165.733, 149
Trd, 000166.250, 148
Trd, 000168.350, 148
Trd, 000169.400, 148
Trd, 000169.517, 150
Trd, 000169.600, 151
Trd, 000169.667, 148
Trd, 000171.083, 149.0
Trd, 000171.383, 147
Trd, 000171.583, 151.0
Trd, 000172.417, 150
Trd, 000172.617, 149
Trd, 000173.050, 149
Trd, 000173.200, 151.0
Trd, 000173.250, 148
Trd, 000175.200, 152
Trd, 000175.450, 158.0
Trd, 000175.700, 151
Trd, 000177.450, 150
Trd, 000177.817, 147
Trd, 000178.250, 148.0
Trd, 000178.283, 154
Trd, 000178.733, 160.0
Trd, 000181.150, 156
Trd, 000181.400, 154
Trd, 000181.700, 152
Trd, 000181.867, 152
Trd, 000182.067, 154
Trd, 000182.233, 149
Trd, 000182.433, 153
Trd, 000182.633, 149
Trd, 000184.050, 151
Trd, 000184.583, 150
Trd, 000184.800, 152
Trd, 000185.817, 149
Trd, 000186.283, 165.0
Trd, 000186.733, 158.0
Trd, 000188.017, 154
Trd, 000188.183, 155
Trd, 000188.767, 158
Trd, 000189.150, 158
Trd, 000189.200, 157
Trd, 000190.550, 156
Trd, 000191.650, 154
Trd, 000192.850, 152
Trd, 000194.033, 155
Trd, 000194.633, 154
Trd, 000194.800, 151
Trd, 000195.183, 152
Trd, 000195.300, 154
Trd, 000195.750, 151
Trd, 000195.833, 150
Trd, 000196.750, 151
Trd, 000197.783, 151
Trd, 000198.150, 153
Trd, 000198.750, 150
Trd, 000198.800, 149
Trd, 000199.450, 149
Trd, 000200.233, 155.0
Trd, 000201.117, 153
Trd, 000201.667, 157.0
Trd, 000202.033, 158.0
Trd, 000202.150, 165.0
Trd, 000202.767, 176
Trd, 000202.967, 156
Trd, 000203.200, 163
Trd, 000203.917, 152
Trd, 000204.100, 151
Trd, 000205.033, 150
Trd, 000205.583, 161
Trd, 000205.817, 149
Trd, 000206.567, 156.0
Trd, 000206.650, 147
Trd, 000206.933, 148
Trd, 000207.183, 157.0
Trd, 000207.233, 147
Trd, 000207.817, 158.0
Trd, 000207.883, 159
Trd, 000207.983, 165.0
Trd, 000209.217, 142.0
Trd, 000210.933, 154
Trd, 000211.500, 150
Trd, 000211.683, 148.0
Trd, 000212.250, 147
Trd, 000213.933, 148
Trd, 000214.983, 148.0
Trd, 000215.983, 145
Trd, 000216.117, 147
Trd, 000217.250, 147
Trd, 000217.383, 148
Trd, 000218.250, 148
Trd, 000218.400, 151.0
Trd, 000218.633, 149
Trd, 000219.033, 148
Trd, 000219.867, 149
Trd, 000220.717, 148
Trd, 000221.317, 148
Trd, 000222.317, 147
Trd, 000222.450, 151
Trd, 000222.783, 147
Trd, 000223.950, 147
Trd, 000224.783, 146
Trd, 000224.867, 148
Trd, 000225.467, 147
Trd, 000225.683, 144.0
Trd, 000226.333, 145
Trd, 000226.883, 148
Trd, 000227.683, 146
Trd, 000228.617, 148.0
Trd, 000229.750, 148
Trd, 000230.817, 146
Trd, 000230.867, 144.0
Trd, 000231.267, 144
Trd, 000231.600, 144
Trd, 000231.883, 145
Trd, 000232.033, 146
Trd, 000232.183, 147
Trd, 000232.233, 144
Trd, 000233.800, 148
Trd, 000234.250, 151.0
Trd, 000234.450, 146
Trd, 000234.517, 146
Trd, 000234.900, 147
Trd, 000235.400, 146
Trd, 000236.567, 147
Trd, 000236.583, 148.0
Trd, 000236.733, 150
Trd, 000236.800, 146
Trd, 000238.933, 145
Trd, 000239.633, 147
Trd, 000239.867, 144
Trd, 000240.150, 148.0
Trd, 000240.550, 149.0
Trd, 000240.767, 149.0
Trd, 000241.133, 150.0
Trd, 000241.267, 151.0
Trd, 000241.583, 155.0
Trd, 000241.767, 156.0
Trd, 000242.300, 150
Trd, 000243.867, 149
Trd, 000244.033, 150.0
Trd, 000244.667, 151.0
Trd, 000245.450, 148
Trd, 000245.900, 152
Trd, 000246.183, 153
Trd, 000246.217, 151
Trd, 000246.483, 157.0
Trd, 000246.750, 148
Trd, 000246.967, 151
Trd, 000247.550, 157
Trd, 000248.117, 158.0
Trd, 000248.717, 159.0
Trd, 000248.733, 152
Trd, 000249.217, 152
Trd, 000249.483, 168.0
Trd, 000250.250, 152
Trd, 000250.317, 150
Trd, 000250.333, 153
Trd, 000250.667, 151
Trd, 000251.033, 155
Trd, 000251.700, 153
Trd, 000251.800, 150
Trd, 000251.833, 154
Trd, 000253.050, 152
Trd, 000254.450, 150
Trd, 000254.717, 153
Trd, 000255.533, 150
Trd, 000255.567, 152
Trd, 000255.650, 158.0
Trd, 000255.733, 149
Trd, 000256.450, 151
Trd, 000256.900, 148
Trd, 000257.400, 141
Trd, 000257.767, 146
Trd, 000257.800, 149
Trd, 000257.900, 146
Trd, 000257.967, 144.0
Trd, 000258.150, 148
Trd, 000258.233, 150
Trd, 000258.667, 142
Trd, 000259.267, 148.0
Trd, 000259.617, 151.0
Trd, 000261.383, 151
Trd, 000261.917, 150
Trd, 000262.633, 150
Trd, 000263.083, 148
Trd, 000263.200, 147
Trd, 000263.483, 150.0
Trd, 000263.850, 145
Trd, 000264.717, 148
Trd, 000264.783, 149
Trd, 000265.033, 150
Trd, 000265.767, 147
Trd, 000265.783, 146
Trd, 000265.900, 145
Trd, 000266.000, 148.0
Trd, 000266.150, 144.0
Trd, 000266.183, 148.0
Trd, 000266.283, 150
Trd, 000267.867, 151.0
Trd, 000268.533, 158
Trd, 000268.700, 162.0
Trd, 000269.067, 158
Trd, 000270.200, 153
Trd, 000270.233, 152
Trd, 000270.633, 150
Trd, 000270.650, 152
Trd, 000271.233, 148
Trd, 000271.350, 151
Trd, 000271.467, 151.0
Trd, 000271.667, 147
Trd, 000271.967, 145.0
Trd, 000272.333, 151
Trd, 000272.733, 149
Trd, 000273.250, 145
Trd, 000274.233, 148.0
Trd, 000274.567, 144.0
Trd, 000275.283, 148
Trd, 000275.950, 147
Trd, 000276.067, 148
Trd, 000276.633, 146
Trd, 000276.950, 148
Trd, 000277.383, 146
Trd, 000277.667, 148
Trd, 000277.817, 146
Trd, 000277.833, 151.0
Trd, 000278.333, 145
Trd, 000279.683, 155
Trd, 000279.833, 157.0
Trd, 000280.017, 155
Trd, 000280.833, 155
Trd, 000281.117, 155
Trd, 000281.150, 156
Trd, 000282.217, 154
Trd, 000282.283, 153
Trd, 000282.883, 153
Trd, 000282.900, 150
Trd, 000283.233, 155
Trd, 000283.433, 153.0
Trd, 000283.833, 147
Trd, 000284.267, 154
Trd, 000284.900, 155
Trd, 000285.200, 150
Trd, 000285.383, 154
Trd, 000285.733, 155
Trd, 000286.467, 161.0
Trd, 000286.650, 162.0
Trd, 000286.817, 152
Trd, 000287.483, 158
Trd, 000287.750, 159.0
Trd, 000287.867, 158.0
Trd, 000288.750, 151
Trd, 000289.867, 150
Trd, 000290.033, 148
Trd, 000290.150, 158
Trd, 000291.117, 159
Trd, 000291.200, 161.0
Trd, 000291.233, 158
Trd, 000291.550, 147
Trd, 000292.083, 144.0
Trd, 000292.350, 161.0
Trd, 000293.100, 134.0
Trd, 000293.633, 149
Trd, 000294.250, 136
Trd, 000294.400, 148
Trd, 000294.800, 142
Trd, 000295.267, 146
Trd, 000295.350, 156.0
Trd, 000295.467, 146
Trd, 000296.067, 148.0
Trd, 000296.683, 147
Trd, 000297.183, 148
Trd, 000297.617, 148.0
Trd, 000297.650, 146
Trd, 000297.917, 149
Trd, 000298.817, 150
Trd, 000299.433, 147
