Trd, 000003.433, 123
Trd, 000003.600, 131
Trd, 000003.883, 131
Trd, 000003.900, 130
Trd, 000004.417, 139.0
Trd, 000005.000, 141.0
Trd, 000005.017, 148.0
Trd, 000005.117, 131
Trd, 000006.117, 151.0
Trd, 000006.400, 152
Trd, 000006.433, 150.0
Trd, 000007.867, 158
Trd, 000008.133, 157
Trd, 000008.350, 151
Trd, 000009.050, 159
Trd, 000009.100, 160
Trd, 000009.500, 151.0
Trd, 000010.667, 157
Trd, 000011.017, 153
Trd, 000011.083, 153
Trd, 000011.283, 153
Trd, 000011.850, 163
Trd, 000012.483, 154
Trd, 000012.567, 161
Trd, 000012.600, 152
Trd, 000013.950, 155
Trd, 000014.333, 154
Trd, 000014.733, 154
Trd, 000014.900, 153
Trd, 000015.133, 155
Trd, 000015.200, 152
Trd, 000016.467, 153
Trd, 000016.500, 154
Trd, 000016.700, 150
Trd, 000017.117, 150.0
Trd, 000017.617, 151
Trd, 000018.083, 153
Trd, 000019.000, 152
Trd, 000019.517, 153
Trd, 000021.033, 156
Trd, 000021.800, 156
Trd, 000022.333, 164.0
Trd, 000022.583, 162.0
Trd, 000022.733, 163
Trd, 000023.283, 161
Trd, 000023.450, 160
Trd, 000024.133, 161
Trd, 000024.383, 158
Trd, 000024.850, 158
Trd, 000024.967, 158
Trd, 000026.267, 158
Trd, 000026.567, 156
Trd, 000026.667, 155
Trd, 000027.433, 155
Trd, 000027.667, 148.0
Trd, 000028.117, 154
Trd, 000028.350, 150
Trd, 000029.417, 150
Trd, 000029.700, 151
Trd, 000030.150, 151
Trd, 000030.700, 151.0
Trd, 000030.933, 151
Trd, 000031.867, 151
Trd, 000032.583, 155
Trd, 000033.117, 157
Trd, 000033.233, 161
Trd, 000033.383, 162
Trd, 000033.550, 172.0
Trd, 000033.600, 156
Trd, 000034.433, 172
Trd, 000034.733, 167
Trd, 000035.017, 156
Trd, 000035.617, 163
Trd, 000036.817, 154
Trd, 000037.083, 154
Trd, 000037.133, 155
Trd, 000037.233, 162
Trd, 000037.333, 163
Trd, 000039.200, 157
Trd, 000039.350, 158
Trd, 000039.650, 157
Trd, 000039.883, 158
Trd, 000040.033, 157
Trd, 000040.417, 156
Trd, 000040.500, 159
Trd, 000041.083, 159
Trd, 000041.633, 156
Trd, 000041.933, 145.0
Trd, 000043.900, 164
Trd, 000044.250, 163
Trd, 000044.917, 159
Trd, 000045.083, 160
Trd, 000046.617, 168
Trd, 000046.933, 154
Trd, 000047.117, 176
Trd, 000048.150, 154
Trd, 000048.767, 170
Trd, 000049.267, 166
Trd, 000049.567, 166
Trd, 000050.650, 161
Trd, 000051.867, 167
Trd, 000052.817, 165.0
Trd, 000052.833, 166
Trd, 000053.100, 166
Trd, 000053.433, 164
Trd, 000053.967, 162.0
Trd, 000054.333, 163
Trd, 000054.450, 161
Trd, 000056.017, 159
Trd, 000056.283, 159
Trd, 000056.350, 162
Trd, 000056.450, 158
Trd, 000056.467, 162
Trd, 000056.767, 161
Trd, 000056.950, 162
Trd, 000057.150, 154
Trd, 000057.417, 148.0
Trd, 000058.000, 160
Trd, 000059.017, 154
Trd, 000059.567, 160
Trd, 000060.067, 166
Trd, 000061.000, 161
Trd, 000061.367, 161
Trd, 000061.483, 160
Trd, 000062.117, 160
Trd, 000062.850, 161
Trd, 000062.933, 154
Trd, 000063.133, 162
Trd, 000064.033, 155
Trd, 000064.600, 153
Trd, 000065.967, 155
Trd, 000065.983, 156
Trd, 000066.517, 155
Trd, 000066.717, 155
Trd, 000066.783, 148.0
Trd, 000067.817, 155
Trd, 000069.333, 156
Trd, 000069.917, 156
Trd, 000070.517, 155
Trd, 000071.417, 156
Trd, 000072.467, 157
Trd, 000072.483, 156
Trd, 000073.183, 158
Trd, 000073.367, 157
Trd, 000073.600, 156
Trd, 000073.900, 159
Trd, 000075.150, 157
Trd, 000075.633, 156
Trd, 000075.650, 158
Trd, 000076.533, 155
Trd, 000077.083, 154
Trd, 000077.433, 156
Trd, 000077.717, 157
Trd, 000077.917, 154
Trd, 000077.967, 158
Trd, 000078.850, 154
Trd, 000079.583, 152
Trd, 000079.800, 157
Trd, 000080.167, 157
Trd, 000081.033, 149
Trd, 000082.000, 150
Trd, 000082.750, 150
Trd, 000084.117, 151
Trd, 000084.350, 151.0
Trd, 000084.550, 149.0
Trd, 000085.317, 151
Trd, 000086.067, 148
Trd, 000086.300, 148.0
Trd, 000087.050, 147
Trd, 000087.133, 148
Trd, 000087.183, 148
Trd, 000087.783, 148
Trd, 000088.000, 172
Trd, 000088.683, 152
Trd, 000088.800, 172.0
Trd, 000089.200, 151
Trd, 000089.450, 150
Trd, 000089.867, 186
Trd, 000090.200, 167
Trd, 000090.867, 167
Trd, 000091.250, 168
Trd, 000091.650, 165.0
Trd, 000092.567, 165
Trd, 000092.867, 150.0
Trd, 000093.033, 148.0
Trd, 000093.383, 151.0
Trd, 000095.467, 154
Trd, 000095.767, 154
Trd, 000096.117, 156
Trd, 000097.233, 156
Trd, 000097.633, 156
Trd, 000097.783, 159
Trd, 000098.633, 155
Trd, 000099.617, 156
Trd, 000099.650, 155
Trd, 000099.950, 156
Trd, 000100.200, 157
Trd, 000101.067, 154
Trd, 000101.367, 157
Trd, 000101.383, 153
Trd, 000101.933, 155
Trd, 000102.583, 132.0
Trd, 000102.700, 160
Trd, 000102.833, 161
Trd, 000103.483, 158
Trd, 000103.883, 149.0
Trd, 000104.567, 150.0
Trd, 000104.600, 148.0
Trd, 000106.450, 150.0
Trd, 000106.567, 149
Trd, 000107.233, 151.0
Trd, 000107.783, 153
Trd, 000108.250, 149
Trd, 000109.100, 149.0
Trd, 000109.483, 150
Trd, 000109.817, 151
Trd, 000110.450, 148
Trd, 000110.617, 148.0
Trd, 000110.650, 148
Trd, 000110.983, 149
Trd, 000111.383, 150
Trd, 000111.400, 150
Trd, 000112.867, 151
Trd, 000112.983, 147
Trd, 000113.950, 148
Trd, 000114.550, 151
Trd, 000114.867, 150
Trd, 000115.500, 151
Trd, 000115.833, 157
Trd, 000116.567, 156
Trd, 000116.800, 151
Trd, 000117.267, 155
Trd, 000117.767, 152
Trd, 000117.883, 150
Trd, 000119.100, 153
Trd, 000119.350, 153
Trd, 000120.083, 161
Trd, 000120.817, 154
Trd, 000120.950, 161
Trd, 000121.017, 162
Trd, 000122.517, 153
Trd, 000123.133, 158
Trd, 000123.200, 159
Trd, 000123.800, 158
Trd, 000124.183, 152
Trd, 000125.300, 155
Trd, 000126.217, 154
Trd, 000126.283, 153
Trd, 000126.967, 150
Trd, 000127.033, 152
Trd, 000127.683, 150.0
Trd, 000128.317, 150.0
Trd, 000128.933, 148.0
Trd, 000129.083, 145.0
Trd, 000129.350, 149
Trd, 000130.300, 148.0
Trd, 000130.417, 147
Trd, 000130.917, 149
Trd, 000131.667, 148
Trd, 000131.783, 149
Trd, 000132.333, 162
Trd, 000133.167, 172.0
Trd, 000133.217, 162.0
Trd, 000134.533, 160
Trd, 000134.767, 158
Trd, 000135.683, 157
Trd, 000136.433, 157
Trd, 000136.450, 156
Trd, 000137.050, 156
Trd, 000137.483, 155
Trd, 000137.667, 154
Trd, 000137.983, 157
Trd, 000140.117, 160
Trd, 000140.267, 157
Trd, 000140.350, 161
Trd, 000141.983, 158
Trd, 000142.033, 160
Trd, 000142.350, 161
Trd, 000142.833, 161
Trd, 000143.150, 159
Trd, 000143.267, 158
Trd, 000144.517, 158
Trd, 000144.583, 159
Trd, 000144.867, 159
Trd, 000145.767, 159
Trd, 000146.067, 157
Trd, 000146.417, 158
Trd, 000146.500, 156
Trd, 000146.533, 158
Trd, 000146.600, 144.0
Trd, 000147.883, 151
Trd, 000148.250, 156
Trd, 000149.850, 152
Trd, 000150.267, 153
Trd, 000151.017, 153
Trd, 000151.133, 156
Trd, 000151.467, 153
Trd, 000151.550, 155
Trd, 000152.650, 155
Trd, 000153.117, 152
Trd, 000154.317, 155
Trd, 000154.383, 151
Trd, 000154.800, 148
Trd, 000155.117, 152
Trd, 000155.500, 152
Trd, 000155.600, 151
Trd, 000155.667, 150
Trd, 000156.283, 153
Trd, 000156.450, 161
Trd, 000157.417, 151.0
Trd, 000158.267, 152
Trd, 000159.067, 154
Trd, 000159.117, 152.0
Trd, 000160.267, 154
Trd, 000161.133, 155
Trd, 000161.200, 152
Trd, 000161.817, 161
Trd, 000162.300, 153
Trd, 000162.667, 153
Trd, 000162.767, 155
Trd, 000163.517, 154
Trd, 000163.633, 155
Trd, 000163.683, 155
Trd, 000163.883, 155
Trd, 000164.050, 156
Trd, 000165.117, 155
Trd, 000165.817, 152
Trd, 000165.833, 152
Trd, 000166.183, 160
Trd, 000168.417, 157
Trd, 000168.900, 159
Trd, 000169.317, 158
Trd, 000169.617, 157
Trd, 000169.883, 154
Trd, 000170.067, 157
Trd, 000170.867, 155
Trd, 000171.200, 157
Trd, 000171.217, 154
Trd, 000171.317, 144.0
Trd, 000171.683, 131.0
Trd, 000171.933, 159
Trd, 000172.950, 160
Trd, 000173.067, 161
Trd, 000173.350, 121
Trd, 000173.533, 134
Trd, 000174.700, 154
Trd, 000174.750, 154
Trd, 000176.267, 153
Trd, 000177.200, 151
Trd, 000177.500, 149
Trd, 000177.867, 151
Trd, 000177.883, 151.0
Trd, 000178.383, 148.0
Trd, 000179.183, 150
Trd, 000179.767, 151
Trd, 000180.050, 162
Trd, 000180.117, 156
Trd, 000180.467, 154
Trd, 000180.817, 154
Trd, 000181.567, 155
Trd, 000181.917, 155
Trd, 000183.567, 154
Trd, 000183.750, 155
Trd, 000184.417, 155
Trd, 000184.467, 153
Trd, 000184.983, 152
Trd, 000185.550, 153
Trd, 000185.867, 154
Trd, 000185.967, 154
Trd, 000186.500, 154
Trd, 000186.600, 153
Trd, 000186.667, 154
Trd, 000188.500, 154
Trd, 000190.117, 157
Trd, 000190.567, 154
Trd, 000190.733, 155
Trd, 000191.150, 159
Trd, 000191.283, 154
Trd, 000192.067, 159
Trd, 000192.233, 153
Trd, 000192.533, 152
Trd, 000193.033, 151
Trd, 000193.500, 155
Trd, 000194.300, 155
Trd, 000194.883, 159
Trd, 000195.350, 162
Trd, 000196.517, 173
Trd, 000196.867, 173
Trd, 000197.050, 173
Trd, 000197.617, 173
Trd, 000197.900, 162.0
Trd, 000198.250, 164
Trd, 000199.000, 156
Trd, 000200.083, 156
Trd, 000200.133, 162
Trd, 000200.633, 160
Trd, 000200.700, 161
Trd, 000201.650, 160
Trd, 000201.717, 160
Trd, 000203.517, 166
Trd, 000203.950, 165
Trd, 000204.400, 165.0
Trd, 000204.650, 164
Trd, 000205.917, 160
Trd, 000206.100, 161.0
Trd, 000206.750, 160
Trd, 000206.917, 155
Trd, 000207.483, 159
Trd, 000207.683, 156
Trd, 000208.750, 159
Trd, 000209.017, 158
Trd, 000209.067, 160
Trd, 000209.283, 162
Trd, 000210.450, 174
Trd, 000211.450, 163
Trd, 000212.550, 163.0
Trd, 000212.700, 162.0
Trd, 000212.967, 161
Trd, 000213.333, 163
Trd, 000214.517, 161
Trd, 000215.050, 159
Trd, 000215.433, 154
Trd, 000215.667, 155
Trd, 000215.883, 162
Trd, 000217.117, 158
Trd, 000217.183, 157
Trd, 000218.300, 148.0
Trd, 000218.383, 157
Trd, 000218.550, 144.0
Trd, 000218.800, 154
Trd, 000219.300, 155
Trd, 000219.850, 154
Trd, 000220.067, 155
Trd, 000220.450, 155
Trd, 000221.117, 155
Trd, 000221.250, 155
Trd, 000221.500, 152
Trd, 000223.200, 153
Trd, 000223.483, 155
Trd, 000223.600, 153
Trd, 000223.967, 159
Trd, 000224.767, 154
Trd, 000224.967, 153
Trd, 000225.467, 153
Trd, 000225.617, 154
Trd, 000226.033, 156
Trd, 000226.300, 156
Trd, 000226.450, 161
Trd, 000227.200, 153
Trd, 000227.633, 157
Trd, 000228.400, 153
Trd, 000228.817, 155
Trd, 000229.367, 155
Trd, 000229.550, 154
Trd, 000230.067, 154
Trd, 000230.183, 172.0
Trd, 000231.000, 154
Trd, 000231.133, 152
Trd, 000231.250, 151
Trd, 000231.417, 151.0
Trd, 000232.717, 156
Trd, 000234.250, 161
Trd, 000235.317, 161
Trd, 000235.483, 162.0
Trd, 000235.533, 160
Trd, 000235.833, 160
Trd, 000236.833, 158
Trd, 000237.150, 157
Trd, 000237.317, 158
Trd, 000238.100, 152
Trd, 000238.133, 151
Trd, 000239.083, 162.0
Trd, 000239.167, 151
Trd, 000239.233, 148.0
Trd, 000239.967, 159
Trd, 000240.583, 151
Trd, 000240.700, 153
Trd, 000241.250, 150
Trd, 000241.817, 148
Trd, 000242.050, 149
Trd, 000242.383, 150
Trd, 000242.667, 149
Trd, 000243.267, 148
Trd, 000243.317, 149
Trd, 000243.467, 150
Trd, 000244.083, 148
Trd, 000244.400, 155.0
Trd, 000244.617, 144.0
Trd, 000245.683, 142.0
Trd, 000246.067, 143
Trd, 000246.083, 147
Trd, 000246.767, 144.0
Trd, 000247.083, 146
Trd, 000247.267, 143
Trd, 000247.850, 148.0
Trd, 000248.633, 147.0
Trd, 000248.983, 143.0
Trd, 000249.367, 146
Trd, 000249.617, 144
Trd, 000250.483, 146
Trd, 000250.567, 147
Trd, 000251.200, 149.0
Trd, 000251.233, 151.0
Trd, 000251.783, 146
Trd, 000252.233, 148.0
Trd, 000252.367, 148
Trd, 000252.400, 150
Trd, 000253.850, 149
Trd, 000254.400, 151
Trd, 000254.417, 150
Trd, 000255.083, 148.0
Trd, 000255.450, 148
Trd, 000256.083, 147
Trd, 000256.517, 149
Trd, 000256.850, 148
Trd, 000256.983, 146
Trd, 000257.233, 149
Trd, 000257.400, 151.0
Trd, 000258.300, 152
Trd, 000258.733, 150
Trd, 000258.883, 148
Trd, 000260.083, 148
Trd, 000260.117, 149
Trd, 000260.350, 150.0
Trd, 000260.733, 149
Trd, 000261.300, 150
Trd, 000261.500, 151.0
Trd, 000261.833, 154.0
Trd, 000261.883, 151.0
Trd, 000261.900, 150.0
Trd, 000262.333, 148.0
Trd, 000262.917, 150
Trd, 000263.267, 127.0
Trd, 000263.550, 148.0
Trd, 000264.783, 147
Trd, 000265.050, 145.0
Trd, 000265.483, 146.0
Trd, 000265.950, 146.0
Trd, 000266.733, 147
Trd, 000266.850, 144.0
Trd, 000266.967, 147.0
Trd, 000267.117, 151.0
Trd, 000267.633, 149
Trd, 000267.950, 145
Trd, 000268.400, 149
Trd, 000268.717, 148
Trd, 000269.100, 149
Trd, 000269.117, 147
Trd, 000269.633, 149
Trd, 000269.967, 148.0
Trd, 000269.983, 148
Trd, 000271.100, 148
Trd, 000271.617, 149
Trd, 000272.450, 148.0
Trd, 000272.583, 149
Trd, 000272.600, 151.0
Trd, 000272.817, 151
Trd, 000273.400, 147
Trd, 000274.017, 147
Trd, 000274.467, 146
Trd, 000274.867, 149
Trd, 000276.033, 147
Trd, 000276.983, 148
Trd, 000277.083, 148
Trd, 000278.033, 149
Trd, 000278.183, 149
Trd, 000278.567, 149
Trd, 000278.667, 146
Trd, 000279.133, 145
Trd, 000279.333, 149
Trd, 000279.717, 146
Trd, 000279.867, 148
Trd, 000280.733, 149.0
Trd, 000281.467, 148.0
Trd, 000281.617, 147
Trd, 000281.850, 151.0
Trd, 000281.983, 146
Trd, 000282.033, 150
Trd, 000283.100, 150
Trd, 000283.267, 155.0
Trd, 000283.317, 159
Trd, 000285.250, 151
Trd, 000285.533, 148.0
Trd, 000285.817, 146.0
Trd, 000286.050, 150
Trd, 000286.517, 146
Trd, 000286.667, 150
Trd, 000287.083, 148.0
Trd, 000287.350, 150
Trd, 000287.833, 147
Trd, 000287.883, 151.0
Trd, 000288.483, 150
Trd, 000289.717, 157
Trd, 000289.750, 158
Trd, 000289.933, 152
Trd, 000290.217, 150
Trd, 000290.800, 155.0
Trd, 000291.167, 150
Trd, 000291.317, 151.0
Trd, 000292.100, 150
Trd, 000292.517, 155
Trd, 000292.600, 150
Trd, 000292.917, 148.0
Trd, 000293.450, 148
Trd, 000293.550, 149
Trd, 000294.133, 150
Trd, 000294.317, 151
Trd, 000295.150, 149
Trd, 000295.517, 148
Trd, 000296.267, 148
Trd, 000296.467, 149
Trd, 000296.733, 150
Trd, 000296.800, 151
Trd, 000296.883, 151.0
Trd, 000297.183, 151
Trd, 000298.500, 154.0
Trd, 000299.000, 154.0
Trd, 000299.533, 153
Trd, 000299.650, 151.0
