Trd, 000000.850, 101
Trd, 000002.217, 138
Trd, 000002.550, 140
Trd, 000004.133, 153
Trd, 000004.200, 139
Trd, 000004.667, 141.0
Trd, 000005.167, 151.0
Trd, 000005.767, 152
Trd, 000006.417, 160
Trd, 000006.550, 155
Trd, 000007.900, 156
Trd, 000008.450, 161.0
Trd, 000008.800, 162.0
Trd, 000008.850, 156
Trd, 000009.450, 162
Trd, 000011.983, 162
Trd, 000012.033, 157
Trd, 000012.317, 160
Trd, 000012.467, 162.0
Trd, 000012.650, 151.0
Trd, 000013.367, 161
Trd, 000016.017, 158
Trd, 000016.667, 159
Trd, 000016.967, 158
Trd, 000017.917, 159
Trd, 000019.017, 159
Trd, 000019.567, 160
Trd, 000020.417, 152.0
Trd, 000020.783, 151.0
Trd, 000021.167, 148.0
Trd, 000021.217, 144
Trd, 000022.283, 157
Trd, 000022.567, 154.0
Trd, 000023.067, 157
Trd, 000023.367, 154
Trd, 000023.383, 156
Trd, 000023.550, 151.0
Trd, 000023.917, 156
Trd, 000024.633, 155
Trd, 000025.050, 154
Trd, 000025.650, 153
Trd, 000026.033, 153
Trd, 000026.300, 148.0
Trd, 000026.500, 147
Trd, 000027.067, 157
Trd, 000028.567, 156
Trd, 000028.950, 146
Trd, 000029.133, 158
Trd, 000031.350, 157.0
Trd, 000031.500, 158
Trd, 000031.517, 155.0
Trd, 000031.600, 159
Trd, 000032.733, 158
Trd, 000032.933, 158
Trd, 000034.217, 157
Trd, 000035.067, 158
Trd, 000035.533, 158
Trd, 000035.600, 158.0
Trd, 000037.017, 159
Trd, 000037.900, 164
Trd, 000038.467, 161
Trd, 000039.867, 159
Trd, 000040.217, 161
Trd, 000040.767, 160
Trd, 000040.817, 161
Trd, 000040.850, 160
Trd, 000041.100, 159
Trd, 000041.483, 154
Trd, 000042.900, 157
Trd, 000043.550, 155
Trd, 000043.600, 153
Trd, 000044.733, 156
Trd, 000045.983, 154
Trd, 000047.250, 154
Trd, 000047.967, 155
Trd, 000048.333, 151.0
Trd, 000048.550, 148.0
Trd, 000049.367, 154
Trd, 000050.383, 146
Trd, 000050.450, 153
Trd, 000052.067, 151
Trd, 000052.433, 148
Trd, 000052.917, 150
Trd, 000053.783, 152
Trd, 000053.917, 150
Trd, 000054.167, 157
Trd, 000055.000, 153
Trd, 000055.933, 153
Trd, 000056.217, 154
Trd, 000056.983, 154
Trd, 000057.117, 151
Trd, 000057.917, 154
Trd, 000058.100, 156
Trd, 000059.000, 154.0
Trd, 000060.000, 155.0
Trd, 000061.467, 156
Trd, 000061.517, 156
Trd, 000061.733, 156
Trd, 000062.333, 157
Trd, 000062.617, 154
Trd, 000063.000, 157
Trd, 000063.517, 156
Trd, 000065.650, 159
Trd, 000065.767, 155
Trd, 000066.117, 153
Trd, 000066.667, 160
Trd, 000067.350, 151.0
Trd, 000067.700, 156
Trd, 000068.367, 152
Trd, 000069.017, 153
Trd, 000069.117, 152
Trd, 000069.417, 155
Trd, 000069.733, 149.0
Trd, 000070.583, 151.0
Trd, 000072.417, 153
Trd, 000073.000, 153
Trd, 000073.367, 154
Trd, 000073.700, 153
Trd, 000073.833, 155
Trd, 000074.517, 151
Trd, 000075.700, 151.0
Trd, 000076.067, 150
Trd, 000076.233, 153
Trd, 000076.250, 154
Trd, 000077.333, 151
Trd, 000077.800, 151
Trd, 000077.950, 155
Trd, 000077.983, 158
Trd, 000078.850, 153
Trd, 000078.983, 154
Trd, 000079.500, 153
Trd, 000079.883, 155
Trd, 000081.783, 155
Trd, 000082.633, 159
Trd, 000083.050, 157
Trd, 000083.117, 156
Trd, 000083.633, 168
Trd, 000084.283, 163
Trd, 000084.500, 161
Trd, 000085.300, 168
Trd, 000085.733, 166
Trd, 000086.467, 165
Trd, 000086.517, 167
Trd, 000087.517, 160
Trd, 000087.767, 159
Trd, 000088.467, 161
Trd, 000090.067, 161
Trd, 000090.633, 162
Trd, 000091.667, 162.0
Trd, 000091.967, 160
Trd, 000093.000, 160
Trd, 000093.883, 159
Trd, 000094.467, 157
Trd, 000095.500, 157
Trd, 000095.867, 160
Trd, 000097.017, 158
Trd, 000097.083, 158
Trd, 000098.050, 158
Trd, 000098.500, 159
Trd, 000099.433, 157
Trd, 000099.617, 156
Trd, 000099.717, 158
Trd, 000099.917, 151.0
Trd, 000101.283, 158
Trd, 000102.067, 153
Trd, 000102.250, 157
Trd, 000102.567, 157
Trd, 000104.633, 154
Trd, 000104.717, 153
Trd, 000105.667, 152
Trd, 000106.150, 153
Trd, 000107.350, 155
Trd, 000108.300, 154
Trd, 000108.567, 153.0
Trd, 000109.100, 158
Trd, 000109.200, 152
Trd, 000109.967, 159
Trd, 000110.417, 159
Trd, 000111.817, 150.0
Trd, 000112.400, 153
Trd, 000112.650, 157
Trd, 000112.767, 151.0
Trd, 000113.650, 154
Trd, 000113.850, 155
Trd, 000114.650, 152
Trd, 000114.967, 150
Trd, 000115.917, 155
Trd, 000116.700, 148.0
Trd, 000117.233, 141.0
Trd, 000117.283, 135
Trd, 000118.200, 140
Trd, 000118.350, 157
Trd, 000118.500, 162.0
Trd, 000118.633, 172.0
Trd, 000118.983, 152
Trd, 000119.967, 160
Trd, 000121.667, 159
Trd, 000121.683, 157.0
Trd, 000121.900, 159
Trd, 000122.450, 161.0
Trd, 000123.683, 162.0
Trd, 000124.017, 163
Trd, 000125.033, 162
Trd, 000126.100, 161
Trd, 000126.217, 151.0
Trd, 000126.283, 148.0
Trd, 000126.900, 150
Trd, 000128.517, 150
Trd, 000128.933, 149
Trd, 000128.983, 152
Trd, 000130.333, 151.0
Trd, 000130.583, 142.0
Trd, 000130.983, 142.0
Trd, 000132.050, 151
Trd, 000132.200, 151
Trd, 000132.817, 148.0
Trd, 000132.867, 159
Trd, 000133.867, 156
Trd, 000134.233, 156
Trd, 000135.467, 157
Trd, 000135.783, 158
Trd, 000135.850, 155
Trd, 000137.533, 158
Trd, 000137.950, 154
Trd, 000139.083, 153
Trd, 000139.217, 152
Trd, 000139.917, 157
Trd, 000141.233, 154
Trd, 000141.833, 148.0
Trd, 000141.883, 153
Trd, 000141.950, 143.0
Trd, 000143.133, 152.0
Trd, 000143.450, 155
Trd, 000144.033, 157
Trd, 000144.950, 153.0
Trd, 000145.267, 154
Trd, 000145.883, 152.0
Trd, 000146.000, 158
Trd, 000147.383, 158
Trd, 000148.833, 158
Trd, 000149.067, 158
Trd, 000149.250, 160
Trd, 000149.633, 162.0
Trd, 000150.167, 153
Trd, 000150.983, 156
Trd, 000151.633, 153
Trd, 000154.817, 159
Trd, 000154.867, 158
Trd, 000155.517, 157
Trd, 000156.350, 159
Trd, 000156.517, 158
Trd, 000156.683, 157
Trd, 000157.617, 156
Trd, 000158.433, 151.0
Trd, 000158.600, 150
Trd, 000160.133, 151
Trd, 000161.617, 157
Trd, 000162.650, 156.0
Trd, 000162.950, 156.0
Trd, 000163.383, 158
Trd, 000164.633, 159
Trd, 000164.667, 156
Trd, 000165.317, 158
Trd, 000165.683, 156
Trd, 000165.817, 155
Trd, 000166.433, 158
Trd, 000166.767, 158
Trd, 000169.217, 158
Trd, 000169.317, 156
Trd, 000169.867, 156
Trd, 000169.983, 154
Trd, 000170.750, 153.0
Trd, 000171.233, 151.0
Trd, 000172.050, 157
Trd, 000172.433, 151
Trd, 000173.067, 149
Trd, 000174.133, 155
Trd, 000174.883, 151.0
Trd, 000175.967, 152
Trd, 000176.550, 152
Trd, 000176.667, 148.0
Trd, 000176.833, 142.0
Trd, 000176.883, 152
Trd, 000177.800, 153
Trd, 000178.967, 148
Trd, 000178.983, 158
Trd, 000179.433, 149
Trd, 000179.833, 148.0
Trd, 000180.850, 154
Trd, 000182.033, 159
Trd, 000183.217, 158
Trd, 000183.267, 157
Trd, 000183.383, 157
Trd, 000183.800, 158
Trd, 000184.117, 159
Trd, 000184.767, 160
Trd, 000185.283, 157
Trd, 000187.517, 153
Trd, 000188.683, 151.0
Trd, 000189.033, 155
Trd, 000189.267, 151
Trd, 000189.900, 156
Trd, 000189.917, 151
Trd, 000191.200, 155
Trd, 000191.317, 156
Trd, 000192.083, 156
Trd, 000192.533, 156
Trd, 000192.767, 157
Trd, 000193.350, 155
Trd, 000193.867, 162.0
Trd, 000194.617, 161
Trd, 000195.300, 161
Trd, 000195.350, 157
Trd, 000196.917, 160
Trd, 000198.383, 160
Trd, 000199.200, 159
Trd, 000199.717, 151.0
Trd, 000200.767, 154
Trd, 000200.850, 152
Trd, 000201.400, 148.0
Trd, 000201.667, 142.0
Trd, 000203.333, 152.0
Trd, 000203.700, 153
Trd, 000203.733, 155
Trd, 000203.867, 155
Trd, 000205.883, 157
Trd, 000206.100, 155.0
Trd, 000208.733, 153
Trd, 000208.917, 151
Trd, 000209.150, 157
Trd, 000209.417, 156
Trd, 000210.050, 158
Trd, 000211.083, 155
Trd, 000211.367, 155
Trd, 000211.550, 156
Trd, 000212.133, 154
Trd, 000212.783, 154
Trd, 000213.483, 155
Trd, 000213.650, 152.0
Trd, 000215.917, 156
Trd, 000215.950, 155.0
Trd, 000216.233, 157
Trd, 000216.417, 153.0
Trd, 000216.800, 158
Trd, 000218.917, 152.0
Trd, 000219.783, 153
Trd, 000220.717, 157
Trd, 000221.367, 156
Trd, 000221.383, 155
Trd, 000222.033, 157
Trd, 000222.383, 153
Trd, 000222.783, 155
Trd, 000223.750, 155
Trd, 000224.233, 154.0
Trd, 000224.667, 153.0
Trd, 000226.950, 155
Trd, 000227.217, 154
Trd, 000227.383, 151.0
Trd, 000228.567, 155
Trd, 000228.800, 148.0
Trd, 000230.000, 152
Trd, 000230.117, 153
Trd, 000230.333, 151.0
Trd, 000232.033, 155
Trd, 000232.250, 158
Trd, 000233.017, 155
Trd, 000233.200, 155
Trd, 000233.283, 155
Trd, 000233.317, 154
Trd, 000233.983, 156
Trd, 000234.300, 153.0
Trd, 000235.150, 152
Trd, 000235.633, 153
Trd, 000236.217, 153
Trd, 000238.233, 155
Trd, 000238.600, 158
Trd, 000239.183, 153.0
Trd, 000239.517, 153
Trd, 000239.817, 153.0
Trd, 000240.267, 151.0
Trd, 000240.883, 153
Trd, 000241.400, 152
Trd, 000241.717, 152
Trd, 000241.800, 152
Trd, 000241.900, 149.0
Trd, 000242.067, 150
Trd, 000242.250, 151.0
Trd, 000242.450, 151.0
Trd, 000243.783, 153
Trd, 000244.283, 156
Trd, 000244.317, 160
Trd, 000244.583, 156.0
Trd, 000244.783, 156
Trd, 000245.667, 162.0
Trd, 000245.700, 160
Trd, 000245.883, 154
Trd, 000246.233, 152.0
Trd, 000247.133, 156
Trd, 000247.933, 151.0
Trd, 000248.017, 152
Trd, 000248.317, 150
Trd, 000248.367, 153
Trd, 000249.650, 149.0
Trd, 000249.867, 148.0
Trd, 000250.033, 141.0
Trd, 000250.517, 144
Trd, 000250.683, 145
Trd, 000250.733, 150
Trd, 000251.283, 152
Trd, 000251.367, 141
Trd, 000252.233, 155.0
Trd, 000252.350, 156
Trd, 000252.583, 154.0
Trd, 000253.333, 155
Trd, 000253.517, 151.0
Trd, 000254.450, 148.0
Trd, 000255.333, 150.0
Trd, 000255.617, 149.0
Trd, 000256.133, 155
Trd, 000256.317, 150
Trd, 000256.683, 152
Trd, 000257.100, 149
Trd, 000258.167, 155
Trd, 000258.900, 155
Trd, 000259.317, 151.0
Trd, 000259.567, 141.0
Trd, 000260.650, 152.0
Trd, 000261.183, 149.0
Trd, 000261.467, 151
Trd, 000262.217, 148
Trd, 000262.383, 158
Trd, 000262.783, 153
Trd, 000263.667, 162.0
Trd, 000263.783, 153
Trd, 000264.933, 154.0
Trd, 000265.000, 156
Trd, 000265.283, 154.0
Trd, 000265.833, 155.0
Trd, 000266.233, 153
Trd, 000266.350, 153
Trd, 000266.450, 156
Trd, 000266.900, 156
Trd, 000267.833, 153.0
Trd, 000267.867, 151.0
Trd, 000268.083, 148.0
Trd, 000268.600, 137.0
Trd, 000268.667, 127.0
Trd, 000269.517, 151
Trd, 000269.917, 153
Trd, 000270.450, 149
Trd, 000270.883, 148.0
Trd, 000271.267, 150
Trd, 000271.417, 150
Trd, 000271.717, 152
Trd, 000272.117, 158
Trd, 000272.967, 159
Trd, 000273.650, 159
Trd, 000273.850, 157
Trd, 000274.200, 156
Trd, 000274.217, 156
Trd, 000275.217, 159
Trd, 000275.300, 156
Trd, 000275.333, 161
Trd, 000276.183, 153.0
Trd, 000276.317, 152.0
Trd, 000276.383, 151.0
Trd, 000276.683, 151
Trd, 000276.933, 153
Trd, 000277.600, 155.0
Trd, 000278.683, 154
Trd, 000279.283, 148.0
Trd, 000279.333, 141.0
Trd, 000280.200, 140.0
Trd, 000280.450, 138
Trd, 000281.000, 144
Trd, 000281.333, 141
Trd, 000281.533, 145
Trd, 000281.667, 139
Trd, 000281.683, 137.0
Trd, 000281.733, 145
Trd, 000282.117, 155
Trd, 000282.150, 157
Trd, 000283.733, 156
Trd, 000284.333, 155
Trd, 000284.550, 158
Trd, 000284.633, 152
Trd, 000284.667, 162.0
Trd, 000285.250, 151
Trd, 000285.917, 152
Trd, 000286.833, 157.0
Trd, 000287.067, 156.0
Trd, 000287.217, 158
Trd, 000287.550, 151
Trd, 000287.633, 151.0
Trd, 000288.467, 148.0
Trd, 000288.550, 153
Trd, 000288.717, 153
Trd, 000289.000, 148
Trd, 000289.133, 149.0
Trd, 000289.317, 159
Trd, 000290.217, 149
Trd, 000290.450, 147
Trd, 000290.867, 162.0
Trd, 000291.250, 152
Trd, 000293.450, 154
Trd, 000293.733, 152
Trd, 000293.767, 156
Trd, 000294.350, 151.0
Trd, 000295.083, 157
Trd, 000295.667, 158
Trd, 000295.700, 157
Trd, 000295.883, 154
Trd, 000296.033, 162.0
Trd, 000296.283, 153
Trd, 000297.017, 152
Trd, 000297.083, 159
Trd, 000297.850, 152
Trd, 000297.900, 149.0
Trd, 000298.100, 158
Trd, 000298.133, 158
Trd, 000299.100, 151.0
Trd, 000299.433, 157
