Trd, 000001.533, 117.0
Trd, 000002.267, 100.0
Trd, 000002.900, 132
Trd, 000003.183, 158.0
Trd, 000004.267, 160
Trd, 000005.050, 138.0
Trd, 000005.367, 139
Trd, 000005.583, 138.0
Trd, 000007.083, 140
Trd, 000007.767, 156
Trd, 000008.433, 156
Trd, 000008.717, 151
Trd, 000009.183, 152
Trd, 000009.517, 157.0
Trd, 000010.100, 151
Trd, 000010.233, 155.0
Trd, 000010.783, 150
Trd, 000010.833, 154
Trd, 000011.183, 154
Trd, 000012.117, 154
Trd, 000012.283, 149
Trd, 000012.800, 158.0
Trd, 000013.017, 148.0
Trd, 000013.633, 135.0
Trd, 000014.683, 146
Trd, 000014.817, 151
Trd, 000015.033, 145
Trd, 000015.417, 148.0
Trd, 000016.367, 139
Trd, 000016.383, 137.0
Trd, 000017.967, 166
Trd, 000018.550, 163
Trd, 000018.767, 163
Trd, 000018.817, 159
Trd, 000019.550, 158.0
Trd, 000021.167, 167
Trd, 000021.367, 160
Trd, 000021.467, 155.0
Trd, 000021.717, 165.0
Trd, 000023.833, 159
Trd, 000024.100, 158.0
Trd, 000024.533, 161
Trd, 000024.833, 159
Trd, 000025.150, 161
Trd, 000025.783, 161
Trd, 000026.017, 162
Trd, 000026.533, 159
Trd, 000027.067, 168.0
Trd, 000027.533, 158
Trd, 000028.383, 160
Trd, 000028.833, 160
Trd, 000029.167, 157
Trd, 000029.717, 159
Trd, 000030.533, 156
Trd, 000030.600, 155.0
Trd, 000030.683, 159
Trd, 000030.783, 159
Trd, 000031.400, 159
Trd, 000031.683, 150.0
Trd, 000032.050, 148.0
Trd, 000032.250, 134.0
Trd, 000032.583, 155
Trd, 000034.417, 154
Trd, 000034.917, 157.0
Trd, 000035.767, 155
Trd, 000036.183, 155
Trd, 000036.200, 157.0
Trd, 000036.483, 158.0
Trd, 000036.583, 157
Trd, 000037.450, 155
Trd, 000037.800, 172.0
Trd, 000037.833, 155.0
Trd, 000038.283, 176
Trd, 000039.300, 168.0
Trd, 000039.483, 165.0
Trd, 000040.850, 166
Trd, 000042.183, 165.0
Trd, 000042.433, 164
Trd, 000042.633, 165
Trd, 000042.900, 161
Trd, 000043.483, 158.0
Trd, 000044.033, 149.0
Trd, 000044.083, 148.0
Trd, 000045.100, 161
Trd, 000045.617, 143
Trd, 000046.233, 154
Trd, 000046.267, 159
Trd, 000047.683, 159
Trd, 000047.883, 153
Trd, 000048.617, 154
Trd, 000049.050, 157
Trd, 000049.167, 157
Trd, 000049.750, 158
Trd, 000051.167, 158
Trd, 000051.483, 166
Trd, 000051.650, 165
Trd, 000052.017, 156
Trd, 000053.033, 158
Trd, 000054.867, 165.0
Trd, 000055.000, 158
Trd, 000055.817, 158
Trd, 000056.200, 162.0
Trd, 000056.750, 160
Trd, 000056.817, 162
Trd, 000057.067, 158
Trd, 000057.833, 161
Trd, 000058.267, 160
Trd, 000059.367, 168.0
Trd, 000059.717, 176
Trd, 000060.267, 165
Trd, 000060.367, 159
Trd, 000060.783, 155.0
Trd, 000061.100, 168
Trd, 000061.200, 148.0
Trd, 000061.333, 148
Trd, 000062.133, 143
Trd, 000062.417, 140
Trd, 000065.250, 155
Trd, 000065.483, 154.0
Trd, 000065.667, 155.0
Trd, 000066.650, 156
Trd, 000066.667, 158.0
Trd, 000066.917, 155
Trd, 000068.133, 155
Trd, 000069.250, 157
Trd, 000069.400, 158
Trd, 000069.683, 157
Trd, 000069.767, 162
Trd, 000069.883, 168
Trd, 000070.317, 165.0
Trd, 000070.467, 160
Trd, 000071.300, 162
Trd, 000071.817, 161
Trd, 000073.867, 168.0
Trd, 000074.150, 165.0
Trd, 000074.567, 165
Trd, 000075.000, 158.0
Trd, 000075.733, 156.0
Trd, 000076.750, 158
Trd, 000077.133, 161
Trd, 000077.400, 159
Trd, 000077.600, 159
Trd, 000078.383, 158.0
Trd, 000078.550, 158
Trd, 000079.033, 150
Trd, 000080.533, 154
Trd, 000080.783, 158
Trd, 000081.033, 155
Trd, 000081.217, 152
Trd, 000081.850, 168
Trd, 000082.433, 165.0
Trd, 000083.767, 168.0
Trd, 000084.183, 165
Trd, 000084.217, 162
Trd, 000084.317, 161
Trd, 000084.617, 158.0
Trd, 000086.750, 151
Trd, 000086.867, 149
Trd, 000087.200, 156
Trd, 000087.917, 153
Trd, 000088.167, 154
Trd, 000088.683, 155
Trd, 000089.467, 165.0
Trd, 000090.817, 173
Trd, 000091.417, 176
Trd, 000091.483, 156
Trd, 000091.867, 159
Trd, 000092.367, 158
Trd, 000092.633, 161
Trd, 000094.417, 162
Trd, 000095.000, 162
Trd, 000095.850, 159.0
Trd, 000096.000, 158.0
Trd, 000096.150, 156
Trd, 000096.167, 162
Trd, 000096.200, 162
Trd, 000097.233, 156
Trd, 000099.117, 158
Trd, 000100.083, 168.0
Trd, 000100.350, 161
Trd, 000100.517, 163
Trd, 000100.683, 160.0
Trd, 000101.283, 165.0
Trd, 000102.517, 160
Trd, 000103.217, 158.0
Trd, 000103.467, 171.0
Trd, 000104.050, 158
Trd, 000104.083, 169
Trd, 000104.717, 165.0
Trd, 000104.850, 160
Trd, 000104.950, 155.0
Trd, 000105.233, 150
Trd, 000105.883, 159
Trd, 000106.117, 164
Trd, 000106.450, 151.0
Trd, 000106.583, 161
Trd, 000107.267, 148.0
Trd, 000109.267, 168.0
Trd, 000109.900, 165.0
Trd, 000109.983, 165
Trd, 000110.600, 165
Trd, 000111.050, 166
Trd, 000111.533, 163
Trd, 000112.233, 165
Trd, 000112.667, 166
Trd, 000113.417, 164
Trd, 000114.050, 164
Trd, 000114.133, 163
Trd, 000114.250, 158.0
Trd, 000114.433, 163
Trd, 000115.283, 161
Trd, 000116.517, 161
Trd, 000116.583, 162
Trd, 000116.817, 157
Trd, 000117.017, 178
Trd, 000117.933, 168
Trd, 000118.517, 165.0
Trd, 000118.850, 163
Trd, 000119.550, 166
Trd, 000119.683, 158.0
Trd, 000119.783, 155.0
Trd, 000120.333, 156
Trd, 000122.317, 157
Trd, 000122.700, 168
Trd, 000122.800, 151.0
Trd, 000122.917, 148.0
Trd, 000123.583, 154
Trd, 000125.050, 153
Trd, 000125.150, 152
Trd, 000125.800, 151
Trd, 000126.033, 155.0
Trd, 000126.133, 150
Trd, 000126.267, 148.0
Trd, 000126.583, 157.0
Trd, 000126.717, 157
Trd, 000127.067, 158.0
Trd, 000127.283, 157
Trd, 000129.433, 155
Trd, 000129.867, 152
Trd, 000130.150, 155
Trd, 000130.600, 154
Trd, 000130.883, 155
Trd, 000131.583, 154
Trd, 000132.083, 158.0
Trd, 000132.350, 156
Trd, 000132.850, 168.0
Trd, 000133.100, 155
Trd, 000133.783, 161
Trd, 000134.700, 159
Trd, 000135.200, 155
Trd, 000136.067, 156
Trd, 000136.767, 156
Trd, 000137.083, 156
Trd, 000137.850, 156
Trd, 000138.083, 155
Trd, 000138.733, 155
Trd, 000139.200, 165.0
Trd, 000139.733, 168.0
Trd, 000139.783, 157
Trd, 000140.183, 155
Trd, 000140.567, 159
Trd, 000142.783, 161
Trd, 000143.450, 159
Trd, 000144.000, 158
Trd, 000144.267, 158
Trd, 000144.350, 159
Trd, 000145.250, 158.0
Trd, 000145.367, 155.0
Trd, 000145.500, 148.0
Trd, 000145.533, 137.0
Trd, 000148.183, 152
Trd, 000148.250, 151
Trd, 000149.267, 154
Trd, 000149.350, 148
Trd, 000149.367, 140
Trd, 000150.167, 154
Trd, 000151.617, 151
Trd, 000151.783, 155.0
Trd, 000151.833, 149
Trd, 000151.900, 158.0
Trd, 000152.167, 172.0
Trd, 000152.617, 153
Trd, 000152.900, 148
Trd, 000153.450, 148.0
Trd, 000153.933, 159
Trd, 000154.817, 148
Trd, 000155.117, 148.0
Trd, 000156.217, 152
Trd, 000156.483, 149
Trd, 000156.617, 165
Trd, 000157.367, 155
Trd, 000157.550, 161
Trd, 000158.617, 166
Trd, 000159.117, 158.0
Trd, 000159.883, 160
Trd, 000159.900, 159
Trd, 000160.067, 161
Trd, 000160.200, 155.0
Trd, 000161.400, 148.0
Trd, 000161.983, 168.0
Trd, 000162.167, 176
Trd, 000162.483, 161
Trd, 000162.667, 161
Trd, 000162.917, 161
Trd, 000163.933, 173
Trd, 000164.217, 170
Trd, 000164.833, 169
Trd, 000164.917, 171
Trd, 000166.883, 169
Trd, 000167.417, 168.0
Trd, 000167.583, 160
Trd, 000168.033, 161
Trd, 000168.717, 168.0
Trd, 000168.783, 169
Trd, 000169.633, 165.0
Trd, 000169.700, 158.0
Trd, 000170.083, 164
Trd, 000171.733, 161
Trd, 000171.967, 158.0
Trd, 000172.083, 163
Trd, 000172.250, 163
Trd, 000172.550, 168
Trd, 000173.383, 159
Trd, 000173.817, 158
Trd, 000173.967, 161
Trd, 000174.233, 160
Trd, 000175.767, 159
Trd, 000176.150, 157.0
Trd, 000176.200, 157
Trd, 000176.433, 155.0
Trd, 000178.800, 158
Trd, 000179.917, 169.0
Trd, 000179.983, 168.0
Trd, 000180.400, 169
Trd, 000180.450, 162
Trd, 000180.733, 165.0
Trd, 000180.833, 161
Trd, 000182.083, 150.0
Trd, 000182.717, 156
Trd, 000183.050, 149.0
Trd, 000184.683, 157
Trd, 000184.733, 158
Trd, 000185.317, 161
Trd, 000186.017, 168.0
Trd, 000186.933, 162
Trd, 000187.017, 159
Trd, 000187.433, 164
Trd, 000187.450, 165
Trd, 000187.800, 148.0
Trd, 000188.650, 157
Trd, 000188.883, 163
Trd, 000189.000, 156
Trd, 000189.050, 164
Trd, 000191.200, 155.0
Trd, 000191.433, 156
Trd, 000191.883, 164
Trd, 000193.667, 160
Trd, 000193.833, 160
Trd, 000194.717, 159
Trd, 000195.267, 158.0
Trd, 000195.633, 159
Trd, 000195.717, 157
Trd, 000195.783, 160
Trd, 000196.200, 160
Trd, 000197.333, 159
Trd, 000197.383, 158.0
Trd, 000197.500, 160
Trd, 000197.550, 156
Trd, 000200.167, 161
Trd, 000200.383, 158.0
Trd, 000200.617, 157
Trd, 000201.283, 158
Trd, 000202.400, 157
Trd, 000202.467, 156
Trd, 000202.533, 155
Trd, 000202.700, 158
Trd, 000202.933, 155
Trd, 000203.450, 157
Trd, 000203.483, 155.0
Trd, 000203.550, 158
Trd, 000205.350, 157
Trd, 000205.917, 159
Trd, 000206.567, 158
Trd, 000206.833, 157
Trd, 000207.350, 156
Trd, 000209.300, 157
Trd, 000209.550, 158
Trd, 000209.583, 156
Trd, 000209.667, 155
Trd, 000209.983, 155.0
Trd, 000210.100, 157
Trd, 000210.167, 159
Trd, 000210.917, 170
Trd, 000212.300, 172
Trd, 000212.400, 160
Trd, 000212.767, 168.0
Trd, 000212.850, 158.0
Trd, 000214.617, 159
Trd, 000215.117, 158
Trd, 000215.267, 156.0
Trd, 000215.350, 155.0
Trd, 000215.783, 157
Trd, 000216.067, 158
Trd, 000216.783, 157
Trd, 000216.950, 156
Trd, 000217.183, 155.0
Trd, 000218.800, 156
Trd, 000219.033, 149.0
Trd, 000220.333, 157
Trd, 000220.567, 158.0
Trd, 000220.717, 157
Trd, 000221.667, 168.0
Trd, 000223.067, 168
Trd, 000223.383, 170
Trd, 000224.133, 169
Trd, 000224.800, 166.0
Trd, 000225.283, 165.0
Trd, 000225.967, 162
Trd, 000225.983, 166
Trd, 000227.100, 162
Trd, 000227.250, 161
Trd, 000227.567, 167
Trd, 000227.700, 165
Trd, 000227.750, 171
Trd, 000228.417, 158.0
Trd, 000229.583, 161
Trd, 000229.650, 158
Trd, 000230.167, 162
Trd, 000230.717, 155.0
Trd, 000230.883, 154
Trd, 000231.317, 159
Trd, 000232.517, 154
Trd, 000233.017, 148.0
Trd, 000233.750, 157
Trd, 000233.867, 151
Trd, 000234.733, 149
Trd, 000235.000, 155.0
Trd, 000235.383, 153
Trd, 000235.433, 149
Trd, 000236.067, 155
Trd, 000236.733, 150
Trd, 000237.867, 148.0
Trd, 000238.050, 155
Trd, 000238.250, 138.0
Trd, 000238.300, 137.0
Trd, 000238.967, 157.0
Trd, 000239.233, 158.0
Trd, 000239.717, 151
Trd, 000240.333, 154
Trd, 000241.183, 154
Trd, 000241.700, 152
Trd, 000242.233, 153
Trd, 000242.417, 152
Trd, 000243.017, 154
Trd, 000243.300, 153
Trd, 000243.467, 151.0
Trd, 000244.050, 165.0
Trd, 000245.167, 158
Trd, 000245.633, 157
Trd, 000245.883, 158.0
Trd, 000246.067, 157
Trd, 000246.217, 156
Trd, 000246.333, 158.0
Trd, 000246.933, 162.0
Trd, 000247.033, 158
Trd, 000247.800, 160.0
Trd, 000247.967, 155.0
Trd, 000248.133, 158.0
Trd, 000248.617, 157
Trd, 000248.783, 156
Trd, 000249.083, 151.0
Trd, 000249.250, 148.0
Trd, 000249.317, 141.0
Trd, 000249.600, 158.0
Trd, 000250.317, 156
Trd, 000250.400, 149
Trd, 000253.217, 155
Trd, 000253.383, 155
Trd, 000253.517, 155
Trd, 000253.767, 154
Trd, 000254.417, 149
Trd, 000255.183, 152.0
Trd, 000255.567, 155.0
Trd, 000256.333, 150
Trd, 000256.567, 151.0
Trd, 000256.750, 149.0
Trd, 000256.767, 148.0
Trd, 000256.867, 158.0
Trd, 000256.967, 144.0
Trd, 000258.250, 161.0
Trd, 000258.350, 154
Trd, 000258.733, 151
Trd, 000259.133, 153
Trd, 000259.417, 151
Trd, 000259.483, 156
Trd, 000259.567, 158.0
Trd, 000259.833, 152
Trd, 000260.050, 167
Trd, 000260.783, 163
Trd, 000261.017, 163
Trd, 000261.317, 161
Trd, 000261.783, 164
Trd, 000262.500, 163
Trd, 000262.883, 151.0
Trd, 000263.683, 171.0
Trd, 000263.900, 157
Trd, 000266.100, 165
Trd, 000266.133, 164
Trd, 000266.567, 162
Trd, 000266.850, 167
Trd, 000266.883, 165.0
Trd, 000267.300, 172.0
Trd, 000268.417, 172
Trd, 000269.367, 169.0
Trd, 000269.683, 168.0
Trd, 000269.733, 165.0
Trd, 000269.917, 161
Trd, 000271.100, 162
Trd, 000271.317, 162
Trd, 000271.883, 164
Trd, 000271.967, 161
Trd, 000272.683, 160
Trd, 000272.833, 158.0
Trd, 000273.083, 155.0
Trd, 000273.850, 159.0
Trd, 000274.067, 154.0
Trd, 000274.533, 155
Trd, 000274.850, 154.0
Trd, 000274.917, 154
Trd, 000275.617, 160
Trd, 000275.900, 160
Trd, 000276.333, 154.0
Trd, 000276.550, 153
Trd, 000276.833, 170.0
Trd, 000277.150, 148.0
Trd, 000277.267, 144
Trd, 000278.483, 151.0
Trd, 000279.517, 148
Trd, 000279.850, 154
Trd, 000280.083, 168.0
Trd, 000280.400, 159
Trd, 000280.600, 154
Trd, 000280.700, 152.0
Trd, 000281.033, 158
Trd, 000281.483, 152.0
Trd, 000281.533, 160.0
Trd, 000281.700, 162.0
Trd, 000282.050, 151.0
Trd, 000283.250, 161
Trd, 000283.283, 148.0
Trd, 000283.717, 145
Trd, 000283.750, 147
Trd, 000283.900, 142
Trd, 000283.983, 141.0
Trd, 000284.017, 137.0
Trd, 000284.050, 151.0
Trd, 000284.833, 150
Trd, 000284.967, 142.0
Trd, 000284.983, 155.0
Trd, 000286.133, 165.0
Trd, 000286.317, 158.0
Trd, 000286.417, 172.0
Trd, 000286.767, 157
Trd, 000286.967, 158
Trd, 000288.000, 159
Trd, 000288.300, 171.0
Trd, 000288.383, 176
Trd, 000288.683, 158.0
Trd, 000289.767, 168.0
Trd, 000290.533, 163
Trd, 000290.783, 160
Trd, 000290.883, 168.0
Trd, 000291.033, 171.0
Trd, 000291.800, 159
Trd, 000293.100, 165.0
Trd, 000293.517, 165.0
Trd, 000293.767, 160
Trd, 000293.850, 166
Trd, 000294.050, 155.0
Trd, 000294.383, 156
Trd, 000295.350, 161
Trd, 000295.417, 158.0
Trd, 000295.483, 157
Trd, 000295.983, 157
Trd, 000296.617, 151.0
Trd, 000296.683, 148.0
Trd, 000296.900, 160
Trd, 000297.483, 155.0
Trd, 000298.150, 152
Trd, 000298.183, 149
Trd, 000298.267, 141.0
Trd, 000299.100, 151.0
Trd, 000299.133, 150
Trd, 000299.200, 137.0
Trd, 000299.233, 134.0
