Trd, 000001.850, 168.0
Trd, 000001.967, 133
Trd, 000003.167, 123
Trd, 000003.517, 144
Trd, 000004.083, 155.0
Trd, 000004.633, 139
Trd, 000005.250, 156
Trd, 000005.383, 144.0
Trd, 000007.100, 141
Trd, 000007.200, 151.0
Trd, 000007.250, 158
Trd, 000007.750, 141
Trd, 000008.250, 139
Trd, 000009.283, 144.0
Trd, 000009.533, 140
Trd, 000009.667, 153
Trd, 000009.817, 153
Trd, 000011.167, 148.0
Trd, 000011.300, 144
Trd, 000012.267, 148
Trd, 000012.650, 147
Trd, 000012.750, 150
Trd, 000012.800, 151
Trd, 000014.383, 157.0
Trd, 000014.883, 148.0
Trd, 000015.633, 148
Trd, 000015.733, 151.0
Trd, 000016.700, 147
Trd, 000016.917, 146
Trd, 000017.367, 146
Trd, 000018.100, 152
Trd, 000018.500, 152
Trd, 000019.650, 148.0
Trd, 000019.733, 151.0
Trd, 000019.800, 153
Trd, 000020.867, 153
Trd, 000021.483, 151
Trd, 000022.733, 150
Trd, 000022.917, 152
Trd, 000023.167, 149
Trd, 000023.383, 153
Trd, 000023.767, 152
Trd, 000024.117, 148
Trd, 000025.017, 148.0
Trd, 000025.550, 153
Trd, 000026.167, 147
Trd, 000026.383, 145
Trd, 000026.967, 158.0
Trd, 000027.233, 161
Trd, 000027.517, 165
Trd, 000028.917, 156
Trd, 000030.233, 156
Trd, 000030.650, 155
Trd, 000030.683, 154
Trd, 000031.133, 154
Trd, 000031.183, 153
Trd, 000031.483, 148.0
Trd, 000032.500, 151.0
Trd, 000032.900, 152
Trd, 000033.067, 151
Trd, 000033.250, 151
Trd, 000033.350, 153
Trd, 000034.300, 152
Trd, 000034.717, 150
Trd, 000034.883, 146.0
Trd, 000035.350, 152
Trd, 000036.133, 148.0
Trd, 000037.283, 148.0
Trd, 000037.350, 151.0
Trd, 000037.850, 147
Trd, 000039.400, 146
Trd, 000039.583, 148.0
Trd, 000040.333, 148
Trd, 000040.583, 146
Trd, 000041.033, 148
Trd, 000041.183, 150
Trd, 000041.633, 158.0
Trd, 000042.133, 151
Trd, 000042.467, 149
Trd, 000042.550, 151.0
Trd, 000044.383, 149
Trd, 000044.733, 148
Trd, 000044.883, 148.0
Trd, 000045.267, 146
Trd, 000045.800, 150
Trd, 000046.983, 145
Trd, 000047.650, 147
Trd, 000047.683, 145.0
Trd, 000047.917, 148
Trd, 000048.100, 150
Trd, 000049.150, 149
Trd, 000049.233, 147.0
Trd, 000049.417, 149
Trd, 000050.517, 146
Trd, 000050.800, 149
Trd, 000050.867, 150
Trd, 000051.100, 145
Trd, 000052.233, 147
Trd, 000054.067, 148.0
Trd, 000054.283, 145
Trd, 000054.450, 148
Trd, 000054.733, 144
Trd, 000054.983, 143
Trd, 000055.633, 149
Trd, 000056.433, 148.0
Trd, 000056.750, 144.0
Trd, 000056.983, 140
Trd, 000057.750, 144.0
Trd, 000058.167, 148.0
Trd, 000058.383, 149
Trd, 000059.350, 147
Trd, 000060.083, 145
Trd, 000060.633, 158.0
Trd, 000061.583, 149
Trd, 000061.950, 148.0
Trd, 000062.250, 149
Trd, 000062.500, 148
Trd, 000063.050, 151.0
Trd, 000064.300, 159
Trd, 000064.500, 160
Trd, 000064.767, 149
Trd, 000064.850, 165
Trd, 000065.100, 150
Trd, 000065.567, 149
Trd, 000067.150, 151.0
Trd, 000067.417, 156
Trd, 000067.633, 149
Trd, 000068.133, 148
Trd, 000068.467, 155
Trd, 000070.217, 151.0
Trd, 000070.417, 154
Trd, 000070.650, 154
Trd, 000072.850, 151.0
Trd, 000073.350, 149
Trd, 000073.383, 144.0
Trd, 000073.517, 140
Trd, 000073.567, 153
Trd, 000074.367, 148.0
Trd, 000074.883, 153
Trd, 000075.300, 153
Trd, 000075.467, 147
Trd, 000075.767, 147
Trd, 000076.117, 152
Trd, 000076.783, 147
Trd, 000078.567, 153
Trd, 000079.050, 158
Trd, 000079.550, 157
Trd, 000079.883, 156
Trd, 000080.333, 154
Trd, 000080.867, 155
Trd, 000081.567, 155
Trd, 000082.000, 150.0
Trd, 000082.683, 154
Trd, 000082.900, 148.0
Trd, 000083.500, 151.0
Trd, 000083.567, 150
Trd, 000084.150, 149
Trd, 000084.800, 148.0
Trd, 000084.867, 150
Trd, 000084.967, 145.0
Trd, 000085.233, 147
Trd, 000085.350, 152
Trd, 000086.100, 145.0
Trd, 000087.317, 160
Trd, 000087.517, 163
Trd, 000089.067, 155
Trd, 000089.650, 155
Trd, 000090.350, 156
Trd, 000090.367, 149
Trd, 000090.417, 148
Trd, 000090.517, 148
Trd, 000091.033, 146
Trd, 000092.583, 148.0
Trd, 000093.417, 151.0
Trd, 000093.583, 149.0
Trd, 000094.133, 150.0
Trd, 000094.650, 151
Trd, 000095.017, 158.0
Trd, 000095.350, 148.0
Trd, 000095.583, 146
Trd, 000096.567, 148
Trd, 000098.250, 148.0
Trd, 000098.367, 146
Trd, 000098.517, 145
Trd, 000099.283, 148.0
Trd, 000100.083, 144.0
Trd, 000100.650, 147
Trd, 000100.800, 149
Trd, 000102.117, 148
Trd, 000102.883, 148.0
Trd, 000103.033, 145
Trd, 000103.317, 151.0
Trd, 000103.667, 143
Trd, 000103.950, 158.0
Trd, 000105.167, 150
Trd, 000105.367, 151.0
Trd, 000105.567, 148.0
Trd, 000106.100, 150
Trd, 000106.233, 152
Trd, 000106.467, 146
Trd, 000107.050, 144.0
Trd, 000107.883, 148
Trd, 000108.400, 146
Trd, 000108.950, 148
Trd, 000109.883, 145
Trd, 000110.567, 148.0
Trd, 000110.783, 148
Trd, 000111.567, 149
Trd, 000111.733, 147
Trd, 000112.633, 146
Trd, 000113.650, 158.0
Trd, 000114.650, 150.0
Trd, 000114.667, 153
Trd, 000114.900, 150
Trd, 000115.300, 148.0
Trd, 000116.850, 147
Trd, 000117.033, 151.0
Trd, 000117.083, 144.0
Trd, 000118.500, 144
Trd, 000119.250, 143
Trd, 000119.900, 140
Trd, 000119.933, 144
Trd, 000120.450, 145
Trd, 000120.483, 136.0
Trd, 000120.617, 132.0
Trd, 000121.700, 148.0
Trd, 000122.267, 149
Trd, 000123.400, 149.0
Trd, 000123.633, 148
Trd, 000124.200, 147
Trd, 000124.250, 165
Trd, 000124.983, 151
Trd, 000125.400, 162
Trd, 000125.917, 151.0
Trd, 000126.167, 150
Trd, 000126.283, 154
Trd, 000127.100, 158.0
Trd, 000127.133, 168.0
Trd, 000128.833, 153.0
Trd, 000129.733, 150
Trd, 000130.117, 151
Trd, 000130.967, 150
Trd, 000131.567, 151
Trd, 000131.600, 150.0
Trd, 000132.250, 149.0
Trd, 000132.350, 149
Trd, 000132.417, 151.0
Trd, 000133.400, 148.0
Trd, 000134.083, 139
Trd, 000135.817, 147.0
Trd, 000136.050, 148
Trd, 000138.100, 148.0
Trd, 000138.300, 146
Trd, 000139.133, 149
Trd, 000139.383, 151.0
Trd, 000139.600, 153
Trd, 000139.667, 168.0
Trd, 000140.250, 146
Trd, 000140.367, 145
Trd, 000141.617, 149.0
Trd, 000142.633, 153
Trd, 000143.017, 149.0
Trd, 000143.267, 154
Trd, 000143.650, 153
Trd, 000144.833, 149
Trd, 000145.450, 148
Trd, 000146.100, 151.0
Trd, 000146.500, 150
Trd, 000146.567, 149
Trd, 000147.083, 151
Trd, 000147.417, 148.0
Trd, 000147.633, 147
Trd, 000148.467, 147
Trd, 000148.550, 146
Trd, 000149.483, 150
Trd, 000149.917, 146
Trd, 000150.067, 150
Trd, 000150.700, 151
Trd, 000150.750, 151.0
Trd, 000151.167, 155
Trd, 000152.183, 151
Trd, 000152.200, 144.0
Trd, 000152.733, 141
Trd, 000153.517, 150
Trd, 000154.233, 151.0
Trd, 000154.967, 148.0
Trd, 000155.167, 143
Trd, 000155.417, 145
Trd, 000156.067, 167
Trd, 000156.483, 151.0
Trd, 000156.733, 146
Trd, 000157.033, 151
Trd, 000157.800, 151
Trd, 000158.200, 162
Trd, 000158.967, 153
Trd, 000159.783, 151
Trd, 000160.150, 152
Trd, 000161.733, 154
Trd, 000162.067, 149
Trd, 000162.383, 153
Trd, 000163.500, 152
Trd, 000164.000, 152
Trd, 000164.167, 154
Trd, 000164.850, 154
Trd, 000164.917, 149.0
Trd, 000164.983, 148.0
Trd, 000165.000, 168.0
Trd, 000165.967, 144.0
Trd, 000166.133, 150.0
Trd, 000166.417, 148.0
Trd, 000166.933, 145
Trd, 000168.233, 140
Trd, 000168.567, 148.0
Trd, 000169.083, 151
Trd, 000169.383, 145.0
Trd, 000169.717, 151.0
Trd, 000170.650, 151
Trd, 000170.733, 145
Trd, 000172.000, 148.0
Trd, 000172.700, 148
Trd, 000173.150, 149
Trd, 000173.417, 149
Trd, 000174.400, 150
Trd, 000174.650, 152
Trd, 000174.700, 145
Trd, 000175.633, 144.0
Trd, 000175.900, 151.0
Trd, 000177.233, 151
Trd, 000177.783, 146
Trd, 000178.017, 144
Trd, 000178.650, 150
Trd, 000178.750, 148.0
Trd, 000179.150, 152
Trd, 000179.717, 151
Trd, 000180.533, 143
Trd, 000180.717, 151.0
Trd, 000181.583, 150
Trd, 000182.283, 150
Trd, 000182.467, 149
Trd, 000182.750, 150
Trd, 000183.033, 149
Trd, 000183.850, 144.0
Trd, 000184.200, 151.0
Trd, 000184.400, 152
Trd, 000184.533, 158.0
Trd, 000185.767, 150
Trd, 000186.800, 151
Trd, 000186.933, 149
Trd, 000187.717, 144.0
Trd, 000188.633, 151
Trd, 000189.033, 154
Trd, 000189.233, 149.0
Trd, 000189.650, 149.0
Trd, 000190.400, 149
Trd, 000190.817, 148.0
Trd, 000191.050, 151.0
Trd, 000191.250, 148
Trd, 000193.350, 153
Trd, 000193.483, 152
Trd, 000193.933, 148.0
Trd, 000194.800, 151
Trd, 000194.817, 149
Trd, 000195.883, 150
Trd, 000196.500, 149
Trd, 000196.817, 151
Trd, 000197.467, 150
Trd, 000198.600, 151.0
Trd, 000200.067, 149
Trd, 000200.200, 148.0
Trd, 000200.233, 148
Trd, 000200.367, 147
Trd, 000201.217, 144.0
Trd, 000203.000, 148.0
Trd, 000203.133, 146
Trd, 000203.250, 144
Trd, 000203.567, 147
Trd, 000203.650, 147
Trd, 000205.167, 147
Trd, 000205.183, 143
Trd, 000205.633, 141
Trd, 000205.783, 148.0
Trd, 000206.250, 148
Trd, 000206.300, 144
Trd, 000207.233, 145.0
Trd, 000207.900, 151.0
Trd, 000208.600, 145
Trd, 000208.950, 148
Trd, 000210.167, 145.0
Trd, 000211.000, 148
Trd, 000211.517, 147
Trd, 000213.383, 144.0
Trd, 000213.950, 148
Trd, 000214.333, 148.0
Trd, 000214.800, 151.0
Trd, 000214.850, 158.0
Trd, 000215.233, 148
Trd, 000215.417, 165
Trd, 000216.417, 154
Trd, 000216.650, 153
Trd, 000217.033, 154
Trd, 000217.267, 152
Trd, 000217.633, 151
Trd, 000218.417, 151
Trd, 000218.633, 153
Trd, 000218.767, 144
Trd, 000218.983, 141
Trd, 000220.217, 148
Trd, 000221.250, 148
Trd, 000222.183, 156
Trd, 000222.517, 158.0
Trd, 000224.233, 151
Trd, 000224.267, 145.0
Trd, 000224.617, 152
Trd, 000225.283, 149
Trd, 000226.017, 164
Trd, 000226.417, 152
Trd, 000226.450, 153
Trd, 000226.617, 156
Trd, 000227.267, 161
Trd, 000227.767, 156
Trd, 000228.100, 165
Trd, 000228.367, 164
Trd, 000228.500, 168.0
Trd, 000228.917, 155
Trd, 000229.033, 148.0
Trd, 000229.133, 144.0
Trd, 000229.367, 151.0
Trd, 000229.383, 163
Trd, 000230.450, 157
Trd, 000231.200, 154
Trd, 000231.350, 157
Trd, 000232.417, 155
Trd, 000232.433, 151
Trd, 000232.767, 151
Trd, 000232.967, 152
Trd, 000233.167, 156
Trd, 000233.383, 150
Trd, 000234.517, 154
Trd, 000235.450, 155
Trd, 000235.583, 160
Trd, 000236.450, 151
Trd, 000236.567, 150
Trd, 000236.883, 165
Trd, 000237.950, 150
Trd, 000238.367, 152
Trd, 000239.717, 155
Trd, 000240.250, 153
Trd, 000240.317, 151.0
Trd, 000240.467, 150
Trd, 000241.617, 152
Trd, 000241.733, 152.0
Trd, 000241.950, 151.0
Trd, 000242.750, 149
Trd, 000243.967, 151
Trd, 000244.250, 148
Trd, 000244.433, 148.0
Trd, 000244.533, 150
Trd, 000245.200, 147.0
Trd, 000245.933, 147
Trd, 000246.183, 150
Trd, 000247.567, 146
Trd, 000247.617, 148.0
Trd, 000247.650, 150
Trd, 000248.750, 151.0
Trd, 000249.000, 158.0
Trd, 000249.217, 150
Trd, 000250.133, 146
Trd, 000250.183, 145
Trd, 000250.233, 144.0
Trd, 000250.300, 148
Trd, 000250.683, 151
Trd, 000251.317, 148.0
Trd, 000252.050, 148
Trd, 000252.283, 151.0
Trd, 000253.150, 149
Trd, 000253.283, 148.0
Trd, 000253.600, 144.0
Trd, 000254.267, 146
Trd, 000255.017, 149
Trd, 000255.333, 145
Trd, 000255.800, 150
Trd, 000255.833, 140
Trd, 000255.950, 151.0
Trd, 000256.567, 149
Trd, 000256.850, 140
Trd, 000257.533, 139.0
Trd, 000258.333, 148.0
Trd, 000258.433, 141
Trd, 000258.867, 146
Trd, 000259.233, 146.0
Trd, 000259.350, 144.0
Trd, 000259.533, 147
Trd, 000259.867, 150
Trd, 000261.117, 144.0
Trd, 000261.333, 143
Trd, 000262.200, 150.0
Trd, 000262.817, 144
Trd, 000262.950, 144.0
Trd, 000263.033, 144.0
Trd, 000263.100, 143
Trd, 000263.517, 143
Trd, 000263.583, 145
Trd, 000264.267, 144
Trd, 000264.600, 145
Trd, 000264.633, 147
Trd, 000264.783, 164
Trd, 000265.117, 151.0
Trd, 000266.717, 165
Trd, 000267.350, 165
Trd, 000267.783, 159
Trd, 000268.267, 158.0
Trd, 000268.733, 160
Trd, 000269.300, 158.0
Trd, 000270.517, 158
Trd, 000270.733, 158.0
Trd, 000271.433, 157
Trd, 000271.567, 159
Trd, 000271.600, 155.0
Trd, 000272.867, 158
Trd, 000273.233, 157
Trd, 000273.500, 157
Trd, 000273.783, 158
Trd, 000274.400, 149.0
Trd, 000274.517, 153
Trd, 000275.133, 148.0
Trd, 000275.150, 164
Trd, 000275.750, 149
Trd, 000276.233, 144.0
Trd, 000276.817, 144.0
Trd, 000277.283, 148
Trd, 000277.683, 145
Trd, 000277.717, 140
Trd, 000277.817, 134.0
Trd, 000278.050, 141
Trd, 000278.500, 148
Trd, 000278.767, 139.0
Trd, 000279.617, 143
Trd, 000279.650, 148
Trd, 000280.467, 151.0
Trd, 000280.517, 148.0
Trd, 000281.100, 150
Trd, 000281.433, 144.0
Trd, 000282.533, 161
Trd, 000282.567, 163
Trd, 000282.800, 152
Trd, 000283.417, 141
Trd, 000283.583, 155
Trd, 000284.750, 146
Trd, 000284.967, 156
Trd, 000285.833, 155.0
Trd, 000286.650, 150
Trd, 000286.783, 154
Trd, 000287.233, 150
Trd, 000287.517, 150
Trd, 000287.700, 160
Trd, 000287.950, 140
Trd, 000288.433, 155
Trd, 000289.267, 150.0
Trd, 000290.083, 154
Trd, 000290.250, 153
Trd, 000290.533, 148.0
Trd, 000291.133, 155.0
Trd, 000291.583, 155
Trd, 000291.600, 152
Trd, 000291.767, 163
Trd, 000291.867, 153
Trd, 000292.017, 152
Trd, 000292.033, 144.0
Trd, 000293.733, 151
Trd, 000294.017, 146
Trd, 000294.400, 155.0
Trd, 000294.450, 142
Trd, 000294.650, 157
Trd, 000295.317, 142
Trd, 000295.550, 140
Trd, 000295.600, 151
Trd, 000296.217, 148.0
Trd, 000296.367, 140
Trd, 000296.883, 151.0
Trd, 000297.250, 149
Trd, 000297.667, 139.0
Trd, 000297.983, 144.0
Trd, 000298.050, 158
Trd, 000298.917, 144
Trd, 000299.417, 149
Trd, 000299.550, 150
Trd, 000299.767, 148.0
