Trd, 000002.067, 149.0
Trd, 000002.150, 151.0
Trd, 000002.533, 157
Trd, 000003.167, 128
Trd, 000003.317, 158
Trd, 000003.383, 155
Trd, 000005.000, 143
Trd, 000005.267, 155.0
Trd, 000005.300, 157
Trd, 000005.883, 141.0
Trd, 000006.083, 134
Trd, 000006.150, 134
Trd, 000007.383, 156
Trd, 000009.433, 151
Trd, 000009.450, 141
Trd, 000010.050, 148.0
Trd, 000010.300, 151.0
Trd, 000010.733, 154.0
Trd, 000011.417, 148.0
Trd, 000012.317, 149
Trd, 000012.867, 150
Trd, 000012.950, 151
Trd, 000013.950, 150
Trd, 000014.333, 151
Trd, 000014.433, 151.0
Trd, 000015.500, 151
Trd, 000016.133, 152
Trd, 000016.550, 155.0
Trd, 000017.617, 158
Trd, 000017.900, 155
Trd, 000018.367, 156
Trd, 000018.550, 151
Trd, 000018.650, 156
Trd, 000018.667, 174.0
Trd, 000019.267, 150
Trd, 000020.567, 155.0
Trd, 000020.983, 151
Trd, 000021.483, 150.0
Trd, 000022.167, 148
Trd, 000022.933, 148.0
Trd, 000023.833, 151.0
Trd, 000024.783, 148
Trd, 000025.033, 149
Trd, 000025.267, 151
Trd, 000025.533, 148.0
Trd, 000026.083, 148
Trd, 000026.200, 151.0
Trd, 000027.267, 149
Trd, 000028.533, 149
Trd, 000028.817, 150
Trd, 000029.550, 149
Trd, 000029.900, 151
Trd, 000030.017, 148
Trd, 000030.517, 143
Trd, 000030.900, 154.0
Trd, 000031.650, 155.0
Trd, 000032.067, 158
Trd, 000032.367, 151.0
Trd, 000033.217, 152
Trd, 000034.367, 166.0
Trd, 000034.433, 168.0
Trd, 000034.483, 157
Trd, 000035.450, 154
Trd, 000035.533, 159
Trd, 000036.700, 156
Trd, 000037.200, 155
Trd, 000037.267, 146
Trd, 000038.733, 154
Trd, 000038.850, 144
Trd, 000039.250, 155
Trd, 000039.750, 155.0
Trd, 000040.533, 158
Trd, 000040.817, 168.0
Trd, 000041.733, 151
Trd, 000042.167, 155.0
Trd, 000042.383, 153
Trd, 000043.083, 154
Trd, 000043.283, 155
Trd, 000043.367, 157
Trd, 000043.417, 147
Trd, 000043.450, 161
Trd, 000045.100, 160
Trd, 000045.650, 162
Trd, 000046.717, 160
Trd, 000048.183, 155.0
Trd, 000048.300, 155.0
Trd, 000048.717, 150.0
Trd, 000048.750, 151.0
Trd, 000048.817, 157
Trd, 000048.833, 143
Trd, 000049.733, 161
Trd, 000050.450, 158.0
Trd, 000050.583, 168.0
Trd, 000050.883, 157
Trd, 000051.167, 163
Trd, 000051.367, 161
Trd, 000051.933, 160
Trd, 000053.450, 158.0
Trd, 000053.550, 156
Trd, 000053.750, 155.0
Trd, 000054.733, 156
Trd, 000055.000, 155
Trd, 000055.017, 156
Trd, 000055.533, 155
Trd, 000056.667, 155
Trd, 000057.650, 157
Trd, 000057.750, 157
Trd, 000058.167, 157
Trd, 000059.050, 157
Trd, 000059.267, 158
Trd, 000059.500, 155.0
Trd, 000059.950, 156
Trd, 000060.100, 154
Trd, 000060.483, 158
Trd, 000061.767, 155
Trd, 000062.033, 154
Trd, 000062.317, 154
Trd, 000063.500, 155
Trd, 000063.683, 155.0
Trd, 000063.783, 155
Trd, 000064.583, 152
Trd, 000065.283, 155
Trd, 000065.533, 155
Trd, 000065.833, 155.0
Trd, 000066.900, 150
Trd, 000068.517, 158.0
Trd, 000069.233, 156
Trd, 000069.483, 157
Trd, 000069.567, 158
Trd, 000069.650, 159
Trd, 000070.633, 157
Trd, 000070.683, 156
Trd, 000070.900, 154.0
Trd, 000071.200, 143
Trd, 000071.833, 149
Trd, 000072.100, 149
Trd, 000072.133, 151.0
Trd, 000072.717, 148
Trd, 000072.900, 147
Trd, 000073.867, 150
Trd, 000074.400, 141.0
Trd, 000075.450, 148
Trd, 000075.983, 147
Trd, 000076.367, 146
Trd, 000076.967, 144
Trd, 000077.050, 145
Trd, 000077.683, 144
Trd, 000077.917, 146
Trd, 000077.933, 151.0
Trd, 000078.100, 143
Trd, 000079.417, 146
Trd, 000080.050, 146
Trd, 000081.233, 145
Trd, 000081.833, 145
Trd, 000082.200, 145
Trd, 000082.500, 145
Trd, 000082.767, 146
Trd, 000083.100, 151.0
Trd, 000083.233, 155.0
Trd, 000083.550, 175.0
Trd, 000084.800, 162
Trd, 000084.867, 161
Trd, 000085.100, 151.0
Trd, 000085.800, 155
Trd, 000086.250, 155.0
Trd, 000087.200, 155
Trd, 000087.317, 156
Trd, 000087.467, 155.0
Trd, 000087.633, 157
Trd, 000087.833, 151.0
Trd, 000089.267, 154
Trd, 000089.417, 154
Trd, 000089.683, 155
Trd, 000089.933, 155.0
Trd, 000090.033, 158
Trd, 000091.783, 151.0
Trd, 000092.550, 152
Trd, 000092.767, 151
Trd, 000094.500, 151
Trd, 000095.183, 153.0
Trd, 000095.717, 150
Trd, 000096.017, 152
Trd, 000096.050, 154.0
Trd, 000097.933, 151.0
Trd, 000098.000, 152
Trd, 000098.183, 150
Trd, 000098.333, 149
Trd, 000098.517, 151.0
Trd, 000099.217, 152
Trd, 000099.767, 153
Trd, 000100.133, 155.0
Trd, 000100.350, 158
Trd, 000100.550, 147
Trd, 000101.783, 152.0
Trd, 000103.350, 151.0
Trd, 000103.417, 151
Trd, 000103.567, 154.0
Trd, 000103.633, 150
Trd, 000105.083, 148
Trd, 000106.333, 151
Trd, 000106.633, 150
Trd, 000107.033, 151.0
Trd, 000107.317, 150
Trd, 000107.417, 149
Trd, 000107.683, 149
Trd, 000108.700, 149
Trd, 000108.833, 151.0
Trd, 000110.050, 154.0
Trd, 000110.133, 155.0
Trd, 000111.067, 153
Trd, 000111.267, 151
Trd, 000111.350, 150
Trd, 000111.850, 153
Trd, 000112.250, 153
Trd, 000112.700, 154
Trd, 000113.583, 151
Trd, 000115.150, 152
Trd, 000115.400, 153
Trd, 000115.683, 153
Trd, 000115.783, 154.0
Trd, 000116.100, 150
Trd, 000116.817, 150
Trd, 000117.183, 149
Trd, 000117.450, 147
Trd, 000117.833, 150.0
Trd, 000118.800, 147
Trd, 000118.817, 151.0
Trd, 000119.500, 151
Trd, 000120.183, 149
Trd, 000121.017, 149
Trd, 000121.133, 151
Trd, 000122.017, 149
Trd, 000123.200, 149
Trd, 000123.383, 150
Trd, 000123.500, 152
Trd, 000123.917, 154.0
Trd, 000125.433, 154.0
Trd, 000125.517, 154
Trd, 000126.600, 151.0
Trd, 000127.150, 151
Trd, 000127.467, 151
Trd, 000127.717, 152
Trd, 000128.383, 155.0
Trd, 000128.817, 151
Trd, 000129.033, 157
Trd, 000129.483, 156
Trd, 000130.317, 157
Trd, 000130.633, 155
Trd, 000131.433, 147
Trd, 000131.450, 157
Trd, 000131.567, 158
Trd, 000132.800, 163
Trd, 000133.133, 155.0
Trd, 000133.517, 154
Trd, 000134.433, 151.0
Trd, 000135.400, 150
Trd, 000135.733, 149
Trd, 000135.767, 150
Trd, 000135.800, 147
Trd, 000135.833, 151
Trd, 000139.567, 151.0
Trd, 000140.683, 151
Trd, 000140.733, 150
Trd, 000141.000, 149
Trd, 000141.183, 147
Trd, 000141.583, 148
Trd, 000141.667, 149
Trd, 000141.883, 151
Trd, 000141.917, 151.0
Trd, 000142.133, 153
Trd, 000142.733, 155.0
Trd, 000143.733, 153
Trd, 000144.167, 154
Trd, 000144.933, 155
Trd, 000145.917, 154
Trd, 000146.117, 147
Trd, 000146.567, 154
Trd, 000146.600, 155
Trd, 000148.150, 154
Trd, 000148.783, 153
Trd, 000149.150, 153
Trd, 000149.250, 154
Trd, 000149.350, 155
Trd, 000149.400, 158
Trd, 000149.717, 156
Trd, 000149.867, 157
Trd, 000150.833, 147
Trd, 000151.250, 151.0
Trd, 000152.850, 151
Trd, 000153.217, 151
Trd, 000153.383, 150
Trd, 000154.150, 150
Trd, 000154.417, 151
Trd, 000154.983, 150
Trd, 000155.433, 151
Trd, 000155.550, 151.0
Trd, 000155.917, 151
Trd, 000156.050, 149
Trd, 000157.067, 152
Trd, 000157.900, 155.0
Trd, 000157.917, 158
Trd, 000158.967, 165.0
Trd, 000159.117, 151
Trd, 000160.400, 156
Trd, 000160.800, 157
Trd, 000160.833, 156
Trd, 000160.950, 157
Trd, 000162.217, 150.0
Trd, 000162.500, 149
Trd, 000163.383, 150.0
Trd, 000164.017, 149
Trd, 000164.150, 148
Trd, 000164.550, 149
Trd, 000165.600, 147
Trd, 000165.917, 149
Trd, 000166.233, 151.0
Trd, 000166.717, 148
Trd, 000167.117, 154.0
Trd, 000167.700, 153
Trd, 000168.000, 168.0
Trd, 000168.167, 174.0
Trd, 000169.033, 149
Trd, 000169.850, 148
Trd, 000170.133, 149.0
Trd, 000170.900, 150.0
Trd, 000170.917, 151.0
Trd, 000171.083, 153
Trd, 000171.383, 155.0
Trd, 000171.683, 148
Trd, 000173.117, 147
Trd, 000173.483, 150
Trd, 000173.667, 149
Trd, 000173.783, 152
Trd, 000174.500, 153
Trd, 000175.817, 153
Trd, 000176.800, 152
Trd, 000176.850, 155.0
Trd, 000177.167, 151.0
Trd, 000177.517, 158
Trd, 000177.700, 168.0
Trd, 000178.967, 158
Trd, 000179.267, 151.0
Trd, 000179.583, 153
Trd, 000179.667, 156
Trd, 000179.933, 151
Trd, 000180.133, 155.0
Trd, 000180.383, 155
Trd, 000180.917, 158
Trd, 000182.417, 154
Trd, 000183.150, 153
Trd, 000183.300, 149
Trd, 000183.900, 152
Trd, 000183.983, 153
Trd, 000184.767, 152
Trd, 000185.383, 151.0
Trd, 000186.283, 151
Trd, 000186.600, 150
Trd, 000187.350, 151
Trd, 000188.100, 154.0
Trd, 000188.550, 155.0
Trd, 000189.733, 154
Trd, 000190.367, 151
Trd, 000191.333, 150
Trd, 000191.433, 151
Trd, 000191.733, 151
Trd, 000191.750, 152
Trd, 000192.000, 150
Trd, 000192.483, 148
Trd, 000194.583, 148
Trd, 000194.833, 150.0
Trd, 000195.117, 150
Trd, 000196.483, 149
Trd, 000196.917, 148
Trd, 000197.000, 150
Trd, 000197.917, 149
Trd, 000198.983, 149.0
Trd, 000199.067, 151.0
Trd, 000200.817, 148
Trd, 000201.183, 150
Trd, 000201.650, 150
Trd, 000202.033, 151
Trd, 000202.200, 155
Trd, 000202.667, 155.0
Trd, 000203.950, 154
Trd, 000204.017, 150
Trd, 000204.200, 155.0
Trd, 000204.350, 158
Trd, 000204.467, 150
Trd, 000205.650, 149
Trd, 000205.900, 149
Trd, 000207.550, 153
Trd, 000207.750, 147
Trd, 000208.350, 150.0
Trd, 000208.700, 151.0
Trd, 000209.583, 147
Trd, 000210.133, 150
Trd, 000210.800, 148
Trd, 000211.717, 149
Trd, 000211.867, 148
Trd, 000212.450, 147
Trd, 000212.583, 147
Trd, 000213.167, 153.0
Trd, 000213.950, 149
Trd, 000214.533, 148
Trd, 000215.067, 150
Trd, 000215.783, 150
Trd, 000216.217, 151.0
Trd, 000217.000, 152
Trd, 000217.400, 154.0
Trd, 000218.683, 155.0
Trd, 000219.300, 157
Trd, 000219.500, 158
Trd, 000220.650, 156.0
Trd, 000221.150, 156
Trd, 000221.250, 157
Trd, 000221.917, 157
Trd, 000222.000, 155.0
Trd, 000222.367, 154
Trd, 000222.733, 151
Trd, 000225.233, 151.0
Trd, 000225.700, 153
Trd, 000226.100, 152
Trd, 000226.183, 151
Trd, 000226.267, 152
Trd, 000226.483, 150
Trd, 000227.817, 151
Trd, 000228.167, 149
Trd, 000228.783, 150
Trd, 000229.250, 152
Trd, 000229.583, 155.0
Trd, 000230.083, 183
Trd, 000230.100, 155.0
Trd, 000231.150, 162
Trd, 000231.350, 157
Trd, 000231.583, 147
Trd, 000232.050, 155
Trd, 000232.367, 156
Trd, 000233.300, 143
Trd, 000233.550, 156
Trd, 000233.583, 157
Trd, 000234.067, 158
Trd, 000235.900, 156.0
Trd, 000236.117, 155.0
Trd, 000236.333, 153
Trd, 000237.450, 155
Trd, 000237.733, 157
Trd, 000237.800, 157
Trd, 000238.900, 153
Trd, 000239.067, 153
Trd, 000239.600, 154
Trd, 000240.033, 152
Trd, 000240.433, 153
Trd, 000240.700, 152
Trd, 000240.967, 151
Trd, 000240.983, 153
Trd, 000241.150, 151.0
Trd, 000241.367, 154
Trd, 000241.817, 149
Trd, 000241.950, 147
Trd, 000242.900, 146
Trd, 000243.233, 143
Trd, 000243.300, 141.0
Trd, 000243.667, 146
Trd, 000244.050, 146
Trd, 000244.333, 149.0
Trd, 000245.283, 143
Trd, 000245.683, 145
Trd, 000245.883, 141
Trd, 000245.900, 146
Trd, 000246.200, 146
Trd, 000247.067, 142
Trd, 000247.117, 141
Trd, 000248.333, 145
Trd, 000249.000, 144
Trd, 000249.383, 142
Trd, 000249.750, 143
Trd, 000250.017, 144
Trd, 000250.317, 151.0
Trd, 000250.700, 155.0
Trd, 000250.850, 157
Trd, 000251.367, 144
Trd, 000251.583, 145
Trd, 000251.800, 144
Trd, 000252.050, 145
Trd, 000252.433, 145
Trd, 000252.533, 152
Trd, 000253.150, 151.0
Trd, 000253.567, 144
Trd, 000253.633, 143
Trd, 000254.067, 155.0
Trd, 000254.583, 152
Trd, 000255.133, 153
Trd, 000256.083, 151
Trd, 000256.400, 154
Trd, 000257.467, 158.0
Trd, 000257.717, 155.0
Trd, 000257.767, 155
Trd, 000258.083, 155
Trd, 000258.300, 153
Trd, 000258.833, 157
Trd, 000259.250, 157
Trd, 000259.500, 158
Trd, 000260.633, 153
Trd, 000261.217, 155
Trd, 000261.483, 154
Trd, 000261.517, 155
Trd, 000261.950, 153
Trd, 000262.517, 155.0
Trd, 000262.867, 152
Trd, 000263.117, 151.0
Trd, 000263.933, 150
Trd, 000264.083, 146
Trd, 000264.850, 146
Trd, 000265.050, 148
Trd, 000265.467, 146
Trd, 000265.550, 149
Trd, 000265.983, 145
Trd, 000266.050, 148
Trd, 000266.700, 148
Trd, 000267.367, 148
Trd, 000267.383, 151
Trd, 000267.717, 145
Trd, 000268.033, 146
Trd, 000268.850, 149
Trd, 000269.567, 148
Trd, 000269.950, 148.0
Trd, 000270.200, 146
Trd, 000270.467, 149
Trd, 000271.367, 146
Trd, 000271.383, 145
Trd, 000273.333, 146
Trd, 000273.617, 145
Trd, 000273.733, 144
Trd, 000274.017, 145
Trd, 000274.100, 144
Trd, 000274.850, 145
Trd, 000275.367, 144
Trd, 000275.500, 145
Trd, 000275.950, 146
Trd, 000275.967, 142
Trd, 000276.433, 141
Trd, 000276.583, 146
Trd, 000277.817, 151.0
Trd, 000278.067, 146
Trd, 000278.300, 147
Trd, 000278.317, 155.0
Trd, 000279.200, 149
Trd, 000279.783, 151.0
Trd, 000280.333, 148
Trd, 000280.500, 151.0
Trd, 000280.617, 152.0
Trd, 000281.283, 155.0
Trd, 000281.550, 155
Trd, 000282.133, 152
Trd, 000282.150, 151
Trd, 000282.417, 148
Trd, 000282.483, 144
Trd, 000282.633, 152
Trd, 000283.133, 147
Trd, 000283.150, 149
Trd, 000284.033, 146
Trd, 000284.117, 148
Trd, 000284.133, 144
Trd, 000284.550, 144
Trd, 000284.883, 147
Trd, 000285.000, 149
Trd, 000285.183, 155.0
Trd, 000285.700, 150
Trd, 000286.517, 156
Trd, 000286.667, 158
Trd, 000287.917, 148
Trd, 000288.700, 150
Trd, 000289.250, 151
Trd, 000289.267, 149
Trd, 000289.517, 138
Trd, 000289.617, 137
Trd, 000289.917, 147
Trd, 000290.200, 158
Trd, 000290.417, 155
Trd, 000290.517, 162.0
Trd, 000291.400, 167.0
Trd, 000292.167, 151.0
Trd, 000292.433, 149
Trd, 000292.767, 153
Trd, 000293.283, 151
Trd, 000293.417, 153.0
Trd, 000293.617, 146
Trd, 000293.983, 162.0
Trd, 000294.450, 144
Trd, 000295.000, 145
Trd, 000295.667, 149
Trd, 000295.883, 150
Trd, 000296.267, 147
Trd, 000296.650, 146
Trd, 000296.967, 146
Trd, 000297.233, 147
Trd, 000297.600, 146
Trd, 000297.650, 147
Trd, 000298.867, 151.0
Trd, 000299.183, 155.0
Trd, 000299.383, 158
Trd, 000299.517, 144
Trd, 000299.967, 152
