Trd, 000001.167, 100.0
Trd, 000002.400, 157
Trd, 000002.950, 158
Trd, 000003.733, 151
Trd, 000004.383, 151
Trd, 000004.400, 153
Trd, 000004.817, 151
Trd, 000005.083, 150
Trd, 000005.867, 155.0
Trd, 000006.400, 159.0
Trd, 000006.800, 158.0
Trd, 000008.117, 155.0
Trd, 000008.400, 155
Trd, 000008.467, 156
Trd, 000008.767, 154
Trd, 000009.283, 156
Trd, 000010.217, 156
Trd, 000010.833, 162
Trd, 000010.967, 153
Trd, 000011.033, 153
Trd, 000011.367, 155
Trd, 000012.683, 157
Trd, 000013.067, 158
Trd, 000013.150, 159
Trd, 000014.150, 158.0
Trd, 000015.117, 163.0
Trd, 000015.833, 159
Trd, 000016.783, 158
Trd, 000016.817, 160
Trd, 000018.033, 160
Trd, 000018.567, 159
Trd, 000018.817, 158.0
Trd, 000019.150, 159
Trd, 000019.283, 158
Trd, 000019.350, 156
Trd, 000019.817, 160
Trd, 000020.250, 157
Trd, 000022.100, 156
Trd, 000022.850, 157
Trd, 000023.350, 157
Trd, 000023.883, 159.0
Trd, 000024.183, 159
Trd, 000024.200, 162
Trd, 000024.250, 158.0
Trd, 000024.967, 155
Trd, 000026.117, 153
Trd, 000027.400, 157
Trd, 000027.900, 154
Trd, 000027.933, 153
Trd, 000028.200, 156.0
Trd, 000029.933, 154.0
Trd, 000030.233, 153
Trd, 000031.067, 155.0
Trd, 000031.250, 155
Trd, 000031.400, 153
Trd, 000032.817, 155
Trd, 000033.017, 155.0
Trd, 000033.167, 154
Trd, 000033.183, 158.0
Trd, 000033.217, 152
Trd, 000033.717, 162
Trd, 000034.000, 153
Trd, 000036.167, 156
Trd, 000036.350, 156
Trd, 000036.450, 155
Trd, 000036.767, 154
Trd, 000037.083, 157
Trd, 000037.267, 157
Trd, 000037.650, 157
Trd, 000037.750, 158.0
Trd, 000039.100, 158
Trd, 000039.183, 156
Trd, 000039.467, 158.0
Trd, 000040.700, 155.0
Trd, 000040.733, 154
Trd, 000041.750, 156
Trd, 000042.817, 155
Trd, 000043.300, 157.0
Trd, 000043.683, 156
Trd, 000044.100, 157
Trd, 000045.883, 158.0
Trd, 000046.000, 156.0
Trd, 000046.700, 160
Trd, 000047.400, 162
Trd, 000047.683, 167.0
Trd, 000047.800, 158
Trd, 000047.933, 158.0
Trd, 000048.100, 156
Trd, 000048.433, 168.0
Trd, 000048.500, 155.0
Trd, 000049.067, 164
Trd, 000049.300, 154
Trd, 000050.500, 156
Trd, 000053.283, 156
Trd, 000053.367, 157
Trd, 000053.433, 155
Trd, 000054.250, 157
Trd, 000054.267, 158.0
Trd, 000054.417, 156
Trd, 000055.067, 162
Trd, 000055.783, 158
Trd, 000055.833, 157
Trd, 000055.900, 167.0
Trd, 000056.150, 155.0
Trd, 000058.100, 155
Trd, 000059.667, 155
Trd, 000060.333, 155
Trd, 000060.450, 157
Trd, 000061.183, 158.0
Trd, 000061.967, 156
Trd, 000062.033, 155
Trd, 000062.867, 156
Trd, 000063.300, 158.0
Trd, 000063.483, 155
Trd, 000063.767, 156
Trd, 000064.067, 157
Trd, 000064.283, 161
Trd, 000065.183, 160
Trd, 000065.417, 160
Trd, 000066.183, 157.0
Trd, 000066.317, 156
Trd, 000066.383, 158.0
Trd, 000067.517, 159
Trd, 000068.433, 158.0
Trd, 000069.117, 156
Trd, 000069.533, 157
Trd, 000070.083, 157
Trd, 000070.317, 156
Trd, 000071.117, 156
Trd, 000071.400, 158.0
Trd, 000072.700, 161
Trd, 000073.117, 159
Trd, 000073.467, 155
Trd, 000074.800, 159
Trd, 000075.183, 159
Trd, 000075.467, 158
Trd, 000076.250, 158
Trd, 000076.617, 158
Trd, 000077.050, 157
Trd, 000077.283, 158
Trd, 000077.717, 158.0
Trd, 000077.833, 157
Trd, 000077.950, 158
Trd, 000078.967, 159
Trd, 000080.067, 160
Trd, 000080.500, 159
Trd, 000081.233, 161
Trd, 000081.917, 158.0
Trd, 000082.500, 158
Trd, 000083.500, 158
Trd, 000083.767, 160
Trd, 000084.550, 157
Trd, 000084.700, 156
Trd, 000085.567, 157
Trd, 000085.883, 155
Trd, 000086.200, 158.0
Trd, 000086.533, 158.0
Trd, 000087.117, 157
Trd, 000087.183, 162
Trd, 000088.117, 158
Trd, 000088.750, 157
Trd, 000089.333, 157
Trd, 000089.367, 148.0
Trd, 000091.467, 155
Trd, 000091.850, 154
Trd, 000092.267, 156
Trd, 000093.650, 155
Trd, 000094.483, 155.0
Trd, 000095.317, 155
Trd, 000095.667, 154
Trd, 000095.750, 158.0
Trd, 000095.917, 159
Trd, 000096.283, 162
Trd, 000096.467, 153
Trd, 000096.867, 134.0
Trd, 000097.933, 153
Trd, 000098.050, 155.0
Trd, 000098.583, 149.0
Trd, 000100.317, 151
Trd, 000100.867, 151
Trd, 000101.350, 152
Trd, 000101.817, 153
Trd, 000102.000, 161
Trd, 000102.217, 149
Trd, 000102.833, 151
Trd, 000103.000, 161
Trd, 000103.650, 156
Trd, 000103.683, 158
Trd, 000104.517, 156
Trd, 000104.817, 158.0
Trd, 000106.150, 159
Trd, 000107.133, 155
Trd, 000108.133, 155
Trd, 000109.583, 156.0
Trd, 000109.817, 156
Trd, 000110.733, 155.0
Trd, 000110.833, 156
Trd, 000110.900, 155
Trd, 000110.983, 158.0
Trd, 000111.050, 158
Trd, 000111.650, 162
Trd, 000113.317, 161.0
Trd, 000114.300, 160
Trd, 000114.383, 161
Trd, 000114.417, 160
Trd, 000115.283, 159.0
Trd, 000116.750, 159
Trd, 000117.200, 158.0
Trd, 000117.450, 158
Trd, 000118.083, 158
Trd, 000118.317, 159
Trd, 000118.500, 159
Trd, 000118.867, 158.0
Trd, 000119.250, 158
Trd, 000119.583, 159
Trd, 000120.533, 158
Trd, 000120.767, 157
Trd, 000121.150, 157.0
Trd, 000122.417, 158.0
Trd, 000123.067, 159
Trd, 000124.000, 158
Trd, 000124.500, 158.0
Trd, 000124.817, 156
Trd, 000125.967, 158
Trd, 000126.000, 158
Trd, 000126.117, 159
Trd, 000126.200, 160
Trd, 000127.233, 158.0
Trd, 000128.083, 158.0
Trd, 000128.750, 158
Trd, 000130.000, 157
Trd, 000130.500, 157.0
Trd, 000132.000, 156
Trd, 000132.883, 155
Trd, 000133.400, 155
Trd, 000133.550, 154
Trd, 000133.867, 155
Trd, 000134.467, 155
Trd, 000134.600, 156
Trd, 000135.683, 158.0
Trd, 000136.250, 154
Trd, 000137.117, 155
Trd, 000137.617, 155
Trd, 000137.800, 155
Trd, 000138.950, 154
Trd, 000139.500, 159
Trd, 000140.000, 157.0
Trd, 000140.483, 158.0
Trd, 000140.950, 158
Trd, 000141.267, 154
Trd, 000141.500, 148.0
Trd, 000141.517, 159
Trd, 000142.400, 158
Trd, 000143.083, 153
Trd, 000144.633, 154
Trd, 000145.733, 157
Trd, 000145.767, 158
Trd, 000146.233, 154
Trd, 000146.450, 159
Trd, 000146.700, 157.0
Trd, 000146.983, 155
Trd, 000147.583, 156.0
Trd, 000147.633, 156
Trd, 000148.500, 158.0
Trd, 000148.900, 158
Trd, 000150.233, 156
Trd, 000150.283, 155.0
Trd, 000151.033, 155
Trd, 000151.117, 157
Trd, 000151.517, 153
Trd, 000151.617, 162
Trd, 000152.017, 153
Trd, 000152.883, 160
Trd, 000152.967, 160
Trd, 000153.517, 154
Trd, 000154.083, 154
Trd, 000156.300, 155
Trd, 000156.317, 155.0
Trd, 000156.983, 155
Trd, 000157.400, 158.0
Trd, 000158.583, 157
Trd, 000159.567, 156
Trd, 000160.183, 155
Trd, 000160.617, 158
Trd, 000161.567, 156
Trd, 000161.867, 155
Trd, 000162.050, 154
Trd, 000162.667, 155
Trd, 000162.817, 155
Trd, 000163.950, 153
Trd, 000164.583, 155
Trd, 000164.850, 155
Trd, 000165.367, 154
Trd, 000166.883, 156
Trd, 000167.100, 155
Trd, 000168.083, 156
Trd, 000168.250, 162
Trd, 000169.067, 158.0
Trd, 000169.183, 154
Trd, 000169.350, 160
Trd, 000170.150, 153
Trd, 000170.983, 155
Trd, 000171.617, 157
Trd, 000172.050, 158
Trd, 000172.383, 159
Trd, 000173.633, 157
Trd, 000173.950, 158
Trd, 000174.000, 157
Trd, 000174.250, 159
Trd, 000175.067, 158.0
Trd, 000175.817, 156
Trd, 000176.467, 155
Trd, 000177.233, 158
Trd, 000177.533, 155.0
Trd, 000178.033, 156
Trd, 000178.483, 159
Trd, 000179.583, 159
Trd, 000180.150, 159
Trd, 000180.367, 160
Trd, 000181.200, 158.0
Trd, 000182.283, 161
Trd, 000182.400, 158.0
Trd, 000182.483, 161
Trd, 000183.100, 161
Trd, 000184.067, 162
Trd, 000185.100, 163
Trd, 000185.217, 164
Trd, 000185.750, 163
Trd, 000185.917, 167.0
Trd, 000186.900, 163
Trd, 000187.583, 164
Trd, 000187.600, 158.0
Trd, 000188.100, 150.0
Trd, 000188.567, 168.0
Trd, 000189.300, 159
Trd, 000189.350, 159
Trd, 000191.050, 163
Trd, 000191.067, 160
Trd, 000191.467, 160
Trd, 000191.550, 163
Trd, 000191.567, 164
Trd, 000193.117, 160
Trd, 000193.867, 159
Trd, 000194.133, 158.0
Trd, 000194.333, 157
Trd, 000195.033, 163
Trd, 000195.767, 164
Trd, 000195.850, 162
Trd, 000195.917, 164
Trd, 000196.767, 160
Trd, 000197.050, 160
Trd, 000197.583, 160
Trd, 000197.833, 158.0
Trd, 000198.317, 157
Trd, 000198.683, 149.0
Trd, 000200.450, 158
Trd, 000201.433, 158
Trd, 000202.683, 154
Trd, 000203.817, 155
Trd, 000203.933, 154
Trd, 000205.367, 153
Trd, 000206.067, 155
Trd, 000206.517, 154
Trd, 000206.983, 155.0
Trd, 000207.033, 158.0
Trd, 000207.167, 153
Trd, 000208.150, 156
Trd, 000208.433, 172.0
Trd, 000209.583, 167.0
Trd, 000209.767, 153
Trd, 000210.667, 153
Trd, 000211.717, 155
Trd, 000211.750, 156.0
Trd, 000212.267, 155
Trd, 000212.667, 158.0
Trd, 000212.833, 154
Trd, 000213.067, 153
Trd, 000213.317, 157
Trd, 000214.550, 157
Trd, 000214.750, 151
Trd, 000215.767, 157
Trd, 000216.517, 152
Trd, 000217.483, 158.0
Trd, 000217.967, 161
Trd, 000218.367, 162
Trd, 000218.517, 159
Trd, 000219.617, 158.0
Trd, 000221.250, 158.0
Trd, 000222.150, 157
Trd, 000222.283, 158
Trd, 000223.067, 160
Trd, 000223.283, 161
Trd, 000223.783, 159.0
Trd, 000224.250, 158.0
Trd, 000224.600, 159
Trd, 000225.217, 161
Trd, 000225.633, 158
Trd, 000226.167, 161
Trd, 000226.200, 158
Trd, 000227.750, 161
Trd, 000228.033, 162
Trd, 000228.167, 157
Trd, 000229.667, 162.0
Trd, 000230.650, 158.0
Trd, 000231.367, 157
Trd, 000232.183, 156
Trd, 000232.933, 158
Trd, 000233.867, 159
Trd, 000234.033, 162
Trd, 000234.817, 164
Trd, 000234.833, 162
Trd, 000235.233, 167.0
Trd, 000236.033, 160
Trd, 000236.150, 164
Trd, 000236.700, 158.0
Trd, 000237.200, 158
Trd, 000237.217, 158
Trd, 000237.983, 164
Trd, 000239.533, 160
Trd, 000239.850, 162
Trd, 000240.250, 158
Trd, 000240.283, 163
Trd, 000240.700, 157
Trd, 000240.767, 158.0
Trd, 000240.833, 159
Trd, 000241.083, 157
Trd, 000241.233, 149.0
Trd, 000241.250, 148.0
Trd, 000242.433, 144
Trd, 000242.667, 147
Trd, 000242.767, 133.0
Trd, 000243.733, 128.0
Trd, 000244.317, 130.0
Trd, 000244.617, 132.0
Trd, 000244.867, 131.0
Trd, 000245.367, 132
Trd, 000245.467, 133.0
Trd, 000245.633, 134.0
Trd, 000246.083, 134
Trd, 000246.200, 135
Trd, 000246.800, 137
Trd, 000247.183, 151.0
Trd, 000247.500, 139
Trd, 000248.000, 155.0
Trd, 000248.167, 158.0
Trd, 000248.650, 139
Trd, 000249.683, 143
Trd, 000249.933, 144
Trd, 000249.967, 148
Trd, 000250.633, 148
Trd, 000250.683, 145
Trd, 000251.300, 145
Trd, 000251.783, 150
Trd, 000251.917, 151.0
Trd, 000252.883, 157
Trd, 000253.350, 158.0
Trd, 000253.567, 156
Trd, 000253.833, 162.0
Trd, 000254.167, 156
Trd, 000254.750, 156
Trd, 000254.883, 157
Trd, 000255.217, 158
Trd, 000255.517, 156
Trd, 000256.067, 155
Trd, 000256.367, 157
Trd, 000256.483, 159
Trd, 000256.883, 155.0
Trd, 000257.200, 154
Trd, 000257.750, 151.0
Trd, 000257.917, 152
Trd, 000260.000, 154
Trd, 000260.500, 153
Trd, 000260.700, 154
Trd, 000261.283, 153
Trd, 000261.550, 154
Trd, 000261.583, 153
Trd, 000261.617, 155.0
Trd, 000262.283, 154
Trd, 000262.467, 155
Trd, 000262.817, 158.0
Trd, 000263.633, 153
Trd, 000263.950, 152
Trd, 000264.733, 157
Trd, 000265.800, 153
Trd, 000265.917, 152
Trd, 000266.017, 157
Trd, 000266.283, 152.0
Trd, 000266.400, 151.0
Trd, 000266.567, 148
Trd, 000267.383, 148
Trd, 000267.717, 151.0
Trd, 000267.750, 155.0
Trd, 000268.500, 152
Trd, 000269.250, 152
Trd, 000270.017, 153.0
Trd, 000270.200, 158.0
Trd, 000270.417, 151.0
Trd, 000270.733, 150
Trd, 000271.167, 157
Trd, 000271.467, 157
Trd, 000272.033, 155
Trd, 000272.200, 155
Trd, 000272.783, 154
Trd, 000273.083, 155
Trd, 000273.117, 156
Trd, 000273.150, 154
Trd, 000273.350, 148.0
Trd, 000273.483, 157
Trd, 000274.200, 161
Trd, 000275.567, 158.0
Trd, 000276.183, 156
Trd, 000276.433, 155
Trd, 000276.767, 155.0
Trd, 000277.083, 151.0
Trd, 000277.100, 157
Trd, 000277.533, 151.0
Trd, 000278.217, 150
Trd, 000278.767, 150
Trd, 000278.900, 151.0
Trd, 000278.967, 150
Trd, 000279.667, 153
Trd, 000279.983, 150
Trd, 000280.000, 152
Trd, 000280.267, 150
Trd, 000280.283, 148.0
Trd, 000280.950, 144.0
Trd, 000282.150, 134.0
Trd, 000282.217, 142
Trd, 000282.350, 141.0
Trd, 000282.450, 142
Trd, 000282.900, 155.0
Trd, 000283.633, 149.0
Trd, 000283.917, 157.0
Trd, 000284.150, 158.0
Trd, 000284.917, 151
Trd, 000285.200, 151.0
Trd, 000285.650, 149.0
Trd, 000286.350, 148.0
Trd, 000286.550, 144.0
Trd, 000286.700, 157
Trd, 000287.150, 150
Trd, 000287.533, 143
Trd, 000288.667, 151.0
Trd, 000288.800, 157.0
Trd, 000289.433, 152
Trd, 000290.433, 150
Trd, 000290.700, 152
Trd, 000290.733, 158.0
Trd, 000292.233, 154
Trd, 000292.600, 155
Trd, 000292.683, 154
Trd, 000292.850, 156
Trd, 000292.967, 162
Trd, 000293.000, 153
Trd, 000294.383, 151.0
Trd, 000294.717, 152
Trd, 000295.033, 149
Trd, 000295.333, 145.0
Trd, 000295.667, 151.0
Trd, 000296.900, 149
Trd, 000296.967, 155
Trd, 000297.117, 155
Trd, 000298.217, 151.0
Trd, 000299.333, 151.0
Trd, 000299.550, 150
Trd, 000299.617, 152
