Trd, 000001.067, 111
Trd, 000001.317, 127
Trd, 000002.817, 141
Trd, 000004.333, 147
Trd, 000004.533, 148
Trd, 000004.850, 136.0
Trd, 000005.617, 143
Trd, 000006.117, 144
Trd, 000007.167, 143.0
Trd, 000007.433, 143.0
Trd, 000007.517, 142
Trd, 000007.900, 140
Trd, 000008.450, 143.0
Trd, 000009.383, 158.0
Trd, 000009.833, 151
Trd, 000011.233, 148
Trd, 000011.733, 147
Trd, 000011.983, 149
Trd, 000012.883, 150
Trd, 000013.200, 150
Trd, 000013.450, 149
Trd, 000014.150, 150
Trd, 000015.133, 150
Trd, 000015.717, 149
Trd, 000016.483, 148
Trd, 000017.217, 146
Trd, 000017.467, 146
Trd, 000017.683, 145
Trd, 000018.617, 143
Trd, 000018.650, 141.0
Trd, 000018.900, 141
Trd, 000019.217, 142
Trd, 000019.533, 143
Trd, 000019.867, 131.0
Trd, 000022.133, 144
Trd, 000022.250, 144
Trd, 000022.300, 145
Trd, 000022.767, 145
Trd, 000023.600, 145
Trd, 000024.517, 146
Trd, 000024.767, 143
Trd, 000025.167, 142
Trd, 000025.283, 141.0
Trd, 000025.633, 146
Trd, 000026.417, 141.0
Trd, 000027.300, 140
Trd, 000027.583, 139
Trd, 000027.717, 139
Trd, 000029.317, 138
Trd, 000029.500, 138.0
Trd, 000030.150, 138
Trd, 000030.283, 138.0
Trd, 000031.167, 139
Trd, 000031.317, 138
Trd, 000033.367, 138
Trd, 000033.650, 139
Trd, 000033.667, 139
Trd, 000034.533, 141
Trd, 000035.250, 138
Trd, 000035.583, 139
Trd, 000036.167, 139
Trd, 000036.850, 140
Trd, 000037.250, 141
Trd, 000037.333, 140
Trd, 000037.917, 139
Trd, 000037.950, 142
Trd, 000039.367, 144
Trd, 000040.067, 144
Trd, 000040.233, 145
Trd, 000040.450, 144
Trd, 000041.617, 155.0
Trd, 000042.050, 146
Trd, 000042.367, 147
Trd, 000042.717, 144
Trd, 000043.283, 143
Trd, 000043.833, 148
Trd, 000043.983, 145
Trd, 000044.533, 148
Trd, 000044.567, 147
Trd, 000044.867, 145
Trd, 000045.483, 143
Trd, 000046.167, 133.0
Trd, 000046.567, 145
Trd, 000046.950, 141.0
Trd, 000047.400, 139
Trd, 000048.150, 144
Trd, 000048.733, 143
Trd, 000049.100, 143
Trd, 000049.783, 144
Trd, 000050.050, 143
Trd, 000050.867, 144
Trd, 000050.883, 144
Trd, 000051.517, 145
Trd, 000051.533, 135
Trd, 000051.667, 131.0
Trd, 000053.267, 143
Trd, 000053.300, 144
Trd, 000053.517, 158.0
Trd, 000054.900, 145
Trd, 000056.267, 145
Trd, 000056.317, 144
Trd, 000057.267, 145
Trd, 000057.483, 145
Trd, 000057.583, 144
Trd, 000058.633, 143
Trd, 000058.717, 143
Trd, 000058.883, 142.0
Trd, 000060.050, 143.0
Trd, 000061.283, 143
Trd, 000061.800, 142
Trd, 000062.067, 141.0
Trd, 000062.950, 141.0
Trd, 000063.367, 142
Trd, 000063.417, 140
Trd, 000063.933, 140
Trd, 000063.967, 139
Trd, 000064.050, 131.0
Trd, 000064.417, 144
Trd, 000064.517, 146
Trd, 000065.733, 142
Trd, 000066.017, 135
Trd, 000066.250, 143
Trd, 000066.750, 144
Trd, 000067.283, 144
Trd, 000067.867, 145
Trd, 000068.467, 145
Trd, 000069.450, 146
Trd, 000069.483, 147
Trd, 000071.117, 148
Trd, 000072.017, 148
Trd, 000072.633, 149.0
Trd, 000073.250, 150.0
Trd, 000073.367, 150.0
Trd, 000073.650, 151
Trd, 000073.783, 148
Trd, 000074.000, 147
Trd, 000075.333, 152
Trd, 000075.583, 151
Trd, 000075.800, 153
Trd, 000077.450, 150
Trd, 000078.300, 151
Trd, 000078.867, 150
Trd, 000078.883, 149
Trd, 000079.550, 151
Trd, 000081.383, 150
Trd, 000081.667, 151
Trd, 000082.167, 149
Trd, 000082.667, 149
Trd, 000083.017, 149
Trd, 000083.283, 149
Trd, 000084.317, 149
Trd, 000084.883, 146
Trd, 000085.667, 148
Trd, 000086.233, 148
Trd, 000087.317, 147
Trd, 000087.733, 146
Trd, 000088.450, 145
Trd, 000088.833, 147
Trd, 000089.417, 147
Trd, 000089.717, 147
Trd, 000089.783, 147
Trd, 000090.517, 145
Trd, 000090.933, 146
Trd, 000091.417, 145
Trd, 000091.600, 145
Trd, 000091.683, 144
Trd, 000092.650, 145
Trd, 000093.367, 142
Trd, 000093.383, 143
Trd, 000093.800, 141.0
Trd, 000094.917, 141
Trd, 000095.633, 144
Trd, 000095.900, 143
Trd, 000096.283, 144
Trd, 000096.333, 142
Trd, 000098.117, 153
Trd, 000098.583, 153
Trd, 000099.267, 151
Trd, 000099.767, 152
Trd, 000100.033, 154
Trd, 000101.083, 152
Trd, 000101.433, 151
Trd, 000101.867, 150
Trd, 000102.250, 149
Trd, 000102.667, 148
Trd, 000103.000, 141.0
Trd, 000103.317, 145
Trd, 000103.650, 134
Trd, 000104.267, 144
Trd, 000104.617, 143
Trd, 000105.517, 144
Trd, 000106.033, 144
Trd, 000106.050, 142.0
Trd, 000106.633, 143.0
Trd, 000106.783, 141.0
Trd, 000107.417, 144
Trd, 000107.917, 142
Trd, 000107.933, 140
Trd, 000107.967, 143
Trd, 000108.133, 131.0
Trd, 000109.767, 139
Trd, 000110.033, 138
Trd, 000110.267, 138
Trd, 000111.567, 142
Trd, 000111.650, 144
Trd, 000112.700, 143
Trd, 000113.067, 143
Trd, 000113.850, 142
Trd, 000113.883, 141.0
Trd, 000114.017, 131.0
Trd, 000116.183, 139
Trd, 000116.350, 139
Trd, 000117.000, 138
Trd, 000117.250, 137
Trd, 000118.683, 138
Trd, 000118.917, 141
Trd, 000118.983, 141
Trd, 000119.000, 137
Trd, 000120.250, 140
Trd, 000120.467, 141
Trd, 000120.833, 137
Trd, 000121.733, 137
Trd, 000122.450, 139
Trd, 000122.767, 142
Trd, 000122.817, 139
Trd, 000124.100, 144
Trd, 000124.317, 143
Trd, 000124.717, 141
Trd, 000125.167, 144
Trd, 000125.383, 146
Trd, 000126.467, 150
Trd, 000127.167, 150
Trd, 000127.600, 149
Trd, 000128.133, 149
Trd, 000128.750, 149
Trd, 000128.867, 150.0
Trd, 000129.817, 141.0
Trd, 000129.867, 151
Trd, 000129.883, 168.0
Trd, 000130.283, 146
Trd, 000131.400, 151
Trd, 000131.567, 150
Trd, 000131.750, 150
Trd, 000132.167, 150
Trd, 000132.967, 149
Trd, 000133.533, 149
Trd, 000133.667, 149
Trd, 000134.233, 131.0
Trd, 000134.383, 142
Trd, 000135.133, 141
Trd, 000135.150, 140
Trd, 000135.367, 127.0
Trd, 000135.517, 144
Trd, 000137.333, 141
Trd, 000138.000, 142
Trd, 000138.750, 142
Trd, 000138.950, 140
Trd, 000139.200, 143
Trd, 000139.633, 144
Trd, 000140.117, 142.0
Trd, 000140.600, 143.0
Trd, 000140.867, 141.0
Trd, 000143.033, 144
Trd, 000144.367, 142
Trd, 000145.367, 141.0
Trd, 000145.700, 144
Trd, 000145.933, 142
Trd, 000146.350, 144
Trd, 000146.850, 145
Trd, 000147.550, 146
Trd, 000147.917, 148
Trd, 000148.000, 147
Trd, 000148.117, 144
Trd, 000148.250, 149
Trd, 000149.317, 148
Trd, 000150.850, 147
Trd, 000151.767, 142.0
Trd, 000152.600, 144
Trd, 000152.917, 143.0
Trd, 000153.417, 144
Trd, 000154.000, 144
Trd, 000154.350, 144
Trd, 000154.967, 145
Trd, 000155.000, 144
Trd, 000155.017, 143.0
Trd, 000155.317, 142
Trd, 000156.683, 152
Trd, 000157.100, 151
Trd, 000158.283, 150
Trd, 000158.717, 150
Trd, 000159.200, 150
Trd, 000160.350, 148
Trd, 000160.883, 151
Trd, 000161.617, 149
Trd, 000162.783, 148
Trd, 000162.800, 150
Trd, 000162.817, 148
Trd, 000163.767, 149
Trd, 000164.267, 148
Trd, 000164.833, 148
Trd, 000165.400, 147
Trd, 000165.650, 149
Trd, 000165.983, 149
Trd, 000166.217, 149
Trd, 000166.267, 145
Trd, 000166.517, 150
Trd, 000166.750, 141.0
Trd, 000168.467, 151
Trd, 000168.917, 149
Trd, 000169.400, 150
Trd, 000169.583, 148
Trd, 000170.167, 149
Trd, 000170.183, 148
Trd, 000170.250, 141.0
Trd, 000171.417, 127.0
Trd, 000171.650, 124.0
Trd, 000172.117, 145
Trd, 000173.317, 141
Trd, 000173.783, 142
Trd, 000173.900, 142
Trd, 000174.950, 141
Trd, 000175.800, 145
Trd, 000175.983, 141.0
Trd, 000177.117, 149
Trd, 000177.333, 149
Trd, 000177.517, 148
Trd, 000177.733, 157.0
Trd, 000178.583, 149
Trd, 000178.833, 150
Trd, 000178.867, 151
Trd, 000179.517, 150
Trd, 000180.117, 149
Trd, 000180.200, 150
Trd, 000180.717, 142.0
Trd, 000180.783, 145
Trd, 000182.367, 141.0
Trd, 000184.100, 142
Trd, 000184.433, 142
Trd, 000184.950, 142
Trd, 000185.233, 141.0
Trd, 000186.083, 142
Trd, 000186.167, 141
Trd, 000186.900, 142
Trd, 000187.817, 144
Trd, 000188.250, 142
Trd, 000188.567, 142
Trd, 000188.800, 140
Trd, 000189.367, 131.0
Trd, 000189.850, 141.0
Trd, 000190.033, 141
Trd, 000190.517, 137
Trd, 000190.883, 137
Trd, 000191.350, 140
Trd, 000191.567, 141
Trd, 000192.550, 142
Trd, 000193.017, 145
Trd, 000193.250, 146
Trd, 000193.617, 145
Trd, 000193.767, 145
Trd, 000194.600, 145
Trd, 000195.067, 145
Trd, 000195.217, 142.0
Trd, 000195.600, 142
Trd, 000195.850, 141.0
Trd, 000196.733, 145
Trd, 000197.200, 146
Trd, 000197.767, 167.0
Trd, 000198.200, 144
Trd, 000198.833, 144
Trd, 000199.150, 143
Trd, 000199.800, 143
Trd, 000200.317, 155
Trd, 000201.017, 151
Trd, 000201.450, 149
Trd, 000201.967, 147
Trd, 000202.833, 147
Trd, 000203.400, 148
Trd, 000204.700, 148
Trd, 000205.050, 147
Trd, 000205.567, 142.0
Trd, 000206.833, 144
Trd, 000206.950, 141.0
Trd, 000207.617, 131.0
Trd, 000207.900, 140
Trd, 000207.967, 127.0
Trd, 000209.500, 137
Trd, 000210.050, 137
Trd, 000210.133, 136
Trd, 000210.550, 141
Trd, 000211.600, 137
Trd, 000212.600, 141
Trd, 000213.383, 138
Trd, 000213.983, 140
Trd, 000214.483, 139
Trd, 000214.600, 139
Trd, 000215.150, 140
Trd, 000216.517, 140
Trd, 000216.733, 141
Trd, 000216.833, 142
Trd, 000217.617, 151
Trd, 000217.817, 150
Trd, 000218.083, 152
Trd, 000219.333, 156
Trd, 000219.450, 155
Trd, 000219.917, 152
Trd, 000220.000, 156
Trd, 000222.683, 145
Trd, 000222.750, 145
Trd, 000223.500, 144.0
Trd, 000223.800, 145
Trd, 000224.167, 143.0
Trd, 000224.517, 142.0
Trd, 000225.033, 141.0
Trd, 000225.050, 144
Trd, 000225.233, 139
Trd, 000226.183, 135
Trd, 000226.467, 138
Trd, 000227.117, 139
Trd, 000227.183, 133
Trd, 000228.233, 132
Trd, 000228.567, 131.0
Trd, 000229.783, 133
Trd, 000230.617, 134
Trd, 000230.700, 135
Trd, 000231.517, 136
Trd, 000231.867, 137
Trd, 000232.183, 138
Trd, 000233.483, 141
Trd, 000234.433, 167
Trd, 000235.033, 153
Trd, 000235.767, 154
Trd, 000236.183, 154
Trd, 000236.583, 154
Trd, 000237.233, 155
Trd, 000237.667, 155
Trd, 000238.483, 156
Trd, 000238.683, 154
Trd, 000239.883, 156
Trd, 000239.900, 155
Trd, 000240.033, 156
Trd, 000240.383, 154
Trd, 000240.617, 153
Trd, 000240.950, 144.0
Trd, 000241.167, 142.0
Trd, 000241.933, 148.0
Trd, 000242.633, 145
Trd, 000242.867, 145
Trd, 000242.983, 146
Trd, 000243.050, 144.0
Trd, 000243.683, 143
Trd, 000244.100, 141.0
Trd, 000244.683, 142
Trd, 000244.850, 143
Trd, 000245.333, 143
Trd, 000245.650, 143
Trd, 000246.017, 143.0
Trd, 000246.450, 144
Trd, 000247.617, 144
Trd, 000247.850, 145
Trd, 000248.633, 143
Trd, 000248.950, 146
Trd, 000249.083, 147.0
Trd, 000249.167, 144
Trd, 000249.867, 141.0
Trd, 000250.300, 142
Trd, 000250.917, 143
Trd, 000251.267, 144
Trd, 000251.583, 145
Trd, 000252.200, 148
Trd, 000252.500, 144
Trd, 000252.967, 147.0
Trd, 000253.583, 147.0
Trd, 000253.867, 147.0
Trd, 000254.600, 144
Trd, 000256.217, 148.0
Trd, 000256.567, 148
Trd, 000256.733, 148
Trd, 000256.850, 149
Trd, 000257.267, 150
Trd, 000258.100, 151
Trd, 000258.367, 148
Trd, 000258.650, 154.0
Trd, 000258.950, 154.0
Trd, 000259.517, 153.0
Trd, 000259.800, 158.0
Trd, 000260.400, 157
Trd, 000260.750, 152.0
Trd, 000261.300, 162.0
Trd, 000261.833, 154
Trd, 000262.033, 153
Trd, 000262.750, 152.0
Trd, 000263.183, 151
Trd, 000263.367, 150
Trd, 000263.567, 144.0
Trd, 000265.067, 151
Trd, 000266.033, 151
Trd, 000266.383, 150.0
Trd, 000266.483, 146
Trd, 000266.983, 151
Trd, 000267.233, 150.0
Trd, 000267.417, 151
Trd, 000267.833, 143
Trd, 000268.950, 141.0
Trd, 000268.967, 134.0
Trd, 000269.567, 137.0
Trd, 000269.683, 138
Trd, 000270.117, 140
Trd, 000271.400, 142
Trd, 000271.600, 145
Trd, 000272.683, 148.0
Trd, 000273.033, 155.0
Trd, 000273.367, 148
Trd, 000273.900, 146
Trd, 000274.550, 148
Trd, 000274.733, 149
Trd, 000274.800, 148
Trd, 000274.900, 147
Trd, 000275.600, 148
Trd, 000275.883, 147
Trd, 000276.567, 149
Trd, 000276.683, 147
Trd, 000277.067, 145
Trd, 000277.367, 153.0
Trd, 000278.800, 151
Trd, 000279.133, 152
Trd, 000279.250, 151
Trd, 000279.767, 151
Trd, 000280.583, 148
Trd, 000281.250, 147
Trd, 000281.400, 153.0
Trd, 000282.383, 152
Trd, 000282.833, 151
Trd, 000283.067, 148
Trd, 000283.167, 149
Trd, 000283.967, 147
Trd, 000284.333, 151
Trd, 000285.050, 149
Trd, 000285.433, 152
Trd, 000285.933, 152
Trd, 000286.033, 153.0
Trd, 000286.900, 148
Trd, 000288.933, 151
Trd, 000289.017, 150
Trd, 000289.117, 155.0
Trd, 000289.500, 149
Trd, 000290.400, 152
Trd, 000290.683, 153
Trd, 000290.717, 152
Trd, 000291.017, 153
Trd, 000291.417, 148
Trd, 000292.517, 153
Trd, 000292.983, 152
Trd, 000293.433, 150
Trd, 000294.400, 153
Trd, 000294.750, 154
Trd, 000294.917, 152
Trd, 000295.100, 151
Trd, 000295.483, 152
Trd, 000296.217, 151
Trd, 000296.700, 151
Trd, 000296.867, 150
Trd, 000297.217, 151
Trd, 000297.450, 144.0
Trd, 000297.517, 152
Trd, 000297.667, 134.0
Trd, 000297.800, 153
Trd, 000297.883, 155.0
Trd, 000298.917, 156
Trd, 000299.233, 155
Trd, 000299.250, 156.0
Trd, 000299.600, 146
