Trd, 000001.233, 179.0
Trd, 000001.617, 190
Trd, 000002.150, 186
Trd, 000002.250, 145
Trd, 000003.250, 150
Trd, 000004.100, 142
Trd, 000004.483, 141
Trd, 000005.050, 150
Trd, 000005.733, 152
Trd, 000006.183, 141
Trd, 000006.500, 140
Trd, 000006.700, 139
Trd, 000008.100, 148
Trd, 000008.433, 138
Trd, 000008.800, 139
Trd, 000010.000, 142
Trd, 000010.667, 143
Trd, 000011.550, 144
Trd, 000012.383, 143
Trd, 000012.800, 141
Trd, 000013.033, 142
Trd, 000013.050, 148
Trd, 000013.183, 173
Trd, 000013.317, 139
Trd, 000013.550, 174.0
Trd, 000013.917, 139
Trd, 000015.283, 158
Trd, 000016.567, 160
Trd, 000016.767, 157.0
Trd, 000017.350, 170
Trd, 000017.367, 158.0
Trd, 000018.283, 163
Trd, 000019.450, 163
Trd, 000019.467, 161
Trd, 000019.733, 163
Trd, 000020.167, 162
Trd, 000020.283, 154
Trd, 000021.083, 156
Trd, 000021.667, 160.0
Trd, 000022.117, 159
Trd, 000022.800, 161
Trd, 000022.833, 156
Trd, 000022.900, 156
Trd, 000023.367, 160
Trd, 000024.300, 155
Trd, 000025.250, 160
Trd, 000025.433, 156
Trd, 000027.717, 159
Trd, 000027.883, 159
Trd, 000028.600, 159
Trd, 000028.917, 161
Trd, 000029.383, 158
Trd, 000029.583, 158.0
Trd, 000029.783, 160
Trd, 000029.900, 157
Trd, 000030.583, 156
Trd, 000031.917, 158
Trd, 000033.017, 158
Trd, 000033.233, 154
Trd, 000033.533, 152.0
Trd, 000033.667, 160
Trd, 000034.500, 160
Trd, 000036.300, 156
Trd, 000036.617, 156
Trd, 000036.733, 159
Trd, 000037.000, 154
Trd, 000037.383, 156
Trd, 000037.750, 157
Trd, 000038.133, 159
Trd, 000038.283, 162.0
Trd, 000038.983, 157
Trd, 000039.650, 157
Trd, 000040.517, 156
Trd, 000041.267, 158
Trd, 000041.833, 155
Trd, 000042.117, 156
Trd, 000042.267, 154
Trd, 000042.550, 155
Trd, 000042.783, 156
Trd, 000043.067, 169
Trd, 000044.050, 157
Trd, 000045.467, 157
Trd, 000045.900, 156
Trd, 000046.250, 155
Trd, 000047.783, 154
Trd, 000049.033, 155
Trd, 000049.517, 156
Trd, 000049.667, 158
Trd, 000049.850, 159
Trd, 000050.600, 159
Trd, 000051.000, 156
Trd, 000051.333, 159
Trd, 000051.483, 161
Trd, 000053.150, 162.0
Trd, 000053.433, 158
Trd, 000053.700, 161
Trd, 000054.033, 160.0
Trd, 000054.100, 158.0
Trd, 000054.550, 157
Trd, 000057.050, 161
Trd, 000057.450, 157
Trd, 000058.467, 161
Trd, 000059.117, 160
Trd, 000059.433, 157
Trd, 000059.833, 156
Trd, 000060.233, 157
Trd, 000060.383, 158
Trd, 000060.467, 155
Trd, 000060.967, 156
Trd, 000061.050, 154
Trd, 000061.750, 152.0
Trd, 000063.000, 156
Trd, 000063.283, 156
Trd, 000063.600, 156
Trd, 000063.933, 155
Trd, 000064.317, 152
Trd, 000064.450, 153
Trd, 000066.383, 154.0
Trd, 000066.517, 155
Trd, 000066.983, 153.0
Trd, 000067.650, 156
Trd, 000067.817, 157
Trd, 000068.300, 158
Trd, 000069.233, 159
Trd, 000069.533, 158
Trd, 000069.600, 161.0
Trd, 000069.700, 162.0
Trd, 000069.817, 155
Trd, 000070.000, 153
Trd, 000071.800, 162
Trd, 000071.983, 153
Trd, 000072.133, 163
Trd, 000072.417, 152
Trd, 000073.133, 151.0
Trd, 000073.217, 150
Trd, 000074.550, 158
Trd, 000075.167, 158
Trd, 000075.617, 157
Trd, 000076.617, 156
Trd, 000076.650, 156
Trd, 000076.817, 157
Trd, 000077.167, 156
Trd, 000077.617, 159
Trd, 000077.867, 156
Trd, 000078.233, 144
Trd, 000079.767, 151
Trd, 000080.533, 161.0
Trd, 000080.633, 153.0
Trd, 000081.717, 154
Trd, 000081.733, 153.0
Trd, 000081.950, 152
Trd, 000082.133, 151.0
Trd, 000083.217, 161.0
Trd, 000083.750, 162.0
Trd, 000084.700, 172
Trd, 000084.950, 158.0
Trd, 000084.983, 174
Trd, 000085.467, 166
Trd, 000086.467, 161
Trd, 000086.567, 161
Trd, 000086.833, 165
Trd, 000088.050, 163
Trd, 000088.267, 162
Trd, 000088.450, 161
Trd, 000089.433, 154
Trd, 000090.050, 145
Trd, 000090.433, 159
Trd, 000090.467, 161
Trd, 000090.850, 151.0
Trd, 000091.083, 155
Trd, 000092.017, 153
Trd, 000092.883, 150
Trd, 000092.950, 154
Trd, 000093.000, 161
Trd, 000093.750, 157
Trd, 000094.383, 158
Trd, 000094.817, 157
Trd, 000095.817, 158
Trd, 000096.400, 158
Trd, 000097.317, 159
Trd, 000097.850, 157
Trd, 000097.967, 158
Trd, 000098.383, 158
Trd, 000098.550, 158
Trd, 000099.083, 159
Trd, 000099.550, 155
Trd, 000099.700, 154
Trd, 000099.833, 159
Trd, 000100.600, 160
Trd, 000101.317, 159
Trd, 000102.917, 158
Trd, 000103.450, 160
Trd, 000103.567, 159
Trd, 000103.900, 161.0
Trd, 000103.933, 162.0
Trd, 000105.600, 158
Trd, 000106.100, 158.0
Trd, 000106.117, 162
Trd, 000106.467, 160
Trd, 000107.200, 161
Trd, 000107.350, 159
Trd, 000108.067, 158.0
Trd, 000108.183, 160
Trd, 000108.750, 157
Trd, 000109.300, 161
Trd, 000109.833, 156
Trd, 000111.600, 156
Trd, 000111.867, 156
Trd, 000112.133, 159
Trd, 000112.967, 157
Trd, 000113.833, 154
Trd, 000114.067, 154
Trd, 000114.283, 151.0
Trd, 000114.883, 145
Trd, 000115.167, 154
Trd, 000115.617, 140
Trd, 000115.817, 162.0
Trd, 000116.700, 152
Trd, 000116.950, 150
Trd, 000118.317, 152
Trd, 000118.417, 155
Trd, 000119.033, 162.0
Trd, 000119.117, 151
Trd, 000119.167, 150
Trd, 000120.600, 158
Trd, 000121.050, 158
Trd, 000121.700, 155
Trd, 000123.167, 157
Trd, 000125.200, 155
Trd, 000125.500, 159
Trd, 000125.900, 159
Trd, 000126.200, 155
Trd, 000126.700, 161
Trd, 000126.883, 155
Trd, 000127.533, 153
Trd, 000127.783, 152
Trd, 000128.000, 159
Trd, 000128.083, 151.0
Trd, 000128.950, 160
Trd, 000129.617, 171
Trd, 000130.483, 159
Trd, 000131.350, 167
Trd, 000131.367, 166
Trd, 000132.167, 164
Trd, 000132.417, 164
Trd, 000133.350, 164
Trd, 000133.867, 160
Trd, 000134.000, 166
Trd, 000135.683, 162
Trd, 000135.750, 158
Trd, 000136.350, 158
Trd, 000136.433, 156
Trd, 000137.000, 159
Trd, 000137.233, 161
Trd, 000137.350, 154
Trd, 000138.383, 161
Trd, 000139.067, 159
Trd, 000140.150, 161
Trd, 000140.200, 160
Trd, 000141.300, 159
Trd, 000142.633, 160
Trd, 000143.017, 159
Trd, 000143.783, 158
Trd, 000143.950, 158
Trd, 000144.483, 159
Trd, 000145.083, 158
Trd, 000145.317, 157
Trd, 000145.333, 159
Trd, 000145.817, 158
Trd, 000146.117, 157
Trd, 000146.567, 157
Trd, 000147.200, 156
Trd, 000147.367, 158
Trd, 000148.733, 158
Trd, 000148.950, 160
Trd, 000150.517, 158.0
Trd, 000150.850, 157
Trd, 000150.950, 157
Trd, 000151.100, 154
Trd, 000151.650, 156
Trd, 000153.083, 156
Trd, 000153.417, 154
Trd, 000153.667, 152.0
Trd, 000153.883, 156
Trd, 000153.933, 157
Trd, 000154.767, 152
Trd, 000155.217, 151
Trd, 000155.300, 151.0
Trd, 000155.367, 154
Trd, 000155.400, 155
Trd, 000156.033, 151
Trd, 000156.583, 157
Trd, 000157.433, 157
Trd, 000157.650, 149
Trd, 000158.383, 157
Trd, 000159.600, 151
Trd, 000160.233, 151
Trd, 000160.300, 158
Trd, 000160.350, 158
Trd, 000160.700, 151
Trd, 000162.617, 155
Trd, 000163.033, 153
Trd, 000163.200, 150
Trd, 000163.467, 158
Trd, 000163.983, 148
Trd, 000164.417, 157
Trd, 000164.617, 151.0
Trd, 000165.217, 156
Trd, 000166.133, 155
Trd, 000166.967, 157
Trd, 000167.033, 165
Trd, 000169.433, 163
Trd, 000170.400, 161
Trd, 000170.517, 163
Trd, 000170.983, 159.0
Trd, 000171.667, 163
Trd, 000171.983, 164
Trd, 000172.183, 161
Trd, 000172.617, 160
Trd, 000173.067, 160
Trd, 000174.050, 161
Trd, 000174.300, 158.0
Trd, 000175.867, 159
Trd, 000175.900, 159
Trd, 000176.033, 156
Trd, 000176.817, 154
Trd, 000177.283, 152.0
Trd, 000177.333, 159
Trd, 000177.367, 140
Trd, 000178.217, 154
Trd, 000178.833, 149
Trd, 000178.867, 150
Trd, 000180.167, 145
Trd, 000180.517, 148
Trd, 000180.800, 146
Trd, 000181.183, 149
Trd, 000181.217, 149
Trd, 000181.683, 150
Trd, 000181.767, 162.0
Trd, 000182.483, 154
Trd, 000183.100, 162
Trd, 000183.517, 171
Trd, 000185.900, 164
Trd, 000186.100, 162
Trd, 000186.433, 162
Trd, 000186.567, 158.0
Trd, 000188.717, 159
Trd, 000188.833, 159
Trd, 000188.867, 158
Trd, 000189.450, 160
Trd, 000190.350, 155
Trd, 000191.067, 159
Trd, 000191.117, 159
Trd, 000191.517, 161
Trd, 000191.800, 161
Trd, 000192.150, 162.0
Trd, 000193.450, 158
Trd, 000194.033, 159
Trd, 000195.083, 157
Trd, 000195.900, 156
Trd, 000196.433, 158
Trd, 000196.683, 155
Trd, 000196.767, 154
Trd, 000197.650, 157
Trd, 000198.033, 155
Trd, 000198.267, 155
Trd, 000198.400, 158
Trd, 000199.350, 157
Trd, 000199.950, 154
Trd, 000200.300, 153
Trd, 000200.883, 154
Trd, 000201.817, 153
Trd, 000202.067, 159
Trd, 000202.567, 157
Trd, 000203.133, 151
Trd, 000203.583, 152
Trd, 000203.817, 151.0
Trd, 000204.033, 150
Trd, 000205.583, 155
Trd, 000206.950, 149
Trd, 000207.567, 151
Trd, 000207.983, 150
Trd, 000208.017, 151
Trd, 000208.283, 152
Trd, 000209.067, 140
Trd, 000209.600, 138
Trd, 000209.733, 147
Trd, 000209.850, 148
Trd, 000209.867, 148
Trd, 000210.350, 158
Trd, 000211.550, 162.0
Trd, 000212.467, 165
Trd, 000212.833, 139
Trd, 000213.367, 148
Trd, 000213.467, 149
Trd, 000213.750, 149
Trd, 000214.050, 149
Trd, 000214.583, 150
Trd, 000215.117, 151
Trd, 000216.233, 151
Trd, 000217.600, 154
Trd, 000217.667, 153
Trd, 000218.667, 152
Trd, 000218.717, 160.0
Trd, 000218.867, 151
Trd, 000219.333, 158
Trd, 000220.850, 154
Trd, 000221.350, 155
Trd, 000221.517, 158
Trd, 000221.617, 172
Trd, 000223.033, 166
Trd, 000223.800, 165
Trd, 000224.467, 165
Trd, 000224.533, 166
Trd, 000225.367, 175.0
Trd, 000225.650, 161
Trd, 000226.183, 168
Trd, 000226.850, 164
Trd, 000227.117, 158.0
Trd, 000227.683, 154
Trd, 000229.217, 157
Trd, 000230.317, 157
Trd, 000230.733, 158
Trd, 000231.033, 156
Trd, 000231.133, 159
Trd, 000232.133, 157
Trd, 000232.283, 155
Trd, 000232.517, 154
Trd, 000233.983, 158
Trd, 000234.617, 156
Trd, 000234.850, 153.0
Trd, 000234.917, 151.0
Trd, 000235.833, 151
Trd, 000235.867, 159
Trd, 000235.883, 162.0
Trd, 000236.033, 152.0
Trd, 000236.600, 163
Trd, 000238.767, 164
Trd, 000239.533, 163
Trd, 000239.950, 164
Trd, 000239.983, 162
Trd, 000240.433, 163
Trd, 000240.617, 161
Trd, 000240.750, 158.0
Trd, 000241.067, 158
Trd, 000241.183, 160
Trd, 000241.917, 154
Trd, 000242.083, 157
Trd, 000242.617, 157
Trd, 000243.833, 155
Trd, 000244.150, 155
Trd, 000244.550, 155
Trd, 000245.000, 156
Trd, 000245.417, 155
Trd, 000245.533, 154
Trd, 000245.767, 153
Trd, 000245.783, 154
Trd, 000246.367, 151.0
Trd, 000247.083, 153
Trd, 000247.533, 152
Trd, 000248.283, 152
Trd, 000248.300, 154
Trd, 000248.317, 154
Trd, 000248.833, 158
Trd, 000248.967, 158
Trd, 000249.500, 161.0
Trd, 000249.850, 169
Trd, 000250.133, 152
Trd, 000250.183, 151
Trd, 000250.483, 160
Trd, 000250.817, 160
Trd, 000251.183, 159
Trd, 000251.233, 156.0
Trd, 000252.167, 155
Trd, 000252.883, 154
Trd, 000253.417, 154
Trd, 000253.533, 156
Trd, 000253.983, 154
Trd, 000254.517, 157
Trd, 000255.233, 156
Trd, 000255.617, 157
Trd, 000255.683, 158
Trd, 000255.717, 153
Trd, 000256.367, 156
Trd, 000256.383, 171
Trd, 000257.600, 154
Trd, 000258.583, 157
Trd, 000258.767, 154
Trd, 000259.100, 159
Trd, 000259.417, 154
Trd, 000260.017, 158
Trd, 000260.650, 158
Trd, 000261.033, 155
Trd, 000261.483, 158
Trd, 000261.867, 156
Trd, 000262.017, 155
Trd, 000262.200, 154
Trd, 000262.683, 158
Trd, 000263.200, 156
Trd, 000263.250, 148.0
Trd, 000263.333, 160
Trd, 000263.467, 143
Trd, 000264.283, 150
Trd, 000265.367, 148.0
Trd, 000265.450, 149.0
Trd, 000265.883, 158
Trd, 000266.600, 150
Trd, 000267.083, 147
Trd, 000267.450, 144
Trd, 000267.550, 149
Trd, 000268.200, 152
Trd, 000268.717, 158
Trd, 000269.817, 159
Trd, 000270.783, 156
Trd, 000271.150, 151.0
Trd, 000271.283, 156
Trd, 000271.350, 157
Trd, 000271.383, 153
Trd, 000271.483, 160
Trd, 000271.683, 153
Trd, 000273.083, 158
Trd, 000273.250, 160
Trd, 000273.700, 157
Trd, 000274.033, 156
Trd, 000274.333, 157
Trd, 000274.467, 159
Trd, 000274.500, 160
Trd, 000274.567, 160
Trd, 000275.683, 161
Trd, 000275.967, 171
Trd, 000276.883, 155
Trd, 000277.083, 154
Trd, 000277.283, 160
Trd, 000278.100, 159
Trd, 000278.417, 172
Trd, 000279.750, 165.0
Trd, 000279.783, 166.0
Trd, 000279.850, 160
Trd, 000279.983, 158
Trd, 000280.283, 166
Trd, 000280.333, 167.0
Trd, 000280.683, 166
Trd, 000280.750, 158
Trd, 000281.167, 158.0
Trd, 000282.567, 164
Trd, 000282.733, 165
Trd, 000282.933, 158
Trd, 000283.250, 154
Trd, 000283.950, 162.0
Trd, 000283.967, 161.0
Trd, 000284.200, 151.0
Trd, 000284.317, 156
Trd, 000284.767, 166
Trd, 000285.033, 166
Trd, 000285.983, 153
Trd, 000286.200, 169
Trd, 000286.267, 174.0
Trd, 000286.500, 152
Trd, 000287.367, 151.0
Trd, 000288.133, 149.0
Trd, 000288.450, 156
Trd, 000288.533, 158
Trd, 000289.850, 150
Trd, 000290.067, 149
Trd, 000290.117, 156
Trd, 000290.500, 149
Trd, 000290.700, 157
Trd, 000291.083, 157
Trd, 000291.217, 158
Trd, 000291.233, 151
Trd, 000291.250, 159
Trd, 000291.433, 147
Trd, 000291.950, 160
Trd, 000292.767, 167
Trd, 000292.833, 159
Trd, 000293.567, 144.0
Trd, 000294.367, 158
Trd, 000294.933, 158
Trd, 000294.967, 152
Trd, 000295.417, 158
Trd, 000295.583, 153
Trd, 000295.900, 159
Trd, 000296.000, 151.0
Trd, 000296.117, 151
Trd, 000297.233, 159
Trd, 000298.033, 150
Trd, 000298.667, 152
Trd, 000298.783, 156
Trd, 000299.100, 154
Trd, 000299.117, 159
Trd, 000299.783, 154
