Trd, 000001.617, 179.0
Trd, 000002.000, 155.0
Trd, 000002.817, 172
Trd, 000003.300, 168
Trd, 000003.550, 174
Trd, 000004.467, 169.0
Trd, 000005.000, 168.0
Trd, 000005.617, 151.0
Trd, 000006.200, 158
Trd, 000006.567, 157
Trd, 000007.083, 158
Trd, 000007.767, 158
Trd, 000009.300, 154
Trd, 000009.683, 153.0
Trd, 000009.717, 151.0
Trd, 000009.900, 155
Trd, 000010.250, 134
Trd, 000011.133, 128
Trd, 000011.783, 136
Trd, 000012.767, 138
Trd, 000013.450, 141
Trd, 000014.150, 141
Trd, 000014.567, 142
Trd, 000015.233, 144
Trd, 000015.417, 145
Trd, 000016.083, 152
Trd, 000016.833, 153
Trd, 000017.350, 155.0
Trd, 000017.417, 164
Trd, 000018.233, 164
Trd, 000018.333, 148
Trd, 000019.450, 151
Trd, 000020.000, 152.0
Trd, 000020.167, 151.0
Trd, 000020.267, 151
Trd, 000020.317, 148.0
Trd, 000020.767, 148
Trd, 000020.867, 155.0
Trd, 000022.350, 141.0
Trd, 000022.950, 144
Trd, 000023.033, 145
Trd, 000023.717, 144
Trd, 000024.050, 139
Trd, 000024.650, 141
Trd, 000024.983, 146.0
Trd, 000025.733, 148.0
Trd, 000025.967, 151
Trd, 000026.033, 144
Trd, 000026.617, 146
Trd, 000027.100, 145
Trd, 000027.583, 145
Trd, 000028.750, 138
Trd, 000028.983, 137
Trd, 000029.917, 151.0
Trd, 000030.383, 145
Trd, 000030.650, 145
Trd, 000032.200, 148.0
Trd, 000032.450, 150.0
Trd, 000033.083, 144
Trd, 000033.750, 145
Trd, 000034.183, 146
Trd, 000034.250, 144
Trd, 000034.433, 151
Trd, 000034.717, 143
Trd, 000034.783, 136
Trd, 000037.183, 145
Trd, 000037.333, 151.0
Trd, 000037.767, 137
Trd, 000037.950, 152.0
Trd, 000038.283, 136
Trd, 000039.150, 135
Trd, 000039.167, 124
Trd, 000040.117, 144
Trd, 000040.133, 147
Trd, 000040.917, 145
Trd, 000041.367, 147.0
Trd, 000042.600, 141.0
Trd, 000043.467, 147.0
Trd, 000043.533, 148.0
Trd, 000043.600, 153
Trd, 000043.767, 145
Trd, 000044.483, 145
Trd, 000044.733, 145
Trd, 000045.183, 145
Trd, 000045.600, 143
Trd, 000046.800, 143
Trd, 000047.133, 144
Trd, 000047.867, 144
Trd, 000048.533, 143
Trd, 000048.600, 141
Trd, 000048.700, 135
Trd, 000050.800, 143
Trd, 000051.317, 141
Trd, 000051.650, 142
Trd, 000052.050, 143
Trd, 000052.933, 148
Trd, 000053.333, 143
Trd, 000054.450, 147
Trd, 000054.517, 146
Trd, 000054.700, 149
Trd, 000055.517, 149
Trd, 000055.633, 151
Trd, 000055.900, 145
Trd, 000055.933, 144
Trd, 000057.600, 146
Trd, 000057.700, 151
Trd, 000058.500, 148.0
Trd, 000058.583, 147
Trd, 000058.733, 149
Trd, 000058.917, 147
Trd, 000060.017, 152.0
Trd, 000060.433, 153.0
Trd, 000061.533, 145
Trd, 000063.650, 149.0
Trd, 000063.683, 137
Trd, 000064.067, 136
Trd, 000064.583, 168.0
Trd, 000064.767, 155.0
Trd, 000066.200, 151.0
Trd, 000066.617, 151
Trd, 000066.833, 150
Trd, 000067.233, 152
Trd, 000067.417, 153
Trd, 000067.650, 155
Trd, 000068.600, 155
Trd, 000068.983, 165
Trd, 000069.100, 149
Trd, 000070.967, 150
Trd, 000071.083, 150
Trd, 000071.250, 150
Trd, 000071.817, 131
Trd, 000071.883, 137
Trd, 000072.233, 141.0
Trd, 000073.650, 142
Trd, 000073.983, 132
Trd, 000075.500, 139
Trd, 000075.567, 141.0
Trd, 000076.333, 141
Trd, 000076.867, 141.0
Trd, 000077.050, 148.0
Trd, 000077.333, 155.0
Trd, 000078.183, 147
Trd, 000078.467, 146
Trd, 000079.483, 147
Trd, 000079.617, 147.0
Trd, 000079.717, 148.0
Trd, 000079.800, 136
Trd, 000079.850, 151.0
Trd, 000080.733, 146
Trd, 000081.100, 147
Trd, 000081.550, 155.0
Trd, 000081.683, 166
Trd, 000083.300, 151
Trd, 000084.083, 149
Trd, 000084.300, 148
Trd, 000084.767, 149
Trd, 000084.933, 150
Trd, 000085.717, 149
Trd, 000086.417, 150
Trd, 000086.567, 151
Trd, 000086.767, 149
Trd, 000086.967, 150
Trd, 000087.750, 148.0
Trd, 000088.400, 140
Trd, 000088.533, 147
Trd, 000088.733, 148
Trd, 000090.000, 165
Trd, 000091.300, 155.0
Trd, 000091.767, 148.0
Trd, 000091.783, 155
Trd, 000092.300, 149
Trd, 000092.417, 158
Trd, 000092.600, 147
Trd, 000094.017, 154
Trd, 000094.183, 155
Trd, 000094.533, 153
Trd, 000094.717, 154.0
Trd, 000095.583, 155.0
Trd, 000097.117, 151.0
Trd, 000097.533, 153
Trd, 000098.300, 155.0
Trd, 000099.133, 153
Trd, 000099.467, 152
Trd, 000099.550, 152
Trd, 000099.583, 151.0
Trd, 000099.950, 152
Trd, 000100.683, 151
Trd, 000101.600, 152
Trd, 000102.350, 152
Trd, 000102.533, 151.0
Trd, 000102.667, 150
Trd, 000103.367, 150
Trd, 000104.267, 150
Trd, 000104.550, 149
Trd, 000104.883, 150
Trd, 000105.883, 150
Trd, 000106.217, 149
Trd, 000106.400, 148.0
Trd, 000107.433, 151
Trd, 000107.550, 147
Trd, 000107.700, 146
Trd, 000108.533, 125
Trd, 000109.700, 141.0
Trd, 000110.050, 143
Trd, 000110.133, 137
Trd, 000110.267, 145
Trd, 000110.617, 148
Trd, 000111.550, 145
Trd, 000112.300, 143
Trd, 000113.150, 148.0
Trd, 000113.667, 142
Trd, 000114.150, 147.0
Trd, 000114.283, 148.0
Trd, 000114.317, 148.0
Trd, 000116.550, 147
Trd, 000117.567, 148
Trd, 000117.650, 151
Trd, 000117.667, 145
Trd, 000117.867, 155.0
Trd, 000118.967, 146
Trd, 000119.867, 152.0
Trd, 000120.150, 151.0
Trd, 000120.650, 150
Trd, 000121.183, 150
Trd, 000122.150, 149
Trd, 000122.217, 150
Trd, 000122.617, 152
Trd, 000123.550, 152.0
Trd, 000123.850, 151.0
Trd, 000124.133, 148
Trd, 000125.517, 148.0
Trd, 000125.633, 149.0
Trd, 000126.000, 147
Trd, 000126.200, 154
Trd, 000126.350, 149
Trd, 000126.400, 148.0
Trd, 000126.817, 144
Trd, 000127.400, 151
Trd, 000128.517, 144
Trd, 000129.067, 150
Trd, 000129.333, 150
Trd, 000129.383, 151
Trd, 000129.617, 150
Trd, 000130.433, 145
Trd, 000130.633, 144
Trd, 000132.717, 145
Trd, 000133.350, 146
Trd, 000133.433, 148
Trd, 000134.050, 144
Trd, 000134.167, 151
Trd, 000134.867, 142
Trd, 000135.333, 151
Trd, 000135.783, 143
Trd, 000136.083, 149.0
Trd, 000137.333, 144
Trd, 000137.767, 147.0
Trd, 000138.183, 148
Trd, 000139.033, 146
Trd, 000140.333, 147
Trd, 000141.117, 151
Trd, 000141.183, 148
Trd, 000141.750, 146
Trd, 000141.800, 145
Trd, 000141.900, 151
Trd, 000142.300, 151
Trd, 000143.733, 166
Trd, 000144.583, 147
Trd, 000144.950, 147
Trd, 000145.433, 147
Trd, 000145.500, 146
Trd, 000147.017, 145.0
Trd, 000147.217, 146
Trd, 000147.300, 135
Trd, 000147.683, 134
Trd, 000147.850, 122
Trd, 000148.267, 151
Trd, 000149.200, 151
Trd, 000150.250, 141
Trd, 000150.333, 146
Trd, 000150.767, 145
Trd, 000151.617, 140
Trd, 000152.600, 144
Trd, 000153.367, 144
Trd, 000153.433, 145
Trd, 000154.767, 143
Trd, 000155.650, 142
Trd, 000156.050, 142
Trd, 000156.100, 148.0
Trd, 000156.150, 166
Trd, 000156.417, 168.0
Trd, 000156.750, 142
Trd, 000156.867, 163
Trd, 000158.450, 154.0
Trd, 000158.783, 151
Trd, 000159.050, 148
Trd, 000159.217, 154
Trd, 000159.933, 143
Trd, 000160.683, 151.0
Trd, 000161.650, 150.0
Trd, 000161.700, 136
Trd, 000162.067, 140
Trd, 000163.883, 127
Trd, 000164.667, 140.0
Trd, 000165.000, 141.0
Trd, 000165.233, 139
Trd, 000167.067, 136
Trd, 000167.217, 141
Trd, 000167.433, 142
Trd, 000167.617, 148.0
Trd, 000168.317, 141
Trd, 000168.817, 140
Trd, 000169.217, 151
Trd, 000169.267, 155.0
Trd, 000169.600, 134
Trd, 000170.083, 123
Trd, 000170.450, 142
Trd, 000170.550, 144
Trd, 000171.617, 144
Trd, 000171.833, 147.0
Trd, 000172.650, 140
Trd, 000172.750, 141.0
Trd, 000173.967, 153.0
Trd, 000174.000, 155.0
Trd, 000175.017, 147
Trd, 000175.450, 144
Trd, 000175.567, 142
Trd, 000175.933, 136
Trd, 000177.150, 145
Trd, 000177.550, 145
Trd, 000178.000, 143
Trd, 000178.950, 144.0
Trd, 000179.417, 143
Trd, 000180.150, 148.0
Trd, 000180.817, 144
Trd, 000181.833, 152.0
Trd, 000182.000, 151
Trd, 000182.733, 148
Trd, 000182.900, 151.0
Trd, 000183.833, 148
Trd, 000183.900, 149
Trd, 000184.617, 148.0
Trd, 000184.750, 149.0
Trd, 000185.333, 155.0
Trd, 000185.833, 149
Trd, 000186.517, 155.0
Trd, 000187.083, 150
Trd, 000187.183, 151
Trd, 000188.433, 152
Trd, 000188.717, 154
Trd, 000189.083, 165.0
Trd, 000189.433, 152
Trd, 000189.533, 167
Trd, 000189.867, 151.0
Trd, 000190.517, 151
Trd, 000191.967, 155.0
Trd, 000192.667, 156
Trd, 000193.350, 156
Trd, 000193.800, 154
Trd, 000194.483, 155
Trd, 000194.667, 154
Trd, 000194.833, 151.0
Trd, 000195.450, 148.0
Trd, 000195.567, 154
Trd, 000195.817, 154
Trd, 000196.817, 147
Trd, 000197.267, 151
Trd, 000197.467, 138
Trd, 000197.600, 135
Trd, 000199.033, 150.0
Trd, 000199.333, 150.0
Trd, 000199.450, 153
Trd, 000200.300, 155.0
Trd, 000200.567, 153
Trd, 000200.683, 152
Trd, 000201.350, 153
Trd, 000201.733, 151
Trd, 000202.117, 151.0
Trd, 000203.083, 149
Trd, 000203.183, 151
Trd, 000203.483, 150.0
Trd, 000204.017, 150
Trd, 000204.083, 148.0
Trd, 000204.383, 150
Trd, 000206.517, 147
Trd, 000206.700, 149
Trd, 000207.133, 151
Trd, 000208.200, 150
Trd, 000208.383, 152
Trd, 000208.867, 150
Trd, 000209.133, 155.0
Trd, 000209.433, 151
Trd, 000209.517, 151.0
Trd, 000210.783, 151
Trd, 000211.083, 151.0
Trd, 000211.417, 150
Trd, 000212.150, 151
Trd, 000212.500, 150
Trd, 000212.833, 151
Trd, 000212.900, 153
Trd, 000212.917, 154
Trd, 000214.017, 141.0
Trd, 000215.100, 138
Trd, 000215.483, 155.0
Trd, 000216.083, 156
Trd, 000216.233, 143
Trd, 000217.233, 148
Trd, 000217.633, 142
Trd, 000217.683, 148
Trd, 000217.700, 166
Trd, 000219.583, 165
Trd, 000219.783, 165
Trd, 000220.483, 159
Trd, 000220.683, 158
Trd, 000220.750, 157
Trd, 000221.967, 154
Trd, 000222.700, 151.0
Trd, 000223.017, 148.0
Trd, 000223.733, 138
Trd, 000223.850, 133
Trd, 000225.067, 144
Trd, 000225.200, 145
Trd, 000225.933, 144
Trd, 000226.383, 147.0
Trd, 000226.950, 141
Trd, 000227.300, 148.0
Trd, 000227.667, 141
Trd, 000228.917, 148
Trd, 000229.900, 144
Trd, 000230.650, 145
Trd, 000231.133, 146
Trd, 000231.150, 148
Trd, 000231.750, 145
Trd, 000232.000, 144
Trd, 000232.450, 149
Trd, 000233.650, 151
Trd, 000233.683, 155.0
Trd, 000234.250, 145
Trd, 000234.600, 144
Trd, 000234.900, 148.0
Trd, 000235.783, 152.0
Trd, 000236.533, 151
Trd, 000237.017, 151.0
Trd, 000237.217, 152
Trd, 000238.117, 150
Trd, 000238.567, 150
Trd, 000239.433, 135
Trd, 000239.650, 149
Trd, 000240.033, 150
Trd, 000240.400, 148
Trd, 000240.650, 149
Trd, 000241.050, 151
Trd, 000241.183, 152
Trd, 000241.533, 153
Trd, 000241.983, 150
Trd, 000242.267, 155.0
Trd, 000243.050, 151
Trd, 000243.267, 154
Trd, 000244.033, 154
Trd, 000244.283, 154.0
Trd, 000244.300, 155.0
Trd, 000244.750, 155
Trd, 000245.433, 154
Trd, 000245.583, 154
Trd, 000246.500, 155.0
Trd, 000246.550, 165
Trd, 000247.817, 158.0
Trd, 000247.833, 164.0
Trd, 000249.083, 162
Trd, 000249.583, 159
Trd, 000249.817, 161
Trd, 000249.883, 162
Trd, 000250.033, 158.0
Trd, 000250.217, 155.0
Trd, 000251.233, 154
Trd, 000251.367, 153
Trd, 000252.100, 153
Trd, 000252.167, 153
Trd, 000252.300, 155
Trd, 000252.583, 154.0
Trd, 000252.900, 155.0
Trd, 000253.283, 151.0
Trd, 000253.400, 156
Trd, 000254.267, 156.0
Trd, 000254.500, 137
Trd, 000255.833, 149
Trd, 000256.100, 148
Trd, 000256.383, 149
Trd, 000256.650, 150
Trd, 000256.667, 147
Trd, 000257.367, 147
Trd, 000257.500, 158.0
Trd, 000258.717, 144
Trd, 000258.967, 146
Trd, 000259.383, 152
Trd, 000259.467, 152
Trd, 000259.483, 151.0
Trd, 000259.667, 149
Trd, 000260.367, 149
Trd, 000261.117, 151
Trd, 000261.900, 150
Trd, 000262.267, 151.0
Trd, 000262.567, 152
Trd, 000262.650, 152
Trd, 000263.117, 148.0
Trd, 000263.283, 148
Trd, 000264.067, 149
Trd, 000264.600, 148
Trd, 000264.833, 147
Trd, 000264.917, 146
Trd, 000265.650, 145
Trd, 000266.000, 148
Trd, 000266.167, 149
Trd, 000266.500, 151
Trd, 000266.667, 148.0
Trd, 000266.900, 165
Trd, 000267.667, 167
Trd, 000268.033, 167.0
Trd, 000268.267, 162
Trd, 000268.350, 162
Trd, 000268.650, 152
Trd, 000268.700, 151.0
Trd, 000269.517, 142
Trd, 000269.950, 139
Trd, 000270.250, 148.0
Trd, 000270.717, 148.0
Trd, 000271.483, 154
Trd, 000271.650, 154
Trd, 000271.667, 155.0
Trd, 000272.050, 157
Trd, 000272.117, 151
Trd, 000272.317, 149
Trd, 000273.850, 152.0
Trd, 000273.900, 157.0
Trd, 000274.117, 151.0
Trd, 000275.117, 154.0
Trd, 000275.533, 153
Trd, 000275.767, 154
Trd, 000275.883, 151
Trd, 000276.283, 155
Trd, 000276.300, 148.0
Trd, 000276.733, 155.0
Trd, 000277.250, 154
Trd, 000277.500, 148
Trd, 000278.050, 152
Trd, 000278.767, 153
Trd, 000279.000, 150
Trd, 000279.100, 155.0
Trd, 000279.817, 157.0
Trd, 000280.117, 154.0
Trd, 000280.167, 151
Trd, 000280.550, 157.0
Trd, 000281.167, 156
Trd, 000281.533, 152.0
Trd, 000281.933, 156.0
Trd, 000282.250, 151.0
Trd, 000282.683, 151
Trd, 000283.450, 154.0
Trd, 000283.467, 151
Trd, 000283.617, 150
Trd, 000283.667, 148.0
Trd, 000283.933, 155.0
Trd, 000283.967, 158.0
Trd, 000284.467, 168.0
Trd, 000285.267, 158.0
Trd, 000285.733, 155.0
Trd, 000286.233, 164
Trd, 000286.650, 158
Trd, 000286.767, 159
Trd, 000287.017, 154
Trd, 000287.117, 168.0
Trd, 000287.333, 153
Trd, 000288.283, 160
Trd, 000288.800, 158
Trd, 000289.100, 165
Trd, 000289.200, 163
Trd, 000289.700, 160
Trd, 000290.050, 153.0
Trd, 000290.217, 159
Trd, 000290.250, 161
Trd, 000290.267, 153
Trd, 000291.033, 158.0
Trd, 000292.133, 155
Trd, 000292.467, 153.0
Trd, 000293.367, 153.0
Trd, 000293.383, 151.0
Trd, 000293.767, 151
Trd, 000293.800, 153.0
Trd, 000294.200, 153.0
Trd, 000294.333, 151.0
Trd, 000294.433, 154.0
Trd, 000294.483, 155.0
Trd, 000294.567, 148.0
Trd, 000294.633, 158.0
Trd, 000294.933, 134
Trd, 000295.783, 148.0
Trd, 000296.150, 138
Trd, 000296.750, 151.0
Trd, 000296.783, 140
Trd, 000297.500, 148
Trd, 000297.800, 145
Trd, 000298.350, 145
Trd, 000299.150, 165
Trd, 000299.183, 168.0
Trd, 000299.400, 158.0
