Trd, 000001.317, 124.0
Trd, 000001.600, 141.0
Trd, 000002.017, 148.0
Trd, 000003.000, 153
Trd, 000003.817, 164.0
Trd, 000003.933, 145
Trd, 000004.100, 144
Trd, 000004.950, 141.0
Trd, 000005.083, 159
Trd, 000005.183, 160
Trd, 000006.900, 160
Trd, 000007.783, 145.0
Trd, 000007.950, 144
Trd, 000008.067, 142
Trd, 000008.117, 147
Trd, 000008.700, 148.0
Trd, 000009.600, 164.0
Trd, 000009.733, 161
Trd, 000010.200, 146
Trd, 000010.617, 164
Trd, 000013.850, 148
Trd, 000014.317, 147
Trd, 000014.350, 148.0
Trd, 000014.500, 149
Trd, 000014.600, 146
Trd, 000014.950, 151
Trd, 000015.333, 150
Trd, 000015.383, 152
Trd, 000016.117, 141.0
Trd, 000016.650, 149
Trd, 000016.917, 149
Trd, 000017.117, 137.0
Trd, 000018.217, 149
Trd, 000018.700, 150
Trd, 000018.750, 145
Trd, 000019.050, 149
Trd, 000019.233, 146
Trd, 000020.400, 148.0
Trd, 000020.717, 151
Trd, 000020.867, 145
Trd, 000021.317, 151
Trd, 000022.000, 158
Trd, 000022.317, 142
Trd, 000022.517, 161
Trd, 000023.667, 156
Trd, 000023.967, 149
Trd, 000025.717, 149
Trd, 000026.683, 152
Trd, 000027.150, 148.0
Trd, 000027.283, 152
Trd, 000027.333, 153
Trd, 000027.600, 148
Trd, 000028.217, 155
Trd, 000028.800, 148
Trd, 000029.200, 147
Trd, 000029.583, 155
Trd, 000029.800, 146
Trd, 000030.533, 158
Trd, 000030.667, 162
Trd, 000031.733, 148
Trd, 000031.917, 148
Trd, 000032.533, 144
Trd, 000032.950, 145
Trd, 000033.750, 138
Trd, 000033.767, 139
Trd, 000034.500, 130
Trd, 000034.783, 128
Trd, 000034.950, 141.0
Trd, 000035.750, 160
Trd, 000035.867, 162
Trd, 000036.733, 137.0
Trd, 000037.017, 148.0
Trd, 000037.483, 141.0
Trd, 000037.550, 152
Trd, 000038.483, 141
Trd, 000038.817, 142
Trd, 000038.917, 148
Trd, 000041.017, 145
Trd, 000041.333, 141
Trd, 000041.533, 157
Trd, 000042.517, 156
Trd, 000042.733, 142.0
Trd, 000042.933, 141.0
Trd, 000042.950, 158
Trd, 000043.767, 152
Trd, 000043.850, 153
Trd, 000045.750, 147
Trd, 000046.150, 162
Trd, 000046.333, 165.0
Trd, 000048.200, 146
Trd, 000049.583, 145
Trd, 000049.633, 147.0
Trd, 000049.683, 148.0
Trd, 000049.850, 151
Trd, 000050.533, 141.0
Trd, 000051.033, 147
Trd, 000052.817, 146
Trd, 000053.067, 147
Trd, 000053.150, 144
Trd, 000053.667, 145
Trd, 000054.400, 147.0
Trd, 000055.183, 144
Trd, 000055.317, 146.0
Trd, 000055.750, 143
Trd, 000056.883, 147.0
Trd, 000057.633, 148.0
Trd, 000057.783, 146
Trd, 000058.217, 145
Trd, 000059.083, 144
Trd, 000059.383, 147
Trd, 000059.583, 148
Trd, 000061.467, 146.0
Trd, 000062.100, 143
Trd, 000062.250, 147.0
Trd, 000062.533, 148.0
Trd, 000063.450, 148
Trd, 000063.733, 151
Trd, 000064.133, 156
Trd, 000064.833, 145.0
Trd, 000065.800, 150
Trd, 000066.100, 144.0
Trd, 000066.500, 143
Trd, 000067.183, 138
Trd, 000067.250, 148.0
Trd, 000067.733, 152
Trd, 000069.550, 137.0
Trd, 000070.150, 141
Trd, 000070.217, 142
Trd, 000070.467, 142
Trd, 000070.833, 143
Trd, 000071.250, 152
Trd, 000071.367, 139
Trd, 000071.617, 139
Trd, 000073.817, 161
Trd, 000074.117, 162
Trd, 000074.633, 150
Trd, 000074.850, 164.0
Trd, 000075.800, 155
Trd, 000076.017, 162
Trd, 000077.600, 158
Trd, 000077.733, 157
Trd, 000077.817, 156
Trd, 000078.233, 155
Trd, 000078.600, 155
Trd, 000078.850, 155
Trd, 000079.383, 155
Trd, 000080.467, 153
Trd, 000081.217, 154
Trd, 000081.467, 158
Trd, 000081.500, 143.0
Trd, 000081.650, 162
Trd, 000082.300, 148.0
Trd, 000082.717, 147
Trd, 000082.800, 165.0
Trd, 000082.983, 175.0
Trd, 000083.633, 168
Trd, 000084.183, 160
Trd, 000084.617, 159
Trd, 000085.150, 155
Trd, 000085.433, 156
Trd, 000085.717, 146
Trd, 000085.883, 141.0
Trd, 000087.183, 133
Trd, 000087.433, 141.0
Trd, 000088.150, 147.0
Trd, 000088.267, 148.0
Trd, 000088.783, 133
Trd, 000089.200, 144
Trd, 000089.283, 138
Trd, 000090.017, 142
Trd, 000091.450, 143
Trd, 000091.633, 142
Trd, 000091.783, 143
Trd, 000093.250, 140
Trd, 000093.300, 147
Trd, 000094.433, 145
Trd, 000094.517, 147
Trd, 000095.050, 141
Trd, 000095.633, 144
Trd, 000096.267, 145
Trd, 000096.783, 141
Trd, 000096.867, 141.0
Trd, 000097.017, 147.0
Trd, 000097.550, 148.0
Trd, 000098.817, 151
Trd, 000099.383, 142
Trd, 000100.017, 142
Trd, 000100.050, 156
Trd, 000100.250, 158
Trd, 000100.450, 152
Trd, 000101.350, 146.0
Trd, 000101.600, 147.0
Trd, 000102.267, 147.0
Trd, 000103.550, 147.0
Trd, 000103.800, 148.0
Trd, 000103.900, 148
Trd, 000105.650, 146
Trd, 000105.700, 146
Trd, 000105.800, 145
Trd, 000106.150, 149
Trd, 000106.383, 148.0
Trd, 000106.450, 141.0
Trd, 000106.883, 151
Trd, 000107.183, 162
Trd, 000107.233, 137.0
Trd, 000109.200, 153
Trd, 000110.183, 155
Trd, 000110.550, 158
Trd, 000110.683, 158
Trd, 000111.267, 159
Trd, 000111.833, 156
Trd, 000112.500, 151
Trd, 000112.700, 150
Trd, 000112.833, 159
Trd, 000112.950, 160
Trd, 000113.033, 165.0
Trd, 000113.383, 143
Trd, 000114.217, 165
Trd, 000116.183, 161
Trd, 000117.033, 159
Trd, 000117.483, 159
Trd, 000117.717, 149
Trd, 000118.183, 148
Trd, 000118.583, 141.0
Trd, 000118.883, 159
Trd, 000119.950, 154
Trd, 000120.683, 152
Trd, 000121.317, 156
Trd, 000121.450, 153
Trd, 000121.767, 154
Trd, 000121.967, 152
Trd, 000122.667, 155
Trd, 000123.450, 158
Trd, 000123.567, 152
Trd, 000124.400, 157
Trd, 000124.583, 151
Trd, 000125.633, 152
Trd, 000126.167, 151
Trd, 000126.450, 152
Trd, 000126.933, 154
Trd, 000127.167, 157
Trd, 000127.550, 141.0
Trd, 000128.517, 155
Trd, 000128.550, 161
Trd, 000128.817, 163
Trd, 000128.833, 138.0
Trd, 000129.717, 158
Trd, 000129.783, 141.0
Trd, 000130.133, 159
Trd, 000130.533, 159
Trd, 000130.583, 160
Trd, 000130.900, 162
Trd, 000131.517, 161
Trd, 000131.917, 163
Trd, 000132.850, 148
Trd, 000133.000, 156
Trd, 000133.900, 155
Trd, 000134.700, 156
Trd, 000135.100, 155
Trd, 000136.167, 153
Trd, 000136.367, 152
Trd, 000136.383, 151
Trd, 000138.050, 148.0
Trd, 000138.183, 152
Trd, 000138.633, 156
Trd, 000139.200, 156
Trd, 000139.283, 149
Trd, 000140.750, 149.0
Trd, 000141.050, 147.0
Trd, 000141.500, 152
Trd, 000141.550, 154
Trd, 000142.083, 153
Trd, 000142.617, 148
Trd, 000143.983, 143.0
Trd, 000144.367, 141.0
Trd, 000144.383, 156
Trd, 000145.317, 156
Trd, 000145.333, 154
Trd, 000145.717, 156
Trd, 000146.183, 156
Trd, 000147.050, 156
Trd, 000147.500, 147
Trd, 000147.700, 137.0
Trd, 000147.933, 154
Trd, 000149.217, 159
Trd, 000149.267, 162
Trd, 000149.400, 163
Trd, 000149.983, 159
Trd, 000150.200, 158.0
Trd, 000150.283, 164.0
Trd, 000150.450, 155
Trd, 000150.967, 148
Trd, 000151.417, 135
Trd, 000151.800, 134
Trd, 000152.483, 165.0
Trd, 000152.967, 150
Trd, 000153.533, 154
Trd, 000154.550, 153
Trd, 000154.717, 153
Trd, 000154.850, 153
Trd, 000154.950, 173
Trd, 000155.833, 142.0
Trd, 000158.100, 154
Trd, 000158.917, 148
Trd, 000159.667, 141.0
Trd, 000159.833, 137.0
Trd, 000160.567, 146
Trd, 000160.600, 147
Trd, 000160.683, 152
Trd, 000160.967, 152
Trd, 000161.400, 157
Trd, 000161.467, 142
Trd, 000161.583, 158
Trd, 000161.783, 154
Trd, 000162.283, 158
Trd, 000162.850, 162
Trd, 000163.550, 146.0
Trd, 000163.650, 147.0
Trd, 000163.683, 141.0
Trd, 000163.833, 130
Trd, 000164.683, 148.0
Trd, 000165.483, 128
Trd, 000165.917, 152
Trd, 000167.050, 153
Trd, 000167.317, 154
Trd, 000167.683, 144
Trd, 000167.850, 149
Trd, 000168.317, 150
Trd, 000169.933, 151
Trd, 000170.000, 154
Trd, 000171.217, 148.0
Trd, 000171.250, 151
Trd, 000171.950, 151
Trd, 000172.067, 152
Trd, 000172.467, 152
Trd, 000172.517, 149
Trd, 000172.883, 148
Trd, 000172.967, 158
Trd, 000174.867, 146
Trd, 000175.083, 142.0
Trd, 000175.367, 145
Trd, 000176.100, 151
Trd, 000176.400, 158
Trd, 000177.417, 152
Trd, 000177.783, 153
Trd, 000178.017, 153
Trd, 000178.167, 153
Trd, 000178.883, 141.0
Trd, 000179.650, 153
Trd, 000181.233, 148.0
Trd, 000181.400, 150
Trd, 000181.450, 151
Trd, 000181.750, 148
Trd, 000181.800, 146
Trd, 000181.817, 156
Trd, 000182.533, 156
Trd, 000182.850, 158
Trd, 000183.667, 148
Trd, 000184.067, 154
Trd, 000186.317, 149
Trd, 000187.150, 147
Trd, 000187.467, 146
Trd, 000187.650, 148
Trd, 000188.383, 147
Trd, 000188.833, 147
Trd, 000189.383, 143.0
Trd, 000189.783, 146
Trd, 000190.350, 145
Trd, 000190.500, 146
Trd, 000190.533, 148.0
Trd, 000190.767, 151
Trd, 000191.000, 143
Trd, 000192.117, 143
Trd, 000192.433, 142
Trd, 000192.850, 146.0
Trd, 000192.883, 146
Trd, 000193.817, 141.0
Trd, 000194.383, 140.0
Trd, 000194.933, 139
Trd, 000195.367, 140.0
Trd, 000196.000, 139.0
Trd, 000197.250, 139
Trd, 000197.367, 141.0
Trd, 000199.117, 145.0
Trd, 000200.067, 145.0
Trd, 000200.100, 143.0
Trd, 000200.117, 142
Trd, 000200.533, 152
Trd, 000201.300, 146.0
Trd, 000201.333, 148.0
Trd, 000201.567, 141.0
Trd, 000201.650, 140
Trd, 000201.900, 147
Trd, 000202.450, 153
Trd, 000203.117, 156
Trd, 000203.650, 157
Trd, 000204.467, 158
Trd, 000204.667, 150
Trd, 000204.750, 163
Trd, 000205.067, 163.0
Trd, 000205.333, 137.0
Trd, 000207.067, 143
Trd, 000207.300, 144
Trd, 000208.150, 141
Trd, 000209.017, 141
Trd, 000209.900, 142
Trd, 000210.283, 143
Trd, 000210.317, 141.0
Trd, 000210.433, 137
Trd, 000210.583, 148.0
Trd, 000210.683, 152
Trd, 000212.267, 143
Trd, 000212.517, 143
Trd, 000213.033, 157
Trd, 000213.117, 158
Trd, 000213.533, 165
Trd, 000213.983, 152
Trd, 000214.817, 144
Trd, 000215.317, 148
Trd, 000216.350, 145
Trd, 000216.883, 143
Trd, 000216.933, 149
Trd, 000217.300, 149
Trd, 000217.500, 141.0
Trd, 000218.167, 148.0
Trd, 000218.633, 150
Trd, 000218.850, 151
Trd, 000218.867, 158
Trd, 000219.517, 148.0
Trd, 000219.867, 151
Trd, 000221.800, 150
Trd, 000222.367, 148
Trd, 000222.600, 143
Trd, 000222.767, 141.0
Trd, 000224.350, 147.0
Trd, 000224.483, 147.0
Trd, 000224.750, 140
Trd, 000225.150, 147.0
Trd, 000225.967, 144
Trd, 000226.233, 143
Trd, 000226.400, 144.0
Trd, 000227.433, 143
Trd, 000227.500, 148.0
Trd, 000228.483, 144
Trd, 000228.883, 150
Trd, 000229.083, 142
Trd, 000229.300, 141.0
Trd, 000229.850, 149
Trd, 000229.867, 145
Trd, 000230.683, 148
Trd, 000231.483, 157
Trd, 000231.917, 139
Trd, 000232.783, 148.0
Trd, 000233.283, 138
Trd, 000234.767, 146
Trd, 000234.883, 147.0
Trd, 000235.117, 147.0
Trd, 000236.100, 143
Trd, 000236.600, 143
Trd, 000236.700, 144.0
Trd, 000236.950, 145.0
Trd, 000237.383, 143.0
Trd, 000237.950, 151
Trd, 000238.217, 148.0
Trd, 000239.117, 165.0
Trd, 000240.283, 146.0
Trd, 000240.350, 145
Trd, 000240.550, 147
Trd, 000240.800, 146.0
Trd, 000240.900, 145.0
Trd, 000241.383, 147
Trd, 000241.717, 144
Trd, 000242.450, 146
Trd, 000243.117, 145
Trd, 000243.450, 144
Trd, 000243.650, 144
Trd, 000243.783, 145
Trd, 000243.933, 145
Trd, 000244.767, 144
Trd, 000245.300, 143
Trd, 000245.567, 145.0
Trd, 000245.983, 139.0
Trd, 000246.567, 140.0
Trd, 000246.900, 144
Trd, 000247.667, 146.0
Trd, 000248.450, 147.0
Trd, 000248.550, 148.0
Trd, 000248.717, 145.0
Trd, 000248.967, 151
Trd, 000249.067, 158
Trd, 000249.167, 141.0
Trd, 000249.783, 140
Trd, 000250.050, 141.0
Trd, 000250.150, 144.0
Trd, 000250.517, 141
Trd, 000251.400, 140
Trd, 000251.483, 140.0
Trd, 000252.050, 137.0
Trd, 000252.267, 138
Trd, 000252.817, 140
Trd, 000252.900, 141.0
Trd, 000253.117, 138
Trd, 000253.700, 143.0
Trd, 000254.100, 141.0
Trd, 000254.550, 142.0
Trd, 000255.117, 144.0
Trd, 000255.917, 149
Trd, 000256.200, 146
Trd, 000256.267, 148.0
Trd, 000256.517, 145
Trd, 000257.117, 146
Trd, 000257.800, 150
Trd, 000258.417, 151
Trd, 000258.867, 151
Trd, 000258.900, 137.0
Trd, 000259.500, 148
Trd, 000260.067, 153
Trd, 000260.350, 149
Trd, 000260.550, 151
Trd, 000260.750, 151
Trd, 000260.800, 149
Trd, 000261.433, 150.0
Trd, 000262.117, 151
Trd, 000262.400, 151
Trd, 000262.467, 161.0
Trd, 000263.750, 146.0
Trd, 000264.083, 148.0
Trd, 000265.000, 151
Trd, 000265.067, 153
Trd, 000265.250, 158
Trd, 000265.350, 165.0
Trd, 000266.283, 156.0
Trd, 000266.450, 156
Trd, 000266.500, 157
Trd, 000266.750, 157
Trd, 000266.800, 155.0
Trd, 000267.300, 156
Trd, 000268.500, 156
Trd, 000268.800, 155
Trd, 000268.933, 155.0
Trd, 000269.050, 157
Trd, 000269.283, 148
Trd, 000269.750, 149
Trd, 000269.800, 153
Trd, 000270.767, 146
Trd, 000271.300, 152
Trd, 000271.567, 149
Trd, 000272.367, 149
Trd, 000272.800, 145.0
Trd, 000273.117, 150
Trd, 000273.767, 158
Trd, 000274.100, 153.0
Trd, 000274.700, 159
Trd, 000274.933, 155.0
Trd, 000275.167, 152
Trd, 000275.417, 152
Trd, 000276.300, 154
Trd, 000276.450, 151
Trd, 000276.683, 143.0
Trd, 000276.850, 149
Trd, 000277.550, 151
Trd, 000278.150, 145
Trd, 000278.750, 148.0
Trd, 000279.767, 148
Trd, 000280.000, 149
Trd, 000280.350, 154
Trd, 000280.800, 146
Trd, 000280.833, 141
Trd, 000281.250, 148.0
Trd, 000281.583, 157
Trd, 000281.833, 158
Trd, 000282.600, 148.0
Trd, 000282.883, 142
Trd, 000283.483, 149
Trd, 000283.700, 145
Trd, 000283.733, 149
Trd, 000284.033, 144.0
Trd, 000284.783, 148.0
Trd, 000285.383, 148
Trd, 000285.567, 144
Trd, 000286.050, 153
Trd, 000287.117, 157.0
Trd, 000287.567, 160
Trd, 000288.017, 158
Trd, 000288.067, 162
Trd, 000288.567, 157.0
Trd, 000288.900, 155.0
Trd, 000289.367, 151
Trd, 000290.483, 149.0
Trd, 000290.850, 148.0
Trd, 000290.983, 149
Trd, 000291.517, 143
Trd, 000291.567, 144
Trd, 000291.900, 145
Trd, 000292.067, 146
Trd, 000292.083, 148.0
Trd, 000292.333, 151
Trd, 000292.350, 158
Trd, 000292.833, 143
Trd, 000294.083, 141.0
Trd, 000294.750, 160
Trd, 000295.050, 159
Trd, 000295.083, 137.0
Trd, 000295.700, 142
Trd, 000295.733, 135.0
Trd, 000295.833, 144.0
Trd, 000295.917, 165.0
Trd, 000296.600, 164.0
Trd, 000296.750, 150
Trd, 000296.783, 141.0
Trd, 000297.100, 164
Trd, 000297.400, 155.0
Trd, 000297.550, 141.0
Trd, 000298.000, 164
Trd, 000298.217, 164
Trd, 000298.767, 144
Trd, 000298.800, 162
Trd, 000299.300, 147.0
Trd, 000299.383, 148.0
Trd, 000299.450, 135.0
Trd, 000299.467, 150
Trd, 000299.600, 134.0
