Trd, 000001.733, 158.0
Trd, 000003.783, 149.0
Trd, 000003.833, 140.0
Trd, 000004.583, 140.0
Trd, 000004.750, 150.0
Trd, 000005.250, 137.0
Trd, 000005.517, 150.0
Trd, 000006.083, 140
Trd, 000007.067, 151.0
Trd, 000007.200, 147
Trd, 000007.233, 134
Trd, 000007.267, 133
Trd, 000009.000, 136
Trd, 000009.233, 144
Trd, 000009.450, 151.0
Trd, 000011.350, 155.0
Trd, 000011.800, 146
Trd, 000012.150, 148
Trd, 000014.633, 157
Trd, 000015.467, 154
Trd, 000015.733, 155
Trd, 000015.800, 138.0
Trd, 000016.117, 156.0
Trd, 000016.450, 151
Trd, 000016.750, 148.0
Trd, 000017.617, 140
Trd, 000018.150, 157.0
Trd, 000018.233, 162.0
Trd, 000018.983, 158.0
Trd, 000019.733, 168
Trd, 000021.200, 158
Trd, 000022.417, 157
Trd, 000022.467, 162
Trd, 000022.517, 160
Trd, 000022.550, 148.0
Trd, 000023.733, 156
Trd, 000023.833, 138.0
Trd, 000025.200, 151.0
Trd, 000026.233, 142
Trd, 000026.400, 153
Trd, 000027.700, 152
Trd, 000028.117, 151.0
Trd, 000028.733, 150
Trd, 000029.133, 152
Trd, 000030.000, 153
Trd, 000030.067, 158.0
Trd, 000030.200, 149
Trd, 000030.267, 148.0
Trd, 000031.083, 162.0
Trd, 000032.383, 167
Trd, 000032.833, 148
Trd, 000032.933, 151.0
Trd, 000033.117, 140
Trd, 000033.133, 137.0
Trd, 000034.783, 136
Trd, 000037.100, 149
Trd, 000037.250, 150
Trd, 000038.383, 149
Trd, 000038.900, 147
Trd, 000039.350, 150
Trd, 000039.700, 148
Trd, 000040.383, 151.0
Trd, 000041.067, 146
Trd, 000042.767, 148
Trd, 000042.917, 149.0
Trd, 000042.983, 145
Trd, 000044.017, 151.0
Trd, 000044.650, 158
Trd, 000045.200, 143
Trd, 000045.217, 158.0
Trd, 000045.583, 151.0
Trd, 000045.867, 152
Trd, 000047.017, 161.0
Trd, 000048.150, 151.0
Trd, 000048.600, 162.0
Trd, 000049.700, 150
Trd, 000050.117, 151.0
Trd, 000050.400, 162
Trd, 000050.783, 154
Trd, 000050.967, 153
Trd, 000052.850, 152.0
Trd, 000053.350, 151.0
Trd, 000053.650, 148.0
Trd, 000054.383, 145
Trd, 000054.933, 155
Trd, 000055.167, 143
Trd, 000055.617, 155
Trd, 000056.117, 154
Trd, 000056.317, 158.0
Trd, 000056.850, 140
Trd, 000057.150, 165
Trd, 000057.583, 143
Trd, 000058.567, 157.0
Trd, 000058.583, 149
Trd, 000060.117, 151.0
Trd, 000060.650, 152
Trd, 000061.017, 150
Trd, 000061.367, 158.0
Trd, 000061.617, 166
Trd, 000062.233, 164
Trd, 000062.450, 151
Trd, 000062.783, 153
Trd, 000064.017, 159
Trd, 000064.450, 161
Trd, 000064.950, 151
Trd, 000065.150, 167
Trd, 000065.317, 168
Trd, 000066.417, 168.0
Trd, 000066.817, 151.0
Trd, 000068.400, 151
Trd, 000069.083, 151.0
Trd, 000069.100, 148.0
Trd, 000070.733, 148
Trd, 000070.817, 148
Trd, 000071.217, 155
Trd, 000071.283, 158
Trd, 000072.033, 150
Trd, 000072.067, 162.0
Trd, 000072.617, 168
Trd, 000074.100, 154
Trd, 000074.117, 151.0
Trd, 000074.217, 159
Trd, 000074.633, 150
Trd, 000077.083, 154
Trd, 000077.133, 155
Trd, 000078.383, 149.0
Trd, 000078.450, 150
Trd, 000079.233, 148.0
Trd, 000079.933, 149
Trd, 000080.350, 148
Trd, 000081.033, 148
Trd, 000081.133, 157
Trd, 000081.233, 147
Trd, 000081.450, 161.0
Trd, 000083.200, 147
Trd, 000084.000, 150.0
Trd, 000084.233, 144
Trd, 000084.733, 143
Trd, 000085.133, 151.0
Trd, 000085.267, 140
Trd, 000085.850, 156
Trd, 000086.767, 141
Trd, 000087.050, 158.0
Trd, 000087.783, 140
Trd, 000089.033, 145
Trd, 000091.267, 154
Trd, 000091.350, 155
Trd, 000091.433, 151
Trd, 000091.967, 153
Trd, 000092.967, 154
Trd, 000093.433, 153
Trd, 000094.167, 152
Trd, 000094.433, 156.0
Trd, 000095.817, 158.0
Trd, 000095.967, 150
Trd, 000096.233, 159
Trd, 000096.267, 162.0
Trd, 000096.450, 151
Trd, 000096.717, 157
Trd, 000097.500, 149.0
Trd, 000098.033, 150.0
Trd, 000098.100, 151
Trd, 000098.450, 151.0
Trd, 000098.850, 148
Trd, 000098.950, 155
Trd, 000099.283, 162.0
Trd, 000101.467, 148.0
Trd, 000102.783, 151
Trd, 000103.400, 148
Trd, 000103.833, 157
Trd, 000103.850, 139
Trd, 000104.700, 158.0
Trd, 000104.767, 151
Trd, 000105.467, 143
Trd, 000105.683, 154
Trd, 000106.000, 144
Trd, 000106.200, 150.0
Trd, 000106.833, 151
Trd, 000107.083, 143
Trd, 000109.050, 143
Trd, 000109.800, 151.0
Trd, 000110.733, 149
Trd, 000110.817, 150
Trd, 000111.283, 158.0
Trd, 000111.983, 153
Trd, 000113.133, 151
Trd, 000113.250, 155
Trd, 000113.983, 151
Trd, 000114.600, 151.0
Trd, 000115.383, 148.0
Trd, 000115.767, 153
Trd, 000115.867, 158.0
Trd, 000115.900, 149
Trd, 000117.033, 151.0
Trd, 000118.383, 151
Trd, 000119.733, 153
Trd, 000119.917, 154
Trd, 000120.483, 151.0
Trd, 000122.717, 153
Trd, 000122.917, 153
Trd, 000124.567, 155
Trd, 000124.867, 156.0
Trd, 000125.250, 158.0
Trd, 000125.350, 153.0
Trd, 000125.500, 162.0
Trd, 000125.767, 151.0
Trd, 000126.367, 158
Trd, 000127.750, 166
Trd, 000127.833, 164
Trd, 000128.500, 160
Trd, 000128.533, 163
Trd, 000128.717, 157
Trd, 000128.783, 156
Trd, 000130.067, 149.0
Trd, 000130.833, 148.0
Trd, 000131.267, 141
Trd, 000131.283, 148
Trd, 000132.133, 140
Trd, 000132.167, 147
Trd, 000132.367, 162.0
Trd, 000133.250, 148
Trd, 000133.900, 158.0
Trd, 000135.117, 151
Trd, 000135.833, 151.0
Trd, 000136.067, 152
Trd, 000136.483, 151
Trd, 000136.617, 162.0
Trd, 000137.583, 150
Trd, 000137.717, 148.0
Trd, 000139.417, 151.0
Trd, 000139.700, 150
Trd, 000140.417, 150
Trd, 000140.767, 152
Trd, 000140.783, 149
Trd, 000141.750, 148.0
Trd, 000142.667, 147
Trd, 000142.833, 146
Trd, 000142.850, 148
Trd, 000143.583, 147
Trd, 000144.433, 151.0
Trd, 000145.000, 158.0
Trd, 000146.267, 147
Trd, 000147.050, 140
Trd, 000147.783, 141
Trd, 000149.017, 158.0
Trd, 000149.617, 158
Trd, 000149.933, 160.0
Trd, 000150.200, 161.0
Trd, 000150.483, 162
Trd, 000150.750, 151.0
Trd, 000151.033, 146
Trd, 000151.750, 149
Trd, 000152.133, 141
Trd, 000152.433, 145
Trd, 000152.467, 140
Trd, 000152.917, 167
Trd, 000153.550, 153
Trd, 000154.450, 151
Trd, 000154.767, 144
Trd, 000155.067, 137.0
Trd, 000155.467, 158.0
Trd, 000156.300, 143
Trd, 000157.500, 145
Trd, 000157.833, 151.0
Trd, 000158.367, 143
Trd, 000160.750, 143
Trd, 000161.483, 142
Trd, 000161.850, 143
Trd, 000161.900, 142
Trd, 000161.967, 158.0
Trd, 000163.433, 162
Trd, 000163.500, 163
Trd, 000164.700, 156
Trd, 000165.100, 155
Trd, 000165.883, 155
Trd, 000166.183, 151.0
Trd, 000168.717, 156
Trd, 000168.750, 152
Trd, 000168.983, 153
Trd, 000170.000, 158.0
Trd, 000170.217, 151.0
Trd, 000170.483, 168
Trd, 000172.633, 158
Trd, 000174.017, 141
Trd, 000174.800, 145
Trd, 000174.850, 140
Trd, 000175.650, 137.0
Trd, 000176.000, 134.0
Trd, 000176.133, 135
Trd, 000176.417, 135
Trd, 000177.033, 136
Trd, 000177.100, 151.0
Trd, 000177.250, 134
Trd, 000177.950, 140
Trd, 000178.117, 158.0
Trd, 000178.500, 134
Trd, 000178.967, 142
Trd, 000179.050, 144
Trd, 000180.083, 140
Trd, 000180.650, 136
Trd, 000181.100, 146
Trd, 000181.267, 139
Trd, 000182.617, 151.0
Trd, 000184.050, 146
Trd, 000185.450, 143.0
Trd, 000187.167, 144
Trd, 000187.317, 145
Trd, 000187.350, 151.0
Trd, 000187.383, 155
Trd, 000187.633, 156
Trd, 000188.183, 157
Trd, 000188.617, 150
Trd, 000189.100, 153
Trd, 000189.500, 151.0
Trd, 000189.783, 148.0
Trd, 000190.400, 150
Trd, 000191.867, 154.0
Trd, 000192.433, 158.0
Trd, 000192.450, 150
Trd, 000192.483, 168
Trd, 000193.567, 149.0
Trd, 000195.033, 151.0
Trd, 000195.367, 149
Trd, 000195.433, 148.0
Trd, 000197.267, 143
Trd, 000197.333, 141
Trd, 000198.217, 148
Trd, 000198.883, 148
Trd, 000199.150, 147
Trd, 000199.883, 151.0
Trd, 000200.650, 150
Trd, 000201.283, 158.0
Trd, 000202.483, 157
Trd, 000204.050, 158
Trd, 000204.100, 146
Trd, 000204.517, 146
Trd, 000205.267, 155.0
Trd, 000206.717, 148
Trd, 000207.617, 147
Trd, 000207.933, 149.0
Trd, 000208.700, 150
Trd, 000209.883, 158.0
Trd, 000209.967, 162.0
Trd, 000210.200, 150
Trd, 000210.317, 164
Trd, 000210.583, 148.0
Trd, 000210.783, 168
Trd, 000212.367, 142
Trd, 000212.550, 146
Trd, 000212.983, 147
Trd, 000213.283, 151.0
Trd, 000213.567, 158.0
Trd, 000214.600, 164
Trd, 000214.733, 152
Trd, 000215.050, 151.0
Trd, 000215.733, 155
Trd, 000216.800, 167.0
Trd, 000217.217, 149.0
Trd, 000217.750, 151
Trd, 000218.267, 149
Trd, 000219.333, 142
Trd, 000220.050, 150
Trd, 000220.150, 143
Trd, 000220.517, 150
Trd, 000221.100, 147
Trd, 000221.483, 158.0
Trd, 000223.917, 147
Trd, 000224.300, 147
Trd, 000224.600, 150.0
Trd, 000224.967, 150
Trd, 000225.733, 148.0
Trd, 000226.117, 155.0
Trd, 000226.217, 158.0
Trd, 000226.883, 153
Trd, 000226.950, 140
Trd, 000227.150, 137.0
Trd, 000227.467, 162.0
Trd, 000228.117, 158
Trd, 000228.483, 156
Trd, 000229.483, 168.0
Trd, 000230.450, 172.0
Trd, 000232.583, 157.0
Trd, 000232.867, 155
Trd, 000234.783, 156.0
Trd, 000234.833, 157
Trd, 000235.000, 158.0
Trd, 000235.167, 167
Trd, 000236.383, 154
Trd, 000236.617, 153
Trd, 000237.183, 171.0
Trd, 000237.250, 151.0
Trd, 000237.767, 148.0
Trd, 000238.550, 164
Trd, 000238.600, 169
Trd, 000240.117, 147
Trd, 000240.383, 157.0
Trd, 000240.900, 154.0
Trd, 000241.183, 151
Trd, 000242.200, 151
Trd, 000242.633, 155
Trd, 000243.017, 158.0
Trd, 000243.750, 159.0
Trd, 000243.967, 162.0
Trd, 000245.433, 157
Trd, 000245.983, 154.0
Trd, 000246.067, 151.0
Trd, 000246.367, 152
Trd, 000246.417, 152
Trd, 000246.833, 152
Trd, 000247.550, 149
Trd, 000248.167, 147
Trd, 000248.433, 147
Trd, 000248.667, 151.0
Trd, 000248.850, 149
Trd, 000248.900, 137.0
Trd, 000249.217, 151
Trd, 000250.100, 141
Trd, 000250.267, 141
Trd, 000250.767, 156
Trd, 000250.900, 158.0
Trd, 000251.100, 172.0
Trd, 000251.317, 139
Trd, 000252.583, 154.0
Trd, 000252.750, 151.0
Trd, 000253.300, 151
Trd, 000253.450, 154
Trd, 000253.700, 148.0
Trd, 000253.817, 156
Trd, 000254.300, 151.0
Trd, 000254.667, 154.0
Trd, 000254.783, 154.0
Trd, 000254.967, 148.0
Trd, 000255.717, 150.0
Trd, 000256.433, 155.0
Trd, 000256.833, 157.0
Trd, 000257.167, 158.0
Trd, 000257.700, 155.0
Trd, 000258.317, 162.0
Trd, 000258.483, 159.0
Trd, 000258.600, 163
Trd, 000259.567, 163
Trd, 000259.800, 162
Trd, 000259.850, 168
Trd, 000260.417, 160
Trd, 000260.467, 161
Trd, 000260.733, 157
Trd, 000261.550, 155.0
Trd, 000261.833, 151.0
Trd, 000263.217, 148.0
Trd, 000263.400, 142
Trd, 000263.433, 156
Trd, 000263.467, 158.0
Trd, 000264.717, 165.0
Trd, 000265.267, 168
Trd, 000265.383, 166.0
Trd, 000266.017, 168.0
Trd, 000266.200, 165.0
Trd, 000266.400, 162.0
Trd, 000267.083, 157
Trd, 000267.233, 158.0
Trd, 000267.567, 151.0
Trd, 000267.600, 148.0
Trd, 000269.017, 150
Trd, 000269.067, 148.0
Trd, 000269.367, 146.0
Trd, 000269.617, 141
Trd, 000269.783, 150.0
Trd, 000270.967, 150.0
Trd, 000271.533, 143
Trd, 000271.567, 151.0
Trd, 000272.017, 162.0
Trd, 000272.767, 157
Trd, 000273.217, 167
Trd, 000273.533, 155
Trd, 000274.050, 151
Trd, 000274.133, 148.0
Trd, 000274.250, 157.0
Trd, 000275.183, 148
Trd, 000276.183, 151.0
Trd, 000276.217, 155.0
Trd, 000276.300, 158.0
Trd, 000276.633, 145.0
Trd, 000276.917, 162.0
Trd, 000278.133, 164
Trd, 000279.167, 158
Trd, 000279.333, 156.0
Trd, 000279.483, 159
Trd, 000279.767, 159
Trd, 000280.183, 157.0
Trd, 000280.733, 149.0
Trd, 000281.100, 151.0
Trd, 000281.467, 158.0
Trd, 000281.900, 157
Trd, 000282.083, 149
Trd, 000283.133, 150.0
Trd, 000283.200, 148.0
Trd, 000283.283, 151.0
Trd, 000284.300, 168
Trd, 000284.533, 159
Trd, 000284.633, 179.0
Trd, 000285.167, 149
Trd, 000285.233, 150
Trd, 000285.317, 167
Trd, 000286.100, 141
Trd, 000286.617, 140
Trd, 000286.767, 137.0
Trd, 000287.083, 146
Trd, 000287.117, 147
Trd, 000287.583, 141
Trd, 000287.883, 149
Trd, 000288.250, 151.0
Trd, 000288.350, 150
Trd, 000288.383, 149
Trd, 000288.883, 159
Trd, 000289.467, 158
Trd, 000289.683, 162.0
Trd, 000290.117, 148.0
Trd, 000291.283, 150
Trd, 000291.833, 141
Trd, 000292.067, 141
Trd, 000293.433, 151.0
Trd, 000294.717, 149
Trd, 000294.883, 140
Trd, 000295.233, 138.0
Trd, 000295.700, 141.0
Trd, 000296.083, 138.0
Trd, 000296.167, 142
Trd, 000296.183, 158.0
Trd, 000296.300, 137.0
Trd, 000296.600, 149
Trd, 000296.733, 146
Trd, 000296.867, 162.0
Trd, 000297.000, 172.0
Trd, 000297.283, 157.0
Trd, 000297.550, 136
Trd, 000297.683, 148
Trd, 000297.850, 158.0
Trd, 000298.000, 136
Trd, 000298.050, 137.0
Trd, 000298.983, 133
Trd, 000299.433, 148
Trd, 000299.967, 149.0
