Trd, 000002.683, 134
Trd, 000002.750, 133
Trd, 000003.383, 155.0
Trd, 000005.150, 161
Trd, 000008.883, 152
Trd, 000009.050, 147
Trd, 000009.383, 151
Trd, 000009.417, 152
Trd, 000010.417, 153
Trd, 000010.567, 155.0
Trd, 000010.800, 151
Trd, 000011.167, 153
Trd, 000012.117, 154.0
Trd, 000012.833, 154
Trd, 000012.950, 149
Trd, 000013.083, 155.0
Trd, 000015.317, 151
Trd, 000015.583, 151
Trd, 000015.983, 150
Trd, 000016.283, 152
Trd, 000017.800, 152
Trd, 000018.683, 150
Trd, 000019.917, 151.0
Trd, 000020.333, 152
Trd, 000020.400, 151
Trd, 000021.117, 150
Trd, 000021.483, 155.0
Trd, 000021.983, 157
Trd, 000022.233, 162
Trd, 000023.400, 165
Trd, 000023.583, 160
Trd, 000023.650, 159
Trd, 000023.850, 157
Trd, 000024.683, 155.0
Trd, 000025.267, 150
Trd, 000026.150, 144.0
Trd, 000026.617, 140
Trd, 000026.783, 162
Trd, 000027.317, 157
Trd, 000027.800, 169.0
Trd, 000028.183, 157
Trd, 000029.833, 156.0
Trd, 000030.483, 157
Trd, 000030.950, 154
Trd, 000031.083, 152
Trd, 000032.133, 152
Trd, 000032.450, 162
Trd, 000032.650, 150
Trd, 000033.917, 154
Trd, 000035.800, 154.0
Trd, 000035.983, 155.0
Trd, 000036.133, 152
Trd, 000036.667, 150
Trd, 000037.017, 155
Trd, 000039.150, 156
Trd, 000039.783, 154.0
Trd, 000040.183, 154.0
Trd, 000040.233, 153.0
Trd, 000041.450, 155.0
Trd, 000042.317, 153
Trd, 000042.367, 151
Trd, 000042.500, 150
Trd, 000042.833, 155
Trd, 000043.550, 140
Trd, 000043.633, 162
Trd, 000043.867, 137
Trd, 000047.517, 138
Trd, 000048.017, 144
Trd, 000048.317, 148
Trd, 000048.917, 142
Trd, 000049.317, 150
Trd, 000049.700, 151
Trd, 000050.200, 142
Trd, 000051.433, 149
Trd, 000052.033, 149
Trd, 000052.200, 149
Trd, 000052.333, 151
Trd, 000053.433, 148
Trd, 000053.900, 155.0
Trd, 000054.150, 161
Trd, 000054.750, 147
Trd, 000054.850, 149
Trd, 000056.683, 153
Trd, 000057.100, 151
Trd, 000057.167, 154
Trd, 000057.617, 155.0
Trd, 000057.750, 162
Trd, 000059.833, 155.0
Trd, 000060.817, 154
Trd, 000060.867, 159
Trd, 000061.017, 162
Trd, 000061.067, 151
Trd, 000062.250, 150
Trd, 000063.483, 148.0
Trd, 000063.583, 149
Trd, 000064.933, 151
Trd, 000066.050, 150.0
Trd, 000066.100, 146.0
Trd, 000066.217, 155.0
Trd, 000067.467, 151
Trd, 000067.533, 162
Trd, 000068.000, 143
Trd, 000068.533, 143
Trd, 000069.633, 145
Trd, 000069.767, 168.0
Trd, 000071.017, 158
Trd, 000071.933, 155.0
Trd, 000073.517, 156
Trd, 000073.783, 158
Trd, 000074.000, 153
Trd, 000075.083, 155
Trd, 000075.150, 157
Trd, 000075.250, 154
Trd, 000075.450, 152
Trd, 000076.133, 150
Trd, 000076.967, 149
Trd, 000077.950, 150
Trd, 000078.350, 151
Trd, 000079.267, 143
Trd, 000079.567, 148
Trd, 000080.300, 142
Trd, 000081.100, 146
Trd, 000082.100, 148
Trd, 000083.033, 147
Trd, 000083.183, 150
Trd, 000084.117, 148
Trd, 000084.317, 151
Trd, 000085.933, 149
Trd, 000086.767, 149
Trd, 000087.483, 151
Trd, 000087.967, 155.0
Trd, 000088.233, 155
Trd, 000089.267, 151
Trd, 000090.533, 155.0
Trd, 000090.900, 151
Trd, 000092.700, 152
Trd, 000093.767, 155
Trd, 000093.917, 162
Trd, 000094.617, 160
Trd, 000095.917, 153
Trd, 000096.717, 153
Trd, 000097.050, 152
Trd, 000097.117, 150
Trd, 000097.567, 154
Trd, 000097.950, 144.0
Trd, 000098.017, 139
Trd, 000098.617, 154
Trd, 000099.683, 147
Trd, 000101.683, 152.0
Trd, 000102.233, 155.0
Trd, 000102.517, 155
Trd, 000103.017, 154
Trd, 000103.317, 153
Trd, 000104.367, 155.0
Trd, 000104.583, 160
Trd, 000105.000, 162
Trd, 000105.133, 148
Trd, 000105.433, 148
Trd, 000105.583, 162
Trd, 000107.183, 152
Trd, 000107.867, 150
Trd, 000108.600, 150
Trd, 000109.833, 145
Trd, 000110.467, 151
Trd, 000110.783, 153
Trd, 000112.617, 153
Trd, 000113.083, 153
Trd, 000113.367, 155.0
Trd, 000113.467, 160
Trd, 000114.883, 152
Trd, 000115.133, 150
Trd, 000116.267, 139
Trd, 000117.033, 140
Trd, 000117.450, 139
Trd, 000118.050, 145.0
Trd, 000119.500, 150
Trd, 000119.617, 149
Trd, 000119.817, 147
Trd, 000120.350, 149
Trd, 000120.983, 150
Trd, 000121.350, 151
Trd, 000121.717, 155.0
Trd, 000121.867, 162
Trd, 000122.067, 146
Trd, 000124.100, 146.0
Trd, 000125.850, 147.0
Trd, 000126.250, 150
Trd, 000126.417, 150
Trd, 000126.700, 148
Trd, 000127.100, 148
Trd, 000127.667, 148
Trd, 000129.117, 147
Trd, 000129.150, 151
Trd, 000129.400, 136
Trd, 000130.717, 149
Trd, 000130.817, 154.0
Trd, 000132.300, 150
Trd, 000132.383, 149
Trd, 000133.133, 151
Trd, 000133.917, 155.0
Trd, 000134.500, 146
Trd, 000135.517, 162
Trd, 000136.300, 146
Trd, 000136.533, 172.0
Trd, 000136.683, 145
Trd, 000137.433, 147.0
Trd, 000138.917, 145.0
Trd, 000139.983, 146
Trd, 000140.050, 152
Trd, 000140.133, 155.0
Trd, 000140.183, 142
Trd, 000140.583, 142
Trd, 000141.600, 152
Trd, 000142.067, 160
Trd, 000142.850, 147
Trd, 000143.667, 144.0
Trd, 000143.700, 140
Trd, 000145.817, 147
Trd, 000146.050, 153.0
Trd, 000146.117, 143
Trd, 000147.400, 152
Trd, 000148.167, 152
Trd, 000148.750, 167.0
Trd, 000149.767, 154.0
Trd, 000149.800, 155.0
Trd, 000150.533, 157
Trd, 000151.333, 155
Trd, 000151.517, 162
Trd, 000152.850, 168.0
Trd, 000153.300, 159.0
Trd, 000154.783, 155.0
Trd, 000155.617, 157
Trd, 000155.650, 158
Trd, 000156.400, 159
Trd, 000156.567, 155
Trd, 000157.250, 157.0
Trd, 000157.700, 157.0
Trd, 000158.200, 155.0
Trd, 000158.517, 159
Trd, 000158.850, 161
Trd, 000160.650, 161
Trd, 000161.017, 152
Trd, 000162.367, 151
Trd, 000163.383, 151
Trd, 000163.550, 150
Trd, 000164.200, 153.0
Trd, 000164.633, 155
Trd, 000165.383, 144.0
Trd, 000165.700, 155.0
Trd, 000165.917, 155
Trd, 000166.467, 162
Trd, 000167.567, 150
Trd, 000168.600, 153.0
Trd, 000169.033, 155.0
Trd, 000169.067, 162
Trd, 000169.767, 155.0
Trd, 000170.450, 159
Trd, 000171.233, 157
Trd, 000171.250, 158
Trd, 000171.717, 160
Trd, 000172.217, 158
Trd, 000173.350, 160
Trd, 000173.917, 164.0
Trd, 000174.200, 165.0
Trd, 000175.783, 162.0
Trd, 000176.117, 163
Trd, 000177.033, 162
Trd, 000177.567, 155.0
Trd, 000177.733, 168.0
Trd, 000177.800, 159
Trd, 000179.517, 166
Trd, 000180.167, 160
Trd, 000180.367, 158
Trd, 000180.483, 157
Trd, 000181.100, 156.0
Trd, 000181.367, 155.0
Trd, 000182.600, 150
Trd, 000182.967, 155
Trd, 000184.800, 152
Trd, 000184.983, 153.0
Trd, 000185.717, 155.0
Trd, 000186.633, 168.0
Trd, 000187.050, 156
Trd, 000189.283, 159.0
Trd, 000189.317, 157.0
Trd, 000190.617, 159.0
Trd, 000190.750, 160
Trd, 000191.033, 149
Trd, 000191.183, 155.0
Trd, 000191.533, 161
Trd, 000193.683, 146
Trd, 000193.733, 159
Trd, 000195.200, 149
Trd, 000196.200, 150
Trd, 000196.383, 151
Trd, 000196.817, 152
Trd, 000196.933, 150
Trd, 000198.333, 153
Trd, 000198.667, 153
Trd, 000198.867, 148
Trd, 000199.083, 155.0
Trd, 000200.200, 160
Trd, 000201.267, 157
Trd, 000201.367, 162
Trd, 000201.633, 168.0
Trd, 000202.350, 169
Trd, 000202.467, 154
Trd, 000202.950, 153
Trd, 000203.050, 155.0
Trd, 000203.400, 145.0
Trd, 000203.500, 144.0
Trd, 000204.133, 140
Trd, 000206.117, 147
Trd, 000207.417, 147
Trd, 000207.900, 151
Trd, 000207.917, 145
Trd, 000208.233, 168.0
Trd, 000208.483, 172.0
Trd, 000209.067, 159
Trd, 000209.950, 145.0
Trd, 000210.367, 155.0
Trd, 000210.833, 162
Trd, 000213.083, 159
Trd, 000213.717, 157
Trd, 000215.000, 157
Trd, 000215.517, 155.0
Trd, 000215.650, 150
Trd, 000215.883, 157
Trd, 000216.567, 153
Trd, 000217.217, 147.0
Trd, 000217.300, 145.0
Trd, 000217.383, 151
Trd, 000218.017, 152
Trd, 000218.633, 152
Trd, 000220.633, 151
Trd, 000220.667, 147
Trd, 000220.867, 153
Trd, 000221.917, 152.0
Trd, 000222.300, 155.0
Trd, 000222.367, 162
Trd, 000222.917, 155.0
Trd, 000224.600, 154
Trd, 000225.617, 150
Trd, 000226.583, 139
Trd, 000227.000, 154
Trd, 000227.567, 131
Trd, 000227.733, 144
Trd, 000228.467, 131
Trd, 000229.583, 140
Trd, 000230.550, 151
Trd, 000230.750, 155.0
Trd, 000232.800, 157
Trd, 000233.700, 156
Trd, 000234.767, 161
Trd, 000234.900, 156.0
Trd, 000235.283, 155.0
Trd, 000235.967, 144.0
Trd, 000236.750, 155
Trd, 000237.350, 152
Trd, 000238.500, 152
Trd, 000238.667, 155.0
Trd, 000238.933, 162
Trd, 000239.133, 150
Trd, 000239.517, 149
Trd, 000240.550, 152
Trd, 000240.617, 151
Trd, 000240.667, 149
Trd, 000241.350, 152
Trd, 000241.617, 153
Trd, 000241.850, 155
Trd, 000242.067, 155.0
Trd, 000242.783, 150
Trd, 000242.917, 159
Trd, 000243.050, 154
Trd, 000243.483, 157
Trd, 000244.367, 158.0
Trd, 000244.467, 144.0
Trd, 000245.283, 148
Trd, 000245.500, 150
Trd, 000246.267, 150.0
Trd, 000247.050, 152
Trd, 000247.467, 149
Trd, 000247.517, 140
Trd, 000249.250, 145
Trd, 000249.467, 142
Trd, 000249.483, 144
Trd, 000249.833, 147
Trd, 000250.250, 151
Trd, 000250.633, 149.0
Trd, 000250.800, 148.0
Trd, 000251.117, 155.0
Trd, 000251.550, 158.0
Trd, 000252.267, 154.0
Trd, 000252.500, 155
Trd, 000253.750, 151
Trd, 000253.867, 150
Trd, 000254.500, 148
Trd, 000254.600, 149
Trd, 000254.667, 154
Trd, 000254.950, 155.0
Trd, 000255.467, 145.0
Trd, 000256.433, 148
Trd, 000258.100, 158
Trd, 000258.517, 162
Trd, 000258.800, 163
Trd, 000259.133, 167.0
Trd, 000259.583, 161
Trd, 000259.983, 160
Trd, 000260.650, 154
Trd, 000261.150, 155.0
Trd, 000261.233, 154
Trd, 000261.600, 158
Trd, 000262.117, 157
Trd, 000262.600, 155.0
Trd, 000263.183, 158
Trd, 000263.767, 157
Trd, 000263.900, 160
Trd, 000264.450, 158
Trd, 000264.917, 157
Trd, 000265.217, 155
Trd, 000265.450, 158.0
Trd, 000265.483, 155
Trd, 000266.167, 155.0
Trd, 000266.733, 150
Trd, 000266.983, 151
Trd, 000267.433, 147
Trd, 000267.800, 146
Trd, 000268.567, 150
Trd, 000269.000, 146.0
Trd, 000269.017, 144.0
Trd, 000269.367, 150
Trd, 000270.800, 150
Trd, 000271.433, 151
Trd, 000271.833, 150
Trd, 000272.267, 153.0
Trd, 000272.517, 152
Trd, 000273.317, 158
Trd, 000273.483, 153
Trd, 000273.700, 150
Trd, 000274.950, 146
Trd, 000275.467, 148
Trd, 000275.717, 148
Trd, 000275.817, 153
Trd, 000275.933, 147
Trd, 000276.283, 155.0
Trd, 000277.083, 155.0
Trd, 000277.650, 144.0
Trd, 000278.083, 144
Trd, 000278.267, 131
Trd, 000278.500, 139
Trd, 000278.633, 152
Trd, 000279.050, 152
Trd, 000279.600, 159
Trd, 000279.933, 153
Trd, 000280.217, 152
Trd, 000280.550, 150
Trd, 000280.617, 155.0
Trd, 000280.783, 145
Trd, 000281.200, 157.0
Trd, 000281.633, 150.0
Trd, 000282.217, 150
Trd, 000282.717, 143
Trd, 000284.450, 144
Trd, 000285.033, 144
Trd, 000285.267, 145
Trd, 000285.300, 144
Trd, 000285.350, 143
Trd, 000285.467, 151
Trd, 000285.900, 158.0
Trd, 000286.167, 155.0
Trd, 000286.283, 162
Trd, 000286.550, 150
Trd, 000286.717, 152
Trd, 000288.100, 168.0
Trd, 000289.000, 157
Trd, 000289.017, 162
Trd, 000289.033, 163
Trd, 000289.767, 165.0
Trd, 000289.867, 155.0
Trd, 000290.050, 150
Trd, 000290.383, 145
Trd, 000290.700, 158.0
Trd, 000290.783, 165.0
Trd, 000291.900, 151.0
Trd, 000292.117, 158.0
Trd, 000292.267, 167.0
Trd, 000292.600, 150.0
Trd, 000292.733, 144.0
Trd, 000293.350, 141
Trd, 000293.483, 156
Trd, 000293.883, 139
Trd, 000293.950, 147.0
Trd, 000294.117, 134.0
Trd, 000294.483, 155.0
Trd, 000294.983, 130
Trd, 000295.683, 153
Trd, 000296.183, 156.0
Trd, 000296.950, 157.0
Trd, 000298.117, 149
Trd, 000298.433, 154.0
Trd, 000299.417, 150
