Trd, 000002.033, 168.0
Trd, 000002.200, 134.0
Trd, 000003.817, 151.0
Trd, 000004.750, 154.0
Trd, 000006.400, 149.0
Trd, 000006.783, 150
Trd, 000007.233, 148.0
Trd, 000007.967, 147
Trd, 000008.233, 148
Trd, 000008.850, 148
Trd, 000009.567, 146
Trd, 000009.717, 147
Trd, 000011.700, 139
Trd, 000011.733, 141
Trd, 000012.517, 142
Trd, 000012.850, 144
Trd, 000013.167, 145
Trd, 000013.517, 144
Trd, 000013.867, 147
Trd, 000014.183, 146
Trd, 000014.583, 146
Trd, 000016.600, 148.0
Trd, 000016.983, 158.0
Trd, 000017.950, 151
Trd, 000018.767, 151
Trd, 000018.950, 151
Trd, 000019.683, 151.0
Trd, 000021.450, 150
Trd, 000021.517, 149.0
Trd, 000021.650, 133
Trd, 000022.033, 150
Trd, 000022.100, 151
Trd, 000022.150, 168.0
Trd, 000022.467, 148.0
Trd, 000024.783, 151
Trd, 000025.633, 152
Trd, 000025.900, 152
Trd, 000026.850, 152
Trd, 000027.067, 151
Trd, 000027.200, 150
Trd, 000027.583, 151
Trd, 000027.750, 152
Trd, 000028.050, 133
Trd, 000028.350, 134.0
Trd, 000028.883, 150
Trd, 000029.517, 149
Trd, 000030.183, 148
Trd, 000030.617, 148.0
Trd, 000031.667, 147
Trd, 000031.767, 154
Trd, 000032.417, 125.0
Trd, 000033.683, 151
Trd, 000034.100, 150
Trd, 000034.383, 148.0
Trd, 000034.900, 149
Trd, 000035.800, 146
Trd, 000036.150, 148
Trd, 000036.600, 149
Trd, 000037.217, 154
Trd, 000039.183, 159
Trd, 000039.200, 165.0
Trd, 000039.717, 161.0
Trd, 000040.133, 160.0
Trd, 000041.483, 158.0
Trd, 000042.717, 158
Trd, 000042.917, 158.0
Trd, 000043.083, 158.0
Trd, 000043.650, 158
Trd, 000044.017, 160.0
Trd, 000044.300, 149.0
Trd, 000045.517, 152
Trd, 000046.517, 150.0
Trd, 000046.567, 151
Trd, 000047.517, 150
Trd, 000047.950, 134.0
Trd, 000049.117, 134
Trd, 000049.250, 136
Trd, 000049.367, 136
Trd, 000049.900, 141.0
Trd, 000050.217, 135
Trd, 000051.350, 138.0
Trd, 000051.800, 136
Trd, 000051.833, 137.0
Trd, 000052.250, 134
Trd, 000053.417, 137.0
Trd, 000054.400, 141.0
Trd, 000054.467, 139
Trd, 000054.700, 139
Trd, 000055.400, 142.0
Trd, 000055.683, 144.0
Trd, 000056.567, 142
Trd, 000057.050, 144
Trd, 000057.283, 135
Trd, 000058.867, 152
Trd, 000059.850, 151
Trd, 000060.350, 150
Trd, 000060.783, 151
Trd, 000061.083, 150
Trd, 000061.333, 150.0
Trd, 000061.383, 151
Trd, 000061.500, 146
Trd, 000063.117, 148.0
Trd, 000063.500, 149
Trd, 000063.850, 150
Trd, 000064.250, 152
Trd, 000064.917, 151
Trd, 000065.000, 155
Trd, 000065.117, 155
Trd, 000066.583, 159
Trd, 000067.283, 158
Trd, 000068.633, 159
Trd, 000069.283, 158
Trd, 000070.450, 156
Trd, 000070.950, 157
Trd, 000071.517, 153
Trd, 000071.533, 150.0
Trd, 000072.550, 153
Trd, 000073.317, 152
Trd, 000074.583, 160.0
Trd, 000075.717, 159
Trd, 000076.133, 158.0
Trd, 000076.500, 157
Trd, 000078.133, 156
Trd, 000078.150, 157
Trd, 000078.550, 158
Trd, 000079.150, 167.0
Trd, 000079.483, 161
Trd, 000079.750, 160
Trd, 000080.550, 167.0
Trd, 000080.617, 164
Trd, 000081.333, 166
Trd, 000081.433, 164
Trd, 000081.700, 167
Trd, 000082.033, 162
Trd, 000084.367, 162.0
Trd, 000084.833, 162.0
Trd, 000085.250, 162.0
Trd, 000087.317, 156.0
Trd, 000087.583, 156.0
Trd, 000089.017, 154
Trd, 000089.650, 154
Trd, 000089.700, 155
Trd, 000089.817, 157
Trd, 000090.400, 152.0
Trd, 000090.733, 151.0
Trd, 000090.800, 142
Trd, 000092.100, 141.0
Trd, 000092.717, 148.0
Trd, 000095.267, 145
Trd, 000095.600, 143
Trd, 000095.867, 143
Trd, 000095.933, 144
Trd, 000096.183, 143
Trd, 000096.200, 152
Trd, 000096.250, 152
Trd, 000097.733, 134.0
Trd, 000097.783, 133
Trd, 000098.300, 131
Trd, 000098.983, 130
Trd, 000100.200, 138
Trd, 000101.300, 137
Trd, 000101.950, 137.0
Trd, 000102.067, 138
Trd, 000102.633, 138
Trd, 000103.700, 140.0
Trd, 000104.433, 141.0
Trd, 000105.983, 142
Trd, 000106.150, 141
Trd, 000106.317, 141
Trd, 000106.833, 142
Trd, 000107.100, 143
Trd, 000107.383, 144.0
Trd, 000109.350, 150
Trd, 000110.633, 162.0
Trd, 000110.783, 162.0
Trd, 000111.000, 162
Trd, 000111.967, 159
Trd, 000112.517, 159.0
Trd, 000112.850, 158.0
Trd, 000113.233, 155
Trd, 000113.950, 160
Trd, 000114.867, 159.0
Trd, 000115.417, 159.0
Trd, 000115.950, 159
Trd, 000115.983, 160
Trd, 000116.183, 158
Trd, 000116.867, 161
Trd, 000117.233, 158.0
Trd, 000117.333, 158
Trd, 000118.267, 157
Trd, 000119.350, 158.0
Trd, 000119.450, 157
Trd, 000119.950, 157
Trd, 000122.100, 153.0
Trd, 000122.250, 148.0
Trd, 000123.517, 153.0
Trd, 000123.933, 150
Trd, 000124.667, 150
Trd, 000124.783, 150
Trd, 000125.317, 151
Trd, 000125.967, 149
Trd, 000126.067, 148.0
Trd, 000126.150, 144
Trd, 000127.150, 149
Trd, 000128.533, 160.0
Trd, 000128.783, 160.0
Trd, 000128.933, 160.0
Trd, 000130.183, 158.0
Trd, 000130.217, 158
Trd, 000130.667, 162.0
Trd, 000134.083, 161
Trd, 000134.683, 161
Trd, 000134.883, 161
Trd, 000135.100, 162
Trd, 000135.267, 161
Trd, 000135.667, 162
Trd, 000135.767, 160
Trd, 000136.133, 159
Trd, 000136.300, 159
Trd, 000136.583, 158.0
Trd, 000137.183, 157
Trd, 000138.200, 154
Trd, 000139.767, 151.0
Trd, 000140.667, 158.0
Trd, 000142.617, 159.0
Trd, 000143.083, 162.0
Trd, 000143.167, 161.0
Trd, 000143.650, 159.0
Trd, 000144.450, 160.0
Trd, 000144.933, 158.0
Trd, 000145.167, 153
Trd, 000146.600, 151
Trd, 000147.933, 151.0
Trd, 000147.967, 148.0
Trd, 000148.550, 151
Trd, 000149.683, 150
Trd, 000149.850, 150
Trd, 000150.217, 148.0
Trd, 000150.583, 149
Trd, 000151.417, 142
Trd, 000153.267, 149
Trd, 000154.067, 160.0
Trd, 000154.267, 160
Trd, 000155.367, 165
Trd, 000156.200, 158.0
Trd, 000156.300, 158
Trd, 000156.767, 158
Trd, 000156.783, 158
Trd, 000156.833, 159
Trd, 000157.283, 148.0
Trd, 000158.433, 149
Trd, 000158.500, 150
Trd, 000160.433, 142
Trd, 000160.783, 143
Trd, 000160.867, 143
Trd, 000161.550, 144.0
Trd, 000161.583, 140
Trd, 000161.817, 144
Trd, 000162.117, 145
Trd, 000162.783, 147
Trd, 000163.467, 145
Trd, 000164.733, 148
Trd, 000165.950, 161
Trd, 000165.967, 164.0
Trd, 000166.250, 162
Trd, 000166.917, 160
Trd, 000167.417, 159
Trd, 000167.633, 158.0
Trd, 000168.050, 157
Trd, 000168.083, 158.0
Trd, 000168.383, 160.0
Trd, 000169.350, 159.0
Trd, 000170.517, 160.0
Trd, 000170.933, 159.0
Trd, 000172.183, 159.0
Trd, 000172.633, 159.0
Trd, 000172.833, 161
Trd, 000173.600, 159
Trd, 000174.300, 159
Trd, 000174.750, 158.0
Trd, 000175.017, 158
Trd, 000175.883, 141.0
Trd, 000176.017, 159
Trd, 000176.300, 152
Trd, 000176.817, 152
Trd, 000178.133, 157
Trd, 000178.250, 157
Trd, 000178.550, 158
Trd, 000181.550, 160
Trd, 000182.450, 159
Trd, 000182.467, 158.0
Trd, 000182.750, 157
Trd, 000183.383, 153
Trd, 000184.033, 150.0
Trd, 000185.067, 135
Trd, 000185.317, 135
Trd, 000185.417, 136
Trd, 000185.650, 158.0
Trd, 000187.200, 158.0
Trd, 000188.017, 158
Trd, 000188.067, 157
Trd, 000189.083, 156
Trd, 000189.733, 155
Trd, 000190.033, 153
Trd, 000190.433, 155.0
Trd, 000191.533, 152.0
Trd, 000192.133, 156.0
Trd, 000193.350, 163
Trd, 000194.517, 161
Trd, 000194.850, 160.0
Trd, 000195.933, 161.0
Trd, 000196.317, 161.0
Trd, 000196.917, 158.0
Trd, 000198.033, 157
Trd, 000198.333, 156
Trd, 000198.600, 157
Trd, 000199.433, 155
Trd, 000199.617, 154
Trd, 000200.183, 155
Trd, 000200.667, 156
Trd, 000201.133, 153
Trd, 000201.700, 149.0
Trd, 000202.050, 148.0
Trd, 000202.200, 149
Trd, 000203.717, 141.0
Trd, 000204.567, 134
Trd, 000205.150, 140
Trd, 000205.450, 140
Trd, 000206.533, 136
Trd, 000207.117, 136
Trd, 000207.283, 136
Trd, 000208.967, 140.0
Trd, 000209.283, 141.0
Trd, 000209.967, 144.0
Trd, 000210.500, 144
Trd, 000211.000, 143
Trd, 000211.150, 144
Trd, 000211.667, 148.0
Trd, 000212.183, 152
Trd, 000213.283, 153
Trd, 000213.683, 153
Trd, 000214.917, 153
Trd, 000214.933, 154
Trd, 000215.317, 154
Trd, 000216.083, 155
Trd, 000216.250, 155
Trd, 000216.783, 167.0
Trd, 000217.233, 156
Trd, 000219.033, 161
Trd, 000219.117, 160
Trd, 000219.683, 160
Trd, 000220.650, 157
Trd, 000220.767, 159
Trd, 000221.117, 159.0
Trd, 000221.567, 160
Trd, 000221.933, 158.0
Trd, 000222.333, 156
Trd, 000224.150, 155
Trd, 000224.550, 151.0
Trd, 000225.100, 151.0
Trd, 000225.383, 149.0
Trd, 000225.650, 150
Trd, 000225.667, 151
Trd, 000225.817, 152
Trd, 000226.533, 148.0
Trd, 000227.450, 149
Trd, 000227.550, 150
Trd, 000228.300, 148
Trd, 000228.683, 149
Trd, 000228.900, 149
Trd, 000229.200, 148.0
Trd, 000231.017, 147
Trd, 000231.683, 148
Trd, 000231.767, 147
Trd, 000231.867, 160
Trd, 000234.067, 166
Trd, 000235.083, 161.0
Trd, 000235.333, 161.0
Trd, 000235.467, 158.0
Trd, 000235.733, 153
Trd, 000237.083, 154
Trd, 000237.133, 153
Trd, 000237.600, 152.0
Trd, 000238.283, 152
Trd, 000239.317, 150.0
Trd, 000239.817, 148.0
Trd, 000240.267, 150.0
Trd, 000240.400, 150
Trd, 000241.000, 152
Trd, 000241.050, 151.0
Trd, 000241.167, 148.0
Trd, 000241.450, 144.0
Trd, 000241.483, 146
Trd, 000241.583, 148
Trd, 000241.817, 149
Trd, 000243.067, 143
Trd, 000243.383, 143
Trd, 000243.450, 142
Trd, 000243.483, 143
Trd, 000244.583, 138
Trd, 000244.667, 143
Trd, 000245.167, 140
Trd, 000245.617, 138.0
Trd, 000246.000, 141.0
Trd, 000246.150, 141
Trd, 000246.250, 144.0
Trd, 000246.517, 143
Trd, 000246.750, 141
Trd, 000246.767, 144.0
Trd, 000247.533, 146
Trd, 000248.383, 139
Trd, 000248.467, 138
Trd, 000248.483, 139.0
Trd, 000248.833, 133
Trd, 000248.950, 136.0
Trd, 000249.200, 133
Trd, 000250.550, 134.0
Trd, 000250.883, 135.0
Trd, 000251.067, 135
Trd, 000251.367, 136.0
Trd, 000251.450, 136
Trd, 000251.783, 135
Trd, 000251.817, 137.0
Trd, 000252.400, 141.0
Trd, 000252.750, 144.0
Trd, 000252.983, 143
Trd, 000253.250, 141
Trd, 000253.900, 141
Trd, 000253.933, 140
Trd, 000254.250, 141.0
Trd, 000254.367, 148.0
Trd, 000255.033, 145
Trd, 000255.417, 156
Trd, 000256.017, 156
Trd, 000257.267, 156
Trd, 000257.300, 157
Trd, 000257.333, 158
Trd, 000257.633, 157
Trd, 000258.083, 158
Trd, 000258.483, 156
Trd, 000258.900, 152
Trd, 000259.517, 150
Trd, 000259.550, 148.0
Trd, 000260.150, 143
Trd, 000260.367, 145
Trd, 000260.567, 145
Trd, 000261.167, 145
Trd, 000261.650, 146
Trd, 000261.683, 144
Trd, 000262.183, 144.0
Trd, 000262.250, 144
Trd, 000262.883, 142
Trd, 000263.417, 139
Trd, 000263.567, 134.0
Trd, 000263.967, 136
Trd, 000264.633, 126.0
Trd, 000264.867, 125.0
Trd, 000264.917, 127
Trd, 000265.083, 132
Trd, 000265.733, 144.0
Trd, 000265.833, 141.0
Trd, 000266.983, 152
Trd, 000267.600, 160
Trd, 000267.717, 162
Trd, 000269.167, 167
Trd, 000269.567, 166.0
Trd, 000269.650, 165.0
Trd, 000269.950, 167.0
Trd, 000270.100, 165.0
Trd, 000270.733, 162
Trd, 000270.767, 167
Trd, 000271.467, 158.0
Trd, 000272.117, 155
Trd, 000272.183, 151
Trd, 000272.300, 152
Trd, 000272.400, 156
Trd, 000273.033, 150
Trd, 000273.567, 149.0
Trd, 000273.667, 148.0
Trd, 000274.717, 145
Trd, 000274.967, 147
Trd, 000275.150, 147
Trd, 000275.250, 144.0
Trd, 000275.433, 147
Trd, 000276.000, 140
Trd, 000276.267, 132
Trd, 000276.500, 142.0
Trd, 000276.717, 142.0
Trd, 000277.250, 142.0
Trd, 000277.633, 141
Trd, 000278.033, 142
Trd, 000278.350, 132
Trd, 000278.850, 135
Trd, 000279.017, 135
Trd, 000279.233, 136
Trd, 000279.583, 136
Trd, 000279.733, 140.0
Trd, 000279.850, 141.0
Trd, 000281.267, 144.0
Trd, 000281.550, 138.0
Trd, 000281.650, 137
Trd, 000282.517, 133.0
Trd, 000282.917, 133.0
Trd, 000283.233, 134.0
Trd, 000283.467, 134
Trd, 000283.483, 134
Trd, 000283.867, 137.0
Trd, 000284.117, 144.0
Trd, 000285.433, 136
Trd, 000286.183, 136
Trd, 000286.383, 136
Trd, 000286.533, 135
Trd, 000287.283, 136.0
Trd, 000287.433, 137.0
Trd, 000288.317, 138
Trd, 000288.383, 135
Trd, 000288.667, 139.0
Trd, 000290.033, 134
Trd, 000290.133, 136.0
Trd, 000290.750, 134
Trd, 000291.400, 133
Trd, 000291.433, 134
Trd, 000291.717, 134.0
Trd, 000291.867, 126.0
Trd, 000292.650, 141.0
Trd, 000292.883, 144.0
Trd, 000292.933, 137.0
Trd, 000293.767, 134.0
Trd, 000293.933, 148.0
Trd, 000294.417, 165
Trd, 000294.967, 134
Trd, 000295.267, 139.0
Trd, 000295.400, 140.0
Trd, 000295.550, 140
Trd, 000295.667, 139
Trd, 000295.683, 140.0
Trd, 000297.000, 154
Trd, 000297.233, 154
Trd, 000297.400, 153
Trd, 000297.583, 156.0
Trd, 000297.817, 155.0
Trd, 000298.117, 157
Trd, 000298.583, 156
Trd, 000298.933, 156
Trd, 000299.317, 154
