Trd, 000000.883, 109
Trd, 000003.050, 130
Trd, 000003.417, 120.0
Trd, 000005.067, 136.0
Trd, 000005.100, 137.0
Trd, 000005.650, 148
Trd, 000005.900, 145
Trd, 000007.300, 148
Trd, 000007.533, 145.0
Trd, 000008.850, 144.0
Trd, 000008.983, 144
Trd, 000009.250, 145
Trd, 000009.783, 146
Trd, 000010.050, 148
Trd, 000010.250, 154
Trd, 000010.533, 143
Trd, 000011.100, 152.0
Trd, 000011.200, 153.0
Trd, 000011.633, 155.0
Trd, 000011.833, 146
Trd, 000012.233, 144.0
Trd, 000012.617, 145
Trd, 000013.450, 146
Trd, 000014.600, 149
Trd, 000014.667, 148
Trd, 000017.033, 149
Trd, 000017.117, 143
Trd, 000017.433, 144
Trd, 000017.517, 150
Trd, 000017.600, 150
Trd, 000017.617, 142
Trd, 000018.400, 150
Trd, 000018.883, 155.0
Trd, 000019.200, 142
Trd, 000020.567, 150
Trd, 000021.850, 150
Trd, 000023.083, 149
Trd, 000024.000, 150
Trd, 000024.367, 149
Trd, 000024.517, 149
Trd, 000024.550, 147
Trd, 000024.733, 150
Trd, 000025.033, 151
Trd, 000025.100, 145
Trd, 000026.133, 151
Trd, 000027.100, 155.0
Trd, 000027.583, 158.0
Trd, 000028.733, 147
Trd, 000029.350, 147
Trd, 000029.417, 147
Trd, 000030.150, 150
Trd, 000031.133, 144
Trd, 000031.500, 147
Trd, 000031.700, 144.0
Trd, 000032.983, 143
Trd, 000033.433, 147
Trd, 000033.867, 147
Trd, 000034.800, 144.0
Trd, 000035.383, 144
Trd, 000035.500, 144.0
Trd, 000035.767, 147
Trd, 000036.467, 147
Trd, 000036.983, 144
Trd, 000037.333, 148
Trd, 000038.950, 153
Trd, 000039.500, 152.0
Trd, 000039.667, 150
Trd, 000040.283, 147
Trd, 000040.850, 147
Trd, 000041.883, 150
Trd, 000042.800, 149
Trd, 000043.117, 149.0
Trd, 000044.550, 148
Trd, 000044.933, 148
Trd, 000045.117, 148
Trd, 000046.433, 148
Trd, 000046.600, 147
Trd, 000047.017, 145
Trd, 000047.650, 142
Trd, 000047.667, 137.0
Trd, 000047.750, 146
Trd, 000048.117, 146
Trd, 000048.517, 144.0
Trd, 000050.533, 145
Trd, 000050.800, 145
Trd, 000051.383, 145
Trd, 000052.800, 149
Trd, 000053.167, 145.0
Trd, 000053.400, 144.0
Trd, 000054.367, 144
Trd, 000054.950, 146
Trd, 000055.300, 144
Trd, 000055.483, 143
Trd, 000056.433, 153.0
Trd, 000056.483, 142
Trd, 000056.750, 141
Trd, 000057.600, 176
Trd, 000059.133, 165
Trd, 000059.367, 167
Trd, 000059.617, 144.0
Trd, 000059.867, 152
Trd, 000060.783, 148
Trd, 000060.800, 149
Trd, 000062.517, 148
Trd, 000063.150, 149
Trd, 000064.200, 149
Trd, 000064.383, 155.0
Trd, 000064.867, 158.0
Trd, 000065.300, 147
Trd, 000065.433, 146
Trd, 000065.683, 145
Trd, 000065.983, 144.0
Trd, 000066.667, 140
Trd, 000067.817, 147
Trd, 000068.150, 146
Trd, 000069.133, 148
Trd, 000069.250, 140
Trd, 000070.133, 138
Trd, 000070.250, 137.0
Trd, 000070.333, 144.0
Trd, 000070.667, 145
Trd, 000071.933, 148
Trd, 000072.333, 147
Trd, 000072.483, 147.0
Trd, 000073.333, 146
Trd, 000073.400, 144
Trd, 000074.017, 144.0
Trd, 000074.400, 146
Trd, 000074.683, 147
Trd, 000076.517, 144
Trd, 000076.950, 145
Trd, 000077.567, 144
Trd, 000078.600, 144.0
Trd, 000078.667, 145
Trd, 000079.067, 143
Trd, 000079.867, 143
Trd, 000080.050, 142
Trd, 000080.150, 142
Trd, 000080.700, 147
Trd, 000081.067, 148
Trd, 000082.450, 150
Trd, 000082.467, 156.0
Trd, 000082.483, 144
Trd, 000083.150, 177
Trd, 000083.483, 143
Trd, 000084.250, 142
Trd, 000084.500, 139
Trd, 000085.200, 151
Trd, 000086.550, 143
Trd, 000086.617, 141
Trd, 000086.850, 144
Trd, 000087.100, 137.0
Trd, 000087.133, 155.0
Trd, 000088.550, 144
Trd, 000088.567, 139
Trd, 000091.583, 147
Trd, 000092.417, 148
Trd, 000092.517, 147
Trd, 000092.533, 145
Trd, 000092.600, 144.0
Trd, 000092.900, 144.0
Trd, 000093.133, 144
Trd, 000093.867, 145
Trd, 000094.033, 144
Trd, 000094.133, 137.0
Trd, 000094.217, 145
Trd, 000095.750, 154.0
Trd, 000096.667, 155.0
Trd, 000097.483, 148
Trd, 000098.900, 155.0
Trd, 000100.817, 152
Trd, 000101.750, 153
Trd, 000101.883, 149
Trd, 000102.317, 149
Trd, 000103.533, 150
Trd, 000103.783, 152
Trd, 000104.033, 154
Trd, 000104.833, 150
Trd, 000104.950, 151.0
Trd, 000105.217, 149
Trd, 000105.267, 148
Trd, 000106.133, 147
Trd, 000106.800, 146
Trd, 000106.817, 147
Trd, 000107.067, 148
Trd, 000108.100, 150
Trd, 000108.450, 144.0
Trd, 000108.833, 155.0
Trd, 000108.867, 158.0
Trd, 000110.450, 151
Trd, 000110.700, 149
Trd, 000111.133, 149
Trd, 000114.100, 146
Trd, 000114.683, 150
Trd, 000114.783, 151
Trd, 000115.467, 146
Trd, 000115.533, 145.0
Trd, 000116.100, 144
Trd, 000116.417, 149
Trd, 000116.517, 144.0
Trd, 000116.983, 144
Trd, 000117.650, 149
Trd, 000118.483, 150
Trd, 000119.400, 144
Trd, 000119.767, 143
Trd, 000119.950, 141
Trd, 000120.017, 148
Trd, 000120.367, 150
Trd, 000120.467, 151
Trd, 000122.650, 144.0
Trd, 000123.017, 143
Trd, 000123.867, 147
Trd, 000124.350, 148
Trd, 000124.367, 155.0
Trd, 000125.267, 152
Trd, 000126.000, 144.0
Trd, 000126.817, 150
Trd, 000127.233, 149
Trd, 000128.367, 151
Trd, 000128.817, 148
Trd, 000129.483, 155.0
Trd, 000129.667, 149
Trd, 000130.150, 153
Trd, 000131.433, 152
Trd, 000131.550, 152
Trd, 000131.733, 150
Trd, 000132.567, 147
Trd, 000133.167, 149
Trd, 000133.233, 146
Trd, 000133.867, 148
Trd, 000134.117, 145
Trd, 000134.767, 148
Trd, 000135.433, 148
Trd, 000135.967, 141
Trd, 000137.867, 145
Trd, 000137.950, 147
Trd, 000138.583, 144
Trd, 000140.617, 147
Trd, 000140.767, 144.0
Trd, 000140.800, 144
Trd, 000141.483, 144
Trd, 000142.150, 148
Trd, 000143.500, 144.0
Trd, 000145.433, 145
Trd, 000145.583, 145
Trd, 000145.733, 146
Trd, 000147.750, 146
Trd, 000147.800, 144
Trd, 000147.817, 147
Trd, 000147.883, 144.0
Trd, 000148.117, 139
Trd, 000148.267, 146
Trd, 000148.950, 137.0
Trd, 000150.800, 147
Trd, 000151.517, 142
Trd, 000152.617, 143
Trd, 000153.133, 145
Trd, 000154.033, 145
Trd, 000154.050, 148
Trd, 000154.183, 144
Trd, 000154.633, 145
Trd, 000155.517, 146
Trd, 000156.800, 153.0
Trd, 000157.700, 158.0
Trd, 000159.117, 145
Trd, 000160.133, 146
Trd, 000160.233, 145
Trd, 000160.633, 144
Trd, 000160.933, 143
Trd, 000161.683, 146
Trd, 000161.933, 144.0
Trd, 000162.633, 142
Trd, 000162.650, 145
Trd, 000164.383, 144.0
Trd, 000165.017, 145
Trd, 000165.717, 144
Trd, 000165.800, 145
Trd, 000166.083, 148
Trd, 000166.217, 155.0
Trd, 000167.300, 159
Trd, 000167.367, 158
Trd, 000167.617, 158
Trd, 000167.667, 158
Trd, 000168.050, 150
Trd, 000168.650, 150
Trd, 000169.600, 153
Trd, 000169.933, 144.0
Trd, 000170.050, 134.0
Trd, 000170.933, 141
Trd, 000172.767, 148
Trd, 000172.900, 140
Trd, 000173.017, 139
Trd, 000173.067, 148
Trd, 000173.150, 150
Trd, 000173.700, 148
Trd, 000174.617, 149
Trd, 000175.833, 146
Trd, 000176.850, 147
Trd, 000177.017, 147
Trd, 000177.100, 148
Trd, 000177.317, 146
Trd, 000177.833, 145
Trd, 000179.750, 146
Trd, 000179.867, 144
Trd, 000179.933, 144.0
Trd, 000180.100, 148
Trd, 000180.667, 143
Trd, 000181.367, 142
Trd, 000181.600, 142
Trd, 000182.483, 145
Trd, 000182.533, 146
Trd, 000183.183, 148
Trd, 000183.800, 144.0
Trd, 000185.267, 144
Trd, 000185.583, 143
Trd, 000185.883, 144
Trd, 000186.383, 145
Trd, 000186.650, 145
Trd, 000187.700, 148
Trd, 000188.467, 146
Trd, 000189.000, 146
Trd, 000189.250, 144
Trd, 000189.683, 143
Trd, 000189.750, 142
Trd, 000189.950, 146
Trd, 000190.883, 137.0
Trd, 000191.200, 148
Trd, 000191.683, 147
Trd, 000192.433, 144.0
Trd, 000192.800, 146
Trd, 000193.183, 139
Trd, 000193.350, 120.0
Trd, 000194.517, 135
Trd, 000195.050, 142
Trd, 000196.167, 141
Trd, 000197.400, 146
Trd, 000198.267, 146.0
Trd, 000198.300, 147
Trd, 000198.900, 144.0
Trd, 000199.433, 155.0
Trd, 000200.150, 143
Trd, 000200.200, 143
Trd, 000200.217, 145
Trd, 000200.483, 142
Trd, 000201.100, 143
Trd, 000201.283, 148
Trd, 000202.633, 154
Trd, 000202.967, 157.0
Trd, 000204.233, 155
Trd, 000204.383, 147
Trd, 000204.867, 146
Trd, 000206.433, 148
Trd, 000206.850, 148
Trd, 000207.783, 149
Trd, 000208.033, 148
Trd, 000209.483, 148
Trd, 000210.083, 147
Trd, 000210.500, 146
Trd, 000210.517, 148
Trd, 000210.867, 148
Trd, 000211.417, 148
Trd, 000211.750, 146
Trd, 000212.583, 144.0
Trd, 000214.233, 144
Trd, 000215.067, 147
Trd, 000215.417, 147
Trd, 000215.500, 146
Trd, 000216.400, 148
Trd, 000216.533, 146
Trd, 000216.800, 144
Trd, 000217.000, 139
Trd, 000217.067, 148
Trd, 000218.800, 145
Trd, 000219.017, 147
Trd, 000219.350, 148
Trd, 000219.717, 155.0
Trd, 000219.800, 149
Trd, 000220.533, 150
Trd, 000220.733, 147
Trd, 000221.117, 146
Trd, 000222.817, 148
Trd, 000223.583, 149
Trd, 000224.000, 146
Trd, 000224.567, 147
Trd, 000225.283, 148
Trd, 000226.050, 149
Trd, 000226.167, 145
Trd, 000226.533, 145
Trd, 000226.867, 150
Trd, 000226.917, 144
Trd, 000227.167, 144.0
Trd, 000228.100, 143
Trd, 000228.500, 144
Trd, 000228.783, 146
Trd, 000229.433, 146
Trd, 000229.900, 143
Trd, 000230.867, 146
Trd, 000231.733, 149
Trd, 000233.233, 147
Trd, 000233.317, 145
Trd, 000233.533, 142
Trd, 000234.300, 148
Trd, 000235.050, 144.0
Trd, 000237.067, 143
Trd, 000237.350, 143
Trd, 000238.267, 146
Trd, 000239.200, 144
Trd, 000239.250, 146
Trd, 000240.067, 146
Trd, 000240.383, 144
Trd, 000240.833, 144
Trd, 000241.117, 148
Trd, 000241.133, 145
Trd, 000241.150, 154.0
Trd, 000242.150, 147.0
Trd, 000242.583, 145.0
Trd, 000243.350, 149.0
Trd, 000243.600, 147.0
Trd, 000244.450, 148
Trd, 000244.483, 147
Trd, 000244.717, 148
Trd, 000244.783, 146
Trd, 000245.550, 145
Trd, 000245.633, 144.0
Trd, 000245.667, 146
Trd, 000246.017, 149
Trd, 000246.533, 144.0
Trd, 000246.667, 158.0
Trd, 000247.367, 146
Trd, 000247.417, 150
Trd, 000247.883, 147
Trd, 000249.433, 153.0
Trd, 000249.533, 153
Trd, 000249.567, 150
Trd, 000249.617, 148
Trd, 000250.083, 153
Trd, 000250.617, 152.0
Trd, 000251.383, 149
Trd, 000251.417, 152
Trd, 000251.933, 155.0
Trd, 000252.700, 152.0
Trd, 000253.217, 155
Trd, 000253.600, 163.0
Trd, 000254.867, 152
Trd, 000255.000, 152
Trd, 000255.433, 154
Trd, 000255.567, 149
Trd, 000255.967, 152
Trd, 000256.100, 148
Trd, 000256.850, 154
Trd, 000257.417, 154
Trd, 000257.700, 150
Trd, 000257.883, 149
Trd, 000258.767, 147
Trd, 000258.900, 152
Trd, 000259.417, 148
Trd, 000260.100, 145.0
Trd, 000260.350, 148.0
Trd, 000260.517, 145
Trd, 000261.683, 139
Trd, 000261.883, 138.0
Trd, 000262.217, 143
Trd, 000262.717, 141
Trd, 000262.800, 143
Trd, 000263.600, 139
Trd, 000263.783, 145
Trd, 000264.383, 149
Trd, 000264.933, 141.0
Trd, 000265.117, 139
Trd, 000265.333, 139
Trd, 000265.417, 144.0
Trd, 000265.967, 141.0
Trd, 000267.067, 144
Trd, 000267.083, 144
Trd, 000267.133, 143
Trd, 000267.883, 141
Trd, 000268.600, 140
Trd, 000269.117, 140
Trd, 000269.267, 144
Trd, 000269.650, 147
Trd, 000269.750, 149
Trd, 000270.400, 146
Trd, 000270.817, 146.0
Trd, 000271.417, 144.0
Trd, 000271.817, 148
Trd, 000271.867, 143
Trd, 000271.983, 141.0
Trd, 000272.467, 142
Trd, 000272.550, 142
Trd, 000272.733, 141
Trd, 000273.317, 141.0
Trd, 000274.550, 143
Trd, 000275.017, 141
Trd, 000275.967, 142
Trd, 000276.117, 143
Trd, 000276.217, 144
Trd, 000276.317, 142
Trd, 000276.617, 141
Trd, 000277.383, 149
Trd, 000277.750, 144.0
Trd, 000278.283, 154.0
Trd, 000278.850, 143
Trd, 000278.967, 145
Trd, 000279.600, 155.0
Trd, 000280.017, 150.0
Trd, 000280.350, 145
Trd, 000280.650, 144
Trd, 000281.250, 147
Trd, 000281.967, 149
Trd, 000282.067, 149
Trd, 000282.367, 151
Trd, 000282.483, 142
Trd, 000282.767, 154.0
Trd, 000282.883, 153
Trd, 000283.867, 152
Trd, 000283.933, 151
Trd, 000284.433, 144.0
Trd, 000284.683, 141.0
Trd, 000285.267, 149
Trd, 000285.650, 147
Trd, 000285.967, 148
Trd, 000286.067, 149
Trd, 000286.400, 143
Trd, 000287.117, 149
Trd, 000287.883, 154.0
Trd, 000288.367, 142
Trd, 000289.250, 151
Trd, 000289.417, 147
Trd, 000289.483, 154.0
Trd, 000289.550, 152
Trd, 000290.533, 155.0
Trd, 000290.833, 153
Trd, 000291.017, 149
Trd, 000291.167, 144.0
Trd, 000292.717, 149
Trd, 000292.783, 145
Trd, 000293.000, 145
Trd, 000294.067, 148
Trd, 000294.383, 150
Trd, 000294.583, 151
Trd, 000294.933, 155.0
Trd, 000295.200, 145
Trd, 000296.300, 149
Trd, 000296.767, 147
Trd, 000296.833, 151
Trd, 000297.117, 156
Trd, 000297.450, 164.0
Trd, 000298.200, 153
Trd, 000298.450, 148
Trd, 000299.517, 149
Trd, 000299.583, 151
