Trd, 000001.850, 116
Trd, 000002.733, 172.0
Trd, 000003.333, 151
Trd, 000004.367, 141.0
Trd, 000004.917, 154.0
Trd, 000005.433, 158.0
Trd, 000006.433, 172.0
Trd, 000007.000, 161
Trd, 000007.517, 158
Trd, 000007.550, 158
Trd, 000008.183, 173
Trd, 000009.767, 163
Trd, 000009.817, 157
Trd, 000009.850, 164
Trd, 000010.167, 141.0
Trd, 000011.750, 157
Trd, 000011.767, 156
Trd, 000013.283, 151
Trd, 000013.783, 158
Trd, 000014.250, 152
Trd, 000014.267, 158.0
Trd, 000015.750, 154
Trd, 000016.300, 158
Trd, 000017.167, 172.0
Trd, 000017.450, 155
Trd, 000017.833, 175.0
Trd, 000018.167, 172.0
Trd, 000018.500, 157.0
Trd, 000018.617, 157.0
Trd, 000019.367, 158.0
Trd, 000021.783, 156
Trd, 000022.117, 159
Trd, 000022.683, 157
Trd, 000022.833, 160
Trd, 000023.183, 161
Trd, 000023.700, 162
Trd, 000024.200, 160
Trd, 000025.183, 158
Trd, 000025.867, 159
Trd, 000026.433, 158
Trd, 000026.533, 159
Trd, 000027.383, 159
Trd, 000028.483, 159
Trd, 000028.550, 160
Trd, 000028.733, 172.0
Trd, 000028.883, 155
Trd, 000029.283, 163
Trd, 000031.433, 157
Trd, 000032.267, 156
Trd, 000032.433, 155
Trd, 000034.333, 156
Trd, 000034.467, 156
Trd, 000034.983, 154
Trd, 000035.050, 155
Trd, 000035.433, 158.0
Trd, 000035.733, 172.0
Trd, 000035.867, 160
Trd, 000036.033, 155
Trd, 000036.417, 156.0
Trd, 000037.117, 157.0
Trd, 000037.333, 156
Trd, 000037.483, 158.0
Trd, 000038.567, 157
Trd, 000038.817, 174
Trd, 000039.867, 160
Trd, 000040.200, 156
Trd, 000040.300, 160
Trd, 000040.717, 155
Trd, 000042.133, 157
Trd, 000042.833, 156
Trd, 000043.983, 154
Trd, 000044.067, 157.0
Trd, 000044.133, 158.0
Trd, 000044.783, 168
Trd, 000044.917, 175
Trd, 000045.317, 175
Trd, 000046.100, 159
Trd, 000046.533, 156
Trd, 000046.633, 152
Trd, 000047.117, 158.0
Trd, 000047.267, 142.0
Trd, 000049.067, 160
Trd, 000049.300, 154
Trd, 000049.317, 161
Trd, 000049.917, 153
Trd, 000050.167, 153
Trd, 000051.183, 152
Trd, 000051.983, 151
Trd, 000052.933, 151
Trd, 000052.983, 175.0
Trd, 000053.133, 149
Trd, 000053.417, 170
Trd, 000053.617, 172.0
Trd, 000055.050, 155
Trd, 000056.383, 158.0
Trd, 000056.983, 153
Trd, 000057.033, 152
Trd, 000057.317, 154
Trd, 000057.583, 156
Trd, 000058.367, 149
Trd, 000059.533, 152
Trd, 000059.567, 153
Trd, 000059.833, 153
Trd, 000059.933, 150
Trd, 000061.483, 155
Trd, 000061.517, 158.0
Trd, 000062.833, 176
Trd, 000062.983, 164
Trd, 000063.200, 163
Trd, 000063.500, 163
Trd, 000064.250, 164
Trd, 000065.167, 162.0
Trd, 000065.517, 172.0
Trd, 000066.150, 158
Trd, 000066.650, 166
Trd, 000067.450, 158
Trd, 000068.417, 165
Trd, 000068.983, 158
Trd, 000069.083, 166
Trd, 000069.483, 171.0
Trd, 000069.967, 157
Trd, 000070.633, 156
Trd, 000070.650, 169.0
Trd, 000071.650, 158.0
Trd, 000072.317, 155
Trd, 000072.400, 164
Trd, 000072.433, 165
Trd, 000073.067, 167
Trd, 000076.283, 158.0
Trd, 000076.750, 157
Trd, 000076.883, 163
Trd, 000077.633, 160
Trd, 000078.450, 162
Trd, 000079.050, 169
Trd, 000079.100, 163
Trd, 000079.417, 174.0
Trd, 000080.533, 166
Trd, 000080.717, 167
Trd, 000081.467, 163
Trd, 000081.767, 175.0
Trd, 000083.367, 160
Trd, 000083.817, 175
Trd, 000084.550, 174.0
Trd, 000086.033, 159
Trd, 000086.050, 170
Trd, 000086.217, 159
Trd, 000087.217, 158.0
Trd, 000087.333, 165
Trd, 000087.400, 157
Trd, 000087.800, 164
Trd, 000089.183, 163
Trd, 000090.300, 163
Trd, 000090.583, 162.0
Trd, 000091.117, 141.0
Trd, 000092.033, 157
Trd, 000092.167, 157
Trd, 000092.233, 156
Trd, 000092.800, 157
Trd, 000093.133, 155
Trd, 000093.300, 157
Trd, 000094.517, 158.0
Trd, 000095.017, 179
Trd, 000096.033, 154
Trd, 000097.200, 163
Trd, 000098.167, 163
Trd, 000098.267, 157
Trd, 000098.867, 161
Trd, 000099.717, 158
Trd, 000100.017, 156
Trd, 000100.667, 158.0
Trd, 000101.900, 155
Trd, 000102.500, 155
Trd, 000102.950, 157
Trd, 000102.967, 157
Trd, 000103.233, 158
Trd, 000103.700, 154
Trd, 000104.267, 158.0
Trd, 000104.850, 173.0
Trd, 000105.267, 174.0
Trd, 000105.617, 154
Trd, 000106.567, 164
Trd, 000107.250, 164
Trd, 000107.433, 164
Trd, 000107.750, 158
Trd, 000108.883, 158
Trd, 000109.300, 159
Trd, 000109.900, 157
Trd, 000110.150, 172.0
Trd, 000110.750, 155
Trd, 000111.133, 155
Trd, 000112.500, 157.0
Trd, 000112.750, 150
Trd, 000114.050, 157
Trd, 000115.100, 157
Trd, 000115.317, 152
Trd, 000115.633, 143
Trd, 000115.667, 157
Trd, 000115.717, 142
Trd, 000115.950, 145
Trd, 000116.067, 156
Trd, 000118.017, 155
Trd, 000118.133, 154
Trd, 000119.433, 153
Trd, 000119.550, 149
Trd, 000120.733, 154
Trd, 000121.167, 154
Trd, 000122.050, 158.0
Trd, 000122.683, 155
Trd, 000123.433, 155
Trd, 000123.533, 156
Trd, 000123.683, 172.0
Trd, 000124.133, 178
Trd, 000124.783, 157
Trd, 000125.467, 156
Trd, 000125.717, 162
Trd, 000126.100, 156
Trd, 000126.783, 158.0
Trd, 000126.833, 163
Trd, 000127.150, 172.0
Trd, 000127.233, 155
Trd, 000127.683, 155
Trd, 000127.983, 172.0
Trd, 000128.233, 158
Trd, 000129.233, 163
Trd, 000129.267, 156
Trd, 000131.133, 156
Trd, 000132.833, 154
Trd, 000133.050, 145
Trd, 000133.500, 152
Trd, 000133.650, 148
Trd, 000133.850, 153
Trd, 000134.100, 155
Trd, 000134.800, 158.0
Trd, 000135.367, 153
Trd, 000135.983, 149
Trd, 000136.233, 172.0
Trd, 000137.800, 165
Trd, 000137.983, 163
Trd, 000138.583, 161
Trd, 000138.917, 162
Trd, 000138.983, 172.0
Trd, 000139.000, 160
Trd, 000139.450, 172.0
Trd, 000141.167, 157
Trd, 000141.517, 158.0
Trd, 000142.300, 141.0
Trd, 000142.600, 143
Trd, 000142.783, 163
Trd, 000144.050, 147
Trd, 000145.050, 154
Trd, 000145.233, 151
Trd, 000145.917, 156
Trd, 000146.233, 152
Trd, 000146.817, 154
Trd, 000147.083, 155
Trd, 000147.450, 156
Trd, 000149.850, 156
Trd, 000150.450, 156
Trd, 000150.467, 151
Trd, 000151.117, 153
Trd, 000151.317, 155
Trd, 000151.950, 156
Trd, 000152.100, 158.0
Trd, 000153.083, 160
Trd, 000153.633, 158
Trd, 000154.700, 157
Trd, 000155.050, 158
Trd, 000155.083, 158.0
Trd, 000155.367, 155
Trd, 000155.967, 157
Trd, 000157.467, 152
Trd, 000158.233, 145
Trd, 000158.817, 143
Trd, 000158.933, 149
Trd, 000159.800, 142.0
Trd, 000159.983, 149
Trd, 000160.267, 153
Trd, 000161.067, 155
Trd, 000161.183, 145
Trd, 000161.567, 154
Trd, 000162.350, 154.0
Trd, 000162.467, 147
Trd, 000164.733, 152
Trd, 000165.017, 151
Trd, 000165.600, 174.0
Trd, 000165.883, 158.0
Trd, 000166.433, 174.0
Trd, 000166.933, 153
Trd, 000167.283, 159
Trd, 000167.450, 158
Trd, 000168.367, 175
Trd, 000169.450, 163
Trd, 000169.883, 174.0
Trd, 000171.117, 172.0
Trd, 000171.683, 173.0
Trd, 000171.867, 160
Trd, 000171.883, 173.0
Trd, 000172.150, 158
Trd, 000172.783, 171
Trd, 000173.250, 160
Trd, 000173.817, 160
Trd, 000174.333, 172
Trd, 000174.400, 159
Trd, 000175.500, 157
Trd, 000176.050, 154
Trd, 000177.517, 165
Trd, 000177.683, 153
Trd, 000178.317, 153
Trd, 000179.100, 158.0
Trd, 000179.700, 158
Trd, 000180.633, 156
Trd, 000180.750, 153
Trd, 000182.100, 156
Trd, 000182.183, 156
Trd, 000182.917, 173
Trd, 000183.200, 172.0
Trd, 000184.000, 157
Trd, 000184.517, 163
Trd, 000185.233, 163
Trd, 000186.117, 162.0
Trd, 000186.267, 167
Trd, 000186.283, 174.0
Trd, 000187.200, 157
Trd, 000187.300, 151
Trd, 000187.633, 154
Trd, 000188.100, 164
Trd, 000188.883, 158
Trd, 000189.267, 144.0
Trd, 000189.483, 144.0
Trd, 000189.733, 156
Trd, 000189.767, 157
Trd, 000189.783, 158.0
Trd, 000190.617, 156
Trd, 000190.883, 142
Trd, 000191.333, 141.0
Trd, 000192.633, 140.0
Trd, 000192.883, 141.0
Trd, 000192.950, 174
Trd, 000193.983, 173.0
Trd, 000194.917, 172.0
Trd, 000195.050, 166
Trd, 000195.567, 175
Trd, 000196.000, 164
Trd, 000196.083, 165
Trd, 000196.150, 162.0
Trd, 000196.567, 152
Trd, 000197.250, 157.0
Trd, 000197.500, 156
Trd, 000198.033, 158.0
Trd, 000198.517, 179
Trd, 000199.617, 161
Trd, 000200.600, 158.0
Trd, 000201.033, 157
Trd, 000201.567, 154
Trd, 000202.450, 157
Trd, 000203.500, 154
Trd, 000204.817, 156
Trd, 000204.950, 156
Trd, 000205.150, 156
Trd, 000205.183, 157
Trd, 000205.750, 158.0
Trd, 000206.267, 158
Trd, 000206.883, 159
Trd, 000207.017, 172.0
Trd, 000207.183, 157
Trd, 000208.233, 155.0
Trd, 000208.617, 147
Trd, 000208.767, 155.0
Trd, 000209.400, 158.0
Trd, 000210.150, 158
Trd, 000210.300, 161
Trd, 000210.383, 160
Trd, 000211.083, 159
Trd, 000211.533, 156
Trd, 000212.983, 150
Trd, 000213.000, 147
Trd, 000214.000, 132
Trd, 000214.167, 156
Trd, 000214.317, 155
Trd, 000214.433, 156
Trd, 000215.917, 156
Trd, 000217.717, 156
Trd, 000218.167, 158.0
Trd, 000218.650, 170
Trd, 000219.300, 162
Trd, 000220.467, 170.0
Trd, 000220.833, 164
Trd, 000220.900, 162
Trd, 000221.133, 161
Trd, 000222.183, 161
Trd, 000222.200, 160
Trd, 000222.700, 164
Trd, 000223.583, 165
Trd, 000223.617, 160
Trd, 000224.050, 167.0
Trd, 000225.133, 170
Trd, 000226.417, 166
Trd, 000226.600, 164
Trd, 000227.150, 162
Trd, 000227.783, 166.0
Trd, 000229.083, 162
Trd, 000229.183, 163
Trd, 000229.217, 157
Trd, 000229.400, 163
Trd, 000229.517, 164
Trd, 000230.000, 166
Trd, 000230.350, 172.0
Trd, 000232.150, 157
Trd, 000232.317, 157
Trd, 000232.967, 162
Trd, 000233.217, 157
Trd, 000234.267, 168
Trd, 000234.283, 169.0
Trd, 000235.267, 166
Trd, 000235.867, 162
Trd, 000236.733, 163
Trd, 000237.817, 165
Trd, 000238.500, 164
Trd, 000239.917, 171.0
Trd, 000240.117, 162.0
Trd, 000240.200, 161
Trd, 000240.867, 157
Trd, 000241.183, 152.0
Trd, 000241.200, 158.0
Trd, 000241.583, 161
Trd, 000242.167, 154
Trd, 000242.383, 156
Trd, 000242.483, 153.0
Trd, 000243.350, 151.0
Trd, 000243.950, 156
Trd, 000244.083, 157
Trd, 000244.133, 155
Trd, 000244.517, 155
Trd, 000245.217, 155
Trd, 000246.100, 155
Trd, 000246.283, 154.0
Trd, 000246.483, 151.0
Trd, 000246.550, 157
Trd, 000247.233, 153
Trd, 000247.483, 158
Trd, 000247.583, 158.0
Trd, 000247.733, 152
Trd, 000249.500, 160
Trd, 000249.533, 160
Trd, 000249.850, 162.0
Trd, 000250.267, 161
Trd, 000250.283, 159
Trd, 000250.533, 161
Trd, 000251.300, 153.0
Trd, 000252.617, 160
Trd, 000252.717, 152
Trd, 000254.033, 156
Trd, 000254.050, 158.0
Trd, 000254.300, 158.0
Trd, 000254.583, 156
Trd, 000254.833, 155
Trd, 000255.033, 156
Trd, 000255.633, 157
Trd, 000256.467, 155
Trd, 000256.683, 155
Trd, 000256.750, 157
Trd, 000257.667, 154
Trd, 000257.967, 153
Trd, 000258.317, 151.0
Trd, 000258.350, 155
Trd, 000258.517, 154.0
Trd, 000259.483, 150
Trd, 000261.017, 152
Trd, 000261.050, 155
Trd, 000262.667, 151
Trd, 000262.717, 153
Trd, 000262.750, 155
Trd, 000262.867, 155
Trd, 000263.250, 155.0
Trd, 000263.283, 151.0
Trd, 000263.667, 151
Trd, 000263.883, 155.0
Trd, 000264.200, 151
Trd, 000264.617, 151.0
Trd, 000264.633, 155.0
Trd, 000266.167, 152
Trd, 000266.183, 153.0
Trd, 000266.750, 148.0
Trd, 000267.850, 148
Trd, 000267.950, 152.0
Trd, 000268.267, 151.0
Trd, 000269.000, 151.0
Trd, 000269.400, 150
Trd, 000269.800, 151
Trd, 000270.283, 152
Trd, 000270.417, 155
Trd, 000271.033, 153.0
Trd, 000271.850, 154
Trd, 000271.933, 158.0
Trd, 000272.050, 153
Trd, 000272.183, 163
Trd, 000273.683, 155
Trd, 000273.967, 156
Trd, 000274.200, 153
Trd, 000274.350, 149.0
Trd, 000274.367, 148
Trd, 000274.467, 149.0
Trd, 000274.567, 155.0
Trd, 000275.300, 151
Trd, 000276.183, 155
Trd, 000277.033, 155
Trd, 000277.517, 158.0
Trd, 000278.000, 151.0
Trd, 000278.067, 167.0
Trd, 000279.267, 158
Trd, 000279.500, 168.0
Trd, 000280.300, 159
Trd, 000280.417, 158
Trd, 000280.467, 160
Trd, 000280.733, 154
Trd, 000281.450, 154
Trd, 000281.783, 150
Trd, 000282.333, 159
Trd, 000283.000, 151.0
Trd, 000283.283, 159
Trd, 000283.500, 150.0
Trd, 000283.850, 149.0
Trd, 000284.250, 150
Trd, 000284.300, 157
Trd, 000284.917, 148
Trd, 000284.967, 141.0
Trd, 000285.067, 141.0
Trd, 000285.600, 133
Trd, 000285.733, 141.0
Trd, 000285.883, 137.0
Trd, 000286.600, 131
Trd, 000287.017, 140
Trd, 000287.533, 143.0
Trd, 000287.667, 168.0
Trd, 000287.867, 157
Trd, 000288.100, 152
Trd, 000288.900, 131.0
Trd, 000289.083, 141.0
Trd, 000289.183, 145.0
Trd, 000289.650, 143
Trd, 000289.800, 157.0
Trd, 000290.267, 155
Trd, 000290.450, 172.0
Trd, 000290.883, 158.0
Trd, 000291.467, 159
Trd, 000291.617, 157.0
Trd, 000291.917, 156.0
Trd, 000292.167, 154
Trd, 000292.367, 159
Trd, 000292.517, 153
Trd, 000292.833, 152.0
Trd, 000292.983, 160
Trd, 000293.067, 167.0
Trd, 000293.517, 167.0
Trd, 000294.383, 153
Trd, 000295.100, 151.0
Trd, 000295.400, 158.0
Trd, 000295.850, 150
Trd, 000296.967, 162
Trd, 000297.583, 152
Trd, 000298.100, 151.0
Trd, 000298.550, 149
Trd, 000298.883, 148.0
Trd, 000299.033, 147
