Trd, 000001.900, 166
Trd, 000002.583, 154
Trd, 000002.617, 138
Trd, 000003.583, 136
Trd, 000003.767, 178.0
Trd, 000004.867, 163.0
Trd, 000005.000, 162.0
Trd, 000005.250, 158.0
Trd, 000005.633, 175
Trd, 000005.667, 158
Trd, 000005.817, 135
Trd, 000007.017, 134.0
Trd, 000007.583, 134.0
Trd, 000007.667, 133.0
Trd, 000008.217, 161
Trd, 000009.000, 157
Trd, 000009.350, 165.0
Trd, 000009.483, 134
Trd, 000010.350, 158
Trd, 000010.367, 155.0
Trd, 000010.517, 150
Trd, 000010.850, 158
Trd, 000012.400, 147
Trd, 000012.650, 153
Trd, 000013.350, 148
Trd, 000013.750, 151
Trd, 000014.050, 153
Trd, 000014.450, 158
Trd, 000014.933, 148
Trd, 000015.200, 157
Trd, 000015.250, 147
Trd, 000015.300, 136
Trd, 000015.750, 165.0
Trd, 000016.200, 179.0
Trd, 000016.767, 171
Trd, 000017.533, 135
Trd, 000017.800, 159
Trd, 000017.850, 120.0
Trd, 000018.950, 134.0
Trd, 000019.533, 141
Trd, 000019.983, 157
Trd, 000020.283, 149
Trd, 000021.233, 158
Trd, 000021.450, 156.0
Trd, 000021.867, 160.0
Trd, 000022.250, 158.0
Trd, 000022.433, 155.0
Trd, 000022.833, 173.0
Trd, 000022.933, 146
Trd, 000023.183, 175.0
Trd, 000023.200, 131.0
Trd, 000023.783, 163
Trd, 000024.783, 131.0
Trd, 000024.867, 148
Trd, 000025.533, 135
Trd, 000025.950, 124
Trd, 000026.000, 143
Trd, 000026.117, 123
Trd, 000026.683, 131.0
Trd, 000027.367, 148.0
Trd, 000028.817, 134.0
Trd, 000029.150, 141
Trd, 000029.833, 138
Trd, 000030.100, 159
Trd, 000030.133, 160
Trd, 000030.300, 136
Trd, 000030.683, 143
Trd, 000031.733, 159.0
Trd, 000032.600, 159.0
Trd, 000032.800, 165.0
Trd, 000033.633, 162.0
Trd, 000034.467, 159.0
Trd, 000035.033, 158.0
Trd, 000035.333, 159
Trd, 000035.567, 160
Trd, 000035.867, 157
Trd, 000036.050, 155.0
Trd, 000036.383, 161
Trd, 000036.483, 149
Trd, 000039.150, 162.0
Trd, 000039.700, 160.0
Trd, 000040.650, 159
Trd, 000040.683, 157.0
Trd, 000040.900, 155.0
Trd, 000040.917, 161
Trd, 000042.117, 148
Trd, 000042.167, 149
Trd, 000042.600, 150
Trd, 000042.967, 135
Trd, 000043.733, 132.0
Trd, 000044.333, 174.0
Trd, 000044.817, 155.0
Trd, 000045.050, 157
Trd, 000045.200, 146
Trd, 000045.333, 134.0
Trd, 000045.383, 131.0
Trd, 000046.417, 141
Trd, 000047.133, 151.0
Trd, 000048.233, 142
Trd, 000048.467, 140
Trd, 000048.633, 147
Trd, 000049.050, 150
Trd, 000049.100, 158
Trd, 000049.150, 142
Trd, 000050.350, 153
Trd, 000050.650, 175.0
Trd, 000051.067, 144
Trd, 000051.167, 162.0
Trd, 000051.850, 155.0
Trd, 000052.400, 141
Trd, 000052.550, 155
Trd, 000052.600, 141
Trd, 000052.617, 162
Trd, 000053.467, 138
Trd, 000054.333, 150
Trd, 000055.083, 160
Trd, 000055.883, 144
Trd, 000056.117, 160
Trd, 000056.400, 147
Trd, 000057.233, 146
Trd, 000057.250, 160
Trd, 000057.350, 146
Trd, 000057.383, 165.0
Trd, 000058.033, 158.0
Trd, 000058.383, 175.0
Trd, 000058.433, 174
Trd, 000059.167, 136
Trd, 000059.250, 155.0
Trd, 000060.683, 153
Trd, 000061.217, 152
Trd, 000061.417, 158
Trd, 000061.800, 151
Trd, 000061.867, 150
Trd, 000062.033, 156
Trd, 000062.650, 156
Trd, 000063.683, 158
Trd, 000063.950, 165.0
Trd, 000065.233, 175.0
Trd, 000065.283, 158.0
Trd, 000065.567, 162
Trd, 000066.733, 159.0
Trd, 000067.200, 158.0
Trd, 000067.217, 155.0
Trd, 000067.300, 161
Trd, 000067.500, 148
Trd, 000068.417, 161
Trd, 000069.467, 137
Trd, 000069.583, 143
Trd, 000069.733, 148.0
Trd, 000070.083, 155.0
Trd, 000070.150, 136
Trd, 000070.967, 162
Trd, 000071.183, 162
Trd, 000072.700, 164.0
Trd, 000072.733, 163.0
Trd, 000072.750, 165.0
Trd, 000072.850, 175.0
Trd, 000072.883, 158.0
Trd, 000074.133, 155.0
Trd, 000074.217, 145
Trd, 000074.567, 162.0
Trd, 000074.633, 167
Trd, 000075.767, 158.0
Trd, 000076.850, 162.0
Trd, 000077.717, 159.0
Trd, 000077.733, 158.0
Trd, 000078.450, 145
Trd, 000079.033, 157
Trd, 000080.283, 157
Trd, 000080.633, 156.0
Trd, 000081.317, 156.0
Trd, 000082.333, 150
Trd, 000082.750, 155.0
Trd, 000083.217, 151
Trd, 000083.433, 154
Trd, 000083.900, 156
Trd, 000084.100, 159
Trd, 000084.950, 151
Trd, 000084.967, 155
Trd, 000085.050, 156
Trd, 000085.667, 149
Trd, 000085.817, 147
Trd, 000085.900, 131.0
Trd, 000085.950, 156
Trd, 000086.300, 158
Trd, 000086.767, 163.0
Trd, 000087.050, 134
Trd, 000087.450, 137
Trd, 000088.200, 179.0
Trd, 000089.183, 162.0
Trd, 000089.433, 155.0
Trd, 000090.200, 146
Trd, 000091.067, 153
Trd, 000091.133, 152
Trd, 000091.350, 147
Trd, 000091.383, 162
Trd, 000091.417, 165.0
Trd, 000091.800, 160
Trd, 000093.950, 159.0
Trd, 000094.100, 162.0
Trd, 000094.283, 156.0
Trd, 000094.383, 155.0
Trd, 000094.417, 172.0
Trd, 000096.117, 150
Trd, 000096.367, 136
Trd, 000096.517, 155
Trd, 000097.117, 154
Trd, 000097.900, 158
Trd, 000098.117, 158
Trd, 000098.283, 147
Trd, 000098.717, 138
Trd, 000099.233, 131.0
Trd, 000100.433, 147
Trd, 000100.517, 140
Trd, 000100.700, 135
Trd, 000100.817, 127
Trd, 000101.017, 156
Trd, 000101.817, 162.0
Trd, 000102.267, 175.0
Trd, 000102.533, 175.0
Trd, 000103.333, 170
Trd, 000104.067, 162.0
Trd, 000104.617, 158.0
Trd, 000105.300, 164
Trd, 000105.450, 157.0
Trd, 000105.617, 166
Trd, 000105.833, 155.0
Trd, 000105.900, 167
Trd, 000105.983, 149
Trd, 000106.333, 134.0
Trd, 000106.617, 144
Trd, 000106.783, 133
Trd, 000106.833, 165.0
Trd, 000107.017, 131.0
Trd, 000108.983, 162.0
Trd, 000110.817, 160.0
Trd, 000110.917, 160
Trd, 000111.183, 163
Trd, 000112.017, 158
Trd, 000112.817, 160.0
Trd, 000113.033, 158.0
Trd, 000113.100, 155.0
Trd, 000113.867, 160
Trd, 000114.183, 160
Trd, 000114.300, 150
Trd, 000114.767, 153
Trd, 000114.983, 158.0
Trd, 000116.067, 159
Trd, 000116.100, 155.0
Trd, 000117.483, 152
Trd, 000117.783, 152
Trd, 000117.833, 156
Trd, 000118.983, 155
Trd, 000119.133, 156
Trd, 000119.233, 149
Trd, 000119.450, 137
Trd, 000119.700, 136
Trd, 000119.917, 165.0
Trd, 000120.817, 153
Trd, 000121.300, 154
Trd, 000121.483, 145
Trd, 000121.967, 141
Trd, 000122.250, 165
Trd, 000122.317, 164
Trd, 000122.517, 163
Trd, 000122.633, 174.0
Trd, 000125.000, 167
Trd, 000125.067, 162.0
Trd, 000125.333, 167
Trd, 000126.117, 155.0
Trd, 000126.900, 150
Trd, 000128.600, 163
Trd, 000128.667, 146
Trd, 000129.333, 163
Trd, 000129.750, 160.0
Trd, 000130.433, 164
Trd, 000130.483, 159.0
Trd, 000130.567, 165.0
Trd, 000130.733, 158.0
Trd, 000131.250, 162.0
Trd, 000131.483, 158.0
Trd, 000131.783, 155.0
Trd, 000131.867, 176.0
Trd, 000133.283, 156
Trd, 000133.700, 147
Trd, 000134.117, 145
Trd, 000134.133, 157
Trd, 000134.767, 158
Trd, 000135.583, 161
Trd, 000135.883, 149
Trd, 000136.017, 165.0
Trd, 000136.033, 140
Trd, 000136.550, 145
Trd, 000137.967, 159.0
Trd, 000138.600, 158.0
Trd, 000139.667, 156
Trd, 000140.067, 156
Trd, 000140.333, 156.0
Trd, 000140.867, 156
Trd, 000140.900, 158
Trd, 000140.967, 155.0
Trd, 000141.317, 159
Trd, 000142.050, 155.0
Trd, 000142.250, 148
Trd, 000142.283, 165.0
Trd, 000143.417, 163
Trd, 000144.050, 151
Trd, 000144.183, 156
Trd, 000144.200, 157
Trd, 000144.717, 152
Trd, 000145.217, 150
Trd, 000145.533, 147
Trd, 000145.933, 155
Trd, 000145.983, 131.0
Trd, 000147.067, 156
Trd, 000147.750, 158
Trd, 000148.150, 155.0
Trd, 000148.633, 165.0
Trd, 000149.400, 158.0
Trd, 000149.667, 151
Trd, 000149.867, 175.0
Trd, 000150.417, 148
Trd, 000150.483, 156
Trd, 000150.900, 148
Trd, 000151.433, 156.0
Trd, 000151.917, 158
Trd, 000152.483, 158
Trd, 000152.583, 155.0
Trd, 000152.650, 160
Trd, 000152.833, 139
Trd, 000153.417, 145
Trd, 000153.783, 146
Trd, 000153.817, 144
Trd, 000154.800, 144
Trd, 000155.483, 148.0
Trd, 000155.717, 147
Trd, 000155.883, 148
Trd, 000156.633, 151.0
Trd, 000157.000, 163
Trd, 000157.483, 162.0
Trd, 000157.567, 158.0
Trd, 000157.867, 164.0
Trd, 000158.200, 144
Trd, 000159.467, 154
Trd, 000159.483, 158
Trd, 000160.867, 155.0
Trd, 000161.100, 149
Trd, 000161.433, 147
Trd, 000161.567, 156
Trd, 000162.600, 148
Trd, 000162.767, 155.0
Trd, 000163.183, 148
Trd, 000163.450, 148
Trd, 000163.800, 155
Trd, 000164.367, 147
Trd, 000164.567, 159
Trd, 000165.400, 162.0
Trd, 000166.283, 162
Trd, 000166.883, 151
Trd, 000167.350, 160
Trd, 000167.450, 162.0
Trd, 000167.933, 158.0
Trd, 000168.083, 160
Trd, 000168.367, 152
Trd, 000169.000, 155.0
Trd, 000169.083, 151
Trd, 000169.183, 160
Trd, 000170.517, 161
Trd, 000171.033, 165.0
Trd, 000171.183, 159.0
Trd, 000171.767, 158.0
Trd, 000172.383, 148
Trd, 000173.233, 165
Trd, 000173.667, 162
Trd, 000174.000, 162.0
Trd, 000174.183, 153
Trd, 000174.617, 152
Trd, 000175.750, 158
Trd, 000176.733, 155.0
Trd, 000177.083, 156
Trd, 000178.133, 155.0
Trd, 000178.483, 151
Trd, 000179.183, 154
Trd, 000179.267, 155
Trd, 000179.833, 150
Trd, 000180.350, 151
Trd, 000180.800, 155
Trd, 000180.883, 150
Trd, 000180.950, 155
Trd, 000181.400, 155.0
Trd, 000181.600, 156
Trd, 000182.083, 156
Trd, 000182.383, 153
Trd, 000182.400, 148
Trd, 000182.650, 146
Trd, 000182.850, 165.0
Trd, 000183.217, 158.0
Trd, 000184.467, 148
Trd, 000184.833, 155
Trd, 000185.250, 154
Trd, 000186.483, 153
Trd, 000186.583, 151
Trd, 000186.850, 148
Trd, 000186.950, 154
Trd, 000187.233, 158
Trd, 000187.283, 147
Trd, 000187.300, 165.0
Trd, 000187.783, 137
Trd, 000188.000, 136
Trd, 000189.083, 148.0
Trd, 000189.650, 137
Trd, 000189.700, 147
Trd, 000190.367, 139
Trd, 000190.533, 151.0
Trd, 000191.217, 121
Trd, 000192.567, 135
Trd, 000193.183, 175.0
Trd, 000193.450, 134.0
Trd, 000193.700, 140
Trd, 000194.750, 165.0
Trd, 000194.817, 143
Trd, 000195.233, 163
Trd, 000195.300, 179.0
Trd, 000195.783, 146
Trd, 000196.000, 152
Trd, 000196.783, 162.0
Trd, 000198.033, 160
Trd, 000198.417, 158.0
Trd, 000198.600, 155.0
Trd, 000198.817, 160
Trd, 000199.817, 158
Trd, 000200.183, 151
Trd, 000201.067, 155.0
Trd, 000201.400, 151
Trd, 000201.483, 154
Trd, 000201.583, 158
Trd, 000201.767, 170
Trd, 000202.567, 162.0
Trd, 000202.767, 158.0
Trd, 000203.017, 172.0
Trd, 000203.650, 149
Trd, 000204.017, 165
Trd, 000204.550, 149
Trd, 000205.550, 149
Trd, 000205.883, 155
Trd, 000206.000, 147
Trd, 000206.183, 156
Trd, 000206.317, 159
Trd, 000207.217, 157.0
Trd, 000207.550, 157
Trd, 000207.950, 155.0
Trd, 000208.033, 148
Trd, 000208.883, 158
Trd, 000209.850, 155
Trd, 000209.883, 173.0
Trd, 000210.267, 153
Trd, 000210.917, 175.0
Trd, 000211.217, 158.0
Trd, 000211.300, 179.0
Trd, 000211.717, 173
Trd, 000211.833, 168
Trd, 000212.083, 175
Trd, 000212.167, 146
Trd, 000212.833, 174
Trd, 000213.150, 148
Trd, 000214.783, 137
Trd, 000215.117, 147
Trd, 000215.250, 136
Trd, 000215.467, 147
Trd, 000216.467, 155.0
Trd, 000216.667, 146
Trd, 000217.517, 157
Trd, 000217.817, 153
Trd, 000218.950, 146
Trd, 000219.100, 135
Trd, 000219.867, 157
Trd, 000220.567, 134.0
Trd, 000220.767, 157
Trd, 000221.100, 138
Trd, 000221.367, 154
Trd, 000222.317, 158.0
Trd, 000222.733, 157.0
Trd, 000222.883, 159
Trd, 000223.800, 156.0
Trd, 000224.383, 157
Trd, 000224.517, 155.0
Trd, 000225.267, 150
Trd, 000225.467, 147
Trd, 000225.650, 158
Trd, 000225.767, 147
Trd, 000225.933, 158
Trd, 000226.467, 141
Trd, 000227.500, 160.0
Trd, 000227.517, 158.0
Trd, 000228.433, 117.0
Trd, 000228.933, 131.0
Trd, 000229.850, 134.0
Trd, 000231.233, 138
Trd, 000231.617, 141
Trd, 000231.733, 137
Trd, 000232.333, 141
Trd, 000232.650, 141
Trd, 000232.667, 145
Trd, 000232.950, 148.0
Trd, 000233.633, 142
Trd, 000234.017, 148
Trd, 000234.300, 165.0
Trd, 000234.317, 158.0
Trd, 000235.000, 155
Trd, 000235.450, 155
Trd, 000235.917, 155
Trd, 000235.983, 152
Trd, 000236.417, 147
Trd, 000236.933, 148
Trd, 000237.817, 147
Trd, 000238.750, 154
Trd, 000239.150, 157
Trd, 000239.650, 157
Trd, 000239.867, 152
Trd, 000240.100, 158
Trd, 000240.850, 166.0
Trd, 000241.233, 158.0
Trd, 000241.417, 155.0
Trd, 000241.533, 160
Trd, 000242.450, 156
Trd, 000242.600, 155
Trd, 000242.617, 157
Trd, 000242.967, 162.0
Trd, 000243.333, 163.0
Trd, 000243.417, 162.0
Trd, 000243.600, 150
Trd, 000244.000, 147
Trd, 000244.217, 160
Trd, 000244.650, 136
Trd, 000244.883, 134.0
Trd, 000245.417, 155
Trd, 000245.550, 162.0
Trd, 000246.200, 143
Trd, 000246.917, 153
Trd, 000247.083, 145
Trd, 000247.433, 146
Trd, 000247.617, 151.0
Trd, 000247.650, 156
Trd, 000247.817, 143
Trd, 000247.933, 162.0
Trd, 000249.783, 158
Trd, 000249.917, 159
Trd, 000250.000, 158.0
Trd, 000250.083, 155.0
Trd, 000250.617, 159.0
Trd, 000250.883, 160.0
Trd, 000251.117, 161.0
Trd, 000251.683, 161
Trd, 000252.067, 147
Trd, 000252.517, 152.0
Trd, 000252.600, 155.0
Trd, 000252.633, 158
Trd, 000253.450, 138
Trd, 000253.700, 141
Trd, 000254.083, 139
Trd, 000254.117, 136
Trd, 000254.200, 148.0
Trd, 000254.617, 148
Trd, 000255.783, 156.0
Trd, 000256.133, 158.0
Trd, 000256.183, 157.0
Trd, 000256.317, 162.0
Trd, 000256.583, 155.0
Trd, 000256.800, 148
Trd, 000257.267, 159
Trd, 000258.300, 149
Trd, 000258.767, 158.0
Trd, 000259.067, 148
Trd, 000260.050, 155
Trd, 000260.200, 157
Trd, 000260.383, 157
Trd, 000260.867, 153
Trd, 000261.117, 157
Trd, 000261.183, 152
Trd, 000261.550, 151
Trd, 000261.650, 147
Trd, 000262.550, 150
Trd, 000262.617, 146
Trd, 000262.767, 151.0
Trd, 000262.783, 162.0
Trd, 000263.017, 134.0
Trd, 000263.250, 133
Trd, 000263.800, 157
Trd, 000264.167, 160
Trd, 000264.283, 155
Trd, 000264.517, 137
Trd, 000264.617, 140
Trd, 000265.167, 159
Trd, 000265.700, 151
Trd, 000266.950, 151
Trd, 000267.900, 152.0
Trd, 000268.117, 162.0
Trd, 000268.367, 175.0
Trd, 000268.500, 151
Trd, 000269.533, 163.0
Trd, 000269.900, 162.0
Trd, 000270.200, 163
Trd, 000270.300, 158.0
Trd, 000270.550, 147
Trd, 000270.917, 148
Trd, 000271.017, 158
Trd, 000271.467, 159
Trd, 000272.250, 156.0
Trd, 000272.267, 155.0
Trd, 000272.833, 150
Trd, 000273.683, 148
Trd, 000274.133, 152
Trd, 000275.317, 147
Trd, 000275.400, 152
Trd, 000275.450, 158
Trd, 000275.717, 158
Trd, 000276.083, 134.0
Trd, 000276.117, 125
Trd, 000276.800, 156
Trd, 000276.817, 162.0
Trd, 000277.017, 140
Trd, 000277.083, 154
Trd, 000277.133, 137
Trd, 000277.383, 129
Trd, 000277.733, 151
Trd, 000278.867, 143
Trd, 000279.100, 143
Trd, 000279.583, 148
Trd, 000279.733, 148.0
Trd, 000279.900, 142
Trd, 000280.500, 145
Trd, 000280.517, 147
Trd, 000281.217, 157
Trd, 000281.600, 158.0
Trd, 000282.267, 154
Trd, 000282.517, 155
Trd, 000282.583, 138
Trd, 000282.733, 153.0
Trd, 000282.900, 138
Trd, 000283.133, 136
Trd, 000283.233, 134.0
Trd, 000283.500, 159
Trd, 000283.767, 162.0
Trd, 000284.967, 158
Trd, 000285.400, 157
Trd, 000285.583, 150
Trd, 000285.917, 160
Trd, 000286.267, 162
Trd, 000287.083, 151
Trd, 000287.533, 161
Trd, 000287.550, 162.0
Trd, 000287.700, 146
Trd, 000288.417, 148
Trd, 000288.550, 147
Trd, 000289.217, 165.0
Trd, 000289.567, 163
Trd, 000289.650, 155.0
Trd, 000289.917, 151
Trd, 000290.017, 165
Trd, 000290.183, 166
Trd, 000290.283, 168.0
Trd, 000290.333, 172.0
Trd, 000290.433, 148
Trd, 000291.267, 134.0
Trd, 000291.783, 155.0
Trd, 000292.283, 154
Trd, 000293.567, 152
Trd, 000294.917, 148
Trd, 000295.083, 162.0
Trd, 000295.750, 136
Trd, 000296.017, 131.0
Trd, 000296.317, 160
Trd, 000296.367, 160
Trd, 000296.600, 134.0
Trd, 000296.717, 155
Trd, 000296.983, 148
Trd, 000297.333, 157
Trd, 000298.067, 130
Trd, 000298.350, 130
Trd, 000298.367, 131.0
Trd, 000298.467, 131
Trd, 000299.467, 143
