Trd, 000002.533, 171
Trd, 000003.100, 171
Trd, 000003.417, 144.0
Trd, 000003.550, 172
Trd, 000003.667, 143
Trd, 000004.450, 132.0
Trd, 000004.967, 150.0
Trd, 000006.133, 149
Trd, 000006.183, 148
Trd, 000006.217, 147
Trd, 000007.100, 150.0
Trd, 000007.900, 148
Trd, 000009.400, 148
Trd, 000010.050, 150
Trd, 000010.083, 147
Trd, 000010.450, 150
Trd, 000010.550, 148
Trd, 000010.800, 146
Trd, 000011.183, 149
Trd, 000011.200, 144.0
Trd, 000011.783, 147
Trd, 000011.950, 146
Trd, 000012.283, 147
Trd, 000012.800, 149
Trd, 000012.817, 150.0
Trd, 000012.850, 151.0
Trd, 000014.833, 148
Trd, 000014.850, 145
Trd, 000015.733, 149
Trd, 000016.650, 146
Trd, 000017.100, 145
Trd, 000019.233, 147
Trd, 000019.500, 145
Trd, 000020.900, 146
Trd, 000021.017, 147
Trd, 000021.250, 148
Trd, 000022.733, 145
Trd, 000022.883, 145
Trd, 000023.400, 145.0
Trd, 000023.433, 144.0
Trd, 000023.817, 144
Trd, 000024.500, 143
Trd, 000024.983, 143
Trd, 000025.317, 144
Trd, 000025.600, 143
Trd, 000025.617, 142
Trd, 000027.433, 144
Trd, 000028.133, 143.0
Trd, 000028.167, 131.0
Trd, 000028.867, 142
Trd, 000029.050, 141
Trd, 000029.350, 140
Trd, 000029.400, 141.0
Trd, 000029.600, 141
Trd, 000029.650, 141
Trd, 000030.050, 141
Trd, 000031.400, 144
Trd, 000031.533, 151.0
Trd, 000031.867, 155
Trd, 000032.567, 152
Trd, 000033.567, 151
Trd, 000033.917, 150
Trd, 000034.983, 151
Trd, 000035.083, 149
Trd, 000035.583, 149
Trd, 000035.783, 148
Trd, 000036.550, 148
Trd, 000036.917, 148.0
Trd, 000037.417, 148
Trd, 000037.900, 147
Trd, 000038.033, 147
Trd, 000038.533, 148
Trd, 000038.733, 151.0
Trd, 000038.883, 156
Trd, 000038.967, 146
Trd, 000039.817, 148
Trd, 000041.050, 147
Trd, 000041.650, 146
Trd, 000042.983, 146.0
Trd, 000043.683, 145
Trd, 000043.800, 145
Trd, 000044.300, 144.0
Trd, 000044.367, 147.0
Trd, 000044.783, 146
Trd, 000045.667, 144
Trd, 000045.717, 146
Trd, 000045.950, 146
Trd, 000048.617, 147.0
Trd, 000048.767, 147
Trd, 000048.800, 144
Trd, 000049.117, 144
Trd, 000049.750, 144
Trd, 000050.200, 147
Trd, 000050.333, 148
Trd, 000050.683, 147
Trd, 000050.950, 147
Trd, 000051.417, 145
Trd, 000053.000, 145.0
Trd, 000053.483, 145
Trd, 000053.850, 145
Trd, 000054.133, 144.0
Trd, 000054.950, 143
Trd, 000055.933, 143
Trd, 000056.050, 144
Trd, 000057.600, 142
Trd, 000057.733, 141.0
Trd, 000057.750, 141
Trd, 000058.183, 144
Trd, 000059.167, 145
Trd, 000059.700, 145
Trd, 000060.533, 145
Trd, 000061.567, 144
Trd, 000061.717, 143
Trd, 000061.833, 142
Trd, 000062.833, 141
Trd, 000062.850, 141.0
Trd, 000063.283, 136
Trd, 000063.783, 141
Trd, 000064.200, 141
Trd, 000064.483, 140
Trd, 000065.067, 139
Trd, 000065.333, 140
Trd, 000065.517, 140
Trd, 000065.767, 143
Trd, 000066.700, 141.0
Trd, 000066.933, 140
Trd, 000067.367, 138
Trd, 000068.100, 140.0
Trd, 000068.367, 141.0
Trd, 000068.983, 144
Trd, 000070.033, 139
Trd, 000070.633, 139
Trd, 000071.383, 140
Trd, 000071.867, 143
Trd, 000072.617, 141.0
Trd, 000073.217, 140
Trd, 000073.550, 139
Trd, 000073.917, 139
Trd, 000074.367, 140
Trd, 000074.667, 139.0
Trd, 000075.117, 139
Trd, 000075.767, 138
Trd, 000076.950, 139
Trd, 000077.350, 139
Trd, 000077.417, 138
Trd, 000077.950, 139
Trd, 000078.250, 139
Trd, 000078.517, 138
Trd, 000078.567, 139
Trd, 000079.567, 138
Trd, 000081.067, 137
Trd, 000082.367, 137
Trd, 000082.567, 137
Trd, 000084.233, 140
Trd, 000084.733, 141.0
Trd, 000085.033, 140
Trd, 000085.167, 141
Trd, 000085.467, 141
Trd, 000085.733, 144
Trd, 000085.833, 141
Trd, 000087.033, 143
Trd, 000088.017, 143
Trd, 000088.700, 142
Trd, 000088.800, 142
Trd, 000089.050, 143
Trd, 000089.467, 143
Trd, 000089.850, 144
Trd, 000089.933, 144
Trd, 000090.367, 145
Trd, 000090.983, 151.0
Trd, 000092.733, 143
Trd, 000093.150, 142
Trd, 000094.117, 141
Trd, 000094.550, 141.0
Trd, 000094.800, 142
Trd, 000095.083, 145
Trd, 000095.100, 140
Trd, 000096.350, 143
Trd, 000096.700, 143
Trd, 000097.767, 144
Trd, 000098.083, 143
Trd, 000098.700, 143
Trd, 000099.250, 142
Trd, 000099.650, 144
Trd, 000100.117, 144
Trd, 000100.517, 157
Trd, 000101.467, 144
Trd, 000102.067, 144
Trd, 000102.333, 144
Trd, 000102.667, 146
Trd, 000102.967, 144
Trd, 000103.350, 142
Trd, 000103.600, 145
Trd, 000103.717, 145
Trd, 000104.233, 146
Trd, 000105.267, 148.0
Trd, 000105.967, 147
Trd, 000106.183, 147
Trd, 000107.433, 148.0
Trd, 000107.450, 146
Trd, 000107.567, 145
Trd, 000108.733, 148
Trd, 000108.800, 149
Trd, 000109.733, 146
Trd, 000109.783, 144.0
Trd, 000110.500, 147
Trd, 000111.033, 145
Trd, 000111.167, 146
Trd, 000112.433, 146
Trd, 000112.950, 146
Trd, 000113.383, 146
Trd, 000113.783, 150.0
Trd, 000114.400, 145
Trd, 000114.683, 145
Trd, 000115.383, 144.0
Trd, 000115.633, 143
Trd, 000115.650, 146
Trd, 000116.600, 143
Trd, 000117.400, 142
Trd, 000117.917, 142.0
Trd, 000118.050, 141.0
Trd, 000118.183, 142
Trd, 000118.367, 144
Trd, 000119.350, 143
Trd, 000120.083, 145
Trd, 000121.033, 145
Trd, 000122.167, 149.0
Trd, 000122.683, 145
Trd, 000123.233, 144.0
Trd, 000123.867, 142
Trd, 000124.750, 143
Trd, 000125.133, 143
Trd, 000126.083, 143
Trd, 000126.367, 142
Trd, 000127.533, 141
Trd, 000127.950, 142
Trd, 000128.400, 141.0
Trd, 000128.567, 141
Trd, 000128.633, 142
Trd, 000128.983, 140
Trd, 000129.533, 142
Trd, 000129.983, 140
Trd, 000130.933, 143
Trd, 000131.450, 143
Trd, 000131.467, 142
Trd, 000131.933, 144
Trd, 000132.050, 141
Trd, 000132.317, 141
Trd, 000133.100, 145
Trd, 000134.250, 140
Trd, 000135.250, 141.0
Trd, 000135.450, 142
Trd, 000136.217, 142
Trd, 000136.300, 146.0
Trd, 000137.050, 142
Trd, 000137.700, 142
Trd, 000138.433, 141
Trd, 000139.300, 143.0
Trd, 000140.250, 142
Trd, 000140.933, 141
Trd, 000141.517, 141.0
Trd, 000141.600, 143
Trd, 000142.383, 141
Trd, 000142.417, 142
Trd, 000142.633, 144
Trd, 000143.367, 143
Trd, 000145.117, 142
Trd, 000145.417, 141.0
Trd, 000145.983, 144
Trd, 000146.567, 143
Trd, 000146.967, 144
Trd, 000147.033, 142
Trd, 000149.317, 142
Trd, 000150.117, 141
Trd, 000150.233, 141
Trd, 000150.283, 142
Trd, 000150.917, 142
Trd, 000151.383, 143
Trd, 000152.017, 151.0
Trd, 000152.367, 143.0
Trd, 000153.217, 142
Trd, 000153.633, 143
Trd, 000154.283, 141
Trd, 000155.117, 144
Trd, 000155.350, 144
Trd, 000155.617, 144
Trd, 000155.683, 141
Trd, 000157.017, 145
Trd, 000157.250, 144
Trd, 000157.600, 150.0
Trd, 000157.650, 142
Trd, 000158.433, 147
Trd, 000160.350, 146
Trd, 000160.600, 147
Trd, 000160.667, 144
Trd, 000160.733, 148
Trd, 000161.033, 149
Trd, 000162.433, 148
Trd, 000162.667, 144.0
Trd, 000162.950, 150.0
Trd, 000163.467, 144
Trd, 000164.267, 146
Trd, 000164.483, 146
Trd, 000164.667, 144
Trd, 000165.200, 146
Trd, 000165.233, 147
Trd, 000166.150, 146
Trd, 000166.167, 144
Trd, 000166.850, 146
Trd, 000168.183, 145
Trd, 000168.217, 144
Trd, 000168.333, 151.0
Trd, 000168.700, 142
Trd, 000168.950, 149
Trd, 000169.633, 144
Trd, 000170.650, 145.0
Trd, 000171.417, 144.0
Trd, 000172.317, 144
Trd, 000172.500, 144.0
Trd, 000172.983, 145
Trd, 000173.183, 146
Trd, 000173.917, 143
Trd, 000173.983, 143
Trd, 000174.983, 144
Trd, 000176.050, 144
Trd, 000177.150, 144
Trd, 000177.183, 142
Trd, 000177.667, 145
Trd, 000178.033, 146
Trd, 000179.150, 151.0
Trd, 000180.467, 147
Trd, 000180.667, 148
Trd, 000180.817, 146
Trd, 000181.167, 145
Trd, 000181.317, 145
Trd, 000181.450, 146
Trd, 000181.900, 144
Trd, 000182.700, 141.0
Trd, 000183.167, 147
Trd, 000183.300, 147
Trd, 000185.733, 146
Trd, 000186.367, 144.0
Trd, 000186.733, 147
Trd, 000186.783, 146
Trd, 000187.333, 145
Trd, 000187.350, 144
Trd, 000187.417, 143
Trd, 000187.917, 150.0
Trd, 000189.083, 151.0
Trd, 000189.283, 149
Trd, 000189.800, 143
Trd, 000190.250, 143
Trd, 000190.550, 144
Trd, 000190.917, 143
Trd, 000191.450, 143
Trd, 000191.800, 143
Trd, 000192.083, 145
Trd, 000192.383, 144
Trd, 000192.650, 142
Trd, 000194.050, 142
Trd, 000194.150, 141
Trd, 000194.850, 143
Trd, 000195.017, 144
Trd, 000195.233, 142.0
Trd, 000195.733, 141.0
Trd, 000196.383, 144
Trd, 000196.867, 141
Trd, 000198.417, 145
Trd, 000198.533, 145
Trd, 000199.967, 143.0
Trd, 000200.000, 141
Trd, 000200.717, 142
Trd, 000201.117, 142
Trd, 000201.500, 141
Trd, 000201.717, 142.0
Trd, 000201.850, 143
Trd, 000202.000, 151.0
Trd, 000202.367, 141.0
Trd, 000204.467, 145
Trd, 000204.567, 145
Trd, 000205.617, 142
Trd, 000206.567, 141
Trd, 000206.583, 141
Trd, 000206.767, 141.0
Trd, 000207.050, 143
Trd, 000208.083, 144
Trd, 000208.100, 141
Trd, 000208.200, 144
Trd, 000208.350, 145
Trd, 000209.300, 141
Trd, 000209.900, 142
Trd, 000210.117, 145
Trd, 000210.883, 141
Trd, 000211.517, 141
Trd, 000211.950, 141
Trd, 000212.017, 142
Trd, 000212.350, 141
Trd, 000212.733, 141
Trd, 000213.233, 144
Trd, 000213.283, 149
Trd, 000214.617, 144
Trd, 000214.800, 143
Trd, 000216.550, 144
Trd, 000217.733, 144
Trd, 000217.867, 145
Trd, 000218.467, 144.0
Trd, 000219.233, 145
Trd, 000219.783, 145
Trd, 000220.667, 145
Trd, 000220.800, 146
Trd, 000220.817, 144
Trd, 000220.883, 163
Trd, 000221.383, 143
Trd, 000223.433, 142
Trd, 000223.500, 148
Trd, 000223.717, 142
Trd, 000223.750, 141.0
Trd, 000224.467, 138.0
Trd, 000224.600, 146
Trd, 000225.367, 144
Trd, 000226.617, 144
Trd, 000226.683, 143
Trd, 000227.800, 144
Trd, 000229.050, 144
Trd, 000229.950, 142
Trd, 000230.067, 141
Trd, 000230.333, 141
Trd, 000231.217, 140
Trd, 000231.383, 142
Trd, 000232.250, 141
Trd, 000232.667, 140
Trd, 000232.750, 139
Trd, 000233.100, 142
Trd, 000233.783, 141
Trd, 000235.617, 142
Trd, 000236.017, 141
Trd, 000236.450, 140
Trd, 000236.467, 139
Trd, 000237.283, 141
Trd, 000237.983, 138
Trd, 000238.067, 141
Trd, 000239.100, 141
Trd, 000240.033, 140
Trd, 000240.417, 141
Trd, 000240.600, 141
Trd, 000240.750, 142
Trd, 000240.883, 144
Trd, 000241.367, 144
Trd, 000241.867, 151.0
Trd, 000242.367, 145
Trd, 000242.650, 148
Trd, 000243.017, 145
Trd, 000243.650, 142
Trd, 000244.267, 142
Trd, 000245.083, 141
Trd, 000245.650, 141.0
Trd, 000245.917, 141
Trd, 000245.967, 142
Trd, 000246.067, 131
Trd, 000246.383, 142
Trd, 000246.650, 143
Trd, 000246.883, 151.0
Trd, 000247.950, 140
Trd, 000247.983, 139
Trd, 000248.683, 141.0
Trd, 000249.450, 143
Trd, 000249.517, 142
Trd, 000250.733, 142
Trd, 000251.333, 141
Trd, 000251.383, 142
Trd, 000251.617, 141.0
Trd, 000251.983, 141
Trd, 000252.183, 142
Trd, 000252.683, 142
Trd, 000252.867, 141
Trd, 000253.900, 141.0
Trd, 000254.100, 142
Trd, 000254.550, 142
Trd, 000254.867, 141
Trd, 000255.267, 143
Trd, 000255.900, 144
Trd, 000256.100, 148
Trd, 000256.117, 151.0
Trd, 000256.717, 146
Trd, 000256.850, 165
Trd, 000258.750, 150
Trd, 000259.367, 154
Trd, 000259.517, 150
Trd, 000259.867, 154
Trd, 000260.100, 155
Trd, 000261.017, 159
Trd, 000261.067, 156
Trd, 000261.250, 155
Trd, 000261.350, 153
Trd, 000261.483, 153
Trd, 000262.167, 147
Trd, 000262.567, 144
Trd, 000262.717, 143.0
Trd, 000262.783, 141.0
Trd, 000263.867, 144
Trd, 000264.100, 146
Trd, 000264.383, 142
Trd, 000264.500, 141
Trd, 000265.383, 143
Trd, 000265.700, 144
Trd, 000266.133, 143
Trd, 000266.333, 141
Trd, 000266.350, 143
Trd, 000267.083, 142
Trd, 000267.133, 141.0
Trd, 000267.483, 137.0
Trd, 000268.017, 148
Trd, 000268.850, 140
Trd, 000269.183, 141.0
Trd, 000269.383, 141
Trd, 000270.283, 143
Trd, 000270.583, 143
Trd, 000270.783, 146
Trd, 000271.067, 146.0
Trd, 000271.500, 149
Trd, 000271.733, 151.0
Trd, 000271.933, 144
Trd, 000272.750, 145
Trd, 000272.783, 149.0
Trd, 000274.583, 147
Trd, 000274.850, 144
Trd, 000275.150, 145
Trd, 000275.967, 143
Trd, 000276.133, 144
Trd, 000276.683, 144
Trd, 000276.833, 143
Trd, 000277.850, 142
Trd, 000278.033, 143
Trd, 000278.967, 143
Trd, 000279.200, 144
Trd, 000279.783, 144
Trd, 000280.067, 142
Trd, 000280.100, 151.0
Trd, 000280.467, 141.0
Trd, 000281.200, 140
Trd, 000282.383, 140
Trd, 000282.517, 141
Trd, 000282.617, 141
Trd, 000282.850, 142
Trd, 000283.600, 143
Trd, 000284.350, 141.0
Trd, 000284.783, 142
Trd, 000284.967, 142
Trd, 000285.500, 141.0
Trd, 000285.517, 143
Trd, 000286.233, 143
Trd, 000286.617, 140
Trd, 000287.083, 140
Trd, 000288.017, 141.0
Trd, 000288.033, 144
Trd, 000289.667, 144
Trd, 000289.767, 144
Trd, 000290.150, 143
Trd, 000290.233, 142
Trd, 000290.367, 144
Trd, 000290.417, 143
Trd, 000290.600, 146
Trd, 000291.717, 143
Trd, 000291.917, 151.0
Trd, 000291.950, 142
Trd, 000292.517, 142
Trd, 000292.550, 147
Trd, 000292.717, 147
Trd, 000293.200, 144
Trd, 000293.817, 145
Trd, 000293.867, 144
Trd, 000294.933, 146
Trd, 000295.717, 144
Trd, 000297.517, 148
Trd, 000298.550, 151.0
Trd, 000298.567, 148
Trd, 000298.883, 159
Trd, 000299.017, 160
Trd, 000299.317, 148
Trd, 000299.483, 147
