Trd, 000001.433, 103.0
Trd, 000003.017, 177
Trd, 000003.250, 155.0
Trd, 000003.517, 175.0
Trd, 000003.633, 155
Trd, 000004.183, 155
Trd, 000004.617, 161
Trd, 000005.050, 143
Trd, 000006.183, 154
Trd, 000006.950, 144
Trd, 000007.333, 144.0
Trd, 000007.450, 134
Trd, 000007.817, 133
Trd, 000008.283, 131.0
Trd, 000008.717, 148
Trd, 000010.400, 148
Trd, 000011.500, 152
Trd, 000011.650, 152
Trd, 000012.150, 158
Trd, 000014.233, 160
Trd, 000014.283, 159
Trd, 000014.517, 159
Trd, 000014.733, 158.0
Trd, 000014.967, 172
Trd, 000015.117, 162.0
Trd, 000015.850, 157
Trd, 000016.067, 167
Trd, 000016.450, 156.0
Trd, 000018.033, 158
Trd, 000018.067, 158.0
Trd, 000018.450, 155.0
Trd, 000018.983, 144.0
Trd, 000019.967, 132
Trd, 000020.600, 131
Trd, 000020.800, 151
Trd, 000021.317, 149
Trd, 000021.333, 157
Trd, 000021.933, 165
Trd, 000022.200, 137
Trd, 000023.017, 144
Trd, 000023.500, 134
Trd, 000023.650, 145
Trd, 000024.700, 149
Trd, 000024.800, 149
Trd, 000025.483, 149
Trd, 000025.950, 146.0
Trd, 000026.000, 150
Trd, 000026.033, 151
Trd, 000027.467, 151
Trd, 000027.533, 149
Trd, 000028.733, 153
Trd, 000029.233, 152
Trd, 000029.317, 154
Trd, 000029.550, 153
Trd, 000029.833, 150
Trd, 000030.733, 160
Trd, 000031.567, 147.0
Trd, 000031.767, 144.0
Trd, 000032.767, 157
Trd, 000033.000, 158
Trd, 000033.100, 162.0
Trd, 000033.200, 131.0
Trd, 000034.517, 146
Trd, 000034.983, 145.0
Trd, 000035.333, 144.0
Trd, 000035.383, 153
Trd, 000036.417, 152
Trd, 000036.600, 146
Trd, 000036.833, 152
Trd, 000038.367, 151
Trd, 000038.967, 147
Trd, 000039.167, 144
Trd, 000039.850, 151
Trd, 000040.433, 143
Trd, 000041.033, 144.0
Trd, 000041.467, 143
Trd, 000041.683, 135
Trd, 000041.700, 151
Trd, 000041.883, 137
Trd, 000042.167, 151
Trd, 000043.083, 141.0
Trd, 000043.650, 151
Trd, 000044.083, 152
Trd, 000044.583, 153
Trd, 000045.567, 158
Trd, 000045.700, 161
Trd, 000046.250, 151
Trd, 000046.417, 141
Trd, 000047.167, 152
Trd, 000047.300, 178.0
Trd, 000048.283, 162.0
Trd, 000049.933, 168
Trd, 000050.500, 168
Trd, 000050.550, 164
Trd, 000050.817, 164
Trd, 000052.133, 158.0
Trd, 000052.367, 160
Trd, 000052.483, 156.0
Trd, 000053.083, 159
Trd, 000053.567, 162
Trd, 000053.900, 155.0
Trd, 000054.383, 144.0
Trd, 000054.967, 161
Trd, 000056.333, 156
Trd, 000056.617, 158
Trd, 000056.633, 160
Trd, 000057.433, 160
Trd, 000057.650, 152
Trd, 000057.683, 151
Trd, 000057.983, 153
Trd, 000058.700, 153
Trd, 000058.833, 162
Trd, 000059.283, 153
Trd, 000060.250, 151
Trd, 000061.217, 148
Trd, 000062.000, 154
Trd, 000062.550, 149
Trd, 000063.567, 152
Trd, 000064.033, 152
Trd, 000064.933, 152
Trd, 000065.500, 151.0
Trd, 000065.617, 150.0
Trd, 000066.650, 154
Trd, 000068.033, 152
Trd, 000068.100, 154
Trd, 000068.600, 149
Trd, 000069.183, 152
Trd, 000069.333, 151
Trd, 000069.500, 150
Trd, 000070.483, 152
Trd, 000070.700, 156
Trd, 000071.200, 155
Trd, 000071.517, 148.0
Trd, 000072.033, 158
Trd, 000072.483, 158
Trd, 000072.950, 157
Trd, 000073.733, 162
Trd, 000073.800, 163
Trd, 000075.717, 166
Trd, 000076.200, 166
Trd, 000076.400, 166
Trd, 000076.700, 162
Trd, 000077.133, 158.0
Trd, 000078.000, 158
Trd, 000078.500, 163
Trd, 000079.317, 163
Trd, 000079.550, 162.0
Trd, 000080.367, 162
Trd, 000080.750, 160.0
Trd, 000081.283, 158.0
Trd, 000081.883, 159
Trd, 000081.967, 155.0
Trd, 000082.800, 160
Trd, 000082.967, 159
Trd, 000083.083, 144.0
Trd, 000084.067, 146.0
Trd, 000084.200, 146
Trd, 000084.217, 147
Trd, 000084.467, 158
Trd, 000084.667, 146
Trd, 000084.883, 144.0
Trd, 000087.267, 145
Trd, 000087.283, 135
Trd, 000087.383, 149
Trd, 000087.933, 142
Trd, 000089.067, 150
Trd, 000089.133, 145.0
Trd, 000089.183, 146
Trd, 000091.017, 151
Trd, 000091.367, 162.0
Trd, 000092.000, 161
Trd, 000093.483, 161
Trd, 000094.317, 159.0
Trd, 000094.633, 164
Trd, 000095.100, 163
Trd, 000095.317, 161
Trd, 000095.483, 162
Trd, 000095.933, 158.0
Trd, 000096.283, 158
Trd, 000096.550, 155.0
Trd, 000096.617, 145.0
Trd, 000096.967, 144.0
Trd, 000099.083, 150
Trd, 000099.533, 151
Trd, 000099.900, 154
Trd, 000099.917, 148
Trd, 000100.700, 149
Trd, 000100.900, 155
Trd, 000101.533, 155
Trd, 000102.100, 155
Trd, 000102.500, 153
Trd, 000102.850, 157
Trd, 000104.300, 155
Trd, 000104.750, 154
Trd, 000104.900, 155
Trd, 000105.100, 153
Trd, 000105.217, 147
Trd, 000105.783, 144.0
Trd, 000106.033, 132
Trd, 000106.750, 157
Trd, 000107.900, 158
Trd, 000109.533, 158
Trd, 000109.583, 153
Trd, 000110.233, 161
Trd, 000110.450, 153
Trd, 000111.050, 161
Trd, 000111.383, 153
Trd, 000111.767, 157
Trd, 000112.050, 152
Trd, 000112.200, 144.0
Trd, 000113.633, 134
Trd, 000114.317, 156
Trd, 000115.017, 144.0
Trd, 000115.333, 136.0
Trd, 000115.417, 155
Trd, 000116.583, 153
Trd, 000117.483, 145
Trd, 000118.733, 146
Trd, 000119.133, 150
Trd, 000120.100, 145
Trd, 000120.217, 150
Trd, 000120.583, 143
Trd, 000120.600, 150
Trd, 000120.750, 141.0
Trd, 000121.200, 131.0
Trd, 000122.100, 148
Trd, 000122.250, 141
Trd, 000122.367, 141.0
Trd, 000123.367, 135
Trd, 000123.667, 144.0
Trd, 000124.367, 144
Trd, 000124.700, 148
Trd, 000124.850, 138
Trd, 000125.783, 145
Trd, 000126.117, 159
Trd, 000126.333, 138
Trd, 000126.767, 159
Trd, 000127.050, 137
Trd, 000128.683, 155
Trd, 000129.800, 156
Trd, 000129.983, 144.0
Trd, 000131.250, 149
Trd, 000131.367, 151
Trd, 000131.733, 149
Trd, 000132.317, 148
Trd, 000132.583, 151
Trd, 000133.550, 148
Trd, 000133.750, 151
Trd, 000134.167, 152
Trd, 000134.850, 153
Trd, 000135.750, 163
Trd, 000136.700, 164
Trd, 000137.150, 163.0
Trd, 000137.983, 165
Trd, 000138.467, 163
Trd, 000139.300, 156
Trd, 000140.600, 162.0
Trd, 000141.283, 160
Trd, 000141.400, 163
Trd, 000141.567, 164
Trd, 000141.733, 155.0
Trd, 000141.783, 145.0
Trd, 000142.050, 165
Trd, 000143.000, 153
Trd, 000144.000, 158
Trd, 000144.533, 158
Trd, 000144.617, 159
Trd, 000144.833, 157
Trd, 000145.600, 158
Trd, 000145.900, 159
Trd, 000146.583, 155
Trd, 000147.333, 158
Trd, 000147.550, 157
Trd, 000148.250, 157
Trd, 000149.033, 171
Trd, 000149.483, 144.0
Trd, 000149.900, 134
Trd, 000150.267, 165
Trd, 000150.617, 154
Trd, 000150.717, 161
Trd, 000151.017, 144
Trd, 000151.767, 158
Trd, 000152.667, 141.0
Trd, 000154.000, 151
Trd, 000154.300, 154
Trd, 000155.083, 154
Trd, 000155.283, 149
Trd, 000155.733, 150
Trd, 000156.000, 151
Trd, 000156.717, 150
Trd, 000157.283, 151
Trd, 000157.317, 158
Trd, 000158.133, 152
Trd, 000158.400, 152
Trd, 000158.483, 144.0
Trd, 000158.583, 152
Trd, 000159.950, 152
Trd, 000161.167, 149
Trd, 000161.550, 149
Trd, 000161.983, 151
Trd, 000162.650, 151
Trd, 000163.067, 150
Trd, 000163.267, 152
Trd, 000163.550, 149
Trd, 000164.100, 149
Trd, 000164.317, 140
Trd, 000165.600, 151
Trd, 000166.233, 150
Trd, 000166.400, 145.0
Trd, 000168.133, 146.0
Trd, 000168.450, 147.0
Trd, 000168.467, 150
Trd, 000168.667, 146.0
Trd, 000169.817, 158
Trd, 000170.417, 157
Trd, 000170.750, 151
Trd, 000170.883, 152
Trd, 000171.500, 153
Trd, 000172.283, 144.0
Trd, 000172.367, 154
Trd, 000174.367, 153
Trd, 000174.650, 149
Trd, 000175.117, 152
Trd, 000175.250, 153
Trd, 000175.733, 148
Trd, 000175.850, 153
Trd, 000175.967, 144.0
Trd, 000176.067, 141
Trd, 000177.667, 162.0
Trd, 000178.650, 158
Trd, 000179.133, 159
Trd, 000179.217, 155.0
Trd, 000180.167, 166
Trd, 000180.267, 163
Trd, 000181.100, 177.0
Trd, 000181.183, 178.0
Trd, 000181.850, 175.0
Trd, 000181.950, 162.0
Trd, 000184.033, 148.0
Trd, 000184.483, 146
Trd, 000184.517, 145.0
Trd, 000184.900, 150
Trd, 000185.017, 149
Trd, 000185.100, 152
Trd, 000185.467, 149
Trd, 000185.800, 149
Trd, 000186.117, 151
Trd, 000187.267, 151
Trd, 000187.967, 146.0
Trd, 000188.333, 146
Trd, 000188.833, 145.0
Trd, 000188.917, 149
Trd, 000189.233, 151
Trd, 000189.650, 150
Trd, 000189.983, 151
Trd, 000190.383, 151
Trd, 000191.267, 152
Trd, 000191.900, 152
Trd, 000193.350, 151
Trd, 000193.650, 146
Trd, 000193.900, 152
Trd, 000193.950, 144.0
Trd, 000194.067, 154
Trd, 000195.517, 153
Trd, 000196.167, 154
Trd, 000196.500, 155
Trd, 000196.600, 155
Trd, 000197.100, 159
Trd, 000197.883, 165
Trd, 000198.467, 164
Trd, 000199.250, 157
Trd, 000199.517, 152
Trd, 000199.650, 156
Trd, 000200.033, 145.0
Trd, 000200.617, 144.0
Trd, 000201.433, 155
Trd, 000201.500, 147
Trd, 000202.600, 154
Trd, 000202.883, 145
Trd, 000203.283, 134.0
Trd, 000203.933, 143
Trd, 000204.350, 155
Trd, 000205.100, 144.0
Trd, 000206.150, 152
Trd, 000206.283, 153
Trd, 000207.083, 153
Trd, 000207.283, 151
Trd, 000207.700, 153
Trd, 000208.000, 159
Trd, 000208.500, 151
Trd, 000208.567, 151
Trd, 000211.000, 163.0
Trd, 000211.083, 162.0
Trd, 000211.500, 163
Trd, 000212.100, 158.0
Trd, 000212.250, 157
Trd, 000212.500, 158
Trd, 000212.700, 159
Trd, 000213.333, 156
Trd, 000213.383, 155.0
Trd, 000213.933, 159
Trd, 000214.483, 155
Trd, 000214.733, 145.0
Trd, 000214.850, 155
Trd, 000216.017, 145
Trd, 000217.067, 155
Trd, 000217.183, 146
Trd, 000217.983, 146.0
Trd, 000218.050, 145.0
Trd, 000219.833, 149
Trd, 000220.283, 145.0
Trd, 000220.983, 140.0
Trd, 000221.067, 141.0
Trd, 000221.667, 142
Trd, 000222.700, 140
Trd, 000222.983, 142
Trd, 000223.000, 142
Trd, 000223.583, 140
Trd, 000224.383, 143.0
Trd, 000224.917, 144.0
Trd, 000225.050, 151
Trd, 000225.233, 140
Trd, 000226.083, 141.0
Trd, 000227.900, 158
Trd, 000228.083, 157
Trd, 000228.967, 156
Trd, 000229.250, 155.0
Trd, 000229.300, 139
Trd, 000229.350, 158
Trd, 000230.500, 158
Trd, 000231.050, 159
Trd, 000231.250, 145.0
Trd, 000232.267, 160
Trd, 000232.500, 167
Trd, 000232.983, 175.0
Trd, 000233.550, 176
Trd, 000233.883, 175
Trd, 000234.050, 158.0
Trd, 000235.283, 162.0
Trd, 000236.300, 155.0
Trd, 000236.767, 153
Trd, 000237.083, 155
Trd, 000238.117, 156
Trd, 000238.700, 148.0
Trd, 000238.767, 156
Trd, 000239.217, 155
Trd, 000240.383, 153.0
Trd, 000240.467, 151.0
Trd, 000240.933, 154
Trd, 000241.033, 154
Trd, 000241.317, 152
Trd, 000241.467, 150
Trd, 000241.767, 152
Trd, 000241.867, 150
Trd, 000241.917, 152
Trd, 000242.333, 150
Trd, 000242.867, 152
Trd, 000243.217, 151
Trd, 000243.633, 159
Trd, 000243.917, 148.0
Trd, 000244.283, 162.0
Trd, 000244.567, 155
Trd, 000244.850, 161.0
Trd, 000245.600, 158.0
Trd, 000245.617, 159
Trd, 000246.083, 160
Trd, 000247.450, 160
Trd, 000247.633, 159
Trd, 000248.267, 158
Trd, 000248.350, 158.0
Trd, 000248.483, 159
Trd, 000248.833, 157
Trd, 000250.117, 155.0
Trd, 000250.350, 157.0
Trd, 000250.800, 158
Trd, 000250.950, 157.0
Trd, 000251.033, 159
Trd, 000251.600, 156.0
Trd, 000252.650, 155
Trd, 000253.050, 152.0
Trd, 000253.900, 151.0
Trd, 000254.267, 152
Trd, 000254.667, 151
Trd, 000254.683, 152
Trd, 000255.233, 157
Trd, 000255.533, 157
Trd, 000255.733, 158
Trd, 000256.200, 158
Trd, 000256.467, 151.0
Trd, 000257.050, 150.0
Trd, 000257.517, 149
Trd, 000257.567, 148.0
Trd, 000258.833, 152.0
Trd, 000259.583, 148.0
Trd, 000260.033, 157
Trd, 000260.200, 162.0
Trd, 000260.483, 165.0
Trd, 000260.567, 162.0
Trd, 000261.333, 159
Trd, 000261.767, 158.0
Trd, 000262.067, 160
Trd, 000262.783, 161
Trd, 000262.850, 161
Trd, 000263.267, 161
Trd, 000263.500, 161
Trd, 000263.967, 161
Trd, 000264.167, 164.0
Trd, 000265.683, 159
Trd, 000265.950, 160
Trd, 000265.967, 156.0
Trd, 000266.750, 160.0
Trd, 000267.133, 151
Trd, 000267.283, 151
Trd, 000267.633, 159
Trd, 000267.700, 145.0
Trd, 000267.817, 161
Trd, 000269.117, 151
Trd, 000269.400, 152.0
Trd, 000269.583, 164.0
Trd, 000269.617, 165.0
Trd, 000269.900, 162
Trd, 000270.850, 152
Trd, 000271.217, 157
Trd, 000271.733, 153.0
Trd, 000272.083, 151.0
Trd, 000272.500, 149.0
Trd, 000272.650, 144.0
Trd, 000273.017, 158
Trd, 000273.133, 148
Trd, 000273.567, 150
Trd, 000273.633, 158
Trd, 000274.383, 158
Trd, 000274.433, 157
Trd, 000274.933, 156
Trd, 000275.450, 144.0
Trd, 000275.750, 134
Trd, 000275.983, 134
Trd, 000276.133, 143
Trd, 000276.667, 147
Trd, 000277.317, 140
Trd, 000277.850, 147
Trd, 000278.333, 147
Trd, 000278.517, 151
Trd, 000279.200, 159
Trd, 000279.667, 151.0
Trd, 000279.767, 164.0
Trd, 000280.800, 160
Trd, 000280.817, 152
Trd, 000280.850, 149
Trd, 000281.233, 145.0
Trd, 000281.750, 146
Trd, 000282.317, 151
Trd, 000282.467, 146.0
Trd, 000282.633, 145.0
Trd, 000282.800, 144.0
Trd, 000283.717, 150
Trd, 000284.033, 147
Trd, 000284.083, 151
Trd, 000284.350, 152
Trd, 000285.400, 154
Trd, 000285.617, 157
Trd, 000286.317, 165.0
Trd, 000286.617, 164
Trd, 000286.650, 162.0
Trd, 000287.100, 158.0
Trd, 000287.383, 156
Trd, 000287.533, 159
Trd, 000287.767, 151
Trd, 000288.333, 164
Trd, 000289.067, 164.0
Trd, 000289.267, 163.0
Trd, 000289.500, 162.0
Trd, 000289.650, 160
Trd, 000289.950, 153.0
Trd, 000291.883, 157
Trd, 000292.200, 159
Trd, 000292.250, 155
Trd, 000292.283, 155.0
Trd, 000292.333, 151.0
Trd, 000292.883, 151.0
Trd, 000293.217, 158
Trd, 000293.283, 159
Trd, 000293.700, 149.0
Trd, 000294.133, 159
Trd, 000294.650, 148.0
Trd, 000294.817, 146.0
Trd, 000295.350, 163.0
Trd, 000295.667, 151
Trd, 000296.233, 145.0
Trd, 000296.250, 144.0
Trd, 000296.883, 160
Trd, 000296.983, 163.0
Trd, 000297.600, 165.0
Trd, 000297.767, 146
Trd, 000298.067, 145
Trd, 000298.183, 172.0
Trd, 000298.317, 170
Trd, 000298.883, 144.0
Trd, 000299.133, 154
Trd, 000299.350, 151.0
