Trd, 000001.467, 128
Trd, 000002.417, 124
Trd, 000002.883, 143.0
Trd, 000002.983, 138
Trd, 000003.283, 144.0
Trd, 000004.200, 120.0
Trd, 000004.517, 121
Trd, 000005.600, 138
Trd, 000007.417, 134
Trd, 000007.733, 138
Trd, 000008.333, 137
Trd, 000008.683, 148.0
Trd, 000009.000, 139
Trd, 000010.317, 138
Trd, 000010.883, 137
Trd, 000011.117, 143
Trd, 000011.333, 144.0
Trd, 000013.467, 145
Trd, 000014.950, 142
Trd, 000015.167, 143.0
Trd, 000015.433, 144.0
Trd, 000016.067, 141
Trd, 000017.450, 142
Trd, 000017.467, 143
Trd, 000017.533, 143
Trd, 000019.350, 140
Trd, 000019.600, 139
Trd, 000020.333, 139
Trd, 000020.500, 139
Trd, 000020.917, 138
Trd, 000021.350, 148.0
Trd, 000021.700, 137
Trd, 000022.450, 136
Trd, 000022.750, 144.0
Trd, 000022.950, 144
Trd, 000025.967, 141
Trd, 000026.100, 140
Trd, 000026.200, 142
Trd, 000026.283, 144.0
Trd, 000026.450, 141
Trd, 000027.150, 144
Trd, 000028.767, 144
Trd, 000029.183, 143
Trd, 000029.383, 144
Trd, 000029.850, 148.0
Trd, 000030.767, 154
Trd, 000030.900, 162.0
Trd, 000030.983, 146
Trd, 000032.550, 145
Trd, 000033.783, 147.0
Trd, 000033.817, 144
Trd, 000034.867, 143
Trd, 000035.700, 143
Trd, 000035.767, 145
Trd, 000037.167, 143.0
Trd, 000037.217, 142
Trd, 000037.783, 142
Trd, 000037.883, 144.0
Trd, 000038.017, 148.0
Trd, 000039.617, 145
Trd, 000039.900, 146
Trd, 000040.817, 147
Trd, 000041.600, 148
Trd, 000041.833, 151
Trd, 000042.017, 140
Trd, 000042.033, 159.0
Trd, 000042.133, 136
Trd, 000044.550, 153
Trd, 000045.650, 149
Trd, 000045.883, 151
Trd, 000046.800, 150
Trd, 000047.200, 151
Trd, 000047.783, 149
Trd, 000048.467, 153
Trd, 000048.933, 162.0
Trd, 000049.650, 148
Trd, 000049.850, 154
Trd, 000051.550, 152
Trd, 000052.150, 152
Trd, 000052.683, 152
Trd, 000053.433, 153
Trd, 000054.917, 151
Trd, 000055.083, 152
Trd, 000055.467, 149
Trd, 000056.250, 149
Trd, 000057.150, 153
Trd, 000058.350, 148
Trd, 000058.400, 148
Trd, 000059.667, 151
Trd, 000059.833, 147
Trd, 000060.517, 153
Trd, 000060.550, 153
Trd, 000061.400, 146
Trd, 000062.050, 145
Trd, 000063.467, 144.0
Trd, 000063.783, 143
Trd, 000065.733, 146
Trd, 000066.567, 146
Trd, 000066.667, 146
Trd, 000066.983, 146
Trd, 000067.150, 148
Trd, 000068.533, 161.0
Trd, 000068.933, 148
Trd, 000069.867, 156
Trd, 000070.150, 149
Trd, 000070.483, 156
Trd, 000070.850, 148
Trd, 000071.933, 147
Trd, 000073.417, 152
Trd, 000074.833, 151
Trd, 000075.567, 150
Trd, 000075.767, 150
Trd, 000075.967, 151
Trd, 000076.567, 149
Trd, 000077.933, 149
Trd, 000078.117, 150
Trd, 000078.267, 153
Trd, 000079.900, 159.0
Trd, 000080.333, 151
Trd, 000080.383, 149
Trd, 000081.533, 152
Trd, 000081.767, 148
Trd, 000082.133, 143
Trd, 000082.283, 135
Trd, 000082.417, 143
Trd, 000083.167, 139
Trd, 000083.383, 140
Trd, 000083.983, 138
Trd, 000085.383, 139
Trd, 000085.700, 139
Trd, 000085.883, 146.0
Trd, 000086.950, 144.0
Trd, 000087.883, 141
Trd, 000087.900, 136
Trd, 000089.167, 142
Trd, 000090.083, 141
Trd, 000090.467, 139
Trd, 000090.733, 142
Trd, 000092.183, 143
Trd, 000092.200, 162.0
Trd, 000092.683, 144.0
Trd, 000094.117, 146.0
Trd, 000094.800, 147.0
Trd, 000095.583, 142
Trd, 000096.183, 144.0
Trd, 000096.583, 142
Trd, 000097.350, 142
Trd, 000097.833, 143
Trd, 000098.217, 143
Trd, 000099.367, 143
Trd, 000100.300, 143.0
Trd, 000100.617, 141
Trd, 000102.100, 144.0
Trd, 000102.400, 144
Trd, 000102.667, 148.0
Trd, 000104.183, 143.0
Trd, 000104.500, 140
Trd, 000104.617, 140
Trd, 000104.683, 144.0
Trd, 000105.200, 140
Trd, 000105.833, 143
Trd, 000106.383, 143
Trd, 000107.750, 143
Trd, 000108.667, 142
Trd, 000109.700, 144
Trd, 000110.483, 144.0
Trd, 000110.650, 140
Trd, 000112.567, 142.0
Trd, 000112.817, 143.0
Trd, 000114.217, 141
Trd, 000115.167, 143.0
Trd, 000115.367, 144.0
Trd, 000116.217, 143
Trd, 000117.433, 141
Trd, 000117.517, 140
Trd, 000117.567, 142
Trd, 000117.917, 142
Trd, 000119.433, 142
Trd, 000120.050, 139
Trd, 000120.467, 140.0
Trd, 000120.683, 139
Trd, 000121.233, 140
Trd, 000121.750, 141
Trd, 000122.767, 144.0
Trd, 000123.567, 150
Trd, 000124.500, 146
Trd, 000125.517, 146
Trd, 000126.183, 145
Trd, 000126.500, 145
Trd, 000127.367, 141
Trd, 000127.733, 141
Trd, 000128.150, 146
Trd, 000129.100, 143.0
Trd, 000129.967, 141
Trd, 000130.467, 143.0
Trd, 000130.867, 143
Trd, 000132.133, 143
Trd, 000132.683, 147.0
Trd, 000132.850, 142
Trd, 000133.533, 140
Trd, 000135.683, 144.0
Trd, 000135.850, 146
Trd, 000137.067, 140
Trd, 000138.333, 146
Trd, 000139.417, 140
Trd, 000140.517, 142
Trd, 000140.600, 142
Trd, 000140.817, 141
Trd, 000141.150, 144.0
Trd, 000141.683, 142
Trd, 000141.967, 145
Trd, 000142.617, 148.0
Trd, 000143.033, 139
Trd, 000143.917, 144
Trd, 000145.300, 140
Trd, 000145.700, 141
Trd, 000145.833, 145
Trd, 000149.000, 140
Trd, 000149.400, 140
Trd, 000149.983, 141
Trd, 000150.400, 142
Trd, 000150.917, 139
Trd, 000152.417, 142
Trd, 000152.700, 144.0
Trd, 000152.750, 148.0
Trd, 000152.933, 138
Trd, 000153.000, 148
Trd, 000154.350, 162.0
Trd, 000154.650, 163
Trd, 000155.317, 150
Trd, 000155.417, 145
Trd, 000156.300, 149
Trd, 000156.317, 144
Trd, 000157.150, 141
Trd, 000157.250, 148
Trd, 000157.367, 150
Trd, 000158.317, 145
Trd, 000158.600, 134
Trd, 000159.833, 139
Trd, 000160.900, 143
Trd, 000162.017, 143
Trd, 000162.083, 148.0
Trd, 000162.783, 144.0
Trd, 000164.267, 142
Trd, 000164.567, 144
Trd, 000164.817, 140
Trd, 000165.517, 144
Trd, 000166.083, 141
Trd, 000166.917, 144.0
Trd, 000167.150, 143
Trd, 000167.883, 144
Trd, 000168.283, 140
Trd, 000169.883, 143
Trd, 000170.167, 143
Trd, 000170.567, 143
Trd, 000171.250, 144
Trd, 000171.433, 148.0
Trd, 000172.100, 145
Trd, 000172.750, 160
Trd, 000173.317, 145
Trd, 000173.733, 158
Trd, 000174.333, 144
Trd, 000174.533, 148
Trd, 000176.367, 144
Trd, 000176.600, 145
Trd, 000176.783, 143
Trd, 000177.100, 145
Trd, 000177.983, 143
Trd, 000179.017, 143.0
Trd, 000179.167, 143
Trd, 000180.067, 144.0
Trd, 000180.733, 145
Trd, 000182.467, 145
Trd, 000183.950, 143
Trd, 000184.083, 144.0
Trd, 000185.033, 147
Trd, 000185.150, 143
Trd, 000185.233, 148.0
Trd, 000185.433, 149
Trd, 000186.067, 146
Trd, 000186.567, 145
Trd, 000188.250, 146
Trd, 000188.617, 144
Trd, 000188.717, 146
Trd, 000189.650, 146
Trd, 000189.950, 148.0
Trd, 000190.850, 146
Trd, 000191.467, 162.0
Trd, 000191.633, 145
Trd, 000192.200, 144
Trd, 000192.633, 142
Trd, 000193.017, 150
Trd, 000193.167, 151
Trd, 000193.483, 165.0
Trd, 000195.867, 149
Trd, 000196.583, 143
Trd, 000197.183, 144
Trd, 000198.133, 146
Trd, 000199.650, 144
Trd, 000200.267, 143
Trd, 000200.500, 142
Trd, 000200.633, 142
Trd, 000200.867, 148.0
Trd, 000201.383, 146
Trd, 000201.783, 144
Trd, 000201.967, 149
Trd, 000203.033, 143
Trd, 000203.850, 152
Trd, 000203.867, 162.0
Trd, 000204.933, 145
Trd, 000205.583, 146
Trd, 000207.200, 142
Trd, 000207.750, 143
Trd, 000207.950, 142
Trd, 000208.333, 147
Trd, 000209.017, 145
Trd, 000209.700, 148
Trd, 000209.800, 148.0
Trd, 000212.017, 144.0
Trd, 000212.650, 162.0
Trd, 000212.717, 165.0
Trd, 000215.933, 147
Trd, 000216.400, 144
Trd, 000216.483, 144
Trd, 000216.517, 147.0
Trd, 000216.800, 147
Trd, 000218.083, 143
Trd, 000219.383, 144.0
Trd, 000219.583, 146
Trd, 000220.100, 143
Trd, 000220.133, 147
Trd, 000220.633, 146
Trd, 000223.150, 144
Trd, 000224.067, 143
Trd, 000224.200, 141
Trd, 000224.417, 144.0
Trd, 000224.500, 145
Trd, 000225.567, 147
Trd, 000225.683, 162.0
Trd, 000228.150, 150
Trd, 000228.267, 153
Trd, 000230.150, 151
Trd, 000230.317, 149
Trd, 000231.367, 144.0
Trd, 000231.433, 148.0
Trd, 000232.250, 146
Trd, 000232.617, 145
Trd, 000234.317, 146
Trd, 000234.867, 145
Trd, 000234.933, 143
Trd, 000235.083, 146
Trd, 000235.900, 143
Trd, 000236.100, 144.0
Trd, 000236.433, 143
Trd, 000236.700, 143
Trd, 000237.217, 148.0
Trd, 000238.817, 143
Trd, 000239.267, 142
Trd, 000240.083, 145
Trd, 000240.250, 146
Trd, 000240.333, 144
Trd, 000240.483, 146
Trd, 000241.250, 150
Trd, 000241.633, 149
Trd, 000241.983, 152.0
Trd, 000242.033, 150
Trd, 000242.833, 149
Trd, 000243.083, 151
Trd, 000243.583, 154
Trd, 000244.800, 155
Trd, 000244.850, 153
Trd, 000245.450, 151
Trd, 000246.067, 152
Trd, 000246.217, 153.0
Trd, 000246.300, 158.0
Trd, 000247.183, 151
Trd, 000247.600, 153
Trd, 000248.800, 152
Trd, 000248.983, 153
Trd, 000250.717, 151.0
Trd, 000250.800, 151
Trd, 000250.867, 151
Trd, 000250.917, 150
Trd, 000251.700, 149
Trd, 000251.883, 144
Trd, 000252.300, 150
Trd, 000252.583, 151
Trd, 000253.083, 143
Trd, 000253.667, 144.0
Trd, 000254.167, 142
Trd, 000254.500, 140
Trd, 000255.017, 143
Trd, 000255.100, 142
Trd, 000256.033, 147.0
Trd, 000256.350, 148.0
Trd, 000256.367, 162.0
Trd, 000257.233, 151.0
Trd, 000257.483, 164
Trd, 000257.933, 162.0
Trd, 000258.517, 165.0
Trd, 000259.433, 164
Trd, 000260.733, 167
Trd, 000260.967, 163.0
Trd, 000261.333, 162.0
Trd, 000261.733, 163
Trd, 000261.750, 167
Trd, 000262.433, 161
Trd, 000263.117, 161
Trd, 000263.167, 162
Trd, 000263.383, 161.0
Trd, 000263.400, 160
Trd, 000264.250, 159
Trd, 000264.317, 154
Trd, 000265.150, 151.0
Trd, 000265.583, 151
Trd, 000265.917, 158
Trd, 000266.533, 153
Trd, 000267.233, 162.0
Trd, 000267.283, 165.0
Trd, 000268.250, 165
Trd, 000268.383, 167
Trd, 000268.617, 168
Trd, 000268.917, 162
Trd, 000268.933, 161
Trd, 000269.033, 159
Trd, 000270.250, 154
Trd, 000270.650, 158
Trd, 000271.067, 151.0
Trd, 000271.167, 159
Trd, 000272.250, 153
Trd, 000272.550, 155
Trd, 000272.800, 152
Trd, 000273.867, 153
Trd, 000274.367, 151
Trd, 000274.800, 142
Trd, 000275.500, 152
Trd, 000276.200, 158.0
Trd, 000276.783, 152.0
Trd, 000277.100, 157
Trd, 000278.167, 155
Trd, 000278.300, 153
Trd, 000278.733, 151
Trd, 000279.017, 152
Trd, 000279.417, 153
Trd, 000279.533, 151.0
Trd, 000281.300, 153
Trd, 000281.383, 155
Trd, 000282.233, 153
Trd, 000282.350, 153
Trd, 000283.067, 152
Trd, 000283.233, 151
Trd, 000284.267, 151.0
Trd, 000284.667, 152
Trd, 000284.833, 150
Trd, 000284.983, 149
Trd, 000286.000, 150
Trd, 000286.217, 143
Trd, 000286.850, 150
Trd, 000287.533, 147
Trd, 000287.617, 148
Trd, 000287.633, 147
Trd, 000287.733, 141.0
Trd, 000289.450, 146
Trd, 000289.500, 149
Trd, 000289.633, 141.0
Trd, 000289.833, 150
Trd, 000289.967, 136
Trd, 000290.517, 162.0
Trd, 000290.800, 159
Trd, 000291.467, 165.0
Trd, 000292.233, 169
Trd, 000294.450, 163.0
Trd, 000294.717, 164
Trd, 000294.933, 162.0
Trd, 000295.250, 160
Trd, 000295.700, 160
Trd, 000295.917, 154
Trd, 000296.500, 162
Trd, 000296.750, 163
Trd, 000297.467, 158
Trd, 000297.500, 163
Trd, 000297.600, 157
Trd, 000297.983, 156
Trd, 000298.500, 163
Trd, 000299.267, 160
Trd, 000299.800, 161
