Trd, 000001.700, 146.0
Trd, 000002.750, 134.0
Trd, 000003.667, 138
Trd, 000004.167, 133
Trd, 000004.500, 139
Trd, 000004.733, 135
Trd, 000004.850, 148.0
Trd, 000006.217, 148.0
Trd, 000007.183, 148
Trd, 000007.233, 141
Trd, 000007.400, 149
Trd, 000007.867, 140.0
Trd, 000008.883, 150.0
Trd, 000010.117, 148
Trd, 000010.283, 144
Trd, 000010.667, 148
Trd, 000011.683, 149.0
Trd, 000011.867, 151.0
Trd, 000012.367, 148.0
Trd, 000012.783, 147
Trd, 000013.217, 146
Trd, 000013.317, 154.0
Trd, 000014.167, 147
Trd, 000016.200, 149.0
Trd, 000016.850, 147
Trd, 000016.883, 148.0
Trd, 000017.183, 148.0
Trd, 000019.833, 150
Trd, 000020.067, 146
Trd, 000020.867, 144
Trd, 000021.650, 146.0
Trd, 000023.200, 146
Trd, 000023.900, 147
Trd, 000024.417, 145
Trd, 000025.117, 148
Trd, 000025.167, 144
Trd, 000025.317, 143
Trd, 000025.517, 134.0
Trd, 000027.533, 155
Trd, 000027.583, 153
Trd, 000027.800, 158.0
Trd, 000028.767, 161
Trd, 000028.967, 151
Trd, 000030.733, 153
Trd, 000030.750, 151
Trd, 000030.833, 155
Trd, 000032.767, 150
Trd, 000032.883, 141.0
Trd, 000033.200, 154.0
Trd, 000033.317, 149.0
Trd, 000033.967, 154
Trd, 000034.033, 155
Trd, 000035.367, 153
Trd, 000035.933, 150
Trd, 000036.000, 154
Trd, 000037.850, 149
Trd, 000038.517, 142.0
Trd, 000039.283, 147
Trd, 000039.450, 148
Trd, 000040.050, 147
Trd, 000041.283, 151
Trd, 000041.417, 151.0
Trd, 000041.783, 149.0
Trd, 000041.867, 155.0
Trd, 000042.950, 149.0
Trd, 000043.300, 148.0
Trd, 000043.633, 148
Trd, 000043.733, 149.0
Trd, 000043.800, 151
Trd, 000044.300, 151.0
Trd, 000045.700, 142
Trd, 000046.633, 148
Trd, 000046.750, 148.0
Trd, 000046.900, 145
Trd, 000047.017, 148
Trd, 000049.083, 143
Trd, 000049.817, 151.0
Trd, 000050.833, 145.0
Trd, 000051.033, 146
Trd, 000051.633, 145
Trd, 000052.117, 145
Trd, 000052.683, 144
Trd, 000052.933, 148.0
Trd, 000053.850, 146
Trd, 000054.850, 148
Trd, 000055.800, 146
Trd, 000056.517, 147.0
Trd, 000056.883, 151.0
Trd, 000057.667, 149
Trd, 000057.783, 149
Trd, 000057.933, 148.0
Trd, 000058.300, 147
Trd, 000058.383, 153.0
Trd, 000059.533, 147
Trd, 000059.717, 150.0
Trd, 000061.050, 149
Trd, 000061.617, 148
Trd, 000061.800, 146
Trd, 000062.133, 147
Trd, 000062.483, 141.0
Trd, 000063.250, 149
Trd, 000063.800, 149
Trd, 000065.467, 147
Trd, 000065.733, 151.0
Trd, 000066.483, 151
Trd, 000067.033, 151
Trd, 000067.917, 152.0
Trd, 000067.967, 151
Trd, 000068.683, 150
Trd, 000068.800, 155.0
Trd, 000069.500, 141.0
Trd, 000070.233, 150
Trd, 000070.400, 151
Trd, 000071.783, 149
Trd, 000072.217, 150
Trd, 000072.650, 147
Trd, 000073.167, 146
Trd, 000074.683, 148.0
Trd, 000075.267, 148
Trd, 000075.567, 149
Trd, 000076.733, 150
Trd, 000077.100, 148
Trd, 000078.017, 150.0
Trd, 000078.683, 150.0
Trd, 000078.733, 148.0
Trd, 000079.383, 149.0
Trd, 000080.883, 149
Trd, 000081.067, 148
Trd, 000081.583, 149
Trd, 000081.817, 151.0
Trd, 000082.633, 155.0
Trd, 000083.183, 154
Trd, 000083.650, 149
Trd, 000084.300, 148
Trd, 000084.850, 150
Trd, 000085.350, 148
Trd, 000085.700, 148
Trd, 000086.700, 148
Trd, 000087.250, 148.0
Trd, 000087.283, 155.0
Trd, 000089.550, 150.0
Trd, 000090.950, 149
Trd, 000091.250, 149
Trd, 000091.283, 147
Trd, 000091.500, 150
Trd, 000091.783, 147
Trd, 000092.950, 148
Trd, 000092.967, 147
Trd, 000093.867, 147
Trd, 000094.483, 146
Trd, 000095.667, 147
Trd, 000096.650, 147.0
Trd, 000097.200, 147
Trd, 000097.383, 148.0
Trd, 000098.183, 148
Trd, 000099.500, 147
Trd, 000100.867, 148
Trd, 000101.783, 146
Trd, 000103.300, 145
Trd, 000103.967, 145
Trd, 000104.350, 146
Trd, 000104.550, 145
Trd, 000104.767, 148.0
Trd, 000105.000, 151.0
Trd, 000105.750, 149
Trd, 000107.100, 150
Trd, 000107.383, 151
Trd, 000107.967, 155.0
Trd, 000108.033, 149
Trd, 000112.050, 149
Trd, 000112.150, 148
Trd, 000112.267, 148.0
Trd, 000112.550, 148.0
Trd, 000112.767, 147
Trd, 000113.900, 142.0
Trd, 000113.983, 147
Trd, 000115.167, 148.0
Trd, 000117.267, 147.0
Trd, 000117.550, 146
Trd, 000117.767, 147
Trd, 000118.083, 145
Trd, 000118.833, 148.0
Trd, 000120.050, 145
Trd, 000120.217, 145
Trd, 000120.233, 144
Trd, 000120.883, 146
Trd, 000121.383, 146
Trd, 000122.000, 148.0
Trd, 000122.683, 145
Trd, 000122.850, 144
Trd, 000123.417, 144
Trd, 000123.700, 147
Trd, 000124.517, 144
Trd, 000124.683, 147.0
Trd, 000124.983, 148.0
Trd, 000128.133, 146
Trd, 000128.500, 146
Trd, 000129.200, 148.0
Trd, 000129.217, 151.0
Trd, 000129.600, 155.0
Trd, 000130.900, 146
Trd, 000131.117, 146
Trd, 000132.233, 149
Trd, 000132.483, 148.0
Trd, 000132.567, 145
Trd, 000132.767, 146
Trd, 000133.100, 143
Trd, 000133.650, 149
Trd, 000135.050, 143
Trd, 000136.350, 144
Trd, 000136.400, 143
Trd, 000137.250, 146
Trd, 000137.267, 148.0
Trd, 000137.567, 151
Trd, 000139.233, 150
Trd, 000139.667, 143
Trd, 000140.150, 142.0
Trd, 000141.117, 145.0
Trd, 000141.133, 143.0
Trd, 000141.883, 146
Trd, 000143.183, 146
Trd, 000143.250, 153.0
Trd, 000145.150, 145
Trd, 000145.883, 146
Trd, 000147.467, 150.0
Trd, 000147.983, 149
Trd, 000148.167, 151.0
Trd, 000148.933, 150.0
Trd, 000149.200, 150
Trd, 000150.133, 149
Trd, 000150.983, 151.0
Trd, 000151.283, 152.0
Trd, 000151.933, 148
Trd, 000152.700, 149
Trd, 000152.767, 148
Trd, 000153.450, 148.0
Trd, 000153.933, 148.0
Trd, 000155.067, 149
Trd, 000156.067, 138.0
Trd, 000156.300, 149.0
Trd, 000157.450, 158.0
Trd, 000158.133, 151.0
Trd, 000159.600, 150
Trd, 000159.833, 147
Trd, 000160.250, 150
Trd, 000160.417, 148.0
Trd, 000161.600, 148.0
Trd, 000161.950, 148
Trd, 000162.733, 148.0
Trd, 000163.200, 147
Trd, 000164.533, 146
Trd, 000164.617, 148.0
Trd, 000166.633, 146
Trd, 000166.717, 147
Trd, 000167.567, 145
Trd, 000169.400, 145
Trd, 000169.600, 146.0
Trd, 000171.033, 147
Trd, 000171.300, 148.0
Trd, 000171.500, 146
Trd, 000172.017, 149
Trd, 000172.733, 148.0
Trd, 000173.183, 149
Trd, 000173.267, 149.0
Trd, 000173.650, 148
Trd, 000173.867, 151.0
Trd, 000174.683, 149
Trd, 000175.683, 147
Trd, 000176.167, 148
Trd, 000176.350, 141.0
Trd, 000177.550, 148.0
Trd, 000178.500, 155.0
Trd, 000179.817, 148
Trd, 000180.250, 151.0
Trd, 000180.883, 144
Trd, 000181.050, 144
Trd, 000181.633, 148.0
Trd, 000182.050, 145
Trd, 000183.017, 144
Trd, 000183.200, 147
Trd, 000183.967, 145
Trd, 000184.800, 145.0
Trd, 000185.017, 144
Trd, 000185.217, 145
Trd, 000185.583, 143.0
Trd, 000185.833, 143
Trd, 000186.517, 148.0
Trd, 000187.367, 149.0
Trd, 000187.683, 148.0
Trd, 000188.000, 150.0
Trd, 000188.883, 150
Trd, 000189.333, 149
Trd, 000190.283, 151.0
Trd, 000192.850, 146
Trd, 000193.317, 147.0
Trd, 000193.617, 147.0
Trd, 000194.800, 146
Trd, 000195.550, 146
Trd, 000196.367, 147
Trd, 000197.400, 147
Trd, 000197.933, 148.0
Trd, 000198.117, 145
Trd, 000198.350, 143
Trd, 000198.833, 147
Trd, 000199.483, 147
Trd, 000199.583, 146
Trd, 000200.400, 144
Trd, 000200.550, 147
Trd, 000201.800, 145.0
Trd, 000201.917, 146.0
Trd, 000202.100, 148.0
Trd, 000202.617, 151.0
Trd, 000204.567, 156.0
Trd, 000205.017, 148
Trd, 000205.100, 148.0
Trd, 000205.250, 147
Trd, 000205.733, 151
Trd, 000207.400, 150
Trd, 000208.367, 150
Trd, 000209.117, 149
Trd, 000210.317, 148.0
Trd, 000210.383, 147
Trd, 000211.183, 147
Trd, 000211.317, 146
Trd, 000211.800, 155.0
Trd, 000212.217, 170
Trd, 000214.850, 147
Trd, 000215.283, 147.0
Trd, 000215.517, 147
Trd, 000215.733, 148.0
Trd, 000217.017, 148
Trd, 000217.100, 149
Trd, 000218.000, 155.0
Trd, 000218.733, 148
Trd, 000219.817, 150
Trd, 000219.917, 148
Trd, 000221.900, 149.0
Trd, 000222.550, 150
Trd, 000223.567, 151.0
Trd, 000223.950, 151
Trd, 000224.650, 151
Trd, 000225.317, 149
Trd, 000226.100, 148
Trd, 000226.333, 148.0
Trd, 000227.400, 147
Trd, 000227.467, 141.0
Trd, 000227.717, 155.0
Trd, 000227.733, 137.0
Trd, 000227.800, 155
Trd, 000228.983, 146
Trd, 000229.050, 142
Trd, 000229.383, 147
Trd, 000230.350, 148.0
Trd, 000231.583, 149.0
Trd, 000232.550, 149.0
Trd, 000233.117, 150
Trd, 000233.517, 150
Trd, 000234.017, 150.0
Trd, 000234.550, 155.0
Trd, 000234.833, 148.0
Trd, 000235.183, 148
Trd, 000235.717, 151.0
Trd, 000235.733, 158.0
Trd, 000235.950, 147
Trd, 000236.217, 146
Trd, 000237.233, 162
Trd, 000238.017, 156
Trd, 000238.900, 155
Trd, 000239.283, 151.0
Trd, 000239.867, 142.0
Trd, 000240.683, 153
Trd, 000240.983, 154
Trd, 000241.367, 150.0
Trd, 000241.700, 148.0
Trd, 000242.350, 146.0
Trd, 000242.367, 147
Trd, 000243.033, 150
Trd, 000243.183, 148
Trd, 000243.250, 150
Trd, 000243.867, 151
Trd, 000243.983, 158.0
Trd, 000244.183, 152
Trd, 000245.867, 156
Trd, 000246.067, 150
Trd, 000246.150, 148.0
Trd, 000246.867, 150.0
Trd, 000247.417, 150.0
Trd, 000247.550, 151.0
Trd, 000247.950, 148
Trd, 000248.167, 154.0
Trd, 000249.367, 148
Trd, 000249.533, 149.0
Trd, 000250.317, 149.0
Trd, 000250.717, 148
Trd, 000250.750, 151.0
Trd, 000251.233, 151.0
Trd, 000251.283, 155.0
Trd, 000252.050, 149.0
Trd, 000252.617, 148
Trd, 000253.550, 148
Trd, 000253.600, 151
Trd, 000253.767, 151.0
Trd, 000254.217, 151
Trd, 000254.417, 148.0
Trd, 000255.217, 150.0
Trd, 000256.017, 150.0
Trd, 000256.150, 147
Trd, 000256.250, 147
Trd, 000257.000, 145
Trd, 000257.233, 146
Trd, 000257.767, 144.0
Trd, 000257.950, 143
Trd, 000258.117, 144
Trd, 000258.250, 142.0
Trd, 000259.383, 144
Trd, 000259.517, 146.0
Trd, 000260.067, 150
Trd, 000260.233, 151
Trd, 000260.250, 155.0
Trd, 000260.350, 158.0
Trd, 000261.583, 154
Trd, 000261.900, 154
Trd, 000262.133, 152
Trd, 000263.333, 145
Trd, 000263.500, 145.0
Trd, 000263.633, 145
Trd, 000263.650, 153
Trd, 000263.900, 148.0
Trd, 000265.150, 151.0
Trd, 000265.217, 155.0
Trd, 000265.233, 165
Trd, 000265.450, 147
Trd, 000266.133, 147.0
Trd, 000266.467, 150.0
Trd, 000267.333, 146
Trd, 000267.717, 144
Trd, 000268.433, 137.0
Trd, 000268.583, 140
Trd, 000268.950, 137.0
Trd, 000269.133, 139
Trd, 000269.300, 140
Trd, 000270.100, 140
Trd, 000270.217, 140
Trd, 000270.267, 141
Trd, 000270.417, 140
Trd, 000270.867, 148.0
Trd, 000271.500, 150.0
Trd, 000271.583, 150.0
Trd, 000271.867, 155.0
Trd, 000272.067, 154.0
Trd, 000272.400, 152.0
Trd, 000272.950, 151
Trd, 000274.250, 155
Trd, 000274.900, 154.0
Trd, 000275.183, 155.0
Trd, 000275.200, 150
Trd, 000275.483, 151.0
Trd, 000275.833, 148.0
Trd, 000276.983, 154
Trd, 000277.300, 152.0
Trd, 000277.317, 156
Trd, 000277.500, 151.0
Trd, 000278.200, 152
Trd, 000278.600, 150
Trd, 000278.667, 147
Trd, 000279.117, 150.0
Trd, 000279.367, 146
Trd, 000279.683, 150.0
Trd, 000280.800, 148
Trd, 000280.950, 151.0
Trd, 000281.167, 148
Trd, 000281.283, 151
Trd, 000281.350, 152
Trd, 000282.167, 144.0
Trd, 000282.500, 143.0
Trd, 000282.817, 141.0
Trd, 000283.450, 142
Trd, 000283.483, 143
Trd, 000283.967, 155.0
Trd, 000284.383, 145.0
Trd, 000284.650, 143
Trd, 000284.717, 140
Trd, 000284.850, 137.0
Trd, 000285.633, 143
Trd, 000286.883, 144.0
Trd, 000286.983, 144
Trd, 000287.550, 148.0
Trd, 000288.533, 149.0
Trd, 000288.600, 148.0
Trd, 000288.650, 150.0
Trd, 000289.300, 150
Trd, 000289.467, 145
Trd, 000289.517, 151.0
Trd, 000289.683, 155.0
Trd, 000290.433, 157.0
Trd, 000290.450, 144.0
Trd, 000291.317, 158.0
Trd, 000291.667, 154
Trd, 000291.817, 158
Trd, 000292.317, 171
Trd, 000293.367, 168
Trd, 000293.633, 170
Trd, 000293.867, 172
Trd, 000294.183, 153
Trd, 000294.700, 161
Trd, 000295.167, 149
Trd, 000295.267, 168
Trd, 000295.300, 158.0
Trd, 000295.733, 163
Trd, 000296.033, 165
Trd, 000296.267, 154
Trd, 000296.517, 153
Trd, 000297.233, 161
Trd, 000297.567, 158
Trd, 000299.200, 149.0
Trd, 000299.250, 155.0
Trd, 000299.767, 158.0
