Trd, 000001.300, 122
Trd, 000001.967, 140
Trd, 000002.817, 130.0
Trd, 000003.100, 173
Trd, 000003.800, 160
Trd, 000004.067, 165
Trd, 000004.950, 165
Trd, 000005.483, 159
Trd, 000006.517, 158.0
Trd, 000006.883, 159
Trd, 000006.983, 165
Trd, 000008.100, 158
Trd, 000008.117, 158
Trd, 000009.050, 158.0
Trd, 000009.517, 155
Trd, 000009.933, 151
Trd, 000010.617, 155
Trd, 000010.817, 152
Trd, 000010.917, 154
Trd, 000011.333, 154
Trd, 000011.700, 155.0
Trd, 000011.750, 149
Trd, 000011.867, 161
Trd, 000012.150, 162
Trd, 000012.933, 158.0
Trd, 000013.083, 147
Trd, 000013.150, 144
Trd, 000013.200, 163
Trd, 000014.017, 139
Trd, 000014.950, 157
Trd, 000015.750, 148
Trd, 000015.850, 148
Trd, 000015.917, 159
Trd, 000016.083, 143
Trd, 000016.917, 128
Trd, 000016.933, 163
Trd, 000017.917, 158.0
Trd, 000018.700, 157
Trd, 000019.000, 146
Trd, 000019.867, 150
Trd, 000021.017, 153
Trd, 000022.183, 161
Trd, 000022.450, 161
Trd, 000022.617, 165
Trd, 000023.000, 160
Trd, 000023.117, 156
Trd, 000023.333, 158.0
Trd, 000023.500, 182.0
Trd, 000023.967, 164
Trd, 000024.450, 177
Trd, 000024.733, 164
Trd, 000025.217, 163
Trd, 000026.733, 161
Trd, 000026.817, 166
Trd, 000027.300, 158.0
Trd, 000027.500, 149
Trd, 000027.967, 144
Trd, 000028.633, 159
Trd, 000029.017, 143
Trd, 000030.067, 160
Trd, 000030.267, 160
Trd, 000030.400, 140
Trd, 000031.650, 157
Trd, 000031.733, 147
Trd, 000031.767, 157
Trd, 000033.367, 153
Trd, 000034.433, 156
Trd, 000034.517, 154
Trd, 000034.717, 154
Trd, 000034.867, 152
Trd, 000035.000, 159
Trd, 000035.483, 158.0
Trd, 000035.767, 159
Trd, 000035.833, 162
Trd, 000036.250, 154
Trd, 000036.400, 156
Trd, 000036.450, 171
Trd, 000036.950, 166
Trd, 000037.300, 155
Trd, 000037.683, 153
Trd, 000038.017, 167
Trd, 000039.483, 162
Trd, 000039.567, 164
Trd, 000039.733, 158.0
Trd, 000040.350, 161
Trd, 000040.583, 150
Trd, 000041.117, 161
Trd, 000041.517, 161
Trd, 000041.700, 175
Trd, 000042.767, 167
Trd, 000043.067, 157
Trd, 000043.850, 165.0
Trd, 000045.483, 162
Trd, 000046.100, 161
Trd, 000046.550, 160
Trd, 000046.767, 158.0
Trd, 000047.133, 158
Trd, 000048.167, 157
Trd, 000048.433, 158
Trd, 000049.400, 151
Trd, 000049.467, 150
Trd, 000049.700, 151
Trd, 000050.400, 152
Trd, 000050.483, 152
Trd, 000051.017, 162
Trd, 000051.100, 148
Trd, 000051.450, 147
Trd, 000051.983, 143
Trd, 000052.067, 164
Trd, 000053.017, 159
Trd, 000053.550, 153
Trd, 000053.733, 153
Trd, 000054.617, 150
Trd, 000054.733, 142
Trd, 000055.217, 141
Trd, 000055.617, 150
Trd, 000055.833, 149
Trd, 000055.917, 155.0
Trd, 000056.333, 139
Trd, 000056.883, 133
Trd, 000059.067, 149
Trd, 000059.100, 142
Trd, 000059.383, 151
Trd, 000059.517, 153
Trd, 000059.533, 164
Trd, 000059.800, 142
Trd, 000059.867, 165
Trd, 000060.283, 144
Trd, 000060.400, 143
Trd, 000061.183, 168
Trd, 000062.333, 154
Trd, 000063.500, 156
Trd, 000063.800, 156
Trd, 000064.233, 153
Trd, 000064.917, 156
Trd, 000065.750, 154
Trd, 000065.833, 160
Trd, 000066.200, 163
Trd, 000067.567, 162
Trd, 000068.317, 159
Trd, 000068.600, 158.0
Trd, 000068.667, 160
Trd, 000069.267, 163
Trd, 000069.633, 158
Trd, 000069.733, 156
Trd, 000069.817, 166
Trd, 000070.150, 165
Trd, 000070.183, 149
Trd, 000070.967, 146
Trd, 000072.133, 148
Trd, 000072.233, 164
Trd, 000072.617, 149
Trd, 000073.300, 163
Trd, 000075.017, 159
Trd, 000075.350, 161
Trd, 000075.917, 160
Trd, 000076.033, 161
Trd, 000076.417, 159
Trd, 000076.633, 158.0
Trd, 000076.750, 158
Trd, 000077.117, 149
Trd, 000078.183, 150
Trd, 000078.300, 161
Trd, 000078.567, 158.0
Trd, 000078.733, 160
Trd, 000079.417, 159
Trd, 000079.900, 159
Trd, 000081.050, 150
Trd, 000081.100, 143
Trd, 000081.917, 149
Trd, 000082.383, 151
Trd, 000083.817, 155
Trd, 000084.233, 156
Trd, 000084.317, 154
Trd, 000084.567, 158
Trd, 000085.033, 155.0
Trd, 000086.117, 155
Trd, 000086.467, 154
Trd, 000086.983, 155
Trd, 000087.100, 153
Trd, 000087.533, 150
Trd, 000088.017, 161
Trd, 000088.933, 155
Trd, 000089.450, 154
Trd, 000089.617, 156
Trd, 000089.800, 157
Trd, 000090.267, 150
Trd, 000091.633, 157
Trd, 000091.750, 166
Trd, 000091.783, 157
Trd, 000091.833, 150
Trd, 000092.450, 162
Trd, 000093.000, 155
Trd, 000093.400, 150
Trd, 000094.117, 162
Trd, 000095.117, 162
Trd, 000095.967, 164
Trd, 000096.333, 163
Trd, 000096.900, 158.0
Trd, 000097.617, 156.0
Trd, 000097.783, 157
Trd, 000098.033, 158
Trd, 000098.433, 156
Trd, 000098.700, 158.0
Trd, 000098.950, 150
Trd, 000099.200, 149
Trd, 000099.800, 162
Trd, 000100.350, 143
Trd, 000100.433, 128.0
Trd, 000101.083, 156
Trd, 000101.700, 147
Trd, 000101.967, 149
Trd, 000102.233, 150
Trd, 000102.317, 165
Trd, 000103.400, 158.0
Trd, 000104.350, 150
Trd, 000104.483, 151
Trd, 000104.683, 152
Trd, 000105.900, 155.0
Trd, 000106.000, 159
Trd, 000106.050, 151
Trd, 000107.833, 155
Trd, 000108.183, 154
Trd, 000108.767, 155
Trd, 000108.800, 154
Trd, 000109.200, 162
Trd, 000109.817, 152
Trd, 000109.917, 149
Trd, 000110.067, 146
Trd, 000110.200, 157
Trd, 000110.933, 157
Trd, 000111.950, 158
Trd, 000112.083, 163
Trd, 000113.133, 150
Trd, 000113.250, 157
Trd, 000113.833, 157
Trd, 000114.400, 155
Trd, 000114.450, 156
Trd, 000114.883, 159
Trd, 000115.100, 162
Trd, 000115.183, 156
Trd, 000115.850, 153
Trd, 000115.950, 148
Trd, 000116.350, 164
Trd, 000118.100, 154
Trd, 000118.183, 162
Trd, 000118.317, 153
Trd, 000118.800, 160
Trd, 000119.067, 141
Trd, 000119.150, 162
Trd, 000119.417, 142
Trd, 000119.767, 160.0
Trd, 000120.000, 158.0
Trd, 000120.433, 141
Trd, 000121.250, 154
Trd, 000122.483, 148
Trd, 000123.033, 149
Trd, 000123.183, 148
Trd, 000123.233, 164
Trd, 000123.700, 149
Trd, 000125.233, 155.0
Trd, 000125.383, 156
Trd, 000125.483, 158
Trd, 000125.733, 156.0
Trd, 000126.067, 158
Trd, 000126.267, 155.0
Trd, 000126.367, 150
Trd, 000127.367, 153
Trd, 000127.483, 153
Trd, 000127.533, 163
Trd, 000128.367, 145
Trd, 000128.950, 143
Trd, 000129.083, 155
Trd, 000130.167, 156
Trd, 000130.200, 161
Trd, 000131.000, 149
Trd, 000132.267, 153
Trd, 000132.683, 157
Trd, 000132.950, 154
Trd, 000134.133, 155
Trd, 000134.267, 156
Trd, 000134.833, 155
Trd, 000135.117, 155.0
Trd, 000135.533, 152
Trd, 000135.683, 162
Trd, 000136.533, 151
Trd, 000136.633, 163
Trd, 000137.100, 157
Trd, 000138.333, 159
Trd, 000138.517, 158.0
Trd, 000138.733, 155.0
Trd, 000139.683, 160
Trd, 000139.717, 159
Trd, 000139.933, 156
Trd, 000140.000, 152
Trd, 000140.800, 156
Trd, 000141.617, 154
Trd, 000141.683, 157
Trd, 000141.883, 158
Trd, 000142.083, 153
Trd, 000142.217, 162
Trd, 000143.283, 154
Trd, 000144.050, 160
Trd, 000144.350, 156
Trd, 000145.317, 161
Trd, 000145.583, 162
Trd, 000145.933, 160.0
Trd, 000146.050, 161
Trd, 000146.333, 158.0
Trd, 000146.383, 164
Trd, 000146.400, 154
Trd, 000147.100, 150
Trd, 000147.200, 158.0
Trd, 000148.750, 149
Trd, 000149.050, 150
Trd, 000149.350, 157
Trd, 000150.200, 155
Trd, 000150.467, 154
Trd, 000150.850, 156
Trd, 000150.933, 150
Trd, 000151.117, 162
Trd, 000151.317, 143
Trd, 000152.267, 156
Trd, 000152.400, 143
Trd, 000152.600, 142
Trd, 000153.883, 145
Trd, 000155.500, 153
Trd, 000156.067, 146
Trd, 000156.267, 148.0
Trd, 000156.417, 142
Trd, 000157.067, 154
Trd, 000157.167, 143
Trd, 000157.283, 142
Trd, 000157.600, 142
Trd, 000157.733, 155.0
Trd, 000159.067, 159
Trd, 000159.167, 160
Trd, 000160.550, 158.0
Trd, 000161.100, 151
Trd, 000162.100, 158
Trd, 000162.350, 150
Trd, 000162.550, 153
Trd, 000162.667, 157
Trd, 000162.967, 161
Trd, 000163.033, 143
Trd, 000163.267, 162
Trd, 000164.217, 165
Trd, 000164.833, 164
Trd, 000165.217, 149
Trd, 000165.750, 150
Trd, 000166.417, 151
Trd, 000167.250, 152
Trd, 000167.933, 155
Trd, 000168.217, 155
Trd, 000169.317, 163
Trd, 000169.500, 156
Trd, 000170.067, 165
Trd, 000170.350, 156
Trd, 000171.433, 160
Trd, 000172.050, 159.0
Trd, 000172.200, 158.0
Trd, 000173.000, 151
Trd, 000173.617, 151
Trd, 000173.833, 148
Trd, 000174.033, 165
Trd, 000174.600, 171
Trd, 000174.917, 146
Trd, 000174.950, 148
Trd, 000175.183, 155
Trd, 000175.333, 158.0
Trd, 000176.200, 158
Trd, 000176.300, 156
Trd, 000177.250, 147
Trd, 000177.667, 161
Trd, 000178.217, 154
Trd, 000178.733, 161
Trd, 000178.917, 162
Trd, 000179.500, 149
Trd, 000180.100, 157
Trd, 000180.350, 151
Trd, 000181.017, 158.0
Trd, 000181.150, 159
Trd, 000181.883, 150
Trd, 000182.517, 145
Trd, 000182.650, 155
Trd, 000183.250, 145
Trd, 000184.517, 149
Trd, 000184.550, 150
Trd, 000185.883, 155.0
Trd, 000185.900, 146
Trd, 000186.900, 155
Trd, 000186.983, 156
Trd, 000187.200, 162
Trd, 000187.550, 151
Trd, 000187.617, 150
Trd, 000188.250, 151
Trd, 000189.200, 153
Trd, 000189.683, 154
Trd, 000189.783, 153
Trd, 000189.983, 151
Trd, 000190.400, 154
Trd, 000190.533, 155.0
Trd, 000190.600, 172
Trd, 000190.717, 143
Trd, 000190.817, 140
Trd, 000191.067, 172
Trd, 000192.150, 172
Trd, 000192.883, 146
Trd, 000193.267, 154
Trd, 000193.750, 142
Trd, 000194.383, 160
Trd, 000195.633, 160
Trd, 000195.900, 159
Trd, 000196.133, 158
Trd, 000197.783, 157
Trd, 000198.517, 157
Trd, 000198.800, 155.0
Trd, 000198.833, 158
Trd, 000199.383, 150
Trd, 000199.450, 159
Trd, 000199.733, 153
Trd, 000200.167, 159
Trd, 000200.317, 159
Trd, 000200.967, 160.0
Trd, 000201.267, 159.0
Trd, 000201.650, 160
Trd, 000203.050, 159.0
Trd, 000204.200, 162
Trd, 000204.250, 161
Trd, 000204.533, 158.0
Trd, 000205.000, 161
Trd, 000205.417, 158.0
Trd, 000205.800, 157
Trd, 000206.850, 159
Trd, 000207.300, 155.0
Trd, 000207.400, 150
Trd, 000207.650, 159
Trd, 000208.100, 158.0
Trd, 000209.133, 139
Trd, 000209.750, 159
Trd, 000210.817, 160
Trd, 000211.133, 161
Trd, 000211.217, 159
Trd, 000211.483, 160
Trd, 000212.100, 158.0
Trd, 000212.200, 155.0
Trd, 000212.700, 156
Trd, 000213.517, 157
Trd, 000213.667, 149
Trd, 000214.300, 144
Trd, 000214.467, 156
Trd, 000215.833, 156
Trd, 000215.917, 152
Trd, 000216.183, 148
Trd, 000216.983, 154
Trd, 000217.317, 148
Trd, 000218.200, 154
Trd, 000218.567, 152
Trd, 000218.683, 151
Trd, 000219.083, 155
Trd, 000219.733, 150
Trd, 000220.083, 155.0
Trd, 000220.550, 156
Trd, 000220.767, 149
Trd, 000221.800, 145
Trd, 000222.283, 153
Trd, 000222.817, 155
Trd, 000222.967, 161
Trd, 000223.033, 146
Trd, 000223.750, 146
Trd, 000224.050, 162
Trd, 000225.133, 163
Trd, 000225.483, 163
Trd, 000225.667, 151
Trd, 000225.817, 158.0
Trd, 000227.967, 159
Trd, 000227.983, 157
Trd, 000228.217, 158.0
Trd, 000228.817, 160
Trd, 000229.550, 151
Trd, 000229.950, 150
Trd, 000230.117, 151
Trd, 000230.583, 148
Trd, 000231.517, 155.0
Trd, 000231.550, 162
Trd, 000231.700, 150
Trd, 000231.833, 165
Trd, 000232.233, 152
Trd, 000232.650, 151
Trd, 000232.900, 150
Trd, 000234.683, 150
Trd, 000234.767, 148
Trd, 000235.983, 149
Trd, 000236.667, 146
Trd, 000236.733, 148.0
Trd, 000236.750, 145
Trd, 000237.167, 151
Trd, 000237.267, 158.0
Trd, 000237.600, 163
Trd, 000238.517, 147
Trd, 000239.100, 145
Trd, 000239.333, 149
Trd, 000240.017, 153
Trd, 000240.067, 157
Trd, 000240.583, 156
Trd, 000240.717, 154
Trd, 000241.200, 158
Trd, 000242.033, 150
Trd, 000242.300, 151
Trd, 000242.400, 154
Trd, 000243.200, 162
Trd, 000243.933, 163.0
Trd, 000244.317, 161.0
Trd, 000244.450, 158.0
Trd, 000244.500, 153
Trd, 000244.933, 157
Trd, 000245.067, 153
Trd, 000245.467, 151
Trd, 000245.933, 152
Trd, 000247.250, 154
Trd, 000247.350, 153
Trd, 000248.017, 148
Trd, 000248.350, 148
Trd, 000249.233, 153
Trd, 000249.250, 154
Trd, 000249.283, 148
Trd, 000250.067, 146
Trd, 000250.383, 146
Trd, 000250.633, 148
Trd, 000251.167, 148.0
Trd, 000251.183, 148
Trd, 000251.417, 147
Trd, 000251.550, 147
Trd, 000251.883, 149
Trd, 000252.617, 148
Trd, 000253.150, 151.0
Trd, 000253.483, 151
Trd, 000254.517, 154.0
Trd, 000254.900, 153
Trd, 000254.933, 156
Trd, 000255.333, 157
Trd, 000255.450, 154
Trd, 000256.350, 151
Trd, 000256.367, 158
Trd, 000256.717, 156
Trd, 000257.050, 155
Trd, 000257.350, 150
Trd, 000257.900, 155
Trd, 000258.333, 145
Trd, 000258.733, 144
Trd, 000259.183, 147
Trd, 000259.200, 142
Trd, 000259.983, 136
Trd, 000260.833, 133.0
Trd, 000261.167, 135
Trd, 000261.250, 136.0
Trd, 000261.717, 134
Trd, 000262.067, 133.0
Trd, 000262.083, 137.0
Trd, 000262.567, 131.0
Trd, 000263.033, 141.0
Trd, 000263.267, 152
Trd, 000263.317, 155.0
Trd, 000263.533, 135
Trd, 000264.067, 134
Trd, 000264.467, 149
Trd, 000265.633, 147
Trd, 000266.183, 151
Trd, 000266.317, 148
Trd, 000266.417, 146
Trd, 000266.733, 152
Trd, 000266.833, 143
Trd, 000267.850, 148
Trd, 000268.283, 147
Trd, 000268.517, 148
Trd, 000268.733, 150
Trd, 000269.233, 150
Trd, 000269.933, 154.0
Trd, 000270.100, 146
Trd, 000270.133, 155.0
Trd, 000270.150, 139
Trd, 000270.933, 154
Trd, 000271.117, 154
Trd, 000271.350, 145
Trd, 000271.550, 162
Trd, 000272.117, 149
Trd, 000272.300, 148
Trd, 000272.400, 157
Trd, 000272.417, 143
Trd, 000272.750, 131.0
Trd, 000273.833, 159
Trd, 000274.117, 155
Trd, 000274.200, 154
Trd, 000274.483, 154
Trd, 000275.083, 150
Trd, 000275.417, 149
Trd, 000276.133, 147
Trd, 000276.250, 150
Trd, 000276.367, 162
Trd, 000276.750, 164
Trd, 000277.317, 156
Trd, 000277.533, 153
Trd, 000279.200, 158.0
Trd, 000279.600, 165
Trd, 000280.100, 165
Trd, 000280.667, 161
Trd, 000280.683, 159
Trd, 000281.083, 165
Trd, 000281.367, 157.0
Trd, 000282.300, 163
Trd, 000283.283, 150
Trd, 000283.300, 143
Trd, 000283.733, 155
Trd, 000284.083, 156
Trd, 000284.350, 149
Trd, 000284.617, 156
Trd, 000284.917, 147
Trd, 000285.117, 144
Trd, 000285.717, 155
Trd, 000286.533, 149
Trd, 000286.717, 149
Trd, 000286.867, 151
Trd, 000286.933, 155.0
Trd, 000288.183, 149
Trd, 000288.350, 153
Trd, 000288.433, 158
Trd, 000288.567, 148
Trd, 000289.217, 159
Trd, 000289.333, 158
Trd, 000289.767, 144
Trd, 000290.150, 147
Trd, 000290.567, 145
Trd, 000291.383, 145
Trd, 000291.517, 144
Trd, 000291.700, 143
Trd, 000291.983, 139
Trd, 000292.000, 154
Trd, 000292.333, 131.0
Trd, 000292.600, 131
Trd, 000292.800, 129
Trd, 000293.133, 151
Trd, 000293.517, 145
Trd, 000293.533, 152
Trd, 000293.800, 162
Trd, 000294.617, 168
Trd, 000295.367, 169
Trd, 000296.017, 155
Trd, 000296.267, 153
Trd, 000296.833, 176.0
Trd, 000297.333, 158.0
Trd, 000297.683, 156
Trd, 000298.383, 155.0
Trd, 000298.500, 156
Trd, 000298.517, 148
Trd, 000298.717, 163
Trd, 000299.967, 161
