Trd, 000002.850, 125
Trd, 000003.550, 126
Trd, 000004.217, 126
Trd, 000004.633, 148.0
Trd, 000005.267, 148.0
Trd, 000005.783, 132
Trd, 000006.017, 140
Trd, 000006.350, 132
Trd, 000006.467, 137
Trd, 000007.483, 134
Trd, 000007.983, 137
Trd, 000008.367, 136.0
Trd, 000008.550, 144
Trd, 000009.700, 140
Trd, 000010.117, 136.0
Trd, 000010.550, 138
Trd, 000010.817, 137
Trd, 000011.150, 148.0
Trd, 000011.933, 137
Trd, 000012.900, 141
Trd, 000014.033, 136
Trd, 000014.050, 140
Trd, 000014.500, 139
Trd, 000015.017, 141
Trd, 000015.783, 147.0
Trd, 000015.967, 148.0
Trd, 000016.133, 142
Trd, 000016.533, 144
Trd, 000016.600, 160
Trd, 000016.767, 143
Trd, 000017.083, 136
Trd, 000018.083, 137
Trd, 000018.533, 149
Trd, 000019.100, 148
Trd, 000019.700, 146
Trd, 000020.150, 147.0
Trd, 000021.217, 149.0
Trd, 000021.550, 155.0
Trd, 000021.633, 146
Trd, 000022.200, 148.0
Trd, 000023.050, 160
Trd, 000024.683, 151
Trd, 000024.700, 151
Trd, 000025.350, 151
Trd, 000025.933, 156
Trd, 000026.000, 153
Trd, 000026.033, 150
Trd, 000026.117, 134.0
Trd, 000026.967, 155
Trd, 000027.117, 146
Trd, 000027.983, 154
Trd, 000028.067, 151
Trd, 000028.917, 151
Trd, 000029.083, 153
Trd, 000029.633, 150
Trd, 000030.267, 151
Trd, 000030.600, 153
Trd, 000031.517, 152
Trd, 000031.917, 153
Trd, 000032.417, 150
Trd, 000032.633, 153
Trd, 000032.833, 134.0
Trd, 000033.300, 149
Trd, 000033.467, 129
Trd, 000034.250, 155
Trd, 000036.850, 147
Trd, 000037.650, 150
Trd, 000037.733, 150
Trd, 000038.633, 150
Trd, 000038.800, 150.0
Trd, 000039.083, 151.0
Trd, 000040.533, 150
Trd, 000040.650, 150
Trd, 000040.900, 134.0
Trd, 000041.300, 135
Trd, 000042.183, 134.0
Trd, 000043.100, 133
Trd, 000044.017, 129
Trd, 000044.133, 130.0
Trd, 000044.617, 131.0
Trd, 000044.850, 135
Trd, 000045.033, 146
Trd, 000045.167, 147
Trd, 000046.400, 142
Trd, 000046.633, 138
Trd, 000047.867, 142
Trd, 000049.483, 141
Trd, 000049.917, 142
Trd, 000049.983, 141
Trd, 000050.000, 148.0
Trd, 000050.050, 151.0
Trd, 000050.167, 139
Trd, 000050.567, 158
Trd, 000051.350, 143
Trd, 000052.700, 144
Trd, 000053.567, 143
Trd, 000053.850, 134.0
Trd, 000053.917, 144
Trd, 000053.950, 145
Trd, 000054.433, 131.0
Trd, 000054.967, 136
Trd, 000055.517, 148.0
Trd, 000055.633, 154.0
Trd, 000056.217, 155.0
Trd, 000056.683, 141
Trd, 000056.833, 147
Trd, 000057.400, 147
Trd, 000058.717, 147
Trd, 000058.917, 146
Trd, 000058.983, 144
Trd, 000060.050, 147
Trd, 000060.567, 148.0
Trd, 000060.683, 148
Trd, 000061.917, 148
Trd, 000062.150, 148.0
Trd, 000063.317, 148
Trd, 000063.467, 145
Trd, 000063.833, 161
Trd, 000064.850, 144
Trd, 000065.017, 151
Trd, 000065.250, 150
Trd, 000065.317, 151
Trd, 000065.383, 160
Trd, 000065.550, 166
Trd, 000065.917, 168
Trd, 000066.167, 175.0
Trd, 000067.533, 159
Trd, 000068.583, 149
Trd, 000068.617, 158
Trd, 000069.433, 157
Trd, 000069.617, 147
Trd, 000070.167, 156
Trd, 000070.517, 148.0
Trd, 000070.567, 138
Trd, 000070.833, 150
Trd, 000071.683, 147
Trd, 000071.983, 147
Trd, 000072.467, 148
Trd, 000073.200, 147
Trd, 000073.283, 148.0
Trd, 000073.383, 153.0
Trd, 000073.467, 155.0
Trd, 000074.933, 146
Trd, 000075.833, 150
Trd, 000076.333, 150
Trd, 000077.383, 148
Trd, 000078.217, 147
Trd, 000078.483, 147
Trd, 000078.983, 148
Trd, 000079.983, 146
Trd, 000080.217, 145
Trd, 000080.400, 148
Trd, 000080.900, 148.0
Trd, 000081.333, 148
Trd, 000082.333, 149.0
Trd, 000082.917, 149
Trd, 000082.950, 147
Trd, 000083.433, 134.0
Trd, 000083.733, 155.0
Trd, 000084.583, 148.0
Trd, 000084.700, 127
Trd, 000085.583, 145
Trd, 000085.933, 147
Trd, 000086.517, 151.0
Trd, 000087.600, 152
Trd, 000088.233, 151
Trd, 000088.367, 157
Trd, 000088.883, 158
Trd, 000089.200, 162
Trd, 000089.650, 147
Trd, 000089.750, 145
Trd, 000090.200, 134.0
Trd, 000090.483, 141
Trd, 000091.833, 139
Trd, 000091.933, 145
Trd, 000093.167, 131.0
Trd, 000093.700, 148
Trd, 000093.833, 129
Trd, 000094.333, 148.0
Trd, 000094.733, 154.0
Trd, 000095.050, 154.0
Trd, 000095.717, 145
Trd, 000096.467, 145
Trd, 000098.967, 145
Trd, 000099.383, 144
Trd, 000099.400, 145
Trd, 000099.650, 143
Trd, 000099.833, 145
Trd, 000100.283, 145
Trd, 000100.950, 143
Trd, 000101.233, 143.0
Trd, 000101.333, 148.0
Trd, 000101.800, 151.0
Trd, 000102.167, 144
Trd, 000103.167, 142
Trd, 000103.333, 146.0
Trd, 000103.733, 148.0
Trd, 000104.633, 138
Trd, 000104.667, 146
Trd, 000105.467, 144
Trd, 000105.850, 137
Trd, 000106.967, 144
Trd, 000107.667, 139
Trd, 000108.900, 144
Trd, 000109.767, 144
Trd, 000110.183, 142
Trd, 000110.467, 142
Trd, 000110.483, 139
Trd, 000110.783, 138
Trd, 000110.883, 143
Trd, 000111.533, 147.0
Trd, 000111.933, 134.0
Trd, 000112.733, 146
Trd, 000113.083, 147.0
Trd, 000113.683, 148.0
Trd, 000113.867, 134
Trd, 000114.433, 134.0
Trd, 000115.250, 142
Trd, 000115.533, 142
Trd, 000116.467, 136
Trd, 000116.483, 133
Trd, 000116.933, 139
Trd, 000119.483, 148.0
Trd, 000120.117, 141
Trd, 000120.500, 143
Trd, 000120.533, 144
Trd, 000120.883, 147.0
Trd, 000121.717, 145
Trd, 000122.250, 145
Trd, 000124.433, 149
Trd, 000124.533, 148
Trd, 000125.150, 147
Trd, 000125.683, 147
Trd, 000126.000, 147
Trd, 000126.100, 146
Trd, 000126.200, 151.0
Trd, 000126.283, 134.0
Trd, 000127.067, 146
Trd, 000127.450, 134.0
Trd, 000129.067, 131.0
Trd, 000130.233, 137
Trd, 000130.800, 137
Trd, 000131.217, 141
Trd, 000131.450, 148.0
Trd, 000131.733, 150.0
Trd, 000132.433, 145
Trd, 000132.833, 146
Trd, 000133.717, 146
Trd, 000133.950, 139
Trd, 000134.517, 153.0
Trd, 000134.583, 141
Trd, 000134.783, 148.0
Trd, 000136.583, 147
Trd, 000136.900, 143
Trd, 000138.967, 150
Trd, 000139.250, 155.0
Trd, 000139.300, 155
Trd, 000139.683, 151
Trd, 000140.133, 148.0
Trd, 000140.300, 143
Trd, 000140.817, 149
Trd, 000141.933, 144
Trd, 000142.533, 148
Trd, 000143.067, 144
Trd, 000143.117, 151.0
Trd, 000143.933, 145
Trd, 000144.917, 159
Trd, 000144.967, 143
Trd, 000146.650, 146
Trd, 000146.683, 147
Trd, 000146.967, 146
Trd, 000147.183, 146
Trd, 000147.417, 147
Trd, 000147.883, 143
Trd, 000149.433, 147
Trd, 000150.100, 148.0
Trd, 000150.250, 145
Trd, 000151.033, 148.0
Trd, 000151.133, 148
Trd, 000151.867, 148
Trd, 000152.967, 146
Trd, 000153.017, 145
Trd, 000153.333, 134.0
Trd, 000153.833, 145
Trd, 000154.183, 145
Trd, 000154.967, 148
Trd, 000155.967, 148.0
Trd, 000156.250, 142
Trd, 000156.750, 145
Trd, 000157.183, 152.0
Trd, 000158.283, 141
Trd, 000158.383, 140
Trd, 000158.850, 148
Trd, 000159.083, 151.0
Trd, 000160.717, 147
Trd, 000160.933, 148
Trd, 000161.050, 145
Trd, 000161.083, 144
Trd, 000162.483, 144
Trd, 000163.217, 147
Trd, 000164.750, 137
Trd, 000165.200, 146
Trd, 000165.250, 147
Trd, 000165.367, 135.0
Trd, 000165.800, 148.0
Trd, 000166.217, 146
Trd, 000166.267, 140
Trd, 000166.917, 147
Trd, 000167.017, 134.0
Trd, 000167.450, 124
Trd, 000168.550, 148
Trd, 000169.067, 155.0
Trd, 000169.683, 152
Trd, 000170.200, 159
Trd, 000170.400, 148.0
Trd, 000170.717, 151
Trd, 000170.967, 147
Trd, 000171.517, 155
Trd, 000171.533, 150
Trd, 000173.167, 148
Trd, 000174.617, 150
Trd, 000174.650, 150
Trd, 000175.283, 149
Trd, 000175.800, 155.0
Trd, 000176.450, 156
Trd, 000177.400, 150
Trd, 000177.517, 152
Trd, 000177.583, 149
Trd, 000177.667, 153
Trd, 000177.717, 148
Trd, 000178.017, 162
Trd, 000178.550, 172.0
Trd, 000179.600, 158
Trd, 000180.167, 157
Trd, 000180.750, 156
Trd, 000181.350, 155
Trd, 000181.650, 156
Trd, 000182.033, 147
Trd, 000182.050, 154
Trd, 000182.100, 156
Trd, 000182.600, 160
Trd, 000182.717, 157
Trd, 000183.350, 160
Trd, 000183.467, 135.0
Trd, 000185.433, 157
Trd, 000185.467, 155
Trd, 000185.567, 147
Trd, 000187.517, 150
Trd, 000187.683, 152
Trd, 000187.750, 153
Trd, 000188.700, 148
Trd, 000189.017, 149
Trd, 000189.633, 148
Trd, 000189.850, 147
Trd, 000190.383, 151
Trd, 000191.083, 149
Trd, 000191.250, 151
Trd, 000191.633, 148.0
Trd, 000192.583, 149
Trd, 000192.717, 147
Trd, 000194.467, 139.0
Trd, 000194.717, 146
Trd, 000195.067, 146
Trd, 000195.100, 139.0
Trd, 000195.633, 146
Trd, 000195.750, 151.0
Trd, 000197.300, 147.0
Trd, 000197.667, 148.0
Trd, 000197.950, 145
Trd, 000198.467, 148
Trd, 000198.867, 143
Trd, 000199.383, 154.0
Trd, 000199.850, 142
Trd, 000200.550, 135.0
Trd, 000201.250, 140
Trd, 000202.050, 144
Trd, 000202.633, 143
Trd, 000203.133, 143
Trd, 000203.433, 142
Trd, 000203.633, 143
Trd, 000203.833, 139
Trd, 000204.567, 140.0
Trd, 000204.783, 145
Trd, 000204.867, 148.0
Trd, 000205.317, 158
Trd, 000206.050, 161
Trd, 000207.583, 150
Trd, 000207.633, 149
Trd, 000208.433, 150
Trd, 000208.567, 151
Trd, 000209.133, 151
Trd, 000209.650, 150.0
Trd, 000210.233, 145
Trd, 000210.250, 148.0
Trd, 000210.500, 150
Trd, 000211.400, 144
Trd, 000211.650, 143
Trd, 000212.267, 146
Trd, 000212.817, 136
Trd, 000213.083, 145
Trd, 000213.217, 151.0
Trd, 000213.400, 155.0
Trd, 000214.167, 140
Trd, 000214.400, 140
Trd, 000215.917, 146
Trd, 000216.433, 147
Trd, 000217.000, 147.0
Trd, 000217.617, 146
Trd, 000218.150, 147
Trd, 000219.133, 147
Trd, 000219.333, 155.0
Trd, 000219.817, 142
Trd, 000219.883, 161
Trd, 000221.317, 140
Trd, 000221.600, 134.0
Trd, 000221.950, 152
Trd, 000222.483, 153
Trd, 000223.367, 148.0
Trd, 000223.483, 152
Trd, 000224.183, 144
Trd, 000224.300, 143
Trd, 000224.650, 150
Trd, 000224.850, 144
Trd, 000225.850, 147.0
Trd, 000226.350, 148.0
Trd, 000226.500, 149
Trd, 000227.783, 149
Trd, 000228.683, 145
Trd, 000229.300, 146
Trd, 000229.750, 147.0
Trd, 000229.900, 148.0
Trd, 000230.767, 149
Trd, 000230.833, 149
Trd, 000231.333, 149.0
Trd, 000231.750, 150
Trd, 000231.817, 151.0
Trd, 000231.933, 155
Trd, 000232.317, 155
Trd, 000232.950, 150
Trd, 000233.183, 150
Trd, 000233.800, 152
Trd, 000235.533, 147
Trd, 000236.050, 148.0
Trd, 000236.383, 150
Trd, 000236.683, 136
Trd, 000237.317, 146
Trd, 000237.867, 149
Trd, 000238.217, 150
Trd, 000238.333, 151.0
Trd, 000238.633, 161
Trd, 000239.100, 154
Trd, 000239.917, 150
Trd, 000240.683, 147
Trd, 000240.733, 134.0
Trd, 000241.217, 146
Trd, 000241.500, 145
Trd, 000241.583, 145
Trd, 000242.350, 145
Trd, 000242.650, 148.0
Trd, 000242.667, 144.0
Trd, 000243.217, 148
Trd, 000244.550, 149.0
Trd, 000244.633, 150
Trd, 000245.017, 147
Trd, 000245.283, 146
Trd, 000245.333, 147
Trd, 000245.383, 146.0
Trd, 000245.900, 149.0
Trd, 000246.733, 148.0
Trd, 000246.750, 149
Trd, 000248.000, 145.0
Trd, 000248.250, 146.0
Trd, 000248.533, 147
Trd, 000248.550, 144.0
Trd, 000249.100, 148.0
Trd, 000249.917, 148
Trd, 000250.050, 168.0
Trd, 000250.967, 161
Trd, 000251.167, 162
Trd, 000251.283, 160
Trd, 000251.333, 158
Trd, 000251.867, 153
Trd, 000252.350, 154
Trd, 000252.717, 147
Trd, 000252.800, 149
Trd, 000253.483, 147
Trd, 000254.500, 147.0
Trd, 000254.633, 144.0
Trd, 000254.883, 149
Trd, 000254.917, 151
Trd, 000256.083, 150
Trd, 000256.300, 143.0
Trd, 000256.317, 141.0
Trd, 000257.100, 141
Trd, 000257.467, 142
Trd, 000257.667, 143.0
Trd, 000258.600, 142
Trd, 000259.667, 145.0
Trd, 000259.733, 149
Trd, 000260.467, 146
Trd, 000260.517, 151.0
Trd, 000260.767, 148.0
Trd, 000260.867, 144.0
Trd, 000261.733, 143
Trd, 000261.850, 144
Trd, 000262.000, 146
Trd, 000262.133, 143
Trd, 000262.200, 142
Trd, 000263.217, 146
Trd, 000264.083, 142
Trd, 000264.233, 142
Trd, 000265.517, 147.0
Trd, 000265.533, 148.0
Trd, 000265.733, 155.0
Trd, 000266.400, 157
Trd, 000266.817, 153
Trd, 000266.867, 158
Trd, 000266.950, 152
Trd, 000267.933, 166.0
Trd, 000267.983, 165.0
Trd, 000268.533, 162
Trd, 000269.217, 157
Trd, 000269.767, 156
Trd, 000270.233, 157
Trd, 000271.017, 153
Trd, 000271.317, 156
Trd, 000271.550, 153
Trd, 000271.617, 156
Trd, 000271.983, 152
Trd, 000272.500, 147
Trd, 000273.033, 139.0
Trd, 000273.200, 134.0
Trd, 000273.550, 133
Trd, 000273.867, 132
Trd, 000273.917, 139
Trd, 000274.583, 141.0
Trd, 000274.750, 148
Trd, 000274.850, 143
Trd, 000275.233, 143.0
Trd, 000275.533, 137.0
Trd, 000275.833, 149.0
Trd, 000276.183, 154
Trd, 000277.267, 153.0
Trd, 000277.733, 155.0
Trd, 000277.817, 152.0
Trd, 000278.117, 158.0
Trd, 000278.233, 158.0
Trd, 000278.333, 145
Trd, 000278.867, 160
Trd, 000279.733, 155
Trd, 000279.767, 144.0
Trd, 000279.950, 162
Trd, 000281.100, 144.0
Trd, 000281.217, 146.0
Trd, 000281.417, 144
Trd, 000281.733, 148.0
Trd, 000282.833, 148
Trd, 000282.850, 141.0
Trd, 000283.217, 150
Trd, 000283.317, 151.0
Trd, 000283.350, 142
Trd, 000284.767, 147
Trd, 000285.167, 148.0
Trd, 000285.350, 144
Trd, 000285.750, 148
Trd, 000286.433, 148
Trd, 000286.683, 144.0
Trd, 000286.700, 148
Trd, 000287.067, 144
Trd, 000287.217, 155.0
Trd, 000288.250, 158
Trd, 000288.517, 160
Trd, 000289.333, 161
Trd, 000289.350, 160
Trd, 000289.633, 157
Trd, 000290.117, 147
Trd, 000290.300, 134.0
Trd, 000290.633, 159
Trd, 000291.767, 140
Trd, 000291.850, 147.0
Trd, 000292.267, 146.0
Trd, 000292.617, 148
Trd, 000292.733, 141.0
Trd, 000293.733, 145.0
Trd, 000293.833, 144.0
Trd, 000293.917, 148.0
Trd, 000294.167, 141
Trd, 000294.533, 151.0
Trd, 000294.650, 162
Trd, 000294.783, 151
Trd, 000295.650, 151
Trd, 000296.367, 148.0
Trd, 000296.517, 151
Trd, 000296.850, 151
Trd, 000297.183, 147
Trd, 000297.350, 147
Trd, 000297.533, 160
Trd, 000297.833, 147
Trd, 000299.000, 146
Trd, 000299.333, 155
