Trd, 000002.050, 182
Trd, 000002.250, 180.0
Trd, 000002.633, 179.0
Trd, 000003.550, 186.0
Trd, 000004.000, 169.0
Trd, 000004.533, 168.0
Trd, 000005.183, 173
Trd, 000005.267, 144
Trd, 000005.617, 144.0
Trd, 000007.250, 154
Trd, 000007.417, 146
Trd, 000007.800, 155
Trd, 000008.783, 154
Trd, 000009.100, 155
Trd, 000009.167, 156
Trd, 000009.467, 154
Trd, 000010.100, 157
Trd, 000010.733, 157
Trd, 000011.117, 147
Trd, 000011.317, 148
Trd, 000011.900, 160
Trd, 000012.083, 164
Trd, 000012.500, 166
Trd, 000013.683, 166
Trd, 000014.250, 155
Trd, 000014.583, 165
Trd, 000015.583, 156
Trd, 000016.767, 160
Trd, 000016.983, 160
Trd, 000017.050, 161
Trd, 000017.767, 159
Trd, 000018.083, 158
Trd, 000018.717, 158
Trd, 000018.850, 149
Trd, 000020.033, 151.0
Trd, 000020.317, 152
Trd, 000020.650, 154
Trd, 000022.317, 155
Trd, 000022.550, 149
Trd, 000022.683, 148
Trd, 000022.933, 165
Trd, 000023.683, 155
Trd, 000024.617, 147
Trd, 000025.083, 144.0
Trd, 000025.783, 150
Trd, 000025.950, 151
Trd, 000026.333, 154
Trd, 000026.533, 145
Trd, 000026.700, 144
Trd, 000028.283, 146
Trd, 000029.667, 147
Trd, 000029.700, 150
Trd, 000030.283, 147
Trd, 000030.350, 150
Trd, 000030.617, 150
Trd, 000031.067, 149
Trd, 000031.267, 150
Trd, 000031.467, 144.0
Trd, 000032.000, 150
Trd, 000032.117, 151
Trd, 000032.917, 168.0
Trd, 000033.550, 173
Trd, 000034.350, 174
Trd, 000034.750, 174
Trd, 000036.567, 170
Trd, 000036.667, 169
Trd, 000037.333, 158.0
Trd, 000037.583, 163
Trd, 000037.783, 164
Trd, 000038.283, 162
Trd, 000039.250, 157
Trd, 000039.483, 162
Trd, 000039.517, 158
Trd, 000040.217, 147.0
Trd, 000040.583, 145.0
Trd, 000041.433, 159
Trd, 000041.617, 144.0
Trd, 000041.983, 158
Trd, 000042.183, 142
Trd, 000044.367, 136.0
Trd, 000044.533, 139
Trd, 000044.883, 138
Trd, 000045.133, 141.0
Trd, 000045.333, 147
Trd, 000046.433, 141
Trd, 000046.650, 145
Trd, 000046.900, 136
Trd, 000047.217, 166
Trd, 000047.350, 174
Trd, 000047.700, 138
Trd, 000049.117, 142
Trd, 000049.150, 163
Trd, 000049.767, 168.0
Trd, 000049.883, 144.0
Trd, 000050.267, 144
Trd, 000050.683, 166
Trd, 000050.933, 142
Trd, 000051.083, 143
Trd, 000051.617, 143
Trd, 000052.217, 158
Trd, 000054.033, 155
Trd, 000054.167, 148
Trd, 000054.500, 153
Trd, 000054.850, 152
Trd, 000055.200, 148
Trd, 000055.233, 153
Trd, 000055.683, 159
Trd, 000057.250, 151
Trd, 000057.283, 145.0
Trd, 000057.617, 147
Trd, 000057.950, 137.0
Trd, 000059.200, 149
Trd, 000059.850, 141.0
Trd, 000060.583, 140
Trd, 000060.633, 147
Trd, 000062.700, 146
Trd, 000062.717, 148
Trd, 000063.000, 151.0
Trd, 000063.183, 168
Trd, 000063.817, 143
Trd, 000064.567, 144
Trd, 000065.033, 147
Trd, 000065.550, 147
Trd, 000065.567, 160
Trd, 000068.000, 153
Trd, 000068.133, 157
Trd, 000068.150, 154
Trd, 000068.367, 152
Trd, 000069.100, 159
Trd, 000069.117, 159
Trd, 000069.267, 148
Trd, 000070.233, 163
Trd, 000071.167, 161
Trd, 000071.200, 160
Trd, 000071.600, 160
Trd, 000071.733, 159
Trd, 000071.767, 150
Trd, 000072.350, 162
Trd, 000073.517, 163
Trd, 000073.883, 153
Trd, 000074.133, 163
Trd, 000074.500, 151
Trd, 000074.600, 144.0
Trd, 000075.283, 162
Trd, 000075.967, 157
Trd, 000076.767, 155
Trd, 000078.200, 149
Trd, 000078.350, 148
Trd, 000078.467, 150
Trd, 000078.550, 152
Trd, 000079.683, 146
Trd, 000079.800, 145
Trd, 000080.350, 144.0
Trd, 000081.367, 152
Trd, 000082.133, 149
Trd, 000082.200, 152
Trd, 000083.633, 151
Trd, 000084.183, 151
Trd, 000084.450, 152
Trd, 000085.117, 163
Trd, 000085.400, 154
Trd, 000085.733, 162
Trd, 000086.350, 165
Trd, 000086.583, 163
Trd, 000087.283, 164
Trd, 000087.417, 161
Trd, 000087.683, 158.0
Trd, 000088.667, 172
Trd, 000088.783, 150
Trd, 000088.817, 147
Trd, 000089.817, 146.0
Trd, 000090.167, 169
Trd, 000090.183, 170
Trd, 000090.617, 171
Trd, 000090.817, 151
Trd, 000091.733, 156
Trd, 000091.900, 144
Trd, 000091.983, 144.0
Trd, 000093.167, 154
Trd, 000093.483, 155
Trd, 000093.717, 154
Trd, 000094.133, 151
Trd, 000094.567, 161
Trd, 000094.933, 165
Trd, 000095.483, 159
Trd, 000097.750, 161
Trd, 000097.933, 153
Trd, 000099.483, 161
Trd, 000099.883, 156
Trd, 000100.367, 165
Trd, 000100.833, 164
Trd, 000100.917, 153
Trd, 000101.017, 150
Trd, 000102.133, 160
Trd, 000102.650, 144.0
Trd, 000103.183, 139
Trd, 000103.300, 148
Trd, 000103.483, 141.0
Trd, 000103.617, 159
Trd, 000104.000, 160
Trd, 000105.817, 154
Trd, 000106.150, 150
Trd, 000106.200, 148
Trd, 000106.900, 154
Trd, 000107.217, 150
Trd, 000107.300, 158
Trd, 000108.300, 151
Trd, 000108.383, 150
Trd, 000109.217, 151
Trd, 000109.667, 157
Trd, 000109.850, 159
Trd, 000109.983, 163
Trd, 000111.183, 164
Trd, 000111.817, 165
Trd, 000111.950, 150
Trd, 000112.167, 166
Trd, 000112.767, 148
Trd, 000114.617, 146.0
Trd, 000114.950, 168.0
Trd, 000115.233, 145.0
Trd, 000115.783, 135.0
Trd, 000116.000, 155
Trd, 000116.350, 149
Trd, 000116.600, 160
Trd, 000117.083, 160
Trd, 000117.333, 159
Trd, 000117.600, 134.0
Trd, 000117.950, 163
Trd, 000120.283, 157
Trd, 000120.700, 150
Trd, 000121.700, 148
Trd, 000121.850, 150
Trd, 000122.517, 147
Trd, 000122.583, 153
Trd, 000122.617, 164
Trd, 000123.083, 144.0
Trd, 000124.450, 141.0
Trd, 000124.933, 146
Trd, 000126.167, 145
Trd, 000126.200, 151.0
Trd, 000126.533, 153
Trd, 000126.633, 165
Trd, 000126.650, 144
Trd, 000126.850, 171
Trd, 000128.717, 154
Trd, 000129.567, 149
Trd, 000129.650, 152
Trd, 000130.167, 150
Trd, 000130.733, 152
Trd, 000130.817, 149
Trd, 000131.200, 150
Trd, 000131.317, 149
Trd, 000132.350, 148
Trd, 000132.567, 154
Trd, 000133.367, 149.0
Trd, 000133.417, 155
Trd, 000134.717, 166
Trd, 000135.050, 166
Trd, 000135.633, 168.0
Trd, 000136.983, 169
Trd, 000138.467, 170
Trd, 000138.583, 168.0
Trd, 000138.900, 168
Trd, 000139.233, 167
Trd, 000139.450, 158.0
Trd, 000139.517, 169
Trd, 000141.383, 161
Trd, 000142.017, 158.0
Trd, 000142.800, 160
Trd, 000143.700, 156
Trd, 000143.917, 160
Trd, 000145.333, 156
Trd, 000145.417, 157
Trd, 000145.650, 156
Trd, 000145.667, 155
Trd, 000145.767, 158
Trd, 000146.133, 161
Trd, 000146.250, 155
Trd, 000147.367, 150
Trd, 000147.917, 141.0
Trd, 000147.967, 137.0
Trd, 000150.283, 164
Trd, 000150.600, 153
Trd, 000150.783, 150
Trd, 000151.467, 157
Trd, 000151.483, 158
Trd, 000151.983, 151
Trd, 000152.000, 159
Trd, 000152.983, 151
Trd, 000153.000, 162
Trd, 000153.217, 150
Trd, 000154.150, 165
Trd, 000154.300, 146.0
Trd, 000154.883, 165
Trd, 000155.117, 165
Trd, 000155.867, 171
Trd, 000156.200, 148
Trd, 000156.967, 149
Trd, 000157.083, 167
Trd, 000159.250, 165
Trd, 000159.550, 150
Trd, 000160.417, 154
Trd, 000160.600, 152
Trd, 000160.700, 153
Trd, 000161.317, 152
Trd, 000161.450, 151
Trd, 000161.567, 163
Trd, 000161.917, 154
Trd, 000161.967, 150
Trd, 000162.817, 151
Trd, 000163.017, 144.0
Trd, 000163.533, 146
Trd, 000163.783, 145
Trd, 000163.800, 146
Trd, 000164.017, 146
Trd, 000164.617, 150
Trd, 000166.300, 144
Trd, 000167.650, 149
Trd, 000168.017, 135.0
Trd, 000168.917, 162
Trd, 000169.200, 136.0
Trd, 000169.383, 135.0
Trd, 000169.850, 162
Trd, 000169.933, 158
Trd, 000170.883, 156
Trd, 000171.067, 157
Trd, 000172.900, 154
Trd, 000172.983, 153
Trd, 000173.100, 152
Trd, 000173.367, 155
Trd, 000173.467, 156
Trd, 000174.650, 155
Trd, 000175.083, 156
Trd, 000176.233, 152
Trd, 000176.533, 157
Trd, 000176.583, 152
Trd, 000178.750, 144.0
Trd, 000179.267, 137.0
Trd, 000179.450, 142
Trd, 000180.133, 144
Trd, 000180.367, 150
Trd, 000180.917, 149
Trd, 000181.267, 147
Trd, 000181.333, 151.0
Trd, 000181.517, 144
Trd, 000181.617, 144
Trd, 000182.217, 153
Trd, 000182.500, 143
Trd, 000183.017, 155
Trd, 000183.817, 147
Trd, 000184.100, 142
Trd, 000185.817, 151
Trd, 000186.317, 151
Trd, 000186.433, 152
Trd, 000186.767, 154
Trd, 000187.150, 137.0
Trd, 000187.417, 152
Trd, 000188.633, 143
Trd, 000188.767, 144
Trd, 000188.950, 142
Trd, 000189.050, 154
Trd, 000189.800, 145
Trd, 000190.450, 137.0
Trd, 000190.950, 164
Trd, 000191.217, 147
Trd, 000191.450, 155
Trd, 000191.933, 149
Trd, 000192.017, 146
Trd, 000192.200, 144
Trd, 000192.533, 159
Trd, 000193.150, 150
Trd, 000194.383, 163
Trd, 000195.250, 162
Trd, 000195.333, 168.0
Trd, 000195.433, 170
Trd, 000195.467, 171
Trd, 000196.167, 158
Trd, 000196.350, 158
Trd, 000196.517, 151
Trd, 000197.983, 160
Trd, 000198.183, 155
Trd, 000199.183, 158
Trd, 000199.317, 157
Trd, 000199.617, 153
Trd, 000200.850, 153
Trd, 000201.183, 155
Trd, 000201.317, 152
Trd, 000201.417, 156
Trd, 000202.733, 172
Trd, 000203.317, 164
Trd, 000203.400, 163
Trd, 000203.600, 158.0
Trd, 000203.750, 163
Trd, 000204.100, 165
Trd, 000204.833, 165
Trd, 000204.883, 164
Trd, 000205.567, 163
Trd, 000205.667, 171
Trd, 000207.317, 164
Trd, 000208.483, 156
Trd, 000208.500, 154
Trd, 000209.317, 151
Trd, 000209.433, 152
Trd, 000209.867, 155
Trd, 000210.617, 152
Trd, 000210.883, 149
Trd, 000211.083, 144.0
Trd, 000211.167, 137.0
Trd, 000211.417, 167
Trd, 000212.150, 165
Trd, 000212.633, 164
Trd, 000213.067, 148
Trd, 000213.800, 151
Trd, 000215.233, 149
Trd, 000215.400, 151
Trd, 000215.950, 149
Trd, 000216.417, 148
Trd, 000216.483, 147
Trd, 000216.917, 177.0
Trd, 000217.717, 156
Trd, 000219.450, 169.0
Trd, 000219.633, 168.0
Trd, 000219.817, 144.0
Trd, 000220.100, 134.0
Trd, 000221.700, 166
Trd, 000221.850, 167
Trd, 000222.083, 141
Trd, 000222.200, 138
Trd, 000222.433, 164
Trd, 000222.500, 168
Trd, 000223.350, 170
Trd, 000224.400, 170
Trd, 000225.050, 161
Trd, 000225.567, 158.0
Trd, 000225.583, 165
Trd, 000226.267, 149
Trd, 000226.500, 144.0
Trd, 000226.883, 138
Trd, 000227.300, 145
Trd, 000227.533, 160
Trd, 000228.233, 134.0
Trd, 000228.533, 162
Trd, 000229.183, 152
Trd, 000229.533, 141.0
Trd, 000229.917, 145
Trd, 000230.667, 144.0
Trd, 000232.100, 145
Trd, 000232.183, 151.0
Trd, 000232.983, 168.0
Trd, 000233.183, 161
Trd, 000233.617, 165
Trd, 000233.700, 163
Trd, 000233.800, 161
Trd, 000234.033, 160
Trd, 000234.883, 160
Trd, 000234.900, 158.0
Trd, 000235.483, 160
Trd, 000236.600, 163
Trd, 000236.650, 162
Trd, 000237.450, 165
Trd, 000237.533, 166
Trd, 000237.850, 150
Trd, 000238.567, 149
Trd, 000239.983, 151
Trd, 000240.117, 167
Trd, 000240.133, 144.0
Trd, 000240.383, 169
Trd, 000240.883, 146
Trd, 000241.883, 151.0
Trd, 000241.933, 153.0
Trd, 000242.017, 156.0
Trd, 000243.050, 153.0
Trd, 000243.067, 151.0
Trd, 000243.583, 153.0
Trd, 000244.133, 154
Trd, 000244.867, 150
Trd, 000244.933, 147
Trd, 000245.050, 153.0
Trd, 000245.267, 138.0
Trd, 000245.750, 144
Trd, 000245.883, 145
Trd, 000245.967, 147
Trd, 000246.767, 146
Trd, 000246.950, 144.0
Trd, 000247.367, 148
Trd, 000248.650, 157.0
Trd, 000248.700, 158.0
Trd, 000249.033, 156.0
Trd, 000249.183, 155.0
Trd, 000249.300, 156
Trd, 000249.550, 158
Trd, 000249.750, 144.0
Trd, 000250.217, 141.0
Trd, 000250.250, 137.0
Trd, 000251.150, 152.0
Trd, 000251.267, 153
Trd, 000251.500, 155.0
Trd, 000251.667, 158.0
Trd, 000252.167, 164
Trd, 000252.233, 156
Trd, 000253.100, 145
Trd, 000253.433, 147.0
Trd, 000253.967, 148
Trd, 000254.083, 150
Trd, 000254.417, 144.0
Trd, 000254.633, 150
Trd, 000255.217, 144
Trd, 000255.717, 153
Trd, 000256.217, 151
Trd, 000256.583, 149
Trd, 000257.217, 149
Trd, 000257.450, 152
Trd, 000257.917, 151
Trd, 000258.383, 148
Trd, 000258.983, 152
Trd, 000259.267, 154
Trd, 000259.567, 154
Trd, 000259.733, 150
Trd, 000259.800, 150
Trd, 000260.733, 143.0
Trd, 000262.250, 148.0
Trd, 000262.317, 149
Trd, 000262.350, 147.0
Trd, 000262.617, 162.0
Trd, 000262.783, 165
Trd, 000262.867, 144.0
Trd, 000263.333, 149.0
Trd, 000263.650, 167
Trd, 000264.150, 159
Trd, 000264.450, 158.0
Trd, 000265.250, 147.0
Trd, 000265.350, 147
Trd, 000265.650, 146.0
Trd, 000266.400, 147
Trd, 000266.500, 149
Trd, 000267.200, 151
Trd, 000267.683, 146
Trd, 000267.950, 155.0
Trd, 000267.983, 146.0
Trd, 000268.267, 156.0
Trd, 000268.317, 144.0
Trd, 000269.083, 152.0
Trd, 000269.167, 157.0
Trd, 000269.317, 152.0
Trd, 000270.000, 155.0
Trd, 000271.233, 156
Trd, 000271.500, 158
Trd, 000271.683, 155
Trd, 000272.050, 158.0
Trd, 000272.283, 162.0
Trd, 000273.550, 151
Trd, 000274.800, 154
Trd, 000274.900, 155.0
Trd, 000276.317, 153
Trd, 000276.467, 152
Trd, 000276.750, 153
Trd, 000276.833, 149
Trd, 000277.117, 151.0
Trd, 000277.250, 153
Trd, 000277.483, 151.0
Trd, 000277.617, 154
Trd, 000278.133, 142
Trd, 000278.650, 142.0
Trd, 000279.183, 147
Trd, 000279.617, 149
Trd, 000279.867, 149
Trd, 000279.950, 150
Trd, 000280.067, 144.0
Trd, 000280.550, 148
Trd, 000280.600, 142.0
Trd, 000280.617, 141.0
Trd, 000281.400, 158.0
Trd, 000282.267, 161.0
Trd, 000282.283, 150
Trd, 000282.433, 149
Trd, 000283.150, 161.0
Trd, 000283.733, 155
Trd, 000283.867, 157.0
Trd, 000283.933, 154
Trd, 000284.117, 148.0
Trd, 000284.983, 142.0
Trd, 000285.050, 154.0
Trd, 000285.733, 155.0
Trd, 000286.100, 146
Trd, 000286.633, 153
Trd, 000286.650, 144.0
Trd, 000287.083, 141.0
Trd, 000287.117, 154
Trd, 000287.350, 158.0
Trd, 000287.517, 138.0
Trd, 000288.600, 162.0
Trd, 000288.850, 143.0
Trd, 000289.300, 164
Trd, 000289.733, 142.0
Trd, 000289.750, 141.0
Trd, 000290.450, 161
Trd, 000291.133, 155.0
Trd, 000291.717, 157
Trd, 000291.783, 154
Trd, 000293.217, 152
Trd, 000293.433, 150
Trd, 000293.683, 157
Trd, 000294.217, 158.0
Trd, 000294.683, 144.0
Trd, 000295.450, 163
Trd, 000295.583, 165
Trd, 000295.650, 167
Trd, 000296.500, 162.0
Trd, 000296.800, 159
Trd, 000296.833, 158.0
Trd, 000296.850, 155.0
Trd, 000297.617, 150
Trd, 000297.633, 158.0
Trd, 000298.733, 159
Trd, 000298.833, 150
Trd, 000299.033, 144.0
Trd, 000299.233, 141.0
Trd, 000299.533, 158
Trd, 000299.617, 137.0
Trd, 000299.917, 135
