Trd, 000001.567, 162.0
Trd, 000002.417, 150.0
Trd, 000002.617, 148.0
Trd, 000003.533, 150.0
Trd, 000004.317, 150
Trd, 000004.417, 151
Trd, 000004.833, 148
Trd, 000005.767, 151.0
Trd, 000006.283, 157
Trd, 000006.417, 158
Trd, 000006.833, 165.0
Trd, 000007.950, 163
Trd, 000008.367, 149
Trd, 000009.400, 149.0
Trd, 000010.167, 151.0
Trd, 000011.150, 149.0
Trd, 000011.517, 149
Trd, 000011.717, 148.0
Trd, 000011.800, 149
Trd, 000011.917, 146
Trd, 000012.983, 148
Trd, 000013.550, 149
Trd, 000013.883, 149
Trd, 000014.100, 151
Trd, 000015.233, 148
Trd, 000015.517, 149
Trd, 000015.767, 148
Trd, 000015.983, 147
Trd, 000017.033, 151.0
Trd, 000017.167, 163
Trd, 000017.967, 147
Trd, 000018.217, 164.0
Trd, 000018.533, 152
Trd, 000018.633, 162
Trd, 000019.233, 152
Trd, 000021.583, 153
Trd, 000021.783, 158
Trd, 000022.400, 164
Trd, 000023.833, 152
Trd, 000024.400, 153
Trd, 000024.850, 153
Trd, 000024.867, 152
Trd, 000025.567, 151.0
Trd, 000025.733, 150
Trd, 000025.967, 152
Trd, 000026.717, 153
Trd, 000027.050, 154
Trd, 000027.117, 155
Trd, 000028.200, 153
Trd, 000028.850, 152
Trd, 000030.233, 151.0
Trd, 000030.733, 150
Trd, 000031.150, 151
Trd, 000031.650, 151
Trd, 000031.900, 149
Trd, 000032.117, 151
Trd, 000032.600, 151
Trd, 000032.933, 151.0
Trd, 000034.133, 148.0
Trd, 000034.567, 148
Trd, 000034.667, 147
Trd, 000036.183, 149
Trd, 000036.883, 148
Trd, 000037.350, 149
Trd, 000037.467, 148.0
Trd, 000037.667, 147
Trd, 000038.050, 148
Trd, 000038.083, 149
Trd, 000038.283, 149
Trd, 000039.000, 149
Trd, 000040.117, 150
Trd, 000040.833, 150
Trd, 000041.167, 151.0
Trd, 000042.367, 150
Trd, 000043.283, 151.0
Trd, 000043.317, 152
Trd, 000043.683, 151
Trd, 000044.250, 153
Trd, 000044.267, 151
Trd, 000045.733, 162
Trd, 000046.067, 150
Trd, 000047.200, 155
Trd, 000047.450, 161
Trd, 000047.583, 158
Trd, 000047.800, 151
Trd, 000048.350, 157
Trd, 000048.700, 152
Trd, 000050.117, 156
Trd, 000050.250, 152
Trd, 000050.533, 152
Trd, 000051.800, 154
Trd, 000052.383, 156
Trd, 000053.367, 155
Trd, 000053.533, 151
Trd, 000054.717, 152
Trd, 000054.767, 154
Trd, 000055.450, 151
Trd, 000055.567, 154
Trd, 000056.067, 151
Trd, 000056.383, 150
Trd, 000057.000, 149
Trd, 000057.633, 150
Trd, 000057.833, 149.0
Trd, 000058.617, 148.0
Trd, 000059.467, 148
Trd, 000060.017, 151.0
Trd, 000060.667, 157
Trd, 000062.667, 149
Trd, 000062.750, 150
Trd, 000062.967, 154
Trd, 000063.450, 162
Trd, 000063.500, 163
Trd, 000064.050, 162
Trd, 000064.600, 150
Trd, 000065.883, 150
Trd, 000066.083, 151.0
Trd, 000066.433, 150
Trd, 000068.233, 149
Trd, 000069.517, 149
Trd, 000070.183, 150.0
Trd, 000070.550, 151.0
Trd, 000071.033, 153
Trd, 000071.200, 153
Trd, 000071.250, 150
Trd, 000071.550, 153
Trd, 000071.833, 154
Trd, 000072.367, 150
Trd, 000072.600, 150
Trd, 000072.967, 151.0
Trd, 000074.250, 149
Trd, 000074.467, 150
Trd, 000075.283, 150.0
Trd, 000075.400, 149.0
Trd, 000077.300, 150
Trd, 000078.100, 149
Trd, 000078.617, 150
Trd, 000079.533, 148
Trd, 000079.617, 149
Trd, 000080.067, 148.0
Trd, 000080.083, 150
Trd, 000080.517, 151
Trd, 000081.950, 151
Trd, 000082.067, 151
Trd, 000083.383, 149
Trd, 000083.717, 147
Trd, 000084.000, 150
Trd, 000084.417, 150.0
Trd, 000084.817, 151.0
Trd, 000086.067, 149.0
Trd, 000086.783, 150
Trd, 000087.500, 151
Trd, 000088.567, 149
Trd, 000088.717, 148
Trd, 000088.733, 148.0
Trd, 000089.850, 147
Trd, 000090.033, 147
Trd, 000090.483, 145
Trd, 000090.850, 147
Trd, 000091.567, 148
Trd, 000091.600, 148.0
Trd, 000091.617, 145
Trd, 000092.750, 147
Trd, 000092.917, 150
Trd, 000094.850, 147
Trd, 000095.033, 147
Trd, 000095.867, 147.0
Trd, 000095.900, 148.0
Trd, 000096.150, 148
Trd, 000096.800, 149
Trd, 000096.950, 150
Trd, 000097.350, 151.0
Trd, 000099.250, 151.0
Trd, 000099.733, 148.0
Trd, 000101.067, 148
Trd, 000101.517, 149
Trd, 000101.767, 149
Trd, 000102.017, 148
Trd, 000103.533, 148
Trd, 000103.583, 149
Trd, 000104.633, 148
Trd, 000104.767, 147
Trd, 000104.817, 147
Trd, 000105.483, 146
Trd, 000105.583, 148.0
Trd, 000106.150, 148
Trd, 000107.683, 148.0
Trd, 000107.783, 149
Trd, 000108.883, 147
Trd, 000109.217, 149
Trd, 000109.683, 148
Trd, 000110.567, 148
Trd, 000110.800, 149
Trd, 000110.850, 148
Trd, 000110.883, 151.0
Trd, 000111.833, 151
Trd, 000112.683, 161
Trd, 000113.267, 150
Trd, 000114.617, 149
Trd, 000115.633, 148
Trd, 000116.067, 148
Trd, 000116.383, 147
Trd, 000116.450, 149
Trd, 000116.833, 150
Trd, 000117.100, 150.0
Trd, 000118.917, 151
Trd, 000119.017, 162
Trd, 000121.033, 154
Trd, 000121.233, 152
Trd, 000121.433, 156
Trd, 000121.483, 152
Trd, 000121.500, 158
Trd, 000121.567, 151.0
Trd, 000123.833, 150
Trd, 000124.133, 151
Trd, 000124.283, 150
Trd, 000125.133, 160
Trd, 000125.417, 157
Trd, 000126.000, 151.0
Trd, 000127.033, 150
Trd, 000127.667, 149
Trd, 000127.883, 149
Trd, 000128.067, 150
Trd, 000128.350, 152
Trd, 000129.150, 149
Trd, 000129.783, 151.0
Trd, 000129.950, 152
Trd, 000130.150, 149.0
Trd, 000132.767, 149
Trd, 000133.033, 150
Trd, 000134.267, 148
Trd, 000135.017, 149
Trd, 000135.033, 150
Trd, 000135.500, 151
Trd, 000137.017, 149
Trd, 000137.817, 150
Trd, 000138.483, 149.0
Trd, 000138.683, 150
Trd, 000139.817, 148
Trd, 000140.150, 147
Trd, 000140.383, 147
Trd, 000140.800, 148
Trd, 000141.367, 148.0
Trd, 000141.400, 148
Trd, 000142.150, 151.0
Trd, 000143.717, 149
Trd, 000144.267, 149
Trd, 000144.667, 149
Trd, 000144.750, 150
Trd, 000144.917, 149
Trd, 000146.233, 151
Trd, 000147.000, 150.0
Trd, 000147.633, 150.0
Trd, 000147.733, 151
Trd, 000148.450, 150
Trd, 000149.183, 150.0
Trd, 000149.683, 150
Trd, 000149.867, 151
Trd, 000150.950, 150.0
Trd, 000151.900, 150
Trd, 000152.233, 153
Trd, 000152.850, 161
Trd, 000153.383, 149
Trd, 000153.517, 150.0
Trd, 000154.417, 150
Trd, 000154.517, 148
Trd, 000154.567, 151.0
Trd, 000155.500, 152
Trd, 000155.750, 148
Trd, 000157.900, 151
Trd, 000157.967, 153
Trd, 000159.100, 152
Trd, 000159.567, 151.0
Trd, 000160.000, 151
Trd, 000160.367, 151
Trd, 000160.850, 151.0
Trd, 000160.917, 149
Trd, 000162.783, 149
Trd, 000163.500, 148.0
Trd, 000163.733, 148
Trd, 000164.317, 148
Trd, 000164.683, 149
Trd, 000165.350, 149
Trd, 000166.317, 150
Trd, 000166.600, 151.0
Trd, 000167.617, 150
Trd, 000168.400, 151
Trd, 000169.883, 152
Trd, 000170.683, 151
Trd, 000170.733, 152
Trd, 000171.017, 150
Trd, 000171.517, 152
Trd, 000171.567, 149
Trd, 000172.067, 152
Trd, 000172.900, 152
Trd, 000173.417, 151
Trd, 000174.317, 150
Trd, 000174.483, 148.0
Trd, 000175.233, 149.0
Trd, 000175.450, 148
Trd, 000176.433, 147
Trd, 000176.983, 148
Trd, 000177.267, 146
Trd, 000177.967, 150
Trd, 000178.133, 151.0
Trd, 000178.417, 150.0
Trd, 000179.300, 158
Trd, 000180.233, 158
Trd, 000180.617, 159
Trd, 000182.250, 151.0
Trd, 000182.650, 148
Trd, 000183.517, 149.0
Trd, 000183.733, 149
Trd, 000183.933, 150.0
Trd, 000185.117, 150.0
Trd, 000185.350, 149
Trd, 000185.617, 148.0
Trd, 000185.733, 149
Trd, 000186.050, 151.0
Trd, 000187.000, 149
Trd, 000187.383, 148
Trd, 000187.950, 151.0
Trd, 000188.367, 148
Trd, 000188.433, 162
Trd, 000189.450, 154
Trd, 000191.067, 153
Trd, 000192.050, 153
Trd, 000192.117, 151.0
Trd, 000193.183, 150
Trd, 000193.200, 150
Trd, 000193.300, 148
Trd, 000193.350, 152
Trd, 000193.383, 153
Trd, 000193.683, 154
Trd, 000195.333, 156
Trd, 000196.450, 154.0
Trd, 000196.767, 153
Trd, 000197.300, 155
Trd, 000197.883, 152
Trd, 000198.150, 153
Trd, 000198.417, 154
Trd, 000198.533, 155
Trd, 000199.467, 151
Trd, 000199.717, 151
Trd, 000201.133, 161.0
Trd, 000201.200, 156
Trd, 000202.033, 161
Trd, 000202.933, 158
Trd, 000204.083, 158
Trd, 000204.450, 157
Trd, 000205.233, 157
Trd, 000205.733, 156
Trd, 000205.900, 158
Trd, 000206.567, 155
Trd, 000206.800, 156
Trd, 000208.550, 150
Trd, 000208.600, 150
Trd, 000208.950, 149.0
Trd, 000209.017, 151.0
Trd, 000209.317, 141.0
Trd, 000209.783, 151
Trd, 000210.183, 150.0
Trd, 000210.400, 151
Trd, 000210.883, 149
Trd, 000211.750, 148.0
Trd, 000211.817, 148
Trd, 000212.000, 152
Trd, 000212.533, 151
Trd, 000213.700, 148.0
Trd, 000214.400, 146
Trd, 000214.650, 147
Trd, 000215.133, 147
Trd, 000216.283, 148
Trd, 000216.483, 148.0
Trd, 000217.683, 147
Trd, 000218.217, 146
Trd, 000218.600, 148
Trd, 000218.950, 150
Trd, 000219.567, 149
Trd, 000219.900, 150.0
Trd, 000221.450, 148
Trd, 000221.583, 147
Trd, 000223.233, 151.0
Trd, 000223.450, 148
Trd, 000223.950, 151
Trd, 000225.383, 152
Trd, 000225.767, 149.0
Trd, 000226.483, 152
Trd, 000227.000, 151
Trd, 000227.067, 151
Trd, 000227.183, 148
Trd, 000227.517, 153
Trd, 000227.850, 152
Trd, 000228.033, 151.0
Trd, 000229.733, 149
Trd, 000230.650, 149
Trd, 000231.050, 150
Trd, 000231.633, 149.0
Trd, 000231.850, 148.0
Trd, 000232.533, 147
Trd, 000232.883, 147
Trd, 000233.417, 149
Trd, 000234.283, 150
Trd, 000235.233, 148.0
Trd, 000235.733, 147.0
Trd, 000236.767, 148
Trd, 000237.250, 148.0
Trd, 000237.283, 147
Trd, 000237.550, 149
Trd, 000237.900, 148.0
Trd, 000238.450, 150
Trd, 000240.017, 149.0
Trd, 000240.133, 149
Trd, 000240.300, 147
Trd, 000240.333, 147
Trd, 000240.733, 147
Trd, 000241.283, 148
Trd, 000241.567, 149
Trd, 000242.317, 149
Trd, 000242.600, 149
Trd, 000242.683, 148
Trd, 000242.833, 151.0
Trd, 000243.517, 148
Trd, 000243.850, 158.0
Trd, 000244.383, 148
Trd, 000244.750, 150
Trd, 000245.533, 148
Trd, 000245.667, 148.0
Trd, 000246.000, 148
Trd, 000246.217, 148
Trd, 000246.883, 150
Trd, 000247.817, 148.0
Trd, 000247.850, 147
Trd, 000248.283, 147
Trd, 000248.633, 149
Trd, 000249.067, 150
Trd, 000249.133, 150
Trd, 000249.183, 148
Trd, 000250.183, 145.0
Trd, 000250.200, 148.0
Trd, 000251.183, 147
Trd, 000251.317, 150
Trd, 000251.767, 150.0
Trd, 000251.850, 151.0
Trd, 000252.033, 152
Trd, 000252.767, 150
Trd, 000252.800, 151
Trd, 000253.350, 154.0
Trd, 000253.417, 147
Trd, 000254.267, 150.0
Trd, 000254.350, 147
Trd, 000254.650, 153.0
Trd, 000254.767, 156.0
Trd, 000255.300, 153
Trd, 000255.750, 154
Trd, 000256.567, 154
Trd, 000256.983, 155
Trd, 000257.983, 158.0
Trd, 000258.217, 156.0
Trd, 000259.000, 163
Trd, 000259.250, 155.0
Trd, 000259.283, 151.0
Trd, 000259.733, 163.0
Trd, 000260.317, 155
Trd, 000261.700, 157
Trd, 000261.717, 158
Trd, 000262.000, 155
Trd, 000262.300, 154
Trd, 000262.533, 155
Trd, 000262.667, 158
Trd, 000262.850, 158
Trd, 000263.050, 157
Trd, 000263.417, 156
Trd, 000263.800, 157
Trd, 000264.133, 156
Trd, 000264.333, 155
Trd, 000264.900, 151.0
Trd, 000265.650, 162
Trd, 000265.850, 158
Trd, 000266.950, 154
Trd, 000267.067, 154
Trd, 000267.267, 155
Trd, 000267.750, 153
Trd, 000267.833, 151.0
Trd, 000268.000, 156
Trd, 000268.317, 151.0
Trd, 000268.817, 158
Trd, 000269.683, 155.0
Trd, 000269.900, 155.0
Trd, 000270.050, 153.0
Trd, 000271.000, 153.0
Trd, 000271.300, 155.0
Trd, 000271.750, 156.0
Trd, 000272.117, 153.0
Trd, 000272.767, 153
Trd, 000272.917, 157
Trd, 000273.733, 157
Trd, 000275.417, 156
Trd, 000275.550, 154
Trd, 000275.667, 156.0
Trd, 000275.833, 158
Trd, 000276.633, 158.0
Trd, 000277.067, 153
Trd, 000277.450, 158.0
Trd, 000278.050, 161
Trd, 000278.417, 161
Trd, 000278.583, 158.0
Trd, 000279.833, 156
Trd, 000279.850, 161
Trd, 000279.900, 156
Trd, 000279.917, 155
Trd, 000279.983, 155
Trd, 000280.817, 160
Trd, 000280.917, 163
Trd, 000281.150, 158.0
Trd, 000281.533, 154
Trd, 000281.967, 156
Trd, 000282.650, 155
Trd, 000283.633, 156.0
Trd, 000283.717, 158.0
Trd, 000283.950, 159
Trd, 000284.550, 159
Trd, 000284.733, 160
Trd, 000285.050, 158.0
Trd, 000285.267, 161
Trd, 000286.017, 155
Trd, 000286.183, 154
Trd, 000286.817, 161
Trd, 000286.983, 161
Trd, 000287.383, 154
Trd, 000287.833, 153
Trd, 000288.150, 158
Trd, 000288.167, 158
Trd, 000288.367, 153
Trd, 000288.650, 164.0
Trd, 000290.167, 156
Trd, 000290.417, 155
Trd, 000290.783, 164.0
Trd, 000291.700, 154
Trd, 000291.750, 158.0
Trd, 000291.867, 156
Trd, 000292.283, 151.0
Trd, 000293.183, 148.0
Trd, 000293.833, 153
Trd, 000294.567, 152
Trd, 000295.617, 150
Trd, 000295.733, 151.0
Trd, 000295.883, 151
Trd, 000295.900, 152
Trd, 000296.367, 150
Trd, 000296.533, 149
Trd, 000296.600, 148.0
Trd, 000296.667, 150
Trd, 000296.967, 151.0
Trd, 000297.533, 152
Trd, 000298.117, 151
Trd, 000298.217, 152
Trd, 000298.267, 157
Trd, 000298.350, 149
Trd, 000298.550, 158
Trd, 000299.900, 150
