Trd, 000000.900, 113.0
Trd, 000001.550, 167
Trd, 000002.517, 131.0
Trd, 000003.583, 127.0
Trd, 000004.117, 127
Trd, 000004.700, 137.0
Trd, 000005.000, 140.0
Trd, 000005.100, 141.0
Trd, 000006.617, 122
Trd, 000006.667, 144
Trd, 000006.833, 123
Trd, 000007.633, 141
Trd, 000008.167, 137
Trd, 000009.067, 135
Trd, 000009.267, 135
Trd, 000009.317, 140.0
Trd, 000010.200, 134
Trd, 000010.350, 137.0
Trd, 000010.650, 141.0
Trd, 000011.383, 133
Trd, 000012.900, 135
Trd, 000013.850, 137
Trd, 000013.883, 136
Trd, 000015.433, 136.0
Trd, 000016.067, 134.0
Trd, 000016.600, 137.0
Trd, 000016.717, 135
Trd, 000016.983, 137
Trd, 000017.133, 141.0
Trd, 000017.167, 144
Trd, 000017.467, 142
Trd, 000018.483, 143
Trd, 000018.733, 144
Trd, 000020.100, 155.0
Trd, 000020.233, 154
Trd, 000021.083, 155
Trd, 000021.183, 154
Trd, 000021.267, 166.0
Trd, 000022.100, 153
Trd, 000022.483, 162
Trd, 000022.667, 146
Trd, 000022.967, 145
Trd, 000024.800, 153
Trd, 000025.783, 148
Trd, 000026.283, 150
Trd, 000026.450, 150
Trd, 000027.283, 149
Trd, 000027.617, 149
Trd, 000028.367, 149
Trd, 000028.650, 168.0
Trd, 000028.733, 148
Trd, 000029.333, 145
Trd, 000029.650, 144.0
Trd, 000030.017, 141.0
Trd, 000030.600, 152
Trd, 000031.967, 149
Trd, 000032.050, 152
Trd, 000032.583, 153
Trd, 000033.233, 149
Trd, 000033.383, 148
Trd, 000033.883, 147
Trd, 000033.983, 149
Trd, 000034.250, 149
Trd, 000034.817, 144.0
Trd, 000035.617, 145
Trd, 000036.083, 151
Trd, 000036.167, 152
Trd, 000036.600, 145
Trd, 000036.783, 141.0
Trd, 000038.933, 146
Trd, 000038.967, 147
Trd, 000039.417, 147.0
Trd, 000040.517, 147
Trd, 000040.783, 144.0
Trd, 000041.267, 145
Trd, 000041.283, 147
Trd, 000041.617, 147
Trd, 000042.750, 146
Trd, 000044.300, 146
Trd, 000044.500, 145
Trd, 000044.783, 146
Trd, 000045.200, 144
Trd, 000045.417, 144.0
Trd, 000045.883, 143
Trd, 000045.933, 145
Trd, 000046.650, 170.0
Trd, 000046.883, 142
Trd, 000047.517, 152
Trd, 000047.767, 153
Trd, 000047.900, 152
Trd, 000049.500, 150
Trd, 000051.083, 147.0
Trd, 000052.050, 147
Trd, 000052.367, 148.0
Trd, 000053.683, 144.0
Trd, 000054.650, 149
Trd, 000055.083, 145
Trd, 000055.233, 148
Trd, 000055.333, 148
Trd, 000055.733, 146
Trd, 000055.800, 147
Trd, 000056.117, 147
Trd, 000056.317, 149
Trd, 000057.617, 146
Trd, 000058.700, 146
Trd, 000059.450, 147
Trd, 000059.817, 145
Trd, 000060.067, 145
Trd, 000061.217, 147
Trd, 000061.417, 146
Trd, 000062.033, 145
Trd, 000062.333, 145
Trd, 000062.583, 144.0
Trd, 000063.200, 142
Trd, 000063.417, 145
Trd, 000063.550, 146
Trd, 000064.967, 149
Trd, 000065.333, 146
Trd, 000065.400, 148
Trd, 000065.667, 142.0
Trd, 000065.750, 144
Trd, 000066.133, 147
Trd, 000066.183, 148
Trd, 000067.800, 171.0
Trd, 000067.817, 150
Trd, 000068.467, 148
Trd, 000068.867, 147
Trd, 000069.367, 152
Trd, 000070.700, 152
Trd, 000070.917, 151
Trd, 000072.000, 151
Trd, 000072.067, 152
Trd, 000073.850, 152
Trd, 000073.950, 151
Trd, 000074.317, 151
Trd, 000074.600, 149
Trd, 000075.467, 149
Trd, 000075.700, 145
Trd, 000076.533, 147
Trd, 000077.050, 146
Trd, 000077.183, 147
Trd, 000077.400, 146.0
Trd, 000078.200, 147
Trd, 000078.367, 148
Trd, 000079.783, 145
Trd, 000079.967, 144
Trd, 000080.467, 144.0
Trd, 000080.883, 148
Trd, 000081.700, 147
Trd, 000081.917, 144.0
Trd, 000082.783, 147
Trd, 000082.883, 147
Trd, 000084.150, 165.0
Trd, 000084.250, 152
Trd, 000084.417, 168.0
Trd, 000085.400, 155
Trd, 000085.600, 155.0
Trd, 000085.850, 144
Trd, 000086.600, 153
Trd, 000086.867, 143
Trd, 000087.317, 153
Trd, 000087.533, 146
Trd, 000087.933, 153
Trd, 000087.950, 154
Trd, 000089.367, 153
Trd, 000090.033, 146.0
Trd, 000090.083, 144.0
Trd, 000091.083, 144
Trd, 000091.300, 144.0
Trd, 000092.750, 144
Trd, 000094.483, 152
Trd, 000094.783, 145.0
Trd, 000095.083, 151
Trd, 000095.850, 149
Trd, 000096.050, 148
Trd, 000096.100, 147
Trd, 000096.167, 150
Trd, 000096.633, 150
Trd, 000096.767, 152
Trd, 000097.167, 146
Trd, 000098.883, 154
Trd, 000099.183, 156
Trd, 000100.333, 155.0
Trd, 000100.450, 155
Trd, 000100.800, 154
Trd, 000101.700, 144.0
Trd, 000102.850, 147
Trd, 000103.367, 153
Trd, 000103.883, 149
Trd, 000104.683, 147
Trd, 000105.317, 153
Trd, 000105.350, 151
Trd, 000105.983, 149
Trd, 000106.350, 148
Trd, 000106.417, 152
Trd, 000107.167, 147
Trd, 000108.383, 149
Trd, 000109.083, 149
Trd, 000109.233, 146
Trd, 000109.867, 144.0
Trd, 000110.883, 149
Trd, 000110.900, 149
Trd, 000111.000, 147
Trd, 000111.917, 149
Trd, 000112.000, 147
Trd, 000112.550, 149
Trd, 000113.067, 167.0
Trd, 000113.200, 168.0
Trd, 000113.917, 155
Trd, 000114.383, 174.0
Trd, 000114.650, 147
Trd, 000115.583, 149
Trd, 000116.450, 156
Trd, 000116.600, 158
Trd, 000117.567, 155.0
Trd, 000117.967, 144.0
Trd, 000117.983, 141.0
Trd, 000119.350, 152
Trd, 000119.717, 146
Trd, 000119.733, 152
Trd, 000120.283, 146
Trd, 000121.083, 146
Trd, 000123.117, 147
Trd, 000123.467, 148
Trd, 000123.800, 151
Trd, 000124.267, 148
Trd, 000125.583, 148
Trd, 000126.533, 148
Trd, 000126.550, 150
Trd, 000126.883, 147
Trd, 000127.267, 146
Trd, 000127.550, 148
Trd, 000127.950, 148
Trd, 000128.567, 147
Trd, 000128.583, 146
Trd, 000129.000, 146
Trd, 000130.050, 146
Trd, 000130.967, 147
Trd, 000131.100, 147
Trd, 000133.050, 146
Trd, 000133.383, 145
Trd, 000133.750, 147
Trd, 000134.150, 147
Trd, 000134.533, 168.0
Trd, 000135.700, 147
Trd, 000135.917, 145
Trd, 000135.950, 148
Trd, 000136.883, 144.0
Trd, 000137.883, 149
Trd, 000139.100, 144
Trd, 000139.617, 147
Trd, 000140.033, 143
Trd, 000140.167, 145
Trd, 000140.617, 144.0
Trd, 000140.783, 145
Trd, 000141.233, 144
Trd, 000141.550, 144
Trd, 000141.867, 145
Trd, 000142.450, 143
Trd, 000142.533, 168.0
Trd, 000145.517, 144.0
Trd, 000145.533, 142
Trd, 000145.833, 142.0
Trd, 000147.017, 145
Trd, 000147.217, 146
Trd, 000147.383, 147
Trd, 000147.583, 146
Trd, 000147.600, 144
Trd, 000147.650, 141.0
Trd, 000148.100, 140
Trd, 000148.683, 145
Trd, 000148.883, 146
Trd, 000150.150, 144
Trd, 000150.750, 145
Trd, 000150.967, 145
Trd, 000151.183, 144.0
Trd, 000151.750, 146
Trd, 000151.850, 142
Trd, 000152.133, 146
Trd, 000153.850, 157
Trd, 000154.083, 147
Trd, 000154.283, 142.0
Trd, 000155.667, 148
Trd, 000155.900, 147
Trd, 000156.333, 145
Trd, 000156.400, 145.0
Trd, 000156.517, 144.0
Trd, 000157.867, 146
Trd, 000158.117, 146
Trd, 000158.617, 142
Trd, 000158.700, 145
Trd, 000159.033, 141.0
Trd, 000159.867, 141
Trd, 000160.217, 145
Trd, 000161.000, 145
Trd, 000161.667, 145
Trd, 000162.083, 145.0
Trd, 000163.033, 160
Trd, 000163.233, 166.0
Trd, 000164.517, 157
Trd, 000164.833, 156
Trd, 000165.967, 161
Trd, 000166.350, 161
Trd, 000167.083, 168.0
Trd, 000167.100, 162
Trd, 000167.567, 159
Trd, 000168.233, 161
Trd, 000168.667, 160
Trd, 000169.533, 144.0
Trd, 000170.033, 154
Trd, 000170.433, 142.0
Trd, 000170.533, 159
Trd, 000172.233, 154
Trd, 000172.383, 152
Trd, 000172.717, 147
Trd, 000172.800, 155
Trd, 000173.700, 151
Trd, 000175.133, 152
Trd, 000175.217, 150
Trd, 000175.417, 153
Trd, 000175.500, 153
Trd, 000177.067, 150
Trd, 000177.383, 150
Trd, 000177.517, 144.0
Trd, 000177.867, 152
Trd, 000178.000, 164
Trd, 000178.833, 154
Trd, 000179.117, 153
Trd, 000179.200, 137
Trd, 000180.150, 148
Trd, 000180.200, 152
Trd, 000180.417, 147
Trd, 000181.767, 148
Trd, 000181.783, 149
Trd, 000181.950, 147
Trd, 000182.000, 146
Trd, 000182.167, 148
Trd, 000184.683, 145
Trd, 000184.883, 144
Trd, 000184.967, 146
Trd, 000185.300, 145.0
Trd, 000185.917, 145
Trd, 000186.150, 144.0
Trd, 000186.300, 143
Trd, 000186.483, 141.0
Trd, 000186.717, 146
Trd, 000187.183, 147
Trd, 000188.517, 138.0
Trd, 000188.667, 147
Trd, 000189.583, 148
Trd, 000190.150, 172.0
Trd, 000191.283, 146
Trd, 000192.000, 150
Trd, 000192.383, 150
Trd, 000192.567, 151
Trd, 000193.350, 150
Trd, 000194.117, 152
Trd, 000194.750, 150
Trd, 000194.967, 151
Trd, 000195.000, 146
Trd, 000195.350, 144.0
Trd, 000195.650, 151
Trd, 000196.183, 143
Trd, 000196.667, 141.0
Trd, 000196.700, 151
Trd, 000198.167, 141.0
Trd, 000199.717, 146.0
Trd, 000199.733, 144.0
Trd, 000200.783, 145
Trd, 000201.233, 144
Trd, 000201.317, 145
Trd, 000202.150, 146
Trd, 000202.300, 146
Trd, 000203.367, 144
Trd, 000203.667, 143
Trd, 000204.217, 145
Trd, 000204.600, 145
Trd, 000204.883, 146
Trd, 000205.367, 145
Trd, 000205.383, 144.0
Trd, 000205.917, 141.0
Trd, 000206.433, 162
Trd, 000207.317, 165.0
Trd, 000207.467, 152
Trd, 000207.500, 148
Trd, 000208.250, 150
Trd, 000208.533, 144.0
Trd, 000208.883, 165.0
Trd, 000209.583, 172.0
Trd, 000210.250, 160
Trd, 000210.833, 158
Trd, 000211.017, 145
Trd, 000211.450, 145
Trd, 000211.567, 141.0
Trd, 000212.783, 158
Trd, 000214.433, 155
Trd, 000215.483, 154
Trd, 000215.717, 154
Trd, 000216.317, 154
Trd, 000216.467, 147
Trd, 000216.600, 154
Trd, 000217.550, 149
Trd, 000217.850, 154
Trd, 000218.500, 149
Trd, 000219.700, 153
Trd, 000220.133, 146.0
Trd, 000220.567, 149
Trd, 000221.900, 147
Trd, 000222.150, 146
Trd, 000223.567, 149
Trd, 000224.517, 145
Trd, 000224.833, 149
Trd, 000225.050, 146
Trd, 000225.133, 149
Trd, 000227.000, 146
Trd, 000227.283, 145
Trd, 000227.400, 144.0
Trd, 000227.567, 147
Trd, 000227.667, 141.0
Trd, 000227.900, 148
Trd, 000228.517, 146.0
Trd, 000229.100, 144.0
Trd, 000229.150, 142
Trd, 000230.450, 147
Trd, 000232.583, 146
Trd, 000232.783, 147
Trd, 000233.017, 143
Trd, 000233.733, 146
Trd, 000234.083, 147
Trd, 000234.217, 144
Trd, 000234.283, 143
Trd, 000235.983, 144.0
Trd, 000236.183, 144
Trd, 000236.217, 146
Trd, 000236.883, 141.0
Trd, 000236.917, 144
Trd, 000237.833, 144
Trd, 000238.300, 144
Trd, 000238.533, 143
Trd, 000238.617, 144
Trd, 000239.150, 137.0
Trd, 000239.267, 156
Trd, 000239.867, 144
Trd, 000240.117, 141.0
Trd, 000241.150, 158.0
Trd, 000241.533, 149
Trd, 000242.217, 153
Trd, 000242.483, 154
Trd, 000242.517, 155.0
Trd, 000242.967, 154
Trd, 000243.650, 155
Trd, 000243.817, 153
Trd, 000244.283, 159.0
Trd, 000245.167, 144.0
Trd, 000245.300, 141.0
Trd, 000246.150, 149
Trd, 000246.283, 148
Trd, 000246.300, 148
Trd, 000246.850, 151.0
Trd, 000247.683, 151
Trd, 000247.733, 152
Trd, 000248.000, 149
Trd, 000248.200, 148
Trd, 000249.000, 150.0
Trd, 000249.050, 149
Trd, 000249.350, 150
Trd, 000249.433, 147
Trd, 000249.917, 150
Trd, 000249.967, 150
Trd, 000250.000, 146
Trd, 000250.967, 149
Trd, 000251.433, 151.0
Trd, 000251.567, 144.0
Trd, 000253.233, 155
Trd, 000253.333, 155
Trd, 000253.533, 153
Trd, 000253.600, 152
Trd, 000253.767, 157.0
Trd, 000254.367, 154
Trd, 000254.500, 154
Trd, 000254.583, 152
Trd, 000254.917, 154
Trd, 000256.167, 154
Trd, 000256.700, 151
Trd, 000256.933, 152
Trd, 000257.250, 147
Trd, 000257.483, 149
Trd, 000257.617, 154
Trd, 000258.333, 149
Trd, 000258.417, 152
Trd, 000258.517, 148
Trd, 000258.667, 144.0
Trd, 000258.800, 141.0
Trd, 000259.817, 145
Trd, 000260.083, 143
Trd, 000260.417, 148
Trd, 000260.600, 148.0
Trd, 000260.767, 148
Trd, 000261.767, 148.0
Trd, 000261.983, 146
Trd, 000262.400, 149
Trd, 000262.533, 148
Trd, 000263.100, 150
Trd, 000263.333, 150.0
Trd, 000263.617, 149
Trd, 000264.083, 153
Trd, 000264.133, 145
Trd, 000264.300, 160
Trd, 000265.133, 164.0
Trd, 000265.650, 143
Trd, 000266.400, 153
Trd, 000266.467, 144.0
Trd, 000267.250, 148
Trd, 000267.367, 150.0
Trd, 000268.467, 148.0
Trd, 000268.967, 144.0
Trd, 000269.150, 151.0
Trd, 000269.633, 139.0
Trd, 000270.950, 131.0
Trd, 000271.050, 144
Trd, 000271.300, 144
Trd, 000271.450, 140
Trd, 000271.967, 137
Trd, 000272.167, 140
Trd, 000272.583, 136
Trd, 000273.533, 137.0
Trd, 000274.100, 136
Trd, 000274.183, 136.0
Trd, 000274.400, 138
Trd, 000275.167, 139
Trd, 000275.350, 139
Trd, 000275.617, 137.0
Trd, 000275.833, 139
Trd, 000276.083, 144
Trd, 000276.267, 147.0
Trd, 000276.817, 148.0
Trd, 000276.983, 147.0
Trd, 000277.033, 151.0
Trd, 000278.233, 149
Trd, 000278.450, 147
Trd, 000279.500, 146
Trd, 000279.750, 146.0
Trd, 000280.500, 144.0
Trd, 000280.650, 143
Trd, 000280.683, 141.0
Trd, 000281.150, 131
Trd, 000281.283, 137
Trd, 000282.183, 142
Trd, 000282.700, 141
Trd, 000283.100, 142
Trd, 000283.267, 144
Trd, 000283.567, 148.0
Trd, 000283.633, 151.0
Trd, 000283.950, 148.0
Trd, 000285.233, 143
Trd, 000285.300, 142
Trd, 000285.417, 146
Trd, 000285.583, 141
Trd, 000285.833, 141.0
Trd, 000286.500, 146
Trd, 000287.200, 144.0
Trd, 000287.250, 140
Trd, 000287.450, 140
Trd, 000287.833, 139
Trd, 000288.183, 145
Trd, 000288.200, 139
Trd, 000288.783, 146
Trd, 000289.283, 147
Trd, 000289.550, 149
Trd, 000289.900, 139.0
Trd, 000290.367, 139.0
Trd, 000290.533, 134.0
Trd, 000290.933, 142
Trd, 000290.983, 146
Trd, 000291.583, 144
Trd, 000291.633, 144
Trd, 000292.317, 148.0
Trd, 000292.817, 140
Trd, 000292.833, 139
Trd, 000293.400, 127.0
Trd, 000293.467, 143
Trd, 000294.167, 146
Trd, 000294.217, 145
Trd, 000294.583, 144.0
Trd, 000294.617, 151.0
Trd, 000295.033, 146
Trd, 000295.450, 148.0
Trd, 000295.517, 139
Trd, 000296.283, 151.0
Trd, 000296.467, 163.0
Trd, 000296.867, 165.0
Trd, 000297.950, 143
Trd, 000298.200, 143
Trd, 000299.067, 148
Trd, 000299.817, 150
Trd, 000299.900, 149
