Trd, 000001.467, 143.0
Trd, 000001.533, 142.0
Trd, 000002.633, 167
Trd, 000002.983, 141.0
Trd, 000003.500, 153
Trd, 000004.017, 133
Trd, 000004.283, 168.0
Trd, 000005.533, 157.0
Trd, 000005.733, 129
Trd, 000005.783, 158.0
Trd, 000006.833, 142
Trd, 000008.050, 150
Trd, 000009.100, 148
Trd, 000009.250, 143.0
Trd, 000009.867, 146
Trd, 000010.067, 145.0
Trd, 000010.133, 146
Trd, 000010.583, 144
Trd, 000010.700, 149
Trd, 000011.283, 157.0
Trd, 000011.733, 144.0
Trd, 000012.017, 144
Trd, 000013.217, 149
Trd, 000013.500, 149
Trd, 000014.267, 149
Trd, 000015.800, 151
Trd, 000015.867, 158.0
Trd, 000016.233, 162
Trd, 000017.567, 158
Trd, 000018.200, 151
Trd, 000019.200, 153
Trd, 000019.650, 153
Trd, 000019.733, 154
Trd, 000020.017, 154
Trd, 000020.300, 155
Trd, 000020.717, 149
Trd, 000021.733, 150.0
Trd, 000021.900, 148.0
Trd, 000022.000, 154
Trd, 000022.433, 144
Trd, 000023.233, 145
Trd, 000023.417, 158.0
Trd, 000023.500, 141.0
Trd, 000023.567, 140
Trd, 000023.783, 150
Trd, 000025.433, 158
Trd, 000025.450, 159
Trd, 000025.500, 127
Trd, 000027.100, 148
Trd, 000027.333, 158.0
Trd, 000027.900, 172.0
Trd, 000028.117, 172.0
Trd, 000028.917, 159
Trd, 000030.333, 150.0
Trd, 000030.483, 148.0
Trd, 000031.250, 143.0
Trd, 000031.350, 155
Trd, 000031.617, 154
Trd, 000031.767, 141.0
Trd, 000031.983, 156
Trd, 000034.000, 145
Trd, 000035.067, 142
Trd, 000035.483, 148
Trd, 000035.517, 149
Trd, 000036.650, 143
Trd, 000037.050, 148
Trd, 000037.333, 148
Trd, 000037.717, 158.0
Trd, 000037.783, 162
Trd, 000038.200, 161
Trd, 000039.083, 161
Trd, 000040.150, 156
Trd, 000040.450, 148.0
Trd, 000040.683, 159
Trd, 000040.700, 161
Trd, 000041.233, 154
Trd, 000042.150, 152
Trd, 000042.250, 151
Trd, 000042.567, 149
Trd, 000043.867, 148.0
Trd, 000044.217, 148.0
Trd, 000045.183, 148.0
Trd, 000045.400, 149
Trd, 000047.017, 144
Trd, 000047.400, 143
Trd, 000047.967, 146
Trd, 000048.433, 142.0
Trd, 000048.517, 147
Trd, 000048.683, 148
Trd, 000050.083, 148
Trd, 000050.200, 146
Trd, 000050.417, 146
Trd, 000050.550, 142.0
Trd, 000050.850, 145
Trd, 000050.983, 126
Trd, 000051.600, 142
Trd, 000051.733, 141.0
Trd, 000052.233, 142
Trd, 000053.450, 138
Trd, 000053.633, 126
Trd, 000054.650, 142.0
Trd, 000055.933, 142
Trd, 000056.183, 143
Trd, 000057.000, 144.0
Trd, 000058.033, 144
Trd, 000058.350, 147
Trd, 000058.817, 142
Trd, 000059.200, 146
Trd, 000059.250, 141.0
Trd, 000059.400, 147
Trd, 000059.683, 147
Trd, 000060.733, 140
Trd, 000060.750, 138
Trd, 000061.200, 143
Trd, 000061.317, 123
Trd, 000061.450, 148
Trd, 000062.933, 162
Trd, 000062.967, 164
Trd, 000063.300, 144.0
Trd, 000063.617, 152
Trd, 000063.883, 145
Trd, 000064.617, 158.0
Trd, 000064.817, 157
Trd, 000065.867, 157
Trd, 000065.883, 161
Trd, 000067.017, 159
Trd, 000067.533, 155
Trd, 000067.950, 145
Trd, 000068.967, 146
Trd, 000069.350, 150
Trd, 000070.767, 149
Trd, 000071.633, 148
Trd, 000071.800, 149
Trd, 000072.117, 148
Trd, 000072.700, 147
Trd, 000072.867, 143
Trd, 000073.250, 141.0
Trd, 000074.167, 146
Trd, 000074.600, 145
Trd, 000074.883, 147
Trd, 000075.483, 147
Trd, 000075.533, 148
Trd, 000076.400, 158.0
Trd, 000077.117, 151
Trd, 000077.517, 149.0
Trd, 000077.600, 160
Trd, 000078.583, 156
Trd, 000079.250, 148.0
Trd, 000079.917, 156
Trd, 000080.167, 160
Trd, 000081.017, 154
Trd, 000081.400, 153
Trd, 000081.550, 155
Trd, 000081.667, 158
Trd, 000081.733, 150
Trd, 000083.833, 150
Trd, 000084.333, 152
Trd, 000085.267, 152
Trd, 000085.400, 153
Trd, 000085.617, 149
Trd, 000086.050, 149
Trd, 000086.233, 153
Trd, 000087.067, 148.0
Trd, 000087.150, 153
Trd, 000087.883, 152
Trd, 000088.633, 147
Trd, 000089.200, 150
Trd, 000090.650, 150
Trd, 000091.383, 147
Trd, 000091.633, 150
Trd, 000091.867, 148
Trd, 000091.933, 147
Trd, 000092.717, 149
Trd, 000093.400, 149
Trd, 000093.750, 150
Trd, 000093.900, 158.0
Trd, 000094.833, 146
Trd, 000094.950, 161
Trd, 000095.550, 141.0
Trd, 000096.250, 160
Trd, 000096.533, 145
Trd, 000096.683, 162
Trd, 000097.950, 151
Trd, 000098.533, 150
Trd, 000098.817, 148.0
Trd, 000098.833, 141.0
Trd, 000098.850, 139
Trd, 000099.383, 144
Trd, 000099.883, 128
Trd, 000100.800, 147
Trd, 000101.183, 153
Trd, 000101.233, 158.0
Trd, 000102.433, 146
Trd, 000102.483, 143
Trd, 000102.683, 142
Trd, 000103.283, 145
Trd, 000103.667, 146
Trd, 000104.183, 148
Trd, 000104.533, 147
Trd, 000104.983, 160
Trd, 000106.967, 150
Trd, 000108.233, 151
Trd, 000108.317, 152
Trd, 000108.667, 150
Trd, 000108.683, 158.0
Trd, 000108.867, 149
Trd, 000109.083, 148.0
Trd, 000109.150, 175.0
Trd, 000110.267, 152
Trd, 000110.700, 143
Trd, 000111.550, 142.0
Trd, 000111.717, 144.0
Trd, 000111.900, 153
Trd, 000112.383, 141.0
Trd, 000113.750, 141
Trd, 000114.000, 149
Trd, 000114.333, 161
Trd, 000114.400, 159
Trd, 000114.700, 153
Trd, 000114.733, 128
Trd, 000115.383, 157.0
Trd, 000115.450, 138
Trd, 000115.867, 136
Trd, 000116.567, 158.0
Trd, 000117.133, 162
Trd, 000117.900, 159
Trd, 000118.517, 155
Trd, 000119.267, 148.0
Trd, 000119.733, 144
Trd, 000119.933, 143
Trd, 000122.050, 143
Trd, 000122.333, 141.0
Trd, 000122.367, 144
Trd, 000122.650, 123
Trd, 000123.017, 122.0
Trd, 000123.067, 124.0
Trd, 000123.367, 148
Trd, 000123.600, 148
Trd, 000124.583, 147
Trd, 000125.200, 147
Trd, 000125.767, 157.0
Trd, 000125.833, 146
Trd, 000125.933, 153
Trd, 000126.883, 144
Trd, 000127.850, 143
Trd, 000128.767, 147
Trd, 000128.883, 149
Trd, 000129.600, 148
Trd, 000129.750, 148
Trd, 000130.467, 146
Trd, 000131.200, 146
Trd, 000131.800, 142.0
Trd, 000131.850, 143
Trd, 000131.867, 144
Trd, 000132.783, 142
Trd, 000132.883, 141.0
Trd, 000133.617, 146
Trd, 000133.700, 152
Trd, 000134.667, 161
Trd, 000135.350, 145
Trd, 000136.617, 149
Trd, 000136.650, 148
Trd, 000136.850, 149
Trd, 000136.883, 150
Trd, 000137.850, 157.0
Trd, 000139.550, 149
Trd, 000139.950, 147
Trd, 000140.000, 146
Trd, 000140.483, 149
Trd, 000140.900, 143
Trd, 000141.233, 147
Trd, 000141.700, 142.0
Trd, 000142.017, 141.0
Trd, 000143.550, 145
Trd, 000143.883, 146
Trd, 000144.000, 147
Trd, 000144.217, 156
Trd, 000145.417, 146
Trd, 000145.950, 146
Trd, 000147.167, 146
Trd, 000147.350, 148
Trd, 000147.417, 148
Trd, 000147.517, 158.0
Trd, 000147.750, 162
Trd, 000148.000, 147
Trd, 000149.233, 152
Trd, 000149.450, 148
Trd, 000149.833, 156
Trd, 000150.100, 143
Trd, 000150.383, 158.0
Trd, 000151.867, 168.0
Trd, 000152.317, 145
Trd, 000152.583, 141
Trd, 000154.250, 150
Trd, 000155.017, 149
Trd, 000155.317, 147.0
Trd, 000155.667, 147
Trd, 000155.733, 149
Trd, 000157.233, 149
Trd, 000157.350, 144
Trd, 000157.767, 150
Trd, 000157.867, 141.0
Trd, 000158.450, 148
Trd, 000158.683, 149
Trd, 000158.717, 139
Trd, 000159.200, 158.0
Trd, 000159.400, 127
Trd, 000159.683, 172.0
Trd, 000160.467, 158
Trd, 000161.667, 158
Trd, 000162.817, 148
Trd, 000163.417, 151
Trd, 000163.633, 152
Trd, 000164.083, 124.0
Trd, 000164.233, 156
Trd, 000165.800, 139
Trd, 000165.867, 133
Trd, 000166.500, 137
Trd, 000166.617, 136
Trd, 000167.133, 135
Trd, 000167.150, 137
Trd, 000167.983, 138
Trd, 000169.067, 137
Trd, 000169.150, 140
Trd, 000169.533, 158.0
Trd, 000169.550, 162
Trd, 000169.567, 137
Trd, 000169.750, 165.0
Trd, 000169.950, 175.0
Trd, 000170.767, 150
Trd, 000170.833, 155
Trd, 000173.417, 150
Trd, 000173.783, 148
Trd, 000174.717, 148
Trd, 000175.100, 146.0
Trd, 000175.217, 151
Trd, 000175.283, 145.0
Trd, 000176.083, 142
Trd, 000176.367, 157
Trd, 000177.483, 150
Trd, 000178.017, 151
Trd, 000178.383, 157
Trd, 000178.667, 158.0
Trd, 000179.500, 146
Trd, 000179.717, 143
Trd, 000180.700, 152
Trd, 000180.717, 153
Trd, 000180.883, 143
Trd, 000180.950, 141.0
Trd, 000181.767, 142
Trd, 000181.950, 127
Trd, 000182.333, 154
Trd, 000182.600, 158.0
Trd, 000182.667, 154
Trd, 000183.800, 153
Trd, 000184.817, 151
Trd, 000185.467, 150
Trd, 000186.000, 152
Trd, 000186.233, 151
Trd, 000187.050, 150
Trd, 000187.167, 149
Trd, 000187.333, 151
Trd, 000187.400, 157
Trd, 000188.717, 158
Trd, 000189.150, 162
Trd, 000190.017, 153
Trd, 000191.667, 153
Trd, 000191.900, 154
Trd, 000191.967, 143
Trd, 000192.000, 126
Trd, 000192.983, 152
Trd, 000193.017, 144.0
Trd, 000193.583, 150
Trd, 000193.900, 150
Trd, 000194.217, 152
Trd, 000194.550, 145
Trd, 000194.967, 144
Trd, 000195.133, 148
Trd, 000195.917, 147
Trd, 000196.100, 154
Trd, 000196.883, 143
Trd, 000197.050, 150
Trd, 000197.750, 154
Trd, 000198.067, 146
Trd, 000198.367, 158.0
Trd, 000198.583, 144
Trd, 000199.833, 154
Trd, 000200.467, 146.0
Trd, 000201.800, 152
Trd, 000202.783, 148.0
Trd, 000202.867, 148.0
Trd, 000202.933, 151
Trd, 000203.267, 150
Trd, 000203.817, 148
Trd, 000204.900, 148
Trd, 000205.267, 143
Trd, 000205.983, 151
Trd, 000206.883, 137
Trd, 000207.433, 146
Trd, 000208.350, 146
Trd, 000208.567, 148
Trd, 000208.583, 158.0
Trd, 000209.617, 150
Trd, 000209.817, 160
Trd, 000210.400, 148
Trd, 000210.600, 147
Trd, 000210.850, 170.0
Trd, 000210.983, 146
Trd, 000211.367, 120.0
Trd, 000211.617, 164
Trd, 000211.800, 171.0
Trd, 000213.283, 143.0
Trd, 000213.867, 146
Trd, 000214.083, 147
Trd, 000214.267, 141.0
Trd, 000215.683, 145
Trd, 000216.283, 147
Trd, 000216.350, 147
Trd, 000216.567, 148
Trd, 000219.083, 149
Trd, 000219.117, 153.0
Trd, 000219.350, 154.0
Trd, 000219.533, 143
Trd, 000220.417, 149
Trd, 000220.617, 150
Trd, 000220.767, 153
Trd, 000220.967, 158
Trd, 000221.133, 146.0
Trd, 000221.250, 163
Trd, 000222.400, 146.0
Trd, 000222.850, 150
Trd, 000223.250, 151
Trd, 000223.400, 143
Trd, 000223.900, 151
Trd, 000225.033, 158
Trd, 000225.667, 153
Trd, 000226.300, 153
Trd, 000226.783, 162
Trd, 000227.117, 152
Trd, 000227.183, 161
Trd, 000228.183, 151
Trd, 000228.733, 158.0
Trd, 000229.517, 156
Trd, 000230.183, 148.0
Trd, 000231.033, 146
Trd, 000231.067, 155
Trd, 000231.483, 153
Trd, 000231.783, 152
Trd, 000232.117, 145
Trd, 000232.217, 142
Trd, 000233.083, 148
Trd, 000233.717, 142.0
Trd, 000234.117, 148
Trd, 000234.483, 144.0
Trd, 000235.117, 145
Trd, 000235.383, 152
Trd, 000236.567, 146
Trd, 000236.600, 147
Trd, 000237.533, 143
Trd, 000237.883, 145
Trd, 000238.917, 146
Trd, 000240.083, 146
Trd, 000240.783, 145
Trd, 000240.933, 146
Trd, 000241.117, 146
Trd, 000241.583, 145.0
Trd, 000241.850, 145.0
Trd, 000242.250, 142
Trd, 000242.533, 142
Trd, 000243.250, 142.0
Trd, 000243.350, 141.0
Trd, 000243.517, 141
Trd, 000243.767, 134
Trd, 000243.950, 141
Trd, 000244.517, 142
Trd, 000244.967, 148
Trd, 000245.517, 156.0
Trd, 000246.300, 151
Trd, 000246.350, 148
Trd, 000246.717, 142
Trd, 000247.567, 149.0
Trd, 000247.850, 151
Trd, 000247.917, 148.0
Trd, 000249.083, 147
Trd, 000249.117, 148.0
Trd, 000249.650, 147
Trd, 000250.033, 147.0
Trd, 000250.283, 146
Trd, 000250.533, 146
Trd, 000250.683, 149.0
Trd, 000251.233, 147
Trd, 000251.683, 148
Trd, 000252.533, 144
Trd, 000253.317, 153
Trd, 000254.000, 145
Trd, 000254.067, 148.0
Trd, 000254.450, 143
Trd, 000254.617, 141.0
Trd, 000254.750, 146.0
Trd, 000256.350, 140
Trd, 000256.667, 140
Trd, 000256.767, 141
Trd, 000256.883, 143
Trd, 000257.200, 144
Trd, 000257.300, 145
Trd, 000257.750, 150
Trd, 000258.050, 153.0
Trd, 000258.350, 150.0
Trd, 000259.200, 151.0
Trd, 000259.300, 146
Trd, 000259.333, 154.0
Trd, 000260.117, 153
Trd, 000260.417, 152
Trd, 000260.533, 143
Trd, 000260.850, 158.0
Trd, 000261.000, 141.0
Trd, 000261.117, 154
Trd, 000262.017, 170.0
Trd, 000262.933, 152
Trd, 000263.317, 163
Trd, 000264.133, 157
Trd, 000264.417, 165.0
Trd, 000264.683, 163.0
Trd, 000264.717, 157
Trd, 000264.900, 155
Trd, 000264.967, 166.0
Trd, 000265.050, 151
Trd, 000265.950, 158.0
Trd, 000266.417, 164
Trd, 000266.533, 161.0
Trd, 000266.850, 158.0
Trd, 000266.883, 155.0
Trd, 000266.983, 151.0
Trd, 000267.317, 165
Trd, 000268.233, 155
Trd, 000268.750, 158.0
Trd, 000268.783, 162
Trd, 000269.067, 162.0
Trd, 000269.583, 153.0
Trd, 000269.683, 151.0
Trd, 000270.417, 150
Trd, 000270.567, 148.0
Trd, 000270.700, 142.0
Trd, 000271.167, 157.0
Trd, 000271.817, 157.0
Trd, 000271.900, 158.0
Trd, 000272.250, 151.0
Trd, 000272.267, 151
Trd, 000272.433, 165.0
Trd, 000272.917, 174.0
Trd, 000273.833, 174.0
Trd, 000274.017, 172.0
Trd, 000274.400, 168.0
Trd, 000274.583, 167
Trd, 000275.617, 166
Trd, 000275.800, 161
Trd, 000276.700, 158.0
Trd, 000276.933, 155.0
Trd, 000277.350, 160
Trd, 000277.767, 159
Trd, 000278.650, 154
Trd, 000278.750, 153
Trd, 000279.033, 153
Trd, 000279.150, 151.0
Trd, 000279.767, 151
Trd, 000279.850, 153
Trd, 000280.050, 154
Trd, 000280.433, 151
Trd, 000280.467, 154
Trd, 000280.917, 148.0
Trd, 000282.183, 153
Trd, 000282.883, 150.0
Trd, 000283.283, 151.0
Trd, 000283.617, 143
Trd, 000283.917, 141.0
Trd, 000284.717, 143
Trd, 000284.900, 152.0
Trd, 000285.183, 158.0
Trd, 000285.717, 162
Trd, 000286.067, 163
Trd, 000287.433, 151
Trd, 000287.533, 148
Trd, 000287.817, 148
Trd, 000287.833, 151
Trd, 000287.850, 152
Trd, 000288.150, 142
Trd, 000288.500, 141.0
Trd, 000288.533, 126
Trd, 000289.117, 149
Trd, 000289.367, 151
Trd, 000289.583, 153
Trd, 000289.600, 158.0
Trd, 000289.883, 158.0
Trd, 000290.333, 172.0
Trd, 000290.717, 177.0
Trd, 000291.250, 168
Trd, 000291.283, 175.0
Trd, 000292.150, 176.0
Trd, 000292.550, 171
Trd, 000292.567, 165.0
Trd, 000292.883, 151.0
Trd, 000293.250, 174
Trd, 000293.450, 178.0
Trd, 000293.983, 155.0
Trd, 000294.150, 144
Trd, 000294.500, 155.0
Trd, 000294.717, 162
Trd, 000294.733, 145
Trd, 000294.967, 179.0
Trd, 000295.417, 131
Trd, 000295.967, 172.0
Trd, 000296.250, 158.0
Trd, 000297.933, 157.0
Trd, 000297.950, 152.0
Trd, 000298.600, 159
Trd, 000298.783, 162
Trd, 000299.167, 158.0
Trd, 000299.200, 154
