Trd, 000002.550, 107.0
Trd, 000003.417, 110.0
Trd, 000003.950, 133.0
Trd, 000004.350, 119
Trd, 000004.917, 134.0
Trd, 000005.033, 137.0
Trd, 000005.400, 143
Trd, 000006.667, 133
Trd, 000007.433, 134
Trd, 000008.317, 137.0
Trd, 000008.867, 134.0
Trd, 000009.333, 156
Trd, 000010.017, 161.0
Trd, 000010.350, 162.0
Trd, 000010.450, 168.0
Trd, 000010.500, 147
Trd, 000011.200, 146
Trd, 000012.667, 148
Trd, 000013.467, 150
Trd, 000013.500, 149
Trd, 000014.150, 152
Trd, 000015.017, 153.0
Trd, 000015.250, 156
Trd, 000015.467, 151
Trd, 000015.550, 150
Trd, 000015.750, 162.0
Trd, 000016.083, 160
Trd, 000016.717, 146.0
Trd, 000017.133, 144.0
Trd, 000018.067, 161
Trd, 000018.183, 146
Trd, 000020.383, 148
Trd, 000020.483, 147
Trd, 000020.683, 147
Trd, 000021.133, 145.0
Trd, 000022.133, 147
Trd, 000022.600, 144.0
Trd, 000022.733, 146
Trd, 000022.833, 148
Trd, 000023.700, 154
Trd, 000023.800, 155
Trd, 000023.850, 142
Trd, 000024.250, 130
Trd, 000025.183, 142
Trd, 000026.150, 147
Trd, 000026.283, 159.0
Trd, 000026.633, 148
Trd, 000028.283, 152
Trd, 000028.433, 151
Trd, 000028.783, 152
Trd, 000028.917, 150
Trd, 000029.583, 146
Trd, 000029.733, 145.0
Trd, 000029.883, 144.0
Trd, 000031.383, 145
Trd, 000031.433, 143
Trd, 000031.667, 137
Trd, 000032.767, 140
Trd, 000033.000, 138
Trd, 000033.283, 140
Trd, 000034.117, 141.0
Trd, 000034.267, 141
Trd, 000034.583, 144.0
Trd, 000035.817, 162.0
Trd, 000036.333, 157
Trd, 000037.333, 151
Trd, 000038.333, 145.0
Trd, 000038.833, 156
Trd, 000039.517, 153
Trd, 000040.150, 147
Trd, 000040.600, 148
Trd, 000040.883, 151
Trd, 000041.700, 146
Trd, 000043.000, 144
Trd, 000043.050, 145
Trd, 000043.350, 145
Trd, 000043.567, 146
Trd, 000043.950, 144.0
Trd, 000044.683, 158
Trd, 000045.133, 162.0
Trd, 000046.783, 156
Trd, 000046.833, 160
Trd, 000047.033, 151
Trd, 000047.567, 152
Trd, 000048.683, 157
Trd, 000049.833, 155
Trd, 000050.200, 155
Trd, 000050.317, 154
Trd, 000050.500, 151
Trd, 000050.583, 156
Trd, 000051.033, 150
Trd, 000051.683, 146
Trd, 000052.533, 143
Trd, 000052.583, 145
Trd, 000052.867, 146
Trd, 000053.417, 144.0
Trd, 000053.633, 147
Trd, 000054.217, 154
Trd, 000054.767, 155
Trd, 000055.283, 155
Trd, 000055.367, 152
Trd, 000056.850, 165
Trd, 000058.183, 157
Trd, 000058.733, 157
Trd, 000058.850, 159
Trd, 000060.000, 157
Trd, 000060.583, 156
Trd, 000060.817, 150
Trd, 000060.850, 144.0
Trd, 000061.283, 157
Trd, 000063.233, 148
Trd, 000063.250, 147
Trd, 000063.617, 148
Trd, 000063.967, 148
Trd, 000064.233, 150
Trd, 000064.550, 147
Trd, 000064.883, 156
Trd, 000065.283, 162.0
Trd, 000065.700, 145
Trd, 000066.133, 165
Trd, 000067.200, 150
Trd, 000067.533, 163
Trd, 000068.567, 151
Trd, 000069.250, 149
Trd, 000069.433, 150
Trd, 000069.450, 154
Trd, 000069.467, 149
Trd, 000070.100, 137
Trd, 000070.783, 151
Trd, 000070.867, 133
Trd, 000071.233, 131
Trd, 000072.250, 148
Trd, 000073.733, 150
Trd, 000073.833, 148
Trd, 000074.117, 152
Trd, 000074.250, 148
Trd, 000074.300, 147
Trd, 000074.383, 153
Trd, 000074.750, 154
Trd, 000076.567, 149
Trd, 000077.867, 154
Trd, 000078.050, 149
Trd, 000078.533, 155
Trd, 000079.450, 148
Trd, 000079.983, 148
Trd, 000080.283, 161.0
Trd, 000080.750, 161.0
Trd, 000080.817, 162.0
Trd, 000081.317, 162
Trd, 000082.650, 148
Trd, 000082.983, 159
Trd, 000084.167, 152
Trd, 000084.617, 151
Trd, 000084.700, 150
Trd, 000084.950, 150
Trd, 000085.100, 152
Trd, 000086.967, 147
Trd, 000087.567, 144.0
Trd, 000087.767, 148
Trd, 000088.533, 146
Trd, 000088.583, 150
Trd, 000089.433, 148
Trd, 000090.783, 148
Trd, 000090.867, 149
Trd, 000091.217, 147
Trd, 000091.383, 147
Trd, 000091.417, 148
Trd, 000091.733, 148
Trd, 000092.050, 146
Trd, 000092.567, 144.0
Trd, 000092.633, 155
Trd, 000092.700, 141
Trd, 000093.150, 162.0
Trd, 000094.383, 147
Trd, 000094.733, 150
Trd, 000095.217, 148
Trd, 000095.367, 155
Trd, 000095.750, 163
Trd, 000095.783, 147
Trd, 000096.333, 148
Trd, 000096.417, 146
Trd, 000096.567, 156
Trd, 000097.800, 150
Trd, 000098.067, 154
Trd, 000098.367, 156
Trd, 000099.167, 160.0
Trd, 000099.200, 159
Trd, 000099.250, 150
Trd, 000100.700, 146.0
Trd, 000101.167, 146
Trd, 000102.050, 159.0
Trd, 000102.167, 145
Trd, 000102.267, 144.0
Trd, 000102.450, 165
Trd, 000102.867, 171
Trd, 000103.100, 164
Trd, 000104.050, 169.0
Trd, 000104.083, 159.0
Trd, 000104.550, 158.0
Trd, 000105.400, 157
Trd, 000106.467, 156
Trd, 000107.150, 155
Trd, 000107.667, 148
Trd, 000107.750, 146
Trd, 000108.617, 154
Trd, 000109.000, 153
Trd, 000109.217, 152
Trd, 000109.917, 152
Trd, 000110.283, 144.0
Trd, 000112.883, 149
Trd, 000113.250, 150
Trd, 000113.800, 151
Trd, 000114.250, 145
Trd, 000114.717, 147
Trd, 000115.017, 151
Trd, 000115.233, 154
Trd, 000115.667, 147
Trd, 000116.133, 146
Trd, 000118.300, 150
Trd, 000118.333, 152
Trd, 000118.417, 147
Trd, 000119.000, 149
Trd, 000119.200, 149
Trd, 000119.833, 150
Trd, 000119.883, 155
Trd, 000120.633, 152
Trd, 000120.783, 153
Trd, 000121.600, 155
Trd, 000122.483, 152
Trd, 000122.867, 152
Trd, 000123.583, 153
Trd, 000124.400, 154
Trd, 000124.567, 153
Trd, 000124.583, 154
Trd, 000124.700, 156
Trd, 000124.917, 156
Trd, 000125.117, 144.0
Trd, 000125.450, 162.0
Trd, 000125.833, 148
Trd, 000127.033, 147
Trd, 000127.850, 147
Trd, 000127.917, 156
Trd, 000128.317, 145.0
Trd, 000128.600, 155
Trd, 000128.950, 145.0
Trd, 000129.250, 144.0
Trd, 000129.433, 154
Trd, 000131.333, 152
Trd, 000131.483, 148
Trd, 000132.800, 149
Trd, 000133.283, 149
Trd, 000134.017, 148
Trd, 000134.050, 144.0
Trd, 000134.067, 148
Trd, 000134.367, 149
Trd, 000134.783, 141
Trd, 000135.450, 155
Trd, 000136.133, 153
Trd, 000137.400, 152
Trd, 000137.650, 151
Trd, 000137.883, 151
Trd, 000138.017, 152
Trd, 000138.417, 150
Trd, 000139.083, 156
Trd, 000139.500, 149
Trd, 000141.283, 159
Trd, 000141.483, 150
Trd, 000141.700, 151
Trd, 000142.283, 150
Trd, 000142.900, 150
Trd, 000143.133, 152
Trd, 000143.233, 155
Trd, 000143.500, 158
Trd, 000143.700, 149
Trd, 000144.167, 154
Trd, 000144.617, 153
Trd, 000145.217, 147
Trd, 000146.083, 147
Trd, 000146.683, 144.0
Trd, 000147.517, 140
Trd, 000147.600, 146
Trd, 000147.867, 147
Trd, 000149.117, 143
Trd, 000149.517, 136
Trd, 000149.700, 145
Trd, 000149.767, 150
Trd, 000149.850, 151
Trd, 000150.150, 147
Trd, 000151.433, 150
Trd, 000152.433, 151
Trd, 000152.933, 155
Trd, 000153.417, 151
Trd, 000154.150, 150
Trd, 000154.600, 155
Trd, 000154.933, 147
Trd, 000155.533, 133
Trd, 000156.650, 132
Trd, 000157.333, 146
Trd, 000157.383, 140
Trd, 000157.617, 147
Trd, 000157.683, 139
Trd, 000158.183, 138
Trd, 000158.217, 144
Trd, 000159.233, 142
Trd, 000159.267, 143
Trd, 000159.767, 143
Trd, 000160.900, 137
Trd, 000160.917, 144.0
Trd, 000160.933, 136
Trd, 000162.083, 142
Trd, 000162.767, 142
Trd, 000162.817, 144
Trd, 000162.867, 141
Trd, 000163.617, 153
Trd, 000164.367, 155
Trd, 000164.800, 162.0
Trd, 000165.317, 144.0
Trd, 000165.483, 144
Trd, 000166.333, 164
Trd, 000166.967, 150
Trd, 000167.250, 161
Trd, 000167.317, 162
Trd, 000168.817, 158
Trd, 000169.317, 153
Trd, 000169.333, 152
Trd, 000169.450, 151
Trd, 000170.417, 152
Trd, 000170.767, 154
Trd, 000171.483, 150
Trd, 000172.600, 152
Trd, 000172.967, 151
Trd, 000173.867, 149
Trd, 000174.667, 145
Trd, 000174.950, 150
Trd, 000175.917, 147
Trd, 000176.300, 146
Trd, 000176.500, 145
Trd, 000176.783, 155
Trd, 000177.033, 144.0
Trd, 000178.317, 162.0
Trd, 000179.017, 161
Trd, 000179.633, 159
Trd, 000180.233, 159
Trd, 000180.317, 151
Trd, 000180.417, 150
Trd, 000180.550, 161
Trd, 000180.700, 140
Trd, 000181.300, 161
Trd, 000181.933, 163
Trd, 000182.700, 157
Trd, 000183.733, 156
Trd, 000184.100, 144.0
Trd, 000184.300, 143
Trd, 000184.700, 155
Trd, 000186.333, 145
Trd, 000186.383, 154
Trd, 000187.650, 150
Trd, 000188.617, 150
Trd, 000189.683, 151
Trd, 000189.767, 153
Trd, 000190.100, 152
Trd, 000190.733, 153
Trd, 000191.167, 148
Trd, 000191.467, 152
Trd, 000192.050, 149
Trd, 000192.117, 146.0
Trd, 000192.767, 151
Trd, 000192.967, 152
Trd, 000193.683, 145
Trd, 000194.000, 145
Trd, 000194.883, 150
Trd, 000195.117, 155
Trd, 000195.283, 154
Trd, 000196.583, 146.0
Trd, 000197.100, 161.0
Trd, 000198.117, 138
Trd, 000198.217, 140
Trd, 000198.733, 139
Trd, 000198.850, 141.0
Trd, 000199.217, 138
Trd, 000199.667, 144.0
Trd, 000200.517, 141
Trd, 000201.250, 139
Trd, 000201.483, 158
Trd, 000201.767, 138
Trd, 000202.700, 138
Trd, 000203.133, 138
Trd, 000203.783, 147
Trd, 000204.433, 143
Trd, 000204.717, 141
Trd, 000205.383, 148
Trd, 000207.217, 148
Trd, 000207.467, 149
Trd, 000208.200, 149
Trd, 000208.883, 155
Trd, 000209.133, 164
Trd, 000209.533, 159
Trd, 000209.583, 144.0
Trd, 000210.150, 164
Trd, 000210.467, 150
Trd, 000210.833, 154
Trd, 000212.350, 158
Trd, 000212.600, 157
Trd, 000213.200, 156
Trd, 000213.667, 154
Trd, 000213.750, 153
Trd, 000214.733, 142
Trd, 000214.917, 147
Trd, 000215.133, 160
Trd, 000215.267, 175.0
Trd, 000215.917, 165
Trd, 000216.883, 163
Trd, 000217.650, 163
Trd, 000217.833, 153
Trd, 000218.150, 152
Trd, 000219.767, 155
Trd, 000220.083, 152
Trd, 000220.500, 151
Trd, 000221.033, 150
Trd, 000221.200, 144.0
Trd, 000221.267, 152
Trd, 000222.617, 153
Trd, 000223.033, 156
Trd, 000224.200, 152
Trd, 000224.617, 152
Trd, 000224.783, 150
Trd, 000224.967, 161.0
Trd, 000225.800, 149
Trd, 000226.917, 157
Trd, 000228.133, 151
Trd, 000228.867, 156
Trd, 000229.133, 155
Trd, 000229.883, 156
Trd, 000230.267, 156
Trd, 000230.400, 157
Trd, 000231.050, 164
Trd, 000231.183, 153
Trd, 000231.950, 153
Trd, 000232.350, 146
Trd, 000232.600, 157
Trd, 000232.717, 157
Trd, 000233.583, 148
Trd, 000233.650, 144.0
Trd, 000234.767, 135
Trd, 000236.667, 144.0
Trd, 000236.683, 144
Trd, 000237.300, 142
Trd, 000237.433, 141
Trd, 000237.483, 141
Trd, 000238.267, 142
Trd, 000238.550, 144
Trd, 000239.183, 144
Trd, 000239.750, 158
Trd, 000239.883, 144
Trd, 000240.600, 150
Trd, 000240.650, 144.0
Trd, 000240.967, 158.0
Trd, 000241.917, 149
Trd, 000242.117, 149
Trd, 000242.383, 146
Trd, 000242.550, 147
Trd, 000242.900, 145
Trd, 000243.717, 144
Trd, 000243.733, 155
Trd, 000244.667, 152.0
Trd, 000245.550, 151.0
Trd, 000245.750, 150
Trd, 000246.217, 145.0
Trd, 000246.283, 144.0
Trd, 000246.333, 151.0
Trd, 000246.383, 152
Trd, 000247.100, 158.0
Trd, 000247.167, 155
Trd, 000248.300, 153
Trd, 000248.500, 151
Trd, 000249.217, 151.0
Trd, 000249.383, 150
Trd, 000249.650, 145
Trd, 000250.467, 145.0
Trd, 000250.767, 147.0
Trd, 000250.867, 146
Trd, 000250.883, 145.0
Trd, 000251.033, 148
Trd, 000251.367, 147.0
Trd, 000251.500, 144.0
Trd, 000251.750, 143
Trd, 000252.033, 141.0
Trd, 000252.283, 142.0
Trd, 000253.300, 139
Trd, 000253.700, 139
Trd, 000253.767, 144
Trd, 000254.333, 141.0
Trd, 000254.583, 143.0
Trd, 000255.017, 142.0
Trd, 000255.100, 141
Trd, 000255.400, 144.0
Trd, 000256.117, 152
Trd, 000256.233, 155
Trd, 000256.983, 147
Trd, 000257.117, 145
Trd, 000257.483, 145
Trd, 000258.017, 144.0
Trd, 000258.400, 145
Trd, 000258.717, 147.0
Trd, 000258.817, 148.0
Trd, 000259.917, 145
Trd, 000259.983, 144
Trd, 000260.317, 146
Trd, 000260.450, 144
Trd, 000260.767, 146
Trd, 000260.833, 147
Trd, 000261.267, 155
Trd, 000262.417, 154.0
Trd, 000262.733, 156.0
Trd, 000262.783, 157.0
Trd, 000262.817, 158.0
Trd, 000263.050, 155.0
Trd, 000263.683, 150
Trd, 000264.333, 146.0
Trd, 000265.017, 151
Trd, 000265.400, 144.0
Trd, 000265.750, 142.0
Trd, 000267.000, 150
Trd, 000267.550, 147
Trd, 000267.817, 148
Trd, 000269.233, 144
Trd, 000269.267, 144.0
Trd, 000269.533, 143.0
Trd, 000269.583, 141.0
Trd, 000270.167, 146
Trd, 000270.283, 139
Trd, 000270.817, 134
Trd, 000271.167, 137
Trd, 000271.700, 137
Trd, 000271.750, 134
Trd, 000272.033, 140
Trd, 000272.067, 142
Trd, 000272.267, 159
Trd, 000273.467, 146
Trd, 000273.850, 152
Trd, 000273.950, 153
Trd, 000274.367, 147.0
Trd, 000275.833, 153
Trd, 000276.250, 150
Trd, 000277.450, 148
Trd, 000277.517, 148
Trd, 000277.533, 147
Trd, 000277.567, 153
Trd, 000278.283, 146
Trd, 000279.083, 148
Trd, 000279.233, 155
Trd, 000279.817, 146
Trd, 000279.933, 148.0
Trd, 000280.833, 148
Trd, 000280.983, 154.0
Trd, 000281.100, 152.0
Trd, 000281.950, 146.0
Trd, 000282.000, 147
Trd, 000282.533, 147.0
Trd, 000283.050, 149.0
Trd, 000283.467, 158.0
Trd, 000284.017, 150
Trd, 000284.200, 149
Trd, 000284.567, 151.0
Trd, 000284.867, 152.0
Trd, 000285.450, 162.0
Trd, 000286.117, 150
Trd, 000286.517, 150
Trd, 000286.917, 149
Trd, 000287.550, 148
Trd, 000287.683, 149
Trd, 000288.100, 146
Trd, 000288.317, 141.0
Trd, 000288.650, 148
Trd, 000289.750, 154
Trd, 000289.800, 151
Trd, 000290.000, 146
Trd, 000290.283, 155
Trd, 000291.317, 147
Trd, 000291.833, 146
Trd, 000292.200, 145.0
Trd, 000292.583, 155.0
Trd, 000292.833, 144.0
Trd, 000293.500, 136
Trd, 000293.667, 137.0
Trd, 000293.817, 148
Trd, 000294.100, 157.0
Trd, 000294.167, 130
Trd, 000295.033, 158.0
Trd, 000296.450, 154
Trd, 000297.000, 151
Trd, 000297.283, 151
Trd, 000297.750, 151
Trd, 000297.833, 150
Trd, 000297.883, 151
Trd, 000298.000, 150
Trd, 000298.400, 155
Trd, 000298.633, 141.0
Trd, 000299.183, 158.0
