Trd, 000002.700, 111
Trd, 000003.017, 146
Trd, 000003.217, 147
Trd, 000004.200, 127.0
Trd, 000004.583, 137
Trd, 000005.900, 133.0
Trd, 000006.033, 134.0
Trd, 000006.533, 136
Trd, 000006.600, 137.0
Trd, 000006.867, 156
Trd, 000007.700, 144
Trd, 000008.650, 144
Trd, 000009.067, 144
Trd, 000010.317, 147
Trd, 000010.917, 146
Trd, 000011.483, 146
Trd, 000011.683, 147
Trd, 000012.100, 146
Trd, 000012.783, 148
Trd, 000013.083, 146
Trd, 000013.983, 149
Trd, 000014.467, 150
Trd, 000015.367, 149
Trd, 000015.700, 148
Trd, 000015.900, 148.0
Trd, 000016.300, 147
Trd, 000017.283, 157
Trd, 000017.350, 155
Trd, 000018.067, 155
Trd, 000018.633, 153
Trd, 000019.300, 154
Trd, 000020.433, 155
Trd, 000021.100, 154
Trd, 000021.683, 153
Trd, 000021.833, 154
Trd, 000023.300, 154
Trd, 000023.417, 154
Trd, 000023.433, 153
Trd, 000024.233, 154
Trd, 000024.833, 153
Trd, 000026.400, 155
Trd, 000026.850, 156
Trd, 000026.900, 154
Trd, 000027.300, 153
Trd, 000027.350, 151
Trd, 000029.767, 155
Trd, 000029.850, 154
Trd, 000030.367, 153
Trd, 000030.900, 148
Trd, 000031.017, 145
Trd, 000032.283, 147
Trd, 000032.617, 147
Trd, 000033.350, 148
Trd, 000035.017, 142
Trd, 000035.500, 142
Trd, 000035.767, 143
Trd, 000036.117, 142
Trd, 000037.617, 147
Trd, 000039.350, 150
Trd, 000040.000, 153
Trd, 000040.267, 152
Trd, 000040.817, 152
Trd, 000041.100, 153
Trd, 000041.283, 152
Trd, 000041.867, 152
Trd, 000043.500, 152
Trd, 000044.100, 152
Trd, 000044.600, 152
Trd, 000045.367, 151
Trd, 000045.533, 151
Trd, 000046.683, 140.0
Trd, 000048.883, 153
Trd, 000049.317, 151
Trd, 000049.367, 153
Trd, 000049.650, 151
Trd, 000049.850, 149
Trd, 000050.867, 150
Trd, 000051.150, 149
Trd, 000051.817, 146
Trd, 000052.067, 148
Trd, 000052.933, 147
Trd, 000053.217, 146
Trd, 000054.650, 143
Trd, 000054.783, 144
Trd, 000054.833, 143
Trd, 000055.333, 143
Trd, 000056.650, 142
Trd, 000058.000, 146
Trd, 000058.883, 146
Trd, 000059.383, 145
Trd, 000059.583, 144
Trd, 000059.633, 143
Trd, 000059.767, 144
Trd, 000060.217, 144
Trd, 000061.017, 145
Trd, 000061.217, 148
Trd, 000063.917, 151
Trd, 000064.483, 149
Trd, 000065.400, 147
Trd, 000065.983, 147
Trd, 000066.583, 146
Trd, 000067.583, 147
Trd, 000067.917, 152
Trd, 000068.617, 148
Trd, 000068.850, 149
Trd, 000069.317, 150
Trd, 000069.417, 150
Trd, 000069.967, 152
Trd, 000070.483, 148.0
Trd, 000070.550, 148
Trd, 000071.117, 146
Trd, 000071.183, 155
Trd, 000072.217, 139.0
Trd, 000074.167, 145
Trd, 000074.367, 144
Trd, 000074.567, 139.0
Trd, 000074.750, 154
Trd, 000075.833, 143
Trd, 000076.317, 140.0
Trd, 000076.867, 139.0
Trd, 000078.017, 139
Trd, 000078.167, 141
Trd, 000078.333, 140
Trd, 000078.633, 139
Trd, 000079.867, 139
Trd, 000080.583, 139
Trd, 000081.967, 141
Trd, 000082.850, 139
Trd, 000082.967, 140
Trd, 000083.983, 158
Trd, 000084.500, 148.0
Trd, 000085.467, 154
Trd, 000085.500, 148
Trd, 000085.800, 152
Trd, 000086.733, 147
Trd, 000087.467, 163
Trd, 000088.717, 150
Trd, 000089.367, 149
Trd, 000090.183, 148
Trd, 000090.250, 138.0
Trd, 000090.483, 138.0
Trd, 000090.750, 146
Trd, 000091.367, 146
Trd, 000091.483, 144
Trd, 000092.333, 147
Trd, 000093.200, 150
Trd, 000093.433, 151
Trd, 000093.650, 150
Trd, 000093.817, 150
Trd, 000094.550, 156
Trd, 000095.117, 149.0
Trd, 000095.200, 149
Trd, 000095.350, 148.0
Trd, 000096.433, 149
Trd, 000096.533, 156
Trd, 000098.883, 157
Trd, 000099.267, 159
Trd, 000099.317, 158
Trd, 000099.483, 159
Trd, 000100.267, 154
Trd, 000100.567, 148.0
Trd, 000100.600, 140
Trd, 000101.600, 157
Trd, 000101.633, 144
Trd, 000104.317, 149
Trd, 000104.450, 149
Trd, 000105.900, 143
Trd, 000106.150, 142.0
Trd, 000106.300, 142.0
Trd, 000106.550, 141.0
Trd, 000106.617, 144
Trd, 000107.433, 142.0
Trd, 000109.700, 150
Trd, 000110.233, 150
Trd, 000110.317, 153
Trd, 000110.883, 151
Trd, 000110.900, 150
Trd, 000111.850, 151
Trd, 000111.950, 150
Trd, 000112.000, 158
Trd, 000113.400, 156
Trd, 000113.533, 157
Trd, 000114.400, 157
Trd, 000115.333, 157
Trd, 000115.483, 157
Trd, 000115.567, 157
Trd, 000115.600, 154
Trd, 000117.100, 151.0
Trd, 000118.433, 154
Trd, 000118.817, 155
Trd, 000119.000, 154
Trd, 000119.433, 153
Trd, 000119.550, 152
Trd, 000119.900, 154
Trd, 000120.100, 151
Trd, 000121.483, 161
Trd, 000121.567, 149.0
Trd, 000122.750, 159
Trd, 000122.900, 154
Trd, 000124.917, 167
Trd, 000125.567, 162
Trd, 000125.600, 150
Trd, 000126.967, 154
Trd, 000127.600, 152
Trd, 000129.167, 153
Trd, 000129.617, 153.0
Trd, 000130.083, 151
Trd, 000130.467, 152.0
Trd, 000130.567, 152
Trd, 000130.617, 151.0
Trd, 000131.550, 152
Trd, 000131.717, 150
Trd, 000131.950, 137.0
Trd, 000132.683, 147
Trd, 000133.400, 143
Trd, 000134.317, 147
Trd, 000135.883, 171
Trd, 000136.967, 160
Trd, 000137.067, 160
Trd, 000137.517, 160
Trd, 000138.283, 161
Trd, 000138.350, 163
Trd, 000138.783, 161
Trd, 000139.183, 160
Trd, 000139.483, 159
Trd, 000139.717, 158
Trd, 000141.517, 152.0
Trd, 000141.683, 150.0
Trd, 000142.450, 148
Trd, 000142.817, 147
Trd, 000143.317, 145
Trd, 000143.433, 146
Trd, 000144.533, 142.0
Trd, 000144.583, 138
Trd, 000145.367, 138.0
Trd, 000146.233, 138.0
Trd, 000146.567, 138
Trd, 000147.467, 137
Trd, 000147.533, 141
Trd, 000148.050, 141
Trd, 000149.383, 152
Trd, 000149.483, 145
Trd, 000149.917, 147
Trd, 000152.083, 143
Trd, 000152.200, 144
Trd, 000152.533, 142
Trd, 000152.600, 137.0
Trd, 000154.033, 140
Trd, 000154.317, 141
Trd, 000156.200, 158
Trd, 000156.233, 153
Trd, 000157.333, 161
Trd, 000157.767, 164
Trd, 000158.050, 163
Trd, 000158.417, 163
Trd, 000159.083, 163
Trd, 000159.483, 162
Trd, 000160.567, 161
Trd, 000161.217, 161
Trd, 000161.283, 163
Trd, 000161.683, 159
Trd, 000163.150, 159
Trd, 000163.667, 159
Trd, 000163.917, 158
Trd, 000164.000, 158
Trd, 000164.700, 158
Trd, 000165.017, 159
Trd, 000165.450, 160
Trd, 000165.750, 159
Trd, 000166.950, 157
Trd, 000168.117, 158
Trd, 000168.150, 151.0
Trd, 000170.633, 156
Trd, 000170.767, 159
Trd, 000170.883, 154.0
Trd, 000171.917, 155
Trd, 000172.350, 156
Trd, 000172.500, 158
Trd, 000172.867, 154.0
Trd, 000173.483, 158
Trd, 000174.350, 160
Trd, 000174.767, 159
Trd, 000175.400, 158
Trd, 000176.783, 160
Trd, 000176.850, 158
Trd, 000176.900, 150
Trd, 000177.533, 155
Trd, 000178.383, 157
Trd, 000180.100, 159
Trd, 000180.383, 159
Trd, 000181.083, 156
Trd, 000182.067, 152.0
Trd, 000182.400, 151.0
Trd, 000183.233, 156
Trd, 000183.550, 158
Trd, 000184.000, 151.0
Trd, 000184.550, 154
Trd, 000185.183, 153
Trd, 000185.667, 152
Trd, 000185.683, 151.0
Trd, 000188.100, 151
Trd, 000188.167, 150
Trd, 000189.117, 151
Trd, 000190.100, 152.0
Trd, 000190.167, 151.0
Trd, 000191.233, 154
Trd, 000191.883, 152
Trd, 000192.017, 153
Trd, 000192.333, 154
Trd, 000192.500, 154
Trd, 000194.517, 154
Trd, 000194.667, 154
Trd, 000195.067, 154
Trd, 000195.700, 153
Trd, 000196.150, 150.0
Trd, 000196.167, 149.0
Trd, 000196.950, 150
Trd, 000197.067, 149
Trd, 000198.283, 150
Trd, 000198.667, 148.0
Trd, 000198.683, 148
Trd, 000200.467, 138
Trd, 000200.483, 137.0
Trd, 000200.900, 138
Trd, 000201.000, 139
Trd, 000201.450, 137.0
Trd, 000203.533, 141
Trd, 000203.733, 150
Trd, 000205.600, 148
Trd, 000205.700, 150
Trd, 000206.017, 147.0
Trd, 000206.550, 147
Trd, 000206.917, 147.0
Trd, 000210.183, 150.0
Trd, 000210.367, 149
Trd, 000210.633, 149
Trd, 000210.733, 149
Trd, 000211.533, 148.0
Trd, 000211.600, 148
Trd, 000211.667, 147
Trd, 000212.167, 139
Trd, 000213.433, 138
Trd, 000213.967, 143
Trd, 000215.533, 147
Trd, 000216.317, 146
Trd, 000217.867, 148
Trd, 000218.150, 155
Trd, 000220.550, 149
Trd, 000220.567, 148
Trd, 000220.633, 147
Trd, 000221.133, 155
Trd, 000221.450, 147
Trd, 000221.917, 137.0
Trd, 000222.700, 154
Trd, 000225.083, 153
Trd, 000225.233, 152
Trd, 000225.517, 153
Trd, 000225.550, 150
Trd, 000226.917, 153
Trd, 000227.300, 154
Trd, 000227.750, 153
Trd, 000228.217, 152
Trd, 000228.267, 151
Trd, 000228.350, 155
Trd, 000229.800, 153
Trd, 000229.850, 152
Trd, 000230.467, 152
Trd, 000231.417, 148.0
Trd, 000233.133, 137.0
Trd, 000234.867, 145
Trd, 000235.900, 140.0
Trd, 000236.083, 141
Trd, 000236.100, 140.0
Trd, 000236.817, 130
Trd, 000237.067, 142
Trd, 000237.633, 135.0
Trd, 000239.133, 138
Trd, 000239.500, 139
Trd, 000239.767, 140
Trd, 000240.033, 138
Trd, 000240.117, 138
Trd, 000240.633, 136
Trd, 000240.650, 137
Trd, 000240.783, 136
Trd, 000241.100, 141
Trd, 000242.300, 151
Trd, 000242.500, 152
Trd, 000242.600, 154
Trd, 000243.567, 154.0
Trd, 000244.917, 156.0
Trd, 000245.100, 155.0
Trd, 000245.350, 155
Trd, 000246.083, 152
Trd, 000246.517, 152.0
Trd, 000246.817, 154
Trd, 000247.000, 154.0
Trd, 000247.250, 155
Trd, 000248.100, 155.0
Trd, 000248.133, 154
Trd, 000248.933, 154
Trd, 000249.483, 153
Trd, 000250.117, 151
Trd, 000250.833, 151.0
Trd, 000251.183, 152
Trd, 000251.383, 150
Trd, 000251.567, 149
Trd, 000251.967, 148.0
Trd, 000252.133, 149
Trd, 000252.150, 153
Trd, 000252.267, 148
Trd, 000252.900, 157
Trd, 000253.300, 157
Trd, 000253.717, 156
Trd, 000254.533, 156
Trd, 000254.583, 154
Trd, 000255.000, 154
Trd, 000256.117, 156.0
Trd, 000257.033, 153
Trd, 000257.167, 152
Trd, 000257.367, 154
Trd, 000258.667, 158.0
Trd, 000258.900, 158
Trd, 000258.983, 155
Trd, 000259.133, 155
Trd, 000259.833, 155.0
Trd, 000260.317, 154.0
Trd, 000260.383, 148.0
Trd, 000261.033, 142.0
Trd, 000261.050, 138.0
Trd, 000262.083, 137.0
Trd, 000263.000, 138.0
Trd, 000263.583, 138
Trd, 000263.750, 136
Trd, 000264.017, 137.0
Trd, 000264.517, 136
Trd, 000264.533, 135.0
Trd, 000264.550, 134.0
Trd, 000265.100, 137
Trd, 000265.250, 133
Trd, 000266.333, 148.0
Trd, 000267.633, 152
Trd, 000268.083, 151
Trd, 000268.583, 152
Trd, 000269.333, 151.0
Trd, 000269.367, 148
Trd, 000269.533, 148.0
Trd, 000270.267, 148.0
Trd, 000271.083, 150
Trd, 000271.167, 152
Trd, 000271.250, 148
Trd, 000271.400, 148
Trd, 000271.817, 149
Trd, 000271.883, 148
Trd, 000272.650, 158
Trd, 000273.183, 158
Trd, 000273.383, 157
Trd, 000273.767, 149.0
Trd, 000273.933, 151.0
Trd, 000274.450, 153
Trd, 000274.550, 149.0
Trd, 000274.600, 158
Trd, 000274.750, 155
Trd, 000274.950, 149
Trd, 000276.167, 154
Trd, 000277.100, 149
Trd, 000277.867, 148.0
Trd, 000278.867, 147
Trd, 000279.700, 140
Trd, 000280.050, 148
Trd, 000280.867, 148.0
Trd, 000281.900, 158
Trd, 000282.150, 150
Trd, 000283.533, 151.0
Trd, 000283.733, 151
Trd, 000284.533, 151
Trd, 000284.667, 152
Trd, 000284.917, 152
Trd, 000285.433, 150
Trd, 000285.817, 155
Trd, 000285.883, 158
Trd, 000285.933, 149
Trd, 000286.483, 156.0
Trd, 000286.867, 155.0
Trd, 000286.983, 153
Trd, 000287.017, 151.0
Trd, 000288.050, 151
Trd, 000288.950, 151.0
Trd, 000289.383, 156
Trd, 000289.967, 155.0
Trd, 000290.100, 138
Trd, 000290.700, 155
Trd, 000291.150, 154.0
Trd, 000291.783, 154
Trd, 000291.917, 153
Trd, 000292.150, 153
Trd, 000292.600, 152.0
Trd, 000292.983, 148.0
Trd, 000294.667, 152.0
Trd, 000295.317, 152.0
Trd, 000295.600, 152
Trd, 000295.800, 151.0
Trd, 000295.967, 146
Trd, 000296.750, 151
Trd, 000297.250, 157
Trd, 000297.417, 156.0
Trd, 000298.733, 156
Trd, 000299.067, 155.0
Trd, 000299.767, 154
