Trd, 000002.233, 196.0
Trd, 000002.550, 136
Trd, 000003.517, 175.0
Trd, 000003.967, 127.0
Trd, 000004.450, 150
Trd, 000005.283, 147
Trd, 000006.167, 155
Trd, 000008.233, 150
Trd, 000008.867, 150
Trd, 000009.350, 150
Trd, 000009.583, 149
Trd, 000010.383, 150
Trd, 000011.033, 150
Trd, 000011.417, 148
Trd, 000011.883, 155.0
Trd, 000012.417, 155
Trd, 000013.133, 164.0
Trd, 000013.833, 156
Trd, 000014.950, 159
Trd, 000015.233, 158
Trd, 000015.983, 156
Trd, 000016.517, 157
Trd, 000017.200, 154
Trd, 000017.717, 153
Trd, 000018.100, 147
Trd, 000018.367, 149
Trd, 000018.467, 153
Trd, 000019.200, 127.0
Trd, 000019.567, 137
Trd, 000019.600, 138
Trd, 000020.200, 144
Trd, 000021.117, 149
Trd, 000022.200, 157
Trd, 000022.483, 147
Trd, 000023.533, 148
Trd, 000024.683, 152.0
Trd, 000024.883, 153.0
Trd, 000025.317, 149
Trd, 000027.167, 149
Trd, 000027.450, 148
Trd, 000028.333, 152
Trd, 000028.883, 153.0
Trd, 000030.017, 148
Trd, 000030.217, 151
Trd, 000030.250, 148
Trd, 000030.883, 151
Trd, 000031.050, 152
Trd, 000032.033, 153
Trd, 000032.233, 152
Trd, 000034.633, 155
Trd, 000034.983, 159.0
Trd, 000035.167, 161.0
Trd, 000035.233, 155
Trd, 000035.400, 154
Trd, 000035.433, 154
Trd, 000036.083, 161.0
Trd, 000036.317, 150
Trd, 000037.817, 163.0
Trd, 000038.667, 158
Trd, 000039.167, 158
Trd, 000039.700, 157
Trd, 000040.117, 162
Trd, 000040.467, 156
Trd, 000040.833, 159
Trd, 000042.233, 157
Trd, 000042.483, 156
Trd, 000043.217, 155
Trd, 000043.317, 150
Trd, 000043.733, 147
Trd, 000044.500, 156
Trd, 000045.483, 156
Trd, 000046.083, 156
Trd, 000046.267, 151
Trd, 000047.167, 153
Trd, 000047.683, 153
Trd, 000047.933, 165.0
Trd, 000048.717, 150
Trd, 000050.317, 153
Trd, 000051.217, 151
Trd, 000051.467, 150
Trd, 000052.000, 149
Trd, 000052.550, 150
Trd, 000053.300, 148
Trd, 000053.633, 152
Trd, 000054.133, 148
Trd, 000054.167, 147
Trd, 000055.233, 146
Trd, 000055.367, 153.0
Trd, 000055.900, 147
Trd, 000055.950, 146
Trd, 000056.017, 155.0
Trd, 000056.867, 152
Trd, 000056.950, 145
Trd, 000057.317, 145
Trd, 000058.333, 152
Trd, 000060.517, 148
Trd, 000060.617, 149.0
Trd, 000061.600, 150
Trd, 000062.800, 150.0
Trd, 000063.550, 150
Trd, 000063.583, 152
Trd, 000064.167, 148
Trd, 000066.167, 154.0
Trd, 000066.533, 147
Trd, 000068.183, 152
Trd, 000068.617, 149
Trd, 000068.733, 147
Trd, 000069.767, 148
Trd, 000069.967, 147
Trd, 000070.083, 146
Trd, 000070.567, 149
Trd, 000071.050, 151
Trd, 000072.000, 150
Trd, 000072.867, 150
Trd, 000074.867, 151
Trd, 000075.233, 151
Trd, 000075.450, 147
Trd, 000075.633, 147
Trd, 000076.383, 154
Trd, 000077.100, 149
Trd, 000078.233, 150
Trd, 000078.700, 152
Trd, 000079.217, 163
Trd, 000081.250, 155
Trd, 000081.550, 152
Trd, 000081.567, 152
Trd, 000081.583, 156
Trd, 000082.167, 150
Trd, 000083.400, 151
Trd, 000083.600, 151
Trd, 000083.950, 155.0
Trd, 000084.267, 151
Trd, 000084.617, 150
Trd, 000085.283, 150
Trd, 000085.583, 149
Trd, 000085.783, 150
Trd, 000086.050, 153
Trd, 000086.400, 149
Trd, 000086.533, 155
Trd, 000089.317, 151
Trd, 000089.633, 150
Trd, 000090.700, 151
Trd, 000090.767, 150
Trd, 000091.267, 150
Trd, 000091.500, 150
Trd, 000091.550, 150
Trd, 000091.983, 152
Trd, 000092.300, 153
Trd, 000093.033, 152
Trd, 000093.133, 120.0
Trd, 000093.250, 139
Trd, 000094.867, 152
Trd, 000096.667, 142
Trd, 000096.717, 142
Trd, 000097.750, 140
Trd, 000099.217, 142
Trd, 000099.767, 147
Trd, 000100.467, 147
Trd, 000100.683, 148
Trd, 000101.617, 148
Trd, 000102.233, 163.0
Trd, 000102.600, 151
Trd, 000103.117, 160
Trd, 000103.250, 160
Trd, 000104.200, 158
Trd, 000104.267, 157
Trd, 000104.633, 157
Trd, 000106.850, 157
Trd, 000107.550, 156
Trd, 000107.867, 155
Trd, 000108.533, 156
Trd, 000108.967, 154
Trd, 000109.400, 154
Trd, 000109.750, 155
Trd, 000111.000, 155
Trd, 000111.283, 155
Trd, 000111.550, 154
Trd, 000111.883, 150
Trd, 000112.767, 156
Trd, 000113.200, 148
Trd, 000113.367, 135
Trd, 000115.517, 151
Trd, 000115.683, 145
Trd, 000116.767, 147
Trd, 000117.533, 147
Trd, 000118.767, 146
Trd, 000118.817, 149
Trd, 000118.983, 155.0
Trd, 000119.650, 160
Trd, 000121.167, 145
Trd, 000121.183, 153
Trd, 000121.317, 144
Trd, 000121.617, 153.0
Trd, 000122.483, 155.0
Trd, 000123.033, 149
Trd, 000124.883, 148
Trd, 000125.100, 148
Trd, 000126.050, 147
Trd, 000127.133, 152
Trd, 000127.400, 147
Trd, 000128.500, 151
Trd, 000128.767, 155.0
Trd, 000129.417, 150
Trd, 000130.050, 150
Trd, 000130.733, 149
Trd, 000131.000, 150
Trd, 000133.017, 154
Trd, 000133.250, 164.0
Trd, 000133.633, 157
Trd, 000133.900, 155
Trd, 000134.817, 156
Trd, 000134.967, 154
Trd, 000135.750, 150
Trd, 000135.933, 150
Trd, 000136.233, 160.0
Trd, 000136.450, 140
Trd, 000136.800, 144
Trd, 000136.950, 160.0
Trd, 000139.367, 149
Trd, 000140.833, 149
Trd, 000141.333, 150
Trd, 000141.600, 150
Trd, 000142.917, 150
Trd, 000143.683, 149
Trd, 000144.450, 155.0
Trd, 000144.983, 150
Trd, 000145.033, 148
Trd, 000145.950, 148
Trd, 000145.983, 149
Trd, 000146.533, 149
Trd, 000146.683, 148
Trd, 000147.083, 147
Trd, 000147.867, 147
Trd, 000148.700, 147
Trd, 000149.067, 146
Trd, 000149.100, 128
Trd, 000149.967, 148
Trd, 000150.050, 148
Trd, 000151.317, 155
Trd, 000151.583, 156
Trd, 000152.617, 157
Trd, 000153.367, 157
Trd, 000153.467, 156
Trd, 000154.383, 155
Trd, 000154.450, 155
Trd, 000155.550, 156.0
Trd, 000155.750, 155
Trd, 000157.433, 155.0
Trd, 000157.800, 168
Trd, 000157.967, 154
Trd, 000157.983, 153
Trd, 000159.633, 156
Trd, 000159.650, 157
Trd, 000160.483, 154
Trd, 000160.950, 151
Trd, 000161.417, 150
Trd, 000162.017, 151
Trd, 000163.533, 152
Trd, 000163.617, 147
Trd, 000164.000, 150
Trd, 000164.450, 152
Trd, 000164.517, 155.0
Trd, 000164.983, 148
Trd, 000165.533, 147
Trd, 000166.300, 147
Trd, 000166.617, 145
Trd, 000166.883, 144
Trd, 000167.517, 148
Trd, 000167.933, 122.0
Trd, 000170.550, 135
Trd, 000170.750, 140
Trd, 000170.850, 141
Trd, 000170.933, 142
Trd, 000171.317, 160
Trd, 000172.083, 143
Trd, 000172.717, 144
Trd, 000173.100, 144
Trd, 000173.950, 143
Trd, 000174.083, 144
Trd, 000174.167, 142
Trd, 000174.917, 141
Trd, 000175.300, 127.0
Trd, 000175.467, 140
Trd, 000176.017, 165.0
Trd, 000176.833, 147
Trd, 000177.333, 147
Trd, 000177.433, 155.0
Trd, 000177.767, 165.0
Trd, 000179.900, 152
Trd, 000180.333, 168
Trd, 000181.083, 174
Trd, 000181.567, 155
Trd, 000181.817, 155
Trd, 000183.550, 157
Trd, 000185.050, 163
Trd, 000185.333, 158
Trd, 000186.167, 159
Trd, 000186.217, 157
Trd, 000186.500, 156
Trd, 000188.233, 154
Trd, 000188.367, 150
Trd, 000188.883, 148
Trd, 000189.267, 156
Trd, 000189.500, 156
Trd, 000190.383, 147
Trd, 000191.050, 150
Trd, 000191.417, 152
Trd, 000191.650, 151
Trd, 000191.733, 153
Trd, 000192.583, 153
Trd, 000192.717, 151
Trd, 000192.883, 155.0
Trd, 000194.167, 150
Trd, 000196.267, 152
Trd, 000196.850, 154
Trd, 000197.233, 154
Trd, 000197.617, 155
Trd, 000197.783, 154
Trd, 000199.433, 154
Trd, 000199.600, 155
Trd, 000200.200, 150
Trd, 000200.967, 150
Trd, 000201.900, 154.0
Trd, 000202.350, 155.0
Trd, 000202.817, 154
Trd, 000203.683, 165.0
Trd, 000204.383, 154
Trd, 000205.167, 156
Trd, 000205.467, 153
Trd, 000205.833, 153
Trd, 000206.117, 155
Trd, 000206.717, 152
Trd, 000207.283, 153
Trd, 000207.467, 155.0
Trd, 000207.917, 151
Trd, 000208.067, 150
Trd, 000208.767, 157
Trd, 000209.400, 152
Trd, 000209.517, 151
Trd, 000209.717, 153
Trd, 000210.433, 154
Trd, 000211.467, 155
Trd, 000211.700, 154
Trd, 000213.617, 155
Trd, 000213.650, 153
Trd, 000213.667, 147
Trd, 000213.833, 151
Trd, 000213.933, 146
Trd, 000214.800, 131
Trd, 000214.933, 142
Trd, 000215.050, 135
Trd, 000215.617, 155.0
Trd, 000217.483, 164.0
Trd, 000219.067, 160
Trd, 000219.217, 158
Trd, 000219.350, 163.0
Trd, 000220.300, 161.0
Trd, 000220.517, 161
Trd, 000220.533, 158
Trd, 000220.683, 159
Trd, 000221.383, 150
Trd, 000222.050, 165.0
Trd, 000222.350, 168
Trd, 000223.033, 123
Trd, 000225.783, 155
Trd, 000225.900, 154
Trd, 000225.983, 154
Trd, 000226.467, 153
Trd, 000227.383, 153.0
Trd, 000227.783, 155.0
Trd, 000228.383, 153
Trd, 000228.483, 154
Trd, 000228.667, 155
Trd, 000229.233, 164.0
Trd, 000229.367, 153
Trd, 000229.533, 165.0
Trd, 000230.083, 152
Trd, 000232.417, 160
Trd, 000233.283, 159
Trd, 000233.883, 158
Trd, 000234.150, 157
Trd, 000234.367, 159
Trd, 000234.383, 155
Trd, 000234.717, 155
Trd, 000235.017, 154
Trd, 000236.083, 153
Trd, 000236.800, 150
Trd, 000237.183, 156.0
Trd, 000237.717, 153
Trd, 000238.967, 152
Trd, 000239.817, 152
Trd, 000239.933, 153.0
Trd, 000240.000, 156
Trd, 000240.600, 155
Trd, 000240.800, 154.0
Trd, 000241.150, 153
Trd, 000241.817, 156.0
Trd, 000242.067, 158.0
Trd, 000243.200, 160
Trd, 000243.567, 160
Trd, 000243.633, 154
Trd, 000244.117, 154
Trd, 000244.717, 158
Trd, 000245.133, 158.0
Trd, 000245.950, 157.0
Trd, 000246.183, 159.0
Trd, 000246.833, 157.0
Trd, 000246.883, 156
Trd, 000247.317, 157
Trd, 000247.817, 153
Trd, 000248.133, 154
Trd, 000248.300, 151
Trd, 000248.917, 153
Trd, 000249.467, 153
Trd, 000249.650, 154
Trd, 000249.683, 154
Trd, 000249.950, 150
Trd, 000250.717, 151
Trd, 000251.733, 150
Trd, 000252.583, 151
Trd, 000253.333, 147
Trd, 000253.933, 147
Trd, 000254.733, 148.0
Trd, 000255.483, 146
Trd, 000255.767, 150
Trd, 000256.267, 155.0
Trd, 000256.517, 154
Trd, 000256.767, 154
Trd, 000256.850, 151
Trd, 000257.100, 155
Trd, 000257.950, 153
Trd, 000258.933, 152
Trd, 000259.150, 153
Trd, 000259.717, 158.0
Trd, 000259.767, 156
Trd, 000260.383, 157.0
Trd, 000260.567, 152
Trd, 000262.117, 151
Trd, 000262.233, 162.0
Trd, 000262.300, 150
Trd, 000263.133, 155
Trd, 000263.467, 156
Trd, 000264.200, 157
Trd, 000265.367, 154
Trd, 000265.500, 157
Trd, 000265.817, 153
Trd, 000266.000, 152
Trd, 000266.183, 151
Trd, 000266.967, 156
Trd, 000267.300, 156
Trd, 000267.950, 152
Trd, 000267.983, 150
Trd, 000268.000, 148
Trd, 000268.517, 152
Trd, 000268.967, 150
Trd, 000269.850, 158.0
Trd, 000271.167, 150
Trd, 000271.700, 153.0
Trd, 000271.733, 156
Trd, 000272.467, 153
Trd, 000272.683, 154
Trd, 000273.550, 157
Trd, 000274.767, 157
Trd, 000275.217, 156
Trd, 000275.983, 157
Trd, 000276.367, 161.0
Trd, 000276.400, 162.0
Trd, 000276.583, 158.0
Trd, 000276.667, 164.0
Trd, 000277.100, 162.0
Trd, 000277.583, 158
Trd, 000277.917, 163.0
Trd, 000278.333, 163.0
Trd, 000278.517, 158
Trd, 000278.950, 164
Trd, 000280.533, 156
Trd, 000281.000, 154
Trd, 000281.150, 154
Trd, 000281.467, 161.0
Trd, 000282.367, 156
Trd, 000282.650, 158
Trd, 000283.400, 157
Trd, 000283.450, 154
Trd, 000283.467, 150
Trd, 000283.767, 158
Trd, 000284.017, 150
Trd, 000284.300, 152.0
Trd, 000285.367, 157
Trd, 000285.617, 151
Trd, 000285.700, 157
Trd, 000286.167, 158
Trd, 000286.833, 162.0
Trd, 000287.100, 150
Trd, 000287.633, 150
Trd, 000288.583, 151
Trd, 000288.633, 158.0
Trd, 000288.950, 152
Trd, 000289.117, 159.0
Trd, 000289.833, 156
Trd, 000289.967, 158.0
Trd, 000290.117, 150
Trd, 000290.867, 147
Trd, 000291.033, 157
Trd, 000291.700, 157
Trd, 000291.817, 158
Trd, 000292.517, 159
Trd, 000292.783, 161.0
Trd, 000292.800, 162.0
Trd, 000293.300, 148
Trd, 000293.900, 165.0
Trd, 000294.217, 148.0
Trd, 000294.767, 160
Trd, 000295.117, 161
Trd, 000296.800, 157
Trd, 000296.917, 156.0
Trd, 000297.350, 155
Trd, 000297.483, 154
Trd, 000297.767, 153
Trd, 000298.367, 148.0
Trd, 000298.750, 160
Trd, 000299.350, 162.0
Trd, 000299.767, 162.0
