Trd, 000001.783, 147
Trd, 000001.967, 159
Trd, 000003.867, 155.0
Trd, 000003.983, 157
Trd, 000004.400, 154
Trd, 000004.667, 158
Trd, 000004.850, 154
Trd, 000005.933, 155
Trd, 000006.550, 157
Trd, 000006.950, 157
Trd, 000007.983, 157.0
Trd, 000008.700, 156
Trd, 000008.867, 157
Trd, 000009.400, 155
Trd, 000009.500, 156
Trd, 000009.833, 156
Trd, 000010.133, 158.0
Trd, 000010.967, 155
Trd, 000011.950, 161
Trd, 000014.167, 157
Trd, 000014.833, 156
Trd, 000015.817, 157
Trd, 000016.017, 157
Trd, 000016.633, 158
Trd, 000018.333, 158
Trd, 000018.817, 155.0
Trd, 000019.067, 154
Trd, 000019.433, 156.0
Trd, 000020.167, 152
Trd, 000020.550, 155
Trd, 000020.583, 155.0
Trd, 000021.183, 151
Trd, 000022.750, 154
Trd, 000023.450, 153
Trd, 000023.550, 155
Trd, 000024.417, 154
Trd, 000024.733, 154.0
Trd, 000024.767, 155.0
Trd, 000025.017, 152
Trd, 000025.500, 155.0
Trd, 000027.050, 157.0
Trd, 000027.850, 156
Trd, 000028.083, 157
Trd, 000029.000, 157.0
Trd, 000029.750, 155.0
Trd, 000030.017, 155
Trd, 000030.167, 158
Trd, 000030.467, 154
Trd, 000031.367, 143
Trd, 000031.550, 159
Trd, 000031.867, 165
Trd, 000033.867, 155
Trd, 000034.350, 155.0
Trd, 000035.117, 155
Trd, 000035.917, 156
Trd, 000036.600, 155
Trd, 000037.050, 158.0
Trd, 000038.100, 156
Trd, 000038.350, 155
Trd, 000039.900, 156
Trd, 000040.333, 154
Trd, 000040.433, 153
Trd, 000042.517, 156
Trd, 000042.983, 154
Trd, 000043.533, 156
Trd, 000044.033, 158
Trd, 000044.433, 164
Trd, 000044.883, 158
Trd, 000045.183, 162
Trd, 000045.717, 158
Trd, 000047.050, 158
Trd, 000047.067, 155.0
Trd, 000047.683, 157
Trd, 000047.967, 159
Trd, 000048.017, 156
Trd, 000048.683, 158
Trd, 000048.850, 157
Trd, 000051.567, 150
Trd, 000052.250, 151
Trd, 000052.433, 152.0
Trd, 000053.067, 150
Trd, 000053.433, 151.0
Trd, 000054.233, 158.0
Trd, 000054.500, 167
Trd, 000055.167, 149
Trd, 000055.900, 150
Trd, 000057.383, 151
Trd, 000057.433, 152
Trd, 000057.783, 151
Trd, 000058.033, 150
Trd, 000059.383, 152
Trd, 000059.683, 149
Trd, 000060.583, 151
Trd, 000062.417, 151
Trd, 000063.000, 151
Trd, 000063.883, 151
Trd, 000064.133, 154.0
Trd, 000064.400, 155.0
Trd, 000065.467, 150
Trd, 000066.117, 154
Trd, 000067.267, 156
Trd, 000067.683, 155
Trd, 000068.100, 155
Trd, 000068.783, 158.0
Trd, 000070.750, 157.0
Trd, 000070.817, 156.0
Trd, 000071.200, 156
Trd, 000071.717, 156
Trd, 000072.200, 156
Trd, 000072.900, 156
Trd, 000072.933, 155.0
Trd, 000074.317, 155
Trd, 000075.217, 156
Trd, 000075.400, 157
Trd, 000075.917, 157.0
Trd, 000076.517, 156
Trd, 000077.833, 156
Trd, 000079.133, 157
Trd, 000079.517, 158
Trd, 000080.267, 158
Trd, 000080.400, 158
Trd, 000080.600, 158
Trd, 000080.917, 157.0
Trd, 000081.367, 158.0
Trd, 000081.800, 158
Trd, 000082.150, 158
Trd, 000082.233, 155
Trd, 000084.017, 159
Trd, 000084.117, 155.0
Trd, 000084.850, 154
Trd, 000086.067, 156
Trd, 000086.267, 151
Trd, 000086.317, 157
Trd, 000087.050, 152
Trd, 000087.550, 151
Trd, 000087.767, 152
Trd, 000088.967, 151
Trd, 000090.283, 152
Trd, 000090.533, 152
Trd, 000091.417, 150
Trd, 000091.967, 150
Trd, 000092.067, 149
Trd, 000093.333, 149
Trd, 000093.917, 150
Trd, 000094.633, 152
Trd, 000094.683, 152
Trd, 000096.333, 154.0
Trd, 000096.617, 154
Trd, 000098.517, 156
Trd, 000098.833, 156
Trd, 000099.017, 157
Trd, 000100.167, 155
Trd, 000100.500, 160
Trd, 000100.967, 158
Trd, 000101.550, 159
Trd, 000102.217, 159
Trd, 000102.967, 159
Trd, 000103.200, 157
Trd, 000104.000, 155.0
Trd, 000104.583, 157
Trd, 000104.683, 157
Trd, 000104.717, 156
Trd, 000105.083, 158
Trd, 000105.850, 157
Trd, 000107.483, 159
Trd, 000108.633, 160
Trd, 000109.200, 161
Trd, 000110.000, 160
Trd, 000110.333, 160
Trd, 000110.633, 161
Trd, 000111.100, 160
Trd, 000111.117, 161
Trd, 000111.133, 158
Trd, 000112.883, 158
Trd, 000113.650, 159
Trd, 000113.967, 161
Trd, 000115.433, 161
Trd, 000116.717, 159
Trd, 000116.750, 162
Trd, 000117.400, 159
Trd, 000118.417, 158
Trd, 000119.267, 156
Trd, 000119.800, 158
Trd, 000121.117, 156
Trd, 000121.500, 155.0
Trd, 000121.683, 153
Trd, 000122.000, 151
Trd, 000122.850, 156
Trd, 000123.533, 156
Trd, 000125.083, 152
Trd, 000125.400, 155
Trd, 000125.550, 156
Trd, 000126.333, 155
Trd, 000126.867, 155
Trd, 000126.950, 156
Trd, 000127.317, 154
Trd, 000128.083, 155
Trd, 000128.683, 156
Trd, 000129.450, 156
Trd, 000129.483, 156
Trd, 000129.567, 158.0
Trd, 000129.967, 156
Trd, 000130.833, 155
Trd, 000131.450, 164
Trd, 000131.633, 165
Trd, 000132.250, 156.0
Trd, 000134.483, 160
Trd, 000134.567, 159
Trd, 000134.900, 158
Trd, 000135.733, 157
Trd, 000136.233, 157
Trd, 000136.300, 155
Trd, 000138.400, 155
Trd, 000138.700, 157
Trd, 000139.633, 156
Trd, 000139.683, 157
Trd, 000140.000, 157
Trd, 000140.550, 157
Trd, 000141.483, 155
Trd, 000142.617, 155.0
Trd, 000143.400, 157.0
Trd, 000145.083, 159
Trd, 000145.167, 157
Trd, 000146.400, 156
Trd, 000146.500, 157
Trd, 000147.283, 155
Trd, 000147.583, 153
Trd, 000148.117, 156
Trd, 000148.700, 155
Trd, 000149.683, 154
Trd, 000149.833, 155
Trd, 000150.650, 155
Trd, 000150.750, 153
Trd, 000150.817, 156
Trd, 000151.517, 155
Trd, 000152.250, 154
Trd, 000153.483, 155
Trd, 000154.067, 155
Trd, 000155.417, 154
Trd, 000155.933, 155
Trd, 000156.267, 154
Trd, 000157.550, 155
Trd, 000158.033, 157.0
Trd, 000158.650, 158.0
Trd, 000159.683, 157
Trd, 000160.483, 155
Trd, 000161.033, 155
Trd, 000161.267, 155
Trd, 000161.517, 151
Trd, 000162.033, 155.0
Trd, 000163.017, 150
Trd, 000163.217, 153
Trd, 000164.583, 155
Trd, 000165.167, 155
Trd, 000165.683, 157.0
Trd, 000166.467, 155
Trd, 000166.700, 154
Trd, 000167.050, 153
Trd, 000167.967, 152
Trd, 000168.517, 153
Trd, 000169.033, 152
Trd, 000169.483, 154
Trd, 000170.083, 153
Trd, 000170.367, 152
Trd, 000171.283, 155.0
Trd, 000171.800, 158.0
Trd, 000171.950, 151
Trd, 000172.583, 159
Trd, 000174.150, 151
Trd, 000175.067, 155
Trd, 000175.833, 153
Trd, 000175.850, 154
Trd, 000176.167, 152
Trd, 000176.767, 154
Trd, 000177.267, 154
Trd, 000177.700, 155.0
Trd, 000178.233, 157.0
Trd, 000178.900, 156
Trd, 000179.067, 154
Trd, 000179.517, 155
Trd, 000180.600, 154
Trd, 000181.217, 153
Trd, 000181.300, 155
Trd, 000182.517, 151
Trd, 000182.950, 164
Trd, 000183.000, 152
Trd, 000184.783, 158
Trd, 000185.317, 157
Trd, 000185.467, 158.0
Trd, 000185.883, 157
Trd, 000186.517, 154
Trd, 000186.550, 150
Trd, 000188.733, 154
Trd, 000189.017, 155.0
Trd, 000189.800, 154
Trd, 000189.817, 152
Trd, 000190.100, 151
Trd, 000191.183, 151
Trd, 000191.333, 151.0
Trd, 000191.400, 152.0
Trd, 000193.267, 152
Trd, 000195.083, 152
Trd, 000195.833, 152
Trd, 000196.617, 151
Trd, 000196.650, 152
Trd, 000196.950, 152
Trd, 000197.400, 153
Trd, 000198.417, 153.0
Trd, 000199.017, 155.0
Trd, 000200.333, 153
Trd, 000200.467, 152
Trd, 000200.600, 153
Trd, 000200.900, 155.0
Trd, 000202.267, 154
Trd, 000202.533, 165
Trd, 000202.650, 154
Trd, 000203.917, 155
Trd, 000204.317, 153
Trd, 000205.000, 162
Trd, 000205.933, 162
Trd, 000206.450, 154
Trd, 000208.550, 155.0
Trd, 000209.267, 154
Trd, 000210.067, 154.0
Trd, 000210.683, 154
Trd, 000210.783, 155
Trd, 000211.383, 155.0
Trd, 000211.800, 155
Trd, 000212.000, 155
Trd, 000212.567, 153
Trd, 000212.583, 153
Trd, 000213.750, 155
Trd, 000215.283, 154
Trd, 000215.367, 154
Trd, 000216.567, 155.0
Trd, 000216.967, 155
Trd, 000217.133, 154
Trd, 000217.933, 153
Trd, 000218.217, 152
Trd, 000218.300, 153
Trd, 000219.700, 154
Trd, 000220.267, 155
Trd, 000220.833, 153
Trd, 000221.483, 155.0
Trd, 000221.700, 155
Trd, 000222.250, 155
Trd, 000222.667, 158.0
Trd, 000224.767, 163
Trd, 000225.300, 162
Trd, 000225.683, 157
Trd, 000226.150, 159
Trd, 000226.317, 160
Trd, 000227.717, 157
Trd, 000227.967, 158
Trd, 000230.217, 157
Trd, 000230.250, 155
Trd, 000230.733, 157
Trd, 000230.817, 157.0
Trd, 000231.217, 158
Trd, 000232.117, 158
Trd, 000232.600, 156.0
Trd, 000232.617, 155.0
Trd, 000234.200, 155
Trd, 000235.867, 155
Trd, 000236.633, 154
Trd, 000237.117, 156
Trd, 000237.550, 154
Trd, 000238.417, 154
Trd, 000238.900, 154
Trd, 000240.050, 153.0
Trd, 000240.317, 154
Trd, 000240.683, 152
Trd, 000240.700, 151
Trd, 000241.083, 150
Trd, 000241.683, 151
Trd, 000241.967, 155.0
Trd, 000242.517, 152
Trd, 000242.633, 155
Trd, 000244.350, 151
Trd, 000244.417, 150
Trd, 000244.483, 150
Trd, 000244.533, 152
Trd, 000244.833, 149
Trd, 000245.333, 154
Trd, 000245.450, 155.0
Trd, 000245.967, 149
Trd, 000247.333, 152
Trd, 000248.717, 151
Trd, 000248.800, 152
Trd, 000248.933, 151.0
Trd, 000249.317, 152
Trd, 000249.733, 152
Trd, 000250.150, 151
Trd, 000250.300, 150
Trd, 000250.783, 151
Trd, 000251.200, 152
Trd, 000252.217, 152
Trd, 000252.317, 155.0
Trd, 000252.917, 153.0
Trd, 000253.117, 152
Trd, 000253.500, 151.0
Trd, 000253.517, 151
Trd, 000253.583, 158.0
Trd, 000253.967, 153
Trd, 000254.250, 152
Trd, 000254.367, 153
Trd, 000254.700, 151
Trd, 000255.183, 151
Trd, 000256.500, 150
Trd, 000256.867, 148
Trd, 000257.217, 150
Trd, 000257.917, 151
Trd, 000257.933, 152
Trd, 000258.617, 149.0
Trd, 000258.783, 152
Trd, 000259.483, 155.0
Trd, 000259.667, 158.0
Trd, 000260.850, 155
Trd, 000261.083, 155.0
Trd, 000262.183, 155
Trd, 000262.800, 155.0
Trd, 000263.417, 154.0
Trd, 000263.733, 155.0
Trd, 000264.617, 153.0
Trd, 000264.983, 153
Trd, 000265.083, 150
Trd, 000265.517, 153.0
Trd, 000265.967, 152.0
Trd, 000266.200, 150
Trd, 000266.517, 155.0
Trd, 000266.617, 151
Trd, 000267.083, 155
Trd, 000269.083, 155
Trd, 000269.100, 154
Trd, 000269.233, 155
Trd, 000270.083, 153
Trd, 000270.150, 150
Trd, 000271.233, 155
Trd, 000271.850, 148.0
Trd, 000272.833, 152
Trd, 000273.333, 154
Trd, 000273.500, 157
Trd, 000273.517, 158.0
Trd, 000273.867, 161.0
Trd, 000274.467, 156.0
Trd, 000275.183, 155.0
Trd, 000275.383, 156
Trd, 000275.567, 156.0
Trd, 000276.017, 159
Trd, 000276.233, 157
Trd, 000276.650, 154
Trd, 000277.350, 155
Trd, 000277.550, 158
Trd, 000279.700, 158.0
Trd, 000280.783, 156.0
Trd, 000280.900, 155.0
Trd, 000281.833, 156.0
Trd, 000282.050, 156
Trd, 000282.317, 158.0
Trd, 000282.833, 156
Trd, 000283.133, 155
Trd, 000283.867, 155.0
Trd, 000284.617, 151
Trd, 000284.633, 150
Trd, 000284.717, 152
Trd, 000284.983, 151
Trd, 000285.617, 154
Trd, 000286.133, 155
Trd, 000286.550, 155
Trd, 000286.917, 153
Trd, 000287.017, 151
Trd, 000287.233, 152.0
Trd, 000287.583, 150
Trd, 000288.483, 148.0
Trd, 000288.533, 148
Trd, 000288.767, 145
Trd, 000289.133, 151
Trd, 000289.600, 151
Trd, 000289.833, 155.0
Trd, 000289.850, 158.0
Trd, 000289.950, 148.0
Trd, 000290.017, 151
Trd, 000290.133, 162.0
Trd, 000291.433, 159.0
Trd, 000291.783, 159.0
Trd, 000292.050, 158.0
Trd, 000292.583, 150
Trd, 000293.217, 154
Trd, 000293.517, 155.0
Trd, 000293.567, 149
Trd, 000294.167, 155
Trd, 000294.867, 152
Trd, 000295.500, 152
Trd, 000296.067, 152
Trd, 000296.417, 152
Trd, 000297.167, 151
Trd, 000297.883, 152
Trd, 000298.400, 152
Trd, 000299.500, 155.0
