Trd, 000000.833, 100.0
Trd, 000002.600, 121
Trd, 000002.783, 154.0
Trd, 000003.783, 155.0
Trd, 000004.400, 132
Trd, 000004.817, 155.0
Trd, 000005.333, 153.0
Trd, 000005.733, 137
Trd, 000005.917, 151
Trd, 000006.533, 153
Trd, 000006.567, 158.0
Trd, 000007.617, 154
Trd, 000007.867, 151.0
Trd, 000008.033, 165.0
Trd, 000009.550, 157
Trd, 000010.467, 157
Trd, 000011.017, 157
Trd, 000011.267, 157
Trd, 000011.667, 156
Trd, 000011.917, 157.0
Trd, 000012.033, 156
Trd, 000012.417, 155.0
Trd, 000013.800, 152
Trd, 000013.983, 153
Trd, 000014.483, 152
Trd, 000014.533, 155
Trd, 000014.800, 150
Trd, 000015.683, 156.0
Trd, 000016.150, 151
Trd, 000016.450, 151.0
Trd, 000016.567, 152.0
Trd, 000016.950, 152
Trd, 000017.267, 148.0
Trd, 000017.533, 155.0
Trd, 000017.767, 148
Trd, 000018.700, 156.0
Trd, 000019.717, 158.0
Trd, 000019.800, 165
Trd, 000020.867, 153
Trd, 000021.050, 152
Trd, 000022.400, 155
Trd, 000023.050, 161
Trd, 000023.217, 159
Trd, 000023.550, 161
Trd, 000024.150, 158
Trd, 000024.617, 159
Trd, 000025.150, 157
Trd, 000025.200, 154
Trd, 000025.717, 158
Trd, 000026.383, 155.0
Trd, 000027.183, 158.0
Trd, 000027.417, 155
Trd, 000027.450, 153
Trd, 000028.150, 155
Trd, 000028.350, 154
Trd, 000028.583, 153
Trd, 000029.767, 152
Trd, 000030.300, 150
Trd, 000030.350, 151
Trd, 000030.383, 153
Trd, 000031.100, 155.0
Trd, 000031.567, 165.0
Trd, 000032.467, 180
Trd, 000032.767, 174
Trd, 000033.550, 155
Trd, 000033.983, 159
Trd, 000034.550, 151
Trd, 000036.000, 150
Trd, 000036.333, 157.0
Trd, 000036.550, 157
Trd, 000037.650, 156.0
Trd, 000038.333, 155
Trd, 000038.517, 155.0
Trd, 000038.717, 158.0
Trd, 000039.367, 155
Trd, 000039.917, 156
Trd, 000040.283, 154
Trd, 000040.683, 154
Trd, 000040.800, 153
Trd, 000041.050, 156
Trd, 000041.883, 165.0
Trd, 000042.300, 156
Trd, 000042.900, 184
Trd, 000043.067, 155
Trd, 000044.483, 156
Trd, 000045.000, 160
Trd, 000045.383, 156
Trd, 000045.683, 155
Trd, 000045.933, 154
Trd, 000046.383, 154
Trd, 000047.167, 155.0
Trd, 000048.050, 153
Trd, 000048.200, 152
Trd, 000048.667, 154
Trd, 000048.967, 156
Trd, 000049.617, 151
Trd, 000050.750, 158.0
Trd, 000051.600, 163.0
Trd, 000051.733, 165.0
Trd, 000051.750, 153
Trd, 000052.433, 152
Trd, 000052.650, 150
Trd, 000053.433, 156
Trd, 000054.900, 172
Trd, 000055.333, 159
Trd, 000056.083, 162
Trd, 000057.000, 161
Trd, 000057.250, 160
Trd, 000057.667, 156
Trd, 000057.800, 157
Trd, 000058.650, 155
Trd, 000058.667, 149
Trd, 000059.800, 155
Trd, 000060.150, 154.0
Trd, 000060.183, 155
Trd, 000060.850, 162
Trd, 000061.083, 184
Trd, 000061.717, 177
Trd, 000063.100, 165.0
Trd, 000063.167, 159
Trd, 000063.317, 159
Trd, 000064.700, 158
Trd, 000064.983, 157
Trd, 000065.117, 155.0
Trd, 000066.233, 156
Trd, 000066.483, 157
Trd, 000066.700, 158
Trd, 000068.417, 155
Trd, 000068.850, 151
Trd, 000069.167, 137.0
Trd, 000069.183, 127
Trd, 000069.833, 155
Trd, 000069.850, 157
Trd, 000070.817, 154
Trd, 000071.533, 149
Trd, 000071.817, 153.0
Trd, 000071.833, 155.0
Trd, 000073.517, 154
Trd, 000073.750, 156.0
Trd, 000074.183, 153
Trd, 000075.383, 151
Trd, 000075.983, 155.0
Trd, 000076.300, 150
Trd, 000076.833, 161.0
Trd, 000077.450, 159.0
Trd, 000078.117, 152
Trd, 000078.533, 151
Trd, 000078.967, 152.0
Trd, 000080.067, 155.0
Trd, 000080.733, 154
Trd, 000081.150, 151
Trd, 000082.150, 161.0
Trd, 000082.183, 163.0
Trd, 000082.233, 151
Trd, 000082.400, 158
Trd, 000084.033, 155.0
Trd, 000085.350, 155.0
Trd, 000085.950, 153
Trd, 000086.700, 153
Trd, 000086.850, 154
Trd, 000087.067, 153
Trd, 000088.283, 155.0
Trd, 000088.333, 153
Trd, 000090.233, 154
Trd, 000090.317, 155.0
Trd, 000090.350, 153
Trd, 000090.467, 152
Trd, 000090.783, 161.0
Trd, 000091.150, 157
Trd, 000092.883, 157
Trd, 000093.050, 158
Trd, 000093.617, 157
Trd, 000093.950, 156
Trd, 000094.650, 159
Trd, 000095.033, 156
Trd, 000095.050, 164.0
Trd, 000095.800, 155
Trd, 000096.200, 165.0
Trd, 000097.233, 161
Trd, 000097.900, 160
Trd, 000098.367, 160
Trd, 000098.383, 161
Trd, 000099.800, 180
Trd, 000100.100, 159
Trd, 000100.117, 157
Trd, 000100.483, 180
Trd, 000100.733, 155.0
Trd, 000101.083, 148.0
Trd, 000102.367, 163.0
Trd, 000102.433, 162
Trd, 000102.650, 164.0
Trd, 000103.000, 164.0
Trd, 000103.600, 148
Trd, 000103.633, 150
Trd, 000105.450, 153
Trd, 000105.867, 155
Trd, 000106.000, 152
Trd, 000106.683, 155
Trd, 000107.233, 153
Trd, 000107.850, 155.0
Trd, 000108.000, 165.0
Trd, 000109.317, 179
Trd, 000110.083, 160
Trd, 000110.517, 159
Trd, 000110.717, 161
Trd, 000110.750, 162
Trd, 000111.883, 175
Trd, 000112.083, 158
Trd, 000112.333, 164
Trd, 000112.450, 158
Trd, 000112.650, 174
Trd, 000112.833, 176
Trd, 000113.100, 157
Trd, 000114.783, 161
Trd, 000115.083, 165
Trd, 000116.200, 157
Trd, 000117.000, 159
Trd, 000117.150, 160
Trd, 000117.283, 161
Trd, 000117.550, 155.0
Trd, 000117.883, 160
Trd, 000118.283, 182
Trd, 000119.967, 160
Trd, 000120.100, 159
Trd, 000120.183, 156
Trd, 000121.267, 152
Trd, 000121.533, 154
Trd, 000121.850, 151
Trd, 000121.967, 150
Trd, 000122.050, 148.0
Trd, 000122.750, 149
Trd, 000123.267, 142
Trd, 000125.117, 152.0
Trd, 000125.200, 143
Trd, 000125.583, 152.0
Trd, 000126.333, 152
Trd, 000126.750, 151.0
Trd, 000126.833, 155.0
Trd, 000126.867, 165.0
Trd, 000127.867, 153
Trd, 000128.817, 175
Trd, 000129.067, 159
Trd, 000129.650, 175
Trd, 000130.317, 161
Trd, 000130.450, 165.0
Trd, 000132.217, 162
Trd, 000132.467, 163
Trd, 000132.667, 167
Trd, 000132.967, 157
Trd, 000133.850, 160
Trd, 000133.933, 159
Trd, 000134.000, 164.0
Trd, 000134.117, 165.0
Trd, 000134.633, 158
Trd, 000134.817, 174
Trd, 000135.783, 155.0
Trd, 000137.017, 156
Trd, 000138.750, 155
Trd, 000139.050, 157
Trd, 000139.100, 158
Trd, 000139.367, 160
Trd, 000140.300, 155
Trd, 000140.533, 155.0
Trd, 000143.117, 156
Trd, 000143.217, 156
Trd, 000143.533, 156
Trd, 000143.600, 155.0
Trd, 000143.750, 155
Trd, 000144.350, 154
Trd, 000144.900, 155
Trd, 000145.617, 154
Trd, 000145.950, 150
Trd, 000146.017, 156
Trd, 000146.517, 155
Trd, 000147.150, 148.0
Trd, 000148.550, 153.0
Trd, 000148.800, 152.0
Trd, 000148.817, 155.0
Trd, 000149.083, 152
Trd, 000149.783, 152
Trd, 000150.050, 152
Trd, 000150.100, 154
Trd, 000151.467, 152
Trd, 000153.150, 153
Trd, 000153.217, 155.0
Trd, 000153.267, 152
Trd, 000154.167, 156.0
Trd, 000154.800, 153
Trd, 000155.117, 153
Trd, 000155.350, 153
Trd, 000156.417, 153
Trd, 000156.533, 152
Trd, 000158.067, 157.0
Trd, 000158.500, 151
Trd, 000159.100, 155.0
Trd, 000159.550, 151
Trd, 000159.667, 158.0
Trd, 000160.667, 154
Trd, 000161.067, 159.0
Trd, 000161.767, 157
Trd, 000161.883, 157
Trd, 000162.183, 157
Trd, 000162.467, 155
Trd, 000162.967, 154
Trd, 000164.217, 155.0
Trd, 000164.583, 153
Trd, 000164.783, 154.0
Trd, 000165.133, 155.0
Trd, 000165.850, 152
Trd, 000165.900, 155
Trd, 000166.667, 150
Trd, 000167.467, 165.0
Trd, 000168.400, 154.0
Trd, 000168.433, 150
Trd, 000168.583, 150
Trd, 000168.800, 155.0
Trd, 000168.933, 182
Trd, 000171.583, 159
Trd, 000172.167, 158
Trd, 000172.733, 158
Trd, 000173.233, 158
Trd, 000173.317, 157
Trd, 000173.833, 157
Trd, 000174.617, 157
Trd, 000175.133, 156
Trd, 000175.550, 156
Trd, 000176.067, 158
Trd, 000176.267, 158.0
Trd, 000176.517, 150
Trd, 000176.700, 149
Trd, 000177.983, 154.0
Trd, 000179.233, 152
Trd, 000179.500, 152
Trd, 000179.683, 153.0
Trd, 000179.700, 151
Trd, 000180.950, 154.0
Trd, 000181.150, 150
Trd, 000181.883, 155.0
Trd, 000183.683, 153
Trd, 000184.383, 152
Trd, 000185.050, 150
Trd, 000185.667, 151.0
Trd, 000186.333, 150
Trd, 000186.417, 151.0
Trd, 000186.733, 148.0
Trd, 000187.217, 155.0
Trd, 000187.467, 148
Trd, 000188.117, 147
Trd, 000188.383, 154.0
Trd, 000189.000, 154
Trd, 000189.417, 157.0
Trd, 000189.500, 157.0
Trd, 000189.667, 148
Trd, 000190.167, 155.0
Trd, 000191.333, 152
Trd, 000192.400, 152
Trd, 000192.967, 152.0
Trd, 000193.767, 152.0
Trd, 000193.883, 151
Trd, 000193.950, 153.0
Trd, 000194.700, 148
Trd, 000195.767, 154.0
Trd, 000196.300, 154.0
Trd, 000196.550, 155.0
Trd, 000196.950, 155.0
Trd, 000199.717, 155
Trd, 000199.767, 155.0
Trd, 000200.000, 154
Trd, 000200.167, 154
Trd, 000200.383, 150
Trd, 000200.417, 154.0
Trd, 000200.583, 159.0
Trd, 000201.833, 155
Trd, 000201.917, 157
Trd, 000202.533, 158.0
Trd, 000202.583, 165.0
Trd, 000203.750, 169
Trd, 000203.817, 157
Trd, 000205.383, 160
Trd, 000206.700, 160
Trd, 000206.733, 157
Trd, 000206.950, 162
Trd, 000207.750, 158
Trd, 000207.883, 157
Trd, 000208.233, 157
Trd, 000208.467, 158
Trd, 000208.917, 156.0
Trd, 000209.367, 156
Trd, 000210.167, 155.0
Trd, 000210.633, 155
Trd, 000210.667, 150
Trd, 000210.850, 155.0
Trd, 000210.867, 156
Trd, 000211.167, 157
Trd, 000212.017, 148.0
Trd, 000213.183, 152.0
Trd, 000213.700, 150
Trd, 000213.750, 154.0
Trd, 000214.850, 151
Trd, 000215.200, 155.0
Trd, 000215.767, 157
Trd, 000216.033, 150
Trd, 000216.900, 151
Trd, 000218.500, 151
Trd, 000218.783, 151.0
Trd, 000218.850, 152.0
Trd, 000219.483, 150
Trd, 000219.600, 129
Trd, 000220.433, 155.0
Trd, 000221.117, 149.0
Trd, 000221.817, 149
Trd, 000222.467, 153
Trd, 000223.400, 153
Trd, 000223.433, 153
Trd, 000224.050, 161.0
Trd, 000224.617, 164.0
Trd, 000224.767, 157
Trd, 000224.867, 165.0
Trd, 000224.933, 164
Trd, 000225.533, 160
Trd, 000226.600, 159
Trd, 000226.783, 178
Trd, 000227.250, 157
Trd, 000227.383, 176
Trd, 000227.583, 168
Trd, 000228.900, 157
Trd, 000229.617, 169
Trd, 000230.750, 174
Trd, 000230.783, 158
Trd, 000231.150, 157
Trd, 000232.100, 157
Trd, 000232.550, 151
Trd, 000232.833, 156.0
Trd, 000233.417, 155
Trd, 000233.583, 152
Trd, 000234.217, 155.0
Trd, 000235.267, 151
Trd, 000235.700, 154.0
Trd, 000237.050, 154.0
Trd, 000237.433, 152
Trd, 000237.900, 152
Trd, 000238.117, 153
Trd, 000238.767, 155.0
Trd, 000239.717, 158.0
Trd, 000240.017, 155.0
Trd, 000240.217, 154
Trd, 000240.267, 153
Trd, 000240.600, 153
Trd, 000240.933, 150
Trd, 000241.017, 151
Trd, 000241.183, 153
Trd, 000241.350, 153
Trd, 000241.917, 150
Trd, 000242.383, 149
Trd, 000243.067, 151
Trd, 000243.433, 150
Trd, 000243.450, 149
Trd, 000243.767, 148.0
Trd, 000244.200, 148
Trd, 000245.717, 144
Trd, 000245.850, 142
Trd, 000246.100, 145
Trd, 000247.033, 146
Trd, 000247.283, 152
Trd, 000248.667, 149.0
Trd, 000248.717, 150
Trd, 000249.100, 151.0
Trd, 000249.617, 148.0
Trd, 000249.683, 150
Trd, 000250.200, 148
Trd, 000250.350, 149
Trd, 000251.050, 151
Trd, 000251.600, 151
Trd, 000251.867, 150
Trd, 000252.300, 152.0
Trd, 000253.000, 152
Trd, 000253.150, 150
Trd, 000253.233, 148
Trd, 000253.767, 147
Trd, 000254.183, 149.0
Trd, 000254.200, 155.0
Trd, 000254.683, 163.0
Trd, 000255.767, 152
Trd, 000256.550, 151
Trd, 000256.767, 150
Trd, 000257.067, 151.0
Trd, 000257.117, 152.0
Trd, 000257.250, 154.0
Trd, 000257.467, 155.0
Trd, 000257.783, 151
Trd, 000257.800, 149
Trd, 000258.083, 148.0
Trd, 000259.200, 164.0
Trd, 000259.567, 156
Trd, 000259.850, 156.0
Trd, 000260.150, 154
Trd, 000260.317, 153
Trd, 000261.267, 156.0
Trd, 000261.883, 156.0
Trd, 000262.317, 157
Trd, 000263.267, 155.0
Trd, 000263.550, 153
Trd, 000263.700, 152
Trd, 000263.750, 150
Trd, 000264.383, 153
Trd, 000264.417, 154
Trd, 000264.933, 157.0
Trd, 000264.983, 158
Trd, 000265.000, 158.0
Trd, 000265.817, 165.0
Trd, 000266.150, 162
Trd, 000266.200, 148.0
Trd, 000266.450, 137.0
Trd, 000266.583, 155.0
Trd, 000266.617, 127.0
Trd, 000267.000, 178
Trd, 000267.450, 165.0
Trd, 000268.200, 157
Trd, 000268.633, 156
Trd, 000268.683, 158
Trd, 000269.300, 154
Trd, 000269.350, 157.0
Trd, 000269.467, 153
Trd, 000269.750, 158.0
Trd, 000270.033, 152
Trd, 000270.650, 152
Trd, 000271.800, 150
Trd, 000271.983, 149
Trd, 000272.183, 137.0
Trd, 000272.333, 152
Trd, 000272.550, 153
Trd, 000273.267, 147
Trd, 000273.333, 146
Trd, 000273.350, 148.0
Trd, 000274.100, 127.0
Trd, 000275.150, 145
Trd, 000275.433, 150
Trd, 000275.567, 152
Trd, 000275.867, 150
Trd, 000276.050, 150
Trd, 000277.150, 149
Trd, 000277.333, 155.0
Trd, 000278.183, 158.0
Trd, 000278.317, 152
Trd, 000279.367, 161.0
Trd, 000279.717, 156
Trd, 000280.467, 154
Trd, 000280.550, 155
Trd, 000280.583, 156
Trd, 000280.650, 149
Trd, 000280.883, 148.0
Trd, 000281.067, 142
Trd, 000281.933, 148
Trd, 000282.450, 148
Trd, 000282.750, 147
Trd, 000282.883, 146
Trd, 000283.717, 145
Trd, 000283.917, 138
Trd, 000284.067, 148
Trd, 000284.267, 149
Trd, 000284.350, 150
Trd, 000284.900, 130
Trd, 000285.983, 143
Trd, 000286.350, 151
Trd, 000287.000, 152
Trd, 000287.350, 150
Trd, 000287.467, 152.0
Trd, 000287.683, 154.0
Trd, 000287.850, 154
Trd, 000288.067, 153
Trd, 000288.450, 155.0
Trd, 000288.850, 152
Trd, 000289.483, 155
Trd, 000289.550, 157.0
Trd, 000290.017, 151
Trd, 000290.200, 150
Trd, 000291.583, 153.0
Trd, 000291.767, 152
Trd, 000292.650, 153.0
Trd, 000292.867, 155.0
Trd, 000293.267, 158.0
Trd, 000294.233, 164.0
Trd, 000294.983, 155
Trd, 000295.150, 154
Trd, 000295.283, 154
Trd, 000295.383, 150
Trd, 000295.550, 158
Trd, 000295.617, 148.0
Trd, 000295.783, 164.0
Trd, 000296.633, 154
Trd, 000296.717, 155.0
Trd, 000297.017, 153
Trd, 000297.467, 165.0
Trd, 000298.050, 178.0
Trd, 000298.683, 157
Trd, 000299.033, 165
