Trd, 000000.700, 192
Trd, 000001.717, 111
Trd, 000002.617, 113.0
Trd, 000004.850, 127.0
Trd, 000005.067, 135
Trd, 000005.533, 135
Trd, 000005.800, 137
Trd, 000005.850, 143
Trd, 000006.200, 144.0
Trd, 000006.333, 138
Trd, 000006.750, 149
Trd, 000006.933, 155.0
Trd, 000006.983, 152
Trd, 000007.667, 145
Trd, 000007.900, 146
Trd, 000008.017, 158.0
Trd, 000008.550, 179.0
Trd, 000009.150, 184.0
Trd, 000009.283, 182.0
Trd, 000009.517, 165.0
Trd, 000010.667, 153
Trd, 000010.700, 178
Trd, 000011.783, 180
Trd, 000012.100, 180
Trd, 000012.283, 166
Trd, 000012.533, 157
Trd, 000013.217, 154
Trd, 000013.667, 153
Trd, 000013.983, 160
Trd, 000014.200, 150
Trd, 000014.267, 144.0
Trd, 000014.517, 134.0
Trd, 000014.833, 157
Trd, 000015.283, 158
Trd, 000015.800, 158
Trd, 000016.183, 147
Trd, 000016.750, 127.0
Trd, 000016.833, 136
Trd, 000017.700, 176
Trd, 000019.017, 162
Trd, 000019.200, 158
Trd, 000019.517, 157
Trd, 000019.867, 156
Trd, 000019.933, 159
Trd, 000020.183, 155
Trd, 000020.217, 152
Trd, 000020.550, 179.0
Trd, 000021.600, 163.0
Trd, 000021.867, 162.0
Trd, 000022.183, 163
Trd, 000022.283, 150
Trd, 000023.167, 165
Trd, 000023.267, 166
Trd, 000023.533, 154
Trd, 000023.750, 179.0
Trd, 000024.183, 181
Trd, 000024.533, 154
Trd, 000024.750, 149
Trd, 000025.517, 151
Trd, 000025.850, 151
Trd, 000025.967, 147
Trd, 000027.183, 149
Trd, 000028.083, 154
Trd, 000028.333, 155.0
Trd, 000028.483, 149
Trd, 000028.550, 155
Trd, 000028.800, 148
Trd, 000029.150, 135.0
Trd, 000029.467, 152
Trd, 000031.267, 146
Trd, 000031.417, 144.0
Trd, 000031.567, 158.0
Trd, 000031.600, 169
Trd, 000032.750, 162
Trd, 000032.983, 151
Trd, 000033.400, 162.0
Trd, 000033.967, 159
Trd, 000035.383, 159
Trd, 000036.050, 156
Trd, 000036.100, 154
Trd, 000036.167, 175
Trd, 000036.517, 183
Trd, 000036.783, 182.0
Trd, 000037.167, 156
Trd, 000038.050, 174
Trd, 000038.067, 162.0
Trd, 000038.183, 152
Trd, 000038.533, 152
Trd, 000038.783, 150
Trd, 000038.917, 167
Trd, 000040.233, 167
Trd, 000040.567, 153
Trd, 000041.583, 169
Trd, 000041.600, 170
Trd, 000042.117, 148.0
Trd, 000043.300, 171
Trd, 000043.483, 148
Trd, 000043.617, 159
Trd, 000044.650, 166
Trd, 000044.750, 151
Trd, 000045.167, 162.0
Trd, 000045.467, 167
Trd, 000046.150, 163.0
Trd, 000046.200, 162.0
Trd, 000046.800, 164
Trd, 000047.250, 180
Trd, 000048.150, 163
Trd, 000048.650, 168
Trd, 000048.867, 170
Trd, 000049.300, 156
Trd, 000049.450, 154
Trd, 000050.033, 167
Trd, 000050.883, 151
Trd, 000051.050, 150
Trd, 000051.167, 165
Trd, 000051.650, 151
Trd, 000051.767, 131.0
Trd, 000052.400, 165
Trd, 000052.483, 179
Trd, 000053.817, 156
Trd, 000054.000, 157
Trd, 000054.783, 163
Trd, 000055.233, 179.0
Trd, 000055.283, 159
Trd, 000055.500, 184
Trd, 000055.533, 158
Trd, 000055.900, 167
Trd, 000056.150, 146
Trd, 000056.800, 150
Trd, 000057.483, 166
Trd, 000057.583, 163.0
Trd, 000057.950, 168
Trd, 000058.133, 168
Trd, 000058.450, 174
Trd, 000058.517, 162.0
Trd, 000059.050, 159
Trd, 000059.200, 156
Trd, 000059.950, 156
Trd, 000060.683, 173
Trd, 000060.767, 154
Trd, 000063.483, 171
Trd, 000063.833, 158
Trd, 000064.133, 157
Trd, 000064.317, 170
Trd, 000064.467, 173
Trd, 000065.583, 165.0
Trd, 000065.783, 162.0
Trd, 000066.400, 158
Trd, 000066.567, 171
Trd, 000066.867, 156
Trd, 000066.883, 154
Trd, 000068.100, 169
Trd, 000068.317, 171
Trd, 000068.433, 178.0
Trd, 000069.033, 177
Trd, 000070.300, 175
Trd, 000070.600, 167.0
Trd, 000070.817, 165.0
Trd, 000070.883, 162.0
Trd, 000071.533, 166
Trd, 000071.917, 174
Trd, 000072.683, 169
Trd, 000074.217, 162.0
Trd, 000075.233, 166
Trd, 000075.283, 167
Trd, 000075.550, 154
Trd, 000075.883, 153
Trd, 000076.300, 151
Trd, 000076.883, 153
Trd, 000077.600, 161
Trd, 000077.617, 150
Trd, 000077.800, 162
Trd, 000078.750, 151
Trd, 000078.800, 160
Trd, 000079.600, 150
Trd, 000080.050, 156
Trd, 000080.783, 158.0
Trd, 000081.033, 152
Trd, 000081.250, 150
Trd, 000081.467, 144.0
Trd, 000081.633, 140
Trd, 000081.900, 158
Trd, 000082.617, 141
Trd, 000083.067, 172
Trd, 000083.083, 162.0
Trd, 000083.250, 173
Trd, 000083.967, 167
Trd, 000084.250, 156
Trd, 000084.500, 156
Trd, 000084.567, 179.0
Trd, 000084.750, 183
Trd, 000085.533, 148
Trd, 000085.783, 149
Trd, 000085.917, 167
Trd, 000086.100, 165
Trd, 000086.800, 137.0
Trd, 000086.883, 161
Trd, 000087.283, 136.0
Trd, 000087.317, 165
Trd, 000087.567, 134.0
Trd, 000087.583, 160
Trd, 000088.367, 176
Trd, 000089.183, 144.0
Trd, 000089.417, 133.0
Trd, 000090.033, 149
Trd, 000090.817, 157
Trd, 000091.683, 141
Trd, 000091.867, 158.0
Trd, 000091.950, 170
Trd, 000092.083, 157
Trd, 000092.783, 176.0
Trd, 000093.133, 151
Trd, 000093.350, 179.0
Trd, 000093.817, 169
Trd, 000094.817, 155
Trd, 000095.367, 162.0
Trd, 000095.383, 166
Trd, 000096.050, 165
Trd, 000096.683, 153
Trd, 000096.700, 166
Trd, 000097.300, 166
Trd, 000097.600, 150
Trd, 000097.850, 179.0
Trd, 000097.883, 144.0
Trd, 000098.167, 127
Trd, 000098.183, 126
Trd, 000098.283, 179.0
Trd, 000098.967, 127.0
Trd, 000099.917, 124
Trd, 000100.433, 144
Trd, 000103.167, 144
Trd, 000103.883, 143
Trd, 000103.933, 144.0
Trd, 000104.283, 153
Trd, 000104.467, 144
Trd, 000104.667, 155.0
Trd, 000104.717, 158.0
Trd, 000105.267, 169
Trd, 000105.750, 175
Trd, 000106.017, 158
Trd, 000106.217, 157
Trd, 000106.600, 156
Trd, 000107.233, 160
Trd, 000107.533, 155
Trd, 000108.017, 167
Trd, 000108.683, 150
Trd, 000108.833, 149
Trd, 000109.667, 144.0
Trd, 000110.283, 141
Trd, 000111.567, 162.0
Trd, 000111.767, 167
Trd, 000111.833, 167
Trd, 000112.100, 179.0
Trd, 000113.100, 154
Trd, 000113.133, 189.0
Trd, 000113.217, 152
Trd, 000113.233, 148
Trd, 000113.617, 183.0
Trd, 000114.150, 182.0
Trd, 000114.233, 164
Trd, 000115.383, 159
Trd, 000115.517, 157
Trd, 000116.133, 150
Trd, 000116.517, 173
Trd, 000116.717, 174
Trd, 000116.950, 144.0
Trd, 000117.617, 176
Trd, 000118.017, 134.0
Trd, 000118.433, 162.0
Trd, 000119.200, 149
Trd, 000119.417, 148
Trd, 000119.900, 146
Trd, 000120.650, 157
Trd, 000120.900, 158
Trd, 000121.150, 151
Trd, 000121.367, 147
Trd, 000121.383, 144.0
Trd, 000121.700, 158.0
Trd, 000121.800, 131.0
Trd, 000122.217, 157
Trd, 000123.150, 144.0
Trd, 000124.100, 154
Trd, 000124.467, 155.0
Trd, 000125.050, 158.0
Trd, 000125.667, 157
Trd, 000125.833, 176
Trd, 000126.000, 179.0
Trd, 000126.050, 152
Trd, 000126.083, 185
Trd, 000126.233, 150
Trd, 000126.867, 165
Trd, 000127.550, 155
Trd, 000127.583, 151
Trd, 000128.117, 153
Trd, 000129.117, 149
Trd, 000129.400, 163
Trd, 000129.600, 162.0
Trd, 000129.833, 153
Trd, 000130.383, 162
Trd, 000131.300, 145.0
Trd, 000131.350, 165
Trd, 000131.483, 165
Trd, 000132.550, 144.0
Trd, 000133.850, 151
Trd, 000134.400, 152
Trd, 000134.583, 136.0
Trd, 000134.733, 150
Trd, 000134.967, 151
Trd, 000135.000, 149
Trd, 000135.683, 158
Trd, 000135.867, 148
Trd, 000136.350, 148
Trd, 000136.467, 157.0
Trd, 000138.283, 154
Trd, 000138.350, 147
Trd, 000138.533, 158.0
Trd, 000139.217, 176
Trd, 000140.000, 178.0
Trd, 000140.367, 163.0
Trd, 000140.800, 169
Trd, 000141.283, 162.0
Trd, 000141.683, 157
Trd, 000141.700, 149
Trd, 000141.800, 148
Trd, 000142.250, 146
Trd, 000142.483, 159
Trd, 000143.133, 161
Trd, 000143.667, 145.0
Trd, 000144.000, 144.0
Trd, 000144.533, 143
Trd, 000144.817, 161
Trd, 000145.233, 179.0
Trd, 000145.833, 182.0
Trd, 000146.050, 145
Trd, 000146.467, 164
Trd, 000147.150, 162
Trd, 000147.167, 144
Trd, 000148.283, 150
Trd, 000148.600, 158
Trd, 000148.933, 151
Trd, 000149.117, 151
Trd, 000149.233, 144.0
Trd, 000149.467, 144
Trd, 000149.733, 155
Trd, 000150.117, 134.0
Trd, 000150.933, 149
Trd, 000151.383, 155.0
Trd, 000152.167, 171
Trd, 000152.317, 156
Trd, 000152.417, 171
Trd, 000152.483, 155
Trd, 000153.200, 155
Trd, 000153.433, 165
Trd, 000154.250, 134.0
Trd, 000154.850, 131.0
Trd, 000155.483, 163.0
Trd, 000156.017, 165
Trd, 000156.600, 162.0
Trd, 000156.783, 165
Trd, 000157.117, 156
Trd, 000157.867, 153
Trd, 000158.217, 158
Trd, 000158.400, 158.0
Trd, 000158.700, 145.0
Trd, 000158.733, 179.0
Trd, 000158.783, 184
Trd, 000159.367, 150
Trd, 000159.950, 168
Trd, 000160.200, 152
Trd, 000160.533, 169
Trd, 000160.683, 170
Trd, 000161.517, 162.0
Trd, 000161.550, 153
Trd, 000161.767, 164
Trd, 000162.550, 153
Trd, 000162.733, 168
Trd, 000163.800, 184
Trd, 000164.250, 182.0
Trd, 000164.283, 179.0
Trd, 000164.400, 165.0
Trd, 000165.183, 154
Trd, 000165.683, 151
Trd, 000166.017, 149
Trd, 000166.117, 158
Trd, 000167.317, 144.0
Trd, 000167.417, 150
Trd, 000168.183, 150
Trd, 000168.333, 155.0
Trd, 000168.567, 137.0
Trd, 000169.033, 158.0
Trd, 000170.150, 148
Trd, 000170.500, 158.0
Trd, 000170.733, 179.0
Trd, 000170.850, 150
Trd, 000171.117, 149
Trd, 000172.067, 184
Trd, 000172.600, 168
Trd, 000172.683, 182
Trd, 000172.917, 152
Trd, 000173.317, 151
Trd, 000173.767, 154
Trd, 000174.500, 168
Trd, 000174.533, 150
Trd, 000174.700, 149
Trd, 000175.783, 149
Trd, 000176.017, 148
Trd, 000176.200, 145
Trd, 000176.550, 144
Trd, 000176.767, 155.0
Trd, 000178.217, 150
Trd, 000178.483, 144
Trd, 000179.300, 189.0
Trd, 000179.767, 152
Trd, 000179.917, 151
Trd, 000180.317, 147
Trd, 000180.683, 145
Trd, 000180.917, 144.0
Trd, 000181.483, 154
Trd, 000182.217, 153
Trd, 000182.317, 157.0
Trd, 000183.233, 149
Trd, 000183.433, 148
Trd, 000184.533, 150
Trd, 000184.617, 155
Trd, 000184.967, 155
Trd, 000185.067, 175
Trd, 000185.800, 162.0
Trd, 000185.900, 148
Trd, 000186.200, 147
Trd, 000186.600, 145
Trd, 000186.950, 148
Trd, 000187.283, 144.0
Trd, 000187.533, 155.0
Trd, 000187.900, 187
Trd, 000188.400, 172
Trd, 000189.100, 176
Trd, 000189.483, 157
Trd, 000190.367, 153
Trd, 000190.833, 152
Trd, 000191.050, 148
Trd, 000191.633, 154
Trd, 000192.217, 155
Trd, 000192.700, 140.0
Trd, 000193.250, 137.0
Trd, 000193.633, 148
Trd, 000194.117, 134.0
Trd, 000194.750, 144
Trd, 000194.800, 150
Trd, 000195.183, 150
Trd, 000195.250, 155.0
Trd, 000195.333, 144
Trd, 000195.367, 143
Trd, 000197.000, 142
Trd, 000197.533, 148
Trd, 000197.717, 152
Trd, 000198.350, 151
Trd, 000198.517, 150
Trd, 000198.650, 153
Trd, 000198.717, 146
Trd, 000198.883, 158.0
Trd, 000199.917, 150
Trd, 000200.183, 148
Trd, 000200.383, 175
Trd, 000200.783, 134.0
Trd, 000201.167, 182.0
Trd, 000201.400, 185
Trd, 000201.533, 177
Trd, 000201.950, 133.0
Trd, 000203.167, 144.0
Trd, 000203.750, 178.0
Trd, 000204.117, 140
Trd, 000204.233, 136
Trd, 000205.100, 186
Trd, 000205.433, 162.0
Trd, 000205.650, 154
Trd, 000206.500, 162
Trd, 000206.917, 167
Trd, 000207.367, 168
Trd, 000207.550, 179
Trd, 000207.650, 163.0
Trd, 000208.233, 162.0
Trd, 000208.533, 174
Trd, 000209.450, 158
Trd, 000209.700, 171
Trd, 000210.150, 156
Trd, 000210.483, 176
Trd, 000211.633, 179.0
Trd, 000211.667, 154
Trd, 000212.717, 153
Trd, 000213.400, 168
Trd, 000213.600, 163
Trd, 000213.883, 162.0
Trd, 000214.550, 162
Trd, 000215.517, 157
Trd, 000215.700, 158
Trd, 000215.917, 164
Trd, 000216.150, 167
Trd, 000216.733, 152
Trd, 000217.000, 163
Trd, 000217.133, 150
Trd, 000217.533, 144.0
Trd, 000217.867, 154
Trd, 000218.617, 171
Trd, 000218.717, 179.0
Trd, 000219.000, 151
Trd, 000219.267, 150
Trd, 000219.300, 144.0
Trd, 000219.517, 172
Trd, 000220.067, 162
Trd, 000220.117, 163
Trd, 000220.283, 173
Trd, 000220.417, 145
Trd, 000220.817, 135.0
Trd, 000221.283, 134.0
Trd, 000222.117, 167
Trd, 000223.433, 167
Trd, 000223.767, 165.0
Trd, 000223.800, 163.0
Trd, 000224.050, 162.0
Trd, 000224.550, 170
Trd, 000225.167, 168
Trd, 000225.367, 157
Trd, 000225.683, 166
Trd, 000226.117, 152
Trd, 000226.767, 149
Trd, 000226.883, 163
Trd, 000227.017, 144.0
Trd, 000227.100, 163
Trd, 000228.750, 164
Trd, 000229.267, 165
Trd, 000229.467, 179.0
Trd, 000229.850, 174
Trd, 000231.067, 164
Trd, 000231.200, 155
Trd, 000231.467, 164
Trd, 000231.517, 155
Trd, 000232.250, 179.0
Trd, 000233.350, 162.0
Trd, 000233.467, 161
Trd, 000233.983, 154
Trd, 000234.117, 168
Trd, 000234.500, 171
Trd, 000235.950, 157
Trd, 000236.117, 159
Trd, 000236.133, 165
Trd, 000236.650, 169
Trd, 000236.867, 179.0
Trd, 000237.333, 158
Trd, 000237.533, 161
Trd, 000237.933, 144.0
Trd, 000238.350, 170
Trd, 000238.850, 156
Trd, 000240.667, 152
Trd, 000240.717, 151
Trd, 000240.850, 150
Trd, 000241.267, 148.0
Trd, 000241.417, 153
Trd, 000241.567, 149
Trd, 000241.617, 147
Trd, 000242.083, 148
Trd, 000242.167, 151
Trd, 000242.367, 154
Trd, 000242.650, 154
Trd, 000242.867, 154
Trd, 000243.200, 155.0
Trd, 000243.383, 149
Trd, 000244.550, 151
Trd, 000244.617, 152
Trd, 000244.633, 149
Trd, 000244.667, 148
Trd, 000245.033, 149
Trd, 000245.983, 149.0
Trd, 000246.067, 155.0
Trd, 000246.967, 158.0
Trd, 000247.983, 153
Trd, 000248.050, 179.0
Trd, 000248.517, 163.0
Trd, 000248.833, 162.0
Trd, 000249.217, 152.0
Trd, 000249.333, 181
Trd, 000250.183, 162
Trd, 000250.517, 155.0
Trd, 000250.983, 152.0
Trd, 000251.133, 148.0
Trd, 000251.500, 157
Trd, 000252.000, 151
Trd, 000252.067, 154
Trd, 000252.617, 155
Trd, 000253.183, 153
Trd, 000253.383, 155.0
Trd, 000253.483, 158.0
Trd, 000253.683, 162.0
Trd, 000253.800, 150
Trd, 000254.750, 154
Trd, 000256.083, 153
Trd, 000256.150, 154
Trd, 000256.350, 151
Trd, 000256.467, 155
Trd, 000256.633, 172.0
Trd, 000257.417, 158
Trd, 000257.633, 163
Trd, 000257.733, 162.0
Trd, 000257.833, 168.0
Trd, 000258.000, 152
Trd, 000259.217, 150
Trd, 000259.617, 151
Trd, 000259.733, 150
Trd, 000260.317, 144.0
Trd, 000260.483, 155.0
Trd, 000260.983, 158.0
Trd, 000261.150, 148
Trd, 000261.700, 157
Trd, 000261.883, 168.0
Trd, 000262.000, 152
Trd, 000262.550, 149
Trd, 000263.167, 153
Trd, 000263.550, 152
Trd, 000264.000, 167.0
Trd, 000264.117, 148.0
Trd, 000264.350, 168.0
Trd, 000264.700, 162.0
Trd, 000264.800, 164
Trd, 000265.517, 164
Trd, 000265.617, 155
Trd, 000265.750, 167
Trd, 000266.200, 169
Trd, 000266.283, 150
Trd, 000266.783, 165.0
Trd, 000267.067, 162
Trd, 000268.083, 162
Trd, 000268.917, 162.0
Trd, 000269.350, 156
Trd, 000270.167, 160
Trd, 000270.467, 163
Trd, 000270.550, 150
Trd, 000270.717, 153
Trd, 000271.067, 160
Trd, 000271.300, 152
Trd, 000271.333, 148.0
Trd, 000271.583, 149
Trd, 000272.167, 144.0
Trd, 000272.333, 141.0
Trd, 000273.033, 139
Trd, 000273.483, 138.0
Trd, 000273.933, 137.0
Trd, 000274.367, 145
Trd, 000274.633, 146
Trd, 000274.650, 155.0
Trd, 000274.983, 152.0
Trd, 000275.083, 148.0
Trd, 000275.933, 151
Trd, 000275.983, 153
Trd, 000276.350, 166.0
Trd, 000276.567, 145
Trd, 000276.817, 168.0
Trd, 000277.150, 148.0
Trd, 000277.783, 146
Trd, 000278.267, 163.0
Trd, 000278.350, 164.0
Trd, 000278.383, 172.0
Trd, 000279.617, 162.0
Trd, 000280.283, 180
Trd, 000280.650, 175.0
Trd, 000280.667, 175
Trd, 000282.500, 158.0
Trd, 000282.600, 156
Trd, 000282.833, 150
Trd, 000283.133, 148
Trd, 000283.633, 148.0
Trd, 000283.717, 149
Trd, 000284.050, 147
Trd, 000284.367, 145.0
Trd, 000284.550, 150
Trd, 000284.917, 144.0
Trd, 000285.017, 141.0
Trd, 000285.350, 150
Trd, 000285.683, 150
Trd, 000285.983, 155.0
Trd, 000286.200, 158.0
Trd, 000287.117, 167.0
Trd, 000287.167, 168.0
Trd, 000288.517, 161
Trd, 000288.700, 161
Trd, 000290.000, 161
Trd, 000290.317, 160
Trd, 000290.350, 158
Trd, 000290.583, 161
Trd, 000290.850, 162
Trd, 000291.100, 154
Trd, 000291.167, 150
Trd, 000291.283, 148.0
Trd, 000291.300, 164
Trd, 000291.417, 144.0
Trd, 000291.733, 141.0
Trd, 000292.433, 131.0
Trd, 000292.667, 124.0
Trd, 000292.817, 136
Trd, 000293.250, 132.0
Trd, 000293.817, 144
Trd, 000294.667, 167.0
Trd, 000294.767, 150
Trd, 000294.783, 148
Trd, 000295.050, 148
Trd, 000295.517, 169.0
Trd, 000295.850, 166
Trd, 000295.883, 162
Trd, 000295.900, 161
Trd, 000296.550, 166
Trd, 000297.067, 162.0
Trd, 000297.233, 148.0
Trd, 000297.450, 167.0
Trd, 000297.900, 145.0
Trd, 000298.383, 152
Trd, 000298.417, 162
Trd, 000298.433, 148
Trd, 000298.750, 160
Trd, 000298.867, 139.0
Trd, 000299.217, 138.0
Trd, 000299.633, 162
Trd, 000299.967, 144.0
