Trd, 000003.517, 133.0
Trd, 000004.000, 134.0
Trd, 000004.200, 135
Trd, 000004.567, 137.0
Trd, 000004.733, 149
Trd, 000005.017, 132
Trd, 000005.650, 133
Trd, 000006.917, 136
Trd, 000007.117, 135
Trd, 000007.217, 147.0
Trd, 000007.617, 151.0
Trd, 000008.200, 155
Trd, 000008.650, 156
Trd, 000008.983, 152.0
Trd, 000009.033, 151.0
Trd, 000009.467, 154
Trd, 000010.683, 151
Trd, 000011.250, 153
Trd, 000011.733, 152
Trd, 000011.983, 148
Trd, 000012.850, 152
Trd, 000013.167, 151.0
Trd, 000013.467, 137.0
Trd, 000014.000, 150
Trd, 000014.917, 151
Trd, 000015.067, 165.0
Trd, 000016.233, 159.0
Trd, 000016.450, 158.0
Trd, 000016.500, 153
Trd, 000016.933, 165.0
Trd, 000018.050, 152
Trd, 000020.067, 155
Trd, 000020.200, 153
Trd, 000020.317, 151.0
Trd, 000020.833, 152
Trd, 000021.067, 151
Trd, 000021.167, 153
Trd, 000021.567, 151
Trd, 000021.850, 137.0
Trd, 000022.583, 147
Trd, 000023.000, 148
Trd, 000023.650, 149
Trd, 000024.267, 163
Trd, 000024.867, 151
Trd, 000025.850, 155
Trd, 000025.867, 153
Trd, 000026.083, 151
Trd, 000026.733, 151.0
Trd, 000027.000, 151
Trd, 000027.550, 151
Trd, 000028.400, 150
Trd, 000029.467, 151
Trd, 000029.483, 135.0
Trd, 000029.850, 150
Trd, 000030.650, 149
Trd, 000031.167, 145
Trd, 000031.717, 145
Trd, 000032.483, 149
Trd, 000032.583, 155
Trd, 000032.833, 148
Trd, 000034.000, 151
Trd, 000034.167, 150.0
Trd, 000035.000, 148
Trd, 000035.317, 150
Trd, 000035.367, 151.0
Trd, 000035.533, 151
Trd, 000035.550, 155
Trd, 000036.017, 145
Trd, 000037.133, 158.0
Trd, 000037.433, 152
Trd, 000037.533, 155
Trd, 000038.183, 152.0
Trd, 000038.967, 154.0
Trd, 000039.150, 151.0
Trd, 000039.167, 148
Trd, 000039.850, 147
Trd, 000040.100, 151.0
Trd, 000041.117, 144
Trd, 000041.917, 146
Trd, 000042.017, 148
Trd, 000042.100, 150
Trd, 000043.033, 145
Trd, 000043.283, 154
Trd, 000043.917, 152
Trd, 000044.150, 148
Trd, 000044.617, 147
Trd, 000045.400, 140
Trd, 000045.800, 138
Trd, 000045.833, 145
Trd, 000047.750, 146
Trd, 000048.217, 143
Trd, 000048.400, 146
Trd, 000048.633, 142
Trd, 000049.833, 148
Trd, 000049.883, 151.0
Trd, 000050.167, 150
Trd, 000050.700, 155
Trd, 000050.917, 153
Trd, 000051.033, 150
Trd, 000051.483, 148
Trd, 000052.600, 146
Trd, 000052.767, 134.0
Trd, 000053.717, 134.0
Trd, 000053.783, 144.0
Trd, 000054.833, 142
Trd, 000055.000, 136
Trd, 000055.950, 140
Trd, 000056.417, 141
Trd, 000056.500, 141
Trd, 000056.700, 150.0
Trd, 000056.933, 151.0
Trd, 000057.017, 155
Trd, 000057.250, 165.0
Trd, 000058.733, 151.0
Trd, 000059.733, 148
Trd, 000059.767, 147
Trd, 000060.033, 151
Trd, 000061.767, 149
Trd, 000062.450, 151.0
Trd, 000062.483, 154
Trd, 000063.183, 147
Trd, 000063.233, 146
Trd, 000063.617, 151.0
Trd, 000063.800, 144
Trd, 000063.817, 151
Trd, 000064.483, 149
Trd, 000065.583, 145
Trd, 000066.000, 150
Trd, 000066.250, 144
Trd, 000066.917, 155
Trd, 000067.100, 161
Trd, 000067.117, 154.0
Trd, 000067.517, 151.0
Trd, 000068.050, 137.0
Trd, 000068.383, 160
Trd, 000070.417, 156.0
Trd, 000070.700, 150
Trd, 000070.833, 156.0
Trd, 000070.933, 157.0
Trd, 000073.467, 154
Trd, 000073.900, 153
Trd, 000074.067, 154
Trd, 000075.333, 151
Trd, 000075.683, 137.0
Trd, 000075.817, 134.0
Trd, 000075.933, 151
Trd, 000077.000, 148
Trd, 000077.500, 143
Trd, 000078.250, 149
Trd, 000078.983, 144
Trd, 000079.033, 148.0
Trd, 000079.217, 143
Trd, 000079.367, 150
Trd, 000079.650, 151.0
Trd, 000080.050, 143
Trd, 000082.217, 148
Trd, 000083.333, 146
Trd, 000083.383, 147
Trd, 000083.567, 144
Trd, 000083.733, 148
Trd, 000083.867, 155
Trd, 000084.767, 150
Trd, 000084.883, 146
Trd, 000085.167, 148
Trd, 000085.567, 145
Trd, 000085.883, 158.0
Trd, 000086.283, 134.0
Trd, 000087.000, 131
Trd, 000088.467, 159.0
Trd, 000089.083, 159
Trd, 000089.350, 159.0
Trd, 000089.467, 160.0
Trd, 000090.217, 159
Trd, 000091.083, 158.0
Trd, 000092.100, 157
Trd, 000092.283, 158
Trd, 000092.333, 160.0
Trd, 000092.833, 156
Trd, 000093.367, 154
Trd, 000093.383, 151
Trd, 000093.433, 151.0
Trd, 000095.767, 152
Trd, 000096.100, 154
Trd, 000096.183, 155
Trd, 000096.817, 154
Trd, 000097.033, 146
Trd, 000098.383, 140
Trd, 000098.600, 141
Trd, 000098.983, 141
Trd, 000099.300, 147
Trd, 000100.083, 146
Trd, 000100.300, 151.0
Trd, 000100.567, 152
Trd, 000100.600, 155
Trd, 000102.200, 151.0
Trd, 000102.750, 162.0
Trd, 000103.817, 156
Trd, 000104.400, 150
Trd, 000104.650, 147
Trd, 000105.150, 147
Trd, 000105.617, 148
Trd, 000106.233, 148
Trd, 000106.583, 146
Trd, 000108.233, 148
Trd, 000108.917, 144
Trd, 000109.000, 148
Trd, 000109.150, 151.0
Trd, 000109.183, 137.0
Trd, 000110.000, 143
Trd, 000110.400, 152
Trd, 000110.650, 153
Trd, 000110.667, 148
Trd, 000111.100, 145
Trd, 000111.250, 153
Trd, 000111.667, 154
Trd, 000111.917, 155
Trd, 000114.600, 151
Trd, 000114.650, 152
Trd, 000114.817, 161
Trd, 000115.083, 151
Trd, 000115.217, 151.0
Trd, 000115.817, 137.0
Trd, 000117.400, 150
Trd, 000117.900, 154
Trd, 000118.000, 154
Trd, 000119.433, 153
Trd, 000119.600, 152
Trd, 000120.350, 151
Trd, 000120.683, 152
Trd, 000120.800, 151.0
Trd, 000121.200, 152
Trd, 000121.817, 151
Trd, 000121.833, 152
Trd, 000122.617, 159
Trd, 000123.267, 157
Trd, 000123.683, 153
Trd, 000124.483, 155
Trd, 000125.267, 154
Trd, 000125.767, 155.0
Trd, 000126.067, 153
Trd, 000126.583, 154
Trd, 000126.667, 151.0
Trd, 000126.783, 155.0
Trd, 000128.250, 155.0
Trd, 000129.967, 152
Trd, 000130.183, 152
Trd, 000130.600, 149
Trd, 000130.933, 137.0
Trd, 000131.033, 134.0
Trd, 000131.083, 137.0
Trd, 000131.217, 131
Trd, 000132.267, 144.0
Trd, 000133.117, 130
Trd, 000133.433, 134.0
Trd, 000133.950, 137
Trd, 000134.133, 137.0
Trd, 000134.633, 136
Trd, 000135.017, 135
Trd, 000135.450, 135
Trd, 000135.817, 135
Trd, 000136.633, 134.0
Trd, 000136.700, 135
Trd, 000137.350, 136
Trd, 000139.317, 149.0
Trd, 000139.500, 151.0
Trd, 000139.917, 155
Trd, 000140.067, 141
Trd, 000140.233, 165.0
Trd, 000142.583, 139
Trd, 000142.933, 139
Trd, 000143.017, 140
Trd, 000143.050, 137.0
Trd, 000143.800, 150.0
Trd, 000144.433, 138
Trd, 000144.650, 137
Trd, 000145.300, 143
Trd, 000145.367, 144.0
Trd, 000145.700, 142
Trd, 000146.367, 139
Trd, 000146.667, 136
Trd, 000148.633, 139
Trd, 000148.667, 147
Trd, 000149.317, 158.0
Trd, 000149.500, 151.0
Trd, 000149.683, 146
Trd, 000150.000, 152
Trd, 000151.083, 149
Trd, 000151.100, 148
Trd, 000151.833, 152
Trd, 000151.917, 147
Trd, 000152.417, 153
Trd, 000154.017, 152.0
Trd, 000154.250, 151.0
Trd, 000154.350, 152
Trd, 000154.500, 150
Trd, 000155.267, 153
Trd, 000155.700, 152
Trd, 000156.067, 149
Trd, 000156.250, 155
Trd, 000157.333, 150
Trd, 000158.083, 150
Trd, 000158.367, 152
Trd, 000158.433, 150
Trd, 000158.783, 151
Trd, 000158.817, 152
Trd, 000159.150, 152
Trd, 000160.550, 152
Trd, 000162.083, 151.0
Trd, 000162.133, 149
Trd, 000163.350, 138.0
Trd, 000163.433, 143
Trd, 000163.583, 147
Trd, 000164.750, 147
Trd, 000164.983, 145
Trd, 000165.117, 146
Trd, 000165.900, 143
Trd, 000166.250, 136.0
Trd, 000166.483, 144.0
Trd, 000166.833, 155
Trd, 000167.083, 151
Trd, 000167.300, 159.0
Trd, 000168.350, 158.0
Trd, 000168.500, 157
Trd, 000169.317, 158.0
Trd, 000169.917, 151
Trd, 000170.300, 151
Trd, 000171.017, 137.0
Trd, 000171.400, 152
Trd, 000172.817, 152
Trd, 000173.333, 153
Trd, 000173.500, 149
Trd, 000173.950, 149
Trd, 000174.633, 149
Trd, 000174.750, 151.0
Trd, 000175.133, 155
Trd, 000175.350, 158.0
Trd, 000176.450, 165.0
Trd, 000176.617, 152
Trd, 000177.117, 158.0
Trd, 000177.133, 151.0
Trd, 000178.717, 153
Trd, 000179.167, 141
Trd, 000179.533, 154
Trd, 000180.000, 155
Trd, 000180.717, 157
Trd, 000180.967, 135.0
Trd, 000182.000, 148
Trd, 000183.017, 153
Trd, 000183.950, 149
Trd, 000184.417, 148
Trd, 000184.750, 150
Trd, 000184.883, 151
Trd, 000185.483, 155
Trd, 000185.517, 146
Trd, 000186.450, 154
Trd, 000186.467, 153
Trd, 000186.650, 164.0
Trd, 000187.617, 154
Trd, 000188.283, 154
Trd, 000188.550, 158.0
Trd, 000189.867, 155.0
Trd, 000190.917, 156
Trd, 000191.500, 155.0
Trd, 000191.967, 156.0
Trd, 000192.750, 154
Trd, 000193.067, 155
Trd, 000193.300, 157.0
Trd, 000193.633, 155
Trd, 000193.667, 151.0
Trd, 000194.383, 155
Trd, 000194.500, 151
Trd, 000195.383, 151
Trd, 000196.083, 151
Trd, 000196.683, 151
Trd, 000196.750, 152
Trd, 000197.683, 149
Trd, 000198.767, 151
Trd, 000199.783, 148
Trd, 000199.950, 147
Trd, 000201.350, 146
Trd, 000201.467, 148
Trd, 000201.483, 151.0
Trd, 000201.517, 137.0
Trd, 000202.617, 154
Trd, 000203.033, 154
Trd, 000203.483, 135.0
Trd, 000203.617, 144
Trd, 000203.933, 151.0
Trd, 000204.583, 146
Trd, 000205.550, 149
Trd, 000207.883, 149
Trd, 000208.017, 148
Trd, 000208.250, 149
Trd, 000208.300, 150
Trd, 000208.950, 145
Trd, 000209.083, 150
Trd, 000209.500, 151.0
Trd, 000209.683, 165.0
Trd, 000210.667, 152
Trd, 000210.800, 150
Trd, 000210.833, 146
Trd, 000210.967, 137.0
Trd, 000211.500, 134.0
Trd, 000213.783, 152
Trd, 000213.917, 154
Trd, 000215.633, 155
Trd, 000216.017, 148
Trd, 000216.050, 154
Trd, 000216.683, 151.0
Trd, 000216.867, 149
Trd, 000217.333, 150
Trd, 000217.600, 161.0
Trd, 000217.933, 154
Trd, 000217.950, 151.0
Trd, 000218.317, 153
Trd, 000219.267, 153
Trd, 000219.567, 138.0
Trd, 000220.733, 154
Trd, 000220.933, 149
Trd, 000222.133, 147
Trd, 000222.433, 150
Trd, 000222.983, 151
Trd, 000223.850, 151
Trd, 000223.867, 144
Trd, 000223.917, 140
Trd, 000224.683, 151
Trd, 000224.733, 143
Trd, 000225.983, 142
Trd, 000226.533, 151
Trd, 000226.983, 153
Trd, 000227.067, 163
Trd, 000228.100, 149
Trd, 000228.383, 149
Trd, 000229.100, 143
Trd, 000229.817, 149
Trd, 000230.217, 144
Trd, 000230.733, 149
Trd, 000231.183, 150
Trd, 000231.567, 151.0
Trd, 000231.917, 142
Trd, 000232.067, 141
Trd, 000232.683, 140
Trd, 000233.417, 141
Trd, 000234.067, 142
Trd, 000234.300, 144.0
Trd, 000236.283, 146
Trd, 000236.850, 148
Trd, 000236.983, 151.0
Trd, 000237.133, 155
Trd, 000238.467, 158.0
Trd, 000240.033, 153
Trd, 000240.133, 158.0
Trd, 000240.867, 153
Trd, 000241.050, 152.0
Trd, 000241.233, 153
Trd, 000241.300, 151
Trd, 000241.650, 153.0
Trd, 000241.767, 151.0
Trd, 000241.850, 151
Trd, 000242.000, 149
Trd, 000242.717, 152.0
Trd, 000242.883, 151.0
Trd, 000244.300, 151.0
Trd, 000244.517, 151
Trd, 000244.550, 151.0
Trd, 000244.583, 150.0
Trd, 000245.150, 154
Trd, 000245.700, 154
Trd, 000245.767, 148
Trd, 000246.417, 151.0
Trd, 000247.467, 150
Trd, 000247.483, 148.0
Trd, 000247.900, 155
Trd, 000248.650, 155
Trd, 000249.100, 153.0
Trd, 000249.283, 154.0
Trd, 000249.467, 153
Trd, 000250.217, 152.0
Trd, 000250.683, 153
Trd, 000251.250, 151.0
Trd, 000251.900, 153
Trd, 000251.933, 150
Trd, 000252.283, 148.0
Trd, 000252.367, 141.0
Trd, 000252.583, 150
Trd, 000252.900, 152
Trd, 000253.533, 148
Trd, 000254.300, 149
Trd, 000254.317, 150
Trd, 000254.967, 152
Trd, 000255.100, 148
Trd, 000256.317, 151.0
Trd, 000257.300, 152
Trd, 000257.850, 154
Trd, 000258.000, 152
Trd, 000258.050, 155
Trd, 000258.250, 159
Trd, 000258.350, 154
Trd, 000258.583, 148.0
Trd, 000258.767, 141.0
Trd, 000259.917, 156
Trd, 000260.733, 158.0
Trd, 000261.133, 156
Trd, 000262.150, 149
Trd, 000262.333, 150.0
Trd, 000262.783, 149.0
Trd, 000263.233, 151.0
Trd, 000263.683, 148
Trd, 000264.100, 147
Trd, 000264.117, 146
Trd, 000264.800, 135
Trd, 000265.500, 145.0
Trd, 000265.983, 145.0
Trd, 000266.150, 146
Trd, 000266.300, 142.0
Trd, 000266.450, 141.0
Trd, 000266.667, 134.0
Trd, 000267.067, 131
Trd, 000267.817, 140
Trd, 000268.083, 131
Trd, 000268.250, 142
Trd, 000268.367, 149
Trd, 000268.783, 150
Trd, 000268.983, 151.0
Trd, 000269.567, 135.0
Trd, 000270.133, 135
Trd, 000270.733, 135.0
Trd, 000271.033, 137.0
Trd, 000271.617, 139.0
Trd, 000271.633, 165.0
Trd, 000272.217, 156
Trd, 000272.767, 158
Trd, 000273.150, 159.0
Trd, 000274.700, 161.0
Trd, 000275.117, 163.0
Trd, 000275.433, 162
Trd, 000276.300, 159.0
Trd, 000276.567, 158.0
Trd, 000276.583, 148.0
Trd, 000276.717, 141.0
Trd, 000276.833, 142
Trd, 000277.183, 155
Trd, 000278.450, 154
Trd, 000278.483, 153
Trd, 000278.583, 149
Trd, 000278.917, 152
Trd, 000278.933, 148.0
Trd, 000279.250, 148
Trd, 000279.500, 154
Trd, 000279.967, 154
Trd, 000280.267, 149
Trd, 000280.567, 155
Trd, 000281.200, 153
Trd, 000281.683, 149.0
Trd, 000281.833, 158.0
Trd, 000282.017, 150.0
Trd, 000282.400, 157.0
Trd, 000283.983, 142.0
Trd, 000284.083, 141.0
Trd, 000284.117, 148.0
Trd, 000284.700, 141
Trd, 000284.733, 137.0
Trd, 000285.183, 151
Trd, 000285.567, 159
Trd, 000285.900, 152
Trd, 000285.933, 143
Trd, 000286.383, 164.0
Trd, 000287.183, 162.0
Trd, 000287.317, 161.0
Trd, 000287.350, 156
Trd, 000287.983, 151.0
Trd, 000288.667, 149.0
Trd, 000288.833, 160
Trd, 000288.950, 160.0
Trd, 000289.567, 160
Trd, 000289.800, 158.0
Trd, 000290.000, 163.0
Trd, 000290.167, 165.0
Trd, 000291.750, 160
Trd, 000292.150, 160.0
Trd, 000292.500, 158.0
Trd, 000293.200, 167.0
Trd, 000294.183, 160
Trd, 000294.233, 161
Trd, 000294.517, 157
Trd, 000294.900, 151.0
Trd, 000295.217, 156
Trd, 000296.283, 154
Trd, 000296.517, 153
Trd, 000296.583, 148.0
Trd, 000296.833, 143
Trd, 000296.983, 141.0
Trd, 000297.633, 151.0
Trd, 000297.650, 153
Trd, 000297.833, 137.0
Trd, 000298.217, 135.0
Trd, 000299.800, 142
