Trd, 000001.517, 148.0
Trd, 000002.200, 182.0
Trd, 000002.517, 124.0
Trd, 000003.183, 157
Trd, 000003.750, 132
Trd, 000004.483, 135
Trd, 000004.600, 144.0
Trd, 000005.917, 157.0
Trd, 000006.917, 143
Trd, 000007.067, 144.0
Trd, 000007.267, 142
Trd, 000007.550, 145
Trd, 000008.233, 156
Trd, 000008.317, 162.0
Trd, 000008.767, 157
Trd, 000009.267, 153
Trd, 000010.433, 152
Trd, 000011.000, 153
Trd, 000011.783, 152
Trd, 000012.150, 151.0
Trd, 000012.183, 152
Trd, 000012.317, 148.0
Trd, 000012.750, 141.0
Trd, 000012.950, 154
Trd, 000013.350, 131
Trd, 000015.967, 144
Trd, 000016.083, 144
Trd, 000016.517, 142
Trd, 000017.183, 140
Trd, 000017.783, 141
Trd, 000018.033, 142
Trd, 000018.050, 127
Trd, 000019.717, 138.0
Trd, 000019.917, 140
Trd, 000020.200, 140.0
Trd, 000021.617, 139
Trd, 000021.767, 141.0
Trd, 000021.817, 141
Trd, 000021.967, 144.0
Trd, 000022.317, 151
Trd, 000023.167, 155
Trd, 000023.400, 152
Trd, 000023.683, 151
Trd, 000024.417, 149
Trd, 000025.233, 149.0
Trd, 000025.933, 153
Trd, 000025.983, 148.0
Trd, 000026.250, 140
Trd, 000026.517, 157.0
Trd, 000028.383, 142
Trd, 000028.550, 142
Trd, 000029.017, 141.0
Trd, 000029.150, 142
Trd, 000029.283, 138
Trd, 000030.367, 139
Trd, 000030.550, 141
Trd, 000030.667, 142
Trd, 000031.117, 138
Trd, 000031.517, 144.0
Trd, 000031.550, 136
Trd, 000031.717, 136
Trd, 000032.500, 151
Trd, 000032.833, 158.0
Trd, 000033.550, 143
Trd, 000034.100, 146
Trd, 000034.600, 157
Trd, 000035.450, 148
Trd, 000036.517, 149
Trd, 000037.500, 151
Trd, 000038.000, 150
Trd, 000038.117, 147
Trd, 000038.333, 147
Trd, 000038.717, 150.0
Trd, 000038.750, 149.0
Trd, 000040.100, 149
Trd, 000040.367, 148.0
Trd, 000040.533, 150
Trd, 000040.817, 149
Trd, 000041.567, 150
Trd, 000041.883, 150
Trd, 000044.100, 151
Trd, 000044.150, 150.0
Trd, 000044.283, 148.0
Trd, 000044.550, 145
Trd, 000045.317, 145
Trd, 000046.000, 143
Trd, 000047.083, 143
Trd, 000047.117, 140
Trd, 000048.133, 142
Trd, 000048.517, 142
Trd, 000049.000, 143
Trd, 000049.867, 144
Trd, 000050.117, 144
Trd, 000050.333, 143
Trd, 000050.900, 144
Trd, 000051.300, 144.0
Trd, 000051.533, 143
Trd, 000052.583, 151
Trd, 000053.150, 149.0
Trd, 000053.283, 148.0
Trd, 000053.933, 148
Trd, 000055.400, 149
Trd, 000056.033, 147
Trd, 000057.650, 147
Trd, 000058.233, 143
Trd, 000058.250, 141
Trd, 000059.250, 144
Trd, 000059.750, 140
Trd, 000059.850, 144
Trd, 000060.200, 144.0
Trd, 000060.267, 136
Trd, 000061.067, 144
Trd, 000062.633, 142
Trd, 000062.883, 142
Trd, 000063.217, 144
Trd, 000063.267, 151
Trd, 000063.483, 141
Trd, 000064.500, 154.0
Trd, 000064.600, 143
Trd, 000064.900, 142
Trd, 000065.367, 142
Trd, 000065.683, 144.0
Trd, 000066.500, 141
Trd, 000067.850, 145
Trd, 000068.833, 145
Trd, 000069.033, 145
Trd, 000069.567, 144
Trd, 000069.583, 144
Trd, 000069.917, 148.0
Trd, 000070.317, 149
Trd, 000071.483, 147
Trd, 000071.967, 146
Trd, 000072.200, 146
Trd, 000072.383, 157.0
Trd, 000072.617, 140
Trd, 000072.650, 148
Trd, 000073.033, 144
Trd, 000073.267, 149
Trd, 000073.933, 127
Trd, 000074.133, 149
Trd, 000075.783, 148
Trd, 000075.983, 148.0
Trd, 000077.200, 139
Trd, 000077.950, 144
Trd, 000078.600, 143
Trd, 000078.650, 144
Trd, 000078.667, 143
Trd, 000078.833, 144.0
Trd, 000079.867, 133
Trd, 000081.333, 140
Trd, 000082.783, 137.0
Trd, 000082.983, 138
Trd, 000083.383, 139
Trd, 000083.717, 137
Trd, 000084.183, 140.0
Trd, 000085.133, 140
Trd, 000085.283, 140
Trd, 000085.867, 141.0
Trd, 000086.117, 144.0
Trd, 000087.350, 142
Trd, 000087.683, 141
Trd, 000087.883, 136
Trd, 000088.183, 141
Trd, 000088.917, 140
Trd, 000089.183, 141
Trd, 000089.300, 152
Trd, 000090.383, 155
Trd, 000090.967, 150.0
Trd, 000091.017, 148.0
Trd, 000091.117, 140
Trd, 000091.567, 141.0
Trd, 000093.683, 143
Trd, 000094.117, 144.0
Trd, 000094.667, 144
Trd, 000095.167, 146
Trd, 000095.300, 145
Trd, 000096.067, 156.0
Trd, 000096.233, 156
Trd, 000096.683, 155
Trd, 000096.983, 152.0
Trd, 000097.333, 155
Trd, 000097.367, 154
Trd, 000098.600, 152.0
Trd, 000099.000, 152.0
Trd, 000100.150, 151
Trd, 000101.033, 151.0
Trd, 000101.517, 150.0
Trd, 000101.650, 148.0
Trd, 000102.117, 151
Trd, 000102.533, 150
Trd, 000103.450, 127
Trd, 000104.400, 139
Trd, 000104.833, 139
Trd, 000105.517, 140
Trd, 000105.950, 140
Trd, 000105.983, 141.0
Trd, 000106.467, 140
Trd, 000107.233, 139
Trd, 000108.017, 140
Trd, 000108.050, 138
Trd, 000108.317, 144.0
Trd, 000109.017, 142
Trd, 000109.433, 149
Trd, 000110.000, 151
Trd, 000110.150, 148.0
Trd, 000111.017, 145
Trd, 000111.167, 145
Trd, 000111.583, 156.0
Trd, 000111.667, 147
Trd, 000112.567, 149
Trd, 000113.433, 156.0
Trd, 000114.500, 155
Trd, 000114.983, 150
Trd, 000116.733, 153
Trd, 000117.217, 151.0
Trd, 000117.333, 150
Trd, 000117.517, 149.0
Trd, 000117.583, 149
Trd, 000118.167, 151
Trd, 000118.500, 148.0
Trd, 000118.917, 149
Trd, 000119.817, 148.0
Trd, 000121.033, 151
Trd, 000122.067, 149
Trd, 000122.450, 150
Trd, 000123.100, 145
Trd, 000123.867, 148.0
Trd, 000123.900, 149
Trd, 000124.167, 149
Trd, 000124.233, 151
Trd, 000124.950, 150
Trd, 000125.283, 147
Trd, 000126.983, 149
Trd, 000127.100, 150
Trd, 000127.200, 148
Trd, 000127.350, 148.0
Trd, 000127.367, 147
Trd, 000127.717, 149
Trd, 000127.900, 140
Trd, 000129.583, 149
Trd, 000130.300, 151
Trd, 000130.850, 152
Trd, 000131.350, 147
Trd, 000131.500, 148.0
Trd, 000131.683, 157.0
Trd, 000131.833, 147
Trd, 000132.267, 144
Trd, 000133.300, 137.0
Trd, 000133.983, 149
Trd, 000134.083, 152
Trd, 000134.117, 140
Trd, 000134.667, 141.0
Trd, 000136.733, 143
Trd, 000137.383, 143
Trd, 000137.433, 139
Trd, 000138.717, 136
Trd, 000139.233, 141
Trd, 000139.750, 142
Trd, 000139.983, 141.0
Trd, 000140.017, 144.0
Trd, 000140.083, 139
Trd, 000140.217, 146
Trd, 000140.900, 138
Trd, 000142.200, 144.0
Trd, 000143.533, 144.0
Trd, 000144.033, 148.0
Trd, 000144.433, 140
Trd, 000144.450, 140
Trd, 000145.367, 145
Trd, 000146.300, 142
Trd, 000146.583, 139
Trd, 000147.217, 141
Trd, 000147.700, 142
Trd, 000148.383, 142
Trd, 000148.950, 144.0
Trd, 000149.433, 141
Trd, 000149.717, 140
Trd, 000149.733, 141.0
Trd, 000150.367, 138
Trd, 000150.850, 139
Trd, 000151.767, 141
Trd, 000151.800, 137
Trd, 000152.250, 139.0
Trd, 000153.700, 140
Trd, 000153.733, 137
Trd, 000154.317, 141.0
Trd, 000155.283, 140
Trd, 000155.333, 144.0
Trd, 000155.867, 142
Trd, 000156.417, 144
Trd, 000157.833, 151.0
Trd, 000158.550, 154
Trd, 000158.700, 152
Trd, 000159.100, 165.0
Trd, 000159.167, 153
Trd, 000159.433, 148.0
Trd, 000160.600, 150
Trd, 000160.800, 142
Trd, 000161.567, 145
Trd, 000161.933, 158.0
Trd, 000162.017, 161.0
Trd, 000163.317, 141.0
Trd, 000163.433, 146
Trd, 000164.317, 143
Trd, 000164.917, 144
Trd, 000165.467, 147
Trd, 000166.483, 147
Trd, 000166.717, 146
Trd, 000166.783, 141
Trd, 000167.333, 144
Trd, 000167.583, 147
Trd, 000168.350, 147
Trd, 000169.483, 151
Trd, 000169.567, 150
Trd, 000169.617, 149
Trd, 000169.967, 149
Trd, 000170.117, 151
Trd, 000170.133, 152
Trd, 000170.467, 150
Trd, 000171.167, 148
Trd, 000172.100, 147
Trd, 000172.933, 145
Trd, 000174.267, 150
Trd, 000175.483, 149
Trd, 000175.667, 150
Trd, 000175.783, 148
Trd, 000176.267, 148.0
Trd, 000176.700, 149
Trd, 000177.150, 151
Trd, 000177.367, 150.0
Trd, 000178.133, 152
Trd, 000178.783, 149.0
Trd, 000179.833, 151
Trd, 000181.117, 152
Trd, 000181.217, 148.0
Trd, 000181.867, 150
Trd, 000182.233, 153
Trd, 000182.517, 148
Trd, 000183.283, 140
Trd, 000184.233, 148
Trd, 000184.767, 144
Trd, 000185.467, 144
Trd, 000185.583, 143
Trd, 000185.650, 145
Trd, 000185.867, 142
Trd, 000185.950, 144.0
Trd, 000186.433, 134
Trd, 000186.483, 139
Trd, 000187.000, 139.0
Trd, 000187.400, 139
Trd, 000188.400, 141.0
Trd, 000188.483, 141
Trd, 000188.500, 151
Trd, 000189.817, 156.0
Trd, 000190.317, 146
Trd, 000190.933, 146
Trd, 000191.383, 143
Trd, 000191.650, 148.0
Trd, 000192.217, 149
Trd, 000192.750, 147
Trd, 000193.917, 147
Trd, 000194.217, 146
Trd, 000194.250, 151
Trd, 000194.900, 149
Trd, 000195.450, 148
Trd, 000196.100, 140
Trd, 000196.283, 141.0
Trd, 000197.583, 137.0
Trd, 000198.150, 136
Trd, 000198.383, 139
Trd, 000199.417, 140
Trd, 000200.833, 140
Trd, 000200.900, 138
Trd, 000201.917, 141.0
Trd, 000202.467, 141
Trd, 000202.767, 140
Trd, 000202.800, 151
Trd, 000203.467, 141.0
Trd, 000203.817, 158.0
Trd, 000204.083, 148
Trd, 000204.467, 139
Trd, 000206.017, 137
Trd, 000206.083, 142.0
Trd, 000206.233, 143.0
Trd, 000206.817, 138
Trd, 000206.833, 144.0
Trd, 000207.650, 144
Trd, 000207.933, 146
Trd, 000208.683, 139
Trd, 000208.883, 158.0
Trd, 000209.317, 142
Trd, 000210.033, 144.0
Trd, 000210.350, 143
Trd, 000210.367, 138
Trd, 000210.867, 140
Trd, 000210.933, 143
Trd, 000212.017, 150
Trd, 000212.617, 150
Trd, 000213.550, 149
Trd, 000214.150, 149
Trd, 000214.883, 149.0
Trd, 000215.067, 150
Trd, 000215.917, 150.0
Trd, 000215.983, 151
Trd, 000216.017, 149.0
Trd, 000216.600, 148.0
Trd, 000218.733, 140
Trd, 000218.783, 142
Trd, 000218.900, 143
Trd, 000219.633, 152
Trd, 000219.917, 145
Trd, 000220.117, 155.0
Trd, 000220.467, 158.0
Trd, 000220.783, 147
Trd, 000221.350, 165.0
Trd, 000221.750, 149
Trd, 000223.233, 148
Trd, 000223.467, 147
Trd, 000223.583, 148
Trd, 000223.883, 146
Trd, 000224.333, 144
Trd, 000225.867, 142
Trd, 000226.300, 142
Trd, 000226.367, 142
Trd, 000226.733, 144
Trd, 000226.783, 151
Trd, 000227.133, 158.0
Trd, 000227.650, 162.0
Trd, 000228.133, 150
Trd, 000228.317, 148.0
Trd, 000229.683, 150
Trd, 000230.433, 151
Trd, 000230.500, 150
Trd, 000231.283, 151
Trd, 000231.900, 152
Trd, 000232.733, 148
Trd, 000233.933, 148
Trd, 000234.617, 146
Trd, 000234.783, 146
Trd, 000235.950, 148
Trd, 000236.300, 148
Trd, 000236.417, 147
Trd, 000236.967, 145
Trd, 000237.267, 149
Trd, 000238.300, 148.0
Trd, 000238.450, 149
Trd, 000238.883, 149
Trd, 000239.683, 147
Trd, 000240.083, 148
Trd, 000240.383, 149
Trd, 000240.700, 149
Trd, 000240.850, 150
Trd, 000241.117, 148
Trd, 000241.517, 148.0
Trd, 000241.867, 147
Trd, 000242.300, 142
Trd, 000242.317, 149
Trd, 000242.600, 149
Trd, 000242.983, 154
Trd, 000244.217, 152
Trd, 000244.300, 148
Trd, 000244.383, 154.0
Trd, 000244.533, 155.0
Trd, 000245.417, 158.0
Trd, 000245.767, 153
Trd, 000245.783, 156
Trd, 000246.683, 161.0
Trd, 000247.500, 162.0
Trd, 000247.650, 158
Trd, 000247.850, 161
Trd, 000248.033, 158
Trd, 000248.383, 165.0
Trd, 000249.233, 161
Trd, 000249.650, 158
Trd, 000250.417, 157
Trd, 000250.783, 159
Trd, 000250.833, 158
Trd, 000251.000, 159
Trd, 000251.017, 151.0
Trd, 000251.300, 148.0
Trd, 000253.250, 140
Trd, 000253.450, 148.0
Trd, 000253.733, 138.0
Trd, 000254.017, 149
Trd, 000254.483, 143
Trd, 000255.050, 140
Trd, 000255.217, 141.0
Trd, 000255.800, 141
Trd, 000256.233, 148.0
Trd, 000256.283, 147.0
Trd, 000256.333, 144.0
Trd, 000256.533, 151
Trd, 000256.833, 147
Trd, 000257.850, 149
Trd, 000258.017, 148.0
Trd, 000258.117, 153.0
Trd, 000259.133, 148.0
Trd, 000259.533, 148.0
Trd, 000259.633, 151
Trd, 000259.700, 152
Trd, 000259.983, 158.0
Trd, 000260.283, 155.0
Trd, 000261.600, 150
Trd, 000261.617, 149
Trd, 000261.650, 147.0
Trd, 000261.783, 144
Trd, 000261.900, 153
Trd, 000262.450, 140
Trd, 000263.183, 141.0
Trd, 000264.200, 142.0
Trd, 000264.533, 142
Trd, 000265.100, 141.0
Trd, 000265.833, 140.0
Trd, 000266.150, 141
Trd, 000266.233, 141.0
Trd, 000266.400, 144.0
Trd, 000267.283, 139
Trd, 000267.317, 138.0
Trd, 000268.217, 146
Trd, 000268.783, 150.0
Trd, 000269.050, 153
Trd, 000269.150, 153
Trd, 000269.267, 154
Trd, 000269.733, 154
Trd, 000269.800, 160.0
Trd, 000270.183, 158.0
Trd, 000270.717, 157
Trd, 000270.867, 156
Trd, 000271.400, 152.0
Trd, 000271.417, 151.0
Trd, 000271.667, 137.0
Trd, 000271.750, 151
Trd, 000271.967, 141.0
Trd, 000272.950, 141
Trd, 000273.733, 144.0
Trd, 000274.217, 143
Trd, 000274.617, 147
Trd, 000275.200, 147.0
Trd, 000275.267, 148.0
Trd, 000275.883, 157.0
Trd, 000276.300, 148
Trd, 000276.633, 152
Trd, 000277.150, 152
Trd, 000277.700, 152
Trd, 000277.817, 153
Trd, 000278.100, 154
Trd, 000278.700, 153
Trd, 000278.883, 155.0
Trd, 000279.300, 153
Trd, 000279.683, 156
Trd, 000280.433, 154.0
Trd, 000280.583, 153.0
Trd, 000280.633, 151.0
Trd, 000281.633, 155
Trd, 000281.800, 158.0
Trd, 000282.600, 149
Trd, 000283.150, 149.0
Trd, 000283.350, 149.0
Trd, 000283.550, 150
Trd, 000284.150, 155
Trd, 000284.167, 148.0
Trd, 000284.650, 154
Trd, 000284.950, 140
Trd, 000285.967, 139.0
Trd, 000286.050, 141.0
Trd, 000286.083, 148.0
Trd, 000286.700, 150
Trd, 000287.117, 144.0
Trd, 000287.133, 143
Trd, 000287.800, 148.0
Trd, 000288.317, 149
Trd, 000288.850, 145
Trd, 000289.450, 151
Trd, 000289.567, 145
Trd, 000290.367, 144.0
Trd, 000290.567, 145.0
Trd, 000290.767, 144.0
Trd, 000290.850, 148
Trd, 000290.867, 150
Trd, 000291.433, 150
Trd, 000291.550, 148.0
Trd, 000292.383, 147.0
Trd, 000292.550, 143.0
Trd, 000293.317, 143
Trd, 000293.650, 157.0
Trd, 000294.050, 157
Trd, 000294.183, 143
Trd, 000294.533, 158.0
Trd, 000294.983, 142
Trd, 000295.133, 148.0
Trd, 000295.583, 158
Trd, 000296.600, 154
Trd, 000296.800, 152
Trd, 000297.100, 153
Trd, 000297.383, 153
Trd, 000297.450, 155
Trd, 000297.617, 151
Trd, 000299.150, 152
Trd, 000299.283, 151.0
Trd, 000299.417, 152
