Trd, 000003.117, 130
Trd, 000003.667, 139
Trd, 000004.050, 138
Trd, 000004.500, 134.0
Trd, 000005.800, 138
Trd, 000005.983, 143
Trd, 000006.217, 142
Trd, 000006.817, 149
Trd, 000007.350, 150.0
Trd, 000009.417, 144
Trd, 000009.800, 144
Trd, 000010.150, 136
Trd, 000010.200, 148
Trd, 000010.550, 139
Trd, 000010.667, 151.0
Trd, 000012.350, 143
Trd, 000012.817, 145
Trd, 000012.850, 142
Trd, 000013.717, 144
Trd, 000014.667, 142
Trd, 000014.733, 143
Trd, 000015.717, 149.0
Trd, 000015.767, 151.0
Trd, 000015.933, 142
Trd, 000017.533, 145
Trd, 000018.500, 144
Trd, 000018.800, 143
Trd, 000018.900, 144
Trd, 000019.767, 145
Trd, 000020.100, 144
Trd, 000021.467, 148
Trd, 000022.467, 144
Trd, 000023.400, 142
Trd, 000023.417, 143
Trd, 000023.750, 144
Trd, 000026.550, 143
Trd, 000027.950, 143
Trd, 000029.000, 142
Trd, 000031.250, 142
Trd, 000031.367, 141
Trd, 000032.683, 141
Trd, 000032.983, 141
Trd, 000033.167, 140
Trd, 000033.233, 142
Trd, 000035.167, 140
Trd, 000035.600, 139
Trd, 000035.750, 141
Trd, 000036.250, 141
Trd, 000037.033, 139
Trd, 000038.250, 137.0
Trd, 000038.400, 140
Trd, 000039.233, 140
Trd, 000039.833, 141
Trd, 000040.267, 145
Trd, 000040.300, 146
Trd, 000041.950, 148
Trd, 000044.067, 144
Trd, 000044.467, 145.0
Trd, 000045.850, 144
Trd, 000046.033, 143
Trd, 000046.567, 142
Trd, 000047.767, 141
Trd, 000047.783, 143
Trd, 000048.150, 143
Trd, 000048.333, 148
Trd, 000048.350, 140
Trd, 000049.400, 147
Trd, 000050.200, 147
Trd, 000052.000, 145
Trd, 000052.150, 141
Trd, 000052.183, 159
Trd, 000054.000, 150
Trd, 000056.517, 144
Trd, 000056.933, 143
Trd, 000057.067, 143
Trd, 000057.300, 146
Trd, 000057.450, 146
Trd, 000058.450, 143
Trd, 000059.750, 142
Trd, 000059.833, 143
Trd, 000061.550, 144
Trd, 000061.950, 144
Trd, 000063.500, 144
Trd, 000063.700, 141
Trd, 000064.400, 144
Trd, 000064.850, 148
Trd, 000066.833, 141
Trd, 000066.933, 140
Trd, 000067.600, 141.0
Trd, 000067.867, 142.0
Trd, 000069.800, 140
Trd, 000069.933, 141
Trd, 000070.100, 143
Trd, 000070.233, 144
Trd, 000070.283, 139
Trd, 000072.317, 143
Trd, 000074.350, 143
Trd, 000074.883, 144
Trd, 000076.033, 138
Trd, 000076.783, 138
Trd, 000076.933, 138
Trd, 000077.017, 137
Trd, 000077.167, 141
Trd, 000077.233, 148
Trd, 000078.183, 151.0
Trd, 000079.983, 142
Trd, 000080.667, 142
Trd, 000080.783, 140
Trd, 000082.900, 140
Trd, 000083.133, 142
Trd, 000084.383, 142
Trd, 000086.033, 141
Trd, 000086.283, 142
Trd, 000086.950, 141
Trd, 000087.217, 142
Trd, 000088.367, 146
Trd, 000089.933, 143
Trd, 000091.367, 142
Trd, 000092.750, 142
Trd, 000092.767, 141
Trd, 000092.800, 143
Trd, 000094.967, 142
Trd, 000096.517, 142
Trd, 000096.867, 141
Trd, 000097.383, 144
Trd, 000097.650, 141
Trd, 000097.850, 143
Trd, 000099.233, 141
Trd, 000100.650, 142
Trd, 000100.750, 140
Trd, 000101.550, 143
Trd, 000102.883, 145
Trd, 000103.700, 144
Trd, 000103.867, 146
Trd, 000104.150, 148
Trd, 000105.500, 146
Trd, 000105.667, 145
Trd, 000105.717, 144
Trd, 000106.267, 155.0
Trd, 000107.850, 149
Trd, 000108.033, 151
Trd, 000108.933, 150
Trd, 000110.383, 152
Trd, 000110.500, 152
Trd, 000111.100, 150
Trd, 000112.117, 149
Trd, 000112.250, 149
Trd, 000113.533, 149
Trd, 000113.583, 150
Trd, 000114.583, 149.0
Trd, 000115.150, 149
Trd, 000115.283, 148
Trd, 000115.917, 150.0
Trd, 000116.750, 149
Trd, 000117.983, 142
Trd, 000118.067, 143
Trd, 000119.750, 144
Trd, 000121.083, 146
Trd, 000121.150, 148
Trd, 000122.383, 146
Trd, 000123.967, 145
Trd, 000124.250, 145
Trd, 000124.983, 144
Trd, 000125.983, 147
Trd, 000126.617, 147
Trd, 000126.733, 143
Trd, 000126.850, 149
Trd, 000129.050, 147
Trd, 000129.700, 147.0
Trd, 000129.883, 148.0
Trd, 000130.517, 148
Trd, 000131.733, 147
Trd, 000132.100, 148
Trd, 000132.367, 149
Trd, 000134.133, 148
Trd, 000134.917, 149
Trd, 000135.000, 147
Trd, 000135.350, 148
Trd, 000135.450, 155.0
Trd, 000135.817, 157
Trd, 000135.917, 157
Trd, 000137.317, 153
Trd, 000138.117, 146
Trd, 000139.133, 153
Trd, 000139.717, 155
Trd, 000141.217, 153
Trd, 000141.233, 154
Trd, 000142.033, 153
Trd, 000142.517, 151
Trd, 000142.683, 155
Trd, 000143.133, 153
Trd, 000144.550, 153
Trd, 000144.600, 155
Trd, 000145.033, 152
Trd, 000146.633, 155
Trd, 000146.883, 155.0
Trd, 000147.333, 155
Trd, 000148.217, 156
Trd, 000148.600, 154
Trd, 000148.650, 153
Trd, 000148.700, 156
Trd, 000149.933, 157
Trd, 000150.150, 158
Trd, 000152.517, 155.0
Trd, 000153.067, 155
Trd, 000154.400, 153
Trd, 000155.350, 139
Trd, 000155.933, 150
Trd, 000157.500, 149
Trd, 000157.700, 151
Trd, 000158.067, 149
Trd, 000158.583, 151
Trd, 000159.833, 151
Trd, 000160.567, 149
Trd, 000162.033, 144
Trd, 000162.783, 145
Trd, 000163.633, 145
Trd, 000163.933, 145
Trd, 000164.117, 144
Trd, 000164.600, 143
Trd, 000164.833, 140
Trd, 000165.950, 143
Trd, 000166.250, 147
Trd, 000167.467, 147
Trd, 000168.850, 144
Trd, 000169.183, 144
Trd, 000169.283, 146
Trd, 000170.100, 146
Trd, 000171.633, 145
Trd, 000172.633, 144
Trd, 000172.883, 145
Trd, 000173.483, 143
Trd, 000173.583, 148
Trd, 000174.150, 148
Trd, 000176.433, 145
Trd, 000176.783, 142
Trd, 000176.900, 146
Trd, 000179.500, 144
Trd, 000180.833, 142
Trd, 000181.483, 142
Trd, 000181.517, 145
Trd, 000181.983, 144
Trd, 000184.400, 143
Trd, 000184.533, 142
Trd, 000184.817, 141
Trd, 000185.867, 141
Trd, 000186.717, 141
Trd, 000187.717, 142
Trd, 000188.217, 141
Trd, 000188.500, 139
Trd, 000190.267, 139
Trd, 000190.483, 138
Trd, 000191.283, 138
Trd, 000192.317, 139
Trd, 000192.733, 139
Trd, 000193.250, 139
Trd, 000193.533, 139
Trd, 000194.483, 147
Trd, 000194.583, 146
Trd, 000195.467, 138
Trd, 000196.100, 140
Trd, 000197.367, 141
Trd, 000197.650, 140
Trd, 000200.267, 145
Trd, 000202.150, 145
Trd, 000202.517, 145
Trd, 000203.900, 143
Trd, 000205.367, 143
Trd, 000205.667, 144
Trd, 000205.883, 142
Trd, 000207.533, 144
Trd, 000208.100, 144
Trd, 000208.450, 144
Trd, 000208.850, 144
Trd, 000208.900, 145
Trd, 000209.017, 151.0
Trd, 000210.850, 145
Trd, 000211.283, 146
Trd, 000212.017, 148
Trd, 000212.683, 147
Trd, 000212.717, 144
Trd, 000213.450, 144
Trd, 000213.683, 145
Trd, 000214.517, 145
Trd, 000214.667, 146
Trd, 000216.350, 143
Trd, 000216.917, 148
Trd, 000218.967, 142
Trd, 000219.633, 143.0
Trd, 000219.717, 143
Trd, 000220.450, 144
Trd, 000220.883, 140
Trd, 000222.117, 143
Trd, 000222.567, 143
Trd, 000223.283, 145
Trd, 000224.750, 148
Trd, 000225.350, 151.0
Trd, 000227.183, 143
Trd, 000227.567, 143
Trd, 000227.950, 144
Trd, 000228.950, 143
Trd, 000229.067, 142
Trd, 000229.567, 144
Trd, 000229.850, 148
Trd, 000231.933, 151.0
Trd, 000235.167, 146
Trd, 000235.650, 146
Trd, 000236.267, 143
Trd, 000237.717, 144
Trd, 000238.183, 144
Trd, 000239.100, 141
Trd, 000239.117, 141
Trd, 000239.300, 142
Trd, 000240.067, 142
Trd, 000240.550, 149.0
Trd, 000240.767, 147
Trd, 000241.067, 145
Trd, 000241.183, 146
Trd, 000241.333, 145
Trd, 000241.667, 146
Trd, 000241.933, 147
Trd, 000243.433, 145
Trd, 000243.517, 146
Trd, 000243.683, 148
Trd, 000243.733, 147.0
Trd, 000244.067, 151.0
Trd, 000244.650, 151
Trd, 000245.250, 156.0
Trd, 000245.667, 151
Trd, 000245.750, 151
Trd, 000246.583, 150
Trd, 000246.600, 153
Trd, 000247.600, 151
Trd, 000247.667, 151
Trd, 000248.033, 150
Trd, 000248.050, 152
Trd, 000248.200, 151.0
Trd, 000248.733, 150
Trd, 000249.267, 152
Trd, 000249.317, 149
Trd, 000250.367, 150
Trd, 000250.417, 149
Trd, 000251.667, 148
Trd, 000252.650, 146
Trd, 000253.867, 144.0
Trd, 000254.033, 146.0
Trd, 000254.233, 144.0
Trd, 000254.683, 140
Trd, 000254.933, 141.0
Trd, 000255.933, 145
Trd, 000256.167, 144
Trd, 000256.867, 143.0
Trd, 000257.617, 144.0
Trd, 000259.150, 143
Trd, 000259.283, 143
Trd, 000259.517, 142
Trd, 000259.850, 142
Trd, 000260.483, 141.0
Trd, 000260.617, 143
Trd, 000261.100, 141
Trd, 000261.167, 140
Trd, 000261.400, 142.0
Trd, 000261.900, 140.0
Trd, 000262.950, 140
Trd, 000263.433, 144.0
Trd, 000263.817, 142
Trd, 000263.833, 148
Trd, 000264.633, 156
Trd, 000265.467, 151
Trd, 000265.700, 147
Trd, 000265.817, 144
Trd, 000266.117, 148
Trd, 000266.400, 153
Trd, 000266.467, 143
Trd, 000266.883, 147
Trd, 000267.017, 144.0
Trd, 000267.700, 147
Trd, 000268.333, 143
Trd, 000270.100, 144.0
Trd, 000270.283, 144
Trd, 000270.800, 139
Trd, 000271.283, 137.0
Trd, 000271.850, 137.0
Trd, 000272.033, 137
Trd, 000272.400, 143
Trd, 000272.617, 142
Trd, 000273.817, 140
Trd, 000274.617, 140
Trd, 000275.533, 140
Trd, 000275.633, 140
Trd, 000276.383, 139
Trd, 000276.583, 141.0
Trd, 000276.683, 144.0
Trd, 000278.017, 140
Trd, 000278.417, 142
Trd, 000278.467, 140
Trd, 000278.617, 138
Trd, 000278.683, 142
Trd, 000279.483, 137.0
Trd, 000279.750, 144
Trd, 000279.850, 144.0
Trd, 000280.500, 144.0
Trd, 000280.617, 141
Trd, 000280.650, 145
Trd, 000281.367, 148
Trd, 000281.533, 140
Trd, 000282.050, 158
Trd, 000282.400, 162.0
Trd, 000282.467, 142
Trd, 000284.000, 158
Trd, 000284.550, 160.0
Trd, 000285.417, 155.0
Trd, 000285.500, 152
Trd, 000285.867, 153
Trd, 000286.083, 152
Trd, 000286.233, 148
Trd, 000286.733, 147
Trd, 000286.767, 145
Trd, 000286.850, 144.0
Trd, 000287.667, 151
Trd, 000288.017, 151
Trd, 000288.217, 152
Trd, 000288.533, 141.0
Trd, 000290.383, 148
Trd, 000290.450, 149
Trd, 000291.067, 151.0
Trd, 000291.450, 149
Trd, 000291.883, 146
Trd, 000292.017, 144
Trd, 000292.367, 147
Trd, 000292.633, 147
Trd, 000293.217, 146
Trd, 000293.867, 144.0
Trd, 000293.967, 146
Trd, 000294.367, 145
Trd, 000294.500, 144
Trd, 000294.550, 146
Trd, 000294.883, 148
Trd, 000295.100, 142
Trd, 000295.433, 134.0
Trd, 000295.450, 149.0
Trd, 000295.883, 140.0
Trd, 000296.100, 141.0
Trd, 000297.200, 140
Trd, 000297.483, 146
Trd, 000298.217, 143
Trd, 000299.200, 143
Trd, 000299.767, 141.0
Trd, 000299.867, 143
Trd, 000299.983, 144.0
