Trd, 000001.350, 155.0
Trd, 000002.650, 168.0
Trd, 000002.950, 151.0
Trd, 000003.017, 144.0
Trd, 000003.367, 143
Trd, 000004.217, 163.0
Trd, 000004.617, 165.0
Trd, 000004.917, 162.0
Trd, 000005.350, 162
Trd, 000006.417, 152
Trd, 000006.683, 163
Trd, 000007.067, 167.0
Trd, 000008.600, 155.0
Trd, 000009.850, 151.0
Trd, 000009.933, 159
Trd, 000010.150, 152
Trd, 000010.183, 159
Trd, 000011.183, 160
Trd, 000013.333, 154
Trd, 000013.483, 154
Trd, 000013.667, 152
Trd, 000014.267, 154
Trd, 000014.300, 153
Trd, 000014.733, 152
Trd, 000016.167, 155
Trd, 000016.867, 155
Trd, 000016.917, 150
Trd, 000017.067, 149
Trd, 000017.617, 155.0
Trd, 000017.700, 165.0
Trd, 000017.783, 147
Trd, 000017.933, 124.0
Trd, 000018.117, 174.0
Trd, 000019.000, 137
Trd, 000019.717, 146
Trd, 000021.217, 142
Trd, 000021.517, 142
Trd, 000022.133, 143
Trd, 000022.517, 144
Trd, 000022.700, 143
Trd, 000023.217, 143
Trd, 000023.300, 145
Trd, 000024.350, 146
Trd, 000025.733, 147
Trd, 000026.117, 151
Trd, 000026.150, 155.0
Trd, 000026.767, 151
Trd, 000027.800, 150
Trd, 000028.233, 149
Trd, 000028.850, 149.0
Trd, 000029.500, 148
Trd, 000029.633, 150
Trd, 000030.083, 147
Trd, 000030.117, 155.0
Trd, 000030.933, 150
Trd, 000031.067, 152
Trd, 000031.150, 147
Trd, 000031.767, 145.0
Trd, 000032.350, 150
Trd, 000032.667, 151
Trd, 000033.117, 152
Trd, 000034.050, 146.0
Trd, 000034.750, 148
Trd, 000034.983, 145
Trd, 000035.883, 149
Trd, 000035.933, 145
Trd, 000037.217, 150
Trd, 000037.733, 150
Trd, 000038.533, 149
Trd, 000038.667, 150
Trd, 000039.017, 150
Trd, 000039.217, 149
Trd, 000039.883, 147
Trd, 000040.217, 144.0
Trd, 000041.817, 150
Trd, 000041.933, 151
Trd, 000042.333, 149
Trd, 000042.617, 152
Trd, 000044.133, 150
Trd, 000044.583, 150
Trd, 000044.650, 147
Trd, 000044.800, 151
Trd, 000045.483, 150
Trd, 000046.117, 146
Trd, 000047.000, 148
Trd, 000047.683, 149
Trd, 000048.000, 151
Trd, 000048.433, 153.0
Trd, 000048.550, 147
Trd, 000048.733, 155.0
Trd, 000049.133, 165.0
Trd, 000049.617, 145
Trd, 000049.650, 144.0
Trd, 000051.167, 147
Trd, 000051.250, 146
Trd, 000052.017, 146
Trd, 000052.150, 147
Trd, 000052.933, 147
Trd, 000053.033, 146
Trd, 000053.450, 155.0
Trd, 000053.700, 165.0
Trd, 000054.700, 165.0
Trd, 000056.183, 146
Trd, 000057.150, 147
Trd, 000058.233, 154
Trd, 000058.667, 151
Trd, 000059.350, 147
Trd, 000059.983, 149
Trd, 000060.383, 148
Trd, 000061.083, 151
Trd, 000061.167, 151
Trd, 000061.400, 150
Trd, 000062.250, 147
Trd, 000062.300, 147
Trd, 000063.750, 149
Trd, 000063.867, 146
Trd, 000064.000, 150
Trd, 000064.983, 153
Trd, 000065.167, 155.0
Trd, 000066.450, 153
Trd, 000066.783, 152
Trd, 000067.500, 150
Trd, 000068.017, 150
Trd, 000068.117, 154.0
Trd, 000068.350, 154.0
Trd, 000069.100, 150
Trd, 000069.433, 155.0
Trd, 000070.067, 152
Trd, 000070.533, 155
Trd, 000071.700, 147
Trd, 000071.800, 150
Trd, 000071.967, 165.0
Trd, 000072.483, 147
Trd, 000072.850, 155.0
Trd, 000073.483, 150
Trd, 000073.800, 162.0
Trd, 000073.967, 144.0
Trd, 000076.033, 151
Trd, 000076.067, 142
Trd, 000078.100, 148
Trd, 000078.283, 150
Trd, 000079.033, 150
Trd, 000079.150, 149
Trd, 000079.383, 148
Trd, 000080.100, 147
Trd, 000080.367, 147
Trd, 000080.750, 148
Trd, 000080.950, 147
Trd, 000081.233, 146
Trd, 000081.250, 144.0
Trd, 000081.317, 149
Trd, 000082.650, 149
Trd, 000082.683, 142
Trd, 000083.333, 143
Trd, 000084.117, 155.0
Trd, 000084.700, 165.0
Trd, 000085.033, 168.0
Trd, 000085.967, 165
Trd, 000086.817, 164
Trd, 000087.150, 166
Trd, 000087.683, 162
Trd, 000088.067, 166
Trd, 000088.167, 171.0
Trd, 000090.317, 163
Trd, 000090.333, 162.0
Trd, 000090.433, 152.0
Trd, 000090.733, 151.0
Trd, 000091.067, 150
Trd, 000091.517, 147
Trd, 000092.067, 155.0
Trd, 000092.350, 144.0
Trd, 000093.500, 144
Trd, 000094.067, 146
Trd, 000094.250, 147
Trd, 000094.650, 145
Trd, 000094.667, 150
Trd, 000094.867, 145
Trd, 000095.783, 144
Trd, 000095.817, 149
Trd, 000096.217, 174.0
Trd, 000096.750, 168.0
Trd, 000098.750, 160
Trd, 000099.200, 159
Trd, 000099.233, 164
Trd, 000099.683, 165
Trd, 000100.967, 167.0
Trd, 000101.133, 162.0
Trd, 000101.500, 161
Trd, 000102.450, 158
Trd, 000103.850, 162.0
Trd, 000104.217, 162
Trd, 000104.467, 163
Trd, 000104.983, 163
Trd, 000105.750, 162
Trd, 000107.267, 161
Trd, 000107.900, 165.0
Trd, 000107.917, 158
Trd, 000108.400, 162
Trd, 000108.700, 158
Trd, 000109.333, 158
Trd, 000109.500, 154.0
Trd, 000110.400, 151.0
Trd, 000110.800, 155.0
Trd, 000110.917, 158
Trd, 000111.450, 144.0
Trd, 000111.650, 155.0
Trd, 000111.700, 158
Trd, 000112.050, 150
Trd, 000112.333, 163.0
Trd, 000113.383, 149
Trd, 000114.800, 160.0
Trd, 000114.950, 165.0
Trd, 000115.467, 162
Trd, 000117.900, 162
Trd, 000118.083, 166
Trd, 000118.367, 161
Trd, 000118.750, 168.0
Trd, 000119.567, 165
Trd, 000119.717, 166
Trd, 000120.283, 166
Trd, 000121.333, 164
Trd, 000121.867, 163
Trd, 000122.367, 162
Trd, 000122.750, 161
Trd, 000124.483, 162.0
Trd, 000125.250, 158
Trd, 000125.383, 162
Trd, 000126.383, 159
Trd, 000126.683, 160
Trd, 000126.717, 158
Trd, 000127.250, 159
Trd, 000127.483, 152.0
Trd, 000128.117, 155.0
Trd, 000128.867, 160
Trd, 000129.067, 160
Trd, 000129.817, 156
Trd, 000130.150, 155
Trd, 000130.500, 151.0
Trd, 000130.800, 151
Trd, 000130.933, 153
Trd, 000131.233, 154
Trd, 000131.400, 147
Trd, 000131.533, 155
Trd, 000133.133, 146
Trd, 000133.433, 134
Trd, 000135.383, 157
Trd, 000135.600, 150
Trd, 000136.067, 149
Trd, 000136.333, 153.0
Trd, 000136.850, 154
Trd, 000137.317, 155.0
Trd, 000137.533, 154
Trd, 000137.650, 150
Trd, 000137.900, 155
Trd, 000138.750, 152
Trd, 000139.033, 150
Trd, 000139.200, 147
Trd, 000140.317, 147
Trd, 000140.417, 148
Trd, 000140.600, 129
Trd, 000141.883, 162.0
Trd, 000142.150, 163.0
Trd, 000143.183, 151
Trd, 000143.800, 151
Trd, 000143.967, 155.0
Trd, 000144.367, 144
Trd, 000144.783, 133
Trd, 000145.383, 163.0
Trd, 000145.650, 165.0
Trd, 000146.300, 160
Trd, 000146.700, 157
Trd, 000146.767, 156
Trd, 000147.017, 153
Trd, 000148.500, 160
Trd, 000148.617, 161
Trd, 000149.117, 158
Trd, 000149.967, 161
Trd, 000150.267, 159
Trd, 000150.900, 163
Trd, 000151.067, 156
Trd, 000151.967, 155
Trd, 000153.350, 162.0
Trd, 000154.600, 157
Trd, 000154.933, 156
Trd, 000155.133, 150
Trd, 000155.383, 157
Trd, 000155.600, 148
Trd, 000156.267, 151
Trd, 000156.533, 147
Trd, 000157.217, 146.0
Trd, 000158.183, 140
Trd, 000158.333, 141
Trd, 000158.450, 140
Trd, 000159.283, 141
Trd, 000160.000, 143
Trd, 000160.883, 143
Trd, 000161.433, 152
Trd, 000161.500, 155.0
Trd, 000162.750, 142
Trd, 000162.833, 150
Trd, 000164.717, 147
Trd, 000164.750, 144
Trd, 000164.967, 148
Trd, 000165.050, 155.0
Trd, 000166.667, 149
Trd, 000166.767, 145
Trd, 000167.033, 151
Trd, 000167.233, 148
Trd, 000169.133, 153.0
Trd, 000169.867, 152
Trd, 000170.533, 151
Trd, 000170.617, 149
Trd, 000171.500, 150.0
Trd, 000172.550, 151
Trd, 000173.583, 152
Trd, 000173.733, 155.0
Trd, 000174.133, 154
Trd, 000174.483, 154
Trd, 000175.150, 155.0
Trd, 000175.600, 151
Trd, 000176.983, 151
Trd, 000177.767, 150
Trd, 000178.183, 149
Trd, 000178.533, 149
Trd, 000178.900, 150
Trd, 000179.117, 151
Trd, 000179.683, 150
Trd, 000180.383, 150
Trd, 000181.167, 154
Trd, 000181.550, 165.0
Trd, 000183.700, 152
Trd, 000183.733, 150
Trd, 000183.833, 152
Trd, 000183.967, 152
Trd, 000184.100, 155.0
Trd, 000185.567, 153
Trd, 000186.433, 154
Trd, 000186.483, 151.0
Trd, 000187.633, 153
Trd, 000187.650, 151
Trd, 000187.983, 154
Trd, 000188.583, 153
Trd, 000188.617, 151.0
Trd, 000188.667, 154
Trd, 000190.517, 152
Trd, 000190.600, 152
Trd, 000191.000, 151
Trd, 000191.850, 152
Trd, 000192.317, 155.0
Trd, 000192.467, 162.0
Trd, 000193.583, 168.0
Trd, 000193.633, 153
Trd, 000194.050, 147
Trd, 000195.350, 168.0
Trd, 000195.750, 168.0
Trd, 000196.450, 163
Trd, 000197.850, 162
Trd, 000199.567, 162
Trd, 000200.033, 161
Trd, 000201.000, 162.0
Trd, 000201.050, 163
Trd, 000201.100, 164
Trd, 000201.133, 160
Trd, 000201.317, 158
Trd, 000202.600, 163
Trd, 000202.667, 152
Trd, 000202.933, 151.0
Trd, 000203.250, 155
Trd, 000203.550, 163
Trd, 000204.133, 154
Trd, 000204.600, 147
Trd, 000204.733, 162.0
Trd, 000206.650, 155
Trd, 000206.667, 158.0
Trd, 000206.817, 168.0
Trd, 000207.217, 153
Trd, 000208.133, 161
Trd, 000208.367, 162.0
Trd, 000209.200, 168
Trd, 000210.183, 161
Trd, 000210.500, 161
Trd, 000211.817, 165.0
Trd, 000211.850, 168.0
Trd, 000212.217, 164
Trd, 000212.400, 162
Trd, 000213.467, 147
Trd, 000213.517, 144.0
Trd, 000213.667, 150
Trd, 000214.217, 152
Trd, 000214.267, 154.0
Trd, 000214.900, 155.0
Trd, 000215.433, 156
Trd, 000215.950, 168.0
Trd, 000216.400, 150
Trd, 000218.300, 169.0
Trd, 000218.683, 169.0
Trd, 000218.767, 165
Trd, 000218.983, 151.0
Trd, 000219.433, 164
Trd, 000220.100, 162.0
Trd, 000220.250, 162
Trd, 000221.167, 163.0
Trd, 000222.650, 163
Trd, 000222.850, 160
Trd, 000223.417, 159
Trd, 000223.467, 161
Trd, 000224.000, 160
Trd, 000224.133, 159
Trd, 000225.450, 155
Trd, 000225.500, 157
Trd, 000225.683, 158
Trd, 000225.700, 159
Trd, 000227.100, 156
Trd, 000227.633, 158
Trd, 000228.467, 156
Trd, 000229.217, 161
Trd, 000229.767, 162.0
Trd, 000229.800, 164.0
Trd, 000230.383, 155
Trd, 000231.600, 160
Trd, 000231.733, 155
Trd, 000232.067, 147
Trd, 000232.817, 160
Trd, 000233.600, 155.0
Trd, 000234.467, 168.0
Trd, 000234.583, 153
Trd, 000235.317, 153
Trd, 000235.900, 156
Trd, 000236.633, 152
Trd, 000237.950, 151.0
Trd, 000238.000, 152
Trd, 000239.217, 152
Trd, 000239.367, 150
Trd, 000239.450, 153
Trd, 000239.700, 153
Trd, 000239.717, 147
Trd, 000240.200, 153
Trd, 000240.550, 153
Trd, 000240.883, 151.0
Trd, 000241.533, 151.0
Trd, 000241.550, 151
Trd, 000241.867, 151
Trd, 000242.150, 151.0
Trd, 000242.217, 150
Trd, 000242.300, 152
Trd, 000243.417, 155.0
Trd, 000243.617, 154
Trd, 000243.833, 155
Trd, 000243.867, 150
Trd, 000243.983, 158.0
Trd, 000245.367, 155
Trd, 000245.483, 152
Trd, 000246.350, 154.0
Trd, 000247.033, 154.0
Trd, 000247.067, 151.0
Trd, 000247.567, 147
Trd, 000247.783, 150
Trd, 000248.900, 136
Trd, 000249.450, 129.0
Trd, 000250.333, 137
Trd, 000250.450, 143
Trd, 000250.517, 151.0
Trd, 000250.533, 155.0
Trd, 000251.500, 151
Trd, 000251.633, 151
Trd, 000251.733, 152
Trd, 000251.767, 158.0
Trd, 000253.283, 162.0
Trd, 000253.517, 161
Trd, 000253.733, 163.0
Trd, 000253.783, 164.0
Trd, 000253.933, 158
Trd, 000254.183, 156
Trd, 000254.667, 158
Trd, 000255.183, 158
Trd, 000255.350, 159.0
Trd, 000255.700, 155.0
Trd, 000256.250, 154
Trd, 000256.500, 153
Trd, 000256.833, 154.0
Trd, 000257.867, 158.0
Trd, 000258.400, 155.0
Trd, 000258.667, 154
Trd, 000259.350, 160.0
Trd, 000259.617, 162
Trd, 000259.750, 155
Trd, 000259.783, 161
Trd, 000260.267, 165.0
Trd, 000260.467, 155.0
Trd, 000260.567, 163
Trd, 000261.667, 154
Trd, 000261.750, 147
Trd, 000263.083, 151.0
Trd, 000263.283, 150
Trd, 000263.683, 151
Trd, 000264.167, 151.0
Trd, 000264.383, 150
Trd, 000264.533, 149
Trd, 000264.700, 151.0
Trd, 000265.717, 147
Trd, 000265.750, 144.0
Trd, 000265.900, 151
Trd, 000266.617, 155.0
Trd, 000266.917, 157.0
Trd, 000266.967, 155.0
Trd, 000267.600, 131
Trd, 000267.767, 149
Trd, 000268.767, 141
Trd, 000269.117, 137
Trd, 000269.167, 143.0
Trd, 000270.000, 143
Trd, 000270.467, 143
Trd, 000270.800, 142
Trd, 000271.017, 144.0
Trd, 000271.700, 154.0
Trd, 000272.483, 158.0
Trd, 000272.800, 155.0
Trd, 000273.483, 151
Trd, 000273.733, 155.0
Trd, 000274.700, 160.0
Trd, 000274.750, 158
Trd, 000274.967, 154
Trd, 000275.033, 156
Trd, 000275.383, 156
Trd, 000275.500, 151
Trd, 000275.533, 158.0
Trd, 000275.883, 153
Trd, 000276.850, 158
Trd, 000277.050, 152
Trd, 000277.550, 151.0
Trd, 000278.033, 151
Trd, 000278.317, 153
Trd, 000279.667, 155
Trd, 000280.083, 158.0
Trd, 000280.417, 155.0
Trd, 000280.533, 157.0
Trd, 000280.867, 162
Trd, 000281.500, 157
Trd, 000281.567, 154
Trd, 000281.850, 155.0
Trd, 000281.900, 158
Trd, 000282.000, 151.0
Trd, 000283.050, 163.0
Trd, 000283.433, 162.0
Trd, 000284.433, 151.0
Trd, 000284.767, 154
Trd, 000284.850, 156
Trd, 000285.067, 153
Trd, 000285.200, 147
Trd, 000285.433, 155.0
Trd, 000285.850, 146.0
Trd, 000286.633, 155
Trd, 000286.833, 147.0
Trd, 000287.183, 155
Trd, 000287.717, 155.0
Trd, 000288.467, 151.0
Trd, 000288.483, 156.0
Trd, 000288.950, 154
Trd, 000289.500, 158.0
Trd, 000290.083, 155.0
Trd, 000290.250, 157
Trd, 000290.450, 154
Trd, 000290.883, 165.0
Trd, 000291.267, 154
Trd, 000291.600, 162.0
Trd, 000291.733, 165
Trd, 000293.550, 162.0
Trd, 000293.850, 160
Trd, 000293.933, 162
Trd, 000294.017, 164
Trd, 000295.150, 164.0
Trd, 000295.367, 162
Trd, 000295.600, 160
Trd, 000295.667, 165.0
Trd, 000296.067, 159
Trd, 000296.517, 155.0
Trd, 000296.917, 148
Trd, 000297.667, 147
Trd, 000298.050, 137.0
Trd, 000298.283, 145
Trd, 000298.367, 155.0
Trd, 000299.000, 164
Trd, 000299.600, 161.0
Trd, 000299.683, 148
