Trd, 000002.433, 184
Trd, 000003.150, 175
Trd, 000003.367, 174
Trd, 000003.383, 144
Trd, 000003.400, 144.0
Trd, 000003.917, 144.0
Trd, 000004.650, 137.0
Trd, 000004.817, 158
Trd, 000005.300, 155
Trd, 000005.683, 167
Trd, 000006.433, 156
Trd, 000007.600, 156
Trd, 000008.400, 153
Trd, 000008.650, 154
Trd, 000010.050, 148
Trd, 000010.150, 149
Trd, 000010.683, 148
Trd, 000010.767, 147
Trd, 000010.850, 144.0
Trd, 000011.767, 148
Trd, 000012.050, 154
Trd, 000012.317, 153
Trd, 000013.683, 164
Trd, 000014.083, 164
Trd, 000014.167, 163.0
Trd, 000014.567, 165
Trd, 000014.900, 169
Trd, 000015.500, 163.0
Trd, 000015.567, 162.0
Trd, 000016.383, 167
Trd, 000017.583, 164
Trd, 000017.917, 161
Trd, 000018.067, 159
Trd, 000018.333, 157
Trd, 000018.600, 155.0
Trd, 000018.817, 161
Trd, 000019.633, 162
Trd, 000020.317, 160
Trd, 000020.750, 156
Trd, 000021.233, 151
Trd, 000022.100, 158
Trd, 000022.550, 153
Trd, 000023.017, 154
Trd, 000024.050, 156
Trd, 000024.317, 155
Trd, 000024.600, 156
Trd, 000024.800, 163.0
Trd, 000024.883, 162.0
Trd, 000027.283, 151
Trd, 000027.550, 151
Trd, 000027.700, 152
Trd, 000027.733, 151
Trd, 000028.067, 155
Trd, 000028.167, 151
Trd, 000028.250, 152
Trd, 000028.367, 151
Trd, 000029.117, 153
Trd, 000029.650, 152
Trd, 000030.200, 153
Trd, 000030.250, 147
Trd, 000030.517, 154
Trd, 000031.833, 156
Trd, 000032.933, 167
Trd, 000033.033, 156
Trd, 000034.250, 158
Trd, 000035.217, 146
Trd, 000035.233, 145
Trd, 000036.283, 152
Trd, 000036.650, 151
Trd, 000036.783, 152
Trd, 000036.917, 152
Trd, 000037.017, 153
Trd, 000037.233, 156
Trd, 000037.633, 168
Trd, 000037.933, 153
Trd, 000039.383, 152
Trd, 000039.400, 148
Trd, 000041.033, 151
Trd, 000041.550, 150
Trd, 000041.783, 149
Trd, 000041.950, 150
Trd, 000041.983, 155
Trd, 000042.350, 155
Trd, 000043.100, 149
Trd, 000044.117, 164.0
Trd, 000044.333, 163.0
Trd, 000044.617, 163.0
Trd, 000045.367, 162.0
Trd, 000046.150, 157
Trd, 000046.300, 164
Trd, 000047.517, 159
Trd, 000048.400, 155
Trd, 000048.533, 149
Trd, 000048.817, 154
Trd, 000049.517, 154
Trd, 000050.333, 154
Trd, 000050.417, 167
Trd, 000050.617, 160
Trd, 000050.733, 168
Trd, 000051.450, 152
Trd, 000052.117, 148.0
Trd, 000052.150, 146.0
Trd, 000052.883, 162
Trd, 000054.017, 163.0
Trd, 000054.767, 163
Trd, 000055.000, 163.0
Trd, 000055.400, 162.0
Trd, 000055.817, 157
Trd, 000057.150, 161
Trd, 000057.167, 156.0
Trd, 000058.500, 157.0
Trd, 000058.717, 156.0
Trd, 000058.833, 162
Trd, 000059.900, 155.0
Trd, 000059.917, 162
Trd, 000060.300, 162
Trd, 000060.517, 166
Trd, 000061.667, 166
Trd, 000062.917, 164
Trd, 000063.383, 162.0
Trd, 000064.533, 164
Trd, 000064.583, 163
Trd, 000064.600, 165
Trd, 000065.317, 165
Trd, 000065.900, 164
Trd, 000066.200, 157
Trd, 000066.300, 165
Trd, 000067.150, 162
Trd, 000067.917, 146
Trd, 000068.733, 156
Trd, 000069.267, 156
Trd, 000069.633, 155
Trd, 000070.683, 156
Trd, 000070.900, 156
Trd, 000070.967, 157
Trd, 000071.283, 155
Trd, 000071.700, 154
Trd, 000071.817, 169
Trd, 000072.233, 178
Trd, 000073.333, 169
Trd, 000073.367, 168
Trd, 000074.417, 162.0
Trd, 000075.650, 157
Trd, 000077.283, 156
Trd, 000077.733, 155
Trd, 000078.100, 157
Trd, 000078.167, 158
Trd, 000078.817, 157
Trd, 000080.650, 155
Trd, 000080.683, 157
Trd, 000080.867, 155
Trd, 000081.683, 156
Trd, 000081.833, 157
Trd, 000082.550, 156
Trd, 000082.883, 157
Trd, 000083.717, 156
Trd, 000084.183, 157
Trd, 000084.417, 158
Trd, 000084.567, 155
Trd, 000085.450, 150
Trd, 000085.717, 159
Trd, 000086.583, 157
Trd, 000086.667, 158
Trd, 000087.233, 157
Trd, 000087.283, 155
Trd, 000087.517, 153
Trd, 000087.617, 147
Trd, 000088.033, 158
Trd, 000088.100, 159
Trd, 000088.633, 150
Trd, 000088.667, 156
Trd, 000089.683, 138
Trd, 000091.400, 148
Trd, 000092.000, 144
Trd, 000092.383, 146
Trd, 000092.450, 149
Trd, 000092.933, 146.0
Trd, 000093.817, 170
Trd, 000094.250, 145
Trd, 000094.433, 146
Trd, 000095.417, 151
Trd, 000095.900, 151
Trd, 000096.017, 150
Trd, 000096.583, 152
Trd, 000096.900, 159
Trd, 000097.533, 151
Trd, 000097.833, 154
Trd, 000098.183, 150
Trd, 000098.617, 151
Trd, 000099.367, 158
Trd, 000099.667, 158
Trd, 000100.483, 156
Trd, 000100.717, 156
Trd, 000100.933, 157
Trd, 000101.000, 158
Trd, 000101.683, 155.0
Trd, 000101.983, 156
Trd, 000102.200, 155
Trd, 000102.283, 154
Trd, 000104.867, 152
Trd, 000105.650, 152
Trd, 000105.800, 153
Trd, 000106.100, 154
Trd, 000106.383, 154
Trd, 000106.550, 155
Trd, 000107.250, 153
Trd, 000107.417, 162.0
Trd, 000107.433, 147
Trd, 000107.950, 153
Trd, 000109.617, 152
Trd, 000109.967, 154
Trd, 000110.017, 155
Trd, 000110.283, 153
Trd, 000110.450, 153
Trd, 000111.200, 154
Trd, 000111.500, 167
Trd, 000112.267, 167
Trd, 000112.283, 152
Trd, 000112.467, 136
Trd, 000113.283, 144
Trd, 000114.500, 147.0
Trd, 000116.000, 161
Trd, 000116.200, 158
Trd, 000116.250, 150.0
Trd, 000116.367, 149.0
Trd, 000118.083, 152
Trd, 000118.567, 153
Trd, 000118.600, 157
Trd, 000119.433, 153
Trd, 000119.717, 153
Trd, 000120.417, 151
Trd, 000120.500, 156
Trd, 000120.517, 150
Trd, 000121.333, 165
Trd, 000122.950, 156
Trd, 000123.217, 153
Trd, 000124.100, 154
Trd, 000124.383, 152
Trd, 000124.983, 153
Trd, 000125.417, 153
Trd, 000125.767, 153
Trd, 000125.983, 153
Trd, 000126.350, 147
Trd, 000126.533, 144.0
Trd, 000127.317, 136
Trd, 000127.900, 150
Trd, 000129.183, 147
Trd, 000129.267, 146
Trd, 000129.950, 147
Trd, 000130.117, 148
Trd, 000130.450, 148
Trd, 000130.883, 144
Trd, 000131.017, 168
Trd, 000131.450, 143
Trd, 000132.100, 154
Trd, 000132.317, 172
Trd, 000133.517, 163
Trd, 000133.533, 156
Trd, 000134.950, 156
Trd, 000135.550, 160
Trd, 000135.850, 156.0
Trd, 000136.250, 160
Trd, 000136.383, 161
Trd, 000137.000, 169
Trd, 000137.433, 176
Trd, 000138.067, 156.0
Trd, 000138.833, 155.0
Trd, 000139.533, 153
Trd, 000139.700, 147
Trd, 000139.733, 158
Trd, 000141.150, 152
Trd, 000141.533, 153
Trd, 000142.333, 152
Trd, 000142.650, 152
Trd, 000143.000, 153
Trd, 000143.567, 152.0
Trd, 000144.383, 151
Trd, 000144.683, 153
Trd, 000144.700, 150.0
Trd, 000145.050, 153
Trd, 000146.233, 150.0
Trd, 000146.933, 149
Trd, 000147.617, 152
Trd, 000147.850, 150
Trd, 000148.133, 147
Trd, 000148.233, 144.0
Trd, 000148.817, 145
Trd, 000148.833, 149
Trd, 000149.400, 136
Trd, 000149.733, 136.0
Trd, 000150.283, 137.0
Trd, 000151.133, 147
Trd, 000151.300, 166
Trd, 000152.200, 148
Trd, 000152.900, 146
Trd, 000152.967, 146
Trd, 000153.683, 147
Trd, 000154.100, 146
Trd, 000155.767, 162.0
Trd, 000155.933, 154
Trd, 000156.233, 145.0
Trd, 000156.350, 144.0
Trd, 000156.817, 154
Trd, 000157.117, 163
Trd, 000157.200, 168
Trd, 000157.600, 162.0
Trd, 000159.367, 146
Trd, 000159.900, 155
Trd, 000160.033, 155
Trd, 000160.567, 144.0
Trd, 000161.383, 144.0
Trd, 000161.583, 142
Trd, 000163.183, 143
Trd, 000163.533, 142
Trd, 000163.683, 142
Trd, 000164.717, 137.0
Trd, 000165.400, 144.0
Trd, 000165.883, 162.0
Trd, 000166.700, 168
Trd, 000166.817, 154
Trd, 000167.217, 160
Trd, 000167.467, 140
Trd, 000167.750, 139
Trd, 000167.933, 162.0
Trd, 000168.633, 141
Trd, 000169.450, 144.0
Trd, 000169.483, 146
Trd, 000169.767, 145
Trd, 000169.950, 146
Trd, 000170.933, 144
Trd, 000171.333, 145
Trd, 000172.050, 145
Trd, 000172.333, 136
Trd, 000172.433, 145
Trd, 000173.083, 137.0
Trd, 000174.000, 138.0
Trd, 000175.167, 138
Trd, 000175.200, 137.0
Trd, 000176.467, 142.0
Trd, 000176.650, 140
Trd, 000176.683, 144.0
Trd, 000177.150, 140
Trd, 000178.350, 166
Trd, 000178.900, 148
Trd, 000179.717, 148
Trd, 000179.833, 151
Trd, 000180.067, 147
Trd, 000180.183, 153
Trd, 000180.417, 145
Trd, 000181.800, 163.0
Trd, 000182.983, 147.0
Trd, 000183.067, 160
Trd, 000183.400, 161
Trd, 000183.450, 148.0
Trd, 000183.883, 147
Trd, 000185.017, 144.0
Trd, 000185.583, 144.0
Trd, 000186.217, 150
Trd, 000186.317, 150
Trd, 000186.400, 150
Trd, 000187.033, 151
Trd, 000187.917, 148
Trd, 000188.183, 149
Trd, 000188.733, 144.0
Trd, 000189.000, 138
Trd, 000189.400, 145
Trd, 000189.483, 147
Trd, 000190.383, 158
Trd, 000190.550, 164
Trd, 000190.900, 144.0
Trd, 000192.250, 161
Trd, 000192.650, 146
Trd, 000192.783, 161
Trd, 000192.983, 163
Trd, 000193.817, 136
Trd, 000195.183, 146
Trd, 000196.033, 146.0
Trd, 000196.500, 153
Trd, 000196.900, 154
Trd, 000197.483, 162.0
Trd, 000197.667, 148.0
Trd, 000198.367, 158
Trd, 000199.100, 146
Trd, 000199.800, 156
Trd, 000200.133, 162
Trd, 000201.367, 154
Trd, 000201.417, 156
Trd, 000202.750, 153
Trd, 000202.833, 152
Trd, 000203.783, 150
Trd, 000204.950, 148.0
Trd, 000205.233, 149
Trd, 000205.533, 150
Trd, 000205.850, 151
Trd, 000206.117, 148
Trd, 000206.833, 147
Trd, 000207.433, 151
Trd, 000207.500, 152
Trd, 000207.917, 165
Trd, 000208.917, 158
Trd, 000209.233, 147
Trd, 000209.800, 145.0
Trd, 000210.100, 160
Trd, 000210.683, 160
Trd, 000210.750, 144.0
Trd, 000212.733, 159
Trd, 000212.900, 149
Trd, 000213.083, 159
Trd, 000213.183, 163
Trd, 000213.733, 152
Trd, 000214.217, 153
Trd, 000214.833, 159
Trd, 000214.950, 152
Trd, 000215.367, 159
Trd, 000216.017, 149
Trd, 000216.617, 155
Trd, 000217.150, 155
Trd, 000218.033, 154
Trd, 000218.650, 155
Trd, 000218.700, 154
Trd, 000219.467, 154
Trd, 000220.100, 153
Trd, 000220.283, 152
Trd, 000220.983, 156
Trd, 000221.100, 154
Trd, 000222.633, 153
Trd, 000223.383, 145.0
Trd, 000224.150, 150
Trd, 000224.317, 150
Trd, 000224.433, 151
Trd, 000224.667, 149
Trd, 000225.650, 149
Trd, 000226.050, 150
Trd, 000226.583, 150
Trd, 000227.267, 150
Trd, 000228.267, 149
Trd, 000228.533, 147
Trd, 000228.633, 144.0
Trd, 000228.950, 150
Trd, 000228.983, 136
Trd, 000229.517, 150
Trd, 000230.350, 152
Trd, 000231.183, 165
Trd, 000231.800, 161
Trd, 000233.133, 160
Trd, 000233.633, 168
Trd, 000234.933, 163
Trd, 000235.200, 162.0
Trd, 000235.283, 161
Trd, 000235.583, 160
Trd, 000236.600, 156
Trd, 000236.617, 155.0
Trd, 000236.867, 162.0
Trd, 000237.233, 146
Trd, 000237.300, 156
Trd, 000239.467, 152
Trd, 000239.533, 147
Trd, 000239.667, 152
Trd, 000239.833, 153
Trd, 000240.517, 149
Trd, 000240.767, 151
Trd, 000241.250, 151
Trd, 000241.450, 151
Trd, 000241.650, 149
Trd, 000242.117, 149
Trd, 000242.317, 149
Trd, 000242.650, 146.0
Trd, 000242.700, 148.0
Trd, 000242.917, 148.0
Trd, 000243.300, 147.0
Trd, 000243.633, 147
Trd, 000243.917, 149
Trd, 000244.733, 146
Trd, 000245.783, 149
Trd, 000246.783, 148
Trd, 000246.900, 160
Trd, 000247.917, 160
Trd, 000248.483, 162.0
Trd, 000249.550, 152
Trd, 000249.783, 155
Trd, 000250.400, 168
Trd, 000250.967, 157.0
Trd, 000251.167, 162
Trd, 000251.800, 159
Trd, 000252.617, 158
Trd, 000252.783, 158
Trd, 000253.433, 159.0
Trd, 000253.900, 158
Trd, 000254.367, 157
Trd, 000254.917, 159.0
Trd, 000254.967, 156.0
Trd, 000255.350, 160
Trd, 000255.550, 155.0
Trd, 000255.933, 160
Trd, 000256.117, 154
Trd, 000256.667, 151.0
Trd, 000256.750, 153
Trd, 000256.767, 160
Trd, 000257.383, 157
Trd, 000257.583, 156
Trd, 000257.617, 157
Trd, 000258.033, 148
Trd, 000258.617, 151
Trd, 000259.433, 147
Trd, 000259.783, 152.0
Trd, 000260.867, 144.0
Trd, 000261.200, 143
Trd, 000262.300, 142
Trd, 000262.350, 143
Trd, 000262.567, 144
Trd, 000262.700, 144
Trd, 000262.917, 145
Trd, 000263.267, 148.0
Trd, 000263.883, 136
Trd, 000264.217, 144.0
Trd, 000265.017, 140
Trd, 000265.283, 144
Trd, 000266.050, 145
Trd, 000266.083, 147.0
Trd, 000266.667, 145
Trd, 000266.783, 148.0
Trd, 000267.283, 150.0
Trd, 000268.850, 160.0
Trd, 000269.117, 152.0
Trd, 000269.250, 154
Trd, 000269.533, 152.0
Trd, 000269.667, 155
Trd, 000270.300, 154
Trd, 000271.017, 154.0
Trd, 000271.533, 153
Trd, 000271.650, 153
Trd, 000271.917, 152.0
Trd, 000272.050, 154
Trd, 000272.067, 150
Trd, 000272.183, 147
Trd, 000272.583, 150.0
Trd, 000272.967, 144.0
Trd, 000273.167, 169
Trd, 000273.833, 166.0
Trd, 000273.867, 163.0
Trd, 000274.883, 168.0
Trd, 000275.033, 169
Trd, 000275.383, 162.0
Trd, 000275.917, 157
Trd, 000276.383, 155.0
Trd, 000277.050, 152.0
Trd, 000277.467, 154
Trd, 000277.833, 152
Trd, 000278.233, 152
Trd, 000278.433, 155
Trd, 000278.850, 151
Trd, 000279.150, 155
Trd, 000279.167, 146
Trd, 000279.717, 157
Trd, 000280.333, 153
Trd, 000280.950, 154
Trd, 000281.017, 147
Trd, 000281.383, 144.0
Trd, 000282.350, 155
Trd, 000282.867, 151.0
Trd, 000283.100, 144
Trd, 000283.700, 151
Trd, 000283.800, 152
Trd, 000283.850, 152
Trd, 000284.517, 147
Trd, 000284.917, 152
Trd, 000285.633, 149
Trd, 000286.717, 149.0
Trd, 000286.767, 150
Trd, 000287.267, 148.0
Trd, 000287.533, 158
Trd, 000287.917, 151.0
Trd, 000288.350, 157
Trd, 000288.533, 150.0
Trd, 000288.667, 158
Trd, 000290.567, 158
Trd, 000290.717, 157
Trd, 000290.867, 167
Trd, 000291.083, 154
Trd, 000291.233, 144.0
Trd, 000291.967, 156.0
Trd, 000292.500, 155.0
Trd, 000292.850, 156
Trd, 000293.183, 157
Trd, 000293.700, 158
Trd, 000294.467, 159
Trd, 000294.900, 157
Trd, 000294.933, 168
Trd, 000295.033, 155.0
Trd, 000296.433, 161
Trd, 000296.500, 161
Trd, 000296.750, 154
Trd, 000296.917, 151.0
Trd, 000297.467, 148
Trd, 000297.850, 146
Trd, 000298.350, 158
Trd, 000298.800, 149
Trd, 000299.083, 162.0
Trd, 000299.233, 169.0
