Trd, 000003.033, 145
Trd, 000003.200, 144.0
Trd, 000004.950, 160.0
Trd, 000005.983, 156
Trd, 000006.217, 148.0
Trd, 000006.683, 148
Trd, 000007.283, 148.0
Trd, 000007.633, 162
Trd, 000008.983, 152
Trd, 000009.217, 151
Trd, 000009.683, 150
Trd, 000009.867, 144.0
Trd, 000010.167, 137.0
Trd, 000010.283, 149
Trd, 000011.650, 136
Trd, 000011.900, 137.0
Trd, 000012.550, 137
Trd, 000013.517, 144
Trd, 000013.550, 145
Trd, 000014.700, 141
Trd, 000015.033, 147
Trd, 000015.817, 147
Trd, 000015.833, 144.0
Trd, 000015.950, 155
Trd, 000017.900, 144.0
Trd, 000018.083, 149
Trd, 000019.200, 146
Trd, 000019.583, 145
Trd, 000019.833, 144
Trd, 000020.283, 143
Trd, 000020.633, 145
Trd, 000022.517, 142
Trd, 000023.617, 154
Trd, 000023.767, 144
Trd, 000023.917, 144.0
Trd, 000023.933, 155
Trd, 000024.050, 143
Trd, 000024.667, 147
Trd, 000025.133, 152
Trd, 000025.700, 152
Trd, 000026.917, 151
Trd, 000027.850, 155
Trd, 000027.983, 154
Trd, 000028.467, 149
Trd, 000028.650, 148.0
Trd, 000030.050, 149
Trd, 000030.483, 148
Trd, 000030.550, 146
Trd, 000030.567, 144.0
Trd, 000030.817, 137.0
Trd, 000030.917, 148
Trd, 000034.017, 145
Trd, 000034.683, 141
Trd, 000035.117, 140
Trd, 000035.400, 142
Trd, 000035.600, 143
Trd, 000035.967, 142
Trd, 000036.050, 142
Trd, 000036.533, 155
Trd, 000036.900, 155
Trd, 000038.200, 162
Trd, 000038.350, 148.0
Trd, 000038.617, 137.0
Trd, 000038.850, 137.0
Trd, 000039.567, 140
Trd, 000039.700, 130
Trd, 000041.467, 137
Trd, 000041.900, 139
Trd, 000042.117, 138
Trd, 000043.133, 153
Trd, 000043.517, 162
Trd, 000044.767, 158
Trd, 000044.883, 156
Trd, 000045.500, 148.0
Trd, 000045.617, 154
Trd, 000045.883, 147
Trd, 000045.950, 137.0
Trd, 000046.350, 147
Trd, 000047.717, 150
Trd, 000048.550, 126
Trd, 000049.167, 136
Trd, 000049.433, 137.0
Trd, 000049.533, 147
Trd, 000049.633, 140
Trd, 000051.183, 140
Trd, 000051.450, 140
Trd, 000051.933, 138.0
Trd, 000052.883, 139.0
Trd, 000053.283, 140
Trd, 000053.883, 141
Trd, 000054.483, 139
Trd, 000055.767, 153
Trd, 000055.783, 148.0
Trd, 000055.950, 139
Trd, 000058.033, 148.0
Trd, 000059.267, 150.0
Trd, 000059.817, 148.0
Trd, 000060.200, 144.0
Trd, 000060.733, 146
Trd, 000062.100, 144
Trd, 000062.933, 148
Trd, 000064.400, 147
Trd, 000064.667, 148
Trd, 000064.900, 152
Trd, 000065.217, 146
Trd, 000065.300, 145
Trd, 000066.883, 155
Trd, 000067.050, 148.0
Trd, 000067.117, 148.0
Trd, 000067.583, 144.0
Trd, 000068.217, 155
Trd, 000070.483, 148.0
Trd, 000071.000, 149
Trd, 000071.083, 147
Trd, 000071.667, 147
Trd, 000072.517, 150
Trd, 000073.817, 148.0
Trd, 000074.267, 148
Trd, 000074.650, 148
Trd, 000074.683, 149
Trd, 000074.800, 147
Trd, 000075.283, 153
Trd, 000076.367, 152
Trd, 000076.717, 151
Trd, 000077.783, 151
Trd, 000078.733, 148
Trd, 000079.167, 149
Trd, 000079.650, 148
Trd, 000080.233, 149
Trd, 000080.383, 148
Trd, 000080.517, 147
Trd, 000081.267, 144.0
Trd, 000082.817, 146
Trd, 000083.017, 144
Trd, 000083.417, 146
Trd, 000083.483, 145
Trd, 000084.133, 146
Trd, 000084.383, 145
Trd, 000084.650, 144.0
Trd, 000085.183, 153
Trd, 000085.200, 154
Trd, 000085.800, 155
Trd, 000086.083, 144
Trd, 000088.183, 143
Trd, 000088.950, 146
Trd, 000089.133, 146
Trd, 000089.383, 145
Trd, 000089.417, 146
Trd, 000090.050, 145.0
Trd, 000090.133, 144.0
Trd, 000090.733, 142
Trd, 000090.817, 145
Trd, 000090.833, 142
Trd, 000091.800, 137.0
Trd, 000092.967, 145.0
Trd, 000093.283, 145.0
Trd, 000094.050, 147
Trd, 000094.800, 146
Trd, 000095.017, 144.0
Trd, 000095.083, 143
Trd, 000095.400, 146
Trd, 000095.933, 143
Trd, 000096.417, 154
Trd, 000096.583, 141
Trd, 000096.600, 124
Trd, 000097.283, 145.0
Trd, 000098.467, 149
Trd, 000098.883, 150
Trd, 000099.017, 151
Trd, 000100.150, 148.0
Trd, 000100.383, 155
Trd, 000101.483, 155
Trd, 000101.783, 146
Trd, 000103.550, 150
Trd, 000103.883, 145
Trd, 000104.083, 144.0
Trd, 000105.583, 144
Trd, 000106.100, 144
Trd, 000106.200, 145
Trd, 000106.883, 144.0
Trd, 000107.033, 155
Trd, 000107.867, 145
Trd, 000108.850, 145
Trd, 000108.883, 144
Trd, 000109.117, 146
Trd, 000109.667, 146
Trd, 000110.550, 144
Trd, 000110.683, 152
Trd, 000110.850, 155
Trd, 000111.083, 137.0
Trd, 000112.433, 145
Trd, 000113.233, 154
Trd, 000113.950, 143
Trd, 000115.450, 154
Trd, 000115.583, 153
Trd, 000116.233, 152
Trd, 000117.100, 150
Trd, 000117.500, 150
Trd, 000118.200, 147
Trd, 000118.450, 144.0
Trd, 000119.467, 124.0
Trd, 000119.667, 144
Trd, 000119.800, 137.0
Trd, 000120.500, 144
Trd, 000121.083, 132
Trd, 000121.933, 138
Trd, 000122.083, 141
Trd, 000122.900, 149
Trd, 000123.867, 143
Trd, 000124.400, 145.0
Trd, 000124.833, 145
Trd, 000125.233, 147
Trd, 000125.417, 144
Trd, 000126.067, 147
Trd, 000126.217, 145.0
Trd, 000127.033, 144.0
Trd, 000127.667, 143
Trd, 000128.167, 143
Trd, 000129.167, 144.0
Trd, 000129.583, 144
Trd, 000130.017, 142
Trd, 000130.917, 143
Trd, 000130.933, 154
Trd, 000132.033, 147
Trd, 000132.200, 155
Trd, 000132.450, 142
Trd, 000134.433, 158
Trd, 000134.717, 148
Trd, 000135.367, 149
Trd, 000136.133, 152
Trd, 000136.183, 149
Trd, 000138.100, 150
Trd, 000138.733, 151
Trd, 000138.800, 151
Trd, 000139.483, 150
Trd, 000139.550, 149
Trd, 000139.650, 154
Trd, 000140.083, 144.0
Trd, 000140.100, 154
Trd, 000140.900, 148
Trd, 000140.917, 137.0
Trd, 000142.433, 146
Trd, 000142.500, 151
Trd, 000143.467, 143
Trd, 000143.483, 147
Trd, 000143.800, 148
Trd, 000145.533, 154
Trd, 000146.317, 151
Trd, 000146.617, 155
Trd, 000146.733, 148.0
Trd, 000146.767, 146
Trd, 000147.100, 163
Trd, 000148.050, 148.0
Trd, 000148.333, 148.0
Trd, 000148.567, 144.0
Trd, 000151.133, 148
Trd, 000151.467, 148
Trd, 000151.617, 147
Trd, 000152.417, 145
Trd, 000152.700, 145
Trd, 000153.017, 146
Trd, 000154.117, 146
Trd, 000154.633, 155
Trd, 000154.667, 148
Trd, 000154.867, 149
Trd, 000155.633, 148
Trd, 000155.833, 144.0
Trd, 000155.900, 138
Trd, 000156.933, 153
Trd, 000157.400, 137.0
Trd, 000157.883, 126
Trd, 000158.467, 126
Trd, 000159.467, 134.0
Trd, 000159.867, 133.0
Trd, 000160.033, 134.0
Trd, 000160.567, 136.0
Trd, 000160.833, 127.0
Trd, 000160.933, 137.0
Trd, 000161.050, 126.0
Trd, 000162.750, 141
Trd, 000163.317, 152
Trd, 000163.850, 132
Trd, 000165.050, 137.0
Trd, 000165.633, 129
Trd, 000166.050, 144
Trd, 000166.500, 145
Trd, 000167.633, 141
Trd, 000167.883, 138
Trd, 000168.067, 137.0
Trd, 000168.433, 139
Trd, 000169.033, 141
Trd, 000169.967, 146.0
Trd, 000170.983, 146.0
Trd, 000173.000, 149
Trd, 000173.233, 146
Trd, 000174.533, 146
Trd, 000174.833, 145
Trd, 000175.167, 147
Trd, 000175.883, 144
Trd, 000177.117, 138
Trd, 000177.200, 139
Trd, 000177.483, 143
Trd, 000178.367, 152
Trd, 000179.000, 149.0
Trd, 000179.433, 148.0
Trd, 000180.783, 148
Trd, 000181.033, 146
Trd, 000182.217, 147.0
Trd, 000182.783, 147
Trd, 000183.217, 155
Trd, 000183.367, 165
Trd, 000185.000, 150
Trd, 000185.183, 145
Trd, 000185.200, 144
Trd, 000185.717, 137.0
Trd, 000185.867, 124.0
Trd, 000187.217, 144.0
Trd, 000187.450, 143
Trd, 000187.467, 137.0
Trd, 000188.167, 144
Trd, 000189.167, 145
Trd, 000189.533, 144
Trd, 000190.517, 126
Trd, 000190.550, 154
Trd, 000190.733, 127
Trd, 000191.833, 152
Trd, 000192.417, 148
Trd, 000193.000, 155
Trd, 000194.117, 146
Trd, 000195.217, 149
Trd, 000195.233, 144
Trd, 000195.433, 151
Trd, 000196.000, 152
Trd, 000196.117, 151
Trd, 000196.217, 163
Trd, 000196.300, 141
Trd, 000197.650, 144.0
Trd, 000198.200, 144
Trd, 000198.233, 155
Trd, 000199.767, 158
Trd, 000199.883, 156
Trd, 000200.900, 155
Trd, 000202.117, 152
Trd, 000202.633, 149
Trd, 000203.067, 149
Trd, 000203.267, 150
Trd, 000203.300, 152
Trd, 000204.833, 148.0
Trd, 000205.900, 150
Trd, 000206.700, 148
Trd, 000207.567, 148.0
Trd, 000207.600, 149
Trd, 000207.700, 148.0
Trd, 000207.933, 144.0
Trd, 000208.250, 143
Trd, 000209.217, 155
Trd, 000210.000, 145
Trd, 000211.617, 145
Trd, 000212.783, 152
Trd, 000212.983, 145
Trd, 000213.333, 144
Trd, 000213.367, 152
Trd, 000213.783, 137.0
Trd, 000214.583, 149
Trd, 000215.733, 148
Trd, 000216.333, 146.0
Trd, 000216.450, 144.0
Trd, 000216.750, 145
Trd, 000218.067, 152
Trd, 000218.967, 150
Trd, 000219.367, 148.0
Trd, 000219.417, 148
Trd, 000220.567, 151
Trd, 000220.733, 147
Trd, 000221.167, 151
Trd, 000222.933, 147
Trd, 000222.967, 146
Trd, 000223.133, 152
Trd, 000224.317, 145.0
Trd, 000225.067, 146
Trd, 000226.133, 144.0
Trd, 000226.483, 146
Trd, 000227.083, 147
Trd, 000227.500, 142.0
Trd, 000227.717, 148
Trd, 000227.767, 139.0
Trd, 000228.083, 137.0
Trd, 000230.500, 144
Trd, 000231.200, 154
Trd, 000231.217, 145.0
Trd, 000231.933, 153
Trd, 000232.550, 153
Trd, 000233.967, 146
Trd, 000234.400, 146
Trd, 000234.483, 145
Trd, 000234.917, 151
Trd, 000235.683, 144.0
Trd, 000235.800, 150
Trd, 000235.883, 138.0
Trd, 000236.133, 137.0
Trd, 000236.817, 137.0
Trd, 000237.217, 143
Trd, 000238.350, 141
Trd, 000238.900, 146
Trd, 000240.200, 143
Trd, 000240.667, 144.0
Trd, 000240.867, 146
Trd, 000241.300, 146
Trd, 000241.367, 145
Trd, 000241.767, 144
Trd, 000242.167, 143
Trd, 000242.967, 143.0
Trd, 000243.067, 143.0
Trd, 000243.233, 140.0
Trd, 000244.067, 142
Trd, 000244.333, 144.0
Trd, 000244.583, 143
Trd, 000244.800, 145
Trd, 000244.883, 146
Trd, 000245.267, 142
Trd, 000245.967, 144.0
Trd, 000246.417, 144.0
Trd, 000246.433, 145.0
Trd, 000247.183, 149.0
Trd, 000247.283, 151.0
Trd, 000248.867, 145
Trd, 000249.050, 142
Trd, 000249.583, 137.0
Trd, 000249.967, 141
Trd, 000250.383, 141
Trd, 000250.633, 141
Trd, 000250.683, 142
Trd, 000250.733, 143
Trd, 000251.067, 142.0
Trd, 000251.667, 140.0
Trd, 000252.417, 144.0
Trd, 000253.000, 145.0
Trd, 000253.633, 148.0
Trd, 000253.733, 150.0
Trd, 000253.967, 151.0
Trd, 000254.783, 152.0
Trd, 000254.883, 151
Trd, 000255.017, 149.0
Trd, 000255.200, 140
Trd, 000255.300, 152
Trd, 000255.767, 155
Trd, 000256.567, 159
Trd, 000256.650, 161
Trd, 000256.950, 161
Trd, 000257.067, 144
Trd, 000258.233, 137.0
Trd, 000258.283, 134.0
Trd, 000258.533, 144.0
Trd, 000258.700, 126
Trd, 000259.117, 145
Trd, 000259.183, 143
Trd, 000260.450, 144.0
Trd, 000260.600, 144
Trd, 000261.167, 145
Trd, 000261.917, 148
Trd, 000262.000, 144
Trd, 000262.367, 144
Trd, 000263.083, 149
Trd, 000263.433, 150.0
Trd, 000263.517, 151.0
Trd, 000263.900, 152
Trd, 000264.200, 154
Trd, 000264.883, 149
Trd, 000265.167, 151.0
Trd, 000266.983, 148.0
Trd, 000267.000, 151
Trd, 000267.750, 148
Trd, 000267.900, 149
Trd, 000268.417, 150
Trd, 000268.617, 144.0
Trd, 000268.700, 143
Trd, 000268.917, 148
Trd, 000269.883, 151.0
Trd, 000270.317, 154
Trd, 000270.383, 150
Trd, 000271.000, 154
Trd, 000271.367, 148
Trd, 000271.483, 148.0
Trd, 000271.983, 147
Trd, 000272.200, 146
Trd, 000272.600, 146
Trd, 000272.867, 144.0
Trd, 000273.800, 143.0
Trd, 000274.333, 144
Trd, 000274.367, 143
Trd, 000275.117, 138
Trd, 000275.600, 143
Trd, 000276.750, 144.0
Trd, 000276.850, 151.0
Trd, 000276.933, 149
Trd, 000277.200, 142
Trd, 000278.750, 143.0
Trd, 000279.033, 142.0
Trd, 000279.167, 142
Trd, 000279.217, 142
Trd, 000280.067, 140
Trd, 000280.167, 134.0
Trd, 000280.783, 140
Trd, 000281.433, 137.0
Trd, 000282.350, 138
Trd, 000282.400, 140
Trd, 000282.567, 141
Trd, 000283.017, 137
Trd, 000283.867, 138.0
Trd, 000284.283, 143.0
Trd, 000284.483, 141.0
Trd, 000284.750, 137.0
Trd, 000285.267, 142.0
Trd, 000285.917, 143
Trd, 000286.533, 143.0
Trd, 000286.583, 142
Trd, 000286.667, 144.0
Trd, 000287.533, 151.0
Trd, 000287.567, 150
Trd, 000288.200, 155
Trd, 000288.500, 153
Trd, 000288.767, 144.0
Trd, 000289.300, 144
Trd, 000289.567, 143
Trd, 000289.717, 143
Trd, 000290.033, 151
Trd, 000290.483, 153
Trd, 000291.967, 149.0
Trd, 000292.000, 148.0
Trd, 000293.217, 150.0
Trd, 000293.283, 145
Trd, 000293.800, 145
Trd, 000294.267, 147.0
Trd, 000295.083, 147
Trd, 000295.400, 144.0
Trd, 000295.617, 147
Trd, 000295.967, 146
Trd, 000296.017, 147
Trd, 000296.117, 144
Trd, 000296.717, 137.0
Trd, 000297.300, 143
Trd, 000297.483, 146
Trd, 000297.967, 141
Trd, 000298.750, 136.0
Trd, 000298.900, 137.0
Trd, 000298.967, 151.0
Trd, 000299.683, 146.0
