Trd, 000001.967, 156
Trd, 000002.733, 162
Trd, 000002.767, 149
Trd, 000003.267, 149
Trd, 000004.833, 150
Trd, 000005.300, 154
Trd, 000005.683, 149
Trd, 000006.783, 151
Trd, 000006.917, 150
Trd, 000007.567, 152
Trd, 000008.767, 152
Trd, 000009.250, 154
Trd, 000009.950, 153
Trd, 000011.250, 162.0
Trd, 000011.367, 155
Trd, 000012.133, 153
Trd, 000013.517, 152
Trd, 000013.567, 159
Trd, 000013.583, 150
Trd, 000013.600, 149.0
Trd, 000013.717, 161
Trd, 000014.133, 148.0
Trd, 000015.483, 158.0
Trd, 000016.433, 153
Trd, 000016.767, 154
Trd, 000017.617, 157
Trd, 000018.667, 157
Trd, 000018.933, 157
Trd, 000020.783, 159
Trd, 000021.700, 159
Trd, 000023.033, 158.0
Trd, 000023.067, 161.0
Trd, 000024.883, 159
Trd, 000025.233, 158
Trd, 000025.350, 161
Trd, 000025.467, 157
Trd, 000026.867, 158
Trd, 000026.967, 159
Trd, 000027.583, 158
Trd, 000028.667, 158
Trd, 000028.733, 151.0
Trd, 000029.717, 154
Trd, 000030.450, 153
Trd, 000030.667, 151
Trd, 000030.733, 155
Trd, 000031.867, 150
Trd, 000033.567, 157.0
Trd, 000034.083, 157.0
Trd, 000035.067, 156
Trd, 000035.083, 159
Trd, 000035.667, 152
Trd, 000035.817, 152
Trd, 000037.083, 159
Trd, 000037.333, 158
Trd, 000037.850, 159.0
Trd, 000038.900, 157
Trd, 000039.883, 156
Trd, 000040.150, 155
Trd, 000041.283, 154.0
Trd, 000041.817, 153.0
Trd, 000042.000, 153
Trd, 000042.117, 152
Trd, 000045.133, 150.0
Trd, 000045.850, 151
Trd, 000045.983, 149
Trd, 000046.317, 148
Trd, 000046.450, 152
Trd, 000046.700, 148.0
Trd, 000048.800, 148
Trd, 000049.050, 148
Trd, 000049.150, 147
Trd, 000050.083, 148
Trd, 000052.500, 148
Trd, 000052.817, 147
Trd, 000053.617, 151
Trd, 000053.783, 148
Trd, 000055.400, 151
Trd, 000056.067, 151
Trd, 000057.017, 151
Trd, 000057.050, 154
Trd, 000058.067, 153.0
Trd, 000058.767, 155
Trd, 000059.700, 154
Trd, 000059.783, 155
Trd, 000060.783, 153
Trd, 000061.200, 153
Trd, 000061.900, 152
Trd, 000062.283, 152
Trd, 000063.150, 158
Trd, 000064.700, 157
Trd, 000064.883, 162.0
Trd, 000065.533, 162
Trd, 000065.550, 159
Trd, 000065.900, 158
Trd, 000066.217, 163
Trd, 000067.617, 158
Trd, 000068.950, 157
Trd, 000069.583, 157
Trd, 000069.833, 158
Trd, 000070.033, 154
Trd, 000070.083, 148.0
Trd, 000070.633, 146
Trd, 000070.683, 147
Trd, 000072.267, 156
Trd, 000073.333, 150
Trd, 000073.783, 151
Trd, 000073.967, 151
Trd, 000074.383, 150
Trd, 000075.400, 150
Trd, 000075.783, 153
Trd, 000075.883, 149
Trd, 000077.267, 156
Trd, 000078.667, 159.0
Trd, 000080.133, 159
Trd, 000080.717, 157
Trd, 000081.033, 156
Trd, 000081.633, 156
Trd, 000082.817, 158
Trd, 000082.850, 158
Trd, 000083.233, 155
Trd, 000083.667, 159
Trd, 000084.367, 155
Trd, 000087.167, 156
Trd, 000088.600, 156
Trd, 000088.667, 157
Trd, 000089.867, 158
Trd, 000090.500, 157
Trd, 000091.283, 158
Trd, 000091.650, 158
Trd, 000091.950, 157
Trd, 000092.533, 154
Trd, 000093.017, 154
Trd, 000093.400, 153
Trd, 000094.533, 150
Trd, 000096.183, 152
Trd, 000096.500, 152.0
Trd, 000097.267, 151
Trd, 000097.717, 150
Trd, 000098.383, 151
Trd, 000099.183, 148.0
Trd, 000099.217, 148
Trd, 000099.467, 135.0
Trd, 000100.467, 151
Trd, 000102.150, 147
Trd, 000102.350, 147
Trd, 000103.700, 151
Trd, 000103.983, 151.0
Trd, 000104.033, 151
Trd, 000104.117, 151
Trd, 000104.517, 150.0
Trd, 000105.683, 147
Trd, 000106.467, 151
Trd, 000107.683, 151
Trd, 000108.883, 151
Trd, 000109.400, 152.0
Trd, 000109.850, 161
Trd, 000110.150, 157.0
Trd, 000111.967, 157.0
Trd, 000112.400, 156
Trd, 000112.700, 155
Trd, 000114.467, 155
Trd, 000114.667, 152
Trd, 000114.700, 152
Trd, 000117.733, 152
Trd, 000118.100, 152
Trd, 000118.733, 153
Trd, 000119.733, 155
Trd, 000120.500, 155.0
Trd, 000120.617, 155.0
Trd, 000122.117, 155
Trd, 000122.233, 155
Trd, 000122.467, 156
Trd, 000122.617, 158.0
Trd, 000123.683, 158
Trd, 000124.183, 159
Trd, 000124.483, 160
Trd, 000124.617, 155
Trd, 000125.700, 153
Trd, 000127.050, 151.0
Trd, 000128.667, 150
Trd, 000129.417, 151
Trd, 000129.850, 154
Trd, 000130.167, 151.0
Trd, 000131.483, 152
Trd, 000131.683, 151
Trd, 000132.633, 162.0
Trd, 000134.150, 152
Trd, 000134.417, 154
Trd, 000134.517, 153
Trd, 000134.917, 153
Trd, 000135.033, 151.0
Trd, 000137.133, 152
Trd, 000137.200, 151
Trd, 000137.717, 153
Trd, 000137.733, 168.0
Trd, 000140.367, 159
Trd, 000140.917, 158
Trd, 000141.033, 157
Trd, 000141.600, 154
Trd, 000142.383, 162
Trd, 000142.567, 153
Trd, 000144.867, 158
Trd, 000145.250, 157
Trd, 000145.583, 157
Trd, 000145.900, 156
Trd, 000145.967, 155
Trd, 000146.033, 153
Trd, 000146.200, 159.0
Trd, 000147.167, 154
Trd, 000147.517, 148.0
Trd, 000148.867, 149
Trd, 000149.133, 150
Trd, 000149.400, 151
Trd, 000150.250, 150
Trd, 000151.000, 150
Trd, 000153.600, 148.0
Trd, 000153.733, 147
Trd, 000154.817, 148
Trd, 000155.117, 151
Trd, 000155.933, 154
Trd, 000156.283, 154
Trd, 000157.200, 154
Trd, 000158.517, 157.0
Trd, 000160.000, 156
Trd, 000160.067, 157
Trd, 000160.283, 154
Trd, 000163.250, 156
Trd, 000163.883, 154
Trd, 000164.383, 154
Trd, 000164.417, 154
Trd, 000164.917, 155
Trd, 000165.167, 156
Trd, 000166.383, 156
Trd, 000166.883, 154
Trd, 000167.867, 135.0
Trd, 000168.767, 151
Trd, 000169.783, 157
Trd, 000171.483, 156
Trd, 000171.750, 152
Trd, 000171.917, 149
Trd, 000173.067, 153
Trd, 000173.833, 152
Trd, 000174.083, 150
Trd, 000174.817, 150
Trd, 000174.833, 149
Trd, 000174.900, 148.0
Trd, 000176.400, 147
Trd, 000177.300, 149
Trd, 000178.883, 148
Trd, 000179.483, 148.0
Trd, 000181.250, 148
Trd, 000181.600, 149
Trd, 000183.567, 149
Trd, 000183.750, 151
Trd, 000184.467, 148
Trd, 000184.483, 148
Trd, 000184.767, 150
Trd, 000185.050, 151
Trd, 000185.683, 151
Trd, 000186.400, 152
Trd, 000188.167, 153
Trd, 000188.367, 153
Trd, 000189.433, 152
Trd, 000190.683, 153
Trd, 000191.100, 152
Trd, 000191.317, 153
Trd, 000191.550, 155
Trd, 000192.733, 158.0
Trd, 000193.150, 156
Trd, 000194.150, 155
Trd, 000194.250, 156
Trd, 000195.900, 157
Trd, 000196.083, 155
Trd, 000196.583, 154
Trd, 000197.133, 152
Trd, 000198.117, 153
Trd, 000198.433, 152
Trd, 000199.217, 151.0
Trd, 000199.617, 150
Trd, 000199.650, 149.0
Trd, 000200.150, 150
Trd, 000200.417, 149
Trd, 000200.600, 150
Trd, 000200.917, 147
Trd, 000201.067, 162.0
Trd, 000202.683, 156
Trd, 000203.900, 168
Trd, 000204.733, 165.0
Trd, 000205.850, 166.0
Trd, 000205.950, 163
Trd, 000205.983, 163
Trd, 000206.383, 162
Trd, 000208.200, 156
Trd, 000208.283, 157
Trd, 000208.900, 157
Trd, 000209.267, 156
Trd, 000210.650, 155
Trd, 000211.433, 156.0
Trd, 000211.917, 155
Trd, 000212.133, 151.0
Trd, 000213.667, 150
Trd, 000214.183, 149.0
Trd, 000214.200, 148.0
Trd, 000215.017, 149
Trd, 000215.467, 148
Trd, 000216.383, 148.0
Trd, 000217.017, 153
Trd, 000218.750, 153
Trd, 000219.900, 154
Trd, 000220.567, 154
Trd, 000222.133, 157.0
Trd, 000222.483, 156
Trd, 000222.850, 157
Trd, 000224.533, 157
Trd, 000225.450, 156
Trd, 000225.933, 155
Trd, 000226.117, 156
Trd, 000226.367, 154
Trd, 000227.267, 156
Trd, 000227.667, 154
Trd, 000227.717, 153
Trd, 000228.167, 154
Trd, 000229.183, 153
Trd, 000229.250, 155
Trd, 000229.800, 155
Trd, 000230.333, 152
Trd, 000230.933, 167.0
Trd, 000231.517, 155
Trd, 000231.850, 154
Trd, 000232.267, 159
Trd, 000232.300, 160
Trd, 000232.667, 153
Trd, 000234.267, 159
Trd, 000234.750, 155.0
Trd, 000236.483, 154.0
Trd, 000237.083, 155
Trd, 000237.650, 156.0
Trd, 000237.900, 157
Trd, 000238.367, 156
Trd, 000238.517, 154
Trd, 000239.000, 153
Trd, 000239.100, 161.0
Trd, 000239.667, 151.0
Trd, 000240.833, 157.0
Trd, 000241.067, 156
Trd, 000241.200, 157.0
Trd, 000242.467, 157
Trd, 000243.333, 158.0
Trd, 000243.383, 157
Trd, 000243.517, 155
Trd, 000243.867, 155
Trd, 000244.117, 155.0
Trd, 000244.250, 155
Trd, 000244.683, 148.0
Trd, 000245.483, 155.0
Trd, 000245.700, 155
Trd, 000246.633, 153
Trd, 000246.950, 155
Trd, 000247.083, 158.0
Trd, 000248.133, 155
Trd, 000249.267, 158.0
Trd, 000249.683, 158
Trd, 000249.733, 157
Trd, 000250.117, 157
Trd, 000250.450, 158.0
Trd, 000251.117, 156
Trd, 000251.217, 157
Trd, 000251.333, 158.0
Trd, 000251.350, 156
Trd, 000251.400, 154
Trd, 000251.917, 154.0
Trd, 000252.233, 156
Trd, 000252.683, 156.0
Trd, 000252.917, 152
Trd, 000253.250, 152.0
Trd, 000254.817, 153
Trd, 000255.433, 152.0
Trd, 000255.700, 151.0
Trd, 000256.217, 151
Trd, 000256.550, 146
Trd, 000256.867, 146
Trd, 000257.300, 148
Trd, 000257.617, 148.0
Trd, 000257.817, 150
Trd, 000258.183, 151
Trd, 000258.867, 153.0
Trd, 000258.900, 149.0
Trd, 000259.400, 149
Trd, 000259.667, 154
Trd, 000259.833, 152.0
Trd, 000259.983, 156.0
Trd, 000260.800, 154
Trd, 000261.617, 154
Trd, 000261.967, 153
Trd, 000262.467, 154
Trd, 000262.733, 152
Trd, 000263.333, 151
Trd, 000263.700, 150
Trd, 000264.350, 151
Trd, 000264.550, 152
Trd, 000264.733, 149
Trd, 000264.917, 150
Trd, 000265.167, 150
Trd, 000265.267, 148
Trd, 000265.300, 148.0
Trd, 000265.850, 151
Trd, 000266.050, 151.0
Trd, 000266.367, 150
Trd, 000266.467, 149
Trd, 000267.067, 149
Trd, 000267.517, 153.0
Trd, 000268.300, 155.0
Trd, 000268.417, 153.0
Trd, 000268.600, 151.0
Trd, 000269.300, 149.0
Trd, 000269.433, 153.0
Trd, 000269.600, 148.0
Trd, 000270.350, 147
Trd, 000270.733, 146
Trd, 000270.783, 147.0
Trd, 000270.883, 148.0
Trd, 000271.500, 146
Trd, 000272.233, 145
Trd, 000272.417, 157.0
Trd, 000273.183, 155
Trd, 000274.450, 155.0
Trd, 000274.783, 154.0
Trd, 000275.450, 152
Trd, 000275.483, 155.0
Trd, 000276.100, 151
Trd, 000276.400, 151
Trd, 000276.783, 151
Trd, 000277.467, 152
Trd, 000277.983, 161.0
Trd, 000278.283, 155
Trd, 000278.700, 155.0
Trd, 000278.833, 158
Trd, 000279.600, 156
Trd, 000279.683, 158
Trd, 000280.867, 155
Trd, 000281.050, 151.0
Trd, 000281.450, 159.0
Trd, 000281.900, 158.0
Trd, 000281.983, 154
Trd, 000282.733, 155.0
Trd, 000283.483, 156
Trd, 000283.733, 154
Trd, 000283.983, 152
Trd, 000284.167, 148.0
Trd, 000284.367, 155
Trd, 000284.483, 154.0
Trd, 000284.817, 145.0
Trd, 000285.783, 152
Trd, 000286.450, 153
Trd, 000286.583, 151
Trd, 000286.833, 145.0
Trd, 000288.117, 148
Trd, 000288.183, 146
Trd, 000288.483, 151
Trd, 000289.067, 148.0
Trd, 000289.283, 150
Trd, 000290.533, 151
Trd, 000290.717, 162.0
Trd, 000291.100, 149
Trd, 000291.767, 156
Trd, 000291.833, 155.0
Trd, 000291.900, 151
Trd, 000292.133, 156.0
Trd, 000293.900, 155.0
Trd, 000294.000, 151
Trd, 000294.433, 149.0
Trd, 000294.550, 148.0
Trd, 000295.300, 156
Trd, 000295.467, 155.0
Trd, 000295.783, 158.0
Trd, 000295.850, 155
Trd, 000296.483, 154
Trd, 000297.083, 153
Trd, 000297.667, 154
Trd, 000297.833, 151
Trd, 000299.050, 152
Trd, 000299.217, 152
Trd, 000299.467, 153
Trd, 000299.500, 156.0
Trd, 000299.533, 151
Trd, 000299.750, 150
Trd, 000299.900, 161
