Trd, 000000.717, 142
Trd, 000002.417, 169.0
Trd, 000003.317, 168.0
Trd, 000003.983, 140
Trd, 000004.617, 145
Trd, 000005.717, 138
Trd, 000006.417, 151.0
Trd, 000006.500, 150
Trd, 000006.533, 152.0
Trd, 000006.833, 155.0
Trd, 000007.300, 160
Trd, 000008.117, 150
Trd, 000008.900, 157
Trd, 000009.533, 149
Trd, 000009.750, 148
Trd, 000009.833, 143
Trd, 000009.933, 154
Trd, 000011.117, 155.0
Trd, 000011.650, 162.0
Trd, 000012.683, 154
Trd, 000013.117, 154
Trd, 000013.400, 153
Trd, 000014.367, 155
Trd, 000015.233, 159
Trd, 000015.667, 157
Trd, 000016.117, 152
Trd, 000018.067, 155
Trd, 000018.383, 157
Trd, 000018.600, 153
Trd, 000018.717, 150
Trd, 000019.433, 155.0
Trd, 000019.817, 155
Trd, 000020.283, 157
Trd, 000020.367, 143
Trd, 000021.100, 146
Trd, 000022.233, 161.0
Trd, 000022.417, 162.0
Trd, 000022.800, 165
Trd, 000024.450, 157
Trd, 000024.750, 151
Trd, 000025.350, 156
Trd, 000025.650, 151
Trd, 000025.883, 151
Trd, 000026.333, 156
Trd, 000027.400, 155
Trd, 000027.833, 149
Trd, 000028.200, 157
Trd, 000030.250, 148
Trd, 000031.383, 162
Trd, 000031.417, 163
Trd, 000031.833, 151
Trd, 000032.650, 161
Trd, 000033.250, 153
Trd, 000034.300, 152
Trd, 000034.683, 158
Trd, 000034.983, 159
Trd, 000035.183, 154
Trd, 000035.483, 157
Trd, 000035.867, 158
Trd, 000037.367, 162.0
Trd, 000037.400, 161
Trd, 000037.517, 168.0
Trd, 000037.683, 150
Trd, 000038.617, 161
Trd, 000039.750, 149
Trd, 000040.050, 160
Trd, 000040.683, 157
Trd, 000042.600, 155
Trd, 000043.117, 153
Trd, 000044.117, 153.0
Trd, 000044.400, 155.0
Trd, 000044.433, 151
Trd, 000044.850, 154
Trd, 000045.050, 153
Trd, 000045.700, 155
Trd, 000045.833, 158
Trd, 000046.900, 156
Trd, 000047.083, 162.0
Trd, 000047.883, 158
Trd, 000047.967, 157
Trd, 000048.050, 167
Trd, 000048.150, 149
Trd, 000048.467, 149
Trd, 000049.150, 162
Trd, 000050.667, 160
Trd, 000050.917, 160
Trd, 000052.700, 157
Trd, 000052.800, 149
Trd, 000053.417, 149
Trd, 000055.350, 153
Trd, 000055.600, 155
Trd, 000055.867, 155
Trd, 000055.917, 150
Trd, 000056.833, 156
Trd, 000057.317, 158
Trd, 000057.417, 162.0
Trd, 000057.783, 148
Trd, 000058.233, 146
Trd, 000058.383, 163
Trd, 000058.717, 164
Trd, 000058.967, 144
Trd, 000059.983, 159
Trd, 000060.017, 158
Trd, 000061.117, 157
Trd, 000062.050, 155
Trd, 000062.150, 162
Trd, 000062.317, 163
Trd, 000064.600, 159
Trd, 000064.783, 161
Trd, 000066.300, 160
Trd, 000066.750, 160
Trd, 000068.883, 158
Trd, 000068.900, 156
Trd, 000068.983, 149
Trd, 000069.250, 158
Trd, 000070.300, 156
Trd, 000070.917, 150
Trd, 000071.000, 143
Trd, 000071.567, 153
Trd, 000071.800, 155.0
Trd, 000073.383, 155
Trd, 000074.300, 154
Trd, 000075.300, 156
Trd, 000075.467, 158
Trd, 000076.017, 158
Trd, 000076.283, 156
Trd, 000076.550, 158
Trd, 000077.100, 165
Trd, 000077.500, 165.0
Trd, 000078.633, 154
Trd, 000079.050, 154
Trd, 000079.367, 157
Trd, 000079.867, 153
Trd, 000080.400, 150
Trd, 000082.200, 150
Trd, 000083.433, 148
Trd, 000083.517, 149
Trd, 000083.967, 149
Trd, 000083.983, 148
Trd, 000084.200, 154
Trd, 000084.950, 146
Trd, 000085.050, 155.0
Trd, 000086.550, 162.0
Trd, 000086.767, 148
Trd, 000087.100, 147
Trd, 000087.350, 144
Trd, 000088.550, 150
Trd, 000089.983, 146
Trd, 000091.150, 147
Trd, 000091.233, 148
Trd, 000091.600, 145
Trd, 000093.617, 148
Trd, 000093.717, 155.0
Trd, 000094.317, 161
Trd, 000095.400, 149
Trd, 000095.600, 150
Trd, 000097.000, 147
Trd, 000097.417, 152.0
Trd, 000098.717, 150
Trd, 000099.200, 152
Trd, 000100.600, 149
Trd, 000100.733, 150
Trd, 000100.850, 155.0
Trd, 000101.467, 162.0
Trd, 000101.483, 149
Trd, 000102.133, 148
Trd, 000102.750, 159
Trd, 000102.883, 148
Trd, 000103.250, 158
Trd, 000103.767, 155
Trd, 000104.867, 153
Trd, 000105.950, 153
Trd, 000107.183, 151
Trd, 000107.950, 151
Trd, 000108.883, 149
Trd, 000109.150, 148
Trd, 000109.583, 152
Trd, 000110.183, 145
Trd, 000111.317, 162.0
Trd, 000111.450, 168.0
Trd, 000112.183, 165.0
Trd, 000112.783, 165
Trd, 000115.067, 161
Trd, 000115.283, 161
Trd, 000115.383, 163
Trd, 000115.950, 163
Trd, 000116.750, 158
Trd, 000118.050, 145
Trd, 000118.600, 158
Trd, 000118.683, 159
Trd, 000119.000, 157
Trd, 000119.083, 161
Trd, 000121.467, 155.0
Trd, 000122.950, 153
Trd, 000123.767, 149
Trd, 000123.900, 147
Trd, 000124.817, 150
Trd, 000125.300, 148
Trd, 000125.617, 148
Trd, 000125.700, 151
Trd, 000126.117, 145
Trd, 000127.700, 150
Trd, 000129.100, 154.0
Trd, 000129.333, 155.0
Trd, 000129.833, 158
Trd, 000130.000, 149
Trd, 000130.733, 161.0
Trd, 000131.983, 150
Trd, 000132.183, 154
Trd, 000133.300, 152
Trd, 000133.583, 152
Trd, 000133.767, 148
Trd, 000134.667, 152
Trd, 000135.683, 155.0
Trd, 000135.950, 147
Trd, 000136.100, 162.0
Trd, 000136.383, 165
Trd, 000137.633, 165.0
Trd, 000138.117, 159
Trd, 000138.967, 160
Trd, 000139.650, 159
Trd, 000140.150, 160
Trd, 000140.217, 157
Trd, 000141.650, 157.0
Trd, 000142.400, 154
Trd, 000142.867, 155
Trd, 000143.633, 151
Trd, 000144.217, 158
Trd, 000144.467, 161.0
Trd, 000145.683, 155
Trd, 000146.133, 155
Trd, 000146.650, 156
Trd, 000147.467, 155
Trd, 000148.017, 152
Trd, 000148.683, 150
Trd, 000149.800, 155
Trd, 000150.033, 155
Trd, 000151.100, 157
Trd, 000152.133, 155
Trd, 000152.200, 154
Trd, 000152.850, 155
Trd, 000153.150, 165.0
Trd, 000154.383, 149
Trd, 000154.400, 147
Trd, 000155.567, 147
Trd, 000155.750, 146
Trd, 000156.133, 148
Trd, 000156.483, 145
Trd, 000156.600, 148
Trd, 000157.017, 155.0
Trd, 000157.333, 144
Trd, 000157.533, 150
Trd, 000158.783, 158.0
Trd, 000160.467, 150
Trd, 000160.600, 148
Trd, 000160.883, 147
Trd, 000161.067, 149
Trd, 000162.050, 146
Trd, 000162.150, 150
Trd, 000162.483, 159
Trd, 000164.950, 144
Trd, 000165.467, 146
Trd, 000165.967, 146
Trd, 000166.267, 148
Trd, 000167.183, 153.0
Trd, 000168.550, 160
Trd, 000169.200, 154
Trd, 000169.883, 151
Trd, 000171.333, 147
Trd, 000171.983, 147
Trd, 000173.233, 146
Trd, 000174.200, 146
Trd, 000175.200, 148
Trd, 000175.717, 147
Trd, 000176.800, 146
Trd, 000178.500, 155
Trd, 000179.183, 152
Trd, 000179.233, 155
Trd, 000179.300, 152
Trd, 000180.167, 167.0
Trd, 000180.467, 155
Trd, 000180.600, 150
Trd, 000180.750, 143
Trd, 000181.083, 137.0
Trd, 000182.067, 161
Trd, 000184.017, 155
Trd, 000184.317, 156
Trd, 000184.400, 155
Trd, 000184.550, 155
Trd, 000184.783, 157
Trd, 000185.733, 157
Trd, 000186.150, 160
Trd, 000186.267, 155
Trd, 000187.700, 150
Trd, 000188.550, 157.0
Trd, 000189.333, 144
Trd, 000189.967, 147
Trd, 000190.350, 147
Trd, 000190.683, 149
Trd, 000191.100, 154
Trd, 000191.150, 155.0
Trd, 000193.450, 153
Trd, 000194.183, 148
Trd, 000194.817, 153
Trd, 000194.833, 158
Trd, 000195.000, 162.0
Trd, 000195.233, 148
Trd, 000197.117, 155
Trd, 000197.133, 149
Trd, 000197.367, 155
Trd, 000197.650, 148
Trd, 000198.083, 165
Trd, 000198.983, 156
Trd, 000199.033, 158
Trd, 000200.500, 165.0
Trd, 000200.617, 167.0
Trd, 000200.867, 161
Trd, 000201.983, 165
Trd, 000202.150, 164
Trd, 000203.400, 156
Trd, 000204.167, 147
Trd, 000204.567, 143
Trd, 000206.100, 156
Trd, 000206.150, 158
Trd, 000206.300, 154
Trd, 000207.233, 157
Trd, 000207.250, 162.0
Trd, 000208.350, 158
Trd, 000208.767, 165
Trd, 000209.283, 158
Trd, 000210.200, 161.0
Trd, 000211.517, 157
Trd, 000211.567, 155
Trd, 000211.767, 155
Trd, 000212.733, 157
Trd, 000213.183, 157
Trd, 000213.517, 151
Trd, 000213.617, 149
Trd, 000215.950, 154
Trd, 000216.300, 154
Trd, 000216.733, 152
Trd, 000218.050, 150
Trd, 000218.317, 157
Trd, 000218.667, 155
Trd, 000218.750, 158
Trd, 000218.817, 147
Trd, 000219.767, 161.0
Trd, 000221.450, 158
Trd, 000221.917, 154
Trd, 000222.650, 153
Trd, 000223.417, 156
Trd, 000223.483, 152
Trd, 000224.667, 153
Trd, 000224.750, 152
Trd, 000226.033, 153
Trd, 000226.333, 150
Trd, 000226.567, 154
Trd, 000227.450, 153
Trd, 000227.533, 159
Trd, 000228.067, 155
Trd, 000228.200, 153
Trd, 000228.300, 147
Trd, 000228.567, 156
Trd, 000229.567, 139.0
Trd, 000230.233, 154
Trd, 000231.183, 150
Trd, 000231.467, 152
Trd, 000231.667, 153
Trd, 000233.483, 153
Trd, 000233.667, 146
Trd, 000235.267, 153.0
Trd, 000235.567, 155.0
Trd, 000235.817, 150
Trd, 000236.400, 154
Trd, 000236.533, 151
Trd, 000236.617, 154
Trd, 000236.900, 150
Trd, 000238.117, 150
Trd, 000238.283, 150
Trd, 000239.383, 139.0
Trd, 000239.583, 150
Trd, 000240.000, 148
Trd, 000240.250, 147
Trd, 000240.400, 149
Trd, 000240.917, 151.0
Trd, 000241.167, 150
Trd, 000241.433, 151.0
Trd, 000241.467, 155.0
Trd, 000242.017, 157
Trd, 000242.500, 156
Trd, 000242.933, 157
Trd, 000243.083, 158
Trd, 000243.200, 159
Trd, 000243.400, 155.0
Trd, 000244.000, 159.0
Trd, 000244.183, 157
Trd, 000244.433, 161.0
Trd, 000244.550, 157
Trd, 000245.617, 152
Trd, 000246.567, 154
Trd, 000247.017, 150
Trd, 000247.317, 158
Trd, 000247.517, 146
Trd, 000248.167, 150
Trd, 000248.383, 154
Trd, 000248.967, 153
Trd, 000249.167, 156
Trd, 000249.450, 164
Trd, 000250.117, 160
Trd, 000250.267, 158
Trd, 000251.133, 158
Trd, 000251.383, 156.0
Trd, 000251.517, 155.0
Trd, 000251.817, 154
Trd, 000252.167, 152
Trd, 000252.783, 152
Trd, 000252.900, 150
Trd, 000254.183, 151
Trd, 000254.317, 149
Trd, 000254.500, 153
Trd, 000255.467, 153
Trd, 000255.517, 152
Trd, 000255.600, 155.0
Trd, 000255.733, 158
Trd, 000256.467, 155
Trd, 000256.700, 155
Trd, 000256.917, 152
Trd, 000257.233, 150
Trd, 000257.467, 151
Trd, 000258.033, 152
Trd, 000258.100, 156
Trd, 000258.300, 148
Trd, 000259.150, 153
Trd, 000260.217, 162
Trd, 000260.633, 160
Trd, 000261.417, 155
Trd, 000261.683, 153
Trd, 000261.800, 150
Trd, 000262.550, 155
Trd, 000263.767, 155
Trd, 000263.900, 154
Trd, 000264.217, 153
Trd, 000264.683, 152
Trd, 000264.917, 155
Trd, 000265.450, 157
Trd, 000265.650, 154
Trd, 000265.767, 158
Trd, 000266.083, 161.0
Trd, 000266.817, 150
Trd, 000267.233, 151.0
Trd, 000268.117, 150
Trd, 000268.350, 152
Trd, 000268.533, 154.0
Trd, 000268.883, 155.0
Trd, 000269.650, 151.0
Trd, 000270.733, 153.0
Trd, 000270.767, 155.0
Trd, 000270.817, 162.0
Trd, 000271.133, 158
Trd, 000271.667, 165
Trd, 000272.400, 164
Trd, 000272.433, 163
Trd, 000273.050, 162
Trd, 000273.317, 161
Trd, 000273.417, 163
Trd, 000274.033, 155.0
Trd, 000274.700, 159.0
Trd, 000275.617, 154
Trd, 000276.217, 156
Trd, 000276.383, 159
Trd, 000276.950, 155
Trd, 000277.283, 156
Trd, 000277.683, 156
Trd, 000278.683, 153
Trd, 000278.750, 155
Trd, 000279.033, 156
Trd, 000279.100, 156
Trd, 000279.583, 162.0
Trd, 000279.750, 155.0
Trd, 000280.117, 165
Trd, 000280.533, 159
Trd, 000280.750, 159
Trd, 000280.767, 158
Trd, 000281.100, 158
Trd, 000281.150, 157
Trd, 000282.217, 149
Trd, 000282.367, 151.0
Trd, 000283.317, 151
Trd, 000283.517, 157
Trd, 000283.650, 158
Trd, 000284.383, 150
Trd, 000284.650, 147
Trd, 000284.967, 143
Trd, 000285.000, 137.0
Trd, 000285.250, 147
Trd, 000285.550, 150.0
Trd, 000285.600, 151.0
Trd, 000285.650, 144
Trd, 000286.433, 151
Trd, 000286.517, 150
Trd, 000286.533, 139
Trd, 000287.250, 155.0
Trd, 000288.983, 147
Trd, 000289.017, 152
Trd, 000289.533, 147
Trd, 000289.833, 158
Trd, 000290.217, 146
Trd, 000291.050, 146
Trd, 000291.483, 147
Trd, 000291.550, 151.0
Trd, 000291.700, 155.0
Trd, 000292.300, 156
Trd, 000292.383, 157
Trd, 000292.883, 152
Trd, 000293.000, 154
Trd, 000293.583, 155
Trd, 000293.617, 155.0
Trd, 000294.000, 162.0
Trd, 000294.333, 165
Trd, 000294.367, 155.0
Trd, 000294.383, 169
Trd, 000294.950, 171
Trd, 000295.033, 152
Trd, 000295.083, 151
Trd, 000295.733, 170.0
Trd, 000295.967, 165
Trd, 000296.100, 149
Trd, 000297.533, 146
Trd, 000297.683, 169.0
Trd, 000297.700, 146
Trd, 000297.967, 151.0
Trd, 000298.150, 161
Trd, 000299.533, 147
