Trd, 000001.267, 152
Trd, 000001.900, 152
Trd, 000004.067, 161.0
Trd, 000004.317, 160.0
Trd, 000004.333, 159.0
Trd, 000004.883, 160
Trd, 000006.150, 158.0
Trd, 000006.283, 159
Trd, 000006.650, 159
Trd, 000006.717, 160.0
Trd, 000007.867, 159
Trd, 000009.000, 158
Trd, 000009.200, 159
Trd, 000009.600, 158.0
Trd, 000010.417, 161
Trd, 000011.033, 158
Trd, 000011.367, 159
Trd, 000011.800, 160
Trd, 000012.467, 157
Trd, 000013.617, 157
Trd, 000013.800, 157
Trd, 000014.633, 157
Trd, 000016.583, 157
Trd, 000017.033, 157
Trd, 000017.583, 159
Trd, 000017.700, 158
Trd, 000017.983, 156
Trd, 000018.367, 156
Trd, 000019.167, 156
Trd, 000019.283, 157
Trd, 000021.067, 155
Trd, 000021.417, 158
Trd, 000021.900, 158
Trd, 000022.550, 160.0
Trd, 000023.017, 156
Trd, 000023.717, 160.0
Trd, 000024.117, 158
Trd, 000024.483, 159
Trd, 000025.183, 158
Trd, 000025.217, 157
Trd, 000025.400, 156
Trd, 000025.783, 161.0
Trd, 000025.867, 155
Trd, 000027.383, 159.0
Trd, 000027.717, 159
Trd, 000028.633, 158.0
Trd, 000029.450, 158
Trd, 000029.667, 157
Trd, 000029.867, 159
Trd, 000030.233, 157
Trd, 000030.750, 156
Trd, 000030.767, 156
Trd, 000031.400, 155
Trd, 000031.633, 148.0
Trd, 000032.050, 151
Trd, 000033.317, 151
Trd, 000033.583, 161
Trd, 000034.350, 154
Trd, 000035.450, 151
Trd, 000035.700, 153
Trd, 000036.117, 153
Trd, 000036.150, 157
Trd, 000036.167, 151
Trd, 000036.283, 151
Trd, 000037.683, 151
Trd, 000039.133, 155
Trd, 000039.150, 158
Trd, 000040.217, 158
Trd, 000041.567, 159
Trd, 000042.217, 159
Trd, 000042.700, 158
Trd, 000043.233, 158.0
Trd, 000044.100, 158.0
Trd, 000044.117, 157
Trd, 000045.200, 158.0
Trd, 000045.300, 157
Trd, 000046.183, 158
Trd, 000046.967, 157
Trd, 000047.650, 157
Trd, 000047.783, 154
Trd, 000048.733, 156
Trd, 000049.567, 165.0
Trd, 000050.367, 162
Trd, 000050.800, 159
Trd, 000050.817, 159
Trd, 000052.300, 161
Trd, 000052.717, 162
Trd, 000052.750, 161.0
Trd, 000053.017, 159
Trd, 000053.967, 161.0
Trd, 000054.167, 160
Trd, 000054.917, 161
Trd, 000056.050, 160
Trd, 000056.383, 159
Trd, 000056.583, 158
Trd, 000057.100, 159
Trd, 000057.450, 158
Trd, 000057.817, 160.0
Trd, 000058.483, 158.0
Trd, 000059.450, 159
Trd, 000060.483, 159
Trd, 000061.433, 158.0
Trd, 000061.833, 158
Trd, 000061.900, 158
Trd, 000062.917, 157
Trd, 000063.283, 157
Trd, 000063.567, 158.0
Trd, 000064.450, 160.0
Trd, 000065.283, 159
Trd, 000065.333, 160
Trd, 000065.367, 157
Trd, 000066.917, 160
Trd, 000067.500, 158
Trd, 000067.950, 171
Trd, 000069.083, 158
Trd, 000069.783, 158
Trd, 000070.117, 158
Trd, 000070.617, 155
Trd, 000070.700, 159
Trd, 000070.717, 158.0
Trd, 000072.150, 156
Trd, 000072.517, 156
Trd, 000073.333, 156
Trd, 000074.017, 157
Trd, 000074.333, 158
Trd, 000074.767, 162.0
Trd, 000075.467, 159
Trd, 000075.900, 160
Trd, 000076.067, 158
Trd, 000076.650, 158.0
Trd, 000076.833, 158
Trd, 000079.033, 160
Trd, 000079.567, 159
Trd, 000079.683, 160
Trd, 000080.883, 159
Trd, 000081.217, 160
Trd, 000081.333, 157
Trd, 000081.650, 157
Trd, 000083.100, 159
Trd, 000083.833, 158.0
Trd, 000084.133, 159.0
Trd, 000084.800, 158
Trd, 000085.167, 157
Trd, 000085.217, 161.0
Trd, 000086.250, 160
Trd, 000086.433, 161
Trd, 000086.983, 159
Trd, 000087.217, 160
Trd, 000088.533, 161
Trd, 000089.083, 160
Trd, 000089.700, 160
Trd, 000089.950, 161
Trd, 000090.500, 159
Trd, 000091.617, 160
Trd, 000092.283, 161
Trd, 000092.383, 159
Trd, 000093.067, 159
Trd, 000093.517, 160
Trd, 000093.933, 161
Trd, 000095.017, 158.0
Trd, 000095.667, 157
Trd, 000096.350, 158.0
Trd, 000096.850, 159
Trd, 000096.950, 159
Trd, 000098.217, 159
Trd, 000098.350, 162.0
Trd, 000098.700, 158.0
Trd, 000099.967, 158.0
Trd, 000100.433, 159.0
Trd, 000100.733, 157
Trd, 000100.850, 157
Trd, 000101.783, 157
Trd, 000102.700, 158
Trd, 000103.067, 157
Trd, 000103.550, 156
Trd, 000103.883, 156
Trd, 000104.100, 157
Trd, 000104.733, 165.0
Trd, 000105.567, 156
Trd, 000106.533, 155
Trd, 000108.550, 158
Trd, 000108.833, 158
Trd, 000109.300, 158
Trd, 000109.900, 158
Trd, 000110.750, 162.0
Trd, 000111.300, 165
Trd, 000111.583, 165
Trd, 000111.883, 161
Trd, 000111.917, 161
Trd, 000113.233, 162
Trd, 000114.167, 161
Trd, 000114.350, 161
Trd, 000114.933, 160
Trd, 000115.567, 161
Trd, 000115.700, 161
Trd, 000116.083, 165.0
Trd, 000116.250, 165
Trd, 000117.283, 161
Trd, 000117.467, 163
Trd, 000117.567, 162
Trd, 000119.317, 165.0
Trd, 000119.333, 166
Trd, 000119.500, 163
Trd, 000120.650, 162
Trd, 000121.000, 162
Trd, 000121.167, 161
Trd, 000122.133, 161
Trd, 000122.267, 162
Trd, 000122.683, 160
Trd, 000123.167, 158.0
Trd, 000123.617, 158
Trd, 000124.017, 148.0
Trd, 000124.550, 161
Trd, 000125.750, 160
Trd, 000126.400, 159.0
Trd, 000126.983, 161
Trd, 000127.750, 161.0
Trd, 000127.917, 161.0
Trd, 000128.250, 158.0
Trd, 000129.433, 161.0
Trd, 000131.167, 160
Trd, 000132.100, 161
Trd, 000132.133, 160
Trd, 000132.683, 159
Trd, 000133.433, 158
Trd, 000133.767, 158.0
Trd, 000133.817, 158
Trd, 000134.100, 157
Trd, 000134.233, 158
Trd, 000134.483, 157
Trd, 000134.683, 154
Trd, 000136.117, 154
Trd, 000137.533, 153
Trd, 000138.283, 153
Trd, 000138.867, 152
Trd, 000139.383, 160.0
Trd, 000139.750, 160.0
Trd, 000140.417, 158.0
Trd, 000141.300, 161
Trd, 000141.550, 157
Trd, 000142.267, 172
Trd, 000142.600, 158
Trd, 000143.083, 158
Trd, 000143.583, 158
Trd, 000143.617, 157
Trd, 000144.017, 158
Trd, 000145.350, 157
Trd, 000145.533, 157
Trd, 000145.867, 158
Trd, 000145.933, 157
Trd, 000148.600, 157
Trd, 000149.033, 156
Trd, 000149.500, 148.0
Trd, 000149.817, 156
Trd, 000149.950, 157
Trd, 000151.067, 154
Trd, 000151.917, 155
Trd, 000152.883, 155
Trd, 000153.067, 154
Trd, 000153.717, 155
Trd, 000154.200, 155
Trd, 000154.483, 155
Trd, 000155.583, 155
Trd, 000155.900, 155
Trd, 000156.000, 154
Trd, 000156.017, 157
Trd, 000156.300, 158
Trd, 000157.467, 155
Trd, 000158.300, 157
Trd, 000159.217, 157
Trd, 000159.633, 156
Trd, 000159.767, 155
Trd, 000160.617, 156
Trd, 000160.883, 154
Trd, 000161.067, 157
Trd, 000162.200, 153.0
Trd, 000163.767, 154.0
Trd, 000164.400, 152
Trd, 000164.617, 153.0
Trd, 000165.167, 152.0
Trd, 000165.833, 156
Trd, 000165.883, 154
Trd, 000165.917, 165.0
Trd, 000166.250, 153
Trd, 000167.950, 159
Trd, 000168.283, 157
Trd, 000169.800, 158
Trd, 000170.167, 157
Trd, 000170.367, 158.0
Trd, 000171.250, 157
Trd, 000171.400, 156
Trd, 000171.883, 156
Trd, 000172.633, 156
Trd, 000173.183, 161.0
Trd, 000173.733, 160
Trd, 000173.850, 158.0
Trd, 000175.667, 158
Trd, 000175.950, 157
Trd, 000177.183, 158
Trd, 000177.517, 157
Trd, 000177.967, 157
Trd, 000178.167, 158
Trd, 000178.183, 159
Trd, 000180.183, 161
Trd, 000180.483, 159.0
Trd, 000180.783, 158.0
Trd, 000182.233, 158
Trd, 000182.250, 161
Trd, 000183.117, 158
Trd, 000183.200, 157
Trd, 000184.233, 159
Trd, 000184.383, 159
Trd, 000184.817, 160
Trd, 000185.667, 161
Trd, 000185.783, 159
Trd, 000186.550, 158.0
Trd, 000187.300, 158
Trd, 000189.700, 158
Trd, 000189.800, 160
Trd, 000191.050, 159.0
Trd, 000191.467, 159
Trd, 000192.550, 159
Trd, 000193.200, 158.0
Trd, 000193.217, 159
Trd, 000193.383, 158
Trd, 000194.700, 158
Trd, 000195.217, 158.0
Trd, 000195.283, 158
Trd, 000196.083, 158
Trd, 000196.450, 157
Trd, 000197.133, 158
Trd, 000197.567, 157
Trd, 000197.733, 156
Trd, 000198.483, 159
Trd, 000198.550, 161
Trd, 000199.467, 161.0
Trd, 000200.717, 158.0
Trd, 000202.083, 160
Trd, 000202.350, 159
Trd, 000202.433, 160
Trd, 000202.683, 159
Trd, 000204.183, 159
Trd, 000204.283, 160
Trd, 000204.817, 161
Trd, 000205.600, 161
Trd, 000206.083, 162
Trd, 000206.517, 160
Trd, 000207.517, 160
Trd, 000207.733, 159
Trd, 000208.133, 162.0
Trd, 000208.267, 158
Trd, 000208.300, 158
Trd, 000210.283, 159
Trd, 000210.883, 158.0
Trd, 000211.350, 158
Trd, 000211.383, 157
Trd, 000211.633, 158
Trd, 000212.267, 159
Trd, 000212.933, 158
Trd, 000213.517, 161.0
Trd, 000213.800, 157
Trd, 000214.833, 161
Trd, 000215.367, 162.0
Trd, 000215.983, 161
Trd, 000216.617, 160
Trd, 000216.717, 162
Trd, 000217.333, 159
Trd, 000217.917, 161
Trd, 000219.950, 160.0
Trd, 000220.433, 158
Trd, 000220.483, 158
Trd, 000220.817, 159
Trd, 000221.200, 158
Trd, 000222.067, 158.0
Trd, 000222.150, 159
Trd, 000223.267, 159
Trd, 000223.567, 159
Trd, 000224.150, 160
Trd, 000224.517, 163.0
Trd, 000225.000, 158
Trd, 000225.233, 157
Trd, 000226.383, 158
Trd, 000226.533, 158.0
Trd, 000226.700, 157
Trd, 000227.100, 157
Trd, 000227.900, 156
Trd, 000228.200, 155
Trd, 000228.317, 156
Trd, 000228.950, 156
Trd, 000229.700, 157
Trd, 000230.750, 158.0
Trd, 000230.833, 156
Trd, 000232.183, 159
Trd, 000233.317, 156
Trd, 000233.450, 156
Trd, 000233.683, 157
Trd, 000233.800, 160
Trd, 000234.533, 155
Trd, 000236.400, 160
Trd, 000236.633, 159.0
Trd, 000236.750, 158
Trd, 000237.500, 160.0
Trd, 000237.783, 158.0
Trd, 000238.250, 159
Trd, 000238.700, 159
Trd, 000238.917, 160
Trd, 000239.267, 157
Trd, 000239.417, 154
Trd, 000240.550, 155.0
Trd, 000241.000, 156
Trd, 000241.033, 155.0
Trd, 000241.183, 157
Trd, 000241.867, 155
Trd, 000242.350, 157.0
Trd, 000242.550, 157
Trd, 000242.667, 156
Trd, 000242.850, 155.0
Trd, 000243.917, 157
Trd, 000244.650, 156
Trd, 000245.200, 156
Trd, 000245.667, 155
Trd, 000245.917, 157
Trd, 000246.183, 158
Trd, 000246.417, 156
Trd, 000246.600, 155.0
Trd, 000246.683, 155
Trd, 000246.950, 154
Trd, 000247.067, 157
Trd, 000247.450, 155
Trd, 000248.833, 154
Trd, 000249.483, 155.0
Trd, 000249.683, 154
Trd, 000249.950, 156
Trd, 000250.867, 156
Trd, 000251.183, 155
Trd, 000251.200, 153
Trd, 000251.233, 156
Trd, 000251.250, 158
Trd, 000251.450, 164.0
Trd, 000252.517, 162
Trd, 000253.733, 163
Trd, 000253.833, 162
Trd, 000254.450, 161
Trd, 000255.067, 161
Trd, 000255.200, 162
Trd, 000255.417, 161
Trd, 000255.433, 160
Trd, 000255.617, 160.0
Trd, 000256.417, 159
Trd, 000257.600, 158
Trd, 000258.800, 160
Trd, 000259.583, 160
Trd, 000259.667, 160
Trd, 000259.683, 159
Trd, 000259.883, 161
Trd, 000260.350, 159
Trd, 000260.733, 157
Trd, 000261.150, 158.0
Trd, 000261.517, 160
Trd, 000261.550, 158
Trd, 000262.083, 157
Trd, 000262.433, 158
Trd, 000262.533, 162.0
Trd, 000263.833, 155.0
Trd, 000264.033, 155
Trd, 000265.150, 154
Trd, 000265.217, 155
Trd, 000265.583, 155
Trd, 000266.233, 157
Trd, 000266.267, 155
Trd, 000266.600, 153
Trd, 000266.717, 155.0
Trd, 000267.250, 154
Trd, 000267.333, 156
Trd, 000267.550, 153
Trd, 000268.200, 155.0
Trd, 000268.967, 161.0
Trd, 000269.300, 154
Trd, 000269.717, 162.0
Trd, 000270.133, 158
Trd, 000270.417, 158
Trd, 000271.350, 154
Trd, 000271.650, 157
Trd, 000272.350, 155
Trd, 000272.717, 156
Trd, 000273.733, 157
Trd, 000273.750, 156
Trd, 000274.333, 156
Trd, 000274.950, 158.0
Trd, 000275.200, 156
Trd, 000275.583, 158
Trd, 000276.200, 156
Trd, 000276.567, 155
Trd, 000277.367, 154
Trd, 000277.417, 157.0
Trd, 000277.683, 157
Trd, 000278.083, 153
Trd, 000279.700, 155.0
Trd, 000279.767, 155
Trd, 000279.933, 155
Trd, 000280.417, 153
Trd, 000281.000, 155
Trd, 000281.150, 155
Trd, 000281.783, 155
Trd, 000281.983, 156
Trd, 000282.300, 155
Trd, 000282.717, 158
Trd, 000283.133, 162.0
Trd, 000283.317, 159.0
Trd, 000284.267, 159
Trd, 000284.767, 158.0
Trd, 000285.850, 158
Trd, 000286.200, 158.0
Trd, 000286.467, 158
Trd, 000286.617, 158
Trd, 000286.950, 155
Trd, 000287.217, 155.0
Trd, 000287.300, 154
Trd, 000287.900, 155
Trd, 000288.183, 154
Trd, 000288.400, 155
Trd, 000288.517, 153
Trd, 000289.800, 154
Trd, 000289.900, 158
Trd, 000290.467, 155
Trd, 000290.833, 154
Trd, 000290.900, 155.0
Trd, 000290.950, 153
Trd, 000291.983, 156
Trd, 000292.017, 155
Trd, 000292.833, 155
Trd, 000293.933, 156
Trd, 000294.383, 158.0
Trd, 000295.533, 161.0
Trd, 000296.200, 161
Trd, 000296.267, 160
Trd, 000296.750, 163.0
Trd, 000296.800, 161
Trd, 000297.217, 161
Trd, 000297.817, 160
Trd, 000298.050, 160
Trd, 000298.467, 158
Trd, 000298.917, 158
Trd, 000299.050, 155.0
Trd, 000299.083, 151.0
