Trd, 000001.000, 102
Trd, 000003.150, 117
Trd, 000003.883, 123
Trd, 000004.017, 126
Trd, 000004.800, 124.0
Trd, 000004.917, 134
Trd, 000005.067, 129
Trd, 000005.500, 130
Trd, 000006.017, 133
Trd, 000006.117, 137.0
Trd, 000006.617, 139.0
Trd, 000007.417, 141.0
Trd, 000008.033, 154.0
Trd, 000008.217, 147
Trd, 000008.333, 142
Trd, 000008.500, 155.0
Trd, 000009.300, 145
Trd, 000009.333, 138
Trd, 000009.617, 148
Trd, 000009.983, 138
Trd, 000010.467, 148
Trd, 000010.650, 136
Trd, 000011.450, 148.0
Trd, 000012.933, 142
Trd, 000013.433, 141
Trd, 000013.550, 143
Trd, 000013.900, 137
Trd, 000014.533, 142
Trd, 000014.883, 143
Trd, 000015.250, 143
Trd, 000015.383, 143
Trd, 000015.833, 143
Trd, 000016.400, 153
Trd, 000016.950, 151
Trd, 000017.533, 153
Trd, 000017.683, 154.0
Trd, 000018.150, 141
Trd, 000019.017, 139
Trd, 000019.467, 143
Trd, 000020.000, 137
Trd, 000020.067, 144
Trd, 000020.767, 155.0
Trd, 000021.700, 147
Trd, 000022.033, 145
Trd, 000022.333, 143
Trd, 000022.967, 140
Trd, 000024.050, 143
Trd, 000024.150, 144
Trd, 000025.300, 141
Trd, 000025.367, 140
Trd, 000025.483, 141
Trd, 000025.617, 138
Trd, 000026.517, 140
Trd, 000027.983, 139
Trd, 000028.383, 133
Trd, 000028.967, 139
Trd, 000029.283, 139.0
Trd, 000030.083, 135
Trd, 000030.133, 124.0
Trd, 000030.667, 136
Trd, 000030.750, 141.0
Trd, 000031.567, 136.0
Trd, 000031.650, 137.0
Trd, 000032.483, 140
Trd, 000033.067, 153
Trd, 000033.583, 155.0
Trd, 000034.250, 161.0
Trd, 000034.300, 152
Trd, 000035.483, 156
Trd, 000035.567, 154
Trd, 000036.600, 150
Trd, 000036.767, 148.0
Trd, 000036.850, 150
Trd, 000037.617, 162.0
Trd, 000038.550, 153
Trd, 000039.333, 155
Trd, 000039.883, 152
Trd, 000040.250, 155
Trd, 000040.400, 152
Trd, 000040.900, 151
Trd, 000041.133, 154
Trd, 000041.767, 152
Trd, 000042.317, 143
Trd, 000042.633, 148
Trd, 000042.683, 154
Trd, 000043.250, 155.0
Trd, 000044.283, 144
Trd, 000044.350, 148
Trd, 000044.900, 151
Trd, 000045.750, 145
Trd, 000045.817, 148
Trd, 000046.117, 146
Trd, 000046.167, 145
Trd, 000046.333, 148.0
Trd, 000046.467, 139
Trd, 000047.300, 145
Trd, 000047.717, 145
Trd, 000048.017, 139
Trd, 000048.700, 140
Trd, 000049.383, 144
Trd, 000049.633, 145
Trd, 000049.900, 144
Trd, 000049.917, 143
Trd, 000050.017, 144
Trd, 000050.817, 143
Trd, 000051.200, 143
Trd, 000052.050, 143
Trd, 000052.433, 142
Trd, 000052.833, 137.0
Trd, 000053.117, 138.0
Trd, 000054.050, 140
Trd, 000054.450, 141.0
Trd, 000054.667, 139
Trd, 000055.000, 140
Trd, 000056.800, 142
Trd, 000056.833, 142
Trd, 000056.883, 153
Trd, 000057.017, 138
Trd, 000057.500, 137
Trd, 000058.650, 144
Trd, 000058.900, 144
Trd, 000059.317, 144
Trd, 000059.617, 145
Trd, 000059.750, 143
Trd, 000059.817, 141
Trd, 000060.117, 144
Trd, 000060.867, 143
Trd, 000061.500, 148.0
Trd, 000061.583, 154.0
Trd, 000062.467, 150
Trd, 000063.100, 150
Trd, 000063.150, 147
Trd, 000063.983, 140
Trd, 000064.883, 146
Trd, 000065.450, 140
Trd, 000065.700, 146
Trd, 000066.550, 144
Trd, 000068.117, 142
Trd, 000068.150, 144
Trd, 000068.667, 155.0
Trd, 000069.000, 148
Trd, 000069.217, 140
Trd, 000069.283, 162.0
Trd, 000069.650, 125
Trd, 000069.800, 151
Trd, 000070.967, 137.0
Trd, 000071.233, 143
Trd, 000071.333, 151
Trd, 000071.600, 175.0
Trd, 000072.217, 144
Trd, 000072.300, 155
Trd, 000073.850, 147
Trd, 000074.033, 147
Trd, 000074.283, 138
Trd, 000074.567, 146
Trd, 000075.317, 155.0
Trd, 000076.100, 149
Trd, 000077.317, 148.0
Trd, 000077.733, 142
Trd, 000077.983, 142
Trd, 000078.500, 137.0
Trd, 000078.750, 143
Trd, 000078.900, 136
Trd, 000078.917, 136
Trd, 000079.200, 120.0
Trd, 000079.933, 139
Trd, 000080.000, 140
Trd, 000080.700, 144
Trd, 000082.167, 132
Trd, 000082.783, 143
Trd, 000083.667, 144
Trd, 000083.833, 155.0
Trd, 000084.483, 147
Trd, 000084.783, 147
Trd, 000085.117, 137.0
Trd, 000085.533, 144
Trd, 000086.117, 136
Trd, 000086.317, 141
Trd, 000087.033, 141
Trd, 000087.583, 140
Trd, 000088.300, 140
Trd, 000088.700, 139
Trd, 000088.800, 141.0
Trd, 000089.017, 141
Trd, 000089.650, 142
Trd, 000090.083, 141
Trd, 000090.167, 143
Trd, 000090.433, 153
Trd, 000090.733, 149.0
Trd, 000091.717, 148.0
Trd, 000092.233, 142
Trd, 000093.050, 147
Trd, 000094.717, 147
Trd, 000095.317, 146
Trd, 000095.783, 146
Trd, 000095.833, 147
Trd, 000096.483, 146
Trd, 000097.283, 146
Trd, 000097.333, 146
Trd, 000097.767, 161.0
Trd, 000098.433, 149
Trd, 000099.067, 146
Trd, 000099.167, 147
Trd, 000099.317, 146
Trd, 000099.483, 147
Trd, 000099.717, 145
Trd, 000100.800, 145
Trd, 000101.583, 148.0
Trd, 000103.750, 146
Trd, 000104.183, 140
Trd, 000104.783, 143.0
Trd, 000105.367, 143.0
Trd, 000105.817, 143
Trd, 000105.833, 144
Trd, 000106.033, 144
Trd, 000106.200, 146.0
Trd, 000106.833, 147
Trd, 000107.800, 153.0
Trd, 000108.467, 147
Trd, 000108.750, 142
Trd, 000109.500, 147
Trd, 000110.200, 147
Trd, 000110.833, 144
Trd, 000111.333, 152.0
Trd, 000111.417, 155.0
Trd, 000111.433, 142
Trd, 000111.517, 141
Trd, 000111.783, 148
Trd, 000113.033, 134
Trd, 000113.250, 144
Trd, 000114.067, 142
Trd, 000114.500, 140
Trd, 000114.683, 140
Trd, 000115.017, 143
Trd, 000116.317, 143
Trd, 000117.433, 143
Trd, 000117.650, 142
Trd, 000117.900, 143
Trd, 000118.200, 143
Trd, 000118.217, 153
Trd, 000119.467, 142
Trd, 000120.367, 142
Trd, 000120.483, 141
Trd, 000120.800, 143
Trd, 000120.883, 144
Trd, 000121.367, 143
Trd, 000121.567, 142
Trd, 000121.833, 141
Trd, 000122.267, 155.0
Trd, 000122.883, 141
Trd, 000123.500, 148.0
Trd, 000123.933, 149
Trd, 000124.033, 148
Trd, 000124.067, 147
Trd, 000124.500, 149
Trd, 000125.000, 150
Trd, 000125.983, 143
Trd, 000127.650, 147
Trd, 000128.217, 143
Trd, 000128.867, 145
Trd, 000129.133, 143
Trd, 000129.850, 143
Trd, 000130.367, 141
Trd, 000130.900, 142
Trd, 000131.383, 139
Trd, 000132.033, 141
Trd, 000132.083, 139
Trd, 000133.483, 140
Trd, 000133.867, 133
Trd, 000134.083, 132
Trd, 000134.133, 139
Trd, 000134.317, 140
Trd, 000134.950, 140
Trd, 000135.033, 140
Trd, 000136.583, 135
Trd, 000137.067, 132
Trd, 000137.117, 135
Trd, 000137.317, 133
Trd, 000137.467, 133
Trd, 000137.967, 136
Trd, 000138.083, 137.0
Trd, 000138.400, 141.0
Trd, 000139.783, 143
Trd, 000139.850, 137
Trd, 000140.300, 154.0
Trd, 000142.533, 141
Trd, 000142.650, 148
Trd, 000143.683, 144
Trd, 000143.800, 145
Trd, 000144.233, 140
Trd, 000144.350, 140
Trd, 000144.533, 139
Trd, 000145.700, 135
Trd, 000145.750, 143
Trd, 000146.533, 142
Trd, 000147.683, 135
Trd, 000147.783, 140.0
Trd, 000148.850, 139
Trd, 000148.900, 140
Trd, 000149.500, 140
Trd, 000149.717, 164.0
Trd, 000150.150, 148.0
Trd, 000150.233, 135
Trd, 000150.667, 148
Trd, 000151.050, 143
Trd, 000151.350, 156
Trd, 000152.217, 158.0
Trd, 000153.367, 139
Trd, 000153.750, 141
Trd, 000154.917, 143
Trd, 000155.033, 144
Trd, 000155.383, 142
Trd, 000155.517, 140
Trd, 000155.733, 136
Trd, 000155.983, 142
Trd, 000156.117, 144
Trd, 000157.100, 140
Trd, 000157.333, 140
Trd, 000157.817, 141.0
Trd, 000158.000, 141
Trd, 000158.167, 140
Trd, 000158.783, 152
Trd, 000159.917, 150.0
Trd, 000160.200, 148.0
Trd, 000160.250, 147
Trd, 000160.583, 159.0
Trd, 000160.733, 146
Trd, 000161.917, 139
Trd, 000162.883, 138
Trd, 000163.000, 140
Trd, 000163.383, 141
Trd, 000163.750, 137
Trd, 000163.983, 141
Trd, 000164.133, 141.0
Trd, 000164.867, 144
Trd, 000164.900, 143
Trd, 000165.833, 148.0
Trd, 000166.067, 150
Trd, 000167.283, 160.0
Trd, 000167.733, 162.0
Trd, 000167.883, 138
Trd, 000168.883, 148.0
Trd, 000170.333, 158
Trd, 000170.917, 151
Trd, 000171.117, 150
Trd, 000171.167, 151
Trd, 000171.683, 141
Trd, 000172.100, 148
Trd, 000172.117, 138
Trd, 000172.717, 137.0
Trd, 000173.033, 141
Trd, 000173.933, 138
Trd, 000174.167, 139
Trd, 000174.467, 140
Trd, 000175.250, 141
Trd, 000175.683, 141.0
Trd, 000177.117, 155.0
Trd, 000177.300, 148.0
Trd, 000177.500, 156
Trd, 000179.233, 149
Trd, 000179.317, 147
Trd, 000179.583, 148
Trd, 000180.100, 148
Trd, 000180.467, 147
Trd, 000181.083, 145
Trd, 000181.450, 147
Trd, 000181.900, 142
Trd, 000182.417, 147
Trd, 000183.017, 147
Trd, 000183.150, 143
Trd, 000183.467, 142
Trd, 000183.667, 146
Trd, 000184.200, 145
Trd, 000184.633, 143
Trd, 000185.183, 143
Trd, 000185.517, 143
Trd, 000185.800, 140
Trd, 000187.217, 140
Trd, 000187.350, 140
Trd, 000187.717, 141.0
Trd, 000188.033, 140
Trd, 000188.317, 142
Trd, 000188.967, 142
Trd, 000188.983, 141
Trd, 000190.833, 159.0
Trd, 000190.950, 151
Trd, 000191.317, 150
Trd, 000191.950, 148.0
Trd, 000192.433, 140
Trd, 000192.817, 157.0
Trd, 000193.467, 148
Trd, 000193.683, 136
Trd, 000194.850, 147
Trd, 000195.367, 140
Trd, 000195.767, 140
Trd, 000196.433, 139
Trd, 000196.583, 141
Trd, 000196.683, 143
Trd, 000197.067, 139
Trd, 000197.833, 140
Trd, 000198.483, 161.0
Trd, 000199.133, 148
Trd, 000199.267, 140
Trd, 000199.333, 137
Trd, 000199.967, 147
Trd, 000200.550, 143
Trd, 000200.733, 135
Trd, 000201.033, 147
Trd, 000202.083, 161.0
Trd, 000202.333, 162.0
Trd, 000203.067, 155
Trd, 000203.733, 160
Trd, 000203.750, 159
Trd, 000204.317, 158
Trd, 000204.733, 161
Trd, 000206.267, 157
Trd, 000206.533, 158
Trd, 000206.833, 148.0
Trd, 000207.050, 158
Trd, 000207.667, 150
Trd, 000209.767, 150
Trd, 000210.383, 137.0
Trd, 000210.783, 149
Trd, 000210.883, 146
Trd, 000210.950, 148.0
Trd, 000211.017, 155.0
Trd, 000211.533, 162.0
Trd, 000211.900, 148
Trd, 000212.100, 152
Trd, 000212.483, 147
Trd, 000213.500, 149
Trd, 000213.583, 140
Trd, 000214.483, 145
Trd, 000215.100, 144
Trd, 000216.133, 145
Trd, 000216.333, 149
Trd, 000216.350, 144
Trd, 000216.900, 144
Trd, 000218.383, 149
Trd, 000219.383, 137.0
Trd, 000219.417, 134
Trd, 000219.567, 150.0
Trd, 000219.817, 145
Trd, 000220.083, 144
Trd, 000220.800, 153.0
Trd, 000220.867, 144
Trd, 000221.867, 147
Trd, 000222.417, 155.0
Trd, 000222.967, 161.0
Trd, 000223.300, 146
Trd, 000223.567, 146
Trd, 000223.817, 154.0
Trd, 000226.167, 151.0
Trd, 000226.283, 148
Trd, 000226.417, 148.0
Trd, 000226.733, 155.0
Trd, 000227.917, 152
Trd, 000228.383, 152
Trd, 000229.317, 150
Trd, 000229.383, 151
Trd, 000229.633, 153
Trd, 000229.717, 148
Trd, 000230.383, 148
Trd, 000231.133, 156.0
Trd, 000231.250, 150
Trd, 000232.033, 151
Trd, 000232.333, 150
Trd, 000232.617, 154.0
Trd, 000233.117, 140
Trd, 000233.883, 154
Trd, 000234.150, 154
Trd, 000234.650, 154
Trd, 000234.817, 153.0
Trd, 000235.617, 151.0
Trd, 000236.017, 148.0
Trd, 000237.200, 152.0
Trd, 000237.783, 150
Trd, 000237.900, 147
Trd, 000238.483, 151
Trd, 000238.667, 149
Trd, 000238.750, 151
Trd, 000239.167, 151
Trd, 000239.300, 148
Trd, 000240.617, 151
Trd, 000240.700, 152
Trd, 000241.150, 153
Trd, 000241.300, 150
Trd, 000241.400, 151.0
Trd, 000241.650, 153
Trd, 000241.667, 155
Trd, 000243.983, 139
Trd, 000244.267, 148.0
Trd, 000244.383, 155.0
Trd, 000244.750, 162.0
Trd, 000244.833, 143
Trd, 000245.750, 151
Trd, 000245.867, 151
Trd, 000246.150, 152
Trd, 000246.200, 148
Trd, 000246.583, 155
Trd, 000246.817, 156
Trd, 000247.050, 155
Trd, 000247.400, 146
Trd, 000247.817, 151
Trd, 000248.033, 150
Trd, 000248.767, 149
Trd, 000249.600, 149
Trd, 000249.633, 148.0
Trd, 000250.317, 145
Trd, 000251.017, 145
Trd, 000251.117, 140
Trd, 000251.400, 142
Trd, 000251.633, 143
Trd, 000251.700, 144
Trd, 000252.650, 134
Trd, 000252.717, 151.0
Trd, 000252.833, 155.0
Trd, 000253.517, 147
Trd, 000254.933, 145
Trd, 000255.033, 143.0
Trd, 000255.467, 144
Trd, 000255.900, 143
Trd, 000255.917, 144
Trd, 000256.317, 142
Trd, 000257.583, 142
Trd, 000258.333, 142
Trd, 000258.350, 143
Trd, 000258.583, 151.0
Trd, 000258.933, 155.0
Trd, 000258.967, 144
Trd, 000259.650, 145
Trd, 000259.917, 148
Trd, 000260.900, 147
Trd, 000261.117, 148
Trd, 000261.500, 147
Trd, 000262.017, 149
Trd, 000262.117, 145
Trd, 000262.333, 144
Trd, 000262.417, 148
Trd, 000262.633, 162.0
Trd, 000263.133, 157.0
Trd, 000264.683, 160.0
Trd, 000264.900, 162.0
Trd, 000265.117, 161
Trd, 000265.367, 159
Trd, 000265.383, 154
Trd, 000266.183, 153
Trd, 000266.967, 153
Trd, 000267.200, 154
Trd, 000267.267, 154.0
Trd, 000267.583, 152
Trd, 000267.667, 155.0
Trd, 000268.133, 160
Trd, 000269.083, 148.0
Trd, 000269.567, 137
Trd, 000269.583, 155
Trd, 000270.117, 151.0
Trd, 000271.083, 151
Trd, 000271.150, 155.0
Trd, 000271.267, 142
Trd, 000271.600, 165.0
Trd, 000271.900, 158
Trd, 000272.417, 161
Trd, 000273.067, 161
Trd, 000273.983, 158
Trd, 000274.217, 157
Trd, 000274.883, 159
Trd, 000275.350, 159
Trd, 000275.983, 156
Trd, 000276.200, 159
Trd, 000276.317, 159
Trd, 000276.367, 160
Trd, 000276.917, 159
Trd, 000277.017, 155
Trd, 000277.183, 160
Trd, 000278.233, 154
Trd, 000278.250, 149.0
Trd, 000278.283, 160
Trd, 000278.833, 159
Trd, 000279.317, 148.0
Trd, 000279.983, 155
Trd, 000281.067, 151.0
Trd, 000281.333, 152
Trd, 000282.117, 152
Trd, 000282.217, 151
Trd, 000282.250, 147
Trd, 000282.600, 140
Trd, 000283.517, 146
Trd, 000283.600, 148
Trd, 000283.683, 137
Trd, 000284.567, 137
Trd, 000284.800, 147
Trd, 000285.600, 141
Trd, 000285.900, 149
Trd, 000286.500, 148.0
Trd, 000286.567, 149
Trd, 000286.867, 150
Trd, 000287.117, 150.0
Trd, 000287.550, 151.0
Trd, 000288.283, 150
Trd, 000288.950, 147
Trd, 000289.600, 147
Trd, 000289.733, 148
Trd, 000290.583, 145
Trd, 000291.433, 145
Trd, 000291.967, 147
Trd, 000292.550, 146
Trd, 000292.733, 145
Trd, 000293.150, 146
Trd, 000293.300, 147
Trd, 000293.333, 140
Trd, 000293.833, 151.0
Trd, 000294.117, 137.0
Trd, 000294.150, 142
Trd, 000294.233, 155.0
Trd, 000295.283, 140
Trd, 000295.483, 136
Trd, 000296.300, 145
Trd, 000297.333, 162.0
Trd, 000297.600, 162
Trd, 000297.700, 161
Trd, 000297.733, 163.0
Trd, 000297.750, 165.0
Trd, 000299.017, 170.0
Trd, 000299.567, 155
Trd, 000299.750, 172.0
Trd, 000299.867, 155
