Trd, 000000.817, 113.0
Trd, 000002.133, 147
Trd, 000003.117, 136
Trd, 000003.917, 175.0
Trd, 000004.333, 182
Trd, 000004.467, 165.0
Trd, 000004.533, 149
Trd, 000005.383, 172.0
Trd, 000005.700, 174
Trd, 000006.700, 157
Trd, 000007.117, 157
Trd, 000007.983, 157.0
Trd, 000008.933, 158.0
Trd, 000009.817, 157
Trd, 000009.933, 156
Trd, 000010.850, 151.0
Trd, 000011.633, 139
Trd, 000011.650, 157
Trd, 000012.050, 156
Trd, 000012.700, 156.0
Trd, 000013.217, 156
Trd, 000013.250, 155.0
Trd, 000013.800, 157.0
Trd, 000014.483, 158.0
Trd, 000014.733, 162
Trd, 000015.200, 155.0
Trd, 000016.617, 156
Trd, 000017.733, 154
Trd, 000019.417, 157.0
Trd, 000020.083, 155.0
Trd, 000020.950, 157
Trd, 000021.233, 158
Trd, 000021.300, 159
Trd, 000021.900, 157
Trd, 000022.183, 156
Trd, 000022.383, 157.0
Trd, 000022.567, 158.0
Trd, 000023.100, 160.0
Trd, 000023.733, 161
Trd, 000024.333, 161
Trd, 000024.850, 157
Trd, 000025.433, 159
Trd, 000025.767, 158
Trd, 000026.400, 156
Trd, 000026.467, 162.0
Trd, 000027.167, 160
Trd, 000027.933, 157.0
Trd, 000028.433, 158.0
Trd, 000029.767, 159.0
Trd, 000030.817, 159
Trd, 000031.100, 171.0
Trd, 000031.350, 162
Trd, 000031.567, 164
Trd, 000031.917, 171
Trd, 000032.250, 163
Trd, 000032.517, 160
Trd, 000032.633, 164
Trd, 000033.217, 159
Trd, 000033.250, 155.0
Trd, 000034.967, 161
Trd, 000035.567, 160
Trd, 000036.833, 161
Trd, 000037.267, 162
Trd, 000037.450, 159
Trd, 000037.900, 165
Trd, 000038.700, 160
Trd, 000039.717, 159
Trd, 000040.483, 160.0
Trd, 000040.717, 158
Trd, 000040.867, 162.0
Trd, 000041.833, 158.0
Trd, 000043.483, 158
Trd, 000043.633, 155
Trd, 000043.883, 157.0
Trd, 000044.033, 152.0
Trd, 000045.917, 157
Trd, 000046.217, 158.0
Trd, 000046.533, 159
Trd, 000046.550, 162.0
Trd, 000046.567, 152
Trd, 000047.750, 160
Trd, 000048.633, 160
Trd, 000048.800, 158
Trd, 000049.467, 157
Trd, 000049.967, 155.0
Trd, 000051.950, 157
Trd, 000052.183, 154
Trd, 000052.917, 155
Trd, 000054.183, 157.0
Trd, 000054.517, 158.0
Trd, 000054.933, 157
Trd, 000055.417, 161.0
Trd, 000055.767, 161.0
Trd, 000056.517, 161
Trd, 000056.950, 162.0
Trd, 000057.217, 162
Trd, 000057.450, 162
Trd, 000057.667, 172.0
Trd, 000058.250, 175.0
Trd, 000059.200, 170
Trd, 000060.667, 168
Trd, 000062.133, 168
Trd, 000062.550, 171.0
Trd, 000062.817, 167
Trd, 000063.167, 165
Trd, 000063.483, 171.0
Trd, 000064.550, 166.0
Trd, 000065.600, 161
Trd, 000065.650, 162
Trd, 000066.583, 164
Trd, 000067.733, 162
Trd, 000068.267, 162
Trd, 000068.350, 161
Trd, 000068.450, 160
Trd, 000068.767, 163
Trd, 000069.417, 158
Trd, 000069.800, 162
Trd, 000070.450, 162
Trd, 000070.633, 161
Trd, 000071.933, 160
Trd, 000071.983, 160
Trd, 000072.617, 160
Trd, 000073.133, 168.0
Trd, 000073.400, 161
Trd, 000073.517, 159
Trd, 000074.150, 168.0
Trd, 000075.300, 163
Trd, 000075.533, 158
Trd, 000075.883, 165
Trd, 000076.850, 164
Trd, 000077.167, 161
Trd, 000077.267, 155.0
Trd, 000077.517, 168.0
Trd, 000078.017, 172.0
Trd, 000078.217, 154
Trd, 000079.067, 155
Trd, 000080.700, 160
Trd, 000081.450, 156
Trd, 000082.150, 159
Trd, 000082.883, 162.0
Trd, 000083.033, 163
Trd, 000083.283, 163
Trd, 000083.300, 154
Trd, 000084.050, 162
Trd, 000084.567, 153
Trd, 000086.000, 157.0
Trd, 000086.233, 155.0
Trd, 000086.683, 158
Trd, 000087.750, 157
Trd, 000087.800, 158
Trd, 000088.350, 157.0
Trd, 000088.567, 158.0
Trd, 000088.633, 159
Trd, 000088.883, 156.0
Trd, 000089.350, 155
Trd, 000091.167, 155.0
Trd, 000092.050, 159
Trd, 000093.050, 158
Trd, 000093.533, 158
Trd, 000093.667, 158
Trd, 000093.917, 158
Trd, 000094.167, 156
Trd, 000094.617, 155
Trd, 000095.033, 158.0
Trd, 000095.817, 158
Trd, 000095.883, 160.0
Trd, 000097.633, 157
Trd, 000097.750, 156
Trd, 000098.067, 162
Trd, 000098.117, 171.0
Trd, 000099.183, 155.0
Trd, 000099.967, 172.0
Trd, 000100.483, 162
Trd, 000101.117, 157.0
Trd, 000101.133, 158.0
Trd, 000101.850, 161
Trd, 000103.150, 158
Trd, 000103.350, 157
Trd, 000103.450, 158
Trd, 000104.667, 158
Trd, 000105.150, 157.0
Trd, 000105.267, 158.0
Trd, 000105.950, 157
Trd, 000106.067, 156
Trd, 000106.200, 158
Trd, 000107.767, 158
Trd, 000108.783, 155
Trd, 000108.983, 156
Trd, 000109.817, 158.0
Trd, 000110.683, 162.0
Trd, 000110.917, 165
Trd, 000110.950, 156
Trd, 000112.233, 157
Trd, 000112.750, 159
Trd, 000113.417, 156
Trd, 000113.767, 157
Trd, 000114.300, 158.0
Trd, 000114.367, 171
Trd, 000114.683, 156
Trd, 000116.317, 159.0
Trd, 000116.450, 162.0
Trd, 000116.717, 162
Trd, 000116.933, 158.0
Trd, 000117.900, 157
Trd, 000118.183, 162
Trd, 000118.700, 157
Trd, 000119.450, 157
Trd, 000119.950, 159
Trd, 000120.550, 158
Trd, 000120.683, 160
Trd, 000120.817, 161
Trd, 000121.533, 161.0
Trd, 000122.400, 157
Trd, 000122.650, 157
Trd, 000122.800, 160
Trd, 000123.467, 161
Trd, 000123.550, 161
Trd, 000124.567, 160
Trd, 000124.783, 172.0
Trd, 000125.050, 167
Trd, 000125.217, 167
Trd, 000125.583, 159
Trd, 000125.833, 158.0
Trd, 000127.383, 180.0
Trd, 000127.967, 158
Trd, 000128.900, 164
Trd, 000128.967, 159
Trd, 000130.717, 159
Trd, 000131.267, 163
Trd, 000132.233, 159
Trd, 000132.467, 158
Trd, 000132.550, 159
Trd, 000134.167, 157
Trd, 000134.317, 158
Trd, 000134.783, 157
Trd, 000135.450, 155
Trd, 000135.933, 155.0
Trd, 000136.200, 162.0
Trd, 000136.350, 170
Trd, 000136.733, 162
Trd, 000137.717, 162
Trd, 000138.017, 162
Trd, 000138.417, 162
Trd, 000139.667, 163
Trd, 000139.983, 163
Trd, 000140.483, 163
Trd, 000140.967, 162
Trd, 000141.033, 161
Trd, 000141.683, 161
Trd, 000142.100, 160
Trd, 000143.500, 158.0
Trd, 000144.733, 159
Trd, 000145.117, 159
Trd, 000145.617, 158
Trd, 000145.933, 160
Trd, 000146.000, 160
Trd, 000146.800, 157
Trd, 000147.050, 156.0
Trd, 000147.167, 160
Trd, 000147.367, 162.0
Trd, 000147.850, 162
Trd, 000147.933, 157
Trd, 000149.583, 164
Trd, 000150.283, 166.0
Trd, 000150.817, 172.0
Trd, 000151.400, 165.0
Trd, 000152.017, 151.0
Trd, 000153.283, 161
Trd, 000153.900, 160
Trd, 000154.083, 159
Trd, 000154.433, 160
Trd, 000155.067, 159
Trd, 000155.200, 161
Trd, 000155.250, 155.0
Trd, 000155.850, 160
Trd, 000155.967, 151.0
Trd, 000157.650, 160
Trd, 000158.017, 158
Trd, 000158.800, 158.0
Trd, 000158.983, 156
Trd, 000159.650, 158
Trd, 000160.383, 156.0
Trd, 000160.683, 161.0
Trd, 000160.867, 162.0
Trd, 000161.500, 159
Trd, 000161.883, 159
Trd, 000161.917, 162
Trd, 000162.567, 158.0
Trd, 000164.317, 156
Trd, 000164.517, 155.0
Trd, 000165.983, 154
Trd, 000166.217, 155.0
Trd, 000166.500, 153
Trd, 000166.700, 157
Trd, 000166.933, 159
Trd, 000168.500, 158
Trd, 000168.617, 155.0
Trd, 000169.933, 158
Trd, 000171.117, 157.0
Trd, 000172.100, 156
Trd, 000172.167, 157
Trd, 000172.383, 157
Trd, 000172.900, 158.0
Trd, 000174.083, 157
Trd, 000174.917, 155
Trd, 000174.983, 157
Trd, 000176.283, 157
Trd, 000176.867, 157
Trd, 000176.933, 156
Trd, 000179.633, 155.0
Trd, 000179.867, 157.0
Trd, 000180.200, 157
Trd, 000180.483, 156
Trd, 000181.467, 154
Trd, 000182.133, 157
Trd, 000182.183, 158
Trd, 000182.417, 158.0
Trd, 000183.900, 154
Trd, 000184.133, 154
Trd, 000184.900, 153
Trd, 000185.050, 154.0
Trd, 000186.733, 155.0
Trd, 000188.417, 154
Trd, 000188.850, 153
Trd, 000188.967, 153
Trd, 000189.450, 154
Trd, 000189.517, 157
Trd, 000189.900, 158.0
Trd, 000190.233, 158
Trd, 000190.900, 157.0
Trd, 000192.500, 156
Trd, 000192.533, 157
Trd, 000192.667, 158.0
Trd, 000193.050, 155.0
Trd, 000193.817, 159
Trd, 000194.300, 161.0
Trd, 000195.367, 158
Trd, 000195.867, 162.0
Trd, 000196.033, 158
Trd, 000197.050, 158
Trd, 000197.450, 159
Trd, 000198.900, 157
Trd, 000199.417, 156
Trd, 000200.433, 158.0
Trd, 000200.700, 158
Trd, 000201.083, 155
Trd, 000201.183, 157
Trd, 000201.300, 155.0
Trd, 000201.417, 162.0
Trd, 000202.017, 156.0
Trd, 000202.400, 155.0
Trd, 000203.767, 159
Trd, 000204.217, 157
Trd, 000204.583, 158
Trd, 000205.567, 157
Trd, 000205.933, 158
Trd, 000206.700, 158.0
Trd, 000208.433, 168.0
Trd, 000209.233, 157
Trd, 000211.017, 158
Trd, 000211.150, 158
Trd, 000211.317, 157
Trd, 000211.800, 159
Trd, 000211.867, 159
Trd, 000212.467, 157.0
Trd, 000212.833, 159
Trd, 000213.833, 159
Trd, 000214.833, 160
Trd, 000215.667, 160
Trd, 000216.167, 161.0
Trd, 000216.783, 151.0
Trd, 000217.100, 148
Trd, 000218.000, 160
Trd, 000218.917, 159
Trd, 000219.267, 166
Trd, 000219.900, 159
Trd, 000220.633, 162
Trd, 000221.000, 158
Trd, 000222.017, 161
Trd, 000222.500, 162
Trd, 000222.817, 162
Trd, 000224.433, 160
Trd, 000224.567, 159
Trd, 000226.100, 159
Trd, 000226.550, 159
Trd, 000227.083, 158
Trd, 000227.483, 158
Trd, 000228.167, 155.0
Trd, 000228.583, 155
Trd, 000228.617, 155
Trd, 000229.767, 158
Trd, 000230.650, 158.0
Trd, 000231.200, 162.0
Trd, 000231.217, 159
Trd, 000231.350, 172.0
Trd, 000231.950, 155
Trd, 000232.117, 154
Trd, 000232.900, 162
Trd, 000233.167, 155
Trd, 000234.750, 161
Trd, 000235.750, 157
Trd, 000235.833, 161
Trd, 000236.033, 156
Trd, 000236.283, 161
Trd, 000236.400, 155
Trd, 000237.483, 156
Trd, 000237.917, 158.0
Trd, 000238.583, 160
Trd, 000238.717, 160
Trd, 000240.117, 161
Trd, 000240.500, 156
Trd, 000240.817, 156.0
Trd, 000241.217, 155.0
Trd, 000242.117, 154
Trd, 000242.200, 154
Trd, 000242.583, 155.0
Trd, 000242.667, 154
Trd, 000242.817, 153
Trd, 000244.583, 155.0
Trd, 000245.717, 157.0
Trd, 000246.117, 155
Trd, 000246.150, 154
Trd, 000246.867, 156
Trd, 000247.017, 157
Trd, 000247.750, 153
Trd, 000247.800, 157
Trd, 000247.933, 158
Trd, 000249.117, 155
Trd, 000249.600, 155.0
Trd, 000250.233, 155
Trd, 000250.483, 154
Trd, 000250.550, 151
Trd, 000250.933, 154
Trd, 000251.183, 151.0
Trd, 000251.400, 151
Trd, 000252.133, 148.0
Trd, 000252.767, 145
Trd, 000252.983, 145.0
Trd, 000253.333, 148
Trd, 000254.050, 146
Trd, 000254.183, 146.0
Trd, 000254.567, 147
Trd, 000254.917, 147
Trd, 000255.483, 145.0
Trd, 000256.033, 148.0
Trd, 000256.117, 148
Trd, 000256.350, 148
Trd, 000256.383, 145
Trd, 000256.833, 157
Trd, 000257.333, 150
Trd, 000258.533, 149.0
Trd, 000259.633, 156.0
Trd, 000259.900, 157.0
Trd, 000260.017, 158.0
Trd, 000260.517, 155.0
Trd, 000261.133, 161
Trd, 000261.300, 162.0
Trd, 000261.800, 155
Trd, 000262.183, 155
Trd, 000262.400, 156
Trd, 000262.583, 158
Trd, 000263.067, 155
Trd, 000264.050, 155.0
Trd, 000265.033, 156
Trd, 000265.533, 151.0
Trd, 000265.833, 155
Trd, 000265.933, 156
Trd, 000266.317, 149.0
Trd, 000266.400, 148.0
Trd, 000266.633, 151
Trd, 000266.900, 156
Trd, 000267.133, 150
Trd, 000267.317, 152
Trd, 000268.783, 148.0
Trd, 000269.267, 148.0
Trd, 000269.600, 146.0
Trd, 000269.667, 150.0
Trd, 000270.000, 147
Trd, 000270.533, 145
Trd, 000271.767, 148
Trd, 000271.967, 146
Trd, 000272.000, 153
Trd, 000272.433, 152.0
Trd, 000272.700, 145
Trd, 000273.433, 155.0
Trd, 000273.550, 146
Trd, 000273.917, 149
Trd, 000273.933, 152.0
Trd, 000274.417, 145.0
Trd, 000274.467, 146
Trd, 000274.683, 152
Trd, 000275.683, 149
Trd, 000276.217, 152
Trd, 000276.717, 153.0
Trd, 000277.650, 150.0
Trd, 000278.100, 153.0
Trd, 000279.700, 150.0
Trd, 000279.750, 152
Trd, 000279.867, 153
Trd, 000280.567, 149.0
Trd, 000280.617, 150.0
Trd, 000280.917, 151
Trd, 000281.100, 148.0
Trd, 000281.417, 148
Trd, 000281.433, 147
Trd, 000281.733, 153
Trd, 000281.867, 158.0
Trd, 000282.550, 146.0
Trd, 000282.967, 148
Trd, 000284.333, 147
Trd, 000284.550, 145
Trd, 000284.617, 150
Trd, 000285.167, 148.0
Trd, 000285.783, 151
Trd, 000286.300, 148.0
Trd, 000286.367, 147
Trd, 000287.083, 147
Trd, 000287.100, 148
Trd, 000287.450, 144.0
Trd, 000287.683, 149
Trd, 000288.750, 146
Trd, 000289.400, 148.0
Trd, 000289.600, 148
Trd, 000289.917, 157.0
Trd, 000290.733, 155.0
Trd, 000291.050, 158.0
Trd, 000291.100, 162.0
Trd, 000291.800, 163
Trd, 000291.867, 162
Trd, 000292.317, 160
Trd, 000292.650, 172.0
Trd, 000293.117, 151.0
Trd, 000293.183, 159
Trd, 000293.500, 161
Trd, 000293.967, 160
Trd, 000294.033, 159
Trd, 000294.217, 144.0
Trd, 000295.300, 157
Trd, 000295.500, 151
Trd, 000295.533, 140
Trd, 000296.050, 162.0
Trd, 000296.667, 148.0
Trd, 000297.233, 144
Trd, 000297.267, 157
Trd, 000297.933, 157
Trd, 000298.217, 158.0
Trd, 000298.250, 172.0
Trd, 000298.383, 150
Trd, 000298.417, 150
Trd, 000299.800, 155.0
