Trd, 000000.800, 100.0
Trd, 000001.700, 144.0
Trd, 000002.050, 146
Trd, 000002.200, 147
Trd, 000003.600, 153
Trd, 000003.750, 151.0
Trd, 000004.133, 138.0
Trd, 000004.833, 137.0
Trd, 000006.167, 160
Trd, 000006.850, 146
Trd, 000007.117, 143
Trd, 000007.883, 150
Trd, 000008.800, 148
Trd, 000009.083, 151
Trd, 000009.600, 153
Trd, 000010.833, 153
Trd, 000011.183, 151
Trd, 000011.500, 151
Trd, 000012.017, 152.0
Trd, 000013.000, 153
Trd, 000013.233, 153
Trd, 000013.417, 154
Trd, 000014.083, 155.0
Trd, 000014.300, 153.0
Trd, 000014.767, 151.0
Trd, 000015.617, 143
Trd, 000016.217, 141
Trd, 000016.333, 152
Trd, 000017.100, 138.0
Trd, 000017.500, 141
Trd, 000017.700, 144.0
Trd, 000017.950, 151
Trd, 000018.483, 139
Trd, 000018.800, 152
Trd, 000020.433, 149
Trd, 000020.650, 149
Trd, 000021.167, 141
Trd, 000021.367, 141
Trd, 000022.067, 140
Trd, 000023.400, 145
Trd, 000023.933, 144.0
Trd, 000025.317, 143
Trd, 000025.800, 144
Trd, 000026.167, 144
Trd, 000026.483, 144
Trd, 000026.750, 151.0
Trd, 000026.983, 150
Trd, 000028.317, 152
Trd, 000028.783, 150
Trd, 000028.900, 149
Trd, 000029.750, 147
Trd, 000030.033, 147
Trd, 000030.617, 143
Trd, 000030.950, 144.0
Trd, 000031.750, 151
Trd, 000032.000, 155.0
Trd, 000032.017, 154
Trd, 000032.150, 147
Trd, 000034.450, 154
Trd, 000034.467, 155.0
Trd, 000034.817, 152.0
Trd, 000035.383, 154
Trd, 000035.500, 151.0
Trd, 000035.950, 152.0
Trd, 000035.967, 154
Trd, 000036.600, 153
Trd, 000036.917, 152
Trd, 000036.950, 151.0
Trd, 000038.617, 149
Trd, 000038.750, 138.0
Trd, 000039.167, 147
Trd, 000039.350, 152
Trd, 000039.767, 153
Trd, 000040.700, 145
Trd, 000040.917, 143
Trd, 000041.550, 151.0
Trd, 000041.783, 155.0
Trd, 000042.100, 137.0
Trd, 000043.700, 139
Trd, 000044.850, 153
Trd, 000044.883, 152.0
Trd, 000045.483, 151.0
Trd, 000045.817, 147
Trd, 000046.183, 137.0
Trd, 000047.233, 141
Trd, 000047.683, 144.0
Trd, 000048.167, 143
Trd, 000048.533, 142
Trd, 000048.633, 147
Trd, 000048.817, 146
Trd, 000049.667, 143
Trd, 000050.833, 146
Trd, 000050.917, 147
Trd, 000051.817, 147
Trd, 000052.800, 144
Trd, 000053.067, 144.0
Trd, 000053.367, 144
Trd, 000053.433, 147
Trd, 000053.567, 151
Trd, 000053.633, 142
Trd, 000054.767, 144
Trd, 000055.267, 146
Trd, 000055.783, 144
Trd, 000056.733, 146
Trd, 000057.200, 145
Trd, 000058.683, 152
Trd, 000059.033, 145
Trd, 000059.467, 146
Trd, 000060.283, 153.0
Trd, 000060.667, 154.0
Trd, 000060.767, 152
Trd, 000061.100, 151.0
Trd, 000061.583, 158.0
Trd, 000062.867, 144
Trd, 000063.217, 145
Trd, 000063.350, 150
Trd, 000063.583, 151
Trd, 000063.817, 150
Trd, 000064.300, 144
Trd, 000064.633, 144.0
Trd, 000065.050, 151.0
Trd, 000066.750, 151
Trd, 000066.817, 149
Trd, 000066.867, 147
Trd, 000067.200, 144
Trd, 000068.883, 148
Trd, 000069.317, 151
Trd, 000069.617, 145
Trd, 000070.567, 152
Trd, 000071.167, 153
Trd, 000071.383, 152.0
Trd, 000071.600, 155.0
Trd, 000071.750, 151.0
Trd, 000072.550, 156
Trd, 000073.600, 156
Trd, 000073.750, 155
Trd, 000074.033, 154
Trd, 000074.833, 143
Trd, 000074.900, 161
Trd, 000075.583, 155
Trd, 000076.383, 143.0
Trd, 000077.133, 144.0
Trd, 000078.433, 144
Trd, 000078.833, 143
Trd, 000079.033, 151
Trd, 000079.100, 142
Trd, 000079.967, 142
Trd, 000080.367, 141
Trd, 000081.733, 140
Trd, 000081.833, 141
Trd, 000081.950, 141
Trd, 000082.700, 140.0
Trd, 000082.767, 137.0
Trd, 000083.533, 134.0
Trd, 000083.667, 143
Trd, 000084.167, 144.0
Trd, 000084.767, 143
Trd, 000085.133, 144
Trd, 000085.417, 151
Trd, 000085.750, 141
Trd, 000085.867, 150
Trd, 000087.533, 145
Trd, 000087.967, 155.0
Trd, 000088.050, 144
Trd, 000089.450, 143
Trd, 000089.750, 147
Trd, 000089.883, 148
Trd, 000090.567, 151
Trd, 000090.733, 146
Trd, 000091.650, 144.0
Trd, 000091.667, 148
Trd, 000091.700, 148
Trd, 000092.683, 148
Trd, 000094.550, 145
Trd, 000095.450, 146
Trd, 000095.483, 144
Trd, 000095.617, 147
Trd, 000095.833, 145
Trd, 000095.967, 149
Trd, 000096.550, 143
Trd, 000097.767, 144
Trd, 000098.067, 148
Trd, 000100.033, 147
Trd, 000100.283, 148
Trd, 000100.717, 146
Trd, 000100.817, 149
Trd, 000101.250, 148
Trd, 000101.467, 151
Trd, 000101.917, 150
Trd, 000102.033, 151.0
Trd, 000102.200, 150
Trd, 000102.917, 155.0
Trd, 000103.433, 149
Trd, 000104.650, 149
Trd, 000104.683, 150
Trd, 000105.683, 145
Trd, 000106.317, 149
Trd, 000106.467, 144
Trd, 000106.567, 150
Trd, 000108.367, 155.0
Trd, 000108.917, 145
Trd, 000109.117, 144
Trd, 000110.650, 152
Trd, 000110.750, 145
Trd, 000111.933, 148
Trd, 000112.083, 144
Trd, 000112.183, 149
Trd, 000112.633, 138.0
Trd, 000112.667, 137.0
Trd, 000112.883, 140
Trd, 000113.200, 149
Trd, 000113.633, 152
Trd, 000114.800, 155.0
Trd, 000115.850, 148
Trd, 000115.933, 153
Trd, 000116.833, 149
Trd, 000117.600, 147
Trd, 000118.633, 148
Trd, 000119.800, 153
Trd, 000119.833, 151.0
Trd, 000120.117, 149
Trd, 000120.733, 149
Trd, 000121.200, 149
Trd, 000121.650, 149
Trd, 000121.800, 148
Trd, 000121.817, 148
Trd, 000122.150, 137.0
Trd, 000122.350, 152
Trd, 000123.083, 150
Trd, 000123.867, 150
Trd, 000124.383, 145
Trd, 000125.250, 155.0
Trd, 000125.867, 145
Trd, 000126.283, 144
Trd, 000126.533, 143
Trd, 000127.733, 151
Trd, 000128.633, 144.0
Trd, 000129.000, 145
Trd, 000129.650, 144
Trd, 000129.883, 145
Trd, 000130.050, 142
Trd, 000130.317, 146
Trd, 000130.867, 151
Trd, 000130.933, 143
Trd, 000131.300, 154
Trd, 000131.517, 158.0
Trd, 000132.433, 172
Trd, 000133.717, 154
Trd, 000134.183, 143
Trd, 000134.383, 158
Trd, 000134.667, 156
Trd, 000135.133, 155.0
Trd, 000135.433, 153
Trd, 000136.000, 149
Trd, 000136.500, 155
Trd, 000137.617, 153
Trd, 000137.683, 158.0
Trd, 000137.783, 161
Trd, 000139.483, 152
Trd, 000139.600, 152.0
Trd, 000140.200, 151.0
Trd, 000141.367, 153
Trd, 000141.483, 148
Trd, 000142.100, 154
Trd, 000142.117, 150
Trd, 000143.783, 150
Trd, 000144.083, 145
Trd, 000145.467, 151
Trd, 000145.583, 151
Trd, 000145.800, 157.0
Trd, 000145.850, 148
Trd, 000146.433, 155.0
Trd, 000146.933, 149
Trd, 000147.317, 147
Trd, 000147.883, 148
Trd, 000149.217, 153
Trd, 000149.517, 155
Trd, 000149.583, 152
Trd, 000149.900, 151
Trd, 000150.067, 149
Trd, 000150.183, 143
Trd, 000151.200, 151
Trd, 000151.400, 147
Trd, 000151.667, 152
Trd, 000153.800, 151.0
Trd, 000153.867, 152
Trd, 000153.900, 150
Trd, 000154.550, 155.0
Trd, 000155.150, 154
Trd, 000155.283, 148
Trd, 000155.600, 147
Trd, 000156.217, 154
Trd, 000157.800, 148
Trd, 000158.867, 151.0
Trd, 000158.967, 147
Trd, 000159.050, 152
Trd, 000159.200, 145
Trd, 000159.983, 144.0
Trd, 000160.383, 143
Trd, 000160.483, 150
Trd, 000160.583, 137.0
Trd, 000161.400, 150
Trd, 000161.883, 149
Trd, 000161.933, 151.0
Trd, 000161.950, 153
Trd, 000162.317, 158.0
Trd, 000162.650, 143
Trd, 000163.567, 146
Trd, 000163.900, 151
Trd, 000164.067, 137.0
Trd, 000164.733, 138
Trd, 000167.517, 142.0
Trd, 000167.633, 143
Trd, 000167.800, 144
Trd, 000169.867, 144.0
Trd, 000170.033, 141
Trd, 000170.450, 152
Trd, 000170.483, 155.0
Trd, 000170.517, 158.0
Trd, 000171.283, 149
Trd, 000171.850, 143
Trd, 000171.933, 148
Trd, 000172.633, 153
Trd, 000173.000, 148
Trd, 000173.600, 149
Trd, 000174.517, 148
Trd, 000175.333, 147
Trd, 000175.467, 145
Trd, 000175.800, 151
Trd, 000175.983, 143
Trd, 000176.217, 144.0
Trd, 000176.600, 137.0
Trd, 000176.750, 135.0
Trd, 000176.783, 149
Trd, 000178.517, 148
Trd, 000178.617, 137.0
Trd, 000179.100, 149
Trd, 000179.600, 150
Trd, 000179.950, 151
Trd, 000180.517, 147
Trd, 000181.983, 154
Trd, 000182.017, 157.0
Trd, 000182.500, 148
Trd, 000182.567, 157
Trd, 000182.917, 147
Trd, 000183.833, 148
Trd, 000184.317, 150
Trd, 000184.417, 155
Trd, 000184.450, 156
Trd, 000184.567, 158.0
Trd, 000185.617, 154
Trd, 000186.150, 151
Trd, 000186.767, 150
Trd, 000187.600, 153.0
Trd, 000189.067, 149
Trd, 000189.417, 148
Trd, 000190.033, 151
Trd, 000190.400, 151.0
Trd, 000191.100, 148
Trd, 000192.183, 152
Trd, 000192.233, 153
Trd, 000192.517, 152
Trd, 000192.567, 151
Trd, 000193.383, 152
Trd, 000193.850, 151
Trd, 000195.000, 153
Trd, 000195.917, 152
Trd, 000196.150, 151.0
Trd, 000196.917, 153
Trd, 000197.800, 152
Trd, 000199.533, 152
Trd, 000199.733, 151
Trd, 000199.867, 151
Trd, 000199.983, 151
Trd, 000200.767, 151
Trd, 000200.850, 143
Trd, 000200.967, 151
Trd, 000201.383, 142
Trd, 000202.583, 151.0
Trd, 000203.750, 137.0
Trd, 000205.383, 142
Trd, 000205.733, 147
Trd, 000206.317, 148
Trd, 000207.000, 143
Trd, 000207.467, 146
Trd, 000207.483, 146
Trd, 000207.783, 145
Trd, 000208.167, 143
Trd, 000208.467, 144
Trd, 000209.833, 151.0
Trd, 000209.933, 145
Trd, 000211.233, 144.0
Trd, 000211.250, 153
Trd, 000212.117, 147
Trd, 000212.783, 151
Trd, 000212.950, 145
Trd, 000213.933, 150
Trd, 000213.967, 150
Trd, 000214.150, 149
Trd, 000214.767, 149
Trd, 000215.083, 147
Trd, 000215.300, 146
Trd, 000216.417, 148
Trd, 000216.733, 149
Trd, 000216.833, 144
Trd, 000218.200, 152
Trd, 000218.850, 155.0
Trd, 000219.400, 151.0
Trd, 000220.133, 152
Trd, 000220.650, 154
Trd, 000220.683, 158.0
Trd, 000220.833, 154
Trd, 000221.017, 153
Trd, 000221.800, 151
Trd, 000221.850, 153
Trd, 000222.133, 154
Trd, 000222.317, 149
Trd, 000223.617, 144.0
Trd, 000223.683, 153
Trd, 000224.867, 143
Trd, 000225.133, 140
Trd, 000225.983, 151.0
Trd, 000226.267, 137.0
Trd, 000227.250, 153
Trd, 000227.367, 151.0
Trd, 000227.850, 155.0
Trd, 000228.017, 148
Trd, 000228.517, 150
Trd, 000228.783, 152
Trd, 000229.933, 148
Trd, 000230.233, 151
Trd, 000230.267, 148
Trd, 000231.383, 150
Trd, 000232.450, 154
Trd, 000233.017, 154
Trd, 000233.667, 151
Trd, 000234.083, 155.0
Trd, 000234.600, 154
Trd, 000235.667, 151.0
Trd, 000236.717, 152
Trd, 000236.967, 153
Trd, 000237.133, 154
Trd, 000237.400, 155
Trd, 000238.000, 153
Trd, 000238.433, 155.0
Trd, 000238.700, 147
Trd, 000239.417, 143
Trd, 000239.967, 152
Trd, 000240.883, 149
Trd, 000241.033, 149
Trd, 000241.083, 150
Trd, 000241.717, 148
Trd, 000241.900, 149
Trd, 000242.050, 147
Trd, 000242.100, 150
Trd, 000242.267, 151
Trd, 000242.717, 143
Trd, 000242.733, 141.0
Trd, 000243.117, 151
Trd, 000243.617, 144.0
Trd, 000243.750, 155.0
Trd, 000244.800, 151
Trd, 000245.467, 145.0
Trd, 000245.717, 147
Trd, 000245.767, 145.0
Trd, 000247.300, 145
Trd, 000247.317, 148.0
Trd, 000247.433, 145
Trd, 000248.233, 148
Trd, 000248.250, 147
Trd, 000248.517, 145
Trd, 000248.717, 148
Trd, 000249.300, 148
Trd, 000249.950, 145.0
Trd, 000250.167, 144.0
Trd, 000250.533, 143
Trd, 000250.967, 144.0
Trd, 000251.300, 145
Trd, 000251.517, 146
Trd, 000251.550, 147
Trd, 000252.083, 148.0
Trd, 000252.600, 144.0
Trd, 000252.767, 149
Trd, 000252.817, 151
Trd, 000253.133, 155.0
Trd, 000254.483, 148
Trd, 000254.567, 145
Trd, 000254.650, 144
Trd, 000255.233, 151
Trd, 000255.450, 155.0
Trd, 000255.850, 148.0
Trd, 000256.917, 146
Trd, 000257.000, 145
Trd, 000257.017, 145
Trd, 000258.117, 151
Trd, 000258.383, 151.0
Trd, 000258.583, 156
Trd, 000259.633, 152
Trd, 000259.767, 151
Trd, 000259.950, 150
Trd, 000260.033, 149
Trd, 000260.167, 152
Trd, 000260.817, 150.0
Trd, 000262.233, 149.0
Trd, 000262.683, 147
Trd, 000263.467, 153
Trd, 000263.967, 153.0
Trd, 000264.150, 152.0
Trd, 000264.350, 155.0
Trd, 000264.933, 150
Trd, 000265.450, 157
Trd, 000265.950, 149.0
Trd, 000266.000, 149
Trd, 000266.150, 148.0
Trd, 000266.450, 144
Trd, 000267.433, 151.0
Trd, 000268.650, 150
Trd, 000268.717, 151
Trd, 000268.850, 151
Trd, 000269.267, 150.0
Trd, 000269.617, 148.0
Trd, 000269.783, 151
Trd, 000270.117, 146
Trd, 000270.650, 144
Trd, 000271.617, 143
Trd, 000271.650, 148
Trd, 000271.950, 144
Trd, 000272.167, 153
Trd, 000272.450, 151.0
Trd, 000273.817, 142.0
Trd, 000274.017, 142.0
Trd, 000274.583, 145
Trd, 000275.000, 146
Trd, 000275.267, 141
Trd, 000275.333, 147
Trd, 000276.700, 142.0
Trd, 000276.917, 144
Trd, 000277.283, 147
Trd, 000278.550, 148.0
Trd, 000278.900, 144
Trd, 000279.167, 148
Trd, 000279.250, 146
Trd, 000279.367, 145
Trd, 000279.467, 143
Trd, 000279.983, 144
Trd, 000280.117, 142
Trd, 000280.150, 155.0
Trd, 000280.767, 149
Trd, 000281.667, 143
Trd, 000281.883, 144
Trd, 000282.600, 142
Trd, 000283.017, 145
Trd, 000283.933, 145
Trd, 000284.333, 151
Trd, 000284.450, 168.0
Trd, 000285.083, 161
Trd, 000285.417, 160
Trd, 000285.933, 160
Trd, 000286.233, 159
Trd, 000286.500, 158
Trd, 000286.667, 151.0
Trd, 000287.150, 142
Trd, 000287.533, 137.0
Trd, 000287.933, 134.0
Trd, 000289.083, 136
Trd, 000289.283, 141.0
Trd, 000289.483, 143.0
Trd, 000289.633, 144.0
Trd, 000290.200, 143
Trd, 000290.900, 141
Trd, 000291.050, 148.0
Trd, 000291.450, 148
Trd, 000291.550, 151
Trd, 000292.117, 148.0
Trd, 000292.267, 141.0
Trd, 000293.033, 153
Trd, 000293.300, 153
Trd, 000293.650, 152
Trd, 000293.717, 149
Trd, 000293.750, 147
Trd, 000294.133, 146
Trd, 000295.567, 150
Trd, 000295.983, 150
Trd, 000296.033, 151
Trd, 000296.050, 142
Trd, 000296.100, 155.0
Trd, 000296.783, 149
Trd, 000297.450, 148.0
Trd, 000297.533, 142.0
Trd, 000297.600, 152
Trd, 000299.017, 151.0
Trd, 000299.300, 147
Trd, 000299.933, 147
