Trd, 000002.267, 151.0
Trd, 000003.450, 129
Trd, 000004.000, 143
Trd, 000004.183, 152
Trd, 000004.267, 155.0
Trd, 000006.850, 138
Trd, 000007.083, 155
Trd, 000007.233, 165.0
Trd, 000007.250, 138
Trd, 000008.367, 146
Trd, 000009.150, 150
Trd, 000010.033, 142
Trd, 000010.333, 150.0
Trd, 000012.667, 149
Trd, 000013.067, 150
Trd, 000013.567, 151.0
Trd, 000014.300, 153
Trd, 000014.567, 155.0
Trd, 000016.000, 152
Trd, 000016.583, 151
Trd, 000016.767, 157.0
Trd, 000016.817, 158.0
Trd, 000018.300, 152
Trd, 000019.267, 151
Trd, 000019.367, 148.0
Trd, 000019.383, 158
Trd, 000020.200, 131
Trd, 000020.450, 152
Trd, 000020.933, 150
Trd, 000021.717, 152
Trd, 000021.867, 151
Trd, 000022.800, 148
Trd, 000024.017, 155.0
Trd, 000024.600, 152
Trd, 000024.950, 150
Trd, 000025.283, 149
Trd, 000025.583, 156.0
Trd, 000025.833, 157.0
Trd, 000026.833, 158.0
Trd, 000027.767, 155
Trd, 000028.467, 151.0
Trd, 000029.167, 153
Trd, 000029.883, 148
Trd, 000030.083, 153
Trd, 000030.833, 149
Trd, 000031.700, 152
Trd, 000032.767, 150
Trd, 000032.800, 155.0
Trd, 000033.467, 151.0
Trd, 000033.550, 150
Trd, 000034.050, 158.0
Trd, 000034.300, 148
Trd, 000035.033, 141
Trd, 000035.367, 153
Trd, 000037.000, 162.0
Trd, 000037.283, 151
Trd, 000037.550, 164.0
Trd, 000037.817, 158
Trd, 000038.033, 165.0
Trd, 000038.750, 150
Trd, 000039.400, 158
Trd, 000039.600, 127.0
Trd, 000041.750, 156.0
Trd, 000043.450, 152
Trd, 000043.517, 153
Trd, 000044.283, 155.0
Trd, 000045.683, 158.0
Trd, 000045.833, 162.0
Trd, 000045.867, 154
Trd, 000046.367, 151
Trd, 000046.600, 150
Trd, 000047.200, 157
Trd, 000047.400, 156
Trd, 000047.533, 157
Trd, 000048.833, 153
Trd, 000048.983, 156
Trd, 000049.850, 159.0
Trd, 000050.883, 154
Trd, 000052.250, 155
Trd, 000052.433, 156.0
Trd, 000053.333, 154
Trd, 000053.767, 157
Trd, 000054.450, 135
Trd, 000055.833, 141
Trd, 000056.367, 142
Trd, 000057.967, 141
Trd, 000058.550, 143
Trd, 000058.700, 155.0
Trd, 000060.333, 145
Trd, 000060.400, 158
Trd, 000061.167, 147
Trd, 000061.750, 148
Trd, 000062.117, 147
Trd, 000062.517, 149.0
Trd, 000063.250, 133
Trd, 000063.817, 150.0
Trd, 000063.867, 150
Trd, 000064.000, 143
Trd, 000064.500, 151.0
Trd, 000065.083, 141
Trd, 000065.200, 158.0
Trd, 000065.450, 162.0
Trd, 000066.217, 164.0
Trd, 000068.167, 150
Trd, 000068.283, 155
Trd, 000070.417, 157
Trd, 000070.617, 156
Trd, 000071.133, 156
Trd, 000071.383, 157
Trd, 000071.400, 158.0
Trd, 000071.517, 162.0
Trd, 000071.900, 165.0
Trd, 000071.967, 155
Trd, 000072.167, 171
Trd, 000073.617, 156
Trd, 000074.483, 149.0
Trd, 000074.733, 158.0
Trd, 000075.983, 156
Trd, 000076.783, 154
Trd, 000076.967, 155
Trd, 000077.767, 155
Trd, 000077.917, 154
Trd, 000077.933, 153
Trd, 000078.317, 156
Trd, 000080.050, 151.0
Trd, 000081.767, 156.0
Trd, 000081.783, 158.0
Trd, 000082.033, 162.0
Trd, 000083.100, 151.0
Trd, 000084.133, 158.0
Trd, 000085.467, 152
Trd, 000085.533, 151
Trd, 000085.550, 150
Trd, 000085.983, 154
Trd, 000086.000, 149
Trd, 000086.600, 154
Trd, 000087.933, 155.0
Trd, 000088.900, 160.0
Trd, 000089.583, 155
Trd, 000091.167, 157
Trd, 000091.333, 155
Trd, 000091.617, 161.0
Trd, 000092.200, 149.0
Trd, 000092.250, 150
Trd, 000092.567, 162.0
Trd, 000092.633, 165.0
Trd, 000093.200, 157.0
Trd, 000094.083, 158.0
Trd, 000095.450, 155
Trd, 000095.683, 162.0
Trd, 000095.833, 155
Trd, 000096.233, 165.0
Trd, 000096.433, 168.0
Trd, 000098.750, 158.0
Trd, 000099.017, 161
Trd, 000100.200, 157
Trd, 000101.850, 158
Trd, 000101.867, 158
Trd, 000102.317, 158.0
Trd, 000102.433, 157
Trd, 000103.500, 157
Trd, 000103.767, 156
Trd, 000104.567, 155
Trd, 000105.200, 155
Trd, 000105.617, 158
Trd, 000105.750, 154
Trd, 000106.417, 159
Trd, 000107.000, 137
Trd, 000107.167, 159
Trd, 000107.633, 160
Trd, 000109.383, 158.0
Trd, 000109.633, 151
Trd, 000109.967, 157
Trd, 000110.933, 152
Trd, 000111.050, 155
Trd, 000111.083, 149
Trd, 000113.650, 148.0
Trd, 000113.867, 151.0
Trd, 000115.400, 150
Trd, 000116.117, 150
Trd, 000116.283, 150
Trd, 000117.017, 152
Trd, 000117.400, 155.0
Trd, 000117.767, 149
Trd, 000118.100, 158.0
Trd, 000118.183, 151.0
Trd, 000118.367, 162.0
Trd, 000118.783, 152
Trd, 000118.917, 152
Trd, 000119.917, 151
Trd, 000121.033, 150
Trd, 000121.817, 151
Trd, 000122.300, 148
Trd, 000122.467, 158.0
Trd, 000124.417, 152
Trd, 000124.650, 149
Trd, 000124.683, 157
Trd, 000125.117, 168.0
Trd, 000125.450, 149
Trd, 000126.733, 150.0
Trd, 000126.950, 151.0
Trd, 000127.483, 151
Trd, 000127.567, 149.0
Trd, 000127.650, 152
Trd, 000128.667, 149.0
Trd, 000128.883, 148
Trd, 000131.183, 151
Trd, 000131.967, 148.0
Trd, 000132.467, 148
Trd, 000132.933, 151.0
Trd, 000133.000, 147
Trd, 000133.467, 152
Trd, 000133.633, 147
Trd, 000133.867, 151.0
Trd, 000135.133, 157.0
Trd, 000135.700, 156
Trd, 000135.800, 158.0
Trd, 000136.067, 142
Trd, 000136.733, 165.0
Trd, 000136.933, 168.0
Trd, 000137.150, 158.0
Trd, 000138.167, 145
Trd, 000140.150, 149
Trd, 000140.517, 151.0
Trd, 000141.300, 151
Trd, 000142.350, 151
Trd, 000143.817, 149
Trd, 000144.017, 151.0
Trd, 000144.083, 148
Trd, 000144.200, 155.0
Trd, 000145.117, 148.0
Trd, 000145.750, 151.0
Trd, 000146.967, 150
Trd, 000148.083, 152
Trd, 000148.817, 152
Trd, 000149.300, 151
Trd, 000149.467, 152
Trd, 000149.500, 158.0
Trd, 000150.033, 151
Trd, 000150.883, 151.0
Trd, 000151.167, 156
Trd, 000152.717, 160.0
Trd, 000153.850, 154
Trd, 000154.083, 153
Trd, 000154.550, 155
Trd, 000155.117, 160.0
Trd, 000155.500, 156
Trd, 000157.200, 151.0
Trd, 000157.233, 158.0
Trd, 000157.650, 162.0
Trd, 000159.433, 151.0
Trd, 000159.750, 151
Trd, 000160.267, 151
Trd, 000160.467, 153
Trd, 000161.050, 151
Trd, 000161.550, 153
Trd, 000162.083, 153
Trd, 000162.300, 155.0
Trd, 000163.900, 155
Trd, 000164.767, 152
Trd, 000164.917, 154
Trd, 000165.333, 151.0
Trd, 000166.000, 149
Trd, 000166.050, 158.0
Trd, 000167.533, 162.0
Trd, 000168.250, 167.0
Trd, 000169.467, 158
Trd, 000169.617, 159
Trd, 000170.283, 156
Trd, 000170.700, 165.0
Trd, 000171.717, 156
Trd, 000172.650, 155
Trd, 000172.950, 156
Trd, 000173.583, 157
Trd, 000174.983, 154
Trd, 000175.017, 142
Trd, 000175.117, 151
Trd, 000177.067, 152
Trd, 000177.817, 158.0
Trd, 000178.783, 160.0
Trd, 000180.083, 161.0
Trd, 000181.433, 154
Trd, 000181.483, 153
Trd, 000181.850, 151
Trd, 000183.283, 155
Trd, 000183.450, 155.0
Trd, 000184.133, 153
Trd, 000185.133, 155
Trd, 000185.583, 152
Trd, 000186.017, 158.0
Trd, 000187.633, 152
Trd, 000188.817, 144
Trd, 000188.900, 144
Trd, 000189.950, 148
Trd, 000191.033, 151.0
Trd, 000191.267, 155.0
Trd, 000192.167, 150
Trd, 000192.667, 152
Trd, 000192.733, 150
Trd, 000192.950, 165.0
Trd, 000193.383, 148.0
Trd, 000193.833, 157.0
Trd, 000194.217, 147
Trd, 000195.933, 158.0
Trd, 000196.333, 151.0
Trd, 000196.583, 154
Trd, 000196.850, 153
Trd, 000197.483, 153
Trd, 000197.783, 154
Trd, 000198.017, 158.0
Trd, 000198.333, 152
Trd, 000198.433, 150
Trd, 000199.050, 151.0
Trd, 000199.567, 155
Trd, 000199.967, 154
Trd, 000200.433, 168
Trd, 000201.183, 156
Trd, 000201.467, 156
Trd, 000201.767, 154
Trd, 000203.350, 158.0
Trd, 000204.150, 157
Trd, 000205.083, 157
Trd, 000205.950, 158.0
Trd, 000206.400, 162.0
Trd, 000206.600, 165.0
Trd, 000206.683, 160
Trd, 000207.200, 158
Trd, 000207.400, 156
Trd, 000207.750, 148
Trd, 000208.883, 151
Trd, 000210.017, 151.0
Trd, 000210.400, 153
Trd, 000211.033, 153
Trd, 000211.283, 152
Trd, 000211.300, 153
Trd, 000212.167, 151.0
Trd, 000212.583, 158.0
Trd, 000213.033, 162.0
Trd, 000213.533, 152
Trd, 000215.867, 156
Trd, 000216.067, 155
Trd, 000216.250, 157
Trd, 000216.617, 158.0
Trd, 000217.250, 155
Trd, 000217.783, 156.0
Trd, 000218.033, 149.0
Trd, 000218.400, 157.0
Trd, 000219.050, 156
Trd, 000219.500, 158.0
Trd, 000220.017, 153
Trd, 000221.883, 153
Trd, 000222.967, 151.0
Trd, 000224.000, 140
Trd, 000225.033, 149
Trd, 000225.300, 148
Trd, 000226.033, 149
Trd, 000226.200, 155.0
Trd, 000226.400, 158.0
Trd, 000227.050, 155
Trd, 000227.067, 149
Trd, 000229.133, 150.0
Trd, 000229.900, 149
Trd, 000231.017, 149
Trd, 000231.367, 151.0
Trd, 000231.633, 156
Trd, 000231.933, 149
Trd, 000232.033, 152
Trd, 000232.250, 149.0
Trd, 000232.283, 152
Trd, 000234.633, 151.0
Trd, 000234.717, 150
Trd, 000235.317, 158.0
Trd, 000236.817, 151
Trd, 000236.833, 152
Trd, 000237.083, 151
Trd, 000237.217, 152
Trd, 000238.200, 162.0
Trd, 000238.600, 165.0
Trd, 000240.667, 147.0
Trd, 000241.150, 143.0
Trd, 000241.317, 141
Trd, 000241.583, 148.0
Trd, 000241.933, 146
Trd, 000242.283, 146.0
Trd, 000242.633, 145
Trd, 000242.883, 146
Trd, 000243.600, 146
Trd, 000243.650, 147
Trd, 000244.017, 151.0
Trd, 000246.117, 148
Trd, 000246.450, 152
Trd, 000247.050, 151
Trd, 000247.100, 153.0
Trd, 000247.450, 152.0
Trd, 000247.783, 153
Trd, 000247.800, 158.0
Trd, 000248.700, 165.0
Trd, 000249.150, 164
Trd, 000249.967, 161.0
Trd, 000250.267, 158.0
Trd, 000250.483, 159.0
Trd, 000250.700, 157
Trd, 000251.117, 156
Trd, 000251.667, 149.0
Trd, 000251.833, 148.0
Trd, 000252.000, 149.0
Trd, 000252.533, 152
Trd, 000252.883, 151
Trd, 000253.917, 151.0
Trd, 000254.633, 151
Trd, 000255.733, 152.0
Trd, 000256.017, 151.0
Trd, 000256.200, 150
Trd, 000256.333, 152
Trd, 000256.367, 155.0
Trd, 000256.500, 152
Trd, 000256.533, 149
Trd, 000256.800, 145.0
Trd, 000257.417, 154.0
Trd, 000258.000, 148.0
Trd, 000258.450, 148.0
Trd, 000258.583, 151
Trd, 000260.450, 137.0
Trd, 000260.783, 144
Trd, 000261.117, 145.0
Trd, 000261.383, 155.0
Trd, 000261.833, 148
Trd, 000262.417, 147.0
Trd, 000262.717, 147.0
Trd, 000263.050, 147
Trd, 000263.283, 146
Trd, 000263.467, 147
Trd, 000263.500, 151.0
Trd, 000263.567, 145
Trd, 000263.767, 147
Trd, 000263.817, 158.0
Trd, 000264.700, 161.0
Trd, 000265.000, 154
Trd, 000265.983, 161.0
Trd, 000266.300, 162.0
Trd, 000266.600, 165.0
Trd, 000266.800, 155
Trd, 000267.583, 158.0
Trd, 000267.700, 162.0
Trd, 000268.667, 141.0
Trd, 000269.733, 155.0
Trd, 000270.300, 153
Trd, 000270.417, 148.0
Trd, 000270.600, 149
Trd, 000270.733, 151
Trd, 000271.233, 151
Trd, 000271.533, 149
Trd, 000271.700, 154
Trd, 000271.717, 158.0
Trd, 000271.817, 139.0
Trd, 000273.700, 162.0
Trd, 000273.967, 166.0
Trd, 000274.467, 162.0
Trd, 000275.017, 161
Trd, 000275.200, 157.0
Trd, 000275.400, 158
Trd, 000275.633, 157
Trd, 000275.750, 165.0
Trd, 000276.400, 157
Trd, 000276.550, 155
Trd, 000277.000, 151.0
Trd, 000277.617, 149
Trd, 000277.817, 156
Trd, 000278.300, 140
Trd, 000278.567, 158
Trd, 000279.150, 150
Trd, 000279.183, 148.0
Trd, 000279.467, 158.0
Trd, 000280.200, 151
Trd, 000280.217, 154.0
Trd, 000280.317, 162.0
Trd, 000280.767, 151.0
Trd, 000282.000, 166.0
Trd, 000282.100, 165.0
Trd, 000282.217, 162.0
Trd, 000282.483, 157
Trd, 000283.200, 148.0
Trd, 000284.233, 149
Trd, 000284.300, 147.0
Trd, 000284.533, 155.0
Trd, 000285.483, 155
Trd, 000286.183, 155
Trd, 000286.417, 162.0
Trd, 000286.533, 153.0
Trd, 000286.750, 158.0
Trd, 000288.000, 154
Trd, 000288.200, 153.0
Trd, 000288.383, 154
Trd, 000288.850, 153
Trd, 000288.950, 151.0
Trd, 000289.633, 155.0
Trd, 000289.750, 148.0
Trd, 000289.850, 157
Trd, 000290.417, 147
Trd, 000290.517, 148.0
Trd, 000290.800, 158.0
Trd, 000291.483, 147
Trd, 000291.750, 165.0
Trd, 000291.800, 170
Trd, 000292.650, 168.0
Trd, 000292.883, 164
Trd, 000293.250, 162
Trd, 000293.517, 158.0
Trd, 000293.633, 165.0
Trd, 000293.900, 167.0
Trd, 000294.183, 168.0
Trd, 000294.400, 161
Trd, 000295.733, 164.0
Trd, 000296.350, 171.0
Trd, 000296.600, 162.0
Trd, 000296.967, 159
Trd, 000297.267, 158
Trd, 000297.583, 157
Trd, 000297.783, 151.0
Trd, 000298.100, 163
Trd, 000298.250, 163
Trd, 000298.583, 167.0
Trd, 000298.700, 168.0
Trd, 000298.900, 152
Trd, 000299.217, 168.0
Trd, 000299.533, 165
